<mjloggm ver="2.3"><GO type="97" lobby="0"/><UN n0="%E6%B9%98%E5%8C%97%E2%91%AD%E4%B8%89%E4%BA%95%E5%AF%BF" n1="%E4%B8%B9%E7%BE%BD" n2="%6A%69%6E%6B%61%69" n3="%E5%B0%B1%E6%B4%BB%E7%94%9F%40%E5%B7%9D%E6%9D%91%E8%BB%8D%E5%9B%A3" dan="14,14,15,15" rate="1946.12,1932.12,1958.07,2011.52" sx="M,M,M,M"/><TAIKYOKU oya="0"/><INIT seed="0,0,0,0,0,45" ten="250,250,250,250" oya="0" hai0="131,130,116,67,42,129,85,112,114,56,126,4,57" hai1="104,63,46,76,93,38,53,132,92,135,94,54,121" hai2="102,24,7,95,31,33,30,11,44,82,37,10,58" hai3="105,70,60,59,39,134,80,41,26,79,96,75,101"/><T90/><D116/><U128/><E104/><V84/><F31/><W40/><G134/><N who="1" m="51242" /><E121/><V110/><F110/><W66/><G39/><T122/><D122/><U36/><E76/><V6/><F58/><N who="0" m="22634" /><D67/><U0/><E0/><V107/><F107/><W86/><G70/><T14/><D126/><U43/><E128/><N who="0" m="32769" /><T18/><DORA hai="117" /><D4/><U113/><E113/><V78/><F7/><W9/><G75/><T3/><D3/><U98/><E63/><V62/><F62/><W106/><G106/><T83/><D42/><U51/><E98/><V32/><F32/><W27/><G41/><T2/><D2/><U123/><E123/><V13/><F11/><AGARI ba="0,0" hai="11,14,18,83,85,90,112,114" m="32769,22634" machi="11" ten="40,2000,0" yaku="19,1" doraHai="45,117" who="0" fromWho="2" sc="250,20,250,0,250,-20,250,0" /><INIT seed="0,1,0,2,1,91" ten="270,250,230,250" oya="0" hai0="109,33,101,76,59,95,75,126,29,68,57,122,18" hai1="9,120,2,35,119,3,46,102,134,99,132,85,72" hai2="36,92,10,131,73,81,48,23,55,6,104,58,84" hai3="66,108,25,74,44,128,12,89,27,49,4,17,13"/><T135/><D68/><U51/><E72/><V115/><F36/><W70/><G74/><T111/><D122/><U117/><E35/><V83/><F115/><W127/><G127/><T20/><D126/><U22/><E85/><V34/><F34/><W103/><G128/><T14/><D135/><N who="1" m="51755" /><E22/><V0/><F131/><W71/><G103/><T96/><D75/><U21/><E21/><V41/><F41/><W50/><G108/><N who="0" m="41547" /><D76/><U16/><E120/><V100/><F73/><W1/><G1/><N who="1" m="10" /><E16/><V129/><F129/><W124/><G4/><T87/><D87/><U90/><E90/><V45/><F104/><W97/><G17/><T38/><D38/><U26/><E26/><AGARI ba="1,0" hai="14,18,20,26,29,33,57,59,95,96,101" m="41547" machi="26" ten="30,5800,0" yaku="14,1,10,1,52,1" doraHai="91" who="0" fromWho="1" sc="270,61,250,-61,230,0,250,0" /><INIT seed="0,2,0,1,1,84" ten="331,189,230,250" oya="0" hai0="123,5,93,24,110,121,135,70,74,59,46,83,81" hai1="6,126,78,119,129,37,68,18,65,58,120,45,36" hai2="49,103,89,28,122,116,31,96,32,130,9,86,108" hai3="85,50,8,62,29,34,109,88,14,13,60,106,12"/><T90/><D70/><U40/><E78/><V134/><F108/><W54/><G109/><T133/><D5/><U82/><E82/><N who="0" m="31241" /><D110/><U100/><E100/><V75/><F75/><W94/><G106/><T23/><D74/><U33/><E18/><V132/><F116/><W80/><G34/><T30/><D46/><U72/><E72/><V53/><F122/><W1/><G29/><T7/><D7/><U67/><E33/><V98/><F130/><W11/><G80/><T102/><D102/><U115/><E6/><V76/><F76/><W39/><G39/><T52/><D121/><U57/><E120/><V61/><F32/><W128/><G128/><T69/><D69/><U64/><E129/><V19/><F103/><W0/><G0/><T117/><D123/><U25/><E25/><V77/><F77/><W105/><G105/><T104/><D104/><U20/><E20/><V87/><F9/><N who="3" m="3659" /><G1/><T22/><D22/><U4/><E4/><V91/><F19/><W112/><G112/><T56/><D117/><U97/><E68/><V101/><F101/><W79/><G79/><T111/><D111/><U99/><E119/><V38/><F38/><W71/><G71/><T2/><D2/><U15/><E115/><V66/><F28/><W35/><G35/><T113/><D113/><U41/><E15/><V107/><F31/><W92/><G92/><T127/><D59/><AGARI ba="2,0" hai="12,13,14,50,54,59,60,62,85,88,94" m="3659" machi="59" ten="30,3900,0" yaku="8,1,52,1,54,1" doraHai="84" who="3" fromWho="0" sc="331,-45,189,0,230,0,250,45" /><INIT seed="1,0,0,3,2,49" ten="286,189,230,295" oya="1" hai0="128,121,66,112,134,130,34,31,50,13,87,16,124" hai1="109,53,106,125,23,84,132,47,98,1,74,71,30" hai2="48,14,61,59,60,96,37,2,33,24,44,51,32" hai3="80,100,82,86,117,12,116,129,91,63,55,27,73"/><U7/><E74/><V58/><F2/><W3/><G3/><T17/><D112/><U35/><E35/><V10/><F37/><W22/><G129/><N who="0" m="49771" /><D121/><U94/><E71/><V85/><F96/><W108/><G108/><T113/><D113/><U4/><E109/><V97/><F97/><W70/><G12/><T72/><D72/><U65/><E65/><V103/><F103/><W122/><G100/><T111/><D111/><U77/><E125/><V110/><F110/><W78/><G122/><T36/><D36/><U25/><E132/><V54/><F85/><W123/><G123/><T76/><D66/><U75/><E75/><V8/><F24/><W101/><G101/><T45/><D124/><U67/><E67/><V105/><F105/><W93/><G80/><N who="0" m="47495" /><D134/><U64/><E64/><V57/><F10/><W38/><G38/><T42/><D13/><U119/><E119/><N who="3" m="45642" /><G70/><T88/><D88/><N who="1" m="55623" /><E106/><V18/><REACH who="2" step="1"/><F51/><REACH who="2" ten="286,189,220,295" step="2"/><W11/><G73/><T89/><D89/><U41/><E1/><V135/><F135/><W95/><G91/><T120/><D120/><U68/><E68/><V115/><F115/><W114/><G114/><T28/><D34/><AGARI ba="0,1" hai="8,14,18,32,33,34,44,48,54,57,58,59,60,61" machi="34" ten="40,5200,0" yaku="1,1,52,1,53,1" doraHai="49" doraHaiUra="5" who="2" fromWho="0" sc="286,-52,189,0,220,62,295,0" /><INIT seed="2,0,0,1,3,6" ten="234,189,282,295" oya="2" hai0="7,71,108,100,111,96,99,29,38,31,77,9,131" hai1="84,76,109,78,70,32,15,57,46,56,81,128,8" hai2="17,61,30,105,133,23,68,69,48,126,40,19,24" hai3="43,27,45,3,59,13,124,93,118,94,64,11,2"/><V72/><F72/><W16/><G118/><T52/><D71/><U134/><E70/><V49/><F105/><W95/><G124/><T47/><D131/><U103/><E109/><N who="0" m="42057" /><D38/><U106/><E128/><V42/><F126/><W82/><G82/><T92/><D77/><U89/><E134/><V26/><F133/><W58/><G27/><T1/><D99/><U66/><E32/><V75/><F75/><W87/><G87/><T25/><D25/><U63/><E103/><V112/><F112/><W10/><G64/><T73/><D73/><U125/><E125/><V41/><F61/><W5/><REACH who="3" step="1"/><G2/><REACH who="3" ten="234,189,282,285" step="2"/><T117/><D117/><U83/><E83/><V18/><F30/><W85/><G85/><T50/><AGARI ba="0,1" hai="1,7,9,29,31,47,50,52,92,96,100" m="42057" machi="50" ten="30,4000,0" yaku="14,1,52,1,54,1" doraHai="6" who="0" fromWho="0" sc="234,50,189,-10,282,-20,285,-10" /><INIT seed="3,0,0,5,3,69" ten="284,179,262,275" oya="3" hai0="100,1,62,25,3,115,15,26,128,47,122,84,33" hai1="117,31,73,38,131,64,39,120,23,105,59,61,126" hai2="32,89,80,30,57,55,63,110,74,90,12,79,46" hai3="133,119,8,35,93,95,87,86,42,78,97,76,85"/><W71/><G71/><T88/><D122/><U36/><E120/><V29/><F110/><W112/><G35/><T41/><D128/><U130/><E105/><V66/><F12/><W75/><G119/><T99/><D115/><U102/><E102/><V134/><F134/><W43/><G112/><T68/><D15/><U22/><E117/><V14/><F14/><W48/><G133/><T72/><D72/><U58/><E73/><V51/><REACH who="2" step="1"/><F29/><REACH who="2" ten="284,179,252,275" step="2"/><W98/><G75/><T103/><D3/><U81/><E126/><V65/><F65/><W27/><G8/><T135/><D1/><U70/><E81/><V49/><F49/><W125/><G48/><T67/><D135/><U11/><E11/><V82/><F82/><W132/><G132/><T96/><D67/><U5/><E5/><V19/><F19/><W44/><G125/><T0/><D0/><U4/><E4/><V40/><F40/><W104/><G43/><T56/><D41/><U129/><E23/><V52/><F52/><W17/><G42/><T28/><D28/><U109/><E109/><V7/><F7/><W9/><G9/><T21/><D21/><U114/><E114/><V106/><F106/><W124/><G104/><T16/><D16/><U91/><E91/><V2/><F2/><W92/><G124/><T107/><D107/><U37/><N who="1" m="9728" /><DORA hai="94" /><U18/><E31/><V50/><F50/><W101/><G44/><T6/><D47/><U24/><AGARI ba="0,1" hai="18,22,24,58,59,61,64,70,129,130,131" m="9728" machi="24" ten="70,12000,2" yaku="0,1,19,1,52,4" doraHai="69,94" who="1" fromWho="1" sc="284,-30,179,130,252,-30,275,-60" owari="254,5.0,309,41.0,222,-18.0,215,-28.0" /></mjloggm>