<mjloggm ver="2.3"><GO type="169" lobby="0"/><UN n0="%E5%96%A7%E5%98%A9%E5%B8%AB%E2%98%86%E8%8A%B1%E5%B1%B1" n1="%E5%B0%B1%E6%B4%BB%E7%94%9F%40%E5%B7%9D%E6%9D%91%E8%BB%8D%E5%9B%A3" n2="%E3%83%92%E3%81%A8%E3%82%B7" n3="%E3%82%84%E3%81%B6%E3%81%84%E3%81%97" dan="16,17,16,17" rate="2115.01,2213.96,2108.33,2153.20" sx="M,M,M,M"/><TAIKYOKU oya="0"/><INIT seed="0,0,0,4,1,131" ten="250,250,250,250" oya="0" hai0="6,10,15,21,121,120,78,19,25,51,97,93,9" hai1="112,71,32,22,44,68,77,119,5,60,135,58,45" hai2="65,2,39,40,24,75,67,53,43,30,96,56,99" hai3="49,36,47,3,46,107,73,31,98,20,18,69,123"/><T86/><D51/><U104/><E32/><V101/><F75/><W34/><G73/><T115/><D115/><U7/><E104/><V118/><F2/><W74/><G74/><T38/><D38/><U116/><E77/><V72/><F72/><W16/><G69/><T105/><D105/><U92/><E92/><V79/><F79/><W102/><G3/><T26/><D26/><U8/><E22/><V29/><F39/><W14/><G36/><T108/><D108/><U28/><E28/><V124/><F124/><W85/><G123/><T63/><D63/><U11/><E60/><V127/><F127/><W94/><G34/><T82/><REACH who="0" step="1"/><D10/><REACH who="0" ten="240,250,250,250" step="2"/><U125/><E125/><V12/><F24/><N who="3" m="16775" /><G107/><T88/><AGARI ba="0,1" hai="6,9,15,19,21,25,78,82,86,88,93,97,120,121" machi="88" ten="20,7800,0" yaku="1,1,0,1,7,1,54,1,53,0" doraHai="131" doraHaiUra="61" who="0" fromWho="0" sc="240,88,250,-26,250,-26,250,-26" /><INIT seed="0,1,0,1,1,98" ten="328,224,224,224" oya="0" hai0="127,112,81,31,29,120,15,86,42,16,102,111,107" hai1="65,129,26,104,47,97,48,114,117,70,88,67,45" hai2="41,135,17,77,71,89,132,59,23,106,134,3,21" hai3="64,118,24,51,8,94,2,12,18,133,125,46,80"/><T69/><D112/><U37/><E117/><V126/><F71/><W57/><G133/><T113/><D113/><U60/><E114/><V108/><F108/><W99/><G125/><T74/><D120/><U93/><E129/><V0/><F126/><W33/><G118/><T121/><D69/><U82/><E65/><V7/><F106/><W115/><G115/><T27/><D74/><U50/><E104/><V38/><F77/><W130/><G130/><T5/><D121/><U122/><E122/><V49/><F38/><W92/><G2/><T96/><D111/><U119/><E119/><V6/><F89/><W84/><G33/><T83/><D127/><U58/><E70/><V34/><F59/><W32/><G32/><T1/><D42/><U11/><E82/><V124/><F34/><W78/><G24/><T9/><D27/><U79/><E79/><V101/><F49/><N who="1" m="19049" /><E37/><V19/><F41/><N who="3" m="25039" /><G99/><T110/><D83/><U116/><E116/><V73/><F124/><W36/><G36/><T52/><D52/><N who="1" m="33863" /><E26/><V103/><F135/><W87/><G87/><T85/><D85/><U95/><E67/><V131/><REACH who="2" step="1"/><F131/><REACH who="2" ten="328,224,214,224" step="2"/><W22/><G57/><T62/><D110/><U68/><E68/><V109/><F109/><W128/><G128/><T40/><D40/><U53/><E53/><V30/><F30/><W4/><G64/><T123/><D123/><U39/><E39/><V20/><F20/><W91/><G78/><N who="0" m="46391" /><D62/><U90/><E11/><V105/><F105/><W14/><AGARI ba="1,1" hai="4,8,12,14,18,22,80,84,91,92,94" m="25039" machi="14" ten="30,1100,0" yaku="8,1" doraHai="98" who="3" fromWho="3" sc="328,-6,224,-4,214,-4,224,24" /><INIT seed="1,0,0,0,0,55" ten="322,220,210,248" oya="1" hai0="36,56,70,20,113,122,79,75,114,28,109,112,12" hai1="43,78,27,48,96,93,94,87,73,100,4,42,101" hai2="125,89,99,124,31,110,111,64,58,10,2,3,67" hai3="132,18,72,105,84,46,118,63,54,117,11,24,129"/><U30/><E73/><V45/><F45/><W23/><G72/><T49/><D70/><U60/><E4/><V0/><F31/><W25/><G105/><T134/><D36/><U32/><E48/><V133/><F10/><W106/><G106/><T52/><D134/><U7/><E7/><V97/><F89/><W57/><G132/><T130/><D109/><N who="2" m="41482" /><F125/><W40/><G129/><T104/><D104/><U107/><E107/><V41/><F41/><W80/><G11/><T59/><D130/><U29/><E29/><V17/><F17/><W9/><G9/><T34/><D34/><U91/><E78/><V47/><F47/><W65/><G25/><T85/><D75/><U26/><E26/><V88/><F88/><N who="3" m="51207" /><G40/><T103/><D103/><U38/><E101/><V115/><F115/><W77/><G77/><T83/><D28/><U81/><E38/><V98/><F124/><W121/><G121/><T5/><D122/><U61/><E43/><V21/><F21/><W90/><G90/><T120/><D120/><U19/><E19/><V50/><F133/><W53/><G46/><T14/><D5/><U71/><E42/><V128/><F128/><W1/><G1/><T131/><D131/><U44/><E44/><V116/><F116/><AGARI ba="0,0" hai="18,23,24,53,54,57,63,65,116,117,118" m="51207" machi="116" ten="30,3900,0" yaku="12,1,52,1,54,1" doraHai="55" who="3" fromWho="2" sc="322,0,220,0,210,-39,248,39" /><INIT seed="2,0,0,3,2,97" ten="322,220,171,287" oya="2" hai0="0,16,100,35,101,18,10,34,69,131,107,52,15" hai1="126,53,3,120,113,41,51,28,12,66,31,44,108" hai2="23,91,19,77,86,112,88,46,76,48,95,87,85" hai3="102,11,26,61,37,30,38,63,9,72,96,81,8"/><V127/><F127/><W94/><G38/><T92/><D107/><U115/><E3/><V45/><F112/><W119/><G37/><T128/><D69/><U110/><E126/><V122/><F122/><W99/><G119/><T6/><D92/><U83/><E66/><V68/><F68/><W121/><G121/><T93/><D93/><U74/><E120/><V118/><F118/><W55/><G55/><T79/><D79/><N who="2" m="30282" /><F95/><N who="3" m="58655" /><G81/><T134/><D52/><U67/><E67/><V36/><F36/><W22/><G72/><T133/><D34/><U24/><E83/><V39/><F39/><W57/><G57/><T1/><D35/><U20/><E74/><V4/><F4/><W60/><G60/><T62/><D62/><U80/><E80/><V2/><F2/><N who="0" m="1130" /><D6/><U111/><E31/><V64/><F64/><W32/><G32/><T129/><D18/><N who="1" m="10311" /><E41/><N who="2" m="24623" /><F46/><W58/><G58/><T116/><D116/><U90/><E90/><AGARI ba="0,0" hai="8,9,11,22,26,30,61,63,90,94,99" m="58655" machi="90" ten="30,2000,0" yaku="8,1,52,1" doraHai="97" who="3" fromWho="1" sc="322,0,220,-20,171,0,287,20" /><INIT seed="3,0,0,0,4,6" ten="322,200,171,307" oya="3" hai0="78,0,29,99,62,28,53,113,20,38,68,35,112" hai1="127,133,61,56,55,23,86,67,15,42,64,90,130" hai2="74,116,24,101,19,121,105,52,132,115,48,98,107" hai3="8,17,7,12,26,91,30,44,34,69,27,82,100"/><W84/><G69/><T104/><D38/><U66/><E130/><V31/><F115/><W110/><G100/><T131/><D131/><U72/><E72/><V41/><F116/><W1/><G110/><T87/><D0/><U39/><E133/><V75/><F132/><W123/><G123/><T25/><D29/><U88/><E127/><V33/><F121/><W79/><G26/><T47/><D20/><U108/><E108/><V10/><F105/><W134/><G134/><T129/><D129/><U92/><E39/><V125/><F41/><W46/><REACH who="3" step="1"/><G79/><REACH who="3" ten="322,200,171,297" step="2"/><T103/><D68/><U11/><E42/><V93/><F125/><W58/><G58/><T126/><D78/><U37/><E37/><V18/><F107/><W9/><AGARI ba="0,1" hai="1,7,8,9,12,17,27,30,34,44,46,82,84,91" machi="9" ten="20,18000,2" yaku="1,1,0,1,7,1,52,2,53,2" doraHai="6" doraHaiUra="43" who="3" fromWho="3" sc="322,-60,200,-60,171,-60,297,190" /><INIT seed="3,1,0,0,2,65" ten="262,140,111,487" oya="3" hai0="0,130,37,133,7,96,24,85,89,113,104,132,83" hai1="69,46,94,134,128,25,91,75,45,35,3,47,1" hai2="115,80,116,58,30,120,119,118,14,55,106,90,88" hai3="114,31,99,73,121,34,9,12,52,107,74,18,61"/><W42/><G114/><T111/><D37/><U39/><E75/><V92/><F115/><W4/><G121/><T13/><D0/><U19/><E39/><V78/><F106/><W43/><G73/><T40/><D40/><U56/><E134/><V135/><F135/><W41/><G74/><T98/><D113/><U2/><E128/><V101/><F30/><W50/><G61/><T53/><D111/><U105/><E105/><V54/><F120/><W117/><G117/><T84/><D130/><U123/><E123/><V76/><F14/><W127/><G127/><T112/><D112/><U33/><E56/><V122/><F122/><W79/><G79/><N who="2" m="30249" /><F58/><W103/><G31/><T26/><D104/><U60/><E19/><V59/><F59/><W62/><G62/><T38/><D38/><U22/><E22/><V64/><F64/><W70/><G70/><T97/><D132/><U28/><E35/><V32/><F32/><W82/><G82/><N who="0" m="49303" /><D53/><N who="2" m="19978" /><F80/><W109/><G34/><T131/><D131/><U49/><E49/><V15/><F15/><W23/><G109/><T87/><D133/><U10/><E10/><V72/><F72/><W27/><REACH who="3" step="1"/><G42/><REACH who="3" ten="262,140,111,477" step="2"/><T77/><D77/><U66/><REACH who="1" step="1"/><E1/><REACH who="1" ten="262,130,111,477" step="2"/><V108/><F119/><W6/><G6/><T36/><D7/><U93/><E93/><V126/><F118/><W21/><G21/><T16/><D83/><U20/><E20/><V63/><F116/><W95/><G95/><T81/><D81/><U129/><E129/><V44/><F92/><W8/><G8/><T67/><D16/><U125/><E125/><V5/><F126/><RYUUKYOKU ba="1,2" sc="262,-15,130,15,111,-15,477,15" hai1="2,3,25,28,33,45,46,47,60,66,69,91,94" hai3="4,9,12,18,23,27,41,43,50,52,99,103,107" /><INIT seed="3,2,2,0,4,110" ten="247,145,96,492" oya="3" hai0="102,70,99,68,46,33,74,95,13,91,86,0,43" hai1="79,59,62,27,20,36,44,41,26,38,127,57,45" hai2="104,128,6,53,16,61,121,109,89,115,97,50,49" hai3="93,3,96,105,34,29,28,21,117,71,7,107,15"/><W123/><G123/><T98/><D0/><U87/><E127/><V19/><F109/><W84/><G71/><T111/><D111/><U54/><E20/><V124/><F121/><W114/><G117/><T133/><D133/><U1/><E1/><V130/><F6/><W113/><G84/><T42/><D33/><U37/><E59/><N who="2" m="35055" /><F124/><W55/><G55/><T9/><D74/><U48/><REACH who="1" step="1"/><E44/><REACH who="1" ten="247,135,96,492" step="2"/><V77/><F128/><W122/><G21/><T4/><D68/><U52/><E52/><V134/><F130/><W69/><G3/><T94/><D70/><U8/><E8/><V11/><F134/><W80/><G69/><T31/><D46/><U76/><E76/><V5/><F104/><W120/><G105/><T125/><D125/><U82/><AGARI ba="2,3" hai="26,27,36,37,38,41,45,48,54,57,62,79,82,87" machi="82" ten="40,2700,0" yaku="1,1,0,1,53,0" doraHai="110" doraHaiUra="103" who="1" fromWho="1" sc="247,-9,135,63,96,-9,492,-15" /><INIT seed="4,0,0,1,2,121" ten="238,198,87,477" oya="0" hai0="122,133,89,25,72,69,47,23,79,100,29,49,114" hai1="130,7,80,51,101,97,123,78,118,40,57,93,64" hai2="50,20,73,65,66,17,36,48,53,37,67,5,10" hai3="86,62,107,35,12,110,90,3,52,134,106,105,117"/><T0/><D122/><U108/><E123/><V55/><F73/><W4/><G3/><T45/><D69/><U126/><E118/><V2/><F17/><W94/><G35/><T103/><D114/><U46/><E126/><V27/><F20/><W88/><G117/><T1/><D133/><U13/><E130/><V132/><F27/><W43/><G43/><T38/><D89/><U99/><E108/><V82/><F82/><W6/><G110/><T61/><D61/><U59/><E64/><V111/><F111/><W32/><G32/><T54/><D79/><U33/><E33/><V102/><F102/><W81/><G134/><T70/><D70/><U127/><E127/><V124/><F124/><W22/><G22/><T83/><D83/><U11/><REACH who="1" step="1"/><E97/><REACH who="1" ten="238,188,87,477" step="2"/><V116/><F132/><W76/><G76/><T31/><D0/><U75/><AGARI ba="0,1" hai="7,11,13,40,46,51,57,59,75,78,80,93,99,101" machi="75" ten="20,5200,0" yaku="1,1,2,1,0,1,7,1,53,0" doraHai="121" doraHaiUra="60" who="1" fromWho="1" sc="238,-26,188,62,87,-13,477,-13" /><INIT seed="5,0,0,4,4,40" ten="212,250,74,464" oya="1" hai0="2,100,3,117,38,49,115,47,87,92,113,63,22" hai1="93,24,17,89,72,55,32,53,121,54,9,78,123" hai2="60,77,4,61,81,1,23,50,80,31,127,131,111" hai3="110,108,44,0,19,119,16,102,132,91,66,15,103"/><U10/><E72/><V128/><F4/><W109/><G0/><T42/><D117/><U75/><E75/><V118/><F1/><W134/><G119/><T124/><D124/><U25/><E78/><V70/><F118/><W64/><G91/><N who="0" m="53375" /><D100/><N who="3" m="38441" /><G44/><N who="0" m="23639" /><D63/><N who="2" m="24138" /><F70/><W126/><G126/><T26/><D22/><U48/><E32/><V30/><F127/><W120/><G120/><T13/><D26/><U88/><E48/><V39/><F23/><N who="3" m="11679" /><G19/><T104/><D13/><U27/><E17/><V36/><F50/><W5/><G5/><T84/><D84/><U96/><REACH who="1" step="1"/><E89/><REACH who="1" ten="212,240,74,464" step="2"/><V85/><F111/><W133/><AGARI ba="0,1" hai="64,66,108,109,110,132,133,134" m="11679,38441" machi="133" ten="40,2700,0" yaku="20,1,54,1" doraHai="40" who="3" fromWho="3" sc="212,-7,240,-13,74,-7,464,37" /><INIT seed="6,0,0,1,4,107" ten="205,227,67,501" oya="2" hai0="0,10,108,119,12,99,52,11,42,135,68,24,59" hai1="50,71,44,80,102,23,104,95,82,35,8,40,57" hai2="19,48,128,117,73,18,63,116,113,69,9,32,115" hai3="105,125,133,33,67,53,34,100,98,89,1,77,13"/><V74/><F32/><W4/><G133/><T41/><D108/><U14/><E35/><V121/><F48/><W79/><G1/><T5/><D68/><U37/><E104/><V76/><F76/><W122/><G67/><T127/><D127/><U30/><E71/><V97/><F97/><W45/><G122/><T56/><D135/><U94/><E37/><V101/><F101/><W15/><G89/><T134/><D134/><U54/><E23/><V65/><F121/><W21/><G125/><T46/><D119/><N who="2" m="45642" /><F128/><W112/><G21/><T109/><D99/><N who="1" m="59767" /><E30/><V72/><F9/><W84/><G84/><T91/><D11/><U103/><E103/><V114/><AGARI ba="0,0" hai="18,19,63,65,69,72,73,74,113,114,115" m="45642" machi="114" ten="50,12000,1" yaku="15,1,52,3" doraHai="107" who="2" fromWho="2" sc="205,-40,227,-40,67,120,501,-40" /><INIT seed="6,1,0,4,1,14" ten="165,187,187,461" oya="2" hai0="113,35,109,90,58,6,124,60,88,23,50,85,83" hai1="44,134,95,133,65,80,62,135,93,28,52,57,66" hai2="125,108,71,79,53,68,92,105,114,122,74,63,91" hai3="64,89,72,27,67,77,84,46,73,34,4,40,128"/><V101/><F122/><W8/><G128/><T118/><D35/><U2/><E2/><V69/><F114/><W38/><G27/><T104/><D109/><U117/><E117/><V112/><F112/><W45/><G45/><T3/><D113/><U9/><E28/><V7/><F7/><W75/><G34/><T123/><D123/><U13/><E80/><V18/><F101/><W31/><G31/><T120/><D120/><U16/><E44/><V29/><F29/><W61/><G77/><T19/><D104/><U22/><E9/><V94/><F105/><W20/><G20/><T130/><D130/><U86/><E86/><V98/><F92/><AGARI ba="1,0" hai="13,16,22,52,57,62,65,66,92,93,95,133,134,135" machi="92" ten="40,8000,1" yaku="20,1,52,1,54,2" doraHai="14" who="1" fromWho="2" sc="165,0,187,83,187,-83,461,0" /><INIT seed="7,0,0,5,3,56" ten="165,270,104,461" oya="3" hai0="11,120,50,37,112,35,61,48,82,108,83,130,46" hai1="60,77,23,91,41,117,97,54,25,31,93,105,33" hai2="22,86,43,124,34,101,121,4,28,10,119,26,68" hai3="95,111,71,67,106,53,98,104,70,102,88,65,115"/><W6/><G6/><T62/><D35/><U64/><E105/><V90/><F119/><W38/><G38/><T18/><D108/><U7/><E7/><V85/><F124/><W24/><G24/><T2/><D120/><U127/><E41/><V40/><F121/><W109/><G53/><T30/><D30/><U9/><E9/><V73/><F73/><W66/><G115/><T103/><D130/><U79/><E33/><V132/><F132/><W134/><G134/><T45/><D2/><U42/><E42/><V92/><F68/><N who="3" m="26155" /><G102/><T21/><D103/><U8/><E8/><V81/><F34/><W123/><G123/><T110/><D11/><U75/><E75/><V63/><F101/><W128/><G128/><T74/><D74/><U51/><E127/><V135/><F135/><W27/><G27/><T14/><D37/><U100/><E91/><V32/><F32/><W36/><G36/><T84/><D112/><U89/><E89/><V87/><F63/><W94/><G94/><T126/><D62/><U133/><E133/><V78/><REACH who="2" step="1"/><F87/><REACH who="2" ten="165,270,94,461" step="2"/><W13/><G109/><T80/><D61/><U125/><E125/><V17/><F17/><W118/><G111/><T44/><D110/><U12/><E60/><V131/><F131/><W113/><G118/><T107/><D126/><U49/><E100/><V96/><F96/><W116/><G116/><T52/><D84/><U39/><E97/><V1/><AGARI ba="0,1" hai="1,4,10,22,26,28,40,43,78,81,85,86,90,92" machi="1" ten="20,2700,0" yaku="1,1,0,1,7,1,53,0" doraHai="56" doraHaiUra="69" who="2" fromWho="2" sc="165,-7,270,-7,94,37,461,-13" owari="158,-24.0,263,6.0,131,-37.0,448,55.0" /></mjloggm>