<mjloggm ver="2.3"><GO type="169" lobby="0"/><UN n0="%55%52%41%4E" n1="%E3%83%89%E3%83%90%E3%82%AF%E3%83%81%E5%A4%A7%E9%87%8E" n2="%E3%81%AE%E3%81%A1%E3%82%86%E3%82%93" n3="%E5%B0%B1%E6%B4%BB%E7%94%9F%40%E5%B7%9D%E6%9D%91%E8%BB%8D%E5%9B%A3" dan="16,17,16,16" rate="2085.80,2202.21,2145.25,2082.81" sx="F,M,F,M"/><TAIKYOKU oya="0"/><INIT seed="0,0,0,0,4,103" ten="250,250,250,250" oya="0" hai0="72,128,78,116,66,69,61,58,9,18,108,56,2" hai1="31,38,1,50,35,92,84,62,42,120,30,39,97" hai2="70,113,111,49,55,130,126,76,125,104,112,119,80" hai3="107,65,13,135,16,96,86,133,19,91,23,124,28"/><T74/><D116/><U29/><E1/><V71/><F119/><W20/><G65/><T43/><D128/><U22/><E120/><V117/><F117/><W122/><G122/><T59/><D43/><U3/><E3/><V94/><F130/><W115/><G115/><N who="2" m="44105" /><F94/><W83/><G124/><N who="2" m="47721" /><F111/><W89/><G28/><T109/><D78/><U53/><E35/><V60/><F60/><W82/><G107/><T24/><D2/><U68/><E84/><N who="2" m="48135" /><F104/><W132/><G96/><T7/><D7/><U77/><E77/><V57/><AGARI ba="0,0" hai="49,55,57,70,71" m="48135,47721,44105" machi="57" ten="30,1100,0" yaku="18,1" doraHai="103" who="2" fromWho="2" sc="250,-5,250,-3,250,11,250,-3" /><INIT seed="1,0,0,5,2,19" ten="245,247,261,247" oya="1" hai0="117,48,41,97,88,15,131,49,134,100,71,3,14" hai1="73,44,40,9,114,123,85,121,60,127,80,91,125" hai2="52,132,62,75,35,79,83,110,126,96,59,16,106" hai3="118,74,29,122,107,34,17,47,70,27,26,1,50"/><U113/><E9/><V130/><F110/><W63/><G122/><N who="1" m="46602" /><E60/><V76/><F35/><W22/><G107/><T55/><D117/><U128/><E44/><V82/><F130/><W33/><G74/><T109/><D3/><U78/><E40/><V57/><F132/><W28/><G1/><T45/><D71/><U112/><E128/><V99/><F126/><N who="1" m="48137" /><E73/><V115/><F115/><W11/><G118/><T25/><D131/><U129/><E129/><V7/><F7/><W13/><G63/><T116/><D109/><U61/><E61/><V53/><F106/><W30/><G70/><T5/><D116/><U58/><E58/><V135/><F135/><W42/><REACH who="3" step="1"/><G29/><REACH who="3" ten="245,247,261,237" step="2"/><T124/><D124/><U21/><E21/><AGARI ba="0,1" hai="11,13,17,21,22,26,27,28,30,33,34,42,47,50" machi="21" ten="30,12000,2" yaku="1,1,2,1,7,1,9,1,52,2,53,0" doraHai="19" doraHaiUra="56" who="3" fromWho="1" sc="245,0,247,-120,261,0,237,130" /><INIT seed="2,0,0,0,5,7" ten="245,127,261,367" oya="2" hai0="87,120,40,52,17,65,27,114,112,128,78,72,115" hai1="14,90,79,110,30,54,39,111,77,49,5,69,85" hai2="119,11,98,4,64,6,125,28,105,29,20,25,99" hai3="113,75,50,55,59,129,10,101,31,9,38,0,12"/><V127/><F119/><W134/><G75/><T16/><D120/><U107/><E39/><V32/><F64/><W45/><G0/><T24/><D72/><U102/><E69/><V36/><F36/><W70/><G70/><T71/><D128/><U106/><E30/><N who="2" m="19535" /><F105/><W2/><G2/><T43/><D71/><U8/><E79/><V47/><F47/><W131/><G113/><T100/><D100/><U103/><E77/><V109/><F99/><W89/><G134/><T82/><D65/><U117/><E117/><V116/><F98/><W18/><G101/><T46/><D24/><U124/><E124/><N who="2" m="47691" /><F116/><W68/><G68/><T97/><D97/><U133/><E133/><V88/><F88/><W132/><G132/><T19/><REACH who="0" step="1"/><D27/><REACH who="0" ten="235,127,261,367" step="2"/><U86/><E103/><V35/><F109/><N who="1" m="41481" /><E102/><V23/><F35/><W21/><G131/><T123/><D123/><U104/><E90/><V44/><F44/><AGARI ba="0,1" hai="5,8,14,44,49,54,85,86,104,106,107" m="41481" machi="44" ten="40,2600,0" yaku="14,1,52,1" doraHai="7" who="1" fromWho="2" sc="235,0,127,36,261,-26,367,0" /><INIT seed="3,0,0,2,1,42" ten="235,163,235,367" oya="3" hai0="80,17,57,66,117,100,81,123,113,78,64,63,134" hai1="92,68,93,90,30,95,102,5,114,10,49,118,35" hai2="110,91,111,85,105,4,86,99,109,52,37,61,124" hai3="11,73,121,19,87,27,70,106,59,88,108,60,94"/><W8/><G121/><T119/><D123/><U84/><E68/><V22/><F124/><W132/><G70/><T62/><D134/><U67/><E114/><V96/><F37/><W89/><G106/><T128/><D128/><U69/><E118/><V45/><F61/><W2/><G73/><T29/><D113/><U65/><E35/><V50/><F105/><W103/><G132/><T44/><D100/><U43/><E30/><V14/><F86/><W127/><G127/><T48/><D29/><U40/><E40/><V75/><F75/><W23/><G108/><T36/><D17/><U74/><E74/><V104/><F104/><W47/><G103/><T13/><D13/><N who="1" m="5327" /><E69/><V98/><F4/><W21/><G21/><T31/><D31/><U55/><E43/><V6/><F6/><W135/><G135/><T82/><D78/><U46/><E102/><V51/><F51/><W101/><G101/><T54/><REACH who="0" step="1"/><D36/><REACH who="0" ten="225,163,235,367" step="2"/><U15/><E15/><V58/><F14/><W77/><G77/><T112/><D112/><U24/><E24/><V25/><F25/><W120/><G120/><T7/><D7/><U76/><E76/><V131/><F131/><W9/><G2/><T41/><D41/><U125/><E125/><V38/><F38/><W16/><G89/><T56/><AGARI ba="0,1" hai="44,48,54,56,57,62,63,64,66,80,81,82,117,119" machi="56" ten="30,7900,0" yaku="1,1,0,1,9,1,52,1,53,0" doraHai="42" doraHaiUra="18" who="0" fromWho="0" sc="225,89,163,-20,235,-20,367,-39" /><INIT seed="4,0,0,5,4,32" ten="314,143,215,328" oya="0" hai0="106,0,92,30,130,15,110,8,121,99,104,102,40" hai1="79,60,131,100,134,13,26,57,46,28,55,27,123" hai2="74,4,80,103,61,63,81,84,127,48,39,7,14" hai3="50,11,69,120,16,94,45,118,90,36,22,25,42"/><T53/><D121/><U33/><E123/><V52/><F39/><W56/><G69/><T18/><D30/><U129/><E134/><V1/><F74/><W9/><G118/><T47/><D130/><U87/><E100/><V54/><F127/><W67/><G120/><T37/><D110/><U128/><E13/><V34/><F34/><W70/><G70/><T85/><D53/><N who="2" m="20586" /><F48/><W12/><G36/><T125/><D125/><U3/><E27/><V82/><F103/><W6/><G11/><T20/><REACH who="0" step="1"/><D85/><REACH who="0" ten="304,143,215,328" step="2"/><U58/><E46/><V66/><F84/><N who="3" m="52551" /><G56/><T122/><D122/><U101/><E58/><V10/><F66/><AGARI ba="0,1" hai="6,9,12,16,22,25,42,45,50,66,67" m="52551" machi="66" ten="30,2000,0" yaku="8,1,54,1" doraHai="32" who="3" fromWho="2" sc="304,0,143,0,215,-20,328,30" /><INIT seed="5,0,0,5,3,72" ten="304,143,195,358" oya="1" hai0="30,60,59,123,57,19,9,83,93,89,87,6,68" hai1="58,98,130,84,124,125,96,51,97,82,21,127,73" hai2="77,117,39,3,17,106,112,1,134,14,70,2,18" hai3="66,92,94,49,54,53,108,119,71,36,55,131,65"/><U0/><E0/><V85/><F106/><W46/><G108/><T33/><D68/><U61/><E73/><V47/><F70/><W100/><G119/><T38/><D38/><U132/><E132/><V31/><F117/><W43/><G131/><T11/><D123/><U62/><E130/><V32/><F134/><W78/><G36/><T114/><D114/><U121/><E121/><V99/><F112/><W109/><G109/><T110/><D30/><U20/><E51/><V8/><F99/><N who="3" m="59495" /><G71/><T12/><D33/><U27/><E27/><V5/><F31/><W37/><G37/><T103/><D60/><U50/><E50/><V45/><F32/><W113/><G113/><T102/><D110/><U22/><REACH who="1" step="1"/><E58/><REACH who="1" ten="304,133,195,358" step="2"/><V10/><F39/><W67/><G94/><T116/><D59/><U56/><E56/><V120/><F120/><W81/><G81/><T48/><D83/><U76/><AGARI ba="0,1" hai="20,21,22,61,62,76,82,84,96,97,98,124,125,127" machi="76" ten="40,18000,2" yaku="1,1,0,1,29,2,18,1,52,1,53,0" doraHai="72" doraHaiUra="128" who="1" fromWho="1" sc="304,-60,133,190,195,-60,358,-60" /><INIT seed="5,1,0,2,2,33" ten="244,323,135,298" oya="1" hai0="129,81,63,113,22,126,73,21,61,80,103,95,115" hai1="105,9,121,52,89,106,97,64,44,26,108,112,27" hai2="18,86,109,85,0,98,119,77,114,39,93,50,47" hai3="94,131,1,4,100,74,110,99,57,42,34,29,37"/><U83/><E121/><V15/><F119/><W88/><G74/><T7/><D129/><U38/><E64/><V62/><F39/><W25/><G110/><T11/><D126/><U10/><E108/><V68/><F109/><W24/><G131/><T133/><D133/><U35/><E112/><V16/><F114/><N who="0" m="43530" /><D103/><U72/><E38/><V48/><F0/><W91/><G25/><T30/><D95/><U5/><E10/><V111/><F111/><W135/><G135/><T71/><D30/><U127/><E127/><V90/><F18/><W120/><G120/><T128/><D128/><U19/><E35/><V56/><F68/><W2/><G4/><T101/><D101/><U40/><E40/><V8/><F77/><W13/><G13/><N who="0" m="5375" /><D73/><U43/><E72/><V53/><REACH who="2" step="1"/><F48/><REACH who="2" ten="244,323,125,298" step="2"/><W104/><G1/><T28/><D71/><U58/><E19/><V6/><F6/><W3/><G3/><T117/><D117/><U78/><E5/><V116/><F116/><W14/><G2/><T125/><D125/><U66/><E78/><V132/><F132/><W70/><G70/><T32/><D28/><U31/><E31/><V124/><F124/><W65/><G37/><T60/><D32/><U76/><E76/><V130/><F130/><W67/><G29/><T107/><D60/><U54/><E105/><V23/><F23/><N who="0" m="8714" /><D107/><U82/><E106/><V45/><F45/><W46/><G34/><T122/><D122/><U92/><E44/><V20/><F20/><W55/><G104/><T41/><D61/><U17/><E17/><V123/><F123/><W118/><G118/><RYUUKYOKU ba="1,1" sc="244,-10,323,-10,125,30,298,-10" hai2="8,15,16,47,50,53,56,62,85,86,90,93,98" /><INIT seed="6,2,1,5,5,0" ten="234,313,155,288" oya="2" hai0="134,122,99,16,72,41,90,49,42,73,84,8,77" hai1="57,92,89,126,101,110,95,6,83,109,32,81,37" hai2="87,29,100,2,70,28,104,46,58,124,47,119,91" hai3="82,3,76,102,105,38,5,39,69,114,17,98,30"/><V64/><F119/><W113/><G17/><T14/><D122/><U106/><E32/><V55/><F124/><W63/><G30/><T1/><D134/><U66/><E37/><V35/><F2/><W129/><G129/><T131/><D131/><U7/><E126/><V67/><F70/><W130/><G130/><T132/><D132/><U75/><E106/><V21/><F35/><W108/><G108/><T48/><D1/><U93/><E109/><V107/><F107/><W123/><G123/><T25/><D25/><U62/><E110/><V56/><F100/><W71/><G82/><N who="1" m="31242" /><E75/><V68/><F68/><N who="3" m="26187" /><G63/><T74/><D99/><N who="1" m="59623" /><E93/><N who="2" m="54527" /><F104/><W125/><G76/><T121/><D77/><U22/><E22/><V36/><F36/><N who="3" m="13867" /><G125/><T79/><D79/><U111/><E111/><V97/><F97/><AGARI ba="2,1" hai="6,7,57,62,66,89,95,97" m="59623,31242" machi="97" ten="30,3900,0" yaku="8,1,52,2" doraHai="0" who="1" fromWho="2" sc="234,0,313,55,155,-45,288,0" /><INIT seed="7,0,0,1,5,77" ten="234,368,110,288" oya="3" hai0="10,106,108,53,126,31,133,60,3,69,95,101,17" hai1="123,47,50,107,13,130,93,5,94,55,73,52,59" hai2="33,44,26,0,28,89,116,64,54,134,124,27,117" hai3="7,87,57,88,81,109,22,76,104,63,8,71,82"/><W92/><G109/><T11/><D108/><U40/><E107/><V70/><F26/><W35/><G104/><T42/><D106/><U20/><E73/><V131/><F54/><W62/><G35/><T129/><D42/><U39/><E123/><V9/><F89/><W118/><G118/><T46/><D126/><U115/><E115/><V135/><F44/><W100/><G71/><T103/><D69/><U58/><E130/><V105/><F131/><W132/><G132/><T72/><D72/><U98/><E98/><V21/><F21/><W78/><G22/><T37/><D37/><U15/><E15/><V113/><F113/><W45/><G45/><T16/><D31/><U83/><E83/><N who="3" m="31754" /><G100/><T114/><D114/><U56/><E56/><V67/><F67/><N who="3" m="39375" /><G63/><T91/><D60/><U84/><E84/><V110/><F110/><W111/><G111/><T68/><D68/><U74/><E74/><V85/><F85/><W127/><G127/><T125/><D129/><U6/><E20/><V128/><F128/><W48/><G48/><N who="0" m="28823" /><D125/><U43/><E39/><V12/><F124/><W49/><G49/><T36/><D36/><U4/><E50/><V14/><F105/><W119/><G119/><T29/><D133/><U1/><E47/><V79/><F134/><W122/><G122/><T97/><D29/><U51/><E51/><V41/><F117/><W75/><G75/><T2/><D2/><U102/><E1/><V120/><F116/><W34/><G34/><T32/><D32/><U121/><E121/><V90/><F135/><W24/><G24/><T61/><D3/><AGARI ba="0,0" hai="3,7,8,76,78,87,88,92" m="39375,31754" machi="3" ten="30,12000,1" yaku="6,1,52,3,54,1" doraHai="77" who="3" fromWho="0" sc="234,-120,368,0,110,0,288,120" owari="114,-29.0,368,17.0,110,-39.0,408,51.0" /></mjloggm>