<mjloggm ver="2.3"><GO type="169" lobby="0"/><UN n0="%E5%91%89%E8%82%B2%E9%83%8E" n1="%E3%82%A6%E3%83%AB%E3%83%88%E3%83%A9%E7%AB%8B%E7%9B%B4" n2="%EF%BC%A6%EF%BC%B8%E9%9B%80%E5%A3%AB" n3="%72%79%6F%E2%80%A6%31%35" dan="16,17,17,18" rate="2073.54,2123.33,2106.53,2213.54" sx="M,M,M,M"/><TAIKYOKU oya="0"/><INIT seed="0,0,0,1,3,7" ten="250,250,250,250" oya="0" hai0="120,25,83,117,118,129,52,79,88,135,86,65,41" hai1="63,13,133,60,34,112,23,106,24,94,49,95,10" hai2="3,37,96,76,56,28,62,99,31,5,55,100,42" hai3="32,115,108,54,59,67,33,75,11,110,128,107,29"/><T121/><D65/><U125/><E106/><V84/><F96/><W58/><G107/><T43/><D135/><U74/><E74/><V73/><F84/><W68/><G68/><T85/><D129/><U35/><E133/><V19/><F19/><W105/><G105/><T48/><D25/><U39/><E39/><V109/><F109/><N who="3" m="42091" /><G75/><T45/><D41/><U66/><E125/><V16/><F73/><W36/><G36/><T70/><D70/><U119/><E119/><V126/><F76/><W1/><G29/><T53/><D117/><U17/><E112/><V20/><F126/><W131/><G115/><T97/><D97/><U130/><E130/><N who="3" m="49706" /><G67/><T124/><D124/><U134/><E134/><V91/><F31/><W21/><G21/><T69/><D69/><U132/><E132/><V9/><F28/><W50/><G59/><T81/><REACH who="0" step="1"/><D118/><REACH who="0" ten="240,250,250,250" step="2"/><U0/><E66/><V77/><F42/><W72/><G72/><T104/><D104/><U111/><E111/><V57/><F99/><W46/><G33/><T87/><D87/><U30/><E35/><V18/><F100/><W82/><G32/><T40/><D40/><U114/><E114/><V101/><F101/><W22/><G54/><AGARI ba="0,1" hai="43,45,48,52,53,54,79,81,83,85,86,88,120,121" machi="54" ten="40,7700,0" yaku="1,1,54,2,53,0" doraHai="7" doraHaiUra="127" who="0" fromWho="3" sc="240,87,250,0,250,0,250,-77" /><INIT seed="0,1,0,0,2,54" ten="327,250,250,173" oya="0" hai0="105,37,80,28,106,109,128,123,48,111,35,32,89" hai1="133,29,107,73,124,82,9,81,27,12,10,91,120" hai2="126,42,83,104,18,121,113,88,57,38,98,135,26" hai3="94,127,102,87,74,84,50,103,25,47,40,116,3"/><T7/><D123/><U129/><E107/><V4/><F121/><W72/><G3/><T21/><D128/><U49/><E73/><V39/><F113/><W134/><G116/><T101/><D37/><U15/><E129/><V114/><F114/><W93/><G127/><T5/><D48/><U71/><E71/><V36/><F4/><W45/><G25/><T8/><D5/><U6/><E124/><V41/><F126/><W17/><G50/><T78/><D89/><U44/><E133/><V119/><F135/><W34/><G134/><T22/><D32/><U92/><E120/><V68/><F68/><W63/><G34/><T58/><D35/><U85/><E27/><V112/><F104/><W99/><G99/><T43/><D43/><U65/><E65/><V130/><F119/><W96/><G96/><T53/><D28/><U64/><E64/><V23/><F130/><W108/><G108/><N who="0" m="41547" /><D101/><U115/><E29/><V46/><F41/><W20/><G40/><T100/><D100/><U90/><E90/><V110/><F112/><W1/><G103/><T60/><D105/><U97/><E97/><V13/><F110/><W75/><G102/><T2/><D106/><U30/><E30/><V79/><F38/><W66/><G1/><T59/><D59/><U95/><E82/><V76/><F39/><W131/><G131/><T33/><D33/><U61/><E115/><V16/><F36/><W67/><G45/><T62/><D62/><U51/><E61/><V19/><F46/><W118/><G47/><T69/><D69/><U55/><E49/><V52/><F88/><RYUUKYOKU ba="1,0" sc="327,15,250,15,250,-15,173,-15" hai0="2,7,8,21,22,53,58,60,78,80" hai1="6,9,10,12,15,44,51,55,81,85,91,92,95" /><INIT seed="0,2,0,3,3,51" ten="342,265,235,158" oya="0" hai0="20,59,72,50,29,26,92,33,70,14,134,47,25" hai1="104,34,42,67,115,64,99,19,38,125,91,113,0" hai2="65,52,129,22,57,86,88,105,132,7,36,39,54" hai3="55,44,101,68,45,13,8,110,127,53,41,77,56"/><T66/><D70/><U106/><E0/><V1/><F105/><W131/><G110/><T107/><D107/><U128/><E34/><V60/><F129/><W130/><G127/><T9/><D72/><U40/><E99/><V24/><F132/><W2/><G2/><T100/><D134/><U71/><E91/><V6/><F39/><W3/><G3/><T69/><D69/><U108/><E71/><V16/><F36/><W48/><G68/><T15/><D9/><U95/><E38/><V46/><F1/><W123/><G123/><T81/><D81/><U78/><E95/><N who="2" m="54679" /><F46/><W76/><G101/><T21/><D33/><U62/><E78/><N who="3" m="30314" /><G45/><T83/><D83/><U94/><E125/><V85/><F85/><W118/><G118/><T43/><D100/><U11/><E128/><N who="3" m="49194" /><G56/><T61/><REACH who="0" step="1"/><D92/><REACH who="0" ten="332,265,235,158" step="2"/><U89/><E94/><V84/><F84/><W82/><G82/><T37/><D37/><U126/><E126/><V49/><F49/><W10/><G10/><T58/><D58/><U133/><E11/><V98/><F98/><W135/><G135/><T32/><D32/><U63/><E133/><V18/><F18/><AGARI ba="2,1" hai="8,13,18,41,44,48,53,55" m="49194,30314" machi="18" ten="30,3900,0" yaku="19,1,52,2" doraHai="51" who="3" fromWho="2" sc="332,0,265,0,235,-45,158,55" /><AGARI ba="2,0" hai="14,15,18,20,21,25,26,29,43,47,50,59,61,66" machi="18" ten="30,5800,0" yaku="1,1,7,1,8,1,53,0" doraHai="51" doraHaiUra="124" who="0" fromWho="2" sc="332,58,265,0,190,-58,213,0" /><INIT seed="0,3,0,4,5,52" ten="390,265,132,213" oya="0" hai0="40,111,51,131,53,86,97,65,24,123,35,94,119" hai1="135,110,91,16,10,48,29,85,13,62,12,74,128" hai2="18,70,56,49,112,81,133,117,101,31,121,1,78" hai3="104,19,37,127,124,23,36,129,106,32,120,58,103"/><T113/><D113/><U84/><E74/><V30/><F121/><W88/><G32/><T80/><D119/><U115/><E115/><V64/><F112/><W11/><G120/><T68/><D123/><U79/><E110/><V25/><F1/><W96/><G106/><T107/><D107/><U41/><E29/><V87/><F117/><W26/><G129/><T122/><D122/><U132/><E128/><V59/><F133/><N who="1" m="51273" /><E62/><N who="2" m="37959" /><F70/><W66/><G11/><T4/><D111/><U83/><E13/><V100/><F18/><W102/><G102/><N who="2" m="39529" /><F25/><W105/><G105/><T33/><D131/><U21/><E10/><V99/><F99/><W2/><G2/><T69/><D69/><U125/><E125/><N who="3" m="48202" /><G88/><T27/><D35/><U130/><E130/><V54/><AGARI ba="3,0" hai="30,31,49,54,59,78,81,87" m="39529,37959" machi="54" ten="30,4000,0" yaku="8,1,52,2" doraHai="52" who="2" fromWho="2" sc="390,-23,265,-13,132,49,213,-13" /><INIT seed="1,0,0,4,4,134" ten="367,252,181,200" oya="1" hai0="25,66,91,7,125,110,127,45,19,11,94,89,8" hai1="126,101,62,71,67,70,73,122,81,39,64,92,59" hai2="54,100,3,105,80,75,96,131,28,61,41,49,40" hai3="38,65,112,130,20,26,103,14,31,57,32,63,53"/><U72/><E122/><V43/><F3/><W111/><G111/><T97/><D110/><U104/><E104/><V51/><F131/><W29/><G38/><T119/><D119/><U118/><E118/><V88/><F28/><W90/><G112/><T114/><D114/><U106/><E106/><V68/><F68/><W109/><G109/><T4/><D66/><U16/><E39/><V22/><F22/><W52/><G130/><T77/><D77/><U50/><E16/><V95/><F61/><W107/><G31/><T115/><D115/><U34/><E81/><V48/><F75/><W116/><G116/><T82/><D45/><U113/><E34/><V99/><REACH who="2" step="1"/><F80/><REACH who="2" ten="367,252,171,200" step="2"/><W33/><G33/><T9/><D82/><U1/><E1/><V85/><F85/><W135/><G32/><T6/><REACH who="0" step="1"/><D91/><REACH who="0" ten="357,252,171,200" step="2"/><U17/><E113/><V87/><F87/><W128/><G90/><T123/><D123/><U86/><E86/><V2/><F2/><W83/><G83/><T5/><N who="0" m="1024" /><DORA hai="60" /><T23/><AGARI ba="0,2" hai="8,9,11,19,23,25,89,94,97,125,127" m="1024" machi="23" ten="50,8000,1" yaku="1,1,4,1,0,1,52,2,53,0" doraHai="134,60" doraHaiUra="120,121" who="0" fromWho="0" sc="357,100,252,-40,171,-20,200,-20" /><INIT seed="2,0,0,0,1,76" ten="457,212,151,180" oya="2" hai0="31,39,89,29,74,82,73,102,41,106,93,36,44" hai1="72,70,92,32,84,130,107,101,38,34,46,12,16" hai2="56,53,78,124,134,30,62,110,126,61,5,99,21" hai3="7,64,75,98,129,123,14,113,80,1,67,52,133"/><V2/><F134/><W109/><G109/><T13/><D36/><U68/><E72/><V114/><F114/><W121/><G113/><T18/><D102/><U28/><E130/><V135/><F135/><W111/><G111/><T103/><D103/><U85/><E107/><V96/><F110/><W6/><G133/><T100/><D100/><U51/><E38/><V88/><F78/><W65/><G129/><T63/><D73/><U26/><E34/><V59/><F2/><W11/><G98/><T33/><D63/><U122/><E122/><V108/><F5/><W116/><G116/><T50/><D39/><U3/><E3/><V54/><F108/><W71/><G71/><T23/><D33/><U118/><E118/><V115/><F115/><W125/><G125/><T95/><D74/><U58/><E58/><V22/><REACH who="2" step="1"/><F30/><REACH who="2" ten="457,212,141,180" step="2"/><W4/><G1/><T45/><D31/><U35/><E28/><V105/><F105/><W43/><G121/><T81/><D29/><U37/><E35/><V132/><F132/><W91/><G123/><T17/><D106/><U77/><E77/><V83/><F83/><W24/><G6/><T94/><D81/><U117/><E32/><V10/><F10/><W86/><G4/><T19/><D82/><U128/><E117/><V49/><F49/><W90/><G80/><T69/><D50/><U42/><E51/><V120/><F120/><W8/><G11/><T40/><D95/><U48/><E92/><V9/><F9/><W66/><G8/><T127/><D94/><U131/><E128/><V87/><F87/><W112/><G86/><RYUUKYOKU ba="0,1" sc="457,-10,212,-10,141,30,180,-10" hai2="21,22,53,54,56,59,61,62,88,96,99,124,126" /><INIT seed="2,1,1,2,4,109" ten="447,202,171,170" oya="2" hai0="23,116,50,10,13,95,90,63,61,106,55,129,80" hai1="120,127,34,56,107,62,134,118,76,74,42,100,92" hai2="17,87,51,131,130,132,85,8,96,33,88,59,18" hai3="15,111,27,44,105,22,78,40,108,3,81,94,84"/><V104/><F33/><W66/><G3/><T72/><D106/><U16/><E34/><V49/><F132/><W60/><G105/><T123/><D129/><N who="2" m="49162" /><F87/><W29/><G15/><T21/><D72/><U12/><E107/><V58/><F8/><W41/><G94/><T14/><D123/><U20/><E120/><V97/><F58/><W113/><G113/><T64/><D80/><U98/><E127/><V83/><F59/><W70/><REACH who="3" step="1"/><G41/><REACH who="3" ten="447,202,171,160" step="2"/><T9/><D116/><U82/><E42/><V0/><F0/><W43/><G43/><T124/><D14/><U99/><E134/><V133/><F133/><W31/><G31/><T5/><D13/><U71/><E99/><N who="2" m="37963" /><F104/><W54/><G54/><T36/><D55/><U19/><E118/><V67/><F67/><W122/><G122/><T46/><D64/><U128/><E128/><V39/><F39/><AGARI ba="1,2" hai="22,27,29,39,40,44,60,66,70,78,81,84,108,111" machi="39" ten="40,2600,0" yaku="1,1,53,1" doraHai="109" doraHaiUra="26" who="3" fromWho="2" sc="447,0,202,0,171,-29,160,49" /><INIT seed="3,0,0,5,0,105" ten="447,202,142,209" oya="3" hai0="87,27,121,12,22,21,61,2,78,114,133,88,33" hai1="104,44,8,102,131,115,86,23,90,42,85,132,62" hai2="59,117,126,83,28,25,30,31,134,65,125,84,94" hai3="40,67,75,19,112,56,50,73,45,47,92,106,79"/><W63/><G106/><T41/><D121/><U34/><E34/><V37/><F117/><W103/><G112/><T74/><D33/><U3/><E86/><V49/><F37/><W113/><G113/><T46/><D2/><U38/><E115/><V51/><F134/><W36/><G79/><T95/><D133/><U82/><E132/><V24/><F94/><W69/><G19/><T10/><D61/><U0/><E131/><V9/><F9/><W91/><G103/><T109/><D109/><U1/><E23/><V119/><F119/><W7/><G7/><T77/><D74/><U48/><E62/><V107/><F107/><W32/><G32/><T98/><D114/><U129/><E129/><V99/><F99/><N who="3" m="57759" /><G47/><T26/><D98/><U101/><E38/><V43/><F43/><W57/><G57/><T58/><D58/><U81/><E104/><V4/><F4/><W11/><G11/><T39/><D22/><U96/><E96/><V53/><F65/><W55/><AGARI ba="0,0" hai="36,40,45,50,55,56,63,67,69,73,75" m="57759" machi="55" ten="30,6000,0" yaku="24,1,52,2" doraHai="105" who="3" fromWho="3" sc="447,-20,202,-20,142,-20,209,60" /><INIT seed="3,1,0,0,1,38" ten="427,182,122,269" oya="3" hai0="81,10,69,85,60,117,92,65,113,32,129,125,80" hai1="104,6,118,46,96,107,106,99,70,45,0,73,134" hai2="82,91,24,63,33,27,35,66,109,47,102,116,34" hai3="56,4,3,25,5,86,19,78,128,87,114,120,31"/><W48/><G120/><T77/><D117/><U105/><E73/><V52/><F116/><W41/><G114/><T79/><D113/><U98/><E118/><V21/><F109/><W59/><G3/><T121/><D121/><U37/><N who="1" m="26624" /><DORA hai="30" /><U55/><E134/><V103/><F91/><W76/><G128/><T83/><D125/><U15/><E70/><V16/><F82/><W115/><G19/><T17/><D129/><U18/><E37/><V71/><REACH who="2" step="1"/><F27/><REACH who="2" ten="427,182,112,269" step="2"/><W112/><G25/><T133/><D83/><U131/><E131/><V130/><F130/><W1/><G115/><T62/><D81/><U22/><E0/><V108/><F108/><W57/><G1/><T11/><D80/><U23/><E6/><V58/><F58/><W119/><G112/><T26/><D26/><U12/><E55/><V93/><F93/><W20/><G59/><T9/><D92/><U61/><E61/><V51/><AGARI ba="1,1" hai="16,21,24,33,34,35,47,51,52,63,66,71,102,103" machi="51" ten="40,12000,2" yaku="1,1,0,1,52,3,54,2,53,0" doraHai="38,30" doraHaiUra="127,135" who="2" fromWho="2" sc="427,-31,182,-31,112,133,269,-61" /><INIT seed="4,0,0,3,3,16" ten="396,151,245,208" oya="0" hai0="52,128,132,102,126,74,33,26,7,72,116,58,106" hai1="29,131,129,10,57,42,18,62,8,55,77,92,103" hai2="32,113,121,11,76,4,69,27,120,117,99,79,19" hai3="45,63,93,91,3,24,83,17,39,67,75,22,15"/><T130/><D116/><U68/><E68/><V82/><F117/><W101/><G3/><T66/><D7/><U46/><E29/><V111/><F111/><W13/><G101/><T41/><D41/><U134/><E134/><V9/><F69/><W47/><G75/><T109/><D109/><U50/><E77/><V40/><F40/><W127/><G83/><T56/><D132/><U90/><E103/><V89/><F79/><W21/><G39/><T28/><D126/><U37/><E37/><V34/><F34/><W71/><G127/><T125/><D125/><U86/><REACH who="1" step="1"/><E18/><REACH who="1" ten="396,141,245,208" step="2"/><V88/><F76/><W85/><G13/><T135/><D135/><U70/><E70/><V114/><F19/><AGARI ba="0,1" hai="15,17,19,21,22,24,45,47,63,67,71,85,91,93" machi="19" ten="30,3900,0" yaku="7,1,52,2" doraHai="16" who="3" fromWho="2" sc="396,0,141,0,245,-39,208,49" /><INIT seed="5,0,0,2,2,110" ten="396,141,206,257" oya="1" hai0="123,118,113,87,125,7,68,98,13,84,109,52,14" hai1="16,121,36,55,48,115,39,43,56,105,129,10,59" hai2="4,71,100,27,35,126,67,103,106,81,21,95,44" hai3="92,79,82,124,127,37,78,76,72,29,101,61,9"/><U134/><E105/><V64/><F35/><W17/><G37/><N who="1" m="14410" /><E10/><V114/><F4/><W32/><G61/><T53/><D109/><U15/><E15/><V23/><F27/><N who="3" m="18495" /><G101/><T91/><D118/><U132/><E16/><V122/><F81/><W31/><G92/><T25/><D123/><U19/><E19/><V86/><F86/><W5/><G17/><T90/><D7/><U85/><E85/><V77/><F95/><W74/><G82/><T60/><D125/><N who="3" m="48201" /><G31/><T57/><D60/><N who="1" m="35871" /><E121/><V18/><F126/><W73/><G76/><T111/><D111/><U11/><E11/><V116/><F18/><W62/><G79/><T28/><D28/><U22/><E22/><V33/><F23/><W89/><G89/><T6/><D91/><U102/><E102/><V75/><F21/><W66/><G78/><T42/><D90/><U120/><E120/><V130/><F77/><W128/><G9/><T69/><D6/><U34/><E34/><V96/><F122/><W70/><G5/><T117/><D117/><U24/><E24/><V49/><F116/><W83/><G83/><T119/><D25/><U63/><E129/><AGARI ba="0,0" hai="62,66,70,72,73,74,128,129" m="48201,18495" machi="129" ten="40,2600,0" yaku="18,1,23,1" doraHai="110" who="3" fromWho="1" sc="396,0,141,-26,206,0,257,26" /><INIT seed="6,0,0,2,2,67" ten="396,115,206,283" oya="2" hai0="30,3,79,16,110,94,98,118,114,48,101,57,122" hai1="42,27,112,68,73,100,86,21,18,54,97,69,49" hai2="50,83,85,25,11,4,6,103,104,43,61,37,24" hai3="111,7,133,52,119,74,115,0,77,28,123,55,62"/><V45/><F6/><W120/><G111/><T63/><D110/><U102/><E73/><V131/><F131/><W59/><G119/><T65/><D122/><U13/><E112/><V33/><F33/><W31/><G115/><T47/><D114/><U64/><E64/><V34/><F34/><W44/><G133/><T126/><D3/><U8/><E86/><V106/><F37/><W107/><G107/><T93/><D126/><U116/><E42/><V53/><F104/><W105/><G105/><T124/><D124/><U40/><E40/><V36/><F61/><W26/><G31/><T121/><D30/><U58/><E116/><V17/><F17/><W5/><G0/><T56/><D121/><U82/><E82/><V19/><F19/><W81/><G5/><T71/><D79/><U99/><E97/><V129/><F129/><W134/><G7/><T9/><D93/><U109/><E109/><V22/><F22/><W125/><G134/><T35/><D35/><U132/><E132/><V10/><F103/><W20/><G125/><T91/><D101/><U41/><E41/><V127/><F106/><W15/><G15/><T84/><D118/><U1/><E1/><V87/><F87/><W75/><G75/><T60/><D84/><U96/><E102/><V95/><F127/><W128/><G128/><T89/><D63/><U76/><E76/><N who="2" m="46311" /><F95/><W32/><G32/><T46/><D89/><U72/><E72/><V14/><F11/><W130/><G130/><T39/><D39/><U108/><E108/><V88/><F88/><W113/><G113/><T2/><D91/><RYUUKYOKU ba="0,0" sc="396,-15,115,-15,206,15,283,15" hai2="4,10,14,24,25,36,43,45,50,53" hai3="20,26,28,44,52,55,59,62,74,77,81,120,123" /><INIT seed="6,1,0,0,4,92" ten="381,100,221,298" oya="2" hai0="86,112,46,78,0,131,65,15,14,60,73,48,70" hai1="100,72,6,81,105,5,108,12,66,21,99,18,116" hai2="55,119,63,128,57,25,115,22,16,51,113,130,50" hai3="40,31,56,11,98,85,127,102,69,37,134,61,88"/><V123/><F119/><W58/><G134/><T104/><D0/><U124/><E108/><V30/><F123/><W20/><G127/><T47/><D73/><U34/><E34/><V19/><F19/><W94/><G69/><T3/><D3/><U90/><E124/><V17/><F17/><W87/><G11/><T59/><D131/><N who="2" m="50218" /><F30/><W122/><G122/><T53/><D104/><U64/><E116/><V77/><F77/><W42/><G37/><T133/><D112/><AGARI ba="1,0" hai="16,22,25,50,51,55,57,63,112,113,115" m="50218" machi="112" ten="30,5800,0" yaku="15,1,19,1,54,1" doraHai="92" who="2" fromWho="0" sc="381,-61,100,0,221,61,298,0" /><INIT seed="6,2,0,0,3,51" ten="320,100,282,298" oya="2" hai0="122,126,9,79,4,33,112,23,105,132,96,99,80" hai1="124,123,114,58,22,37,25,93,34,15,90,133,61" hai2="74,32,57,108,66,42,62,77,35,39,28,68,118" hai3="12,78,111,18,87,94,55,64,19,131,92,125,113"/><V48/><F118/><W11/><G111/><T103/><D122/><U10/><E37/><V63/><F108/><W89/><G131/><T50/><D33/><U120/><E34/><V20/><F62/><W54/><G125/><T83/><D126/><U5/><E124/><V13/><F77/><W129/><G129/><T36/><D36/><U119/><E114/><V84/><F84/><W46/><G113/><T52/><D132/><U95/><E133/><V117/><F74/><W16/><G64/><T91/><D79/><U8/><E8/><V73/><F73/><W75/><G46/><T101/><D91/><U6/><E6/><V121/><F121/><W69/><G69/><T110/><D23/><U21/><E119/><V116/><F35/><W60/><G60/><T7/><D112/><U71/><E71/><V81/><F81/><N who="3" m="47543" /><G75/><T85/><D4/><U134/><E134/><V130/><F32/><W27/><G27/><T98/><D110/><U17/><E22/><V97/><F130/><W53/><G92/><T44/><D85/><AGARI ba="2,0" hai="11,12,16,18,19,53,54,55,85,89,94" m="47543" machi="85" ten="30,8000,1" yaku="8,1,52,3,54,1" doraHai="51" who="3" fromWho="0" sc="320,-86,100,0,282,0,298,86" /><INIT seed="7,0,0,1,0,108" ten="234,100,282,384" oya="3" hai0="109,48,95,49,116,24,57,12,92,51,130,89,3" hai1="120,97,5,26,105,58,30,81,75,135,126,2,77" hai2="86,22,4,64,94,50,15,74,27,127,11,54,129" hai3="87,62,46,124,79,85,104,111,112,20,52,38,82"/><W99/><G112/><T132/><D109/><U6/><E58/><V33/><F74/><W41/><G87/><T66/><D3/><U34/><E6/><V7/><F33/><W60/><G60/><T69/><D69/><U83/><E83/><V59/><F64/><W76/><G76/><T14/><D116/><U25/><E25/><V53/><F4/><W114/><G114/><T119/><D132/><U121/><E126/><V134/><F134/><W47/><G52/><T43/><D130/><U107/><E135/><V61/><F127/><W101/><G47/><T128/><D128/><U16/><E16/><V103/><F129/><W102/><G102/><T68/><D68/><U55/><E55/><V9/><F9/><W40/><G40/><T35/><D43/><U1/><E1/><V13/><F13/><W88/><G62/><T118/><D66/><U36/><E36/><V113/><F27/><W29/><G111/><T71/><D71/><U133/><E133/><V123/><F22/><W17/><G124/><T44/><D57/><U98/><E98/><V56/><F56/><W42/><G42/><T96/><D118/><U125/><E125/><V10/><F59/><W37/><G37/><T110/><D119/><U93/><E93/><V72/><F94/><W21/><G38/><T78/><D110/><U80/><E80/><V18/><F61/><W131/><G82/><T8/><D78/><U117/><E117/><V67/><F67/><W73/><G21/><T23/><D35/><U28/><E28/><V63/><F53/><W32/><G29/><T65/><D65/><RYUUKYOKU ba="0,0" sc="234,0,100,0,282,0,384,0" owari="234,-17.0,100,-40.0,282,8.0,384,49.0" /></mjloggm>