<mjloggm ver="2.3"><GO type="169" lobby="0"/><UN n0="%E5%B0%B1%E6%B4%BB%E7%94%9F%40%E5%B7%9D%E6%9D%91%E8%BB%8D%E5%9B%A3" n1="%67%61%72%75%63%69%61" n2="%E3%83%8A%E3%83%A9" n3="%E9%9D%A2%E6%B8%85%E3%81%AE%E3%83%90%E3%83%93%E3%82%A3" dan="16,16,16,16" rate="2048.33,2124.28,2051.85,2084.06" sx="M,M,M,M"/><TAIKYOKU oya="0"/><INIT seed="0,0,0,0,1,131" ten="250,250,250,250" oya="0" hai0="123,28,35,83,85,64,19,113,9,26,76,90,103" hai1="81,11,29,135,132,120,23,99,8,82,101,14,60" hai2="46,53,114,84,79,88,118,96,110,25,105,87,33" hai3="22,69,38,24,94,108,17,98,77,125,100,55,34"/><T51/><D113/><U12/><E120/><V54/><F114/><W93/><G69/><T41/><D123/><U66/><E14/><V121/><F121/><W134/><G38/><T129/><D129/><U50/><E50/><V127/><F110/><W102/><G34/><T97/><D64/><U43/><E43/><V71/><F71/><W2/><G2/><T44/><D9/><U75/><E8/><V36/><F127/><W40/><G40/><T57/><D57/><N who="1" m="37135" /><E75/><V7/><F118/><W111/><G125/><T6/><D6/><U3/><E3/><V39/><F7/><W74/><G74/><T106/><REACH who="0" step="1"/><D19/><REACH who="0" ten="240,250,250,250" step="2"/><U112/><E112/><V68/><F68/><W115/><G115/><T52/><D52/><U126/><E126/><V16/><F53/><W37/><G55/><T13/><D13/><U30/><E11/><V15/><F54/><W133/><G37/><T5/><D5/><U49/><E30/><N who="2" m="19663" /><F39/><W21/><G21/><T122/><D122/><U65/><E65/><V86/><F36/><W67/><G67/><T89/><AGARI ba="0,1" hai="26,28,35,41,44,51,76,83,85,89,90,97,103,106" machi="89" ten="30,6000,0" yaku="1,1,0,1,53,1" doraHai="131" doraHaiUra="95" who="0" fromWho="0" sc="240,70,250,-20,250,-20,250,-20" /><INIT seed="0,1,0,2,3,81" ten="310,230,230,230" oya="0" hai0="88,13,104,8,77,87,56,47,24,11,108,110,18" hai1="135,125,39,43,102,106,92,122,7,41,14,58,96" hai2="80,98,60,21,117,17,83,37,69,28,45,62,53" hai3="1,27,113,46,51,129,119,40,82,131,33,72,10"/><T121/><D104/><U5/><E122/><V65/><F117/><W26/><G113/><T19/><D121/><U61/><E106/><V50/><F28/><W115/><G119/><T38/><D77/><U71/><E71/><V75/><F75/><W16/><G115/><T86/><D56/><U112/><E112/><V114/><F114/><W67/><G67/><T66/><D66/><U89/><E125/><V12/><F60/><W118/><G118/><T20/><D8/><U29/><E135/><V52/><F53/><W124/><G124/><T93/><D38/><U120/><E120/><V126/><F126/><W42/><G42/><N who="1" m="15882" /><E39/><V76/><F76/><W95/><G95/><T105/><D105/><U123/><E123/><V3/><F37/><W127/><G127/><T74/><D74/><U4/><E29/><V70/><F70/><W30/><G1/><T134/><D47/><U90/><E14/><V23/><F3/><W6/><G72/><T59/><D59/><U85/><E85/><V73/><F73/><W99/><G99/><T15/><D134/><U0/><E0/><V54/><F98/><W63/><G63/><T2/><D2/><U101/><E101/><V68/><F68/><W111/><G40/><T107/><D107/><U116/><E116/><V130/><F54/><AGARI ba="1,0" hai="4,5,7,54,58,61,89,90,92,96,102" m="15882" machi="54" ten="30,1000,0" yaku="8,1" doraHai="81" who="1" fromWho="2" sc="310,0,230,13,230,-13,230,0" /><INIT seed="1,0,0,0,5,22" ten="310,243,217,230" oya="1" hai0="105,36,62,122,40,118,14,42,59,133,3,33,115" hai1="65,17,87,5,25,114,91,54,70,2,117,24,128" hai2="56,76,71,73,19,67,61,34,106,29,89,63,96" hai3="90,130,119,16,120,28,46,86,134,111,74,98,35"/><U26/><E117/><V84/><F76/><W132/><G74/><T80/><D33/><U92/><E114/><V37/><F37/><W101/><G120/><T10/><D115/><U52/><E128/><V39/><F39/><W81/><G119/><T20/><D105/><U83/><E2/><V110/><F73/><W11/><G130/><T23/><D36/><U104/><E104/><V131/><F110/><W113/><G111/><T123/><D3/><U112/><E112/><V4/><F4/><W69/><G46/><T93/><D80/><U47/><E5/><V21/><F131/><W66/><G66/><N who="0" m="39263" /><D133/><U18/><E70/><V55/><F29/><W57/><G57/><T79/><D79/><N who="1" m="46591" /><E65/><V44/><F34/><W60/><G60/><T49/><D118/><U1/><E1/><V94/><F44/><W108/><G69/><T32/><D32/><U100/><E100/><V58/><F106/><W124/><G108/><T125/><D125/><U102/><E102/><V48/><F71/><W85/><G124/><T0/><D0/><U97/><E54/><V9/><F63/><W64/><G134/><T51/><D123/><U88/><E91/><V41/><F41/><N who="0" m="15978" /><D122/><U27/><N who="1" m="6144" /><DORA hai="121" /><U50/><AGARI ba="0,0" hai="17,18,47,50,52,88,92,97" m="6144,46591" machi="50" ten="40,24000,3" yaku="4,1,8,1,52,4,54,2" doraHai="22,121" who="1" fromWho="1" sc="310,-80,243,240,217,-80,230,-80" /><INIT seed="1,1,0,0,5,120" ten="230,483,137,150" oya="1" hai0="122,18,11,130,103,61,100,135,9,64,45,82,15" hai1="112,69,59,113,78,54,51,116,19,44,105,57,124" hai2="28,70,31,34,16,132,25,33,129,87,43,111,79" hai3="65,38,22,126,91,101,21,110,102,24,2,66,1"/><U134/><E105/><V131/><F70/><W37/><G91/><T48/><D122/><U118/><E78/><V12/><F43/><W27/><REACH who="3" step="1"/><G126/><REACH who="3" ten="230,483,137,140" step="2"/><T115/><D115/><N who="1" m="44107" /><E124/><V14/><F132/><W30/><G30/><N who="2" m="11305" /><F79/><W56/><G56/><N who="1" m="21578" /><E19/><V127/><F127/><W125/><G125/><T60/><D130/><N who="2" m="49674" /><F87/><W72/><G72/><T6/><D135/><U108/><E134/><V90/><F90/><W50/><G50/><T80/><D103/><U52/><E69/><V73/><F73/><W36/><G36/><T5/><D100/><U63/><E63/><V39/><F39/><W81/><G81/><T58/><D61/><U13/><E13/><N who="2" m="5227" /><F111/><AGARI ba="1,1" hai="1,2,21,22,24,27,37,38,65,66,101,102,110,111" machi="111" ten="25,8000,1" yaku="1,1,22,2,52,2,53,0" doraHai="120" doraHaiUra="7" who="3" fromWho="2" sc="230,0,483,0,137,-83,140,93" /><INIT seed="2,0,0,0,1,60" ten="230,483,54,233" oya="2" hai0="38,128,79,84,28,26,116,55,96,32,92,130,108" hai1="103,88,47,102,54,126,25,135,2,44,107,119,100" hai2="20,120,121,1,4,75,14,97,18,129,61,19,124" hai3="69,9,6,83,34,94,98,0,71,42,65,74,67"/><V78/><F75/><W50/><G34/><T8/><D38/><U113/><E2/><V123/><F78/><W11/><G11/><T10/><D116/><U109/><E119/><V30/><F97/><W64/><G83/><N who="0" m="47231" /><D55/><U7/><E7/><V15/><F61/><W127/><G127/><T3/><D3/><U87/><E113/><V16/><F124/><W59/><G74/><T35/><D35/><U36/><E126/><V85/><F85/><W68/><G42/><T95/><D95/><U21/><E109/><V23/><F129/><N who="0" m="49770" /><D108/><U40/><E135/><V73/><F73/><W132/><G132/><T41/><D41/><U13/><E13/><N who="2" m="4619" /><F30/><W110/><G110/><T24/><D24/><U53/><E107/><V114/><F114/><W43/><G43/><T104/><D104/><U31/><REACH who="1" step="1"/><E47/><REACH who="1" ten="230,473,54,233" step="2"/><V106/><F106/><W57/><REACH who="3" step="1"/><G50/><REACH who="3" ten="230,473,54,223" step="2"/><T5/><D5/><U90/><E90/><AGARI ba="0,2" hai="0,6,9,57,59,64,65,67,68,69,71,90,94,98" machi="90" ten="50,8000,1" yaku="1,1,2,1,52,3,53,0" doraHai="60" doraHaiUra="27" who="3" fromWho="1" sc="230,0,473,-80,54,0,223,100" /><AGARI ba="0,0" hai="8,10,26,28,32,90,92,96" m="49770,47231" machi="90" ten="30,1000,0" yaku="19,1" doraHai="60" who="0" fromWho="1" sc="230,10,393,-10,54,0,323,0" /><INIT seed="3,0,0,5,1,96" ten="240,383,54,323" oya="3" hai0="75,82,16,31,125,25,129,40,97,44,108,69,36" hai1="37,34,74,38,84,68,65,11,7,4,116,22,101" hai2="73,32,90,102,47,3,56,30,132,66,79,126,55" hai3="18,117,63,127,123,67,99,54,95,131,83,71,45"/><W86/><G117/><T52/><D108/><U76/><E74/><V28/><F126/><W118/><G123/><T57/><D129/><U93/><E34/><V124/><F124/><W111/><G127/><T26/><D125/><U89/><E116/><V114/><F114/><W92/><G118/><T133/><D69/><U6/><E76/><V135/><F3/><W98/><G131/><T85/><D75/><U51/><E11/><V119/><F119/><W134/><G134/><T13/><D133/><U21/><E51/><V81/><F66/><W53/><G45/><T14/><D14/><U20/><REACH who="1" step="1"/><E101/><REACH who="1" ten="240,373,54,323" step="2"/><V110/><F132/><W122/><G122/><T2/><D2/><U17/><E17/><V12/><F135/><W39/><G18/><T27/><D31/><U78/><E78/><V64/><F30/><W48/><G39/><T24/><D97/><U107/><E107/><V91/><F28/><W77/><G48/><T60/><N who="0" m="6144" /><DORA hai="113" /><T9/><D85/><U42/><E42/><V80/><F32/><W106/><G106/><T19/><REACH who="0" step="1"/><D82/><REACH who="0" ten="230,373,54,323" step="2"/><U43/><E43/><V109/><F73/><W104/><G104/><T103/><D103/><U72/><E72/><V100/><F109/><W70/><G111/><T29/><D29/><U58/><E58/><V61/><F110/><W10/><G71/><T94/><D94/><U15/><E15/><V121/><F12/><W35/><G35/><T87/><D87/><U128/><E128/><V59/><F80/><W23/><G23/><T5/><AGARI ba="0,2" hai="5,9,13,16,19,36,40,44,52,57,60" m="6144" machi="5" ten="40,8000,1" yaku="1,1,0,1,54,2,53,1" doraHai="96,113" doraHaiUra="88,8" who="0" fromWho="0" sc="230,100,373,-20,54,-20,323,-40" /><INIT seed="4,0,0,2,1,13" ten="330,353,34,283" oya="0" hai0="93,35,104,26,53,129,127,89,83,10,50,65,59" hai1="4,75,70,96,51,42,92,68,103,33,52,114,82" hai2="7,16,25,88,8,57,100,20,34,110,134,17,79" hai3="108,5,12,123,44,18,85,77,28,60,3,56,135"/><T84/><D104/><N who="1" m="63591" /><E33/><V49/><F110/><W74/><G108/><T0/><D129/><U124/><E42/><V24/><F134/><W9/><G74/><T113/><D113/><U109/><E4/><V39/><F39/><W126/><G126/><T36/><D127/><U38/><E38/><V19/><F79/><W90/><G77/><T81/><D36/><U27/><E27/><V67/><F100/><W87/><G123/><T11/><D65/><U105/><E105/><V31/><F67/><W76/><G28/><T131/><D131/><U55/><E55/><V1/><F88/><W29/><G29/><T91/><D35/><U117/><E124/><V30/><F57/><W101/><G101/><T99/><D26/><U6/><E6/><N who="2" m="1103" /><F49/><W47/><G135/><T73/><D0/><U54/><E54/><V43/><F43/><W97/><G76/><T40/><D40/><U37/><E37/><V69/><F69/><W112/><G112/><T41/><D41/><U64/><E64/><V71/><F71/><W80/><G47/><T132/><D132/><U21/><E92/><V48/><F48/><W62/><G44/><T118/><D118/><U102/><E102/><V125/><F125/><W115/><G115/><T116/><D116/><U133/><E117/><V128/><F128/><W72/><G62/><T66/><D66/><U14/><E109/><V95/><F95/><W45/><G60/><T63/><D63/><U22/><E114/><V46/><F46/><W121/><G45/><T107/><D107/><U94/><E133/><V2/><F2/><W119/><G3/><RYUUKYOKU ba="0,0" sc="330,15,353,-15,34,15,283,-15" hai0="10,11,50,53,59,73,81,83,84,89,91,93,99" hai2="7,16,17,19,20,24,25,30,31,34" /><INIT seed="4,1,0,4,5,131" ten="345,338,49,268" oya="0" hai0="123,68,104,133,90,110,73,5,83,119,12,122,23" hai1="79,34,93,19,124,107,66,120,35,109,98,85,47" hai2="53,126,49,10,64,132,9,30,22,121,117,7,11" hai3="50,118,113,130,29,82,56,125,16,84,61,41,6"/><T43/><D104/><U70/><E120/><V0/><F121/><W96/><G130/><T74/><D119/><U36/><E109/><V13/><F64/><W87/><G113/><T99/><D68/><U92/><E124/><V116/><F49/><W3/><G29/><T62/><D43/><U76/><E107/><V67/><F67/><W40/><G96/><T72/><D110/><U78/><E70/><V97/><F97/><W94/><G125/><T81/><D62/><U32/><E66/><V25/><F53/><W129/><G118/><N who="2" m="45673" /><F126/><W89/><G129/><T114/><D114/><U4/><E4/><N who="2" m="1415" /><F10/><W91/><G50/><T135/><D5/><U54/><E85/><V42/><F42/><W24/><G41/><T100/><D123/><U106/><E36/><V44/><F44/><W8/><G40/><T17/><D122/><U101/><E47/><V115/><F115/><W59/><REACH who="3" step="1"/><G61/><REACH who="3" ten="345,338,49,258" step="2"/><T31/><D31/><U77/><E98/><V46/><F46/><W45/><G45/><T28/><D28/><U52/><E106/><V60/><F60/><W108/><G108/><T38/><D38/><U20/><E101/><V111/><F111/><W57/><G57/><T39/><D39/><U134/><E54/><V33/><F33/><W80/><G80/><T55/><D100/><U26/><E52/><V95/><F95/><W103/><G103/><T86/><D55/><U112/><E112/><V102/><F102/><W48/><G48/><T128/><D128/><U105/><E105/><V65/><F65/><W14/><G14/><T21/><D99/><U18/><E92/><RYUUKYOKU ba="1,1" sc="345,-15,338,-15,49,15,258,15" hai2="7,9,13,22,25,30,132" hai3="3,6,8,16,24,56,59,82,84,87,89,91,94" /><INIT seed="5,2,1,2,4,99" ten="330,323,64,273" oya="1" hai0="113,68,72,86,76,43,131,121,35,33,30,31,119" hai1="106,100,50,19,112,48,14,12,132,107,122,71,62" hai2="15,54,58,129,82,98,25,92,134,104,75,16,56" hai3="59,102,9,124,110,96,84,26,13,93,117,36,105"/><U97/><E122/><V109/><F109/><W45/><G110/><T39/><D72/><U8/><E112/><V61/><F129/><W51/><G36/><T77/><D68/><U123/><E123/><V3/><F3/><W4/><G124/><T65/><D121/><U29/><E107/><V73/><F134/><W70/><G70/><T46/><D119/><U41/><E132/><V6/><F104/><W74/><G74/><T69/><D113/><U52/><E41/><V83/><F73/><W88/><G59/><T118/><D118/><U22/><E29/><V133/><F75/><W128/><G117/><T23/><D131/><U21/><E21/><V53/><F6/><W103/><G26/><T34/><D23/><U108/><E108/><V126/><F25/><W42/><G128/><T89/><D65/><U38/><E38/><V10/><F126/><W11/><G11/><T79/><REACH who="0" step="1"/><D69/><REACH who="0" ten="320,323,64,273" step="2"/><U78/><E71/><V125/><F125/><W32/><G32/><T0/><D0/><U67/><E67/><V80/><F133/><W66/><G66/><T115/><D115/><U130/><E130/><V95/><REACH who="2" step="1"/><F98/><REACH who="2" ten="320,323,54,273" step="2"/><W2/><G2/><T127/><D127/><U120/><E120/><V114/><F114/><W91/><REACH who="3" step="1"/><G105/><REACH who="3" ten="320,323,54,263" step="2"/><T20/><D20/><U17/><E106/><V63/><AGARI ba="2,4" hai="10,15,16,53,54,56,58,61,63,80,82,83,92,95" machi="63" ten="30,8000,1" yaku="1,1,0,1,9,1,8,1,54,1,53,0" doraHai="99" doraHaiUra="81" who="2" fromWho="2" sc="320,-22,323,-42,54,126,263,-22" /><INIT seed="6,0,0,2,0,92" ten="298,281,180,241" oya="2" hai0="134,88,75,103,125,105,30,94,126,33,122,12,41" hai1="80,84,21,85,57,90,26,37,104,19,27,54,116" hai2="120,48,67,46,10,17,39,79,111,9,51,28,24" hai3="113,99,15,70,49,56,45,61,114,129,109,3,42"/><V47/><F120/><W133/><G3/><T38/><D122/><U121/><E116/><V81/><F67/><W4/><G109/><T5/><D75/><U93/><E104/><V100/><F111/><W44/><G70/><T117/><D117/><U1/><E37/><V96/><F39/><W119/><G119/><T106/><D134/><U18/><E1/><V0/><F0/><W50/><G133/><T36/><D33/><U98/><E121/><V59/><F59/><W115/><G129/><T35/><D38/><U32/><E32/><V60/><F60/><W74/><G74/><T128/><D41/><U95/><E95/><N who="2" m="58399" /><F28/><W6/><G15/><T71/><D71/><U25/><E80/><V72/><F72/><W78/><G78/><T110/><D36/><U91/><E91/><V8/><F81/><W40/><G99/><N who="0" m="57799" /><D103/><U130/><E130/><V58/><F79/><W66/><AGARI ba="0,0" hai="4,6,40,42,44,45,49,50,56,61,66,113,114,115" machi="66" ten="30,7900,0" yaku="0,1,9,1,15,1,11,1" doraHai="92" who="3" fromWho="3" sc="298,-20,281,-20,180,-39,241,79" /><INIT seed="7,0,0,4,5,59" ten="278,261,141,320" oya="3" hai0="134,125,82,86,4,96,94,9,39,133,132,26,100" hai1="131,25,45,135,121,16,111,101,76,103,72,22,42" hai2="53,15,31,35,105,117,127,29,34,120,93,21,20" hai3="24,28,2,64,83,61,124,128,32,30,47,50,79"/><W71/><G2/><T68/><D39/><U49/><E121/><V95/><F105/><W81/><G124/><T126/><D68/><U67/><E111/><V27/><F117/><W74/><G128/><T89/><REACH who="0" step="1"/><D26/><REACH who="0" ten="268,261,141,320" step="2"/><U38/><E131/><V41/><F127/><W18/><G24/><T130/><D130/><U87/><E135/><V90/><F120/><W23/><G32/><T7/><D7/><U106/><E72/><V114/><F114/><W13/><G83/><T92/><D92/><U60/><E38/><V3/><F3/><AGARI ba="0,1" hai="3,4,9,82,86,89,94,96,100,125,126,132,133,134" machi="3" ten="40,2600,0" yaku="1,1,20,1,53,0" doraHai="59" doraHaiUra="115" who="0" fromWho="2" sc="268,36,261,0,141,-26,320,0" owari="304,10.0,261,-14.0,115,-38.0,320,42.0" /></mjloggm>