<mjloggm ver="2.3"><GO type="97" lobby="0"/><UN n0="%E3%83%91%E3%83%8E%E3%83%97%E3%83%86%E3%82%A3%E3%82%B3%E3%83%B3" n1="%E3%82%A2%E3%83%A1%E3%83%AA%E3%82%A2" n2="%E5%B0%B1%E6%B4%BB%E7%94%9F%40%E5%B7%9D%E6%9D%91%E8%BB%8D%E5%9B%A3" n3="%2D%6B%6F%6B%6F%2D" dan="15,13,14,14" rate="2021.82,1885.59,1990.43,1874.21" sx="M,M,M,M"/><TAIKYOKU oya="0"/><INIT seed="0,0,0,4,5,117" ten="250,250,250,250" oya="0" hai0="2,9,20,29,93,96,81,101,102,18,11,79,23" hai1="7,37,83,84,98,62,60,107,133,5,121,50,106" hai2="119,69,68,120,24,26,76,3,33,73,52,95,67" hai3="32,53,80,17,128,12,113,88,71,130,123,34,125"/><T66/><D2/><U22/><E121/><V47/><F119/><W132/><G113/><T104/><D104/><U65/><E37/><V28/><F3/><W45/><G71/><T91/><D66/><U54/><E133/><V57/><F120/><W87/><G132/><T4/><D29/><U0/><E0/><V111/><F111/><W72/><G125/><T85/><D4/><U49/><E98/><V39/><F26/><W114/><G72/><T90/><D91/><U13/><E22/><V38/><F95/><W16/><G114/><T78/><D23/><U109/><E109/><V129/><F129/><N who="3" m="49771" /><G123/><T105/><D105/><U118/><E118/><V51/><F38/><W27/><G27/><T19/><D19/><N who="3" m="7241" /><G12/><N who="0" m="9287" /><D79/><U97/><E107/><V126/><F126/><W46/><G53/><T112/><D112/><U134/><E134/><V21/><F33/><AGARI ba="0,0" hai="32,33,34,45,46,80,87,88" m="7241,49771" machi="33" ten="30,3900,0" yaku="19,1,54,2" doraHai="117" who="3" fromWho="2" sc="250,0,250,0,250,-39,250,39" /><INIT seed="1,0,0,1,2,17" ten="250,250,211,289" oya="1" hai0="112,105,55,57,117,90,71,56,98,129,88,22,15" hai1="65,0,3,81,99,76,25,30,48,127,118,120,108" hai2="61,66,115,20,45,133,59,2,32,67,111,34,18" hai3="107,122,63,10,84,114,24,69,89,16,35,131,77"/><U92/><E120/><V101/><F2/><W106/><G114/><T100/><D112/><U119/><E127/><V49/><F115/><W19/><G77/><T47/><D117/><U109/><E65/><V26/><F133/><W4/><G122/><T134/><D71/><U135/><E135/><V87/><F111/><N who="1" m="42569" /><E48/><V21/><F67/><W96/><G131/><T41/><D134/><U60/><E60/><V43/><F101/><W68/><G35/><T130/><D57/><U33/><E99/><V62/><F62/><W38/><G38/><T29/><D129/><U31/><E31/><V40/><F40/><W54/><G69/><T64/><D64/><U79/><E92/><V53/><F87/><W36/><G36/><T85/><D85/><N who="1" m="48295" /><E79/><V73/><F73/><W13/><G68/><T102/><D102/><U27/><E27/><V128/><F128/><W37/><G37/><T1/><D1/><AGARI ba="0,0" hai="0,1,3,25,30,33,118,119" m="48295,42569" machi="1" ten="30,2900,0" yaku="14,1,10,1" doraHai="17" who="1" fromWho="0" sc="250,-29,250,29,211,0,289,0" /><INIT seed="1,1,0,0,4,105" ten="221,279,211,289" oya="1" hai0="51,86,133,118,37,39,24,14,106,64,49,68,125" hai1="10,6,132,44,123,1,74,69,3,131,7,126,13" hai2="36,114,81,34,60,75,116,90,43,21,78,50,30" hai3="40,58,95,55,102,42,31,56,83,127,25,5,88"/><U71/><E123/><V65/><F116/><W22/><G127/><T47/><D106/><U111/><E126/><V100/><F114/><W134/><G134/><T46/><D118/><U15/><E74/><V62/><F62/><N who="3" m="36127" /><G5/><T4/><D125/><U129/><E132/><V124/><F124/><W101/><G83/><T45/><D86/><U57/><E44/><N who="2" m="23655" /><F21/><W92/><G58/><T53/><D24/><U76/><E76/><V2/><F50/><N who="0" m="18954" /><D14/><N who="1" m="5131" /><E57/><V117/><F90/><W48/><G95/><T77/><D4/><N who="1" m="1579" /><E10/><V130/><F130/><N who="1" m="49673" /><E111/><V108/><F108/><W103/><G48/><N who="0" m="28815" /><D77/><U52/><E52/><V26/><F117/><W87/><AGARI ba="1,0" hai="22,25,31,40,42,87,88,92,101,102,103" m="36127" machi="87" ten="30,2000,0" yaku="8,1,54,1" doraHai="105" who="3" fromWho="3" sc="221,-6,279,-11,211,-6,289,23" /><INIT seed="2,0,0,2,5,135" ten="215,268,205,312" oya="2" hai0="3,5,92,52,22,95,77,122,45,116,112,19,99" hai1="58,35,15,48,101,72,6,87,83,31,46,18,36" hai2="127,131,114,108,62,41,113,109,81,9,130,134,128" hai3="54,103,88,37,133,20,69,73,23,61,60,14,74"/><V13/><F134/><W29/><G37/><T34/><D34/><U47/><E101/><V0/><F0/><W24/><G103/><T102/><D122/><U11/><E72/><V80/><F41/><W132/><G61/><T85/><D112/><N who="2" m="43114" /><F127/><W129/><G132/><T17/><D116/><U75/><E75/><V39/><F62/><W38/><G38/><T33/><D33/><U93/><E35/><V28/><F28/><W107/><G107/><T96/><D3/><U53/><E31/><V100/><F100/><W105/><G105/><T55/><D5/><U64/><E36/><V25/><F25/><W1/><G1/><T49/><D55/><U97/><E64/><V51/><F51/><W32/><G133/><T71/><D71/><U16/><E18/><N who="0" m="6665" /><D22/><U91/><REACH who="1" step="1"/><E6/><REACH who="1" ten="215,258,205,312" step="2"/><N who="2" m="3255" /><F39/><W78/><G73/><T94/><D102/><U106/><E106/><V82/><AGARI ba="0,1" hai="80,81,82,108,109,128,130,131" m="3255,43114" machi="82" ten="50,2400,0" yaku="19,1" doraHai="135" who="2" fromWho="2" sc="215,-8,258,-8,205,34,312,-8" /><INIT seed="2,1,0,4,2,117" ten="207,250,239,304" oya="2" hai0="29,9,107,30,130,79,123,125,76,94,14,119,112" hai1="66,81,55,124,13,103,105,98,47,70,37,10,32" hai2="104,21,80,1,102,2,19,26,11,41,39,69,56" hai3="113,78,20,63,42,133,36,50,59,0,106,114,121"/><V34/><F69/><W6/><G121/><T126/><D112/><U67/><E124/><N who="0" m="47721" /><D107/><U87/><E32/><V58/><F34/><W18/><G106/><T111/><D94/><U22/><E22/><V82/><F39/><W90/><G78/><N who="0" m="29739" /><D119/><U118/><E118/><V116/><F116/><W31/><G133/><T84/><D84/><U28/><E28/><N who="0" m="10857" /><D111/><U85/><E85/><V57/><F41/><W127/><G42/><T33/><D33/><U100/><E105/><V38/><F38/><W24/><G36/><T77/><N who="0" m="29747" /><T12/><DORA hai="40" /><D9/><U93/><E93/><V108/><F108/><W83/><G127/><T71/><D71/><U134/><E70/><V44/><F11/><W35/><G35/><T89/><D89/><U75/><E10/><V52/><F104/><W65/><G90/><T62/><D62/><U5/><E134/><V49/><REACH who="2" step="1"/><F102/><REACH who="2" ten="207,250,229,304" step="2"/><W74/><G113/><T86/><D130/><U135/><E103/><V88/><F88/><W60/><G114/><T72/><D72/><U110/><E100/><V109/><F109/><W128/><G128/><T46/><D86/><U97/><E110/><V132/><F132/><W115/><G74/><T53/><D123/><U48/><E75/><V25/><F25/><W3/><G24/><T95/><D95/><U45/><E135/><V15/><F15/><W8/><G8/><T51/><AGARI ba="1,1" hai="12,14,46,51,53" m="10857,29747,47721" machi="51" ten="40,2700,0" yaku="18,1,52,1" doraHai="117,40" who="0" fromWho="0" sc="207,40,250,-8,229,-14,304,-8" /><INIT seed="3,0,0,3,0,52" ten="247,242,215,296" oya="3" hai0="88,68,81,108,71,55,70,35,126,33,76,34,79" hai1="67,93,133,59,86,64,124,78,23,104,6,98,10" hai2="20,45,120,4,56,84,19,61,26,89,134,38,3" hai3="28,21,16,25,72,99,119,39,12,58,87,63,90"/><W100/><G72/><T113/><D108/><U31/><E104/><V69/><F120/><W53/><G39/><T57/><D126/><U5/><E124/><V107/><F107/><W30/><G25/><T127/><D127/><U92/><E133/><V14/><F134/><W112/><G112/><T48/><D113/><U44/><E44/><V105/><F105/><W125/><G119/><T1/><D1/><U115/><E115/><V65/><F3/><W9/><G9/><T128/><D128/><U73/><E73/><V17/><F4/><W114/><G114/><T0/><D0/><U91/><E78/><V22/><F38/><W54/><G54/><T101/><D101/><N who="1" m="60615" /><E67/><V130/><F130/><W83/><G125/><T43/><D43/><U117/><E10/><V42/><F42/><W123/><G123/><T2/><D2/><U106/><E106/><AGARI ba="0,0" hai="12,16,21,28,30,53,58,63,83,87,90,99,100,106" machi="106" ten="30,5800,0" yaku="7,1,52,1,54,1" doraHai="52" who="3" fromWho="1" sc="247,0,242,-58,215,0,296,58" owari="247,5.0,184,-32.0,215,-18.0,354,45.0" /></mjloggm>