<mjloggm ver="2.3"><GO type="97" lobby="0"/><UN n0="%4F%53%43%37%37%37" n1="%6D%6F%6D%69%61%67%65%30" n2="%E3%83%88%E3%83%88%E3%83%AA%E5%85%88%E7%94%9F%31%39%E6%AD%B3" n3="%4B%6B%79%6F%75%6D%65%69" dan="15,14,15,15" rate="2011.07,1979.42,2006.10,1985.46" sx="M,M,F,M"/><TAIKYOKU oya="0"/><INIT seed="0,0,0,4,5,31" ten="250,250,250,250" oya="0" hai0="117,38,26,105,50,10,89,94,125,41,42,119,65" hai1="39,121,108,37,44,8,48,100,84,113,22,72,34" hai2="73,54,80,124,78,75,104,27,49,69,40,130,12" hai3="60,91,110,43,92,32,129,55,133,82,17,107,63"/><T46/><D105/><U25/><E72/><V132/><F104/><W127/><G107/><T109/><D125/><U128/><E34/><V96/><F69/><W115/><G115/><T106/><D106/><U76/><E108/><V98/><F75/><W114/><G114/><T134/><D109/><U13/><E128/><V15/><F130/><W90/><G43/><T122/><D122/><U74/><E100/><V9/><F124/><W1/><G1/><T135/><D65/><U101/><E101/><V35/><F132/><N who="0" m="50730" /><D26/><U120/><E74/><V71/><F71/><W66/><G133/><T99/><D10/><U28/><E113/><V56/><F15/><W81/><G129/><T0/><D0/><U97/><E97/><V3/><F3/><W14/><G127/><T51/><D41/><N who="1" m="24591" /><E120/><V126/><F126/><W77/><G110/><T18/><D18/><U23/><E23/><V30/><REACH who="2" step="1"/><F40/><REACH who="2" ten="250,250,240,250" step="2"/><W36/><G14/><T52/><D38/><U2/><E2/><V7/><AGARI ba="0,1" hai="7,9,12,27,30,35,49,54,56,73,78,80,96,98" machi="7" ten="20,8000,1" yaku="1,1,2,1,0,1,7,1,52,1,53,0" doraHai="31" doraHaiUra="102" who="2" fromWho="2" sc="250,-40,250,-20,240,90,250,-20" /><INIT seed="1,0,0,0,4,68" ten="210,230,330,230" oya="1" hai0="72,44,76,43,16,64,24,15,133,114,5,69,98" hai1="71,36,50,60,48,3,27,112,84,117,86,122,125" hai2="33,53,58,120,40,102,39,46,97,79,89,87,95" hai3="130,103,41,74,35,61,47,12,110,52,31,108,32"/><U78/><E122/><V118/><F120/><W2/><G2/><T38/><D114/><U66/><E3/><V90/><F33/><W81/><G103/><T13/><D133/><U77/><E125/><V100/><F118/><W128/><G12/><T132/><D132/><U26/><E71/><V25/><F79/><W70/><G81/><T6/><D72/><U135/><E135/><V49/><REACH who="2" step="1"/><F25/><REACH who="2" ten="210,230,320,230" step="2"/><N who="3" m="18543" /><G35/><T8/><D24/><U51/><E26/><V30/><F30/><W121/><G121/><T62/><D76/><U83/><E27/><V17/><F17/><W54/><G74/><T115/><D115/><U1/><E78/><V113/><F113/><W56/><G70/><T123/><D123/><U19/><E77/><V21/><F21/><W94/><G94/><AGARI ba="0,1" hai="39,40,46,49,53,58,87,89,90,94,95,97,100,102" machi="94" ten="30,7700,0" yaku="1,1,7,1,52,1,53,1" doraHai="68" doraHaiUra="80" who="2" fromWho="3" sc="210,0,230,0,320,87,230,-77" /><INIT seed="2,0,0,4,0,17" ten="210,230,407,153" oya="2" hai0="47,125,98,40,54,112,86,61,56,124,11,93,103" hai1="78,104,26,88,16,77,5,63,65,85,74,35,119" hai2="110,130,51,8,134,133,21,18,37,45,90,30,87" hai3="62,113,121,96,135,57,97,80,114,39,79,100,46"/><V69/><F69/><W132/><G121/><T14/><D112/><N who="3" m="43113" /><G46/><T117/><D117/><U27/><E74/><V4/><F37/><W111/><G39/><T34/><D34/><U12/><E104/><V50/><F30/><W52/><G111/><T43/><D86/><U75/><E5/><V49/><F110/><W81/><G81/><T84/><D84/><U15/><E75/><V22/><F18/><W7/><G7/><T66/><D66/><U115/><E12/><N who="2" m="5127" /><F130/><W127/><G127/><N who="0" m="48715" /><D47/><U38/><E38/><V94/><F45/><W73/><G100/><T29/><D29/><U32/><E119/><V60/><F60/><W24/><G24/><N who="1" m="9258" /><E32/><V41/><F41/><W106/><G106/><T128/><D128/><U0/><E0/><V129/><F129/><W58/><G58/><T91/><D103/><U131/><E35/><V109/><F109/><W42/><G42/><T92/><D92/><N who="1" m="54287" /><E131/><V102/><F102/><W13/><G13/><T67/><D11/><U68/><E68/><V9/><F9/><W19/><G19/><T107/><D107/><U126/><E126/><V48/><N who="2" m="12288" /><DORA hai="122" /><V116/><F116/><W44/><G44/><T123/><D123/><U33/><E33/><V64/><F94/><W71/><G71/><N who="0" m="42479" /><D14/><U95/><E95/><V6/><F6/><W99/><AGARI ba="0,0" hai="52,57,62,73,79,80,96,97,99,132,135" m="43113" machi="99" ten="40,2700,0" yaku="11,1,54,1" doraHai="17,122" who="3" fromWho="3" sc="210,-7,230,-7,407,-13,153,27" /><INIT seed="3,0,0,0,3,56" ten="203,223,394,180" oya="3" hai0="101,23,46,52,80,118,123,79,27,70,111,112,119" hai1="89,121,66,62,51,33,12,42,88,20,107,117,10" hai2="19,21,103,15,78,35,39,120,127,87,131,83,40" hai3="2,50,74,92,5,37,34,113,125,61,95,97,41"/><W63/><G113/><T54/><D70/><U55/><E33/><V98/><F35/><W43/><G37/><T99/><D123/><U130/><E107/><V90/><F131/><W105/><G74/><T57/><D112/><U36/><E130/><V24/><F120/><W100/><G34/><T8/><D111/><U76/><E76/><V106/><F127/><W22/><G125/><T45/><D8/><U126/><E126/><V73/><F40/><W134/><G134/><T93/><D119/><U26/><E117/><V72/><F39/><W102/><G105/><T49/><D54/><U11/><E42/><N who="3" m="15882" /><G2/><T60/><D49/><U108/><E108/><V77/><F77/><W114/><G5/><T91/><D101/><U29/><E36/><V59/><F72/><W109/><G114/><T0/><D0/><U68/><E10/><V135/><F135/><W128/><G128/><T25/><D25/><U71/><E71/><V9/><F73/><W86/><G109/><T85/><D118/><U53/><E53/><V115/><F78/><W104/><G104/><T132/><D132/><U94/><E94/><V133/><F133/><W31/><G50/><T96/><D96/><U17/><E121/><V129/><F129/><W6/><G6/><T124/><D124/><U1/><E1/><V65/><F115/><W4/><G4/><T18/><AGARI ba="0,0" hai="18,23,27,45,46,52,57,60,79,80,85,91,93,99" machi="18" ten="20,12000,2" yaku="0,1,7,1,25,2,8,1,52,1,54,1" doraHai="56" who="0" fromWho="0" sc="203,120,223,-30,394,-30,180,-60" owari="323,12.0,193,-21.0,364,47.0,120,-38.0" /></mjloggm>