<mjloggm ver="2.3"><GO type="97" lobby="0"/><UN n0="%E5%A4%A2%E8%A6%8B%E3%82%8B%E9%9B%80%E5%A3%AB" n1="%E3%83%97%E3%83%AD%E3%81%A0%E3%82%88" n2="%E3%81%B9%E3%81%91%E3%82%93" n3="%E5%B0%B1%E6%B4%BB%E7%94%9F%40%E5%B7%9D%E6%9D%91%E8%BB%8D%E5%9B%A3" dan="14,14,15,15" rate="1924.24,1920.60,2061.18,2005.35" sx="M,M,M,M"/><TAIKYOKU oya="0"/><INIT seed="0,0,0,4,1,10" ten="250,250,250,250" oya="0" hai0="105,82,86,23,56,133,17,20,130,18,107,128,54" hai1="13,51,71,74,98,21,114,57,81,103,62,11,44" hai2="29,40,16,50,8,91,95,83,12,55,73,126,134" hai3="65,109,125,27,48,47,90,46,87,135,36,72,88"/><T111/><D133/><U6/><E114/><V53/><F134/><W113/><G72/><T30/><D30/><U93/><E71/><V94/><F126/><W7/><G113/><T97/><D111/><U68/><E68/><V78/><F29/><W117/><G117/><T59/><D97/><U64/><E74/><V39/><F39/><W43/><G135/><T104/><D86/><U110/><E110/><V121/><F121/><W61/><G109/><T37/><D82/><U15/><E81/><V127/><F127/><W80/><G7/><T3/><D37/><U132/><E132/><V9/><F9/><W24/><G90/><T115/><D3/><U38/><E38/><V31/><F31/><W28/><G125/><T42/><D42/><U100/><E100/><V79/><F79/><W4/><G4/><T92/><D92/><U102/><E102/><V70/><F70/><W45/><G36/><T0/><D0/><U19/><E51/><V22/><F8/><W112/><G112/><T41/><D41/><U122/><E122/><V14/><F14/><W75/><G75/><T67/><D115/><U34/><E34/><V116/><F116/><W99/><G99/><T106/><D106/><U118/><E118/><V33/><F33/><W77/><G77/><T76/><D76/><U26/><E44/><N who="3" m="17002" /><G28/><T58/><D54/><N who="2" m="20490" /><F91/><W96/><G96/><T60/><D67/><U119/><E119/><V49/><F40/><W25/><G65/><T124/><D124/><U101/><E101/><V66/><F66/><W131/><G131/><N who="0" m="50219" /><D60/><AGARI ba="0,0" hai="24,25,27,43,47,48,60,61,80,87,88" m="17002" machi="60" ten="30,2000,0" yaku="8,1,54,1" doraHai="10" who="3" fromWho="0" sc="250,-20,250,0,250,0,250,20" /><INIT seed="1,0,0,2,3,45" ten="230,250,250,270" oya="1" hai0="77,31,32,24,119,47,90,128,10,100,85,127,86" hai1="101,98,16,87,99,41,40,25,2,71,125,9,117" hai2="120,39,110,48,114,51,68,35,13,58,91,29,75" hai3="4,109,69,63,18,135,11,49,107,21,57,61,62"/><U56/><E125/><V0/><F120/><W97/><G135/><T28/><D119/><U52/><E117/><V8/><F39/><W23/><G109/><T66/><D100/><U17/><E71/><V81/><F68/><W116/><G116/><T89/><D77/><U20/><E87/><N who="2" m="50671" /><F75/><W78/><G78/><T27/><D127/><U12/><E2/><V67/><F0/><W43/><G69/><T131/><D66/><U111/><E111/><V115/><F110/><W59/><G107/><T53/><D10/><U44/><E44/><V72/><F72/><W42/><G97/><T3/><D3/><U5/><E5/><V134/><F134/><W50/><G11/><T106/><D106/><U84/><E84/><V105/><F105/><W126/><G4/><T94/><D47/><U80/><E80/><V132/><F132/><W82/><G82/><T121/><D53/><U95/><E99/><V60/><F35/><W15/><G23/><T92/><D121/><U37/><E37/><V19/><F29/><W1/><G1/><T76/><REACH who="0" step="1"/><D76/><REACH who="0" ten="220,250,250,270" step="2"/><U102/><REACH who="1" step="1"/><E102/><REACH who="1" ten="220,240,250,270" step="2"/><V123/><F123/><W65/><G126/><T73/><D73/><U14/><E14/><V64/><F115/><W55/><G65/><N who="2" m="25161" /><F114/><W74/><G74/><T108/><D108/><U96/><E96/><V103/><F103/><W118/><G118/><T7/><D7/><U130/><E130/><V83/><F13/><W133/><G133/><T34/><AGARI ba="0,2" hai="24,27,28,31,32,34,85,86,89,90,92,94,128,131" machi="34" ten="30,8000,1" yaku="1,1,0,1,32,3,53,0" doraHai="45" doraHaiUra="113" who="0" fromWho="0" sc="220,100,240,-40,250,-20,270,-20" /><INIT seed="2,0,0,4,4,50" ten="320,200,230,250" oya="2" hai0="19,51,85,66,81,0,79,56,57,49,124,74,34" hai1="116,128,97,5,96,131,43,37,52,65,123,29,27" hai2="63,13,118,111,71,44,12,53,94,55,11,117,9" hai3="119,58,127,78,17,6,15,109,47,16,60,75,41"/><V25/><F25/><W88/><G119/><N who="2" m="45577" /><F94/><W112/><G127/><T54/><D124/><U91/><E116/><V21/><F44/><W132/><G132/><T73/><D0/><U104/><E65/><V102/><F21/><W105/><G105/><T48/><D34/><U76/><E5/><V135/><F102/><W82/><G112/><T98/><D66/><U70/><E70/><V83/><F83/><W121/><G121/><T130/><D98/><U95/><E76/><V110/><F135/><W20/><G109/><N who="2" m="41481" /><F71/><W134/><G134/><T113/><D113/><U46/><E123/><V7/><F63/><W115/><G115/><T120/><D120/><U22/><E104/><V1/><F1/><W80/><G6/><AGARI ba="0,0" hai="6,7,9,11,12,13,53,55" m="41481,45577" machi="6" ten="30,11600,0" yaku="14,1,10,1,52,2" doraHai="50" who="2" fromWho="3" sc="320,0,200,0,230,116,250,-116" /><INIT seed="2,1,0,1,0,135" ten="320,200,346,134" oya="2" hai0="3,77,9,69,52,55,80,28,84,90,116,89,51" hai1="60,8,71,0,62,32,111,13,121,7,56,53,35" hai2="128,64,96,113,30,78,26,37,76,102,73,88,31" hai3="120,22,16,61,114,2,82,70,49,27,118,75,122"/><V5/><F113/><W124/><G2/><T47/><D69/><U12/><E121/><V85/><F37/><W125/><G118/><T92/><D116/><U97/><E111/><V112/><F112/><W130/><G114/><T40/><D28/><U39/><E39/><V105/><F128/><W131/><G49/><T11/><D3/><U66/><E97/><V21/><F5/><W126/><G75/><T117/><D117/><U91/><E91/><V108/><F108/><W83/><G61/><T86/><D77/><U65/><E53/><AGARI ba="1,0" hai="9,11,40,47,51,52,53,55,80,84,86,89,90,92" machi="53" ten="40,2600,0" yaku="8,1,54,1" doraHai="135" who="0" fromWho="1" sc="320,29,200,-29,346,0,134,0" /><INIT seed="3,0,0,2,1,86" ten="349,171,346,134" oya="3" hai0="96,18,61,29,49,60,124,130,94,120,125,133,121" hai1="37,5,59,2,81,77,97,43,91,119,98,8,14" hai2="105,66,23,22,71,70,132,45,127,99,69,50,62" hai3="35,107,113,67,135,36,26,90,58,85,46,131,51"/><W73/><G113/><T63/><D29/><U39/><E119/><V20/><F127/><N who="0" m="48714" /><D130/><U74/><E39/><V100/><REACH who="2" step="1"/><F132/><REACH who="2" ten="349,171,336,134" step="2"/><W95/><G135/><T11/><D133/><U109/><E109/><V80/><F80/><W75/><G131/><T32/><D32/><U89/><E59/><V84/><F84/><W117/><G107/><T115/><D115/><U19/><E98/><V15/><F15/><W102/><G117/><T82/><D82/><U104/><E97/><V88/><F88/><W30/><G102/><N who="0" m="60695" /><D49/><U41/><E104/><V10/><F10/><W108/><G108/><T83/><D83/><U129/><E129/><V9/><F9/><W3/><G3/><T128/><D128/><U17/><E17/><V93/><F93/><W134/><G134/><T13/><AGARI ba="0,1" hai="11,13,18,60,61,63,120,121" m="60695,48714" machi="13" ten="40,1500,0" yaku="18,1" doraHai="86" who="0" fromWho="0" sc="349,25,171,-4,336,-4,134,-7" owari="374,47.0,167,-23.0,332,13.0,127,-37.0" /></mjloggm>