<mjloggm ver="2.3"><GO type="169" lobby="0"/><UN n0="%4F%4E%41%4B%41%4E" n1="%6E%65%70%6F%72%69%68" n2="%6B%6F%75%33%32%38%34" n3="%E3%82%A6%E3%83%AB%E3%83%88%E3%83%A9%E7%AB%8B%E7%9B%B4" dan="16,16,16,17" rate="2183.18,2021.52,2170.61,2208.08" sx="M,M,F,M"/><TAIKYOKU oya="0"/><INIT seed="0,0,0,1,3,128" ten="250,250,250,250" oya="0" hai0="23,110,39,16,106,38,50,121,63,115,60,91,61" hai1="124,12,4,30,99,83,59,2,49,123,85,51,74" hai2="73,87,53,119,67,36,43,108,127,37,86,107,62" hai3="135,104,34,66,82,24,97,45,100,15,109,1,92"/><T27/><D115/><U48/><E2/><V88/><F73/><W17/><G1/><T6/><D121/><U113/><E74/><V72/><F72/><W114/><G114/><T68/><D68/><U33/><E123/><V47/><F107/><W133/><G109/><T40/><D106/><U134/><E113/><V112/><F112/><W79/><G66/><T95/><D110/><U71/><E71/><V132/><F108/><W93/><G45/><N who="0" m="25895" /><D39/><U64/><E99/><V125/><F119/><W77/><G34/><T35/><D38/><U0/><E0/><V130/><F130/><W9/><G24/><T111/><D35/><U103/><E103/><V81/><F132/><N who="3" m="50763" /><G82/><T84/><D111/><U42/><E64/><V122/><F122/><W26/><G26/><T120/><D120/><U98/><E33/><V80/><F53/><W126/><G126/><T31/><D6/><U131/><E134/><V18/><F18/><AGARI ba="0,0" hai="16,18,23,27,31,60,61,63,84,91,95" m="25895" machi="18" ten="30,2900,0" yaku="8,1,54,1" doraHai="128" who="0" fromWho="2" sc="250,29,250,0,250,-29,250,0" /><INIT seed="0,1,0,2,1,126" ten="279,250,221,250" oya="0" hai0="124,26,11,49,24,72,106,8,68,53,37,100,110" hai1="62,33,97,122,38,123,64,88,59,51,55,92,71" hai2="103,76,30,93,65,83,67,128,44,10,105,43,74" hai3="115,63,99,0,101,111,21,129,5,127,32,7,96"/><T58/><D68/><U119/><E33/><V134/><F105/><W116/><G32/><T133/><D37/><U75/><E75/><V41/><F134/><W15/><G116/><T135/><D72/><U27/><E27/><N who="0" m="10281" /><D124/><U47/><E119/><V81/><F30/><W18/><G127/><T61/><D110/><U29/><E29/><V109/><F109/><W36/><G36/><T42/><D100/><U31/><E31/><V77/><F10/><W80/><G111/><T23/><D23/><U17/><E17/><V25/><F25/><W4/><G0/><T35/><D35/><U91/><E91/><V121/><F121/><W57/><G115/><T9/><D106/><U50/><REACH who="1" step="1"/><E38/><REACH who="1" ten="279,240,221,250" step="2"/><V130/><F103/><W118/><G118/><T90/><D90/><U34/><E34/><V69/><F69/><W79/><G101/><T84/><D135/><U12/><E12/><V48/><F93/><W1/><G1/><T19/><D133/><U85/><E85/><V2/><F2/><W73/><G96/><T89/><D89/><U16/><E16/><V94/><F94/><W120/><G99/><T20/><D84/><U45/><E45/><V131/><F41/><AGARI ba="1,1" hai="41,47,50,51,55,59,62,64,71,88,92,97,122,123" machi="41" ten="30,3900,0" yaku="1,1,7,1,54,1,53,0" doraHai="126" doraHaiUra="125" who="1" fromWho="2" sc="279,0,240,52,221,-42,250,0" /><INIT seed="1,0,0,5,4,27" ten="279,292,179,250" oya="1" hai0="115,39,121,133,89,4,126,128,105,49,18,26,50" hai1="120,70,10,91,93,35,37,62,74,104,90,113,40" hai2="9,25,42,68,109,48,21,22,130,111,119,33,43" hai3="81,94,8,122,56,98,34,124,46,3,2,20,47"/><U96/><E120/><V51/><F119/><W67/><G34/><T55/><D39/><U118/><E74/><V57/><F68/><W32/><G32/><T23/><D105/><U41/><E113/><V97/><F130/><W1/><G122/><T82/><D115/><U88/><E104/><V5/><F33/><W85/><G124/><T84/><D121/><U100/><E118/><V108/><F97/><W92/><G8/><T127/><D133/><U80/><E80/><V123/><F123/><W86/><G67/><T61/><D128/><U36/><E35/><V59/><F22/><W132/><G56/><N who="0" m="34975" /><D4/><U79/><E79/><V64/><F51/><W44/><G132/><T71/><D71/><U30/><E30/><V13/><F64/><W31/><G81/><T114/><D114/><U0/><E37/><V76/><F76/><W83/><G83/><T134/><D134/><U52/><E36/><V19/><REACH who="2" step="1"/><F48/><REACH who="2" ten="279,292,169,250" step="2"/><W101/><G20/><T125/><AGARI ba="0,1" hai="18,23,26,49,50,82,84,89,125,126,127" m="34975" machi="125" ten="30,1100,0" yaku="18,1" doraHai="27" who="0" fromWho="0" sc="279,21,292,-5,169,-3,250,-3" /><INIT seed="2,0,0,1,0,83" ten="300,287,166,247" oya="2" hai0="129,41,135,8,116,104,47,64,98,93,3,38,7" hai1="52,45,39,125,88,124,55,113,10,97,101,61,15" hai2="4,68,100,34,77,56,17,114,90,33,84,22,46" hai3="19,85,81,36,62,128,105,115,12,108,13,120,14"/><V66/><F114/><W96/><G36/><T29/><D135/><U109/><E113/><V20/><F68/><W67/><G120/><T26/><D64/><U89/><E109/><V6/><F100/><W72/><G72/><T35/><D129/><U42/><E124/><V57/><F46/><W21/><G115/><T106/><REACH who="0" step="1"/><D116/><REACH who="0" ten="290,287,166,247" step="2"/><U107/><E125/><V122/><F122/><W130/><G108/><T102/><AGARI ba="0,1" hai="3,7,8,26,29,35,38,41,47,93,98,102,104,106" machi="102" ten="20,5200,0" yaku="1,1,2,1,0,1,7,1,53,0" doraHai="83" doraHaiUra="111" who="0" fromWho="0" sc="290,62,287,-13,166,-26,247,-13" /><INIT seed="3,0,0,4,2,97" ten="352,274,140,234" oya="3" hai0="26,117,16,132,52,28,33,53,120,0,103,56,71" hai1="2,131,105,88,85,79,124,41,50,55,45,54,113" hai2="68,19,17,3,96,92,84,44,21,23,31,22,133" hai3="128,40,9,25,90,72,62,14,15,116,123,108,109"/><W98/><G72/><T99/><D71/><U30/><E113/><V76/><F133/><W78/><G123/><T74/><D74/><U125/><E2/><V67/><F3/><W112/><G78/><T32/><D0/><U89/><E105/><V42/><F31/><W126/><G112/><T100/><D117/><U61/><E131/><V107/><F107/><W87/><G116/><T6/><D6/><U34/><E79/><V39/><F67/><W65/><G128/><T24/><D120/><U48/><E61/><V118/><F68/><W121/><G121/><T46/><D99/><U80/><E89/><V69/><F69/><W36/><G25/><T13/><D132/><U66/><E66/><V135/><F135/><W63/><G98/><T57/><D46/><U11/><E11/><V101/><REACH who="2" step="1"/><F118/><REACH who="2" ten="352,274,130,234" step="2"/><W8/><G65/><T49/><D32/><U111/><E30/><V106/><F106/><W110/><G126/><T4/><D33/><U93/><E34/><V83/><AGARI ba="0,1" hai="17,19,21,22,23,39,42,44,76,83,84,92,96,101" machi="83" ten="30,4000,0" yaku="1,1,0,1,52,1,53,0" doraHai="97" doraHaiUra="102" who="2" fromWho="2" sc="352,-10,274,-10,130,50,234,-20" /><INIT seed="4,0,0,3,5,78" ten="342,264,180,214" oya="0" hai0="42,49,104,126,95,20,127,56,58,23,44,11,120" hai1="63,67,37,69,34,70,32,40,52,30,79,8,16" hai2="133,4,76,54,2,94,106,28,101,22,115,43,83" hai3="80,57,53,15,51,59,62,91,102,108,14,129,60"/><T92/><D120/><U46/><E79/><V118/><F106/><W96/><G129/><T6/><D104/><U47/><E30/><V26/><F115/><W13/><G108/><T97/><D23/><U64/><E64/><V25/><F133/><W35/><G35/><T82/><D20/><U98/><E98/><V107/><F107/><W119/><G119/><T125/><D82/><U109/><E109/><V84/><F118/><W89/><G102/><N who="0" m="60711" /><D95/><U75/><E75/><V81/><F43/><W5/><G5/><T124/><N who="0" m="31744" /><DORA hai="131" /><T122/><D122/><U38/><E40/><V50/><F4/><W86/><G96/><T73/><D73/><U100/><E100/><V29/><F2/><AGARI ba="0,0" hai="2,6,11,42,44,49,56,58" m="31744,60711" machi="2" ten="60,2900,0" yaku="18,1" doraHai="78,131" who="0" fromWho="2" sc="342,29,264,0,180,-29,214,0" /><INIT seed="4,1,0,0,3,130" ten="371,264,151,214" oya="0" hai0="134,6,128,70,114,72,56,36,17,83,111,126,135" hai1="61,105,90,118,48,53,9,69,67,110,116,121,117" hai2="119,131,38,12,60,2,85,64,82,47,77,4,43" hai3="78,95,10,37,15,57,23,63,41,123,14,102,34"/><T115/><D70/><U11/><E105/><V120/><F120/><W127/><G34/><T91/><D128/><U58/><E110/><V21/><F131/><W106/><G106/><T27/><D111/><U0/><E121/><V122/><F122/><W18/><G127/><T28/><D126/><U62/><E0/><V19/><F119/><W29/><G37/><T81/><D36/><U59/><REACH who="1" step="1"/><E90/><REACH who="1" ten="371,254,151,214" step="2"/><V87/><F2/><W3/><G3/><T76/><D91/><U109/><E109/><V45/><F4/><W32/><G123/><T73/><D6/><U99/><E99/><V113/><F113/><W24/><G102/><T89/><D89/><U92/><E92/><V108/><F108/><W7/><G95/><T124/><D124/><U44/><E44/><V97/><F45/><W35/><G78/><N who="0" m="44231" /><D114/><U51/><E51/><V68/><REACH who="2" step="1"/><F97/><REACH who="2" ten="371,254,141,214" step="2"/><W98/><G98/><T112/><D115/><U13/><E13/><V84/><AGARI ba="1,2" hai="12,19,21,38,43,47,60,64,68,77,82,84,85,87" machi="84" ten="20,5200,0" yaku="1,1,2,1,0,1,7,1,53,0" doraHai="130" doraHaiUra="22" who="2" fromWho="2" sc="371,-27,254,-14,141,75,214,-14" /><INIT seed="5,0,0,0,0,72" ten="344,240,216,200" oya="1" hai0="75,37,124,56,69,57,118,115,85,4,100,67,130" hai1="33,135,9,128,88,29,40,6,98,20,66,11,32" hai2="102,117,24,132,41,106,79,18,104,108,71,89,127" hai3="60,39,35,22,63,46,129,23,62,3,105,61,1"/><U122/><E122/><V25/><F117/><W31/><G105/><T125/><D85/><U55/><E128/><V131/><F108/><W42/><N who="3" m="15360" /><DORA hai="82" /><W92/><G129/><T14/><D67/><U12/><E66/><V133/><F71/><W76/><G35/><T49/><D69/><U38/><E55/><V109/><F109/><W99/><G76/><T2/><D37/><U43/><E135/><N who="2" m="51787" /><F131/><W110/><G110/><T101/><D75/><U65/><E65/><V59/><F127/><W90/><REACH who="3" step="1"/><G31/><REACH who="3" ten="344,240,216,190" step="2"/><T47/><D130/><U7/><E29/><V48/><F106/><W44/><G44/><T5/><D47/><U52/><E32/><V10/><F104/><W51/><G51/><T45/><D49/><U34/><E34/><V114/><F79/><W64/><G64/><T70/><D45/><U77/><E77/><V95/><F114/><W121/><G121/><T86/><D70/><U58/><E33/><V91/><F41/><W50/><G50/><T68/><D68/><U17/><E38/><V27/><F48/><W93/><G93/><T15/><D115/><U19/><E40/><V80/><F59/><W119/><G119/><T26/><D118/><U107/><E43/><V81/><F95/><W94/><G94/><T0/><D57/><U126/><E107/><V97/><F80/><W120/><G120/><T96/><D56/><U84/><E58/><V30/><F81/><W53/><G53/><T111/><D111/><U13/><E52/><V134/><N who="2" m="51795" /><V21/><DORA hai="16" /><F30/><W112/><G112/><T28/><D28/><U73/><E73/><RYUUKYOKU ba="0,1" sc="344,-10,240,-10,216,-10,190,30" hai3="1,3,22,23,39,42,46,90,92,99" /><INIT seed="6,1,1,4,0,44" ten="334,230,206,220" oya="2" hai0="90,78,128,46,106,33,92,95,108,83,119,72,31" hai1="63,42,34,51,123,130,70,28,125,102,32,48,115" hai2="43,40,16,5,71,23,38,20,7,100,113,111,10" hai3="26,66,25,124,86,30,2,120,4,79,45,118,134"/><V18/><F71/><W81/><G120/><T55/><D106/><U50/><E115/><V84/><F113/><W110/><G110/><T97/><D108/><U57/><E125/><V58/><F111/><W85/><G118/><T29/><D33/><U73/><E73/><V104/><F104/><W67/><G134/><T91/><D128/><U94/><E130/><V49/><F38/><W101/><G101/><T52/><D119/><U75/><E75/><V69/><F69/><W133/><G133/><T36/><D55/><U56/><E123/><V3/><F100/><W8/><G124/><T24/><D24/><U107/><E94/><V65/><F84/><W35/><G26/><T114/><D114/><U22/><E22/><N who="2" m="8235" /><F3/><W76/><G45/><T39/><D39/><U77/><E77/><V1/><F1/><W41/><G41/><N who="2" m="15945" /><F65/><W129/><G129/><T6/><D36/><U21/><E21/><V109/><F109/><W12/><G2/><T117/><D117/><U47/><E32/><V74/><F74/><W9/><G9/><T135/><D135/><U131/><E131/><V61/><F61/><W93/><G93/><T27/><D27/><N who="1" m="18719" /><E102/><V98/><F98/><W15/><G15/><T116/><D116/><U59/><E107/><V11/><F11/><W103/><G103/><T54/><D31/><U53/><E70/><V0/><F7/><W99/><G99/><N who="0" m="57751" /><D6/><U19/><E19/><V127/><F127/><W88/><G85/><N who="0" m="48375" /><D29/><U132/><E132/><V121/><F121/><W60/><G67/><T64/><D72/><U37/><E37/><V82/><F82/><RYUUKYOKU ba="1,1" sc="334,-30,230,10,206,10,220,10" hai1="42,47,48,50,51,53,56,57,59,63" hai2="0,5,10,16,18,49,58" hai3="4,8,12,25,30,35,60,66,76,79,81,86,88" /><INIT seed="6,2,1,5,4,28" ten="304,240,216,230" oya="2" hai0="25,89,112,55,66,123,128,84,133,24,3,57,92" hai1="113,99,52,97,135,124,98,86,71,12,85,30,93" hai2="6,63,58,18,78,45,115,107,2,36,51,13,44" hai3="105,117,23,49,10,62,132,106,130,60,41,129,116"/><V29/><F107/><W43/><G23/><T82/><D3/><U26/><E71/><V39/><F115/><W73/><G49/><T5/><D123/><U42/><E42/><N who="3" m="15882" /><G10/><T7/><D133/><U38/><E38/><V72/><F29/><W48/><G48/><N who="0" m="30951" /><D66/><U65/><E65/><V47/><F51/><W111/><G73/><T121/><D128/><N who="3" m="49257" /><G111/><T83/><D112/><U37/><E37/><V67/><F6/><N who="0" m="2058" /><D121/><U114/><E135/><V95/><F2/><W34/><G34/><T11/><D11/><U110/><E110/><V126/><F126/><W0/><G0/><T46/><D46/><U19/><E124/><V118/><F118/><N who="3" m="45675" /><G132/><T88/><D83/><U74/><E74/><V91/><F72/><W61/><AGARI ba="2,1" hai="60,61,62,105,106" m="45675,49257,15882" machi="61" ten="40,5200,0" yaku="28,2,19,1" doraHai="28" who="3" fromWho="3" sc="304,-15,240,-15,216,-28,230,68" /><INIT seed="7,0,0,1,2,85" ten="289,225,188,298" oya="3" hai0="82,53,49,125,97,48,57,67,61,120,77,131,21" hai1="14,92,50,129,86,55,73,37,74,80,8,119,66" hai2="36,99,51,0,32,54,108,6,101,83,133,7,103" hai3="41,59,110,72,94,35,1,28,29,30,2,135,105"/><W9/><G105/><T100/><D120/><U10/><E37/><V106/><F108/><W111/><G72/><T56/><D131/><U15/><E129/><V81/><F36/><W20/><G35/><T42/><D125/><U52/><E119/><V64/><F32/><W16/><G135/><T124/><D124/><U68/><E92/><V47/><F133/><W58/><G41/><T118/><D118/><U34/><E34/><V44/><F101/><W115/><G94/><N who="0" m="58423" /><D42/><U104/><E104/><V93/><F106/><W102/><G102/><T18/><D77/><U4/><E66/><V109/><F109/><N who="3" m="41483" /><G115/><T40/><D82/><N who="2" m="31242" /><F0/><N who="3" m="107" /><G9/><T112/><D40/><U60/><E73/><V39/><F39/><W63/><G63/><N who="0" m="36239" /><D112/><U121/><E74/><V113/><F113/><W126/><G126/><T84/><D49/><U12/><E50/><N who="2" m="28999" /><F64/><W130/><G130/><T38/><D48/><U107/><E107/><V31/><F31/><W62/><G62/><T13/><D38/><U95/><E60/><V116/><F116/><W24/><AGARI ba="0,0" hai="16,20,24,28,29,30,58,59" m="107,41483" machi="24" ten="40,3900,0" yaku="10,1,54,1" doraHai="85" who="3" fromWho="3" sc="289,-13,225,-13,188,-13,298,39" owari="276,8.0,212,-19.0,175,-32.0,337,43.0" /></mjloggm>