<mjloggm ver="2.3"><GO type="97" lobby="0"/><UN n0="%41%6D%65%74%68%75%73" n1="%44%2E%4C%75%6B%65" n2="%E5%B0%B1%E6%B4%BB%E7%94%9F%40%E5%B7%9D%E6%9D%91%E8%BB%8D%E5%9B%A3" n3="%6C%61%67%75%6E%61%2E" dan="15,15,14,15" rate="2013.98,1985.77,1950.01,2025.58" sx="M,M,M,M"/><TAIKYOKU oya="0"/><INIT seed="0,0,0,2,1,41" ten="250,250,250,250" oya="0" hai0="107,45,95,57,7,54,29,65,10,121,49,27,72" hai1="60,31,119,122,11,94,22,100,40,93,28,50,83" hai2="135,92,46,15,3,63,13,24,70,109,58,44,123" hai3="43,129,36,53,77,133,79,128,134,75,125,42,48"/><T67/><D121/><U111/><E122/><V102/><F70/><W108/><G108/><T47/><D107/><U85/><E119/><V74/><F74/><W88/><G36/><T0/><D72/><U38/><E38/><V68/><F68/><W1/><G1/><T114/><D114/><U35/><E35/><V117/><F3/><W87/><G75/><T103/><D67/><U89/><E60/><V112/><F112/><W116/><G116/><T32/><REACH who="0" step="1"/><D65/><REACH who="0" ten="240,250,250,250" step="2"/><U19/><E111/><V97/><F123/><W25/><G125/><T80/><D80/><U55/><E83/><V34/><F109/><W62/><G62/><T106/><D106/><U105/><E105/><V14/><F117/><W101/><G101/><T4/><D4/><U59/><E93/><V9/><F135/><N who="3" m="51723" /><G43/><T132/><D132/><U126/><E126/><V124/><F124/><W37/><G42/><T66/><D66/><U84/><E40/><V52/><REACH who="2" step="1"/><F9/><REACH who="2" ten="240,250,240,250" step="2"/><W86/><G37/><T96/><AGARI ba="0,2" hai="0,7,10,27,29,32,45,47,49,54,57,95,96,103" machi="96" ten="30,12000,1" yaku="1,1,0,1,52,2,53,1" doraHai="41" doraHaiUra="51" who="0" fromWho="0" sc="240,140,250,-40,240,-40,250,-40" /><INIT seed="0,1,0,5,0,2" ten="380,210,200,210" oya="0" hai0="57,1,13,26,115,111,18,105,53,134,65,64,76" hai1="21,27,110,56,84,97,82,92,41,78,6,5,132" hai2="72,22,28,25,99,37,17,19,79,67,61,39,102" hai3="33,34,128,60,107,12,54,81,14,66,75,51,114"/><T62/><D115/><U123/><E123/><V4/><F79/><W113/><G107/><T80/><D105/><U45/><E132/><V43/><F72/><W63/><G128/><T50/><D1/><U35/><E35/><V0/><F17/><W59/><G63/><T52/><D134/><U112/><E112/><V30/><F30/><W44/><G113/><T47/><D26/><U83/><E110/><V46/><F19/><W98/><G98/><T88/><D111/><U127/><E127/><V116/><F116/><W122/><G122/><T15/><D15/><U48/><E83/><V100/><F39/><W101/><G101/><T135/><D135/><U9/><E56/><V108/><F108/><W124/><G124/><T109/><D109/><U55/><E41/><V3/><F4/><W69/><G114/><T126/><D126/><U70/><E9/><V49/><F37/><W95/><G95/><T120/><D120/><U36/><E36/><V7/><F7/><W129/><G129/><T86/><D76/><U10/><E10/><AGARI ba="1,0" hai="10,13,18,47,50,52,53,57,62,64,65,80,86,88" machi="10" ten="30,18000,2" yaku="7,1,25,2,8,1,54,2" doraHai="2" who="0" fromWho="1" sc="380,183,210,-183,200,0,210,0" /><INIT seed="0,2,0,1,0,58" ten="563,27,200,210" oya="0" hai0="134,8,7,40,15,28,65,112,97,50,26,20,27" hai1="2,107,95,108,39,79,61,24,70,13,123,126,31" hai2="122,30,121,77,114,125,47,116,29,86,14,82,57" hai3="38,62,23,6,133,37,120,64,135,10,18,49,93"/><T127/><D112/><U89/><E107/><V68/><F114/><W59/><G49/><T5/><D127/><U51/><E123/><V132/><F116/><W54/><G54/><T72/><D72/><U60/><E39/><V131/><F68/><W63/><G120/><T48/><D134/><N who="3" m="51209" /><G93/><T84/><D7/><U55/><E2/><V22/><F125/><W130/><G130/><T41/><D97/><U104/><E104/><V91/><F132/><W9/><G63/><N who="1" m="24138" /><E126/><V111/><F131/><W35/><G35/><T12/><D65/><U100/><E70/><V113/><F113/><W34/><G34/><T105/><D105/><U81/><E108/><V16/><F111/><W56/><G56/><T119/><D119/><U73/><E73/><V90/><F57/><W109/><G109/><T85/><D5/><U117/><E100/><V33/><F33/><W43/><G43/><T75/><D75/><U11/><E117/><V115/><F115/><W76/><G76/><T3/><D3/><U67/><E67/><V124/><F124/><W128/><G128/><T69/><D69/><U106/><E106/><V53/><F122/><W78/><G78/><T80/><D41/><U74/><E74/><V110/><F110/><W45/><G38/><T71/><D40/><U92/><E79/><V36/><F121/><W87/><G37/><T42/><D42/><U129/><E129/><V101/><F101/><W17/><G64/><T1/><D1/><U32/><E81/><V118/><F118/><W102/><G102/><T96/><D80/><U94/><E89/><N who="2" m="33803" /><F36/><W46/><G62/><RYUUKYOKU ba="2,0" sc="563,-10,27,-10,200,30,210,-10" hai2="14,16,22,29,30,47,53,77,82,86" /><INIT seed="1,3,0,1,3,36" ten="553,17,230,200" oya="1" hai0="93,117,32,53,15,3,100,126,29,57,80,102,127" hai1="21,55,2,69,48,81,4,19,106,33,98,52,67" hai2="38,124,116,91,82,133,77,130,109,83,7,74,87" hai3="20,76,63,79,45,120,26,103,50,49,47,92,123"/><U42/><E33/><V131/><F38/><W58/><G123/><T62/><D3/><U71/><E2/><V40/><F116/><W64/><G120/><T75/><D117/><U0/><E0/><V118/><F118/><W17/><G50/><T22/><D32/><U104/><E4/><V54/><F7/><W88/><G103/><T85/><D75/><U16/><E81/><N who="2" m="45239" /><F40/><N who="3" m="24743" /><G47/><T95/><D126/><U94/><E104/><V105/><F54/><N who="1" m="20521" /><E106/><V8/><F8/><W14/><G14/><T27/><D15/><N who="1" m="9375" /><E69/><V129/><F105/><W5/><G5/><T25/><D127/><U41/><E71/><V122/><F124/><W46/><G46/><T59/><D95/><U35/><E35/><V90/><F122/><W115/><G115/><T70/><D93/><U99/><E48/><V65/><F65/><W132/><G132/><T31/><D70/><U61/><E99/><AGARI ba="3,0" hai="17,20,26,58,63,64,76,79,88,92,99" m="24743" machi="99" ten="30,3900,0" yaku="8,1,52,1,54,1" doraHai="36" who="3" fromWho="1" sc="553,0,17,-48,230,0,200,48" owari="553,65.0,-31,-53.0,230,-17.0,248,5.0" /></mjloggm>