<mjloggm ver="2.3"><GO type="97" lobby="0"/><UN n0="%E3%83%94%E3%83%A8%E3%81%A3%E3%81%99" n1="%E3%83%97%E3%83%AD%E3%81%A0%E3%82%88" n2="%E3%83%9E%E3%82%B8%E3%82%81" n3="%E5%B0%B1%E6%B4%BB%E7%94%9F%40%E5%B7%9D%E6%9D%91%E8%BB%8D%E5%9B%A3" dan="14,14,15,14" rate="1880.41,1966.11,2055.21,1936.99" sx="M,M,M,M"/><TAIKYOKU oya="0"/><INIT seed="0,0,0,5,5,35" ten="250,250,250,250" oya="0" hai0="47,88,114,103,126,0,16,115,49,64,107,8,90" hai1="30,22,117,7,12,41,18,119,87,102,112,111,62" hai2="100,48,39,60,94,37,68,78,63,2,82,122,9" hai3="65,131,80,31,96,38,120,89,28,133,123,54,11"/><T42/><D126/><U116/><E102/><V51/><F122/><N who="3" m="46635" /><G38/><T130/><D64/><U15/><E41/><V57/><F39/><W104/><G131/><T14/><D130/><U33/><E87/><V19/><F37/><W125/><G125/><T77/><D77/><U124/><E62/><V4/><F19/><W50/><G133/><T92/><D107/><U20/><E124/><V101/><F68/><W44/><G65/><T97/><REACH who="0" step="1"/><D0/><REACH who="0" ten="240,250,250,250" step="2"/><U10/><E112/><AGARI ba="0,1" hai="8,14,16,42,47,49,88,90,92,97,103,112,114,115" machi="112" ten="40,12000,1" yaku="1,1,2,1,54,2,53,0" doraHai="35" doraHaiUra="32" who="0" fromWho="1" sc="240,130,250,-120,250,0,250,0" /><INIT seed="0,1,0,3,1,128" ten="370,130,250,250" oya="0" hai0="120,18,25,131,15,122,10,125,17,95,67,30,26" hai1="42,79,78,47,6,52,32,92,135,111,114,94,73" hai2="69,14,3,74,16,118,86,121,57,64,90,50,54" hai3="115,33,58,44,41,60,117,0,96,45,119,91,2"/><T93/><D67/><U108/><E135/><V101/><F121/><N who="0" m="46698" /><D95/><N who="1" m="36395" /><E32/><V123/><F123/><W89/><G115/><T102/><D93/><U71/><E71/><V8/><F74/><W112/><G33/><N who="0" m="20687" /><D102/><U76/><E73/><V19/><F3/><W55/><G112/><T38/><D38/><U20/><E6/><V12/><F101/><W126/><G126/><T88/><D88/><U134/><E20/><V49/><F118/><W72/><G72/><T43/><D43/><U21/><E21/><V37/><F37/><W59/><G96/><T53/><D53/><U27/><E27/><V81/><F69/><W75/><G75/><T56/><D56/><U5/><E5/><V129/><F129/><W116/><G41/><T84/><D84/><U83/><E114/><V31/><F31/><W39/><G39/><T113/><D113/><U105/><E105/><V24/><F24/><W110/><G117/><T80/><D80/><U68/><E68/><V1/><F1/><W85/><G85/><T70/><D70/><U61/><E83/><V130/><F130/><W99/><G99/><T7/><D131/><U35/><E35/><V133/><F133/><W48/><G48/><T63/><D63/><U28/><E134/><V36/><F36/><W34/><G60/><T51/><D51/><N who="1" m="27127" /><E28/><V11/><REACH who="2" step="1"/><F64/><REACH who="2" ten="370,130,240,250" step="2"/><W66/><G66/><T124/><D26/><U13/><E13/><V103/><F103/><W109/><G34/><T29/><D29/><U98/><E98/><V127/><F127/><AGARI ba="1,1" hai="7,10,15,17,18,124,125,127" m="20687,46698" machi="127" ten="30,5800,0" yaku="18,1,34,2" doraHai="128" who="0" fromWho="2" sc="370,71,130,0,240,-61,250,0" /><INIT seed="0,2,0,4,3,67" ten="441,130,179,250" oya="0" hai0="134,126,92,129,22,95,38,25,33,43,96,10,115" hai1="4,127,19,32,100,14,88,77,94,56,66,31,11" hai2="40,116,42,57,47,98,120,54,123,83,114,58,64" hai3="75,60,90,51,87,6,125,130,5,71,55,124,73"/><T53/><D115/><U13/><E127/><N who="3" m="48714" /><G130/><T39/><D126/><U80/><E100/><V48/><F98/><W82/><G60/><T52/><D134/><U1/><E31/><V29/><F29/><W103/><G103/><T131/><D33/><U72/><E32/><V65/><F83/><W17/><G17/><N who="0" m="12495" /><D10/><U132/><E132/><V21/><F21/><W110/><G110/><T69/><D69/><U7/><E1/><V79/><F79/><W105/><G71/><T45/><D39/><U18/><E56/><N who="2" m="21611" /><F114/><W49/><G49/><T128/><D95/><U24/><E66/><N who="2" m="25707" /><F116/><W135/><G105/><T97/><D97/><U30/><E24/><V41/><AGARI ba="2,0" hai="40,41,42,47,48,54,120,123" m="25707,21611" machi="41" ten="30,2000,0" yaku="34,2" doraHai="67" who="2" fromWho="2" sc="441,-12,130,-7,179,26,250,-7" /><INIT seed="1,0,0,3,4,85" ten="429,123,205,243" oya="1" hai0="58,3,45,6,30,103,125,49,84,124,110,93,96" hai1="9,130,78,73,21,15,95,57,94,129,77,135,90" hai2="123,12,44,50,60,89,69,108,100,56,118,24,88" hai3="32,122,54,68,59,20,115,26,40,80,106,42,126"/><U31/><E135/><V23/><F123/><W63/><G106/><T76/><D110/><U104/><E104/><V39/><F118/><W64/><G122/><T7/><D30/><U18/><E73/><V102/><F39/><W82/><G115/><T1/><D58/><U25/><E95/><V112/><F69/><W97/><G126/><N who="0" m="48747" /><D84/><U71/><E71/><V52/><F12/><W79/><G32/><T120/><D76/><U111/><E111/><V67/><F108/><W19/><G97/><T47/><D47/><U109/><E109/><V127/><F127/><W70/><G80/><T35/><D35/><U14/><E14/><V117/><F117/><W17/><G17/><T87/><D87/><U119/><E119/><V28/><REACH who="2" step="1"/><F112/><REACH who="2" ten="429,123,195,243" step="2"/><W36/><G68/><T98/><D120/><U2/><E2/><V92/><F92/><W101/><G36/><T53/><D98/><U13/><E13/><V107/><F107/><W46/><G70/><T75/><D1/><U51/><E130/><V116/><F116/><W72/><G101/><AGARI ba="0,1" hai="23,24,28,44,50,52,56,60,67,88,89,100,101,102" machi="101" ten="40,16000,3" yaku="1,1,8,1,52,2,54,2,53,3" doraHai="85" doraHaiUra="99" who="2" fromWho="3" sc="429,0,123,0,195,170,243,-160" /><INIT seed="2,0,0,5,5,68" ten="429,123,365,83" oya="2" hai0="6,7,99,100,106,120,118,48,64,12,123,62,53" hai1="55,20,21,9,33,35,126,39,108,52,125,121,75" hai2="90,130,4,3,0,1,95,59,70,47,18,51,124" hai3="42,72,92,63,91,113,82,131,134,44,73,2,54"/><V85/><F70/><W101/><G2/><T97/><D118/><U93/><E75/><V46/><F4/><W49/><G113/><T29/><D29/><U102/><E108/><V66/><F130/><W45/><G134/><T32/><D32/><U83/><E121/><V58/><F124/><W115/><G115/><T36/><D36/><U57/><E83/><V28/><F28/><W67/><G131/><T10/><D99/><U77/><E77/><V16/><F47/><W74/><G101/><T105/><D105/><U30/><E9/><V117/><F117/><W129/><G129/><T25/><D25/><U80/><E80/><V34/><F34/><W127/><G127/><T22/><D22/><U60/><E30/><V5/><F5/><W8/><G8/><T87/><D87/><U88/><E102/><V94/><F95/><W24/><G24/><T26/><D26/><U107/><E107/><V41/><REACH who="2" step="1"/><F66/><REACH who="2" ten="429,123,355,83" step="2"/><W132/><G132/><T84/><D6/><U17/><E126/><V40/><F40/><W89/><G82/><T15/><D123/><U69/><E69/><V111/><F111/><W86/><G91/><T23/><D120/><U135/><E125/><V98/><F98/><W116/><G116/><T76/><D84/><U78/><E35/><V11/><F11/><W14/><G14/><T31/><D76/><U114/><E78/><V128/><F128/><W19/><G19/><AGARI ba="0,1" hai="0,1,3,16,18,19,41,46,51,58,59,85,90,94" machi="19" ten="40,12000,1" yaku="1,1,54,1,53,3" doraHai="68" doraHaiUra="13" who="2" fromWho="3" sc="429,0,123,0,355,130,83,-120" owari="429,23.0,123,-28.0,485,59.0,-37,-54.0" /></mjloggm>