<mjloggm ver="2.3"><GO type="41" lobby="0"/><UN n0="%51%40%2E%40" n1="%E3%81%BF%E3%81%A9%E3%82%8A%E8%8C%B6" n2="%E4%B8%B9%E7%BE%BD" n3="%E5%B0%B1%E6%B4%BB%E7%94%9F%40%E5%B7%9D%E6%9D%91%E8%BB%8D%E5%9B%A3" dan="13,15,14,16" rate="1862.19,1977.14,1942.77,2075.37" sx="M,M,M,M"/><TAIKYOKU oya="0"/><INIT seed="0,0,0,5,0,62" ten="250,250,250,250" oya="0" hai0="112,130,120,47,90,22,6,11,67,5,15,8,129" hai1="72,95,42,94,23,33,55,45,41,134,105,85,83" hai2="35,36,4,29,77,80,13,70,0,86,71,59,56" hai3="102,117,68,100,125,63,126,91,54,122,110,131,60"/><T124/><D47/><U58/><E134/><V27/><F36/><W81/><G117/><T128/><D120/><U66/><E33/><V48/><F0/><W26/><G122/><T64/><D112/><U121/><E121/><V28/><F28/><W109/><G26/><T101/><D101/><N who="3" m="39017" /><G54/><T17/><D124/><N who="3" m="47721" /><G131/><T18/><D90/><U10/><E105/><V50/><F13/><W3/><G3/><N who="0" m="63" /><D18/><U113/><E72/><V34/><F4/><W93/><G68/><T24/><AGARI ba="0,0" hai="6,11,15,17,22,24,64,67,128,129,130" m="63" machi="24" ten="30,6000,0" yaku="19,1,52,2" doraHai="62" who="0" fromWho="0" sc="250,60,250,-20,250,-20,250,-20" /><INIT seed="0,1,0,2,0,67" ten="310,230,230,230" oya="0" hai0="16,114,33,57,42,17,36,43,133,96,29,130,40" hai1="87,61,18,69,80,71,132,34,1,134,104,56,89" hai2="37,20,74,32,112,38,123,99,50,54,113,82,11" hai3="39,47,9,41,66,75,8,60,53,76,51,14,13"/><T122/><D114/><U23/><E104/><V120/><F32/><W44/><G76/><T49/><D122/><U25/><E34/><V31/><F99/><W12/><REACH who="3" step="1"/><G75/><REACH who="3" ten="310,230,230,220" step="2"/><T70/><D36/><U10/><E1/><V3/><F3/><W85/><G85/><T52/><D130/><U68/><REACH who="1" step="1"/><E10/><REACH who="1" ten="310,220,230,220" step="2"/><V121/><F11/><W111/><G111/><T110/><D110/><U116/><E116/><V119/><F119/><W90/><G90/><T109/><D109/><U28/><E28/><V30/><F120/><W118/><G118/><T19/><D29/><U106/><E106/><V63/><F121/><W22/><G22/><T117/><D33/><U78/><E78/><V77/><F123/><W81/><G81/><T64/><D117/><U5/><E5/><V58/><F30/><W128/><G128/><T107/><D133/><U62/><E62/><V24/><F112/><W15/><N who="3" m="3072" /><DORA hai="0" /><W127/><G127/><T84/><D84/><U86/><E86/><V131/><F113/><W95/><G95/><T72/><D72/><U35/><E35/><V100/><F131/><W101/><G101/><T26/><D107/><U108/><E108/><V21/><F100/><W48/><G48/><T88/><D49/><U65/><AGARI ba="1,2" hai="18,23,25,56,61,65,68,69,71,80,87,89,132,134" machi="65" ten="40,8000,1" yaku="1,1,0,1,52,3,53,0" doraHai="67,0" doraHaiUra="103,94" who="1" fromWho="1" sc="310,-41,220,103,230,-21,220,-21" /><INIT seed="1,0,0,4,0,11" ten="269,323,209,199" oya="1" hai0="121,3,90,62,26,51,115,20,42,97,73,128,49" hai1="78,65,47,72,50,28,119,77,76,67,99,32,132" hai2="109,15,27,17,22,33,13,8,120,4,107,16,101" hai3="130,85,135,10,113,117,79,55,63,38,7,82,35"/><U61/><E132/><V106/><F120/><W48/><G113/><T46/><D115/><U95/><E119/><V103/><F109/><W81/><G38/><T44/><D121/><U39/><E39/><V83/><F83/><W57/><G135/><T94/><D73/><U19/><E32/><V134/><F134/><W129/><G117/><T54/><D128/><U74/><E28/><V102/><REACH who="2" step="1"/><F33/><REACH who="2" ten="269,323,199,199" step="2"/><W118/><G118/><T34/><D34/><U31/><E74/><V45/><F45/><W104/><G104/><T80/><D80/><U100/><E72/><V56/><F56/><W41/><G35/><T5/><D3/><U0/><E0/><V36/><F36/><W14/><G82/><T68/><D68/><U122/><E122/><V91/><F91/><W133/><G133/><T30/><D62/><U25/><E61/><V52/><F52/><W98/><G98/><T126/><D126/><U66/><E99/><V116/><F116/><W2/><G2/><T131/><D131/><U112/><E112/><V75/><F75/><W88/><G88/><T108/><D108/><U86/><E77/><V9/><AGARI ba="0,1" hai="4,8,9,13,15,16,17,22,27,101,102,103,106,107" machi="9" ten="30,8000,1" yaku="1,1,0,1,52,2,54,1,53,0" doraHai="11" doraHaiUra="111" who="2" fromWho="2" sc="269,-20,323,-40,199,90,199,-20" /><INIT seed="2,0,0,1,4,106" ten="249,283,289,179" oya="2" hai0="113,115,126,32,55,117,2,107,63,124,128,76,72" hai1="94,91,29,10,89,31,75,56,116,120,18,19,5" hai2="102,129,114,12,44,60,99,25,35,79,40,28,53" hai3="83,125,59,112,71,84,30,134,47,103,95,135,86"/><V110/><F114/><N who="0" m="43530" /><D2/><U132/><E120/><V23/><F129/><W48/><G71/><T9/><D9/><U36/><E132/><N who="3" m="50730" /><G30/><T127/><D32/><U58/><E116/><V119/><F119/><W6/><G6/><T1/><D1/><U82/><E82/><V68/><F79/><N who="3" m="46207" /><G59/><N who="0" m="35327" /><D117/><U70/><E94/><V130/><F130/><W90/><G48/><T14/><D14/><U133/><E133/><V66/><F110/><W51/><G51/><T34/><D34/><U81/><E81/><V121/><F53/><W27/><G47/><T101/><D128/><U62/><E62/><V65/><F65/><W61/><G61/><T67/><D67/><U88/><E89/><V49/><F121/><W73/><G27/><T38/><D38/><U11/><E5/><V80/><F80/><W74/><G112/><T64/><D64/><U96/><E96/><V17/><F99/><N who="3" m="59903" /><G125/><T7/><D7/><U21/><E21/><V98/><F98/><W54/><G54/><T0/><D0/><U39/><E70/><V16/><F17/><W131/><G131/><T42/><D42/><U105/><E39/><V109/><F109/><W57/><G57/><T118/><D118/><U85/><E36/><V50/><F102/><W108/><G108/><T33/><D33/><U93/><E58/><V92/><F50/><W20/><G20/><T24/><D24/><U100/><E18/><V13/><F13/><W43/><G43/><T104/><D101/><U52/><E100/><V15/><F15/><W41/><G41/><T37/><D37/><U78/><E19/><V22/><F35/><RYUUKYOKU ba="0,0" sc="249,10,283,-30,289,10,179,10" hai0="72,76,104,107,124,126,127" hai2="12,16,22,23,25,28,40,44,49,60,66,68,92" hai3="73,74,86,90" /><INIT seed="2,1,0,2,5,39" ten="259,253,299,189" oya="2" hai0="12,107,70,66,97,42,79,131,117,8,129,17,65" hai1="132,93,14,116,74,6,33,105,86,128,75,2,110" hai2="26,19,30,124,90,68,106,3,29,130,121,59,73" hai3="80,133,58,109,108,69,23,49,122,53,87,85,5"/><V100/><F68/><W55/><G69/><T89/><D117/><U104/><E93/><V99/><F121/><W51/><G122/><T120/><D120/><U41/><E86/><V28/><F3/><W9/><G133/><T43/><D79/><U40/><E14/><V35/><F124/><W54/><G23/><T44/><D44/><U119/><E33/><V103/><F73/><W125/><G125/><T134/><D134/><U77/><E77/><V15/><F130/><N who="0" m="49674" /><D70/><U47/><E47/><V111/><F111/><N who="3" m="42571" /><G80/><T64/><D89/><U57/><E110/><V38/><F38/><W127/><G127/><T0/><D0/><U94/><E128/><V83/><F100/><AGARI ba="1,0" hai="8,12,17,42,43,64,65,66,97,100,107" m="49674" machi="100" ten="30,3900,0" yaku="19,1,52,2" doraHai="39" who="0" fromWho="2" sc="259,42,253,0,299,-42,189,0" /><INIT seed="3,0,0,0,2,72" ten="301,253,257,189" oya="3" hai0="107,135,114,126,70,63,10,23,106,104,118,77,18" hai1="71,65,42,110,32,97,48,6,133,39,91,31,119" hai2="69,26,52,25,85,24,83,21,105,3,35,81,11" hai3="89,123,13,132,76,60,87,33,129,111,43,103,4"/><W113/><G123/><T28/><D118/><U2/><E119/><V127/><F69/><W59/><G33/><T125/><D135/><U79/><E110/><V47/><F105/><W99/><G113/><T86/><D114/><U100/><E133/><V20/><F35/><W88/><G132/><T44/><D44/><U84/><E48/><V92/><F127/><N who="0" m="48650" /><D28/><U67/><E91/><N who="3" m="34890" /><G129/><T112/><D112/><U5/><E5/><V96/><F11/><N who="3" m="4327" /><G111/><T128/><D128/><U73/><E71/><V131/><F3/><W78/><G43/><T56/><D70/><U50/><E42/><V17/><F131/><W38/><G38/><T53/><D10/><U22/><E73/><V64/><F64/><N who="3" m="38943" /><G87/><T40/><D40/><U90/><E84/><V9/><F9/><W74/><G74/><T1/><D1/><U15/><E39/><V36/><F36/><W30/><G30/><T68/><D68/><U16/><E31/><N who="2" m="17799" /><F85/><W61/><G61/><T82/><D107/><U37/><E37/><V120/><F120/><W14/><G14/><AGARI ba="0,0" hai="14,18,23,53,56,63,77,82,86,104,106" m="48650" machi="14" ten="30,2000,0" yaku="18,1,52,1" doraHai="72" who="0" fromWho="3" sc="301,20,253,0,257,0,189,-20" /><INIT seed="4,0,0,5,4,98" ten="321,253,257,169" oya="0" hai0="24,96,43,74,44,12,68,19,83,17,22,33,25" hai1="75,133,94,47,8,57,116,37,95,54,71,89,56" hai2="129,55,131,91,11,4,84,123,15,13,40,51,48" hai3="10,64,135,60,109,6,39,88,62,86,29,90,0"/><T34/><D68/><U36/><E116/><V80/><F123/><W121/><G109/><T50/><D96/><U112/><E71/><V125/><F125/><W67/><G121/><T61/><D74/><U73/><E133/><V59/><F40/><W104/><G104/><T126/><D126/><U72/><E112/><V128/><REACH who="2" step="1"/><F51/><REACH who="2" ten="321,253,247,169" step="2"/><W103/><G39/><T82/><D61/><U130/><E37/><V69/><F69/><W21/><G135/><T35/><REACH who="0" step="1"/><D19/><REACH who="0" ten="311,253,247,169" step="2"/><U101/><E36/><V9/><F9/><W32/><G62/><T76/><D76/><U58/><E8/><V38/><F38/><W52/><G60/><T26/><AGARI ba="0,2" hai="12,17,22,24,25,26,33,34,35,43,44,50,82,83" machi="26" ten="40,3900,0" yaku="1,1,0,1,53,0" doraHai="98" doraHaiUra="115" who="0" fromWho="0" sc="311,59,253,-13,247,-13,169,-13" /><INIT seed="4,1,0,4,2,52" ten="370,240,234,156" oya="0" hai0="107,85,24,19,92,106,82,113,123,105,40,99,58" hai1="9,120,76,77,74,72,12,44,32,8,80,84,95" hai2="132,1,42,79,14,86,124,46,90,129,63,112,16" hai3="133,61,87,62,27,57,78,36,126,28,70,15,83"/><T67/><D123/><U47/><E120/><V114/><F1/><W25/><G126/><T48/><D24/><U103/><E32/><V64/><F124/><W134/><G36/><T17/><D113/><U121/><E121/><V96/><F96/><W56/><G70/><T59/><D67/><U38/><E38/><V130/><F79/><W111/><G111/><T21/><D19/><U131/><E131/><V54/><F54/><W37/><G37/><T94/><D48/><U100/><E9/><V31/><F31/><W29/><G15/><T10/><D10/><U109/><E109/><V3/><F3/><W71/><G71/><T115/><D115/><N who="2" m="44074" /><F132/><N who="3" m="50795" /><G27/><T65/><D65/><U98/><E103/><V39/><F86/><W73/><G73/><T104/><N who="0" m="26624" /><DORA hai="118" /><T91/><D40/><U135/><E84/><V97/><F97/><W43/><G43/><T5/><D5/><U88/><E100/><V20/><F90/><W18/><G18/><T53/><D53/><U68/><E135/><V13/><F13/><W116/><G116/><T45/><D45/><U30/><E30/><N who="3" m="11882" /><G25/><T89/><REACH who="0" step="1"/><D94/><REACH who="0" ten="360,240,234,156" step="2"/><U93/><E93/><V50/><F39/><W55/><G55/><T7/><D7/><U60/><E68/><AGARI ba="1,1" hai="14,16,20,42,46,50,63,64,68,129,130" m="44074" machi="68" ten="30,2000,0" yaku="15,1,54,1" doraHai="52,118" who="2" fromWho="1" sc="360,0,240,-23,234,33,156,0" /><INIT seed="5,0,0,5,0,28" ten="360,217,267,156" oya="1" hai0="54,83,94,134,29,48,60,103,112,65,71,38,26" hai1="59,44,119,49,14,21,17,129,8,111,73,63,67" hai2="12,124,68,70,55,84,50,122,5,39,135,91,25" hai3="34,16,130,105,15,113,3,23,27,98,0,89,96"/><U72/><E119/><V61/><F122/><W131/><G105/><T30/><D112/><U106/><E129/><N who="3" m="49162" /><G89/><T20/><D134/><U80/><E106/><V93/><F39/><W53/><G53/><T51/><D38/><U117/><E117/><V42/><F42/><W109/><G98/><T33/><D30/><U56/><E111/><V75/><F135/><W85/><G96/><T64/><D64/><U81/><E72/><V102/><F124/><W101/><G101/><T95/><D51/><U132/><E132/><V88/><F102/><W36/><G36/><T47/><D103/><U133/><E133/><V10/><F75/><W90/><G109/><T77/><REACH who="0" step="1"/><D20/><REACH who="0" ten="350,217,267,156" step="2"/><U31/><E73/><AGARI ba="0,1" hai="26,29,33,47,48,54,60,65,71,73,77,83,94,95" machi="73" ten="30,8000,1" yaku="1,1,2,1,7,1,52,1,53,1" doraHai="28" doraHaiUra="41" who="0" fromWho="1" sc="350,90,217,-80,267,0,156,0" /><INIT seed="6,0,0,4,2,68" ten="440,137,267,156" oya="2" hai0="89,96,103,0,97,47,124,27,15,116,90,55,78" hai1="125,35,6,101,57,99,113,9,82,134,79,123,46" hai2="36,48,122,53,41,104,129,107,88,75,72,76,117" hai3="128,58,67,37,33,62,34,42,74,52,94,80,51"/><V12/><F117/><W13/><G128/><T60/><D116/><U130/><E123/><V17/><F122/><W43/><G13/><T38/><D38/><U114/><E35/><V65/><F65/><W83/><G94/><T106/><D97/><U18/><E134/><V22/><F129/><W59/><G42/><T26/><D0/><U92/><E130/><V45/><F76/><W115/><G115/><T1/><D1/><U112/><E125/><V70/><F70/><W119/><G119/><T14/><D124/><U118/><E118/><V84/><F104/><W32/><REACH who="3" step="1"/><G74/><REACH who="3" ten="440,137,267,146" step="2"/><T40/><D40/><U44/><E57/><V63/><F107/><W24/><G24/><T66/><D27/><U105/><E18/><V30/><F30/><W3/><G3/><T69/><D26/><U28/><E92/><V132/><F132/><W109/><G109/><T7/><D15/><N who="1" m="5559" /><E28/><V54/><F63/><W108/><G108/><T4/><D14/><U29/><E29/><V11/><F11/><W86/><G86/><AGARI ba="0,1" hai="44,46,79,82,86,99,101,105,112,113,114" m="5559" machi="86" ten="30,1000,0" yaku="15,1" doraHai="68" who="1" fromWho="3" sc="440,0,137,20,267,0,146,-10" /><INIT seed="7,0,0,3,3,87" ten="440,157,267,136" oya="3" hai0="25,51,131,47,67,94,127,98,82,114,55,97,44" hai1="99,1,29,120,23,79,124,0,92,6,102,45,27" hai2="85,117,69,129,65,130,34,80,32,107,38,64,111" hai3="20,52,132,39,103,71,63,84,77,7,128,101,81"/><W78/><G39/><T95/><D127/><U125/><E120/><V15/><F111/><W8/><G128/><N who="2" m="49257" /><F107/><W83/><G132/><T66/><D131/><U5/><E79/><N who="2" m="46239" /><F38/><W108/><G20/><T109/><D109/><U122/><E45/><V58/><F69/><W49/><G63/><T133/><D133/><U14/><E122/><V113/><F113/><W112/><G71/><T59/><D25/><U42/><E42/><V91/><F117/><W40/><G40/><T2/><D2/><N who="1" m="1131" /><E14/><V19/><F91/><W10/><G108/><T75/><D75/><U33/><E33/><N who="2" m="12907" /><F58/><W3/><G112/><T57/><D114/><U18/><E29/><V54/><F54/><W68/><G68/><T88/><D82/><U43/><E43/><V106/><F106/><W53/><G8/><AGARI ba="0,0" hai="8,15,19,64,65" m="12907,46239,49257" machi="8" ten="30,1000,0" yaku="19,1" doraHai="87" who="2" fromWho="3" sc="440,0,157,0,267,10,136,-10" owari="440,53.0,157,-24.0,277,8.0,126,-37.0" /></mjloggm>