<mjloggm ver="2.3"><GO type="169" lobby="0"/><UN n0="%4B%E3%80%82" n1="%E3%82%88%E3%83%BC%EF%BC%A0%E3%83%AD%E3%83%83%E3%82%AF" n2="%E3%82%A6%E3%83%AB%E3%83%88%E3%83%A9%E7%AB%8B%E7%9B%B4" n3="%7A%65%72%6F%52%58" dan="17,16,17,16" rate="2153.19,2082.90,2180.90,2192.84" sx="M,M,M,M"/><TAIKYOKU oya="0"/><INIT seed="0,0,0,4,5,113" ten="250,250,250,250" oya="0" hai0="56,121,58,7,29,106,44,2,96,80,93,63,19" hai1="120,34,67,134,76,15,5,72,124,21,108,75,103" hai2="62,131,41,105,68,82,77,99,45,128,94,42,40" hai3="65,31,33,35,57,90,4,119,125,28,1,27,16"/><T83/><D106/><U79/><E34/><V71/><F105/><W43/><G43/><T104/><D104/><U3/><E120/><V50/><F62/><W118/><G125/><T115/><D115/><U52/><E103/><V37/><F71/><W86/><G65/><T6/><D29/><U26/><E3/><V22/><F22/><N who="3" m="13767" /><G57/><T98/><D2/><U51/><E67/><V81/><F68/><W84/><G90/><T133/><D133/><U47/><E124/><V12/><F12/><W132/><G86/><T69/><D69/><U117/><E134/><V24/><F24/><N who="3" m="18567" /><G84/><T111/><D121/><U17/><E75/><V135/><F135/><W130/><G132/><T66/><D19/><U14/><E72/><V36/><F36/><W60/><G60/><T64/><D111/><U100/><E108/><V89/><F37/><W48/><G48/><T114/><D114/><U10/><E100/><V85/><F82/><W18/><G130/><AGARI ba="0,0" hai="40,41,42,45,50,77,81,85,89,94,99,128,130,131" machi="130" ten="40,1300,0" yaku="19,1" doraHai="113" who="2" fromWho="3" sc="250,0,250,0,250,13,250,-13" /><INIT seed="1,0,0,3,5,129" ten="250,250,263,237" oya="1" hai0="12,93,106,92,8,44,62,84,69,75,47,7,21" hai1="95,13,87,116,36,56,103,9,101,59,46,35,57" hai2="63,33,96,25,32,89,76,127,61,110,74,31,128" hai3="24,53,11,64,41,130,102,6,132,83,73,45,20"/><U10/><E116/><V34/><F128/><W67/><G130/><T49/><D75/><U65/><E35/><V0/><F0/><W37/><G102/><T115/><D106/><U30/><E30/><V94/><F110/><W107/><G107/><T48/><D115/><U86/><E65/><V3/><F3/><N who="3" m="479" /><G53/><T126/><D126/><U104/><E104/><V54/><F127/><W18/><G132/><T17/><D69/><U29/><E29/><V98/><F98/><W39/><G39/><T105/><D62/><U23/><E36/><V118/><F118/><W5/><G5/><T38/><D38/><U99/><E46/><V60/><REACH who="2" step="1"/><F54/><REACH who="2" ten="250,250,253,237" step="2"/><W111/><G111/><T58/><D105/><U114/><E114/><V124/><F124/><W14/><G14/><T134/><D12/><U19/><REACH who="1" step="1"/><E103/><REACH who="1" ten="250,240,253,237" step="2"/><V119/><F119/><W121/><G121/><T80/><D134/><U100/><E100/><V26/><F26/><W15/><G24/><T68/><D47/><U135/><E135/><V125/><F125/><W77/><AGARI ba="0,2" hai="15,18,20,37,41,45,64,67,73,77,83" m="479" machi="77" ten="30,1100,0" yaku="25,1" doraHai="129" who="3" fromWho="3" sc="250,-3,240,-5,253,-3,237,31" /><INIT seed="2,0,0,3,3,85" ten="247,235,250,268" oya="2" hai0="119,30,133,129,66,0,44,8,122,131,27,42,26" hai1="114,28,64,132,99,13,70,110,52,15,60,37,59" hai2="50,97,43,39,34,20,3,78,125,106,49,101,118" hai3="36,86,16,10,14,41,117,38,11,65,120,2,81"/><V124/><F118/><W100/><G120/><T123/><D66/><U87/><E114/><V74/><F34/><W126/><G117/><T54/><D54/><U128/><E37/><V134/><F3/><W90/><G126/><N who="2" m="48745" /><F134/><W45/><G100/><T67/><D67/><U63/><E132/><V108/><F108/><W7/><REACH who="3" step="1"/><G65/><REACH who="3" ten="247,235,250,258" step="2"/><T4/><D119/><U104/><E110/><V121/><F121/><W76/><G76/><T111/><D111/><U107/><E128/><V89/><F78/><W24/><G24/><T33/><D133/><U88/><E28/><V91/><F74/><W18/><G18/><T29/><D131/><U40/><E40/><V12/><F43/><W92/><G92/><T22/><REACH who="0" step="1"/><D129/><REACH who="0" ten="237,235,250,258" step="2"/><U93/><REACH who="1" step="1"/><E107/><REACH who="1" ten="237,225,250,258" step="2"/><V82/><F106/><W25/><G25/><T73/><D73/><U6/><E6/><V55/><F55/><W19/><G19/><T1/><D1/><U102/><AGARI ba="0,3" hai="13,15,52,59,60,63,64,70,87,88,93,99,102,104" machi="102" ten="30,8000,1" yaku="1,1,0,1,52,1,54,2,53,0" doraHai="85" doraHaiUra="77" who="1" fromWho="1" sc="237,-20,225,110,250,-40,258,-20" /><INIT seed="3,0,0,3,1,87" ten="217,335,210,238" oya="3" hai0="40,29,27,0,106,32,117,95,46,38,64,57,81" hai1="108,47,127,91,69,114,20,131,85,134,62,61,36" hai2="15,8,65,12,82,55,88,125,24,13,113,16,121" hai3="80,21,9,42,124,101,34,30,104,71,118,67,102"/><W135/><G118/><T51/><D106/><U43/><E114/><V111/><F113/><W132/><G34/><T17/><D117/><U103/><E103/><V119/><F119/><W3/><G124/><T84/><D0/><U52/><E127/><V74/><F121/><W107/><G42/><T39/><D95/><U100/><E100/><N who="3" m="38506" /><G67/><T70/><D70/><U93/><E108/><V133/><F74/><W110/><G71/><T6/><D6/><U72/><E72/><V109/><F125/><W4/><G110/><N who="2" m="41993" /><F133/><N who="3" m="51275" /><G80/><T66/><D17/><U44/><E134/><V89/><F65/><W31/><G21/><T97/><D97/><U10/><E69/><V63/><F82/><W105/><AGARI ba="0,0" hai="3,4,9,30,31,104,105,107" m="51275,38506" machi="105" ten="40,2100,0" yaku="20,1" doraHai="87" who="3" fromWho="3" sc="217,-7,335,-7,210,-7,238,21" /><INIT seed="3,1,0,5,4,63" ten="210,328,203,259" oya="3" hai0="106,109,119,11,132,118,78,108,85,62,61,1,115" hai1="49,101,103,94,135,72,128,76,127,0,4,113,125" hai2="88,98,50,133,8,82,20,33,46,53,6,91,87" hai3="44,47,43,30,79,16,52,24,99,7,90,73,81"/><W110/><G110/><N who="0" m="42603" /><D106/><U15/><E113/><V65/><F133/><W129/><G129/><T122/><D78/><U114/><E114/><V70/><F33/><W25/><G7/><T120/><D85/><U69/><E0/><V104/><F20/><W92/><G16/><T22/><D115/><U19/><E135/><V45/><F45/><W37/><REACH who="3" step="1"/><G30/><REACH who="3" ten="210,328,203,249" step="2"/><T31/><D132/><U26/><E4/><V71/><F6/><W17/><G17/><T86/><D120/><U28/><E128/><V18/><F18/><W116/><G116/><T58/><D122/><U34/><E19/><V59/><F8/><W95/><G95/><T75/><D11/><U117/><E94/><N who="2" m="56647" /><F104/><W57/><G57/><T38/><D58/><U84/><E117/><V55/><F70/><W39/><G39/><T83/><D38/><U105/><E69/><V3/><F71/><W100/><G100/><T111/><D118/><U97/><E103/><V48/><F3/><W66/><G66/><AGARI ba="1,1" hai="46,48,50,53,55,59,65,66,82,87,91" m="56647" machi="66" ten="30,7700,0" yaku="8,1,52,2,54,1" doraHai="63" who="2" fromWho="3" sc="210,0,328,0,203,90,249,-80" /><INIT seed="4,0,0,5,5,65" ten="210,328,293,169" oya="0" hai0="1,97,20,47,61,41,25,100,117,45,71,104,75" hai1="112,122,52,42,11,125,64,34,131,113,77,54,49" hai2="102,87,40,115,53,109,81,91,33,85,127,23,0" hai3="130,70,110,103,51,126,7,106,3,90,92,4,68"/><T2/><D117/><U14/><E34/><V56/><F33/><W13/><G110/><T88/><D75/><U114/><E122/><V135/><F109/><W76/><G3/><T73/><D73/><U12/><E131/><V44/><F0/><W39/><G39/><T133/><D133/><U59/><E125/><V111/><F111/><W48/><G76/><T74/><D74/><U123/><E123/><V16/><F135/><W80/><G80/><T9/><D9/><U82/><E64/><V124/><F102/><W15/><G130/><T38/><D47/><N who="1" m="25847" /><E11/><V84/><F115/><W67/><G103/><T63/><D63/><N who="1" m="36327" /><E54/><V78/><F56/><W36/><G36/><T121/><D121/><U94/><E94/><V93/><F53/><W37/><G37/><T19/><D61/><U69/><E69/><V10/><F10/><W30/><G106/><T89/><D71/><U22/><E22/><V8/><F8/><W120/><G126/><T105/><D105/><U96/><E96/><V119/><F119/><W21/><G92/><T107/><D107/><U5/><E5/><V6/><F6/><W29/><G21/><T108/><D108/><U46/><E46/><V95/><F95/><W26/><G120/><T17/><REACH who="0" step="1"/><D19/><REACH who="0" ten="200,328,293,169" step="2"/><U99/><E112/><V66/><F124/><W31/><G68/><T27/><D27/><U129/><E113/><V101/><F127/><W57/><G70/><T79/><D79/><U50/><E114/><V32/><F44/><W134/><G134/><T86/><D86/><U128/><E77/><V28/><F78/><W98/><G26/><RYUUKYOKU ba="0,1" sc="200,30,328,-10,293,-10,169,-10" hai0="1,2,17,20,25,38,41,45,88,89,97,100,104" /><INIT seed="4,1,1,1,1,116" ten="230,318,283,159" oya="0" hai0="82,19,23,63,92,126,41,122,75,43,73,76,51" hai1="106,15,7,57,103,100,81,86,48,110,16,96,28" hai2="102,10,99,79,1,109,8,69,117,9,71,85,36" hai3="77,11,131,135,113,50,84,66,61,95,17,94,123"/><T119/><D119/><U93/><E110/><V101/><F109/><W31/><G113/><T108/><D108/><U118/><E118/><V72/><F117/><W64/><G135/><T21/><D126/><U6/><E28/><V128/><F1/><W60/><G131/><T120/><D75/><U68/><E68/><V133/><F72/><W24/><G11/><T74/><D73/><U78/><E103/><V87/><F36/><W38/><G38/><T20/><D19/><U134/><E106/><V129/><F133/><W55/><G17/><T89/><D63/><U0/><E0/><V132/><F132/><W52/><G123/><T13/><D13/><U80/><E80/><V27/><F27/><W35/><G77/><T39/><D39/><U105/><E105/><V34/><F34/><W2/><G2/><T56/><D56/><U98/><E98/><V30/><F30/><W12/><G12/><T127/><D127/><U115/><E115/><V37/><F37/><W25/><G31/><T54/><D54/><N who="1" m="31943" /><E134/><V3/><F3/><W45/><G35/><T121/><REACH who="0" step="1"/><D51/><REACH who="0" ten="220,318,283,159" step="2"/><U44/><E44/><V5/><F129/><W65/><G50/><T112/><D112/><U32/><E32/><V111/><F128/><W59/><G45/><T22/><N who="0" m="5120" /><DORA hai="104" /><T29/><D29/><U14/><E16/><V42/><F111/><W46/><G46/><T70/><D70/><U4/><AGARI ba="1,2" hai="4,6,7,14,15,78,81,86,93,96,100" m="31943" machi="4" ten="30,1100,0" yaku="8,1" doraHai="116,104" who="1" fromWho="1" sc="220,-6,318,34,283,-4,159,-4" /><INIT seed="5,0,0,3,1,20" ten="214,352,279,155" oya="1" hai0="39,45,85,53,21,72,27,10,50,80,40,7,30" hai1="44,131,130,66,59,96,128,89,15,26,97,75,88" hai2="76,29,49,28,110,18,47,134,58,9,38,19,126" hai3="132,111,51,112,107,5,99,108,125,25,55,106,60"/><U102/><E75/><V16/><F110/><W81/><G112/><T23/><D72/><U63/><E44/><V119/><F119/><W69/><G132/><T2/><D23/><U11/><E26/><V122/><F38/><W34/><G125/><T61/><D61/><U113/><E113/><V73/><F73/><W135/><G135/><T105/><D105/><U0/><E0/><V57/><F122/><W6/><G81/><T3/><D3/><U70/><E70/><V87/><F9/><W82/><G82/><T93/><D93/><N who="1" m="58671" /><E96/><V33/><F33/><W52/><G99/><T31/><D31/><N who="2" m="11850" /><F126/><W68/><G51/><T64/><D64/><U92/><E92/><V74/><F74/><W121/><G60/><T120/><D120/><U41/><E41/><N who="2" m="24815" /><F134/><W133/><G133/><T117/><D117/><U127/><E127/><V22/><F22/><W36/><G121/><T14/><D2/><U42/><E42/><V54/><F54/><W17/><G36/><T91/><D39/><U95/><E95/><V13/><F13/><W78/><G34/><T90/><D53/><U12/><E12/><V98/><F98/><W35/><G35/><T114/><D114/><U129/><N who="1" m="32768" /><DORA hai="83" /><U46/><E46/><V37/><F37/><W116/><G116/><T32/><D32/><U100/><E100/><V115/><F115/><W77/><G17/><AGARI ba="0,0" hai="11,15,17,59,63,66,88,89" m="32768,58671" machi="17" ten="60,5800,0" yaku="19,1,54,1" doraHai="20,83" who="1" fromWho="3" sc="214,0,352,58,279,0,155,-58" /><INIT seed="5,1,0,1,3,79" ten="214,410,279,97" oya="1" hai0="88,34,37,41,85,74,98,134,54,48,130,70,119" hai1="3,57,13,117,122,103,127,53,121,69,99,71,49" hai2="111,46,23,131,116,14,90,30,47,96,52,21,102" hai3="55,73,8,81,65,9,86,64,78,61,135,19,16"/><U94/><E3/><V123/><F123/><W95/><G135/><T38/><D74/><U112/><E117/><V107/><F111/><W62/><G73/><T105/><D34/><U128/><E112/><V7/><F116/><W92/><G55/><T22/><D70/><U72/><E72/><V25/><F131/><W60/><G8/><T120/><D119/><U93/><E128/><V15/><F15/><N who="3" m="7279" /><G19/><T104/><D130/><U24/><E53/><V5/><F47/><W31/><G31/><T39/><D41/><U27/><E13/><V59/><F46/><W10/><G10/><T101/><D104/><U82/><E69/><V6/><F14/><W2/><G2/><T33/><D33/><U91/><E71/><V44/><F44/><W84/><G84/><T114/><D120/><U12/><E12/><V132/><F132/><W89/><G78/><T50/><D134/><U129/><E129/><V100/><F23/><W45/><G45/><T75/><D114/><U42/><E121/><V4/><N who="2" m="1024" /><DORA hai="17" /><V68/><F68/><W126/><G126/><T11/><D75/><U67/><E127/><V29/><F29/><W76/><G76/><T80/><D11/><U87/><E122/><V51/><F107/><W113/><G113/><T110/><D110/><U28/><E28/><V125/><F125/><W18/><G18/><T66/><D22/><U1/><E1/><V97/><F97/><W26/><G26/><T115/><D115/><U58/><E24/><V108/><F108/><W36/><G36/><T0/><D0/><U77/><E27/><V20/><F20/><RYUUKYOKU ba="1,0" sc="214,-15,410,-15,279,15,97,15" hai2="21,25,30,51,52,59,90,96,100,102" hai3="60,61,62,64,65,81,86,89,92,95" /><INIT seed="6,2,0,2,3,109" ten="199,395,294,112" oya="2" hai0="69,56,82,130,90,54,3,16,87,52,20,47,48" hai1="21,43,108,111,10,28,42,84,89,29,100,31,2" hai2="1,132,57,30,92,4,110,122,18,121,124,7,45" hai3="41,126,133,38,75,115,36,81,76,12,0,9,134"/><V71/><F71/><W83/><G126/><T96/><D130/><U129/><E100/><V125/><F45/><W63/><G0/><T78/><D3/><U88/><E129/><V32/><F57/><W70/><G81/><T66/><D69/><U117/><E117/><V55/><F55/><W93/><G93/><N who="0" m="56375" /><D66/><U67/><E67/><V68/><F68/><W95/><G95/><T114/><D114/><U49/><E2/><V98/><F110/><W62/><G70/><T22/><D16/><U127/><E127/><N who="2" m="48715" /><F132/><N who="3" m="50795" /><G115/><T118/><D118/><U85/><E10/><N who="2" m="2319" /><F7/><N who="3" m="3135" /><G41/><T58/><D58/><U44/><E43/><V17/><F122/><W119/><G119/><T116/><D116/><U53/><E42/><V11/><F11/><W5/><G5/><T107/><D107/><U13/><E111/><V23/><F121/><W19/><G19/><T39/><D39/><AGARI ba="2,0" hai="36,38,39,62,63,75,76,83" m="3135,50795" machi="39" ten="30,1000,0" yaku="20,1" doraHai="109" who="3" fromWho="0" sc="199,-16,395,0,294,0,112,16" /><INIT seed="7,0,0,0,0,116" ten="183,395,294,128" oya="3" hai0="83,115,72,31,97,64,30,120,75,110,58,89,85" hai1="105,22,7,57,81,52,53,91,100,93,106,37,76" hai2="34,38,126,132,45,121,78,96,21,18,73,99,111" hai3="124,32,41,13,50,134,2,59,108,119,135,67,69"/><W101/><G119/><T24/><D110/><U70/><E70/><V130/><F34/><W35/><G2/><T5/><D120/><U48/><E37/><V113/><F121/><W98/><G108/><T68/><D68/><U122/><E122/><V131/><F113/><W47/><G124/><T14/><D115/><U46/><E7/><V128/><F111/><W90/><G90/><T117/><D117/><U19/><E100/><V112/><F112/><W127/><G69/><T118/><D118/><U54/><E105/><V23/><F132/><N who="3" m="50731" /><G127/><T6/><D75/><U55/><E106/><V87/><F73/><W17/><G59/><T27/><D97/><N who="2" m="37450" /><F126/><W1/><G67/><T51/><D72/><U56/><E81/><N who="2" m="47543" /><F18/><W26/><G1/><T9/><D6/><U107/><E107/><V103/><F103/><W88/><G26/><N who="0" m="9771" /><D51/><U42/><E76/><V60/><F60/><AGARI ba="0,0" hai="5,9,14,30,31,58,60,64,83,85,89" m="9771" machi="60" ten="30,1000,0" yaku="8,1" doraHai="116" who="0" fromWho="2" sc="183,10,395,0,294,-10,128,0" owari="193,-21.0,395,50.0,284,8.0,128,-37.0" /></mjloggm>