<mjloggm ver="2.3"><GO type="169" lobby="0"/><UN n0="%E3%82%B0%E3%82%A6%E3%82%A7%E3%83%B3" n1="%E9%96%A2%E4%B8%83%E6%B5%B7" n2="%E8%A3%8F%E6%8A%95%E3%81%92%E4%B8%80%E6%9C%AC" n3="%E3%82%A6%E3%83%AB%E3%83%88%E3%83%A9%E7%AB%8B%E7%9B%B4" dan="16,17,16,17" rate="2103.55,2171.64,2104.32,2227.24" sx="M,M,M,M"/><TAIKYOKU oya="0"/><INIT seed="0,0,0,1,1,61" ten="250,250,250,250" oya="0" hai0="122,103,58,69,77,124,81,13,102,73,101,85,97" hai1="19,57,50,43,95,48,26,120,88,24,22,45,96" hai2="30,17,111,15,6,128,25,132,20,78,108,109,12" hai3="51,112,125,76,56,60,93,129,9,31,82,119,62"/><T72/><D122/><U55/><REACH who="1" step="1"/><E120/><REACH who="1" ten="250,240,250,250" step="2"/><V59/><F78/><W86/><G119/><T64/><D124/><U41/><E41/><V100/><F100/><W14/><G125/><T40/><D69/><U123/><E123/><V117/><F117/><W107/><G129/><T5/><D40/><U53/><E53/><V80/><F80/><W29/><G112/><T87/><D64/><U66/><E66/><V42/><F42/><W126/><G126/><T84/><D58/><U127/><E127/><V27/><F59/><W63/><G107/><N who="0" m="63919" /><D5/><U121/><E121/><V75/><F128/><W105/><G105/><T79/><D13/><AGARI ba="0,1" hai="13,19,22,24,26,43,45,48,50,55,57,88,95,96" machi="13" ten="30,8000,1" yaku="21,2,7,1,8,1,54,1,53,0" doraHai="61" doraHaiUra="65" who="1" fromWho="0" sc="250,-80,240,90,250,0,250,0" /><INIT seed="1,0,0,1,2,69" ten="170,330,250,250" oya="1" hai0="27,120,73,0,18,85,30,35,131,82,111,72,43" hai1="79,33,48,130,119,24,96,67,132,64,51,106,101" hai2="28,122,3,41,114,52,127,94,112,21,29,22,58" hai3="34,10,70,81,80,100,4,75,66,135,104,108,110"/><U1/><E119/><V102/><F122/><W84/><G34/><T32/><D131/><U31/><E132/><V46/><F3/><W99/><G135/><T39/><D111/><U56/><E130/><V53/><F127/><W83/><G66/><T2/><D120/><U19/><E1/><V23/><F102/><W25/><G70/><T8/><D35/><U107/><E107/><V7/><F7/><W17/><G75/><T5/><D2/><U123/><E123/><V71/><F71/><W11/><G84/><T38/><D43/><U97/><E79/><V49/><F94/><W90/><G90/><T115/><D115/><N who="2" m="44074" /><F53/><W118/><G118/><T44/><D44/><U125/><E97/><V42/><F42/><W76/><G76/><T87/><D87/><U61/><E125/><V47/><F47/><W95/><G104/><T88/><REACH who="0" step="1"/><D18/><REACH who="0" ten="160,330,250,250" step="2"/><U60/><REACH who="1" step="1"/><E19/><REACH who="1" ten="160,320,250,250" step="2"/><V117/><F117/><W113/><G113/><T134/><D134/><U89/><E89/><V54/><F54/><W63/><G17/><T109/><D109/><U50/><E50/><AGARI ba="0,2" hai="21,22,23,28,29,41,46,49,50,52,58" m="44074" machi="50" ten="30,2000,0" yaku="11,1,54,1" doraHai="69" who="2" fromWho="1" sc="160,0,320,-20,250,40,250,0" /><INIT seed="2,0,0,3,1,127" ten="160,300,290,250" oya="2" hai0="39,47,83,49,74,23,24,8,20,121,30,84,135" hai1="61,19,40,88,13,69,1,63,53,18,123,31,4" hai2="25,133,54,95,103,112,125,60,131,94,77,50,92" hai3="122,101,5,104,99,96,51,120,3,46,81,48,26"/><V43/><F112/><W70/><G70/><T11/><D121/><U90/><E123/><V79/><F125/><W134/><G134/><T132/><D74/><U89/><E31/><V2/><F2/><W57/><G5/><T86/><D39/><U32/><E32/><V65/><F103/><W98/><G3/><T76/><D86/><U21/><E40/><V113/><F113/><W37/><G37/><T117/><D117/><U124/><E124/><V71/><F133/><N who="0" m="51274" /><D20/><U34/><E34/><V45/><F25/><W22/><G98/><T38/><D38/><U110/><E110/><V12/><F12/><W72/><G99/><T0/><D0/><U126/><E126/><V15/><F15/><W75/><G72/><T52/><AGARI ba="0,0" hai="8,11,23,24,30,47,49,52,76,83,84" m="51274" machi="52" ten="30,2000,0" yaku="20,1,54,1" doraHai="127" who="0" fromWho="0" sc="160,20,300,-5,290,-10,250,-5" /><INIT seed="3,0,0,4,4,122" ten="180,295,280,245" oya="3" hai0="72,121,48,23,113,123,74,1,7,29,68,35,28" hai1="14,37,125,20,33,44,129,10,108,120,135,39,66" hai2="19,56,116,109,90,117,22,93,133,83,24,106,112" hai3="50,49,63,26,107,94,115,13,127,98,131,105,47"/><W114/><G63/><T8/><D48/><U84/><E33/><V79/><F112/><W111/><G26/><N who="0" m="18871" /><D68/><U128/><E120/><N who="0" m="46153" /><D74/><U91/><E66/><V52/><F106/><N who="3" m="40459" /><G13/><T96/><D72/><U2/><E2/><V16/><F133/><W0/><G0/><T100/><D96/><U124/><E20/><V65/><F65/><W27/><G27/><N who="0" m="16511" /><D100/><U86/><E44/><V3/><F3/><W57/><G57/><T130/><D130/><U54/><E54/><V99/><F117/><W12/><G131/><T45/><D45/><U4/><E129/><V87/><F116/><W5/><G115/><AGARI ba="0,0" hai="1,7,8,113,115" m="16511,46153,18871" machi="115" ten="30,2000,0" yaku="34,2" doraHai="122" who="0" fromWho="3" sc="180,20,295,0,280,0,245,-20" /><INIT seed="4,0,0,4,4,20" ten="200,295,280,225" oya="0" hai0="131,78,39,7,74,58,111,40,33,101,80,31,133" hai1="50,85,48,117,25,52,6,4,55,23,91,86,124" hai2="17,22,53,0,118,19,97,103,79,81,122,30,125" hai3="68,41,65,44,8,123,63,21,119,46,11,49,105"/><T45/><D131/><U121/><E121/><V2/><F122/><W115/><G119/><T104/><D58/><N who="1" m="33031" /><E117/><V14/><F30/><W47/><G123/><T18/><D18/><N who="1" m="12535" /><E124/><V3/><F125/><W12/><G105/><T66/><D66/><U107/><E107/><V87/><F118/><W96/><G115/><T84/><D84/><N who="1" m="32363" /><E91/><V88/><F79/><W51/><G96/><N who="0" m="61479" /><D7/><U62/><E62/><V132/><F132/><W43/><G46/><AGARI ba="0,0" hai="4,6,46,50,55" m="32363,12535,33031" machi="46" ten="30,3900,0" yaku="8,1,52,1,54,1" doraHai="20" who="1" fromWho="3" sc="200,0,295,39,280,0,225,-39" /><INIT seed="5,0,0,3,2,64" ten="200,334,280,186" oya="1" hai0="18,37,109,16,12,54,90,7,116,125,41,57,66" hai1="61,117,56,127,67,88,110,129,42,6,2,71,5" hai2="23,38,46,68,89,84,115,76,108,91,49,51,11" hai3="122,26,105,77,45,111,29,28,27,134,72,69,65"/><U131/><E117/><V70/><F108/><W22/><G122/><T92/><D109/><U113/><E110/><V73/><F73/><W86/><G111/><T59/><D116/><U1/><E113/><V103/><F103/><W31/><G105/><T121/><D121/><U58/><E42/><V132/><F38/><W33/><G72/><T80/><D125/><U102/><E102/><V120/><F120/><W9/><G134/><T112/><D112/><U63/><E127/><V4/><F115/><W17/><G45/><T75/><D41/><U98/><E98/><V34/><F34/><W30/><G9/><N who="0" m="4159" /><D37/><U118/><E118/><V24/><F76/><W85/><REACH who="3" step="1"/><G77/><REACH who="3" ten="200,334,280,176" step="2"/><T55/><D75/><U44/><E44/><V133/><F133/><W95/><G95/><T101/><D80/><U14/><E129/><V124/><F124/><W126/><G126/><T3/><D92/><U10/><E131/><V83/><F132/><W32/><G32/><T82/><D82/><U0/><E10/><V43/><F46/><W15/><G15/><T114/><D3/><U36/><E1/><V50/><F43/><W60/><AGARI ba="0,1" hai="17,22,26,27,28,29,30,31,33,60,65,69,85,86" machi="60" ten="30,7900,0" yaku="1,1,0,1,52,1,53,1" doraHai="64" doraHaiUra="19" who="3" fromWho="3" sc="200,-20,334,-39,280,-20,176,89" /><INIT seed="6,0,0,2,0,65" ten="180,295,260,265" oya="2" hai0="12,18,62,9,135,98,130,79,81,5,46,20,49" hai1="41,77,15,103,129,71,91,108,33,58,64,85,99" hai2="25,40,86,128,21,56,118,50,94,95,102,68,100" hai3="134,8,69,133,22,107,112,26,124,101,3,35,34"/><V11/><F128/><W83/><G101/><T117/><D130/><U32/><E108/><V16/><F118/><W80/><G107/><T59/><D135/><N who="3" m="51721" /><G83/><T53/><D98/><U74/><E129/><V125/><F125/><W28/><G80/><T121/><D121/><U72/><E41/><V104/><F104/><W2/><G69/><T96/><D96/><U119/><E119/><V37/><F37/><W88/><G88/><T31/><D31/><U75/><E77/><V126/><F126/><W51/><G51/><T66/><D117/><U0/><E0/><N who="3" m="42" /><G124/><T63/><D63/><U109/><E71/><V61/><F68/><W23/><G112/><T93/><D93/><N who="2" m="35338" /><F86/><W97/><G97/><T52/><D81/><U90/><E99/><V132/><F132/><W6/><G35/><T55/><REACH who="0" step="1"/><D79/><REACH who="0" ten="170,295,260,265" step="2"/><U116/><E116/><V57/><F61/><W38/><G38/><T131/><D131/><U13/><E103/><V127/><F127/><W1/><AGARI ba="0,1" hai="1,6,8,22,23,26,28,34" m="42,51721" machi="1" ten="30,4000,0" yaku="20,1,34,2" doraHai="65" who="3" fromWho="3" sc="170,-10,295,-10,260,-20,265,50" /><INIT seed="7,0,0,2,3,133" ten="160,285,240,315" oya="3" hai0="60,49,130,34,94,132,59,109,78,102,16,129,70" hai1="40,24,27,37,21,119,127,72,45,8,88,118,54" hai2="67,92,77,115,52,120,113,10,6,99,0,123,23" hai3="4,81,48,55,82,131,91,20,124,33,14,56,36"/><W95/><G33/><T66/><D78/><U93/><E72/><V11/><F67/><W79/><G36/><T29/><D34/><U128/><E128/><N who="0" m="49257" /><D102/><U111/><E111/><V96/><F77/><W74/><G124/><T44/><D94/><U69/><E127/><V42/><F42/><W38/><G38/><T106/><D16/><N who="1" m="12327" /><E69/><V125/><F125/><W19/><G131/><T13/><D13/><U104/><E27/><V61/><F11/><N who="3" m="4455" /><G79/><T84/><D84/><N who="1" m="52359" /><E8/><V85/><F23/><W126/><G126/><T47/><D29/><U101/><E54/><V110/><F110/><W39/><G39/><T18/><D18/><U117/><E101/><V50/><F61/><W105/><G105/><AGARI ba="0,0" hai="37,40,45,104,105,117,118,119" m="52359,12327" machi="105" ten="30,3900,0" yaku="12,1,54,2" doraHai="133" who="1" fromWho="3" sc="160,0,285,39,240,0,315,-39" owari="160,-34.0,324,42.0,240,-16.0,276,8.0" /></mjloggm>