<mjloggm ver="2.3"><GO type="97" lobby="0"/><UN n0="%E4%B8%89%E5%9B%BD%E3%81%BF%E3%81%8F%E3%81%AB" n1="%EF%BC%BF%E7%BE%8E%E7%90%B4%EF%BC%BF" n2="%73%79%6B" n3="%E5%B0%B1%E6%B4%BB%E7%94%9F%40%E5%B7%9D%E6%9D%91%E8%BB%8D%E5%9B%A3" dan="14,14,14,15" rate="1930.41,1973.63,1908.39,1978.79" sx="F,M,M,M"/><TAIKYOKU oya="0"/><INIT seed="0,0,0,0,2,20" ten="250,250,250,250" oya="0" hai0="48,58,79,128,28,23,92,94,66,101,95,29,104" hai1="60,64,0,6,13,131,71,77,10,105,126,3,7" hai2="46,63,47,17,114,132,93,37,122,62,14,99,118" hai3="45,109,117,96,115,98,97,70,86,120,103,8,53"/><T9/><D104/><U100/><E13/><V83/><F132/><W42/><G70/><T59/><D128/><U110/><E110/><V11/><F114/><W85/><G115/><T113/><D113/><U133/><E133/><V111/><F111/><W130/><G109/><T61/><D79/><U12/><E12/><V22/><F122/><W43/><G120/><T5/><D101/><U21/><E21/><V82/><F37/><W107/><G130/><T72/><D72/><U124/><E131/><V91/><F11/><W30/><G117/><T127/><D127/><U54/><E54/><V65/><F63/><W52/><G30/><T88/><D9/><U90/><E90/><V38/><F38/><W74/><G74/><T123/><D5/><U32/><E7/><V26/><F14/><W33/><G33/><T50/><D29/><U108/><E108/><V69/><F118/><W49/><G8/><T81/><D59/><U1/><E77/><V76/><REACH who="2" step="1"/><F83/><REACH who="2" ten="250,250,240,250" step="2"/><W106/><G106/><T18/><D123/><U35/><E124/><V39/><F39/><W19/><G107/><T57/><D81/><U56/><E126/><V102/><F102/><W40/><G103/><T31/><D61/><U87/><E100/><V4/><F4/><W84/><G84/><AGARI ba="0,1" hai="17,22,26,46,47,62,65,69,76,82,84,91,93,99" machi="84" ten="30,8000,1" yaku="1,1,7,1,52,1,53,2" doraHai="20" doraHaiUra="41" who="2" fromWho="3" sc="250,0,250,0,240,90,250,-80" /><INIT seed="1,0,0,4,4,1" ten="250,250,330,170" oya="1" hai0="109,64,9,51,60,100,28,30,20,19,94,25,134" hai1="27,73,80,13,78,87,15,96,57,72,119,111,48" hai2="99,68,97,127,130,133,8,40,10,83,112,0,35" hai3="103,7,29,107,108,17,39,129,2,121,54,125,114"/><U102/><E119/><V65/><F68/><W36/><G114/><T115/><D115/><U84/><E111/><V50/><F35/><W49/><G121/><T12/><D109/><U120/><E120/><V90/><F65/><W92/><G107/><T11/><D134/><U32/><E73/><V79/><F133/><W135/><G135/><T105/><D105/><U18/><E13/><V85/><F127/><W110/><G29/><T132/><D51/><U22/><E32/><V88/><F130/><W95/><G129/><T46/><D46/><U74/><E72/><V122/><F112/><W98/><G125/><T69/><D9/><N who="2" m="3690" /><F0/><W77/><G77/><T61/><D61/><U41/><E41/><V113/><F113/><W55/><G17/><T33/><D132/><U123/><E123/><V124/><F122/><W82/><G82/><T43/><D43/><U66/><E66/><V63/><F63/><W118/><G118/><T59/><D69/><U86/><E74/><V128/><F128/><W52/><G49/><T24/><D33/><U75/><E75/><V42/><F124/><W34/><G34/><T101/><D94/><N who="1" m="58647" /><E15/><V38/><F40/><W44/><G108/><T93/><D93/><U67/><E67/><V106/><F38/><N who="3" m="14379" /><G110/><T56/><D64/><U70/><E70/><V5/><F106/><W23/><G95/><T89/><D12/><U58/><E48/><V131/><F50/><N who="3" m="28743" /><G23/><T37/><D20/><U6/><E22/><V4/><F131/><W26/><G26/><T71/><D25/><U104/><E27/><V116/><F116/><W14/><G2/><RYUUKYOKU ba="0,0" sc="250,-10,250,-10,330,-10,170,30" hai3="7,14,54,55,92,98,103" /><INIT seed="2,1,0,2,4,61" ten="240,240,320,200" oya="2" hai0="43,47,134,120,52,53,30,32,33,23,130,21,44" hai1="68,124,58,75,84,77,133,95,57,71,39,131,103" hai2="42,115,27,16,122,94,128,31,72,104,123,70,2" hai3="12,116,101,28,112,64,38,117,92,69,125,78,96"/><V74/><F104/><W119/><G38/><T19/><D120/><U14/><E39/><V56/><F70/><W48/><G112/><T132/><D130/><U79/><E75/><V45/><F2/><W98/><G125/><T24/><D23/><U80/><E131/><V135/><F115/><W59/><G78/><T11/><D11/><U105/><E105/><V106/><F106/><W9/><G28/><T25/><D33/><U65/><E124/><V13/><F135/><N who="0" m="51754" /><D47/><U22/><E79/><V108/><F108/><W111/><G111/><T83/><D83/><U36/><E36/><AGARI ba="1,0" hai="19,21,24,25,30,32,36,43,44,52,53" m="51754" machi="36" ten="30,2000,0" yaku="20,1,54,1" doraHai="61" who="0" fromWho="1" sc="240,23,240,-23,320,0,200,0" /><INIT seed="3,0,0,2,1,105" ten="263,217,320,200" oya="3" hai0="79,70,54,86,97,22,20,60,103,13,33,53,64" hai1="126,16,75,46,123,129,124,113,131,49,9,95,87" hai2="14,29,133,44,83,12,41,38,57,94,89,67,31" hai3="72,1,36,50,116,51,56,108,43,42,120,68,117"/><W111/><G1/><T82/><D33/><U135/><E95/><V128/><F133/><W98/><G98/><T84/><D84/><U88/><E123/><V125/><F128/><N who="1" m="49225" /><E113/><V81/><F125/><N who="1" m="48233" /><E75/><V5/><F5/><W23/><G23/><T134/><D134/><U28/><E28/><V65/><F57/><W66/><G72/><T76/><D76/><U18/><E9/><V122/><F122/><W78/><G78/><T104/><D13/><U58/><E58/><V10/><F10/><W40/><G36/><T77/><D77/><U127/><N who="1" m="48241" /><U37/><DORA hai="61" /><E37/><V93/><F89/><W109/><G120/><T15/><REACH who="0" step="1"/><D15/><REACH who="0" ten="253,217,320,200" step="2"/><U130/><N who="1" m="49233" /><U34/><DORA hai="121" /><E135/><V39/><F12/><W101/><G101/><T132/><D132/><U7/><E34/><V59/><F14/><W91/><G91/><T92/><D92/><N who="1" m="54303" /><E7/><V6/><F94/><W115/><G115/><T52/><AGARI ba="0,1" hai="20,22,52,53,54,60,64,70,79,82,86,97,103,104" machi="52" ten="30,12000,2" yaku="1,1,0,1,52,1,54,1,53,2" doraHai="105,61,121" doraHaiUra="99,4,62" who="0" fromWho="0" sc="253,130,217,-30,320,-30,200,-60" owari="383,48.0,187,-21.0,290,9.0,140,-36.0" /></mjloggm>