<mjloggm ver="2.3"><GO type="169" lobby="0"/><UN n0="%E9%9B%80%E9%BE%8D%E9%96%80%5F%59%75%74%69" n1="%E3%80%90%E7%BD%AA%E6%AD%8C%E3%80%91" n2="%E3%83%88%E3%83%88%E3%83%AA%E5%85%88%E7%94%9F%31%39%E6%AD%B3" n3="%E5%A4%A9%E9%BC%93" dan="18,18,18,18" rate="2293.26,2286.01,2273.39,2245.75" sx="M,F,F,M"/><TAIKYOKU oya="0"/><INIT seed="0,0,0,0,4,1" ten="250,250,250,250" oya="0" hai0="121,37,124,10,63,18,129,134,84,61,59,72,88" hai1="83,79,96,80,4,8,58,38,104,128,47,62,0" hai2="41,35,78,60,120,89,118,22,39,125,12,131,81" hai3="67,16,107,103,109,68,13,73,113,57,27,130,66"/><T11/><D121/><U48/><E128/><V33/><F120/><W9/><G113/><T52/><D129/><U5/><E38/><V55/><F131/><W99/><G130/><T65/><D72/><U54/><E5/><V97/><F125/><W74/><G109/><T135/><D124/><U3/><E3/><V20/><F41/><W126/><G126/><T64/><D37/><U90/><E79/><V2/><F2/><W51/><G67/><T7/><D18/><U23/><E23/><V100/><F89/><W111/><G111/><T75/><D75/><U95/><REACH who="1" step="1"/><E104/><REACH who="1" ten="250,240,250,250" step="2"/><V85/><F22/><W82/><G9/><N who="0" m="3083" /><D7/><U105/><E105/><V17/><F39/><W77/><G107/><T24/><D24/><U19/><E19/><V25/><F25/><W49/><G27/><T119/><D119/><U28/><E28/><V93/><F118/><W122/><G122/><T102/><D102/><U132/><E132/><N who="0" m="50729" /><D63/><U69/><E69/><V6/><F6/><W56/><G68/><T46/><D46/><U43/><AGARI ba="0,1" hai="0,4,8,43,47,48,54,58,62,80,83,90,95,96" machi="43" ten="20,5200,0" yaku="1,1,0,1,7,1,52,1,53,0" doraHai="1" doraHaiUra="112" who="1" fromWho="1" sc="250,-26,240,62,250,-13,250,-13" /><INIT seed="1,0,0,0,0,41" ten="224,302,237,237" oya="1" hai0="114,100,97,19,116,73,47,45,99,58,88,55,13" hai1="117,23,132,39,67,111,7,103,33,11,119,54,122" hai2="104,21,26,109,84,62,31,118,12,86,77,124,18" hai3="51,37,30,24,69,95,44,113,43,3,6,15,48"/><U46/><E33/><V129/><F118/><W90/><G113/><T105/><D116/><U134/><E103/><V107/><F109/><W127/><G3/><T123/><D114/><U106/><E106/><V53/><F129/><W128/><G69/><T87/><D73/><U101/><E101/><V102/><F124/><W65/><G65/><T135/><D135/><N who="1" m="51755" /><E23/><V40/><F62/><W38/><G127/><T1/><D1/><U8/><E8/><V36/><F53/><W63/><G63/><T25/><D25/><U14/><E67/><V81/><F102/><W74/><G74/><T96/><D123/><U27/><E27/><V93/><F93/><W20/><G128/><T79/><D79/><U5/><E5/><V94/><F94/><W71/><G6/><T125/><D125/><U83/><E122/><V78/><F84/><W82/><G71/><T59/><D100/><U60/><E60/><V52/><F78/><W17/><G37/><T126/><D105/><U42/><E54/><V22/><F52/><W56/><G82/><N who="0" m="49271" /><D126/><U32/><E32/><V4/><F4/><W98/><REACH who="3" step="1"/><G56/><REACH who="3" ten="224,302,237,227" step="2"/><N who="0" m="21547" /><D55/><U66/><E66/><V50/><F104/><W16/><G16/><T120/><D120/><U110/><E83/><V10/><F107/><W28/><G28/><T35/><D35/><AGARI ba="0,1" hai="15,17,20,24,30,35,38,43,44,48,51,90,95,98" machi="35" ten="30,3900,0" yaku="1,1,7,1,52,1,53,0" doraHai="41" doraHaiUra="108" who="3" fromWho="0" sc="224,-39,302,0,237,0,227,49" /><INIT seed="2,0,0,2,3,53" ten="185,302,237,276" oya="2" hai0="128,87,73,76,6,31,68,25,34,121,79,21,100" hai1="109,74,13,78,98,63,59,69,40,24,42,41,97" hai2="60,28,47,39,54,33,117,86,23,17,4,118,102" hai3="8,99,113,81,32,104,131,132,112,35,58,46,52"/><V0/><F102/><N who="3" m="62559" /><G132/><T82/><D128/><U22/><E69/><V119/><F33/><W135/><G135/><T125/><D125/><U115/><E115/><N who="3" m="44106" /><G131/><T70/><D121/><U116/><E109/><V12/><F28/><W111/><G111/><T110/><D110/><U126/><E126/><V93/><F0/><W51/><G81/><T44/><D6/><U62/><E116/><V65/><F4/><W30/><G30/><T114/><D114/><U71/><E71/><V123/><F123/><W1/><G1/><T133/><D133/><U96/><E13/><V48/><F39/><W27/><G27/><T61/><D61/><U127/><E63/><V66/><F93/><W37/><G8/><T91/><D100/><U56/><E62/><V11/><F86/><W19/><G19/><T105/><D105/><U49/><E127/><V101/><F101/><W107/><G107/><T72/><D34/><N who="3" m="12841" /><G37/><T85/><D31/><N who="1" m="17815" /><E74/><V80/><F80/><W50/><G50/><T67/><D82/><U38/><E38/><V2/><F2/><W3/><G3/><T16/><D25/><U64/><E78/><V45/><F65/><W43/><G43/><N who="1" m="16458" /><E64/><V9/><F66/><W7/><G7/><T108/><D67/><U120/><E120/><V15/><F60/><W20/><G20/><T88/><D108/><U90/><E90/><V83/><F83/><W77/><G77/><T55/><D21/><U94/><E94/><V122/><F122/><W29/><G29/><T134/><D134/><U10/><E10/><N who="2" m="3595" /><F15/><W57/><AGARI ba="0,0" hai="46,51,52,57,58" m="12841,44106,62559" machi="57" ten="40,8000,1" yaku="11,1,52,2,54,1" doraHai="53" who="3" fromWho="3" sc="185,-20,302,-20,237,-40,276,80" /><INIT seed="3,0,0,0,0,31" ten="165,282,197,356" oya="3" hai0="32,68,118,30,72,20,110,98,8,29,3,120,132" hai1="108,57,35,37,88,66,75,71,126,99,124,54,27" hai2="48,23,13,45,91,102,58,1,4,5,90,78,24" hai3="59,82,49,93,65,7,67,106,101,34,133,47,52"/><W28/><G106/><T115/><RYUUKYOKU type="yao9" ba="0,0" sc="165,0,282,0,197,0,356,0" hai0="3,8,20,29,30,32,68,72,98,110,115,118,120,132" /><INIT seed="3,1,0,4,5,82" ten="165,282,197,356" oya="3" hai0="40,53,44,61,49,0,119,89,22,133,86,64,129" hai1="115,84,56,47,135,67,38,130,25,78,106,48,97" hai2="118,24,92,132,112,9,20,11,105,88,2,116,10" hai3="15,35,1,58,75,94,93,74,102,117,34,80,3"/><W72/><G80/><T8/><D133/><U13/><E115/><V134/><F112/><W85/><G58/><T55/><D129/><U91/><E130/><V51/><F2/><N who="3" m="523" /><G102/><T27/><D119/><U123/><E135/><N who="2" m="51755" /><F51/><W17/><G85/><T30/><D8/><U52/><E123/><V12/><F12/><W33/><G15/><T109/><D109/><U79/><E13/><V26/><F105/><W124/><G17/><T96/><D96/><U77/><E25/><N who="2" m="9835" /><F20/><W21/><G21/><T101/><D101/><U107/><E97/><AGARI ba="1,0" hai="9,10,11,88,92,97,116,118" m="9835,51755" machi="97" ten="30,2000,0" yaku="20,1,54,1" doraHai="82" who="2" fromWho="1" sc="165,0,282,-23,197,23,356,0" /><INIT seed="4,0,0,3,3,27" ten="165,259,220,356" oya="0" hai0="0,42,100,69,37,67,11,22,53,113,15,18,20" hai1="131,55,26,21,39,103,48,56,52,9,31,44,73" hai2="23,124,32,81,14,85,90,64,33,63,128,91,77" hai3="99,49,3,75,110,125,28,41,114,60,47,10,87"/><T118/><D113/><U6/><E131/><V116/><F128/><W112/><G75/><T54/><D118/><U59/><E73/><V89/><F124/><W122/><G110/><T104/><D37/><U121/><E121/><V98/><F116/><W134/><G125/><T111/><D42/><U79/><E79/><V24/><F14/><W43/><G134/><T12/><D111/><U38/><E103/><V129/><F129/><W70/><G122/><T62/><D0/><U34/><E34/><V35/><F98/><W115/><G87/><T106/><D22/><U88/><E88/><V94/><F94/><W74/><G74/><T57/><D53/><U65/><E65/><V36/><F36/><W123/><G99/><T83/><D100/><U109/><E109/><V1/><F1/><W61/><G43/><T68/><D83/><U30/><E30/><V102/><F102/><W80/><G28/><T107/><REACH who="0" step="1"/><D67/><REACH who="0" ten="155,259,220,356" step="2"/><U40/><E38/><V84/><F81/><W78/><G123/><T93/><D93/><U130/><E130/><V120/><F120/><W92/><G92/><T8/><D8/><U25/><E25/><V82/><F82/><W76/><G80/><T58/><D58/><U19/><E55/><V13/><F77/><N who="3" m="29803" /><G10/><T29/><D29/><U7/><E59/><N who="2" m="36991" /><F24/><W105/><G3/><T45/><D45/><U97/><E31/><V95/><F95/><W108/><G108/><T17/><AGARI ba="0,1" hai="11,12,15,17,18,20,54,57,62,68,69,104,106,107" machi="17" ten="40,3900,0" yaku="1,1,0,1,53,0" doraHai="27" doraHaiUra="46" who="0" fromWho="0" sc="155,49,259,-13,220,-13,356,-13" /><INIT seed="4,1,0,1,3,1" ten="204,246,207,343" oya="0" hai0="21,95,85,48,50,134,58,28,102,92,60,63,69" hai1="111,120,67,20,81,7,47,56,105,127,44,45,97" hai2="110,124,9,125,62,54,87,78,25,114,130,3,94" hai3="117,51,37,61,19,16,26,17,133,115,41,34,99"/><T30/><D134/><U42/><E120/><V129/><F114/><W108/><G108/><T52/><D69/><U32/><E32/><V106/><F106/><W59/><G37/><T73/><D73/><U113/><E111/><V77/><F110/><W40/><G117/><T72/><D72/><U121/><E121/><V98/><F25/><W18/><G51/><T66/><D48/><U74/><E127/><N who="2" m="48715" /><F87/><W70/><G70/><T107/><D107/><U46/><E113/><V43/><F43/><W57/><G57/><T116/><D116/><U12/><E20/><V35/><F35/><W2/><G2/><T5/><D102/><U64/><E56/><N who="2" m="35095" /><F9/><W90/><G34/><T119/><D119/><U15/><E105/><V109/><F3/><W53/><G133/><T103/><D85/><U68/><E97/><V80/><F109/><W27/><G27/><N who="0" m="16495" /><D30/><U101/><E74/><N who="2" m="43063" /><F78/><W84/><G99/><N who="0" m="59879" /><D95/><U10/><E81/><V55/><F94/><N who="3" m="54599" /><G115/><T24/><D24/><U33/><E101/><V112/><F98/><W96/><G96/><T4/><D63/><U126/><E33/><V89/><F112/><W79/><G79/><T49/><D49/><N who="1" m="26775" /><E68/><V0/><F0/><W118/><G118/><T31/><D31/><U8/><E126/><V29/><F29/><W131/><G26/><T128/><D128/><N who="2" m="49258" /><F89/><W13/><G131/><T65/><D60/><U122/><E122/><V83/><F83/><W39/><G39/><T6/><AGARI ba="1,0" hai="4,5,6,50,52,58,65,66" m="59879,16495" machi="6" ten="30,12000,1" yaku="8,1,52,3,54,1" doraHai="1" who="0" fromWho="0" sc="204,123,246,-41,207,-41,343,-41" /><INIT seed="4,2,0,5,5,126" ten="327,205,166,302" oya="0" hai0="64,54,120,66,61,73,134,11,20,4,42,65,100" hai1="72,33,22,57,94,78,5,58,129,98,8,32,74" hai2="70,46,97,15,2,87,128,19,53,10,75,49,99" hai3="104,111,56,37,21,50,95,3,43,79,89,6,76"/><T26/><D134/><U17/><E78/><V123/><F123/><W1/><G104/><T127/><D127/><U85/><E85/><V132/><F75/><W30/><G111/><T29/><D120/><U133/><E133/><V131/><F70/><W91/><G37/><T103/><D42/><U51/><E74/><V62/><F132/><W130/><G91/><T114/><D114/><U122/><E72/><V83/><F62/><W101/><G101/><T68/><D73/><U59/><E51/><V69/><F2/><W82/><G79/><T16/><D68/><U121/><E122/><V110/><F69/><W112/><G6/><T13/><D29/><U119/><E119/><V92/><F110/><W102/><G102/><T90/><D90/><U47/><E47/><V86/><F86/><W55/><G43/><T14/><D26/><U31/><E31/><V113/><F113/><W41/><G41/><T88/><D88/><U24/><E121/><V34/><F34/><W105/><G105/><T106/><D106/><U25/><E25/><V115/><F115/><W117/><G117/><T80/><D80/><U48/><E48/><V81/><F81/><W44/><G82/><T116/><D116/><U38/><E38/><V124/><F124/><W77/><G77/><T96/><D96/><N who="2" m="36938" /><F92/><W125/><G76/><T63/><D63/><U23/><E94/><V118/><F118/><W71/><G95/><T108/><D108/><U52/><E98/><V60/><F60/><W93/><G125/><T45/><D61/><U0/><E33/><V9/><F9/><W40/><G112/><RYUUKYOKU ba="2,0" sc="327,15,205,-15,166,15,302,-15" hai0="4,11,13,14,16,20,45,54,64,65,66,100,103" hai2="10,15,19,46,49,53,83,87,128,131" /><INIT seed="4,3,0,3,2,135" ten="342,190,181,287" oya="0" hai0="79,12,30,46,0,133,125,78,119,89,7,120,66" hai1="39,54,98,127,16,10,92,14,1,2,49,81,59" hai2="106,5,80,126,116,53,17,13,50,73,128,105,28" hai3="108,71,29,90,115,131,20,45,85,114,57,6,111"/><T37/><D133/><U25/><E39/><V129/><F116/><W31/><G71/><T122/><D0/><U21/><E127/><V60/><F126/><W93/><G131/><N who="2" m="50249" /><F5/><W27/><G31/><T56/><D30/><U67/><E67/><V100/><F100/><W36/><G57/><T134/><D134/><U23/><E81/><V44/><F28/><W11/><G45/><T24/><D7/><U34/><E34/><V8/><F60/><W26/><G27/><T9/><D89/><U123/><E123/><V32/><F32/><W102/><G36/><T35/><D35/><U18/><REACH who="1" step="1"/><E23/><REACH who="1" ten="342,180,181,287" step="2"/><V63/><F80/><W113/><G113/><T132/><D122/><U84/><E84/><V52/><F73/><W75/><G75/><T96/><D120/><U109/><E109/><V87/><F87/><W33/><G33/><T22/><D22/><U77/><E77/><V15/><F15/><W86/><G86/><T3/><D79/><U112/><E112/><N who="3" m="43050" /><G108/><T62/><D132/><U58/><E58/><AGARI ba="3,1" hai="8,13,17,44,50,52,53,58,63,105,106" m="50249" machi="58" ten="30,2000,0" yaku="19,1,54,1" doraHai="135" who="2" fromWho="1" sc="342,0,180,-29,181,39,287,0" /><INIT seed="5,0,0,4,2,83" ten="342,151,220,287" oya="1" hai0="74,131,101,103,61,32,20,123,36,55,56,23,93" hai1="98,104,3,78,135,15,102,118,117,86,132,77,69" hai2="11,4,48,65,43,59,92,79,27,134,21,42,62" hai3="34,52,113,37,50,133,87,14,128,99,46,64,53"/><U9/><E69/><V85/><F134/><N who="1" m="51241" /><E3/><V12/><F48/><W120/><G133/><T16/><D32/><U82/><E15/><V100/><F79/><N who="1" m="30217" /><E9/><V17/><REACH who="2" step="1"/><F100/><REACH who="2" ten="342,151,210,287" step="2"/><W67/><G50/><T51/><D51/><U44/><E44/><V30/><F30/><W13/><G46/><T60/><D103/><U111/><E111/><V107/><F107/><W18/><G37/><T90/><D101/><U109/><E109/><V5/><F5/><W105/><G105/><T10/><D36/><U108/><E108/><V31/><F31/><W119/><G18/><T24/><D16/><U7/><E7/><V124/><F124/><W126/><G126/><T8/><D60/><U25/><E25/><V0/><F0/><W95/><G13/><T68/><D61/><U29/><E29/><V72/><F72/><W57/><G14/><T84/><D74/><U112/><E112/><V96/><F96/><W121/><G99/><T80/><D24/><U71/><E71/><V54/><F54/><W110/><G53/><T47/><D55/><U91/><AGARI ba="0,1" hai="82,86,91,98,102,104,117,118" m="30217,51241" machi="91" ten="30,11700,0" yaku="20,1,34,2,52,1" doraHai="83" who="1" fromWho="1" sc="342,-39,151,127,210,-39,287,-39" /><INIT seed="5,1,0,3,5,108" ten="303,278,171,248" oya="1" hai0="131,97,81,118,5,39,98,90,96,53,57,13,85" hai1="46,128,109,42,75,84,69,6,12,76,111,133,95" hai2="29,35,124,52,83,10,77,117,82,45,68,122,93" hai3="33,70,134,103,113,106,41,43,120,51,129,72,87"/><U9/><E69/><V92/><F117/><W126/><RYUUKYOKU type="yao9" ba="1,0" sc="303,0,278,0,171,0,248,0" hai3="33,41,43,51,70,72,87,103,106,113,120,126,129,134" /><INIT seed="5,2,0,3,5,22" ten="303,278,171,248" oya="1" hai0="85,0,20,82,11,129,63,101,14,95,97,80,40" hai1="99,127,90,135,6,46,130,96,56,24,65,126,100" hai2="5,71,87,113,58,18,35,26,107,105,75,33,91" hai3="112,36,134,74,78,81,86,49,1,13,108,77,66"/><U122/><E122/><V125/><F71/><W43/><G108/><T7/><D129/><U94/><E6/><V51/><F75/><W15/><G1/><T102/><D40/><U83/><E46/><V131/><F131/><W69/><G36/><T42/><D42/><U62/><E135/><V31/><F125/><W48/><G134/><T44/><D44/><U133/><E133/><V128/><F128/><W34/><G34/><T72/><D72/><U93/><E130/><V19/><F113/><W4/><G112/><T54/><D102/><U104/><E104/><V73/><F73/><W92/><G66/><T98/><D97/><U115/><E83/><V57/><F5/><W47/><G69/><T124/><D124/><U39/><E39/><V114/><F114/><W119/><G119/><T117/><D117/><U79/><E79/><V25/><F51/><W59/><G4/><T76/><D82/><U70/><E70/><V64/><F64/><W55/><G78/><T89/><D76/><U16/><REACH who="1" step="1"/><E115/><REACH who="1" ten="303,268,171,248" step="2"/><V3/><F3/><W120/><G120/><T45/><D0/><U21/><AGARI ba="2,1" hai="16,21,24,56,62,65,90,93,94,96,99,100,126,127" machi="21" ten="30,12000,1" yaku="1,1,2,1,0,1,52,1,54,1,53,0" doraHai="22" doraHaiUra="9" who="1" fromWho="1" sc="303,-42,268,136,171,-42,248,-42" /><INIT seed="5,3,0,1,4,107" ten="261,404,129,206" oya="1" hai0="97,18,32,31,72,53,92,90,10,52,123,55,36" hai1="27,29,7,64,28,70,43,8,110,48,17,77,65" hai2="119,129,82,0,24,62,63,104,135,83,81,87,22" hai3="131,13,75,19,39,69,113,12,80,37,61,78,99"/><U132/><E70/><V44/><F119/><W111/><G111/><T101/><D36/><U109/><E77/><V54/><F104/><W26/><G113/><T23/><D123/><U5/><E43/><V95/><F0/><W93/><G131/><T56/><D10/><U98/><E48/><N who="2" m="28935" /><F135/><W125/><G125/><T76/><D31/><N who="1" m="11851" /><E98/><V118/><F129/><W108/><G26/><T15/><D32/><U16/><E27/><V1/><F1/><W124/><G13/><T57/><REACH who="0" step="1"/><D101/><REACH who="0" ten="251,404,129,206" step="2"/><U100/><E100/><V79/><F118/><W40/><G39/><T121/><D121/><U96/><E110/><V35/><F35/><W94/><G108/><T9/><D9/><U114/><E8/><V85/><F79/><W33/><G33/><T126/><D126/><U73/><E109/><V25/><F22/><W11/><G124/><T120/><D120/><U50/><E132/><V117/><F117/><W21/><G21/><T127/><D127/><U122/><E122/><V20/><F20/><W38/><G38/><T6/><D6/><U46/><E7/><V102/><F102/><W89/><G37/><T74/><D74/><U45/><E73/><V128/><F128/><W51/><G11/><T4/><D4/><U134/><E5/><V71/><F87/><N who="3" m="50407" /><G75/><T106/><D106/><U115/><E115/><V34/><F34/><W14/><G78/><T86/><D86/><U88/><E114/><V103/><F85/><W68/><G99/><T116/><D116/><U30/><E96/><N who="2" m="59807" /><F71/><W91/><G68/><T49/><D49/><U84/><E50/><V105/><F105/><RYUUKYOKU ba="3,1" sc="251,15,404,-15,129,15,206,-15" hai0="15,18,23,52,53,55,56,57,72,76,90,92,97" hai2="24,25,62,63,81,82,83" /><INIT seed="6,4,1,0,0,67" ten="266,389,144,191" oya="2" hai0="105,118,92,7,128,71,48,5,76,18,132,131,10" hai1="60,0,116,36,53,82,47,104,54,45,107,55,125" hai2="84,102,68,17,119,73,50,115,91,79,98,75,63" hai3="109,42,21,15,27,16,66,69,40,44,106,134,39"/><V43/><F119/><W59/><G109/><T8/><D105/><U78/><E116/><V101/><F115/><W65/><G134/><T80/><D118/><U25/><E125/><V85/><F79/><W4/><G106/><T24/><D48/><U70/><E0/><V77/><F77/><W13/><G42/><T74/><D132/><U26/><E36/><V96/><F17/><W124/><G124/><T28/><D71/><U2/><E2/><V62/><F50/><W123/><G123/><T61/><D61/><U14/><E14/><V22/><F22/><W1/><G69/><T29/><D92/><U38/><E38/><V86/><F91/><W58/><G1/><T30/><D24/><U37/><E37/><V49/><F49/><N who="3" m="26759" /><G15/><T33/><D33/><U52/><E107/><V112/><F43/><W126/><G126/><T121/><D121/><U114/><E104/><V110/><F68/><W111/><G111/><T57/><D57/><N who="3" m="21513" /><G39/><T130/><REACH who="0" step="1"/><D18/><REACH who="0" ten="256,389,144,191" step="2"/><U81/><E70/><V41/><F110/><W56/><G56/><T11/><AGARI ba="4,2" hai="5,7,8,10,11,28,29,30,74,76,80,128,130,131" machi="11" ten="40,12000,2" yaku="1,1,2,1,0,1,29,2,19,1,53,0" doraHai="67" doraHaiUra="100" who="0" fromWho="0" sc="256,152,389,-34,144,-64,191,-34" /><INIT seed="7,0,0,1,5,59" ten="408,355,80,157" oya="3" hai0="2,119,83,93,126,55,130,128,38,90,58,70,88" hai1="75,56,79,105,69,32,63,11,34,13,48,17,127" hai2="135,8,113,40,42,109,78,121,23,132,12,108,15" hai3="82,36,10,65,67,57,101,115,122,41,104,125,96"/><W80/><G122/><T74/><D119/><U49/><E105/><V28/><F78/><W26/><G125/><T114/><D70/><U73/><E127/><V37/><F37/><W6/><G115/><T44/><D126/><U116/><E69/><V118/><F40/><W102/><G102/><T60/><D2/><U21/><E116/><V84/><F84/><W61/><G26/><T72/><D114/><U19/><E34/><V89/><F89/><W0/><G41/><N who="0" m="22583" /><D83/><U124/><E32/><V5/><F42/><W110/><G36/><T18/><D18/><U25/><E124/><V16/><F113/><W20/><G20/><T9/><D9/><U123/><E123/><V46/><F46/><W54/><G110/><N who="2" m="42601" /><F118/><W53/><G53/><T97/><D90/><U131/><E131/><AGARI ba="0,0" hai="55,58,60,72,74,88,93,97,128,130,131" m="22583" machi="131" ten="30,3900,0" yaku="19,1,52,1,54,1" doraHai="59" who="0" fromWho="1" sc="408,39,355,-39,80,0,157,0" owari="447,54.0,316,12.0,80,-42.0,157,-24.0" /></mjloggm>