<mjloggm ver="2.3"><GO type="169" lobby="0"/><UN n0="%EF%BC%A0%E3%81%8F%E3%82%8D%E3%81%AD%E3%81%93%E3%81%A9%E3%83%BC%EF%BC%A0" n1="%E9%9B%80%E6%97%A5%E9%80%A3%E7%99%BD%E6%B3%A2%E7%80%AC" n2="%E2%94%A4%C2%B4%E2%97%87%EF%BD%80%E2%94%9C" n3="%E3%82%A6%E3%83%AB%E3%83%88%E3%83%A9%E7%AB%8B%E7%9B%B4" dan="16,17,16,17" rate="2157.14,2183.31,2002.60,2167.65" sx="M,M,M,M"/><TAIKYOKU oya="0"/><INIT seed="0,0,0,4,2,133" ten="250,250,250,250" oya="0" hai0="67,80,33,119,65,74,73,110,54,93,18,40,102" hai1="130,63,125,16,97,120,77,49,19,58,31,124,28" hai2="42,81,43,86,53,70,112,72,26,30,91,45,55" hai3="132,15,118,117,84,50,61,34,9,62,6,71,87"/><T38/><D119/><U101/><E120/><V2/><F112/><W22/><G34/><T24/><D40/><U69/><E69/><V90/><F70/><W107/><G107/><T104/><D38/><U76/><E49/><V5/><F72/><W121/><G132/><T129/><D104/><U47/><E47/><V64/><F64/><W98/><G71/><T8/><D129/><U25/><E130/><V12/><F2/><W103/><G50/><T128/><D128/><U114/><E114/><V89/><F12/><W46/><G46/><T115/><D115/><U21/><E19/><V88/><F5/><W116/><G121/><T75/><D80/><U85/><E85/><V36/><REACH who="2" step="1"/><F43/><REACH who="2" ten="250,250,240,250" step="2"/><W10/><G15/><N who="0" m="7527" /><D74/><U135/><E135/><V48/><F48/><W59/><G6/><T13/><D67/><N who="1" m="39415" /><E77/><V1/><F1/><W32/><G117/><T17/><D65/><U41/><E76/><V0/><F0/><W44/><G118/><T37/><D75/><U68/><E68/><V122/><F122/><W94/><G116/><T60/><D73/><U126/><E41/><V23/><AGARI ba="0,1" hai="23,26,30,36,42,45,53,55,81,86,88,89,90,91" machi="23" ten="30,4000,0" yaku="1,1,0,1,54,1,53,0" doraHai="133" doraHaiUra="3" who="2" fromWho="2" sc="250,-20,250,-10,240,50,250,-10" /><INIT seed="1,0,0,0,0,38" ten="230,240,290,240" oya="1" hai0="4,125,106,37,96,52,47,48,110,129,112,22,45" hai1="97,61,17,34,87,8,103,23,29,39,33,49,50" hai2="77,75,122,68,115,70,44,133,10,67,81,51,57" hai3="90,79,80,19,26,21,85,84,13,121,46,66,62"/><U100/><E39/><V11/><F122/><W5/><G121/><T131/><D112/><U2/><E103/><V113/><F133/><W98/><G98/><T28/><D4/><U20/><E20/><V32/><F32/><W126/><G126/><T104/><D125/><U83/><E29/><V130/><F130/><N who="0" m="49674" /><D110/><U31/><E31/><V108/><F108/><W95/><G46/><T76/><D76/><U127/><E127/><V118/><F118/><W119/><G119/><T78/><D78/><U53/><E61/><N who="2" m="38319" /><F68/><W101/><G101/><T92/><D28/><U73/><E73/><V105/><F70/><W128/><G128/><T93/><D22/><U120/><E120/><V55/><F105/><N who="0" m="40554" /><D96/><U7/><E49/><V71/><F71/><W107/><G107/><T69/><D69/><U6/><E6/><V18/><F18/><W12/><G5/><T132/><D132/><U124/><E124/><V14/><F14/><W134/><G134/><T58/><D58/><AGARI ba="0,0" hai="12,13,19,21,26,58,62,66,79,80,84,85,90,95" machi="58" ten="30,2000,0" yaku="7,1,8,1" doraHai="38" who="3" fromWho="0" sc="230,-20,240,0,290,0,240,20" /><INIT seed="2,0,0,5,5,63" ten="210,240,290,260" oya="2" hai0="17,88,111,127,134,80,40,125,8,126,27,62,108" hai1="33,34,83,47,73,67,97,52,95,31,123,114,107" hai2="24,81,76,58,48,12,119,129,87,44,66,110,106" hai3="70,68,124,117,115,86,6,43,3,91,32,135,50"/><V128/><F119/><W112/><G32/><T103/><D103/><U42/><E114/><N who="3" m="43562" /><G117/><T101/><D101/><U38/><E107/><V77/><F106/><W109/><G109/><N who="0" m="42059" /><D40/><U28/><E123/><V85/><F110/><W131/><G124/><T23/><D134/><U96/><E96/><V100/><F100/><W113/><G131/><N who="2" m="50249" /><F24/><W122/><G135/><T116/><D116/><U29/><E73/><N who="2" m="43183" /><F76/><W0/><G122/><T10/><D62/><U49/><E83/><V118/><F12/><W60/><G113/><T84/><AGARI ba="0,0" hai="8,10,17,23,27,80,84,88,125,126,127" m="42059" machi="84" ten="40,5200,0" yaku="18,1,14,1,54,1" doraHai="63" who="0" fromWho="0" sc="210,52,240,-13,290,-26,260,-13" /><INIT seed="3,0,0,2,0,77" ten="262,227,264,247" oya="3" hai0="69,101,88,83,64,84,90,72,7,113,106,52,134" hai1="58,13,21,133,10,41,98,110,38,105,92,5,67" hai2="17,116,42,62,24,48,99,131,97,120,23,36,128" hai3="54,124,79,78,114,125,81,29,31,96,109,74,57"/><W93/><G114/><T26/><D113/><U111/><E105/><V71/><F116/><W132/><G79/><T70/><D134/><U80/><E133/><V39/><F120/><W59/><G132/><T68/><D7/><U3/><E38/><V1/><F1/><W20/><G109/><N who="1" m="41482" /><E41/><V53/><F97/><W89/><G57/><T50/><D72/><U126/><E126/><N who="3" m="48746" /><G20/><T27/><D64/><U18/><E80/><V86/><F99/><W135/><G135/><T22/><D101/><N who="1" m="60615" /><E58/><N who="2" m="33063" /><F86/><W115/><G115/><T32/><D106/><U46/><E46/><N who="2" m="23903" /><F36/><W127/><N who="3" m="48754" /><W104/><DORA hai="63" /><G104/><T65/><D65/><AGARI ba="0,0" hai="3,5,10,13,18,21,65,67" m="60615,41482" machi="65" ten="30,3900,0" yaku="14,1,52,2" doraHai="77,63" who="1" fromWho="0" sc="262,-39,227,39,264,0,247,0" /><AGARI ba="0,0" hai="17,23,24,62,65,71,128,131" m="23903,33063" machi="65" ten="30,2000,0" yaku="24,1,52,1" doraHai="77,63" who="2" fromWho="0" sc="223,-20,266,0,264,20,247,0" /><INIT seed="4,0,0,1,2,84" ten="203,266,284,247" oya="0" hai0="73,56,129,43,20,109,98,70,114,119,110,77,21" hai1="96,3,35,25,112,50,49,16,45,130,5,67,118" hai2="97,28,64,101,86,82,99,117,133,131,18,37,81" hai3="116,125,104,127,1,55,71,39,27,92,63,46,124"/><T78/><D70/><U74/><E118/><V90/><F37/><W22/><G104/><T6/><D119/><U42/><E74/><V68/><F28/><W29/><G116/><T126/><D126/><U53/><E130/><V106/><F18/><W123/><G1/><T33/><D33/><U132/><E132/><V91/><F64/><W59/><G71/><T121/><D121/><U115/><E67/><V80/><F68/><W62/><G123/><T113/><D98/><U60/><E60/><V128/><F117/><W111/><G111/><N who="0" m="42507" /><D129/><N who="2" m="49738" /><F133/><W108/><G108/><T34/><D34/><U58/><E96/><V52/><F52/><W54/><G54/><T105/><D105/><U19/><E35/><V94/><AGARI ba="0,0" hai="80,81,82,86,90,91,94,97,99,101,106" m="49738" machi="94" ten="30,8000,1" yaku="19,1,34,2,52,2" doraHai="84" who="2" fromWho="2" sc="203,-40,266,-20,284,80,247,-20" /><INIT seed="5,0,0,5,4,103" ten="163,246,364,227" oya="1" hai0="48,43,12,21,3,41,59,5,97,42,18,57,4" hai1="61,90,105,2,81,71,114,109,63,66,76,102,34" hai2="119,8,33,7,13,87,94,70,126,28,82,23,11" hai3="72,99,84,108,106,50,73,56,92,65,91,26,96"/><U117/><E117/><V113/><F70/><W38/><G38/><T123/><D123/><U37/><E63/><V86/><F119/><W130/><G108/><T0/><D97/><N who="1" m="61647" /><E90/><V83/><F113/><W30/><G130/><T122/><D122/><U80/><E80/><V116/><F116/><W29/><G29/><T40/><N who="0" m="10240" /><DORA hai="27" /><T88/><D88/><U129/><E114/><V118/><F118/><W44/><G56/><T110/><D110/><U121/><E109/><V135/><F135/><W120/><G65/><T69/><D69/><U49/><E49/><V100/><F33/><W17/><G17/><T93/><D93/><U31/><E121/><V39/><F39/><W9/><G9/><T47/><D47/><U98/><E98/><V134/><F11/><W89/><G120/><T124/><D124/><U111/><E111/><V112/><F126/><W52/><G99/><T20/><D20/><U46/><E46/><V125/><F125/><W1/><G1/><T19/><D19/><U78/><E78/><V53/><F100/><W51/><G51/><T95/><D95/><U54/><E54/><V75/><F83/><W24/><G106/><T77/><D77/><U68/><E68/><V101/><F82/><W107/><G107/><T22/><D22/><U10/><E37/><V36/><F36/><W132/><G132/><T55/><REACH who="0" step="1"/><D59/><REACH who="0" ten="153,246,364,227" step="2"/><U128/><E34/><V115/><F112/><W58/><G58/><T16/><D16/><U14/><E128/><V67/><F115/><W79/><G79/><T64/><D64/><U62/><E129/><V127/><F127/><RYUUKYOKU ba="0,1" sc="153,30,246,-10,364,-10,227,-10" hai0="0,3,4,5,12,18,21,48,55,57" /><INIT seed="6,1,1,0,4,124" ten="183,236,354,217" oya="2" hai0="72,97,3,120,54,113,22,133,29,105,131,127,53" hai1="92,12,111,107,4,87,84,79,31,96,82,100,83" hai2="49,18,34,65,61,115,95,21,91,114,30,8,63" hai3="11,37,46,102,35,98,69,16,52,33,45,47,86"/><V32/><F8/><W59/><G69/><T64/><D120/><U62/><E31/><V132/><F132/><W57/><G37/><T6/><D127/><U128/><E62/><V25/><F49/><W119/><G119/><T28/><D133/><U134/><E12/><V74/><F74/><W108/><G108/><T81/><D113/><N who="2" m="43018" /><F18/><W9/><G86/><T51/><D64/><U75/><E4/><V41/><F41/><W106/><G57/><T26/><D28/><U58/><E58/><N who="2" m="37047" /><F63/><W7/><G11/><T118/><D118/><U0/><E0/><V56/><F56/><W20/><G9/><T55/><D6/><U1/><E1/><V130/><F130/><W23/><G7/><T10/><D10/><U39/><E39/><V125/><F125/><W101/><G101/><T67/><D3/><U123/><E134/><V80/><F80/><W19/><G59/><T42/><D67/><U85/><E111/><V50/><F50/><W70/><G70/><T109/><D109/><U15/><E128/><V66/><F66/><W27/><REACH who="3" step="1"/><G52/><REACH who="3" ten="183,236,354,207" step="2"/><T2/><D2/><U73/><E123/><V99/><AGARI ba="1,2" hai="21,25,30,32,34,91,95,99" m="37047,43018" machi="99" ten="30,1500,0" yaku="15,1" doraHai="124" who="2" fromWho="2" sc="183,-6,236,-6,354,38,207,-6" /><INIT seed="6,2,0,3,2,114" ten="177,230,392,201" oya="2" hai0="45,15,110,121,85,81,47,6,7,108,109,135,130" hai1="99,26,34,41,92,100,88,21,57,111,89,13,9" hai2="122,23,1,33,36,80,19,117,87,63,53,112,134" hai3="77,31,49,93,61,74,10,30,105,66,132,38,116"/><V133/><F33/><W106/><G38/><T113/><D121/><U35/><E111/><V20/><F36/><W71/><G93/><T123/><D123/><U90/><E41/><V22/><F1/><W101/><G49/><T5/><D113/><U29/><REACH who="1" step="1"/><E57/><REACH who="1" ten="177,220,392,201" step="2"/><N who="2" m="35247" /><F112/><W52/><G71/><T27/><D130/><U25/><E25/><V58/><F122/><W32/><G132/><T64/><D135/><U103/><E103/><V76/><F133/><W39/><G101/><T69/><D27/><U60/><E60/><V107/><F58/><W55/><G61/><T124/><D69/><U59/><E59/><V56/><F56/><W37/><G55/><T8/><D64/><U0/><E0/><V18/><F134/><W24/><G52/><T131/><D131/><U67/><E67/><V91/><F107/><W94/><G105/><T79/><REACH who="0" step="1"/><D124/><REACH who="0" ten="167,220,392,201" step="2"/><U86/><E86/><V98/><F87/><W17/><G66/><T62/><D62/><U51/><E51/><V14/><F14/><W95/><G37/><T78/><D78/><U12/><E12/><V104/><F76/><W3/><G39/><T11/><D11/><U127/><E127/><V75/><F75/><W50/><G77/><T46/><AGARI ba="2,2" hai="5,6,7,8,15,45,46,47,79,81,85,108,109,110" machi="46" ten="40,2700,0" yaku="1,1,0,1,53,0" doraHai="114" doraHaiUra="102" who="0" fromWho="0" sc="167,53,220,-9,392,-15,201,-9" /><INIT seed="7,0,0,5,3,74" ten="220,211,377,192" oya="3" hai0="25,94,23,21,35,129,44,78,65,46,99,105,116" hai1="26,15,89,31,17,80,48,123,88,70,12,54,67" hai2="60,118,9,75,63,117,103,57,90,124,8,69,39" hai3="7,10,101,3,6,59,1,79,51,131,76,37,16"/><W24/><G37/><T45/><D105/><U52/><E123/><V43/><F75/><W27/><G131/><T61/><D116/><U84/><E70/><V108/><F69/><W112/><G112/><T81/><D35/><U56/><E67/><V49/><F124/><W36/><G36/><T72/><D129/><U114/><E114/><V132/><F132/><W64/><G101/><T18/><D23/><N who="1" m="15839" /><E89/><V34/><F103/><W14/><G3/><T92/><REACH who="0" step="1"/><D99/><REACH who="0" ten="210,211,377,192" step="2"/><U5/><E5/><N who="3" m="1546" /><G1/><T83/><D83/><U11/><E80/><V125/><F34/><W107/><G107/><T122/><D122/><U66/><E17/><V4/><F117/><W68/><G68/><AGARI ba="0,1" hai="18,21,25,44,45,46,61,65,68,72,78,81,92,94" machi="68" ten="40,2600,0" yaku="1,1,52,1,53,0" doraHai="74" doraHaiUra="85" who="0" fromWho="3" sc="210,36,211,0,377,0,192,-26" owari="246,5.0,211,-19.0,377,47.0,166,-33.0" /></mjloggm>