<mjloggm ver="2.3"><GO type="169" lobby="0"/><UN n0="%74%75%6A%69%31%30%39%31" n1="%E3%82%AB%E3%83%9C%E3%83%81%E3%83%A3%E3%82%BF%E3%83%8D" n2="%E3%82%A6%E3%83%AB%E3%83%88%E3%83%A9%E7%AB%8B%E7%9B%B4" n3="%E3%81%82%E3%81%B2%E3%82%8B%E3%81%95%E3%82%93" dan="16,16,17,16" rate="2074.58,2173.47,2156.03,2136.10" sx="M,M,M,M"/><TAIKYOKU oya="0"/><INIT seed="0,0,0,0,1,8" ten="250,250,250,250" oya="0" hai0="39,87,79,83,112,17,10,96,32,71,126,86,18" hai1="59,132,4,44,16,124,29,110,33,25,36,88,20" hai2="56,65,47,130,66,84,34,52,105,55,22,95,26" hai3="104,11,118,24,63,128,93,70,111,69,135,35,1"/><T30/><D112/><U68/><E68/><V92/><F105/><W41/><G93/><N who="2" m="35913" /><F34/><W101/><G70/><T97/><D126/><U121/><E121/><V73/><F73/><W37/><G118/><T54/><D71/><U125/><E110/><V57/><F84/><W27/><G27/><T23/><D39/><U61/><E132/><V49/><F130/><W82/><G82/><T98/><D32/><U100/><E100/><V28/><F57/><W72/><G111/><T116/><D116/><U42/><E4/><V133/><F133/><W75/><G135/><T15/><D30/><U74/><E74/><V103/><F103/><W58/><G58/><T38/><D38/><U129/><E129/><V40/><F40/><W114/><G114/><T107/><D54/><U67/><REACH who="1" step="1"/><E88/><REACH who="1" ten="250,240,250,250" step="2"/><V77/><F77/><W7/><G128/><T85/><REACH who="0" step="1"/><D107/><REACH who="0" ten="240,240,250,250" step="2"/><U12/><AGARI ba="0,2" hai="12,16,20,25,29,33,36,42,44,59,61,67,124,125" machi="12" ten="30,12000,2" yaku="1,1,2,1,0,1,52,1,54,1,53,1" doraHai="8" doraHaiUra="9" who="1" fromWho="1" sc="240,-60,240,140,250,-30,250,-30" /><INIT seed="1,0,0,2,0,82" ten="180,380,220,220" oya="1" hai0="38,67,53,31,62,24,57,91,103,76,135,54,95" hai1="30,63,56,122,41,17,102,96,18,89,60,23,14" hai2="3,101,111,105,45,123,34,19,117,43,90,65,98" hai3="100,104,36,7,32,86,64,79,115,124,108,84,85"/><U119/><E119/><V50/><F123/><W46/><G115/><T69/><D135/><U39/><E122/><V5/><F117/><W51/><G32/><T94/><D38/><U78/><E78/><V37/><F111/><W133/><G36/><T10/><D76/><U22/><E30/><V11/><F34/><W48/><G124/><T126/><D126/><U99/><E39/><V0/><F0/><W61/><G108/><T66/><D10/><U120/><E41/><V21/><F65/><W128/><G128/><T118/><D118/><U16/><E120/><V75/><F75/><W81/><G133/><T25/><D67/><U132/><E132/><V77/><F77/><W29/><G29/><T71/><D71/><U6/><E63/><V131/><F131/><W129/><G129/><T9/><D9/><N who="1" m="4407" /><E102/><V12/><F90/><W15/><G100/><T47/><D69/><U107/><E107/><V52/><REACH who="2" step="1"/><F37/><REACH who="2" ten="180,380,210,220" step="2"/><W134/><G134/><T83/><D66/><N who="1" m="39175" /><E89/><V93/><F93/><W88/><G104/><T55/><D94/><U58/><E23/><V40/><AGARI ba="0,1" hai="3,5,11,12,19,21,40,43,45,50,52,98,101,105" machi="40" ten="30,4000,0" yaku="1,1,0,1,54,1,53,0" doraHai="82" doraHaiUra="110" who="2" fromWho="2" sc="180,-10,380,-20,210,50,220,-10" /><INIT seed="2,0,0,5,5,110" ten="170,360,260,210" oya="2" hai0="82,112,19,60,61,86,9,119,39,120,56,135,43" hai1="121,107,114,31,72,14,92,111,94,79,29,97,73" hai2="49,28,85,65,126,105,77,95,36,21,26,40,48" hai3="62,20,27,83,13,91,74,76,1,5,63,124,64"/><V8/><F105/><W88/><G1/><T58/><D120/><U16/><E111/><V44/><F126/><W122/><G122/><T68/><D135/><U23/><E121/><V3/><F65/><W30/><G124/><T7/><D68/><U0/><E0/><V117/><F117/><W98/><G63/><T18/><D119/><U103/><E114/><V116/><F116/><W87/><G98/><T70/><D70/><U69/><E69/><V129/><F129/><W80/><G5/><T25/><D43/><U133/><E133/><V41/><F41/><W46/><G46/><T71/><D71/><U84/><E94/><V35/><F35/><W54/><G13/><N who="0" m="5311" /><D39/><U100/><E103/><V125/><F125/><W104/><G104/><T108/><D108/><U11/><E11/><V118/><F118/><W42/><G42/><T53/><D112/><U59/><E59/><V17/><F3/><W81/><G74/><T50/><D25/><U115/><E115/><V102/><F102/><W96/><G64/><N who="0" m="38919" /><D61/><U45/><E45/><V47/><F47/><W131/><G62/><T101/><D101/><U38/><E38/><V15/><REACH who="2" step="1"/><F95/><REACH who="2" ten="170,360,250,210" step="2"/><W10/><G54/><T33/><D33/><U123/><E123/><V51/><F51/><W75/><G131/><T128/><D128/><U52/><E107/><V130/><F130/><W2/><G2/><T4/><D4/><U99/><E100/><V55/><F55/><W34/><G34/><T132/><D132/><U127/><E52/><V32/><F32/><W89/><G75/><T93/><D93/><U78/><E92/><RYUUKYOKU ba="0,1" sc="170,15,360,-15,250,15,210,-15" hai0="18,19,50,53,58,82,86" hai2="8,15,17,21,26,28,36,40,44,48,49,77,85" /><INIT seed="2,1,1,5,4,2" ten="185,345,265,195" oya="2" hai0="100,57,35,1,20,61,25,33,10,5,17,96,87" hai1="39,118,92,40,14,101,49,47,123,13,77,6,78" hai2="110,58,86,103,83,99,37,45,81,104,7,18,85" hai3="50,29,12,94,70,11,74,122,130,9,128,131,36"/><V124/><F124/><W28/><G36/><T113/><D87/><U8/><E118/><V52/><F110/><W66/><G74/><T80/><D80/><U102/><E123/><V115/><F115/><W111/><G122/><T41/><D41/><U43/><E39/><V19/><F37/><W27/><G111/><T112/><D112/><U62/><E62/><V16/><F45/><W90/><G9/><T73/><D73/><U76/><E43/><V38/><F38/><W65/><G70/><T127/><D127/><U67/><E67/><N who="3" m="25610" /><G27/><T126/><D126/><U32/><E32/><V121/><F121/><W56/><G50/><T51/><D51/><U60/><E60/><V132/><F132/><W84/><G56/><T116/><D116/><U30/><E30/><V34/><F34/><W108/><G108/><T21/><D21/><U129/><E129/><V31/><F31/><W63/><G63/><T125/><D125/><U48/><E48/><N who="2" m="30983" /><F104/><W91/><G91/><T0/><D0/><U114/><E114/><V97/><F103/><W24/><G24/><T79/><D113/><U53/><E40/><V23/><F23/><W22/><G22/><T93/><REACH who="0" step="1"/><D79/><REACH who="0" ten="175,345,265,195" step="2"/><U55/><E78/><N who="2" m="46263" /><F83/><W89/><G131/><T42/><D42/><U64/><E77/><V107/><F86/><N who="3" m="52535" /><G130/><T98/><D98/><U109/><E76/><V69/><F99/><W26/><G128/><T134/><D134/><U88/><E109/><V44/><F97/><W135/><G135/><T54/><AGARI ba="1,2" hai="1,5,10,17,20,25,33,35,54,57,61,93,96,100" machi="54" ten="20,5200,0" yaku="1,1,0,1,7,1,52,1,53,0" doraHai="2" doraHaiUra="82" who="0" fromWho="0" sc="175,75,345,-14,265,-27,195,-14" /><INIT seed="3,0,0,3,2,77" ten="250,331,238,181" oya="3" hai0="33,74,76,69,40,70,38,52,19,99,130,64,85" hai1="59,93,134,10,8,129,123,25,75,41,109,82,20" hai2="0,88,117,124,119,48,67,53,44,100,92,56,105" hai3="23,133,12,63,3,54,90,4,66,45,14,39,107"/><W9/><G107/><T13/><D130/><U118/><E123/><V42/><F124/><W122/><G122/><T91/><D33/><U101/><E109/><V86/><F0/><W46/><G133/><T114/><D114/><U111/><E111/><V11/><F67/><W36/><G3/><T108/><D99/><U61/><E41/><V2/><F105/><W131/><G131/><T120/><D120/><U81/><E129/><V126/><F126/><W58/><G39/><T72/><D108/><U96/><E75/><V73/><F73/><W15/><G36/><T29/><D29/><N who="1" m="17575" /><E118/><V57/><F100/><W16/><G66/><T62/><D70/><U125/><E134/><V98/><F98/><W89/><G14/><T43/><D38/><U28/><E28/><V87/><F87/><W95/><REACH who="3" step="1"/><G90/><REACH who="3" ten="250,331,238,171" step="2"/><T68/><D91/><U71/><E125/><V79/><F2/><W50/><G50/><T97/><D13/><U26/><E26/><V94/><F88/><W24/><G24/><T121/><D64/><U27/><E27/><V127/><F119/><W5/><G5/><T60/><D121/><U83/><E71/><V116/><F117/><W55/><G55/><AGARI ba="0,1" hai="8,10,55,59,61,81,82,83,93,96,101" m="17575" machi="55" ten="30,7700,0" yaku="8,1,52,3" doraHai="77" who="1" fromWho="3" sc="250,0,331,87,238,0,171,-77" /><INIT seed="4,0,0,3,5,108" ten="250,418,238,94" oya="0" hai0="55,33,118,22,70,51,17,49,37,24,117,16,23" hai1="128,25,93,38,48,121,100,54,134,14,8,59,87" hai2="3,0,45,75,107,89,34,65,53,64,62,119,6" hai3="46,15,58,77,88,123,126,52,56,97,90,5,21"/><T122/><D122/><U40/><E121/><V67/><F119/><W114/><G123/><T35/><D37/><U131/><E134/><V4/><F34/><W103/><G126/><T127/><D70/><U42/><E38/><V91/><F107/><W132/><G132/><T95/><D95/><U130/><E25/><V11/><F75/><W73/><G46/><T1/><D1/><U133/><E133/><V112/><F45/><W129/><G129/><T31/><D127/><U82/><E93/><V50/><F50/><W9/><G58/><T81/><D81/><U76/><E100/><V101/><F101/><W109/><G109/><T72/><D72/><U20/><E20/><V32/><F32/><W104/><G114/><T120/><D120/><U96/><E96/><V27/><F27/><W99/><G99/><T110/><D110/><U80/><E82/><V68/><F112/><W44/><G44/><T86/><D86/><U102/><E102/><V41/><F41/><W124/><G124/><T66/><D24/><U26/><E26/><V7/><F53/><W78/><G21/><T71/><D71/><U74/><E74/><V98/><F98/><W43/><G43/><T36/><D36/><U60/><E48/><V79/><F79/><N who="3" m="30219" /><G73/><T39/><D39/><U111/><E111/><V13/><F3/><W47/><G47/><T2/><D2/><U115/><E115/><V113/><F0/><W63/><G90/><N who="2" m="34313" /><F113/><W125/><G125/><T116/><D118/><U92/><E131/><V94/><F94/><N who="3" m="56519" /><G104/><T135/><D116/><U57/><E128/><V29/><F29/><RYUUKYOKU ba="0,0" sc="250,-15,418,-15,238,15,94,15" hai2="4,6,7,11,13,62,64,65,67,68" hai3="5,9,15,52,56,63,103" /><INIT seed="5,1,0,3,1,58" ten="235,403,253,109" oya="1" hai0="100,110,9,63,55,31,80,112,104,96,5,78,71" hai1="121,123,113,28,47,43,62,68,116,83,17,3,37" hai2="109,93,122,53,60,56,48,72,94,24,29,66,57" hai3="11,59,75,35,51,1,90,134,128,32,74,13,108"/><U103/><E116/><V25/><F109/><W40/><G108/><T19/><D110/><U95/><E3/><V107/><F122/><W79/><G128/><T115/><D19/><U61/><E68/><V42/><F107/><W73/><G134/><T49/><D31/><U124/><E28/><V69/><F72/><W0/><G79/><T67/><D49/><U20/><E83/><V6/><F6/><W76/><G76/><T22/><D55/><U86/><E124/><V87/><F87/><W64/><G0/><N who="0" m="167" /><D22/><U91/><E103/><V8/><F8/><W102/><G1/><T119/><D119/><U82/><E82/><V34/><F24/><W30/><G102/><T15/><D15/><U41/><E41/><V52/><F42/><W117/><G117/><T38/><D38/><U46/><E43/><V84/><F84/><W120/><G120/><T65/><D65/><U50/><E86/><V85/><F85/><W16/><G30/><T7/><D7/><U98/><E37/><V39/><F39/><W129/><G129/><T21/><D21/><U54/><E123/><V101/><F101/><W92/><G40/><T23/><D23/><U127/><E127/><V133/><F133/><W131/><G131/><T26/><D26/><U130/><E130/><V14/><F14/><W89/><G51/><AGARI ba="1,0" hai="25,29,34,48,51,52,53,56,57,60,66,69,93,94" machi="51" ten="30,7700,0" yaku="7,1,9,1,52,1,54,1" doraHai="58" who="2" fromWho="3" sc="235,0,403,0,253,80,109,-80" /><INIT seed="6,0,0,5,0,114" ten="235,403,333,29" oya="2" hai0="133,33,80,30,127,96,24,47,23,37,34,121,8" hai1="93,49,119,98,22,100,36,61,29,25,53,40,3" hai2="46,67,116,113,41,124,108,130,51,135,70,65,122" hai3="92,89,27,123,97,101,81,90,20,48,38,75,88"/><V106/><RYUUKYOKU type="yao9" ba="0,0" sc="235,0,403,0,333,0,29,0" hai2="41,46,51,65,67,70,106,108,113,116,122,124,130,135" /><INIT seed="6,1,0,3,0,51" ten="235,403,333,29" oya="2" hai0="106,45,66,86,108,92,59,32,84,89,43,127,112" hai1="123,110,87,37,71,23,10,124,117,21,131,128,114" hai2="36,5,77,31,102,101,64,111,22,44,19,81,65" hai3="14,70,115,11,76,91,78,48,100,134,122,35,47"/><V17/><F111/><W28/><G70/><T125/><D32/><U72/><E87/><N who="2" m="48559" /><F36/><W57/><G122/><T20/><D108/><U27/><E21/><V58/><F5/><W9/><G134/><T1/><D1/><U55/><E55/><V119/><F119/><W46/><G100/><N who="2" m="38505" /><F44/><W39/><G39/><T121/><D106/><U52/><E52/><V82/><F82/><W63/><G11/><T90/><D121/><U4/><E10/><V99/><F99/><W95/><G47/><T61/><D112/><U133/><E4/><V104/><F104/><W18/><G115/><T30/><D45/><U16/><E37/><V38/><F38/><W0/><G0/><T42/><D125/><U40/><E124/><V56/><F31/><W116/><G116/><T126/><D127/><U113/><E117/><V88/><F88/><W41/><G28/><T67/><D126/><U96/><E96/><V8/><F8/><W24/><G35/><T75/><D75/><U3/><E72/><V130/><F130/><W15/><G24/><N who="0" m="16647" /><D67/><N who="2" m="25674" /><F19/><W53/><REACH who="3" step="1"/><G15/><AGARI ba="1,0" hai="15,17,22,56,58" m="25674,38505,48559" machi="15" ten="30,1500,0" yaku="8,1" doraHai="51" who="2" fromWho="3" sc="235,0,403,0,333,18,29,-18" /><INIT seed="6,2,0,0,0,105" ten="235,403,351,11" oya="2" hai0="112,45,47,119,116,26,21,35,130,56,12,120,28" hai1="9,80,34,1,46,20,37,52,58,64,68,70,126" hai2="124,118,134,29,51,39,114,78,11,0,59,110,96" hai3="100,74,25,33,98,36,48,108,99,57,38,2,91"/><V44/><F118/><W113/><G108/><T88/><D120/><U66/><E34/><V104/><F110/><W95/><G2/><T81/><D130/><U77/><E70/><V50/><F39/><W40/><G113/><T82/><D112/><U102/><E102/><V94/><F114/><W62/><G33/><T19/><D56/><U10/><E20/><V84/><F104/><W107/><G25/><T15/><D15/><U117/><E126/><V23/><F124/><W54/><REACH who="3" step="1"/><G74/><REACH who="3" ten="235,403,351,1" step="2"/><T133/><D119/><U93/><E1/><V86/><F0/><W18/><G18/><T92/><D116/><U32/><E32/><V42/><F134/><W109/><G109/><T125/><D133/><U53/><E117/><V83/><F29/><W55/><G55/><T103/><D125/><U111/><E53/><N who="2" m="32191" /><F23/><W132/><G132/><T31/><D35/><U6/><E111/><V106/><F11/><W135/><G135/><T75/><D31/><U87/><E10/><V73/><F73/><W97/><G97/><N who="0" m="59815" /><D75/><U17/><E9/><V22/><F22/><W131/><G131/><T5/><D28/><U60/><E17/><V127/><F127/><W85/><G85/><N who="0" m="50231" /><D26/><U67/><E6/><V14/><F14/><W115/><G115/><T122/><D5/><U24/><E24/><V27/><F27/><W7/><G7/><T129/><D129/><U76/><E87/><V65/><F86/><W61/><G61/><T43/><D21/><U123/><E60/><V128/><F128/><W8/><G8/><T72/><D19/><U79/><E123/><V90/><F65/><RYUUKYOKU ba="2,1" sc="235,-15,403,-15,351,15,1,15" hai2="42,44,50,78,83,84,90,94,96,106" hai3="36,38,40,48,54,57,62,91,95,98,99,100,107" /><INIT seed="6,3,1,5,3,107" ten="220,388,366,16" oya="2" hai0="31,25,69,21,37,41,1,9,124,72,94,80,17" hai1="131,62,40,23,22,47,77,60,75,2,4,112,29" hai2="35,119,122,66,86,33,16,103,73,56,8,110,93" hai3="126,24,88,15,11,101,87,71,55,79,123,114,92"/><V132/><F122/><W100/><G71/><T125/><D69/><U95/><E112/><V46/><F119/><W0/><G123/><T82/><D94/><U120/><E131/><V135/><F110/><W34/><G0/><T50/><D37/><N who="1" m="21903" /><E95/><V115/><F115/><W84/><G114/><T30/><D1/><U90/><E90/><N who="2" m="53463" /><F103/><W130/><G126/><N who="0" m="48747" /><D9/><N who="1" m="2199" /><E120/><V57/><F73/><W12/><G130/><T20/><D72/><U70/><E29/><N who="0" m="10761" /><D21/><N who="1" m="7691" /><E70/><V121/><F121/><W44/><G34/><T102/><D102/><U32/><E32/><V81/><F35/><W99/><G24/><T3/><D3/><U18/><E18/><V42/><F33/><W6/><G15/><T67/><D67/><U7/><E7/><V64/><F16/><W45/><G101/><T76/><D76/><U128/><E128/><V38/><F8/><W74/><G74/><T96/><D96/><U134/><E134/><N who="2" m="51243" /><F66/><W61/><G79/><T111/><D111/><U117/><E117/><V49/><F64/><W68/><G68/><T85/><D85/><N who="3" m="32841" /><G100/><T127/><D127/><U28/><E28/><V59/><F38/><W105/><G105/><T26/><D25/><U53/><E53/><V43/><F43/><W19/><G6/><T89/><D89/><U51/><E51/><V78/><F78/><W27/><G27/><T65/><D65/><U83/><AGARI ba="3,1" hai="60,62,75,77,83" m="7691,2199,21903" machi="83" ten="30,2000,0" yaku="25,1,52,1" doraHai="107" who="1" fromWho="1" sc="220,-8,388,39,366,-13,16,-8" /><INIT seed="7,0,0,0,0,121" ten="212,427,353,8" oya="3" hai0="104,42,85,68,23,38,52,56,80,76,125,9,59" hai1="67,49,95,50,86,82,4,15,101,60,14,102,129" hai2="6,0,8,110,122,118,106,29,21,2,77,98,34" hai3="96,81,124,3,66,26,112,108,41,22,32,55,63"/><W7/><G32/><T83/><D104/><U47/><E129/><V54/><F54/><W18/><G112/><T84/><D68/><U46/><E95/><V117/><F77/><W113/><G113/><T100/><D100/><N who="1" m="38507" /><E60/><V17/><F98/><W28/><G124/><T73/><D125/><U58/><E67/><V103/><F103/><W120/><G120/><T92/><D92/><U48/><E58/><V37/><F37/><W39/><G55/><T87/><D9/><N who="1" m="4391" /><E15/><N who="2" m="9407" /><F2/><W13/><G96/><T111/><D42/><U88/><AGARI ba="0,0" hai="46,47,48,49,50,82,86,88" m="4391,38507" machi="88" ten="30,2000,0" yaku="8,1,54,1" doraHai="121" who="1" fromWho="1" sc="212,-5,427,20,353,-5,8,-10" owari="207,-19.0,447,54.0,348,15.0,-2,-50.0" /></mjloggm>