<mjloggm ver="2.3"><GO type="97" lobby="0"/><UN n0="%6D%69%70%70%6F" n1="%EF%BC%92%EF%BC%95%EF%BC%98%E8%B1%86%E3%81%A0%E3%81%BE" n2="%E3%81%A1%E3%82%86%E3%81%A1%E3%82%83%E3%82%93" n3="%E5%B0%B1%E6%B4%BB%E7%94%9F%40%E5%B7%9D%E6%9D%91%E8%BB%8D%E5%9B%A3" dan="13,15,14,14" rate="1850.06,2062.34,1936.95,1980.84" sx="M,M,F,M"/><TAIKYOKU oya="0"/><INIT seed="0,0,0,3,4,130" ten="250,250,250,250" oya="0" hai0="43,118,14,60,20,87,78,7,128,135,129,90,96" hai1="95,56,84,92,46,112,27,117,134,86,131,55,32" hai2="110,62,133,82,57,61,15,124,53,122,23,89,66" hai3="68,59,77,11,48,123,109,26,4,13,24,45,37"/><T5/><D118/><U28/><E117/><V71/><F122/><W49/><G68/><T17/><D78/><U1/><E1/><V19/><F110/><W29/><G123/><T31/><D96/><U51/><E112/><V8/><F124/><W74/><G109/><T9/><D43/><U97/><E131/><N who="0" m="50249" /><D135/><U18/><E95/><V126/><F126/><W54/><G37/><T70/><D31/><U132/><E18/><V33/><F33/><W3/><G3/><T25/><D60/><U38/><E38/><V121/><F121/><W83/><REACH who="3" step="1"/><G29/><REACH who="3" ten="250,250,250,240" step="2"/><N who="0" m="17575" /><D70/><U79/><E132/><V127/><F133/><W72/><G72/><T67/><D67/><U93/><E134/><V102/><F127/><W21/><G21/><T10/><D10/><U34/><E34/><V65/><F23/><W119/><G119/><T108/><D108/><U103/><E32/><V50/><F66/><W12/><G12/><T64/><D64/><U104/><E28/><V0/><F71/><W76/><G76/><T2/><D2/><U80/><E79/><V113/><F65/><W58/><G58/><T116/><D116/><U30/><E56/><V111/><F111/><W105/><G105/><T115/><D115/><U6/><E104/><V106/><F113/><W81/><G81/><AGARI ba="0,1" hai="5,7,9,14,17,81,87,90" m="17575,50249" machi="81" ten="30,1500,0" yaku="19,1" doraHai="130" who="0" fromWho="3" sc="250,25,250,0,250,0,240,-15" /><INIT seed="0,1,0,1,3,58" ten="275,250,250,225" oya="0" hai0="54,69,16,34,32,90,73,86,22,66,135,94,121" hai1="71,51,55,27,101,110,97,60,109,19,127,48,87" hai2="63,105,10,130,74,18,96,2,76,119,45,111,53" hai3="81,29,72,125,59,128,36,39,3,20,7,43,92"/><T65/><D73/><U42/><E127/><V35/><F35/><W75/><G125/><T116/><D121/><U44/><E87/><V9/><F74/><W14/><G128/><T100/><D116/><U15/><E27/><V133/><F76/><N who="3" m="44167" /><G39/><T6/><D135/><U23/><E71/><V82/><F130/><W30/><G75/><T93/><D6/><U13/><E13/><V132/><F119/><W37/><G36/><T126/><D126/><U83/><E83/><V25/><F82/><W95/><G59/><T104/><D104/><U123/><E123/><V62/><F111/><N who="1" m="42505" /><E51/><N who="2" m="28911" /><F2/><W38/><G38/><T41/><D41/><U114/><E42/><V85/><F85/><W84/><G84/><T46/><D32/><U31/><E31/><V77/><F77/><W4/><G4/><T50/><D34/><U5/><E5/><V0/><F0/><W26/><G14/><N who="0" m="9495" /><D69/><U120/><E114/><V115/><F115/><W40/><G40/><T28/><D28/><U91/><E120/><V99/><F25/><W17/><G30/><T49/><D50/><U113/><E113/><V134/><F18/><W57/><G29/><T131/><D131/><U47/><E19/><V108/><F108/><W88/><G7/><T79/><D79/><U103/><E48/><V1/><F1/><W129/><G3/><T21/><D21/><U118/><E23/><V12/><F12/><W52/><G129/><T8/><D8/><N who="2" m="3178" /><F99/><AGARI ba="1,0" hai="46,49,54,65,66,86,90,93,94,99,100" m="9495" machi="99" ten="30,2900,0" yaku="8,1,54,1" doraHai="58" who="0" fromWho="2" sc="275,32,250,0,250,-32,225,0" /><INIT seed="0,2,0,2,2,31" ten="307,250,218,225" oya="0" hai0="13,15,122,56,90,35,3,34,39,6,92,77,43" hai1="73,61,21,33,5,14,36,113,112,101,11,135,30" hai2="83,88,54,49,37,29,131,121,104,9,60,89,82" hai3="81,109,127,97,40,45,125,105,98,85,111,134,52"/><T19/><D122/><U108/><E36/><V84/><F121/><W2/><G2/><T16/><D77/><U106/><E73/><V50/><F104/><W10/><G134/><T132/><D132/><U99/><E135/><V71/><F37/><N who="3" m="21647" /><G10/><T103/><D103/><U58/><E108/><V120/><F120/><W27/><G27/><T63/><D43/><U20/><E30/><V48/><F131/><W130/><G130/><T12/><D39/><U68/><E68/><V4/><F29/><W66/><G66/><T86/><D3/><U119/><E119/><V115/><F115/><N who="1" m="44105" /><E33/><V46/><F71/><W38/><G52/><AGARI ba="2,0" hai="5,11,14,20,21,52,58,61,99,101,106" m="44105" machi="52" ten="30,2000,0" yaku="11,1,54,1" doraHai="31" who="1" fromWho="3" sc="307,0,250,26,218,0,225,-26" /><INIT seed="1,0,0,4,0,75" ten="307,276,218,199" oya="1" hai0="3,92,103,25,29,31,73,60,126,78,35,89,70" hai1="85,64,61,135,18,80,69,36,114,109,118,91,52" hai2="120,17,19,28,62,108,20,98,112,59,110,5,116" hai3="53,30,65,41,74,22,102,57,40,131,33,77,10"/><U101/><E36/><V34/><F120/><W82/><G33/><T1/><D126/><U124/><E118/><V26/><F116/><W93/><G131/><T44/><D103/><U63/><E114/><V55/><F112/><W132/><G132/><T32/><D44/><U107/><E135/><V48/><F5/><W71/><G71/><T9/><D9/><U94/><E107/><V24/><F98/><W15/><G65/><T111/><D111/><U128/><E128/><V72/><F72/><W45/><G22/><T12/><D12/><U0/><E0/><V6/><F6/><W66/><G30/><T83/><D92/><U16/><E109/><V96/><F17/><W123/><G66/><N who="0" m="41287" /><D89/><U2/><E2/><V95/><REACH who="2" step="1"/><F48/><REACH who="2" ten="307,276,208,199" step="2"/><W90/><G123/><T100/><D100/><AGARI ba="0,1" hai="19,20,24,26,28,34,55,59,62,95,96,100,108,110" machi="100" ten="40,2600,0" yaku="1,1,2,1,53,0" doraHai="75" doraHaiUra="125" who="2" fromWho="0" sc="307,-26,276,0,208,36,199,0" /><INIT seed="2,0,0,1,0,37" ten="281,276,244,199" oya="2" hai0="119,49,109,82,125,98,58,62,21,123,57,75,69" hai1="63,83,26,100,40,85,36,12,93,42,10,52,18" hai2="77,126,33,8,54,73,84,60,128,1,17,31,41" hai3="15,113,66,39,30,72,44,80,64,34,86,91,116"/><V99/><F73/><W25/><G116/><T53/><D123/><U76/><E36/><V78/><F33/><W29/><G113/><T81/><D109/><U131/><E131/><V105/><F31/><W56/><G30/><T55/><D125/><U114/><E114/><V96/><F126/><W110/><G110/><T0/><D0/><U115/><E115/><V111/><F111/><W71/><G71/><T67/><D119/><U103/><E26/><V4/><F128/><W70/><G70/><T135/><D75/><U122/><E122/><V121/><F121/><W32/><G32/><T19/><D135/><U88/><E100/><V95/><F105/><W107/><G107/><T38/><D38/><U9/><E9/><V7/><F99/><W51/><G72/><T127/><D98/><N who="1" m="57639" /><E103/><V22/><F84/><W94/><G80/><T6/><D6/><N who="2" m="2090" /><F1/><W48/><G15/><T89/><D127/><U112/><E112/><V117/><F8/><W20/><G34/><T13/><REACH who="0" step="1"/><D89/><REACH who="0" ten="271,276,244,199" step="2"/><U14/><E14/><V102/><F117/><W92/><G39/><T120/><D120/><U16/><E12/><N who="2" m="9511" /><F78/><W79/><G79/><T11/><D11/><U118/><E10/><V50/><F77/><W132/><G132/><T101/><D101/><U130/><E118/><V61/><F54/><N who="3" m="31815" /><G94/><T59/><D59/><N who="1" m="35303" /><E130/><V124/><F124/><W2/><G2/><T35/><D35/><U23/><E23/><V3/><F3/><W108/><G108/><T68/><D68/><U129/><E129/><V5/><F5/><W46/><G46/><AGARI ba="0,1" hai="41,46,50,60,61,95,96,102" m="9511,2090" machi="46" ten="30,2900,0" yaku="8,1,52,1" doraHai="37" who="2" fromWho="3" sc="271,0,276,0,244,39,199,-29" /><INIT seed="2,1,0,2,3,93" ten="271,276,283,170" oya="2" hai0="115,78,7,48,0,87,2,6,92,126,45,98,82" hai1="86,38,1,14,111,61,101,58,109,102,95,46,131" hai2="21,106,29,5,53,90,50,20,36,70,108,96,65" hai3="3,81,55,103,12,113,68,49,133,107,18,119,62"/><V135/><F36/><W10/><G119/><T84/><D115/><U47/><E1/><V94/><F106/><W130/><G113/><T89/><D126/><U57/><E38/><V35/><F5/><W51/><G130/><T43/><D0/><U34/><E34/><V73/><F73/><W11/><G133/><T16/><D2/><U63/><E131/><V104/><F104/><W67/><G81/><T23/><D98/><N who="1" m="59615" /><E86/><V64/><F135/><W100/><G51/><T28/><D28/><U122/><E122/><V26/><F108/><N who="1" m="41545" /><E14/><AGARI ba="1,0" hai="6,7,14,16,23,43,45,48,78,82,84,87,89,92" machi="14" ten="30,3900,0" yaku="7,1,8,1,54,1" doraHai="93" who="0" fromWho="1" sc="271,42,276,-42,283,0,170,0" /><INIT seed="3,0,0,4,1,128" ten="313,234,283,170" oya="3" hai0="37,123,60,8,31,69,79,3,84,28,112,50,20" hai1="54,120,81,105,86,130,29,38,87,110,46,22,113" hai2="101,126,121,109,131,2,117,124,11,71,18,65,83" hai3="92,23,12,32,67,97,103,88,99,45,95,70,24"/><W94/><G32/><T41/><D37/><U14/><E105/><V134/><F101/><W132/><G132/><T33/><D123/><U15/><E130/><V4/><F134/><W13/><G92/><T115/><D33/><U108/><E120/><V36/><F131/><W7/><G7/><N who="0" m="1151" /><D20/><U27/><E113/><N who="0" m="43593" /><D50/><N who="1" m="29015" /><E38/><V0/><F121/><W73/><G73/><T91/><D79/><N who="1" m="46399" /><E87/><V9/><F36/><W122/><G122/><T35/><D41/><U68/><E68/><V1/><F71/><W34/><G34/><T135/><D35/><U66/><E66/><V129/><F65/><W64/><G45/><T6/><D6/><U78/><E78/><V118/><F129/><W62/><REACH who="3" step="1"/><G64/><REACH who="3" ten="313,234,283,160" step="2"/><N who="0" m="41095" /><D135/><U98/><E98/><V107/><F118/><W5/><G5/><T116/><D116/><U106/><E106/><V96/><F117/><W85/><G85/><T125/><D125/><U74/><E74/><V80/><F4/><W57/><G57/><T47/><D47/><U89/><E89/><V58/><F58/><W48/><G48/><T52/><D52/><U61/><E61/><V127/><F124/><W72/><G72/><T82/><AGARI ba="0,1" hai="28,31,82,84,91" m="41095,43593,1151" machi="82" ten="30,1100,0" yaku="11,1" doraHai="128" who="0" fromWho="0" sc="313,21,234,-3,283,-3,160,-5" owari="334,43.0,231,-17.0,280,8.0,155,-34.0" /></mjloggm>