<mjloggm ver="2.3"><GO type="169" lobby="0"/><UN n0="%E8%B6%85%E7%8D%A3%EF%BC%A7%EF%BC%A9%EF%BC%A7%EF%BC%A1" n1="%E6%9D%B1%E9%A2%A8%E3%81%AE%E3%81%B7%E3%83%BC" n2="%E3%82%A6%E3%83%AB%E3%83%88%E3%83%A9%E7%AB%8B%E7%9B%B4" n3="%E3%83%A6%E3%83%B3%E3%82%B1%E3%83%AB" dan="16,16,17,16" rate="2072.15,2075.88,2170.63,2079.67" sx="M,M,M,M"/><TAIKYOKU oya="0"/><INIT seed="0,0,0,4,1,81" ten="250,250,250,250" oya="0" hai0="131,86,108,22,122,120,19,110,37,41,15,93,70" hai1="71,1,16,96,30,116,103,79,100,89,54,18,49" hai2="113,52,20,124,32,91,114,40,66,64,3,44,60" hai3="25,61,56,68,26,24,126,65,35,10,123,47,78"/><T95/><D70/><U38/><E116/><V58/><F32/><W23/><G126/><T128/><D37/><U28/><E38/><V55/><F3/><W48/><G123/><T111/><D41/><U129/><E1/><V4/><F124/><W107/><G35/><T127/><D127/><U118/><E129/><N who="0" m="49737" /><D95/><N who="1" m="56431" /><E79/><V59/><F4/><W112/><G112/><T115/><D115/><U105/><E105/><V90/><F20/><W36/><G107/><T92/><D92/><U106/><E106/><V133/><F133/><W85/><G36/><T45/><D45/><N who="1" m="27951" /><E71/><V13/><F13/><W130/><G68/><T43/><D43/><U29/><E118/><V2/><F2/><W94/><G10/><T34/><D34/><U109/><E109/><V8/><F8/><W33/><G33/><T50/><D50/><U125/><E125/><V21/><F21/><W0/><G0/><T11/><D22/><U135/><E135/><V87/><F40/><N who="3" m="24679" /><G130/><T63/><D63/><U57/><E57/><V76/><F44/><W9/><G9/><T117/><D117/><U51/><E51/><V74/><F60/><W119/><G119/><T69/><D69/><U121/><E121/><V27/><F114/><W88/><G78/><T99/><D99/><U134/><E134/><V97/><F76/><W101/><G101/><AGARI ba="0,0" hai="16,18,28,29,30,100,101,103" m="27951,56431" machi="101" ten="30,2000,0" yaku="8,1,54,1" doraHai="81" who="1" fromWho="3" sc="250,0,250,20,250,0,250,-20" /><INIT seed="1,0,0,3,2,46" ten="250,270,250,230" oya="1" hai0="2,116,56,14,80,114,68,70,67,3,75,84,63" hai1="117,49,110,108,51,45,107,66,7,53,5,89,57" hai2="98,122,135,9,23,37,128,90,40,133,99,19,18" hai3="59,78,17,81,123,38,74,27,113,22,36,85,69"/><U119/><E107/><V55/><F122/><W121/><G113/><T101/><D75/><U20/><E20/><V127/><F40/><W32/><G69/><T118/><D114/><U61/><E89/><V50/><F37/><W39/><G32/><T4/><D101/><U35/><E7/><V103/><F127/><W42/><G42/><T77/><D70/><N who="1" m="42319" /><E5/><V105/><F128/><W44/><G44/><T112/><D112/><U111/><E35/><V79/><F79/><W1/><G1/><T130/><D130/><U25/><E25/><V52/><F55/><AGARI ba="0,0" hai="45,49,51,53,55,57,108,110,111,117,119" m="42319" machi="55" ten="30,18000,2" yaku="14,1,10,1,34,2,52,2" doraHai="46" who="1" fromWho="2" sc="250,0,270,180,250,-180,230,0" /><INIT seed="1,1,0,3,1,127" ten="250,450,70,230" oya="1" hai0="16,51,9,113,122,97,40,67,13,132,24,107,88" hai1="22,56,0,31,108,135,19,42,78,7,83,46,32" hai2="111,75,69,27,103,38,84,96,73,104,114,4,106" hai3="36,60,121,66,39,77,62,129,48,85,11,12,123"/><U6/><E135/><V2/><F27/><W43/><G85/><T79/><D113/><U25/><E108/><V23/><F23/><W14/><G77/><T61/><D132/><U95/><E56/><V120/><F4/><W35/><G35/><T26/><D122/><U20/><E95/><V1/><F69/><W100/><G100/><T98/><D79/><U130/><E130/><V128/><F38/><W45/><G14/><T89/><D40/><U93/><E93/><N who="2" m="58767" /><F2/><W133/><G133/><T110/><D110/><U29/><E22/><V55/><F1/><W82/><G82/><T134/><D51/><U30/><E32/><V126/><F55/><W15/><G15/><T74/><D74/><N who="2" m="28170" /><F120/><W102/><G102/><T37/><D37/><U58/><E58/><V124/><F111/><W86/><G86/><T72/><D72/><U5/><E0/><V87/><F114/><W119/><G119/><T131/><D134/><U105/><E105/><N who="2" m="40555" /><F128/><W101/><G129/><T47/><D131/><U94/><E46/><V68/><F68/><W8/><G8/><T57/><D47/><U10/><E42/><V50/><F50/><W81/><G36/><T49/><D49/><U76/><E10/><V99/><F99/><N who="0" m="37898" /><D107/><U90/><E6/><V63/><F63/><W65/><G39/><T91/><AGARI ba="1,0" hai="9,13,16,24,26,57,61,67,88,89,91" m="37898" machi="91" ten="30,4000,0" yaku="8,1,54,2" doraHai="127" who="0" fromWho="0" sc="250,43,450,-21,70,-11,230,-11" /><INIT seed="2,0,0,1,1,85" ten="293,429,59,219" oya="2" hai0="117,73,79,119,124,54,51,88,98,37,107,91,22" hai1="9,132,16,130,78,45,83,106,94,1,12,129,23" hai2="46,72,4,55,96,48,24,8,90,18,131,66,50" hai3="120,110,52,57,17,82,89,92,121,103,114,81,75"/><V34/><F131/><N who="1" m="50185" /><E132/><V3/><F72/><W40/><G110/><T14/><D37/><U31/><E106/><V76/><F76/><W125/><G125/><T122/><D122/><U93/><E45/><V111/><F111/><W68/><G68/><T65/><D124/><U33/><E33/><V29/><F66/><W70/><G70/><T43/><D43/><U7/><E31/><V35/><F35/><W84/><G114/><T20/><D65/><U97/><E97/><V42/><F18/><W108/><G108/><T60/><D60/><U53/><E53/><V100/><F100/><W112/><G112/><T104/><D79/><U115/><E115/><V26/><F26/><W87/><G40/><T62/><D62/><U10/><E10/><V19/><F19/><W99/><G17/><N who="0" m="10295" /><D22/><U113/><E113/><V27/><F27/><W36/><G36/><T123/><D123/><U74/><AGARI ba="0,0" hai="1,7,9,12,16,23,74,78,83,93,94" m="50185" machi="74" ten="30,2000,0" yaku="19,1,54,1" doraHai="85" who="1" fromWho="1" sc="293,-5,429,20,59,-10,219,-5" /><INIT seed="3,0,0,2,2,118" ten="288,449,49,214" oya="3" hai0="117,25,30,112,92,121,34,13,65,127,120,44,66" hai1="55,20,36,82,21,70,4,58,29,48,45,119,52" hai2="33,122,54,8,101,81,68,73,27,96,56,9,93" hai3="75,126,10,123,50,116,41,47,35,57,129,113,5"/><W22/><G116/><T46/><D117/><U124/><E119/><V3/><F68/><W77/><G113/><T2/><D2/><U72/><E70/><V131/><F131/><W110/><G35/><T107/><D107/><U111/><E111/><V102/><F102/><W78/><G129/><T16/><D112/><U26/><E124/><V40/><F40/><W1/><G126/><T14/><D127/><U49/><E36/><V88/><F3/><W17/><G110/><T76/><D76/><U135/><E135/><V64/><F64/><W103/><G103/><T104/><D104/><U32/><REACH who="1" step="1"/><E4/><REACH who="1" ten="288,439,49,214" step="2"/><V86/><F73/><W106/><G75/><T28/><D34/><U134/><E134/><V37/><F37/><W98/><G123/><T74/><D74/><U53/><E53/><V94/><F122/><W31/><G106/><T80/><D121/><U18/><E18/><V43/><F43/><W105/><G31/><T60/><D16/><U24/><E24/><V79/><F27/><W23/><G105/><T11/><D25/><U132/><E132/><V109/><F33/><W61/><G98/><T15/><D120/><U125/><E125/><V62/><REACH who="2" step="1"/><F109/><REACH who="2" ten="288,439,39,214" step="2"/><W115/><G115/><T12/><D66/><U89/><E89/><V63/><F63/><W6/><G61/><T91/><D60/><U38/><E38/><V87/><AGARI ba="0,2" hai="8,9,54,56,62,79,81,86,87,88,93,94,96,101" machi="87" ten="20,8000,1" yaku="1,1,0,1,7,1,8,1,54,1,53,0" doraHai="118" doraHaiUra="130" who="2" fromWho="2" sc="288,-20,439,-20,39,100,214,-40" /><INIT seed="4,0,0,5,3,50" ten="268,419,139,174" oya="0" hai0="60,66,47,118,101,94,28,56,48,16,32,121,113" hai1="64,13,26,116,108,85,133,122,43,98,5,128,76" hai2="91,86,77,27,17,35,125,21,52,39,41,71,134" hai3="80,114,62,119,49,25,109,124,37,22,68,14,131"/><T12/><D118/><U4/><E116/><V55/><F71/><W34/><G119/><T87/><D121/><U75/><E108/><V74/><F125/><W8/><G114/><T65/><D113/><U57/><E122/><V53/><F134/><W130/><G109/><T90/><D101/><U102/><E133/><V83/><F35/><W89/><G37/><T11/><D32/><U2/><E128/><N who="3" m="49194" /><G124/><T29/><REACH who="0" step="1"/><D66/><REACH who="0" ten="258,419,139,174" step="2"/><U112/><E112/><V1/><F1/><W72/><G34/><T111/><D111/><U40/><E2/><V93/><F39/><W44/><G68/><T84/><D84/><U36/><E36/><V115/><F115/><W95/><G72/><T92/><D92/><U126/><E75/><V107/><F107/><W58/><G95/><T106/><D106/><U54/><E64/><V103/><F103/><W99/><G99/><T7/><D7/><U96/><E96/><N who="2" m="57407" /><F74/><W19/><G80/><T127/><D127/><U46/><E126/><V38/><F38/><W3/><G3/><T33/><D33/><U132/><E98/><V30/><F41/><AGARI ba="0,1" hai="11,12,16,28,29,41,47,48,56,60,65,87,90,94" machi="41" ten="30,11600,0" yaku="1,1,7,1,8,1,54,1,53,0" doraHai="50" doraHaiUra="78" who="0" fromWho="2" sc="258,126,419,0,139,-116,174,0" /><INIT seed="4,1,0,3,5,2" ten="384,419,23,174" oya="0" hai0="54,0,15,122,124,12,90,102,97,26,85,103,61" hai1="128,116,47,25,20,8,35,75,57,41,70,68,6" hai2="51,14,80,9,130,27,19,39,133,118,131,10,108" hai3="34,62,92,134,5,95,123,120,46,53,52,22,65"/><T107/><D122/><N who="3" m="46633" /><G34/><T78/><D124/><U96/><E116/><V49/><F39/><W83/><G134/><T43/><D0/><U105/><E35/><V129/><F108/><W91/><G22/><T63/><D43/><U18/><E128/><V74/><F133/><W100/><G5/><T1/><D1/><U101/><E57/><V30/><F118/><W40/><G83/><T109/><D109/><U106/><E105/><V121/><F121/><W98/><G65/><T32/><D78/><U64/><E75/><V44/><F44/><W112/><G62/><T81/><D103/><U58/><E58/><V111/><F111/><W59/><G59/><T11/><D54/><U55/><E55/><V7/><F80/><W99/><G112/><T113/><D12/><U88/><E64/><V4/><F74/><W135/><G135/><T93/><D113/><U38/><E88/><V67/><F67/><W104/><G104/><T126/><D126/><U16/><E18/><V37/><F37/><AGARI ba="1,0" hai="37,40,46,52,53,91,92,95,98,99,100" m="46633" machi="37" ten="30,2000,0" yaku="13,1,54,1" doraHai="2" who="3" fromWho="2" sc="384,0,419,0,23,-23,174,23" /><INIT seed="5,0,0,2,3,100" ten="384,419,0,197" oya="1" hai0="8,7,50,34,49,19,46,84,71,69,3,16,14" hai1="95,67,83,10,43,58,72,128,107,131,48,29,21" hai2="87,111,15,96,68,81,124,132,35,38,115,93,75" hai3="78,105,53,31,118,74,88,36,126,90,30,86,40"/><U123/><E123/><V5/><F35/><W109/><G109/><T80/><D34/><U125/><E107/><V122/><F68/><W127/><G53/><T89/><D50/><U101/><E125/><N who="3" m="47626" /><G118/><T11/><REACH who="0" step="1"/><D19/><REACH who="0" ten="374,419,0,197" step="2"/><U42/><E128/><V57/><F124/><W103/><G36/><T108/><D108/><U120/><E131/><V28/><F38/><W60/><G60/><T73/><D73/><U92/><E72/><V25/><F75/><W64/><G31/><T130/><D130/><U133/><E29/><V56/><F111/><W27/><G30/><T1/><D1/><U18/><E48/><V121/><F122/><W17/><G17/><T104/><D104/><U52/><E18/><V113/><F121/><W24/><G105/><T135/><D135/><U6/><E133/><V59/><F132/><W41/><G74/><T76/><D76/><U112/><E120/><V98/><F115/><W70/><G78/><T94/><D94/><U26/><E95/><V23/><F113/><W51/><G51/><T77/><D77/><U9/><E112/><V13/><F93/><W102/><G103/><T54/><AGARI ba="0,1" hai="3,7,8,11,14,16,46,49,54,69,71,80,84,89" machi="54" ten="20,12000,2" yaku="1,1,0,1,7,1,25,2,54,1,53,1" doraHai="100" doraHaiUra="82" who="0" fromWho="0" sc="374,130,419,-60,0,-30,197,-30" owari="504,60.0,359,16.0,-30,-53.0,167,-23.0" /></mjloggm>