<mjloggm ver="2.3"><GO type="97" lobby="0"/><UN n0="%E5%85%88%E2%99%80%E7%94%9F" n1="%67%61%72%75%63%69%61" n2="%E3%83%88%E3%83%88%E3%83%AA%E5%85%88%E7%94%9F%31%39%E6%AD%B3" n3="%6A%69%6E%6B%61%69" dan="15,14,14,15" rate="2081.62,1969.21,2053.56,1968.06" sx="F,M,F,M"/><TAIKYOKU oya="0"/><INIT seed="0,0,0,3,4,74" ten="250,250,250,250" oya="0" hai0="34,67,102,114,129,14,49,93,99,47,128,68,94" hai1="10,42,135,59,46,78,55,0,1,119,32,98,130" hai2="109,52,113,3,71,123,121,15,50,17,127,5,90" hai3="58,103,80,40,25,61,63,96,11,65,124,21,76"/><T7/><D114/><U43/><E119/><V29/><F113/><W27/><G124/><T44/><D34/><U37/><E32/><V104/><F71/><W22/><G40/><T48/><D94/><U87/><E43/><V82/><F104/><W85/><G11/><N who="0" m="4479" /><D67/><U31/><E31/><V86/><F127/><W72/><G72/><T53/><D68/><U92/><E10/><N who="2" m="6391" /><F109/><W133/><G133/><T6/><D6/><U95/><E135/><V118/><F118/><W4/><G4/><T18/><D18/><U19/><E19/><V73/><F73/><W101/><G63/><T105/><D105/><U134/><E134/><V51/><F29/><N who="3" m="17583" /><G96/><T83/><D83/><U16/><E16/><AGARI ba="0,0" hai="16,22,27,58,61,65,76,80,85,101,103" m="17583" machi="16" ten="30,3900,0" yaku="8,1,52,1,54,1" doraHai="74" who="3" fromWho="1" sc="250,0,250,-39,250,0,250,39" /><INIT seed="1,0,0,4,0,113" ten="250,211,250,289" oya="1" hai0="127,40,124,123,84,10,112,133,129,34,135,104,121" hai1="91,70,134,73,122,132,24,87,59,36,107,102,65" hai2="50,32,49,39,27,117,13,5,26,35,131,76,74" hai3="8,111,20,93,71,56,128,37,60,100,64,14,4"/><U90/><E73/><V6/><F74/><W72/><G72/><T42/><D34/><U110/><E122/><N who="0" m="46601" /><D104/><U43/><E70/><V67/><F13/><W16/><G37/><T89/><D112/><U19/><E107/><V82/><F82/><W9/><G128/><T120/><N who="0" m="46609" /><T3/><DORA hai="96" /><D3/><U1/><E1/><V69/><F69/><W125/><G125/><N who="0" m="48203" /><D10/><U66/><E110/><V21/><F39/><W130/><G111/><T77/><D77/><U119/><E102/><V68/><F76/><W7/><G130/><T18/><D18/><U88/><E87/><V78/><F78/><W48/><G8/><T23/><D23/><N who="1" m="13439" /><E59/><V12/><F68/><W46/><G71/><T85/><D129/><U41/><E119/><V31/><F131/><W45/><G45/><T51/><D85/><U92/><E92/><V114/><F114/><W95/><G95/><N who="0" m="54695" /><D51/><U115/><E115/><V81/><F81/><W61/><G61/><T29/><D29/><U15/><E15/><V11/><F12/><W116/><G9/><T52/><D52/><U118/><E118/><V55/><F11/><W86/><G116/><T106/><D106/><U25/><E25/><V75/><F75/><W98/><G86/><T2/><D2/><U28/><E28/><V0/><F0/><W44/><G44/><T22/><D22/><U109/><E109/><V33/><F117/><W17/><G17/><T58/><D58/><U83/><E36/><V30/><F33/><W63/><G63/><T101/><D101/><U53/><E53/><AGARI ba="0,0" hai="4,7,14,16,20,46,48,53,56,60,64,93,98,100" machi="53" ten="30,7700,0" yaku="7,1,8,1,52,1,54,1" doraHai="113,96" who="3" fromWho="1" sc="250,0,211,-77,250,0,289,77" /><INIT seed="2,0,0,3,1,94" ten="250,134,250,366" oya="2" hai0="10,38,11,55,1,69,129,99,54,25,88,40,95" hai1="116,70,132,9,98,60,37,68,13,114,0,108,8" hai2="120,42,103,106,82,46,35,133,115,26,117,58,131" hai3="122,111,48,62,74,61,29,43,6,66,65,71,80"/><V34/><F115/><W3/><G29/><T124/><D69/><U85/><E116/><V53/><F117/><W86/><G86/><T121/><D121/><U39/><E114/><V33/><F120/><W22/><G48/><T87/><D124/><U51/><E0/><V130/><F133/><W110/><G22/><T91/><D129/><N who="2" m="49162" /><F82/><W49/><G49/><T27/><D40/><U73/><E73/><V112/><F112/><W18/><G18/><T7/><D38/><U28/><E28/><N who="2" m="19607" /><F103/><W78/><G43/><T101/><D91/><U134/><E51/><N who="2" m="31039" /><F106/><W52/><G122/><T16/><D27/><U44/><E44/><V128/><F128/><W31/><G31/><T50/><D50/><AGARI ba="0,0" hai="34,35,42,46,50" m="31039,19607,49162" machi="50" ten="30,1500,0" yaku="19,1" doraHai="94" who="2" fromWho="0" sc="250,-15,134,0,250,15,366,0" /><INIT seed="2,1,0,2,5,123" ten="235,134,265,366" oya="2" hai0="76,17,116,127,78,72,108,110,6,115,2,74,14" hai1="22,128,90,38,73,125,99,45,10,60,132,15,46" hai2="59,57,114,58,0,113,51,1,50,49,120,69,83" hai3="23,67,106,29,129,40,43,32,117,87,8,103,35"/><V44/><F120/><W95/><G117/><T79/><D115/><N who="2" m="44042" /><F83/><W77/><G67/><T65/><D116/><U82/><E125/><V9/><F9/><W80/><G8/><N who="0" m="2135" /><D65/><U56/><E38/><V20/><F20/><W33/><G106/><T25/><D25/><U101/><E128/><V52/><F1/><W88/><G129/><T53/><D53/><U119/><E119/><V37/><F0/><W135/><G135/><T27/><D27/><U96/><E132/><V102/><F102/><W11/><G11/><N who="0" m="6367" /><D127/><U31/><E73/><V36/><F69/><W98/><G23/><T66/><D66/><U118/><E118/><V134/><F134/><W55/><G29/><T48/><D48/><AGARI ba="1,0" hai="36,37,44,48,49,50,51,52,57,58,59" m="44042" machi="48" ten="40,7700,0" yaku="34,2,54,1" doraHai="123" who="2" fromWho="0" sc="235,-80,134,0,265,80,366,0" /><INIT seed="2,2,0,3,3,122" ten="155,134,345,366" oya="2" hai0="73,38,30,135,126,92,76,23,100,131,97,99,35" hai1="72,110,96,49,124,95,77,113,90,87,32,105,11" hai2="45,129,132,2,16,3,54,79,64,88,120,84,56" hai3="4,7,44,25,81,57,60,52,33,13,5,112,1"/><V31/><F120/><W24/><G112/><T39/><D35/><U46/><E32/><V19/><F129/><W43/><G1/><T108/><D131/><U14/><E113/><V119/><F119/><W106/><G106/><T15/><D126/><U133/><E124/><V29/><F2/><W36/><G33/><T78/><D135/><U6/><E133/><V107/><F107/><W63/><G13/><T83/><D108/><U37/><E37/><V65/><F3/><W69/><REACH who="3" step="1"/><G81/><REACH who="3" ten="155,134,345,356" step="2"/><T128/><D15/><U89/><E105/><V111/><F132/><W20/><G20/><T117/><D23/><U34/><E34/><V71/><F71/><W91/><G91/><T127/><D83/><N who="1" m="47599" /><E110/><V98/><F111/><W109/><G109/><T59/><D127/><U130/><E130/><V0/><F0/><W12/><G12/><T80/><D80/><U47/><E72/><V18/><F79/><W94/><G94/><T61/><D92/><N who="1" m="56335" /><E49/><N who="2" m="28975" /><F98/><AGARI ba="2,1" hai="6,11,14,46,47,90,95,98" m="56335,47599" machi="98" ten="30,1000,0" yaku="8,1" doraHai="122" who="1" fromWho="2" sc="155,0,134,26,345,-16,356,0" /><INIT seed="3,0,0,3,1,111" ten="155,160,329,356" oya="3" hai0="56,107,70,86,30,40,113,69,55,127,43,59,97" hai1="49,96,85,64,66,94,33,22,61,114,116,58,77" hai2="103,126,82,50,80,121,79,51,21,13,91,83,23" hai3="72,88,27,62,109,71,125,20,7,101,42,6,128"/><W63/><G72/><T74/><D74/><U99/><E33/><V17/><F126/><W120/><G120/><T15/><D127/><U119/><E114/><V73/><F121/><W41/><G109/><T35/><D113/><U89/><E66/><V87/><F103/><W19/><G125/><T25/><D69/><U123/><E123/><V11/><F82/><W9/><G101/><T122/><D122/><U118/><E118/><V44/><REACH who="2" step="1"/><F51/><REACH who="2" ten="155,160,319,356" step="2"/><W2/><G128/><T104/><D70/><U29/><E119/><V39/><F39/><W14/><G88/><T18/><D107/><U0/><E116/><V132/><F132/><W26/><G71/><T12/><D104/><U98/><E49/><V134/><F134/><W47/><G2/><T84/><D97/><U65/><E0/><V106/><F106/><W124/><G124/><T117/><D117/><U76/><E65/><V4/><F4/><N who="3" m="1579" /><G27/><AGARI ba="0,1" hai="22,27,29,58,61,64,76,77,85,89,94,96,98,99" machi="27" ten="40,1300,0" yaku="8,1" doraHai="111" who="1" fromWho="3" sc="155,0,160,23,319,0,356,-13" owari="155,-34.0,183,-22.0,319,12.0,343,44.0" /></mjloggm>