<mjloggm ver="2.3"><GO type="97" lobby="0"/><UN n0="%E3%83%AA%E3%83%9D%E3%83%87%E3%82%A3" n1="%39%31%31" n2="%E5%B0%B1%E6%B4%BB%E7%94%9F%40%E5%B7%9D%E6%9D%91%E8%BB%8D%E5%9B%A3" n3="%4B%41%4F%52%49" dan="14,14,15,13" rate="1905.36,1939.93,1978.76,1933.01" sx="M,M,M,M"/><TAIKYOKU oya="0"/><INIT seed="0,0,0,4,0,3" ten="250,250,250,250" oya="0" hai0="135,134,50,54,16,62,45,59,40,39,113,0,26" hai1="65,99,98,105,72,117,73,60,18,90,116,122,80" hai2="75,102,14,106,125,36,25,132,82,41,96,95,46" hai3="92,74,88,38,123,76,30,104,107,20,127,53,115"/><T109/><D113/><U7/><E122/><V93/><F125/><W121/><G115/><T47/><D0/><U31/><E31/><V35/><F132/><N who="0" m="50730" /><D109/><U44/><E44/><V27/><F14/><W28/><G38/><T114/><D114/><U129/><E129/><V79/><F35/><W118/><G118/><T1/><D1/><U124/><E124/><V34/><F34/><W86/><G127/><T21/><D47/><U111/><E111/><V58/><F58/><W57/><G76/><T91/><D91/><U51/><E51/><AGARI ba="0,0" hai="16,21,26,39,40,45,50,51,54,59,62" m="50730" machi="51" ten="30,2900,0" yaku="20,1,54,1" doraHai="3" who="0" fromWho="1" sc="250,29,250,-29,250,0,250,0" /><INIT seed="0,1,0,5,3,16" ten="279,221,250,250" oya="0" hai0="131,24,129,110,116,130,50,97,99,124,59,121,133" hai1="20,108,39,56,45,33,105,28,86,104,7,106,13" hai2="103,67,91,5,95,31,71,93,65,55,132,119,117" hai3="96,21,75,9,94,12,88,74,6,37,135,90,4"/><T85/><D116/><N who="2" m="44618" /><F132/><W15/><G37/><T11/><D121/><U82/><E108/><V134/><F134/><W41/><G135/><T125/><D133/><U8/><E33/><V14/><F31/><W98/><G41/><T3/><D110/><U114/><E114/><V29/><F29/><W52/><G52/><N who="0" m="32151" /><D85/><U112/><E112/><V87/><F55/><W77/><G77/><T53/><D53/><U122/><E122/><V49/><F49/><W25/><G25/><T47/><D47/><U42/><E56/><V34/><F34/><W1/><G1/><T58/><D58/><U109/><E109/><V46/><F46/><W76/><G76/><T63/><D63/><U113/><E113/><V128/><F128/><W102/><G102/><T81/><D81/><U73/><E73/><V54/><F54/><W126/><G126/><N who="0" m="48747" /><D24/><U38/><E39/><V69/><F69/><W30/><G30/><T61/><D61/><U66/><E66/><V10/><F71/><W57/><G57/><T60/><D60/><U92/><E92/><V44/><F44/><W68/><G68/><T80/><D80/><U26/><E106/><V118/><N who="2" m="44626" /><V23/><DORA hai="83" /><F23/><W17/><G4/><AGARI ba="1,0" hai="3,4,11,97,99,129,130,131" m="48747,32151" machi="4" ten="40,7700,0" yaku="19,1,18,1,54,1" doraHai="16,83" who="0" fromWho="3" sc="279,80,221,0,250,0,250,-80" /><INIT seed="0,2,0,4,3,72" ten="359,221,250,170" oya="0" hai0="18,118,96,120,70,131,116,59,43,130,33,57,91" hai1="111,28,110,44,122,21,68,24,77,76,17,82,95" hai2="101,23,29,86,73,128,48,90,7,40,115,125,99" hai3="13,78,113,81,19,9,121,129,6,14,92,49,67"/><T45/><D70/><U1/><E68/><V119/><F73/><W4/><G113/><T132/><D120/><U80/><E122/><V56/><F115/><W54/><G121/><T65/><D33/><U25/><E1/><V94/><F119/><W97/><G67/><T12/><D96/><U16/><E44/><V58/><F125/><W51/><G51/><T47/><D91/><U55/><E55/><V102/><F128/><W114/><G114/><T89/><D89/><U107/><E107/><V127/><F7/><W63/><G63/><T53/><D132/><U134/><E134/><V84/><F127/><W103/><G129/><T87/><D87/><U38/><E95/><V5/><F5/><W30/><G30/><T69/><D69/><U93/><E93/><V52/><F40/><W8/><G19/><T88/><D118/><U39/><E21/><V37/><F37/><W123/><G123/><T126/><D126/><U64/><REACH who="1" step="1"/><E28/><REACH who="1" ten="359,211,250,170" step="2"/><V109/><F29/><W42/><G42/><T36/><D116/><U108/><E108/><V34/><F34/><W105/><G105/><T75/><D53/><U79/><E79/><V20/><F109/><W22/><G22/><N who="2" m="8233" /><F58/><W11/><G11/><T15/><D59/><U112/><E112/><V74/><F74/><W133/><G133/><T98/><D57/><U62/><E62/><V106/><F106/><W104/><G104/><T0/><D43/><U10/><E10/><V31/><F31/><W26/><G54/><T135/><D135/><U71/><E71/><V100/><AGARI ba="2,1" hai="48,52,56,84,86,90,94,99,100,101,102" m="8233" machi="100" ten="30,2000,0" yaku="8,1,54,1" doraHai="72" who="2" fromWho="2" sc="359,-12,211,-7,250,36,170,-7" /><INIT seed="1,0,0,3,5,34" ten="347,204,286,163" oya="1" hai0="133,121,100,130,115,104,7,35,31,71,3,39,43" hai1="47,68,1,10,93,103,50,127,129,76,91,87,105" hai2="44,97,119,123,78,52,108,28,46,102,89,95,54" hai3="66,32,53,21,4,118,99,86,80,72,16,40,33"/><U2/><E68/><V75/><F119/><W42/><G72/><T5/><D5/><U132/><E129/><V111/><F123/><W13/><G118/><T38/><D7/><U112/><E112/><V70/><F70/><W14/><G66/><T63/><D31/><U61/><E132/><V9/><F75/><W18/><G4/><T51/><D51/><U45/><E127/><V37/><F78/><W15/><G99/><T55/><D55/><N who="2" m="21034" /><F9/><W135/><G135/><T30/><D30/><U36/><E61/><V124/><F124/><W29/><G29/><T85/><D63/><U82/><E36/><V17/><F17/><W22/><G53/><T90/><D43/><N who="1" m="24895" /><E47/><N who="2" m="17963" /><F28/><W128/><G128/><T77/><D38/><U65/><E65/><V113/><F113/><W84/><G15/><T88/><D39/><U96/><E10/><V0/><F0/><W122/><REACH who="3" step="1"/><G80/><REACH who="3" ten="347,204,286,153" step="2"/><T56/><D130/><U107/><E107/><V27/><F37/><W20/><G20/><T67/><D67/><U126/><E126/><V26/><F102/><W25/><G25/><N who="2" m="9225" /><F111/><W58/><G58/><T41/><D104/><U11/><E11/><V8/><F108/><W73/><G73/><AGARI ba="0,1" hai="1,2,73,76,82,87,91,93,96,103,105" m="24895" machi="73" ten="30,5800,0" yaku="24,1,52,2" doraHai="34" who="1" fromWho="3" sc="347,0,204,68,286,0,153,-58" /><INIT seed="1,1,0,4,0,77" ten="347,272,286,95" oya="1" hai0="7,111,108,34,104,45,46,68,98,53,132,51,5" hai1="121,115,50,16,30,37,49,6,60,122,135,94,43" hai2="69,80,120,0,101,117,126,71,92,41,75,58,54" hai3="35,67,18,9,11,19,47,107,124,22,79,103,133"/><U2/><E115/><V84/><F117/><W90/><G35/><T119/><D34/><U28/><E135/><V81/><F120/><W113/><G113/><T27/><D68/><U31/><E37/><V72/><F0/><W38/><G133/><T95/><D104/><U44/><E2/><V20/><F126/><W3/><G124/><T55/><D132/><U123/><E6/><V17/><F69/><W13/><G67/><T97/><D27/><U109/><E109/><N who="0" m="42057" /><D119/><U76/><E76/><V57/><F71/><W25/><G79/><T106/><D106/><U116/><E116/><V87/><F41/><W134/><G134/><T29/><D29/><U59/><E94/><V64/><F75/><W56/><G56/><T21/><D21/><U39/><REACH who="1" step="1"/><E16/><REACH who="1" ten="347,262,286,95" step="2"/><V52/><F72/><W85/><G107/><T24/><D5/><U33/><E33/><V82/><F92/><W83/><G3/><T131/><D7/><U125/><E125/><V86/><F101/><W23/><G103/><T102/><D102/><U61/><E61/><N who="2" m="37935" /><F58/><W40/><AGARI ba="1,1" hai="9,11,13,18,19,22,23,25,38,40,47,83,85,90" machi="40" ten="30,2000,0" yaku="0,1,52,1" doraHai="77" who="3" fromWho="3" sc="347,-6,262,-11,286,-6,95,33" /><INIT seed="2,0,0,1,2,4" ten="341,251,280,128" oya="2" hai0="99,78,9,133,26,107,116,55,87,64,94,85,53" hai1="34,49,122,111,46,123,5,27,119,40,6,90,32" hai2="100,112,41,92,93,50,48,12,61,132,115,30,43" hai3="105,135,16,126,28,37,66,45,131,125,120,72,51"/><V42/><F132/><W39/><G120/><T91/><D107/><U52/><E119/><V97/><F30/><W25/><G105/><T80/><D133/><U96/><E111/><V117/><F117/><W20/><G135/><T121/><D121/><N who="1" m="46091" /><E40/><V17/><F61/><W114/><G72/><T22/><D116/><U70/><E70/><V73/><F73/><W31/><G66/><T103/><D9/><U88/><E27/><V127/><F127/><W8/><G114/><T13/><D13/><U24/><E24/><V128/><F128/><W57/><G57/><T108/><D64/><U84/><E96/><N who="2" m="59399" /><F115/><W38/><G131/><T59/><D59/><U82/><E90/><N who="2" m="55479" /><F112/><W68/><G68/><T79/><D108/><U81/><E81/><V29/><F29/><W56/><G56/><T47/><D47/><U35/><AGARI ba="0,0" hai="5,6,32,34,35,46,49,52,82,84,88" m="46091" machi="35" ten="40,5200,0" yaku="13,1,54,2" doraHai="4" who="1" fromWho="1" sc="341,-13,251,52,280,-26,128,-13" /><INIT seed="3,0,0,0,5,120" ten="328,303,254,115" oya="3" hai0="80,57,73,100,124,45,132,32,123,130,106,79,44" hai1="117,8,110,67,92,10,78,20,63,103,58,29,31" hai2="134,69,133,2,115,50,62,19,108,43,3,13,98" hai3="119,61,90,95,129,25,77,64,48,99,1,15,68"/><W27/><G119/><T84/><D32/><U72/><E117/><V71/><F115/><W128/><G1/><N who="2" m="9" /><F98/><W12/><G77/><T114/><D123/><U41/><E41/><V18/><F62/><W21/><G48/><T94/><D130/><U66/><E72/><V82/><F82/><W127/><G127/><T24/><D132/><N who="2" m="50794" /><F13/><W60/><G60/><T54/><D124/><U65/><E78/><V83/><F83/><W112/><G112/><T42/><D114/><U81/><E81/><V22/><F22/><W135/><G135/><T85/><D106/><U96/><E31/><V125/><F125/><W49/><G49/><T38/><D44/><U104/><E104/><V16/><F108/><W5/><G5/><T26/><D85/><U9/><E110/><V17/><N who="2" m="4096" /><DORA hai="122" /><V6/><F6/><W30/><REACH who="3" step="1"/><G27/><AGARI ba="0,0" hai="8,9,10,20,27,29,58,63,65,66,67,92,96,103" machi="27" ten="40,5200,0" yaku="25,2,8,1" doraHai="120,122" who="1" fromWho="3" sc="328,0,303,52,254,0,115,-52" owari="328,13.0,355,46.0,254,-15.0,63,-44.0" /></mjloggm>