<mjloggm ver="2.3"><GO type="97" lobby="0"/><UN n0="%E3%83%88%E3%83%88%E3%83%AA%E5%85%88%E7%94%9F%31%39%E6%AD%B3" n1="%E5%85%AD%E6%9D%A1%E3%81%AE%E5%BE%A1%E6%81%AF%E6%89%80" n2="%72%65%6F%73%74%6F%63%6B" n3="%E3%81%88%E3%82%8B%E3%81%9F%E3%81%9D" dan="15,14,14,14" rate="2013.98,1894.49,1952.78,1954.35" sx="F,F,M,F"/><TAIKYOKU oya="0"/><INIT seed="0,0,0,1,4,81" ten="250,250,250,250" oya="0" hai0="90,127,69,103,97,12,88,72,79,31,122,73,38" hai1="67,11,52,0,1,62,19,53,54,107,60,35,18" hai2="133,50,40,26,34,51,104,114,48,102,110,55,92" hai3="32,125,23,70,95,65,59,47,2,109,89,134,3"/><T24/><D122/><U10/><E107/><V93/><F114/><W9/><G32/><T75/><D38/><U46/><E35/><V118/><F133/><W27/><G70/><T132/><D69/><U87/><E46/><V33/><F118/><W84/><G134/><T123/><D123/><U85/><REACH who="1" step="1"/><E54/><REACH who="1" ten="250,240,250,250" step="2"/><V112/><F112/><W71/><G47/><T116/><D116/><U101/><E101/><V15/><F40/><W57/><G125/><T124/><D132/><U94/><E94/><V5/><F34/><W68/><G95/><T100/><D100/><U115/><E115/><V86/><F104/><W39/><G39/><T111/><D103/><U64/><AGARI ba="0,1" hai="0,1,10,11,18,19,52,53,60,62,64,67,85,87" machi="64" ten="25,16000,3" yaku="1,1,0,1,22,2,52,2,54,1,53,2" doraHai="81" doraHaiUra="61" who="1" fromWho="1" sc="250,-80,240,170,250,-40,250,-40" /><INIT seed="1,0,0,4,3,92" ten="170,410,210,210" oya="1" hai0="50,115,131,98,66,42,43,44,106,36,29,39,60" hai1="117,84,78,129,119,133,46,25,77,75,26,90,53" hai2="51,67,37,58,99,3,69,94,4,87,19,122,86" hai3="118,38,101,7,130,112,82,47,18,91,121,9,24"/><U28/><E75/><V81/><F122/><W70/><G121/><T59/><D115/><U40/><E133/><V100/><F37/><N who="0" m="14410" /><D98/><U73/><E73/><V113/><F69/><W127/><G112/><T21/><D21/><U76/><E129/><V80/><F113/><W120/><G101/><T14/><D14/><U11/><E53/><V114/><F114/><W33/><G130/><T74/><D29/><U108/><E108/><V12/><F4/><W35/><G33/><T22/><D22/><U61/><E61/><N who="2" m="38327" /><F3/><W126/><G35/><T63/><D106/><U57/><E57/><V54/><F80/><W5/><G24/><T85/><D85/><U0/><E0/><V123/><F81/><W83/><G5/><T17/><D17/><U65/><E65/><V32/><F32/><W132/><G18/><T88/><D88/><U20/><E26/><V95/><F95/><W102/><G91/><T79/><D79/><U15/><E15/><V45/><F123/><W93/><G82/><T16/><D74/><U27/><E27/><V103/><F103/><W2/><G83/><T89/><D89/><U71/><E71/><V34/><F34/><W41/><G93/><T125/><D131/><U105/><E11/><AGARI ba="0,0" hai="11,12,19,45,51,54,86,87,94,99,100" m="38327" machi="11" ten="30,2000,0" yaku="8,1,52,1" doraHai="92" who="2" fromWho="1" sc="170,0,410,-20,210,20,210,0" /><INIT seed="2,0,0,3,5,98" ten="170,390,230,210" oya="2" hai0="108,69,66,47,76,54,117,18,110,88,43,38,12" hai1="127,81,59,31,51,87,16,102,112,30,90,63,91" hai2="20,40,122,97,52,2,55,133,114,34,53,99,23" hai3="126,68,33,92,78,60,118,105,121,93,83,4,8"/><V86/><F122/><W113/><G121/><T22/><D76/><U9/><E112/><V42/><F114/><W75/><G118/><T111/><D117/><U14/><E127/><V82/><F34/><W1/><G113/><T135/><D135/><U10/><E10/><V7/><F7/><W15/><G126/><T64/><D69/><U61/><E91/><N who="2" m="51671" /><F2/><W39/><G105/><T24/><D54/><U125/><E125/><V49/><F133/><W132/><G132/><T77/><D77/><U72/><E72/><V119/><F119/><W96/><G33/><T134/><D134/><U85/><E85/><V48/><F42/><W106/><G39/><T84/><REACH who="0" step="1"/><D24/><REACH who="0" ten="160,390,230,210" step="2"/><U58/><E61/><V6/><F40/><W56/><G68/><T5/><D5/><U44/><E63/><V35/><F6/><W25/><G25/><T21/><D21/><N who="2" m="8266" /><F35/><W107/><G1/><T73/><D73/><U26/><E26/><V123/><F123/><W89/><G93/><AGARI ba="0,1" hai="12,18,22,38,43,47,64,66,84,88,93,108,110,111" machi="93" ten="40,5200,0" yaku="1,1,14,1,54,1,53,0" doraHai="98" doraHaiUra="129" who="0" fromWho="3" sc="160,62,390,0,230,0,210,-52" /><INIT seed="3,0,0,2,0,64" ten="222,390,230,158" oya="3" hai0="62,108,39,132,2,55,48,93,56,44,87,94,76" hai1="112,77,115,35,91,73,110,103,31,15,16,111,40" hai2="19,124,120,50,8,53,61,36,99,67,117,66,123" hai3="129,75,33,105,52,57,43,18,60,125,74,23,92"/><W42/><G105/><T4/><D39/><U21/><E103/><V98/><F117/><W134/><G33/><T100/><D108/><N who="1" m="41515" /><E40/><V131/><F36/><W7/><G7/><T106/><D132/><U51/><E51/><V9/><F131/><W81/><G134/><T29/><D29/><U38/><E38/><V69/><F67/><W25/><G129/><T5/><D106/><U54/><E54/><V63/><F63/><W80/><G125/><T133/><D133/><U59/><E59/><N who="2" m="33207" /><F124/><W71/><G71/><T96/><D2/><U46/><E46/><V3/><F9/><W122/><G122/><N who="2" m="46633" /><F19/><W58/><G74/><T24/><D24/><N who="1" m="18919" /><E73/><V30/><F30/><W104/><G75/><T119/><D119/><U1/><E77/><V68/><F68/><W65/><G104/><T26/><D26/><U17/><E91/><V22/><F22/><W86/><G92/><T13/><D13/><N who="1" m="9359" /><E1/><V101/><F101/><W126/><G126/><T11/><D93/><U113/><E113/><V107/><F107/><W34/><G34/><T47/><D47/><U20/><AGARI ba="0,0" hai="15,17,20,112,115" m="9359,18919,41515" machi="20" ten="30,7900,0" yaku="14,1,34,2,54,1" doraHai="64" who="1" fromWho="1" sc="222,-20,390,79,230,-20,158,-39" owari="202,-20.0,469,57.0,210,1.0,119,-38.0" /></mjloggm>