<mjloggm ver="2.3"><GO type="97" lobby="0"/><UN n0="%66%75%72%65%61%32" n1="%E5%A6%82%E6%9C%88%E3%82%AB%E3%83%AB%E3%83%8A" n2="%E5%B0%B1%E6%B4%BB%E7%94%9F%40%E5%B7%9D%E6%9D%91%E8%BB%8D%E5%9B%A3" n3="%E9%9B%80%E8%8D%98%E3%81%8B%E3%81%82" dan="13,14,15,14" rate="1831.96,1927.95,2029.25,1860.22" sx="M,M,M,M"/><TAIKYOKU oya="0"/><INIT seed="0,0,0,1,0,39" ten="250,250,250,250" oya="0" hai0="10,19,132,14,76,1,73,26,134,135,6,47,128" hai1="24,120,99,51,131,123,122,8,85,74,33,63,44" hai2="25,30,65,77,102,59,49,21,101,114,95,88,112" hai3="16,100,48,92,41,53,23,127,98,70,121,35,18"/><T75/><D128/><U96/><E74/><V9/><F77/><W2/><G2/><T22/><D47/><U40/><E131/><V36/><F36/><W67/><G127/><T130/><D130/><U108/><E108/><V72/><F72/><W4/><G4/><T78/><D75/><U86/><E8/><V107/><F107/><W71/><G35/><T58/><D73/><U97/><REACH who="1" step="1"/><E63/><REACH who="1" ten="250,240,250,250" step="2"/><V29/><F9/><W105/><G121/><T110/><D110/><U125/><E125/><V89/><F114/><W56/><G70/><T54/><REACH who="0" step="1"/><D1/><REACH who="0" ten="240,240,250,250" step="2"/><U31/><AGARI ba="0,2" hai="24,31,33,40,44,51,85,86,96,97,99,120,122,123" machi="31" ten="40,12000,2" yaku="1,1,0,1,52,1,53,3" doraHai="39" doraHaiUra="119" who="1" fromWho="1" sc="240,-60,240,140,250,-30,250,-30" /><INIT seed="1,0,0,2,4,135" ten="180,380,220,220" oya="1" hai0="60,44,64,66,77,82,70,128,25,101,38,23,112" hai1="79,9,14,100,68,98,86,131,47,92,58,33,124" hai2="49,106,32,2,107,69,35,119,29,117,109,102,62" hai3="10,121,89,104,48,37,78,26,57,74,31,7,127"/><U24/><E68/><V0/><F49/><W56/><G104/><N who="2" m="39977" /><F102/><W133/><G37/><T61/><D112/><U91/><E131/><V41/><F41/><W126/><G121/><T99/><D128/><U43/><E79/><V55/><F55/><W42/><G74/><T4/><D4/><U45/><E58/><V90/><F90/><W103/><G103/><T6/><D6/><U63/><E63/><V28/><F62/><W80/><G89/><T111/><D111/><U83/><E43/><V34/><F109/><W36/><G48/><T96/><D38/><U39/><E39/><V114/><F114/><W18/><G18/><T134/><D44/><U122/><E122/><V54/><F54/><W130/><G130/><T120/><D120/><U27/><E33/><V118/><F69/><W46/><G133/><T17/><D134/><U53/><E53/><V50/><F50/><W12/><G78/><T8/><D8/><U76/><E76/><V132/><F132/><W105/><G80/><T65/><D70/><U85/><E85/><V52/><F52/><W97/><G97/><T40/><D40/><U71/><E71/><V3/><AGARI ba="0,0" hai="0,2,3,28,29,32,34,35,117,118,119" m="39977" machi="3" ten="50,8000,1" yaku="29,2,28,2" doraHai="135" who="2" fromWho="2" sc="180,-20,380,-40,220,80,220,-20" /><INIT seed="2,0,0,2,1,73" ten="160,340,300,200" oya="2" hai0="30,90,27,50,57,122,14,77,109,25,110,120,17" hai1="131,72,80,130,135,63,29,95,7,103,41,8,132" hai2="54,59,48,36,129,83,0,101,5,105,108,24,16" hai3="67,127,87,128,119,115,100,92,76,26,133,91,43"/><V104/><F36/><W53/><G119/><T31/><D90/><U113/><E29/><N who="0" m="10761" /><D50/><U10/><E41/><V106/><F129/><N who="1" m="49161" /><E113/><V81/><F108/><N who="0" m="41578" /><D57/><U40/><E40/><V49/><F101/><W51/><G115/><T94/><D94/><U9/><E63/><V23/><REACH who="2" step="1"/><F48/><REACH who="2" ten="160,340,290,200" step="2"/><W11/><G51/><T98/><D98/><U32/><E103/><V93/><F93/><W13/><G92/><T28/><N who="0" m="10769" /><T39/><DORA hai="68" /><D39/><U84/><E95/><V60/><F60/><W21/><G128/><T62/><D62/><U33/><E80/><V55/><F55/><W44/><G67/><T74/><D74/><U112/><E112/><V58/><F58/><W6/><G44/><T34/><D34/><U88/><E33/><V134/><F134/><W4/><G43/><T78/><D122/><U126/><E32/><V12/><F12/><W46/><G13/><T61/><D120/><U97/><E72/><V114/><F114/><W89/><G53/><T18/><D61/><U86/><E132/><V35/><F35/><W79/><G46/><T15/><D14/><U96/><E135/><V2/><F2/><W111/><G111/><T3/><D3/><U123/><E123/><V124/><F124/><W117/><G127/><T66/><D15/><U42/><E126/><V118/><F118/><W82/><G117/><T64/><D27/><U85/><E97/><V65/><F65/><N who="0" m="25194" /><D25/><U22/><E96/><V116/><F116/><W107/><G26/><T99/><D99/><U75/><E75/><V102/><F102/><W69/><G100/><T70/><D70/><RYUUKYOKU ba="0,1" sc="160,15,340,-15,290,15,200,-15" hai0="17,18,77,78" hai2="0,5,16,23,24,49,54,59,81,83,104,105,106" /><INIT seed="2,1,1,4,3,122" ten="175,325,305,185" oya="2" hai0="13,2,28,26,131,82,106,62,42,87,20,79,37" hai1="107,81,126,22,56,12,70,98,69,1,103,21,92" hai2="120,25,52,129,46,108,124,74,116,84,54,95,100" hai3="89,58,15,14,57,41,4,7,109,105,10,23,80"/><V99/><F74/><W102/><G109/><T51/><D37/><U9/><E1/><V50/><F120/><W40/><G105/><T18/><D106/><U6/><E126/><V73/><F73/><W101/><G80/><T127/><D127/><U3/><E81/><V111/><F124/><W68/><G68/><T11/><D131/><U47/><E47/><V17/><F116/><W35/><G35/><T125/><D125/><U96/><E56/><V94/><F129/><W113/><G113/><T44/><D62/><U93/><E107/><V76/><F54/><W85/><G23/><T135/><D2/><U64/><E64/><V114/><F114/><W34/><G34/><T97/><D97/><U91/><E22/><N who="2" m="13519" /><F76/><W133/><G89/><T112/><D112/><U33/><E33/><V29/><F29/><W32/><G85/><T110/><REACH who="0" step="1"/><D135/><REACH who="0" ten="165,325,305,185" step="2"/><U30/><E3/><V71/><F71/><W75/><G133/><T16/><D16/><U67/><E70/><V123/><F123/><W27/><G4/><T72/><D72/><U8/><E69/><V39/><F39/><W130/><G7/><T121/><D121/><U115/><E115/><V19/><F19/><W45/><G75/><T24/><D24/><U117/><E6/><V36/><F36/><W118/><G27/><T31/><D31/><U49/><E30/><V65/><F65/><W134/><G130/><T90/><D90/><U59/><E67/><V78/><F78/><W55/><G134/><T63/><D63/><U132/><E132/><V86/><F86/><W61/><G61/><T43/><D43/><RYUUKYOKU ba="1,2" sc="165,15,325,-15,305,15,185,-15" hai0="11,13,18,20,26,28,42,44,51,79,82,87,110" hai2="46,50,52,84,94,95,99,100,108,111" /><INIT seed="2,2,2,1,4,62" ten="180,310,320,170" oya="2" hai0="77,17,74,80,9,36,86,102,121,103,56,19,25" hai1="114,22,35,23,130,73,50,108,5,88,38,70,11" hai2="110,68,90,12,92,61,98,37,97,84,64,87,15" hai3="112,20,106,116,47,60,41,91,46,82,43,49,71"/><V75/><F37/><W124/><G116/><T26/><D121/><U122/><E38/><V69/><F69/><W45/><G106/><T99/><D36/><U27/><E114/><V94/><F110/><W131/><G20/><T134/><D134/><U127/><E108/><V89/><F75/><W126/><G91/><T119/><D119/><U48/><E130/><V55/><F55/><N who="3" m="30127" /><G82/><T79/><D56/><U129/><E127/><N who="3" m="48682" /><G131/><T10/><D74/><U123/><E129/><V29/><F29/><W125/><N who="3" m="48690" /><W0/><DORA hai="105" /><G0/><T16/><D77/><U66/><E88/><V96/><AGARI ba="2,2" hai="12,15,61,64,68,84,87,89,90,92,94,96,97,98" machi="96" ten="30,6000,0" yaku="0,1,9,1,52,1" doraHai="62,105" who="2" fromWho="2" sc="180,-22,310,-22,320,86,170,-22" /><INIT seed="2,3,0,0,5,22" ten="158,288,406,148" oya="2" hai0="29,50,16,73,117,26,55,67,10,90,42,94,28" hai1="96,77,112,61,121,100,106,93,127,124,45,114,126" hai2="36,125,6,31,110,80,18,98,12,35,128,37,64" hai3="68,82,1,103,3,74,14,78,57,119,30,134,49"/><V104/><F125/><W34/><G14/><T88/><D73/><U38/><E61/><V86/><F128/><W118/><G49/><T108/><D117/><U58/><E58/><V70/><F110/><W111/><G57/><N who="0" m="33015" /><D42/><U51/><E38/><V4/><F37/><W84/><G84/><N who="0" m="52487" /><D67/><U97/><E51/><V129/><F129/><W89/><G89/><T62/><D62/><U63/><E45/><V71/><F71/><W116/><G134/><T2/><D2/><U56/><E63/><V60/><F36/><W8/><G111/><T46/><D108/><U101/><E56/><V24/><F98/><W20/><G103/><T54/><D90/><U72/><E121/><V135/><F135/><W102/><G102/><T85/><D85/><U19/><E19/><V109/><F109/><W17/><G8/><T131/><D10/><U132/><E132/><V23/><REACH who="2" step="1"/><F104/><REACH who="2" ten="158,288,396,148" step="2"/><W105/><G105/><T130/><D131/><U107/><E107/><V59/><F59/><W33/><G68/><T113/><D130/><U122/><E122/><V66/><F66/><W48/><G118/><T39/><D39/><U83/><AGARI ba="3,1" hai="72,77,83,93,96,97,100,101,106,112,114,124,126,127" machi="83" ten="40,8000,1" yaku="0,1,18,1,34,3" doraHai="22" who="1" fromWho="1" sc="158,-23,288,99,396,-43,148,-23" /><INIT seed="3,0,0,4,3,60" ten="135,387,353,125" oya="3" hai0="40,10,65,47,94,90,122,102,85,114,125,16,95" hai1="91,12,98,25,42,48,121,31,54,71,128,108,5" hai2="86,28,9,13,75,130,59,104,1,112,106,124,8" hai3="66,55,74,100,109,52,129,36,73,15,61,83,43"/><W44/><G100/><T123/><D65/><U33/><E121/><V131/><F75/><W88/><G129/><T29/><D29/><U78/><E128/><N who="2" m="49195" /><F112/><W56/><G74/><T11/><D114/><U97/><E71/><V127/><F28/><W6/><G109/><T120/><D125/><N who="2" m="48202" /><F86/><W76/><REACH who="3" step="1"/><G88/><REACH who="3" ten="135,387,353,115" step="2"/><T105/><D102/><U81/><E91/><V107/><F1/><W37/><G37/><T18/><D105/><U30/><E108/><V84/><F84/><W96/><G96/><T57/><D95/><U38/><E98/><V132/><F132/><W92/><G92/><T26/><D57/><U51/><E97/><V134/><F134/><W99/><G99/><T62/><D62/><U70/><E38/><V67/><F13/><W68/><G68/><T113/><D113/><U41/><E70/><V7/><F7/><W103/><G103/><T32/><D32/><N who="1" m="20559" /><E12/><V126/><F126/><W53/><G53/><T58/><D120/><U20/><E5/><V79/><F79/><W0/><G0/><T116/><D123/><U69/><E69/><V27/><F27/><W101/><G101/><T50/><D26/><N who="1" m="16839" /><E33/><V82/><F82/><W49/><G49/><T23/><D122/><U45/><E51/><V3/><F3/><W133/><G133/><T21/><D50/><U64/><E64/><V110/><F110/><W111/><G111/><T34/><D34/><U19/><E81/><V35/><F35/><W93/><G93/><T22/><D94/><U14/><E78/><V87/><F87/><W80/><G80/><T89/><D85/><U17/><E14/><RYUUKYOKU ba="0,1" sc="135,-30,387,10,353,10,115,10" hai1="17,19,41,42,45,48,54" hai2="8,9,59,67,104,106,107" hai3="6,15,36,43,44,52,55,56,61,66,73,76,83" /><INIT seed="3,1,1,3,5,76" ten="105,397,363,125" oya="3" hai0="29,12,18,105,51,64,2,47,124,82,46,57,34" hai1="98,7,61,71,97,60,39,107,81,91,31,93,90" hai2="80,30,9,108,37,0,63,40,28,77,36,73,72" hai3="87,109,118,111,110,22,62,49,78,129,55,45,120"/><W125/><G22/><T128/><D2/><U99/><E39/><V35/><F108/><W95/><G120/><T69/><D105/><U54/><E107/><V24/><F30/><W15/><G129/><T25/><D128/><U27/><E7/><N who="2" m="1255" /><F37/><W79/><G125/><T131/><D124/><U3/><E3/><V70/><F63/><N who="1" m="24137" /><E54/><V121/><F121/><W101/><G118/><T88/><D131/><U10/><E10/><V130/><F130/><W135/><G15/><T52/><D69/><U53/><E53/><V5/><F5/><W75/><G75/><T126/><D64/><U17/><E31/><V32/><F73/><W50/><G62/><T132/><D126/><U127/><E127/><V85/><F85/><W103/><G135/><T23/><REACH who="0" step="1"/><D132/><REACH who="0" ten="95,397,363,125" step="2"/><U84/><E71/><V21/><F70/><W100/><G50/><T117/><D117/><U58/><E58/><V114/><F114/><W113/><G113/><T83/><D83/><U96/><E81/><V134/><F134/><W89/><AGARI ba="1,2" hai="45,49,55,78,79,87,89,95,100,101,103,109,110,111" machi="89" ten="40,7800,0" yaku="0,1,14,1,10,1" doraHai="76" who="3" fromWho="3" sc="95,-27,397,-27,363,-27,125,101" /><INIT seed="3,2,0,4,0,63" ten="68,370,336,226" oya="3" hai0="100,127,50,88,135,39,110,118,23,119,96,87,101" hai1="65,132,129,2,131,18,62,80,34,48,54,67,19" hai2="16,107,125,33,74,117,86,103,17,99,53,90,47" hai3="51,64,26,43,113,36,5,22,83,94,89,109,4"/><W124/><G36/><T105/><D39/><U130/><E132/><V21/><F33/><W30/><G113/><T91/><D50/><U69/><E2/><V9/><F117/><W68/><G68/><T40/><D40/><U123/><E123/><V93/><F74/><W12/><G124/><T85/><D23/><U71/><E34/><V32/><F32/><W112/><G112/><T111/><D127/><U57/><E80/><V84/><F125/><W52/><G64/><N who="1" m="24650" /><E62/><V61/><F9/><W116/><G116/><T122/><D135/><U95/><E95/><V108/><F108/><W66/><G66/><T75/><D75/><U8/><E8/><V49/><F61/><W24/><G43/><T79/><D79/><U46/><E46/><V121/><F121/><W98/><G83/><T35/><D35/><U15/><E15/><V104/><F86/><W11/><G26/><T55/><D55/><U10/><E10/><V73/><F73/><W3/><G3/><T134/><D134/><U44/><E44/><V28/><REACH who="2" step="1"/><F107/><REACH who="2" ten="68,370,326,226" step="2"/><W25/><G109/><T60/><D60/><U7/><E131/><V81/><F81/><W31/><G98/><T14/><D96/><U128/><E71/><V72/><F72/><W92/><G94/><T27/><D27/><AGARI ba="2,1" hai="16,17,21,27,28,47,49,53,84,90,93,99,103,104" machi="27" ten="40,2600,0" yaku="1,1,54,1,53,0" doraHai="63" doraHaiUra="59" who="2" fromWho="0" sc="68,-32,370,0,326,42,226,0" owari="36,-46.0,370,46.0,368,17.0,226,-17.0" /></mjloggm>