<mjloggm ver="2.3"><GO type="41" lobby="0"/><UN n0="%E3%81%8B%E3%81%B6%E3%82%8A%E5%B1%8B" n1="%E5%87%BA%E9%99%A3%E3%83%A9%E3%83%83%E3%82%B7%E3%83%A5" n2="%E9%AD%94%E6%B3%95%E7%84%BC%E9%B3%A5" n3="%E5%B0%B1%E6%B4%BB%E7%94%9F%40%E5%B7%9D%E6%9D%91%E8%BB%8D%E5%9B%A3" dan="13,14,14,15" rate="1925.87,1975.20,1915.46,1944.24" sx="M,M,F,M"/><TAIKYOKU oya="0"/><INIT seed="0,0,0,0,2,100" ten="250,250,250,250" oya="0" hai0="41,126,122,46,125,120,9,26,128,110,15,5,54" hai1="31,131,44,39,68,27,79,118,123,12,36,65,96" hai2="134,93,64,24,18,59,38,116,88,51,85,61,92" hai3="49,13,80,23,19,115,133,22,101,70,89,72,28"/><T132/><D54/><U67/><E123/><V63/><F38/><W62/><G115/><T99/><D99/><U43/><E118/><V8/><F116/><W52/><G133/><T81/><D81/><U76/><E39/><V53/><F134/><W78/><G101/><T74/><D132/><U82/><E12/><N who="2" m="7431" /><F24/><W45/><G89/><T107/><D74/><N who="1" m="43287" /><E131/><V104/><F104/><W91/><G91/><T16/><D107/><U33/><E67/><V21/><F64/><W25/><REACH who="3" step="1"/><G62/><REACH who="3" ten="250,250,250,240" step="2"/><N who="2" m="23561" /><F21/><W0/><G0/><T86/><D120/><U111/><E65/><V73/><F73/><W30/><G30/><T108/><D122/><U103/><E79/><V34/><F34/><W127/><G127/><T2/><D126/><U83/><E83/><AGARI ba="0,1" hai="51,53,59,83,85,88,92,93" m="23561,7431" machi="83" ten="30,2000,0" yaku="8,1,54,1" doraHai="100" who="2" fromWho="1" sc="250,0,250,-20,250,30,240,0" /><INIT seed="1,0,0,0,1,116" ten="250,230,280,240" oya="1" hai0="120,79,75,103,61,39,44,27,57,69,119,14,62" hai1="70,96,72,25,18,86,110,51,105,43,85,121,133" hai2="125,32,109,64,45,41,127,135,94,68,134,20,87" hai3="66,12,58,3,6,7,102,40,9,17,118,38,98"/><U122/><E70/><V52/><F32/><W50/><G118/><T88/><D103/><U46/><E72/><V10/><F10/><W101/><G38/><T126/><D119/><U107/><E133/><N who="2" m="50699" /><F20/><W123/><G123/><T31/><D69/><U59/><E59/><V78/><F78/><W24/><G24/><T28/><D62/><U106/><E96/><V33/><F33/><W19/><G66/><T1/><D1/><U89/><E110/><V74/><F74/><W100/><G3/><T117/><D31/><U22/><REACH who="1" step="1"/><E86/><REACH who="1" ten="250,220,280,240" step="2"/><V95/><F87/><W76/><G98/><T37/><D75/><U21/><E21/><V13/><F109/><W108/><G58/><T128/><D57/><U63/><E63/><V124/><F68/><W65/><G108/><T29/><D61/><U77/><E77/><V0/><F64/><W49/><G76/><T112/><D79/><U30/><E30/><V16/><F0/><W8/><G65/><T4/><D29/><U15/><E15/><V111/><F111/><W55/><G12/><T114/><D28/><U53/><E53/><V36/><F52/><W81/><G55/><T97/><D14/><U47/><E47/><V34/><F34/><W115/><G115/><T82/><D44/><U80/><AGARI ba="0,1" hai="18,22,25,43,46,51,80,85,89,105,106,107,121,122" machi="80" ten="30,12000,1" yaku="1,1,0,1,52,2,53,1" doraHai="116" doraHaiUra="83" who="1" fromWho="1" sc="250,-40,220,130,280,-40,240,-40" /><INIT seed="1,1,0,0,5,28" ten="210,350,240,200" oya="1" hai0="63,53,26,47,59,25,89,39,81,84,9,32,57" hai1="21,117,19,24,12,124,92,40,36,69,11,100,16" hai2="85,110,29,86,83,56,8,126,113,120,5,17,76" hai3="6,80,101,87,70,45,93,3,30,13,72,114,107"/><U103/><E69/><V116/><F116/><W54/><G3/><T115/><D115/><U119/><E124/><V88/><F120/><W18/><G70/><T10/><D39/><U37/><E40/><V111/><F29/><W41/><G107/><T31/><D26/><U62/><E62/><V42/><F17/><W4/><G114/><T34/><D47/><U77/><E77/><V125/><F42/><W104/><G104/><T58/><D58/><U94/><E92/><N who="2" m="54287" /><F56/><W97/><G72/><T46/><D46/><U78/><E78/><V22/><F22/><W0/><G30/><T74/><D74/><U128/><E128/><V122/><F122/><W52/><G0/><T102/><D102/><U15/><E24/><V65/><F65/><W68/><G68/><T60/><REACH who="0" step="1"/><D32/><REACH who="0" ten="200,350,240,200" step="2"/><U64/><E103/><V133/><F113/><W79/><G41/><T14/><D14/><U71/><E119/><V127/><F133/><W106/><G106/><T99/><D99/><U134/><E134/><V96/><F96/><W132/><G132/><T105/><D105/><U131/><E117/><V73/><F73/><W50/><REACH who="3" step="1"/><G54/><AGARI ba="1,1" hai="9,10,25,31,34,53,54,57,59,60,63,81,84,89" machi="54" ten="30,7700,0" yaku="1,1,7,1,9,1,52,1,53,0" doraHai="28" doraHaiUra="75" who="0" fromWho="3" sc="200,90,350,0,240,0,200,-80" /><INIT seed="2,0,0,2,0,58" ten="290,350,240,120" oya="2" hai0="84,130,126,32,92,37,42,35,28,78,14,12,64" hai1="27,134,110,125,62,40,108,103,80,100,129,19,101" hai2="20,22,68,131,93,55,66,30,74,53,8,133,70" hai3="111,98,124,99,18,105,39,5,48,2,17,118,115"/><V61/><F74/><W23/><G39/><T1/><D1/><U60/><E134/><V82/><F133/><W49/><G111/><N who="1" m="42538" /><E125/><V47/><F82/><W97/><G118/><T10/><D126/><U26/><E129/><V0/><F131/><W86/><G124/><T41/><D37/><U79/><E40/><V87/><F68/><W107/><G115/><T36/><D36/><U46/><E46/><V119/><F119/><W59/><G86/><T50/><D64/><U102/><N who="1" m="26112" /><DORA hai="15" /><U109/><N who="1" m="42546" /><U135/><DORA hai="104" /><E135/><V77/><F77/><W113/><G113/><T72/><D72/><N who="1" m="43111" /><E27/><V71/><F71/><W11/><G59/><T123/><D41/><U3/><E3/><V31/><F0/><W44/><G49/><T132/><D50/><U73/><E73/><V21/><F8/><W9/><G9/><T4/><D42/><U67/><E67/><V95/><F87/><W90/><G90/><T54/><D84/><U94/><E94/><V13/><F13/><W65/><G65/><T89/><D92/><U45/><E45/><V81/><F81/><W122/><G122/><T7/><D14/><U52/><E52/><V38/><F38/><W57/><G57/><T106/><D54/><N who="2" m="20490" /><F47/><W96/><N who="3" m="24576" /><DORA hai="83" /><W75/><G75/><T85/><D123/><U29/><E19/><N who="3" m="7178" /><G48/><T16/><D12/><U51/><E51/><V121/><F121/><W43/><G44/><T117/><D10/><U33/><AGARI ba="0,0" hai="26,29,33,60,62" m="43111,26112,42546" machi="33" ten="60,8000,1" yaku="14,1,52,3" doraHai="58,15,104,83" who="1" fromWho="1" sc="290,-20,350,80,240,-40,120,-20" /><INIT seed="3,0,0,0,5,13" ten="270,430,200,100" oya="3" hai0="71,99,78,68,69,3,28,117,19,74,73,83,14" hai1="64,75,132,21,65,127,104,7,72,8,109,106,110" hai2="32,0,82,125,1,37,22,58,131,77,31,102,26" hai3="25,126,55,33,107,94,53,62,111,128,133,45,70"/><W135/><G107/><T42/><D117/><U38/><E38/><V120/><F37/><W118/><G33/><T57/><D3/><U43/><E43/><V63/><F125/><W56/><G25/><T20/><D42/><U134/><E127/><V50/><F131/><W10/><G126/><T90/><D28/><U67/><E21/><V48/><F120/><W81/><G81/><T41/><D41/><U4/><E8/><V54/><F102/><W113/><G10/><T51/><D74/><N who="1" m="28203" /><E7/><V23/><F22/><W103/><G94/><T88/><REACH who="0" step="1"/><D99/><REACH who="0" ten="260,430,200,100" step="2"/><U119/><E119/><V44/><F32/><W30/><G118/><T46/><D46/><U60/><E4/><V122/><F122/><W114/><G103/><T40/><D40/><U36/><E36/><V49/><REACH who="2" step="1"/><F44/><REACH who="2" ten="260,430,190,100" step="2"/><W97/><G45/><T85/><D85/><AGARI ba="0,2" hai="0,1,23,26,31,48,49,50,54,58,63,77,82,85" machi="85" ten="40,2600,0" yaku="1,1,2,1,53,0" doraHai="13" doraHaiUra="123" who="2" fromWho="0" sc="260,-26,430,0,190,46,100,0" /><INIT seed="4,0,0,2,4,66" ten="234,430,236,100" oya="0" hai0="120,131,48,22,88,28,106,121,104,5,36,55,81" hai1="134,49,114,129,79,112,57,60,117,67,84,2,46" hai2="111,103,85,11,133,99,73,86,0,87,58,76,15" hai3="4,50,126,113,132,59,74,98,90,27,19,23,124"/><T61/><D131/><U52/><E2/><V83/><F0/><W10/><G74/><T6/><D36/><U96/><E96/><V54/><F111/><W94/><G113/><N who="1" m="43626" /><E79/><V24/><F24/><W25/><G132/><T107/><D61/><U122/><E84/><V35/><F35/><W78/><G78/><T100/><D100/><U40/><E134/><V80/><F133/><W72/><G72/><T115/><D115/><U89/><E89/><V43/><F43/><W69/><G69/><T32/><D32/><U31/><E31/><V41/><F41/><W26/><G126/><T42/><D22/><U65/><E129/><V68/><F68/><W125/><G125/><T56/><D28/><U71/><E122/><V38/><F38/><W1/><G124/><T7/><REACH who="0" step="1"/><D42/><REACH who="0" ten="224,430,236,100" step="2"/><U119/><E67/><V51/><F103/><W127/><G127/><T135/><D135/><U118/><E40/><V33/><F33/><W45/><G45/><AGARI ba="0,1" hai="45,46,49,52,57,60,65,71,117,118,119" m="43626" machi="45" ten="40,12000,2" yaku="15,1,11,1,34,2,52,1,54,1" doraHai="66" who="1" fromWho="3" sc="224,0,430,130,236,0,100,-120" owari="224,-18.0,560,66.0,236,4.0,-20,-52.0" /></mjloggm>