<mjloggm ver="2.3"><GO type="233" lobby="0"/><UN n0="%E5%86%A5%E5%9C%9F%E3%81%AE%E3%83%AF%E3%83%8B%E8%94%B5" n1="%E3%82%A6%E3%83%AB%E3%83%88%E3%83%A9%E7%AB%8B%E7%9B%B4" n2="%54%61%6E%70%61%61%63%68" n3="%E3%82%AF%E3%83%AD%E3%83%8E%E3%82%B9%40" dan="18,17,16,16" rate="2209.65,2206.21,2018.45,2113.82" sx="M,M,M,M"/><TAIKYOKU oya="0"/><INIT seed="0,0,0,2,5,108" ten="250,250,250,250" oya="0" hai0="83,49,92,75,44,35,61,7,57,104,11,32,103" hai1="121,2,128,5,10,115,53,87,135,118,69,19,106" hai2="43,107,22,34,96,98,88,70,100,86,58,123,41" hai3="23,74,112,55,82,15,38,131,31,13,93,14,42"/><T110/><D110/><U50/><E118/><V127/><F70/><W102/><G131/><T39/><D104/><U95/><E106/><V130/><F34/><W33/><G33/><T56/><D56/><U0/><E69/><V80/><F123/><W133/><G133/><T120/><D120/><U105/><E105/><V47/><F96/><W84/><G74/><T68/><D68/><U79/><E0/><V45/><F127/><W1/><G1/><T129/><D129/><U94/><E121/><V63/><F22/><W126/><G126/><T17/><D17/><U60/><E60/><V117/><F117/><W65/><G65/><T27/><D27/><U66/><E66/><V109/><F109/><W29/><G112/><T59/><D59/><U71/><E71/><V62/><F130/><W119/><G119/><T6/><D6/><U77/><E135/><V64/><REACH who="2" step="1"/><F63/><REACH who="2" ten="250,250,240,250" step="2"/><W52/><G23/><T67/><D35/><U73/><E128/><V30/><F30/><W125/><G125/><T90/><D32/><U18/><E10/><V132/><F132/><W72/><G31/><T85/><D103/><U20/><E20/><V114/><F114/><W4/><G29/><T134/><D134/><U46/><E115/><V81/><F81/><W25/><G102/><T37/><D83/><N who="1" m="47615" /><E94/><V24/><F24/><W89/><G25/><T8/><D8/><N who="1" m="2103" /><E95/><V78/><F78/><N who="3" m="44359" /><G4/><T12/><REACH who="0" step="1"/><D75/><REACH who="0" ten="240,250,240,250" step="2"/><U28/><E28/><V91/><F91/><W21/><G21/><T122/><D122/><U97/><E73/><V99/><F99/><W48/><G89/><T76/><D76/><RYUUKYOKU ba="0,2" sc="240,15,250,-15,240,15,250,-15" hai0="7,11,12,37,39,44,49,57,61,67,85,90,92" hai2="41,43,45,47,58,62,64,80,86,88,98,100,107" /><INIT seed="0,1,2,3,3,15" ten="255,235,255,235" oya="0" hai0="33,105,5,74,69,1,45,27,60,84,121,129,66" hai1="85,130,30,57,86,28,111,114,54,125,103,102,92" hai2="94,68,119,62,13,52,38,21,79,123,40,108,59" hai3="107,55,64,88,104,124,93,99,20,50,43,31,95"/><T87/><D121/><U2/><E2/><V90/><F123/><W7/><G124/><T10/><D74/><U47/><E125/><V26/><F108/><W131/><G131/><T75/><D75/><U16/><E111/><V23/><F119/><W133/><G133/><T132/><D129/><U63/><E130/><V67/><F79/><W4/><G64/><T122/><D122/><U126/><E126/><V72/><F72/><W14/><G43/><T56/><D132/><U117/><E47/><V9/><F26/><N who="3" m="16839" /><G107/><T51/><D105/><U100/><E117/><V24/><F24/><W29/><G104/><T110/><D69/><U112/><E112/><V83/><F83/><W78/><G78/><T49/><D49/><U22/><E114/><V58/><F68/><W82/><G82/><T46/><D46/><U44/><E44/><V135/><F135/><W70/><G70/><T115/><D115/><U81/><E92/><V39/><F40/><W11/><G29/><N who="1" m="11370" /><E81/><V109/><F109/><W73/><G73/><T116/><D116/><U134/><E134/><V34/><F34/><W8/><G95/><T91/><D110/><U18/><E22/><V32/><F32/><W17/><G11/><T42/><D33/><U53/><E53/><V25/><F25/><W96/><G96/><T61/><D27/><U12/><E12/><V127/><F127/><W77/><G77/><T118/><D118/><U36/><E36/><V106/><F106/><W113/><G113/><T89/><D60/><U97/><E97/><N who="2" m="57559" /><F38/><W0/><G0/><T35/><D35/><U76/><E76/><RYUUKYOKU ba="1,2" sc="255,10,235,10,255,-30,235,10" hai0="1,5,10,42,45,51,56,61,66,84,87,89,91" hai1="16,18,54,57,63,85,86,100,102,103" hai3="4,7,8,14,17,50,55,88,93,99" /><INIT seed="0,2,2,1,0,110" ten="265,245,225,245" oya="0" hai0="51,26,50,79,96,111,90,36,44,19,113,134,43" hai1="40,105,42,72,59,2,7,45,57,76,123,78,119" hai2="99,18,80,8,63,15,85,69,95,131,16,58,86" hai3="128,39,47,73,52,97,130,23,93,30,104,120,89"/><T64/><D113/><U0/><E105/><V106/><F69/><W24/><G120/><T103/><D36/><U71/><E71/><V101/><F131/><N who="3" m="50219" /><G73/><T107/><D111/><U84/><E84/><V87/><F106/><W37/><G104/><T98/><D79/><U5/><E45/><V9/><F9/><W38/><G52/><T82/><D64/><U4/><E72/><V3/><F3/><W75/><G75/><T108/><D108/><U102/><E102/><V61/><F18/><W60/><G60/><T31/><D19/><U135/><E135/><V20/><F8/><W65/><G65/><T68/><D68/><U21/><E21/><V115/><F115/><W29/><G29/><T118/><D118/><U33/><E33/><V46/><F46/><AGARI ba="2,2" hai="23,24,30,37,38,39,46,47,89,93,97" m="50219" machi="46" ten="40,1300,0" yaku="19,1" doraHai="110" who="3" fromWho="2" sc="265,0,245,0,225,-19,245,39" /><INIT seed="1,0,0,0,2,23" ten="265,245,206,284" oya="1" hai0="110,20,47,80,29,74,25,13,42,7,26,92,105" hai1="73,45,61,40,54,123,93,31,87,101,58,22,65" hai2="91,108,133,103,118,69,122,2,32,106,11,10,77" hai3="16,56,132,117,49,6,9,68,111,72,89,60,15"/><U50/><E73/><V33/><F69/><W46/><G72/><T84/><D105/><U8/><E123/><V71/><F71/><W57/><G111/><T97/><D110/><U53/><E8/><V82/><F118/><W63/><G132/><T114/><D74/><U121/><E121/><V52/><F122/><W127/><G127/><T3/><D3/><U59/><E59/><N who="3" m="22602" /><G68/><T18/><D114/><U78/><E78/><V83/><F108/><W43/><G117/><T36/><D7/><U95/><E93/><V70/><F70/><W107/><G107/><T24/><D84/><U120/><E120/><V17/><F133/><W76/><G76/><T134/><D80/><U28/><E28/><V109/><F109/><W112/><G112/><T4/><D4/><U135/><E135/><V116/><F116/><W94/><G6/><T128/><D128/><U62/><E62/><V34/><F106/><W64/><G64/><T96/><D134/><U48/><E48/><V81/><F103/><W66/><G66/><T55/><D55/><U35/><E35/><V0/><F52/><W119/><G119/><T79/><D79/><U14/><E87/><AGARI ba="0,0" hai="9,15,16,43,46,49,60,63,87,89,94" m="22602" machi="87" ten="30,2000,0" yaku="8,1,54,1" doraHai="23" who="3" fromWho="1" sc="265,0,245,-20,206,0,284,20" /><INIT seed="2,0,0,4,3,112" ten="265,225,206,304" oya="2" hai0="99,120,96,108,72,8,102,56,83,37,124,47,93" hai1="19,90,85,5,94,122,7,113,69,29,127,54,88" hai2="133,111,28,105,135,116,62,117,48,38,82,64,110" hai3="51,123,81,87,22,57,3,33,67,43,52,26,130"/><V2/><F2/><W118/><G123/><T125/><D120/><U84/><E113/><V71/><F38/><W75/><G3/><T109/><D8/><U77/><E69/><V78/><F105/><W44/><G130/><T59/><D37/><U35/><E122/><V107/><F48/><W119/><G75/><T106/><D47/><U128/><E77/><V63/><F62/><W27/><G67/><T89/><D56/><U6/><E128/><V114/><F114/><W10/><G10/><T1/><D59/><U129/><E129/><V50/><F50/><W70/><G70/><T126/><D1/><U0/><E127/><V86/><F28/><W76/><G33/><T74/><D83/><U36/><E36/><V11/><F11/><W31/><G27/><T55/><D55/><U103/><E103/><V4/><F4/><W101/><G101/><T68/><D68/><U14/><E0/><V24/><F24/><W21/><G21/><T25/><D25/><U66/><E66/><V49/><F49/><AGARI ba="0,0" hai="22,26,31,43,44,49,51,52,57,76,81,87,118,119" machi="49" ten="30,7700,0" yaku="7,1,52,2,54,1" doraHai="112" who="3" fromWho="2" sc="265,0,225,0,206,-77,304,77" /><INIT seed="3,0,0,3,1,102" ten="265,225,129,381" oya="3" hai0="37,116,120,66,74,61,53,108,88,94,63,40,113" hai1="8,123,85,80,86,29,6,26,13,22,25,92,128" hai2="133,118,55,24,57,110,58,71,134,51,65,11,45" hai3="126,70,10,112,87,84,7,16,101,42,96,60,35"/><W23/><G35/><T21/><D116/><U82/><E123/><V27/><F11/><W36/><G112/><T64/><D120/><U0/><E128/><V95/><F110/><W109/><G109/><T106/><D108/><U79/><E92/><V77/><F77/><W81/><G126/><T75/><D113/><U107/><E26/><V56/><F95/><W44/><G70/><T119/><D119/><U105/><E0/><V99/><F99/><W30/><G60/><T117/><D53/><U17/><E6/><V32/><F118/><W129/><G30/><T73/><D117/><U135/><E135/><N who="2" m="51723" /><F32/><W54/><G54/><T97/><D21/><U69/><E69/><V122/><F122/><W46/><G46/><T90/><D90/><AGARI ba="0,0" hai="8,13,17,22,25,29,79,80,82,85,86,90,105,107" machi="90" ten="30,3900,0" yaku="7,1,52,2" doraHai="102" who="1" fromWho="0" sc="265,-39,225,39,129,0,381,0" /><INIT seed="4,0,0,5,2,88" ten="226,264,129,381" oya="0" hai0="124,31,102,37,79,3,69,75,113,66,28,99,7" hai1="87,14,120,40,6,9,61,133,72,35,84,26,101" hai2="53,44,109,130,2,132,10,8,22,116,5,32,134" hai3="27,98,42,80,95,108,122,59,74,24,118,100,57"/><T117/><D117/><U110/><E110/><V54/><F109/><W47/><G118/><T46/><D113/><U85/><E120/><V16/><F32/><W68/><G68/><T20/><D124/><U64/><E72/><V128/><F116/><W60/><G108/><T50/><D20/><U81/><E133/><N who="2" m="51307" /><F10/><W112/><G112/><T107/><D69/><U0/><E40/><V70/><F70/><W52/><G122/><T131/><D66/><U12/><E101/><V65/><F65/><W51/><G74/><T104/><D104/><U48/><E48/><N who="2" m="28807" /><F54/><W56/><G80/><N who="0" m="45183" /><D50/><U77/><E61/><V58/><F58/><AGARI ba="0,0" hai="24,27,42,47,51,52,56,57,58,59,60,95,98,100" machi="58" ten="40,5200,0" yaku="8,1,52,1,54,1" doraHai="88" who="3" fromWho="2" sc="226,0,264,0,129,-52,381,52" /><INIT seed="5,0,0,0,1,110" ten="226,264,77,433" oya="1" hai0="51,19,91,16,134,12,94,26,27,25,46,52,70" hai1="135,131,127,9,81,99,44,23,117,83,125,43,97" hai2="121,59,36,29,89,72,14,66,33,42,1,4,85" hai3="84,20,113,108,0,30,39,78,24,41,69,88,32"/><U90/><E117/><V68/><F121/><W21/><G108/><T128/><D70/><U64/><E131/><V38/><F72/><W28/><G69/><T103/><D134/><U60/><E135/><V2/><F68/><W5/><G78/><T86/><D128/><U47/><E23/><V37/><F42/><W8/><G113/><T124/><D124/><N who="1" m="47691" /><E9/><V106/><F106/><W116/><G116/><T6/><D103/><U65/><E47/><V22/><F33/><W82/><G39/><T122/><D122/><U49/><E64/><V40/><F40/><W114/><G41/><T62/><D62/><U13/><E13/><V58/><F66/><W120/><G120/><T53/><D53/><U80/><E90/><V119/><F119/><W11/><G114/><T95/><D95/><U77/><E77/><V100/><F100/><W130/><G130/><T56/><D46/><U93/><E93/><V71/><F71/><AGARI ba="0,0" hai="43,44,49,60,65,71,80,81,83,97,99" m="47691" machi="71" ten="30,1500,0" yaku="18,1" doraHai="110" who="1" fromWho="2" sc="226,0,264,15,77,-15,433,0" /><INIT seed="5,1,0,4,3,55" ten="226,279,62,433" oya="1" hai0="62,83,120,10,129,125,18,59,40,94,80,35,98" hai1="67,117,95,135,121,58,100,6,24,17,93,103,46" hai2="88,104,11,118,19,33,81,124,57,74,52,70,28" hai3="60,115,89,27,132,16,91,20,79,41,1,76,3"/><U77/><E121/><V42/><F118/><W73/><G73/><T101/><D125/><U71/><E71/><V29/><F104/><W130/><G115/><T114/><D114/><U4/><E117/><V2/><F70/><W127/><G127/><T131/><D120/><U53/><E77/><V31/><F124/><W56/><G130/><N who="0" m="49675" /><D35/><U113/><E113/><V21/><F33/><W134/><G41/><T128/><D128/><U122/><E135/><N who="3" m="51754" /><G91/><T39/><D39/><U38/><E38/><V109/><F109/><W8/><G89/><T86/><D40/><U32/><E32/><V133/><F133/><W87/><G87/><T44/><D44/><U37/><E37/><V97/><F74/><W23/><G23/><T92/><D92/><U14/><E95/><N who="2" m="56551" /><F81/><W85/><G85/><T12/><D86/><U50/><E122/><V119/><F119/><W25/><G25/><T123/><D123/><U65/><E24/><N who="2" m="14399" /><F2/><N who="3" m="523" /><G8/><T63/><D63/><N who="1" m="36303" /><E93/><V82/><F82/><W30/><G30/><T69/><D69/><U84/><E84/><V7/><F42/><W51/><G51/><T99/><D99/><U45/><E50/><N who="2" m="30871" /><F11/><W96/><G96/><T90/><D101/><U22/><E103/><V0/><F0/><W66/><AGARI ba="1,0" hai="16,20,27,56,60,66,76,79" m="523,51754" machi="66" ten="30,4000,0" yaku="20,1,52,1,54,1" doraHai="55" who="3" fromWho="3" sc="226,-11,279,-21,62,-11,433,43" /><INIT seed="6,0,0,5,4,129" ten="215,258,51,476" oya="2" hai0="96,36,104,25,50,59,49,128,58,116,29,102,15" hai1="7,65,131,39,125,22,93,79,76,30,13,32,71" hai2="98,117,85,40,37,86,60,43,106,88,130,114,11" hai3="35,17,47,84,133,89,48,61,34,26,78,132,51"/><V23/><F117/><W8/><G78/><T80/><D36/><U41/><E71/><V1/><F114/><W55/><G61/><T101/><D128/><U105/><E65/><V118/><F118/><W33/><G51/><T31/><D102/><U108/><E105/><V27/><F130/><W2/><G2/><T5/><D31/><U77/><E39/><V20/><F37/><W109/><G109/><T66/><D80/><U38/><E38/><V107/><F85/><W6/><G6/><T91/><D91/><U57/><E32/><V0/><F0/><W90/><G90/><T67/><D67/><U28/><E76/><V99/><F60/><W63/><G63/><T3/><D3/><U97/><E77/><V19/><F106/><W120/><G120/><T95/><D104/><U53/><E79/><V115/><F107/><W52/><G55/><T100/><D100/><U45/><E97/><N who="2" m="36875" /><F115/><W68/><G68/><T81/><D81/><U10/><E131/><V69/><F69/><W135/><G8/><N who="0" m="4495" /><D66/><U62/><E108/><V64/><F64/><W110/><G110/><T126/><D116/><U121/><E121/><V103/><F103/><W122/><G122/><T74/><D74/><U112/><E112/><V127/><F127/><W73/><G73/><T75/><D126/><U24/><E125/><V123/><F123/><W92/><G35/><T111/><D75/><U82/><E82/><N who="2" m="49239" /><F23/><AGARI ba="0,0" hai="17,23,26,33,34,47,48,52,84,89,92,132,133,135" machi="23" ten="40,8000,1" yaku="20,1,52,3,54,1" doraHai="129" who="3" fromWho="2" sc="215,0,258,0,51,-80,476,80" owari="215,-18.0,258,6.0,-29,-53.0,556,65.0" /></mjloggm>