<mjloggm ver="2.3"><GO type="97" lobby="0"/><UN n0="%4B%6F%6D%6F" n1="%E9%8D%8B%E5%B8%B8%E5%B8%9D%E5%9B%BD" n2="%E5%B0%B1%E6%B4%BB%E7%94%9F%40%E5%B7%9D%E6%9D%91%E8%BB%8D%E5%9B%A3" n3="%72%61%79%5F%67%6F%6C%64" dan="13,15,15,14" rate="1941.71,1977.51,1962.43,1879.10" sx="M,M,M,F"/><TAIKYOKU oya="0"/><INIT seed="0,0,0,5,0,15" ten="250,250,250,250" oya="0" hai0="5,24,44,134,78,122,36,75,14,10,54,2,21" hai1="127,72,89,135,73,52,69,124,130,53,96,71,133" hai2="22,1,81,116,125,118,13,80,93,47,55,66,111" hai3="104,41,3,98,63,82,103,74,120,46,109,108,99"/><T25/><D122/><U42/><E42/><V132/><F1/><W129/><G3/><T87/><D134/><N who="1" m="51211" /><E96/><V77/><F132/><W113/><G63/><T39/><D75/><N who="1" m="28747" /><E89/><V19/><F66/><W114/><G46/><T70/><D70/><N who="1" m="26635" /><E130/><V32/><F32/><W16/><G41/><T43/><D54/><AGARI ba="0,0" hai="52,53,54,124,127" m="26635,28747,51211" machi="54" ten="40,8000,1" yaku="28,2,20,1,54,1" doraHai="15" who="1" fromWho="0" sc="250,-80,250,80,250,0,250,0" /><INIT seed="1,0,0,1,2,65" ten="170,330,250,250" oya="1" hai0="129,60,70,23,11,98,43,84,21,61,118,102,66" hai1="62,26,92,50,49,112,3,77,59,27,104,85,122" hai2="96,57,17,94,99,79,74,116,67,105,32,90,80" hai3="97,10,39,33,42,108,107,20,71,53,86,64,120"/><U34/><E3/><V119/><F32/><W109/><G33/><T18/><D118/><U40/><E104/><V106/><F17/><W52/><G120/><T0/><D129/><U4/><E122/><V68/><F57/><W44/><G86/><T101/><D43/><U76/><E112/><V36/><F36/><W22/><G10/><T75/><D75/><U126/><E126/><V9/><F9/><W88/><G107/><N who="2" m="40969" /><F67/><W93/><G20/><T45/><D45/><N who="1" m="25767" /><E50/><V132/><F68/><W110/><G22/><T128/><D128/><U25/><E34/><V133/><F96/><W127/><G127/><T63/><D84/><U35/><E35/><V95/><F95/><W13/><G13/><T130/><D130/><U82/><E4/><V14/><F14/><W125/><G125/><T8/><D0/><U121/><E121/><V135/><AGARI ba="0,0" hai="74,79,80,90,94,99,116,119,132,133,135" m="40969" machi="135" ten="40,5200,0" yaku="20,1,34,2" doraHai="65" who="2" fromWho="2" sc="170,-13,330,-26,250,52,250,-13" /><INIT seed="2,0,0,2,2,15" ten="157,304,302,237" oya="2" hai0="24,88,29,43,56,132,19,6,59,73,96,8,38" hai1="95,3,0,127,111,20,50,57,119,81,61,16,40" hai2="60,65,45,31,66,110,51,93,13,75,46,47,70" hai3="41,1,133,106,68,89,52,28,58,54,90,48,128"/><V30/><F75/><W12/><G1/><T123/><D123/><U102/><E119/><V22/><F110/><W120/><G68/><T10/><D73/><U126/><E111/><V107/><F107/><W122/><G106/><T98/><D132/><U27/><E81/><V109/><F109/><W129/><G133/><T49/><D38/><U44/><E95/><V108/><F108/><W74/><G74/><T7/><D29/><U71/><E102/><V32/><F32/><W67/><G28/><T14/><D24/><U39/><E71/><V130/><F130/><N who="3" m="50283" /><G67/><T131/><D131/><U55/><REACH who="1" step="1"/><E39/><REACH who="1" ten="157,294,302,237" step="2"/><V121/><F121/><N who="3" m="46699" /><G41/><T4/><D98/><U77/><E77/><V11/><F93/><W9/><G54/><T63/><D43/><U94/><E94/><V26/><F66/><W33/><G33/><T101/><D101/><U76/><E76/><V21/><F70/><W64/><G64/><T135/><D135/><U62/><E62/><V86/><F65/><W92/><G92/><N who="0" m="56327" /><D63/><U91/><E91/><V125/><F60/><W80/><G80/><T23/><D49/><U37/><E37/><V82/><F51/><W35/><G35/><T79/><D79/><U53/><E53/><V85/><F82/><W78/><G78/><T115/><D115/><U42/><E42/><V116/><F116/><W113/><G113/><T103/><D103/><U118/><E118/><V124/><F85/><W112/><G112/><T84/><D84/><U17/><E17/><AGARI ba="0,1" hai="9,12,17,48,52,58,89,90" m="46699,50283" machi="17" ten="30,3900,0" yaku="19,1,52,1,54,1" doraHai="15" who="3" fromWho="1" sc="157,0,294,-39,302,0,237,49" /><INIT seed="3,0,0,2,2,84" ten="157,255,302,286" oya="3" hai0="0,128,42,126,86,112,108,62,120,69,29,6,41" hai1="3,71,9,23,25,50,95,16,133,87,34,85,7" hai2="109,98,92,60,33,12,22,10,111,74,119,11,134" hai3="106,96,37,38,117,123,17,100,93,102,24,51,39"/><W127/><G123/><T65/><D120/><U48/><E71/><V101/><F74/><W82/><G117/><T36/><D108/><N who="2" m="41546" /><F33/><W113/><G113/><T107/><D112/><U64/><E64/><V52/><F119/><W5/><G127/><T63/><D126/><U72/><E72/><V75/><F75/><W26/><G5/><T44/><D128/><U57/><E133/><V121/><F121/><W79/><G102/><T53/><D107/><U61/><E85/><V58/><F134/><W91/><G17/><AGARI ba="0,0" hai="10,11,12,17,22,52,58,60,92,98,101" m="41546" machi="17" ten="30,2000,0" yaku="14,1,54,1" doraHai="84" who="2" fromWho="3" sc="157,0,255,0,302,20,286,-20" owari="157,-34.0,255,-14.0,322,41.0,266,7.0" /></mjloggm>