<mjloggm ver="2.3"><GO type="97" lobby="0"/><UN n0="%4F%69%E3%81%AE%E3%81%B6%E5%AD%90" n1="%46%69%67%68%74%35%31%35" n2="%E3%83%88%E3%83%88%E3%83%AA%E5%85%88%E7%94%9F%31%39%E6%AD%B3" n3="%6B%6B%34%31%35" dan="14,14,15,13" rate="1959.13,1914.71,2057.82,1812.73" sx="M,F,F,M"/><TAIKYOKU oya="0"/><INIT seed="0,0,0,5,1,10" ten="250,250,250,250" oya="0" hai0="38,52,76,127,15,62,32,12,43,116,48,109,42" hai1="65,130,31,40,11,72,70,69,77,61,102,22,118" hai2="87,119,89,9,91,105,46,19,67,66,129,33,36" hai3="63,45,114,55,44,93,84,27,97,17,123,104,79"/><T120/><D116/><U88/><E118/><V5/><F119/><W132/><G114/><T13/><D120/><U80/><E130/><V20/><F105/><W68/><G104/><T49/><D127/><U83/><E102/><V75/><F75/><W95/><G123/><T26/><D109/><U113/><E113/><V6/><F33/><W53/><G132/><T21/><D32/><U110/><E110/><V103/><F103/><W126/><G126/><T101/><D101/><U64/><E40/><N who="0" m="15401" /><D38/><U8/><E65/><V37/><F129/><W25/><G68/><T122/><D76/><U90/><E69/><V96/><F46/><N who="3" m="18027" /><G63/><T18/><D122/><U135/><E135/><V3/><F5/><W128/><G128/><T34/><D34/><U2/><E2/><V99/><F37/><W125/><G125/><T94/><D94/><N who="3" m="35849" /><G97/><T131/><D131/><U98/><E98/><V82/><F36/><W121/><G121/><T39/><D39/><U41/><E41/><V115/><F115/><W30/><G30/><T74/><D74/><U106/><E106/><V85/><F96/><W86/><G79/><T24/><D26/><N who="3" m="9737" /><G17/><T28/><D28/><U134/><E31/><V92/><F99/><W78/><G78/><T56/><AGARI ba="0,0" hai="12,13,15,18,21,24,48,49,52,56,62" m="15401" machi="56" ten="30,12000,1" yaku="8,1,52,3,54,1" doraHai="10" who="0" fromWho="0" sc="250,120,250,-40,250,-40,250,-40" /><INIT seed="0,1,0,5,2,125" ten="370,210,210,210" oya="0" hai0="49,67,130,71,107,55,73,25,108,52,63,117,89" hai1="65,20,5,12,87,62,77,97,76,54,58,22,104" hai2="102,18,75,60,132,45,98,42,3,85,10,30,101" hai3="124,47,127,92,51,95,11,111,38,16,109,37,31"/><T133/><D117/><U64/><E104/><V46/><F75/><W129/><G129/><T122/><D122/><U61/><E97/><V86/><F132/><W81/><G81/><T106/><D133/><U4/><E54/><V8/><F102/><W69/><G69/><T32/><D73/><U100/><E100/><V96/><F98/><W9/><G31/><T74/><D74/><U113/><E113/><V135/><F135/><W50/><G47/><T56/><D130/><U79/><E87/><V119/><F119/><W17/><AGARI ba="1,0" hai="9,11,16,17,37,38,50,51,92,95,109,111,124,127" machi="17" ten="25,6400,0" yaku="0,1,22,2,54,1" doraHai="125" who="3" fromWho="3" sc="370,-33,210,-17,210,-17,210,67" /><INIT seed="1,0,0,2,0,117" ten="337,193,193,277" oya="1" hai0="88,106,2,3,105,30,70,6,95,103,133,49,18" hai1="100,109,122,121,48,0,85,82,97,37,83,34,47" hai2="43,16,45,35,66,63,112,107,92,39,28,21,50" hai3="13,8,99,15,65,7,12,76,44,55,41,29,59"/><U24/><E0/><V11/><F107/><W74/><G76/><T56/><D133/><U89/><E37/><V57/><F112/><W36/><G74/><T69/><D30/><U4/><E4/><V46/><F11/><W73/><G73/><T96/><D18/><U5/><E83/><V51/><F35/><W108/><G108/><T20/><D20/><U102/><E5/><V62/><F28/><W86/><G65/><T17/><D17/><U123/><E102/><V93/><F63/><W77/><G29/><T25/><D25/><U72/><E72/><V115/><F39/><W129/><G129/><T118/><D118/><U61/><E61/><V111/><F111/><W23/><G23/><T22/><D22/><U126/><E109/><V27/><REACH who="2" step="1"/><F115/><REACH who="2" ten="337,193,183,277" step="2"/><W54/><G36/><T131/><D106/><U104/><E34/><V119/><F119/><W71/><G8/><T113/><D113/><U52/><REACH who="1" step="1"/><E24/><REACH who="1" ten="337,183,183,277" step="2"/><V42/><AGARI ba="0,2" hai="16,21,27,42,43,45,46,50,51,57,62,66,92,93" machi="42" ten="20,12000,2" yaku="1,1,0,1,7,1,9,1,8,1,54,1,53,0" doraHai="117" doraHaiUra="87" who="2" fromWho="2" sc="337,-30,183,-60,183,140,277,-30" /><INIT seed="2,0,0,1,4,60" ten="307,123,323,247" oya="2" hai0="116,2,107,29,80,88,16,76,37,93,14,74,44" hai1="11,21,65,122,126,53,18,24,5,87,1,51,75" hai2="104,56,85,78,113,105,30,54,114,71,42,101,33" hai3="121,120,10,106,62,110,66,15,25,8,47,49,95"/><V70/><F42/><W13/><G106/><T55/><D116/><U40/><E75/><V64/><F101/><W17/><G110/><T125/><D125/><U124/><E122/><V90/><F78/><W63/><G25/><T115/><D115/><U38/><E38/><V131/><F131/><W57/><G63/><T130/><D130/><U43/><E126/><V83/><F104/><W3/><G3/><T35/><D107/><U100/><E100/><V9/><F105/><W96/><G47/><T91/><D2/><U19/><E124/><V26/><F9/><W27/><G49/><T23/><D93/><U77/><E19/><V59/><F59/><W135/><G27/><T34/><D37/><U39/><E39/><V89/><F89/><W36/><G135/><T129/><D129/><U48/><E48/><V61/><REACH who="2" step="1"/><F71/><REACH who="2" ten="307,123,313,247" step="2"/><W128/><G128/><T84/><D91/><U32/><E43/><V108/><F108/><W22/><G36/><T68/><D68/><U133/><E40/><V12/><F12/><W102/><REACH who="3" step="1"/><G22/><REACH who="3" ten="307,123,313,237" step="2"/><T132/><D132/><U82/><E133/><V31/><F31/><W98/><G98/><T4/><D29/><U111/><E111/><V50/><AGARI ba="0,2" hai="26,30,33,50,54,56,61,64,70,83,85,90,113,114" machi="50" ten="20,12000,1" yaku="1,1,0,1,7,1,52,1,53,1" doraHai="60" doraHaiUra="58" who="2" fromWho="2" sc="307,-40,123,-40,313,140,237,-40" /><INIT seed="2,1,0,1,5,95" ten="267,83,453,197" oya="2" hai0="11,103,116,64,46,93,111,81,30,41,66,131,100" hai1="104,3,12,37,126,127,123,124,38,24,15,42,62" hai2="89,10,39,19,119,35,90,98,20,130,9,65,63" hai3="23,18,44,56,106,2,22,121,61,51,92,47,43"/><V86/><F119/><W68/><G121/><T58/><D116/><U50/><E123/><V21/><F39/><W32/><G106/><T120/><D120/><U91/><E104/><V96/><F35/><W118/><G2/><T72/><D111/><U26/><E3/><V74/><F74/><W128/><G32/><T1/><D131/><U102/><E102/><V49/><F130/><W134/><G128/><T34/><D34/><U76/><E76/><V54/><F63/><W40/><G134/><T88/><D30/><U105/><E62/><V27/><F65/><W78/><G118/><T6/><D81/><U110/><E105/><V25/><F10/><W109/><G68/><T80/><D80/><U67/><E67/><V36/><F9/><W69/><G69/><T79/><D79/><U107/><E107/><V99/><F86/><W87/><G109/><T52/><D72/><U8/><E8/><V75/><F36/><W117/><G117/><T60/><D66/><U71/><E71/><V94/><F90/><N who="3" m="53343" /><G78/><T122/><D64/><U73/><E91/><V14/><F75/><W113/><G113/><T31/><D31/><U97/><E73/><V59/><F14/><N who="3" m="9559" /><G23/><T7/><D7/><U53/><E110/><V5/><F5/><W85/><G85/><T48/><D122/><U4/><E4/><V0/><F0/><W55/><G61/><T70/><D70/><U129/><E129/><V84/><F84/><AGARI ba="1,0" hai="1,6,11,41,46,48,52,58,60,84,88,93,100,103" machi="84" ten="30,3900,0" yaku="7,1,54,2" doraHai="95" who="0" fromWho="2" sc="267,42,83,0,453,-42,197,0" /><INIT seed="3,0,0,4,0,88" ten="309,83,411,197" oya="3" hai0="6,100,32,55,126,39,35,96,91,48,13,8,99" hai1="115,85,4,5,127,61,109,18,113,0,38,78,50" hai2="33,68,49,29,21,70,51,42,131,37,11,95,44" hai3="63,98,124,27,26,58,67,92,105,53,116,34,94"/><W121/><G124/><T22/><D126/><U81/><E127/><V135/><F33/><W56/><G116/><T2/><D39/><U52/><E38/><V79/><F79/><W66/><G121/><T130/><D130/><U93/><E109/><V71/><F11/><W82/><G82/><T40/><D40/><U107/><E107/><V9/><F9/><W117/><G117/><T20/><D91/><U101/><E115/><V86/><F135/><W57/><G105/><T62/><D62/><U134/><E134/><V16/><F29/><W133/><G133/><T46/><D96/><U108/><E113/><V25/><F131/><W103/><G34/><T123/><D123/><U14/><E0/><V69/><F69/><W84/><G66/><T120/><D120/><U110/><E61/><V118/><F118/><W41/><G41/><T87/><D87/><U90/><E110/><V75/><F75/><W76/><G76/><T122/><D122/><U106/><E108/><V59/><F59/><N who="3" m="22603" /><G53/><T128/><D128/><U28/><E106/><V104/><F104/><W112/><G112/><T125/><D125/><U80/><E101/><V7/><F37/><W30/><G30/><T15/><D35/><U60/><E80/><V24/><F68/><W72/><G72/><T3/><D32/><U114/><E28/><V65/><F70/><W97/><G84/><T73/><D73/><N who="1" m="43215" /><E60/><V83/><F71/><W17/><G17/><T119/><D119/><U19/><E114/><V77/><F86/><W64/><G64/><T111/><D111/><U47/><E19/><V31/><F16/><RYUUKYOKU ba="0,0" sc="309,-15,83,15,411,-15,197,15" hai1="4,5,14,18,47,50,52,85,90,93" hai3="26,27,58,63,67,92,94,97,98,103" /><INIT seed="3,1,0,3,2,92" ten="294,98,396,212" oya="3" hai0="81,80,115,30,6,3,132,104,109,108,91,63,134" hai1="18,62,126,45,73,50,76,60,20,83,67,40,19" hai2="89,95,23,8,34,98,99,113,28,124,39,4,22" hai3="133,44,13,122,2,33,1,88,54,111,36,101,49"/><W78/><G122/><T17/><D115/><U29/><E126/><V90/><F113/><W25/><G111/><N who="0" m="42571" /><D104/><U5/><E5/><V14/><F39/><W61/><G133/><N who="0" m="51307" /><D30/><U66/><E29/><V119/><F119/><W85/><G78/><T105/><D105/><U103/><E103/><V75/><F75/><W114/><G101/><T31/><D31/><U121/><E121/><V74/><F74/><W43/><G114/><T107/><D107/><U48/><E48/><V120/><F120/><W15/><G2/><T129/><D129/><U87/><E73/><V12/><F124/><W52/><G1/><T65/><D17/><U79/><E79/><V59/><F34/><W26/><G33/><T64/><D91/><N who="2" m="34826" /><F95/><N who="3" m="54671" /><G36/><T94/><D94/><U32/><E32/><V86/><F86/><W16/><G61/><T55/><D55/><N who="3" m="21033" /><G13/><T116/><D116/><U71/><REACH who="1" step="1"/><E20/><AGARI ba="1,0" hai="15,16,20,25,26,43,44,49" m="21033,54671" machi="20" ten="30,11600,0" yaku="8,1,54,3" doraHai="92" who="3" fromWho="1" sc="294,0,98,-119,396,0,212,119" owari="294,-11.0,-21,-52.0,396,50.0,331,13.0" /></mjloggm>