<mjloggm ver="2.3"><GO type="169" lobby="0"/><UN n0="%53%48%49%53%55%4B%45" n1="%E9%BA%BB%E5%B8%83%E5%A0%85%E4%B8%80" n2="%E7%B7%92%E6%96%B9%E6%99%BA%E7%B5%B5%E9%87%8C%2B" n3="%E3%83%88%E3%83%88%E3%83%AA%E5%85%88%E7%94%9F%31%39%E6%AD%B3" dan="16,18,16,18" rate="2163.51,2272.16,2104.47,2269.16" sx="M,M,M,F"/><TAIKYOKU oya="0"/><INIT seed="0,0,0,5,5,50" ten="250,250,250,250" oya="0" hai0="126,58,98,31,32,114,104,51,86,117,65,20,13" hai1="8,132,128,133,90,123,67,23,53,14,52,109,35" hai2="70,3,7,27,135,134,19,48,102,25,30,89,122" hai3="95,130,28,82,12,77,97,75,115,11,125,44,60"/><T84/><D117/><U113/><E123/><V39/><F39/><W96/><G115/><T99/><D114/><U105/><E113/><V120/><F70/><W74/><G130/><T73/><D73/><U71/><E35/><V34/><F102/><W61/><G125/><T111/><D32/><U43/><E105/><V112/><F112/><W42/><G28/><T26/><D126/><U131/><E109/><V119/><F89/><W22/><G22/><T1/><D1/><U93/><E43/><V6/><F119/><W127/><G75/><T59/><D111/><U81/><E81/><V129/><F129/><N who="1" m="49737" /><E23/><N who="2" m="13567" /><F48/><W33/><G33/><T72/><D72/><U107/><E107/><V88/><F88/><W5/><G127/><T41/><D104/><U2/><E2/><V4/><F3/><W103/><G96/><N who="0" m="36907" /><D13/><U83/><E83/><V16/><F122/><W47/><G82/><T79/><D79/><U118/><E118/><V87/><F120/><W21/><G77/><T80/><D80/><U124/><E124/><V78/><F78/><W121/><G74/><T68/><D68/><U56/><E71/><V49/><F34/><W76/><G76/><T18/><D31/><U17/><E67/><V45/><F30/><W24/><G121/><T15/><D65/><U106/><E106/><V100/><F27/><W10/><G42/><T110/><D26/><U36/><E36/><V66/><F66/><W29/><G11/><T54/><D110/><U108/><E108/><V94/><F94/><W38/><G38/><T64/><D41/><U62/><E53/><N who="2" m="29871" /><F134/><W85/><G97/><AGARI ba="0,0" hai="8,14,17,52,56,62,90,93,97,132,133" m="49737" machi="97" ten="30,7700,0" yaku="6,1,19,1,52,1,54,1" doraHai="50" who="1" fromWho="3" sc="250,0,250,77,250,0,250,-77" /><INIT seed="1,0,0,5,5,114" ten="250,327,250,173" oya="1" hai0="48,52,22,99,81,108,50,56,53,125,34,23,49" hai1="31,63,112,91,78,120,89,67,60,103,72,76,96" hai2="124,33,32,39,35,16,115,4,55,21,119,43,42" hai3="93,135,107,54,10,57,133,132,98,80,0,9,94"/><U122/><E112/><V8/><F115/><W37/><G37/><T110/><D34/><U3/><E3/><V51/><F124/><W123/><G123/><T45/><D125/><U131/><E31/><V84/><F39/><W101/><G80/><T17/><D49/><U128/><E67/><V12/><F84/><W88/><G0/><T104/><D81/><U69/><E69/><V97/><F97/><N who="3" m="57511" /><G107/><T24/><REACH who="0" step="1"/><D22/><REACH who="0" ten="240,327,250,173" step="2"/><U116/><E122/><V79/><F79/><W1/><G1/><T26/><D26/><U90/><E120/><V64/><F35/><W61/><AGARI ba="0,1" hai="9,10,54,57,61,94,98,101,132,133,135" m="57511" machi="61" ten="30,2000,0" yaku="20,1,54,1" doraHai="114" who="3" fromWho="3" sc="240,-5,327,-10,250,-5,173,30" /><INIT seed="2,0,0,2,3,130" ten="235,317,245,203" oya="2" hai0="39,121,21,42,135,20,128,65,118,122,114,19,79" hai1="10,45,117,46,30,58,92,70,2,16,96,74,129" hai2="5,12,60,110,113,126,53,99,132,131,83,109,115" hai3="134,68,106,52,59,66,100,108,87,101,73,123,77"/><V11/><F131/><W4/><G123/><T116/><D114/><U76/><E70/><V34/><F34/><W98/><G73/><T62/><D128/><U81/><E117/><N who="0" m="45161" /><D79/><U28/><E129/><V38/><F126/><W102/><G108/><N who="2" m="41577" /><F38/><W57/><G134/><T55/><D55/><U95/><E30/><V17/><F83/><W111/><G68/><N who="0" m="42039" /><D135/><U133/><E28/><V40/><F40/><W84/><G111/><T127/><D127/><U18/><E133/><V32/><F32/><W97/><G4/><T86/><D86/><N who="3" m="32809" /><G106/><T80/><D80/><U93/><E81/><V64/><F53/><W29/><G29/><T103/><D103/><U75/><E75/><V72/><F72/><W91/><G91/><T125/><D125/><U107/><E74/><V63/><F132/><W88/><G77/><T23/><D19/><U1/><E76/><V61/><F99/><W124/><G124/><T82/><D82/><U49/><E96/><V3/><F64/><W112/><G112/><T37/><D42/><U24/><E46/><V50/><F50/><N who="3" m="30871" /><G88/><T47/><D47/><U94/><E45/><V6/><F6/><W104/><G104/><T25/><D121/><U43/><E107/><V9/><AGARI ba="0,0" hai="3,5,9,11,12,17,60,61,63,113,115" m="41577" machi="9" ten="40,3900,0" yaku="14,1,10,1" doraHai="130" who="2" fromWho="2" sc="235,-13,317,-13,245,39,203,-13" /><INIT seed="2,1,0,3,0,74" ten="222,304,284,190" oya="2" hai0="47,134,33,130,25,90,82,3,10,75,128,124,110" hai1="118,71,65,126,23,129,59,111,16,120,100,125,24" hai2="22,43,55,79,63,123,83,113,95,29,61,57,28" hai3="72,34,35,131,44,13,88,27,38,84,37,121,122"/><V89/><F123/><W62/><G72/><T76/><D110/><U54/><E118/><V20/><F113/><W11/><G131/><N who="0" m="50219" /><D124/><N who="1" m="47723" /><E129/><V14/><F43/><W0/><G0/><T98/><D134/><U9/><E111/><V21/><F14/><W7/><G62/><T86/><D47/><U45/><E120/><V56/><F89/><W99/><G99/><T91/><D98/><U87/><E71/><V2/><F95/><W109/><G109/><T112/><D112/><U53/><E45/><V107/><F107/><W78/><G122/><T81/><D91/><U26/><E9/><V39/><F39/><W68/><G68/><T19/><D33/><U114/><E100/><V18/><F2/><W116/><G116/><T58/><D58/><U50/><E65/><V12/><F29/><W102/><G102/><T1/><D10/><U127/><E114/><V85/><F28/><W97/><G121/><T6/><D6/><U70/><E70/><V106/><F106/><W96/><G35/><T4/><D4/><U5/><E5/><V46/><F46/><W41/><G38/><T115/><D115/><U42/><E59/><V92/><F92/><W48/><G37/><T32/><D32/><U49/><E127/><V31/><REACH who="2" step="1"/><F31/><REACH who="2" ten="222,304,274,190" step="2"/><N who="3" m="19839" /><G88/><T133/><D133/><U51/><E42/><V30/><F30/><W73/><G96/><T67/><D3/><U119/><E119/><V117/><F117/><W101/><G97/><T80/><D1/><U105/><E105/><V77/><F77/><W40/><G41/><T66/><D81/><U132/><E132/><V94/><F94/><RYUUKYOKU ba="1,1" sc="222,15,304,-15,274,15,190,-15" hai0="19,25,66,67,75,76,80,82,86,90" hai2="12,18,20,21,22,55,56,57,61,63,79,83,85" /><INIT seed="2,2,1,5,0,122" ten="237,289,289,175" oya="2" hai0="100,118,60,9,98,108,33,54,39,74,73,62,115" hai1="27,58,103,133,31,51,14,17,36,85,131,40,37" hai2="116,78,13,112,65,111,81,61,83,80,84,105,55" hai3="119,128,121,21,15,2,66,97,67,75,91,47,18"/><V130/><F112/><W57/><G121/><T64/><D115/><U38/><E131/><V43/><F116/><W110/><G119/><T1/><D118/><U10/><E133/><V44/><F130/><W82/><G2/><T125/><D33/><U96/><E85/><V0/><F0/><W114/><G128/><T16/><D39/><U101/><E101/><V23/><F105/><W56/><G114/><T29/><D29/><U93/><E58/><N who="3" m="22634" /><G75/><T120/><D120/><U72/><E72/><V113/><F113/><W12/><G110/><T50/><D74/><U102/><E102/><V117/><F117/><W76/><G47/><T4/><D73/><U53/><E53/><V41/><F111/><W3/><G3/><T8/><D108/><U7/><E51/><V86/><F55/><W20/><G76/><T49/><D49/><U42/><REACH who="1" step="1"/><E7/><REACH who="1" ten="237,279,289,175" step="2"/><V32/><F84/><N who="3" m="50583" /><G97/><T104/><D50/><U134/><E134/><V123/><F86/><W26/><G12/><N who="0" m="7183" /><D54/><U127/><E127/><V48/><F123/><W25/><G15/><T70/><D125/><U107/><E107/><V95/><F13/><W124/><G124/><T52/><D52/><U92/><E92/><V90/><F95/><W79/><G79/><T132/><D132/><U126/><E126/><V71/><F78/><W129/><G129/><T89/><D89/><U24/><E24/><V77/><F90/><W69/><G69/><T135/><D135/><U22/><AGARI ba="2,2" hai="10,14,17,22,27,31,36,37,38,40,42,93,96,103" machi="22" ten="30,4000,0" yaku="1,1,0,1,53,1" doraHai="122" doraHaiUra="88" who="1" fromWho="1" sc="237,-12,279,66,289,-22,175,-12" /><INIT seed="3,0,0,5,2,63" ten="225,345,267,163" oya="3" hai0="7,126,9,61,92,43,134,129,111,26,122,68,19" hai1="21,46,75,90,133,104,6,113,96,119,64,49,109" hai2="114,35,81,97,5,0,23,13,25,8,131,91,58" hai3="105,85,99,51,27,98,18,74,76,55,132,36,20"/><W72/><G36/><T101/><D122/><U47/><E75/><V12/><F114/><W1/><G1/><T2/><D126/><U124/><E6/><V56/><F131/><W118/><G118/><T15/><D129/><U103/><E113/><V16/><F13/><W89/><G132/><T78/><D134/><U110/><E133/><V121/><F121/><W87/><G76/><T83/><D111/><U17/><E124/><V22/><F35/><W30/><G87/><T41/><D26/><U52/><E119/><V14/><F0/><W107/><G107/><T31/><D31/><U73/><E73/><V66/><F66/><W123/><G123/><T34/><D34/><U95/><E64/><V4/><F4/><W106/><G106/><T29/><D29/><U67/><E67/><V11/><F11/><W130/><G130/><T70/><D101/><U127/><E127/><V128/><F128/><W82/><G105/><T37/><D92/><U112/><E47/><V125/><F125/><W116/><G72/><N who="0" m="43463" /><D61/><U102/><E112/><V100/><F100/><W50/><G74/><T32/><D43/><U54/><E54/><V42/><F42/><W86/><G86/><T39/><D32/><U84/><REACH who="1" step="1"/><E103/><REACH who="1" ten="225,335,267,163" step="2"/><V65/><F65/><W44/><G116/><T117/><D117/><U62/><E62/><V115/><F115/><W69/><G69/><N who="0" m="26731" /><D41/><U71/><E71/><V24/><F5/><W77/><G51/><T60/><D60/><U10/><E10/><V120/><F8/><W94/><G30/><T135/><D135/><U80/><E80/><V48/><F81/><RYUUKYOKU ba="0,1" sc="225,10,335,10,267,-30,163,10" hai0="2,7,9,15,19,37,39" hai1="17,21,46,49,52,84,90,95,96,102,104,109,110" hai3="18,20,27,44,50,55,77,82,85,89,94,98,99" /><INIT seed="3,1,1,1,5,85" ten="235,345,237,173" oya="3" hai0="8,89,76,111,87,107,94,129,18,77,33,86,19" hai1="2,10,116,9,37,46,66,68,101,95,48,110,112" hai2="132,62,22,67,65,55,117,64,73,7,27,90,108" hai3="72,47,60,41,74,75,119,31,36,99,15,114,40"/><W35/><G114/><T57/><D107/><U123/><E101/><V124/><F117/><W54/><G119/><T131/><D33/><U59/><E123/><V80/><F132/><W53/><G41/><T70/><D70/><U23/><E2/><V128/><F128/><N who="0" m="49226" /><D111/><U118/><E112/><V50/><F108/><W58/><G15/><N who="0" m="7527" /><D19/><U44/><E68/><V5/><F124/><W52/><REACH who="3" step="1"/><G99/><REACH who="3" ten="235,345,237,163" step="2"/><T12/><D12/><U100/><E116/><V30/><F5/><W3/><G3/><T102/><D102/><U14/><E100/><V21/><F7/><W127/><G127/><T24/><D24/><AGARI ba="1,2" hai="24,31,35,36,40,47,52,53,54,58,60,72,74,75" machi="24" ten="40,3900,0" yaku="1,1,54,1,53,0" doraHai="85" doraHaiUra="17" who="3" fromWho="0" sc="235,-42,345,0,237,0,163,62" /><INIT seed="3,2,0,0,2,13" ten="193,345,237,225" oya="3" hai0="1,69,23,37,115,27,60,19,24,125,104,123,109" hai1="114,63,116,25,117,118,73,49,39,41,89,70,54" hai2="126,56,50,122,129,131,58,87,90,76,16,8,78" hai3="64,101,93,59,135,75,110,34,2,86,130,113,61"/><W47/><G113/><T111/><D123/><U52/><E73/><V29/><F122/><W22/><G75/><T83/><D37/><U40/><E114/><V4/><F126/><W79/><G34/><T18/><D115/><U108/><E108/><N who="0" m="41545" /><D125/><U98/><E25/><N who="0" m="9801" /><D104/><U46/><E89/><V91/><F29/><W94/><G2/><T62/><D1/><U67/><E98/><V42/><F4/><W121/><G135/><T127/><D127/><U0/><E0/><V3/><F3/><W133/><G130/><N who="2" m="49673" /><F91/><W6/><G6/><T124/><D124/><U30/><E30/><V95/><F42/><W119/><G133/><T102/><D102/><U11/><E11/><V32/><F32/><W107/><G101/><T92/><D92/><U72/><E72/><V99/><F50/><W88/><G121/><T20/><D83/><U74/><E74/><V12/><F99/><W43/><G110/><T80/><D80/><U36/><E41/><V134/><F134/><W82/><G43/><T68/><D62/><U21/><E21/><N who="0" m="8265" /><D60/><U7/><E39/><V66/><F66/><W51/><G22/><T53/><D53/><N who="1" m="20587" /><E36/><V77/><AGARI ba="2,0" hai="8,12,16,56,58,76,77,78,87,90,95" m="49673" machi="77" ten="30,4000,0" yaku="19,1,52,1,54,1" doraHai="13" who="2" fromWho="2" sc="193,-12,345,-12,237,46,225,-22" /><INIT seed="4,0,0,1,3,46" ten="181,333,283,203" oya="0" hai0="13,63,75,1,50,93,114,47,36,107,20,127,4" hai1="84,26,92,94,129,39,19,117,87,57,135,52,43" hai2="70,25,10,59,9,21,64,29,126,37,108,77,95" hai3="32,56,2,28,83,80,33,7,99,67,121,89,100"/><T124/><D107/><U86/><E117/><V6/><F108/><W81/><G121/><T104/><D104/><U102/><E39/><V12/><F126/><N who="0" m="48170" /><D75/><U49/><E129/><V120/><F120/><W34/><G7/><T106/><D106/><U44/><E135/><V8/><F37/><W30/><G2/><T38/><D114/><U130/><E130/><V11/><F70/><W55/><G67/><T61/><D1/><U74/><E74/><V40/><F40/><W5/><G5/><T123/><D123/><U23/><REACH who="1" step="1"/><E102/><REACH who="1" ten="181,323,283,203" step="2"/><V35/><F6/><W119/><G119/><T79/><D36/><U128/><E128/><V22/><F35/><W97/><G100/><T14/><D38/><U111/><E111/><V133/><F133/><W105/><G32/><T115/><D115/><U134/><E134/><V72/><F72/><W69/><G33/><T109/><D109/><U62/><AGARI ba="0,1" hai="19,23,26,43,44,49,52,57,62,84,86,87,92,94" machi="62" ten="30,8000,1" yaku="1,1,0,1,8,1,52,1,54,1,53,0" doraHai="46" doraHaiUra="96" who="1" fromWho="1" sc="181,-40,323,90,283,-20,203,-20" /><INIT seed="5,0,0,1,2,70" ten="141,413,263,183" oya="1" hai0="15,115,122,41,112,16,1,129,60,103,25,132,67" hai1="101,125,109,56,6,118,32,124,78,18,90,84,20" hai2="43,11,64,37,23,68,89,99,31,29,135,110,34" hai3="46,111,76,45,61,10,128,130,102,96,35,73,36"/><U123/><E32/><V38/><F110/><W39/><G111/><T108/><D108/><U98/><E109/><V127/><F34/><W47/><G35/><T62/><D1/><U69/><E69/><V86/><F43/><W54/><G10/><T55/><D129/><N who="3" m="49769" /><G76/><T50/><D132/><U3/><E118/><V27/><F31/><W75/><G61/><T87/><D122/><U12/><E78/><V93/><F135/><W116/><G54/><T44/><D103/><U40/><E6/><V22/><F127/><W57/><G57/><T88/><D25/><U85/><E3/><V21/><F11/><W81/><G81/><N who="0" m="49263" /><D41/><U72/><E40/><V17/><F23/><W26/><G26/><T42/><D42/><U2/><E20/><V13/><F68/><W65/><G65/><T5/><D5/><U74/><E2/><V19/><F64/><W0/><G0/><T119/><D119/><U121/><E121/><V113/><F29/><W117/><G117/><T107/><D107/><U66/><E66/><V92/><F113/><N who="0" m="43594" /><D67/><U100/><E124/><V106/><F106/><N who="3" m="63815" /><G116/><T63/><D62/><U52/><E125/><V114/><F114/><W9/><G9/><AGARI ba="0,0" hai="9,15,16,44,50,55,60,63" m="43594,49263" machi="9" ten="30,7700,0" yaku="25,1,15,1,54,2" doraHai="70" who="0" fromWho="3" sc="141,77,413,0,263,0,183,-77" /><INIT seed="6,0,0,3,2,52" ten="218,413,263,106" oya="2" hai0="0,48,106,45,107,117,97,4,22,71,108,83,104" hai1="87,47,116,51,133,129,88,31,29,111,102,64,41" hai2="75,100,114,85,76,61,121,124,1,56,78,130,68" hai3="132,80,122,5,95,105,73,17,8,65,20,128,36"/><V24/><F121/><W38/><G122/><T115/><D108/><U126/><E111/><V26/><F75/><W32/><G32/><T90/><D115/><U25/><E116/><V11/><F114/><W35/><G35/><T21/><D71/><U123/><E102/><V27/><F68/><W55/><G105/><T101/><D117/><U120/><E64/><V58/><F130/><W81/><G128/><T6/><D90/><U42/><E129/><V50/><F124/><W103/><G132/><T28/><D83/><U10/><E133/><V89/><F100/><W96/><G65/><T79/><D79/><N who="2" m="30250" /><F1/><W72/><G72/><T82/><D82/><U69/><E69/><V39/><F39/><W44/><G73/><T62/><D104/><U49/><E126/><V74/><F74/><W53/><G38/><T16/><D106/><U98/><E31/><V12/><F50/><W7/><G53/><T70/><D28/><U93/><E49/><V54/><F54/><W60/><G36/><T112/><D112/><U3/><E120/><V119/><F61/><W59/><G44/><T110/><D62/><U66/><E66/><V23/><F23/><W77/><G77/><T91/><D22/><U63/><E63/><V57/><F119/><W86/><G86/><T131/><D131/><U118/><E118/><V19/><F27/><W92/><G103/><T67/><D70/><U109/><E123/><V2/><F2/><W84/><G60/><T13/><D0/><U135/><E135/><V134/><F134/><W37/><G37/><T46/><D110/><U40/><E109/><RYUUKYOKU ba="0,0" sc="218,-10,413,-10,263,30,106,-10" hai2="11,12,19,24,26,56,57,58,85,89" /><INIT seed="6,1,0,2,4,71" ten="208,403,293,96" oya="2" hai0="88,84,69,24,132,62,72,58,79,75,97,52,63" hai1="70,57,99,40,5,26,64,16,12,47,23,117,100" hai2="102,120,135,27,10,29,11,73,133,121,13,113,66" hai3="90,59,35,128,94,106,80,46,9,8,15,51,67"/><V6/><F73/><W17/><G128/><T20/><D132/><N who="2" m="50762" /><F102/><W65/><G106/><T39/><D39/><U126/><E70/><V107/><F107/><W30/><G35/><T49/><D79/><U37/><E126/><V32/><F66/><W93/><G30/><T98/><D75/><U110/><E110/><V77/><F77/><W28/><G28/><T83/><D72/><U85/><E85/><V34/><F113/><W92/><G59/><T103/><D69/><U124/><E124/><V50/><F50/><W74/><G74/><T25/><D25/><U96/><E117/><V86/><F86/><W76/><G76/><T42/><D42/><U68/><E68/><V43/><F43/><W41/><G80/><T81/><D83/><U60/><E100/><V122/><F11/><W108/><G108/><T36/><D36/><U78/><E78/><V111/><F111/><W7/><REACH who="3" step="1"/><G90/><REACH who="3" ten="208,403,293,86" step="2"/><T87/><D87/><U109/><E109/><V131/><F131/><W4/><G4/><T105/><D98/><U104/><E104/><V134/><F134/><W116/><G116/><T1/><D1/><AGARI ba="1,1" hai="1,7,8,9,15,17,41,46,51,65,67,92,93,94" machi="1" ten="40,1300,0" yaku="1,1,53,0" doraHai="71" doraHaiUra="127" who="3" fromWho="0" sc="208,-16,403,0,293,0,86,26" /><INIT seed="7,0,0,1,1,50" ten="192,403,293,112" oya="3" hai0="76,82,34,25,79,18,132,89,75,15,92,49,64" hai1="110,42,114,122,78,46,98,45,27,19,4,8,77" hai2="7,120,40,48,22,107,30,96,29,119,54,90,3" hai3="133,94,6,84,109,11,55,1,39,101,32,21,20"/><W65/><G32/><T126/><D126/><U88/><E110/><V38/><F119/><W105/><G39/><T86/><D132/><U71/><E71/><V28/><F38/><W93/><G133/><T70/><D70/><U24/><E122/><V128/><F128/><W13/><G109/><T5/><D34/><U51/><E114/><V135/><F120/><W121/><G121/><T87/><D64/><U112/><E112/><V53/><F3/><W127/><G127/><T37/><D37/><U106/><E45/><V66/><F66/><W103/><G65/><T97/><D49/><U60/><E60/><V125/><F125/><W80/><G105/><T31/><D31/><U62/><E62/><V57/><F40/><W61/><G1/><T56/><D56/><U130/><E130/><V74/><F74/><W111/><G111/><T99/><D75/><U85/><E98/><N who="0" m="37385" /><D25/><U0/><E27/><V16/><F7/><W91/><G103/><T83/><D5/><U68/><E68/><V23/><F107/><W43/><G101/><T81/><D79/><U9/><E9/><AGARI ba="0,0" hai="9,15,18,76,81,82,83,86,87,89,92" m="37385" machi="9" ten="30,1000,0" yaku="8,1" doraHai="50" who="0" fromWho="1" sc="192,10,403,-10,293,0,112,0" owari="202,-20.0,393,50.0,293,9.0,112,-39.0" /></mjloggm>