<mjloggm ver="2.3"><GO type="193" lobby="0"/><UN n0="%EF%BD%94%EF%BD%95%EF%BD%99%EF%BD%8F%EF%BD%93%EF%BD%88%EF%BD%89" n1="%E3%83%88%E3%83%88%E3%83%AA%E5%85%88%E7%94%9F%31%39%E6%AD%B3" n2="%E3%82%AF%E3%83%88%E3%82%A5" n3="%59%6F%72%6F%6B%6F" dan="12,10,12,13" rate="1691.65,1734.70,1733.55,1723.74" sx="M,F,M,F"/><TAIKYOKU oya="0"/><INIT seed="0,0,0,4,4,65" ten="250,250,250,250" oya="0" hai0="57,70,86,23,66,88,28,102,27,3,95,74,2" hai1="25,16,91,73,103,89,132,93,0,105,21,108,9" hai2="17,51,62,67,45,20,7,79,116,110,22,125,121" hai3="84,36,43,80,81,61,38,40,71,42,68,53,34"/><T104/><D74/><U120/><E120/><V92/><F121/><W39/><G34/><T64/><D66/><U75/><E108/><V112/><F112/><W106/><G106/><T107/><D57/><U50/><E132/><V129/><F116/><W94/><G94/><T44/><D44/><U29/><E91/><V15/><F125/><W30/><G30/><T135/><D135/><U37/><E37/><V111/><F129/><W24/><G24/><T115/><D115/><U118/><E118/><V31/><F79/><W97/><G97/><T6/><D6/><U8/><E103/><V76/><F76/><W100/><G100/><T113/><D113/><U47/><E105/><V85/><F85/><W18/><G18/><T5/><D5/><U87/><E0/><V14/><F7/><W77/><G81/><T117/><D117/><U124/><E124/><V12/><F92/><W78/><REACH who="3" step="1"/><G77/><REACH who="3" ten="250,250,250,240" step="2"/><T72/><D107/><U41/><E29/><V69/><F111/><W83/><G83/><T59/><D72/><U96/><E75/><V35/><F110/><W126/><G126/><T10/><D104/><U101/><E73/><V32/><F32/><W82/><G82/><T99/><D10/><N who="1" m="4203" /><E101/><V134/><F35/><W11/><G11/><T56/><D2/><U26/><E26/><V123/><F134/><W46/><G46/><T119/><D3/><U52/><E96/><V1/><F123/><W133/><G133/><T19/><D119/><U58/><E47/><V109/><F109/><W4/><G4/><T33/><D102/><U55/><E41/><V54/><F1/><RYUUKYOKU ba="0,1" sc="250,-30,250,10,250,10,240,10" hai1="16,21,25,50,52,55,58,87,89,93" hai2="12,14,15,17,20,22,31,45,51,54,62,67,69" hai3="36,38,39,40,42,43,53,61,68,71,78,80,84" /><INIT seed="1,1,1,5,2,98" ten="220,260,260,250" oya="1" hai0="124,54,1,29,36,79,129,104,119,49,9,78,68" hai1="43,90,100,51,10,21,73,82,67,126,101,16,31" hai2="120,125,116,111,106,134,123,56,25,110,103,94,35" hai3="32,4,113,58,2,74,42,60,131,7,108,122,39"/><U11/><E126/><V37/><F94/><W50/><G113/><T72/><D119/><U112/><E112/><V93/><F93/><W107/><G122/><T96/><D124/><U30/><E67/><V8/><F37/><W91/><G74/><T80/><D129/><U15/><E73/><V63/><F116/><W45/><G131/><T13/><D79/><U14/><E43/><V20/><F35/><W87/><G32/><T105/><D68/><U47/><E90/><V46/><F134/><W64/><G107/><T89/><D36/><U70/><E82/><V135/><F135/><W65/><G108/><T71/><D71/><U53/><E70/><V3/><F125/><W19/><G19/><T61/><D61/><U41/><E41/><V34/><F34/><W132/><G132/><T77/><D77/><U48/><E48/><V27/><F46/><W102/><G102/><N who="1" m="39530" /><E21/><V62/><F103/><W127/><G127/><T114/><D1/><U38/><E38/><V83/><F83/><W44/><G2/><T99/><D114/><U6/><AGARI ba="1,1" hai="6,10,11,14,15,16,30,31,47,51,53" m="39530" machi="6" ten="30,12000,1" yaku="8,1,52,3,54,1" doraHai="98" who="1" fromWho="1" sc="220,-41,260,133,260,-41,250,-41" /><INIT seed="1,2,0,0,2,27" ten="179,393,219,209" oya="1" hai0="86,64,126,44,52,92,81,100,79,93,123,19,101" hai1="98,48,9,39,94,33,67,114,96,31,65,29,20" hai2="45,85,88,41,105,15,78,72,42,40,59,1,103" hai3="118,5,25,132,99,13,62,60,111,51,127,104,117"/><U70/><E114/><V106/><F1/><W95/><G104/><T75/><D123/><U84/><E39/><V57/><F72/><W18/><G111/><T110/><D110/><U36/><E36/><V129/><F78/><W56/><G127/><T61/><D126/><U12/><E33/><V82/><F129/><W125/><G125/><T53/><D75/><U38/><E38/><V22/><F45/><W11/><G132/><T23/><D64/><N who="1" m="24651" /><E70/><V47/><F47/><W68/><G68/><T6/><D6/><N who="1" m="3127" /><E20/><V35/><F35/><W113/><G51/><N who="0" m="28775" /><D100/><N who="1" m="60439" /><E98/><V28/><F105/><W17/><G56/><N who="0" m="34959" /><D101/><U133/><E133/><V109/><F109/><W116/><G113/><T135/><D135/><U108/><E108/><V37/><F37/><W49/><G49/><T43/><D43/><U32/><E32/><V24/><F106/><W66/><G66/><T55/><D55/><U76/><E48/><V91/><F103/><W120/><G120/><T97/><D97/><U7/><E7/><V34/><F34/><W0/><G0/><T89/><D79/><U122/><E122/><V74/><F74/><W73/><G73/><T119/><D119/><U131/><E131/><V87/><F15/><AGARI ba="2,0" hai="15,19,23,81,86,89,92,93" m="34959,28775" machi="15" ten="30,2000,0" yaku="8,1,54,1" doraHai="27" who="0" fromWho="2" sc="179,26,393,0,219,-26,209,0" /><INIT seed="2,0,0,2,5,87" ten="205,393,193,209" oya="2" hai0="120,79,115,92,105,86,19,75,12,35,122,97,95" hai1="69,47,76,101,116,127,23,50,91,85,14,130,4" hai2="48,110,6,30,106,40,72,46,132,56,15,8,74" hai3="34,44,16,61,70,131,102,73,118,43,62,17,117"/><V98/><F132/><W108/><G73/><T25/><D115/><U54/><E116/><V78/><F110/><W112/><G108/><T55/><D105/><U94/><E69/><V28/><F74/><W88/><G112/><T82/><D75/><U104/><E130/><V135/><F72/><W109/><G109/><T42/><D42/><U81/><E127/><V107/><F78/><W71/><G34/><T84/><D84/><U20/><E101/><V113/><F113/><W63/><G102/><T21/><D95/><U29/><E104/><V10/><F135/><W0/><G0/><T22/><D35/><U93/><E93/><V59/><F106/><W38/><G131/><T103/><D120/><U7/><E29/><V124/><F124/><W11/><G118/><T31/><D122/><U83/><E83/><V111/><F111/><W89/><G117/><T119/><D119/><U77/><E77/><V1/><F107/><W58/><G58/><T114/><D114/><U13/><E13/><V99/><F59/><W45/><G11/><T36/><D36/><U2/><E2/><V37/><F37/><W3/><G3/><T5/><D5/><N who="1" m="2123" /><E14/><V125/><F125/><W100/><G100/><T80/><D80/><U51/><E51/><V49/><F30/><W57/><G57/><T90/><REACH who="0" step="1"/><D55/><REACH who="0" ten="195,393,193,209" step="2"/><U123/><E123/><V41/><F40/><W68/><REACH who="3" step="1"/><G44/><REACH who="3" ten="195,393,193,199" step="2"/><T33/><D33/><U32/><E32/><V133/><F133/><W60/><N who="3" m="15872" /><DORA hai="126" /><W65/><G65/><T96/><D96/><AGARI ba="0,2" hai="20,23,47,50,54,76,81,85,91,94,96" m="2123" machi="96" ten="30,2000,0" yaku="8,1,52,1" doraHai="87,126" who="1" fromWho="0" sc="195,-20,393,40,193,0,199,0" /><INIT seed="3,0,0,2,4,24" ten="175,433,193,199" oya="3" hai0="52,27,94,101,60,115,37,50,125,108,78,81,39" hai1="44,1,68,75,69,59,41,13,35,7,107,19,79" hai2="105,118,12,21,0,32,36,17,55,102,4,123,63" hai3="96,133,97,121,10,38,127,28,40,91,57,66,16"/><W84/><G121/><T18/><D108/><U46/><E107/><V6/><F36/><W58/><G127/><T67/><D125/><U74/><E35/><V11/><F123/><W20/><G133/><T99/><D115/><U30/><E30/><V61/><F118/><W111/><G111/><T92/><D94/><U83/><E74/><V34/><F105/><W2/><G2/><T86/><D18/><U120/><E59/><V5/><F102/><W116/><G116/><T64/><D39/><N who="1" m="21567" /><E46/><V72/><F72/><W129/><G129/><T49/><D37/><U114/><E114/><V47/><F0/><W29/><G10/><T110/><D110/><U131/><E131/><V73/><F73/><W89/><G40/><T134/><D134/><U122/><E69/><V109/><F109/><W90/><G38/><T85/><D64/><U31/><E31/><N who="3" m="11850" /><G84/><T51/><D27/><U93/><E68/><V103/><F103/><W124/><G124/><T126/><D126/><U53/><E1/><V42/><F11/><W128/><G128/><T104/><D104/><U80/><E122/><V45/><F34/><W113/><G113/><T119/><D119/><U130/><E120/><V65/><F32/><W3/><G3/><T48/><D86/><U76/><E130/><V15/><F15/><N who="3" m="9247" /><G57/><T62/><REACH who="0" step="1"/><D67/><REACH who="0" ten="165,433,193,199" step="2"/><U87/><E75/><V112/><F65/><W43/><G43/><T9/><D9/><U8/><E8/><V98/><F112/><W22/><G22/><T33/><D33/><U106/><E106/><V82/><F17/><W26/><G26/><T135/><D135/><RYUUKYOKU ba="0,1" sc="165,15,433,-15,193,-15,199,15" hai0="48,49,50,51,52,60,62,78,81,85,92,99,101" hai3="58,66,89,90,91,96,97" /><INIT seed="3,1,1,1,5,35" ten="180,418,178,214" oya="3" hai0="129,31,51,57,58,92,29,65,76,18,21,106,113" hai1="130,17,100,128,84,20,50,23,95,117,73,86,37" hai2="112,94,0,56,26,125,135,66,88,98,116,47,22" hai3="9,99,3,80,83,33,1,48,59,67,64,109,60"/><W101/><G33/><T104/><D129/><N who="1" m="49771" /><E37/><V15/><F125/><W42/><G9/><T79/><D113/><U124/><E73/><V126/><F126/><W10/><G10/><T45/><D106/><U63/><E124/><V93/><F116/><W122/><G122/><T46/><D104/><U107/><E107/><V132/><F112/><W32/><G32/><T87/><D76/><U77/><E117/><V38/><F15/><W105/><G67/><T14/><D58/><U133/><E133/><N who="2" m="51275" /><F0/><W68/><G109/><T69/><D69/><U91/><E100/><N who="2" m="60495" /><F66/><W49/><G48/><T27/><D31/><U103/><E103/><V11/><F56/><W114/><G114/><T115/><D115/><U75/><E75/><V74/><F11/><W108/><G108/><T39/><D39/><U85/><E77/><V28/><F74/><W82/><REACH who="3" step="1"/><G59/><REACH who="3" ten="180,418,178,204" step="2"/><T123/><D123/><U131/><E50/><V4/><F4/><W19/><G19/><T54/><D65/><U25/><E131/><V13/><F38/><W90/><G90/><T12/><D79/><U40/><E17/><V97/><F47/><AGARI ba="1,2" hai="1,3,42,47,49,60,64,68,80,82,83,99,101,105" machi="47" ten="40,7700,0" yaku="1,1,52,2,53,0" doraHai="35" doraHaiUra="72" who="3" fromWho="2" sc="180,0,418,0,178,-80,204,100" /><INIT seed="3,2,0,0,0,108" ten="180,418,98,304" oya="3" hai0="55,132,134,125,97,42,49,116,131,22,86,96,45" hai1="102,69,75,46,117,93,28,80,59,17,62,120,107" hai2="127,73,101,70,135,99,33,74,122,48,76,129,16" hai3="54,94,13,88,111,24,66,21,6,67,114,15,90"/><W7/><G114/><T52/><D116/><U30/><E120/><V60/><F33/><W37/><G37/><T11/><D11/><U109/><E69/><V92/><F122/><W124/><G124/><T77/><D125/><U50/><E107/><V39/><F39/><W26/><G111/><T34/><D34/><U115/><E115/><V68/><F129/><W23/><G54/><T31/><D131/><U40/><E109/><V85/><F135/><W81/><G81/><T9/><D9/><U128/><E128/><V35/><F35/><W10/><G10/><T100/><D97/><N who="1" m="59695" /><E75/><V65/><F127/><W123/><G94/><T121/><D121/><AGARI ba="2,0" hai="6,7,13,15,21,23,24,26,66,67,88,90,121,123" machi="121" ten="25,4800,0" yaku="22,2,54,1" doraHai="108" who="3" fromWho="0" sc="180,-54,418,0,98,0,304,54" /><INIT seed="3,3,0,1,3,55" ten="126,418,98,358" oya="3" hai0="40,112,29,18,121,88,52,87,20,107,30,115,39" hai1="134,96,124,128,42,46,71,64,45,16,69,109,90" hai2="60,44,72,68,15,19,77,26,59,94,7,23,9" hai3="125,97,126,133,78,120,81,106,104,2,34,11,62"/><W3/><G120/><T56/><D107/><U0/><E0/><V129/><F129/><W35/><G133/><T67/><D121/><U116/><E134/><V17/><F72/><N who="3" m="43207" /><G62/><T98/><D98/><U110/><E128/><V1/><F77/><W70/><G70/><N who="1" m="26634" /><E64/><V74/><F74/><W92/><G92/><T25/><D39/><N who="1" m="21727" /><E46/><V135/><F68/><W57/><G57/><T63/><D40/><U100/><E90/><V127/><F127/><N who="3" m="48651" /><G11/><T102/><D102/><U105/><E124/><V95/><F135/><W91/><G91/><T58/><D115/><U24/><E116/><V79/><F79/><W111/><G111/><N who="1" m="42506" /><E24/><V89/><F44/><W76/><G76/><T21/><D112/><U54/><E54/><V14/><F1/><N who="3" m="11" /><G97/><T48/><REACH who="0" step="1"/><D21/><REACH who="0" ten="116,418,98,358" step="2"/><U50/><E96/><V32/><F32/><AGARI ba="3,1" hai="32,34,35,104,106" m="11,48651,43207" machi="32" ten="40,3900,0" yaku="18,1,23,1" doraHai="55" who="3" fromWho="2" sc="116,0,418,0,98,-48,358,58" /><INIT seed="3,4,0,2,3,89" ten="116,418,50,416" oya="3" hai0="97,85,52,88,104,40,36,29,25,2,60,61,114" hai1="41,3,65,69,116,107,108,134,51,80,8,100,93" hai2="106,95,35,28,111,56,18,22,126,99,5,14,121" hai3="58,117,12,0,53,11,123,101,78,54,45,48,32"/><W17/><G117/><T62/><D114/><U55/><E107/><V19/><F106/><W23/><G123/><T71/><D2/><U1/><E116/><V38/><F38/><W34/><G78/><T79/><D79/><U87/><E41/><V131/><F121/><W109/><G109/><T43/><D71/><U129/><E108/><V113/><F126/><W81/><G81/><T120/><D120/><U21/><E129/><V72/><F113/><W67/><G67/><T49/><D36/><U118/><E118/><V112/><F72/><W9/><G11/><T102/><D29/><U16/><E134/><V92/><F112/><W84/><G84/><T83/><REACH who="0" step="1"/><D25/><REACH who="0" ten="106,418,50,416" step="2"/><U68/><E68/><V76/><F131/><W13/><G0/><T57/><AGARI ba="4,1" hai="40,43,49,52,57,60,61,62,83,85,88,97,102,104" machi="57" ten="30,8000,1" yaku="1,1,2,1,0,1,54,2,53,0" doraHai="89" doraHaiUra="130" who="0" fromWho="0" sc="106,102,418,-24,50,-24,416,-44" owari="208,-19.0,394,49.0,26,-47.0,372,17.0" /></mjloggm>