<mjloggm ver="2.3"><GO type="169" lobby="0"/><UN n0="%66%75%6B%75%30%32" n1="%E3%82%A6%E3%83%AB%E3%83%88%E3%83%A9%E7%AB%8B%E7%9B%B4" n2="%63%68%72%6F%75%73%61" n3="%74%61%6E%61%4B%61" dan="17,16,16,16" rate="2101.03,2094.70,2140.53,2121.23" sx="M,M,M,M"/><TAIKYOKU oya="0"/><INIT seed="0,0,0,4,1,13" ten="250,250,250,250" oya="0" hai0="23,32,9,42,15,120,130,119,103,85,100,25,78" hai1="19,61,39,14,88,36,115,118,107,117,77,68,72" hai2="0,84,41,125,126,17,99,87,73,38,92,104,33" hai3="58,31,53,37,21,3,50,122,128,2,35,48,129"/><T26/><D119/><U27/><E107/><V83/><F33/><W29/><G37/><T98/><D120/><U76/><E115/><V54/><F0/><W63/><G35/><T30/><D130/><N who="3" m="50281" /><G122/><T64/><D42/><U132/><E132/><V66/><F66/><W11/><G11/><T134/><D134/><U74/><E27/><V89/><F38/><W40/><G40/><T94/><D64/><U57/><E68/><V93/><F54/><W65/><G48/><T101/><D85/><U44/><E44/><V86/><F41/><W80/><G80/><T81/><D81/><U47/><E47/><V28/><F28/><N who="3" m="10827" /><G21/><T102/><D78/><U1/><E76/><N who="2" m="44431" /><F17/><W116/><G116/><T12/><REACH who="0" step="1"/><D9/><REACH who="0" ten="240,250,250,250" step="2"/><U123/><E118/><V96/><F104/><W55/><G53/><T105/><D105/><U109/><E117/><V34/><F34/><W91/><G65/><T79/><D79/><U43/><E77/><V60/><F84/><W67/><G67/><T124/><D124/><U70/><E43/><V51/><F86/><W49/><G55/><T113/><D113/><U90/><E36/><V69/><F87/><W5/><G63/><T110/><D110/><U59/><E109/><V127/><F127/><W62/><G62/><T108/><D108/><U106/><E61/><V111/><F60/><W82/><G82/><T45/><D45/><U97/><E39/><V8/><F126/><W18/><G50/><T7/><D7/><U6/><E6/><V4/><F111/><W131/><G5/><T75/><D75/><U16/><E74/><V114/><F125/><RYUUKYOKU ba="0,1" sc="240,30,250,-10,250,-10,250,-10" hai0="12,15,23,25,26,30,32,94,98,100,101,102,103" /><INIT seed="0,1,1,4,3,73" ten="270,240,240,240" oya="0" hai0="38,107,117,35,91,84,66,23,93,3,79,100,135" hai1="4,114,123,27,108,21,1,109,24,76,26,47,72" hai2="115,129,53,101,55,120,126,0,17,29,14,20,95" hai3="36,45,37,121,56,83,74,11,30,59,104,41,54"/><T6/><D35/><U8/><E123/><V127/><F120/><W111/><G121/><T128/><D117/><U94/><E94/><V61/><F115/><W43/><G104/><T106/><D38/><U51/><E114/><V57/><F0/><W132/><G111/><N who="1" m="42570" /><E72/><V87/><F129/><W9/><G132/><T118/><D128/><U71/><E71/><V70/><F70/><W119/><G119/><T28/><D118/><U69/><E76/><V131/><F29/><W7/><G30/><T130/><D135/><U12/><E69/><V88/><F131/><W25/><G25/><T86/><D130/><U90/><E90/><V48/><REACH who="2" step="1"/><F101/><REACH who="2" ten="270,240,230,240" step="2"/><W134/><G134/><T125/><D100/><U63/><E1/><V97/><F97/><W52/><G7/><T39/><D6/><U22/><E63/><V16/><F16/><W62/><G74/><T80/><D3/><U92/><E4/><V33/><F33/><W64/><G62/><T82/><D28/><U49/><E22/><V89/><F89/><W18/><G18/><T68/><D23/><U19/><E21/><V13/><F13/><W32/><G32/><T96/><D68/><U46/><E27/><V5/><F5/><W31/><G31/><T34/><D34/><U102/><E26/><V78/><F78/><W99/><G99/><T44/><D96/><N who="1" m="59655" /><E24/><V2/><F2/><W122/><G122/><T81/><D91/><U77/><E77/><V42/><F42/><W133/><G133/><T65/><D79/><U98/><E98/><V124/><F124/><W50/><G41/><T112/><D125/><RYUUKYOKU ba="1,2" sc="270,-15,240,15,230,15,240,-15" hai1="8,12,19,46,47,49,51" hai2="14,17,20,48,53,55,57,61,87,88,95,126,127" /><INIT seed="1,2,2,4,0,115" ten="255,255,245,225" oya="1" hai0="111,13,129,2,32,52,70,107,92,65,123,60,18" hai1="69,93,54,96,118,50,67,45,103,99,128,86,31" hai2="91,98,100,15,46,81,64,124,39,74,10,85,23" hai3="36,127,90,44,47,12,126,61,119,42,27,132,30"/><U28/><E128/><V83/><F124/><N who="3" m="47659" /><G132/><T125/><D107/><U106/><E86/><V75/><F64/><W131/><G131/><T84/><D125/><U33/><E118/><V116/><F116/><W5/><G119/><T58/><D129/><U7/><E7/><V35/><F35/><N who="3" m="20959" /><G47/><T1/><D32/><U55/><E33/><V97/><F97/><W88/><G61/><T80/><D92/><U6/><E6/><V21/><F39/><W120/><G120/><T16/><D111/><U56/><E67/><V135/><F135/><W102/><G102/><T109/><D109/><U24/><E69/><V73/><F46/><W95/><G95/><T71/><D123/><U25/><E31/><V113/><F81/><W117/><G117/><T19/><D13/><U37/><E28/><V101/><F113/><W110/><G110/><T29/><D29/><U122/><E122/><V43/><F101/><W108/><G108/><T121/><D121/><U79/><E79/><V49/><F100/><W40/><G40/><T59/><D71/><U68/><E68/><V63/><F63/><W112/><G112/><T87/><D70/><U14/><E37/><V34/><F43/><W8/><AGARI ba="2,2" hai="5,8,12,36,42,44,88,90" m="20959,47659" machi="8" ten="30,2000,0" yaku="18,1,54,1" doraHai="115" who="3" fromWho="3" sc="255,-7,255,-12,245,-7,225,46" /><INIT seed="2,0,0,3,5,104" ten="248,243,238,271" oya="2" hai0="126,24,73,48,116,4,122,77,0,31,54,76,23" hai1="127,99,7,3,118,20,91,65,17,40,74,114,84" hai2="38,90,67,52,115,28,81,39,5,70,30,109,60" hai3="34,9,130,129,89,135,112,94,25,85,79,29,57"/><V78/><F115/><W131/><G135/><T42/><D122/><U61/><E114/><V83/><F5/><W107/><G107/><T95/><D126/><U66/><E118/><V101/><F101/><W22/><G112/><T92/><D116/><U13/><E127/><V133/><F133/><W123/><G123/><T113/><D113/><U80/><E74/><V120/><F120/><W117/><G117/><T96/><D42/><U18/><E3/><V93/><F109/><W108/><G108/><T21/><D21/><U69/><E7/><V128/><F128/><W36/><G36/><T62/><D62/><U12/><E40/><V45/><F38/><W102/><G102/><T27/><D27/><U1/><E1/><V105/><F105/><W51/><G9/><T59/><D73/><U68/><E99/><V97/><F83/><W16/><G79/><T100/><REACH who="0" step="1"/><D95/><REACH who="0" ten="238,243,238,271" step="2"/><U125/><E125/><V49/><REACH who="2" step="1"/><F39/><REACH who="2" ten="238,243,228,271" step="2"/><W111/><G111/><T33/><D33/><U10/><E80/><V106/><F106/><W26/><G130/><T88/><D88/><U119/><E91/><V75/><AGARI ba="0,2" hai="28,30,45,49,52,60,67,70,75,78,81,90,93,97" machi="75" ten="20,18000,2" yaku="1,1,0,1,7,1,52,1,54,1,53,1" doraHai="104" doraHaiUra="72" who="2" fromWho="2" sc="238,-60,243,-60,228,200,271,-60" /><INIT seed="2,1,0,3,5,55" ten="178,183,428,211" oya="2" hai0="68,89,10,48,106,99,113,9,6,20,126,11,24" hai1="93,84,57,49,91,110,97,83,73,60,50,58,72" hai2="119,70,71,80,114,65,12,13,23,15,95,64,45" hai3="29,28,33,67,63,112,122,44,27,90,69,25,133"/><V88/><F114/><W46/><G122/><T47/><D113/><U18/><E110/><V101/><F45/><W36/><G133/><T76/><D68/><U62/><E18/><V92/><F23/><W31/><G112/><T5/><D126/><U120/><E120/><V86/><F119/><W78/><G78/><T104/><D76/><N who="1" m="46183" /><E73/><V19/><F19/><W128/><G128/><T79/><D79/><U129/><E72/><V37/><F37/><W134/><G134/><T75/><D75/><U30/><E30/><V61/><REACH who="2" step="1"/><F101/><REACH who="2" ten="178,183,418,211" step="2"/><W1/><G46/><T94/><D5/><U0/><E0/><V21/><F21/><W135/><G1/><T52/><REACH who="0" step="1"/><D6/><REACH who="0" ten="168,183,418,211" step="2"/><U35/><E129/><V102/><F102/><W17/><G135/><T109/><D109/><U74/><E74/><V54/><F54/><W115/><G115/><T66/><D66/><N who="1" m="39183" /><E35/><V2/><F2/><W7/><G33/><T131/><D131/><U130/><E130/><V22/><F22/><W111/><G7/><T81/><D81/><U41/><E41/><V8/><F8/><W98/><G111/><T38/><D38/><U14/><E14/><V82/><F82/><W59/><G36/><T118/><D118/><U85/><E93/><V123/><F123/><W87/><G67/><T121/><D121/><U77/><E77/><V16/><F16/><AGARI ba="1,2" hai="9,10,11,16,20,24,47,48,52,89,94,99,104,106" machi="16" ten="40,5200,0" yaku="1,1,54,2,53,0" doraHai="55" doraHaiUra="105" who="0" fromWho="2" sc="168,75,183,0,418,-55,211,0" /><INIT seed="3,0,0,1,4,133" ten="243,183,363,211" oya="3" hai0="74,39,83,1,34,91,98,32,3,63,65,40,88" hai1="80,43,71,134,68,94,67,97,30,46,35,19,17" hai2="24,108,37,59,110,130,6,54,72,75,44,115,119" hai3="78,77,52,47,85,64,49,102,23,129,31,9,84"/><W82/><G129/><T122/><D122/><U25/><E134/><V112/><F6/><W90/><G64/><T120/><D120/><U0/><E0/><V62/><F24/><N who="3" m="16799" /><G102/><T113/><D113/><U29/><E29/><V76/><F76/><N who="3" m="46151" /><G9/><T116/><D116/><U99/><E80/><AGARI ba="0,0" hai="47,49,52,77,78,80,85,90" m="46151,16799" machi="80" ten="30,2900,0" yaku="8,1,54,1" doraHai="133" who="3" fromWho="1" sc="243,0,183,-29,363,0,211,29" /><INIT seed="3,1,0,0,4,127" ten="243,154,363,240" oya="3" hai0="82,126,71,18,119,130,60,70,61,47,84,4,107" hai1="42,51,9,19,80,77,46,21,0,105,128,123,100" hai2="125,10,38,109,108,106,45,30,28,12,14,31,52" hai3="131,11,40,89,118,3,117,44,91,103,27,111,112"/><W53/><G112/><T29/><D119/><U26/><E123/><V58/><F106/><W6/><G103/><T32/><D107/><U133/><E133/><V67/><F67/><W7/><G111/><N who="2" m="42569" /><F125/><W95/><G53/><T120/><D126/><U49/><E100/><V83/><F83/><W36/><G131/><T73/><D120/><U135/><E105/><V5/><F45/><W50/><G91/><T17/><D73/><U92/><E92/><V93/><F38/><W98/><G50/><T54/><D4/><U65/><E65/><V37/><F93/><W104/><G104/><T75/><D75/><U24/><E135/><V20/><F37/><W59/><G59/><T96/><D96/><U78/><E128/><V99/><F99/><W63/><G63/><T68/><D130/><U129/><E129/><V62/><F20/><W90/><G6/><T55/><D47/><U97/><E97/><V113/><F113/><W81/><REACH who="3" step="1"/><G27/><REACH who="3" ten="243,154,363,230" step="2"/><T121/><D121/><U41/><E26/><V101/><F101/><W115/><G115/><T72/><D61/><U57/><E57/><V132/><F132/><W66/><G66/><T114/><D60/><U35/><E51/><V8/><F5/><W94/><G94/><T124/><D114/><U1/><E49/><V86/><F62/><W25/><G25/><T69/><D124/><U33/><E24/><V22/><F58/><W43/><G43/><T88/><D71/><U122/><E42/><V64/><F64/><W85/><AGARI ba="1,1" hai="3,7,11,36,40,44,81,85,89,90,95,98,117,118" machi="85" ten="30,3000,0" yaku="1,1,0,1,53,0" doraHai="127" doraHaiUra="13" who="3" fromWho="3" sc="243,-11,154,-11,363,-11,230,43" /><INIT seed="3,2,0,2,0,7" ten="232,143,352,273" oya="3" hai0="92,123,118,47,130,117,113,88,63,65,16,89,43" hai1="14,30,68,73,121,82,59,24,100,32,56,18,115" hai2="107,95,27,120,116,119,31,40,85,36,37,126,23" hai3="22,46,50,110,21,33,69,62,125,44,2,86,54"/><W52/><G33/><T28/><D123/><U58/><E121/><V41/><F107/><W124/><G2/><T81/><D130/><U6/><E68/><V98/><F120/><W17/><G110/><T13/><D28/><U49/><E115/><V19/><F126/><N who="3" m="48747" /><G86/><T39/><D81/><U5/><E100/><V79/><F85/><W80/><G80/><T105/><D105/><U60/><E60/><V102/><F79/><W132/><G132/><T101/><D101/><U26/><E26/><V97/><F97/><W48/><G17/><T93/><D113/><U11/><REACH who="1" step="1"/><E49/><REACH who="1" ten="232,133,352,273" step="2"/><V77/><F102/><W108/><G108/><T66/><D63/><U53/><E53/><V84/><F37/><W55/><G69/><T131/><D65/><U96/><E96/><V129/><F36/><W72/><G72/><T0/><D66/><U106/><E106/><V12/><F98/><W20/><G62/><T1/><D39/><U127/><E127/><V10/><F27/><W122/><G122/><T128/><D128/><U134/><E134/><V78/><F129/><W114/><G114/><T57/><D131/><U104/><E104/><V25/><F25/><W4/><G4/><T111/><D111/><U51/><E51/><AGARI ba="2,1" hai="20,21,22,44,46,48,50,51,52,54,55" m="48747" machi="51" ten="40,12000,1" yaku="28,2,18,1,54,1" doraHai="7" who="3" fromWho="1" sc="232,0,133,-126,352,0,273,136" /><INIT seed="3,3,0,3,5,126" ten="232,7,352,409" oya="3" hai0="16,26,77,6,67,96,1,130,80,44,71,94,111" hai1="57,120,134,48,15,4,53,58,40,132,100,0,65" hai2="17,46,128,83,45,33,76,9,109,39,117,30,98" hai3="73,87,105,95,112,56,21,3,63,37,127,19,7"/><W75/><G105/><T108/><D130/><U79/><E120/><V32/><F128/><W60/><G37/><T125/><D125/><U5/><E40/><V107/><F109/><N who="0" m="42058" /><D44/><U22/><E100/><V85/><F30/><W106/><G106/><T18/><D26/><U81/><E0/><V25/><F25/><W97/><G112/><T51/><D51/><U52/><E65/><V38/><F46/><W123/><G123/><T101/><D6/><U121/><E121/><V104/><F104/><W88/><G63/><N who="0" m="40447" /><D1/><U12/><E12/><V61/><F45/><W74/><G127/><T14/><D14/><U59/><E59/><V20/><F39/><W86/><G7/><T90/><D101/><U129/><E129/><V124/><F38/><W122/><G3/><T8/><D8/><U36/><E36/><V43/><F9/><W68/><G68/><T119/><D119/><U24/><E15/><V27/><F27/><N who="3" m="14783" /><G122/><T55/><D55/><AGARI ba="3,0" hai="55,56,60,73,74,75,86,87,88,95,97" m="14783" machi="55" ten="30,2900,0" yaku="25,1,54,1" doraHai="126" who="3" fromWho="0" sc="232,-38,7,0,352,0,409,38" /><INIT seed="3,4,0,2,1,26" ten="194,7,352,447" oya="3" hai0="49,70,1,131,22,88,123,69,61,5,47,72,127" hai1="66,2,0,60,115,53,18,89,12,86,56,82,125" hai2="52,100,21,130,44,99,76,117,16,74,11,68,83" hai3="42,6,30,122,57,109,78,105,40,71,87,118,13"/><W116/><G122/><T77/><D123/><U104/><E104/><V54/><F117/><W97/><G71/><T133/><D133/><U55/><E115/><V108/><F108/><W110/><G57/><T37/><D127/><U124/><E0/><V59/><F130/><W10/><G30/><T85/><D131/><U80/><E2/><V3/><F68/><W93/><G105/><T27/><D37/><U28/><E28/><V121/><F121/><W113/><G113/><T92/><D61/><U128/><E128/><V8/><F3/><W31/><G31/><T98/><D72/><U81/><E125/><V43/><F43/><N who="3" m="16427" /><G87/><T103/><D77/><U46/><E124/><V94/><F44/><W135/><G78/><T73/><D73/><U114/><E114/><V19/><F54/><N who="1" m="20489" /><E46/><V62/><REACH who="2" step="1"/><F19/><REACH who="2" ten="194,7,342,447" step="2"/><W51/><G118/><T48/><D70/><U134/><E134/><V65/><F65/><W35/><G135/><T112/><D69/><U15/><E18/><V102/><F102/><N who="3" m="60719" /><G116/><T75/><D112/><U14/><AGARI ba="4,1" hai="12,14,15,56,60,66,80,81,82,86,89" m="20489" machi="14" ten="30,1100,0" yaku="8,1" doraHai="26" who="1" fromWho="1" sc="194,-7,7,33,342,-7,447,-9" /><INIT seed="4,0,0,3,3,1" ten="187,40,335,438" oya="0" hai0="38,112,90,86,35,67,76,10,3,15,50,53,121" hai1="120,36,62,82,5,129,124,60,77,44,80,111,94" hai2="30,18,31,113,93,128,22,69,103,7,83,2,39" hai3="71,125,132,73,21,68,34,70,58,28,110,66,24"/><T87/><D121/><U95/><E111/><V107/><F69/><W105/><G110/><T49/><D38/><U9/><E120/><V61/><F39/><W96/><G73/><T123/><D123/><U130/><E124/><V65/><F107/><W37/><G37/><T45/><D35/><U74/><E82/><V134/><F113/><W131/><G125/><T122/><D122/><U106/><E106/><V19/><F19/><W119/><G119/><T79/><D3/><N who="1" m="191" /><E95/><V72/><F134/><W33/><G132/><T64/><D112/><U56/><E94/><V63/><F128/><N who="1" m="49257" /><E56/><V4/><F2/><W51/><G131/><T108/><D108/><U88/><E88/><V46/><F46/><W13/><G105/><T115/><D115/><U91/><E91/><V23/><F83/><W14/><G96/><T92/><D86/><U40/><AGARI ba="0,0" hai="36,40,44,60,62,74,77,80" m="49257,191" machi="40" ten="30,4000,0" yaku="25,1,19,1,52,1" doraHai="1" who="1" fromWho="1" sc="187,-20,40,40,335,-10,438,-10" /><INIT seed="5,0,0,4,0,9" ten="167,80,325,428" oya="1" hai0="87,91,30,107,7,101,53,104,110,42,65,14,56" hai1="82,44,79,11,113,10,123,85,43,130,100,131,46" hai2="31,109,27,20,94,12,47,76,48,89,114,1,40" hai3="112,32,108,37,51,81,106,23,83,116,105,69,29"/><U84/><E123/><V120/><F109/><W64/><G108/><T117/><D110/><U58/><E113/><V124/><F124/><W24/><G112/><T99/><D117/><U2/><E100/><V60/><F120/><W90/><G51/><T75/><D75/><U129/><E2/><V34/><F1/><W45/><G23/><T74/><D74/><U38/><E46/><V59/><F76/><W63/><G83/><T16/><D42/><U6/><E6/><V98/><F114/><W25/><G25/><T86/><D30/><U78/><REACH who="1" step="1"/><E58/><REACH who="1" ten="167,70,325,428" step="2"/><V18/><F59/><W3/><G3/><T41/><D7/><U135/><E135/><V132/><F132/><W36/><G45/><T95/><D41/><U122/><E122/><V0/><F0/><W73/><G116/><T4/><D4/><U54/><E54/><V111/><F111/><W52/><G52/><T22/><D65/><U72/><E72/><V39/><F47/><W67/><G73/><T8/><D53/><U77/><E77/><V55/><F55/><W121/><G67/><T70/><D56/><U33/><E33/><V57/><F34/><W126/><G121/><T50/><D70/><U133/><E133/><V5/><F5/><W68/><G69/><T13/><D101/><U115/><E115/><V127/><F40/><W134/><G134/><T96/><D107/><U17/><E17/><V92/><F18/><W128/><G106/><T118/><D104/><U26/><E26/><V103/><F27/><W15/><G105/><T93/><D16/><U49/><E49/><V88/><F48/><RYUUKYOKU ba="0,1" sc="167,-10,70,30,325,-10,428,-10" hai1="10,11,38,43,44,78,79,82,84,85,129,130,131" /><INIT seed="5,1,1,3,0,29" ten="157,100,315,418" oya="1" hai0="79,61,129,133,130,120,103,122,42,135,20,74,105" hai1="56,125,113,3,57,107,62,22,50,128,131,48,96" hai2="76,44,0,132,117,21,71,115,5,54,13,43,112" hai3="14,102,101,123,58,19,7,10,100,94,95,46,134"/><U70/><E3/><V106/><F106/><W28/><G123/><N who="0" m="47147" /><D42/><U124/><E107/><V27/><F117/><W32/><G134/><N who="0" m="51211" /><D20/><U116/><E116/><V66/><F76/><W64/><G46/><T36/><D61/><U23/><E96/><V11/><F54/><W88/><G32/><T8/><D8/><U65/><E23/><V24/><F132/><W39/><G28/><T86/><D36/><U53/><E22/><V37/><F66/><W75/><G75/><T82/><D86/><U60/><E113/><N who="2" m="43595" /><F71/><W15/><G39/><T121/><N who="0" m="47155" /><T127/><DORA hai="49" /><D127/><N who="1" m="48715" /><E50/><V18/><AGARI ba="1,1" hai="0,5,11,13,18,21,24,27,37,43,44" m="43595" machi="18" ten="30,2000,0" yaku="15,1,11,1" doraHai="29,49" who="2" fromWho="2" sc="157,-6,100,-11,315,33,418,-6" /><INIT seed="6,0,0,0,0,56" ten="151,89,348,412" oya="2" hai0="53,61,72,31,90,115,123,37,3,5,69,32,134" hai1="24,40,9,135,48,65,66,21,6,54,88,117,51" hai2="129,119,55,120,44,87,101,13,110,64,39,2,99" hai3="67,92,96,91,62,10,104,125,106,128,103,58,45"/><V16/><F2/><W85/><G125/><T126/><RYUUKYOKU type="yao9" ba="0,0" sc="151,0,89,0,348,0,412,0" hai0="3,5,31,32,37,53,61,69,72,90,115,123,126,134" /><INIT seed="6,1,0,0,2,109" ten="151,89,348,412" oya="2" hai0="116,21,42,33,84,14,118,103,53,28,23,106,134" hai1="85,121,74,99,123,45,92,124,94,13,36,59,119" hai2="40,63,83,60,129,39,64,79,30,72,26,104,73" hai3="17,66,15,49,5,86,71,51,37,101,20,35,114"/><V48/><F129/><W16/><G35/><T80/><D33/><U47/><E45/><N who="2" m="23711" /><F60/><W76/><G37/><T97/><D42/><N who="1" m="22983" /><E119/><N who="0" m="45609" /><D134/><U27/><E27/><V18/><F18/><W70/><G5/><T122/><D122/><N who="1" m="46603" /><E74/><N who="2" m="43511" /><F48/><W68/><G101/><T2/><D2/><U11/><E59/><V52/><F52/><W117/><G117/><T3/><D3/><U19/><E124/><V57/><F57/><W78/><G66/><T25/><D53/><U8/><E85/><V126/><F104/><W112/><G17/><N who="0" m="10423" /><D84/><U113/><E11/><V120/><F126/><W44/><G51/><T58/><D58/><U61/><E61/><V90/><F120/><W132/><G132/><T4/><D4/><U115/><E94/><V32/><F90/><AGARI ba="1,0" hai="8,13,19,90,92,99,113,115" m="46603,22983" machi="90" ten="30,3900,0" yaku="13,1,52,2" doraHai="109" who="1" fromWho="2" sc="151,0,89,42,348,-42,412,0" /><INIT seed="7,0,0,4,5,35" ten="151,131,306,412" oya="3" hai0="103,33,121,52,8,132,45,55,20,72,16,89,14" hai1="74,123,39,11,32,2,134,28,84,131,128,106,75" hai2="82,1,49,88,87,91,85,25,124,86,67,51,79" hai3="63,29,95,18,48,36,119,21,47,26,97,98,24"/><W42/><G119/><T81/><D121/><U27/><E123/><V34/><F124/><W108/><G108/><T46/><D33/><U61/><E106/><V113/><F113/><W93/><G63/><T40/><D132/><U126/><E126/><V94/><F67/><W78/><G78/><T127/><D127/><U41/><E84/><V118/><F118/><W70/><G70/><T73/><D103/><U115/><E61/><V102/><F102/><N who="3" m="60719" /><G36/><T117/><D117/><U9/><E115/><V104/><F104/><W66/><G66/><T38/><D20/><U71/><E11/><V133/><F133/><W69/><G69/><T90/><D55/><U4/><E71/><V50/><F34/><W6/><G6/><T76/><REACH who="0" step="1"/><D73/><REACH who="0" ten="141,131,306,412" step="2"/><N who="1" m="27659" /><E134/><V44/><F25/><N who="3" m="14519" /><G29/><T56/><D56/><U122/><E122/><V116/><F116/><W110/><G110/><T105/><D105/><U68/><E68/><V30/><F30/><W57/><G57/><T54/><D54/><U99/><E99/><V62/><F62/><W100/><AGARI ba="0,1" hai="24,26,42,47,48,95,98,100" m="14519,60719" machi="100" ten="30,1500,0" yaku="8,1" doraHai="35" who="3" fromWho="3" sc="141,-5,131,-5,306,-5,412,25" owari="136,-26.0,126,-37.0,301,10.0,437,53.0" /></mjloggm>