<mjloggm ver="2.3"><GO type="169" lobby="0"/><UN n0="%E3%82%A6%E3%83%AB%E3%83%88%E3%83%A9%E7%AB%8B%E7%9B%B4" n1="%EF%BC%BC%28%EF%BC%BE%6F%EF%BC%BE%29%EF%BC%8F%E2%98%85" n2="%E5%A4%A9%E9%BC%93" n3="%74%61%72%6F%6F" dan="16,18,17,19" rate="2106.38,2136.39,2155.80,2176.81" sx="M,M,M,M"/><TAIKYOKU oya="0"/><INIT seed="0,0,0,4,5,36" ten="250,250,250,250" oya="0" hai0="120,21,44,86,64,112,74,66,88,18,12,104,15" hai1="16,84,101,41,124,48,6,129,132,22,93,110,57" hai2="97,114,72,99,8,3,32,83,73,127,117,65,126" hai3="13,89,100,94,46,109,102,80,5,75,49,122,115"/><T79/><D120/><U103/><E110/><V33/><F114/><W20/><G115/><T90/><D112/><U39/><E132/><V38/><F65/><N who="0" m="25194" /><D104/><U14/><E124/><N who="2" m="47659" /><F38/><W58/><G109/><T91/><D74/><N who="2" m="28778" /><F83/><W9/><G58/><T118/><D118/><U125/><E129/><V113/><F113/><W70/><G70/><T4/><D44/><N who="1" m="25615" /><E39/><V2/><F8/><W77/><G20/><T95/><D79/><U47/><E125/><V82/><F82/><W43/><REACH who="3" step="1"/><G122/><REACH who="3" ten="250,250,250,240" step="2"/><T35/><D35/><N who="2" m="13386" /><F117/><W25/><G25/><T1/><D1/><AGARI ba="0,1" hai="1,2,3,97,99" m="13386,28778,47659" machi="1" ten="40,5200,0" yaku="28,2,18,1" doraHai="36" who="2" fromWho="0" sc="250,-52,250,0,250,62,240,0" /><INIT seed="1,0,0,3,3,59" ten="198,250,312,240" oya="1" hai0="12,32,68,63,41,62,37,127,42,113,72,80,117" hai1="81,66,52,129,17,44,54,91,34,89,99,1,90" hai2="135,53,56,95,21,46,115,45,98,132,13,25,67" hai3="120,11,18,22,130,78,134,5,123,128,108,57,121"/><U133/><E34/><V111/><F111/><W9/><G78/><T47/><D117/><U31/><E1/><V33/><F13/><N who="3" m="9551" /><G57/><T7/><D113/><U49/><E31/><N who="2" m="17839" /><F33/><W43/><G43/><T27/><D127/><U119/><E119/><V36/><F36/><W39/><G39/><T20/><D68/><U102/><E133/><N who="2" m="51275" /><F67/><W122/><G134/><T35/><D42/><U88/><E129/><N who="3" m="49770" /><G122/><T74/><D32/><U86/><E66/><V70/><F115/><W83/><G83/><T4/><D35/><U23/><E54/><V38/><F38/><W2/><G9/><T107/><D80/><U97/><REACH who="1" step="1"/><E102/><REACH who="1" ten="198,240,312,240" step="2"/><N who="2" m="60767" /><F70/><W0/><G0/><T14/><D41/><U73/><E73/><V112/><F112/><W16/><G108/><T100/><D74/><U75/><E75/><V60/><AGARI ba="0,1" hai="45,46,53,56,60" m="60767,51275,17839" machi="60" ten="30,2000,0" yaku="20,1,52,1" doraHai="59" who="2" fromWho="2" sc="198,-5,240,-10,312,30,240,-5" /><INIT seed="2,0,0,5,3,80" ten="193,230,342,235" oya="2" hai0="86,66,92,42,112,117,9,78,110,27,17,34,106" hai1="133,63,43,32,104,52,62,68,103,122,59,71,126" hai2="72,61,96,11,94,77,100,125,21,87,5,101,108" hai3="14,129,22,83,120,65,54,82,13,19,132,111,102"/><V60/><F125/><W0/><G0/><T105/><D112/><U97/><E126/><V35/><F35/><W38/><G38/><T84/><D110/><U1/><E133/><V99/><F108/><W24/><G111/><T4/><D117/><U135/><E135/><V98/><F72/><W130/><G132/><T81/><D42/><U33/><E1/><V64/><F21/><W89/><G102/><T79/><D66/><U76/><E122/><V93/><F98/><W114/><G114/><T23/><D34/><U58/><E43/><V53/><F53/><W2/><G2/><T55/><D55/><U116/><E116/><V36/><F36/><W95/><G65/><T50/><D50/><U31/><E76/><V15/><F64/><W6/><G54/><T113/><D113/><U56/><E52/><V30/><F30/><W107/><G107/><T115/><D115/><U127/><E127/><V123/><F123/><W48/><G48/><T16/><D17/><U73/><E73/><V128/><F128/><N who="3" m="49259" /><G24/><T85/><D79/><U40/><E40/><V29/><F29/><W45/><G45/><T90/><REACH who="0" step="1"/><D85/><REACH who="0" ten="183,230,342,235" step="2"/><U121/><E121/><V20/><F87/><N who="3" m="52671" /><G120/><T44/><D44/><U131/><E131/><V67/><F67/><W70/><G70/><T124/><D124/><U134/><E134/><V119/><F119/><W69/><G69/><T39/><D39/><U51/><E51/><V46/><F46/><W91/><G19/><T26/><D26/><N who="1" m="18551" /><E33/><V88/><F77/><W57/><G57/><T12/><AGARI ba="0,1" hai="4,9,12,16,23,27,78,81,84,86,90,92,105,106" machi="12" ten="20,12000,2" yaku="1,1,0,1,7,1,52,2,54,1,53,0" doraHai="80" doraHaiUra="118" who="0" fromWho="0" sc="183,130,230,-30,342,-60,235,-30" /><INIT seed="3,0,0,3,0,14" ten="313,200,282,205" oya="3" hai0="44,113,46,125,94,89,118,45,87,47,124,19,41" hai1="75,20,18,97,52,129,96,7,5,29,132,22,111" hai2="54,49,59,16,39,112,106,48,114,130,56,23,40" hai3="12,3,26,131,103,53,10,119,67,38,100,82,55"/><W6/><G119/><T68/><D68/><U71/><E75/><V32/><F32/><W2/><G38/><T30/><D30/><U79/><E71/><V57/><F106/><W86/><G67/><T120/><D120/><U109/><E79/><V91/><F130/><W128/><G26/><T78/><D118/><U62/><E129/><N who="3" m="49738" /><G103/><T135/><D113/><U61/><E29/><V134/><F134/><W0/><G100/><T70/><D70/><U117/><E117/><V108/><F108/><W65/><G65/><T88/><D135/><U84/><E84/><V34/><F34/><W35/><G35/><T73/><D73/><U21/><E132/><V33/><F33/><W90/><AGARI ba="0,0" hai="0,2,3,6,10,12,53,55,82,86,90" m="49738" machi="90" ten="40,2100,0" yaku="19,1" doraHai="14" who="3" fromWho="3" sc="313,-7,200,-7,282,-7,205,21" /><INIT seed="3,1,0,0,2,79" ten="306,193,275,226" oya="3" hai0="18,69,82,47,123,30,66,111,19,68,129,46,103" hai1="58,11,40,135,27,65,126,6,105,61,84,86,10" hai2="25,13,117,107,16,38,24,54,91,23,2,59,71" hai3="133,3,50,7,44,127,22,124,21,108,20,5,110"/><W112/><G112/><T118/><D30/><U76/><E105/><V75/><F117/><W12/><G133/><T52/><D66/><U100/><E100/><V81/><F71/><W114/><G114/><T87/><D103/><U60/><E135/><V113/><F113/><W121/><G121/><T77/><D87/><U109/><E109/><N who="3" m="42090" /><G3/><T130/><D77/><U15/><E126/><N who="3" m="48170" /><G12/><T97/><D111/><U95/><E40/><AGARI ba="1,0" hai="5,7,20,21,22,40,44,50" m="48170,42090" machi="40" ten="40,7700,0" yaku="14,1,10,1,18,1" doraHai="79" who="3" fromWho="1" sc="306,0,193,-80,275,0,226,80" /><INIT seed="3,2,0,4,3,111" ten="306,113,275,306" oya="3" hai0="8,42,2,5,15,32,54,118,108,35,47,134,89" hai1="105,49,1,83,132,11,79,133,125,94,104,40,6" hai2="16,103,45,60,7,10,95,87,46,100,0,4,97" hai3="36,51,130,31,23,55,119,90,101,29,73,84,109"/><W117/><G36/><T76/><D118/><U33/><E33/><V68/><F7/><W3/><G73/><T67/><D108/><U77/><E125/><V25/><F103/><W13/><G3/><T39/><D134/><U120/><E120/><V113/><F113/><W121/><G121/><T57/><D67/><U9/><E94/><V69/><F87/><W58/><G130/><T17/><D89/><U102/><E11/><V41/><F60/><W48/><G109/><T18/><D76/><U74/><E79/><V24/><F45/><W66/><G101/><T71/><D71/><U96/><E104/><V20/><REACH who="2" step="1"/><F24/><REACH who="2" ten="306,113,265,306" step="2"/><W114/><G114/><T82/><D5/><U38/><E49/><AGARI ba="2,1" hai="0,4,10,16,20,25,41,46,49,68,69,95,97,100" machi="49" ten="30,7700,0" yaku="1,1,2,1,7,1,54,1,53,0" doraHai="111" doraHaiUra="27" who="2" fromWho="1" sc="306,0,113,-83,265,93,306,0" /><INIT seed="4,0,0,0,2,132" ten="306,30,358,306" oya="0" hai0="120,56,20,95,58,131,0,76,109,42,5,125,55" hai1="36,69,79,102,129,22,78,67,100,63,44,25,21" hai2="41,133,49,123,64,8,24,117,91,119,135,45,107" hai3="68,90,75,97,134,28,18,6,82,32,9,15,29"/><T88/><D120/><U37/><E129/><V43/><F123/><W34/><G68/><T66/><D131/><U115/><E115/><V11/><F107/><W130/><G75/><T104/><D104/><U50/><E22/><V128/><F128/><W108/><G130/><T96/><D109/><U62/><E62/><V35/><F64/><W61/><G108/><T46/><D76/><U48/><E48/><V51/><F91/><W74/><G74/><T126/><D66/><U77/><E37/><V27/><F35/><W71/><G71/><T65/><D65/><U118/><E36/><V106/><F106/><W17/><G61/><T12/><D0/><U3/><E3/><V57/><F57/><W122/><G82/><T127/><D55/><U47/><E47/><AGARI ba="0,0" hai="8,11,24,27,41,43,45,47,49,51,117,119,133,135" machi="47" ten="25,1600,0" yaku="22,2" doraHai="132" who="2" fromWho="1" sc="306,0,30,-16,358,16,306,0" /><INIT seed="5,0,0,3,2,116" ten="306,14,374,306" oya="1" hai0="21,70,12,69,95,9,64,52,16,108,109,72,99" hai1="62,44,30,8,43,110,53,33,6,23,28,135,113" hai2="133,132,27,115,103,78,122,81,86,38,119,45,4" hai3="39,51,131,25,112,17,117,37,83,129,94,93,90"/><U32/><E113/><V31/><F122/><W114/><G117/><T54/><D72/><U63/><E135/><N who="2" m="51787" /><F119/><W100/><G51/><T24/><D64/><U126/><E126/><V127/><F4/><W91/><G25/><T47/><D70/><U58/><E110/><V98/><F127/><W60/><G60/><T14/><D69/><U50/><E62/><V22/><F115/><N who="3" m="44075" /><G17/><T55/><D47/><U18/><E32/><V2/><F2/><W48/><G48/><T36/><D36/><N who="3" m="13897" /><G83/><T128/><D128/><N who="3" m="49225" /><G100/><T49/><D49/><U10/><E33/><V40/><F103/><W118/><G118/><T73/><D73/><U105/><E105/><V104/><F98/><W75/><G75/><T79/><D79/><U42/><E42/><N who="2" m="22743" /><F104/><W20/><G20/><T130/><D130/><U46/><E46/><V1/><F1/><W84/><G84/><T11/><D108/><U35/><E35/><V80/><F80/><W123/><G123/><T57/><D109/><U5/><E5/><V82/><F82/><W88/><AGARI ba="0,0" hai="88,90,91,93,94" m="49225,13897,44075" machi="88" ten="40,8000,1" yaku="28,2,15,1,19,1,54,1" doraHai="116" who="3" fromWho="3" sc="306,-20,14,-40,374,-20,306,80" owari="286,-11.0,-26,-53.0,354,15.0,386,49.0" /></mjloggm>