<mjloggm ver="2.3"><GO type="225" lobby="0"/><UN n0="%E5%B0%B1%E6%B4%BB%E7%94%9F%40%E5%B7%9D%E6%9D%91%E8%BB%8D%E5%9B%A3" n1="%E9%A7%84%E5%A6%B9" n2="%64%61%69%31%32%31%32" n3="%E3%83%9E%E3%83%84%E3%82%B6%E3%82%AD" dan="16,16,16,18" rate="2051.67,2108.48,2096.64,2197.34" sx="M,F,M,M"/><TAIKYOKU oya="0"/><INIT seed="0,0,0,2,4,35" ten="250,250,250,250" oya="0" hai0="6,44,79,9,10,64,4,70,116,125,61,108,93" hai1="91,24,73,34,131,129,56,39,17,69,31,107,23" hai2="14,102,68,132,51,126,92,114,135,16,55,46,8" hai3="80,45,90,111,99,5,29,62,110,52,63,3,106"/><T133/><D116/><U2/><E69/><V67/><F114/><W36/><G29/><T43/><D125/><U98/><E39/><V65/><F126/><W22/><G22/><T18/><D133/><N who="2" m="51274" /><F68/><W109/><G80/><T134/><D134/><U88/><E73/><V42/><F42/><N who="3" m="22727" /><G52/><T105/><D105/><U53/><E2/><V117/><F117/><W28/><G28/><T103/><D79/><U20/><E107/><V118/><F118/><W87/><G87/><T89/><D103/><U130/><E98/><AGARI ba="0,0" hai="8,14,16,46,51,55,65,67,92,98,102" m="51274" machi="98" ten="30,2000,0" yaku="20,1,54,1" doraHai="35" who="2" fromWho="1" sc="250,0,250,-20,250,20,250,0" /><INIT seed="1,0,0,3,0,71" ten="250,230,270,250" oya="1" hai0="37,5,39,72,117,58,42,86,96,27,106,44,66" hai1="110,9,17,62,135,50,91,94,124,59,29,25,133" hai2="1,115,67,129,24,60,12,105,20,127,3,108,114" hai3="104,6,32,101,49,7,100,64,120,82,111,95,33"/><U87/><E124/><V43/><F127/><W26/><G120/><T11/><D117/><U97/><E50/><V21/><F105/><W78/><G104/><T52/><D66/><U81/><E110/><V134/><F108/><W98/><G111/><T92/><D72/><U126/><E126/><V68/><F129/><W28/><G101/><T18/><D106/><U74/><E74/><V103/><F103/><W112/><G112/><N who="2" m="43049" /><F134/><N who="1" m="51209" /><E9/><V76/><F76/><W80/><G33/><T123/><D86/><U116/><E17/><N who="2" m="10279" /><F43/><W46/><G64/><T10/><D123/><U130/><E116/><V132/><F132/><W109/><G109/><T2/><D39/><U63/><E59/><V36/><F36/><W0/><G0/><T118/><D118/><U99/><E130/><V77/><F77/><W89/><G100/><T122/><D122/><U70/><E70/><V14/><F14/><W73/><REACH who="3" step="1"/><G82/><REACH who="3" ten="250,230,270,240" step="2"/><T121/><D121/><U93/><E81/><V15/><F1/><W38/><G38/><T125/><D125/><U53/><E94/><V65/><F65/><W47/><G47/><T34/><D34/><U13/><E93/><V55/><F3/><W113/><G113/><T88/><D2/><U75/><E53/><AGARI ba="0,1" hai="6,7,26,28,32,46,49,53,73,78,80,89,95,98" machi="53" ten="30,3900,0" yaku="1,1,7,1,53,1" doraHai="71" doraHaiUra="84" who="3" fromWho="1" sc="250,0,230,-39,270,0,240,49" /><INIT seed="2,0,0,2,0,48" ten="250,191,270,289" oya="2" hai0="78,0,65,107,72,64,25,5,40,96,111,63,116" hai1="57,105,89,21,100,11,75,132,49,28,67,110,6" hai2="3,54,112,55,70,87,43,117,23,68,12,26,22" hai3="134,66,98,129,71,9,133,101,38,20,106,126,10"/><V92/><F3/><W34/><G34/><T125/><D64/><U80/><E110/><V121/><F121/><W50/><G38/><T47/><D111/><U59/><E132/><N who="3" m="50794" /><G129/><T19/><D116/><U118/><E118/><V37/><F112/><W56/><G126/><T131/><D125/><U123/><E123/><V16/><F37/><W109/><G109/><T135/><D135/><U104/><BYE who="0" /><E100/><V95/><F43/><W86/><G71/><T124/><D124/><U39/><E39/><UN n0="%E5%B0%B1%E6%B4%BB%E7%94%9F%40%E5%B7%9D%E6%9D%91%E8%BB%8D%E5%9B%A3" /><V127/><F127/><W51/><G20/><T84/><D131/><U77/><E89/><N who="2" m="53311" /><F68/><W35/><G35/><T46/><D46/><U27/><E59/><V4/><F70/><W113/><G113/><T45/><D45/><U24/><E24/><V44/><F44/><W119/><G119/><T115/><D115/><U1/><REACH who="1" step="1"/><E67/><REACH who="1" ten="250,181,270,289" step="2"/><V85/><F117/><W76/><G66/><T52/><D65/><U73/><E73/><V13/><F26/><W120/><G120/><T99/><D72/><U130/><E130/><V61/><F13/><W42/><G56/><T2/><D2/><U90/><E90/><V29/><F12/><W91/><G76/><T102/><D0/><U41/><E41/><V15/><F15/><W17/><G42/><T81/><D40/><U18/><E18/><V62/><F16/><W93/><G17/><T53/><D5/><U74/><E74/><V94/><F4/><W103/><G101/><T58/><D102/><U32/><E32/><V88/><F88/><W82/><G106/><T60/><D107/><U8/><E8/><AGARI ba="0,1" hai="8,9,10,50,51,82,86,91,93,98,103" m="50794" machi="8" ten="30,1000,0" yaku="20,1" doraHai="48" who="3" fromWho="1" sc="250,0,181,-10,270,0,289,20" /><INIT seed="3,0,0,5,5,61" ten="250,171,270,309" oya="3" hai0="31,40,86,15,126,74,3,101,34,93,97,102,17" hai1="55,22,4,66,26,110,75,8,41,59,122,107,16" hai2="100,76,79,14,67,77,13,56,95,45,65,72,131" hai3="124,78,135,32,0,84,134,133,57,69,11,114,121"/><W18/><G69/><T1/><D74/><U21/><E122/><V80/><F131/><W119/><G121/><T68/><D126/><U48/><E75/><V120/><F120/><W116/><G124/><T29/><D68/><U43/><E107/><V129/><F129/><W39/><G114/><T62/><D40/><U128/><E128/><V103/><F72/><W51/><G39/><T33/><D102/><N who="2" m="38954" /><F80/><N who="3" m="47127" /><G32/><T112/><D112/><U53/><E110/><V64/><F56/><W85/><G85/><T36/><D36/><U24/><E66/><V44/><F95/><W115/><G115/><T130/><D130/><U30/><REACH who="1" step="1"/><E55/><REACH who="1" ten="250,161,270,309" step="2"/><V92/><F67/><W127/><G127/><T96/><D34/><U9/><E9/><V94/><F65/><W42/><G11/><T88/><D33/><U60/><E60/><V87/><F64/><W91/><G133/><T10/><D62/><U28/><E28/><V118/><F118/><W71/><G134/><T81/><D31/><U63/><E63/><V23/><F23/><W104/><G135/><T117/><D29/><U35/><E35/><V5/><F76/><W20/><G104/><T47/><D117/><U37/><E37/><V70/><F77/><W12/><G71/><T73/><D73/><U132/><E132/><V111/><F70/><W99/><G116/><T7/><D7/><U46/><E46/><N who="2" m="18027" /><F111/><W58/><G119/><T25/><D47/><U105/><E105/><V27/><F5/><W19/><G42/><T113/><D113/><U106/><E106/><V98/><F79/><W54/><G58/><T123/><D123/><RYUUKYOKU ba="0,1" sc="250,-10,161,30,270,-10,309,-10" hai1="4,8,16,21,22,24,26,30,41,43,48,53,59" /><INIT seed="4,1,1,4,4,30" ten="240,191,260,299" oya="0" hai0="46,115,12,87,61,109,69,31,66,124,23,112,5" hai1="7,65,8,24,10,73,79,38,120,77,42,63,70" hai2="107,11,83,55,74,59,127,54,68,121,134,36,92" hai3="39,17,52,122,67,25,64,99,57,2,104,40,80"/><T91/><D109/><U37/><E120/><V78/><F107/><W15/><G2/><T48/><D124/><U96/><E8/><V49/><F36/><W102/><G122/><T44/><D5/><U113/><E113/><N who="0" m="43593" /><D48/><U41/><E38/><V132/><F68/><W32/><G80/><N who="0" m="49639" /><D12/><U53/><E53/><V125/><F121/><W51/><G39/><T126/><D126/><N who="2" m="48138" /><F11/><W94/><G104/><T34/><D23/><U93/><E24/><AGARI ba="1,1" hai="24,31,34,44,46,61,66,69" m="49639,43593" machi="24" ten="30,2900,0" yaku="15,1,52,1" doraHai="30" who="0" fromWho="1" sc="240,42,191,-32,260,0,299,0" /><INIT seed="4,2,0,2,0,62" ten="282,159,260,299" oya="0" hai0="124,24,55,87,75,50,98,9,23,37,123,39,28" hai1="6,21,54,127,91,64,81,52,104,130,13,119,38" hai2="25,20,78,14,31,69,44,45,77,97,16,120,70" hai3="33,103,63,84,49,4,102,15,12,10,128,36,109"/><T30/><D75/><U40/><E119/><V46/><F120/><W82/><G109/><T76/><D123/><U93/><E104/><V79/><REACH who="2" step="1"/><F97/><REACH who="2" ten="282,159,250,299" step="2"/><W26/><G128/><T126/><D98/><N who="1" m="57663" /><E130/><V19/><F19/><W35/><G36/><T53/><D30/><U106/><E106/><V117/><F117/><W108/><G108/><T47/><D55/><N who="1" m="21035" /><E127/><N who="0" m="48681" /><D9/><AGARI ba="2,1" hai="9,14,16,20,25,31,44,45,46,69,70,77,78,79" machi="9" ten="40,2600,0" yaku="1,1,54,1,53,0" doraHai="62" doraHaiUra="60" who="2" fromWho="0" sc="282,-32,159,0,250,42,299,0" /><INIT seed="5,0,0,4,4,119" ten="250,159,292,299" oya="1" hai0="22,97,122,95,96,16,52,43,129,48,76,134,9" hai1="40,69,30,105,3,111,135,36,65,130,132,24,88" hai2="92,125,131,108,87,31,82,72,42,12,47,75,8" hai3="4,35,61,89,55,38,56,73,17,103,102,10,110"/><U106/><E3/><V124/><F108/><W25/><G38/><T28/><D129/><U68/><E130/><V126/><F92/><W13/><G110/><T34/><D134/><N who="1" m="51243" /><E111/><V84/><F31/><W54/><G73/><N who="2" m="28233" /><F82/><W71/><G71/><N who="1" m="27210" /><E65/><V112/><F112/><W44/><G89/><N who="0" m="55407" /><D122/><U39/><E88/><V70/><F70/><W104/><G104/><N who="1" m="40042" /><E40/><V81/><F81/><W127/><G127/><T32/><D32/><AGARI ba="0,0" hai="24,30,32,36,39" m="40042,27210,51243" machi="32" ten="40,3900,0" yaku="20,1,23,1" doraHai="119" who="1" fromWho="0" sc="250,-39,159,39,292,0,299,0" /><INIT seed="5,1,0,0,3,42" ten="211,198,292,299" oya="1" hai0="70,0,12,86,61,120,119,68,84,122,62,132,52" hai1="64,29,71,83,112,33,88,125,121,134,21,95,57" hai2="59,118,79,67,7,3,58,97,72,117,128,49,76" hai3="9,111,55,131,80,8,50,82,38,51,34,56,41"/><U123/><E71/><N who="0" m="27177" /><D0/><U105/><E105/><V93/><F128/><W114/><G111/><T106/><D106/><U20/><E33/><V2/><F72/><W96/><G34/><T130/><D119/><U78/><E112/><V77/><F7/><W81/><G131/><T53/><D130/><U35/><E35/><V65/><F49/><W89/><G38/><T28/><D28/><U1/><E1/><N who="2" m="11" /><F93/><N who="3" m="56367" /><G114/><T87/><D12/><U102/><E102/><V43/><F97/><W73/><G73/><T108/><D108/><U107/><E107/><V45/><F45/><AGARI ba="1,0" hai="8,9,41,45,50,51,55,56,80,81,82" m="56367" machi="45" ten="30,2000,0" yaku="8,1,52,1" doraHai="42" who="3" fromWho="2" sc="211,0,198,0,292,-23,299,23" owari="211,-19.0,198,-30.0,269,7.0,322,42.0" /></mjloggm>