<mjloggm ver="2.3"><GO type="97" lobby="0"/><UN n0="%E3%82%A8%E3%82%A4%E3%83%92%E3%83%AC" n1="%E5%B0%B1%E6%B4%BB%E7%94%9F%40%E5%B7%9D%E6%9D%91%E8%BB%8D%E5%9B%A3" n2="%E3%83%A1%E3%82%BF%E3%83%95%E3%82%A1%E3%83%BC" n3="%43%61%6F%52%75%70%65%6C" dan="16,14,14,14" rate="2040.47,1907.64,1911.91,1901.80" sx="M,M,M,M"/><TAIKYOKU oya="0"/><INIT seed="0,0,0,2,4,54" ten="250,250,250,250" oya="0" hai0="35,96,73,63,129,20,89,124,55,106,107,53,32" hai1="7,84,8,85,127,31,30,132,41,58,86,49,78" hai2="125,122,102,40,76,110,34,80,134,64,59,62,27" hai3="119,37,45,28,23,111,88,16,115,90,36,66,123"/><T56/><D73/><U109/><E127/><V113/><F125/><W133/><G111/><T126/><D129/><U12/><E109/><V33/><F110/><W82/><G115/><T97/><D20/><U117/><E117/><V26/><F113/><W114/><G119/><T87/><D87/><U52/><E132/><V75/><F134/><W47/><G114/><T1/><D1/><U2/><E78/><V22/><F122/><W19/><G133/><T50/><D89/><U105/><E105/><V21/><F102/><W39/><G123/><T6/><D6/><U70/><E70/><V93/><F93/><W79/><G66/><T29/><D29/><U0/><E0/><V121/><F40/><W67/><G67/><T65/><D65/><U69/><E69/><V60/><F60/><W118/><G118/><T57/><REACH who="0" step="1"/><D50/><REACH who="0" ten="240,250,250,250" step="2"/><N who="1" m="30999" /><E2/><V11/><F121/><W68/><G68/><T3/><D3/><U5/><E5/><V4/><F21/><W9/><G28/><T48/><D48/><U100/><E100/><V38/><F38/><W71/><G71/><T72/><D72/><U51/><E49/><V74/><F74/><W24/><G9/><T18/><D18/><U42/><E42/><V91/><F91/><W44/><REACH who="3" step="1"/><G19/><REACH who="3" ten="240,250,250,240" step="2"/><T43/><D43/><U99/><E41/><V92/><F11/><W135/><G135/><T120/><D120/><U101/><E31/><V103/><F64/><W95/><G95/><T77/><D77/><U81/><E30/><V14/><F92/><W128/><G128/><T112/><D112/><U13/><E8/><V108/><F108/><RYUUKYOKU ba="0,2" sc="240,15,250,-15,250,-15,240,15" hai0="32,35,53,55,56,57,63,96,97,106,107,124,126" hai3="16,23,24,36,37,39,44,45,47,79,82,88,90" /><INIT seed="0,1,2,3,4,25" ten="255,235,235,255" oya="0" hai0="125,57,82,27,24,113,110,66,92,43,38,61,76" hai1="87,23,94,104,41,16,132,48,22,122,36,75,19" hai2="88,96,102,4,39,54,64,83,81,5,1,86,20" hai3="134,7,78,71,84,49,45,68,21,103,121,106,116"/><T80/><D113/><U31/><E104/><V117/><F39/><W35/><G116/><T52/><D125/><U126/><E75/><V119/><F64/><W90/><G121/><T123/><D123/><U120/><E36/><V67/><F67/><W109/><G109/><T128/><D110/><U10/><E126/><V112/><F112/><W42/><G134/><T131/><D43/><U12/><E132/><V50/><F81/><W53/><G35/><T111/><D38/><U51/><E122/><V46/><F5/><W6/><G78/><T58/><D111/><U99/><E120/><V37/><F37/><W114/><G114/><T17/><D92/><U47/><E87/><V55/><F55/><W72/><G72/><T59/><D17/><N who="1" m="8343" /><E48/><V107/><F20/><N who="1" m="7721" /><E31/><V135/><F135/><W33/><G33/><T70/><D80/><U97/><E97/><V118/><F4/><W63/><G21/><T127/><D127/><U9/><E9/><V40/><REACH who="2" step="1"/><F54/><REACH who="2" ten="255,235,225,255" step="2"/><W73/><G53/><T129/><D52/><U62/><E62/><V15/><F15/><W18/><G6/><T74/><AGARI ba="1,3" hai="24,27,57,58,59,61,66,70,74,76,82,128,129,131" machi="74" ten="40,3900,0" yaku="0,1,19,1" doraHai="25" who="0" fromWho="0" sc="255,72,235,-14,225,-14,255,-14" /><INIT seed="0,2,0,1,4,64" ten="327,221,211,241" oya="0" hai0="61,45,117,76,73,41,58,116,29,82,103,110,32" hai1="10,98,95,26,129,85,49,80,2,118,42,34,31" hai2="122,81,96,4,12,22,52,15,37,43,54,83,127" hai3="25,27,6,63,108,119,17,59,38,51,50,70,90"/><T62/><D110/><U8/><E118/><V131/><F122/><W16/><G108/><T44/><D103/><U88/><E129/><V14/><F131/><W107/><G119/><T47/><D41/><U126/><E126/><V69/><F127/><W87/><G38/><T30/><D61/><U71/><E71/><V7/><F69/><W21/><G70/><T134/><D30/><U1/><E42/><V56/><F22/><W20/><G107/><T120/><D120/><U101/><REACH who="1" step="1"/><E49/><REACH who="1" ten="327,211,211,241" step="2"/><V111/><F111/><W89/><G6/><T28/><D117/><U135/><E135/><V66/><F43/><W60/><G59/><T0/><D58/><U35/><E35/><V79/><F37/><W5/><G5/><T112/><D32/><U93/><E93/><V130/><F130/><W57/><G57/><T121/><D134/><U105/><E105/><V46/><F4/><W53/><G53/><T39/><D39/><U65/><E65/><V55/><F7/><W113/><G113/><T72/><D112/><U132/><E132/><V125/><F125/><W100/><G87/><T24/><D116/><U86/><E86/><N who="2" m="48447" /><F46/><W75/><REACH who="3" step="1"/><G100/><REACH who="3" ten="327,211,211,231" step="2"/><T92/><D44/><U18/><E18/><V123/><F123/><W97/><G97/><T114/><D45/><U13/><E13/><V3/><F96/><W84/><G84/><T133/><D47/><U40/><E40/><V78/><F56/><W115/><G115/><T104/><D114/><U68/><E68/><V36/><F36/><W94/><G94/><T109/><D133/><U102/><E102/><V124/><F124/><RYUUKYOKU ba="2,2" sc="327,-15,211,15,211,-15,231,15" hai1="1,2,8,10,26,31,34,80,85,88,95,98,101" hai3="16,17,20,21,25,27,50,51,60,63,75,89,90" /><INIT seed="1,3,2,5,5,10" ten="312,226,196,246" oya="1" hai0="43,53,16,56,40,70,32,4,119,12,104,122,85" hai1="96,42,52,26,67,71,83,33,22,65,135,6,50" hai2="30,120,98,34,87,15,51,93,106,54,58,132,97" hai3="66,92,8,81,25,3,79,75,121,17,18,45,64"/><U134/><E33/><V95/><F120/><W57/><G121/><T108/><D122/><U100/><E42/><V29/><F132/><N who="1" m="50729" /><E6/><V129/><F129/><W101/><G45/><T7/><D70/><U47/><E83/><V31/><F34/><W109/><G109/><T72/><D104/><N who="1" m="63495" /><E71/><V111/><F111/><W82/><G82/><T80/><D72/><U118/><E118/><V127/><F127/><W35/><G35/><T88/><D32/><U36/><E36/><V73/><F73/><W27/><G57/><T9/><D119/><U99/><E99/><V77/><F106/><W0/><G92/><T116/><D116/><U110/><E110/><V105/><F105/><W1/><G101/><T90/><D108/><U13/><E13/><V94/><F98/><W131/><G131/><T61/><D90/><U39/><E39/><V48/><F97/><W128/><G128/><T115/><D115/><U14/><E14/><V21/><F15/><W112/><G112/><T49/><D61/><U113/><E113/><V63/><F21/><W126/><G126/><T60/><D60/><U86/><E86/><V103/><F103/><W107/><G107/><T117/><D117/><U133/><N who="1" m="50737" /><U123/><DORA hai="91" /><E123/><V114/><F114/><W69/><G69/><T24/><D24/><N who="3" m="9289" /><G8/><T28/><D28/><AGARI ba="3,2" hai="22,26,28,47,50,52,65,67" m="63495,50737" machi="28" ten="40,3900,0" yaku="20,1,54,1" doraHai="10,91" who="1" fromWho="0" sc="312,-48,226,68,196,0,246,0" /><INIT seed="1,4,0,3,5,117" ten="264,294,196,246" oya="1" hai0="63,108,126,37,65,114,73,14,0,61,5,27,33" hai1="21,13,72,81,44,127,105,94,122,22,45,87,30" hai2="25,70,49,135,62,131,59,89,56,98,32,16,132" hai3="11,78,123,42,130,91,15,100,99,133,40,118,64"/><U35/><E105/><V55/><F131/><W134/><G118/><T34/><D114/><U82/><E35/><V86/><F70/><W112/><G130/><T51/><D37/><U103/><E127/><V8/><F32/><W58/><G112/><T97/><D126/><U3/><E3/><V60/><F98/><W26/><G78/><T115/><D115/><U128/><E128/><V66/><F49/><W120/><G91/><T77/><D14/><U7/><E122/><V76/><F76/><W38/><G26/><T41/><D27/><N who="1" m="16751" /><E72/><V67/><F55/><W88/><G38/><T110/><D97/><N who="1" m="59831" /><E82/><V109/><F109/><N who="0" m="42090" /><D77/><N who="1" m="46511" /><E7/><V52/><F67/><W2/><G2/><T20/><D73/><U36/><E36/><V39/><F39/><W79/><G79/><T93/><D93/><U31/><E13/><V53/><F66/><W17/><G42/><T69/><D20/><U4/><E4/><V18/><F25/><AGARI ba="4,0" hai="22,25,31,44,45" m="46511,59831,16751" machi="25" ten="30,1500,0" yaku="8,1" doraHai="117" who="1" fromWho="2" sc="264,0,294,27,196,-27,246,0" /><INIT seed="1,5,0,3,0,87" ten="264,321,169,246" oya="1" hai0="81,67,35,76,125,40,57,1,117,24,49,106,99" hai1="124,132,47,6,129,86,83,25,70,79,114,77,113" hai2="31,26,53,85,2,90,27,74,20,115,97,59,104" hai3="72,120,14,45,18,110,84,11,3,37,42,33,133"/><U0/><E70/><V48/><F74/><W22/><G120/><T68/><D117/><U95/><E124/><V108/><F2/><W98/><G110/><T107/><D125/><U34/><E129/><V128/><F108/><W96/><G133/><T65/><D1/><U46/><E132/><V91/><F128/><W13/><G72/><T15/><D68/><U123/><E123/><V121/><F121/><W50/><G3/><T134/><D134/><U10/><E77/><V82/><F115/><W52/><G33/><T36/><D36/><U17/><E95/><N who="2" m="56567" /><F104/><W112/><G112/><T71/><D71/><U21/><E113/><V92/><F26/><W88/><G37/><T28/><D15/><U102/><E114/><V30/><F82/><N who="3" m="49175" /><G42/><T44/><D57/><U62/><E102/><V73/><F73/><W66/><G66/><T63/><D63/><U105/><E105/><V122/><F122/><W7/><AGARI ba="5,0" hai="7,11,13,14,18,22,45,50,52,96,98" m="49175" machi="7" ten="30,7900,0" yaku="8,1,52,1,54,2" doraHai="87" who="3" fromWho="3" sc="264,-25,321,-44,169,-25,246,94" /><INIT seed="2,0,0,3,2,18" ten="239,277,144,340" oya="2" hai0="70,2,116,5,6,74,93,79,26,28,9,54,36" hai1="125,19,77,53,27,118,38,29,39,133,10,96,52" hai2="68,87,34,69,16,49,24,91,109,48,41,115,123" hai3="83,89,81,20,85,80,64,37,97,103,57,114,22"/><V90/><F123/><W58/><G114/><T63/><D116/><U8/><E118/><V43/><F115/><W113/><G37/><T135/><D135/><U108/><E133/><V112/><F112/><W117/><G113/><T73/><D36/><U107/><E77/><V121/><F121/><W94/><G117/><T119/><D119/><U0/><E125/><V102/><F102/><W51/><G64/><T25/><D5/><U66/><E66/><V31/><F109/><W42/><G58/><T78/><D78/><U17/><E39/><V84/><F16/><W99/><G99/><T98/><D70/><U82/><E38/><V4/><F4/><W92/><G57/><T44/><D26/><U67/><E67/><V122/><F122/><W128/><REACH who="3" step="1"/><G128/><REACH who="3" ten="239,277,144,330" step="2"/><T62/><D98/><U59/><E96/><V47/><F69/><W120/><G120/><T105/><D62/><U14/><E107/><V35/><F68/><W32/><G32/><T130/><D63/><U23/><E59/><V104/><F104/><W15/><G15/><T132/><D105/><U86/><E108/><V30/><F47/><AGARI ba="0,1" hai="20,22,42,47,51,80,81,83,85,89,92,94,97,103" machi="47" ten="40,8000,1" yaku="1,1,8,1,52,2,53,0" doraHai="18" doraHaiUra="56" who="3" fromWho="2" sc="239,0,277,0,144,-80,330,90" /><INIT seed="3,0,0,0,1,100" ten="239,277,64,420" oya="3" hai0="106,101,32,26,35,78,36,122,77,134,37,21,67" hai1="43,23,93,114,85,79,82,74,4,109,60,84,53" hai2="39,9,110,55,92,126,13,47,1,128,45,112,61" hai3="44,105,72,41,16,56,120,98,46,17,96,130,133"/><W20/><G120/><T75/><D122/><U62/><E114/><V68/><F1/><W31/><G130/><T81/><D134/><U121/><E121/><V97/><F112/><W73/><G133/><T42/><D67/><U125/><E109/><V119/><F119/><W107/><G56/><T11/><D77/><U131/><E131/><V50/><F50/><W6/><G20/><T52/><D36/><U66/><E125/><V132/><F132/><W5/><G31/><T80/><D80/><U129/><E43/><AGARI ba="0,0" hai="5,6,16,17,41,43,44,46,72,73,96,98,105,107" machi="43" ten="25,12000,1" yaku="22,2,52,2,54,1" doraHai="100" who="3" fromWho="1" sc="239,0,277,-120,64,0,420,120" owari="239,4.0,157,-24.0,64,-44.0,540,64.0" /></mjloggm>