<mjloggm ver="2.3"><GO type="225" lobby="0"/><UN n0="%E9%9D%92%E7%A9%BA%E7%89%87%E6%80%9D%E3%81%84" n1="%E3%83%88%E3%83%88%E3%83%AA%E5%85%88%E7%94%9F%31%39%E6%AD%B3" n2="%46%4C%41%4D%45" n3="%73%2E%63%65%6C%74%79" dan="16,16,16,16" rate="2144.39,2144.00,2175.95,2086.60" sx="M,F,M,F"/><TAIKYOKU oya="0"/><INIT seed="0,0,0,2,0,8" ten="250,250,250,250" oya="0" hai0="129,86,112,130,82,113,105,109,32,46,53,107,68" hai1="30,78,1,13,81,87,41,2,11,38,48,114,98" hai2="59,16,132,49,106,20,92,69,26,61,90,85,79" hai3="35,23,122,14,33,39,12,104,28,17,44,77,71"/><T24/><D68/><U6/><E38/><V37/><F37/><W110/><G71/><T97/><D32/><N who="3" m="12361" /><G104/><N who="0" m="40011" /><D24/><U131/><E131/><N who="0" m="50185" /><D53/><U43/><E30/><V67/><F106/><W133/><G77/><N who="0" m="46415" /><D46/><N who="1" m="25679" /><E114/><N who="0" m="44137" /><D97/><U84/><E98/><V40/><F69/><W22/><G44/><T111/><AGARI ba="0,0" hai="109,111" m="44137,46415,50185,40011" machi="111" ten="40,7800,0" yaku="19,1,34,2" doraHai="8" who="0" fromWho="0" sc="250,78,250,-26,250,-26,250,-26" /><INIT seed="0,1,0,4,2,89" ten="328,224,224,224" oya="0" hai0="131,94,129,21,72,0,45,48,5,2,27,111,81" hai1="18,82,85,88,96,12,93,22,60,90,71,113,108" hai2="68,100,10,55,6,126,134,30,76,47,74,121,35" hai3="58,28,62,50,44,36,11,132,105,127,41,57,69"/><T118/><D118/><U130/><E108/><V123/><F68/><W110/><G105/><T56/><D56/><U97/><E130/><N who="0" m="49673" /><D5/><U99/><E113/><V42/><F100/><W51/><G28/><N who="0" m="17519" /><D111/><U32/><E32/><V80/><F55/><W133/><G11/><T109/><D109/><U4/><E71/><V37/><F126/><W54/><G127/><T95/><D81/><U14/><E60/><V9/><F9/><AGARI ba="1,0" hai="4,9,12,14,18,22,82,85,88,90,93,96,97,99" machi="9" ten="40,5200,0" yaku="8,1,52,1,54,1" doraHai="89" who="1" fromWho="2" sc="328,0,224,55,224,-55,224,0" /><INIT seed="1,0,0,4,1,99" ten="328,279,169,224" oya="1" hai0="113,92,43,9,19,53,46,70,87,59,89,131,30" hai1="47,134,128,27,23,91,44,4,123,24,7,94,56" hai2="42,95,32,28,81,72,16,121,124,107,25,52,96" hai3="71,106,38,68,58,125,37,126,14,45,82,104,93"/><U86/><E123/><V84/><F72/><W130/><G130/><T15/><D70/><N who="3" m="26665" /><G93/><T22/><D131/><U31/><E128/><V3/><F121/><W73/><G14/><T11/><D113/><U66/><E134/><V62/><F3/><W0/><G0/><T116/><D30/><U67/><E27/><V40/><F107/><N who="3" m="41003" /><G58/><T48/><D116/><U111/><E111/><V8/><F124/><N who="3" m="47723" /><G45/><N who="1" m="17482" /><E56/><V79/><F62/><AGARI ba="0,0" hai="9,11,15,19,22,43,46,48,53,59,62,87,89,92" machi="62" ten="30,2000,0" yaku="7,1,8,1" doraHai="99" who="0" fromWho="2" sc="328,20,279,0,169,-20,224,0" /><INIT seed="2,0,0,1,4,24" ten="348,279,149,224" oya="2" hai0="100,53,8,77,42,99,101,67,55,22,85,68,25" hai1="82,135,15,78,79,84,13,29,57,35,87,96,83" hai2="56,104,11,3,33,72,27,76,116,14,124,48,32" hai3="23,80,30,90,41,43,20,91,5,70,109,37,62"/><V51/><F116/><W128/><G109/><T17/><D42/><N who="3" m="15881" /><G70/><T73/><D73/><U115/><E115/><V125/><F104/><W52/><G37/><T49/><D68/><U1/><E1/><V60/><F3/><W89/><G128/><T119/><D119/><U126/><E135/><V132/><F132/><W123/><G123/><T107/><D67/><U64/><E126/><N who="2" m="48747" /><F76/><W26/><G5/><T71/><D71/><U46/><E46/><V108/><F72/><W110/><G110/><T74/><D74/><U21/><E35/><N who="2" m="13387" /><F108/><W93/><G23/><T69/><D107/><U38/><E96/><V50/><F27/><W130/><G130/><T6/><D77/><U12/><E38/><V31/><F31/><W102/><G80/><T131/><D25/><N who="1" m="16559" /><E12/><V9/><F14/><W127/><G127/><T120/><D131/><U121/><E121/><V95/><F95/><W75/><G75/><T117/><D120/><U134/><E134/><V113/><F113/><W45/><G102/><T40/><D101/><U28/><E28/><V103/><F103/><W81/><G81/><T111/><D100/><U39/><E39/><V66/><AGARI ba="0,0" hai="9,11,48,50,51,56,60,66" m="13387,48747" machi="66" ten="40,2100,0" yaku="18,1" doraHai="24" who="2" fromWho="2" sc="348,-7,279,-7,149,21,224,-7" /><INIT seed="2,1,0,0,1,126" ten="341,272,170,217" oya="2" hai0="10,67,4,42,80,86,50,31,113,32,14,57,92" hai1="13,129,135,9,105,119,103,117,121,131,8,41,45" hai2="73,33,18,24,59,3,122,74,56,55,20,100,110" hai3="94,132,79,43,63,101,109,27,12,68,65,25,29"/><V127/><F122/><W66/><G66/><T1/><D113/><U11/><E121/><V39/><F39/><W40/><G109/><T130/><D31/><U15/><E135/><V112/><F112/><W16/><G132/><T22/><D32/><U36/><E103/><V70/><F70/><W102/><G79/><T96/><D1/><U51/><E105/><V38/><F38/><W93/><G101/><T49/><D22/><U58/><E58/><V124/><F3/><W108/><G108/><T88/><D42/><U116/><E36/><V104/><F110/><W61/><G61/><N who="0" m="38319" /><D130/><AGARI ba="1,0" hai="8,9,11,13,15,41,45,51,116,117,119,129,130,131" machi="130" ten="50,8000,1" yaku="19,1,52,3" doraHai="126" who="1" fromWho="0" sc="341,-83,272,83,170,0,217,0" /><INIT seed="3,0,0,2,1,60" ten="258,355,170,217" oya="3" hai0="85,36,90,110,104,0,24,22,111,75,101,74,96" hai1="70,105,134,10,19,33,41,45,25,61,23,99,112" hai2="98,91,94,81,28,11,47,39,72,46,132,120,57" hai3="17,80,18,12,119,37,115,79,113,26,118,20,3"/><W67/><G37/><T135/><D36/><U16/><E112/><V122/><F132/><W83/><G79/><T63/><D0/><U125/><E134/><V69/><F69/><W86/><G86/><T43/><D63/><U62/><E125/><V2/><F28/><W4/><G83/><N who="0" m="49471" /><D43/><U126/><E126/><V56/><F47/><W129/><G67/><T123/><D123/><U32/><E105/><V108/><F108/><N who="0" m="41514" /><D135/><U8/><E99/><V130/><F130/><W114/><G80/><T73/><D73/><U14/><E8/><V87/><F122/><W133/><G133/><T35/><D35/><U77/><E77/><V13/><F120/><W124/><G129/><T30/><AGARI ba="0,0" hai="22,24,30,74,75,96,101,104" m="41514,49471" machi="30" ten="30,1100,0" yaku="14,1" doraHai="60" who="0" fromWho="0" sc="258,11,355,-3,170,-3,217,-5" owari="269,7.0,352,45.0,167,-33.0,212,-19.0" /></mjloggm>