<mjloggm ver="2.3"><GO type="41" lobby="0"/><UN n0="%E5%B0%B1%E6%B4%BB%E7%94%9F%40%E5%B7%9D%E6%9D%91%E8%BB%8D%E5%9B%A3" n1="%E7%B4%85%E8%8C%B6%30%37" n2="%E7%A9%B6%E6%A5%B5%41%49" n3="%E5%8D%8D%E5%9B%BA%E3%83%A1%EF%BC%A0%E5%B7%9D%E6%9D%91%E8%BB%8D%E5%9B%A3" dan="15,15,14,15" rate="2052.62,1962.80,1926.87,2037.49" sx="M,F,M,M"/><TAIKYOKU oya="0"/><INIT seed="0,0,0,3,1,132" ten="250,250,250,250" oya="0" hai0="8,26,125,105,44,60,98,111,134,80,30,0,55" hai1="37,68,62,120,101,64,45,94,65,40,77,34,118" hai2="46,73,70,2,1,96,21,12,23,24,114,22,29" hai3="56,76,10,116,121,59,3,81,107,130,43,100,38"/><T102/><D125/><U110/><E34/><V91/><F70/><W126/><G116/><T79/><D134/><U99/><E118/><V106/><F73/><W53/><G130/><T93/><D111/><U109/><E120/><V15/><F114/><W92/><G107/><T17/><D105/><U67/><REACH who="1" step="1"/><E77/><REACH who="1" ten="250,240,250,250" step="2"/><V19/><F46/><W108/><G76/><T11/><D0/><U58/><E58/><V72/><F72/><W36/><G59/><T35/><D17/><U14/><E14/><V9/><F1/><W128/><G56/><T133/><D133/><U74/><E74/><V83/><F2/><W66/><G121/><T82/><D60/><U39/><E39/><V90/><F15/><W28/><G38/><T119/><D119/><U84/><E84/><V122/><F122/><W123/><G36/><T89/><D79/><U6/><E6/><V112/><F112/><W115/><G115/><T4/><D4/><U42/><E42/><V129/><F129/><W31/><G43/><T71/><D71/><U5/><E5/><V69/><F69/><W104/><G128/><T20/><D35/><U124/><E124/><V49/><F49/><W47/><G126/><T63/><D63/><U135/><E135/><V131/><F131/><W13/><G3/><T88/><D11/><U51/><E51/><V87/><F9/><W18/><G10/><T27/><D8/><U117/><E117/><V113/><F12/><W78/><G13/><T85/><D27/><U97/><E97/><V33/><F113/><W127/><G123/><T41/><D41/><U50/><E50/><RYUUKYOKU ba="0,1" sc="250,-10,240,30,250,-10,250,-10" hai1="37,40,45,62,64,65,67,68,94,99,101,109,110" /><INIT seed="1,1,1,4,2,121" ten="240,270,240,240" oya="1" hai0="134,92,9,46,128,8,6,105,111,125,31,65,118" hai1="56,116,19,129,20,13,7,36,54,94,70,106,27" hai2="133,108,83,28,99,90,95,14,117,73,57,63,35" hai3="41,126,37,68,51,3,26,30,10,48,4,89,0"/><U122/><E106/><V80/><F117/><W69/><G126/><T114/><D105/><U71/><E122/><V55/><F133/><W127/><G127/><T2/><D118/><U72/><E116/><V61/><F35/><W49/><G3/><T5/><D114/><U113/><E72/><V119/><F119/><W53/><G89/><T81/><D134/><U85/><E36/><V42/><F42/><W60/><G37/><T112/><D112/><U91/><E129/><V34/><F34/><W44/><G60/><T88/><D31/><U102/><E102/><V21/><F73/><W16/><G51/><T131/><D81/><N who="2" m="31306" /><F108/><W98/><G98/><N who="0" m="57607" /><D65/><U123/><E123/><V62/><F14/><W135/><G135/><T18/><D18/><U11/><REACH who="1" step="1"/><E113/><REACH who="1" ten="240,260,240,240" step="2"/><V24/><AGARI ba="1,2" hai="21,24,28,55,57,61,62,63,90,95,99" m="31306" machi="24" ten="30,1100,0" yaku="8,1" doraHai="121" who="2" fromWho="2" sc="240,-4,260,-6,240,34,240,-4" /><INIT seed="2,0,0,0,5,67" ten="236,254,274,236" oya="2" hai0="15,75,66,49,74,94,10,13,11,37,35,86,43" hai1="73,87,89,57,19,108,21,70,45,100,133,22,132" hai2="127,105,88,55,18,78,84,104,121,39,50,30,63" hai3="0,16,1,17,110,97,134,59,106,111,58,128,69"/><V33/><F121/><W83/><G128/><T122/><D35/><U61/><E73/><V72/><F39/><W68/><G83/><T129/><D37/><U27/><E100/><V48/><F78/><W135/><G97/><T115/><D115/><U76/><E76/><V3/><F72/><W56/><G56/><T80/><D129/><U25/><E45/><V53/><F3/><W109/><G109/><T91/><D122/><U95/><E108/><V113/><F113/><W102/><G102/><T40/><D66/><U112/><E112/><V2/><F2/><W36/><G36/><T4/><D75/><U44/><E44/><V46/><F63/><W114/><G114/><T130/><D130/><U54/><REACH who="1" step="1"/><E70/><REACH who="1" ten="236,244,274,236" step="2"/><V79/><F79/><W81/><G81/><T131/><D131/><U93/><E93/><V71/><F71/><W28/><G28/><AGARI ba="0,1" hai="19,21,22,25,27,28,54,57,61,87,89,95,132,133" machi="28" ten="40,1300,0" yaku="1,1,53,0" doraHai="67" doraHaiUra="47" who="1" fromWho="3" sc="236,0,244,23,274,0,236,-13" /><INIT seed="3,0,0,4,0,134" ten="236,267,274,223" oya="3" hai0="44,43,95,18,12,83,35,34,16,103,42,74,13" hai1="84,26,97,132,114,135,82,59,118,58,123,120,39" hai2="121,80,33,9,7,32,37,125,76,61,72,5,124" hai3="8,55,111,93,67,85,41,4,47,60,127,129,62"/><W57/><G111/><T23/><D74/><U24/><E39/><V49/><F37/><W106/><G106/><T2/><D2/><U96/><E82/><V91/><F121/><N who="1" m="46665" /><E84/><V68/><F91/><W48/><G129/><T107/><D107/><U21/><E21/><V115/><F49/><W100/><G127/><N who="2" m="48713" /><F115/><W50/><G67/><T98/><D83/><U99/><E118/><V133/><F133/><N who="1" m="51273" /><E114/><V101/><F101/><W53/><G41/><T69/><D43/><U113/><E113/><V75/><F75/><W78/><G100/><T87/><D87/><U52/><E52/><V73/><F73/><W56/><G47/><T38/><REACH who="0" step="1"/><D69/><REACH who="0" ten="226,267,274,223" step="2"/><U130/><E130/><V22/><F80/><N who="3" m="47255" /><G93/><T36/><D36/><U14/><E14/><AGARI ba="0,1" hai="4,8,14,48,50,53,55,56,57,60,62" m="47255" machi="14" ten="30,1500,0" yaku="8,1" doraHai="134" who="3" fromWho="1" sc="226,0,267,-15,274,0,223,25" /><INIT seed="3,1,0,2,1,0" ten="226,252,274,248" oya="3" hai0="54,135,130,60,13,4,68,75,49,52,107,99,126" hai1="56,18,89,117,45,23,100,85,104,50,127,39,112" hai2="2,84,65,40,124,51,34,20,91,28,37,24,16" hai3="114,125,33,76,111,95,11,10,30,110,106,133,62"/><W17/><G106/><T31/><D75/><U77/><E112/><V12/><F124/><W123/><G125/><T6/><D126/><U58/><E39/><V7/><F37/><W88/><G114/><T64/><D31/><U3/><E77/><V55/><F40/><W46/><G123/><T90/><D130/><U93/><E117/><V81/><F65/><W86/><G133/><T53/><D135/><U72/><E72/><V118/><F118/><W69/><G46/><T44/><D13/><U32/><E32/><V120/><F120/><W83/><G17/><T121/><D121/><U78/><E78/><V94/><F81/><W25/><G62/><T59/><D107/><U67/><E67/><V48/><F55/><N who="0" m="21066" /><D68/><U21/><E3/><V129/><F129/><W116/><G69/><T27/><D27/><U132/><E132/><V115/><F115/><W43/><G43/><T38/><D38/><U35/><E35/><V29/><F28/><W122/><G122/><T113/><D113/><U63/><E63/><V15/><F15/><W79/><G116/><T109/><D109/><N who="3" m="41481" /><G76/><T26/><D26/><U82/><E127/><V119/><F119/><W103/><G103/><T9/><D9/><AGARI ba="1,0" hai="2,7,9,12,16,20,24,29,34,48,51,84,91,94" machi="9" ten="40,8000,1" yaku="24,2,52,1,54,1" doraHai="0" who="2" fromWho="0" sc="226,-83,252,0,274,83,248,0" /><INIT seed="4,0,0,5,5,25" ten="143,252,357,248" oya="0" hai0="5,93,8,58,95,51,98,111,13,28,17,124,79" hai1="99,122,91,52,113,9,29,54,62,22,27,115,1" hai2="40,108,65,12,101,3,69,42,21,88,97,86,82" hai3="87,44,26,53,64,133,121,127,34,106,43,100,118"/><T45/><D124/><U71/><E122/><V72/><F3/><W39/><G118/><T81/><D111/><U68/><E91/><V96/><F108/><W76/><G127/><T123/><D123/><U36/><E36/><V73/><F69/><N who="1" m="26697" /><E62/><V18/><F65/><W49/><G64/><T31/><D58/><U116/><E99/><V63/><F63/><W125/><G125/><T103/><D95/><U14/><E1/><V46/><F97/><W61/><G61/><T50/><D17/><U75/><E75/><V59/><F59/><W70/><G70/><T131/><D131/><U47/><E47/><V94/><REACH who="2" step="1"/><F42/><REACH who="2" ten="143,252,347,248" step="2"/><W83/><G121/><T126/><D126/><U10/><E116/><V33/><F33/><W20/><G34/><T130/><D130/><U102/><E113/><V30/><F30/><N who="0" m="11306" /><D45/><U80/><E115/><V129/><F129/><W19/><G43/><T90/><D79/><U4/><E29/><V60/><F60/><W67/><G76/><T134/><D134/><U92/><E54/><V56/><F56/><W16/><G53/><T35/><D35/><U24/><E52/><V15/><F15/><W11/><G44/><T109/><D109/><U38/><E14/><V2/><F2/><W89/><G133/><T107/><D107/><U74/><E38/><AGARI ba="0,1" hai="12,18,21,38,40,46,72,73,82,86,88,94,96,101" machi="38" ten="30,3900,0" yaku="1,1,7,1,54,1,53,0" doraHai="25" doraHaiUra="32" who="2" fromWho="1" sc="143,0,252,-39,347,49,248,0" /><INIT seed="5,0,0,0,3,134" ten="143,213,396,248" oya="1" hai0="91,68,37,116,93,30,55,131,29,86,63,0,70" hai1="118,124,87,74,81,21,13,125,48,79,121,107,3" hai2="103,36,133,122,92,51,20,115,100,119,22,73,38" hai3="128,17,46,24,96,49,80,114,94,52,15,64,89"/><U99/><E118/><V135/><F119/><W120/><G120/><T111/><D37/><N who="2" m="14442" /><F73/><W62/><G114/><T18/><D116/><U113/><E121/><V34/><F122/><W2/><G2/><T76/><D111/><U66/><E3/><V28/><F115/><W65/><G128/><T123/><D123/><U6/><E113/><V41/><F34/><W71/><G80/><T16/><D0/><U83/><E66/><V97/><F103/><W31/><G71/><T26/><D131/><U53/><E99/><V98/><F98/><W95/><G62/><T85/><D68/><U110/><E107/><V84/><F84/><W10/><REACH who="3" step="1"/><G95/><REACH who="3" ten="143,213,396,238" step="2"/><T12/><D70/><U72/><E110/><V102/><F92/><W1/><G1/><T32/><D76/><U47/><E83/><V127/><F135/><W129/><G129/><T25/><D85/><U59/><E87/><V90/><F97/><W45/><G45/><T105/><D105/><U40/><E72/><V4/><F133/><W35/><AGARI ba="0,1" hai="10,15,17,24,31,35,46,49,52,64,65,89,94,96" machi="35" ten="20,8000,1" yaku="1,1,0,1,7,1,54,1,53,1" doraHai="134" doraHaiUra="27" who="3" fromWho="3" sc="143,-20,213,-40,396,-20,238,90" /><INIT seed="6,0,0,5,1,52" ten="123,173,376,328" oya="2" hai0="48,120,14,116,90,4,114,111,26,6,51,60,66" hai1="82,37,56,128,11,84,132,58,25,8,73,22,117" hai2="91,53,57,88,9,46,69,3,105,30,126,75,43" hai3="99,59,15,101,33,95,115,110,54,127,5,104,63"/><V83/><F69/><W79/><G110/><T81/><D111/><U98/><E73/><V86/><F105/><W113/><G33/><T77/><D120/><U109/><E109/><V21/><F75/><W134/><G79/><T50/><D116/><U40/><E117/><V38/><F126/><W74/><G74/><T96/><D114/><N who="3" m="43529" /><G127/><T42/><D42/><U64/><E128/><V36/><F36/><W1/><G134/><T27/><D96/><U72/><E72/><V119/><F119/><W39/><G39/><T29/><D77/><N who="1" m="46159" /><E37/><V118/><F118/><W85/><G85/><T131/><D131/><U103/><E40/><V10/><F91/><W61/><G1/><T124/><D124/><U68/><E68/><V65/><F65/><W129/><G129/><T100/><D100/><U20/><E64/><V13/><F3/><W45/><G45/><T44/><D44/><U28/><E132/><V24/><REACH who="2" step="1"/><F13/><REACH who="2" ten="123,173,366,328" step="2"/><W93/><G15/><T135/><D14/><U102/><E102/><V18/><F18/><W31/><G31/><T7/><D135/><U35/><E103/><V94/><F94/><N who="3" m="35851" /><G5/><T108/><D108/><U17/><E28/><V55/><F55/><W62/><AGARI ba="0,1" hai="54,59,61,62,63,99,101,104" m="35851,43529" machi="62" ten="30,4000,0" yaku="15,1,11,1,52,1" doraHai="52" who="3" fromWho="3" sc="123,-10,173,-10,366,-20,328,50" /><INIT seed="7,0,0,1,2,124" ten="113,163,346,378" oya="3" hai0="69,4,134,71,6,19,25,7,59,51,125,9,52" hai1="13,78,90,113,68,76,12,10,44,31,33,66,0" hai2="85,17,115,2,11,64,67,121,72,104,120,77,119" hai3="65,128,50,98,42,35,43,26,38,84,32,48,95"/><W57/><G128/><T37/><D37/><U24/><E113/><V101/><F119/><W92/><G38/><T132/><D125/><U29/><E0/><V122/><F72/><W39/><G39/><T99/><D99/><U40/><E31/><V88/><F77/><W79/><G26/><T129/><D129/><U74/><E90/><V109/><F109/><W21/><G21/><T130/><D130/><U100/><E100/><V94/><F115/><W22/><G22/><T75/><D75/><U27/><E27/><V111/><F111/><W91/><G32/><T55/><D25/><U41/><E13/><N who="2" m="7359" /><F2/><W20/><G79/><T61/><D19/><U62/><E74/><V34/><F34/><W102/><G20/><T58/><REACH who="0" step="1"/><D9/><REACH who="0" ten="103,163,346,378" step="2"/><U46/><E10/><V14/><F14/><W30/><G30/><T89/><D89/><U118/><E118/><V86/><F86/><W15/><G15/><T133/><AGARI ba="0,1" hai="4,6,7,51,52,55,58,59,61,69,71,132,133,134" machi="133" ten="40,8000,1" yaku="1,1,0,1,20,1,54,1,53,0" doraHai="124" doraHaiUra="103" who="0" fromWho="0" sc="103,90,163,-20,346,-20,378,-40" owari="193,-21.0,143,-36.0,326,13.0,338,44.0" /></mjloggm>