<mjloggm ver="2.3"><GO type="193" lobby="0"/><UN n0="%E3%83%AC%E3%82%A4%E3%83%AD%E3%82%A6" n1="%E3%81%8B%E3%81%A3%E3%81%B1%31%E5%8F%B7" n2="%E3%83%88%E3%83%88%E3%83%AA%E5%85%88%E7%94%9F%31%39%E6%AD%B3" n3="%6B%69%79%6F%73%75" dan="12,13,9,13" rate="1738.79,1809.71,1782.46,1783.25" sx="F,M,F,M"/><TAIKYOKU oya="0"/><INIT seed="0,0,0,1,1,47" ten="250,250,250,250" oya="0" hai0="108,77,79,99,8,27,65,23,118,37,46,22,111" hai1="2,60,20,91,67,112,56,31,48,81,73,129,40" hai2="106,43,58,5,117,123,69,55,122,101,127,10,66" hai3="29,104,16,84,3,130,89,17,36,70,90,1,131"/><T54/><D118/><U30/><E2/><N who="3" m="522" /><G36/><T100/><D65/><U44/><E129/><N who="3" m="49162" /><G104/><N who="0" m="63519" /><D8/><U88/><E112/><V115/><F115/><W14/><G70/><T49/><D37/><U109/><E109/><N who="0" m="42057" /><D22/><U13/><E73/><V121/><F117/><W41/><G41/><T107/><D107/><U25/><E81/><V71/><F43/><W124/><G124/><T120/><D120/><U113/><E113/><V19/><F127/><W61/><G29/><AGARI ba="0,0" hai="23,27,29,46,49,54,77,79" m="42057,63519" machi="29" ten="30,5800,0" yaku="14,1,10,1,52,1" doraHai="47" who="0" fromWho="3" sc="250,58,250,0,250,0,250,-58" /><INIT seed="0,1,0,4,3,23" ten="308,250,250,192" oya="0" hai0="10,105,98,120,122,16,114,115,63,51,110,53,127" hai1="35,64,11,134,62,75,124,112,68,125,95,91,52" hai2="99,129,19,55,8,118,24,41,77,21,25,76,3" hai3="34,66,109,113,5,40,85,69,70,133,82,32,27"/><T78/><D78/><N who="2" m="30314" /><F3/><W56/><G113/><N who="0" m="43019" /><D105/><U47/><E134/><V121/><F121/><N who="0" m="46698" /><D98/><U132/><E132/><V79/><F118/><W123/><G133/><T39/><D10/><U45/><E35/><V86/><F129/><W93/><G123/><T103/><D103/><U130/><E130/><V58/><F41/><W72/><G72/><T37/><D16/><U12/><E75/><V9/><F99/><W80/><G5/><T60/><D127/><N who="1" m="48715" /><E112/><V135/><F135/><W42/><G56/><N who="0" m="32831" /><D110/><U59/><E91/><V88/><F79/><W106/><G109/><T38/><AGARI ba="1,0" hai="37,38,39,60,63" m="32831,46698,43019" machi="38" ten="40,3900,0" yaku="34,2" doraHai="23" who="0" fromWho="0" sc="308,42,250,-14,250,-14,192,-14" /><INIT seed="0,2,0,5,2,105" ten="350,236,236,178" oya="0" hai0="109,118,93,87,121,58,116,45,9,20,0,104,90" hai1="108,21,24,94,18,4,122,54,23,2,66,82,112" hai2="79,72,123,22,68,17,1,75,96,78,13,5,111" hai3="117,110,41,12,32,99,42,73,3,55,101,35,86"/><T81/><D121/><U129/><E108/><V59/><F123/><W91/><G3/><T115/><D115/><U80/><E122/><V43/><F68/><W47/><G117/><T126/><D104/><U63/><E129/><V28/><F111/><W88/><G110/><T40/><D109/><U102/><E112/><V100/><F43/><W14/><G55/><T130/><D118/><U120/><E120/><V84/><F28/><W70/><G70/><T25/><D116/><U30/><E54/><V15/><F1/><W36/><G101/><T38/><D58/><N who="1" m="37239" /><E4/><V50/><F50/><W60/><G60/><T39/><D130/><U97/><E2/><V53/><F53/><W64/><G64/><T10/><D39/><U16/><E18/><V7/><F59/><W125/><G86/><T98/><D0/><U51/><E51/><V71/><F71/><W33/><G125/><T31/><REACH who="0" step="1"/><D126/><REACH who="0" ten="340,236,236,178" step="2"/><U89/><E102/><AGARI ba="2,1" hai="9,10,20,25,31,38,40,45,81,87,90,93,98,102" machi="102" ten="30,5800,0" yaku="1,1,2,1,7,1,53,0" doraHai="105" doraHaiUra="57" who="0" fromWho="1" sc="340,74,236,-64,236,0,178,0" /><INIT seed="0,3,0,4,2,8" ten="414,172,236,178" oya="0" hai0="120,70,68,125,51,14,82,108,69,113,5,135,28" hai1="31,129,49,85,86,40,122,124,36,118,92,43,88" hai2="123,2,61,114,1,115,47,6,17,19,72,59,29" hai3="23,39,56,133,76,119,25,12,97,117,42,78,3"/><T112/><D28/><U79/><E118/><V53/><F123/><W15/><G3/><T66/><D5/><U50/><E122/><V24/><F72/><W0/><G0/><T95/><D82/><U34/><E124/><V96/><F2/><W18/><G133/><T73/><D73/><U100/><E129/><V11/><F96/><W13/><G97/><T7/><D120/><U10/><E36/><V74/><F74/><W60/><G39/><T131/><D95/><U89/><E31/><V104/><F104/><W63/><G42/><T132/><D7/><U107/><E34/><V101/><F101/><W87/><G87/><T21/><D21/><U128/><E128/><V27/><F27/><W38/><G38/><T33/><D33/><U75/><E75/><V90/><F90/><W77/><REACH who="3" step="1"/><G63/><REACH who="3" ten="414,172,236,168" step="2"/><T103/><D131/><U80/><E107/><V105/><F105/><W91/><G91/><T65/><D103/><U52/><E100/><V84/><F84/><W9/><G9/><T64/><D51/><U26/><E49/><V67/><F114/><N who="0" m="44138" /><D108/><U62/><E62/><V110/><F115/><W134/><G134/><N who="0" m="51243" /><D125/><U54/><E50/><V130/><F110/><W22/><G22/><T46/><D14/><U127/><E127/><V98/><F130/><W4/><G4/><T111/><D111/><U102/><E102/><V41/><F6/><W48/><G48/><T126/><D126/><U45/><E89/><V94/><F1/><W44/><G44/><AGARI ba="3,1" hai="44,46,64,65,66,68,69,70" m="51243,44138" machi="44" ten="50,12000,1" yaku="28,2,20,1,34,2" doraHai="8" who="0" fromWho="3" sc="414,139,172,0,236,0,168,-129" /><INIT seed="0,4,0,2,5,7" ten="553,172,236,39" oya="0" hai0="86,115,114,5,12,132,134,135,68,131,102,130,6" hai1="34,18,95,73,46,76,59,62,71,122,133,64,54" hai2="17,50,119,84,40,45,83,60,61,104,4,52,121" hai3="3,92,48,51,97,127,129,53,33,31,74,41,98"/><T117/><D68/><U116/><E122/><V56/><F121/><W118/><G74/><T11/><D102/><U1/><E116/><V110/><F104/><W67/><G118/><T100/><D100/><U87/><E133/><V39/><F119/><W111/><G111/><T94/><D94/><U0/><E34/><V15/><F4/><W107/><G3/><T63/><D86/><U30/><E30/><V88/><REACH who="2" step="1"/><F110/><REACH who="2" ten="553,172,226,39" step="2"/><W69/><G129/><N who="0" m="49163" /><D117/><U82/><E0/><V96/><F96/><W43/><G127/><T91/><D5/><U113/><E1/><V65/><F65/><W90/><G107/><T120/><D120/><U66/><E64/><V126/><F126/><W9/><G98/><T47/><D63/><U49/><E62/><V57/><F57/><W25/><G69/><T32/><D47/><U14/><E59/><V42/><F42/><W128/><G67/><T13/><D114/><U123/><E66/><V85/><F85/><W37/><G41/><T58/><D115/><U26/><E71/><V55/><F55/><W109/><G53/><T22/><D58/><U10/><E113/><V38/><F38/><W28/><G128/><T101/><D6/><U78/><E123/><V36/><F36/><W105/><G105/><T93/><D132/><U80/><E46/><V27/><F27/><W124/><G124/><T70/><D134/><U20/><E26/><V89/><F89/><W29/><G109/><T112/><D135/><U16/><E73/><V44/><F44/><W106/><G106/><T77/><D112/><U125/><E125/><V75/><F75/><RYUUKYOKU ba="4,1" sc="553,-10,172,-10,226,30,39,-10" hai2="15,17,39,40,45,50,52,56,60,61,83,84,88" /><INIT seed="1,5,1,4,1,98" ten="543,162,256,29" oya="1" hai0="74,84,133,33,19,94,38,103,135,109,16,82,132" hai1="120,44,104,42,39,25,8,50,71,127,29,75,73" hai2="107,52,17,69,126,128,114,21,54,47,76,20,121" hai3="119,40,112,0,130,105,49,91,11,55,70,108,77"/><U56/><E120/><V79/><F121/><W35/><G77/><N who="2" m="29769" /><F69/><W86/><G40/><T83/><D38/><U117/><E127/><V26/><F107/><W92/><G112/><T48/><D33/><U9/><E117/><V36/><F36/><W4/><G119/><T22/><D74/><U14/><E104/><V116/><F116/><W28/><G130/><T113/><D113/><U100/><E71/><V58/><F128/><W93/><G70/><T66/><D66/><U102/><E75/><V118/><F114/><W101/><G108/><T97/><D48/><N who="1" m="26647" /><E73/><V106/><F106/><W15/><G15/><N who="0" m="9503" /><D19/><N who="1" m="8647" /><E9/><V59/><F126/><W67/><G67/><T63/><D63/><U89/><E89/><V23/><F47/><W78/><G78/><N who="0" m="46167" /><D83/><U131/><E39/><V5/><F118/><W12/><G28/><T6/><D6/><U13/><E13/><V43/><F5/><W53/><G35/><T27/><D27/><U72/><E72/><V122/><F122/><W41/><G105/><T32/><D32/><U57/><E131/><V7/><F7/><W68/><G68/><T30/><D30/><U129/><E129/><V95/><F43/><W85/><G0/><T96/><D96/><U34/><E50/><N who="2" m="30999" /><F26/><W62/><G62/><T51/><D51/><U134/><E134/><V81/><F17/><W90/><G41/><T88/><D109/><U80/><E80/><V61/><F81/><W65/><G65/><T87/><D87/><U110/><E110/><V37/><F37/><W125/><G125/><T111/><D111/><U115/><E115/><V64/><F64/><RYUUKYOKU ba="5,1" sc="543,10,162,10,256,10,29,-30" hai0="88,94,97,103,132,133,135" hai1="25,29,34,56,57,100,102" hai2="20,21,23,54,59,61,95" owari="563,66.0,172,-23.0,266,7.0,-1,-50.0" /></mjloggm>