<mjloggm ver="2.3"><GO type="41" lobby="0"/><UN n0="%E3%82%89%E3%81%84%E3%81%B5%E3%81%8C%E3%83%BC%E3%81%A9%E3%81%99%E3%81%8D" n1="%E5%A4%A2%E5%B9%BB%E9%8F%A1%E8%8A%B1" n2="%E4%B8%8B%E5%AE%B6%E3%81%AF%E4%BF%BA%E3%81%AE%E5%AB%81" n3="%E5%B0%B1%E6%B4%BB%E7%94%9F%40%E5%B7%9D%E6%9D%91%E8%BB%8D%E5%9B%A3" dan="15,15,13,17" rate="2000.15,1968.21,1872.20,2158.68" sx="M,M,M,M"/><TAIKYOKU oya="0"/><INIT seed="0,0,0,2,1,69" ten="250,250,250,250" oya="0" hai0="99,105,16,130,127,110,125,5,67,121,30,20,77" hai1="87,78,61,70,44,92,46,86,75,40,83,21,2" hai2="132,47,50,117,65,60,126,14,131,25,79,48,33" hai3="93,4,91,109,13,124,37,58,111,88,15,36,23"/><T129/><D121/><U85/><E2/><V57/><F79/><W12/><G124/><N who="0" m="47691" /><D30/><U7/><E7/><V101/><F101/><W52/><G4/><T122/><D122/><U98/><E21/><V55/><F126/><W28/><G28/><T74/><D67/><U72/><E46/><V73/><F73/><W10/><G10/><T107/><D5/><U1/><E1/><V133/><F131/><N who="0" m="50186" /><D99/><U90/><E61/><V128/><F128/><W116/><G23/><T76/><D110/><N who="3" m="41993" /><G116/><T18/><D18/><U35/><E70/><V119/><F14/><W17/><G17/><T89/><D89/><N who="3" m="34377" /><G93/><T41/><D41/><U56/><E35/><V118/><REACH who="2" step="1"/><F50/><AGARI ba="0,0" hai="12,13,15,36,37,50,52,58" m="34377,41993" machi="50" ten="30,8000,1" yaku="14,1,52,2,54,2" doraHai="69" who="3" fromWho="2" sc="250,0,250,0,250,-80,250,80" /><INIT seed="1,0,0,3,4,84" ten="250,250,170,330" oya="1" hai0="53,93,42,50,59,87,63,4,62,100,109,55,129" hai1="106,117,45,18,86,128,17,72,5,113,133,97,122" hai2="23,44,101,126,51,40,78,0,131,103,56,68,6" hai3="135,37,7,115,39,79,71,75,89,130,102,111,36"/><U19/><E72/><V11/><F68/><W112/><G71/><T70/><D4/><U15/><E122/><V31/><F131/><W114/><G130/><T119/><D119/><U26/><E117/><V132/><F132/><W12/><G135/><T61/><D129/><U123/><E123/><V33/><F126/><W27/><G111/><T49/><D109/><U67/><E113/><V34/><F78/><W46/><G102/><T76/><D100/><U20/><E133/><V54/><F33/><W41/><G79/><T24/><D24/><U99/><E67/><V96/><F34/><W2/><G75/><T38/><D93/><U77/><E106/><V92/><F23/><W91/><G2/><T85/><D87/><U29/><E45/><V32/><F32/><W90/><REACH who="3" step="1"/><G27/><REACH who="3" ten="250,250,170,320" step="2"/><T108/><D76/><U43/><E128/><V127/><F103/><W35/><G35/><T80/><D108/><U60/><E77/><V58/><F101/><W110/><G110/><T52/><D70/><U73/><E26/><V98/><F0/><W3/><G3/><T124/><D124/><U74/><E74/><V13/><F127/><W82/><G82/><T64/><D80/><U88/><E73/><V9/><F13/><W95/><G95/><T22/><D64/><U104/><E15/><V69/><F92/><W47/><G47/><T30/><D30/><U10/><E104/><V16/><F44/><W65/><G65/><T81/><D81/><U1/><E29/><V28/><F28/><W118/><G118/><T66/><D66/><U116/><E116/><V83/><F31/><RYUUKYOKU ba="0,1" sc="250,-10,250,-10,170,-10,320,30" hai3="7,12,36,37,39,41,46,89,90,91,112,114,115" /><INIT seed="2,1,1,0,3,97" ten="240,240,160,350" oya="2" hai0="18,8,56,63,100,51,67,128,125,121,135,3,27" hai1="28,41,30,9,20,103,21,133,58,43,84,108,104" hai2="12,91,13,16,29,116,113,86,115,106,38,33,118" hai3="15,10,35,69,24,4,74,75,50,23,36,79,119"/><V110/><F38/><W109/><G36/><T96/><D121/><U122/><E108/><V78/><F78/><W65/><G109/><T120/><D120/><U90/><E122/><V131/><F110/><W57/><G35/><T95/><D128/><U81/><E133/><V7/><F106/><W26/><G119/><N who="2" m="45609" /><F86/><W111/><G111/><T94/><D135/><U101/><E104/><V31/><F91/><W70/><G26/><T117/><D125/><U105/><E105/><V114/><F131/><W77/><G77/><T124/><D124/><U129/><E129/><V89/><F89/><W59/><G59/><T102/><D117/><U11/><E58/><V53/><F53/><W88/><G88/><N who="0" m="55367" /><D3/><U52/><E90/><V45/><F45/><W73/><G79/><T85/><D51/><U5/><E5/><V82/><F82/><W134/><G134/><T76/><D95/><U107/><E107/><V42/><F42/><W98/><G98/><T68/><D68/><U22/><E52/><V19/><F7/><W112/><G112/><T93/><D93/><U32/><E32/><V61/><F61/><W132/><G132/><T80/><D27/><U66/><E81/><V40/><F40/><N who="1" m="15433" /><E84/><V54/><F54/><N who="3" m="31959" /><G65/><T55/><D67/><U130/><E66/><V0/><F0/><W49/><G49/><T83/><D83/><U47/><E130/><V87/><F87/><W37/><G37/><T72/><D72/><U71/><E71/><V48/><F48/><W44/><G44/><T123/><D123/><U126/><E47/><V6/><F6/><W1/><G1/><RYUUKYOKU ba="1,1" sc="240,15,240,-15,160,-15,350,15" hai0="8,18,55,56,63,76,80,85,100,102" hai3="4,10,15,23,24,69,70,73,74,75" /><INIT seed="3,2,1,5,2,94" ten="255,225,145,365" oya="3" hai0="16,79,115,7,12,45,85,87,3,59,127,68,27" hai1="53,117,41,131,114,95,63,80,24,0,1,119,2" hai2="58,36,47,37,134,108,25,14,40,126,76,90,116" hai3="100,121,107,130,55,18,67,50,13,5,101,98,104"/><W57/><G121/><T91/><D68/><U56/><E114/><V89/><F116/><N who="1" m="44617" /><E41/><V4/><F76/><W30/><G130/><T105/><D105/><U113/><E113/><V22/><F37/><W42/><G30/><T128/><D128/><U77/><E24/><V92/><F108/><W111/><G111/><T10/><D127/><U44/><E131/><V64/><F126/><W124/><G124/><T8/><D115/><U129/><E129/><V97/><F134/><W15/><G5/><T54/><D45/><U6/><E44/><V75/><F75/><W66/><G42/><T103/><D103/><U72/><E95/><V109/><F109/><W88/><G15/><T132/><D132/><U32/><E32/><V48/><F90/><W78/><G78/><T73/><D73/><U84/><E72/><V21/><F21/><W69/><G69/><T122/><D27/><U19/><E19/><N who="2" m="10615" /><F25/><W20/><G88/><T65/><D122/><U31/><E31/><V46/><F36/><W110/><G110/><T39/><D39/><U35/><E35/><V112/><F46/><W83/><G83/><T49/><D79/><U106/><E106/><V38/><F38/><W33/><G33/><T23/><D91/><U125/><E125/><V43/><F112/><W74/><G74/><T102/><D102/><U99/><E6/><V26/><F4/><W29/><G29/><T34/><D34/><U93/><E0/><V17/><F26/><W60/><G60/><N who="0" m="38047" /><D8/><U82/><E82/><V62/><F40/><W96/><AGARI ba="2,1" hai="13,18,20,50,55,57,66,67,96,98,100,101,104,107" machi="96" ten="30,11700,0" yaku="0,1,9,1,52,2" doraHai="94" who="3" fromWho="3" sc="255,-41,225,-41,145,-41,365,133" /><INIT seed="3,3,0,5,4,93" ten="214,184,104,498" oya="3" hai0="124,14,97,41,115,32,78,50,106,114,31,101,30" hai1="54,56,98,29,39,132,90,27,116,52,22,73,34" hai2="63,28,55,95,68,1,85,75,135,9,71,62,0" hai3="48,117,83,58,24,121,94,49,6,19,120,79,64"/><W126/><G117/><T134/><D124/><U38/><E73/><V110/><F75/><W10/><G126/><T13/><D134/><U82/><E132/><V57/><F135/><W51/><G64/><T33/><D78/><U66/><E116/><V60/><F28/><N who="0" m="10794" /><D50/><U46/><E34/><N who="0" m="13417" /><D41/><U70/><E70/><V84/><F110/><W130/><G58/><T131/><D131/><U108/><E108/><V2/><F9/><W4/><G130/><T61/><D61/><N who="1" m="38183" /><E39/><V21/><F21/><W99/><G121/><T81/><D81/><U122/><E38/><V119/><F119/><W45/><G120/><T123/><D123/><U35/><E35/><V16/><F16/><W88/><G45/><T105/><D105/><U8/><E46/><V89/><REACH who="2" step="1"/><F84/><REACH who="2" ten="214,184,94,498" step="2"/><N who="3" m="48255" /><G10/><T67/><D114/><U23/><E8/><V87/><F87/><W125/><G125/><T17/><D115/><U5/><E122/><V112/><F112/><W129/><G129/><T40/><D17/><U109/><E109/><V26/><F26/><W3/><G3/><T42/><D14/><U113/><E113/><V53/><F53/><W12/><G12/><T36/><D13/><U25/><E5/><V80/><F80/><W77/><G77/><T86/><D86/><N who="1" m="50519" /><E98/><V69/><AGARI ba="3,1" hai="0,1,2,55,57,60,62,63,68,69,71,85,89,95" machi="69" ten="40,2700,0" yaku="1,1,0,1,53,0" doraHai="93" doraHaiUra="128" who="2" fromWho="2" sc="214,-10,184,-10,94,46,498,-16" /><INIT seed="4,0,0,1,0,9" ten="204,174,140,482" oya="0" hai0="19,122,7,113,131,20,10,75,101,89,61,0,68" hai1="43,8,48,14,35,49,23,24,33,16,55,51,105" hai2="85,4,71,37,66,96,53,99,25,69,1,76,22" hai3="109,114,132,56,21,127,133,104,103,97,112,73,128"/><T135/><D75/><U88/><E105/><V121/><F121/><W38/><G38/><T100/><D122/><U28/><E43/><V94/><F37/><W106/><G73/><T107/><D113/><N who="3" m="43625" /><G127/><T5/><D131/><U119/><E119/><V60/><F53/><W12/><G128/><T58/><D68/><U110/><E110/><V11/><F76/><W115/><G115/><T47/><D135/><N who="3" m="51785" /><G56/><T32/><D32/><U44/><E33/><V102/><F85/><W6/><G109/><T13/><D47/><U29/><E29/><V83/><F83/><W42/><G42/><T15/><D107/><U86/><E35/><V130/><F99/><W31/><G31/><T17/><D7/><U34/><E34/><V134/><F134/><W70/><G70/><T65/><D89/><U41/><E41/><V50/><F50/><W3/><G3/><T120/><D120/><U126/><E126/><V40/><F40/><W74/><G74/><T116/><D116/><U82/><AGARI ba="0,0" hai="8,14,16,23,24,28,44,48,49,51,55,82,86,88" machi="82" ten="20,16000,3" yaku="0,1,7,1,25,2,8,1,52,1,54,2" doraHai="9" who="1" fromWho="1" sc="204,-80,174,160,140,-40,482,-40" /><INIT seed="5,0,0,4,2,45" ten="124,334,100,442" oya="1" hai0="101,130,19,70,58,125,115,99,3,127,110,84,31" hai1="61,92,27,77,134,21,72,98,74,6,1,89,88" hai2="91,113,103,14,119,76,86,38,97,105,102,39,25" hai3="117,112,10,44,73,2,121,131,126,82,16,23,81"/><U51/><E134/><V18/><F119/><W41/><G121/><T30/><D70/><U133/><E133/><V108/><F108/><W93/><G112/><T7/><D110/><U107/><E61/><V132/><F132/><W79/><G117/><T64/><D115/><U29/><E6/><V116/><F116/><W111/><G131/><T9/><D130/><U50/><E1/><V17/><F76/><W80/><G126/><T8/><D84/><N who="1" m="52231" /><E74/><V106/><F113/><W20/><G111/><T128/><D128/><U69/><E69/><V4/><F4/><W118/><G118/><T28/><D19/><U55/><E55/><V62/><F62/><W100/><G23/><T47/><D9/><U46/><E46/><V36/><F25/><W52/><G10/><T34/><D47/><U96/><E89/><V68/><F68/><W65/><G65/><T90/><D90/><U32/><E32/><V24/><F24/><W35/><G2/><T71/><D71/><U63/><E63/><V0/><F0/><W78/><G35/><T54/><D64/><U123/><E123/><V122/><F122/><W37/><G73/><T120/><D34/><U129/><E129/><V5/><F5/><W33/><G33/><T75/><D75/><U48/><E107/><V67/><F67/><W57/><G100/><T66/><D66/><U49/><N who="1" m="12288" /><DORA hai="114" /><U11/><E11/><V12/><F103/><W104/><G104/><N who="0" m="63551" /><D120/><U85/><E72/><V22/><F105/><W53/><G93/><T40/><D40/><U95/><E95/><N who="2" m="54775" /><F36/><W56/><G37/><T124/><D127/><RYUUKYOKU ba="0,0" sc="124,10,334,10,100,10,442,-30" hai0="3,7,8,28,30,31,54,58,124,125" hai1="21,27,29,77,85,96,98" hai2="12,14,17,18,22,38,39,97,102,106" /><INIT seed="5,1,0,3,2,7" ten="134,344,110,412" oya="1" hai0="113,41,51,45,46,36,67,40,27,1,82,18,87" hai1="4,55,135,12,65,31,107,132,20,124,6,126,97" hai2="110,64,105,100,127,42,108,79,21,10,33,86,24" hai3="109,25,9,74,15,38,50,133,130,106,78,81,99"/><U17/><E65/><V60/><F42/><W47/><G109/><T39/><D113/><U103/><E55/><V63/><F127/><N who="1" m="48681" /><E31/><V0/><F33/><W101/><G130/><T96/><D1/><U37/><E37/><V66/><F100/><W57/><G133/><AGARI ba="1,0" hai="4,6,12,17,20,97,103,107,132,133,135" m="48681" machi="133" ten="30,2900,0" yaku="20,1,18,1" doraHai="7" who="1" fromWho="3" sc="134,0,344,32,110,0,412,-32" /><INIT seed="5,2,0,2,0,95" ten="134,376,110,380" oya="1" hai0="22,7,60,121,109,62,14,88,98,72,91,20,79" hai1="83,46,129,110,64,33,50,133,99,44,124,122,52" hai2="63,15,38,104,1,80,23,73,57,4,70,24,75" hai3="47,85,112,39,40,96,102,116,5,103,125,29,128"/><U48/><E122/><V59/><F104/><W45/><G116/><T130/><D109/><U16/><E110/><V100/><F38/><W92/><G112/><T51/><D130/><U56/><E129/><V108/><F108/><W119/><G119/><T61/><D79/><U55/><E33/><V43/><F43/><W3/><G125/><T12/><D72/><U68/><E124/><V90/><F100/><W111/><G111/><T120/><D51/><U115/><E115/><V27/><F27/><W66/><G128/><T32/><D32/><U36/><E133/><V9/><F70/><W25/><G66/><T131/><D131/><U93/><E83/><V6/><F6/><W37/><G85/><T76/><D76/><U132/><E132/><V53/><F1/><W101/><G5/><T123/><D7/><U13/><E36/><V42/><F42/><W94/><G3/><T126/><D126/><U0/><E0/><V67/><F90/><N who="0" m="34346" /><D98/><U135/><E135/><V49/><REACH who="2" step="1"/><F80/><REACH who="2" ten="134,376,100,380" step="2"/><W113/><G113/><T117/><D117/><U114/><E68/><V17/><AGARI ba="2,1" hai="4,9,15,17,23,24,49,53,57,59,63,67,73,75" machi="17" ten="20,8000,1" yaku="1,1,2,1,0,1,7,1,53,1" doraHai="95" doraHaiUra="2" who="2" fromWho="2" sc="134,-22,376,-42,100,96,380,-22" /><INIT seed="6,0,0,0,2,31" ten="112,334,196,358" oya="2" hai0="52,6,33,73,113,61,13,109,132,65,43,116,95" hai1="8,127,23,91,27,68,70,20,128,84,89,45,101" hai2="98,28,15,37,93,55,0,51,126,111,54,87,32" hai3="62,86,96,35,102,75,92,106,131,88,130,119,58"/><V99/><F37/><W90/><G119/><T72/><D109/><U105/><E23/><V80/><F111/><W26/><G75/><T115/><D43/><U77/><E127/><V122/><F126/><W49/><G49/><T3/><D3/><U17/><E45/><V112/><F122/><W107/><G90/><T29/><D116/><U5/><E128/><N who="3" m="49194" /><G26/><N who="0" m="18615" /><D132/><U53/><E53/><V4/><F0/><W36/><G36/><T117/><D95/><U120/><E120/><V34/><F28/><W48/><G48/><T69/><D117/><U12/><E77/><V9/><F112/><N who="0" m="43082" /><D52/><U114/><E114/><V46/><F55/><N who="3" m="34143" /><G35/><T133/><D133/><U66/><E66/><V7/><F7/><W97/><G97/><T83/><D83/><AGARI ba="0,0" hai="83,86,88,92,96,102,106,107" m="34143,49194" machi="83" ten="30,2000,0" yaku="19,1,54,1" doraHai="31" who="3" fromWho="0" sc="112,-20,334,0,196,0,358,20" /><INIT seed="7,0,0,2,5,28" ten="92,334,196,378" oya="3" hai0="130,66,116,97,7,56,64,79,76,36,33,25,95" hai1="24,134,13,1,96,65,102,72,69,122,86,119,105" hai2="123,11,40,74,126,68,107,70,61,78,37,114,54" hai3="34,125,91,60,19,84,12,128,18,26,44,42,81"/><W132/><G125/><T127/><D36/><U8/><E122/><V124/><F114/><W4/><G128/><T15/><D127/><N who="2" m="48682" /><F107/><W2/><G34/><T17/><D116/><U3/><E134/><V67/><F123/><W121/><G2/><T45/><D130/><U82/><E24/><V27/><F27/><W101/><G101/><T111/><D7/><U5/><E119/><V55/><F68/><W89/><G60/><T0/><D0/><U47/><E47/><V62/><F62/><W129/><G129/><T23/><D111/><U92/><E65/><V48/><F11/><W133/><G121/><T35/><D45/><U117/><E69/><V38/><F78/><W109/><G109/><T88/><D56/><U103/><E117/><V53/><F74/><W21/><G89/><T43/><D43/><U80/><E80/><V52/><F40/><W41/><G4/><T83/><D25/><U98/><REACH who="1" step="1"/><E72/><REACH who="1" ten="92,324,196,378" step="2"/><V30/><F30/><N who="3" m="17743" /><G44/><AGARI ba="0,1" hai="37,38,44,48,52,53,54,55,61,67,70" m="48682" machi="44" ten="30,7700,0" yaku="18,1,34,2,54,1" doraHai="28" who="2" fromWho="3" sc="92,0,324,0,196,87,378,-77" owari="92,-41.0,324,43.0,283,-12.0,301,10.0" /></mjloggm>