<mjloggm ver="2.3"><GO type="169" lobby="0"/><UN n0="%E3%81%B2%E3%81%90%E3%81%A1" n1="%E7%94%9F%E3%81%8D%E3%81%A6%E3%81%A6%E3%82%88%E3%81%8B%E3%81%A3%E3%81%9F" n2="%E3%82%A6%E3%83%AB%E3%83%88%E3%83%A9%E7%AB%8B%E7%9B%B4" n3="%31%30%30%27%73" dan="17,16,17,16" rate="2089.93,2041.63,2156.67,2046.60" sx="M,F,M,M"/><TAIKYOKU oya="0"/><INIT seed="0,0,0,0,0,4" ten="250,250,250,250" oya="0" hai0="33,116,110,132,114,76,23,92,38,19,8,43,35" hai1="49,20,54,41,2,55,34,29,32,99,125,57,119" hai2="24,91,15,94,83,133,46,108,10,105,107,113,37" hai3="117,71,69,56,74,111,129,66,112,18,85,31,98"/><T45/><D114/><U62/><E119/><V47/><F113/><W14/><G74/><T135/><D116/><U90/><E125/><V121/><F121/><W17/><G112/><T61/><D76/><U44/><E2/><V12/><F83/><W39/><G39/><T106/><D106/><U134/><E134/><N who="0" m="51241" /><D110/><U50/><E29/><V82/><F82/><W51/><G31/><T70/><D92/><U104/><E20/><V36/><F24/><W67/><G98/><T58/><D70/><U78/><E78/><V7/><F133/><W27/><G71/><T93/><D93/><U5/><E5/><V102/><F102/><W30/><G30/><T103/><D103/><U86/><E99/><V120/><F120/><W131/><G69/><T84/><D84/><U13/><E13/><V122/><F15/><W80/><G14/><N who="0" m="7623" /><D23/><U52/><E104/><V124/><F108/><W22/><G85/><T81/><D81/><N who="1" m="49487" /><E32/><V26/><F122/><W64/><G22/><T130/><D130/><U40/><E34/><V100/><F107/><W79/><G111/><T96/><D96/><U63/><E63/><V77/><F105/><W28/><G117/><T128/><D128/><U73/><E73/><V1/><F77/><W59/><G131/><T72/><D72/><U16/><E16/><V53/><F100/><W68/><G129/><T123/><D123/><U109/><E109/><V42/><F94/><W25/><G79/><T75/><D75/><U97/><E97/><V87/><F87/><W3/><G80/><T95/><D95/><U127/><E127/><V48/><F124/><RYUUKYOKU ba="0,0" sc="250,15,250,15,250,-15,250,-15" hai0="33,35,38,43,45,58,61" hai1="40,41,44,49,50,52,54,55,57,62" /><INIT seed="0,1,0,0,3,22" ten="265,265,235,235" oya="0" hai0="55,60,97,122,79,59,3,27,28,94,23,43,51" hai1="78,53,111,119,7,118,107,67,89,64,8,44,91" hai2="120,68,33,45,101,104,24,13,1,130,38,80,113" hai3="19,15,84,69,115,5,70,74,20,77,31,99,66"/><T121/><D3/><U106/><E78/><V30/><F13/><W131/><G115/><T132/><D132/><U16/><E44/><V72/><F120/><W73/><G131/><T12/><D79/><U11/><E7/><V37/><F130/><W135/><G135/><T85/><D85/><U71/><E53/><V96/><F113/><W42/><G42/><T98/><D98/><U63/><E63/><V110/><F110/><W46/><G46/><T34/><D43/><U134/><E134/><V54/><F54/><W47/><G47/><T117/><D117/><U29/><E29/><V123/><F123/><W100/><G5/><T127/><D127/><U2/><E16/><V36/><F45/><W82/><G31/><T21/><D60/><U17/><E17/><V90/><F90/><W83/><G66/><T109/><D109/><U102/><E102/><V124/><F124/><W75/><REACH who="3" step="1"/><G83/><REACH who="3" ten="265,265,235,225" step="2"/><T57/><D121/><U4/><E4/><V126/><F126/><W32/><G32/><T108/><D34/><U62/><E111/><V41/><F41/><W40/><G40/><T93/><D108/><U133/><E133/><V18/><F18/><W58/><G58/><T14/><D122/><U103/><E2/><V35/><F35/><W129/><G129/><T114/><D114/><U10/><E119/><V87/><F1/><W105/><AGARI ba="1,1" hai="15,19,20,69,70,73,74,75,77,82,84,99,100,105" machi="105" ten="30,2000,0" yaku="1,1,0,1,53,0" doraHai="22" doraHaiUra="25" who="3" fromWho="3" sc="265,-11,265,-6,235,-6,225,33" /><INIT seed="1,0,0,4,3,88" ten="254,259,229,258" oya="1" hai0="15,86,24,37,0,95,133,58,48,47,31,93,81" hai1="77,52,106,68,120,14,84,34,107,26,90,111,79" hai2="49,42,64,116,122,54,110,33,18,62,82,70,61" hai3="83,130,28,76,118,72,100,112,3,50,103,23,40"/><U17/><E68/><V87/><F33/><W127/><G112/><T124/><D0/><U32/><E120/><V114/><F122/><W73/><G3/><T99/><D124/><U38/><E38/><V10/><F116/><W121/><G121/><T108/><D108/><U104/><E111/><V36/><F110/><W117/><G127/><T101/><D133/><U13/><E13/><V129/><F114/><W39/><G39/><T25/><D37/><U44/><E32/><V11/><F129/><W102/><G130/><T78/><D58/><U59/><E44/><V5/><F62/><W29/><G73/><T7/><D31/><U20/><E26/><V109/><F109/><W125/><G125/><T128/><D95/><U4/><E4/><V97/><F97/><W30/><G23/><T57/><D57/><U27/><E27/><V85/><F42/><W51/><REACH who="3" step="1"/><G40/><REACH who="3" ten="254,259,229,248" step="2"/><N who="0" m="24679" /><D128/><U135/><E34/><V131/><F131/><W1/><G1/><T56/><D56/><U53/><E53/><V21/><F36/><W92/><G92/><T8/><AGARI ba="0,1" hai="7,8,15,24,25,78,81,86,93,99,101" m="24679" machi="8" ten="30,4000,0" yaku="25,1,8,1,52,1" doraHai="88" who="0" fromWho="0" sc="254,50,259,-20,229,-10,248,-10" /><INIT seed="2,0,0,2,3,103" ten="304,239,219,238" oya="2" hai0="128,95,65,133,10,69,114,99,44,101,12,24,111" hai1="87,124,13,41,40,61,93,57,108,104,92,49,34" hai2="31,51,100,76,89,56,30,4,43,3,117,83,90" hai3="11,46,131,39,98,71,119,88,47,75,106,27,15"/><V35/><F117/><W70/><G75/><T42/><D114/><U79/><E34/><V125/><F125/><W63/><G119/><T20/><D111/><U86/><E104/><V29/><F35/><W38/><G131/><T68/><D133/><U45/><E41/><V6/><F100/><W107/><G27/><T16/><D65/><U28/><E28/><V26/><F26/><W21/><G21/><T14/><D128/><U0/><E0/><V53/><F43/><W129/><G129/><T74/><D74/><U118/><E108/><V85/><REACH who="2" step="1"/><F3/><REACH who="2" ten="304,239,209,238" step="2"/><W97/><G39/><T52/><D42/><U55/><E124/><V72/><F72/><W110/><G38/><T67/><D24/><U115/><E118/><V81/><F81/><W1/><G1/><T127/><D127/><U120/><E115/><V7/><AGARI ba="0,1" hai="4,6,7,29,30,31,51,53,56,76,83,85,89,90" machi="7" ten="30,6000,0" yaku="1,1,0,1,8,1,53,0" doraHai="103" doraHaiUra="37" who="2" fromWho="2" sc="304,-20,239,-20,209,70,238,-20" /><INIT seed="2,1,0,1,4,117" ten="284,219,279,218" oya="2" hai0="102,105,122,37,45,134,66,127,3,2,124,57,54" hai1="23,70,118,85,88,72,135,107,39,10,75,28,5" hai2="79,55,46,78,120,32,115,35,95,20,89,68,126" hai3="98,11,36,65,93,112,15,7,1,99,84,110,87"/><V47/><F68/><W94/><G36/><T77/><D77/><U40/><E118/><V60/><F115/><W97/><G112/><T86/><D86/><N who="3" m="32809" /><G1/><T4/><D134/><U13/><E107/><V119/><F119/><W67/><G110/><T62/><D102/><U0/><E70/><V64/><F64/><AGARI ba="1,0" hai="7,11,15,64,65,67,93,94,97,98,99" m="32809" machi="64" ten="30,1000,0" yaku="8,1" doraHai="117" who="3" fromWho="2" sc="284,0,219,0,279,-13,218,13" /><INIT seed="3,0,0,1,0,81" ten="284,219,266,231" oya="3" hai0="5,14,72,26,88,102,83,66,117,131,69,19,23" hai1="15,116,114,0,118,97,107,8,45,56,99,95,86" hai2="55,112,96,73,47,24,110,123,85,62,94,113,2" hai3="27,79,80,125,25,130,18,46,49,98,4,77,57"/><W16/><G130/><T106/><D117/><U29/><E0/><V134/><F73/><W13/><G125/><T119/><D119/><U10/><E29/><V20/><F2/><W104/><G104/><T93/><D106/><U111/><E56/><V84/><F113/><W51/><G98/><T64/><D69/><U48/><E107/><V92/><F112/><W133/><G133/><T44/><D131/><U63/><E63/><V89/><F134/><W37/><G37/><T124/><D124/><U74/><E74/><V9/><F110/><W21/><G4/><T36/><D102/><U39/><E39/><V126/><F126/><W43/><G80/><T11/><D36/><U105/><E105/><V129/><F129/><W65/><G25/><T87/><D44/><U127/><E127/><V34/><F34/><W132/><G132/><T31/><REACH who="0" step="1"/><D5/><REACH who="0" ten="274,219,266,231" step="2"/><U61/><E45/><V90/><F47/><W50/><G46/><T78/><AGARI ba="0,1" hai="11,14,19,23,26,31,64,66,72,78,83,87,88,93" machi="78" ten="30,8000,1" yaku="1,1,2,1,0,1,52,1,54,1,53,0" doraHai="81" doraHaiUra="71" who="0" fromWho="0" sc="274,90,219,-20,266,-20,231,-40" /><INIT seed="4,0,0,5,2,56" ten="364,199,246,191" oya="0" hai0="41,105,98,75,134,51,32,91,67,121,0,65,100" hai1="35,108,115,114,106,69,16,11,97,3,9,70,4" hai2="135,132,72,116,129,6,90,42,113,63,74,111,58" hai3="124,82,19,66,78,2,96,40,17,109,71,49,118"/><T131/><D0/><U39/><E39/><V133/><F111/><W93/><G109/><T120/><D32/><U13/><E35/><V101/><F101/><W99/><G118/><T5/><D75/><U123/><E108/><V81/><F116/><W43/><G2/><T103/><D5/><U128/><E123/><V110/><F110/><W30/><G30/><T23/><D100/><N who="1" m="62735" /><E128/><V33/><F33/><W112/><G99/><T84/><D131/><U68/><E3/><V95/><F129/><W25/><G49/><T60/><D65/><U92/><E92/><V104/><F104/><W76/><G76/><T48/><D48/><U12/><E12/><V38/><F6/><W73/><G19/><T10/><D10/><N who="1" m="6199" /><E4/><V47/><F81/><W45/><G93/><T14/><D23/><U22/><E22/><V29/><F74/><W28/><G73/><T31/><D31/><U15/><E15/><V130/><F72/><W86/><G28/><T8/><D14/><U88/><E88/><V1/><F1/><W64/><G82/><T59/><D8/><U7/><E7/><V53/><F130/><W54/><G25/><T26/><D26/><U89/><E89/><V126/><F29/><W85/><G78/><T21/><D21/><U55/><E55/><V87/><REACH who="2" step="1"/><F126/><REACH who="2" ten="364,199,236,191" step="2"/><W50/><G124/><T57/><D120/><U94/><E94/><V102/><F102/><W77/><G77/><T52/><D121/><U122/><E122/><V36/><F36/><W37/><G37/><T44/><D105/><U79/><E79/><V34/><F34/><W127/><G127/><RYUUKYOKU ba="0,1" sc="364,-15,199,15,236,15,191,-15" hai1="9,11,68,69,70,114,115" hai2="38,42,47,53,58,63,87,90,95,113,132,133,135" /><INIT seed="5,1,1,1,0,104" ten="349,214,251,176" oya="1" hai0="99,22,41,65,122,9,12,4,51,130,64,32,83" hai1="119,56,129,135,10,39,89,103,115,46,108,49,26" hai2="76,127,82,118,61,79,23,96,52,73,57,134,25" hai3="92,77,34,86,28,128,111,24,37,54,85,116,16"/><U90/><E119/><V95/><F118/><W101/><G116/><T131/><D32/><U87/><E103/><V6/><F127/><W120/><G111/><T105/><D122/><U0/><E39/><V133/><F6/><W98/><G120/><T88/><D22/><U36/><E36/><V55/><F55/><W5/><G37/><T74/><D105/><U3/><E56/><V84/><F79/><W33/><G128/><N who="0" m="49195" /><D99/><U38/><E38/><V44/><F44/><W102/><G34/><T31/><D31/><U113/><E26/><V91/><REACH who="2" step="1"/><F84/><REACH who="2" ten="349,214,241,176" step="2"/><W15/><G54/><T11/><D65/><U80/><E129/><V63/><F63/><W20/><G77/><T53/><D64/><U18/><E108/><V47/><F47/><W117/><G117/><T71/><D53/><N who="1" m="29879" /><E135/><V125/><F125/><W29/><G5/><T21/><D4/><U132/><E132/><V66/><F66/><W100/><G86/><T78/><D78/><U17/><E0/><V124/><F124/><W70/><G85/><T107/><D41/><U62/><E62/><V30/><AGARI ba="1,2" hai="23,25,30,52,57,61,73,76,82,91,95,96,133,134" machi="30" ten="30,7900,0" yaku="1,1,0,1,52,1,54,1,53,0" doraHai="104" doraHaiUra="45" who="2" fromWho="2" sc="349,-21,214,-40,241,102,176,-21" /><INIT seed="6,0,0,2,4,24" ten="328,174,343,155" oya="2" hai0="6,26,54,99,28,72,3,38,68,98,81,64,112" hai1="53,49,75,63,102,13,80,104,52,101,14,62,88" hai2="120,90,125,29,8,32,48,31,133,78,100,20,42" hai3="39,77,97,69,126,7,19,70,15,86,56,58,47"/><V94/><F32/><W106/><G7/><T124/><D54/><N who="1" m="21099" /><E75/><V118/><F118/><W96/><G126/><T87/><D112/><U89/><E49/><V11/><F133/><W55/><G70/><T1/><D38/><U65/><E104/><V12/><F100/><N who="1" m="38505" /><E65/><V83/><F125/><W135/><G135/><T111/><D72/><U27/><E27/><V116/><F116/><W122/><G69/><T0/><D111/><U2/><E2/><V35/><F35/><W59/><G106/><T127/><D6/><U84/><E89/><V67/><F67/><W46/><G39/><T41/><D41/><U130/><E130/><V4/><F20/><N who="3" m="11391" /><G55/><T121/><D121/><U17/><E13/><N who="2" m="5255" /><F120/><W51/><G122/><T18/><D124/><U123/><E123/><V134/><F134/><W10/><G10/><AGARI ba="0,0" hai="10,14,17,62,63,80,84,88" m="38505,21099" machi="10" ten="30,3900,0" yaku="8,1,54,2" doraHai="24" who="1" fromWho="3" sc="328,0,174,39,343,0,155,-39" /><INIT seed="7,0,0,3,3,52" ten="328,213,343,116" oya="3" hai0="115,105,72,74,27,40,135,110,92,17,132,57,91" hai1="13,33,54,102,24,71,22,53,133,122,41,20,98" hai2="26,55,114,84,61,65,113,130,118,56,99,128,131" hai3="7,109,69,90,79,94,42,47,31,93,134,29,101"/><W28/><G69/><T36/><D105/><U117/><E41/><V12/><F118/><W125/><G125/><T39/><D110/><U3/><E3/><V37/><F37/><N who="0" m="14410" /><D40/><U73/><E73/><V45/><F84/><N who="3" m="52423" /><G109/><T119/><D119/><U100/><E13/><V77/><F77/><W76/><G134/><N who="0" m="51243" /><D115/><U95/><E71/><V4/><F26/><W75/><G75/><T25/><D74/><U126/><E122/><V107/><F99/><N who="3" m="59639" /><G7/><T46/><D46/><U38/><E38/><V120/><F107/><W50/><AGARI ba="0,0" hai="28,29,31,42,47,50,76,79" m="59639,52423" machi="50" ten="30,1500,0" yaku="8,1" doraHai="52" who="3" fromWho="3" sc="328,-5,213,-5,343,-5,116,15" /><INIT seed="7,1,0,1,3,115" ten="323,208,338,131" oya="3" hai0="40,55,113,101,15,62,0,19,132,124,91,17,68" hai1="49,128,84,103,7,90,82,36,60,126,110,66,87" hai2="106,131,80,65,53,26,74,119,16,85,30,102,89" hai3="57,130,72,105,1,21,52,67,88,109,35,32,11"/><W8/><G105/><T10/><D0/><U112/><E36/><V27/><F119/><W6/><G72/><T117/><D117/><U99/><E110/><V70/><F74/><W9/><G109/><T28/><D28/><U93/><E7/><V83/><F83/><W47/><G130/><T56/><D68/><U108/><E108/><V63/><F53/><W79/><G79/><T41/><D113/><U92/><E112/><V118/><F118/><W107/><G107/><T37/><D37/><U100/><E126/><V127/><F127/><W58/><G32/><T24/><D124/><U59/><E49/><V104/><F131/><W31/><G35/><T75/><D75/><U48/><E48/><V98/><F16/><N who="0" m="6218" /><D101/><N who="1" m="60647" /><E128/><V13/><F13/><N who="3" m="5271" /><G88/><AGARI ba="1,0" hai="59,60,66,82,84,87,88,90,93,100,103" m="60647" machi="88" ten="30,2000,0" yaku="8,1,54,1" doraHai="115" who="1" fromWho="3" sc="323,0,208,23,338,0,131,-23" owari="323,12.0,231,-17.0,338,44.0,108,-39.0" /></mjloggm>