<mjloggm ver="2.3"><GO type="169" lobby="0"/><UN n0="%6E%65%75%74%72%6F%6E" n1="%41%54%4D%31%34%32%39" n2="%E3%82%A6%E3%83%AB%E3%83%88%E3%83%A9%E7%AB%8B%E7%9B%B4" n3="%E9%96%8B%E9%81%8B%E5%BE%A1%E5%AE%88" dan="17,16,17,17" rate="2218.98,2107.79,2166.27,2184.51" sx="M,M,M,M"/><TAIKYOKU oya="0"/><INIT seed="0,0,0,2,3,50" ten="250,250,250,250" oya="0" hai0="5,51,64,55,7,44,82,115,27,114,53,33,35" hai1="48,88,70,31,111,71,78,57,81,85,12,6,87" hai2="15,4,66,128,13,23,1,101,83,74,130,110,3" hai3="49,97,90,62,92,58,121,116,124,104,80,29,109"/><T60/><D82/><U127/><E111/><V9/><F101/><W10/><G109/><T68/><D27/><U100/><E100/><V36/><F110/><W86/><G116/><T54/><D5/><U42/><E31/><V46/><F66/><W94/><G124/><T123/><D7/><U30/><E30/><V105/><F105/><W39/><G39/><T17/><D17/><U65/><E65/><V19/><F13/><W59/><G121/><T16/><D16/><U11/><E127/><V34/><F34/><W125/><G125/><T43/><REACH who="0" step="1"/><D123/><REACH who="0" ten="240,250,250,250" step="2"/><U79/><E78/><N who="2" m="44503" /><F3/><W98/><G29/><T63/><D63/><U118/><E118/><V129/><F129/><W119/><G119/><T2/><D2/><U126/><E126/><V69/><F130/><W21/><G10/><T47/><D47/><U32/><E32/><AGARI ba="0,1" hai="32,33,35,43,44,51,53,54,55,60,64,68,114,115" machi="32" ten="40,12000,1" yaku="1,1,52,3,53,0" doraHai="50" doraHaiUra="18" who="0" fromWho="1" sc="240,130,250,-120,250,0,250,0" /><INIT seed="0,1,0,5,5,69" ten="370,130,250,250" oya="0" hai0="13,39,134,107,46,12,52,25,1,126,117,29,74" hai1="75,119,85,38,67,5,20,18,110,96,41,48,35" hai2="114,135,54,57,121,51,31,88,26,0,105,99,49" hai3="9,94,16,24,100,43,92,60,3,8,133,21,77"/><T83/><D12/><U115/><E35/><V65/><F121/><W66/><G133/><T104/><D13/><U89/><E38/><V79/><F114/><W59/><G77/><T106/><D52/><U42/><E75/><V86/><F135/><W27/><G27/><T50/><D50/><U58/><E115/><V132/><F132/><W93/><G3/><T44/><D44/><U124/><E124/><V120/><F120/><W111/><G111/><T23/><D23/><U118/><E110/><V76/><F0/><W113/><G113/><T95/><D95/><U87/><E5/><V61/><F99/><W101/><REACH who="3" step="1"/><G43/><REACH who="3" ten="370,130,250,240" step="2"/><N who="0" m="22911" /><D1/><U62/><E41/><V17/><F79/><W116/><G116/><T10/><D25/><U122/><E118/><V103/><F76/><W78/><G78/><T127/><D117/><U7/><E119/><V11/><F26/><W32/><G32/><T102/><D134/><U71/><E122/><V19/><F31/><W45/><G45/><T109/><D29/><U73/><E42/><V64/><F105/><W97/><G97/><T112/><D107/><U130/><E96/><V72/><F72/><W2/><G2/><T56/><D106/><U98/><E73/><V131/><F131/><W128/><G128/><T28/><D104/><U123/><E130/><V37/><F103/><AGARI ba="1,1" hai="8,9,16,21,24,59,60,66,92,93,94,100,101,103" machi="103" ten="40,8000,1" yaku="1,1,8,1,54,1,53,1" doraHai="69" doraHaiUra="22" who="3" fromWho="2" sc="370,0,130,0,250,-83,240,93" /><INIT seed="1,0,0,2,3,27" ten="370,130,167,333" oya="1" hai0="22,54,50,45,85,84,38,30,26,13,99,97,95" hai1="11,48,52,56,101,98,5,36,90,25,39,121,107" hai2="24,14,28,72,122,3,96,34,128,75,9,77,61" hai3="12,46,135,108,100,31,132,134,70,112,74,113,118"/><U92/><E121/><V69/><F122/><W53/><G74/><T10/><D38/><U91/><E90/><V44/><F128/><W129/><G70/><T94/><D94/><U81/><E81/><V47/><F96/><W93/><G108/><T8/><D99/><U55/><E55/><V73/><F77/><W124/><G100/><T60/><D60/><U42/><E42/><V6/><REACH who="2" step="1"/><F14/><REACH who="2" ten="370,130,157,333" step="2"/><W76/><G76/><T133/><D133/><U79/><E79/><V127/><F127/><W0/><G124/><T59/><D97/><U66/><E101/><V67/><AGARI ba="0,1" hai="3,6,9,24,28,34,44,47,61,67,69,72,73,75" machi="67" ten="40,5200,0" yaku="1,1,0,1,52,1,53,0" doraHai="27" doraHaiUra="68" who="2" fromWho="2" sc="370,-13,130,-26,157,62,333,-13" /><INIT seed="2,0,0,0,4,122" ten="357,104,219,320" oya="2" hai0="70,53,15,65,36,20,82,114,46,55,111,94,119" hai1="59,62,123,44,37,17,29,10,101,6,120,100,73" hai2="125,45,38,105,135,81,27,131,84,104,80,71,60" hai3="107,89,102,52,69,3,66,92,14,0,75,22,93"/><V118/><F118/><W128/><G75/><T77/><D114/><U129/><E73/><V124/><F27/><W7/><G107/><N who="2" m="41033" /><F71/><W64/><G102/><T18/><D94/><U48/><E37/><V78/><F60/><W42/><G42/><T121/><D65/><U56/><E29/><V99/><F45/><W2/><G93/><T110/><D70/><U91/><E17/><V117/><F38/><W24/><G128/><T33/><D33/><U57/><E129/><V26/><F26/><W87/><G69/><T51/><D36/><U126/><E62/><V40/><F40/><W21/><G21/><T13/><D121/><N who="1" m="46667" /><E126/><N who="2" m="48747" /><F117/><W112/><G112/><T90/><D119/><U115/><E115/><V35/><F35/><W61/><G14/><T63/><D90/><U116/><E91/><N who="2" m="51591" /><F131/><W32/><G32/><T97/><D13/><N who="1" m="5335" /><E116/><V76/><F135/><W79/><G7/><T133/><D133/><U130/><E130/><V98/><F78/><W74/><G52/><AGARI ba="0,0" hai="44,48,52,56,57,59,100,101" m="5335,46667" machi="52" ten="30,2000,0" yaku="13,1,54,1" doraHai="122" who="1" fromWho="3" sc="357,0,104,20,219,0,320,-20" /><INIT seed="3,0,0,2,0,19" ten="357,124,219,300" oya="3" hai0="59,51,69,43,42,99,0,120,78,112,24,125,4" hai1="61,109,31,94,89,88,92,130,3,117,97,13,25" hai2="133,127,63,121,83,71,111,68,84,23,45,105,104" hai3="38,7,79,32,115,27,9,73,34,87,22,135,82"/><W76/><G115/><T50/><D0/><U52/><E3/><V64/><F111/><W21/><G135/><T46/><D4/><U103/><E109/><V44/><F133/><W33/><G38/><T1/><D1/><U95/><E117/><V20/><F127/><W5/><G5/><T40/><D78/><U37/><E37/><V54/><F121/><W118/><G118/><T28/><D120/><U36/><E36/><V6/><F6/><W116/><G116/><T12/><D12/><U110/><E110/><V29/><F29/><W18/><G76/><T67/><D99/><U129/><E13/><V86/><F54/><W123/><G123/><T134/><D24/><U85/><E89/><V53/><F53/><W80/><G80/><T8/><D8/><U60/><E60/><V65/><REACH who="2" step="1"/><F83/><REACH who="2" ten="357,124,209,300" step="2"/><W81/><G81/><T72/><D28/><U15/><E52/><V77/><F77/><W47/><G7/><T56/><D125/><U122/><E122/><V2/><F2/><W41/><G73/><T10/><D72/><U57/><E61/><AGARI ba="0,1" hai="20,23,44,45,61,63,64,65,68,71,84,86,104,105" machi="61" ten="25,8000,1" yaku="1,1,22,2,52,2,53,0" doraHai="19" doraHaiUra="55" who="2" fromWho="1" sc="357,0,124,-80,209,90,300,0" /><INIT seed="4,0,0,2,4,79" ten="357,44,299,300" oya="0" hai0="50,15,47,13,24,20,53,75,72,124,9,104,82" hai1="93,23,1,42,29,97,70,91,126,58,102,71,94" hai2="116,118,77,129,52,38,10,65,59,133,88,117,120" hai3="134,81,114,112,123,2,131,7,64,128,17,16,103"/><T28/><D104/><U39/><E1/><V56/><F120/><W8/><G103/><T62/><D124/><U34/><E34/><V37/><F10/><W110/><G110/><T36/><D36/><N who="2" m="13930" /><F77/><W33/><G64/><T68/><D13/><U25/><E126/><V18/><F18/><N who="3" m="7275" /><G134/><T127/><D127/><U49/><E39/><V83/><F133/><W119/><G119/><T43/><D43/><U101/><E101/><V121/><F121/><W31/><G81/><T46/><D46/><U3/><E3/><V109/><F109/><W57/><G57/><T86/><D62/><U54/><REACH who="1" step="1"/><E42/><REACH who="1" ten="357,34,299,300" step="2"/><V78/><F118/><W105/><G123/><T55/><D68/><U66/><E66/><V115/><F117/><W132/><G132/><T12/><D55/><U84/><AGARI ba="0,1" hai="23,25,29,49,54,58,70,71,84,91,93,94,97,102" machi="84" ten="20,5200,0" yaku="1,1,0,1,7,1,53,1" doraHai="79" doraHaiUra="27" who="1" fromWho="1" sc="357,-26,34,62,299,-13,300,-13" /><INIT seed="5,0,0,2,0,43" ten="331,96,286,287" oya="1" hai0="133,125,80,64,127,31,135,86,12,123,66,65,114" hai1="48,38,15,105,25,119,40,83,16,8,59,89,29" hai2="122,28,4,67,120,45,51,27,102,73,22,56,124" hai3="126,87,58,19,115,92,30,106,37,46,96,17,84"/><U117/><E105/><V2/><F124/><N who="0" m="47690" /><D31/><U107/><E107/><V60/><F73/><W101/><G126/><T23/><D114/><U49/><E38/><V77/><F77/><W130/><G130/><T121/><D23/><U71/><E71/><V94/><F4/><W21/><G115/><T100/><D12/><U36/><E36/><V112/><F2/><W116/><G116/><T33/><D100/><U61/><E117/><V132/><F132/><N who="0" m="50762" /><D33/><U109/><E109/><V55/><F112/><W6/><G6/><T41/><D41/><U78/><E40/><V95/><F95/><W32/><G32/><T42/><D42/><U47/><E119/><V70/><F70/><W128/><G106/><T90/><AGARI ba="0,0" hai="64,65,66,80,86,90,121,123" m="50762,47690" machi="90" ten="40,2700,0" yaku="18,1,20,1" doraHai="43" who="0" fromWho="0" sc="331,27,96,-13,286,-7,287,-7" /><INIT seed="6,0,0,3,5,123" ten="358,83,279,280" oya="2" hai0="86,75,56,43,81,60,13,112,33,20,73,96,116" hai1="78,10,77,7,14,133,85,37,52,24,50,130,82" hai2="129,32,128,63,39,29,64,42,15,117,107,23,59" hai3="19,132,3,125,58,48,71,34,103,122,124,114,135"/><V65/><F117/><W134/><G71/><T18/><D33/><U101/><E37/><V127/><F107/><W84/><G122/><T69/><D69/><U0/><E133/><V90/><F127/><N who="3" m="48715" /><G34/><T5/><D112/><U72/><E130/><N who="2" m="50283" /><F90/><W126/><G126/><T131/><D131/><U57/><E101/><V80/><F80/><W105/><G3/><T47/><D96/><U67/><E67/><N who="2" m="39423" /><F32/><W119/><G119/><T49/><D5/><U79/><E72/><V11/><F23/><W62/><G48/><T38/><D49/><U111/><E111/><V30/><F29/><W89/><G19/><T70/><D70/><U97/><E0/><V87/><F30/><W91/><G114/><T109/><D116/><U99/><REACH who="1" step="1"/><E24/><REACH who="1" ten="358,73,279,280" step="2"/><V41/><F65/><N who="3" m="39127" /><G84/><T115/><D115/><U53/><E53/><V95/><F64/><W76/><G76/><AGARI ba="0,1" hai="7,10,14,50,52,57,76,77,78,79,82,85,97,99" machi="76" ten="40,8000,1" yaku="1,1,8,1,54,1,53,1" doraHai="123" doraHaiUra="6" who="1" fromWho="3" sc="358,0,73,90,279,0,280,-80" /><INIT seed="7,0,0,3,5,59" ten="358,163,279,200" oya="3" hai0="50,72,77,43,12,80,116,48,3,65,46,10,101" hai1="93,99,94,103,42,125,73,7,100,56,1,24,41" hai2="128,67,97,54,19,57,26,123,63,69,111,38,14" hai3="55,132,20,29,110,61,36,130,6,8,4,39,60"/><W34/><G34/><T11/><D116/><U66/><E73/><V27/><F111/><W52/><G110/><T70/><D101/><U37/><E37/><V126/><F128/><W13/><G130/><T64/><D50/><U124/><E7/><N who="3" m="2602" /><G39/><T115/><D3/><U32/><E1/><V92/><F126/><W95/><G36/><T71/><D10/><U0/><E0/><V107/><F107/><W21/><G95/><T96/><D96/><U118/><E118/><V104/><F104/><W127/><G127/><N who="1" m="48714" /><E24/><V9/><F123/><W122/><G122/><T91/><D91/><U53/><E66/><V112/><F112/><W88/><G88/><T135/><D135/><U44/><E44/><V102/><F38/><W74/><G74/><T79/><D79/><U35/><E99/><V25/><F69/><W75/><G75/><T134/><D134/><U51/><E93/><V90/><F102/><N who="1" m="38953" /><E94/><V114/><F114/><W120/><G120/><T31/><D31/><U33/><E41/><V89/><F89/><W49/><G29/><T23/><D115/><U76/><E76/><V15/><F15/><W98/><G98/><T129/><D129/><U47/><E42/><V105/><F105/><W106/><G106/><T81/><D81/><U62/><E47/><V28/><F28/><W58/><G132/><T133/><D133/><U40/><E40/><V30/><F30/><W16/><G49/><AGARI ba="0,0" hai="32,33,35,49,51,53,56,62" m="38953,48714" machi="49" ten="40,2600,0" yaku="18,1,52,1" doraHai="59" who="1" fromWho="3" sc="358,0,163,26,279,0,200,-26" owari="358,46.0,189,-21.0,279,8.0,174,-33.0" /></mjloggm>