<mjloggm ver="2.3"><GO type="41" lobby="0"/><UN n0="%E9%BA%BB%E9%9B%80%E4%B9%9D%E7%B4%9A" n1="%E5%B0%B1%E6%B4%BB%E7%94%9F%40%E5%B7%9D%E6%9D%91%E8%BB%8D%E5%9B%A3" n2="%E3%81%9A%E3%81%8B%E3%82%93" n3="%6E%69%6B%75%6B%79%75%75" dan="14,15,14,16" rate="1913.52,1999.99,1904.47,2016.13" sx="M,M,M,M"/><TAIKYOKU oya="0"/><INIT seed="0,0,0,5,2,57" ten="250,250,250,250" oya="0" hai0="97,91,68,20,77,74,94,13,82,114,78,130,69" hai1="109,116,43,19,133,106,122,7,119,4,47,134,55" hai2="88,132,6,87,36,83,65,2,72,28,113,49,67" hai3="5,105,27,101,135,112,99,22,117,98,34,64,108"/><T24/><D114/><U62/><E106/><V128/><F36/><W90/><G112/><T92/><D78/><U81/><E81/><V127/><F113/><W25/><G117/><N who="1" m="45130" /><E19/><V33/><F132/><N who="1" m="50793" /><E4/><V23/><F128/><W53/><G135/><T45/><D130/><U58/><E7/><V40/><F127/><W0/><G108/><T56/><D13/><U30/><E30/><V48/><F33/><W54/><G34/><T60/><D94/><U120/><E109/><V37/><F72/><W31/><G27/><T63/><D20/><U9/><E9/><V15/><F2/><W89/><G90/><T10/><D24/><U124/><E124/><V80/><F37/><AGARI ba="0,0" hai="37,43,47,55,58,62,120,122" m="50793,45130" machi="37" ten="30,7700,0" yaku="20,1,34,2,52,1" doraHai="57" who="1" fromWho="2" sc="250,0,250,77,250,-77,250,0" /><INIT seed="1,0,0,2,4,15" ten="250,327,173,250" oya="1" hai0="81,59,37,35,3,5,56,60,9,98,123,17,33" hai1="36,94,27,0,14,77,63,106,54,24,87,116,88" hai2="53,12,95,84,78,71,92,90,115,55,104,44,26" hai3="129,101,19,126,122,6,68,76,93,97,18,57,10"/><U134/><E106/><V103/><F104/><W30/><G122/><T86/><D37/><U107/><E0/><V67/><F115/><W39/><G68/><T110/><D110/><U1/><E107/><V100/><F78/><W66/><G39/><T58/><D123/><U22/><E1/><V133/><F133/><W62/><G126/><T29/><D98/><U13/><E36/><V99/><F12/><W113/><G113/><T20/><D60/><U7/><E116/><V89/><F26/><W45/><G129/><T125/><D125/><U23/><E134/><V83/><F83/><W42/><G76/><T40/><D40/><U38/><E7/><V70/><F55/><W28/><G45/><T43/><D29/><N who="3" m="11369" /><G42/><T2/><D43/><U102/><E102/><V31/><F31/><W109/><G109/><T114/><D114/><U52/><E38/><V119/><F119/><W105/><G105/><T121/><D121/><U16/><E77/><V73/><F73/><W91/><G101/><T61/><D2/><U111/><E111/><V47/><F67/><W80/><G80/><T72/><D72/><U117/><E117/><V96/><F53/><N who="1" m="20585" /><E63/><V128/><REACH who="2" step="1"/><F84/><REACH who="2" ten="250,327,163,250" step="2"/><W50/><G50/><T69/><D86/><U49/><E49/><V48/><F48/><W82/><G82/><T8/><D81/><U131/><E131/><AGARI ba="0,1" hai="44,47,70,71,89,90,92,95,96,99,100,103,128,131" machi="131" ten="25,3200,0" yaku="1,1,22,2,53,0" doraHai="15" doraHaiUra="11" who="2" fromWho="1" sc="250,0,327,-32,163,42,250,0" /><INIT seed="2,0,0,5,4,93" ten="250,295,205,250" oya="2" hai0="48,4,83,82,21,44,75,90,91,119,42,85,17" hai1="59,41,26,68,7,69,86,53,27,31,108,122,49" hai2="24,16,28,73,116,19,131,78,56,103,128,33,35" hai3="99,96,127,113,118,117,101,67,120,102,2,98,46"/><V61/><F116/><W10/><G120/><T121/><D121/><U55/><E122/><V29/><F103/><W109/><G109/><T79/><D119/><U94/><E108/><V0/><F0/><W115/><G67/><T80/><D4/><U89/><E41/><V84/><F73/><W20/><G127/><T72/><D72/><U34/><E7/><V100/><F100/><N who="3" m="38507" /><G20/><T125/><D125/><U95/><E27/><V70/><F70/><W104/><G104/><T50/><D50/><U11/><E11/><V87/><F78/><W62/><G62/><T1/><D1/><U18/><E18/><V54/><F24/><W71/><G71/><T111/><D111/><U43/><E43/><V51/><F51/><W134/><G134/><T114/><D114/><N who="3" m="43529" /><G46/><T52/><D42/><U106/><E106/><V23/><F23/><W40/><G40/><T63/><D63/><U81/><E53/><V123/><F61/><W3/><G3/><T130/><D130/><U30/><E30/><V133/><F123/><W15/><G2/><T5/><D5/><AGARI ba="0,0" hai="5,10,15,96,98,99,117,118" m="43529,38507" machi="5" ten="30,7700,0" yaku="11,1,52,3" doraHai="93" who="3" fromWho="0" sc="250,-77,295,0,205,0,250,77" /><INIT seed="3,0,0,1,5,7" ten="173,295,205,327" oya="3" hai0="127,49,56,19,95,12,67,15,84,27,75,123,109" hai1="0,86,70,17,23,52,62,126,77,57,116,41,9" hai2="105,25,97,74,46,66,50,6,91,131,30,69,107" hai3="20,55,104,29,125,90,16,45,128,36,28,38,14"/><W106/><G125/><T122/><D75/><U3/><E116/><V113/><F74/><W71/><G71/><T22/><D127/><U96/><E126/><V111/><F113/><W64/><G128/><T65/><D109/><U44/><E70/><V34/><F111/><W24/><G64/><N who="0" m="24651" /><D123/><U1/><E96/><V108/><F108/><W35/><G29/><T11/><D122/><U4/><E86/><V134/><F131/><W68/><G68/><T21/><D15/><U93/><E93/><V72/><F72/><W114/><G114/><T58/><D49/><U98/><E98/><V87/><F134/><W18/><G90/><N who="0" m="53703" /><D22/><U39/><REACH who="1" step="1"/><E77/><REACH who="1" ten="173,285,205,327" step="2"/><V132/><F132/><W2/><G104/><T42/><D42/><U102/><E102/><V121/><F107/><W51/><G106/><T5/><AGARI ba="0,1" hai="5,11,12,19,21,27,56,58" m="53703,24651" machi="5" ten="30,2000,0" yaku="8,1,52,1" doraHai="7" who="0" fromWho="0" sc="173,30,285,-5,205,-5,327,-10" /><INIT seed="4,0,0,2,0,83" ten="203,280,200,317" oya="0" hai0="119,4,75,88,58,124,98,108,38,110,39,89,26" hai1="81,60,44,17,24,45,109,0,51,25,7,13,135" hai2="121,53,31,20,128,37,74,77,41,113,9,16,112" hai3="123,116,19,101,102,95,52,120,21,1,56,47,54"/><T105/><D75/><U11/><E109/><N who="0" m="42089" /><D119/><U68/><E135/><V125/><F121/><N who="3" m="46667" /><G116/><T29/><D4/><U79/><E68/><V3/><F128/><W91/><G47/><T87/><D124/><U57/><E0/><V134/><F125/><W104/><G104/><T72/><D72/><U46/><E7/><V14/><F134/><W36/><G36/><N who="0" m="13867" /><D58/><U69/><E69/><V86/><F74/><W117/><G1/><T82/><D105/><U100/><E100/><N who="3" m="38506" /><G56/><T62/><D62/><U48/><E81/><V22/><F37/><W61/><G61/><T90/><D98/><U93/><E45/><V12/><F41/><W34/><G117/><T132/><D132/><U8/><E46/><V106/><F106/><W63/><G63/><T6/><D6/><U30/><E44/><V127/><F127/><W129/><G129/><T5/><D5/><U96/><E60/><V67/><F3/><W111/><G111/><T103/><D103/><U42/><E57/><V64/><F53/><W55/><G55/><T84/><D82/><U32/><E42/><V50/><F50/><W33/><G33/><AGARI ba="0,0" hai="26,29,33,84,87,88,89,90" m="13867,42089" machi="33" ten="40,12000,1" yaku="10,1,52,2,54,1" doraHai="83" who="0" fromWho="3" sc="203,120,280,0,200,0,317,-120" /><INIT seed="4,1,0,5,3,29" ten="323,280,200,197" oya="0" hai0="91,109,72,5,19,132,107,119,98,24,88,11,42" hai1="15,78,60,46,110,133,94,97,64,48,35,95,93" hai2="44,63,7,87,33,129,66,96,2,37,62,108,121" hai3="10,126,56,102,50,9,51,1,131,75,4,3,17"/><T38/><D119/><U25/><E133/><V12/><F121/><W0/><G75/><T58/><D72/><U99/><E110/><V104/><F108/><W16/><G102/><T83/><D109/><U112/><E112/><V28/><F129/><W114/><G114/><T41/><D132/><U71/><E78/><V23/><F2/><W92/><G131/><T68/><D68/><U128/><E128/><V80/><F37/><W122/><G122/><T76/><D58/><U113/><E113/><V45/><F62/><W85/><G126/><T14/><D76/><U124/><E124/><V57/><F33/><W81/><G92/><N who="0" m="56583" /><D38/><U79/><E79/><V13/><F13/><W47/><G56/><T89/><D107/><U55/><REACH who="1" step="1"/><E15/><REACH who="1" ten="323,270,200,197" step="2"/><V54/><F12/><W52/><G1/><T18/><D14/><U65/><E65/><V116/><F66/><W125/><G125/><T90/><D5/><U27/><E27/><V31/><F116/><W100/><G3/><T70/><D24/><U34/><E34/><V59/><F7/><W40/><G9/><T22/><D11/><U130/><E130/><V86/><F23/><W115/><G115/><T82/><D22/><U117/><E117/><V77/><F77/><W53/><G0/><T127/><D127/><U61/><E61/><V49/><F63/><W106/><G10/><T43/><D70/><U26/><E26/><V8/><F8/><W30/><G4/><T6/><D6/><U39/><E39/><V105/><F49/><W135/><G50/><T74/><D74/><U69/><E69/><V103/><F103/><RYUUKYOKU ba="1,1" sc="323,15,270,15,200,-15,197,-15" hai0="18,19,41,42,43,82,83,89,90,91" hai1="25,35,46,48,55,60,64,71,93,94,95,97,99" /><INIT seed="4,2,1,0,1,66" ten="338,285,185,182" oya="0" hai0="71,113,85,72,22,25,9,0,95,49,41,40,126" hai1="64,63,48,15,14,108,60,23,107,111,125,30,29" hai2="93,128,8,52,47,51,44,78,53,115,133,116,120" hai3="56,75,70,55,26,43,1,77,39,18,17,82,109"/><T74/><D71/><U121/><E107/><V102/><F120/><W106/><G106/><T100/><D113/><U76/><E121/><V42/><F115/><W11/><G109/><N who="1" m="42058" /><E125/><V91/><F116/><W61/><G70/><T103/><D126/><U46/><E76/><V65/><F128/><W112/><G112/><T132/><D132/><U24/><E30/><V94/><F133/><W59/><G26/><T5/><D74/><U57/><E63/><V87/><F78/><W83/><G83/><T19/><D72/><U10/><E10/><V67/><F8/><W89/><G59/><T68/><D68/><U99/><E99/><N who="2" m="59759" /><F47/><N who="3" m="24063" /><G89/><T119/><D119/><U16/><E29/><V3/><F3/><W20/><G20/><T34/><D34/><U21/><E21/><V33/><F33/><W92/><G92/><T36/><D36/><U6/><E6/><AGARI ba="2,1" hai="1,6,11,17,18,55,56,61,75,77,82" m="24063" machi="6" ten="30,1000,0" yaku="25,1" doraHai="66" who="3" fromWho="1" sc="338,0,285,-16,185,0,182,26" /><INIT seed="5,0,0,5,1,21" ten="338,269,185,208" oya="1" hai0="22,131,4,36,72,3,54,93,78,101,64,106,14" hai1="133,107,117,89,129,2,45,88,9,68,120,12,26" hai2="55,100,84,28,87,115,69,109,63,41,27,74,135" hai3="42,23,43,82,102,86,103,77,70,53,90,11,57"/><U59/><E2/><V94/><F74/><W33/><G33/><T60/><D36/><U30/><E107/><V123/><F123/><W83/><G70/><T113/><D113/><U79/><E120/><V76/><F109/><W0/><G0/><T7/><D106/><U128/><E68/><V81/><F115/><W132/><G11/><T110/><D110/><U56/><E117/><V19/><F135/><W105/><G132/><T96/><D131/><N who="1" m="50251" /><E133/><V125/><F125/><W37/><G23/><T34/><D34/><N who="1" m="20823" /><E79/><V1/><F1/><W25/><G25/><T126/><D126/><U124/><E45/><V40/><F19/><W111/><G111/><T38/><D38/><U99/><E124/><V108/><F108/><W71/><G71/><T98/><D78/><U134/><E134/><V61/><F61/><W47/><G42/><T50/><D72/><U29/><E29/><V46/><F46/><W5/><G5/><T49/><D3/><U52/><E99/><V130/><F130/><W48/><G105/><T13/><D96/><U127/><E127/><V35/><F69/><W24/><G24/><T18/><D13/><U62/><E56/><V119/><F119/><W75/><AGARI ba="0,0" hai="37,43,47,48,53,57,75,77,82,83,86,90,102,103" machi="75" ten="20,1500,0" yaku="0,1,7,1" doraHai="21" who="3" fromWho="3" sc="338,-4,269,-7,185,-4,208,15" /><INIT seed="6,0,0,5,0,115" ten="334,262,181,223" oya="2" hai0="73,4,98,122,65,116,44,20,92,2,9,68,38" hai1="21,87,121,102,70,17,72,63,53,106,0,124,43" hai2="91,51,15,74,3,86,127,6,7,13,29,119,110" hai3="60,33,118,40,113,27,42,48,84,69,109,25,130"/><V26/><F74/><W39/><G109/><T22/><D122/><U83/><E72/><V35/><F110/><W61/><G118/><T80/><D116/><U93/><E121/><V100/><F127/><W108/><G108/><T50/><D65/><U12/><E0/><V132/><F132/><W120/><G120/><T55/><D68/><U54/><E124/><V134/><F134/><W67/><G39/><T31/><D38/><U90/><E43/><V94/><F119/><W16/><G130/><T114/><D114/><U104/><E54/><V19/><F100/><W105/><G105/><T111/><D111/><U85/><E102/><V135/><F135/><W123/><G123/><T129/><D129/><U95/><E95/><V78/><F78/><W82/><G113/><T41/><D55/><U101/><E101/><V96/><F3/><W107/><G60/><T34/><D34/><U77/><E70/><V97/><F51/><W79/><G107/><T64/><D64/><U23/><E23/><V62/><F62/><W75/><G48/><T46/><D22/><U89/><E77/><V125/><F125/><W88/><G27/><N who="0" m="16871" /><D73/><U8/><E21/><N who="2" m="15567" /><F13/><W131/><G131/><T128/><D128/><U103/><E103/><V57/><F57/><W10/><G25/><T37/><D37/><U56/><AGARI ba="0,0" hai="8,12,17,53,56,63,83,85,87,89,90,93,104,106" machi="56" ten="30,1100,0" yaku="0,1" doraHai="115" who="1" fromWho="1" sc="334,-3,262,11,181,-5,223,-3" /><INIT seed="7,0,0,4,1,50" ten="331,273,176,220" oya="3" hai0="42,55,91,39,83,90,29,25,4,46,78,113,133" hai1="126,15,14,11,65,127,13,48,54,80,120,128,96" hai2="7,123,107,23,38,82,61,116,40,112,100,41,49" hai3="21,8,57,109,67,1,115,98,88,118,68,0,52"/><W5/><G118/><T102/><D113/><U63/><E120/><V74/><F112/><W9/><G115/><T111/><D111/><U3/><E128/><V110/><F123/><W130/><G130/><T18/><D4/><U105/><E80/><V86/><F116/><W101/><G109/><T56/><D18/><U134/><E134/><V122/><F122/><W135/><G135/><T81/><D102/><U114/><E114/><V12/><F110/><W47/><G47/><T24/><D83/><U85/><E85/><V58/><F74/><W10/><G0/><T92/><D92/><U28/><E28/><V35/><F35/><W45/><G45/><T53/><D56/><U20/><E20/><V31/><F38/><W64/><G21/><T16/><D29/><U36/><E36/><V124/><F124/><N who="1" m="47657" /><E96/><V17/><F49/><W87/><G68/><T121/><D133/><U43/><E43/><V34/><F34/><W70/><G70/><T76/><D121/><U26/><E26/><V22/><F107/><W75/><G75/><T37/><D25/><U19/><E3/><V89/><F100/><W108/><G108/><T84/><D39/><U97/><E97/><V99/><F99/><W73/><G73/><T2/><D2/><U72/><E72/><V69/><F69/><W30/><G30/><T79/><D90/><U33/><E33/><V44/><F44/><W77/><G77/><T6/><D6/><U94/><E105/><V27/><F7/><W106/><G5/><T117/><D117/><U71/><E94/><V60/><F60/><N who="3" m="35879" /><G1/><T129/><D129/><RYUUKYOKU ba="0,0" sc="331,0,273,0,176,0,220,0" hai0="16,24,37,42,46,53,55,76,78,79,81,84,91" hai1="11,13,14,15,19,48,54,63,65,71" hai2="12,17,22,23,27,31,40,41,58,61,82,86,89" hai3="8,9,10,64,67,87,88,98,101,106" /><INIT seed="7,1,0,3,4,93" ten="331,273,176,220" oya="3" hai0="59,60,48,7,115,0,126,2,47,76,72,103,61" hai1="53,122,101,85,89,26,51,118,44,21,1,74,66" hai2="36,34,106,27,96,98,41,65,52,129,87,105,23" hai3="24,55,130,37,99,45,64,63,102,109,73,112,4"/><W135/><G73/><T81/><D103/><U119/><E1/><V25/><F34/><W110/><G112/><T30/><D115/><U54/><E122/><V31/><F65/><W43/><G130/><T62/><D30/><N who="1" m="17743" /><E74/><V123/><F129/><W5/><G55/><T94/><D94/><N who="1" m="54575" /><E66/><V133/><F123/><W40/><G40/><T111/><D111/><N who="3" m="42505" /><G24/><T120/><D126/><U16/><E101/><V67/><F67/><W71/><G135/><T100/><D100/><U10/><E119/><V57/><F133/><W6/><G6/><T50/><D7/><U49/><E118/><V46/><F87/><W117/><G117/><T42/><D120/><U3/><E3/><V97/><REACH who="2" step="1"/><F27/><REACH who="2" ten="331,273,166,220" step="2"/><W29/><G29/><T14/><D72/><U84/><E84/><V15/><F15/><W116/><G116/><T88/><D14/><N who="1" m="7255" /><E49/><AGARI ba="1,1" hai="23,25,31,36,41,46,49,52,57,96,97,98,105,106" machi="49" ten="40,8000,1" yaku="1,1,52,3,54,1,53,0" doraHai="93" doraHaiUra="33" who="2" fromWho="1" sc="331,0,273,-83,166,93,220,0" owari="331,43.0,190,-31.0,259,6.0,220,-18.0" /></mjloggm>