<mjloggm ver="2.3"><GO type="41" lobby="0"/><UN n0="%E3%81%94%E3%81%BE%E3%81%9F" n1="%E3%81%A1%E3%82%8B%E3%81%A1%E3%82%8B%EF%BC%A0" n2="%E3%81%A8%E3%81%9F%E3%81%AE" n3="%E5%B0%B1%E6%B4%BB%E7%94%9F%40%E5%B7%9D%E6%9D%91%E8%BB%8D%E5%9B%A3" dan="14,14,14,14" rate="1917.71,1900.96,1961.99,1963.11" sx="M,F,M,M"/><TAIKYOKU oya="0"/><INIT seed="0,0,0,1,3,130" ten="250,250,250,250" oya="0" hai0="57,127,109,131,60,135,83,99,58,32,5,81,68" hai1="79,77,69,41,13,94,18,90,106,34,113,59,92" hai2="1,107,126,133,39,71,16,47,66,73,19,132,118" hai3="65,75,4,56,82,42,27,48,70,12,102,7,76"/><T114/><D131/><U31/><E69/><V134/><F118/><W29/><G70/><T104/><D114/><U44/><E106/><V0/><F126/><W112/><G112/><T46/><D46/><U8/><E113/><V88/><F73/><W10/><G102/><T93/><D68/><U26/><E59/><V119/><F119/><W67/><G7/><T96/><D127/><U14/><E14/><V25/><F107/><W111/><G111/><T54/><D109/><U40/><E40/><N who="2" m="22943" /><F25/><W74/><G74/><T35/><D5/><U110/><E110/><V89/><F66/><W43/><G43/><T78/><D78/><U91/><E94/><V97/><F71/><W20/><G56/><T117/><D104/><U21/><E34/><V38/><F38/><W123/><G123/><T15/><D15/><U49/><REACH who="1" step="1"/><E91/><REACH who="1" ten="250,240,250,250" step="2"/><N who="2" m="34891" /><F97/><AGARI ba="0,1" hai="8,13,18,21,26,31,41,44,49,77,79,90,92,97" machi="97" ten="30,3900,0" yaku="1,1,7,1,8,1,53,0" doraHai="130" doraHaiUra="80" who="1" fromWho="2" sc="250,0,240,49,250,-39,250,0" /><INIT seed="1,0,0,4,4,94" ten="250,289,211,250" oya="1" hai0="45,41,4,129,30,2,46,49,58,61,119,10,32" hai1="131,127,69,126,133,56,62,24,57,123,63,31,121" hai2="12,124,99,5,130,38,65,13,16,26,88,35,74" hai3="95,23,101,64,36,93,51,22,134,44,110,87,60"/><U29/><E131/><V97/><F38/><W82/><G36/><T76/><D129/><U108/><E69/><V75/><F130/><W52/><G134/><T90/><D119/><U9/><E108/><V14/><F5/><W114/><G114/><T67/><D32/><U43/><E9/><V11/><F124/><N who="1" m="47657" /><E43/><V122/><F122/><N who="1" m="46601" /><E133/><V55/><F65/><W7/><G7/><T111/><D30/><N who="1" m="11275" /><E24/><V96/><F11/><W33/><G110/><T125/><D125/><U107/><E107/><V98/><F35/><W89/><G33/><T0/><D111/><U79/><E79/><V83/><F55/><W39/><G39/><T106/><D106/><U100/><E100/><V17/><F75/><W73/><G73/><T50/><D76/><U27/><E27/><V132/><F132/><W40/><G40/><T92/><D10/><U6/><E6/><V53/><F53/><W81/><G23/><T19/><D4/><U18/><E18/><N who="2" m="7275" /><F74/><W3/><G22/><T118/><D19/><U120/><E120/><V28/><F26/><W86/><G3/><T78/><D78/><U103/><E103/><V48/><F28/><W70/><G101/><T117/><D0/><U47/><E47/><V42/><F83/><W128/><G128/><T80/><D2/><U34/><E34/><V113/><F113/><W21/><G21/><T115/><D80/><U91/><E91/><AGARI ba="0,0" hai="44,51,52,60,64,70,81,82,86,87,89,91,93,95" machi="91" ten="30,3900,0" yaku="7,1,9,1,54,1" doraHai="94" who="3" fromWho="1" sc="250,0,289,-39,211,0,250,39" /><INIT seed="2,0,0,5,2,65" ten="250,250,211,289" oya="2" hai0="23,21,20,123,37,70,97,55,35,82,48,94,6" hai1="105,86,116,109,67,117,120,34,29,103,14,58,68" hai2="78,124,91,69,95,18,98,83,93,46,12,73,79" hai3="92,3,127,111,59,26,63,32,100,76,15,33,129"/><V107/><F124/><W11/><G3/><T57/><D35/><U38/><E38/><V115/><F115/><W61/><G111/><T8/><D37/><U118/><E109/><V27/><F79/><W40/><G129/><T71/><D82/><U53/><E120/><V10/><F95/><W50/><G127/><T24/><D24/><N who="1" m="18727" /><E86/><V60/><F46/><W49/><G76/><T2/><REACH who="0" step="1"/><D123/><REACH who="0" ten="240,250,211,289" step="2"/><U85/><E118/><V121/><F121/><W9/><G33/><T47/><D47/><U128/><E117/><V62/><F107/><W113/><G26/><T122/><D122/><U28/><E116/><V0/><F0/><W43/><G32/><T41/><D41/><U74/><E128/><V36/><F36/><W130/><G130/><T51/><D51/><U126/><E105/><V87/><F27/><W7/><G113/><T31/><D31/><U13/><E126/><V108/><F108/><W114/><G114/><T104/><D104/><U22/><E28/><V131/><F131/><W81/><G49/><T1/><D1/><U125/><E125/><V39/><F39/><W96/><G81/><T132/><D132/><U19/><E74/><V102/><F62/><W17/><G50/><T52/><D52/><U84/><E53/><V56/><F73/><W5/><G61/><T45/><D45/><U88/><E13/><V66/><REACH who="2" step="1"/><F78/><REACH who="2" ten="240,250,201,289" step="2"/><W44/><G44/><T119/><D119/><U99/><E14/><V112/><F112/><W30/><G63/><T25/><D25/><U90/><E67/><V80/><F80/><W110/><G30/><T42/><D42/><RYUUKYOKU ba="0,2" sc="240,15,250,-15,201,15,289,-15" hai0="2,6,8,20,21,23,48,55,57,70,71,94,97" hai2="10,12,18,56,60,66,69,83,87,91,93,98,102" /><INIT seed="2,1,2,0,1,75" ten="255,235,216,274" oya="2" hai0="62,88,38,126,35,104,102,81,34,113,17,89,99" hai1="90,54,69,29,71,82,30,47,10,55,79,41,112" hai2="117,131,42,33,118,134,110,115,3,119,98,109,76" hai3="116,6,130,51,0,14,63,83,45,93,73,107,53"/><V106/><F3/><W120/><G107/><T100/><D38/><U11/><E112/><V133/><F33/><W135/><G0/><T22/><D113/><U1/><E90/><V132/><F42/><W123/><G116/><T8/><D8/><U128/><E128/><V64/><F64/><W108/><G130/><T13/><D126/><U70/><E29/><V49/><F49/><W19/><G135/><T12/><D12/><U67/><E30/><V58/><F58/><W57/><G6/><T16/><D17/><U27/><E27/><V43/><F43/><W103/><G108/><N who="2" m="41577" /><F115/><W77/><G93/><T68/><D102/><U97/><E67/><V23/><F131/><W24/><G103/><T60/><D68/><U18/><E41/><V26/><F76/><W80/><G24/><T2/><D2/><U94/><E79/><V25/><F23/><W56/><G56/><T65/><D65/><U59/><E59/><V15/><F15/><W20/><G57/><T129/><D129/><U127/><E70/><V50/><F50/><W122/><G63/><T72/><D35/><U87/><E69/><V28/><F28/><W9/><G20/><T105/><D34/><U114/><E71/><V7/><F7/><W52/><G53/><T46/><D62/><U39/><E1/><V48/><F48/><W21/><G21/><T74/><D60/><U111/><E114/><V32/><F32/><W31/><G31/><T101/><D22/><U4/><E4/><V37/><F37/><W85/><G123/><T124/><D13/><N who="1" m="7487" /><E39/><V40/><F40/><W78/><AGARI ba="1,2" hai="9,14,19,45,51,52,73,77,78,80,83,85,120,122" machi="78" ten="20,12000,2" yaku="5,1,0,1,7,1,52,2,54,1" doraHai="75" who="3" fromWho="3" sc="255,-31,235,-31,216,-61,274,143" /><INIT seed="3,0,0,1,4,131" ten="224,204,155,417" oya="3" hai0="11,114,5,57,116,31,89,84,128,119,52,71,69" hai1="75,101,113,129,64,29,100,44,7,105,95,17,61" hai2="65,18,118,45,56,73,120,74,103,19,70,90,25" hai3="133,9,43,41,10,60,83,117,38,127,51,42,62"/><W0/><G117/><T94/><D128/><U39/><E113/><V12/><F118/><W20/><G38/><T108/><D114/><U80/><E129/><V130/><F130/><W82/><G127/><T81/><D108/><U99/><E7/><V53/><F120/><W58/><G20/><T72/><D31/><U79/><E29/><V6/><F103/><W96/><G96/><T32/><D32/><U112/><E112/><V46/><F70/><W91/><G91/><T102/><D119/><U107/><E100/><V126/><F126/><W124/><G0/><T67/><D67/><U134/><E17/><V109/><F109/><W37/><G37/><T47/><D47/><U4/><E4/><V49/><F74/><W8/><G124/><T115/><D115/><U92/><E92/><V135/><F73/><W14/><G14/><T88/><D102/><U125/><E125/><V13/><F25/><W66/><G51/><T76/><D89/><U123/><E123/><V26/><F6/><W97/><G97/><T34/><D34/><U85/><E75/><V87/><F26/><W106/><G106/><T122/><D122/><U36/><E36/><V21/><F65/><W86/><G60/><T23/><D23/><U55/><E105/><V2/><F2/><W16/><G16/><T48/><D116/><U63/><E107/><V93/><F135/><W28/><G28/><T68/><D68/><U132/><E39/><V1/><F1/><AGARI ba="0,0" hai="1,5,11,48,52,57,69,71,72,76,81,84,88,94" machi="1" ten="30,3900,0" yaku="7,1,54,2" doraHai="131" who="0" fromWho="2" sc="224,39,204,0,155,-39,417,0" /><INIT seed="4,0,0,3,2,72" ten="263,204,116,417" oya="0" hai0="21,66,117,102,71,1,103,58,2,135,24,20,107" hai1="134,53,37,57,129,99,8,73,18,118,76,84,62" hai2="63,41,13,54,70,89,104,112,127,46,95,26,9" hai3="43,132,14,120,23,35,113,67,17,19,40,111,49"/><T114/><D117/><U11/><E118/><V64/><F112/><W80/><G35/><T122/><D114/><U79/><E73/><V68/><F127/><W85/><G111/><T61/><D122/><U87/><E37/><V78/><F104/><W86/><G132/><T12/><D135/><U39/><E39/><V45/><F70/><W33/><G33/><T133/><D133/><U124/><E129/><V3/><F26/><W82/><G67/><T55/><D103/><U51/><E124/><V4/><F54/><W75/><G75/><T48/><D12/><N who="1" m="7431" /><E134/><V47/><F3/><W81/><G120/><T125/><D125/><U94/><E11/><V106/><F106/><W10/><G113/><T7/><D7/><U44/><E84/><N who="3" m="32362" /><G49/><T110/><D110/><U116/><E87/><V101/><F101/><W28/><G28/><T52/><D55/><N who="1" m="30183" /><E116/><V100/><F100/><AGARI ba="0,0" hai="53,57,62,76,79,94,99,100" m="30183,7431" machi="100" ten="30,3900,0" yaku="8,1,52,2" doraHai="72" who="1" fromWho="2" sc="263,0,204,39,116,-39,417,0" /><INIT seed="5,0,0,2,2,35" ten="263,243,77,417" oya="1" hai0="45,6,69,73,27,88,50,124,5,58,79,81,117" hai1="100,127,51,36,17,8,101,47,108,34,7,78,132" hai2="3,28,19,115,9,31,84,66,16,44,93,10,130" hai3="125,83,41,39,68,24,134,60,11,21,46,87,1"/><U37/><E127/><V33/><F66/><W77/><G134/><T55/><D124/><U107/><E132/><V128/><F44/><W118/><G125/><T133/><D133/><U90/><E108/><V30/><F93/><W70/><G118/><T53/><D117/><U61/><E34/><V122/><F84/><W105/><G105/><T74/><D73/><U65/><E17/><N who="2" m="6731" /><F122/><W106/><G106/><T102/><D102/><U13/><E90/><V2/><F33/><W23/><G23/><T86/><D27/><U63/><E78/><V75/><F75/><N who="3" m="43455" /><G60/><T40/><D69/><U22/><E63/><V97/><F97/><W76/><G87/><T110/><D110/><U131/><E101/><V112/><F10/><W72/><G72/><T15/><D55/><U98/><E37/><V121/><F121/><W123/><G123/><T49/><D74/><U99/><E36/><V89/><F89/><W82/><G82/><T96/><D79/><U80/><E80/><V126/><F126/><W57/><G57/><T25/><D96/><U62/><E99/><V120/><F120/><W103/><G103/><T18/><D25/><U56/><E62/><V135/><F135/><W32/><G32/><T109/><D109/><U95/><E107/><V85/><F85/><W29/><G76/><T92/><D81/><U94/><E100/><V67/><F67/><W4/><AGARI ba="0,0" hai="1,4,11,21,24,29,39,41,46,68,70" m="43455" machi="4" ten="30,2000,0" yaku="25,1,52,1" doraHai="35" who="3" fromWho="3" sc="263,-5,243,-10,77,-5,417,20" /><INIT seed="6,0,0,2,1,65" ten="258,233,72,437" oya="2" hai0="35,17,88,85,102,60,101,66,80,64,21,11,24" hai1="61,7,114,40,84,49,31,112,9,132,36,55,51" hai2="29,95,133,38,100,47,54,105,116,16,34,123,27" hai3="119,19,58,56,0,15,130,67,59,3,28,1,77"/><V10/><F116/><W37/><G37/><T109/><D66/><U8/><E132/><V25/><F133/><W53/><G119/><T93/><D109/><U48/><E31/><V75/><F123/><W14/><G67/><T41/><D41/><U104/><E104/><V117/><F117/><W115/><G28/><T111/><D111/><U74/><E74/><V39/><F75/><W73/><G130/><T81/><D81/><U125/><E125/><V91/><F105/><W20/><G115/><N who="1" m="44074" /><E84/><V97/><F100/><W128/><G128/><T96/><D35/><U6/><E40/><V44/><F25/><W42/><G42/><T50/><D50/><U78/><E78/><V69/><F69/><W126/><G126/><T87/><D87/><U113/><E36/><V72/><F72/><W129/><G129/><T57/><D11/><N who="1" m="4171" /><E113/><V89/><F39/><W76/><G73/><T68/><REACH who="0" step="1"/><D68/><REACH who="0" ten="248,233,72,437" step="2"/><U32/><E32/><V86/><F38/><W71/><G71/><T99/><D99/><U30/><E49/><V62/><F62/><W4/><G53/><T23/><D23/><U70/><E70/><V13/><F54/><W5/><G20/><T43/><D43/><U82/><E61/><V103/><F103/><AGARI ba="0,1" hai="17,21,24,57,60,64,80,85,88,93,96,101,102,103" machi="103" ten="30,8000,1" yaku="1,1,7,1,8,1,54,1,53,1" doraHai="65" doraHaiUra="90" who="0" fromWho="2" sc="248,90,233,0,72,-80,437,0" owari="338,14.0,233,-17.0,-8,-51.0,437,54.0" /></mjloggm>