<mjloggm ver="2.3"><GO type="169" lobby="0"/><UN n0="%46%61%72%61%68" n1="%74%61%6E%61%4B%61" n2="%E3%82%BF%E3%82%B1%E3%82%BF%E3%82%B1%E3%82%BF%E3%82%B1" n3="%E3%82%A6%E3%83%AB%E3%83%88%E3%83%A9%E7%AB%8B%E7%9B%B4" dan="16,16,18,17" rate="2062.23,2043.09,2236.58,2133.84" sx="M,M,M,M"/><TAIKYOKU oya="0"/><INIT seed="0,0,0,3,2,22" ten="250,250,250,250" oya="0" hai0="131,122,10,82,87,84,60,95,101,120,119,75,3" hai1="125,62,74,128,97,46,49,33,61,8,17,78,98" hai2="36,7,66,14,52,39,107,4,114,134,26,94,16" hai3="124,91,44,80,88,59,81,72,9,43,28,118,63"/><T85/><D60/><U18/><E33/><V25/><F107/><W21/><G118/><T104/><D10/><U70/><E125/><V102/><F114/><W41/><G124/><T79/><D3/><U38/><E38/><V19/><F134/><W113/><G113/><T42/><D42/><U15/><E128/><V112/><F112/><W47/><G9/><T65/><D65/><U0/><E0/><V6/><F66/><W56/><G72/><T24/><D24/><N who="2" m="9322" /><F39/><W89/><G21/><T106/><D119/><U103/><E98/><N who="2" m="59735" /><F36/><W115/><G115/><T108/><D108/><U51/><E51/><V23/><F19/><W67/><G28/><T32/><D32/><U110/><E110/><V31/><F52/><W58/><G63/><T1/><D1/><U40/><E70/><V5/><F5/><W86/><G67/><T100/><D131/><U55/><E18/><V93/><F93/><W34/><G34/><T99/><D95/><U111/><E55/><V83/><F83/><W126/><G126/><T96/><AGARI ba="0,0" hai="75,79,82,84,85,87,96,99,100,101,104,106,120,122" machi="96" ten="30,12000,1" yaku="0,1,9,1,34,3" doraHai="22" who="0" fromWho="0" sc="250,120,250,-40,250,-40,250,-40" /><INIT seed="0,1,0,5,1,37" ten="370,210,210,210" oya="0" hai0="71,97,5,54,108,52,32,51,31,14,42,82,44" hai1="116,99,17,75,130,11,88,120,55,135,26,105,70" hai2="98,85,109,53,67,94,90,40,2,106,78,46,103" hai3="128,87,80,22,73,121,91,72,115,84,59,77,23"/><T101/><D71/><U74/><E120/><V9/><F109/><W50/><G115/><T58/><D108/><U16/><E116/><V111/><F111/><W95/><G128/><T19/><D82/><U8/><E130/><V60/><F53/><W43/><G121/><T127/><D127/><U20/><E70/><V6/><F78/><W68/><G68/><T113/><D113/><U15/><E135/><V92/><F60/><W10/><G10/><T93/><D5/><U65/><E65/><V28/><F28/><W36/><G36/><T30/><D32/><U21/><E55/><V1/><F67/><W134/><G134/><T13/><D13/><U131/><E131/><V25/><F25/><W107/><G107/><T76/><D76/><U45/><E45/><V124/><F124/><W119/><G119/><T69/><D54/><U79/><E79/><V122/><F122/><W56/><G73/><T57/><D57/><N who="3" m="22089" /><G72/><T39/><D69/><U96/><E75/><V29/><F29/><W24/><G24/><T3/><D3/><U7/><E74/><V64/><F64/><W0/><G0/><T4/><D4/><U123/><E123/><V62/><F62/><W132/><G132/><T27/><D27/><U104/><E8/><AGARI ba="1,0" hai="8,14,19,30,31,39,42,44,51,52,58,93,97,101" machi="8" ten="30,5800,0" yaku="7,1,52,1,54,1" doraHai="37" who="0" fromWho="1" sc="370,61,210,-61,210,0,210,0" /><INIT seed="0,2,0,5,3,114" ten="431,149,210,210" oya="0" hai0="27,90,8,109,6,129,133,20,116,22,25,84,56" hai1="42,130,128,134,1,66,108,30,3,87,33,35,115" hai2="57,71,118,41,50,45,112,2,127,52,60,37,122" hai3="18,54,47,21,15,40,36,80,78,29,39,93,68"/><T10/><D129/><N who="1" m="49771" /><E115/><V104/><F104/><W107/><G107/><T11/><D133/><U86/><E108/><V59/><F2/><N who="1" m="521" /><E66/><N who="2" m="41415" /><F112/><W7/><G68/><T125/><D125/><U110/><E110/><V105/><F105/><W69/><G69/><T126/><D126/><U75/><E75/><V13/><F127/><W119/><G39/><T55/><D109/><U97/><E134/><V46/><F13/><W121/><G7/><T67/><D67/><U14/><E42/><N who="2" m="22735" /><F122/><W88/><G29/><T43/><D43/><U4/><E97/><V73/><F73/><W38/><G38/><T24/><D6/><U101/><E101/><V103/><F103/><W102/><G102/><T111/><D111/><U48/><E48/><N who="2" m="26703" /><F118/><W34/><G119/><T49/><D116/><U82/><E30/><V96/><F96/><W77/><G34/><N who="1" m="12810" /><E82/><AGARI ba="2,0" hai="8,10,11,20,22,24,25,27,49,55,56,82,84,90" machi="82" ten="40,2000,0" yaku="8,1" doraHai="114" who="0" fromWho="1" sc="431,26,149,-26,210,0,210,0" /><INIT seed="0,3,0,0,4,78" ten="457,123,210,210" oya="0" hai0="66,68,84,91,75,38,50,97,86,6,117,14,133" hai1="67,58,79,88,96,25,107,36,108,4,126,114,109" hai2="73,55,16,94,56,128,47,98,46,134,49,7,131" hai3="5,123,115,77,27,15,60,102,26,101,1,61,111"/><T18/><D117/><U106/><E36/><V124/><F73/><W122/><G1/><T125/><D38/><U93/><E126/><V35/><F35/><W99/><G77/><T65/><D125/><U70/><E70/><V37/><F124/><W121/><G115/><T42/><D75/><U41/><E41/><V34/><F34/><W80/><G111/><N who="1" m="42570" /><E114/><V59/><F7/><W17/><G5/><T71/><D133/><U95/><E4/><V23/><F59/><W113/><G113/><T10/><D6/><U31/><E95/><V110/><F134/><W82/><G15/><T43/><D71/><U51/><E79/><V119/><F119/><W20/><G27/><T52/><D68/><U53/><E67/><N who="0" m="25609" /><D97/><U85/><E96/><V69/><F69/><W105/><G101/><T112/><D112/><U135/><E135/><V33/><F33/><AGARI ba="3,0" hai="25,31,33,51,53,58,85,88,93,106,107" m="42570" machi="33" ten="30,2000,0" yaku="14,1,54,1" doraHai="78" who="1" fromWho="2" sc="457,0,123,29,210,-29,210,0" /><INIT seed="1,0,0,5,0,113" ten="457,152,181,210" oya="1" hai0="27,101,71,105,20,129,125,56,40,66,123,60,47" hai1="84,127,7,130,104,51,39,110,15,38,106,103,95" hai2="133,108,73,11,89,124,37,97,90,21,59,12,102" hai3="99,79,34,114,78,121,118,17,18,10,9,16,48"/><U22/><E127/><V36/><F108/><W24/><G114/><T134/><D125/><U46/><E130/><V58/><F73/><W65/><G121/><T5/><D129/><U49/><E110/><V87/><F124/><W126/><G126/><T53/><D123/><U91/><E51/><V96/><F133/><W119/><G65/><T81/><D134/><U131/><E131/><V76/><F76/><N who="3" m="29227" /><G99/><T112/><D112/><U45/><E45/><V116/><F116/><N who="3" m="44587" /><G48/><T55/><D66/><U94/><E94/><V70/><F97/><W100/><G100/><T43/><D101/><U33/><E33/><V115/><F96/><W64/><G64/><T31/><D105/><U4/><E103/><V42/><F37/><W57/><G57/><T128/><D56/><U85/><E104/><V54/><F59/><W74/><G74/><T28/><D128/><U135/><E106/><V23/><F58/><W30/><AGARI ba="0,0" hai="9,10,16,17,18,24,30,34" m="44587,29227" machi="30" ten="40,8000,1" yaku="12,1,52,3,54,1" doraHai="113" who="3" fromWho="3" sc="457,-20,152,-40,181,-20,210,80" /><INIT seed="2,0,0,5,4,94" ten="437,112,161,290" oya="2" hai0="19,1,77,4,68,22,17,99,18,2,64,0,23" hai1="113,54,100,12,90,55,75,37,25,117,82,56,42" hai2="121,10,120,83,119,52,15,80,67,16,79,86,51" hai3="63,31,62,126,35,116,72,36,114,65,108,66,89"/><V14/><F119/><W129/><G72/><T84/><D68/><U41/><E117/><V47/><F67/><W28/><G36/><T110/><D110/><U60/><E113/><V130/><F130/><W21/><G35/><T30/><D64/><U40/><E100/><V7/><REACH who="2" step="1"/><F83/><REACH who="2" ten="437,112,151,290" step="2"/><W46/><G66/><T74/><D0/><U26/><E37/><V125/><F125/><W5/><G65/><T50/><D1/><U81/><E82/><V122/><F122/><W93/><G126/><T76/><D2/><U127/><E127/><V128/><F128/><W3/><G3/><T87/><D30/><U124/><E124/><V53/><F53/><W57/><G31/><T133/><D4/><U101/><E54/><V91/><F91/><W70/><G89/><T88/><D88/><U78/><E90/><V6/><F6/><W112/><G5/><T32/><D17/><U103/><E101/><V33/><F33/><W27/><G28/><T135/><D32/><U106/><E103/><V29/><F29/><W97/><G116/><T107/><D18/><U115/><E115/><V118/><F118/><W34/><G34/><T123/><D19/><U58/><E55/><V69/><F69/><W9/><G70/><T104/><D123/><U98/><E81/><V38/><F38/><W73/><G129/><T8/><D8/><AGARI ba="0,1" hai="7,8,10,14,15,16,47,51,52,79,80,86,120,121" machi="8" ten="30,11600,0" yaku="1,1,7,1,54,2,53,0" doraHai="94" doraHaiUra="85" who="2" fromWho="0" sc="437,-116,112,0,151,126,290,0" /><INIT seed="2,1,0,4,1,102" ten="321,112,277,290" oya="2" hai0="64,81,114,40,48,98,5,33,70,29,130,3,76" hai1="28,6,65,66,67,87,13,37,95,92,121,30,103" hai2="97,133,134,117,23,94,83,50,43,14,126,106,85" hai3="96,32,72,128,91,41,75,84,79,49,132,12,26"/><V111/><F117/><W42/><G128/><T105/><D114/><U10/><E37/><V58/><F126/><W17/><G132/><N who="2" m="50793" /><F111/><W44/><G42/><T9/><D130/><U62/><E121/><V127/><F127/><W54/><G96/><T135/><D135/><U7/><E7/><V80/><F106/><W78/><G41/><T63/><D48/><U104/><E104/><V108/><F108/><W60/><G60/><T36/><D29/><U125/><E125/><V11/><F23/><W38/><G38/><T20/><D20/><U0/><E0/><V119/><F85/><W47/><G47/><N who="0" m="23943" /><D33/><U101/><E62/><V77/><F77/><W69/><G79/><T61/><D61/><U1/><E1/><V45/><F58/><W123/><G78/><T59/><D59/><U27/><E30/><V46/><F46/><W73/><G123/><T107/><D98/><U34/><REACH who="1" step="1"/><E87/><REACH who="1" ten="321,102,277,290" step="2"/><V112/><F112/><W90/><G84/><T109/><D109/><U71/><E71/><V53/><F119/><W99/><G69/><T51/><D51/><U15/><E15/><V131/><F131/><W110/><G110/><T86/><D86/><U115/><E115/><V18/><F43/><W118/><G118/><T56/><D70/><U57/><E57/><V31/><F31/><N who="3" m="19575" /><G75/><N who="0" m="43167" /><D105/><U55/><E55/><V2/><F2/><W24/><G72/><T122/><D107/><U82/><E82/><V113/><F113/><W100/><G73/><T19/><D122/><U35/><E35/><V93/><F93/><AGARI ba="1,1" hai="6,10,13,27,28,34,65,66,67,92,93,95,101,103" machi="93" ten="40,1300,0" yaku="1,1,53,0" doraHai="102" doraHaiUra="68" who="1" fromWho="2" sc="321,0,102,26,277,-16,290,0" /><INIT seed="3,0,0,4,5,87" ten="321,128,261,290" oya="3" hai0="34,3,44,101,92,80,24,30,62,57,52,130,128" hai1="51,114,65,86,76,69,83,88,47,120,5,48,58" hai2="72,129,56,71,45,68,41,11,29,33,18,131,135" hai3="63,102,110,91,97,132,115,116,96,73,8,53,94"/><W22/><G116/><T108/><D3/><U38/><E114/><V55/><F72/><W54/><G115/><T40/><D80/><U59/><E120/><V113/><F113/><W10/><G132/><T28/><D28/><U27/><E69/><V9/><F135/><W95/><G73/><T82/><D82/><U105/><E105/><V19/><F29/><W43/><G110/><T124/><D108/><U85/><E5/><V49/><F33/><W78/><G78/><T77/><D77/><U61/><E27/><V89/><F89/><N who="3" m="55407" /><G43/><T125/><D92/><N who="1" m="54287" /><E38/><V107/><F107/><W14/><G102/><T103/><D103/><U15/><E58/><V117/><F117/><W84/><G84/><T25/><D101/><U32/><E32/><V39/><F71/><W75/><G75/><T20/><D25/><U0/><E0/><V98/><F98/><W133/><G133/><T109/><D34/><U121/><E121/><V100/><F100/><W23/><G63/><T119/><D119/><U6/><E47/><V37/><F37/><W13/><G13/><T70/><D70/><U81/><E81/><V2/><F68/><W4/><G10/><AGARI ba="0,0" hai="6,10,15,48,51,59,61,65,76,83,86" m="54287" machi="10" ten="30,3900,0" yaku="8,1,52,1,54,1" doraHai="87" who="1" fromWho="3" sc="321,0,128,39,261,0,290,-39" /><INIT seed="4,0,0,5,3,10" ten="321,167,261,251" oya="0" hai0="54,95,18,7,58,125,109,57,108,123,77,27,51" hai1="92,132,39,121,114,81,4,84,68,88,67,133,90" hai2="22,17,11,47,0,63,53,70,16,127,52,31,59" hai3="89,2,94,73,122,38,12,46,86,21,103,72,100"/><T118/><D118/><U93/><E39/><V42/><F127/><W48/><G2/><T135/><D125/><U13/><E121/><V62/><F31/><W115/><G38/><T97/><D123/><U134/><E114/><V60/><F53/><W45/><G115/><T34/><D77/><U30/><E30/><V91/><F70/><W26/><G122/><T29/><D7/><U44/><E44/><V87/><F11/><W113/><G113/><T40/><D40/><U102/><E102/><V15/><F17/><N who="3" m="12591" /><G72/><T117/><D117/><U98/><E67/><V49/><F0/><W78/><G73/><T79/><D79/><U3/><E3/><V116/><F116/><W56/><G78/><T14/><D135/><U23/><E68/><V106/><F106/><W50/><G12/><T61/><D61/><U6/><REACH who="1" step="1"/><E81/><AGARI ba="0,0" hai="15,16,22,42,47,49,52,59,60,62,63,81,87,91" machi="81" ten="30,8000,1" yaku="7,1,8,1,52,1,54,2" doraHai="10" who="2" fromWho="1" sc="321,0,167,-80,261,80,251,0" /><INIT seed="5,0,0,4,2,1" ten="321,87,341,251" oya="1" hai0="61,41,40,60,13,95,98,73,9,7,121,72,31" hai1="97,92,74,36,79,14,64,91,133,114,109,62,106" hai2="16,87,116,45,58,43,70,46,39,10,2,81,115" hai3="8,119,85,108,53,15,90,94,42,38,4,28,100"/><U113/><E36/><V48/><F70/><W24/><G108/><T128/><D121/><U49/><E109/><V78/><F116/><W37/><G119/><T56/><D128/><U103/><E133/><V12/><F115/><N who="1" m="44041" /><E49/><V126/><F126/><W112/><G112/><T111/><D111/><U123/><E123/><V30/><F30/><W125/><G125/><T63/><D31/><U26/><E26/><V99/><F99/><W18/><G42/><N who="0" m="16491" /><D73/><U3/><E3/><V102/><F2/><W132/><G132/><T34/><D34/><U107/><E14/><V80/><F102/><W19/><G100/><N who="0" m="60511" /><D72/><U124/><E124/><V120/><F120/><W77/><G38/><T55/><AGARI ba="0,0" hai="7,9,13,55,56,60,61,63" m="60511,16491" machi="55" ten="30,2000,0" yaku="8,1,52,1" doraHai="1" who="0" fromWho="0" sc="321,20,87,-10,341,-5,251,-5" /><INIT seed="6,0,0,0,2,0" ten="341,77,336,246" oya="2" hai0="5,57,40,23,133,89,76,86,12,3,46,119,90" hai1="109,110,106,122,102,70,54,13,93,6,8,19,88" hai2="67,51,33,41,120,61,111,78,124,25,104,35,66" hai3="130,84,73,100,68,92,82,81,123,114,126,16,27"/><V112/><F120/><W59/><G68/><T31/><D3/><U77/><E122/><V20/><F112/><W42/><G123/><T38/><D133/><U127/><E70/><V28/><F104/><W64/><G126/><T15/><D119/><U9/><E127/><V52/><F41/><W4/><G130/><T43/><D43/><U29/><E29/><V132/><F124/><W79/><G42/><T37/><D37/><U97/><E77/><V103/><F103/><W128/><G128/><T113/><D113/><U18/><E54/><V75/><F132/><W95/><G100/><T71/><D71/><U117/><E117/><V7/><F111/><W134/><G134/><T108/><D108/><U131/><E131/><V50/><F50/><W121/><G121/><T98/><D57/><U34/><E19/><V47/><F66/><W56/><G56/><T11/><D98/><U91/><E34/><V14/><F78/><W63/><G114/><T53/><D53/><U99/><REACH who="1" step="1"/><E91/><REACH who="1" ten="341,67,336,246" step="2"/><V72/><F35/><W135/><G135/><T62/><D76/><U22/><E22/><V32/><F33/><W55/><G55/><T58/><D31/><U36/><E36/><V26/><F32/><W69/><G69/><T125/><D125/><U30/><E30/><V85/><F20/><W129/><G129/><T96/><D23/><U65/><E65/><V105/><F67/><W2/><G16/><T60/><D89/><U80/><E80/><V10/><F28/><W44/><G81/><T118/><D118/><U48/><E48/><V1/><F52/><W87/><G79/><RYUUKYOKU ba="0,1" sc="341,-10,67,30,336,-10,246,-10" hai1="6,8,9,13,18,88,93,97,99,102,106,109,110" /><INIT seed="7,1,1,3,4,40" ten="331,97,326,236" oya="3" hai0="110,130,131,81,46,113,4,37,42,116,70,59,45" hai1="51,60,126,85,56,26,31,73,15,67,129,22,79" hai2="87,111,62,57,95,9,109,106,13,49,124,50,39" hai3="100,134,133,7,93,88,94,23,76,48,61,101,55"/><W90/><G7/><T98/><D70/><U12/><E73/><V52/><F106/><W91/><G61/><T103/><D116/><U107/><E107/><V33/><F33/><W120/><G23/><T121/><D121/><U78/><E126/><V105/><F105/><W83/><G120/><T44/><D110/><U35/><E129/><N who="0" m="49161" /><D113/><U5/><E35/><V104/><F104/><W19/><G19/><T92/><D4/><U65/><E65/><V47/><F39/><W112/><G112/><T99/><D99/><U64/><E64/><V84/><F124/><W10/><G10/><T82/><D59/><U125/><E125/><V30/><F30/><W38/><G38/><T96/><D96/><U16/><E5/><V102/><F50/><W66/><G66/><T63/><D63/><U123/><E123/><V21/><F21/><W127/><G127/><T32/><D32/><U89/><E12/><V115/><F115/><W6/><G6/><T54/><D46/><U20/><REACH who="1" step="1"/><E51/><AGARI ba="1,1" hai="37,42,44,45,51,54,81,82,92,98,103" m="49161" machi="51" ten="30,3900,0" yaku="19,1,52,2" doraHai="40" who="0" fromWho="1" sc="331,52,97,-42,326,0,236,0" owari="383,47.0,55,-44.0,326,13.0,236,-16.0" /></mjloggm>