<mjloggm ver="2.3"><GO type="169" lobby="0"/><UN n0="%E3%82%A6%E3%83%AB%E3%83%88%E3%83%A9%E7%AB%8B%E7%9B%B4" n1="%E3%81%BE%E3%81%93%E3%81%95%E3%81%A8%76%65%72%32" n2="%E6%B1%9A%E5%BF%8D" n3="%E7%82%AD%40%E6%9D%8F%E6%9D%8F%E8%BB%8D%E5%9B%A3" dan="17,16,16,16" rate="2209.67,2132.38,2101.16,2156.69" sx="M,M,M,M"/><TAIKYOKU oya="0"/><INIT seed="0,0,0,3,2,12" ten="250,250,250,250" oya="0" hai0="11,111,56,122,96,104,107,0,108,128,62,132,48" hai1="124,99,60,92,79,61,20,72,90,19,14,47,42" hai2="85,112,119,10,30,31,118,16,55,116,78,97,4" hai3="67,126,120,22,94,63,133,29,57,98,37,88,24"/><T9/><D122/><U26/><E124/><V68/><F68/><W134/><G126/><T103/><D107/><U102/><E79/><V59/><F112/><W93/><G120/><T100/><D100/><U35/><E72/><V45/><F45/><W71/><G37/><T70/><D70/><U3/><E3/><V39/><F39/><W82/><G82/><T51/><D128/><U76/><E76/><V73/><F73/><W7/><G7/><T52/><D132/><U101/><E35/><V15/><F97/><W131/><G131/><T2/><D11/><U33/><E33/><V41/><F41/><W125/><G125/><T43/><D9/><U53/><E14/><V86/><F4/><W65/><G65/><T74/><D74/><U89/><E89/><V27/><F78/><W34/><G71/><T130/><D130/><U91/><E91/><V77/><F77/><W28/><G28/><N who="2" m="10793" /><F27/><W23/><REACH who="3" step="1"/><G94/><REACH who="3" ten="250,250,250,240" step="2"/><T84/><D0/><U64/><E64/><V17/><F17/><W81/><G81/><T75/><D2/><U110/><E110/><N who="0" m="42025" /><D75/><U40/><E40/><V21/><F10/><W66/><G66/><T87/><D43/><U32/><E32/><V115/><F115/><W1/><G1/><T50/><AGARI ba="0,1" hai="48,50,51,52,56,62,84,87,96,103,104" m="42025" machi="50" ten="30,6000,0" yaku="14,1,10,1,54,1" doraHai="12" who="0" fromWho="0" sc="250,70,250,-20,250,-20,240,-20" /><INIT seed="0,1,0,1,0,30" ten="320,230,230,220" oya="0" hai0="48,47,6,70,50,28,44,63,19,89,95,2,59" hai1="43,130,12,62,3,113,83,75,116,4,94,127,101" hai2="124,72,68,37,123,76,51,20,74,9,120,107,85" hai3="57,13,31,118,103,23,119,65,14,100,53,16,38"/><T96/><D70/><U128/><E43/><V36/><F51/><W42/><G65/><T40/><D28/><U49/><E3/><V17/><F85/><W24/><G118/><T132/><D132/><U134/><E116/><V58/><F58/><W131/><G119/><T99/><D2/><U122/><E122/><V54/><F54/><W32/><G131/><T45/><D6/><U91/><E49/><N who="0" m="19049" /><D19/><U110/><E62/><V8/><F76/><W129/><G129/><T80/><D80/><U7/><E101/><V27/><F17/><W133/><G133/><T126/><D126/><U0/><E0/><V81/><F81/><W52/><G13/><T56/><D40/><U109/><E12/><V93/><F27/><W66/><G66/><N who="0" m="39271" /><D59/><U106/><E106/><V39/><F107/><W112/><G112/><T10/><D10/><U92/><E113/><V5/><F5/><W41/><G53/><T77/><D77/><N who="1" m="44479" /><E134/><V86/><F68/><W79/><G79/><T29/><D29/><U71/><E71/><V73/><F20/><W67/><G67/><T87/><AGARI ba="1,0" hai="44,45,47,87,89,95,96,99" m="39271,19049" machi="87" ten="30,1500,0" yaku="8,1" doraHai="30" who="0" fromWho="0" sc="320,18,230,-6,230,-6,220,-6" /><INIT seed="0,2,0,5,5,20" ten="338,224,224,214" oya="0" hai0="38,129,56,106,94,92,17,29,87,67,57,123,131" hai1="107,11,16,23,105,54,60,73,134,63,113,36,59" hai2="53,130,85,31,71,62,70,111,41,77,80,45,83" hai3="76,3,30,61,5,126,35,74,37,104,28,13,91"/><T26/><D106/><U22/><E73/><V10/><F130/><N who="0" m="49674" /><D38/><U133/><E36/><V103/><F111/><W46/><G126/><T101/><D123/><U110/><E110/><V69/><F103/><W68/><G13/><T25/><D67/><U89/><E11/><V7/><F31/><W55/><G91/><N who="0" m="53375" /><D17/><U43/><E43/><V58/><F83/><N who="3" m="45463" /><G104/><T86/><D86/><U100/><E113/><V18/><F18/><W96/><G96/><N who="0" m="59543" /><D26/><N who="1" m="14663" /><E100/><V65/><F65/><W99/><G35/><AGARI ba="2,0" hai="25,29,35,56,57" m="59543,53375,49674" machi="35" ten="30,2900,0" yaku="19,1,52,1" doraHai="20" who="0" fromWho="3" sc="338,35,224,0,224,0,214,-35" /><INIT seed="0,3,0,5,1,77" ten="373,224,224,179" oya="0" hai0="58,118,95,3,120,44,86,69,123,41,28,38,121" hai1="4,22,78,108,48,59,60,113,133,16,8,83,72" hai2="79,82,110,2,30,21,111,91,0,89,104,39,52" hai3="13,71,37,50,6,36,76,73,114,25,20,87,24"/><T115/><D3/><U75/><E108/><N who="2" m="41515" /><F39/><W49/><G114/><T107/><D107/><U51/><E133/><V10/><F104/><W70/><G73/><T67/><D28/><U130/><E75/><N who="2" m="43391" /><F30/><W96/><G96/><T100/><D100/><U117/><E117/><V23/><F23/><W80/><G37/><T109/><D95/><U54/><E130/><V90/><F21/><W122/><G122/><T33/><D86/><U53/><E113/><V27/><F27/><W135/><G36/><T116/><D33/><U43/><E43/><V131/><F131/><W66/><G135/><T125/><D109/><U12/><REACH who="1" step="1"/><E54/><REACH who="1" ten="373,214,224,179" step="2"/><V105/><F105/><W34/><G66/><T63/><D115/><U45/><E45/><V40/><F40/><W93/><G71/><T84/><D118/><U101/><E101/><V97/><F97/><W126/><G70/><T119/><D84/><U55/><E55/><V128/><F128/><W92/><G87/><T68/><D119/><U98/><E98/><V42/><F42/><W112/><G112/><T9/><D116/><U31/><E31/><V35/><F35/><W134/><G34/><T1/><D69/><U129/><E129/><V46/><F10/><W17/><G134/><T5/><D58/><U99/><E99/><V132/><F132/><W56/><G56/><T26/><D121/><U124/><E124/><V57/><F46/><W32/><G126/><T11/><D125/><U29/><E29/><V65/><F65/><W106/><G32/><T85/><D123/><U127/><E127/><V88/><N who="2" m="22528" /><DORA hai="103" /><V62/><AGARI ba="3,1" hai="0,2,52,57,62" m="22528,43391,41515" machi="62" ten="50,8000,1" yaku="4,1,14,1,52,1,54,2" doraHai="77,103" who="2" fromWho="2" sc="373,-43,214,-23,224,99,179,-23" /><INIT seed="1,0,0,2,0,84" ten="330,191,323,156" oya="1" hai0="24,32,113,49,124,102,22,25,48,94,78,35,59" hai1="21,126,64,72,92,8,110,16,40,42,70,18,118" hai2="53,54,12,76,86,114,34,10,99,29,2,1,123" hai3="105,6,73,37,98,57,23,60,19,89,36,14,15"/><U88/><E72/><V71/><F123/><W111/><G111/><T109/><D113/><U47/><E118/><V46/><F114/><W66/><G73/><T43/><D35/><U134/><E110/><V33/><F71/><W38/><G105/><T81/><D32/><U132/><E126/><V69/><F69/><W125/><G125/><T62/><D109/><U87/><E8/><V133/><F133/><N who="1" m="51305" /><E21/><V91/><F29/><W26/><REACH who="3" step="1"/><G6/><REACH who="3" ten="330,191,323,146" step="2"/><T68/><D124/><U135/><E135/><V95/><F33/><W61/><G61/><T20/><D62/><N who="1" m="40215" /><E42/><V17/><F34/><W28/><G28/><T80/><D43/><U101/><E101/><V115/><F115/><W106/><G106/><T50/><D102/><U121/><E121/><V13/><F17/><W7/><G7/><T108/><D108/><U116/><E116/><V83/><F10/><W104/><G104/><T55/><D20/><U79/><E79/><V77/><F77/><W117/><G117/><T103/><D22/><U120/><E120/><V119/><F119/><W131/><G131/><T65/><D103/><U52/><E40/><V130/><F130/><W39/><N who="3" m="9216" /><DORA hai="67" /><W97/><G97/><T85/><D78/><U63/><E63/><V30/><F99/><W128/><G128/><T74/><D74/><U51/><AGARI ba="0,1" hai="16,18,47,51,52,87,88,92" m="40215,51305" machi="51" ten="30,18000,2" yaku="20,1,52,2,54,3" doraHai="84,67" who="1" fromWho="1" sc="330,-60,191,190,323,-60,146,-60" /><INIT seed="1,1,0,2,4,73" ten="270,381,263,86" oya="1" hai0="36,19,59,16,75,101,94,77,124,57,6,49,25" hai1="103,26,119,109,123,135,98,90,64,88,65,51,17" hai2="114,56,34,18,2,27,0,35,5,10,3,85,108" hai3="82,44,4,91,54,127,131,117,129,52,20,81,39"/><U92/><E119/><V89/><F108/><W23/><G117/><T130/><D36/><U105/><E123/><V104/><F104/><W48/><G127/><T126/><D6/><U115/><E115/><V40/><F40/><W29/><G4/><T33/><D33/><N who="2" m="12298" /><F56/><W46/><G29/><T37/><D37/><U62/><E109/><V80/><F85/><W95/><G82/><N who="0" m="45375" /><D25/><U86/><E135/><V84/><F89/><W58/><G81/><T66/><D130/><N who="3" m="49673" /><G39/><T50/><D59/><U69/><E65/><V118/><F80/><W47/><G54/><N who="0" m="31951" /><D50/><U21/><E51/><V1/><F84/><AGARI ba="1,0" hai="20,23,44,46,47,48,52,58,84,91,95" m="49673" machi="84" ten="30,2000,0" yaku="19,1,54,1" doraHai="73" who="3" fromWho="2" sc="270,0,381,0,263,-23,86,23" /><INIT seed="2,0,0,0,0,130" ten="270,381,240,109" oya="2" hai0="125,66,82,45,11,26,97,119,70,8,46,3,16" hai1="40,120,23,80,29,37,102,74,77,114,24,93,47" hai2="89,96,30,54,4,127,12,72,83,111,85,27,1" hai3="108,42,67,55,38,107,133,104,103,52,110,64,60"/><V129/><F129/><W87/><G87/><T99/><D70/><U13/><E114/><V36/><F127/><W41/><G103/><T84/><D3/><U95/><E120/><V22/><F1/><W5/><G5/><T58/><D125/><U10/><REACH who="1" step="1"/><E102/><REACH who="1" ten="270,371,240,109" step="2"/><V115/><F115/><W49/><G107/><T118/><D118/><U63/><E63/><V18/><F111/><N who="3" m="42539" /><G104/><T71/><D119/><U59/><E59/><V19/><F36/><W109/><G109/><T43/><D71/><U57/><E57/><V33/><F72/><W116/><G116/><T124/><D58/><U50/><E50/><V90/><F33/><W39/><G49/><T65/><D124/><U31/><E31/><V25/><F30/><W17/><G17/><AGARI ba="0,1" hai="10,13,17,23,24,29,37,40,47,74,77,80,93,95" machi="17" ten="30,2000,0" yaku="1,1,7,1,53,0" doraHai="130" doraHaiUra="94" who="1" fromWho="3" sc="270,0,371,30,240,0,109,-20" /><INIT seed="3,0,0,3,4,61" ten="270,401,240,89" oya="3" hai0="90,33,88,29,38,12,75,18,132,110,95,106,25" hai1="91,23,112,87,111,55,20,134,113,64,135,53,104" hai2="73,28,58,37,127,56,81,67,77,35,46,99,125" hai3="117,131,96,36,27,22,70,103,123,97,48,72,78"/><W13/><G123/><T16/><D106/><U19/><E104/><V6/><F99/><W51/><G117/><T49/><D38/><U10/><E111/><V94/><F94/><W69/><G36/><T21/><D75/><U116/><E10/><V107/><F107/><W80/><G131/><T5/><D110/><U43/><E43/><N who="2" m="22895" /><F6/><W130/><G130/><T122/><D122/><U7/><E7/><V109/><F109/><W50/><G13/><T68/><D68/><U118/><E91/><V93/><F93/><W4/><G4/><T74/><D74/><U1/><E87/><V57/><F35/><W42/><G42/><T105/><D105/><U17/><E64/><V85/><F28/><W133/><G133/><T100/><D33/><U9/><E9/><V60/><F73/><W30/><REACH who="3" step="1"/><G96/><REACH who="3" ten="270,401,240,79" step="2"/><N who="0" m="59423" /><D132/><U101/><E1/><V65/><F60/><W84/><G84/><T66/><D5/><U15/><E15/><V41/><F41/><W45/><G45/><T114/><D12/><U128/><E128/><V59/><F85/><W89/><G89/><T79/><D88/><U71/><E101/><V62/><F77/><W120/><G120/><T34/><D79/><U102/><E102/><V2/><F2/><W54/><G54/><T115/><D90/><U126/><E118/><V98/><F98/><W24/><G24/><T44/><D25/><U11/><E116/><V86/><F86/><W40/><G40/><T92/><D44/><U26/><E135/><V31/><F81/><W129/><G129/><T124/><D114/><U47/><E113/><V63/><F31/><RYUUKYOKU ba="0,1" sc="270,-15,401,-15,240,15,79,15" hai2="56,57,58,59,62,63,65,67,125,127" hai3="22,27,30,48,50,51,69,70,72,78,80,97,103" /><INIT seed="3,1,1,5,4,47" ten="255,386,255,94" oya="3" hai0="56,69,126,92,102,108,31,127,51,32,103,53,35" hai1="71,40,100,70,34,105,25,61,114,67,115,66,1" hai2="81,45,84,26,29,2,38,113,80,86,64,37,24" hai3="16,101,132,119,6,68,50,112,91,49,9,134,83"/><W99/><G119/><T8/><D69/><U72/><E1/><V22/><F113/><N who="1" m="43017" /><E72/><V111/><F2/><W13/><G68/><T125/><D108/><U88/><E40/><V21/><F64/><W57/><G112/><T19/><D31/><N who="1" m="19823" /><E88/><V11/><F111/><W63/><G6/><T44/><D92/><U121/><E121/><V123/><F123/><W124/><G124/><T118/><D118/><U52/><E52/><V43/><F11/><W42/><G42/><N who="0" m="24983" /><D8/><U97/><E67/><V122/><F122/><W109/><G109/><T55/><D19/><U128/><E71/><V116/><F116/><W117/><G117/><T7/><D7/><U65/><E65/><V87/><REACH who="2" step="1"/><F38/><REACH who="2" ten="255,386,245,94" step="2"/><W54/><G134/><T0/><D0/><U12/><E128/><V60/><F60/><W89/><G132/><T98/><D55/><U107/><E12/><V133/><F133/><W77/><G91/><T59/><D53/><U94/><E61/><V129/><F129/><W10/><G10/><T36/><D36/><U33/><E66/><V14/><F14/><W104/><G89/><T27/><D126/><U4/><E70/><V96/><F96/><W46/><G46/><T110/><D98/><U20/><E97/><V75/><F75/><AGARI ba="1,2" hai="9,13,16,49,50,54,57,63,75,77,83,99,101,104" machi="75" ten="30,11600,0" yaku="7,1,52,2,54,1" doraHai="47" who="3" fromWho="2" sc="255,0,386,0,245,-119,94,139" /><INIT seed="3,2,0,4,0,77" ten="255,386,126,233" oya="3" hai0="128,53,51,49,100,111,13,91,68,45,6,74,82" hai1="39,109,65,20,116,130,121,93,11,28,110,60,83" hai2="43,126,101,50,92,67,57,55,134,118,119,113,22" hai3="46,80,10,87,90,21,44,2,114,105,3,30,37"/><W14/><G105/><T17/><D68/><U86/><E39/><V72/><F113/><W81/><G114/><T85/><D128/><U125/><E121/><V79/><F134/><W23/><G37/><T103/><D111/><U75/><E130/><V9/><F126/><W94/><G3/><T36/><D36/><U96/><E125/><V73/><F43/><W84/><G2/><T29/><D6/><U31/><E75/><V115/><F115/><W33/><G33/><T71/><D71/><U42/><E42/><V133/><F133/><W12/><G94/><T19/><D29/><U40/><E40/><V95/><F95/><W47/><G30/><T76/><D51/><U106/><E106/><V25/><F9/><W123/><G123/><T108/><D108/><U8/><E116/><V34/><F34/><W7/><G14/><T98/><D98/><U63/><E28/><V131/><F131/><W112/><G112/><T1/><D1/><U64/><E110/><V69/><F69/><W27/><G27/><T89/><D19/><U32/><E32/><V66/><F72/><W127/><G127/><T117/><D117/><U120/><E120/><V41/><F41/><W102/><G102/><N who="0" m="38955" /><D74/><U62/><E109/><V24/><F119/><W26/><G26/><N who="2" m="10345" /><F118/><W97/><G97/><T58/><D45/><U16/><E31/><V35/><F35/><W54/><G54/><T38/><D38/><U107/><E107/><V70/><F70/><W88/><AGARI ba="2,0" hai="7,10,12,21,23,44,46,47,80,81,84,87,88,90" machi="88" ten="30,18000,2" yaku="0,1,9,1,8,1,52,2,54,1" doraHai="77" who="3" fromWho="3" sc="255,-62,386,-62,126,-62,233,186" /><INIT seed="3,3,0,4,1,115" ten="193,324,64,419" oya="3" hai0="122,1,64,79,93,32,24,80,82,85,14,52,103" hai1="12,124,65,35,15,132,26,101,28,6,133,87,2" hai2="119,83,125,23,81,109,34,99,66,98,57,121,7" hai3="131,38,43,84,96,74,108,67,13,72,70,45,135"/><W49/><G135/><N who="1" m="51786" /><E65/><V120/><F34/><W134/><G134/><T30/><D1/><U95/><E101/><V75/><F7/><W97/><G131/><T105/><D105/><U129/><E95/><V46/><F46/><W73/><G108/><T55/><D122/><N who="2" m="47210" /><F66/><W58/><G84/><T22/><D64/><U94/><E94/><V16/><F57/><W31/><G31/><T29/><D32/><U113/><E87/><V53/><F53/><N who="3" m="32047" /><G13/><N who="1" m="5194" /><E113/><V9/><F9/><W116/><G116/><T47/><D30/><U69/><E69/><V17/><F109/><W90/><G90/><T59/><D47/><U4/><E129/><V118/><F75/><W123/><G123/><T77/><D59/><U37/><E37/><V18/><F23/><W110/><G110/><T20/><D20/><U88/><E88/><V40/><F40/><W106/><G106/><T27/><D27/><U0/><E124/><V41/><F41/><W128/><G128/><T61/><D14/><U71/><E71/><V54/><F54/><W78/><G78/><T51/><D61/><AGARI ba="3,0" hai="38,43,45,61,67,70,72,73,74,96,97" m="32047" machi="61" ten="30,1500,0" yaku="24,1" doraHai="115" who="3" fromWho="0" sc="193,-24,324,0,64,0,419,24" /><INIT seed="3,4,0,5,3,25" ten="169,324,64,443" oya="3" hai0="91,51,122,27,121,97,106,113,88,61,98,69,49" hai1="66,28,31,87,5,126,10,15,33,65,82,86,99" hai2="127,14,9,100,34,32,4,50,112,40,130,11,67" hai3="94,79,102,128,64,83,20,77,78,116,21,23,42"/><W1/><G116/><T129/><D61/><U75/><E75/><V124/><F112/><W19/><G1/><T117/><D69/><U73/><E73/><V90/><F67/><N who="1" m="25609" /><E33/><N who="2" m="12907" /><F100/><W76/><G128/><T2/><D27/><U41/><E126/><N who="2" m="48171" /><F90/><W62/><G42/><T101/><D2/><U7/><E41/><V131/><F40/><W17/><G102/><T104/><D101/><U43/><E43/><V115/><F115/><W74/><REACH who="3" step="1"/><G94/><REACH who="3" ten="169,324,64,433" step="2"/><T125/><D125/><U123/><E123/><V59/><F131/><W55/><G55/><T63/><D129/><U93/><E5/><V48/><F130/><W53/><G53/><T38/><D113/><U22/><E22/><V12/><F59/><AGARI ba="4,1" hai="17,19,20,21,23,59,62,64,74,76,77,78,79,83" machi="59" ten="40,2000,0" yaku="1,1,53,0" doraHai="25" doraHaiUra="0" who="3" fromWho="2" sc="169,0,324,0,64,-32,433,42" /><INIT seed="3,5,0,1,0,57" ten="169,324,32,475" oya="3" hai0="61,109,15,46,83,25,73,118,30,98,59,37,38" hai1="33,125,115,70,79,3,56,2,85,64,119,87,82" hai2="26,81,111,5,19,48,71,27,75,28,1,90,51" hai3="96,16,91,31,14,80,132,135,52,100,122,131,120"/><W92/><G31/><T88/><D118/><U65/><E33/><V54/><F111/><W114/><G114/><T58/><D109/><U130/><E115/><V22/><F1/><W102/><G131/><T34/><D46/><U126/><E119/><V94/><F5/><W89/><G52/><T93/><D58/><U36/><E36/><V123/><F123/><N who="3" m="47147" /><G80/><T112/><D112/><U44/><E44/><V77/><F71/><W113/><G113/><T55/><D73/><U35/><E35/><V86/><REACH who="2" step="1"/><F54/><REACH who="2" ten="169,324,22,475" step="2"/><W68/><G68/><T49/><D55/><U66/><E70/><V50/><F50/><W116/><G116/><T10/><D49/><U97/><E2/><V41/><F41/><W99/><G132/><T17/><D38/><U21/><E3/><V29/><F29/><W103/><G135/><T121/><D37/><U95/><E130/><V0/><F0/><W53/><G53/><T104/><D30/><U60/><E56/><V105/><F105/><W76/><G14/><T84/><D121/><U23/><E126/><V107/><F107/><W13/><G13/><T124/><D104/><U128/><E125/><V101/><F101/><W110/><G110/><T6/><D124/><U74/><E128/><V43/><F43/><W78/><G16/><T106/><D106/><U40/><E40/><V8/><F8/><W42/><G42/><T108/><D108/><U134/><E134/><V24/><F24/><W45/><G45/><T62/><D59/><U18/><E18/><V7/><F7/><W11/><G11/><T47/><D6/><U39/><E39/><RYUUKYOKU ba="5,1" sc="169,-15,324,-15,22,15,475,15" hai2="19,22,26,27,28,48,51,75,77,81,86,90,94" hai3="76,78,89,91,92,96,99,100,102,103" /><INIT seed="3,6,1,2,5,132" ten="154,309,37,490" oya="3" hai0="107,82,131,88,30,119,11,84,110,97,129,69,29" hai1="98,52,71,9,77,121,58,112,123,92,41,38,133" hai2="0,5,122,31,21,42,36,22,109,27,128,24,115" hai3="111,130,96,134,83,95,76,62,8,2,104,65,105"/><W80/><G134/><T6/><D69/><U125/><E133/><V101/><F42/><W114/><G114/><T19/><D19/><U116/><E77/><V50/><F101/><W35/><G35/><T47/><D119/><U68/><E112/><V28/><F50/><W14/><G2/><T94/><D107/><U74/><E74/><V57/><F57/><W26/><G26/><T124/><D47/><N who="1" m="23991" /><E9/><V60/><F60/><W118/><G118/><T100/><D110/><U108/><E92/><V20/><F36/><W99/><G111/><T75/><D75/><U67/><E98/><V117/><F115/><W51/><G130/><N who="0" m="49675" /><D124/><U13/><E13/><AGARI ba="6,1" hai="6,11,13,29,30,82,84,88,94,97,100" m="49675" machi="13" ten="30,2000,0" yaku="19,1,54,1" doraHai="132" who="0" fromWho="1" sc="154,48,309,-38,37,0,490,0" /><INIT seed="4,0,0,3,2,34" ten="202,271,37,490" oya="0" hai0="88,91,105,122,113,43,118,21,35,60,74,17,48" hai1="54,94,107,90,80,135,127,82,70,95,45,20,38" hai2="62,53,116,126,26,55,18,39,85,30,31,32,0" hai3="89,46,15,98,106,124,117,84,41,129,28,104,64"/><T92/><D105/><U52/><E70/><V76/><F39/><W7/><G117/><T47/><D35/><U71/><E71/><V29/><F116/><W108/><G108/><T99/><D118/><U130/><E107/><V9/><F126/><W134/><G124/><T112/><D122/><U96/><E127/><V6/><F55/><W68/><G134/><T58/><D74/><U24/><E135/><V16/><F62/><W83/><G129/><T1/><D1/><U61/><E130/><V33/><F53/><W109/><G109/><T57/><D91/><U78/><E38/><V42/><F42/><W73/><G28/><N who="2" m="10857" /><F85/><W119/><G119/><T87/><D87/><U79/><E95/><V4/><F76/><N who="1" m="29225" /><E54/><V67/><F67/><W133/><G133/><T120/><D120/><U111/><E111/><V40/><F40/><W115/><G115/><N who="0" m="44107" /><D60/><U49/><E61/><V66/><F66/><W19/><G106/><T81/><D81/><U13/><E13/><AGARI ba="0,0" hai="13,17,21,43,47,48,57,58,88,92,99" m="44107" machi="13" ten="30,2900,0" yaku="15,1,54,1" doraHai="34" who="0" fromWho="1" sc="202,29,271,-29,37,0,490,0" /><INIT seed="4,1,0,1,2,52" ten="231,242,37,490" oya="0" hai0="26,18,23,78,60,107,51,43,118,88,100,92,17" hai1="63,110,108,69,98,73,8,21,7,115,67,56,44" hai2="81,3,87,34,74,129,133,48,122,124,12,27,101" hai3="35,4,59,22,86,99,1,41,29,53,15,37,83"/><T106/><D118/><U36/><E73/><V46/><F122/><W103/><G41/><T6/><D6/><U123/><E123/><V50/><F133/><W47/><G47/><T61/><D78/><U0/><E115/><V112/><F112/><W77/><G37/><T64/><D100/><U128/><E128/><V58/><F129/><W32/><G1/><T11/><D61/><U132/><E132/><V97/><F124/><W79/><G79/><T49/><D106/><U94/><E21/><V10/><F74/><W54/><G54/><T75/><D107/><U105/><E105/><V125/><F125/><W38/><G38/><T42/><D75/><U90/><REACH who="1" step="1"/><E69/><REACH who="1" ten="231,232,37,490" step="2"/><V117/><F117/><W89/><G22/><T120/><D120/><U65/><E65/><V28/><F3/><W111/><G35/><T57/><D43/><AGARI ba="1,1" hai="0,7,8,36,43,44,56,63,67,90,94,98,108,110" machi="43" ten="40,2600,0" yaku="1,1,52,1,53,0" doraHai="52" doraHaiUra="19" who="1" fromWho="0" sc="231,-29,232,39,37,0,490,0" /><INIT seed="5,0,0,1,0,112" ten="202,271,37,490" oya="1" hai0="58,39,68,19,71,113,42,37,31,24,67,10,88" hai1="21,117,94,134,103,115,13,52,62,54,64,57,25" hai2="110,12,81,34,90,11,16,30,1,23,26,123,44" hai3="56,6,95,27,65,22,36,61,2,102,118,120,0"/><U80/><E115/><V96/><F123/><W46/><G120/><T17/><D113/><U106/><E106/><V7/><F110/><W104/><G104/><T18/><D10/><U108/><E134/><V131/><F131/><W133/><G133/><T15/><D15/><U51/><E108/><V105/><F44/><W41/><G6/><T121/><D121/><U126/><E126/><V107/><REACH who="2" step="1"/><F96/><REACH who="2" ten="202,271,27,490" step="2"/><N who="3" m="59679" /><G118/><T83/><D39/><U128/><E117/><V14/><F14/><W77/><G77/><T111/><D37/><U122/><E128/><V74/><F74/><W135/><G135/><T78/><D111/><U49/><E122/><V84/><AGARI ba="0,1" hai="1,7,11,12,16,23,26,30,34,81,84,90,105,107" machi="84" ten="30,12000,2" yaku="1,1,0,1,24,2,54,1,53,2" doraHai="112" doraHaiUra="101" who="2" fromWho="2" sc="202,-30,271,-60,27,130,490,-30" /><INIT seed="6,0,0,3,4,117" ten="172,211,157,460" oya="2" hai0="132,98,92,88,39,129,37,44,63,118,87,91,24" hai1="7,68,125,114,102,8,49,47,28,95,110,15,124" hai2="16,25,85,65,51,60,126,40,99,115,11,34,61" hai3="78,133,120,43,72,52,19,111,32,94,109,67,57"/><V54/><F115/><W122/><G32/><T17/><D118/><U127/><E68/><V46/><F126/><W93/><G19/><T105/><D129/><U83/><E110/><V128/><F128/><W75/><G67/><T90/><D132/><U55/><E114/><V80/><F34/><W14/><G14/><T27/><D39/><U56/><E83/><V62/><F99/><W77/><G43/><T0/><D0/><U59/><E28/><V38/><F65/><W81/><G52/><T5/><D37/><U82/><E82/><V9/><F38/><W3/><G57/><T107/><D107/><U104/><E104/><V123/><F123/><N who="3" m="47147" /><G3/><T96/><D105/><U106/><E106/><V30/><F40/><W2/><G2/><T18/><D44/><U20/><E20/><N who="2" m="13447" /><F30/><W36/><G36/><T29/><D29/><U131/><E131/><V1/><F1/><W70/><G70/><T58/><D18/><U84/><E102/><V86/><F86/><N who="3" m="48439" /><G133/><T119/><D17/><U130/><E130/><V100/><F100/><W103/><G77/><AGARI ba="0,0" hai="9,11,46,51,54,60,61,62,77,80,85" m="13447" machi="77" ten="30,2900,0" yaku="8,1,54,1" doraHai="117" who="2" fromWho="3" sc="172,0,211,0,157,29,460,-29" /><INIT seed="6,1,0,2,2,91" ten="172,211,186,431" oya="2" hai0="122,110,7,45,82,131,2,126,116,63,55,77,118" hai1="130,123,71,129,26,96,100,54,47,81,44,89,16" hai2="12,124,114,35,93,68,31,13,70,104,101,39,133" hai3="17,83,60,80,64,66,79,34,27,109,119,50,134"/><V32/><F104/><W24/><G119/><N who="0" m="45611" /><D110/><U105/><E71/><V43/><F114/><W88/><G50/><N who="0" m="29135" /><D122/><U125/><E125/><V98/><F124/><W14/><G88/><T128/><D126/><U1/><E1/><V113/><F113/><W97/><G24/><T19/><D7/><U90/><E123/><V85/><F133/><W15/><G14/><T53/><D2/><U33/><E33/><V38/><F70/><W48/><G97/><T99/><D19/><U69/><E69/><V59/><F68/><W37/><G34/><T23/><D23/><N who="1" m="13671" /><E54/><V87/><F35/><W84/><G80/><T46/><D99/><U22/><E22/><V120/><F120/><W20/><G64/><T58/><D82/><U36/><E81/><V74/><F74/><W94/><G84/><N who="2" m="32329" /><F32/><W108/><G37/><T0/><D77/><U29/><E29/><V76/><F39/><W25/><G66/><N who="0" m="39287" /><D0/><U95/><E105/><V61/><F76/><W86/><G60/><T135/><D135/><U52/><E36/><V10/><F31/><W3/><G134/><T62/><D62/><U49/><E47/><N who="2" m="24055" /><F10/><W115/><G3/><T5/><D5/><U8/><E8/><V117/><F117/><W67/><G115/><T132/><D132/><U6/><E6/><V51/><F61/><W107/><G107/><T9/><D9/><U103/><E103/><V72/><F72/><W102/><G102/><T111/><D111/><U42/><E42/><V4/><F4/><W73/><G108/><T127/><D127/><U65/><E65/><V28/><F28/><W41/><G109/><RYUUKYOKU ba="1,0" sc="172,10,211,10,186,10,431,-30" hai0="46,53,128,131" hai1="44,49,52,89,90,95,96,100,129,130" hai2="12,13,51,59,93,98,101" /><INIT seed="6,2,0,5,5,7" ten="182,221,196,401" oya="2" hai0="37,126,35,68,90,63,31,33,88,113,129,133,97" hai1="85,105,46,4,73,100,95,60,66,30,23,117,17" hai2="92,43,109,15,67,103,40,16,120,25,116,119,29" hai3="107,135,65,47,61,93,80,51,28,41,0,44,130"/><V124/><F120/><W77/><G107/><T98/><D37/><U123/><E73/><V87/><F109/><W91/><G130/><T110/><D110/><U32/><E105/><V8/><F124/><W131/><G135/><T94/><D133/><U122/><E117/><V5/><F67/><W101/><G0/><T19/><D129/><U128/><E128/><V54/><F119/><W74/><G101/><T58/><D68/><U62/><E46/><V42/><F116/><W10/><G47/><T102/><D113/><U50/><E50/><V121/><F121/><N who="1" m="46089" /><E4/><V70/><F70/><W53/><G10/><T114/><D114/><U11/><E32/><V1/><F54/><W75/><G28/><T22/><D35/><U27/><E66/><V36/><F36/><W106/><G106/><T104/><D33/><U64/><E64/><V132/><F132/><W48/><G131/><T6/><D6/><U71/><E71/><V108/><F108/><W84/><G65/><N who="0" m="39159" /><D126/><U55/><E55/><V26/><F26/><W118/><G118/><T59/><D59/><U14/><E100/><V24/><F29/><W76/><G61/><T89/><D31/><U111/><E111/><V52/><F52/><W18/><G18/><T99/><D104/><U56/><E56/><V34/><F34/><W112/><G112/><T38/><D38/><U2/><E2/><V57/><F57/><N who="3" m="32959" /><G76/><T45/><D45/><U86/><E86/><V9/><REACH who="2" step="1"/><F87/><REACH who="2" ten="182,221,186,401" step="2"/><N who="3" m="52479" /><G75/><T21/><D21/><U20/><E20/><V82/><F82/><W12/><G74/><T134/><D134/><U79/><E79/><RYUUKYOKU ba="2,1" sc="182,0,221,0,186,0,401,0" hai0="19,22,88,89,90,94,97,98,99,102" hai1="11,14,17,23,27,30,60,62,85,95" hai2="1,5,8,9,15,16,24,25,40,42,43,92,103" hai3="12,41,44,48,77,80,84" /><INIT seed="6,3,1,0,0,95" ten="182,221,186,401" oya="2" hai0="102,120,10,108,134,4,38,86,50,75,88,55,27" hai1="36,9,23,20,54,24,119,61,124,60,32,133,11" hai2="89,16,62,82,105,7,69,40,72,116,94,39,107" hai3="59,71,103,87,8,104,33,110,0,25,123,121,92"/><V78/><F116/><W31/><G71/><T128/><D38/><U81/><E36/><V73/><F73/><W118/><G110/><T93/><D75/><U43/><E32/><V111/><F111/><W58/><G118/><T117/><D120/><U42/><E119/><V26/><F7/><W17/><G59/><T131/><D108/><U57/><E133/><V53/><F39/><W3/><G58/><T98/><D27/><U65/><E124/><V97/><F40/><N who="1" m="15401" /><E81/><V18/><F18/><W127/><G127/><T132/><D117/><U49/><E61/><V30/><F53/><W51/><G51/><T109/><D109/><U135/><E135/><N who="0" m="51753" /><D50/><U91/><E91/><V19/><F107/><W112/><G87/><T22/><D22/><N who="1" m="8235" /><E24/><V101/><F26/><W56/><G17/><T47/><D47/><AGARI ba="3,1" hai="9,11,47,49,54,57,60,65" m="8235,15401" machi="47" ten="30,1000,0" yaku="8,1" doraHai="95" who="1" fromWho="0" sc="182,-19,221,29,186,0,401,0" /><INIT seed="7,0,0,3,3,68" ten="163,250,186,401" oya="3" hai0="48,15,95,35,110,34,44,109,43,122,128,118,24" hai1="25,18,119,36,38,50,30,47,14,0,112,72,66" hai2="103,12,73,126,124,88,57,11,69,28,74,114,117" hai3="96,82,133,31,64,52,90,106,98,105,54,58,129"/><W21/><G64/><T8/><D122/><U65/><E72/><V62/><F69/><W91/><G58/><T131/><D118/><U100/><E0/><V115/><F117/><W17/><G31/><T2/><D95/><U75/><E75/><V102/><F28/><W89/><G82/><T79/><D79/><U94/><E112/><N who="2" m="43051" /><F74/><W84/><G129/><N who="0" m="49739" /><D48/><U111/><E111/><N who="0" m="42505" /><D44/><U27/><E27/><V108/><F73/><W7/><G133/><T13/><D43/><U1/><E1/><V51/><F51/><W99/><G7/><N who="0" m="1143" /><D24/><U134/><E25/><V125/><F108/><W93/><G105/><T135/><D135/><U49/><E50/><V121/><F121/><W86/><G106/><T85/><D85/><N who="3" m="32873" /><G93/><T26/><D26/><AGARI ba="0,0" hai="17,21,26,52,54,89,90,91,96,98,99" m="32873" machi="26" ten="30,2900,0" yaku="8,1,54,1" doraHai="68" who="3" fromWho="0" sc="163,-29,250,0,186,0,401,29" owari="134,-37.0,250,5.0,186,-21.0,430,53.0" /></mjloggm>