<mjloggm ver="2.3"><GO type="169" lobby="0"/><UN n0="%E5%8E%9F%E6%9D%91%E3%81%AE%E3%81%AE%E3%81%8B" n1="%E6%99%AE%E8%B3%A2" n2="%E3%82%A6%E3%83%AB%E3%83%88%E3%83%A9%E7%AB%8B%E7%9B%B4" n3="%6E%65%75%74%72%6F%6E" dan="16,17,18,17" rate="2117.16,2109.43,2226.54,2202.54" sx="F,F,M,M"/><TAIKYOKU oya="0"/><INIT seed="0,0,0,1,3,102" ten="250,250,250,250" oya="0" hai0="20,9,4,83,66,39,119,28,58,50,10,16,67" hai1="54,75,18,108,30,120,130,2,55,56,26,72,32" hai2="131,101,15,23,78,17,90,43,53,125,100,48,123" hai3="25,1,116,84,118,91,35,40,62,8,97,36,59"/><T93/><D39/><U80/><E120/><V99/><F123/><W79/><G97/><T12/><D119/><U88/><E108/><V7/><F125/><W96/><G96/><T34/><D34/><U74/><E130/><V124/><F124/><W110/><G79/><T92/><D28/><U0/><E18/><V41/><F78/><W109/><G40/><T82/><D9/><U45/><E45/><V107/><F131/><W129/><G129/><T47/><D82/><U60/><REACH who="1" step="1"/><E54/><REACH who="1" ten="250,240,250,250" step="2"/><V21/><F53/><W69/><G109/><T95/><D47/><U104/><E104/><V11/><F107/><W128/><G110/><T115/><D115/><U122/><E122/><V132/><F17/><W52/><G128/><T135/><D135/><U77/><E77/><V68/><F132/><W111/><G111/><T37/><D37/><U89/><E89/><V19/><F19/><W81/><G52/><N who="0" m="32023" /><D83/><U76/><E76/><V24/><F90/><W94/><G91/><T51/><D51/><U112/><E112/><V117/><F48/><W64/><G81/><T85/><D85/><AGARI ba="0,1" hai="0,2,26,30,32,55,56,60,72,74,75,80,85,88" machi="85" ten="40,2600,0" yaku="1,1,54,1,53,0" doraHai="102" doraHaiUra="38" who="1" fromWho="0" sc="250,-26,240,36,250,0,250,0" /><INIT seed="1,0,0,1,4,5" ten="224,276,250,250" oya="1" hai0="27,12,72,45,47,10,76,121,120,113,0,49,98" hai1="67,84,13,41,11,70,17,39,134,116,112,3,18" hai2="106,132,26,109,36,40,117,19,74,111,124,105,44" hai3="52,2,119,35,6,93,79,104,97,56,7,126,110"/><U101/><E116/><V9/><F117/><W85/><G35/><T21/><D0/><U57/><E112/><V94/><F74/><W29/><G104/><T54/><D113/><U91/><E134/><V90/><F124/><W4/><G29/><T66/><D66/><U73/><E73/><V103/><F103/><W34/><G34/><T131/><D131/><U95/><E70/><V99/><F132/><W83/><G110/><T1/><D1/><U48/><E3/><V88/><F90/><W46/><G46/><T135/><D135/><U59/><E101/><V20/><REACH who="2" step="1"/><F9/><REACH who="2" ten="224,276,240,250" step="2"/><W64/><G126/><T25/><D72/><U60/><E39/><V50/><F50/><W86/><G119/><T30/><D120/><U16/><REACH who="1" step="1"/><E57/><REACH who="1" ten="224,266,240,250" step="2"/><V58/><F58/><W32/><G2/><T55/><D121/><U78/><E78/><V62/><F62/><W31/><G79/><T77/><D76/><U28/><E28/><V89/><F89/><W38/><G31/><T102/><D77/><U92/><E92/><V108/><AGARI ba="0,2" hai="19,20,26,36,40,44,88,94,99,105,106,108,109,111" machi="108" ten="30,8000,1" yaku="1,1,0,1,14,1,54,1,53,1" doraHai="5" doraHaiUra="14" who="2" fromWho="2" sc="224,-20,266,-40,240,100,250,-20" /><INIT seed="2,0,0,2,1,102" ten="204,226,340,230" oya="2" hai0="95,78,70,109,41,8,69,104,114,130,35,105,40" hai1="107,6,43,14,27,54,50,13,123,39,36,7,62" hai2="2,90,94,15,55,132,19,47,63,75,108,127,31" hai3="26,53,124,57,1,52,74,101,120,84,44,51,48"/><V17/><F2/><W20/><G74/><T59/><D114/><U118/><E118/><V65/><F127/><W79/><G124/><T22/><D78/><U56/><E27/><V0/><F0/><W133/><G133/><T60/><D8/><U125/><E125/><V42/><F132/><W96/><G1/><T83/><D83/><U85/><E123/><V23/><F75/><W45/><G120/><T135/><D135/><U87/><E107/><V86/><F108/><W34/><G34/><T122/><D122/><U115/><E115/><V110/><F110/><W21/><G57/><T32/><D109/><U49/><E39/><V37/><F55/><W81/><REACH who="3" step="1"/><G26/><REACH who="3" ten="204,226,340,220" step="2"/><T121/><D121/><U100/><E56/><V117/><F117/><W88/><G88/><T82/><D59/><U103/><E13/><V99/><F15/><W4/><G4/><T30/><D69/><U126/><E126/><V64/><F90/><W11/><G11/><T9/><D70/><U106/><E6/><V111/><F111/><W129/><G129/><T91/><D9/><U131/><E7/><V24/><F24/><W61/><G61/><T66/><D60/><U134/><E14/><V72/><F63/><W89/><G89/><T28/><D91/><U67/><E134/><V46/><F72/><W58/><G58/><T71/><D71/><U113/><E131/><V25/><F25/><W97/><G97/><T18/><D130/><U77/><E62/><V98/><F99/><W112/><G112/><T33/><D33/><U29/><E113/><V12/><F98/><W119/><G119/><RYUUKYOKU ba="0,1" sc="204,-10,226,-10,340,-10,220,30" hai3="20,21,44,45,48,51,52,53,79,81,84,96,101" /><INIT seed="3,1,1,3,2,36" ten="194,216,330,250" oya="3" hai0="108,124,59,91,4,114,103,111,21,117,3,67,74" hai1="107,129,14,134,0,84,2,109,75,54,60,113,104" hai2="8,94,135,100,87,81,35,68,101,26,118,93,24" hai3="40,63,90,112,61,13,48,10,69,16,105,72,5"/><W95/><G105/><T110/><D74/><U115/><E75/><V9/><F68/><W120/><G120/><T102/><D117/><U82/><E109/><V132/><F81/><W66/><G72/><T88/><D124/><U116/><E116/><V18/><F118/><W119/><G119/><T57/><D114/><U43/><E14/><V77/><F77/><W56/><G112/><T92/><D3/><U33/><E33/><V31/><F87/><W78/><G78/><T64/><D4/><U53/><E84/><V121/><F18/><W89/><G89/><N who="0" m="34379" /><D21/><U37/><E37/><V133/><F121/><W50/><G5/><T19/><D19/><U46/><E82/><V45/><F45/><W98/><REACH who="3" step="1"/><G40/><REACH who="3" ten="194,216,330,240" step="2"/><T62/><D92/><U49/><E107/><V25/><F94/><W80/><G80/><T123/><D123/><U85/><E104/><V41/><F41/><W27/><G27/><N who="2" m="10313" /><F93/><W83/><G83/><T65/><D62/><U70/><E60/><V1/><F1/><W125/><G125/><T71/><D71/><U12/><E70/><V29/><F29/><W51/><G51/><T79/><D79/><U22/><E0/><V7/><F7/><W73/><G73/><T17/><D17/><U126/><E2/><V32/><F32/><W97/><G97/><T38/><D38/><U6/><E126/><V44/><F101/><AGARI ba="1,2" hai="57,59,64,65,67,101,102,103,108,110,111" m="34379" machi="101" ten="40,8000,1" yaku="28,2,14,1,54,1" doraHai="36" who="0" fromWho="2" sc="194,103,216,0,330,-83,240,0" /><INIT seed="4,0,0,1,2,44" ten="297,216,247,240" oya="0" hai0="28,11,29,129,104,22,80,32,116,103,88,26,114" hai1="66,75,43,134,49,24,62,113,10,71,101,110,99" hai2="63,105,31,27,14,17,55,30,100,7,117,97,56" hai3="9,120,82,54,20,50,125,4,126,107,19,3,132"/><T35/><D116/><U52/><E110/><V73/><F73/><W76/><G107/><T78/><D114/><U74/><E113/><V33/><F117/><W58/><G132/><T109/><D109/><U59/><E134/><V57/><F31/><W41/><G41/><T90/><D104/><U92/><E10/><V39/><F39/><W65/><G65/><T21/><D103/><U2/><E2/><V123/><F123/><W53/><G53/><T135/><D135/><U118/><E118/><V86/><F86/><W72/><REACH who="3" step="1"/><G120/><REACH who="3" ten="297,216,247,230" step="2"/><T85/><D129/><U38/><E24/><AGARI ba="0,1" hai="3,4,9,19,20,24,50,54,58,72,76,82,125,126" machi="24" ten="40,8000,1" yaku="1,1,2,1,52,1,53,1" doraHai="44" doraHaiUra="6" who="3" fromWho="1" sc="297,0,216,-80,247,0,230,90" /><INIT seed="5,0,0,2,1,70" ten="297,136,247,320" oya="1" hai0="50,24,77,32,135,110,117,20,133,102,108,95,85" hai1="99,90,115,64,34,129,71,29,107,31,27,0,94" hai2="35,66,43,89,105,78,5,82,134,47,84,16,79" hai3="15,30,25,93,80,128,40,118,74,13,63,1,106"/><U12/><E0/><V120/><F120/><W61/><G1/><T100/><D32/><U116/><E116/><V45/><F134/><N who="0" m="51210" /><D117/><U42/><E115/><V52/><F35/><W111/><G106/><T22/><D50/><U130/><E31/><V3/><F105/><W60/><G111/><T83/><D22/><U109/><E109/><N who="0" m="42089" /><D95/><U57/><E71/><V101/><F66/><W68/><G128/><T38/><D38/><U17/><E107/><V81/><F101/><W55/><G93/><T2/><D2/><U113/><E113/><V58/><F5/><W46/><G55/><T91/><D91/><U7/><E7/><V53/><F89/><W59/><G59/><T39/><D39/><U36/><E57/><V97/><F97/><W127/><G68/><T125/><D125/><U41/><E64/><V119/><F119/><W19/><G127/><T104/><D104/><U73/><E73/><V126/><F126/><W18/><G30/><AGARI ba="0,0" hai="20,24,30,77,83,85,100,102" m="42089,51210" machi="30" ten="30,1000,0" yaku="20,1" doraHai="70" who="0" fromWho="3" sc="297,10,136,0,247,0,320,-10" /><INIT seed="6,0,0,0,2,43" ten="307,136,247,310" oya="2" hai0="63,133,17,83,111,6,85,14,16,20,69,122,119" hai1="34,35,106,22,112,96,135,28,114,128,107,41,52" hai2="92,131,38,71,42,88,76,124,0,108,132,73,117" hai3="110,127,100,94,62,46,50,121,12,53,4,11,126"/><V81/><RYUUKYOKU type="yao9" ba="0,0" sc="307,0,136,0,247,0,310,0" hai2="0,38,42,71,73,76,81,88,92,108,117,124,131,132" /><INIT seed="6,1,0,1,5,65" ten="307,136,247,310" oya="2" hai0="20,38,104,69,28,95,12,41,17,120,70,101,134" hai1="23,63,74,31,67,15,106,11,39,16,111,8,76" hai2="42,56,105,73,126,44,96,123,54,86,109,10,81" hai3="19,30,22,72,98,26,124,21,80,78,113,125,122"/><V32/><F123/><W130/><G122/><T112/><D120/><U13/><E111/><V43/><F32/><W62/><G130/><T6/><D104/><U5/><E106/><V57/><F73/><W79/><G79/><T2/><D38/><U47/><E74/><V129/><F129/><W55/><G113/><T118/><D41/><U37/><E76/><V34/><F34/><W50/><G62/><T132/><D112/><U77/><E77/><V108/><F10/><W92/><G21/><T83/><D83/><U128/><E128/><V82/><F126/><W66/><G66/><T7/><D118/><U91/><E91/><V64/><F64/><W114/><G114/><T117/><D117/><U110/><E110/><N who="2" m="42603" /><F57/><W48/><G30/><T1/><D28/><U52/><E31/><V131/><F131/><W58/><G48/><T127/><D127/><N who="3" m="48713" /><G92/><T25/><D6/><U103/><E103/><N who="2" m="62695" /><F44/><W51/><G51/><T99/><D25/><U35/><E35/><V89/><F82/><W33/><G33/><T84/><D84/><U97/><E97/><AGARI ba="1,0" hai="19,22,26,50,55,58,72,78,80,97,98" m="48713" machi="97" ten="30,1000,0" yaku="18,1" doraHai="65" who="3" fromWho="1" sc="307,0,136,-13,247,0,310,13" /><INIT seed="7,0,0,2,2,22" ten="307,123,247,323" oya="3" hai0="85,57,49,66,27,38,33,84,87,3,76,59,34" hai1="32,8,103,115,26,106,79,21,7,109,134,31,43" hai2="70,82,91,48,47,29,96,119,50,63,90,124,61" hai3="97,127,18,74,89,105,0,56,73,135,110,15,125"/><W101/><G0/><T65/><D38/><U39/><E109/><V118/><F29/><W24/><G110/><T77/><D3/><U68/><E134/><V108/><F82/><W2/><G2/><T58/><D49/><U52/><E115/><V131/><F96/><W80/><G24/><T132/><D132/><U37/><E37/><V14/><F14/><W94/><G80/><T111/><D111/><U51/><E79/><N who="0" m="30281" /><D27/><U99/><E68/><V107/><F47/><W54/><G135/><T5/><D5/><U45/><E7/><V133/><F108/><W130/><G130/><T60/><D60/><U121/><E8/><V113/><F133/><W75/><G105/><T9/><D9/><U129/><E129/><V1/><F131/><W19/><G101/><T30/><D30/><U12/><E12/><V71/><F1/><W40/><G40/><T6/><D6/><U102/><E102/><V46/><F46/><W35/><G35/><AGARI ba="0,0" hai="33,34,35,57,58,59,65,66,84,85,87" m="30281" machi="35" ten="40,2600,0" yaku="28,2" doraHai="22" who="0" fromWho="3" sc="307,26,123,0,247,0,323,-26" owari="333,43.0,123,-38.0,247,-15.0,297,10.0" /></mjloggm>