<mjloggm ver="2.3"><GO type="41" lobby="0"/><UN n0="%E7%B4%AB%E3%82%BF%E3%83%A9%E3%82%B3" n1="%E3%81%8F%E3%83%BC%E3%82%8B%E2%99%AA" n2="%E5%B0%B1%E6%B4%BB%E7%94%9F%40%E5%B7%9D%E6%9D%91%E8%BB%8D%E5%9B%A3" n3="%4E%2E%4B%3B" dan="13,13,16,15" rate="1868.84,2062.92,2069.40,2024.54" sx="M,M,M,M"/><TAIKYOKU oya="0"/><INIT seed="0,0,0,4,4,28" ten="250,250,250,250" oya="0" hai0="21,15,134,100,32,107,25,106,43,65,13,9,5" hai1="27,114,70,71,94,118,17,33,99,51,31,66,74" hai2="87,59,56,4,67,50,77,120,93,135,130,108,121" hai3="42,37,89,129,61,40,36,63,22,119,86,54,20"/><T34/><D43/><N who="3" m="16425" /><G37/><T91/><D65/><U41/><E118/><V110/><F4/><W78/><G36/><T6/><D91/><U10/><E74/><V109/><F130/><W122/><G119/><T90/><D90/><U73/><E73/><V39/><F135/><W26/><G122/><T113/><D113/><U49/><E114/><V1/><F39/><W83/><G129/><T48/><D48/><U81/><E81/><V76/><F1/><W38/><G38/><T105/><D134/><U52/><E66/><V102/><F67/><W35/><G35/><T24/><D100/><U7/><E17/><V132/><F132/><W44/><G20/><T103/><D103/><U55/><E49/><V127/><F127/><W29/><G78/><T95/><D95/><U45/><E55/><V53/><F59/><W62/><G44/><T131/><D131/><U125/><E41/><V16/><F16/><W117/><G117/><T58/><D58/><AGARI ba="0,0" hai="22,26,29,54,58,61,62,63,83,86,89" m="16425" machi="58" ten="30,1000,0" yaku="8,1" doraHai="28" who="3" fromWho="0" sc="250,-10,250,0,250,0,250,10" /><INIT seed="1,0,0,0,3,107" ten="240,250,250,260" oya="1" hai0="28,128,104,80,19,90,82,59,83,17,78,45,49" hai1="123,93,65,26,37,122,127,98,117,121,84,81,120" hai2="102,111,14,30,126,97,31,89,55,125,38,33,129" hai3="114,16,116,53,75,2,110,47,21,124,115,43,39"/><U1/><E117/><V68/><F38/><W73/><G2/><T56/><D104/><U13/><E1/><V6/><F68/><W108/><G116/><T61/><D128/><U25/><E127/><V15/><F89/><W23/><G23/><T88/><D28/><U54/><E37/><V70/><F70/><W92/><G124/><N who="2" m="47721" /><F111/><N who="3" m="42539" /><G92/><T79/><D49/><U132/><E132/><V76/><F76/><N who="0" m="29226" /><D45/><U71/><E54/><V9/><F129/><W35/><G53/><T91/><D61/><U103/><E13/><N who="2" m="5303" /><F55/><W8/><G8/><T36/><D36/><U100/><E100/><V51/><F51/><W22/><G22/><T66/><D66/><U67/><E122/><V130/><F130/><W105/><G35/><T4/><D4/><U50/><E50/><V85/><F85/><W69/><G69/><T48/><D48/><U86/><E86/><V72/><F72/><N who="3" m="27723" /><G105/><T64/><D64/><U74/><E74/><V34/><F34/><W29/><G29/><N who="2" m="10761" /><F33/><W57/><G57/><AGARI ba="0,0" hai="17,19,56,57,59,80,82,83,88,90,91" m="29226" machi="57" ten="40,8000,1" yaku="28,2,8,1,54,1" doraHai="107" who="0" fromWho="3" sc="240,80,250,0,250,0,260,-80" /><INIT seed="2,0,0,1,3,131" ten="320,250,250,180" oya="2" hai0="71,114,78,94,64,53,50,118,46,75,70,124,134" hai1="85,133,79,57,38,36,107,61,63,102,115,60,98" hai2="31,18,129,69,113,100,9,5,132,29,13,21,4" hai3="19,6,34,68,3,39,41,22,89,35,27,52,16"/><V121/><F69/><N who="0" m="26122" /><D94/><U97/><E115/><V73/><F73/><W91/><G68/><T135/><D78/><U112/><E112/><V104/><F104/><W86/><G89/><T55/><D114/><U56/><E98/><V10/><F100/><W32/><G3/><T72/><D64/><U7/><E7/><N who="2" m="2635" /><F121/><W42/><G6/><T105/><D105/><U17/><E17/><N who="2" m="10415" /><F113/><W123/><G123/><T47/><D118/><U66/><E63/><V33/><F129/><W130/><G130/><T59/><D75/><U127/><E127/><V81/><F81/><W25/><G39/><T51/><D72/><U24/><E24/><N who="2" m="18599" /><F132/><N who="0" m="50730" /><D124/><U80/><REACH who="1" step="1"/><E133/><REACH who="1" ten="320,240,250,180" step="2"/><V103/><F103/><W88/><G91/><T15/><D59/><U126/><E126/><V1/><F1/><W111/><G111/><T87/><D87/><U44/><E44/><V65/><F65/><AGARI ba="0,1" hai="36,38,56,57,60,61,65,66,79,80,85,97,102,107" machi="65" ten="30,3900,0" yaku="1,1,7,1,9,1,53,0" doraHai="131" doraHaiUra="109" who="1" fromWho="2" sc="320,0,240,49,250,-39,180,0" /><INIT seed="3,0,0,3,5,43" ten="320,289,211,180" oya="3" hai0="111,85,61,121,72,51,95,8,122,7,74,47,123" hai1="76,108,134,32,1,78,101,40,104,128,2,103,54" hai2="88,35,41,133,55,16,90,12,63,109,96,65,28" hai3="70,89,77,52,112,64,10,17,38,33,53,113,19"/><W83/><G38/><T116/><D116/><U71/><E108/><V135/><F109/><W62/><G33/><T13/><D111/><U24/><E134/><N who="2" m="51211" /><F41/><W107/><G107/><T27/><D27/><U100/><E104/><V0/><F0/><W44/><G89/><N who="2" m="34409" /><F96/><W106/><G106/><T34/><D34/><U49/><E32/><V120/><F120/><W130/><G130/><T46/><D95/><U119/><E40/><V48/><F35/><W26/><G17/><T50/><D85/><U39/><E2/><V36/><F28/><W132/><G132/><T117/><D117/><U4/><E4/><V31/><F31/><W124/><G124/><T18/><D61/><U30/><E1/><V29/><F29/><W58/><G26/><T42/><REACH who="0" step="1"/><D7/><REACH who="0" ten="310,289,211,180" step="2"/><U73/><E24/><V81/><F81/><W92/><G92/><T79/><D79/><U59/><E78/><V37/><F63/><W84/><G19/><T94/><D94/><U97/><E76/><V125/><F125/><W9/><G112/><T25/><D25/><U110/><E30/><V126/><F126/><W102/><G113/><T91/><D91/><U80/><E110/><V6/><F6/><W115/><G115/><T99/><D99/><U75/><E97/><V14/><F65/><W105/><G105/><T82/><D82/><U68/><E80/><V86/><F86/><W127/><G102/><T15/><D15/><N who="2" m="5674" /><F16/><W66/><G127/><T114/><D114/><U23/><E119/><V5/><F5/><W129/><G64/><T57/><D57/><AGARI ba="0,1" hai="36,37,48,55,57" m="5674,34409,51211" machi="57" ten="30,2000,0" yaku="20,1,54,1" doraHai="43" who="2" fromWho="0" sc="310,-20,289,0,211,30,180,0" /><INIT seed="4,0,0,1,1,122" ten="290,289,241,180" oya="0" hai0="82,14,117,43,110,42,98,134,77,64,108,53,86" hai1="59,15,63,128,32,79,2,78,41,123,100,116,38" hai2="103,68,113,69,4,11,109,46,30,115,124,21,56" hai3="129,102,17,74,71,112,66,132,85,91,10,95,25"/><T135/><D64/><U80/><E123/><V27/><F103/><W106/><G74/><T28/><D28/><U119/><E128/><V47/><F124/><W114/><G129/><T121/><D121/><U67/><E2/><V83/><F83/><W105/><G132/><N who="0" m="50731" /><D117/><U22/><E32/><V29/><F29/><W104/><G102/><T61/><D98/><U84/><E100/><V87/><F87/><W45/><G45/><N who="2" m="16905" /><F56/><W19/><G71/><N who="2" m="27209" /><F11/><W12/><G66/><T5/><D61/><U20/><E63/><V88/><F4/><W3/><G3/><T7/><D53/><U96/><E67/><V131/><F88/><W0/><G0/><T72/><D72/><U126/><E126/><V92/><F92/><W6/><REACH who="3" step="1"/><G25/><REACH who="3" ten="290,289,241,170" step="2"/><T62/><D62/><U70/><E70/><V107/><F131/><W13/><G13/><T23/><D14/><U58/><E15/><V51/><F107/><W120/><G120/><T111/><D23/><U26/><E22/><V97/><F21/><W54/><G54/><T16/><D16/><AGARI ba="0,1" hai="6,10,12,16,17,19,85,91,95,104,105,106,112,114" machi="16" ten="50,6400,0" yaku="1,1,54,1,53,1" doraHai="122" doraHaiUra="89" who="3" fromWho="0" sc="290,-64,289,0,241,0,170,74" /><INIT seed="5,0,0,1,3,24" ten="226,289,241,244" oya="1" hai0="67,122,42,16,123,1,48,32,18,41,59,121,115" hai1="79,130,9,114,134,124,4,128,15,13,0,94,28" hai2="57,90,44,129,86,36,35,62,49,65,7,5,103" hai3="31,30,68,17,14,22,73,108,26,52,74,58,120"/><U98/><E114/><V72/><F35/><W131/><G120/><T54/><D1/><U2/><E124/><V104/><F72/><W34/><G68/><T47/><D32/><U93/><E134/><V125/><F125/><W76/><G131/><N who="1" m="50218" /><E79/><V107/><F129/><W43/><G108/><T100/><D100/><N who="1" m="60495" /><E15/><V60/><F36/><W55/><G55/><T88/><D67/><U12/><E12/><V78/><F78/><W77/><G43/><T27/><D115/><U112/><E112/><V102/><F104/><W111/><G111/><T20/><D88/><U127/><E127/><V116/><F62/><W113/><G113/><T133/><D133/><U56/><E56/><V23/><F23/><W66/><G66/><T75/><D75/><U69/><E69/><V84/><F116/><W87/><G87/><T40/><REACH who="0" step="1"/><D18/><REACH who="0" ten="216,289,241,244" step="2"/><U8/><E2/><V3/><F3/><W99/><G74/><T6/><D6/><U126/><E4/><V117/><F117/><W85/><G73/><T89/><D89/><U33/><E0/><V53/><F86/><W45/><G85/><T118/><D118/><U97/><E33/><V80/><F107/><W10/><G77/><T61/><AGARI ba="0,1" hai="16,20,27,40,41,42,47,48,54,59,61,121,122,123" machi="61" ten="30,7900,0" yaku="1,1,0,1,13,1,54,1,53,0" doraHai="24" doraHaiUra="96" who="0" fromWho="0" sc="216,89,289,-39,241,-20,244,-20" /><INIT seed="6,0,0,3,4,52" ten="305,250,221,224" oya="2" hai0="82,77,102,119,122,89,123,64,8,118,56,43,128" hai1="14,104,61,92,66,32,26,129,69,58,68,98,48" hai2="125,97,51,91,132,49,75,29,83,99,62,115,127" hai3="13,23,86,114,87,0,4,28,85,65,50,134,22"/><V63/><F29/><W107/><G107/><T112/><D43/><U133/><E129/><V100/><F115/><W94/><G114/><T84/><D8/><U27/><E133/><V117/><F117/><N who="0" m="44554" /><D112/><U17/><E104/><V113/><F113/><W36/><G36/><T96/><D128/><U47/><E32/><V111/><F132/><W110/><G0/><T1/><D1/><U108/><E68/><V21/><F21/><W40/><G134/><T88/><D64/><U76/><E76/><N who="2" m="44447" /><F91/><N who="0" m="34890" /><D56/><U126/><E69/><V35/><F35/><W81/><G65/><T16/><D16/><U38/><E66/><V30/><F99/><W80/><G110/><T130/><D130/><U59/><E98/><V5/><F5/><W7/><G94/><AGARI ba="0,0" hai="77,82,84,94,96,102,122,123" m="34890,44554" machi="94" ten="30,7700,0" yaku="12,1,34,2,54,1" doraHai="52" who="0" fromWho="3" sc="305,77,250,0,221,0,224,-77" /><INIT seed="7,0,0,2,2,48" ten="382,250,221,147" oya="3" hai0="104,64,30,82,107,56,79,109,114,3,124,99,36" hai1="60,83,91,8,12,26,16,55,62,75,103,29,10" hai2="119,4,80,117,27,115,74,19,35,87,44,47,0" hai3="14,78,105,34,90,135,6,101,59,123,130,120,37"/><W133/><G37/><T85/><D36/><U54/><E103/><V73/><F0/><W40/><G40/><T67/><D3/><U95/><E75/><V31/><F4/><W100/><G34/><T51/><D109/><U118/><E83/><V65/><F65/><W41/><G41/><T76/><D30/><U53/><E118/><V68/><F68/><W97/><G59/><T7/><D7/><U42/><E42/><V17/><F115/><W22/><G22/><T69/><D69/><U58/><E60/><V129/><F129/><W71/><G71/><T125/><D114/><U93/><E10/><V20/><F19/><W66/><G66/><T18/><D79/><U13/><E13/><V106/><F106/><W98/><G14/><T86/><D86/><N who="1" m="52471" /><E95/><V112/><F112/><W108/><G6/><T1/><D1/><U2/><E2/><V11/><F11/><W70/><G70/><T131/><D18/><N who="1" m="8455" /><E29/><V38/><F119/><W49/><G49/><T21/><D131/><U50/><E50/><V15/><F117/><W39/><G130/><T45/><D104/><U72/><E72/><N who="2" m="27755" /><F38/><W32/><G39/><T89/><D107/><U43/><E43/><V25/><F25/><W128/><G32/><T113/><D113/><U5/><E5/><V63/><F63/><W127/><G128/><T122/><D122/><N who="3" m="46633" /><G108/><T24/><D67/><U132/><E132/><N who="3" m="50762" /><G127/><T121/><D64/><N who="1" m="38999" /><E26/><V33/><F33/><W110/><G110/><T92/><D121/><U126/><E126/><V9/><F35/><W111/><G111/><T116/><D124/><U23/><E16/><RYUUKYOKU ba="0,0" sc="382,-15,250,15,221,15,147,-15" hai1="23,53,54,55" hai2="9,15,17,20,27,31,44,47,80,87" owari="367,46.0,265,7.0,236,-16.0,132,-37.0" /></mjloggm>