<mjloggm ver="2.3"><GO type="225" lobby="0"/><UN n0="%E5%B0%B1%E6%B4%BB%E7%94%9F%40%E5%B7%9D%E6%9D%91%E8%BB%8D%E5%9B%A3" n1="%E6%9D%BE%E5%B3%B6" n2="%E8%93%AE%E5%B1%B1" n3="%E3%81%AA%E3%81%A3%E3%81%8D%E3%82%8A" dan="17,16,16,16" rate="2087.77,2045.91,2102.07,2049.39" sx="M,M,M,M"/><TAIKYOKU oya="0"/><INIT seed="0,0,0,4,0,100" ten="250,250,250,250" oya="0" hai0="1,73,62,35,26,108,88,0,103,127,41,84,66" hai1="129,63,45,95,101,15,4,135,13,112,19,70,125" hai2="25,2,132,115,80,131,71,21,114,8,22,54,23" hai3="93,102,134,111,97,11,33,9,64,36,81,119,20"/><T113/><D73/><U86/><E112/><V50/><F71/><W74/><G33/><T116/><D116/><U130/><E45/><V78/><F132/><W40/><G119/><T109/><D113/><U126/><E4/><V76/><F131/><N who="1" m="50185" /><E63/><V122/><F122/><W128/><G128/><T3/><D127/><N who="1" m="48651" /><E70/><V12/><F25/><W43/><G64/><T32/><D41/><U82/><E135/><V46/><F2/><W31/><G134/><T92/><D103/><U39/><E39/><V27/><F27/><W99/><G102/><T96/><D84/><U107/><E95/><V34/><F34/><W123/><G93/><T24/><D24/><U47/><E47/><V14/><F115/><W52/><G52/><T91/><D91/><N who="1" m="51671" /><E19/><N who="2" m="8583" /><F14/><N who="1" m="5129" /><E101/><V68/><F114/><W44/><G36/><T5/><D5/><U58/><E58/><V28/><F68/><W121/><G40/><T60/><D60/><U30/><E30/><V94/><F28/><W75/><G74/><T55/><D55/><U38/><E38/><V90/><F80/><W10/><G75/><T89/><D89/><U57/><E57/><V56/><F56/><W105/><G81/><T77/><D77/><U42/><E42/><V104/><F104/><AGARI ba="0,0" hai="104,107" m="5129,51671,48651,50185" machi="104" ten="40,8000,1" yaku="19,1,18,1,52,2" doraHai="100" who="1" fromWho="2" sc="250,0,250,80,250,-80,250,0" /><INIT seed="1,0,0,3,4,14" ten="250,330,170,250" oya="1" hai0="28,107,109,126,47,104,33,59,115,16,82,44,90" hai1="1,20,125,68,53,130,56,96,48,60,91,76,134" hai2="85,32,116,112,34,94,102,37,73,43,67,31,79" hai3="100,108,39,12,51,81,4,41,122,114,49,111,118"/><U69/><E1/><V35/><F116/><W93/><G114/><T25/><D115/><U123/><E123/><V131/><F112/><W65/><G122/><T66/><D126/><U106/><E125/><V26/><F131/><W119/><G65/><T83/><D109/><N who="3" m="42057" /><G39/><T98/><D107/><U86/><E130/><V84/><F67/><W88/><G100/><T97/><D104/><U132/><E76/><V62/><F62/><W21/><G81/><N who="0" m="30731" /><D33/><U3/><E3/><V5/><F73/><W11/><G21/><N who="0" m="13479" /><D28/><U89/><E68/><V101/><F5/><W63/><G63/><N who="0" m="38271" /><D90/><U13/><E69/><V18/><F79/><W23/><G41/><T75/><D75/><U52/><E89/><V40/><F43/><W6/><G6/><T124/><D124/><U61/><E91/><V127/><F40/><W29/><G119/><T77/><D77/><U36/><E36/><V42/><F37/><W50/><G118/><T45/><AGARI ba="0,0" hai="44,45,47,97,98" m="38271,13479,30731" machi="45" ten="30,4000,0" yaku="8,1,52,1,54,1" doraHai="14" who="0" fromWho="0" sc="250,40,330,-20,170,-10,250,-10" /><INIT seed="2,0,0,4,1,46" ten="290,310,160,240" oya="2" hai0="93,84,64,8,22,73,38,112,4,33,17,18,48" hai1="9,82,131,133,127,89,47,40,118,96,134,23,98" hai2="114,59,83,5,36,110,0,53,128,37,135,115,120" hai3="78,67,104,24,21,57,32,92,41,102,71,121,101"/><V76/><F120/><W13/><G71/><T109/><D38/><N who="1" m="21911" /><E118/><V69/><F69/><W105/><G32/><T56/><D73/><U129/><E9/><V14/><F0/><W66/><G121/><T54/><D33/><U12/><E12/><V77/><F135/><N who="1" m="51721" /><E23/><V97/><F97/><N who="1" m="37481" /><E127/><V79/><F128/><N who="1" m="49225" /><E89/><V63/><F110/><W3/><G13/><N who="0" m="5255" /><D109/><U62/><E82/><V1/><F1/><W117/><G117/><T31/><D112/><U68/><E62/><V61/><F61/><W126/><G126/><T49/><D64/><U86/><E68/><V27/><F27/><W10/><G10/><T116/><D116/><U94/><E86/><V106/><F106/><W20/><G105/><T65/><D65/><U88/><E88/><V6/><F83/><W125/><G66/><T122/><D122/><U26/><E26/><V16/><F115/><W85/><G67/><T113/><D113/><U55/><E55/><V52/><F114/><W43/><G24/><N who="0" m="16791" /><D93/><AGARI ba="0,0" hai="93,94" m="49225,37481,51721,21911" machi="93" ten="40,2600,0" yaku="20,1,19,1" doraHai="46" who="1" fromWho="0" sc="290,-26,310,26,160,0,240,0" /><INIT seed="3,0,0,4,2,49" ten="264,336,160,240" oya="3" hai0="64,130,67,17,104,80,89,16,126,111,28,124,113" hai1="59,117,37,107,8,69,18,112,102,94,100,13,120" hai2="11,73,5,42,125,52,25,44,32,85,86,15,121" hai3="122,45,3,58,36,20,29,88,81,40,10,12,95"/><W43/><G122/><T109/><D104/><U53/><E37/><V27/><F121/><W60/><G81/><T103/><D103/><N who="1" m="39467" /><E69/><V87/><F125/><N who="0" m="48234" /><D28/><U1/><E1/><V133/><F73/><W46/><G3/><T97/><D130/><U82/><E107/><V101/><F133/><W31/><G20/><T65/><D113/><U99/><E112/><V57/><F101/><W63/><G63/><T74/><D74/><U30/><E30/><V24/><F32/><W110/><G110/><N who="0" m="41995" /><D97/><U91/><E117/><V7/><F7/><W54/><G45/><T105/><D105/><U2/><E2/><V6/><F6/><W33/><G33/><T118/><D118/><U132/><E132/><V34/><F34/><W38/><G43/><T92/><D92/><U98/><E120/><V127/><F127/><W68/><G68/><T62/><D62/><N who="1" m="36207" /><E82/><V115/><F115/><W21/><G21/><T123/><D123/><U79/><E79/><V14/><F14/><W66/><G66/><N who="0" m="16899" /><T129/><DORA hai="96" /><D129/><U93/><E93/><V47/><REACH who="2" step="1"/><F42/><REACH who="2" ten="264,336,150,240" step="2"/><W4/><REACH who="3" step="1"/><G36/><REACH who="3" ten="264,336,150,230" step="2"/><T55/><D55/><U51/><E8/><V23/><F23/><W134/><G134/><T119/><D119/><U114/><E114/><V106/><F106/><W70/><G70/><T71/><D71/><U56/><E94/><V22/><F22/><W39/><G39/><T84/><AGARI ba="0,2" hai="16,17,80,84,89" m="16899,41995,48234" machi="84" ten="40,5200,0" yaku="18,1,14,1,54,1" doraHai="49,96" who="0" fromWho="0" sc="264,72,336,-13,150,-13,230,-26" owari="336,44.0,323,12.0,137,-36.0,204,-20.0" /></mjloggm>