<mjloggm ver="2.3"><GO type="97" lobby="0"/><UN n0="%E3%83%88%E3%83%88%E3%83%AA%E5%85%88%E7%94%9F%31%39%E6%AD%B3" n1="%E3%82%A2%E3%82%B9%E3%82%AB%E3%81%AF%E3%81%A7%E3%81%8D%E3%82%8B%E3%81%93" n2="%48%6F%73%75" n3="%41%74%6F%6D%69%63%52" dan="13,14,13,13" rate="2026.68,1906.05,1879.92,1918.92" sx="F,F,M,M"/><TAIKYOKU oya="0"/><INIT seed="0,0,0,5,0,74" ten="250,250,250,250" oya="0" hai0="10,30,54,58,76,116,119,11,85,37,14,20,127" hai1="87,29,6,57,81,35,91,24,96,86,17,99,95" hai2="7,104,105,133,68,73,92,121,106,71,130,118,49" hai3="21,13,48,65,22,94,39,132,101,79,83,66,46"/><T34/><D37/><U120/><E120/><V89/><F121/><W134/><G39/><T113/><D113/><U42/><E42/><V112/><F112/><W51/><G101/><T25/><D127/><U84/><E6/><V80/><F130/><W52/><G94/><T72/><D72/><U16/><E99/><V61/><F7/><W108/><G108/><T123/><D123/><U103/><REACH who="1" step="1"/><E57/><REACH who="1" ten="250,240,250,250" step="2"/><V129/><F118/><W102/><G134/><T38/><D116/><U32/><E32/><V18/><F133/><W111/><G132/><T115/><D119/><U2/><E2/><V53/><F129/><W69/><G111/><T33/><D115/><U31/><E31/><V41/><F41/><N who="3" m="24655" /><G69/><T47/><D47/><U8/><E8/><V55/><F71/><W44/><G102/><T88/><D11/><U100/><E100/><V125/><F125/><W3/><G3/><T70/><D70/><U1/><E1/><V110/><F110/><W59/><G59/><T122/><D122/><U50/><E50/><V78/><F18/><AGARI ba="0,1" hai="16,17,18,24,29,35,81,84,86,87,91,95,96,103" machi="18" ten="40,5200,0" yaku="1,1,54,1,53,1" doraHai="74" doraHaiUra="26" who="1" fromWho="2" sc="250,0,240,62,250,-52,250,0" /><INIT seed="1,0,0,0,3,55" ten="250,302,198,250" oya="1" hai0="37,135,91,113,12,8,63,64,48,49,105,69,43" hai1="14,26,46,84,82,39,1,80,111,58,110,96,118" hai2="68,123,97,73,117,56,24,98,4,77,109,108,3" hai3="0,25,54,7,16,27,75,32,38,92,41,28,81"/><U31/><E118/><V13/><F117/><W94/><G54/><T79/><D113/><U17/><E1/><V129/><F3/><W106/><G106/><T33/><D33/><U103/><E39/><V100/><F123/><W45/><G25/><T19/><D105/><U134/><E134/><V104/><F68/><W89/><G16/><T85/><D135/><U59/><E46/><V83/><F129/><W133/><G133/><T121/><D121/><U102/><E14/><V90/><F24/><W87/><REACH who="3" step="1"/><G75/><REACH who="3" ten="250,302,198,240" step="2"/><T76/><D43/><U61/><E17/><V20/><F4/><W53/><G53/><T65/><D65/><U70/><E70/><V86/><F13/><W42/><G42/><T126/><D19/><U44/><E111/><N who="2" m="42571" /><F20/><W124/><G124/><T62/><D126/><U67/><E110/><V130/><F130/><W127/><G127/><T66/><D12/><U95/><E26/><V120/><F120/><W60/><G60/><T35/><D62/><U107/><E61/><V6/><F6/><W10/><AGARI ba="0,1" hai="0,7,10,27,28,32,38,41,45,81,87,89,92,94" machi="10" ten="30,7900,0" yaku="1,1,0,1,53,2" doraHai="55" doraHaiUra="88" who="3" fromWho="3" sc="250,-20,302,-39,198,-20,240,89" /><INIT seed="2,0,0,4,3,101" ten="230,263,178,329" oya="2" hai0="47,65,120,68,64,7,12,41,20,112,123,107,43" hai1="16,14,56,99,22,36,37,78,25,106,88,23,116" hai2="131,21,63,111,105,128,9,26,95,10,83,75,126" hai3="73,6,38,5,81,19,28,102,52,31,74,13,67"/><V0/><F126/><W57/><G38/><T1/><D112/><U108/><E116/><V97/><F63/><W125/><G125/><T80/><D1/><U96/><E108/><V24/><F0/><W118/><G118/><T117/><D117/><U44/><E78/><N who="2" m="44511" /><F111/><W30/><G102/><T72/><D107/><U134/><E134/><V3/><F3/><W127/><G127/><T115/><D115/><U119/><E119/><V124/><F124/><W62/><G73/><T66/><D68/><U86/><E44/><V8/><F21/><N who="3" m="11503" /><G74/><T4/><D20/><U76/><E56/><V110/><F110/><W100/><G100/><T29/><D29/><U11/><E76/><V121/><F121/><W122/><G81/><T132/><D132/><U18/><E22/><V87/><F87/><W59/><G122/><T58/><D58/><U129/><E129/><N who="2" m="49739" /><F105/><W53/><G67/><T104/><D104/><U40/><E40/><V39/><F39/><W45/><G45/><T85/><D72/><U98/><REACH who="1" step="1"/><E106/><REACH who="1" ten="230,253,178,329" step="2"/><V114/><F114/><W55/><G59/><T48/><D43/><U79/><E79/><V42/><F42/><W2/><G57/><T46/><D46/><U70/><E70/><V93/><F93/><AGARI ba="0,1" hai="11,14,16,18,23,25,36,37,86,88,93,96,98,99" machi="93" ten="40,8000,1" yaku="1,1,54,2,53,2" doraHai="101" doraHaiUra="69" who="1" fromWho="2" sc="230,0,253,90,178,-80,329,0" /><INIT seed="3,0,0,2,4,94" ten="230,343,98,329" oya="3" hai0="54,103,53,101,61,24,35,0,65,13,22,100,72" hai1="66,58,8,123,42,40,28,27,3,20,120,10,108" hai2="51,30,15,41,97,67,78,104,48,4,6,19,16" hai3="1,114,115,71,91,55,112,105,18,109,118,26,86"/><W32/><G118/><T62/><D0/><U21/><E108/><V31/><F104/><W80/><G105/><T75/><D35/><U85/><E3/><V47/><F78/><W64/><G1/><T90/><D13/><U7/><E7/><V56/><F67/><W76/><G109/><T49/><D90/><U12/><E85/><V116/><F116/><W106/><G106/><T131/><D131/><U46/><E123/><V14/><F56/><W87/><G55/><T23/><D65/><U81/><E81/><V92/><F92/><W69/><G64/><T128/><D128/><U126/><E126/><V29/><F29/><W111/><G111/><T45/><D24/><U77/><E77/><V135/><F135/><W68/><G32/><T107/><D107/><U34/><E120/><V60/><F60/><W89/><REACH who="3" step="1"/><G86/><REACH who="3" ten="230,343,98,319" step="2"/><T95/><D54/><U129/><E129/><V5/><F5/><W59/><G59/><T96/><D72/><U57/><E66/><V113/><F113/><W122/><G122/><T38/><D75/><U82/><E40/><V52/><F41/><W73/><G73/><T132/><D53/><U99/><E42/><V88/><F52/><W124/><G124/><T2/><D2/><U74/><E34/><V110/><F110/><W127/><G127/><T50/><D61/><U36/><E74/><V79/><F47/><W134/><G134/><T83/><D62/><U63/><E46/><V39/><F39/><W11/><G11/><T130/><D132/><U17/><E8/><V43/><F43/><W9/><G9/><T98/><D38/><RYUUKYOKU ba="0,1" sc="230,-10,343,-10,98,-10,319,30" hai3="18,26,68,69,71,76,80,87,89,91,112,114,115" owari="220,-18.0,333,13.0,88,-41.0,359,46.0" /></mjloggm>