<mjloggm ver="2.3"><GO type="169" lobby="0"/><UN n0="%73%68%69%6E%6F%21%21" n1="%E3%82%A6%E3%83%AB%E3%83%88%E3%83%A9%E7%AB%8B%E7%9B%B4" n2="%74%61%6B%61%2D%31%31%36" n3="%E3%81%8B%E3%82%89%E3%83%BC%E3%81%9C" dan="16,17,16,17" rate="2150.28,2108.55,2011.67,2189.88" sx="M,M,M,M"/><TAIKYOKU oya="0"/><INIT seed="0,0,0,3,5,12" ten="250,250,250,250" oya="0" hai0="131,106,49,87,2,52,64,18,129,72,95,6,13" hai1="70,53,38,22,111,41,103,59,81,27,20,65,91" hai2="39,33,32,124,89,1,123,98,50,43,86,17,112" hai3="114,57,66,19,37,130,36,58,107,63,101,110,109"/><T60/><D106/><U133/><E22/><V126/><F123/><W105/><G114/><T67/><D72/><U62/><E103/><V23/><F1/><W15/><G130/><N who="0" m="49675" /><D6/><U9/><E9/><V99/><F39/><N who="3" m="14923" /><G58/><N who="0" m="33039" /><D2/><U132/><E91/><V113/><F33/><W54/><G66/><T92/><D87/><U115/><E81/><N who="2" m="49359" /><F32/><W4/><G4/><T119/><D119/><U35/><E35/><V11/><F11/><N who="3" m="6655" /><G101/><T28/><D28/><U71/><E115/><V134/><F113/><W122/><G122/><T31/><D31/><U116/><E116/><V56/><F112/><W51/><G63/><T3/><D3/><U104/><E104/><V125/><F56/><W14/><G14/><T96/><D60/><U48/><E62/><V44/><F134/><W0/><G0/><T61/><D61/><U84/><E133/><V97/><F97/><W102/><G102/><N who="0" m="60679" /><D95/><U100/><E132/><V69/><F69/><W82/><G82/><T78/><D78/><U90/><E71/><V8/><F99/><W68/><G68/><T117/><D117/><U5/><E70/><V73/><F98/><W74/><G74/><T21/><AGARI ba="0,0" hai="13,18,21,64,67" m="60679,33039,49675" machi="21" ten="30,6000,0" yaku="19,1,52,1,54,1" doraHai="12" who="0" fromWho="0" sc="250,60,250,-20,250,-20,250,-20" /><INIT seed="0,1,0,4,4,39" ten="310,230,230,230" oya="0" hai0="58,22,115,6,98,12,131,75,40,93,21,48,37" hai1="62,43,17,124,29,112,47,3,116,52,74,97,107" hai2="23,60,133,123,49,59,87,25,122,114,11,103,119" hai3="55,53,108,1,104,95,44,111,132,120,57,45,14"/><T16/><D75/><U127/><E3/><V8/><F114/><W78/><G1/><T9/><D115/><U84/><E74/><V26/><F103/><W18/><G104/><T83/><D83/><U110/><E116/><V89/><F119/><W134/><G78/><T126/><D126/><N who="1" m="48171" /><E29/><V32/><F133/><N who="3" m="51307" /><G95/><T5/><D131/><U36/><E84/><V79/><F79/><W10/><G120/><T92/><D37/><U15/><E97/><V85/><F32/><W88/><G88/><N who="0" m="55559" /><D93/><U2/><E2/><V101/><F89/><W46/><G55/><N who="0" m="32103" /><D40/><U96/><E96/><V121/><F101/><W28/><G28/><T80/><D80/><U129/><E107/><V13/><F87/><W0/><G0/><T61/><D61/><AGARI ba="1,0" hai="10,14,18,44,45,46,53,57,61,108,111" m="51307" machi="61" ten="30,1000,0" yaku="20,1" doraHai="39" who="3" fromWho="0" sc="310,-13,230,0,230,0,230,13" /><INIT seed="1,0,0,0,0,78" ten="297,230,230,243" oya="1" hai0="40,67,100,51,20,68,102,85,77,86,4,83,90" hai1="6,22,115,18,12,96,47,121,21,132,36,97,87" hai2="56,134,94,98,57,66,110,117,29,32,14,135,10" hai3="120,116,70,1,105,28,104,24,30,112,122,39,25"/><U107/><E121/><N who="3" m="46698" /><G39/><T34/><D34/><U45/><E115/><V60/><F117/><W49/><G49/><T16/><D4/><U95/><E132/><V114/><F114/><W11/><G70/><T103/><D67/><U118/><E118/><V71/><F110/><W126/><G112/><T84/><D68/><U79/><E6/><V62/><F32/><N who="3" m="20487" /><G104/><T5/><D5/><U81/><E36/><V26/><F26/><W73/><G73/><T33/><D33/><U72/><E22/><V127/><F29/><W48/><G48/><T9/><D9/><U37/><E37/><V19/><F127/><W82/><G82/><N who="0" m="49495" /><D85/><U53/><E53/><V88/><REACH who="2" step="1"/><F62/><REACH who="2" ten="297,230,220,243" step="2"/><W59/><G126/><T13/><D103/><N who="1" m="62959" /><E96/><V42/><F42/><W106/><G116/><T58/><D40/><U111/><E111/><V50/><F50/><W64/><G30/><T131/><D131/><U92/><E92/><V7/><F7/><W101/><G106/><T35/><D35/><U8/><E95/><V128/><F128/><W55/><G105/><T119/><D119/><U41/><E41/><V69/><F69/><W15/><G101/><T91/><D77/><U108/><E108/><V125/><F125/><W89/><G89/><T63/><D63/><U0/><E79/><V65/><F65/><W46/><G64/><T27/><D27/><U54/><E54/><AGARI ba="0,1" hai="13,16,20,51,54,58,83,84,91,100,102" m="49495" machi="54" ten="30,7700,0" yaku="8,1,52,2,54,1" doraHai="78" who="0" fromWho="1" sc="297,87,230,-77,220,0,243,0" /><INIT seed="2,0,0,5,1,85" ten="384,153,220,243" oya="2" hai0="89,15,81,98,133,118,73,128,16,65,94,62,53" hai1="47,40,68,101,54,23,34,119,37,135,115,127,93" hai2="132,39,57,107,102,61,105,55,51,64,46,100,134" hai3="43,44,59,10,112,121,2,77,21,86,67,79,120"/><V48/><F107/><W17/><G112/><T12/><D118/><U84/><E34/><V0/><F0/><W95/><G2/><T129/><D133/><N who="2" m="51306" /><F105/><W75/><G10/><T13/><D53/><U24/><E135/><V25/><F102/><W72/><G67/><T26/><D81/><U41/><E68/><N who="2" m="41999" /><F25/><W45/><G59/><T3/><D73/><U52/><E127/><V99/><F99/><W38/><G45/><T104/><D104/><U66/><E115/><V36/><F100/><W96/><G72/><T114/><D114/><U90/><E119/><V8/><F8/><W124/><G124/><T32/><D3/><U110/><E110/><V117/><F117/><W91/><G75/><T4/><D4/><U50/><E66/><V29/><F29/><W80/><G77/><T106/><D106/><U131/><E131/><N who="0" m="50249" /><D32/><U33/><E33/><V14/><F14/><AGARI ba="0,0" hai="14,17,21,38,43,44,79,80,86,91,95,96,120,121" machi="14" ten="30,2000,0" yaku="7,1,52,1" doraHai="85" who="3" fromWho="2" sc="384,0,153,0,220,-20,243,20" /><INIT seed="3,0,0,1,4,2" ten="384,153,200,263" oya="3" hai0="79,111,46,88,19,121,85,49,70,15,114,58,43" hai1="50,23,7,102,26,95,40,44,38,90,91,8,69" hai2="115,54,134,80,11,122,13,72,14,25,119,97,118" hai3="9,34,108,32,27,41,123,87,131,24,125,10,135"/><W55/><G41/><T93/><D111/><U92/><E69/><V0/><F115/><W116/><G55/><T39/><D70/><U47/><E102/><V64/><F64/><W81/><G87/><T78/><D121/><U12/><E92/><V42/><F122/><W51/><G51/><T36/><D114/><U98/><E90/><V37/><F25/><N who="3" m="9803" /><G81/><T126/><D126/><U120/><E120/><V130/><F97/><W68/><G68/><T82/><D58/><U83/><E83/><V59/><F130/><W110/><G123/><T105/><D105/><U29/><REACH who="1" step="1"/><E47/><REACH who="1" ten="384,143,200,263" step="2"/><N who="2" m="24015" /><F80/><W20/><G125/><T86/><D79/><U45/><E45/><V75/><F119/><W73/><G131/><T65/><D65/><U124/><E124/><V67/><F75/><W113/><G73/><T132/><D132/><U53/><E53/><V22/><F72/><W71/><G71/><T16/><REACH who="0" step="1"/><D19/><REACH who="0" ten="374,143,200,263" step="2"/><U107/><E107/><V74/><F67/><W66/><G66/><T28/><D28/><U18/><E18/><V48/><F134/><W101/><G135/><T33/><D33/><U63/><E63/><V60/><F60/><W52/><G116/><T17/><D17/><U57/><E57/><V1/><F118/><W35/><G113/><T6/><D6/><U89/><E89/><V103/><F103/><W56/><G101/><T61/><D61/><U94/><E94/><V76/><F76/><W133/><G133/><T104/><D104/><U5/><E5/><N who="2" m="3311" /><F74/><W109/><G56/><T129/><D129/><U84/><E84/><V128/><F128/><W117/><G117/><RYUUKYOKU ba="0,2" sc="374,10,143,10,200,10,263,-30" hai0="15,16,36,39,43,46,49,78,82,85,86,88,93" hai1="7,8,12,23,26,29,38,40,44,50,91,95,98" hai2="0,1,14,22,48,54,59" /><INIT seed="4,1,2,0,4,113" ten="384,153,210,233" oya="0" hai0="67,101,131,31,117,73,50,102,25,96,12,108,64" hai1="52,53,55,20,66,62,118,28,46,56,128,127,51" hai2="81,38,10,75,21,41,120,30,1,122,123,126,89" hai3="84,72,97,80,33,92,27,100,133,40,88,77,47"/><T130/><D117/><U121/><E28/><V105/><F105/><N who="3" m="63631" /><G133/><T0/><D73/><U93/><E121/><V57/><F57/><W34/><G27/><T18/><D0/><U42/><E118/><V29/><F21/><W107/><G107/><N who="0" m="63911" /><D102/><U70/><E93/><V60/><F60/><W99/><G99/><T94/><D94/><U13/><E127/><V24/><F24/><W9/><G9/><N who="0" m="6415" /><D50/><AGARI ba="1,2" hai="33,34,40,47,50,72,77,80,84,88,92" m="63631" machi="50" ten="30,2000,0" yaku="24,1,54,1" doraHai="113" who="3" fromWho="0" sc="384,-23,153,0,210,0,233,43" /><INIT seed="5,0,0,2,1,56" ten="361,153,210,276" oya="1" hai0="88,110,6,58,86,43,11,17,118,16,8,123,39" hai1="7,68,48,45,134,66,69,76,73,99,54,18,116" hai2="90,105,106,98,64,108,0,111,125,133,109,96,87" hai3="117,13,34,60,127,81,25,15,2,49,75,70,44"/><U113/><E116/><V135/><F0/><W95/><G2/><T33/><D33/><U32/><E32/><V89/><F64/><N who="3" m="41223" /><G95/><T124/><D110/><U126/><E7/><V97/><F125/><W22/><G22/><T103/><D124/><U52/><E126/><V27/><F27/><W36/><G49/><T100/><D118/><U101/><E113/><V42/><F42/><N who="3" m="22599" /><G13/><N who="0" m="5271" /><D123/><U91/><E134/><N who="2" m="51211" /><F87/><W14/><G15/><N who="0" m="7295" /><D39/><U51/><E91/><AGARI ba="0,0" hai="89,90,91,96,97,98,105,106,108,109,111" m="51211" machi="91" ten="40,8000,1" yaku="28,2,20,1,34,2" doraHai="56" who="2" fromWho="1" sc="361,0,153,-80,210,80,276,0" /><INIT seed="6,0,0,1,4,19" ten="361,73,290,276" oya="2" hai0="96,121,105,38,89,120,26,42,56,51,103,97,18" hai1="118,77,66,92,37,61,102,53,119,8,45,48,91" hai2="80,46,64,52,108,44,17,112,15,7,132,58,134" hai3="87,10,133,14,0,62,27,34,28,83,129,35,5"/><V11/><F112/><W23/><G133/><N who="2" m="51305" /><F108/><W33/><G129/><T70/><D70/><U3/><E102/><V88/><F64/><W98/><G98/><T110/><D110/><U67/><E77/><V81/><F80/><W123/><G123/><T16/><D38/><U131/><E67/><V68/><F68/><W57/><G0/><T20/><D18/><U40/><E131/><V54/><F7/><W78/><REACH who="3" step="1"/><G35/><REACH who="3" ten="361,73,290,266" step="2"/><T79/><D97/><U65/><E65/><AGARI ba="0,1" hai="5,10,14,23,27,28,33,34,57,62,65,78,83,87" machi="65" ten="30,7700,0" yaku="1,1,2,1,7,1,52,1,53,0" doraHai="19" doraHaiUra="94" who="3" fromWho="1" sc="361,0,73,-77,290,0,266,87" owari="361,46.0,-4,-50.0,290,-11.0,353,15.0" /></mjloggm>