<mjloggm ver="2.3"><GO type="169" lobby="0"/><UN n0="%E3%82%A6%E3%83%AB%E3%83%88%E3%83%A9%E7%AB%8B%E7%9B%B4" n1="%E3%81%86%E3%81%89%E3%82%93%E5%8E%A8" n2="%E3%83%AD%E3%83%83%E3%83%86%E9%9B%80%E7%90%83" n3="%50%61%65%6C%6C%61" dan="17,16,17,16" rate="2178.43,2058.22,2196.63,2031.39" sx="M,M,M,M"/><TAIKYOKU oya="0"/><INIT seed="0,0,0,1,5,64" ten="250,250,250,250" oya="0" hai0="107,57,93,90,9,3,69,4,25,96,118,48,46" hai1="114,117,135,99,86,91,128,79,59,45,73,84,120" hai2="83,109,11,14,66,132,81,62,87,18,31,50,61" hai3="35,116,98,42,28,58,32,53,80,127,124,101,0"/><T21/><D118/><U44/><E117/><V47/><F109/><W89/><G116/><T105/><D57/><U110/><E120/><V16/><F132/><W88/><G0/><T106/><D69/><U72/><E110/><V85/><F31/><W82/><G42/><T20/><REACH who="0" step="1"/><D25/><REACH who="0" ten="240,250,250,250" step="2"/><U131/><E135/><V115/><F115/><W37/><G58/><T108/><D108/><U94/><E59/><V119/><F119/><W67/><G127/><T100/><D100/><U97/><E114/><V95/><F66/><W12/><G124/><T10/><D10/><U129/><E45/><V126/><F126/><W5/><G101/><T104/><N who="0" m="26624" /><DORA hai="34" /><T121/><D121/><U26/><E26/><V38/><F11/><W125/><G125/><T68/><D68/><U113/><E44/><V71/><F47/><W54/><G67/><T63/><D63/><U56/><E56/><V6/><F62/><W36/><G54/><AGARI ba="0,1" hai="3,4,9,20,21,46,48,54,90,93,96" m="26624" machi="54" ten="70,12000,1" yaku="1,1,52,1,53,1" doraHai="64,34" doraHaiUra="40,55" who="0" fromWho="3" sc="240,130,250,0,250,0,250,-120" /><INIT seed="0,1,0,5,4,13" ten="370,250,250,130" oya="0" hai0="10,4,114,64,86,103,66,87,106,71,69,20,41" hai1="89,3,124,93,110,96,12,112,126,90,134,107,77" hai2="42,35,104,23,115,127,131,122,84,76,92,55,58" hai3="27,111,102,0,37,72,34,75,25,52,31,28,91"/><T123/><D123/><U61/><E3/><V97/><F35/><W95/><G111/><T11/><D114/><U74/><E112/><V44/><F115/><W129/><G129/><T9/><D4/><U2/><E2/><V39/><F122/><W121/><G121/><T105/><D20/><U7/><E110/><V135/><F104/><N who="0" m="40042" /><D41/><U130/><E134/><V113/><F127/><W40/><G102/><T73/><D73/><U119/><E107/><V47/><F131/><W83/><G0/><T16/><D16/><U5/><E119/><V14/><F42/><W38/><G40/><T1/><D103/><U70/><E74/><V133/><F23/><W80/><G95/><T6/><D6/><U118/><E5/><V85/><F92/><W60/><G60/><T132/><D132/><U56/><E118/><V78/><F113/><W19/><G19/><T26/><D26/><U32/><E130/><V29/><F135/><W98/><G34/><T50/><D50/><U65/><E32/><V94/><F94/><W100/><G38/><T81/><D81/><U101/><E101/><V33/><F39/><W48/><G37/><T30/><D30/><N who="3" m="11305" /><G72/><T117/><D1/><U128/><E128/><V46/><F29/><W88/><G75/><T45/><D117/><U24/><E126/><V22/><F33/><W68/><G83/><T43/><D69/><U36/><E70/><V49/><F133/><W15/><G68/><T62/><D66/><N who="1" m="39207" /><E36/><V108/><F22/><W54/><G100/><T99/><D99/><U18/><E124/><V82/><F97/><W21/><G98/><RYUUKYOKU ba="1,0" sc="370,30,250,-10,250,-10,130,-10" hai0="9,10,11,43,45,62,64,71,86,87" /><INIT seed="0,2,0,5,0,115" ten="400,240,240,120" oya="0" hai0="56,3,122,41,93,104,107,30,27,49,81,68,87" hai1="103,118,76,17,117,25,67,127,91,23,29,94,21" hai2="60,58,24,57,52,119,22,1,70,130,40,133,69" hai3="36,125,7,28,114,100,98,26,79,86,11,14,34"/><T134/><D68/><U84/><E127/><V55/><F133/><W77/><G114/><T108/><D3/><U19/><E67/><V96/><F130/><W6/><G36/><T63/><D122/><U10/><E76/><V35/><F35/><W31/><G125/><T112/><D112/><U105/><E10/><V120/><F120/><W43/><G43/><T97/><D108/><U37/><E37/><V39/><F1/><W74/><G31/><T32/><D134/><U113/><E113/><V20/><F20/><W135/><G135/><T59/><D59/><U88/><E88/><V66/><F119/><W131/><G131/><T116/><D116/><U73/><E73/><V132/><F132/><W38/><G38/><T50/><D49/><U54/><E54/><V4/><F4/><W65/><G65/><T45/><D87/><U99/><REACH who="1" step="1"/><E29/><REACH who="1" ten="400,230,240,120" step="2"/><V61/><F66/><W9/><G74/><T51/><D81/><U128/><E128/><V5/><F5/><W109/><G86/><T48/><D41/><U102/><E102/><V85/><F85/><W12/><REACH who="3" step="1"/><G109/><REACH who="3" ten="400,230,240,110" step="2"/><T126/><D126/><U82/><E82/><V121/><F40/><W16/><G16/><T2/><D30/><U18/><E18/><V111/><F39/><W53/><G53/><T46/><D46/><U78/><E78/><V8/><F55/><W80/><G80/><T95/><D45/><U15/><AGARI ba="2,2" hai="15,17,19,21,23,25,84,91,94,99,103,105,117,118" machi="15" ten="20,12000,2" yaku="1,1,0,1,7,1,52,2,53,1" doraHai="115" doraHaiUra="90" who="1" fromWho="1" sc="400,-62,230,146,240,-32,110,-32" /><INIT seed="1,0,0,3,2,16" ten="338,376,208,78" oya="1" hai0="120,77,84,37,30,101,89,53,17,34,129,68,38" hai1="105,62,71,29,127,122,98,86,116,22,46,9,33" hai2="131,93,47,108,13,39,109,114,85,48,42,0,107" hai3="94,69,83,11,95,125,31,79,91,3,7,110,103"/><U15/><E122/><V32/><F0/><W19/><G110/><T74/><D68/><U28/><E116/><V49/><F107/><W64/><G125/><T63/><D101/><U130/><E127/><V135/><F135/><W23/><G31/><T67/><D67/><U90/><E130/><V72/><F72/><W81/><G103/><T58/><D129/><U65/><E105/><V92/><F131/><W27/><G91/><T20/><D120/><U128/><E98/><V18/><F32/><W82/><REACH who="3" step="1"/><G79/><REACH who="3" ten="338,376,208,68" step="2"/><T126/><D126/><U8/><E29/><V41/><F109/><W21/><G21/><T12/><D30/><U96/><E33/><V56/><F108/><W121/><G121/><T134/><D34/><U113/><E28/><V87/><F114/><W54/><G54/><T60/><D134/><U73/><E22/><V55/><F41/><W88/><G88/><T44/><D77/><U45/><E90/><V123/><F123/><W132/><G132/><T78/><D78/><U119/><E113/><V5/><F42/><W52/><G52/><T36/><D89/><U2/><E128/><V66/><F55/><W76/><G76/><T50/><D53/><U10/><E119/><V59/><F85/><W70/><G70/><T43/><D84/><U99/><E86/><V102/><F87/><W1/><G1/><T14/><D74/><U112/><E73/><V111/><F102/><W51/><G51/><T4/><D58/><U106/><E2/><V80/><F59/><W25/><G25/><T104/><D50/><U24/><E112/><V35/><F49/><RYUUKYOKU ba="0,1" sc="338,-10,376,-10,208,-10,68,30" hai3="3,7,11,19,23,27,64,69,81,82,83,94,95" /><INIT seed="2,1,1,1,1,113" ten="328,366,198,98" oya="2" hai0="33,92,133,47,30,1,91,29,70,12,55,36,123" hai1="57,135,130,14,13,53,89,48,51,71,66,41,15" hai2="22,31,131,99,88,118,43,68,108,35,87,8,44" hai3="104,25,7,109,129,11,10,4,93,84,42,28,115"/><V106/><F68/><W37/><G104/><T80/><D70/><U103/><E135/><V122/><F118/><W64/><G64/><T119/><D1/><U81/><E130/><V69/><F69/><W34/><G109/><T105/><D105/><U32/><E32/><V27/><F122/><W98/><G129/><T56/><D33/><U2/><E2/><V86/><F131/><W19/><G115/><T20/><D123/><U78/><E103/><V26/><F108/><W94/><G42/><T110/><D110/><U63/><E89/><V95/><F8/><W0/><G37/><T38/><D38/><U3/><E3/><V107/><F107/><W83/><G19/><N who="0" m="10343" /><D36/><U132/><E132/><V49/><REACH who="2" step="1"/><F106/><REACH who="2" ten="328,366,188,98" step="2"/><W77/><G98/><N who="0" m="57631" /><D119/><U128/><E128/><V6/><F6/><W126/><G126/><T125/><D125/><U59/><E71/><V50/><F50/><W120/><G120/><T54/><D133/><U21/><E48/><V5/><F5/><W67/><G7/><T17/><D30/><AGARI ba="1,2" hai="22,26,27,30,31,35,43,44,49,86,87,88,95,99" machi="30" ten="30,5800,0" yaku="1,1,7,1,54,1,53,0" doraHai="113" doraHaiUra="79" who="2" fromWho="0" sc="328,-61,366,0,188,81,98,0" /><INIT seed="2,2,0,4,5,19" ten="267,366,269,98" oya="2" hai0="54,111,20,118,133,17,48,31,67,101,2,12,125" hai1="123,56,77,38,5,134,129,104,121,58,112,23,18" hai2="87,103,68,33,63,126,65,39,13,79,115,50,92" hai3="100,131,117,135,96,119,3,46,120,66,61,52,53"/><V34/><F115/><W44/><G120/><N who="1" m="46154" /><E129/><V81/><F39/><W95/><G3/><T99/><D2/><U105/><E38/><V106/><F126/><W15/><G131/><T27/><D111/><U7/><E134/><V59/><F106/><N who="1" m="41065" /><E77/><V6/><F103/><W28/><G135/><T62/><D118/><U124/><E112/><V45/><F92/><W75/><G75/><T122/><D133/><U36/><E36/><V110/><F68/><W109/><G109/><T41/><D41/><U8/><E124/><V22/><F110/><W83/><G83/><T73/><D73/><U10/><E10/><N who="2" m="4311" /><F22/><W132/><G132/><T14/><D125/><U130/><E130/><V35/><F35/><W9/><G28/><T116/><D31/><U30/><E30/><V128/><F128/><W86/><G86/><T40/><D116/><U16/><E18/><V76/><F76/><W85/><G85/><T89/><D101/><U0/><E5/><V88/><F88/><W84/><G84/><T91/><D89/><U94/><E94/><V47/><F47/><N who="3" m="17963" /><G119/><T57/><D122/><U127/><E127/><V26/><F26/><AGARI ba="2,0" hai="0,7,8,16,23,26,56,58" m="41065,46154" machi="26" ten="30,3900,0" yaku="13,1,52,1,54,1" doraHai="19" who="1" fromWho="2" sc="267,0,366,45,269,-45,98,0" /><INIT seed="3,0,0,3,5,128" ten="267,411,224,98" oya="3" hai0="18,103,81,133,74,94,105,89,17,96,62,32,104" hai1="122,59,30,12,86,101,21,55,40,109,8,57,134" hai2="15,123,27,112,47,124,33,98,120,70,7,121,126" hai3="93,90,85,60,130,125,50,71,46,6,48,61,83"/><W82/><G130/><T129/><D32/><U63/><E122/><V79/><F70/><W1/><G125/><N who="2" m="48233" /><F79/><W2/><G71/><T75/><D62/><U115/><E134/><V107/><F47/><W116/><G116/><T127/><D18/><U77/><E101/><N who="2" m="62903" /><F112/><W9/><G1/><T132/><D17/><U88/><E40/><V26/><F33/><W91/><G82/><T84/><D129/><U118/><E118/><V102/><F102/><W29/><G29/><T51/><D51/><U37/><E30/><V28/><F28/><W24/><G50/><T56/><D56/><U76/><E59/><V31/><F31/><W14/><G24/><T73/><D127/><U44/><E37/><V64/><F64/><W19/><G2/><T11/><D11/><AGARI ba="0,0" hai="7,11,15,26,27,120,121,123" m="62903,48233" machi="11" ten="40,2600,0" yaku="13,1,18,1" doraHai="128" who="2" fromWho="0" sc="267,-26,411,0,224,26,98,0" /><INIT seed="4,0,0,4,1,35" ten="241,411,250,98" oya="0" hai0="93,45,80,102,83,126,65,66,58,90,53,56,111" hai1="103,110,17,68,129,40,128,99,95,19,112,8,15" hai2="98,85,60,54,132,117,92,115,25,131,123,124,42" hai3="27,64,21,30,113,38,109,116,14,104,55,127,20"/><T41/><D126/><U94/><E110/><V50/><F123/><W87/><G116/><T108/><D102/><U6/><E68/><V36/><F115/><W43/><G109/><N who="0" m="42059" /><D45/><U121/><E121/><V91/><F131/><N who="1" m="50249" /><E112/><V23/><F132/><W133/><G104/><T44/><D44/><U22/><E40/><V125/><F117/><W49/><G43/><T75/><D41/><U4/><E94/><V10/><F10/><W130/><G38/><T63/><D75/><U81/><E81/><N who="0" m="31305" /><D58/><U122/><E122/><V13/><F36/><W77/><G127/><T5/><D5/><U120/><E120/><V32/><F42/><W29/><G130/><T37/><D37/><U119/><E119/><V71/><F71/><W135/><G113/><T7/><D7/><U9/><E9/><V48/><F125/><W57/><G57/><T78/><D78/><U86/><E86/><AGARI ba="0,0" hai="53,56,63,65,66,86,90,93" m="31305,42059" machi="86" ten="30,1500,0" yaku="10,1" doraHai="35" who="0" fromWho="1" sc="241,15,411,-15,250,0,98,0" /><INIT seed="4,1,0,5,1,7" ten="256,396,250,98" oya="0" hai0="16,44,72,48,28,59,34,97,58,10,114,81,78" hai1="124,73,89,109,8,108,35,50,30,32,24,61,36" hai2="65,49,29,6,25,45,117,87,131,14,116,33,100" hai3="91,80,82,98,0,71,5,118,106,75,51,103,85"/><T21/><D114/><U54/><E36/><V84/><F131/><W94/><G118/><N who="2" m="45673" /><F65/><W128/><G71/><T102/><D34/><U2/><E124/><V56/><F56/><W134/><G51/><T119/><D28/><U26/><E73/><V132/><F132/><W83/><G5/><T43/><D119/><U101/><E101/><V23/><F100/><W86/><G0/><T17/><D17/><U133/><E133/><V53/><F33/><W47/><G47/><T13/><REACH who="0" step="1"/><D21/><REACH who="0" ten="246,396,250,98" step="2"/><N who="1" m="15631" /><E109/><V68/><F23/><W31/><G31/><T38/><D38/><U127/><E108/><V9/><F29/><W93/><G134/><T104/><AGARI ba="1,1" hai="10,13,16,43,44,48,58,59,72,78,81,97,102,104" machi="104" ten="20,12000,1" yaku="1,1,0,1,7,1,52,1,54,1,53,0" doraHai="7" doraHaiUra="129" who="0" fromWho="0" sc="246,133,396,-41,250,-41,98,-41" /><INIT seed="4,2,0,1,4,104" ten="379,355,209,57" oya="0" hai0="87,55,95,134,16,76,94,8,102,71,3,98,40" hai1="118,80,42,84,99,68,133,65,49,21,105,17,97" hai2="13,53,0,75,81,91,85,116,23,28,115,73,33" hai3="31,108,19,79,88,26,45,34,18,110,69,51,106"/><T131/><D71/><U24/><E118/><V83/><F0/><W61/><G106/><T54/><D131/><U100/><E133/><V120/><F120/><W82/><G108/><T48/><D134/><U57/><E99/><V41/><F116/><W113/><G110/><T43/><D3/><U101/><E101/><V29/><F115/><W64/><G113/><T89/><D76/><U132/><E132/><V109/><F109/><W25/><G25/><T10/><D10/><U124/><E124/><V50/><F41/><W74/><REACH who="3" step="1"/><G88/><REACH who="3" ten="379,355,209,47" step="2"/><N who="0" m="53535" /><D102/><U5/><E100/><V2/><F91/><W66/><G66/><T130/><D130/><U7/><E65/><V46/><F29/><W44/><G44/><N who="0" m="25607" /><D43/><AGARI ba="2,1" hai="18,19,26,31,34,43,45,51,61,64,69,74,79,82" machi="43" ten="30,7700,0" yaku="1,1,7,1,52,1,53,1" doraHai="104" doraHaiUra="22" who="3" fromWho="0" sc="379,-83,355,0,209,0,47,93" /><INIT seed="5,0,0,2,5,133" ten="296,355,209,140" oya="1" hai0="108,37,87,38,100,75,84,50,99,124,34,127,91" hai1="7,135,12,8,80,42,114,17,25,96,55,36,62" hai2="21,115,89,72,71,39,40,109,14,119,129,33,20" hai3="18,53,54,10,46,1,93,23,94,9,65,49,132"/><U26/><E114/><V31/><F89/><W32/><G132/><T123/><D75/><U6/><E36/><V105/><F40/><W83/><G32/><T19/><D34/><U24/><E42/><V126/><F14/><W131/><G131/><T4/><D4/><N who="1" m="1579" /><E80/><V81/><F21/><W110/><G110/><T77/><D108/><U58/><E135/><V121/><F20/><W79/><G65/><T102/><D19/><N who="1" m="8583" /><E96/><V61/><F61/><W74/><G1/><T86/><D77/><U66/><E17/><V95/><F95/><W59/><G94/><N who="0" m="56799" /><D50/><U97/><E97/><V92/><F92/><W56/><G93/><T128/><D128/><U0/><E0/><V63/><F81/><W52/><G10/><T2/><D2/><U85/><E85/><V112/><F31/><W41/><REACH who="3" step="1"/><G9/><REACH who="3" ten="296,355,209,130" step="2"/><T47/><D123/><U113/><E113/><V104/><F115/><W78/><G78/><T69/><D100/><U30/><E66/><V76/><F76/><W51/><G51/><T29/><D102/><U22/><AGARI ba="0,1" hai="22,24,25,26,30,55,58,62" m="8583,1579" machi="22" ten="30,1500,0" yaku="8,1" doraHai="133" who="1" fromWho="1" sc="296,-5,355,25,209,-5,130,-5" /><INIT seed="5,1,0,2,0,80" ten="291,380,204,125" oya="1" hai0="53,85,32,57,10,129,25,126,17,90,120,106,58" hai1="37,40,119,134,76,89,112,70,9,63,124,133,30" hai2="113,101,82,31,26,0,127,67,108,33,23,47,96" hai3="117,110,122,97,107,24,115,105,13,43,20,19,123"/><U88/><E112/><V132/><F108/><W100/><G110/><T74/><D74/><U6/><E119/><V18/><F127/><W12/><G115/><T102/><D129/><U14/><E124/><V114/><F132/><W16/><G43/><T68/><D68/><U44/><E30/><V93/><F0/><W116/><G24/><T62/><D126/><U77/><E70/><V1/><F1/><W2/><G2/><T35/><D102/><U94/><E63/><V81/><F67/><W55/><G55/><T109/><D106/><U50/><E37/><V7/><F7/><W131/><G131/><T78/><D78/><U61/><E61/><V59/><F59/><W111/><G111/><T72/><D72/><U66/><E66/><V46/><F114/><W71/><G71/><T3/><D109/><U83/><E83/><V125/><F125/><W49/><G49/><T121/><D3/><U42/><E42/><V38/><F113/><W39/><G39/><T8/><D58/><U84/><E89/><V34/><F34/><W135/><G135/><AGARI ba="1,0" hai="6,9,14,40,44,50,76,77,84,88,94,133,134,135" machi="135" ten="40,7700,0" yaku="20,1,52,1,54,1" doraHai="80" who="1" fromWho="3" sc="291,0,380,80,204,0,125,-80" /><INIT seed="5,2,0,3,2,14" ten="291,460,204,45" oya="1" hai0="8,117,74,101,3,122,54,134,17,59,34,49,133" hai1="82,11,39,114,84,56,41,113,77,36,121,96,46" hai2="55,79,129,32,109,116,110,48,1,50,127,124,16" hai3="98,6,89,94,30,119,120,66,90,26,65,95,63"/><U112/><E121/><V19/><F129/><W18/><G120/><T132/><D117/><U61/><E96/><V105/><F116/><W81/><G119/><T92/><D74/><U33/><E33/><V15/><F1/><W104/><G104/><T88/><D34/><U108/><E108/><V128/><F128/><W23/><G6/><T115/><D101/><U43/><E11/><V70/><F105/><W71/><G81/><T28/><D28/><U99/><E99/><V123/><F123/><W38/><G38/><N who="1" m="14378" /><E46/><V35/><F55/><AGARI ba="2,0" hai="41,43,55,56,61,77,82,84,112,113,114" m="14378" machi="55" ten="40,2000,0" yaku="15,1" doraHai="14" who="1" fromWho="2" sc="291,0,460,26,204,-26,45,0" /><INIT seed="5,3,0,0,4,40" ten="291,486,178,45" oya="1" hai0="130,106,28,93,1,81,57,55,44,9,74,118,7" hai1="87,72,127,113,94,39,122,83,121,20,0,52,12" hai2="119,124,115,16,37,132,90,26,62,80,58,91,71" hai3="100,116,73,2,54,89,66,68,85,69,110,117,30"/><U23/><E0/><V128/><F119/><W48/><G110/><T31/><D106/><U46/><E113/><V47/><F71/><W45/><G73/><T25/><D130/><U105/><E105/><V21/><F128/><W75/><G2/><T64/><D118/><N who="3" m="45673" /><G75/><T65/><D93/><U29/><E127/><V13/><F132/><W42/><G100/><T5/><D5/><U79/><E23/><V123/><F123/><W50/><G30/><T99/><D99/><U34/><E34/><V22/><F124/><W103/><G103/><T36/><D28/><U102/><E39/><V111/><F111/><W77/><G77/><T135/><D135/><U56/><E29/><V95/><F80/><N who="3" m="49319" /><G66/><T18/><D31/><U120/><E72/><V53/><F115/><W133/><G133/><T17/><D64/><U4/><E102/><V129/><F129/><W38/><G38/><T6/><D65/><U51/><E120/><V96/><F91/><W114/><G114/><T24/><D24/><U70/><E70/><V104/><F104/><W97/><G97/><T86/><D25/><U43/><E122/><V10/><REACH who="2" step="1"/><F26/><REACH who="2" ten="291,486,168,45" step="2"/><W8/><G8/><T108/><D108/><U67/><E121/><V61/><F61/><W27/><G27/><T32/><D9/><U60/><E83/><V41/><AGARI ba="3,1" hai="10,13,16,21,22,37,41,47,53,58,62,90,95,96" machi="41" ten="30,7900,0" yaku="1,1,0,1,52,1,54,1,53,0" doraHai="40" doraHaiUra="33" who="2" fromWho="2" sc="291,-23,486,-42,168,98,45,-23" /><INIT seed="6,0,0,4,5,127" ten="268,444,266,22" oya="2" hai0="21,7,11,64,22,45,53,70,134,0,107,86,103" hai1="30,106,111,77,91,104,79,76,72,5,24,55,34" hai2="2,122,119,69,116,121,62,99,58,101,115,117,13" hai3="60,38,3,96,87,133,124,57,63,20,32,114,36"/><V75/><F2/><W126/><G32/><T95/><D134/><U132/><E111/><V90/><F69/><W49/><G3/><T40/><D107/><U125/><E91/><V128/><F128/><W135/><G96/><T33/><D33/><U12/><E72/><V118/><F118/><W105/><G105/><T18/><D53/><U113/><E113/><V26/><F115/><W43/><G87/><T44/><D44/><U39/><E39/><N who="3" m="14890" /><G20/><T110/><D110/><U54/><E125/><N who="3" m="48234" /><G114/><T78/><D22/><U93/><E93/><V8/><F75/><W29/><G29/><T17/><D21/><U85/><E106/><V16/><F90/><W10/><G10/><T19/><D103/><U112/><E79/><V59/><F26/><W80/><G80/><T131/><D78/><U61/><E77/><V35/><F35/><W9/><G9/><T74/><D86/><U109/><E76/><V102/><F59/><W65/><G60/><T42/><D95/><U48/><E61/><V97/><F97/><W23/><G23/><T47/><D74/><U67/><E104/><V68/><F102/><W82/><G82/><T123/><D11/><U14/><E112/><V28/><F28/><W51/><G43/><T98/><D42/><U83/><E30/><V89/><F89/><W129/><G129/><T92/><D40/><U15/><E34/><V56/><F99/><W31/><G31/><T81/><D131/><U100/><E24/><V130/><F101/><W88/><G88/><N who="0" m="55559" /><D81/><U1/><E100/><V120/><F130/><W66/><G66/><T52/><D64/><RYUUKYOKU ba="0,0" sc="268,-15,444,-15,266,15,22,15" hai2="8,13,16,56,58,62,68,116,117,119,120,121,122" hai3="49,51,57,63,65,133,135" /><INIT seed="6,1,0,2,3,17" ten="253,429,281,37" oya="2" hai0="68,103,45,84,94,128,51,13,106,11,61,41,29" hai1="4,1,21,112,59,50,130,6,77,27,117,63,86" hai2="110,33,19,95,131,18,100,79,54,127,47,101,134" hai3="99,34,124,120,71,104,12,60,81,49,98,105,25"/><V96/><F127/><W133/><G124/><T46/><D128/><U74/><E117/><V70/><F134/><W116/><G133/><T109/><D109/><U87/><E74/><V28/><F131/><W83/><G116/><T44/><D106/><U129/><E112/><V5/><F70/><W15/><G120/><T66/><D29/><U7/><E1/><V73/><F101/><W55/><G34/><T8/><D8/><U22/><E27/><V113/><F113/><W16/><G25/><T80/><D94/><U90/><E50/><V85/><F73/><W115/><G115/><T132/><D103/><U53/><E129/><V32/><F110/><W62/><G104/><T56/><D68/><U2/><E2/><V123/><F123/><W69/><G105/><T48/><D48/><U108/><E108/><V9/><F28/><W23/><G69/><T14/><D14/><U122/><E122/><V30/><F30/><W72/><G71/><T88/><REACH who="0" step="1"/><D132/><REACH who="0" ten="243,429,281,37" step="2"/><U43/><E130/><V135/><F135/><W57/><G12/><T38/><D38/><U37/><E37/><V125/><F125/><W36/><G36/><T64/><D64/><U126/><E126/><V20/><F33/><W24/><G15/><T39/><D39/><U58/><E63/><N who="3" m="24106" /><G72/><T35/><D35/><U31/><E31/><V114/><F32/><W91/><G81/><T119/><D119/><U107/><E107/><V26/><F114/><W75/><G75/><T40/><D40/><U102/><E43/><V65/><F65/><W67/><G67/><T10/><D10/><U118/><E118/><RYUUKYOKU ba="1,1" sc="243,15,429,-15,281,-15,37,15" hai0="11,13,41,44,45,46,51,56,61,66,80,84,88" hai3="16,23,24,49,55,57,83,91,98,99" /><INIT seed="7,2,1,4,4,110" ten="258,414,266,52" oya="3" hai0="21,119,54,1,27,63,92,16,47,106,120,19,118" hai1="82,31,35,67,39,108,73,94,4,40,109,111,135" hai2="55,95,105,104,87,48,51,74,132,13,131,36,49" hai3="72,85,65,43,134,60,15,130,89,96,37,2,18"/><W79/><G2/><T77/><D106/><U91/><E4/><V80/><F36/><W83/><G130/><T8/><D120/><U112/><E67/><V11/><F74/><W133/><G96/><T114/><D114/><U101/><E101/><V12/><F132/><N who="3" m="50795" /><G43/><T10/><D1/><U32/><E112/><V76/><F131/><W61/><G37/><T121/><D121/><U122/><E122/><V75/><F55/><W71/><G61/><T29/><D119/><U28/><E135/><V128/><F128/><W69/><G69/><T126/><D126/><U34/><E40/><V90/><REACH who="2" step="1"/><F13/><REACH who="2" ten="258,414,256,52" step="2"/><W86/><G89/><T115/><D115/><U20/><E39/><V7/><AGARI ba="2,2" hai="7,11,12,48,49,51,75,76,80,87,90,95,104,105" machi="7" ten="30,4000,0" yaku="1,1,2,1,0,1,53,0" doraHai="110" doraHaiUra="59" who="2" fromWho="2" sc="258,-12,414,-12,256,66,52,-22" owari="246,-15.0,402,50.0,322,12.0,30,-47.0" /></mjloggm>