<mjloggm ver="2.3"><GO type="41" lobby="0"/><UN n0="%28%7E%2D%5E%29" n1="%68%65%6E%61%63%68%6F%6B" n2="%E5%BB%83%E4%BA%BA%E9%81%94%E9%9B%86%E5%90%88" n3="%E3%83%88%E3%83%88%E3%83%AA%E5%85%88%E7%94%9F%31%39%E6%AD%B3" dan="13,14,15,14" rate="1929.34,1960.50,2012.35,2027.34" sx="M,M,M,F"/><TAIKYOKU oya="0"/><INIT seed="0,0,0,4,1,135" ten="250,250,250,250" oya="0" hai0="58,88,79,101,74,42,89,82,96,90,103,40,6" hai1="26,97,131,20,112,108,1,66,118,4,121,25,104" hai2="46,53,43,129,115,111,35,81,60,45,107,52,106" hai3="105,77,55,122,7,9,15,29,75,70,85,48,39"/><T134/><D6/><U93/><E104/><V119/><F35/><W41/><G105/><N who="0" m="63655" /><D58/><U18/><E121/><V114/><F119/><W84/><G70/><T8/><D40/><U38/><E118/><V73/><F43/><W17/><G122/><T2/><D8/><U80/><E112/><V36/><F81/><W99/><G29/><T83/><D42/><U32/><E38/><V126/><F36/><W76/><G75/><N who="0" m="43391" /><D2/><U133/><E66/><V128/><F73/><W34/><G34/><T10/><D10/><U12/><E80/><V56/><F56/><W3/><G41/><T28/><D28/><U92/><E32/><V33/><F33/><W69/><G39/><T13/><D13/><U71/><E71/><V125/><F111/><W5/><G69/><T59/><D59/><U120/><E108/><V132/><F132/><W65/><G65/><T72/><D134/><U68/><E133/><V62/><AGARI ba="0,0" hai="45,46,52,53,60,62,106,107,114,115,125,126,128,129" machi="62" ten="25,12000,2" yaku="0,1,22,2,52,2,54,1" doraHai="135" who="2" fromWho="2" sc="250,-60,250,-30,250,120,250,-30" /><INIT seed="1,0,0,3,1,82" ten="190,220,370,220" oya="1" hai0="90,24,83,65,70,22,1,3,97,50,116,26,128" hai1="108,86,55,74,92,32,126,76,13,17,57,54,121" hai2="34,64,99,124,10,39,69,87,91,77,95,67,66" hai3="85,9,94,37,81,89,46,113,84,133,5,49,20"/><U102/><E121/><V19/><F34/><W110/><G110/><T4/><D116/><U129/><E108/><V107/><F39/><W123/><G133/><T52/><D24/><U103/><E32/><V88/><F124/><W135/><G135/><T41/><D128/><U21/><E126/><V112/><F112/><W130/><G130/><T7/><D41/><U96/><E129/><V42/><F42/><W36/><G113/><T8/><D70/><U68/><E68/><V47/><F47/><W62/><G62/><T33/><D65/><U16/><E74/><V60/><F77/><W31/><G123/><T131/><D131/><U28/><E28/><V0/><F107/><W58/><G58/><T109/><D33/><U53/><E17/><V30/><F30/><W63/><G63/><T75/><D109/><U78/><E102/><V117/><F117/><W35/><G35/><T48/><D48/><U104/><REACH who="1" step="1"/><E57/><REACH who="1" ten="190,210,370,220" step="2"/><V106/><F19/><W115/><G115/><T6/><D1/><U134/><E134/><V59/><F69/><W29/><G29/><T120/><D120/><U101/><E101/><V2/><F0/><W79/><G31/><N who="0" m="17879" /><D75/><U72/><E72/><V73/><F73/><W45/><G20/><T132/><D132/><U23/><E23/><V93/><REACH who="2" step="1"/><F106/><REACH who="2" ten="190,210,360,220" step="2"/><W15/><REACH who="3" step="1"/><G46/><REACH who="3" ten="190,210,360,210" step="2"/><N who="0" m="27735" /><D3/><U27/><E27/><V100/><F100/><W118/><G118/><T105/><D105/><U56/><E56/><V98/><F98/><W61/><G61/><T71/><D71/><U125/><E125/><V12/><F12/><W18/><G18/><T40/><D97/><RYUUKYOKU ba="0,3" sc="190,-30,210,10,360,10,210,10" hai1="13,16,21,53,54,55,76,78,86,92,96,103,104" hai2="2,10,59,60,64,66,67,87,88,91,93,95,99" hai3="5,9,15,36,37,45,49,79,81,84,85,89,94" /><INIT seed="1,1,3,0,3,52" ten="160,220,370,220" oya="1" hai0="63,113,47,48,66,9,45,27,81,88,41,3,105" hai1="119,70,134,17,24,83,127,31,61,101,96,77,34" hai2="95,122,54,0,33,129,58,19,5,76,117,135,68" hai3="133,26,86,72,80,131,6,91,1,15,13,89,53"/><U78/><E119/><V51/><F117/><W16/><G72/><T21/><D105/><U115/><E115/><V2/><F33/><W60/><G131/><T38/><D113/><U57/><E70/><V7/><F129/><W67/><G133/><T110/><D110/><U84/><E134/><V124/><F135/><W23/><G53/><T116/><D116/><U79/><E127/><V90/><F124/><W130/><G130/><T108/><D108/><U11/><E11/><V85/><F68/><W82/><G1/><T4/><D81/><U29/><E17/><V126/><F126/><W44/><G44/><T103/><D103/><U128/><E128/><V65/><F2/><W125/><G6/><N who="2" m="2057" /><F0/><W112/><G112/><T8/><D8/><U118/><E118/><V36/><F36/><W35/><G35/><T59/><D88/><N who="3" m="33865" /><G125/><T102/><D102/><U121/><E121/><V106/><F106/><W123/><G123/><T10/><D10/><U98/><E31/><V71/><F71/><W40/><G40/><T37/><REACH who="0" step="1"/><D47/><REACH who="0" ten="150,220,370,220" step="2"/><U20/><E34/><V32/><F32/><W22/><G82/><T50/><D50/><U109/><E109/><V46/><F122/><W18/><G80/><T56/><D56/><U55/><E101/><V64/><F46/><W14/><G86/><T111/><D111/><U120/><E120/><V132/><F132/><W87/><G87/><T25/><D25/><U93/><E93/><V100/><F100/><W107/><G107/><T30/><AGARI ba="1,4" hai="3,4,9,21,27,30,37,38,41,45,48,59,63,66" machi="30" ten="20,5200,0" yaku="1,1,0,1,7,1,52,1,53,0" doraHai="52" doraHaiUra="99" who="0" fromWho="0" sc="150,95,220,-27,370,-14,220,-14" /><INIT seed="2,0,0,2,0,24" ten="245,193,356,206" oya="2" hai0="50,41,68,70,21,55,77,123,105,62,90,58,87" hai1="2,117,13,131,79,110,52,11,57,30,80,56,91" hai2="78,125,132,8,40,69,10,26,124,32,127,76,116" hai3="36,114,42,97,60,38,74,6,134,81,119,88,93"/><V94/><F69/><N who="0" m="26730" /><D77/><U118/><E131/><V86/><F116/><W27/><G119/><T53/><D90/><U109/><E2/><V47/><F78/><W43/><G134/><T73/><D87/><N who="1" m="48543" /><E91/><V51/><F132/><W22/><G114/><T89/><D89/><U1/><E1/><V63/><F94/><W46/><G74/><T128/><D105/><U126/><E126/><V72/><F86/><W64/><G81/><T35/><D21/><U121/><E121/><V54/><F54/><N who="0" m="20490" /><D35/><U15/><E56/><V102/><F63/><W45/><G97/><T19/><D19/><N who="1" m="8639" /><E15/><V82/><REACH who="2" step="1"/><F102/><REACH who="2" ten="245,193,346,206" step="2"/><W122/><G93/><T7/><D73/><U92/><E92/><V129/><F129/><W12/><G88/><T133/><D128/><U14/><E118/><V71/><F71/><W34/><G60/><T100/><D100/><U49/><E117/><V83/><F83/><W120/><G122/><T59/><D133/><U5/><E110/><V84/><F84/><W130/><G120/><T16/><D123/><U85/><E109/><V111/><F111/><W31/><G130/><T29/><D62/><U107/><E85/><V113/><F113/><W48/><G64/><T101/><D101/><U28/><E107/><V75/><F75/><W96/><G96/><T9/><D41/><U61/><E61/><V23/><F23/><W67/><G67/><T17/><D50/><U95/><E95/><V112/><F112/><W106/><G106/><T65/><D65/><U66/><E66/><V115/><F115/><W25/><G48/><T37/><D37/><N who="3" m="14441" /><G22/><T3/><D29/><AGARI ba="0,1" hai="8,10,26,29,32,40,47,51,72,76,82,124,125,127" machi="29" ten="40,12000,1" yaku="1,1,6,1,18,1,52,1,53,1" doraHai="24" doraHaiUra="20" who="2" fromWho="0" sc="245,-120,193,0,346,130,206,0" /><INIT seed="2,1,0,3,3,15" ten="125,193,476,206" oya="2" hai0="127,124,23,45,126,44,115,60,33,92,107,19,0" hai1="125,79,21,67,99,36,120,130,24,7,133,106,6" hai2="48,118,28,122,17,91,70,27,52,11,34,71,117" hai3="53,49,84,18,59,76,51,43,82,25,98,111,58"/><V100/><F122/><W66/><G111/><T20/><D107/><U69/><E120/><V77/><F100/><W81/><G98/><T135/><D92/><U123/><E36/><V90/><F90/><W94/><G66/><T105/><D105/><U57/><E123/><V134/><F134/><W46/><G94/><T102/><D102/><U113/><E133/><V14/><F77/><W5/><G5/><T47/><D135/><U89/><E69/><V12/><F71/><W1/><G1/><T50/><D0/><U65/><E113/><V72/><F70/><W35/><G82/><T29/><D115/><U119/><E119/><V128/><F72/><W74/><G35/><T112/><D112/><U61/><E79/><V93/><F14/><W16/><G25/><N who="0" m="16551" /><D33/><U22/><E67/><V55/><F55/><N who="3" m="32127" /><G74/><T64/><D50/><AGARI ba="1,0" hai="16,18,43,46,49,50,53,59,76,81,84" m="32127" machi="50" ten="30,7700,0" yaku="8,1,52,2,54,1" doraHai="15" who="3" fromWho="0" sc="125,-80,193,0,476,0,206,80" /><INIT seed="3,0,0,1,3,115" ten="45,193,476,286" oya="3" hai0="103,18,110,122,94,87,101,13,104,6,125,71,57" hai1="73,29,22,107,52,16,77,88,1,76,66,129,121" hai2="25,12,24,37,5,40,65,33,117,105,108,106,116" hai3="89,11,74,98,84,133,118,21,132,23,127,15,128"/><W86/><G74/><T67/><D71/><U9/><E121/><V100/><F24/><W114/><G114/><T62/><D122/><U32/><E107/><V131/><F12/><W93/><G128/><T112/><D110/><U111/><E129/><V43/><F43/><W53/><G127/><T70/><D112/><U42/><E111/><V48/><F48/><W44/><G118/><T27/><D125/><U51/><E66/><V60/><F131/><W91/><G98/><T119/><D104/><U47/><E73/><V45/><F5/><W38/><G38/><T90/><D70/><U36/><E32/><V99/><F106/><W63/><G132/><T130/><D130/><U14/><E29/><N who="2" m="19631" /><F108/><W58/><G44/><T7/><D119/><U31/><E31/><V109/><F109/><W19/><REACH who="3" step="1"/><G133/><REACH who="3" ten="45,193,476,276" step="2"/><T0/><D0/><U46/><E46/><V10/><F117/><W56/><G56/><T135/><D135/><U61/><E36/><V95/><F116/><W123/><G123/><T34/><D103/><U82/><E47/><V97/><F45/><W85/><G85/><T54/><D101/><U55/><E42/><V35/><F40/><W4/><G4/><T17/><D6/><U39/><E39/><V79/><F37/><W96/><G96/><T126/><D7/><U78/><E1/><V41/><F99/><W26/><G26/><T83/><D126/><U3/><E3/><V28/><F97/><W50/><G50/><T75/><D75/><U81/><E51/><V92/><F100/><W68/><G68/><T120/><D120/><U69/><E69/><RYUUKYOKU ba="0,1" sc="45,-10,193,-10,476,-10,276,30" hai3="11,15,19,21,23,53,58,63,84,86,89,91,93" /><INIT seed="3,1,1,3,5,67" ten="35,183,466,306" oya="3" hai0="27,19,47,56,50,54,35,16,52,73,116,117,84" hai1="99,38,111,96,135,134,64,103,55,91,20,59,94" hai2="114,124,36,79,44,2,53,49,109,118,3,132,105" hai3="106,66,89,88,4,97,80,70,37,93,85,25,77"/><W7/><G37/><T15/><D73/><U100/><E111/><V28/><F28/><W30/><G106/><T75/><D75/><U32/><E38/><V76/><F105/><W48/><G48/><T1/><D1/><U43/><E32/><V122/><F109/><W86/><G66/><T68/><D68/><U133/><E43/><V40/><F118/><W95/><REACH who="3" step="1"/><G70/><REACH who="3" ten="35,183,466,296" step="2"/><T82/><D117/><U78/><E64/><V129/><F36/><W83/><G83/><T65/><D116/><U12/><E135/><V62/><F132/><W61/><G61/><N who="0" m="35975" /><D65/><U23/><E134/><V69/><F62/><W58/><G58/><T71/><D35/><U126/><E59/><V24/><F49/><W22/><AGARI ba="1,2" hai="4,7,22,25,30,77,80,85,86,88,89,93,95,97" machi="22" ten="20,12000,1" yaku="1,1,0,1,7,1,8,1,54,1,53,0" doraHai="67" doraHaiUra="107" who="3" fromWho="3" sc="35,-41,183,-41,466,-41,296,143" owari="-6,-51.0,142,-26.0,425,23.0,439,54.0" /></mjloggm>