<mjloggm ver="2.3"><GO type="97" lobby="0"/><UN n0="%E7%89%9B%E4%B9%B3%E4%B8%80%E6%B0%97%E9%A3%B2%E3%81%BF" n1="%63%68%69%62%69%38%36%35" n2="%4B%45%49%54%48%40" n3="%E5%B0%B1%E6%B4%BB%E7%94%9F%40%E5%B7%9D%E6%9D%91%E8%BB%8D%E5%9B%A3" dan="14,14,15,14" rate="1884.80,1970.38,1986.88,1985.11" sx="M,M,M,M"/><TAIKYOKU oya="0"/><INIT seed="0,0,0,2,5,70" ten="250,250,250,250" oya="0" hai0="11,5,27,133,102,58,6,61,14,94,68,83,66" hai1="82,110,53,112,67,4,29,24,93,117,54,104,96" hai2="87,16,108,8,20,91,31,65,49,124,50,64,100" hai3="9,59,88,23,78,99,48,81,116,114,121,42,134"/><T47/><D133/><U41/><E110/><V32/><F108/><W62/><G121/><T26/><D68/><U25/><E104/><V22/><F124/><W128/><G116/><T33/><D33/><U85/><E4/><V35/><F100/><W107/><G114/><T80/><D6/><U120/><E25/><V118/><F118/><W19/><G134/><T18/><D47/><U45/><E67/><V34/><F8/><W1/><G128/><T30/><D5/><U57/><E57/><V86/><F86/><W36/><G1/><T105/><D105/><U119/><E120/><V131/><F131/><W46/><G9/><T101/><D101/><U12/><E12/><V84/><F31/><W28/><G28/><T3/><D3/><U2/><E2/><V125/><F125/><W95/><G107/><T127/><D127/><U56/><E56/><V75/><F75/><W130/><G130/><T15/><D15/><U39/><E112/><V106/><F106/><W38/><G81/><N who="0" m="31307" /><D30/><U97/><E97/><AGARI ba="0,0" hai="11,14,18,26,27,58,61,66,94,97,102" m="31307" machi="97" ten="30,1500,0" yaku="8,1" doraHai="70" who="0" fromWho="1" sc="250,15,250,-15,250,0,250,0" /><INIT seed="0,1,0,3,0,99" ten="265,235,250,250" oya="0" hai0="134,60,47,2,61,124,54,87,52,105,107,102,19" hai1="110,96,103,104,69,21,116,101,112,53,23,38,27" hai2="94,98,51,83,62,130,73,111,29,31,67,22,89" hai3="126,79,82,58,72,71,41,43,40,129,3,9,20"/><T30/><D2/><U100/><E110/><V6/><F111/><W135/><G71/><T14/><D134/><U50/><E116/><V42/><F130/><W109/><G129/><T49/><D30/><U48/><E38/><V132/><F132/><W28/><G109/><T80/><D124/><U34/><E69/><V76/><F6/><W46/><G126/><T90/><D107/><U74/><E74/><V75/><F75/><W36/><G135/><T59/><D105/><U115/><E34/><V123/><F123/><W95/><G95/><T16/><D102/><N who="1" m="39531" /><E53/><V127/><F127/><W78/><G78/><T118/><D118/><U13/><E13/><V85/><F73/><W66/><G66/><T37/><D37/><U35/><E35/><V88/><F76/><W11/><G58/><N who="0" m="34887" /><D14/><U70/><E70/><V55/><F42/><AGARI ba="1,0" hai="16,19,42,47,49,54,59,61,80,87,90" m="34887" machi="42" ten="30,5800,0" yaku="8,1,54,2" doraHai="99" who="0" fromWho="2" sc="265,61,235,0,250,-61,250,0" /><INIT seed="0,2,0,1,4,24" ten="326,235,189,250" oya="0" hai0="39,134,55,19,15,109,26,76,64,30,98,10,23" hai1="70,5,101,1,96,79,53,126,81,60,20,37,123" hai2="107,95,111,87,32,69,40,47,84,59,85,74,121" hai3="115,0,86,7,38,11,102,91,105,77,80,48,12"/><T116/><D116/><U114/><E123/><V51/><F69/><W100/><G38/><T82/><D39/><U2/><E126/><V106/><F74/><W83/><G115/><T52/><D134/><U104/><E37/><V78/><F121/><W34/><G34/><T56/><D109/><U33/><E20/><V108/><F32/><W97/><G100/><T112/><D112/><U9/><E53/><V110/><F59/><W31/><G48/><T28/><D98/><U49/><E49/><V18/><F18/><W54/><G54/><T117/><D117/><U46/><E46/><V4/><F4/><W29/><REACH who="3" step="1"/><G0/><REACH who="3" ten="326,235,189,240" step="2"/><T99/><D99/><U135/><E114/><V128/><F128/><W16/><G16/><N who="0" m="8311" /><D64/><U67/><E135/><V35/><F35/><W21/><G21/><T68/><D68/><U71/><E33/><V130/><F130/><W27/><G27/><T133/><D133/><U124/><E124/><V89/><REACH who="2" step="1"/><F78/><REACH who="2" ten="326,235,179,240" step="2"/><W22/><G22/><T50/><D55/><U42/><E71/><V63/><F63/><W3/><G3/><T43/><D43/><U93/><E1/><V72/><F72/><AGARI ba="2,2" hai="7,11,12,29,31,72,77,80,83,86,91,97,102,105" machi="72" ten="30,7700,0" yaku="1,1,7,1,52,2,53,0" doraHai="24" doraHaiUra="125" who="3" fromWho="2" sc="326,0,235,0,179,-83,240,103" /><INIT seed="1,0,0,4,5,92" ten="326,235,96,343" oya="1" hai0="110,85,4,61,76,132,88,39,9,72,51,33,98" hai1="28,31,59,24,15,73,84,47,104,77,58,125,82" hai2="40,21,122,127,71,79,74,134,42,124,116,70,48" hai3="69,63,131,12,80,55,100,120,20,66,7,34,78"/><U38/><E125/><N who="2" m="48203" /><F21/><W17/><G34/><T67/><D39/><U105/><E31/><V1/><F1/><W95/><G120/><T44/><D33/><U22/><E73/><V115/><F79/><W128/><G7/><T27/><D132/><U26/><E26/><V119/><F74/><W121/><G121/><T129/><D129/><N who="3" m="49737" /><G55/><T25/><D72/><U30/><E30/><V45/><F122/><W81/><G78/><T113/><D113/><U114/><E114/><V133/><F42/><W109/><G109/><T50/><D110/><U118/><E118/><N who="2" m="45099" /><F115/><W86/><G86/><T99/><D76/><U57/><REACH who="1" step="1"/><E15/><REACH who="1" ten="326,225,96,343" step="2"/><V29/><F29/><W135/><G135/><AGARI ba="0,1" hai="40,45,48,70,71,133,134,135" m="45099,48203" machi="135" ten="40,8000,1" yaku="20,1,18,1,34,2" doraHai="92" who="2" fromWho="3" sc="326,0,225,0,96,90,343,-80" /><INIT seed="2,0,0,5,1,4" ten="326,225,186,263" oya="2" hai0="25,100,39,11,125,76,90,53,29,10,108,65,118" hai1="114,46,40,122,98,41,31,93,105,107,2,12,87" hai2="95,83,134,109,55,126,54,85,111,42,106,135,75" hai3="32,49,71,28,80,34,1,43,22,19,27,92,57"/><V110/><F106/><W131/><G71/><T21/><D118/><U82/><E114/><V20/><F126/><W16/><G131/><T14/><D39/><U37/><E2/><V84/><F42/><W121/><G1/><T62/><D125/><U124/><E122/><V18/><F75/><W17/><G121/><T101/><D108/><U48/><E31/><V129/><F129/><W79/><G92/><T73/><D73/><U130/><E130/><V119/><F119/><W97/><G97/><T113/><D113/><U104/><E124/><V133/><F95/><W94/><G94/><T61/><D76/><U38/><E12/><N who="2" m="9287" /><F85/><W116/><G116/><T33/><D90/><AGARI ba="0,0" hai="54,55,83,84,90,109,110,111,133,134,135" m="9287" machi="90" ten="40,7700,0" yaku="14,1,10,1,20,1" doraHai="4" who="2" fromWho="0" sc="326,-77,225,0,186,77,263,0" /><INIT seed="2,1,0,2,1,109" ten="249,225,263,263" oya="2" hai0="89,28,16,92,65,73,29,4,64,96,12,32,94" hai1="119,53,49,1,50,8,102,71,59,11,85,38,114" hai2="62,77,68,82,104,23,14,66,48,44,113,100,93" hai3="43,81,36,87,116,45,76,107,135,132,51,80,20"/><V124/><F104/><W99/><G116/><T84/><D73/><U25/><E71/><V105/><F105/><W110/><G110/><T5/><D32/><U127/><E38/><V75/><F124/><W58/><G81/><T26/><D4/><U46/><E127/><V129/><F129/><W0/><G0/><T101/><D5/><U54/><E119/><V108/><F108/><W98/><G20/><T126/><D126/><U74/><E74/><V47/><F113/><W123/><G123/><T57/><D26/><U112/><E102/><V30/><F48/><W52/><REACH who="3" step="1"/><G107/><REACH who="3" ten="249,225,263,253" step="2"/><T18/><D65/><U115/><E1/><V42/><F23/><W91/><G91/><T41/><D41/><U88/><REACH who="1" step="1"/><E25/><REACH who="1" ten="249,215,263,253" step="2"/><V7/><F100/><W133/><AGARI ba="1,2" hai="36,43,45,51,52,58,76,80,87,98,99,132,133,135" machi="133" ten="30,7900,0" yaku="1,1,0,1,20,1,54,1,53,0" doraHai="109" doraHaiUra="6" who="3" fromWho="3" sc="249,-21,215,-21,263,-40,253,102" /><INIT seed="3,0,0,4,0,125" ten="228,194,223,355" oya="3" hai0="63,57,12,89,0,119,131,10,5,17,59,124,29" hai1="28,54,23,114,6,50,109,20,74,127,72,21,9" hai2="69,30,113,78,38,65,116,32,73,43,40,19,39" hai3="88,100,95,46,84,98,18,27,76,75,130,24,133"/><W96/><G130/><T126/><D119/><U52/><E127/><N who="0" m="48681" /><D89/><U80/><E114/><V94/><F19/><W31/><G133/><T111/><D59/><U61/><E109/><V8/><F94/><W118/><G118/><T93/><D93/><U91/><E61/><N who="2" m="40111" /><F116/><W105/><G46/><T67/><D111/><U122/><E122/><V108/><F108/><W55/><G55/><T97/><D97/><U107/><E107/><V71/><F113/><W33/><G96/><T132/><D132/><U26/><E54/><V16/><F16/><W117/><G117/><T25/><D67/><U112/><E112/><V14/><F14/><W99/><G99/><T68/><D68/><U77/><E74/><V36/><F43/><W87/><G87/><T35/><D57/><U7/><E91/><V106/><F8/><W81/><G18/><T15/><D63/><U90/><E90/><V11/><F11/><W37/><G27/><T41/><D41/><U115/><E115/><V47/><F71/><W4/><G4/><T110/><D110/><U66/><E66/><V120/><F106/><W3/><G37/><T134/><D134/><U135/><E135/><V49/><F49/><W64/><G64/><T53/><D53/><U51/><E51/><V34/><F120/><W123/><G123/><T60/><D60/><U92/><E92/><V128/><F39/><W101/><G101/><T70/><D70/><U83/><E83/><N who="2" m="45519" /><F36/><W103/><G103/><T85/><D85/><U129/><E129/><V121/><F128/><W42/><G42/><T104/><D131/><U86/><E72/><RYUUKYOKU ba="0,0" sc="228,-10,194,-10,223,-10,355,30" hai3="3,24,31,33,75,76,81,84,88,95,98,100,105" owari="218,2.0,184,-32.0,213,-19.0,385,49.0" /></mjloggm>