<mjloggm ver="2.3"><GO type="41" lobby="0"/><UN n0="%E5%B0%B1%E6%B4%BB%E7%94%9F%40%E5%B7%9D%E6%9D%91%E8%BB%8D%E5%9B%A3" n1="%E6%9C%A8%E6%9D%91%E6%8B%93%E5%93%89" n2="%45%6C%67%69%6E%31%32%33" n3="%6C%65%6E%67%65" dan="14,14,15,13" rate="1950.58,1917.13,2052.24,1890.88" sx="M,M,M,F"/><TAIKYOKU oya="0"/><INIT seed="0,0,0,4,2,73" ten="250,250,250,250" oya="0" hai0="119,39,52,35,100,4,8,46,44,120,74,90,131" hai1="92,42,116,34,85,121,106,117,89,129,62,111,68" hai2="1,104,93,115,50,27,53,45,78,126,112,2,51" hai3="25,103,107,33,19,20,54,102,125,57,71,70,40"/><T13/><D120/><U21/><E121/><V43/><F104/><W91/><G125/><T64/><D119/><U109/><E34/><V105/><F105/><W37/><G107/><T63/><D74/><U72/><E42/><V6/><F126/><W98/><G71/><T7/><D35/><U9/><E72/><V29/><F115/><W11/><G70/><T101/><D131/><U84/><E106/><V79/><F112/><W132/><G132/><T75/><D75/><U32/><E32/><V17/><F17/><W118/><G118/><N who="1" m="45674" /><E9/><V10/><F93/><W108/><G108/><N who="1" m="41546" /><E21/><V61/><F61/><W31/><G11/><T77/><D4/><U55/><E129/><V59/><REACH who="2" step="1"/><F1/><REACH who="2" ten="250,250,240,250" step="2"/><W130/><G130/><T16/><D7/><U23/><E62/><V97/><F97/><W15/><G98/><T113/><D63/><U86/><E92/><V58/><F58/><W80/><G57/><T128/><D128/><U83/><E68/><V65/><F65/><W14/><G19/><T22/><D64/><U66/><E66/><V36/><F36/><W30/><G37/><T28/><D113/><U26/><E83/><V48/><F48/><W123/><G80/><T135/><D39/><U67/><E67/><V88/><F88/><W69/><G91/><T76/><D90/><U49/><E89/><V41/><F41/><W82/><G69/><T56/><D135/><U81/><E81/><V38/><F38/><W47/><G82/><T94/><D94/><U5/><E49/><V99/><F99/><W87/><G40/><T96/><D96/><U124/><E124/><RYUUKYOKU ba="0,1" sc="250,-10,250,-10,240,30,250,-10" hai2="2,6,10,27,29,43,45,50,51,53,59,78,79" /><INIT seed="1,1,1,3,0,124" ten="240,240,270,240" oya="1" hai0="73,52,131,119,122,68,135,54,40,99,115,132,44" hai1="94,82,6,30,93,67,69,107,133,105,21,3,127" hai2="96,100,128,42,77,66,0,113,106,16,29,22,38" hai3="25,53,79,35,36,117,18,125,4,37,92,74,51"/><U70/><E127/><V110/><F113/><W61/><G125/><T116/><D73/><U88/><E133/><N who="0" m="51273" /><D99/><U63/><E70/><V14/><F0/><W101/><G117/><N who="0" m="45131" /><D115/><U91/><E82/><V49/><F38/><W65/><G79/><T76/><D76/><U11/><E21/><V50/><F110/><W108/><G4/><T75/><D75/><U81/><E30/><V13/><F77/><W45/><G108/><T2/><D2/><U56/><E81/><V112/><F112/><W1/><G1/><T72/><D72/><U27/><E27/><V104/><F104/><W20/><G74/><T34/><D34/><U43/><E43/><V62/><F13/><W103/><G35/><T111/><D111/><U84/><REACH who="1" step="1"/><E69/><REACH who="1" ten="240,230,270,240" step="2"/><V57/><F42/><W31/><G31/><T24/><D24/><U55/><E55/><N who="0" m="21033" /><D68/><U19/><E19/><V102/><F29/><W83/><G25/><T7/><D7/><U89/><E89/><V12/><F12/><W97/><G20/><T86/><D86/><AGARI ba="1,2" hai="3,6,11,56,63,67,84,86,88,91,93,94,105,107" machi="86" ten="30,11600,0" yaku="1,1,7,1,9,1,54,1,53,0" doraHai="124" doraHaiUra="15" who="1" fromWho="0" sc="240,-119,230,139,270,0,240,0" /><INIT seed="1,2,0,3,2,20" ten="121,369,270,240" oya="1" hai0="90,14,40,108,39,128,37,129,79,127,85,135,55" hai1="95,101,11,97,54,13,77,56,58,63,113,83,69" hai2="43,31,46,82,96,104,60,120,92,35,33,34,0" hai3="25,122,49,126,48,16,88,117,42,116,9,110,41"/><U44/><E113/><V15/><F0/><W18/><G122/><T123/><D123/><U67/><E44/><V29/><F120/><W22/><G110/><T38/><D108/><U76/><E54/><V65/><F104/><W28/><G126/><T119/><D119/><N who="3" m="45641" /><G9/><T19/><D127/><U100/><E77/><V72/><F15/><W94/><G41/><T124/><D124/><U45/><E45/><V8/><F8/><W84/><G42/><T66/><D79/><U1/><E101/><V51/><F72/><W102/><G102/><T71/><D135/><U27/><E27/><V10/><F10/><W6/><G6/><T26/><D40/><U17/><REACH who="1" step="1"/><E1/><REACH who="1" ten="121,359,270,240" step="2"/><V52/><F43/><W4/><G4/><T32/><D55/><U87/><AGARI ba="2,1" hai="11,13,17,56,58,63,67,69,76,83,87,95,97,100" machi="87" ten="20,7800,0" yaku="1,1,2,1,0,1,7,1,53,0" doraHai="20" doraHaiUra="50" who="1" fromWho="1" sc="121,-28,359,94,270,-28,240,-28" /><INIT seed="1,3,0,5,4,24" ten="93,453,242,212" oya="1" hai0="63,134,56,18,23,45,58,130,30,86,37,99,48" hai1="12,57,62,55,80,127,75,34,100,9,122,71,65" hai2="101,15,90,46,132,72,128,95,83,59,69,82,124" hai3="32,38,105,22,21,109,0,96,118,49,123,103,25"/><U84/><E122/><V129/><F69/><W135/><G123/><T108/><D108/><U97/><E127/><V36/><F36/><W115/><G115/><T98/><D130/><N who="2" m="50282" /><F59/><W20/><G38/><T133/><D37/><U40/><E40/><V126/><F46/><W42/><G0/><T13/><D86/><U89/><E34/><V116/><F15/><W117/><G109/><T79/><D79/><U110/><E110/><V78/><F116/><N who="3" m="44651" /><G135/><N who="0" m="51723" /><D30/><U2/><E75/><V93/><F132/><W26/><G32/><T111/><D111/><U125/><E2/><V67/><F67/><W39/><G39/><T43/><D58/><U6/><E125/><N who="2" m="48235" /><F101/><W31/><G26/><T76/><D76/><U41/><E41/><V73/><F73/><W104/><G105/><T35/><D35/><U52/><REACH who="1" step="1"/><E71/><REACH who="1" ten="93,443,242,212" step="2"/><V87/><AGARI ba="3,1" hai="72,78,82,83,87,90,93,95" m="48235,50282" machi="87" ten="40,8000,1" yaku="19,1,18,1,34,2" doraHai="24" who="2" fromWho="2" sc="93,-23,443,-43,242,99,212,-23" /><INIT seed="2,0,0,0,1,56" ten="70,400,341,189" oya="2" hai0="119,86,5,53,135,44,48,4,1,58,122,15,116" hai1="128,10,98,6,36,22,113,13,3,72,2,62,129" hai2="85,43,117,80,114,95,93,47,125,25,54,40,16" hai3="71,65,111,88,102,105,126,75,92,0,101,42,124"/><V18/><F117/><W64/><G75/><T28/><D1/><N who="1" m="11" /><E36/><V131/><F114/><W66/><G0/><T20/><D122/><U12/><E72/><V91/><F125/><N who="3" m="48235" /><G111/><T30/><D135/><U52/><E98/><V70/><F70/><W45/><G105/><T39/><D39/><U50/><E113/><V97/><F95/><W68/><G102/><T29/><D119/><U32/><E32/><V87/><F87/><N who="3" m="52255" /><G101/><T24/><D116/><U73/><E73/><V31/><F131/><N who="1" m="50249" /><E22/><N who="2" m="15799" /><F54/><W11/><G11/><T110/><D110/><U38/><E38/><AGARI ba="0,0" hai="38,42,45,64,65,66,68,71" m="52255,48235" machi="38" ten="30,2000,0" yaku="18,1,54,1" doraHai="56" who="3" fromWho="1" sc="70,0,400,-20,341,0,189,20" /><INIT seed="3,0,0,5,1,91" ten="70,380,341,209" oya="3" hai0="132,8,12,75,70,134,71,15,25,13,46,29,47" hai1="92,122,41,6,81,69,115,0,27,68,3,62,96" hai2="38,104,35,131,7,32,50,14,5,59,77,107,4" hai3="51,79,125,121,105,129,33,87,26,44,120,37,100"/><W126/><G37/><T118/><D75/><U98/><E122/><V130/><F38/><W36/><G36/><T88/><D118/><U89/><E115/><V34/><F77/><W43/><G129/><T84/><D8/><U133/><E133/><V40/><F14/><W58/><G58/><T124/><D124/><N who="3" m="47721" /><G100/><T83/><D71/><U57/><E41/><V55/><REACH who="2" step="1"/><F40/><REACH who="2" ten="70,380,331,209" step="2"/><W2/><G121/><T52/><D70/><U86/><E0/><V67/><F67/><W113/><G120/><T45/><REACH who="0" step="1"/><D52/><REACH who="0" ten="60,380,331,209" step="2"/><U56/><E69/><V21/><F21/><AGARI ba="0,2" hai="12,13,15,21,25,29,45,46,47,83,84,88,132,134" machi="21" ten="40,5200,0" yaku="1,1,2,1,54,1,53,0" doraHai="91" doraHaiUra="74" who="0" fromWho="2" sc="60,72,380,0,331,-52,209,0" /><INIT seed="4,0,0,3,1,107" ten="132,380,279,209" oya="0" hai0="80,83,27,22,62,39,55,11,81,93,113,45,61" hai1="25,43,75,58,15,46,95,40,60,52,20,4,123" hai2="88,118,65,97,28,127,87,98,13,34,71,133,5" hai3="73,129,21,126,99,49,91,114,122,74,57,6,82"/><T9/><D113/><U70/><E123/><V76/><F76/><W101/><G114/><T103/><D39/><U89/><E70/><V14/><F133/><W111/><G111/><T63/><D45/><U29/><E46/><V69/><F127/><W106/><G126/><T79/><D79/><U92/><E75/><V3/><F3/><W26/><G6/><T135/><D135/><U105/><E105/><V119/><F5/><W16/><G122/><T24/><D55/><U19/><E4/><V2/><F2/><W134/><G134/><T100/><D93/><U77/><E77/><V53/><F53/><W36/><G36/><T120/><D120/><U128/><E128/><V96/><F71/><W18/><G18/><T131/><D131/><U90/><E90/><V48/><F48/><W130/><G129/><T17/><REACH who="0" step="1"/><D27/><REACH who="0" ten="122,380,279,209" step="2"/><U72/><E95/><N who="2" m="54687" /><F65/><W56/><G130/><T124/><D124/><U31/><E92/><V33/><F69/><W115/><G115/><T132/><D132/><U67/><E67/><V94/><F94/><W59/><REACH who="3" step="1"/><G49/><REACH who="3" ten="122,380,279,199" step="2"/><T12/><D12/><N who="1" m="9319" /><E31/><V7/><F7/><W110/><G110/><T23/><D23/><N who="1" m="15551" /><E15/><N who="2" m="5643" /><F28/><W42/><G42/><T102/><AGARI ba="0,2" hai="9,11,17,22,24,61,62,63,80,81,83,100,102,103" machi="102" ten="40,12000,1" yaku="1,1,0,1,29,2,8,1,53,0" doraHai="107" doraHaiUra="108" who="0" fromWho="0" sc="122,140,380,-40,279,-40,199,-40" /><INIT seed="4,1,0,4,1,82" ten="262,340,239,159" oya="0" hai0="72,42,15,113,79,90,133,62,1,71,24,61,108" hai1="44,77,84,120,66,126,112,36,69,10,9,17,20" hai2="83,95,125,104,135,46,27,4,7,109,117,116,6" hai3="16,130,73,134,92,86,123,88,26,23,59,29,124"/><T40/><D1/><U103/><E120/><V2/><F104/><W68/><G68/><T127/><D72/><U11/><E126/><V100/><F125/><W8/><G124/><T21/><D127/><U110/><E110/><V131/><F109/><W41/><G73/><T118/><D79/><U94/><E112/><V12/><F2/><W96/><G123/><T58/><D108/><U19/><E69/><V39/><F131/><W76/><G130/><T85/><D113/><U129/><E129/><V81/><F135/><W74/><G74/><T28/><D133/><U0/><E0/><V53/><F27/><W18/><G134/><T111/><D111/><U132/><E66/><V119/><F12/><N who="3" m="7175" /><G29/><T30/><D118/><U31/><E132/><V34/><F34/><W87/><G41/><N who="0" m="15979" /><D71/><U107/><E44/><V14/><F39/><W22/><G23/><T5/><D30/><U101/><E36/><V89/><F100/><N who="1" m="38473" /><E107/><V114/><F114/><W51/><G76/><T128/><D128/><U33/><E33/><V50/><REACH who="2" step="1"/><F14/><REACH who="2" ten="262,340,229,159" step="2"/><W63/><G51/><T13/><D5/><U48/><E31/><V52/><F52/><AGARI ba="1,1" hai="18,22,26,52,59,63,86,87,88,92,96" m="7175" machi="52" ten="30,12000,2" yaku="25,1,8,1,52,2,54,3" doraHai="82" who="3" fromWho="2" sc="262,0,340,0,229,-123,159,133" /><INIT seed="5,0,0,4,5,29" ten="262,340,106,292" oya="1" hai0="36,60,56,21,7,114,51,44,93,71,1,81,16" hai1="6,128,108,100,102,86,92,99,124,105,28,22,26" hai2="76,68,57,97,5,79,67,116,27,39,127,98,75" hai3="106,80,130,134,58,87,85,20,125,103,53,70,129"/><U50/><E128/><N who="3" m="49258" /><G70/><T115/><D71/><U17/><E124/><V84/><F127/><W135/><G125/><T10/><D36/><U121/><E121/><V13/><F116/><W23/><G106/><T126/><D126/><U110/><E6/><V38/><F75/><W74/><G103/><T35/><D35/><U14/><E86/><N who="3" m="32778" /><G74/><T3/><D3/><U31/><E50/><V18/><F68/><W107/><G107/><T65/><D93/><U63/><E63/><V101/><F97/><W48/><G80/><T66/><D66/><U120/><E120/><V2/><F84/><W55/><G53/><T109/><D109/><N who="1" m="42091" /><E105/><V59/><F59/><W32/><G32/><T132/><D81/><U46/><E46/><V117/><F117/><W61/><G48/><T12/><REACH who="0" step="1"/><D132/><AGARI ba="0,0" hai="20,23,55,58,61,132,134,135" m="32778,49258" machi="132" ten="30,2000,0" yaku="20,1,19,1" doraHai="29" who="3" fromWho="0" sc="262,-20,340,0,106,0,292,20" /><INIT seed="6,0,0,4,2,26" ten="242,340,106,312" oya="2" hai0="65,40,119,18,109,129,98,74,106,96,89,51,73" hai1="94,22,88,29,130,2,67,25,79,38,84,102,50" hai2="28,115,60,90,62,52,30,6,24,0,64,4,134" hai3="42,1,86,123,99,12,78,110,14,54,93,56,55"/><V36/><F36/><W37/><G1/><T3/><D109/><U112/><E2/><V68/><F134/><W77/><G110/><T97/><D3/><U105/><E38/><V107/><F107/><W87/><G123/><T103/><D129/><U48/><E130/><V114/><F24/><W17/><G42/><T71/><D119/><U19/><E112/><N who="2" m="43051" /><F90/><N who="3" m="55735" /><G37/><T111/><D111/><U72/><E67/><V135/><F135/><W95/><G95/><T23/><D71/><U118/><E19/><V113/><N who="2" m="43059" /><V85/><DORA hai="108" /><F85/><N who="3" m="32267" /><G14/><T31/><D65/><U122/><E122/><V120/><F120/><W46/><G46/><T128/><D31/><N who="2" m="11818" /><F0/><W49/><G55/><T34/><D34/><U132/><E132/><V92/><F92/><W39/><G39/><T80/><D89/><U21/><E118/><V101/><F101/><W35/><G35/><T45/><D128/><U15/><E105/><V43/><F43/><W53/><G54/><T121/><D121/><U124/><E102/><V66/><F52/><W126/><G126/><T76/><D74/><U61/><E72/><V125/><F125/><W131/><G131/><T81/><D81/><U32/><E124/><V20/><F20/><AGARI ba="0,0" hai="12,17,20,49,53,56,77,78" m="32267,55735" machi="20" ten="30,1000,0" yaku="8,1" doraHai="26,108" who="3" fromWho="2" sc="242,0,340,0,106,-10,312,10" /><INIT seed="7,0,0,5,2,96" ten="242,340,96,322" oya="3" hai0="115,8,91,49,98,80,66,73,10,118,14,92,17" hai1="131,3,103,102,4,68,32,79,15,50,117,30,55" hai2="46,52,24,75,133,48,43,121,72,88,21,120,38" hai3="56,64,125,51,23,58,71,99,101,47,95,44,62"/><W65/><G125/><T128/><D118/><U74/><E68/><V77/><F133/><W84/><G65/><T104/><D128/><U116/><E3/><V59/><F77/><W61/><G84/><T57/><D115/><U19/><E4/><V45/><F45/><W122/><G122/><T113/><D113/><U40/><E40/><V36/><F36/><W89/><G62/><T28/><D28/><U69/><E69/><V67/><F67/><W119/><G119/><N who="1" m="45642" /><E131/><V54/><F54/><N who="3" m="31839" /><G71/><T70/><D70/><U6/><E6/><V35/><F35/><W13/><G101/><N who="1" m="38410" /><E79/><V78/><F78/><W0/><G0/><T83/><D104/><U25/><E74/><V106/><F106/><W11/><G23/><T7/><D73/><U42/><E42/><V97/><F121/><W76/><G76/><T100/><D91/><U86/><E86/><V112/><F112/><W5/><AGARI ba="0,0" hai="5,11,13,44,47,58,61,64,89,95,99" m="31839" machi="5" ten="30,1500,0" yaku="8,1" doraHai="96" who="3" fromWho="3" sc="242,-5,340,-5,96,-5,322,15" owari="237,-16.0,335,14.0,91,-41.0,337,43.0" /></mjloggm>