<mjloggm ver="2.3"><GO type="225" lobby="0"/><UN n0="%E3%83%88%E3%83%88%E3%83%AA%E5%85%88%E7%94%9F%31%39%E6%AD%B3" n1="%E3%81%9F%E3%81%8C%E3%82%84%E3%81%99" n2="%E4%BF%BA%E3%81%A8%E5%A6%96%E5%A4%A2" n3="%EF%BC%AB%EF%BC%92" dan="17,16,16,16" rate="2173.65,2127.68,2104.38,2063.46" sx="F,M,F,M"/><TAIKYOKU oya="0"/><INIT seed="0,0,0,4,4,65" ten="250,250,250,250" oya="0" hai0="64,0,112,52,111,17,84,82,90,13,131,32,55" hai1="106,24,119,47,18,15,110,126,85,60,94,101,79" hai2="57,92,40,133,6,25,69,129,86,77,48,93,124" hai3="127,134,62,96,29,58,49,50,63,11,26,43,23"/><T67/><D112/><U4/><E106/><V107/><F107/><W28/><G134/><T81/><D0/><U95/><E119/><V27/><F133/><W5/><G127/><T66/><D32/><U44/><E126/><V53/><F124/><W42/><G29/><T34/><D34/><U51/><E110/><V36/><F129/><W114/><G114/><T121/><D121/><U78/><E60/><V83/><F6/><W12/><G63/><T8/><D8/><BYE who="0" /><U71/><E24/><V88/><F69/><W19/><G96/><T76/><D76/><U108/><E4/><V104/><F104/><W3/><G43/><UN n0="%E3%83%88%E3%83%88%E3%83%AA%E5%85%88%E7%94%9F%31%39%E6%AD%B3" /><T118/><D118/><U20/><E108/><V72/><REACH who="2" step="1"/><F93/><REACH who="2" ten="250,250,240,250" step="2"/><W109/><G109/><T75/><D131/><U22/><E71/><V14/><F14/><W130/><G130/><T9/><D111/><U7/><E7/><V120/><F120/><W74/><G42/><T102/><D75/><U87/><E15/><V73/><F73/><W61/><G74/><T54/><D102/><U33/><E101/><V10/><F10/><W30/><G3/><T35/><D35/><U97/><E33/><V41/><F41/><W16/><G5/><T117/><D117/><U103/><E103/><V113/><F113/><W99/><G11/><T122/><D122/><U46/><E94/><AGARI ba="0,1" hai="9,13,17,52,54,55,64,66,67,81,82,84,90,94" machi="94" ten="40,3900,0" yaku="8,1,54,1" doraHai="65" who="0" fromWho="1" sc="250,49,250,-39,240,0,250,0" /><INIT seed="0,1,0,5,3,122" ten="299,211,240,250" oya="0" hai0="77,60,75,43,0,36,72,38,106,71,108,54,87" hai1="21,45,102,25,110,69,121,34,135,82,68,92,28" hai2="124,98,20,11,5,79,55,117,41,126,120,66,27" hai3="16,78,114,65,133,93,4,50,104,52,10,101,57"/><T17/><D106/><U53/><E82/><V100/><F120/><W109/><G114/><T80/><D0/><U47/><E121/><V76/><F117/><W49/><G104/><T67/><D108/><U103/><E34/><V64/><F41/><W94/><G109/><T107/><D107/><U22/><E135/><V31/><F55/><W24/><G133/><T73/><D43/><U128/><E128/><V85/><F66/><W37/><G37/><T32/><D32/><U56/><E68/><V35/><F64/><W46/><G78/><T42/><D42/><U131/><E69/><V91/><F35/><W48/><G65/><T12/><REACH who="0" step="1"/><D54/><REACH who="0" ten="289,211,240,250" step="2"/><U111/><E131/><V118/><F118/><W113/><G113/><T13/><D13/><U58/><E53/><V19/><F126/><W18/><G24/><T62/><D62/><U1/><E25/><V23/><F124/><W7/><G46/><T3/><D3/><U134/><E1/><V125/><F125/><W95/><G101/><T129/><D129/><U83/><E134/><V40/><F40/><W127/><G127/><T9/><AGARI ba="1,1" hai="9,12,17,36,38,60,67,71,72,73,75,77,80,87" machi="9" ten="30,3000,0" yaku="1,1,0,1,53,0" doraHai="122" doraHaiUra="2" who="0" fromWho="0" sc="289,43,211,-11,240,-11,250,-11" /><INIT seed="0,2,0,0,2,24" ten="332,200,229,239" oya="0" hai0="64,60,12,66,6,111,108,29,13,26,99,128,70" hai1="74,3,62,126,21,48,0,78,36,117,67,81,102" hai2="37,123,59,39,28,42,127,107,61,32,33,23,103" hai3="51,109,7,14,56,110,47,69,114,16,55,58,94"/><T82/><D128/><U79/><E36/><V45/><F123/><W11/><G69/><T93/><D66/><U22/><E102/><V84/><F37/><W52/><G114/><T85/><D93/><U100/><E100/><V105/><F127/><W80/><G94/><T2/><D2/><U17/><E117/><V131/><F131/><W18/><G80/><T95/><D95/><U53/><E78/><V68/><F68/><W113/><G113/><T65/><D65/><U88/><E22/><V19/><F84/><W90/><G90/><N who="0" m="51511" /><D6/><U133/><E126/><V54/><F103/><W86/><G86/><T112/><D99/><U101/><E88/><V135/><F135/><W63/><REACH who="3" step="1"/><G58/><REACH who="3" ten="332,200,229,229" step="2"/><N who="0" m="36887" /><D112/><U41/><E101/><V44/><F107/><W106/><G106/><T122/><D70/><U34/><E133/><V124/><F105/><W89/><G89/><T25/><D122/><U8/><E34/><V10/><F124/><W27/><G27/><T76/><D25/><U129/><E129/><V130/><F130/><W73/><G73/><T121/><D76/><U119/><E119/><V40/><F33/><W104/><G104/><T30/><D121/><U15/><E41/><V20/><F40/><W97/><G97/><T1/><D26/><U92/><E92/><V35/><F35/><W50/><G50/><T120/><D120/><U132/><E132/><V4/><F32/><W49/><G49/><T72/><D72/><U83/><E74/><V5/><F42/><W71/><G71/><T38/><D38/><U77/><E77/><V125/><F39/><W57/><G57/><RYUUKYOKU ba="2,1" sc="332,-10,200,-10,229,-10,229,30" hai3="7,11,14,16,18,47,51,52,55,56,63,109,110" /><INIT seed="1,3,1,2,1,24" ten="322,190,219,259" oya="1" hai0="62,7,115,67,125,79,5,48,84,36,106,96,92" hai1="110,30,50,6,40,29,107,82,13,117,91,12,37" hai2="74,16,9,81,112,65,23,95,64,2,99,102,77" hai3="87,38,58,103,108,133,118,0,49,1,66,122,41"/><U46/><E107/><V80/><F112/><W68/><G122/><T4/><D115/><U127/><E117/><V90/><F9/><W75/><G108/><T111/><D36/><U88/><E37/><V134/><F2/><W35/><G75/><T42/><D111/><U86/><E110/><V93/><F80/><W51/><G51/><T98/><D125/><U119/><E119/><V47/><F47/><W59/><G59/><N who="0" m="37343" /><D106/><U116/><E127/><V128/><F128/><W97/><G87/><T124/><D124/><U15/><E116/><V27/><REACH who="2" step="1"/><F134/><REACH who="2" ten="322,190,209,259" step="2"/><W39/><G133/><T14/><D5/><U31/><E91/><V101/><F101/><W120/><G1/><T83/><D4/><AGARI ba="3,2" hai="4,6,12,13,15,29,30,31,40,46,50,82,86,88" machi="4" ten="40,12000,1" yaku="8,1,52,3,54,1" doraHai="24" who="1" fromWho="0" sc="322,-129,190,149,209,0,259,0" /><INIT seed="1,4,0,1,3,74" ten="193,339,209,259" oya="1" hai0="73,108,45,68,81,76,93,50,106,26,112,24,43" hai1="99,87,16,7,8,117,6,5,122,134,129,14,61" hai2="52,118,60,131,132,3,83,19,35,82,44,11,71" hai3="10,4,9,21,107,63,128,98,38,100,41,65,113"/><U29/><E61/><V135/><F118/><W110/><G110/><T59/><D112/><U114/><E117/><V80/><F35/><W67/><G128/><T127/><D106/><U39/><E39/><V116/><F116/><W53/><G113/><T23/><D68/><U64/><E114/><V133/><F131/><W91/><G41/><T92/><D108/><U97/><E64/><V33/><F33/><W49/><G38/><T109/><D109/><U90/><E122/><V30/><F30/><W40/><G40/><T86/><D127/><U55/><E129/><V15/><F3/><W58/><G4/><T78/><D26/><U111/><E134/><V102/><F102/><W89/><G67/><T12/><D12/><U46/><E29/><V62/><REACH who="2" step="1"/><F71/><REACH who="2" ten="193,339,199,259" step="2"/><W79/><G100/><T0/><D0/><U70/><E70/><V34/><F34/><W72/><G107/><T75/><D75/><U115/><E115/><V51/><AGARI ba="4,1" hai="11,15,19,44,51,52,60,62,80,82,83,132,133,135" machi="51" ten="40,8000,1" yaku="1,1,0,1,20,1,54,1,53,0" doraHai="74" doraHaiUra="28" who="2" fromWho="2" sc="193,-24,339,-44,199,102,259,-24" /><INIT seed="2,0,0,3,0,46" ten="169,295,301,235" oya="2" hai0="52,26,59,75,101,5,63,37,25,112,123,115,43" hai1="111,118,3,0,45,121,31,55,129,40,133,120,32" hai2="97,134,130,86,18,89,51,85,87,11,98,44,48" hai3="33,13,38,24,94,104,114,66,135,17,125,131,71"/><V72/><F72/><W93/><G38/><T60/><D75/><U113/><E55/><V65/><F134/><W35/><G125/><T41/><D101/><U9/><E133/><V39/><F130/><W67/><G135/><T7/><D37/><U22/><E129/><V99/><F65/><W62/><G131/><T47/><D47/><U128/><E128/><V4/><F18/><W126/><G126/><T117/><D117/><U73/><E73/><V50/><F39/><W68/><G104/><T77/><D77/><U54/><E54/><N who="2" m="29959" /><F89/><W92/><G114/><T108/><D52/><U105/><E105/><V29/><F29/><W16/><G24/><T110/><REACH who="0" step="1"/><D123/><REACH who="0" ten="159,295,301,235" step="2"/><N who="1" m="47179" /><E118/><V90/><F90/><W20/><G17/><T132/><D132/><U23/><E113/><V69/><F69/><W21/><G68/><T116/><D116/><U76/><E76/><V74/><F74/><W49/><G67/><T79/><D79/><U106/><E106/><V103/><F103/><W124/><G124/><T95/><D95/><U57/><E57/><AGARI ba="0,1" hai="5,7,25,26,41,43,57,59,60,63,108,110,112,115" machi="57" ten="25,3200,0" yaku="1,1,22,2,53,0" doraHai="46" doraHaiUra="84" who="0" fromWho="1" sc="159,42,295,-32,301,0,235,0" /><INIT seed="3,0,0,1,2,101" ten="201,263,301,235" oya="3" hai0="123,88,71,59,64,96,85,105,32,119,12,47,31" hai1="80,65,26,125,48,131,62,28,70,38,2,8,100" hai2="61,106,54,120,121,44,102,98,45,94,40,55,11" hai3="57,20,37,118,60,17,25,0,10,63,30,116,92"/><W109/><G37/><T56/><D119/><U90/><E38/><N who="2" m="21527" /><F11/><W68/><G68/><T3/><D123/><N who="2" m="47178" /><F45/><W114/><G114/><T122/><D122/><U82/><E48/><V107/><F61/><W15/><G63/><N who="0" m="40351" /><D12/><U73/><E73/><V43/><F43/><W99/><G109/><T51/><D3/><U35/><E90/><V24/><F24/><W91/><REACH who="3" step="1"/><G0/><REACH who="3" ten="201,263,301,225" step="2"/><T128/><D128/><U66/><E131/><V79/><F79/><W13/><G13/><T53/><D51/><U22/><E66/><AGARI ba="0,1" hai="10,15,17,20,25,30,57,60,66,91,92,99,116,118" machi="66" ten="30,5800,0" yaku="1,1,7,1,53,1" doraHai="101" doraHaiUra="58" who="3" fromWho="1" sc="201,0,263,-58,301,0,225,68" /><INIT seed="3,1,0,4,0,100" ten="201,205,301,293" oya="3" hai0="41,88,15,5,133,68,66,13,94,29,49,73,23" hai1="20,69,12,11,116,89,52,36,86,31,43,7,6" hai2="42,103,118,51,18,123,32,9,132,108,126,85,129" hai3="17,127,19,122,107,39,98,76,22,104,87,75,117"/><W81/><G122/><T40/><D73/><U93/><E69/><V3/><F118/><W125/><G39/><T58/><D68/><U101/><E36/><V44/><F32/><W72/><G117/><T56/><D133/><U131/><E116/><V8/><F132/><W91/><G19/><N who="0" m="10735" /><D29/><U63/><E131/><V99/><F129/><W27/><G98/><N who="0" m="57671" /><D66/><U38/><E38/><V92/><F108/><W67/><G67/><T54/><D56/><N who="1" m="35207" /><E101/><V84/><F126/><N who="3" m="48139" /><G75/><T105/><D105/><U74/><E74/><V111/><F111/><W33/><G33/><T1/><D1/><U71/><E71/><V96/><F96/><W124/><G124/><T113/><D113/><U112/><E112/><V35/><F35/><W48/><G48/><T14/><D5/><N who="1" m="3183" /><E43/><AGARI ba="1,0" hai="14,15,40,41,43,49,54,58" m="57671,10735" machi="43" ten="30,2000,0" yaku="8,1,54,1" doraHai="100" who="0" fromWho="1" sc="201,23,205,-23,301,0,293,0" owari="224,-18.0,182,-32.0,301,41.0,293,9.0" /></mjloggm>