<mjloggm ver="2.3"><GO type="97" lobby="0"/><UN n0="%54%41%4B%32%31" n1="%E5%B0%B1%E6%B4%BB%E7%94%9F%40%E5%B7%9D%E6%9D%91%E8%BB%8D%E5%9B%A3" n2="%E3%82%AA%E3%83%AA%E3%83%B3%E3%83%94%E3%82%B3" n3="%79%6D%68%73%72%77" dan="13,15,14,14" rate="1837.84,1957.57,1955.55,1918.66" sx="M,M,M,M"/><TAIKYOKU oya="0"/><INIT seed="0,0,0,4,3,88" ten="250,250,250,250" oya="0" hai0="72,7,121,79,108,31,123,22,14,65,57,28,115" hai1="8,100,114,128,38,58,29,23,9,116,134,6,4" hai2="36,95,55,12,125,15,46,53,60,101,97,107,20" hai3="127,25,37,39,91,78,50,122,16,113,104,0,120"/><T44/><D115/><U99/><E38/><V33/><F33/><W42/><G113/><T48/><D72/><U75/><E75/><V67/><F125/><W111/><G127/><T126/><D126/><U93/><E116/><V49/><F36/><W70/><G70/><T103/><D79/><U41/><E114/><V118/><F118/><W82/><G104/><T35/><D35/><U51/><E128/><V96/><F55/><W102/><G0/><T18/><D103/><U30/><E134/><V32/><F20/><N who="3" m="13447" /><G102/><T11/><D108/><U84/><E84/><V56/><REACH who="2" step="1"/><F32/><REACH who="2" ten="250,250,240,250" step="2"/><W112/><G111/><T87/><D123/><N who="3" m="47145" /><G112/><T76/><D121/><U81/><E23/><V61/><F61/><W117/><G117/><T124/><D124/><U64/><E64/><V90/><AGARI ba="0,1" hai="12,15,46,49,53,56,60,67,90,95,96,97,101,107" machi="90" ten="20,5200,0" yaku="1,1,0,1,7,1,52,1,53,0" doraHai="88" doraHaiUra="132" who="2" fromWho="2" sc="250,-26,250,-13,240,62,250,-13" /><INIT seed="1,0,0,1,5,38" ten="224,237,302,237" oya="1" hai0="81,77,74,40,20,96,37,52,133,0,61,88,85" hai1="86,12,99,124,114,73,14,94,106,102,68,117,120" hai2="92,31,71,80,110,17,60,3,76,33,64,63,126" hai3="58,44,75,89,57,6,66,93,46,5,16,107,108"/><U127/><E68/><V23/><F3/><W69/><G107/><T7/><D133/><U111/><E117/><V109/><F126/><N who="1" m="48169" /><E120/><V134/><F134/><W48/><G75/><T35/><D35/><U65/><E114/><V54/><F92/><W82/><G82/><T50/><D61/><U13/><E65/><V115/><F115/><W45/><G69/><T47/><D96/><U67/><E67/><V24/><F54/><W22/><G108/><N who="2" m="41577" /><F64/><W105/><G105/><T95/><D20/><U128/><E111/><V97/><F97/><N who="3" m="57519" /><G66/><T98/><D0/><U122/><E122/><V43/><F71/><W26/><G48/><T130/><D130/><U91/><E73/><V41/><F63/><W55/><G55/><T15/><D15/><U100/><E100/><V19/><F60/><W36/><G36/><T2/><D2/><U103/><E103/><V56/><F56/><AGARI ba="0,0" hai="5,6,16,22,26,44,45,46,56,57,58" m="57519" machi="56" ten="30,2000,0" yaku="8,1,54,1" doraHai="38" who="3" fromWho="2" sc="224,0,237,0,302,-20,237,20" /><INIT seed="2,0,0,1,2,35" ten="224,237,282,257" oya="2" hai0="98,131,96,92,32,41,97,42,93,15,83,133,88" hai1="53,36,65,117,130,59,58,106,19,101,125,75,104" hai2="112,3,28,66,107,80,79,90,24,71,129,13,110" hai3="78,12,81,5,72,61,109,56,94,64,46,85,84"/><V103/><F112/><W10/><G109/><T25/><D133/><U87/><E75/><V108/><F129/><W54/><G94/><N who="0" m="56391" /><D32/><U52/><E36/><V68/><F13/><W7/><G7/><T119/><D119/><U11/><E117/><V43/><F43/><N who="0" m="16394" /><D98/><U1/><E130/><V105/><F90/><W74/><G74/><T22/><D131/><U63/><E125/><V82/><F103/><W122/><G122/><T38/><D38/><U23/><E101/><V47/><F47/><W67/><G46/><T27/><D83/><N who="2" m="31786" /><F79/><W127/><G127/><T49/><D49/><U102/><E102/><V29/><F66/><W14/><G72/><T111/><D111/><N who="2" m="42538" /><F3/><W33/><G33/><T9/><D93/><U50/><E87/><V115/><F115/><W128/><G128/><T4/><D22/><U116/><E116/><V95/><F95/><W18/><G85/><T76/><D76/><U21/><E65/><V37/><F37/><W57/><REACH who="3" step="1"/><G56/><REACH who="3" ten="224,237,282,247" step="2"/><T26/><D97/><U30/><E104/><V51/><F107/><W113/><G113/><T118/><D118/><U0/><E106/><V70/><F105/><W40/><G40/><T48/><D92/><U86/><E86/><V132/><F71/><W73/><G73/><T123/><D123/><U89/><E59/><V17/><F70/><W121/><G121/><T134/><D134/><U100/><E58/><V44/><F68/><W20/><AGARI ba="0,1" hai="5,10,12,14,18,20,54,57,61,64,67,78,81,84" machi="20" ten="20,8000,1" yaku="1,1,0,1,7,1,8,1,53,1" doraHai="35" doraHaiUra="16" who="3" fromWho="3" sc="224,-20,237,-20,282,-40,247,90" /><INIT seed="3,0,0,4,2,85" ten="204,217,242,337" oya="3" hai0="102,96,49,125,109,110,12,86,116,127,23,74,72" hai1="98,131,108,126,88,135,40,92,78,111,38,70,61" hai2="17,10,37,103,55,25,69,132,76,80,79,45,34" hai3="67,46,27,28,73,64,21,47,94,35,82,18,16"/><W118/><G118/><T95/><D116/><U29/><E131/><V3/><F69/><W93/><G73/><N who="0" m="28267" /><D49/><U84/><E126/><N who="0" m="48137" /><D12/><U71/><E135/><V41/><F103/><W101/><G82/><T97/><D23/><U7/><E7/><V122/><F122/><W121/><G121/><T31/><D31/><U62/><E29/><V4/><F132/><W53/><G35/><T52/><D52/><U36/><E71/><V30/><F80/><W39/><G39/><N who="1" m="14890" /><E40/><V89/><F55/><W26/><G53/><T58/><D58/><U14/><E14/><V113/><F113/><W134/><G134/><T83/><D97/><U5/><E5/><V24/><F24/><W120/><G120/><T9/><D9/><U19/><E19/><V117/><F17/><W51/><G51/><T91/><AGARI ba="0,0" hai="83,86,91,95,96,102,109,110" m="48137,28267" machi="91" ten="40,8000,1" yaku="18,1,34,2,52,1" doraHai="85" who="0" fromWho="0" sc="204,80,217,-20,242,-20,337,-40" /><INIT seed="4,0,0,3,1,3" ten="284,197,222,297" oya="0" hai0="113,75,87,59,118,91,65,94,120,46,61,88,1" hai1="31,74,111,57,68,129,67,63,97,28,130,27,71" hai2="35,5,104,93,40,99,123,115,25,7,70,6,98" hai3="77,23,8,52,13,79,10,64,84,0,82,95,60"/><T20/><D120/><U125/><E74/><V81/><F123/><W62/><G0/><T85/><D118/><U39/><E39/><V116/><F116/><W51/><G79/><T76/><D1/><U80/><E125/><V132/><F70/><W133/><G133/><T36/><D113/><U89/><E111/><V124/><F115/><W17/><G95/><T101/><D101/><U66/><E66/><V92/><F132/><W126/><G126/><T14/><D75/><U83/><E97/><N who="2" m="36875" /><F104/><W127/><G127/><T41/><D76/><U42/><E42/><V100/><F100/><W29/><G29/><T117/><D117/><U38/><E38/><V96/><N who="2" m="36883" /><V72/><DORA hai="102" /><F124/><W49/><G49/><N who="0" m="26831" /><D14/><U109/><E109/><V26/><F40/><W21/><G8/><T78/><D36/><U2/><E2/><V44/><F72/><W22/><G64/><T128/><D128/><N who="1" m="49259" /><E31/><V114/><F114/><W30/><G30/><T110/><D110/><U37/><E37/><V119/><F119/><W107/><G107/><T24/><D78/><U32/><E89/><N who="0" m="34377" /><D94/><N who="2" m="36458" /><F35/><W43/><G43/><T9/><D9/><U54/><E71/><V55/><F81/><W131/><G131/><T18/><AGARI ba="0,0" hai="18,20,24,59,61,65,85,87" m="34377,26831" machi="18" ten="30,3000,0" yaku="8,1,54,1" doraHai="3,102" who="0" fromWho="0" sc="284,30,197,-10,222,-10,297,-10" owari="314,41.0,187,-31.0,212,-19.0,287,9.0" /></mjloggm>