<mjloggm ver="2.3"><GO type="193" lobby="0"/><UN n0="%E3%82%A2%E3%82%A4%E3%83%8E" n1="%E3%82%88%E3%83%BC%E3%81%90%E3%82%8B%E3%81%A8" n2="%6F%70%69%6E%65" n3="%E3%83%88%E3%83%88%E3%83%AA%E5%85%88%E7%94%9F%31%39%E6%AD%B3" dan="12,12,12,0" rate="1861.95,1752.71,1654.94,1510.89" sx="F,M,M,F"/><TAIKYOKU oya="0"/><INIT seed="0,0,0,1,5,4" ten="250,250,250,250" oya="0" hai0="119,104,83,37,56,25,13,61,50,58,109,47,75" hai1="33,113,7,43,42,59,93,49,41,32,12,127,62" hai2="46,52,129,9,124,133,121,8,98,106,39,72,135" hai3="30,79,5,74,54,94,89,125,110,70,69,91,24"/><T123/><D123/><U66/><E33/><V44/><F121/><W0/><G110/><T78/><D119/><U31/><E32/><V21/><F72/><W86/><G125/><T101/><D37/><U132/><E31/><V23/><F124/><W105/><G105/><T64/><D25/><U81/><E127/><V45/><F39/><W99/><G54/><T36/><D36/><U95/><E132/><N who="2" m="50763" /><F129/><W14/><G0/><T15/><D109/><U68/><E68/><V134/><F134/><W87/><G74/><T17/><D58/><U57/><E113/><V16/><F23/><W10/><G79/><T40/><D104/><U122/><E122/><V2/><F2/><W35/><REACH who="3" step="1"/><G99/><REACH who="3" ten="250,250,250,240" step="2"/><T3/><D3/><U128/><E43/><V115/><F115/><W71/><G71/><T53/><D53/><U11/><E42/><V120/><F120/><W84/><G84/><T38/><D38/><U82/><E41/><V97/><F98/><W103/><G103/><T80/><D101/><U28/><E128/><V76/><F76/><W102/><G102/><T88/><D75/><U96/><E66/><V1/><F1/><W55/><G55/><T51/><D78/><U111/><E111/><V6/><F106/><W65/><G65/><T48/><D64/><U77/><E77/><V19/><F97/><W117/><G117/><T131/><D40/><U130/><E96/><V26/><F52/><W92/><AGARI ba="0,1" hai="5,10,14,24,30,35,69,70,86,87,89,91,92,94" machi="92" ten="20,8000,1" yaku="1,1,0,1,7,1,9,1,52,1,53,0" doraHai="4" doraHaiUra="18" who="3" fromWho="3" sc="250,-40,250,-20,250,-20,240,90" /><INIT seed="1,0,0,5,0,34" ten="210,230,230,330" oya="1" hai0="58,39,121,125,40,35,50,77,129,19,89,75,14" hai1="81,130,57,73,91,119,5,131,124,0,11,38,114" hai2="25,32,63,110,82,61,23,122,126,107,10,90,116" hai3="65,101,36,37,15,21,135,134,26,45,106,104,44"/><U60/><E114/><V46/><F116/><W92/><G65/><T76/><D129/><N who="1" m="49163" /><E119/><V51/><F122/><W66/><G66/><T68/><D125/><U17/><E38/><N who="3" m="14954" /><G15/><T67/><D68/><U72/><E124/><V24/><F110/><W78/><G78/><T2/><D75/><U20/><E81/><V70/><F126/><W83/><G92/><T43/><D2/><U9/><E91/><V8/><F107/><N who="3" m="41003" /><G83/><T55/><D39/><U49/><E49/><V59/><F70/><W128/><G101/><T123/><D35/><U52/><E11/><V53/><F61/><W74/><G74/><T29/><D29/><U115/><E115/><V31/><F90/><W56/><G56/><T22/><D89/><U79/><E79/><V108/><F108/><W105/><G105/><T27/><D67/><U13/><AGARI ba="0,0" hai="0,5,9,13,17,20,52,57,60,72,73" m="49163" machi="13" ten="30,6000,0" yaku="19,1,52,1,54,1" doraHai="34" who="1" fromWho="1" sc="210,-20,230,60,230,-20,330,-20" /><INIT seed="1,1,0,5,5,131" ten="190,290,210,310" oya="1" hai0="54,130,132,68,98,79,83,46,72,88,8,82,41" hai1="33,40,47,1,7,91,34,121,27,6,48,114,85" hai2="45,30,129,89,109,103,95,75,74,61,19,94,23" hai3="117,26,9,0,67,38,127,51,43,44,58,31,133"/><U18/><E114/><V50/><F109/><W115/><G115/><T62/><D130/><U123/><E123/><V20/><F129/><W49/><G127/><T113/><D113/><U84/><E121/><V124/><F124/><W111/><G111/><T110/><D110/><U69/><E69/><V92/><F103/><W11/><G117/><T21/><D132/><U119/><E119/><V39/><F39/><W112/><G133/><T63/><D68/><U86/><E1/><V102/><F75/><W134/><G134/><T14/><D21/><N who="1" m="13751" /><E33/><V60/><F74/><W97/><G112/><T78/><D54/><U128/><E34/><V57/><F102/><W73/><G73/><T71/><D71/><U108/><E108/><V17/><F30/><W101/><G67/><T125/><D125/><U80/><E128/><V52/><F60/><W42/><G58/><T55/><D55/><U37/><E37/><V87/><F23/><W99/><G99/><T5/><D79/><U93/><E80/><V24/><REACH who="2" step="1"/><F19/><REACH who="2" ten="190,290,200,310" step="2"/><W100/><G100/><T120/><D120/><U25/><E25/><V12/><F12/><W28/><G38/><T90/><D72/><U118/><E118/><V116/><F116/><W15/><G0/><T13/><D13/><U16/><E16/><V64/><AGARI ba="1,1" hai="17,20,24,45,50,52,57,61,64,87,89,92,94,95" machi="64" ten="20,12000,2" yaku="1,1,0,1,7,1,8,1,54,1,53,1" doraHai="131" doraHaiUra="56" who="2" fromWho="2" sc="190,-31,290,-61,200,133,310,-31" /><INIT seed="2,0,0,5,0,28" ten="159,229,333,279" oya="2" hai0="81,15,135,76,120,102,72,0,2,131,29,126,47" hai1="53,118,77,57,70,35,122,54,50,41,16,31,92" hai2="8,46,73,59,62,121,58,3,43,79,74,132,90" hai3="78,27,6,123,51,38,116,5,89,63,117,65,67"/><V55/><F121/><W68/><G123/><T37/><D120/><U111/><E122/><RYUUKYOKU type="kaze4" ba="0,0" sc="159,0,229,0,333,0,279,0" /><INIT seed="2,1,0,4,5,1" ten="159,229,333,279" oya="2" hai0="53,0,129,22,85,95,58,55,92,81,69,28,87" hai1="2,112,54,46,90,61,103,67,91,8,123,89,131" hai2="19,40,126,4,23,118,97,70,9,56,98,78,107" hai3="86,119,75,134,121,20,104,41,30,39,44,128,66"/><V101/><F118/><W71/><G119/><T35/><D69/><U7/><E112/><V32/><F70/><W3/><G121/><T10/><D129/><U25/><E131/><V64/><F32/><W29/><G128/><T14/><D35/><U38/><E123/><V127/><F78/><W80/><G75/><T51/><D0/><U43/><E103/><V24/><F40/><W12/><G3/><T11/><D11/><U111/><E111/><V93/><F64/><W130/><G104/><T99/><D55/><U18/><E54/><V106/><F56/><W88/><G130/><T79/><D87/><U77/><E77/><V21/><F21/><W15/><G134/><T124/><D124/><N who="2" m="47658" /><F98/><W17/><REACH who="3" step="1"/><G15/><AGARI ba="1,0" hai="4,9,15,19,23,24,93,97,101,106,107" m="47658" machi="15" ten="30,2900,0" yaku="18,1,52,1" doraHai="1" who="2" fromWho="3" sc="159,0,229,0,333,32,279,-32" /><INIT seed="2,2,0,5,5,66" ten="159,229,365,247" oya="2" hai0="72,23,51,59,34,132,80,47,11,120,68,97,12" hai1="124,65,17,16,109,78,89,0,128,110,58,48,88" hai2="29,39,130,100,19,21,101,77,87,28,114,75,27" hai3="38,71,49,43,126,135,45,36,95,14,31,20,84"/><V113/><F39/><W69/><G135/><T57/><D120/><U119/><E119/><V102/><F130/><W108/><G108/><N who="1" m="41578" /><E0/><V41/><F41/><W15/><G126/><T26/><D34/><U4/><E78/><V91/><F75/><W116/><G116/><T90/><D132/><U61/><E4/><V56/><F77/><W131/><G131/><T55/><D72/><U42/><E128/><V44/><F44/><W105/><G105/><T94/><D80/><U46/><E124/><V3/><F3/><W121/><G121/><T127/><D127/><U30/><E30/><V2/><F2/><W106/><G106/><T24/><D68/><U32/><E32/><V86/><F86/><W33/><G33/><T9/><D9/><U22/><E17/><V129/><F129/><W133/><G133/><T98/><D98/><U112/><E112/><V85/><F85/><W134/><G134/><T1/><D1/><U107/><E107/><V103/><F103/><W8/><G38/><T35/><D35/><U111/><N who="1" m="41586" /><U104/><DORA hai="81" /><E104/><V50/><F29/><W37/><G36/><T82/><D82/><U52/><E42/><V25/><F50/><W122/><G37/><T6/><REACH who="0" step="1"/><D24/><AGARI ba="2,0" hai="16,22,24,46,48,52,58,61,65,88,89" m="41586" machi="24" ten="40,8000,1" yaku="14,1,54,3" doraHai="66,81" who="1" fromWho="0" sc="159,-86,229,86,365,0,247,0" /><INIT seed="3,0,0,3,0,24" ten="73,315,365,247" oya="3" hai0="123,19,18,130,63,87,66,50,124,114,132,106,81" hai1="71,6,94,109,38,125,39,64,79,116,72,31,101" hai2="3,35,73,69,78,26,108,127,44,95,74,49,30" hai3="90,70,113,5,120,57,133,8,10,21,102,122,28"/><W20/><G113/><T60/><D123/><N who="3" m="47145" /><G70/><T121/><D114/><U15/><E31/><V75/><F69/><W1/><G102/><T93/><D121/><U129/><E64/><V110/><F127/><W56/><G90/><N who="0" m="51567" /><D124/><U61/><E61/><N who="0" m="23625" /><D132/><U86/><E15/><V54/><F95/><W34/><G57/><T9/><D106/><U47/><E47/><V12/><F12/><W13/><G56/><T88/><D130/><U97/><E6/><V112/><F112/><W117/><G117/><T111/><D111/><N who="2" m="42538" /><F3/><W59/><G59/><T55/><D66/><U89/><E71/><V40/><F78/><W107/><G107/><T0/><D0/><U11/><E11/><V2/><F2/><W128/><G128/><T58/><D9/><U14/><E14/><V36/><F36/><W67/><G67/><T84/><AGARI ba="0,0" hai="18,19,50,55,58,84,88,93" m="23625,51567" machi="84" ten="30,2000,0" yaku="8,1,54,1" doraHai="24" who="0" fromWho="0" sc="73,20,315,-5,365,-5,247,-10" owari="93,-41.0,310,11.0,360,46.0,237,-16.0" /></mjloggm>