<mjloggm ver="2.3"><GO type="97" lobby="0"/><UN n0="%E3%81%95%E3%81%8F%E5%9D%8A" n1="%E5%B0%B1%E6%B4%BB%E7%94%9F%40%E5%B7%9D%E6%9D%91%E8%BB%8D%E5%9B%A3" n2="%E3%81%82%E3%81%97%E3%82%85%E3%82%89" n3="%E3%82%AD%E3%83%B3%E3%82%B0%E3%81%B9%E3%83%92%E3%82%93%E3%82%82%E3%82%B9" dan="14,15,14,15" rate="1979.35,2024.92,1915.97,2009.69" sx="M,M,M,M"/><TAIKYOKU oya="0"/><INIT seed="0,0,0,2,5,19" ten="250,250,250,250" oya="0" hai0="104,36,2,118,10,107,63,62,12,110,135,96,133" hai1="31,66,17,88,108,49,131,121,68,111,43,48,126" hai2="50,130,32,76,99,98,69,54,8,80,85,134,38" hai3="119,116,41,7,30,74,105,1,27,24,57,103,52"/><T70/><D118/><U4/><E121/><V122/><F32/><W34/><G74/><T75/><D75/><U125/><E4/><V65/><F38/><W37/><G27/><T47/><D2/><U81/><E31/><V16/><F122/><W6/><G37/><T42/><D110/><N who="1" m="42027" /><E131/><V23/><F130/><W9/><G7/><N who="0" m="3167" /><D70/><U58/><E68/><V101/><F134/><N who="0" m="51210" /><D96/><U64/><E17/><V15/><F69/><W0/><G41/><T22/><D22/><U72/><E72/><V26/><F65/><N who="1" m="25193" /><E43/><V82/><F82/><W86/><G0/><T90/><D90/><U77/><E77/><V132/><F132/><W79/><G105/><AGARI ba="0,0" hai="36,42,47,62,63,104,105,107" m="51210,3167" machi="105" ten="30,1500,0" yaku="20,1" doraHai="19" who="0" fromWho="3" sc="250,15,250,0,250,0,250,-15" /><INIT seed="0,1,0,1,0,40" ten="265,250,250,235" oya="0" hai0="51,111,70,114,101,59,107,84,126,88,4,135,87" hai1="125,47,120,89,52,27,74,75,45,63,60,108,13" hai2="94,49,11,67,35,112,7,50,31,96,72,124,41" hai3="118,58,17,113,55,90,21,76,10,24,33,79,39"/><T105/><D114/><U95/><E120/><V9/><F72/><W28/><G113/><T129/><D70/><U104/><E104/><V65/><F112/><W122/><G122/><T1/><D126/><U116/><E116/><V36/><F124/><W130/><G118/><T82/><D135/><U64/><E125/><V97/><F36/><W133/><G133/><T134/><D134/><U78/><E108/><V6/><F35/><W46/><G130/><T98/><D129/><U43/><E78/><V115/><F115/><W37/><G90/><T38/><D38/><U81/><E81/><V62/><F31/><W123/><G10/><T20/><D20/><U34/><E13/><V109/><F109/><W26/><G123/><T99/><D4/><U57/><E27/><V85/><F85/><W92/><G92/><T66/><D1/><U23/><E23/><V12/><F97/><W14/><G26/><T127/><D127/><U71/><E34/><V102/><F65/><W86/><G37/><T121/><D121/><U73/><REACH who="1" step="1"/><E43/><REACH who="1" ten="265,240,250,235" step="2"/><V19/><F41/><W22/><G33/><T16/><D111/><U18/><E18/><V119/><F19/><W8/><G79/><T32/><D32/><U48/><E48/><V42/><F42/><N who="3" m="22879" /><G22/><T29/><D51/><U131/><E131/><V117/><F117/><W110/><G110/><T44/><D105/><U103/><E103/><V54/><F119/><W5/><G17/><T15/><D107/><U100/><E100/><V53/><F50/><N who="3" m="31095" /><G76/><T61/><D16/><U80/><E80/><V25/><F12/><W77/><G77/><RYUUKYOKU ba="1,1" sc="265,-15,240,15,250,-15,235,15" hai1="45,47,52,57,60,63,64,71,73,74,75,89,95" hai3="5,8,14,21,24,28,86" /><INIT seed="1,2,1,0,4,59" ten="250,255,235,250" oya="1" hai0="65,78,40,58,56,55,12,34,87,21,2,127,42" hai1="4,99,93,14,24,68,33,97,126,27,109,103,31" hai2="7,44,30,39,57,85,89,63,0,46,121,15,74" hai3="133,67,86,83,116,107,17,37,91,6,13,132,45"/><U122/><E122/><V47/><F74/><W60/><G107/><T70/><D70/><U106/><E126/><V119/><F121/><W101/><G101/><T16/><D34/><U54/><E109/><V114/><F39/><W79/><G6/><T18/><D2/><U115/><E115/><V129/><F119/><W72/><G116/><T94/><D127/><U49/><E68/><V28/><F129/><W62/><G37/><T82/><D94/><U50/><E27/><V19/><F114/><W76/><G45/><T118/><D118/><U69/><E69/><V5/><F0/><W53/><G53/><T128/><D128/><U38/><E38/><V96/><F96/><W105/><G105/><T81/><D81/><U48/><E14/><V102/><F102/><W88/><G91/><T36/><D36/><U95/><E4/><V41/><F41/><W131/><G131/><T9/><D58/><U11/><E11/><N who="2" m="6655" /><F5/><W104/><G104/><T112/><D65/><U117/><E117/><V123/><F7/><W35/><G35/><T120/><D112/><U66/><E66/><N who="2" m="39279" /><F123/><W73/><G67/><T64/><D64/><U8/><E8/><V108/><F108/><W100/><G100/><T113/><D120/><U52/><REACH who="1" step="1"/><E106/><REACH who="1" ten="250,245,235,250" step="2"/><V29/><F29/><W125/><G125/><T1/><D113/><U20/><E20/><V51/><F51/><W32/><G32/><T3/><D3/><U92/><E92/><AGARI ba="2,2" hai="28,30,44,46,47,85,89,92" m="39279,6655" machi="92" ten="30,2000,0" yaku="8,1,52,1" doraHai="59" who="2" fromWho="1" sc="250,0,245,-26,235,46,250,0" /><INIT seed="2,0,0,2,4,87" ten="250,219,281,250" oya="2" hai0="21,59,4,47,40,115,119,58,63,69,13,26,132" hai1="124,130,75,2,53,78,51,109,22,95,52,61,17" hai2="9,15,70,11,3,108,56,88,29,125,67,123,135" hai3="25,128,104,133,64,43,14,82,113,98,83,62,127"/><V91/><F123/><W18/><G113/><T48/><D115/><U129/><E2/><V101/><F70/><W57/><G127/><T80/><D132/><U90/><E124/><V85/><F125/><W112/><G112/><T20/><D119/><U27/><E109/><V41/><F135/><W111/><G111/><T31/><D69/><U74/><E61/><V134/><F134/><W45/><G133/><T99/><D58/><U103/><E103/><V105/><F108/><W49/><G128/><N who="1" m="49258" /><E78/><V60/><F3/><W6/><G6/><T24/><D4/><U116/><E116/><V117/><F117/><W5/><G5/><T36/><D13/><U12/><E27/><V122/><F122/><W102/><G25/><T126/><D126/><U19/><E19/><V23/><F105/><W33/><G33/><T55/><D99/><N who="1" m="57847" /><E53/><V34/><F34/><W32/><G32/><T76/><D76/><U73/><E74/><V118/><F118/><W1/><G1/><T28/><REACH who="0" step="1"/><D80/><REACH who="0" ten="240,219,281,250" step="2"/><U97/><E97/><V42/><F15/><W131/><G131/><T107/><D107/><U54/><E54/><V7/><F7/><W79/><G79/><T106/><D106/><U30/><E30/><V16/><F29/><W71/><G71/><T46/><D46/><AGARI ba="0,1" hai="12,17,22,46,51,52,73,75" m="57847,49258" machi="46" ten="30,3900,0" yaku="19,1,52,1,54,1" doraHai="87" who="1" fromWho="0" sc="240,-39,219,49,281,0,250,0" /><INIT seed="3,0,0,4,4,95" ten="201,268,281,250" oya="3" hai0="110,65,134,125,135,0,60,120,39,96,97,114,124" hai1="35,29,115,113,80,22,111,129,112,91,106,67,43" hai2="52,71,27,76,78,127,2,100,40,25,70,73,72" hai3="58,87,119,105,66,62,92,45,33,14,86,130,98"/><W31/><G119/><T133/><D0/><U1/><E35/><V26/><F2/><W36/><G105/><T59/><D120/><U75/><E106/><V21/><F21/><W19/><G130/><T38/><D110/><U82/><E129/><V32/><F100/><W54/><G33/><T37/><REACH who="0" step="1"/><D114/><REACH who="0" ten="191,268,281,250" step="2"/><U41/><E111/><V51/><F32/><W15/><G31/><T102/><D102/><U107/><E1/><V122/><F122/><W55/><G15/><T53/><D53/><N who="3" m="19977" /><G45/><T81/><D81/><U11/><E29/><V48/><F52/><N who="3" m="34119" /><G36/><T68/><D68/><U121/><E121/><V57/><F70/><W34/><G66/><T118/><D118/><U61/><E67/><V85/><F71/><W56/><G56/><T16/><D16/><U93/><E112/><V3/><F57/><W18/><G34/><T89/><D89/><U42/><E91/><V49/><F3/><W24/><G24/><T64/><D64/><U126/><E113/><V94/><F27/><W116/><G116/><T90/><D90/><U69/><E69/><V46/><F26/><W84/><G14/><T23/><D23/><U13/><E22/><V131/><F25/><W4/><G4/><T44/><D44/><U103/><E13/><V5/><F5/><W123/><G123/><T117/><D117/><U30/><E30/><V109/><F46/><W9/><G9/><T99/><AGARI ba="0,1" hai="37,38,39,59,60,65,96,97,99,124,125,133,134,135" machi="99" ten="50,16000,3" yaku="1,1,0,1,29,2,20,1,52,3,53,0" doraHai="95" doraHaiUra="77" who="0" fromWho="0" sc="191,170,268,-40,281,-40,250,-80" owari="361,46.0,228,-17.0,241,4.0,170,-33.0" /></mjloggm>