<mjloggm ver="2.3"><GO type="169" lobby="0"/><UN n0="%5A%5A%5A%5A%5A" n1="%43%50%30%33" n2="%6E%6E%6E%6E%6E%6E" n3="%E3%82%A6%E3%83%AB%E3%83%88%E3%83%A9%E7%AB%8B%E7%9B%B4" dan="16,16,17,17" rate="2141.25,2146.42,2143.54,2218.47" sx="M,M,M,M"/><TAIKYOKU oya="0"/><INIT seed="0,0,0,5,5,14" ten="250,250,250,250" oya="0" hai0="39,107,36,63,6,31,89,12,105,93,125,120,127" hai1="122,48,88,103,79,55,87,53,83,90,119,65,131" hai2="60,114,75,111,4,132,68,45,77,15,18,23,32" hai3="76,61,66,110,94,72,56,40,108,42,84,86,2"/><T126/><D120/><U59/><E119/><V98/><F114/><W34/><G34/><T43/><D31/><U27/><E131/><V134/><F32/><W9/><G72/><T3/><D63/><U117/><E117/><V104/><F111/><W99/><G2/><T8/><D3/><U29/><E103/><N who="2" m="62583" /><F45/><W47/><G42/><T57/><D57/><U135/><E135/><N who="2" m="51755" /><F4/><W25/><G76/><T123/><D123/><U115/><E115/><V37/><F37/><N who="0" m="14410" /><D43/><U20/><E122/><V44/><F44/><W128/><G128/><T80/><D80/><U51/><E65/><V78/><F75/><W96/><G40/><T70/><D70/><U124/><E124/><V82/><F82/><W81/><G81/><T41/><D41/><U17/><REACH who="1" step="1"/><E29/><REACH who="1" ten="250,240,250,250" step="2"/><V116/><F116/><W30/><G30/><T16/><D6/><U33/><E33/><V10/><F10/><W69/><G9/><T67/><D67/><AGARI ba="0,1" hai="15,18,23,60,67,68,77,78" m="51755,62583" machi="67" ten="30,2000,0" yaku="20,1,52,1" doraHai="14" who="2" fromWho="0" sc="250,-20,240,0,250,30,250,0" /><INIT seed="1,0,0,0,4,104" ten="230,240,280,250" oya="1" hai0="60,134,120,82,83,69,130,79,58,3,2,106,37" hai1="125,12,31,124,40,34,95,117,102,35,10,6,27" hai2="52,49,46,71,5,133,90,114,63,50,122,135,47" hai3="19,26,132,76,9,108,70,55,8,109,89,77,41"/><U13/><E40/><N who="2" m="24775" /><F5/><W28/><G70/><T32/><D32/><N who="1" m="20607" /><E95/><V98/><F98/><W111/><G41/><T105/><D120/><U29/><E102/><V17/><F17/><W121/><G121/><T64/><D37/><U113/><E117/><V21/><F21/><W54/><G89/><T51/><D130/><U0/><E113/><V103/><F103/><W93/><G93/><T4/><D134/><N who="2" m="51210" /><F90/><W1/><G132/><T99/><D4/><U92/><E92/><V87/><F87/><W127/><G19/><T42/><D83/><U91/><E91/><V129/><F122/><W39/><G76/><T33/><D33/><N who="1" m="12299" /><E29/><V25/><F25/><W57/><G26/><T126/><D106/><U74/><E74/><V66/><F129/><W101/><G28/><T84/><D105/><U131/><E131/><V38/><F38/><W112/><G39/><T18/><D99/><U43/><E43/><V7/><F7/><W62/><G101/><T61/><D18/><U23/><E23/><V20/><F20/><W59/><G77/><T80/><D80/><U97/><E97/><V119/><F119/><W15/><G111/><T11/><D82/><U56/><E12/><V100/><F100/><W65/><G15/><T44/><D79/><U16/><E16/><V85/><F85/><W81/><G109/><T73/><D84/><U68/><E13/><V116/><F116/><W107/><G107/><T78/><D78/><U110/><E110/><V96/><F96/><W67/><G81/><T123/><D123/><U86/><E86/><V128/><F128/><W14/><G108/><RYUUKYOKU ba="0,0" sc="230,-10,240,-10,280,30,250,-10" hai2="47,50,52,63,66,71,114" /><INIT seed="2,1,0,0,3,117" ten="220,230,310,240" oya="2" hai0="99,81,39,97,113,61,129,84,83,107,86,25,101" hai1="42,26,127,24,55,14,85,9,66,48,110,92,126" hai2="3,23,43,112,50,67,69,19,131,135,75,73,78" hai3="80,0,121,94,105,27,128,56,93,104,58,28,132"/><V8/><F112/><W91/><G0/><T30/><D39/><U54/><E66/><V44/><F135/><W76/><G27/><N who="1" m="10282" /><E110/><V115/><F131/><W2/><G28/><T32/><D113/><U11/><E42/><V79/><F23/><W29/><G29/><T120/><D120/><U65/><E65/><V68/><F115/><W20/><G20/><T111/><D111/><U7/><E11/><V13/><F3/><W35/><G35/><T87/><D129/><U108/><E108/><V17/><F67/><W98/><G56/><T21/><D61/><U16/><E7/><V49/><F8/><W134/><G58/><T10/><D10/><U52/><E92/><V40/><F44/><W89/><G2/><T59/><D59/><U45/><E126/><V22/><F22/><W64/><G64/><T72/><D32/><U57/><E127/><V63/><F63/><W114/><G114/><T103/><REACH who="0" step="1"/><D72/><REACH who="0" ten="210,230,310,240" step="2"/><U37/><E37/><V122/><F13/><W118/><G128/><T15/><D15/><U74/><E74/><V5/><F5/><W77/><G118/><T36/><D36/><U106/><E57/><V53/><F75/><W125/><G125/><T100/><D100/><U133/><E133/><V6/><F73/><W95/><G134/><T18/><D18/><U96/><E16/><V12/><F6/><W51/><G132/><T60/><D60/><U62/><E9/><V116/><F19/><W102/><G102/><T90/><D90/><U41/><E14/><V4/><F12/><W124/><G91/><T70/><D70/><U1/><E62/><RYUUKYOKU ba="1,1" sc="210,30,230,-10,310,-10,240,-10" hai0="21,25,30,81,83,84,86,87,97,99,101,103,107" /><INIT seed="3,2,1,5,5,90" ten="240,220,300,230" oya="3" hai0="19,44,11,66,114,35,36,83,12,104,105,81,40" hai1="71,120,124,49,127,135,94,117,5,101,50,126,13" hai2="8,59,78,6,77,128,18,133,25,14,52,98,16" hai3="32,73,54,106,122,119,86,31,34,97,89,134,76"/><W23/><G122/><T53/><D114/><U102/><E117/><V99/><F133/><W92/><G119/><T24/><D66/><U65/><E135/><V21/><F128/><W63/><G134/><T131/><D131/><U113/><E113/><V0/><F0/><W79/><G79/><N who="2" m="30217" /><F6/><W28/><G63/><AGARI ba="2,1" hai="8,14,16,18,21,25,52,59,63,98,99" m="30217" machi="63" ten="30,3900,0" yaku="8,1,54,2" doraHai="90" who="2" fromWho="3" sc="240,0,220,0,300,55,230,-45" /><INIT seed="4,0,0,3,3,66" ten="240,220,355,185" oya="0" hai0="53,59,42,119,43,108,51,94,46,97,101,27,120" hai1="23,72,111,75,11,93,65,92,126,74,10,31,9" hai2="133,49,88,56,115,8,83,77,44,12,134,28,129" hai3="86,33,114,7,55,60,2,24,87,135,107,14,47"/><T99/><D120/><U58/><E111/><V5/><F115/><W95/><G107/><T132/><D108/><U62/><E31/><V1/><F28/><W4/><G2/><T113/><D132/><N who="2" m="50794" /><F56/><W20/><G33/><T131/><D113/><U123/><E123/><V125/><F125/><W64/><G114/><T73/><D131/><U13/><E126/><V19/><F88/><W122/><G122/><T37/><D73/><U117/><E117/><V0/><F19/><W104/><G104/><T102/><D119/><U110/><E110/><V128/><F1/><W89/><G14/><T81/><D81/><U52/><E23/><V45/><F0/><W91/><G135/><T36/><D27/><U48/><REACH who="1" step="1"/><E13/><REACH who="1" ten="240,210,355,185" step="2"/><V116/><F116/><W90/><G20/><T63/><REACH who="0" step="1"/><D43/><REACH who="0" ten="230,210,355,185" step="2"/><U124/><E124/><V17/><F129/><W130/><G130/><T3/><D3/><U29/><E29/><V82/><F128/><W127/><G127/><T22/><D22/><U61/><E61/><V76/><F12/><W84/><G60/><T85/><D85/><U69/><AGARI ba="0,2" hai="9,10,11,48,52,58,62,65,69,72,74,75,92,93" machi="69" ten="40,8000,1" yaku="1,1,0,1,52,1,54,1,53,0" doraHai="66" doraHaiUra="96" who="1" fromWho="1" sc="230,-40,210,100,355,-20,185,-20" /><INIT seed="5,0,0,4,2,45" ten="190,310,335,165" oya="1" hai0="4,18,104,33,11,52,30,13,41,125,9,29,24" hai1="60,118,117,116,112,74,88,96,22,106,103,68,26" hai2="65,53,72,75,115,86,10,21,50,59,92,34,19" hai3="129,134,94,67,71,23,20,87,108,120,7,27,16"/><U113/><E74/><V15/><F34/><W105/><G105/><T66/><D104/><U79/><E79/><V109/><F109/><W132/><G108/><T44/><D66/><U89/><E60/><V54/><F65/><W123/><G71/><T12/><D125/><U85/><E68/><V56/><F10/><W84/><G67/><T135/><D135/><N who="3" m="51753" /><G87/><T70/><D70/><U25/><E85/><V130/><F130/><W55/><G94/><T6/><D52/><U48/><E48/><V78/><F115/><N who="1" m="44105" /><E26/><V58/><F78/><W81/><G84/><T91/><D91/><N who="1" m="34891" /><E25/><V62/><F59/><W82/><G55/><T31/><D18/><U14/><E22/><V77/><F77/><W17/><G81/><T0/><REACH who="0" step="1"/><D0/><REACH who="0" ten="180,310,335,165" step="2"/><U119/><E119/><V28/><F54/><W51/><G82/><T90/><D90/><U47/><E47/><V122/><F53/><W46/><G129/><T101/><D101/><U76/><E76/><V36/><F75/><W8/><G46/><T3/><D3/><U95/><E14/><V49/><F15/><N who="3" m="5535" /><G51/><AGARI ba="0,1" hai="4,6,9,11,12,13,24,29,30,31,33,41,44,51" machi="51" ten="30,7700,0" yaku="1,1,7,1,9,1,52,1,53,0" doraHai="45" doraHaiUra="100" who="0" fromWho="3" sc="180,87,310,0,335,0,165,-77" /><INIT seed="6,0,0,0,3,27" ten="267,310,335,88" oya="2" hai0="16,131,116,96,112,40,30,43,33,104,38,98,133" hai1="80,110,14,3,82,11,67,135,29,37,128,34,97" hai2="54,64,50,41,100,6,4,73,86,71,124,60,109" hai3="84,91,58,122,10,74,49,76,1,102,20,70,111"/><V36/><F73/><W95/><G70/><T66/><D112/><U51/><E37/><V118/><F118/><W2/><G111/><T127/><D133/><U72/><E110/><V26/><F124/><W23/><G122/><T132/><D132/><U62/><E3/><V89/><F100/><W5/><G1/><T79/><D127/><U134/><E51/><V31/><F109/><W25/><G102/><T113/><D113/><U93/><E128/><V83/><F41/><W99/><G74/><T48/><D79/><U75/><E75/><V15/><F15/><W69/><G69/><T21/><D66/><U121/><E72/><V39/><F4/><W85/><G76/><T78/><D78/><U65/><E65/><V120/><F6/><W130/><G130/><T42/><D38/><U63/><E63/><V19/><F19/><W123/><G123/><T92/><D131/><U90/><E121/><V105/><F105/><W22/><G22/><T61/><D61/><U8/><E135/><V57/><REACH who="2" step="1"/><F120/><REACH who="2" ten="267,310,325,88" step="2"/><W35/><G5/><T106/><D106/><U126/><E14/><V101/><F101/><W24/><G2/><T107/><D107/><U18/><E18/><V119/><F119/><W129/><G129/><T88/><D16/><U94/><E126/><V13/><F13/><W68/><G24/><T45/><D104/><U87/><E134/><V17/><F17/><W46/><G25/><T28/><D116/><U115/><E115/><V103/><F103/><W108/><G108/><T0/><D0/><U47/><E8/><V125/><F125/><W7/><G10/><RYUUKYOKU ba="0,1" sc="267,-10,310,-10,325,30,88,-10" hai2="26,31,36,39,50,54,57,60,64,71,83,86,89" /><INIT seed="6,1,1,2,5,127" ten="257,300,355,78" oya="2" hai0="80,116,39,67,31,20,40,4,11,91,83,85,114" hai1="66,122,71,63,72,54,50,16,98,117,9,112,52" hai2="106,132,133,120,128,65,28,79,6,134,92,13,5" hai3="7,49,135,115,124,110,14,58,2,87,32,70,44"/><V125/><F120/><W69/><G2/><T126/><D114/><U33/><E33/><V100/><F106/><W19/><G7/><T131/><D126/><U8/><E72/><V51/><F125/><W77/><G32/><T24/><D116/><U46/><E117/><V1/><F79/><W111/><G124/><T119/><D119/><U78/><E78/><V21/><F1/><W102/><G102/><T34/><D67/><U130/><E112/><V59/><F51/><W43/><G115/><T29/><D40/><U12/><E54/><V113/><F113/><W82/><G135/><T68/><D68/><U26/><E26/><N who="2" m="16463" /><F13/><W81/><G70/><T104/><D104/><U41/><E41/><V118/><F118/><W86/><G69/><T93/><D39/><U56/><E122/><V99/><F6/><W64/><G64/><T22/><D34/><U96/><E71/><V107/><F5/><W45/><G58/><T90/><D90/><U57/><E46/><V27/><F27/><W75/><G75/><T37/><D37/><U103/><E8/><V53/><F107/><W109/><G45/><T18/><D31/><U73/><E73/><V76/><F76/><W30/><G30/><T89/><D89/><U62/><E50/><N who="2" m="31159" /><F65/><W47/><G47/><T17/><D29/><U38/><E38/><V88/><F100/><W108/><G108/><T123/><D123/><U42/><E42/><V95/><F95/><W35/><G35/><T0/><D93/><U74/><E74/><V36/><F36/><W84/><G77/><T101/><D101/><U23/><E103/><RYUUKYOKU ba="1,1" sc="257,-15,300,-15,355,15,78,15" hai2="88,92,99,128,132,133,134" hai3="14,19,43,44,49,81,82,84,86,87,109,110,111" /><INIT seed="6,2,1,5,0,106" ten="242,285,370,93" oya="2" hai0="119,71,32,133,81,30,75,42,46,45,93,43,67" hai1="64,72,117,61,121,86,57,44,111,14,12,114,29" hai2="28,38,9,7,56,94,50,36,40,77,78,129,21" hai3="83,26,37,39,31,89,80,101,47,53,96,63,102"/><V70/><F70/><W74/><G83/><T105/><D105/><U100/><E117/><V130/><F38/><W18/><G102/><T27/><D119/><U107/><E111/><V68/><F68/><W49/><G89/><T62/><D133/><U65/><E72/><V108/><F36/><W91/><G91/><T79/><REACH who="0" step="1"/><D93/><REACH who="0" ten="232,285,370,93" step="2"/><U127/><E107/><V11/><F94/><W88/><G37/><T48/><D48/><U35/><E121/><V95/><F50/><W116/><G39/><T98/><D98/><U103/><E127/><V5/><F95/><W84/><G116/><T20/><D20/><U120/><E120/><V52/><F21/><W132/><G132/><T131/><D131/><U90/><E35/><V2/><F130/><W41/><G96/><T16/><D16/><U104/><E104/><V25/><F129/><W109/><G18/><T115/><D115/><U134/><E114/><V1/><F108/><W54/><G109/><T128/><D128/><U10/><E134/><V87/><F7/><W4/><G4/><T118/><D118/><U85/><E29/><V112/><F5/><W19/><G19/><T60/><D60/><U0/><E61/><V34/><F112/><W55/><G63/><T33/><D33/><U51/><E51/><V123/><F34/><W13/><G49/><T69/><D69/><U122/><E122/><V99/><F123/><W73/><G31/><T135/><D135/><U124/><E124/><V97/><F28/><W6/><G6/><T92/><D92/><U110/><E110/><V24/><F99/><W59/><G101/><RYUUKYOKU ba="2,2" sc="232,30,285,-10,370,-10,93,-10" hai0="27,30,32,42,43,45,46,62,67,71,75,79,81" /><INIT seed="7,3,2,1,4,18" ten="262,275,360,83" oya="3" hai0="132,105,73,13,103,27,4,62,110,44,72,46,89" hai1="25,128,67,22,91,133,92,101,94,29,90,55,45" hai2="59,58,1,10,125,116,80,71,41,79,118,40,64" hai3="9,117,113,8,93,32,54,26,126,123,38,57,98"/><W97/><G123/><T15/><D110/><U12/><E133/><V3/><F71/><W111/><G117/><T102/><D132/><U104/><E104/><V78/><F64/><W11/><G111/><T50/><D62/><U131/><E67/><V75/><F80/><W36/><G126/><T28/><D73/><U109/><E101/><V130/><F10/><W87/><G113/><T119/><D119/><U107/><E107/><V127/><F130/><N who="1" m="49705" /><E12/><V124/><F124/><W100/><G87/><T115/><D115/><U70/><E70/><V83/><F83/><W135/><G135/><T129/><D129/><U30/><E30/><V63/><F63/><W35/><G98/><T33/><D72/><AGARI ba="3,2" hai="1,3,40,41,58,59,72,75,78,79,116,118,125,127" machi="72" ten="25,1600,0" yaku="22,2" doraHai="18" who="2" fromWho="0" sc="262,-25,275,0,360,45,83,0" owari="237,-16.0,275,8.0,405,50.0,83,-42.0" /></mjloggm>