<mjloggm ver="2.3"><GO type="41" lobby="0"/><UN n0="%E8%82%89%E2%98%86%E6%A3%92%E5%A4%AA%E9%83%8E" n1="%E5%B0%B1%E6%B4%BB%E7%94%9F%40%E5%B7%9D%E6%9D%91%E8%BB%8D%E5%9B%A3" n2="%67%66%67%66%67" n3="%E3%81%84%E3%81%9F%E3%83%92%E3%83%AD" dan="15,14,14,15" rate="2025.53,1943.01,1962.37,2038.79" sx="M,M,M,M"/><TAIKYOKU oya="0"/><INIT seed="0,0,0,1,3,80" ten="250,250,250,250" oya="0" hai0="20,59,88,115,74,104,107,101,135,34,37,48,113" hai1="40,24,134,71,93,16,112,69,76,82,133,73,84" hai2="35,118,47,21,41,98,38,116,108,50,125,33,10" hai3="64,9,78,27,45,13,77,123,66,103,14,32,131"/><T26/><D34/><U127/><E40/><V19/><F108/><W120/><G103/><T49/><D37/><U51/><E112/><V86/><F125/><W81/><G45/><T91/><D74/><U109/><E109/><V68/><F68/><W75/><G131/><T128/><D128/><U56/><E127/><V8/><F38/><W102/><G102/><T29/><D135/><N who="1" m="51723" /><E51/><V111/><F111/><W65/><G77/><T117/><D117/><N who="2" m="45162" /><F98/><W30/><REACH who="3" step="1"/><G9/><REACH who="3" ten="250,250,250,240" step="2"/><N who="2" m="3689" /><F35/><W72/><G72/><T25/><D101/><U63/><E73/><V114/><F33/><W43/><G43/><T132/><D132/><U58/><E93/><V4/><F114/><W52/><G52/><T54/><D54/><N who="1" m="34199" /><E58/><V126/><F126/><W18/><G18/><T46/><D59/><U99/><E99/><V62/><F4/><W28/><G28/><T6/><D29/><U36/><E36/><V1/><F1/><W31/><G31/><T2/><D46/><U90/><E76/><V22/><F62/><W61/><G61/><T129/><D129/><U44/><E44/><V12/><F22/><AGARI ba="0,1" hai="16,22,24,69,71,82,84,90" m="34199,51723" machi="22" ten="30,3900,0" yaku="20,1,52,1,54,1" doraHai="80" who="1" fromWho="2" sc="250,0,250,49,250,-39,240,0" /><INIT seed="1,0,0,2,2,95" ten="250,299,211,240" oya="1" hai0="127,114,54,4,69,88,132,86,30,106,80,116,8" hai1="118,2,76,101,39,14,50,131,96,121,35,85,125" hai2="11,38,55,60,19,64,0,120,103,46,43,135,12" hai3="82,32,100,27,63,87,45,68,47,113,126,52,18"/><U37/><E2/><V91/><F120/><W57/><G113/><T21/><D116/><U41/><E35/><V3/><F135/><W59/><G68/><T74/><D114/><U72/><E72/><V36/><F55/><W115/><G115/><T111/><D69/><U61/><E121/><V133/><F133/><W25/><G126/><T90/><D74/><U98/><E118/><V93/><F103/><W83/><G83/><T71/><D71/><U89/><E131/><V108/><F36/><W20/><G100/><T49/><D106/><U70/><E125/><V134/><F134/><W65/><G27/><N who="0" m="16751" /><D111/><U105/><E76/><V97/><REACH who="2" step="1"/><F108/><REACH who="2" ten="250,299,201,240" step="2"/><W16/><G32/><T40/><D132/><U44/><E39/><V42/><F42/><W51/><REACH who="3" step="1"/><G18/><REACH who="3" ten="250,299,201,230" step="2"/><T122/><D127/><U102/><E41/><V28/><F28/><W6/><G6/><T7/><D40/><U31/><E101/><V124/><F124/><W67/><G67/><T5/><D122/><U66/><E102/><V129/><F129/><W81/><G81/><T48/><D7/><U77/><E105/><V109/><F109/><W33/><G33/><T104/><D5/><U107/><E107/><V130/><F130/><W128/><G128/><T123/><D104/><U56/><E66/><V1/><F1/><W112/><G112/><T92/><D123/><U34/><E34/><V17/><F17/><W119/><G119/><T23/><D4/><U10/><E31/><V26/><F26/><W9/><G9/><T73/><D8/><U75/><E10/><V99/><F99/><W78/><AGARI ba="0,2" hai="16,20,25,45,47,51,52,57,59,63,65,78,82,87" machi="78" ten="20,12000,2" yaku="1,1,5,1,0,1,7,1,8,1,54,2,53,0" doraHai="95" doraHaiUra="29" who="3" fromWho="3" sc="250,-30,299,-60,201,-30,230,140" /><INIT seed="2,0,0,1,0,10" ten="220,239,171,370" oya="2" hai0="116,40,52,87,67,61,68,76,33,17,117,122,70" hai1="65,4,43,90,79,44,130,128,18,7,107,84,45" hai2="126,95,96,94,56,98,39,101,71,85,69,51,34" hai3="105,24,73,109,89,5,134,133,125,38,115,8,32"/><V88/><F39/><W83/><G105/><T120/><D33/><U108/><E107/><V36/><F36/><W81/><G115/><T42/><D76/><U11/><E108/><V19/><F34/><W92/><G38/><T23/><D87/><U119/><E119/><N who="0" m="45641" /><D70/><U97/><E65/><V99/><F126/><W103/><G103/><T46/><D23/><U13/><E79/><V53/><F99/><W20/><G32/><T135/><D17/><U35/><E97/><V41/><F41/><N who="0" m="15978" /><D135/><U113/><E35/><V6/><F6/><N who="1" m="2089" /><E43/><V59/><F56/><W112/><G109/><T15/><D15/><U74/><E74/><V58/><F58/><W9/><G73/><T29/><D29/><U55/><E113/><V110/><F110/><W102/><G8/><T106/><D106/><U37/><E37/><V124/><F124/><W93/><G112/><T82/><D82/><N who="1" m="49431" /><E55/><V129/><F129/><AGARI ba="0,0" hai="11,13,18,44,45,128,129,130" m="49431,2089" machi="129" ten="30,2000,0" yaku="19,1,52,1" doraHai="10" who="1" fromWho="2" sc="220,0,239,20,171,-20,370,0" /><INIT seed="3,0,0,5,4,58" ten="220,259,151,370" oya="3" hai0="80,22,62,46,128,110,104,51,1,0,41,15,47" hai1="31,16,131,20,91,69,97,33,100,87,134,12,34" hai2="82,108,14,65,8,94,11,123,7,109,54,39,36" hai3="38,124,133,42,78,101,61,63,90,32,79,35,74"/><W121/><G121/><T75/><D110/><N who="2" m="42602" /><F123/><W125/><G133/><T111/><D104/><U45/><E69/><V130/><F130/><W27/><G90/><T81/><D128/><U95/><E131/><V98/><F82/><W4/><G4/><T116/><D116/><U96/><E134/><V53/><F11/><W40/><G101/><T68/><D111/><U57/><E97/><V49/><F65/><W17/><G17/><T112/><D47/><U19/><E31/><V26/><F26/><W28/><G38/><N who="2" m="14377" /><F49/><W132/><G132/><T89/><D112/><U105/><E45/><V70/><F70/><W52/><G52/><T107/><D107/><U71/><E71/><V126/><F126/><N who="3" m="48747" /><G35/><T55/><D81/><U102/><E102/><AGARI ba="0,0" hai="7,8,14,53,54,94,98,102" m="14377,42602" machi="102" ten="30,1000,0" yaku="14,1" doraHai="58" who="2" fromWho="1" sc="220,0,259,-10,151,10,370,0" /><INIT seed="4,0,0,1,3,87" ten="220,249,161,370" oya="0" hai0="98,114,14,78,113,110,131,84,40,39,36,69,119" hai1="53,10,21,15,112,107,59,29,129,76,88,81,19" hai2="58,90,11,118,52,48,104,12,49,18,134,23,20" hai3="124,121,97,54,17,96,7,106,117,99,82,45,26"/><T93/><D69/><U130/><E107/><V103/><F104/><W74/><G117/><T31/><D119/><U13/><E112/><N who="0" m="43113" /><D131/><N who="1" m="50187" /><E29/><V68/><F118/><W133/><G106/><T77/><D110/><U47/><E47/><V63/><F134/><W89/><G133/><T35/><D14/><N who="1" m="9463" /><E10/><V67/><F103/><W32/><G7/><T79/><D84/><N who="1" m="50191" /><E76/><V64/><F67/><W42/><G124/><T75/><D75/><U16/><E16/><V65/><F65/><W8/><G121/><T60/><D40/><U125/><E125/><V0/><F0/><W28/><G54/><T51/><D31/><U101/><E101/><V72/><F72/><W37/><G74/><T126/><D126/><U5/><E5/><V3/><F3/><W109/><G109/><T115/><D35/><U94/><E94/><V73/><F73/><W30/><G30/><T66/><D115/><U43/><E43/><V61/><REACH who="2" step="1"/><F90/><REACH who="2" ten="220,249,151,370" step="2"/><W70/><G89/><N who="0" m="55599" /><D79/><U127/><E127/><V92/><F92/><W71/><G82/><T22/><D78/><U6/><E6/><V46/><F46/><W24/><G45/><T4/><D77/><U108/><E108/><V116/><F116/><W111/><G111/><T55/><D4/><U25/><E25/><V9/><F9/><W135/><G8/><T123/><D123/><U128/><E128/><V56/><F56/><W91/><G24/><T105/><D105/><U85/><E85/><V34/><F34/><W57/><G26/><T38/><D22/><AGARI ba="0,1" hai="11,12,18,20,22,23,48,49,52,58,61,63,64,68" machi="22" ten="40,2600,0" yaku="1,1,54,1,53,0" doraHai="87" doraHaiUra="83" who="2" fromWho="0" sc="220,-26,249,0,151,36,370,0" /><INIT seed="5,0,0,5,5,30" ten="194,249,187,370" oya="1" hai0="10,74,113,97,31,85,127,126,41,73,50,104,118" hai1="87,26,28,34,43,47,133,14,128,35,59,120,17" hai2="22,94,9,71,81,123,122,3,72,32,83,98,58" hai3="82,42,130,56,52,53,101,135,68,45,6,13,36"/><U79/><E79/><V131/><F71/><W63/><G135/><T5/><D118/><U16/><E120/><V38/><F38/><W91/><G101/><N who="0" m="62511" /><D85/><U0/><E133/><V86/><F131/><W27/><G130/><T110/><D110/><U78/><E128/><V95/><F58/><W100/><G100/><T134/><D113/><U124/><E124/><N who="0" m="47657" /><D134/><U1/><E59/><V125/><F125/><W106/><G106/><T4/><D31/><U96/><E96/><V103/><F32/><W114/><G114/><T44/><D5/><U60/><E60/><V80/><F22/><W40/><G40/><T65/><D65/><U107/><E107/><N who="2" m="63991" /><F9/><W46/><G27/><T70/><D70/><U90/><E78/><N who="2" m="44103" /><F3/><AGARI ba="0,0" hai="3,4,10,41,44,50,73,74" m="47657,62511" machi="3" ten="30,1000,0" yaku="18,1" doraHai="30" who="0" fromWho="2" sc="194,10,249,0,187,-10,370,0" /><INIT seed="6,0,0,0,3,55" ten="204,249,177,370" oya="2" hai0="133,44,63,13,42,2,132,106,118,12,18,36,81" hai1="79,89,70,135,16,115,119,26,131,27,111,102,15" hai2="60,17,98,125,105,50,52,72,51,100,66,29,33" hai3="8,73,74,97,40,82,22,24,110,0,62,68,14"/><V25/><F125/><W92/><G0/><T39/><D106/><U7/><E70/><V37/><F72/><W116/><G110/><T76/><D2/><U103/><E119/><V114/><F37/><W124/><G40/><T117/><D39/><U65/><E111/><V99/><F114/><W93/><G93/><T34/><D34/><U30/><E115/><V78/><F78/><W19/><G124/><T46/><D46/><U88/><E131/><V48/><F17/><W20/><G20/><N who="0" m="11335" /><D13/><U71/><E7/><V83/><F83/><W64/><G82/><T69/><D69/><U85/><E71/><N who="2" m="42439" /><F98/><W56/><G68/><T10/><D10/><N who="1" m="6263" /><E65/><V121/><F121/><W6/><REACH who="3" step="1"/><G116/><REACH who="3" ten="204,249,177,360" step="2"/><T95/><D95/><U90/><E135/><V87/><F87/><W5/><G5/><T47/><D42/><U128/><E85/><V77/><F77/><W84/><G84/><T38/><D81/><U9/><E79/><V45/><AGARI ba="0,1" hai="25,29,33,45,48,50,51,52,99,100,105" m="42439" machi="45" ten="30,3000,0" yaku="25,1,54,1" doraHai="55" who="2" fromWho="2" sc="204,-10,249,-10,177,40,360,-10" /><INIT seed="6,1,0,4,5,45" ten="194,239,217,350" oya="2" hai0="13,122,39,126,66,33,95,99,107,117,78,38,0" hai1="125,89,82,55,92,26,57,86,119,44,28,98,29" hai2="25,105,102,96,129,75,3,113,97,47,16,123,76" hai3="54,100,90,35,120,103,34,93,121,88,46,127,19"/><V42/><F123/><W5/><G5/><T4/><D33/><U2/><E119/><V27/><F3/><W41/><G54/><T132/><D0/><U71/><E125/><V15/><F113/><W32/><G127/><T128/><D126/><U48/><E71/><V30/><F129/><W68/><G68/><T56/><D122/><U124/><E2/><V65/><F97/><W84/><G19/><T63/><D107/><U50/><E124/><V101/><F101/><W115/><G120/><T53/><D117/><U17/><E17/><V108/><F108/><W111/><G111/><T37/><D128/><U36/><E36/><V58/><F30/><N who="1" m="11881" /><E26/><V59/><F76/><W77/><G115/><T20/><D132/><U94/><E98/><V72/><F75/><W24/><G24/><T10/><D78/><U134/><E134/><V116/><F72/><W52/><G52/><AGARI ba="1,0" hai="44,48,50,52,55,57,82,86,89,92,94" m="11881" machi="52" ten="30,7700,0" yaku="8,1,52,2,54,1" doraHai="45" who="1" fromWho="3" sc="194,0,239,80,217,0,350,-80" /><INIT seed="7,0,0,0,4,72" ten="194,319,217,270" oya="3" hai0="102,110,61,46,30,21,73,90,71,10,78,85,39" hai1="130,75,77,15,13,83,32,104,9,44,119,36,8" hai2="35,57,67,107,17,47,74,126,37,1,48,91,27" hai3="116,11,112,131,132,50,28,0,66,45,115,100,88"/><W82/><G116/><T103/><D110/><U19/><E32/><V111/><F107/><W80/><G100/><T42/><D10/><U60/><E104/><V68/><F111/><W120/><G120/><T108/><D108/><U41/><E119/><V33/><F1/><W20/><G66/><T12/><D71/><U23/><E130/><V123/><F123/><W97/><G131/><T7/><D61/><U18/><E60/><V25/><F126/><W6/><G132/><T54/><D54/><U113/><E113/><N who="3" m="43594" /><G28/><T56/><D56/><U125/><E125/><V86/><F74/><W34/><G34/><T122/><D122/><U129/><E129/><V38/><F68/><W29/><G29/><T121/><D121/><U55/><E55/><V76/><F76/><W49/><G20/><AGARI ba="0,0" hai="8,9,13,15,18,19,20,23,36,41,44,75,77,83" machi="20" ten="30,3900,0" yaku="7,1,9,1,52,1" doraHai="72" who="1" fromWho="3" sc="194,0,319,39,217,0,270,-39" owari="194,-31.0,358,46.0,217,-18.0,231,3.0" /></mjloggm>