<mjloggm ver="2.3"><GO type="97" lobby="0"/><UN n0="%E5%B0%B1%E6%B4%BB%E7%94%9F%40%E5%B7%9D%E6%9D%91%E8%BB%8D%E5%9B%A3" n1="%E5%B9%B8%E5%AD%90%E3%81%8C%E4%B8%80%E7%95%AA" n2="%E3%81%93%E3%82%8C%E3%81%AF%EF%BD%97%EF%BD%97%EF%BD%97" n3="%72%65%64%73%72%65%64%73" dan="15,14,15,15" rate="1964.44,1959.52,1937.07,1980.05" sx="M,M,F,M"/><TAIKYOKU oya="0"/><INIT seed="0,0,0,4,1,14" ten="250,250,250,250" oya="0" hai0="123,104,61,50,127,53,25,102,38,36,40,79,129" hai1="113,48,98,80,57,21,35,8,60,54,46,30,24" hai2="130,105,120,5,33,51,73,13,10,92,20,96,27" hai3="58,59,87,124,76,86,70,128,84,81,67,63,106"/><T101/><D123/><U135/><E113/><V99/><F120/><W31/><G106/><T134/><D104/><U117/><E135/><V119/><F130/><W121/><G121/><T12/><D134/><U64/><E117/><V66/><F119/><W107/><G107/><T131/><D79/><U49/><E98/><V118/><F118/><W90/><G128/><N who="0" m="49227" /><D127/><U0/><E80/><V42/><F73/><W19/><G124/><T97/><D25/><U34/><REACH who="1" step="1"/><E49/><REACH who="1" ten="250,240,250,250" step="2"/><V83/><F83/><W44/><G81/><T108/><D108/><U110/><E110/><V69/><F96/><W112/><G112/><T126/><D126/><U100/><E100/><V91/><F99/><W1/><G76/><T85/><D101/><U95/><E95/><V115/><F92/><W2/><G90/><T125/><D125/><U45/><E45/><V55/><F91/><W77/><G44/><N who="0" m="25863" /><D85/><U133/><E133/><V18/><F115/><W47/><G77/><T9/><D97/><U74/><E74/><V82/><F82/><W122/><G122/><T29/><D102/><U109/><E109/><V15/><F51/><W41/><G84/><T94/><D94/><U116/><E116/><V16/><F105/><W11/><G86/><T32/><D38/><U65/><E65/><V111/><F66/><W93/><G87/><T3/><D36/><U114/><E114/><V62/><F111/><W37/><G93/><T75/><D75/><U28/><E28/><V71/><F62/><W43/><G31/><T52/><D61/><U23/><E23/><V17/><F20/><W78/><G63/><RYUUKYOKU ba="0,1" sc="250,-10,240,30,250,-10,250,-10" hai1="0,8,21,24,30,34,35,46,48,54,57,60,64" /><INIT seed="1,1,1,5,2,106" ten="240,270,240,240" oya="1" hai0="16,1,25,124,19,128,54,32,112,102,99,42,92" hai1="100,31,120,41,78,119,107,34,97,39,88,20,111" hai2="118,33,3,115,36,76,35,104,8,114,17,40,98" hai3="84,85,131,69,58,61,47,24,37,57,122,83,4"/><U49/><E119/><V105/><F118/><W28/><G122/><T77/><D112/><N who="2" m="43050" /><F76/><W51/><G37/><T132/><D1/><U71/><E39/><V108/><F108/><W38/><G38/><T63/><D128/><U59/><E120/><V52/><F52/><N who="3" m="29823" /><G69/><T66/><D124/><U110/><E71/><V55/><F55/><W45/><G45/><T96/><D132/><U15/><E34/><N who="2" m="12811" /><F98/><W43/><G43/><T26/><D42/><U129/><E41/><V94/><F94/><W90/><G131/><T14/><D77/><U121/><E129/><V13/><F3/><W86/><G4/><T117/><D117/><U81/><E121/><V12/><F13/><W123/><G123/><T29/><D96/><U79/><E49/><V46/><AGARI ba="1,1" hai="8,12,17,36,40,46,104,105" m="12811,43050" machi="46" ten="40,1500,0" yaku="11,1" doraHai="106" who="2" fromWho="2" sc="240,-5,270,-8,240,28,240,-5" /><INIT seed="2,0,0,3,2,49" ten="235,262,268,235" oya="2" hai0="115,86,87,65,16,134,66,34,45,4,79,72,89" hai1="130,71,133,6,107,88,10,33,51,124,126,38,131" hai2="74,64,122,25,117,12,96,19,1,57,101,31,24" hai3="56,82,73,97,85,35,48,46,113,112,28,62,53"/><V29/><F117/><W42/><G73/><T75/><D34/><U68/><E38/><V119/><F119/><W67/><G97/><T60/><D115/><U59/><E33/><V106/><F122/><W110/><G28/><T22/><D134/><U5/><E107/><V90/><F1/><W18/><G35/><T98/><D72/><U58/><E133/><V47/><F47/><W114/><G18/><T108/><D75/><U30/><E30/><V39/><F39/><W123/><G123/><T132/><D132/><U11/><REACH who="1" step="1"/><E51/><REACH who="1" ten="235,252,268,235" step="2"/><V125/><F106/><W104/><G104/><T50/><D108/><U70/><E70/><V20/><F31/><W2/><G110/><T103/><D4/><U129/><E129/><V135/><F135/><W8/><G113/><T36/><D36/><U100/><E100/><V109/><F101/><W105/><G105/><T44/><D103/><U77/><E77/><V15/><F109/><W69/><G69/><T111/><D79/><U37/><E37/><V102/><F102/><W78/><G112/><T81/><D111/><U84/><E84/><V52/><F29/><W21/><G114/><T7/><D7/><U14/><E14/><V26/><F12/><W27/><G2/><T91/><D98/><U41/><E41/><V127/><F15/><W54/><G8/><T99/><D99/><U61/><E61/><V121/><F96/><W43/><G43/><N who="0" m="24863" /><D60/><U3/><E3/><V9/><F74/><W118/><G118/><T40/><D87/><U23/><E23/><V93/><F20/><W116/><G116/><T80/><D86/><RYUUKYOKU ba="0,1" sc="235,-15,252,15,268,-15,235,15" hai1="5,6,10,11,58,59,68,71,88,124,126,130,131" hai3="21,27,42,46,48,53,54,56,62,67,78,82,85" /><INIT seed="3,1,1,1,1,71" ten="220,267,253,250" oya="3" hai0="64,35,49,118,119,39,26,10,105,114,30,125,24" hai1="109,89,85,4,66,78,61,122,108,92,127,91,52" hai2="123,14,102,1,98,65,69,23,88,13,32,8,20" hai3="6,59,111,117,112,40,18,134,48,120,87,124,56"/><W3/><G112/><T42/><D105/><U60/><E122/><V110/><F1/><W53/><G117/><T21/><D114/><U128/><E127/><V131/><F32/><W37/><G120/><T93/><D125/><U44/><E4/><V84/><F123/><W50/><G124/><T67/><D10/><U90/><E128/><V15/><F131/><W116/><G116/><T82/><D82/><N who="1" m="47319" /><E44/><V9/><F110/><N who="1" m="42601" /><E52/><V47/><F47/><N who="3" m="25703" /><G37/><T31/><D49/><U57/><E61/><V43/><F43/><W28/><G3/><T95/><D42/><U99/><AGARI ba="1,1" hai="57,60,66,89,90,91,92,99" m="42601,47319" machi="99" ten="30,1100,0" yaku="14,1" doraHai="71" who="1" fromWho="1" sc="220,-4,267,24,253,-4,250,-6" /><INIT seed="4,0,0,4,0,127" ten="216,291,249,244" oya="0" hai0="81,92,91,74,45,18,66,44,135,2,99,56,68" hai1="0,35,59,105,49,106,83,77,124,78,84,73,104" hai2="17,60,108,27,96,16,41,86,131,1,38,7,47" hai3="130,22,30,89,34,115,55,113,8,87,129,39,79"/><T69/><D2/><U23/><E35/><V33/><F108/><W72/><G39/><T46/><D135/><U101/><E0/><V112/><F112/><N who="3" m="43083" /><G34/><T42/><D42/><U63/><E49/><V3/><F86/><W14/><G55/><T50/><D18/><U29/><E124/><V26/><F26/><N who="3" m="16727" /><G79/><T40/><D40/><U80/><E101/><V75/><F75/><W12/><G72/><T119/><D119/><U102/><E102/><V133/><F33/><W82/><G14/><T15/><D15/><U11/><E104/><V120/><F3/><W53/><G53/><T71/><D50/><U13/><E29/><V19/><F1/><W43/><G43/><T76/><REACH who="0" step="1"/><D56/><REACH who="0" ten="206,291,249,244" step="2"/><U64/><E23/><V123/><F19/><AGARI ba="0,1" hai="8,12,19,82,87,89,129,130" m="16727,43083" machi="19" ten="30,3900,0" yaku="15,1,52,2" doraHai="127" who="3" fromWho="2" sc="206,0,291,0,249,-39,244,49" /><AGARI ba="0,0" hai="11,13,19,59,63,64,73,77,78,80,83,84,105,106" machi="19" ten="30,1000,0" yaku="7,1" doraHai="127" who="1" fromWho="2" sc="206,0,291,10,210,-10,293,0" owari="206,-19.0,301,40.0,200,-30.0,293,9.0" /></mjloggm>