<mjloggm ver="2.3"><GO type="41" lobby="0"/><UN n0="%E5%8D%81%E9%A6%AC" n1="%74%75%6F%6D%75%32" n2="%E5%B0%B1%E6%B4%BB%E7%94%9F%40%E5%B7%9D%E6%9D%91%E8%BB%8D%E5%9B%A3" n3="%6A%65%74%5F%68%6F%77%6B" dan="14,14,17,14" rate="1893.35,1992.15,2122.87,1896.65" sx="M,M,M,M"/><TAIKYOKU oya="0"/><INIT seed="0,0,0,1,4,123" ten="250,250,250,250" oya="0" hai0="45,77,38,94,98,21,80,28,105,15,1,14,23" hai1="130,18,56,76,134,132,30,40,114,5,17,116,50" hai2="54,2,83,125,62,115,117,33,96,16,8,103,20" hai3="60,51,6,129,110,58,55,42,11,87,47,67,100"/><T128/><D128/><U101/><E116/><V12/><F33/><W106/><G129/><T34/><D1/><U133/><E130/><V44/><F117/><W119/><G119/><T86/><D105/><U43/><E101/><V93/><F115/><W70/><G87/><T118/><D118/><U64/><E114/><V48/><F125/><W36/><G100/><T68/><D68/><U113/><E113/><V73/><F62/><W111/><G106/><T91/><D34/><U82/><E30/><V72/><REACH who="2" step="1"/><F83/><REACH who="2" ten="250,250,240,250" step="2"/><W31/><REACH who="3" step="1"/><G31/><REACH who="3" ten="250,250,240,240" step="2"/><T102/><D28/><U81/><E134/><V22/><F22/><W13/><AGARI ba="0,2" hai="6,11,13,36,42,47,51,55,58,60,67,70,110,111" machi="13" ten="30,12000,2" yaku="1,1,2,1,0,1,24,2,52,2,53,0" doraHai="123" doraHaiUra="95" who="3" fromWho="3" sc="250,-60,250,-30,240,-30,240,140" /><INIT seed="1,0,0,3,5,135" ten="190,220,210,380" oya="1" hai0="53,127,38,71,93,131,133,29,129,115,64,15,1" hai1="106,134,49,109,78,3,36,50,80,132,105,88,91" hai2="87,100,76,48,7,9,40,16,47,95,18,32,55" hai3="121,114,104,98,128,60,86,102,63,74,99,81,92"/><U43/><E3/><V4/><F32/><W89/><G60/><T117/><D117/><U41/><E36/><V42/><F7/><W11/><G11/><T77/><D1/><U26/><E26/><V61/><F100/><W46/><G46/><T85/><D77/><U72/><E109/><V83/><F95/><W82/><G63/><T111/><D38/><U21/><E21/><V17/><REACH who="2" step="1"/><F61/><REACH who="2" ten="190,220,200,380" step="2"/><W13/><G121/><T66/><D93/><U12/><E134/><V31/><F31/><W110/><G114/><T28/><D29/><U75/><E132/><V8/><F8/><W65/><G110/><T84/><D28/><U118/><E118/><V96/><F96/><W130/><G65/><T101/><D133/><U62/><E62/><V112/><F112/><W6/><G6/><T73/><D115/><U25/><E106/><V22/><F22/><W108/><G108/><T113/><D113/><U35/><E35/><V68/><F68/><W20/><G20/><T58/><D111/><U116/><E105/><V94/><F94/><W67/><G67/><T44/><D71/><U24/><E116/><V51/><F51/><W79/><G13/><AGARI ba="0,1" hai="4,9,13,16,17,18,40,42,47,48,55,76,83,87" machi="13" ten="40,5200,0" yaku="1,1,8,1,54,1,53,0" doraHai="135" doraHaiUra="124" who="2" fromWho="3" sc="190,0,220,0,200,62,380,-52" /><INIT seed="2,0,0,3,5,58" ten="190,220,262,328" oya="2" hai0="76,29,122,71,40,91,19,34,75,112,109,43,133" hai1="123,118,52,113,79,22,16,101,44,25,62,95,13" hai2="9,126,124,73,38,0,97,59,115,10,72,135,70" hai3="127,131,81,132,20,41,30,53,77,3,35,65,31"/><V14/><F70/><W39/><G20/><T121/><D91/><U26/><E113/><V100/><F38/><W90/><G31/><T47/><D19/><U78/><E118/><V92/><F115/><W94/><G53/><T68/><D29/><U130/><E130/><V37/><F37/><W67/><G131/><T46/><D76/><U74/><E74/><V98/><F135/><W42/><G3/><T17/><D17/><U61/><E123/><V4/><F59/><W120/><G120/><T51/><D75/><U33/><E33/><V125/><REACH who="2" step="1"/><F98/><REACH who="2" ten="190,220,252,328" step="2"/><W63/><G132/><T11/><D133/><U86/><E86/><V66/><F66/><W28/><G39/><T2/><D112/><U106/><E106/><V96/><F96/><W80/><G67/><T114/><D114/><U134/><E134/><V1/><F1/><W12/><G65/><T6/><D71/><U69/><E69/><V56/><F56/><W21/><G41/><T57/><D68/><U48/><E101/><V82/><F82/><W111/><G42/><T23/><D43/><U104/><E104/><V60/><F60/><N who="1" m="23145" /><E95/><V110/><F110/><W15/><G81/><T105/><D40/><U102/><E102/><V93/><F93/><W89/><G80/><T103/><D105/><U84/><E84/><V27/><F27/><AGARI ba="0,1" hai="13,16,22,25,26,27,44,48,52,78,79" m="23145" machi="27" ten="30,12000,2" yaku="8,1,52,3,54,2" doraHai="58" who="1" fromWho="2" sc="190,0,220,130,252,-120,328,0" /><INIT seed="3,0,0,0,3,21" ten="190,350,132,328" oya="3" hai0="120,43,107,73,108,104,66,94,112,109,121,82,93" hai1="124,130,22,114,76,48,132,129,123,89,113,6,30" hai2="69,50,41,127,61,16,97,11,84,3,14,92,72" hai3="106,65,4,75,9,64,58,2,77,47,42,62,105"/><W23/><G65/><T63/><D43/><U59/><E123/><N who="0" m="47177" /><D63/><U38/><E38/><V86/><F72/><W119/><G119/><T80/><D66/><U45/><E76/><V0/><F127/><W126/><G126/><T90/><D112/><U87/><E124/><V133/><F133/><W29/><G29/><T70/><D70/><U52/><E132/><V111/><F111/><N who="0" m="42570" /><D73/><U51/><E6/><V74/><F74/><W10/><G10/><T49/><D49/><U46/><E46/><V118/><F69/><W55/><G55/><T135/><D135/><U13/><E13/><V35/><F35/><W28/><G28/><T57/><D57/><U68/><E68/><V12/><F61/><W88/><G88/><T24/><D24/><N who="1" m="16663" /><E48/><V39/><F39/><N who="3" m="21983" /><G23/><T128/><D128/><N who="1" m="49259" /><E45/><N who="2" m="25903" /><F118/><W56/><G56/><T19/><D19/><U100/><E100/><N who="2" m="60455" /><F0/><W117/><G117/><T110/><N who="0" m="42578" /><T17/><DORA hai="44" /><D17/><U53/><E53/><V131/><F3/><W34/><G34/><T40/><D40/><U115/><E115/><V103/><F131/><W96/><G96/><N who="0" m="57399" /><D94/><AGARI ba="0,0" hai="51,52,59,87,89,94,113,114" m="49259,16663" machi="94" ten="30,7700,0" yaku="19,1,52,2,54,1" doraHai="21,44" who="1" fromWho="0" sc="190,-77,350,77,132,0,328,0" /><INIT seed="4,0,0,2,2,126" ten="113,427,132,328" oya="0" hai0="84,25,108,22,133,134,83,129,3,92,50,104,123" hai1="98,45,43,82,89,8,29,135,27,21,38,9,63" hai2="61,6,23,109,121,132,76,36,111,106,70,5,107" hai3="10,44,103,53,88,85,124,7,94,40,48,54,114"/><T110/><D123/><U112/><E135/><N who="0" m="51721" /><D108/><U105/><E112/><V49/><F36/><W41/><G114/><T118/><D3/><U113/><E105/><V39/><F39/><W47/><G124/><T62/><D104/><U100/><E113/><V59/><F121/><W30/><G30/><N who="0" m="17719" /><D92/><U56/><E100/><V51/><F132/><W0/><G103/><T80/><D110/><U68/><E68/><V130/><F70/><W2/><REACH who="3" step="1"/><G2/><REACH who="3" ten="113,427,132,318" step="2"/><T20/><D20/><U73/><E8/><V81/><F111/><W77/><G77/><N who="0" m="46095" /><D118/><U26/><E9/><V117/><F109/><W52/><G52/><T16/><D50/><AGARI ba="0,1" hai="0,7,10,40,41,44,47,48,50,53,54,85,88,94" machi="50" ten="30,12000,2" yaku="1,1,7,1,9,1,54,1,53,2" doraHai="126" doraHaiUra="37" who="3" fromWho="0" sc="113,-120,427,0,132,0,318,130" owari="-7,-51.0,427,23.0,132,-27.0,448,55.0" /></mjloggm>