<mjloggm ver="2.3"><GO type="225" lobby="0"/><UN n0="%E5%B0%B1%E6%B4%BB%E7%94%9F%40%E5%B7%9D%E6%9D%91%E8%BB%8D%E5%9B%A3" n1="%E3%81%8D%E3%81%BF%E3%81%9F%E3%81%BE%E3%81%94" n2="%6B%79%6F%6E%6B%6F%31%31" n3="%E3%82%A6%E3%83%92%E3%83%A7%E5%8A%A9" dan="17,16,17,18" rate="2088.36,2102.74,2115.11,2302.16" sx="M,M,M,M"/><TAIKYOKU oya="0"/><INIT seed="0,0,0,1,3,131" ten="250,250,250,250" oya="0" hai0="27,65,116,21,91,50,28,129,77,95,106,118,93" hai1="56,38,100,14,117,134,78,126,89,20,3,112,90" hai2="109,58,7,44,68,10,66,99,9,63,76,13,86" hai3="128,111,88,124,24,39,16,72,15,51,41,130,115"/><T33/><D106/><U85/><E3/><V22/><F109/><W102/><G115/><T80/><D129/><N who="3" m="49769" /><G72/><T101/><D65/><U103/><E38/><V125/><F125/><W40/><G111/><T37/><D37/><U54/><E112/><V60/><F44/><W62/><G124/><T19/><D101/><N who="1" m="38987" /><E117/><V73/><F99/><W119/><G119/><T45/><D95/><U82/><E134/><V104/><F104/><W121/><G121/><T47/><D116/><U0/><E0/><V123/><F123/><W43/><G24/><T71/><D71/><U120/><E120/><V36/><F36/><W34/><G34/><T98/><D118/><U84/><E126/><V31/><F73/><W17/><G102/><T35/><D45/><U113/><E113/><V30/><F22/><N who="3" m="11551" /><G17/><T94/><D19/><N who="1" m="10359" /><E84/><V29/><F10/><W74/><G74/><T25/><D25/><U61/><AGARI ba="0,0" hai="54,56,61,78,82,85,89,90" m="10359,38987" machi="61" ten="30,1100,0" yaku="8,1" doraHai="131" who="1" fromWho="1" sc="250,-5,250,11,250,-3,250,-3" /><INIT seed="1,0,0,5,0,60" ten="245,261,247,247" oya="1" hai0="18,26,35,94,67,97,15,134,105,100,66,71,79" hai1="54,124,32,80,5,111,75,91,115,92,55,31,93" hai2="58,23,33,70,127,8,82,87,109,64,112,76,1" hai3="126,9,50,130,25,2,108,99,21,116,89,81,119"/><U73/><E115/><V74/><F33/><W22/><G130/><T103/><D134/><U118/><E118/><N who="3" m="45098" /><G126/><T63/><D79/><U13/><E124/><V19/><F70/><W125/><G125/><T20/><D67/><U72/><E111/><V12/><F127/><W48/><G108/><T121/><D121/><U61/><E31/><V17/><F109/><W113/><G113/><T3/><D3/><U83/><E32/><V131/><F131/><W65/><G65/><T46/><D46/><U120/><E120/><V69/><F69/><W7/><G22/><T59/><D59/><U123/><E61/><N who="2" m="37943" /><F74/><W44/><G44/><T6/><D6/><U36/><E36/><V30/><F1/><W96/><G81/><N who="1" m="31306" /><E123/><V56/><F112/><W122/><G122/><T47/><D47/><U90/><E13/><N who="2" m="7335" /><F56/><W40/><G40/><T38/><D38/><U14/><E14/><V102/><F102/><W16/><G99/><T129/><D129/><U52/><E5/><V88/><F30/><W41/><G41/><T107/><D103/><U117/><E117/><V106/><F106/><W98/><G98/><T132/><D132/><U135/><E135/><V24/><F12/><W77/><G77/><AGARI ba="0,0" hai="19,23,24,76,77,82,87,88" m="7335,37943" machi="77" ten="30,3900,0" yaku="8,1,52,1,54,1" doraHai="60" who="2" fromWho="3" sc="245,0,261,0,247,39,247,-39" /><INIT seed="2,0,0,5,0,94" ten="245,261,286,208" oya="2" hai0="40,121,119,125,78,118,63,66,85,105,13,90,71" hai1="115,75,4,14,114,47,100,123,60,37,58,35,97" hai2="56,41,129,112,39,2,50,117,108,20,38,44,111" hai3="22,34,102,8,92,86,27,30,0,46,57,116,51"/><V104/><F2/><W18/><G116/><N who="0" m="44587" /><D105/><U80/><E35/><V72/><F117/><W101/><G57/><T21/><D125/><U16/><E4/><V15/><F72/><W28/><G34/><T81/><D121/><U130/><E130/><V31/><F104/><W98/><G0/><T29/><D40/><U65/><E123/><V77/><F77/><W12/><G86/><T89/><D29/><U99/><E100/><V19/><F129/><W68/><G68/><T69/><D69/><U36/><E36/><V7/><F7/><W61/><G61/><T9/><D21/><N who="1" m="11415" /><E37/><V91/><F31/><W88/><REACH who="3" step="1"/><G30/><REACH who="3" ten="245,261,286,198" step="2"/><T5/><AGARI ba="0,1" hai="5,9,13,63,66,71,78,81,85,89,90" m="44587" machi="5" ten="30,1100,0" yaku="12,1" doraHai="94" who="0" fromWho="0" sc="245,21,261,-3,286,-5,198,-3" /><INIT seed="3,0,0,0,0,81" ten="266,258,281,195" oya="3" hai0="1,85,14,99,79,29,101,133,123,16,127,131,91" hai1="31,12,50,54,92,0,87,38,59,102,122,68,37" hai2="132,70,42,128,52,72,6,60,57,9,119,130,78" hai3="96,58,34,115,126,135,86,4,17,69,114,3,35"/><W15/><G69/><T77/><D1/><U64/><E0/><V103/><F103/><W104/><G135/><T7/><D123/><U45/><E122/><V8/><F132/><W89/><G126/><T30/><D133/><U82/><E31/><N who="0" m="11785" /><D127/><U61/><E12/><V83/><F119/><W106/><G3/><T76/><D131/><N who="2" m="50218" /><F42/><W46/><G4/><T39/><D39/><U107/><E107/><V93/><F6/><W111/><G111/><T21/><D7/><U44/><E68/><V88/><F70/><W2/><G2/><T100/><D99/><AGARI ba="0,0" hai="8,9,52,57,60,72,78,83,88,93,99" m="50218" machi="99" ten="30,3900,0" yaku="19,1,54,2" doraHai="81" who="2" fromWho="0" sc="266,-39,258,0,281,39,195,0" owari="227,-17.0,258,6.0,320,41.0,195,-30.0" /></mjloggm>