<mjloggm ver="2.3"><GO type="97" lobby="0"/><UN n0="%E8%8F%B1%E3%83%9E%E3%83%8B%E3%82%A2" n1="%E4%B8%AD%E6%9D%91" n2="%E9%9B%B2%E5%A4%96%E8%92%BC%E5%A4%A9" n3="%E5%B0%B1%E6%B4%BB%E7%94%9F%40%E5%B7%9D%E6%9D%91%E8%BB%8D%E5%9B%A3" dan="15,14,14,15" rate="1965.13,1938.91,1816.95,2021.23" sx="M,M,M,M"/><TAIKYOKU oya="0"/><INIT seed="0,0,0,1,2,92" ten="250,250,250,250" oya="0" hai0="46,49,47,36,11,12,75,26,1,80,66,50,15" hai1="125,56,72,118,58,97,83,16,85,78,34,114,90" hai2="71,105,89,19,91,103,14,2,57,100,74,111,31" hai3="13,132,55,42,102,96,121,101,48,21,29,116,61"/><T84/><D75/><U115/><E34/><V24/><F71/><W106/><G116/><T52/><D66/><U60/><E118/><V44/><F2/><W5/><G121/><T94/><D94/><U126/><E72/><V88/><F74/><W54/><G132/><T51/><D36/><U107/><E60/><V9/><F111/><W104/><G29/><T99/><D99/><U123/><E58/><V17/><F17/><W69/><G69/><T119/><D119/><U95/><E56/><V3/><F3/><W129/><G129/><T124/><D124/><N who="1" m="47723" /><E16/><V82/><F82/><W67/><G102/><T28/><D51/><U109/><E109/><V65/><F44/><W6/><G104/><T76/><D11/><U135/><E135/><V41/><F41/><W23/><G42/><T113/><D113/><N who="1" m="43019" /><E107/><V128/><F128/><W70/><G54/><T68/><D68/><U30/><E30/><V40/><F40/><W22/><REACH who="3" step="1"/><G13/><REACH who="3" ten="250,250,250,240" step="2"/><T64/><D1/><U8/><E8/><V110/><F105/><W108/><G108/><T27/><D64/><U37/><E37/><V134/><F110/><W86/><G86/><T93/><D27/><U33/><E33/><V0/><F134/><W63/><G63/><T45/><D26/><U130/><E130/><V43/><F24/><W120/><G120/><AGARI ba="0,1" hai="78,83,85,90,95,97,120,123" m="43019,47723" machi="120" ten="30,8000,1" yaku="18,1,11,1,34,2,52,1" doraHai="92" who="1" fromWho="3" sc="250,0,250,90,250,0,240,-80" /><INIT seed="1,0,0,2,3,108" ten="250,340,250,160" oya="1" hai0="9,23,45,46,128,133,78,104,126,64,62,48,55" hai1="71,125,122,90,26,123,19,121,130,93,82,115,33" hai2="132,116,8,21,61,79,95,94,69,91,105,114,83" hai3="13,68,127,97,31,70,28,134,96,47,89,14,41"/><U77/><E71/><V88/><F116/><W98/><G127/><T110/><D104/><U124/><E19/><V103/><F69/><W57/><G134/><T37/><D78/><U60/><E60/><V59/><F8/><W42/><G89/><T7/><D133/><U75/><E26/><V3/><F3/><W81/><G81/><T67/><D126/><N who="1" m="48747" /><E33/><V36/><F36/><W20/><G96/><T72/><D72/><U1/><E1/><V40/><F40/><W66/><G57/><T87/><D87/><N who="1" m="52447" /><E115/><V34/><F34/><W6/><G47/><T15/><D67/><U131/><AGARI ba="0,0" hai="75,77,82,121,122,123,130,131" m="52447,48747" machi="131" ten="40,7800,0" yaku="18,1,34,2" doraHai="108" who="1" fromWho="1" sc="250,-26,340,78,250,-26,160,-26" /><INIT seed="1,1,0,2,4,56" ten="224,418,224,134" oya="1" hai0="120,8,12,62,96,116,124,134,22,1,109,80,11" hai1="68,13,122,0,92,65,106,57,3,10,93,20,64" hai2="5,4,135,38,66,115,47,2,108,95,107,75,86" hai3="39,88,15,111,78,29,36,67,87,91,94,126,51"/><U130/><E106/><V27/><F108/><W60/><G111/><T81/><D116/><U7/><E68/><V119/><F107/><W26/><G126/><T6/><D109/><U73/><E73/><V113/><F119/><W103/><G78/><T69/><D124/><U58/><E130/><V104/><F104/><W70/><G103/><T83/><D134/><U46/><E122/><V129/><F75/><W132/><G132/><T37/><D37/><U25/><E0/><V131/><F135/><W19/><G51/><T52/><D22/><U54/><E3/><V118/><F118/><W9/><REACH who="3" step="1"/><G91/><REACH who="3" ten="224,418,224,124" step="2"/><T133/><D133/><U43/><E64/><V99/><F66/><W45/><G45/><T16/><D120/><U17/><E65/><V74/><F131/><W18/><G18/><T97/><REACH who="0" step="1"/><D69/><REACH who="0" ten="214,418,224,124" step="2"/><U71/><E71/><V101/><F129/><W112/><G112/><T42/><D42/><U44/><E44/><V114/><F47/><W28/><G28/><T123/><D123/><U41/><E41/><V100/><F115/><W76/><G76/><T23/><D23/><AGARI ba="1,2" hai="9,15,19,23,26,29,36,39,60,67,70,87,88,94" machi="23" ten="30,7700,0" yaku="1,1,7,1,52,1,54,1,53,0" doraHai="56" doraHaiUra="31" who="3" fromWho="0" sc="214,-80,418,0,224,0,124,100" /><INIT seed="2,0,0,2,5,66" ten="134,418,224,224" oya="2" hai0="116,131,51,130,63,28,41,134,91,48,118,36,132" hai1="89,127,83,1,49,69,60,47,50,75,4,88,86" hai2="108,101,55,39,135,40,31,17,99,133,54,112,111" hai3="117,96,19,84,115,82,18,114,103,64,0,12,123"/><V102/><F112/><N who="3" m="43051" /><G0/><T87/><D28/><U68/><E75/><V35/><F101/><W20/><G123/><T5/><D5/><U6/><E1/><V90/><F90/><N who="3" m="51479" /><G117/><N who="0" m="45163" /><D91/><U46/><E60/><V105/><F17/><N who="3" m="10279" /><G64/><T58/><D87/><U71/><E86/><V85/><F85/><W21/><G21/><T33/><D33/><U97/><E71/><V43/><F35/><W45/><G45/><N who="0" m="23719" /><D58/><U107/><E107/><AGARI ba="0,0" hai="18,19,96,103,107" m="10279,51479,43051" machi="107" ten="30,1000,0" yaku="11,1" doraHai="66" who="3" fromWho="1" sc="134,0,418,-10,224,0,224,10" /><INIT seed="3,0,0,0,5,102" ten="134,408,224,234" oya="3" hai0="132,123,85,109,99,55,98,60,112,21,77,106,8" hai1="107,110,44,130,27,84,51,134,40,13,7,96,135" hai2="83,37,65,30,87,126,9,79,88,122,113,75,117" hai3="100,63,54,94,32,38,36,81,62,115,29,97,46"/><W20/><G115/><T6/><D123/><U116/><E110/><V16/><F113/><W58/><G32/><T93/><D112/><U76/><E130/><V82/><F117/><W43/><G38/><T133/><D21/><U15/><E27/><V103/><F30/><W90/><G29/><T118/><D118/><U73/><E73/><V91/><F103/><W89/><G20/><T2/><D55/><U80/><E116/><V18/><F37/><W10/><G10/><T108/><D60/><U64/><E64/><V105/><F65/><W125/><G125/><T25/><D25/><U31/><E31/><V129/><F129/><W3/><G3/><T4/><D4/><U49/><E49/><V72/><F9/><W124/><G124/><T61/><D61/><U34/><E34/><V56/><F56/><W22/><G22/><T119/><D119/><U26/><E26/><V33/><F126/><W131/><G131/><T104/><D99/><U19/><E19/><V0/><F0/><W47/><G47/><T50/><D50/><U5/><E5/><V41/><F33/><W78/><G63/><T121/><D121/><U14/><E7/><V120/><F41/><W70/><G70/><T101/><D85/><AGARI ba="0,0" hai="36,43,46,54,58,62,78,81,85,89,90,94,97,100" machi="85" ten="30,1500,0" yaku="7,1" doraHai="102" who="3" fromWho="0" sc="134,-15,408,0,224,0,234,15" /><INIT seed="3,1,0,3,4,10" ten="119,408,224,249" oya="3" hai0="119,38,133,111,120,96,125,18,78,46,69,15,77" hai1="33,115,43,95,112,103,63,61,134,41,92,13,34" hai2="97,39,124,17,123,108,36,59,68,40,98,74,37" hai3="84,20,42,110,89,26,83,51,81,130,31,88,107"/><W91/><G107/><T85/><D120/><U45/><E45/><V66/><F108/><W54/><G110/><T24/><D111/><U129/><E103/><V76/><F123/><W109/><G109/><T14/><D69/><U1/><E1/><V99/><F40/><W122/><G122/><T64/><D64/><U27/><E27/><V116/><F116/><W72/><G130/><T4/><D119/><U135/><E13/><V127/><F68/><W94/><G42/><T55/><D133/><U71/><E71/><V132/><F132/><W35/><G35/><T113/><D113/><U121/><E121/><V114/><F114/><W2/><G2/><T3/><D125/><N who="2" m="48202" /><F17/><W6/><G6/><T102/><D78/><U52/><E52/><V25/><F25/><W53/><G53/><T21/><D4/><U12/><E12/><V70/><F70/><W80/><REACH who="3" step="1"/><G72/><REACH who="3" ten="119,408,224,239" step="2"/><T73/><D73/><U58/><E129/><V57/><F66/><W75/><G75/><T67/><D67/><U126/><E126/><V60/><F60/><W106/><G106/><T82/><D3/><U22/><E22/><V47/><F47/><AGARI ba="1,1" hai="20,26,31,47,51,54,80,81,83,84,88,89,91,94" machi="47" ten="40,7700,0" yaku="1,1,8,1,54,1,53,0" doraHai="10" doraHaiUra="128" who="3" fromWho="2" sc="119,0,408,0,224,-80,239,90" /><INIT seed="3,2,0,5,0,64" ten="119,408,144,329" oya="3" hai0="76,8,115,41,22,80,116,123,50,107,23,14,21" hai1="130,135,46,84,62,57,49,32,90,70,55,16,28" hai2="36,109,31,53,15,78,105,38,37,1,68,60,27" hai3="4,17,51,71,30,35,69,47,58,95,61,18,77"/><W39/><G39/><T118/><D123/><U40/><E32/><V112/><F109/><W12/><G77/><T65/><D107/><U102/><E28/><V103/><F112/><W44/><G4/><T94/><D94/><U119/><E102/><V108/><F15/><W117/><G117/><T59/><D115/><U6/><E6/><V129/><F108/><W113/><G113/><T132/><D132/><U121/><E121/><V86/><F86/><W2/><G2/><T72/><D65/><U73/><E73/><V83/><F129/><W127/><G127/><T124/><D124/><U42/><E130/><V97/><F53/><W45/><G51/><T82/><D82/><U63/><E135/><V128/><F128/><W120/><G120/><T125/><D125/><U126/><E126/><V81/><F1/><W85/><G30/><T99/><D99/><U29/><E29/><V10/><F10/><W26/><G26/><T19/><REACH who="0" step="1"/><D59/><REACH who="0" ten="109,408,144,329" step="2"/><U3/><E57/><V101/><F101/><W66/><G35/><T9/><D9/><U111/><E119/><V0/><F0/><W20/><G18/><T24/><D24/><U7/><E16/><V114/><F114/><W67/><G67/><T93/><D93/><U100/><E7/><V52/><F52/><W133/><G133/><T74/><D74/><U134/><E55/><V98/><F98/><W33/><G33/><T34/><D34/><U48/><E134/><V131/><F131/><W5/><G5/><T91/><D91/><U43/><E90/><V88/><F88/><N who="3" m="53647" /><G58/><T13/><D13/><U87/><E3/><RYUUKYOKU ba="2,1" sc="109,15,408,-15,144,-15,329,15" hai0="8,14,19,21,22,23,41,50,72,76,80,116,118" hai3="12,17,20,44,45,47,61,66,69,71" /><INIT seed="3,3,1,0,5,24" ten="124,393,129,344" oya="3" hai0="25,129,23,28,27,74,2,101,111,1,112,49,31" hai1="42,14,37,71,123,9,44,119,60,66,86,70,21" hai2="32,19,121,15,38,20,88,41,47,134,90,126,62" hai3="135,102,83,106,104,17,67,55,118,40,50,89,130"/><W127/><G118/><T26/><D74/><U113/><E113/><V78/><F134/><W34/><G34/><T76/><D76/><U117/><E123/><V81/><F126/><W33/><G33/><T5/><D101/><U45/><E21/><V12/><F121/><W7/><G7/><T114/><D49/><U16/><E45/><V92/><F32/><W68/><G135/><T122/><D122/><U108/><E108/><V80/><F62/><W107/><G127/><T64/><D64/><U18/><E18/><V59/><F59/><W4/><G4/><T8/><D111/><U63/><E86/><V58/><F58/><W87/><G130/><T48/><D48/><U105/><E105/><V133/><F133/><W36/><G102/><T93/><D93/><U125/><E125/><V72/><F81/><W6/><G6/><T56/><D56/><U69/><E69/><V85/><F90/><W39/><G40/><T100/><D100/><U30/><E30/><N who="0" m="11305" /><D129/><U52/><E52/><V94/><F94/><W109/><G109/><T96/><D96/><U75/><E75/><V29/><F29/><W3/><G3/><N who="0" m="1035" /><D23/><U61/><E61/><V95/><F95/><W91/><G91/><T131/><D131/><U54/><E54/><V22/><F22/><W103/><G103/><T99/><D99/><U77/><E77/><V98/><F98/><W73/><G73/><T65/><D65/><AGARI ba="3,1" hai="9,14,16,37,42,44,60,63,65,66,70,71,117,119" machi="65" ten="40,2600,0" yaku="9,1,54,1" doraHai="24" who="1" fromWho="0" sc="124,-35,393,45,129,0,344,0" owari="89,-41.0,438,54.0,129,-27.0,344,14.0" /></mjloggm>