<mjloggm ver="2.3"><GO type="169" lobby="0"/><UN n0="%E5%9B%BD%E8%A6%8B%E6%AF%94%E5%91%82" n1="%E5%B0%B1%E6%B4%BB%E7%94%9F%40%E5%B7%9D%E6%9D%91%E8%BB%8D%E5%9B%A3" n2="%42%E3%82%B7%E3%83%A7%E3%82%B3%E3%83%A9" n3="%E5%86%A5%E5%9C%9F%E3%81%AE%E3%83%AF%E3%83%8B%E8%94%B5" dan="17,17,16,18" rate="2129.94,2204.68,2123.90,2232.82" sx="M,M,M,M"/><TAIKYOKU oya="0"/><INIT seed="0,0,0,3,5,32" ten="250,250,250,250" oya="0" hai0="92,74,1,6,134,108,123,116,93,44,122,121,120" hai1="61,49,96,29,80,43,75,117,7,71,51,106,3" hai2="124,70,114,112,55,48,23,68,10,27,67,47,60" hai3="65,50,78,85,72,15,12,35,38,17,107,135,56"/><T52/><D116/><U42/><E117/><V66/><F10/><W20/><G38/><T88/><D74/><U16/><E29/><V127/><F23/><W62/><G72/><T22/><D134/><U99/><E75/><V97/><F97/><W13/><G107/><T128/><D128/><U86/><E71/><V95/><F95/><W59/><G35/><T34/><D34/><U119/><E119/><V31/><F31/><W129/><G129/><T9/><D108/><U125/><E125/><N who="2" m="48203" /><F27/><W26/><G135/><T105/><D105/><U41/><E61/><AGARI ba="0,0" hai="47,48,55,60,61,66,67,68,70,112,114" m="48203" machi="61" ten="30,3900,0" yaku="18,1,34,2" doraHai="32" who="2" fromWho="1" sc="250,0,250,-39,250,39,250,0" /><INIT seed="1,0,0,2,3,13" ten="250,211,289,250" oya="1" hai0="77,105,134,54,63,111,119,52,43,46,114,40,79" hai1="8,25,87,44,82,120,57,76,29,74,133,31,48" hai2="16,55,32,27,17,3,78,102,56,93,61,10,33" hai3="12,113,116,68,88,91,58,89,103,101,9,130,99"/><U34/><E120/><V66/><F78/><W65/><G113/><T106/><D114/><U127/><E127/><V37/><F37/><W23/><G68/><T100/><D119/><U128/><E128/><V24/><F33/><W50/><G116/><T90/><D111/><U64/><E133/><V131/><F131/><W70/><G130/><T124/><D124/><U72/><E31/><V71/><F32/><W53/><G23/><T30/><D30/><U81/><E81/><V15/><F3/><W121/><G121/><T125/><D125/><U108/><E108/><V85/><F17/><N who="3" m="8335" /><G70/><T129/><D129/><U26/><E26/><V112/><F112/><W35/><G35/><T96/><D134/><U20/><E34/><V132/><F132/><W95/><G65/><T19/><D90/><AGARI ba="0,0" hai="50,53,58,88,89,90,91,95,99,101,103" m="8335" machi="90" ten="30,3900,0" yaku="8,1,52,1,54,1" doraHai="13" who="3" fromWho="0" sc="250,-39,211,0,289,0,250,39" /><INIT seed="2,0,0,4,1,53" ten="211,211,289,289" oya="2" hai0="90,119,55,134,126,37,4,9,35,10,7,6,27" hai1="56,12,102,61,103,58,121,69,96,133,79,57,47" hai2="14,44,15,123,34,78,32,127,24,88,72,59,130" hai3="67,48,43,94,19,95,39,42,52,51,84,117,111"/><V65/><F123/><W89/><G117/><T20/><D37/><U81/><E121/><V29/><F130/><W120/><G111/><T128/><D128/><U66/><E133/><V99/><F127/><W113/><G120/><T87/><D35/><U5/><E47/><V11/><F34/><W101/><G39/><T1/><D134/><U33/><E33/><V70/><F70/><W80/><G113/><T31/><D126/><U60/><E96/><V46/><F72/><W106/><G67/><T74/><D74/><U132/><E132/><V105/><F78/><W41/><G51/><T98/><D119/><U82/><E61/><V135/><F135/><W85/><G19/><T30/><D30/><U13/><E82/><V21/><F32/><W73/><G73/><T71/><D71/><U86/><REACH who="1" step="1"/><E5/><REACH who="1" ten="211,201,289,289" step="2"/><N who="2" m="3439" /><F105/><W2/><G106/><T23/><D98/><U63/><E63/><N who="2" m="38143" /><F15/><AGARI ba="0,1" hai="12,13,15,56,57,58,60,66,69,79,81,86,102,103" machi="15" ten="40,8000,1" yaku="1,1,52,3,53,0" doraHai="53" doraHaiUra="116" who="1" fromWho="2" sc="211,0,201,90,289,-80,289,0" /><INIT seed="3,0,0,4,1,101" ten="211,291,209,289" oya="3" hai0="39,108,113,111,92,74,29,5,88,65,13,112,9" hai1="14,78,17,114,36,49,19,20,100,27,33,121,40" hai2="135,26,132,8,85,38,87,110,48,75,125,30,94" hai3="67,98,60,77,6,32,15,10,72,117,102,91,130"/><W84/><G117/><T71/><D74/><U53/><E121/><V7/><F38/><W122/><G122/><T3/><D39/><U35/><E114/><N who="0" m="44137" /><D29/><U23/><E78/><V51/><F75/><W119/><G130/><T34/><D34/><U66/><E66/><V69/><F69/><W89/><G119/><T127/><D127/><U55/><E100/><V126/><F110/><N who="0" m="42026" /><D65/><U120/><E120/><V41/><F94/><W59/><G32/><T73/><D73/><U96/><E96/><V50/><F41/><W31/><G31/><T131/><D131/><U95/><E95/><V90/><F90/><W54/><G72/><T83/><D71/><U37/><E40/><V115/><F115/><W44/><G77/><T18/><D83/><U28/><E53/><V134/><F30/><W124/><G124/><N who="2" m="47721" /><F26/><W58/><G84/><N who="2" m="32329" /><F8/><W79/><G79/><T16/><D13/><U116/><E116/><V12/><F12/><W24/><G24/><T109/><N who="0" m="42034" /><T93/><DORA hai="42" /><D93/><U57/><E35/><V80/><F80/><W104/><G89/><T61/><D61/><U81/><E81/><V21/><F21/><W82/><G91/><T118/><D118/><U105/><E36/><V25/><F25/><W64/><G82/><T107/><D107/><U99/><E37/><V56/><F56/><W76/><G59/><T103/><D103/><N who="1" m="62719" /><E33/><V43/><F43/><W11/><G76/><T2/><D2/><U47/><E57/><V62/><F62/><W86/><G104/><T46/><D46/><U0/><E0/><V123/><F123/><W52/><G44/><RYUUKYOKU ba="0,0" sc="211,10,291,10,209,10,289,-30" hai0="3,5,9,16,18,88,92" hai1="14,17,19,20,23,27,28,47,49,55" hai2="7,48,50,51,132,134,135" /><INIT seed="4,1,0,3,2,51" ten="221,301,219,259" oya="0" hai0="6,91,7,14,133,116,117,60,93,104,81,92,131" hai1="62,66,114,105,84,12,78,43,77,40,4,56,75" hai2="100,31,106,21,126,68,88,17,20,50,49,127,97" hai3="101,120,119,11,35,89,128,132,52,18,129,76,10"/><T38/><D104/><U73/><E105/><V58/><F68/><W99/><G120/><T112/><D38/><U54/><E114/><V13/><F31/><W96/><G119/><T37/><D37/><U41/><E84/><V32/><F32/><W90/><G76/><N who="1" m="29290" /><E75/><V63/><F21/><W64/><G64/><T15/><D112/><U72/><E72/><V125/><REACH who="2" step="1"/><F88/><REACH who="2" ten="221,301,209,259" step="2"/><N who="3" m="33899" /><G35/><T87/><D116/><U107/><E73/><V113/><F113/><W83/><G83/><T130/><D117/><U0/><E0/><V30/><F30/><W94/><G10/><N who="0" m="4439" /><D133/><U19/><E4/><V22/><F22/><W98/><G132/><T33/><D33/><U108/><E108/><V26/><F26/><W1/><G1/><T27/><D27/><U65/><E107/><V24/><F24/><W2/><G2/><T53/><D7/><U70/><E70/><V134/><F134/><W67/><G11/><AGARI ba="1,1" hai="11,12,19,40,41,43,54,56,62,65,66" m="29290" machi="11" ten="30,2000,0" yaku="8,1,52,1" doraHai="51" who="1" fromWho="3" sc="221,0,301,33,209,0,259,-23" /><INIT seed="5,0,0,4,5,96" ten="221,334,209,236" oya="1" hai0="64,108,120,27,86,30,53,14,54,82,71,112,126" hai1="67,11,89,6,69,47,17,98,48,59,106,4,35" hai2="88,102,78,72,25,22,83,42,117,20,125,66,84" hai3="61,75,31,103,77,122,116,1,46,41,26,111,34"/><U135/><E35/><V123/><F123/><W57/><G111/><T40/><D108/><U133/><E69/><V110/><F110/><W80/><G122/><T95/><D120/><U115/><E115/><V45/><F117/><W13/><G116/><T58/><D112/><U51/><E17/><V109/><F109/><W28/><G28/><T132/><D71/><U124/><E124/><V105/><F125/><W0/><G13/><T119/><D119/><U101/><E89/><V32/><F66/><W16/><G16/><T68/><D68/><U49/><E47/><V15/><F15/><W37/><G103/><T127/><D14/><U52/><E67/><AGARI ba="0,0" hai="0,1,26,31,34,37,41,46,57,61,67,75,77,80" machi="67" ten="30,1000,0" yaku="7,1" doraHai="96" who="3" fromWho="1" sc="221,0,334,-10,209,0,236,10" /><INIT seed="6,0,0,0,0,96" ten="221,324,209,246" oya="2" hai0="4,107,54,35,74,2,37,19,126,104,67,108,128" hai1="135,42,88,45,13,101,65,7,1,124,63,23,86" hai2="10,34,9,58,98,110,117,24,70,83,32,131,130" hai3="3,36,123,73,81,77,16,111,114,57,103,132,33"/><V11/><F70/><W26/><G111/><T82/><D108/><U99/><E1/><V112/><F110/><W15/><G3/><T56/><D67/><U92/><E124/><V8/><F117/><W134/><G123/><T39/><D35/><U116/><E116/><V72/><F112/><W127/><G127/><T14/><D126/><U75/><E75/><V60/><F98/><W87/><G36/><T79/><D128/><N who="2" m="49194" /><F24/><W47/><G73/><T59/><D39/><U40/><E135/><V89/><N who="2" m="2048" /><DORA hai="113" /><V18/><F18/><W28/><G114/><T21/><D4/><U38/><E7/><V120/><F120/><W69/><G16/><T46/><D2/><U6/><E6/><V12/><F12/><W102/><G15/><T22/><D22/><U106/><E13/><V5/><F5/><W78/><G69/><T121/><D121/><U68/><E23/><V80/><F72/><W95/><G26/><T0/><D0/><U30/><E30/><V31/><F31/><W25/><G25/><T85/><D74/><U50/><E38/><V105/><F105/><W52/><G28/><T100/><D107/><U93/><E106/><V84/><F83/><W129/><G132/><T71/><D71/><U125/><E125/><V20/><F20/><W44/><G129/><T91/><D37/><U62/><E62/><V29/><F29/><W61/><G134/><T48/><D79/><U94/><E94/><V27/><F27/><W64/><G95/><T133/><D133/><U53/><AGARI ba="0,0" hai="40,42,45,50,53,63,65,68,86,88,92,93,99,101" machi="53" ten="20,5200,0" yaku="0,1,7,1,52,1,54,1" doraHai="96,113" who="1" fromWho="1" sc="221,-13,324,52,209,-26,246,-13" /><INIT seed="7,0,0,3,1,97" ten="208,376,183,233" oya="3" hai0="100,77,56,45,133,107,122,63,71,51,85,36,79" hai1="9,131,54,53,47,27,8,16,4,34,61,35,12" hai2="108,14,103,114,25,102,106,130,22,62,7,83,69" hai3="65,13,70,115,92,120,112,135,95,11,94,134,124"/><W78/><G70/><T31/><D122/><U80/><E131/><V23/><F108/><W87/><G65/><N who="0" m="41407" /><D31/><U59/><E80/><V44/><F106/><W19/><G124/><T105/><D133/><N who="3" m="50697" /><G120/><T40/><D85/><U74/><E74/><V76/><F130/><W29/><G29/><T110/><D110/><U119/><E119/><V109/><F109/><W2/><G2/><T0/><D0/><U66/><E27/><V99/><F99/><W17/><G17/><T68/><D68/><U116/><E116/><V118/><F118/><W39/><G39/><T24/><D24/><U88/><E88/><V72/><F114/><N who="3" m="43563" /><G78/><N who="0" m="29707" /><D100/><U37/><E35/><V50/><F69/><W33/><G33/><T84/><D84/><AGARI ba="0,0" hai="11,13,19,84,87,92,94,95" m="43563,50697" machi="84" ten="40,3900,0" yaku="20,1,15,1" doraHai="97" who="3" fromWho="0" sc="208,-39,376,0,183,0,233,39" /><INIT seed="7,1,0,1,2,115" ten="169,376,183,272" oya="3" hai0="62,39,35,38,47,118,68,21,36,133,74,41,13" hai1="77,3,94,27,58,42,123,6,40,66,84,135,116" hai2="69,78,103,126,70,75,96,97,81,45,95,91,0" hai3="59,65,108,32,111,15,56,76,92,48,128,64,37"/><W1/><G1/><T55/><D74/><U134/><E116/><V101/><F126/><W110/><G32/><T19/><D35/><U31/><E123/><V18/><F0/><W25/><G76/><T33/><D33/><U49/><E6/><V54/><F18/><W125/><G25/><T71/><D133/><U52/><E3/><V114/><F114/><W11/><G92/><T132/><D132/><N who="1" m="50731" /><E66/><N who="3" m="25706" /><G15/><T86/><D118/><U106/><E106/><V63/><F91/><W98/><G98/><T7/><D7/><U100/><E100/><V24/><F24/><W107/><G11/><T46/><D86/><U117/><E117/><V14/><F14/><W82/><G82/><T104/><D104/><U87/><E94/><V51/><F63/><W124/><G107/><AGARI ba="1,0" hai="45,51,54,69,70,75,78,81,95,96,97,101,103,107" machi="107" ten="30,1000,0" yaku="7,1" doraHai="115" who="2" fromWho="3" sc="169,0,376,0,183,13,272,-13" owari="169,-33.0,376,47.0,196,-20.0,259,6.0" /></mjloggm>