<mjloggm ver="2.3"><GO type="193" lobby="0"/><UN n0="%E3%81%B2%E3%82%82%E3%81%B1%E3%81%81%E3%82%93" n1="%E3%83%88%E3%83%88%E3%83%AA%E5%85%88%E7%94%9F%31%39%E6%AD%B3" n2="%E3%81%BE%E3%81%95%E3%81%A1%E3%82%83%E3%82%93" n3="%E4%BD%B3" dan="11,11,12,12" rate="1808.79,1795.40,1639.58,1712.66" sx="M,F,M,M"/><TAIKYOKU oya="0"/><INIT seed="0,0,0,0,1,40" ten="250,250,250,250" oya="0" hai0="14,71,52,130,63,97,113,41,58,27,86,28,123" hai1="111,19,134,37,66,47,91,18,9,36,110,129,68" hai2="2,35,61,70,78,103,79,90,59,50,30,95,1" hai3="121,81,20,96,55,80,124,16,72,48,116,62,33"/><T69/><D113/><U101/><E129/><V106/><F79/><W74/><G116/><T84/><D123/><U43/><E134/><V60/><F78/><W44/><G121/><T29/><D130/><U54/><E37/><V21/><F60/><W83/><G33/><T8/><D41/><U15/><E101/><V3/><F50/><W133/><G133/><T75/><D75/><U107/><E107/><V23/><F23/><W77/><G124/><T122/><D97/><U51/><E19/><V26/><F70/><W49/><G96/><T67/><D122/><U34/><E34/><V0/><N who="2" m="512" /><DORA hai="39" /><V118/><F118/><W112/><G62/><T125/><D125/><U45/><E68/><V115/><F115/><W57/><G74/><T13/><D13/><U7/><E66/><V119/><F119/><W92/><G92/><T82/><D82/><U117/><E117/><V104/><F35/><W100/><G100/><T93/><D93/><U85/><REACH who="1" step="1"/><E7/><REACH who="1" ten="250,240,250,250" step="2"/><V135/><F135/><W42/><REACH who="3" step="1"/><G112/><REACH who="3" ten="250,240,250,240" step="2"/><T108/><D71/><U25/><E25/><AGARI ba="0,2" hai="16,20,25,42,44,48,49,55,57,72,77,80,81,83" machi="25" ten="30,12000,2" yaku="1,1,2,1,7,1,52,2,54,1,53,0" doraHai="40,39" doraHaiUra="4,5" who="3" fromWho="1" sc="250,0,240,-120,250,0,240,140" /><INIT seed="1,0,0,1,1,40" ten="250,120,250,380" oya="1" hai0="32,123,96,81,4,9,66,129,131,108,18,34,38" hai1="77,79,78,50,73,47,52,59,83,90,20,76,89" hai2="98,13,107,68,57,44,62,1,8,12,2,64,101" hai3="22,134,49,97,55,56,130,113,48,93,86,6,37"/><U120/><E120/><V63/><F13/><W135/><G113/><T124/><D38/><U87/><E73/><V72/><F72/><W85/><G37/><T115/><D66/><U11/><E11/><V106/><F107/><W21/><G6/><T118/><D81/><U110/><E110/><V30/><F63/><W24/><G130/><N who="0" m="49675" /><D96/><U51/><REACH who="1" step="1"/><E20/><REACH who="1" ten="250,110,250,380" step="2"/><V3/><F30/><W127/><G127/><T133/><D108/><U27/><E27/><V92/><F106/><W126/><G126/><T105/><D105/><U58/><E58/><V10/><F68/><W39/><G135/><T36/><D123/><U82/><E82/><V26/><F26/><W71/><G134/><T91/><D9/><U35/><E35/><V67/><F10/><W84/><G71/><T45/><D34/><U65/><E65/><V5/><F67/><W114/><G114/><T112/><D32/><U102/><E102/><V42/><REACH who="2" step="1"/><F3/><REACH who="2" ten="250,110,240,380" step="2"/><W74/><G74/><T116/><D124/><U14/><E14/><V121/><F121/><W53/><G24/><T33/><D133/><U61/><E61/><V0/><F0/><W60/><G60/><T94/><D115/><U25/><E25/><V100/><F100/><W7/><G7/><T104/><D112/><U125/><E125/><V23/><F23/><W15/><G22/><T31/><D33/><U70/><E70/><V43/><F43/><AGARI ba="0,2" hai="43,47,50,51,52,59,76,77,78,79,83,87,89,90" machi="43" ten="40,12000,1" yaku="1,1,8,1,52,1,54,1,53,0" doraHai="40" doraHaiUra="17" who="1" fromWho="2" sc="250,0,110,140,240,-120,380,0" /><INIT seed="1,1,0,4,5,3" ten="250,250,120,380" oya="1" hai0="81,63,117,93,95,0,38,113,57,64,10,119,8" hai1="28,91,4,105,32,90,55,22,61,46,25,51,27" hai2="14,62,135,41,87,78,127,98,56,97,52,88,47" hai3="66,70,49,86,5,73,42,123,106,39,24,21,36"/><U13/><E105/><V104/><F127/><W72/><G106/><T107/><D107/><U112/><E112/><V75/><F135/><W108/><G123/><T133/><D113/><U54/><E54/><V20/><F75/><W111/><G66/><T37/><D81/><U116/><E116/><V71/><F71/><W74/><G70/><T29/><D29/><U120/><E120/><V48/><F78/><W26/><G86/><T6/><D133/><U65/><E27/><V76/><F76/><W131/><G131/><T50/><D50/><U124/><E124/><V114/><F114/><W102/><G102/><T82/><D82/><U101/><E101/><V43/><F104/><W132/><G132/><T30/><D30/><U53/><E53/><V130/><F130/><W67/><G67/><T85/><D85/><U77/><E77/><V115/><F115/><W59/><G5/><T16/><D95/><U23/><E32/><V103/><F103/><W33/><G33/><T11/><D93/><U9/><REACH who="1" step="1"/><E23/><REACH who="1" ten="250,240,120,380" step="2"/><V34/><F34/><W19/><G26/><T44/><D119/><U2/><E2/><V7/><F41/><W96/><G42/><T17/><D117/><U94/><E94/><V89/><F89/><W1/><G1/><T109/><D0/><U80/><E80/><V84/><F20/><W15/><G24/><T121/><D121/><U18/><E18/><V35/><F35/><W83/><G83/><T58/><D17/><U128/><E128/><V45/><F45/><W125/><G125/><T31/><D44/><U12/><E12/><V40/><F43/><RYUUKYOKU ba="1,1" sc="250,-10,240,30,120,-10,380,-10" hai1="4,9,13,22,25,28,46,51,55,61,65,90,91" /><INIT seed="1,2,1,1,5,83" ten="240,270,110,370" oya="1" hai0="62,80,63,123,100,30,76,124,20,125,71,111,134" hai1="32,72,68,49,43,28,8,19,135,73,112,18,97" hai2="56,42,119,84,23,103,108,120,36,116,115,58,66" hai3="77,110,60,90,34,11,54,27,126,9,85,96,52"/><U17/><E112/><V7/><F120/><W41/><G126/><T128/><D100/><U118/><E118/><V64/><F115/><W86/><G41/><T95/><D95/><U40/><E68/><V35/><F35/><W129/><G129/><T25/><D123/><U55/><E135/><V21/><F103/><W133/><G133/><T130/><D111/><U92/><E8/><N who="3" m="3146" /><G34/><T121/><D121/><U113/><E113/><V31/><F7/><W10/><G27/><T117/><D117/><U2/><E2/><V37/><F31/><W24/><N who="3" m="3154" /><W82/><DORA hai="29" /><G110/><T102/><D102/><U38/><E38/><V127/><F127/><N who="0" m="48714" /><D134/><U6/><E6/><V26/><F26/><W3/><G3/><T33/><D20/><U101/><E28/><V104/><F104/><W15/><G24/><T57/><D71/><U106/><E32/><V22/><F22/><W98/><G15/><T39/><D39/><U12/><E12/><V65/><F66/><W79/><G79/><T74/><D57/><U89/><E43/><V114/><F108/><W81/><G54/><T93/><D93/><U107/><E40/><V14/><F114/><W78/><G90/><T0/><D0/><U50/><E107/><V75/><F42/><W109/><G109/><T53/><D53/><U91/><E91/><V67/><F65/><W105/><G105/><T5/><D5/><U47/><REACH who="1" step="1"/><E50/><REACH who="1" ten="240,260,110,370" step="2"/><V131/><F131/><AGARI ba="2,2" hai="25,30,33,62,63,74,76,80,128,130,131" m="48714" machi="131" ten="30,3900,0" yaku="19,1,18,1,52,1" doraHai="83,29" who="0" fromWho="2" sc="240,65,260,0,110,-45,370,0" /><INIT seed="2,0,0,1,0,38" ten="305,260,65,370" oya="2" hai0="97,59,108,116,102,66,91,19,78,41,77,25,2" hai1="13,11,129,57,26,96,0,48,73,121,32,79,70" hai2="44,29,27,18,56,119,17,43,80,40,83,115,74" hai3="20,100,68,69,90,125,75,89,105,63,117,3,12"/><V81/><F119/><W132/><G117/><T104/><D116/><U35/><E70/><V22/><F115/><W126/><G75/><T37/><D2/><U64/><E0/><V34/><F74/><W134/><G3/><T30/><D19/><N who="2" m="7178" /><F34/><W76/><G76/><T87/><D108/><U50/><E129/><V52/><F44/><W51/><G51/><AGARI ba="0,0" hai="22,27,29,40,43,51,52,56,80,81,83" m="7178" machi="51" ten="30,11600,0" yaku="8,1,52,2,54,1" doraHai="38" who="2" fromWho="3" sc="305,0,260,0,65,116,370,-116" /><INIT seed="2,1,0,0,1,87" ten="305,260,181,254" oya="2" hai0="37,41,54,46,125,100,10,8,104,132,18,93,3" hai1="102,36,38,113,39,117,15,55,74,14,47,61,106" hai2="94,53,57,124,121,131,65,134,23,64,85,123,62" hai3="34,99,44,72,19,4,35,51,11,71,13,49,80"/><V33/><F33/><W0/><G71/><T82/><D104/><U25/><E113/><V52/><F124/><W119/><G119/><T135/><D82/><U110/><E117/><V32/><F32/><W70/><G70/><T73/><D73/><U5/><E74/><V1/><F1/><W114/><G114/><T83/><D83/><U111/><E25/><V68/><F131/><W56/><G99/><T17/><D54/><U118/><E118/><V120/><F134/><N who="0" m="51242" /><D125/><U79/><E79/><V29/><F65/><W129/><G129/><T105/><D105/><U28/><E28/><V50/><F53/><W116/><G116/><T48/><D37/><U45/><E5/><V133/><F133/><W103/><G103/><T90/><D100/><U21/><E21/><V77/><F77/><W122/><G122/><T97/><D3/><U43/><E102/><V60/><F60/><W42/><G72/><T92/><D93/><U7/><E106/><V109/><F109/><N who="1" m="41481" /><E43/><V126/><F126/><W98/><G80/><T30/><D30/><U112/><E112/><V40/><F40/><W31/><G31/><T66/><D66/><U78/><E78/><V76/><F76/><W115/><G98/><T84/><D97/><U12/><E7/><V107/><F107/><W89/><G89/><T101/><D101/><U86/><E86/><V16/><F29/><W2/><G2/><T88/><D90/><U9/><E9/><AGARI ba="1,0" hai="8,9,10,17,18,41,46,48,84,88,92" m="51242" machi="9" ten="30,3900,0" yaku="20,1,52,1,54,1" doraHai="87" who="0" fromWho="1" sc="305,42,260,-42,181,0,254,0" /><INIT seed="3,0,0,5,1,68" ten="347,218,181,254" oya="3" hai0="32,61,22,112,0,24,77,76,14,71,93,99,47" hai1="3,43,107,100,83,89,70,8,23,54,133,75,95" hai2="66,72,96,59,29,55,64,26,126,92,74,120,124" hai3="102,118,15,16,104,20,106,6,58,111,125,10,39"/><W50/><G118/><T35/><D0/><U81/><E70/><V13/><F120/><W57/><G125/><T73/><D112/><U21/><E133/><V65/><F13/><W87/><G111/><T62/><D14/><U127/><E127/><V135/><F135/><W98/><G39/><T53/><D35/><U12/><E3/><V97/><F126/><W46/><G106/><T2/><D32/><U79/><E83/><V134/><F124/><W86/><G58/><T19/><D2/><U28/><E28/><V56/><F134/><W130/><G57/><T5/><D5/><U116/><E54/><V84/><F84/><W33/><G33/><T1/><D1/><U114/><E114/><V80/><F80/><W18/><G18/><T115/><D73/><U91/><E91/><V7/><F7/><W132/><G132/><T90/><D71/><U119/><E43/><V42/><F42/><W51/><G130/><T9/><D9/><U110/><E110/><V25/><F59/><W103/><G103/><T30/><D30/><U78/><E78/><N who="0" m="30313" /><D115/><U128/><E128/><V31/><F56/><W67/><G67/><N who="2" m="17153" /><V122/><DORA hai="82" /><F122/><W60/><G60/><T113/><D113/><U4/><E116/><V108/><F108/><W38/><G51/><AGARI ba="0,0" hai="19,22,24,47,51,53,61,62,90,93,99" m="30313" machi="51" ten="30,1000,0" yaku="8,1" doraHai="68,82" who="0" fromWho="3" sc="347,10,218,0,181,0,254,-10" owari="357,46.0,218,-18.0,181,-32.0,244,4.0" /></mjloggm>