<mjloggm ver="2.3"><GO type="41" lobby="0"/><UN n0="%E5%B0%B1%E6%B4%BB%E7%94%9F%40%E5%B7%9D%E6%9D%91%E8%BB%8D%E5%9B%A3" n1="%68%65%74" n2="%E8%A5%BF%E3%83%96%E3%83%AB" n3="%64%6F%6F%6F%6F%77%79" dan="15,15,15,15" rate="1952.82,2046.57,2010.12,1937.69" sx="M,M,M,M"/><TAIKYOKU oya="0"/><INIT seed="0,0,0,2,4,109" ten="250,250,250,250" oya="0" hai0="61,75,96,133,32,95,6,102,49,108,55,67,82" hai1="51,27,23,69,57,114,116,131,10,40,122,130,86" hai2="101,106,13,29,81,19,71,22,65,48,80,103,94" hai3="45,111,74,0,1,52,30,28,105,68,76,90,54"/><T99/><D32/><U120/><E69/><V126/><F126/><W62/><G105/><T88/><D133/><U18/><E116/><V112/><F106/><W91/><G76/><T37/><D37/><U12/><E114/><V113/><F29/><W58/><G68/><T100/><D108/><U34/><E34/><V42/><F71/><W89/><G74/><T17/><D6/><U39/><E39/><V4/><F65/><W43/><G54/><T125/><D125/><U127/><E127/><V25/><F42/><W8/><G111/><T24/><D75/><U15/><E15/><V7/><F48/><W63/><G63/><T44/><D82/><U11/><E11/><V47/><F47/><W5/><REACH who="3" step="1"/><G0/><REACH who="3" ten="250,250,250,240" step="2"/><T132/><D132/><U70/><E70/><V123/><F123/><W46/><G46/><T31/><D61/><U87/><E122/><V117/><F117/><W41/><G41/><T92/><D67/><U33/><E120/><V53/><F53/><W104/><G104/><T38/><D38/><AGARI ba="0,1" hai="1,5,8,28,30,38,43,45,52,58,62,89,90,91" machi="38" ten="40,5200,0" yaku="1,1,54,1,53,1" doraHai="109" doraHaiUra="56" who="3" fromWho="0" sc="250,-52,250,0,250,0,240,62" /><INIT seed="1,0,0,0,0,58" ten="198,250,250,302" oya="1" hai0="72,128,56,69,100,85,88,126,67,22,94,8,11" hai1="127,5,99,6,7,43,32,27,134,123,33,81,97" hai2="75,23,14,86,18,48,78,133,54,106,117,34,2" hai3="118,87,83,125,108,49,116,65,130,40,16,110,73"/><U102/><E123/><V35/><F133/><W20/><G73/><T112/><D72/><U59/><E134/><V79/><F117/><N who="3" m="45163" /><G125/><T42/><D112/><U55/><E127/><V1/><F106/><W76/><G65/><T36/><D126/><U111/><E43/><V107/><F107/><W80/><G130/><T60/><D128/><U46/><E46/><V82/><F78/><W24/><G83/><T68/><D100/><U3/><E3/><V77/><F77/><W93/><G93/><T92/><D92/><U25/><E81/><V91/><F2/><W74/><G74/><T57/><D57/><U47/><E47/><AGARI ba="0,0" hai="16,20,24,40,47,49,76,80,87,108,110" m="45163" machi="47" ten="30,2000,0" yaku="12,1,54,1" doraHai="58" who="3" fromWho="1" sc="198,0,250,-20,250,0,302,20" /><INIT seed="2,0,0,2,2,42" ten="198,230,250,322" oya="2" hai0="11,58,94,125,124,132,54,25,105,76,97,85,7" hai1="116,109,120,99,90,49,81,119,39,135,88,65,130" hai2="114,129,57,28,26,83,126,23,20,48,103,13,80" hai3="18,3,35,33,29,40,60,12,117,72,113,56,68"/><V36/><F129/><W14/><G68/><T6/><D132/><U34/><E65/><V44/><F126/><N who="0" m="48746" /><D105/><U101/><E34/><V134/><F134/><W5/><G40/><T106/><D106/><U41/><E39/><V86/><F114/><W115/><G72/><T128/><D128/><U98/><E130/><V32/><F103/><W55/><G117/><T82/><D25/><U121/><E135/><V38/><F57/><W21/><G12/><T77/><D77/><U0/><E0/><V108/><F108/><W127/><G127/><T123/><D123/><N who="1" m="47179" /><E109/><V46/><F83/><W47/><G47/><T30/><D30/><U92/><E81/><V61/><F61/><W50/><G50/><N who="0" m="31063" /><D11/><U53/><E41/><V110/><F110/><W27/><REACH who="3" step="1"/><G35/><REACH who="3" ten="198,230,250,312" step="2"/><T73/><D73/><U4/><E119/><V133/><F133/><W100/><G100/><AGARI ba="0,1" hai="6,7,76,82,85,94,97,100" m="31063,48746" machi="100" ten="30,1000,0" yaku="18,1" doraHai="42" who="0" fromWho="3" sc="198,20,230,0,250,0,312,-10" /><INIT seed="3,0,0,0,1,76" ten="218,230,250,302" oya="3" hai0="25,86,125,40,64,63,59,74,1,110,87,68,47" hai1="92,107,101,41,19,49,8,121,117,50,82,2,128" hai2="26,104,36,4,24,70,127,106,46,118,100,119,32" hai3="108,96,120,115,77,98,61,10,97,45,65,78,27"/><W122/><G115/><T12/><D74/><U129/><E107/><V75/><F127/><W133/><G133/><T33/><D125/><U6/><E121/><V95/><F70/><W39/><G39/><BYE who="3" /><T55/><D1/><U13/><E117/><V3/><F75/><W113/><G113/><T53/><D110/><U20/><E41/><V67/><F67/><W111/><G111/><T83/><D12/><U58/><E58/><V89/><F104/><W9/><G9/><T69/><D69/><U90/><E101/><V42/><F26/><W16/><G16/><T73/><D73/><U30/><E30/><V35/><F89/><W126/><G126/><T66/><D66/><U43/><E43/><V0/><F95/><W38/><G38/><T11/><D11/><U15/><E2/><N who="2" m="555" /><F4/><W22/><G22/><T116/><D116/><N who="2" m="44586" /><F24/><W80/><G80/><T134/><D134/><U51/><REACH who="1" step="1"/><E82/><REACH who="1" ten="218,220,250,302" step="2"/><V37/><F37/><W132/><G132/><T7/><D83/><U60/><E60/><V23/><F106/><W52/><G52/><UN n3="%64%6F%6F%6F%6F%77%79" /><T109/><D55/><U14/><E14/><V71/><F100/><W102/><G102/><T91/><D53/><U105/><E105/><V21/><F71/><N who="3" m="42415" /><G108/><T34/><D68/><U124/><E124/><V18/><F36/><W28/><G45/><T57/><D109/><U44/><E44/><V29/><F46/><W31/><G31/><T5/><D47/><U17/><E17/><V72/><F42/><W56/><G56/><T81/><D40/><U112/><E112/><V131/><F29/><W94/><G94/><T62/><D59/><RYUUKYOKU ba="0,1" sc="218,-10,220,30,250,-10,302,-10" hai1="6,8,13,15,19,20,49,50,51,90,92,128,129" /><INIT seed="4,1,1,4,3,132" ten="208,250,240,292" oya="0" hai0="121,125,122,119,54,127,95,116,110,100,36,135,63" hai1="92,18,58,118,21,88,103,9,131,107,19,96,24" hai2="77,81,5,62,111,32,50,72,129,108,71,41,38" hai3="47,97,86,45,44,33,10,70,133,126,91,12,130"/><T55/><D100/><U34/><E118/><N who="0" m="45097" /><D95/><U61/><E131/><V56/><F129/><W94/><G70/><T112/><D135/><U59/><E34/><V65/><F32/><W93/><G33/><T101/><D101/><U11/><E19/><V7/><F7/><W14/><G133/><T66/><D110/><U39/><E39/><V90/><F90/><W106/><G106/><T109/><D36/><U20/><E20/><V75/><F75/><W25/><G130/><T134/><D134/><U43/><E43/><V29/><F29/><W115/><G115/><T67/><D112/><U76/><E76/><V1/><F50/><W51/><G126/><N who="0" m="48139" /><D67/><U120/><E120/><N who="0" m="46185" /><D109/><U6/><E103/><V78/><F111/><W27/><G94/><T52/><D66/><U0/><E107/><V117/><F108/><W13/><G10/><T64/><D55/><U80/><E11/><N who="2" m="2479" /><F117/><W83/><REACH who="3" step="1"/><G51/><REACH who="3" ten="208,250,240,282" step="2"/><T57/><AGARI ba="1,2" hai="52,54,57,63,64" m="46185,48139,45097" machi="57" ten="40,18000,2" yaku="18,1,34,2,52,3,54,1" doraHai="132" who="0" fromWho="0" sc="208,203,250,-61,240,-61,282,-61" /><INIT seed="4,2,0,1,0,26" ten="411,189,179,221" oya="0" hai0="75,76,18,100,66,97,9,88,63,71,20,89,17" hai1="31,29,74,44,109,94,79,54,45,119,67,30,2" hai2="70,11,96,110,4,122,43,14,36,61,126,37,107" hai3="27,135,95,19,69,112,16,12,115,98,53,41,8"/><T1/><D75/><U77/><E119/><V84/><F126/><W83/><G41/><T6/><D76/><U3/><E109/><V35/><F110/><W91/><G135/><T106/><REACH who="0" step="1"/><D18/><REACH who="0" ten="401,189,179,221" step="2"/><U93/><E74/><V113/><F122/><W52/><G115/><T102/><D102/><U134/><E134/><V81/><F113/><W101/><G112/><T57/><D57/><U108/><E108/><V42/><F70/><W80/><G69/><T123/><D123/><U125/><E125/><V128/><F128/><W87/><G80/><T32/><D32/><U78/><E67/><V33/><F33/><W50/><G50/><T15/><AGARI ba="2,1" hai="1,6,9,15,17,20,63,66,71,88,89,97,100,106" machi="15" ten="20,18000,2" yaku="1,1,0,1,7,1,54,1,53,2" doraHai="26" doraHaiUra="86" who="0" fromWho="0" sc="401,196,189,-62,179,-62,221,-62" /><INIT seed="4,3,0,1,2,44" ten="597,127,117,159" oya="0" hai0="123,105,19,14,22,128,52,75,95,124,83,24,84" hai1="38,39,15,27,61,70,69,20,109,68,102,55,113" hai2="0,31,59,6,25,51,23,67,112,33,85,120,110" hai3="26,130,8,76,66,63,99,3,79,45,28,96,56"/><T21/><D105/><U47/><E109/><V78/><F110/><W115/><G115/><T46/><D123/><U18/><E113/><V135/><F112/><W17/><G130/><T108/><D75/><U29/><E102/><V72/><F135/><W36/><G36/><T82/><D108/><U106/><E106/><V114/><F114/><W2/><G79/><T125/><D128/><U13/><E13/><V97/><F120/><W101/><G76/><T86/><D95/><U60/><E39/><V35/><F97/><W71/><G45/><T5/><D84/><U54/><E54/><V41/><F72/><W100/><G99/><T49/><D5/><U103/><E103/><V119/><F119/><W12/><G101/><T88/><REACH who="0" step="1"/><D82/><REACH who="0" ten="587,127,117,159" step="2"/><U89/><E70/><V81/><F6/><W34/><REACH who="3" step="1"/><G56/><REACH who="3" ten="587,127,117,149" step="2"/><T104/><D104/><AGARI ba="3,2" hai="2,3,8,12,17,26,28,34,63,66,71,96,100,104" machi="104" ten="30,12000,2" yaku="1,1,2,1,7,1,25,2,53,1" doraHai="44" doraHaiUra="58" who="3" fromWho="0" sc="587,-129,127,0,117,0,149,149" /><INIT seed="5,0,0,3,1,126" ten="458,127,117,298" oya="1" hai0="71,132,60,4,121,75,89,98,125,81,21,91,115" hai1="93,87,39,15,19,120,70,44,118,16,135,113,83" hai2="95,24,80,119,31,56,72,114,61,104,32,2,0" hai3="52,97,77,3,111,11,62,105,6,127,57,86,17"/><U68/><E120/><V124/><F119/><W47/><G127/><T36/><D125/><U8/><E118/><V88/><F124/><W74/><G111/><T108/><D121/><U94/><E113/><V48/><F104/><W12/><G74/><T35/><D35/><U42/><E135/><V51/><F114/><W58/><G47/><T27/><D36/><U130/><E130/><V30/><F30/><W106/><G97/><T20/><D108/><U134/><E134/><V84/><F51/><W90/><G58/><T76/><D132/><U13/><E68/><V46/><F72/><W67/><G77/><T59/><D71/><U99/><E70/><V1/><F80/><W38/><G38/><T78/><D78/><U41/><E41/><V10/><F10/><W116/><G67/><T102/><D4/><U54/><E54/><V109/><F109/><W79/><G79/><T14/><D14/><U66/><E66/><V29/><F29/><W23/><REACH who="3" step="1"/><G116/><REACH who="3" ten="458,127,117,288" step="2"/><T92/><D115/><U43/><E43/><V63/><F56/><W103/><G103/><T69/><D69/><U18/><E99/><V101/><F101/><W65/><G65/><T107/><D107/><U85/><E85/><V9/><F46/><W22/><G22/><T123/><D123/><U25/><E25/><V34/><F24/><W45/><G45/><T117/><D117/><U100/><E100/><V129/><F34/><W122/><G122/><T50/><D21/><U28/><E44/><V40/><F32/><W49/><G49/><T96/><D27/><U82/><E42/><V7/><F40/><RYUUKYOKU ba="0,1" sc="458,-10,127,-10,117,-10,288,30" hai3="3,6,11,12,17,23,52,57,62,86,90,105,106" /><INIT seed="6,1,1,5,5,5" ten="448,117,107,318" oya="2" hai0="72,4,75,1,19,95,55,44,115,128,125,39,15" hai1="74,48,134,83,29,13,119,68,12,112,133,7,116" hai2="114,73,46,102,113,126,36,109,0,90,17,9,20" hai3="11,43,16,69,85,97,80,94,21,53,14,54,60"/><V87/><F126/><W50/><G69/><T45/><D125/><U107/><E68/><V30/><F109/><W105/><G105/><T49/><D115/><N who="2" m="44042" /><F73/><W37/><G37/><T24/><D128/><U98/><E29/><V81/><F102/><W42/><G60/><T77/><D24/><U86/><E74/><V118/><F118/><N who="1" m="45097" /><E7/><N who="2" m="1255" /><F30/><W51/><G21/><T67/><D67/><U28/><E28/><V8/><F36/><W66/><G66/><T124/><D124/><U131/><E131/><V111/><F46/><W96/><G96/><T25/><D25/><U101/><E48/><V92/><F111/><W122/><G122/><T56/><D39/><U34/><E34/><V61/><F61/><W23/><G23/><T123/><D123/><U2/><E2/><V76/><F20/><W62/><G62/><T47/><D77/><N who="1" m="46447" /><E112/><V18/><F8/><W32/><G32/><T59/><D72/><U22/><E22/><V63/><F63/><W26/><G26/><T88/><D75/><U31/><E31/><V10/><F10/><W106/><G106/><T71/><D71/><U57/><E57/><V78/><F78/><N who="3" m="46231" /><G43/><T41/><D4/><U93/><E107/><V58/><F58/><N who="0" m="22058" /><D1/><U40/><E40/><V135/><F135/><AGARI ba="1,1" hai="12,13,93,98,101,133,134,135" m="46447,45097" machi="135" ten="30,1000,0" yaku="20,1" doraHai="5" who="1" fromWho="2" sc="448,0,117,23,107,-13,318,0" /><INIT seed="7,0,0,0,2,80" ten="448,140,94,318" oya="3" hai0="135,98,21,134,1,48,61,42,85,132,101,39,59" hai1="18,4,3,133,111,31,35,118,29,130,40,89,38" hai2="113,95,72,64,103,5,96,65,109,105,123,63,76" hai3="60,7,112,45,84,86,97,122,81,37,74,11,115"/><W13/><G122/><T32/><D32/><U34/><E111/><V53/><F109/><W6/><G97/><T126/><D1/><U114/><E40/><V70/><F123/><W108/><G108/><T73/><D73/><U129/><E38/><V24/><F113/><N who="3" m="43595" /><G60/><T8/><D39/><U2/><E114/><V121/><F121/><W71/><G71/><T104/><D126/><U93/><E93/><V67/><F5/><N who="3" m="3311" /><G74/><T49/><D42/><U43/><E89/><V66/><F24/><W46/><G37/><T28/><D8/><U124/><E43/><V14/><F14/><W16/><G81/><T26/><D85/><N who="3" m="32873" /><G16/><T107/><D107/><U50/><E50/><V30/><F30/><W125/><G125/><T102/><D102/><U91/><E18/><V116/><F116/><W127/><G127/><T83/><D83/><U36/><E36/><V92/><REACH who="2" step="1"/><F53/><AGARI ba="0,0" hai="21,26,28,48,49,53,59,61,98,101,104,132,134,135" machi="53" ten="40,1300,0" yaku="20,1" doraHai="80" who="0" fromWho="2" sc="448,13,140,0,94,-13,318,0" owari="461,56.0,140,-26.0,81,-42.0,318,12.0" /></mjloggm>