<mjloggm ver="2.3"><GO type="225" lobby="0"/><UN n0="%6B%65%6E%6B%65%6E%32" n1="%E3%83%88%E3%83%88%E3%83%AA%E5%85%88%E7%94%9F%31%39%E6%AD%B3" n2="%E5%8C%97%E3%81%AE%E5%AF%BE%E5%AD%90%E8%90%BD%E3%81%A8%E3%81%97" n3="%E7%B7%8B%E3%81%84%E7%8C%AB%EF%BC%9E%EF%BC%9C%EF%BC%81" dan="16,18,16,17" rate="2154.80,2295.63,2046.62,2115.29" sx="M,F,M,F"/><TAIKYOKU oya="0"/><INIT seed="0,0,0,3,4,70" ten="250,250,250,250" oya="0" hai0="101,64,6,92,49,107,67,82,86,78,17,37,27" hai1="95,73,53,123,113,62,45,93,54,34,8,84,120" hai2="12,118,129,99,55,48,100,35,38,66,9,11,110" hai3="22,130,108,2,74,116,20,30,85,125,132,71,117"/><T21/><D107/><U91/><E73/><V79/><F35/><W87/><G87/><T112/><D112/><U46/><E34/><V89/><F110/><W75/><G85/><T0/><D0/><U77/><E77/><V58/><F129/><W31/><G31/><T16/><D6/><U51/><E113/><V135/><F135/><W57/><G57/><T3/><D3/><U114/><E114/><V76/><F118/><W96/><G96/><N who="0" m="59527" /><D37/><U105/><E105/><V60/><F89/><W13/><G13/><N who="0" m="9359" /><D49/><U131/><E131/><V50/><F38/><W88/><G116/><T97/><D97/><U109/><E109/><V61/><F50/><W43/><G117/><T63/><D63/><U128/><E128/><V23/><F60/><W4/><G108/><T10/><D10/><U126/><E51/><V122/><F11/><W18/><G2/><T127/><D127/><U69/><E8/><V42/><F122/><N who="1" m="46633" /><E126/><V104/><F23/><AGARI ba="0,0" hai="17,23,27,64,67,78,82,86" m="9359,59527" machi="23" ten="30,2900,0" yaku="8,1,54,1" doraHai="70" who="0" fromWho="2" sc="250,29,250,0,250,-29,250,0" /><INIT seed="0,1,0,1,0,118" ten="279,250,221,250" oya="0" hai0="11,8,46,45,104,111,55,4,21,67,86,105,24" hai1="116,72,31,85,2,127,113,61,109,106,32,131,39" hai2="17,65,83,75,29,59,12,20,77,66,124,63,100" hai3="62,79,94,76,103,0,3,7,23,102,126,5,90"/><T84/><D67/><U93/><RYUUKYOKU type="yao9" ba="1,0" sc="279,0,250,0,221,0,250,0" hai1="2,31,32,39,61,72,85,93,106,109,113,116,127,131" /><INIT seed="0,2,0,0,4,46" ten="279,250,221,250" oya="0" hai0="125,20,62,121,92,1,61,122,76,2,6,36,12" hai1="85,81,37,57,123,32,87,35,79,25,26,115,128" hai2="5,50,55,130,10,117,28,100,7,58,34,86,113" hai3="67,119,15,82,97,75,70,43,84,52,109,134,56"/><T40/><D36/><U90/><E123/><V29/><F130/><W59/><G119/><T111/><D40/><U99/><E37/><V38/><F113/><W66/><G75/><T22/><D76/><U127/><E128/><V107/><F38/><W126/><G126/><T21/><D92/><U133/><E127/><V72/><F72/><W78/><G109/><T112/><D125/><U104/><E115/><V68/><F68/><W106/><G134/><T91/><D91/><U129/><E129/><V116/><F34/><W4/><G43/><T101/><D101/><U44/><E44/><V11/><F86/><W41/><G41/><T103/><D103/><U30/><E133/><V108/><F108/><W49/><G70/><T93/><D93/><U77/><E87/><V88/><F88/><W105/><G97/><T42/><D42/><U131/><E131/><V94/><F94/><W98/><G98/><T51/><D112/><U9/><E9/><N who="2" m="3083" /><F100/><W24/><G105/><T39/><D39/><U19/><E99/><V17/><F17/><W47/><G106/><T74/><D74/><U23/><E35/><V63/><F63/><N who="0" m="24074" /><D111/><U13/><E104/><V118/><F107/><W54/><G4/><AGARI ba="2,0" hai="4,5,7,28,29,50,55,58,116,117,118" m="3083" machi="4" ten="40,2600,0" yaku="12,1,52,1" doraHai="46" who="2" fromWho="3" sc="279,0,250,0,221,32,250,-32" /><INIT seed="1,0,0,0,4,19" ten="279,250,253,218" oya="1" hai0="44,128,77,123,2,117,82,96,37,39,64,110,72" hai1="23,5,107,8,93,69,94,32,114,91,60,6,47" hai2="28,22,45,62,89,48,61,80,85,115,66,87,25" hai3="70,74,14,121,18,132,17,0,135,16,104,73,88"/><U9/><E114/><V15/><F115/><W40/><G70/><T49/><D117/><U106/><E32/><V76/><F66/><W54/><G0/><T95/><D2/><U134/><E134/><N who="3" m="51242" /><G104/><T33/><D33/><U79/><E79/><V102/><F102/><W53/><G40/><T122/><D64/><U11/><E69/><V112/><F112/><W101/><G101/><N who="0" m="60575" /><D110/><U113/><E113/><V81/><REACH who="2" step="1"/><F15/><REACH who="2" ten="279,250,243,218" step="2"/><W67/><G67/><T65/><D65/><U20/><E106/><V75/><F75/><N who="3" m="28683" /><G121/><N who="0" m="46091" /><D128/><U58/><E107/><V24/><F24/><W4/><G14/><T35/><D35/><U130/><E130/><V131/><F131/><W42/><G4/><T21/><D21/><N who="1" m="8267" /><E6/><V71/><F71/><W10/><G10/><T29/><D29/><U86/><E5/><V109/><F109/><W59/><G59/><T99/><D72/><U129/><E129/><V12/><F12/><W36/><G88/><T31/><D77/><U30/><E30/><V97/><F97/><W63/><G63/><T3/><D31/><U120/><E120/><V119/><F119/><W1/><G1/><T111/><D3/><U26/><E26/><V7/><F7/><W27/><G27/><T51/><D111/><U98/><E58/><V90/><F90/><W116/><G116/><T84/><D37/><U78/><E60/><V13/><F13/><W50/><G36/><T100/><D39/><U52/><E78/><V38/><F38/><W125/><G125/><T68/><D68/><U126/><E126/><V133/><F133/><W127/><G127/><T55/><D44/><AGARI ba="0,1" hai="16,17,18,42,44,50,53,54" m="28683,51242" machi="44" ten="40,5200,0" yaku="6,1,20,1,54,1" doraHai="19" who="3" fromWho="0" sc="279,-52,250,0,243,0,218,62" /><INIT seed="2,0,0,4,4,114" ten="227,250,243,280" oya="2" hai0="70,63,112,39,110,86,12,71,135,47,1,132,107" hai1="116,134,128,20,92,81,126,24,57,79,69,61,77" hai2="124,58,113,60,18,45,91,43,75,49,54,29,44" hai3="6,38,83,0,17,133,102,3,26,101,94,67,35"/><V50/><F113/><W41/><G133/><T46/><D1/><U25/><E69/><V16/><F124/><W9/><G67/><T65/><D107/><U13/><E134/><N who="0" m="51241" /><D112/><U103/><E126/><V76/><F29/><W97/><G3/><T19/><D110/><U122/><E116/><V117/><F117/><W119/><G119/><T62/><D39/><U90/><E128/><V73/><F91/><W56/><G56/><T59/><D86/><U115/><E103/><V100/><F100/><W87/><G102/><T40/><D40/><U27/><E122/><V127/><F127/><W78/><G41/><T37/><D37/><U80/><E115/><V66/><REACH who="2" step="1"/><F76/><REACH who="2" ten="227,250,233,280" step="2"/><W42/><G78/><T33/><D33/><U106/><E79/><V28/><F28/><W11/><G35/><T21/><D71/><U105/><E77/><V104/><F104/><W15/><G101/><T32/><D32/><U22/><E105/><V55/><F55/><AGARI ba="0,1" hai="12,19,21,46,47,55,59,62,63,65,70" m="51241" machi="55" ten="30,1000,0" yaku="20,1" doraHai="114" who="0" fromWho="2" sc="227,20,250,0,233,-10,280,0" /><INIT seed="3,0,0,2,2,36" ten="247,250,223,280" oya="3" hai0="78,41,88,5,135,0,40,73,94,30,16,75,114" hai1="39,87,49,109,123,42,89,10,83,8,23,12,57" hai2="37,28,66,122,72,131,67,13,125,69,20,118,19" hai3="52,79,7,126,113,1,130,90,120,117,107,60,48"/><W26/><G107/><T85/><D30/><U97/><E123/><V105/><F66/><W119/><G120/><T9/><D114/><U98/><E109/><V59/><F67/><W110/><G113/><T38/><D135/><U70/><E70/><V54/><F54/><W103/><G110/><T61/><D38/><U50/><E39/><V95/><F28/><W121/><G103/><T33/><D33/><U86/><E23/><V15/><F19/><W51/><G79/><T112/><D112/><U77/><E57/><V56/><F56/><N who="3" m="34823" /><G121/><T17/><D61/><U62/><E62/><V68/><F59/><W133/><G133/><T124/><D124/><U21/><E21/><V64/><F64/><W108/><G126/><T71/><D71/><U96/><E12/><V76/><F13/><W32/><G108/><T132/><D132/><U134/><E49/><V116/><F15/><W27/><G51/><T55/><D55/><U18/><E134/><V29/><F68/><W53/><G48/><T58/><D58/><U24/><E24/><V14/><F14/><W47/><G27/><T34/><D34/><U80/><E18/><V91/><F29/><W81/><G26/><T11/><D17/><U101/><REACH who="1" step="1"/><E101/><REACH who="1" ten="247,240,223,280" step="2"/><V104/><F37/><W84/><G53/><T115/><D16/><U128/><E128/><V25/><F69/><W74/><G130/><T4/><D115/><U99/><N who="1" m="24576" /><DORA hai="6" /><U93/><E93/><V111/><F25/><W129/><G129/><T35/><D35/><U3/><E3/><V43/><F111/><W65/><G32/><T2/><D0/><RYUUKYOKU ba="0,1" sc="247,-10,240,30,223,-10,280,-10" hai1="8,10,42,50,77,80,83,86,87,89" /><INIT seed="4,1,1,4,1,90" ten="237,270,213,270" oya="0" hai0="94,129,123,83,117,99,103,104,70,49,125,56,41" hai1="20,102,130,31,87,52,7,2,112,86,3,63,48" hai2="74,105,128,0,120,84,15,13,35,24,21,29,77" hai3="110,16,134,55,71,32,42,119,62,91,54,75,34"/><T60/><D70/><U33/><E33/><V61/><F120/><W73/><G42/><T114/><D123/><U126/><E130/><V113/><F0/><W93/><G119/><T100/><D117/><U14/><E102/><V68/><F74/><W118/><G118/><T107/><D129/><U39/><E39/><V133/><F128/><W82/><G110/><T81/><D114/><U57/><E112/><V23/><F105/><W36/><G36/><T47/><D125/><U64/><E126/><V109/><F109/><W30/><G134/><T97/><REACH who="0" step="1"/><D107/><REACH who="0" ten="227,270,213,270" step="2"/><U66/><E3/><V96/><F68/><W8/><G71/><T53/><AGARI ba="1,2" hai="41,47,49,53,56,60,81,83,94,97,99,100,103,104" machi="53" ten="20,18000,2" yaku="1,1,2,1,0,1,7,1,52,1,53,1" doraHai="90" doraHaiUra="58" who="0" fromWho="0" sc="227,203,270,-61,213,-61,270,-61" owari="430,53.0,209,1.0,152,-35.0,209,-19.0" /></mjloggm>