<mjloggm ver="2.3"><GO type="41" lobby="0"/><UN n0="%E3%80%93%42%41%4C%53%E3%80%93" n1="%E5%B0%B1%E6%B4%BB%E7%94%9F%40%E5%B7%9D%E6%9D%91%E8%BB%8D%E5%9B%A3" n2="%31%39%31%34%79%61%73%75" n3="%E3%81%AD%E3%82%8A%E3%82%B4%E3%83%9E" dan="14,17,14,14" rate="1958.70,2157.72,1940.78,1944.54" sx="M,M,M,M"/><TAIKYOKU oya="0"/><INIT seed="0,0,0,3,5,67" ten="250,250,250,250" oya="0" hai0="93,12,18,131,39,123,44,82,109,74,122,6,22" hai1="79,73,71,128,70,2,58,26,13,16,72,48,133" hai2="59,80,23,113,36,105,66,104,40,83,14,1,64" hai3="101,32,129,68,77,17,102,97,8,121,46,100,15"/><T43/><D131/><U19/><E2/><V11/><F1/><W132/><G129/><T50/><D50/><U35/><E128/><V124/><F36/><W85/><G32/><T107/><D107/><U106/><E106/><V61/><F40/><W114/><G114/><T120/><D93/><U52/><E133/><V117/><F113/><W119/><G119/><T54/><D54/><U96/><E96/><V78/><F83/><W76/><G132/><T63/><D63/><U130/><E130/><V41/><F41/><W30/><G30/><T95/><D95/><U98/><E98/><V34/><F23/><W126/><G126/><T10/><D109/><U0/><E0/><V112/><F34/><W125/><G125/><T53/><D53/><U110/><E110/><V31/><F31/><W60/><G46/><T92/><D92/><U75/><E79/><V25/><F112/><W94/><G121/><T116/><D116/><U27/><E19/><V33/><F117/><W55/><G77/><N who="0" m="44343" /><D123/><U24/><REACH who="1" step="1"/><E35/><REACH who="1" ten="250,240,250,250" step="2"/><V9/><F104/><W28/><G97/><T90/><D122/><U103/><E103/><V118/><F105/><W91/><G76/><T62/><D120/><U49/><E49/><V5/><F124/><W42/><G100/><T84/><D18/><U81/><E81/><V47/><F80/><W65/><G101/><T56/><D90/><U99/><E99/><V51/><F78/><W127/><G102/><T86/><D22/><AGARI ba="0,1" hai="13,16,22,24,26,27,48,52,58,70,71,72,73,75" machi="22" ten="50,16000,3" yaku="1,1,52,2,54,2,53,3" doraHai="67" doraHaiUra="20" who="1" fromWho="0" sc="250,-160,240,170,250,0,250,0" /><INIT seed="1,0,0,4,4,98" ten="90,410,250,250" oya="1" hai0="49,110,88,81,45,67,16,14,23,123,134,7,72" hai1="106,17,85,102,82,44,126,56,29,80,115,26,93" hai2="96,35,69,46,112,12,125,120,63,70,30,108,91" hai3="55,71,133,95,51,100,90,119,135,15,54,11,60"/><U99/><E115/><V6/><F112/><W43/><G43/><T65/><D110/><U128/><E128/><V50/><F108/><W47/><G119/><T118/><D123/><U41/><E126/><V73/><F120/><W84/><G71/><T117/><D134/><N who="3" m="51209" /><G60/><T103/><D103/><U40/><E56/><V1/><F73/><W130/><G130/><T32/><D32/><U57/><E57/><V2/><F69/><W116/><G116/><T66/><D7/><U21/><E41/><V27/><F125/><W19/><G100/><T127/><D127/><U114/><E114/><V22/><F63/><W0/><G54/><T121/><D121/><U3/><E3/><AGARI ba="0,0" hai="0,3,11,15,19,47,51,55,84,90,95" m="51209" machi="3" ten="30,1000,0" yaku="20,1" doraHai="98" who="3" fromWho="1" sc="90,0,410,-10,250,0,250,10" /><INIT seed="2,0,0,3,5,71" ten="90,400,250,260" oya="2" hai0="67,64,30,58,59,6,75,17,125,104,82,28,26" hai1="115,51,41,132,89,105,62,74,110,124,88,117,13" hai2="92,27,118,49,10,134,18,97,19,126,94,15,16" hai3="5,85,38,48,95,103,123,1,52,3,101,22,39"/><V113/><F118/><W21/><G123/><T29/><D125/><U98/><E74/><V34/><F113/><W84/><G95/><T135/><D104/><U57/><E117/><V69/><F69/><W56/><G5/><T86/><D135/><U54/><E115/><V108/><F126/><W114/><G114/><T100/><D100/><U43/><E124/><V31/><F134/><W73/><G56/><N who="0" m="21547" /><D75/><U36/><E36/><V122/><F122/><W61/><G73/><T107/><D6/><U2/><E2/><V60/><F60/><W106/><G61/><T109/><D109/><U128/><E132/><V37/><F49/><W55/><REACH who="3" step="1"/><G48/><REACH who="3" ten="90,400,250,250" step="2"/><T24/><D107/><AGARI ba="0,1" hai="1,3,21,22,38,39,52,55,84,85,101,103,106,107" machi="107" ten="25,12000,2" yaku="1,1,2,1,22,2,52,2,54,1,53,0" doraHai="71" doraHaiUra="90" who="3" fromWho="0" sc="90,-120,400,0,250,0,250,130" owari="-30,-53.0,400,50.0,250,-15.0,380,18.0" /></mjloggm>