<mjloggm ver="2.3"><GO type="97" lobby="0"/><UN n0="%E3%81%82%E3%81%96%E3%82%80%E3%81%8F%E3%82%93" n1="%E3%83%89%E3%82%A4%E3%83%AB" n2="%74%61%6D%61%30%33%32%31" n3="%E3%83%88%E3%83%88%E3%83%AA%E5%85%88%E7%94%9F%31%39%E6%AD%B3" dan="14,14,13,14" rate="1924.87,1960.02,1937.23,2006.00" sx="M,M,M,F"/><TAIKYOKU oya="0"/><INIT seed="0,0,0,1,4,114" ten="250,250,250,250" oya="0" hai0="41,76,29,129,110,55,135,5,68,59,109,90,92" hai1="34,57,21,28,2,60,87,74,86,36,125,67,75" hai2="9,126,17,103,48,58,3,49,83,53,97,124,78" hai3="112,98,104,84,100,38,111,10,37,99,80,11,94"/><T33/><D68/><U32/><E36/><V95/><F3/><W8/><G111/><N who="0" m="42507" /><D135/><U50/><E2/><V93/><F9/><W22/><G22/><T0/><D129/><U42/><E21/><V27/><F27/><W116/><G112/><T101/><D101/><U107/><E107/><V85/><F17/><W128/><G128/><T39/><D76/><U16/><E16/><V4/><F4/><W26/><G26/><N who="0" m="18615" /><D5/><U69/><E34/><V64/><F64/><W7/><G7/><T23/><D0/><U134/><E134/><V62/><REACH who="2" step="1"/><F95/><REACH who="2" ten="250,250,240,250" step="2"/><W119/><G104/><T81/><D92/><U14/><E67/><V45/><F45/><W108/><G108/><T30/><D30/><U77/><E28/><V91/><F91/><W65/><G65/><T133/><D133/><U56/><E69/><V122/><F122/><W6/><G6/><T35/><D35/><U118/><E74/><V82/><F82/><W43/><G94/><T44/><D23/><U117/><E32/><V88/><F88/><W102/><G100/><T47/><D47/><U132/><E75/><V113/><F113/><W1/><G102/><T105/><D105/><U79/><E132/><V40/><F40/><W71/><G1/><T31/><D31/><U115/><E42/><V96/><F96/><N who="3" m="36907" /><G43/><T18/><D18/><U121/><E115/><V24/><F24/><W66/><G71/><T15/><D15/><U63/><E14/><V73/><F73/><W89/><G66/><T52/><D59/><U20/><E57/><V19/><F19/><W120/><G120/><T72/><D72/><RYUUKYOKU ba="0,1" sc="250,10,250,-30,240,10,250,10" hai0="39,41,44,52,55,81,90" hai2="48,49,53,58,62,78,83,85,93,97,103,124,126" hai3="8,10,11,37,38,80,84,89,116,119" /><INIT seed="0,1,1,2,4,36" ten="260,220,250,260" oya="0" hai0="76,73,16,24,10,123,81,3,100,107,57,13,114" hai1="82,66,98,32,103,87,106,56,14,128,50,118,29" hai2="104,33,48,69,120,23,94,116,88,78,38,41,20" hai3="21,90,72,12,130,61,11,111,17,40,35,30,89"/><T4/><D123/><U92/><E118/><V133/><F120/><W63/><G72/><T59/><D114/><U101/><E128/><V60/><F33/><W132/><G35/><T45/><D24/><U108/><E108/><V42/><F38/><W5/><G111/><T7/><D7/><U86/><E14/><V125/><F104/><W43/><G130/><T121/><D121/><U126/><E29/><V77/><F133/><W119/><G119/><T79/><D79/><N who="2" m="30218" /><F125/><W105/><G105/><T37/><D100/><U135/><E32/><V67/><F69/><W134/><G30/><T127/><D107/><U99/><E126/><V49/><F60/><N who="3" m="23115" /><G132/><T9/><D127/><U70/><E70/><V124/><F124/><W75/><G75/><T84/><D84/><U96/><E66/><V15/><F67/><W8/><G134/><T80/><D80/><U91/><E135/><V83/><F83/><W19/><G5/><T46/><D46/><U1/><E1/><V85/><F15/><N who="3" m="7399" /><G21/><N who="2" m="8265" /><F116/><W39/><G39/><T68/><D68/><U31/><E31/><V22/><F22/><W95/><G90/><T6/><D6/><U129/><E129/><V52/><F49/><W27/><G27/><T25/><D25/><U2/><E2/><V0/><F0/><W122/><G122/><T117/><D117/><U26/><E50/><V54/><F54/><W131/><G131/><T110/><D110/><U44/><E26/><V93/><F93/><W62/><N who="3" m="23123" /><W109/><DORA hai="102" /><G109/><T71/><D71/><U64/><E92/><V28/><F28/><W113/><G113/><RYUUKYOKU ba="1,1" sc="260,10,220,-30,250,10,260,10" hai0="3,4,9,10,13,16,37,45,57,59,73,76,81" hai2="41,42,48,52,85,88,94" hai3="11,12,19,40,43,89,95" /><INIT seed="0,2,1,4,0,26" ten="270,190,260,270" oya="0" hai0="72,53,6,52,88,108,115,135,39,4,67,64,132" hai1="99,92,80,63,22,117,104,32,38,29,118,19,34" hai2="47,28,133,129,75,42,74,128,51,107,114,95,60" hai3="11,13,98,109,130,23,93,9,50,35,59,44,56"/><T5/><D39/><U124/><E38/><V1/><F133/><N who="0" m="51274" /><D115/><U70/><E124/><V101/><F1/><W125/><G35/><T76/><D108/><U25/><E80/><V12/><F107/><W89/><G109/><T97/><D76/><U134/><E134/><V86/><F12/><W111/><G111/><T90/><D72/><U131/><E131/><N who="2" m="50251" /><F28/><W127/><G130/><T87/><D97/><U30/><E104/><V57/><F114/><W84/><G23/><T20/><D20/><U18/><E70/><V81/><F95/><N who="3" m="54695" /><G127/><T48/><D48/><U73/><E73/><V78/><F101/><N who="3" m="60623" /><G125/><T49/><D49/><U66/><E63/><V113/><F113/><W43/><G11/><T82/><D90/><U62/><E62/><V120/><F120/><W3/><G3/><T45/><D45/><U37/><E37/><V24/><F24/><W77/><G77/><T91/><D91/><U61/><E61/><V36/><F36/><W126/><G126/><T94/><D82/><U2/><E66/><AGARI ba="2,1" hai="42,47,51,57,60,66,74,75,78,81,86" m="50251" machi="66" ten="30,1000,0" yaku="19,1" doraHai="26" who="2" fromWho="1" sc="270,0,190,-16,260,26,270,0" /><AGARI ba="2,0" hai="4,5,6,52,53,64,66,67,87,88,94" m="51274" machi="66" ten="30,5800,0" yaku="20,1,54,2" doraHai="26" who="0" fromWho="1" sc="270,58,174,-58,286,0,270,0" /><INIT seed="0,3,0,0,4,92" ten="328,116,286,270" oya="0" hai0="48,11,24,35,12,61,87,28,66,41,107,25,60" hai1="132,129,69,94,134,32,56,118,53,22,117,119,55" hai2="101,84,21,8,108,93,33,86,100,20,123,13,88" hai3="23,49,128,106,79,37,130,39,17,14,68,127,15"/><T46/><D107/><U124/><E32/><V83/><F123/><W54/><G68/><T114/><D114/><U89/><E69/><V102/><F33/><W80/><G106/><T99/><D87/><U121/><E121/><V81/><F108/><W34/><G34/><T10/><D25/><U38/><E38/><V111/><F111/><W116/><G15/><T72/><D72/><U52/><E124/><V44/><BYE who="3" /><F44/><W40/><G40/><T71/><D61/><U42/><E42/><V63/><F63/><W109/><G109/><T85/><D85/><U115/><E115/><V31/><F31/><W64/><G64/><T62/><D62/><U16/><E129/><V98/><F84/><W122/><G122/><T104/><D12/><N who="1" m="9479" /><E56/><V70/><F70/><W77/><G77/><T45/><D46/><U29/><E29/><V43/><F43/><W6/><G6/><T103/><AGARI ba="3,0" hai="10,11,24,28,35,41,45,48,60,66,71,99,103,104" machi="103" ten="30,11700,0" yaku="0,1,25,2,52,1" doraHai="92" who="0" fromWho="0" sc="328,126,116,-42,286,-42,270,-42" /><INIT seed="0,4,0,0,5,60" ten="454,74,244,228" oya="0" hai0="25,95,61,72,123,96,68,89,59,7,27,13,2" hai1="91,64,44,87,4,86,85,105,11,82,84,29,114" hai2="77,8,16,119,46,78,115,133,21,56,48,50,62" hai3="65,118,103,47,90,34,76,12,111,39,26,22,6"/><T132/><D68/><U17/><E105/><V112/><F133/><W32/><G32/><T38/><D38/><U30/><E114/><V135/><F135/><W101/><G101/><T122/><D2/><U0/><E64/><V100/><F119/><W55/><G55/><T51/><D72/><U20/><REACH who="1" step="1"/><E44/><REACH who="1" ten="454,64,244,228" step="2"/><V131/><F115/><W99/><G99/><T83/><D132/><U35/><E35/><V125/><F46/><W79/><G79/><T63/><D96/><U108/><E108/><V37/><F78/><W109/><G109/><T71/><D123/><U43/><E43/><V104/><F77/><W57/><G57/><T73/><D59/><U54/><E54/><V110/><F56/><W69/><G69/><T19/><D71/><U24/><AGARI ba="4,1" hai="0,4,11,17,20,24,29,30,82,84,85,86,87,91" machi="24" ten="30,12000,2" yaku="1,1,0,1,53,4" doraHai="60" doraHaiUra="80" who="1" fromWho="1" sc="454,-64,64,142,244,-34,228,-34" /><INIT seed="1,0,0,5,2,35" ten="390,206,210,194" oya="1" hai0="22,86,58,24,36,42,109,15,18,104,26,82,56" hai1="29,34,5,83,0,97,116,122,92,32,40,120,98" hai2="45,107,19,124,129,41,91,72,96,27,106,77,9" hai3="8,43,125,23,4,108,93,105,51,119,55,63,111"/><U115/><E116/><V1/><F129/><W17/><G17/><T47/><D104/><U84/><E115/><V88/><F124/><W59/><G59/><T57/><REACH who="0" step="1"/><D109/><REACH who="0" ten="380,206,210,194" step="2"/><U39/><E122/><V110/><F107/><W118/><G118/><T80/><D80/><U44/><E120/><V31/><F106/><W48/><G48/><T128/><D128/><U89/><E83/><V62/><F110/><W7/><G7/><T16/><D16/><U38/><E5/><V121/><F19/><W66/><G66/><T90/><AGARI ba="0,1" hai="15,18,22,24,26,36,42,47,56,57,58,82,86,90" machi="90" ten="30,2000,0" yaku="1,1,0,1,53,0" doraHai="35" doraHaiUra="94" who="0" fromWho="0" sc="380,30,206,-10,210,-5,194,-5" /><INIT seed="2,0,0,2,5,120" ten="410,196,205,189" oya="2" hai0="116,96,65,71,23,86,113,29,134,79,75,20,128" hai1="61,76,118,14,105,9,111,102,46,8,62,67,129" hai2="6,34,18,58,17,107,131,47,88,122,108,42,28" hai3="59,22,135,21,68,45,90,78,132,60,0,115,49"/><V56/><F122/><W93/><G93/><T64/><D20/><U80/><E118/><V36/><F107/><W15/><G15/><T12/><D23/><U7/><E129/><V43/><F131/><W44/><G44/><T77/><D12/><U24/><E102/><V11/><F43/><W25/><G25/><T51/><D51/><U92/><E105/><V32/><F108/><W119/><G119/><T81/><D86/><U63/><E92/><V37/><F37/><W27/><G27/><T83/><D83/><U110/><E24/><V16/><F28/><W3/><G3/><T109/><D81/><U130/><E130/><V13/><REACH who="2" step="1"/><F88/><REACH who="2" ten="410,196,195,189" step="2"/><W114/><G114/><T39/><D29/><U123/><E111/><V112/><F112/><W50/><G50/><T74/><D39/><U57/><E110/><V85/><F85/><W54/><G54/><T72/><D109/><U26/><E123/><V30/><F30/><W53/><G53/><T33/><D113/><U55/><E55/><V73/><F73/><W127/><G127/><T38/><D75/><U31/><E31/><V40/><F40/><W117/><G117/><T66/><D74/><U99/><E99/><V91/><F91/><W69/><G69/><T5/><D96/><U126/><E126/><V87/><F87/><W52/><G52/><T104/><D72/><U124/><E124/><V10/><F10/><W84/><G84/><T95/><D71/><U82/><E9/><V101/><F101/><W97/><G97/><T94/><D128/><UN n3="%E3%83%88%E3%83%88%E3%83%AA%E5%85%88%E7%94%9F%31%39%E6%AD%B3" /><U133/><E76/><V4/><F4/><W100/><G78/><RYUUKYOKU ba="0,1" sc="410,-10,196,-10,195,30,189,-10" hai2="6,11,13,16,17,18,32,34,36,42,47,56,58" /><INIT seed="2,1,1,2,5,73" ten="400,186,225,179" oya="2" hai0="59,129,3,58,51,54,45,121,29,117,70,112,47" hai1="56,48,20,10,9,66,13,105,30,90,102,87,60" hai2="18,113,42,134,41,78,103,52,76,82,65,101,120" hai3="36,32,1,21,119,11,50,115,2,131,33,55,67"/><V14/><F120/><W111/><G119/><T118/><D3/><U75/><E75/><V124/><F113/><W96/><G36/><T106/><D106/><U40/><E105/><V110/><F134/><W31/><G115/><T25/><D70/><U133/><E102/><N who="2" m="38923" /><F124/><W127/><G96/><T93/><D112/><U27/><E133/><V12/><F82/><W35/><G127/><T86/><D121/><U19/><E40/><N who="2" m="15467" /><F65/><W72/><G72/><T34/><D129/><U46/><E46/><V62/><F110/><W74/><G74/><T63/><D47/><U77/><E48/><V135/><F135/><W71/><G111/><T6/><D6/><U130/><E130/><V83/><F83/><W100/><G100/><T8/><D8/><N who="1" m="6567" /><E77/><N who="2" m="29803" /><F18/><W15/><G131/><T99/><D86/><U17/><E17/><V85/><F85/><W53/><G71/><T81/><D81/><AGARI ba="1,1" hai="9,10,20,27,30,56,60,66,81,87,90" m="6567" machi="81" ten="30,1000,0" yaku="8,1" doraHai="73" who="1" fromWho="0" sc="400,-13,186,23,225,0,179,0" /><INIT seed="3,0,0,4,2,132" ten="387,209,225,179" oya="3" hai0="113,107,34,135,79,87,3,47,52,39,36,30,85" hai1="119,105,23,86,88,42,112,68,70,66,115,62,131" hai2="80,19,108,64,123,124,56,97,40,54,20,7,22" hai3="100,125,82,126,118,75,72,78,121,4,134,63,49"/><W90/><G118/><T81/><D87/><U48/><E105/><V99/><F64/><W32/><G121/><T29/><D85/><U5/><E5/><V77/><F99/><W69/><G32/><T110/><D81/><U28/><E119/><V93/><F7/><W95/><G134/><T71/><D79/><U9/><E9/><V106/><F106/><W92/><G75/><T55/><D55/><U76/><E76/><V73/><F40/><W122/><G122/><T127/><D47/><U59/><E131/><V10/><F77/><W120/><G120/><T89/><D89/><U133/><E133/><V130/><F73/><W41/><G100/><T46/><D46/><N who="1" m="25687" /><E28/><V53/><F130/><W58/><G69/><N who="1" m="26730" /><E23/><V21/><F19/><W91/><G49/><T2/><D39/><U67/><E88/><N who="3" m="33834" /><G41/><T0/><D135/><U8/><E86/><V50/><F97/><W116/><G4/><T94/><D3/><U35/><E8/><V17/><F50/><W114/><G114/><N who="1" m="43562" /><E35/><V43/><F17/><W65/><G116/><T11/><D2/><U38/><E38/><V102/><F123/><W6/><G6/><T15/><D36/><U129/><E129/><V61/><F102/><W25/><G25/><T96/><D0/><U18/><E18/><V51/><F80/><W44/><G44/><T104/><D104/><U57/><E57/><V98/><F56/><W111/><G111/><T128/><D110/><U60/><E62/><V117/><F108/><W45/><G45/><T33/><D113/><U74/><E74/><V13/><F117/><W14/><G14/><RYUUKYOKU ba="0,0" sc="387,-15,209,15,225,-15,179,15" hai1="59,60,66,67" hai3="58,63,65,72,78,82,92,95,125,126" /><INIT seed="3,1,0,0,1,4" ten="372,224,210,194" oya="3" hai0="41,33,68,133,25,134,118,49,97,14,111,45,26" hai1="62,10,91,72,17,84,48,12,112,31,65,85,71" hai2="109,128,52,54,1,24,106,77,47,95,32,22,42" hai3="53,9,124,19,125,8,66,74,130,60,7,69,88"/><W46/><G74/><T80/><D68/><U119/><E72/><V120/><F106/><W82/><G130/><T3/><D3/><U75/><E112/><V28/><F1/><W114/><G114/><T101/><D118/><U16/><E75/><V76/><F128/><W121/><G121/><T126/><D111/><U58/><E31/><V59/><F109/><W35/><G35/><T39/><D39/><U87/><E119/><V15/><F120/><W23/><G53/><T79/><D14/><N who="1" m="7255" /><E71/><V37/><F95/><W2/><G46/><T89/><D89/><U110/><E48/><V103/><F103/><W34/><G34/><T78/><D126/><N who="3" m="48745" /><G7/><T100/><D33/><U108/><E108/><V98/><F98/><W38/><G38/><T30/><D30/><U29/><E29/><V83/><F54/><W73/><G2/><T55/><D55/><U43/><E43/><V113/><F113/><W56/><G69/><T11/><D134/><U18/><E110/><V117/><F117/><W36/><G36/><T64/><D133/><U116/><E116/><V0/><F0/><W123/><G123/><T81/><D64/><U131/><E131/><V86/><F76/><N who="3" m="44303" /><G88/><T127/><D127/><U105/><E105/><V92/><F92/><W132/><G132/><T63/><D79/><U50/><E91/><V115/><F115/><W51/><G51/><T6/><D78/><U70/><E70/><V61/><F32/><W67/><G67/><T40/><D40/><U104/><E104/><V107/><F107/><W90/><G90/><T21/><D41/><U20/><E50/><RYUUKYOKU ba="1,0" sc="372,-30,224,10,210,10,194,10" hai1="12,17,18,20,58,62,65,84,85,87" hai2="15,22,24,28,37,42,47,52,59,61,77,83,86" hai3="8,9,19,23,56,60,66" /><INIT seed="3,2,0,3,5,119" ten="342,234,220,204" oya="3" hai0="33,75,54,10,72,95,24,82,122,6,135,62,7" hai1="74,88,30,36,124,25,55,27,8,71,26,15,117" hai2="14,116,35,52,94,77,81,97,17,98,20,5,93" hai3="44,16,1,113,91,59,92,40,51,12,73,132,57"/><W48/><G113/><T34/><D122/><U47/><E71/><V131/><F131/><W115/><G115/><T29/><D34/><U32/><E117/><V13/><F35/><W39/><G73/><T106/><D106/><U18/><E124/><V123/><F116/><W58/><G1/><T56/><D95/><N who="2" m="36362" /><F123/><W22/><REACH who="3" step="1"/><G132/><REACH who="3" ten="342,234,220,194" step="2"/><T125/><D75/><U85/><E74/><V21/><F98/><AGARI ba="2,1" hai="12,16,22,39,40,44,48,51,57,58,59,91,92,98" machi="98" ten="40,7700,0" yaku="1,1,2,1,54,1,53,0" doraHai="119" doraHaiUra="80" who="3" fromWho="2" sc="342,0,234,0,220,-83,194,93" /><INIT seed="3,3,0,2,4,20" ten="342,234,137,287" oya="3" hai0="97,81,124,62,35,47,67,101,3,57,68,89,2" hai1="110,112,7,56,4,83,17,42,103,33,87,121,60" hai2="135,59,14,28,96,102,130,66,43,11,77,76,113" hai3="107,90,44,109,54,63,134,131,16,1,25,86,98"/><W129/><G1/><T123/><D123/><U8/><E112/><V32/><F135/><W64/><G134/><T6/><D6/><U27/><E121/><V51/><F130/><N who="3" m="49675" /><G109/><T71/><D35/><U49/><E103/><V31/><F113/><W18/><G98/><T84/><D124/><U72/><E72/><V122/><F122/><W100/><G100/><T38/><D2/><U40/><E110/><V48/><F31/><W73/><G73/><T15/><D3/><U94/><E94/><V125/><F125/><W108/><G107/><T99/><D15/><U70/><E70/><V23/><F32/><W65/><G108/><T41/><D99/><U69/><E69/><V116/><F116/><W34/><G44/><T46/><D47/><U61/><E61/><V10/><F43/><W13/><G54/><T85/><D84/><U36/><E36/><V120/><F120/><W0/><G0/><T5/><D5/><U45/><E40/><V12/><F12/><W132/><G132/><T114/><D114/><U24/><E33/><V88/><F88/><W79/><G79/><T111/><D111/><U106/><E106/><AGARI ba="3,0" hai="38,41,46,57,62,67,68,71,81,85,89,97,101,106" machi="106" ten="30,1000,0" yaku="7,1" doraHai="20" who="0" fromWho="1" sc="342,19,234,-19,137,0,287,0" owari="361,45.0,215,-18.0,137,-36.0,287,9.0" /></mjloggm>