<mjloggm ver="2.3"><GO type="97" lobby="0"/><UN n0="%E3%83%88%E3%83%88%E3%83%AA%E5%85%88%E7%94%9F%31%39%E6%AD%B3" n1="%67%79%6F" n2="%48%2D%4B%69%73%65%6B%69" n3="%54%61%63%6F%66%75%7A%7A" dan="14,13,14,13" rate="2004.06,1852.28,2000.58,1860.45" sx="F,M,M,M"/><TAIKYOKU oya="0"/><INIT seed="0,0,0,1,1,23" ten="250,250,250,250" oya="0" hai0="61,48,119,35,67,105,17,116,86,134,40,99,33" hai1="69,16,34,108,15,85,71,94,96,74,7,47,0" hai2="57,58,10,79,12,5,9,63,103,84,88,26,77" hai3="78,118,95,101,51,131,68,3,92,66,8,37,38"/><T39/><D39/><N who="3" m="14857" /><G51/><T107/><D134/><U60/><E74/><V111/><F111/><W54/><G54/><T72/><D72/><U127/><E34/><V109/><F109/><W98/><G92/><T1/><D1/><U62/><E127/><V65/><F103/><W91/><G8/><T42/><D86/><U124/><E124/><V32/><F10/><W36/><G118/><T4/><D4/><U53/><E85/><V90/><F58/><W73/><G66/><T135/><D135/><U30/><E30/><V21/><F32/><W46/><G46/><T6/><D6/><U70/><E7/><V112/><F112/><W59/><G59/><T45/><D35/><U126/><E0/><V114/><F114/><W11/><G11/><T28/><D40/><U123/><E123/><V115/><F115/><W110/><G110/><T20/><D28/><U87/><E87/><V104/><F104/><N who="3" m="63543" /><G68/><T18/><D33/><U41/><E53/><V120/><F120/><W14/><G14/><T29/><D107/><U106/><E106/><V25/><F90/><W129/><G3/><T31/><D116/><U117/><E117/><V50/><F50/><W130/><N who="3" m="14865" /><W100/><DORA hai="44" /><G100/><N who="0" m="62623" /><D17/><U56/><E126/><V2/><F2/><W102/><G102/><T13/><D119/><U133/><E133/><V93/><F21/><W128/><N who="3" m="32768" /><DORA hai="76" /><W19/><G19/><T24/><D13/><U52/><E62/><V80/><F79/><W49/><G78/><T43/><D43/><U83/><E15/><V75/><AGARI ba="0,0" hai="5,9,12,25,26,57,63,65,75,77,80,84,88,93" machi="75" ten="20,12000,2" yaku="0,1,7,1,52,3,54,1" doraHai="23,44,76" who="2" fromWho="2" sc="250,-60,250,-30,250,120,250,-30" /><INIT seed="1,0,0,2,2,124" ten="190,220,370,220" oya="1" hai0="4,51,7,100,127,58,55,63,116,115,112,42,35" hai1="122,52,107,67,15,0,57,121,94,45,132,80,105" hai2="92,77,14,38,97,54,60,39,81,66,69,99,76" hai3="111,32,114,130,53,48,83,13,6,78,128,62,16"/><U49/><E0/><V72/><F77/><W29/><G114/><T79/><D116/><U22/><E132/><V50/><F14/><W89/><G89/><T86/><D35/><U98/><E80/><V46/><REACH who="2" step="1"/><F99/><REACH who="2" ten="190,220,360,220" step="2"/><W110/><G32/><T91/><D79/><U101/><E122/><V104/><F104/><W135/><G135/><T28/><D115/><U103/><E121/><V23/><F23/><N who="3" m="11663" /><G6/><T133/><D112/><U26/><E15/><V87/><F87/><N who="3" m="48631" /><G29/><T109/><D133/><U84/><E84/><V21/><F21/><W40/><G40/><T8/><D28/><U113/><E113/><V31/><F31/><W18/><G18/><T68/><D7/><U70/><E107/><V123/><F123/><W41/><G41/><T56/><D42/><U120/><E105/><V74/><F74/><W82/><G82/><T118/><D118/><U2/><E120/><V20/><F20/><W1/><G1/><T61/><D4/><U10/><E2/><V44/><F44/><N who="3" m="27783" /><G62/><T37/><D63/><N who="1" m="38383" /><E10/><V33/><F33/><W88/><G88/><AGARI ba="0,1" hai="38,39,46,50,54,60,66,69,72,76,81,88,92,97" machi="88" ten="30,3900,0" yaku="1,1,7,1,54,1,53,0" doraHai="124" doraHaiUra="119" who="2" fromWho="3" sc="190,0,220,0,360,49,220,-39" /><INIT seed="2,0,0,2,0,19" ten="190,220,409,181" oya="2" hai0="70,67,134,58,23,97,20,114,71,123,14,25,35" hai1="12,3,103,55,130,106,42,133,96,131,108,69,47" hai2="10,92,22,76,109,18,127,89,0,88,100,45,65" hai3="79,46,44,68,43,107,81,39,21,40,66,126,1"/><V93/><F127/><W5/><G126/><T4/><D123/><U38/><E3/><V129/><F129/><N who="1" m="49161" /><E69/><V2/><F109/><W73/><G107/><T56/><D114/><U9/><E55/><V119/><F119/><W82/><G82/><T51/><D134/><U111/><E133/><V78/><F100/><W61/><G21/><N who="0" m="8267" /><D70/><U48/><E38/><V17/><F22/><W102/><G102/><T122/><D71/><U53/><E42/><V74/><F45/><W30/><G30/><T116/><D35/><U83/><E83/><V72/><F10/><W31/><G31/><T91/><D122/><U63/><E63/><V104/><REACH who="2" step="1"/><F65/><REACH who="2" ten="190,220,399,181" step="2"/><W54/><G54/><T120/><D67/><U33/><E33/><V50/><F50/><W124/><G124/><T59/><D116/><U95/><E106/><AGARI ba="0,1" hai="0,2,17,18,72,74,76,78,88,89,92,93,104,106" machi="106" ten="25,9600,0" yaku="1,1,22,2,54,1,53,0" doraHai="19" doraHaiUra="112" who="2" fromWho="1" sc="190,0,220,-96,399,106,181,0" /><INIT seed="2,1,0,2,5,40" ten="190,124,505,181" oya="2" hai0="19,65,3,133,130,31,15,32,135,80,5,10,34" hai1="121,70,12,90,60,114,106,18,28,87,79,101,29" hai2="64,97,134,14,102,75,108,27,86,99,89,25,132" hai3="69,68,57,85,43,63,71,88,91,118,83,33,6"/><V127/><F75/><W109/><G33/><N who="0" m="12907" /><D80/><U72/><E114/><V36/><F36/><W111/><G118/><T100/><D65/><U24/><E121/><V117/><F117/><W82/><G6/><T128/><D31/><U125/><E125/><V67/><F127/><W61/><G43/><T45/><D45/><U2/><E2/><V20/><F108/><W9/><G9/><N who="0" m="2239" /><D100/><U74/><E29/><V42/><F14/><W66/><G61/><T47/><D47/><U81/><E74/><V122/><F122/><W77/><G91/><T52/><D52/><U13/><E70/><V11/><F11/><W44/><REACH who="3" step="1"/><G44/><REACH who="3" ten="190,124,505,171" step="2"/><T49/><D49/><U30/><E60/><V96/><F42/><W16/><G16/><T131/><AGARI ba="1,1" hai="10,15,19,128,130,131,133,135" m="2239,12907" machi="131" ten="40,5200,0" yaku="19,1,34,2" doraHai="40" who="0" fromWho="0" sc="190,65,124,-14,505,-27,171,-14" /><INIT seed="3,0,0,1,0,13" ten="255,110,478,157" oya="3" hai0="126,97,71,130,50,83,75,95,81,49,53,22,124" hai1="59,94,29,127,82,109,25,26,24,18,103,73,41" hai2="104,76,111,74,132,84,31,133,105,102,33,112,46" hai3="67,51,48,121,5,40,47,125,30,98,123,60,55"/><W32/><G5/><T10/><D71/><U110/><E127/><N who="0" m="48681" /><D130/><U63/><E41/><V56/><F112/><W15/><G15/><T115/><D115/><U42/><E42/><V14/><F111/><W68/><G125/><T66/><D66/><U35/><E110/><V80/><F46/><W39/><G98/><T106/><D106/><U79/><E109/><V8/><F33/><W17/><G17/><T0/><D75/><U108/><E108/><V54/><F31/><W2/><G2/><T64/><D64/><U93/><E103/><V120/><F120/><W100/><G100/><N who="0" m="60479" /><D50/><U1/><E1/><V129/><F129/><W61/><G30/><T85/><D22/><U34/><E34/><V19/><F74/><W4/><G4/><N who="0" m="1287" /><D85/><U27/><E59/><AGARI ba="0,0" hai="49,53,59,81,83" m="1287,60479,48681" machi="59" ten="30,1000,0" yaku="18,1" doraHai="13" who="0" fromWho="1" sc="255,10,110,-10,478,0,157,0" owari="265,7.0,100,-40.0,478,57.0,157,-24.0" /></mjloggm>