<mjloggm ver="2.3"><GO type="97" lobby="0"/><UN n0="%46%6C%61%6E" n1="%E3%83%88%E3%83%88%E3%83%AA%E5%85%88%E7%94%9F%31%39%E6%AD%B3" n2="%6D%75%6B%65%6D%69%6E%67" n3="%E7%B4%85%40%E6%9D%8F%E6%9D%8F%E8%BB%8D%E5%9C%98" dan="13,14,13,13" rate="1871.29,2055.08,1914.51,1930.99" sx="F,F,M,F"/><TAIKYOKU oya="0"/><INIT seed="0,0,0,3,0,95" ten="250,250,250,250" oya="0" hai0="17,47,8,134,4,25,127,92,125,84,51,111,65" hai1="64,120,57,106,102,48,49,10,15,75,39,70,93" hai2="129,32,21,123,130,117,121,78,31,80,20,55,30" hai3="5,26,81,46,107,131,44,38,53,37,112,79,35"/><T94/><D134/><U98/><E120/><N who="2" m="46155" /><F55/><W45/><G107/><T18/><D65/><U86/><E75/><V62/><F62/><W74/><G112/><T82/><D111/><U118/><E118/><V87/><F117/><W24/><G131/><N who="2" m="50185" /><F32/><W71/><G71/><T132/><D132/><U14/><E39/><V133/><F133/><W1/><G53/><N who="0" m="29951" /><D25/><U85/><E70/><V22/><AGARI ba="0,0" hai="20,21,22,30,31,78,80,87" m="50185,46155" machi="22" ten="40,1500,0" yaku="19,1" doraHai="95" who="2" fromWho="2" sc="250,-7,250,-4,250,15,250,-4" /><INIT seed="1,0,0,4,0,96" ten="243,246,265,246" oya="1" hai0="94,118,120,65,52,31,117,124,70,21,115,30,116" hai1="24,71,97,12,44,53,92,132,103,82,102,34,78" hai2="87,43,86,9,66,67,73,11,107,85,105,15,14" hai3="101,17,54,89,47,27,13,93,77,32,7,48,95"/><U61/><E132/><V8/><F73/><W74/><G7/><T123/><D94/><U122/><E122/><N who="0" m="46633" /><D21/><U20/><E34/><V3/><F43/><W133/><G133/><T128/><D70/><U69/><E12/><N who="2" m="4651" /><F3/><W75/><G32/><T72/><D65/><AGARI ba="0,0" hai="8,9,11,65,66,67,85,86,87,105,107" m="4651" machi="65" ten="40,2600,0" yaku="28,2" doraHai="96" who="2" fromWho="0" sc="243,-26,246,0,265,26,246,0" /><INIT seed="2,0,0,1,1,123" ten="217,246,291,246" oya="2" hai0="65,17,115,117,84,44,133,21,94,26,121,3,52" hai1="76,41,58,61,118,67,103,60,13,91,27,16,64" hai2="108,88,51,43,0,33,98,78,131,135,96,46,104" hai3="11,31,124,32,49,14,9,99,10,132,15,86,12"/><V77/><F33/><W110/><G49/><T28/><D121/><U87/><E118/><V126/><F0/><W120/><G86/><T105/><D115/><U47/><E27/><V130/><F104/><W113/><G120/><T23/><D105/><U59/><E103/><V5/><F5/><W8/><G113/><T6/><D117/><U4/><E4/><V83/><F135/><W62/><G62/><T106/><D133/><U54/><E76/><N who="2" m="29291" /><F126/><W29/><G132/><T102/><D106/><U100/><E100/><V93/><F98/><W35/><G124/><T119/><D119/><U25/><E25/><V74/><F83/><W1/><G99/><N who="0" m="59767" /><D3/><U81/><E54/><V37/><F37/><W97/><G110/><T85/><D65/><U75/><E75/><V114/><F74/><W122/><G97/><T125/><D125/><U2/><E2/><V20/><F20/><W92/><G92/><T34/><D6/><U45/><E41/><V116/><F114/><W57/><G57/><T38/><D34/><N who="3" m="12841" /><G122/><T56/><D38/><U68/><E68/><V129/><F116/><W19/><G1/><T90/><D44/><U30/><E30/><AGARI ba="0,0" hai="8,9,10,11,12,14,15,19,29,30,31" m="12841" machi="30" ten="30,8000,1" yaku="35,5" doraHai="123" who="3" fromWho="1" sc="217,0,246,-80,291,0,246,80" /><INIT seed="3,0,0,0,0,119" ten="217,166,291,326" oya="3" hai0="112,45,50,78,37,99,113,132,102,64,26,86,25" hai1="131,65,29,114,109,103,69,133,32,57,123,58,101" hai2="75,92,0,23,74,20,7,134,4,106,67,100,108" hai3="22,17,39,87,61,121,52,81,83,79,66,49,51"/><W93/><G121/><T122/><D37/><U13/><E114/><N who="0" m="44137" /><D64/><U95/><E69/><V126/><F106/><W3/><G3/><T43/><D132/><U27/><E133/><V59/><F134/><W111/><G111/><T71/><D71/><U68/><E109/><V30/><F108/><W40/><G39/><T34/><D34/><U2/><E2/><V55/><F126/><W54/><G40/><T107/><D122/><U118/><E118/><V82/><F75/><W97/><G83/><AGARI ba="0,0" hai="25,26,43,45,50,78,83,86,99,102,107" m="44137" machi="83" ten="30,1000,0" yaku="11,1" doraHai="119" who="0" fromWho="3" sc="217,10,166,0,291,0,326,-10" owari="227,-17.0,166,-33.0,291,9.0,316,41.0" /></mjloggm>