<mjloggm ver="2.3"><GO type="97" lobby="0"/><UN n0="%4A%4C%6D%61%6A%6F" n1="%43%61%6C%6B%61%6E" n2="%E8%B5%A4%E3%81%84%E5%A4%9C" n3="%E5%B0%B1%E6%B4%BB%E7%94%9F%40%E5%B7%9D%E6%9D%91%E8%BB%8D%E5%9B%A3" dan="13,14,15,15" rate="1836.61,1908.23,1965.94,2040.57" sx="F,M,F,M"/><TAIKYOKU oya="0"/><INIT seed="0,0,0,2,1,5" ten="250,250,250,250" oya="0" hai0="126,8,83,102,51,50,78,116,62,40,59,121,96" hai1="133,86,48,107,13,6,7,81,110,130,26,9,70" hai2="87,120,35,55,52,128,132,18,106,124,42,100,108" hai3="47,93,97,77,1,72,31,105,21,20,53,32,39"/><T88/><D121/><U80/><E107/><V113/><F120/><W127/><G105/><T14/><D116/><U58/><E70/><V111/><F113/><W45/><G1/><T2/><D2/><U19/><E133/><V99/><F35/><W84/><G127/><T118/><D118/><U43/><E130/><V98/><F124/><W82/><G72/><T71/><D71/><U114/><E114/><V129/><F128/><W25/><G47/><N who="0" m="25959" /><D126/><U109/><E26/><V115/><F132/><W122/><G122/><T73/><D73/><U37/><E37/><V4/><F115/><W101/><REACH who="3" step="1"/><G53/><REACH who="3" ten="250,250,250,240" step="2"/><N who="0" m="32191" /><D62/><U30/><E109/><V74/><F55/><W66/><G66/><T17/><D102/><U56/><E110/><V75/><F52/><W69/><G69/><T65/><D65/><U119/><E119/><V117/><F74/><W10/><G10/><T63/><D63/><U79/><E9/><V41/><F75/><W34/><G34/><T15/><D14/><U29/><E13/><V36/><F106/><W12/><G12/><T24/><D24/><U57/><E43/><AGARI ba="0,1" hai="20,21,25,31,32,39,43,45,77,82,84,93,97,101" machi="43" ten="40,2600,0" yaku="1,1,53,1" doraHai="5" doraHaiUra="76" who="3" fromWho="1" sc="250,0,250,-26,250,0,240,36" /><INIT seed="1,0,0,1,3,14" ten="250,224,250,276" oya="1" hai0="78,17,85,89,61,36,112,66,81,133,74,80,29" hai1="102,107,23,128,20,19,77,75,30,62,27,70,41" hai2="126,93,48,121,37,106,101,135,57,109,50,9,95" hai3="6,63,35,114,132,11,113,24,38,49,130,53,68"/><U115/><E128/><V51/><F121/><W40/><G130/><T2/><D133/><U39/><E115/><V71/><F71/><W34/><G132/><T8/><D112/><U25/><E75/><V58/><F135/><W72/><G72/><T28/><D36/><U67/><E77/><V105/><F37/><W64/><G40/><T117/><D117/><U44/><REACH who="1" step="1"/><E102/><REACH who="1" ten="250,214,250,276" step="2"/><V0/><F101/><W33/><G38/><T118/><D118/><U16/><E16/><V13/><F126/><W87/><G113/><T31/><D28/><U99/><E99/><V79/><F79/><W90/><G114/><T111/><D17/><U82/><E82/><V69/><F109/><W52/><G90/><T55/><D111/><U18/><E18/><V59/><F69/><W21/><G87/><T94/><D80/><U116/><E116/><V32/><F32/><W122/><G122/><T131/><D131/><U120/><E120/><V56/><N who="2" m="14336" /><DORA hai="96" /><V43/><F43/><W60/><G60/><T119/><D61/><U73/><E73/><V83/><F83/><W91/><G91/><T26/><D119/><U100/><E100/><V12/><F0/><W47/><G63/><T10/><D2/><U4/><E4/><V129/><F129/><W123/><G123/><T134/><D134/><U5/><E5/><V88/><F88/><W86/><G86/><T42/><D89/><U22/><E22/><V92/><F9/><W110/><G35/><T98/><D74/><U108/><E108/><V125/><F125/><W84/><G34/><T124/><D85/><U103/><E103/><RYUUKYOKU ba="0,1" sc="250,-15,214,15,250,15,276,-15" hai1="19,20,23,25,27,30,39,41,44,62,67,70,107" hai2="12,13,48,50,51,92,93,95,105,106" /><INIT seed="1,1,1,4,4,87" ten="235,229,265,261" oya="1" hai0="94,9,83,135,74,39,101,96,112,73,55,53,125" hai1="129,88,70,104,30,60,50,65,4,121,66,56,105" hai2="17,99,114,126,102,16,27,37,122,124,25,45,26" hai3="59,110,43,103,57,52,86,23,18,11,128,91,64"/><U5/><E129/><V106/><F122/><W54/><G110/><T51/><D112/><U28/><E121/><V71/><F71/><W68/><G128/><T8/><D39/><U42/><E66/><V78/><F78/><W116/><G116/><T36/><D36/><U92/><E105/><V24/><N who="2" m="6144" /><DORA hai="123" /><V6/><F6/><N who="1" m="2665" /><E70/><V20/><F114/><W38/><G38/><T35/><D35/><U134/><E104/><V31/><F31/><W84/><G68/><T0/><D0/><U97/><E134/><V115/><F115/><W13/><G64/><T44/><D135/><U107/><E107/><V113/><F113/><W120/><G120/><T77/><D125/><N who="2" m="48234" /><F20/><W89/><G43/><AGARI ba="1,1" hai="16,17,37,43,45,99,102,106" m="48234,6144" machi="43" ten="50,3200,0" yaku="18,1,54,1" doraHai="87,123" who="2" fromWho="3" sc="235,0,229,0,265,45,261,-35" /><INIT seed="2,0,0,1,3,100" ten="235,229,310,226" oya="2" hai0="10,11,18,115,41,19,7,14,130,62,37,107,40" hai1="12,125,93,113,102,132,31,94,78,106,133,29,71" hai2="84,116,35,8,85,98,83,1,79,81,95,0,17" hai3="126,3,127,67,26,131,96,59,103,54,36,69,53"/><V70/><F116/><W5/><G36/><T46/><D115/><U134/><E113/><V122/><F70/><W104/><G131/><T27/><D130/><U55/><E71/><V88/><F122/><W75/><G75/><T13/><D62/><U129/><E129/><V51/><F35/><W124/><G69/><T108/><D108/><U48/><E125/><V114/><F114/><W30/><G3/><T16/><D40/><U112/><E112/><V47/><F17/><W110/><G5/><T97/><D27/><U77/><E12/><V61/><F61/><N who="3" m="38335" /><G110/><T50/><REACH who="0" step="1"/><D37/><REACH who="0" ten="225,229,310,226" step="2"/><U28/><E77/><V25/><F25/><W119/><G119/><T118/><D118/><U63/><E63/><V38/><F38/><W66/><G66/><T6/><D6/><U92/><E78/><V44/><F1/><W87/><G87/><T9/><D9/><U60/><E60/><V39/><F0/><W101/><G101/><AGARI ba="0,1" hai="7,10,11,13,14,16,18,19,41,46,50,97,101,107" machi="101" ten="40,8000,1" yaku="1,1,52,1,54,1,53,2" doraHai="100" doraHaiUra="4" who="0" fromWho="3" sc="225,90,229,0,310,0,226,-80" /><INIT seed="3,0,0,2,3,116" ten="315,229,310,146" oya="3" hai0="10,85,96,38,84,134,130,100,53,58,42,107,105" hai1="40,81,76,15,41,7,129,9,99,73,94,112,6" hai2="128,95,22,5,88,69,90,124,30,19,114,132,83" hai3="17,70,110,50,125,131,93,46,13,66,109,51,14"/><W115/><G115/><T82/><D38/><U113/><E129/><V120/><F69/><W24/><G125/><T1/><D42/><U32/><E32/><V37/><F114/><W28/><G131/><T122/><D122/><U52/><E112/><V47/><F37/><W35/><G70/><T101/><D130/><U48/><E7/><V108/><F124/><W126/><G126/><T54/><D134/><U74/><E74/><V0/><F30/><W4/><G66/><T63/><D1/><U59/><REACH who="1" step="1"/><E113/><REACH who="1" ten="315,219,310,146" step="2"/><V91/><F128/><W2/><G2/><T111/><D111/><N who="3" m="42505" /><G93/><T79/><D85/><U26/><E26/><V56/><F108/><W71/><G71/><T87/><D84/><U127/><E127/><V98/><F95/><W36/><G36/><T57/><D105/><U68/><E68/><V106/><F132/><W75/><G75/><T11/><D101/><AGARI ba="0,1" hai="6,9,15,40,41,48,52,59,73,76,81,94,99,101" machi="101" ten="30,3900,0" yaku="1,1,7,1,54,1,53,0" doraHai="116" doraHaiUra="12" who="1" fromWho="0" sc="315,-39,219,49,310,0,146,0" owari="276,8.0,268,-13.0,310,40.0,146,-35.0" /></mjloggm>