<mjloggm ver="2.3"><GO type="41" lobby="0"/><UN n0="%41%53%4D%49%4E" n1="%E5%A4%A9%E6%B0%97%E8%AA%AD%E3%81%BF" n2="%36%31%34%36%42" n3="%E5%B0%B1%E6%B4%BB%E7%94%9F%40%E5%B7%9D%E6%9D%91%E8%BB%8D%E5%9B%A3" dan="14,14,14,15" rate="1918.44,1877.60,1894.30,1987.69" sx="M,F,M,M"/><TAIKYOKU oya="0"/><INIT seed="0,0,0,1,5,84" ten="250,250,250,250" oya="0" hai0="90,26,95,49,73,108,71,81,1,15,42,116,132" hai1="58,63,112,60,55,111,115,109,39,74,3,118,18" hai2="121,46,28,66,119,19,87,122,76,100,125,101,33" hai3="117,89,80,79,44,36,129,61,93,131,43,82,83"/><T17/><D116/><U56/><E74/><V23/><F125/><W8/><G117/><T92/><D1/><U120/><E3/><V97/><F66/><W133/><G133/><T53/><D71/><U45/><E18/><V134/><F134/><W22/><G79/><T135/><D42/><N who="1" m="22751" /><E120/><V4/><F4/><W94/><G94/><T105/><D105/><U65/><E118/><V16/><F33/><W7/><G22/><T11/><D108/><AGARI ba="0,0" hai="55,56,58,60,63,65,108,109,111,112,115" m="22751" machi="108" ten="30,3900,0" yaku="14,1,34,2" doraHai="84" who="1" fromWho="0" sc="250,-39,250,39,250,0,250,0" /><INIT seed="1,0,0,3,5,3" ten="211,289,250,250" oya="1" hai0="31,62,126,93,123,39,64,0,129,1,127,13,106" hai1="98,85,46,94,55,92,27,33,48,18,80,14,44" hai2="79,69,43,121,72,47,65,35,24,105,128,101,109" hai3="133,107,42,97,22,53,77,11,113,73,134,30,25"/><U74/><E74/><V96/><F109/><W17/><G42/><T90/><D39/><U45/><E33/><V56/><F56/><W104/><G113/><T8/><D106/><U89/><E27/><V120/><F128/><W51/><G73/><T124/><D31/><U84/><E84/><V88/><F88/><W76/><G30/><T57/><D129/><U119/><E119/><V125/><F125/><W49/><G49/><T111/><D123/><U83/><E83/><V21/><F21/><W10/><G77/><T135/><D111/><U9/><REACH who="1" step="1"/><E94/><REACH who="1" ten="211,279,250,250" step="2"/><V58/><F121/><W40/><G76/><AGARI ba="0,1" hai="9,14,18,44,45,46,48,55,76,80,85,89,92,98" machi="76" ten="30,11600,0" yaku="1,1,2,1,7,1,8,1,53,0" doraHai="3" doraHaiUra="114" who="1" fromWho="3" sc="211,0,279,126,250,0,250,-116" /><INIT seed="1,1,0,2,2,110" ten="211,405,250,134" oya="1" hai0="80,133,52,90,117,41,95,128,34,32,2,120,112" hai1="71,14,64,45,69,23,42,109,87,111,47,106,101" hai2="61,5,44,105,104,107,98,126,74,51,18,37,78" hai3="122,89,15,53,17,1,4,94,88,30,65,16,81"/><U12/><E45/><V3/><F126/><W84/><G122/><T131/><D117/><U129/><E129/><V125/><F125/><W0/><G0/><T103/><D120/><U76/><E106/><V67/><F98/><N who="3" m="57671" /><G1/><T59/><D2/><U93/><E101/><V58/><F37/><W33/><G33/><T63/><D41/><U25/><E111/><V85/><F74/><W108/><G108/><T8/><D133/><U40/><E109/><V115/><F115/><W123/><G123/><T102/><D8/><U60/><E71/><V55/><F3/><W99/><G65/><T75/><D112/><U46/><E46/><V79/><F5/><W43/><G43/><T62/><D32/><U100/><E100/><V77/><REACH who="2" step="1"/><F18/><REACH who="2" ten="211,405,240,134" step="2"/><W118/><G118/><T22/><D131/><U11/><E76/><V26/><F26/><W36/><G36/><T82/><D128/><U127/><E127/><V119/><F119/><W13/><G99/><T50/><D75/><U28/><E87/><AGARI ba="1,1" hai="44,51,55,58,61,67,77,78,79,85,87,104,105,107" machi="87" ten="50,1600,0" yaku="1,1,53,0" doraHai="110" doraHaiUra="21" who="2" fromWho="1" sc="211,0,405,-19,240,29,134,0" /><INIT seed="2,0,0,2,1,12" ten="211,386,269,134" oya="2" hai0="106,91,127,48,92,114,2,110,78,121,39,77,42" hai1="75,90,97,17,73,14,84,126,5,10,34,7,88" hai2="11,45,31,98,72,29,3,99,57,41,16,96,107" hai3="44,69,68,70,102,59,128,0,53,135,109,4,76"/><V38/><F72/><W112/><G4/><T116/><D2/><U85/><E34/><V95/><F107/><W66/><G0/><T51/><D39/><U6/><E126/><V21/><F57/><W9/><G9/><T27/><D27/><U55/><E97/><V61/><F61/><N who="3" m="38207" /><G102/><T100/><D42/><U74/><REACH who="1" step="1"/><E55/><REACH who="1" ten="211,376,269,134" step="2"/><V93/><F99/><W49/><G112/><T123/><D114/><U130/><E130/><V94/><F98/><W133/><G76/><N who="0" m="29291" /><D51/><U8/><E8/><V56/><F96/><W83/><G128/><T67/><D48/><U25/><E25/><V46/><F11/><W22/><G22/><T52/><D52/><U36/><E36/><V115/><F115/><W58/><G109/><T86/><D67/><U108/><E108/><V105/><F105/><W120/><G120/><N who="0" m="46155" /><D110/><U89/><AGARI ba="0,1" hai="5,6,7,10,14,17,73,74,75,84,85,88,89,90" machi="89" ten="40,12000,2" yaku="1,1,0,1,29,2,52,1,54,1,53,0" doraHai="12" doraHaiUra="54" who="1" fromWho="1" sc="211,-30,376,130,269,-60,134,-30" /><INIT seed="3,0,0,0,1,98" ten="181,506,209,104" oya="3" hai0="18,74,83,19,52,118,0,51,113,108,97,122,127" hai1="43,70,2,99,125,109,22,85,28,128,96,24,47" hai2="126,65,40,5,14,133,131,20,16,95,112,78,123" hai3="17,101,124,13,67,80,46,48,88,102,37,58,92"/><W25/><G124/><T29/><D122/><U60/><E2/><V104/><F112/><W26/><G37/><T36/><D118/><U114/><E128/><V31/><F104/><W107/><G107/><T105/><D36/><U106/><E125/><V44/><F123/><W115/><G115/><T135/><D113/><U27/><E109/><V93/><F133/><W103/><G80/><T21/><D127/><U3/><E3/><V42/><F131/><W111/><G67/><T62/><D108/><U100/><E85/><V130/><F78/><W11/><G58/><T59/><D0/><U90/><E90/><V72/><F72/><W12/><G12/><T6/><D6/><U63/><E70/><V73/><F73/><W45/><G111/><T50/><D135/><U66/><E99/><V23/><F65/><W84/><G46/><T39/><D39/><U4/><E4/><V49/><F5/><W79/><G79/><T132/><D132/><U94/><E106/><V8/><F130/><W38/><G38/><T119/><D119/><U117/><E117/><V30/><F42/><AGARI ba="0,0" hai="11,13,17,25,26,42,45,48,84,88,92,101,102,103" machi="42" ten="40,12000,1" yaku="8,1,52,3,54,1" doraHai="98" who="3" fromWho="2" sc="181,0,506,0,209,-120,104,120" /><INIT seed="3,1,0,4,0,37" ten="181,506,89,224" oya="3" hai0="115,0,39,1,103,99,60,50,61,25,79,53,28" hai1="44,72,47,105,119,131,68,102,124,85,34,89,121" hai2="81,87,96,71,134,120,80,11,2,123,95,97,67" hai3="51,18,125,104,63,101,41,17,94,75,62,83,30"/><W49/><G104/><T135/><D115/><U84/><E72/><V110/><F110/><W112/><G112/><T111/><D111/><U122/><E68/><V109/><F109/><W42/><G125/><T45/><D79/><U5/><E34/><V7/><F134/><W133/><G133/><T70/><D135/><U20/><E5/><V40/><F71/><W35/><G35/><T129/><D129/><U32/><E32/><V23/><F67/><W106/><G106/><T114/><D114/><U127/><E84/><V22/><F95/><W54/><G30/><T21/><D39/><U130/><E102/><V6/><F87/><W93/><G75/><T108/><D108/><U82/><E105/><V46/><F46/><W73/><G73/><T31/><D31/><U69/><E69/><V15/><F15/><W128/><G83/><T33/><D21/><U36/><E47/><V77/><F11/><W107/><G107/><T48/><D50/><U10/><E20/><V9/><F9/><W78/><G78/><T55/><D61/><U59/><E10/><V13/><F13/><W58/><G128/><T65/><D53/><U88/><E127/><V19/><F19/><W57/><G54/><T56/><D70/><U16/><E124/><V43/><REACH who="2" step="1"/><F77/><REACH who="2" ten="181,506,79,224" step="2"/><W92/><G92/><AGARI ba="1,1" hai="0,1,25,28,33,45,48,55,56,60,65,92,99,103" machi="92" ten="30,1000,0" yaku="7,1" doraHai="37" who="0" fromWho="3" sc="181,23,506,0,79,0,224,-13" /><INIT seed="4,0,0,4,4,55" ten="204,506,79,211" oya="0" hai0="104,80,76,72,105,98,43,70,35,57,34,88,3" hai1="110,86,122,106,133,103,23,16,82,74,19,96,75" hai2="13,52,20,115,114,99,49,11,67,130,8,113,83" hai3="53,135,1,117,111,71,17,9,27,51,64,134,32"/><T92/><D70/><U121/><E133/><N who="3" m="50698" /><G111/><T128/><D3/><U109/><E74/><V87/><F130/><W97/><G97/><T102/><D35/><U38/><E38/><V58/><F67/><W5/><G117/><T60/><D34/><U28/><E28/><V100/><F20/><N who="3" m="13711" /><G32/><T47/><D128/><U14/><E75/><V40/><F40/><W118/><G118/><T79/><D102/><U73/><E73/><V78/><REACH who="2" step="1"/><F13/><REACH who="2" ten="204,506,69,211" step="2"/><W45/><G71/><T22/><D79/><U39/><E110/><V2/><F2/><W125/><G125/><T56/><D22/><U131/><E23/><V89/><F89/><W124/><G124/><T65/><REACH who="0" step="1"/><D56/><REACH who="0" ten="194,506,69,211" step="2"/><U62/><E109/><V33/><F33/><W85/><G1/><T18/><D18/><U15/><E16/><V63/><F63/><W95/><G5/><T90/><D90/><U41/><E131/><V54/><F54/><W132/><G53/><T7/><D7/><U81/><E19/><V26/><F26/><W77/><G77/><T120/><D120/><U4/><E4/><V29/><F29/><W91/><G132/><T69/><D69/><U116/><E122/><V46/><F46/><W50/><G45/><T119/><D119/><U6/><E116/><V37/><F37/><AGARI ba="0,2" hai="37,43,47,57,60,65,72,76,80,88,92,98,104,105" machi="37" ten="30,11600,0" yaku="1,1,7,1,52,1,54,1,53,0" doraHai="55" doraHaiUra="108" who="0" fromWho="2" sc="194,136,506,0,69,-116,211,0" owari="330,13.0,506,61.0,-47,-55.0,211,-19.0" /></mjloggm>