<mjloggm ver="2.3"><GO type="97" lobby="0"/><UN n0="%E5%B0%B1%E6%B4%BB%E7%94%9F%40%E5%B7%9D%E6%9D%91%E8%BB%8D%E5%9B%A3" n1="%E3%81%82%EF%BD%9E%E7%9C%A0%E3%81%9F%E3%81%84" n2="%E8%B5%A4%E8%9B%99" n3="%E3%81%95%E3%81%8F%E5%9D%8A" dan="15,13,13,14" rate="2025.59,1934.83,1932.36,1956.65" sx="M,M,M,M"/><TAIKYOKU oya="0"/><INIT seed="0,0,0,4,2,135" ten="250,250,250,250" oya="0" hai0="1,133,106,18,28,102,123,16,112,111,61,34,42" hai1="82,74,132,23,73,44,97,21,107,55,117,121,30" hai2="119,49,83,38,91,4,20,93,124,29,134,94,69" hai3="129,10,89,15,48,67,59,108,50,54,81,19,7"/><T2/><D123/><U63/><E121/><V126/><F38/><W3/><G108/><T92/><D106/><U79/><E117/><V113/><F113/><W127/><G129/><T77/><D112/><U62/><E132/><V47/><F134/><W11/><G67/><T85/><D133/><U8/><E74/><V98/><F69/><W66/><G66/><T0/><D42/><U12/><E63/><V56/><F4/><W65/><G65/><T25/><D111/><U53/><E53/><V45/><F83/><W71/><G71/><T90/><D61/><U128/><E128/><V87/><F119/><W33/><G33/><T95/><REACH who="0" step="1"/><D77/><REACH who="0" ten="240,250,250,250" step="2"/><U27/><E62/><V35/><F35/><W41/><G41/><T17/><D17/><U68/><E68/><V6/><F6/><W125/><REACH who="3" step="1"/><G50/><REACH who="3" ten="240,250,250,240" step="2"/><T110/><D110/><U26/><E107/><V9/><F49/><W58/><G58/><T88/><D88/><U39/><E39/><V131/><F56/><W57/><G57/><T120/><D120/><U101/><E44/><V31/><F131/><W64/><G64/><T70/><D70/><U104/><E104/><V130/><F130/><W114/><G114/><T78/><D78/><U118/><E79/><V109/><F109/><W84/><AGARI ba="0,2" hai="3,7,10,11,15,19,48,54,59,81,84,89,125,127" machi="84" ten="30,8000,1" yaku="1,1,0,1,52,2,53,1" doraHai="135" doraHaiUra="13" who="3" fromWho="3" sc="240,-40,250,-20,250,-20,240,100" /><INIT seed="1,0,0,4,2,50" ten="200,230,230,340" oya="1" hai0="37,127,117,105,75,67,19,112,129,95,110,122,43" hai1="17,27,34,42,5,59,81,135,116,68,10,102,88" hai2="35,91,99,118,120,58,63,90,11,111,23,134,96" hai3="54,83,92,7,80,24,121,87,49,69,13,32,4"/><U26/><E116/><V130/><F118/><W97/><G69/><T30/><RYUUKYOKU type="yao9" ba="0,0" sc="200,0,230,0,230,0,340,0" hai0="19,30,37,43,67,75,95,105,110,112,117,122,127,129" /><INIT seed="1,1,0,1,3,131" ten="200,230,230,340" oya="1" hai0="63,8,72,67,128,122,65,71,14,110,7,79,27" hai1="0,125,2,25,51,15,88,31,105,80,42,11,109" hai2="47,95,18,78,21,90,69,28,99,118,85,20,50" hai3="10,66,5,12,55,58,38,87,100,135,107,29,91"/><U101/><E125/><V23/><F118/><W37/><G66/><T59/><D128/><U83/><E109/><V112/><F69/><W61/><G29/><T9/><D110/><U89/><E105/><V32/><F112/><W102/><G102/><T106/><D122/><U53/><E42/><V103/><F78/><W74/><G74/><T16/><D106/><U3/><E101/><V60/><F60/><W129/><G129/><T116/><D116/><U64/><E64/><V35/><F28/><W44/><G135/><T33/><D67/><U36/><E36/><V34/><F18/><W134/><G134/><T43/><D43/><U17/><E83/><V97/><REACH who="2" step="1"/><F103/><REACH who="2" ten="200,230,220,340" step="2"/><W104/><G100/><T113/><D113/><U86/><E89/><V117/><F117/><W115/><G91/><T57/><D79/><U119/><E119/><V30/><F30/><W1/><G61/><T76/><D76/><U75/><E75/><V82/><F82/><W68/><G68/><T26/><D72/><U19/><E17/><V45/><F45/><W13/><G44/><T114/><D114/><U49/><REACH who="1" step="1"/><E53/><AGARI ba="1,1" hai="20,21,23,32,34,35,47,50,53,85,90,95,97,99" machi="53" ten="50,1600,0" yaku="1,1,53,0" doraHai="131" doraHaiUra="22" who="2" fromWho="1" sc="200,0,230,-19,220,29,340,0" /><INIT seed="2,0,0,1,5,21" ten="200,211,249,340" oya="2" hai0="49,92,88,23,27,46,35,95,113,26,89,105,63" hai1="74,101,30,36,103,75,60,1,37,42,54,29,106" hai2="34,28,109,66,61,56,41,8,134,22,96,107,120" hai3="65,118,81,111,129,10,7,15,69,117,24,0,94"/><V99/><F120/><W104/><G111/><T16/><D105/><U116/><E1/><V55/><F134/><W59/><G104/><T51/><D113/><U85/><E116/><V119/><F119/><W135/><G129/><T25/><D35/><U130/><E106/><V33/><F109/><W102/><G69/><T125/><D125/><U58/><E130/><V84/><F41/><W110/><G81/><T71/><D71/><U68/><E68/><V114/><F8/><W127/><G0/><T53/><D63/><U80/><E75/><V108/><F108/><W73/><G73/><T121/><D51/><U98/><E74/><V40/><F40/><W82/><G82/><T11/><D11/><U115/><E103/><V83/><F114/><W100/><G100/><T44/><D44/><U78/><E42/><V132/><F132/><W43/><G43/><T13/><D121/><U87/><E85/><V67/><F34/><W57/><G127/><T126/><D126/><U62/><E60/><V47/><F47/><W39/><G39/><T131/><D131/><U123/><E115/><V79/><F33/><W122/><G122/><T72/><D72/><U90/><E78/><V93/><F107/><W18/><G110/><T4/><D4/><U6/><E6/><V76/><F76/><W128/><G128/><T124/><D124/><U112/><E112/><V70/><F70/><W17/><G135/><T50/><D50/><U77/><E77/><V133/><F133/><W31/><G117/><T9/><D9/><U14/><E123/><V32/><F32/><W45/><G118/><RYUUKYOKU ba="0,0" sc="200,30,211,-10,249,-10,340,-10" hai0="13,16,23,25,26,27,46,49,53,88,89,92,95" /><INIT seed="3,1,0,3,5,130" ten="230,201,239,330" oya="3" hai0="93,128,120,56,106,58,113,17,31,65,19,41,23" hai1="110,29,73,84,122,2,127,108,135,102,55,124,134" hai2="95,32,79,74,98,85,42,75,92,89,101,34,100" hai3="50,133,52,107,78,66,129,68,4,104,10,28,18"/><W71/><G133/><N who="1" m="50698" /><E2/><V88/><F42/><W60/><G129/><T64/><D106/><U1/><E1/><V103/><REACH who="2" step="1"/><F79/><REACH who="2" ten="230,201,229,330" step="2"/><W62/><G78/><T121/><D41/><U5/><E122/><V111/><F111/><N who="1" m="42537" /><E73/><AGARI ba="1,1" hai="32,34,73,74,75,85,88,89,92,95,98,100,101,103" machi="73" ten="40,2600,0" yaku="1,1,54,1,53,0" doraHai="130" doraHaiUra="57" who="2" fromWho="1" sc="230,0,201,-29,229,39,330,0" owari="230,-17.0,172,-33.0,268,7.0,330,43.0" /></mjloggm>