<mjloggm ver="2.3"><GO type="169" lobby="0"/><UN n0="%E5%8F%AF%E7%87%83%E6%80%A7%E9%AB%98%E5%9C%A7%E3%82%AC%E3%82%B9" n1="%E3%82%A6%E3%83%AB%E3%83%88%E3%83%A9%E7%AB%8B%E7%9B%B4" n2="%EF%BC%88%EF%BC%8D%EF%BD%97%EF%BC%8D%EF%BC%89" n3="%30%30%73%61%69" dan="16,17,16,16" rate="2179.95,2127.36,2064.73,2110.53" sx="M,M,M,M"/><TAIKYOKU oya="0"/><INIT seed="0,0,0,2,4,6" ten="250,250,250,250" oya="0" hai0="84,135,86,115,5,117,81,35,69,83,120,60,33" hai1="2,101,75,52,4,100,12,49,124,85,123,125,67" hai2="109,41,76,98,3,87,17,89,29,46,73,102,118" hai3="114,32,112,133,88,42,58,131,47,43,71,20,7"/><T53/><D120/><U54/><E75/><V57/><F29/><W50/><G32/><T62/><D117/><U30/><E67/><V92/><F109/><W90/><G71/><T106/><D115/><U105/><E2/><V13/><F57/><W26/><G131/><T68/><D106/><U111/><E111/><V0/><F76/><W39/><G133/><T66/><D5/><U93/><E30/><V11/><F73/><W59/><G7/><T40/><D53/><U113/><E54/><V78/><F78/><W80/><G112/><T132/><REACH who="0" step="1"/><D66/><REACH who="0" ten="240,250,250,250" step="2"/><U16/><E4/><V45/><F118/><W119/><G114/><T9/><D9/><N who="1" m="6159" /><E105/><V63/><F41/><AGARI ba="0,1" hai="33,35,40,41,60,62,68,69,81,83,84,86,132,135" machi="41" ten="25,12000,1" yaku="1,1,22,2,53,2" doraHai="6" doraHaiUra="56" who="0" fromWho="2" sc="240,130,250,0,250,-120,250,0" /><INIT seed="0,1,0,0,5,5" ten="370,250,130,250" oya="0" hai0="84,78,60,12,67,87,116,8,68,22,52,105,48" hai1="85,129,35,46,71,74,20,61,50,92,25,1,106" hai2="86,28,90,88,95,132,131,91,47,14,0,64,37" hai3="59,75,21,115,94,114,42,9,123,51,102,17,11"/><T120/><D116/><U93/><E74/><V36/><F0/><W135/><G75/><T97/><D120/><U128/><E1/><V70/><F131/><N who="1" m="50249" /><E106/><V13/><F132/><W121/><G135/><T26/><D105/><U101/><E35/><V125/><F125/><W99/><G115/><T6/><D97/><U2/><E2/><V108/><F108/><W122/><G114/><T24/><D78/><U58/><E71/><V119/><F28/><W29/><G29/><T65/><D65/><N who="1" m="39095" /><E101/><V31/><F31/><W49/><G59/><T54/><D54/><N who="1" m="30039" /><E85/><V113/><F113/><W133/><G133/><T27/><REACH who="0" step="1"/><D22/><REACH who="0" ten="360,250,130,250" step="2"/><U63/><E63/><V23/><F119/><W104/><G104/><T79/><D79/><U43/><E43/><V41/><F64/><W118/><G118/><T81/><D81/><U15/><E93/><V39/><F95/><W107/><G107/><T34/><D34/><U62/><E92/><V38/><F23/><W30/><G42/><T96/><D96/><U112/><E62/><V33/><F33/><W77/><G77/><T110/><D110/><U57/><E112/><V56/><F86/><W40/><G40/><T103/><D103/><U3/><E20/><V130/><F130/><W45/><G30/><T10/><D10/><N who="3" m="3593" /><G45/><AGARI ba="1,1" hai="6,8,12,24,26,27,45,48,52,60,67,68,84,87" machi="45" ten="40,7700,0" yaku="1,1,52,1,54,1,53,0" doraHai="5" doraHaiUra="72" who="0" fromWho="3" sc="360,90,250,0,130,0,250,-80" /><INIT seed="0,2,0,3,3,63" ten="450,250,130,170" oya="0" hai0="130,85,77,7,83,4,34,119,23,61,24,25,50" hai1="74,109,39,107,126,92,47,40,21,75,55,135,48" hai2="49,115,12,10,89,101,95,57,26,73,51,13,114" hai3="79,30,116,72,132,134,99,123,9,33,29,133,8"/><T91/><D119/><U65/><E107/><V38/><F38/><W131/><G116/><T53/><D130/><U6/><E126/><V46/><F73/><W52/><G131/><T2/><D34/><U118/><E118/><V121/><F121/><W0/><G72/><T122/><D122/><U32/><E32/><V113/><F26/><N who="3" m="18615" /><G79/><T43/><D25/><U124/><E6/><V82/><F101/><W59/><G123/><T35/><D35/><U71/><E21/><V78/><F78/><W97/><G30/><T22/><D22/><U37/><E37/><V62/><F82/><W60/><G9/><T90/><D2/><U20/><E20/><V105/><F105/><W103/><G103/><T56/><D7/><AGARI ba="2,0" hai="0,7,8,52,59,60,97,99,132,133,134" m="18615" machi="7" ten="30,2000,0" yaku="20,1,54,1" doraHai="63" who="3" fromWho="0" sc="450,-26,250,0,130,0,170,26" /><INIT seed="1,0,0,4,3,66" ten="424,250,130,196" oya="1" hai0="67,77,11,0,21,70,118,113,15,46,65,62,40" hai1="24,133,18,99,119,94,130,52,88,81,132,108,86" hai2="38,112,103,92,32,41,19,37,127,7,29,9,95" hai3="35,31,69,64,14,63,116,72,56,80,68,2,75"/><U27/><E130/><V129/><F129/><W104/><G116/><T82/><D118/><U84/><E119/><V98/><F127/><W1/><G14/><T42/><D65/><U30/><E108/><V13/><F112/><W101/><G56/><T60/><D60/><U57/><E86/><V59/><F41/><W100/><G100/><T128/><D128/><U83/><E18/><V20/><F59/><W55/><G55/><T123/><D113/><U121/><E121/><V91/><F29/><W126/><G69/><T124/><D124/><U73/><E73/><N who="3" m="28234" /><G80/><T89/><D89/><U5/><E5/><V97/><REACH who="2" step="1"/><F32/><REACH who="2" ten="424,250,120,196" step="2"/><W22/><G126/><T102/><D42/><U76/><E30/><V8/><F8/><W4/><G22/><T110/><D21/><U25/><REACH who="1" step="1"/><E83/><REACH who="1" ten="424,240,120,196" step="2"/><V106/><F106/><W23/><G104/><T125/><D82/><U85/><E85/><V107/><F107/><W134/><G31/><T45/><D125/><U53/><E53/><V28/><F28/><W115/><G35/><T6/><D110/><U87/><E87/><V111/><F111/><W49/><G115/><T120/><D120/><U3/><E3/><AGARI ba="0,2" hai="3,7,9,13,19,20,37,38,91,92,95,97,98,103" machi="3" ten="30,2000,0" yaku="1,1,7,1,53,0" doraHai="66" doraHaiUra="47" who="2" fromWho="1" sc="424,0,240,-20,120,40,196,0" /><INIT seed="2,0,0,1,4,101" ten="424,220,160,196" oya="2" hai0="62,50,130,61,43,93,65,73,84,3,4,9,133" hai1="97,67,91,78,29,45,1,114,60,131,12,112,27" hai2="121,81,20,66,129,0,54,18,82,33,47,32,25" hai3="51,127,119,122,72,6,74,22,52,83,37,80,41"/><V134/><F121/><W49/><G122/><T87/><D73/><U69/><E1/><V28/><F0/><W75/><G119/><T135/><D130/><U95/><E131/><V109/><F129/><W39/><G127/><T86/><D93/><U55/><E78/><V76/><F134/><N who="0" m="51210" /><D65/><U23/><E12/><V104/><F104/><W88/><G6/><T21/><D21/><U116/><E116/><V128/><F128/><W94/><G22/><T10/><D10/><U117/><E117/><V14/><F66/><W13/><G13/><T102/><D102/><U124/><E124/><V89/><F109/><W8/><G8/><T96/><D96/><U71/><E71/><V2/><F2/><W132/><G132/><T79/><D79/><U125/><E125/><V118/><F118/><W58/><G80/><T98/><D98/><U26/><E26/><V7/><F7/><W42/><G83/><T105/><D105/><U56/><E45/><AGARI ba="0,0" hai="3,4,9,43,45,50,61,62,84,86,87" m="51210" machi="45" ten="30,1000,0" yaku="20,1" doraHai="101" who="0" fromWho="1" sc="424,10,220,-10,160,0,196,0" /><INIT seed="3,0,0,5,2,35" ten="434,210,160,196" oya="3" hai0="17,111,21,106,122,49,33,76,64,131,102,67,13" hai1="121,98,34,101,38,123,30,96,127,110,115,12,47" hai2="58,0,133,59,41,112,31,2,130,9,45,43,11" hai3="28,78,119,65,117,125,73,69,1,90,99,60,18"/><W40/><G125/><T44/><D33/><U124/><E30/><V88/><F112/><W3/><G40/><T8/><D122/><U107/><E34/><V25/><F133/><W36/><G18/><T70/><D76/><U16/><E115/><V94/><F130/><W93/><G36/><T57/><D70/><U23/><E110/><V37/><F43/><W15/><G28/><T27/><D111/><U120/><E38/><V24/><F59/><W7/><G78/><T56/><D102/><U39/><E39/><V20/><F58/><N who="0" m="22634" /><D106/><U5/><E47/><V54/><F54/><W126/><G73/><T84/><D84/><U80/><E98/><V108/><F108/><W81/><G81/><T42/><D131/><U19/><E5/><AGARI ba="0,0" hai="5,8,13,17,21,27,42,44,49,64,67" m="22634" machi="5" ten="30,1000,0" yaku="8,1" doraHai="35" who="0" fromWho="1" sc="434,10,210,-10,160,0,196,0" /><INIT seed="4,0,0,5,3,117" ten="444,200,160,196" oya="0" hai0="112,12,128,64,54,92,33,106,113,77,127,87,76" hai1="130,23,118,28,45,55,85,96,50,1,66,133,41" hai2="88,71,30,73,79,35,134,46,109,97,89,84,105" hai3="38,75,65,49,6,4,111,99,26,119,57,13,132"/><T14/><D33/><U59/><E1/><V69/><F109/><W44/><G38/><T61/><D106/><U47/><E118/><V104/><F134/><W56/><G75/><T27/><D27/><N who="1" m="16511" /><E130/><V72/><F46/><N who="1" m="17417" /><E133/><V18/><F18/><W25/><G119/><T31/><D31/><U58/><E96/><V74/><F30/><W78/><G111/><T94/><D54/><U7/><E7/><V3/><F3/><W39/><G39/><T100/><D128/><U122/><E122/><V34/><F97/><W9/><G4/><T62/><D64/><U121/><E121/><V107/><F79/><W19/><G132/><T98/><D98/><U36/><E36/><V11/><F11/><W37/><G37/><T42/><D87/><U2/><E2/><V0/><F0/><W91/><G78/><T114/><D114/><U70/><E70/><N who="2" m="26635" /><F84/><W93/><G65/><T21/><D21/><U15/><E15/><V80/><F80/><W63/><G6/><T131/><D131/><U67/><E41/><V101/><F101/><W124/><G124/><T116/><D116/><U43/><E43/><V24/><F24/><N who="3" m="9323" /><G63/><T68/><D68/><U40/><E40/><AGARI ba="0,0" hai="9,13,19,40,44,49,56,57,91,93,99" m="9323" machi="40" ten="30,1000,0" yaku="8,1" doraHai="117" who="3" fromWho="1" sc="444,0,200,-10,160,0,196,10" /><INIT seed="5,0,0,5,2,62" ten="444,190,160,206" oya="1" hai0="55,87,56,107,67,112,40,37,71,122,76,96,84" hai1="4,126,123,29,32,93,90,26,117,49,57,64,38" hai2="101,111,80,48,125,79,89,51,24,70,127,108,95" hai3="17,134,14,10,22,34,23,47,58,28,82,50,6"/><U36/><E123/><V2/><F2/><W41/><G134/><T33/><D33/><U94/><E117/><V30/><F70/><W13/><G34/><T44/><D76/><U9/><E126/><N who="2" m="48139" /><F101/><W86/><G58/><T52/><D55/><U78/><E78/><V15/><F15/><W132/><G132/><T133/><D133/><U106/><E106/><V61/><F61/><W45/><G45/><T113/><D122/><U103/><E103/><V81/><F89/><N who="3" m="51415" /><G28/><T88/><D96/><U114/><E114/><V42/><F95/><W83/><G83/><N who="2" m="31817" /><F79/><W8/><AGARI ba="0,0" hai="6,8,10,13,14,17,22,23,41,47,50" m="51415" machi="8" ten="30,1100,0" yaku="8,1" doraHai="62" who="3" fromWho="3" sc="444,-3,190,-5,160,-3,206,11" /><INIT seed="6,0,0,1,2,18" ten="441,185,157,217" oya="2" hai0="87,40,89,72,32,79,12,56,71,126,28,117,16" hai1="15,84,14,36,23,68,43,122,66,58,62,131,80" hai2="42,104,63,110,93,24,118,128,96,19,81,106,53" hai3="25,123,29,11,109,61,127,49,20,46,103,135,1"/><V2/><F118/><W31/><G109/><T102/><D71/><U111/><E111/><V92/><F2/><W39/><G123/><T59/><D40/><U34/><E34/><V41/><F110/><W22/><G39/><T133/><D79/><U21/><E122/><V132/><F132/><W45/><G127/><T6/><D6/><U73/><E73/><V51/><F128/><W33/><G103/><T85/><D85/><U13/><E131/><V97/><F81/><W100/><G100/><T82/><D72/><U3/><E3/><V86/><F86/><W64/><G46/><T99/><D28/><U74/><E74/><V129/><F129/><W17/><G135/><T47/><D47/><U98/><E98/><N who="2" m="37995" /><F106/><W38/><G38/><T60/><D32/><U88/><E36/><V8/><F104/><W30/><G1/><T83/><D83/><U108/><E108/><V105/><F105/><W44/><G33/><T101/><D101/><U113/><E68/><V7/><F7/><W9/><G45/><T4/><D4/><U134/><E134/><V26/><F41/><N who="3" m="24719" /><G22/><N who="1" m="8202" /><E113/><V125/><F42/><AGARI ba="0,0" hai="13,14,15,42,43,58,62,66,80,84,88" m="8202" machi="42" ten="30,8000,1" yaku="8,1,52,3,54,1" doraHai="18" who="1" fromWho="2" sc="441,0,185,80,157,-80,217,0" /><INIT seed="7,0,0,2,0,8" ten="441,265,77,217" oya="3" hai0="97,132,73,45,123,51,75,114,3,36,44,61,34" hai1="113,82,2,29,119,27,7,62,35,68,24,39,56" hai2="42,133,33,94,65,85,25,106,71,130,103,66,67" hai3="128,6,111,55,31,52,10,21,20,129,122,87,49"/><W127/><G122/><T11/><D34/><U89/><E39/><V77/><F133/><W118/><G118/><T47/><D36/><U13/><E68/><V107/><F130/><N who="3" m="50283" /><G127/><T63/><D51/><U53/><E113/><V48/><F106/><W46/><G111/><T95/><D123/><U37/><E37/><V57/><F94/><W12/><G31/><T90/><D132/><U86/><E2/><V117/><F117/><W79/><G55/><T70/><D70/><U28/><E119/><V78/><F85/><W88/><G79/><T135/><D135/><U17/><E7/><V98/><F77/><W81/><AGARI ba="0,0" hai="6,10,12,20,21,46,49,52,81,87,88" m="50283" machi="81" ten="30,11700,0" yaku="19,1,52,1,54,2" doraHai="8" who="3" fromWho="3" sc="441,-39,265,-39,77,-39,217,117" /><INIT seed="7,1,0,1,4,105" ten="402,226,38,334" oya="3" hai0="58,79,125,75,127,73,102,72,24,106,15,77,95" hai1="70,16,52,2,48,0,62,100,40,68,31,46,44" hai2="59,135,104,82,86,130,92,121,89,67,51,49,93" hai3="57,87,97,11,34,38,131,134,88,111,37,115,108"/><W81/><G34/><T126/><D24/><U13/><E31/><V3/><F67/><W55/><G115/><T98/><D58/><U25/><E25/><V94/><F59/><W5/><G131/><T26/><D26/><U84/><E70/><V50/><F3/><W4/><G97/><N who="0" m="61775" /><D15/><U6/><E6/><N who="3" m="2666" /><G134/><T23/><D23/><U7/><E7/><V30/><F30/><W18/><G18/><T71/><D71/><U91/><E100/><AGARI ba="1,0" hai="72,73,75,77,79,95,98,100,125,126,127" m="61775" machi="100" ten="40,12000,2" yaku="18,1,34,2,52,3" doraHai="105" who="0" fromWho="1" sc="402,123,226,-123,38,0,334,0" owari="525,63.0,103,-30.0,38,-46.0,334,13.0" /></mjloggm>