<mjloggm ver="2.3"><GO type="225" lobby="0"/><UN n0="%E3%83%88%E3%83%88%E3%83%AA%E5%85%88%E7%94%9F%31%39%E6%AD%B3" n1="%53%49%4C%41%53" n2="%6D%61%63%6A%72" n3="%6D%61%74%69%6F%73%61%6E" dan="18,17,17,16" rate="2279.97,2162.60,2139.43,2101.62" sx="F,F,M,M"/><TAIKYOKU oya="0"/><INIT seed="0,0,0,0,1,90" ten="250,250,250,250" oya="0" hai0="53,127,91,110,98,66,8,117,89,101,95,93,96" hai1="17,103,79,113,125,1,114,131,72,83,135,105,119" hai2="62,35,37,40,81,84,7,19,73,65,129,71,70" hai3="3,31,112,28,78,0,94,9,88,2,121,77,26"/><T56/><D117/><U45/><E119/><V64/><F129/><W57/><G121/><T23/><D127/><U128/><E17/><V6/><F35/><W107/><G107/><T43/><D110/><U126/><E45/><V54/><F73/><W30/><G112/><N who="1" m="43114" /><E1/><V11/><F54/><W123/><G123/><T102/><D66/><U75/><E75/><V14/><F40/><W27/><G9/><T120/><D120/><U82/><E82/><V86/><F37/><W80/><G57/><T34/><D34/><U12/><E12/><V10/><F19/><W87/><REACH who="3" step="1"/><G77/><REACH who="3" ten="250,250,250,240" step="2"/><T76/><D76/><U116/><E116/><V85/><F81/><W25/><G25/><T52/><D8/><U132/><E128/><V38/><F10/><W33/><G33/><T50/><D23/><U108/><E131/><V106/><F106/><W46/><G46/><N who="0" m="27735" /><D43/><U68/><E108/><V63/><F7/><W51/><G51/><AGARI ba="0,1" hai="51,53,56,89,91,93,95,96,98,101,102" m="27735" machi="51" ten="30,11600,0" yaku="8,1,52,2,54,1" doraHai="90" who="0" fromWho="3" sc="250,126,250,0,250,0,240,-116" /><INIT seed="0,1,0,0,1,30" ten="376,250,250,124" oya="0" hai0="131,125,1,58,128,101,102,8,14,34,126,5,28" hai1="88,32,135,133,35,82,75,24,103,56,92,18,13" hai2="57,3,49,12,105,70,91,67,15,130,41,20,118" hai3="96,53,4,64,61,46,71,86,89,74,7,6,127"/><T124/><D58/><U79/><E103/><V132/><F105/><W109/><G74/><T129/><REACH who="0" step="1"/><D14/><REACH who="0" ten="366,250,250,124" step="2"/><U10/><E56/><V112/><F15/><W44/><G127/><T100/><D100/><U68/><E68/><V111/><F57/><W47/><G109/><T106/><D106/><U81/><E24/><AGARI ba="1,1" hai="1,5,8,24,28,34,101,102,124,125,126,128,129,131" machi="24" ten="50,12000,1" yaku="1,1,18,1,19,1,52,1,53,0" doraHai="30" doraHaiUra="104" who="0" fromWho="1" sc="366,133,250,-123,250,0,124,0" /><INIT seed="0,2,0,2,1,58" ten="499,127,250,124" oya="0" hai0="22,57,6,89,121,98,11,103,55,125,129,45,63" hai1="2,59,62,83,50,93,120,107,36,44,34,88,128" hai2="99,51,124,14,35,97,16,100,119,81,1,72,69" hai3="114,15,77,84,126,101,67,10,130,39,17,38,18"/><T111/><D121/><U133/><E120/><V9/><F35/><W19/><G114/><T102/><D129/><U31/><E128/><V74/><F124/><W109/><G126/><T42/><D125/><U32/><E107/><V12/><F1/><W92/><G130/><T79/><D111/><U4/><E36/><V96/><F69/><W64/><G109/><T37/><D79/><U26/><E133/><V134/><F134/><W24/><G39/><T95/><REACH who="0" step="1"/><D22/><REACH who="0" ten="489,127,250,124" step="2"/><U122/><E122/><V53/><F119/><W13/><G77/><T116/><D116/><U123/><E123/><V30/><F72/><W105/><G10/><T108/><D108/><U33/><E83/><V43/><F74/><W5/><G13/><AGARI ba="2,1" hai="6,11,13,37,42,45,55,57,63,89,95,98,102,103" machi="13" ten="30,5800,0" yaku="1,1,7,1,52,1,53,0" doraHai="58" doraHaiUra="82" who="0" fromWho="3" sc="489,74,127,0,250,0,124,-64" /><INIT seed="0,3,0,3,0,1" ten="563,127,250,60" oya="0" hai0="127,134,93,56,101,60,65,69,21,20,86,98,112" hai1="4,76,3,48,50,2,51,64,126,6,46,15,24" hai2="11,19,39,96,59,35,57,84,55,80,18,70,13" hai3="62,117,89,104,31,97,123,105,113,94,99,91,30"/><T61/><D112/><U53/><E126/><V66/><F35/><W119/><G113/><T28/><D127/><U103/><E64/><V118/><F39/><W12/><G123/><T133/><D86/><U34/><E2/><V67/><F70/><W25/><G12/><T58/><D69/><U102/><E3/><V125/><F125/><W87/><G62/><T41/><D41/><U7/><E76/><V106/><F118/><W81/><G31/><T95/><D95/><U109/><E109/><V49/><F106/><N who="3" m="41067" /><G30/><T124/><D124/><U0/><E0/><V74/><F74/><W78/><G25/><N who="0" m="16423" /><D21/><U71/><E71/><V10/><F96/><N who="3" m="36939" /><G119/><T77/><D77/><U54/><E24/><V131/><F131/><W111/><G111/><T22/><D22/><U23/><E34/><V27/><F27/><W5/><G5/><T79/><D79/><U72/><E72/><V47/><F11/><W40/><G40/><T120/><D120/><U42/><E42/><V16/><F18/><W45/><G45/><T52/><AGARI ba="3,0" hai="52,56,58,60,61,65,93,98,101,133,134" m="16423" machi="52" ten="30,3000,0" yaku="25,1,54,1" doraHai="1" who="0" fromWho="0" sc="563,39,127,-13,250,-13,60,-13" /><INIT seed="0,4,0,1,4,2" ten="602,114,237,47" oya="0" hai0="62,12,36,14,74,28,61,20,111,81,51,76,19" hai1="121,39,129,9,117,64,16,79,78,68,58,5,134" hai2="0,75,84,70,25,52,43,54,38,114,97,98,41" hai3="1,89,126,45,91,104,123,112,10,60,66,109,32"/><T82/><D36/><U42/><E121/><V48/><F75/><W122/><G104/><T110/><D28/><U22/><E117/><V17/><F114/><W3/><G112/><T132/><D132/><U105/><E68/><V115/><F115/><W119/><G119/><T72/><D51/><U124/><E105/><V27/><F70/><W4/><G32/><T8/><D81/><U93/><E124/><V23/><F38/><W100/><G100/><T31/><D74/><U106/><E106/><V77/><F0/><W80/><G126/><T55/><D55/><U56/><E129/><V65/><F65/><W101/><G101/><T88/><D88/><N who="3" m="33865" /><G109/><N who="0" m="41483" /><D31/><U57/><E134/><V94/><F97/><W67/><G80/><T35/><D35/><U92/><E64/><N who="3" m="24618" /><G60/><T37/><D37/><U18/><E39/><V13/><F98/><W133/><G133/><T30/><D30/><U127/><E127/><V103/><F103/><W50/><G3/><T6/><AGARI ba="4,0" hai="6,8,12,14,19,20,61,62,72,76,82" m="41483" machi="6" ten="30,6000,0" yaku="14,1,10,1,52,1" doraHai="2" who="0" fromWho="0" sc="602,72,114,-24,237,-24,47,-24" /><INIT seed="0,5,0,3,3,120" ten="674,90,213,23" oya="0" hai0="116,71,101,28,61,91,0,88,48,40,42,104,59" hai1="75,51,57,54,20,33,17,50,47,29,30,80,94" hai2="52,110,109,64,3,130,27,9,102,79,100,123,62" hai3="73,99,46,13,10,78,4,12,132,7,128,131,105"/><T65/><D116/><U16/><E33/><V97/><F123/><W108/><G132/><T41/><D0/><U21/><E75/><V24/><F130/><N who="3" m="49707" /><G46/><T39/><D39/><U98/><E80/><V34/><F79/><W81/><G99/><T38/><D38/><U6/><E6/><N who="2" m="1247" /><F100/><W14/><G105/><T53/><REACH who="0" step="1"/><D28/><REACH who="0" ten="664,90,213,23" step="2"/><U86/><E30/><V76/><F109/><W134/><G108/><T115/><D115/><U84/><E29/><V122/><F110/><W15/><G134/><T18/><D18/><AGARI ba="5,1" hai="4,7,10,12,13,14,15,18,73,78,81" m="49707" machi="18" ten="30,1000,0" yaku="19,1" doraHai="120" who="3" fromWho="0" sc="664,-25,90,0,213,0,23,35" /><INIT seed="1,0,0,5,2,10" ten="639,90,213,58" oya="1" hai0="14,7,35,42,59,90,47,18,105,29,95,55,41" hai1="65,46,97,49,32,27,96,26,121,108,130,82,74" hai2="107,132,99,111,124,24,106,100,12,5,98,37,127" hai3="62,117,51,125,13,92,16,94,50,120,39,28,45"/><U80/><E121/><V79/><F37/><W115/><G120/><T61/><D105/><U78/><E130/><V30/><F111/><W118/><G115/><T103/><D7/><U43/><E108/><V2/><F79/><W104/><G104/><T69/><D69/><U77/><E65/><V21/><F2/><W33/><G125/><N who="2" m="48201" /><F132/><W87/><G39/><T15/><D35/><U23/><E32/><V60/><F60/><W122/><G122/><T58/><D103/><U9/><E9/><N who="2" m="4143" /><F99/><W134/><G134/><T11/><D29/><U73/><REACH who="1" step="1"/><E27/><REACH who="1" ten="639,80,213,58" step="2"/><V88/><F106/><W70/><G33/><T84/><D11/><U19/><AGARI ba="0,1" hai="19,23,26,43,46,49,73,74,77,78,80,82,96,97" machi="19" ten="20,18000,2" yaku="1,1,2,1,0,1,7,1,9,1,53,1" doraHai="10" doraHaiUra="38" who="1" fromWho="1" sc="639,-60,80,190,213,-60,58,-60" owari="579,68.0,270,7.0,153,-25.0,-2,-50.0" /></mjloggm>