<mjloggm ver="2.3"><GO type="169" lobby="0"/><UN n0="%E3%81%8B%E3%82%89%E3%83%BC%E3%81%9C" n1="%E3%82%A6%E3%83%AB%E3%83%88%E3%83%A9%E7%AB%8B%E7%9B%B4" n2="%4E%75%74%61%37%39" n3="%E3%83%AB%E3%82%BF%E3%82%B9%E3%82%B1" dan="17,16,17,16" rate="2177.61,2093.68,2136.34,2116.44" sx="F,M,M,M"/><TAIKYOKU oya="0"/><INIT seed="0,0,0,5,1,38" ten="250,250,250,250" oya="0" hai0="83,130,35,39,50,60,135,104,82,19,27,22,87" hai1="8,1,115,118,111,129,10,37,9,15,113,33,53" hai2="86,32,123,125,20,97,52,102,4,94,6,93,106" hai3="59,14,42,13,2,85,56,58,107,51,127,16,80"/><T29/><D39/><U92/><E118/><V126/><F32/><W109/><G2/><T74/><D104/><U79/><E33/><V128/><F123/><W21/><G107/><T61/><D135/><U66/><E66/><V57/><F128/><W54/><G127/><N who="2" m="48649" /><F20/><W77/><G109/><T34/><D130/><U30/><E30/><V26/><F26/><W133/><G133/><T0/><D0/><U65/><E65/><V103/><F106/><W134/><G134/><T100/><D100/><U70/><E70/><V62/><F102/><W44/><REACH who="3" step="1"/><G13/><REACH who="3" ten="250,250,250,240" step="2"/><T23/><D27/><U96/><E15/><V3/><F3/><W122/><G122/><T11/><D35/><U67/><E111/><V17/><F17/><W99/><G99/><T72/><D19/><U36/><E96/><V47/><F47/><W117/><G117/><T114/><D34/><U110/><E110/><V98/><F98/><W71/><G71/><T95/><D29/><U49/><E1/><V89/><AGARI ba="0,1" hai="4,6,52,57,62,86,89,93,94,97,103" m="48649" machi="89" ten="30,2000,0" yaku="18,1,54,1" doraHai="38" who="2" fromWho="2" sc="250,-10,250,-5,250,30,240,-5" /><INIT seed="1,0,0,1,0,87" ten="240,245,280,235" oya="1" hai0="38,126,98,70,4,30,32,100,114,91,125,111,104" hai1="113,80,42,43,103,83,75,101,41,36,133,99,60" hai2="2,78,48,45,44,46,53,50,79,52,102,26,37" hai3="69,35,88,55,7,112,61,68,39,135,118,28,6"/><U11/><E113/><V123/><F123/><W58/><G118/><T5/><D111/><U65/><E133/><V9/><F102/><W15/><G39/><T74/><D114/><U18/><E36/><V85/><F26/><W121/><G135/><T23/><D74/><U51/><E51/><V90/><F37/><W95/><G112/><T94/><D70/><U29/><E29/><V77/><F2/><W56/><G121/><T24/><D38/><U64/><E75/><V72/><F72/><W57/><G68/><T3/><D32/><U109/><E109/><V117/><F117/><W76/><G76/><T97/><REACH who="0" step="1"/><D3/><REACH who="0" ten="230,245,280,235" step="2"/><U21/><E41/><V47/><REACH who="2" step="1"/><F9/><REACH who="2" ten="230,245,270,235" step="2"/><N who="3" m="4535" /><G35/><T0/><D0/><U96/><E11/><V89/><F89/><W73/><G88/><T27/><D27/><U84/><E21/><V93/><AGARI ba="0,2" hai="44,45,46,47,48,50,52,53,77,78,79,85,90,93" machi="93" ten="30,12000,2" yaku="1,1,0,1,9,1,8,1,52,1,54,1,53,0" doraHai="87" doraHaiUra="106" who="2" fromWho="2" sc="230,-30,245,-60,270,140,235,-30" /><INIT seed="2,0,0,1,0,50" ten="200,185,410,205" oya="2" hai0="27,35,122,73,92,89,46,5,69,126,119,55,15" hai1="26,24,21,51,129,37,34,132,118,101,0,115,95" hai2="105,59,80,17,117,76,40,20,71,74,107,68,120" hai3="82,114,43,9,28,60,39,94,70,83,99,90,67"/><V44/><F120/><W54/><G114/><T128/><D122/><U133/><E37/><V112/><F117/><W30/><G9/><N who="0" m="4527" /><D69/><U93/><E0/><V53/><F112/><W98/><G98/><T12/><D73/><U31/><E115/><V87/><F74/><W48/><G82/><T11/><D35/><U124/><E118/><V84/><F84/><W134/><G134/><N who="1" m="51818" /><E124/><V1/><F1/><W56/><REACH who="3" step="1"/><G83/><REACH who="3" ten="200,185,410,195" step="2"/><T123/><D123/><U96/><E129/><V106/><F106/><W88/><G88/><T108/><D128/><U8/><E8/><V77/><F107/><W131/><G131/><T13/><D11/><U111/><E111/><V63/><F76/><W18/><G18/><T52/><D108/><U66/><E96/><V121/><F121/><W19/><G19/><T33/><D119/><U57/><E101/><V75/><F105/><W113/><G113/><T127/><D127/><U100/><E100/><V25/><REACH who="2" step="1"/><F75/><REACH who="2" ten="200,185,400,195" step="2"/><W58/><G58/><T2/><D126/><U47/><E57/><V85/><F85/><W65/><G65/><T104/><D104/><U32/><E66/><V16/><F16/><W81/><G81/><T22/><D2/><U64/><E64/><V7/><F7/><W41/><G41/><T61/><D89/><U62/><E95/><V4/><F4/><W45/><AGARI ba="0,2" hai="28,30,39,43,45,48,54,56,60,67,70,90,94,99" machi="45" ten="30,12000,2" yaku="1,1,0,1,24,2,52,1,53,1" doraHai="50" doraHaiUra="42" who="3" fromWho="3" sc="200,-30,185,-30,400,-60,195,140" /><INIT seed="3,0,0,5,0,92" ten="170,155,340,335" oya="3" hai0="20,135,5,91,67,34,12,95,24,61,22,107,10" hai1="109,78,125,44,41,52,14,49,83,70,18,111,133" hai2="31,128,30,79,7,62,119,57,66,117,82,63,76" hai3="127,130,47,104,86,53,75,50,97,73,103,94,98"/><W4/><G4/><T19/><D135/><U129/><E70/><V89/><F128/><W11/><G130/><T108/><D108/><N who="1" m="41547" /><E129/><V115/><F115/><W8/><G127/><T55/><D107/><U87/><E133/><V58/><F7/><W113/><G113/><T2/><D55/><U81/><E125/><V64/><F89/><W134/><G134/><T100/><D100/><U116/><E116/><V21/><F21/><W45/><G86/><T16/><D34/><U1/><E1/><V37/><REACH who="2" step="1"/><F82/><REACH who="2" ten="170,155,330,335" step="2"/><W80/><G45/><T99/><D2/><U96/><E83/><V101/><F101/><W48/><G80/><T3/><D3/><U23/><E96/><V13/><F13/><W72/><REACH who="3" step="1"/><G50/><REACH who="3" ten="170,155,330,325" step="2"/><T38/><D5/><U0/><E0/><V132/><F132/><W40/><G40/><AGARI ba="0,2" hai="14,18,23,40,41,44,49,52,78,81,87" m="41547" machi="40" ten="30,2000,0" yaku="14,1,54,1" doraHai="92" who="1" fromWho="3" sc="170,0,155,40,330,0,325,-20" /><INIT seed="4,0,0,4,5,70" ten="170,195,330,305" oya="0" hai0="4,129,48,122,21,98,26,128,52,41,2,125,23" hai1="75,67,47,29,34,79,119,109,12,40,73,110,135" hai2="14,103,56,43,95,57,60,107,20,97,28,11,65" hai3="22,32,134,117,58,69,6,0,123,19,88,115,92"/><T35/><D122/><U51/><E119/><V59/><F43/><W68/><G117/><T90/><D41/><U111/><E79/><V121/><F107/><W15/><G32/><T5/><D35/><U7/><E135/><V85/><F85/><W30/><G123/><T131/><D125/><U17/><E7/><N who="0" m="2633" /><D2/><U126/><E126/><V112/><F112/><W62/><G30/><T124/><D124/><U120/><E120/><V55/><F55/><W105/><G105/><T50/><D50/><U18/><E67/><V45/><F45/><W24/><G115/><T99/><D90/><U80/><E80/><V127/><F127/><W54/><G0/><T78/><D78/><U10/><REACH who="1" step="1"/><E18/><REACH who="1" ten="170,185,330,305" step="2"/><N who="2" m="8543" /><F121/><W74/><G134/><T96/><D26/><AGARI ba="0,1" hai="10,12,17,26,29,34,40,47,51,73,75,109,110,111" machi="26" ten="40,5200,0" yaku="1,1,53,2" doraHai="70" doraHaiUra="104" who="1" fromWho="0" sc="170,-52,185,62,330,0,305,0" /><AGARI ba="0,0" hai="20,26,28,56,57,59,60,65,95,97,103" m="8543" machi="26" ten="30,2000,0" yaku="25,1,8,1" doraHai="70" who="2" fromWho="0" sc="118,-20,247,0,330,20,305,0" /><INIT seed="5,0,0,4,1,86" ten="98,247,350,305" oya="1" hai0="85,9,25,82,120,7,105,48,70,17,32,16,113" hai1="99,95,91,3,115,20,92,61,135,44,112,45,8" hai2="76,57,128,89,36,58,108,133,19,47,78,56,30" hai3="52,106,46,15,77,54,73,74,42,72,26,5,55"/><U124/><E124/><V13/><F108/><W31/><G106/><T131/><D105/><U69/><E135/><V90/><F133/><W50/><G77/><T11/><D70/><U10/><E20/><N who="2" m="11375" /><F36/><W109/><G109/><T34/><D113/><N who="1" m="43595" /><E61/><V114/><F114/><W1/><G15/><T4/><D131/><U65/><E65/><V87/><F128/><W84/><G84/><T75/><D75/><U80/><E69/><V18/><F30/><W81/><G81/><T123/><D48/><U0/><E80/><N who="2" m="47511" /><F76/><W94/><G94/><T97/><D85/><N who="1" m="52335" /><E8/><V83/><F83/><W63/><G63/><T64/><D82/><U40/><E10/><V35/><F35/><W43/><G5/><T122/><D64/><U118/><E118/><V117/><F117/><W41/><REACH who="3" step="1"/><G1/><REACH who="3" ten="98,247,350,295" step="2"/><N who="1" m="586" /><E40/><V119/><F119/><W103/><G103/><AGARI ba="0,1" hai="44,45,95,99,103" m="586,52335,43595" machi="103" ten="30,2900,0" yaku="15,1,52,1" doraHai="86" who="1" fromWho="3" sc="98,0,247,39,350,0,295,-29" /><INIT seed="5,1,0,3,2,39" ten="98,286,350,266" oya="1" hai0="11,13,113,96,131,26,100,27,73,87,62,12,70" hai1="43,89,28,107,99,126,47,129,102,81,37,95,114" hai2="35,74,42,120,110,109,16,111,7,65,19,119,63" hai3="77,33,93,52,88,58,25,50,61,9,64,18,8"/><U57/><E126/><V132/><F120/><W4/><G77/><T80/><D113/><U128/><E114/><V34/><F119/><W48/><G48/><T91/><D131/><N who="1" m="50251" /><E28/><V36/><F132/><W75/><G75/><T2/><D2/><U30/><E30/><V133/><F133/><W123/><G123/><T55/><D73/><U124/><E124/><V69/><F74/><W76/><G76/><T112/><D112/><U98/><E57/><V15/><F7/><W83/><G83/><AGARI ba="1,0" hai="37,43,47,81,83,89,95,98,99,102,107" m="50251" machi="83" ten="30,2900,0" yaku="19,1,52,1" doraHai="39" who="1" fromWho="3" sc="98,0,286,32,350,0,266,-32" /><INIT seed="5,2,0,4,5,65" ten="98,318,350,234" oya="1" hai0="131,108,113,11,103,64,56,83,63,135,47,28,111" hai1="100,75,78,49,61,80,73,93,96,77,30,12,115" hai2="84,21,121,46,15,86,45,26,3,51,38,87,107" hai3="33,102,62,118,127,17,95,128,76,133,25,24,110"/><U60/><E115/><V116/><F121/><W27/><G110/><T7/><D113/><U97/><E30/><V2/><F107/><W67/><G127/><T5/><D135/><U59/><E12/><V42/><F116/><W18/><G133/><T54/><D131/><U82/><E49/><V74/><F74/><W130/><G76/><T132/><D132/><U39/><E39/><V109/><F109/><W36/><G36/><T40/><D103/><U81/><E59/><V117/><F15/><W41/><G41/><T88/><D28/><U48/><E48/><V134/><F134/><W20/><G118/><T119/><D119/><U112/><E112/><V89/><F89/><W69/><G33/><T85/><D64/><U79/><E60/><V9/><F9/><W124/><G124/><T4/><REACH who="0" step="1"/><D11/><REACH who="0" ten="88,318,350,234" step="2"/><U53/><E75/><V32/><F117/><W22/><G128/><T126/><D126/><U1/><E73/><V55/><REACH who="2" step="1"/><F32/><REACH who="2" ten="88,318,340,234" step="2"/><W31/><G130/><T120/><D120/><U125/><E125/><V58/><F58/><W23/><G31/><AGARI ba="2,2" hai="2,3,21,26,31,38,42,45,46,51,55,84,86,87" machi="31" ten="40,5200,0" yaku="1,1,53,2" doraHai="65" doraHaiUra="43" who="2" fromWho="3" sc="88,0,318,0,340,78,234,-58" /><INIT seed="6,0,0,3,1,34" ten="88,318,418,176" oya="2" hai0="119,72,57,88,98,84,35,4,21,36,118,96,122" hai1="59,54,17,69,77,75,29,7,95,108,14,1,23" hai2="97,20,93,103,15,64,116,13,42,86,18,48,52" hai3="61,70,120,104,83,31,3,85,45,38,79,63,2"/><V47/><F116/><N who="0" m="44586" /><D35/><U5/><E69/><V53/><F64/><W117/><G117/><T123/><D36/><U115/><E108/><V112/><F112/><W100/><G120/><N who="0" m="46123" /><D21/><U113/><E75/><V66/><F66/><W67/><G61/><T132/><D57/><U124/><E77/><V40/><F53/><W55/><G31/><T11/><D72/><U76/><E29/><V19/><F86/><W73/><G55/><T125/><D125/><U10/><E124/><V74/><F74/><W121/><G85/><T107/><D107/><U135/><E59/><V8/><AGARI ba="0,0" hai="8,13,15,18,19,20,40,42,47,48,52,93,97,103" machi="8" ten="20,7800,0" yaku="0,1,7,1,8,1,54,1" doraHai="34" who="2" fromWho="2" sc="88,-26,318,-26,418,78,176,-26" /><INIT seed="6,1,0,1,2,37" ten="62,292,496,150" oya="2" hai0="101,116,75,26,55,86,10,100,23,7,53,120,46" hai1="126,69,128,33,122,129,15,14,125,21,24,11,106" hai2="64,61,47,56,38,102,73,29,90,92,108,48,68" hai3="118,105,41,78,110,130,77,27,60,133,50,107,71"/><V115/><F108/><W36/><G110/><T119/><D75/><U40/><E106/><V0/><F0/><W32/><G118/><T103/><D120/><U67/><E40/><V93/><F115/><W3/><G3/><T81/><D119/><U5/><E67/><V12/><F73/><W4/><G4/><T83/><D116/><U87/><E87/><V59/><F29/><W84/><G50/><T9/><D81/><U89/><E89/><V111/><F111/><W57/><G71/><T39/><D7/><U79/><E79/><V13/><F38/><W20/><G32/><T85/><D85/><U28/><E69/><V70/><F70/><W63/><G63/><T51/><D55/><U114/><E114/><V8/><F56/><W62/><G62/><T42/><D53/><U44/><E44/><V6/><F13/><W131/><G133/><T49/><D49/><U98/><E98/><N who="2" m="59727" /><F68/><W124/><G124/><N who="1" m="47722" /><E122/><V88/><F92/><W66/><G107/><T16/><REACH who="0" step="1"/><D39/><REACH who="0" ten="52,292,496,150" step="2"/><U34/><E34/><V121/><F121/><W99/><G84/><T127/><D127/><U72/><E72/><V52/><AGARI ba="1,1" hai="6,8,12,47,48,52,59,61,64,88,90" m="59727" machi="52" ten="30,6000,0" yaku="8,1,54,2" doraHai="37" who="2" fromWho="2" sc="52,-21,292,-21,496,73,150,-21" /><INIT seed="6,2,0,1,3,114" ten="31,271,569,129" oya="2" hai0="58,60,119,96,76,71,124,107,47,79,102,24,65" hai1="129,126,10,103,46,54,43,121,9,82,91,33,39" hai2="94,86,12,118,128,18,19,37,45,40,73,95,80" hai3="22,35,99,48,78,41,133,21,98,56,4,13,14"/><V0/><F0/><W36/><G36/><T83/><D124/><U100/><E33/><V29/><F29/><W117/><G35/><T63/><D119/><U134/><E91/><V2/><F2/><W3/><G3/><T101/><D101/><U93/><E82/><V84/><F118/><W32/><G32/><T61/><D47/><U31/><E54/><V55/><F128/><W127/><G127/><T8/><D24/><U116/><E93/><V90/><F73/><W104/><G104/><T75/><D79/><U51/><E51/><V74/><F74/><W109/><G109/><T87/><D75/><U11/><E10/><V77/><F55/><N who="3" m="31847" /><G117/><T53/><D8/><U26/><E11/><V106/><F106/><W52/><G41/><T25/><D25/><U110/><E26/><V112/><F112/><W5/><G78/><T27/><D27/><U89/><E43/><V120/><F120/><W34/><G34/><T17/><REACH who="0" step="1"/><D63/><REACH who="0" ten="21,271,569,129" step="2"/><U49/><E116/><V70/><F70/><W125/><G125/><T69/><D69/><U50/><E126/><V105/><F105/><W30/><G30/><T44/><D44/><U81/><E46/><V66/><F66/><W122/><G122/><T123/><D123/><U42/><E31/><V135/><F135/><W85/><G133/><T132/><D132/><U88/><E134/><V97/><REACH who="2" step="1"/><F12/><REACH who="2" ten="21,271,559,129" step="2"/><W59/><G14/><T113/><D113/><U6/><E121/><V108/><F108/><W130/><G13/><T131/><D131/><U62/><E129/><V72/><F72/><W68/><G68/><T28/><D28/><RYUUKYOKU ba="2,2" sc="21,15,271,-15,559,15,129,-15" hai0="17,53,58,60,61,65,71,76,83,87,96,102,107" hai2="18,19,37,40,45,77,80,84,86,90,94,95,97" /><INIT seed="6,3,2,4,3,56" ten="36,256,574,114" oya="2" hai0="42,28,109,48,112,69,64,32,0,102,104,118,110" hai1="9,134,52,18,59,74,67,71,60,131,94,10,88" hai2="23,21,124,133,87,82,43,130,44,129,108,132,77" hai3="76,73,107,68,30,34,14,128,113,85,25,3,135"/><V41/><F108/><W50/><G85/><T2/><D112/><U97/><E74/><V47/><F124/><W51/><G51/><T89/><D89/><U40/><E131/><N who="2" m="50187" /><F21/><W26/><G14/><T20/><D20/><U61/><E134/><N who="2" m="51819" /><F23/><W126/><G128/><T120/><D48/><U7/><E7/><V122/><F122/><W75/><G126/><T13/><D13/><U5/><E5/><V70/><F70/><W91/><G68/><T90/><D90/><U80/><E18/><V105/><F105/><W115/><G107/><T19/><D19/><U33/><E33/><V83/><F83/><W63/><G91/><T98/><D120/><U72/><REACH who="1" step="1"/><E40/><AGARI ba="3,2" hai="40,41,43,44,47,77,82,87" m="51819,50187" machi="40" ten="30,2900,0" yaku="19,1,20,1" doraHai="56" who="2" fromWho="1" sc="36,0,256,-38,574,58,114,0" /><INIT seed="6,4,0,3,3,70" ten="36,218,632,114" oya="2" hai0="82,35,19,123,93,116,114,86,131,24,64,83,10" hai1="22,4,135,90,5,60,7,106,87,53,73,77,75" hai2="66,68,39,17,72,107,1,32,3,50,21,56,37" hai3="133,58,26,127,6,88,81,0,69,78,130,96,97"/><V55/><F72/><W65/><G69/><T23/><D123/><U119/><E106/><V30/><F107/><W80/><G127/><T52/><D114/><U25/><E77/><V18/><F32/><W92/><G26/><T105/><D105/><U85/><E119/><V98/><F98/><W43/><G43/><T121/><D121/><U132/><E53/><V49/><F30/><W20/><G20/><T95/><D131/><U108/><E60/><V16/><F21/><W63/><G133/><N who="1" m="51274" /><E87/><V27/><F27/><W46/><G46/><T91/><D116/><U61/><E61/><V67/><F68/><W94/><G78/><T126/><D64/><N who="2" m="24618" /><F55/><W100/><REACH who="3" step="1"/><G130/><REACH who="3" ten="36,218,632,104" step="2"/><T62/><D126/><U51/><E22/><V47/><F56/><W109/><G109/><T79/><D35/><U12/><E25/><V29/><F29/><W44/><G44/><T120/><D120/><U76/><E108/><V11/><F11/><AGARI ba="4,1" hai="0,6,11,58,63,65,80,81,88,92,94,96,97,100" machi="11" ten="40,2600,0" yaku="1,1,54,1,53,0" doraHai="70" doraHaiUra="103" who="3" fromWho="2" sc="36,0,218,0,632,-38,104,48" /><INIT seed="7,0,0,3,4,32" ten="36,218,594,152" oya="3" hai0="14,52,73,85,65,71,45,21,129,116,70,48,115" hai1="87,132,83,27,67,1,110,104,94,3,113,6,30" hai2="107,122,130,98,77,76,99,84,62,23,106,127,38" hai3="42,114,56,119,118,123,60,13,109,10,31,78,54"/><W133/><G78/><T135/><D73/><U100/><E110/><V91/><F38/><W7/><G123/><T39/><D85/><U74/><E6/><V47/><F47/><W36/><G109/><T9/><D21/><U90/><E67/><V43/><F43/><W89/><G133/><T35/><D35/><N who="1" m="20959" /><E113/><V18/><F122/><W80/><G119/><T96/><D96/><N who="1" m="61447" /><E132/><V82/><F127/><W66/><G114/><T81/><D81/><U86/><E86/><V0/><F0/><W49/><G89/><T46/><D115/><U16/><E16/><V95/><F130/><W28/><G60/><T121/><D121/><U59/><E59/><V79/><F62/><W117/><G66/><T105/><D105/><N who="2" m="39946" /><F23/><W44/><G28/><T2/><D2/><U134/><E134/><V108/><F18/><W17/><G31/><T126/><D135/><U4/><E4/><V40/><F40/><W128/><G128/><T55/><D129/><U58/><E58/><V68/><F68/><N who="0" m="26154" /><D14/><U22/><E22/><V5/><F5/><W15/><G80/><T11/><D11/><AGARI ba="0,0" hai="7,10,11,13,15,17,36,42,44,49,54,56,117,118" machi="11" ten="30,1500,0" yaku="7,1" doraHai="32" who="3" fromWho="0" sc="36,-15,218,0,594,0,152,15" /><INIT seed="7,1,0,0,5,73" ten="21,218,594,167" oya="3" hai0="68,55,31,10,131,93,58,12,47,62,72,40,11" hai1="24,100,17,59,4,123,105,120,127,124,76,111,128" hai2="41,106,96,132,9,56,36,79,61,129,95,14,121" hai3="46,91,0,20,88,37,16,29,134,49,110,75,97"/><W1/><G75/><T135/><D135/><U57/><E4/><V89/><F106/><W38/><G110/><T43/><D131/><U103/><E76/><V84/><F132/><W2/><G29/><T21/><D72/><U44/><E44/><V74/><F74/><W101/><G134/><T102/><D68/><U115/><E111/><V98/><F121/><N who="1" m="46665" /><E128/><V77/><F129/><W86/><G37/><T52/><D102/><N who="1" m="38955" /><E105/><V99/><F41/><W19/><G38/><T25/><D93/><U45/><E45/><V26/><F26/><W8/><G8/><T85/><D85/><U33/><E115/><V6/><F36/><W81/><G91/><T125/><D125/><N who="1" m="48203" /><E17/><V114/><F114/><W3/><G3/><T70/><D70/><U63/><E63/><V60/><F60/><W69/><G69/><T23/><D23/><U65/><E65/><AGARI ba="1,0" hai="6,9,14,56,61,65,77,79,84,89,95,96,98,99" machi="65" ten="40,5200,0" yaku="8,1,52,2" doraHai="73" who="2" fromWho="1" sc="21,0,218,-55,594,55,167,0" owari="21,-48.0,163,-24.0,649,75.0,167,-3.0" /></mjloggm>