<mjloggm ver="2.3"><GO type="169" lobby="0"/><UN n0="%E3%81%8A%E3%81%98%E3%81%95%E3%82%93" n1="%E3%82%A6%E3%83%AB%E3%83%88%E3%83%A9%E7%AB%8B%E7%9B%B4" n2="%E6%B0%91%E8%8A%B8" n3="%EF%BC%BC%28%EF%BC%BE%6F%EF%BC%BE%29%EF%BC%8F%E2%98%85" dan="18,17,18,17" rate="2234.44,2163.32,2160.15,2192.78" sx="M,M,M,M"/><TAIKYOKU oya="0"/><INIT seed="0,0,0,4,1,87" ten="250,250,250,250" oya="0" hai0="21,127,53,125,29,92,4,20,31,3,34,72,44" hai1="126,23,121,54,40,124,8,57,32,100,52,82,129" hai2="68,18,83,93,111,103,88,78,24,89,115,67,28" hai3="37,85,11,94,2,106,120,0,104,108,56,95,90"/><T66/><D72/><U76/><E32/><V107/><F115/><W123/><G123/><T10/><D66/><U112/><E121/><V6/><F6/><W60/><G60/><T51/><D92/><U14/><E112/><V26/><F111/><W5/><G5/><T49/><D49/><U133/><E40/><V42/><F42/><W101/><G101/><T69/><D69/><U50/><E23/><N who="0" m="8777" /><D34/><U116/><E100/><V128/><F67/><W79/><G79/><T135/><D135/><U63/><E133/><V71/><F107/><W114/><G114/><T91/><D91/><U7/><E116/><V45/><F71/><W117/><G117/><T36/><D36/><U98/><E98/><V105/><F68/><W119/><G119/><T62/><D62/><U80/><E80/><V1/><F89/><W84/><G84/><T77/><D77/><U122/><E122/><V81/><F78/><W102/><G102/><T118/><D118/><U41/><E41/><V33/><F103/><W74/><G37/><T30/><D30/><U64/><E82/><V55/><F105/><W19/><G74/><T38/><D38/><U25/><E76/><V131/><F83/><W15/><G120/><T17/><D17/><U132/><E132/><V65/><F81/><W13/><G19/><T22/><D22/><U12/><E63/><V35/><F65/><W70/><G70/><T130/><D130/><U59/><E129/><V43/><F128/><W58/><G90/><T39/><D39/><U113/><E64/><V97/><F131/><W48/><G104/><T47/><D47/><RYUUKYOKU ba="0,0" sc="250,30,250,-10,250,-10,250,-10" hai0="3,4,10,29,31,44,51,53,125,127" /><INIT seed="0,1,0,4,0,38" ten="280,240,240,240" oya="0" hai0="6,90,87,39,98,21,116,52,128,102,78,96,43" hai1="117,12,22,0,37,23,65,51,62,103,71,112,9" hai2="129,29,114,91,107,13,66,32,45,100,68,119,106" hai3="104,4,121,80,56,2,79,75,14,50,19,25,109"/><T76/><D116/><U5/><E37/><V101/><F114/><W27/><G104/><T70/><D70/><U30/><E117/><V94/><F129/><W44/><G121/><T64/><D64/><U126/><E126/><V31/><F119/><W20/><G109/><T58/><D6/><U131/><E131/><V48/><F68/><W82/><G56/><T67/><D67/><U3/><E112/><V122/><F122/><W47/><G47/><T69/><D69/><U49/><E103/><N who="2" m="39499" /><F32/><W63/><G63/><N who="0" m="36295" /><D43/><U113/><E113/><V17/><F66/><W110/><G110/><T85/><D39/><U35/><E3/><V83/><F83/><W120/><G120/><T15/><D128/><U127/><E127/><V95/><F95/><W97/><G80/><N who="0" m="47255" /><D102/><U36/><E36/><V105/><F105/><W10/><REACH who="3" step="1"/><G97/><REACH who="3" ten="280,240,240,230" step="2"/><T60/><D60/><U133/><E62/><V26/><F107/><W34/><G34/><T93/><D76/><U46/><E35/><V77/><F77/><W33/><G33/><T24/><D15/><U74/><E12/><V115/><F106/><W108/><G108/><T8/><D8/><U89/><E9/><V53/><F115/><W99/><G99/><T73/><D73/><U11/><E74/><V86/><F26/><W7/><G7/><T72/><D72/><U130/><E11/><AGARI ba="1,1" hai="11,13,17,29,31,45,48,53,86,91,94" m="39499" machi="11" ten="30,1000,0" yaku="8,1" doraHai="38" who="2" fromWho="1" sc="280,0,240,-13,240,23,230,0" /><INIT seed="1,0,0,4,0,1" ten="280,227,263,230" oya="1" hai0="4,107,56,58,73,133,59,92,84,19,48,66,11" hai1="117,44,41,101,109,71,29,127,100,96,27,75,130" hai2="69,83,102,88,7,114,111,79,85,89,99,52,22" hai3="30,86,106,40,25,129,112,24,28,68,21,108,80"/><U65/><E75/><V131/><F69/><W95/><G106/><T110/><D73/><U26/><E117/><V67/><F67/><W8/><G112/><T46/><D133/><U54/><E127/><V82/><F114/><W118/><G68/><T119/><D119/><U81/><E130/><V120/><F120/><W3/><G118/><T42/><D107/><U105/><E109/><V55/><F111/><W90/><G108/><T103/><D110/><U51/><E101/><V128/><F22/><W93/><G129/><N who="2" m="49737" /><F7/><W60/><G40/><T87/><D19/><U116/><E116/><V64/><F64/><W33/><REACH who="3" step="1"/><G60/><REACH who="3" ten="280,227,263,220" step="2"/><T115/><D115/><U94/><E105/><N who="2" m="63711" /><F89/><W53/><G53/><T61/><D61/><U135/><E71/><V12/><F12/><W70/><G70/><T16/><D66/><U14/><E65/><V9/><F9/><W31/><G31/><T2/><D11/><U121/><E29/><V124/><F124/><W13/><G13/><T113/><D113/><U57/><E14/><V6/><F55/><W15/><G15/><T123/><D2/><U32/><E54/><V49/><F6/><AGARI ba="0,1" hai="3,6,8,21,24,25,28,30,33,80,86,90,93,95" machi="6" ten="40,2600,0" yaku="1,1,52,1,53,0" doraHai="1" doraHaiUra="36" who="3" fromWho="2" sc="280,0,227,0,263,-26,220,36" /><INIT seed="2,0,0,2,4,107" ten="280,227,237,256" oya="2" hai0="29,114,47,115,90,96,13,97,100,11,67,130,56" hai1="76,70,121,85,83,132,98,74,62,89,36,61,16" hai2="134,72,18,59,69,45,99,27,41,133,2,108,82" hai3="32,31,123,93,127,86,103,101,122,24,3,84,23"/><V79/><F69/><W71/><G71/><T68/><D68/><U14/><E36/><V91/><F2/><W9/><G127/><T55/><D130/><U0/><E0/><V57/><F108/><W128/><G128/><T116/><D116/><U38/><E38/><V4/><F4/><W52/><G32/><T53/><D29/><U21/><E121/><V15/><F27/><W80/><G123/><T46/><D90/><U118/><E118/><V77/><F77/><W120/><G120/><T22/><D22/><U87/><E132/><N who="2" m="50795" /><F99/><N who="0" m="37962" /><D100/><U60/><REACH who="1" step="1"/><E70/><REACH who="1" ten="280,217,237,256" step="2"/><V106/><F106/><W125/><G3/><T28/><D115/><U40/><E40/><V7/><F7/><W39/><G39/><T6/><D114/><U81/><E81/><V102/><F102/><W117/><G122/><T33/><D6/><U88/><E88/><V111/><F91/><W1/><G117/><T112/><D112/><U10/><E10/><N who="2" m="6519" /><F111/><W78/><G1/><T95/><D95/><AGARI ba="0,1" hai="14,16,21,60,61,62,74,76,83,85,87,89,95,98" machi="95" ten="40,8000,1" yaku="1,1,52,1,54,1,53,1" doraHai="107" doraHaiUra="92" who="1" fromWho="0" sc="280,-80,217,90,237,0,256,0" /><INIT seed="3,0,0,5,4,23" ten="200,307,237,256" oya="3" hai0="97,24,121,89,125,30,86,13,38,106,112,21,10" hai1="64,101,15,51,45,123,25,119,126,111,2,102,35" hai2="130,99,44,34,134,81,14,9,103,62,3,110,55" hai3="83,12,115,85,74,93,94,39,33,104,53,122,107"/><W47/><G33/><T98/><D38/><U16/><E2/><V105/><F3/><W32/><G32/><T41/><D121/><U87/><E123/><V116/><F116/><W8/><G115/><T7/><D112/><U46/><E46/><V127/><F34/><W69/><G69/><T49/><D106/><U50/><E50/><V133/><F110/><W0/><G0/><T59/><D125/><U52/><E126/><V19/><F127/><W68/><G68/><T108/><D108/><U76/><E111/><V135/><F130/><W31/><G31/><T65/><D41/><U40/><E40/><V11/><F81/><W27/><G74/><T95/><REACH who="0" step="1"/><D65/><REACH who="0" ten="190,307,237,256" step="2"/><U90/><E64/><V96/><F134/><W37/><G107/><T82/><D82/><U58/><E119/><V80/><F80/><W43/><G104/><T128/><D128/><U120/><E120/><V17/><F135/><W117/><G37/><T60/><D60/><U67/><E67/><V100/><F133/><W129/><G117/><T75/><D75/><U70/><E51/><V71/><F62/><W73/><G73/><T56/><D56/><U48/><E58/><V131/><F71/><W124/><G129/><T109/><D109/><U79/><E70/><V1/><F131/><W28/><G124/><T42/><D42/><U36/><E36/><V22/><F105/><W5/><G122/><T91/><D91/><U84/><E90/><V20/><F44/><W29/><G47/><T66/><D66/><U77/><E45/><V114/><F114/><W57/><G39/><T26/><D26/><RYUUKYOKU ba="0,1" sc="190,30,307,-10,237,-10,256,-10" hai0="7,10,13,21,24,30,49,59,86,89,95,97,98" /><INIT seed="4,1,1,5,5,106" ten="220,297,227,246" oya="0" hai0="69,40,14,113,60,121,92,16,21,15,12,117,94" hai1="48,28,78,129,114,51,64,31,77,62,120,126,101" hai2="134,68,24,56,1,57,59,83,39,115,112,25,61" hai3="46,81,37,103,50,38,13,45,96,102,85,105,32"/><T9/><D117/><U91/><E120/><V43/><F1/><W11/><G32/><T118/><D118/><U44/><E126/><V87/><F134/><W26/><G26/><N who="2" m="10345" /><F39/><W108/><G46/><T130/><D130/><U20/><E101/><V8/><F68/><W133/><G103/><T135/><D135/><U33/><E33/><V110/><F110/><W71/><G71/><T84/><D113/><N who="2" m="43594" /><F8/><W123/><G108/><T99/><D121/><U55/><E20/><V42/><F61/><W22/><G22/><T74/><D74/><U18/><E28/><V88/><AGARI ba="1,1" hai="42,43,56,57,59,83,87,88" m="43594,10345" machi="88" ten="40,2700,0" yaku="15,1,54,1" doraHai="106" who="2" fromWho="2" sc="220,-14,297,-8,227,40,246,-8" /><INIT seed="5,0,0,0,4,67" ten="206,289,267,238" oya="1" hai0="74,24,110,88,73,118,7,56,71,134,114,54,119" hai1="85,70,109,80,95,48,18,111,99,26,126,34,84" hai2="41,3,38,5,51,62,0,10,49,113,63,75,22" hai3="61,89,52,14,131,11,83,102,93,90,55,105,47"/><U68/><E48/><V36/><F22/><W77/><G105/><T28/><D110/><N who="1" m="41995" /><E126/><V65/><F113/><W79/><G131/><T132/><D114/><U103/><E84/><V23/><F23/><W64/><G102/><T92/><D7/><U94/><E94/><V106/><F106/><W123/><G123/><T116/><D71/><N who="1" m="27179" /><E18/><V32/><F49/><W72/><G79/><T117/><N who="0" m="29696" /><DORA hai="128" /><T12/><D74/><U31/><E85/><V57/><F51/><W98/><G90/><T59/><D73/><U42/><E42/><V78/><F41/><W124/><G47/><T37/><D37/><U15/><E15/><V16/><F16/><W35/><G89/><T81/><D12/><U4/><E4/><V130/><F78/><W21/><G93/><T40/><D40/><U101/><E101/><V133/><F75/><W135/><G77/><T97/><D81/><AGARI ba="0,0" hai="26,31,34,80,81,95,99,103" m="27179,41995" machi="81" ten="30,11600,0" yaku="10,1,52,3" doraHai="67,128" who="1" fromWho="0" sc="206,-116,289,116,267,0,238,0" /><INIT seed="5,1,0,1,5,101" ten="90,405,267,238" oya="1" hai0="114,49,62,102,21,41,135,67,27,22,69,97,2" hai1="86,113,92,50,123,78,58,20,45,90,93,99,36" hai2="47,130,82,31,116,74,23,26,44,14,65,3,4" hai3="56,125,0,81,12,59,85,94,51,73,79,48,37"/><U95/><E123/><V35/><F116/><W127/><G37/><T112/><D2/><U108/><E108/><V84/><F74/><W61/><G0/><T107/><D135/><U16/><E36/><V52/><F65/><W63/><G12/><T55/><D41/><U124/><E124/><N who="3" m="47690" /><G94/><T17/><REACH who="0" step="1"/><D22/><REACH who="0" ten="80,405,267,238" step="2"/><U70/><E113/><V111/><F23/><W29/><G29/><T32/><D32/><U110/><E110/><V10/><F3/><W15/><G15/><T117/><D117/><U119/><E119/><V40/><F111/><W80/><G63/><T98/><D98/><U109/><E109/><V64/><F40/><W77/><G61/><T1/><D1/><U66/><E99/><V133/><F133/><W7/><G51/><T91/><D91/><U105/><E90/><V46/><F35/><W134/><G48/><T120/><D120/><U54/><E50/><V128/><F128/><W30/><G30/><T89/><D89/><U53/><E20/><V60/><F130/><W11/><G134/><T122/><D122/><U75/><E78/><V87/><F60/><W13/><AGARI ba="1,1" hai="7,11,13,56,59,73,77,79,80,81,85" m="47690" machi="13" ten="30,1100,0" yaku="18,1" doraHai="101" who="3" fromWho="3" sc="80,-4,405,-6,267,-4,238,24" /><INIT seed="6,0,0,3,1,89" ten="76,399,263,262" oya="2" hai0="132,135,87,92,49,36,24,8,75,130,122,0,83" hai1="59,28,66,32,14,99,116,44,73,98,43,29,47" hai2="120,50,35,115,12,63,107,101,95,78,86,91,65" hai3="15,124,123,48,30,54,96,3,16,100,104,42,85"/><V68/><F120/><W105/><G123/><T70/><D122/><U25/><E73/><V71/><F35/><W118/><G3/><T60/><D36/><U69/><E69/><V7/><F115/><W81/><G118/><T23/><D130/><U103/><E28/><V119/><F119/><W38/><G124/><T4/><D75/><U111/><E111/><V76/><F68/><W84/><G30/><T11/><D11/><U31/><E31/><V17/><F7/><W58/><G105/><T55/><D70/><U125/><E125/><V37/><F37/><W113/><G113/><T53/><D60/><U5/><E43/><V61/><F61/><W57/><G57/><T112/><D112/><U21/><E32/><V41/><F107/><W56/><G56/><T26/><D26/><U22/><E59/><V64/><F101/><W131/><G131/><T34/><D34/><U110/><E66/><N who="2" m="25707" /><F63/><W109/><G109/><T108/><D108/><U45/><E116/><V18/><F71/><W13/><G13/><T90/><D83/><U52/><E103/><V134/><F134/><W39/><G42/><T6/><D6/><U33/><E110/><V20/><F18/><W97/><G39/><T74/><D74/><U27/><E33/><V117/><F117/><W127/><G38/><T2/><D2/><U93/><E5/><V72/><F72/><W121/><G127/><T133/><REACH who="0" step="1"/><D49/><REACH who="0" ten="66,399,263,262" step="2"/><U106/><E29/><AGARI ba="0,1" hai="0,4,8,23,24,29,53,55,87,90,92,132,133,135" machi="29" ten="40,12000,2" yaku="1,1,2,1,20,1,52,1,53,3" doraHai="89" doraHaiUra="128" who="0" fromWho="1" sc="66,130,399,-120,263,0,262,0" /><INIT seed="7,0,0,0,3,135" ten="196,279,263,262" oya="3" hai0="23,33,74,93,120,81,34,4,133,26,62,50,106" hai1="60,15,99,130,83,111,126,3,29,104,8,52,113" hai2="98,22,44,96,79,82,58,90,31,24,27,37,101" hai3="75,65,63,55,76,77,71,7,18,123,134,53,97"/><W28/><G123/><T112/><D106/><U86/><E3/><V125/><F125/><W109/><G134/><T68/><D133/><U115/><E126/><V66/><F90/><W13/><G7/><T87/><D120/><U25/><E111/><V14/><F14/><W118/><G118/><T40/><D74/><U32/><E130/><V0/><F0/><W35/><G109/><T41/><D4/><U9/><E99/><V5/><F5/><W85/><G75/><T12/><D12/><U88/><E104/><V91/><F91/><W19/><G19/><T69/><D93/><U89/><E89/><V122/><F122/><W114/><G114/><N who="1" m="43530" /><E15/><V42/><F101/><W61/><G97/><T107/><D107/><U10/><E10/><V1/><F1/><W110/><G110/><T128/><D128/><U70/><E70/><V17/><F96/><W78/><G85/><T94/><D94/><U6/><E6/><V47/><F98/><W45/><G61/><T51/><D112/><U39/><E39/><V21/><F82/><W119/><G119/><T72/><D72/><U56/><AGARI ba="0,0" hai="8,9,25,29,32,52,56,60,83,86,88" m="43530" machi="56" ten="30,4000,0" yaku="15,1,54,2" doraHai="135" who="1" fromWho="1" sc="196,-10,279,40,263,-10,262,-20" owari="186,-31.0,319,42.0,253,5.0,242,-16.0" /></mjloggm>