<mjloggm ver="2.3"><GO type="169" lobby="0"/><UN n0="%6B%69%79%6F%64%61%69" n1="%64%61%72%74%65%72" n2="%4B%61%74%5F%48" n3="%E3%82%A6%E3%83%AB%E3%83%88%E3%83%A9%E7%AB%8B%E7%9B%B4" dan="17,16,16,17" rate="2208.82,2096.23,2123.74,2117.35" sx="M,M,M,M"/><TAIKYOKU oya="0"/><INIT seed="0,0,0,3,4,65" ten="250,250,250,250" oya="0" hai0="81,1,98,103,129,15,66,24,75,120,127,37,73" hai1="135,123,28,108,36,49,41,13,124,48,89,71,97" hai2="92,9,133,12,29,27,32,0,117,93,70,21,130" hai3="30,55,16,74,43,102,23,17,47,101,83,112,61"/><T63/><D1/><U79/><E123/><V14/><F130/><W76/><G112/><T5/><D37/><U80/><E108/><V8/><F133/><W54/><G30/><T72/><D120/><U64/><E28/><V35/><F117/><W45/><G17/><T19/><D5/><U119/><E119/><V26/><F29/><W33/><G33/><T7/><D7/><U128/><E36/><V87/><F87/><W91/><G91/><T104/><D24/><U109/><E109/><V11/><F21/><W34/><G34/><T38/><D38/><U2/><E2/><V78/><F0/><W18/><G18/><T67/><D67/><U116/><E116/><V51/><F8/><W44/><G43/><T50/><D50/><U111/><E49/><V122/><F51/><W95/><G95/><T118/><D118/><U85/><E48/><V100/><F122/><W107/><G107/><T90/><D129/><U69/><E41/><V88/><F78/><W58/><REACH who="3" step="1"/><G54/><REACH who="3" ten="250,250,250,240" step="2"/><T53/><D53/><U106/><E106/><V62/><F88/><W84/><G84/><N who="0" m="50447" /><D75/><U68/><E111/><V42/><F42/><W3/><G3/><T57/><D73/><U134/><E128/><V10/><F93/><W25/><AGARI ba="0,1" hai="16,23,25,44,45,47,55,58,61,74,76,83,101,102" machi="25" ten="30,4000,0" yaku="1,1,0,1,54,1,53,0" doraHai="65" doraHaiUra="60" who="3" fromWho="3" sc="250,-20,250,-10,250,-10,240,50" /><INIT seed="1,0,0,3,1,115" ten="230,240,240,290" oya="1" hai0="14,62,45,20,77,91,37,109,28,10,54,65,120" hai1="44,55,42,1,71,24,76,78,30,8,69,39,113" hai2="131,84,73,125,6,106,86,41,94,0,98,121,132" hai3="3,126,60,11,133,81,33,57,34,43,5,105,59"/><U103/><E113/><V12/><F0/><W29/><G105/><T96/><D109/><U107/><E55/><V92/><F41/><W88/><G126/><T26/><D77/><U122/><E122/><V68/><F68/><W114/><G114/><T64/><D120/><U40/><E40/><V23/><F23/><W47/><G133/><T48/><D37/><U83/><E103/><N who="2" m="62839" /><F12/><W15/><G3/><T85/><D96/><U49/><E107/><V74/><F6/><W75/><G29/><T79/><D79/><U53/><E78/><V95/><F121/><W99/><G75/><N who="2" m="28681" /><F125/><W16/><G5/><T72/><D72/><N who="1" m="43399" /><E53/><V135/><F131/><W123/><G123/><T87/><D87/><AGARI ba="0,0" hai="84,86,87,92,94,95,132,135" m="28681,62839" machi="87" ten="40,2600,0" yaku="34,2" doraHai="115" who="2" fromWho="0" sc="230,-26,240,0,240,26,290,0" /><INIT seed="2,0,0,3,0,128" ten="204,240,266,290" oya="2" hai0="18,105,76,93,92,63,7,29,37,83,74,41,134" hai1="108,117,23,52,10,51,77,89,30,36,17,71,118" hai2="84,91,44,111,53,94,57,120,100,40,95,133,112" hai3="126,60,58,109,61,116,70,1,6,33,46,56,68"/><V42/><F112/><W62/><G33/><T27/><D105/><U43/><E71/><N who="3" m="27178" /><G6/><T103/><D63/><N who="3" m="24137" /><G1/><T69/><D69/><U67/><E67/><V65/><F120/><W16/><G16/><T113/><D113/><U35/><E77/><V8/><F65/><N who="3" m="39111" /><G116/><T34/><D18/><U135/><E35/><V123/><F123/><W4/><G4/><T22/><D22/><U26/><E30/><V49/><F8/><W15/><G15/><T106/><D106/><U72/><E10/><V127/><F95/><W99/><G99/><T115/><D115/><U107/><E72/><V12/><F100/><W45/><G126/><T119/><D7/><U122/><E107/><V125/><F12/><W88/><G88/><T96/><D93/><U39/><E89/><V0/><F0/><W87/><G87/><T66/><D66/><U64/><E64/><V5/><F5/><W3/><G3/><T32/><D32/><U86/><E86/><V20/><F20/><W130/><G130/><T25/><D25/><U129/><E129/><V97/><F84/><W132/><G109/><T78/><D78/><U102/><E108/><V14/><F111/><W59/><G132/><T124/><D124/><N who="2" m="47690" /><F133/><W82/><G82/><T38/><D134/><U2/><E135/><V104/><F14/><W47/><AGARI ba="0,0" hai="45,46,47,58,59" m="39111,24137,27178" machi="47" ten="40,8000,1" yaku="35,5" doraHai="128" who="3" fromWho="3" sc="204,-20,240,-20,266,-40,290,80" /><INIT seed="3,0,0,2,1,19" ten="184,220,226,370" oya="3" hai0="41,88,58,14,11,23,85,68,92,89,86,60,46" hai1="74,126,9,94,2,42,111,134,28,33,65,96,49" hai2="130,107,97,109,80,37,13,57,105,64,100,52,32" hai3="44,91,7,133,8,24,43,71,22,99,25,53,4"/><W38/><G71/><T112/><D68/><U12/><E74/><V117/><F117/><W39/><G133/><T48/><D112/><U30/><E111/><V61/><F109/><W110/><G110/><T73/><D73/><U21/><E126/><V102/><F32/><W93/><G25/><T98/><D89/><U113/><E113/><V132/><F132/><W87/><G38/><T90/><D90/><U51/><E134/><V76/><F37/><W72/><G72/><T70/><D70/><U20/><E2/><V18/><F130/><W35/><G35/><T118/><D118/><U83/><E65/><V16/><F102/><W114/><G114/><T0/><D0/><U3/><E83/><V40/><F40/><W116/><G116/><T31/><D31/><N who="1" m="11819" /><E3/><V121/><F121/><W79/><G53/><T34/><D34/><U54/><E42/><V131/><F131/><W6/><G79/><T63/><D63/><U82/><E82/><V17/><F107/><W119/><G119/><T62/><D62/><U29/><E29/><V123/><F123/><W135/><G135/><T125/><D125/><U50/><E54/><V75/><REACH who="2" step="1"/><F64/><REACH who="2" ten="184,220,216,370" step="2"/><W108/><G108/><T5/><REACH who="0" step="1"/><D23/><AGARI ba="0,1" hai="13,16,17,18,23,52,57,61,75,76,80,97,100,105" machi="23" ten="30,12000,2" yaku="1,1,2,1,7,1,52,1,54,2,53,0" doraHai="19" doraHaiUra="26" who="2" fromWho="0" sc="184,-120,220,0,216,130,370,0" /><INIT seed="4,0,0,1,2,122" ten="64,220,346,370" oya="0" hai0="58,52,73,25,83,36,11,37,5,43,104,59,78" hai1="12,79,132,20,118,51,32,38,100,119,99,71,92" hai2="61,81,130,70,111,110,133,30,126,135,102,35,128" hai3="124,77,94,93,103,98,16,63,76,68,117,72,105"/><T44/><D104/><U54/><E32/><V113/><F102/><W56/><G68/><T46/><D25/><U24/><E38/><V127/><F81/><W9/><G117/><T0/><REACH who="0" step="1"/><D52/><REACH who="0" ten="54,220,346,370" step="2"/><U13/><E119/><V62/><F30/><W57/><G105/><T95/><D95/><U18/><E118/><V82/><F82/><W31/><G94/><T55/><D55/><U34/><E34/><V74/><F35/><W114/><G93/><T47/><D47/><U108/><E54/><V10/><F130/><W91/><G31/><T45/><D45/><U65/><E24/><V6/><F128/><W88/><G63/><T42/><AGARI ba="0,1" hai="0,5,11,36,37,42,43,44,46,58,59,73,78,83" machi="42" ten="30,12000,1" yaku="1,1,0,1,9,1,25,2,53,0" doraHai="122" doraHaiUra="17" who="0" fromWho="0" sc="54,130,220,-40,346,-40,370,-40" /><INIT seed="4,1,0,0,5,37" ten="184,180,306,330" oya="0" hai0="16,4,6,115,63,86,60,50,74,56,116,53,48" hai1="103,9,117,80,84,52,42,49,85,22,65,18,27" hai2="125,100,78,88,77,2,123,112,23,57,44,36,26" hai3="34,33,94,68,14,121,91,108,5,24,64,118,12"/><T122/><D122/><U59/><E117/><V75/><F123/><W51/><G118/><T104/><D74/><U110/><E110/><V17/><F2/><W47/><G108/><T43/><D104/><U107/><E65/><V7/><F7/><W31/><G34/><T134/><D115/><U113/><E113/><V102/><F112/><W32/><G32/><T81/><D134/><U92/><E107/><V66/><F125/><W105/><G105/><T106/><D106/><U10/><E42/><V96/><F66/><W132/><G132/><T89/><D116/><U99/><REACH who="1" step="1"/><E85/><REACH who="1" ten="184,170,306,330" step="2"/><V62/><F75/><W128/><G64/><T30/><D30/><U90/><AGARI ba="1,1" hai="9,10,18,22,27,49,52,59,80,84,90,92,99,103" machi="90" ten="20,12000,2" yaku="1,1,2,1,0,1,7,1,8,1,54,1,53,1" doraHai="37" doraHaiUra="76" who="1" fromWho="1" sc="184,-61,170,133,306,-31,330,-31" /><INIT seed="5,0,0,4,5,135" ten="123,303,275,299" oya="1" hai0="132,44,109,20,56,134,114,33,89,131,6,30,10" hai1="100,127,9,57,18,58,124,55,11,4,16,75,15" hai2="66,46,94,51,38,21,123,77,93,101,62,88,108" hai3="71,92,13,113,70,103,105,90,36,119,43,84,48"/><U111/><E75/><V12/><F123/><W35/><G36/><T118/><D56/><U82/><E111/><V60/><F108/><W5/><G35/><T99/><D109/><U74/><E100/><V128/><F38/><W110/><G110/><T52/><D118/><U27/><E27/><V76/><F128/><W19/><G113/><T2/><D131/><U26/><E26/><V40/><F101/><W91/><G5/><T97/><D33/><U98/><E98/><N who="2" m="57639" /><F94/><N who="3" m="54599" /><G71/><T125/><D114/><U133/><E133/><N who="0" m="51305" /><D89/><U53/><E74/><V28/><F66/><W120/><G70/><T126/><D20/><U86/><E58/><V37/><F37/><W121/><G103/><T116/><D30/><U115/><E115/><V0/><F0/><W59/><G105/><T69/><D69/><U65/><E65/><V32/><F32/><W79/><G79/><N who="2" m="30281" /><F28/><W31/><G31/><T45/><D116/><U106/><E106/><V107/><F107/><W17/><G119/><T64/><D64/><U72/><E72/><V50/><F50/><W29/><G29/><T104/><D104/><U25/><E57/><V87/><F87/><N who="3" m="52351" /><G121/><T3/><D3/><N who="1" m="159" /><E86/><V61/><F61/><W130/><G130/><T14/><D2/><U96/><E96/><N who="0" m="36937" /><D45/><U129/><E129/><V78/><N who="2" m="30289" /><V42/><DORA hai="54" /><F42/><W41/><G120/><T49/><AGARI ba="0,0" hai="6,10,14,44,49,52,125,126" m="36937,51305" machi="49" ten="40,8000,1" yaku="20,1,52,2,54,1" doraHai="135,54" who="0" fromWho="0" sc="123,80,303,-40,275,-20,299,-20" /><INIT seed="6,0,0,2,2,49" ten="203,263,255,279" oya="2" hai0="104,10,79,45,73,15,55,91,133,51,63,89,7" hai1="108,135,119,94,90,111,43,6,80,46,12,100,128" hai2="61,85,21,58,52,75,0,40,131,23,102,107,67" hai3="118,92,129,109,62,125,24,122,36,66,103,4,65"/><V2/><F75/><W99/><G122/><T78/><D104/><U33/><E119/><V70/><F131/><W59/><G109/><T124/><D124/><U127/><E33/><V35/><F35/><W105/><G118/><T1/><D133/><U50/><E127/><V32/><F32/><W37/><G129/><T5/><D5/><U41/><E128/><V93/><F107/><W134/><G134/><T31/><D31/><U115/><E115/><V64/><F40/><W48/><G125/><T86/><D1/><U30/><E135/><V120/><F120/><W26/><G4/><T9/><D9/><U76/><E100/><V126/><F126/><W117/><G117/><T97/><D73/><U96/><E30/><V72/><F72/><W71/><G37/><T112/><D112/><U98/><E98/><N who="2" m="59727" /><F0/><W83/><G36/><T38/><D38/><U34/><E34/><V123/><F2/><W47/><G83/><T17/><D7/><U54/><E111/><V11/><F70/><W77/><G77/><T110/><D110/><U44/><E108/><V20/><F123/><W25/><G105/><T60/><D97/><U114/><E114/><V121/><F121/><W29/><G29/><T81/><D91/><U19/><E6/><V3/><F85/><W132/><G132/><T130/><D130/><U14/><E19/><V22/><F22/><W57/><G66/><N who="2" m="25129" /><F3/><W68/><G68/><T69/><D69/><U82/><E76/><AGARI ba="0,0" hai="10,15,17,45,51,55,60,63,76,78,79,81,86,89" machi="76" ten="40,8000,1" yaku="25,2,8,1,52,1" doraHai="49" who="0" fromWho="1" sc="203,80,263,-80,255,0,279,0" /><INIT seed="7,0,0,0,5,119" ten="283,183,255,279" oya="3" hai0="64,25,104,85,105,45,101,100,107,92,109,7,32" hai1="77,1,71,117,48,80,3,41,18,37,34,129,21" hai2="57,39,69,22,126,75,49,89,2,38,112,82,4" hai3="61,30,11,135,63,15,13,86,52,16,125,113,56"/><W60/><G125/><T46/><D109/><U72/><E34/><V17/><F69/><W132/><G113/><T94/><D64/><U53/><E117/><V0/><F112/><W65/><G30/><T116/><D7/><U102/><E129/><V51/><F126/><W20/><G86/><T54/><D54/><U124/><E124/><V12/><F49/><W122/><G122/><T23/><D32/><U130/><E130/><V111/><F111/><W19/><G65/><T127/><D127/><U33/><E71/><V36/><F4/><W8/><G20/><T83/><D116/><U66/><E66/><V106/><F106/><W70/><G70/><T27/><D107/><U10/><E33/><V128/><F128/><W121/><G121/><T103/><D27/><U123/><E102/><V131/><F131/><W133/><AGARI ba="0,0" hai="8,11,13,15,16,19,52,56,60,61,63,132,133,135" machi="133" ten="30,12000,1" yaku="0,1,9,1,20,1,54,2" doraHai="119" who="3" fromWho="3" sc="283,-40,183,-40,255,-40,279,120" owari="243,4.0,143,-36.0,215,-18.0,399,50.0" /></mjloggm>