<mjloggm ver="2.3"><GO type="97" lobby="0"/><UN n0="%E4%BA%8C%E9%9A%8E%E5%A0%82%E6%AF%94%E9%9C%B2" n1="%E5%B0%B1%E6%B4%BB%E7%94%9F%40%E5%B7%9D%E6%9D%91%E8%BB%8D%E5%9B%A3" n2="%70%6F%6E%5F%6B%61%73%75" n3="%6E%69%6A%69%68%75" dan="14,14,15,15" rate="1862.85,1974.01,1956.84,2011.55" sx="M,M,M,M"/><TAIKYOKU oya="0"/><INIT seed="0,0,0,5,2,1" ten="250,250,250,250" oya="0" hai0="23,127,114,8,91,120,27,66,124,38,70,131,83" hai1="105,44,57,123,9,46,64,125,63,117,59,55,21" hai2="109,96,5,15,0,65,99,31,22,33,113,121,80" hai3="92,86,78,53,118,6,98,42,26,18,37,48,69"/><T106/><D120/><U12/><E105/><V100/><F121/><W104/><G118/><T133/><D106/><U89/><E123/><V4/><F113/><W19/><G104/><T82/><D38/><U62/><E117/><V45/><F109/><W101/><G69/><T11/><D114/><U74/><E74/><V60/><F0/><W10/><G37/><T73/><D73/><U68/><E125/><V52/><F80/><N who="3" m="47383" /><G42/><T110/><D110/><U40/><E21/><V58/><F33/><W2/><G2/><T94/><D70/><U126/><E126/><N who="0" m="48169" /><D66/><U16/><E40/><V36/><F36/><W108/><G108/><T81/><D131/><U132/><E132/><V39/><F39/><W88/><G101/><T20/><D133/><U107/><E107/><V103/><F103/><W116/><G26/><T77/><D77/><U129/><E129/><V17/><F31/><W75/><G75/><T130/><D130/><U72/><E72/><V34/><F34/><W85/><G98/><N who="2" m="37417" /><F100/><W79/><G79/><T51/><D23/><U54/><E89/><V111/><F111/><W32/><G32/><T112/><D20/><U28/><E28/><V76/><F76/><W35/><G35/><T30/><D112/><U135/><E135/><V14/><F14/><N who="3" m="5463" /><G116/><T24/><D27/><U115/><REACH who="1" step="1"/><E115/><REACH who="1" ten="250,240,250,250" step="2"/><V87/><F87/><W41/><G41/><T49/><D30/><U56/><E56/><AGARI ba="0,1" hai="18,19,48,53,56,85,88,92" m="5463,47383" machi="56" ten="30,3900,0" yaku="8,1,52,1,54,1" doraHai="1" who="3" fromWho="1" sc="250,0,240,-39,250,0,250,49" /><INIT seed="1,0,0,3,0,124" ten="250,201,250,299" oya="1" hai0="47,130,120,28,59,91,69,128,2,73,16,51,23" hai1="119,99,4,31,41,29,78,21,20,135,26,105,96" hai2="19,75,100,68,74,10,89,134,76,71,123,118,27" hai3="129,88,57,109,13,46,50,92,122,110,5,101,83"/><U54/><E119/><V103/><F118/><W38/><G129/><N who="0" m="49771" /><D120/><U125/><E125/><V104/><F123/><W82/><G122/><T43/><D69/><U12/><E135/><V1/><F134/><W55/><G101/><T132/><D132/><U17/><E105/><V64/><F64/><W94/><G94/><T121/><D121/><U56/><E41/><V87/><F76/><W42/><G5/><T48/><D73/><U108/><E108/><N who="3" m="41578" /><G13/><N who="0" m="9615" /><D2/><U127/><E127/><V37/><F71/><W81/><G81/><T18/><D18/><N who="1" m="10311" /><E78/><V77/><F19/><W95/><G95/><T70/><D70/><U3/><E3/><V93/><F77/><W117/><G117/><T40/><D28/><N who="1" m="10827" /><E4/><V65/><F75/><W6/><G6/><T72/><D72/><U52/><E54/><V14/><F68/><W32/><G32/><T63/><D40/><U60/><AGARI ba="0,0" hai="17,21,26,52,56,60,96,99" m="10827,10311" machi="60" ten="30,3000,0" yaku="8,1,54,1" doraHai="124" who="1" fromWho="1" sc="250,-10,201,30,250,-10,299,-10" /><INIT seed="1,1,0,3,2,55" ten="240,231,240,289" oya="1" hai0="60,107,58,38,45,18,121,110,26,46,123,10,12" hai1="75,49,133,14,0,97,15,19,122,1,104,6,129" hai2="81,114,27,33,62,54,98,100,127,64,59,120,8" hai3="96,63,90,116,106,23,31,126,94,42,50,82,135"/><U9/><E75/><V24/><F127/><W20/><G126/><T109/><D107/><U128/><E104/><V124/><F120/><N who="0" m="46154" /><D26/><U43/><E122/><V39/><F124/><W56/><G135/><T93/><D93/><U4/><E133/><V115/><F39/><W73/><G116/><T65/><D38/><U78/><E78/><V76/><F8/><W25/><G106/><T80/><D80/><U83/><E83/><V86/><F54/><N who="3" m="34199" /><G73/><T66/><D66/><U47/><E97/><V74/><F86/><N who="3" m="50519" /><G23/><T72/><D72/><U71/><E71/><V51/><F51/><W16/><G31/><T44/><AGARI ba="1,0" hai="10,12,18,44,45,46,58,60,65,109,110" m="46154" machi="44" ten="40,2700,0" yaku="13,1,52,1" doraHai="55" who="0" fromWho="0" sc="240,30,231,-14,240,-8,289,-8" /><INIT seed="2,0,0,4,0,90" ten="270,217,232,281" oya="2" hai0="49,118,20,87,84,18,21,61,107,81,42,28,66" hai1="38,94,65,6,29,120,126,129,47,60,33,131,95" hai2="53,100,34,97,56,124,70,55,37,114,78,85,46" hai3="134,63,17,15,116,104,5,32,16,31,36,51,48"/><V11/><F114/><W110/><G116/><T91/><D107/><U73/><E73/><V115/><F115/><W96/><G36/><T69/><D118/><U111/><E111/><V10/><F34/><W113/><G113/><T121/><D121/><U12/><E126/><V8/><F124/><W72/><G110/><T0/><D0/><U68/><E120/><V125/><F125/><W128/><G72/><T88/><D28/><U24/><E38/><V43/><F70/><W102/><G63/><T117/><D117/><U57/><E47/><V101/><F100/><W1/><G1/><T92/><D42/><U76/><E76/><V27/><F27/><W4/><G17/><T79/><D49/><U67/><E67/><V59/><F56/><W112/><G112/><T130/><D130/><N who="1" m="49675" /><E68/><V133/><F133/><W71/><G71/><T132/><D132/><U52/><E65/><V122/><F122/><W127/><G128/><T23/><REACH who="0" step="1"/><D79/><REACH who="0" ten="260,217,232,281" step="2"/><U75/><E75/><V89/><F78/><W13/><G134/><T45/><D45/><U14/><E6/><V106/><REACH who="2" step="1"/><F59/><REACH who="2" ten="260,217,222,281" step="2"/><W108/><G127/><T62/><D62/><U80/><E57/><V9/><N who="2" m="2048" /><DORA hai="26" /><V35/><F35/><W119/><G108/><T105/><D105/><U54/><E60/><V64/><F64/><W82/><G104/><T41/><D41/><U103/><E33/><V58/><F58/><W98/><G119/><T40/><D40/><U83/><E54/><V93/><AGARI ba="0,2" hai="37,43,46,53,55,85,89,93,97,101,106" m="2048" machi="93" ten="40,7800,0" yaku="1,1,0,1,52,1,53,0" doraHai="90,26" doraHaiUra="30,74" who="2" fromWho="2" sc="260,-26,217,-26,222,98,281,-26" /><INIT seed="2,1,0,1,2,100" ten="234,191,320,255" oya="2" hai0="82,50,133,60,69,53,67,45,42,57,80,10,112" hai1="125,4,19,104,94,106,108,35,79,121,44,21,98" hai2="89,135,8,114,47,116,24,77,52,48,51,68,40" hai3="75,49,88,122,20,55,110,33,27,120,18,12,37"/><V31/><F116/><W26/><G110/><T127/><D127/><U23/><E35/><V29/><F114/><W101/><G75/><T85/><D133/><U124/><E108/><V13/><F135/><W87/><G101/><T43/><D112/><U5/><E121/><V128/><F128/><W134/><G134/><T119/><D119/><U78/><E44/><V16/><F68/><W107/><G107/><N who="1" m="41002" /><E94/><V66/><F66/><W103/><G103/><T36/><D43/><U76/><E98/><V11/><F11/><W84/><G37/><T32/><D32/><U1/><E1/><V72/><F89/><W92/><G87/><T123/><D123/><N who="3" m="47145" /><G33/><T9/><D82/><U28/><E28/><N who="2" m="10827" /><F72/><W115/><G115/><T99/><D99/><U56/><E56/><AGARI ba="1,0" hai="12,18,20,26,27,49,55,56,84,88,92" m="47145" machi="56" ten="30,2000,0" yaku="25,1,54,1" doraHai="100" who="3" fromWho="1" sc="234,0,191,-23,320,0,255,23" /><INIT seed="3,0,0,5,1,117" ten="234,168,320,278" oya="3" hai0="25,16,95,123,122,93,97,30,90,92,20,52,121" hai1="7,72,81,111,33,120,18,116,11,39,36,8,88" hai2="110,63,105,119,2,106,99,85,41,34,100,68,59" hai3="32,0,127,66,46,58,17,71,133,35,51,1,38"/><W109/><G133/><T10/><D10/><U91/><E116/><V37/><F119/><W73/><G73/><T112/><D112/><U22/><E33/><V115/><F115/><W65/><G127/><T129/><D129/><U79/><E111/><V124/><F110/><W54/><G109/><T76/><D76/><U75/><E120/><V31/><F124/><W87/><G87/><T67/><D67/><U14/><E75/><V86/><F106/><W40/><G17/><T29/><REACH who="0" step="1"/><D52/><REACH who="0" ten="224,168,320,278" step="2"/><U61/><E11/><V4/><F2/><N who="3" m="1131" /><G66/><T126/><D126/><U45/><E61/><AGARI ba="0,1" hai="32,35,38,40,46,51,54,58,61,65,71" m="1131" machi="61" ten="30,1500,0" yaku="24,1" doraHai="117" who="3" fromWho="1" sc="224,0,168,-15,320,0,278,25" /><INIT seed="3,1,0,1,3,43" ten="224,153,320,303" oya="3" hai0="67,61,58,35,8,129,73,74,9,115,15,101,130" hai1="132,65,23,90,134,125,80,64,106,88,44,31,62" hai2="113,5,52,128,46,49,78,4,60,98,69,83,41" hai3="123,92,114,24,57,96,93,126,84,26,85,71,39"/><W118/><G118/><T38/><D35/><U94/><E106/><V55/><F113/><W68/><G123/><T97/><D38/><U117/><E117/><V3/><F128/><W99/><G114/><T120/><D115/><U79/><E125/><V124/><F124/><W30/><G126/><T89/><D120/><U0/><E0/><V102/><F3/><W108/><G108/><T33/><D33/><U77/><E31/><V29/><F29/><W107/><G107/><T81/><D89/><U50/><E23/><V34/><F34/><W10/><G39/><T16/><D81/><U109/><E109/><V21/><F21/><N who="3" m="15631" /><G71/><T105/><D130/><U54/><E65/><V127/><F127/><W82/><G68/><T19/><D129/><U1/><E90/><V91/><F91/><N who="3" m="55327" /><G26/><T100/><D101/><U36/><E36/><V48/><F60/><W13/><G57/><T66/><D67/><U17/><E17/><V104/><F69/><W45/><G45/><T20/><REACH who="0" step="1"/><D8/><REACH who="0" ten="214,153,320,303" step="2"/><U6/><E132/><V14/><F102/><N who="3" m="60783" /><G82/><T53/><D53/><U133/><E134/><V11/><F83/><W95/><G95/><T42/><D42/><U135/><E133/><V119/><F104/><W25/><G25/><AGARI ba="1,1" hai="9,15,16,19,20,25,58,61,66,73,74,97,100,105" machi="25" ten="30,7700,0" yaku="1,1,7,1,54,1,53,1" doraHai="43" doraHaiUra="63" who="0" fromWho="3" sc="214,90,153,0,320,0,303,-80" owari="304,10.0,153,-35.0,320,43.0,223,-18.0" /></mjloggm>