<mjloggm ver="2.3"><GO type="97" lobby="0"/><UN n0="%E3%83%9E%E3%82%AF%E3%83%AA%E5%B7%AE%E3%81%97" n1="%E3%83%88%E3%83%88%E3%83%AA%E5%85%88%E7%94%9F%31%39%E6%AD%B3" n2="%54%61%6E%79" n3="%E3%81%9B%E3%82%8A%E3%81%8A" dan="15,15,14,15" rate="1893.37,2017.62,1937.42,2029.92" sx="M,F,M,F"/><TAIKYOKU oya="0"/><INIT seed="0,0,0,0,5,35" ten="250,250,250,250" oya="0" hai0="103,52,20,44,17,116,50,130,91,118,32,75,47" hai1="126,107,8,106,125,59,92,109,93,41,24,132,134" hai2="119,29,26,12,98,60,57,22,42,37,49,34,56" hai3="108,89,6,0,81,90,80,4,122,36,101,86,19"/><T48/><D118/><U30/><E41/><V79/><F119/><W82/><G122/><T21/><D116/><U11/><E59/><V104/><F37/><W58/><G108/><T51/><D75/><U124/><E109/><V7/><F79/><W62/><G36/><T114/><D130/><U74/><E74/><V102/><F34/><W97/><G19/><T13/><D114/><U61/><E61/><V112/><F112/><W96/><G0/><T25/><D32/><N who="1" m="20551" /><E92/><V99/><F99/><N who="3" m="37963" /><G101/><T131/><D131/><U121/><E93/><V43/><F49/><W46/><G46/><T9/><D103/><U72/><E72/><V133/><F133/><N who="1" m="51305" /><E121/><V71/><F71/><W39/><G39/><T73/><D73/><U128/><E128/><V70/><F70/><W113/><G113/><T120/><D120/><U127/><N who="1" m="31744" /><DORA hai="33" /><U129/><E129/><V95/><F104/><AGARI ba="0,0" hai="8,11,104,106,107" m="31744,51305,20551" machi="104" ten="60,3900,0" yaku="20,1,18,1" doraHai="35,33" who="1" fromWho="2" sc="250,0,250,39,250,-39,250,0" /><INIT seed="1,0,0,0,3,38" ten="250,289,211,250" oya="1" hai0="68,119,88,131,62,122,15,105,47,8,77,20,51" hai1="124,106,2,18,123,23,11,89,42,4,125,87,21" hai2="60,91,86,78,100,73,45,10,63,117,96,93,111" hai3="97,80,129,102,115,54,39,85,72,12,16,79,43"/><U132/><E123/><V92/><F117/><W107/><G115/><T28/><D122/><U75/><E106/><V67/><F111/><W121/><G121/><T104/><D119/><U133/><E75/><V14/><F45/><W101/><G101/><T130/><D77/><U1/><E42/><V99/><F73/><W0/><G0/><N who="1" m="106" /><E87/><V64/><F64/><W7/><G7/><T44/><D20/><N who="1" m="7755" /><E18/><V109/><F109/><W57/><G72/><T36/><D28/><U41/><E41/><V13/><F13/><W31/><G43/><T22/><D36/><U127/><E89/><V56/><F63/><W69/><G39/><T83/><D22/><U9/><E4/><V108/><F108/><W48/><G48/><T113/><D113/><U61/><E61/><V29/><F29/><W81/><G31/><T84/><D62/><U59/><E59/><V37/><F37/><W112/><G57/><T32/><D68/><U110/><E110/><V114/><F114/><W66/><G69/><T128/><D32/><U35/><E35/><V49/><F49/><W50/><G50/><T46/><REACH who="0" step="1"/><D51/><REACH who="0" ten="240,289,211,250" step="2"/><U120/><E120/><V24/><F78/><W98/><G79/><T25/><D25/><U17/><E9/><V40/><F24/><W26/><G26/><T53/><D53/><U19/><E11/><V6/><F99/><W33/><G97/><T65/><D65/><U126/><E126/><V95/><F95/><W30/><G98/><T58/><D58/><U55/><E55/><V118/><F118/><W52/><G52/><T5/><AGARI ba="0,1" hai="5,8,15,44,46,47,83,84,88,104,105,128,130,131" machi="5" ten="40,8000,1" yaku="1,1,0,1,19,1,54,1,53,1" doraHai="38" doraHaiUra="82" who="0" fromWho="0" sc="240,90,289,-40,211,-20,250,-20" /><INIT seed="2,0,0,1,0,27" ten="330,249,191,230" oya="2" hai0="88,10,16,65,25,22,80,116,9,132,5,67,37" hai1="129,120,52,131,126,97,51,33,15,23,98,43,13" hai2="41,49,112,82,108,93,28,99,6,92,85,38,54" hai3="46,53,77,34,90,72,87,109,78,32,119,1,135"/><V0/><F112/><W29/><G119/><T44/><D116/><U75/><E33/><V113/><F113/><W55/><G1/><T18/><D132/><U4/><E75/><V86/><F108/><W81/><G135/><T73/><D18/><N who="1" m="10703" /><E43/><V83/><F38/><W123/><G123/><T121/><D121/><U69/><E69/><V21/><F41/><W59/><G109/><T64/><D5/><U117/><E117/><V30/><F0/><W130/><G130/><N who="1" m="49674" /><E120/><V50/><F6/><W127/><G127/><T122/><D122/><U20/><E126/><V7/><F7/><W42/><G34/><T31/><D16/><N who="1" m="10271" /><E4/><V103/><F21/><W12/><G12/><T11/><D73/><U114/><E114/><V56/><F50/><W124/><G124/><T118/><D118/><U106/><E106/><V91/><REACH who="2" step="1"/><F93/><REACH who="2" ten="330,249,181,230" step="2"/><W70/><G42/><T105/><D105/><U35/><E35/><V111/><F111/><W102/><G32/><T133/><D133/><U66/><E66/><V71/><F71/><W57/><G70/><T8/><N who="0" m="2560" /><DORA hai="45" /><T100/><D37/><U24/><E24/><V76/><AGARI ba="0,1" hai="28,30,49,54,56,76,82,83,85,86,91,92,99,103" machi="76" ten="20,18000,2" yaku="1,1,0,1,7,1,8,1,52,3,53,0" doraHai="27,45" doraHaiUra="104,60" who="2" fromWho="2" sc="330,-60,249,-60,181,190,230,-60" /><INIT seed="2,1,0,3,5,81" ten="270,189,371,170" oya="2" hai0="126,111,49,121,120,107,118,108,19,56,10,47,123" hai1="46,65,106,82,80,91,29,57,88,32,2,23,44" hai2="89,18,101,103,16,60,21,75,110,13,68,130,117" hai3="114,78,58,102,39,122,4,55,15,24,6,93,132"/><V42/><F117/><W79/><G39/><T26/><D107/><U124/><E106/><V43/><F75/><W83/><G132/><T96/><D96/><U109/><E2/><V94/><F130/><W0/><G0/><T63/><D19/><U104/><E104/><V20/><F110/><N who="0" m="42026" /><D26/><N who="1" m="16607" /><E32/><V66/><F43/><W133/><G133/><T95/><D10/><U51/><E124/><V45/><F45/><N who="1" m="17513" /><E109/><V67/><F67/><W87/><G122/><N who="0" m="31235" /><T52/><DORA hai="48" /><D95/><U35/><E35/><V70/><F42/><W22/><G114/><T86/><D86/><N who="1" m="50247" /><E82/><V71/><F71/><W97/><G78/><T31/><D31/><U74/><E74/><V85/><F70/><W11/><G15/><AGARI ba="1,0" hai="13,15,16,18,20,21,60,66,68,85,89,94,101,103" machi="15" ten="30,11600,0" yaku="7,1,9,1,52,1,54,1" doraHai="81,48" who="2" fromWho="3" sc="270,0,189,0,371,119,170,-119" /><INIT seed="2,2,0,0,5,111" ten="270,189,490,51" oya="2" hai0="18,7,98,92,105,23,2,81,96,25,78,128,19" hai1="15,51,88,0,70,11,90,120,114,49,93,116,66" hai2="119,112,113,72,35,126,46,129,47,82,95,122,85" hai3="4,48,118,68,83,130,26,58,31,101,97,53,44"/><V77/><F35/><W133/><G118/><T56/><D128/><U84/><E116/><V61/><F61/><W38/><G130/><T40/><D105/><U54/><E0/><V16/><F129/><W17/><G133/><T107/><D107/><U5/><E120/><V41/><F119/><W74/><G4/><T104/><D104/><U20/><E114/><V132/><F132/><W79/><G68/><T45/><D56/><N who="1" m="32847" /><E70/><V110/><F110/><W134/><G134/><T29/><D7/><U80/><E66/><V24/><F122/><W9/><G9/><T115/><D2/><U3/><E3/><V36/><F47/><W62/><G17/><T123/><D123/><U131/><E131/><V76/><F126/><W71/><G71/><T121/><D121/><U87/><E51/><V8/><F8/><W108/><G108/><T73/><D115/><U86/><E86/><V14/><F24/><W67/><G38/><T55/><D55/><U109/><E109/><V30/><F30/><W64/><G101/><T43/><D43/><U60/><E60/><V28/><F28/><W99/><REACH who="3" step="1"/><G67/><REACH who="3" ten="270,189,490,41" step="2"/><T39/><REACH who="0" step="1"/><D98/><REACH who="0" ten="260,189,490,41" step="2"/><U32/><E5/><V117/><F117/><W37/><G37/><T22/><D22/><AGARI ba="2,2" hai="22,26,31,44,48,53,58,62,64,74,79,83,97,99" machi="22" ten="30,2000,0" yaku="1,1,7,1,53,0" doraHai="111" doraHaiUra="34" who="3" fromWho="0" sc="260,-26,189,0,490,0,41,46" /><INIT seed="3,0,0,5,1,66" ten="234,189,490,87" oya="3" hai0="0,48,71,17,53,26,76,27,111,121,24,127,46" hai1="92,134,129,30,133,130,58,6,91,1,19,98,107" hai2="113,20,123,87,74,103,125,80,120,52,25,57,22" hai3="109,39,96,31,8,65,77,3,45,60,131,102,50"/><W59/><G131/><N who="1" m="50186" /><E30/><V83/><F113/><W21/><G77/><T112/><D71/><U38/><E38/><V100/><F125/><W2/><G39/><T72/><D121/><N who="2" m="46666" /><F74/><W43/><G109/><T105/><D112/><U70/><E70/><V7/><F7/><W132/><G132/><N who="1" m="50794" /><E58/><V124/><F124/><W54/><G8/><T99/><D127/><U49/><E49/><N who="2" m="30863" /><F80/><W47/><G47/><T79/><D0/><U14/><E107/><V29/><F22/><W122/><G122/><T10/><D111/><U115/><E115/><V62/><F62/><W126/><G126/><T110/><D110/><U44/><E44/><V94/><F94/><N who="3" m="58647" /><G43/><T16/><D72/><U81/><E81/><V5/><F5/><W75/><G75/><T34/><D34/><U28/><E6/><V69/><F69/><W119/><G119/><T51/><D51/><U42/><E1/><V55/><F55/><W40/><G40/><T78/><D10/><N who="1" m="6615" /><E42/><V33/><F33/><W23/><G23/><T106/><REACH who="0" step="1"/><D99/><REACH who="0" ten="224,189,490,87" step="2"/><N who="1" m="57759" /><E28/><V41/><F41/><W108/><G108/><T18/><AGARI ba="0,1" hai="16,17,18,24,26,27,46,48,53,76,78,79,105,106" machi="18" ten="40,16000,3" yaku="1,1,0,1,29,2,54,1,53,3" doraHai="66" doraHaiUra="73" who="0" fromWho="0" sc="224,170,189,-40,490,-40,87,-80" owari="394,19.0,149,-25.0,450,55.0,7,-49.0" /></mjloggm>