<mjloggm ver="2.3"><GO type="41" lobby="0"/><UN n0="%6A%74%74%71%68" n1="%E5%B0%B1%E6%B4%BB%E7%94%9F%40%E5%B7%9D%E6%9D%91%E8%BB%8D%E5%9B%A3" n2="%E3%83%95%E3%82%A3%E3%83%A9%E3%83%A1%E3%83%B3%E3%83%88" n3="%66%75%6A%69%6D%75%72%61" dan="14,15,14,14" rate="1860.85,1998.94,1986.86,1955.33" sx="M,M,M,M"/><TAIKYOKU oya="0"/><INIT seed="0,0,0,1,5,110" ten="250,250,250,250" oya="0" hai0="11,57,47,24,108,135,122,73,82,31,86,1,10" hai1="16,33,72,85,97,21,100,37,39,2,111,28,131" hai2="48,14,113,67,23,90,54,45,115,52,17,76,62" hai3="29,121,124,84,12,49,42,65,114,25,40,51,6"/><T87/><D122/><U71/><E72/><V30/><F76/><W18/><G121/><T133/><D108/><U36/><E71/><V74/><F74/><W119/><G119/><T27/><D73/><U61/><E2/><V35/><F35/><W105/><G105/><T99/><D99/><U94/><E111/><V56/><F30/><W89/><G65/><T41/><D57/><U69/><E131/><V70/><F90/><W102/><G102/><T0/><D82/><U109/><E109/><V58/><F58/><W123/><G123/><T77/><D31/><U53/><E85/><N who="0" m="32265" /><D47/><U50/><E28/><V88/><F88/><W9/><G124/><T107/><D41/><U15/><E33/><V106/><F106/><W80/><G114/><T134/><D77/><U93/><E93/><V7/><F7/><W20/><G51/><AGARI ba="0,0" hai="14,17,23,45,48,51,52,54,56,62,67,70,113,115" machi="51" ten="30,7700,0" yaku="7,1,52,2,54,1" doraHai="110" who="2" fromWho="3" sc="250,0,250,0,250,77,250,-77" /><INIT seed="1,0,0,1,5,74" ten="250,250,327,173" oya="1" hai0="128,41,32,100,91,4,107,101,50,113,117,93,90" hai1="3,25,116,98,65,17,5,33,88,76,46,87,9" hai2="60,10,42,72,37,118,51,134,0,14,119,58,97" hai3="7,71,18,23,105,108,68,123,21,82,77,57,112"/><U8/><E116/><V130/><F0/><W99/><G112/><T48/><D32/><U30/><E65/><V110/><F72/><W69/><G123/><T124/><D113/><U103/><E76/><V73/><F73/><W34/><G34/><T126/><D117/><U89/><E87/><V114/><F110/><W40/><G108/><T66/><D4/><U84/><E84/><V28/><F130/><W125/><G125/><N who="0" m="48235" /><D66/><U54/><E9/><V59/><F114/><W80/><G7/><T132/><D93/><U81/><E81/><V39/><F28/><W43/><G57/><T45/><D128/><U120/><E120/><V20/><F119/><W13/><G82/><T6/><D6/><U129/><E129/><V53/><F118/><W79/><G23/><T44/><D132/><U15/><E54/><V111/><F134/><W56/><G56/><T75/><D75/><U83/><E46/><N who="0" m="18025" /><D41/><U127/><E83/><V49/><F111/><W22/><G22/><T115/><D115/><U135/><E135/><V36/><F20/><W16/><G18/><T19/><D19/><U26/><E26/><V131/><F131/><W24/><G24/><T1/><D1/><U133/><E133/><V92/><F42/><N who="3" m="15915" /><G80/><T102/><D107/><N who="1" m="63991" /><E127/><V61/><F37/><W55/><G55/><T62/><D62/><U106/><E106/><V67/><F39/><W64/><G64/><T78/><D78/><N who="3" m="29705" /><G105/><T109/><D109/><U121/><E121/><V47/><F36/><W122/><G122/><T38/><D38/><U104/><E104/><V96/><F47/><W12/><G12/><RYUUKYOKU ba="0,0" sc="250,10,250,10,327,-30,173,10" hai0="48,50,90,91,100,101,102" hai1="3,5,8,15,17,25,30,33,88,89" hai3="13,16,21,68,69,71,99" /><INIT seed="1,1,0,5,4,114" ten="260,260,297,183" oya="1" hai0="25,28,63,32,30,29,126,134,31,36,65,19,13" hai1="7,94,106,44,8,37,130,85,119,42,97,78,87" hai2="77,3,124,70,69,108,53,62,17,9,116,75,96" hai3="40,33,55,107,49,12,39,67,100,54,20,24,48"/><U80/><E119/><V72/><F116/><W112/><G112/><T5/><D36/><U4/><E130/><V10/><F10/><W115/><G115/><T82/><D134/><U71/><E71/><V103/><F108/><W73/><G73/><T41/><D41/><U102/><E7/><V11/><F124/><W88/><G33/><N who="0" m="20623" /><D82/><U66/><E66/><V98/><F11/><W47/><G12/><T56/><D56/><U76/><E106/><V131/><F131/><W86/><G67/><T51/><D51/><U35/><E35/><V14/><F3/><W133/><G133/><T81/><D81/><U123/><E123/><V90/><F70/><W16/><G39/><T99/><D99/><U120/><E120/><V91/><F72/><W74/><G74/><T15/><D63/><U1/><REACH who="1" step="1"/><E85/><REACH who="1" ten="260,250,297,183" step="2"/><V127/><F69/><W89/><G86/><T121/><D65/><U45/><E45/><V117/><F117/><W60/><G60/><T58/><D121/><U105/><E105/><V34/><F34/><W122/><G122/><T129/><D58/><U22/><E22/><V18/><F75/><W128/><G128/><T23/><D129/><U101/><E101/><V64/><F64/><W135/><G135/><T113/><D113/><U50/><E50/><V84/><F84/><W46/><REACH who="3" step="1"/><G40/><REACH who="3" ten="260,250,297,173" step="2"/><T61/><D61/><U57/><E57/><V38/><F62/><W26/><G26/><N who="0" m="18487" /><D126/><U6/><E6/><V95/><F127/><W27/><G27/><T79/><D5/><U68/><E68/><V111/><F38/><W118/><G118/><T92/><D13/><RYUUKYOKU ba="1,2" sc="260,-15,250,15,297,-15,173,15" hai1="1,4,8,37,42,44,76,78,80,87,94,97,102" hai3="16,20,24,46,47,48,49,54,55,88,89,100,107" /><INIT seed="1,2,2,5,0,48" ten="245,265,282,188" oya="1" hai0="24,14,117,62,108,69,67,44,101,75,135,19,115" hai1="68,127,66,23,71,131,31,16,77,40,41,33,21" hai2="128,89,98,76,126,1,125,60,116,85,59,4,55" hai3="56,6,32,106,100,87,49,73,118,17,30,103,95"/><U120/><E120/><V34/><F116/><W22/><G73/><T124/><D115/><U90/><E33/><V70/><F34/><W92/><G106/><T96/><D117/><U102/><E71/><V91/><F128/><W110/><G110/><T20/><D108/><U65/><E68/><V10/><F70/><W27/><G118/><T18/><D135/><U57/><E127/><N who="2" m="48651" /><F98/><W84/><G6/><T72/><D124/><U119/><E119/><V47/><F47/><W29/><G95/><T133/><D133/><U35/><E35/><V81/><AGARI ba="2,2" hai="1,4,10,55,59,60,76,81,85,89,91" m="48651" machi="81" ten="30,2000,0" yaku="18,1,52,1" doraHai="48" who="2" fromWho="2" sc="245,-7,265,-12,282,46,188,-7" /><INIT seed="2,0,0,0,5,67" ten="238,253,328,181" oya="2" hai0="7,88,27,122,20,14,78,47,19,130,135,31,63" hai1="74,18,59,109,16,40,48,107,112,55,131,76,123" hai2="95,44,57,79,104,108,68,80,41,70,75,103,128" hai3="82,58,73,50,23,83,85,52,12,15,26,33,86"/><V39/><F57/><W8/><G33/><T106/><D122/><U65/><E107/><V42/><F95/><W89/><G73/><T53/><D106/><U94/><E112/><V22/><F22/><W134/><G134/><T17/><D135/><U117/><E117/><V105/><F128/><W43/><G43/><T98/><D78/><U66/><E123/><V81/><F108/><W6/><G15/><T34/><D130/><U111/><E131/><V120/><F120/><W24/><REACH who="3" step="1"/><G23/><REACH who="3" ten="238,253,328,171" step="2"/><T69/><D34/><U1/><E40/><V110/><F110/><W114/><G114/><T101/><D14/><U21/><E1/><V32/><F32/><W3/><G3/><T28/><D20/><U35/><E35/><V118/><F118/><W0/><G0/><T29/><D27/><U77/><E111/><V133/><F133/><W71/><G71/><T4/><D69/><N who="2" m="26730" /><F103/><W132/><G132/><T5/><D101/><U125/><E109/><V30/><F30/><W62/><G62/><T49/><REACH who="0" step="1"/><D63/><REACH who="0" ten="228,253,328,171" step="2"/><U126/><E74/><N who="2" m="43127" /><F42/><W10/><G10/><T38/><D38/><U45/><E21/><V121/><F121/><W127/><G127/><T64/><D64/><U72/><E72/><V100/><F100/><W113/><G113/><T54/><D54/><U56/><E126/><V93/><F75/><W91/><AGARI ba="0,2" hai="6,8,12,24,26,50,52,58,82,83,85,86,89,91" machi="91" ten="20,12000,2" yaku="1,1,0,1,7,1,9,1,8,1,54,1,53,0" doraHai="67" doraHaiUra="25" who="3" fromWho="3" sc="228,-30,253,-30,328,-60,171,140" /><INIT seed="3,0,0,2,1,49" ten="198,223,268,311" oya="3" hai0="62,8,118,43,135,64,127,123,59,74,83,106,125" hai1="19,36,3,31,90,34,132,128,16,1,33,6,98" hai2="111,109,14,55,93,73,63,11,56,18,10,116,61" hai3="12,104,38,28,108,21,22,107,52,54,32,45,7"/><W103/><G32/><N who="1" m="12394" /><E90/><V121/><F116/><W85/><G38/><T46/><D118/><U42/><E98/><V80/><F121/><W27/><G45/><T81/><D123/><U94/><E94/><V15/><F93/><W100/><G85/><T115/><D106/><U29/><E42/><V105/><F105/><W48/><G107/><T50/><D135/><U84/><E84/><V91/><F73/><W126/><G104/><T60/><D115/><U23/><E36/><V129/><F129/><W97/><G126/><N who="0" m="48139" /><D74/><U57/><E57/><V87/><REACH who="2" step="1"/><F63/><REACH who="2" ten="198,223,258,311" step="2"/><W92/><G103/><T130/><D130/><U113/><E128/><V99/><F99/><W117/><G117/><T79/><D62/><U47/><E113/><V37/><F37/><W35/><G48/><T41/><D83/><U76/><E132/><V67/><F67/><W89/><G100/><T124/><D124/><U131/><E131/><V44/><F44/><W39/><G39/><T122/><D122/><U2/><E47/><V86/><F86/><W0/><G108/><T9/><D50/><U65/><E65/><V20/><F20/><W88/><G21/><T133/><D133/><U72/><E23/><V78/><F78/><W58/><G89/><T110/><D110/><U69/><E76/><V114/><F114/><W40/><G40/><N who="0" m="15435" /><D46/><U30/><E72/><V95/><F95/><W70/><G70/><T96/><D96/><U24/><E69/><V119/><F119/><W17/><G58/><T68/><D68/><U53/><E24/><V25/><F25/><W77/><G77/><T82/><D79/><RYUUKYOKU ba="0,1" sc="198,10,223,-30,258,10,311,10" hai0="8,9,59,60,64,81,82" hai2="10,11,14,15,18,55,56,61,80,87,91,109,111" hai3="0,7,12,17,22,27,28,35,52,54,88,92,97" /><INIT seed="3,1,1,1,5,64" ten="208,193,268,321" oya="3" hai0="10,85,32,133,36,104,28,119,23,49,122,114,107" hai1="74,30,91,46,116,27,120,80,21,66,69,75,126" hai2="25,37,117,5,14,95,44,18,42,121,113,124,84" hai3="53,111,97,130,43,135,79,26,12,90,125,22,106"/><W35/><G35/><T20/><D119/><U96/><E116/><V71/><F71/><W134/><BYE who="1" /><G79/><T13/><D122/><UN n1="%E5%B0%B1%E6%B4%BB%E7%94%9F%40%E5%B7%9D%E6%9D%91%E8%BB%8D%E5%9B%A3" /><U61/><E120/><V129/><F117/><W31/><G43/><T103/><D36/><U34/><E126/><V16/><F113/><W24/><G130/><T99/><D107/><U93/><E34/><V1/><F129/><W45/><G125/><T54/><D114/><U112/><E112/><V109/><F124/><W15/><G111/><T73/><D73/><U110/><E110/><V72/><F109/><W47/><G24/><T87/><D32/><U118/><E118/><V40/><F72/><W0/><G0/><T57/><D133/><N who="3" m="50697" /><G90/><T59/><D59/><U131/><E131/><V94/><F121/><W70/><G70/><T41/><D41/><U77/><REACH who="1" step="1"/><E46/><REACH who="1" ten="208,183,268,321" step="2"/><N who="3" m="17418" /><G53/><T2/><D2/><U8/><E8/><V102/><F42/><W11/><G11/><T98/><D10/><U62/><E62/><V65/><F40/><W38/><G38/><T29/><D23/><U92/><E92/><V68/><F37/><W89/><G106/><T127/><D127/><U51/><E51/><V63/><F44/><W52/><G52/><T132/><D132/><U6/><E6/><V78/><F5/><W3/><G3/><T81/><D54/><U123/><E123/><V55/><F55/><W56/><G56/><T76/><D57/><U9/><E9/><V83/><F1/><W19/><G31/><T33/><D49/><U108/><E108/><V100/><F95/><AGARI ba="1,2" hai="12,15,19,22,26,89,95,97" m="17418,50697" machi="95" ten="30,1500,0" yaku="20,1" doraHai="64" who="3" fromWho="2" sc="208,0,183,0,268,-18,321,38" /><INIT seed="3,2,0,0,3,78" ten="208,183,250,359" oya="3" hai0="26,4,45,20,133,95,80,79,56,123,51,64,10" hai1="96,121,125,21,35,92,3,48,73,12,62,89,66" hai2="41,75,2,71,135,37,132,22,67,57,53,93,124" hai3="40,8,99,94,117,105,60,118,113,55,44,47,6"/><W111/><G105/><T103/><D123/><U104/><E125/><V30/><F2/><W11/><G113/><T14/><D133/><N who="2" m="51274" /><F75/><W7/><G111/><T122/><D122/><U29/><E3/><V36/><F124/><W130/><G130/><T102/><D95/><U98/><E121/><V107/><F107/><W110/><G110/><T69/><D69/><U112/><E112/><V76/><F76/><W91/><G118/><T65/><D65/><U23/><E73/><V68/><F93/><W33/><G33/><T88/><D79/><U27/><E48/><N who="2" m="30887" /><F30/><W59/><G117/><T127/><D127/><U131/><E131/><V16/><F41/><W108/><G108/><T1/><D1/><U42/><E42/><V52/><F52/><W120/><G120/><T49/><D64/><U18/><E104/><V15/><F67/><W34/><G34/><T63/><D63/><U38/><E38/><AGARI ba="2,0" hai="15,16,22,36,37,38,68,71" m="30887,51274" machi="38" ten="30,2000,0" yaku="20,1,54,1" doraHai="78" who="2" fromWho="1" sc="208,0,183,-26,250,26,359,0" /><INIT seed="4,0,0,2,0,84" ten="208,157,276,359" oya="0" hai0="27,30,18,104,97,117,94,37,13,28,115,129,109" hai1="80,68,22,26,40,38,110,2,123,15,120,42,108" hai2="35,75,55,116,32,44,65,16,125,62,98,101,8" hai3="5,58,105,128,24,67,95,78,82,69,113,29,56"/><T99/><D117/><U33/><E68/><V7/><F125/><W63/><G105/><T25/><D37/><U107/><E107/><V34/><F75/><W64/><G128/><T85/><D129/><U88/><E2/><V114/><F114/><W11/><G113/><T112/><D112/><U121/><E33/><V87/><F116/><W81/><G95/><T86/><D115/><U49/><E38/><V124/><F124/><W130/><G130/><T14/><D104/><U10/><E108/><V96/><F87/><W31/><G78/><T100/><D109/><U74/><E110/><V132/><F132/><W83/><G29/><T4/><D4/><U61/><E61/><V59/><F101/><W21/><REACH who="3" step="1"/><G67/><REACH who="3" ten="208,157,276,349" step="2"/><T79/><D79/><U54/><E74/><V9/><F35/><W90/><G90/><T23/><D94/><U51/><E121/><V6/><F34/><W135/><G135/><T133/><D133/><U46/><E123/><V1/><F32/><W122/><G122/><T131/><D131/><U73/><E120/><V20/><F65/><W3/><AGARI ba="0,1" hai="3,5,11,21,24,31,56,58,63,64,69,81,82,83" machi="3" ten="30,2000,0" yaku="1,1,0,1,53,0" doraHai="84" doraHaiUra="12" who="3" fromWho="3" sc="208,-10,157,-5,276,-5,349,30" /><INIT seed="5,0,0,2,5,111" ten="198,152,271,379" oya="1" hai0="12,17,128,106,51,65,55,97,24,121,79,94,122" hai1="86,8,84,81,64,104,117,54,30,83,60,61,45" hai2="91,80,124,87,11,42,118,74,58,18,37,72,113" hai3="44,132,133,96,101,131,127,36,71,56,15,116,35"/><U50/><E104/><V99/><F118/><W92/><G35/><T10/><D106/><U88/><E117/><V67/><F124/><W48/><G71/><T22/><D128/><U29/><E8/><V78/><F37/><W107/><G131/><T98/><D65/><U70/><REACH who="1" step="1"/><E60/><REACH who="1" ten="198,142,271,379" step="2"/><V77/><F42/><W6/><G116/><T125/><D125/><U110/><E110/><V69/><F69/><W62/><G127/><T39/><D39/><U130/><E130/><V120/><F120/><W34/><G36/><T57/><D122/><U1/><E1/><V134/><F134/><W105/><G132/><T76/><D121/><U43/><E43/><V32/><F11/><N who="3" m="4599" /><G107/><T3/><D3/><U112/><E112/><V108/><F113/><W26/><G105/><T20/><D20/><U21/><E21/><V0/><F108/><W27/><G34/><T123/><D123/><U49/><E49/><V59/><F0/><W68/><G133/><T14/><D10/><U19/><E19/><V126/><F32/><W129/><G129/><T73/><D17/><U100/><E100/><V82/><F126/><W2/><G2/><T103/><D22/><U85/><E85/><V7/><F18/><W75/><G75/><T31/><D73/><U63/><E63/><V4/><F87/><W89/><G68/><T52/><D103/><U47/><E47/><V93/><F67/><N who="3" m="39367" /><G101/><T119/><D119/><U40/><E40/><AGARI ba="0,1" hai="26,27,40,44,48,89,92,96" m="39367,4599" machi="40" ten="30,1000,0" yaku="8,1" doraHai="111" who="3" fromWho="1" sc="198,0,142,-10,271,0,379,20" /><INIT seed="6,0,0,2,0,1" ten="198,132,271,399" oya="2" hai0="4,63,67,69,22,33,105,32,48,97,94,39,132" hai1="119,82,7,18,64,95,17,130,72,110,34,46,124" hai2="84,65,112,23,81,60,133,25,2,24,0,13,55" hai3="92,62,121,96,80,86,88,90,35,56,15,131,99"/><V20/><F112/><W11/><G35/><T28/><D132/><U44/><E34/><V115/><F133/><W78/><G131/><T12/><D39/><U111/><E119/><V10/><F115/><W8/><G121/><T54/><D33/><U83/><E130/><V85/><F65/><W49/><G49/><T43/><D43/><U53/><E64/><V117/><F117/><W59/><G11/><T120/><D120/><U40/><E95/><V104/><F104/><W42/><G42/><T129/><D129/><U14/><E124/><V73/><F73/><W87/><G99/><T100/><D94/><U93/><E93/><V52/><F60/><W41/><G41/><T109/><D109/><U68/><E68/><V135/><F135/><W125/><G125/><T57/><D22/><U45/><E53/><V37/><F81/><N who="3" m="49263" /><G62/><T128/><D128/><U91/><E40/><V102/><F102/><W122/><G122/><T77/><D77/><U3/><E3/><V51/><F51/><W79/><G79/><T27/><D12/><U118/><E118/><V116/><F116/><W70/><G70/><T114/><D114/><U26/><E72/><V108/><F13/><W126/><G126/><T134/><D134/><U106/><E106/><V103/><F103/><W5/><AGARI ba="0,0" hai="5,8,15,56,59,78,80,86,90,92,96" m="49263" machi="5" ten="30,4000,0" yaku="8,1,52,1,54,1" doraHai="1" who="3" fromWho="3" sc="198,-10,132,-10,271,-20,399,40" /><INIT seed="7,0,0,5,2,43" ten="188,122,251,439" oya="3" hai0="114,56,17,16,46,57,45,134,109,0,5,120,54" hai1="23,48,9,129,95,130,104,135,127,34,26,85,81" hai2="44,75,59,41,124,13,3,63,20,35,50,105,15" hai3="77,61,123,2,62,90,80,70,108,131,126,4,88"/><W21/><G123/><T100/><D109/><U122/><E34/><V31/><F75/><W111/><G131/><N who="1" m="50186" /><E9/><V110/><F105/><W83/><G126/><T51/><D120/><U132/><E48/><V98/><F3/><W38/><G38/><T118/><D118/><U69/><E69/><V87/><F110/><N who="3" m="42027" /><G21/><T96/><D134/><N who="1" m="51243" /><E23/><V40/><F98/><W11/><G80/><T18/><D114/><U39/><E26/><V82/><F87/><N who="3" m="48623" /><G62/><T113/><D113/><U52/><E39/><V71/><F71/><W92/><G92/><N who="0" m="58375" /><D0/><U99/><E52/><V1/><F35/><W76/><G76/><T47/><D5/><U93/><E122/><V78/><F1/><W19/><G19/><T36/><D36/><U86/><E127/><V25/><F124/><W84/><G84/><N who="1" m="32362" /><E81/><V89/><F82/><W133/><G133/><T106/><D106/><U115/><E115/><V103/><F31/><W94/><G94/><T73/><D73/><U97/><E97/><V102/><F25/><W121/><G121/><T128/><D128/><U107/><E93/><V7/><F7/><W53/><G53/><N who="0" m="31807" /><D18/><U8/><E8/><V74/><F20/><W72/><G72/><T64/><D64/><AGARI ba="0,0" hai="2,4,11,61,64,70,88,90" m="48623,42027" machi="64" ten="30,2900,0" yaku="10,1,54,1" doraHai="43" who="3" fromWho="0" sc="188,-29,122,0,251,0,439,29" owari="159,-24.0,122,-38.0,251,5.0,468,57.0" /></mjloggm>