<mjloggm ver="2.3"><GO type="97" lobby="0"/><UN n0="%E3%83%88%E3%83%88%E3%83%AA%E5%85%88%E7%94%9F%31%39%E6%AD%B3" n1="%4B%2D%59%41%53" n2="%54%41%59%4C%4F%52%E6%96%B0%E6%BD%9F" n3="%E6%9C%88%E3%83%9F%E7%85%A7%E2%98%86" dan="15,14,13,15" rate="2080.39,1970.74,1897.64,2054.06" sx="F,M,M,M"/><TAIKYOKU oya="0"/><INIT seed="0,0,0,0,3,123" ten="250,250,250,250" oya="0" hai0="99,128,72,32,60,7,116,59,36,98,110,5,17" hai1="28,92,21,53,13,89,67,46,120,27,135,114,97" hai2="48,31,101,25,11,44,2,15,35,130,23,63,0" hai3="75,49,42,33,117,40,78,113,19,105,62,69,16"/><T22/><D116/><U126/><E120/><V80/><F101/><W12/><G117/><T131/><D32/><U65/><E135/><V57/><F130/><N who="0" m="49706" /><D72/><U91/><E126/><V109/><F80/><W56/><G69/><T124/><D36/><U4/><E114/><V34/><F48/><W129/><G33/><T29/><D29/><U47/><E91/><V100/><F44/><N who="1" m="16937" /><E53/><V3/><F100/><W1/><G1/><T133/><D133/><U125/><E125/><V37/><F37/><W83/><G105/><T81/><D81/><U103/><E103/><V55/><F109/><W66/><G113/><T79/><D79/><U102/><E102/><V18/><AGARI ba="0,0" hai="0,2,3,11,15,18,23,25,31,34,35,55,57,63" machi="18" ten="30,1100,0" yaku="0,1" doraHai="123" who="2" fromWho="2" sc="250,-5,250,-3,250,11,250,-3" /><INIT seed="1,0,0,3,1,86" ten="245,247,261,247" oya="1" hai0="38,102,100,112,33,101,107,94,128,95,135,35,131" hai1="12,8,126,13,6,55,134,81,74,90,37,19,32" hai2="11,68,21,46,54,121,82,130,34,98,52,133,27" hai3="77,127,65,73,24,88,1,28,108,132,23,14,76"/><U30/><E37/><V118/><F118/><W89/><G1/><T47/><D38/><U84/><E134/><V83/><F121/><W62/><G132/><T44/><D135/><U4/><E126/><V18/><F133/><W0/><G0/><T45/><D107/><U109/><E74/><V113/><F68/><W114/><G114/><T116/><D116/><U104/><E104/><V20/><F34/><N who="0" m="12810" /><D112/><U60/><E109/><V92/><F113/><W48/><G108/><T16/><D16/><N who="1" m="8199" /><E30/><V124/><F130/><AGARI ba="0,0" hai="44,45,47,94,95,100,101,102,128,130,131" m="12810" machi="130" ten="40,5200,0" yaku="28,2,19,1" doraHai="86" who="0" fromWho="2" sc="245,52,247,0,261,-52,247,0" /><INIT seed="2,0,0,1,0,84" ten="297,247,209,247" oya="2" hai0="75,133,28,4,45,32,86,119,107,74,8,72,48" hai1="53,97,41,134,15,68,130,124,103,85,40,98,132" hai2="73,46,29,19,95,115,125,59,104,9,135,116,54" hai3="1,14,89,77,87,22,131,25,83,3,61,27,78"/><V16/><F115/><W94/><G131/><T117/><D107/><U52/><E68/><V63/><F116/><N who="0" m="44618" /><D133/><N who="1" m="51307" /><E130/><V88/><F135/><W26/><G78/><T39/><D39/><U18/><E124/><V23/><F104/><W82/><G82/><T10/><D10/><N who="1" m="6519" /><E85/><N who="2" m="52623" /><F73/><W60/><G3/><T123/><D123/><U105/><E98/><V90/><F125/><W112/><G1/><N who="0" m="15" /><D86/><U13/><E13/><N who="2" m="7215" /><F29/><W92/><G112/><T0/><D0/><U31/><E31/><V42/><F42/><AGARI ba="0,0" hai="40,41,42,52,53,97,103,105" m="6519,51307" machi="42" ten="30,2000,0" yaku="20,1,54,1" doraHai="84" who="1" fromWho="2" sc="297,0,247,20,209,-20,247,0" /><INIT seed="3,0,0,4,3,0" ten="297,267,189,247" oya="3" hai0="100,35,69,68,52,97,127,5,85,119,70,88,23" hai1="109,98,115,62,31,51,105,133,72,83,54,89,24" hai2="9,15,26,67,16,132,113,94,47,95,121,80,74" hai3="55,73,129,41,125,120,134,50,110,44,76,128,103"/><W17/><G120/><T117/><D35/><U30/><E115/><V75/><F113/><W11/><G103/><T49/><D5/><U81/><E109/><V59/><F132/><W130/><G110/><T36/><D36/><U91/><E133/><V13/><F121/><W90/><G134/><T46/><D23/><U123/><E123/><V33/><F47/><W87/><G125/><T111/><D111/><U118/><E118/><V102/><F33/><W84/><G73/><T104/><REACH who="0" step="1"/><D127/><REACH who="0" ten="287,267,189,247" step="2"/><U99/><E72/><V25/><F74/><W60/><G130/><T3/><D3/><U61/><E105/><V107/><F107/><W112/><G112/><T34/><D34/><U93/><E24/><V66/><F75/><W53/><G129/><T58/><D58/><U7/><E7/><N who="2" m="3263" /><F59/><W71/><G71/><T27/><D27/><N who="2" m="10250" /><F102/><W101/><G101/><T14/><D14/><U108/><E108/><V29/><F29/><W86/><G128/><T1/><D1/><U131/><E131/><V65/><F80/><AGARI ba="0,1" hai="46,49,52,68,69,70,80,85,88,97,100,104,117,119" machi="80" ten="40,8000,1" yaku="1,1,54,2,53,1" doraHai="0" doraHaiUra="79" who="0" fromWho="2" sc="287,90,267,0,189,-80,247,0" owari="377,47.0,267,7.0,109,-39.0,247,-15.0" /></mjloggm>