<mjloggm ver="2.3"><GO type="41" lobby="0"/><UN n0="%67%61%6E%62%65%6E" n1="%E3%81%88%E3%81%8F%E3%81%97%E3%81%83" n2="%E5%B0%B1%E6%B4%BB%E7%94%9F%40%E5%B7%9D%E6%9D%91%E8%BB%8D%E5%9B%A3" n3="%E3%83%A8%E3%83%83%E3%83%81" dan="15,13,15,14" rate="1872.38,1872.25,2035.27,1915.96" sx="M,F,M,M"/><TAIKYOKU oya="0"/><INIT seed="0,0,0,4,0,65" ten="250,250,250,250" oya="0" hai0="42,49,5,57,110,25,47,36,10,114,105,72,128" hai1="44,35,112,70,19,78,134,13,61,34,118,20,74" hai2="133,100,48,108,77,6,76,97,30,119,50,90,75" hai3="113,80,59,11,3,86,106,40,0,41,29,82,66"/><T83/><D105/><U127/><E118/><V73/><F30/><W120/><G113/><T132/><D114/><U7/><E112/><V56/><F6/><W92/><G106/><T102/><D102/><U17/><E127/><V129/><F56/><W116/><G116/><T131/><D132/><U55/><E134/><V46/><F46/><W28/><G120/><T123/><D110/><U96/><E7/><V26/><F26/><W87/><G11/><T32/><D123/><U99/><E74/><V94/><F50/><W124/><G66/><T95/><D95/><U4/><E78/><N who="2" m="30315" /><F48/><W67/><G67/><T117/><D83/><U115/><E4/><V33/><F33/><W107/><G107/><T63/><D72/><N who="2" m="27722" /><F129/><N who="0" m="49738" /><D25/><U60/><E115/><V81/><F133/><W21/><G0/><N who="0" m="295" /><D32/><U98/><E34/><V69/><F69/><W79/><G3/><T135/><D117/><U24/><E35/><V8/><F8/><W91/><G80/><T16/><D49/><N who="1" m="29095" /><E70/><V23/><F23/><AGARI ba="0,0" hai="13,17,19,20,23,24,60,61,96,98,99" m="29095" machi="23" ten="30,1000,0" yaku="8,1" doraHai="65" who="1" fromWho="2" sc="250,0,250,10,250,-10,250,0" /><INIT seed="1,0,0,3,0,130" ten="250,260,240,250" oya="1" hai0="121,66,37,88,134,95,71,89,26,106,131,55,18" hai1="10,2,50,59,110,128,47,15,107,90,87,7,45" hai2="105,43,78,8,73,101,54,46,104,1,31,49,20" hai3="0,40,83,97,111,81,86,68,79,53,11,51,39"/><U70/><E128/><V19/><F31/><W91/><G68/><T102/><D37/><U117/><E117/><V38/><F101/><W126/><G126/><T42/><D42/><U92/><E70/><V119/><F119/><W23/><G39/><T84/><D121/><U75/><E75/><V52/><F54/><W30/><G40/><T98/><D134/><U21/><E107/><V25/><F78/><W24/><G111/><T94/><D66/><U99/><E110/><V118/><F73/><W16/><G0/><T63/><D63/><U60/><E21/><V57/><REACH who="2" step="1"/><F118/><REACH who="2" ten="250,260,230,250" step="2"/><W129/><G30/><T116/><D116/><U64/><E2/><V13/><F13/><W93/><G129/><T48/><D131/><U124/><E124/><V35/><F35/><W44/><G11/><T4/><D55/><U17/><E7/><AGARI ba="0,1" hai="1,7,8,19,20,25,38,43,46,49,52,57,104,105" machi="7" ten="40,5200,0" yaku="1,1,54,1,53,1" doraHai="130" doraHaiUra="41" who="2" fromWho="1" sc="250,0,260,-52,230,62,250,0" /><INIT seed="2,0,0,0,3,78" ten="250,208,292,250" oya="2" hai0="55,43,89,53,39,104,59,57,115,83,125,132,109" hai1="61,52,38,60,107,112,56,62,54,114,45,19,41" hai2="50,11,33,96,135,65,34,93,101,118,85,22,106" hai3="116,49,97,14,32,86,26,99,81,126,20,134,63"/><V64/><F118/><W1/><G116/><T80/><D104/><U7/><E107/><V123/><F123/><W124/><G1/><T71/><D115/><U24/><E7/><V110/><F135/><W100/><G134/><T68/><D109/><U111/><E111/><V37/><F37/><W103/><G32/><T46/><D132/><U102/><E102/><V36/><F36/><W77/><G14/><T92/><D125/><U69/><E24/><V10/><F22/><W72/><G49/><N who="0" m="26847" /><D71/><U133/><E19/><V74/><F74/><W16/><G72/><T88/><D68/><U51/><E133/><V3/><F110/><W82/><G63/><N who="0" m="36271" /><D89/><U12/><E12/><V131/><F131/><W119/><G119/><T25/><D25/><U2/><E2/><V23/><F23/><W0/><G0/><T90/><D90/><U87/><E87/><V9/><F3/><W40/><G40/><T122/><D39/><U128/><E128/><V129/><F129/><W27/><G27/><T6/><D6/><U48/><E69/><V30/><F30/><W91/><G126/><T31/><D31/><U108/><E108/><V95/><F34/><W94/><G124/><T21/><D21/><U76/><E76/><V130/><F33/><W117/><G117/><T75/><D75/><U47/><AGARI ba="0,0" hai="38,41,45,47,48,51,52,54,56,60,61,62,112,114" machi="47" ten="30,8000,1" yaku="0,1,34,3,54,1" doraHai="78" who="1" fromWho="1" sc="250,-20,208,80,292,-40,250,-20" /><INIT seed="3,0,0,5,5,34" ten="230,288,252,230" oya="3" hai0="106,80,43,55,103,82,109,70,13,135,129,54,45" hai1="23,67,64,126,98,89,66,0,68,94,83,85,14" hai2="118,133,127,78,110,25,125,121,42,7,111,91,102" hai3="36,79,62,61,48,131,92,124,86,4,76,2,46"/><W84/><G36/><T112/><D109/><N who="2" m="41482" /><F42/><W72/><G72/><T73/><D70/><U6/><E126/><N who="2" m="48139" /><F7/><W32/><G32/><T120/><D135/><U88/><E0/><V90/><F25/><W1/><G131/><T41/><D120/><U12/><E12/><V116/><F121/><W71/><G124/><T51/><D129/><U30/><E30/><V97/><F78/><W35/><G35/><T26/><D73/><U108/><E108/><V20/><F20/><W3/><G4/><T5/><D112/><U24/><E24/><V44/><F44/><W38/><G38/><T101/><D106/><U100/><E68/><V81/><F133/><W31/><G31/><T128/><D26/><U69/><E69/><V11/><F11/><W119/><G71/><T19/><D5/><U134/><E134/><V130/><F130/><W75/><G75/><T47/><D55/><U9/><REACH who="1" step="1"/><E23/><REACH who="1" ten="230,278,252,230" step="2"/><V22/><F22/><W99/><G76/><AGARI ba="0,1" hai="6,9,14,64,66,67,76,83,85,88,89,94,98,100" machi="76" ten="40,8000,1" yaku="1,1,2,1,8,1,54,1,53,1" doraHai="34" doraHaiUra="96" who="1" fromWho="3" sc="230,0,278,90,252,0,230,-80" /><INIT seed="4,0,0,4,1,75" ten="230,368,252,150" oya="0" hai0="81,50,33,32,124,108,132,68,24,129,105,37,31" hai1="113,107,9,114,92,57,102,49,71,48,112,85,91" hai2="110,39,18,44,128,40,17,60,78,117,122,116,111" hai3="2,42,73,56,55,123,0,4,76,28,43,67,131"/><T58/><D37/><U38/><E38/><V125/><F122/><W41/><G131/><T77/><D68/><U95/><E71/><V11/><F125/><W26/><G123/><T121/><D105/><U130/><E130/><V27/><F128/><W63/><G4/><T69/><D69/><U100/><E107/><V36/><F36/><W35/><REACH who="3" step="1"/><G67/><REACH who="3" ten="230,368,252,140" step="2"/><T21/><D129/><U101/><E112/><V1/><F117/><W119/><G119/><T12/><D121/><U34/><E113/><V8/><F116/><W88/><G88/><T52/><D124/><U84/><E114/><V65/><F1/><W64/><G64/><T126/><D126/><U47/><E91/><V7/><F7/><W66/><G66/><T79/><D108/><U30/><E100/><V54/><F110/><W62/><G62/><T104/><D132/><U70/><E101/><V61/><F65/><W135/><G135/><T90/><D90/><U74/><E102/><V80/><F61/><W53/><G53/><T134/><D134/><U14/><E70/><V83/><F111/><W59/><G59/><T106/><D106/><U25/><E57/><V94/><F60/><W6/><G6/><T99/><D104/><U89/><E89/><V86/><F54/><W98/><G98/><T13/><D99/><U5/><E5/><V45/><F45/><W87/><G87/><T51/><D58/><U133/><E85/><V10/><F44/><W72/><G72/><T16/><D52/><U3/><E84/><V96/><F86/><W82/><AGARI ba="0,1" hai="0,2,26,28,35,41,42,43,55,56,63,73,76,82" machi="82" ten="30,4000,0" yaku="1,1,0,1,52,1,53,0" doraHai="75" doraHaiUra="19" who="3" fromWho="3" sc="230,-20,368,-10,252,-10,140,50" /><INIT seed="5,0,0,4,5,70" ten="210,358,242,190" oya="1" hai0="37,6,67,69,88,33,44,32,22,130,131,52,24" hai1="25,87,101,55,36,95,82,4,35,135,123,21,118" hai2="110,122,96,100,63,71,92,124,76,115,98,40,23" hai3="31,72,11,51,91,84,134,45,66,117,42,132,74"/><U47/><E118/><V48/><F110/><W128/><G128/><N who="0" m="49195" /><D6/><U114/><E123/><V89/><F122/><W28/><G117/><T60/><D37/><U79/><E35/><V58/><F124/><W26/><G11/><T121/><D121/><U133/><E4/><V8/><F115/><W97/><G97/><T64/><D64/><U20/><E114/><V108/><F71/><W10/><G10/><T17/><D88/><U126/><E126/><V120/><F120/><W19/><G66/><T56/><D44/><U9/><E9/><V111/><F76/><W61/><G61/><AGARI ba="0,0" hai="17,22,24,32,33,52,56,60,61,67,69" m="49195" machi="61" ten="30,2000,0" yaku="19,1,54,1" doraHai="70" who="0" fromWho="3" sc="210,20,358,0,242,0,190,-20" /><INIT seed="6,0,0,5,2,59" ten="230,358,242,170" oya="2" hai0="44,60,125,88,116,50,69,2,90,119,26,76,61" hai1="134,8,95,106,105,92,21,70,83,64,22,28,41" hai2="71,32,130,115,132,112,24,67,126,121,73,93,45" hai3="15,99,29,36,118,1,43,87,117,23,40,94,131"/><V114/><F73/><W38/><G1/><T19/><D2/><U51/><E8/><V84/><F121/><W53/><G131/><T37/><D37/><U55/><E41/><V123/><F123/><W12/><G87/><T30/><D76/><U58/><E134/><V89/><F130/><W39/><G118/><N who="0" m="45099" /><D69/><U129/><E83/><V68/><F126/><W77/><G77/><T57/><D57/><U122/><E122/><V79/><F132/><W82/><G82/><T102/><D102/><U56/><E129/><V6/><F6/><W34/><G34/><N who="0" m="20823" /><D19/><U135/><E135/><V11/><F11/><W4/><G117/><T80/><D125/><U46/><E70/><V0/><F0/><W91/><G4/><T101/><D101/><U81/><E58/><V48/><F79/><W47/><G29/><T18/><D18/><U100/><E28/><N who="2" m="19463" /><F67/><W124/><G124/><T133/><D133/><U110/><E64/><V72/><F72/><W96/><G23/><T97/><D97/><U5/><E22/><V3/><F3/><W20/><G99/><T35/><D35/><U65/><E21/><V74/><F74/><W66/><G66/><T128/><D128/><U78/><E65/><V113/><N who="2" m="29184" /><DORA hai="104" /><V111/><F111/><W31/><G31/><T9/><D9/><U27/><E110/><V62/><F62/><N who="0" m="24170" /><D80/><U25/><E81/><V63/><F63/><W16/><REACH who="3" step="1"/><G12/><REACH who="3" ten="230,358,242,160" step="2"/><T127/><D127/><U103/><E27/><V75/><F75/><W107/><G107/><T108/><D108/><U52/><E25/><V14/><F14/><W86/><G86/><RYUUKYOKU ba="0,1" sc="230,10,358,-30,242,10,160,10" hai0="44,50,88,90" hai2="45,48,68,71,84,89,93" hai3="15,16,20,36,38,39,40,43,47,53,91,94,96" /><INIT seed="6,1,1,2,4,95" ten="240,328,252,170" oya="2" hai0="114,16,90,12,63,110,13,41,15,121,24,80,104" hai1="77,32,6,27,3,10,52,17,40,111,127,19,89" hai2="18,106,65,34,112,59,117,81,1,119,48,102,8" hai3="132,54,103,20,25,120,53,107,29,92,130,60,58"/><V49/><F34/><W100/><G120/><T108/><D104/><U128/><E111/><V38/><F38/><W33/><G107/><T83/><D114/><U125/><E40/><V67/><F112/><W79/><G132/><T70/><D41/><U28/><E128/><V99/><F81/><W11/><G130/><T51/><D121/><U123/><E123/><V35/><F35/><W56/><G79/><T122/><D122/><U97/><E77/><V131/><F131/><W84/><G33/><T64/><D51/><U116/><E52/><V105/><F105/><W30/><G29/><T44/><D44/><U98/><E116/><V75/><F75/><W86/><G11/><T43/><D43/><U66/><E66/><V50/><F65/><W36/><G36/><T55/><D55/><U87/><E19/><V68/><F68/><W21/><G20/><T39/><D39/><U96/><REACH who="1" step="1"/><E17/><REACH who="1" ten="240,318,252,170" step="2"/><V2/><F67/><W42/><G42/><T134/><D108/><U47/><E47/><V129/><F129/><W14/><G14/><T85/><D110/><U78/><E78/><V76/><F76/><W88/><REACH who="3" step="1"/><G84/><REACH who="3" ten="240,318,252,160" step="2"/><N who="0" m="50439" /><D12/><U135/><E135/><V62/><F119/><W71/><G71/><T82/><D13/><U23/><E23/><V61/><F117/><W94/><G94/><AGARI ba="1,3" hai="3,6,10,27,28,32,87,89,94,96,97,98,125,127" machi="94" ten="40,8000,1" yaku="1,1,52,3,53,0" doraHai="95" doraHaiUra="124" who="1" fromWho="3" sc="240,0,318,113,252,0,160,-83" /><INIT seed="7,0,0,5,2,104" ten="240,431,252,77" oya="3" hai0="12,13,10,37,95,112,24,106,52,67,126,17,54" hai1="39,75,57,30,109,125,111,105,98,55,74,5,41" hai2="9,87,42,91,45,4,59,135,47,16,11,93,99" hai3="120,117,26,21,103,124,129,110,90,1,102,35,29"/><W79/><G117/><T78/><D106/><U6/><E30/><V31/><F135/><W69/><G120/><T131/><D37/><U101/><E125/><V113/><F113/><W34/><G69/><T82/><D67/><U70/><E70/><V46/><F31/><W53/><G124/><T100/><D131/><U20/><E41/><V8/><F42/><W132/><G1/><T122/><D122/><U2/><E39/><V134/><F134/><W72/><G132/><T115/><D24/><U85/><E6/><V133/><F133/><W58/><G129/><T3/><D3/><U49/><E20/><V48/><F4/><W63/><G110/><T128/><D128/><U56/><E56/><V66/><F16/><W64/><G64/><T18/><D95/><U61/><E61/><N who="2" m="38207" /><F48/><W60/><G60/><T77/><D100/><U81/><E85/><AGARI ba="0,0" hai="8,9,11,45,46,47,85,87,91,93,99" m="38207" machi="85" ten="30,1000,0" yaku="8,1" doraHai="104" who="2" fromWho="1" sc="240,0,431,-10,252,10,77,0" owari="240,-16.0,421,52.0,262,6.0,77,-42.0" /></mjloggm>