<mjloggm ver="2.3"><GO type="41" lobby="0"/><UN n0="%E3%83%8F%E3%82%A6%E3%83%AA%E3%83%B3%E3%82%B0%E3%83%8E%E3%82%A4%E3%82%BA" n1="%E6%B0%B8%E9%81%A0%E3%81%AB%E8%B5%A4%E3%81%84%E5%B9%BC%E3%81%8D%E6%9C%88" n2="%E5%B0%B1%E6%B4%BB%E7%94%9F%40%E5%B7%9D%E6%9D%91%E8%BB%8D%E5%9B%A3" n3="%63%79%62%65%72%E9%9B%80%E3%82%B4%E3%83%AD" dan="13,14,15,14" rate="1861.73,2009.18,2015.03,1949.28" sx="M,F,M,M"/><TAIKYOKU oya="0"/><INIT seed="0,0,0,2,5,12" ten="250,250,250,250" oya="0" hai0="135,1,39,18,75,29,99,83,121,34,48,81,42" hai1="28,126,14,8,73,49,26,64,19,114,116,80,11" hai2="68,20,127,61,104,51,24,89,37,30,133,46,66" hai3="103,53,32,78,72,33,77,98,36,87,17,63,132"/><T122/><D39/><U84/><E116/><V107/><F127/><W97/><G36/><T43/><D1/><U118/><E73/><V41/><F133/><W60/><G132/><T47/><D135/><U79/><E118/><V85/><REACH who="2" step="1"/><F37/><REACH who="2" ten="250,250,240,250" step="2"/><W95/><G72/><T100/><D75/><U88/><E126/><V65/><F65/><W96/><G33/><T6/><D122/><U4/><E114/><V130/><F130/><W86/><G32/><T129/><D121/><U15/><E64/><V52/><F52/><W31/><G53/><T102/><D129/><U23/><REACH who="1" step="1"/><E49/><REACH who="1" ten="250,240,240,250" step="2"/><V56/><F56/><W128/><G128/><T125/><D48/><U71/><E71/><V115/><F115/><W59/><G59/><T124/><D124/><U110/><E110/><V35/><F35/><W13/><G63/><T119/><D34/><U74/><E74/><V112/><F112/><W27/><G60/><T113/><D113/><U16/><E16/><V38/><F38/><W10/><G31/><T131/><D131/><U109/><E109/><V108/><F108/><W54/><G17/><T101/><D18/><U40/><E40/><V123/><F123/><W117/><G117/><T111/><D29/><U62/><E62/><V76/><F76/><AGARI ba="0,2" hai="4,8,11,14,15,19,23,26,28,76,79,80,84,88" machi="76" ten="40,8000,1" yaku="1,1,8,1,52,1,54,1,53,0" doraHai="12" doraHaiUra="92" who="1" fromWho="2" sc="250,0,240,100,240,-80,250,0" /><INIT seed="1,0,0,5,2,5" ten="250,340,160,250" oya="1" hai0="74,31,106,76,36,59,56,58,130,110,20,97,16" hai1="62,37,0,120,11,15,77,114,112,95,60,115,3" hai2="135,91,22,67,80,53,38,55,42,81,19,21,88" hai3="96,28,89,134,116,70,25,123,54,111,49,78,23"/><U69/><E120/><V83/><F135/><W39/><G123/><T63/><D36/><U125/><E37/><V64/><F38/><W43/><G70/><T9/><D110/><U51/><E125/><V14/><F42/><W82/><G111/><T13/><D130/><U126/><E126/><V7/><F7/><W133/><G116/><T40/><D40/><U41/><E77/><V131/><F131/><W8/><G43/><T29/><D74/><U61/><E69/><V44/><F22/><W99/><G39/><T128/><D76/><U26/><E26/><V68/><F68/><W48/><G48/><T108/><D108/><U113/><E95/><V30/><F30/><W2/><G89/><N who="2" m="34377" /><F44/><W132/><G82/><N who="2" m="20993" /><V127/><DORA hai="4" /><F127/><W24/><G78/><T90/><D128/><U103/><E41/><V118/><F118/><W117/><G25/><N who="0" m="16551" /><D106/><U93/><E51/><V50/><F50/><W52/><G54/><AGARI ba="0,0" hai="14,19,21,53,54,55,64,67" m="20993,34377" machi="54" ten="40,2600,0" yaku="8,1,54,1" doraHai="5,4" who="2" fromWho="3" sc="250,0,340,0,160,26,250,-26" /><INIT seed="2,0,0,5,5,82" ten="250,340,186,224" oya="2" hai0="116,43,71,79,99,59,9,27,87,68,119,110,33" hai1="112,72,109,40,58,12,69,55,126,38,23,26,123" hai2="35,103,46,120,113,60,20,16,129,96,22,41,117" hai3="131,30,83,37,102,88,77,15,18,76,51,114,62"/><V54/><F35/><W108/><G37/><T39/><D39/><U29/><E112/><V10/><F113/><W104/><G114/><T124/><D43/><U132/><E72/><V122/><F117/><N who="0" m="45130" /><D9/><U121/><E69/><V90/><F129/><W61/><G30/><N who="0" m="19679" /><D99/><U95/><E109/><V100/><F10/><W13/><G108/><T28/><D110/><U11/><E126/><V81/><F22/><W45/><G131/><T47/><D28/><U101/><E132/><V6/><F6/><W53/><G102/><T105/><D105/><U97/><E40/><V5/><F5/><W84/><G104/><T86/><D47/><U107/><E38/><V65/><F120/><W57/><G13/><T128/><D128/><U111/><E111/><V21/><F122/><N who="1" m="46601" /><E107/><V130/><F20/><N who="3" m="11359" /><G62/><T32/><D32/><U94/><E94/><N who="2" m="56407" /><F81/><W19/><G19/><T89/><D124/><U0/><E0/><V4/><F4/><W48/><G48/><T135/><D135/><U134/><E134/><V115/><F115/><W93/><G83/><N who="0" m="47487" /><D59/><U2/><E2/><V73/><F73/><W25/><G25/><T80/><AGARI ba="0,0" hai="68,71,80,87,89" m="47487,19679,45130" machi="80" ten="30,4000,0" yaku="12,1,52,2" doraHai="82" who="0" fromWho="0" sc="250,40,340,-10,186,-20,224,-10" /><INIT seed="3,0,0,1,4,54" ten="290,330,166,214" oya="3" hai0="72,108,65,74,9,44,90,17,79,127,68,43,37" hai1="95,49,7,33,98,99,131,13,41,81,102,66,58" hai2="82,18,56,100,125,114,106,78,60,63,130,129,105" hai3="0,28,118,84,22,8,15,21,31,69,134,35,3"/><W29/><G69/><T61/><D108/><U48/><E33/><V103/><F114/><W10/><G84/><T42/><D127/><U20/><E131/><N who="2" m="50187" /><F125/><W132/><G118/><T133/><D133/><N who="3" m="51305" /><G35/><T135/><D135/><U25/><E81/><V126/><F126/><W40/><G40/><T75/><D43/><U59/><E98/><V23/><F103/><W19/><G22/><T36/><D90/><U110/><E66/><N who="2" m="39175" /><F100/><W115/><G115/><T117/><D117/><U88/><E102/><V16/><F63/><W39/><G39/><T112/><D112/><U86/><E99/><V89/><F89/><W6/><G10/><T91/><D91/><U101/><E101/><V92/><F92/><W47/><G47/><T70/><D79/><U34/><E34/><V121/><F121/><W93/><G93/><T24/><D36/><U85/><E110/><V14/><F18/><W71/><G71/><T111/><D111/><U77/><E86/><AGARI ba="0,0" hai="14,16,23,78,82,86,105,106" m="39175,50187" machi="86" ten="30,3900,0" yaku="19,1,52,1,54,1" doraHai="54" who="2" fromWho="1" sc="290,0,330,-39,166,39,214,0" /><INIT seed="4,0,0,3,5,67" ten="290,291,205,214" oya="0" hai0="83,49,74,101,52,41,2,77,51,87,96,118,84" hai1="104,91,105,95,68,112,7,34,93,37,98,106,45" hai2="121,14,120,92,117,132,25,12,59,54,11,47,75" hai3="78,28,126,129,20,133,108,46,15,18,8,64,114"/><T111/><D2/><U100/><E34/><V73/><F132/><W13/><G108/><T102/><D118/><U71/><E7/><V40/><F117/><W1/><G78/><T134/><D134/><U115/><E45/><V19/><F120/><W4/><G133/><T127/><D127/><U30/><E30/><V62/><F121/><W36/><G64/><T81/><D111/><U42/><E42/><V16/><F25/><W76/><G76/><T131/><D131/><U27/><E27/><V109/><F109/><W107/><G107/><T116/><D116/><U94/><E37/><V10/><REACH who="2" step="1"/><F92/><REACH who="2" ten="290,291,195,214" step="2"/><W55/><G126/><T125/><D125/><U70/><REACH who="1" step="1"/><E95/><REACH who="1" ten="290,281,195,214" step="2"/><V122/><F122/><W43/><G129/><T17/><D83/><U110/><E110/><V85/><F85/><AGARI ba="0,2" hai="68,70,71,85,91,93,94,98,100,104,105,106,112,115" machi="85" ten="50,8000,1" yaku="1,1,52,3,53,1" doraHai="67" doraHaiUra="86" who="1" fromWho="2" sc="290,0,281,100,195,-80,214,0" /><INIT seed="5,0,0,2,2,56" ten="290,381,115,214" oya="1" hai0="78,75,14,93,71,40,38,80,66,13,134,90,115" hai1="97,105,39,4,133,18,22,62,72,86,36,52,135" hai2="58,19,9,21,77,48,102,47,3,63,6,34,51" hai3="119,132,104,28,60,0,32,131,25,118,114,125,41"/><U7/><E72/><V116/><F34/><W5/><G104/><T37/><D115/><U117/><E117/><N who="3" m="44554" /><G114/><T103/><D103/><N who="1" m="62703" /><E86/><V35/><F116/><W16/><G41/><T12/><D71/><U8/><E36/><V111/><F35/><W11/><G125/><T26/><D66/><U126/><E39/><V100/><F111/><W23/><G60/><T45/><D37/><U17/><E126/><V120/><F120/><W20/><G132/><N who="1" m="50762" /><E22/><V24/><F77/><W122/><G122/><T54/><D134/><U96/><E96/><V29/><F29/><W69/><G69/><T61/><D26/><U73/><E73/><V2/><F2/><W128/><G23/><T127/><D127/><U109/><E109/><V98/><F47/><W129/><G129/><T110/><D110/><U121/><E121/><V68/><F68/><W99/><G99/><T59/><D14/><AGARI ba="0,0" hai="0,5,11,14,16,20,25,28,32,128,131" m="44554" machi="14" ten="30,8000,1" yaku="24,1,12,1,34,2,54,1" doraHai="56" who="3" fromWho="0" sc="290,-80,381,0,115,0,214,80" /><INIT seed="6,0,0,5,2,72" ten="210,381,115,294" oya="2" hai0="93,13,0,71,82,81,31,73,47,99,89,125,114" hai1="46,28,90,19,38,40,121,69,83,87,35,36,133" hai2="79,74,129,104,106,23,77,100,103,120,30,2,109" hai3="49,18,16,78,63,34,51,98,37,12,68,85,130"/><V86/><F2/><W115/><G37/><T122/><D0/><U70/><E36/><V111/><F30/><W3/><G34/><T11/><D122/><U127/><E121/><V108/><F23/><W60/><G3/><T102/><D71/><U117/><E117/><V50/><F50/><W8/><G130/><T80/><D114/><U113/><E113/><V112/><F129/><W9/><G115/><T22/><D125/><U88/><E127/><V42/><F42/><W41/><G98/><T84/><D47/><U101/><E101/><N who="2" m="38987" /><F120/><W110/><G110/><N who="2" m="28161" /><V6/><DORA hai="132" /><F6/><W131/><G131/><T25/><REACH who="0" step="1"/><D73/><REACH who="0" ten="200,381,115,294" step="2"/><U39/><E46/><V53/><F112/><W45/><G68/><T94/><D94/><U76/><E69/><V59/><F74/><W15/><G51/><T105/><D105/><N who="2" m="40554" /><F86/><W91/><G60/><T123/><D123/><U57/><E87/><V128/><F128/><W10/><G63/><T4/><AGARI ba="0,1" hai="4,11,13,22,25,31,80,81,82,84,89,93,99,102" machi="4" ten="20,5200,0" yaku="1,1,0,1,7,1,8,1,53,0" doraHai="72,132" doraHaiUra="118,62" who="0" fromWho="0" sc="200,62,381,-13,115,-26,294,-13" /><INIT seed="7,0,0,2,0,46" ten="262,368,89,281" oya="3" hai0="13,93,41,12,20,30,95,58,127,108,14,71,98" hai1="103,102,66,7,5,78,130,79,59,2,120,36,74" hai2="52,60,122,116,100,76,31,4,45,115,8,106,33" hai3="90,62,67,87,3,18,133,118,26,63,29,128,10"/><W35/><G118/><T23/><D71/><U19/><E120/><V123/><F116/><W27/><G128/><T16/><D108/><U107/><E107/><V134/><F115/><W56/><G133/><T72/><D72/><U113/><E113/><V117/><F76/><N who="1" m="29225" /><E74/><V99/><F117/><W25/><G63/><T119/><D119/><U80/><E36/><V51/><F134/><W68/><G68/><T38/><D127/><U73/><E73/><V126/><F126/><W0/><G0/><T22/><D38/><U24/><E2/><V124/><F124/><W1/><G1/><T61/><D41/><U69/><E80/><V9/><F9/><W92/><REACH who="3" step="1"/><G18/><REACH who="3" ten="262,368,89,271" step="2"/><T49/><D30/><U34/><E69/><V50/><F122/><W91/><G91/><N who="0" m="55615" /><D95/><U11/><E130/><V111/><F123/><W39/><G39/><T101/><D101/><U86/><E103/><V94/><F111/><W89/><G89/><T88/><D88/><U57/><E102/><V70/><F106/><W129/><G129/><T42/><D42/><U53/><E19/><V43/><F70/><W131/><G131/><T84/><D84/><U37/><E86/><V104/><F60/><W54/><G54/><N who="0" m="32079" /><D61/><N who="1" m="38191" /><E37/><V15/><F104/><W48/><G48/><T109/><D109/><U55/><E53/><V81/><F81/><W97/><G97/><T96/><D96/><U110/><E110/><V85/><F85/><W40/><G40/><T44/><D44/><U64/><E55/><V135/><F135/><W114/><G114/><T125/><D125/><U6/><E64/><V65/><F65/><RYUUKYOKU ba="0,1" sc="262,15,368,-15,89,-15,271,15" hai0="12,13,14,16,20,22,23" hai3="3,10,25,26,27,29,35,56,62,67,87,90,92" /><INIT seed="7,1,1,1,0,125" ten="277,353,74,286" oya="3" hai0="65,29,25,89,79,116,102,99,37,18,23,108,22" hai1="41,78,40,111,49,135,20,59,103,31,48,35,17" hai2="30,32,117,72,114,83,88,39,54,129,75,104,9" hai3="2,3,11,38,52,64,107,96,86,130,128,12,21"/><W105/><G38/><T63/><D108/><U121/><E111/><V73/><F39/><W16/><G64/><T94/><D116/><U6/><E121/><V28/><F32/><W115/><G115/><T58/><D37/><U80/><E103/><V76/><F117/><W100/><G107/><T56/><D79/><U0/><E135/><V55/><F114/><W66/><G66/><T84/><D56/><U70/><E70/><V124/><F124/><W81/><G52/><T87/><D89/><U57/><E31/><V1/><F104/><W45/><G45/><T8/><D8/><U15/><E35/><V85/><F76/><W101/><G101/><T126/><D126/><U134/><E6/><V106/><F106/><W132/><G132/><T95/><D95/><U26/><E0/><V42/><F42/><N who="1" m="16489" /><E26/><AGARI ba="1,1" hai="18,22,23,25,26,29,58,63,65,84,87,94,99,102" machi="26" ten="30,7700,0" yaku="7,1,25,2,8,1" doraHai="125" who="0" fromWho="1" sc="277,90,353,-80,74,0,286,0" owari="367,47.0,273,-13.0,74,-43.0,286,9.0" /></mjloggm>