<mjloggm ver="2.3"><GO type="169" lobby="0"/><UN n0="%E3%82%A6%E3%83%AB%E3%83%88%E3%83%A9%E7%AB%8B%E7%9B%B4" n1="%68%69%70%64%63%61%73%68" n2="%E3%83%8D%E3%83%BC%E3%83%A0%E3%83%AC%E3%82%B9%EF%BC%97" n3="%E3%83%96%E3%83%AB%E3%83%96%E3%83%AB%E3%83%8F%E3%83%BC%E3%83%84" dan="17,16,17,18" rate="2147.31,2079.43,2146.10,2246.59" sx="M,M,M,M"/><TAIKYOKU oya="0"/><INIT seed="0,0,0,4,5,48" ten="250,250,250,250" oya="0" hai0="125,9,100,62,18,131,115,94,32,124,123,83,70" hai1="20,96,55,17,133,69,92,116,60,82,66,77,97" hai2="121,107,122,51,101,114,12,119,67,41,76,0,23" hai3="134,13,22,104,79,132,108,8,43,26,14,109,72"/><T117/><D32/><U25/><E116/><V102/><F0/><W37/><G104/><T24/><D117/><U95/><E133/><N who="3" m="51306" /><G72/><T21/><D123/><U53/><E95/><V59/><F119/><W19/><G79/><T16/><D115/><U135/><E135/><V39/><F114/><W93/><G93/><T7/><D83/><U45/><E45/><V91/><F39/><W57/><G57/><T106/><D106/><U68/><E68/><V61/><F76/><W33/><G43/><T40/><D40/><U34/><E34/><V28/><F107/><W4/><G37/><T105/><D105/><U50/><E50/><V73/><F73/><W35/><G35/><T87/><D18/><U88/><E97/><V27/><F122/><W11/><G33/><T128/><D100/><U85/><AGARI ba="0,0" hai="17,20,25,53,55,60,66,69,77,82,85,88,92,96" machi="85" ten="20,8000,1" yaku="0,1,7,1,52,2,54,1" doraHai="48" who="1" fromWho="1" sc="250,-40,250,80,250,-20,250,-20" /><INIT seed="1,0,0,2,0,32" ten="210,330,230,230" oya="1" hai0="119,34,60,25,9,0,111,125,12,38,57,74,65" hai1="124,117,67,19,44,5,133,92,36,99,47,134,23" hai2="87,118,16,27,105,121,128,76,56,70,109,86,108" hai3="88,62,43,22,51,58,64,3,24,31,30,81,8"/><U68/><E117/><V106/><F70/><W17/><G3/><T50/><D38/><U79/><E79/><V94/><F118/><W114/><G114/><T132/><D119/><U69/><E5/><V33/><F121/><W98/><G8/><T13/><D74/><U112/><E112/><V6/><F128/><W90/><G90/><T7/><D111/><N who="2" m="42570" /><F6/><W35/><G35/><T54/><D125/><U122/><E122/><V4/><F4/><W116/><G116/><T93/><D132/><N who="1" m="50795" /><E124/><V66/><F94/><N who="3" m="56647" /><G81/><T45/><REACH who="0" step="1"/><D93/><REACH who="0" ten="200,330,230,230" step="2"/><U89/><E36/><V100/><F106/><W2/><G2/><T21/><D21/><U80/><E92/><V14/><F105/><W75/><G75/><T97/><D97/><U84/><E99/><V29/><F33/><W11/><G11/><T39/><D39/><U129/><E129/><V123/><F123/><W96/><G96/><T53/><D53/><U104/><E104/><V61/><F87/><W102/><G102/><T72/><D72/><U103/><E103/><V10/><F100/><W37/><G37/><T110/><D110/><U15/><E67/><V78/><F86/><W20/><G22/><T42/><D42/><U41/><E41/><V126/><F126/><W82/><G82/><T55/><D55/><U135/><E135/><V48/><F66/><W131/><G131/><T71/><D71/><AGARI ba="0,1" hai="15,19,23,44,47,68,69,71,80,84,89" m="50795" machi="71" ten="30,1500,0" yaku="20,1" doraHai="32" who="1" fromWho="0" sc="200,-15,330,25,230,0,230,0" /><INIT seed="1,1,0,0,0,70" ten="185,355,230,230" oya="1" hai0="135,107,32,14,6,87,30,10,34,120,100,111,45" hai1="9,13,105,116,40,3,50,74,29,79,7,26,104" hai2="88,132,54,106,77,21,57,67,59,125,11,1,97" hai3="114,86,102,92,2,22,56,68,20,36,73,113,85"/><U119/><E119/><V128/><F77/><W51/><G68/><T99/><D111/><U78/><E116/><V129/><F67/><W123/><G73/><T66/><D135/><U90/><E90/><V108/><F108/><W23/><G2/><T19/><D120/><U131/><E131/><N who="2" m="50251" /><F132/><W58/><G123/><T44/><D66/><U41/><E41/><V39/><F125/><W52/><G36/><T82/><D6/><U25/><E25/><V89/><F21/><W83/><G56/><N who="2" m="21577" /><F54/><W60/><G60/><T24/><REACH who="0" step="1"/><D34/><REACH who="0" ten="175,355,230,230" step="2"/><U81/><E7/><N who="2" m="1519" /><F39/><W69/><G113/><T28/><D28/><U38/><E29/><V112/><F112/><W126/><G114/><T122/><D122/><U46/><E38/><V133/><F133/><W98/><G126/><T15/><D15/><U31/><E31/><V130/><F130/><W118/><G118/><T121/><D121/><U124/><E124/><V96/><F106/><W117/><G117/><T127/><D127/><U49/><E105/><V43/><F43/><W62/><G62/><T17/><D17/><U115/><E104/><V110/><F110/><W12/><G12/><T33/><D33/><U72/><E115/><V71/><F71/><W103/><G69/><T75/><D75/><U48/><E13/><V84/><F84/><W80/><G85/><T61/><D61/><U8/><E72/><V95/><F97/><N who="3" m="59687" /><G86/><T109/><D109/><U18/><E74/><V65/><F65/><W27/><G27/><T37/><D37/><N who="1" m="21775" /><E26/><V76/><F76/><AGARI ba="1,1" hai="10,14,19,24,30,32,44,45,76,82,87,99,100,107" machi="76" ten="30,3900,0" yaku="1,1,7,1,53,1" doraHai="70" doraHaiUra="94" who="0" fromWho="2" sc="175,52,355,0,230,-42,230,0" /><INIT seed="2,0,0,3,1,43" ten="227,355,188,230" oya="2" hai0="103,67,128,97,80,55,42,85,71,46,126,69,8" hai1="24,82,38,99,45,91,78,59,84,88,106,26,83" hai2="64,53,87,48,133,29,13,49,114,56,23,118,79" hai3="81,50,122,129,17,111,7,75,14,28,65,11,96"/><V93/><F114/><W130/><G122/><T66/><D126/><U27/><E59/><V33/><F118/><W125/><G125/><T2/><D128/><U54/><E38/><V37/><F37/><W72/><G28/><T5/><D55/><U39/><E39/><V112/><F112/><W30/><G111/><T102/><D69/><U60/><E60/><V135/><F33/><W74/><G30/><T25/><D25/><U76/><E99/><V131/><F64/><W10/><G65/><T20/><D20/><U134/><E106/><V9/><F131/><N who="3" m="50187" /><G96/><T58/><D58/><U116/><E134/><V105/><F105/><W120/><G50/><T89/><D102/><U15/><E15/><V32/><F32/><W101/><G101/><T70/><D70/><U98/><E98/><V109/><F109/><W132/><G120/><T127/><D71/><U68/><E68/><V12/><F49/><W57/><G57/><T77/><D127/><U1/><E1/><V115/><F115/><W51/><G51/><T16/><D103/><U100/><E100/><V119/><F119/><W40/><G40/><T90/><D97/><U123/><E123/><V117/><F117/><W107/><G107/><T18/><D66/><U110/><E110/><V94/><F135/><W21/><G132/><T31/><D31/><U62/><E116/><V124/><F124/><W104/><G104/><T86/><D67/><U41/><E41/><V19/><F133/><W92/><G92/><N who="0" m="54319" /><D77/><U35/><E35/><V63/><F63/><W121/><G121/><T36/><D36/><U73/><E62/><RYUUKYOKU ba="0,0" sc="227,15,355,15,188,-15,230,-15" hai0="2,5,8,16,18,42,46,80,86,90" hai1="24,26,27,45,54,73,76,78,82,83,84,88,91" /><INIT seed="3,1,0,0,4,106" ten="242,370,173,215" oya="3" hai0="19,30,117,14,94,1,95,79,25,32,112,85,4" hai1="10,13,8,39,59,0,107,134,115,123,77,56,119" hai2="75,130,102,26,60,65,76,64,51,17,101,37,98" hai3="62,108,66,113,28,46,131,47,22,73,132,80,92"/><W114/><G46/><T21/><D117/><U54/><E107/><V135/><F37/><W96/><G47/><T23/><D23/><U20/><E39/><V74/><F135/><W67/><G67/><T42/><D42/><U71/><E71/><V7/><F7/><W58/><G131/><T57/><D112/><U99/><E115/><V5/><F5/><W126/><G126/><T15/><D15/><U110/><E134/><V49/><F76/><N who="3" m="44047" /><G132/><T61/><D85/><U31/><E99/><V2/><F2/><W83/><G83/><T100/><D79/><U34/><E77/><V33/><F130/><W43/><G43/><T133/><D100/><U63/><E119/><V84/><F84/><W40/><G40/><T38/><D38/><U11/><E0/><V109/><F109/><W35/><G35/><T16/><D19/><U69/><E110/><V124/><F124/><W88/><G108/><T121/><D121/><U12/><E123/><V104/><F102/><W111/><G111/><T48/><D48/><N who="2" m="18506" /><F17/><W105/><G105/><T55/><REACH who="0" step="1"/><D133/><REACH who="0" ten="232,370,173,215" step="2"/><U72/><E20/><V41/><F41/><W68/><G113/><T122/><D122/><U120/><E120/><V86/><F86/><W103/><G114/><T91/><D91/><U116/><E116/><V52/><F33/><W44/><G88/><T45/><D45/><U118/><E34/><V129/><F129/><W70/><G44/><T128/><D128/><U78/><E118/><V81/><F101/><W27/><AGARI ba="1,1" hai="22,27,28,58,62,66,68,70,92,96,103" m="44047" machi="27" ten="30,3000,0" yaku="25,1,52,1" doraHai="106" who="3" fromWho="3" sc="232,-11,370,-11,173,-11,215,43" /><INIT seed="3,2,0,2,0,37" ten="221,359,162,258" oya="3" hai0="51,11,110,40,95,0,23,44,17,38,22,3,46" hai1="32,102,1,62,2,96,99,55,127,60,8,89,49" hai2="56,45,135,25,28,120,103,65,101,85,108,27,75" hai3="4,123,74,68,70,126,29,24,43,114,100,79,6"/><W63/><G114/><T61/><D110/><U129/><E32/><V131/><F75/><W13/><G123/><T132/><D132/><U15/><E127/><V118/><F118/><W93/><G126/><T82/><D23/><U109/><E109/><V133/><F108/><W71/><G63/><T39/><D39/><U26/><E26/><V30/><F120/><W33/><G13/><T84/><D95/><U69/><E69/><V58/><F45/><W72/><G43/><T77/><D11/><U94/><E129/><V53/><F53/><W122/><G122/><T47/><D61/><U35/><E35/><V113/><F85/><W36/><G36/><T54/><REACH who="0" step="1"/><D47/><REACH who="0" ten="211,359,162,258" step="2"/><N who="1" m="28095" /><E60/><V52/><F131/><W125/><G125/><T31/><D31/><U111/><E62/><V124/><F124/><W106/><G93/><T112/><D112/><U121/><E94/><V90/><F113/><W73/><G106/><T9/><D9/><U80/><E8/><V97/><F135/><W19/><G68/><T48/><D48/><U50/><E50/><V81/><F133/><W107/><G70/><T64/><D64/><U16/><E111/><V21/><F65/><W115/><G71/><T119/><D119/><U88/><E121/><V42/><F28/><W117/><G117/><T86/><D86/><U67/><E67/><V34/><F30/><W105/><G115/><T5/><D5/><N who="3" m="2153" /><G19/><T18/><D18/><U83/><E16/><V7/><F7/><W116/><G116/><T104/><D104/><U66/><E66/><V12/><F34/><W76/><G105/><T10/><D10/><RYUUKYOKU ba="2,1" sc="211,15,359,-15,162,-15,258,15" hai0="0,3,17,22,38,40,44,46,51,54,77,82,84" hai3="24,29,33,72,73,74,76,79,100,107" /><INIT seed="3,3,1,5,1,36" ten="226,344,147,273" oya="3" hai0="33,22,28,74,81,130,4,13,70,64,100,12,53" hai1="95,54,124,113,77,82,37,92,89,11,9,72,111" hai2="15,45,39,20,58,21,44,132,25,34,1,24,116" hai3="101,107,46,5,29,109,31,88,102,68,106,73,38"/><W2/><G73/><T131/><D100/><U94/><E113/><V42/><F116/><W30/><G68/><T51/><D33/><U19/><E124/><V134/><F1/><W66/><G66/><T71/><D4/><U16/><E111/><V35/><F15/><N who="0" m="5706" /><D64/><U47/><E89/><V129/><F58/><W80/><G109/><T105/><D105/><U26/><E54/><V96/><F96/><W75/><G101/><T126/><D126/><U112/><E112/><V49/><F129/><N who="0" m="49162" /><D22/><U17/><REACH who="1" step="1"/><E26/><REACH who="1" ten="226,334,147,273" step="2"/><V50/><REACH who="2" step="1"/><F39/><REACH who="2" ten="226,334,137,273" step="2"/><W99/><G38/><T59/><D28/><U67/><E67/><V69/><F69/><W118/><G30/><T57/><D57/><U10/><E10/><V122/><F122/><W6/><G29/><T120/><D120/><U115/><E115/><V97/><F97/><W119/><G99/><T87/><D71/><U85/><E85/><V78/><F78/><W110/><G31/><T48/><D70/><U93/><N who="1" m="23552" /><DORA hai="135" /><U52/><E52/><V32/><F32/><W86/><G86/><T76/><D87/><U79/><E79/><V40/><AGARI ba="3,3" hai="20,21,24,25,34,35,40,42,44,45,49,50,132,134" machi="40" ten="25,12000,2" yaku="1,1,0,1,22,2,52,2,53,0" doraHai="36,135" doraHaiUra="27,0" who="2" fromWho="2" sc="226,-33,334,-33,137,159,273,-63" /><INIT seed="4,0,0,1,3,24" ten="193,301,296,210" oya="0" hai0="117,81,73,1,19,8,30,34,25,52,90,43,79" hai1="67,31,76,26,58,6,50,99,5,7,68,37,0" hai2="82,16,134,48,12,14,123,72,122,3,103,44,21" hai3="38,33,39,80,11,120,84,89,131,93,127,108,133"/><T20/><D117/><U60/><E37/><V109/><F3/><W46/><G108/><T54/><D43/><U63/><E76/><V132/><F109/><W13/><G33/><T47/><D47/><U29/><E50/><V49/><F103/><W35/><G35/><T87/><D1/><U45/><E45/><V88/><F12/><W104/><G104/><T65/><D8/><U32/><E99/><V71/><F71/><W121/><G133/><N who="2" m="51305" /><F72/><W83/><G131/><T95/><REACH who="0" step="1"/><D65/><REACH who="0" ten="183,301,296,210" step="2"/><U18/><E0/><V125/><F44/><W23/><G46/><T102/><D102/><U57/><E67/><V124/><F123/><W92/><G11/><T106/><D106/><U101/><E101/><V59/><F122/><W55/><G120/><T91/><D91/><U40/><E40/><V28/><F88/><W75/><G121/><T119/><D119/><U111/><E111/><V78/><F124/><W135/><G127/><T56/><D56/><U77/><E58/><V2/><F125/><W86/><G135/><T105/><D105/><U66/><E57/><V96/><F2/><W62/><G89/><T61/><D61/><U130/><E63/><V41/><F41/><W4/><G62/><T85/><D85/><U118/><E60/><V69/><F59/><W70/><G86/><T17/><D17/><U74/><E18/><V113/><F49/><W110/><G84/><T128/><D128/><U129/><E130/><V98/><F48/><W22/><G110/><T27/><AGARI ba="0,1" hai="19,20,25,27,30,34,52,54,73,79,81,87,90,95" machi="27" ten="20,18000,2" yaku="1,1,0,1,7,1,52,1,54,1,53,2" doraHai="24" doraHaiUra="51" who="0" fromWho="0" sc="183,190,301,-60,296,-60,210,-60" /><INIT seed="4,1,0,3,1,16" ten="373,241,236,150" oya="0" hai0="81,21,17,80,73,125,75,71,101,82,0,77,99" hai1="39,38,65,113,19,31,14,55,103,135,57,107,90" hai2="51,54,33,27,128,126,44,6,26,96,129,108,35" hai3="68,10,119,95,110,32,41,118,102,4,15,114,93"/><T133/><D0/><U105/><E135/><V37/><F108/><W3/><G110/><T40/><D71/><U85/><E65/><V67/><F126/><W79/><G114/><T94/><D125/><U122/><E31/><V88/><F67/><W43/><G68/><T29/><D29/><U84/><E113/><V49/><F37/><W60/><G32/><N who="2" m="12361" /><F6/><W1/><G79/><T59/><D133/><U78/><E78/><V42/><F96/><W120/><G102/><T2/><D2/><U36/><E85/><V13/><F13/><W109/><G60/><T72/><D59/><U8/><E103/><V28/><F88/><W48/><G109/><T47/><D77/><U23/><E8/><V89/><F89/><W115/><G15/><T92/><D92/><N who="1" m="54343" /><E122/><V52/><F28/><W76/><G10/><T58/><D58/><U64/><E64/><V9/><F9/><W20/><G76/><T100/><D100/><U7/><E7/><V124/><F124/><W56/><G4/><T83/><N who="0" m="20480" /><DORA hai="112" /><T111/><D111/><U97/><E97/><V91/><F91/><W18/><G120/><T12/><REACH who="0" step="1"/><D75/><REACH who="0" ten="363,241,236,150" step="2"/><U87/><E107/><V45/><F129/><W24/><G1/><T117/><D117/><U62/><E105/><V74/><F128/><W106/><G3/><T86/><D86/><U50/><E87/><V11/><F74/><W70/><G119/><T34/><D34/><U69/><E69/><V131/><F131/><W104/><G70/><T22/><D22/><U134/><E134/><V123/><F123/><W132/><G132/><T61/><D61/><AGARI ba="1,1" hai="14,19,23,36,38,39,50,55,57,61,62" m="54343" machi="61" ten="30,3900,0" yaku="6,1,25,1,52,1" doraHai="16,112" who="1" fromWho="0" sc="363,-42,241,52,236,0,150,0" /><INIT seed="5,0,0,4,4,85" ten="321,293,236,150" oya="1" hai0="30,10,59,44,57,40,129,15,22,49,112,117,128" hai1="107,122,99,42,64,32,23,114,41,39,70,62,102" hai2="9,113,12,18,47,83,58,55,75,76,63,133,123" hai3="78,96,125,1,53,89,14,95,73,29,37,79,5"/><U72/><E122/><V65/><F123/><W6/><G1/><T4/><D117/><U45/><E42/><V91/><F133/><W115/><G37/><T21/><D112/><U126/><E23/><N who="0" m="8713" /><D30/><U13/><E13/><V56/><F113/><W87/><G115/><T118/><D118/><U16/><E114/><V7/><F47/><W80/><G125/><T130/><AGARI ba="0,0" hai="4,10,15,40,44,49,57,59,128,129,130" m="8713" machi="130" ten="40,1500,0" yaku="19,1" doraHai="85" who="0" fromWho="0" sc="321,15,293,-7,236,-4,150,-4" /><INIT seed="6,0,0,1,0,7" ten="336,286,232,146" oya="2" hai0="45,1,119,88,25,65,76,21,113,41,123,28,69" hai1="63,9,8,126,51,12,93,133,40,124,27,95,135" hai2="101,107,60,66,48,122,129,32,71,98,14,73,130" hai3="100,67,94,117,92,134,104,74,81,132,47,57,13"/><V43/><F122/><W23/><G117/><T62/><D1/><U31/><E63/><V11/><F73/><W128/><G128/><N who="2" m="49257" /><F32/><W89/><G47/><T24/><D76/><U58/><E12/><V56/><F43/><W42/><G42/><T96/><D113/><U29/><E40/><V84/><F84/><W127/><G127/><N who="1" m="48682" /><E51/><V17/><F48/><W121/><G121/><T108/><D123/><U102/><E58/><AGARI ba="0,0" hai="11,14,17,56,58,60,66,71,98,101,107" m="49257" machi="58" ten="30,2900,0" yaku="19,1,52,1" doraHai="7" who="2" fromWho="1" sc="336,0,286,-29,232,29,146,0" /><INIT seed="6,1,0,3,0,67" ten="336,257,261,146" oya="2" hai0="130,64,126,104,115,51,120,9,112,16,88,100,90" hai1="0,87,54,109,36,26,1,66,55,8,42,81,41" hai2="111,62,131,15,94,78,106,97,53,38,17,22,70" hai3="25,24,103,27,20,56,49,3,29,34,119,58,63"/><V110/><F38/><W10/><G119/><T32/><D32/><U86/><E109/><N who="2" m="41483" /><F106/><W39/><G39/><T122/><D64/><U133/><E133/><V117/><F117/><W93/><G49/><T13/><D126/><U96/><E66/><N who="2" m="41303" /><F131/><W44/><G44/><T77/><D77/><U61/><E61/><V134/><F78/><W132/><G56/><T98/><D51/><U118/><E36/><V23/><F134/><W74/><G74/><T48/><D48/><U57/><E57/><V65/><F65/><W40/><G40/><T68/><D68/><U14/><E42/><V45/><F45/><W19/><G132/><T50/><D50/><U116/><E41/><V18/><F53/><W52/><G25/><T121/><D130/><U30/><E55/><V123/><F123/><W59/><G59/><T125/><D125/><U11/><E54/><V12/><F94/><W46/><G46/><T95/><D95/><U21/><E116/><V47/><F47/><W92/><G103/><T72/><D72/><U7/><E118/><V105/><F105/><W89/><G92/><T79/><D79/><U80/><E81/><V108/><N who="2" m="41491" /><V91/><DORA hai="69" /><F91/><W99/><G10/><T43/><D43/><U129/><E11/><N who="2" m="6303" /><F97/><W28/><G28/><T35/><D90/><U2/><E129/><V124/><F124/><W75/><G75/><T107/><D88/><N who="1" m="51271" /><E96/><V82/><F82/><W73/><G73/><T71/><D71/><U114/><E87/><V128/><F128/><W84/><G84/><T37/><D37/><U60/><E60/><V135/><F135/><RYUUKYOKU ba="1,0" sc="336,-30,257,10,261,10,146,10" hai1="0,1,2,7,8,14,21,26,30,114" hai2="15,18,22,23" hai3="3,19,20,24,27,29,34,52,58,63,89,93,99" /><INIT seed="6,2,0,2,1,97" ten="306,267,271,156" oya="2" hai0="79,71,75,34,126,66,58,80,120,11,104,111,95" hai1="51,76,125,8,26,74,0,2,103,24,72,4,1" hai2="114,16,134,69,7,105,25,128,53,18,106,15,41" hai3="6,101,131,9,35,108,121,17,57,20,118,3,102"/><V42/><F69/><W98/><G108/><T40/><D104/><U96/><E125/><V68/><F68/><W85/><G121/><T5/><D34/><U84/><E51/><V88/><F106/><W54/><G118/><T61/><D126/><U133/><E133/><V73/><F105/><W38/><G38/><T47/><D111/><U109/><E109/><V30/><F73/><W46/><G131/><T86/><D120/><U62/><E62/><V94/><F134/><W49/><G35/><T12/><D95/><U39/><E39/><V92/><F128/><W132/><G132/><T112/><D112/><U10/><E84/><N who="2" m="52231" /><F114/><W129/><G129/><T22/><D22/><U87/><E87/><V117/><F117/><W110/><G110/><T123/><D123/><U119/><E119/><V29/><F53/><W59/><G85/><T124/><D124/><U44/><E74/><V91/><F7/><W99/><G99/><T78/><D75/><U13/><E72/><V33/><F18/><W43/><G98/><T48/><D71/><U116/><E4/><V64/><F64/><W70/><G70/><T36/><D36/><U14/><E116/><V50/><F50/><W31/><G31/><N who="2" m="11785" /><F25/><W65/><G65/><T90/><AGARI ba="2,0" hai="5,11,12,40,47,48,58,61,66,78,79,80,86,90" machi="90" ten="20,2700,0" yaku="0,1,7,1,8,1" doraHai="97" who="0" fromWho="0" sc="306,33,267,-9,271,-15,156,-9" /><INIT seed="7,0,0,1,4,103" ten="339,258,256,147" oya="3" hai0="131,123,93,108,88,20,14,40,7,15,113,72,78" hai1="38,3,52,49,22,46,59,114,107,65,25,91,50" hai2="80,5,122,48,47,82,69,62,70,133,130,90,45" hai3="105,127,43,41,125,134,56,34,118,68,29,60,132"/><W104/><G68/><T85/><D15/><U129/><E114/><V119/><F119/><W42/><G118/><T95/><D95/><U55/><E129/><V83/><F5/><W37/><G37/><T135/><D40/><N who="1" m="24775" /><E107/><N who="3" m="41034" /><G29/><T10/><D88/><U79/><E38/><V32/><F32/><W8/><G8/><T115/><D14/><U51/><E3/><V100/><F100/><W2/><G34/><T63/><D20/><U39/><E39/><V87/><F130/><W4/><G4/><T18/><D85/><U76/><E91/><V31/><F31/><W116/><G116/><T35/><D63/><U94/><E94/><V75/><F122/><W33/><G33/><T61/><D7/><U96/><E96/><V57/><F75/><W117/><G2/><T24/><D10/><U109/><E65/><V124/><F124/><N who="3" m="47691" /><G117/><T1/><D1/><U106/><E106/><V86/><F70/><W64/><AGARI ba="0,0" hai="41,42,43,56,60,64,132,134" m="47691,41034" machi="64" ten="40,12000,1" yaku="18,1,52,3" doraHai="103" who="3" fromWho="3" sc="339,-40,258,-40,256,-40,147,120" /><INIT seed="7,1,0,4,3,120" ten="299,218,216,267" oya="3" hai0="134,84,53,98,2,14,37,108,52,21,111,79,89" hai1="126,106,25,77,62,22,118,58,51,23,15,121,49" hai2="100,123,65,125,116,114,102,131,63,67,61,10,12" hai3="34,88,41,36,129,90,99,105,57,47,6,7,20"/><W16/><G34/><T24/><D2/><U73/><E106/><V11/><F116/><W95/><G105/><T132/><D37/><U43/><E121/><V17/><F123/><W107/><G107/><T119/><D14/><U113/><E113/><V33/><F33/><W28/><G28/><T86/><D98/><U130/><E130/><V80/><F131/><W93/><G57/><T13/><D13/><U56/><E126/><V18/><F125/><W115/><G115/><T68/><D68/><U124/><E124/><V55/><F114/><W1/><G1/><T54/><D79/><U31/><E118/><V59/><F80/><W109/><G109/><T30/><D86/><U94/><E94/><V91/><F91/><W128/><G129/><T97/><D97/><U3/><E3/><V75/><F75/><W133/><G133/><N who="0" m="51307" /><D119/><U5/><E77/><V50/><F50/><N who="3" m="26991" /><G128/><T29/><D29/><U135/><E73/><V48/><F48/><W39/><G39/><T35/><D35/><U78/><E135/><V96/><F96/><N who="3" m="57383" /><G36/><T19/><D30/><U74/><E31/><V38/><F38/><W81/><G81/><AGARI ba="1,0" hai="19,21,24,52,53,54,81,84,89,108,111" m="51307" machi="81" ten="30,7700,0" yaku="20,1,52,2,54,1" doraHai="120" who="0" fromWho="3" sc="299,80,218,0,216,0,267,-80" owari="379,47.0,218,2.0,216,-18.0,187,-31.0" /></mjloggm>