<mjloggm ver="2.3"><GO type="169" lobby="0"/><UN n0="%EF%BC%BC%28%EF%BC%BE%6F%EF%BC%BE%29%EF%BC%8F%E2%98%85" n1="%E5%B0%B1%E6%B4%BB%E7%94%9F%40%E5%B7%9D%E6%9D%91%E8%BB%8D%E5%9B%A3" n2="%E6%96%B0%E9%96%8B%E5%96%84%E6%96%87" n3="%7A%68%6B%64%73%68%67%79" dan="17,16,17,16" rate="2191.24,2042.91,2166.81,2044.36" sx="M,M,F,M"/><TAIKYOKU oya="0"/><INIT seed="0,0,0,1,2,89" ten="250,250,250,250" oya="0" hai0="40,84,117,60,45,82,46,1,51,63,55,80,123" hai1="126,19,105,10,14,31,17,96,34,26,61,76,73" hai2="83,29,15,99,33,103,75,94,49,77,62,130,28" hai3="97,131,93,6,85,132,120,98,128,65,134,92,100"/><T127/><D117/><U72/><E126/><V88/><F130/><N who="3" m="49707" /><G6/><T111/><D127/><U90/><E76/><V4/><F62/><W11/><G11/><T20/><D123/><U47/><E47/><V118/><F118/><W106/><G65/><T9/><D111/><U110/><E110/><V54/><F33/><W24/><G24/><T44/><D20/><U25/><E25/><V69/><F69/><W124/><G124/><T95/><D1/><U58/><E19/><V113/><F113/><W71/><G71/><T74/><D9/><U18/><E18/><V39/><F39/><W112/><G120/><T129/><D129/><U86/><E96/><V70/><F70/><W12/><G12/><T37/><D46/><U109/><E105/><V57/><REACH who="2" step="1"/><F103/><REACH who="2" ten="250,250,240,250" step="2"/><N who="3" m="62839" /><G112/><T101/><D101/><U78/><E109/><V133/><F133/><N who="3" m="51307" /><G85/><T42/><D63/><U91/><E73/><V2/><F2/><W53/><G53/><T64/><D55/><U125/><E72/><V67/><F67/><W116/><G116/><T7/><D74/><U22/><E125/><V8/><AGARI ba="0,1" hai="4,8,15,28,29,49,54,57,75,77,83,88,94,99" machi="8" ten="30,7900,0" yaku="1,1,0,1,52,1,54,1,53,0" doraHai="89" doraHaiUra="68" who="2" fromWho="2" sc="250,-39,250,-20,240,89,250,-20" /><INIT seed="1,0,0,4,2,102" ten="211,230,329,230" oya="1" hai0="51,48,27,118,40,105,123,72,52,127,125,49,44" hai1="24,33,115,23,86,57,99,59,122,69,21,80,14" hai2="68,112,8,71,34,93,70,13,30,26,113,91,64" hai3="43,98,89,1,20,3,120,84,97,95,117,67,73"/><U129/><E69/><V131/><F131/><W47/><G120/><T85/><D72/><U60/><E129/><V88/><F64/><W6/><G117/><T56/><D118/><U79/><E115/><V39/><F39/><W10/><G73/><T53/><D123/><U22/><E122/><V132/><F132/><W29/><G67/><T134/><D134/><U12/><E99/><V82/><F82/><W38/><G3/><T133/><D133/><U124/><E124/><N who="0" m="47689" /><D27/><U46/><E46/><V75/><F75/><W107/><REACH who="3" step="1"/><G107/><REACH who="3" ten="211,230,329,220" step="2"/><T35/><D105/><U18/><E59/><V111/><F111/><W9/><G9/><T7/><D35/><U32/><E32/><V28/><F8/><W16/><G16/><T116/><D116/><U94/><E33/><V90/><F34/><W55/><G55/><N who="0" m="30087" /><D7/><U135/><E135/><V11/><F112/><W50/><G50/><N who="0" m="30743" /><D85/><U121/><E121/><V37/><F113/><W42/><G42/><T17/><D17/><U119/><E119/><V130/><F130/><W87/><G87/><T58/><D40/><U128/><E128/><V126/><F126/><W0/><G0/><T45/><D45/><U106/><E106/><V81/><F11/><W103/><G103/><T65/><D65/><U2/><E2/><V110/><F110/><W104/><G104/><T5/><D5/><U66/><E94/><V54/><F93/><W76/><G76/><T62/><AGARI ba="0,1" hai="49,51,53,58,62" m="30743,30087,47689" machi="62" ten="30,7900,0" yaku="18,1,34,2,54,1" doraHai="102" who="0" fromWho="0" sc="211,89,230,-39,329,-20,220,-20" /><INIT seed="2,0,0,2,5,88" ten="300,191,309,200" oya="2" hai0="9,4,106,26,133,80,55,125,129,112,77,28,11" hai1="110,95,66,13,89,36,27,58,20,56,115,15,81" hai2="19,17,99,14,63,73,71,6,121,130,116,43,108" hai3="54,51,94,74,104,97,61,46,75,67,124,65,24"/><V47/><F121/><W34/><G104/><T10/><D112/><U68/><E115/><V123/><F123/><W82/><G124/><T78/><D125/><U132/><E36/><V41/><F116/><W105/><G105/><T33/><D106/><U59/><E132/><V25/><F73/><W37/><G37/><T102/><D133/><U50/><E81/><V96/><F130/><W84/><G67/><T38/><D129/><U29/><E110/><V135/><F135/><W90/><G24/><T76/><D38/><U69/><E50/><V12/><F6/><W60/><G34/><T107/><D55/><U114/><E114/><V7/><F7/><W119/><G119/><T91/><D102/><U53/><E53/><V21/><F25/><W70/><REACH who="3" step="1"/><G61/><REACH who="3" ten="300,191,309,190" step="2"/><T92/><D107/><U1/><E66/><V31/><F63/><W86/><G86/><T8/><D4/><U52/><E69/><V87/><F71/><W117/><G117/><T101/><D26/><U134/><E68/><V126/><F87/><W2/><G2/><T79/><D33/><U32/><E1/><V98/><F126/><W30/><G30/><T83/><D28/><U128/><E134/><V48/><F31/><W23/><G23/><T39/><D39/><U42/><E128/><V64/><F64/><W44/><G44/><T49/><D10/><U16/><E13/><V120/><F120/><W103/><AGARI ba="0,1" hai="46,51,54,60,65,70,74,75,82,84,90,94,97,103" machi="103" ten="20,5200,0" yaku="1,1,0,1,7,1,52,1,53,0" doraHai="88" doraHaiUra="5" who="3" fromWho="3" sc="300,-13,191,-13,309,-26,190,62" /><INIT seed="3,0,0,1,0,71" ten="287,178,283,252" oya="3" hai0="124,108,15,123,76,100,38,54,87,28,112,107,22" hai1="33,81,109,6,40,58,48,89,39,10,20,74,75" hai2="9,16,35,46,119,101,93,130,18,77,19,94,59" hai3="47,32,80,103,122,79,104,8,128,113,86,114,84"/><W57/><G32/><T66/><D66/><U65/><E33/><V29/><F119/><W50/><G122/><T135/><D123/><U67/><E109/><V134/><F134/><W41/><G128/><T106/><D108/><U126/><E126/><V3/><F130/><W72/><G86/><T53/><D135/><U116/><E116/><V118/><F77/><W13/><G72/><T44/><D124/><U17/><E75/><V5/><F101/><W30/><G30/><T45/><D112/><U70/><E70/><V25/><F118/><W7/><REACH who="3" step="1"/><G57/><REACH who="3" ten="287,178,283,242" step="2"/><T24/><D87/><U98/><E58/><V73/><F73/><W83/><G83/><T85/><D85/><U132/><E74/><V34/><F35/><W117/><G117/><T12/><D76/><U43/><E81/><V49/><REACH who="2" step="1"/><F59/><REACH who="2" ten="287,178,273,242" step="2"/><W82/><G82/><T55/><D28/><U23/><E132/><V26/><F26/><W0/><G0/><T4/><D24/><U11/><E67/><V21/><F21/><W63/><G63/><T131/><D22/><U110/><E65/><V111/><F111/><W36/><G36/><T60/><D38/><U121/><E39/><V90/><F90/><W115/><G115/><T97/><D131/><U91/><E110/><V52/><AGARI ba="0,2" hai="3,5,9,16,18,19,25,29,34,46,49,52,93,94" machi="52" ten="30,7900,0" yaku="1,1,0,1,54,2,53,0" doraHai="71" doraHaiUra="69" who="2" fromWho="2" sc="287,-20,178,-20,273,99,242,-39" /><INIT seed="4,0,0,5,1,61" ten="267,158,372,203" oya="0" hai0="131,13,111,46,67,4,68,88,51,52,98,124,59" hai1="48,23,7,69,82,100,77,123,57,56,129,33,22" hai2="115,60,18,133,30,89,118,15,54,91,75,76,62" hai3="135,112,103,92,121,117,43,53,106,66,55,110,11"/><T28/><D111/><U41/><E33/><V108/><F108/><W42/><G106/><T114/><D114/><U29/><E123/><V58/><F133/><W24/><G110/><T107/><D124/><U71/><E129/><V16/><F115/><W83/><G117/><T126/><D126/><U0/><E100/><V6/><F30/><W47/><G112/><T26/><D131/><U12/><E0/><V95/><F75/><W81/><G135/><T79/><D79/><U85/><E71/><V20/><F76/><W34/><G11/><N who="0" m="4327" /><D68/><U130/><E69/><V122/><F6/><W70/><G121/><T49/><D107/><U104/><E104/><V94/><F122/><W120/><G120/><T113/><D113/><U2/><E2/><V72/><F72/><W116/><G116/><T44/><D67/><U127/><E127/><V74/><F74/><W39/><G66/><T119/><D119/><U96/><E130/><V37/><F37/><W35/><G70/><T45/><D26/><U21/><E96/><V97/><F118/><W73/><G73/><T86/><D28/><U36/><E29/><V134/><F134/><W1/><G1/><T80/><D98/><U128/><E36/><V102/><F97/><N who="3" m="59815" /><G35/><T109/><D109/><U27/><E27/><V65/><F65/><W14/><G24/><T64/><D64/><U10/><E128/><V84/><F84/><W40/><G34/><T31/><D31/><U5/><E5/><V50/><F15/><W87/><G14/><T132/><D132/><U78/><E78/><V90/><F20/><W8/><G39/><RYUUKYOKU ba="0,0" sc="267,15,158,15,372,-15,203,-15" hai0="44,45,46,49,51,52,59,80,86,88" hai1="7,10,12,21,22,23,41,48,56,57,77,82,85" /><INIT seed="4,1,0,2,3,74" ten="282,173,357,188" oya="0" hai0="126,85,62,24,32,53,80,12,127,17,23,103,129" hai1="15,79,123,66,109,125,29,72,93,18,99,108,119" hai2="121,116,25,69,92,57,63,48,20,6,36,111,131" hai3="9,51,11,71,106,64,94,86,54,8,49,27,43"/><T22/><D32/><U1/><E1/><V14/><F36/><W46/><G106/><T65/><D103/><U115/><E119/><V40/><F69/><W110/><G110/><T35/><D35/><U10/><E123/><V33/><F121/><W52/><G71/><T82/><D53/><U77/><E72/><V105/><F105/><W114/><G114/><T95/><D95/><U13/><E29/><V61/><F131/><W117/><G64/><T56/><D129/><U107/><E107/><V76/><F33/><W50/><G117/><T21/><D82/><U45/><E66/><V34/><F34/><W7/><G27/><T124/><REACH who="0" step="1"/><D24/><REACH who="0" ten="272,173,357,188" step="2"/><U58/><E93/><V118/><F92/><W68/><G54/><T91/><AGARI ba="1,1" hai="12,17,21,22,23,56,62,65,80,85,91,124,126,127" machi="91" ten="30,11700,0" yaku="1,1,2,1,0,1,18,1,53,0" doraHai="74" doraHaiUra="47" who="0" fromWho="0" sc="272,130,173,-40,357,-40,188,-40" /><INIT seed="4,2,0,4,4,62" ten="402,133,317,148" oya="0" hai0="61,68,85,82,47,101,118,117,96,99,23,113,76" hai1="95,84,15,20,124,74,38,134,44,50,129,8,53" hai2="45,22,115,120,42,33,49,10,80,2,97,105,5" hai3="19,57,93,128,81,40,122,108,54,12,83,56,70"/><T89/><D113/><U110/><E74/><V16/><F33/><W52/><G108/><T127/><D127/><U25/><E110/><V32/><F32/><W9/><G70/><T123/><D123/><U87/><E124/><V21/><F120/><W88/><G122/><T48/><D23/><U3/><E3/><V51/><F115/><W98/><G40/><T41/><D76/><U107/><E107/><V4/><F4/><W94/><G94/><T65/><REACH who="0" step="1"/><D99/><REACH who="0" ten="392,133,317,148" step="2"/><U125/><E125/><V36/><F21/><W102/><G128/><T67/><D67/><U86/><E129/><V114/><F114/><W69/><G102/><T135/><D135/><U60/><E134/><V92/><F97/><W37/><G98/><T30/><D30/><U133/><E133/><V0/><F22/><W91/><G93/><AGARI ba="2,1" hai="41,47,48,61,65,68,82,85,89,93,96,101,117,118" machi="93" ten="30,5800,0" yaku="1,1,7,1,52,1,53,0" doraHai="62" doraHaiUra="130" who="0" fromWho="3" sc="392,74,133,0,317,0,148,-64" /><INIT seed="4,3,0,2,1,57" ten="466,133,317,84" oya="0" hai0="92,9,85,24,2,83,28,99,41,35,67,58,93" hai1="59,40,66,22,71,0,44,118,128,109,60,75,116" hai2="101,31,32,52,84,131,13,81,79,15,50,39,106" hai3="89,105,123,30,7,103,36,25,5,14,53,34,73"/><T108/><D108/><U115/><E0/><V68/><F39/><W114/><G123/><T23/><D41/><U86/><E75/><V64/><F131/><W102/><G114/><T27/><D2/><U110/><E86/><V76/><F76/><W55/><G36/><T78/><D9/><U94/><E22/><V61/><F101/><W96/><G73/><T21/><D35/><U19/><E94/><V88/><F106/><W47/><G102/><T12/><D12/><U95/><E95/><V104/><F104/><W6/><G89/><T3/><D3/><U10/><E10/><V20/><F32/><W120/><G120/><T111/><D111/><N who="1" m="42507" /><E19/><V134/><F134/><W8/><REACH who="3" step="1"/><G47/><REACH who="3" ten="466,133,317,74" step="2"/><T11/><D99/><U69/><E115/><V29/><F79/><W16/><AGARI ba="3,1" hai="5,6,7,8,14,16,25,30,34,53,55,96,103,105" machi="16" ten="30,7900,0" yaku="1,1,2,1,0,1,54,1,53,0" doraHai="57" doraHaiUra="125" who="3" fromWho="3" sc="466,-42,133,-23,317,-23,74,98" /><INIT seed="5,0,0,2,4,70" ten="424,110,294,172" oya="1" hai0="0,67,7,115,51,127,101,36,72,96,30,46,73" hai1="69,25,113,9,15,85,119,29,71,66,60,54,121" hai2="1,99,129,57,61,50,64,5,98,62,112,23,120" hai3="93,14,31,133,47,63,106,100,88,108,91,41,131"/><U104/><E119/><V130/><F120/><W134/><G108/><T28/><D115/><U19/><E121/><V45/><F1/><W2/><G2/><T114/><D114/><U16/><E113/><V32/><F5/><W132/><G131/><N who="2" m="50185" /><F32/><W87/><G91/><T97/><D67/><U40/><E40/><N who="2" m="24871" /><F112/><W105/><G100/><T39/><D7/><U118/><E118/><V122/><F122/><W6/><G63/><T84/><D84/><U12/><E104/><V38/><F38/><N who="3" m="21943" /><G31/><T81/><D0/><U77/><E54/><N who="2" m="33975" /><F23/><W59/><G59/><AGARI ba="0,0" hai="59,62,64,98,99" m="33975,24871,50185" machi="59" ten="30,1000,0" yaku="19,1" doraHai="70" who="2" fromWho="3" sc="424,0,110,0,294,10,172,-10" /><INIT seed="6,0,0,1,5,6" ten="424,110,304,162" oya="2" hai0="10,36,126,99,30,107,125,13,101,45,37,93,16" hai1="75,24,1,67,22,63,57,124,91,70,127,77,110" hai2="26,106,80,28,20,73,78,129,130,85,3,79,11" hai3="9,19,4,87,86,88,72,17,92,12,29,27,41"/><V34/><F106/><W21/><G72/><T64/><D30/><U81/><E110/><V84/><F34/><W117/><G117/><T71/><D107/><U109/><E109/><V133/><F133/><W131/><G131/><N who="2" m="50185" /><F79/><W120/><G120/><T100/><D100/><U50/><E1/><V7/><AGARI ba="0,0" hai="3,7,11,20,26,28,73,78,80,84,85" m="50185" machi="7" ten="30,3000,0" yaku="19,1,52,1" doraHai="6" who="2" fromWho="2" sc="424,-10,110,-10,304,30,162,-10" /><INIT seed="6,1,0,2,0,19" ten="414,100,334,152" oya="2" hai0="128,66,9,94,7,17,73,71,132,81,32,87,15" hai1="39,105,101,75,74,104,86,91,27,31,116,113,52" hai2="72,18,100,26,90,126,67,42,13,38,84,123,44" hai3="88,47,14,16,96,46,133,103,92,6,58,40,57"/><V22/><F123/><W51/><G133/><T68/><D32/><U28/><E39/><V93/><F126/><W4/><G47/><T25/><D132/><U109/><E116/><V124/><F124/><W112/><G112/><T125/><D125/><U37/><E37/><V89/><F72/><W24/><G24/><T117/><D128/><U33/><E109/><V29/><F67/><W23/><G103/><T62/><D117/><U77/><E113/><V134/><F134/><W85/><G96/><T35/><D73/><U0/><E0/><V55/><F55/><N who="3" m="31999" /><G58/><T50/><D94/><U63/><E77/><V43/><F43/><W70/><G70/><T69/><D50/><AGARI ba="1,0" hai="4,6,14,16,23,40,46,50,85,88,92" m="31999" machi="50" ten="30,8000,1" yaku="25,1,8,1,52,1,54,2" doraHai="19" who="3" fromWho="0" sc="414,-83,100,0,334,0,152,83" /><INIT seed="7,0,0,0,1,83" ten="331,100,334,235" oya="3" hai0="112,118,92,9,42,34,2,4,93,20,75,84,10" hai1="60,99,23,86,68,108,0,16,95,40,58,35,88" hai2="101,94,39,132,47,67,129,70,77,17,36,126,46" hai3="29,127,85,37,78,106,21,73,22,31,128,135,89"/><W96/><G37/><T54/><D34/><U24/><E108/><V80/><F129/><W121/><G121/><T117/><D75/><U120/><E120/><V87/><F132/><W116/><G116/><T123/><D123/><U61/><E0/><V110/><F110/><W103/><G128/><T115/><D42/><U119/><E119/><N who="0" m="45577" /><D84/><U97/><E35/><V13/><F126/><W100/><G100/><T114/><D10/><U72/><E72/><V12/><F70/><W71/><G71/><T91/><D91/><U125/><E125/><V109/><F109/><W64/><G64/><T55/><D20/><N who="3" m="7785" /><G135/><T8/><D8/><U32/><E32/><V66/><F13/><W134/><G134/><T33/><D33/><U15/><E40/><V111/><F111/><W122/><G127/><T63/><D63/><U6/><E68/><V25/><F25/><W53/><G53/><AGARI ba="0,0" hai="2,4,9,53,54,55,92,93,112,114,115" m="45577" machi="53" ten="40,2600,0" yaku="15,1,11,1" doraHai="83" who="0" fromWho="3" sc="331,26,100,0,334,0,235,-26" owari="357,46.0,100,-40.0,334,13.0,209,-19.0" /></mjloggm>