<mjloggm ver="2.3"><GO type="225" lobby="0"/><UN n0="%E5%B0%B1%E6%B4%BB%E7%94%9F%40%E5%B7%9D%E6%9D%91%E8%BB%8D%E5%9B%A3" n1="%68%61%74%75%5F" n2="%EF%BC%8A%E3%81%A9%E3%82%89%E3%81%BF%EF%BC%8A" n3="%6B%6A%30%38%32%36" dan="16,16,18,16" rate="2067.12,2116.82,2160.80,2081.09" sx="M,M,M,M"/><TAIKYOKU oya="0"/><INIT seed="0,0,0,2,5,37" ten="250,250,250,250" oya="0" hai0="80,57,123,122,46,101,52,69,3,96,90,60,76" hai1="113,133,85,20,11,19,51,41,92,63,24,23,8" hai2="61,82,74,116,75,21,70,126,5,118,30,34,54" hai3="1,64,89,94,93,15,135,68,27,32,13,31,12"/><T29/><D3/><U48/><E133/><V16/><F5/><W99/><G1/><T47/><D69/><U128/><E128/><V97/><F34/><W110/><G110/><T134/><D134/><U45/><E113/><V77/><F30/><W72/><G72/><T79/><D29/><U121/><E121/><V106/><F126/><W25/><G135/><T7/><D7/><U88/><E63/><V66/><F75/><W81/><G27/><T18/><D18/><N who="1" m="12311" /><E48/><V10/><F10/><W49/><G81/><T28/><D28/><U119/><E119/><N who="2" m="45611" /><F54/><W67/><G68/><T112/><D112/><U50/><E51/><V86/><F74/><W95/><G95/><N who="0" m="58527" /><D123/><U91/><E91/><V44/><F44/><N who="0" m="16938" /><D122/><U111/><E111/><V40/><F106/><W35/><G35/><T4/><D4/><U65/><E65/><V62/><F66/><W42/><REACH who="3" step="1"/><G94/><REACH who="3" ten="250,250,250,240" step="2"/><T22/><D22/><U117/><E117/><V129/><F21/><W127/><G127/><T84/><AGARI ba="0,1" hai="52,57,60,76,79,80,84,90" m="16938,58527" machi="84" ten="30,3000,0" yaku="8,1,54,1" doraHai="37" who="0" fromWho="0" sc="250,40,250,-10,250,-10,240,-10" /><INIT seed="0,1,0,2,5,135" ten="290,240,240,230" oya="0" hai0="34,110,7,65,1,17,98,22,39,134,104,77,56" hai1="115,47,91,99,26,113,116,82,71,117,44,63,96" hai2="16,49,86,50,122,8,59,73,53,81,58,3,76" hai3="69,6,54,62,121,4,67,133,90,19,106,123,52"/><T80/><D39/><U119/><E26/><V0/><F122/><N who="3" m="46603" /><G106/><T23/><D34/><U9/><E9/><V60/><F73/><W78/><G78/><T89/><D134/><U97/><E82/><V72/><F72/><W102/><G102/><T15/><D110/><U33/><E33/><V125/><F125/><W29/><G29/><T61/><D1/><U45/><E91/><V111/><F111/><W12/><G90/><T105/><D7/><N who="3" m="2601" /><G133/><T84/><D105/><U75/><E75/><V40/><F40/><W107/><G107/><T68/><D68/><U129/><E129/><V120/><F120/><W11/><AGARI ba="1,0" hai="11,12,19,52,54,62,67,69" m="2601,46603" machi="11" ten="30,2000,0" yaku="13,1,54,1" doraHai="135" who="3" fromWho="3" sc="290,-11,240,-6,240,-6,230,23" /><INIT seed="1,0,0,1,5,49" ten="279,234,234,253" oya="1" hai0="90,86,81,101,128,108,59,133,21,100,88,57,35" hai1="91,130,11,28,42,113,85,40,51,12,102,80,98" hai2="75,46,124,87,64,109,78,107,82,52,83,8,70" hai3="31,112,97,27,121,63,17,105,25,94,66,103,20"/><U89/><E113/><V0/><F107/><W33/><G121/><T10/><D35/><U60/><E130/><V92/><F92/><W132/><G132/><T56/><D108/><U71/><E28/><V129/><F109/><W123/><G123/><T69/><D69/><U14/><E71/><V2/><F129/><W41/><G41/><N who="1" m="15978" /><E60/><V26/><F26/><W115/><REACH who="3" step="1"/><G94/><REACH who="3" ten="279,234,234,243" step="2"/><T9/><D133/><U38/><E38/><V117/><F117/><W125/><G125/><T29/><D128/><U127/><E127/><V95/><F95/><W73/><G73/><T44/><D101/><U77/><E102/><V126/><F126/><W104/><G104/><T119/><D100/><U37/><E37/><V99/><F124/><W67/><G67/><T79/><D119/><U68/><E98/><V23/><F99/><W1/><G1/><T134/><D134/><U4/><E68/><AGARI ba="0,1" hai="17,20,25,27,31,33,63,66,68,97,103,105,112,115" machi="68" ten="30,7700,0" yaku="1,1,7,1,25,2,53,0" doraHai="49" doraHaiUra="74" who="3" fromWho="1" sc="279,0,234,-77,234,0,243,87" /><INIT seed="2,0,0,0,5,73" ten="279,157,234,330" oya="2" hai0="132,35,17,36,44,34,13,12,74,76,31,115,83" hai1="75,71,6,27,47,48,52,2,40,109,106,112,117" hai2="95,46,58,100,79,85,129,56,42,108,62,1,23" hai3="125,110,0,61,37,119,123,45,133,21,67,134,126"/><V103/><F1/><W41/><G0/><T131/><D115/><U63/><E112/><V39/><F129/><W90/><G119/><T122/><D132/><N who="3" m="50793" /><G123/><T25/><D122/><U30/><E117/><V7/><F7/><W105/><G105/><T89/><D131/><U120/><E120/><V107/><F107/><W102/><G102/><T99/><D34/><U65/><E109/><V68/><F68/><W72/><G72/><T86/><D99/><U18/><E106/><V113/><F113/><W57/><G110/><T8/><D13/><U96/><E75/><V78/><F108/><W38/><G90/><T77/><D74/><U9/><E96/><V88/><F56/><W49/><G21/><T32/><D32/><U93/><E93/><V97/><F23/><W16/><G16/><T28/><D28/><U60/><E18/><V130/><F130/><W92/><G92/><T54/><D36/><AGARI ba="0,0" hai="36,37,38,41,45,49,57,61,67,125,126" m="50793" machi="36" ten="30,3900,0" yaku="20,1,34,2" doraHai="73" who="3" fromWho="0" sc="279,-39,157,0,234,0,330,39" /><INIT seed="3,0,0,0,4,42" ten="240,157,234,369" oya="3" hai0="131,88,73,59,119,78,29,63,45,117,111,121,109" hai1="115,6,38,110,101,128,90,91,12,95,106,74,114" hai2="94,54,44,32,80,53,122,71,24,99,36,133,20" hai3="125,22,9,132,23,19,81,113,40,18,21,13,86"/><W10/><G113/><T58/><D121/><U27/><E38/><V51/><F32/><W89/><G125/><T46/><D131/><U84/><E27/><V33/><F33/><W52/><G40/><T39/><D29/><U118/><E6/><V98/><F71/><W69/><G69/><T83/><D58/><U37/><E37/><V120/><F133/><W79/><G132/><T123/><D88/><U127/><E12/><V107/><F36/><W26/><G52/><N who="0" m="34279" /><D39/><U34/><E34/><V61/><F80/><W108/><G108/><N who="0" m="41547" /><D123/><N who="2" m="47146" /><F107/><W49/><G49/><T41/><D41/><U30/><E30/><N who="2" m="17671" /><F94/><W68/><G68/><T76/><D76/><U72/><E110/><V11/><F11/><W112/><G112/><T82/><D82/><U93/><E127/><V124/><F124/><W7/><G79/><T31/><D31/><U100/><E128/><V4/><F4/><W0/><AGARI ba="0,0" hai="0,7,9,10,13,18,19,21,22,23,26,81,86,89" machi="0" ten="20,2100,0" yaku="0,1,7,1" doraHai="42" who="3" fromWho="3" sc="240,-7,157,-7,234,-7,369,21" owari="233,3.0,150,-35.0,227,-17.0,390,49.0" /></mjloggm>