<mjloggm ver="2.3"><GO type="97" lobby="0"/><UN n0="%69%64%70%61%70%61%70%61" n1="%37%30%38%35" n2="%E3%83%88%E3%83%88%E3%83%AA%E5%85%88%E7%94%9F%31%39%E6%AD%B3" n3="%E3%82%B7%E3%83%BC%E3%83%9E%31%38%36%36" dan="14,14,14,13" rate="1877.44,1841.43,2017.43,1837.96" sx="M,M,F,M"/><TAIKYOKU oya="0"/><INIT seed="0,0,0,2,4,104" ten="250,250,250,250" oya="0" hai0="62,25,40,66,29,120,87,86,90,95,110,72,59" hai1="31,68,53,30,114,67,81,11,15,134,98,100,123" hai2="135,107,6,51,106,47,17,115,22,97,28,8,43" hai3="4,42,35,94,76,75,74,99,73,5,19,132,2"/><T109/><D120/><U85/><E123/><V24/><F115/><W130/><G76/><T56/><D40/><U64/><E53/><V46/><F135/><W122/><G35/><T57/><D86/><U41/><E41/><V124/><F124/><W27/><G122/><T127/><D127/><U18/><E134/><V45/><F28/><W121/><G121/><T77/><D77/><U102/><E114/><V50/><F97/><W55/><G132/><T113/><D113/><U37/><E37/><V131/><F131/><W21/><G130/><T116/><D116/><U26/><E68/><V117/><F117/><W89/><G2/><T9/><D9/><U0/><E100/><V34/><F34/><W78/><G78/><T61/><D72/><U44/><E44/><V119/><F46/><W12/><G42/><T33/><REACH who="0" step="1"/><D62/><REACH who="0" ten="240,250,250,250" step="2"/><U96/><E96/><V23/><F119/><W88/><G55/><T54/><D54/><U84/><E11/><V92/><F50/><W93/><REACH who="3" step="1"/><G27/><REACH who="3" ten="240,250,250,240" step="2"/><T13/><D13/><U111/><E26/><V105/><F43/><W126/><G126/><T60/><D60/><U69/><E15/><V52/><F47/><W71/><G71/><AGARI ba="0,2" hai="25,29,33,56,57,59,61,66,71,87,90,95,109,110" machi="71" ten="40,2000,0" yaku="1,1,53,0" doraHai="104" doraHaiUra="38" who="0" fromWho="3" sc="240,40,250,0,250,0,240,-20" /><INIT seed="0,1,0,3,5,34" ten="280,250,250,220" oya="0" hai0="69,8,102,114,65,20,50,68,98,84,54,110,38" hai1="16,81,130,60,135,1,85,58,64,83,55,30,111" hai2="22,47,74,96,43,62,106,51,107,27,88,120,32" hai3="128,6,4,124,91,89,103,93,45,56,95,46,116"/><T59/><D114/><U14/><E30/><V12/><F120/><W44/><G116/><T122/><D122/><U28/><E28/><V42/><F74/><W3/><G124/><T21/><D38/><U104/><E104/><V131/><F131/><W13/><G128/><T52/><D8/><U127/><E130/><V78/><F32/><W0/><G13/><T76/><D65/><U77/><E127/><V94/><F78/><W67/><G103/><T126/><D126/><U79/><E135/><V19/><F43/><W133/><G133/><T40/><D40/><U117/><E1/><N who="3" m="586" /><G56/><T119/><D119/><U108/><E117/><V15/><F15/><W80/><G80/><T105/><D110/><U17/><E64/><V99/><F99/><W35/><G67/><T101/><D101/><U26/><E26/><V7/><F62/><W10/><G10/><T129/><D129/><U70/><E70/><V23/><REACH who="2" step="1"/><F7/><REACH who="2" ten="280,250,240,220" step="2"/><N who="3" m="2603" /><G35/><T134/><D134/><U97/><E97/><V53/><F53/><W87/><G87/><T2/><D2/><U63/><E63/><V31/><AGARI ba="1,1" hai="12,19,22,23,27,31,42,47,51,88,94,96,106,107" machi="31" ten="20,5200,0" yaku="1,1,0,1,7,1,54,1,53,0" doraHai="34" doraHaiUra="121" who="2" fromWho="2" sc="280,-27,250,-14,240,65,220,-14" /><INIT seed="1,0,0,1,4,93" ten="253,236,305,206" oya="1" hai0="46,29,10,21,72,130,94,103,65,41,3,34,92" hai1="126,104,75,42,121,89,50,63,48,122,62,83,19" hai2="117,96,115,8,70,132,80,82,113,88,107,59,86" hai3="133,47,120,81,85,100,37,105,114,5,76,44,9"/><U101/><E75/><V129/><F70/><W4/><G120/><T51/><D72/><U54/><E122/><V52/><F117/><W58/><G114/><N who="2" m="43529" /><F129/><W79/><G133/><T111/><D34/><U131/><E121/><V124/><F132/><W95/><G105/><T109/><D130/><U6/><E104/><V12/><F124/><W49/><G37/><T30/><D65/><U20/><E6/><N who="2" m="3095" /><F107/><W87/><G58/><T91/><D103/><U116/><E101/><V36/><F36/><W35/><G35/><T66/><D66/><U102/><E102/><V32/><F32/><W1/><G5/><N who="0" m="1343" /><D21/><U24/><E131/><V31/><F31/><N who="0" m="11786" /><D91/><U112/><E112/><V74/><F74/><W123/><G123/><T90/><D90/><U26/><E116/><V97/><F82/><W99/><REACH who="3" step="1"/><G49/><AGARI ba="0,0" hai="49,52,59,80,86,88,96,97" m="3095,43529" machi="49" ten="30,8000,1" yaku="11,1,52,2,54,2" doraHai="93" who="2" fromWho="3" sc="253,0,236,0,305,80,206,-80" /><INIT seed="2,0,0,2,3,61" ten="253,236,385,126" oya="2" hai0="132,93,77,119,34,106,51,110,116,95,123,96,98" hai1="87,59,104,128,3,134,47,14,25,108,130,114,44" hai2="30,11,112,37,36,50,49,109,64,8,83,9,127" hai3="18,27,2,40,16,5,113,70,12,131,67,107,22"/><V45/><F112/><W86/><G107/><T42/><D34/><U17/><E104/><V101/><F127/><W91/><G40/><T124/><D42/><U121/><E3/><V6/><F101/><W103/><G103/><T32/><D32/><U94/><E114/><V74/><F6/><W126/><G126/><T10/><D10/><U21/><E134/><V111/><F30/><W117/><G113/><T66/><D66/><U73/><E73/><V120/><F120/><W52/><G117/><T31/><D31/><U84/><E108/><N who="2" m="41547" /><F64/><W105/><G105/><T65/><D51/><N who="2" m="19466" /><F45/><W0/><G131/><N who="1" m="50218" /><E59/><V13/><F13/><W79/><G70/><T122/><D65/><U15/><E121/><V55/><F55/><W71/><G52/><T41/><D41/><U28/><E15/><V81/><F74/><W43/><G43/><T4/><D4/><U80/><E94/><V88/><F88/><W62/><G79/><T85/><D110/><U20/><E84/><V58/><F58/><W133/><G5/><T33/><D33/><U38/><E38/><AGARI ba="0,0" hai="8,9,11,36,37,38,81,83" m="19466,41547" machi="38" ten="40,12000,1" yaku="28,2,14,1,10,1" doraHai="61" who="2" fromWho="1" sc="253,0,236,-120,385,120,126,0" /><INIT seed="2,1,0,3,1,117" ten="253,116,505,126" oya="2" hai0="26,104,3,83,81,74,33,22,101,89,122,18,135" hai1="126,73,66,17,30,61,19,46,54,68,76,23,45" hai2="77,1,14,123,56,60,48,40,114,41,55,118,84" hai3="6,95,100,37,51,85,16,119,120,57,53,7,67"/><V32/><F114/><W59/><G119/><T98/><D3/><U70/><E126/><V50/><F118/><W96/><G37/><T121/><D135/><U15/><E68/><V4/><F1/><W108/><G108/><T82/><D33/><U107/><E107/><V91/><F32/><W102/><G120/><T124/><D124/><U9/><E30/><V103/><F123/><W92/><G67/><T78/><D83/><U113/><E113/><V34/><F34/><W105/><G102/><T125/><D125/><U64/><E66/><V132/><F77/><W71/><G71/><T116/><D116/><U129/><E129/><V49/><F103/><W47/><G105/><T72/><D72/><U21/><E9/><N who="2" m="4391" /><F132/><W87/><G95/><AGARI ba="1,0" hai="40,41,48,49,50,55,56,60,84,91,95" m="4391" machi="95" ten="30,1500,0" yaku="8,1" doraHai="117" who="2" fromWho="3" sc="253,0,116,0,505,18,126,-18" /><INIT seed="2,2,0,4,1,23" ten="253,116,523,108" oya="2" hai0="63,53,58,124,61,29,50,92,43,130,42,57,36" hai1="74,108,70,14,13,56,20,86,2,97,12,45,83" hai2="127,4,49,115,106,21,117,72,44,69,64,123,110" hai3="99,16,31,103,121,7,105,1,90,68,0,75,131"/><V91/><F115/><W81/><G121/><T112/><D29/><U111/><E70/><V34/><F34/><W17/><G68/><T39/><D112/><U125/><E74/><V40/><F117/><W41/><G131/><T47/><D92/><U71/><E71/><V88/><F123/><W65/><G65/><N who="0" m="39087" /><D130/><U51/><E2/><V22/><F72/><W11/><G41/><N who="0" m="15371" /><D124/><U26/><E125/><V82/><F106/><W76/><G0/><T67/><AGARI ba="2,0" hai="36,39,47,50,53,58,63,67" m="15371,39087" machi="67" ten="30,8000,1" yaku="35,5" doraHai="23" who="0" fromWho="0" sc="253,86,116,-22,523,-42,108,-22" /><INIT seed="3,0,0,3,3,16" ten="339,94,481,86" oya="3" hai0="88,65,56,121,26,77,107,109,45,92,23,122,106" hai1="130,4,129,17,96,57,71,64,125,126,36,134,7" hai2="128,70,85,0,51,5,75,123,117,41,27,132,63" hai3="24,120,21,59,105,2,72,95,52,116,34,15,81"/><W78/><G116/><T89/><D77/><U1/><E96/><V93/><F75/><W84/><G120/><T32/><D32/><U103/><E103/><V39/><F117/><W101/><G2/><T102/><D109/><U100/><E100/><V69/><F39/><W54/><G34/><T61/><D45/><U104/><E104/><V22/><F123/><W133/><G133/><T110/><D110/><U98/><E98/><V124/><F132/><W44/><G15/><T29/><D122/><U12/><E36/><V46/><F128/><N who="1" m="49257" /><E57/><V14/><F0/><W112/><G112/><T60/><D121/><U74/><E64/><V58/><F124/><N who="1" m="47721" /><E71/><V66/><F5/><N who="1" m="2121" /><E74/><V62/><F14/><W127/><G127/><T90/><D61/><U94/><E94/><V30/><F62/><W19/><G44/><T47/><D47/><U10/><E1/><V43/><F43/><W108/><G108/><T114/><D114/><U76/><E76/><V13/><F13/><W91/><G59/><T3/><D3/><U48/><E48/><V49/><F49/><W25/><G25/><T68/><D68/><U37/><E37/><V28/><F28/><W80/><G80/><T131/><D131/><U83/><E83/><V38/><F38/><W40/><G40/><T6/><D6/><U118/><E118/><V9/><F9/><W135/><G135/><AGARI ba="0,0" hai="10,12,17,134,135" m="2121,47721,49257" machi="135" ten="40,12000,2" yaku="30,2,19,1,18,1,34,2" doraHai="16" who="1" fromWho="3" sc="339,0,94,120,481,0,86,-120" owari="339,14.0,214,-19.0,481,58.0,-34,-53.0" /></mjloggm>