<mjloggm ver="2.3"><GO type="225" lobby="0"/><UN n0="%E3%81%AA%E3%81%A3%E3%81%8D%E3%82%8A" n1="%E3%83%88%E3%83%88%E3%83%AA%E5%85%88%E7%94%9F%31%39%E6%AD%B3" n2="%E5%A4%A9%E6%9C%88%E7%B4%97%E7%9F%A2%E9%A6%99" n3="%E4%B8%96%E3%82%92%E7%9B%B4%E3%81%99%E8%80%85" dan="16,18,16,17" rate="2072.30,2274.61,2069.23,2158.75" sx="M,F,M,M"/><TAIKYOKU oya="0"/><INIT seed="0,0,0,0,3,124" ten="250,250,250,250" oya="0" hai0="62,2,127,35,72,37,34,30,52,102,106,25,109" hai1="83,29,63,84,67,11,22,71,126,114,111,110,10" hai2="112,27,91,53,33,86,108,90,76,82,129,42,118" hai3="12,100,89,88,121,130,77,60,58,1,105,32,85"/><T0/><D52/><U116/><E116/><V16/><F118/><W44/><G1/><N who="0" m="619" /><D127/><U55/><E126/><V4/><F112/><W98/><G32/><N who="0" m="20559" /><D109/><N who="1" m="41483" /><E114/><V43/><F108/><W65/><G121/><T19/><D19/><U15/><E55/><V39/><F4/><W14/><G130/><T81/><D62/><U6/><E11/><V80/><F129/><W96/><G77/><N who="0" m="44199" /><D37/><U26/><E83/><V9/><F39/><W54/><G98/><AGARI ba="0,0" hai="34,35,98,102,106" m="44199,20559,619" machi="98" ten="30,2900,0" yaku="33,2" doraHai="124" who="0" fromWho="3" sc="250,29,250,0,250,0,250,-29" /><INIT seed="0,1,0,0,2,106" ten="279,250,250,221" oya="0" hai0="86,41,23,3,67,126,104,32,72,65,76,123,46" hai1="116,38,71,54,95,89,113,99,11,73,43,25,80" hai2="96,39,77,91,34,10,82,100,12,90,44,17,35" hai3="66,59,31,87,58,7,60,61,29,42,115,120,56"/><T14/><D123/><U105/><E116/><V102/><F102/><W53/><G115/><T125/><D104/><U51/><E71/><V6/><F39/><W2/><G120/><T22/><D3/><U15/><E113/><V108/><F108/><W20/><G42/><T83/><D32/><U88/><E105/><V63/><F44/><W98/><G2/><T27/><D14/><U50/><E38/><V36/><F36/><W8/><G98/><T109/><D109/><U97/><E43/><V75/><F63/><W103/><G103/><T13/><D13/><U47/><E51/><V0/><F34/><W94/><G20/><N who="0" m="7723" /><D27/><U121/><E25/><V85/><F35/><W18/><G7/><T21/><D21/><U134/><E134/><V118/><F118/><W68/><G8/><T124/><D86/><N who="1" m="50247" /><E73/><V19/><F0/><W33/><G33/><T78/><D76/><U93/><E121/><V111/><F111/><W128/><G68/><T28/><D28/><U70/><E70/><V55/><F55/><W24/><G53/><T37/><AGARI ba="1,0" hai="37,41,46,65,67,72,78,83,124,125,126" m="7723" machi="37" ten="40,3900,0" yaku="18,1,52,1" doraHai="106" who="0" fromWho="0" sc="279,42,250,-14,250,-14,221,-14" /><INIT seed="0,2,0,2,4,9" ten="321,236,236,207" oya="0" hai0="91,70,130,0,88,107,26,15,113,105,31,72,47" hai1="97,89,93,19,16,100,85,35,23,126,109,64,44" hai2="118,76,73,71,5,74,52,84,32,50,17,58,29" hai3="20,4,28,40,131,83,46,90,86,7,81,38,25"/><T27/><D0/><U42/><E35/><V132/><F71/><W6/><REACH who="3" step="1"/><G131/><REACH who="3" ten="321,236,236,197" step="2"/><T55/><D130/><U30/><E109/><V56/><F118/><W135/><G135/><T82/><D70/><U14/><E126/><V104/><F132/><W2/><G2/><T125/><D125/><U39/><E64/><V101/><F74/><W48/><G48/><T54/><D72/><U1/><E1/><V95/><F73/><W116/><G116/><T99/><D113/><U67/><E67/><V121/><F121/><W61/><G61/><T11/><D107/><U33/><E33/><V96/><F104/><W111/><G111/><T53/><D105/><U103/><E30/><V8/><F29/><W87/><G87/><N who="0" m="50295" /><D31/><U63/><E63/><V77/><F32/><W133/><G133/><T45/><D45/><U37/><E37/><V129/><F129/><W98/><G98/><T127/><D47/><U79/><E97/><V65/><F84/><W128/><G128/><T110/><D110/><U112/><E112/><V75/><F75/><W122/><G122/><T115/><D115/><U69/><E69/><V92/><F65/><W124/><G124/><T59/><D127/><U22/><E79/><N who="2" m="30283" /><F58/><W36/><G36/><T102/><D59/><U80/><E80/><AGARI ba="2,1" hai="4,6,7,20,25,28,38,40,46,80,81,83,86,90" machi="80" ten="40,2600,0" yaku="21,2,53,0" doraHai="9" doraHaiUra="51" who="3" fromWho="1" sc="321,0,236,-32,236,0,197,42" /><INIT seed="1,0,0,3,5,76" ten="321,204,236,239" oya="1" hai0="50,128,96,47,30,109,113,102,46,117,104,59,69" hai1="82,29,112,3,35,44,127,71,116,48,63,31,51" hai2="122,8,93,134,115,18,24,97,72,62,25,74,40" hai3="27,89,7,73,43,79,91,90,110,75,111,85,11"/><U77/><E112/><V17/><F122/><W94/><G43/><T12/><D113/><U119/><E3/><V34/><F115/><W88/><G27/><T118/><D69/><U36/><E127/><V84/><F134/><W45/><G45/><T22/><D109/><N who="3" m="41481" /><G79/><T121/><D128/><U52/><E36/><V6/><F40/><W126/><G126/><T64/><D121/><U107/><E107/><V108/><F108/><W100/><G100/><T54/><D46/><U67/><E51/><V123/><F123/><W105/><G105/><T55/><D64/><U9/><E9/><V101/><F62/><W57/><G57/><T98/><D104/><U135/><E135/><V42/><F42/><W131/><G131/><T81/><D102/><U41/><E41/><V92/><F34/><W95/><G94/><T38/><D38/><U120/><E120/><V16/><F74/><W58/><G58/><T61/><D117/><U1/><E1/><AGARI ba="0,0" hai="1,7,11,73,75,85,88,89,90,91,95" m="41481" machi="1" ten="30,2000,0" yaku="14,1,54,1" doraHai="76" who="3" fromWho="1" sc="321,0,204,-20,236,0,239,20" /><INIT seed="2,0,0,2,0,130" ten="321,184,236,259" oya="2" hai0="43,102,124,62,91,11,5,128,96,74,131,28,115" hai1="78,26,134,24,106,40,53,36,48,15,46,35,100" hai2="0,108,101,82,60,4,119,67,133,71,21,93,105" hai3="13,73,31,14,59,42,38,113,25,72,51,63,121"/><V126/><F119/><W23/><G121/><T10/><D115/><U8/><E78/><V54/><F126/><W49/><G38/><T114/><D114/><U66/><E106/><V76/><F93/><W64/><G113/><T55/><D124/><U3/><E3/><V34/><F54/><W89/><G73/><T47/><D28/><U19/><E100/><V41/><F21/><W44/><G72/><T20/><D20/><U104/><E104/><V29/><F41/><W2/><G2/><T122/><D91/><U77/><E77/><V27/><F108/><W118/><G118/><T110/><D74/><U37/><E37/><V6/><F133/><W39/><G89/><T70/><D122/><U103/><E103/><V107/><F101/><W111/><G111/><T50/><D110/><U81/><E81/><V65/><F65/><W95/><G95/><N who="0" m="58655" /><D5/><U1/><E1/><V17/><F17/><W87/><G87/><T56/><D70/><U94/><E94/><V127/><F127/><W109/><G109/><T120/><D120/><U22/><E35/><V97/><F97/><W83/><G83/><T125/><D125/><U90/><E90/><V99/><F99/><W80/><G80/><T69/><D69/><U9/><E134/><V12/><F0/><W16/><REACH who="3" step="1"/><G14/><REACH who="3" ten="321,184,236,249" step="2"/><T18/><D131/><U135/><E135/><V32/><F12/><W58/><G58/><T33/><D128/><U85/><E85/><N who="2" m="48327" /><F34/><AGARI ba="0,1" hai="13,16,23,25,31,34,39,42,44,49,51,59,63,64" machi="34" ten="30,3900,0" yaku="1,1,7,1,54,1,53,0" doraHai="130" doraHaiUra="112" who="3" fromWho="2" sc="321,0,184,0,236,-39,249,49" /><INIT seed="3,0,0,1,1,133" ten="321,184,197,298" oya="3" hai0="20,21,12,127,76,23,40,50,25,105,42,123,1" hai1="35,32,68,70,98,85,131,116,112,67,6,28,84" hai2="96,56,119,58,49,107,93,38,51,86,39,46,134" hai3="125,63,29,115,30,36,78,15,103,59,17,4,45"/><W3/><G115/><T89/><D1/><U48/><E112/><V66/><F119/><W90/><G125/><T121/><D105/><U71/><E116/><V62/><F134/><W31/><G103/><T24/><D127/><U132/><E132/><V60/><F107/><W54/><G78/><T77/><D89/><U43/><E131/><V34/><F34/><W41/><G3/><T72/><D12/><U13/><E67/><V79/><F79/><N who="0" m="30282" /><D50/><U2/><E2/><V73/><F73/><W80/><G4/><T94/><D94/><U106/><E98/><V5/><F5/><W53/><G80/><T18/><D18/><U126/><E106/><V92/><F86/><N who="1" m="33385" /><E126/><V91/><F92/><W83/><G90/><T108/><D108/><U27/><E35/><V26/><F26/><N who="0" m="10346" /><D72/><U37/><E37/><V9/><F9/><W47/><G83/><T124/><D124/><U69/><E69/><V57/><F49/><W135/><G135/><T118/><D118/><U97/><E97/><V64/><F58/><W16/><REACH who="3" step="1"/><G15/><REACH who="3" ten="321,184,197,288" step="2"/><T52/><D52/><AGARI ba="0,1" hai="38,39,46,51,52,56,57,60,62,64,66,91,93,96" machi="52" ten="30,3900,0" yaku="7,1,9,1,54,1" doraHai="133" who="2" fromWho="0" sc="321,-39,184,0,197,49,288,0" /><INIT seed="4,0,0,3,4,125" ten="282,184,246,288" oya="0" hai0="124,33,24,93,132,38,122,62,60,54,7,15,111" hai1="94,18,2,59,61,68,36,135,90,72,6,11,45" hai2="0,127,17,57,78,28,101,66,76,39,55,113,104" hai3="96,97,117,120,105,116,29,58,3,64,31,65,8"/><T89/><D122/><U118/><E118/><V108/><F0/><W115/><G3/><T81/><D124/><U27/><E135/><V16/><F127/><W42/><G58/><T52/><D132/><U103/><E68/><V109/><F39/><W40/><G8/><N who="0" m="4511" /><D38/><U131/><E72/><V51/><F113/><W75/><G75/><T74/><D74/><U5/><E131/><V84/><F28/><W121/><G105/><T106/><D33/><U112/><E112/><AGARI ba="0,0" hai="29,31,40,42,64,65,96,97,112,115,116,117,120,121" machi="112" ten="25,1600,0" yaku="22,2" doraHai="125" who="3" fromWho="1" sc="282,0,184,-16,246,0,288,16" owari="282,8.0,168,-33.0,246,-15.0,304,40.0" /></mjloggm>