<mjloggm ver="2.3"><GO type="41" lobby="0"/><UN n0="%E5%B0%B1%E6%B4%BB%E7%94%9F%40%E5%B7%9D%E6%9D%91%E8%BB%8D%E5%9B%A3" n1="%E3%83%95%E3%82%A7%E3%83%AB%E3%83%A1%E3%83%BC%E3%83%AB" n2="%E3%83%9F%E3%82%AF%E3%83%AD" n3="%E5%93%80%E6%84%81%E6%BC%82%E3%81%86%E8%83%8C%E4%B8%AD" dan="15,15,15,15" rate="2069.58,2018.74,1978.21,2002.21" sx="M,M,M,M"/><TAIKYOKU oya="0"/><INIT seed="0,0,0,5,4,109" ten="250,250,250,250" oya="0" hai0="124,40,7,131,72,39,76,89,75,126,64,99,4" hai1="28,23,118,80,83,49,65,87,129,5,101,79,96" hai2="10,105,51,1,11,54,63,61,62,120,34,115,48" hai3="132,20,108,97,46,135,73,119,71,44,58,133,24"/><T111/><D111/><U77/><E118/><V33/><F120/><W122/><G108/><T134/><D64/><U125/><E65/><V17/><F105/><W38/><G73/><T43/><D131/><U27/><E129/><V112/><F17/><W6/><G71/><T21/><D134/><U26/><E125/><N who="0" m="48233" /><D21/><U86/><E5/><N who="0" m="2121" /><D76/><U0/><E0/><V31/><F1/><W52/><G6/><T9/><D9/><N who="2" m="3082" /><F54/><W82/><G119/><T103/><D103/><U32/><E49/><N who="2" m="19019" /><F31/><W94/><G122/><T47/><D43/><U57/><E57/><V19/><F19/><W50/><G82/><T127/><D127/><U74/><E74/><V100/><F100/><W55/><G38/><T15/><D15/><U93/><E32/><AGARI ba="0,0" hai="32,33,34,61,62,63,112,115" m="19019,3082" machi="32" ten="40,8000,1" yaku="28,2,52,2" doraHai="109" who="2" fromWho="1" sc="250,0,250,-80,250,80,250,0" /><INIT seed="1,0,0,1,1,129" ten="250,170,330,250" oya="1" hai0="84,102,42,86,92,101,63,6,25,100,132,15,67" hai1="122,89,12,32,31,3,29,118,77,133,4,28,61" hai2="106,52,1,125,20,124,43,45,88,18,97,19,30" hai3="107,44,49,91,66,119,23,47,73,70,69,65,56"/><U135/><E77/><V83/><F1/><W104/><G23/><T16/><D132/><N who="1" m="50763" /><E122/><V108/><F108/><W93/><G73/><T2/><D2/><U90/><E118/><V98/><F106/><W131/><G93/><T50/><D6/><U37/><E37/><V48/><F30/><W103/><G56/><N who="0" m="37351" /><D25/><U0/><E32/><V64/><F124/><W99/><G91/><N who="1" m="34826" /><E61/><V96/><F125/><W36/><G36/><T127/><D127/><U113/><E113/><V114/><F114/><W22/><G22/><N who="0" m="11551" /><D92/><U81/><E81/><V58/><F83/><W39/><G39/><T26/><D26/><U79/><E79/><V105/><F105/><W120/><G107/><T40/><D40/><U24/><E24/><V112/><F43/><W33/><G104/><T38/><D38/><U74/><E74/><V27/><F27/><W94/><G33/><T111/><D111/><U130/><E130/><V57/><F112/><W110/><G131/><T76/><D76/><U78/><E78/><V13/><F98/><W75/><G99/><T14/><D14/><U109/><E109/><V80/><F97/><W59/><G110/><T71/><D71/><U82/><E82/><V62/><F96/><W8/><G70/><T9/><D102/><U60/><E60/><V116/><F116/><W128/><G103/><T5/><D101/><U115/><E115/><V117/><F117/><W55/><G119/><T11/><D100/><U53/><E53/><V7/><F52/><W17/><G55/><T46/><D42/><U87/><E87/><V34/><F34/><W68/><G128/><RYUUKYOKU ba="0,0" sc="250,-10,170,30,330,-10,250,-10" hai1="0,3,4,12,28,29,31" /><INIT seed="1,1,0,3,5,97" ten="240,200,320,240" oya="1" hai0="58,49,82,27,45,52,86,43,78,101,109,22,81" hai1="50,66,127,11,135,134,95,59,69,74,19,26,3" hai2="106,47,1,107,34,87,108,12,83,61,39,100,122" hai3="33,31,89,48,10,96,75,88,0,91,13,21,125"/><U79/><E69/><V114/><F108/><W126/><G75/><T9/><D109/><U77/><E127/><N who="3" m="48650" /><G33/><T51/><D9/><U17/><E95/><V30/><F122/><W7/><G48/><T6/><D6/><U20/><E74/><V129/><F1/><W119/><G119/><T38/><D101/><U70/><E70/><V4/><F129/><W113/><G113/><T46/><D82/><U131/><E131/><V67/><F114/><W116/><G116/><T103/><D103/><U16/><E19/><V25/><F107/><W112/><G112/><T29/><REACH who="0" step="1"/><D46/><REACH who="0" ten="230,200,320,240" step="2"/><U80/><E80/><V44/><F47/><W110/><G110/><T71/><D71/><U24/><E3/><V63/><F44/><W64/><G0/><T123/><D123/><U32/><E11/><V5/><F100/><W84/><G10/><T42/><D42/><U93/><E93/><V132/><F106/><W118/><G7/><T65/><D65/><U72/><E72/><V124/><F124/><W130/><G64/><T54/><D54/><N who="1" m="32215" /><E66/><V105/><F105/><W104/><G118/><T23/><D23/><N who="1" m="13415" /><E32/><V76/><F67/><W55/><G104/><T15/><D15/><U57/><E57/><V8/><F34/><W36/><G13/><T73/><D73/><U90/><E90/><V117/><F117/><W85/><G91/><T68/><D68/><U94/><E94/><V56/><F56/><W121/><G89/><T60/><AGARI ba="1,1" hai="22,27,29,38,43,45,49,51,52,58,60,78,81,86" machi="60" ten="20,5200,0" yaku="1,1,0,1,7,1,54,1,53,0" doraHai="97" doraHaiUra="128" who="0" fromWho="0" sc="230,65,200,-27,320,-14,240,-14" /><INIT seed="2,0,0,3,4,61" ten="295,173,306,226" oya="2" hai0="122,20,113,82,27,39,15,2,28,67,77,43,133" hai1="107,9,117,69,53,79,121,106,83,10,12,52,71" hai2="97,93,30,105,81,35,59,8,23,125,50,26,65" hai3="70,3,130,110,73,119,49,17,19,115,7,127,21"/><V55/><F125/><W102/><G73/><T63/><D2/><U80/><E117/><V34/><F105/><W24/><G119/><T135/><D122/><U131/><E12/><V90/><F8/><W13/><G70/><T74/><D113/><U100/><E100/><V126/><F126/><W37/><G37/><T54/><D54/><U89/><E89/><V91/><REACH who="2" step="1"/><F65/><REACH who="2" ten="295,173,296,226" step="2"/><W64/><G127/><T57/><D133/><U111/><E121/><V22/><F22/><W132/><G64/><T68/><D135/><U76/><REACH who="1" step="1"/><E111/><REACH who="1" ten="295,163,296,226" step="2"/><V118/><F118/><W6/><G110/><T108/><D108/><U109/><E109/><V116/><F116/><W33/><G132/><T88/><D68/><U104/><E104/><V44/><F44/><W5/><G3/><T4/><D4/><U16/><E16/><V66/><F66/><W114/><G5/><T86/><D28/><U45/><E45/><V87/><AGARI ba="0,2" hai="23,26,30,34,35,50,55,59,81,87,90,91,93,97" machi="87" ten="30,6000,0" yaku="1,1,0,1,53,1" doraHai="61" doraHaiUra="48" who="2" fromWho="2" sc="295,-20,163,-20,296,80,226,-20" /><INIT seed="2,1,0,5,1,77" ten="275,143,376,206" oya="2" hai0="135,92,15,5,79,119,43,14,131,129,104,20,11" hai1="46,93,97,8,37,12,10,130,62,76,45,132,25" hai2="63,122,87,72,51,66,117,16,81,9,21,88,48" hai3="121,64,105,22,133,125,34,127,1,108,6,106,53"/><V23/><F122/><W89/><G34/><T4/><D104/><U124/><E124/><N who="3" m="47690" /><G121/><T19/><D79/><U82/><E130/><N who="0" m="49673" /><D43/><U39/><E132/><V115/><F115/><W33/><G33/><T84/><D84/><U2/><E2/><V98/><F117/><W90/><G133/><T69/><D69/><U128/><E128/><V126/><F126/><W112/><G112/><T78/><D78/><U86/><E25/><V111/><F72/><W107/><G108/><T99/><D135/><U47/><E62/><V28/><F111/><W38/><G38/><T35/><D35/><U52/><E10/><V59/><F98/><W103/><G103/><N who="0" m="60903" /><D119/><U44/><E52/><V30/><F9/><N who="3" m="2255" /><G64/><T71/><D71/><U56/><E56/><V0/><F0/><W29/><G53/><T57/><D57/><U85/><E85/><V114/><F23/><W70/><G70/><T32/><D32/><U26/><E26/><AGARI ba="1,0" hai="22,26,29,89,90,105,106,107" m="2255,47690" machi="26" ten="40,1300,0" yaku="18,1" doraHai="77" who="3" fromWho="1" sc="275,0,143,-16,376,0,206,16" /><INIT seed="3,0,0,0,0,36" ten="275,127,376,222" oya="3" hai0="40,77,95,120,102,26,96,113,66,30,3,37,38" hai1="92,39,0,51,47,41,19,84,12,68,54,81,116" hai2="131,119,49,24,58,48,55,52,7,21,89,22,10" hai3="86,93,107,43,108,11,25,132,63,69,134,78,117"/><W74/><G107/><T79/><D120/><U70/><E0/><V129/><F119/><W15/><G117/><T16/><D3/><U73/><E73/><V126/><F126/><W27/><G74/><T76/><D113/><U62/><E62/><V88/><F131/><W100/><G108/><T110/><D110/><U28/><E28/><V23/><F24/><W87/><G69/><T83/><D66/><U97/><E116/><V31/><F31/><W130/><G130/><T4/><D4/><U61/><E61/><V17/><F17/><W123/><G123/><T35/><D83/><U105/><E105/><V53/><F129/><W50/><G63/><T34/><D34/><U101/><E39/><V127/><F127/><W80/><G100/><T57/><D57/><U99/><E99/><V82/><F82/><W9/><G9/><T114/><D114/><U42/><E70/><V8/><F55/><W115/><G115/><T91/><D102/><U60/><E60/><V64/><F64/><W128/><G128/><T5/><D5/><U46/><E46/><N who="2" m="27671" /><F7/><N who="3" m="3583" /><G87/><T32/><D32/><U2/><E68/><V122/><F122/><W29/><G93/><T14/><REACH who="0" step="1"/><D40/><REACH who="0" ten="265,127,376,222" step="2"/><U1/><E2/><V44/><F58/><W67/><G67/><T124/><D124/><U6/><E1/><V104/><F104/><W33/><G27/><T65/><D65/><U59/><E59/><V90/><AGARI ba="0,1" hai="8,10,21,22,23,44,49,53,88,89,90" m="27671" machi="90" ten="30,4000,0" yaku="8,1,54,2" doraHai="36" who="2" fromWho="2" sc="265,-10,127,-10,376,50,222,-20" /><INIT seed="4,0,0,3,3,58" ten="255,117,426,202" oya="0" hai0="18,80,52,7,48,125,46,39,10,101,68,73,22" hai1="19,49,6,113,11,134,66,115,84,44,106,70,77" hai2="104,55,31,133,123,64,98,126,103,87,75,62,20" hai3="76,107,13,85,109,96,122,37,45,129,60,97,63"/><T92/><D125/><U118/><E118/><V102/><F75/><W26/><G109/><T17/><D68/><U57/><E106/><V30/><F123/><W71/><G71/><T120/><D120/><U35/><E70/><V94/><F126/><W61/><G122/><T43/><D73/><U47/><E35/><V90/><F133/><W14/><G107/><T3/><D80/><N who="1" m="47119" /><E19/><V29/><F55/><W9/><G129/><T83/><D83/><U38/><E38/><V41/><F41/><W56/><G37/><T127/><D127/><U105/><E105/><V74/><F74/><W93/><G45/><T111/><D111/><U33/><E33/><V53/><F53/><W51/><G26/><T25/><D92/><U114/><E134/><V89/><F104/><W99/><G51/><T32/><D101/><U65/><E65/><V131/><F131/><W12/><G76/><T112/><D112/><U0/><E49/><V116/><F116/><W69/><G69/><T100/><D100/><U110/><E110/><V42/><F42/><W36/><G36/><T1/><D32/><U34/><E34/><V78/><F78/><W132/><G132/><T79/><D79/><U108/><E108/><V135/><F135/><W59/><G9/><T119/><D119/><U50/><E50/><V81/><F20/><W117/><G117/><T2/><REACH who="0" step="1"/><D18/><REACH who="0" ten="245,117,426,202" step="2"/><U4/><E4/><V27/><F102/><W91/><AGARI ba="0,1" hai="12,13,14,56,59,60,61,63,85,91,93,96,97,99" machi="91" ten="40,12000,2" yaku="0,1,29,2,8,1,52,3" doraHai="58" who="3" fromWho="3" sc="245,-60,117,-30,426,-30,202,130" /><INIT seed="5,0,0,5,5,21" ten="185,87,396,332" oya="1" hai0="64,91,85,113,128,28,135,31,69,72,131,126,35" hai1="84,79,101,47,4,33,23,56,86,36,58,1,70" hai2="105,121,39,107,24,49,22,45,90,130,40,103,66" hai3="114,99,37,117,2,71,63,57,11,118,87,9,80"/><U73/><E70/><V15/><F121/><W77/><G37/><T81/><D113/><U115/><E33/><V14/><F130/><N who="0" m="49706" /><D135/><U61/><E115/><V65/><F105/><W112/><G71/><T88/><D126/><U106/><E56/><V68/><F39/><W109/><G109/><T7/><D7/><U55/><E101/><V67/><F68/><W78/><G78/><N who="0" m="44231" /><D35/><U116/><E116/><N who="3" m="44650" /><G11/><T18/><D18/><U25/><E106/><V108/><F108/><W13/><G99/><T51/><D51/><U34/><E34/><V0/><F0/><W129/><G2/><T5/><D5/><U96/><E96/><V111/><F103/><W48/><G48/><T53/><D53/><U120/><E120/><V62/><F107/><W12/><G12/><T102/><D102/><U8/><E79/><V92/><F62/><W83/><G83/><N who="0" m="49215" /><D91/><U95/><E73/><V125/><F125/><W89/><G89/><T10/><D10/><U132/><E132/><V46/><F111/><W27/><G129/><T32/><D32/><U42/><REACH who="1" step="1"/><E95/><REACH who="1" ten="185,77,396,332" step="2"/><V16/><F45/><W74/><G114/><T3/><D3/><U59/><E59/><V30/><F92/><W41/><G112/><T133/><D133/><U97/><E97/><V94/><F94/><W124/><G57/><T52/><D69/><U98/><E98/><V6/><F90/><W20/><G124/><T119/><D119/><U93/><E93/><V54/><F6/><W76/><G63/><T38/><D64/><U122/><E122/><V43/><F67/><W123/><G123/><T26/><D38/><RYUUKYOKU ba="0,1" sc="185,-10,77,30,396,-10,332,-10" hai1="1,4,8,23,25,36,42,47,55,58,61,84,86" /><INIT seed="5,1,1,1,3,101" ten="175,107,386,322" oya="1" hai0="93,79,97,6,98,106,53,11,47,36,103,121,61" hai1="46,87,51,1,26,128,118,56,21,73,19,22,105" hai2="119,86,120,115,114,72,77,50,28,59,76,39,0" hai3="18,54,85,33,89,69,75,44,5,30,81,107,111"/><U65/><E73/><V10/><F120/><W127/><G69/><T123/><D79/><U113/><E1/><V55/><F119/><W7/><G111/><T94/><D36/><U91/><E118/><V102/><F72/><W100/><G127/><T133/><D133/><U31/><E113/><N who="2" m="43019" /><F39/><W109/><G109/><T66/><D47/><U34/><E128/><V45/><F28/><W78/><G30/><T37/><D53/><U40/><E34/><V112/><F112/><W108/><G33/><T129/><D37/><U38/><E105/><V130/><F130/><W74/><G108/><T96/><D129/><U116/><E116/><V92/><F45/><W24/><G75/><T14/><D98/><U134/><E134/><V13/><F0/><W49/><G18/><T29/><D29/><U48/><E56/><V70/><F70/><W82/><REACH who="3" step="1"/><G24/><REACH who="3" ten="175,107,386,312" step="2"/><T104/><D121/><U43/><E43/><V90/><F102/><W52/><G52/><T32/><D32/><U71/><E71/><V57/><F57/><W83/><G83/><T125/><D125/><U84/><E65/><V135/><F135/><W122/><G122/><T4/><D123/><U16/><E31/><V131/><F131/><W58/><G58/><T88/><D4/><AGARI ba="1,2" hai="4,10,13,50,55,59,76,77,86,90,92" m="43019" machi="4" ten="30,2000,0" yaku="15,1,11,1" doraHai="101" who="2" fromWho="0" sc="175,-23,107,0,386,43,312,0" /><INIT seed="6,0,0,2,2,12" ten="152,107,429,312" oya="2" hai0="5,0,61,63,13,87,84,64,96,99,72,58,127" hai1="79,19,8,75,114,76,128,10,78,130,135,123,24" hai2="73,51,42,26,55,66,45,111,68,91,125,1,71" hai3="121,69,59,18,88,126,33,41,105,115,43,49,67"/><V119/><F119/><W62/><G33/><T32/><D72/><U35/><E75/><V113/><F73/><W110/><G105/><T95/><D32/><U81/><E123/><V6/><F113/><W17/><G121/><T2/><D127/><U11/><E114/><V77/><F77/><W118/><G118/><T70/><D96/><U29/><E135/><V101/><F101/><W25/><G110/><T98/><D98/><U57/><E81/><V112/><F112/><W120/><G115/><T100/><D2/><U30/><E30/><V28/><F125/><W60/><G120/><T107/><D0/><U97/><E97/><V102/><F102/><W80/><G126/><T16/><D5/><U132/><E132/><V122/><F122/><W15/><G25/><T83/><D83/><U27/><REACH who="1" step="1"/><E57/><REACH who="1" ten="152,97,429,312" step="2"/><V53/><F28/><W22/><G80/><T48/><D107/><U37/><E37/><V20/><F111/><W21/><G88/><T46/><D87/><U131/><E131/><V38/><F38/><W117/><G117/><T86/><D86/><U85/><E85/><V82/><F82/><W129/><G129/><T7/><D84/><U134/><E134/><V103/><F91/><W3/><G59/><T93/><D58/><U54/><E54/><V14/><F55/><W34/><G69/><T39/><D70/><U4/><E4/><V23/><F53/><W94/><G67/><T56/><D56/><U65/><E65/><V50/><F66/><W31/><G31/><T74/><D99/><U133/><E133/><V9/><F71/><W104/><G104/><RYUUKYOKU ba="0,1" sc="152,-10,97,30,429,-10,312,-10" hai1="8,10,11,19,24,27,29,35,76,78,79,128,130" /><INIT seed="7,1,1,0,1,24" ten="142,127,419,302" oya="3" hai0="109,94,67,38,120,112,47,22,98,41,62,31,92" hai1="21,35,1,122,134,129,32,54,33,131,39,12,40" hai2="104,130,125,42,53,73,50,119,72,71,114,61,36" hai3="28,124,90,56,87,68,121,45,106,83,52,15,51"/><W99/><G68/><T43/><D109/><U29/><E122/><V16/><F119/><W18/><G121/><T26/><D120/><U95/><E1/><V111/><F111/><W66/><G124/><T82/><D112/><U13/><E134/><V117/><F117/><W118/><G118/><T76/><D43/><U57/><E95/><V115/><F104/><W65/><G28/><T135/><D135/><U7/><E40/><V74/><F130/><N who="1" m="49673" /><E7/><V10/><F125/><W4/><G4/><T101/><D92/><U46/><E46/><V70/><F42/><W25/><G25/><T9/><D9/><U55/><E39/><V6/><F61/><W60/><G106/><T77/><D82/><U5/><E5/><V123/><F6/><W85/><G85/><T64/><D64/><U127/><E127/><V79/><F36/><W34/><G34/><N who="1" m="8706" /><U63/><DORA hai="75" /><E55/><V132/><F132/><W59/><G99/><T110/><REACH who="0" step="1"/><D110/><REACH who="0" ten="132,127,419,302" step="2"/><U23/><E29/><V107/><F123/><W84/><G84/><T80/><D80/><U37/><E37/><V91/><F114/><W128/><G128/><T44/><D44/><U89/><E89/><V14/><F115/><W19/><G66/><T0/><D0/><U58/><E58/><AGARI ba="1,2" hai="22,26,31,38,41,47,58,62,67,76,77,94,98,101" machi="58" ten="30,16000,3" yaku="1,1,7,1,25,2,52,3,53,1" doraHai="24,75" doraHaiUra="27,3" who="0" fromWho="1" sc="132,183,127,-163,419,0,302,0" owari="315,12.0,-36,-54.0,419,52.0,302,-10.0" /></mjloggm>