<mjloggm ver="2.3"><GO type="97" lobby="0"/><UN n0="%74%6F%6E%6E%64%61%67%6F" n1="%6A%6F%6B%62%31%32%33%34" n2="%E3%82%80%E3%81%8B%E3%81%8D%E3%82%93" n3="%E5%B0%B1%E6%B4%BB%E7%94%9F%40%E5%B7%9D%E6%9D%91%E8%BB%8D%E5%9B%A3" dan="14,13,13,15" rate="1898.58,1862.57,1950.65,1995.47" sx="F,M,M,M"/><TAIKYOKU oya="0"/><INIT seed="0,0,0,1,3,30" ten="250,250,250,250" oya="0" hai0="15,124,5,0,53,14,97,76,32,12,31,87,71" hai1="74,36,135,102,18,37,83,127,111,122,85,82,60" hai2="130,90,69,98,2,128,117,38,103,93,116,64,100" hai3="126,7,13,99,121,65,21,125,89,17,67,80,9"/><T123/><D123/><U45/><E45/><V40/><F2/><W110/><G121/><T56/><D71/><U72/><E122/><V96/><F64/><W115/><G115/><T94/><D124/><N who="3" m="47721" /><G110/><T25/><D0/><U62/><E127/><V70/><F40/><W77/><G99/><T132/><D132/><U79/><E135/><V92/><F38/><W26/><G89/><AGARI ba="0,0" hai="69,70,89,90,92,93,96,98,100,103,116,117,128,130" machi="89" ten="25,1600,0" yaku="22,2" doraHai="30" who="2" fromWho="3" sc="250,0,250,0,250,16,250,-16" /><INIT seed="1,0,0,2,5,93" ten="250,250,266,234" oya="1" hai0="12,51,20,101,119,103,78,45,38,95,34,61,89" hai1="104,121,37,81,128,56,62,109,117,85,55,120,91" hai2="76,39,18,68,47,131,72,24,87,17,1,21,96" hai3="92,118,73,42,54,3,32,126,90,79,129,11,84"/><U19/><E37/><V57/><F68/><W53/><G32/><T50/><D34/><U48/><E117/><V77/><F1/><W49/><G118/><T124/><D124/><U64/><E128/><V82/><F131/><W123/><G123/><T122/><D38/><U112/><E104/><V65/><F47/><W83/><G129/><T28/><D78/><U134/><E112/><V99/><F39/><W31/><G31/><T52/><D61/><U66/><E134/><V25/><F72/><W75/><G126/><T113/><D113/><U15/><E109/><V41/><F41/><W110/><G110/><T115/><D115/><U29/><E29/><V105/><F105/><W9/><G75/><T70/><D70/><U5/><E5/><V67/><F57/><W88/><G90/><T58/><D122/><U7/><E7/><V133/><F133/><W74/><G74/><T22/><D22/><U27/><E66/><N who="2" m="25099" /><F76/><W13/><G3/><T127/><D127/><U44/><E27/><N who="2" m="10315" /><F21/><AGARI ba="0,0" hai="15,19,21,44,48,55,56,62,64,81,85,91,120,121" machi="21" ten="30,1500,0" yaku="7,1" doraHai="93" who="1" fromWho="2" sc="250,0,250,15,266,-15,234,0" /><INIT seed="1,1,0,3,1,75" ten="250,265,251,234" oya="1" hai0="69,36,23,56,127,34,55,90,18,49,123,31,111" hai1="109,0,96,118,57,13,39,72,134,121,83,25,7" hai2="63,74,85,48,81,115,87,73,67,41,70,5,16" hai3="71,116,32,44,112,125,126,38,86,130,58,77,92"/><U102/><E121/><V62/><F5/><W20/><G32/><T79/><D111/><U33/><E118/><V128/><F115/><W97/><G71/><T29/><D36/><U46/><E109/><V14/><F128/><W1/><G1/><T104/><D104/><U133/><E13/><V60/><F70/><W24/><G112/><T30/><D69/><U40/><E57/><V21/><F67/><W91/><G116/><T98/><D127/><N who="3" m="48649" /><G130/><T100/><D100/><U2/><E7/><V113/><F113/><W135/><G135/><N who="1" m="51722" /><E25/><V59/><F74/><W15/><G15/><T106/><D106/><N who="1" m="63815" /><E33/><V22/><F73/><W101/><G58/><T64/><D64/><U50/><E50/><V132/><F132/><W117/><G117/><T119/><D123/><U12/><E12/><V3/><F3/><W47/><G38/><T103/><D103/><U65/><E65/><V95/><F59/><W9/><G9/><T43/><D43/><U89/><E89/><N who="2" m="53679" /><F48/><W105/><G77/><AGARI ba="1,0" hai="0,2,39,40,46,72,77,83" m="63815,51722" machi="77" ten="30,5800,0" yaku="20,1,23,1,52,1" doraHai="75" who="1" fromWho="3" sc="250,0,265,61,251,0,234,-61" /><INIT seed="1,2,0,3,3,60" ten="250,326,251,173" oya="1" hai0="79,66,0,91,48,36,21,94,89,98,88,76,131" hai1="10,7,62,67,81,23,18,116,17,47,14,32,78" hai2="118,2,65,41,43,3,120,110,68,90,77,55,69" hai3="63,95,8,5,134,92,107,115,45,30,128,12,42"/><U74/><E116/><V16/><F118/><W52/><G107/><T129/><D36/><U11/><E32/><V114/><F90/><N who="0" m="34922" /><D0/><U97/><E97/><V113/><F55/><W56/><G115/><N who="2" m="44041" /><F77/><N who="0" m="29770" /><D48/><U64/><E47/><V125/><F120/><W84/><G128/><N who="0" m="49227" /><D21/><U126/><E62/><N who="2" m="39991" /><F69/><W100/><G134/><T93/><D93/><U1/><E126/><V53/><F125/><W50/><G100/><T39/><D39/><U4/><E17/><V83/><F83/><W49/><G84/><T34/><D34/><U133/><REACH who="1" step="1"/><E133/><REACH who="1" ten="250,316,251,173" step="2"/><V15/><F110/><W108/><G108/><T87/><D66/><U99/><E99/><AGARI ba="2,1" hai="87,91,94,98,99" m="49227,29770,34922" machi="99" ten="30,7700,0" yaku="19,1,34,2,54,1" doraHai="60" who="0" fromWho="1" sc="250,93,316,-83,251,0,173,0" /><INIT seed="2,0,0,0,1,37" ten="343,233,251,173" oya="2" hai0="100,65,5,110,8,90,11,82,4,86,103,106,59" hai1="104,93,28,84,69,30,117,132,25,122,42,64,53" hai2="55,48,83,40,70,72,73,102,95,14,9,133,27" hai3="120,33,47,34,97,108,23,2,45,119,52,26,7"/><V61/><F133/><W77/><G119/><T87/><D110/><U76/><E132/><V18/><F70/><W112/><G120/><T101/><D106/><U35/><E104/><V91/><F102/><W12/><G108/><T92/><D65/><U19/><E117/><V54/><F73/><W134/><G112/><T60/><D60/><U44/><E122/><V98/><F72/><W15/><G134/><T51/><D59/><U121/><E30/><V79/><F27/><W105/><G77/><T41/><D5/><U3/><E3/><V96/><F96/><W94/><G105/><T99/><D86/><U113/><E121/><V67/><F67/><W109/><G109/><T31/><D31/><U24/><E113/><V115/><F61/><W16/><G47/><N who="0" m="26095" /><D4/><U125/><E125/><V66/><F66/><W131/><G131/><T21/><D21/><U78/><E69/><V63/><F63/><W68/><G68/><T107/><D107/><U49/><E64/><V10/><F10/><AGARI ba="0,0" hai="8,10,11,82,87,90,92,99,100,101,103" m="26095" machi="10" ten="30,2000,0" yaku="8,1,52,1" doraHai="37" who="0" fromWho="2" sc="343,20,233,0,251,-20,173,0" /><INIT seed="3,0,0,2,0,39" ten="363,233,231,173" oya="3" hai0="125,128,84,64,132,121,120,53,58,108,32,41,75" hai1="5,79,8,73,12,66,56,91,6,4,60,98,109" hai2="68,92,116,55,83,110,21,25,65,85,29,38,119" hai3="87,81,76,11,123,126,59,34,36,15,24,70,101"/><W50/><G70/><T74/><D32/><U43/><E109/><V111/><F38/><W33/><G123/><T17/><D108/><N who="2" m="41514" /><F55/><W105/><G36/><T99/><D75/><U69/><E73/><V57/><F92/><W22/><G126/><T82/><D74/><U78/><E69/><V45/><F45/><W30/><G105/><T27/><D125/><U133/><E133/><V95/><F95/><W0/><G101/><T122/><D132/><U18/><E98/><V3/><F3/><W71/><G71/><T118/><D64/><U23/><E91/><N who="2" m="51647" /><F68/><W130/><G130/><T93/><D128/><U103/><E103/><V106/><F106/><W26/><G0/><T42/><D118/><U62/><E60/><AGARI ba="0,0" hai="21,25,29,57,60,65,116,119" m="51647,41514" machi="60" ten="30,1000,0" yaku="14,1" doraHai="39" who="2" fromWho="1" sc="363,0,233,-10,231,10,173,0" owari="363,47.0,223,-18.0,241,4.0,173,-33.0" /></mjloggm>