<mjloggm ver="2.3"><GO type="41" lobby="0"/><UN n0="%E5%B0%B1%E6%B4%BB%E7%94%9F%40%E5%B7%9D%E6%9D%91%E8%BB%8D%E5%9B%A3" n1="%67%73%6B%74%38%38%38" n2="%6D%69%72%69%72%69" n3="%E5%8C%97%E5%AE%B6%E5%B8%B8%E9%80%A3" dan="15,13,14,15" rate="2049.09,1814.39,1955.25,2025.17" sx="M,M,M,M"/><TAIKYOKU oya="0"/><INIT seed="0,0,0,0,2,129" ten="250,250,250,250" oya="0" hai0="24,52,41,67,119,102,20,121,87,112,126,120,97" hai1="1,101,108,63,123,16,49,133,134,79,34,37,81" hai2="2,93,92,64,60,113,30,10,85,36,28,82,61" hai3="107,57,78,29,100,86,68,47,56,0,73,90,21"/><T6/><D119/><U11/><E123/><V51/><F36/><W19/><G68/><T115/><D41/><U88/><E101/><V3/><F113/><W118/><G0/><T89/><D67/><U95/><E37/><V116/><F51/><W71/><G71/><T109/><D6/><U48/><E34/><V5/><F116/><W50/><G118/><T117/><D117/><U91/><E63/><V131/><F131/><W43/><G29/><T27/><D126/><U18/><E108/><V72/><F72/><W128/><G128/><T83/><D109/><U40/><E40/><V4/><F82/><W31/><G31/><T114/><D52/><U39/><E39/><V104/><F85/><W62/><G78/><T54/><D54/><U38/><E38/><V17/><F104/><W9/><G73/><T45/><D45/><U80/><E1/><V23/><F17/><N who="1" m="6761" /><E11/><V33/><F10/><W32/><G32/><T58/><D58/><U130/><E130/><V26/><F33/><W94/><G9/><T35/><D35/><U96/><E79/><V69/><F30/><W15/><G107/><T44/><D44/><U84/><E96/><V14/><F61/><W124/><G124/><T25/><REACH who="0" step="1"/><D20/><REACH who="0" ten="240,250,250,250" step="2"/><U127/><E127/><V66/><F64/><N who="3" m="38983" /><G57/><T7/><D7/><N who="2" m="2634" /><F3/><W13/><G13/><T8/><D8/><U106/><E106/><AGARI ba="0,1" hai="24,25,27,83,87,89,97,102,106,112,114,115,120,121" machi="106" ten="50,4800,0" yaku="1,1,53,1" doraHai="129" doraHaiUra="76" who="0" fromWho="1" sc="240,58,250,-48,250,0,250,0" /><INIT seed="0,1,0,5,0,110" ten="298,202,250,250" oya="0" hai0="122,130,84,38,109,40,46,131,81,125,132,117,65" hai1="77,34,51,75,70,45,49,44,123,119,120,21,29" hai2="6,107,74,32,79,63,55,96,41,4,57,73,22" hai3="37,112,121,31,53,19,33,95,9,56,17,114,80"/><T106/><D106/><U133/><E34/><V89/><F32/><W68/><G37/><T86/><D117/><U92/><E75/><V18/><F41/><W102/><G68/><T116/><D116/><U85/><E119/><V50/><F79/><W30/><G80/><T42/><D122/><U39/><E133/><V72/><F50/><W101/><G121/><T47/><D132/><U28/><E70/><V14/><REACH who="2" step="1"/><F89/><REACH who="2" ten="298,202,240,250" step="2"/><W111/><G33/><T118/><D118/><U60/><E39/><V3/><F3/><W128/><G128/><T48/><D109/><U83/><E120/><V58/><F58/><W87/><G111/><T126/><D65/><U26/><E123/><V134/><F134/><W54/><G56/><T7/><D7/><U13/><E51/><V91/><F91/><W135/><G135/><T64/><D64/><U20/><E60/><V12/><F12/><W15/><G15/><T88/><REACH who="0" step="1"/><D84/><REACH who="0" ten="288,202,240,250" step="2"/><U27/><E49/><V59/><F59/><W99/><G87/><T98/><D98/><U2/><E2/><V71/><F71/><W78/><G99/><T66/><D66/><U124/><E124/><AGARI ba="1,2" hai="38,40,42,46,47,48,81,86,88,124,125,126,130,131" machi="124" ten="40,7700,0" yaku="1,1,18,1,54,1,53,0" doraHai="110" doraHaiUra="129" who="0" fromWho="1" sc="288,100,202,-80,240,0,250,0" /><INIT seed="0,2,0,0,3,64" ten="388,122,240,250" oya="0" hai0="97,103,4,57,20,52,96,105,30,60,92,21,78" hai1="101,43,113,126,88,104,118,27,29,127,87,25,2" hai2="135,62,75,12,83,69,84,81,11,71,59,65,55" hai3="6,36,79,58,133,99,50,80,19,54,108,0,123"/><T1/><D78/><U114/><E43/><V115/><F115/><N who="1" m="44041" /><E2/><V100/><F135/><W35/><G133/><T91/><REACH who="0" step="1"/><D30/><REACH who="0" ten="378,122,240,250" step="2"/><U86/><E118/><V111/><F111/><W82/><G79/><T68/><D68/><U110/><E110/><V131/><F131/><W24/><G108/><T98/><D98/><N who="1" m="61495" /><E29/><V23/><F69/><W70/><G70/><T63/><D63/><U33/><E33/><V8/><F71/><W66/><G35/><T107/><D107/><U18/><E18/><V85/><F75/><W102/><G19/><T34/><D34/><U41/><E41/><V72/><F72/><W7/><G99/><T117/><D117/><U14/><E14/><V109/><F109/><W74/><G74/><T124/><D124/><N who="1" m="47659" /><E87/><V61/><F84/><W51/><G0/><T46/><D46/><U53/><E53/><V112/><F85/><W17/><G54/><T38/><D38/><U32/><E32/><V106/><F112/><W48/><G17/><T56/><D56/><U134/><E134/><V49/><F12/><W130/><G58/><T47/><D47/><U15/><E15/><V122/><F59/><W13/><G13/><T3/><D3/><U77/><E77/><V22/><F55/><W9/><G36/><T120/><D120/><U93/><AGARI ba="2,1" hai="25,27,86,88,93" m="47659,61495,44041" machi="93" ten="30,4000,0" yaku="11,1,18,1,54,1" doraHai="64" who="1" fromWho="1" sc="378,-22,122,56,240,-12,250,-12" /><INIT seed="1,0,0,3,2,5" ten="356,178,228,238" oya="1" hai0="124,82,118,107,48,31,105,75,34,89,36,126,51" hai1="86,88,76,42,41,53,3,65,80,67,13,28,72" hai2="24,18,61,2,9,30,47,1,15,44,46,131,21" hai3="60,133,27,52,111,23,35,69,8,121,45,94,91"/><U66/><E3/><V129/><REACH who="2" step="1"/><F61/><REACH who="2" ten="356,178,218,238" step="2"/><W33/><G121/><T10/><D124/><U14/><E28/><V122/><F122/><W29/><G133/><T120/><D126/><U106/><E106/><V110/><F110/><W81/><G111/><T98/><D105/><U104/><E104/><V68/><F68/><W22/><G69/><T39/><D107/><U85/><E72/><V77/><F77/><W132/><G132/><T16/><D120/><U87/><E53/><V108/><F108/><W90/><G60/><T134/><D134/><U74/><E74/><V95/><F95/><W4/><G94/><T113/><D113/><U20/><E20/><V101/><F101/><W0/><G23/><T56/><D118/><U57/><E57/><V63/><F63/><W93/><G93/><T125/><D56/><U96/><E96/><V64/><F64/><W38/><G81/><T26/><D82/><N who="1" m="49207" /><E86/><V83/><F83/><W135/><G135/><T117/><D75/><U7/><E7/><V112/><F112/><W43/><G52/><T12/><D125/><U99/><E99/><V59/><F59/><W58/><G58/><T128/><D117/><U102/><E102/><V6/><F6/><W79/><G79/><T100/><D100/><U70/><E70/><V97/><F97/><W19/><REACH who="3" step="1"/><G35/><REACH who="3" ten="356,178,218,228" step="2"/><T11/><D34/><U123/><E123/><V84/><F84/><W50/><G50/><T71/><D71/><U25/><E25/><AGARI ba="0,2" hai="0,4,8,19,22,25,27,29,33,38,43,45,90,91" machi="25" ten="30,3900,0" yaku="1,1,7,1,52,1,53,0" doraHai="5" doraHaiUra="73" who="3" fromWho="1" sc="356,0,178,-39,218,0,228,59" /><INIT seed="2,0,0,1,4,38" ten="356,139,218,287" oya="2" hai0="77,17,107,117,16,20,84,40,68,59,27,99,132" hai1="97,129,100,110,56,118,81,71,39,122,76,65,78" hai2="126,130,115,101,28,33,120,104,61,47,63,54,64" hai3="67,36,9,53,128,12,58,48,72,121,24,1,87"/><V112/><F120/><W75/><G121/><T10/><D68/><U69/><E122/><V124/><F130/><W95/><G1/><T42/><D117/><U52/><E118/><V4/><F4/><W80/><G128/><T94/><D132/><U3/><E110/><V15/><F15/><W86/><G36/><T26/><D107/><U134/><E129/><V60/><F104/><W50/><G24/><T51/><D77/><U2/><E134/><V88/><F101/><W74/><G67/><T113/><D84/><U22/><E39/><V98/><F28/><W32/><G32/><T18/><D113/><U96/><E65/><V135/><F33/><W44/><G95/><T92/><D92/><U70/><E22/><V31/><F31/><W106/><G106/><T8/><D59/><U41/><E41/><N who="0" m="15977" /><D51/><U125/><E125/><N who="2" m="48235" /><F135/><W119/><G119/><T82/><D82/><U11/><E100/><V43/><F54/><N who="3" m="29959" /><G86/><T14/><D8/><U83/><E11/><V30/><F64/><W116/><G116/><T85/><D85/><U46/><E46/><V114/><F47/><W66/><G75/><T13/><D18/><U5/><E5/><V111/><F111/><W19/><G66/><T133/><D133/><U34/><E34/><V0/><F115/><W89/><AGARI ba="0,0" hai="9,12,19,50,53,58,72,74,80,87,89" m="29959" machi="89" ten="30,1100,0" yaku="25,1" doraHai="38" who="3" fromWho="3" sc="356,-3,139,-3,218,-5,287,11" /><INIT seed="3,0,0,1,5,81" ten="353,136,213,298" oya="3" hai0="17,112,101,41,11,59,36,58,114,52,100,76,71" hai1="50,70,108,49,73,131,54,24,92,0,18,67,28" hai2="133,66,132,31,10,69,30,5,115,1,91,106,107" hai3="55,47,110,96,25,128,134,22,51,72,60,123,82"/><W95/><G123/><T99/><D71/><U15/><E73/><V65/><F115/><N who="0" m="44074" /><D76/><U68/><E0/><V63/><F66/><W2/><G2/><T86/><D36/><U118/><E108/><V38/><F38/><W124/><G134/><N who="2" m="51817" /><F91/><W97/><G128/><T125/><D41/><U77/><E118/><V117/><F117/><W26/><G124/><T85/><D125/><U39/><E131/><V13/><F13/><W32/><G32/><T79/><D79/><U9/><E39/><V42/><F42/><W93/><G110/><T109/><D109/><U130/><E130/><V37/><F37/><W94/><G72/><T43/><D43/><U90/><E77/><V103/><F103/><N who="0" m="39498" /><D99/><N who="3" m="37961" /><G82/><T35/><D35/><U84/><E67/><V8/><F8/><W102/><G102/><T74/><D74/><U29/><E29/><AGARI ba="0,0" hai="1,5,10,29,30,31,63,65,69,106,107" m="51817" machi="29" ten="30,1000,0" yaku="20,1" doraHai="81" who="2" fromWho="1" sc="353,0,136,-10,213,10,298,0" /><INIT seed="4,0,0,1,4,71" ten="353,126,223,298" oya="0" hai0="26,122,121,128,94,10,101,43,8,106,86,30,127" hai1="66,95,82,33,114,70,57,125,28,123,19,62,35" hai2="69,61,92,47,7,31,54,117,91,75,126,97,105" hai3="124,36,132,84,2,53,112,130,99,50,25,68,9"/><T3/><D106/><U32/><E123/><V21/><F75/><W20/><G68/><T110/><D110/><U24/><E125/><V27/><F126/><W63/><G124/><T49/><D127/><U39/><E39/><V88/><F105/><W134/><G130/><T78/><D128/><U41/><E41/><V96/><F117/><W81/><G112/><T116/><D116/><U38/><E38/><V119/><F7/><W111/><G111/><T40/><D3/><U104/><E104/><V52/><F119/><W74/><G74/><T89/><D78/><U5/><E5/><V133/><F133/><W12/><G2/><T15/><D101/><U113/><E82/><V60/><F69/><W73/><G36/><T59/><D10/><U76/><E76/><V131/><F131/><W102/><G73/><T14/><D14/><U46/><E46/><V115/><F115/><N who="1" m="44041" /><E19/><V13/><F13/><W45/><G63/><N who="2" m="24137" /><F47/><W93/><G20/><N who="0" m="15687" /><D121/><U56/><E95/><AGARI ba="0,0" hai="21,27,31,52,54,88,91,92,95,96,97" m="24137" machi="95" ten="30,3900,0" yaku="8,1,54,2" doraHai="71" who="2" fromWho="1" sc="353,0,126,-39,223,39,298,0" /><INIT seed="5,0,0,5,2,105" ten="353,87,262,298" oya="1" hai0="70,100,6,126,21,103,51,99,84,10,109,65,79" hai1="83,39,97,43,28,25,121,44,18,35,42,34,30" hai2="115,48,8,95,127,23,64,107,135,113,36,38,93" hai3="4,94,129,86,46,96,71,15,88,0,74,9,24"/><U1/><E121/><V76/><F107/><W59/><G129/><T2/><D109/><U130/><E130/><V37/><F135/><W120/><G120/><T29/><D126/><U132/><E132/><V33/><F33/><W16/><G71/><T14/><D70/><U66/><E97/><V7/><F64/><W108/><G108/><T68/><D68/><U124/><E124/><V102/><F127/><W40/><G24/><N who="0" m="16527" /><D2/><U125/><E125/><V118/><F118/><W89/><G59/><T3/><D3/><U27/><E18/><V78/><F23/><W106/><G106/><T61/><D51/><U58/><E1/><V50/><F8/><W119/><G119/><T5/><D5/><U11/><E11/><V80/><F102/><W45/><G40/><T57/><D99/><U112/><E43/><V20/><F20/><W49/><G49/><N who="2" m="19049" /><F80/><AGARI ba="0,0" hai="6,10,14,57,61,65,79,80,84,100,103" m="16527" machi="80" ten="30,1000,0" yaku="8,1" doraHai="105" who="0" fromWho="2" sc="353,10,87,0,262,-10,298,0" /><INIT seed="6,0,0,4,5,124" ten="363,87,252,298" oya="2" hai0="132,116,46,33,80,52,29,39,69,56,126,15,37" hai1="24,9,72,134,128,60,113,57,48,93,127,68,119" hai2="90,92,23,34,135,109,95,1,118,129,25,67,108" hai3="125,78,71,22,104,21,45,5,100,97,13,59,2"/><V99/><F118/><W7/><G125/><T86/><D69/><U47/><E119/><V81/><F1/><W103/><G71/><T121/><D126/><U111/><E127/><V40/><F34/><W88/><G103/><T36/><D116/><U12/><E111/><N who="2" m="42571" /><F135/><W20/><G78/><T27/><D121/><U16/><E113/><V49/><F67/><W10/><G45/><T4/><D132/><U14/><E72/><V115/><F115/><W79/><G79/><T6/><D15/><U94/><E134/><V117/><F117/><W61/><G2/><T30/><D30/><U82/><E68/><V114/><F114/><W54/><G7/><T63/><REACH who="0" step="1"/><D46/><REACH who="0" ten="353,87,252,298" step="2"/><U42/><E14/><V107/><F107/><W85/><REACH who="3" step="1"/><G21/><REACH who="3" ten="353,87,252,288" step="2"/><T122/><D122/><U96/><E24/><V101/><F129/><W106/><G106/><T105/><D105/><U18/><E128/><V62/><F62/><W43/><G43/><T0/><D0/><U50/><E60/><V87/><F40/><W55/><G55/><T53/><D53/><U66/><E42/><V41/><F41/><W130/><G130/><T91/><AGARI ba="0,2" hai="4,6,27,29,33,36,37,39,52,56,63,80,86,91" machi="91" ten="30,4000,0" yaku="1,1,0,1,54,1,53,0" doraHai="124" doraHaiUra="11" who="0" fromWho="0" sc="353,60,87,-10,252,-20,288,-10" /><INIT seed="7,0,0,5,0,122" ten="413,77,232,278" oya="3" hai0="78,120,29,119,70,110,72,77,131,59,88,62,22" hai1="50,98,86,123,128,92,135,96,89,99,11,112,97" hai2="1,14,44,36,25,47,130,13,127,39,5,4,2" hai3="30,133,52,48,53,124,121,37,35,114,107,8,31"/><W85/><G121/><T108/><D70/><U7/><E123/><V104/><F25/><W125/><G37/><T69/><D120/><U67/><E67/><V90/><F104/><W45/><G107/><T132/><D69/><U66/><E66/><V81/><F81/><W115/><G133/><T41/><D132/><U40/><E135/><V55/><F130/><W87/><G8/><T19/><D119/><U27/><E128/><V83/><F83/><W63/><G63/><T0/><D0/><U43/><E112/><N who="3" m="43050" /><G53/><T126/><D126/><N who="3" m="48745" /><G35/><T32/><D32/><U93/><E27/><V100/><F127/><W56/><G45/><T6/><D6/><U16/><E50/><V82/><F82/><W21/><G21/><T24/><D41/><U58/><E58/><V102/><F55/><W57/><G56/><T106/><D106/><U17/><N who="1" m="25088" /><DORA hai="61" /><U46/><E93/><V105/><REACH who="2" step="1"/><F105/><REACH who="2" ten="413,77,222,278" step="2"/><W71/><G71/><T12/><D131/><U76/><E76/><V38/><F38/><W129/><G129/><T111/><D72/><U26/><E26/><V74/><F74/><W54/><G54/><T116/><D78/><U65/><E65/><V18/><F18/><W94/><G94/><T95/><D77/><U10/><E43/><V64/><F64/><W101/><G101/><T103/><D103/><U3/><REACH who="1" step="1"/><E11/><REACH who="1" ten="413,67,222,278" step="2"/><V84/><F84/><AGARI ba="0,2" hai="30,31,48,52,57,84,85,87" m="48745,43050" machi="84" ten="30,5800,0" yaku="15,1,18,1,54,1" doraHai="122,61" who="3" fromWho="2" sc="413,0,67,0,222,-58,278,78" /><INIT seed="7,1,0,4,3,39" ten="413,67,164,356" oya="3" hai0="46,105,77,76,19,35,86,115,108,100,68,75,22" hai1="90,8,66,121,33,7,59,18,52,57,103,48,29" hai2="128,72,27,40,67,92,31,36,60,73,104,99,62" hai3="71,119,61,133,47,23,87,37,34,50,85,120,112"/><W42/><G120/><T54/><D35/><U131/><E121/><V94/><F104/><W95/><G34/><T70/><D75/><U6/><E131/><V132/><F132/><W25/><G119/><T5/><D108/><U74/><E74/><V89/><F73/><W58/><G133/><T116/><D116/><U127/><E127/><V129/><F72/><W125/><G125/><T114/><D5/><U13/><E103/><V55/><F55/><W0/><G0/><T135/><D135/><U123/><E123/><V113/><F113/><N who="0" m="43018" /><D105/><U79/><E79/><N who="0" m="30281" /><D86/><U83/><E33/><N who="2" m="20735" /><F92/><W117/><G117/><T28/><D28/><U124/><E29/><V49/><F67/><W16/><G112/><T43/><D54/><U96/><E124/><V1/><F36/><W88/><G37/><N who="0" m="21871" /><D100/><U32/><E32/><V84/><F1/><W14/><G71/><T3/><D3/><U102/><E83/><V12/><F12/><AGARI ba="1,0" hai="12,19,22,68,70" m="21871,30281,43018" machi="12" ten="30,3900,0" yaku="15,1,11,1,52,1" doraHai="39" who="0" fromWho="2" sc="413,42,67,0,164,-42,356,0" owari="455,55.0,67,-43.0,122,-28.0,356,16.0" /></mjloggm>