<mjloggm ver="2.3"><GO type="97" lobby="0"/><UN n0="%E3%83%AB%E3%83%91%E3%83%B3%E5%90%9B" n1="%4F%4E%4F%46%46" n2="%E5%B0%B1%E6%B4%BB%E7%94%9F%40%E5%B7%9D%E6%9D%91%E8%BB%8D%E5%9B%A3" n3="%79%75%69%63%68%69%2D%6E" dan="15,14,15,14" rate="1929.85,1965.18,2008.62,1911.24" sx="M,M,M,M"/><TAIKYOKU oya="0"/><INIT seed="0,0,0,1,3,56" ten="250,250,250,250" oya="0" hai0="97,12,64,32,58,60,29,13,134,132,50,121,106" hai1="103,105,54,110,96,19,44,4,49,57,124,69,43" hai2="91,67,115,28,135,86,1,41,20,53,117,61,39" hai3="98,18,22,131,87,78,129,116,17,133,5,36,35"/><T122/><D106/><U81/><E110/><V45/><F1/><W109/><G36/><T46/><D32/><U30/><E124/><V31/><F117/><W94/><G116/><T34/><D34/><U108/><E108/><V71/><F115/><W24/><G109/><T11/><D29/><U93/><E30/><V3/><F3/><W23/><G35/><T127/><D97/><U114/><E114/><V75/><F75/><W79/><G5/><T123/><D11/><U63/><E4/><V37/><F37/><W120/><G120/><T8/><D8/><U14/><E81/><V15/><F135/><N who="0" m="51754" /><D127/><U118/><E118/><V104/><F104/><W40/><G40/><AGARI ba="0,0" hai="12,13,40,46,50,58,60,64,121,122,123" m="51754" machi="40" ten="40,3900,0" yaku="20,1,52,1" doraHai="56" who="0" fromWho="3" sc="250,39,250,0,250,0,250,-39" /><INIT seed="0,1,0,3,0,74" ten="289,250,250,211" oya="0" hai0="7,125,13,18,111,124,133,25,96,4,33,49,57" hai1="71,19,46,26,130,39,51,123,98,54,73,44,112" hai2="106,42,50,64,0,135,30,5,61,110,31,22,10" hai3="34,23,70,38,105,9,68,126,17,62,91,12,129"/><T99/><D133/><U24/><E123/><V87/><F106/><W67/><G38/><T78/><D111/><U90/><E71/><V75/><F75/><W72/><G105/><T82/><D33/><U119/><E119/><V56/><F110/><W41/><G34/><T79/><D82/><U6/><E112/><V77/><F135/><W134/><G72/><T128/><D128/><U58/><E130/><V116/><F116/><W114/><G129/><T131/><D131/><U127/><E73/><V113/><F22/><W115/><G134/><T118/><D25/><U60/><E127/><N who="0" m="48713" /><D49/><U83/><E39/><V85/><F113/><W97/><G70/><T3/><D57/><U48/><E6/><N who="0" m="2089" /><D3/><U88/><E98/><N who="0" m="37417" /><D118/><U36/><E36/><V11/><F50/><W43/><G126/><T93/><D93/><U27/><E19/><V53/><F64/><W94/><G114/><T35/><D35/><U132/><E132/><V66/><F66/><W89/><G115/><T103/><D103/><U108/><E83/><V45/><F5/><W117/><G117/><T107/><D107/><U109/><E108/><V8/><F0/><W20/><REACH who="3" step="1"/><G91/><REACH who="3" ten="289,250,250,201" step="2"/><T14/><D18/><U80/><E109/><V65/><F31/><W59/><G59/><T95/><D95/><U100/><E100/><V32/><F30/><W84/><G84/><T101/><D101/><U121/><E90/><V76/><F32/><W52/><G52/><T28/><D28/><U120/><E88/><V63/><F53/><W92/><G92/><T2/><D2/><U37/><E37/><N who="2" m="21711" /><F63/><W81/><G81/><RYUUKYOKU ba="1,1" sc="289,10,250,-30,250,10,201,10" hai0="13,14,78,79" hai2="8,10,11,56,61,65,76,77,85,87" hai3="9,12,17,20,23,41,43,62,67,68,89,94,97" /><INIT seed="0,2,1,2,3,116" ten="299,220,260,211" oya="0" hai0="89,17,44,27,20,63,34,90,124,59,51,82,84" hai1="13,58,83,111,77,31,74,54,55,76,18,52,94" hai2="103,110,133,120,65,122,64,85,131,24,25,4,79" hai3="3,99,88,125,48,92,40,114,128,38,73,91,56"/><T39/><D124/><U41/><E111/><V68/><F4/><W112/><G3/><T35/><D39/><U104/><E104/><V86/><F110/><W28/><G73/><T30/><D90/><U11/><E41/><V43/><F131/><W134/><G125/><T23/><D35/><U19/><E77/><V123/><F133/><W75/><G75/><T127/><D127/><U102/><E31/><V72/><F43/><W1/><G1/><T132/><D132/><U135/><E135/><V69/><F103/><W5/><G128/><T61/><D59/><U7/><E102/><V0/><F72/><W71/><G71/><N who="2" m="27209" /><F79/><W100/><G134/><T21/><REACH who="0" step="1"/><D17/><REACH who="0" ten="289,220,260,211" step="2"/><U129/><E129/><V57/><F57/><W26/><G112/><T37/><D37/><U45/><E45/><V117/><F117/><W106/><G38/><T42/><AGARI ba="2,2" hai="20,21,23,27,30,34,42,44,51,61,63,82,84,89" machi="42" ten="30,3000,0" yaku="1,1,0,1,53,0" doraHai="116" doraHaiUra="6" who="0" fromWho="0" sc="289,56,220,-12,260,-12,211,-12" /><INIT seed="0,3,0,4,2,14" ten="345,208,248,199" oya="0" hai0="47,22,38,123,7,126,81,108,78,5,82,100,133" hai1="94,66,6,113,37,86,62,11,26,72,114,87,74" hai2="43,103,36,121,127,69,15,79,91,134,35,21,80" hai3="16,112,92,64,88,56,116,57,44,51,0,30,55"/><T71/><D123/><U3/><E37/><V54/><F35/><W20/><G0/><T63/><D133/><U25/><E25/><V49/><F69/><W41/><G112/><N who="1" m="43114" /><E26/><V128/><F121/><W34/><G34/><T99/><D126/><U53/><E53/><V115/><F115/><W19/><G116/><T46/><D108/><U68/><E94/><V95/><F128/><W24/><G64/><T48/><D38/><U106/><E106/><V84/><F127/><W31/><G31/><T83/><D78/><U77/><E77/><V40/><F36/><W120/><G120/><T13/><D63/><U58/><E68/><V85/><F103/><W17/><G41/><T105/><D71/><U8/><E8/><V60/><F60/><W130/><G130/><T18/><REACH who="0" step="1"/><D46/><REACH who="0" ten="335,208,248,199" step="2"/><U89/><E89/><V96/><F134/><W111/><G111/><T10/><D10/><U98/><E98/><AGARI ba="3,1" hai="16,17,19,20,24,30,44,51,55,56,57,88,92,98" machi="98" ten="40,12000,2" yaku="8,1,52,3,54,2" doraHai="14" who="3" fromWho="1" sc="335,0,208,-129,248,0,199,139" /><INIT seed="1,0,0,3,4,114" ten="335,79,248,338" oya="1" hai0="4,90,15,107,118,60,41,113,77,112,102,119,78" hai1="9,62,131,135,116,100,84,70,39,73,101,126,120" hai2="30,115,7,134,29,19,54,89,109,69,45,33,99" hai3="55,6,88,75,40,96,122,105,43,37,83,86,95"/><U36/><E120/><V18/><F69/><W97/><G122/><T17/><D4/><U123/><E123/><V58/><F33/><W47/><G6/><T27/><D27/><U127/><E73/><V104/><F115/><N who="0" m="44106" /><D41/><U21/><E84/><V11/><F109/><W64/><G64/><T76/><D60/><U46/><E9/><V124/><F45/><W108/><G108/><T56/><D56/><U50/><E21/><V63/><F124/><N who="1" m="47657" /><E101/><V31/><F134/><W130/><G130/><T91/><D17/><U8/><E8/><V93/><REACH who="2" step="1"/><F104/><REACH who="2" ten="335,79,238,338" step="2"/><W133/><G133/><T44/><D44/><U35/><E135/><V25/><F25/><W132/><G132/><T53/><D107/><U66/><E35/><V125/><F125/><W94/><G105/><T23/><D23/><U74/><E74/><V22/><F22/><W57/><G47/><T20/><D20/><U61/><E131/><V106/><F106/><W117/><G117/><T72/><D72/><U14/><E14/><AGARI ba="0,1" hai="7,11,14,18,19,29,30,31,54,58,63,89,93,99" machi="14" ten="40,5200,0" yaku="1,1,8,1,53,1" doraHai="114" doraHaiUra="51" who="2" fromWho="1" sc="335,0,79,-52,238,62,338,0" /><INIT seed="2,0,0,1,3,54" ten="335,27,300,338" oya="2" hai0="60,119,86,91,120,110,64,93,67,46,115,72,108" hai1="95,45,111,53,118,11,50,36,113,44,31,74,96" hai2="37,7,76,102,116,133,15,88,66,51,19,27,135" hai3="90,38,68,125,78,101,107,57,109,81,3,131,63"/><V23/><F37/><W75/><G109/><N who="0" m="42091" /><D120/><U40/><E74/><V114/><F116/><W39/><G125/><T5/><D115/><U130/><E111/><V8/><F114/><W4/><G131/><T42/><D72/><U35/><E113/><V124/><F124/><W16/><G68/><N who="0" m="41991" /><D5/><U77/><E130/><V28/><F76/><W41/><G41/><T89/><D67/><U71/><E77/><V79/><F79/><W132/><G132/><N who="2" m="50761" /><F102/><W103/><G103/><T94/><D119/><U87/><E71/><V129/><F129/><W58/><G63/><T20/><D20/><U47/><E87/><V85/><F66/><W48/><G48/><N who="0" m="26711" /><D91/><U22/><E35/><V134/><N who="2" m="50769" /><V97/><DORA hai="82" /><F51/><W69/><G69/><T14/><D14/><U122/><E118/><V73/><F73/><W121/><G90/><T59/><D59/><N who="3" m="22537" /><G121/><T29/><D29/><U99/><E122/><V127/><F127/><W56/><N who="3" m="22545" /><W6/><DORA hai="34" /><G3/><T17/><D17/><U0/><E99/><V105/><F97/><W32/><G32/><T104/><D104/><U12/><E0/><V98/><F98/><W26/><G101/><T13/><D13/><U62/><E96/><V70/><F70/><W106/><G39/><T33/><D33/><U49/><E36/><V80/><F105/><N who="3" m="39947" /><G38/><T117/><D117/><U126/><E126/><V65/><F65/><W52/><G52/><T43/><D43/><U112/><E40/><V18/><AGARI ba="0,0" hai="7,8,15,18,19,23,27,28,80,85,88" m="50769" machi="18" ten="40,7800,0" yaku="20,1,52,1,54,1" doraHai="54,82,34" who="2" fromWho="2" sc="335,-26,27,-26,300,78,338,-26" /><INIT seed="2,1,0,5,1,77" ten="309,1,378,312" oya="2" hai0="64,18,104,110,5,115,71,23,10,50,55,42,14" hai1="113,83,22,43,79,125,51,29,46,124,116,126,41" hai2="13,6,69,105,32,133,72,30,27,24,128,114,90" hai3="75,12,98,20,78,102,87,15,107,101,132,130,25"/><V53/><F105/><W134/><G102/><T58/><D104/><U108/><E113/><V16/><F69/><W82/><G130/><T63/><D115/><U76/><E116/><V89/><F72/><W67/><G67/><T9/><D110/><U123/><E108/><V95/><F114/><W84/><G12/><T39/><REACH who="0" step="1"/><D5/><REACH who="0" ten="299,1,378,312" step="2"/><U88/><E123/><V117/><F6/><W92/><G15/><T21/><D21/><U26/><E43/><V57/><F117/><W3/><G20/><T135/><D135/><N who="3" m="51753" /><G25/><T31/><D31/><U96/><E96/><V122/><F133/><W28/><G3/><T91/><D91/><U118/><E118/><V68/><F27/><W17/><G28/><T99/><D99/><U33/><E33/><V52/><F122/><W73/><G17/><T111/><D111/><U54/><E41/><V103/><F128/><W85/><G73/><T121/><D121/><U8/><E8/><V119/><F119/><W2/><G2/><T60/><D60/><U37/><E37/><V56/><F90/><AGARI ba="1,1" hai="75,78,82,84,85,87,90,92,98,101,107" m="51753" machi="90" ten="30,8000,1" yaku="24,1,20,1,34,2,52,1" doraHai="77" who="3" fromWho="2" sc="299,0,1,0,378,-83,312,93" /><INIT seed="3,0,0,5,2,26" ten="299,1,295,405" oya="3" hai0="128,66,36,28,53,106,125,61,80,120,39,76,7" hai1="68,73,62,43,10,134,86,30,85,32,101,20,9" hai2="58,88,96,54,49,25,91,98,1,108,4,42,12" hai3="19,97,72,132,130,104,41,127,123,124,5,112,110"/><W17/><G72/><T92/><D120/><U65/><E134/><V16/><F108/><W57/><G112/><T99/><D106/><U78/><E43/><V135/><F135/><W52/><G132/><T113/><D113/><U126/><E126/><N who="3" m="48170" /><G123/><T122/><D125/><U119/><E119/><V77/><F1/><W74/><G74/><T103/><D128/><U93/><E32/><V83/><F42/><W111/><G130/><T56/><D122/><U94/><E73/><V118/><F118/><W82/><G82/><T11/><D53/><U37/><E37/><V69/><F69/><W79/><G79/><T24/><D80/><U14/><E9/><N who="2" m="6159" /><F4/><W81/><G81/><T129/><D76/><U105/><E105/><V22/><F77/><W115/><G115/><T35/><D129/><U63/><E63/><V84/><F91/><W87/><G87/><T40/><D40/><U95/><E101/><V8/><F8/><W71/><G71/><T21/><REACH who="0" step="1"/><D35/><REACH who="0" ten="289,1,295,405" step="2"/><U89/><E78/><V100/><F100/><N who="3" m="62479" /><G41/><T44/><D44/><U45/><E45/><V3/><F3/><AGARI ba="0,1" hai="3,7,11,21,24,28,36,39,56,61,66,92,99,103" machi="3" ten="30,12000,2" yaku="1,1,7,1,25,2,52,1,53,1" doraHai="26" doraHaiUra="27" who="0" fromWho="2" sc="289,130,1,0,295,-120,405,0" owari="419,51.0,1,-50.0,175,-22.0,405,21.0" /></mjloggm>