<mjloggm ver="2.3"><GO type="169" lobby="0"/><UN n0="%EF%BC%93%E7%95%AA%E3%82%B7%E3%83%A7%E3%83%BC%E3%83%88%E5%9D%82%E7%94%B0" n1="%73%65%74%73%75%2E%31%35" n2="%E5%B0%B1%E6%B4%BB%E7%94%9F%40%E5%B7%9D%E6%9D%91%E8%BB%8D%E5%9B%A3" n3="%E5%AE%88%E6%9D%91%E6%A1%9C%E5%BC%A5" dan="16,16,17,16" rate="2054.95,2034.88,2210.74,2140.35" sx="M,M,M,M"/><TAIKYOKU oya="0"/><INIT seed="0,0,0,3,5,25" ten="250,250,250,250" oya="0" hai0="51,104,36,95,7,23,118,62,132,130,82,13,14" hai1="89,123,103,116,126,128,34,120,75,94,111,57,97" hai2="67,100,64,86,112,69,32,127,133,61,99,129,12" hai3="124,134,26,59,48,63,29,78,65,21,41,105,80"/><T125/><D36/><U108/><E34/><V40/><F112/><W107/><G124/><T121/><D104/><N who="1" m="63599" /><E57/><V50/><F67/><W4/><G4/><T46/><D121/><N who="1" m="46667" /><E116/><V81/><F129/><W109/><G134/><T68/><D132/><U22/><E22/><V113/><F127/><W60/><G109/><N who="1" m="42058" /><E126/><V70/><F70/><W42/><G42/><T37/><D125/><U135/><E135/><V131/><F32/><W98/><G41/><T10/><D37/><U11/><E11/><V79/><F131/><W84/><G48/><T47/><D130/><U66/><E66/><V55/><F133/><W45/><G45/><T35/><D118/><U16/><E16/><V24/><F40/><W96/><G63/><T30/><D35/><U15/><E15/><V1/><F12/><W115/><G115/><T88/><D68/><U85/><E128/><V93/><F1/><W87/><G107/><T20/><D62/><U3/><E3/><V18/><F113/><W76/><G105/><T101/><D14/><U31/><E31/><V9/><F9/><W92/><G92/><T91/><D82/><AGARI ba="0,0" hai="21,26,29,59,60,65,76,78,80,82,84,87,96,98" machi="82" ten="40,5200,0" yaku="9,1,8,1,52,1" doraHai="25" who="3" fromWho="0" sc="250,-52,250,0,250,0,250,52" /><INIT seed="1,0,0,0,2,116" ten="198,250,250,302" oya="1" hai0="119,76,9,66,12,71,54,22,15,55,79,41,46" hai1="51,104,34,135,133,130,20,100,103,94,60,6,78" hai2="112,114,8,24,25,120,88,115,121,129,29,102,57" hai3="80,50,74,42,32,97,53,7,58,117,68,75,31"/><U89/><E34/><V40/><F102/><W106/><G117/><T1/><D119/><U5/><E130/><V83/><F129/><W16/><G68/><T101/><D1/><U96/><E78/><V128/><F128/><W11/><G80/><T26/><D101/><U56/><E51/><V48/><F8/><W21/><G31/><T81/><D66/><U4/><E20/><N who="2" m="15495" /><F25/><W28/><G32/><T61/><D71/><U45/><E45/><N who="2" m="25639" /><F57/><W72/><G28/><T113/><D113/><U47/><E47/><V126/><F126/><W124/><G42/><T99/><D61/><U62/><E62/><V65/><F65/><W23/><G124/><T70/><D70/><U27/><E27/><V10/><F10/><W122/><G122/><T64/><D64/><U131/><E131/><V105/><F105/><W92/><G106/><T91/><D46/><U118/><E118/><V123/><F88/><W127/><G127/><T90/><D91/><U77/><E77/><V44/><F44/><W37/><G23/><T49/><D26/><U59/><E100/><V98/><F83/><W95/><G37/><T36/><D81/><U2/><E2/><V0/><F0/><N who="3" m="487" /><G97/><AGARI ba="0,0" hai="97,98,112,114,115,120,121,123" m="25639,15495" machi="97" ten="40,8000,1" yaku="11,1,52,3" doraHai="116" who="2" fromWho="3" sc="198,0,250,0,250,80,302,-80" /><INIT seed="2,0,0,0,4,117" ten="198,250,330,222" oya="2" hai0="124,85,58,26,32,71,133,41,3,62,47,88,76" hai1="61,51,0,84,87,120,83,8,36,66,95,94,101" hai2="14,45,34,20,105,13,39,104,50,135,9,53,134" hai3="28,97,106,63,70,73,33,98,109,100,127,114,31"/><V35/><F39/><W11/><G109/><T4/><D71/><U116/><E36/><V86/><F20/><W12/><G114/><T22/><D32/><U67/><E116/><V89/><F35/><W19/><G127/><T49/><D124/><U17/><E120/><V79/><F79/><W96/><G73/><T110/><D133/><U72/><E72/><V48/><F34/><W30/><REACH who="3" step="1"/><G33/><REACH who="3" ten="198,250,330,212" step="2"/><T27/><D110/><U77/><E67/><AGARI ba="0,1" hai="11,12,19,28,30,31,63,67,70,96,97,98,100,106" machi="67" ten="40,5200,0" yaku="1,1,2,1,53,1" doraHai="117" doraHaiUra="7" who="3" fromWho="1" sc="198,0,250,-52,330,0,212,62" /><INIT seed="3,0,0,2,1,33" ten="198,198,330,274" oya="3" hai0="71,21,95,51,107,34,75,8,94,60,72,80,104" hai1="119,73,50,117,85,121,128,5,91,87,99,108,116" hai2="11,114,17,18,41,65,30,54,86,32,76,37,110" hai3="111,52,25,53,78,39,84,12,93,27,124,100,118"/><W81/><G118/><T101/><D34/><U56/><E73/><V97/><F110/><W134/><G39/><T58/><D71/><U10/><E108/><V23/><F32/><W19/><G111/><T7/><D51/><U82/><E128/><V123/><F65/><W36/><G36/><T61/><D21/><U46/><E121/><V15/><F37/><W35/><G124/><T127/><D127/><U48/><E99/><V106/><F41/><W59/><G134/><T90/><D61/><U103/><E103/><V83/><F123/><W96/><G35/><T43/><D43/><U109/><E109/><V68/><F68/><W130/><G130/><T77/><D72/><U31/><E31/><V3/><F114/><W38/><G38/><T131/><D101/><U62/><E87/><V132/><F30/><W64/><G64/><T112/><D112/><U24/><E24/><N who="3" m="9290" /><G59/><T129/><D131/><U28/><E28/><V2/><F132/><W63/><G63/><T45/><D45/><U122/><E122/><V69/><F69/><W1/><G1/><T20/><D129/><U14/><REACH who="1" step="1"/><E46/><REACH who="1" ten="198,188,330,274" step="2"/><V6/><F97/><W13/><G100/><T105/><D75/><U42/><E42/><V88/><F106/><W102/><G102/><T4/><D107/><U133/><E133/><V98/><F98/><W44/><G44/><T16/><D16/><U55/><AGARI ba="0,1" hai="5,10,14,48,50,55,56,62,82,85,91,116,117,119" machi="55" ten="30,4000,0" yaku="1,1,0,1,12,1,53,0" doraHai="33" doraHaiUra="70" who="1" fromWho="1" sc="198,-10,188,50,330,-10,274,-20" /><INIT seed="4,0,0,0,2,60" ten="188,238,320,254" oya="0" hai0="44,41,50,2,28,42,56,78,127,62,96,81,63" hai1="71,111,51,106,29,118,133,24,116,91,7,134,84" hai2="64,37,26,70,31,11,80,22,47,92,12,123,115" hai3="35,76,14,69,25,59,55,75,21,33,52,27,39"/><T131/><D2/><U122/><E106/><V73/><F123/><W119/><G119/><T67/><D131/><U66/><E111/><V0/><F115/><W18/><G39/><T34/><D127/><U19/><E7/><V102/><F0/><W125/><G69/><T68/><D96/><U98/><E98/><N who="2" m="59719" /><F70/><W53/><G125/><T109/><D109/><U114/><E19/><V120/><F37/><W135/><G135/><N who="1" m="51722" /><E122/><V93/><F73/><W72/><G59/><T58/><D42/><U110/><E110/><V95/><F80/><W129/><G129/><T99/><D99/><U43/><E51/><V100/><F100/><W30/><REACH who="3" step="1"/><G76/><REACH who="3" ten="188,238,320,244" step="2"/><T23/><D63/><U48/><E114/><V38/><F38/><W79/><G79/><T104/><D104/><U103/><E71/><V105/><F47/><W101/><G101/><T97/><D97/><U10/><E103/><V6/><F105/><W128/><G128/><T16/><D78/><U126/><E126/><V112/><F112/><W77/><G77/><T83/><D58/><U49/><E118/><V61/><F120/><W130/><G130/><T54/><D68/><U86/><E116/><V85/><F85/><W94/><G94/><T113/><D113/><U9/><E84/><V65/><F61/><W8/><G8/><T107/><D107/><U89/><E9/><V90/><F93/><W5/><G5/><T57/><D57/><U132/><E10/><V40/><F95/><W3/><G3/><T36/><D36/><U1/><E86/><V124/><F124/><W17/><G17/><T74/><D56/><RYUUKYOKU ba="0,1" sc="188,-10,238,-10,320,-10,244,30" hai3="14,18,21,25,27,30,33,35,52,53,55,72,75" /><INIT seed="5,1,1,3,3,43" ten="178,228,310,274" oya="1" hai0="63,1,76,30,38,125,55,133,97,17,95,83,9" hai1="107,68,100,75,103,105,92,39,53,4,35,126,8" hai2="104,21,119,33,85,7,51,42,56,11,20,123,71" hai3="69,135,25,5,40,27,58,0,122,110,120,15,57"/><U36/><E35/><V28/><F71/><W59/><G110/><T14/><D38/><U67/><E126/><V32/><F104/><W50/><G69/><T81/><D125/><U132/><E132/><V112/><F119/><W48/><G0/><T77/><D133/><U47/><E75/><V80/><F123/><W96/><G135/><T22/><D22/><U118/><E118/><V99/><F99/><W124/><G124/><T93/><D30/><U127/><E127/><V31/><F112/><W87/><G96/><T54/><D1/><U128/><E128/><V84/><F84/><W46/><G120/><T61/><D95/><U131/><E131/><V129/><F129/><W102/><G102/><T74/><D63/><U26/><E26/><N who="3" m="9738" /><G87/><T78/><D61/><U62/><E107/><V114/><F114/><W64/><G122/><T88/><REACH who="0" step="1"/><D78/><REACH who="0" ten="168,228,310,274" step="2"/><U49/><E105/><V29/><F33/><W90/><G64/><T82/><D82/><U65/><E67/><V41/><F32/><W106/><G106/><T86/><AGARI ba="1,2" hai="9,14,17,54,55,74,76,77,81,83,86,88,93,97" machi="86" ten="20,5200,0" yaku="1,1,0,1,7,1,54,1,53,0" doraHai="43" doraHaiUra="109" who="0" fromWho="0" sc="168,75,228,-27,310,-14,274,-14" /><INIT seed="6,0,0,0,2,135" ten="243,201,296,260" oya="2" hai0="94,103,5,32,74,107,118,31,111,125,126,30,22" hai1="119,48,105,46,9,127,70,42,124,88,62,87,56" hai2="26,50,65,76,72,36,60,110,53,47,86,14,101" hai3="122,3,18,19,17,89,41,78,77,112,90,129,102"/><V52/><F72/><W95/><G3/><T73/><D107/><U4/><E105/><V39/><F101/><W116/><G116/><T97/><D111/><U117/><E70/><V63/><F26/><W59/><G122/><T27/><D5/><U40/><E40/><N who="2" m="24935" /><F14/><W8/><G129/><T109/><D109/><U44/><E44/><V25/><F25/><W33/><G33/><T67/><D67/><U66/><E117/><V51/><F86/><W58/><G41/><T1/><D1/><U35/><E35/><V21/><F21/><W85/><G102/><T106/><D118/><U71/><E119/><V7/><F7/><W11/><G112/><T130/><D130/><U64/><E66/><V134/><F76/><W79/><G89/><T6/><D6/><U100/><E71/><N who="2" m="42407" /><F110/><W54/><G11/><T2/><D2/><U80/><REACH who="1" step="1"/><E100/><REACH who="1" ten="243,191,296,260" step="2"/><V69/><F134/><W99/><G54/><N who="2" m="21097" /><F51/><W20/><G8/><T96/><D32/><U49/><E49/><V84/><F69/><W123/><G20/><T93/><D106/><U43/><E43/><V131/><F63/><W38/><G123/><T92/><D103/><U10/><E10/><V16/><F131/><W91/><G38/><T98/><REACH who="0" step="1"/><D31/><REACH who="0" ten="233,191,296,260" step="2"/><U128/><E128/><V82/><F36/><W81/><AGARI ba="0,2" hai="17,18,19,58,59,77,78,79,81,85,90,91,95,99" machi="81" ten="30,2000,0" yaku="0,1,8,1" doraHai="135" who="3" fromWho="3" sc="233,-5,191,-5,296,-10,260,40" /><INIT seed="7,0,0,4,4,57" ten="228,186,286,300" oya="3" hai0="36,123,101,14,8,30,16,121,29,110,75,23,89" hai1="56,12,124,105,132,0,77,15,63,20,125,97,93" hai2="65,108,67,64,6,79,68,41,46,92,10,87,120" hai3="99,38,100,9,19,133,37,39,134,27,102,70,11"/><W42/><G70/><T32/><D75/><U95/><E0/><V28/><F108/><W48/><G42/><T111/><D36/><U22/><E77/><V113/><F113/><W2/><G48/><T135/><D89/><U107/><E132/><N who="3" m="50794" /><G2/><T96/><D96/><U114/><E114/><V66/><F120/><N who="0" m="46154" /><D101/><N who="3" m="39017" /><G99/><T49/><D49/><U126/><E20/><AGARI ba="0,0" hai="9,11,19,20,27,37,38,39" m="39017,50794" machi="20" ten="40,2000,0" yaku="20,1" doraHai="57" who="3" fromWho="1" sc="228,0,186,-20,286,0,300,20" owari="228,-17.0,166,-33.0,286,9.0,320,41.0" /></mjloggm>