<mjloggm ver="2.3"><GO type="169" lobby="0"/><UN n0="%E3%83%81%E3%83%A5%E3%83%AB%E3%82%B9" n1="%77%61%74%61%75" n2="%E3%83%88%E3%83%88%E3%83%AA%E5%85%88%E7%94%9F%31%39%E6%AD%B3" n3="%E3%83%86%E3%83%AC%E3%83%93%E3%81%A3%E5%AD%90" dan="16,16,19,17" rate="2127.13,2068.89,2271.37,2127.42" sx="M,M,F,M"/><TAIKYOKU oya="0"/><INIT seed="0,0,0,0,1,26" ten="250,250,250,250" oya="0" hai0="23,103,46,70,121,32,62,17,105,85,99,127,27" hai1="126,38,124,82,31,132,47,22,30,79,74,125,14" hai2="39,53,91,98,107,92,18,28,9,112,83,54,119" hai3="80,25,106,34,7,4,96,71,59,21,66,67,86"/><T6/><D121/><U87/><E132/><V115/><F39/><W116/><G116/><T61/><D127/><U113/><E113/><V40/><F40/><W0/><G71/><T117/><D117/><U57/><E57/><V36/><F36/><W109/><G109/><T68/><D46/><U50/><E38/><V12/><F119/><W20/><G34/><T49/><D49/><U123/><E123/><V33/><F107/><W24/><G106/><T129/><D129/><U64/><E64/><V97/><F97/><W8/><G96/><T128/><D128/><U88/><E14/><V11/><F11/><W76/><G4/><T118/><D118/><U48/><E22/><V43/><F43/><W13/><G0/><T63/><D6/><U134/><E134/><V84/><F115/><W131/><G131/><T133/><D133/><U56/><E56/><V108/><F108/><W1/><G1/><T29/><REACH who="0" step="1"/><D85/><REACH who="0" ten="240,250,250,250" step="2"/><U41/><E48/><V81/><F112/><W58/><G67/><T130/><D130/><U15/><REACH who="1" step="1"/><E15/><AGARI ba="0,1" hai="15,17,23,27,29,32,61,62,63,68,70,99,103,105" machi="15" ten="40,7700,0" yaku="1,1,52,1,53,1" doraHai="26" doraHaiUra="95" who="0" fromWho="1" sc="240,87,250,-77,250,0,250,0" /><INIT seed="0,1,0,2,5,101" ten="327,173,250,250" oya="0" hai0="127,62,108,14,82,30,4,7,20,12,19,51,39" hai1="72,66,130,116,0,5,91,44,42,3,135,13,124" hai2="63,31,93,6,97,52,59,8,114,86,37,54,2" hai3="129,122,64,133,65,77,35,45,126,57,111,87,27"/><T69/><D39/><U25/><E116/><V61/><F114/><W104/><G111/><T49/><D127/><U17/><E72/><V105/><F37/><W112/><G112/><T85/><D108/><U106/><E124/><V16/><F31/><W109/><G109/><T68/><D30/><U67/><E130/><V41/><F41/><W115/><G35/><T40/><D7/><U113/><E113/><V26/><F86/><W74/><G104/><T134/><D134/><U119/><E119/><V70/><F105/><W107/><G107/><T28/><D28/><U110/><E110/><V131/><F131/><W79/><G74/><T1/><D1/><U18/><E106/><V123/><F123/><W128/><G133/><T88/><D62/><U92/><E135/><V96/><F70/><W29/><G126/><T46/><REACH who="0" step="1"/><D51/><REACH who="0" ten="317,173,250,250" step="2"/><U23/><E5/><V33/><F61/><W94/><G129/><T21/><D21/><N who="1" m="11439" /><E3/><V75/><F33/><W11/><G128/><T60/><D60/><U103/><E0/><V102/><F2/><W73/><G122/><T36/><D36/><U125/><E125/><V32/><F32/><W53/><G115/><T56/><D56/><U78/><E23/><N who="2" m="13671" /><F6/><W24/><G29/><T10/><AGARI ba="1,1" hai="4,10,12,14,19,20,40,46,49,68,69,82,85,88" machi="10" ten="30,6000,0" yaku="1,1,0,1,54,1,53,0" doraHai="101" doraHaiUra="100" who="0" fromWho="0" sc="317,73,173,-21,250,-21,250,-21" /><INIT seed="0,2,0,1,0,60" ten="390,152,229,229" oya="0" hai0="114,0,7,120,45,119,105,57,55,38,31,63,82" hai1="113,36,43,131,109,118,53,129,100,27,32,5,75" hai2="83,44,71,29,117,106,86,103,126,28,9,33,22" hai3="4,67,98,133,128,19,61,62,81,92,1,34,102"/><T95/><D105/><U134/><E118/><V15/><F33/><W10/><G128/><N who="1" m="49226" /><E75/><V85/><F126/><W87/><G133/><T79/><D114/><U58/><E134/><V65/><F117/><W25/><G62/><T104/><D104/><U112/><E100/><V26/><F29/><W91/><G19/><T37/><D95/><U13/><E5/><V6/><F71/><W122/><G122/><T40/><D31/><U73/><E73/><V14/><F106/><W96/><G96/><T49/><D120/><U125/><E13/><V8/><F103/><W51/><G51/><T121/><D121/><U93/><E93/><V17/><F44/><W69/><G25/><T115/><D115/><N who="1" m="44107" /><E27/><V66/><F86/><W107/><REACH who="3" step="1"/><G92/><REACH who="3" ten="390,152,229,219" step="2"/><T56/><D119/><U135/><E135/><V2/><REACH who="2" step="1"/><F2/><REACH who="2" ten="390,152,219,219" step="2"/><W54/><G54/><T74/><D0/><U64/><E125/><V70/><F70/><W50/><G50/><T42/><D38/><U72/><E36/><V127/><F127/><W16/><G16/><T41/><D37/><U132/><E132/><V94/><F94/><W47/><G47/><T124/><D124/><U101/><E53/><V78/><AGARI ba="2,2" hai="6,8,9,14,15,17,22,26,28,65,66,78,83,85" machi="78" ten="20,12000,2" yaku="1,1,0,1,7,1,8,1,52,2,53,1" doraHai="60" doraHaiUra="76" who="2" fromWho="2" sc="390,-62,152,-32,219,146,219,-32" /><INIT seed="1,0,0,0,5,92" ten="328,120,365,187" oya="1" hai0="27,48,87,80,19,46,100,59,53,71,110,99,20" hai1="61,15,2,127,62,51,81,47,108,26,68,64,90" hai2="4,32,132,3,115,22,107,84,16,1,76,70,78" hai3="33,120,121,131,95,50,12,23,30,88,49,7,94"/><U119/><E2/><V17/><F70/><W65/><G131/><T89/><D71/><U128/><E119/><V111/><F32/><W52/><G65/><T25/><D110/><U122/><E122/><V134/><F111/><W45/><G33/><T135/><D135/><N who="2" m="51754" /><F115/><W125/><G125/><T55/><D27/><U105/><E108/><V34/><F34/><W69/><G69/><T85/><D85/><N who="1" m="50479" /><E105/><V98/><F4/><W102/><G30/><T113/><D113/><U133/><E127/><V109/><F17/><W126/><G126/><T86/><D86/><U39/><E128/><V73/><F73/><W10/><G23/><T36/><D36/><U66/><E39/><V42/><F42/><W96/><G50/><T75/><D75/><U97/><E133/><V56/><F56/><W117/><G117/><T93/><REACH who="0" step="1"/><D59/><REACH who="0" ten="318,120,365,187" step="2"/><U91/><E68/><V18/><F109/><W38/><G38/><T77/><D77/><U101/><E26/><N who="2" m="14663" /><F84/><AGARI ba="0,1" hai="7,10,12,45,49,52,84,88,94,95,96,102,120,121" machi="84" ten="30,7700,0" yaku="7,1,52,1,54,2" doraHai="92" who="3" fromWho="2" sc="318,0,120,0,365,-77,187,87" /><INIT seed="2,0,0,3,2,127" ten="318,120,288,274" oya="2" hai0="0,94,134,119,88,84,3,10,75,69,44,16,101" hai1="41,110,129,112,46,26,5,89,83,39,61,65,34" hai2="24,76,66,11,38,128,77,104,71,118,25,70,92" hai3="93,43,132,13,98,35,115,107,122,51,72,86,121"/><V79/><F118/><W123/><G35/><T95/><D69/><U1/><E112/><V91/><F38/><W57/><G72/><T117/><D75/><U125/><E125/><V96/><F104/><W124/><G124/><T48/><D134/><U106/><E110/><V19/><F128/><W62/><G115/><T85/><D101/><U114/><E114/><V28/><F66/><W73/><G73/><T67/><D67/><U47/><E106/><V135/><F135/><W131/><G132/><T97/><D85/><U17/><E47/><V49/><F49/><W30/><G131/><T74/><D74/><U42/><E42/><V90/><F90/><W68/><G68/><T55/><D97/><U33/><E5/><V58/><F58/><W23/><G107/><T8/><D95/><U20/><E1/><V100/><F100/><W113/><G113/><T52/><D55/><U40/><E40/><V60/><F60/><W105/><G105/><T103/><D103/><U21/><E21/><V27/><REACH who="2" step="1"/><F28/><REACH who="2" ten="318,120,278,274" step="2"/><W18/><G123/><T36/><D36/><U59/><REACH who="1" step="1"/><E129/><REACH who="1" ten="318,110,278,274" step="2"/><V9/><F9/><W116/><G116/><N who="0" m="44619" /><D8/><U111/><E111/><V32/><F32/><W12/><G122/><T102/><D102/><U81/><E81/><V108/><F108/><W133/><G121/><T56/><D44/><U7/><E7/><V87/><F87/><AGARI ba="0,2" hai="17,20,26,33,34,39,41,46,59,61,65,83,87,89" machi="87" ten="40,1300,0" yaku="1,1,53,0" doraHai="127" doraHaiUra="50" who="1" fromWho="2" sc="318,0,110,33,278,-13,274,0" /><INIT seed="3,0,0,0,1,128" ten="318,143,265,274" oya="3" hai0="113,129,73,16,102,12,104,40,131,63,75,8,28" hai1="48,105,121,35,99,86,46,37,96,133,41,120,55" hai2="130,56,2,125,57,14,103,39,110,42,81,135,22" hai3="85,117,36,88,27,100,34,7,4,87,38,126,101"/><W49/><G117/><T72/><D113/><U71/><E35/><V13/><F2/><W94/><G126/><T106/><D28/><U9/><E71/><V33/><F33/><W19/><G34/><T29/><D29/><U0/><E86/><V123/><F130/><N who="0" m="49674" /><D102/><U76/><E76/><V6/><F125/><W115/><G115/><T97/><D97/><U92/><E105/><N who="0" m="40553" /><D40/><U5/><E133/><V31/><F31/><W84/><G36/><T21/><D63/><U43/><E99/><V114/><F42/><W107/><G38/><T69/><D69/><U118/><E118/><V45/><F39/><W51/><G107/><T20/><AGARI ba="0,0" hai="8,12,16,20,21,72,73,75" m="40553,49674" machi="20" ten="40,2700,0" yaku="19,1,54,1" doraHai="128" who="0" fromWho="0" sc="318,27,143,-7,265,-7,274,-13" /><INIT seed="4,0,0,3,0,2" ten="345,136,258,261" oya="0" hai0="3,90,56,10,88,108,68,96,11,128,40,86,26" hai1="49,21,22,104,79,118,4,53,89,106,66,105,41" hai2="13,5,83,60,82,119,46,33,62,65,85,64,58" hai3="48,35,107,99,27,94,1,6,110,69,101,39,36"/><T124/><D68/><U67/><E118/><V30/><F119/><W74/><G94/><T18/><D128/><U111/><E111/><V133/><F133/><W72/><G48/><T47/><D124/><U54/><E79/><V42/><F33/><W32/><G110/><T132/><D132/><U57/><E41/><V126/><F126/><W7/><G69/><T50/><D3/><U61/><E89/><V44/><F30/><N who="3" m="19551" /><G7/><T34/><D34/><U43/><E43/><V31/><F31/><W131/><G35/><T9/><D56/><U16/><E4/><V95/><F95/><W23/><G23/><N who="0" m="13687" /><D96/><U129/><E22/><V116/><F116/><W91/><G91/><T70/><D70/><U93/><E93/><V51/><F44/><W113/><G113/><T114/><D114/><U103/><E103/><V52/><F62/><W71/><G71/><T84/><D108/><U122/><E129/><V12/><F12/><W81/><G131/><T134/><D134/><U28/><E28/><V80/><F85/><AGARI ba="0,0" hai="9,10,11,40,47,50,84,85,86,88,90" m="13687" machi="85" ten="30,2900,0" yaku="8,1,54,1" doraHai="2" who="0" fromWho="2" sc="345,29,136,0,258,-29,261,0" /><INIT seed="4,1,0,0,5,19" ten="374,136,229,261" oya="0" hai0="86,103,90,91,10,128,62,21,88,131,24,16,71" hai1="119,11,61,38,127,75,18,94,118,6,79,132,0" hai2="8,1,93,124,110,77,73,41,133,92,76,26,83" hai3="57,111,60,22,20,2,105,70,56,17,5,15,130"/><T53/><D103/><U49/><E49/><V123/><F123/><W28/><G105/><T39/><D39/><U116/><E94/><V129/><F110/><W45/><G111/><T113/><D113/><U99/><E18/><V122/><F122/><W125/><G130/><N who="0" m="49707" /><D10/><U95/><E127/><V120/><F133/><W31/><G125/><T46/><D46/><U30/><E132/><V25/><F129/><W74/><G74/><T63/><D53/><U84/><E84/><V106/><F106/><W3/><G45/><T54/><D54/><U29/><E38/><V67/><F124/><W117/><G117/><T85/><D71/><U78/><E61/><AGARI ba="1,0" hai="16,21,24,61,62,63,85,86,88,90,91" m="49707" machi="61" ten="30,11600,0" yaku="19,1,52,1,54,2" doraHai="19" who="0" fromWho="1" sc="374,119,136,-119,229,0,261,0" /><INIT seed="4,2,0,0,3,33" ten="493,17,229,261" oya="0" hai0="59,11,15,97,94,30,9,58,79,84,57,0,28" hai1="24,35,25,126,75,89,2,115,4,93,130,80,122" hai2="129,111,40,117,99,66,102,13,110,6,21,14,96" hai3="60,34,87,118,69,124,17,73,95,77,85,50,31"/><T109/><D0/><U92/><E122/><V81/><F129/><W7/><G73/><T112/><D112/><U104/><E130/><V62/><F117/><W119/><G124/><T29/><D79/><U49/><E126/><V70/><F96/><W1/><G50/><T16/><D84/><U46/><E104/><V120/><F120/><W5/><G17/><T37/><D37/><U53/><E115/><V61/><F40/><W114/><G60/><T76/><D76/><U12/><E12/><V38/><F38/><W91/><G69/><T44/><D44/><U64/><E64/><V101/><F101/><W23/><G23/><N who="0" m="11679" /><D109/><U39/><E39/><V90/><F6/><W45/><G5/><T54/><D54/><U63/><E35/><V65/><F21/><W105/><G45/><T47/><D47/><U67/><E75/><V10/><F10/><N who="3" m="2415" /><G105/><T106/><D106/><U72/><E4/><V71/><F110/><W56/><G114/><T74/><D74/><U98/><E72/><V26/><F111/><W113/><G113/><T27/><D27/><U19/><E25/><V42/><F26/><N who="3" m="18807" /><G56/><T20/><D20/><N who="1" m="13343" /><E2/><V68/><F68/><W121/><G121/><T132/><D59/><N who="1" m="37375" /><E98/><V100/><F42/><W18/><G119/><T123/><D123/><U48/><E49/><V55/><F55/><W135/><G118/><T83/><D58/><U134/><E134/><V116/><F116/><W36/><G135/><T78/><D57/><U41/><E53/><V43/><F43/><W88/><G36/><T108/><D132/><U125/><E125/><V52/><F70/><RYUUKYOKU ba="2,0" sc="493,-10,17,30,229,-10,261,-10" hai1="41,46,48,80,89,92,93" /><INIT seed="5,3,0,3,4,123" ten="483,47,219,251" oya="1" hai0="133,45,135,131,87,101,98,90,91,74,8,124,99" hai1="94,1,5,86,108,33,129,35,59,56,112,48,60" hai2="92,134,72,111,70,51,122,89,36,67,71,55,73" hai3="21,31,16,79,57,110,49,107,85,7,62,42,34"/><U75/><E75/><V118/><F111/><W37/><G107/><T19/><D74/><U76/><E112/><V66/><F118/><W105/><G105/><T130/><D45/><U114/><E114/><V109/><F109/><W52/><G110/><T15/><D124/><U2/><E108/><V78/><F122/><W88/><G7/><T23/><D8/><U17/><E129/><N who="0" m="49161" /><D101/><U61/><E48/><V44/><F134/><N who="0" m="51210" /><D91/><U28/><E17/><V121/><F121/><W106/><G106/><T11/><D11/><U50/><E50/><V39/><F73/><W113/><G49/><T68/><D68/><U47/><E47/><V46/><F78/><W80/><G113/><T58/><D58/><U127/><E76/><V43/><F72/><W77/><G42/><T4/><D4/><U63/><E127/><V32/><F32/><N who="1" m="12361" /><E5/><V26/><F36/><W82/><G37/><T0/><D0/><N who="1" m="107" /><E28/><V40/><F40/><W30/><G34/><T54/><D54/><U95/><E86/><V20/><F71/><W132/><G132/><T27/><D27/><U65/><E65/><V18/><F70/><W120/><G120/><T9/><D9/><U13/><E13/><V100/><F100/><W53/><G53/><T125/><D125/><U96/><E96/><AGARI ba="3,0" hai="18,20,26,39,43,44,46,51,55,66,67,89,92,96" machi="96" ten="30,1000,0" yaku="7,1" doraHai="123" who="2" fromWho="1" sc="483,0,47,-19,219,19,251,0" /><INIT seed="6,0,0,1,1,47" ten="483,28,238,251" oya="2" hai0="31,71,57,120,55,118,84,124,110,10,12,16,127" hai1="94,33,116,56,14,81,17,93,45,66,126,30,97" hai2="115,119,28,125,13,62,75,7,86,88,51,109,0" hai3="135,4,46,44,6,24,39,68,113,49,41,18,42"/><V99/><F119/><W130/><G68/><T40/><D71/><U85/><E116/><V25/><F75/><W107/><G107/><T43/><D110/><U133/><E126/><N who="0" m="48169" /><D120/><U3/><E133/><V123/><F123/><W23/><G135/><T35/><D84/><U61/><E3/><V108/><F0/><W20/><G130/><T72/><D72/><U131/><E131/><V98/><F125/><W128/><G128/><T80/><D80/><U132/><E132/><V129/><F129/><W79/><G113/><T77/><D77/><U27/><E97/><V89/><F62/><W53/><G79/><T60/><D118/><U105/><E105/><V91/><F86/><W122/><G122/><T103/><D103/><U70/><E70/><V121/><F115/><W2/><G2/><T29/><D35/><U19/><E45/><V104/><F104/><W83/><G83/><T32/><D32/><U100/><E100/><V1/><F1/><W36/><G20/><T117/><D117/><U21/><REACH who="1" step="1"/><E19/><REACH who="1" ten="483,18,238,251" step="2"/><V63/><F121/><W87/><G44/><T64/><D16/><U134/><E134/><V9/><F109/><W59/><G42/><T8/><D43/><U92/><E92/><V26/><F108/><W54/><G41/><T112/><D40/><U96/><E96/><V34/><F99/><W11/><G18/><T50/><D112/><U82/><E82/><V22/><F98/><W38/><G46/><T73/><D31/><U52/><E52/><V76/><F28/><N who="3" m="17439" /><G53/><T37/><D55/><U69/><E69/><V15/><F7/><W48/><G6/><RYUUKYOKU ba="0,1" sc="483,-10,18,30,238,-10,251,-10" hai1="14,17,21,27,30,33,56,61,66,81,85,93,94" /><INIT seed="7,1,1,4,5,10" ten="473,48,228,241" oya="3" hai0="63,101,35,40,44,132,103,86,127,100,43,9,0" hai1="87,18,121,11,96,120,70,13,51,77,80,81,57" hai2="3,104,34,33,94,107,108,119,12,72,6,24,92" hai3="126,5,115,66,93,125,62,74,97,53,48,76,112"/><W14/><G76/><T4/><D35/><N who="2" m="13322" /><F92/><W49/><G74/><T38/><D132/><U128/><E70/><V21/><F94/><W46/><G5/><T71/><D127/><N who="3" m="48649" /><G14/><T65/><D43/><U2/><E2/><V122/><F21/><W17/><G17/><T113/><D113/><N who="3" m="43593" /><G93/><T59/><D4/><U47/><E128/><V32/><F12/><W45/><G97/><T26/><D0/><U105/><E57/><V31/><F108/><W102/><G102/><T124/><D124/><U89/><E96/><V75/><F119/><W123/><G123/><T60/><D26/><U68/><E68/><V117/><F117/><W39/><G39/><T22/><D22/><U54/><REACH who="1" step="1"/><E105/><REACH who="1" ten="473,38,228,241" step="2"/><N who="2" m="40523" /><F122/><W1/><G1/><T133/><D9/><AGARI ba="1,2" hai="3,6,9,24,31,32,72,75" m="40523,13322" machi="9" ten="30,2000,0" yaku="33,2" doraHai="10" who="2" fromWho="0" sc="473,-23,38,0,228,43,241,0" owari="450,55.0,38,-46.0,271,7.0,241,-16.0" /></mjloggm>