<mjloggm ver="2.3"><GO type="169" lobby="0"/><UN n0="%E5%A4%A7%E5%AE%AE%E5%BF%8D%76" n1="%E3%83%84%E3%82%A4%E3%82%B9%E3%83%88" n2="%E5%B0%B1%E6%B4%BB%E7%94%9F%40%E5%B7%9D%E6%9D%91%E8%BB%8D%E5%9B%A3" n3="%6D%65%61%6C%72" dan="16,16,17,16" rate="2181.53,2031.08,2169.07,2044.03" sx="M,M,M,M"/><TAIKYOKU oya="0"/><INIT seed="0,0,0,5,3,129" ten="250,250,250,250" oya="0" hai0="103,119,7,133,19,107,134,43,36,23,112,44,88" hai1="82,121,15,76,97,59,40,5,13,74,63,84,130" hai2="10,39,95,108,14,51,102,61,55,127,66,29,22" hai3="91,120,38,0,100,3,78,2,94,58,110,81,104"/><T118/><D112/><U70/><E130/><V21/><F39/><W106/><G120/><T111/><D7/><U28/><E121/><V26/><F108/><W132/><G132/><N who="0" m="50795" /><D111/><U45/><E70/><V32/><F127/><W86/><G110/><T9/><D9/><U67/><E5/><V123/><F123/><W99/><G38/><T49/><D36/><U117/><E117/><V56/><F102/><W105/><REACH who="3" step="1"/><G58/><REACH who="3" ten="250,250,250,240" step="2"/><T54/><D43/><U72/><E40/><V90/><F66/><W96/><AGARI ba="0,1" hai="0,2,3,78,81,86,91,94,96,99,100,104,105,106" machi="96" ten="40,12000,2" yaku="1,1,2,1,0,1,53,3" doraHai="129" doraHaiUra="35" who="3" fromWho="3" sc="250,-60,250,-30,250,-30,240,130" /><INIT seed="1,0,0,1,1,100" ten="190,220,220,370" oya="1" hai0="126,104,13,117,36,3,94,54,123,103,97,105,135" hai1="9,12,79,133,70,89,120,33,51,27,80,87,108" hai2="65,82,101,41,21,122,73,90,92,44,134,38,18" hai3="83,115,86,20,118,62,102,72,39,116,121,46,132"/><U58/><E120/><V7/><F122/><W31/><G121/><T15/><D117/><U81/><E70/><V125/><F134/><W43/><G72/><T128/><D123/><U10/><E133/><V99/><F125/><W50/><G102/><T113/><D135/><U75/><E108/><V11/><F65/><W47/><G132/><T17/><D113/><U37/><E37/><V119/><F119/><W88/><G115/><T127/><D3/><U49/><E10/><V48/><F73/><W40/><G62/><T30/><D128/><U23/><E58/><V67/><F67/><W34/><G34/><T85/><D36/><U16/><REACH who="1" step="1"/><E33/><REACH who="1" ten="190,210,220,370" step="2"/><V84/><F38/><W78/><G116/><T35/><D126/><U112/><E112/><V66/><F66/><W109/><G118/><T130/><D127/><U91/><E91/><V63/><F63/><W1/><G109/><T0/><D130/><U29/><AGARI ba="0,1" hai="9,12,16,23,27,29,49,51,75,79,80,81,87,89" machi="29" ten="20,7800,0" yaku="1,1,0,1,7,1,54,1,53,0" doraHai="100" doraHaiUra="129" who="1" fromWho="1" sc="190,-26,210,88,220,-26,370,-26" /><INIT seed="1,1,0,4,0,94" ten="164,298,194,344" oya="1" hai0="96,111,30,77,95,85,2,87,53,105,72,14,54" hai1="92,123,131,124,55,35,118,64,25,37,117,3,121" hai2="132,104,23,9,70,112,74,81,48,115,31,19,90" hai3="88,135,71,69,50,101,114,73,7,62,36,60,82"/><U47/><E124/><V34/><F70/><W76/><G36/><T125/><D2/><U46/><E131/><V51/><F104/><W99/><G114/><N who="2" m="43561" /><F132/><W4/><G135/><T38/><D38/><U122/><E3/><V113/><F113/><W75/><G75/><T10/><D111/><U103/><E64/><V80/><F34/><W67/><G50/><N who="2" m="18985" /><F74/><W56/><G88/><N who="0" m="53663" /><D85/><U29/><E55/><V68/><F68/><W52/><REACH who="3" step="1"/><G71/><REACH who="3" ten="164,298,194,334" step="2"/><T83/><D125/><U134/><E134/><V28/><F90/><W91/><G91/><T44/><D44/><U89/><E103/><V126/><F126/><W86/><G86/><T20/><D30/><U1/><E47/><V97/><F31/><W15/><G15/><T98/><D98/><U8/><E46/><V40/><F97/><W100/><G100/><N who="0" m="62599" /><D20/><U78/><E37/><V45/><F28/><W79/><G79/><T16/><AGARI ba="1,1" hai="10,14,16,53,54,72,77,83" m="62599,53663" machi="16" ten="30,7900,0" yaku="24,1,52,1,54,2" doraHai="94" who="0" fromWho="0" sc="164,92,298,-40,194,-21,334,-21" /><INIT seed="2,0,0,2,3,65" ten="256,258,173,313" oya="2" hai0="66,86,80,124,116,72,92,135,103,57,34,107,53" hai1="110,9,87,108,39,126,59,36,50,84,49,48,109" hai2="111,26,5,30,123,28,118,96,81,27,130,38,102" hai3="105,98,10,4,12,37,125,77,76,63,82,23,24"/><V91/><F118/><W41/><G125/><T129/><D34/><U47/><E126/><V128/><F123/><W32/><G32/><T131/><D124/><U42/><E9/><V56/><F38/><N who="1" m="14377" /><E87/><N who="2" m="50671" /><F5/><W114/><G114/><T127/><D127/><U45/><E84/><V7/><F7/><W60/><G41/><T104/><D135/><U20/><E20/><V106/><F111/><W2/><G37/><T120/><D120/><U117/><E117/><V100/><F56/><W74/><G77/><N who="0" m="44071" /><D66/><U132/><E132/><V33/><F96/><W61/><G98/><N who="0" m="61559" /><D116/><U83/><E83/><V44/><F44/><N who="1" m="16969" /><E42/><V99/><F99/><W46/><G46/><T133/><D133/><U101/><E101/><N who="2" m="39019" /><F106/><W90/><G90/><N who="0" m="53335" /><D107/><U121/><E121/><V97/><F97/><W13/><G105/><T69/><D69/><U17/><E17/><V3/><F3/><W113/><G2/><T119/><D119/><U8/><E8/><V88/><F88/><W14/><G10/><T94/><D94/><U115/><E115/><V25/><F33/><W11/><G11/><T122/><D122/><U22/><E22/><V112/><F112/><W54/><G113/><T62/><AGARI ba="0,0" hai="53,57,62,129,131" m="53335,61559,44071" machi="62" ten="30,1100,0" yaku="24,1" doraHai="65" who="0" fromWho="0" sc="256,11,258,-3,173,-5,313,-3" /><INIT seed="3,0,0,1,5,41" ten="267,255,168,310" oya="3" hai0="48,17,58,80,112,96,64,34,89,42,77,108,110" hai1="21,6,118,49,124,20,61,71,62,55,39,79,127" hai2="92,50,35,134,114,45,38,14,33,111,81,116,65" hai3="59,97,37,95,85,106,43,133,130,67,25,72,51"/><W66/><G72/><T31/><D112/><U12/><E39/><V73/><F116/><W109/><G133/><T16/><D31/><U94/><E118/><V3/><F3/><W4/><G130/><T56/><D34/><U54/><E79/><V1/><F1/><W18/><G4/><T104/><D104/><U69/><E6/><V27/><F114/><W53/><G109/><T28/><D28/><U13/><E49/><V44/><F65/><W135/><G135/><T60/><D96/><U26/><E94/><V121/><F134/><W2/><G2/><T11/><D89/><U90/><E90/><V46/><F38/><W120/><G120/><T47/><D58/><U113/><E113/><V83/><F73/><W98/><G85/><T0/><D0/><U100/><E26/><V9/><F111/><N who="0" m="42538" /><D11/><U8/><REACH who="1" step="1"/><E8/><REACH who="1" ten="267,245,168,310" step="2"/><V82/><F121/><W103/><G37/><T102/><D102/><AGARI ba="0,1" hai="12,13,20,21,54,55,61,62,69,71,100,102,124,127" machi="102" ten="25,12000,2" yaku="1,1,2,1,22,2,53,2" doraHai="41" doraHaiUra="19" who="1" fromWho="0" sc="267,-120,245,130,168,0,310,0" /><INIT seed="4,0,0,4,2,115" ten="147,375,168,310" oya="0" hai0="130,108,112,65,134,0,68,8,4,32,31,116,21" hai1="67,109,29,97,9,86,74,53,66,77,132,46,47" hai2="58,25,71,14,100,93,40,51,90,50,7,126,76" hai3="129,24,33,107,60,23,52,69,125,78,102,61,119"/><T17/><D112/><U96/><E74/><V75/><F71/><W13/><G129/><T10/><D68/><U131/><E131/><V87/><F126/><W44/><G125/><T135/><D130/><U41/><E109/><V1/><F1/><W111/><G111/><T43/><D108/><U128/><E128/><V22/><F100/><W88/><G78/><T104/><D104/><U98/><E132/><N who="0" m="50729" /><D65/><U82/><E29/><V2/><F2/><W106/><G102/><T70/><D70/><U92/><E92/><V48/><F75/><W91/><G69/><T55/><D55/><U101/><E101/><V28/><F76/><W19/><G106/><T127/><D127/><U5/><E53/><V103/><F103/><W79/><G79/><T56/><D56/><U94/><E94/><V12/><F40/><W114/><G107/><T30/><D43/><U6/><E41/><V20/><F7/><N who="1" m="2569" /><E9/><V64/><F22/><N who="3" m="11631" /><G33/><T59/><D59/><U118/><E118/><V124/><F124/><W121/><G119/><T73/><D73/><U15/><E15/><V34/><F34/><W16/><G121/><T39/><D39/><U117/><E117/><V133/><F133/><W123/><G123/><T63/><D63/><AGARI ba="0,0" hai="12,14,20,25,28,48,50,51,58,63,64,87,90,93" machi="63" ten="40,1300,0" yaku="8,1" doraHai="115" who="2" fromWho="0" sc="147,-13,375,0,168,13,310,0" /><INIT seed="5,0,0,5,0,129" ten="134,375,181,310" oya="1" hai0="90,49,48,112,39,4,95,53,29,96,1,73,81" hai1="135,126,114,128,19,108,65,77,122,121,43,56,69" hai2="110,37,61,51,44,91,41,109,82,116,31,67,57" hai3="92,0,8,2,117,58,94,106,118,22,105,5,97"/><U79/><E128/><V101/><F101/><W71/><G71/><T30/><D112/><U133/><E114/><V24/><F116/><N who="3" m="44651" /><G0/><T76/><D39/><U84/><E69/><V130/><F130/><W26/><G58/><T66/><D66/><U68/><E68/><V25/><F25/><W127/><G127/><T36/><D36/><U100/><E126/><V17/><F17/><N who="3" m="12623" /><G92/><T46/><REACH who="0" step="1"/><D49/><REACH who="0" ten="124,375,181,310" step="2"/><U34/><E65/><V134/><F37/><W78/><G78/><T113/><D113/><U132/><E79/><V59/><F67/><W93/><G93/><T72/><D72/><U42/><E108/><V99/><F51/><W64/><G64/><T7/><D7/><U6/><E6/><V70/><F109/><W54/><G106/><T103/><D103/><U20/><E100/><V38/><F110/><W98/><G105/><T18/><D18/><U16/><E19/><V63/><F38/><W32/><G94/><T119/><D119/><U12/><E34/><V27/><F70/><W33/><G33/><T120/><D120/><N who="1" m="46187" /><E56/><V85/><F59/><W131/><G32/><T87/><D87/><U123/><E123/><V13/><F57/><W15/><G131/><T55/><D55/><U14/><E12/><V89/><F13/><W23/><G54/><T104/><D104/><U3/><E3/><V111/><F111/><W107/><G107/><T40/><D40/><U124/><E124/><V74/><F41/><W11/><G11/><AGARI ba="0,1" hai="1,4,11,29,30,46,48,53,73,76,81,90,95,96" machi="11" ten="40,1300,0" yaku="1,1,53,0" doraHai="129" doraHaiUra="102" who="0" fromWho="3" sc="124,23,375,0,181,0,310,-13" /><INIT seed="6,0,0,1,1,119" ten="147,375,181,297" oya="2" hai0="87,135,24,134,2,109,103,38,31,124,27,65,41" hai1="120,48,81,112,113,63,34,122,23,96,57,118,66" hai2="56,45,75,73,102,15,21,35,13,8,55,127,1" hai3="126,107,51,86,6,82,130,64,18,20,116,117,52"/><V0/><F35/><W98/><G130/><T94/><D109/><U104/><E34/><V53/><F127/><W121/><G126/><T42/><D2/><U3/><E118/><V89/><F102/><W25/><G64/><T93/><D124/><U105/><E3/><V101/><F101/><W54/><G6/><T88/><D65/><U76/><E23/><V67/><F67/><W77/><G107/><N who="1" m="41034" /><E96/><V114/><F45/><W37/><G37/><T58/><D58/><U100/><E100/><V68/><F68/><W133/><G98/><N who="0" m="59863" /><D38/><U19/><E19/><V32/><F114/><N who="1" m="44137" /><E48/><V69/><F32/><W28/><G18/><T33/><D27/><U61/><E63/><V71/><F21/><W17/><G17/><T91/><D91/><U92/><E92/><V49/><F49/><W59/><G51/><T111/><D111/><U78/><E81/><V123/><F123/><AGARI ba="0,0" hai="57,61,66,76,78,120,122,123" m="44137,41034" machi="123" ten="40,8000,1" yaku="13,1,15,1,52,3" doraHai="119" who="1" fromWho="2" sc="147,0,375,80,181,-80,297,0" /><INIT seed="7,0,0,4,5,126" ten="147,455,101,297" oya="3" hai0="66,93,24,81,110,94,80,59,133,3,87,85,117" hai1="116,67,38,97,17,68,124,123,8,107,18,14,13" hai2="106,44,72,79,9,112,91,42,113,118,95,26,46" hai3="58,90,105,23,82,102,92,75,5,4,111,128,48"/><W6/><G111/><T53/><D3/><U43/><E124/><V30/><F106/><W132/><G132/><T62/><D110/><U78/><E123/><V25/><F118/><W61/><G48/><T121/><D121/><U37/><E116/><V56/><F9/><W49/><G49/><T20/><D117/><U2/><E2/><V103/><F103/><W119/><G119/><T115/><D115/><U45/><E78/><V40/><F56/><W77/><G23/><T84/><D133/><U31/><E31/><V88/><F79/><W99/><G5/><T64/><D93/><U27/><E27/><V73/><F95/><W32/><G32/><T55/><D94/><U130/><E130/><V12/><F12/><W35/><G35/><T74/><D74/><U135/><E135/><V101/><F101/><W52/><REACH who="3" step="1"/><G128/><REACH who="3" ten="147,455,101,287" step="2"/><T1/><D1/><U69/><E37/><V114/><REACH who="2" step="1"/><F112/><REACH who="2" ten="147,455,91,287" step="2"/><W108/><G108/><T134/><D134/><U10/><E38/><V98/><F98/><AGARI ba="0,2" hai="4,6,52,58,61,75,77,82,90,92,98,99,102,105" machi="98" ten="30,11600,0" yaku="1,1,7,1,54,1,53,1" doraHai="126" doraHaiUra="54" who="3" fromWho="2" sc="147,0,455,0,91,-116,287,136" owari="147,-25.0,455,56.0,-25,-53.0,423,22.0" /></mjloggm>