<mjloggm ver="2.3"><GO type="169" lobby="0"/><UN n0="%E3%83%95%E3%83%AA%E3%83%86%E3%83%B3" n1="%E3%81%84%E3%81%9F%E3%83%92%E3%83%AD" n2="%E3%82%A6%E3%83%AB%E3%83%88%E3%83%A9%E7%AB%8B%E7%9B%B4" n3="%E7%84%9A%E3%81%8D%E7%81%AB" dan="17,17,17,16" rate="2119.91,2155.12,2131.94,2116.04" sx="M,M,M,M"/><TAIKYOKU oya="0"/><INIT seed="0,0,0,1,1,127" ten="250,250,250,250" oya="0" hai0="119,71,21,16,82,77,4,122,99,58,9,131,41" hai1="68,65,108,81,39,51,109,66,63,74,83,116,104" hai2="110,113,6,75,105,95,30,53,60,132,93,98,78" hai3="96,25,97,55,27,100,50,38,106,102,76,48,90"/><T44/><D71/><U15/><E39/><V128/><F53/><W86/><G38/><T22/><D131/><U13/><E104/><V47/><F60/><W101/><G76/><T72/><D119/><U8/><E116/><V23/><F47/><W2/><G2/><T134/><D134/><U111/><E74/><V20/><F30/><W120/><G120/><T18/><D122/><U57/><E15/><V117/><F23/><W46/><G50/><T32/><D32/><U91/><E65/><V133/><F20/><W114/><G114/><T135/><D135/><N who="2" m="51786" /><F6/><W129/><G129/><T24/><D99/><U123/><E123/><V43/><F43/><W7/><G7/><T92/><D92/><N who="2" m="35402" /><F117/><W126/><G126/><T1/><D58/><U42/><E91/><V64/><F64/><W130/><G130/><T118/><D118/><U33/><E33/><V45/><F45/><W103/><REACH who="3" step="1"/><G97/><REACH who="3" ten="250,250,250,240" step="2"/><T67/><D67/><U54/><REACH who="1" step="1"/><E42/><REACH who="1" ten="250,240,250,240" step="2"/><V88/><F128/><W73/><G73/><T37/><REACH who="0" step="1"/><D22/><REACH who="0" ten="240,240,250,240" step="2"/><U11/><E11/><V0/><F113/><W40/><G40/><T85/><D85/><U35/><E35/><V3/><F98/><W56/><G56/><T62/><D62/><U94/><E94/><AGARI ba="0,3" hai="25,27,46,48,55,86,90,94,96,100,101,102,103,106" machi="94" ten="40,1300,0" yaku="1,1,53,0" doraHai="127" doraHaiUra="70" who="3" fromWho="1" sc="240,0,240,-13,250,0,240,43" /><INIT seed="1,0,0,3,1,62" ten="240,227,250,283" oya="1" hai0="28,57,9,47,117,75,16,53,42,101,66,8,83" hai1="23,118,82,6,38,70,55,33,129,50,61,85,104" hai2="36,134,54,86,24,15,107,69,125,17,111,3,126" hai3="73,84,52,127,43,122,71,63,80,131,4,109,92"/><U103/><E33/><V68/><F3/><W56/><G109/><T90/><D117/><U76/><E38/><V133/><F107/><W26/><G127/><N who="2" m="48649" /><F24/><W37/><G131/><T120/><D120/><U100/><E129/><V40/><F86/><W1/><G122/><T14/><D101/><U91/><E118/><V99/><F99/><W121/><G121/><T79/><D28/><U41/><E6/><V135/><F111/><W112/><G112/><T46/><D66/><U128/><E128/><V114/><F114/><W21/><G71/><N who="2" m="27209" /><F54/><W95/><G73/><T119/><D119/><U96/><E103/><V48/><F48/><W74/><G74/><T89/><D9/><U65/><E23/><V45/><F15/><W2/><G37/><T132/><D132/><U60/><E41/><N who="2" m="22695" /><F17/><W32/><G43/><AGARI ba="0,0" hai="40,43,133,134,135" m="22695,27209,48649" machi="43" ten="40,8000,1" yaku="20,1,18,1,34,2" doraHai="62" who="2" fromWho="3" sc="240,0,227,0,250,80,283,-80" /><INIT seed="2,0,0,2,2,57" ten="240,227,330,203" oya="2" hai0="10,18,29,64,115,82,23,69,40,117,6,24,111" hai1="109,77,52,118,65,47,15,70,58,11,30,123,48" hai2="13,72,88,110,71,75,32,33,127,66,134,12,93" hai3="96,102,84,62,59,68,79,100,104,41,116,0,76"/><V20/><F127/><W35/><G116/><T121/><D115/><U2/><E2/><V83/><F134/><W39/><G68/><T81/><D121/><U124/><E118/><V114/><F114/><W36/><G35/><T74/><D117/><U106/><E106/><V128/><F128/><W54/><G0/><T31/><D111/><U91/><E109/><V130/><F130/><W14/><G102/><T50/><D50/><U92/><E124/><V28/><F110/><W8/><G84/><T51/><D51/><U108/><E123/><V60/><F13/><W56/><G41/><T55/><D55/><U89/><E77/><V3/><F3/><W43/><G43/><T63/><D40/><U119/><E119/><V44/><F44/><W98/><G98/><T42/><D42/><U99/><E70/><V112/><F112/><W61/><G36/><T90/><D82/><U129/><E30/><V4/><F4/><W78/><G39/><T97/><D97/><U80/><E129/><V95/><F95/><W94/><G104/><T67/><D64/><U87/><E108/><V86/><F72/><W132/><G132/><T126/><D126/><U101/><E65/><V107/><F107/><W5/><G79/><T53/><D53/><AGARI ba="0,0" hai="5,8,14,53,54,56,59,61,62,76,78,94,96,100" machi="53" ten="30,8000,1" yaku="7,1,9,1,8,1,52,2" doraHai="57" who="3" fromWho="0" sc="240,-80,227,0,330,0,203,80" /><INIT seed="3,0,0,0,4,107" ten="160,227,330,283" oya="3" hai0="55,8,63,56,0,111,72,25,92,54,123,20,88" hai1="126,131,134,45,124,59,99,85,98,26,95,79,61" hai2="13,100,80,18,69,46,102,66,119,135,77,2,60" hai3="3,38,67,49,27,105,113,37,115,7,125,40,10"/><W112/><G105/><T30/><D123/><U90/><E134/><V120/><F2/><W57/><G125/><T1/><D111/><U91/><E131/><V106/><F119/><W76/><G27/><T108/><D108/><U50/><E79/><V128/><F120/><W93/><G93/><T94/><D94/><U130/><E130/><V74/><F128/><W132/><G132/><T81/><D55/><U118/><E118/><V17/><F135/><W103/><G103/><T23/><D23/><U9/><E9/><V42/><F106/><W28/><G28/><T33/><D33/><U122/><E122/><V121/><F18/><W24/><G24/><T48/><D48/><U70/><E70/><V84/><F74/><W43/><G76/><T129/><D129/><U117/><E117/><V89/><F77/><W116/><G116/><T73/><D81/><U32/><E32/><V83/><F80/><W39/><REACH who="3" step="1"/><G49/><REACH who="3" ten="160,227,330,273" step="2"/><T52/><D92/><U109/><E109/><V51/><REACH who="2" step="1"/><F121/><REACH who="2" ten="160,227,320,273" step="2"/><W101/><G101/><T12/><D88/><U127/><E91/><V41/><F41/><W68/><G68/><T14/><D30/><U21/><E127/><V82/><F82/><W47/><G47/><T31/><D31/><U114/><E126/><V75/><F75/><W97/><G97/><T35/><D73/><U44/><E99/><V65/><F65/><W36/><N who="3" m="9216" /><DORA hai="96" /><W29/><G29/><T22/><D72/><U19/><E124/><V64/><F64/><W133/><G133/><T5/><D35/><U53/><E98/><V87/><F87/><W15/><G15/><RYUUKYOKU ba="0,2" sc="160,-15,227,-15,320,15,273,15" hai2="13,17,42,46,51,60,66,69,83,84,89,100,102" hai3="3,7,10,40,43,57,67,112,113,115" /><INIT seed="3,1,2,3,0,77" ten="145,212,335,288" oya="3" hai0="12,78,128,62,76,110,112,23,19,107,92,28,85" hai1="120,105,8,16,60,40,41,122,6,29,26,97,118" hai2="84,42,30,33,134,100,91,87,103,0,63,13,61" hai3="99,52,72,55,96,111,57,117,126,50,74,130,86"/><W119/><G126/><T115/><D107/><U121/><E118/><V65/><F0/><W49/><G86/><T46/><D110/><U34/><E60/><V82/><F134/><W125/><G125/><T22/><D128/><U44/><E105/><V81/><F42/><W47/><G111/><T21/><D76/><U102/><E102/><V93/><F33/><W113/><G130/><T70/><D46/><U104/><E104/><V98/><F30/><W10/><G10/><T131/><D131/><U18/><E97/><N who="3" m="37450" /><G57/><T101/><D101/><N who="2" m="38986" /><F13/><W11/><G11/><T71/><D28/><U80/><E80/><N who="2" m="30827" /><F63/><W2/><G47/><T75/><D62/><U116/><E116/><N who="3" m="44618" /><G2/><T109/><D109/><U124/><E124/><V5/><F5/><W135/><G113/><T90/><D78/><U79/><E79/><V45/><F45/><W56/><G56/><AGARI ba="1,2" hai="56,61,65,84,87,91,93,98" m="30827,38986" machi="56" ten="30,7700,0" yaku="8,1,52,3" doraHai="77" who="2" fromWho="3" sc="145,0,212,0,335,100,288,-80" /><INIT seed="4,0,0,3,1,88" ten="145,212,435,208" oya="0" hai0="25,69,41,82,37,18,106,5,67,100,9,131,121" hai1="125,81,60,39,87,10,46,22,15,86,32,58,51" hai2="29,1,97,19,23,115,122,111,42,54,55,99,3" hai3="26,96,45,72,53,38,13,31,113,74,8,130,4"/><T117/><D117/><U105/><E32/><V6/><F42/><W134/><G130/><T77/><D121/><U119/><E105/><V84/><F29/><W14/><G134/><T56/><D56/><U123/><E39/><V27/><F84/><W73/><G113/><T116/><D116/><U50/><E123/><V40/><F40/><W107/><G38/><T126/><D126/><U30/><E125/><V16/><F23/><W103/><G45/><T129/><D25/><U94/><E119/><V49/><F49/><W12/><REACH who="3" step="1"/><G53/><REACH who="3" ten="145,212,435,198" step="2"/><T63/><D129/><U64/><E46/><V47/><F55/><W120/><G120/><T135/><D131/><U33/><E33/><AGARI ba="0,1" hai="4,8,12,13,14,26,31,33,72,73,74,96,103,107" machi="33" ten="40,2600,0" yaku="1,1,53,1" doraHai="88" doraHaiUra="101" who="3" fromWho="1" sc="145,0,212,-26,435,0,198,36" /><INIT seed="5,0,0,1,5,38" ten="145,186,435,234" oya="1" hai0="50,42,72,123,61,124,32,13,116,52,96,125,11" hai1="55,98,120,108,105,132,60,30,79,43,15,20,68" hai2="87,117,133,21,28,57,78,0,86,46,99,84,3" hai3="102,100,104,111,85,80,63,103,45,14,109,75,4"/><U27/><E120/><V17/><F117/><W23/><G104/><T130/><D116/><U81/><E108/><V9/><F133/><W33/><G33/><T26/><D72/><U10/><E132/><V83/><F46/><W58/><G75/><T6/><D123/><U48/><E105/><V129/><F129/><W22/><G111/><T73/><D73/><U92/><E68/><V131/><F131/><W95/><G109/><T8/><D130/><U110/><E110/><V115/><F115/><W70/><G70/><T59/><D96/><U39/><E39/><V62/><F99/><W134/><G134/><T97/><D97/><U64/><E64/><V41/><F41/><W121/><G121/><T53/><D42/><U24/><E24/><N who="2" m="16399" /><F3/><W113/><G113/><T76/><D76/><U122/><E60/><V34/><F0/><W88/><G45/><T127/><D11/><U114/><E43/><V56/><F34/><W106/><G106/><T5/><D5/><U90/><E122/><V66/><F57/><W54/><G80/><T25/><REACH who="0" step="1"/><D32/><REACH who="0" ten="135,186,435,234" step="2"/><U40/><E40/><V82/><F78/><W36/><G36/><T128/><D128/><U101/><E79/><V29/><F9/><AGARI ba="0,1" hai="4,9,14,22,23,54,58,63,85,88,95,100,102,103" machi="9" ten="40,2600,0" yaku="8,1,54,1" doraHai="38" who="3" fromWho="2" sc="135,0,186,0,435,-26,234,36" /><INIT seed="6,0,0,1,1,73" ten="135,186,409,270" oya="2" hai0="109,62,107,105,102,130,76,103,96,35,41,94,86" hai1="68,79,82,117,42,44,123,10,57,53,118,75,5" hai2="131,45,40,28,22,61,32,121,36,65,135,25,108" hai3="106,38,17,72,14,49,64,78,132,70,0,47,111"/><V113/><F121/><W91/><G111/><T89/><D35/><U116/><E68/><V93/><F113/><W26/><G106/><N who="0" m="40459" /><D62/><U100/><E100/><N who="0" m="38441" /><D41/><U27/><E27/><V52/><F93/><W66/><G0/><T12/><D12/><U80/><E80/><V7/><F131/><W9/><G38/><T85/><D109/><U16/><E123/><V101/><F101/><W63/><G132/><T77/><D130/><U23/><E57/><V33/><F135/><W69/><G26/><T1/><D1/><U97/><E97/><V2/><F108/><W37/><G37/><T48/><D48/><U46/><E53/><V54/><F33/><W87/><G72/><T74/><D74/><U6/><E6/><V19/><F7/><W124/><G124/><T99/><D99/><U30/><E30/><V34/><F2/><W127/><G127/><T60/><D60/><U126/><E126/><V4/><F4/><W83/><G69/><T98/><D98/><U58/><E58/><V51/><F36/><W128/><G128/><T11/><D11/><U71/><E71/><V115/><F34/><W31/><G31/><T15/><D15/><U112/><E10/><V88/><F32/><W43/><REACH who="3" step="1"/><G66/><REACH who="3" ten="135,186,409,260" step="2"/><T18/><D18/><U50/><E5/><V3/><F3/><W13/><G13/><T134/><D134/><U125/><E125/><V95/><F28/><W119/><G119/><T129/><D129/><U133/><E133/><V81/><F65/><W56/><G56/><T110/><D110/><U21/><E117/><V92/><F25/><W90/><AGARI ba="0,1" hai="9,14,17,43,47,49,63,64,70,78,83,87,90,91" machi="90" ten="30,7900,0" yaku="1,1,5,1,0,1,52,1,53,0" doraHai="73" doraHaiUra="29" who="3" fromWho="3" sc="135,-20,186,-20,409,-39,260,89" /><INIT seed="7,0,0,1,1,90" ten="115,166,370,349" oya="3" hai0="119,0,113,135,23,18,5,85,101,35,38,22,118" hai1="133,51,44,83,106,63,112,36,120,4,72,107,114" hai2="93,108,96,117,111,97,91,10,74,24,103,105,28" hai3="45,3,7,132,100,110,12,129,49,95,34,104,68"/><W94/><G3/><T9/><D38/><U102/><E120/><V40/><F117/><W67/><G34/><T115/><D101/><U41/><E133/><V128/><F128/><W32/><G32/><T6/><D85/><U31/><E31/><V55/><F74/><W78/><G68/><T26/><D35/><U59/><E51/><V81/><F40/><W64/><G104/><T47/><D47/><U43/><E43/><V21/><F81/><W1/><G1/><T116/><D135/><U123/><E123/><V86/><F10/><N who="3" m="4191" /><G132/><T66/><D66/><N who="3" m="25129" /><G129/><T130/><D130/><U33/><E4/><V79/><F79/><W134/><G134/><T77/><D77/><N who="1" m="44455" /><E102/><V13/><F13/><W70/><G70/><T127/><D6/><U25/><E25/><V84/><REACH who="2" step="1"/><F55/><REACH who="2" ten="115,166,360,349" step="2"/><N who="3" m="30127" /><G110/><AGARI ba="0,1" hai="21,24,28,84,86,91,93,96,97,103,105,108,110,111" machi="110" ten="40,2600,0" yaku="1,1,52,1,53,0" doraHai="90" doraHaiUra="29" who="2" fromWho="3" sc="115,0,166,0,360,36,349,-26" owari="115,-38.0,166,-23.0,396,49.0,323,12.0" /></mjloggm>