<mjloggm ver="2.3"><GO type="169" lobby="0"/><UN n0="%E3%81%98%E3%81%BF%E3%81%84%E3%81%A3%5A" n1="%E2%80%BB%34%33%33%E2%80%BB" n2="%E5%B0%B1%E6%B4%BB%E7%94%9F%40%E5%B7%9D%E6%9D%91%E8%BB%8D%E5%9B%A3" n3="%E3%83%9E%E3%83%88%E3%83%AA%E3%83%83%E3%82%AF%E3%82%B9" dan="16,16,17,17" rate="2033.82,2110.35,2184.90,2143.13" sx="M,M,M,M"/><TAIKYOKU oya="0"/><INIT seed="0,0,0,4,5,111" ten="250,250,250,250" oya="0" hai0="40,36,126,133,8,112,55,11,130,0,23,113,5" hai1="107,52,81,22,72,73,121,70,129,9,103,116,51" hai2="32,105,12,110,26,38,65,125,114,15,84,82,94" hai3="93,79,89,19,1,7,39,95,69,18,46,118,37"/><T60/><D133/><U57/><E121/><V27/><F105/><W100/><G69/><T122/><D122/><U132/><E116/><V24/><F38/><W42/><G118/><T63/><D126/><U53/><E132/><V75/><F32/><W2/><G79/><T47/><D130/><U78/><E70/><V6/><F110/><W128/><G128/><T71/><D11/><U91/><E91/><V28/><F28/><W134/><G134/><T20/><D63/><U86/><E129/><V67/><F125/><W62/><G62/><T35/><D35/><U48/><E9/><V101/><F114/><W16/><G39/><T97/><D97/><U33/><E33/><V13/><F6/><W87/><REACH who="3" step="1"/><G7/><REACH who="3" ten="250,250,250,240" step="2"/><T98/><D71/><U59/><REACH who="1" step="1"/><E22/><REACH who="1" ten="250,240,250,240" step="2"/><V106/><F67/><W14/><G14/><T76/><D23/><U88/><E88/><V30/><F65/><W21/><G21/><T10/><D8/><U43/><E43/><V56/><F15/><W102/><G102/><T50/><D20/><U77/><E77/><V124/><F13/><W74/><G74/><T104/><D76/><U109/><E109/><V61/><F12/><W115/><G115/><T29/><D113/><U44/><E44/><V49/><F101/><W68/><G68/><T96/><D112/><U3/><E3/><V90/><F75/><W4/><G4/><T99/><D104/><U34/><E34/><V108/><F106/><W80/><G80/><T31/><D36/><U92/><E92/><V135/><F94/><W120/><G120/><T127/><D127/><U117/><E117/><RYUUKYOKU ba="0,2" sc="250,10,240,10,250,-30,240,10" hai0="0,5,10,29,31,40,47,50,55,60,96,98,99" hai1="48,51,52,53,57,59,72,73,78,81,86,103,107" hai3="1,2,16,18,19,37,42,46,87,89,93,95,100" /><INIT seed="0,1,2,2,2,109" ten="260,250,220,250" oya="0" hai0="38,61,116,134,112,122,95,4,102,43,73,62,82" hai1="124,92,19,130,2,21,67,13,1,57,80,94,98" hai2="75,54,65,89,46,44,71,22,84,101,25,127,118" hai3="106,55,114,72,99,64,27,115,18,103,87,0,8"/><T23/><D122/><U110/><E110/><V85/><F75/><W24/><G72/><T32/><D32/><U128/><E124/><V120/><F120/><W59/><G64/><T58/><D116/><U39/><E39/><V60/><F118/><W91/><G0/><N who="1" m="106" /><E80/><V10/><F127/><W69/><G69/><T30/><D4/><U117/><E117/><V48/><F101/><W35/><G8/><T45/><D62/><N who="1" m="38351" /><E98/><V113/><F113/><W74/><G74/><T53/><D112/><U3/><N who="1" m="114" /><U70/><DORA hai="90" /><E70/><V105/><F105/><W20/><G27/><T49/><D82/><U17/><E17/><V9/><F46/><W16/><G18/><T6/><D6/><U12/><E13/><V14/><F14/><W93/><REACH who="3" step="1"/><G35/><REACH who="3" ten="260,250,220,240" step="2"/><T129/><D73/><U81/><E81/><V131/><F10/><W66/><G66/><T47/><D30/><U100/><E100/><V28/><F9/><W88/><G88/><T126/><D126/><U56/><E56/><V11/><F11/><W15/><G15/><T7/><D7/><U104/><E104/><V132/><F89/><W76/><G76/><T29/><D29/><U78/><E78/><V123/><F65/><W79/><G79/><T83/><D83/><U97/><E97/><V52/><F71/><W111/><G111/><T135/><D102/><U63/><E63/><AGARI ba="1,3" hai="16,20,24,55,59,63,87,91,93,99,103,106,114,115" machi="63" ten="30,12000,2" yaku="1,1,7,1,52,3,54,1,53,0" doraHai="109,90" doraHaiUra="31,41" who="3" fromWho="1" sc="260,0,250,-123,220,0,240,153" /><INIT seed="1,0,0,3,4,74" ten="260,127,220,393" oya="1" hai0="121,17,79,57,41,129,43,77,93,4,16,78,87" hai1="80,14,134,8,73,96,109,44,9,83,55,28,30" hai2="58,22,76,104,29,64,88,53,59,119,32,26,34" hai3="118,131,21,84,89,105,38,116,47,107,125,37,130"/><U20/><E134/><V7/><F119/><N who="3" m="45611" /><G21/><T66/><D121/><U95/><E109/><V91/><F104/><N who="3" m="40011" /><G47/><T114/><D114/><U135/><E135/><V67/><F7/><W36/><G125/><T25/><D129/><N who="3" m="49161" /><G84/><T33/><D4/><U108/><E8/><V39/><F39/><W24/><G24/><T92/><D33/><U113/><E9/><V6/><F6/><W27/><G27/><T71/><D71/><U112/><E14/><V62/><F64/><W23/><G23/><N who="0" m="13543" /><D17/><U63/><E20/><V101/><F32/><W100/><G89/><N who="0" m="53311" /><D93/><U35/><E95/><V13/><F34/><W111/><G100/><T124/><D124/><U40/><E35/><V52/><F101/><W31/><G111/><T72/><D72/><U98/><E108/><V99/><F13/><W82/><G82/><T2/><D2/><U85/><E73/><V46/><F46/><W61/><G61/><AGARI ba="0,0" hai="41,43,57,61,66,77,78,79" m="53311,13543" machi="61" ten="30,8000,1" yaku="8,1,52,3,54,1" doraHai="74" who="0" fromWho="3" sc="260,80,127,0,220,0,393,-80" /><INIT seed="2,0,0,1,2,68" ten="340,127,220,313" oya="2" hai0="18,59,76,73,25,23,81,114,109,123,71,122,51" hai1="65,91,19,135,104,129,38,72,130,64,45,3,27" hai2="63,93,77,46,83,125,0,30,33,102,118,48,92" hai3="96,98,12,16,100,89,53,103,31,88,43,126,134"/><V6/><F118/><W39/><G31/><T86/><D71/><U21/><E3/><V52/><F125/><W61/><G126/><T32/><D32/><U42/><E104/><V69/><F0/><W113/><G134/><T127/><D114/><U106/><E135/><V97/><F6/><W26/><G113/><T124/><D109/><U110/><E110/><V108/><F108/><W8/><G26/><T57/><D127/><U131/><E72/><V132/><F132/><W115/><G115/><T80/><D124/><U112/><E112/><V70/><F92/><W11/><G11/><T34/><D34/><U84/><REACH who="1" step="1"/><E106/><REACH who="1" ten="340,117,220,313" step="2"/><V1/><F1/><W13/><G103/><T50/><D123/><U82/><AGARI ba="0,1" hai="19,21,27,38,42,45,64,65,82,84,91,129,130,131" machi="82" ten="30,8000,1" yaku="1,1,2,1,0,1,19,1,52,1,53,0" doraHai="68" doraHaiUra="47" who="1" fromWho="1" sc="340,-20,117,90,220,-40,313,-20" /><INIT seed="3,0,0,2,5,120" ten="320,207,180,293" oya="3" hai0="3,71,118,104,112,107,56,28,30,44,7,65,9" hai1="24,79,131,106,87,133,82,27,92,25,19,93,37" hai2="83,97,127,74,17,91,16,10,101,99,121,31,89" hai3="48,18,23,1,114,109,77,70,124,54,129,43,98"/><W21/><G70/><T78/><D118/><U88/><E131/><V49/><F121/><W8/><G114/><T85/><D112/><U12/><E133/><V11/><F127/><W5/><G124/><T41/><D71/><U61/><E37/><V42/><F31/><W111/><G129/><T75/><D85/><N who="1" m="48351" /><E106/><V38/><F38/><W94/><G43/><T130/><D130/><U29/><E61/><V128/><F128/><W108/><G18/><N who="2" m="7273" /><F74/><W46/><G77/><T26/><D28/><U68/><E68/><V96/><F101/><AGARI ba="0,0" hai="1,5,8,21,23,46,48,54,94,98,101,108,109,111" machi="101" ten="40,12000,1" yaku="14,1,10,1,52,3" doraHai="120" who="3" fromWho="2" sc="320,0,207,0,180,-120,293,120" /><INIT seed="3,1,0,4,0,67" ten="320,207,60,413" oya="3" hai0="92,116,9,13,98,83,62,120,103,125,25,131,38" hai1="107,57,42,4,90,49,17,71,5,135,85,14,133" hai2="129,118,3,64,61,124,32,24,41,73,114,63,51" hai3="16,94,22,134,35,88,20,121,7,112,31,26,56"/><W86/><G121/><T110/><D38/><U105/><E71/><V132/><F73/><W59/><G112/><T72/><D120/><U46/><E57/><V37/><F3/><W6/><G134/><N who="1" m="51210" /><E4/><N who="3" m="1578" /><G35/><T18/><D116/><U102/><E102/><V36/><F32/><W29/><G29/><T75/><D125/><U55/><E5/><V60/><F24/><AGARI ba="1,0" hai="16,20,22,24,26,31,56,59,86,88,94" m="1578" machi="24" ten="30,5800,0" yaku="8,1,54,2" doraHai="67" who="3" fromWho="2" sc="320,0,207,0,60,-61,413,61" owari="320,12.0,207,-19.0,-1,-50.0,474,57.0" /></mjloggm>