<mjloggm ver="2.3"><GO type="169" lobby="0"/><UN n0="%E9%81%8A%E8%B5%B0" n1="%E5%B0%B1%E6%B4%BB%E7%94%9F%40%E5%B7%9D%E6%9D%91%E8%BB%8D%E5%9B%A3" n2="%E3%83%86%E3%82%A3%E3%82%AB%2D%CE%B3" n3="%34%E7%95%99" dan="18,17,17,16" rate="2277.68,2178.71,2073.74,2071.75" sx="M,M,M,M"/><TAIKYOKU oya="0"/><INIT seed="0,0,0,5,4,85" ten="250,250,250,250" oya="0" hai0="89,38,106,128,123,124,95,78,48,94,51,39,63" hai1="102,90,24,113,121,117,126,74,66,17,76,75,69" hai2="29,41,33,7,53,130,133,92,37,100,68,16,44" hai3="21,23,135,43,25,107,111,97,18,52,70,116,35"/><T9/><D106/><U105/><E17/><V80/><F133/><W49/><G70/><T115/><D123/><U20/><E20/><V118/><F130/><W93/><G107/><T61/><D78/><U45/><E45/><V47/><F68/><W132/><G116/><T22/><D22/><U98/><E66/><V101/><F7/><W34/><G43/><T96/><D128/><U8/><E8/><V91/><F16/><N who="3" m="12455" /><G111/><T50/><D124/><U27/><E27/><V6/><F6/><W120/><G120/><T62/><D115/><U60/><E60/><V42/><F118/><W1/><G1/><T122/><D122/><U0/><E24/><V46/><F33/><W14/><G34/><T15/><REACH who="0" step="1"/><D94/><REACH who="0" ten="240,250,250,250" step="2"/><N who="1" m="56663" /><E76/><V81/><F92/><W31/><G35/><T55/><D55/><U104/><E105/><V73/><F53/><W99/><G135/><T112/><D112/><U32/><E104/><V134/><F134/><W5/><G132/><T72/><D72/><U36/><E32/><V57/><F73/><W88/><G31/><T59/><D59/><U114/><E75/><V11/><F57/><N who="3" m="32911" /><G5/><AGARI ba="0,1" hai="5,9,15,38,39,48,50,51,61,62,63,89,95,96" machi="5" ten="40,3900,0" yaku="1,1,52,1,53,0" doraHai="85" doraHaiUra="119" who="0" fromWho="3" sc="240,49,250,0,250,0,250,-39" /><INIT seed="0,1,0,0,0,23" ten="289,250,250,211" oya="0" hai0="126,63,133,60,35,98,21,48,46,108,102,71,54" hai1="47,8,62,24,78,64,130,123,129,7,76,68,118" hai2="66,91,75,37,40,74,34,17,73,43,32,134,113" hai3="38,85,88,12,125,114,110,55,84,99,50,100,0"/><T104/><D133/><U28/><E123/><V92/><F113/><W107/><G0/><T105/><D126/><U5/><E118/><V3/><F3/><W81/><G38/><T131/><D131/><N who="1" m="50187" /><E47/><V115/><F115/><W61/><G125/><T27/><D108/><U20/><E7/><V15/><F66/><W89/><G114/><T69/><D105/><U22/><E22/><V31/><F134/><W82/><G61/><T25/><D63/><U4/><E4/><V79/><F79/><W11/><G110/><T121/><D121/><U132/><E132/><V2/><F2/><AGARI ba="1,0" hai="2,5,8,20,24,28,62,64,68,76,78" m="50187" machi="2" ten="30,2000,0" yaku="19,1,52,1" doraHai="23" who="1" fromWho="2" sc="289,0,250,23,250,-23,211,0" /><INIT seed="1,0,0,2,3,61" ten="289,273,227,211" oya="1" hai0="117,26,57,46,18,21,119,133,98,101,114,19,37" hai1="116,60,126,94,17,104,73,81,29,12,65,58,54" hai2="24,30,42,62,4,68,14,135,96,20,118,77,111" hai3="28,27,7,103,0,49,95,108,107,15,122,123,85"/><U13/><E116/><V92/><F118/><W59/><G0/><T76/><D114/><U39/><E104/><V67/><F111/><W91/><G108/><T48/><D133/><U25/><E126/><V35/><F135/><W74/><G74/><T55/><D76/><U127/><E127/><V124/><F124/><W78/><G78/><T16/><D117/><U53/><E39/><V9/><F77/><W121/><G103/><T31/><D119/><U51/><E73/><V93/><F42/><W120/><G107/><T134/><D134/><U128/><E128/><V5/><F5/><W84/><G84/><T34/><D34/><U106/><E106/><V82/><F82/><W66/><N who="3" m="30720" /><DORA hai="64" /><W69/><G15/><T113/><D113/><U132/><E132/><V129/><F129/><W40/><G7/><T44/><REACH who="0" step="1"/><D37/><REACH who="0" ten="279,273,227,211" step="2"/><U45/><E81/><V83/><F83/><W63/><G40/><T89/><D89/><U131/><E131/><V23/><REACH who="2" step="1"/><F93/><AGARI ba="0,1" hai="16,18,19,21,26,31,44,46,48,55,57,93,98,101" machi="93" ten="40,8000,1" yaku="1,1,8,1,54,1,53,2" doraHai="61,64" doraHaiUra="72,41" who="0" fromWho="2" sc="279,90,273,0,227,-80,211,0" /><INIT seed="2,0,0,2,1,75" ten="369,273,147,211" oya="2" hai0="35,58,9,128,76,109,86,12,74,17,120,102,89" hai1="112,121,134,38,40,107,18,87,114,126,10,106,30" hai2="27,34,36,53,91,83,4,95,69,32,13,6,125" hai3="1,49,19,79,117,73,132,29,94,78,26,25,44"/><V42/><F69/><W119/><G73/><T46/><D120/><U81/><E40/><V50/><F125/><W15/><G1/><T123/><D123/><U61/><E30/><V66/><F66/><W31/><G132/><T41/><D128/><U22/><E61/><V59/><F83/><W96/><G117/><T113/><D113/><U0/><E38/><V8/><F6/><W85/><G85/><T51/><D109/><U67/><E67/><V105/><F105/><W135/><G29/><T20/><D35/><U77/><E121/><V71/><F71/><W98/><G135/><T111/><D111/><U7/><E126/><V92/><F92/><W43/><G119/><T90/><D102/><U93/><E134/><V3/><F27/><N who="3" m="10251" /><G31/><T88/><D74/><U129/><E129/><V122/><F122/><W37/><G37/><T99/><D58/><U54/><E54/><V97/><REACH who="2" step="1"/><F3/><REACH who="2" ten="369,273,137,211" step="2"/><W68/><G68/><T80/><D99/><N who="3" m="37929" /><G94/><T57/><D57/><U48/><E93/><V45/><AGARI ba="0,1" hai="4,8,13,32,34,36,42,45,50,53,59,91,95,97" machi="45" ten="30,3000,0" yaku="1,1,0,1,53,0" doraHai="75" doraHaiUra="62" who="2" fromWho="2" sc="369,-10,273,-10,137,40,211,-10" /><INIT seed="2,1,0,3,3,105" ten="359,263,177,201" oya="2" hai0="122,88,78,71,33,28,79,6,5,39,72,57,80" hai1="64,101,103,11,44,110,119,9,104,49,59,4,107" hai2="68,63,96,120,97,60,135,65,127,42,82,27,56" hai3="10,13,52,51,93,75,8,24,84,16,18,130,50"/><V95/><F120/><W19/><G130/><T98/><D71/><U15/><E119/><V12/><F135/><W32/><G50/><T41/><D122/><U74/><E110/><V73/><F127/><W100/><G75/><T111/><D111/><U45/><E74/><V77/><F42/><W53/><G32/><T35/><D78/><U116/><E116/><V102/><F27/><W54/><G51/><T3/><D57/><U34/><E34/><V131/><F131/><W36/><G36/><T1/><D6/><U121/><E121/><V115/><F115/><W113/><G113/><T55/><D55/><U40/><E45/><V70/><F12/><N who="3" m="7175" /><G100/><T66/><D66/><U48/><E11/><V43/><F43/><W83/><G93/><N who="0" m="56615" /><D28/><U21/><E107/><V125/><F125/><W133/><G133/><T134/><D1/><U92/><E104/><V118/><F118/><W123/><G123/><T17/><D17/><U126/><E126/><V85/><F63/><W128/><G128/><T91/><D91/><U62/><E49/><V0/><F0/><W132/><G132/><T69/><D69/><U86/><E21/><V29/><F29/><W30/><G30/><T109/><D134/><U114/><E114/><V7/><F7/><N who="3" m="3295" /><G24/><T124/><D124/><U25/><E25/><V81/><REACH who="2" step="1"/><F97/><REACH who="2" ten="359,263,167,201" step="2"/><W20/><G20/><T90/><D109/><U67/><E4/><V31/><F31/><W108/><G108/><T61/><D61/><N who="1" m="37951" /><E15/><V89/><AGARI ba="1,1" hai="56,60,65,68,70,73,77,81,82,85,89,95,96,102" machi="89" ten="20,7800,0" yaku="1,1,0,1,7,1,52,1,53,0" doraHai="105" doraHaiUra="129" who="2" fromWho="2" sc="359,-27,263,-27,167,91,201,-27" /><INIT seed="2,2,0,0,4,100" ten="332,236,258,174" oya="2" hai0="84,134,50,90,6,3,126,116,94,43,9,63,125" hai1="69,103,99,28,109,91,29,74,59,121,65,17,89" hai2="41,66,120,88,87,112,127,114,25,7,110,48,70" hai3="119,18,52,95,24,22,13,85,60,21,20,38,46"/><V39/><F39/><W104/><G38/><T27/><D134/><U102/><E74/><V113/><F120/><W14/><G119/><T128/><D128/><U34/><E69/><V32/><F127/><N who="0" m="48650" /><D116/><U123/><E109/><V19/><F7/><W51/><G60/><T4/><D4/><U93/><E17/><V10/><F110/><W97/><G104/><T8/><D8/><U58/><E34/><V44/><F32/><W35/><G85/><T54/><D27/><U49/><E49/><V12/><F25/><W0/><G0/><T77/><D77/><U11/><E11/><V71/><REACH who="2" step="1"/><F66/><REACH who="2" ten="332,236,248,174" step="2"/><W67/><G67/><T111/><D111/><U45/><E65/><V105/><F105/><W62/><G35/><T40/><D63/><U73/><E121/><V115/><N who="2" m="28672" /><DORA hai="75" /><V132/><F132/><W1/><G62/><T47/><AGARI ba="2,1" hai="3,6,9,40,43,47,50,54,84,90,94" m="48650" machi="47" ten="30,1100,0" yaku="18,1" doraHai="100,75" who="0" fromWho="0" sc="332,27,236,-5,248,-7,174,-5" /><INIT seed="3,0,0,1,3,129" ten="359,231,241,169" oya="3" hai0="128,73,14,134,52,27,28,50,18,72,88,100,86" hai1="135,60,84,93,68,98,44,19,113,110,70,89,2" hai2="22,76,21,35,114,122,39,106,9,123,103,62,61" hai3="23,58,7,82,54,67,118,66,65,10,3,74,30"/><W33/><G118/><T51/><D128/><U49/><E113/><V130/><F35/><W127/><G33/><T133/><D100/><U24/><E110/><V95/><F39/><W11/><G127/><T37/><D37/><U85/><E2/><V1/><F106/><W126/><G126/><T38/><D38/><U5/><E5/><V13/><F1/><W46/><G11/><N who="0" m="6495" /><D50/><U90/><E135/><N who="0" m="51721" /><D28/><U132/><E132/><V34/><F103/><W115/><G46/><N who="0" m="27767" /><D27/><U69/><E60/><V108/><F62/><W99/><G115/><T77/><D77/><U83/><E24/><V42/><F61/><W4/><G10/><T15/><D15/><U117/><E117/><V131/><F9/><W26/><G3/><T125/><D125/><U40/><E19/><V94/><F13/><W29/><G29/><T57/><D57/><U0/><E0/><V12/><F12/><W121/><G121/><T6/><D6/><N who="3" m="2089" /><G99/><T45/><D45/><U36/><E36/><V97/><F97/><W107/><G107/><T116/><D116/><U53/><E98/><V47/><F122/><W17/><G30/><T20/><D20/><U104/><E104/><V105/><F22/><W75/><G82/><AGARI ba="0,0" hai="72,73,82,86,88" m="27767,51721,6495" machi="82" ten="30,12000,2" yaku="25,1,20,1,52,3,54,2" doraHai="129" who="0" fromWho="3" sc="359,120,231,0,241,0,169,-120" /><INIT seed="4,0,0,3,4,34" ten="479,231,241,49" oya="0" hai0="94,74,39,98,51,12,78,107,18,15,114,108,33" hai1="90,46,116,45,93,82,109,19,7,43,126,22,13" hai2="79,10,47,17,55,58,3,63,66,127,128,60,65" hai3="84,5,50,135,41,96,92,61,131,49,91,80,26"/><T122/><D122/><U129/><E116/><V113/><F113/><W88/><G135/><T76/><D107/><U102/><E109/><V11/><F128/><W44/><G131/><T103/><D39/><U86/><E129/><V56/><F127/><W71/><G5/><T8/><D114/><U85/><E126/><V97/><F79/><W37/><G71/><T89/><D108/><U133/><E133/><V120/><F120/><W111/><G111/><T52/><D33/><U81/><E7/><V118/><F118/><W104/><G104/><T83/><D12/><U112/><E112/><V117/><F117/><W42/><G61/><T0/><D0/><U121/><E121/><V23/><F97/><W2/><G26/><T72/><D72/><U130/><E130/><V9/><F3/><W29/><G29/><T77/><REACH who="0" step="1"/><D103/><REACH who="0" ten="469,231,241,49" step="2"/><U99/><REACH who="1" step="1"/><E43/><REACH who="1" ten="469,221,241,49" step="2"/><V70/><F70/><W28/><G42/><T48/><D48/><U115/><E115/><V123/><F123/><W27/><REACH who="3" step="1"/><G2/><REACH who="3" ten="469,221,241,39" step="2"/><T132/><D132/><U35/><E35/><AGARI ba="0,3" hai="27,28,35,37,41,44,49,50,80,84,88,91,92,96" machi="35" ten="30,7700,0" yaku="1,1,2,1,7,1,54,1,53,0" doraHai="34" doraHaiUra="67" who="3" fromWho="1" sc="469,0,221,-77,241,0,39,107" /><INIT seed="5,0,0,2,4,61" ten="469,144,241,146" oya="1" hai0="105,79,91,113,69,3,114,44,132,16,1,17,90" hai1="86,36,53,94,67,35,110,108,29,43,55,119,5" hai2="14,128,135,30,100,4,115,28,68,6,49,52,122" hai3="40,98,82,103,87,45,21,75,83,112,65,101,39"/><U63/><E119/><V107/><F68/><W77/><G112/><N who="0" m="43115" /><D105/><U78/><E5/><V56/><F122/><W62/><G21/><T8/><D69/><N who="1" m="42239" /><E35/><V60/><F135/><W38/><G38/><T121/><D121/><U34/><E34/><V116/><F115/><W129/><G129/><T89/><D132/><U26/><E26/><V125/><F116/><W120/><G120/><T47/><D79/><U124/><E29/><V118/><F128/><W57/><REACH who="3" step="1"/><G98/><REACH who="3" ten="469,144,241,136" step="2"/><T74/><D8/><U99/><E124/><V117/><F125/><W92/><G92/><T123/><D123/><U81/><E36/><V102/><F118/><W19/><G19/><N who="0" m="7243" /><D74/><U131/><E131/><V41/><F117/><W7/><G7/><T33/><D33/><U15/><E15/><V96/><F6/><W23/><G23/><T127/><D127/><U130/><E130/><V18/><F4/><W133/><G133/><T10/><D10/><U25/><E25/><V76/><F14/><W64/><G64/><T73/><D73/><U31/><E31/><V22/><F28/><W95/><G95/><T97/><D97/><U48/><E94/><V20/><F30/><W12/><G12/><T72/><D72/><U46/><E99/><V58/><F96/><W134/><G134/><T111/><D111/><AGARI ba="0,1" hai="43,46,48,53,55,78,81,86,108,110,111" m="42239" machi="111" ten="30,2900,0" yaku="10,1,52,1" doraHai="61" who="1" fromWho="0" sc="469,-29,144,39,241,0,136,0" /><INIT seed="5,1,0,1,0,115" ten="440,183,241,136" oya="1" hai0="97,119,122,57,118,88,10,103,5,40,49,72,28" hai1="76,90,38,36,29,81,44,71,48,113,91,13,56" hai2="52,67,135,109,66,41,89,105,62,45,20,2,132" hai3="27,69,80,47,130,107,84,55,0,1,120,19,11"/><U83/><E71/><N who="2" m="42455" /><F89/><N who="3" m="51335" /><G69/><T9/><D72/><U58/><E113/><V51/><F20/><N who="3" m="13727" /><G107/><T92/><D28/><U98/><E29/><V104/><F2/><W117/><G120/><T79/><D79/><U61/><E13/><V35/><F35/><W25/><G130/><T116/><D122/><U86/><E91/><V101/><F101/><W60/><G25/><T112/><D112/><U87/><E98/><V123/><F104/><W4/><G0/><T21/><D21/><U108/><E108/><V12/><F12/><W42/><G60/><T127/><D127/><U75/><E75/><V8/><F105/><W78/><G42/><T17/><D17/><U37/><REACH who="1" step="1"/><E61/><REACH who="1" ten="440,173,241,136" step="2"/><V74/><F74/><W65/><G1/><T59/><D88/><U70/><E70/><V129/><F109/><W18/><G78/><T54/><D97/><U50/><E50/><N who="2" m="26927" /><F123/><W94/><G4/><T43/><D49/><U30/><E30/><V33/><F33/><W114/><G114/><T31/><D5/><U126/><E126/><V134/><F129/><W93/><G18/><T22/><D31/><U73/><E73/><V82/><F135/><W106/><G11/><T34/><D9/><U110/><E110/><V95/><F8/><W3/><G3/><T26/><D10/><U102/><E102/><V53/><F134/><W14/><G14/><T23/><D103/><U16/><E16/><V7/><F132/><W125/><G125/><T121/><D34/><U131/><E131/><V133/><F133/><W6/><G6/><T100/><D100/><U124/><E124/><V46/><F51/><RYUUKYOKU ba="1,1" sc="440,-10,173,30,241,-10,136,-10" hai1="36,37,38,44,48,56,58,76,81,83,86,87,90" /><INIT seed="5,2,1,5,5,61" ten="430,203,231,126" oya="1" hai0="16,14,12,1,17,35,63,42,57,95,7,93,104" hai1="101,76,51,107,49,90,59,129,86,130,132,36,126" hai2="125,2,84,103,13,108,40,82,119,25,83,79,100" hai3="27,69,114,3,5,88,10,71,73,6,75,11,37"/><U67/><E36/><V99/><F2/><N who="3" m="311" /><G88/><T0/><D104/><U102/><E126/><V77/><F40/><W122/><G122/><T74/><D74/><N who="3" m="28169" /><G27/><T118/><D42/><U109/><E132/><V64/><F108/><W32/><G114/><T15/><D35/><U87/><E109/><V33/><F119/><W52/><G52/><T78/><D78/><U113/><E113/><V56/><F13/><W8/><G8/><T80/><D80/><N who="1" m="47367" /><E107/><V135/><F135/><W66/><G32/><T43/><D118/><U111/><E111/><V41/><F33/><W54/><G54/><T81/><D81/><N who="1" m="49519" /><E51/><V112/><F112/><W96/><G96/><T21/><D7/><U70/><E49/><V26/><F79/><W123/><G123/><T29/><D43/><U38/><E38/><V45/><F41/><W9/><G9/><T18/><D1/><U53/><E53/><V4/><F77/><W134/><G134/><T117/><D0/><U91/><E59/><V19/><F56/><W31/><G31/><T115/><D115/><U23/><E23/><V44/><F83/><W85/><G37/><T28/><D117/><U68/><E91/><V39/><F39/><W47/><G85/><T124/><D124/><U72/><E72/><V34/><F84/><W92/><G47/><T105/><D105/><U30/><E30/><N who="0" m="11881" /><D21/><U121/><E121/><V120/><F34/><W110/><G110/><T62/><D57/><U22/><E22/><N who="2" m="13535" /><F45/><W97/><G71/><N who="1" m="27178" /><E67/><V65/><F64/><W55/><G69/><T98/><D95/><U127/><E127/><V24/><F125/><RYUUKYOKU ba="2,1" sc="430,15,203,15,231,-15,126,-15" hai0="12,14,15,16,17,18,62,63,93,98" hai1="101,102,129,130" /><INIT seed="5,3,1,2,0,2" ten="445,218,216,111" oya="1" hai0="6,36,58,19,10,83,13,94,28,124,126,24,34" hai1="128,67,44,32,40,135,132,0,130,41,17,4,133" hai2="134,11,61,46,100,92,68,66,38,59,29,80,8" hai3="85,120,119,12,81,111,114,76,99,23,107,77,43"/><U21/><E32/><V14/><F134/><W106/><G43/><T104/><D36/><N who="1" m="21511" /><E41/><V131/><F131/><N who="1" m="50217" /><E67/><V123/><F123/><W112/><G12/><T70/><D104/><N who="3" m="39977" /><G23/><T55/><D70/><U15/><E0/><V101/><F68/><W75/><G120/><T56/><D94/><U121/><E121/><V79/><F38/><W95/><G111/><T45/><D83/><U109/><E109/><V26/><F46/><W116/><G77/><T42/><D42/><U54/><E54/><V37/><F37/><W27/><G75/><T16/><D45/><U48/><E48/><V110/><F110/><W3/><G27/><T89/><D89/><U35/><E35/><V62/><F62/><W7/><G7/><AGARI ba="3,1" hai="4,7,15,17,21,132,133,135" m="50217,21511" machi="7" ten="40,12000,1" yaku="20,1,19,1,52,2" doraHai="2" who="1" fromWho="3" sc="445,0,218,139,216,0,111,-129" owari="445,54.0,357,16.0,216,-18.0,-18,-52.0" /></mjloggm>