<mjloggm ver="2.3"><GO type="169" lobby="0"/><UN n0="%E3%81%8A%E3%82%8C%E3%81%A6%E3%82%93" n1="%E8%90%8C%E3%81%88%E3%81%AE%E7%A5%9E" n2="%E5%B0%B1%E6%B4%BB%E7%94%9F%40%E5%B7%9D%E6%9D%91%E8%BB%8D%E5%9B%A3" n3="%E3%81%B6%E3%81%A3%E3%81%A8%E3%81%B3%E3%82%AB%E3%83%BC%E3%83%89" dan="16,16,17,17" rate="2059.73,2146.06,2254.65,2221.30" sx="M,F,M,M"/><TAIKYOKU oya="0"/><INIT seed="0,0,0,1,5,62" ten="250,250,250,250" oya="0" hai0="135,81,113,72,128,71,19,109,34,117,89,31,90" hai1="28,98,86,91,56,63,8,30,93,75,1,107,39" hai2="87,17,50,129,42,101,12,132,110,26,49,41,85" hai3="73,124,100,15,82,52,60,24,104,95,23,118,14"/><T6/><D19/><U47/><E75/><V37/><F110/><W120/><G104/><T94/><D6/><U18/><E39/><V97/><F132/><W76/><G118/><T61/><D61/><U22/><E47/><V126/><F129/><W51/><G124/><T45/><D45/><U46/><E46/><V77/><F126/><W13/><G120/><T29/><D29/><U67/><E1/><V84/><F77/><W111/><G111/><T66/><D31/><U130/><E130/><V74/><F74/><W16/><G60/><T96/><D66/><U122/><E122/><V121/><F26/><W38/><G38/><T119/><D96/><U40/><E40/><V3/><F3/><W116/><G116/><T21/><D94/><U78/><E8/><V20/><F121/><W59/><REACH who="3" step="1"/><G95/><REACH who="3" ten="250,250,250,240" step="2"/><T99/><D109/><U33/><E107/><V48/><REACH who="2" step="1"/><F37/><REACH who="2" ten="250,250,240,240" step="2"/><W133/><G133/><T27/><D135/><U134/><E134/><V115/><F115/><W83/><G83/><T11/><D81/><N who="1" m="47415" /><E33/><V4/><F4/><W88/><G88/><T35/><D34/><U55/><E91/><V64/><F64/><W65/><G65/><T9/><D35/><U58/><E67/><V112/><F112/><W7/><G7/><T36/><D90/><U92/><E98/><V57/><F57/><W105/><G105/><AGARI ba="0,2" hai="12,17,20,41,42,48,49,50,84,85,87,97,101,105" machi="105" ten="40,1300,0" yaku="1,1,53,0" doraHai="62" doraHaiUra="54" who="2" fromWho="3" sc="250,0,250,0,240,33,240,-13" /><INIT seed="1,0,0,3,5,86" ten="250,250,273,227" oya="1" hai0="70,65,133,81,58,11,22,83,89,131,21,109,41" hai1="74,39,100,44,2,59,71,113,43,92,108,96,88" hai2="12,20,123,45,85,103,126,104,90,54,79,42,26" hai3="23,87,120,105,40,38,121,5,10,1,61,119,130"/><U66/><E113/><V7/><F123/><W101/><G119/><T129/><D70/><U118/><E118/><V68/><F126/><W30/><G130/><N who="0" m="49675" /><D41/><U112/><E112/><V60/><F79/><W56/><G38/><T34/><D34/><U106/><E2/><V25/><F103/><W114/><G40/><T93/><D11/><U52/><E108/><V84/><F84/><W19/><G30/><T91/><D109/><U53/><E74/><V77/><F77/><W64/><G114/><T62/><D133/><U55/><E66/><V122/><F104/><W82/><G101/><T124/><D124/><U4/><E4/><V117/><F117/><W33/><G33/><T127/><D127/><U128/><E128/><V27/><F122/><W69/><G105/><T47/><D47/><U3/><E3/><V63/><F68/><W15/><REACH who="3" step="1"/><G69/><REACH who="3" ten="250,250,273,217" step="2"/><T36/><D36/><U31/><E71/><V14/><F42/><W13/><G13/><T32/><D32/><U110/><E31/><V78/><F12/><W49/><G49/><T24/><D93/><U75/><E110/><V116/><F116/><W48/><G48/><T6/><D6/><U76/><E59/><V115/><F115/><W111/><G111/><T102/><D102/><U35/><E35/><V8/><F60/><W57/><G57/><T37/><D37/><U0/><E0/><V99/><F63/><W132/><G132/><T73/><D58/><U95/><E106/><V18/><F7/><W125/><G125/><T46/><D62/><U135/><E135/><V134/><F134/><W50/><G50/><RYUUKYOKU ba="0,1" sc="250,-10,250,-10,273,-10,217,30" hai3="1,5,10,15,19,23,56,61,64,82,87,120,121" /><INIT seed="2,1,1,1,4,62" ten="240,240,263,247" oya="2" hai0="130,16,26,101,73,94,49,83,6,113,22,14,96" hai1="13,11,79,51,10,29,3,74,24,103,80,70,134" hai2="104,63,115,8,0,19,59,82,111,106,116,114,81" hai3="57,39,131,1,76,78,40,45,12,35,127,53,84"/><V97/><F116/><W17/><G1/><T23/><D130/><U92/><E70/><V72/><F111/><W100/><G35/><T42/><D113/><U34/><E134/><V95/><F106/><W112/><G100/><T38/><D38/><U32/><E32/><V68/><F68/><W46/><G131/><T135/><D135/><U66/><E3/><V69/><F104/><W36/><G127/><T123/><D123/><U89/><E103/><V41/><F41/><W56/><G57/><T48/><D42/><U64/><E51/><V132/><F69/><W120/><G120/><T107/><D107/><U58/><E58/><V18/><F132/><W7/><G7/><T25/><D25/><U67/><REACH who="1" step="1"/><E13/><REACH who="1" ten="240,230,263,247" step="2"/><V86/><F0/><W37/><G39/><T90/><D49/><U98/><AGARI ba="1,2" hai="10,11,24,29,34,64,66,67,74,79,80,89,92,98" machi="98" ten="30,12000,2" yaku="1,1,2,1,0,1,52,3,53,0" doraHai="62" doraHaiUra="44" who="1" fromWho="1" sc="240,-31,230,143,263,-61,247,-31" /><INIT seed="3,0,0,5,1,124" ten="209,373,202,216" oya="3" hai0="56,98,66,89,131,12,76,97,108,96,94,103,32" hai1="55,86,19,21,112,117,3,11,90,39,100,123,6" hai2="54,59,9,101,57,43,2,5,50,49,51,24,95" hai3="47,99,119,129,7,110,35,69,128,74,130,48,132"/><W92/><G35/><T15/><D32/><U30/><E112/><V135/><F135/><W87/><G119/><T115/><D115/><U45/><E123/><V105/><F105/><W60/><G74/><T82/><D108/><U73/><E73/><V84/><F43/><W65/><G110/><T44/><D131/><U93/><E117/><V109/><F109/><W79/><G132/><T78/><D44/><U126/><E126/><V91/><F101/><N who="3" m="60647" /><G7/><T121/><D121/><U40/><E30/><V61/><REACH who="2" step="1"/><F24/><REACH who="2" ten="209,373,192,216" step="2"/><W106/><G106/><T80/><D103/><U20/><E100/><V107/><F107/><W64/><G64/><AGARI ba="0,1" hai="2,5,9,49,50,51,54,57,59,61,64,84,91,95" machi="64" ten="30,2000,0" yaku="1,1,7,1,53,0" doraHai="124" doraHaiUra="122" who="2" fromWho="3" sc="209,0,373,0,192,30,216,-20" /><INIT seed="4,0,0,1,2,120" ten="209,373,222,196" oya="0" hai0="119,125,22,3,128,38,27,84,129,78,47,14,75" hai1="130,67,93,82,33,53,68,9,15,20,102,26,91" hai2="31,86,40,30,121,43,66,16,85,17,25,57,1" hai3="104,36,46,70,45,63,87,122,56,110,98,79,58"/><T62/><D3/><U131/><E33/><V100/><F1/><W55/><G70/><T90/><D119/><U50/><E102/><V29/><F100/><W108/><G122/><T133/><D75/><U4/><E82/><V88/><F86/><W99/><G104/><T116/><D78/><U21/><E67/><V109/><F109/><W32/><G32/><T10/><D116/><U81/><E81/><N who="2" m="49199" /><F121/><W64/><G79/><T19/><D62/><U6/><E6/><V65/><F25/><W107/><G87/><T111/><D111/><U105/><E68/><V69/><F69/><W49/><G99/><T80/><D133/><U96/><E105/><V42/><F65/><W61/><G36/><T39/><D125/><U48/><E48/><V52/><F66/><W28/><G28/><T71/><D71/><U135/><E135/><V106/><F106/><W112/><G112/><T95/><D95/><U24/><E24/><V124/><F124/><W18/><G18/><T11/><D10/><U44/><E26/><V89/><F89/><W92/><G107/><T41/><REACH who="0" step="1"/><D39/><REACH who="0" ten="199,373,222,196" step="2"/><U113/><E113/><V73/><F73/><W83/><G83/><T13/><D13/><U2/><E2/><V72/><F72/><W115/><G115/><T126/><D126/><U74/><E74/><V118/><F118/><W8/><G8/><T5/><AGARI ba="0,1" hai="5,11,14,19,22,27,38,41,47,80,84,90,128,129" machi="5" ten="30,3000,0" yaku="1,1,0,1,53,0" doraHai="120" doraHaiUra="117" who="0" fromWho="0" sc="199,40,373,-10,222,-10,196,-10" /><INIT seed="4,1,0,3,4,79" ten="239,363,212,186" oya="0" hai0="51,1,50,44,30,123,119,62,39,43,66,37,22" hai1="28,109,19,56,106,126,31,45,92,57,13,98,117" hai2="90,132,53,72,131,111,89,70,100,110,48,95,49" hai3="36,18,21,29,58,3,129,47,130,80,93,81,99"/><T25/><D123/><U26/><E109/><V24/><F70/><W87/><G3/><T11/><D119/><U32/><E117/><V17/><F72/><W78/><G29/><T67/><D67/><U23/><E106/><V46/><F131/><N who="3" m="50187" /><G58/><T73/><D73/><U122/><E122/><V42/><F132/><W16/><G81/><T64/><D64/><U118/><E118/><V127/><F127/><W76/><G78/><T60/><D60/><U85/><E126/><V7/><F7/><W104/><G104/><T6/><REACH who="0" step="1"/><D50/><REACH who="0" ten="229,363,212,186" step="2"/><U71/><E71/><AGARI ba="1,1" hai="1,6,11,22,25,30,37,39,43,44,51,62,66,71" machi="71" ten="30,5800,0" yaku="1,1,2,1,7,1,53,0" doraHai="79" doraHaiUra="9" who="0" fromWho="1" sc="229,71,363,-61,212,0,186,0" /><INIT seed="4,2,0,4,3,59" ten="300,302,212,186" oya="0" hai0="28,80,109,127,43,9,26,13,72,97,115,98,111" hai1="67,48,81,12,92,128,99,73,86,88,125,0,74" hai2="55,1,101,49,69,83,57,107,116,6,132,103,95" hai3="11,44,124,2,122,94,39,110,64,119,112,56,46"/><T27/><D43/><U16/><E0/><V93/><F69/><W19/><G119/><T7/><D115/><U66/><E125/><V75/><F132/><W129/><G112/><T14/><D14/><U50/><E128/><V30/><F116/><W8/><G110/><N who="0" m="41995" /><D127/><U3/><E3/><V133/><F133/><W76/><G2/><T37/><D37/><U52/><E73/><V90/><F30/><W53/><G76/><N who="0" m="44039" /><D27/><U15/><E74/><V70/><F70/><W10/><G39/><T123/><D123/><U85/><E12/><V130/><F130/><W18/><G129/><T68/><D68/><U31/><E31/><V62/><F6/><W96/><G124/><T24/><D24/><U47/><E50/><V114/><F1/><W40/><G122/><T118/><D118/><U34/><E34/><AGARI ba="2,0" hai="7,9,13,26,28,34,97,98" m="44039,41995" machi="34" ten="30,1500,0" yaku="10,1" doraHai="59" who="0" fromWho="1" sc="300,21,302,-21,212,0,186,0" /><INIT seed="4,3,0,4,1,45" ten="321,281,212,186" oya="0" hai0="91,97,85,126,4,125,37,13,52,119,20,33,134" hai1="59,54,0,128,8,99,115,31,66,82,110,80,83" hai2="18,51,69,62,116,88,48,17,111,135,95,103,24" hai3="1,57,72,7,101,78,5,16,56,6,93,79,123"/><T107/><D33/><U124/><E110/><V55/><F111/><W39/><G39/><T25/><D37/><U64/><E128/><V106/><F135/><W14/><G1/><T63/><D119/><U118/><E118/><V117/><F106/><W127/><G127/><T50/><D63/><U15/><E0/><V71/><F71/><W27/><G27/><T12/><D134/><U81/><E124/><N who="0" m="47721" /><D4/><U36/><E36/><V113/><F113/><W2/><G2/><T131/><D131/><U28/><E115/><V87/><F116/><W19/><G19/><N who="2" m="7177" /><F69/><W10/><G72/><T41/><D41/><U129/><E129/><V29/><F103/><W70/><G70/><T133/><D133/><U53/><E64/><V122/><F122/><W74/><G74/><T112/><D112/><U68/><E68/><V9/><F9/><W130/><G123/><T75/><D75/><U22/><E66/><V89/><F89/><W61/><G130/><T90/><D107/><U35/><E35/><V67/><F67/><N who="3" m="39335" /><G57/><N who="0" m="32919" /><D97/><AGARI ba="3,0" hai="5,6,7,10,14,16,78,79,93,97,101" m="39335" machi="97" ten="30,2000,0" yaku="8,1,54,1" doraHai="45" who="3" fromWho="0" sc="321,-29,281,0,212,0,186,29" /><INIT seed="5,0,0,0,4,56" ten="292,281,212,215" oya="1" hai0="108,11,19,116,23,17,102,49,3,124,1,48,100" hai1="96,64,34,133,42,70,103,134,41,76,16,38,40" hai2="127,12,84,125,6,91,117,50,114,2,82,74,35" hai3="67,109,78,69,86,72,126,75,121,20,22,62,106"/><U5/><E34/><V59/><F2/><W97/><G121/><T113/><D23/><U111/><E5/><V123/><F35/><W104/><G109/><T90/><D90/><U13/><E76/><V83/><F123/><W14/><G126/><N who="2" m="48137" /><F117/><W98/><G86/><T58/><D58/><U31/><E31/><V7/><F114/><W99/><G78/><T54/><D54/><U73/><E73/><V24/><F24/><W87/><G87/><T32/><D11/><N who="1" m="6207" /><E38/><V55/><F12/><W68/><G14/><T92/><D32/><U57/><E70/><N who="3" m="27242" /><G62/><T8/><D124/><U94/><E57/><V130/><F130/><W65/><G20/><T61/><D61/><U52/><E64/><N who="3" m="24650" /><G22/><T105/><D3/><U36/><E36/><V107/><F107/><AGARI ba="0,0" hai="72,75,97,98,99,104,106,107" m="24650,27242" machi="107" ten="40,2600,0" yaku="28,2" doraHai="56" who="3" fromWho="2" sc="292,0,281,0,212,-26,215,26" /><INIT seed="6,0,0,5,2,83" ten="292,281,186,241" oya="2" hai0="101,95,47,132,103,57,32,20,4,13,112,100,17" hai1="50,52,128,82,74,104,53,35,121,16,63,78,29" hai2="127,49,84,51,23,71,12,14,34,131,18,133,73" hai3="62,123,40,86,1,88,76,48,135,24,118,85,36"/><V70/><F73/><W58/><G1/><T25/><D112/><U38/><E38/><V6/><F34/><W105/><G105/><T120/><D120/><U99/><E128/><V66/><F131/><W119/><G36/><T93/><D132/><U126/><E126/><V33/><F33/><W75/><G75/><T79/><D79/><U117/><E117/><V94/><F127/><W43/><G123/><T7/><D47/><U21/><E121/><V37/><F37/><W31/><G135/><T60/><D32/><U11/><E35/><V59/><F133/><W81/><G119/><T26/><D25/><U92/><E104/><V27/><F71/><W97/><G97/><T44/><D44/><U56/><E11/><N who="2" m="4215" /><F70/><W0/><G0/><T15/><D13/><U122/><E29/><V116/><F116/><W90/><G76/><T129/><D129/><U67/><E50/><V68/><F68/><W91/><G91/><T39/><D39/><U125/><E125/><V65/><F14/><W113/><G113/><T108/><D108/><U5/><E5/><N who="0" m="2121" /><D15/><U42/><E42/><V134/><F134/><W41/><G48/><N who="2" m="18505" /><F59/><W109/><G109/><T22/><D22/><U69/><E69/><V8/><F8/><W130/><G130/><T107/><D107/><U110/><E110/><V115/><F115/><W46/><G46/><T114/><D114/><U80/><E122/><V2/><F2/><W45/><G45/><T19/><D19/><U28/><E16/><V111/><F111/><W98/><G118/><T55/><AGARI ba="0,0" hai="17,20,26,55,57,60,93,95,100,101,103" m="2121" machi="55" ten="30,1100,0" yaku="8,1" doraHai="83" who="0" fromWho="0" sc="292,11,281,-3,186,-5,241,-3" /><INIT seed="7,0,0,3,4,28" ten="303,278,181,238" oya="3" hai0="106,32,24,35,71,36,117,81,61,132,38,59,3" hai1="89,80,87,49,107,121,64,127,135,100,29,15,19" hai2="0,1,21,114,122,67,56,37,78,113,130,76,46" hai3="120,91,83,62,98,23,55,104,2,31,22,92,125"/><W96/><G2/><N who="2" m="1129" /><F67/><W43/><G120/><T108/><D59/><U119/><E121/><V11/><F122/><W18/><G125/><T74/><D24/><U101/><E127/><V26/><F56/><N who="3" m="35103" /><G104/><T126/><D126/><U84/><E29/><N who="2" m="17615" /><F130/><W112/><G112/><N who="2" m="43113" /><F11/><W79/><G43/><T75/><D3/><U34/><E64/><V42/><AGARI ba="0,0" hai="37,42,46,76,78" m="43113,17615,1129" machi="42" ten="40,1500,0" yaku="15,1" doraHai="28" who="2" fromWho="2" sc="303,-4,278,-4,181,15,238,-7" /><INIT seed="8,0,0,1,3,112" ten="299,274,196,231" oya="0" hai0="16,42,88,123,2,61,17,9,81,134,43,75,30" hai1="49,12,15,58,77,31,28,130,118,19,70,114,20" hai2="60,46,106,131,76,14,90,115,57,125,47,129,24" hai3="126,11,83,91,93,45,4,32,10,55,103,63,89"/><T79/><D123/><U127/><E70/><V84/><F106/><W66/><G32/><T35/><D61/><U69/><E69/><V62/><F115/><W27/><G126/><T39/><D30/><U92/><E114/><V107/><F107/><W85/><G103/><T68/><D68/><U73/><E118/><V25/><F76/><W78/><G27/><N who="2" m="10313" /><F14/><W95/><G45/><N who="2" m="16905" /><F57/><W23/><G23/><T65/><D35/><U34/><E127/><V36/><F36/><W122/><G122/><T109/><D39/><U37/><E37/><V0/><F0/><W105/><G105/><T94/><D2/><U56/><E34/><V51/><F51/><W67/><G91/><T133/><D65/><N who="3" m="24585" /><G95/><T128/><D109/><U33/><E92/><N who="2" m="54343" /><F125/><W53/><G4/><T52/><D52/><N who="3" m="20041" /><G63/><T135/><D128/><N who="2" m="49226" /><F62/><W101/><G101/><T18/><D9/><U117/><E130/><V3/><F60/><W26/><G26/><T120/><D120/><U21/><E33/><V99/><F3/><W54/><N who="3" m="20049" /><W50/><DORA hai="100" /><G50/><T82/><D82/><U104/><E104/><V6/><F6/><W59/><G59/><N who="1" m="22570" /><E49/><V5/><F5/><W7/><G7/><T72/><D72/><U119/><E28/><V116/><F99/><AGARI ba="0,0" hai="16,17,18,42,43,75,79,81,88,94,99,133,134,135" machi="99" ten="50,9600,0" yaku="20,1,54,2" doraHai="112,100" who="0" fromWho="2" sc="299,96,274,0,196,-96,231,0" owari="395,50.0,274,7.0,100,-40.0,231,-17.0" /></mjloggm>