<mjloggm ver="2.3"><GO type="169" lobby="0"/><UN n0="%E3%80%90%E7%BD%AA%E6%AD%8C%E3%80%91" n1="%E7%A0%B2%E3%81%AE%E4%B8%8A%E3%81%AE%E3%81%82%E3%81%AE%E5%A8%98" n2="%E3%81%95%E3%82%8A%E3%83%BC%E3%81%99%E3%81%93%E3%81%A3%E3%81%A8" n3="%E3%82%A6%E3%83%AB%E3%83%88%E3%83%A9%E7%AB%8B%E7%9B%B4" dan="18,16,16,17" rate="2206.85,2148.26,2078.55,2130.84" sx="F,F,F,M"/><TAIKYOKU oya="0"/><INIT seed="0,0,0,3,5,106" ten="250,250,250,250" oya="0" hai0="21,47,135,56,16,58,19,17,79,12,99,130,55" hai1="82,13,75,101,100,50,37,123,107,128,78,60,11" hai2="5,129,89,42,92,3,88,27,18,34,4,80,93" hai3="77,114,26,110,119,91,127,115,90,32,117,35,51"/><T95/><BYE who="1" /><D130/><U66/><E66/><V22/><F129/><UN n1="%E7%A0%B2%E3%81%AE%E4%B8%8A%E3%81%AE%E3%81%82%E3%81%AE%E5%A8%98" /><W15/><G51/><T54/><D135/><U61/><E128/><V108/><F108/><W24/><G15/><T39/><D79/><U105/><E37/><V43/><F34/><W122/><G77/><T118/><D118/><U96/><E123/><V94/><F3/><W67/><G67/><T57/><D39/><U86/><E50/><V109/><F109/><W7/><G7/><N who="2" m="2633" /><F80/><W126/><REACH who="3" step="1"/><G110/><REACH who="3" ten="250,250,250,240" step="2"/><T68/><D68/><U45/><E45/><V0/><F0/><W8/><G8/><T76/><D76/><U134/><E134/><V116/><F116/><W81/><G81/><T49/><REACH who="0" step="1"/><D55/><REACH who="0" ten="240,250,250,240" step="2"/><U48/><E78/><V10/><F10/><W132/><G132/><T31/><D31/><U44/><E82/><V65/><F65/><W133/><G133/><T124/><D124/><U1/><E1/><V40/><AGARI ba="0,2" hai="18,22,27,40,42,43,88,89,92,93,94" m="2633" machi="40" ten="40,2700,0" yaku="8,1,54,1" doraHai="106" who="2" fromWho="2" sc="240,-13,250,-7,250,47,240,-7" /><INIT seed="1,0,0,3,0,104" ten="227,243,297,233" oya="1" hai0="134,71,55,24,78,133,37,111,123,115,92,25,23" hai1="40,120,66,45,9,61,31,56,88,124,85,74,93" hai2="125,83,73,68,87,97,47,110,42,0,98,49,76" hai3="126,46,63,94,81,109,95,32,43,67,119,131,118"/><U70/><E120/><V89/><F110/><W38/><G32/><T105/><D115/><U54/><E124/><V4/><F125/><W28/><G126/><T16/><D105/><U7/><E31/><V121/><F121/><W26/><G131/><T1/><D37/><U86/><E74/><V2/><F68/><W17/><G109/><T35/><D71/><U8/><E85/><V103/><F4/><W113/><G113/><T116/><D92/><U39/><REACH who="1" step="1"/><E7/><REACH who="1" ten="227,233,297,233" step="2"/><V135/><F135/><W107/><G28/><T62/><D123/><U52/><E52/><V5/><F5/><W132/><G132/><T114/><D55/><U34/><E34/><V65/><F87/><W12/><G119/><T58/><D35/><U82/><E82/><V29/><F83/><W80/><G80/><T11/><D116/><U84/><E84/><V79/><F29/><W51/><G81/><T69/><D111/><U112/><E112/><V72/><F72/><W122/><G118/><T10/><D114/><U50/><AGARI ba="0,1" hai="8,9,39,40,45,50,54,56,61,66,70,86,88,93" machi="50" ten="20,18000,2" yaku="1,1,0,1,7,1,24,2,54,1,53,0" doraHai="104" doraHaiUra="99" who="1" fromWho="1" sc="227,-60,233,190,297,-60,233,-60" /><INIT seed="1,1,0,2,0,8" ten="167,423,237,173" oya="1" hai0="71,103,135,132,12,44,47,79,118,61,80,76,57" hai1="128,20,99,121,105,122,114,126,7,63,54,115,13" hai2="130,123,110,26,84,73,32,46,68,0,113,70,81" hai3="34,65,60,22,40,67,94,131,133,16,102,37,31"/><U15/><E105/><V134/><RYUUKYOKU type="yao9" ba="1,0" sc="167,0,423,0,237,0,173,0" hai2="0,26,32,46,68,70,73,81,84,110,113,123,130,134" /><INIT seed="1,2,0,2,4,108" ten="167,423,237,173" oya="1" hai0="10,125,40,5,89,17,53,1,61,102,58,63,39" hai1="52,75,100,46,19,13,27,115,113,22,86,23,70" hai2="97,110,43,72,55,2,107,32,118,83,112,30,117" hai3="131,44,54,25,42,88,126,105,79,51,4,130,45"/><U67/><E75/><V76/><F2/><W57/><G105/><T91/><D125/><U123/><E123/><V77/><F77/><W3/><G79/><T103/><D39/><U14/><E100/><V33/><F43/><W16/><G4/><T20/><D40/><U114/><E86/><V93/><F107/><W69/><G3/><T26/><D89/><U37/><E67/><V121/><F121/><W129/><G69/><T109/><D109/><U128/><E70/><V71/><F71/><W49/><G126/><T60/><REACH who="0" step="1"/><D91/><REACH who="0" ten="157,423,237,173" step="2"/><U11/><E128/><V90/><F110/><W48/><G88/><T24/><D24/><U134/><E134/><V99/><F118/><W119/><G119/><T50/><AGARI ba="2,1" hai="1,5,10,17,20,26,50,53,58,60,61,63,102,103" machi="50" ten="30,4000,0" yaku="1,1,0,1,53,1" doraHai="108" doraHaiUra="15" who="0" fromWho="0" sc="157,56,423,-22,237,-12,173,-12" /><INIT seed="2,0,0,0,3,79" ten="213,401,225,161" oya="2" hai0="56,122,58,98,99,135,103,71,96,5,25,50,8" hai1="91,97,30,26,70,109,113,94,14,17,46,102,42" hai2="19,114,0,29,11,68,7,69,35,92,107,90,124" hai3="72,118,52,41,117,9,57,133,75,110,86,84,31"/><V78/><F114/><W23/><G41/><T123/><D71/><U65/><E113/><V43/><F124/><W93/><G9/><T53/><D135/><U66/><E109/><V73/><F107/><W33/><G33/><T115/><D115/><U10/><E70/><V105/><F105/><W77/><G31/><T100/><D25/><U2/><E2/><V32/><F43/><W104/><G23/><T108/><D108/><U54/><E54/><V37/><F37/><W28/><G28/><T39/><D39/><U34/><REACH who="1" step="1"/><E102/><REACH who="1" ten="213,391,225,161" step="2"/><V64/><F68/><W76/><G52/><T132/><D132/><U88/><E88/><V15/><F69/><W44/><G133/><T116/><D116/><U63/><E63/><V74/><F90/><W22/><G110/><T60/><D103/><U45/><E45/><V131/><F64/><W120/><G44/><T51/><D100/><U85/><E85/><V18/><F73/><W3/><G75/><T112/><D112/><U83/><E83/><V12/><F74/><W119/><G72/><T111/><D111/><U81/><E81/><V89/><F89/><W38/><G119/><T101/><D101/><U62/><E62/><V106/><F0/><W67/><G3/><N who="0" m="63" /><D60/><U48/><AGARI ba="0,1" hai="10,14,17,26,30,34,42,46,48,65,66,91,94,97" machi="48" ten="20,8000,1" yaku="1,1,0,1,7,1,53,2" doraHai="79" doraHaiUra="61" who="1" fromWho="1" sc="213,-20,391,90,225,-40,161,-20" /><INIT seed="3,0,0,1,3,95" ten="193,481,185,141" oya="3" hai0="81,45,17,33,130,36,121,118,105,59,131,111,106" hai1="66,62,5,35,54,97,117,113,112,0,84,57,102" hai2="110,91,73,99,6,123,63,13,25,48,114,16,68" hai3="29,104,86,21,10,93,124,1,67,85,44,46,52"/><W128/><G104/><T19/><D33/><U79/><E35/><V87/><F114/><W11/><G1/><T101/><D121/><U39/><E39/><V74/><F110/><W22/><G128/><N who="0" m="49195" /><D118/><U34/><E34/><V60/><F6/><W119/><G119/><T55/><D111/><U83/><E117/><V96/><F25/><N who="3" m="16559" /><G124/><T7/><D7/><U64/><E64/><V23/><F73/><W38/><G38/><T125/><D81/><U135/><E135/><V116/><F74/><W28/><G67/><T103/><D106/><U77/><E77/><V32/><F32/><W9/><G93/><T58/><D58/><U115/><E66/><V76/><F76/><W27/><G46/><T126/><D45/><U109/><E109/><V53/><F68/><W127/><G127/><N who="0" m="48651" /><D36/><U41/><E5/><V82/><F123/><W133/><G133/><T4/><D4/><U42/><E0/><V75/><F75/><W47/><G47/><T72/><D72/><U120/><E120/><V134/><F134/><W56/><G44/><T132/><D132/><U18/><E115/><V108/><F108/><W2/><G2/><T78/><D78/><U51/><E113/><V3/><F3/><W24/><G24/><T61/><D105/><N who="1" m="63695" /><E112/><V15/><F116/><W8/><N who="3" m="2048" /><DORA hai="129" /><W89/><G89/><T50/><D103/><U20/><E79/><V90/><F90/><W14/><G14/><T49/><D101/><U70/><E70/><V26/><F13/><W107/><G107/><T37/><D37/><U88/><E88/><V122/><F15/><W31/><G31/><RYUUKYOKU ba="0,0" sc="193,15,481,-15,185,-15,141,15" hai0="17,19,49,50,55,59,61" hai3="22,27,28,52,56,85,86" /><INIT seed="3,1,0,3,3,79" ten="208,466,170,156" oya="3" hai0="38,71,83,60,7,28,93,47,98,44,78,37,90" hai1="15,72,1,101,2,113,64,133,97,61,115,117,33" hai2="45,19,82,110,36,120,121,20,135,51,108,119,84" hai3="127,74,100,10,6,59,23,31,40,43,104,106,30"/><W111/><G74/><T39/><D28/><U132/><E117/><V16/><F119/><W41/><G127/><T46/><D7/><U81/><E33/><V35/><F35/><W88/><G111/><N who="2" m="42537" /><F36/><W130/><G130/><T54/><D54/><U27/><E27/><N who="2" m="14727" /><F19/><W8/><G100/><T91/><D91/><U12/><E15/><V42/><F135/><N who="1" m="51785" /><E12/><V21/><F21/><W128/><G128/><T26/><D26/><U126/><E126/><V102/><F102/><W24/><G31/><T9/><D9/><U68/><E81/><V124/><F124/><W131/><G131/><T118/><D118/><U77/><E77/><AGARI ba="1,0" hai="42,45,51,77,82,84,120,121" m="14727,42537" machi="77" ten="30,3900,0" yaku="14,1,52,1,54,1" doraHai="79" who="2" fromWho="1" sc="208,0,466,-42,170,42,156,0" /><INIT seed="4,0,0,4,2,67" ten="208,424,212,156" oya="0" hai0="68,115,34,8,132,37,99,18,48,121,123,70,54" hai1="38,71,56,131,65,22,90,130,51,36,21,27,14" hai2="125,95,98,50,94,133,30,84,92,69,79,46,3" hai3="102,122,126,108,83,42,124,103,116,45,60,0,88"/><T13/><D37/><U35/><E35/><V134/><F125/><N who="3" m="48235" /><G108/><T77/><D34/><U4/><E71/><V25/><F3/><W29/><G0/><T44/><D132/><U9/><E90/><V63/><F98/><W58/><G29/><T1/><D115/><U26/><E51/><V19/><F19/><W85/><G116/><T55/><D77/><U110/><E110/><V128/><F128/><N who="1" m="49193" /><E56/><V119/><F119/><W10/><G10/><T113/><D113/><U49/><E49/><V61/><F69/><W112/><G122/><T20/><D55/><U80/><E80/><V47/><F134/><W62/><G112/><T15/><D1/><U111/><E65/><V101/><F101/><N who="3" m="38411" /><G58/><T127/><D127/><U135/><E135/><V2/><F2/><W107/><G107/><T57/><D57/><U31/><E111/><V87/><F46/><W16/><G16/><AGARI ba="0,0" hai="4,9,14,16,21,22,26,27,31,36,38" m="49193" machi="16" ten="30,2000,0" yaku="19,1,54,1" doraHai="67" who="1" fromWho="3" sc="208,0,424,20,212,0,156,-20" /><INIT seed="5,0,0,2,4,109" ten="208,444,212,136" oya="1" hai0="66,25,26,29,23,108,69,55,22,106,38,75,30" hai1="70,120,65,46,118,33,54,19,128,77,12,45,31" hai2="51,123,21,0,40,92,74,32,107,84,80,60,14" hai3="42,6,27,36,134,48,104,57,90,10,129,9,13"/><U117/><E120/><V4/><F107/><W44/><G129/><T35/><D108/><U62/><E128/><V56/><F32/><W73/><G134/><T78/><D38/><U101/><E77/><V8/><F74/><W85/><G73/><T52/><D106/><U103/><E103/><V114/><F92/><W82/><G104/><T98/><D35/><U95/><E31/><V53/><F123/><W115/><G27/><T133/><D133/><U76/><E76/><V105/><F105/><W124/><G124/><T61/><REACH who="0" step="1"/><D98/><REACH who="0" ten="198,444,212,136" step="2"/><U72/><E33/><V113/><F0/><W64/><G10/><T94/><D94/><U100/><E95/><V41/><F21/><W89/><G36/><T122/><D122/><U79/><E118/><V58/><F80/><AGARI ba="0,1" hai="22,23,25,26,29,30,52,55,61,66,69,75,78,80" machi="80" ten="40,5200,0" yaku="1,1,9,1,54,1,53,0" doraHai="109" doraHaiUra="68" who="0" fromWho="2" sc="198,62,444,0,212,-52,136,0" /><INIT seed="6,0,0,1,0,109" ten="260,444,160,136" oya="2" hai0="53,16,127,115,15,106,80,39,123,100,113,40,111" hai1="20,56,51,47,129,21,55,66,12,4,57,46,97" hai2="121,19,84,98,14,134,17,104,126,31,29,99,87" hai3="54,133,77,95,2,32,59,94,114,68,33,35,27"/><V22/><F121/><W44/><G68/><T3/><D111/><U42/><E129/><V90/><F134/><W37/><G2/><T85/><D3/><U125/><E125/><V63/><F126/><W58/><G133/><T92/><D106/><U64/><E97/><N who="2" m="36875" /><F104/><W45/><G77/><T79/><D123/><U110/><E110/><V122/><F122/><W75/><G27/><T72/><D127/><U48/><E57/><N who="3" m="21514" /><G54/><T130/><D53/><U76/><E76/><V89/><F63/><W65/><G65/><N who="1" m="25194" /><E56/><V73/><F73/><W24/><G24/><T82/><D92/><N who="3" m="35369" /><G75/><T112/><D100/><U67/><E67/><V38/><F38/><W18/><G18/><N who="2" m="6665" /><F14/><W131/><G37/><T62/><D62/><U11/><AGARI ba="0,0" hai="4,11,12,20,21,42,46,47,48,51,55" m="25194" machi="11" ten="30,1100,0" yaku="8,1" doraHai="109" who="1" fromWho="1" sc="260,-3,444,11,160,-5,136,-3" /><INIT seed="7,0,0,4,1,107" ten="257,455,155,133" oya="3" hai0="114,102,90,14,82,47,123,35,68,91,54,106,77" hai1="81,85,58,80,28,24,76,25,104,40,62,7,50" hai2="119,9,36,8,13,131,128,6,125,51,96,53,89" hai3="92,21,20,69,73,43,56,74,55,79,31,46,23"/><W44/><G69/><T117/><D123/><U116/><E104/><V12/><F119/><W133/><G133/><T78/><D68/><U118/><E7/><V110/><F110/><W84/><G31/><T101/><D35/><U112/><E112/><V16/><F36/><W75/><G43/><T121/><D121/><U72/><E50/><V17/><F125/><W29/><G29/><T34/><D34/><U1/><E1/><V37/><F37/><W97/><G84/><T111/><D111/><U109/><E40/><V93/><F6/><W61/><REACH who="3" step="1"/><G79/><REACH who="3" ten="257,455,155,123" step="2"/><T66/><D77/><U45/><E85/><V98/><REACH who="2" step="1"/><F98/><REACH who="2" ten="257,455,145,123" step="2"/><W39/><G39/><T19/><D117/><U113/><E76/><V83/><F83/><W10/><G10/><T30/><D78/><U130/><E28/><V41/><F41/><W65/><G65/><T88/><D82/><U95/><E81/><V33/><F33/><W32/><G32/><T86/><D66/><U132/><E80/><V94/><F94/><W127/><G127/><T38/><D30/><U5/><E95/><V64/><F64/><W120/><G120/><T105/><D38/><U134/><E134/><V135/><F135/><W99/><G99/><T15/><D86/><U70/><E118/><V126/><F126/><W100/><AGARI ba="0,2" hai="20,21,23,44,46,55,56,61,73,74,75,92,97,100" machi="100" ten="40,12000,1" yaku="1,1,0,1,52,3,53,0" doraHai="107" doraHaiUra="0" who="3" fromWho="3" sc="257,-40,455,-40,145,-40,123,140" /><INIT seed="7,1,0,1,5,62" ten="217,415,105,263" oya="3" hai0="23,31,61,7,34,4,18,28,120,19,96,105,125" hai1="97,116,114,2,60,14,63,67,109,135,79,6,133" hai2="71,13,129,121,8,76,117,99,55,82,26,119,102" hai3="33,128,113,15,52,59,30,3,86,101,9,85,10"/><W132/><G113/><T87/><D120/><U89/><E109/><V81/><F129/><W88/><G128/><T12/><D87/><U66/><E2/><V84/><F121/><W57/><G101/><T108/><D108/><U38/><E38/><V74/><F117/><W50/><G132/><N who="1" m="50762" /><E79/><V68/><F119/><W103/><G103/><T44/><D125/><U127/><E116/><V36/><F36/><W122/><G3/><T91/><D105/><U95/><E114/><V70/><F26/><W130/><G130/><T37/><D44/><U1/><E1/><V22/><F22/><W115/><G10/><T112/><D37/><U131/><E127/><V53/><F74/><W47/><G86/><T100/><D91/><U25/><E25/><V106/><F81/><N who="3" m="49199" /><G115/><T49/><D49/><U17/><E6/><V45/><F45/><W42/><G122/><T29/><D34/><U48/><E48/><V80/><F80/><W27/><G42/><T51/><D51/><U65/><E131/><V75/><F75/><W41/><G41/><T104/><D19/><AGARI ba="1,0" hai="9,15,19,27,30,33,47,50,52,57,59" m="49199" machi="19" ten="30,5800,0" yaku="25,1,54,2" doraHai="62" who="3" fromWho="0" sc="217,-61,415,0,105,0,263,61" /><INIT seed="7,2,0,5,4,47" ten="156,415,105,324" oya="3" hai0="51,9,109,116,84,112,4,71,120,98,41,104,87" hai1="103,24,43,101,62,64,117,42,72,30,38,127,83" hai2="70,73,67,5,133,58,96,13,37,16,25,40,108" hai3="78,56,79,76,102,91,19,54,49,121,90,77,115"/><W75/><G121/><T132/><D120/><U35/><E127/><V23/><F133/><W131/><G131/><T8/><D71/><U80/><E117/><V88/><F108/><W53/><G115/><T92/><D104/><U14/><E14/><V22/><F73/><W110/><G110/><T2/><D109/><U89/><E80/><V74/><F74/><W18/><N who="3" m="19456" /><DORA hai="1" /><W85/><G75/><T32/><D32/><U119/><E119/><V33/><F33/><W28/><G102/><T124/><D116/><U93/><E83/><V46/><F70/><W61/><G28/><T107/><D107/><U6/><E6/><V126/><F126/><W123/><G123/><T81/><D81/><U118/><E72/><V111/><F111/><W99/><G99/><T15/><D112/><U86/><E118/><V36/><F36/><W55/><G55/><T11/><D11/><U97/><E38/><V26/><F5/><W39/><G39/><T68/><D68/><N who="1" m="42007" /><E103/><V20/><F67/><W0/><G0/><T50/><D132/><U59/><E59/><V128/><F58/><N who="3" m="33071" /><G85/><T95/><D87/><U100/><E86/><V69/><F69/><W34/><G34/><T122/><D122/><U17/><E101/><V113/><F113/><W48/><G61/><T66/><D124/><U45/><E100/><V130/><F25/><W3/><G3/><T135/><D135/><U60/><E35/><V57/><F57/><W44/><G44/><T10/><D2/><U125/><E45/><V21/><F26/><W94/><G94/><T134/><D134/><U129/><E125/><RYUUKYOKU ba="2,0" sc="156,-15,415,-15,105,15,324,15" hai2="13,16,20,21,22,23,37,40,46,88,96,128,130" hai3="18,19,48,54,56,90,91" /><INIT seed="7,3,0,0,3,41" ten="141,400,120,339" oya="3" hai0="93,119,7,6,0,24,122,62,130,60,14,27,36" hai1="67,73,84,109,120,26,33,117,30,134,75,13,113" hai2="19,15,52,32,114,103,5,61,83,22,44,64,85" hai3="108,56,71,69,12,86,116,37,132,23,58,47,96"/><W54/><G96/><T131/><D0/><U16/><E109/><V46/><F32/><W59/><G86/><T9/><D122/><U10/><E120/><V25/><F114/><W48/><G12/><T102/><D119/><U129/><E117/><V82/><F103/><W74/><G23/><T39/><D93/><U128/><E113/><V104/><F104/><W125/><G74/><T98/><D98/><U115/><E115/><V28/><F64/><W70/><G116/><T118/><D118/><U100/><E134/><V123/><F123/><W29/><G29/><T45/><D102/><U55/><E67/><V92/><F92/><W91/><G91/><T127/><D127/><U135/><E135/><V105/><F105/><W34/><G34/><T42/><D39/><U43/><E43/><V2/><F2/><W126/><G132/><T8/><D8/><U88/><E55/><V121/><F121/><W50/><G37/><T38/><D7/><U97/><E129/><N who="0" m="49161" /><D38/><U20/><E128/><V3/><F3/><W63/><G108/><T79/><D79/><U4/><E97/><V112/><F112/><W66/><G50/><T99/><D99/><U68/><E100/><V80/><F85/><W89/><G89/><T35/><D35/><U72/><E68/><AGARI ba="3,0" hai="47,48,54,56,58,59,63,66,68,69,70,71,125,126" machi="68" ten="50,12000,1" yaku="34,3,52,1" doraHai="41" who="3" fromWho="1" sc="141,0,400,-129,120,0,339,129" owari="141,-26.0,271,7.0,120,-38.0,468,57.0" /></mjloggm>