<mjloggm ver="2.3"><GO type="169" lobby="0"/><UN n0="%E5%B0%B1%E6%B4%BB%E7%94%9F%40%E5%B7%9D%E6%9D%91%E8%BB%8D%E5%9B%A3" n1="%E2%80%A0%E3%81%BE%E3%83%BC%E5%9D%8A%E2%80%A0" n2="%E3%81%84%E3%81%9F%E3%83%92%E3%83%AD" n3="%E3%82%B3%E3%83%B3%E3%83%81%E2%85%A2" dan="18,17,17,16" rate="2204.18,2171.76,2180.56,2144.31" sx="M,M,M,M"/><TAIKYOKU oya="0"/><INIT seed="0,0,0,1,5,36" ten="250,250,250,250" oya="0" hai0="120,76,43,121,39,23,111,103,57,9,79,132,86" hai1="20,41,77,21,28,75,95,3,58,5,59,80,30" hai2="15,6,115,62,71,67,106,118,51,83,72,66,135" hai3="69,131,0,12,18,34,87,16,104,10,78,84,105"/><T125/><D132/><U50/><E21/><V48/><F106/><W29/><G69/><T113/><D113/><U52/><E58/><V1/><F115/><W24/><G131/><T99/><D125/><U25/><E95/><V46/><F135/><W100/><G78/><T124/><D124/><U49/><E30/><V47/><F66/><W133/><G133/><T85/><D111/><U38/><E38/><V44/><F1/><W127/><G127/><T55/><D9/><U45/><E3/><V4/><F118/><W91/><G100/><T40/><D39/><U42/><REACH who="1" step="1"/><E5/><REACH who="1" ten="250,240,250,250" step="2"/><V61/><F4/><W2/><G2/><T26/><D120/><U74/><E74/><V109/><F72/><W116/><G116/><T112/><D121/><U7/><E7/><V8/><F109/><W110/><G110/><T70/><D112/><U126/><E126/><V22/><F22/><W114/><G114/><T92/><D70/><U32/><E32/><V94/><F94/><W11/><G105/><T123/><D123/><U119/><E119/><V101/><F6/><W108/><G104/><T53/><D86/><U89/><E89/><V65/><F71/><W37/><G87/><T96/><D96/><U122/><E122/><V54/><F101/><W68/><G37/><T93/><D93/><U13/><E13/><V98/><F15/><W35/><G68/><T73/><D73/><U128/><E128/><V60/><F98/><W81/><G108/><T134/><D134/><U27/><E27/><V129/><F129/><W107/><G107/><T56/><D26/><U82/><E82/><RYUUKYOKU ba="0,1" sc="250,-10,240,30,250,-10,250,-10" hai1="20,25,28,41,42,45,49,50,52,59,75,77,80" /><INIT seed="1,1,1,3,0,126" ten="240,270,240,240" oya="1" hai0="49,43,85,23,32,46,84,8,131,104,91,128,7" hai1="109,114,73,110,54,21,70,16,99,60,27,116,36" hai2="133,125,93,78,57,22,58,42,118,89,10,94,96" hai3="135,48,1,101,25,29,86,55,9,87,90,112,45"/><U95/><E116/><V106/><F106/><W30/><G112/><T53/><D32/><U81/><E114/><V77/><F118/><W111/><G111/><N who="1" m="42506" /><E36/><V130/><F125/><W107/><G135/><T67/><D104/><U56/><E70/><V61/><F133/><W124/><G124/><T69/><D23/><U40/><E40/><V105/><F105/><W71/><G71/><T100/><D100/><N who="1" m="60543" /><E81/><V6/><F42/><W47/><G101/><T5/><D84/><U13/><E13/><V120/><F120/><W76/><G76/><T80/><D43/><U17/><E73/><V34/><F77/><W88/><G107/><T24/><D24/><U98/><E98/><V127/><F78/><W103/><G103/><T102/><D102/><U44/><E44/><V108/><F96/><W63/><G63/><N who="0" m="40191" /><D8/><U35/><E35/><V26/><F34/><W92/><G47/><T75/><D75/><U4/><E4/><V37/><F10/><W52/><G55/><T41/><D41/><U62/><E62/><V12/><F61/><W51/><G51/><T18/><D7/><U64/><E54/><V11/><F6/><W19/><G1/><T117/><D5/><U72/><E72/><V122/><F127/><W39/><G39/><T65/><D65/><U68/><E68/><V113/><F37/><W50/><G50/><T83/><D117/><U134/><E134/><V97/><F113/><W59/><G25/><T129/><D80/><U28/><AGARI ba="1,1" hai="16,17,21,27,28,56,60,64" m="60543,42506" machi="28" ten="30,11700,0" yaku="25,1,14,1,10,1,54,1" doraHai="126" who="1" fromWho="1" sc="240,-40,270,130,240,-40,240,-40" /><INIT seed="1,2,0,0,4,48" ten="200,400,200,200" oya="1" hai0="36,113,110,24,85,8,37,12,6,130,11,16,77" hai1="9,102,133,117,129,63,23,66,39,89,96,41,35" hai2="103,98,21,57,99,51,32,94,60,5,76,0,18" hai3="4,72,135,50,45,127,17,29,126,65,125,27,13"/><U54/><E117/><V26/><F32/><W118/><G72/><T128/><D113/><U22/><E35/><V55/><F76/><W58/><G118/><T114/><D114/><U20/><E129/><N who="0" m="49769" /><D110/><U64/><E133/><V108/><F108/><W44/><G135/><T78/><D24/><U10/><E89/><V25/><F25/><W14/><G4/><T91/><D91/><U75/><E75/><V115/><F115/><W106/><G106/><T59/><D59/><N who="1" m="35319" /><E41/><V121/><F121/><W132/><G132/><T79/><D85/><U69/><E69/><V97/><F0/><AGARI ba="2,0" hai="0,6,8,11,12,16,36,37,77,78,79" m="49769" machi="0" ten="30,2000,0" yaku="19,1,54,1" doraHai="48" who="0" fromWho="2" sc="200,26,400,0,200,-26,200,0" /><INIT seed="2,0,0,4,3,128" ten="226,400,174,200" oya="2" hai0="53,64,132,74,21,55,36,65,16,27,76,89,46" hai1="101,108,119,93,8,120,56,81,40,96,38,95,42" hai2="122,23,117,99,69,78,133,106,39,3,41,28,124" hai3="131,103,0,75,114,34,32,72,97,49,48,50,37"/><V51/><F117/><W14/><G37/><T66/><D132/><U30/><E119/><V85/><F3/><W129/><G0/><T77/><D74/><N who="3" m="28201" /><G14/><T20/><D89/><U91/><E108/><V79/><F69/><W83/><G83/><T22/><D36/><U43/><E120/><V10/><F39/><W107/><G97/><T68/><D68/><U86/><E30/><V104/><F10/><W109/><G107/><T102/><D102/><U105/><E38/><V113/><F122/><W35/><G103/><T67/><N who="0" m="16896" /><DORA hai="62" /><T135/><D135/><U116/><E116/><V4/><F4/><W9/><G9/><T70/><D70/><U61/><E8/><V47/><F124/><W15/><G15/><N who="0" m="9247" /><D21/><U33/><E33/><N who="3" m="8450" /><W59/><DORA hai="45" /><G59/><T17/><D46/><U125/><E125/><V98/><F133/><W71/><G71/><T126/><D126/><U31/><E101/><V80/><F79/><AGARI ba="0,0" hai="17,22,27,53,55,76,77,79" m="9247,16896" machi="79" ten="40,12000,2" yaku="8,1,52,4,54,1" doraHai="128,62,45" who="0" fromWho="2" sc="226,120,400,0,174,-120,200,0" /><INIT seed="3,0,0,0,0,117" ten="346,400,54,200" oya="3" hai0="32,37,0,100,78,45,67,125,13,17,66,74,31" hai1="108,65,44,64,131,111,109,6,123,119,29,58,107" hai2="50,106,84,115,99,34,36,79,127,96,103,2,135" hai3="33,52,16,4,10,12,83,14,51,104,21,120,56"/><W59/><G33/><T57/><D125/><U88/><E119/><V101/><F36/><W60/><G104/><T129/><D129/><U9/><E107/><V91/><F34/><W26/><G120/><T95/><D0/><U63/><E131/><V82/><F2/><W71/><G71/><T19/><D19/><U105/><E105/><N who="2" m="63655" /><F50/><W121/><G121/><T97/><D78/><U5/><E123/><V22/><F22/><W112/><G112/><T92/><D92/><U62/><E29/><V113/><F127/><W28/><G83/><T86/><D86/><U43/><E9/><V72/><F135/><W116/><G116/><T126/><D74/><U38/><REACH who="1" step="1"/><E88/><REACH who="1" ten="346,390,54,200" step="2"/><V94/><AGARI ba="0,1" hai="72,79,82,84,91,94,99,103,106,113,115" m="63655" machi="94" ten="30,4000,0" yaku="24,1,34,2" doraHai="117" who="2" fromWho="2" sc="346,-10,390,-10,54,50,200,-20" /><INIT seed="4,0,0,1,2,34" ten="336,380,104,180" oya="0" hai0="41,83,117,89,114,57,3,118,16,129,0,69,79" hai1="60,70,2,53,93,85,105,86,37,132,107,40,103" hai2="119,133,13,100,26,33,62,55,84,80,104,66,123" hai3="49,44,22,39,77,109,75,111,72,81,6,135,102"/><T113/><D69/><U130/><E132/><V94/><F123/><W87/><G39/><T58/><D129/><U14/><E2/><N who="0" m="553" /><D89/><U126/><E130/><V59/><F133/><W68/><G68/><T88/><D41/><U45/><E105/><V46/><F104/><W82/><G135/><T128/><D128/><U42/><E107/><V127/><F127/><W121/><G121/><T48/><D48/><U99/><E126/><V90/><F119/><N who="0" m="45578" /><D88/><U76/><E76/><V73/><F13/><W91/><G102/><T98/><D98/><U115/><E40/><V64/><F46/><W23/><G75/><T9/><D9/><U63/><BYE who="0" /><E14/><V54/><F66/><W15/><G6/><T65/><D65/><U21/><E115/><V4/><F4/><W120/><G120/><T10/><D10/><U92/><E21/><V108/><F108/><W95/><G23/><T97/><D97/><U106/><E70/><V116/><F116/><W51/><G51/><UN n0="%E5%B0%B1%E6%B4%BB%E7%94%9F%40%E5%B7%9D%E6%9D%91%E8%BB%8D%E5%9B%A3" /><T122/><D16/><U17/><E17/><V101/><F73/><W19/><REACH who="3" step="1"/><G95/><REACH who="3" ten="336,380,104,170" step="2"/><T124/><D122/><U56/><E93/><V38/><F38/><W67/><G67/><T1/><D124/><U74/><E74/><V32/><F101/><W24/><G24/><T50/><D50/><N who="1" m="30775" /><E106/><V28/><F100/><W20/><G20/><T125/><D125/><U96/><E103/><V11/><F11/><W131/><G131/><T12/><D114/><U8/><E8/><V43/><F94/><W5/><G5/><T52/><D113/><U7/><E92/><V112/><F112/><W29/><G29/><RYUUKYOKU ba="0,1" sc="336,-10,380,-10,104,-10,170,30" hai3="15,19,22,44,49,72,77,81,82,87,91,109,111" /><INIT seed="5,1,1,3,5,134" ten="326,370,94,200" oya="1" hai0="8,27,128,44,47,78,94,111,51,116,20,105,129" hai1="42,65,30,109,130,54,15,23,87,9,104,18,120" hai2="10,45,132,79,95,103,74,12,115,24,121,125,100" hai3="48,123,85,25,63,92,107,40,90,59,41,75,64"/><U71/><E120/><V50/><F121/><W28/><G107/><T13/><D105/><U16/><E104/><V4/><F132/><W32/><G75/><T35/><D111/><U117/><E117/><V31/><F115/><W97/><G123/><T22/><D116/><U131/><E109/><V37/><F37/><W124/><G124/><T29/><D78/><U52/><E42/><V82/><F95/><W17/><G48/><T39/><D39/><U33/><E33/><V70/><F70/><W113/><G113/><T106/><D106/><U36/><E36/><V3/><F3/><W61/><G97/><T66/><D66/><U72/><E30/><V26/><F125/><W2/><G2/><T14/><D94/><U127/><E72/><V11/><F10/><W96/><G96/><T122/><D122/><U135/><E87/><V5/><F5/><W7/><G7/><N who="0" m="3231" /><D47/><U49/><E127/><V83/><F82/><W84/><G84/><T108/><D108/><U114/><E114/><V46/><F46/><W98/><G98/><T112/><D112/><U119/><E119/><V102/><REACH who="2" step="1"/><F31/><REACH who="2" ten="326,370,84,200" step="2"/><W81/><G81/><T55/><D29/><U68/><E135/><V93/><F93/><W118/><G118/><T126/><D44/><U89/><E71/><V56/><F56/><W73/><G17/><T67/><D126/><U19/><E18/><V77/><F77/><W110/><G110/><T38/><D38/><U43/><E19/><V62/><F62/><W91/><G63/><T88/><D51/><U101/><E49/><V86/><F86/><N who="3" m="52343" /><G73/><T80/><D80/><RYUUKYOKU ba="1,2" sc="326,-15,370,-15,84,15,200,15" hai2="4,11,12,24,26,45,50,74,79,83,100,102,103" hai3="25,28,32,40,41,59,61,64,85,90" /><INIT seed="6,2,2,3,5,120" ten="311,355,99,215" oya="2" hai0="113,41,32,37,48,107,117,123,132,8,114,105,38" hai1="124,99,60,4,18,131,127,96,84,66,46,70,62" hai2="39,89,109,61,122,12,118,22,14,63,69,50,5" hai3="44,128,91,58,9,6,65,1,31,76,94,16,98"/><V24/><F39/><N who="0" m="14858" /><D123/><U23/><E131/><V126/><F122/><W103/><G128/><T45/><D32/><U73/><E73/><V33/><F33/><W40/><G76/><T42/><D42/><U100/><E4/><V115/><F118/><W92/><G31/><T93/><D117/><U82/><E60/><V119/><F119/><W135/><G135/><T102/><D132/><U52/><E100/><V0/><F0/><W85/><G65/><T111/><D111/><U112/><E112/><N who="0" m="43113" /><D8/><U15/><E52/><V26/><F115/><W59/><REACH who="3" step="1"/><G16/><REACH who="3" ten="311,355,99,205" step="2"/><T3/><D3/><U130/><E130/><V133/><F133/><W106/><G106/><T64/><D64/><U77/><E46/><V35/><F35/><W81/><G81/><T20/><D20/><U55/><E55/><V7/><F22/><W34/><G34/><T2/><D2/><U97/><AGARI ba="2,3" hai="15,18,23,62,66,70,77,82,84,96,97,99,124,127" machi="97" ten="30,1100,0" yaku="0,1" doraHai="120" who="1" fromWho="1" sc="311,-5,355,47,99,-7,205,-5" /><INIT seed="7,0,0,1,5,112" ten="306,402,92,200" oya="3" hai0="29,113,24,127,51,126,64,111,20,124,23,84,33" hai1="114,46,89,42,32,57,58,8,91,115,73,71,19" hai2="68,4,102,3,120,117,18,119,70,15,98,105,132" hai3="85,79,106,108,7,16,92,31,65,62,125,93,131"/><W35/><G106/><T83/><D111/><U76/><E71/><V86/><F86/><W22/><G7/><T1/><D1/><U123/><E32/><V38/><F18/><W37/><G37/><T56/><D113/><N who="1" m="43019" /><E123/><V13/><F13/><W77/><G31/><T54/><REACH who="0" step="1"/><D64/><REACH who="0" ten="296,402,92,200" step="2"/><U21/><E58/><V103/><F15/><N who="3" m="9503" /><G108/><T34/><D34/><U52/><E73/><V63/><F120/><W10/><G35/><T72/><D72/><U39/><E76/><AGARI ba="0,1" hai="20,23,24,29,33,51,54,56,76,83,84,124,126,127" machi="76" ten="40,2600,0" yaku="1,1,18,1,53,0" doraHai="112" doraHaiUra="59" who="0" fromWho="1" sc="296,36,402,-26,92,0,200,0" owari="332,13.0,376,48.0,92,-41.0,200,-20.0" /></mjloggm>