<mjloggm ver="2.3"><GO type="41" lobby="0"/><UN n0="%E5%B0%B1%E6%B4%BB%E7%94%9F%40%E5%B7%9D%E6%9D%91%E8%BB%8D%E5%9B%A3" n1="%E3%80%90%E3%81%8A%E3%82%82%E3%81%A1%E3%80%91" n2="%E3%82%A2%E3%83%9F%E3%82%AC%E3%82%B5%E3%83%80%E3%82%B1" n3="%61%6C%62%61%64%61%62%6F" dan="17,13,13,14" rate="2220.01,1918.12,1825.75,1925.93" sx="M,M,M,M"/><TAIKYOKU oya="0"/><INIT seed="0,0,0,1,2,126" ten="250,250,250,250" oya="0" hai0="132,15,128,124,21,87,48,94,135,63,50,60,90" hai1="71,116,76,70,59,122,127,72,96,54,28,84,89" hai2="99,103,120,102,104,78,26,108,34,45,29,83,74" hai3="79,92,6,2,58,118,31,13,80,11,88,55,82"/><T53/><D124/><U27/><E116/><V43/><F102/><W51/><G118/><T66/><D50/><U36/><E122/><V111/><REACH who="2" step="1"/><F120/><REACH who="2" ten="250,250,240,250" step="2"/><W23/><G2/><T75/><D75/><U81/><E127/><V113/><F113/><W100/><G100/><T123/><D123/><U114/><E114/><V47/><F47/><W69/><G69/><T95/><D132/><U125/><E125/><V8/><F8/><W5/><G5/><T73/><D135/><U0/><E0/><V9/><F9/><W19/><G79/><T93/><D73/><U44/><E71/><V130/><F130/><W7/><G7/><T10/><D128/><U106/><E70/><V62/><F62/><W49/><G49/><AGARI ba="0,1" hai="26,29,34,43,45,49,74,78,83,99,103,104,108,111" machi="49" ten="40,1300,0" yaku="1,1,53,0" doraHai="126" doraHaiUra="85" who="2" fromWho="3" sc="250,0,250,0,240,23,250,-13" /><INIT seed="1,0,0,5,4,20" ten="250,250,263,237" oya="1" hai0="128,84,27,135,38,10,24,127,49,122,95,12,116" hai1="59,70,85,90,80,58,42,71,29,55,73,109,23" hai2="52,115,15,88,36,46,72,126,31,82,2,68,39" hai3="89,86,48,130,61,28,17,69,54,67,30,56,50"/><U32/><E32/><V103/><F2/><W129/><G50/><T117/><D38/><U26/><E109/><V40/><F68/><W76/><G76/><T113/><D113/><U51/><E73/><V81/><F115/><W6/><G6/><T83/><D127/><U101/><E101/><V9/><F31/><W64/><G64/><T22/><D128/><N who="3" m="49257" /><G17/><T119/><D135/><U97/><E97/><V1/><F1/><W98/><G98/><T111/><D122/><U25/><E42/><V21/><F126/><W105/><G105/><T63/><D111/><U131/><E131/><V57/><F21/><W96/><G96/><T7/><D22/><U65/><REACH who="1" step="1"/><E26/><REACH who="1" ten="250,240,263,237" step="2"/><V4/><F103/><W134/><G134/><T53/><D117/><U79/><E79/><V123/><F123/><W107/><G107/><T74/><D119/><U102/><E102/><V91/><F72/><W132/><G132/><T5/><D116/><U34/><E34/><V0/><F91/><W118/><G118/><T78/><D7/><U66/><E66/><V125/><F125/><W33/><G33/><T93/><D74/><U43/><E43/><V133/><F133/><W16/><G16/><T35/><D35/><U100/><E100/><V3/><F88/><W112/><G112/><T13/><D13/><U94/><E94/><AGARI ba="0,1" hai="28,30,48,54,56,61,67,69,86,89,94" m="49257" machi="94" ten="30,1000,0" yaku="19,1" doraHai="20" who="3" fromWho="1" sc="250,0,240,-10,263,0,237,20" /><INIT seed="2,0,0,4,0,83" ten="250,230,263,257" oya="2" hai0="130,48,131,82,116,99,129,110,102,71,58,36,55" hai1="132,44,62,121,64,68,42,41,78,22,11,101,123" hai2="38,72,135,66,133,112,63,77,94,85,128,127,29" hai3="17,28,20,15,33,65,18,74,126,109,7,92,4"/><V119/><F38/><W26/><G74/><T97/><D71/><U113/><E113/><V35/><F112/><W13/><G65/><T70/><D70/><U32/><E132/><N who="2" m="50763" /><F119/><W111/><G92/><T108/><D36/><U124/><E124/><V57/><F127/><W67/><G67/><T2/><D2/><U47/><E32/><V39/><F39/><W117/><G117/><T105/><D116/><U95/><E78/><V114/><F114/><W118/><G118/><T49/><D99/><U43/><E22/><V19/><F19/><W120/><G120/><N who="1" m="46154" /><E95/><V54/><F72/><W106/><G106/><T40/><D82/><U115/><E11/><V24/><F77/><W73/><G73/><T56/><D40/><N who="1" m="15467" /><E101/><V30/><F94/><W12/><G126/><T21/><D21/><U69/><E115/><V0/><F0/><W96/><G96/><T53/><AGARI ba="0,0" hai="48,49,53,55,56,58,97,102,105,108,110,129,130,131" machi="53" ten="40,5200,0" yaku="0,1,9,1,19,1" doraHai="83" who="0" fromWho="0" sc="250,52,230,-13,263,-26,257,-13" /><INIT seed="3,0,0,0,1,67" ten="302,217,237,244" oya="3" hai0="50,26,99,69,60,36,87,63,15,123,104,100,11" hai1="106,64,14,31,73,93,96,91,40,42,133,125,48" hai2="117,65,86,90,111,62,76,79,94,116,78,135,20" hai3="30,6,114,33,105,134,59,68,92,35,18,17,44"/><W23/><G114/><T56/><D36/><U95/><E133/><V81/><F135/><W58/><G68/><T57/><D123/><U39/><E39/><V5/><F5/><W61/><G134/><T9/><D26/><U98/><E125/><V97/><F20/><W83/><G6/><T66/><D87/><U8/><E73/><V25/><F25/><W124/><G124/><T80/><D80/><U102/><E106/><V113/><F113/><W119/><G119/><T22/><D50/><U130/><E130/><V0/><F0/><W89/><G105/><T10/><REACH who="0" step="1"/><D60/><REACH who="0" ten="292,217,237,244" step="2"/><U45/><E31/><V120/><F120/><W84/><G35/><T82/><D82/><U127/><E127/><V41/><F41/><W88/><G33/><T29/><D29/><U77/><E42/><V13/><F117/><W37/><G37/><T109/><D109/><U27/><E27/><V24/><F111/><W1/><G1/><T108/><D108/><U107/><E77/><N who="2" m="29803" /><F24/><N who="3" m="16671" /><G44/><T75/><D75/><U47/><E45/><V54/><F116/><W4/><G4/><T121/><D121/><U43/><E43/><V110/><F110/><W129/><G129/><T112/><D112/><U34/><E34/><V72/><F72/><W101/><G101/><T131/><D131/><U2/><E2/><V115/><F115/><W71/><G71/><T52/><D52/><U28/><E28/><V122/><F54/><N who="3" m="34007" /><G59/><T53/><D53/><U7/><E107/><V16/><F122/><W21/><G21/><T85/><D85/><AGARI ba="0,1" hai="17,18,83,84,85,88,89,92" m="34007,16671" machi="85" ten="30,2900,0" yaku="8,1,54,1" doraHai="67" who="3" fromWho="0" sc="292,-29,217,0,237,0,244,39" /><INIT seed="3,1,0,4,4,122" ten="263,217,237,283" oya="3" hai0="16,78,91,4,89,94,66,120,81,3,8,117,74" hai1="48,24,2,82,121,21,14,42,125,40,43,39,96" hai2="63,59,104,119,60,64,127,41,29,92,54,65,130" hai3="31,57,77,115,25,5,118,28,110,68,62,73,22"/><W135/><G118/><T15/><D120/><U50/><E121/><V116/><F104/><W20/><G115/><T86/><D117/><N who="2" m="45130" /><F29/><W17/><G68/><T46/><D66/><N who="2" m="25706" /><F92/><W61/><G135/><T113/><D113/><U131/><E2/><V107/><F107/><W111/><G73/><T34/><D34/><U108/><E39/><V33/><F33/><W109/><G77/><T36/><D86/><U132/><E131/><V93/><F93/><W0/><G61/><N who="2" m="23625" /><F130/><W52/><REACH who="3" step="1"/><G22/><REACH who="3" ten="263,217,237,273" step="2"/><T99/><D74/><U98/><E24/><V49/><F127/><W53/><G53/><T88/><D78/><U47/><E21/><V103/><F103/><W9/><AGARI ba="1,1" hai="0,5,9,17,20,25,28,31,52,57,62,109,110,111" machi="9" ten="40,24000,3" yaku="1,1,0,1,14,1,10,1,52,3,54,1,53,1" doraHai="122" doraHaiUra="35" who="3" fromWho="3" sc="263,-81,217,-81,237,-81,273,253" /><INIT seed="3,2,0,0,4,82" ten="182,136,156,526" oya="3" hai0="129,113,101,6,104,64,79,14,50,45,98,68,11" hai1="65,106,30,34,18,96,102,127,29,49,16,132,35" hai2="119,105,80,60,37,23,27,47,97,112,41,46,74" hai3="111,124,69,3,61,38,17,108,32,116,55,53,28"/><W58/><G38/><T71/><D129/><U15/><E132/><V39/><F119/><W1/><G116/><T118/><D118/><U114/><E114/><V40/><F112/><W100/><G124/><T85/><D113/><U2/><E2/><V57/><F105/><W73/><G73/><T24/><D64/><U12/><E127/><V120/><F97/><W109/><G69/><T133/><D24/><U103/><E65/><V36/><F80/><W62/><G100/><T78/><D133/><U63/><E49/><V76/><F76/><W125/><G125/><T10/><D10/><U70/><E96/><V130/><F74/><W7/><G17/><T84/><D79/><U134/><E134/><V126/><F126/><W93/><G7/><T4/><D4/><U52/><E63/><N who="3" m="24074" /><G93/><T87/><REACH who="0" step="1"/><D78/><REACH who="0" ten="172,136,156,526" step="2"/><U22/><E70/><V26/><F130/><W54/><G58/><T99/><D99/><U75/><E75/><V48/><F27/><AGARI ba="2,1" hai="1,3,27,28,32,53,54,55,108,109,111" m="24074" machi="27" ten="40,3900,0" yaku="14,1,10,1" doraHai="82" who="3" fromWho="2" sc="172,0,136,0,156,-45,526,55" /><INIT seed="3,3,0,1,1,123" ten="172,136,111,581" oya="3" hai0="56,114,46,131,80,70,109,74,111,24,76,7,13" hai1="105,126,69,85,107,48,93,58,63,1,22,59,120" hai2="90,9,81,106,19,73,55,21,78,104,4,119,130" hai3="27,5,72,57,35,8,117,135,124,65,89,2,17"/><W94/><G117/><T37/><D70/><U103/><E120/><V42/><F119/><W50/><G72/><T15/><D131/><U102/><E1/><V28/><F130/><W33/><G135/><T29/><D114/><U101/><E126/><V112/><F112/><W51/><G124/><T61/><D46/><U32/><E32/><V11/><F55/><W6/><G6/><T132/><D37/><U44/><E69/><V133/><F90/><W96/><G35/><T26/><D132/><U98/><E22/><V40/><F133/><W87/><G87/><T97/><D97/><U84/><E107/><V23/><F28/><W3/><G3/><T53/><D7/><U60/><E105/><V75/><F78/><W127/><G127/><T122/><D122/><U116/><E116/><V36/><F81/><W71/><G71/><T34/><REACH who="0" step="1"/><D24/><REACH who="0" ten="162,136,111,581" step="2"/><U14/><E44/><V125/><F4/><W25/><G25/><T54/><D54/><U110/><E98/><V88/><F125/><W129/><G129/><T18/><D18/><U118/><E118/><V99/><F19/><W0/><G0/><T38/><D38/><U30/><E30/><V68/><F99/><W67/><G17/><T86/><D86/><U45/><E85/><V62/><F68/><W128/><G128/><T108/><AGARI ba="3,1" hai="13,15,26,29,34,53,56,61,74,76,80,108,109,111" machi="108" ten="30,12000,2" yaku="1,1,0,1,14,1,52,3,53,0" doraHai="123" doraHaiUra="16" who="0" fromWho="0" sc="162,139,136,-33,111,-33,581,-63" /><INIT seed="4,0,0,5,5,103" ten="301,103,78,518" oya="0" hai0="75,1,122,134,60,9,39,31,52,2,118,6,25" hai1="106,29,114,85,40,91,84,5,24,101,35,47,93" hai2="50,54,112,12,27,105,63,113,16,74,17,19,130" hai3="110,129,107,58,70,127,115,53,13,11,72,94,100"/><T7/><D118/><U64/><E114/><N who="2" m="44139" /><F74/><W121/><G115/><T8/><D122/><U76/><E5/><V68/><F130/><W131/><G70/><T55/><D134/><U37/><E76/><V111/><F111/><W119/><G119/><T77/><D39/><U22/><E22/><V41/><F41/><W57/><G72/><T38/><D38/><U116/><E116/><V48/><F27/><W82/><G110/><T96/><D96/><U20/><E20/><V78/><F78/><W15/><G82/><T26/><D60/><U45/><E45/><V128/><F12/><W18/><G94/><T43/><D43/><U56/><E56/><N who="2" m="35223" /><F128/><N who="3" m="49227" /><G121/><T97/><D97/><U62/><E93/><V87/><F87/><W98/><G127/><T108/><D108/><U71/><REACH who="1" step="1"/><E91/><REACH who="1" ten="301,93,78,518" step="2"/><V88/><F88/><W117/><G117/><T99/><D99/><AGARI ba="0,1" hai="24,29,35,37,40,47,62,64,71,84,85,99,101,106" machi="99" ten="40,8000,1" yaku="1,1,2,1,25,2,52,1,53,0" doraHai="103" doraHaiUra="104" who="1" fromWho="0" sc="301,-80,93,90,78,0,518,0" /><INIT seed="5,0,0,3,4,73" ten="221,183,78,518" oya="1" hai0="115,57,92,26,30,62,104,52,112,77,25,89,43" hai1="17,13,116,51,6,135,79,36,66,16,56,14,126" hai2="1,127,68,60,32,82,20,37,110,133,22,3,38" hai3="130,99,86,96,122,70,123,84,63,59,35,113,42"/><U5/><E116/><V124/><F110/><W12/><G70/><T134/><D104/><U48/><E36/><N who="2" m="13931" /><F82/><W125/><G35/><T114/><D134/><U19/><E135/><V95/><F133/><W33/><G33/><T90/><D43/><U54/><E126/><N who="2" m="48171" /><F95/><W76/><G125/><T94/><D77/><U91/><E66/><V2/><F60/><W27/><G42/><T58/><D58/><U11/><E91/><N who="0" m="34825" /><D26/><U101/><E101/><V61/><F32/><AGARI ba="0,0" hai="25,30,32,52,57,62,92,94,112,114,115" m="34825" machi="32" ten="30,2000,0" yaku="15,1,54,1" doraHai="73" who="0" fromWho="2" sc="221,20,183,0,78,-20,518,0" /><INIT seed="6,0,0,3,1,59" ten="241,183,58,518" oya="2" hai0="60,70,33,6,125,89,15,109,43,13,114,126,5" hai1="81,23,131,79,107,103,54,19,86,75,9,117,127" hai2="45,134,68,4,69,32,124,49,14,72,90,3,61" hai3="83,115,78,130,53,66,111,25,51,65,16,26,116"/><V102/><F72/><W50/><G111/><T128/><D109/><U22/><E117/><V44/><F3/><W76/><G116/><T97/><D33/><U12/><E131/><V119/><F32/><W106/><G106/><T120/><D128/><U74/><E127/><N who="0" m="48649" /><D43/><U35/><E35/><V30/><F30/><W7/><G130/><T48/><D48/><U29/><E107/><V101/><F124/><W47/><G115/><T112/><D120/><U0/><E103/><V113/><F119/><W36/><G36/><T10/><D89/><U122/><E122/><V87/><F113/><N who="0" m="43626" /><D97/><U73/><E29/><V96/><F134/><W98/><G7/><N who="0" m="2571" /><D10/><U62/><REACH who="1" step="1"/><E0/><REACH who="1" ten="241,173,58,518" step="2"/><V31/><F31/><W64/><G98/><T77/><D77/><N who="3" m="29801" /><G83/><T121/><D121/><U52/><E52/><V135/><F135/><W67/><N who="3" m="16896" /><DORA hai="46" /><W41/><G16/><T42/><D42/><U57/><AGARI ba="0,1" hai="9,12,19,22,23,54,57,62,73,74,75,79,81,86" machi="57" ten="40,8000,1" yaku="1,1,0,1,52,1,53,1" doraHai="59,46" doraHaiUra="56,110" who="1" fromWho="1" sc="241,-20,173,90,58,-40,518,-20" /><INIT seed="7,0,0,1,1,56" ten="221,263,18,498" oya="3" hai0="17,104,2,130,0,40,128,122,42,109,101,91,5" hai1="88,100,43,63,10,126,77,52,51,39,8,68,14" hai2="57,112,3,70,58,108,98,86,26,133,111,48,32" hai3="46,53,64,16,35,124,76,59,110,87,106,121,9"/><W103/><G121/><T4/><D122/><U84/><E126/><V54/><F86/><W135/><G35/><T99/><D109/><U96/><E77/><V123/><F98/><W102/><G106/><T82/><D17/><U36/><E10/><V120/><F26/><W71/><G71/><T131/><D91/><U1/><E1/><V30/><F32/><W62/><G124/><T132/><D132/><U79/><E79/><V11/><F30/><W12/><G135/><T60/><D82/><U90/><E39/><V129/><F11/><W50/><G110/><T41/><REACH who="0" step="1"/><D60/><REACH who="0" ten="211,263,18,498" step="2"/><U83/><E90/><V94/><F3/><AGARI ba="0,1" hai="0,2,3,4,5,40,41,42,99,101,104,128,130,131" machi="3" ten="50,6400,0" yaku="1,1,2,1,19,1,53,0" doraHai="56" doraHaiUra="73" who="0" fromWho="2" sc="211,74,263,0,18,-64,498,0" owari="285,9.0,263,-14.0,-46,-55.0,498,60.0" /></mjloggm>