<mjloggm ver="2.3"><GO type="169" lobby="0"/><UN n0="%69%6B%65%69%6B%65%69" n1="%E6%98%8E%E9%8F%A1%E6%AD%A2%E6%B0%B4" n2="%E3%82%A6%E3%83%AB%E3%83%88%E3%83%A9%E7%AB%8B%E7%9B%B4" n3="%E3%81%82%E3%81%B2%E3%82%8B%E3%81%95%E3%82%93" dan="17,16,18,16" rate="2183.80,2120.93,2223.98,2080.23" sx="M,M,M,M"/><TAIKYOKU oya="0"/><INIT seed="0,0,0,0,5,110" ten="250,250,250,250" oya="0" hai0="4,82,3,44,64,116,11,38,45,57,92,113,1" hai1="69,131,114,132,36,80,77,105,126,125,130,51,122" hai2="67,50,62,90,120,88,115,54,123,78,119,111,10" hai3="74,23,41,37,34,9,17,40,108,5,72,55,70"/><T2/><D116/><U35/><E51/><V96/><F119/><W134/><G108/><T109/><D109/><U7/><E7/><V12/><F111/><W100/><G70/><T63/><D113/><U59/><E59/><V71/><F78/><W101/><G34/><T97/><D82/><U79/><E35/><V24/><F24/><W128/><G128/><T49/><D38/><U48/><E48/><V68/><F68/><W75/><G134/><T99/><D99/><U118/><E69/><V13/><F13/><W76/><G76/><T73/><D73/><U112/><E36/><V65/><F65/><W39/><G39/><T85/><D85/><U102/><E118/><V98/><F115/><N who="1" m="44073" /><E122/><V47/><F123/><W95/><G37/><T46/><REACH who="0" step="1"/><D49/><REACH who="0" ten="240,250,250,250" step="2"/><U106/><E132/><V121/><F120/><W86/><G86/><T135/><D135/><U61/><E79/><V89/><REACH who="2" step="1"/><F121/><REACH who="2" ten="240,250,240,250" step="2"/><W104/><G74/><T16/><D16/><AGARI ba="0,2" hai="10,12,16,47,50,54,62,67,71,88,89,90,96,98" machi="16" ten="40,12000,2" yaku="1,1,2,1,54,2,53,2" doraHai="110" doraHaiUra="94" who="2" fromWho="0" sc="240,-120,250,0,240,140,250,0" /><INIT seed="1,0,0,1,1,35" ten="120,250,380,250" oya="1" hai0="62,67,119,109,36,76,94,47,111,87,56,45,54" hai1="3,69,9,90,55,97,60,43,104,92,40,52,41" hai2="98,132,64,125,48,99,57,27,70,0,133,16,2" hai3="4,77,124,112,53,106,113,6,118,13,65,37,17"/><U7/><REACH who="1" step="1"/><E104/><REACH who="1" ten="120,240,380,250" step="2"/><V15/><F125/><W50/><G106/><T46/><D76/><U75/><E75/><V116/><F116/><W11/><G77/><T51/><D87/><U103/><E103/><V18/><F133/><W114/><G124/><T25/><D25/><U123/><E123/><V85/><F85/><W63/><G118/><T108/><D94/><U24/><E24/><V134/><F27/><W100/><G100/><T23/><D23/><U1/><E1/><V32/><F2/><W28/><G113/><T61/><D119/><U73/><E73/><V26/><F0/><W110/><G114/><T135/><D135/><U21/><E21/><V44/><F26/><W34/><G112/><T12/><D12/><U72/><E72/><V130/><F15/><W30/><G13/><T81/><D81/><U102/><E102/><V82/><F82/><W38/><G30/><T89/><D89/><U86/><E86/><V126/><F126/><W122/><G28/><T88/><D88/><U8/><E8/><V83/><F83/><W68/><G11/><T66/><D36/><U129/><E129/><V10/><F130/><W131/><G38/><T128/><D128/><U39/><E39/><V78/><F10/><W107/><G37/><T120/><D120/><U101/><E101/><V5/><F134/><W79/><G107/><T49/><REACH who="0" step="1"/><D54/><REACH who="0" ten="110,240,380,250" step="2"/><U74/><E74/><V29/><F132/><W58/><G79/><T115/><D115/><U121/><E121/><V42/><F78/><W105/><G122/><T20/><D20/><U84/><E84/><V80/><F80/><RYUUKYOKU ba="0,2" sc="110,15,240,15,380,-15,250,-15" hai0="45,46,47,49,51,56,61,62,66,67,108,109,111" hai1="3,7,9,40,41,43,52,55,60,69,90,92,97" /><INIT seed="1,1,2,0,1,87" ten="125,255,365,235" oya="1" hai0="107,73,1,98,62,113,74,30,12,34,64,35,57" hai1="20,5,106,36,7,31,80,55,42,128,61,26,51" hai2="77,100,65,0,8,56,82,47,85,45,135,131,130" hai3="9,119,92,125,86,50,53,90,108,22,121,72,91"/><U120/><E120/><V18/><F100/><W132/><G121/><T4/><D113/><U93/><E106/><V44/><F135/><W83/><G108/><T59/><D12/><U103/><E128/><N who="2" m="49195" /><F18/><W32/><G32/><T112/><D112/><U116/><E116/><V114/><F114/><W89/><G125/><T3/><D57/><U129/><E36/><V94/><F94/><W37/><G37/><T48/><D48/><U69/><E42/><V25/><F25/><W76/><G132/><T27/><D59/><U11/><E129/><V17/><F17/><W111/><G111/><T127/><D35/><U16/><E80/><V21/><F21/><W68/><G68/><T123/><D123/><U115/><E115/><V79/><F79/><W96/><G119/><T13/><D13/><U43/><E43/><V14/><F14/><W66/><G66/><T105/><D127/><U84/><E31/><V110/><F110/><W33/><G33/><T71/><D105/><U2/><E7/><N who="2" m="1127" /><F56/><N who="3" m="32823" /><G72/><N who="0" m="27755" /><D4/><U109/><E109/><V49/><F65/><W88/><G22/><T67/><D67/><U63/><E69/><V126/><F126/><W60/><G9/><T78/><D78/><U23/><E23/><V24/><F24/><W95/><G60/><T41/><D41/><AGARI ba="1,2" hai="41,44,45,47,49,77,82,85" m="1127,49195" machi="41" ten="30,1000,0" yaku="19,1" doraHai="87" who="2" fromWho="0" sc="125,-13,255,0,365,33,235,0" /><INIT seed="2,0,0,5,1,128" ten="112,255,398,235" oya="2" hai0="76,34,11,52,126,9,55,115,38,72,65,80,42" hai1="43,27,83,20,51,74,45,79,49,102,132,77,119" hai2="2,56,68,106,111,4,12,58,70,112,118,131,25" hai3="100,124,1,134,26,109,47,24,130,85,73,62,117"/><V15/><F25/><W107/><G117/><T90/><D115/><U121/><E119/><V87/><F87/><W113/><G73/><T75/><D126/><U21/><E79/><V14/><F112/><W116/><G116/><T39/><D34/><U105/><E121/><V19/><F19/><W81/><G113/><T36/><D42/><U5/><E5/><V135/><F118/><W6/><G109/><T48/><D65/><U50/><E20/><V22/><F22/><W125/><G130/><T82/><D90/><U88/><E102/><V33/><F33/><W123/><G123/><T31/><D31/><U78/><E105/><V13/><F13/><W86/><G86/><T18/><D18/><U16/><E132/><V69/><F106/><W61/><G47/><T101/><D101/><U30/><E78/><V127/><F131/><W104/><G104/><T40/><D40/><U94/><REACH who="1" step="1"/><E30/><REACH who="1" ten="112,245,398,235" step="2"/><V32/><F32/><W98/><G134/><T95/><D95/><U54/><E54/><N who="0" m="20521" /><D48/><U17/><E17/><V96/><F135/><W108/><G6/><T91/><D91/><U23/><E23/><V8/><F127/><W10/><G100/><T92/><D92/><U103/><E103/><V99/><F111/><W60/><G107/><T114/><D114/><U133/><E133/><V71/><N who="2" m="17408" /><DORA hai="67" /><V120/><F120/><W7/><G108/><T0/><D0/><U84/><AGARI ba="0,1" hai="16,21,27,43,45,49,50,51,74,77,83,84,88,94" machi="84" ten="20,16000,3" yaku="1,1,0,1,7,1,54,2,53,3" doraHai="128,67" doraHaiUra="46,35" who="1" fromWho="1" sc="112,-40,245,170,398,-80,235,-40" /><INIT seed="3,0,0,2,2,50" ten="72,415,318,195" oya="3" hai0="120,125,36,63,15,121,61,7,30,52,54,130,83" hai1="57,115,74,58,4,114,134,78,37,14,97,70,56" hai2="28,92,10,11,48,46,8,59,67,64,117,126,105" hai3="13,3,45,68,111,60,116,41,132,73,104,22,96"/><W69/><G116/><T51/><D30/><U80/><E37/><V123/><F105/><W17/><G132/><T38/><D83/><U20/><E134/><V95/><F117/><W77/><G3/><T119/><D15/><U131/><E70/><V81/><F126/><W55/><G111/><T25/><D25/><U88/><E131/><V133/><F133/><W87/><G73/><T40/><D7/><U103/><E88/><V91/><F28/><W127/><G127/><T90/><D90/><U39/><E39/><V35/><F35/><W53/><G77/><T65/><D119/><U44/><E44/><V34/><F34/><W72/><G72/><T6/><D6/><U122/><E122/><V124/><F124/><W66/><G69/><T129/><D125/><U75/><E74/><V110/><F110/><W42/><G87/><T108/><D108/><U32/><E32/><V21/><F21/><W33/><G33/><T106/><D106/><U49/><E114/><V93/><F59/><W29/><G29/><T71/><D71/><U23/><E115/><V102/><F102/><W0/><G0/><T85/><D85/><U98/><E98/><V107/><F107/><W112/><G112/><T27/><D27/><U128/><E23/><V2/><F2/><W113/><G113/><T5/><D5/><U84/><E75/><V43/><F123/><W79/><G79/><T100/><D100/><U12/><E20/><V82/><F91/><W89/><G89/><T101/><D101/><U76/><E76/><V18/><F18/><W99/><G104/><T109/><D121/><RYUUKYOKU ba="0,0" sc="72,-10,415,-10,318,30,195,-10" hai2="8,10,11,43,46,48,64,67,81,82,92,93,95" /><INIT seed="4,1,0,2,3,116" ten="62,405,348,185" oya="0" hai0="49,96,51,56,27,54,43,118,10,21,121,102,124" hai1="120,85,117,13,2,114,110,48,72,5,69,70,59" hai2="66,17,20,67,36,101,28,111,14,77,53,12,3" hai3="115,55,81,86,88,1,71,112,11,98,16,133,126"/><T30/><D118/><U82/><E2/><V103/><F36/><W64/><G133/><T97/><D124/><U94/><E117/><V127/><F3/><W32/><G32/><T29/><D29/><U47/><E110/><V37/><F37/><W87/><G126/><T73/><D73/><U132/><E72/><V65/><F111/><W9/><G64/><T34/><D34/><U25/><E120/><V89/><F127/><W74/><G71/><T0/><D121/><U135/><E59/><V90/><F77/><N who="3" m="46383" /><G74/><T93/><D0/><U41/><E25/><V40/><F40/><W52/><G1/><T4/><D97/><U134/><E94/><V18/><F53/><N who="3" m="20555" /><G98/><T68/><D68/><U26/><E26/><V125/><F125/><W84/><G84/><T78/><D78/><N who="1" m="46295" /><E114/><N who="3" m="43562" /><G16/><N who="2" m="6249" /><F20/><W130/><G130/><T57/><D43/><U44/><E44/><V123/><F28/><W108/><G108/><T38/><D38/><U99/><E99/><V50/><F50/><N who="0" m="18954" /><D54/><U42/><E41/><V39/><F39/><W8/><G8/><AGARI ba="1,0" hai="5,8,13,42,47,48,69,70,132,134,135" m="46295" machi="8" ten="30,2000,0" yaku="25,1,20,1" doraHai="116" who="1" fromWho="3" sc="62,0,405,23,348,0,185,-23" /><INIT seed="5,0,0,4,0,131" ten="62,428,348,162" oya="1" hai0="22,31,124,96,44,13,1,75,101,38,104,85,20" hai1="19,36,87,2,41,121,52,34,10,62,56,89,78" hai2="93,55,111,72,21,27,51,81,117,120,63,115,109" hai3="17,42,84,113,126,130,128,116,88,135,122,7,102"/><U79/><E34/><V129/><F117/><W134/><G122/><T45/><D1/><U50/><E36/><V123/><F93/><N who="3" m="54407" /><G7/><T35/><D75/><U100/><E121/><V110/><F63/><W97/><G42/><T61/><D35/><U65/><E100/><V48/><F129/><N who="3" m="49771" /><G17/><T95/><D124/><U66/><E2/><V43/><F115/><W14/><G14/><T6/><D38/><U108/><E108/><V76/><F43/><W106/><G113/><T8/><D104/><U107/><E107/><V15/><F15/><W91/><G126/><T92/><D92/><U119/><E119/><V53/><F51/><W99/><G116/><T132/><D132/><N who="3" m="50729" /><G99/><T94/><D94/><U57/><E41/><V47/><F123/><W114/><G114/><T68/><D85/><U39/><E87/><V64/><F120/><W112/><G112/><T26/><D68/><U46/><E19/><V37/><F111/><W11/><G91/><T28/><REACH who="0" step="1"/><D61/><REACH who="0" ten="52,428,348,162" step="2"/><U58/><E62/><V5/><F110/><W4/><G4/><T23/><D23/><U33/><E33/><V77/><F21/><W12/><G12/><T30/><D30/><U67/><E39/><V69/><F37/><W70/><G70/><T32/><D32/><U40/><E10/><AGARI ba="0,1" hai="10,11,97,102,106" m="50729,49771,54407" machi="10" ten="30,12000,2" yaku="19,1,20,1,52,3,54,1" doraHai="131" who="3" fromWho="1" sc="52,0,428,-120,348,0,162,130" /><INIT seed="6,0,0,0,5,34" ten="52,308,348,292" oya="2" hai0="4,113,83,43,76,6,56,124,115,10,102,9,119" hai1="74,27,88,100,84,63,95,57,12,7,13,78,122" hai2="8,37,47,70,134,58,130,59,44,79,121,11,118" hai3="92,135,106,127,38,75,49,133,48,126,16,69,60"/><V15/><F70/><W51/><G106/><T77/><D102/><U108/><E108/><V36/><F118/><W116/><G75/><T20/><D56/><U101/><E122/><V31/><F31/><W23/><G116/><T50/><D50/><U52/><E74/><V30/><F30/><W97/><G38/><T105/><D105/><U5/><E27/><V2/><F15/><N who="1" m="5705" /><E78/><V29/><F79/><W117/><G117/><T19/><D43/><U35/><E35/><V120/><F29/><W111/><G111/><T22/><D83/><U66/><E66/><V82/><F82/><W86/><G86/><T41/><D41/><U14/><N who="1" m="5713" /><U67/><DORA hai="25" /><E67/><V131/><F134/><N who="3" m="51211" /><G69/><T54/><D119/><U96/><E84/><V61/><F61/><W55/><G60/><T87/><D87/><U62/><E62/><V104/><F104/><W129/><G55/><T114/><D113/><U39/><E39/><V42/><F42/><W85/><G85/><T80/><D80/><U109/><E109/><V112/><F112/><W90/><G129/><T1/><D54/><U81/><E81/><V64/><F64/><W33/><G33/><T46/><D124/><N who="3" m="47657" /><G23/><T32/><D32/><U0/><E0/><AGARI ba="0,0" hai="0,2,8,11,36,37,44,47,58,59,120,121,130,131" machi="0" ten="25,9600,0" yaku="22,2,52,2" doraHai="34,25" who="2" fromWho="1" sc="52,0,308,-96,348,96,292,0" /><INIT seed="6,1,0,3,4,45" ten="52,212,444,292" oya="2" hai0="126,20,52,5,3,106,70,11,31,49,24,107,110" hai1="84,133,30,58,19,40,131,88,98,65,113,105,78" hai2="71,109,41,92,124,42,128,122,119,83,77,62,54" hai3="97,29,100,17,135,85,44,21,0,129,74,127,75"/><V46/><F122/><W79/><G0/><T64/><D126/><U18/><E40/><V26/><F109/><W86/><G129/><T13/><D110/><U60/><E131/><V50/><F119/><W101/><G135/><T61/><REACH who="0" step="1"/><D3/><REACH who="0" ten="42,212,444,292" step="2"/><U116/><E133/><V48/><F124/><W67/><G127/><T36/><D36/><U134/><E134/><V118/><F128/><W112/><G112/><T53/><D53/><U125/><E113/><V130/><F54/><W95/><G67/><T96/><D96/><U66/><E125/><V22/><F130/><W15/><G97/><T120/><D120/><U6/><E116/><V117/><F118/><W81/><G75/><T25/><D25/><U43/><E66/><V111/><F117/><W37/><G74/><T57/><AGARI ba="1,1" hai="5,11,13,20,24,31,49,52,57,61,64,70,106,107" machi="57" ten="20,8000,1" yaku="1,1,0,1,7,1,52,1,54,1,53,0" doraHai="45" doraHaiUra="99" who="0" fromWho="0" sc="42,93,212,-21,444,-41,292,-21" /><INIT seed="7,0,0,4,5,34" ten="135,191,403,271" oya="3" hai0="31,49,80,38,24,1,96,46,12,81,65,51,132" hai1="133,114,37,27,72,40,71,102,130,91,30,75,52" hai2="105,61,92,64,135,73,76,94,106,100,107,15,99" hai3="13,70,104,17,101,124,10,66,79,110,125,69,8"/><W32/><G32/><T89/><D132/><U87/><E71/><V2/><F15/><N who="3" m="7399" /><G66/><T108/><D108/><U83/><E130/><V82/><F2/><W62/><G62/><T14/><D38/><U7/><E114/><V3/><F3/><W98/><G79/><T48/><D1/><U29/><E133/><V119/><F135/><W57/><G57/><T126/><D126/><N who="3" m="48745" /><G110/><T122/><D122/><U118/><E40/><V50/><F50/><W112/><G112/><T116/><D116/><U78/><E118/><V95/><REACH who="2" step="1"/><F119/><REACH who="2" ten="135,191,393,271" step="2"/><W90/><G90/><T127/><D127/><U121/><E91/><V11/><F11/><W56/><G56/><AGARI ba="0,1" hai="56,61,64,73,76,82,92,94,95,99,100,105,106,107" machi="56" ten="40,1300,0" yaku="1,1,53,0" doraHai="34" doraHaiUra="42" who="2" fromWho="3" sc="135,0,191,0,393,23,271,-13" owari="135,-36.0,191,-21.0,416,51.0,258,6.0" /></mjloggm>