<mjloggm ver="2.3"><GO type="169" lobby="0"/><UN n0="%E5%B0%B1%E6%B4%BB%E7%94%9F%40%E5%B7%9D%E6%9D%91%E8%BB%8D%E5%9B%A3" n1="%E3%81%B9%E3%81%91%E3%82%93" n2="%E3%82%AD%E3%83%9F%E3%81%AE%E9%9A%A3%E3%82%8A%E3%81%A7" n3="%6D%75%6B%69%74%74%69" dan="16,16,16,17" rate="2146.45,2085.85,2078.14,2199.83" sx="M,M,M,M"/><TAIKYOKU oya="0"/><INIT seed="0,0,0,2,3,126" ten="250,250,250,250" oya="0" hai0="27,72,43,133,33,101,39,93,48,100,17,52,9" hai1="42,13,35,36,45,105,54,12,73,104,111,19,103" hai2="55,82,58,87,15,122,34,80,0,131,46,53,84" hai3="90,79,16,107,38,44,86,68,91,76,108,69,120"/><T130/><D72/><U41/><E73/><V81/><F0/><W3/><G3/><T125/><D125/><U40/><E35/><V66/><F34/><W94/><G107/><T37/><D133/><U71/><E71/><V98/><F122/><W22/><G120/><T114/><D114/><U123/><E123/><V124/><F124/><W5/><G5/><T20/><D33/><U67/><E67/><V63/><F131/><W4/><G4/><T62/><D130/><U102/><E111/><V134/><F134/><W14/><G108/><T30/><D62/><U31/><E31/><V65/><F98/><W127/><G127/><T74/><D74/><U88/><E13/><V75/><F75/><W56/><G56/><T119/><D119/><U118/><E118/><V11/><F46/><W112/><G112/><T24/><D43/><U2/><E2/><V47/><F47/><W95/><G38/><T7/><D27/><U28/><E28/><V92/><F92/><W8/><G44/><T96/><D101/><U32/><E32/><V89/><F66/><W135/><G135/><T83/><D83/><N who="2" m="31818" /><F87/><W116/><G8/><T49/><D30/><U1/><E1/><V109/><F109/><W23/><G23/><T10/><D48/><N who="1" m="28943" /><E36/><N who="0" m="13897" /><D7/><AGARI ba="0,0" hai="7,11,15,53,55,58,63,65,82,84,89" m="31818" machi="7" ten="30,1000,0" yaku="8,1" doraHai="126" who="2" fromWho="0" sc="250,-10,250,0,250,10,250,0" /><INIT seed="1,0,0,2,3,70" ten="240,250,260,250" oya="1" hai0="0,76,21,15,79,110,89,22,71,112,72,94,114" hai1="49,101,56,27,53,19,109,119,134,84,102,45,128" hai2="51,30,8,50,58,129,105,90,65,99,108,62,125" hai3="41,69,39,10,88,2,104,33,48,86,34,80,37"/><U113/><E119/><V17/><F108/><W24/><G69/><T122/><D0/><U4/><E113/><V131/><F30/><W127/><G104/><T60/><D110/><U126/><E109/><V111/><F111/><W26/><G127/><T63/><D71/><U83/><E126/><V118/><F118/><W67/><G67/><T6/><D94/><U115/><E115/><V91/><F125/><W25/><G48/><N who="2" m="18473" /><F99/><W43/><G43/><T106/><D106/><U120/><E120/><V132/><F105/><W135/><G135/><T66/><D66/><U92/><E128/><N who="2" m="49227" /><F132/><W95/><G41/><T14/><D6/><U123/><E123/><V81/><F81/><W78/><G2/><T11/><D122/><U32/><E4/><V47/><F47/><W59/><G10/><T117/><D11/><U12/><E134/><V87/><F87/><W85/><REACH who="3" step="1"/><G59/><REACH who="3" ten="240,250,260,240" step="2"/><T124/><D124/><U107/><E107/><V73/><F8/><W82/><G82/><T103/><D117/><U9/><E56/><V116/><F116/><W96/><G96/><T23/><D112/><U52/><E53/><V93/><F58/><W68/><G68/><T1/><D1/><U36/><E36/><AGARI ba="0,1" hai="24,25,26,33,34,36,37,39,78,80,85,86,88,95" machi="36" ten="40,8000,1" yaku="1,1,52,3,54,1,53,0" doraHai="70" doraHaiUra="38" who="3" fromWho="1" sc="240,0,250,-80,260,0,240,90" /><INIT seed="2,0,0,3,0,116" ten="240,170,260,330" oya="2" hai0="37,13,102,12,130,52,16,117,38,99,66,126,41" hai1="35,43,98,123,9,134,105,29,20,3,0,23,51" hai2="56,129,79,57,91,104,17,39,24,64,112,124,94" hai3="86,125,84,135,53,62,5,89,133,26,65,119,22"/><V75/><F112/><W27/><G119/><T50/><D117/><U93/><E105/><V49/><F104/><W10/><G53/><T69/><D130/><U106/><E106/><V128/><F39/><W100/><G100/><T107/><D126/><U8/><E134/><N who="3" m="51210" /><G125/><T131/><D131/><N who="2" m="50250" /><F124/><W132/><G132/><T97/><D13/><U47/><E35/><V40/><F64/><W80/><G86/><T122/><D122/><U77/><E77/><V82/><F49/><W25/><G22/><T85/><D41/><U32/><E32/><V19/><F40/><W96/><G96/><T101/><D85/><U109/><E109/><V115/><F115/><W60/><G65/><T88/><D66/><U68/><E68/><V54/><F54/><W36/><G36/><T33/><D69/><U44/><E44/><V92/><F92/><W87/><G87/><T2/><D33/><U110/><E110/><V108/><F108/><W120/><G120/><T30/><D30/><U103/><E123/><V95/><F95/><W4/><G4/><T111/><D111/><U58/><E58/><N who="2" m="22635" /><F24/><W121/><G121/><T127/><D127/><U11/><REACH who="1" step="1"/><E29/><REACH who="1" ten="240,160,260,330" step="2"/><V61/><F61/><W55/><G55/><T81/><D52/><U67/><E67/><V78/><F78/><W72/><G72/><T21/><D50/><U6/><E6/><V14/><F14/><AGARI ba="0,1" hai="5,10,14,25,26,27,60,62,80,84,89" m="51210" machi="14" ten="30,1000,0" yaku="20,1" doraHai="116" who="3" fromWho="2" sc="240,0,160,0,260,-10,330,20" /><INIT seed="3,0,0,5,2,6" ten="240,160,250,350" oya="3" hai0="27,83,57,8,53,2,98,45,18,94,120,63,92" hai1="77,73,105,110,72,44,133,32,1,24,40,104,49" hai2="132,23,69,16,42,99,78,64,87,74,58,25,41" hai3="95,85,15,66,135,65,117,20,106,50,93,52,124"/><W19/><G117/><T55/><D120/><U70/><E110/><V21/><F69/><W121/><G121/><T125/><D125/><U129/><E133/><V128/><F132/><W14/><G135/><T109/><D109/><U46/><E129/><V56/><F74/><W82/><G106/><T29/><D83/><U102/><E70/><V134/><F134/><W126/><G15/><N who="0" m="7527" /><D2/><U118/><E118/><V36/><F128/><W130/><G130/><T119/><D119/><U9/><E102/><V67/><F99/><W107/><G107/><T114/><D114/><U123/><E123/><V47/><F41/><W13/><G13/><T90/><D94/><N who="3" m="35849" /><G126/><T17/><D29/><U7/><E72/><V43/><F43/><W96/><G96/><T51/><D27/><U101/><E101/><V81/><REACH who="2" step="1"/><F23/><REACH who="2" ten="240,160,240,350" step="2"/><W33/><G124/><T39/><D39/><U115/><E115/><V71/><F71/><W112/><G112/><T100/><D17/><U59/><E40/><V113/><F113/><W26/><G33/><T31/><D31/><U89/><E32/><V54/><F54/><W61/><G52/><T116/><D116/><U4/><E73/><V37/><F37/><W97/><G19/><T60/><D100/><U91/><E7/><V3/><F3/><W86/><G97/><T127/><D127/><U79/><E4/><V5/><F5/><W35/><G35/><T12/><D12/><U10/><E1/><V62/><F62/><AGARI ba="0,1" hai="45,51,53,55,57,60,62,63,90,92,98" m="7527" machi="62" ten="30,2000,0" yaku="8,1,52,1" doraHai="6" who="0" fromWho="2" sc="240,30,160,0,240,-20,350,0" /><INIT seed="4,0,0,1,0,95" ten="270,160,220,350" oya="0" hai0="52,2,70,58,50,116,30,96,23,10,91,28,60" hai1="71,12,78,124,53,119,94,46,18,110,6,92,113" hai2="68,90,123,129,72,80,57,108,115,121,47,104,11" hai3="1,43,24,39,118,32,44,133,114,48,128,62,87"/><T86/><D116/><U76/><E110/><V5/><F108/><W59/><G118/><T63/><D2/><U25/><E119/><V54/><F104/><W101/><G1/><T8/><D70/><U88/><E71/><V49/><F68/><W89/><G114/><T106/><D106/><U45/><E113/><V65/><F115/><W27/><G128/><T69/><D69/><U64/><E124/><V7/><F129/><W15/><G133/><T61/><D96/><N who="1" m="57351" /><E64/><V135/><F135/><W73/><G73/><T105/><D105/><U51/><E46/><V103/><F103/><W130/><G39/><T35/><D35/><U117/><E117/><V127/><F127/><W40/><G101/><T77/><D77/><U99/><E25/><V79/><F90/><W111/><G32/><T4/><D4/><U17/><E6/><V21/><F21/><W75/><G75/><T132/><D132/><U33/><E33/><V19/><F19/><N who="1" m="7177" /><E12/><V16/><F5/><W41/><G15/><T120/><D120/><U29/><E29/><N who="0" m="11369" /><D23/><U20/><E20/><V102/><F7/><W85/><G130/><T38/><D38/><U125/><E125/><V36/><F36/><W56/><G111/><T14/><D14/><U81/><E81/><AGARI ba="0,0" hai="8,10,50,52,58,60,61,63,81,86,91" m="11369" machi="81" ten="30,2900,0" yaku="8,1,54,1" doraHai="95" who="0" fromWho="1" sc="270,29,160,-29,220,0,350,0" /><INIT seed="4,1,0,3,1,76" ten="299,131,220,350" oya="0" hai0="128,45,50,14,85,0,82,37,27,90,70,75,133" hai1="23,47,28,100,111,58,33,44,93,31,13,107,38" hai2="67,32,112,123,39,17,68,88,20,63,84,134,98" hai3="65,86,116,22,96,9,131,71,53,130,35,106,117"/><T81/><D0/><U42/><E33/><V15/><F123/><W122/><G35/><T24/><D37/><U59/><E107/><V73/><F32/><W1/><G122/><T8/><D70/><U83/><E111/><V41/><F73/><W108/><G108/><T51/><D128/><N who="3" m="49193" /><G53/><N who="0" m="29903" /><D133/><U66/><E44/><V18/><F134/><W16/><G86/><N who="0" m="50511" /><D51/><U121/><E121/><V80/><F112/><W6/><G65/><T48/><D48/><U11/><E28/><V74/><F74/><W110/><G71/><T55/><D55/><U120/><E120/><V104/><F18/><W46/><G46/><T40/><D40/><U7/><E59/><V94/><F104/><W64/><G64/><T135/><D75/><U34/><E34/><V113/><F113/><W21/><G110/><T3/><D3/><U101/><E58/><V125/><F39/><W105/><G22/><T61/><D61/><U25/><E66/><V43/><REACH who="2" step="1"/><F125/><REACH who="2" ten="299,131,210,350" step="2"/><W69/><G106/><T115/><D115/><U29/><E29/><V129/><F129/><W30/><G105/><T118/><D118/><U4/><E4/><V54/><F54/><W77/><G117/><T97/><D135/><U92/><E92/><V91/><AGARI ba="1,1" hai="15,17,20,41,43,63,67,68,80,84,88,91,94,98" machi="91" ten="20,8000,1" yaku="1,1,0,1,7,1,52,1,54,1,53,0" doraHai="76" doraHaiUra="26" who="2" fromWho="2" sc="299,-41,131,-21,210,93,350,-21" /><INIT seed="5,0,0,5,0,31" ten="258,110,303,329" oya="1" hai0="26,53,33,62,99,92,133,121,7,11,14,41,117" hai1="119,69,49,55,111,118,36,10,25,22,13,131,37" hai2="3,30,130,123,98,102,95,43,20,71,74,5,107" hai3="34,27,88,24,56,32,129,132,1,109,18,104,59"/><U39/><E69/><V60/><F74/><W17/><G109/><T91/><D117/><U101/><E111/><V73/><F73/><W128/><G104/><T65/><D133/><U114/><E101/><V103/><F123/><W89/><REACH who="3" step="1"/><G1/><REACH who="3" ten="258,110,303,319" step="2"/><T46/><D121/><U108/><E108/><V106/><F3/><W21/><G21/><T28/><D53/><U70/><E114/><V35/><F20/><W87/><G87/><T57/><D41/><U38/><N who="1" m="9216" /><DORA hai="97" /><U8/><E70/><V125/><F43/><W66/><G66/><T116/><D116/><U29/><E131/><V16/><F106/><W63/><G63/><T19/><REACH who="0" step="1"/><D46/><REACH who="0" ten="248,110,303,319" step="2"/><U124/><E124/><V54/><F125/><W96/><G96/><T110/><D110/><U76/><E76/><V0/><F98/><W122/><G122/><T90/><D90/><U100/><E100/><V134/><F54/><W94/><G94/><T81/><D81/><U6/><REACH who="1" step="1"/><E10/><REACH who="1" ten="248,100,303,319" step="2"/><N who="2" m="2343" /><F102/><W50/><G50/><T68/><D68/><U4/><E4/><AGARI ba="0,3" hai="4,7,11,14,19,26,28,33,57,62,65,91,92,99" machi="4" ten="40,2600,0" yaku="1,1,52,1,53,0" doraHai="31,97" doraHaiUra="83,77" who="0" fromWho="1" sc="248,56,100,-26,303,0,319,0" /><INIT seed="6,0,0,3,0,131" ten="304,74,303,319" oya="2" hai0="129,96,50,19,20,24,10,29,66,62,40,117,85" hai1="90,31,72,102,2,106,58,69,82,59,7,15,80" hai2="65,17,28,108,84,56,73,21,113,64,81,45,14" hai3="39,92,83,119,1,36,0,126,89,123,99,112,120"/><V122/><F122/><W60/><G119/><T105/><D129/><U116/><E116/><V35/><F73/><W118/><G118/><T48/><D117/><U101/><E69/><V98/><F113/><W52/><G126/><T23/><D105/><U135/><E2/><V8/><F35/><W127/><G127/><T44/><D96/><U5/><E135/><V25/><F108/><W111/><G111/><T94/><D10/><U134/><E134/><V97/><F45/><W100/><G112/><T42/><D94/><U27/><E106/><V71/><F71/><W12/><G12/><N who="0" m="9319" /><D85/><U68/><E68/><V4/><F28/><W77/><G100/><T132/><D132/><U115/><E115/><V110/><F110/><W79/><G79/><T133/><D133/><U70/><E70/><V104/><F104/><W41/><G1/><T63/><D66/><N who="2" m="25706" /><F56/><W30/><G0/><T128/><D128/><U78/><E82/><V51/><F51/><N who="0" m="19498" /><D44/><U53/><E90/><AGARI ba="0,0" hai="4,8,14,17,21,25,81,84,90,97,98" m="25706" machi="90" ten="30,1500,0" yaku="8,1" doraHai="131" who="2" fromWho="1" sc="304,0,74,-15,303,15,319,0" /><INIT seed="6,1,0,0,0,78" ten="304,59,318,319" oya="2" hai0="98,40,21,0,114,57,101,10,92,121,85,108,39" hai1="29,96,27,6,97,70,49,64,87,9,122,95,111" hai2="67,93,133,134,34,128,79,38,126,58,11,103,117" hai3="116,123,12,115,17,30,125,51,43,66,55,13,118"/><V56/><F117/><W73/><G123/><T33/><D33/><U52/><E111/><V15/><F38/><W91/><G73/><T83/><D108/><U24/><E122/><V82/><F34/><W44/><G125/><T37/><D121/><U54/><E70/><V31/><F31/><W63/><G30/><T53/><D114/><U41/><E64/><V75/><F126/><W110/><G110/><T99/><D40/><U113/><E113/><V69/><F69/><W45/><G115/><T86/><D86/><U48/><E41/><V22/><F22/><W88/><G118/><T28/><D98/><U26/><E29/><V129/><F93/><W107/><G107/><T65/><D65/><U132/><E132/><N who="2" m="50795" /><F103/><W7/><G7/><T2/><D39/><U77/><E49/><V112/><F112/><W8/><G13/><T102/><D102/><U36/><E36/><V130/><F67/><W35/><G35/><T14/><D37/><U124/><E124/><V19/><AGARI ba="1,0" hai="11,15,19,56,58,75,79,82,128,129,130" m="50795" machi="19" ten="40,7800,0" yaku="19,1,20,1,52,1" doraHai="78" who="2" fromWho="2" sc="304,-27,59,-27,318,81,319,-27" /><INIT seed="6,2,0,0,1,47" ten="277,32,399,292" oya="2" hai0="89,100,19,34,127,111,129,7,117,109,22,130,74" hai1="5,77,86,91,36,72,85,70,16,61,23,68,133" hai2="106,110,25,101,123,37,28,35,93,83,115,80,132" hai3="95,6,60,66,24,17,56,116,63,102,51,114,64"/><V54/><F123/><W126/><G116/><T75/><D34/><U12/><E36/><V97/><F37/><W87/><G126/><T90/><D7/><U11/><E133/><V30/><F132/><W122/><G122/><T0/><D0/><U18/><E72/><N who="0" m="27689" /><D127/><U27/><E77/><V50/><F115/><W76/><G114/><T73/><D73/><U39/><E39/><V46/><F110/><N who="0" m="41994" /><D117/><U8/><E61/><V79/><F79/><W103/><G6/><T53/><D53/><U41/><E41/><V32/><F106/><W105/><G105/><T84/><D100/><U58/><E58/><V38/><F38/><W52/><G17/><T121/><D121/><U92/><REACH who="1" step="1"/><E86/><REACH who="1" ten="277,22,399,292" step="2"/><V44/><F46/><W59/><G87/><T31/><D84/><U71/><E71/><V2/><F44/><W57/><G76/><T4/><D130/><U120/><E120/><V9/><F32/><W42/><G42/><T118/><D129/><U1/><AGARI ba="2,1" hai="1,5,8,11,12,16,18,23,27,68,70,85,91,92" machi="1" ten="20,5200,0" yaku="1,1,0,1,7,1,54,1,53,0" doraHai="47" doraHaiUra="62" who="1" fromWho="1" sc="277,-15,22,68,399,-28,292,-15" /><INIT seed="7,0,0,3,4,97" ten="262,90,371,277" oya="3" hai0="72,130,75,4,86,59,96,53,61,118,85,25,83" hai1="32,58,116,5,98,24,132,84,23,88,93,105,80" hai2="36,54,135,74,106,10,82,111,112,122,40,69,28" hai3="100,129,33,131,95,3,71,125,76,60,51,73,87"/><W39/><G39/><T6/><D118/><U77/><E32/><V8/><F28/><W0/><G33/><T113/><D75/><U123/><E116/><V70/><F82/><N who="3" m="45327" /><G125/><T79/><D130/><N who="3" m="49673" /><G51/><T42/><D42/><U133/><E5/><V55/><F40/><W16/><G16/><T2/><D2/><N who="3" m="553" /><G87/><T27/><D113/><U9/><E9/><V19/><F8/><W14/><G14/><T68/><D68/><U12/><E12/><V26/><F10/><W121/><G121/><T92/><D85/><U43/><E43/><V99/><F19/><W57/><G71/><T101/><D72/><U63/><E123/><V64/><F74/><W119/><G119/><T115/><D115/><U34/><E34/><V110/><F112/><W30/><G30/><T37/><D37/><U90/><E105/><V1/><F106/><W47/><G47/><T50/><D50/><U120/><E120/><V11/><F69/><W109/><G109/><T13/><D13/><U117/><E117/><V81/><F70/><W103/><G95/><T78/><D78/><U66/><E132/><V108/><F135/><W91/><G91/><T52/><D53/><AGARI ba="0,0" hai="53,57,60,100,103" m="553,49673,45327" machi="53" ten="30,5800,0" yaku="19,1,52,2" doraHai="97" who="3" fromWho="0" sc="262,-58,90,0,371,0,277,58" /><INIT seed="7,1,0,5,0,27" ten="204,90,371,335" oya="3" hai0="9,2,130,26,100,78,101,59,127,104,48,133,88" hai1="72,16,47,110,7,54,134,116,76,71,33,77,69" hai2="106,108,84,115,105,44,22,17,117,92,0,74,21" hai3="124,37,120,19,46,118,24,85,111,97,49,30,63"/><W82/><G120/><T8/><D104/><U66/><E7/><V102/><F0/><W52/><G118/><T73/><D73/><U6/><E6/><V81/><F117/><W75/><G75/><T38/><D78/><U53/><E72/><V20/><F74/><W41/><G124/><T18/><D38/><U107/><E116/><V79/><F115/><W10/><G111/><T99/><D130/><U65/><E107/><V131/><F108/><W68/><G97/><T23/><D133/><U113/><E110/><V98/><F131/><W35/><G10/><N who="0" m="4203" /><D2/><U128/><E128/><V51/><REACH who="2" step="1"/><F17/><REACH who="2" ten="204,90,361,335" step="2"/><W39/><G19/><T15/><D127/><U43/><E134/><V125/><F125/><W40/><G39/><T126/><D26/><U13/><E113/><V95/><F95/><W67/><G37/><T129/><D129/><U25/><E25/><V3/><F3/><W87/><G87/><T96/><D96/><U14/><E33/><V70/><F70/><W28/><G28/><T50/><D50/><U34/><E34/><V132/><F132/><W29/><G29/><T36/><D36/><U90/><E90/><AGARI ba="1,1" hai="24,30,35,40,41,46,49,52,63,67,68,82,85,90" machi="90" ten="30,5800,0" yaku="7,1,52,1,54,1" doraHai="27" who="3" fromWho="1" sc="204,0,90,-61,361,0,335,71" owari="204,-20.0,29,-47.0,361,16.0,406,51.0" /></mjloggm>