<mjloggm ver="2.3"><GO type="169" lobby="0"/><UN n0="%E7%99%BD%E9%B9%BF%E6%84%9B%E8%8E%89" n1="%E3%82%8C%E3%81%A3%E3%81%A9%E3%81%82%E3%81%84" n2="%E3%81%86%E3%82%8B%E3%81%95%E3%81%84%E3%81%AF%E8%A4%92%E3%82%81%E8%A9%9E" n3="%E3%83%88%E3%83%88%E3%83%AA%E5%85%88%E7%94%9F%31%39%E6%AD%B3" dan="16,16,16,18" rate="2146.69,2117.59,2121.83,2212.63" sx="F,M,M,F"/><TAIKYOKU oya="0"/><INIT seed="0,0,0,5,4,14" ten="250,250,250,250" oya="0" hai0="69,133,42,5,104,43,35,119,64,61,120,115,114" hai1="89,37,13,1,78,127,101,22,112,45,76,122,130" hai2="126,65,51,31,82,9,107,117,84,74,98,30,124" hai3="95,52,34,23,25,8,48,0,113,80,99,55,103"/><T131/><D104/><U96/><E1/><V41/><F74/><W68/><G113/><N who="0" m="43019" /><D35/><U36/><E45/><N who="2" m="26031" /><F117/><W86/><G68/><T54/><D5/><U18/><E89/><V21/><F65/><W102/><G34/><T44/><D119/><U24/><E37/><V17/><F9/><W47/><G0/><T16/><D16/><U20/><E36/><V118/><F118/><W3/><G3/><T91/><D91/><U32/><E32/><V109/><F98/><W123/><G123/><T100/><D100/><U4/><E101/><V53/><F53/><W19/><G102/><T49/><D120/><U92/><E96/><V85/><F85/><W40/><G8/><T7/><D7/><U66/><E4/><V90/><F31/><W46/><G46/><N who="0" m="27959" /><D131/><U121/><E130/><V87/><F30/><W38/><G38/><N who="0" m="21591" /><D43/><U70/><E112/><V132/><F87/><W2/><G2/><T135/><AGARI ba="0,0" hai="61,64,69,133,135" m="21591,27959,43019" machi="135" ten="30,3000,0" yaku="34,2" doraHai="14" who="0" fromWho="0" sc="250,30,250,-10,250,-10,250,-10" /><INIT seed="0,1,0,5,4,115" ten="280,240,240,240" oya="0" hai0="110,16,90,113,23,46,48,12,125,11,15,3,96" hai1="29,77,4,60,18,119,116,47,36,81,108,85,130" hai2="97,80,10,69,121,19,13,75,135,66,78,37,9" hai3="105,102,67,131,17,87,54,57,58,95,134,68,100"/><T73/><D113/><U26/><E108/><V53/><F121/><W106/><G68/><T114/><D114/><U28/><E130/><V62/><F135/><W111/><G111/><T98/><D110/><U104/><E104/><V76/><F37/><W92/><G54/><T38/><D38/><U88/><E4/><V40/><F40/><W33/><G87/><T32/><D32/><U128/><E128/><V20/><F78/><W132/><G131/><T0/><D73/><U27/><E18/><V1/><F1/><W124/><G17/><T64/><D64/><U51/><E60/><V22/><F97/><W86/><G86/><T72/><D72/><U126/><E36/><V8/><F53/><W65/><REACH who="3" step="1"/><G33/><REACH who="3" ten="280,240,240,230" step="2"/><T59/><D98/><U94/><E126/><AGARI ba="1,1" hai="57,58,65,67,92,95,100,102,105,106,124,126,132,134" machi="126" ten="25,6400,0" yaku="1,1,2,1,22,2,53,0" doraHai="115" doraHaiUra="44" who="3" fromWho="1" sc="280,0,240,-67,240,0,230,77" /><INIT seed="1,0,0,4,0,17" ten="280,173,240,307" oya="1" hai0="134,11,114,55,72,28,127,76,68,36,73,0,75" hai1="118,96,109,105,3,87,44,29,126,99,130,33,1" hai2="45,79,81,23,71,2,35,54,18,117,135,98,128" hai3="32,70,112,34,42,50,27,9,104,20,31,83,25"/><U67/><E118/><V4/><F71/><W74/><G112/><T37/><D114/><U60/><E126/><V95/><F35/><W120/><G120/><T48/><D76/><U21/><E130/><V107/><F107/><W5/><G104/><T22/><D68/><U62/><E109/><V108/><F108/><W6/><G70/><T119/><D119/><U82/><E33/><V43/><F54/><W30/><G32/><T39/><D127/><U40/><E62/><V123/><F128/><W106/><G106/><T80/><D80/><U41/><E41/><V10/><F123/><W101/><G101/><T53/><D134/><U8/><E8/><V12/><F135/><W19/><G74/><T84/><D84/><U85/><E85/><V97/><F95/><W100/><G100/><T132/><D132/><U116/><E116/><V46/><F46/><W103/><G103/><T131/><D131/><U125/><E125/><V14/><F2/><W129/><G83/><T66/><D66/><U69/><E105/><V93/><F93/><W58/><G129/><T57/><D55/><U89/><E1/><V64/><F64/><W26/><G9/><T78/><D78/><U113/><E3/><V115/><F115/><W52/><G42/><T13/><D0/><U47/><E47/><V133/><F133/><W94/><G94/><T77/><D77/><U56/><E69/><V102/><F102/><W111/><G111/><T86/><D86/><U16/><E113/><V90/><F117/><W91/><G91/><T121/><D121/><U88/><E89/><V15/><F90/><RYUUKYOKU ba="0,0" sc="280,-10,173,-10,240,-10,307,30" hai3="5,6,19,20,25,26,27,30,31,34,50,52,58" /><INIT seed="2,1,0,5,2,84" ten="270,163,230,337" oya="2" hai0="4,11,82,50,118,15,130,113,47,71,22,57,49" hai1="66,65,129,79,16,34,115,75,120,44,62,117,133" hai2="104,64,110,102,41,45,106,53,128,101,12,85,69" hai3="124,40,73,21,131,43,17,123,105,27,58,46,83"/><V112/><F112/><W127/><G123/><T119/><D113/><U61/><E79/><V125/><F53/><W48/><G105/><T55/><D71/><U94/><E75/><V28/><F104/><W19/><G131/><T72/><D130/><U5/><E5/><V3/><F3/><W96/><G58/><T9/><D22/><U37/><E34/><V0/><F0/><W39/><G96/><T18/><D72/><U108/><E94/><V88/><F106/><W10/><G40/><T100/><D100/><U111/><E16/><N who="3" m="6218" /><G10/><T78/><D11/><U74/><E74/><V90/><F128/><W134/><G134/><T56/><D18/><U51/><E129/><V1/><F1/><W26/><G21/><T54/><REACH who="0" step="1"/><D47/><REACH who="0" ten="260,163,230,337" step="2"/><U35/><E115/><V89/><F69/><W24/><G73/><T42/><D42/><N who="1" m="24983" /><E35/><V126/><F28/><W135/><G135/><T97/><D97/><U13/><E133/><V23/><F23/><W86/><G39/><T60/><D60/><U109/><E37/><V7/><F85/><W80/><G86/><T14/><D14/><U20/><E120/><V95/><F12/><W33/><G33/><T30/><D30/><U68/><E13/><V91/><F7/><W67/><G124/><N who="2" m="47721" /><F110/><W103/><G127/><T93/><D93/><U25/><E20/><V81/><F95/><W70/><G70/><T59/><D59/><N who="1" m="37087" /><E25/><V52/><F41/><W31/><G31/><T107/><D107/><U38/><E38/><V6/><F6/><W2/><G2/><T76/><D76/><U32/><E32/><V36/><F36/><RYUUKYOKU ba="1,1" sc="260,15,163,15,230,-15,337,-15" hai0="4,9,15,49,50,54,55,56,57,78,82,118,119" hai1="61,66,68,108,109,111,117" /><INIT seed="3,2,1,3,3,8" ten="275,178,215,322" oya="3" hai0="88,49,132,105,62,22,42,129,112,116,52,75,69" hai1="26,102,2,23,28,73,123,117,110,64,111,59,100" hai2="46,93,119,61,65,40,108,127,80,134,84,54,18" hai3="50,51,37,70,135,33,95,97,48,38,11,85,98"/><W66/><G33/><T115/><D105/><U3/><E123/><V10/><F119/><W77/><G135/><T31/><D75/><U122/><E122/><V41/><F134/><W6/><G66/><N who="0" m="41175" /><D132/><U74/><E117/><V5/><F18/><W7/><G70/><T25/><D116/><U21/><E64/><V109/><F93/><W92/><G77/><T83/><D42/><U44/><E59/><N who="2" m="37055" /><F127/><W20/><G85/><N who="0" m="50239" /><D129/><U57/><E57/><V96/><F96/><W27/><G92/><T79/><D79/><U107/><E107/><V15/><F46/><W130/><G130/><T118/><D118/><U4/><E44/><V104/><F104/><W55/><G55/><T125/><D125/><U45/><E45/><V36/><F36/><W60/><G60/><T126/><D126/><U133/><E133/><V78/><F54/><W67/><G67/><T81/><D81/><U32/><E32/><V47/><F47/><W89/><G97/><T99/><D99/><U63/><E63/><V76/><F78/><W113/><G6/><T56/><D56/><U19/><E4/><V53/><F53/><W9/><G37/><T86/><D86/><U72/><E3/><V114/><F41/><W103/><G38/><T35/><D35/><U101/><REACH who="1" step="1"/><E2/><REACH who="1" ten="275,168,215,322" step="2"/><V14/><F40/><W87/><G7/><T43/><D43/><U131/><E131/><V24/><F5/><W1/><G1/><T13/><D49/><U34/><E34/><V71/><F71/><W106/><G51/><T91/><D52/><U120/><E120/><V29/><F76/><W17/><G106/><RYUUKYOKU ba="2,2" sc="275,-10,168,30,215,-10,322,-10" hai1="19,21,23,26,28,72,73,74,100,101,102,110,111" /><INIT seed="4,3,2,3,3,26" ten="265,198,205,312" oya="0" hai0="35,77,48,51,69,34,103,73,113,65,13,22,17" hai1="37,46,90,107,85,111,27,44,108,131,116,19,67" hai2="54,102,71,23,75,3,118,97,106,72,45,11,135" hai3="91,95,42,88,57,81,49,50,2,84,36,117,32"/><T74/><D113/><U63/><E116/><V101/><F135/><W41/><G2/><T129/><D103/><U121/><E121/><V40/><F54/><N who="3" m="31951" /><G36/><T110/><D129/><U61/><E107/><V123/><F23/><W8/><G32/><T120/><D120/><U96/><E131/><V1/><F123/><W80/><G117/><T78/><D78/><U127/><E96/><V38/><F118/><W112/><G112/><T128/><D128/><U132/><E63/><V25/><F25/><W134/><G134/><T60/><D110/><U68/><E132/><V14/><F102/><W6/><G80/><T33/><REACH who="0" step="1"/><D77/><REACH who="0" ten="255,198,205,312" step="2"/><U94/><E111/><V98/><F101/><W104/><G104/><T126/><D126/><U18/><E108/><V115/><F106/><W21/><G91/><T82/><D82/><U56/><E127/><V86/><F115/><W122/><G81/><T125/><D125/><U99/><E90/><V29/><F97/><W30/><G122/><T114/><D114/><U62/><E99/><V76/><F98/><W39/><G88/><T109/><D109/><U133/><E133/><V70/><F76/><W43/><G95/><T89/><D89/><U83/><E94/><V79/><F79/><W119/><G119/><T52/><D52/><U31/><E83/><V47/><F86/><W100/><G84/><T7/><D7/><U59/><E85/><V12/><F40/><W28/><G100/><T58/><D58/><U15/><E59/><V55/><F55/><W87/><G87/><T5/><D5/><U124/><E124/><V24/><F70/><RYUUKYOKU ba="3,3" sc="255,30,198,-10,205,-10,312,-10" hai0="13,17,22,33,34,35,48,51,60,65,69,73,74" /><INIT seed="4,4,3,3,1,82" ten="285,188,195,302" oya="0" hai0="51,29,128,0,107,41,131,84,133,21,50,99,10" hai1="36,37,71,35,117,109,45,100,19,97,93,81,4" hai2="7,79,68,113,76,6,40,132,74,119,28,5,32" hai3="111,101,103,55,9,31,88,22,121,43,112,1,47"/><T83/><D133/><U26/><E117/><V95/><F119/><W46/><G111/><T124/><D124/><U108/><E71/><V25/><F132/><W72/><G72/><T70/><D70/><U23/><E35/><V24/><F68/><W62/><G112/><T16/><D41/><U44/><E4/><V91/><F74/><W102/><G121/><T89/><D29/><U126/><E126/><V3/><F3/><W20/><G1/><T59/><D59/><U116/><E116/><V114/><F25/><N who="3" m="16807" /><G43/><T30/><D30/><U105/><E105/><V104/><F40/><W80/><G9/><T27/><D107/><U120/><E120/><V78/><REACH who="2" step="1"/><F104/><REACH who="2" ten="285,188,185,302" step="2"/><W64/><G64/><T49/><REACH who="0" step="1"/><D99/><AGARI ba="4,4" hai="5,6,7,24,28,32,76,78,79,91,95,99,113,114" machi="99" ten="40,8000,1" yaku="1,1,2,1,53,2" doraHai="82" doraHaiUra="110" who="2" fromWho="0" sc="285,-92,188,0,185,132,302,0" /><INIT seed="5,0,0,1,3,19" ten="193,188,317,302" oya="1" hai0="27,61,36,76,72,51,125,63,123,135,86,29,0" hai1="120,94,10,112,95,56,3,39,5,1,122,117,57" hai2="100,2,79,107,54,89,88,83,90,96,102,121,38" hai3="6,71,25,82,15,11,113,17,55,84,42,48,91"/><U81/><E117/><V33/><F38/><W85/><G71/><T124/><D36/><U41/><E112/><V93/><F33/><W28/><G113/><T62/><D72/><U119/><E119/><V21/><F2/><W116/><G116/><T13/><D0/><U130/><E130/><V108/><F108/><W97/><G42/><T32/><D135/><U35/><E35/><V77/><F21/><N who="3" m="15407" /><G97/><T109/><D109/><U49/><E39/><V12/><F12/><W8/><G84/><T37/><D37/><U128/><E128/><V111/><F54/><W131/><G131/><T133/><D133/><U69/><E69/><V99/><F111/><W129/><G129/><T16/><D51/><U58/><E1/><V73/><F77/><W50/><G50/><T70/><D70/><U4/><E4/><V110/><F110/><W47/><G6/><T92/><D123/><AGARI ba="0,0" hai="73,79,83,88,89,90,93,96,99,100,102,107,121,123" machi="123" ten="40,8000,1" yaku="34,3,54,1" doraHai="19" who="2" fromWho="0" sc="193,-80,188,0,317,80,302,0" /><INIT seed="6,0,0,1,1,125" ten="113,188,397,302" oya="2" hai0="123,122,37,44,97,103,6,49,89,32,104,108,59" hai1="90,111,56,24,55,48,110,81,133,117,82,95,64" hai2="65,25,15,31,92,79,39,129,78,61,4,107,115" hai3="22,29,100,36,75,30,72,63,0,42,8,40,114"/><V54/><F107/><W105/><G114/><T9/><D108/><U5/><E117/><V120/><F120/><W51/><G36/><T124/><D124/><U109/><E133/><V91/><F39/><W113/><G113/><T128/><D128/><U121/><E121/><V43/><F129/><W71/><G51/><T7/><D32/><U10/><E24/><V34/><F54/><W35/><G22/><T83/><D37/><U87/><REACH who="1" step="1"/><E64/><REACH who="1" ten="113,178,397,302" step="2"/><V20/><F115/><W70/><G35/><T57/><D123/><U53/><E53/><V88/><F34/><W135/><G135/><T17/><D122/><U33/><E33/><V84/><F43/><W73/><G40/><T47/><D47/><U96/><E96/><V46/><F46/><W118/><G42/><T99/><D97/><U93/><E93/><V102/><F65/><W50/><G118/><T132/><D132/><U23/><E23/><V45/><F45/><W74/><G105/><T127/><D127/><U68/><E68/><V28/><F20/><W134/><G70/><T58/><D44/><U19/><E19/><V106/><F25/><W77/><G134/><T130/><D130/><U94/><E94/><V80/><F92/><W1/><G71/><T119/><D119/><U11/><E11/><V52/><F106/><W69/><G8/><T41/><D17/><U27/><E27/><V18/><F18/><W76/><G69/><T131/><D131/><U116/><E116/><V26/><F26/><W60/><G30/><T85/><D9/><U21/><E21/><V98/><F31/><W112/><G29/><RYUUKYOKU ba="0,1" sc="113,15,178,15,397,-15,302,-15" hai0="6,7,41,49,57,58,59,83,85,89,99,103,104" hai1="5,10,48,55,56,81,82,87,90,95,109,110,111" /><INIT seed="7,1,1,2,4,99" ten="128,193,382,287" oya="3" hai0="120,95,105,37,86,100,44,13,88,108,79,39,34" hai1="125,127,101,114,134,84,17,12,92,85,97,38,113" hai2="30,18,46,106,43,20,19,23,40,129,71,51,0" hai3="5,90,75,3,24,135,63,31,67,130,128,72,42"/><W50/><G135/><T61/><D108/><U57/><E38/><V110/><F71/><W74/><G90/><T58/><D34/><U66/><E134/><V115/><F110/><W77/><G77/><T76/><D120/><U81/><E66/><V124/><F115/><N who="1" m="44041" /><E57/><V96/><F129/><N who="3" m="49771" /><G5/><T28/><D28/><U53/><E53/><V103/><F0/><W2/><G50/><T132/><D132/><U102/><E102/><V121/><F121/><W104/><G104/><T60/><D60/><U122/><E122/><V9/><F9/><W36/><G42/><T65/><D13/><U94/><E94/><V82/><F43/><W123/><G36/><T35/><D35/><U16/><E17/><V118/><F118/><W98/><G98/><T119/><D119/><U27/><E27/><V83/><F30/><W22/><G123/><T73/><D44/><U62/><E62/><V59/><F124/><N who="1" m="47689" /><E81/><V107/><F106/><W11/><G11/><AGARI ba="1,1" hai="11,12,16,84,85,92,97,101" m="47689,44041" machi="11" ten="30,7700,0" yaku="15,1,18,1,52,1,54,1" doraHai="99" who="1" fromWho="3" sc="128,0,193,90,382,0,287,-80" owari="128,-37.0,283,8.0,382,48.0,207,-19.0" /></mjloggm>