<mjloggm ver="2.3"><GO type="225" lobby="0"/><UN n0="%E8%B1%86%E7%89%B9%EF%BC%A0%E6%B2%B3%E6%9D%91%E8%BB%8D%E5%9B%A3" n1="%E3%82%A6%E3%83%AB%E3%83%88%E3%83%A9%E7%AB%8B%E7%9B%B4" n2="%E3%81%AE%E3%82%8A%E5%BC%81" n3="%65%69%6B%31" dan="17,17,17,18" rate="2148.47,2104.24,2202.58,2122.55" sx="M,M,M,M"/><TAIKYOKU oya="0"/><INIT seed="0,0,0,2,4,60" ten="250,250,250,250" oya="0" hai0="25,8,130,2,89,36,105,91,132,74,70,55,103" hai1="109,125,53,41,1,88,106,56,127,12,110,22,40" hai2="69,27,76,82,99,31,107,90,117,51,15,47,87" hai3="112,57,135,16,10,120,118,97,17,9,62,66,108"/><T111/><D74/><U30/><E1/><V67/><F117/><W96/><G118/><T5/><D36/><U34/><E106/><V49/><F15/><W68/><G112/><T63/><D132/><U11/><E34/><N who="2" m="20863" /><F47/><W92/><G108/><N who="1" m="41578" /><E22/><V28/><F28/><W37/><G37/><T122/><D122/><U79/><E79/><V124/><F76/><W102/><G135/><T121/><D121/><U78/><E78/><V83/><F83/><W114/><G114/><T42/><D42/><N who="1" m="16491" /><E30/><V84/><F84/><W95/><G120/><T3/><D3/><U72/><E72/><V14/><F14/><W116/><G116/><T134/><D134/><U73/><E73/><V75/><F124/><W0/><G0/><T19/><D111/><U101/><E101/><N who="2" m="62911" /><F75/><W115/><G115/><T131/><D103/><U65/><E88/><N who="0" m="33865" /><D105/><U64/><E127/><V123/><F123/><W45/><G102/><T59/><D70/><U126/><E126/><V35/><F35/><W38/><G68/><T81/><D81/><U71/><E71/><V7/><F7/><W43/><G38/><T46/><D46/><U50/><E125/><V6/><F6/><AGARI ba="0,0" hai="6,11,12,50,53,56,64,65" m="16491,41578" machi="6" ten="30,3900,0" yaku="14,1,52,2" doraHai="60" who="1" fromWho="2" sc="250,0,250,39,250,-39,250,0" /><INIT seed="1,0,0,5,0,30" ten="250,289,211,250" oya="1" hai0="130,85,118,68,2,60,51,38,93,72,35,123,74" hai1="134,58,17,55,4,101,131,114,50,115,49,126,6" hai2="96,124,65,127,84,13,64,3,100,132,67,57,83" hai3="66,117,39,77,78,43,31,119,104,90,41,22,47"/><U69/><E69/><V0/><F132/><W82/><G104/><T106/><RYUUKYOKU type="yao9" ba="0,0" sc="250,0,289,0,211,0,250,0" hai0="2,35,38,51,60,68,72,74,85,93,106,118,123,130" /><INIT seed="1,1,0,5,0,101" ten="250,289,211,250" oya="1" hai0="31,66,96,88,22,58,62,13,7,135,75,118,133" hai1="97,47,76,89,110,37,59,113,120,46,35,91,12" hai2="98,29,71,106,36,95,64,49,122,86,127,68,85" hai3="34,63,92,79,1,28,117,6,134,78,43,27,82"/><U131/><E35/><V124/><F36/><W44/><G134/><N who="0" m="51211" /><D118/><U74/><E113/><V107/><F122/><W0/><G117/><T39/><D39/><U116/><E116/><V100/><F29/><W8/><G0/><T51/><D75/><U53/><E120/><V45/><F86/><W18/><G63/><T11/><D51/><U61/><E131/><V121/><F121/><W60/><G60/><T5/><D31/><U50/><E110/><V115/><F115/><W2/><G2/><T109/><D22/><U4/><E37/><V108/><F108/><W52/><G92/><N who="0" m="56327" /><D109/><U125/><E50/><V70/><F64/><W9/><G43/><T84/><D84/><U67/><E67/><V30/><F30/><W112/><G112/><T81/><D81/><U16/><E61/><V24/><F24/><W99/><G82/><T19/><AGARI ba="1,0" hai="5,7,11,13,19,58,62,66" m="56327,51211" machi="19" ten="30,2000,0" yaku="20,1,54,1" doraHai="101" who="0" fromWho="0" sc="250,23,289,-11,211,-6,250,-6" /><INIT seed="2,0,0,1,0,32" ten="273,278,205,244" oya="2" hai0="116,25,68,89,97,57,73,134,1,76,39,7,131" hai1="108,10,41,21,132,40,107,133,71,6,122,44,62" hai2="99,45,33,93,106,100,59,66,86,124,56,120,123" hai3="55,115,31,125,22,70,51,112,52,23,84,118,47"/><V53/><F33/><W91/><G118/><T101/><D89/><U67/><E107/><V96/><F124/><W82/><G125/><T117/><D57/><U119/><E119/><N who="0" m="45641" /><D25/><U5/><E108/><V83/><F66/><W38/><G38/><T36/><D68/><U16/><E122/><V43/><F43/><W12/><G70/><T128/><D134/><N who="1" m="51819" /><E44/><V80/><F45/><W75/><G75/><T13/><D13/><U69/><E69/><V26/><F26/><W98/><G55/><T35/><D35/><U20/><E20/><V3/><F3/><W127/><G127/><T28/><D28/><U111/><E111/><V19/><F19/><W54/><G54/><T94/><D76/><U50/><E50/><V87/><F93/><N who="3" m="56639" /><G31/><T42/><D73/><U15/><E5/><V110/><F110/><W61/><G61/><T65/><D65/><U64/><E64/><V37/><F53/><W60/><G60/><T92/><D92/><U81/><E81/><V135/><F135/><W18/><G23/><T77/><D77/><U17/><E17/><V79/><F37/><N who="0" m="14410" /><D42/><U113/><E113/><V63/><F63/><W105/><G105/><T88/><D101/><U85/><E85/><V2/><F2/><AGARI ba="0,0" hai="2,6,10,15,16,21,40,41,62,67,71" m="51819" machi="2" ten="30,3900,0" yaku="20,1,52,1,54,1" doraHai="32" who="1" fromWho="2" sc="273,0,278,39,205,-39,244,0" /><INIT seed="3,0,0,0,0,55" ten="273,317,166,244" oya="3" hai0="30,83,132,31,38,64,19,100,129,18,63,126,117" hai1="0,3,121,6,111,125,16,32,48,41,85,59,84" hai2="69,109,134,112,33,54,70,51,106,90,66,17,131" hai3="1,40,35,58,114,52,101,47,24,2,25,50,98"/><W115/><G2/><T28/><D117/><U7/><E32/><V128/><F106/><W108/><G1/><T26/><D38/><U91/><E121/><V56/><F33/><W45/><G108/><T96/><D132/><U53/><E3/><V14/><F109/><W4/><G4/><T44/><D129/><N who="2" m="49738" /><F90/><W61/><G47/><T119/><D126/><U71/><E71/><N who="2" m="27147" /><F17/><W29/><REACH who="3" step="1"/><G25/><REACH who="3" ten="273,317,166,234" step="2"/><T130/><D26/><U42/><E7/><V95/><F14/><W39/><G39/><T77/><D130/><U68/><E6/><V15/><F15/><W67/><G67/><T5/><D44/><U102/><E0/><V12/><F12/><W8/><G8/><T76/><D5/><U23/><E111/><V73/><F73/><W107/><AGARI ba="0,1" hai="24,29,35,40,45,50,52,58,61,98,101,107,114,115" machi="107" ten="20,12000,1" yaku="1,1,0,1,7,1,52,1,54,1,53,0" doraHai="55" doraHaiUra="60" who="3" fromWho="3" sc="273,-40,317,-40,166,-40,234,130" owari="233,-17.0,277,8.0,126,-37.0,364,46.0" /></mjloggm>