<mjloggm ver="2.3"><GO type="41" lobby="0"/><UN n0="%6D%69%6E%6F%6E%6E" n1="%28%EF%BD%80%E6%9D%B1%C2%B4%29" n2="%E5%B0%B1%E6%B4%BB%E7%94%9F%40%E5%B7%9D%E6%9D%91%E8%BB%8D%E5%9B%A3" n3="%E3%82%82%E3%81%A3%E3%81%A1%E3%82%83%E3%82%93%E2%85%A2" dan="14,13,17,13" rate="1906.40,1801.26,2211.96,1977.77" sx="M,M,M,M"/><TAIKYOKU oya="0"/><INIT seed="0,0,0,0,3,133" ten="250,250,250,250" oya="0" hai0="54,32,69,35,5,64,14,72,85,108,49,88,101" hai1="84,23,135,59,118,6,89,130,34,10,57,58,21" hai2="121,37,11,53,18,91,62,38,60,28,52,1,79" hai3="20,44,81,92,103,114,95,50,77,100,30,61,126"/><T78/><D108/><U24/><E118/><V80/><F121/><W2/><G114/><T134/><D134/><U4/><E135/><V27/><F37/><W16/><G2/><T3/><D101/><U116/><E116/><V122/><F38/><W22/><G61/><T82/><D3/><U102/><E102/><V127/><F127/><W124/><G30/><T65/><D69/><U99/><E99/><V12/><F1/><W83/><G50/><T104/><D104/><U33/><E130/><V112/><F112/><W97/><G44/><T9/><D35/><U76/><E76/><V132/><F132/><W41/><G41/><T0/><D0/><U48/><E10/><V47/><F122/><W26/><G77/><T111/><D32/><U107/><E107/><V129/><F129/><W39/><G39/><T25/><D25/><U29/><E23/><N who="2" m="15487" /><F79/><W109/><G109/><T7/><D7/><U63/><E33/><V75/><F75/><W67/><G67/><T66/><D111/><U45/><E34/><V19/><F19/><W128/><G128/><T31/><D31/><U96/><E96/><V15/><F15/><N who="3" m="9247" /><G95/><T106/><D106/><U17/><E29/><V74/><F74/><W36/><G36/><T131/><D131/><U94/><E63/><N who="2" m="24107" /><F47/><W73/><G100/><T68/><D68/><U51/><E51/><V43/><F43/><AGARI ba="0,0" hai="4,6,17,21,24,43,45,48,57,58,59,84,89,94" machi="43" ten="40,1300,0" yaku="8,1" doraHai="133" who="1" fromWho="2" sc="250,0,250,13,250,-13,250,0" /><INIT seed="1,0,0,0,3,77" ten="250,263,237,250" oya="1" hai0="85,116,114,56,36,43,60,48,58,39,119,75,24" hai1="94,55,11,113,123,92,70,12,133,134,111,83,80" hai2="9,50,100,120,112,46,53,47,16,86,49,82,3" hai3="102,62,99,19,28,35,96,110,121,90,66,21,61"/><U115/><E70/><V44/><F120/><W30/><G110/><T64/><D85/><U68/><E68/><V52/><F112/><N who="1" m="43081" /><E123/><V91/><F100/><W67/><G121/><T29/><D75/><U42/><E42/><V98/><F98/><N who="3" m="37419" /><G35/><T132/><D114/><U22/><E22/><V128/><F128/><W10/><G102/><T7/><D7/><N who="1" m="3199" /><E55/><N who="2" m="21067" /><F3/><W124/><G124/><T14/><D14/><AGARI ba="0,0" hai="9,14,16,44,46,47,49,50,82,86,91" m="21067" machi="14" ten="30,7700,0" yaku="8,1,52,1,54,2" doraHai="77" who="2" fromWho="0" sc="250,-77,263,0,237,77,250,0" /><INIT seed="2,0,0,4,2,111" ten="173,263,314,250" oya="2" hai0="49,27,88,22,35,69,130,135,25,58,15,52,4" hai1="94,80,103,75,50,66,98,13,31,102,97,41,37" hai2="9,79,115,134,20,2,78,116,51,46,70,114,40" hai3="21,11,56,124,57,32,42,87,106,86,71,63,133"/><V29/><F116/><W19/><G106/><T38/><D38/><U0/><E0/><V85/><F70/><W16/><G32/><T119/><D135/><U82/><E75/><V67/><F134/><W109/><G124/><T76/><D69/><U14/><E66/><V72/><F72/><W33/><G109/><T90/><D119/><U73/><E73/><V53/><F67/><W108/><G33/><T62/><D76/><U126/><E37/><V104/><F104/><W36/><G108/><T125/><D130/><U81/><E31/><V127/><F127/><W131/><G131/><T99/><D125/><U92/><REACH who="1" step="1"/><E126/><REACH who="1" ten="173,253,314,250" step="2"/><V107/><F2/><W132/><G36/><T44/><D35/><U118/><E118/><V95/><F107/><W26/><G132/><T96/><D4/><U83/><N who="1" m="20992" /><DORA hai="93" /><U18/><E18/><V128/><F128/><W12/><G133/><T39/><D39/><U43/><E43/><V48/><F79/><W113/><G42/><N who="0" m="24727" /><D15/><U1/><E1/><V101/><F78/><W123/><G71/><T100/><D27/><U28/><E28/><V112/><F29/><W61/><G123/><T8/><D8/><U59/><E59/><N who="3" m="22602" /><G113/><T24/><D24/><U55/><E55/><V5/><F9/><W7/><G7/><T74/><D74/><U23/><E23/><V45/><F5/><W10/><G10/><T122/><D122/><U77/><E77/><V60/><F20/><W91/><G91/><N who="0" m="34859" /><D100/><U105/><E105/><V120/><F120/><W6/><G6/><T117/><D117/><U34/><E34/><V64/><F112/><RYUUKYOKU ba="0,1" sc="173,10,253,10,314,-30,250,10" hai0="22,25,52,58,62,96,99" hai1="13,14,41,50,92,94,97,98,102,103" hai3="11,12,16,19,21,26,61,63,86,87" /><INIT seed="3,1,1,2,1,91" ten="183,263,284,260" oya="3" hai0="89,62,119,17,133,36,7,93,18,24,124,81,117" hai1="74,51,73,87,77,90,68,95,49,26,41,71,52" hai2="100,38,5,9,44,55,65,72,45,79,3,14,32" hai3="58,47,67,116,134,108,92,123,70,80,105,15,19"/><W86/><G134/><T113/><D36/><U69/><E77/><V53/><F32/><W25/><G105/><T37/><D37/><U131/><E131/><V56/><F100/><W107/><G116/><T121/><D121/><U40/><E26/><V21/><F65/><W1/><G107/><T135/><D124/><U102/><E102/><V27/><F3/><W126/><G126/><T60/><D7/><U75/><REACH who="1" step="1"/><E51/><REACH who="1" ten="183,253,284,260" step="2"/><V103/><F103/><W22/><G123/><T20/><D113/><U11/><E11/><V132/><F79/><W106/><G106/><T83/><D117/><U111/><E111/><V110/><F110/><W99/><G108/><T61/><D119/><U101/><E101/><V33/><F132/><N who="0" m="50762" /><D18/><U120/><E120/><V54/><F72/><W112/><G112/><T16/><D17/><U31/><E31/><N who="2" m="17903" /><F38/><W82/><G1/><T98/><AGARI ba="1,2" hai="16,20,24,60,61,62,81,83,89,93,98" m="50762" machi="98" ten="30,4000,0" yaku="20,1,52,1,54,1" doraHai="91" who="0" fromWho="0" sc="183,63,253,-11,284,-11,260,-21" /><INIT seed="4,0,0,5,3,22" ten="246,242,273,239" oya="0" hai0="33,80,57,122,7,67,73,68,81,96,49,117,97" hai1="78,53,31,111,132,87,100,23,92,129,12,42,127" hai2="56,118,15,115,110,93,40,99,74,20,50,95,121" hai3="65,0,131,45,16,63,25,76,54,134,130,133,109"/><T104/><D122/><U41/><E111/><V2/><F110/><W112/><G0/><T61/><D33/><U60/><E129/><N who="3" m="49162" /><G109/><T13/><D117/><U119/><E119/><V101/><F2/><W44/><G76/><T102/><D73/><U39/><E132/><N who="3" m="50794" /><G112/><T27/><D96/><N who="1" m="59399" /><E39/><V4/><F74/><W1/><G1/><T58/><D68/><U26/><E12/><V29/><F115/><W51/><G45/><T105/><D104/><U47/><E47/><V10/><F121/><W114/><G114/><T30/><D13/><U124/><E87/><V43/><F118/><W72/><G72/><T19/><D7/><U3/><E78/><V6/><F6/><W116/><G116/><T55/><REACH who="0" step="1"/><D30/><REACH who="0" ten="236,242,273,239" step="2"/><U36/><E3/><V5/><F5/><W21/><G65/><T90/><D90/><U77/><E31/><V91/><F29/><W79/><G79/><T46/><D46/><U34/><E77/><V98/><F20/><AGARI ba="0,1" hai="19,20,27,49,55,57,58,61,67,80,81,97,102,105" machi="20" ten="40,3900,0" yaku="1,1,52,1,53,0" doraHai="22" doraHaiUra="113" who="0" fromWho="2" sc="236,49,242,0,273,-39,239,0" /><INIT seed="4,1,0,4,1,20" ten="285,242,234,239" oya="0" hai0="22,104,75,99,95,10,111,70,11,68,135,18,115" hai1="15,54,86,73,7,93,96,16,119,48,77,25,43" hai2="116,36,123,31,80,117,128,57,107,12,130,9,78" hai3="122,49,45,46,131,133,134,52,30,102,112,8,106"/><T17/><D115/><U19/><E119/><N who="2" m="45643" /><F36/><W101/><G112/><T27/><D111/><U62/><E73/><N who="2" m="43087" /><F107/><W72/><G72/><T23/><D75/><U129/><E62/><V56/><F31/><W118/><G118/><T59/><D104/><U98/><E43/><V90/><F90/><W60/><G131/><N who="2" m="50217" /><F123/><W124/><G124/><T84/><D70/><U61/><E61/><V14/><F14/><W126/><G8/><T92/><D68/><U82/><E7/><AGARI ba="1,0" hai="7,9,12,56,57" m="50217,43087,45643" machi="7" ten="30,2000,0" yaku="12,1,19,1" doraHai="20" who="2" fromWho="1" sc="285,0,242,-23,234,23,239,0" /><INIT seed="5,0,0,1,1,16" ten="285,219,257,239" oya="1" hai0="135,85,99,43,112,33,82,106,92,34,81,107,63" hai1="5,84,58,125,94,19,90,48,89,30,49,26,59" hai2="110,119,39,133,61,111,116,4,45,124,68,56,109" hai3="15,47,123,1,10,9,54,86,66,11,104,6,88"/><U50/><E125/><V2/><F2/><W64/><G104/><T40/><D112/><U17/><E5/><V46/><F4/><W73/><G73/><T41/><D63/><U52/><E59/><V105/><F105/><N who="0" m="39946" /><D99/><U53/><E53/><N who="2" m="33935" /><F124/><W44/><G123/><T70/><D70/><U108/><E108/><V35/><F35/><N who="0" m="13322" /><D92/><N who="1" m="54311" /><E26/><V128/><F128/><W67/><G1/><T32/><N who="0" m="13330" /><T0/><DORA hai="76" /><D0/><U79/><E79/><V120/><F120/><W83/><G47/><N who="2" m="17929" /><F133/><W20/><G44/><T36/><D85/><N who="1" m="52559" /><E30/><V42/><F68/><W60/><G6/><T7/><D7/><U103/><E103/><V117/><F42/><W72/><G72/><T57/><D57/><U93/><E93/><V96/><F96/><W69/><G54/><T102/><D102/><U62/><AGARI ba="0,0" hai="17,19,48,49,50,52,58,62" m="52559,54311" machi="62" ten="30,3000,0" yaku="8,1,54,1" doraHai="16,76" who="1" fromWho="1" sc="285,-10,219,30,257,-10,239,-10" /><INIT seed="5,1,0,0,1,63" ten="275,249,247,229" oya="1" hai0="61,59,125,104,123,35,55,84,134,31,8,130,105" hai1="127,119,47,101,129,124,4,17,113,50,112,90,77" hai2="32,1,99,109,80,30,26,49,60,3,56,120,23" hai3="64,48,75,128,121,71,10,116,37,28,44,87,69"/><U74/><E119/><V106/><F120/><W82/><G75/><T33/><D123/><U29/><E29/><V9/><F109/><W131/><G121/><T114/><D114/><N who="1" m="44139" /><E4/><V96/><F32/><W21/><G37/><T126/><D134/><U67/><E67/><V54/><F106/><W24/><G116/><T83/><D130/><N who="3" m="49705" /><G10/><T133/><D133/><U111/><E90/><V103/><F103/><W85/><G71/><T52/><D8/><U97/><E17/><V53/><F80/><W122/><G122/><T42/><D42/><N who="1" m="24951" /><E111/><V34/><F34/><N who="0" m="12810" /><D31/><U2/><E2/><V16/><F1/><W132/><G132/><T110/><D110/><U5/><E5/><V68/><F68/><W19/><G19/><T43/><D43/><U102/><E129/><V100/><F100/><N who="1" m="38505" /><E97/><V11/><F3/><W7/><G7/><T6/><D6/><U41/><E41/><V0/><F0/><W12/><G12/><T88/><D55/><U57/><E57/><N who="2" m="32943" /><F11/><W81/><G69/><T135/><D135/><U13/><E13/><AGARI ba="1,0" hai="9,13,16,23,26,30,54,56,60,96,99" m="32943" machi="13" ten="30,2000,0" yaku="8,1,54,1" doraHai="63" who="2" fromWho="1" sc="275,0,249,-23,247,23,229,0" /><INIT seed="6,0,0,5,2,37" ten="275,226,270,229" oya="2" hai0="77,91,12,11,7,88,108,5,125,42,105,67,80" hai1="56,13,133,64,84,50,104,57,43,114,31,35,17" hai2="54,103,9,122,33,61,39,124,32,29,73,59,102" hai3="0,58,86,129,53,19,6,18,28,93,22,62,30"/><V89/><F122/><W87/><G129/><T16/><D105/><U120/><E104/><V115/><F73/><W116/><G116/><T96/><D108/><U26/><E114/><V47/><F115/><W51/><G6/><T27/><D67/><U94/><E120/><V119/><F119/><W83/><G0/><T128/><D125/><U98/><E84/><V24/><F124/><W63/><G19/><T41/><D128/><U55/><E133/><V44/><F33/><W126/><G126/><T8/><D27/><U123/><E123/><V38/><F89/><N who="0" m="34378" /><D96/><U46/><E64/><V60/><F60/><N who="3" m="23083" /><G93/><T71/><D71/><U78/><E78/><V70/><F70/><W48/><G86/><N who="0" m="48399" /><D8/><U69/><E69/><V130/><F130/><W68/><G68/><T23/><D11/><U100/><E55/><V40/><F9/><AGARI ba="0,0" hai="9,13,17,26,31,35,43,46,50,56,57,94,98,100" machi="9" ten="30,2000,0" yaku="7,1,52,1" doraHai="37" who="1" fromWho="2" sc="275,0,226,20,270,-20,229,0" /><INIT seed="7,0,0,3,1,30" ten="275,246,250,229" oya="3" hai0="91,55,20,8,102,45,110,9,52,22,24,50,6" hai1="63,130,104,96,57,43,68,107,2,27,41,42,7" hai2="126,115,28,82,73,109,51,49,44,15,88,105,26" hai3="111,79,4,69,33,129,101,125,103,60,76,5,3"/><W100/><G3/><T29/><D110/><U98/><E130/><V78/><F109/><W113/><G111/><T83/><D102/><U67/><E2/><V77/><F105/><W120/><G129/><T0/><D9/><U59/><E7/><V133/><F126/><W34/><G120/><T128/><D128/><U80/><E27/><V11/><F133/><W99/><G125/><T40/><D83/><U114/><E80/><V127/><F115/><W1/><G99/><T39/><D91/><U54/><E114/><V21/><F127/><W14/><G113/><T62/><D62/><U94/><E96/><V84/><F73/><W53/><G14/><T12/><D0/><U92/><E92/><V108/><F51/><W61/><G1/><T48/><D39/><U70/><E70/><V119/><F119/><W86/><G53/><T122/><D122/><U65/><E65/><V72/><F72/><W131/><G131/><T13/><D48/><U37/><E37/><V32/><F32/><N who="3" m="12395" /><G86/><T90/><D90/><U17/><E68/><V75/><F75/><W93/><G93/><T117/><D117/><U135/><E135/><V134/><F134/><W47/><G47/><T95/><D95/><U89/><REACH who="1" step="1"/><E17/><AGARI ba="0,0" hai="6,8,12,13,17,20,22,24,29,40,45,50,52,55" machi="17" ten="40,2600,0" yaku="8,1,54,1" doraHai="30" who="0" fromWho="1" sc="275,26,246,-26,250,0,229,0" owari="301,40.0,220,-28.0,250,5.0,229,-17.0" /></mjloggm>