<mjloggm ver="2.3"><GO type="225" lobby="0"/><UN n0="%E2%80%BB%34%33%33%E2%80%BB" n1="%79%6F%75%37%37%37" n2="%E3%81%9F%E3%81%8C%E3%81%BF%E5%89%9B" n3="%E3%82%A6%E3%83%AB%E3%83%88%E3%83%A9%E7%AB%8B%E7%9B%B4" dan="16,16,16,17" rate="2111.96,2088.56,2069.29,2159.86" sx="M,M,M,M"/><TAIKYOKU oya="0"/><INIT seed="0,0,0,1,2,29" ten="250,250,250,250" oya="0" hai0="21,1,96,118,67,53,82,5,98,121,112,39,123" hai1="24,101,74,51,22,99,133,126,103,128,122,69,2" hai2="104,89,25,61,41,73,71,81,86,48,50,116,60" hai3="120,58,0,68,4,135,17,84,6,56,20,46,34"/><T59/><D118/><U65/><E122/><V119/><F104/><W72/><G72/><T117/><D117/><N who="2" m="45130" /><F73/><W36/><G68/><T125/><D112/><U42/><E2/><V97/><F97/><W27/><G120/><T124/><D39/><U127/><E74/><V62/><F71/><W43/><G135/><T57/><D123/><U131/><E65/><V78/><F78/><W113/><G113/><T37/><D121/><U33/><E69/><V23/><F41/><W80/><G34/><T108/><D37/><U70/><E70/><V66/><F66/><W54/><G0/><T100/><D67/><U19/><E33/><V105/><F105/><W35/><G35/><T134/><D134/><U9/><E9/><V18/><AGARI ba="0,0" hai="18,23,25,48,50,60,61,62,81,86,89" m="45130" machi="18" ten="30,1100,0" yaku="12,1" doraHai="29" who="2" fromWho="2" sc="250,-5,250,-3,250,11,250,-3" /><INIT seed="1,0,0,5,1,61" ten="245,247,261,247" oya="1" hai0="40,105,54,74,3,22,65,108,45,118,11,21,113" hai1="76,64,68,134,39,32,62,35,115,103,36,110,16" hai2="59,70,124,19,31,89,112,121,17,27,130,20,80" hai3="83,122,69,92,51,84,43,102,129,23,33,93,116"/><U49/><E115/><V2/><F121/><W87/><G33/><T67/><D113/><U46/><E134/><V86/><F112/><W135/><G69/><T25/><D118/><U47/><E110/><V13/><F70/><W57/><G122/><T55/><D105/><U94/><E76/><V53/><F2/><W107/><G135/><T7/><D108/><U44/><E49/><V128/><F124/><W73/><G73/><T95/><D74/><U77/><E77/><V120/><F120/><W28/><G107/><T58/><D95/><U10/><E32/><V48/><REACH who="2" step="1"/><F19/><REACH who="2" ten="245,247,251,247" step="2"/><W117/><G117/><T97/><D3/><U88/><E35/><AGARI ba="0,1" hai="13,17,20,27,31,35,48,53,59,80,86,89,128,130" machi="35" ten="40,8000,1" yaku="1,1,2,1,53,2" doraHai="61" doraHaiUra="127" who="2" fromWho="1" sc="245,0,247,-80,251,90,247,0" /><INIT seed="2,0,0,0,3,116" ten="245,167,341,247" oya="2" hai0="20,9,33,1,51,18,10,110,63,130,90,31,27" hai1="88,25,58,55,6,48,7,12,59,14,23,122,45" hai2="42,62,95,72,79,97,123,32,70,87,131,66,52" hai3="107,3,54,86,17,8,34,96,69,119,53,75,89"/><V115/><F115/><W68/><G34/><T44/><D130/><U76/><E122/><V105/><F32/><W103/><G119/><T112/><D112/><U81/><E6/><V101/><F42/><W61/><G3/><T71/><D110/><U16/><E7/><V46/><F131/><W91/><G91/><T22/><D22/><U121/><E121/><V26/><F26/><W0/><G0/><T67/><D90/><U13/><REACH who="1" step="1"/><E88/><REACH who="1" ten="245,157,341,247" step="2"/><V60/><F60/><W109/><G89/><T99/><D1/><U129/><E129/><V111/><F62/><W2/><G61/><T64/><D99/><U11/><E11/><V21/><F111/><W113/><G8/><T84/><D10/><U135/><E135/><V85/><F97/><W82/><G2/><T127/><D9/><U41/><E41/><V118/><F118/><W74/><G109/><T106/><D127/><U78/><E78/><V117/><F79/><W92/><G96/><T104/><D67/><U28/><E28/><V124/><F66/><W100/><G113/><T50/><D31/><U120/><E120/><V128/><F123/><W83/><G17/><T29/><D18/><U126/><E126/><V30/><F128/><W39/><G83/><T36/><D29/><U5/><E5/><V47/><F124/><W37/><G82/><T94/><D64/><U125/><E125/><V93/><F30/><W108/><G108/><T4/><D4/><U98/><E98/><V132/><F117/><W49/><G100/><T19/><D19/><U24/><E24/><V65/><F65/><W57/><G103/><RYUUKYOKU ba="0,1" sc="245,-10,157,30,341,-10,247,-10" hai1="12,13,14,16,23,25,45,48,55,58,59,76,81" /><INIT seed="3,1,1,4,4,5" ten="235,187,331,237" oya="3" hai0="25,126,74,42,132,59,28,26,108,106,80,6,46" hai1="36,129,88,134,116,30,115,16,57,100,48,1,127" hai2="65,121,69,107,68,49,105,55,56,114,50,98,123" hai3="23,34,113,120,75,95,58,14,124,91,33,43,89"/><W72/><G120/><N who="2" m="46153" /><F114/><W97/><G113/><T54/><D106/><N who="2" m="40458" /><F98/><W110/><G43/><T9/><D108/><U81/><E115/><V35/><F35/><W104/><G104/><T82/><D132/><U51/><E116/><V130/><F130/><W96/><G124/><T3/><D126/><U31/><E127/><V10/><F10/><W61/><G110/><T52/><D54/><N who="1" m="31967" /><E36/><V44/><F65/><W128/><G128/><T20/><D26/><U66/><E1/><V45/><F50/><W135/><G135/><T41/><D41/><U60/><E100/><V64/><F64/><W37/><G37/><T15/><D3/><U112/><E112/><V39/><F39/><W101/><G72/><T24/><D24/><U117/><E117/><V86/><F86/><W133/><G75/><T125/><D74/><U40/><E134/><V84/><F84/><W73/><G73/><T78/><D78/><U109/><E109/><V118/><F118/><W94/><G133/><T111/><D111/><U85/><E129/><V53/><F53/><W22/><G101/><T90/><D90/><U13/><E60/><V119/><F119/><W83/><G61/><N who="0" m="36071" /><D125/><U131/><E66/><V76/><F76/><W17/><G34/><T29/><D42/><U103/><E103/><V122/><F122/><W18/><G33/><T77/><D77/><U47/><E131/><V2/><F2/><W12/><G58/><T70/><D70/><AGARI ba="1,1" hai="44,45,49,55,56,68,69,70" m="40458,46153" machi="70" ten="40,1300,0" yaku="13,1" doraHai="5" who="2" fromWho="0" sc="235,-16,187,0,331,26,237,0" owari="219,-18.0,187,-31.0,357,45.0,237,4.0" /></mjloggm>