<mjloggm ver="2.3"><GO type="225" lobby="0"/><UN n0="%E3%83%AD%E3%83%9C%E3%82%B3%E3%83%97" n1="%E3%82%AB%E3%83%A9%E3%82%B9%E3%81%AE%E5%AD%90" n2="%E6%84%9B%E5%AE%95%E3%83%8D%E3%82%AD%E3%80%82" n3="%E3%82%A6%E3%83%AB%E3%83%88%E3%83%A9%E7%AB%8B%E7%9B%B4" dan="17,17,16,17" rate="2165.22,2144.96,2152.56,2161.18" sx="M,M,M,M"/><TAIKYOKU oya="0"/><INIT seed="0,0,0,0,4,59" ten="250,250,250,250" oya="0" hai0="43,56,130,88,18,27,89,36,17,131,32,96,104" hai1="29,133,93,71,24,5,60,86,90,37,115,15,12" hai2="58,51,118,55,123,47,128,22,23,69,112,49,103" hai3="57,92,9,81,8,3,127,119,78,33,111,50,80"/><T41/><D36/><U13/><E37/><V28/><F123/><W117/><G33/><T100/><D56/><U125/><E133/><V77/><F112/><W45/><G127/><T99/><D32/><U52/><E125/><V30/><F69/><W53/><G111/><T85/><D99/><U98/><E115/><V87/><F118/><W54/><G81/><T108/><D89/><U97/><E5/><V68/><F103/><W66/><G66/><T64/><D64/><U6/><E6/><V107/><F107/><W16/><G92/><T61/><D61/><U126/><E126/><V7/><F7/><W2/><G2/><T70/><D108/><U84/><E86/><V0/><F0/><W31/><G31/><T75/><D75/><U79/><E79/><V39/><F39/><W94/><G94/><T76/><D76/><U129/><E129/><N who="0" m="49161" /><D70/><U91/><E91/><V10/><F68/><W114/><G114/><T121/><D121/><U48/><E71/><V72/><F72/><W110/><G110/><T134/><D134/><U62/><E98/><V116/><F128/><W4/><G78/><T120/><D120/><U35/><REACH who="1" step="1"/><E97/><REACH who="1" ten="250,240,250,250" step="2"/><V74/><F77/><W82/><G117/><T67/><D96/><U122/><E122/><V105/><F116/><W132/><G119/><T42/><D85/><U95/><E95/><V21/><F87/><W73/><G132/><T34/><D88/><U14/><N who="1" m="3072" /><DORA hai="25" /><U135/><E135/><V109/><F109/><W113/><G113/><T65/><D104/><U101/><E101/><V106/><F106/><W26/><G73/><RYUUKYOKU ba="0,1" sc="250,-10,240,30,250,-10,250,-10" hai1="24,29,35,48,52,60,62,84,90,93" /><INIT seed="1,1,1,5,3,113" ten="240,270,240,240" oya="1" hai0="110,52,125,27,90,130,31,54,22,23,14,57,32" hai1="33,47,117,85,127,56,18,84,68,120,101,80,133" hai2="40,83,8,30,119,3,79,24,131,107,12,0,106" hai3="38,17,19,48,78,96,45,115,81,93,50,15,35"/><U9/><E120/><V129/><F40/><W66/><G35/><T104/><D104/><N who="2" m="39978" /><F119/><W72/><G115/><T98/><D54/><U69/><E33/><N who="2" m="20679" /><F12/><W109/><G109/><T37/><D37/><U11/><E117/><V126/><F126/><W73/><G73/><T5/><D125/><U53/><E127/><V21/><F21/><W10/><G66/><T102/><D110/><U2/><E133/><V118/><F118/><W65/><G65/><T51/><D90/><U36/><E36/><V39/><F39/><W63/><G63/><T71/><D71/><U49/><E69/><V92/><F92/><W105/><G105/><T91/><D91/><U55/><E68/><V134/><F134/><W28/><G28/><T124/><D124/><U62/><E2/><N who="2" m="555" /><F8/><W132/><G132/><T103/><D23/><U60/><E101/><V121/><F121/><W86/><G72/><AGARI ba="1,1" hai="72,79,83,129,131" m="555,20679,39978" machi="72" ten="30,1000,0" yaku="23,1" doraHai="113" who="2" fromWho="3" sc="240,0,270,0,240,23,240,-13" /><INIT seed="2,0,0,1,5,86" ten="240,270,263,227" oya="2" hai0="10,42,130,121,109,21,87,46,92,75,88,48,134" hai1="59,90,106,40,115,32,72,38,77,135,69,113,68" hai2="12,125,126,116,13,98,81,94,24,15,60,6,58" hai3="17,96,4,63,124,0,5,89,83,71,61,84,120"/><V20/><F116/><W34/><G34/><T80/><D121/><U37/><E59/><V1/><F81/><W119/><G119/><T25/><D109/><U52/><E135/><V16/><F1/><W101/><G120/><T23/><D134/><U93/><E106/><V35/><F35/><W55/><G124/><T111/><D111/><U82/><E32/><V26/><F26/><W30/><G30/><T110/><D110/><U18/><E18/><V22/><F6/><W91/><G0/><T62/><D130/><U39/><E40/><V132/><F132/><W41/><G41/><T45/><D62/><N who="3" m="23561" /><G71/><T31/><D46/><U7/><E7/><N who="3" m="2634" /><G55/><T14/><D23/><U99/><REACH who="1" step="1"/><E52/><REACH who="1" ten="240,260,263,227" step="2"/><N who="2" m="33863" /><F126/><W33/><G33/><T65/><D42/><U112/><AGARI ba="0,1" hai="37,38,39,68,69,72,77,82,90,93,99,112,113,115" machi="112" ten="40,12000,2" yaku="1,1,0,1,52,1,53,3" doraHai="86" doraHaiUra="70" who="1" fromWho="1" sc="240,-30,260,130,263,-60,227,-30" /><INIT seed="3,0,0,4,4,28" ten="210,390,203,197" oya="3" hai0="41,124,116,36,3,64,134,19,80,23,69,92,24" hai1="55,29,4,1,34,120,78,87,79,45,35,122,65" hai2="117,71,109,119,131,102,81,46,103,135,68,100,31" hai3="38,49,15,17,22,25,118,73,129,93,42,11,56"/><W90/><G118/><T51/><D116/><U125/><E65/><V30/><F109/><W10/><G129/><T115/><D3/><U5/><E29/><V101/><F101/><W43/><G73/><T104/><D36/><U20/><E20/><V91/><F131/><W44/><G38/><T21/><D104/><U74/><E74/><V98/><F102/><W47/><G47/><T57/><D69/><U110/><E110/><V82/><F91/><W12/><G56/><T6/><D6/><U14/><E1/><V89/><F89/><W53/><G15/><T111/><D24/><U0/><E0/><V113/><F46/><W86/><REACH who="3" step="1"/><G11/><REACH who="3" ten="210,390,203,187" step="2"/><T9/><D9/><U108/><E14/><V40/><F113/><W48/><G48/><T114/><D115/><U63/><E45/><V121/><F121/><W106/><G106/><T75/><D114/><U85/><E120/><V62/><F62/><W132/><G132/><T72/><D134/><U77/><E122/><V32/><F135/><W59/><G59/><T99/><D57/><U84/><E63/><V61/><F61/><W83/><G83/><T66/><D80/><U128/><E128/><V133/><F133/><W7/><AGARI ba="0,1" hai="7,10,12,17,22,25,42,43,44,49,53,86,90,93" machi="7" ten="20,7800,0" yaku="1,1,0,1,7,1,8,1,53,0" doraHai="28" doraHaiUra="126" who="3" fromWho="3" sc="210,-26,390,-26,203,-26,187,88" /><INIT seed="3,1,0,1,0,35" ten="184,364,177,275" oya="3" hai0="86,53,1,64,21,48,114,92,18,42,46,69,110" hai1="131,78,115,118,98,99,107,102,89,57,2,116,4" hai2="103,34,10,16,77,39,61,120,55,133,45,11,75" hai3="3,96,93,65,22,134,94,40,41,43,127,33,125"/><W101/><G33/><T97/><D110/><U71/><E115/><V49/><F34/><W19/><G65/><T123/><D1/><U26/><E71/><V104/><F39/><W68/><G68/><T128/><D123/><U38/><E38/><V66/><F120/><W24/><G134/><T70/><D114/><U56/><E131/><V13/><F133/><W8/><G94/><T106/><D106/><U121/><E121/><V95/><F104/><W29/><G19/><T105/><D105/><U85/><E98/><N who="2" m="59871" /><F75/><W126/><G8/><T32/><D32/><U100/><E100/><V50/><F77/><W20/><G20/><T14/><D86/><U63/><E26/><V112/><F112/><W28/><G28/><T76/><D76/><U0/><E4/><V54/><F61/><W15/><G15/><T79/><D79/><U47/><E47/><N who="2" m="27967" /><F66/><W109/><G109/><T117/><D117/><N who="1" m="45163" /><E78/><V9/><AGARI ba="1,0" hai="9,10,11,13,16,45,50,55" m="27967,59871" machi="9" ten="30,2000,0" yaku="8,1,54,1" doraHai="35" who="2" fromWho="2" sc="184,-6,364,-6,177,23,275,-11" owari="178,-32.0,358,46.0,200,-20.0,264,6.0" /></mjloggm>