<mjloggm ver="2.3"><GO type="169" lobby="0"/><UN n0="%E3%82%A6%E3%83%AB%E3%83%88%E3%83%A9%E7%AB%8B%E7%9B%B4" n1="%E6%96%B0%E4%B8%96%E7%95%8C%E3%81%AE%E7%B4%99" n2="%64%6F%6F%6F%6F%77%79" n3="%44%26%46" dan="18,17,16,16" rate="2194.73,2198.14,2099.38,2071.95" sx="M,F,M,M"/><TAIKYOKU oya="0"/><INIT seed="0,0,0,2,1,105" ten="250,250,250,250" oya="0" hai0="69,32,76,77,46,103,127,20,125,29,61,21,130" hai1="92,118,65,135,30,0,67,81,58,84,95,6,121" hai2="73,60,83,42,51,72,111,124,113,25,50,109,33" hai3="44,34,82,56,96,22,28,62,114,39,120,75,38"/><T11/><D103/><U59/><E118/><V133/><F113/><W126/><G114/><T131/><D11/><U70/><E121/><V40/><F83/><W78/><G126/><N who="0" m="48139" /><D46/><U9/><E135/><V93/><F93/><W119/><G119/><T100/><D100/><U54/><E70/><V36/><F124/><W102/><G120/><T15/><D69/><U86/><E30/><N who="2" m="19663" /><F60/><W37/><G44/><T24/><D61/><U79/><E86/><V64/><F64/><W110/><G110/><N who="2" m="41993" /><F133/><W99/><G34/><T122/><D122/><U48/><E65/><V3/><F3/><W97/><G102/><T101/><D101/><U94/><E67/><V8/><F8/><W2/><G2/><T134/><D134/><U89/><REACH who="1" step="1"/><E59/><REACH who="1" ten="250,240,250,250" step="2"/><V23/><F23/><W49/><G22/><T115/><D115/><U107/><E107/><V55/><F36/><W87/><G39/><T4/><D21/><U132/><E132/><V116/><F116/><W52/><G38/><T112/><D112/><U123/><E123/><V104/><F104/><W47/><G37/><T53/><D20/><U7/><E7/><V80/><F80/><W1/><G87/><T41/><D4/><U91/><AGARI ba="0,1" hai="0,6,9,48,54,58,79,81,84,89,91,92,94,95" machi="91" ten="30,2000,0" yaku="1,1,0,1,53,0" doraHai="105" doraHaiUra="26" who="1" fromWho="1" sc="250,-10,240,30,250,-5,250,-5" /><INIT seed="1,0,0,1,3,36" ten="240,270,245,245" oya="1" hai0="131,23,100,18,67,82,125,59,128,65,63,134,48" hai1="117,64,83,28,12,3,70,2,38,112,104,118,1" hai2="54,46,40,77,121,13,7,96,22,105,113,42,122" hai3="101,33,80,44,17,19,25,50,99,74,58,41,93"/><U69/><E12/><V87/><F105/><W16/><G58/><T34/><D34/><U103/><E112/><V133/><F96/><W43/><G74/><T24/><D125/><U98/><E83/><N who="2" m="47599" /><F113/><W61/><G61/><T72/><D134/><U71/><E28/><V73/><F73/><W85/><G33/><T39/><D39/><U76/><E76/><V55/><F133/><W45/><G45/><T114/><D114/><U123/><E123/><V120/><F22/><W9/><G9/><T102/><D67/><U79/><E79/><V95/><F95/><W84/><G84/><T91/><D72/><U111/><E111/><V132/><F42/><N who="3" m="24855" /><G25/><T57/><D131/><U35/><E35/><V8/><F132/><W135/><G135/><T52/><D128/><U21/><E21/><V56/><F56/><W75/><G75/><T31/><D31/><U124/><E124/><V5/><F5/><W88/><AGARI ba="0,0" hai="16,17,19,41,43,80,85,88,93,99,101" m="24855" machi="88" ten="30,12000,2" yaku="8,1,52,3,54,2" doraHai="36" who="3" fromWho="3" sc="240,-30,270,-60,245,-30,245,120" /><INIT seed="2,0,0,4,2,128" ten="210,210,215,365" oya="2" hai0="118,88,99,132,78,106,6,125,91,107,102,104,43" hai1="65,0,37,16,74,17,83,9,28,54,42,11,98" hai2="70,39,129,40,79,112,29,19,51,55,72,69,124" hai3="94,71,119,114,95,80,117,92,134,135,84,36,52"/><V7/><F129/><W59/><G71/><T103/><D6/><U56/><E65/><V27/><F112/><W67/><G67/><T130/><D43/><U89/><E28/><V50/><F7/><W82/><G36/><T127/><D130/><U38/><E0/><V86/><F72/><W73/><G73/><T23/><D23/><U24/><E74/><V45/><F19/><W25/><G25/><T87/><D118/><U93/><E38/><V133/><F124/><N who="0" m="47690" /><D132/><N who="3" m="50729" /><G114/><T5/><D5/><U111/><E37/><V76/><F133/><W131/><G131/><T110/><D110/><U22/><E111/><V63/><F86/><W49/><G82/><N who="0" m="47575" /><D103/><U53/><E83/><V97/><F97/><W8/><G8/><T57/><D57/><U58/><E58/><V68/><F63/><W60/><G60/><T109/><D109/><U121/><E56/><V10/><F10/><W101/><G101/><T105/><AGARI ba="0,0" hai="88,91,99,102,104,105,106,107" m="47575,47690" machi="105" ten="40,8000,1" yaku="18,1,34,2,54,1" doraHai="128" who="0" fromWho="0" sc="210,80,210,-20,215,-40,365,-20" /><INIT seed="3,0,0,2,0,24" ten="290,190,175,345" oya="3" hai0="89,135,62,1,35,23,87,66,46,73,103,93,70" hai1="117,29,8,41,60,55,121,86,88,106,109,107,45" hai2="30,12,38,95,16,119,40,98,31,2,85,96,28" hai3="22,118,90,51,97,84,122,4,81,59,7,133,94"/><W18/><G118/><T71/><D1/><U48/><E121/><V113/><F2/><W75/><G75/><T15/><D73/><U61/><E117/><V53/><F119/><W78/><G133/><T134/><D35/><U47/><E109/><V42/><F113/><W77/><G77/><T5/><D103/><U131/><E131/><V83/><F53/><N who="3" m="32191" /><G122/><T6/><D46/><U115/><E115/><V50/><F38/><W25/><AGARI ba="0,0" hai="4,7,18,22,25,78,81,84,90,94,97" m="32191" machi="25" ten="30,1500,0" yaku="8,1" doraHai="24" who="3" fromWho="3" sc="290,-5,190,-5,175,-5,345,15" /><INIT seed="3,1,0,1,2,15" ten="285,185,170,360" oya="3" hai0="26,30,95,17,115,7,13,91,23,37,10,99,73" hai1="88,84,51,33,126,113,36,25,109,74,60,47,78" hai2="12,41,24,5,61,86,83,112,79,119,11,94,46" hai3="100,63,49,3,45,111,8,103,14,93,39,106,28"/><W124/><G106/><T130/><D130/><U116/><E113/><V2/><F112/><W87/><G39/><T117/><D117/><U65/><E36/><V20/><F119/><W71/><G3/><T110/><D110/><U75/><E116/><V58/><F94/><W69/><G111/><T97/><D115/><U54/><E109/><V4/><F2/><W76/><G71/><T89/><D73/><U135/><E78/><V92/><F92/><W57/><G28/><T42/><D42/><U72/><E126/><V55/><F4/><W70/><G70/><T62/><D62/><U123/><E123/><V56/><F56/><W52/><G69/><T50/><D50/><U48/><E135/><V64/><F64/><W120/><G124/><T102/><D97/><U59/><E33/><V129/><F129/><W128/><G128/><T18/><D37/><U134/><E134/><V67/><F67/><W133/><G133/><T101/><D89/><U125/><E125/><V68/><F68/><W104/><G104/><T21/><D30/><U27/><REACH who="1" step="1"/><E51/><REACH who="1" ten="285,175,170,360" step="2"/><V34/><F34/><W107/><G76/><T66/><D66/><U44/><E44/><V31/><F46/><W16/><G120/><T9/><D9/><U114/><E114/><V131/><F131/><W85/><G107/><T132/><D132/><U122/><E122/><V105/><F105/><W19/><G45/><T40/><D40/><AGARI ba="1,1" hai="5,11,12,20,24,31,40,41,55,58,61,79,83,86" machi="40" ten="40,1300,0" yaku="8,1" doraHai="15" who="2" fromWho="0" sc="285,-16,175,0,170,26,360,0" /><INIT seed="4,0,0,0,2,45" ten="269,175,196,360" oya="0" hai0="81,60,63,73,75,68,28,111,117,10,125,133,17" hai1="116,14,49,2,118,71,115,119,25,55,82,101,52" hai2="120,0,24,61,76,87,44,70,8,121,74,84,127" hai3="53,83,56,79,129,88,65,54,69,13,72,85,59"/><T58/><D117/><U64/><E2/><V114/><F114/><W4/><G129/><T124/><D28/><U97/><E115/><V22/><F127/><N who="0" m="48714" /><D133/><U36/><E36/><V57/><F70/><W9/><G69/><T102/><D102/><U128/><E128/><V92/><F74/><W67/><G54/><N who="0" m="33879" /><D81/><U30/><E14/><V41/><F76/><W131/><G59/><T134/><D134/><U5/><E5/><V38/><F0/><W18/><G4/><T130/><D130/><U113/><E113/><V39/><F8/><W46/><G46/><T90/><D90/><U107/><E82/><V93/><F39/><W132/><G131/><T23/><D10/><U51/><E64/><V37/><F37/><W100/><G100/><T99/><D99/><U48/><REACH who="1" step="1"/><E71/><REACH who="1" ten="269,165,196,360" step="2"/><V35/><F38/><W21/><G132/><T27/><D111/><U91/><E91/><V29/><F121/><W80/><G9/><T123/><D123/><U86/><E86/><V32/><F87/><W15/><G15/><T47/><D47/><U96/><E96/><V33/><F84/><W66/><G66/><AGARI ba="0,1" hai="17,23,27,63,66,68,73,75" m="33879,48714" machi="66" ten="30,1500,0" yaku="18,1" doraHai="45" who="0" fromWho="3" sc="269,25,165,0,196,0,360,-15" /><INIT seed="4,1,0,3,1,55" ten="294,165,196,345" oya="0" hai0="130,33,134,17,77,127,9,7,59,65,115,34,98" hai1="37,0,125,82,51,28,72,97,100,43,133,67,79" hai2="135,41,20,18,62,53,123,27,66,101,109,23,45" hai3="25,47,129,16,8,46,84,10,73,75,60,95,26"/><T3/><D115/><U93/><E125/><V112/><F112/><W5/><G129/><T21/><D127/><U85/><E133/><V118/><F135/><W40/><G73/><T83/><D134/><U48/><E28/><V39/><F109/><W50/><G75/><T44/><D98/><U91/><E0/><V13/><F123/><W126/><G126/><T69/><D69/><U96/><E96/><V86/><F118/><W35/><G46/><T49/><D130/><U70/><E37/><V54/><F101/><W22/><G60/><T57/><D65/><U99/><E97/><V36/><F86/><W105/><G105/><T74/><D33/><U131/><E131/><V1/><F1/><W15/><G35/><T113/><D34/><U2/><E2/><V117/><F39/><W88/><G10/><T132/><D113/><U104/><REACH who="1" step="1"/><E43/><REACH who="1" ten="294,155,196,345" step="2"/><V71/><F117/><W89/><G89/><T52/><D132/><U116/><E116/><V11/><REACH who="2" step="1"/><F23/><REACH who="2" ten="294,155,186,345" step="2"/><W58/><G84/><T81/><D83/><U87/><E87/><V6/><AGARI ba="1,2" hai="6,11,13,18,20,27,36,41,45,53,54,62,66,71" machi="6" ten="20,5200,0" yaku="1,1,2,1,0,1,7,1,53,0" doraHai="55" doraHaiUra="94" who="2" fromWho="2" sc="294,-27,155,-14,186,75,345,-14" /><INIT seed="5,0,0,2,2,36" ten="267,141,261,331" oya="1" hai0="80,69,119,59,21,49,51,132,65,16,14,74,53" hai1="4,47,40,113,131,15,85,7,27,105,22,110,96" hai2="37,111,117,18,55,87,5,126,34,28,97,134,112" hai3="39,46,58,66,44,63,127,64,123,79,86,102,98"/><U125/><E113/><V68/><F87/><W35/><G35/><T23/><D119/><U41/><E125/><V81/><F81/><N who="3" m="47423" /><G66/><T48/><D132/><U45/><E131/><V83/><F18/><W30/><G39/><T70/><D65/><U93/><E105/><V75/><F55/><W101/><G123/><T116/><D116/><U12/><E110/><V99/><F83/><W57/><G30/><T38/><D38/><U89/><E45/><N who="3" m="17514" /><G127/><T104/><D104/><U73/><E73/><V29/><F68/><W130/><G130/><T88/><D70/><U78/><E47/><V106/><F29/><W122/><G122/><T128/><D69/><U121/><E121/><V100/><F28/><W61/><G98/><T10/><D128/><U13/><E78/><V107/><F99/><W20/><G20/><N who="0" m="7755" /><D74/><U67/><E96/><V115/><F97/><W62/><G64/><T24/><D24/><U120/><E120/><V95/><F37/><W118/><G118/><T114/><D114/><U84/><E84/><AGARI ba="0,0" hai="10,14,16,48,49,51,53,59,80,84,88" m="7755" machi="84" ten="30,3900,0" yaku="8,1,54,2" doraHai="36" who="0" fromWho="1" sc="267,39,141,-39,261,0,331,0" /><INIT seed="6,0,0,1,3,103" ten="306,102,261,331" oya="2" hai0="83,68,85,79,105,45,66,114,92,12,14,60,89" hai1="100,117,113,21,125,3,120,28,16,110,62,10,6" hai2="70,118,37,7,48,2,50,111,22,126,52,95,35" hai3="23,46,27,4,42,122,29,58,1,33,19,101,61"/><V47/><F35/><W51/><G122/><T131/><D114/><U49/><E113/><V76/><F70/><W86/><G101/><T64/><D131/><U121/><E49/><V124/><F37/><W57/><G86/><T135/><D135/><U72/><E72/><V102/><F76/><W32/><G32/><T75/><D66/><U5/><E62/><V11/><F118/><W8/><REACH who="3" step="1"/><G61/><REACH who="3" ten="306,102,261,321" step="2"/><T87/><D87/><U65/><E100/><V74/><F102/><W34/><G34/><T69/><D105/><U78/><E78/><V132/><F74/><W41/><G41/><T71/><D60/><U81/><E81/><V134/><F111/><W127/><G127/><N who="2" m="48681" /><F95/><W55/><G55/><T17/><D64/><U123/><E125/><V53/><F22/><W39/><G39/><T106/><D106/><U26/><E65/><V88/><F88/><W94/><G94/><T82/><D92/><U129/><E110/><V108/><F108/><W109/><G109/><T104/><D104/><U91/><E91/><V116/><F116/><W97/><G97/><T73/><D73/><U130/><E117/><V119/><F119/><W96/><G96/><T20/><D89/><U13/><E13/><AGARI ba="0,1" hai="1,4,8,13,19,23,27,29,33,42,46,51,57,58" machi="13" ten="30,7700,0" yaku="1,1,7,1,24,2,53,0" doraHai="103" doraHaiUra="67" who="3" fromWho="1" sc="306,0,102,-77,261,0,321,87" /><INIT seed="7,0,0,0,5,28" ten="306,25,261,408" oya="3" hai0="87,84,10,36,1,98,43,102,24,56,104,130,120" hai1="57,45,91,96,0,92,133,19,76,118,134,5,39" hai2="72,27,15,99,81,123,9,65,129,79,50,122,78" hai3="21,41,30,100,128,68,125,42,3,131,37,66,106"/><W62/><G3/><T44/><D120/><N who="2" m="46122" /><F65/><W119/><G125/><T26/><D130/><N who="3" m="49705" /><G37/><T89/><D56/><U59/><E76/><N who="2" m="44167" /><F50/><W46/><G46/><T20/><D87/><U63/><E19/><V124/><F27/><N who="3" m="16751" /><G119/><T117/><D117/><U116/><E45/><V103/><F15/><W110/><G110/><T88/><D26/><U108/><E108/><V71/><F9/><W35/><G35/><T33/><D33/><U40/><E39/><V49/><F49/><W64/><G64/><T29/><REACH who="0" step="1"/><D84/><REACH who="0" ten="296,25,261,408" step="2"/><U16/><E116/><V47/><F47/><W86/><G86/><T8/><D8/><U22/><E118/><V107/><F71/><W112/><G112/><T4/><AGARI ba="0,1" hai="1,4,10,20,24,29,36,43,44,88,89,98,102,104" machi="4" ten="30,4000,0" yaku="1,1,0,1,54,1,53,0" doraHai="28" doraHaiUra="11" who="0" fromWho="0" sc="296,50,25,-10,261,-10,408,-20" owari="346,15.0,15,-48.0,251,-15.0,388,48.0" /></mjloggm>