<mjloggm ver="2.3"><GO type="169" lobby="0"/><UN n0="%E3%83%8B%E3%83%A3%E3%83%83%E3%83%94%E3%83%BC%E5%A4%8F%E7%9B%AE" n1="%63%68%6F%6E%6A%69" n2="%E5%B0%B1%E6%B4%BB%E7%94%9F%40%E5%B7%9D%E6%9D%91%E8%BB%8D%E5%9B%A3" n3="%63%69%65%6E" dan="18,16,17,16" rate="2144.19,2122.09,2223.56,2048.24" sx="M,M,M,M"/><TAIKYOKU oya="0"/><INIT seed="0,0,0,1,5,86" ten="250,250,250,250" oya="0" hai0="127,91,107,94,105,29,132,112,84,10,62,0,76" hai1="13,28,98,56,72,115,87,33,17,79,119,2,54" hai2="106,78,110,27,48,39,90,88,74,129,81,122,130" hai3="135,133,92,31,57,69,80,35,67,68,19,126,134"/><T4/><D112/><U83/><E119/><V103/><F39/><W73/><G126/><T66/><D132/><U96/><E2/><V85/><F122/><W11/><G31/><T53/><D127/><U46/><E46/><V121/><F121/><W41/><G35/><T58/><D29/><U120/><E120/><V108/><F48/><W3/><G41/><T34/><D34/><U97/><E115/><V95/><F27/><W7/><G19/><T60/><REACH who="0" step="1"/><D76/><REACH who="0" ten="240,250,250,250" step="2"/><U61/><E28/><V123/><F123/><W118/><G134/><T16/><D16/><U63/><E33/><V1/><F1/><W30/><G30/><T59/><AGARI ba="0,1" hai="0,4,10,53,58,59,60,62,66,84,91,94,105,107" machi="59" ten="20,7800,0" yaku="1,1,0,1,7,1,52,1,53,0" doraHai="86" doraHaiUra="128" who="0" fromWho="0" sc="240,88,250,-26,250,-26,250,-26" /><INIT seed="0,1,0,2,3,114" ten="328,224,224,224" oya="0" hai0="10,129,22,105,69,13,66,111,17,86,5,82,113" hai1="26,95,51,124,125,74,41,28,36,45,122,70,108" hai2="131,75,126,92,127,20,39,46,135,24,42,8,123" hai3="53,34,31,37,23,93,67,62,25,77,1,115,18"/><T7/><D113/><U47/><E74/><V98/><F123/><W32/><G37/><T19/><D105/><U64/><E95/><V57/><F75/><W15/><G77/><T38/><D129/><U40/><E26/><V134/><F57/><W110/><G110/><T107/><D107/><U79/><E79/><V58/><F58/><W35/><G53/><T21/><D111/><U43/><E28/><V121/><F8/><W50/><G50/><T101/><D101/><U60/><E108/><V16/><F121/><W73/><G73/><T87/><D38/><U72/><E72/><V88/><REACH who="2" step="1"/><F131/><REACH who="2" ten="328,224,214,224" step="2"/><W30/><G115/><T59/><D59/><U68/><E122/><V109/><F109/><W11/><G11/><T99/><D10/><U119/><E119/><V29/><F29/><W3/><G31/><T78/><D69/><U97/><E70/><V49/><F49/><W71/><G30/><T76/><D66/><U48/><E97/><V112/><F112/><W6/><G67/><T102/><D99/><U55/><REACH who="1" step="1"/><E36/><REACH who="1" ten="328,214,214,224" step="2"/><V27/><F27/><W128/><G25/><N who="0" m="14511" /><D87/><U0/><E0/><V52/><F52/><AGARI ba="1,2" hai="40,41,43,45,47,48,51,52,55,60,64,68,124,125" machi="52" ten="40,12000,2" yaku="1,1,9,1,34,3,54,1,53,0" doraHai="114" doraHaiUra="117" who="1" fromWho="2" sc="328,0,214,143,214,-123,224,0" /><INIT seed="1,0,0,5,4,11" ten="328,357,91,224" oya="1" hai0="130,43,125,109,23,98,32,21,15,31,135,18,80" hai1="88,26,87,60,120,42,103,68,129,79,75,29,118" hai2="63,12,4,57,110,20,40,52,37,13,10,76,82" hai3="49,64,8,99,127,66,106,56,39,114,55,93,107"/><U123/><E118/><V77/><F110/><W78/><G39/><T121/><D109/><U113/><E113/><V28/><F37/><W44/><G127/><T67/><D125/><U34/><E129/><V112/><F112/><W27/><G78/><T61/><D135/><U19/><E42/><V105/><F105/><W25/><G25/><T48/><D130/><U128/><E128/><V45/><F82/><W104/><G114/><T24/><D121/><U51/><E51/><N who="2" m="27047" /><F28/><W71/><G71/><T94/><D80/><U30/><E30/><V0/><F0/><W92/><G92/><T47/><D32/><U101/><E79/><V134/><F134/><W6/><G27/><T116/><D116/><U16/><E75/><V35/><F35/><W54/><G93/><T58/><D94/><U36/><E36/><V96/><F96/><AGARI ba="0,0" hai="15,18,21,23,24,31,43,47,48,58,61,67,96,98" machi="96" ten="40,2600,0" yaku="8,1,52,1" doraHai="11" who="0" fromWho="2" sc="328,26,357,0,91,-26,224,0" /><INIT seed="2,0,0,5,4,23" ten="354,357,65,224" oya="2" hai0="54,77,38,78,34,17,102,123,5,81,73,89,26" hai1="107,41,99,50,71,135,3,83,37,35,66,15,25" hai2="60,8,63,90,75,132,10,31,127,28,100,32,116" hai3="109,98,69,82,125,128,14,30,86,39,0,61,51"/><V70/><F116/><W68/><G0/><T27/><D123/><U134/><E50/><V104/><F75/><W47/><G39/><T29/><D38/><U84/><E3/><V21/><F132/><N who="1" m="50729" /><E15/><V11/><F127/><W126/><G128/><T131/><D131/><U52/><E52/><V92/><F32/><W19/><G109/><T56/><D5/><U110/><E110/><V95/><F104/><W97/><G30/><T20/><D102/><N who="1" m="62943" /><E41/><V2/><F2/><W122/><G122/><T133/><D133/><U46/><E46/><V118/><F118/><W13/><G13/><T64/><D64/><U115/><E37/><V53/><F53/><W121/><G121/><T94/><D78/><U45/><E45/><V58/><F70/><W6/><G6/><T101/><D101/><U130/><E115/><V44/><F44/><W57/><G69/><T18/><D18/><U67/><E71/><V124/><F124/><W4/><G4/><T59/><REACH who="0" step="1"/><D54/><REACH who="0" ten="344,357,65,224" step="2"/><U117/><E130/><V79/><F79/><W36/><G36/><T85/><AGARI ba="0,1" hai="17,20,26,27,29,34,56,59,73,77,81,85,89,94" machi="85" ten="20,12000,2" yaku="1,1,2,1,0,1,7,1,52,2,53,0" doraHai="23" doraHaiUra="96" who="0" fromWho="0" sc="344,130,357,-30,65,-60,224,-30" /><INIT seed="3,0,0,1,3,25" ten="474,327,5,194" oya="3" hai0="44,105,122,111,117,119,17,11,1,102,39,80,37" hai1="99,9,91,50,70,129,125,8,74,45,79,19,85" hai2="53,95,12,98,18,10,29,24,97,78,133,35,134" hai3="55,63,130,108,90,31,40,94,109,43,26,77,93"/><W115/><G115/><T5/><D17/><U16/><E70/><V28/><F78/><W96/><G77/><T113/><D113/><U124/><E74/><V67/><F67/><W72/><G72/><T34/><D122/><U116/><E129/><V14/><F53/><W126/><G130/><T101/><D101/><U3/><E116/><V92/><F92/><W89/><G126/><N who="1" m="48746" /><E99/><V27/><F95/><W81/><G81/><T30/><D111/><N who="3" m="42569" /><G55/><T4/><D4/><N who="1" m="1055" /><E9/><N who="2" m="6415" /><F97/><N who="3" m="57519" /><G63/><T0/><D0/><U7/><E7/><N who="2" m="3423" /><F98/><W84/><G96/><T135/><D102/><U107/><E79/><V38/><F38/><W36/><G36/><T120/><D105/><U20/><E107/><V56/><F56/><W52/><G52/><T82/><D39/><U69/><E69/><V123/><F123/><W51/><G51/><T128/><D37/><U61/><E61/><V32/><AGARI ba="0,0" hai="24,27,28,29,32,35,133,134" m="3423,6415" machi="32" ten="30,7900,0" yaku="34,2,52,2" doraHai="25" who="2" fromWho="2" sc="474,-20,327,-20,5,79,194,-39" /><INIT seed="4,0,0,3,1,31" ten="454,307,84,155" oya="0" hai0="20,107,127,109,92,6,18,124,33,60,95,36,77" hai1="73,63,28,0,76,67,29,96,1,103,2,106,116" hai2="46,32,114,51,9,83,112,80,45,55,90,5,121" hai3="57,129,15,101,105,44,64,133,49,56,39,89,59"/><T30/><D107/><U21/><E116/><V42/><F121/><W99/><G39/><T98/><D36/><U37/><E37/><V47/><F32/><W100/><G133/><T79/><D6/><U50/><E50/><V84/><F80/><W87/><G101/><T40/><D40/><U71/><E21/><V93/><F83/><W4/><G129/><T132/><D132/><U11/><E11/><V72/><F72/><W66/><G4/><T111/><D60/><U86/><E86/><V128/><F128/><W34/><G15/><T54/><D54/><U131/><E131/><V27/><F27/><W74/><G34/><T13/><D79/><U26/><E29/><V135/><F135/><W91/><G91/><N who="0" m="55583" /><D95/><U24/><E24/><V16/><F16/><W119/><G119/><T94/><D94/><U52/><E52/><V58/><REACH who="2" step="1"/><F42/><REACH who="2" ten="454,307,74,155" step="2"/><W7/><G74/><T82/><D33/><N who="1" m="20631" /><E76/><V41/><F41/><W48/><G7/><T10/><D30/><U88/><E73/><V117/><F117/><W69/><G105/><T12/><D77/><U23/><E23/><V115/><F115/><W38/><G100/><T108/><D82/><U122/><E122/><V61/><F61/><W102/><G102/><T110/><D110/><U22/><E22/><V75/><F75/><W120/><G120/><T35/><D35/><U125/><E125/><V130/><F130/><W97/><G89/><AGARI ba="0,1" hai="0,1,2,63,67,71,88,89,96,103,106" m="20631" machi="89" ten="30,3900,0" yaku="25,1,52,1,54,1" doraHai="31" who="1" fromWho="3" sc="454,0,307,49,74,0,155,-39" /><INIT seed="5,0,0,3,0,69" ten="454,356,74,116" oya="1" hai0="114,93,34,36,102,2,123,66,87,19,60,126,101" hai1="98,45,24,124,82,37,135,4,104,25,88,21,5" hai2="97,68,111,16,79,78,65,81,100,132,74,18,105" hai3="67,112,40,62,95,53,77,71,131,128,83,129,43"/><U76/><E135/><V55/><F111/><W122/><G122/><T41/><D34/><U6/><E124/><V54/><F132/><W11/><G112/><T72/><D2/><U51/><E37/><V86/><F78/><W119/><G119/><T20/><D72/><U59/><E59/><V85/><F65/><W13/><G95/><T42/><D114/><U63/><E63/><V94/><F68/><W121/><G53/><T99/><D123/><U91/><E104/><V115/><F115/><W22/><G22/><T33/><D33/><U30/><E98/><V28/><F28/><W84/><REACH who="3" step="1"/><G121/><REACH who="3" ten="454,356,74,106" step="2"/><T61/><D93/><U23/><E82/><V10/><F10/><W48/><G48/><T38/><D20/><U70/><E76/><V52/><F86/><W92/><G92/><T118/><D87/><U29/><E70/><V117/><F117/><W50/><G50/><T109/><D118/><U39/><E39/><V17/><F105/><W127/><G127/><T49/><D49/><U75/><E75/><V134/><F134/><W14/><G14/><T8/><D126/><U80/><REACH who="1" step="1"/><E80/><REACH who="1" ten="454,346,74,106" step="2"/><V44/><F74/><W15/><G15/><N who="0" m="7655" /><D36/><U73/><E73/><V1/><F1/><W3/><G3/><T35/><D38/><U64/><E64/><V133/><F133/><W89/><G89/><T108/><D66/><U106/><E106/><V107/><F107/><W130/><N who="3" m="32768" /><DORA hai="90" /><W57/><G57/><T56/><D56/><U110/><E110/><V27/><REACH who="2" step="1"/><F44/><REACH who="2" ten="454,346,64,106" step="2"/><W58/><G58/><T103/><D109/><U47/><E47/><V26/><AGARI ba="0,3" hai="16,17,18,26,27,52,54,55,79,81,85,94,97,100" machi="26" ten="40,16000,3" yaku="1,1,2,1,5,1,0,1,8,1,52,1,54,2,53,0" doraHai="69,90" doraHaiUra="125,7" who="2" fromWho="2" sc="454,-40,346,-80,64,190,106,-40" /><INIT seed="6,0,0,1,1,50" ten="414,266,254,66" oya="2" hai0="106,101,87,15,12,80,48,134,125,0,57,5,30" hai1="132,71,83,74,133,114,21,4,18,47,90,6,135" hai2="32,24,81,76,110,38,64,122,97,35,124,96,84" hai3="75,40,58,108,59,8,51,95,60,61,1,14,10"/><V89/><F122/><W127/><G75/><T55/><D134/><U44/><E71/><V115/><F38/><W85/><G108/><T34/><D125/><U23/><E114/><V116/><F116/><W121/><G127/><T43/><D106/><U11/><E6/><V100/><F124/><W66/><G1/><T68/><D68/><U118/><E118/><V52/><F110/><W67/><G121/><T20/><D101/><U49/><E18/><V39/><F39/><W111/><G111/><T17/><D0/><N who="1" m="391" /><E47/><V63/><F115/><W37/><G37/><T109/><D87/><N who="1" m="50559" /><E74/><V16/><F100/><W112/><G112/><T79/><D34/><U70/><E70/><V53/><F35/><W77/><G14/><T31/><D43/><AGARI ba="0,0" hai="21,23,43,44,49,132,133,135" m="50559,391" machi="43" ten="30,1000,0" yaku="20,1" doraHai="50" who="1" fromWho="0" sc="414,-10,266,10,254,0,66,0" /><INIT seed="7,0,0,1,4,56" ten="404,276,254,66" oya="3" hai0="5,102,18,123,80,105,85,67,121,111,19,126,109" hai1="36,59,66,94,133,119,100,0,6,58,104,3,72" hai2="113,54,118,45,108,27,55,41,64,95,73,124,4" hai3="65,37,11,69,93,63,13,79,47,86,82,23,117"/><W132/><G132/><T130/><D67/><U49/><E36/><V35/><F108/><W24/><G93/><T84/><D5/><U129/><E129/><V114/><F73/><W2/><G2/><T120/><D126/><U61/><E72/><V17/><F118/><W22/><G117/><T115/><D115/><U39/><E39/><V135/><F4/><W75/><G37/><T131/><D18/><U57/><E104/><V15/><F124/><W52/><G75/><T14/><D14/><U43/><E133/><V76/><F76/><W26/><G26/><T40/><D19/><U20/><E0/><V110/><F110/><N who="0" m="41994" /><D40/><U1/><E1/><V70/><F135/><W112/><G112/><N who="2" m="43113" /><F27/><W62/><G24/><T89/><D85/><U42/><E42/><V32/><F95/><W88/><G79/><T21/><D21/><U91/><E20/><N who="2" m="11327" /><F54/><W107/><G107/><T101/><D105/><U128/><E128/><AGARI ba="0,0" hai="80,84,89,101,102,120,121,123,128,130,131" m="41994" machi="128" ten="40,5200,0" yaku="19,1,34,2" doraHai="56" who="0" fromWho="1" sc="404,52,276,-52,254,0,66,0" owari="456,56.0,224,-18.0,254,5.0,66,-43.0" /></mjloggm>