<mjloggm ver="2.3"><GO type="169" lobby="0"/><UN n0="%E7%A0%B4%E5%B9%BB" n1="%E3%82%A6%E3%83%AB%E3%83%88%E3%83%A9%E7%AB%8B%E7%9B%B4" n2="%41%54%4D%31%34%32%39" n3="%E3%82%A8%E3%83%83%E3%83%95%E3%82%A7%E3%83%AB%E5%A1%94" dan="16,18,16,17" rate="2097.95,2212.46,2120.15,2180.15" sx="F,M,M,M"/><TAIKYOKU oya="0"/><INIT seed="0,0,0,4,5,132" ten="250,250,250,250" oya="0" hai0="119,32,9,94,111,86,131,28,91,74,114,123,51" hai1="127,26,84,102,89,39,4,103,64,2,20,130,65" hai2="44,25,68,107,79,66,108,34,100,78,43,19,73" hai3="109,110,62,81,54,0,116,12,40,124,96,105,59"/><T5/><D123/><U52/><E39/><V135/><F108/><W18/><G0/><T72/><D119/><U80/><E130/><V133/><F78/><W48/><G116/><T117/><D117/><U35/><E35/><V125/><F19/><W82/><G105/><T71/><D114/><U17/><E2/><V76/><F79/><W31/><G31/><T50/><D131/><U122/><E4/><V15/><F15/><W95/><G110/><T1/><D71/><U30/><E30/><V61/><F44/><N who="3" m="25607" /><G109/><T88/><D111/><U22/><E127/><V13/><F125/><W101/><G124/><T90/><D90/><U106/><E122/><V83/><F43/><W87/><G87/><T75/><REACH who="0" step="1"/><D91/><REACH who="0" ten="240,250,250,250" step="2"/><U38/><E89/><V47/><F133/><W77/><G77/><T41/><D41/><U46/><E102/><V93/><F100/><W92/><G95/><T60/><D60/><U55/><E103/><V112/><F93/><W70/><G70/><T23/><D23/><AGARI ba="0,1" hai="12,18,23,54,59,62,81,82,92,96,101" m="25607" machi="23" ten="30,1000,0" yaku="8,1" doraHai="132" who="3" fromWho="0" sc="240,-10,250,0,250,0,250,20" /><INIT seed="1,0,0,3,0,5" ten="230,250,250,270" oya="1" hai0="113,122,95,50,9,110,106,87,2,104,103,26,115" hai1="8,23,42,61,97,36,132,16,25,19,90,101,30" hai2="80,46,93,82,41,33,124,84,55,125,12,4,24" hai3="15,20,118,29,74,57,108,32,65,135,47,54,22"/><U85/><E132/><V43/><F33/><W59/><G32/><T120/><D110/><U117/><E117/><V72/><F24/><W13/><G47/><T112/><D26/><U64/><E42/><V66/><F66/><W130/><G65/><T134/><D50/><U114/><E36/><V75/><F93/><W111/><G74/><T133/><D9/><U88/><E114/><V89/><F55/><W3/><G54/><T128/><D2/><U49/><E49/><V45/><F4/><W86/><G86/><T62/><D62/><U121/><E121/><N who="0" m="46697" /><D128/><U83/><E90/><V34/><F89/><W27/><G27/><T14/><D14/><U73/><E73/><V48/><F12/><W1/><G130/><T96/><D87/><U38/><E8/><V10/><F34/><W126/><G29/><T35/><D35/><U21/><E21/><V91/><F84/><W39/><G39/><T67/><D67/><U69/><REACH who="1" step="1"/><E38/><REACH who="1" ten="230,240,250,270" step="2"/><V102/><F48/><W76/><G22/><T31/><D31/><U99/><E99/><V40/><F10/><W11/><G20/><T63/><D63/><U58/><E58/><V94/><F40/><W68/><G11/><T92/><D92/><AGARI ba="0,1" hai="16,19,23,25,30,61,64,69,83,85,88,92,97,101" machi="92" ten="30,11600,0" yaku="1,1,7,1,54,2,53,0" doraHai="5" doraHaiUra="105" who="1" fromWho="0" sc="230,-116,240,126,250,0,270,0" /><INIT seed="1,1,0,1,5,57" ten="114,366,250,270" oya="1" hai0="54,60,113,41,31,92,93,46,51,27,119,62,12" hai1="45,103,42,35,7,121,85,33,72,37,5,118,14" hai2="95,30,98,28,10,82,43,15,59,16,50,87,135" hai3="3,89,6,79,94,111,106,75,120,91,48,107,17"/><U18/><E72/><V0/><F0/><W65/><G3/><T36/><D113/><U21/><E121/><V1/><F1/><W11/><G120/><T78/><D119/><U104/><E118/><V61/><F50/><W26/><G91/><T122/><D122/><U64/><E5/><V128/><F135/><W24/><G48/><T115/><D115/><U8/><E64/><N who="2" m="38975" /><F43/><W23/><G65/><T49/><D36/><U4/><E4/><V109/><F128/><W32/><G79/><T130/><D130/><U47/><E47/><V84/><F109/><W134/><G75/><T69/><D78/><U108/><E108/><V44/><F44/><W126/><G111/><T116/><D116/><U117/><E117/><V90/><F87/><W68/><G68/><T53/><D41/><U86/><E86/><V63/><F63/><N who="0" m="24106" /><D69/><U2/><E104/><V9/><F9/><W99/><G107/><T83/><D83/><U96/><E35/><V66/><F66/><W81/><G106/><T110/><D110/><U129/><E33/><V29/><F29/><W67/><G67/><T114/><D114/><U123/><E123/><V22/><F10/><W88/><G32/><T133/><D133/><U100/><E129/><V101/><AGARI ba="1,0" hai="15,16,22,28,30,82,84,90,95,98,101" m="38975" machi="101" ten="30,4000,0" yaku="8,1,52,1,54,1" doraHai="57" who="2" fromWho="2" sc="114,-11,366,-21,250,43,270,-11" /><INIT seed="2,0,0,2,5,90" ten="103,345,293,259" oya="2" hai0="82,93,58,75,118,103,26,86,120,35,67,115,56" hai1="116,108,88,52,94,101,34,19,7,32,95,55,30" hai2="98,28,59,39,29,113,64,100,97,22,45,126,89" hai3="134,23,72,47,99,40,124,114,42,70,107,20,4"/><V49/><F39/><W10/><G70/><T131/><D115/><U85/><E116/><V51/><F126/><W110/><G42/><T81/><D118/><U130/><E32/><V91/><F98/><W1/><G124/><T69/><D120/><U61/><E34/><V135/><F135/><W16/><G134/><T121/><D121/><U9/><E30/><V87/><F22/><W37/><G114/><T117/><D117/><U5/><E108/><V84/><F97/><W104/><G110/><T14/><D131/><U128/><E19/><V132/><F100/><W123/><G123/><T74/><D69/><U77/><E77/><V71/><F71/><W125/><G125/><T3/><D3/><U0/><E7/><V31/><F132/><W25/><G99/><T12/><D103/><U11/><E11/><V53/><F64/><W46/><G46/><T62/><D56/><N who="1" m="34951" /><E55/><N who="2" m="30127" /><F113/><W6/><G6/><T73/><D26/><U33/><E101/><V112/><F112/><W17/><REACH who="3" step="1"/><G72/><REACH who="3" ten="103,345,293,249" step="2"/><T133/><D133/><U21/><E130/><V36/><F36/><W43/><G43/><T96/><D96/><U65/><E128/><V44/><F44/><W8/><G8/><T105/><D105/><U57/><E9/><V76/><F87/><W111/><G111/><T54/><D75/><U15/><E85/><V78/><F84/><W18/><G18/><T2/><D74/><U48/><E5/><V24/><F31/><W38/><G38/><T50/><D73/><U129/><E129/><V27/><F29/><W60/><G60/><T13/><D62/><U83/><E48/><RYUUKYOKU ba="0,1" sc="103,-10,345,-10,293,-10,249,30" hai3="1,4,10,16,17,20,23,25,37,40,47,104,107" /><INIT seed="3,1,1,5,5,8" ten="93,335,283,279" oya="3" hai0="112,72,50,75,107,91,131,23,125,60,20,35,43" hai1="80,103,127,130,42,24,54,29,88,2,85,98,126" hai2="45,105,94,47,109,69,56,113,84,49,44,133,52" hai3="70,27,53,120,65,33,22,31,32,58,122,90,62"/><W101/><G101/><T128/><D35/><U110/><E2/><V40/><F105/><W68/><G68/><T67/><D107/><U118/><E110/><V25/><F69/><W132/><G132/><T76/><D125/><U111/><E111/><V1/><F1/><W77/><G77/><T124/><D124/><U48/><E42/><V39/><F113/><W106/><G106/><T71/><D112/><U10/><E130/><N who="0" m="49705" /><D91/><U73/><E73/><N who="0" m="28233" /><D76/><U87/><E87/><V57/><F133/><W61/><REACH who="3" step="1"/><G90/><REACH who="3" ten="93,335,283,269" step="2"/><T19/><D19/><U6/><E126/><V115/><F109/><W28/><G28/><T81/><D81/><U129/><E127/><V13/><F115/><W82/><G82/><T100/><D100/><U41/><E80/><V116/><F94/><W104/><G104/><T79/><D79/><U51/><E103/><V17/><F17/><W9/><G9/><T83/><D83/><U34/><E10/><V26/><F116/><W96/><G96/><T117/><D117/><U114/><E98/><V134/><F134/><W12/><G12/><T135/><D135/><U14/><E14/><V78/><F13/><W95/><G95/><T11/><D11/><U74/><E129/><V18/><F78/><W55/><G55/><T121/><D121/><AGARI ba="1,2" hai="22,27,31,32,33,53,58,61,62,65,70,120,121,122" machi="121" ten="40,2000,0" yaku="1,1,53,0" doraHai="8" doraHaiUra="38" who="3" fromWho="0" sc="93,-23,335,0,283,0,269,43" /><INIT seed="3,2,0,4,0,14" ten="70,335,283,312" oya="3" hai0="133,52,47,111,11,54,100,66,119,63,8,29,49" hai1="114,17,95,30,110,9,50,126,74,41,87,103,22" hai2="102,135,71,65,99,55,122,118,31,59,89,79,28" hai3="5,2,94,88,36,75,44,123,72,23,34,82,129"/><W109/><G34/><T98/><D119/><U117/><E74/><V106/><F135/><W40/><G123/><T76/><D133/><U93/><E110/><V124/><F124/><W127/><G127/><T91/><D111/><U105/><E126/><V125/><F118/><W134/><G134/><T97/><D76/><U56/><E114/><V10/><F79/><W38/><G38/><T120/><D120/><U112/><E112/><V116/><F116/><W15/><G109/><T43/><D29/><U18/><E105/><V32/><F32/><W58/><G2/><T60/><D91/><U3/><E3/><V53/><F122/><W20/><G82/><T130/><D130/><U21/><E9/><V12/><F89/><W115/><G115/><T92/><D97/><U13/><E30/><V78/><F78/><W68/><G68/><T57/><REACH who="0" step="1"/><D54/><REACH who="0" ten="60,335,283,312" step="2"/><U73/><E117/><V70/><F53/><W77/><G77/><T64/><D64/><U51/><E73/><V46/><F65/><W26/><G129/><T104/><D104/><U86/><E103/><V35/><F28/><W90/><G90/><T85/><D85/><U107/><E107/><V67/><F99/><W37/><G75/><T81/><D81/><U4/><E87/><V42/><F102/><W19/><G72/><T33/><D33/><U7/><E86/><V128/><F67/><W69/><G88/><T83/><D83/><U0/><E95/><V84/><F84/><W61/><G94/><T132/><D132/><U121/><E93/><V1/><F125/><W80/><G80/><T16/><D16/><RYUUKYOKU ba="2,1" sc="60,30,335,-10,283,-10,312,-10" hai0="8,11,43,47,49,52,57,60,63,66,92,98,100" /><INIT seed="4,3,1,2,1,102" ten="90,325,273,302" oya="0" hai0="125,45,31,132,34,17,35,8,89,51,116,105,10" hai1="39,54,65,26,98,118,6,9,83,68,114,2,124" hai2="25,36,42,71,55,110,3,120,104,100,134,88,11" hai3="108,99,18,22,97,119,43,76,111,28,4,63,127"/><T84/><D116/><U69/><E118/><V21/><F71/><W90/><G119/><T82/><D132/><U1/><E1/><V115/><F120/><W41/><G76/><T93/><D125/><U135/><E39/><V52/><F115/><W27/><G4/><T7/><D31/><U113/><E65/><V24/><F110/><W86/><G127/><T101/><D93/><U131/><E131/><V94/><F42/><N who="3" m="15883" /><G111/><T32/><D17/><U64/><E64/><V40/><F40/><W128/><G108/><T106/><D101/><U70/><E124/><V53/><F36/><W59/><G18/><T75/><D75/><U67/><E67/><V38/><F38/><W80/><G128/><T112/><D112/><N who="1" m="43115" /><E135/><V129/><F129/><W126/><G126/><T117/><D117/><U37/><E37/><V92/><F21/><W121/><G121/><T109/><D109/><U79/><E54/><AGARI ba="3,1" hai="22,27,28,54,59,63,80,86,90,97,99" m="15883" machi="54" ten="30,1000,0" yaku="8,1" doraHai="102" who="3" fromWho="1" sc="90,0,325,-19,273,0,302,29" /><INIT seed="5,0,0,1,4,21" ten="90,306,273,331" oya="1" hai0="115,88,3,109,1,11,45,68,78,22,40,61,94" hai1="74,103,37,93,20,84,7,29,13,99,133,83,30" hai2="91,52,44,96,12,25,105,59,66,67,14,102,4" hai3="50,129,95,31,114,34,54,36,111,75,87,77,126"/><U63/><E37/><V8/><F14/><W46/><G95/><T72/><D109/><U9/><E133/><V92/><F25/><W56/><G87/><T121/><D121/><U39/><E39/><V16/><F44/><W120/><G77/><T57/><D115/><U132/><E74/><V135/><F4/><W101/><G101/><T5/><D68/><U116/><E116/><V97/><REACH who="2" step="1"/><F135/><REACH who="2" ten="90,306,263,331" step="2"/><W119/><G46/><T134/><D134/><U124/><E132/><V112/><F112/><W15/><G114/><T65/><D1/><U51/><E124/><V81/><F81/><W19/><G15/><T0/><D0/><U53/><E63/><AGARI ba="0,1" hai="8,12,16,52,59,63,66,67,91,92,96,97,102,105" machi="63" ten="30,7700,0" yaku="1,1,7,1,54,2,53,0" doraHai="21" doraHaiUra="104" who="2" fromWho="1" sc="90,0,306,-77,263,87,331,0" /><INIT seed="6,0,0,4,2,3" ten="90,229,350,331" oya="2" hai0="18,73,64,39,52,41,15,94,68,50,80,101,121" hai1="125,51,114,63,11,112,27,14,123,61,10,77,34" hai2="42,69,23,116,118,130,128,106,76,53,90,55,115" hai3="70,126,40,83,9,20,45,117,108,48,19,28,100"/><V84/><F106/><W24/><G126/><T56/><D121/><U132/><E77/><V86/><F69/><W37/><G70/><T93/><D73/><U2/><E51/><V21/><F76/><W133/><G133/><T122/><D122/><U78/><E78/><V57/><F42/><W62/><G62/><T87/><D101/><U129/><E63/><V58/><F90/><W12/><G108/><T89/><D68/><U31/><E61/><V5/><F115/><W38/><G117/><T1/><D1/><U82/><E82/><V72/><F72/><W75/><G75/><T111/><D64/><U22/><E123/><V131/><F131/><W25/><G83/><T67/><D67/><U98/><E98/><V102/><F102/><W32/><REACH who="3" step="1"/><G100/><REACH who="3" ten="90,229,350,321" step="2"/><T46/><REACH who="0" step="1"/><D111/><REACH who="0" ten="80,229,350,321" step="2"/><U110/><E110/><V29/><F118/><W81/><G81/><T109/><D109/><U88/><E132/><V8/><F116/><W96/><G96/><T113/><D113/><U17/><E114/><V103/><F103/><W119/><G119/><T30/><D30/><AGARI ba="0,2" hai="9,12,19,20,24,25,28,30,32,37,38,40,45,48" machi="30" ten="30,7700,0" yaku="1,1,7,1,53,2" doraHai="3" doraHaiUra="26" who="3" fromWho="0" sc="80,-77,229,0,350,0,321,97" /><INIT seed="7,0,0,1,5,70" ten="3,229,350,418" oya="3" hai0="95,97,36,57,13,122,67,12,74,21,80,68,83" hai1="120,3,16,2,5,19,134,113,58,34,89,24,104" hai2="127,1,52,90,96,75,88,71,26,39,82,46,17" hai3="114,33,131,132,77,108,15,98,20,14,18,118,65"/><W44/><G98/><T124/><D122/><U123/><E89/><V28/><F71/><W51/><G65/><T76/><D68/><U93/><E93/><V79/><F1/><W86/><G86/><T9/><D124/><U101/><E58/><V73/><F73/><W43/><G77/><T135/><D135/><U53/><E53/><V102/><F17/><W103/><G15/><T60/><D80/><U115/><E101/><V47/><F47/><W8/><G20/><T30/><D9/><U25/><E104/><V42/><F52/><W50/><G14/><T84/><D74/><U23/><E23/><V40/><F40/><W64/><G132/><T22/><D36/><U126/><E5/><V29/><F29/><W32/><G18/><T109/><D109/><U117/><E134/><V99/><F127/><W49/><G108/><T107/><D107/><U94/><E94/><V11/><F11/><W59/><G8/><T35/><D35/><U128/><E126/><V133/><F133/><W81/><G33/><T91/><D22/><U121/><E34/><V106/><F96/><W72/><G32/><AGARI ba="0,0" hai="26,28,32,39,42,46,75,79,82,88,90,99,102,106" machi="32" ten="30,3900,0" yaku="7,1,52,1,54,1" doraHai="70" who="2" fromWho="3" sc="3,0,229,0,350,39,418,-39" owari="3,-50.0,229,-17.0,389,49.0,379,18.0" /></mjloggm>