<mjloggm ver="2.3"><GO type="169" lobby="0"/><UN n0="%70%70%67%75%6E" n1="%6B%65%69%30%34%31%33" n2="%47%E9%9B%80" n3="%E3%82%A6%E3%83%AB%E3%83%88%E3%83%A9%E7%AB%8B%E7%9B%B4" dan="16,16,17,17" rate="2123.89,2056.21,2217.34,2219.36" sx="M,M,M,M"/><TAIKYOKU oya="0"/><INIT seed="0,0,0,0,3,87" ten="250,250,250,250" oya="0" hai0="46,40,110,35,17,44,38,45,120,63,127,41,61" hai1="97,33,26,88,50,47,48,122,8,16,123,116,131" hai2="84,100,64,54,105,13,20,0,12,132,74,135,37" hai3="133,114,36,98,25,68,15,78,28,6,117,31,67"/><T102/><D35/><U4/><E116/><V109/><F74/><W73/><G36/><T27/><D120/><U75/><E75/><V103/><F0/><W19/><G117/><T65/><D127/><U79/><E123/><V93/><F37/><W80/><G114/><T130/><D130/><U43/><E122/><V121/><F121/><W24/><G6/><T2/><D2/><U76/><E131/><V90/><F64/><W34/><G133/><N who="2" m="51273" /><F105/><W126/><G126/><T23/><D110/><U69/><E69/><V59/><F109/><W18/><G15/><N who="2" m="5705" /><F20/><W89/><G67/><T42/><D38/><U134/><E134/><V22/><F22/><W81/><G68/><T11/><D102/><U72/><E72/><V124/><F124/><W106/><G106/><T52/><D11/><U115/><E115/><V55/><F55/><W94/><REACH who="3" step="1"/><G81/><REACH who="3" ten="250,250,250,240" step="2"/><T56/><REACH who="0" step="1"/><D65/><REACH who="0" ten="240,250,250,240" step="2"/><U119/><E119/><V3/><F3/><W60/><G60/><AGARI ba="0,2" hai="17,23,27,40,41,42,44,45,46,52,56,60,61,63" machi="60" ten="40,12000,1" yaku="1,1,2,1,8,1,54,1,53,1" doraHai="87" doraHaiUra="14" who="0" fromWho="3" sc="240,140,250,0,250,0,240,-120" /><AGARI ba="0,0" hai="54,59,60,84,90,93,100,103" m="5705,51273" machi="60" ten="30,2000,0" yaku="20,1,52,1" doraHai="87" who="2" fromWho="3" sc="380,0,250,0,250,20,120,-20" /><INIT seed="0,1,0,1,5,111" ten="380,250,270,100" oya="0" hai0="132,104,7,0,25,91,40,53,102,11,57,134,23" hai1="6,67,120,13,127,112,14,96,8,29,110,119,50" hai2="64,114,135,128,81,100,113,101,92,83,87,89,106" hai3="18,41,71,3,109,27,2,86,126,61,56,70,69"/><T85/><D40/><U124/><E67/><V16/><F64/><W130/><G109/><T122/><D122/><U28/><E96/><N who="2" m="61735" /><F16/><W99/><G130/><T74/><D74/><U45/><E110/><V34/><F34/><W121/><G126/><N who="1" m="48170" /><E120/><V84/><F128/><W5/><G121/><T107/><D102/><U17/><E119/><V133/><F100/><W73/><G73/><T105/><D91/><U72/><E72/><V55/><F55/><W9/><G41/><T103/><D85/><U60/><E60/><V42/><F42/><W44/><G86/><T51/><REACH who="0" step="1"/><D103/><REACH who="0" ten="370,250,270,100" step="2"/><U12/><E112/><N who="2" m="43115" /><F83/><W125/><G125/><T123/><D123/><U93/><E93/><V1/><F1/><W37/><G2/><T46/><D46/><U95/><E95/><V66/><F66/><W19/><G44/><T115/><D115/><U31/><E45/><V79/><AGARI ba="1,1" hai="79,81,84,87,89,92,133,135" m="43115,61735" machi="79" ten="30,8000,1" yaku="34,2,52,3" doraHai="111" who="2" fromWho="2" sc="370,-41,250,-21,270,93,100,-21" /><INIT seed="1,0,0,1,4,103" ten="329,229,363,79" oya="1" hai0="40,123,22,67,59,11,120,25,15,97,86,34,31" hai1="116,104,131,85,83,134,13,105,41,130,98,51,69" hai2="52,27,14,39,45,75,35,87,109,74,37,7,63" hai3="9,126,79,92,38,65,29,94,108,20,44,61,68"/><U49/><E69/><V1/><F1/><W107/><G108/><T88/><D40/><U60/><E60/><V111/><F87/><W19/><G126/><T58/><D97/><U112/><E116/><V47/><F7/><W129/><G129/><N who="1" m="49162" /><E98/><V4/><F4/><W133/><G133/><T132/><D67/><U36/><E112/><V99/><F99/><W71/><G71/><T46/><D46/><N who="1" m="23847" /><E134/><V6/><F6/><W127/><G127/><T56/><D34/><U24/><E24/><V16/><F27/><W5/><G29/><T114/><D114/><U113/><E113/><V91/><F35/><W3/><G79/><T122/><D132/><U101/><E101/><V84/><F45/><W125/><G125/><T62/><D62/><U72/><E72/><V32/><F32/><W82/><G44/><T78/><D78/><N who="1" m="46327" /><E13/><V33/><F33/><W76/><G38/><T81/><REACH who="0" step="1"/><D58/><REACH who="0" ten="319,229,363,79" step="2"/><U73/><E73/><V96/><F96/><W18/><G76/><T128/><D128/><U28/><E28/><V64/><F39/><W102/><G61/><T121/><N who="0" m="31232" /><DORA hai="43" /><T135/><D135/><U53/><E51/><N who="2" m="28799" /><F37/><W10/><G68/><T42/><D42/><U26/><E26/><V30/><F30/><W0/><G65/><T100/><D100/><U21/><E21/><N who="2" m="11415" /><F63/><W12/><G102/><T17/><AGARI ba="0,1" hai="11,15,17,22,25,31,56,59,81,86,88" m="31232" machi="17" ten="60,8000,1" yaku="1,1,0,1,13,1,54,1,53,0" doraHai="103,43" doraHaiUra="57,124" who="0" fromWho="0" sc="319,90,229,-40,363,-20,79,-20" /><INIT seed="2,0,0,2,4,39" ten="409,189,343,59" oya="2" hai0="117,90,15,48,3,80,53,135,99,94,75,84,45" hai1="40,43,98,21,132,107,67,37,49,73,124,69,128" hai2="52,8,58,104,88,113,55,47,65,121,16,56,70" hai3="122,44,82,34,14,57,12,131,78,130,89,38,5"/><V71/><F104/><W25/><G122/><T61/><D3/><U87/><E73/><V29/><F121/><W101/><G101/><T127/><D75/><U46/><E98/><V109/><F113/><W125/><G125/><T110/><D127/><U63/><E107/><V97/><F109/><W41/><G89/><T13/><D110/><U35/><E35/><V116/><F116/><W36/><G36/><T111/><D111/><U93/><E21/><V9/><F29/><N who="3" m="19759" /><G57/><N who="0" m="34991" /><D135/><U112/><E124/><V22/><F70/><W1/><G5/><T100/><D117/><U30/><E30/><V81/><F71/><W76/><G1/><T51/><D48/><U50/><E132/><V42/><F65/><W74/><G78/><T126/><D126/><U18/><E18/><V103/><F103/><W64/><G64/><T129/><D129/><AGARI ba="0,0" hai="12,14,38,41,44,74,76,82,129,130,131" m="19759" machi="129" ten="30,2000,0" yaku="19,1,52,1" doraHai="39" who="3" fromWho="0" sc="409,-20,189,0,343,0,59,20" /><INIT seed="3,0,0,3,5,50" ten="389,189,343,79" oya="3" hai0="103,89,104,123,107,4,66,88,102,84,74,42,28" hai1="73,97,5,106,127,90,26,132,39,70,57,94,31" hai2="29,48,110,17,118,79,45,52,37,131,54,34,120" hai3="1,15,14,2,122,86,63,93,77,125,117,108,75"/><W27/><G75/><T76/><D66/><U25/><E39/><V115/><F118/><W36/><G36/><T33/><D42/><U99/><E70/><V67/><F37/><W80/><G117/><T98/><D4/><U64/><E132/><V23/><F115/><W78/><G122/><T53/><D53/><U30/><E73/><V126/><F34/><W9/><G78/><T47/><D47/><U59/><E5/><V22/><F79/><W56/><G125/><T16/><D16/><U0/><E0/><V100/><F126/><W20/><G93/><N who="0" m="56615" /><D28/><N who="1" m="10795" /><E106/><N who="0" m="40489" /><D33/><U109/><E109/><V68/><F100/><W119/><G108/><T55/><D55/><U46/><E46/><V101/><F101/><W113/><G119/><T105/><D105/><U13/><E13/><N who="3" m="4618" /><G113/><T8/><D8/><U49/><E127/><V43/><F110/><W11/><G1/><T10/><D10/><N who="3" m="3593" /><G2/><T82/><D123/><U3/><E3/><V114/><F114/><W40/><G40/><T58/><D58/><N who="1" m="22027" /><E49/><V135/><F120/><W96/><G56/><T7/><D7/><U6/><E6/><V21/><F29/><N who="3" m="17639" /><G63/><T51/><D51/><U116/><E116/><V24/><F68/><W91/><G96/><N who="1" m="36938" /><E64/><V18/><F67/><W72/><G72/><T112/><D112/><U128/><E25/><V44/><F24/><W133/><G133/><T71/><D71/><U19/><E26/><V41/><F135/><W12/><N who="3" m="4626" /><W111/><DORA hai="60" /><G111/><T83/><AGARI ba="0,0" hai="74,76,82,83,84,89,102,103" m="40489,56615" machi="83" ten="30,12000,2" yaku="35,5,54,1" doraHai="50,60" who="0" fromWho="0" sc="389,120,189,-30,343,-30,79,-60" /><INIT seed="4,0,0,2,4,80" ten="509,159,313,19" oya="0" hai0="41,6,25,109,132,20,39,78,50,57,104,68,111" hai1="35,69,36,21,116,117,93,96,112,26,13,54,58" hai2="60,38,74,71,101,9,125,75,81,14,24,131,7" hai3="56,0,127,37,1,49,122,79,121,92,18,113,88"/><T119/><D119/><U83/><E36/><V43/><F101/><W77/><G37/><T48/><D68/><U82/><E69/><V51/><F38/><W10/><G18/><T29/><D104/><U76/><E35/><V128/><F125/><W16/><G127/><T28/><D132/><U98/><E13/><V34/><F71/><W106/><G106/><T66/><D39/><U118/><E112/><V110/><F60/><W52/><G113/><T135/><D6/><U123/><E123/><N who="3" m="47114" /><G1/><T84/><D41/><U85/><E82/><V40/><F110/><N who="0" m="41994" /><D28/><U17/><REACH who="1" step="1"/><E93/><REACH who="1" ten="509,149,313,19" step="2"/><V97/><F81/><W133/><G133/><T120/><D135/><U3/><E3/><V2/><F2/><W45/><G0/><T115/><D115/><U114/><E114/><V86/><F34/><W95/><G95/><T90/><D120/><U55/><E55/><V130/><F40/><W64/><G64/><T11/><D66/><U129/><E129/><V73/><F24/><W23/><G10/><T91/><D11/><U19/><E19/><V63/><F43/><W100/><G100/><T5/><D25/><U72/><E72/><V33/><F33/><W134/><G134/><T44/><D29/><U31/><E31/><V15/><F14/><N who="3" m="9623" /><G45/><T46/><D44/><U30/><E30/><V103/><F128/><W47/><G47/><T126/><D46/><U59/><E59/><V53/><F130/><W8/><G8/><T27/><D57/><U22/><E22/><V107/><F131/><W4/><G4/><T102/><D5/><U108/><E108/><V99/><F107/><RYUUKYOKU ba="0,1" sc="509,-15,149,15,313,-15,19,15" hai1="17,21,26,54,58,76,83,85,96,98,116,117,118" hai3="49,52,56,77,79,88,92" /><INIT seed="5,1,1,4,0,76" ten="494,164,298,34" oya="1" hai0="37,41,42,98,60,10,93,119,26,125,20,103,70" hai1="122,12,135,120,71,61,27,127,68,97,45,73,80" hai2="78,133,5,9,17,6,18,112,92,66,44,82,105" hai3="101,22,64,25,21,43,110,106,86,65,77,121,130"/><U75/><E135/><V8/><F105/><W40/><G110/><T134/><D119/><U95/><E127/><V79/><F133/><W16/><G121/><T102/><D37/><U90/><E73/><V34/><F66/><N who="3" m="25707" /><G106/><T118/><D70/><U19/><E71/><V38/><F34/><W115/><G115/><T35/><D35/><U85/><E68/><V4/><F112/><W129/><G101/><T83/><D118/><U128/><E128/><N who="3" m="49258" /><G22/><T31/><D125/><U123/><E61/><V51/><F38/><W62/><G62/><T47/><D60/><U57/><E57/><V56/><F56/><W29/><G29/><T94/><D10/><N who="2" m="4202" /><F92/><W63/><G63/><T132/><D47/><U49/><E27/><V15/><F15/><W39/><G39/><T59/><D59/><U124/><E75/><V114/><F114/><W11/><G11/><T14/><D14/><U108/><E108/><V13/><F13/><W107/><G107/><T2/><D2/><U1/><E1/><V131/><F131/><W100/><G100/><T48/><D48/><U0/><E0/><V54/><F78/><W109/><G109/><T91/><D132/><U50/><E124/><V111/><F111/><W81/><AGARI ba="1,1" hai="16,21,25,40,43,77,81,86" m="49258,25707" machi="81" ten="30,4000,0" yaku="19,1,52,1,54,1" doraHai="76" who="3" fromWho="3" sc="494,-11,164,-21,298,-11,34,53" /><INIT seed="6,0,0,5,3,4" ten="483,143,287,87" oya="2" hai0="122,99,101,55,26,43,92,63,67,95,106,38,123" hai1="80,96,108,83,112,8,54,102,132,1,111,18,11" hai2="53,32,71,33,64,135,49,19,79,121,82,97,21" hai3="89,68,0,66,109,13,118,81,110,60,62,87,125"/><V22/><F121/><W3/><G118/><T6/><D106/><U104/><E132/><V15/><F135/><W105/><G105/><T9/><D55/><U46/><E112/><V48/><F64/><W126/><G13/><T56/><D26/><U134/><E134/><V124/><F71/><W57/><G3/><T100/><D43/><U30/><E30/><V17/><F97/><W12/><G0/><T44/><D44/><U41/><E54/><V23/><F124/><W24/><G24/><T42/><D42/><U7/><E83/><V52/><F82/><W77/><G89/><T27/><D27/><U76/><E18/><V91/><F91/><W115/><G115/><T119/><D38/><N who="1" m="21815" /><E11/><V103/><F23/><W16/><G125/><T74/><D74/><AGARI ba="0,0" hai="1,7,8,74,76,80,96,102,104,108,111" m="21815" machi="74" ten="30,3900,0" yaku="25,1,23,1,52,1" doraHai="4" who="1" fromWho="0" sc="483,-39,143,39,287,0,87,0" /><INIT seed="7,0,0,5,1,58" ten="444,182,287,87" oya="3" hai0="96,4,0,132,56,95,20,87,48,112,92,120,13" hai1="1,73,94,77,65,46,6,107,122,79,66,9,27" hai2="38,81,126,3,44,42,103,41,60,114,117,62,51" hai3="34,22,23,14,69,70,18,84,119,2,53,19,49"/><W104/><G119/><T97/><D120/><U36/><E107/><V61/><F3/><W47/><G104/><T88/><D0/><U24/><E122/><V80/><F117/><W85/><G34/><T76/><D132/><U131/><E131/><V113/><F103/><W43/><G2/><T50/><D112/><N who="2" m="43114" /><F126/><W35/><G35/><T133/><D133/><U71/><E94/><V29/><F29/><W106/><G106/><T55/><D76/><U78/><E66/><V40/><F38/><W17/><G17/><N who="0" m="10287" /><D4/><U72/><E65/><V32/><F32/><W74/><G74/><T11/><D11/><U102/><E102/><V135/><F135/><W28/><G28/><T64/><D64/><U89/><E89/><V115/><N who="2" m="43122" /><V57/><DORA hai="5" /><F57/><W8/><G23/><T129/><D129/><U128/><E71/><V110/><F110/><W33/><G33/><T91/><D48/><U118/><E118/><V99/><F99/><AGARI ba="0,0" hai="50,55,56,87,88,91,92,95,96,97,99" m="10287" machi="99" ten="30,3900,0" yaku="25,1,8,1,54,1" doraHai="58,5" who="0" fromWho="2" sc="444,39,182,0,287,-39,87,0" owari="483,58.0,182,-22.0,248,5.0,87,-41.0" /></mjloggm>