<mjloggm ver="2.3"><GO type="169" lobby="0"/><UN n0="%E5%B0%B1%E6%B4%BB%E7%94%9F%40%E5%B7%9D%E6%9D%91%E8%BB%8D%E5%9B%A3" n1="%E5%A4%A9%E9%87%8E%E9%81%A0%E5%AD%90" n2="%7A%78%72%6C%68%61" n3="%64%6F%75%6D%6F%6B%75%6E" dan="16,16,16,17" rate="2153.27,2108.97,2056.48,2144.72" sx="M,F,M,M"/><TAIKYOKU oya="0"/><INIT seed="0,0,0,4,0,98" ten="250,250,250,250" oya="0" hai0="86,114,113,85,92,75,34,66,31,72,51,110,105" hai1="41,99,131,28,107,44,30,15,102,122,68,134,57" hai2="9,119,52,10,4,91,19,103,121,37,133,104,45" hai3="109,76,79,111,40,56,82,17,100,38,74,80,124"/><T14/><D105/><U55/><E122/><V33/><F121/><W130/><G38/><T29/><D66/><U127/><E134/><V36/><F33/><W90/><G40/><T97/><D14/><U88/><E68/><V108/><F108/><W117/><G117/><T0/><D0/><U42/><E127/><V62/><F133/><W89/><G56/><T73/><D110/><N who="3" m="41993" /><G17/><T39/><D39/><U123/><E131/><V78/><F78/><W20/><G20/><T77/><D51/><U25/><E44/><V120/><F120/><W18/><G18/><T83/><D34/><U8/><E123/><V12/><F119/><W21/><G130/><T125/><D125/><U5/><E28/><V27/><F91/><N who="3" m="34827" /><G21/><T16/><D16/><U59/><E88/><V54/><F54/><W6/><G6/><T132/><D132/><U65/><E65/><V32/><F32/><W22/><G22/><T69/><D69/><U64/><E30/><V95/><F10/><W1/><G1/><T126/><D126/><U7/><E7/><V53/><F4/><W93/><G124/><T115/><D31/><U13/><E15/><V50/><F53/><W58/><G58/><T26/><D26/><U94/><E25/><V67/><F37/><W63/><G63/><T118/><D29/><U128/><E128/><V43/><F27/><W46/><G46/><T47/><D47/><U24/><E24/><V49/><F67/><W48/><G48/><T35/><D35/><U106/><E64/><V112/><F36/><W87/><G93/><T81/><D118/><U116/><E116/><RYUUKYOKU ba="0,0" sc="250,-10,250,-10,250,-10,250,30" hai3="74,76,79,80,82,87,100" /><INIT seed="1,1,0,3,3,0" ten="240,240,240,280" oya="1" hai0="106,133,114,85,54,79,55,6,98,13,131,134,64" hai1="70,65,29,82,47,24,48,15,126,108,91,56,62" hai2="86,57,4,122,34,28,46,38,36,68,63,88,92" hai3="10,125,76,112,132,17,12,1,130,89,26,115,120"/><U97/><E108/><V123/><F68/><W23/><G76/><T74/><D74/><U96/><E126/><V53/><F4/><W104/><G104/><T77/><D64/><U67/><E67/><V109/><F109/><W22/><G89/><T40/><D40/><U100/><E15/><V3/><F3/><W50/><G50/><T33/><D33/><U116/><E116/><V84/><F84/><W45/><G45/><T127/><D127/><U39/><E39/><V27/><REACH who="2" step="1"/><F46/><REACH who="2" ten="240,240,230,280" step="2"/><W11/><G125/><T9/><D114/><U69/><E69/><V135/><F135/><N who="0" m="51722" /><D131/><U95/><E70/><V103/><F103/><W107/><G132/><T87/><D87/><U80/><E100/><V59/><F59/><W117/><G130/><T18/><D6/><U75/><E75/><V52/><F52/><N who="0" m="20010" /><D85/><U49/><E96/><V14/><F14/><W16/><G1/><T35/><D98/><U20/><E47/><V72/><F72/><W83/><G115/><T61/><D79/><U44/><E44/><V128/><F128/><W58/><G112/><T30/><D77/><U37/><E37/><AGARI ba="1,1" hai="27,28,34,36,37,38,53,57,63,86,88,92,122,123" machi="37" ten="40,2600,0" yaku="1,1,54,1,53,0" doraHai="0" doraHaiUra="129" who="2" fromWho="1" sc="240,0,240,-29,230,39,280,0" /><INIT seed="2,0,0,5,1,47" ten="240,211,269,280" oya="2" hai0="38,40,86,104,135,55,48,84,13,23,92,108,126" hai1="103,7,3,93,117,6,100,95,113,81,27,21,16" hai2="17,59,94,36,114,74,85,61,134,30,97,19,67" hai3="62,14,64,75,28,8,125,49,60,68,33,89,2"/><V131/><F114/><W34/><G125/><T109/><D104/><U51/><E117/><V80/><F74/><W102/><G2/><T121/><D121/><U79/><E113/><V70/><F134/><W76/><G89/><T54/><D38/><U112/><E112/><V101/><F131/><W119/><G119/><T25/><D135/><U124/><E124/><V110/><F110/><N who="0" m="42602" /><D13/><U115/><E115/><V123/><F123/><W65/><G102/><T56/><D40/><U20/><E3/><V71/><F36/><W5/><G28/><N who="0" m="17471" /><D126/><U37/><E37/><V63/><F30/><W88/><G75/><T72/><D72/><U132/><E132/><V44/><F71/><W32/><G76/><T52/><D92/><U116/><E116/><V107/><F107/><W133/><G133/><T91/><D91/><U43/><E100/><V106/><F106/><W90/><REACH who="3" step="1"/><G49/><REACH who="3" ten="240,211,269,270" step="2"/><N who="0" m="30735" /><D54/><U10/><E103/><V66/><F44/><AGARI ba="0,1" hai="44,48,55,84,86" m="30735,17471,42602" machi="44" ten="30,7700,0" yaku="14,1,52,2,54,1" doraHai="47" who="0" fromWho="2" sc="240,87,211,0,269,-77,270,0" /><INIT seed="3,0,0,2,3,97" ten="327,211,192,270" oya="3" hai0="30,43,65,102,54,91,23,57,111,74,103,7,53" hai1="114,104,88,44,67,116,77,62,63,16,76,131,15" hai2="124,4,112,71,48,26,18,29,21,10,123,86,49" hai3="12,33,93,58,31,1,64,87,25,117,38,11,85"/><W92/><G38/><T84/><D74/><U42/><E114/><V89/><F71/><W83/><G117/><T80/><D111/><U19/><E104/><V20/><F112/><W96/><G1/><T24/><D43/><U36/><E116/><V105/><F124/><W106/><G106/><T9/><D65/><U46/><E46/><V40/><F105/><W98/><G64/><T35/><D35/><U81/><E131/><V126/><F40/><W119/><G119/><T6/><D54/><U79/><E67/><V107/><F107/><W34/><G58/><T61/><REACH who="0" step="1"/><D7/><REACH who="0" ten="317,211,192,270" step="2"/><U75/><E75/><V133/><F126/><W108/><G108/><T72/><D72/><U14/><E42/><V135/><F123/><W113/><G34/><T130/><D130/><U52/><E52/><V28/><F4/><W128/><G128/><T13/><AGARI ba="0,1" hai="6,9,13,23,24,30,53,57,61,80,84,91,102,103" machi="13" ten="20,12000,2" yaku="1,1,0,1,7,1,8,1,52,2,53,1" doraHai="97" doraHaiUra="2" who="0" fromWho="0" sc="317,130,211,-30,192,-30,270,-60" /><INIT seed="4,0,0,3,0,68" ten="447,181,162,210" oya="0" hai0="134,132,131,66,20,16,67,59,13,107,117,92,2" hai1="79,53,130,35,5,42,19,12,4,101,102,122,121" hai2="95,116,104,30,113,22,123,70,127,72,82,87,34" hai3="26,58,91,133,1,18,105,41,8,106,64,37,33"/><T126/><D107/><U49/><E35/><V108/><RYUUKYOKU type="yao9" ba="0,0" sc="447,0,181,0,162,0,210,0" hai2="22,30,34,70,72,82,87,95,104,108,113,116,123,127" /><INIT seed="4,1,0,4,4,107" ten="447,181,162,210" oya="0" hai0="45,37,13,56,94,25,83,116,96,49,114,84,40" hai1="36,77,65,2,118,127,16,41,47,29,89,74,81" hai2="95,60,99,19,52,27,80,113,75,101,103,7,70" hai3="14,111,26,120,15,0,132,20,126,112,72,87,32"/><T123/><D114/><U22/><E118/><V38/><F38/><W44/><G87/><T24/><D123/><U91/><E127/><V18/><F113/><W78/><G44/><T59/><D116/><U50/><E29/><V102/><F7/><W3/><G78/><T21/><D13/><N who="3" m="4617" /><G32/><T9/><D9/><U108/><E108/><V93/><F70/><W135/><G111/><T30/><D37/><U66/><E2/><N who="3" m="554" /><G126/><T85/><D25/><U115/><E115/><V17/><F27/><W71/><G71/><T110/><D110/><U39/><E39/><V1/><F1/><W28/><G120/><T106/><D106/><U54/><E65/><V5/><F5/><W23/><G112/><T58/><REACH who="0" step="1"/><D83/><REACH who="0" ten="437,181,162,210" step="2"/><U117/><E117/><V125/><F125/><W129/><G26/><T105/><D105/><U131/><E81/><V31/><F31/><W46/><G28/><T67/><D67/><U109/><E66/><V57/><REACH who="2" step="1"/><F95/><REACH who="2" ten="437,181,152,210" step="2"/><W48/><G132/><T82/><D82/><U55/><E109/><V76/><AGARI ba="1,2" hai="17,18,19,52,57,60,75,76,80,93,99,101,102,103" machi="76" ten="30,16000,3" yaku="1,1,2,1,0,1,52,1,54,1,53,3" doraHai="107" doraHaiUra="97" who="2" fromWho="2" sc="437,-81,181,-41,152,183,210,-41" /><INIT seed="5,0,0,1,3,7" ten="356,140,335,169" oya="1" hai0="91,64,134,83,135,133,5,32,88,40,51,50,100" hai1="114,78,0,130,63,77,126,115,13,87,12,57,98" hai2="94,118,81,99,38,117,53,107,121,58,112,42,4" hai3="9,27,80,44,61,2,132,75,110,101,67,26,54"/><U105/><E0/><V28/><F107/><W82/><G110/><T106/><D32/><U120/><E120/><V79/><F121/><W24/><G132/><T70/><D70/><U6/><E126/><V95/><F95/><W111/><G111/><T22/><D64/><U122/><E122/><V30/><F4/><W89/><G101/><T49/><D40/><U127/><E127/><V96/><F96/><W31/><G31/><T19/><D5/><U131/><E98/><V34/><F34/><W14/><G2/><T33/><D33/><U18/><E105/><V73/><F42/><W66/><G75/><T119/><D119/><U37/><E37/><V113/><F38/><W11/><G14/><N who="1" m="5738" /><E18/><V56/><F28/><W23/><G23/><T92/><D106/><U129/><E6/><V60/><F30/><W69/><G89/><T45/><D45/><U62/><E87/><V72/><F72/><W125/><G125/><T36/><D36/><U16/><E16/><V123/><F123/><W109/><G109/><T76/><D19/><U103/><E103/><N who="2" m="60919" /><F118/><W108/><G108/><T97/><REACH who="0" step="1"/><D22/><REACH who="0" ten="346,140,335,169" step="2"/><U29/><E29/><V65/><F117/><W20/><G20/><T21/><D21/><U17/><E17/><V46/><F46/><W25/><N who="3" m="6656" /><DORA hai="128" /><W47/><G47/><T35/><D35/><U3/><E3/><V55/><F65/><N who="3" m="24587" /><G69/><T8/><D8/><N who="3" m="3145" /><G44/><T59/><D59/><AGARI ba="0,1" hai="54,59,61,80,82" m="3145,24587,6656" machi="59" ten="50,8000,1" yaku="8,1,52,3" doraHai="7,128" who="3" fromWho="0" sc="346,-80,140,0,335,0,169,90" /><INIT seed="6,0,0,0,3,108" ten="266,140,335,259" oya="2" hai0="15,3,112,66,72,11,90,97,127,124,45,109,78" hai1="83,105,41,29,55,50,101,118,63,120,51,115,37" hai2="129,19,56,107,14,80,60,102,130,6,110,62,91" hai3="31,49,113,58,67,125,42,26,40,43,79,103,48"/><V135/><F135/><W35/><G125/><N who="0" m="48203" /><D3/><U54/><E29/><V33/><F33/><W93/><G79/><T57/><D109/><U65/><E83/><V134/><F6/><W114/><G103/><T61/><D45/><N who="1" m="23727" /><E101/><V47/><F134/><W87/><G87/><T88/><D112/><N who="3" m="43113" /><G93/><T2/><D2/><U20/><E105/><V133/><F102/><W104/><G104/><T5/><D97/><U100/><E20/><V36/><F107/><W1/><G1/><T38/><D38/><U94/><E94/><V69/><F110/><W85/><G85/><T28/><D28/><U96/><E96/><V16/><F80/><AGARI ba="0,0" hai="5,11,15,57,61,66,72,78,80,88,90" m="48203" machi="80" ten="30,2000,0" yaku="18,1,54,1" doraHai="108" who="0" fromWho="2" sc="266,20,140,0,335,-20,259,0" /><INIT seed="7,0,0,3,0,63" ten="286,140,315,259" oya="3" hai0="105,50,91,110,78,129,112,71,99,81,107,123,65" hai1="120,19,35,61,39,93,31,51,29,109,113,11,117" hai2="132,45,84,20,34,13,21,134,124,121,57,27,70" hai3="58,115,18,16,126,114,100,4,54,42,49,17,56"/><W79/><G126/><T6/><D110/><U82/><E109/><V96/><F70/><W55/><G42/><T52/><D123/><U89/><E39/><V47/><F121/><W80/><G100/><T118/><D118/><U128/><E120/><V103/><F84/><W133/><G4/><T67/><D71/><U14/><E117/><V48/><F57/><W24/><G24/><T94/><D129/><U131/><E113/><V12/><F34/><W23/><G23/><N who="2" m="8777" /><F27/><W90/><G90/><T98/><D112/><N who="3" m="43049" /><G133/><N who="2" m="51305" /><F124/><W122/><G122/><T125/><D125/><U46/><E82/><V72/><F72/><N who="3" m="43111" /><G18/><T8/><D107/><U66/><E35/><V88/><F88/><W26/><G26/><T68/><D68/><U74/><E74/><V97/><F103/><W7/><G7/><T111/><D105/><U2/><E2/><V43/><F47/><W85/><G85/><N who="0" m="48311" /><D99/><AGARI ba="0,0" hai="12,13,43,45,48,96,97,99" m="51305,8777" machi="99" ten="30,1000,0" yaku="20,1" doraHai="63" who="2" fromWho="0" sc="286,-10,140,0,315,10,259,0" owari="276,8.0,140,-36.0,325,42.0,259,-14.0" /></mjloggm>