<mjloggm ver="2.3"><GO type="169" lobby="0"/><UN n0="%7A%6F%6F%31%39%36%34" n1="%E3%82%A6%E3%83%AB%E3%83%88%E3%83%A9%E7%AB%8B%E7%9B%B4" n2="%36%31%2E%38%EF%BC%85" n3="%74%61%6B%65%2D%79%6F%75" dan="16,17,17,16" rate="2048.63,2162.82,2147.73,2084.78" sx="M,M,M,F"/><TAIKYOKU oya="0"/><INIT seed="0,0,0,2,4,1" ten="250,250,250,250" oya="0" hai0="14,92,62,98,20,16,133,68,26,8,89,60,59" hai1="3,47,95,56,12,41,7,107,96,76,2,67,93" hai2="19,91,129,75,29,124,54,117,79,113,18,48,82" hai3="88,44,6,131,64,106,15,61,83,33,84,73,10"/><T87/><D133/><U85/><E107/><V121/><F121/><W130/><G106/><T24/><D68/><U38/><E67/><V80/><F113/><W42/><G33/><T122/><D122/><U28/><E28/><V112/><F112/><W114/><G73/><T40/><D40/><U49/><E56/><V57/><F129/><W34/><G34/><T17/><D26/><U105/><E105/><V25/><F124/><W58/><REACH who="3" step="1"/><G114/><REACH who="3" ten="250,250,250,240" step="2"/><T77/><D59/><U30/><E30/><V51/><F57/><W72/><G72/><T103/><REACH who="0" step="1"/><D77/><REACH who="0" ten="240,250,250,240" step="2"/><U63/><E76/><V135/><F79/><W125/><G125/><T4/><D4/><U81/><E7/><V90/><F135/><W45/><G45/><T27/><D27/><U22/><E47/><V23/><F25/><W101/><G101/><T0/><D0/><U104/><E2/><V102/><F102/><W110/><G110/><T115/><D115/><U35/><E3/><V50/><F90/><W123/><G123/><T108/><D108/><U11/><E35/><V70/><F91/><W119/><G119/><T5/><D5/><U36/><E38/><AGARI ba="0,2" hai="6,10,15,38,42,44,58,61,64,83,84,88,130,131" machi="38" ten="40,8000,1" yaku="1,1,52,1,54,1,53,1" doraHai="1" doraHaiUra="78" who="3" fromWho="1" sc="240,0,250,-80,250,0,240,100" /><INIT seed="1,0,0,4,1,0" ten="240,170,250,340" oya="1" hai0="70,96,52,10,93,14,31,121,12,48,130,73,9" hai1="75,42,2,109,5,11,114,53,86,97,13,40,18" hai2="129,110,128,84,72,58,51,4,102,54,33,133,125" hai3="74,134,111,80,50,39,26,62,20,35,117,106,17"/><U78/><E114/><V21/><F72/><W89/><G39/><T24/><D73/><U19/><E109/><V64/><F33/><W126/><G106/><T65/><D121/><U22/><E75/><V68/><F133/><W43/><G111/><T55/><D130/><U27/><E97/><V127/><F102/><W120/><G120/><T112/><D112/><U131/><E131/><N who="2" m="50251" /><F21/><W30/><G126/><N who="2" m="48137" /><F84/><W92/><G134/><T116/><D116/><U103/><E103/><V15/><F110/><W59/><G117/><T3/><D70/><U95/><E53/><V132/><F132/><W108/><G108/><T32/><D65/><U69/><E69/><V88/><F88/><W49/><G74/><T38/><D55/><U119/><E119/><V41/><F41/><W63/><G80/><T71/><D71/><U85/><E85/><V115/><F115/><W6/><G43/><T81/><D81/><U82/><REACH who="1" step="1"/><E95/><REACH who="1" ten="240,160,250,340" step="2"/><V57/><F68/><W105/><G92/><T99/><D93/><U25/><E25/><V87/><F87/><W91/><G26/><T56/><D99/><U118/><E118/><V45/><F64/><W135/><G135/><T104/><D96/><U94/><E94/><V36/><F54/><W113/><G113/><T98/><D98/><U67/><E67/><V29/><F29/><W76/><G30/><T8/><D31/><U37/><E37/><V101/><F36/><W46/><G105/><T61/><D104/><U44/><E44/><V90/><F101/><W122/><G122/><T60/><D38/><U124/><E124/><V28/><F28/><RYUUKYOKU ba="0,1" sc="240,-10,160,30,250,-10,340,-10" hai1="2,5,11,13,18,19,22,27,40,42,78,82,86" /><INIT seed="1,1,1,3,2,114" ten="230,190,240,330" oya="1" hai0="94,9,78,83,22,31,135,121,88,54,84,50,61" hai1="5,118,38,96,23,37,52,89,92,132,102,112,57" hai2="3,4,65,17,21,122,19,125,120,90,71,45,124" hai3="42,62,87,8,76,80,44,16,69,66,48,107,55"/><U6/><E112/><V126/><F65/><W43/><REACH who="3" step="1"/><G107/><REACH who="3" ten="230,190,240,320" step="2"/><T25/><D121/><U85/><E132/><V130/><F122/><W99/><G99/><T41/><D135/><U73/><E73/><V134/><F134/><W101/><G101/><T60/><D41/><U67/><E67/><V53/><F120/><W64/><G64/><T0/><D0/><U119/><E38/><V77/><F3/><W106/><G106/><T59/><REACH who="0" step="1"/><D9/><REACH who="0" ten="220,190,240,320" step="2"/><U115/><E37/><V13/><F126/><W98/><G98/><AGARI ba="1,3" hai="22,25,31,50,54,59,60,61,78,83,84,88,94,98" machi="98" ten="30,8000,1" yaku="1,1,2,1,7,1,8,1,54,1,53,0" doraHai="114" doraHaiUra="129" who="0" fromWho="3" sc="220,113,190,0,240,0,320,-83" /><INIT seed="2,0,0,1,0,107" ten="333,190,240,237" oya="2" hai0="42,101,25,56,90,77,68,124,112,83,110,12,35" hai1="17,116,31,130,73,108,76,75,131,6,126,49,51" hai2="13,86,67,94,36,74,44,7,106,43,11,89,48" hai3="37,16,100,47,115,60,26,28,62,57,98,54,8"/><V71/><F106/><W99/><G115/><T82/><D68/><U80/><E116/><V40/><F36/><W24/><G60/><T87/><D112/><U52/><E31/><V113/><F113/><W30/><G37/><T119/><D119/><U95/><E6/><V45/><F71/><W105/><G47/><T122/><D122/><U39/><E39/><V4/><F67/><W23/><G99/><T91/><D101/><U46/><E126/><V85/><F74/><W78/><G78/><T79/><D42/><N who="1" m="24791" /><E17/><V102/><F102/><W66/><G8/><T132/><D132/><U103/><E95/><V14/><F85/><W58/><G58/><T1/><D1/><U69/><E103/><V81/><F94/><W127/><G127/><T128/><D128/><N who="1" m="49195" /><E69/><V64/><F64/><W104/><G66/><T114/><D114/><U63/><E63/><V21/><F7/><W70/><G70/><T111/><D124/><U129/><N who="1" m="49203" /><U32/><DORA hai="109" /><E32/><V135/><F135/><W9/><G104/><T61/><D35/><U118/><E118/><V41/><F48/><W72/><G9/><T27/><D61/><U19/><E19/><AGARI ba="0,0" hai="4,11,13,14,19,21,40,41,43,44,45,81,86,89" machi="19" ten="40,2000,0" yaku="8,1" doraHai="107,109" who="2" fromWho="1" sc="333,0,190,-20,240,20,237,0" /><INIT seed="2,1,0,2,5,103" ten="333,170,260,237" oya="2" hai0="42,84,97,91,125,40,33,109,4,75,90,124,62" hai1="81,63,67,133,53,38,83,16,47,69,86,25,126" hai2="115,71,32,128,88,119,66,95,117,3,26,87,85" hai3="2,107,96,57,15,43,106,55,130,48,72,29,131"/><V76/><F3/><W13/><G2/><T5/><D33/><U94/><E126/><N who="0" m="48745" /><D75/><U60/><E133/><V50/><F115/><W61/><G72/><T36/><D109/><U78/><E94/><V120/><F120/><W31/><G96/><T110/><D110/><U9/><E83/><V17/><F128/><N who="3" m="49195" /><G43/><N who="0" m="16427" /><D36/><U112/><E112/><V118/><F50/><W35/><G48/><T46/><D46/><U6/><E38/><V70/><F66/><W82/><G82/><N who="0" m="49431" /><D62/><U8/><E47/><V56/><F119/><W100/><G100/><T105/><D91/><U123/><E123/><V99/><F118/><W134/><G134/><T79/><D79/><U129/><E129/><V92/><F76/><W19/><G15/><T37/><D37/><U22/><REACH who="1" step="1"/><E6/><REACH who="1" ten="333,160,260,237" step="2"/><V30/><F117/><W74/><G74/><T108/><D108/><U14/><E14/><V23/><F85/><W122/><G122/><T49/><D5/><U113/><E113/><V98/><F87/><W93/><G93/><T58/><D4/><U111/><E111/><V52/><F95/><W45/><G45/><T34/><D97/><U114/><E114/><V7/><F7/><W21/><G35/><T132/><D34/><U73/><E73/><V101/><F99/><W41/><G41/><T64/><D132/><U104/><E104/><AGARI ba="1,1" hai="13,19,21,29,31,55,57,61,104,106,107" m="49195" machi="104" ten="30,7700,0" yaku="19,1,52,3" doraHai="103" who="3" fromWho="1" sc="333,0,160,-80,260,0,237,90" /><INIT seed="3,0,0,0,2,106" ten="333,80,260,327" oya="3" hai0="46,113,1,97,4,83,93,134,10,44,53,102,40" hai1="82,19,85,41,94,28,16,123,112,18,29,108,21" hai2="101,38,109,0,37,133,54,96,77,33,125,99,55" hai3="95,52,51,23,72,8,22,48,78,39,88,62,105"/><W57/><G39/><T100/><D134/><U84/><E123/><V73/><F33/><W128/><G105/><T98/><D113/><U24/><E112/><V58/><F0/><W9/><G128/><T12/><D1/><U115/><E115/><V42/><F109/><W67/><G78/><T27/><D27/><U81/><E108/><V2/><F2/><W43/><G72/><T15/><D40/><U25/><E41/><V5/><F5/><W103/><G103/><T50/><D83/><U30/><E94/><V89/><F125/><W61/><G43/><T11/><D46/><U76/><REACH who="1" step="1"/><E21/><REACH who="1" ten="333,70,260,327" step="2"/><V107/><F42/><W111/><G111/><T63/><D63/><U66/><E66/><V114/><F114/><W124/><G124/><T119/><D119/><U90/><AGARI ba="0,1" hai="16,18,19,24,25,28,29,30,76,81,82,84,85,90" machi="90" ten="30,7900,0" yaku="1,1,0,1,8,1,54,1,53,0" doraHai="106" doraHaiUra="104" who="1" fromWho="1" sc="333,-20,70,89,260,-20,327,-39" /><INIT seed="4,0,0,2,0,82" ten="313,159,240,288" oya="0" hai0="39,52,33,68,117,51,99,59,57,133,103,13,19" hai1="109,93,91,120,80,104,121,5,127,48,129,113,96" hai2="90,66,20,36,110,41,17,4,123,61,37,67,63" hai3="118,88,49,8,25,84,12,32,128,44,65,62,6"/><T7/><D68/><U106/><E48/><V45/><F123/><N who="1" m="47177" /><E5/><V38/><F4/><W1/><G118/><T116/><D133/><U97/><E109/><V115/><F110/><W125/><G125/><T47/><D33/><U31/><E31/><V111/><F111/><W15/><G128/><T64/><D7/><U79/><E127/><V16/><F115/><W70/><G25/><T50/><D39/><U101/><E129/><V46/><F90/><W95/><REACH who="3" step="1"/><G32/><REACH who="3" ten="313,159,240,278" step="2"/><T71/><D117/><U35/><E35/><V77/><F38/><W87/><G87/><T11/><D116/><U30/><E30/><V55/><F37/><W69/><G69/><T24/><D24/><U43/><E43/><AGARI ba="0,1" hai="1,6,8,12,15,43,44,49,62,65,70,84,88,95" machi="43" ten="30,7700,0" yaku="1,1,7,1,52,1,54,1,53,0" doraHai="82" doraHaiUra="105" who="3" fromWho="1" sc="313,0,159,-77,240,0,278,87" /><INIT seed="5,0,0,3,1,89" ten="313,82,240,365" oya="1" hai0="50,73,9,31,14,112,91,22,16,15,41,110,48" hai1="94,21,90,123,104,97,117,68,42,116,100,30,38" hai2="131,52,101,93,132,128,54,1,6,19,58,84,66" hai3="39,113,80,56,44,121,87,119,24,120,3,47,111"/><U43/><E68/><V82/><F132/><W135/><G111/><T124/><D110/><U88/><E123/><V107/><F107/><W114/><G3/><T67/><D73/><U57/><E90/><V76/><F6/><W99/><G135/><T61/><D124/><U46/><E43/><V29/><F1/><W103/><G56/><T63/><D112/><N who="3" m="43113" /><G24/><T133/><D133/><U49/><E30/><V81/><F81/><W4/><G4/><T78/><D78/><U83/><E83/><V86/><F19/><W11/><G11/><T122/><D122/><N who="3" m="47209" /><G39/><T33/><D33/><U134/><E134/><V105/><F29/><W77/><G119/><T127/><D127/><U26/><E26/><V75/><F66/><W23/><G23/><T130/><D31/><U37/><E21/><V18/><F18/><W59/><G59/><T118/><D118/><U102/><E102/><V65/><F101/><W106/><AGARI ba="0,0" hai="44,47,77,80,87,99,103,106" m="47209,43113" machi="106" ten="30,1100,0" yaku="15,1" doraHai="89" who="3" fromWho="3" sc="313,-3,82,-5,240,-3,365,11" /><INIT seed="6,0,0,5,2,66" ten="310,77,237,376" oya="2" hai0="24,101,111,114,9,5,88,96,30,89,56,57,59" hai1="17,22,37,71,73,62,39,116,64,84,83,32,36" hai2="81,20,69,21,130,121,110,108,131,33,55,46,91" hai3="105,99,98,6,112,67,1,18,2,77,50,53,127"/><V26/><F121/><W54/><G77/><T93/><D114/><U38/><N who="1" m="9216" /><DORA hai="40" /><U72/><E32/><V25/><F69/><W104/><G67/><T135/><D135/><U102/><E102/><V58/><F91/><W43/><G43/><T70/><D70/><U16/><E116/><V60/><F81/><W48/><G6/><T28/><D111/><N who="2" m="42538" /><F46/><W78/><G78/><T94/><D24/><N who="2" m="9322" /><F33/><W23/><G112/><T123/><D123/><U44/><E44/><V92/><F92/><W15/><G98/><T45/><D45/><U113/><E113/><V86/><F86/><W133/><G99/><T124/><D101/><U79/><REACH who="1" step="1"/><E22/><AGARI ba="0,0" hai="20,21,22,55,58,60,130,131" m="9322,42538" machi="22" ten="30,1500,0" yaku="10,1" doraHai="66,40" who="2" fromWho="1" sc="310,0,77,-15,237,15,376,0" /><INIT seed="6,1,0,5,0,78" ten="310,62,252,376" oya="2" hai0="92,54,134,73,74,0,130,89,113,119,51,16,82" hai1="101,122,55,102,49,76,126,17,56,40,120,7,35" hai2="93,85,72,115,108,71,105,1,75,64,13,27,59" hai3="2,52,88,4,36,9,129,15,20,86,34,46,79"/><V135/><F115/><W83/><G34/><T21/><D0/><U107/><E35/><V33/><F105/><W58/><G129/><T63/><D130/><U31/><E31/><V133/><F71/><W90/><G36/><T67/><D113/><U98/><E126/><V114/><F114/><W104/><G104/><T77/><D74/><U57/><E7/><V66/><F13/><N who="3" m="5287" /><G46/><T23/><D134/><U39/><E102/><V124/><F124/><W87/><G2/><T12/><D23/><U99/><E99/><V103/><F1/><W41/><G41/><T110/><D110/><U70/><E70/><V94/><F94/><W116/><G116/><T96/><D119/><U38/><E17/><V53/><F27/><W18/><G86/><T121/><D121/><U47/><E38/><V127/><F33/><W50/><AGARI ba="1,0" hai="15,18,20,50,52,58,79,83,87,88,90" m="5287" machi="50" ten="30,7900,0" yaku="8,1,52,1,54,2" doraHai="78" who="3" fromWho="3" sc="310,-21,62,-21,252,-40,376,82" /><INIT seed="7,0,0,2,1,114" ten="289,41,212,458" oya="3" hai0="121,65,92,122,29,89,34,107,27,12,36,111,78" hai1="72,133,8,62,128,106,46,51,74,99,85,105,110" hai2="33,59,6,53,69,60,20,117,21,77,19,43,109" hai3="68,91,58,97,87,108,71,44,113,16,30,100,120"/><W129/><G129/><T80/><D107/><U115/><E51/><V38/><F33/><W7/><G7/><T17/><D36/><U41/><E62/><V25/><F109/><W11/><G30/><T131/><D65/><U103/><E46/><V47/><F6/><W35/><G35/><T64/><D64/><U135/><E41/><V52/><F69/><W66/><G44/><T57/><D57/><U123/><E8/><V1/><F1/><W96/><G96/><T67/><D67/><U98/><E110/><V126/><F126/><W14/><G113/><T5/><D5/><U81/><E115/><V2/><F2/><W82/><G120/><T75/><D131/><U0/><E0/><V28/><F77/><W37/><G37/><T88/><D89/><U79/><E123/><V94/><F53/><W124/><G124/><T50/><D50/><U23/><E23/><V63/><F63/><W61/><G108/><T118/><D118/><U13/><E13/><V104/><F117/><W48/><G48/><T4/><D4/><U112/><E112/><V102/><F21/><W127/><G127/><T9/><D111/><U90/><E128/><V26/><F26/><W40/><G40/><T56/><D56/><U24/><E24/><V130/><F130/><W31/><G31/><T42/><D42/><U73/><REACH who="1" step="1"/><E90/><REACH who="1" ten="289,31,212,458" step="2"/><V95/><F20/><W125/><G125/><T22/><D22/><U18/><E18/><V101/><F19/><W55/><G66/><T49/><D49/><U32/><E32/><V83/><F60/><W116/><G61/><T76/><D122/><RYUUKYOKU ba="0,1" sc="289,-10,31,30,212,-10,458,-10" hai1="72,73,74,79,81,85,98,99,103,105,106,133,135" owari="279,8.0,61,-44.0,202,-20.0,458,56.0" /></mjloggm>