<mjloggm ver="2.3"><GO type="225" lobby="0"/><UN n0="%E3%83%A9%E3%82%B0%E3%83%A9%E3%83%BC%E3%82%B8" n1="%E5%B0%B1%E6%B4%BB%E7%94%9F%40%E5%B7%9D%E6%9D%91%E8%BB%8D%E5%9B%A3" n2="%E3%83%AD%E3%83%9C%E3%82%B3%E3%83%97" n3="%E3%83%AA%E3%83%A7%E3%82%AA" dan="16,17,17,16" rate="2118.67,2213.25,2181.06,2170.85" sx="F,M,M,M"/><TAIKYOKU oya="0"/><INIT seed="0,0,0,0,3,52" ten="250,250,250,250" oya="0" hai0="21,122,22,46,84,89,17,135,60,8,101,23,62" hai1="75,30,76,95,128,14,36,94,28,116,31,96,112" hai2="68,56,126,120,104,61,113,29,111,91,93,49,123" hai3="24,124,34,47,0,77,63,69,26,59,103,134,132"/><T125/><D122/><U16/><E116/><V58/><F113/><W11/><G69/><T80/><D125/><U71/><E112/><V15/><F104/><W129/><G124/><T109/><D109/><U78/><E75/><V114/><F114/><W105/><G77/><T5/><D135/><N who="3" m="51753" /><G34/><T42/><D101/><U99/><E71/><V3/><F3/><W97/><G47/><T90/><D90/><N who="1" m="55383" /><E36/><V12/><F126/><W88/><G129/><T118/><D17/><U2/><E2/><V98/><F111/><W53/><G88/><T83/><D80/><U20/><E128/><V108/><F108/><W51/><G51/><T121/><D121/><U37/><E37/><V64/><F29/><N who="1" m="7425" /><U70/><DORA hai="1" /><E70/><V115/><F115/><W48/><G48/><N who="0" m="26711" /><D118/><U41/><E41/><V106/><F49/><W43/><G43/><T27/><D27/><U33/><E33/><V55/><F68/><W74/><G74/><T65/><D65/><U32/><E32/><V119/><F64/><W6/><AGARI ba="0,0" hai="0,6,11,24,26,53,59,63,97,103,105" m="51753" machi="6" ten="30,4000,0" yaku="20,1,52,2" doraHai="52,1" who="3" fromWho="3" sc="250,-20,250,-10,250,-10,250,40" /><INIT seed="1,0,0,0,2,31" ten="230,240,240,290" oya="1" hai0="89,131,100,90,106,119,9,95,58,105,78,17,65" hai1="88,39,132,45,20,33,85,41,60,30,62,24,51" hai2="48,73,117,21,91,103,12,44,4,125,13,126,101" hai3="99,64,104,6,76,77,19,56,25,134,120,111,50"/><U66/><E132/><V108/><F73/><W3/><G120/><T71/><D119/><U81/><E39/><V115/><F117/><W35/><G134/><T133/><D71/><U122/><E122/><V69/><F69/><W36/><G36/><T98/><D133/><U40/><E40/><V2/><F2/><W53/><G111/><T14/><D131/><U49/><E49/><V55/><F108/><W1/><G64/><T67/><D78/><U42/><E42/><V82/><F115/><W123/><G6/><T75/><D75/><U47/><E47/><V113/><F113/><W79/><G123/><T109/><D109/><U23/><E62/><V16/><F4/><W15/><G25/><T68/><D68/><AGARI ba="0,0" hai="20,23,24,30,33,41,45,51,60,66,68,81,85,88" machi="68" ten="30,5800,0" yaku="7,1,52,1,54,1" doraHai="31" who="1" fromWho="0" sc="230,-58,240,58,240,0,290,0" /><INIT seed="1,1,0,5,2,7" ten="172,298,240,290" oya="1" hai0="82,28,107,65,76,11,49,53,6,112,74,130,8" hai1="54,10,52,25,77,4,1,64,24,99,124,22,83" hai2="50,87,106,86,126,89,34,115,118,31,119,3,20" hai3="97,120,56,88,90,84,27,108,80,59,110,95,47"/><U109/><E124/><V48/><F106/><W96/><G120/><T132/><D112/><U79/><E109/><N who="3" m="42090" /><G97/><T105/><D130/><U5/><E5/><V68/><F34/><W55/><G27/><T37/><D37/><U19/><E64/><V60/><F3/><W36/><G55/><T45/><D132/><U30/><E99/><V69/><F115/><W101/><G101/><T14/><D28/><U58/><E58/><V93/><F126/><W66/><G66/><T35/><D35/><U113/><E113/><V12/><F60/><W121/><G121/><T92/><D65/><U100/><E100/><V9/><F31/><W70/><G70/><T62/><D62/><U104/><E104/><V102/><F102/><W13/><G13/><T134/><D134/><U117/><E117/><V40/><F68/><W17/><G17/><T39/><D39/><U72/><E79/><V98/><F69/><W51/><G51/><T116/><D116/><U0/><E0/><V16/><F50/><W38/><G38/><T42/><D42/><AGARI ba="1,0" hai="36,42,47,56,59,80,84,88,90,95,96" m="42090" machi="42" ten="30,2000,0" yaku="14,1,54,1" doraHai="7" who="3" fromWho="0" sc="172,-23,298,0,240,0,290,23" /><INIT seed="2,0,0,5,1,88" ten="149,298,240,313" oya="2" hai0="67,62,134,72,111,124,54,95,48,7,66,47,15" hai1="81,64,104,78,108,1,44,18,55,4,25,8,80" hai2="132,74,37,19,68,9,133,84,56,28,12,113,59" hai3="109,83,6,73,35,123,97,117,135,94,128,31,61"/><V50/><F74/><W122/><G117/><T5/><D72/><U70/><E104/><V92/><F37/><W46/><G135/><N who="2" m="51785" /><F68/><W76/><G128/><T10/><D134/><U119/><E119/><V101/><F113/><W87/><G6/><T27/><D111/><U77/><E108/><V45/><F28/><W58/><G109/><T98/><D124/><U57/><E70/><V34/><F34/><W127/><G73/><T11/><D27/><U129/><E129/><V79/><F79/><W21/><G35/><T30/><D30/><U63/><E25/><V53/><F84/><W24/><G46/><T42/><D54/><U65/><E18/><V23/><F23/><W0/><G0/><T103/><REACH who="0" step="1"/><D62/><REACH who="0" ten="139,298,240,313" step="2"/><U16/><E63/><V130/><F130/><W115/><G127/><T29/><D29/><U125/><E55/><V20/><F20/><W93/><G115/><T52/><D52/><U121/><E121/><V41/><F53/><N who="3" m="33999" /><G123/><T49/><D49/><U71/><E125/><V69/><F69/><W131/><G131/><T75/><D75/><U102/><E71/><V85/><F50/><W90/><G122/><T100/><D100/><U106/><E102/><V36/><F101/><W22/><G21/><T40/><D40/><U2/><E65/><V26/><F26/><W13/><G22/><T126/><D126/><U51/><E64/><V110/><F110/><W118/><G24/><T32/><D32/><U3/><E51/><V105/><F41/><W120/><G31/><T96/><D96/><U99/><E99/><V38/><F38/><W39/><G39/><RYUUKYOKU ba="0,1" sc="139,30,298,-10,240,-10,313,-10" hai0="5,7,10,11,15,42,47,48,66,67,95,98,103" /><INIT seed="3,1,1,0,3,54" ten="169,288,230,303" oya="3" hai0="52,59,107,38,39,93,53,117,40,19,82,87,41" hai1="94,135,58,64,79,42,101,121,8,112,22,16,114" hai2="84,62,99,68,86,18,88,32,73,4,109,105,132" hai3="70,83,51,27,80,67,0,55,50,5,10,69,31"/><W128/><G128/><T75/><D117/><U119/><E121/><V66/><F73/><W104/><G104/><T124/><D107/><U12/><E119/><V48/><F32/><W46/><G67/><T72/><D124/><U127/><E127/><V126/><F126/><W71/><REACH who="3" step="1"/><G51/><REACH who="3" ten="169,288,230,293" step="2"/><T118/><D118/><U102/><E64/><V36/><F48/><W92/><G92/><T129/><D129/><U111/><E94/><V90/><F66/><W122/><G122/><T25/><D39/><U115/><E112/><V24/><F36/><W77/><G77/><N who="0" m="46543" /><D38/><U97/><E79/><V9/><F132/><W116/><G116/><T35/><D72/><U2/><E114/><V81/><F105/><W34/><AGARI ba="1,2" hai="0,5,10,27,31,34,46,50,55,69,70,71,80,83" machi="34" ten="30,3000,0" yaku="1,1,0,1,53,0" doraHai="54" doraHaiUra="130" who="3" fromWho="3" sc="169,-11,288,-11,230,-11,293,53" owari="158,-34.0,277,8.0,219,-18.0,346,44.0" /></mjloggm>