<mjloggm ver="2.3"><GO type="41" lobby="0"/><UN n0="%53%77%69%73%73" n1="%6B%61%6B%65%67%6F" n2="%E5%85%A8%E3%81%A4%E6%95%99%E6%95%99%E7%A5%96" n3="%E5%B0%B1%E6%B4%BB%E7%94%9F%40%E5%B7%9D%E6%9D%91%E8%BB%8D%E5%9B%A3" dan="13,13,13,18" rate="1811.91,1804.64,1941.19,2201.10" sx="M,M,M,M"/><TAIKYOKU oya="0"/><INIT seed="0,0,0,3,0,16" ten="250,250,250,250" oya="0" hai0="20,18,85,81,68,94,122,79,31,3,114,75,108" hai1="13,40,101,131,41,51,90,96,66,89,128,126,7" hai2="8,46,1,62,38,65,103,133,58,12,57,107,123" hai3="87,104,71,117,99,93,98,77,124,30,6,32,23"/><T22/><D122/><U80/><E126/><V100/><F1/><W25/><G71/><T19/><D114/><U132/><E66/><V112/><F112/><W36/><G36/><T43/><D68/><U55/><E132/><V28/><F133/><W121/><G124/><T111/><D3/><U49/><E7/><V110/><F110/><N who="0" m="42026" /><D43/><N who="1" m="16459" /><E13/><V56/><F38/><W39/><G39/><T52/><D52/><U102/><E80/><V95/><F46/><W5/><G32/><T115/><D115/><U4/><E4/><V135/><F135/><W88/><G117/><T35/><D35/><U82/><E82/><V27/><F107/><W91/><G121/><T37/><D37/><U106/><E55/><V113/><F113/><W73/><G73/><T60/><D60/><U72/><E72/><V53/><F53/><W29/><G29/><T59/><D59/><U118/><E118/><V24/><F24/><W63/><G63/><T92/><D31/><U84/><E51/><V70/><F123/><W116/><G116/><T47/><D47/><U11/><E49/><V48/><F48/><W26/><G26/><N who="0" m="14615" /><D75/><U54/><E54/><V45/><F45/><W67/><G67/><T74/><D74/><U0/><E11/><V109/><F109/><W78/><G6/><T120/><D120/><U130/><E0/><V105/><F70/><W61/><G5/><T86/><D85/><U129/><E84/><V69/><F69/><W83/><G61/><T21/><D19/><U42/><E42/><V10/><F10/><W97/><G104/><T64/><D64/><U14/><E131/><RYUUKYOKU ba="0,0" sc="250,15,250,-15,250,-15,250,15" hai0="21,22,79,81,86,92,94" hai3="23,25,30,77,78,83,87,88,91,93,97,98,99" /><INIT seed="0,1,0,2,5,30" ten="265,235,235,265" oya="0" hai0="15,104,98,11,4,17,44,105,87,121,53,127,74" hai1="115,3,112,23,16,107,50,109,95,55,0,103,100" hai2="97,117,70,38,129,56,79,43,113,91,21,51,85" hai3="24,77,5,135,108,86,40,61,12,7,123,65,6"/><T19/><D121/><U89/><E107/><V72/><F70/><W10/><G108/><T14/><D74/><U67/><E67/><V52/><F113/><N who="1" m="43593" /><E109/><V76/><F72/><W47/><G135/><T34/><D87/><N who="1" m="52671" /><E100/><V46/><F129/><W33/><G123/><T69/><D69/><U28/><E28/><V13/><F97/><W122/><G122/><T18/><D98/><U42/><E42/><V8/><F117/><W110/><G110/><T35/><D44/><N who="1" m="28103" /><E103/><V49/><F38/><W58/><G77/><T64/><D53/><U32/><E32/><N who="0" m="12329" /><D64/><U1/><E1/><V90/><F90/><W131/><G131/><T80/><D80/><U66/><E66/><V96/><F96/><W118/><G118/><T126/><D105/><U62/><E62/><V48/><F48/><W39/><G86/><T99/><D99/><U111/><E111/><V54/><F43/><W25/><REACH who="3" step="1"/><G33/><REACH who="3" ten="265,235,235,255" step="2"/><T9/><D104/><U41/><E41/><V20/><F79/><W22/><G22/><T106/><D106/><U128/><E128/><V93/><REACH who="2" step="1"/><F76/><REACH who="2" ten="265,235,225,255" step="2"/><W36/><G36/><T82/><D82/><U94/><E94/><V119/><F119/><W114/><G114/><T92/><D92/><U31/><E31/><V116/><F116/><W75/><G75/><T133/><D133/><U37/><E37/><V84/><F84/><W130/><G130/><T2/><D2/><U125/><E3/><V29/><F29/><W27/><AGARI ba="1,2" hai="5,6,7,10,12,24,25,27,39,40,47,58,61,65" machi="27" ten="30,4000,0" yaku="1,1,0,1,53,1" doraHai="30" doraHaiUra="60" who="3" fromWho="3" sc="265,-21,235,-11,225,-11,255,63" /><INIT seed="1,0,0,1,4,17" ten="244,224,214,318" oya="1" hai0="47,64,22,79,42,21,16,112,59,40,82,97,45" hai1="23,44,73,125,11,7,15,115,26,88,108,93,14" hai2="30,71,101,2,75,34,5,94,122,29,77,113,1" hai3="19,38,27,50,65,57,46,89,43,103,117,109,76"/><U98/><E115/><V118/><F71/><W91/><G117/><T80/><D112/><U25/><E73/><V12/><F75/><W68/><G109/><T81/><D97/><U110/><E125/><V106/><F106/><W121/><G121/><T114/><D114/><U72/><E72/><V41/><F41/><N who="0" m="15978" /><D64/><U69/><E44/><N who="0" m="16969" /><D59/><U53/><E53/><V54/><F54/><N who="3" m="31959" /><G103/><T102/><D102/><U36/><E36/><V87/><F113/><W129/><G76/><T135/><D135/><U32/><E69/><V119/><F77/><W37/><G37/><T8/><D79/><U104/><E32/><V49/><F49/><W13/><G27/><T51/><D51/><U60/><E60/><V111/><F87/><W105/><G105/><T10/><D10/><U74/><E74/><V62/><F62/><N who="3" m="39991" /><G129/><T31/><D31/><N who="1" m="17855" /><E104/><V92/><F101/><W35/><G35/><T100/><D100/><U131/><E131/><V126/><F92/><W96/><G96/><T124/><D124/><U130/><E130/><V84/><F84/><W86/><G86/><T134/><D134/><U128/><E128/><V52/><F52/><W28/><G28/><T90/><D90/><U18/><E26/><V6/><F94/><W58/><G58/><T56/><D56/><U48/><E48/><V78/><F78/><W116/><G116/><T85/><D85/><U61/><E61/><V67/><F34/><W63/><G63/><T3/><D3/><U39/><E39/><V66/><F126/><W70/><G70/><T120/><D120/><U123/><E123/><V83/><F122/><RYUUKYOKU ba="0,0" sc="244,10,224,10,214,-30,318,10" hai0="8,16,21,22,80,81,82" hai1="7,11,14,15,18,88,93,98,108,110" hai3="13,19,38,43,46,89,91" /><INIT seed="1,1,0,1,3,23" ten="254,234,184,328" oya="1" hai0="38,135,87,36,68,15,62,52,86,56,108,77,106" hai1="44,31,26,43,55,123,83,8,111,72,84,74,30" hai2="42,104,7,49,99,19,121,53,124,70,54,47,61" hai3="25,102,0,109,39,22,101,133,17,116,16,65,126"/><U27/><E123/><V50/><F7/><W113/><G39/><T80/><D106/><U82/><E74/><V94/><F104/><W105/><G105/><T59/><D108/><U115/><E115/><V90/><F121/><W129/><G113/><T48/><D135/><U1/><E72/><V21/><F124/><W37/><G37/><T117/><D117/><U88/><E1/><V32/><F32/><W24/><G0/><T134/><D134/><U112/><E112/><V127/><F127/><W14/><G133/><T29/><D68/><U122/><E122/><V20/><F70/><W132/><G132/><T93/><D15/><U5/><E43/><V76/><F76/><W91/><G109/><T34/><D34/><U95/><E111/><V28/><F50/><W81/><G65/><T57/><D29/><N who="1" m="10763" /><E8/><V114/><F114/><W3/><G3/><T92/><D38/><U89/><E5/><V71/><F71/><W40/><G40/><T130/><D130/><U128/><E128/><V33/><F33/><W64/><G64/><T120/><D36/><U18/><E18/><V2/><F2/><W60/><G60/><T131/><D131/><U9/><E9/><V75/><F75/><W78/><G129/><T125/><D125/><U98/><E83/><V79/><F79/><W12/><G126/><T110/><D110/><U103/><E89/><V119/><F119/><W51/><G51/><AGARI ba="1,0" hai="26,27,44,51,55,82,84,88,95,98,103" m="10763" machi="51" ten="30,11600,0" yaku="8,1,52,2,54,1" doraHai="23" who="1" fromWho="3" sc="254,0,234,119,184,0,328,-119" /><INIT seed="1,2,0,4,0,64" ten="254,353,184,209" oya="1" hai0="112,0,48,56,69,106,113,36,108,58,28,92,24" hai1="126,37,57,52,39,82,2,110,59,3,116,67,34" hai2="124,119,47,114,23,93,21,95,76,117,120,17,29" hai3="20,88,80,30,105,89,72,22,135,75,96,35,99"/><U14/><E116/><V5/><F120/><W15/><G35/><T65/><D0/><U10/><E34/><V85/><F124/><W8/><G30/><T45/><D106/><U101/><E126/><V81/><F114/><W118/><G8/><T49/><D92/><U63/><E110/><V33/><F33/><W130/><G15/><T41/><D24/><U38/><E82/><V6/><F29/><W7/><G7/><N who="2" m="2569" /><F119/><W91/><G118/><T25/><D25/><U133/><E133/><V1/><F1/><W40/><G40/><T127/><D28/><U132/><E132/><V50/><F117/><W79/><G135/><T123/><D127/><U16/><REACH who="1" step="1"/><E101/><REACH who="1" ten="254,343,184,209" step="2"/><V51/><F51/><AGARI ba="2,1" hai="2,3,10,14,16,37,38,39,51,52,57,59,63,67" machi="51" ten="40,12000,1" yaku="1,1,2,1,54,2,53,0" doraHai="64" doraHaiUra="98" who="1" fromWho="2" sc="254,0,343,136,184,-126,209,0" /><INIT seed="1,3,0,1,3,22" ten="254,479,58,209" oya="1" hai0="48,81,12,113,135,125,3,112,31,26,28,52,119" hai1="78,39,41,71,20,123,36,13,76,134,86,130,53" hai2="59,16,44,24,65,15,40,98,99,5,61,131,34" hai3="60,97,85,45,55,124,105,101,29,0,67,75,82"/><U46/><E130/><V14/><F131/><W47/><G124/><T111/><D119/><U104/><E134/><V128/><F128/><W35/><G0/><T19/><D135/><U127/><E104/><V49/><F34/><W108/><G108/><T107/><D107/><U56/><E71/><V54/><F5/><W18/><G75/><T4/><D111/><U50/><E127/><V116/><F116/><W83/><G18/><T23/><D125/><U38/><E123/><V25/><F14/><W106/><G106/><T27/><D81/><U7/><E86/><V32/><F32/><W74/><G74/><T132/><D132/><U87/><E87/><V63/><F63/><W88/><G55/><T33/><D48/><U58/><E58/><V110/><F110/><W122/><G83/><T73/><D52/><U133/><E133/><V69/><F99/><W95/><G82/><T93/><D93/><U80/><E80/><V91/><F98/><W94/><G95/><T42/><D42/><U72/><E72/><V103/><F103/><W21/><G122/><T66/><D66/><U92/><E92/><V114/><F91/><W84/><G84/><T102/><D102/><U126/><E126/><V30/><F30/><W51/><G51/><T11/><D73/><U77/><E7/><V8/><F114/><W90/><G90/><T10/><AGARI ba="3,0" hai="3,4,10,11,12,19,23,26,27,28,31,33,112,113" machi="10" ten="20,12000,2" yaku="0,1,7,1,34,3,52,2" doraHai="22" who="0" fromWho="0" sc="254,129,479,-63,58,-33,209,-33" /><INIT seed="2,0,0,2,1,97" ten="383,416,25,176" oya="2" hai0="56,50,65,45,19,60,86,123,106,48,117,78,94" hai1="100,55,52,37,71,118,51,47,102,66,92,128,0" hai2="25,31,38,120,2,28,3,35,61,112,72,121,30" hai3="43,46,89,81,77,122,12,21,39,134,74,103,33"/><V101/><F72/><W20/><G33/><T70/><D123/><N who="2" m="47178" /><F101/><W85/><G122/><T58/><D106/><U11/><E118/><V126/><F38/><W8/><G134/><T98/><D117/><U73/><E73/><V130/><F61/><W69/><G69/><T42/><D19/><U64/><E71/><V5/><F112/><W105/><G103/><N who="1" m="39466" /><E37/><V90/><F90/><W95/><REACH who="3" step="1"/><G105/><REACH who="3" ten="383,416,25,166" step="2"/><T107/><D107/><U36/><E128/><V84/><F84/><W14/><G14/><T135/><D135/><U18/><E0/><N who="2" m="43" /><F126/><W44/><G44/><T10/><D70/><U116/><E47/><V127/><F127/><W88/><G88/><T111/><D45/><U15/><E15/><V68/><F68/><W87/><G87/><T109/><D86/><U53/><E36/><V67/><F67/><W49/><G49/><T57/><D50/><U54/><E51/><V4/><F130/><W83/><G83/><T59/><D48/><U22/><E66/><V9/><F9/><W108/><G108/><T13/><D65/><U76/><E116/><V17/><F35/><W124/><G124/><T26/><D111/><U133/><E11/><V41/><F41/><W16/><AGARI ba="0,1" hai="8,12,16,20,21,39,43,46,74,77,81,85,89,95" machi="16" ten="20,5200,0" yaku="1,1,0,1,7,1,54,1,53,0" doraHai="97" doraHaiUra="131" who="3" fromWho="3" sc="383,-13,416,-13,25,-26,166,62" owari="370,17.0,403,50.0,-1,-50.0,228,-17.0" /></mjloggm>