<mjloggm ver="2.3"><GO type="169" lobby="0"/><UN n0="%E5%9B%9B%E9%A2%A8%E7%8E%8B" n1="%E3%83%9A%E3%83%83%E3%83%81%E3%83%A7%E3%83%AA%E3%83%B3" n2="%E3%82%A6%E3%83%AB%E3%83%88%E3%83%A9%E7%AB%8B%E7%9B%B4" n3="%E2%91%A3%E3%82%BB%E3%83%B3%E3%83%81" dan="16,16,17,17" rate="2034.83,2122.32,2176.71,2186.57" sx="M,F,M,M"/><TAIKYOKU oya="0"/><INIT seed="0,0,0,3,1,77" ten="250,250,250,250" oya="0" hai0="63,24,64,87,57,60,133,112,110,65,84,120,56" hai1="33,78,79,42,34,49,35,50,59,54,93,61,38" hai2="44,88,70,130,95,19,43,30,21,2,66,18,107" hai3="117,102,10,116,109,58,91,1,13,100,89,111,82"/><T17/><D112/><U108/><E108/><N who="3" m="41546" /><G1/><T125/><D120/><U23/><E38/><V3/><F107/><W52/><G102/><T96/><D125/><U14/><E42/><V135/><F30/><W83/><G100/><T26/><D133/><U46/><E93/><V76/><F135/><W39/><G39/><T128/><D110/><U124/><E124/><V113/><F113/><W115/><G115/><T105/><D128/><U129/><E129/><V132/><F76/><W123/><G123/><T127/><D127/><U75/><E75/><V69/><F19/><N who="3" m="8631" /><G91/><T74/><D74/><U20/><E50/><V131/><F132/><W92/><G117/><T119/><D119/><U11/><E79/><V114/><F2/><W12/><G12/><T99/><D17/><U121/><E78/><V7/><F18/><W72/><G72/><T55/><D55/><U29/><E29/><V45/><F3/><W98/><G116/><T32/><D32/><U71/><E71/><V51/><F70/><W25/><G25/><T103/><D103/><U16/><REACH who="1" step="1"/><E121/><REACH who="1" ten="250,240,250,250" step="2"/><V134/><F69/><W81/><G83/><T5/><D105/><U101/><E101/><V62/><F134/><W6/><G6/><AGARI ba="0,1" hai="5,6,24,26,56,57,60,63,64,65,84,87,96,99" machi="6" ten="25,4800,0" yaku="22,2,8,1" doraHai="77" who="0" fromWho="3" sc="250,58,240,0,250,0,250,-48" /><INIT seed="0,1,0,3,2,93" ten="308,240,250,202" oya="0" hai0="46,55,77,127,118,71,84,65,49,38,120,111,80" hai1="63,5,101,109,30,14,48,26,1,53,27,125,44" hai2="61,126,60,41,16,13,68,32,20,0,28,45,52" hai3="123,103,106,119,92,108,134,99,131,135,95,9,128"/><T129/><D118/><U105/><E109/><V66/><F126/><W58/><G9/><T50/><D120/><U67/><E125/><V107/><F0/><W42/><G42/><T102/><D127/><U40/><E1/><V90/><F107/><W97/><G119/><T18/><D129/><N who="3" m="49737" /><G108/><T34/><D38/><U12/><E105/><V83/><F32/><W29/><G123/><T96/><D111/><U124/><E101/><V25/><F61/><W87/><G29/><T70/><D65/><U121/><E124/><V81/><F90/><N who="3" m="53343" /><G58/><T110/><D110/><U78/><E78/><V3/><F3/><W11/><G11/><T113/><D113/><U4/><E121/><V114/><F114/><W47/><G47/><T15/><D34/><U35/><E40/><V100/><F100/><AGARI ba="1,0" hai="95,97,99,100,103,106,134,135" m="53343,49737" machi="100" ten="30,8000,1" yaku="19,1,34,2,52,2" doraHai="93" who="3" fromWho="2" sc="308,0,240,0,250,-83,202,83" /><INIT seed="1,0,0,5,2,60" ten="308,240,167,285" oya="1" hai0="63,124,97,71,102,121,35,3,21,31,99,98,57" hai1="0,130,67,85,119,48,46,112,128,91,23,44,18" hai2="64,122,104,101,117,29,13,24,8,72,135,55,109" hai3="69,16,131,36,37,52,125,106,89,123,12,93,73"/><U25/><E119/><V113/><F72/><W47/><G106/><T43/><D124/><U114/><E0/><V59/><F122/><W45/><G123/><T41/><D121/><U87/><E46/><V88/><F117/><W81/><G69/><T22/><D3/><U115/><E67/><V76/><F113/><W110/><G125/><T7/><D7/><U66/><E66/><V19/><F76/><W62/><G73/><T133/><D133/><U49/><E49/><V84/><F135/><W134/><G134/><T107/><D71/><U92/><REACH who="1" step="1"/><E85/><REACH who="1" ten="308,230,167,285" step="2"/><V94/><F64/><W61/><G47/><T26/><D43/><AGARI ba="0,1" hai="18,23,25,43,44,48,87,91,92,112,114,115,128,130" machi="43" ten="40,12000,1" yaku="1,1,2,1,53,3" doraHai="60" doraHaiUra="108" who="1" fromWho="0" sc="308,-120,230,130,167,0,285,0" /><INIT seed="1,1,0,4,5,60" ten="188,360,167,285" oya="1" hai0="70,53,42,23,1,103,85,64,31,95,112,33,46" hai1="11,117,97,39,127,118,10,81,115,62,12,128,44" hai2="78,27,45,9,86,88,17,75,61,109,13,25,113" hai3="49,68,129,38,0,26,14,7,91,84,34,133,56"/><U57/><E115/><V36/><F109/><W107/><G38/><T69/><D112/><U121/><E121/><V51/><F113/><W94/><G68/><T59/><D1/><U63/><E127/><V72/><F36/><W18/><G107/><T19/><D33/><U135/><E128/><V58/><F78/><W116/><G129/><T35/><D35/><U37/><E135/><V87/><F87/><W100/><G100/><T28/><D42/><U71/><E81/><N who="2" m="49231" /><F75/><W29/><G133/><T114/><D46/><U52/><E97/><V22/><F22/><N who="3" m="11607" /><G116/><T124/><D124/><U106/><E106/><V130/><F72/><W54/><G7/><T32/><D32/><U50/><E10/><V16/><F17/><W41/><G41/><T122/><D122/><U132/><E132/><V8/><F8/><W104/><G104/><T4/><D4/><U99/><E99/><V77/><F77/><W48/><G0/><T110/><D70/><U96/><E96/><V40/><F130/><W131/><G131/><T30/><D69/><U47/><E47/><V76/><F76/><W101/><G101/><T108/><D103/><U83/><E71/><V43/><F43/><W3/><G3/><T66/><D114/><U67/><E39/><V89/><F89/><W90/><G91/><N who="0" m="53743" /><D110/><U134/><E37/><V79/><F79/><W126/><G126/><T92/><D108/><U21/><E134/><V82/><F82/><W80/><G80/><T74/><D92/><U15/><E83/><V111/><F111/><W2/><G2/><T55/><D74/><U93/><E118/><RYUUKYOKU ba="1,0" sc="188,-15,360,-15,167,15,285,15" hai2="9,13,16,25,27,40,45,51,58,61" hai3="26,29,34,48,49,54,56,84,90,94" /><INIT seed="2,2,0,5,4,82" ten="173,345,182,300" oya="2" hai0="38,115,26,48,83,117,11,113,70,120,17,13,30" hai1="45,12,3,121,21,16,52,105,87,56,93,59,35" hai2="109,9,68,71,102,58,61,101,64,94,129,89,29" hai3="72,15,67,51,130,74,18,77,126,100,114,112,125"/><V107/><F129/><W24/><G130/><T118/><D120/><U23/><E105/><V63/><F109/><W84/><G100/><T124/><D38/><U123/><E3/><V14/><F29/><W40/><G67/><T0/><D70/><U91/><E35/><V111/><F111/><W104/><G104/><T106/><D106/><U4/><E4/><V81/><F81/><N who="3" m="47151" /><G24/><T5/><D83/><U133/><E133/><V10/><F107/><W73/><G51/><T86/><D86/><U108/><E108/><V42/><F42/><W116/><G40/><T135/><D124/><N who="3" m="47721" /><G116/><N who="0" m="44651" /><D48/><N who="1" m="28687" /><E123/><V32/><F32/><W31/><G31/><T128/><D128/><U55/><E121/><V65/><F58/><N who="1" m="22057" /><E55/><V76/><F76/><W88/><G114/><T41/><D41/><U47/><E47/><V66/><F66/><W95/><G112/><T22/><D135/><U78/><E78/><V19/><REACH who="2" step="1"/><F10/><AGARI ba="2,0" hai="0,5,10,11,13,17,22,26,30,113,115" m="44651" machi="10" ten="30,3900,0" yaku="12,1,34,2" doraHai="82" who="0" fromWho="2" sc="173,45,345,0,182,-45,300,0" /><AGARI ba="2,0" hai="10,12,16,21,23,87,91,93" m="22057,28687" machi="10" ten="30,7700,0" yaku="8,1,52,1,54,2" doraHai="82" who="1" fromWho="2" sc="218,0,345,77,137,-77,300,0" /><INIT seed="3,0,0,2,4,46" ten="218,422,60,300" oya="3" hai0="118,64,69,72,58,47,14,131,100,87,84,101,44" hai1="121,135,8,41,70,95,38,2,124,98,116,23,91" hai2="12,73,79,109,13,127,82,20,57,1,5,78,74" hai3="65,67,4,108,33,94,16,129,36,96,119,9,22"/><W35/><G36/><T102/><D72/><U128/><E70/><V52/><F109/><W106/><G106/><T122/><D69/><U83/><E121/><V18/><F127/><W50/><G119/><T126/><D122/><U49/><E124/><V48/><F1/><W37/><G37/><T32/><D32/><U80/><E116/><V75/><REACH who="2" step="1"/><F78/><REACH who="2" ten="218,422,50,300" step="2"/><W97/><G108/><T27/><D118/><U30/><E2/><V77/><F77/><W10/><G129/><T24/><D131/><U110/><E128/><V11/><AGARI ba="0,1" hai="5,11,12,13,18,20,48,52,57,73,74,75,79,82" machi="11" ten="30,7900,0" yaku="1,1,0,1,52,1,54,1,53,0" doraHai="46" doraHaiUra="66" who="2" fromWho="2" sc="218,-20,422,-20,50,89,300,-39" /><INIT seed="4,0,0,4,2,117" ten="198,402,139,261" oya="0" hai0="36,85,102,3,118,56,65,77,134,98,94,8,123" hai1="47,34,27,121,93,30,40,51,5,109,63,4,89" hai2="50,80,92,90,54,74,57,39,33,10,120,127,66" hai3="76,130,119,23,12,37,46,11,53,75,69,7,96"/><T72/><D118/><U14/><E109/><V32/><F39/><W55/><G119/><T126/><D134/><U132/><E121/><V48/><F127/><W61/><G96/><T26/><D126/><U79/><E132/><V24/><F66/><W81/><G23/><T131/><D36/><U73/><E14/><V82/><F120/><W52/><G130/><T42/><D42/><U22/><E34/><V70/><F70/><W9/><G9/><T2/><D123/><U62/><E79/><V122/><F122/><W29/><G29/><T128/><D72/><U87/><E73/><V105/><F105/><W28/><G28/><T84/><D26/><U21/><E21/><V38/><F38/><W41/><REACH who="3" step="1"/><G69/><REACH who="3" ten="198,402,139,251" step="2"/><T104/><D8/><U97/><E97/><V88/><F10/><W49/><G49/><T107/><D131/><U19/><E30/><V125/><F125/><W20/><G20/><T64/><D128/><U25/><E25/><V135/><F24/><W124/><G124/><T133/><D98/><U68/><E68/><V6/><F32/><W43/><G43/><T103/><D133/><U83/><E83/><V35/><F50/><W78/><G78/><T15/><D77/><U116/><E116/><V60/><F82/><W86/><G86/><T17/><D84/><U1/><E1/><V91/><F80/><W31/><G31/><T108/><D85/><U67/><E62/><AGARI ba="0,1" hai="7,11,12,37,41,46,52,53,55,61,62,75,76,81" machi="62" ten="40,5200,0" yaku="1,1,54,1,53,1" doraHai="117" doraHaiUra="71" who="3" fromWho="1" sc="198,0,402,-52,139,0,251,62" /><INIT seed="5,0,0,5,0,44" ten="198,350,139,313" oya="1" hai0="3,26,20,5,50,75,59,13,53,98,14,37,38" hai1="61,125,126,100,25,105,79,66,133,57,31,48,96" hai2="83,4,115,113,135,68,134,64,129,7,108,82,6" hai3="107,85,127,91,65,63,76,46,95,35,56,112,60"/><U21/><E133/><N who="2" m="50699" /><F108/><W42/><G112/><N who="2" m="43081" /><F129/><W84/><G127/><T49/><D75/><U121/><E121/><V73/><F73/><W116/><G116/><T89/><D3/><U102/><E102/><V118/><F118/><W28/><G107/><T120/><D120/><U58/><E79/><V111/><F111/><W51/><G35/><T114/><D114/><U2/><E2/><V36/><F36/><W78/><G28/><N who="0" m="17479" /><D38/><U131/><E131/><V39/><F39/><W92/><G63/><AGARI ba="0,0" hai="4,6,7,63,64,68,82,83" m="43081,50699" machi="63" ten="40,5200,0" yaku="20,1,15,1,11,1" doraHai="44" who="2" fromWho="3" sc="198,0,350,0,139,52,313,-52" /><INIT seed="6,0,0,0,0,94" ten="198,350,191,261" oya="2" hai0="79,62,99,42,135,98,34,77,19,131,97,124,71" hai1="53,72,120,25,28,88,60,86,3,7,113,84,119" hai2="35,8,116,29,67,123,75,92,85,23,110,33,64" hai3="108,132,128,26,40,39,14,6,30,31,107,21,93"/><V22/><F75/><W49/><G107/><T105/><D105/><U104/><E72/><V56/><F123/><W16/><G108/><T69/><D34/><U102/><E119/><V58/><F116/><W121/><G121/><T45/><D124/><U112/><E120/><V66/><F110/><W129/><G39/><T47/><D135/><U106/><E3/><V109/><F109/><W61/><G132/><T15/><D131/><N who="3" m="50249" /><G61/><T134/><D134/><U5/><E60/><V70/><F70/><W117/><G117/><T41/><D62/><U76/><E53/><V74/><F74/><W65/><G65/><T83/><D19/><U101/><E76/><N who="0" m="29257" /><D83/><U36/><E36/><V114/><F114/><W96/><G6/><T1/><D15/><U50/><E50/><V2/><F35/><W95/><G95/><T115/><D1/><U54/><E54/><V80/><F33/><W130/><N who="3" m="50257" /><W118/><DORA hai="55" /><G118/><T46/><D115/><N who="1" m="44107" /><E86/><V73/><F73/><W90/><G14/><T81/><D81/><N who="1" m="49167" /><E106/><V125/><F125/><W44/><AGARI ba="0,0" hai="16,21,26,30,31,40,44,49,90,93,96" m="50257" machi="44" ten="40,5200,0" yaku="19,1,52,1,54,1" doraHai="94,55" who="3" fromWho="3" sc="198,-13,350,-13,191,-26,261,52" /><INIT seed="7,0,0,5,0,10" ten="185,337,165,313" oya="3" hai0="93,23,132,15,36,3,35,67,117,63,108,61,26" hai1="112,107,86,33,103,43,122,9,7,74,97,106,113" hai2="76,11,25,32,14,40,65,126,13,48,78,53,119" hai3="12,70,115,90,80,44,18,101,123,42,87,57,116"/><W60/><G116/><T94/><D108/><U121/><E33/><V16/><F119/><W92/><G123/><N who="1" m="47114" /><E86/><V31/><F40/><W5/><G115/><N who="1" m="44106" /><E43/><V49/><F65/><N who="3" m="39055" /><G70/><T37/><D67/><U129/><E74/><V39/><F39/><W124/><G124/><T46/><D37/><U96/><E129/><V104/><F104/><N who="1" m="39977" /><E103/><V56/><F126/><W99/><G5/><T47/><D36/><U82/><E82/><V1/><F1/><AGARI ba="0,0" hai="1,7,9,96,97" m="39977,44106,47114" machi="1" ten="40,1300,0" yaku="15,1" doraHai="10" who="1" fromWho="2" sc="185,0,337,13,165,-13,313,0" owari="185,-21.0,350,45.0,152,-35.0,313,11.0" /></mjloggm>