<mjloggm ver="2.3"><GO type="169" lobby="0"/><UN n0="%E5%B0%B1%E6%B4%BB%E7%94%9F%40%E5%B7%9D%E6%9D%91%E8%BB%8D%E5%9B%A3" n1="%E3%83%87%E3%82%A3%E3%82%BD%E3%83%BC%E3%83%AB" n2="%E3%81%8F%E3%81%85%E3%81%A1%E3%82%83%E3%82%93%EF%BC%A0%50%45" n3="%E5%A4%9C%E6%98%8E%E3%81%91%E3%81%AE%42%45%41%54" dan="16,16,16,17" rate="2180.28,2102.46,2124.73,2153.17" sx="M,M,M,M"/><TAIKYOKU oya="0"/><INIT seed="0,0,0,2,3,100" ten="250,250,250,250" oya="0" hai0="20,59,134,10,121,111,45,67,80,123,56,53,44" hai1="4,86,17,81,12,63,69,127,77,85,131,57,120" hai2="29,75,52,74,8,70,37,84,55,5,3,78,28" hai3="107,116,128,79,1,26,24,47,118,60,61,71,25"/><T19/><D134/><U72/><E120/><V87/><F70/><W2/><G128/><T51/><D111/><U91/><E131/><V49/><F37/><W119/><G79/><T117/><D117/><U90/><E69/><V102/><F102/><W30/><G30/><T41/><D121/><U92/><E127/><V98/><F98/><W105/><G47/><T14/><D123/><U58/><E4/><V104/><F104/><N who="3" m="40011" /><G71/><T112/><D112/><U103/><E103/><V109/><F109/><W114/><G114/><T31/><D80/><U21/><REACH who="1" step="1"/><E63/><AGARI ba="0,0" hai="1,2,24,25,26,60,61,63,116,118,119" m="40011" machi="63" ten="40,8000,1" yaku="28,2,52,3" doraHai="100" who="3" fromWho="1" sc="250,0,250,-80,250,0,250,80" /><INIT seed="1,0,0,4,0,133" ten="250,170,250,330" oya="1" hai0="111,50,52,31,100,92,63,70,119,97,28,134,27" hai1="107,42,64,114,43,88,89,79,68,2,128,25,21" hai2="37,16,18,115,5,99,84,49,117,35,123,54,83" hai3="65,59,14,15,90,73,53,71,0,76,57,78,80"/><U13/><E114/><V55/><F115/><W39/><G39/><T56/><D134/><U66/><E107/><V33/><F37/><W130/><G0/><T96/><D119/><U9/><E2/><V121/><F5/><W69/><G130/><T98/><D111/><U60/><E128/><V102/><F117/><W1/><G1/><T103/><D31/><U95/><E79/><V124/><F124/><W61/><G76/><T11/><D11/><U122/><E122/><V87/><F49/><W8/><G90/><T135/><D135/><U118/><E66/><V110/><F99/><W106/><G106/><T91/><D70/><U17/><E89/><V113/><F113/><W24/><G24/><T30/><D30/><U46/><E46/><V86/><F86/><W127/><G127/><T4/><D4/><U105/><E105/><V51/><F51/><W40/><G40/><T112/><D112/><U74/><E74/><V26/><F26/><W75/><G75/><T38/><D38/><U81/><E81/><V109/><F102/><W101/><G101/><T67/><D100/><U19/><REACH who="1" step="1"/><E118/><REACH who="1" ten="250,160,250,330" step="2"/><V10/><F10/><W62/><G8/><T125/><D91/><U129/><E129/><V82/><AGARI ba="0,1" hai="16,18,33,35,54,55,82,83,84,87,109,110,121,123" machi="82" ten="25,6400,0" yaku="0,1,22,2,54,1" doraHai="133" who="2" fromWho="2" sc="250,-16,160,-32,250,74,330,-16" /><INIT seed="2,0,0,1,5,131" ten="234,128,324,314" oya="2" hai0="3,22,16,21,60,50,133,5,77,86,132,130,20" hai1="72,128,25,28,92,104,29,17,74,118,2,135,91" hai2="40,55,108,94,15,79,123,89,48,11,85,97,124" hai3="44,117,126,99,73,82,18,65,102,6,58,47,96"/><V23/><F123/><W45/><G117/><T32/><D130/><U114/><E128/><V42/><F124/><W33/><G33/><T61/><D32/><U13/><E114/><V35/><F35/><W0/><G126/><T121/><D121/><U41/><E118/><V7/><F108/><W80/><G0/><T122/><D122/><U69/><E104/><V110/><F110/><W52/><G6/><T36/><D36/><U1/><E69/><V106/><F106/><W57/><G65/><T119/><D119/><U30/><E25/><V83/><REACH who="2" step="1"/><F23/><REACH who="2" ten="234,128,314,314" step="2"/><W111/><G111/><T51/><D22/><U103/><E2/><V87/><F87/><W84/><G84/><T26/><D21/><U66/><E1/><V76/><F76/><W8/><G73/><T107/><D107/><U71/><E74/><V93/><F93/><N who="3" m="58735" /><G96/><T109/><D109/><U39/><E72/><V67/><F67/><W62/><G82/><T34/><D34/><U81/><E66/><V14/><F14/><N who="3" m="7495" /><G80/><T9/><D86/><U31/><E81/><V95/><F95/><W53/><G44/><AGARI ba="0,1" hai="7,11,15,40,42,44,48,55,79,83,85,89,94,97" machi="44" ten="30,5800,0" yaku="1,1,7,1,8,1,53,0" doraHai="131" doraHaiUra="125" who="2" fromWho="3" sc="234,0,128,0,314,68,314,-58" /><INIT seed="2,1,0,0,1,102" ten="234,128,382,256" oya="2" hai0="15,77,27,68,70,56,84,113,85,128,31,87,115" hai1="122,133,61,63,18,48,60,66,107,91,50,82,99" hai2="86,98,8,20,73,7,67,57,114,28,4,6,10" hai3="22,134,13,1,9,45,76,71,104,52,129,3,132"/><V30/><F73/><W38/><G71/><T121/><D121/><U78/><E133/><N who="3" m="51306" /><G129/><T124/><D124/><U83/><E122/><V126/><F126/><W95/><G76/><T119/><D128/><U2/><E66/><V58/><F114/><W135/><G135/><T103/><D119/><U120/><E120/><V21/><F98/><W90/><G22/><N who="2" m="8809" /><F86/><N who="3" m="52695" /><G104/><T79/><D103/><U93/><E2/><V29/><F67/><W75/><G75/><T24/><D56/><AGARI ba="1,0" hai="4,6,7,8,10,28,29,30,56,57,58" m="8809" machi="56" ten="40,7700,0" yaku="28,2,8,1" doraHai="102" who="2" fromWho="0" sc="234,-80,128,0,382,80,256,0" /><INIT seed="2,2,0,0,2,14" ten="154,128,462,256" oya="2" hai0="55,121,13,47,42,134,20,125,4,54,26,22,107" hai1="114,61,38,62,123,127,90,25,41,44,84,32,72" hai2="79,59,16,130,75,43,11,17,126,58,109,21,117" hai3="66,23,96,64,12,89,30,69,92,102,33,7,105"/><V115/><F117/><W73/><G33/><T85/><D121/><U15/><E114/><V27/><F115/><W60/><G66/><T29/><D107/><U116/><E116/><V10/><F126/><W119/><G119/><T49/><D125/><U18/><E127/><V86/><F75/><W120/><G120/><T68/><D68/><U45/><E123/><V99/><F130/><W103/><G73/><T5/><D134/><U2/><E2/><V81/><F43/><W9/><G30/><T112/><D112/><U76/><E45/><V101/><F109/><W95/><G105/><T131/><D131/><U40/><E40/><V111/><F111/><W106/><G106/><T51/><D85/><U87/><E72/><V37/><F37/><W6/><G6/><T97/><D97/><U100/><E100/><V77/><F77/><W34/><G34/><T31/><D42/><U122/><E122/><V67/><F67/><W36/><G36/><T94/><D94/><U129/><E129/><V93/><F10/><W52/><G23/><T91/><D91/><U71/><E76/><V0/><F0/><W104/><G104/><T133/><D133/><U1/><E1/><V82/><F81/><W57/><REACH who="3" step="1"/><G92/><REACH who="3" ten="154,128,462,246" step="2"/><T83/><D29/><U78/><E32/><V110/><F110/><W70/><G70/><T113/><D113/><U128/><E71/><V118/><F118/><W24/><G24/><T53/><D5/><U28/><E25/><V8/><F8/><W46/><G46/><T56/><D4/><U74/><E28/><N who="2" m="17519" /><F11/><W35/><G35/><T63/><D26/><RYUUKYOKU ba="2,1" sc="154,-15,128,-15,462,15,246,15" hai2="16,17,58,59,79,82,86,93,99,101" hai3="7,9,12,52,57,60,64,69,89,95,96,102,103" /><INIT seed="2,3,1,0,0,10" ten="139,113,477,261" oya="2" hai0="43,60,112,40,128,101,44,66,96,52,74,86,110" hai1="69,59,49,71,98,84,58,113,83,118,126,88,68" hai2="16,22,67,79,104,73,39,90,119,87,133,54,25" hai3="124,89,20,56,37,42,85,100,111,2,99,93,115"/><V19/><F119/><W103/><G2/><T13/><D74/><U121/><E118/><V76/><F104/><W105/><G111/><T38/><D112/><U0/><E113/><V41/><F133/><W6/><G115/><T129/><D110/><U132/><E126/><V33/><F33/><W64/><G124/><T70/><D86/><U114/><E114/><V91/><F67/><W28/><G6/><T97/><D43/><U75/><E132/><V72/><F54/><W48/><G37/><T7/><D52/><U109/><E121/><V82/><F41/><W80/><G105/><T12/><D7/><U18/><E0/><V17/><F39/><W23/><G100/><T123/><D123/><U24/><E75/><V5/><F5/><W61/><G28/><T15/><REACH who="0" step="1"/><D97/><REACH who="0" ten="129,113,477,261" step="2"/><U131/><E109/><V134/><F134/><W77/><G77/><T32/><D32/><U3/><E131/><V11/><F87/><W135/><G135/><T57/><D57/><U117/><E71/><V127/><F127/><W95/><G80/><T78/><D78/><U34/><E69/><V120/><F120/><W108/><G108/><T1/><D1/><U62/><E68/><V94/><F76/><W8/><G42/><T27/><D27/><U81/><E3/><V106/><F73/><W65/><G65/><T122/><D122/><U53/><E34/><V31/><F72/><W63/><G63/><T92/><AGARI ba="3,2" hai="12,13,15,38,40,44,60,66,70,92,96,101,128,129" machi="92" ten="30,8000,1" yaku="1,1,0,1,52,3,53,0" doraHai="10" doraHaiUra="116" who="0" fromWho="0" sc="129,109,113,-23,477,-43,261,-23" /><INIT seed="3,0,0,0,2,81" ten="238,90,434,238" oya="3" hai0="23,24,12,84,79,82,64,62,86,107,122,131,100" hai1="26,83,43,93,48,129,11,112,76,69,74,18,38" hai2="133,128,10,46,36,111,6,108,114,14,0,27,99" hai3="97,113,104,42,60,68,117,20,134,55,45,9,70"/><W51/><G117/><T33/><D122/><U4/><E112/><V35/><F114/><W101/><G113/><T85/><D131/><U87/><E69/><V19/><F36/><W17/><G134/><T135/><D135/><U132/><E132/><V66/><F66/><W75/><G75/><T110/><D110/><N who="2" m="42026" /><F99/><W2/><G2/><T130/><D130/><U61/><E129/><V72/><F46/><W119/><G119/><T49/><D33/><U34/><E38/><V1/><F72/><W16/><G9/><T63/><D100/><U123/><E123/><V94/><F94/><W7/><G7/><T29/><D107/><U90/><E61/><N who="0" m="23049" /><D64/><U3/><E43/><V56/><F56/><W120/><G120/><T98/><D98/><U41/><E41/><V109/><F109/><W73/><G73/><T54/><D12/><U95/><E48/><V124/><F133/><W25/><REACH who="3" step="1"/><G17/><REACH who="3" ten="238,90,434,228" step="2"/><T116/><D116/><U15/><E74/><V30/><F128/><W105/><G105/><T58/><AGARI ba="0,1" hai="23,24,29,49,54,58,79,82,84,85,86" m="23049" machi="58" ten="30,7900,0" yaku="8,1,52,3" doraHai="81" who="0" fromWho="0" sc="238,89,90,-20,434,-20,228,-39" /><INIT seed="4,0,0,2,2,40" ten="327,70,414,189" oya="0" hai0="24,7,19,108,80,48,101,68,47,93,29,0,17" hai1="50,60,98,77,82,131,96,35,133,83,127,38,31" hai2="4,2,128,65,43,52,132,63,110,104,117,61,21" hai3="75,57,107,91,34,49,73,13,66,92,102,45,36"/><T97/><D68/><U109/><E109/><V106/><F110/><W120/><G34/><T71/><D71/><U46/><E38/><V95/><F128/><W135/><G36/><T130/><D130/><U126/><E131/><V113/><F132/><W5/><G135/><T86/><D108/><U22/><E133/><V84/><F113/><W100/><G120/><T94/><D94/><U41/><E35/><V3/><F43/><W72/><G5/><T105/><D105/><U56/><E126/><V87/><F4/><W54/><G107/><T114/><D114/><U124/><E124/><V118/><F21/><W88/><G13/><T90/><D7/><U23/><E127/><V16/><F95/><W69/><G69/><T116/><D0/><U99/><E31/><V20/><F20/><W15/><G15/><T111/><D111/><U121/><E121/><V79/><F65/><W27/><G27/><T10/><D10/><U103/><E103/><V53/><F79/><W30/><G30/><T6/><D6/><U9/><E9/><V26/><F26/><W76/><G76/><T42/><REACH who="0" step="1"/><D116/><REACH who="0" ten="317,70,414,189" step="2"/><U70/><E70/><V64/><F118/><W134/><G134/><T62/><D62/><U51/><E51/><V81/><F117/><W59/><G92/><T18/><D18/><U85/><REACH who="1" step="1"/><E82/><REACH who="1" ten="317,60,414,189" step="2"/><V58/><F81/><W112/><G112/><T39/><D39/><U14/><E14/><V78/><F2/><W37/><G37/><T11/><D11/><U44/><E44/><V74/><F3/><W12/><G12/><T8/><D8/><U123/><E123/><RYUUKYOKU ba="0,2" sc="317,15,60,15,414,-15,189,-15" hai0="17,19,24,29,42,47,48,80,86,90,93,97,101" hai1="22,23,41,46,50,56,60,77,83,85,96,98,99" /><INIT seed="4,1,2,0,2,68" ten="332,75,399,174" oya="0" hai0="121,26,55,58,35,62,23,57,72,41,125,31,27" hai1="135,7,94,124,129,38,5,25,70,16,73,89,79" hai2="97,127,8,54,109,118,48,78,65,133,50,134,123" hai3="111,33,24,91,90,29,101,64,77,126,119,106,130"/><T30/><D121/><U99/><E70/><V71/><F123/><W60/><G119/><T83/><D125/><U104/><E124/><V63/><F118/><W18/><G126/><T43/><D72/><U67/><E67/><V88/><F127/><W42/><G111/><T66/><REACH who="0" step="1"/><D83/><REACH who="0" ten="322,75,399,174" step="2"/><U44/><E129/><V0/><F109/><W93/><G130/><T17/><D17/><U100/><E135/><V51/><F134/><W12/><G18/><T114/><D114/><U32/><E7/><V56/><F133/><W53/><G29/><T4/><D4/><U3/><E5/><V74/><F74/><W131/><G131/><T82/><D82/><U110/><E110/><V52/><F78/><W59/><G77/><T120/><D120/><U13/><E3/><V39/><F0/><W37/><G91/><T84/><D84/><U11/><E79/><V115/><F88/><W105/><G90/><T95/><D95/><U92/><E73/><V87/><F87/><W76/><G93/><T80/><D80/><U85/><E94/><V20/><F115/><W128/><G76/><T9/><D9/><U112/><E112/><V132/><F132/><W103/><G128/><T86/><D86/><U96/><E85/><V19/><F8/><W107/><G107/><T122/><D122/><U117/><E117/><V22/><F19/><W2/><G106/><T21/><D21/><U102/><E89/><V61/><F22/><W10/><G105/><T40/><D40/><N who="1" m="22551" /><E32/><V108/><F20/><W34/><G33/><T14/><D14/><N who="1" m="7263" /><E25/><V28/><F108/><W98/><G24/><RYUUKYOKU ba="1,3" sc="322,15,75,15,399,-15,174,-15" hai0="23,26,27,30,31,35,41,43,55,57,58,62,66" hai1="13,92,96,99,100,102,104" /><INIT seed="4,2,3,0,0,119" ten="337,90,384,159" oya="0" hai0="53,73,0,103,118,117,20,23,33,100,6,91,17" hai1="62,54,55,67,134,74,36,111,48,112,71,56,12" hai2="66,85,28,104,32,1,15,35,99,38,98,135,7" hai3="70,4,116,52,41,58,96,75,106,122,130,128,63"/><T127/><D73/><U25/><E74/><V5/><F38/><W109/><G116/><T8/><D33/><U123/><E36/><V44/><F1/><W26/><G109/><T114/><D114/><U84/><E111/><V101/><F99/><W94/><G106/><T24/><D127/><U124/><E112/><V64/><F35/><W39/><G75/><T51/><D91/><U115/><E115/><V93/><F44/><N who="3" m="23615" /><G4/><T47/><D117/><U3/><E3/><V79/><F15/><W27/><G70/><T108/><D118/><U132/><E12/><V14/><F14/><W43/><G43/><T72/><D72/><U13/><E124/><V29/><F32/><W45/><G45/><T11/><D108/><U16/><E25/><V77/><F104/><W87/><G87/><T59/><D11/><U120/><E84/><V69/><F69/><W61/><G61/><T121/><D121/><N who="1" m="46667" /><E16/><V113/><F113/><W133/><G122/><T46/><D23/><U78/><E78/><V82/><F79/><W49/><G26/><T18/><D18/><U21/><E21/><V9/><F7/><W50/><G27/><T81/><D81/><U76/><E13/><V40/><F9/><W107/><G107/><T92/><D92/><U30/><E30/><V10/><F10/><W65/><G94/><T83/><D83/><U97/><E97/><V105/><F5/><W2/><G96/><T57/><D46/><N who="1" m="27927" /><E76/><V34/><F98/><W95/><G2/><T42/><D42/><U80/><E80/><V126/><F82/><W68/><G95/><T60/><D47/><RYUUKYOKU ba="2,3" sc="337,15,90,15,384,-15,159,-15" hai0="0,6,8,17,20,24,51,53,57,59,60,100,103" hai1="55,56,62,67,71,132,134" /><INIT seed="4,3,3,1,3,8" ten="352,105,369,144" oya="0" hai0="97,89,78,72,38,132,64,111,90,128,3,127,12" hai1="39,37,63,11,58,10,117,21,105,95,41,47,51" hai2="104,130,133,122,29,25,87,120,23,1,54,7,103" hai3="134,83,66,110,16,70,126,26,62,81,15,36,42"/><T118/><D3/><U2/><E105/><V50/><F130/><W14/><G110/><T32/><D32/><U56/><E117/><V5/><F133/><W129/><G134/><T17/><D118/><U106/><E106/><V108/><F108/><W18/><G129/><T92/><D38/><U116/><E116/><V44/><F1/><W20/><G126/><T22/><D132/><U112/><E112/><V91/><F120/><W93/><G26/><T77/><D111/><U6/><E21/><V94/><F122/><W113/><G113/><T88/><D72/><U107/><E107/><V96/><AGARI ba="3,3" hai="5,7,23,25,29,44,50,54,87,91,94,96,103,104" machi="96" ten="30,1100,0" yaku="0,1" doraHai="8" who="2" fromWho="2" sc="352,-8,105,-6,369,50,144,-6" /><INIT seed="5,0,0,5,1,110" ten="344,99,419,138" oya="1" hai0="81,123,89,90,120,40,50,125,73,32,135,21,111" hai1="45,75,98,60,64,26,85,27,128,39,10,62,117" hai2="61,52,130,28,17,34,96,2,23,15,70,99,101" hai3="79,16,33,59,127,131,46,78,114,132,103,102,115"/><U133/><E75/><V47/><F2/><W77/><G33/><T122/><D32/><U4/><E117/><V67/><F130/><W29/><G131/><T82/><D111/><U129/><E133/><V41/><F99/><W106/><G29/><T108/><D108/><U35/><E98/><V51/><F28/><W69/><G69/><T86/><D135/><U68/><E62/><V112/><F34/><W44/><G132/><T31/><D125/><U58/><E58/><V80/><F80/><W30/><G30/><T49/><D40/><U71/><E71/><V12/><F112/><N who="3" m="43051" /><G127/><T65/><D65/><U88/><E35/><V109/><F109/><W100/><G106/><T18/><D31/><U54/><E128/><V3/><F3/><W134/><G134/><T124/><D124/><U83/><E129/><V9/><F41/><W93/><G93/><T8/><D8/><U84/><E84/><V6/><F101/><W74/><G74/><T56/><D56/><U92/><E92/><V94/><F96/><W76/><N who="3" m="19456" /><DORA hai="91" /><W48/><G16/><T118/><D118/><U24/><E39/><V20/><F94/><W14/><G14/><N who="0" m="9431" /><D73/><U1/><REACH who="1" step="1"/><E27/><REACH who="1" ten="344,89,419,138" step="2"/><V5/><F5/><W42/><G59/><T105/><D105/><U126/><E126/><V38/><F38/><N who="3" m="21591" /><G103/><T95/><D82/><U13/><E13/><V53/><F20/><W104/><G104/><T107/><D107/><U43/><E43/><AGARI ba="0,1" hai="43,46,48,100,102" m="21591,19456,43051" machi="43" ten="40,8000,1" yaku="15,1,52,3" doraHai="110,91" who="3" fromWho="1" sc="344,0,89,-80,419,0,138,90" /><INIT seed="6,0,0,1,2,39" ten="344,9,419,228" oya="2" hai0="0,89,122,41,2,101,73,5,49,10,23,30,123" hai1="17,108,97,71,20,38,98,26,72,48,11,76,111" hai2="54,93,126,103,57,1,42,100,131,52,82,4,135" hai3="32,67,124,21,110,92,14,106,45,43,86,75,130"/><V62/><F126/><W107/><G75/><T68/><D68/><U77/><E71/><V128/><F135/><W85/><G110/><T59/><D2/><U78/><E38/><V117/><F117/><W79/><G32/><T6/><D6/><U105/><E72/><V15/><F1/><W8/><G124/><T12/><D73/><U127/><E127/><V112/><F112/><W60/><G130/><N who="2" m="49705" /><F82/><W88/><G21/><T116/><D116/><U40/><E105/><V113/><F113/><W109/><G109/><T80/><D101/><N who="2" m="38986" /><F93/><W13/><G79/><T31/><D31/><U35/><E35/><V91/><F91/><W132/><G132/><T74/><D59/><U56/><E111/><V50/><F15/><W24/><G24/><T87/><D74/><U36/><E36/><V61/><F4/><W63/><G85/><T16/><REACH who="0" step="1"/><D30/><REACH who="0" ten="334,9,419,228" step="2"/><U129/><E129/><V7/><F7/><W25/><G106/><T90/><D90/><U81/><E108/><V34/><F34/><W18/><G107/><T84/><D84/><U118/><E118/><V119/><F119/><W102/><G102/><T70/><D70/><U51/><E11/><V64/><F62/><W29/><G60/><T66/><D66/><U46/><E81/><V58/><F57/><N who="3" m="37359" /><G8/><T33/><D33/><U3/><E3/><V114/><F114/><W99/><G86/><T27/><D27/><U94/><E94/><V83/><F83/><W104/><G104/><T37/><D37/><U95/><E95/><V47/><AGARI ba="0,1" hai="42,47,50,52,54,58,61,64" m="38986,49705" machi="47" ten="30,6000,0" yaku="19,1,52,1,54,1" doraHai="39" who="2" fromWho="2" sc="334,-20,9,-20,419,70,228,-20" owari="314,11.0,-11,-51.0,489,59.0,208,-19.0" /></mjloggm>