<mjloggm ver="2.3"><GO type="169" lobby="0"/><UN n0="%E3%83%A1%E3%82%AB%E3%82%BC%E3%83%83%E3%83%88%E3%83%B3" n1="%E5%B0%B1%E6%B4%BB%E7%94%9F%40%E5%B7%9D%E6%9D%91%E8%BB%8D%E5%9B%A3" n2="%E3%82%B8%E3%83%A3%E3%82%B9%E3%83%9F%E3%83%B3%E7%8E%8B%E5%AD%90" n3="%6A%75%6E%6F%6E" dan="17,18,16,16" rate="2157.47,2160.62,2062.05,2079.94" sx="M,M,M,M"/><TAIKYOKU oya="0"/><INIT seed="0,0,0,0,2,46" ten="250,250,250,250" oya="0" hai0="5,111,53,25,3,85,70,11,6,9,8,37,1" hai1="134,21,123,75,12,98,74,120,58,69,15,48,23" hai2="112,108,54,133,40,36,125,39,34,135,31,114,117" hai3="127,95,76,63,97,45,66,52,122,116,115,130,77"/><T60/><D37/><N who="2" m="14410" /><F31/><W26/><G116/><T79/><D111/><U64/><E98/><V86/><F34/><W14/><G115/><N who="2" m="44073" /><F86/><W132/><G130/><T78/><D9/><U62/><E134/><N who="2" m="51211" /><F108/><W28/><G132/><T100/><D100/><U47/><E21/><V24/><F24/><W13/><G76/><T113/><D113/><U106/><E15/><V57/><F117/><W29/><G77/><T129/><D129/><U67/><E106/><V43/><F125/><W20/><G127/><T109/><D109/><U83/><E83/><V17/><F17/><W119/><G29/><T38/><D38/><U90/><E90/><V35/><F35/><W4/><G119/><T19/><D85/><U55/><E74/><V33/><F33/><W72/><G72/><T131/><D131/><U44/><E75/><V16/><F16/><W82/><G4/><T93/><D93/><U51/><E23/><V102/><F102/><W103/><G82/><T71/><D19/><U30/><E12/><V84/><F84/><W68/><G14/><T88/><D25/><U42/><E30/><V121/><F121/><W18/><G122/><T50/><D88/><U124/><E124/><V32/><F32/><W126/><G126/><T7/><D7/><U49/><E120/><V56/><F54/><W87/><G87/><T128/><D128/><U22/><E22/><V0/><F0/><W91/><G103/><T107/><D107/><U118/><E123/><V89/><F89/><W96/><G96/><T59/><D71/><U92/><E118/><V94/><F94/><W104/><G104/><RYUUKYOKU ba="0,0" sc="250,15,250,-15,250,15,250,-15" hai0="1,3,5,6,8,11,50,53,59,60,70,78,79" hai2="40,43,56,57" /><INIT seed="0,1,0,5,3,120" ten="265,235,265,235" oya="0" hai0="119,83,14,6,73,49,123,103,92,81,5,125,134" hai1="114,46,132,66,86,22,3,25,16,101,112,1,133" hai2="19,131,130,28,52,111,61,41,37,122,76,44,47" hai3="18,105,98,97,99,21,79,75,115,72,104,15,90"/><T74/><D123/><U32/><E101/><V9/><F122/><W42/><G115/><N who="1" m="44074" /><E66/><V17/><F28/><W102/><G42/><T108/><D119/><U68/><E68/><V38/><F76/><W69/><G69/><T70/><D70/><U82/><E46/><V57/><F111/><W10/><G104/><T31/><D31/><N who="1" m="19567" /><E86/><V50/><F9/><W71/><G71/><T124/><D49/><U93/><E93/><V59/><F19/><W11/><G11/><T39/><D39/><N who="2" m="14858" /><F17/><W126/><G126/><T23/><D92/><U78/><E78/><V8/><F8/><W117/><G117/><T51/><D103/><U128/><E82/><V4/><F4/><W87/><G79/><T58/><D5/><U121/><E121/><V48/><F47/><W84/><G72/><T135/><D6/><U116/><E116/><V77/><F77/><W24/><G75/><T95/><D95/><U94/><E94/><V27/><F27/><W109/><G87/><T56/><D74/><U45/><E45/><V64/><AGARI ba="1,0" hai="41,44,48,50,52,57,59,61,64,130,131" m="14858" machi="64" ten="30,4000,0" yaku="34,2,54,1" doraHai="120" who="2" fromWho="2" sc="265,-21,235,-11,265,43,235,-11" /><INIT seed="1,0,0,0,4,77" ten="244,224,308,224" oya="1" hai0="111,28,35,108,50,60,45,92,30,27,44,110,15" hai1="8,66,118,22,124,121,7,36,86,117,31,94,129" hai2="1,83,65,133,29,55,107,51,12,135,26,125,42" hai3="98,16,58,39,114,21,34,5,37,97,18,13,20"/><U10/><E36/><V115/><F1/><W119/><G114/><T57/><D30/><U130/><E66/><V103/><F115/><W24/><G119/><N who="1" m="45578" /><E94/><V3/><F3/><W99/><G34/><T19/><D92/><U88/><E121/><V53/><F125/><W78/><G5/><T11/><REACH who="0" step="1"/><D50/><REACH who="0" ten="234,224,308,224" step="2"/><U128/><E124/><V67/><F51/><W41/><G37/><T100/><D100/><U49/><E49/><V90/><F29/><W131/><G39/><T105/><D105/><U76/><E7/><V14/><F103/><W134/><G18/><T47/><D47/><U95/><E76/><V63/><F107/><W120/><G16/><T2/><D2/><U25/><AGARI ba="0,1" hai="8,10,22,25,31,86,88,95,128,129,130" m="45578" machi="25" ten="40,3900,0" yaku="19,1,54,1" doraHai="77" who="1" fromWho="1" sc="234,-13,224,49,308,-13,224,-13" /><INIT seed="1,1,0,4,5,80" ten="221,273,295,211" oya="1" hai0="28,19,29,17,65,69,107,124,103,18,48,127,35" hai1="91,93,129,131,43,4,13,10,135,99,84,36,66" hai2="71,45,116,112,128,95,31,126,111,123,87,6,77" hai3="72,20,58,118,101,3,100,125,90,41,24,57,120"/><U21/><E135/><V27/><F123/><W70/><G120/><T32/><D48/><U74/><E74/><V33/><F116/><W133/><G70/><T96/><D65/><U60/><E21/><V75/><F111/><W113/><G3/><T110/><D69/><U89/><E43/><V106/><F106/><W30/><G113/><T64/><D64/><U37/><E129/><V108/><F108/><W46/><G133/><T47/><D47/><U34/><E34/><N who="0" m="12841" /><D110/><U63/><E131/><V105/><F105/><W67/><G125/><AGARI ba="1,0" hai="17,18,19,28,29,96,103,107,124,125,127" m="12841" machi="125" ten="40,1300,0" yaku="18,1" doraHai="80" who="0" fromWho="3" sc="221,16,273,0,295,0,211,-16" /><INIT seed="2,0,0,2,4,119" ten="237,273,295,195" oya="2" hai0="59,96,3,133,63,88,100,33,9,135,62,48,29" hai1="27,125,17,2,83,0,53,79,23,40,113,67,124" hai2="77,131,93,16,105,129,123,115,34,7,28,65,86" hai3="76,121,4,70,56,80,42,111,120,91,43,112,87"/><V11/><F115/><W68/><G112/><T55/><D29/><U85/><E113/><V103/><F65/><W45/><G111/><T35/><D88/><U19/><E67/><V38/><F38/><W82/><G56/><T104/><D3/><U90/><E40/><V36/><F36/><W60/><G60/><N who="0" m="23083" /><D9/><U128/><E53/><V108/><F108/><W71/><G4/><T41/><D41/><U132/><E132/><AGARI ba="0,0" hai="33,35,48,55,59,96,100,104,132,133,135" m="23083" machi="132" ten="30,1000,0" yaku="20,1" doraHai="119" who="0" fromWho="1" sc="237,10,273,-10,295,0,195,0" /><INIT seed="3,0,0,0,5,29" ten="247,263,295,195" oya="3" hai0="12,0,54,66,28,40,124,8,19,129,4,51,117" hai1="33,17,98,116,93,102,68,18,89,9,86,35,105" hai2="13,106,6,97,78,36,20,61,55,5,123,126,90" hai3="119,48,94,103,113,30,15,132,11,60,59,74,27"/><W73/><G113/><T58/><D117/><U37/><E116/><V125/><F36/><W10/><G119/><T110/><D110/><U88/><E37/><V45/><F78/><W23/><G132/><T76/><D129/><U79/><E68/><V50/><F123/><W43/><G10/><T14/><D124/><N who="2" m="47722" /><F61/><W85/><G43/><T72/><D28/><U24/><E79/><V96/><F90/><W118/><G48/><T47/><D66/><U41/><E41/><V135/><F135/><W134/><G134/><T62/><D19/><U70/><E70/><V120/><F120/><W49/><G49/><T31/><D31/><U44/><E44/><V99/><F106/><W95/><G118/><T39/><REACH who="0" step="1"/><D62/><REACH who="0" ten="237,263,295,195" step="2"/><U80/><E17/><AGARI ba="0,1" hai="5,6,13,17,20,45,50,55,96,97,99" m="47722" machi="17" ten="30,1000,0" yaku="18,1" doraHai="29" who="2" fromWho="1" sc="237,0,263,-10,295,20,195,0" /><INIT seed="4,0,0,1,2,14" ten="237,253,315,195" oya="0" hai0="81,132,52,51,15,82,42,88,76,125,9,23,110" hai1="37,128,20,47,26,123,117,33,54,94,56,100,116" hai2="35,108,95,41,3,133,69,85,130,131,46,65,55" hai3="16,97,101,68,39,72,24,22,27,44,106,113,43"/><T62/><D125/><U40/><E33/><V30/><F108/><W53/><G113/><T96/><D132/><U98/><E123/><V19/><F3/><W48/><G72/><T135/><D135/><U60/><REACH who="1" step="1"/><E128/><REACH who="1" ten="237,243,315,195" step="2"/><V57/><F131/><W1/><G68/><T89/><D110/><U124/><E124/><V120/><F120/><W0/><REACH who="3" step="1"/><G27/><REACH who="3" ten="237,243,315,185" step="2"/><T129/><D129/><U103/><E103/><V111/><F111/><W12/><G12/><T7/><D15/><U4/><E4/><V115/><F130/><W109/><G109/><T25/><D7/><U58/><E58/><AGARI ba="0,2" hai="0,1,16,22,24,39,43,44,48,53,58,97,101,106" machi="58" ten="30,7700,0" yaku="1,1,7,1,52,1,54,1,53,0" doraHai="14" doraHaiUra="90" who="3" fromWho="1" sc="237,0,243,-77,315,0,185,97" /><INIT seed="5,0,0,4,5,54" ten="237,166,315,282" oya="1" hai0="28,128,55,9,103,131,89,15,98,117,106,70,97" hai1="19,123,91,96,71,94,130,34,109,107,92,52,39" hai2="24,3,135,118,35,11,64,46,66,4,0,80,76" hai3="57,25,42,77,124,100,104,26,95,27,29,72,49"/><U110/><E123/><V102/><F118/><W43/><G104/><T31/><D70/><U122/><E122/><V83/><F3/><W68/><G68/><T133/><D117/><U7/><E71/><V125/><F135/><W23/><G72/><T120/><D120/><U36/><E107/><V111/><F111/><N who="1" m="42505" /><E34/><V18/><F125/><W21/><G77/><T127/><D133/><U38/><E130/><N who="0" m="49705" /><D127/><U114/><E114/><V10/><F102/><W119/><G95/><N who="0" m="56559" /><D55/><U47/><E7/><AGARI ba="0,0" hai="7,9,15,28,31,98,103,106" m="56559,49705" machi="7" ten="30,1000,0" yaku="19,1" doraHai="54" who="0" fromWho="1" sc="237,10,166,-10,315,0,282,0" /><INIT seed="6,0,0,2,3,62" ten="247,156,315,282" oya="2" hai0="64,109,56,91,74,57,82,107,48,8,50,43,79" hai1="118,34,121,77,70,115,112,22,11,73,12,41,14" hai2="106,67,102,52,3,54,53,19,117,65,83,81,124" hai3="85,38,10,96,126,68,92,7,122,13,134,133,35"/><V39/><F117/><W1/><G122/><T47/><D107/><U93/><E118/><V87/><F3/><W114/><G126/><T101/><D101/><U59/><E70/><V2/><F2/><W24/><G114/><T18/><D109/><U25/><E121/><V63/><F39/><W110/><G110/><T108/><D108/><U131/><E131/><V16/><F124/><W98/><G38/><T26/><D64/><N who="2" m="24650" /><F106/><W132/><G68/><T29/><D50/><U72/><E41/><V84/><F102/><W100/><G85/><N who="2" m="32841" /><F63/><W103/><G1/><T6/><D91/><U60/><E34/><V31/><F31/><N who="3" m="19943" /><G103/><T123/><D123/><U71/><E71/><V51/><F51/><W120/><G120/><T58/><D29/><U90/><E73/><V135/><F135/><W76/><G100/><T4/><D48/><U61/><E72/><V9/><F9/><W32/><G32/><T37/><D8/><U97/><E61/><V86/><F81/><W125/><G125/><T99/><D37/><U66/><E112/><V88/><AGARI ba="0,0" hai="16,19,52,53,54,83,86,88" m="32841,24650" machi="88" ten="30,18000,2" yaku="8,1,52,3,54,3" doraHai="62" who="2" fromWho="2" sc="247,-60,156,-60,315,180,282,-60" /><INIT seed="6,1,0,5,2,57" ten="187,96,495,222" oya="2" hai0="82,34,107,92,98,68,29,27,134,106,127,43,47" hai1="59,30,26,109,118,130,135,70,64,17,120,2,8" hai2="7,124,38,18,77,104,121,79,101,23,108,40,94" hai3="119,0,88,65,89,1,55,112,4,110,24,28,60"/><V90/><F121/><W97/><G119/><T99/><D68/><U13/><E70/><V93/><F7/><W71/><G110/><T9/><D134/><U133/><E109/><V111/><F40/><W123/><G123/><T48/><D127/><U69/><E69/><V126/><F38/><W22/><G112/><T87/><D9/><U15/><E120/><V76/><F23/><W51/><G4/><T114/><D114/><U31/><E118/><V84/><F104/><W3/><REACH who="3" step="1"/><G97/><REACH who="3" ten="187,96,495,212" step="2"/><T102/><D98/><U83/><E130/><V74/><F111/><W49/><G49/><T129/><D129/><U85/><E2/><V25/><F108/><W105/><G105/><T73/><D73/><U117/><E117/><V41/><F74/><W113/><G113/><T46/><D46/><AGARI ba="1,1" hai="0,1,3,22,24,28,46,51,55,60,65,71,88,89" machi="46" ten="40,5200,0" yaku="1,1,52,1,54,1,53,0" doraHai="57" doraHaiUra="131" who="3" fromWho="0" sc="187,-55,96,0,495,0,212,65" /><INIT seed="7,0,0,4,0,114" ten="132,96,495,277" oya="3" hai0="86,76,82,31,55,134,28,73,75,29,33,9,38" hai1="52,79,117,127,92,54,60,95,21,36,97,72,71" hai2="129,110,115,125,121,102,87,61,49,63,6,59,26" hai3="89,27,16,50,96,15,80,93,69,107,10,126,74"/><W34/><G126/><T132/><D38/><U3/><E36/><V11/><F110/><W14/><G69/><T101/><D101/><U128/><E3/><V20/><F115/><W42/><G107/><T64/><D64/><U13/><E127/><V135/><F125/><W130/><G130/><T85/><D33/><U12/><E128/><V57/><F129/><W22/><G34/><T116/><D116/><U83/><E95/><V113/><F113/><W111/><G111/><T67/><D67/><U123/><E123/><V84/><F49/><W30/><G74/><T47/><D85/><U18/><E117/><V90/><F102/><W104/><G104/><T119/><D119/><U17/><E60/><N who="2" m="23115" /><F135/><N who="0" m="51754" /><D9/><U62/><E62/><V88/><F84/><W0/><G0/><T5/><D5/><U46/><E71/><V98/><F98/><W35/><G80/><T103/><D103/><U53/><E92/><N who="2" m="54303" /><F90/><W68/><G68/><T131/><D131/><U43/><E97/><V81/><F121/><W8/><REACH who="3" step="1"/><G15/><REACH who="3" ten="132,96,495,267" step="2"/><T122/><D122/><U19/><REACH who="1" step="1"/><E13/><REACH who="1" ten="132,86,495,267" step="2"/><N who="2" m="5367" /><F81/><W4/><G4/><T7/><D7/><U133/><E133/><V77/><F77/><W37/><G37/><T66/><D66/><U40/><E40/><V106/><F106/><W118/><G118/><T108/><D108/><U1/><E1/><V44/><F44/><AGARI ba="0,2" hai="8,10,14,16,22,27,30,35,42,44,50,89,93,96" machi="44" ten="40,3900,0" yaku="1,1,54,1,53,0" doraHai="114" doraHaiUra="56" who="3" fromWho="2" sc="132,0,86,0,495,-39,267,59" /><INIT seed="7,1,0,3,3,67" ten="132,86,456,326" oya="3" hai0="122,105,68,40,106,101,127,59,45,132,61,19,77" hai1="134,121,11,72,104,34,58,39,88,125,83,126,85" hai2="79,115,70,86,128,51,123,107,99,9,54,3,31" hai3="92,64,28,48,23,118,21,74,90,15,62,49,91"/><W53/><G118/><T69/><D122/><U20/><E34/><V116/><F116/><W78/><G74/><T71/><D77/><N who="1" m="44455" /><E39/><V5/><F70/><W12/><G78/><T110/><D110/><U4/><E20/><V109/><F109/><W7/><G91/><T13/><D101/><U94/><E58/><V2/><F115/><W24/><G21/><T37/><D132/><U46/><E46/><V17/><F128/><W35/><G35/><T26/><D26/><U129/><E121/><V57/><F17/><W103/><G103/><T32/><D32/><U84/><E11/><V117/><F31/><W18/><G7/><T14/><D14/><U111/><E4/><V27/><F27/><W22/><G53/><T8/><REACH who="0" step="1"/><D127/><REACH who="0" ten="122,86,456,326" step="2"/><N who="1" m="48651" /><E111/><V100/><F117/><W87/><REACH who="3" step="1"/><G15/><REACH who="3" ten="122,86,456,316" step="2"/><T130/><D130/><U16/><E129/><V30/><F79/><W120/><G120/><T60/><D60/><U113/><E113/><V98/><F5/><W112/><G112/><T41/><D41/><U55/><E134/><V93/><F54/><AGARI ba="1,2" hai="8,13,19,37,40,45,54,59,61,68,69,71,105,106" machi="54" ten="40,8000,1" yaku="1,1,52,3,53,0" doraHai="67" doraHaiUra="114" who="0" fromWho="2" sc="122,103,86,0,456,-83,316,0" owari="225,-17.0,86,-41.0,373,46.0,316,12.0" /></mjloggm>