<mjloggm ver="2.3"><GO type="169" lobby="0"/><UN n0="%68%65%72%65%74%65%67%65" n1="%E3%82%A6%E3%83%AB%E3%83%88%E3%83%A9%E7%AB%8B%E7%9B%B4" n2="%E3%81%8B%E3%81%8D" n3="%E6%96%B0%E5%AE%BF%E6%96%B9%E9%9D%A2" dan="16,17,16,16" rate="2095.41,2161.46,2168.83,2063.85" sx="M,M,M,M"/><TAIKYOKU oya="0"/><INIT seed="0,0,0,5,3,103" ten="250,250,250,250" oya="0" hai0="135,62,74,116,134,125,112,29,76,0,123,36,42" hai1="32,71,73,99,84,5,55,59,2,49,66,39,85" hai2="108,28,91,95,111,15,31,11,75,56,45,70,77" hai3="3,6,54,119,58,21,97,79,109,88,41,117,24"/><T80/><D123/><U53/><E73/><V51/><F70/><W10/><G109/><N who="2" m="42057" /><F56/><W90/><G79/><T52/><D116/><U30/><E2/><V127/><F77/><W100/><G41/><T63/><D112/><U106/><E5/><N who="2" m="3567" /><F127/><W46/><G46/><N who="0" m="23879" /><D125/><U121/><E55/><N who="2" m="30191" /><F75/><W81/><G81/><T12/><D0/><U26/><E39/><V64/><F64/><W22/><G22/><T96/><D29/><U61/><REACH who="1" step="1"/><E121/><REACH who="1" ten="250,240,250,250" step="2"/><V14/><F14/><W18/><G119/><T86/><D12/><U4/><E4/><V60/><F60/><W33/><G117/><T25/><D74/><U35/><E35/><V20/><F20/><W120/><G33/><T40/><D25/><U50/><E50/><V104/><F104/><W115/><G120/><T101/><D40/><U107/><E107/><V65/><F65/><W87/><G115/><T93/><D52/><U114/><E114/><V129/><F129/><W13/><G3/><T124/><D124/><U126/><E126/><V37/><F37/><W23/><G23/><T9/><D9/><U128/><E128/><V110/><F110/><W92/><REACH who="3" step="1"/><G87/><AGARI ba="0,1" hai="28,31,87,91,95" m="30191,3567,42057" machi="87" ten="30,1000,0" yaku="14,1" doraHai="103" who="2" fromWho="3" sc="250,0,240,0,250,20,250,-10" /><INIT seed="1,0,0,5,1,4" ten="250,240,270,240" oya="1" hai0="66,57,58,42,48,7,6,55,134,106,35,24,9" hai1="93,118,68,74,21,125,95,46,14,27,45,113,77" hai2="33,3,65,97,83,53,1,87,133,96,10,117,123" hai3="94,11,135,85,98,121,67,128,126,70,102,54,13"/><U76/><E118/><V115/><F117/><W107/><G121/><T92/><D106/><U80/><E113/><V112/><F123/><W61/><G135/><T59/><D134/><U108/><E68/><V30/><F133/><W127/><G128/><T119/><D119/><U19/><E125/><V28/><F65/><W60/><G60/><T90/><D42/><U71/><E71/><V109/><F109/><W88/><REACH who="3" step="1"/><G54/><REACH who="3" ten="250,240,270,230" step="2"/><T12/><D66/><U31/><E108/><V130/><F53/><W38/><G38/><T91/><D55/><U82/><E46/><V50/><F130/><W114/><G114/><T5/><D48/><U129/><E45/><V36/><F36/><W63/><G63/><T8/><D35/><U99/><E129/><V39/><F39/><W104/><G104/><T17/><D24/><U15/><E99/><V89/><F33/><W16/><AGARI ba="0,1" hai="11,13,16,61,67,70,85,88,94,98,102,107,126,127" machi="16" ten="30,8000,1" yaku="1,1,0,1,52,1,54,2,53,0" doraHai="4" doraHaiUra="105" who="3" fromWho="3" sc="250,-20,240,-40,270,-20,230,90" /><INIT seed="2,0,0,0,0,24" ten="230,200,250,320" oya="2" hai0="106,29,66,46,96,70,11,79,8,105,98,111,48" hai1="113,68,94,131,86,27,78,122,60,128,36,58,20" hai2="118,28,91,41,39,40,6,45,75,30,125,63,117" hai3="85,80,97,44,112,7,87,99,72,100,1,35,0"/><V12/><F75/><W123/><G123/><T119/><D111/><U54/><E113/><V26/><F125/><W133/><G112/><T104/><D119/><U103/><E122/><V74/><F74/><W62/><G72/><T101/><D79/><U55/><E36/><V31/><F26/><W127/><G35/><T21/><D70/><U47/><E68/><V33/><F33/><W51/><G62/><T25/><D66/><U130/><E78/><V77/><F77/><W67/><G67/><T16/><D98/><U88/><E103/><V61/><F40/><W126/><G7/><T3/><D3/><N who="3" m="1097" /><G80/><T42/><REACH who="0" step="1"/><D29/><REACH who="0" ten="220,200,250,320" step="2"/><N who="1" m="17639" /><E47/><V57/><F118/><W89/><G97/><T95/><AGARI ba="0,1" hai="8,11,16,21,25,42,46,48,95,96,101,104,105,106" machi="95" ten="30,4000,0" yaku="1,1,0,1,54,1,53,0" doraHai="24" doraHaiUra="116" who="0" fromWho="0" sc="220,50,200,-10,250,-20,320,-10" /><INIT seed="3,0,0,5,1,10" ten="270,190,230,310" oya="3" hai0="38,78,90,41,128,105,127,113,54,84,6,121,56" hai1="107,98,25,26,3,101,1,16,55,45,61,59,123" hai2="109,5,120,66,129,82,94,73,93,0,11,21,132" hai3="22,42,44,39,133,63,19,119,80,71,48,18,85"/><W115/><G119/><T76/><D121/><U65/><E123/><V74/><F120/><W102/><G133/><T58/><D105/><U75/><E75/><V69/><F109/><W8/><G115/><T17/><D6/><U40/><E65/><V77/><F132/><W87/><G102/><T70/><D70/><U31/><E25/><V53/><F129/><W114/><G114/><T27/><D127/><U7/><E7/><V50/><F74/><W83/><G39/><T24/><D128/><U110/><E110/><V125/><F125/><W43/><G71/><T57/><D41/><U4/><E4/><V100/><F100/><W34/><G63/><T135/><D38/><U47/><E47/><V37/><F37/><W62/><G62/><T108/><D108/><U72/><E72/><V12/><F66/><W106/><G34/><T60/><D135/><U35/><REACH who="1" step="1"/><E16/><REACH who="1" ten="270,180,230,310" step="2"/><V14/><F69/><W23/><G8/><T81/><D27/><U51/><AGARI ba="0,1" hai="1,3,26,31,35,40,45,51,55,59,61,98,101,107" machi="51" ten="20,8000,1" yaku="1,1,2,1,0,1,7,1,53,1" doraHai="10" doraHaiUra="103" who="1" fromWho="1" sc="270,-20,180,90,230,-20,310,-40" /><INIT seed="4,0,0,5,2,110" ten="250,270,210,270" oya="0" hai0="33,49,43,114,64,5,20,30,9,34,38,118,1" hai1="47,135,120,116,123,56,46,121,97,87,31,69,128" hai2="100,54,39,106,14,96,112,75,28,63,85,95,108" hai3="80,19,104,129,51,22,57,59,60,2,74,132,86"/><T7/><D118/><U78/><E69/><V16/><F108/><W13/><G104/><T53/><D64/><U65/><E97/><V130/><F39/><W50/><G74/><T89/><D7/><U105/><E87/><V79/><F130/><W41/><G2/><T12/><D43/><U122/><E78/><V58/><F28/><W3/><G3/><T81/><D38/><U73/><E73/><V101/><F75/><W93/><G129/><T21/><D21/><U25/><E105/><V117/><F117/><W36/><G132/><T124/><D124/><U88/><E25/><V27/><F27/><W83/><G36/><T70/><D70/><U4/><E4/><V103/><F112/><W55/><G41/><T15/><D114/><U26/><E26/><V111/><F111/><W125/><G125/><T102/><D102/><U24/><E24/><V66/><F66/><W61/><G93/><T68/><D68/><U76/><E31/><V17/><F106/><W82/><REACH who="3" step="1"/><G86/><REACH who="3" ten="250,270,210,260" step="2"/><T107/><D107/><U98/><E123/><V77/><F85/><W84/><G84/><T72/><D72/><U113/><E135/><V126/><F126/><W29/><G29/><T8/><D1/><U67/><E122/><V37/><F37/><W94/><G94/><T134/><D134/><U44/><E128/><V115/><F95/><W90/><G90/><T23/><D89/><U18/><E88/><V99/><F79/><W11/><G11/><T52/><D81/><U40/><E121/><V32/><F77/><W10/><G10/><T71/><D8/><U91/><E120/><RYUUKYOKU ba="0,1" sc="250,-10,270,-10,210,-10,260,30" hai3="13,19,22,50,51,55,57,59,60,61,80,82,83" /><INIT seed="5,1,1,3,3,50" ten="240,260,200,290" oya="1" hai0="40,115,48,114,116,14,43,23,130,21,4,57,0" hai1="82,70,111,44,61,51,62,76,58,105,121,38,79" hai2="92,112,95,87,46,118,5,8,35,75,31,56,20" hai3="52,78,69,97,39,86,83,7,110,129,2,84,19"/><U73/><E121/><V37/><F118/><W96/><G110/><T128/><D116/><U113/><E111/><V41/><F35/><W123/><G123/><T98/><D0/><U85/><E105/><V125/><F75/><W16/><G69/><T106/><D4/><U53/><E113/><N who="0" m="43017" /><D14/><U36/><E76/><V71/><F71/><W54/><G39/><T6/><D6/><U63/><E73/><V30/><F112/><W124/><G7/><T81/><D81/><U47/><REACH who="1" step="1"/><E70/><REACH who="1" ten="240,250,200,290" step="2"/><V88/><F125/><W27/><G124/><T25/><D106/><U107/><E107/><V67/><F95/><W9/><G129/><T89/><D130/><U33/><E33/><V90/><F92/><W94/><G2/><T68/><D68/><U74/><E74/><V117/><F117/><W119/><G119/><T108/><D128/><U45/><AGARI ba="1,2" hai="36,38,44,45,47,51,53,58,61,62,63,79,82,85" machi="45" ten="30,6000,0" yaku="1,1,0,1,52,1,53,0" doraHai="50" doraHaiUra="127" who="1" fromWho="1" sc="240,-21,250,83,200,-21,290,-21" /><INIT seed="5,2,0,0,1,120" ten="219,333,179,269" oya="1" hai0="96,51,1,52,55,2,27,108,100,58,104,121,39" hai1="28,119,19,15,105,109,129,76,10,0,45,63,69" hai2="44,57,59,26,79,56,110,6,11,53,29,38,33" hai3="128,103,114,67,60,118,127,31,85,126,65,101,73"/><U8/><E105/><V86/><F79/><W123/><G123/><T14/><D39/><U4/><E119/><V16/><F86/><W78/><G73/><T20/><D121/><U37/><E129/><V134/><F134/><W124/><G128/><T89/><D108/><U91/><E109/><V81/><F81/><N who="3" m="47287" /><G118/><T47/><D14/><U62/><E69/><V50/><F110/><W5/><G114/><T48/><REACH who="0" step="1"/><D89/><REACH who="0" ten="209,333,179,269" step="2"/><U99/><E91/><V21/><F38/><W131/><G131/><T71/><D71/><U40/><E15/><V22/><F33/><W42/><G127/><T83/><D83/><U82/><E82/><V9/><REACH who="2" step="1"/><F6/><REACH who="2" ten="209,333,169,269" step="2"/><W132/><G5/><T102/><D102/><U106/><E37/><V23/><F23/><W113/><G103/><T64/><D64/><U112/><E4/><V18/><F18/><AGARI ba="2,2" hai="1,2,18,20,27,47,48,51,52,55,58,96,100,104" machi="18" ten="30,3900,0" yaku="1,1,7,1,54,1,53,0" doraHai="120" doraHaiUra="133" who="0" fromWho="2" sc="209,65,333,0,169,-45,269,0" /><INIT seed="6,0,0,1,1,132" ten="274,333,124,269" oya="2" hai0="44,74,36,57,61,52,62,58,96,56,100,91,46" hai1="135,67,119,53,79,27,24,73,13,68,4,127,43" hai2="30,35,17,41,77,38,15,48,49,26,12,128,81" hai3="6,111,47,78,63,113,9,32,60,98,117,123,8"/><V28/><F38/><W72/><G123/><T83/><D36/><U70/><E43/><V103/><F128/><W85/><G32/><T5/><D5/><U92/><E73/><V125/><F103/><W121/><G121/><T130/><D130/><U118/><E79/><V75/><F30/><W133/><G133/><T108/><D108/><U23/><E67/><V110/><F110/><W2/><G85/><T114/><D114/><U7/><E53/><V109/><F109/><W120/><G111/><T86/><D74/><U20/><E92/><V54/><F125/><W18/><G120/><T39/><D39/><U1/><E13/><V95/><F95/><W116/><G98/><T42/><D42/><U126/><E135/><V10/><F41/><W19/><G113/><T134/><D58/><U40/><E40/><V3/><F54/><W21/><G72/><T31/><D31/><U69/><E69/><V101/><F101/><W112/><G112/><T33/><D33/><U93/><E93/><V29/><F29/><W88/><G117/><T16/><D16/><U34/><E34/><V71/><F71/><W87/><G18/><T14/><D14/><U59/><E59/><V124/><F124/><W99/><G19/><T11/><D11/><U66/><E66/><V45/><F3/><AGARI ba="0,0" hai="1,3,4,7,20,23,24,27,68,70,118,119,126,127" machi="3" ten="25,6400,0" yaku="22,2,52,2" doraHai="132" who="1" fromWho="2" sc="274,0,333,64,124,-64,269,0" /><INIT seed="7,0,0,1,3,100" ten="274,397,60,269" oya="3" hai0="97,96,25,13,105,99,21,91,61,22,134,78,82" hai1="14,114,122,4,76,26,43,12,10,62,17,38,131" hai2="35,19,9,36,94,130,15,101,93,79,64,31,16" hai3="33,67,109,37,42,41,108,55,127,57,50,59,69"/><W5/><G5/><T113/><D134/><U0/><E122/><V70/><F36/><W123/><G33/><T129/><D129/><U119/><E131/><V74/><F130/><W20/><G20/><T89/><D105/><U27/><E114/><V102/><F74/><W112/><G112/><T124/><D124/><U106/><E106/><V47/><F47/><N who="3" m="23983" /><G42/><T111/><D111/><N who="3" m="42569" /><G59/><T11/><D113/><U39/><E39/><V103/><F70/><W132/><G127/><T80/><D61/><U85/><E119/><V40/><F40/><W104/><G104/><T75/><D22/><U2/><E2/><V128/><F128/><W66/><G66/><T54/><D54/><U3/><E3/><V84/><F64/><W120/><G132/><T23/><D23/><U87/><E0/><V46/><F46/><W126/><G126/><T83/><D78/><U52/><E76/><V133/><F133/><W8/><G8/><T115/><D75/><U92/><E38/><V58/><F58/><W24/><G24/><T86/><D86/><U32/><E32/><V110/><F110/><W121/><G121/><T81/><N who="0" m="20992" /><DORA hai="117" /><T116/><D116/><U49/><E43/><V6/><F79/><W63/><AGARI ba="0,0" hai="50,55,57,63,67,69,120,123" m="42569,23983" machi="63" ten="30,18000,2" yaku="24,1,10,1,34,2,52,2" doraHai="100,117" who="3" fromWho="3" sc="274,-60,397,-60,60,-60,269,180" owari="214,-19.0,337,14.0,0,-50.0,449,55.0" /></mjloggm>