<mjloggm ver="2.3"><GO type="169" lobby="0"/><UN n0="%6B%69%79%6F%64%61%69" n1="%73%40%73%61%74%61%6B%65" n2="%E3%83%88%E3%83%88%E3%83%AA%E5%85%88%E7%94%9F%31%39%E6%AD%B3" n3="%73%68%61%74%69%61%6E%61" dan="18,16,18,16" rate="2203.31,2051.79,2204.64,2157.21" sx="M,M,F,F"/><TAIKYOKU oya="0"/><INIT seed="0,0,0,5,2,99" ten="250,250,250,250" oya="0" hai0="58,52,103,126,39,10,125,30,56,18,105,22,108" hai1="88,118,115,4,36,44,20,62,24,127,3,51,29" hai2="116,57,129,111,13,85,1,38,102,91,31,94,96" hai3="60,124,48,92,32,81,117,107,19,64,15,134,133"/><T46/><D46/><U119/><BYE who="0" /><E127/><V80/><F111/><W53/><G107/><T120/><D120/><U98/><E36/><V121/><F121/><W82/><G117/><T12/><D12/><U70/><E4/><V71/><F129/><W34/><G92/><T37/><D37/><U17/><E3/><V72/><F71/><UN n0="%6B%69%79%6F%64%61%69" /><W35/><G124/><N who="0" m="47723" /><D56/><U33/><E62/><V50/><F38/><W63/><G48/><N who="0" m="30983" /><D39/><U97/><E70/><V65/><F1/><W86/><G53/><T67/><D10/><U109/><E44/><V75/><F116/><W28/><G28/><T83/><D30/><U76/><E29/><V43/><F43/><W113/><G113/><T131/><D67/><U68/><E115/><V122/><F122/><W66/><G66/><T0/><D0/><U110/><E68/><V61/><F50/><W11/><G63/><T130/><D83/><U90/><E51/><V25/><REACH who="2" step="1"/><F13/><REACH who="2" ten="250,250,240,250" step="2"/><W42/><G42/><T112/><D108/><U78/><E118/><V45/><F45/><W93/><G60/><T104/><D112/><U21/><E119/><V132/><F132/><W9/><G134/><T7/><D131/><U49/><E49/><V100/><F100/><W23/><G133/><T16/><D103/><U6/><E109/><V59/><F59/><W26/><G64/><T123/><D123/><U95/><E110/><V89/><F89/><N who="3" m="53431" /><G15/><N who="0" m="9503" /><D130/><U41/><E41/><V128/><F128/><W40/><G40/><T114/><D114/><U55/><E76/><V79/><F79/><W69/><G69/><T54/><D54/><U8/><E55/><RYUUKYOKU ba="0,1" sc="250,-15,250,-15,240,15,250,15" hai2="25,31,57,61,65,72,75,80,85,91,94,96,102" hai3="9,11,19,23,26,32,34,35,81,82" /><INIT seed="1,1,1,5,5,59" ten="235,235,255,265" oya="1" hai0="74,33,6,76,41,115,42,8,120,50,133,87,23" hai1="110,11,98,85,103,13,14,53,64,119,111,77,129" hai2="16,128,126,10,3,47,99,70,12,116,26,1,22" hai3="68,82,90,27,81,106,84,38,104,2,56,39,75"/><U46/><E119/><V62/><F116/><W4/><G68/><T15/><D33/><U135/><E64/><V95/><F128/><W80/><G4/><T19/><D74/><U101/><E129/><V108/><F108/><N who="1" m="41513" /><E135/><V51/><F126/><W40/><G2/><T112/><D133/><U124/><E124/><V83/><F83/><W97/><G27/><T37/><D37/><U114/><E114/><V91/><F62/><W102/><G106/><T93/><D120/><U29/><E29/><V65/><F65/><W54/><G40/><T125/><D125/><U43/><E53/><V9/><F9/><W57/><G57/><T94/><D42/><U88/><E77/><V89/><F89/><W24/><G24/><T60/><D115/><U118/><E118/><V122/><F70/><W44/><G44/><T58/><D112/><U61/><E61/><V7/><F122/><W71/><G71/><T36/><D36/><N who="1" m="21863" /><E98/><V131/><F131/><W127/><G127/><T123/><D123/><U0/><E0/><V86/><F99/><W31/><G31/><T69/><D69/><U45/><E45/><V117/><F117/><W92/><REACH who="3" step="1"/><G75/><REACH who="3" ten="235,235,255,255" step="2"/><T100/><D41/><AGARI ba="1,2" hai="1,3,7,10,12,16,22,26,41,47,51,86,91,95" machi="41" ten="30,2000,0" yaku="7,1,54,1" doraHai="59" who="2" fromWho="0" sc="235,-23,235,0,255,43,255,0" /><INIT seed="2,0,0,1,2,17" ten="212,235,298,255" oya="2" hai0="123,130,75,69,109,125,56,86,98,116,87,80,92" hai1="71,47,88,54,11,135,29,124,39,2,70,32,21" hai2="63,1,61,40,76,134,35,31,79,37,20,78,133" hai3="59,82,73,100,49,94,15,60,105,96,114,23,34"/><V112/><F112/><W48/><G34/><T5/><D69/><U74/><E124/><V111/><F1/><W118/><G118/><T30/><D5/><U50/><E135/><N who="2" m="51723" /><F35/><W67/><G114/><T14/><D14/><U9/><E74/><V58/><F111/><W107/><G107/><T43/><D30/><U91/><E32/><V6/><F6/><W65/><G65/><T95/><D56/><U8/><E2/><V128/><F128/><W53/><G105/><T117/><D43/><U64/><E39/><V101/><F101/><W42/><G42/><T104/><D104/><U57/><E70/><V36/><F40/><W83/><G73/><T33/><D33/><U4/><E4/><V45/><F45/><N who="3" m="27823" /><G48/><T3/><D3/><U7/><E7/><V81/><F81/><W18/><AGARI ba="0,0" hai="15,18,23,59,60,67,82,83,94,96,100" m="27823" machi="18" ten="30,2000,0" yaku="8,1,52,1" doraHai="17" who="3" fromWho="3" sc="212,-5,235,-5,298,-10,255,20" /><INIT seed="3,0,0,4,2,31" ten="207,230,288,275" oya="3" hai0="35,115,44,25,118,103,50,129,74,73,80,94,131" hai1="10,125,58,57,132,92,135,40,106,108,3,22,2" hai2="37,130,24,36,43,65,75,12,49,98,76,89,84" hai3="127,61,124,14,38,47,107,19,53,96,11,51,111"/><W42/><G61/><T87/><D118/><U123/><E106/><V8/><F130/><N who="0" m="49674" /><D115/><U117/><E123/><V28/><F65/><W52/><G111/><T64/><D64/><U99/><E108/><V67/><F67/><W30/><G30/><N who="0" m="19919" /><D94/><U1/><E117/><V78/><F98/><W55/><REACH who="3" step="1"/><G38/><REACH who="3" ten="207,230,288,265" step="2"/><T90/><D103/><AGARI ba="0,1" hai="11,14,19,42,47,51,52,53,55,96,103,107,124,127" machi="103" ten="40,12000,1" yaku="1,1,2,1,54,1,53,1" doraHai="31" doraHaiUra="46" who="3" fromWho="0" sc="207,-120,230,0,288,0,265,130" /><INIT seed="3,1,0,5,3,131" ten="87,230,288,395" oya="3" hai0="21,70,104,57,87,85,86,83,77,114,93,67,58" hai1="1,111,100,107,47,34,26,30,31,42,71,110,33" hai2="133,39,134,51,11,122,48,124,17,61,18,5,92" hai3="130,22,64,13,105,128,119,54,23,0,98,72,125"/><W27/><G0/><T28/><D104/><U121/><E121/><V56/><F39/><W12/><G119/><T43/><D70/><U2/><E71/><V99/><F124/><W108/><G72/><T73/><D114/><U46/><E100/><V24/><F122/><W89/><G64/><T90/><D43/><U91/><E91/><N who="2" m="55711" /><F51/><W65/><G65/><T80/><D67/><U10/><E107/><V9/><F48/><W3/><G3/><T6/><D6/><U50/><E46/><V55/><F9/><W36/><G36/><T88/><REACH who="0" step="1"/><D73/><REACH who="0" ten="77,230,288,395" step="2"/><U68/><E68/><V69/><F69/><W79/><G105/><T106/><D106/><U120/><E42/><V25/><F5/><W59/><G128/><T96/><D96/><U38/><E120/><V14/><F25/><AGARI ba="1,1" hai="21,25,28,57,58,77,80,83,85,86,87,88,90,93" machi="25" ten="40,5200,0" yaku="1,1,8,1,54,1,53,0" doraHai="131" doraHaiUra="15" who="0" fromWho="2" sc="77,65,230,0,288,-55,395,0" /><INIT seed="4,0,0,3,4,20" ten="142,230,233,395" oya="0" hai0="65,107,34,49,78,56,45,125,11,50,67,5,111" hai1="87,60,55,46,134,103,32,1,129,83,48,70,21" hai2="51,76,59,110,120,47,128,44,0,77,118,90,121" hai3="25,94,31,126,40,133,2,57,135,106,82,8,99"/><T6/><D107/><U42/><E32/><V35/><F110/><W116/><G116/><T28/><D111/><U75/><E1/><V12/><F0/><W68/><G68/><T84/><D125/><U89/><E134/><V123/><F118/><W91/><G106/><T23/><D34/><U100/><E129/><V27/><F128/><W22/><G126/><T132/><D132/><N who="3" m="50761" /><G40/><T79/><D56/><U81/><E75/><V10/><F59/><W102/><G57/><T127/><D127/><U71/><E71/><V98/><F90/><W117/><G117/><T38/><D38/><U36/><E81/><V29/><F98/><W14/><G2/><T93/><D93/><U62/><E21/><V131/><F131/><W119/><G119/><T41/><D50/><N who="1" m="26967" /><E70/><V61/><F61/><N who="1" m="23657" /><E36/><V96/><F96/><W115/><G82/><N who="0" m="47191" /><D79/><U112/><E112/><V15/><F47/><AGARI ba="0,0" hai="47,48,55,83,87,89,100,103" m="23657,26967" machi="47" ten="30,1000,0" yaku="8,1" doraHai="20" who="1" fromWho="2" sc="142,0,230,10,233,-10,395,0" /><INIT seed="5,0,0,4,3,84" ten="142,240,223,395" oya="1" hai0="76,82,134,74,11,56,40,37,17,35,64,77,19" hai1="129,85,88,113,95,16,87,94,120,34,71,131,91" hai2="60,110,44,25,2,36,0,135,99,66,8,105,69" hai3="73,14,15,107,33,126,55,97,57,128,65,51,26"/><U112/><E71/><V93/><F110/><W122/><G73/><T59/><D35/><U3/><E120/><V7/><F135/><W80/><G122/><T50/><D37/><U125/><E34/><V48/><F36/><W30/><G128/><N who="1" m="49226" /><E125/><V43/><F105/><W130/><G130/><T118/><D118/><U52/><E3/><V22/><F8/><W70/><G80/><T38/><D38/><U32/><E32/><V78/><F7/><W103/><REACH who="3" step="1"/><G126/><REACH who="3" ten="142,240,223,385" step="2"/><T123/><D123/><U81/><E81/><V5/><F78/><W109/><G109/><T28/><D77/><U12/><E52/><V98/><F66/><W53/><G53/><T115/><D64/><U79/><E79/><V121/><F121/><W86/><G86/><T23/><D76/><U89/><E89/><V61/><F43/><W18/><G18/><T47/><D19/><U54/><E54/><V58/><F5/><W124/><G124/><T102/><D40/><U127/><E127/><V21/><F0/><W100/><G100/><T27/><D17/><U31/><E31/><V1/><F2/><W101/><G101/><T117/><D102/><U62/><E62/><AGARI ba="0,1" hai="14,15,26,30,33,51,55,57,62,65,70,97,103,107" machi="62" ten="40,5200,0" yaku="1,1,25,2,53,0" doraHai="84" doraHaiUra="75" who="3" fromWho="1" sc="142,0,240,-52,223,0,385,62" /><INIT seed="6,0,0,3,2,91" ten="142,188,223,447" oya="2" hai0="0,16,115,122,5,98,109,24,13,65,124,63,7" hai1="33,78,90,86,93,114,15,9,120,87,60,22,104" hai2="6,131,113,50,82,48,79,12,103,64,74,47,36" hai3="45,10,105,62,77,30,2,134,8,67,52,119,41"/><V106/><F113/><W128/><G105/><T25/><D109/><U81/><E33/><V34/><F34/><W112/><G119/><T71/><D115/><U107/><E114/><V101/><F131/><W35/><G52/><T70/><D124/><U61/><E120/><V17/><F36/><W53/><G53/><T37/><D37/><U40/><E107/><V42/><F106/><W1/><G112/><T4/><D0/><U55/><E104/><V108/><F108/><W118/><G118/><T102/><D70/><U97/><E40/><V23/><F64/><W96/><G96/><T76/><D76/><U121/><E121/><V31/><F31/><W88/><G88/><T44/><D44/><U3/><E3/><V100/><F48/><W19/><G8/><T92/><REACH who="0" step="1"/><D122/><REACH who="0" ten="132,188,223,447" step="2"/><U99/><E22/><AGARI ba="0,1" hai="4,5,7,13,16,22,24,25,63,65,71,92,98,102" machi="22" ten="40,8000,1" yaku="1,1,2,1,52,1,54,1,53,0" doraHai="91" doraHaiUra="32" who="0" fromWho="1" sc="132,90,188,-80,223,0,447,0" /><INIT seed="7,0,0,1,0,106" ten="222,108,223,447" oya="3" hai0="64,71,65,104,68,128,112,50,7,99,45,129,61" hai1="37,43,51,113,4,88,36,17,80,26,101,25,66" hai2="3,54,78,48,56,107,2,82,76,8,18,33,22" hai3="120,31,15,84,115,105,60,133,108,0,130,1,119"/><W70/><G84/><T28/><D112/><U23/><E101/><V93/><F107/><W10/><G15/><T59/><D7/><U91/><E113/><V123/><F33/><W79/><G79/><T95/><D28/><U121/><E121/><V98/><F123/><W81/><G81/><T44/><D104/><U135/><E135/><V16/><F78/><W96/><G60/><N who="0" m="37919" /><D68/><U24/><E66/><V77/><F77/><W87/><G10/><T94/><D94/><U122/><E122/><V102/><F8/><W89/><G87/><T30/><D30/><U39/><E4/><V32/><F32/><W21/><G89/><N who="0" m="55791" /><D50/><U75/><E51/><V14/><F18/><W110/><G31/><T35/><D35/><U34/><E34/><V57/><F57/><W5/><G105/><T111/><D111/><U6/><E6/><V49/><F49/><W118/><G5/><T9/><D9/><U13/><E80/><V63/><F48/><W27/><G21/><T42/><D42/><U90/><REACH who="1" step="1"/><E43/><REACH who="1" ten="222,98,223,447" step="2"/><V92/><F92/><W58/><G115/><T74/><D65/><U41/><E41/><V116/><F82/><W53/><G120/><T114/><D114/><U132/><E132/><V103/><F103/><W83/><G83/><T131/><D131/><U11/><E11/><V109/><F76/><W117/><G133/><T29/><D129/><U86/><E86/><V97/><F97/><W85/><G85/><T125/><D128/><U100/><E100/><V19/><F98/><W134/><G96/><T55/><D61/><U73/><AGARI ba="0,1" hai="13,17,23,24,25,26,36,37,39,73,75,88,90,91" machi="73" ten="40,12000,2" yaku="1,1,0,1,29,2,52,2,54,1,53,0" doraHai="106" doraHaiUra="62" who="1" fromWho="1" sc="222,-30,98,130,223,-30,447,-60" owari="192,-31.0,228,3.0,193,-21.0,387,49.0" /></mjloggm>