<mjloggm ver="2.3"><GO type="233" lobby="0"/><UN n0="%E3%81%BF%E3%81%BF%E3%81%9A" n1="%E9%BB%92%E7%8C%AB%40%E3%81%BA%E3%82%8D%E3%81%BA%E3%82%8D%E2%98%86" n2="%6E%61%6B%61%6A%75%75%6E" n3="%E3%82%A6%E3%83%AB%E3%83%88%E3%83%A9%E7%AB%8B%E7%9B%B4" dan="16,18,17,18" rate="2123.14,2229.94,2140.80,2192.42" sx="M,F,M,M"/><TAIKYOKU oya="0"/><INIT seed="0,0,0,1,5,111" ten="250,250,250,250" oya="0" hai0="26,128,133,52,21,37,116,1,9,48,108,98,79" hai1="96,112,53,59,41,86,94,13,7,33,115,74,5" hai2="12,110,123,51,61,118,97,109,28,76,17,78,43" hai3="87,125,32,22,130,99,16,77,67,89,88,29,126"/><T117/><D37/><U49/><E74/><V81/><F123/><W27/><G67/><T2/><D128/><U75/><E75/><V73/><F118/><W45/><G45/><T122/><D122/><U63/><E33/><V39/><F78/><W65/><G65/><T83/><D133/><U47/><E86/><V56/><F28/><W6/><G6/><T64/><D64/><U104/><E104/><V4/><F97/><W119/><G119/><T132/><D132/><U113/><E13/><V101/><F101/><AGARI ba="0,0" hai="5,7,41,47,49,53,59,63,94,96,101,112,113,115" machi="101" ten="40,8000,1" yaku="11,1,52,3" doraHai="111" who="1" fromWho="2" sc="250,0,250,80,250,-80,250,0" /><INIT seed="1,0,0,1,1,133" ten="250,330,170,250" oya="1" hai0="117,30,91,34,43,22,32,93,122,115,105,4,16" hai1="70,52,112,24,36,12,100,83,64,5,0,50,84" hai2="23,2,124,26,51,102,123,97,17,116,131,71,96" hai3="20,130,99,61,11,75,132,39,104,80,9,76,111"/><U18/><E112/><V59/><F123/><W46/><G132/><T56/><D105/><U125/><E125/><V128/><F116/><W29/><G111/><T110/><D115/><U135/><E135/><V85/><F71/><W3/><G130/><N who="2" m="49705" /><F2/><W98/><G61/><T126/><D117/><U74/><E36/><V109/><F109/><W86/><G86/><T44/><D110/><U45/><E74/><V42/><F85/><W6/><G11/><T1/><D126/><U35/><E0/><V134/><F134/><W58/><G58/><T67/><D122/><U103/><E5/><V14/><F14/><W63/><G63/><T15/><D56/><U79/><E64/><V114/><F114/><W119/><G104/><T106/><D106/><U90/><E70/><V113/><F113/><W127/><G127/><T7/><D67/><U10/><E79/><V120/><F120/><W121/><G121/><T21/><D1/><U41/><E41/><V60/><F102/><W95/><G119/><T88/><D7/><U31/><AGARI ba="0,0" hai="10,12,18,24,31,35,45,50,52,83,84,90,100,103" machi="31" ten="30,11700,0" yaku="0,1,25,2,54,1" doraHai="133" who="1" fromWho="1" sc="250,-39,330,117,170,-39,250,-39" /><INIT seed="1,1,0,5,5,88" ten="211,447,131,211" oya="1" hai0="107,125,120,38,7,118,15,17,84,30,51,110,77" hai1="26,80,92,25,41,83,89,112,123,24,100,16,102" hai2="18,47,8,109,36,42,124,111,104,11,3,32,23" hai3="105,54,2,27,43,61,48,72,101,78,57,69,13"/><U1/><E123/><V103/><F32/><W62/><G2/><T132/><D38/><U21/><E112/><V119/><F119/><W121/><G121/><T94/><D120/><U74/><E1/><V20/><F124/><W44/><G72/><T79/><D107/><U39/><E39/><V67/><F67/><N who="3" m="41207" /><G78/><T128/><D118/><U122/><E41/><V28/><F28/><W75/><G13/><T5/><D30/><U10/><E10/><V60/><F60/><N who="3" m="35895" /><G27/><N who="1" m="10314" /><E74/><V135/><F135/><W53/><G101/><N who="1" m="39018" /><E122/><V56/><F11/><W70/><G75/><T64/><D132/><U33/><E33/><V73/><F73/><W97/><G97/><AGARI ba="1,0" hai="16,21,26,80,83,89,92,97" m="39018,10314" machi="97" ten="30,5800,0" yaku="8,1,52,1,54,1" doraHai="88" who="1" fromWho="3" sc="211,0,447,61,131,0,211,-61" /><INIT seed="1,2,0,5,2,74" ten="211,508,131,150" oya="1" hai0="9,135,113,92,133,57,102,111,80,95,10,119,76" hai1="104,22,98,128,54,23,13,132,88,12,29,67,15" hai2="127,122,69,118,71,44,121,53,41,89,114,59,115" hai3="33,65,96,85,100,94,130,55,36,117,21,4,99"/><U32/><E132/><N who="0" m="50761" /><D113/><N who="2" m="43018" /><F89/><W31/><G33/><T66/><D111/><U124/><E124/><V50/><F127/><W19/><G36/><T131/><D131/><U52/><E128/><V2/><F2/><W125/><G125/><T38/><D38/><U93/><E104/><V40/><F118/><W8/><G31/><T126/><D126/><U3/><E3/><V91/><F91/><W108/><G108/><T84/><D119/><U18/><E67/><V70/><F40/><W35/><G35/><T62/><D102/><U39/><E39/><AGARI ba="2,0" hai="39,41,44,50,53,59,69,70,71,121,122" m="43018" machi="39" ten="40,5200,0" yaku="11,1,34,2" doraHai="74" who="2" fromWho="1" sc="211,0,508,-58,131,58,150,0" /><INIT seed="2,0,0,4,5,72" ten="211,450,189,150" oya="2" hai0="38,87,117,17,42,47,40,27,23,121,62,127,97" hai1="35,12,61,26,66,131,28,1,33,118,75,43,25" hai2="88,11,14,84,54,92,110,123,129,5,120,122,3" hai3="21,86,99,116,32,13,101,45,96,111,50,70,104"/><V18/><F129/><W63/><G32/><T128/><D128/><U41/><E1/><V107/><F107/><W20/><G116/><T8/><D121/><U55/><E131/><V94/><F110/><W125/><G111/><T58/><D117/><U82/><E55/><V44/><F92/><W134/><G134/><T51/><D127/><U74/><E12/><V60/><F60/><W115/><G125/><T67/><D97/><U112/><E112/><V90/><F90/><W81/><G115/><T39/><D42/><U85/><E118/><V57/><F44/><W135/><G135/><T108/><D108/><U52/><E74/><V6/><REACH who="2" step="1"/><F3/><REACH who="2" ten="211,450,179,150" step="2"/><W16/><G63/><T126/><D126/><U100/><E61/><V76/><F76/><W31/><G70/><T48/><D39/><U4/><E100/><V132/><F132/><W0/><G0/><T79/><D38/><U89/><E89/><V64/><F64/><W73/><G104/><T102/><D102/><U109/><E66/><V29/><F29/><W46/><G101/><T15/><D47/><U106/><E109/><V65/><F65/><W95/><G46/><T53/><D67/><U91/><E106/><V133/><F133/><W2/><G2/><T22/><D62/><U77/><E28/><V83/><F83/><W113/><G113/><T30/><D51/><U37/><E91/><V10/><F10/><W80/><G95/><T24/><D79/><U49/><E37/><V56/><F56/><W114/><G114/><T69/><D58/><U71/><E77/><V36/><F36/><W105/><G105/><RYUUKYOKU ba="0,1" sc="211,-10,450,-10,179,30,150,-10" hai2="5,6,11,14,18,54,57,84,88,94,120,122,123" /><INIT seed="2,1,1,0,4,101" ten="201,440,209,140" oya="2" hai0="134,75,34,105,55,2,107,47,92,38,111,50,96" hai1="14,78,110,32,118,39,126,7,10,45,123,115,127" hai2="84,21,100,93,128,95,43,99,40,90,37,121,116" hai3="129,83,28,46,94,12,53,13,86,22,77,24,132"/><V109/><F121/><W71/><G71/><T85/><D75/><U33/><E115/><V102/><F116/><W11/><G129/><T51/><D34/><U59/><E118/><V103/><F128/><W18/><G132/><T30/><D2/><U62/><E110/><V5/><F109/><W23/><G94/><T80/><D38/><U113/><E113/><V88/><F37/><W49/><REACH who="3" step="1"/><G13/><REACH who="3" ten="201,440,209,130" step="2"/><T120/><D134/><U67/><E123/><V6/><REACH who="2" step="1"/><F21/><AGARI ba="1,2" hai="11,12,18,21,22,23,24,28,46,49,53,77,83,86" machi="21" ten="30,7700,0" yaku="1,1,2,1,7,1,8,1,53,0" doraHai="101" doraHaiUra="108" who="3" fromWho="2" sc="201,0,440,0,209,-80,130,100" /><INIT seed="3,0,0,2,3,122" ten="201,440,129,230" oya="3" hai0="111,78,116,49,76,5,124,52,4,25,121,19,16" hai1="105,66,11,6,14,54,21,58,113,86,41,81,135" hai2="108,80,104,26,126,22,72,100,92,107,69,134,12" hai3="94,82,51,7,32,112,125,84,65,77,2,74,90"/><W29/><G112/><T117/><D121/><U79/><E135/><V47/><F69/><W68/><G125/><T131/><D124/><U61/><E113/><V27/><F126/><W33/><G29/><T106/><D106/><U99/><E41/><V55/><F134/><W23/><G23/><N who="0" m="13543" /><D117/><U39/><E39/><V91/><F12/><W28/><G28/><T83/><D116/><U43/><E43/><V34/><F34/><W8/><REACH who="3" step="1"/><G51/><REACH who="3" ten="201,440,129,220" step="2"/><T18/><D131/><U40/><E21/><V110/><F22/><W0/><G0/><T88/><D111/><N who="2" m="42538" /><F27/><W46/><G46/><N who="0" m="27703" /><D5/><U102/><E6/><V129/><F26/><W13/><G13/><T45/><D4/><U38/><E14/><V98/><F129/><W73/><G73/><T42/><D18/><U62/><E11/><V35/><F35/><W60/><AGARI ba="0,1" hai="2,7,8,32,33,60,65,68,74,77,82,84,90,94" machi="60" ten="30,3000,0" yaku="1,1,0,1,53,0" doraHai="122" doraHaiUra="115" who="3" fromWho="3" sc="201,-10,440,-10,129,-10,220,40" /><INIT seed="3,1,0,5,2,60" ten="191,430,119,260" oya="3" hai0="90,36,39,29,38,121,28,78,94,2,48,97,63" hai1="84,81,103,59,100,40,16,4,111,22,135,51,62" hai2="83,8,57,64,79,118,10,107,72,127,23,80,0" hai3="6,61,102,117,88,106,114,70,104,119,122,77,113"/><W116/><G6/><T91/><D121/><U43/><E111/><V50/><F118/><W68/><G61/><T98/><D2/><U58/><E4/><V73/><F127/><W21/><G21/><T18/><D78/><U55/><E135/><V108/><F108/><W66/><G77/><T128/><D128/><U99/><E99/><V96/><F0/><W44/><G44/><T34/><D34/><U32/><E32/><V19/><F107/><N who="3" m="41003" /><G102/><N who="1" m="38954" /><E84/><V65/><F96/><W5/><G5/><T134/><D134/><U11/><E81/><N who="2" m="31307" /><F79/><W74/><G88/><T123/><D123/><U130/><E11/><N who="2" m="4139" /><F73/><W49/><G74/><T35/><D35/><U82/><E82/><V20/><F72/><W7/><G122/><T37/><D37/><U132/><E130/><V112/><F112/><N who="3" m="43115" /><G7/><T124/><D39/><U3/><E3/><V115/><F115/><W95/><G95/><T93/><D124/><U14/><E132/><V15/><F23/><W125/><G125/><T109/><D109/><U13/><E13/><V131/><F131/><W129/><G129/><T75/><D38/><U86/><E86/><V41/><F41/><W101/><G101/><T71/><D36/><U17/><E17/><V31/><F31/><W45/><G116/><T110/><D110/><U27/><E14/><V47/><F47/><W87/><G87/><T9/><D75/><U89/><E43/><V92/><F92/><W12/><G12/><T126/><D126/><U54/><E89/><V85/><F85/><W33/><G33/><T30/><D71/><U69/><E40/><V67/><F50/><RYUUKYOKU ba="1,0" sc="191,-15,430,15,119,15,260,-15" hai1="16,22,27,51,54,55,58,59,62,69" hai2="15,19,20,57,64,65,67" /><INIT seed="4,2,0,5,0,79" ten="176,445,134,245" oya="0" hai0="1,98,85,126,91,118,16,131,37,96,52,56,65" hai1="34,106,48,47,104,105,109,0,55,31,2,64,116" hai2="62,38,112,75,100,86,20,28,39,119,59,129,95" hai3="99,4,125,51,67,7,72,82,69,77,43,45,73"/><T46/><D118/><U33/><E109/><V103/><F119/><W90/><G125/><T83/><D126/><U89/><E116/><V76/><F112/><W49/><G72/><T111/><D1/><U13/><E13/><V61/><F129/><W3/><G69/><T23/><D131/><U81/><E64/><V26/><F62/><W22/><G67/><T117/><D117/><U66/><E66/><N who="2" m="39231" /><F75/><W130/><G130/><T14/><D111/><U124/><E124/><V41/><F41/><W121/><G121/><T94/><D65/><U134/><E134/><V80/><F100/><W74/><G74/><T5/><D5/><U40/><E31/><V19/><F19/><W84/><G3/><T42/><REACH who="0" step="1"/><D94/><REACH who="0" ten="166,445,134,245" step="2"/><U11/><E0/><V122/><F122/><W60/><G4/><T8/><D8/><U78/><E11/><V58/><F58/><W114/><G7/><T92/><D92/><U133/><E2/><V71/><F71/><W50/><G114/><T36/><D36/><U110/><E110/><V17/><F38/><W32/><G32/><T15/><D15/><U29/><E33/><V120/><F39/><W128/><G128/><T57/><D57/><U132/><E132/><V113/><F113/><W9/><G9/><T107/><D107/><U10/><E10/><V97/><F120/><W54/><G22/><T108/><D108/><U18/><E106/><V53/><F53/><W12/><G12/><T25/><D25/><N who="1" m="18735" /><E55/><V123/><F123/><W24/><G54/><T68/><D68/><U135/><E133/><V63/><F63/><AGARI ba="2,1" hai="14,16,23,37,42,46,52,56,63,83,85,91,96,98" machi="63" ten="30,12000,1" yaku="1,1,7,1,52,1,54,2,53,0" doraHai="79" doraHaiUra="21" who="0" fromWho="2" sc="166,136,445,0,134,-126,245,0" /><INIT seed="4,3,0,2,5,40" ten="302,445,8,245" oya="0" hai0="46,88,86,32,94,29,52,33,81,61,30,0,123" hai1="9,51,67,113,49,69,131,18,39,24,93,63,102" hai2="111,104,17,10,64,7,60,48,114,112,121,34,42" hai3="65,84,3,108,66,28,124,57,134,83,56,45,47"/><T54/><D123/><U31/><E39/><V35/><F121/><W90/><G3/><T96/><D0/><U75/><E75/><V125/><F104/><W85/><G108/><T105/><D105/><U87/><E131/><V1/><F111/><W119/><G119/><T80/><D33/><U37/><E37/><V73/><F73/><W13/><G28/><T70/><D32/><U103/><E113/><N who="2" m="43627" /><F125/><W4/><G124/><T101/><D80/><U6/><E18/><V92/><F17/><W79/><G134/><T72/><D72/><U135/><E135/><V99/><F48/><W133/><G133/><T106/><D106/><U5/><E5/><V26/><F42/><W74/><G74/><T55/><REACH who="0" step="1"/><D46/><REACH who="0" ten="292,445,8,245" step="2"/><N who="3" m="17417" /><G57/><T20/><D20/><U38/><E69/><N who="2" m="42119" /><F26/><W58/><G56/><T115/><D115/><U21/><E21/><V44/><F44/><W62/><G58/><T59/><D59/><U109/><E38/><V118/><F118/><W77/><G62/><T71/><D71/><U117/><E117/><V98/><F98/><W130/><G130/><T132/><D132/><U36/><E36/><V110/><F110/><W15/><G66/><AGARI ba="3,1" hai="29,30,52,54,55,61,66,70,81,86,88,94,96,101" machi="66" ten="40,7700,0" yaku="1,1,54,2,53,0" doraHai="40" doraHaiUra="8" who="0" fromWho="3" sc="292,96,445,0,8,0,245,-86" /><INIT seed="4,4,0,0,2,33" ten="388,445,8,159" oya="0" hai0="6,135,69,64,24,71,26,115,86,107,18,38,77" hai1="65,103,66,88,125,53,134,9,108,128,31,70,61" hai2="50,56,30,54,25,23,90,63,55,97,51,82,79" hai3="8,32,14,40,60,123,29,75,10,5,99,13,72"/><T117/><D117/><U84/><E108/><V28/><F28/><W121/><G40/><T132/><D107/><U126/><E128/><V67/><F67/><W2/><G60/><T47/><D6/><U85/><E134/><N who="0" m="51241" /><D115/><U62/><E103/><V48/><F97/><W113/><G99/><T93/><D64/><U114/><E114/><V59/><F90/><W105/><G105/><T120/><D120/><N who="3" m="46153" /><G113/><T92/><D77/><U57/><E31/><V96/><F96/><W78/><G78/><T27/><D18/><U119/><E119/><V81/><F81/><W124/><G124/><N who="1" m="47722" /><E9/><V104/><F104/><W35/><G14/><T37/><D47/><U95/><E85/><AGARI ba="4,0" hai="23,25,30,48,50,51,54,55,56,59,63,79,82,85" machi="85" ten="30,2000,0" yaku="7,1,8,1" doraHai="33" who="2" fromWho="1" sc="388,0,445,-32,8,32,159,0" /><INIT seed="5,0,0,4,3,117" ten="388,413,40,159" oya="1" hai0="106,1,69,78,55,37,113,23,21,50,58,101,119" hai1="57,62,83,71,103,11,68,90,84,104,130,89,124" hai2="80,43,24,126,127,20,134,26,96,17,94,61,54" hai3="79,4,30,8,100,46,108,125,15,28,48,32,97"/><U14/><E130/><V129/><F129/><W98/><G108/><T93/><D119/><U49/><E124/><N who="2" m="47659" /><F43/><W88/><G125/><T31/><D113/><U76/><E49/><V95/><F134/><W25/><G79/><T2/><D37/><U115/><E115/><V0/><F0/><W27/><G100/><T91/><D69/><U60/><E103/><N who="2" m="60823" /><F95/><W135/><G88/><T120/><D120/><U110/><E104/><V112/><F80/><W40/><REACH who="3" step="1"/><G135/><REACH who="3" ten="388,413,40,149" step="2"/><T81/><D101/><U72/><E110/><V111/><F111/><W10/><G10/><T12/><D106/><U5/><E90/><V38/><F112/><W123/><G123/><T107/><D107/><U109/><E109/><V99/><F99/><W19/><G19/><N who="0" m="10471" /><D78/><U66/><REACH who="1" step="1"/><E62/><REACH who="1" ten="388,403,40,149" step="2"/><V29/><F61/><W51/><G51/><T36/><D36/><U35/><E35/><AGARI ba="0,2" hai="4,8,15,25,27,28,30,32,35,40,46,48,97,98" machi="35" ten="30,3900,0" yaku="1,1,7,1,9,1,53,0" doraHai="117" doraHaiUra="18" who="3" fromWho="1" sc="388,0,403,-39,40,0,149,59" /><INIT seed="6,0,0,2,4,60" ten="388,364,40,208" oya="2" hai0="25,54,42,95,9,114,66,74,34,8,82,133,110" hai1="10,18,40,119,135,81,132,17,48,112,69,37,14" hai2="102,72,79,111,24,45,55,93,43,5,76,44,13" hai3="123,58,11,129,104,103,62,12,59,96,91,4,89"/><V85/><F111/><W57/><G123/><T94/><D110/><U67/><E119/><V118/><F118/><W65/><REACH who="3" step="1"/><G129/><REACH who="3" ten="388,364,40,198" step="2"/><T0/><D133/><U39/><E135/><V63/><F72/><W41/><G41/><T98/><D42/><U53/><E40/><V47/><F43/><W128/><G128/><T83/><D74/><U15/><E132/><V127/><F127/><W26/><G26/><T46/><D25/><U87/><E112/><V88/><F24/><W101/><G101/><T131/><D114/><U80/><E37/><V51/><F102/><W29/><G29/><T113/><D113/><U130/><E39/><V100/><F100/><W121/><G121/><T92/><D131/><U3/><E130/><V49/><F63/><W28/><G28/><T86/><D98/><U77/><E48/><N who="2" m="18507" /><F55/><W35/><G35/><T124/><D54/><U84/><E53/><V116/><F116/><W99/><G99/><T61/><D34/><U56/><E84/><V30/><F30/><W27/><G27/><T115/><D86/><U106/><E87/><V6/><F13/><W68/><AGARI ba="0,1" hai="4,11,12,57,58,59,62,65,68,89,91,96,103,104" machi="68" ten="30,4000,0" yaku="1,1,0,1,52,1,53,0" doraHai="60" doraHaiUra="33" who="3" fromWho="3" sc="388,-10,364,-10,40,-20,198,50" /><INIT seed="7,0,0,2,3,72" ten="378,354,20,248" oya="3" hai0="129,19,111,64,62,53,37,67,59,22,119,70,107" hai1="133,24,128,123,125,28,69,103,33,54,63,1,65" hai2="99,8,7,5,89,81,61,122,95,43,56,98,83" hai3="78,112,87,124,90,110,101,71,131,9,134,57,106"/><W113/><G71/><T29/><D111/><U6/><E123/><V114/><F114/><N who="3" m="44139" /><G9/><T80/><D119/><U51/><E133/><V25/><F122/><W26/><G26/><N who="0" m="16599" /><D107/><U66/><E128/><V127/><F127/><W126/><G57/><N who="0" m="35119" /><D37/><U120/><E125/><N who="3" m="48234" /><G131/><T109/><D109/><U84/><E120/><V12/><F5/><W132/><G110/><T17/><D70/><U45/><E103/><V23/><F43/><W18/><G18/><N who="0" m="6667" /><D129/><U92/><E65/><N who="0" m="25161" /><D80/><U77/><E1/><V44/><F44/><W30/><G30/><T130/><D130/><U48/><E6/><V85/><F98/><N who="3" m="61751" /><G78/><T32/><D32/><U121/><E121/><V16/><REACH who="2" step="1"/><F85/><REACH who="2" ten="378,354,10,248" step="2"/><W20/><G20/><T47/><D47/><U68/><E68/><V15/><F15/><W2/><G2/><T79/><D59/><U31/><E69/><V52/><AGARI ba="0,1" hai="7,8,12,16,23,25,52,56,61,81,83,89,95,99" machi="52" ten="20,16000,3" yaku="1,1,0,1,7,1,25,2,8,1,54,2,53,0" doraHai="72" doraHaiUra="41" who="2" fromWho="2" sc="378,-40,354,-40,10,170,248,-80" owari="338,44.0,314,11.0,180,-22.0,168,-33.0" /></mjloggm>