<mjloggm ver="2.3"><GO type="169" lobby="0"/><UN n0="%79%75%6D%69%6B%69%6B%61" n1="%56%4F%4E%41%50%41%4C%54" n2="%E5%B0%B1%E6%B4%BB%E7%94%9F%40%E5%B7%9D%E6%9D%91%E8%BB%8D%E5%9B%A3" n3="%E3%82%B7%E3%83%A3%E3%83%BC%E3%83%AA%E3%83%97%E3%83%88%E3%83%A9" dan="17,16,18,17" rate="2135.77,2061.50,2233.77,2177.28" sx="M,M,M,M"/><TAIKYOKU oya="0"/><INIT seed="0,0,0,2,1,110" ten="250,250,250,250" oya="0" hai0="15,61,86,87,133,29,117,129,106,53,111,71,130" hai1="108,100,56,97,69,26,103,72,57,67,50,126,80" hai2="58,101,38,35,6,48,118,92,99,39,12,0,16" hai3="37,90,25,49,36,81,47,4,84,89,52,46,21"/><T109/><D106/><U23/><E108/><N who="0" m="41545" /><D117/><U42/><E126/><V107/><F35/><W2/><G90/><T68/><D133/><U75/><E69/><N who="0" m="26697" /><D29/><U113/><E67/><V20/><F118/><W121/><G121/><T125/><D125/><U64/><E64/><V94/><F0/><W116/><G116/><T19/><D53/><U1/><E1/><V131/><F131/><N who="0" m="50186" /><D61/><U78/><E42/><V95/><F6/><W70/><G70/><T55/><D55/><U66/><E66/><V14/><F107/><W134/><G134/><T122/><D122/><U77/><E57/><V96/><F101/><W62/><G62/><T135/><D135/><U98/><E56/><V124/><F124/><W27/><G47/><T120/><D120/><U51/><E100/><V41/><F58/><W76/><G46/><T115/><D115/><U8/><E113/><V127/><F127/><W60/><G60/><T128/><N who="0" m="50194" /><T22/><AGARI ba="0,0" hai="15,19,22,86,87" m="50194,26697,41545" machi="22" ten="50,12000,1" yaku="4,1,14,1,10,1,19,1" doraHai="110" who="0" fromWho="0" sc="250,120,250,-40,250,-40,250,-40" /><INIT seed="0,1,0,4,2,26" ten="370,210,210,210" oya="0" hai0="127,65,0,67,85,97,55,92,72,42,132,73,128" hai1="14,49,62,2,124,111,88,17,46,105,99,115,38" hai2="64,130,12,36,57,51,106,47,32,61,11,119,68" hai3="82,52,87,84,91,123,30,102,37,126,114,74,69"/><T25/><D0/><U43/><E111/><V66/><F106/><W29/><G37/><T10/><D42/><U93/><E124/><V45/><F119/><W63/><G74/><T129/><D85/><U133/><E133/><V76/><F130/><N who="0" m="50282" /><D10/><U79/><E115/><V109/><F109/><W20/><G114/><T59/><D127/><U96/><E2/><V135/><F135/><W78/><G126/><T100/><D132/><U48/><E79/><V9/><F32/><W98/><G123/><T107/><D107/><U120/><E120/><V16/><F76/><W23/><G69/><T125/><D125/><U86/><E62/><V1/><F36/><W21/><G98/><T18/><D18/><U60/><E60/><V31/><F9/><W39/><G102/><T19/><D19/><U108/><E108/><V110/><F110/><W112/><G39/><T116/><D25/><U131/><E131/><V70/><F1/><W4/><G4/><T80/><D80/><U34/><E105/><V134/><F134/><W95/><G112/><T41/><D41/><U56/><E38/><V44/><F11/><W54/><G63/><N who="0" m="36351" /><D116/><U33/><E33/><V7/><F7/><W77/><G77/><T117/><D117/><U75/><E75/><AGARI ba="1,0" hai="65,67,72,73,75,92,97,100" m="36351,50282" machi="75" ten="30,1500,0" yaku="19,1" doraHai="26" who="0" fromWho="1" sc="370,18,210,-18,210,0,210,0" /><INIT seed="0,2,0,0,0,7" ten="388,192,210,210" oya="0" hai0="126,47,116,66,42,130,87,3,5,98,78,62,112" hai1="131,65,4,63,69,20,12,53,18,67,14,9,90" hai2="89,29,104,34,31,97,68,64,124,115,30,85,0" hai3="15,121,101,19,22,111,59,37,44,100,72,36,79"/><T106/><D116/><U75/><E131/><V71/><F115/><W6/><G111/><T94/><D126/><U84/><E75/><V17/><F124/><W41/><G121/><T77/><D130/><U48/><E63/><V120/><F120/><W96/><G101/><T125/><D112/><U80/><REACH who="1" step="1"/><E69/><REACH who="1" ten="388,182,210,210" step="2"/><V73/><F73/><W13/><G72/><T50/><D62/><U95/><E95/><V88/><F71/><W55/><G79/><T109/><D94/><U39/><E39/><V24/><F68/><W91/><G36/><T108/><D125/><U56/><AGARI ba="2,1" hai="4,9,12,14,18,20,48,53,56,65,67,80,84,90" machi="56" ten="20,12000,2" yaku="1,1,0,1,7,1,8,1,52,1,53,1" doraHai="7" doraHaiUra="1" who="1" fromWho="1" sc="388,-62,182,136,210,-32,210,-32" /><INIT seed="1,0,0,2,4,91" ten="326,318,178,178" oya="1" hai0="124,122,90,1,40,119,43,111,121,12,71,15,18" hai1="113,10,19,21,131,127,125,44,47,55,97,60,106" hai2="31,48,105,35,123,128,94,42,116,84,100,133,46" hai3="102,72,33,76,135,61,13,38,86,80,41,98,63"/><U126/><E113/><V9/><F123/><N who="0" m="47114" /><D1/><U99/><E131/><V92/><F116/><W109/><G109/><T112/><D111/><U67/><E10/><V3/><F128/><W118/><G135/><T17/><D124/><U104/><E104/><V52/><F133/><W59/><G118/><T6/><D6/><U37/><E106/><V34/><F105/><W20/><G33/><T114/><D71/><N who="1" m="42471" /><E55/><V57/><F31/><W45/><G72/><T101/><D101/><U69/><E69/><V85/><F9/><W30/><G59/><T62/><D62/><U83/><E83/><V16/><F16/><N who="0" m="6250" /><D90/><U25/><E37/><V11/><F11/><W53/><G13/><N who="0" m="5195" /><D119/><U36/><E36/><V110/><F3/><W65/><G20/><T39/><D39/><U81/><E81/><V79/><F110/><W24/><G102/><T70/><D70/><U96/><AGARI ba="0,0" hai="19,21,25,44,47,96,97,99,125,126,127" m="42471" machi="96" ten="40,2100,0" yaku="18,1" doraHai="91" who="1" fromWho="1" sc="326,-7,318,21,178,-7,178,-7" /><INIT seed="1,1,0,5,5,28" ten="319,339,171,171" oya="1" hai0="1,35,95,56,120,72,59,123,94,129,29,16,25" hai1="48,121,63,26,132,108,79,105,60,31,33,76,6" hai2="68,46,89,70,4,13,115,111,39,113,58,14,71" hai3="45,77,130,30,104,125,49,135,40,107,80,64,97"/><U12/><E121/><N who="0" m="46665" /><D129/><U119/><E119/><V75/><F75/><W38/><G125/><T3/><D72/><U118/><E118/><V134/><F134/><W17/><G135/><T92/><D16/><U5/><E132/><V43/><F111/><W19/><G130/><T91/><D91/><U23/><E105/><V7/><F89/><W32/><G107/><T10/><D10/><U22/><E108/><V53/><F14/><W57/><G104/><T42/><D42/><U47/><E33/><V44/><F13/><W84/><G97/><T52/><D59/><U74/><E74/><V122/><F122/><W54/><REACH who="3" step="1"/><G64/><REACH who="3" ten="319,339,171,161" step="2"/><T41/><D41/><U112/><E112/><V128/><F128/><W9/><G9/><T65/><D65/><U27/><E76/><V90/><F113/><W86/><G86/><T85/><D85/><U11/><E79/><V24/><F115/><W126/><G126/><T50/><AGARI ba="1,1" hai="1,3,25,29,35,50,52,56,92,94,95" m="46665" machi="50" ten="30,4000,0" yaku="13,1,52,1,54,1" doraHai="28" who="0" fromWho="0" sc="319,53,339,-21,171,-11,161,-11" /><INIT seed="2,0,0,5,2,48" ten="372,318,160,150" oya="2" hai0="130,63,29,10,83,23,131,65,70,109,87,117,125" hai1="62,103,41,50,98,107,79,4,89,96,15,6,72" hai2="24,108,35,115,40,118,53,112,14,116,43,0,121" hai3="81,13,45,88,9,54,76,25,75,57,66,16,58"/><V114/><F0/><W2/><G2/><T36/><D109/><U34/><E34/><V59/><F14/><W102/><G102/><T113/><D113/><U3/><E3/><V119/><F35/><W11/><G11/><T105/><D36/><U49/><E62/><N who="2" m="36207" /><F24/><W85/><G66/><T8/><D117/><U86/><E96/><V12/><F12/><W27/><G58/><T104/><D125/><U52/><E15/><V128/><F128/><N who="0" m="49194" /><D23/><U99/><E99/><V30/><F30/><W18/><G18/><T94/><D94/><U135/><E6/><V73/><F73/><W31/><G45/><T28/><D29/><U90/><E4/><V74/><F74/><W91/><G31/><T133/><D133/><U93/><E135/><V68/><F121/><W97/><G97/><T134/><D134/><U78/><E72/><V55/><F108/><W80/><REACH who="3" step="1"/><G91/><REACH who="3" ten="372,318,160,140" step="2"/><N who="0" m="51711" /><D28/><U17/><E89/><V5/><F5/><W60/><AGARI ba="0,1" hai="9,13,16,25,27,54,57,60,75,76,80,81,85,88" machi="60" ten="20,12000,2" yaku="1,1,0,1,7,1,52,1,54,2,53,0" doraHai="48" doraHaiUra="42" who="3" fromWho="3" sc="372,-30,318,-30,160,-60,140,130" /><INIT seed="3,0,0,5,5,6" ten="342,288,100,270" oya="3" hai0="48,2,73,98,55,16,78,56,101,49,110,87,42" hai1="28,27,40,123,102,86,106,82,62,13,118,43,18" hai2="57,79,3,122,100,97,38,70,128,103,111,39,113" hai3="81,11,63,32,107,35,83,109,33,117,12,25,89"/><W120/><G117/><T68/><D68/><U9/><E123/><V90/><F70/><W14/><G120/><T104/><D110/><U19/><E118/><V71/><F71/><W46/><G107/><T69/><D69/><U37/><E37/><V22/><F122/><W99/><G63/><T20/><D2/><U94/><E106/><V5/><F111/><W72/><G109/><T124/><D124/><U93/><E19/><V45/><F128/><W34/><G14/><T127/><D73/><U74/><E74/><V129/><F129/><W1/><G1/><T29/><D29/><U92/><E62/><V41/><F113/><W61/><G61/><T30/><D30/><U77/><REACH who="1" step="1"/><E102/><REACH who="1" ten="342,278,100,270" step="2"/><V95/><F39/><W21/><G72/><T64/><D101/><U119/><E119/><V125/><F125/><W8/><G12/><T135/><D104/><U7/><E7/><V23/><F100/><W47/><G81/><T44/><D127/><U91/><E91/><V26/><F103/><W88/><G89/><T96/><D78/><U85/><E85/><V108/><F108/><W67/><G67/><T58/><D87/><U51/><E51/><V66/><F79/><W4/><G4/><T54/><D64/><U132/><E132/><V52/><F66/><W65/><G65/><T105/><D105/><U59/><E59/><V84/><F84/><N who="3" m="50207" /><G99/><T76/><D76/><U0/><E0/><V15/><F3/><W10/><N who="3" m="8192" /><DORA hai="134" /><W115/><G115/><T60/><D135/><U17/><E17/><N who="2" m="10559" /><F5/><W50/><G50/><T133/><D133/><U114/><E114/><RYUUKYOKU ba="0,1" sc="342,10,278,10,100,-30,270,10" hai0="16,20,42,44,48,49,54,55,56,58,60,96,98" hai1="9,13,18,27,28,40,43,77,82,86,92,93,94" hai3="8,10,11,21,25,46,47" /><INIT seed="3,1,1,2,3,34" ten="352,288,70,280" oya="3" hai0="32,64,30,98,108,114,76,8,25,131,27,72,91" hai1="45,57,133,85,124,99,90,13,7,111,4,12,48" hai2="104,126,109,113,46,135,11,134,24,120,66,59,9" hai3="127,3,83,40,70,61,101,123,121,17,119,54,75"/><W73/><G17/><T55/><D64/><U122/><E122/><V5/><F104/><W88/><G40/><T130/><D108/><U52/><E111/><V16/><F113/><W60/><G101/><T68/><D68/><U82/><E124/><V22/><F126/><W92/><G127/><T39/><D39/><U31/><E133/><V50/><F120/><W20/><G20/><T44/><D25/><U33/><E33/><V107/><F109/><W38/><G38/><T95/><D8/><U2/><E31/><V58/><F107/><W10/><G119/><T103/><D72/><U42/><E99/><V26/><F26/><W74/><G83/><T65/><D76/><U36/><REACH who="1" step="1"/><E2/><REACH who="1" ten="352,278,70,280" step="2"/><V49/><F134/><W21/><G123/><T94/><D114/><U106/><E106/><V23/><F135/><W35/><G35/><T80/><D98/><U117/><E117/><V43/><F23/><W112/><G21/><T0/><D0/><U96/><E96/><V47/><F66/><N who="3" m="41287" /><G112/><T87/><D32/><U81/><E81/><V132/><F132/><W62/><G121/><T51/><D80/><U69/><E69/><V93/><F93/><W84/><G3/><T77/><D94/><U89/><E89/><V29/><F29/><W118/><G118/><T1/><D1/><U6/><AGARI ba="1,2" hai="4,6,7,12,13,36,42,45,48,52,57,82,85,90" machi="6" ten="30,4000,0" yaku="1,1,0,1,54,1,53,0" doraHai="34" doraHaiUra="105" who="1" fromWho="1" sc="352,-11,278,63,70,-11,280,-21" /><INIT seed="4,0,0,3,1,85" ten="341,341,59,259" oya="0" hai0="56,19,49,115,2,71,28,1,22,83,66,130,72" hai1="43,94,117,46,121,35,102,88,21,123,98,113,0" hai2="104,41,8,97,64,91,114,79,80,73,99,16,89" hai3="126,82,131,53,34,78,29,47,5,48,58,127,7"/><T9/><D115/><U77/><E35/><V57/><F114/><W116/><G116/><T84/><D72/><U31/><E117/><V20/><F41/><W30/><G131/><T61/><D130/><U93/><E113/><V10/><F104/><W111/><G111/><T37/><D37/><U6/><E77/><V18/><F18/><W75/><G47/><T124/><D124/><N who="3" m="47657" /><G34/><T59/><D28/><AGARI ba="0,0" hai="5,7,28,29,30,48,53,58,75,78,82" m="47657" machi="28" ten="30,1000,0" yaku="18,1" doraHai="85" who="3" fromWho="0" sc="341,-10,341,0,59,0,259,10" /><INIT seed="5,0,0,4,2,4" ten="331,341,59,269" oya="1" hai0="70,18,116,29,13,39,56,64,87,68,135,6,35" hai1="61,46,50,98,96,5,114,94,107,76,122,111,83" hai2="38,99,37,78,11,121,128,112,93,103,110,62,69" hai3="85,120,2,42,47,131,66,40,24,32,102,77,75"/><U92/><E122/><V105/><F121/><W52/><G120/><T129/><D116/><U12/><E114/><V43/><F110/><W115/><G2/><T19/><D39/><U81/><E107/><V7/><F112/><W15/><G75/><T14/><D6/><U53/><E111/><V84/><F128/><W88/><G115/><T117/><D117/><U45/><E61/><V86/><F43/><N who="3" m="16427" /><G32/><T31/><D87/><U123/><E123/><V22/><F22/><W97/><G131/><T91/><D91/><N who="1" m="55327" /><E46/><V55/><F105/><W51/><G24/><T36/><D36/><U63/><E63/><V49/><F37/><W125/><G125/><T90/><D35/><U74/><E76/><V44/><F38/><W0/><G0/><T132/><D90/><N who="1" m="55639" /><E74/><V130/><F130/><W124/><G124/><T27/><D129/><U59/><E59/><V134/><F134/><W34/><G34/><T8/><D56/><U65/><E65/><V82/><F62/><W80/><G66/><T58/><D58/><U67/><E67/><V73/><REACH who="2" step="1"/><F69/><REACH who="2" ten="331,341,49,269" step="2"/><W20/><G20/><T28/><D70/><U104/><E104/><V100/><F100/><W109/><G109/><T119/><D68/><U108/><E108/><V10/><F10/><AGARI ba="0,1" hai="5,10,12,45,50,53,81,83" m="55639,55327" machi="10" ten="30,2900,0" yaku="8,1,52,1" doraHai="4" who="1" fromWho="2" sc="331,0,341,39,49,-29,269,0" /><INIT seed="5,1,0,2,5,124" ten="331,380,20,269" oya="1" hai0="81,74,38,78,126,104,113,42,31,50,70,56,48" hai1="102,80,4,90,25,18,84,88,51,32,83,87,94" hai2="53,105,60,19,131,118,125,129,96,72,106,119,52" hai3="116,122,28,29,121,13,36,59,17,135,54,77,108"/><U34/><E4/><V24/><F125/><W123/><G36/><T98/><D126/><U35/><E18/><V73/><F60/><W62/><G108/><T127/><D70/><U130/><E130/><V100/><F19/><W11/><G135/><T5/><D113/><U12/><E12/><V37/><F37/><W76/><REACH who="3" step="1"/><G116/><REACH who="3" ten="331,380,20,259" step="2"/><T21/><D38/><U47/><E25/><V112/><F112/><W109/><G109/><T86/><D127/><U6/><E6/><V39/><F39/><W110/><G110/><T30/><D5/><U44/><E51/><V20/><F24/><W68/><G68/><T49/><D50/><U115/><E115/><V43/><F20/><W2/><G2/><T3/><D21/><U65/><E65/><V66/><F66/><W7/><G7/><T27/><D27/><U128/><E128/><V89/><F96/><AGARI ba="1,1" hai="32,34,35,44,47,80,83,84,87,88,90,94,96,102" machi="96" ten="40,3900,0" yaku="9,1,54,1" doraHai="124" who="1" fromWho="2" sc="331,0,380,52,20,-42,259,0" owari="331,13.0,432,53.0,-22,-52.0,259,-14.0" /></mjloggm>