<mjloggm ver="2.3"><GO type="169" lobby="0"/><UN n0="%53%48%49%53%55%4B%45" n1="%E5%B0%B1%E6%B4%BB%E7%94%9F%40%E5%B7%9D%E6%9D%91%E8%BB%8D%E5%9B%A3" n2="%E3%81%BF%E3%81%8B%E3%82%93%EF%BC%A0%E3%82%8F%E3%81%8B%E3%82%81%E3%81%A6" n3="%E2%80%A0%E3%81%BE%E3%83%BC%E5%9D%8A%E2%80%A0" dan="16,17,17,18" rate="2062.30,2233.11,2258.26,2245.61" sx="M,M,M,M"/><TAIKYOKU oya="0"/><INIT seed="0,0,0,5,4,3" ten="250,250,250,250" oya="0" hai0="133,26,35,103,99,113,2,43,8,55,66,33,109" hai1="44,29,101,50,16,80,76,25,59,108,123,118,114" hai2="79,96,125,78,56,75,12,52,100,18,68,45,119" hai3="105,117,115,60,13,71,32,24,7,36,67,61,73"/><T83/><D113/><U111/><E118/><V23/><F119/><W121/><G117/><T41/><D133/><U62/><E123/><V97/><F68/><W93/><G115/><T22/><D109/><U82/><E101/><V63/><F125/><W116/><G116/><T19/><D66/><U135/><E135/><V134/><F134/><W86/><G73/><T70/><D70/><U11/><E114/><V9/><F75/><W64/><G36/><T72/><D35/><U81/><E76/><N who="2" m="29227" /><F100/><W98/><G86/><T38/><D33/><U54/><E29/><V57/><F45/><W37/><G37/><T131/><D72/><U47/><E44/><V87/><F87/><W85/><G85/><T46/><D83/><U104/><E104/><V65/><F23/><W31/><G105/><T112/><D112/><U106/><E106/><V20/><F20/><W90/><G121/><T95/><D131/><U39/><E39/><V14/><F14/><W40/><G40/><T4/><REACH who="0" step="1"/><D38/><REACH who="0" ten="240,250,250,250" step="2"/><U28/><E108/><V53/><F65/><W69/><G13/><T130/><D130/><U27/><E111/><V84/><F84/><W34/><G32/><T94/><D94/><U6/><E81/><V1/><F1/><W42/><G42/><T127/><D127/><U74/><E74/><V122/><F122/><W0/><G0/><T21/><D21/><N who="1" m="13479" /><E82/><V77/><F77/><W48/><G69/><T126/><D126/><U132/><E80/><V10/><F10/><W102/><G67/><T51/><AGARI ba="0,1" hai="2,4,8,19,22,26,41,43,46,51,55,95,99,103" machi="51" ten="30,6000,0" yaku="1,1,0,1,52,1,53,0" doraHai="3" doraHaiUra="120" who="0" fromWho="0" sc="240,70,250,-20,250,-20,250,-20" /><INIT seed="0,1,0,0,0,14" ten="310,230,230,230" oya="0" hai0="129,56,96,72,87,114,40,81,17,36,55,99,46" hai1="51,42,58,6,133,126,41,83,4,31,123,11,30" hai2="33,73,110,134,59,8,85,77,54,28,43,3,50" hai3="67,128,118,120,16,21,68,82,18,39,105,119,27"/><T115/><D129/><U9/><E123/><V0/><F73/><W97/><G39/><T23/><D72/><U79/><E126/><V121/><F121/><W15/><G120/><T117/><D117/><U29/><E133/><V35/><F134/><W112/><G112/><T106/><D106/><U20/><E58/><V80/><F110/><W89/><G128/><T61/><D115/><U62/><E62/><V37/><F28/><W32/><G82/><T60/><D60/><U127/><E20/><V25/><F25/><W74/><G74/><T49/><D36/><U92/><E92/><V108/><F108/><W86/><G67/><T131/><D131/><U70/><E70/><V10/><F10/><W65/><G65/><T100/><D100/><U122/><E122/><V57/><F57/><W111/><G68/><T12/><REACH who="0" step="1"/><D114/><REACH who="0" ten="300,230,230,230" step="2"/><U98/><E51/><V19/><F37/><W101/><G111/><T71/><D71/><U104/><E104/><V47/><F50/><W64/><G119/><T75/><D75/><U90/><E127/><V45/><F47/><W22/><G118/><T91/><AGARI ba="1,1" hai="12,17,23,40,46,49,55,56,61,81,87,91,96,99" machi="91" ten="20,12000,1" yaku="1,1,0,1,7,1,8,1,52,1,53,0" doraHai="14" doraHaiUra="88" who="0" fromWho="0" sc="300,133,230,-41,230,-41,230,-41" /><INIT seed="0,2,0,5,2,71" ten="433,189,189,189" oya="0" hai0="26,3,5,53,54,9,74,79,36,81,7,121,48" hai1="14,101,116,27,114,89,11,45,115,120,65,49,84" hai2="133,117,122,58,83,59,46,94,8,30,76,130,22" hai3="4,119,112,66,37,42,93,47,51,92,106,31,72"/><T39/><D121/><U109/><E116/><V69/><F122/><W87/><G72/><T25/><D7/><U60/><E120/><V95/><F69/><W96/><G112/><T18/><D54/><U77/><E109/><V34/><F34/><W113/><G113/><T40/><D40/><U127/><E101/><V35/><F35/><W134/><G106/><T67/><D67/><U20/><E127/><V107/><F107/><W129/><G129/><T41/><D41/><U56/><E27/><V111/><F117/><W55/><G31/><T15/><D26/><U6/><E20/><V100/><F111/><W88/><G134/><T44/><D25/><U13/><E13/><V21/><F46/><W86/><G119/><T118/><D118/><U73/><E73/><V135/><F8/><AGARI ba="2,0" hai="3,5,8,9,15,18,36,39,44,48,53,74,79,81" machi="8" ten="30,5800,0" yaku="7,1,52,2" doraHai="71" who="0" fromWho="2" sc="433,64,189,0,189,-64,189,0" /><INIT seed="0,3,0,0,1,14" ten="497,189,125,189" oya="0" hai0="29,26,33,25,98,39,9,54,47,37,116,99,94" hai1="103,67,66,49,18,104,52,90,68,4,2,127,88" hai2="117,109,110,84,16,1,74,132,44,5,92,75,114" hai3="125,3,48,45,8,80,24,102,13,128,96,40,30"/><T95/><D116/><U123/><E123/><V51/><F114/><W53/><G3/><T42/><D39/><U115/><E115/><V76/><F117/><W130/><G125/><T81/><D26/><U134/><E127/><V0/><F132/><W63/><G63/><T22/><D33/><U79/><E134/><V41/><F5/><W61/><G61/><T93/><D9/><U135/><E68/><V56/><F56/><W83/><G40/><T89/><D54/><U27/><E2/><V32/><F32/><W35/><G128/><T124/><D124/><U34/><E104/><V11/><F0/><W50/><G50/><T19/><D29/><U57/><E135/><V10/><F1/><W121/><G121/><T118/><D118/><U64/><E4/><V91/><F10/><W108/><G108/><N who="2" m="41577" /><F76/><W7/><REACH who="3" step="1"/><G130/><REACH who="3" ten="497,189,125,179" step="2"/><T69/><D69/><U106/><E34/><V113/><F113/><W6/><G6/><T71/><D71/><U111/><E111/><V122/><F122/><W120/><G120/><T126/><D126/><U129/><E129/><V28/><F28/><W23/><G23/><T97/><REACH who="0" step="1"/><D81/><REACH who="0" ten="487,189,125,179" step="2"/><U77/><E66/><V131/><F131/><W17/><G17/><T60/><D60/><U55/><E67/><V72/><F16/><W86/><G86/><AGARI ba="3,2" hai="19,22,25,37,42,47,86,89,93,94,95,97,98,99" machi="86" ten="40,7700,0" yaku="1,1,52,1,53,1" doraHai="14" doraHaiUra="21" who="0" fromWho="3" sc="487,106,189,0,125,0,179,-86" /><INIT seed="0,4,0,0,4,79" ten="593,189,125,93" oya="0" hai0="62,98,61,57,59,88,3,32,28,17,128,120,90" hai1="113,102,58,100,0,15,94,66,129,10,50,46,19" hai2="55,60,96,5,38,64,86,45,44,8,121,127,33" hai3="81,68,112,82,16,52,104,111,31,20,116,99,18"/><T23/><D120/><U132/><E129/><V123/><F33/><W39/><G68/><T47/><D3/><U115/><E132/><V92/><F127/><W14/><G39/><T114/><D114/><N who="1" m="43531" /><E0/><V83/><F121/><W36/><G36/><T63/><D128/><U107/><E107/><V117/><F117/><W48/><G116/><T118/><D118/><U13/><E94/><V49/><F123/><W108/><G112/><T126/><D126/><U71/><E71/><V103/><F38/><W119/><G31/><T2/><D2/><U40/><E15/><V29/><F29/><W95/><G104/><T105/><D47/><U125/><E125/><V25/><F25/><W27/><G119/><T133/><D28/><U7/><E7/><V12/><F45/><N who="3" m="27663" /><G111/><T51/><D32/><U124/><E124/><V41/><F41/><W85/><G85/><T87/><D87/><U42/><E42/><V106/><F106/><W131/><G131/><T35/><D35/><U37/><E37/><V80/><REACH who="2" step="1"/><F86/><REACH who="2" ten="593,189,115,93" step="2"/><W6/><G108/><T70/><D105/><U1/><E1/><V130/><F130/><W24/><G24/><T84/><D84/><U91/><E40/><V11/><F11/><N who="3" m="6239" /><G6/><T74/><D133/><U73/><E10/><V75/><F75/><W69/><G69/><AGARI ba="4,1" hai="5,8,12,44,49,55,60,64,69,80,83,92,96,103" machi="69" ten="30,7700,0" yaku="1,1,7,1,52,2,53,0" doraHai="79" doraHaiUra="30" who="2" fromWho="3" sc="593,0,189,0,115,99,93,-89" /><INIT seed="1,0,0,5,1,48" ten="593,189,214,4" oya="1" hai0="8,10,79,103,81,43,128,102,108,74,27,129,60" hai1="3,5,130,40,120,34,6,92,63,84,131,111,66" hai2="105,18,65,98,69,125,70,41,77,73,100,93,86" hai3="25,83,87,55,47,12,95,110,31,97,126,107,36"/><U22/><E120/><V135/><F41/><W89/><G107/><T51/><D108/><U72/><E72/><V76/><F65/><W101/><G110/><T121/><D121/><U117/><E34/><V134/><F125/><W17/><G126/><T116/><D116/><U53/><E111/><V113/><F113/><W85/><G36/><T0/><D60/><U58/><E117/><V61/><F61/><W21/><G85/><T39/><D51/><U91/><E40/><V132/><F73/><W11/><G47/><N who="0" m="24063" /><D27/><U106/><E106/><V35/><F35/><W123/><G123/><T80/><D80/><U30/><E66/><V20/><F105/><W33/><G33/><T24/><D24/><N who="1" m="16663" /><E3/><V42/><F42/><W13/><G13/><T45/><D45/><U4/><E130/><N who="0" m="50281" /><D10/><U46/><E131/><V32/><F32/><W104/><G104/><T52/><D52/><AGARI ba="0,0" hai="11,12,17,21,25,31,52,55,83,87,89,95,97,101" machi="52" ten="40,8000,1" yaku="8,1,52,2,54,1" doraHai="48" who="3" fromWho="0" sc="593,-80,189,0,214,0,4,80" /><INIT seed="2,0,0,0,3,56" ten="513,189,214,84" oya="2" hai0="96,65,17,62,109,91,2,43,115,94,8,69,67" hai1="21,125,12,32,54,99,84,55,117,53,97,89,29" hai2="86,121,105,87,75,6,92,133,71,76,131,20,88" hai3="36,106,30,49,102,15,46,33,48,78,66,80,59"/><V116/><F121/><W41/><G33/><T123/><D115/><U1/><E1/><V124/><F116/><W82/><G30/><T63/><D123/><U34/><E117/><V68/><F131/><W95/><G106/><T47/><D109/><U31/><E125/><V39/><F39/><W132/><G132/><T18/><D2/><U73/><E73/><V129/><F133/><W24/><G24/><T4/><D4/><U77/><E77/><V28/><F105/><W23/><G36/><T27/><D8/><U70/><E70/><V14/><F124/><W42/><G78/><T74/><D74/><U44/><E44/><V100/><F129/><W130/><G42/><T5/><D5/><U127/><E127/><V58/><F75/><W26/><G15/><T16/><D27/><U85/><E89/><V108/><F108/><W122/><G122/><T98/><D98/><N who="1" m="37387" /><E21/><V50/><F100/><W35/><G35/><N who="1" m="13354" /><E12/><V126/><F126/><W119/><G119/><T113/><D113/><U120/><E120/><V104/><F104/><W79/><G79/><T93/><D93/><U52/><N who="1" m="13824" /><DORA hai="103" /><U118/><E118/><V101/><F101/><W110/><G95/><T111/><D111/><U0/><E0/><V9/><F20/><W61/><G102/><T112/><D112/><U51/><E51/><N who="3" m="19530" /><G130/><T72/><D72/><U3/><E3/><V60/><F50/><N who="3" m="26959" /><G110/><T37/><D18/><U13/><E13/><V25/><F76/><W90/><G90/><T128/><D128/><U22/><E22/><N who="2" m="15415" /><F87/><AGARI ba="0,0" hai="29,31,84,85,87" m="13824,13354,37387" machi="87" ten="50,6400,0" yaku="28,2,54,1" doraHai="56,103" who="1" fromWho="2" sc="513,0,189,64,214,-64,84,0" /><INIT seed="3,0,0,3,1,113" ten="513,253,150,84" oya="3" hai0="135,52,87,75,46,13,106,16,101,108,59,43,65" hai1="92,61,117,47,128,12,23,107,120,90,80,102,112" hai2="70,77,110,28,103,53,93,38,73,124,67,18,60" hai3="121,26,95,118,71,123,96,5,64,50,32,49,54"/><W68/><G5/><T66/><D75/><U14/><E112/><V98/><F110/><W20/><G32/><T82/><D108/><U88/><E120/><V22/><F38/><W83/><G83/><T126/><D126/><U86/><E128/><V134/><F124/><W39/><G39/><T37/><D135/><U116/><E47/><V45/><F134/><W78/><G78/><T125/><D101/><U4/><E107/><V44/><F28/><W25/><G64/><T2/><D106/><U51/><E102/><V129/><F129/><W33/><G33/><T57/><D57/><U131/><E131/><V122/><F122/><W41/><G20/><T48/><D2/><U21/><E61/><V84/><F73/><W111/><G95/><T35/><D35/><U79/><E51/><V58/><F70/><W9/><G9/><N who="0" m="6191" /><D125/><U130/><E130/><V27/><REACH who="2" step="1"/><F67/><REACH who="2" ten="513,253,140,84" step="2"/><W119/><G111/><T94/><D37/><U74/><E4/><V115/><F115/><W10/><G10/><T3/><D3/><U91/><E23/><V29/><F29/><W76/><G68/><T6/><D6/><U11/><E21/><V15/><F15/><W17/><G71/><T133/><D133/><U0/><E0/><V40/><F40/><W36/><G41/><T89/><D43/><U56/><E14/><V132/><F132/><W7/><G36/><T72/><D72/><U100/><E12/><V55/><F55/><W114/><G54/><T109/><D109/><U104/><E11/><V63/><F63/><W42/><G123/><T97/><D66/><U30/><E74/><RYUUKYOKU ba="0,1" sc="513,-10,253,-10,140,30,84,-10" hai2="18,22,27,44,45,53,58,60,77,84,93,98,103" /><INIT seed="4,1,1,5,4,85" ten="503,243,170,74" oya="0" hai0="32,3,107,48,6,79,104,113,26,52,109,5,23" hai1="39,131,0,73,61,121,13,59,35,125,127,89,114" hai2="38,29,83,135,120,71,72,16,12,77,69,63,60" hai3="123,41,49,126,70,27,11,1,90,68,42,115,119"/><T24/><D113/><U17/><E0/><V54/><F120/><W103/><G119/><T110/><D79/><U14/><E73/><V91/><F38/><W65/><G123/><T128/><D32/><U106/><E39/><V118/><F118/><W93/><G103/><T86/><D86/><U55/><E106/><V134/><F29/><W95/><G115/><T30/><D128/><U28/><E131/><V43/><F43/><W82/><G70/><N who="2" m="26633" /><F91/><W66/><G68/><T37/><D37/><U58/><E121/><V130/><F54/><W50/><G126/><N who="1" m="48138" /><E17/><V36/><F36/><W96/><G1/><T99/><D26/><N who="1" m="18839" /><E114/><V124/><F130/><W74/><G27/><T75/><D75/><U34/><E34/><V80/><F124/><W46/><G11/><T102/><D104/><U88/><E59/><V57/><F57/><W116/><G116/><T62/><D62/><U15/><AGARI ba="1,1" hai="13,14,15,55,58,61,88,89" m="18839,48138" machi="15" ten="30,7900,0" yaku="18,1,52,2,54,1" doraHai="85" who="1" fromWho="1" sc="503,-40,243,92,170,-21,74,-21" /><INIT seed="5,0,0,4,3,17" ten="463,335,149,53" oya="1" hai0="78,97,49,14,28,64,93,25,132,39,34,60,117" hai1="51,120,57,20,26,90,77,33,5,110,13,111,73" hai2="128,16,38,131,18,116,119,81,98,12,95,8,89" hai3="96,91,102,99,3,19,40,83,2,23,87,108,84"/><U1/><E120/><V10/><F38/><W56/><G108/><N who="1" m="41514" /><E73/><V101/><F119/><W79/><G40/><T42/><D117/><U88/><E77/><V32/><F116/><W9/><G56/><T133/><D39/><U65/><E33/><V107/><F32/><W69/><G69/><T70/><D78/><U122/><E122/><V109/><F109/><W75/><G87/><T0/><D0/><U24/><E1/><V72/><F18/><W124/><G124/><T129/><D129/><N who="2" m="49738" /><F72/><W46/><G46/><T54/><D42/><U36/><E36/><V22/><F81/><W106/><G96/><AGARI ba="0,0" hai="8,10,12,16,22,89,95,96,98,101,107" m="49738" machi="96" ten="30,3900,0" yaku="19,1,52,1,54,1" doraHai="17" who="2" fromWho="3" sc="463,0,335,0,149,39,53,-39" /><INIT seed="6,0,0,3,3,112" ten="463,335,188,14" oya="2" hai0="0,18,21,17,12,86,110,135,30,7,72,61,39" hai1="106,128,131,94,37,125,134,66,59,38,87,40,41" hai2="74,49,32,55,91,69,35,48,64,19,25,85,47" hai3="118,105,95,28,133,116,113,5,104,73,89,81,122"/><V119/><F74/><W46/><G5/><T99/><D72/><U36/><E106/><N who="3" m="41066" /><G28/><T10/><D39/><U6/><E6/><V101/><F101/><W29/><G29/><T53/><D110/><U79/><E125/><V96/><F96/><N who="3" m="57455" /><G46/><T65/><D135/><U103/><E134/><V97/><F97/><W98/><G133/><T84/><D99/><U121/><E121/><V75/><F49/><W83/><G122/><T78/><D78/><U71/><E103/><V60/><F75/><W126/><G126/><T23/><D53/><U34/><E34/><V77/><F35/><W20/><G20/><T52/><D52/><U43/><E79/><V51/><F51/><W111/><G111/><T102/><D102/><U4/><E4/><V62/><F62/><W100/><G113/><T80/><D80/><N who="3" m="30793" /><G73/><T82/><D30/><U54/><E71/><V44/><F44/><W132/><G132/><T88/><D0/><U8/><E66/><V50/><F50/><W107/><AGARI ba="0,0" hai="98,100,107,116,118" m="30793,57455,41066" machi="107" ten="30,7900,0" yaku="34,2,52,2" doraHai="112" who="3" fromWho="3" sc="463,-20,335,-20,188,-39,14,79" /><INIT seed="7,0,0,4,3,19" ten="443,315,149,93" oya="3" hai0="85,22,64,123,83,21,25,111,11,69,45,16,79" hai1="5,81,87,114,84,17,0,46,75,67,10,121,38" hai2="8,101,24,128,59,54,4,78,7,47,66,68,55" hai3="50,1,58,23,131,62,18,125,20,103,40,29,53"/><W72/><G72/><T100/><D111/><U44/><E121/><V90/><F68/><W71/><G1/><T133/><D123/><U97/><E114/><V52/><F128/><W116/><G116/><T92/><D133/><U99/><E67/><V15/><F101/><W65/><G131/><T82/><D69/><U93/><E75/><V109/><F109/><W104/><G125/><T126/><D64/><U118/><E118/><V32/><F78/><W110/><G110/><T132/><D132/><U113/><E113/><V96/><F32/><W35/><G18/><N who="0" m="12503" /><D83/><U13/><E38/><V134/><F134/><W3/><G3/><T28/><D45/><U27/><E27/><V73/><F73/><W80/><G80/><T135/><D126/><U70/><E70/><V102/><F102/><W36/><G29/><T63/><D63/><U120/><E120/><V77/><F77/><W43/><G35/><T94/><D100/><U91/><E87/><V107/><F107/><W130/><G130/><T74/><D74/><U56/><E56/><V129/><F129/><W106/><G40/><T124/><D124/><U95/><E95/><N who="2" m="56439" /><F24/><W105/><REACH who="3" step="1"/><G103/><REACH who="3" ten="443,315,149,83" step="2"/><T14/><D135/><U57/><E81/><V117/><F117/><W37/><G37/><T12/><D28/><U2/><E0/><V122/><F122/><W42/><G42/><T89/><D79/><U30/><E2/><V41/><F41/><W33/><G33/><T51/><D82/><U115/><E17/><V39/><F39/><W86/><G86/><T112/><D85/><U49/><E84/><V6/><F6/><RYUUKYOKU ba="0,1" sc="443,-10,315,-10,149,-10,83,30" hai3="20,23,36,43,50,53,58,62,65,71,104,105,106" /><INIT seed="7,1,1,3,0,46" ten="433,305,139,113" oya="3" hai0="125,92,64,13,30,19,93,100,44,75,73,22,32" hai1="105,43,74,134,31,84,67,85,66,110,88,133,114" hai2="78,122,59,111,42,89,116,106,123,79,23,72,131" hai3="60,18,15,45,121,63,52,107,120,40,99,87,28"/><W91/><G28/><T119/><D119/><U126/><E74/><V0/><F116/><W102/><G120/><N who="2" m="46121" /><F111/><W50/><G40/><T112/><D112/><U97/><E85/><V38/><F131/><W33/><G33/><T21/><D32/><U47/><E47/><N who="2" m="24023" /><F0/><W17/><G121/><T20/><D64/><U5/><E31/><V71/><F71/><W10/><G18/><T86/><D44/><U26/><E97/><V25/><F72/><W56/><G56/><T65/><D93/><AGARI ba="1,1" hai="10,15,17,45,50,52,60,63,87,91,93,99,102,107" machi="93" ten="30,5800,0" yaku="7,1,52,1,54,1" doraHai="46" who="3" fromWho="0" sc="433,-61,305,0,139,0,113,71" /><INIT seed="7,2,0,5,5,110" ten="372,305,139,184" oya="3" hai0="19,33,117,134,91,37,12,60,14,74,8,4,35" hai1="82,43,72,128,68,101,76,109,81,97,69,95,102" hai2="51,11,113,127,100,2,54,79,124,42,10,106,96" hai3="29,39,47,9,120,5,99,98,130,87,122,67,23"/><W118/><G118/><T104/><D117/><U6/><E109/><V123/><F123/><W55/><G67/><T50/><D37/><U38/><E128/><V131/><F131/><W77/><G130/><T36/><D36/><U61/><E82/><V111/><F111/><W126/><G126/><N who="2" m="48169" /><F79/><W13/><G39/><T84/><D134/><U7/><E101/><V66/><F66/><W73/><G73/><T133/><D133/><U21/><E21/><V70/><F70/><W135/><G135/><T75/><D104/><U62/><E62/><V22/><F42/><W25/><G120/><T80/><D60/><U15/><E15/><V31/><F31/><W105/><G105/><T94/><D50/><U107/><E95/><V58/><F22/><W18/><G122/><T20/><D74/><U45/><E61/><V0/><F11/><W59/><G47/><T3/><D3/><N who="2" m="1066" /><F10/><W56/><G29/><T40/><D40/><U121/><E121/><V93/><F106/><W1/><G1/><T71/><D71/><U63/><E63/><V46/><F46/><W17/><G77/><T49/><D49/><U24/><E24/><V44/><F44/><W64/><G9/><T78/><AGARI ba="2,0" hai="4,8,12,14,19,20,33,35,75,78,80,84,91,94" machi="78" ten="30,1100,0" yaku="0,1" doraHai="110" who="0" fromWho="0" sc="372,17,305,-5,139,-5,184,-7" owari="389,49.0,300,10.0,134,-37.0,177,-22.0" /></mjloggm>