<mjloggm ver="2.3"><GO type="169" lobby="0"/><UN n0="%E7%B4%B3%E5%A3%AB%E3%81%AE%E5%97%9C%E3%81%BF%E3%81%9F%E3%81%84%E3%82%80" n1="%54%43%54" n2="%E5%B0%B1%E6%B4%BB%E7%94%9F%40%E5%B7%9D%E6%9D%91%E8%BB%8D%E5%9B%A3" n3="%57%69%6E%73%74%6F%6E" dan="16,16,17,16" rate="2102.61,2091.95,2180.39,2125.77" sx="M,M,M,F"/><TAIKYOKU oya="0"/><INIT seed="0,0,0,1,0,90" ten="250,250,250,250" oya="0" hai0="134,23,105,42,50,0,52,58,104,40,11,87,91" hai1="4,53,67,121,111,95,77,68,32,8,33,118,5" hai2="20,38,101,66,115,106,79,46,110,75,70,28,125" hai3="72,61,48,6,120,108,19,78,1,131,123,71,59"/><T63/><D134/><U24/><E118/><V129/><F20/><W89/><G19/><T132/><D132/><U112/><E121/><V2/><F28/><W43/><G131/><T86/><D86/><U35/><E77/><V102/><F66/><W113/><G113/><T93/><D104/><U47/><E112/><V29/><F29/><W60/><G78/><T85/><D105/><U7/><E68/><V83/><F101/><W64/><G72/><T56/><D0/><U96/><E67/><V9/><F110/><W82/><G108/><T17/><D11/><U74/><E74/><V41/><F115/><W36/><G6/><T98/><D87/><U26/><E111/><V76/><F76/><W81/><G1/><T69/><D69/><U54/><E8/><V130/><F70/><W126/><G71/><T57/><D98/><U3/><E3/><V99/><F125/><W133/><G126/><T116/><D116/><U55/><E47/><V127/><F127/><W44/><G133/><T92/><D92/><U16/><E16/><V62/><F62/><W25/><G61/><T119/><D119/><U88/><AGARI ba="0,0" hai="4,5,7,24,26,32,33,35,53,54,55,88,95,96" machi="88" ten="40,8000,1" yaku="0,1,29,2,52,1,54,1" doraHai="90" who="1" fromWho="1" sc="250,-40,250,80,250,-20,250,-20" /><INIT seed="1,0,0,3,2,133" ten="210,330,230,230" oya="1" hai0="83,47,98,7,101,134,45,132,123,128,88,40,64" hai1="17,16,13,96,95,77,44,49,90,81,25,108,91" hai2="30,23,124,9,78,68,106,26,66,107,74,119,11" hai3="20,59,22,65,21,115,28,109,122,92,32,120,34"/><U100/><E108/><V129/><F119/><W135/><G115/><T46/><D64/><U99/><E25/><V125/><F129/><W71/><G71/><T112/><D112/><U19/><E96/><V87/><F74/><W75/><G75/><T15/><D128/><U116/><E116/><V8/><F68/><W94/><G135/><N who="0" m="51755" /><D123/><U60/><E60/><V62/><F62/><W43/><G43/><T117/><D117/><U93/><E93/><V58/><F58/><W102/><G109/><T4/><D15/><U113/><E113/><V42/><F42/><W31/><G20/><T127/><D40/><U18/><N who="1" m="4608" /><DORA hai="61" /><U51/><E13/><V63/><F63/><W36/><G59/><T86/><D127/><N who="2" m="48714" /><F66/><W84/><G65/><T0/><D0/><U53/><REACH who="1" step="1"/><E51/><REACH who="1" ten="210,320,230,230" step="2"/><V72/><F72/><AGARI ba="0,1" hai="44,49,53,72,77,81,90,91,95,99,100" m="4608" machi="72" ten="50,9600,0" yaku="1,1,2,1,54,1,53,0" doraHai="133,61" doraHaiUra="55,38" who="1" fromWho="2" sc="210,0,320,106,230,-96,230,0" /><INIT seed="1,1,0,2,5,127" ten="210,426,134,230" oya="1" hai0="135,14,63,25,23,69,66,44,76,58,130,112,19" hai1="10,117,103,42,133,81,75,46,52,96,7,107,85" hai2="9,1,3,32,95,50,13,53,110,106,59,105,24" hai3="67,31,73,40,49,118,48,124,39,126,116,79,35"/><U87/><E117/><N who="3" m="45162" /><G31/><T60/><D112/><U62/><E133/><V15/><F110/><W104/><G35/><T43/><D135/><U134/><E134/><V51/><F105/><W78/><G104/><T74/><D74/><U80/><E80/><V64/><F106/><W90/><G90/><T86/><D76/><U99/><E99/><V26/><F64/><W54/><G73/><T28/><D86/><U16/><E75/><V89/><F13/><W119/><N who="3" m="45170" /><W61/><DORA hai="2" /><G78/><T18/><D14/><U30/><E30/><V94/><F94/><W55/><G79/><T114/><D114/><U93/><E107/><V122/><F122/><W77/><G77/><T91/><D91/><U36/><E16/><V113/><F113/><W120/><G120/><T6/><D6/><U72/><E72/><V98/><F50/><N who="3" m="19563" /><G40/><T109/><D43/><U8/><E81/><V82/><F82/><W121/><G39/><T65/><D19/><U22/><E87/><V111/><F111/><W12/><G12/><T125/><D28/><U92/><E85/><V57/><F32/><W108/><G108/><T70/><D109/><U97/><E36/><V68/><F3/><W102/><G121/><T5/><D25/><U33/><E42/><V101/><F1/><W128/><G102/><T45/><D18/><U37/><E37/><V84/><F101/><W129/><G124/><T88/><D125/><U71/><E33/><V123/><F123/><W29/><G126/><T56/><D88/><U41/><E103/><V0/><F89/><W17/><G29/><T131/><D23/><RYUUKYOKU ba="1,0" sc="210,30,426,-10,134,-10,230,-10" hai0="5,44,45,56,58,60,63,65,66,69,70,130,131" /><INIT seed="2,2,0,4,1,126" ten="240,416,124,220" oya="2" hai0="28,41,8,90,49,135,107,76,15,116,111,52,99" hai1="65,68,78,61,35,128,51,110,13,50,92,129,14" hai2="106,94,10,101,132,84,98,70,91,83,19,9,16" hai3="25,24,120,39,133,80,105,17,115,21,45,5,95"/><V11/><F132/><W31/><G105/><T71/><D135/><U122/><E35/><V119/><F119/><W93/><G120/><T34/><D116/><U97/><E122/><V48/><F70/><W73/><G133/><T89/><D76/><U86/><E110/><V96/><REACH who="2" step="1"/><F48/><REACH who="2" ten="240,416,114,220" step="2"/><W74/><G39/><T64/><D71/><U118/><E118/><V104/><F104/><W37/><G37/><T0/><D107/><U36/><E36/><V134/><F134/><W131/><G115/><T18/><D49/><U46/><E51/><V47/><F47/><W43/><G45/><T66/><D111/><U54/><E46/><V82/><F82/><W55/><G80/><T88/><D99/><U109/><E109/><V85/><F85/><W57/><G73/><T121/><D121/><U56/><E86/><V63/><F63/><W59/><G74/><T113/><D113/><U130/><REACH who="1" step="1"/><E78/><AGARI ba="2,1" hai="9,10,11,16,19,78,83,84,91,94,96,98,101,106" machi="78" ten="40,3900,0" yaku="1,1,54,1,53,0" doraHai="126" doraHaiUra="32" who="2" fromWho="1" sc="240,0,416,-45,114,55,220,0" /><INIT seed="2,3,0,3,5,107" ten="240,371,169,220" oya="2" hai0="84,132,126,62,6,43,71,22,59,29,69,90,131" hai1="52,109,36,123,96,133,114,102,66,27,77,55,91" hai2="7,117,135,129,120,70,19,76,128,18,12,124,108" hai3="34,39,41,82,5,4,111,100,89,86,38,121,31"/><V37/><F37/><W47/><G121/><T85/><D43/><U74/><E114/><V80/><F70/><W23/><G111/><T54/><D6/><U113/><E113/><V78/><F120/><W50/><G34/><T106/><D106/><U0/><E123/><V116/><F124/><W10/><G100/><T53/><D132/><U118/><E0/><V87/><F135/><W81/><G81/><T3/><D3/><U1/><E1/><V49/><F78/><N who="3" m="46423" /><G4/><T48/><D85/><U58/><E133/><V92/><F92/><W75/><G89/><T134/><D134/><U9/><E36/><V8/><F108/><W57/><G57/><T94/><D131/><N who="2" m="50250" /><F49/><W65/><G65/><T35/><D35/><U115/><E115/><V68/><F68/><W28/><G75/><T73/><D126/><U20/><E118/><AGARI ba="3,0" hai="7,8,12,18,19,76,80,87,116,117,118" m="50250" machi="118" ten="30,1500,0" yaku="19,1" doraHai="107" who="2" fromWho="1" sc="240,0,371,-24,169,24,220,0" /><INIT seed="2,4,0,4,0,119" ten="240,347,193,220" oya="2" hai0="72,61,110,10,129,112,0,21,4,30,92,131,42" hai1="53,85,5,130,118,89,3,24,9,81,51,66,59" hai2="58,16,73,132,13,91,36,114,49,122,12,32,133" hai3="88,105,34,27,83,46,117,47,20,134,25,15,40"/><V60/><F36/><W125/><G117/><T63/><D112/><U82/><E118/><V87/><F73/><W106/><G134/><N who="2" m="51817" /><F114/><W90/><G125/><T100/><D42/><U57/><E130/><N who="0" m="49673" /><D72/><U44/><E66/><N who="2" m="39191" /><F32/><W86/><G34/><T127/><D127/><U109/><E109/><V101/><F101/><W80/><G15/><T38/><D110/><U19/><REACH who="1" step="1"/><E82/><REACH who="1" ten="240,337,193,220" step="2"/><N who="2" m="49655" /><F13/><W113/><G113/><T48/><D0/><U107/><E107/><V121/><F49/><W29/><G105/><T17/><D48/><U77/><E77/><V120/><F120/><W64/><G106/><T78/><D78/><U35/><E35/><V108/><F108/><W104/><G104/><T74/><D38/><U41/><E41/><V14/><F14/><W65/><G40/><T43/><D43/><U93/><E93/><V6/><F6/><W128/><G83/><T37/><D92/><U76/><E76/><V33/><F33/><W28/><G80/><T45/><D4/><U97/><E97/><V22/><AGARI ba="4,1" hai="12,16,22,121,122" m="49655,39191,51817" machi="22" ten="30,11700,0" yaku="20,1,52,2,54,1" doraHai="119" who="2" fromWho="2" sc="240,-43,337,-43,193,139,220,-43" /><INIT seed="2,5,0,2,3,132" ten="197,294,332,177" oya="2" hai0="92,19,86,44,42,40,39,130,4,118,103,106,16" hai1="119,59,108,41,46,50,56,60,83,109,135,6,36" hai2="93,26,113,101,123,64,110,75,17,2,8,89,52" hai3="81,28,114,66,80,125,23,88,10,90,51,96,74"/><V18/><F123/><W20/><G114/><T91/><D130/><U25/><E6/><V116/><F113/><W105/><G66/><T67/><D118/><U131/><E119/><V85/><F116/><W71/><G71/><T70/><D42/><U43/><E131/><V45/><F75/><W13/><G74/><T9/><D106/><U87/><E135/><V122/><F122/><W134/><G134/><T62/><REACH who="0" step="1"/><D103/><REACH who="0" ten="187,294,332,177" step="2"/><U63/><E43/><V117/><F117/><W99/><G105/><T104/><D104/><U111/><E36/><V95/><F110/><W115/><G115/><T100/><D100/><U61/><REACH who="1" step="1"/><E25/><REACH who="1" ten="187,284,332,177" step="2"/><V37/><F37/><W15/><G125/><T77/><D77/><AGARI ba="5,2" hai="41,46,50,56,59,60,61,63,77,83,87,108,109,111" machi="77" ten="50,6400,0" yaku="1,1,2,1,14,1,53,0" doraHai="132" doraHaiUra="112" who="1" fromWho="0" sc="187,-79,284,99,332,0,177,0" /><INIT seed="3,0,0,2,5,25" ten="108,383,332,177" oya="3" hai0="12,130,106,87,27,98,9,28,119,31,46,18,103" hai1="122,20,58,110,131,78,86,102,75,10,127,112,96" hai2="115,40,128,90,1,11,73,111,39,15,19,107,81" hai3="100,30,84,69,52,51,93,62,13,65,104,113,41"/><W71/><G113/><T8/><D119/><U60/><E112/><V36/><F115/><W134/><G134/><T126/><D126/><U109/><E122/><V56/><F107/><W70/><G41/><T89/><D130/><U59/><E75/><V67/><F128/><W72/><G72/><T7/><D46/><U50/><E131/><V64/><F111/><W74/><G74/><T95/><REACH who="0" step="1"/><D27/><REACH who="0" ten="98,383,332,177" step="2"/><U54/><E127/><V118/><F118/><W66/><G69/><T117/><D117/><U105/><E110/><V42/><F39/><W32/><G70/><T132/><D132/><U121/><E109/><V45/><F45/><W5/><G71/><T6/><D6/><U79/><E121/><V82/><F36/><W34/><G5/><T61/><D61/><U44/><E44/><V29/><F42/><W114/><G62/><T76/><D76/><U55/><E79/><V68/><F40/><W4/><G114/><T47/><D47/><U48/><E60/><V2/><F68/><W63/><G4/><T116/><D116/><U91/><E78/><V0/><F56/><W123/><G63/><T83/><D83/><U133/><E133/><V135/><F135/><W120/><G123/><T53/><D53/><U85/><E58/><V17/><F67/><W21/><G120/><T3/><AGARI ba="0,1" hai="3,7,8,9,12,18,28,31,87,89,95,98,103,106" machi="3" ten="20,12000,2" yaku="1,1,0,1,7,1,52,2,53,1" doraHai="25" doraHaiUra="33" who="0" fromWho="0" sc="98,130,383,-30,332,-30,177,-60" /><INIT seed="4,0,0,2,0,82" ten="228,353,302,117" oya="0" hai0="56,14,127,24,79,58,21,107,120,23,115,37,135" hai1="55,7,22,80,8,74,34,49,10,92,95,32,94" hai2="42,85,57,0,81,132,50,103,60,117,27,116,29" hai3="121,83,64,65,134,68,16,33,71,5,61,3,48"/><T11/><D120/><U28/><E8/><V25/><F0/><W35/><G121/><T118/><D118/><N who="2" m="45674" /><F132/><W2/><G134/><T39/><D107/><U128/><E128/><V40/><F103/><W59/><G83/><T130/><D130/><U19/><E74/><V133/><F133/><W124/><G124/><T13/><D135/><U12/><E80/><V54/><F50/><W123/><G123/><T100/><D115/><U75/><E75/><V53/><F53/><W67/><G5/><T52/><D100/><U6/><E28/><V1/><F1/><W26/><G48/><T89/><D89/><U101/><E101/><V51/><F51/><W129/><G129/><T108/><D11/><U38/><E38/><V62/><F62/><W70/><G2/><T113/><D79/><U86/><E7/><V69/><F69/><W91/><G3/><T44/><D44/><N who="1" m="28071" /><E32/><N who="2" m="20527" /><F27/><W97/><G33/><T111/><D113/><U72/><E72/><V98/><F98/><W93/><REACH who="3" step="1"/><G35/><REACH who="3" ten="228,353,302,107" step="2"/><T87/><D127/><U66/><E34/><V15/><F15/><W126/><G126/><T36/><D36/><U90/><E66/><V45/><F45/><W63/><G63/><T88/><D39/><U73/><E73/><V119/><F119/><W41/><G41/><T47/><D37/><U76/><E76/><AGARI ba="0,1" hai="40,42,54,57,60,76,81,85" m="20527,45674" machi="76" ten="30,2000,0" yaku="12,1,52,1" doraHai="82" who="2" fromWho="1" sc="228,0,353,-20,302,30,107,0" /><INIT seed="5,0,0,4,4,29" ten="228,333,332,107" oya="1" hai0="21,93,22,80,9,34,63,37,35,33,94,32,113" hai1="3,31,44,127,5,17,76,16,98,50,126,88,43" hai2="69,66,130,77,123,110,81,135,96,45,71,89,70" hai3="49,24,67,78,54,132,10,119,65,7,39,124,27"/><U15/><E31/><V57/><F110/><W90/><G39/><T30/><D37/><U102/><E76/><V26/><F123/><W13/><G124/><N who="1" m="47658" /><E3/><V40/><F130/><W48/><G132/><T114/><D9/><N who="1" m="4527" /><E88/><V41/><F135/><W72/><G119/><T129/><D129/><U0/><E0/><V79/><F26/><W59/><G48/><T36/><D36/><U121/><E121/><V8/><F8/><W46/><G72/><T75/><D63/><U122/><E122/><V99/><F89/><W23/><G78/><T84/><D75/><U82/><E82/><V125/><F125/><W106/><G106/><AGARI ba="0,0" hai="16,17,43,44,50,98,102,106" m="4527,47658" machi="106" ten="30,2900,0" yaku="18,1,54,1" doraHai="29" who="1" fromWho="3" sc="228,0,333,29,332,0,107,-29" /><INIT seed="5,1,0,1,4,14" ten="228,362,332,78" oya="1" hai0="68,61,48,15,3,21,69,80,112,102,19,65,25" hai1="120,123,6,124,101,40,24,9,84,88,93,53,43" hai2="50,47,115,67,1,28,96,42,133,8,82,11,105" hai3="72,114,13,34,83,119,130,110,38,77,85,135,23"/><U70/><E70/><V52/><F133/><W56/><G56/><T55/><D3/><U59/><E124/><V10/><F115/><W90/><G13/><T16/><D112/><U132/><E132/><V117/><F117/><W66/><G23/><T89/><D102/><U7/><E123/><V131/><F131/><W30/><G66/><T98/><D69/><U95/><E120/><V94/><F105/><W32/><G30/><T62/><D65/><U36/><E36/><V97/><F67/><W87/><G135/><T49/><D49/><N who="1" m="31151" /><E24/><V12/><F28/><W58/><G58/><N who="0" m="33127" /><D68/><U5/><E9/><V64/><F64/><W86/><G38/><T104/><D104/><U118/><E118/><V73/><F1/><W45/><G45/><T4/><D4/><U75/><E75/><V51/><F94/><W108/><G119/><T103/><D103/><U63/><E63/><V54/><F42/><N who="1" m="15913" /><E101/><V35/><F35/><W121/><G114/><T74/><D74/><U2/><E2/><V109/><F12/><W18/><G121/><T17/><D15/><U29/><E29/><V37/><F37/><W134/><G134/><T39/><D39/><U27/><E27/><V44/><F109/><N who="3" m="42091" /><G32/><T31/><D80/><AGARI ba="1,0" hai="5,6,7,80,84,88,93,95" m="15913,31151" machi="80" ten="30,2900,0" yaku="8,1,54,1" doraHai="14" who="1" fromWho="0" sc="228,-32,362,32,332,0,78,0" /><INIT seed="5,2,0,5,4,52" ten="196,394,332,78" oya="1" hai0="24,48,10,86,122,115,19,102,107,28,30,32,109" hai1="55,56,51,54,71,20,23,79,76,117,18,4,97" hai2="75,95,81,106,135,34,40,130,84,57,121,127,124" hai3="103,53,27,64,43,131,69,91,1,63,111,9,132"/><U92/><E117/><V49/><F34/><W68/><G111/><T59/><D109/><U58/><E71/><V83/><F106/><W22/><G132/><T17/><D102/><U134/><E4/><V119/><F119/><W50/><G131/><T8/><D107/><U82/><E134/><V77/><F135/><W60/><G103/><T21/><D86/><U114/><E114/><V66/><F130/><W5/><G43/><T13/><D115/><U88/><E82/><V65/><F95/><W133/><G133/><T120/><D59/><U101/><E101/><V38/><F38/><W118/><G118/><T45/><D45/><U0/><E0/><V108/><F108/><W16/><G91/><T12/><D48/><N who="1" m="30791" /><E20/><V94/><F94/><W41/><G41/><T112/><D112/><U99/><E99/><V6/><F6/><W110/><G110/><T44/><D44/><U29/><E29/><V25/><F81/><W36/><G36/><T46/><D46/><U2/><E2/><V100/><F100/><W98/><G98/><T123/><D30/><U26/><AGARI ba="2,0" hai="18,23,26,51,55,58,76,79,88,92,97" m="30791" machi="26" ten="30,11700,0" yaku="8,1,52,2,54,1" doraHai="52" who="1" fromWho="1" sc="196,-41,394,123,332,-41,78,-41" /><INIT seed="5,3,0,1,0,22" ten="155,517,291,37" oya="1" hai0="91,73,74,130,35,129,133,85,19,25,90,81,39" hai1="92,50,102,105,70,0,135,77,37,97,2,29,84" hai2="36,89,42,38,3,122,125,107,51,96,56,121,32" hai3="13,106,16,67,111,60,27,127,71,103,88,83,15"/><U120/><E37/><V40/><F3/><W95/><G111/><T6/><D39/><N who="2" m="14890" /><F32/><W28/><G127/><T78/><D6/><U87/><E120/><N who="2" m="46187" /><F89/><W57/><G71/><T108/><D108/><U86/><E2/><V116/><F96/><N who="3" m="59807" /><G106/><T49/><D49/><U12/><E0/><V11/><F11/><N who="3" m="6207" /><G15/><T76/><D35/><U72/><E12/><V20/><F20/><N who="3" m="15463" /><G88/><T64/><D91/><U94/><E72/><V30/><F107/><W24/><G24/><T48/><D25/><U55/><E105/><V43/><F30/><W41/><G41/><T69/><D90/><U17/><E77/><V80/><F125/><W110/><G110/><T8/><D78/><U117/><E29/><V112/><F43/><W104/><G104/><T45/><D76/><U113/><E94/><V58/><F40/><W47/><G47/><T126/><D45/><U10/><E70/><V132/><F42/><W79/><G79/><T1/><D69/><U9/><E9/><V61/><F80/><AGARI ba="3,0" hai="57,60,67,80,83" m="15463,6207,59807" machi="80" ten="30,7700,0" yaku="25,1,8,1,52,1,54,1" doraHai="22" who="3" fromWho="2" sc="155,0,517,0,291,-86,37,86" /><INIT seed="6,0,0,3,1,50" ten="155,517,205,123" oya="2" hai0="23,34,75,108,97,72,132,45,18,80,90,10,114" hai1="109,79,98,82,46,113,5,69,3,124,31,92,38" hai2="120,99,86,57,54,76,8,95,56,91,36,33,25" hai3="64,112,103,26,58,104,62,55,111,70,116,125,4"/><V102/><F120/><W14/><G116/><T48/><D34/><U81/><E109/><V87/><F36/><W119/><G119/><T133/><D108/><U71/><E81/><V39/><F39/><W17/><G111/><T22/><D114/><U13/><E31/><V105/><F8/><W29/><G125/><T20/><D10/><N who="1" m="2367" /><E13/><V130/><F130/><W59/><G4/><T85/><D18/><U94/><E113/><V107/><F107/><W115/><G112/><T89/><D89/><U49/><E49/><V19/><F57/><W118/><G118/><T7/><D97/><U43/><E124/><V101/><F101/><W129/><G129/><T27/><D27/><U47/><E47/><V2/><F2/><W73/><G73/><T68/><D68/><N who="1" m="26187" /><E98/><V131/><F131/><W77/><G77/><T106/><D7/><U78/><E78/><V123/><F123/><W52/><G115/><T42/><REACH who="0" step="1"/><D106/><REACH who="0" ten="145,517,205,123" step="2"/><U88/><E88/><V67/><F25/><W61/><G104/><T126/><D126/><U53/><E53/><V84/><F54/><W66/><G70/><T1/><D1/><U65/><E65/><V44/><F67/><W24/><G103/><T15/><D15/><U128/><E128/><V60/><F102/><W121/><G121/><T134/><AGARI ba="0,1" hai="20,22,23,42,45,48,72,75,80,85,90,132,133,134" machi="134" ten="40,5200,0" yaku="1,1,0,1,20,1,53,0" doraHai="50" doraHaiUra="9" who="0" fromWho="0" sc="145,62,517,-13,205,-26,123,-13" /><INIT seed="7,0,0,2,1,65" ten="207,504,179,110" oya="3" hai0="75,110,114,59,61,5,71,60,124,95,1,25,19" hai1="81,89,38,131,116,22,21,53,33,27,88,118,20" hai2="35,44,70,121,84,30,130,18,34,48,4,6,37" hai3="54,112,82,103,115,40,102,69,49,72,58,109,132"/><W101/><G132/><T56/><D75/><U85/><E38/><V43/><F70/><W104/><G104/><T123/><D71/><U42/><E42/><V127/><F37/><W67/><G40/><T99/><D123/><U0/><E0/><V74/><F74/><W63/><REACH who="3" step="1"/><G109/><REACH who="3" ten="207,504,179,100" step="2"/><T57/><D110/><U105/><E105/><V31/><F121/><W111/><G111/><T77/><D124/><U66/><E131/><V96/><F127/><W68/><G68/><T26/><D61/><U113/><E113/><V129/><F129/><W94/><G94/><T119/><D60/><U92/><E116/><V36/><F130/><W7/><G7/><T91/><D114/><U98/><E118/><V52/><F6/><W134/><G134/><T10/><D119/><U23/><E66/><V55/><F4/><W106/><G106/><T93/><D93/><U39/><E39/><V97/><F36/><W125/><G125/><T32/><D5/><U128/><E128/><V135/><F135/><W28/><G28/><T15/><D95/><U126/><E126/><V120/><F120/><W12/><G12/><T73/><D15/><U87/><E53/><V64/><F64/><W122/><G122/><T62/><D62/><U86/><E33/><V117/><F117/><W9/><G9/><T45/><D10/><U14/><E14/><V83/><F35/><W100/><N who="3" m="26112" /><DORA hai="78" /><W3/><G3/><T79/><D32/><U51/><E51/><V16/><F34/><W80/><G80/><T11/><D11/><U76/><E81/><V133/><F83/><W46/><G46/><RYUUKYOKU ba="0,1" sc="207,-10,504,-10,179,-10,100,30" hai3="49,54,58,63,67,69,72,82,112,115" /><INIT seed="7,1,1,5,5,65" ten="197,494,169,130" oya="3" hai0="67,40,63,129,13,48,21,114,58,112,35,109,43" hai1="31,98,117,62,95,134,17,19,69,131,52,2,78" hai2="59,110,29,9,128,82,28,124,24,70,83,84,88" hai3="77,23,91,56,7,90,6,68,135,11,76,44,79"/><W75/><G68/><T55/><D35/><U1/><E31/><N who="2" m="11851" /><F70/><W41/><G75/><T32/><D32/><U34/><E34/><V47/><F110/><W39/><G135/><T133/><D109/><U42/><E42/><V72/><F72/><W57/><G23/><T81/><D81/><U38/><E38/><V94/><F128/><W71/><G71/><T118/><D118/><U26/><E78/><V119/><F119/><W87/><G6/><T115/><D129/><U108/><E131/><V101/><F124/><W123/><G123/><T20/><D133/><U66/><E108/><V61/><F24/><W12/><REACH who="3" step="1"/><G90/><REACH who="3" ten="197,494,169,120" step="2"/><T8/><D21/><N who="1" m="13615" /><E134/><V80/><F9/><W113/><G113/><T10/><D20/><U125/><E117/><V73/><F73/><W102/><G102/><T111/><D111/><U116/><E116/><V53/><F47/><W104/><G104/><T106/><D106/><U85/><E125/><V16/><F16/><W22/><G22/><T122/><D122/><U54/><E19/><V89/><F101/><W18/><G18/><N who="0" m="8487" /><D10/><U86/><E2/><V4/><F4/><W92/><AGARI ba="1,2" hai="7,11,12,39,41,44,56,57,76,77,79,87,91,92" machi="92" ten="30,3000,0" yaku="1,1,0,1,53,0" doraHai="65" doraHaiUra="107" who="3" fromWho="3" sc="197,-11,494,-11,169,-11,120,53" /><INIT seed="7,2,0,2,2,43" ten="186,483,158,173" oya="3" hai0="109,95,34,74,2,73,45,3,54,24,18,83,33" hai1="63,62,106,72,85,8,122,16,19,134,69,52,131" hai2="127,14,89,125,117,133,38,84,132,100,41,103,51" hai3="97,58,31,108,80,4,28,15,119,46,126,76,12"/><W48/><G119/><T92/><D18/><U67/><E122/><V116/><F38/><W11/><G108/><T42/><D54/><U6/><E72/><V78/><F78/><W124/><G15/><T20/><D20/><U59/><E106/><V10/><F41/><N who="3" m="24655" /><G58/><T128/><D128/><U77/><E134/><N who="2" m="51819" /><F51/><W93/><G124/><N who="2" m="47689" /><F14/><W61/><G61/><T130/><D3/><U44/><E131/><V86/><F10/><W115/><G115/><T5/><D130/><U23/><E44/><V87/><F89/><N who="3" m="55471" /><G126/><T113/><D2/><U70/><E70/><V112/><F112/><W64/><G64/><T1/><D113/><U94/><E23/><V90/><F90/><W99/><G99/><T22/><D22/><U123/><E123/><V104/><F104/><W88/><G76/><T75/><D1/><U47/><E47/><V111/><F111/><W66/><G66/><T98/><D45/><U27/><E27/><V35/><F35/><W21/><G21/><T39/><D24/><U81/><E94/><V118/><AGARI ba="2,0" hai="84,86,87,100,103,116,117,118" m="47689,51819" machi="118" ten="50,12000,2" yaku="28,2,20,1,18,1,34,2" doraHai="43" who="2" fromWho="2" sc="186,-32,483,-32,158,126,173,-62" owari="154,-25.0,451,56.0,284,8.0,111,-39.0" /></mjloggm>