<mjloggm ver="2.3"><GO type="169" lobby="0"/><UN n0="%E3%82%A6%E3%83%AB%E3%83%88%E3%83%A9%E7%AB%8B%E7%9B%B4" n1="%E5%87%9C%E7%94%B0%E8%8E%89%E5%AD%90" n2="%E3%81%8F%E3%82%8D%E3%81%AF%E3%81%A1" n3="%E3%81%B3%E3%81%A3%E3%81%8F%E3%82%8B" dan="17,16,17,16" rate="2150.35,2099.73,2208.22,2065.91" sx="M,M,M,F"/><TAIKYOKU oya="0"/><INIT seed="0,0,0,2,3,64" ten="250,250,250,250" oya="0" hai0="54,35,120,44,31,45,117,102,98,89,71,15,38" hai1="20,18,2,40,48,11,39,51,41,86,65,115,103" hai2="68,112,92,104,121,78,22,66,87,12,63,70,30" hai3="25,10,56,69,49,95,127,1,57,77,114,16,55"/><T33/><D120/><U110/><E110/><V128/><F112/><W109/><G69/><T27/><D117/><U134/><E134/><V108/><F104/><W29/><G114/><T124/><D124/><U88/><E103/><V59/><F121/><W3/><G127/><T107/><D35/><U91/><E65/><V28/><F108/><W9/><G109/><T118/><D118/><U79/><E115/><V101/><F128/><W6/><G77/><T125/><D125/><U94/><E79/><V84/><F28/><W13/><G95/><T130/><D130/><U37/><E37/><V42/><F42/><N who="1" m="16489" /><E11/><V116/><F116/><W36/><G36/><T72/><D72/><U90/><E39/><V106/><F106/><W46/><REACH who="3" step="1"/><G3/><REACH who="3" ten="250,250,250,240" step="2"/><T122/><D71/><N who="2" m="27178" /><F78/><W75/><G75/><T97/><D122/><U123/><E2/><V73/><F73/><W4/><G4/><T32/><D38/><U26/><E123/><V131/><F131/><W17/><G17/><T135/><D107/><U19/><E19/><V67/><F66/><W60/><G60/><T85/><D31/><U61/><E61/><V105/><F105/><W82/><G82/><T81/><D81/><U43/><E94/><V76/><F76/><W96/><G96/><T119/><D98/><U99/><E99/><N who="2" m="59623" /><F12/><W21/><AGARI ba="0,1" hai="1,6,9,10,13,16,21,25,29,46,49,55,56,57" machi="21" ten="20,5200,0" yaku="1,1,0,1,7,1,54,1,53,0" doraHai="64" doraHaiUra="62" who="3" fromWho="3" sc="250,-26,250,-13,250,-13,240,62" /><INIT seed="1,0,0,5,4,88" ten="224,237,237,302" oya="1" hai0="67,115,20,19,94,123,70,66,121,73,79,101,53" hai1="81,48,68,87,72,1,74,95,116,106,24,63,102" hai2="12,84,51,40,130,11,7,45,50,77,110,34,108" hai3="132,91,42,57,36,71,103,46,69,0,112,125,37"/><U32/><E1/><V52/><F34/><W85/><G103/><T47/><D115/><U96/><E116/><V114/><F130/><W41/><G0/><T59/><D47/><U28/><E48/><V86/><F114/><W104/><G104/><T99/><D79/><U120/><E120/><N who="0" m="46153" /><D73/><U119/><E119/><V131/><F131/><W23/><G112/><T8/><D8/><U35/><E35/><V89/><F77/><W113/><G113/><T56/><D70/><U117/><E117/><V78/><F78/><W82/><G132/><T124/><D124/><U80/><E80/><V76/><F76/><W14/><G125/><T29/><D29/><U3/><E3/><V134/><F134/><W21/><G57/><N who="0" m="22091" /><D53/><U126/><E126/><V118/><F118/><W100/><G100/><T60/><D60/><U9/><E9/><V127/><F127/><W93/><G82/><T18/><D18/><U98/><E81/><V54/><F40/><W61/><G61/><T5/><D5/><U107/><E87/><V15/><F86/><W64/><G64/><T30/><D30/><U55/><E107/><V97/><F97/><W109/><G71/><T33/><D33/><U62/><E62/><V128/><F128/><W75/><G69/><T135/><D135/><U38/><E55/><V129/><F129/><W31/><G75/><T22/><D22/><U2/><E2/><V16/><F54/><W25/><G42/><T90/><D101/><N who="1" m="60575" /><E38/><V49/><F50/><W58/><G37/><T10/><D10/><U43/><E43/><V26/><F49/><W17/><G58/><RYUUKYOKU ba="0,0" sc="224,10,237,10,237,-30,302,10" hai0="19,20,66,67,90,94,99" hai1="24,28,32,63,68,72,74,98,102,106" hai3="14,17,21,23,25,31,36,41,46,85,91,93,109" /><INIT seed="1,1,0,4,0,44" ten="234,247,207,312" oya="1" hai0="121,75,1,60,14,17,97,25,134,63,94,129,5" hai1="122,106,48,54,8,89,93,9,119,61,92,3,30" hai2="98,124,116,52,26,102,10,112,34,70,13,90,77" hai3="81,73,41,42,49,18,88,83,23,29,0,80,135"/><U114/><E122/><V7/><F116/><W40/><G0/><T85/><D75/><U56/><E119/><V130/><F70/><W108/><G108/><T120/><D129/><U109/><E114/><V127/><F130/><W95/><G135/><T65/><D134/><U128/><E128/><V68/><F68/><W101/><G29/><T69/><D25/><U76/><E106/><V32/><F112/><W22/><G101/><T67/><D85/><U21/><E109/><V86/><F77/><W78/><G23/><T35/><D35/><U62/><E76/><V43/><F43/><W39/><G39/><T84/><D84/><U96/><E92/><V82/><F52/><W74/><G78/><T132/><D5/><U24/><REACH who="1" step="1"/><E3/><REACH who="1" ten="234,237,207,312" step="2"/><V115/><F115/><W45/><G74/><T19/><D1/><U38/><E38/><V103/><F82/><W107/><G73/><T36/><D36/><U46/><E46/><V133/><F133/><W53/><G107/><T47/><D47/><U2/><E2/><V123/><F123/><W50/><G83/><T100/><D132/><U20/><E20/><V91/><F32/><W58/><G81/><T87/><D121/><U99/><E99/><V16/><F98/><N who="3" m="57703" /><G80/><T4/><D120/><U51/><E51/><V71/><F34/><W110/><G110/><T12/><D97/><U15/><E15/><AGARI ba="1,1" hai="15,18,22,40,41,42,45,49,50,53,58" m="57703" machi="15" ten="30,7700,0" yaku="8,1,52,2,54,1" doraHai="44" who="3" fromWho="1" sc="234,0,237,-80,207,0,312,90" /><INIT seed="2,0,0,3,4,31" ten="234,157,207,402" oya="2" hai0="19,51,115,60,78,73,74,102,63,105,52,43,32" hai1="116,0,6,58,26,75,113,44,88,121,33,56,93" hai2="126,64,59,94,106,23,89,39,57,45,2,65,87" hai3="103,7,16,38,11,72,125,131,54,69,68,114,84"/><V108/><F126/><W123/><G72/><T66/><D43/><U111/><E116/><V109/><F2/><W48/><G38/><T77/><D19/><U29/><E113/><V55/><F106/><W132/><G125/><T129/><D115/><U82/><E111/><N who="2" m="42571" /><F23/><W25/><G103/><T28/><D129/><U117/><E117/><V46/><F57/><W62/><G69/><N who="0" m="42183" /><D63/><U61/><E44/><N who="2" m="17003" /><F39/><W104/><G104/><T134/><D134/><U79/><E121/><V133/><F133/><W124/><G123/><T83/><D77/><U71/><E71/><V20/><F20/><W118/><G68/><T86/><D52/><U110/><E110/><V130/><F130/><W100/><G54/><T36/><D51/><AGARI ba="0,0" hai="51,55,59,64,65,87,89,94" m="17003,42571" machi="51" ten="30,2900,0" yaku="14,1,10,1" doraHai="31" who="2" fromWho="0" sc="234,-29,157,0,207,29,402,0" /><INIT seed="2,1,0,2,3,61" ten="205,157,236,402" oya="2" hai0="37,85,91,66,82,47,94,118,74,73,111,9,48" hai1="72,84,108,130,83,51,17,123,134,43,128,55,22" hai2="80,34,45,50,106,30,135,120,25,58,14,93,129" hai3="114,7,31,60,26,131,59,42,52,19,86,56,15"/><V65/><F120/><W89/><G131/><N who="1" m="50218" /><E123/><V18/><F129/><W125/><G125/><T41/><D111/><U12/><E108/><V92/><F135/><W36/><G7/><T5/><D118/><U81/><E134/><V101/><F80/><W90/><G114/><T0/><D48/><U39/><E72/><V115/><F115/><W20/><G42/><T54/><D54/><U126/><E126/><V95/><F106/><W71/><G36/><T28/><D28/><U4/><E4/><V27/><F101/><W133/><G71/><T116/><D116/><U127/><E127/><V88/><F25/><W13/><G133/><T124/><D124/><U76/><E81/><V68/><F68/><W29/><G59/><T99/><REACH who="0" step="1"/><D66/><REACH who="0" ten="195,157,236,402" step="2"/><U75/><E55/><V49/><F49/><W96/><G31/><T38/><D38/><U44/><E39/><V46/><F50/><W103/><G29/><T2/><D2/><U104/><E51/><V117/><F117/><W53/><G53/><T98/><D98/><U79/><E43/><V122/><F122/><W32/><G32/><T67/><D67/><U78/><E44/><V113/><F113/><W8/><G52/><T24/><D24/><U70/><E70/><V109/><F109/><W69/><G26/><T121/><D121/><U110/><E110/><V64/><F45/><W6/><G69/><T132/><D132/><U40/><E40/><V77/><F46/><W11/><G96/><T87/><D87/><U16/><E84/><V23/><F64/><W119/><G86/><T105/><D105/><U112/><E104/><RYUUKYOKU ba="1,1" sc="195,30,157,-10,236,-10,402,-10" hai0="0,5,9,37,41,47,73,74,82,85,91,94,99" /><INIT seed="3,2,1,2,0,44" ten="225,147,226,392" oya="3" hai0="79,76,88,123,71,104,100,18,61,127,102,62,70" hai1="111,21,3,91,23,37,13,67,122,78,81,39,118" hai2="74,132,75,15,0,28,57,2,4,125,16,85,36" hai3="109,96,72,94,128,9,41,130,31,45,73,66,119"/><W5/><G119/><T117/><D18/><U53/><E122/><V10/><F125/><W90/><G66/><T86/><D127/><U6/><E118/><V108/><F108/><W106/><G31/><T68/><D117/><U103/><E103/><V84/><F132/><W49/><G106/><T27/><D27/><U34/><E34/><V24/><F36/><W47/><G47/><T22/><D22/><U48/><E67/><V101/><F101/><W77/><G109/><T1/><D1/><U120/><E120/><V56/><F0/><W116/><G116/><T38/><D38/><U64/><E64/><V126/><F126/><W92/><G92/><T55/><D123/><U69/><E69/><V80/><F74/><W58/><G58/><T87/><D71/><U19/><E91/><V43/><F75/><W35/><G35/><T32/><D88/><U110/><E23/><N who="2" m="11679" /><F43/><W60/><G60/><T8/><D32/><U54/><E110/><V26/><F26/><W50/><G77/><T7/><D104/><U89/><E111/><V40/><F40/><W129/><REACH who="3" step="1"/><G49/><REACH who="3" ten="225,147,226,382" step="2"/><T14/><D62/><U82/><E48/><V11/><F56/><W97/><G97/><T20/><D61/><U115/><E37/><V46/><F57/><W93/><G93/><T59/><D59/><U42/><E39/><V98/><F98/><W65/><G65/><T63/><D70/><U134/><E78/><V52/><F28/><W83/><G83/><T112/><D76/><U51/><E82/><V131/><F80/><W29/><G29/><T33/><D68/><U124/><E81/><RYUUKYOKU ba="2,2" sc="225,-10,147,-10,226,-10,382,30" hai3="5,9,41,45,50,72,73,90,94,96,128,129,130" /><INIT seed="3,3,2,0,0,66" ten="215,137,216,412" oya="3" hai0="88,26,104,58,98,79,17,95,36,99,70,19,124" hai1="72,100,31,2,116,80,40,50,4,30,38,65,56" hai2="96,45,105,78,89,123,114,94,125,62,135,121,8" hai3="25,84,117,77,90,132,115,92,54,127,71,119,120"/><W87/><G25/><T18/><D36/><U61/><E116/><V102/><F102/><W21/><G21/><T13/><D124/><U69/><E100/><V60/><F60/><W16/><G16/><N who="0" m="6251" /><D70/><U7/><E7/><V73/><F73/><W24/><G24/><T55/><D104/><U29/><E29/><V93/><F93/><W81/><G54/><T11/><D79/><U14/><E14/><V35/><F35/><W76/><G71/><T67/><D67/><U44/><E80/><V9/><F105/><W126/><G120/><T68/><D68/><U118/><E72/><V101/><F125/><N who="3" m="47627" /><G115/><T106/><D106/><U15/><E15/><V37/><F114/><W103/><G132/><T47/><D26/><U129/><E118/><N who="3" m="45066" /><G103/><T74/><D47/><U108/><E4/><V57/><F135/><W109/><G109/><T43/><D43/><U113/><E2/><V107/><F121/><W23/><G23/><T1/><D1/><U34/><E108/><V49/><F123/><W59/><G59/><T63/><D74/><U52/><E113/><V28/><F101/><W97/><G77/><T46/><D46/><U10/><E10/><V3/><F78/><W133/><G133/><T130/><D130/><U75/><E75/><AGARI ba="3,2" hai="75,76,81,84,87,90,92,97" m="45066,47627" machi="75" ten="30,5800,0" yaku="18,1,34,2" doraHai="66" who="3" fromWho="1" sc="215,0,137,-67,216,0,412,87" /><INIT seed="3,4,0,4,0,7" ten="215,70,216,499" oya="3" hai0="60,6,110,2,74,48,49,57,24,53,102,91,43" hai1="37,71,87,113,19,90,103,21,116,13,56,130,42" hai2="97,96,134,16,126,54,41,3,131,4,93,11,114" hai3="5,45,125,127,36,52,20,38,88,112,27,78,135"/><W51/><G112/><T35/><D74/><U30/><E113/><V1/><F114/><W108/><G78/><T129/><D110/><U117/><E71/><V104/><F126/><N who="3" m="48139" /><G108/><T85/><D129/><U100/><E130/><V67/><F131/><W63/><G135/><T115/><D115/><U109/><E109/><V123/><F134/><W15/><G63/><T84/><D102/><U66/><E30/><V75/><F75/><W12/><G88/><T132/><D132/><U26/><E66/><V76/><F76/><W98/><G98/><T69/><D43/><U79/><E79/><V14/><F123/><W118/><G118/><N who="1" m="45674" /><E56/><V31/><F67/><W121/><G121/><T81/><D69/><U70/><E70/><V119/><F119/><W64/><G64/><T106/><D57/><U32/><E32/><V133/><F133/><W58/><G58/><T61/><D35/><U107/><E107/><V83/><F104/><W89/><G89/><T59/><D59/><U33/><E33/><V9/><F41/><W34/><G34/><T94/><D106/><U28/><E42/><V105/><F105/><W46/><G46/><T73/><D61/><U40/><E40/><V23/><F54/><W124/><G124/><T77/><D60/><U55/><E55/><V82/><F97/><W29/><G12/><T47/><D73/><U92/><E37/><V10/><F1/><W101/><G101/><T8/><D49/><U25/><E25/><N who="2" m="16831" /><F96/><W65/><G65/><T72/><D24/><U22/><AGARI ba="4,0" hai="13,19,21,22,26,28,87,90,92,100,103" m="45674" machi="22" ten="30,1100,0" yaku="12,1" doraHai="7" who="1" fromWho="1" sc="215,-7,70,23,216,-7,499,-9" /><INIT seed="4,0,0,2,5,120" ten="208,93,209,490" oya="0" hai0="135,10,62,11,113,34,111,22,79,114,66,74,107" hai1="24,52,131,102,89,48,83,50,55,84,40,33,106" hai2="8,53,61,26,71,64,104,31,16,6,116,29,97" hai3="46,30,19,23,57,93,86,128,103,122,82,123,127"/><T94/><D107/><U56/><E131/><V99/><F116/><W45/><G128/><T63/><D34/><U58/><E40/><V125/><F125/><W60/><G127/><T72/><D22/><U98/><REACH who="1" step="1"/><E24/><REACH who="1" ten="208,83,209,490" step="2"/><V133/><F26/><N who="3" m="16735" /><G122/><T112/><D112/><U3/><E3/><V15/><F133/><W100/><G123/><T37/><D135/><U38/><E38/><V32/><F32/><AGARI ba="0,1" hai="32,33,48,50,52,55,56,58,83,84,89,98,102,106" machi="32" ten="40,5200,0" yaku="1,1,9,1,54,1,53,0" doraHai="120" doraHaiUra="65" who="1" fromWho="2" sc="208,0,83,62,209,-52,490,0" /><INIT seed="5,0,0,0,0,54" ten="208,145,157,490" oya="1" hai0="91,19,64,74,111,69,114,97,86,123,125,101,37" hai1="56,108,117,48,7,77,99,82,68,96,42,22,90" hai2="106,127,59,62,79,104,89,71,131,121,66,73,1" hai3="29,25,8,118,130,57,61,45,17,43,38,135,75"/><U34/><E117/><V84/><F121/><W65/><G75/><T15/><D37/><U92/><E68/><V35/><F127/><W40/><G135/><T98/><D74/><U128/><E34/><V124/><F124/><W133/><G130/><T100/><D125/><U110/><E128/><V116/><F116/><W18/><G133/><T3/><D3/><U63/><E7/><V16/><F131/><W120/><G120/><T53/><D111/><U30/><E30/><V94/><F1/><W11/><G43/><T0/><D0/><U9/><E9/><V126/><F126/><W32/><G118/><T107/><D53/><U112/><E22/><V103/><F35/><W2/><G11/><T81/><D114/><U27/><E27/><V80/><F103/><W88/><REACH who="3" step="1"/><G88/><REACH who="3" ten="208,145,157,480" step="2"/><T78/><D91/><U33/><E112/><V115/><F115/><W134/><G134/><T47/><D123/><U20/><E108/><V119/><F119/><W44/><G44/><T26/><D47/><U23/><E110/><V10/><F71/><W105/><G105/><T46/><D46/><U109/><E109/><V83/><F94/><W5/><AGARI ba="0,1" hai="2,5,8,17,18,25,29,32,38,40,45,57,61,65" machi="5" ten="30,7900,0" yaku="1,1,0,1,52,1,53,1" doraHai="54" doraHaiUra="31" who="3" fromWho="3" sc="208,-20,145,-39,157,-20,480,89" /><INIT seed="6,0,0,1,5,70" ten="188,106,137,569" oya="2" hai0="105,106,135,64,87,20,127,21,116,8,128,109,86" hai1="95,22,9,37,57,44,34,100,80,68,134,73,43" hai2="16,56,125,88,131,133,114,1,5,25,99,52,89" hai3="28,98,24,26,108,72,124,119,129,132,39,36,29"/><V83/><F114/><W79/><G119/><T111/><D8/><U7/><E34/><V69/><F69/><W27/><G108/><T103/><D103/><U115/><E115/><V102/><F125/><W50/><G124/><T63/><D63/><U104/><E68/><V66/><F131/><W47/><G129/><T12/><D12/><U117/><E117/><V81/><F133/><W123/><G123/><T45/><D45/><U65/><E134/><V14/><F1/><W17/><G98/><T3/><D64/><U60/><E22/><N who="2" m="13511" /><F66/><W55/><G17/><T101/><D101/><U92/><E104/><V113/><F113/><W112/><G132/><T33/><D33/><U13/><REACH who="1" step="1"/><E100/><REACH who="1" ten="188,96,137,569" step="2"/><V19/><F102/><W91/><G112/><T59/><D106/><U75/><E75/><V78/><F5/><W84/><G72/><T0/><D105/><U67/><E67/><V10/><F78/><AGARI ba="0,1" hai="7,9,13,37,43,44,57,60,65,73,78,80,92,95" machi="78" ten="40,2600,0" yaku="1,1,52,1,53,0" doraHai="70" doraHaiUra="130" who="1" fromWho="2" sc="188,0,96,36,137,-26,569,0" /><INIT seed="7,0,0,3,2,131" ten="188,132,111,569" oya="3" hai0="35,24,83,98,21,70,32,8,113,114,133,85,81" hai1="62,106,54,119,43,96,23,31,126,36,4,5,46" hai2="73,39,67,80,128,134,65,56,16,47,7,10,99" hai3="53,77,63,72,75,86,101,127,55,68,0,129,52"/><W124/><G101/><T69/><D85/><U130/><E130/><V90/><F128/><W59/><G0/><T79/><D21/><U44/><E126/><N who="3" m="48170" /><G68/><T132/><D98/><U14/><E119/><V42/><F134/><W78/><G129/><T40/><D24/><U102/><E31/><V25/><F56/><W51/><G86/><T49/><D49/><U48/><E62/><V22/><F73/><N who="3" m="28235" /><G51/><T2/><D2/><U109/><E109/><V76/><F76/><AGARI ba="0,0" hai="52,53,55,59,63,76,77,78" m="28235,48170" machi="76" ten="30,2900,0" yaku="18,1,54,1" doraHai="131" who="3" fromWho="2" sc="188,0,132,0,111,-29,569,29" owari="188,-1.0,132,-27.0,82,-42.0,598,70.0" /></mjloggm>