<mjloggm ver="2.3"><GO type="169" lobby="0"/><UN n0="%59%61%6E%67%6E%75%6D" n1="%E3%81%9C%E3%82%8D%E3%82%81%E3%81%90" n2="%E3%82%A6%E3%83%AB%E3%83%88%E3%83%A9%E7%AB%8B%E7%9B%B4" n3="%7A%68%6B%64%73%68%67%79" dan="16,16,16,18" rate="2071.98,2124.51,2171.24,2192.62" sx="M,F,M,F"/><TAIKYOKU oya="0"/><INIT seed="0,0,0,4,3,83" ten="250,250,250,250" oya="0" hai0="113,53,20,26,17,85,37,29,38,66,110,81,131" hai1="9,23,79,49,0,52,39,101,132,4,64,33,44" hai2="120,102,98,51,45,122,69,111,97,95,119,126,46" hai3="135,90,129,116,43,22,123,40,36,1,118,93,62"/><T42/><D113/><U61/><E33/><V56/><F69/><W31/><G1/><T115/><D115/><U114/><E114/><V58/><F111/><W32/><G32/><T50/><D66/><U16/><E132/><V87/><F126/><W88/><G135/><T117/><D117/><U72/><E39/><V48/><F95/><W68/><G129/><T57/><D131/><U84/><E72/><V28/><F28/><W107/><G107/><T73/><D73/><U75/><E75/><V54/><F54/><W105/><G105/><T19/><D110/><U2/><E101/><V100/><REACH who="2" step="1"/><F87/><REACH who="2" ten="250,250,240,250" step="2"/><N who="3" m="52383" /><G68/><T77/><D42/><U7/><E84/><V41/><F41/><W76/><G116/><AGARI ba="0,1" hai="45,46,48,51,56,58,97,98,100,102,116,119,120,122" machi="116" ten="25,3200,0" yaku="1,1,22,2,53,0" doraHai="83" doraHaiUra="133" who="2" fromWho="3" sc="250,0,250,0,240,42,250,-32" /><INIT seed="1,0,0,0,2,57" ten="250,250,282,218" oya="1" hai0="123,133,105,96,82,102,91,84,78,9,7,74,113" hai1="86,50,41,51,61,103,46,6,116,30,39,130,43" hai2="64,60,117,85,0,44,24,54,128,45,124,10,71" hai3="16,42,18,53,22,1,126,55,2,81,101,49,88"/><U106/><E116/><V15/><F117/><W118/><G118/><T97/><D113/><U36/><E130/><V135/><F0/><W92/><G126/><T26/><D133/><U129/><E129/><V38/><F128/><W98/><G2/><T34/><D123/><U79/><E30/><V13/><F124/><W67/><G1/><T27/><D34/><U59/><E6/><V17/><F135/><W52/><G67/><T33/><D33/><U65/><E103/><V28/><F38/><N who="1" m="14377" /><E106/><V127/><F127/><W5/><G5/><T75/><D97/><U21/><E21/><V111/><F111/><W99/><G22/><T120/><D120/><U12/><E12/><V20/><F54/><N who="3" m="21099" /><G42/><N who="1" m="15882" /><E86/><V95/><F15/><W125/><G125/><T56/><D75/><U108/><E79/><V58/><F71/><W63/><G63/><T122/><D9/><U25/><E25/><V69/><F69/><W66/><G66/><T100/><D7/><U70/><E108/><V131/><F131/><W80/><G99/><T89/><D122/><U3/><E3/><V35/><F35/><W112/><G112/><T62/><D96/><U29/><E29/><V104/><F104/><W83/><G101/><T4/><D102/><U14/><E14/><V76/><F76/><W68/><G68/><T132/><D100/><U90/><E90/><AGARI ba="0,0" hai="10,13,17,20,24,28,44,45,58,60,64,85,90,95" machi="90" ten="40,2600,0" yaku="8,1,52,1" doraHai="57" who="2" fromWho="1" sc="250,0,250,-26,282,26,218,0" /><INIT seed="2,0,0,1,3,117" ten="250,224,308,218" oya="2" hai0="32,129,43,124,13,121,49,87,20,5,101,2,29" hai1="57,86,24,64,65,84,74,15,76,81,21,46,51" hai2="40,98,70,1,8,102,100,36,109,127,61,79,82" hai3="106,110,130,14,47,135,94,42,38,71,105,80,33"/><V62/><F102/><W126/><G110/><T112/><D112/><U103/><E103/><V73/><F70/><W123/><G135/><T120/><D101/><U91/><E15/><V12/><F12/><W116/><G116/><T31/><D87/><U17/><E57/><V60/><F109/><W131/><G126/><T44/><D124/><U75/><E75/><V22/><F22/><W56/><G71/><T95/><D95/><U77/><E74/><V92/><F127/><W107/><G33/><T28/><D32/><U97/><E97/><V11/><REACH who="2" step="1"/><F1/><REACH who="2" ten="250,224,298,218" step="2"/><W115/><G14/><T50/><D2/><U9/><E9/><V89/><F89/><W78/><G115/><T68/><D68/><U55/><REACH who="1" step="1"/><E77/><REACH who="1" ten="250,214,298,218" step="2"/><V113/><F113/><W37/><G78/><T16/><D13/><U35/><E35/><V119/><F119/><W118/><G118/><T41/><D20/><U48/><E48/><V104/><F104/><W125/><G106/><T27/><D50/><U114/><E114/><V108/><F108/><W59/><G107/><T90/><D49/><U67/><E67/><V58/><F58/><W99/><G105/><T85/><D90/><U128/><E128/><V88/><F88/><W133/><G131/><T66/><D129/><U30/><E30/><V4/><F4/><W132/><G130/><T134/><D28/><U18/><E18/><V53/><F53/><W72/><G125/><T111/><D29/><U63/><E63/><V10/><F10/><W19/><G59/><T34/><D31/><U0/><E0/><V45/><AGARI ba="0,2" hai="8,11,36,40,45,60,61,62,73,79,82,92,98,100" machi="45" ten="30,3000,0" yaku="1,1,0,1,53,0" doraHai="117" doraHaiUra="54" who="2" fromWho="2" sc="250,-10,214,-10,298,50,218,-10" /><INIT seed="2,1,0,2,3,91" ten="240,204,348,208" oya="2" hai0="27,20,1,116,31,92,0,113,128,117,16,99,7" hai1="5,42,52,40,56,109,96,62,64,107,87,67,127" hai2="111,118,101,68,77,106,59,11,131,53,105,86,82" hai3="58,14,122,114,4,55,63,54,28,102,2,133,43"/><V13/><F68/><W34/><G122/><T69/><D113/><U32/><E32/><V61/><F118/><N who="0" m="45674" /><D128/><U30/><E30/><V18/><F131/><W90/><G114/><T12/><D7/><U44/><E109/><V39/><F39/><W120/><G120/><T130/><D69/><U60/><E127/><V110/><REACH who="2" step="1"/><F101/><REACH who="2" ten="240,204,338,208" step="2"/><W119/><G102/><N who="0" m="60775" /><D130/><U126/><E126/><V37/><F37/><W72/><G119/><T35/><AGARI ba="1,1" hai="0,1,12,16,20,27,31,35" m="60775,45674" machi="35" ten="30,4000,0" yaku="12,1,52,1,54,1" doraHai="91" who="0" fromWho="0" sc="240,53,204,-11,338,-21,208,-11" /><INIT seed="3,0,0,1,3,128" ten="293,193,317,197" oya="3" hai0="58,87,13,72,16,59,50,119,82,84,60,30,15" hai1="132,24,54,126,130,3,12,106,8,69,40,109,86" hai2="34,4,35,127,26,55,49,123,120,102,131,134,68" hai3="108,0,81,101,9,21,107,65,100,114,125,70,42"/><W105/><G114/><T32/><D119/><U78/><E3/><V17/><F68/><W46/><G125/><T64/><D13/><U61/><E126/><V1/><F102/><W135/><G21/><T92/><D32/><U44/><E106/><V115/><F115/><W110/><G81/><T71/><D30/><U67/><E130/><V66/><F66/><W62/><G135/><T129/><D129/><U53/><E109/><N who="3" m="42090" /><G101/><T39/><D39/><U31/><E132/><V99/><F134/><W52/><G100/><T113/><D113/><U122/><E122/><V22/><F22/><W97/><G97/><T73/><D92/><U96/><E96/><V33/><F99/><W48/><G42/><T80/><D73/><U7/><E86/><V11/><F35/><W124/><G124/><T90/><D72/><U10/><E78/><V118/><F34/><W57/><G70/><T93/><D93/><U43/><E10/><V111/><F33/><W74/><G74/><T133/><D133/><U2/><E43/><V14/><F111/><W45/><G45/><T56/><D50/><U95/><E95/><V28/><F127/><W23/><G23/><N who="0" m="11679" /><D71/><U76/><E69/><V47/><F131/><W41/><G41/><T19/><D19/><U36/><E40/><V94/><F94/><W18/><G18/><T112/><D112/><U63/><E31/><V103/><F103/><W104/><G104/><T98/><D98/><U116/><E116/><V6/><F118/><W85/><G85/><T121/><D121/><U83/><E44/><V20/><F17/><W91/><G91/><AGARI ba="0,0" hai="56,58,59,60,64,80,82,84,87,90,91" m="11679" machi="91" ten="30,3900,0" yaku="6,1,8,1,54,1" doraHai="128" who="0" fromWho="3" sc="293,39,193,0,317,0,197,-39" /><INIT seed="4,0,0,2,2,69" ten="332,193,317,158" oya="0" hai0="64,75,51,92,134,107,0,91,67,132,74,12,4" hai1="16,30,28,63,20,97,10,115,36,116,46,23,72" hai2="109,126,43,94,19,13,38,114,14,125,104,39,130" hai3="108,111,33,131,11,57,128,3,42,87,85,129,44"/><T29/><D107/><U80/><E116/><V7/><F104/><W2/><G33/><T68/><D0/><N who="3" m="41" /><G57/><T47/><D29/><U133/><E133/><N who="0" m="51305" /><D12/><U127/><E10/><N who="2" m="4319" /><F109/><N who="3" m="42059" /><G11/><T48/><D4/><U112/><E63/><V78/><F78/><W117/><G117/><T86/><D51/><AGARI ba="0,0" hai="42,44,51,85,87,128,129,131" m="42059,41" machi="51" ten="40,1300,0" yaku="19,1" doraHai="69" who="3" fromWho="0" sc="332,-13,193,0,317,0,158,13" /><INIT seed="5,0,0,4,0,36" ten="319,193,317,171" oya="1" hai0="56,79,89,21,17,19,95,126,106,133,84,13,64" hai1="111,120,18,123,60,34,128,42,124,82,96,55,3" hai2="134,14,59,70,53,130,48,67,94,50,75,58,9" hai3="122,103,80,72,4,110,10,63,39,28,97,68,12"/><U78/><E34/><V47/><F75/><W8/><G122/><T135/><D106/><U129/><E3/><V105/><F105/><W37/><G110/><T83/><D126/><U71/><E124/><V44/><F130/><N who="1" m="50281" /><E111/><V31/><F134/><W115/><G115/><T0/><D0/><U6/><E6/><V26/><F94/><W15/><G28/><T109/><D109/><U91/><E18/><V38/><F70/><W22/><G22/><T16/><D64/><N who="1" m="41351" /><E55/><V54/><F38/><W32/><G32/><T86/><D56/><U33/><E33/><V121/><F67/><W101/><G68/><T113/><D113/><U131/><E131/><V118/><F118/><W100/><G63/><T119/><D119/><U85/><E42/><V41/><F54/><W20/><G20/><T125/><D125/><U74/><E96/><V49/><F41/><W5/><REACH who="3" step="1"/><G97/><REACH who="3" ten="319,193,317,161" step="2"/><T77/><D135/><U127/><E127/><V46/><F31/><W98/><G98/><T66/><D133/><U11/><E11/><V57/><F9/><W108/><G108/><T92/><D21/><U62/><E62/><V30/><F30/><W87/><G87/><T112/><D86/><U104/><E104/><V93/><F121/><W73/><G73/><T69/><D84/><U132/><E132/><V99/><F99/><W2/><G2/><T45/><D112/><U88/><E91/><V24/><F24/><W35/><G35/><T51/><D89/><U1/><E1/><V65/><F26/><W52/><G52/><T27/><D27/><U114/><E114/><V76/><F53/><RYUUKYOKU ba="0,1" sc="319,-15,193,15,317,-15,161,15" hai1="74,78,82,85,88,120,123" hai3="4,5,8,10,12,15,37,39,72,80,100,101,103" /><INIT seed="5,1,1,4,0,80" ten="304,208,302,176" oya="1" hai0="128,2,114,75,127,112,95,79,45,72,16,50,36" hai1="1,96,110,65,10,49,52,87,24,29,86,21,61" hai2="34,106,46,41,120,74,134,31,63,42,109,91,92" hai3="68,35,94,66,126,123,43,28,64,133,5,131,108"/><U38/><E38/><V69/><F109/><W47/><G123/><T9/><D36/><U20/><E110/><V17/><F74/><W48/><G108/><T32/><D32/><U82/><E96/><V119/><F119/><W60/><G131/><T118/><D118/><U84/><E20/><V99/><F120/><W27/><G133/><T125/><D95/><U85/><E1/><V59/><F69/><W51/><G126/><N who="0" m="48139" /><D128/><U19/><E10/><V11/><F106/><W58/><G5/><N who="0" m="1207" /><D16/><U100/><E100/><V116/><F116/><W62/><REACH who="3" step="1"/><G94/><REACH who="3" ten="304,208,302,166" step="2"/><T13/><D114/><U25/><E82/><V15/><F134/><W102/><G102/><T39/><D112/><U104/><E104/><V7/><F7/><W23/><G23/><T98/><D98/><U55/><N who="1" m="21504" /><DORA hai="90" /><U132/><E132/><V78/><F92/><W0/><G0/><T54/><D79/><U37/><E37/><AGARI ba="1,2" hai="27,28,35,37,43,47,48,51,58,60,62,64,66,68" machi="37" ten="30,2000,0" yaku="1,1,7,1,53,0" doraHai="80,90" doraHaiUra="73,111" who="3" fromWho="1" sc="304,0,208,-23,302,0,166,43" /><INIT seed="6,0,0,2,3,55" ten="304,185,302,209" oya="2" hai0="110,100,106,44,13,61,42,102,41,73,86,117,37" hai1="85,90,33,59,7,122,28,43,60,74,83,71,24" hai2="25,70,114,16,47,26,50,21,89,36,19,125,35" hai3="99,53,119,111,22,105,31,18,80,116,92,48,91"/><V124/><F70/><W82/><G111/><T76/><D110/><U8/><E122/><V67/><F67/><W123/><G123/><T58/><D73/><U121/><E121/><V133/><F36/><W45/><G31/><T95/><D106/><U15/><E74/><V51/><F114/><W14/><REACH who="3" step="1"/><G105/><REACH who="3" ten="304,185,302,199" step="2"/><T81/><D117/><AGARI ba="0,1" hai="14,18,22,45,48,53,80,82,91,92,99,116,117,119" machi="117" ten="40,8000,1" yaku="1,1,2,1,53,3" doraHai="55" doraHaiUra="115" who="3" fromWho="0" sc="304,-80,185,0,302,0,199,90" /><INIT seed="7,0,0,2,4,35" ten="224,185,302,289" oya="3" hai0="108,22,9,69,34,8,2,133,84,45,41,75,11" hai1="126,95,104,0,7,56,116,3,79,121,81,21,58" hai2="99,78,115,40,94,119,39,1,109,17,103,67,71" hai3="31,105,64,124,82,52,97,122,62,68,24,77,74"/><W32/><G52/><T102/><D75/><U6/><E104/><V70/><F1/><W5/><G5/><T12/><D69/><U54/><E121/><V18/><F78/><W92/><G124/><T61/><D108/><U96/><E126/><V130/><F39/><W28/><G122/><T19/><D133/><U60/><E116/><V106/><F18/><W129/><G129/><T128/><D128/><U20/><E7/><V91/><F17/><W38/><G38/><T4/><D102/><U86/><E58/><V30/><F30/><N who="3" m="19527" /><G92/><T100/><D100/><AGARI ba="0,0" hai="28,31,62,64,68,74,77,82,97,100,105" m="19527" machi="100" ten="30,1500,0" yaku="25,1" doraHai="35" who="3" fromWho="0" sc="224,-15,185,0,302,0,289,15" owari="209,-19.0,185,-31.0,302,10.0,304,40.0" /></mjloggm>