<mjloggm ver="2.3"><GO type="169" lobby="0"/><UN n0="%E7%A7%81%E3%81%AF%E3%81%8C%E3%81%A1%E3%81%BB%E3%82%82" n1="%73%61%69%72%61%73%75" n2="%69%6E%66%6F%31%32%33" n3="%E5%B0%B1%E6%B4%BB%E7%94%9F%40%E5%B7%9D%E6%9D%91%E8%BB%8D%E5%9B%A3" dan="18,17,16,18" rate="2210.58,2153.63,2091.89,2239.79" sx="M,M,M,M"/><TAIKYOKU oya="0"/><INIT seed="0,0,0,0,0,61" ten="250,250,250,250" oya="0" hai0="53,131,99,98,130,114,126,77,113,57,44,103,33" hai1="135,6,11,69,52,30,22,93,70,76,100,51,92" hai2="66,118,129,63,75,48,107,91,65,12,116,80,121" hai3="35,102,36,4,25,40,81,1,28,94,56,90,112"/><T117/><D33/><U49/><E76/><V89/><F121/><W71/><G71/><T104/><D44/><U14/><E135/><V105/><F129/><N who="0" m="49162" /><D117/><N who="2" m="45162" /><F48/><W18/><G36/><T108/><D77/><U101/><E70/><V59/><F75/><W60/><G40/><T20/><D126/><U122/><E69/><V120/><F120/><W84/><G112/><T73/><D73/><U17/><E49/><V128/><F128/><W106/><G106/><N who="2" m="40457" /><F12/><W111/><G111/><T0/><D0/><U42/><E30/><V7/><F7/><W15/><G4/><T19/><D98/><U64/><E42/><V79/><F79/><W10/><G1/><T8/><D8/><U3/><E122/><V47/><F47/><W97/><G35/><T96/><D96/><U62/><E3/><V39/><F39/><W23/><G10/><T67/><D108/><U29/><E6/><V115/><F115/><W26/><REACH who="3" step="1"/><G28/><REACH who="3" ten="250,250,250,240" step="2"/><T16/><D114/><U55/><E29/><V68/><F80/><W127/><G127/><T133/><D113/><U88/><E11/><V37/><F37/><W34/><G34/><T74/><D19/><U86/><E93/><V38/><F38/><W124/><G124/><T21/><D16/><U119/><E17/><V110/><F110/><W85/><G85/><T78/><D104/><U83/><E119/><V54/><F68/><W95/><G95/><T43/><D43/><U9/><E92/><V50/><F50/><W45/><G45/><T24/><D21/><U2/><E2/><V27/><F27/><W123/><G123/><T82/><D24/><RYUUKYOKU ba="0,1" sc="250,-15,250,-15,250,15,240,15" hai2="54,59,63,65,66,89,91" hai3="15,18,23,25,26,56,60,81,84,90,94,97,102" /><INIT seed="1,1,1,4,3,51" ten="235,235,265,255" oya="1" hai0="93,16,73,130,2,20,71,108,101,31,48,26,22" hai1="39,65,105,128,54,83,88,46,14,67,62,86,110" hai2="118,123,38,10,6,114,77,109,84,37,69,91,82" hai3="63,4,124,127,9,103,45,135,98,61,49,23,131"/><U50/><E128/><V21/><F118/><W41/><G131/><T29/><D108/><U111/><E105/><V70/><F109/><N who="1" m="41481" /><E39/><V78/><F123/><W3/><G23/><T24/><D71/><U97/><E62/><V55/><F114/><W95/><REACH who="3" step="1"/><G135/><REACH who="3" ten="235,235,265,245" step="2"/><T36/><D130/><U0/><E0/><V85/><F21/><W106/><G106/><T74/><D22/><U5/><E97/><V132/><F132/><W42/><G42/><T134/><D20/><U119/><E119/><V44/><F37/><W126/><AGARI ba="1,2" hai="3,4,9,41,45,49,61,63,95,98,103,124,126,127" machi="126" ten="30,4000,0" yaku="1,1,0,1,18,1,53,0" doraHai="51" doraHaiUra="115" who="3" fromWho="3" sc="235,-11,235,-21,265,-11,245,63" /><INIT seed="2,0,0,2,1,69" ten="224,214,254,308" oya="2" hai0="87,65,57,115,112,56,128,47,43,120,45,72,98" hai1="35,18,68,51,29,104,95,77,3,26,129,16,30" hai2="126,84,86,83,10,113,101,70,130,89,110,46,20" hai3="108,102,33,111,15,105,99,100,7,74,58,36,79"/><V80/><F113/><W121/><G33/><T107/><D72/><U22/><E104/><V31/><F70/><W41/><G121/><T81/><D120/><U28/><E68/><V27/><F126/><W66/><G102/><T97/><D128/><U17/><E77/><V103/><F130/><W118/><G118/><T1/><D1/><U54/><E129/><V123/><F123/><W25/><G25/><T88/><D45/><U0/><E95/><V60/><F110/><N who="3" m="42027" /><G66/><T14/><D14/><N who="1" m="9495" /><E54/><V133/><F133/><W53/><G15/><T6/><D6/><U21/><E51/><V82/><F10/><W59/><G7/><T117/><D117/><U24/><E30/><V44/><F60/><W42/><G36/><T52/><D65/><U116/><E116/><V67/><F67/><W92/><G105/><T19/><D19/><AGARI ba="0,0" hai="0,3,17,18,19,21,24,26,28,29,35" m="9495" machi="19" ten="30,12000,2" yaku="35,5,54,1" doraHai="69" who="1" fromWho="0" sc="224,-120,214,120,254,0,308,0" /><INIT seed="3,0,0,1,5,113" ten="104,334,254,308" oya="3" hai0="128,98,134,45,62,12,31,123,11,1,84,20,43" hai1="107,15,47,57,53,38,120,85,9,87,2,65,81" hai2="79,46,37,55,30,80,60,4,19,93,17,58,104" hai3="6,7,61,56,41,0,132,83,99,42,24,74,3"/><W90/><G132/><T35/><D134/><U122/><E107/><V48/><F104/><W124/><G124/><T102/><D128/><U29/><E2/><V5/><F37/><W112/><G112/><T21/><D123/><U89/><E29/><V22/><F30/><W66/><G3/><T78/><D1/><U88/><E65/><V131/><F131/><W10/><G6/><T52/><D35/><U117/><E117/><V95/><F5/><W14/><G0/><T44/><D31/><U108/><E108/><V129/><F4/><W16/><G74/><T25/><D25/><U23/><E23/><V67/><F129/><W130/><G130/><T97/><D11/><U133/><E133/><V106/><F106/><W96/><G83/><T103/><D84/><U49/><E38/><V13/><REACH who="2" step="1"/><F17/><REACH who="2" ten="104,334,244,308" step="2"/><W27/><G7/><T111/><D111/><U68/><E122/><V59/><F59/><W101/><G27/><T110/><D110/><U91/><E120/><V36/><F36/><W72/><G24/><T26/><D26/><U54/><E68/><V105/><F105/><W116/><G56/><T39/><D39/><U77/><E15/><V115/><F115/><W126/><G14/><T114/><D12/><U70/><E70/><V51/><F51/><W135/><G16/><T40/><D114/><U82/><E9/><V8/><F8/><W125/><G10/><T118/><D20/><U92/><E92/><V32/><F32/><W64/><G135/><T109/><D21/><U73/><E82/><V86/><AGARI ba="0,1" hai="13,19,22,46,48,55,58,60,67,79,80,86,93,95" machi="86" ten="20,5200,0" yaku="1,1,0,1,7,1,8,1,53,0" doraHai="113" doraHaiUra="127" who="2" fromWho="2" sc="104,-13,334,-13,244,62,308,-26" /><INIT seed="4,0,0,2,4,35" ten="91,321,306,282" oya="0" hai0="60,13,58,108,51,2,135,3,95,14,97,69,104" hai1="44,63,15,30,20,12,43,98,127,123,121,82,48" hai2="76,68,132,10,52,125,91,19,23,112,66,109,113" hai3="18,116,46,53,94,105,67,65,134,88,31,130,70"/><T40/><D104/><U7/><E127/><V83/><F109/><W92/><G105/><T106/><D106/><U41/><E98/><V128/><F125/><W37/><G116/><T54/><D108/><U114/><E114/><V45/><F128/><W4/><G70/><T96/><D96/><U118/><E118/><V21/><F132/><W115/><G31/><T90/><D135/><U28/><E63/><V101/><F101/><W81/><G81/><T33/><D33/><U117/><E117/><V42/><F91/><W73/><G73/><T72/><D72/><U75/><E75/><V27/><F10/><W110/><G110/><T1/><REACH who="0" step="1"/><D40/><REACH who="0" ten="81,321,306,282" step="2"/><U47/><E43/><V22/><F42/><W25/><G134/><T133/><D133/><U74/><E41/><V24/><F113/><W131/><G115/><T55/><D55/><U39/><E74/><V107/><F52/><W87/><G53/><T62/><D62/><U49/><E123/><V64/><F107/><W6/><G130/><T120/><D120/><U78/><E121/><V8/><F112/><W85/><G131/><T36/><D36/><U103/><E39/><V111/><F111/><W57/><G37/><T126/><D126/><U9/><E49/><V80/><F66/><AGARI ba="0,1" hai="1,2,3,13,14,51,54,58,60,66,69,90,95,97" machi="66" ten="40,12000,1" yaku="1,1,52,3,53,0" doraHai="35" doraHaiUra="26" who="0" fromWho="2" sc="81,130,321,0,306,-120,282,0" /><INIT seed="4,1,0,1,4,121" ten="211,321,186,282" oya="0" hai0="129,19,68,114,30,22,49,126,123,53,54,35,69" hai1="127,28,122,8,72,104,4,101,24,109,120,38,83" hai2="39,111,42,105,13,50,23,87,125,82,100,91,106" hai3="93,41,27,7,57,103,56,80,128,115,14,65,99"/><T132/><D123/><U3/><E127/><V113/><F125/><W66/><G115/><T62/><D126/><U67/><E67/><N who="3" m="25610" /><G128/><T73/><D73/><U131/><E131/><V10/><F113/><W108/><G108/><T40/><D129/><U17/><E17/><V16/><F111/><W119/><G119/><T135/><D114/><U78/><E109/><V88/><F39/><W90/><G41/><T43/><D30/><U61/><E61/><V116/><F116/><W33/><G33/><T89/><D89/><U1/><E1/><V74/><F74/><W34/><G34/><T117/><D35/><N who="1" m="20871" /><E38/><V36/><F36/><W18/><G27/><T44/><D117/><U12/><E12/><V112/><F112/><W85/><G7/><T15/><D43/><U97/><AGARI ba="1,0" hai="3,4,8,72,78,83,97,101,104,120,122" m="20871" machi="97" ten="30,1100,0" yaku="23,1" doraHai="121" who="1" fromWho="1" sc="211,-6,321,14,186,-4,282,-4" /><INIT seed="5,0,0,4,2,57" ten="205,335,182,278" oya="1" hai0="56,33,105,78,39,132,77,28,135,80,55,89,115" hai1="134,131,40,93,120,99,17,92,53,75,88,5,26" hai2="6,124,31,15,107,19,73,34,38,8,64,94,81" hai3="30,123,127,74,9,59,83,70,106,22,16,49,4"/><U66/><E120/><V20/><F107/><W126/><G70/><T113/><D39/><U7/><E75/><V82/><F38/><W122/><G106/><T12/><D105/><U46/><E134/><N who="0" m="51241" /><D12/><U54/><E66/><V1/><F124/><N who="3" m="47659" /><G74/><T96/><D28/><U87/><E131/><V76/><F94/><W41/><G83/><T71/><D71/><U79/><E26/><V117/><F117/><W118/><G41/><T110/><D33/><U112/><E17/><V98/><F98/><W23/><G49/><T25/><D25/><U129/><E129/><V109/><F109/><W13/><G59/><T72/><D78/><U65/><E65/><V35/><F81/><W121/><G118/><T125/><D125/><U32/><E32/><V108/><F108/><W114/><G114/><T111/><D111/><U43/><E79/><V101/><F101/><W100/><G100/><T21/><D21/><N who="3" m="7689" /><G30/><T85/><D96/><U11/><E112/><V3/><F64/><W63/><G63/><N who="0" m="36255" /><D110/><U68/><E99/><V91/><F91/><W52/><G52/><N who="1" m="20074" /><E68/><V48/><F48/><W42/><G42/><N who="1" m="15914" /><E46/><V60/><F35/><W10/><G123/><T95/><AGARI ba="0,0" hai="72,77,80,85,89,95,113,115" m="36255,51241" machi="95" ten="30,2000,0" yaku="20,1,52,1" doraHai="57" who="0" fromWho="0" sc="205,20,335,-10,182,-5,278,-5" /><INIT seed="6,0,0,3,2,76" ten="225,325,177,273" oya="2" hai0="107,62,91,54,5,81,55,131,128,28,63,106,125" hai1="115,96,13,39,69,88,48,78,108,127,117,113,38" hai2="93,86,40,51,130,0,11,37,67,70,122,10,53" hai3="14,82,31,60,34,44,102,103,110,114,73,98,58"/><V97/><F122/><W84/><G73/><T119/><D5/><U33/><E33/><V105/><F105/><W101/><G110/><T89/><D28/><U124/><E108/><V43/><F130/><W87/><G114/><N who="1" m="43530" /><E69/><V18/><F37/><N who="1" m="13833" /><E117/><V4/><F86/><W126/><G126/><T22/><D22/><U1/><E1/><V135/><F135/><W75/><G75/><T121/><D125/><U2/><E2/><V72/><F72/><W36/><G31/><T45/><D45/><U56/><E78/><V104/><F104/><W99/><G34/><T19/><D19/><U24/><E24/><V134/><F134/><W35/><G35/><T7/><D7/><U20/><E48/><V61/><F11/><W66/><G14/><T111/><D111/><U23/><E56/><V90/><REACH who="2" step="1"/><F18/><REACH who="2" ten="225,325,167,273" step="2"/><W129/><G129/><T95/><D121/><U116/><E127/><V27/><F27/><W64/><G87/><T109/><D109/><U8/><E124/><V6/><F6/><W85/><G84/><T25/><D25/><U29/><E8/><V132/><F132/><W59/><G98/><T68/><D107/><U65/><E96/><V57/><AGARI ba="0,1" hai="0,4,10,40,43,51,53,57,61,67,70,90,93,97" machi="57" ten="20,3900,0" yaku="1,1,0,1,7,1,53,0" doraHai="76" doraHaiUra="15" who="2" fromWho="2" sc="225,-13,325,-13,167,49,273,-13" /><INIT seed="6,1,0,0,0,125" ten="212,312,216,260" oya="2" hai0="62,104,67,20,83,23,96,58,25,123,99,82,5" hai1="51,46,94,129,132,1,73,11,107,111,6,44,60" hai2="66,40,103,10,54,95,29,53,65,56,72,116,42" hai3="128,121,77,16,34,50,75,37,24,101,59,81,135"/><V68/><F116/><W0/><G37/><T114/><D123/><U13/><E107/><V27/><F72/><W38/><G38/><T110/><D110/><U2/><E73/><V115/><F115/><W7/><G121/><T69/><D69/><U14/><E111/><V76/><F76/><W120/><G120/><T89/><D104/><U90/><E46/><V52/><F68/><W22/><G135/><T36/><D36/><U70/><E14/><V4/><F103/><W117/><G117/><T80/><D5/><U133/><E129/><V124/><F124/><W127/><G127/><T105/><D105/><U33/><E33/><V71/><F95/><W41/><G128/><T130/><D130/><U98/><E60/><V88/><F88/><W31/><G101/><T74/><D74/><U126/><E70/><V39/><F71/><W86/><G75/><T87/><D20/><U32/><E32/><V102/><F102/><W100/><G100/><T112/><D112/><U35/><E35/><V92/><F92/><W9/><G59/><T17/><D114/><U91/><E90/><V45/><F40/><W113/><G113/><T47/><D47/><U19/><E126/><V8/><F56/><W84/><G84/><T118/><D118/><U97/><E97/><AGARI ba="1,0" hai="17,23,25,58,62,67,80,82,83,87,89,96,97,99" machi="97" ten="40,1300,0" yaku="8,1" doraHai="125" who="0" fromWho="1" sc="212,16,312,-16,216,0,260,0" /><INIT seed="7,0,0,3,0,63" ten="228,296,216,260" oya="3" hai0="58,12,1,123,89,0,20,130,77,51,97,113,115" hai1="114,57,31,49,68,76,44,64,78,109,67,117,25" hai2="119,30,41,33,50,35,112,99,118,82,93,65,81" hai3="132,11,106,28,122,37,94,10,3,121,111,29,59"/><W7/><G106/><T100/><D77/><U86/><E109/><V84/><F112/><N who="0" m="43082" /><D89/><U98/><E68/><V105/><F105/><W127/><G37/><T6/><D130/><U47/><E114/><V128/><F128/><W102/><G111/><T70/><D70/><U60/><E117/><V2/><F2/><W54/><G132/><T101/><D101/><U45/><E98/><V8/><F8/><W38/><G38/><T71/><D71/><U125/><E125/><V104/><F104/><W72/><G72/><T87/><D87/><U110/><E110/><V19/><F19/><W91/><G102/><T107/><D123/><U36/><E67/><V79/><F82/><W131/><G131/><T75/><D75/><U61/><E61/><V88/><F65/><W4/><G127/><T85/><D85/><U26/><E36/><V14/><F14/><W90/><G94/><T108/><D108/><U18/><E86/><V124/><F124/><W62/><G91/><T53/><D6/><U134/><E134/><V32/><REACH who="2" step="1"/><F30/><REACH who="2" ten="228,296,206,260" step="2"/><W55/><G29/><T27/><D27/><U16/><E26/><V56/><F56/><W24/><G28/><T92/><D107/><U17/><E31/><V66/><F66/><W15/><G24/><T43/><D0/><U13/><E25/><V39/><F39/><W34/><G3/><T9/><D1/><U129/><E129/><V116/><F116/><W96/><G15/><T46/><D9/><U126/><E126/><V48/><F48/><W73/><G11/><T69/><D12/><U40/><E13/><V120/><F120/><RYUUKYOKU ba="0,1" sc="228,-15,296,15,206,15,260,-15" hai1="16,17,18,40,44,45,47,49,57,60,64,76,78" hai2="32,33,35,41,50,79,81,84,88,93,99,118,119" owari="213,-29.0,321,42.0,221,-18.0,245,5.0" /></mjloggm>