<mjloggm ver="2.3"><GO type="169" lobby="0"/><UN n0="%E3%82%A6%E3%83%AB%E3%83%88%E3%83%A9%E7%AB%8B%E7%9B%B4" n1="%E3%82%86%E3%81%84%E3%81%A1%E3%82%83%E3%82%93%E3%81%AE%E3%83%91%E3%83%91" n2="%3D%4A%61%6D" n3="%E7%B5%B6%E5%AF%BE%E4%B9%B1%E8%88%9E" dan="17,17,16,16" rate="2231.77,2131.87,2172.97,2092.02" sx="M,M,M,F"/><TAIKYOKU oya="0"/><INIT seed="0,0,0,3,3,68" ten="250,250,250,250" oya="0" hai0="119,71,70,42,89,18,35,97,113,117,72,61,33" hai1="90,115,65,5,21,14,31,106,51,93,44,29,7" hai2="109,123,57,0,100,6,38,87,66,46,67,69,15" hai3="130,73,47,127,41,37,27,23,120,125,108,86,74"/><T135/><D18/><N who="1" m="10455" /><E106/><V58/><F123/><W129/><G120/><T62/><D89/><U85/><E65/><V64/><F69/><W16/><G86/><T22/><D22/><U82/><E115/><V124/><F0/><W60/><G60/><T84/><D84/><U96/><E7/><V77/><F109/><W11/><G11/><T30/><D97/><U12/><E12/><V2/><F2/><W24/><G24/><T32/><D32/><U134/><E134/><V45/><F45/><W98/><G98/><T88/><D88/><N who="1" m="55335" /><E5/><V19/><F100/><W49/><G49/><T50/><D50/><U26/><E26/><V52/><F6/><W55/><G55/><AGARI ba="0,0" hai="29,31,44,51,55,82,85,90" m="55335,10455" machi="55" ten="30,2000,0" yaku="8,1,54,1" doraHai="68" who="1" fromWho="3" sc="250,0,250,20,250,0,250,-20" /><INIT seed="1,0,0,3,2,18" ten="250,270,250,230" oya="1" hai0="86,8,0,124,54,95,121,57,79,15,126,13,65" hai1="107,128,11,33,5,112,46,116,31,73,9,22,105" hai2="81,78,103,32,133,34,52,76,39,99,12,123,88" hai3="38,100,96,93,97,36,130,131,69,27,68,94,135"/><U10/><E116/><V21/><F123/><W19/><G135/><T37/><D37/><U108/><E73/><V48/><F39/><W77/><G77/><T72/><D65/><U62/><E112/><V82/><F133/><W56/><G56/><T45/><D45/><U58/><E33/><V87/><F34/><W90/><G38/><T102/><D72/><U53/><E128/><N who="3" m="49194" /><G36/><T118/><D118/><U17/><E31/><V117/><F32/><W44/><G44/><T67/><D67/><U80/><E108/><V134/><F134/><W6/><G6/><T104/><D104/><U25/><E5/><V84/><F117/><W85/><G85/><T64/><D64/><U59/><E46/><V1/><F1/><W106/><G106/><T51/><D121/><U111/><E111/><V71/><F71/><W119/><G119/><T92/><D0/><U40/><E40/><V129/><F129/><W26/><G26/><T42/><D42/><U74/><REACH who="1" step="1"/><E59/><REACH who="1" ten="250,260,250,230" step="2"/><V20/><F76/><AGARI ba="0,1" hai="9,10,11,17,22,25,53,58,62,74,76,80,105,107" machi="76" ten="40,7700,0" yaku="1,1,2,1,52,1,53,0" doraHai="18" doraHaiUra="70" who="1" fromWho="2" sc="250,0,260,87,250,-77,230,0" /><INIT seed="1,1,0,5,4,121" ten="250,347,173,230" oya="1" hai0="131,128,54,21,43,90,65,25,89,98,81,48,84" hai1="20,49,23,15,105,37,100,60,57,40,28,88,117" hai2="112,51,101,102,107,13,80,33,34,17,45,115,22" hai3="10,56,47,2,99,50,116,114,79,86,125,97,12"/><U75/><E117/><V130/><F130/><N who="0" m="49706" /><D65/><U3/><E3/><V113/><F107/><W42/><G2/><T24/><D43/><U111/><E75/><V38/><F38/><W32/><G116/><T6/><D6/><U68/><E100/><N who="2" m="38507" /><F80/><W93/><G32/><T26/><D98/><U83/><E105/><V0/><F0/><W71/><G71/><T127/><D127/><U106/><E106/><V55/><AGARI ba="1,0" hai="13,17,22,33,34,45,51,55,112,113,115" m="38507" machi="55" ten="40,1500,0" yaku="11,1" doraHai="121" who="2" fromWho="2" sc="250,-5,347,-8,173,18,230,-5" /><INIT seed="2,0,0,4,5,2" ten="245,339,191,225" oya="2" hai0="53,21,118,43,49,72,133,12,7,134,42,41,135" hai1="123,56,5,31,94,62,52,82,83,104,125,10,73" hai2="124,88,11,115,35,58,79,37,93,27,98,30,110" hai3="127,38,57,126,80,89,87,76,51,108,111,4,128"/><V71/><F115/><W112/><G38/><T20/><D72/><U121/><E104/><V117/><F71/><W13/><G112/><T131/><D131/><U59/><E125/><N who="3" m="47626" /><G128/><T119/><D7/><U130/><E130/><V25/><F124/><W109/><G76/><T39/><D39/><U32/><E73/><V14/><F117/><N who="0" m="44554" /><D12/><N who="1" m="5199" /><E94/><V69/><F69/><W61/><G51/><T65/><D65/><U33/><E59/><AGARI ba="0,0" hai="20,21,41,42,43,49,53,59,133,134,135" m="44554" machi="59" ten="40,2600,0" yaku="20,1,12,1" doraHai="2" who="0" fromWho="1" sc="245,26,339,-26,191,0,225,0" /><INIT seed="3,0,0,0,2,84" ten="271,313,191,225" oya="3" hai0="128,48,67,30,22,130,51,104,35,2,4,11,117" hai1="0,132,90,69,21,49,87,114,127,26,124,20,43" hai2="133,28,19,7,13,50,55,42,57,101,78,116,37" hai3="109,32,68,107,108,85,63,23,115,6,41,34,91"/><W81/><G107/><T135/><D117/><U53/><E0/><V46/><F116/><W119/><G115/><T83/><D104/><U44/><E114/><V74/><F133/><W8/><G41/><T47/><D135/><U82/><E132/><V71/><F28/><W75/><G75/><T111/><D35/><U10/><E69/><V134/><F134/><W125/><G125/><N who="1" m="48202" /><E10/><V123/><F123/><W121/><G121/><T12/><D67/><U25/><E21/><V94/><F7/><W1/><G119/><T76/><D111/><N who="3" m="42569" /><G23/><T110/><D110/><U118/><E118/><V27/><F27/><N who="1" m="10249" /><E20/><V105/><F105/><W58/><G68/><T86/><D30/><U73/><E73/><V96/><F71/><W102/><G102/><T18/><REACH who="0" step="1"/><D47/><REACH who="0" ten="261,313,191,225" step="2"/><U65/><E65/><AGARI ba="0,1" hai="1,6,8,32,34,58,63,65,81,85,91" m="42569" machi="65" ten="30,5800,0" yaku="14,1,10,1,52,1" doraHai="84" who="3" fromWho="1" sc="261,0,313,-58,191,0,225,68" /><INIT seed="3,1,0,0,4,84" ten="261,255,191,293" oya="3" hai0="9,50,54,111,36,15,94,121,128,55,123,40,129" hai1="89,60,58,16,125,30,109,56,91,22,134,119,45" hai2="24,86,81,0,73,120,7,95,71,110,103,108,122" hai3="63,105,79,66,42,126,38,117,44,69,33,96,10"/><W102/><G117/><T59/><D15/><U100/><E119/><V28/><F71/><W53/><G126/><T21/><D21/><U65/><E125/><V90/><F0/><W57/><G79/><T14/><D14/><N who="1" m="9495" /><E109/><N who="2" m="42091" /><F7/><W131/><G10/><T101/><D111/><U49/><E134/><V62/><F62/><W97/><G97/><T130/><D9/><U34/><E34/><V20/><F103/><W39/><G39/><T77/><D77/><AGARI ba="1,0" hai="20,24,28,73,77,81,86,90,95,120,122" m="42091" machi="77" ten="30,2000,0" yaku="14,1,52,1" doraHai="84" who="2" fromWho="0" sc="261,-23,255,0,191,23,293,0" /><INIT seed="4,0,0,2,0,115" ten="238,255,214,293" oya="0" hai0="124,13,111,104,114,59,31,64,123,88,7,132,66" hai1="25,34,93,74,96,70,22,2,14,27,72,58,0" hai2="47,18,60,8,94,11,86,106,129,117,33,119,41" hai3="15,62,118,89,120,69,42,38,16,21,63,95,131"/><T126/><D104/><U103/><E70/><V61/><F106/><W44/><G131/><T75/><D75/><U56/><E2/><V5/><F33/><W4/><G120/><T12/><D123/><U6/><E0/><V29/><F29/><W101/><G101/><T83/><D31/><U87/><E34/><V49/><F129/><W26/><G69/><T125/><D114/><U76/><E72/><V48/><F18/><W71/><G71/><T91/><D132/><U24/><E74/><V97/><F86/><W51/><G38/><T130/><D130/><U19/><REACH who="1" step="1"/><E6/><REACH who="1" ten="238,245,214,293" step="2"/><V80/><F5/><W20/><G4/><T40/><D7/><U52/><E52/><V65/><F65/><W28/><REACH who="3" step="1"/><G118/><REACH who="3" ten="238,245,214,283" step="2"/><T127/><D127/><U67/><E67/><V84/><F119/><W112/><G112/><T90/><D66/><U109/><E109/><V128/><F117/><W35/><G35/><T81/><D111/><U99/><E99/><AGARI ba="0,2" hai="15,16,20,21,26,28,42,44,51,62,63,89,95,99" machi="99" ten="30,8000,1" yaku="1,1,7,1,8,1,54,1,53,1" doraHai="115" doraHaiUra="46" who="3" fromWho="1" sc="238,0,245,-80,214,0,283,100" /><INIT seed="5,0,0,0,4,47" ten="238,165,214,383" oya="1" hai0="134,109,101,96,99,119,116,37,85,19,92,43,117" hai1="55,53,67,3,125,78,122,65,71,135,57,42,82" hai2="14,4,61,91,73,89,41,93,83,60,31,77,16" hai3="88,56,121,48,95,69,76,94,100,104,127,36,13"/><U39/><E3/><V15/><F31/><W80/><G69/><T38/><D109/><U79/><E122/><V131/><F131/><W8/><G36/><T18/><D134/><U27/><E135/><V50/><F4/><W64/><G121/><T72/><D72/><U108/><E71/><V118/><F118/><W35/><G35/><T74/><D74/><U40/><E108/><V9/><F15/><W97/><G127/><T86/><D43/><N who="1" m="16427" /><E39/><V21/><F9/><W20/><G20/><T124/><D119/><U58/><E125/><V59/><F89/><W128/><G128/><T115/><D124/><U2/><E2/><V107/><F107/><W10/><G13/><T22/><D37/><U75/><E75/><V17/><F17/><W87/><G104/><T25/><D38/><U132/><E132/><V66/><F66/><N who="1" m="25097" /><E27/><V130/><F130/><W84/><G64/><T32/><D25/><U33/><E33/><V24/><F24/><W62/><G62/><T103/><D32/><U111/><E111/><V133/><F133/><W120/><G120/><T112/><D22/><U98/><E98/><V34/><F34/><W102/><G102/><T63/><D63/><N who="1" m="36271" /><E82/><V0/><F0/><W5/><G5/><T44/><D117/><U90/><E90/><V11/><F11/><W106/><G106/><T114/><D116/><U46/><E46/><N who="2" m="25935" /><F59/><W45/><G56/><T105/><D44/><U129/><E129/><V51/><F91/><W81/><G81/><T126/><D126/><U26/><E26/><V68/><F68/><W70/><G70/><T6/><D6/><RYUUKYOKU ba="0,0" sc="238,10,165,10,214,-30,383,10" hai0="18,19,85,86,92,96,99,101,103,105,112,114,115" hai1="55,58,78,79" hai3="8,10,45,48,76,80,84,87,88,94,95,97,100" /><INIT seed="5,1,0,1,1,90" ten="248,175,184,393" oya="1" hai0="52,49,17,40,97,126,27,130,96,125,13,119,115" hai1="8,106,75,85,100,33,72,36,51,62,121,133,108" hai2="15,38,80,69,120,14,89,132,122,74,117,3,32" hai3="34,9,12,45,11,60,65,107,6,112,124,129,116"/><U128/><E36/><V64/><F64/><W81/><G112/><T41/><D27/><U77/><E121/><V63/><F63/><W70/><G129/><T31/><D31/><U46/><E33/><V98/><F15/><W82/><G124/><N who="0" m="47723" /><D119/><U67/><E128/><V94/><F14/><W58/><G34/><T135/><D135/><U105/><E133/><V134/><F3/><W111/><G107/><T16/><D115/><U92/><E108/><V35/><F69/><W127/><G111/><T113/><D17/><U93/><E105/><V95/><F38/><W21/><G116/><T109/><D109/><U59/><E106/><V53/><F53/><W26/><G11/><N who="0" m="6207" /><D130/><U23/><E8/><V78/><F117/><W79/><G127/><T7/><D7/><U73/><E23/><V54/><F54/><W71/><G6/><T88/><D113/><U57/><E100/><N who="2" m="60503" /><F35/><W5/><G26/><T10/><D10/><U110/><E110/><V0/><F0/><W2/><G9/><T1/><D1/><U39/><E39/><V19/><F19/><W42/><G2/><T43/><D88/><U37/><E37/><V118/><F32/><W47/><G5/><T61/><D61/><U68/><E68/><V102/><F102/><W103/><G71/><T101/><D101/><U24/><E24/><V83/><F118/><W76/><G103/><T99/><D43/><N who="1" m="25055" /><E57/><AGARI ba="1,0" hai="40,41,49,52,57,96,97,99" m="6207,47723" machi="57" ten="30,3900,0" yaku="18,1,54,2" doraHai="90" who="0" fromWho="1" sc="248,42,175,-42,184,0,393,0" /><INIT seed="6,0,0,4,5,17" ten="290,133,184,393" oya="2" hai0="47,131,109,58,104,102,1,63,80,74,16,28,87" hai1="128,84,112,117,15,33,8,4,83,132,76,115,107" hai2="37,26,42,82,6,9,99,79,44,5,54,62,96" hai3="77,22,116,110,14,38,78,119,53,57,73,31,111"/><V3/><F5/><W105/><G38/><T81/><D1/><U98/><E117/><V2/><F2/><W24/><G105/><T108/><D28/><U43/><E33/><V18/><F54/><W36/><G36/><T125/><D104/><U48/><E128/><V55/><F55/><W32/><G116/><T65/><D102/><U39/><E39/><V52/><F26/><W7/><G119/><T75/><D47/><U51/><E132/><V13/><F62/><W97/><G97/><T45/><D45/><U101/><REACH who="1" step="1"/><E43/><REACH who="1" ten="290,123,184,393" step="2"/><V93/><F52/><W27/><G32/><T123/><D131/><U56/><E56/><V126/><F126/><W68/><G57/><T11/><D58/><U129/><E129/><V118/><F118/><W25/><G53/><T61/><D125/><U30/><E30/><V121/><F121/><W133/><G31/><T92/><D123/><U50/><AGARI ba="0,1" hai="4,8,15,48,50,51,76,83,84,98,101,107,112,115" machi="50" ten="30,2000,0" yaku="1,1,0,1,53,0" doraHai="17" doraHaiUra="12" who="1" fromWho="1" sc="290,-5,123,30,184,-10,393,-5" /><INIT seed="7,0,0,0,3,113" ten="285,153,174,388" oya="3" hai0="90,82,114,48,20,111,81,130,16,105,19,31,50" hai1="89,63,58,36,46,4,115,27,76,88,66,28,38" hai2="13,127,5,131,26,83,61,132,122,32,119,49,91" hai3="126,93,124,1,68,23,9,7,64,56,21,118,17"/><W72/><G118/><T94/><D105/><U10/><E115/><V95/><F131/><W110/><G110/><T84/><D130/><U24/><E76/><V8/><F119/><W18/><G72/><T65/><D65/><U62/><E38/><V86/><F132/><W117/><G117/><T92/><D111/><U34/><E27/><V44/><F127/><N who="3" m="48683" /><G68/><T59/><D114/><U112/><E112/><V101/><F122/><W33/><G33/><T106/><D106/><U53/><E36/><V97/><F32/><W0/><G93/><T123/><D31/><U37/><E37/><V2/><F26/><W47/><G47/><T80/><D123/><U6/><E6/><V30/><F30/><W70/><G70/><T69/><D69/><U125/><E125/><V45/><F61/><N who="3" m="37927" /><G1/><T102/><D19/><AGARI ba="0,0" hai="0,7,9,17,18,19,21,23" m="37927,48683" machi="19" ten="30,1500,0" yaku="18,1" doraHai="113" who="3" fromWho="0" sc="285,-15,153,0,174,0,388,15" owari="270,7.0,153,-35.0,174,-23.0,403,51.0" /></mjloggm>