<mjloggm ver="2.3"><GO type="169" lobby="0"/><UN n0="%E8%A6%AA%E6%8C%87%EF%BC%88%E5%A4%A7%EF%BC%89" n1="%E3%83%81%E3%83%A7%E3%82%B3%E3%83%AD%E3%83%9C%E3%82%AF%E3%83%B3" n2="%E5%B0%B1%E6%B4%BB%E7%94%9F%40%E5%B7%9D%E6%9D%91%E8%BB%8D%E5%9B%A3" n3="%E3%83%97%E3%83%83%E3%82%B7%E3%83%A5%E6%8A%BC%E3%81%99%E5%83%A7" dan="17,17,17,18" rate="2251.98,2186.69,2230.85,2224.91" sx="M,M,M,M"/><TAIKYOKU oya="0"/><INIT seed="0,0,0,5,3,1" ten="250,250,250,250" oya="0" hai0="29,31,41,93,46,96,36,70,16,111,13,65,118" hai1="48,117,57,83,98,84,18,100,53,132,43,38,92" hai2="110,107,94,26,78,82,63,123,108,87,21,88,72" hai3="68,86,102,121,56,54,5,73,134,101,95,51,113"/><T9/><D118/><U30/><E117/><V79/><F123/><W6/><G113/><T120/><D120/><U133/><E132/><V34/><F34/><W39/><G39/><T23/><D111/><U22/><E133/><V131/><F131/><W20/><G73/><T128/><D128/><U76/><E38/><V114/><F114/><W125/><G68/><T14/><D65/><U49/><E30/><V3/><F3/><W44/><G121/><T12/><D70/><U105/><E105/><V91/><F107/><W2/><G2/><T52/><D52/><N who="1" m="31879" /><E43/><V59/><F91/><N who="3" m="53751" /><G125/><T17/><REACH who="0" step="1"/><D14/><REACH who="0" ten="240,250,250,250" step="2"/><N who="1" m="9559" /><E53/><V90/><F108/><W124/><G124/><T99/><D99/><U10/><E49/><V75/><F110/><W33/><G134/><T97/><D97/><U122/><E122/><V85/><F75/><W77/><G56/><T50/><D50/><U7/><E10/><V0/><F72/><W8/><G54/><T80/><D80/><U55/><E55/><N who="2" m="34303" /><F0/><W130/><G51/><T104/><D104/><U15/><E15/><V40/><F40/><W69/><G130/><T24/><D24/><U103/><E103/><AGARI ba="0,1" hai="9,12,13,16,17,23,29,31,36,41,46,93,96,103" machi="103" ten="30,12000,1" yaku="1,1,7,1,54,1,53,2" doraHai="1" doraHaiUra="27" who="0" fromWho="1" sc="240,130,250,-120,250,0,250,0" /><INIT seed="0,1,0,0,3,72" ten="370,130,250,250" oya="0" hai0="123,18,45,71,112,21,33,54,81,126,57,91,34" hai1="38,127,102,42,59,43,88,47,110,55,62,121,40" hai2="119,69,98,31,29,105,118,125,1,60,15,64,19" hai3="108,50,104,36,26,16,17,128,76,63,25,6,130"/><T117/><D112/><U132/><E121/><V48/><F1/><W134/><G104/><T53/><D123/><U32/><E32/><V94/><F105/><W74/><G36/><T100/><D71/><U30/><E30/><V10/><F125/><W27/><G108/><T78/><D117/><N who="2" m="44554" /><F48/><W51/><G6/><T70/><D70/><U99/><E102/><AGARI ba="1,0" hai="10,15,19,29,31,60,64,69,94,98,102" m="44554" machi="102" ten="30,1000,0" yaku="12,1" doraHai="72" who="2" fromWho="1" sc="370,0,130,-13,250,13,250,0" /><INIT seed="1,0,0,5,1,96" ten="370,117,263,250" oya="1" hai0="88,119,89,99,82,40,87,23,133,105,4,109,6" hai1="79,15,20,25,44,80,21,8,72,85,101,66,113" hai2="2,55,5,74,132,56,123,86,31,77,32,53,126" hai3="26,46,42,129,134,117,71,19,116,12,39,107,58"/><U121/><E113/><V102/><F123/><W124/><G71/><T52/><D119/><U50/><E121/><V91/><F126/><W115/><G115/><T62/><D109/><U3/><E3/><V84/><F132/><W94/><G107/><T28/><D133/><U13/><E72/><V41/><F41/><W1/><G1/><T64/><D40/><N who="1" m="24839" /><E66/><V122/><F122/><W76/><G134/><T18/><D28/><U125/><E125/><V24/><F74/><W67/><G124/><T59/><D64/><U35/><E35/><V17/><F17/><W36/><G36/><T73/><D73/><U130/><E130/><V43/><F43/><W33/><G129/><T97/><D105/><U48/><E101/><V37/><F37/><W114/><G114/><T7/><REACH who="0" step="1"/><D89/><REACH who="0" ten="360,117,263,250" step="2"/><U14/><E48/><V110/><F91/><W128/><G116/><T54/><D54/><U95/><E95/><V57/><F55/><W11/><G117/><T29/><D29/><U78/><E78/><V103/><F31/><W92/><G76/><T100/><D100/><U38/><E38/><V47/><F53/><W10/><G128/><T90/><D90/><U69/><E69/><V45/><F77/><W63/><G39/><T135/><D135/><U131/><E131/><V27/><F32/><W75/><G33/><T49/><D49/><U93/><E93/><V104/><F104/><W120/><G75/><T112/><D112/><U16/><E21/><V61/><F102/><W51/><G120/><T70/><D70/><U98/><E98/><V34/><F103/><W108/><G67/><RYUUKYOKU ba="0,1" sc="360,15,117,15,263,-15,250,-15" hai0="4,6,7,18,23,52,59,62,82,87,88,97,99" hai1="8,13,14,15,16,20,25,79,80,85" /><INIT seed="1,1,1,1,0,28" ten="375,132,248,235" oya="1" hai0="44,89,29,25,26,101,53,41,57,102,48,116,120" hai1="63,6,131,72,104,97,30,47,21,37,98,31,12" hai2="93,39,24,125,40,3,81,128,68,112,46,107,35" hai3="91,135,122,5,11,82,130,127,86,27,17,99,134"/><U67/><E72/><V85/><F107/><W60/><G122/><T45/><D116/><U124/><E124/><V0/><F68/><W51/><G127/><T71/><D71/><U74/><E74/><V1/><F125/><W83/><G130/><T114/><D114/><U49/><E37/><V106/><F106/><W69/><G51/><T87/><D120/><U70/><E131/><V66/><F66/><W75/><G99/><T56/><D56/><U42/><E104/><V129/><F112/><W100/><G100/><T2/><D2/><U58/><E70/><V79/><REACH who="2" step="1"/><F93/><REACH who="2" ten="375,132,238,235" step="2"/><W15/><G69/><T16/><D45/><U119/><E119/><V73/><F73/><W8/><G75/><T80/><D44/><U76/><E76/><V13/><F13/><W7/><G15/><T90/><D57/><U65/><E65/><V22/><F22/><W110/><G8/><T121/><D121/><U115/><E115/><V62/><F62/><W61/><G11/><T126/><D126/><U18/><REACH who="1" step="1"/><E6/><REACH who="1" ten="375,122,238,235" step="2"/><V10/><F10/><W50/><G5/><T20/><D20/><U43/><E43/><V132/><F132/><W118/><G7/><T105/><D41/><U94/><E94/><V103/><F103/><W92/><G92/><T9/><D105/><U55/><E55/><V113/><F113/><W77/><G134/><T19/><D53/><U54/><E54/><V34/><F34/><W36/><G135/><T64/><D64/><U14/><E14/><V33/><F33/><W111/><G77/><T38/><D9/><U123/><E123/><V32/><F32/><RYUUKYOKU ba="1,3" sc="375,-15,122,15,238,15,235,-15" hai1="12,18,21,30,31,42,47,49,58,63,67,97,98" hai2="0,1,3,24,35,39,40,46,79,81,85,128,129" /><INIT seed="1,2,3,2,3,11" ten="360,137,253,220" oya="1" hai0="71,25,29,49,21,102,36,7,47,121,59,52,93" hai1="75,53,111,117,74,10,8,30,88,70,113,31,41" hai2="22,20,50,42,16,127,108,116,133,84,44,112,87" hai3="63,105,73,85,5,14,2,80,129,0,86,18,123"/><U15/><E70/><V110/><F116/><W3/><G105/><T66/><D121/><U82/><E117/><V9/><F133/><W55/><G123/><T130/><D130/><U97/><E113/><V122/><F127/><W24/><G129/><T13/><D71/><U38/><E111/><N who="2" m="42539" /><F122/><W118/><G118/><T26/><D26/><U83/><E38/><V37/><F37/><W135/><G24/><T61/><D36/><U107/><E41/><V60/><F60/><W67/><G55/><T28/><D28/><U23/><E53/><V12/><F112/><W68/><G5/><T54/><D54/><U58/><E58/><V92/><F92/><W115/><G115/><T72/><D72/><U128/><E128/><V100/><F100/><W4/><G4/><T81/><D81/><U35/><E35/><V109/><F109/><W1/><G1/><T104/><D104/><U125/><E125/><V51/><F50/><W89/><G135/><T32/><D32/><U48/><E48/><V27/><F22/><W90/><G73/><T94/><D102/><U79/><E107/><V132/><F132/><W76/><REACH who="3" step="1"/><G86/><REACH who="3" ten="360,137,253,210" step="2"/><T120/><D120/><U34/><E34/><V40/><F40/><W95/><G95/><T65/><D65/><U17/><E75/><V91/><F91/><W19/><G19/><AGARI ba="2,4" hai="9,12,16,19,20,27,42,44,51,84,87" m="42539" machi="19" ten="30,3900,0" yaku="14,1,52,1,54,1" doraHai="11" who="2" fromWho="3" sc="360,0,137,0,253,85,210,-45" /><INIT seed="2,0,0,4,1,56" ten="360,137,338,165" oya="2" hai0="33,63,71,11,38,48,36,30,133,1,130,26,32" hai1="3,135,105,25,98,28,93,24,88,83,92,50,59" hai2="97,20,132,124,110,122,106,84,78,125,115,47,2" hai3="14,134,37,10,61,109,87,120,112,99,90,46,35"/><V117/><F2/><W121/><G112/><T22/><D130/><U0/><E135/><V82/><F115/><W51/><G35/><T44/><D133/><U128/><E128/><V70/><F132/><W19/><G134/><T103/><D103/><U15/><E105/><V81/><F70/><W41/><G109/><T43/><D1/><U66/><E15/><V21/><F117/><W60/><G99/><T67/><REACH who="0" step="1"/><D11/><REACH who="0" ten="350,137,338,165" step="2"/><U12/><E3/><V79/><F110/><W53/><G120/><T5/><D5/><U89/><E0/><V55/><F122/><W27/><G121/><T4/><D4/><U77/><E12/><V72/><F106/><W68/><G27/><T76/><D76/><U95/><E24/><V57/><F97/><W54/><G68/><T49/><D49/><U96/><E50/><V45/><F21/><W34/><G34/><AGARI ba="0,1" hai="22,26,30,32,33,34,36,38,43,44,48,63,67,71" machi="34" ten="40,2600,0" yaku="1,1,52,1,53,0" doraHai="56" doraHaiUra="114" who="0" fromWho="3" sc="350,36,137,0,338,0,165,-26" /><INIT seed="3,0,0,4,5,70" ten="386,137,338,139" oya="3" hai0="74,85,128,15,67,55,76,56,31,78,44,1,93" hai1="118,29,32,104,47,52,20,92,126,35,64,123,37" hai2="58,120,105,27,98,5,73,110,75,25,132,79,26" hai3="101,17,125,34,40,4,88,16,109,90,13,111,39"/><W107/><G125/><T114/><D1/><U54/><E104/><V21/><F110/><N who="3" m="41995" /><G34/><T49/><D74/><U59/><E123/><V8/><F132/><W135/><G135/><T66/><D128/><U28/><E126/><V115/><F115/><W69/><G69/><T23/><D114/><U24/><E118/><V33/><F33/><W131/><G131/><T130/><D130/><U62/><E35/><V43/><F43/><W14/><G4/><T18/><D31/><N who="1" m="17799" /><E32/><V2/><F120/><W51/><G51/><N who="0" m="30847" /><D93/><U129/><E129/><V36/><F105/><W99/><G40/><N who="0" m="24711" /><D85/><U100/><E37/><V80/><F75/><W60/><G60/><T9/><D23/><U7/><E7/><V119/><F36/><W87/><G39/><T94/><D94/><U6/><E6/><V22/><F119/><W117/><G117/><T45/><D45/><U86/><E47/><V84/><F73/><W53/><G53/><N who="1" m="20586" /><E86/><V0/><F0/><W102/><G87/><T113/><D113/><U127/><E127/><V38/><F38/><W46/><G46/><T65/><AGARI ba="0,0" hai="9,15,18,65,66,67,76,78" m="24711,30847" machi="65" ten="30,1100,0" yaku="8,1" doraHai="70" who="0" fromWho="0" sc="386,11,137,-3,338,-3,139,-5" /><INIT seed="4,0,0,2,5,72" ten="397,134,335,134" oya="0" hai0="97,59,47,6,31,64,9,84,58,96,12,116,68" hai1="80,50,110,113,25,133,108,94,126,85,92,46,15" hai2="41,127,21,105,3,5,17,99,98,128,30,35,114" hai3="62,16,115,81,20,91,95,19,124,39,26,27,74"/><T69/><D116/><U109/><E133/><V121/><F121/><W63/><G115/><T34/><D34/><U40/><E126/><V1/><F114/><W37/><G124/><T67/><D31/><U102/><E113/><V11/><F128/><W51/><G51/><T48/><D69/><U129/><E129/><V119/><F119/><W77/><G39/><T24/><D24/><U70/><E70/><V36/><F127/><W82/><G82/><T120/><D120/><U23/><E102/><V65/><F65/><N who="0" m="25162" /><D68/><U55/><E55/><V45/><F3/><W8/><G37/><T78/><D59/><U2/><E2/><V57/><F57/><W76/><G76/><T79/><D58/><U28/><REACH who="1" step="1"/><E15/><REACH who="1" ten="397,124,335,134" step="2"/><N who="2" m="9407" /><F105/><W18/><G8/><T29/><D12/><U44/><E44/><V66/><F66/><W93/><G93/><T60/><D47/><U32/><E32/><V56/><F56/><W132/><G132/><T49/><D9/><U83/><E83/><V134/><F134/><W103/><G103/><T118/><D118/><U52/><E52/><V111/><F111/><W4/><G63/><T88/><D60/><U10/><E10/><V71/><F71/><W125/><G62/><T107/><D107/><U117/><E117/><V130/><F130/><W22/><G125/><T135/><D135/><U106/><E106/><V7/><F7/><W13/><G4/><T43/><D6/><U75/><E75/><V33/><F33/><W123/><G13/><T89/><D43/><U38/><E38/><V86/><F35/><W14/><G123/><T54/><D54/><RYUUKYOKU ba="0,1" sc="397,-10,124,30,335,-10,134,-10" hai1="23,25,28,40,46,50,80,85,92,94,108,109,110" /><INIT seed="5,1,1,4,3,37" ten="387,154,325,124" oya="1" hai0="117,108,30,129,3,55,130,45,50,121,49,18,57" hai1="132,13,106,105,89,111,63,77,31,103,70,109,92" hai2="29,36,86,9,58,53,6,7,46,1,104,23,75" hai3="11,133,19,28,56,62,26,47,118,74,114,93,97"/><U78/><E31/><V115/><F104/><W65/><G74/><T40/><D108/><N who="1" m="41547" /><E70/><V81/><F7/><W125/><G118/><T38/><D117/><U42/><E63/><V27/><F115/><W68/><G114/><T71/><D3/><U64/><E64/><V14/><F75/><W16/><G133/><T52/><D30/><U22/><E22/><V66/><F66/><W33/><G125/><T25/><D71/><U83/><E13/><V35/><F46/><W99/><G99/><T12/><D25/><U60/><E60/><V15/><F36/><W20/><G68/><T84/><D121/><U0/><E0/><V123/><F123/><W24/><G11/><T61/><D84/><N who="1" m="52263" /><E132/><V2/><F2/><W120/><G120/><T88/><D61/><U79/><E42/><V131/><F131/><W96/><G19/><T73/><D18/><U122/><E122/><V76/><F35/><W100/><G93/><T102/><D129/><U94/><E94/><V4/><F4/><W126/><G100/><T39/><D130/><U90/><E103/><V85/><F85/><AGARI ba="1,1" hai="77,78,79,83,85,90,105,106" m="52263,41547" machi="85" ten="30,5800,0" yaku="10,1,34,2" doraHai="37" who="1" fromWho="2" sc="387,0,154,71,325,-61,124,0" /><INIT seed="5,2,0,3,4,69" ten="387,225,264,124" oya="1" hai0="104,24,6,48,47,128,124,65,0,80,79,13,12" hai1="76,9,18,34,35,133,67,117,132,86,91,99,112" hai2="111,82,78,23,4,60,103,44,94,97,68,43,61" hai3="36,84,55,122,125,81,28,49,66,30,120,29,27"/><U32/><E117/><V45/><F111/><W131/><G131/><T83/><D104/><U116/><E116/><V41/><F4/><W101/><G125/><T33/><D0/><U17/><E67/><V74/><F68/><W92/><G66/><T7/><D65/><U58/><E58/><V110/><F110/><W3/><G3/><T75/><D124/><U1/><E76/><V107/><F23/><W59/><G27/><T2/><D128/><U20/><E99/><V90/><F44/><W64/><G64/><T72/><D33/><U87/><E112/><V52/><F43/><W42/><G92/><T51/><D24/><U40/><E40/><V129/><F129/><W98/><G98/><T77/><D2/><U73/><E73/><V21/><F21/><W126/><G101/><T108/><D108/><U46/><E46/><AGARI ba="2,0" hai="6,7,12,13,46,47,48,51,72,75,77,79,80,83" machi="46" ten="25,1600,0" yaku="22,2" doraHai="69" who="0" fromWho="1" sc="387,22,225,-22,264,0,124,0" /><INIT seed="6,0,0,0,1,60" ten="409,203,264,124" oya="2" hai0="25,5,0,116,125,48,74,42,90,100,124,49,127" hai1="70,91,51,27,50,53,107,109,96,121,55,126,134" hai2="24,35,58,130,88,101,22,94,86,18,19,20,133" hai3="8,111,115,12,113,31,45,63,40,61,46,43,17"/><V13/><F130/><W114/><G31/><T95/><D116/><U36/><E109/><V73/><F133/><W57/><G111/><T7/><D74/><U14/><E36/><V129/><F129/><W21/><G21/><T122/><D122/><U110/><E110/><V37/><F37/><W97/><G97/><N who="0" m="59455" /><D25/><U75/><E75/><V128/><F128/><W9/><G9/><N who="0" m="2215" /><D7/><U28/><E134/><V26/><F73/><W108/><G108/><T85/><D42/><N who="3" m="15913" /><G63/><T82/><AGARI ba="0,0" hai="48,49,82,85,90,124,125,127" m="2215,59455" machi="82" ten="30,1100,0" yaku="18,1" doraHai="60" who="0" fromWho="0" sc="409,11,203,-3,264,-5,124,-3" /><INIT seed="7,0,0,2,0,1" ten="420,200,259,121" oya="3" hai0="118,133,37,75,15,29,39,47,73,86,80,27,33" hai1="83,32,122,92,81,72,100,99,26,23,53,31,67" hai2="94,115,76,96,95,68,79,60,97,59,131,103,65" hai3="24,50,11,55,113,42,25,34,82,88,10,127,54"/><W3/><G113/><T18/><D118/><U21/><E122/><V56/><F131/><W108/><G108/><T117/><D117/><U78/><E81/><V16/><F115/><W129/><G129/><T36/><D133/><U48/><E67/><V7/><F7/><W111/><G111/><T38/><D38/><U116/><E116/><V62/><F16/><W126/><G42/><T46/><D75/><U6/><E6/><V64/><F68/><W106/><G106/><T5/><D73/><U102/><E102/><AGARI ba="0,0" hai="56,59,60,62,64,65,76,79,94,95,96,97,102,103" machi="102" ten="30,8000,1" yaku="7,1,32,3,8,1" doraHai="1" who="2" fromWho="1" sc="420,0,200,-80,259,80,121,0" owari="420,52.0,120,-38.0,339,14.0,121,-28.0" /></mjloggm>