<mjloggm ver="2.3"><GO type="169" lobby="0"/><UN n0="%E7%9C%9F%E3%81%A3%E5%90%91%E5%8B%9D%E8%B2%A0" n1="%E3%83%A1%E3%82%AB%E3%82%BC%E3%83%83%E3%83%88%E3%83%B3" n2="%35%79%61" n3="%E3%82%A6%E3%83%AB%E3%83%88%E3%83%A9%E7%AB%8B%E7%9B%B4" dan="17,17,16,17" rate="2155.06,2186.23,2028.48,2147.13" sx="F,M,M,M"/><TAIKYOKU oya="0"/><INIT seed="0,0,0,5,3,117" ten="250,250,250,250" oya="0" hai0="9,92,95,112,49,75,98,1,135,115,99,128,57" hai1="130,8,52,35,123,107,18,20,76,73,37,84,61" hai2="36,32,12,2,79,28,124,67,109,65,39,83,103" hai3="56,121,11,7,10,93,38,96,44,116,31,100,13"/><T29/><D75/><U134/><E35/><V94/><F2/><W66/><G116/><T69/><D69/><U89/><E37/><V110/><F124/><W19/><G38/><N who="2" m="14377" /><F32/><W26/><G44/><T108/><D29/><U105/><E8/><V16/><F28/><W125/><G125/><T41/><D9/><U23/><E23/><N who="2" m="11655" /><F94/><W22/><G121/><T111/><D1/><U131/><E123/><V87/><F103/><W64/><REACH who="3" step="1"/><G56/><REACH who="3" ten="250,250,250,240" step="2"/><T14/><D57/><N who="1" m="34983" /><E131/><V127/><F127/><W43/><G43/><T30/><D41/><U120/><E130/><V101/><F101/><W118/><G118/><T81/><D128/><U122/><E120/><V6/><F110/><W54/><G54/><T88/><D111/><U53/><E122/><V17/><F109/><W70/><G70/><T58/><D108/><U129/><E53/><V0/><F67/><W72/><G72/><T48/><D58/><U82/><E73/><V106/><F65/><W119/><G119/><T60/><D115/><U15/><E129/><V5/><F6/><W77/><G77/><T27/><D112/><U85/><E76/><V113/><F5/><W86/><G86/><T102/><D102/><U91/><E84/><V21/><F87/><W63/><G63/><T132/><D60/><U90/><E85/><V80/><F79/><W47/><G47/><T51/><D51/><U126/><E126/><V97/><F113/><W71/><G71/><T78/><D48/><U74/><E74/><V4/><F4/><W40/><G40/><T3/><D49/><U42/><E42/><V68/><F68/><RYUUKYOKU ba="0,1" sc="250,-10,250,-10,250,-10,240,30" hai3="7,10,11,13,19,22,26,31,64,66,93,96,100" /><INIT seed="1,1,1,4,2,12" ten="240,240,240,270" oya="1" hai0="0,73,4,31,1,118,88,39,6,126,86,69,7" hai1="108,106,116,29,113,34,76,16,59,130,27,53,36" hai2="95,64,37,93,111,96,134,84,104,55,72,62,3" hai3="49,112,38,15,20,24,19,26,132,78,9,127,46"/><U125/><E113/><V90/><F3/><W60/><G112/><T121/><D73/><U33/><E116/><V63/><F111/><W135/><G38/><T48/><D39/><U120/><E120/><V98/><F134/><N who="3" m="51243" /><G127/><T8/><D69/><U61/><E125/><V100/><F37/><W103/><G78/><T23/><D118/><U67/><E34/><V28/><F72/><W91/><G103/><T79/><D79/><U25/><E106/><V10/><F10/><W56/><G91/><T13/><D0/><U102/><E102/><V70/><F28/><W99/><G99/><T52/><D1/><U119/><E119/><V128/><F128/><W30/><G26/><N who="0" m="16863" /><D121/><U124/><E124/><V71/><F55/><N who="3" m="31855" /><G60/><T42/><D42/><U77/><E130/><V58/><REACH who="2" step="1"/><F63/><REACH who="2" ten="240,240,230,270" step="2"/><W22/><G46/><N who="0" m="27671" /><D126/><U21/><E108/><V45/><F45/><W44/><G44/><T32/><D32/><AGARI ba="1,2" hai="9,15,19,20,22,24,30,32" m="31855,51243" machi="32" ten="30,2000,0" yaku="20,1,52,1" doraHai="12" who="3" fromWho="0" sc="240,-23,240,0,230,0,270,43" /><INIT seed="2,0,0,0,5,18" ten="217,240,230,313" oya="2" hai0="21,78,39,14,9,122,22,52,119,10,108,50,16" hai1="49,81,105,104,45,54,80,112,87,28,111,61,121" hai2="102,30,15,124,96,133,44,43,33,84,42,110,25" hai3="60,127,24,41,114,106,123,23,56,128,115,67,62"/><V13/><F110/><W69/><G106/><T100/><D122/><U6/><E111/><V70/><F133/><W26/><G123/><T129/><D39/><U132/><E112/><N who="3" m="43050" /><G26/><T98/><D108/><U19/><E121/><V90/><F124/><W46/><G127/><T68/><D68/><U11/><E28/><V74/><F74/><W66/><G128/><T71/><D71/><U134/><E19/><V8/><F70/><W73/><G73/><T118/><D78/><U47/><E61/><V0/><F0/><W17/><G46/><N who="0" m="27735" /><D9/><U32/><E47/><V75/><F75/><W91/><G91/><T126/><D129/><U3/><E32/><V29/><F29/><W72/><G72/><T120/><D120/><U53/><E53/><V38/><F43/><AGARI ba="0,0" hai="17,23,24,41,43,56,60,62,66,67,69" m="43050" machi="43" ten="30,2000,0" yaku="11,1,52,1" doraHai="18" who="3" fromWho="2" sc="217,0,240,0,230,-20,313,20" /><INIT seed="3,0,0,4,1,21" ten="217,240,210,333" oya="3" hai0="12,4,14,130,66,62,82,101,39,34,32,76,81" hai1="105,98,120,74,92,84,133,129,94,71,123,47,77" hai2="116,114,107,31,69,125,52,22,75,104,10,16,41" hai3="26,40,43,20,13,54,87,122,135,73,18,6,35"/><W8/><G73/><T36/><D101/><N who="1" m="62647" /><E71/><V93/><F114/><W57/><G122/><N who="1" m="46634" /><E47/><V117/><F75/><W121/><G121/><T61/><D130/><U17/><E17/><V100/><F125/><W91/><G135/><T119/><D119/><U2/><E2/><V23/><F69/><W25/><G25/><T58/><D76/><U131/><E133/><V134/><F134/><W55/><G35/><T96/><D96/><U83/><E92/><V42/><F31/><W79/><G79/><T80/><D80/><U97/><E74/><V7/><F93/><W112/><G112/><T50/><D58/><U11/><E11/><V86/><F10/><W48/><G55/><T103/><D50/><U59/><E59/><V28/><F28/><W51/><G48/><T132/><D132/><U113/><E113/><V95/><F95/><AGARI ba="0,0" hai="6,8,13,18,20,26,40,43,51,54,57,87,91,95" machi="95" ten="30,5800,0" yaku="7,1,8,1,52,1" doraHai="21" who="3" fromWho="2" sc="217,0,240,0,210,-58,333,58" /><INIT seed="3,1,0,1,0,124" ten="217,240,152,391" oya="3" hai0="76,64,90,51,15,77,56,63,128,40,32,7,34" hai1="14,45,18,102,31,132,117,13,46,72,129,92,36" hai2="98,28,111,75,131,37,65,88,4,35,93,16,106" hai3="130,53,48,100,74,89,115,134,113,97,71,67,0"/><W70/><G0/><T105/><D105/><U120/><E72/><V112/><F112/><W103/><G74/><T20/><D32/><U44/><E120/><V5/><F75/><W110/><G89/><T25/><D34/><U59/><E132/><V58/><F37/><W125/><G100/><T9/><D128/><U26/><E129/><V78/><F131/><W24/><G24/><T114/><D114/><U42/><E59/><V109/><F78/><W29/><G29/><T39/><D39/><U8/><E13/><V6/><F106/><W23/><G23/><T12/><D12/><U21/><E117/><V127/><F127/><W87/><G87/><T30/><D40/><U61/><E61/><N who="2" m="38071" /><F35/><W49/><G130/><T38/><D38/><U2/><E2/><V119/><F119/><W135/><G125/><T73/><D73/><U17/><E31/><V41/><F41/><W3/><G3/><T69/><D69/><U121/><E121/><V62/><F28/><W118/><G118/><T60/><D60/><U10/><E10/><V96/><F62/><W1/><G1/><T91/><D51/><U104/><E104/><V99/><F111/><W85/><G49/><T47/><D47/><U95/><E102/><V116/><F109/><W55/><G110/><T123/><D123/><U68/><E68/><V79/><F79/><AGARI ba="1,0" hai="7,9,15,20,25,30,56,63,64,76,77,79,90,91" machi="79" ten="40,1300,0" yaku="8,1" doraHai="124" who="0" fromWho="2" sc="217,16,240,0,152,-16,391,0" /><INIT seed="4,0,0,4,3,26" ten="233,240,136,391" oya="0" hai0="25,57,10,46,24,49,114,42,113,45,59,126,119" hai1="0,27,7,118,89,130,95,21,72,37,71,36,75" hai2="60,84,47,11,20,128,44,80,29,56,115,99,28" hai3="54,77,73,55,69,124,38,12,17,4,14,129,61"/><T66/><D119/><U32/><E32/><V58/><F115/><W74/><G38/><T19/><D126/><U51/><E71/><V127/><F127/><W125/><G61/><T104/><D104/><U94/><E118/><V76/><F128/><W134/><G17/><T131/><D131/><U50/><E130/><V39/><F39/><W117/><G129/><T102/><D102/><U16/><E36/><V30/><F20/><W9/><G9/><T82/><D66/><U18/><E37/><V81/><F11/><W93/><G93/><T79/><D45/><N who="2" m="17482" /><F81/><W92/><G92/><T98/><D10/><U15/><E7/><V5/><F5/><W87/><G4/><T121/><D82/><U67/><E67/><N who="2" m="39303" /><F58/><W64/><G64/><T101/><D57/><U91/><E0/><V48/><F48/><W22/><G69/><T107/><D59/><U53/><E75/><V8/><F8/><W13/><G74/><T85/><D49/><U6/><E6/><V2/><F2/><W70/><G73/><T68/><D113/><U108/><E72/><V106/><F106/><W103/><G70/><T120/><D107/><U97/><E108/><V62/><F62/><W43/><G117/><T100/><D114/><U40/><E40/><V110/><F110/><W116/><G43/><T78/><D42/><U33/><E33/><V132/><F132/><W122/><G134/><T133/><D133/><U65/><E65/><V88/><F99/><W34/><G116/><T96/><D96/><N who="1" m="57423" /><E53/><V35/><F35/><W83/><G125/><T23/><D68/><U3/><E3/><RYUUKYOKU ba="0,0" sc="233,-15,240,15,136,15,391,-15" hai1="15,16,18,21,27,50,51,91,95,97" hai2="28,29,30,76,80,84,88" /><INIT seed="5,1,0,5,5,128" ten="218,255,151,376" oya="1" hai0="71,118,42,97,87,36,26,38,33,66,61,60,95" hai1="92,81,105,55,109,23,69,100,86,94,80,7,123" hai2="44,67,96,6,133,79,116,13,0,108,39,3,29" hai3="19,78,17,129,8,121,5,45,74,75,107,11,83"/><U31/><E69/><V58/><F116/><W18/><G121/><T85/><D118/><U16/><E31/><V82/><F108/><W64/><G107/><T115/><D61/><U65/><E65/><V14/><F29/><W57/><G129/><T120/><D115/><U30/><E30/><V43/><F96/><W10/><G75/><T106/><D120/><U48/><E123/><V27/><F27/><W40/><G57/><T88/><D42/><U51/><E7/><V101/><F101/><W47/><G64/><T50/><D50/><U84/><E105/><V52/><F67/><W63/><G63/><T110/><D85/><N who="1" m="32875" /><E109/><V21/><F133/><W24/><G24/><T20/><D110/><U93/><E51/><V122/><F122/><W53/><G53/><T127/><D33/><U98/><E98/><V114/><F114/><W46/><REACH who="3" step="1"/><G40/><REACH who="3" ten="218,255,151,366" step="2"/><T41/><D41/><U125/><E125/><V89/><F52/><W135/><G135/><T15/><D127/><U32/><E32/><V28/><F58/><W1/><AGARI ba="1,1" hai="1,5,8,10,11,17,18,19,45,46,47,74,78,83" machi="1" ten="30,2000,0" yaku="1,1,0,1,53,0" doraHai="128" doraHaiUra="9" who="3" fromWho="3" sc="218,-6,255,-11,151,-6,366,33" /><INIT seed="6,0,0,4,3,83" ten="212,244,145,399" oya="2" hai0="62,135,100,58,116,123,117,104,40,43,13,61,37" hai1="50,19,24,106,9,95,36,10,108,39,25,3,12" hai2="48,121,32,76,80,7,111,101,14,99,54,60,1" hai3="42,47,105,64,16,15,38,127,75,8,114,132,131"/><V20/><F121/><W49/><G105/><T120/><D135/><U130/><E108/><V89/><F32/><W57/><G75/><T118/><D13/><U66/><E106/><V73/><F111/><W52/><G132/><T97/><D61/><U122/><E122/><N who="0" m="46633" /><D37/><U126/><E66/><AGARI ba="0,0" hai="40,43,58,62,66,97,100,104,116,117,118" m="46633" machi="66" ten="40,1300,0" yaku="12,1" doraHai="83" who="0" fromWho="1" sc="212,13,244,-13,145,0,399,0" /><INIT seed="7,0,0,0,2,12" ten="225,231,145,399" oya="3" hai0="34,7,95,19,132,50,113,119,37,131,128,100,52" hai1="33,3,85,48,49,30,11,97,10,118,32,91,130" hai2="94,35,36,83,56,45,87,57,127,108,133,109,55" hai3="53,20,111,75,42,121,64,40,99,134,98,104,72"/><W15/><G64/><T67/><D37/><U38/><E38/><V89/><F133/><W58/><G15/><T74/><D74/><U117/><E97/><V110/><F127/><W1/><G20/><T106/><D34/><N who="1" m="13419" /><E30/><V0/><F35/><W17/><G58/><T44/><D113/><U13/><E3/><V135/><F135/><W60/><G53/><T2/><D119/><N who="1" m="45579" /><E130/><V23/><F0/><W116/><G1/><T29/><D95/><N who="1" m="54767" /><E11/><V22/><F83/><W65/><G60/><T92/><D19/><AGARI ba="0,0" hai="10,13,19,48,49" m="54767,45579,13419" machi="19" ten="30,2000,0" yaku="12,1,52,1" doraHai="12" who="1" fromWho="0" sc="225,-20,231,20,145,0,399,0" owari="205,-19.0,251,5.0,145,-35.0,399,49.0" /></mjloggm>