<mjloggm ver="2.3"><GO type="169" lobby="0"/><UN n0="%E3%83%88%E3%83%88%E3%83%AA%E5%85%88%E7%94%9F%31%39%E6%AD%B3" n1="%E5%91%89%E5%AF%8C%E6%98%A5" n2="%67%69%6A%79%75%74%75" n3="%30%30%73%61%69" dan="18,16,17,17" rate="2188.70,2139.05,2205.29,2097.09" sx="F,M,M,M"/><TAIKYOKU oya="0"/><INIT seed="0,0,0,0,2,18" ten="250,250,250,250" oya="0" hai0="10,32,134,101,114,68,43,63,88,24,130,74,80" hai1="83,98,5,95,59,76,7,128,89,3,133,54,29" hai2="65,26,40,118,125,85,81,57,1,102,90,4,16" hai3="110,2,79,12,122,9,97,72,34,51,135,69,117"/><T92/><D114/><U132/><E128/><V20/><F125/><W93/><G117/><T0/><D130/><U116/><E116/><V115/><F118/><W99/><G69/><T94/><D134/><N who="1" m="51819" /><E29/><V14/><F115/><W87/><G34/><T106/><D43/><U36/><E36/><V73/><F1/><W108/><G2/><T58/><D68/><U44/><E44/><V28/><F73/><W113/><G113/><T121/><D121/><U67/><E67/><V33/><F4/><W104/><G104/><T8/><D0/><U42/><E42/><V77/><F102/><W60/><G60/><T56/><D106/><U123/><E3/><V91/><REACH who="2" step="1"/><F40/><REACH who="2" ten="250,250,240,250" step="2"/><W39/><G135/><T41/><D41/><U46/><E123/><V22/><F22/><W111/><G122/><T55/><D101/><U129/><E129/><V61/><AGARI ba="0,1" hai="14,16,20,26,28,33,57,61,65,77,81,85,90,91" machi="61" ten="30,7900,0" yaku="1,1,0,1,52,1,54,1,53,0" doraHai="18" doraHaiUra="105" who="2" fromWho="2" sc="250,-39,250,-20,240,89,250,-20" /><INIT seed="1,0,0,2,1,12" ten="211,230,329,230" oya="1" hai0="41,24,126,120,100,135,114,87,115,116,38,131,94" hai1="84,118,103,1,78,91,133,29,101,119,14,71,13" hai2="107,59,65,132,22,95,30,73,64,70,113,62,50" hai3="48,96,106,56,69,26,66,40,75,57,0,53,3"/><U83/><E1/><V37/><F107/><W6/><G75/><T4/><D4/><U28/><E71/><V60/><F73/><W16/><G6/><T89/><D41/><U111/><E133/><V92/><F37/><W46/><G57/><T51/><D38/><U134/><E111/><V32/><F32/><W68/><G68/><T2/><D2/><U86/><E134/><V77/><F77/><W44/><G44/><T33/><D51/><U99/><E118/><V8/><F132/><W58/><G58/><T124/><D24/><U117/><E119/><V10/><F113/><N who="0" m="43018" /><D33/><U39/><E39/><V45/><F30/><N who="1" m="11881" /><E99/><V43/><F22/><N who="3" m="13639" /><G96/><N who="0" m="59415" /><D131/><U21/><E117/><V63/><F63/><N who="3" m="40159" /><G106/><T130/><D130/><U97/><E97/><V74/><F74/><W129/><G129/><T110/><D135/><U49/><E49/><V18/><F70/><W55/><G55/><T5/><D5/><U112/><E112/><V27/><F62/><W102/><G102/><N who="1" m="38922" /><E21/><N who="2" m="13751" /><F65/><W88/><G3/><T125/><D116/><U9/><E9/><AGARI ba="0,0" hai="8,9,10,43,45,50,59,60,64,92,95" m="13751" machi="9" ten="30,2000,0" yaku="8,1,52,1" doraHai="12" who="2" fromWho="1" sc="211,0,230,-20,329,20,230,0" /><INIT seed="2,0,0,0,5,40" ten="211,210,349,230" oya="2" hai0="55,38,105,25,4,74,34,1,58,84,36,30,26" hai1="0,81,82,90,18,70,108,99,60,83,14,127,68" hai2="109,135,8,103,19,21,113,79,92,5,29,6,24" hai3="133,86,75,111,17,46,87,129,65,33,134,12,3"/><V85/><F113/><W48/><G3/><T102/><D74/><U67/><E0/><V100/><F135/><N who="3" m="51723" /><G111/><T53/><D53/><U35/><E108/><V16/><F109/><W47/><G33/><T104/><D26/><U31/><E127/><V77/><F29/><W97/><G129/><T72/><D72/><U131/><E70/><V44/><F85/><N who="3" m="32267" /><G48/><T52/><D55/><U125/><E125/><V57/><F57/><W101/><G65/><T7/><D84/><U59/><E131/><V122/><F122/><W78/><G78/><T63/><D102/><U126/><E59/><V11/><F24/><W88/><G75/><T117/><D117/><U93/><E126/><V106/><F21/><N who="3" m="11431" /><G88/><T123/><D123/><U9/><E31/><V13/><F13/><W15/><G15/><T69/><D69/><U130/><REACH who="1" step="1"/><E130/><REACH who="1" ten="211,200,349,230" step="2"/><V20/><F106/><AGARI ba="0,1" hai="46,47,97,101,106" m="11431,32267,51723" machi="106" ten="30,3900,0" yaku="20,1,52,2" doraHai="40" who="3" fromWho="2" sc="211,0,200,0,349,-39,230,49" /><INIT seed="3,0,0,5,2,87" ten="211,200,310,279" oya="3" hai0="15,31,36,33,62,68,21,56,65,102,111,55,92" hai1="88,69,79,23,66,89,4,44,110,70,77,47,101" hai2="123,37,40,86,114,7,130,132,129,27,98,126,109" hai3="105,81,58,121,43,120,71,49,131,1,96,73,80"/><W20/><G71/><T85/><D111/><U128/><E110/><V103/><F109/><W57/><G1/><T22/><D36/><U19/><E4/><V67/><F67/><W53/><G131/><T91/><D102/><U42/><E128/><N who="2" m="49259" /><F114/><W25/><G43/><T35/><D31/><U50/><E101/><V0/><F126/><W116/><G116/><T32/><REACH who="0" step="1"/><D15/><REACH who="0" ten="201,200,310,279" step="2"/><N who="1" m="9727" /><E70/><V124/><F103/><W76/><G120/><T59/><D59/><U2/><E69/><V60/><F37/><W83/><G58/><T104/><D104/><U112/><E2/><V6/><F0/><W95/><G105/><T90/><D90/><N who="1" m="34923" /><E112/><V39/><F39/><W100/><G121/><T108/><D108/><U46/><E66/><V134/><F123/><W135/><G135/><T52/><D52/><N who="1" m="29767" /><E47/><V30/><F134/><W107/><G107/><T94/><D94/><U51/><AGARI ba="0,1" hai="42,46,51,77,79" m="29767,34923,9727" machi="51" ten="30,12000,2" yaku="8,1,52,3,54,2" doraHai="87" who="1" fromWho="1" sc="201,-30,200,130,310,-30,279,-60" /><INIT seed="4,0,0,4,4,100" ten="171,330,280,219" oya="0" hai0="45,37,46,17,114,127,131,57,135,49,13,48,106" hai1="27,86,90,63,85,60,111,5,105,39,78,20,69" hai2="104,4,6,92,58,101,62,79,119,125,43,81,47" hai3="65,21,72,98,42,9,52,123,130,55,14,82,97"/><T8/><D114/><U93/><E111/><V112/><F112/><W38/><G65/><T18/><D131/><U133/><E133/><V107/><F92/><W116/><G116/><T61/><D135/><U32/><E39/><V33/><F33/><W128/><G21/><T89/><D127/><U40/><E40/><V113/><F113/><W134/><G134/><T22/><D106/><U77/><E5/><V10/><F101/><W129/><G123/><T110/><D110/><U103/><E85/><V80/><F119/><W26/><G26/><T1/><D1/><U3/><E63/><V51/><F125/><W96/><G42/><T66/><D37/><U102/><E102/><V50/><F50/><N who="0" m="19562" /><D89/><U0/><E0/><V59/><F4/><N who="3" m="3367" /><G38/><T67/><D67/><N who="1" m="41191" /><E20/><V29/><F29/><W124/><G124/><T16/><D17/><U108/><E3/><V41/><F41/><W91/><G91/><T126/><D126/><U31/><E108/><V30/><F30/><W94/><G94/><T24/><AGARI ba="0,0" hai="8,13,16,18,22,24,45,46,57,61,66" m="19562" machi="24" ten="30,3000,0" yaku="8,1,54,1" doraHai="100" who="0" fromWho="0" sc="171,30,330,-10,280,-10,219,-10" /><INIT seed="4,1,0,3,0,111" ten="201,320,270,209" oya="0" hai0="131,12,78,90,33,15,95,22,81,7,133,93,115" hai1="16,76,47,60,113,56,63,102,104,88,97,128,100" hai2="54,109,124,116,35,10,59,50,36,58,48,8,98" hai3="82,25,107,123,122,119,80,40,79,92,18,73,45"/><T83/><D33/><U42/><E76/><V85/><F36/><W0/><G0/><T74/><D131/><U120/><E128/><V129/><F35/><W49/><G107/><T103/><D133/><U77/><E77/><V24/><F109/><W19/><G119/><T55/><D7/><U135/><E120/><N who="3" m="46122" /><G82/><T4/><D4/><U106/><E135/><V5/><F24/><W71/><G71/><T70/><D70/><U112/><E16/><N who="3" m="6186" /><G92/><T61/><D83/><U3/><E3/><V52/><F116/><W30/><G30/><T32/><D93/><N who="1" m="56487" /><E104/><V118/><F118/><W67/><G67/><T105/><D105/><U110/><E106/><V91/><F129/><W39/><G25/><T134/><D134/><U68/><E68/><V108/><F108/><W44/><G44/><T87/><D95/><U51/><E110/><V69/><F69/><W126/><G126/><T6/><D81/><U66/><E63/><V114/><F124/><W14/><G14/><T75/><D12/><U125/><E125/><V11/><F98/><W64/><G64/><T31/><D61/><U43/><E43/><V99/><F99/><W29/><G29/><T101/><D31/><U94/><E94/><V27/><F27/><W26/><G26/><T132/><D15/><U1/><E1/><V2/><F2/><W28/><G28/><T13/><D13/><U121/><E121/><V38/><F5/><W62/><G62/><T53/><D6/><U72/><E72/><V46/><F46/><W127/><G127/><T84/><D132/><U57/><E57/><V89/><F59/><RYUUKYOKU ba="1,0" sc="201,-15,320,15,270,-15,209,15" hai1="42,47,51,56,60,66,100,102,112,113" hai3="39,40,45,49,73,79,80" /><INIT seed="5,2,0,3,5,52" ten="186,335,255,224" oya="1" hai0="107,70,50,21,58,35,53,63,27,42,78,112,73" hai1="81,15,28,82,133,76,80,44,10,32,88,51,6" hai2="49,75,0,41,12,97,25,68,65,120,36,4,134" hai3="93,14,64,92,9,31,59,128,108,55,13,110,90"/><U2/><E133/><V84/><F49/><W124/><G128/><T114/><D107/><U113/><E113/><N who="0" m="43625" /><D35/><U54/><E15/><V37/><F84/><W123/><G123/><T111/><D111/><U72/><REACH who="1" step="1"/><E88/><REACH who="1" ten="186,325,255,224" step="2"/><V16/><F12/><W46/><G110/><T60/><D70/><U96/><E96/><V1/><F97/><W71/><G71/><T22/><D22/><U130/><E130/><V47/><F68/><W26/><G108/><T118/><D118/><U8/><E8/><V105/><F134/><W3/><G9/><T34/><D34/><U45/><E45/><V11/><F47/><W91/><G46/><T40/><D40/><U127/><E127/><V38/><F41/><W101/><G124/><T61/><D42/><U17/><E17/><V109/><F16/><W125/><G125/><T102/><D102/><U85/><E85/><V77/><F11/><W106/><G101/><T62/><N who="0" m="15360" /><DORA hai="86" /><T99/><D99/><U69/><E69/><V56/><F109/><W83/><G91/><T116/><D116/><U30/><E30/><V74/><F74/><W87/><G90/><T132/><D132/><U24/><AGARI ba="2,1" hai="2,6,10,24,28,32,44,51,54,72,76,80,81,82" machi="24" ten="30,6000,0" yaku="1,1,0,1,53,1" doraHai="52,86" doraHaiUra="104,100" who="1" fromWho="1" sc="186,-22,325,76,255,-22,224,-22" /><INIT seed="5,3,0,1,0,121" ten="164,401,233,202" oya="1" hai0="57,18,106,95,11,69,78,3,41,8,56,39,38" hai1="44,66,108,80,65,113,93,43,74,104,90,123,40" hai2="122,22,61,4,133,85,134,47,36,52,116,115,51" hai3="5,19,77,10,117,27,70,25,35,120,118,92,2"/><U107/><E123/><V59/><F122/><W129/><G120/><T112/><D106/><U124/><E113/><V102/><F4/><W6/><G70/><T29/><D69/><U83/><E124/><V73/><F73/><W72/><G72/><T63/><D112/><U89/><E44/><V130/><F115/><W103/><G77/><T13/><D29/><U67/><E74/><V98/><F116/><N who="3" m="44651" /><G129/><T114/><D114/><U109/><E67/><V71/><F130/><W46/><G46/><T37/><D78/><U101/><REACH who="1" step="1"/><E93/><REACH who="1" ten="164,391,233,202" step="2"/><V96/><F47/><W7/><G92/><T97/><D41/><U55/><E55/><V131/><F52/><W110/><G2/><T34/><D95/><U9/><E9/><V62/><F131/><W42/><G10/><T58/><D11/><U88/><E88/><V24/><F134/><W54/><G54/><T31/><D3/><U87/><E87/><V49/><F85/><W79/><G42/><T126/><D126/><U1/><E1/><V100/><F133/><W82/><G79/><T15/><D97/><U53/><E53/><V132/><F98/><W28/><G103/><AGARI ba="3,1" hai="40,43,65,66,80,83,89,90,101,103,104,107,108,109" machi="103" ten="25,12000,1" yaku="1,1,22,2,52,2,53,0" doraHai="121" doraHaiUra="21" who="1" fromWho="3" sc="164,0,391,139,233,0,202,-129" /><INIT seed="5,4,0,2,3,51" ten="164,530,233,73" oya="1" hai0="30,73,88,125,87,98,57,89,23,29,0,2,92" hai1="21,40,3,104,50,55,119,37,84,132,24,105,122" hai2="114,80,42,124,22,26,130,5,106,7,45,10,8" hai3="70,66,133,71,100,11,109,123,69,74,60,20,53"/><U48/><E119/><V99/><F130/><W38/><G123/><T67/><D73/><U58/><E122/><V108/><F108/><W76/><G109/><T27/><D125/><U41/><E3/><V134/><F124/><W34/><G34/><T68/><D68/><U4/><E4/><V82/><F134/><W44/><G133/><T112/><D112/><U36/><E132/><V93/><F106/><W65/><G100/><T128/><D128/><U54/><E84/><V79/><F10/><W127/><G127/><T110/><D110/><U52/><E58/><V95/><F95/><W94/><G94/><N who="0" m="54559" /><D0/><U129/><E129/><V16/><F114/><W75/><G20/><T103/><D2/><U97/><E97/><V90/><F79/><W102/><G102/><T85/><D30/><U25/><E55/><V86/><F86/><W63/><G11/><T64/><D57/><U18/><E21/><V126/><F126/><W6/><G6/><T28/><D28/><U13/><E13/><N who="2" m="5279" /><F5/><W107/><G107/><T19/><D29/><U118/><E118/><V1/><F1/><W31/><G31/><T59/><D59/><U62/><E62/><N who="3" m="23594" /><G76/><T47/><D47/><U14/><E14/><V12/><F12/><W81/><G75/><T77/><D103/><U116/><E116/><V56/><F56/><W91/><G74/><T131/><D131/><U101/><E101/><V17/><F17/><AGARI ba="4,0" hai="17,18,24,25,36,37,40,41,48,50,52,54,104,105" machi="17" ten="25,12000,1" yaku="22,2,52,2,54,1" doraHai="51" who="1" fromWho="2" sc="164,0,530,132,233,-132,73,0" /><INIT seed="5,5,0,4,5,45" ten="164,662,101,73" oya="1" hai0="100,108,102,130,122,59,33,8,92,13,38,16,135" hai1="28,56,62,32,50,20,60,30,42,66,23,39,110" hai2="128,101,131,86,107,74,47,71,36,48,68,94,82" hai3="76,93,37,64,125,117,129,49,87,65,98,96,105"/><U95/><E110/><V55/><F36/><W25/><G37/><T73/><D73/><U1/><E1/><V3/><F3/><W115/><G115/><T120/><D108/><U5/><E5/><V21/><F107/><W70/><G129/><N who="2" m="49737" /><F74/><W31/><G125/><T90/><D130/><U6/><E6/><V41/><F41/><W54/><G117/><T119/><D119/><U46/><E95/><V9/><F9/><W35/><G105/><T43/><D33/><U88/><E88/><N who="2" m="51287" /><F21/><W116/><G116/><T121/><D135/><U85/><E85/><V113/><F113/><W19/><G19/><T111/><D111/><U114/><E114/><V84/><F84/><W14/><G14/><T34/><D34/><U83/><E83/><V104/><F104/><W118/><G118/><T77/><D77/><U132/><E132/><V18/><F18/><W112/><G112/><T89/><D43/><U91/><E91/><N who="0" m="34825" /><D38/><U123/><E123/><V26/><F26/><W126/><G76/><T24/><D92/><U97/><E97/><AGARI ba="5,0" hai="47,48,55,68,71,94,97,101" m="51287,49737" machi="97" ten="30,3900,0" yaku="19,1,52,1,54,1" doraHai="45" who="2" fromWho="1" sc="164,0,662,-54,101,54,73,0" /><INIT seed="6,0,0,1,1,70" ten="164,608,155,73" oya="2" hai0="18,77,133,7,66,17,116,15,34,41,29,71,68" hai1="86,65,10,125,114,109,13,112,2,33,44,104,126" hai2="83,4,79,59,99,25,12,42,61,100,54,93,48" hai3="45,37,27,52,21,113,58,117,64,118,122,31,19"/><V30/><F4/><W38/><G122/><T22/><D77/><U110/><E104/><V134/><F134/><W28/><G64/><T73/><D73/><U0/><E44/><V81/><F12/><W72/><G72/><T46/><D133/><U106/><E86/><V92/><F79/><W111/><G111/><N who="1" m="42506" /><E65/><V87/><F42/><W95/><G95/><T3/><D66/><U124/><E33/><V89/><REACH who="2" step="1"/><F61/><REACH who="2" ten="164,608,145,73" step="2"/><W63/><G113/><N who="1" m="43626" /><E106/><V8/><F8/><W119/><REACH who="3" step="1"/><G45/><REACH who="3" ten="164,608,145,63" step="2"/><T35/><D46/><U130/><E130/><V78/><F78/><W51/><G51/><T107/><D107/><U115/><E115/><V90/><F90/><W129/><G129/><T131/><D131/><U43/><E43/><V50/><F50/><W105/><G105/><T24/><D41/><U20/><E20/><AGARI ba="0,2" hai="20,25,30,48,54,59,81,83,87,89,92,93,99,100" machi="20" ten="30,12000,1" yaku="1,1,7,1,8,1,53,2" doraHai="70" doraHaiUra="91" who="2" fromWho="1" sc="164,0,608,-120,145,140,63,0" /><INIT seed="6,1,0,5,4,30" ten="164,488,285,63" oya="2" hai0="124,101,58,126,53,104,35,127,81,56,86,116,6" hai1="59,130,17,109,121,51,7,3,32,46,14,44,37" hai2="52,78,15,13,67,123,99,129,65,48,68,118,49" hai3="21,134,31,93,87,55,98,24,29,43,115,5,125"/><V8/><F123/><W106/><G134/><T20/><D116/><U0/><E109/><V91/><F118/><W26/><G125/><T40/><D35/><U90/><E121/><V110/><F110/><W11/><G106/><T33/><D33/><U69/><E69/><V108/><F108/><W97/><G115/><T94/><D104/><U72/><E72/><V4/><F129/><W82/><G43/><T119/><D119/><U38/><E32/><V34/><F34/><W100/><G97/><N who="0" m="59575" /><D40/><U74/><E74/><V60/><F67/><W50/><G26/><T132/><D132/><U88/><E130/><V57/><F78/><W2/><G31/><T42/><D53/><U71/><E71/><V73/><F73/><W95/><G98/><T18/><D6/><U135/><E135/><V28/><F28/><W64/><G64/><T39/><D42/><U92/><E17/><V107/><F48/><W83/><G83/><T63/><D63/><U133/><E59/><V112/><F112/><W75/><G75/><T23/><D23/><U111/><E14/><V27/><F27/><W9/><G9/><T105/><D105/><U103/><E90/><V84/><F107/><W117/><G117/><T89/><D39/><U22/><E46/><V96/><REACH who="2" step="1"/><F15/><AGARI ba="1,0" hai="15,18,20,56,58,81,86,89,124,126,127" m="59575" machi="15" ten="30,1000,0" yaku="18,1" doraHai="30" who="0" fromWho="2" sc="164,13,488,0,285,-13,63,0" /><INIT seed="7,0,0,4,0,115" ten="177,488,272,63" oya="3" hai0="59,34,60,36,133,11,30,97,130,84,70,90,62" hai1="29,94,17,41,38,63,16,99,23,26,129,124,122" hai2="48,7,28,116,135,123,57,92,54,102,93,5,78" hai3="64,109,47,128,10,67,85,20,42,121,25,107,66"/><W100/><G121/><T95/><D36/><U126/><E129/><V19/><F116/><W89/><G128/><T125/><D130/><U4/><E122/><V9/><F123/><W65/><N who="3" m="16384" /><DORA hai="80" /><W69/><G109/><T81/><D70/><U101/><E4/><V104/><F104/><W2/><G69/><T86/><D133/><U12/><E63/><V105/><F105/><W91/><G2/><T1/><D125/><N who="1" m="48235" /><E12/><V43/><F28/><W98/><G10/><T51/><D30/><U103/><E103/><V131/><F131/><W3/><G3/><T52/><D34/><U0/><E0/><V40/><F78/><W83/><G91/><N who="0" m="51599" /><D1/><U74/><E74/><V37/><F37/><W39/><G20/><T72/><D72/><U33/><E33/><V73/><F73/><W6/><REACH who="3" step="1"/><G25/><REACH who="3" ten="177,488,272,53" step="2"/><T118/><D118/><U35/><E35/><V45/><F9/><W56/><G56/><T61/><D11/><U111/><E111/><V44/><F57/><W68/><G68/><T21/><D21/><U15/><E15/><V132/><F132/><W134/><G134/><T49/><D49/><U50/><E50/><V79/><F48/><W106/><G106/><T55/><D97/><U31/><E26/><V18/><F135/><W114/><G114/><T113/><D113/><U127/><E23/><V53/><F79/><W13/><G13/><T75/><D51/><U22/><E22/><V96/><F96/><W117/><G117/><T108/><D108/><U14/><E14/><V71/><F71/><W58/><G58/><N who="0" m="34911" /><D61/><U76/><E127/><V120/><F120/><RYUUKYOKU ba="0,1" sc="177,10,488,-30,272,10,53,10" hai0="52,59,62,75,86,90,95" hai2="5,7,18,19,40,43,44,45,53,54,92,93,102" hai3="6,39,42,47,83,85,89,98,100,107" /><INIT seed="7,1,1,1,1,26" ten="187,458,282,63" oya="3" hai0="92,2,100,4,78,37,7,69,5,84,55,36,130" hai1="33,54,128,63,117,48,99,66,118,109,129,80,73" hai2="56,101,96,58,104,135,25,127,34,23,10,102,120" hai3="44,87,121,71,32,50,88,125,72,46,81,75,28"/><W77/><G121/><T14/><D2/><U133/><E133/><V112/><F34/><W119/><G119/><N who="1" m="45578" /><E109/><V20/><F135/><W51/><G71/><T21/><D69/><N who="1" m="42207" /><E33/><V67/><F120/><W82/><G125/><T95/><D130/><U110/><E110/><V62/><F127/><W57/><G75/><T98/><D36/><U3/><E3/><V27/><F102/><W65/><G65/><T47/><D37/><U108/><E108/><V15/><F112/><W97/><G97/><T18/><D78/><N who="1" m="44111" /><E99/><V64/><F104/><W6/><G6/><T74/><D74/><U39/><E39/><V103/><F103/><W93/><G81/><T59/><D47/><AGARI ba="1,1" hai="47,48,54,128,129" m="44111,42207,45578" machi="47" ten="30,1000,0" yaku="12,1" doraHai="26" who="1" fromWho="0" sc="187,-13,458,23,282,0,63,0" owari="174,-23.0,481,59.0,282,8.0,63,-44.0" /></mjloggm>