<mjloggm ver="2.3"><GO type="169" lobby="0"/><UN n0="%E5%B0%B1%E6%B4%BB%E7%94%9F%40%E5%B7%9D%E6%9D%91%E8%BB%8D%E5%9B%A3" n1="%E3%83%AD%E3%83%BC%E3%83%89%E3%82%AB%E3%83%8A%E3%83%AD%E3%82%A2" n2="%E3%81%AA%E3%82%8A%E3%81%9F%E3%81%B6%E3%82%89%E3%81%84%E3%81%82%E3%82%93" n3="%64%61%69%31%32%31%32" dan="17,16,16,17" rate="2204.79,2044.41,2025.65,2135.09" sx="M,M,M,M"/><TAIKYOKU oya="0"/><INIT seed="0,0,0,2,4,41" ten="250,250,250,250" oya="0" hai0="114,123,87,70,96,45,37,77,14,124,107,18,61" hai1="105,58,55,6,90,47,8,93,111,23,125,115,130" hai2="22,33,127,88,54,13,120,12,106,82,92,0,131" hai3="1,128,95,74,110,73,59,72,21,83,30,17,29"/><T119/><D114/><U49/><E105/><V121/><F0/><W84/><G1/><T113/><D113/><U80/><E115/><V133/><F106/><W134/><G110/><T16/><D123/><U104/><E104/><V9/><F33/><W63/><G128/><T101/><D119/><U65/><E111/><V56/><F131/><W75/><G95/><T34/><D34/><U50/><E125/><V102/><F133/><W85/><G134/><T2/><D2/><U5/><E130/><V132/><F132/><W116/><G116/><T11/><D124/><U79/><E23/><V97/><F127/><W4/><G4/><N who="1" m="1642" /><E8/><V32/><F32/><W53/><N who="3" m="18432" /><DORA hai="81" /><W108/><G108/><T67/><D37/><U86/><E65/><V42/><F22/><W76/><REACH who="3" step="1"/><G85/><REACH who="3" ten="250,250,250,240" step="2"/><T69/><D87/><N who="1" m="48543" /><E50/><V66/><F121/><W44/><G44/><AGARI ba="0,1" hai="44,47,49,55,58,86,90,93" m="48543,1642" machi="44" ten="30,8000,1" yaku="8,1,52,4" doraHai="41,81" who="1" fromWho="3" sc="250,0,250,90,250,0,240,-80" /><INIT seed="1,0,0,4,4,90" ten="250,340,250,160" oya="1" hai0="0,60,79,95,8,42,20,129,118,25,24,63,11" hai1="18,84,82,127,85,89,72,50,17,135,65,122,12" hai2="96,57,113,39,1,110,23,40,43,2,112,21,111" hai3="126,45,53,32,123,33,106,99,35,62,3,120,130"/><U67/><E122/><V38/><REACH who="2" step="1"/><F96/><REACH who="2" ten="250,340,240,160" step="2"/><W103/><G120/><T101/><D118/><U5/><E135/><V108/><F108/><W41/><G123/><T105/><D129/><U69/><E127/><V48/><F48/><W29/><G126/><T27/><D105/><U100/><E100/><V44/><F44/><W83/><G3/><T6/><D42/><U51/><E50/><V117/><F117/><W80/><G130/><T22/><D79/><U97/><E97/><V56/><AGARI ba="0,1" hai="1,2,21,23,38,39,40,43,56,57,110,111,112,113" machi="56" ten="25,8000,1" yaku="21,2,0,1,22,2,53,0" doraHai="90" doraHaiUra="93" who="2" fromWho="2" sc="250,-20,340,-40,240,90,160,-20" /><INIT seed="2,0,0,0,1,72" ten="230,300,330,140" oya="2" hai0="16,19,58,51,98,134,128,125,23,52,57,91,69" hai1="11,28,82,112,42,63,87,68,97,26,95,24,47" hai2="89,27,55,61,120,74,122,71,7,5,35,43,83" hai3="127,96,73,85,94,39,70,4,65,108,40,88,10"/><V77/><F43/><W130/><G73/><T36/><D69/><U81/><E112/><V92/><F7/><W49/><G108/><T13/><D36/><U107/><E107/><V90/><F90/><W8/><G127/><T3/><D3/><U106/><E106/><V33/><F5/><W105/><G130/><T56/><D125/><U116/><E116/><V44/><F35/><W18/><G39/><T118/><D118/><U67/><E11/><V75/><F75/><W129/><G129/><T111/><D128/><U80/><E87/><V117/><F117/><W32/><G32/><T29/><D111/><U17/><E17/><V99/><F44/><W126/><G126/><T2/><D2/><U9/><E9/><V22/><F33/><W62/><G18/><T124/><D124/><U12/><E12/><V132/><F132/><W84/><G105/><T131/><D131/><U41/><E28/><V6/><F6/><W1/><REACH who="3" step="1"/><G10/><REACH who="3" ten="230,300,330,130" step="2"/><N who="0" m="6199" /><D134/><U133/><E133/><V54/><F122/><W114/><G114/><T31/><D31/><U25/><REACH who="1" step="1"/><E47/><AGARI ba="0,1" hai="1,4,8,40,47,49,62,65,70,84,85,88,94,96" machi="47" ten="40,2600,0" yaku="1,1,54,1,53,0" doraHai="72" doraHaiUra="79" who="3" fromWho="1" sc="230,0,300,-26,330,0,130,36" /><INIT seed="3,0,0,3,1,135" ten="230,274,330,166" oya="3" hai0="132,22,60,120,112,68,119,30,134,53,113,73,2" hai1="76,97,70,17,101,117,106,9,29,31,102,104,10" hai2="37,81,6,46,131,28,72,25,69,71,100,130,49" hai3="125,95,107,23,26,123,83,109,66,110,111,52,15"/><W93/><G123/><T45/><D73/><U77/><E17/><V36/><F100/><W40/><G107/><T78/><D78/><U16/><E70/><V129/><F6/><W39/><G66/><N who="0" m="41031" /><D2/><U13/><E117/><V62/><F81/><W64/><G64/><T65/><D22/><U92/><E92/><V24/><F72/><W82/><G15/><T8/><D8/><U96/><REACH who="1" step="1"/><E9/><REACH who="1" ten="230,264,330,166" step="2"/><V58/><F28/><AGARI ba="0,1" hai="10,13,16,28,29,31,76,77,96,97,101,102,104,106" machi="28" ten="40,8000,1" yaku="1,1,2,1,9,1,54,1,53,0" doraHai="135" doraHaiUra="61" who="1" fromWho="2" sc="230,0,264,90,330,-80,166,0" /><INIT seed="4,0,0,4,0,54" ten="230,354,250,166" oya="0" hai0="4,75,41,0,66,30,12,16,51,71,133,49,134" hai1="132,53,13,77,17,20,15,64,99,105,79,98,91" hai2="117,39,113,102,100,118,57,9,24,120,116,81,76" hai3="109,126,96,108,1,38,32,119,63,69,72,27,36"/><T94/><D75/><U31/><E132/><N who="0" m="50793" /><D30/><U43/><E105/><V21/><F120/><W83/><G119/><T95/><D0/><U90/><E43/><V67/><F39/><N who="3" m="14891" /><G96/><N who="1" m="36906" /><E64/><V46/><F46/><W18/><G18/><T61/><D4/><U5/><E53/><V86/><F9/><W84/><G84/><T55/><D41/><U88/><E31/><N who="2" m="17807" /><F113/><W85/><G85/><T106/><D106/><U42/><E42/><V25/><F25/><W115/><G115/><T7/><D7/><U70/><E70/><V128/><F128/><W82/><G82/><T122/><D122/><U103/><E103/><V112/><F112/><W93/><G93/><N who="0" m="35339" /><D55/><U125/><E125/><V58/><F67/><N who="3" m="41215" /><G126/><T92/><N who="0" m="35347" /><T6/><DORA hai="60" /><D6/><U2/><E2/><V78/><F78/><N who="3" m="44487" /><G1/><T101/><D101/><AGARI ba="0,0" hai="57,58,76,81,86,100,101,102,116,117,118" m="17807" machi="101" ten="30,3900,0" yaku="12,1,52,2" doraHai="54,60" who="2" fromWho="0" sc="230,-39,354,0,250,39,166,0" /><INIT seed="5,0,0,3,0,124" ten="191,354,289,166" oya="1" hai0="127,122,64,133,112,121,33,22,34,68,70,60,95" hai1="27,54,110,58,19,9,29,6,8,115,117,12,45" hai2="131,119,17,89,76,128,75,36,126,14,62,102,103" hai3="74,118,38,5,109,94,132,52,24,30,26,15,56"/><U32/><E117/><V48/><F36/><W50/><G109/><T113/><D127/><U25/><E115/><N who="0" m="44105" /><D133/><U41/><E110/><V4/><F4/><W96/><G132/><T7/><D22/><U31/><E45/><V10/><F126/><W116/><G74/><T37/><D95/><U11/><E41/><V69/><F119/><N who="3" m="45611" /><G38/><T21/><D21/><N who="1" m="11495" /><E54/><V79/><F48/><W82/><G82/><T77/><D77/><N who="2" m="29770" /><F75/><W43/><G43/><T51/><D51/><U120/><E58/><V101/><F89/><N who="3" m="55375" /><G30/><T28/><D28/><U57/><E57/><V65/><F69/><N who="0" m="26730" /><D7/><U63/><E63/><V66/><F62/><W106/><G106/><T39/><D60/><U20/><E120/><N who="0" m="46185" /><D64/><U73/><E73/><V114/><F114/><W91/><G91/><T13/><D13/><AGARI ba="0,0" hai="6,8,9,11,13,20,25,27,29,31,32" m="11495" machi="13" ten="30,12000,1" yaku="35,5" doraHai="124" who="1" fromWho="0" sc="191,-120,354,120,289,0,166,0" /><INIT seed="5,1,0,4,1,57" ten="71,474,289,166" oya="1" hai0="91,62,26,40,78,88,28,31,1,15,94,22,133" hai1="85,12,11,21,42,35,32,66,20,14,52,39,118" hai2="3,130,107,51,134,80,43,27,4,30,69,71,37" hai3="116,18,29,96,83,56,44,48,50,87,124,16,111"/><U90/><E118/><V101/><F134/><W100/><G111/><T132/><D1/><U24/><E66/><V59/><F130/><W113/><G124/><T23/><D78/><U127/><E127/><V67/><F80/><W121/><G121/><T86/><D40/><U8/><E39/><V49/><F4/><W55/><G113/><T82/><D132/><U135/><E42/><V104/><F3/><W123/><G123/><T108/><D108/><U45/><E45/><V84/><F84/><W79/><G29/><T115/><D115/><U125/><E125/><V33/><F104/><W61/><G116/><T53/><D133/><U65/><E65/><V2/><F2/><W131/><G131/><T92/><D91/><U109/><E109/><V73/><F73/><W68/><G68/><T97/><D97/><U9/><E52/><V114/><F114/><W126/><G126/><T112/><D112/><U38/><E38/><V76/><F76/><W81/><G81/><T47/><D15/><N who="1" m="5675" /><E90/><V77/><F77/><W98/><G50/><T10/><D10/><U95/><E85/><V128/><F128/><W122/><G122/><T120/><D120/><U72/><E95/><V105/><F51/><W54/><G98/><T119/><D119/><U36/><E72/><V13/><F71/><W41/><G41/><T5/><D5/><U17/><E36/><V75/><F37/><W89/><G79/><T25/><D47/><U103/><E103/><V102/><F101/><W117/><G117/><T60/><D53/><U58/><E135/><V106/><F102/><W74/><G74/><RYUUKYOKU ba="1,0" sc="71,15,474,-15,289,-15,166,15" hai0="22,23,25,26,28,31,60,62,82,86,88,92,94" hai3="16,18,44,48,54,55,56,61,83,87,89,96,100" /><INIT seed="6,2,0,2,0,93" ten="86,459,274,181" oya="2" hai0="103,109,88,6,36,11,84,67,123,24,115,46,106" hai1="130,47,73,63,34,76,110,0,118,74,86,114,33" hai2="99,4,100,16,92,15,56,37,30,25,89,95,65" hai3="27,66,131,107,44,41,122,8,127,71,77,126,108"/><V82/><F37/><N who="3" m="21551" /><G77/><T125/><D109/><U133/><E110/><V134/><F134/><W54/><G8/><T20/><D123/><U116/><E114/><V91/><F4/><W105/><G27/><T23/><D115/><U90/><E0/><V128/><F82/><W48/><G107/><T80/><D67/><U117/><E133/><V111/><F128/><W119/><G105/><T3/><D125/><N who="3" m="47625" /><G122/><T124/><D124/><U57/><E47/><V55/><F65/><W60/><G131/><T2/><D2/><U17/><E130/><V32/><F95/><W14/><G14/><T53/><D24/><U87/><E76/><V10/><REACH who="2" step="1"/><F111/><REACH who="2" ten="86,459,264,181" step="2"/><W51/><G108/><T70/><D70/><U120/><E120/><V68/><F68/><W22/><G119/><T12/><D3/><U19/><E118/><V21/><F21/><W112/><G22/><T101/><D101/><U35/><E35/><V135/><F135/><W98/><G112/><T31/><D31/><U69/><E69/><V83/><F83/><W78/><G71/><T85/><D85/><U49/><E87/><V9/><F9/><W59/><G66/><T113/><D113/><U104/><E86/><V97/><F97/><W129/><G98/><T52/><D23/><U38/><E116/><V62/><AGARI ba="2,1" hai="10,15,16,25,30,32,55,56,62,89,91,92,99,100" machi="62" ten="20,18000,2" yaku="1,1,0,1,7,1,52,1,54,1,53,1" doraHai="93" doraHaiUra="26" who="2" fromWho="2" sc="86,-62,459,-62,264,196,181,-62" /><INIT seed="6,3,0,2,1,96" ten="24,397,460,119" oya="2" hai0="114,36,15,14,45,119,9,32,116,100,16,123,102" hai1="80,124,77,33,65,109,129,134,74,78,118,34,20" hai2="47,22,107,91,92,5,73,37,101,30,122,88,17" hai3="8,28,108,4,112,104,21,1,131,48,128,68,99"/><V44/><F122/><W7/><G68/><T69/><D123/><U83/><E109/><V81/><F37/><W27/><G108/><T35/><D69/><U61/><E118/><N who="0" m="45097" /><D114/><U24/><E129/><N who="3" m="49738" /><G48/><T49/><D36/><U70/><E124/><V125/><F30/><W43/><G43/><N who="0" m="24767" /><D15/><U51/><E51/><V60/><F5/><N who="3" m="1071" /><G112/><T46/><D46/><U98/><E98/><V66/><F44/><W41/><G41/><T120/><D120/><U132/><E132/><V31/><F47/><W105/><G105/><T19/><D19/><U111/><E111/><V11/><F17/><W26/><G26/><T84/><D84/><U0/><E0/><V86/><F107/><W40/><G40/><T93/><D93/><U42/><E42/><V62/><F92/><W54/><G54/><T39/><D39/><U82/><E82/><V76/><F86/><W85/><G85/><T106/><D106/><U133/><E133/><V38/><F81/><W12/><G12/><T113/><D113/><U75/><REACH who="1" step="1"/><E134/><REACH who="1" ten="24,387,460,119" step="2"/><V87/><F38/><W135/><G135/><T57/><D57/><U3/><E3/><V71/><F125/><W90/><G104/><T97/><D97/><U95/><E95/><AGARI ba="3,1" hai="4,7,21,27,28,90,95,99" m="1071,49738" machi="95" ten="30,1000,0" yaku="19,1" doraHai="96" who="3" fromWho="1" sc="24,0,387,-19,460,0,119,29" /><INIT seed="7,0,0,3,4,104" ten="24,368,460,148" oya="3" hai0="41,83,61,14,71,116,119,85,135,114,97,23,33" hai1="10,35,7,0,129,76,20,38,93,115,79,32,11" hai2="16,25,55,26,110,58,31,123,48,40,89,2,50" hai3="81,3,21,132,43,17,60,34,56,105,82,73,70"/><W75/><G105/><T68/><D33/><U47/><E115/><V6/><F110/><W54/><G34/><T128/><D114/><U42/><E129/><V22/><F123/><W57/><G3/><T37/><D128/><U92/><E20/><V87/><F6/><W131/><G131/><T88/><D135/><U90/><E47/><V66/><F2/><W69/><G43/><T64/><D71/><U59/><E59/><V5/><F5/><W121/><G121/><T101/><D41/><U127/><E0/><V126/><F40/><W117/><G117/><T74/><D37/><U113/><E42/><V15/><F66/><W91/><G132/><T134/><D134/><U1/><E1/><V95/><F126/><W72/><G57/><T62/><D62/><U52/><E7/><V18/><F18/><W100/><G100/><T124/><D124/><U102/><E102/><V12/><F50/><W24/><REACH who="3" step="1"/><G91/><REACH who="3" ten="24,368,460,138" step="2"/><T109/><D109/><U112/><E127/><V19/><F58/><W103/><G103/><T44/><D44/><U46/><E46/><V118/><F118/><W28/><G28/><T99/><D99/><U53/><REACH who="1" step="1"/><E90/><REACH who="1" ten="24,358,460,138" step="2"/><V107/><F89/><W133/><G133/><T51/><D51/><U120/><E120/><V29/><F48/><W125/><G125/><T39/><D39/><AGARI ba="0,2" hai="10,11,32,35,38,39,52,53,76,79,92,93,112,113" machi="39" ten="25,6400,0" yaku="1,1,22,2,54,1,53,0" doraHai="104" doraHaiUra="8" who="1" fromWho="0" sc="24,-64,358,84,460,0,138,0" owari="-40,-54.0,442,24.0,460,56.0,138,-26.0" /></mjloggm>