<mjloggm ver="2.3"><GO type="169" lobby="0"/><UN n0="%E5%B5%AF%E5%B3%A8%E6%94%BF%E5%AE%97" n1="%E6%9A%97%E3%81%84%E7%AC%A6" n2="%E3%82%A6%E3%83%AB%E3%83%88%E3%83%A9%E7%AB%8B%E7%9B%B4" n3="%E9%A3%9B%E6%B2%AB" dan="16,16,18,16" rate="2109.45,2124.59,2209.04,2109.50" sx="F,M,M,M"/><TAIKYOKU oya="0"/><INIT seed="0,0,0,0,5,129" ten="250,250,250,250" oya="0" hai0="43,89,29,22,30,6,24,127,15,48,64,116,27" hai1="2,131,96,77,124,41,88,113,23,121,40,102,57" hai2="108,126,80,115,7,21,133,19,84,46,110,58,50" hai3="117,94,17,123,70,79,134,95,44,120,31,4,83"/><T37/><D37/><U45/><E2/><V36/><F7/><W34/><G70/><T35/><D116/><U98/><E121/><N who="3" m="46666" /><G117/><T56/><D127/><U5/><E5/><V66/><F115/><W112/><G112/><T86/><D64/><U90/><E113/><V99/><F99/><W82/><G4/><T16/><D6/><U20/><E131/><V85/><F85/><N who="3" m="48351" /><G17/><T81/><D43/><U47/><E77/><V125/><F36/><W61/><G61/><T104/><D104/><U97/><E57/><V71/><F71/><W101/><G101/><T0/><D0/><U92/><E124/><V52/><F125/><W14/><G14/><T87/><D87/><U73/><E73/><V105/><F105/><W106/><G83/><T107/><D107/><U38/><E38/><V12/><F126/><W55/><G106/><T53/><D35/><U9/><E98/><V28/><F28/><AGARI ba="0,0" hai="15,16,22,24,27,28,29,30,48,53,56,81,86,89" machi="28" ten="40,3900,0" yaku="8,1,54,1" doraHai="129" who="0" fromWho="2" sc="250,39,250,0,250,-39,250,0" /><INIT seed="0,1,0,4,2,57" ten="289,250,211,250" oya="0" hai0="101,132,77,73,33,98,123,34,40,119,52,65,91" hai1="4,46,71,131,5,109,81,8,0,84,1,93,100" hai2="124,36,90,103,121,17,11,130,88,116,21,108,37" hai3="56,62,110,23,96,129,114,111,30,38,47,80,59"/><T48/><D123/><U107/><E93/><V41/><F121/><W53/><G114/><T28/><D119/><U54/><E131/><V76/><F108/><W134/><G134/><T75/><D40/><U128/><E109/><V79/><F130/><W32/><G32/><T22/><D65/><U10/><E128/><V85/><F103/><W69/><G129/><T61/><D61/><U92/><E107/><V70/><F70/><W50/><G96/><T20/><D91/><U15/><E71/><V14/><F124/><W82/><G110/><T135/><D20/><U49/><E92/><V24/><F116/><W112/><G112/><T72/><D77/><U94/><E94/><V120/><F120/><W26/><G69/><T87/><D87/><U78/><REACH who="1" step="1"/><E100/><REACH who="1" ten="289,240,211,250" step="2"/><V97/><F97/><W60/><G111/><T115/><D98/><U102/><E102/><V126/><F126/><W83/><G83/><T89/><D101/><U19/><E19/><V9/><F17/><W25/><G82/><T105/><D105/><U42/><E42/><V127/><F41/><W45/><G80/><T18/><D132/><U122/><E122/><V39/><F127/><W7/><G7/><T6/><D135/><U12/><AGARI ba="1,1" hai="0,1,4,5,8,10,12,15,46,49,54,78,81,84" machi="12" ten="20,5200,0" yaku="1,1,0,1,7,1,9,1,53,0" doraHai="57" doraHaiUra="117" who="1" fromWho="1" sc="289,-27,240,65,211,-14,250,-14" /><INIT seed="1,0,0,0,4,40" ten="262,305,197,236" oya="1" hai0="129,26,14,66,69,133,75,85,73,98,119,102,76" hai1="6,117,7,38,111,93,120,5,58,11,114,65,77" hai2="18,23,55,8,99,39,46,19,123,37,41,67,126" hai3="105,132,84,82,70,42,127,51,47,135,24,53,60"/><U1/><E120/><V17/><F123/><W134/><G105/><T52/><D119/><U124/><E117/><V94/><F126/><W106/><G106/><T81/><D129/><U15/><E114/><V97/><F67/><W87/><G127/><T54/><D133/><U59/><E38/><V20/><F39/><W100/><G100/><T34/><D14/><U78/><E124/><V80/><F8/><W86/><G24/><T116/><D116/><U64/><E93/><V96/><F94/><W48/><G60/><T121/><D121/><U12/><E1/><V28/><F28/><W72/><G70/><T13/><D13/><N who="1" m="5195" /><E11/><V92/><F92/><W95/><G95/><T29/><D75/><U71/><E71/><V79/><REACH who="2" step="1"/><F55/><REACH who="2" ten="262,305,187,236" step="2"/><W16/><G82/><T49/><D54/><U88/><E65/><V31/><F31/><W25/><G135/><T2/><D66/><U115/><E64/><V103/><F103/><W22/><REACH who="3" step="1"/><G72/><AGARI ba="0,1" hai="17,18,19,20,23,37,41,46,72,79,80,96,97,99" machi="72" ten="40,2600,0" yaku="1,1,52,1,53,0" doraHai="40" doraHaiUra="56" who="2" fromWho="3" sc="262,0,305,0,187,36,236,-26" /><INIT seed="2,0,0,5,3,69" ten="262,305,223,210" oya="2" hai0="67,36,76,39,13,124,75,1,73,100,110,40,81" hai1="7,20,109,50,53,34,52,117,112,66,120,131,27" hai2="30,111,86,3,26,83,87,10,33,74,101,115,99" hai3="57,12,37,103,22,127,4,29,126,8,32,71,96"/><V118/><F118/><W91/><G71/><T61/><D1/><U58/><E34/><V31/><F115/><W94/><G32/><T68/><D110/><U43/><E109/><V62/><F111/><W88/><G57/><T85/><D124/><N who="3" m="47657" /><G37/><T82/><D100/><U60/><E112/><V133/><F133/><W14/><G14/><T24/><D40/><U25/><E117/><V18/><F31/><W107/><G107/><T16/><D24/><AGARI ba="0,0" hai="4,8,12,22,24,29,88,91,94,96,103" m="47657" machi="24" ten="30,2000,0" yaku="18,1,54,1" doraHai="69" who="3" fromWho="0" sc="262,-20,305,0,223,0,210,20" /><INIT seed="3,0,0,2,5,85" ten="242,305,223,230" oya="3" hai0="44,19,121,102,132,97,1,64,36,84,125,4,101" hai1="30,131,31,7,35,76,59,87,22,106,34,12,48" hai2="52,39,14,96,77,61,91,69,38,110,28,118,46" hai3="0,128,100,72,51,93,15,33,109,83,74,104,89"/><W66/><G0/><T67/><D121/><U71/><E71/><V99/><F118/><W68/><G33/><T42/><D125/><U5/><E106/><V37/><F77/><W90/><G66/><T120/><D101/><U115/><E59/><V123/><F123/><W57/><G68/><T73/><D120/><U17/><E48/><V134/><F110/><W16/><G109/><T60/><D132/><U40/><E87/><V13/><F134/><W127/><G127/><T32/><D19/><N who="1" m="10599" /><E40/><V129/><F28/><N who="1" m="10793" /><E76/><V41/><F129/><W3/><G3/><T82/><D32/><N who="1" m="12331" /><E115/><V8/><F99/><W95/><G128/><T18/><D64/><U55/><E55/><V116/><F39/><W98/><G83/><T124/><D124/><U119/><E131/><V63/><F38/><W9/><G57/><T20/><D84/><U81/><E81/><V108/><F37/><W43/><G100/><T47/><D47/><U111/><E111/><V107/><F46/><W10/><G104/><N who="0" m="63567" /><D67/><U49/><E49/><V112/><F112/><W25/><G74/><T27/><D60/><U135/><E135/><V113/><F63/><W80/><G80/><T88/><D73/><U75/><E75/><V29/><F61/><W58/><G72/><T53/><D53/><U26/><E119/><V126/><F126/><W54/><G43/><T62/><D62/><U105/><E105/><V65/><F69/><W86/><REACH who="3" step="1"/><G25/><REACH who="3" ten="242,305,223,220" step="2"/><T92/><D82/><U24/><E26/><V45/><F41/><W23/><AGARI ba="0,1" hai="9,10,15,16,23,51,54,58,86,89,90,93,95,98" machi="23" ten="20,24000,3" yaku="1,1,2,1,0,1,7,1,25,2,8,1,52,2,54,1,53,0" doraHai="85" doraHaiUra="2" who="3" fromWho="3" sc="242,-80,305,-80,223,-80,220,250" /><INIT seed="3,1,0,4,0,22" ten="162,225,143,470" oya="3" hai0="16,53,1,13,115,112,91,3,101,132,37,2,109" hai1="41,97,85,31,50,128,9,64,51,105,120,84,71" hai2="21,134,4,65,0,75,99,69,72,24,106,10,73" hai3="48,110,42,40,119,59,127,102,87,77,43,45,92"/><W94/><G119/><T131/><D37/><U118/><E71/><V76/><F134/><W46/><G110/><T95/><D109/><U103/><E64/><V83/><F65/><W108/><G108/><T58/><D132/><U79/><E120/><V121/><F69/><W130/><G130/><T111/><D111/><U15/><E128/><V82/><F121/><W96/><G127/><T52/><D131/><U133/><E133/><V104/><F99/><W33/><G33/><T18/><D101/><U81/><E118/><V78/><REACH who="2" step="1"/><F73/><REACH who="2" ten="162,225,133,470" step="2"/><W62/><G96/><N who="0" m="57471" /><D58/><U17/><E85/><V117/><F117/><W100/><G87/><T44/><D44/><U124/><E124/><V135/><F135/><W27/><G45/><T63/><D63/><U55/><E84/><V90/><F90/><W5/><G62/><T93/><D93/><U89/><E89/><V56/><F56/><W70/><G59/><T20/><D18/><AGARI ba="1,1" hai="0,4,10,18,21,24,72,75,76,78,82,83,104,106" machi="18" ten="30,7700,0" yaku="1,1,7,1,9,1,52,1,53,0" doraHai="22" doraHaiUra="8" who="2" fromWho="0" sc="162,-80,225,0,133,90,470,0" /><INIT seed="4,0,0,3,4,6" ten="82,225,223,470" oya="0" hai0="129,100,92,62,126,94,116,57,18,29,12,103,131" hai1="83,97,20,21,44,10,123,22,128,8,101,26,25" hai2="110,58,13,66,56,32,102,86,73,69,40,17,124" hai3="91,82,68,99,1,108,89,75,133,30,119,90,7"/><T65/><D116/><U24/><E123/><V118/><F73/><W81/><G68/><T70/><D29/><U130/><E83/><V53/><F32/><W4/><G119/><T64/><D126/><U34/><E44/><V71/><F102/><N who="0" m="38954" /><D70/><U127/><E34/><V109/><F86/><W76/><G30/><T15/><D15/><U63/><E63/><V111/><F17/><W47/><G108/><T84/><D65/><U80/><E80/><V48/><F13/><W37/><G133/><T41/><D41/><U5/><E5/><V0/><F0/><W134/><G4/><T120/><D120/><U45/><E45/><N who="2" m="25639" /><F118/><W33/><G33/><T72/><D72/><U121/><E121/><V23/><F124/><W98/><G82/><T43/><D43/><U79/><E127/><V96/><F23/><W114/><G134/><T60/><D60/><U61/><E61/><N who="2" m="38199" /><F71/><W19/><G37/><T125/><D125/><U54/><E79/><V50/><F69/><W42/><G75/><T95/><D131/><N who="1" m="50219" /><E54/><V14/><F14/><W49/><G1/><T16/><D129/><U27/><E26/><V31/><F31/><W67/><G67/><T38/><D38/><U78/><E78/><V107/><F111/><W113/><G76/><T3/><D3/><U55/><E55/><V112/><F110/><W104/><G42/><T85/><D12/><U11/><E27/><V52/><F109/><W105/><G105/><AGARI ba="0,0" hai="8,10,11,20,21,22,24,25,97,101,105" m="50219" machi="105" ten="40,8000,1" yaku="19,1,52,3" doraHai="6" who="1" fromWho="3" sc="82,0,225,80,223,0,470,-80" /><INIT seed="5,0,0,3,4,103" ten="82,305,223,390" oya="1" hai0="49,94,100,107,25,51,105,92,4,72,88,80,112" hai1="96,13,111,73,85,102,74,38,90,109,2,83,70" hai2="0,65,68,125,128,110,71,8,7,41,31,130,48" hai3="132,5,33,91,34,113,115,1,58,42,124,3,120"/><U135/><E38/><V26/><F110/><N who="1" m="41993" /><E2/><N who="3" m="522" /><G120/><T21/><D4/><U22/><E70/><V117/><F117/><W78/><G78/><T39/><D39/><U6/><E6/><V16/><F125/><W116/><G116/><T75/><D112/><N who="3" m="43081" /><G124/><T123/><D123/><U84/><E22/><V55/><F41/><W61/><G42/><T108/><D108/><U44/><E13/><V101/><F65/><N who="3" m="39095" /><G132/><T119/><D119/><U18/><E18/><V62/><F16/><W12/><G91/><T67/><D67/><U79/><E44/><V50/><F68/><W10/><AGARI ba="0,0" hai="5,10,12,33,34" m="39095,43081,522" machi="10" ten="40,1500,0" yaku="15,1" doraHai="103" who="3" fromWho="3" sc="82,-4,305,-7,223,-4,390,15" /><INIT seed="6,0,0,4,3,55" ten="78,298,219,405" oya="2" hai0="1,48,62,135,8,50,19,92,101,24,38,67,132" hai1="9,126,125,72,87,6,90,66,23,113,115,51,5" hai2="105,129,13,63,120,99,128,65,77,35,93,41,121" hai3="15,107,28,108,2,84,60,44,21,59,10,40,85"/><V114/><F105/><W116/><G2/><T47/><D38/><U100/><E72/><V109/><F35/><W37/><G107/><T22/><D1/><U52/><E100/><V61/><F13/><W34/><G34/><T127/><D8/><U71/><E66/><V117/><F77/><W39/><G39/><T96/><D127/><N who="1" m="48651" /><E71/><V122/><F93/><W97/><G108/><T29/><D29/><U31/><E31/><V17/><F17/><W81/><G97/><T75/><D75/><U131/><E23/><V76/><F99/><W89/><G116/><T26/><D26/><U103/><E103/><V70/><F76/><W0/><G0/><T123/><D123/><U18/><E18/><V25/><F25/><W54/><G21/><T118/><D118/><U111/><E111/><V79/><F79/><W69/><G28/><T112/><D112/><N who="1" m="43083" /><E9/><V43/><F114/><W102/><G102/><T80/><D80/><N who="1" m="49511" /><E131/><N who="2" m="50251" /><F117/><W82/><G69/><T16/><D19/><U33/><E33/><V27/><F27/><W20/><G20/><T30/><D47/><AGARI ba="0,0" hai="5,6,47,51,52" m="49511,43083,48651" machi="47" ten="30,3900,0" yaku="18,1,15,1,54,1" doraHai="55" who="1" fromWho="0" sc="78,-39,298,39,219,0,405,0" /><INIT seed="7,0,0,1,5,92" ten="39,337,219,405" oya="3" hai0="122,15,102,24,46,35,106,34,27,124,19,62,38" hai1="91,22,5,109,63,108,41,55,56,71,6,83,52" hai2="128,66,131,9,64,121,14,135,127,57,45,86,44" hai3="0,132,119,36,97,80,76,117,94,53,84,75,81"/><W70/><G70/><T20/><D38/><U120/><E120/><V103/><F86/><W111/><G36/><T115/><D46/><U69/><E22/><V79/><F103/><N who="3" m="60855" /><G0/><T72/><D62/><U39/><E83/><V32/><F79/><N who="3" m="46143" /><G53/><T73/><D72/><U2/><E91/><V65/><F14/><W49/><G49/><T133/><D73/><U40/><E2/><V77/><F9/><W134/><G111/><T58/><D102/><U112/><E6/><V96/><F32/><W60/><G60/><T90/><D106/><U48/><E5/><V78/><F64/><W29/><G29/><N who="0" m="17543" /><D90/><U107/><E107/><V85/><F57/><W7/><G7/><T1/><D58/><U61/><E112/><V4/><F121/><W98/><G98/><T126/><D122/><U13/><E13/><V82/><F96/><W18/><G18/><T11/><D133/><AGARI ba="0,0" hai="75,76,80,117,119,132,133,134" m="46143,60855" machi="133" ten="30,11600,0" yaku="20,1,34,2,52,1" doraHai="92" who="3" fromWho="0" sc="39,-116,337,0,219,0,405,116" owari="-77,-58.0,337,14.0,219,-18.0,521,62.0" /></mjloggm>