<mjloggm ver="2.3"><GO type="169" lobby="0"/><UN n0="%52%4F%4C%4C%59" n1="%E4%B8%89%E8%89%B2%E5%90%8C%E5%88%BB%E2%98%86" n2="%E3%82%8A%E3%82%87%E3%81%86%E3%81%BE%35%37%32%34" n3="%E3%83%88%E3%83%88%E3%83%AA%E5%85%88%E7%94%9F%31%39%E6%AD%B3" dan="17,17,16,19" rate="2159.46,2180.41,2117.39,2279.17" sx="M,M,M,F"/><TAIKYOKU oya="0"/><INIT seed="0,0,0,1,2,23" ten="250,250,250,250" oya="0" hai0="51,11,9,80,106,115,70,75,4,77,52,101,34" hai1="38,5,22,121,20,19,50,110,67,10,15,18,58" hai2="108,99,97,113,91,123,2,94,28,105,1,26,104" hai3="78,29,36,54,59,46,119,85,21,48,122,117,31"/><T65/><D115/><U96/><E38/><V124/><F113/><W41/><G122/><T24/><D4/><U95/><E121/><V30/><F123/><W125/><G125/><T37/><D37/><U79/><E79/><V66/><F124/><W98/><G78/><T57/><D106/><U107/><E107/><V43/><F108/><W55/><G85/><T72/><D72/><U120/><E120/><V92/><F66/><W44/><G98/><T63/><REACH who="0" step="1"/><D101/><REACH who="0" ten="240,250,250,250" step="2"/><N who="1" m="60575" /><E5/><V111/><F111/><W27/><REACH who="3" step="1"/><G31/><AGARI ba="0,1" hai="9,11,24,31,34,51,52,57,63,65,70,75,77,80" machi="31" ten="40,7700,0" yaku="1,1,52,1,54,1,53,0" doraHai="23" doraHaiUra="133" who="0" fromWho="3" sc="240,87,250,0,250,0,250,-77" /><INIT seed="0,1,0,2,2,69" ten="327,250,250,173" oya="0" hai0="114,35,88,104,53,42,11,106,62,10,126,124,111" hai1="135,64,71,74,89,55,0,105,63,75,93,115,127" hai2="61,50,44,23,31,27,122,13,101,76,129,49,5" hai3="85,134,33,22,68,30,108,45,99,28,80,117,39"/><T46/><D114/><U91/><E105/><V131/><F122/><W79/><G117/><T82/><D35/><U123/><E123/><V19/><F101/><W125/><G68/><T18/><D62/><U81/><E135/><V48/><F5/><W12/><G134/><T92/><D82/><U41/><E0/><V86/><F61/><W4/><G33/><T65/><D53/><U29/><E55/><V36/><F36/><W84/><G125/><N who="0" m="48235" /><D65/><U132/><E132/><V34/><F76/><W16/><G108/><T56/><D56/><U43/><E115/><V52/><REACH who="2" step="1"/><F86/><REACH who="2" ten="327,250,240,173" step="2"/><W119/><G85/><N who="0" m="52239" /><D111/><U54/><E127/><V98/><F98/><W118/><G99/><T116/><D116/><U70/><E63/><V102/><F102/><W107/><G119/><T100/><D100/><U6/><E75/><V47/><F47/><W77/><G118/><T130/><D106/><U133/><E133/><V17/><F17/><W87/><G107/><T24/><D104/><U73/><E6/><V78/><F78/><W20/><G4/><T112/><D112/><U94/><E74/><V8/><F8/><W60/><G60/><T3/><D3/><U9/><E9/><V37/><F37/><W14/><G39/><N who="0" m="21855" /><D11/><U2/><E2/><V1/><F1/><W25/><G45/><T32/><D10/><U21/><E73/><V66/><F66/><W72/><G79/><T90/><D90/><U51/><E64/><V97/><F97/><W96/><G96/><T109/><D18/><U121/><E71/><V128/><AGARI ba="1,1" hai="13,19,23,27,31,34,44,48,49,50,52,128,129,131" machi="128" ten="30,7900,0" yaku="1,1,0,1,19,1,54,1,53,0" doraHai="69" doraHaiUra="120" who="2" fromWho="2" sc="327,-40,250,-21,240,92,173,-21" /><INIT seed="1,0,0,3,3,49" ten="287,229,332,152" oya="1" hai0="74,34,82,134,87,102,53,33,79,42,55,36,58" hai1="30,61,83,103,92,127,63,70,41,119,38,10,132" hai2="110,86,96,124,12,94,80,76,3,27,28,23,115" hai3="135,90,98,66,35,60,57,1,64,59,18,4,32"/><U117/><E132/><V71/><F3/><W118/><G135/><T121/><D134/><U40/><E83/><V21/><F110/><W130/><G130/><T54/><D102/><U44/><E30/><V133/><F133/><W45/><G118/><T31/><D121/><U77/><E77/><V78/><F71/><W126/><G126/><T69/><D69/><U67/><E127/><V25/><F124/><W19/><G45/><T84/><D58/><U39/><E10/><V24/><F115/><W123/><G123/><T100/><D100/><U72/><E72/><V0/><F0/><W120/><G120/><T131/><D131/><U88/><E103/><V22/><F78/><W108/><G108/><T81/><D31/><U125/><E125/><V17/><F12/><W51/><G4/><T91/><REACH who="0" step="1"/><D74/><REACH who="0" ten="277,229,332,152" step="2"/><U113/><E113/><V95/><REACH who="2" step="1"/><F96/><REACH who="2" ten="277,229,322,152" step="2"/><W56/><G98/><T2/><D2/><U109/><E109/><V11/><F11/><W106/><G1/><T111/><D111/><U48/><E119/><V16/><AGARI ba="0,2" hai="16,17,21,22,23,24,25,27,28,76,80,86,94,95" machi="16" ten="20,12000,2" yaku="1,1,0,1,7,1,9,1,8,1,54,1,53,0" doraHai="49" doraHaiUra="7" who="2" fromWho="2" sc="277,-30,229,-60,322,140,152,-30" /><INIT seed="2,0,0,1,0,1" ten="247,169,462,122" oya="2" hai0="116,53,46,79,73,7,56,93,51,63,18,41,54" hai1="89,124,125,19,28,68,14,135,92,133,59,106,77" hai2="130,35,32,65,55,98,87,58,12,26,111,108,6" hai3="43,67,102,31,96,8,16,99,10,118,134,94,101"/><V86/><F65/><W81/><G118/><T3/><D116/><U122/><E68/><V120/><F120/><W128/><G128/><T72/><D79/><U40/><E28/><V107/><F130/><W66/><G134/><N who="1" m="51210" /><E106/><V38/><F38/><W126/><G126/><T39/><D18/><U129/><E122/><V113/><F113/><W127/><G127/><N who="1" m="48714" /><E77/><V44/><F44/><W91/><G43/><T47/><REACH who="0" step="1"/><D93/><REACH who="0" ten="237,169,462,122" step="2"/><U109/><E129/><V115/><F115/><W4/><G16/><T69/><D69/><U119/><E119/><V90/><F107/><W61/><G81/><T104/><D104/><U11/><E92/><N who="2" m="56599" /><F87/><W76/><G76/><T49/><D49/><U62/><E19/><V121/><F86/><W82/><G82/><T123/><D123/><U34/><E109/><N who="2" m="42059" /><F121/><W2/><G94/><T97/><D97/><U70/><E70/><V15/><F26/><W100/><G96/><T64/><D64/><U9/><E62/><N who="2" m="36191" /><F15/><W60/><G99/><T80/><D80/><U42/><E14/><V20/><F20/><W13/><G13/><T37/><D37/><U83/><E83/><V85/><F85/><W29/><G66/><T27/><D27/><U112/><E112/><V33/><F12/><W114/><G114/><T50/><D50/><U132/><E132/><V57/><F57/><N who="3" m="37263" /><G61/><T78/><D78/><U23/><E23/><V95/><F95/><W36/><G36/><T0/><D0/><U75/><E59/><V30/><F30/><N who="3" m="11275" /><G91/><T52/><D52/><U22/><E89/><V5/><AGARI ba="0,1" hai="5,6,32,33,35" m="36191,42059,56599" machi="5" ten="40,12000,1" yaku="14,1,10,1,52,2" doraHai="1" who="2" fromWho="2" sc="237,-40,169,-40,462,130,122,-40" /><INIT seed="2,1,0,0,3,107" ten="197,129,592,82" oya="2" hai0="86,64,99,94,131,114,58,42,40,62,66,49,118" hai1="10,46,12,28,39,4,57,90,121,61,84,68,63" hai2="48,7,78,135,29,31,21,41,75,72,112,20,18" hai3="23,91,44,27,100,113,117,17,34,70,96,8,122"/><V82/><F112/><W125/><G117/><T50/><D131/><U69/><E121/><V124/><F7/><W45/><G122/><T119/><D114/><U111/><E28/><V108/><F135/><W43/><G113/><T97/><D86/><U126/><E111/><V130/><F130/><W71/><G125/><T15/><D15/><U1/><E126/><V77/><F124/><W127/><G127/><T105/><D105/><U3/><E69/><V123/><F123/><W87/><G34/><T116/><D66/><U14/><E14/><V38/><F38/><W25/><G25/><T128/><D128/><U67/><E46/><V102/><F102/><W13/><G45/><T51/><REACH who="0" step="1"/><D94/><REACH who="0" ten="187,129,592,82" step="2"/><U101/><E12/><V89/><F108/><W5/><G13/><T109/><D109/><U83/><E1/><V24/><F89/><W120/><G120/><T85/><D85/><U73/><E101/><V92/><F92/><W26/><G87/><T47/><D47/><U30/><E84/><V59/><F41/><AGARI ba="1,1" hai="40,41,42,49,50,51,58,62,64,97,99,116,118,119" machi="41" ten="50,6400,0" yaku="1,1,12,1,53,1" doraHai="107" doraHaiUra="52" who="0" fromWho="2" sc="187,77,129,0,592,-67,82,0" /><INIT seed="3,0,0,1,1,113" ten="264,129,525,82" oya="3" hai0="72,97,88,127,57,35,64,104,12,26,82,20,73" hai1="36,99,22,39,114,56,46,19,85,0,67,78,134" hai2="95,66,116,23,24,48,25,74,126,94,91,34,75" hai3="60,105,65,21,133,11,51,87,123,18,4,37,54"/><W15/><G123/><T42/><D127/><U32/><E114/><V89/><F48/><W1/><G133/><T62/><D35/><U102/><E32/><V103/><F34/><W128/><G128/><T108/><D108/><U130/><E0/><V58/><F103/><W52/><G105/><T10/><D42/><U79/><E130/><V107/><F107/><W41/><G37/><T40/><D40/><U44/><E36/><V100/><F100/><W8/><G87/><T84/><D104/><U117/><E134/><V92/><F92/><W131/><G131/><T76/><D97/><U55/><E67/><V132/><F66/><W69/><REACH who="3" step="1"/><G11/><REACH who="3" ten="264,129,525,72" step="2"/><T110/><D10/><U59/><E39/><V129/><F132/><W38/><G38/><T111/><D84/><U106/><E85/><V119/><F129/><W29/><G29/><T17/><D73/><U5/><E106/><V63/><F126/><W28/><G28/><T122/><D72/><U112/><E112/><V6/><F75/><W14/><G14/><T80/><D12/><U43/><E99/><V115/><F74/><W49/><G49/><T27/><D122/><U101/><E79/><V121/><F115/><W98/><G98/><T77/><D27/><U7/><E78/><V81/><F25/><W47/><AGARI ba="0,1" hai="1,4,8,15,18,21,41,47,51,52,54,60,65,69" machi="47" ten="30,6000,0" yaku="1,1,0,1,54,1,53,0" doraHai="113" doraHaiUra="118" who="3" fromWho="3" sc="264,-20,129,-20,525,-20,72,70" /><INIT seed="3,1,0,2,5,21" ten="244,109,505,142" oya="3" hai0="70,101,97,43,55,80,10,65,31,15,25,3,104" hai1="99,29,42,100,67,62,14,124,121,66,48,93,32" hai2="106,105,135,49,128,40,47,46,45,126,91,86,6" hai3="119,112,54,51,90,1,9,5,89,92,78,68,74"/><W41/><G112/><T95/><D3/><U73/><E121/><V120/><F120/><W108/><G119/><T16/><D43/><U72/><E124/><V50/><F126/><W134/><G68/><T63/><D80/><U132/><E132/><V24/><F135/><W88/><G134/><T22/><D55/><U64/><E62/><V33/><F6/><W113/><G113/><T27/><REACH who="0" step="1"/><D25/><REACH who="0" ten="234,109,505,142" step="2"/><U34/><E42/><V36/><F36/><W57/><G108/><T30/><D30/><U82/><E29/><V4/><F24/><W18/><G41/><T44/><D44/><U131/><E82/><V109/><F46/><W125/><G125/><T0/><D0/><U59/><E67/><V17/><F47/><W116/><G116/><T79/><D79/><U102/><E66/><V115/><F45/><W127/><G127/><T58/><D58/><U35/><E64/><V20/><F115/><W69/><G69/><T81/><D81/><U77/><E77/><V8/><F40/><W75/><G78/><T118/><D118/><U37/><E37/><V87/><F109/><W122/><G122/><T84/><D84/><U19/><E73/><V52/><F87/><W76/><G76/><T12/><D12/><U13/><E13/><V111/><F86/><N who="3" m="52247" /><G75/><T60/><D60/><U107/><E72/><V61/><F111/><W39/><G74/><T28/><D28/><U114/><E114/><V110/><F110/><W53/><G39/><T83/><D83/><U38/><E38/><V117/><F117/><W85/><G85/><T98/><D98/><U26/><E99/><RYUUKYOKU ba="1,1" sc="234,30,109,-10,505,-10,142,-10" hai0="10,15,16,22,27,31,63,65,70,95,97,101,104" /><INIT seed="4,2,1,2,5,74" ten="264,99,495,132" oya="0" hai0="58,107,0,8,95,32,98,63,31,61,109,79,51" hai1="71,36,70,1,135,69,45,37,114,73,127,82,19" hai2="13,88,48,116,26,22,128,123,133,80,29,56,11" hai3="75,99,9,132,52,41,120,77,2,134,85,21,47"/><T87/><D107/><U129/><E19/><V10/><F123/><W43/><G120/><T55/><D109/><U5/><E129/><V7/><F128/><W42/><G75/><T119/><D119/><U89/><E135/><N who="3" m="51754" /><G99/><T125/><D125/><U12/><E12/><V101/><F133/><W115/><G115/><T3/><D32/><U44/><E127/><V130/><F130/><W15/><G21/><T126/><D31/><U24/><E24/><V16/><F101/><W23/><G23/><T100/><D126/><U18/><E18/><V102/><F102/><W93/><G2/><T94/><D8/><N who="1" m="2095" /><E89/><V54/><F116/><W4/><G93/><T117/><D117/><U28/><E28/><V46/><F46/><W60/><G60/><T6/><D6/><U59/><E59/><V49/><F49/><N who="3" m="28735" /><G85/><T25/><D25/><U33/><E33/><V111/><F111/><W76/><AGARI ba="2,1" hai="4,9,15,41,42,43,76,77" m="28735,51754" machi="76" ten="40,8000,1" yaku="20,1,52,2,54,1" doraHai="74" who="3" fromWho="3" sc="264,-42,99,-22,495,-22,132,96" /><INIT seed="5,0,0,5,4,55" ten="222,77,473,228" oya="1" hai0="67,25,89,135,46,131,110,85,104,108,86,39,18" hai1="101,113,6,47,1,9,0,58,91,3,112,33,116" hai2="99,52,82,95,35,127,49,5,64,22,74,96,107" hai3="42,13,118,11,79,48,37,84,65,69,17,16,59"/><U19/><E116/><V126/><F35/><W109/><G109/><T98/><D131/><U71/><E71/><V121/><F121/><W68/><G118/><T75/><D75/><U124/><E47/><V8/><F64/><W117/><G117/><T78/><D135/><U53/><E124/><N who="2" m="47659" /><F107/><W14/><G37/><T12/><D67/><U119/><E119/><V32/><F32/><W21/><G42/><T133/><D25/><U130/><E130/><V40/><F40/><W23/><G11/><T83/><D133/><U114/><E33/><V62/><F62/><W43/><G43/><T61/><D61/><N who="1" m="36047" /><E19/><V106/><F22/><W94/><G79/><T103/><D46/><U27/><E27/><V15/><F106/><W115/><G115/><N who="1" m="29442" /><U125/><DORA hai="54" /><E125/><V76/><F95/><W128/><G128/><T111/><D39/><U120/><E120/><V66/><F66/><W129/><G129/><T77/><D18/><U7/><E101/><V122/><F122/><W73/><G48/><T60/><D60/><U20/><E20/><V30/><F30/><W90/><G68/><T81/><D12/><N who="1" m="5175" /><E91/><AGARI ba="0,0" hai="77,78,81,83,85,86,89,91,98,103,104,108,110,111" machi="91" ten="40,8000,1" yaku="9,1,34,3" doraHai="55,54" who="0" fromWho="1" sc="222,80,77,-80,473,0,228,0" owari="302,10.0,-3,-50.0,473,57.0,228,-17.0" /></mjloggm>