<mjloggm ver="2.3"><GO type="169" lobby="0"/><UN n0="%E3%81%8B%E3%81%97%E3%81%8B%E3%81%8A" n1="%E7%B7%92%E6%96%B9%E6%99%BA%E7%B5%B5%E9%87%8C%2B" n2="%E3%81%BD%E3%82%93%E5%A4%A7%E7%94%9F" n3="%E5%B0%B1%E6%B4%BB%E7%94%9F%40%E5%B7%9D%E6%9D%91%E8%BB%8D%E5%9B%A3" dan="17,18,16,16" rate="2184.29,2187.31,2089.63,2147.65" sx="M,M,M,M"/><TAIKYOKU oya="0"/><INIT seed="0,0,0,5,4,35" ten="250,250,250,250" oya="0" hai0="94,116,63,84,45,79,50,64,22,115,96,15,87" hai1="51,98,129,55,14,92,117,85,97,39,9,132,52" hai2="80,32,124,112,113,88,62,72,49,104,21,1,6" hai3="120,135,10,99,43,19,13,75,12,78,26,69,27"/><T109/><D116/><U91/><E39/><V110/><F32/><W128/><G69/><T60/><D115/><U53/><E117/><V74/><F104/><W123/><G43/><T70/><D109/><U20/><E132/><V119/><F110/><W108/><G108/><T130/><D130/><U103/><E129/><V34/><F119/><W30/><G128/><T42/><D63/><U90/><E20/><V37/><F34/><W101/><G135/><T95/><D79/><U76/><E76/><V100/><F37/><W111/><G111/><T134/><D134/><U7/><E91/><V31/><F100/><W68/><G68/><T8/><D22/><U89/><E89/><V3/><F62/><W29/><G78/><T77/><D77/><U25/><E25/><N who="3" m="9226" /><G75/><T59/><D70/><U71/><E98/><V122/><F122/><N who="3" m="46635" /><G13/><T105/><D105/><AGARI ba="0,0" hai="10,12,19,29,30,99,101,105" m="46635,9226" machi="105" ten="30,1000,0" yaku="13,1" doraHai="35" who="3" fromWho="0" sc="250,-10,250,0,250,0,250,10" /><INIT seed="1,0,0,1,1,57" ten="240,250,250,260" oya="1" hai0="77,121,86,52,111,34,50,44,47,28,37,27,97" hai1="26,5,66,10,99,45,112,131,17,70,135,48,21" hai2="3,91,93,18,13,29,100,9,104,2,125,89,64" hai3="68,95,42,23,78,85,102,79,72,120,101,30,51"/><U106/><E112/><V123/><F123/><W90/><G68/><T56/><D111/><U58/><E135/><V126/><F29/><W49/><G120/><T41/><D121/><U40/><E131/><V36/><F36/><W119/><G119/><T98/><REACH who="0" step="1"/><D47/><REACH who="0" ten="230,250,250,260" step="2"/><U83/><E70/><V1/><F125/><W109/><G109/><T81/><AGARI ba="0,1" hai="27,28,34,37,41,44,50,52,56,77,81,86,97,98" machi="81" ten="30,7900,0" yaku="1,1,2,1,0,1,54,1,53,0" doraHai="57" doraHaiUra="14" who="0" fromWho="0" sc="230,89,250,-39,250,-20,260,-20" /><INIT seed="2,0,0,0,1,35" ten="319,211,230,240" oya="2" hai0="31,9,84,63,60,47,18,80,6,121,93,43,56" hai1="45,42,28,74,69,135,27,7,92,99,118,33,37" hai2="53,38,39,106,105,109,103,127,119,44,120,25,58" hai3="23,50,88,117,30,78,61,68,97,134,26,3,41"/><V77/><F120/><W110/><G117/><T115/><D115/><U132/><E118/><V10/><F119/><W122/><G122/><T89/><D121/><U116/><E116/><V59/><F77/><W52/><G78/><T11/><D31/><U123/><E123/><V130/><F25/><W67/><G134/><T29/><D29/><U79/><E69/><V101/><F10/><W65/><G110/><T128/><D128/><U21/><E7/><V55/><F44/><N who="3" m="25871" /><G3/><T34/><D34/><U22/><E79/><V96/><F96/><W15/><G15/><T85/><D18/><U125/><E74/><V87/><F87/><W82/><G68/><T4/><D11/><U90/><REACH who="1" step="1"/><E125/><REACH who="1" ten="319,201,230,240" step="2"/><V76/><F127/><W133/><G133/><AGARI ba="0,1" hai="21,22,27,28,33,37,42,45,90,92,99,132,133,135" machi="133" ten="40,5200,0" yaku="1,1,2,1,20,1,53,0" doraHai="35" doraHaiUra="2" who="1" fromWho="3" sc="319,0,201,62,230,0,240,-52" /><INIT seed="3,0,0,3,5,25" ten="319,263,230,188" oya="3" hai0="76,6,127,99,81,102,1,39,57,106,91,28,124" hai1="126,29,69,114,132,12,128,44,17,90,101,71,95" hai2="18,68,98,48,113,72,120,36,27,67,83,110,97" hai3="4,24,123,86,40,125,108,31,51,52,82,14,134"/><W46/><G123/><T118/><D39/><U129/><E114/><V34/><F36/><W10/><G125/><N who="0" m="48203" /><D118/><U131/><E126/><V80/><F113/><W7/><G134/><T75/><D57/><U100/><E132/><V135/><F135/><W104/><G104/><T47/><D47/><U93/><E44/><V2/><F2/><W20/><G108/><T59/><D59/><U109/><E109/><V84/><F72/><W3/><G3/><T87/><D28/><U74/><E74/><V37/><F37/><W89/><G40/><T105/><D6/><AGARI ba="0,0" hai="4,6,7,10,14,20,24,31,46,51,52,82,86,89" machi="6" ten="30,11600,0" yaku="7,1,8,1,52,1,54,1" doraHai="25" who="3" fromWho="0" sc="319,-116,263,0,230,0,188,116" /><INIT seed="3,1,0,4,2,1" ten="203,263,230,304" oya="3" hai0="122,119,49,112,51,86,25,56,90,109,93,125,61" hai1="118,133,105,73,70,135,72,99,97,77,110,30,107" hai2="28,63,75,116,79,74,64,111,62,58,17,102,41" hai3="106,114,108,18,3,84,76,53,88,80,37,16,12"/><W100/><G3/><T124/><D122/><U40/><E70/><V104/><F116/><W81/><G114/><T132/><D119/><U23/><E40/><V134/><F28/><W71/><G37/><T55/><D112/><U117/><E23/><V52/><F41/><W31/><G71/><T68/><D109/><U85/><E30/><V83/><F111/><W66/><G66/><T5/><D132/><U59/><E59/><V82/><F134/><W126/><G126/><N who="0" m="48747" /><D5/><U0/><E0/><V15/><F102/><W94/><G31/><T36/><D36/><U48/><E48/><N who="0" m="18505" /><D68/><U69/><E69/><V2/><F2/><W42/><G42/><T27/><AGARI ba="1,0" hai="25,27,55,56,61,86,90,93" m="18505,48747" machi="27" ten="30,1100,0" yaku="18,1" doraHai="1" who="0" fromWho="0" sc="203,14,263,-4,230,-4,304,-6" /><INIT seed="4,0,0,2,0,71" ten="217,259,226,298" oya="0" hai0="110,113,127,54,28,78,65,85,77,22,108,100,66" hai1="133,17,60,105,7,87,53,19,119,43,88,9,67" hai2="74,8,31,36,57,121,0,97,58,101,111,91,56" hai3="83,41,118,89,68,126,84,81,125,123,2,59,50"/><T109/><D113/><U51/><E133/><V10/><F111/><W116/><G2/><T44/><D100/><U39/><E105/><V26/><F121/><W99/><G68/><T62/><D127/><N who="3" m="48649" /><G59/><N who="0" m="35191" /><D44/><U82/><E39/><V20/><F74/><W120/><G50/><T42/><D42/><U13/><E43/><V1/><F91/><W132/><G41/><T107/><D107/><U35/><E35/><V98/><F36/><W37/><G37/><T27/><D85/><U15/><E15/><V114/><F114/><W72/><G132/><T93/><D93/><U55/><E119/><N who="3" m="45610" /><G99/><T75/><D75/><U95/><E82/><V12/><F98/><W96/><G96/><T92/><D92/><U69/><REACH who="1" step="1"/><E55/><REACH who="1" ten="217,249,226,298" step="2"/><V128/><F0/><W112/><G112/><T6/><D6/><U45/><AGARI ba="0,1" hai="7,9,13,17,19,45,51,53,60,67,69,87,88,95" machi="45" ten="20,8000,1" yaku="1,1,2,1,0,1,7,1,54,1,53,0" doraHai="71" doraHaiUra="34" who="1" fromWho="1" sc="217,-40,249,90,226,-20,298,-20" /><INIT seed="5,0,0,2,4,80" ten="177,339,206,278" oya="1" hai0="55,115,126,94,107,98,0,43,69,65,17,15,100" hai1="42,71,23,24,131,57,75,38,118,40,74,21,14" hai2="52,127,36,82,102,3,30,32,16,93,78,25,72" hai3="91,116,87,47,120,79,54,108,7,89,132,59,67"/><U26/><E118/><V12/><F36/><W70/><G120/><T68/><D0/><U96/><E71/><V63/><F3/><W105/><G105/><T88/><D43/><U92/><E131/><V10/><F127/><W37/><G108/><T60/><D126/><U73/><E14/><V62/><REACH who="2" step="1"/><F52/><REACH who="2" ten="177,339,196,278" step="2"/><W110/><G54/><T104/><D115/><U13/><E38/><V19/><F19/><W39/><G37/><T27/><D55/><U128/><E42/><V81/><F81/><W31/><G39/><T76/><D76/><U111/><E40/><V121/><F121/><W18/><G18/><T124/><D124/><U35/><E111/><V101/><F101/><W85/><G79/><T90/><D68/><U106/><E128/><V103/><F103/><W2/><G70/><T119/><D119/><U20/><E57/><V58/><F58/><W117/><G59/><T22/><D90/><U135/><E135/><V49/><F49/><W4/><G132/><T84/><REACH who="0" step="1"/><D27/><REACH who="0" ten="167,339,196,278" step="2"/><U97/><E26/><V44/><F44/><W99/><G91/><T95/><AGARI ba="0,2" hai="15,17,22,60,65,69,84,88,94,95,98,100,104,107" machi="95" ten="20,12000,2" yaku="1,1,2,1,0,1,7,1,52,1,54,1,53,1" doraHai="80" doraHaiUra="61" who="0" fromWho="0" sc="167,140,339,-60,196,-30,278,-30" /><INIT seed="6,0,0,0,2,100" ten="307,279,166,248" oya="2" hai0="21,30,116,69,123,95,36,135,114,48,16,70,33" hai1="119,12,19,60,71,88,98,77,80,42,4,66,47" hai2="75,85,125,96,101,0,58,28,43,89,126,64,87" hai3="51,6,128,99,13,54,102,31,2,130,133,97,118"/><V129/><F75/><W105/><G118/><T109/><D36/><U82/><E119/><V110/><F0/><W24/><G2/><T131/><D116/><U113/><E113/><V127/><F129/><N who="3" m="49771" /><G133/><T49/><D131/><U50/><E4/><V67/><F110/><W7/><G99/><T29/><D109/><U72/><E98/><V132/><F132/><W124/><G13/><T11/><D33/><U112/><E112/><V106/><F43/><W15/><G15/><T84/><D11/><U65/><E65/><V121/><F121/><W39/><G39/><T90/><D123/><U17/><E12/><V46/><F46/><N who="3" m="28023" /><G124/><T25/><D114/><U74/><E74/><V18/><F28/><N who="0" m="10858" /><D69/><U44/><E44/><V23/><F58/><W41/><G41/><T61/><D70/><U93/><E80/><N who="2" m="49383" /><F85/><W37/><G37/><T55/><D135/><U86/><AGARI ba="0,0" hai="17,19,42,47,50,60,66,71,72,77,82,86,88,93" machi="86" ten="20,2700,0" yaku="0,1,7,1,54,1" doraHai="100" who="1" fromWho="1" sc="307,-7,279,27,166,-13,248,-7" /><INIT seed="7,0,0,2,2,8" ten="300,306,153,241" oya="3" hai0="68,94,73,109,117,50,135,17,113,38,55,126,52" hai1="32,96,76,22,19,134,108,18,9,23,4,31,130" hai2="29,85,122,82,83,116,119,57,63,10,95,98,69" hai3="0,88,93,5,81,43,84,45,71,79,59,11,67"/><W99/><G71/><T64/><D109/><U42/><E76/><V37/><F122/><W58/><REACH who="3" step="1"/><G67/><REACH who="3" ten="300,306,153,231" step="2"/><T106/><D64/><U24/><E108/><V25/><F69/><W92/><G92/><T15/><D68/><U112/><E112/><V129/><F129/><W41/><G41/><T26/><D106/><U107/><E42/><V123/><F123/><W13/><G13/><T89/><D117/><U100/><E130/><V60/><F116/><W132/><G132/><T1/><D1/><U54/><E134/><V33/><F119/><W133/><G133/><T80/><D135/><U115/><E115/><V14/><F37/><AGARI ba="0,1" hai="0,5,11,37,43,45,58,59,79,81,84,88,93,99" machi="37" ten="30,11600,0" yaku="1,1,7,1,54,1,53,1" doraHai="8" doraHaiUra="2" who="3" fromWho="2" sc="300,0,306,0,153,-116,231,126" owari="300,-10.0,306,11.0,37,-46.0,357,45.0" /></mjloggm>