<mjloggm ver="2.3"><GO type="169" lobby="0"/><UN n0="%47%4F%4B%49%47%45%4E" n1="%E2%80%A0%E3%81%BE%E3%83%BC%E5%9D%8A%E2%80%A0" n2="%E5%B0%B1%E6%B4%BB%E7%94%9F%40%E5%B7%9D%E6%9D%91%E8%BB%8D%E5%9B%A3" n3="%43%6F%43%6F%4E%61%6E" dan="16,18,18,17" rate="2115.59,2272.99,2228.91,2181.05" sx="M,M,M,M"/><TAIKYOKU oya="0"/><INIT seed="0,0,0,3,3,67" ten="250,250,250,250" oya="0" hai0="92,85,17,32,113,116,1,125,115,102,65,133,89" hai1="128,96,36,74,129,99,62,34,45,44,70,76,58" hai2="75,81,112,117,106,105,35,82,41,109,54,77,68" hai3="13,5,101,91,127,69,48,135,59,42,46,60,88"/><T47/><D1/><U23/><E34/><V72/><F41/><W118/><G118/><T49/><D32/><U40/><E45/><V111/><F54/><W26/><G127/><T132/><D116/><U30/><E76/><N who="2" m="44167" /><F112/><W52/><G135/><N who="0" m="51787" /><D125/><U2/><E74/><V7/><F7/><W104/><G104/><N who="2" m="40041" /><F35/><W83/><G101/><T31/><D31/><U131/><E2/><V119/><F68/><W130/><G130/><T37/><D37/><U55/><REACH who="1" step="1"/><E70/><REACH who="1" ten="250,240,250,250" step="2"/><V61/><F61/><W14/><G69/><T33/><D33/><U79/><E79/><V100/><F100/><W108/><G46/><T78/><D102/><U66/><E66/><V80/><F119/><W53/><G59/><T18/><D78/><U25/><AGARI ba="0,1" hai="23,25,30,36,40,44,55,58,62,96,99,128,129,131" machi="25" ten="40,5200,0" yaku="1,1,0,1,19,1,53,0" doraHai="67" doraHaiUra="4" who="1" fromWho="1" sc="250,-26,240,62,250,-13,250,-13" /><INIT seed="1,0,0,3,2,107" ten="224,302,237,237" oya="1" hai0="108,76,63,127,74,23,125,42,114,113,121,5,24" hai1="37,36,39,25,9,12,110,8,79,4,55,27,53" hai2="95,93,102,83,135,103,61,30,106,1,3,115,104" hai3="101,68,99,35,118,43,88,134,87,94,123,22,81"/><U69/><E69/><V60/><F83/><W0/><G35/><T48/><D5/><U29/><E110/><V15/><F15/><W44/><G123/><T116/><D108/><U26/><E29/><V120/><F120/><W78/><G68/><T41/><D116/><U64/><E64/><V52/><F30/><W122/><G122/><T50/><D63/><U84/><E79/><V124/><F124/><W100/><G0/><T16/><D121/><U7/><REACH who="1" step="1"/><E84/><REACH who="1" ten="224,292,237,237" step="2"/><V31/><F31/><W109/><G109/><T70/><D70/><U40/><E40/><V111/><F111/><W128/><G118/><T67/><D67/><U91/><E91/><V32/><F32/><W90/><G78/><T129/><D41/><U56/><E56/><V71/><F71/><W51/><G128/><T21/><D42/><U73/><E73/><V62/><F102/><W34/><G34/><T58/><D129/><U80/><E80/><V82/><F103/><W72/><G72/><T105/><D76/><U132/><E132/><V96/><F82/><W14/><G134/><T10/><D74/><U20/><E20/><V17/><F135/><W97/><G97/><T18/><D58/><U77/><E77/><V130/><F130/><W98/><G98/><T131/><D131/><U38/><N who="1" m="9216" /><DORA hai="2" /><U126/><E126/><V45/><F96/><W46/><G46/><T117/><D117/><U11/><E11/><V33/><F33/><W85/><G85/><T49/><D10/><U112/><E112/><V47/><F115/><W92/><G81/><T86/><D114/><U65/><E65/><RYUUKYOKU ba="0,1" sc="224,-15,292,15,237,-15,237,15" hai1="4,7,8,9,12,25,26,27,53,55" hai3="14,22,43,44,51,87,88,90,92,94,99,100,101" /><INIT seed="1,1,1,1,5,112" ten="209,307,222,252" oya="1" hai0="68,9,48,78,21,23,26,109,6,113,19,18,120" hai1="44,89,59,61,24,132,13,101,88,73,110,12,4" hai2="100,47,104,81,35,116,39,36,50,117,84,93,123" hai3="34,135,69,58,108,55,91,57,66,41,82,105,128"/><U8/><E73/><V79/><F35/><W97/><G34/><T80/><D68/><U52/><E132/><V38/><F123/><W115/><G115/><T107/><D107/><U27/><E110/><V65/><F65/><W53/><G108/><T96/><D113/><U121/><E121/><V3/><F3/><W71/><G128/><T49/><D109/><U124/><E124/><V87/><F104/><W60/><G135/><T15/><D96/><U62/><E101/><V130/><F130/><W111/><G111/><T99/><D99/><U45/><E13/><V14/><F14/><W7/><G41/><T29/><D120/><U33/><E62/><V102/><F102/><W5/><G105/><T125/><D125/><U67/><E33/><V129/><F129/><W30/><G30/><T42/><D42/><U134/><E134/><V64/><F64/><W126/><G66/><T32/><D32/><U1/><E1/><V20/><F20/><W40/><G40/><T85/><REACH who="0" step="1"/><D29/><REACH who="0" ten="199,307,222,252" step="2"/><U16/><E4/><V63/><F100/><W11/><G7/><T118/><D118/><U37/><E37/><V114/><F114/><W103/><G126/><T0/><AGARI ba="1,2" hai="0,6,9,15,18,19,21,23,26,48,49,78,80,85" machi="0" ten="20,5200,0" yaku="1,1,0,1,7,1,53,1" doraHai="112" doraHaiUra="83" who="0" fromWho="0" sc="199,75,307,-27,222,-14,252,-14" /><INIT seed="2,0,0,4,5,101" ten="274,280,208,238" oya="2" hai0="125,94,47,50,78,43,0,29,85,61,98,40,116" hai1="26,82,84,41,21,95,3,79,6,28,83,10,2" hai2="114,33,7,74,113,118,99,75,65,57,124,103,35" hai3="64,8,100,120,104,51,60,69,22,54,87,5,111"/><V52/><F118/><W127/><G120/><T110/><D0/><U44/><E82/><V72/><F124/><W31/><G111/><T68/><D116/><U92/><REACH who="1" step="1"/><E3/><REACH who="1" ten="274,270,208,238" step="2"/><V109/><F109/><W63/><G127/><T122/><D122/><U39/><AGARI ba="0,1" hai="2,6,10,21,26,28,39,41,44,79,83,84,92,95" machi="39" ten="20,8000,1" yaku="1,1,2,1,0,1,7,1,53,1" doraHai="101" doraHaiUra="24" who="1" fromWho="1" sc="274,-20,270,90,208,-40,238,-20" /><INIT seed="3,0,0,5,5,22" ten="254,360,168,218" oya="3" hai0="132,47,129,32,112,108,62,63,107,16,122,9,85" hai1="66,106,92,8,110,50,18,42,53,60,30,105,37" hai2="14,114,24,31,77,11,94,103,19,90,51,120,127" hai3="55,23,36,3,126,13,111,44,46,98,4,21,73"/><W58/><G3/><T5/><D107/><U71/><E110/><V52/><F114/><W40/><G73/><T100/><D32/><U113/><E113/><V29/><F120/><W118/><G118/><T43/><D132/><U119/><E119/><V59/><F127/><W64/><G126/><T101/><D129/><U41/><E41/><V39/><F39/><W75/><G75/><T89/><D108/><U10/><E30/><V80/><F103/><W57/><G111/><T125/><D125/><U35/><E35/><V65/><F65/><W116/><G116/><T123/><D112/><U93/><E92/><V28/><F80/><W76/><G76/><T97/><D5/><U61/><E93/><V95/><F77/><W104/><G64/><T124/><D97/><U49/><E49/><V133/><F133/><W68/><G68/><T48/><D124/><U17/><E61/><V88/><F95/><W12/><G98/><T26/><D123/><U128/><E42/><V86/><F90/><W72/><G72/><T91/><D91/><U78/><E37/><V117/><F117/><W82/><G36/><T0/><D0/><U6/><E128/><V27/><AGARI ba="0,0" hai="11,14,19,24,27,28,29,31,51,52,59,86,88,94" machi="27" ten="30,12000,2" yaku="0,1,8,1,52,2,54,2" doraHai="22" who="2" fromWho="2" sc="254,-30,360,-30,168,120,218,-60" /><INIT seed="4,0,0,2,3,25" ten="224,330,288,158" oya="0" hai0="2,44,3,94,47,1,89,100,123,126,132,71,46" hai1="41,70,17,87,105,30,108,26,35,34,90,110,84" hai2="101,96,114,59,124,11,63,129,92,73,13,106,134" hai3="29,104,5,62,91,53,79,116,54,77,74,111,86"/><T76/><D71/><U98/><E35/><V16/><F73/><W0/><G111/><T67/><D123/><U15/><E41/><V115/><F129/><W102/><G116/><T40/><D67/><U14/><E84/><V37/><F37/><W36/><G36/><T128/><D128/><U113/><E14/><V12/><F134/><W112/><G112/><N who="2" m="43049" /><F124/><W19/><G5/><T10/><D126/><U85/><E85/><V127/><F127/><W88/><G0/><T8/><D100/><U28/><E70/><V20/><F106/><W82/><G77/><T135/><D76/><U9/><E30/><V121/><F121/><W61/><G19/><T7/><D40/><U117/><E117/><V50/><F50/><W21/><G102/><T51/><D51/><U69/><E69/><V52/><F12/><W95/><G104/><T18/><D18/><U78/><E113/><V75/><F75/><W107/><G107/><T57/><D57/><U58/><E58/><V33/><F33/><W130/><G130/><T66/><D66/><U103/><REACH who="1" step="1"/><E78/><REACH who="1" ten="224,320,288,158" step="2"/><V80/><F80/><AGARI ba="0,1" hai="9,15,17,26,28,34,80,87,90,98,103,105,108,110" machi="80" ten="30,8000,1" yaku="1,1,2,1,7,1,52,1,53,1" doraHai="25" doraHaiUra="97" who="1" fromWho="2" sc="224,0,320,90,288,-80,158,0" /><INIT seed="5,0,0,4,0,45" ten="224,410,208,158" oya="1" hai0="57,118,25,18,129,81,119,16,105,61,128,104,126" hai1="1,37,100,117,47,30,60,28,121,62,35,51,59" hai2="48,65,27,101,97,107,23,73,55,125,94,83,111" hai3="63,54,130,109,116,7,38,87,20,66,15,64,135"/><U114/><E1/><V5/><F111/><W102/><G109/><T39/><D39/><U84/><E37/><V32/><F125/><W95/><G38/><T72/><D126/><U13/><E35/><V19/><F32/><W96/><G135/><T42/><D42/><U92/><E62/><V124/><F124/><W91/><G130/><N who="0" m="50283" /><D81/><U74/><E74/><V132/><F132/><W21/><G116/><N who="0" m="44587" /><D72/><U24/><E121/><V115/><F115/><W99/><G54/><T58/><D25/><U98/><E24/><V67/><F5/><W131/><G131/><T40/><D40/><U89/><E114/><V12/><F27/><W10/><G96/><T49/><D49/><U36/><E36/><V9/><F23/><W108/><G108/><T122/><D122/><U2/><E51/><V106/><F83/><W41/><G41/><T52/><D58/><U78/><E59/><V71/><F73/><W120/><G120/><T11/><D11/><U44/><E44/><V77/><F77/><W90/><G90/><T88/><D88/><U31/><E47/><V26/><F26/><W112/><G112/><T110/><D110/><U69/><E78/><V80/><F80/><W22/><REACH who="3" step="1"/><G63/><REACH who="3" ten="224,410,208,148" step="2"/><T8/><D105/><AGARI ba="0,1" hai="7,10,15,20,21,22,64,66,87,91,95,99,102,105" machi="105" ten="40,5200,0" yaku="1,1,2,1,53,1" doraHai="45" doraHaiUra="86" who="3" fromWho="0" sc="224,-52,410,0,208,0,148,62" /><INIT seed="6,0,0,2,2,102" ten="172,410,208,210" oya="2" hai0="57,56,22,33,19,130,119,46,110,94,73,24,25" hai1="106,70,59,45,135,77,36,124,7,4,42,131,79" hai2="17,129,81,27,93,40,16,74,65,39,116,63,113" hai3="32,92,20,0,86,12,30,8,72,6,62,104,55"/><V5/><F116/><W88/><G72/><T100/><D73/><U99/><E70/><V54/><F113/><W10/><G104/><T23/><D110/><U3/><E59/><V68/><F129/><W21/><G32/><T37/><D33/><U83/><E79/><V122/><F122/><W134/><G30/><T108/><D108/><U97/><E124/><V1/><F93/><W50/><G62/><T101/><D130/><U31/><E31/><V26/><F54/><W127/><G134/><T48/><D37/><U112/><E106/><V85/><F27/><W66/><G66/><T75/><D75/><N who="1" m="43455" /><E4/><V80/><F26/><W13/><G0/><T84/><D119/><U96/><E135/><V53/><F53/><W123/><G127/><T133/><D133/><U118/><E118/><V71/><F71/><W107/><G107/><T125/><D125/><U98/><E98/><V87/><F80/><W115/><G115/><T103/><D84/><U126/><E126/><V52/><F52/><W111/><G111/><T15/><D94/><U18/><E99/><V58/><F68/><W120/><G123/><T78/><D78/><U44/><E131/><V91/><F74/><W90/><G90/><T69/><D69/><U51/><E97/><V64/><F64/><W9/><G120/><T105/><D105/><U95/><E96/><V2/><F87/><W121/><G121/><T109/><D109/><U76/><E95/><V43/><F2/><W34/><G34/><T28/><D25/><U14/><E3/><V38/><F38/><W47/><G12/><T114/><D114/><RYUUKYOKU ba="0,0" sc="172,15,410,-15,208,-15,210,15" hai0="15,19,22,23,24,28,46,48,56,57,100,101,103" hai3="6,8,9,10,13,20,21,47,50,55,86,88,92" /><INIT seed="7,1,0,2,2,123" ten="187,395,193,225" oya="3" hai0="17,31,91,105,81,22,96,34,116,27,117,118,80" hai1="30,133,102,84,110,113,37,92,68,66,100,28,53" hai2="74,51,26,90,65,119,32,61,44,12,85,114,55" hai3="103,67,29,99,35,83,109,115,73,127,58,71,87"/><W8/><G71/><T130/><D130/><U122/><E100/><V94/><F74/><W14/><G73/><T21/><D34/><U42/><E28/><V47/><F119/><W38/><G115/><T50/><D50/><U135/><E66/><V15/><F114/><W106/><G38/><T46/><D46/><U25/><E53/><V76/><F76/><W60/><G127/><T39/><D39/><U13/><E13/><V78/><F78/><W93/><G109/><T24/><REACH who="0" step="1"/><D91/><REACH who="0" ten="177,395,193,225" step="2"/><N who="1" m="53351" /><E68/><V79/><F47/><W45/><G35/><T16/><D16/><U75/><E37/><V62/><F79/><W82/><G45/><T64/><D64/><U86/><E133/><V40/><F40/><W112/><G29/><T132/><D132/><U4/><E42/><V3/><F3/><W126/><G112/><T0/><D0/><U108/><E30/><V129/><F129/><W49/><G49/><T111/><D111/><U70/><E113/><V10/><F65/><W104/><G67/><T1/><D1/><U124/><E135/><V59/><F44/><W2/><G2/><T41/><D41/><U107/><E70/><V97/><F97/><W36/><G99/><T89/><D89/><U128/><E128/><V23/><F32/><W131/><G131/><T20/><D20/><U125/><E110/><V18/><F10/><W120/><G8/><T77/><D77/><U95/><E108/><V56/><F56/><W48/><G58/><T7/><D7/><U33/><E4/><V6/><F6/><W69/><G69/><T72/><D72/><U88/><E75/><RYUUKYOKU ba="1,1" sc="177,15,395,-15,193,15,225,-15" hai0="17,21,22,24,27,31,80,81,96,105,116,117,118" hai2="12,15,18,23,26,51,55,59,61,62,85,90,94" owari="192,-31.0,390,49.0,208,-19.0,210,1.0" /></mjloggm>