<mjloggm ver="2.3"><GO type="169" lobby="0"/><UN n0="%E3%83%88%E3%83%88%E3%83%AA%E5%85%88%E7%94%9F%31%39%E6%AD%B3" n1="%68%61%79%61%74%6F%E2%98%86" n2="%E5%BE%A9%E8%AE%90%E3%81%A1%E3%82%83%E3%82%93" n3="%E3%83%92%E3%81%A8%E3%82%B7" dan="19,17,17,16" rate="2257.88,2133.73,2197.73,2108.69" sx="F,M,F,M"/><TAIKYOKU oya="0"/><INIT seed="0,0,0,5,4,36" ten="250,250,250,250" oya="0" hai0="130,30,15,133,108,43,126,119,60,123,114,125,80" hai1="4,74,65,106,42,24,127,87,83,5,50,32,117" hai2="92,134,96,28,44,21,20,45,63,29,75,104,128" hai3="33,17,47,58,51,110,70,46,7,64,3,59,26"/><T54/><D30/><U52/><E106/><V11/><F75/><W1/><G70/><T37/><D80/><U98/><E74/><V69/><F104/><W13/><G110/><T40/><D15/><U25/><E117/><V49/><F45/><W67/><G7/><T107/><D107/><U120/><E120/><V102/><F128/><W122/><G122/><T131/><D123/><U93/><E65/><V84/><F134/><W35/><G51/><T76/><D76/><U55/><E32/><V105/><F63/><W118/><G13/><T95/><D95/><U61/><E61/><V89/><F69/><W9/><G9/><T6/><D6/><N who="1" m="2667" /><E127/><N who="0" m="48649" /><D37/><U109/><E109/><V94/><F11/><W73/><G73/><T18/><D18/><U101/><E24/><V90/><F28/><W53/><G17/><T103/><D103/><U115/><E25/><V100/><F29/><W31/><G26/><T14/><D14/><U97/><E97/><V132/><F100/><W124/><G31/><T72/><D72/><U121/><E115/><V16/><F16/><W77/><G124/><T66/><D108/><U81/><E121/><V34/><F34/><W99/><G118/><T57/><D119/><U116/><E116/><V2/><F2/><W0/><G0/><T68/><D133/><U12/><E12/><V88/><F132/><W86/><G99/><T23/><D114/><U56/><E83/><V27/><F84/><W111/><G86/><T135/><D135/><U82/><E81/><V78/><F27/><W71/><G111/><T62/><D23/><N who="2" m="8778" /><F78/><W129/><G3/><RYUUKYOKU ba="0,0" sc="250,15,250,-15,250,15,250,-15" hai0="40,43,54,57,60,62,66,68,130,131" hai2="44,49,88,89,90,92,94,96,102,105" /><INIT seed="0,1,0,2,3,6" ten="265,235,265,235" oya="0" hai0="18,37,110,132,103,116,75,20,2,17,30,67,51" hai1="68,69,39,13,55,53,34,58,45,64,60,135,125" hai2="65,120,101,117,1,16,44,113,123,59,126,107,122" hai3="0,73,80,127,86,50,32,74,82,106,62,91,47"/><T105/><D116/><U23/><E34/><V10/><F113/><W12/><G0/><T92/><D37/><U89/><E125/><V31/><F31/><W52/><G127/><T109/><D75/><U98/><E135/><V21/><F126/><W54/><G106/><T8/><D132/><U129/><E129/><V11/><F1/><W112/><G112/><T100/><D105/><U72/><E72/><V108/><F108/><N who="0" m="41578" /><D67/><U43/><E89/><V130/><F130/><W95/><G32/><T111/><N who="0" m="41586" /><T115/><DORA hai="49" /><D115/><U134/><E98/><V133/><F133/><W78/><G12/><N who="0" m="7303" /><D2/><U99/><E134/><V48/><F117/><W104/><G104/><T102/><D51/><U4/><E99/><V90/><F107/><W128/><G128/><T35/><D30/><U40/><E23/><V26/><F101/><W84/><REACH who="3" step="1"/><G95/><REACH who="3" ten="265,235,265,225" step="2"/><T15/><D35/><U46/><E13/><V118/><F118/><W3/><G3/><T131/><D131/><U27/><E27/><V19/><F26/><W79/><G79/><T81/><D81/><U42/><E4/><V77/><F77/><W63/><G63/><T29/><D29/><U76/><E76/><V97/><F120/><W94/><G94/><AGARI ba="1,1" hai="15,18,20,92,94,100,102,103" m="7303,41586" machi="94" ten="50,9600,0" yaku="14,1,10,1,52,1" doraHai="6,49" who="0" fromWho="3" sc="265,109,235,0,265,0,225,-99" /><INIT seed="0,2,0,3,1,72" ten="374,235,265,126" oya="0" hai0="42,19,98,129,97,56,38,113,100,40,46,74,87" hai1="127,8,117,86,111,106,23,108,121,77,130,0,81" hai2="70,68,49,51,20,80,88,9,115,41,124,78,25" hai3="18,132,73,34,3,103,53,93,71,69,65,59,126"/><T35/><D113/><U84/><E121/><V105/><F115/><W22/><G3/><T47/><D74/><U14/><E106/><V107/><F124/><W85/><G73/><T43/><D129/><U45/><E117/><V55/><F105/><W30/><G126/><T29/><D100/><U62/><E127/><V7/><F107/><W61/><G132/><T99/><D19/><U36/><E62/><V119/><F41/><W91/><G103/><T12/><D12/><U17/><E130/><V118/><F68/><W135/><G135/><T5/><D5/><U92/><E92/><V1/><F70/><W16/><G34/><T48/><D35/><U89/><E86/><V52/><F88/><W39/><G39/><T104/><D104/><U114/><E89/><V4/><F4/><W11/><G11/><T2/><D2/><U33/><E33/><V131/><F131/><W94/><G94/><T21/><D87/><U50/><E36/><V28/><F51/><W75/><G75/><T122/><D122/><U37/><E37/><V26/><F25/><W15/><G30/><T125/><D125/><U112/><E8/><V10/><F9/><W24/><REACH who="3" step="1"/><G53/><REACH who="3" ten="374,235,265,116" step="2"/><N who="0" m="31783" /><D38/><U44/><E0/><V54/><F118/><W67/><G67/><T116/><D116/><U95/><E112/><V83/><F119/><W76/><G76/><T60/><D29/><U110/><E114/><V31/><F31/><W57/><G57/><T63/><D21/><U123/><E123/><V58/><F78/><W66/><G66/><T101/><D101/><U96/><E77/><V27/><F1/><RYUUKYOKU ba="2,1" sc="374,15,235,-15,265,-15,116,15" hai0="40,42,43,46,47,60,63,97,98,99" hai3="15,16,18,22,24,59,61,65,69,71,85,91,93" /><INIT seed="0,3,1,5,2,51" ten="389,220,250,131" oya="0" hai0="125,46,91,78,113,44,49,97,86,98,132,133,100" hai1="135,90,58,80,26,92,128,107,56,119,83,24,108" hai2="99,55,68,131,20,42,109,81,15,57,82,28,12" hai3="4,101,114,102,3,134,72,52,94,33,71,61,105"/><T96/><D113/><U62/><E107/><V5/><F68/><W64/><G114/><T111/><D78/><U124/><E124/><V31/><F109/><W75/><G134/><N who="0" m="51819" /><D125/><U13/><E128/><V40/><F99/><N who="0" m="37962" /><D111/><U63/><E119/><V70/><F70/><W18/><G105/><N who="0" m="63639" /><D49/><U47/><E108/><V74/><F131/><W0/><G94/><AGARI ba="3,1" hai="44,46,86,91,94" m="63639,37962,51819" machi="94" ten="30,1500,0" yaku="20,1" doraHai="51" who="0" fromWho="3" sc="389,34,220,0,250,0,131,-24" /><INIT seed="0,4,0,0,5,112" ten="423,220,250,107" oya="0" hai0="111,74,64,6,81,100,89,49,98,14,26,122,91" hai1="105,97,92,53,106,17,103,23,128,107,88,35,29" hai2="124,10,50,12,65,79,19,66,32,75,44,43,18" hai3="5,109,82,129,47,131,119,58,110,52,25,116,16"/><T120/><D111/><N who="3" m="42505" /><G5/><T117/><D117/><N who="3" m="45129" /><G82/><T95/><D64/><U27/><E128/><N who="3" m="49226" /><G47/><T118/><D118/><U108/><E53/><V62/><F44/><W22/><G52/><T42/><D81/><U90/><REACH who="1" step="1"/><E108/><REACH who="1" ten="423,210,250,107" step="2"/><V83/><F65/><W72/><G58/><T46/><D46/><U87/><E87/><V9/><F66/><W134/><G134/><T56/><D56/><U85/><E85/><V59/><F59/><W130/><N who="3" m="49234" /><W99/><DORA hai="0" /><G99/><T96/><D96/><U2/><E2/><V121/><F62/><W24/><G72/><T61/><D74/><U51/><E51/><V28/><F50/><W55/><G55/><T94/><D61/><U68/><E68/><V70/><F70/><W33/><G33/><T69/><D69/><U101/><E101/><V54/><F54/><W71/><G71/><T15/><D100/><U63/><E63/><V11/><F32/><W21/><G21/><T125/><D98/><U37/><E37/><V93/><F75/><W3/><G3/><T73/><D73/><U45/><E45/><V80/><F10/><W41/><G41/><T114/><D42/><U104/><N who="1" m="26624" /><DORA hai="36" /><U57/><E57/><V34/><F9/><W115/><G115/><T133/><D114/><U113/><E113/><V31/><F11/><W39/><G39/><T84/><D49/><U77/><E77/><V8/><F79/><W60/><G60/><T67/><D67/><U127/><E127/><V30/><F43/><W86/><G86/><T135/><D84/><U40/><E40/><V123/><F34/><W126/><G126/><RYUUKYOKU ba="4,1" sc="423,-15,210,15,250,-15,107,15" hai1="17,23,27,29,35,88,90,92,97,103" hai3="16,22,24,25" /><INIT seed="1,5,1,3,3,20" ten="408,225,235,122" oya="1" hai0="38,64,28,130,115,134,96,132,84,44,34,128,39" hai1="67,40,17,23,71,91,97,74,10,48,12,106,59" hai2="82,22,54,110,120,63,21,45,119,30,50,2,75" hai3="73,6,13,92,66,33,104,121,135,60,47,53,7"/><U4/><E74/><V112/><F119/><W15/><G104/><T5/><D115/><U118/><E118/><V102/><F120/><W116/><G116/><T108/><D108/><U49/><E71/><V124/><F2/><W36/><G121/><T42/><D5/><N who="3" m="1545" /><G33/><T72/><D72/><U95/><E106/><V52/><F110/><W29/><G73/><T27/><D64/><U0/><E40/><V58/><F124/><W90/><G36/><T83/><D96/><U19/><E67/><V32/><F102/><W89/><G29/><T85/><D85/><U117/><E117/><V107/><F107/><W123/><G135/><N who="0" m="51755" /><D39/><U68/><E68/><V122/><F122/><W80/><G80/><T25/><D25/><U35/><E35/><V105/><F105/><W127/><G127/><T76/><AGARI ba="5,1" hai="27,28,34,38,42,44,76,83,84,128,130" m="51755" machi="76" ten="30,2000,0" yaku="20,1,52,1" doraHai="20" who="0" fromWho="0" sc="408,45,225,-15,235,-10,122,-10" /><INIT seed="2,0,0,4,4,20" ten="453,210,225,112" oya="2" hai0="35,114,113,80,45,71,126,89,73,55,8,67,103" hai1="60,16,99,77,57,121,3,34,70,104,40,119,133" hai2="111,43,78,112,27,26,64,132,94,21,115,86,81" hai3="91,109,50,85,29,37,93,11,123,97,87,74,128"/><V92/><F132/><W13/><G37/><T117/><D35/><U25/><E119/><V49/><F111/><W17/><G109/><T53/><D103/><U58/><E3/><V38/><F38/><W135/><G128/><T61/><D117/><U1/><E1/><V9/><F64/><W22/><G135/><T36/><D8/><U65/><E77/><V79/><F112/><W131/><G131/><T63/><D89/><U41/><E133/><V24/><F115/><N who="0" m="44042" /><D80/><U18/><E57/><V75/><F75/><W39/><G39/><T100/><D100/><N who="1" m="62495" /><E58/><V2/><F79/><W84/><G123/><T52/><D126/><U130/><E121/><V42/><F2/><W90/><G74/><T6/><D6/><U134/><E130/><V10/><F21/><W4/><G50/><T12/><D12/><U15/><E134/><V48/><F48/><W102/><REACH who="3" step="1"/><G29/><REACH who="3" ten="453,210,225,102" step="2"/><T122/><D73/><U68/><E68/><V66/><F49/><W23/><G23/><T54/><D122/><U83/><E18/><V124/><F124/><W33/><G33/><T31/><D31/><N who="1" m="19823" /><E83/><V28/><F28/><W62/><G62/><N who="0" m="40439" /><D36/><U105/><E105/><V46/><F10/><AGARI ba="0,1" hai="10,15,16,40,41,60,65,70" m="19823,62495" machi="10" ten="30,3900,0" yaku="25,1,52,1,54,1" doraHai="20" who="1" fromWho="2" sc="453,0,210,49,225,-39,102,0" /><INIT seed="3,0,0,2,4,85" ten="453,259,186,102" oya="3" hai0="134,113,45,121,26,93,40,75,52,76,108,4,112" hai1="16,68,22,9,33,126,103,120,25,6,74,97,132" hai2="130,104,109,14,133,107,2,17,116,18,15,115,47" hai3="37,58,53,91,34,23,32,86,35,105,8,95,117"/><W83/><G117/><T78/><D121/><U42/><E120/><V119/><F2/><W84/><G105/><T51/><D134/><U70/><E74/><V131/><F47/><W127/><G127/><T71/><D71/><U24/><E126/><V106/><F115/><N who="0" m="44106" /><D108/><U125/><E42/><V87/><F87/><W101/><G37/><T46/><D75/><U44/><E44/><V36/><F36/><W102/><G23/><T89/><D26/><U31/><E132/><V96/><F96/><W129/><G8/><T41/><D4/><U30/><E30/><V92/><F92/><W50/><REACH who="3" step="1"/><G129/><REACH who="3" ten="453,259,186,92" step="2"/><T27/><D41/><U110/><E125/><V28/><F107/><W90/><AGARI ba="0,1" hai="32,34,35,50,53,58,83,84,86,90,91,95,101,102" machi="90" ten="40,12000,1" yaku="1,1,2,1,0,1,52,2,53,0" doraHai="85" doraHaiUra="59" who="3" fromWho="3" sc="453,-40,259,-40,186,-40,92,130" /><INIT seed="3,1,0,4,2,133" ten="413,219,146,222" oya="3" hai0="38,83,50,62,134,26,68,104,93,10,96,32,91" hai1="23,4,69,119,113,11,58,102,40,121,63,20,124" hai2="61,48,114,64,81,49,25,108,37,131,115,89,22" hai3="16,82,67,130,44,45,75,7,74,39,98,129,116"/><W47/><G116/><T17/><D38/><U30/><E69/><V0/><F0/><W70/><G7/><T120/><D120/><U122/><E113/><V73/><F37/><W87/><G98/><T112/><D134/><U77/><E77/><V65/><F65/><W101/><G101/><T110/><D110/><U107/><E40/><V105/><F108/><W84/><G39/><T54/><D104/><U55/><E119/><V2/><F2/><W21/><G67/><T72/><D112/><U109/><E109/><V24/><F105/><W135/><G70/><T41/><D41/><U123/><E30/><V59/><F131/><N who="3" m="50187" /><G135/><T13/><D62/><U43/><E43/><V42/><F114/><W95/><G95/><T103/><D68/><U90/><E102/><V118/><F118/><W14/><G84/><T80/><D72/><U57/><E107/><V127/><F73/><W132/><G132/><T111/><D103/><U29/><E121/><V106/><F106/><W60/><G60/><T28/><D111/><U85/><E63/><V36/><F61/><W5/><G5/><T52/><D54/><U78/><E55/><V56/><F36/><W76/><AGARI ba="1,0" hai="14,16,21,44,45,47,74,75,76,82,87" m="50187" machi="76" ten="30,3000,0" yaku="19,1,54,1" doraHai="133" who="3" fromWho="3" sc="413,-11,219,-11,146,-11,222,33" /><INIT seed="3,2,0,1,4,47" ten="402,208,135,255" oya="3" hai0="83,35,94,66,5,115,56,0,46,88,92,38,131" hai1="51,40,106,28,25,113,43,30,11,121,16,81,31" hai2="3,116,59,128,60,62,77,33,49,107,90,6,45" hai3="100,65,41,39,119,67,55,52,37,98,64,53,101"/><W73/><G73/><T129/><D35/><U14/><E106/><V120/><F116/><W89/><G119/><T57/><D115/><U19/><E113/><V93/><F107/><W111/><G41/><N who="0" m="22839" /><D92/><U48/><E81/><V36/><F36/><N who="3" m="13899" /><G89/><T26/><D66/><N who="3" m="16897" /><W114/><DORA hai="22" /><G98/><T24/><D83/><U109/><E109/><V132/><F33/><W78/><G78/><T44/><D44/><U108/><E108/><V103/><F103/><N who="3" m="39499" /><G111/><T96/><D56/><U54/><E121/><V42/><F77/><W99/><G99/><T13/><D13/><U125/><E125/><V2/><F59/><W86/><G114/><T58/><D58/><U70/><E70/><V32/><F32/><W133/><G133/><T123/><D57/><U1/><E54/><N who="3" m="13826" /><W122/><DORA hai="15" /><G122/><T76/><D76/><U68/><E68/><V74/><F132/><W9/><G9/><N who="0" m="2215" /><D123/><U124/><E1/><V85/><F120/><W126/><G126/><T23/><D23/><N who="1" m="13543" /><E124/><V17/><F3/><W4/><G4/><T105/><D105/><U102/><E102/><V79/><F6/><W7/><G7/><T72/><D72/><U117/><E117/><V61/><F2/><W63/><G63/><T112/><D112/><U18/><E18/><V12/><F79/><W127/><G127/><T50/><D88/><U104/><E104/><V118/><F74/><W34/><G34/><T20/><D94/><U134/><E134/><V27/><F118/><W95/><G95/><T91/><D91/><U130/><E19/><V135/><F135/><W69/><G69/><T21/><D21/><RYUUKYOKU ba="2,0" sc="402,-10,208,-10,135,-10,255,30" hai3="86" /><INIT seed="3,3,0,2,5,37" ten="392,198,125,285" oya="3" hai0="123,88,129,112,55,31,48,79,113,15,96,98,64" hai1="108,9,36,22,116,4,12,93,30,38,133,76,29" hai2="43,24,56,52,57,20,71,5,46,91,32,81,109" hai3="33,16,62,60,111,100,44,128,83,102,105,131,104"/><W59/><G33/><T7/><D123/><U90/><E116/><V45/><F109/><W134/><G83/><T95/><D129/><N who="3" m="49737" /><G111/><T75/><D64/><U86/><E133/><V80/><F71/><W2/><G2/><T122/><D122/><U19/><E108/><V124/><F124/><W84/><G84/><T68/><D68/><U25/><E30/><V94/><F32/><W118/><G118/><T63/><D63/><N who="3" m="24105" /><G59/><T13/><D79/><U61/><E76/><V92/><F5/><W126/><G134/><T53/><D75/><U132/><E132/><V101/><F56/><W26/><G44/><T6/><D31/><U58/><REACH who="1" step="1"/><E29/><REACH who="1" ten="392,188,125,285" step="2"/><V23/><F23/><N who="3" m="13671" /><G126/><T110/><D110/><U34/><E34/><V35/><F35/><W8/><G8/><T18/><D112/><U39/><E39/><V89/><F20/><W135/><G135/><T82/><D113/><U51/><E51/><V114/><F114/><W117/><G117/><T49/><D48/><U87/><E87/><V97/><F97/><W127/><G127/><T77/><D49/><U115/><E115/><V85/><F85/><W41/><G41/><T72/><D96/><U103/><E103/><AGARI ba="3,1" hai="100,102,103,104,105" m="13671,24105,49737" machi="103" ten="30,2900,0" yaku="19,1,54,1" doraHai="37" who="3" fromWho="1" sc="392,0,188,-38,125,0,285,48" /><INIT seed="3,4,0,2,1,102" ten="392,150,125,333" oya="3" hai0="56,38,135,42,12,44,75,86,14,51,68,5,66" hai1="76,70,127,101,41,93,77,30,47,48,17,116,1" hai2="71,49,82,73,55,39,117,25,28,60,112,72,113" hai3="99,33,133,61,78,91,0,13,83,10,88,54,63"/><W122/><G0/><T132/><D75/><U58/><E70/><V96/><F117/><W79/><G33/><T134/><D5/><U36/><E1/><V129/><F129/><W64/><G122/><T120/><D120/><U50/><E127/><V31/><F39/><W8/><G133/><T43/><D43/><U84/><E30/><V74/><F82/><W97/><G54/><N who="0" m="31839" /><D86/><U81/><E116/><V115/><F60/><AGARI ba="4,0" hai="12,14,38,42,44,60,66,68,132,134,135" m="31839" machi="60" ten="30,2000,0" yaku="24,1,20,1" doraHai="102" who="0" fromWho="2" sc="392,32,150,0,125,-32,333,0" /><INIT seed="4,0,0,4,1,67" ten="424,150,93,333" oya="0" hai0="56,69,45,116,75,101,51,62,83,57,108,90,63" hai1="85,10,130,50,25,95,43,72,111,53,65,125,106" hai2="6,30,100,42,14,76,131,37,118,127,40,35,84" hai3="121,59,64,20,96,88,47,48,52,33,122,44,119"/><T4/><D116/><U8/><E106/><V110/><F110/><W34/><G20/><T123/><D123/><N who="3" m="47113" /><G119/><T66/><D108/><U61/><E72/><V55/><F118/><W16/><G16/><T98/><D4/><U29/><E111/><V49/><F100/><W99/><G99/><T94/><D63/><U13/><E43/><V129/><F30/><W93/><G64/><T9/><D9/><U102/><E125/><V133/><F35/><AGARI ba="0,0" hai="33,34,35,44,47,48,52,59,88,93,96" m="47113" machi="35" ten="30,3900,0" yaku="13,1,54,2" doraHai="67" who="3" fromWho="2" sc="424,0,150,0,93,-39,333,39" /><INIT seed="5,0,0,5,5,28" ten="424,150,54,372" oya="1" hai0="107,21,77,55,74,125,132,42,23,49,26,112,5" hai1="11,86,12,47,48,25,33,85,109,121,62,99,83" hai2="3,37,130,7,88,60,54,73,127,2,76,34,24" hai3="15,0,17,53,78,16,35,36,58,97,120,89,81"/><U8/><E121/><V20/><F37/><W113/><G36/><T82/><D107/><U40/><E109/><V64/><F127/><W117/><G0/><T123/><D125/><U43/><E99/><V70/><F130/><W135/><G120/><T101/><D101/><U52/><E85/><V104/><F104/><W119/><G35/><T111/><D111/><U46/><E46/><V44/><F76/><W114/><G89/><T4/><D123/><U66/><E25/><V116/><F73/><W31/><G31/><T22/><D42/><U57/><E33/><V90/><F116/><N who="3" m="44619" /><G97/><T67/><D112/><N who="3" m="43113" /><G15/><T45/><D132/><U56/><E56/><V10/><F2/><W80/><G135/><T9/><D67/><U106/><E106/><V118/><F118/><W63/><G81/><T129/><D129/><U27/><E27/><V79/><F79/><W6/><G6/><T103/><D103/><U126/><E126/><V59/><F44/><W69/><G69/><T92/><D92/><U14/><E14/><V102/><F102/><W32/><G32/><T51/><D26/><U93/><E93/><V38/><F38/><W1/><G1/><N who="0" m="143" /><D5/><N who="1" m="3087" /><E11/><V96/><F96/><W87/><AGARI ba="0,0" hai="16,17,53,58,63,78,80,87" m="43113,44619" machi="87" ten="30,4000,0" yaku="12,1,15,1,54,1" doraHai="28" who="3" fromWho="3" sc="424,-10,150,-20,54,-10,372,40" /><INIT seed="6,0,0,0,5,64" ten="414,130,44,412" oya="2" hai0="78,63,131,62,49,113,89,3,75,9,132,28,38" hai1="39,101,56,10,83,115,90,124,22,103,118,104,71" hai2="125,67,135,19,46,31,108,66,119,58,126,50,61" hai3="72,130,81,94,36,133,112,97,34,82,5,122,11"/><V51/><F31/><W52/><G34/><T54/><D38/><U41/><E118/><V100/><F100/><W59/><G122/><T121/><D121/><U107/><E56/><V99/><F99/><W13/><G36/><T40/><D40/><U80/><E22/><V70/><F19/><W134/><G72/><T79/><D113/><U48/><E48/><V88/><F88/><N who="3" m="55495" /><G130/><T17/><D132/><N who="3" m="50793" /><G112/><T95/><D131/><U123/><E10/><V102/><F102/><W44/><G44/><T37/><D37/><U76/><E41/><N who="2" m="24911" /><F135/><W68/><G68/><T33/><D28/><U47/><E115/><V91/><F91/><W24/><G24/><T53/><D33/><U92/><E90/><V43/><F119/><W106/><G106/><T109/><D75/><U73/><E73/><V128/><F128/><W14/><G14/><N who="0" m="7375" /><D3/><U45/><E123/><V114/><F114/><W12/><G12/><T57/><D79/><U23/><E104/><V60/><F108/><W21/><G21/><T27/><D27/><U55/><E23/><V110/><F110/><W6/><G6/><T117/><D78/><U69/><E76/><V0/><F0/><W85/><G85/><N who="0" m="52655" /><D117/><U116/><E107/><V16/><F16/><W105/><G105/><T93/><D109/><U96/><E116/><V87/><F87/><W18/><G18/><T7/><D7/><U84/><E84/><V2/><F2/><W1/><G1/><T129/><D129/><U127/><E96/><V15/><F15/><W26/><G26/><T74/><D74/><U120/><E120/><V20/><F20/><RYUUKYOKU ba="0,0" sc="414,-15,130,-15,44,15,412,15" hai2="43,51,58,60,61,66,67,70,125,126" hai3="5,11,13,52,59,81,82" /><INIT seed="6,1,0,3,1,3" ten="399,115,59,427" oya="2" hai0="68,56,87,58,41,123,25,8,119,79,64,17,18" hai1="36,40,49,6,88,35,44,102,84,43,76,9,10" hai2="54,37,124,81,7,26,95,15,62,107,135,39,101" hai3="52,71,85,106,34,50,92,132,80,100,23,59,46"/><V27/><F107/><W24/><G34/><T104/><D123/><U20/><E35/><V63/><F124/><W74/><G71/><T53/><D104/><U0/><E102/><V105/><F105/><W131/><G131/><T127/><D127/><U30/><E76/><V2/><F2/><W120/><G132/><T67/><D119/><U19/><E10/><N who="2" m="4575" /><F135/><W99/><G120/><T93/><D41/><U122/><E30/><V109/><F39/><W33/><G33/><T65/><D68/><U77/><E77/><V91/><F37/><W134/><G134/><T66/><D25/><N who="2" m="9226" /><F109/><W48/><G74/><T51/><D8/><U78/><E78/><V16/><F54/><W129/><G129/><T4/><D4/><U5/><E122/><V82/><F101/><W14/><G14/><T121/><D121/><U133/><E133/><V12/><F82/><W117/><G117/><T61/><D79/><U42/><E6/><V96/><F81/><W97/><G80/><T29/><D29/><U22/><E36/><V55/><F55/><N who="3" m="32247" /><G100/><T108/><D108/><U86/><E43/><V1/><F1/><W111/><G106/><T72/><D72/><U75/><E42/><V118/><F118/><W128/><G128/><T28/><D28/><U125/><E75/><V130/><F130/><W31/><G111/><T69/><D69/><U73/><E73/><V103/><F103/><W115/><G115/><T21/><D21/><AGARI ba="1,0" hai="12,16,21,62,63,91,95,96" m="9226,4575" machi="21" ten="30,5800,0" yaku="8,1,52,1,54,1" doraHai="3" who="2" fromWho="0" sc="399,-61,115,0,59,61,427,0" /><INIT seed="6,2,0,4,0,116" ten="338,115,120,427" oya="2" hai0="87,69,13,85,3,76,53,8,61,37,63,16,130" hai1="73,36,122,54,40,38,64,27,58,90,89,101,123" hai2="125,35,99,48,117,19,57,66,22,75,4,96,81" hai3="11,109,56,95,77,133,97,15,49,93,118,25,33"/><V55/><F117/><W128/><G109/><T79/><D37/><U39/><E73/><V135/><F35/><W102/><G128/><T110/><D110/><U9/><E64/><V72/><F125/><W46/><G77/><T59/><D130/><U52/><E40/><V41/><F135/><W1/><G1/><T132/><D132/><U86/><E101/><V51/><F4/><W91/><G56/><T94/><D3/><U67/><E9/><V5/><F5/><W82/><G82/><T114/><D114/><U17/><E17/><V127/><F127/><W23/><G33/><T83/><D69/><U74/><E27/><V7/><F7/><N who="3" m="3583" /><G95/><T50/><D94/><N who="1" m="54583" /><E90/><V80/><F66/><W6/><G6/><T103/><D103/><U44/><E44/><N who="2" m="25615" /><F72/><W131/><G131/><T42/><REACH who="0" step="1"/><D42/><REACH who="0" ten="328,115,120,427" step="2"/><U78/><E74/><V92/><F75/><W106/><G102/><T32/><D32/><U119/><E119/><V104/><F104/><W84/><G106/><T18/><D18/><U26/><E39/><V115/><F115/><W107/><G107/><T88/><D88/><U111/><E111/><V68/><F68/><W134/><G118/><T2/><D2/><U62/><E38/><V120/><F92/><W65/><G133/><T14/><D14/><U121/><E36/><V0/><F0/><W20/><G134/><T24/><D24/><U47/><E78/><V98/><F120/><W30/><G25/><AGARI ba="2,1" hai="19,22,25,51,55,57,80,81,96,98,99" m="25615" machi="25" ten="30,1500,0" yaku="8,1" doraHai="116" who="2" fromWho="3" sc="328,0,115,0,120,31,427,-21" /><INIT seed="6,3,0,3,4,120" ten="328,115,151,406" oya="2" hai0="90,4,61,56,3,82,110,80,64,95,60,79,105" hai1="47,81,72,68,53,94,118,44,135,85,1,114,51" hai2="35,125,100,55,62,59,126,84,13,71,29,89,30" hai3="23,6,31,117,12,38,9,63,101,127,26,25,106"/><V15/><F100/><W83/><G38/><T5/><D105/><U17/><E118/><V45/><F71/><W43/><G43/><T122/><D110/><U124/><E68/><V20/><F35/><W16/><G117/><T134/><D122/><U32/><E32/><V66/><F66/><W96/><G83/><T131/><D131/><U69/><E69/><V22/><F45/><W65/><G127/><N who="2" m="48649" /><F22/><W92/><G106/><T86/><D134/><U104/><E104/><V50/><F62/><W10/><G10/><T128/><D128/><U129/><E124/><V52/><F55/><W19/><REACH who="3" step="1"/><G26/><REACH who="3" ten="328,115,151,396" step="2"/><T73/><D3/><U132/><E81/><N who="2" m="49295" /><F29/><W41/><G41/><T121/><D121/><U108/><E129/><V42/><F42/><W98/><G98/><T109/><D61/><U2/><E132/><V88/><F88/><W27/><G27/><AGARI ba="3,1" hai="13,15,20,27,30,50,52,59" m="49295,48649" machi="27" ten="30,2900,0" yaku="18,1,54,1" doraHai="120" who="2" fromWho="3" sc="328,0,115,0,151,48,396,-38" /><INIT seed="6,4,0,0,3,60" ten="328,115,199,358" oya="2" hai0="49,104,116,29,101,0,24,76,80,89,67,95,10" hai1="55,127,22,61,124,94,47,21,13,98,37,114,121" hai2="73,45,36,15,130,122,87,42,26,2,44,28,106" hai3="81,105,86,129,12,68,82,38,43,119,39,110,33"/><V125/><F73/><W62/><G39/><T6/><D116/><U120/><E13/><V31/><F2/><W99/><G82/><T96/><D49/><U40/><E21/><V25/><F106/><W5/><G99/><T83/><D76/><U17/><E22/><V102/><F102/><W69/><G12/><T59/><D59/><N who="1" m="35071" /><E94/><V123/><F15/><W111/><G62/><T100/><D67/><U35/><E98/><V84/><F36/><W70/><G5/><T74/><D74/><U51/><E17/><V128/><REACH who="2" step="1"/><F42/><REACH who="2" ten="328,115,189,358" step="2"/><W131/><G105/><T90/><D100/><U134/><E35/><V1/><F1/><W77/><G43/><T92/><D104/><U79/><E79/><V9/><F9/><W72/><G38/><T57/><D101/><U58/><E114/><V52/><F52/><W108/><G72/><T27/><D0/><U133/><E121/><V91/><F91/><W103/><G103/><T63/><D10/><U14/><E14/><V126/><AGARI ba="4,1" hai="25,26,28,31,44,45,84,87,122,123,125,126,128,130" machi="126" ten="25,9600,0" yaku="1,1,0,1,22,2,53,0" doraHai="60" doraHaiUra="30" who="2" fromWho="2" sc="328,-36,115,-36,189,118,358,-36" /><INIT seed="6,5,0,5,1,30" ten="292,79,307,322" oya="2" hai0="35,70,29,124,75,45,14,32,46,4,6,85,125" hai1="58,100,15,67,48,92,62,11,81,123,60,102,130" hai2="88,76,72,9,61,53,99,131,71,43,12,27,127" hai3="8,3,120,57,77,55,59,40,116,42,117,104,34"/><V114/><F114/><W90/><G120/><T18/><D75/><U17/><E130/><V0/><F0/><W7/><G104/><T84/><D29/><U31/><E123/><V91/><F131/><W89/><G34/><T2/><D70/><U44/><E92/><V24/><F43/><W16/><G77/><T132/><D132/><U36/><E36/><V23/><F127/><N who="0" m="48714" /><D2/><U112/><E112/><V38/><F38/><W47/><G16/><T13/><D85/><U128/><E128/><V19/><F76/><W39/><G42/><T97/><D84/><U33/><E81/><V22/><F72/><W118/><REACH who="3" step="1"/><G59/><REACH who="3" ten="292,79,307,312" step="2"/><T110/><D110/><U86/><E86/><V25/><F99/><W52/><G52/><T108/><D97/><U115/><E115/><V26/><F23/><W98/><G98/><T65/><D108/><U83/><E83/><V41/><F41/><W113/><G113/><T20/><D65/><U135/><E135/><V134/><F134/><W95/><G95/><T21/><D6/><U93/><E93/><V107/><F107/><W106/><G106/><T49/><D4/><U78/><E78/><V69/><F69/><W28/><G28/><T63/><D45/><U101/><E31/><N who="2" m="17815" /><F71/><W37/><G37/><T51/><D46/><U133/><E133/><V5/><F5/><W103/><G103/><T10/><D21/><U105/><E105/><V109/><F109/><W80/><G80/><T119/><D20/><U96/><E96/><V74/><F74/><W126/><G126/><T87/><D18/><U66/><E17/><V50/><F19/><RYUUKYOKU ba="5,1" sc="292,-10,79,-10,307,-10,312,30" hai3="3,7,8,39,40,47,55,57,89,90,116,117,118" /><INIT seed="7,6,1,4,0,104" ten="282,69,297,342" oya="3" hai0="52,2,10,83,73,18,0,42,92,135,39,95,106" hai1="82,57,24,87,8,31,25,41,66,67,124,99,61" hai2="127,28,33,90,117,114,85,126,62,109,45,14,48" hai3="37,75,115,128,7,56,76,107,81,43,132,78,96"/><W84/><G78/><N who="0" m="44495" /><D106/><U13/><E124/><N who="2" m="47659" /><F109/><W80/><G115/><T30/><D2/><U91/><E41/><V71/><F114/><W49/><G128/><T17/><D30/><U36/><E36/><V15/><F117/><W69/><G132/><T123/><D123/><U63/><E31/><V118/><F118/><W119/><G69/><T79/><D79/><U16/><REACH who="1" step="1"/><E99/><REACH who="1" ten="282,59,297,342" step="2"/><V125/><F125/><W120/><G43/><T40/><D40/><U133/><E133/><V35/><F28/><W3/><G37/><T72/><D135/><U68/><E68/><V44/><F35/><W131/><G119/><T102/><D52/><U54/><E54/><N who="2" m="29959" /><F33/><W65/><G120/><T108/><D108/><U55/><E55/><V93/><F45/><W19/><G131/><T4/><D72/><U11/><E11/><V20/><F20/><W86/><G75/><T101/><D101/><U9/><E9/><V89/><F89/><W130/><G130/><T74/><D74/><U110/><E110/><V103/><F103/><W46/><G46/><N who="0" m="23903" /><D102/><U34/><E34/><V105/><F105/><W64/><G107/><T22/><D22/><U77/><E77/><V29/><F29/><W113/><G76/><T5/><D5/><U1/><E1/><V53/><F53/><W26/><G7/><T21/><D18/><U111/><E111/><V27/><F27/><AGARI ba="6,2" hai="0,4,10,17,21,27,92,95" m="23903,44495" machi="27" ten="30,2000,0" yaku="25,1,52,1" doraHai="104" who="0" fromWho="2" sc="282,58,59,0,297,-38,342,0" owari="340,14.0,59,-44.0,259,-14.0,342,44.0" /></mjloggm>