<mjloggm ver="2.3"><GO type="169" lobby="0"/><UN n0="%37%66%75%6B%75%6A%69%6E" n1="%E3%83%A1%E3%82%A4%E3%82%A2%E3%82%AF%E3%83%88" n2="%E5%B0%B1%E6%B4%BB%E7%94%9F%40%E5%B7%9D%E6%9D%91%E8%BB%8D%E5%9B%A3" n3="%6D%6F%6D%6F%2D" dan="17,16,17,17" rate="2053.24,2035.37,2195.48,2149.19" sx="M,M,M,M"/><TAIKYOKU oya="0"/><INIT seed="0,0,0,5,4,34" ten="250,250,250,250" oya="0" hai0="71,125,94,106,105,114,99,14,113,66,57,134,43" hai1="47,100,83,65,9,131,15,95,75,39,102,33,55" hai2="59,17,21,12,129,68,116,23,98,93,27,107,11" hai3="42,4,127,58,91,49,54,51,78,104,38,111,103"/><T16/><D125/><U80/><E33/><V5/><F68/><W120/><G78/><T121/><D121/><U76/><E65/><V3/><F129/><W97/><G127/><T88/><D134/><U79/><E131/><V115/><F115/><W109/><G120/><T110/><D71/><U96/><E39/><V87/><F116/><W81/><G4/><T36/><D110/><N who="3" m="41993" /><G38/><T128/><D128/><U69/><E69/><V6/><F87/><N who="3" m="50671" /><G42/><T37/><D114/><U77/><E102/><V29/><F107/><W132/><G132/><T20/><D113/><U56/><E47/><V101/><F59/><W118/><G118/><T86/><D37/><U50/><REACH who="1" step="1"/><E75/><REACH who="1" ten="250,240,250,250" step="2"/><V0/><REACH who="2" step="1"/><F6/><AGARI ba="0,1" hai="6,9,15,50,55,56,76,77,79,80,83,95,96,100" machi="6" ten="40,5200,0" yaku="1,1,2,1,8,1,53,0" doraHai="34" doraHaiUra="67" who="1" fromWho="2" sc="250,0,240,62,250,-52,250,0" /><INIT seed="1,0,0,3,5,49" ten="250,302,198,250" oya="1" hai0="107,121,26,18,82,133,84,11,38,115,118,24,13" hai1="3,25,95,9,21,112,35,55,127,98,132,36,32" hai2="15,37,66,102,42,93,80,48,97,53,124,73,12" hai3="43,34,61,65,130,114,63,1,4,100,101,96,120"/><U76/><E36/><V123/><F123/><W122/><G114/><T70/><D118/><U29/><E112/><V44/><F124/><W56/><G34/><T41/><D70/><U104/><E104/><V31/><F31/><W78/><G130/><T92/><D107/><U8/><E127/><V135/><F135/><W22/><G78/><T14/><D121/><U113/><E113/><V40/><F66/><W111/><G43/><T129/><D133/><U62/><E76/><V2/><F2/><W89/><G111/><T7/><D129/><U134/><E134/><V71/><F71/><W117/><G117/><T47/><D92/><U106/><E106/><V17/><F37/><W77/><G77/><T59/><D59/><N who="1" m="35199" /><E35/><V85/><F73/><W69/><G4/><T99/><D99/><U116/><E3/><V126/><F15/><W103/><G1/><T45/><D45/><U5/><E32/><V88/><F126/><W125/><G22/><AGARI ba="0,0" hai="12,17,22,40,42,44,48,53,80,85,88,93,97,102" machi="22" ten="30,7700,0" yaku="7,1,8,1,52,1,54,1" doraHai="49" who="2" fromWho="3" sc="250,0,302,0,198,77,250,-77" /><INIT seed="2,0,0,3,0,13" ten="250,302,275,173" oya="2" hai0="110,11,24,67,93,115,95,23,126,26,18,85,121" hai1="101,112,128,25,29,109,132,100,55,62,3,30,22" hai2="57,99,73,120,42,53,72,90,86,114,0,45,60" hai3="134,124,97,58,40,131,52,71,34,49,5,39,10"/><V6/><F114/><W2/><G34/><T80/><D115/><U122/><E112/><V129/><F120/><W36/><G134/><T81/><D121/><U77/><E3/><V7/><F129/><W70/><G124/><T127/><D110/><U65/><E122/><V123/><F123/><W14/><G131/><T32/><D67/><U82/><E109/><V46/><F99/><W118/><G118/><T96/><D11/><U108/><E108/><V135/><F135/><W74/><G74/><T130/><D130/><U37/><E37/><V107/><F107/><W1/><G1/><T66/><D66/><U21/><E128/><V38/><F46/><W92/><G2/><T105/><D105/><U48/><E132/><V47/><F45/><W54/><G54/><T8/><D8/><U87/><E22/><V94/><REACH who="2" step="1"/><F0/><REACH who="2" ten="250,302,265,173" step="2"/><W116/><G116/><T111/><D111/><U91/><E30/><V106/><F106/><W63/><G39/><T78/><D96/><U84/><E84/><V83/><F83/><W88/><G36/><T20/><D85/><U19/><E29/><V43/><F43/><W15/><G40/><T98/><D98/><U89/><E101/><V104/><F104/><W12/><REACH who="3" step="1"/><G49/><REACH who="3" ten="250,302,265,163" step="2"/><T51/><D51/><U56/><REACH who="1" step="1"/><E100/><REACH who="1" ten="250,292,265,163" step="2"/><V59/><F59/><AGARI ba="0,3" hai="19,21,25,48,55,56,59,62,65,77,82,87,89,91" machi="59" ten="30,8000,1" yaku="1,1,2,1,7,1,8,1,52,1,53,0" doraHai="13" doraHaiUra="4" who="1" fromWho="2" sc="250,0,292,110,265,-80,163,0" /><INIT seed="3,0,0,4,5,86" ten="250,402,185,163" oya="3" hai0="54,124,106,74,113,6,59,43,73,90,22,17,49" hai1="117,78,24,82,33,126,92,105,3,45,0,102,55" hai2="25,41,20,101,61,60,95,116,65,13,132,100,29" hai3="47,14,53,19,97,129,1,30,108,91,110,121,115"/><W112/><G1/><T128/><D113/><U104/><E126/><V52/><F116/><W27/><G121/><T40/><D124/><U9/><E117/><V72/><F72/><W39/><G39/><T4/><D106/><U83/><E83/><V66/><F132/><W94/><G129/><T70/><D70/><U76/><E76/><V8/><F41/><W68/><G68/><T50/><D128/><U99/><E55/><V75/><F75/><W32/><G53/><T23/><D54/><U5/><E3/><V63/><F52/><W125/><G47/><T103/><D103/><N who="2" m="39498" /><F95/><W77/><G77/><T134/><D59/><U80/><E80/><V28/><F28/><W87/><G97/><T119/><D119/><U46/><E46/><V15/><F15/><W120/><G120/><T69/><D69/><U67/><E67/><V130/><F130/><W44/><G44/><T98/><D98/><U16/><E45/><V21/><F21/><N who="3" m="11511" /><G125/><T118/><D118/><U96/><E96/><V71/><F71/><W114/><G114/><T36/><D36/><U51/><E33/><V122/><F122/><W135/><G135/><T79/><D79/><U57/><E78/><V34/><F34/><W31/><G31/><T64/><D134/><U12/><E0/><V35/><F35/><W37/><G37/><T48/><D64/><U10/><E105/><V111/><F111/><N who="3" m="42539" /><G112/><T123/><D123/><U81/><E104/><V58/><F58/><W109/><N who="3" m="42547" /><W131/><DORA hai="84" /><G131/><T85/><D43/><U93/><E57/><V88/><F66/><W7/><G115/><RYUUKYOKU ba="0,0" sc="250,-10,402,-10,185,-10,163,30" hai3="7,27,30,32,87,91,94" /><INIT seed="3,1,0,2,2,4" ten="240,392,175,193" oya="3" hai0="3,41,135,42,61,118,109,51,27,0,92,23,94" hai1="28,2,7,100,48,25,123,84,80,17,73,15,112" hai2="127,56,46,26,134,102,57,9,128,131,119,116,126" hai3="95,44,88,32,6,75,76,121,83,13,90,107,36"/><W79/><G121/><T21/><D118/><N who="2" m="45098" /><F102/><W38/><G32/><T115/><D109/><U82/><E123/><V66/><F26/><W47/><G107/><T67/><D27/><U93/><E73/><V16/><F134/><W30/><G30/><T110/><D110/><U132/><E132/><V89/><F89/><W122/><G122/><T124/><D135/><U49/><E2/><V64/><F46/><W104/><G104/><T35/><D35/><U99/><E7/><V59/><F16/><W77/><G75/><T101/><D101/><U106/><E106/><V65/><F9/><N who="3" m="4279" /><G38/><T29/><D29/><U52/><E112/><V53/><F53/><W91/><G36/><T5/><D5/><U117/><E117/><V129/><AGARI ba="1,0" hai="56,57,59,64,65,66,126,127,128,129,131" m="45098" machi="129" ten="50,12000,2" yaku="29,2,28,2,19,1,34,2" doraHai="4" who="2" fromWho="2" sc="240,-31,392,-31,175,123,193,-61" /><INIT seed="4,0,0,1,4,123" ten="209,361,298,132" oya="0" hai0="99,53,5,15,16,117,46,34,104,81,21,115,112" hai1="60,7,2,84,11,23,1,45,106,43,113,100,87" hai2="67,52,130,118,47,19,33,94,24,102,64,96,131" hai3="85,66,121,116,135,6,90,40,54,48,111,56,129"/><T114/><D117/><U78/><E2/><V9/><F33/><W124/><G6/><T22/><D34/><U93/><E106/><V122/><F122/><W29/><G29/><T63/><D5/><U73/><E113/><V77/><F77/><W3/><G3/><T39/><D81/><U27/><E60/><V86/><F86/><W74/><G74/><T36/><D22/><U20/><E100/><V101/><F102/><W107/><G107/><T41/><D99/><U32/><E32/><V134/><F134/><W79/><G79/><T25/><D104/><U127/><E127/><V35/><F35/><W55/><G85/><T80/><D80/><N who="1" m="45135" /><E93/><V44/><F44/><W76/><G76/><T10/><D39/><N who="1" m="21759" /><E23/><N who="2" m="13439" /><F9/><W103/><G103/><T14/><D10/><U51/><E51/><N who="2" m="28799" /><F118/><W105/><G105/><T18/><D18/><AGARI ba="0,0" hai="1,7,11,18,20,27,84,87" m="21759,45135" machi="18" ten="30,1000,0" yaku="25,1" doraHai="123" who="1" fromWho="0" sc="209,-10,361,10,298,0,132,0" /><INIT seed="5,0,0,0,2,3" ten="199,371,298,132" oya="1" hai0="83,5,75,128,84,119,33,64,79,21,48,31,30" hai1="120,12,71,134,52,93,42,135,130,90,98,102,129" hai2="91,2,73,69,6,35,101,117,111,57,87,25,94" hai3="7,11,112,4,124,107,26,34,24,41,8,32,40"/><U88/><E71/><V27/><F69/><W60/><G60/><T46/><D119/><U100/><E42/><N who="3" m="16490" /><G107/><T49/><D128/><N who="1" m="49259" /><E12/><V61/><F111/><W89/><G89/><N who="1" m="34410" /><E120/><V99/><F73/><W81/><G81/><T106/><D106/><N who="1" m="63767" /><E52/><V115/><F117/><W97/><G97/><AGARI ba="0,0" hai="93,97,102,134,135" m="63767,34410,49259" machi="97" ten="30,11600,0" yaku="19,1,34,2,54,1" doraHai="3" who="1" fromWho="3" sc="199,0,371,116,298,0,132,-116" /><INIT seed="5,1,0,0,1,16" ten="199,487,298,16" oya="1" hai0="109,20,56,87,63,101,83,82,131,110,105,79,118" hai1="55,37,75,78,120,99,49,102,133,3,66,89,40" hai2="62,47,52,58,26,90,57,4,14,93,106,18,54" hai3="35,86,77,88,91,97,8,30,64,33,19,43,36"/><U119/><E3/><V135/><F106/><W73/><G64/><T107/><D118/><U69/><E119/><V81/><F135/><W17/><G43/><T25/><D131/><U84/><E120/><V27/><F4/><W61/><G61/><T13/><D13/><U42/><E133/><V92/><F47/><W65/><G36/><T59/><D59/><U124/><E124/><V134/><F81/><W113/><G65/><T128/><D128/><U50/><E78/><V71/><F71/><W74/><G77/><T11/><D11/><U39/><E75/><V95/><F134/><W112/><G8/><T1/><D1/><U126/><E126/><V38/><F38/><W53/><G86/><T41/><D41/><U108/><E66/><V104/><F104/><W80/><G97/><T72/><D107/><U122/><E84/><V10/><REACH who="2" step="1"/><F90/><REACH who="2" ten="199,487,288,16" step="2"/><W123/><G80/><T103/><D105/><U60/><E89/><V7/><F7/><W117/><G123/><T111/><D83/><U6/><E6/><V116/><F116/><W22/><G117/><T28/><REACH who="0" step="1"/><D72/><REACH who="0" ten="189,487,288,16" step="2"/><U76/><E39/><V12/><F12/><W45/><G45/><T114/><D114/><U67/><E37/><V132/><F132/><W127/><G127/><T96/><D96/><U5/><E99/><V32/><F32/><W51/><G73/><T2/><D2/><U9/><E122/><V29/><F29/><W129/><G74/><T31/><D31/><U70/><E70/><V21/><F21/><W130/><G113/><T100/><D100/><U125/><E69/><V68/><F68/><RYUUKYOKU ba="1,2" sc="189,15,487,-15,288,15,16,-15" hai0="20,25,28,56,63,79,82,87,101,103,109,110,111" hai2="10,14,18,26,27,52,54,57,58,62,92,93,95" /><INIT seed="6,2,2,5,0,94" ten="204,472,303,1" oya="2" hai0="6,34,40,119,54,80,91,102,8,1,76,21,25" hai1="86,61,85,33,128,55,69,92,7,111,70,0,4" hai2="129,114,43,105,37,19,72,57,77,106,66,18,64" hai3="3,118,45,107,120,52,135,46,48,35,115,79,16"/><V67/><F129/><W112/><G120/><T62/><D119/><U93/><E33/><V109/><F109/><W78/><G118/><T36/><D34/><U98/><E128/><V32/><F32/><W82/><G135/><T24/><D24/><U90/><E111/><V104/><F114/><N who="3" m="43563" /><G35/><T14/><D91/><U84/><E0/><V11/><F11/><W133/><G3/><T51/><D62/><U100/><E70/><V65/><F57/><N who="3" m="32903" /><G133/><T121/><D121/><U71/><E71/><V20/><F20/><W131/><G131/><T125/><D102/><U26/><E26/><V97/><F97/><W88/><G107/><T2/><D2/><U73/><E73/><V27/><F27/><W113/><N who="3" m="43571" /><W83/><DORA hai="41" /><G16/><T132/><D1/><U13/><E13/><V95/><F18/><W130/><G130/><T122/><D132/><U63/><E69/><V126/><F19/><W75/><G75/><T9/><D122/><U22/><E22/><V59/><F104/><W87/><G82/><T10/><D80/><U96/><E63/><V29/><F105/><W124/><G124/><T38/><D125/><U5/><E5/><V28/><F72/><W39/><G39/><T134/><D38/><U108/><E108/><V110/><F106/><W116/><G116/><T56/><D36/><U42/><E7/><V15/><F37/><W89/><G89/><T103/><D6/><U23/><E23/><V117/><F126/><W31/><G31/><T53/><D134/><U12/><E4/><V68/><F29/><W30/><G30/><T99/><D21/><RYUUKYOKU ba="2,2" sc="204,-10,472,-10,303,-10,1,30" hai3="45,46,78,79,83,87,88" /><INIT seed="7,3,2,1,0,81" ten="194,462,293,31" oya="3" hai0="114,110,103,132,63,95,22,78,52,34,47,37,128" hai1="15,14,45,29,91,23,87,84,94,12,59,61,65" hai2="19,117,16,8,11,67,51,133,129,107,53,124,17" hai3="88,64,68,35,44,112,74,111,119,89,93,99,69"/><W80/><G35/><T135/><D34/><U62/><E45/><V49/><F117/><W40/><G119/><T50/><D78/><U73/><E73/><V115/><F107/><W92/><G112/><T121/><D22/><U71/><E71/><V54/><F115/><W82/><G111/><T18/><D18/><U127/><E62/><V42/><F129/><W101/><G64/><T102/><D114/><U36/><E36/><V123/><F123/><W0/><G0/><T90/><D121/><U105/><E105/><V33/><F33/><W116/><G116/><T13/><D13/><U48/><E48/><V79/><F133/><N who="0" m="51274" /><D128/><U118/><E118/><V55/><F124/><W86/><G80/><T100/><D37/><U104/><E127/><V106/><F106/><W1/><G1/><T98/><D63/><U3/><E104/><V75/><F75/><W38/><REACH who="3" step="1"/><G74/><REACH who="3" ten="194,462,293,21" step="2"/><T21/><D110/><U57/><E3/><V39/><F67/><W56/><G56/><T120/><D120/><U43/><E59/><V6/><F79/><W5/><G5/><T70/><D70/><U20/><E57/><V26/><F6/><W24/><G24/><T131/><D131/><U76/><E76/><V58/><F26/><W66/><G66/><T46/><D46/><U126/><E65/><V25/><F25/><W113/><G113/><T130/><D130/><U134/><E134/><V109/><F109/><W122/><G122/><T96/><D47/><U60/><E126/><V28/><F58/><W7/><G7/><T9/><D95/><U72/><E94/><V2/><F2/><RYUUKYOKU ba="3,3" sc="194,-10,462,-10,293,-10,21,30" hai3="38,40,44,68,69,82,86,88,89,92,93,99,101" /><INIT seed="7,4,3,3,4,67" ten="184,452,283,51" oya="3" hai0="23,71,42,27,131,24,107,59,3,37,1,60,109" hai1="66,38,25,54,45,28,119,48,97,12,100,96,127" hai2="111,6,101,9,55,116,76,16,117,93,86,13,108" hai3="104,82,84,113,126,129,65,105,83,115,11,70,106"/><W69/><G129/><T32/><D109/><U34/><E127/><V46/><F101/><W8/><G126/><T57/><D131/><U102/><E38/><V64/><F64/><W58/><G58/><T4/><D4/><U51/><E119/><V19/><F55/><W35/><G35/><T78/><D59/><U40/><E66/><V85/><F46/><W17/><G65/><T103/><D78/><U39/><E12/><V133/><F93/><W43/><G43/><T118/><D118/><U53/><E53/><V22/><F76/><W44/><G44/><T121/><D121/><U74/><E74/><V98/><F98/><W91/><G82/><T68/><D27/><U128/><E128/><V10/><F133/><W124/><G124/><T5/><D5/><U92/><E54/><V77/><F77/><W52/><G52/><T112/><D32/><U33/><E34/><V114/><F114/><N who="3" m="43531" /><G17/><T99/><D112/><U18/><E18/><V79/><F79/><W29/><G29/><T75/><D42/><U36/><E36/><V56/><F56/><W49/><G49/><T20/><D37/><U87/><E87/><V26/><F86/><W41/><G41/><T21/><D75/><U123/><E123/><V80/><F85/><W2/><G2/><T90/><D1/><U135/><E135/><V125/><F80/><W14/><G14/><T61/><D3/><U132/><E132/><V130/><F125/><W81/><G81/><T63/><D57/><U95/><AGARI ba="4,3" hai="25,28,33,39,40,45,48,51,92,95,96,97,100,102" machi="95" ten="20,2700,0" yaku="0,1,7,1,9,1" doraHai="67" who="1" fromWho="1" sc="184,-11,452,69,283,-11,51,-17" owari="173,-23.0,521,63.0,272,7.0,34,-47.0" /></mjloggm>