<mjloggm ver="2.3"><GO type="169" lobby="0"/><UN n0="%E3%83%A1%E3%83%AB%E3%82%AB%E3%83%88%E3%83%AB%E3%81%8F%E3%82%93" n1="%E3%83%87%E3%83%87%E3%82%AD%E3%83%B3%E3%83%88" n2="%E3%82%A6%E3%83%AB%E3%83%88%E3%83%A9%E7%AB%8B%E7%9B%B4" n3="%69%6B%65%69%6B%65%69" dan="17,18,18,17" rate="2151.51,2230.95,2212.43,2198.55" sx="M,M,M,M"/><TAIKYOKU oya="0"/><INIT seed="0,0,0,5,5,39" ten="250,250,250,250" oya="0" hai0="118,120,25,67,73,48,129,130,74,99,125,5,82" hai1="133,10,53,57,35,22,31,49,19,63,79,54,46" hai2="132,12,89,68,55,97,91,71,36,111,47,20,23" hai3="77,119,34,78,8,94,11,0,114,4,64,123,62"/><T134/><D120/><U124/><E133/><V61/><F132/><W131/><G119/><T7/><D118/><U121/><E124/><V108/><F55/><W43/><G114/><T86/><D134/><U100/><E121/><V2/><F2/><W45/><G123/><T122/><D122/><U32/><E31/><V41/><F97/><W106/><G106/><T33/><D125/><U92/><E79/><V27/><F12/><W28/><G11/><T88/><D67/><U9/><E32/><V58/><F58/><W116/><G116/><T96/><D48/><U14/><REACH who="1" step="1"/><E35/><REACH who="1" ten="250,240,250,250" step="2"/><V115/><F115/><W128/><G34/><T98/><D33/><U3/><E3/><V80/><F111/><W60/><G28/><T51/><D129/><U72/><E72/><V29/><F108/><W6/><G78/><T90/><D130/><U101/><E101/><V113/><F113/><W56/><G77/><N who="0" m="46415" /><D73/><U65/><E65/><V21/><F29/><W44/><G64/><T1/><D74/><U126/><E126/><V127/><F127/><W87/><G0/><T59/><D1/><U117/><E117/><V16/><F91/><N who="0" m="34858" /><D25/><U135/><E135/><V30/><F27/><W17/><G131/><T38/><D38/><U24/><E24/><V109/><F109/><W104/><G128/><T76/><D76/><U18/><E18/><V83/><F16/><W15/><G17/><T37/><D37/><U69/><E69/><N who="2" m="26699" /><F30/><W93/><G15/><T42/><D59/><U85/><E85/><N who="2" m="50343" /><F83/><W40/><G87/><T52/><D5/><U105/><E105/><V66/><F66/><RYUUKYOKU ba="0,1" sc="250,-15,240,15,250,15,250,-15" hai1="9,10,14,19,22,46,49,53,54,57,63,92,100" hai2="20,21,23,36,41,47,61" /><INIT seed="1,1,1,0,1,48" ten="235,255,265,235" oya="1" hai0="132,35,85,124,122,39,76,112,125,64,114,123,120" hai1="106,71,46,51,98,30,94,89,117,79,3,77,1" hai2="128,31,24,21,17,25,4,87,113,62,37,18,109" hai3="102,53,60,61,99,65,55,19,69,66,67,68,134"/><U29/><E117/><V115/><F37/><W12/><G134/><T110/><D35/><U81/><E106/><V92/><F92/><W40/><G40/><T50/><D39/><U80/><E71/><V129/><F87/><W127/><G66/><T43/><D76/><N who="1" m="29259" /><E3/><V20/><F62/><W58/><G58/><T11/><D11/><U13/><E1/><V121/><F121/><W56/><G56/><T95/><D85/><N who="1" m="50351" /><E13/><V42/><F42/><W97/><G127/><N who="0" m="48715" /><D95/><U9/><E9/><V116/><F116/><W111/><G111/><T88/><D64/><U135/><E80/><V107/><F107/><W70/><G70/><T8/><D8/><U28/><E135/><V86/><F86/><W78/><G78/><T23/><D23/><U90/><E30/><V118/><F118/><W105/><G99/><T32/><D32/><U0/><E0/><V126/><F126/><W73/><G73/><T103/><D132/><U26/><E26/><V101/><F4/><W33/><G33/><T27/><D27/><U108/><E108/><V96/><F109/><W74/><G74/><T6/><D6/><U10/><E10/><AGARI ba="1,1" hai="10,12,19,53,55,60,61,65,67,68,69,97,102,105" machi="10" ten="30,7700,0" yaku="7,1,9,1,52,2" doraHai="48" who="3" fromWho="1" sc="235,0,255,-80,265,0,235,90" /><INIT seed="2,0,0,2,5,125" ten="235,175,265,325" oya="2" hai0="61,8,36,121,116,20,64,52,93,99,86,29,103" hai1="88,105,15,53,59,83,87,35,108,94,120,126,102" hai2="76,19,5,84,72,49,42,91,127,57,124,119,109" hai3="129,9,101,65,68,2,118,27,6,73,89,37,17"/><V97/><F119/><W18/><G118/><T79/><D36/><U14/><E35/><V45/><F5/><W69/><G101/><T77/><D116/><U38/><E126/><V90/><F109/><W25/><G37/><T128/><D121/><U30/><E38/><V12/><F72/><W95/><G73/><T28/><D128/><U39/><E39/><V34/><F34/><W55/><G69/><T1/><D86/><U70/><E70/><V96/><F127/><W110/><G110/><T113/><D113/><U131/><E30/><V85/><F76/><W135/><G135/><T82/><D64/><U3/><E3/><V23/><F57/><W111/><G111/><T114/><D114/><U10/><E108/><V134/><F134/><W7/><G7/><T56/><D82/><U21/><E131/><V40/><F40/><W24/><G55/><T71/><D71/><U112/><E112/><V22/><F22/><W47/><G47/><T58/><D29/><U106/><E120/><V115/><F115/><W75/><G75/><T130/><D130/><U66/><E66/><V46/><F46/><W74/><G74/><T80/><D80/><U50/><E83/><N who="2" m="49439" /><F124/><W60/><REACH who="3" step="1"/><G129/><REACH who="3" ten="235,175,265,315" step="2"/><T54/><D54/><U78/><E102/><V100/><F100/><W11/><G11/><T0/><D8/><U81/><E78/><N who="0" m="29705" /><D58/><U32/><E59/><V123/><F123/><W13/><G13/><T104/><D104/><U62/><E106/><V133/><F133/><W31/><G31/><T44/><D44/><U16/><E105/><V92/><AGARI ba="0,1" hai="12,19,23,42,45,49,85,91,92,96,97" m="49439" machi="92" ten="30,1500,0" yaku="8,1" doraHai="125" who="2" fromWho="2" sc="235,-5,175,-5,265,25,315,-5" /><INIT seed="2,1,0,3,5,112" ten="230,170,290,310" oya="2" hai0="103,114,47,54,17,45,96,110,67,101,57,117,107" hai1="12,129,92,113,106,99,94,6,42,2,36,16,66" hai2="26,28,41,88,1,51,123,93,69,63,71,37,43" hai3="83,52,0,44,115,53,133,39,84,116,3,23,134"/><V21/><F123/><W135/><G115/><T25/><D114/><U32/><E32/><V80/><F1/><W38/><G23/><T35/><D110/><U121/><E113/><V73/><F37/><W10/><G116/><T24/><D103/><U128/><E121/><V65/><F71/><W102/><G102/><T60/><D117/><U127/><E127/><V95/><F95/><N who="1" m="36393" /><E99/><V120/><F120/><W40/><G39/><T72/><D72/><U20/><E66/><V104/><F104/><W105/><G105/><T31/><D24/><U49/><E36/><V75/><F51/><W27/><G27/><T7/><D7/><U34/><E34/><V59/><F69/><W33/><G33/><T58/><REACH who="0" step="1"/><D17/><REACH who="0" ten="220,170,290,310" step="2"/><U46/><E6/><V70/><F75/><W86/><G86/><T85/><D85/><U91/><E106/><V22/><F73/><W131/><G131/><N who="1" m="50250" /><E2/><N who="3" m="554" /><G10/><T13/><D13/><N who="1" m="9231" /><E91/><AGARI ba="1,1" hai="38,40,44,52,53,83,84,91,133,134,135" m="554" machi="91" ten="40,2600,0" yaku="20,1,54,1" doraHai="112" who="3" fromWho="1" sc="220,0,170,-29,290,0,310,39" /><INIT seed="3,0,0,0,0,86" ten="220,141,290,349" oya="3" hai0="23,32,91,114,0,96,49,14,24,5,3,27,11" hai1="116,16,13,76,130,79,128,1,60,97,119,132,26" hai2="107,10,87,109,57,8,36,4,41,44,73,33,131" hai3="2,45,75,39,93,48,62,104,126,42,82,90,7"/><W18/><G104/><T69/><D69/><U83/><E1/><N who="0" m="585" /><D91/><U129/><E26/><V71/><F10/><W80/><G126/><T68/><D49/><U117/><E132/><V134/><F8/><W37/><G80/><T118/><D96/><U19/><E60/><V99/><F4/><W135/><G135/><T6/><D68/><U88/><E19/><V43/><F57/><W110/><G110/><T78/><D78/><U115/><E115/><V53/><F87/><W12/><G7/><N who="0" m="3455" /><D118/><U120/><E120/><V40/><F44/><W81/><G2/><T52/><D52/><U98/><E98/><V72/><F53/><W84/><G62/><T56/><D56/><U106/><E106/><V111/><F43/><W54/><G75/><T124/><D124/><U20/><E83/><V66/><F40/><W101/><G101/><T77/><D77/><U123/><E123/><V121/><F41/><W85/><G84/><T22/><D32/><U35/><E35/><V34/><F33/><W31/><G39/><T127/><D127/><U64/><E64/><V59/><F66/><W105/><G105/><T94/><D94/><AGARI ba="0,0" hai="13,16,20,76,79,88,94,97,116,117,119,128,129,130" machi="94" ten="50,8000,1" yaku="12,1,19,1,52,1,54,2" doraHai="86" who="1" fromWho="0" sc="220,-80,141,80,290,0,349,0" /><INIT seed="4,0,0,5,3,86" ten="140,221,290,349" oya="0" hai0="129,124,34,39,115,102,123,69,48,89,70,100,79" hai1="42,32,10,88,74,37,44,66,111,96,67,104,27" hai2="14,1,16,43,85,62,38,45,112,119,97,3,117" hai3="92,128,80,26,54,56,25,108,7,78,131,30,57"/><T72/><D39/><U23/><E111/><V61/><F97/><W50/><G108/><T103/><D123/><U6/><E32/><V53/><F112/><W52/><G7/><T116/><D116/><N who="2" m="44618" /><F85/><W36/><G36/><T28/><D115/><U40/><E74/><V101/><F101/><W82/><G92/><T20/><D34/><U132/><E132/><V98/><F98/><W31/><G50/><T11/><D129/><U8/><E104/><V29/><F29/><W99/><G99/><T33/><D33/><U84/><E96/><V47/><F47/><W71/><G78/><T24/><D124/><U110/><E42/><V15/><F15/><W127/><REACH who="3" step="1"/><G71/><REACH who="3" ten="140,221,290,339" step="2"/><T2/><D48/><U107/><E110/><V4/><F4/><W21/><G21/><T113/><D113/><U58/><E107/><V73/><F73/><W13/><G13/><T64/><D79/><U109/><E109/><V93/><F93/><W81/><G81/><T106/><D72/><U121/><E6/><V135/><F135/><W95/><G95/><T68/><D106/><U90/><E23/><N who="2" m="11671" /><F53/><W60/><G60/><AGARI ba="0,1" hai="1,3,38,43,45,60,61,62" m="11671,44618" machi="60" ten="30,2000,0" yaku="12,1,54,1" doraHai="86" who="2" fromWho="3" sc="140,0,221,0,290,30,339,-20" /><INIT seed="5,0,0,5,3,20" ten="140,221,320,319" oya="1" hai0="25,91,56,53,65,108,94,85,16,81,100,76,103" hai1="126,128,23,68,132,98,59,112,72,102,48,122,110" hai2="15,118,55,58,89,39,19,92,41,2,44,70,63" hai3="120,73,79,134,75,113,31,130,117,78,74,22,125"/><U57/><E122/><V35/><F2/><W12/><G120/><T88/><D108/><U116/><E72/><V38/><F35/><W93/><G134/><T47/><D47/><U32/><E32/><V17/><F118/><W60/><G130/><T114/><D65/><U46/><E68/><V105/><F105/><W42/><G42/><T52/><D114/><U50/><E116/><V27/><F70/><W106/><G106/><T111/><D111/><U84/><E110/><V7/><F38/><W71/><G117/><T10/><D53/><U101/><E126/><V87/><F27/><W97/><G113/><T127/><D127/><U121/><E121/><V133/><F133/><W13/><G13/><N who="0" m="7223" /><D25/><U80/><E128/><V61/><F61/><W69/><G69/><T29/><D29/><U54/><E132/><V43/><F43/><W36/><G36/><T62/><D76/><U67/><E112/><V119/><F119/><W95/><G79/><T5/><D5/><U21/><E67/><V115/><F115/><W28/><G78/><T90/><D90/><U131/><E131/><V99/><F7/><W24/><G28/><T40/><D40/><U34/><E34/><V11/><F19/><W26/><G31/><T3/><D3/><U129/><E129/><V96/><AGARI ba="0,0" hai="11,15,17,39,41,44,55,58,63,87,89,92,96,99" machi="96" ten="30,1100,0" yaku="0,1" doraHai="20" who="2" fromWho="2" sc="140,-3,221,-5,320,11,319,-3" /><INIT seed="6,0,0,4,5,11" ten="137,216,331,316" oya="2" hai0="73,75,110,45,9,135,76,69,86,62,109,90,52" hai1="99,134,39,96,95,21,67,50,121,77,113,89,28" hai2="37,131,34,10,53,63,85,128,66,120,35,61,4" hai3="3,84,91,92,111,32,100,42,117,126,103,116,57"/><V102/><F37/><W54/><G111/><T122/><D122/><U83/><E39/><V0/><F120/><W29/><G126/><T93/><D135/><U48/><E113/><V88/><F102/><W98/><G3/><T33/><D33/><U38/><E38/><V22/><F53/><W25/><G42/><T24/><D24/><N who="1" m="16399" /><E134/><V2/><F61/><W132/><G100/><T8/><D69/><U15/><E67/><V108/><F22/><W97/><G98/><T16/><D8/><U79/><E99/><V44/><F44/><W12/><G12/><T1/><D1/><U19/><E121/><V14/><F2/><W41/><G41/><T64/><D64/><U114/><E114/><V51/><F51/><N who="1" m="19497" /><E83/><N who="2" m="49215" /><F0/><W60/><REACH who="3" step="1"/><G132/><REACH who="3" ten="137,216,331,306" step="2"/><T118/><D118/><U13/><E13/><V87/><F108/><W56/><G56/><N who="0" m="35079" /><D110/><U124/><E124/><V119/><F119/><W26/><G26/><T115/><D109/><U17/><E15/><V7/><F7/><W70/><G70/><T65/><D115/><U59/><E59/><V36/><F36/><W130/><G130/><T20/><D45/><U49/><E96/><V106/><F131/><W31/><G31/><T58/><D58/><U125/><E125/><V104/><F128/><W105/><AGARI ba="0,1" hai="25,29,32,54,57,60,84,91,92,97,103,105,116,117" machi="105" ten="20,2700,0" yaku="1,1,0,1,7,1,53,0" doraHai="11" doraHaiUra="5" who="3" fromWho="3" sc="137,-7,216,-7,331,-13,306,37" /><INIT seed="7,0,0,2,5,8" ten="130,209,318,343" oya="3" hai0="13,9,84,39,106,129,32,41,47,68,7,111,14" hai1="80,34,119,37,120,116,28,52,51,90,22,108,130" hai2="131,2,5,128,27,48,102,44,11,20,15,29,60" hai3="69,135,89,0,18,112,100,132,134,97,40,3,124"/><W31/><G69/><T74/><D111/><U88/><E37/><V82/><F102/><W104/><G112/><T101/><D74/><U43/><E43/><V70/><F82/><W79/><G124/><T118/><D118/><U26/><E108/><V98/><F98/><W64/><G64/><T16/><D32/><U114/><E114/><V122/><F122/><W81/><G31/><T75/><D75/><U83/><E130/><V65/><REACH who="2" step="1"/><F2/><REACH who="2" ten="130,209,308,343" step="2"/><W110/><G110/><T49/><D129/><U117/><E120/><V30/><F30/><W35/><G35/><T25/><D68/><U95/><E34/><V53/><AGARI ba="0,1" hai="5,11,15,20,27,29,44,48,53,60,65,70,128,131" machi="53" ten="30,7900,0" yaku="1,1,0,1,52,1,53,1" doraHai="8" doraHaiUra="66" who="2" fromWho="2" sc="130,-20,209,-20,308,89,343,-39" owari="110,-39.0,189,-21.0,397,50.0,304,10.0" /></mjloggm>