<mjloggm ver="2.3"><GO type="169" lobby="0"/><UN n0="%E3%82%A6%E3%83%AB%E3%83%88%E3%83%A9%E7%AB%8B%E7%9B%B4" n1="%E7%BE%8E%E3%81%97%E3%81%99%E3%81%8E%E3%82%8B%E7%88%86%E5%BC%BE%E5%B2%A9" n2="%70%69%2D%70%6F" n3="%74%61%74%73%75%37%30%32" dan="16,16,17,17" rate="2160.52,2074.07,2137.57,2182.54" sx="M,F,M,M"/><TAIKYOKU oya="0"/><INIT seed="0,0,0,2,2,40" ten="250,250,250,250" oya="0" hai0="126,100,80,81,133,63,120,25,135,48,108,35,38" hai1="2,29,17,15,132,134,60,116,20,71,57,92,84" hai2="129,47,125,78,61,32,91,46,101,111,41,103,43" hai3="12,58,121,89,18,117,45,3,77,27,4,106,97"/><T65/><D38/><U109/><E116/><V99/><F32/><W5/><G117/><T28/><D120/><U90/><E2/><V110/><F78/><W55/><G121/><T54/><D100/><N who="2" m="38474" /><F125/><W93/><G106/><T102/><D102/><U1/><E1/><V122/><F122/><W68/><G68/><T53/><D126/><U113/><E109/><N who="2" m="41483" /><F129/><W13/><G3/><T114/><D114/><U128/><E128/><V49/><F61/><W22/><G77/><T50/><D108/><U82/><E71/><V21/><F21/><W64/><G64/><T123/><D123/><U107/><E107/><V16/><F16/><W127/><G127/><T23/><D35/><U76/><E29/><V73/><F73/><W87/><G13/><T33/><D33/><U8/><E20/><V69/><F69/><W75/><G75/><T79/><D63/><U118/><E118/><V26/><F26/><W37/><G37/><T62/><D62/><U56/><E113/><V66/><F66/><W96/><G58/><N who="0" m="33063" /><D65/><U86/><REACH who="1" step="1"/><E60/><REACH who="1" ten="250,240,250,250" step="2"/><V112/><F112/><W98/><REACH who="3" step="1"/><G27/><REACH who="3" ten="250,240,250,240" step="2"/><T11/><D25/><U83/><E83/><V94/><F49/><AGARI ba="0,2" hai="4,5,12,18,22,45,49,55,87,89,93,96,97,98" machi="49" ten="40,8000,1" yaku="1,1,2,1,8,1,52,1,53,0" doraHai="40" doraHaiUra="119" who="3" fromWho="2" sc="250,0,240,0,250,-80,240,100" /><INIT seed="1,0,0,2,0,2" ten="250,240,170,340" oya="1" hai0="72,21,20,83,70,57,108,50,100,110,8,5,97" hai1="13,113,0,119,114,127,36,81,31,126,39,91,95" hai2="105,26,123,1,53,88,45,11,14,74,35,23,86" hai3="52,134,121,12,82,73,16,51,120,60,41,9,133"/><U10/><E119/><V132/><F123/><W90/><G41/><T66/><D70/><U104/><E104/><V106/><F132/><N who="3" m="50795" /><G60/><T37/><D37/><N who="1" m="14411" /><E81/><V7/><F74/><W27/><G27/><T22/><D72/><U98/><E31/><V3/><F35/><W76/><G90/><T33/><D83/><U131/><E0/><V65/><F65/><W62/><G62/><T107/><D33/><U130/><E114/><V85/><F85/><W84/><G73/><T38/><D38/><U19/><E113/><V109/><F109/><W77/><G76/><T87/><D87/><U25/><E25/><V92/><F1/><W28/><G28/><T111/><D66/><U79/><E79/><V96/><F3/><W89/><G77/><T124/><D110/><U115/><E115/><V67/><F67/><W78/><G78/><T18/><D111/><U40/><E40/><V122/><F122/><W17/><G17/><T69/><D18/><U4/><E19/><V118/><F118/><W29/><G29/><T94/><D108/><U59/><E59/><AGARI ba="0,0" hai="9,12,16,51,52,59,82,84,89,120,121" m="50795" machi="59" ten="30,3900,0" yaku="20,1,54,2" doraHai="2" who="3" fromWho="1" sc="250,0,240,-39,170,0,340,39" /><INIT seed="2,0,0,3,1,82" ten="250,201,170,379" oya="2" hai0="33,35,77,76,70,51,80,84,83,102,129,25,114" hai1="105,60,38,106,90,16,104,79,67,71,110,6,46" hai2="130,57,39,50,126,0,108,3,124,112,89,48,5" hai3="15,8,109,95,45,47,119,81,36,58,52,103,120"/><V117/><F117/><W75/><G119/><T133/><D70/><U12/><E110/><V18/><F112/><W21/><G109/><T29/><D114/><U62/><E79/><V69/><F108/><W78/><G120/><T85/><D129/><U111/><E111/><V131/><F69/><W42/><G45/><T66/><D66/><U64/><E6/><V2/><F39/><W44/><G47/><T13/><D133/><U17/><E90/><V43/><F5/><W121/><G21/><T107/><D13/><U132/><E132/><V9/><F89/><W19/><G121/><T122/><D122/><U41/><REACH who="1" step="1"/><E12/><REACH who="1" ten="250,191,170,379" step="2"/><N who="2" m="7439" /><F43/><W1/><G1/><T115/><D115/><U10/><E10/><V101/><F101/><W32/><G103/><T20/><D51/><N who="2" m="19498" /><F57/><AGARI ba="0,1" hai="16,17,38,41,46,57,60,62,64,67,71,104,105,106" machi="57" ten="40,5200,0" yaku="1,1,54,1,53,1" doraHai="82" doraHaiUra="37" who="1" fromWho="2" sc="250,0,191,62,170,-52,379,0" /><INIT seed="3,0,0,1,2,31" ten="250,253,118,379" oya="3" hai0="3,95,120,34,14,87,117,56,128,65,84,104,44" hai1="74,114,86,82,90,93,73,118,62,26,4,109,30" hai2="61,88,50,32,99,81,16,83,63,110,125,112,69" hai3="7,18,33,77,133,15,76,46,80,70,49,45,11"/><W64/><G133/><T21/><D3/><U107/><E114/><V124/><F112/><W113/><G113/><T39/><D104/><U60/><E107/><V59/><F110/><W27/><G70/><T127/><D117/><U9/><E109/><V10/><F69/><W28/><G64/><T106/><D106/><U55/><E118/><V22/><F10/><W38/><G38/><T53/><D120/><U129/><E129/><V66/><F50/><W23/><G49/><T89/><D34/><U36/><E36/><V0/><F0/><W43/><G43/><T2/><D2/><U8/><E8/><V37/><F37/><W94/><G94/><T134/><D134/><U41/><E41/><V47/><F47/><W105/><G105/><T6/><D128/><U20/><E55/><V71/><F32/><W51/><G51/><T13/><D127/><N who="2" m="48714" /><F63/><W1/><G77/><T25/><D65/><U54/><E54/><N who="2" m="34039" /><F71/><W122/><G122/><T100/><D44/><U85/><E62/><V126/><F66/><W103/><G103/><T57/><D100/><U58/><E60/><V67/><F67/><W102/><G102/><T130/><D39/><U132/><E58/><V101/><N who="2" m="48722" /><V17/><DORA hai="35" /><F101/><W72/><AGARI ba="0,0" hai="1,7,11,15,18,23,27,28,33,45,46,72,76,80" machi="72" ten="20,18000,2" yaku="0,1,7,1,24,2,52,2" doraHai="31,35" who="3" fromWho="3" sc="250,-60,253,-60,118,-60,379,180" /><INIT seed="3,1,0,3,4,122" ten="190,193,58,559" oya="3" hai0="7,79,32,60,44,75,72,134,27,33,52,88,66" hai1="102,64,77,59,130,132,16,120,65,36,6,35,103" hai2="97,117,45,61,131,47,80,53,123,20,51,108,57" hai3="19,71,100,135,18,81,90,43,124,116,40,92,127"/><W99/><G116/><T83/><D7/><U114/><E120/><V67/><F123/><W128/><G71/><T119/><D119/><U91/><E35/><V82/><F117/><W106/><G128/><T31/><D134/><U54/><E36/><V126/><F131/><W49/><G135/><T87/><D33/><U112/><E130/><V29/><F126/><N who="3" m="48171" /><G81/><T94/><D44/><U15/><E132/><V104/><F104/><W68/><G68/><T55/><REACH who="0" step="1"/><D75/><REACH who="0" ten="180,193,58,559" step="2"/><U109/><E6/><V110/><F45/><N who="3" m="25767" /><G43/><T37/><D37/><U50/><E114/><V3/><F3/><W30/><G30/><T118/><D118/><U98/><E112/><V2/><F2/><W78/><G78/><T133/><D133/><U34/><E77/><V70/><F47/><W74/><G74/><T105/><D105/><U11/><E34/><V69/><F69/><AGARI ba="1,1" hai="27,31,32,52,55,60,66,69,72,79,83,87,88,94" machi="69" ten="30,7700,0" yaku="1,1,7,1,54,2,53,0" doraHai="122" doraHaiUra="95" who="0" fromWho="2" sc="180,90,193,0,58,-80,559,0" owari="270,7.0,193,-21.0,-22,-52.0,559,66.0" /></mjloggm>