<mjloggm ver="2.3"><GO type="225" lobby="0"/><UN n0="%E3%82%AB%E3%83%A9%E3%82%B9%E3%81%AE%E5%AD%90" n1="%E3%83%8A%E3%82%BA%E6%98%9F%40%E6%9D%8F%E6%9D%8F%E8%BB%8D%E5%9C%98" n2="%E3%82%A6%E3%83%AB%E3%83%88%E3%83%A9%E7%AB%8B%E7%9B%B4" n3="%74%61%6B%75%61%6B%61" dan="17,16,17,17" rate="2204.88,2091.91,2202.92,2184.04" sx="M,F,M,M"/><TAIKYOKU oya="0"/><INIT seed="0,0,0,3,1,62" ten="250,250,250,250" oya="0" hai0="127,89,37,80,97,48,14,1,4,34,51,22,74" hai1="107,135,0,18,35,115,114,125,40,38,6,68,15" hai2="49,126,36,26,44,59,8,60,78,133,100,9,54" hai3="63,101,90,58,108,27,55,93,124,11,21,109,91"/><T99/><D37/><U98/><E68/><V29/><F133/><W128/><G124/><T104/><D34/><U64/><E64/><V5/><F126/><W10/><G128/><T28/><D127/><U12/><E12/><V94/><F78/><W123/><G101/><T24/><D1/><U32/><E135/><V87/><F36/><W57/><G57/><T82/><D74/><U39/><E6/><V33/><F87/><W71/><G71/><T112/><D112/><U23/><E0/><V3/><F9/><W113/><G90/><T20/><D104/><U69/><E69/><V16/><F16/><N who="3" m="12711" /><G113/><N who="1" m="43018" /><E125/><V105/><F105/><W65/><G55/><T132/><D132/><U102/><E38/><V110/><F100/><W7/><G7/><T88/><D4/><U118/><E118/><V122/><F122/><W79/><G79/><T120/><D120/><U129/><E129/><V25/><F25/><W111/><G123/><T92/><D14/><U106/><E106/><V85/><F26/><W95/><G95/><N who="0" m="56551" /><D22/><U76/><E76/><V130/><F130/><W84/><AGARI ba="0,0" hai="10,11,58,63,65,84,91,93,108,109,111" m="12711" machi="84" ten="30,4000,0" yaku="14,1,52,1,54,1" doraHai="62" who="3" fromWho="3" sc="250,-20,250,-10,250,-10,250,40" /><INIT seed="1,0,0,4,5,45" ten="230,240,240,290" oya="1" hai0="78,56,82,67,71,122,109,11,65,49,85,44,106" hai1="88,63,15,115,90,102,68,37,104,5,123,1,4" hai2="69,40,117,20,131,47,93,61,101,113,31,30,74" hai3="87,98,110,18,48,129,94,133,84,51,33,107,39"/><U9/><E115/><V111/><F117/><W6/><G39/><T119/><D119/><U58/><E123/><V2/><F74/><W25/><G107/><T57/><D71/><U132/><E68/><V14/><F2/><W73/><G73/><T126/><D122/><U23/><E37/><V124/><F111/><W76/><G110/><T46/><D106/><U54/><E132/><V19/><F131/><W10/><G133/><T120/><D120/><U99/><REACH who="1" step="1"/><E4/><REACH who="1" ten="230,230,240,290" step="2"/><V128/><F69/><W127/><G6/><T72/><D109/><U108/><E108/><V100/><F113/><W27/><G129/><T89/><D126/><U135/><E135/><V55/><F124/><W59/><G127/><T24/><D67/><U125/><E125/><V28/><F128/><W12/><G33/><T52/><D65/><U118/><E118/><V103/><F93/><W86/><G76/><T96/><D78/><U66/><E66/><V3/><F3/><W13/><G94/><T130/><D130/><U116/><E116/><V41/><F61/><W62/><G62/><T43/><D72/><U112/><E112/><V105/><F105/><W0/><G0/><T38/><D96/><U29/><E29/><V77/><F77/><W8/><G98/><T16/><D38/><U7/><E7/><V91/><F31/><W121/><G121/><T83/><D83/><U92/><E92/><V42/><F30/><W22/><G86/><T21/><D11/><U60/><E60/><V64/><F28/><W34/><G87/><T134/><D134/><U26/><E26/><V50/><F64/><RYUUKYOKU ba="0,1" sc="230,10,230,10,240,10,290,-30" hai0="16,21,24,43,44,46,49,52,56,57,82,85,89" hai1="1,5,9,15,23,54,58,63,88,90,99,102,104" hai2="14,19,20,40,41,42,47,50,55,91,100,101,103" /><INIT seed="1,1,1,2,5,7" ten="240,240,250,260" oya="1" hai0="0,28,67,42,79,100,25,105,102,38,65,77,92" hai1="104,113,116,90,32,69,107,115,119,45,112,98,19" hai2="8,2,91,106,34,70,44,93,88,26,22,27,122" hai3="75,96,56,36,89,81,118,62,132,94,29,126,68"/><U76/><E32/><V135/><F106/><N who="1" m="40489" /><E19/><V63/><F122/><W58/><G68/><T18/><D0/><U15/><E15/><V109/><F135/><W57/><G36/><T53/><D105/><U87/><E45/><V124/><F124/><W128/><G126/><T30/><D38/><U101/><E69/><V40/><F109/><W74/><G132/><T125/><D42/><U123/><E123/><V61/><F70/><W4/><G128/><T129/><D129/><U121/><E121/><V51/><F34/><W49/><G118/><N who="1" m="45098" /><E76/><V9/><F2/><W83/><G29/><T110/><D125/><U59/><E59/><V11/><F27/><W46/><G62/><N who="2" m="23561" /><F93/><W52/><REACH who="3" step="1"/><G4/><REACH who="3" ten="240,240,250,250" step="2"/><T48/><D30/><AGARI ba="1,2" hai="8,9,11,22,26,30,40,44,51,88,91" m="23561" machi="30" ten="30,8000,1" yaku="8,1,52,3,54,1" doraHai="7" who="2" fromWho="0" sc="240,-83,240,0,250,103,250,0" /><INIT seed="2,0,0,5,2,2" ten="157,240,353,250" oya="2" hai0="56,119,81,76,60,114,54,24,38,127,113,68,16" hai1="55,132,108,96,92,128,129,65,27,15,106,25,123" hai2="51,95,107,5,0,82,124,64,20,104,59,78,121" hai3="31,44,28,133,130,4,125,61,67,109,69,18,99"/><V30/><F121/><W89/><G109/><T8/><D38/><U9/><E108/><V112/><F112/><W75/><G75/><T74/><D127/><U29/><E106/><V86/><F124/><W11/><G130/><N who="1" m="50282" /><E132/><V97/><F51/><W36/><G133/><T63/><D119/><U122/><E55/><V62/><F5/><W101/><G18/><T88/><D68/><U73/><E65/><V135/><F0/><W105/><G125/><T26/><D63/><U87/><E87/><V23/><F23/><W57/><G89/><T111/><D111/><U45/><E45/><V14/><F14/><W10/><G10/><T116/><D116/><U77/><E77/><V100/><F135/><W37/><G69/><T84/><D26/><AGARI ba="0,0" hai="20,26,30,59,62,64,78,82,86,95,97,100,104,107" machi="26" ten="40,3900,0" yaku="25,2" doraHai="2" who="2" fromWho="0" sc="157,-39,240,0,353,39,250,0" /><INIT seed="2,1,0,3,1,116" ten="118,240,392,250" oya="2" hai0="23,93,117,102,132,94,10,21,78,133,75,105,48" hai1="57,3,45,111,63,73,109,88,66,104,39,106,107" hai2="50,31,43,17,28,33,16,40,64,89,110,14,35" hai3="56,70,22,79,51,131,134,12,37,74,121,20,100"/><V130/><F64/><W127/><G70/><T58/><D10/><U42/><E73/><V118/><F50/><W11/><G37/><T18/><D75/><U99/><E3/><V38/><F14/><W122/><G127/><T68/><D68/><U49/><E49/><V84/><F84/><W81/><G131/><T125/><D78/><U67/><E67/><V2/><F89/><W101/><G134/><T62/><D125/><U108/><REACH who="1" step="1"/><E88/><REACH who="1" ten="118,230,392,250" step="2"/><V46/><F2/><W69/><G51/><T124/><D124/><U76/><E76/><V6/><F38/><W32/><G74/><T72/><D72/><U129/><E129/><V15/><F130/><W41/><G79/><T113/><D113/><U9/><E9/><V34/><F118/><W1/><G1/><T60/><D117/><U65/><E65/><V87/><F87/><W4/><G11/><T120/><D48/><U85/><E85/><V123/><F43/><W53/><G41/><T0/><D0/><U71/><E71/><V91/><F40/><W82/><G69/><T25/><D58/><U5/><E5/><V92/><F91/><W59/><G4/><T61/><D133/><U47/><E47/><V86/><F46/><W27/><G53/><T98/><D132/><U54/><E54/><V80/><F86/><W119/><G119/><T115/><D115/><U103/><AGARI ba="1,1" hai="39,42,45,57,63,66,99,103,104,106,107,108,109,111" machi="103" ten="40,8000,1" yaku="1,1,0,1,14,1,53,1" doraHai="116" doraHaiUra="52" who="1" fromWho="1" sc="118,-21,230,93,392,-41,250,-21" /><INIT seed="3,0,0,0,4,58" ten="97,323,351,229" oya="3" hai0="85,129,123,35,94,13,71,117,60,6,132,115,0" hai1="26,108,11,92,75,9,114,28,93,130,103,68,121" hai2="131,17,72,104,106,52,49,30,101,125,34,113,83" hai3="76,39,62,59,67,66,90,105,18,44,120,2,87"/><W20/><G120/><T32/><D123/><U53/><E121/><V4/><F4/><W107/><G2/><T33/><D117/><U45/><E75/><V5/><F5/><W79/><G67/><T99/><D115/><U50/><E114/><V56/><F113/><W63/><G105/><T77/><D0/><U124/><E68/><V84/><F72/><W64/><G107/><T14/><D132/><U40/><E130/><V8/><F101/><W15/><G44/><T133/><D133/><U135/><E92/><V29/><F131/><W127/><G39/><T54/><D129/><U112/><E112/><V89/><F125/><W111/><G111/><T97/><D6/><U61/><E108/><V74/><F74/><W81/><REACH who="3" step="1"/><G127/><REACH who="3" ten="97,323,351,219" step="2"/><T51/><D77/><U69/><E124/><V43/><F106/><W95/><G95/><T10/><D85/><U55/><E135/><V24/><F104/><W118/><G118/><T16/><D14/><U21/><E93/><V46/><F84/><W7/><G7/><T23/><D10/><U134/><E134/><V47/><F8/><W116/><G116/><T73/><D73/><U110/><E110/><V80/><F46/><W126/><G126/><T82/><D82/><U98/><E9/><V19/><F47/><W31/><G31/><T96/><D94/><N who="1" m="58839" /><E11/><V100/><F30/><W42/><G42/><T37/><D37/><U57/><E69/><AGARI ba="0,1" hai="15,18,20,59,62,63,64,66,69,76,79,81,87,90" machi="69" ten="30,11600,0" yaku="1,1,7,1,52,2,53,0" doraHai="58" doraHaiUra="102" who="3" fromWho="1" sc="97,0,323,-116,351,0,219,126" /><INIT seed="3,1,0,3,1,84" ten="97,207,351,345" oya="3" hai0="97,12,66,68,132,21,80,128,49,116,20,118,86" hai1="106,92,52,99,127,117,101,102,121,71,67,70,39" hai2="63,46,72,87,104,123,112,41,85,18,82,115,26" hai3="110,113,62,119,129,36,0,79,55,111,29,34,11"/><W98/><G119/><T43/><D132/><U126/><E39/><V114/><F104/><W94/><G36/><T59/><D128/><U109/><E121/><V57/><F123/><W95/><G113/><T32/><D32/><U88/><E109/><N who="3" m="41482" /><G129/><T16/><D68/><U9/><E117/><V65/><F72/><W60/><G79/><T75/><D75/><U135/><E135/><V5/><F5/><N who="3" m="1447" /><G55/><T2/><D2/><U73/><E73/><V103/><F103/><N who="3" m="60887" /><G95/><T54/><D66/><U8/><E102/><V3/><F3/><W48/><G48/><T25/><D43/><U64/><E64/><V30/><F18/><W13/><G13/><T120/><D120/><U107/><E71/><V10/><F10/><N who="1" m="4201" /><E101/><V105/><F105/><W78/><G78/><T108/><D108/><U37/><E37/><V74/><F74/><W24/><AGARI ba="1,0" hai="24,29,34,60,62" m="60887,1447,41482" machi="24" ten="30,3000,0" yaku="14,1,10,1" doraHai="84" who="3" fromWho="3" sc="97,-11,207,-11,351,-11,345,33" owari="86,-41.0,196,-20.0,340,14.0,378,47.0" /></mjloggm>