<mjloggm ver="2.3"><GO type="169" lobby="0"/><UN n0="%E3%81%8B%E3%81%8D%E9%86%A4%E6%B2%B9" n1="%E5%B0%B1%E6%B4%BB%E7%94%9F%40%E5%B7%9D%E6%9D%91%E8%BB%8D%E5%9B%A3" n2="%46%75%6E%54%69%6D%65" n3="%6E%65%70%65%72%6F" dan="16,18,16,16" rate="2099.55,2213.72,2066.78,2137.10" sx="M,M,M,M"/><TAIKYOKU oya="0"/><INIT seed="0,0,0,1,3,127" ten="250,250,250,250" oya="0" hai0="1,106,83,3,39,107,120,12,46,69,78,38,34" hai1="95,86,98,104,66,55,37,93,44,41,53,27,19" hai2="17,35,72,33,103,45,14,84,123,79,108,7,29" hai3="64,113,122,51,116,13,74,61,94,11,18,130,131"/><T54/><D120/><U114/><E114/><V92/><F123/><W109/><G113/><T63/><D34/><U59/><E104/><V4/><F108/><W50/><G116/><T87/><D107/><U5/><E5/><V115/><F72/><W102/><G122/><T58/><D106/><U133/><E133/><V60/><F115/><W23/><G74/><T62/><D12/><U2/><E2/><V81/><F35/><W30/><G109/><T125/><D125/><U21/><E66/><V71/><F71/><W36/><G36/><T85/><D85/><U132/><E132/><V15/><F15/><W124/><G124/><T73/><D73/><U65/><E65/><V77/><F77/><W28/><G28/><T126/><D126/><U32/><E32/><V101/><F60/><W97/><G50/><T135/><D135/><U111/><E111/><V56/><F56/><N who="3" m="36903" /><G51/><T117/><D117/><U26/><E26/><AGARI ba="0,0" hai="11,13,18,23,26,30,94,97,102,130,131" m="36903" machi="26" ten="30,3900,0" yaku="25,1,52,2" doraHai="127" who="3" fromWho="1" sc="250,0,250,-39,250,0,250,39" /><INIT seed="1,0,0,2,0,29" ten="250,211,250,289" oya="1" hai0="122,9,128,109,115,132,28,95,0,51,104,46,36" hai1="43,79,22,34,94,16,114,84,18,93,89,103,53" hai2="71,78,105,72,129,111,57,17,125,33,21,133,82" hai3="19,3,58,1,12,24,20,119,98,108,69,120,134"/><U118/><E114/><V86/><F71/><W48/><G120/><T27/><D115/><U124/><E118/><V14/><F105/><W5/><G69/><T117/><D117/><U54/><E124/><V47/><F111/><W73/><G119/><T107/><D36/><U63/><E34/><V64/><F125/><W44/><G73/><T66/><D109/><U113/><E113/><V70/><F70/><W135/><G108/><T26/><D122/><U15/><E43/><V74/><F129/><W60/><G98/><T7/><D128/><U76/><E18/><V91/><F133/><N who="3" m="50699" /><G12/><T2/><D132/><U68/><E68/><V35/><F47/><W39/><G5/><T25/><D66/><U37/><E37/><V31/><F31/><W90/><G90/><T110/><D110/><U127/><E127/><V61/><REACH who="2" step="1"/><F74/><REACH who="2" ten="250,211,240,289" step="2"/><W88/><G44/><T126/><D126/><U97/><REACH who="1" step="1"/><E63/><REACH who="1" ten="250,201,240,289" step="2"/><V121/><F121/><W83/><G60/><T11/><D28/><U65/><E65/><V62/><F62/><W116/><G116/><T8/><D51/><U87/><E87/><V13/><F13/><W10/><G48/><T30/><D30/><U49/><E49/><V67/><F67/><W4/><G39/><T52/><D2/><U32/><E32/><V42/><F42/><W50/><G1/><T131/><D0/><U75/><E75/><V80/><AGARI ba="0,2" hai="14,17,21,33,35,57,61,64,72,78,80,82,86,91" machi="80" ten="20,8000,1" yaku="1,1,0,1,7,1,52,2,53,0" doraHai="29" doraHaiUra="40" who="2" fromWho="2" sc="250,-20,201,-40,240,100,289,-20" /><INIT seed="2,0,0,4,0,10" ten="230,161,340,269" oya="2" hai0="67,134,104,127,0,34,1,85,18,80,90,77,114" hai1="133,28,36,53,111,109,75,14,130,117,121,110,99" hai2="21,106,4,64,116,2,94,43,12,95,79,66,113" hai3="61,46,132,82,72,33,118,58,19,41,89,17,60"/><V55/><F106/><W42/><G118/><T39/><D114/><U48/><E117/><V40/><F116/><W112/><G132/><T31/><D39/><U81/><E36/><V105/><F105/><W25/><G112/><T3/><D104/><U122/><E28/><V56/><F2/><W76/><G42/><N who="2" m="15913" /><F79/><W120/><G61/><T131/><D134/><U35/><E35/><V78/><F78/><W13/><G120/><N who="1" m="46186" /><E133/><V119/><F113/><W97/><G33/><T102/><D102/><U125/><E125/><V115/><F115/><W108/><G108/><T63/><D127/><U24/><E24/><V15/><F119/><W103/><G89/><T11/><D131/><U135/><E135/><V98/><F95/><W57/><G60/><T38/><D38/><U65/><E65/><N who="2" m="25195" /><F4/><W23/><G41/><T92/><D31/><U54/><E130/><V50/><F21/><W20/><REACH who="3" step="1"/><G46/><REACH who="3" ten="230,161,340,259" step="2"/><T123/><D123/><U88/><E48/><V101/><AGARI ba="0,1" hai="12,15,50,55,56,94,98,101" m="25195,15913" machi="101" ten="30,6000,0" yaku="8,1,52,2" doraHai="10" who="2" fromWho="2" sc="230,-20,161,-20,340,70,259,-20" /><INIT seed="2,1,0,4,1,8" ten="210,141,410,239" oya="2" hai0="43,18,56,69,12,38,128,114,32,44,126,59,42" hai1="109,37,17,10,7,104,61,13,86,84,65,101,75" hai2="93,30,80,49,23,81,116,57,134,68,36,89,1" hai3="62,115,122,52,121,5,95,35,111,129,29,20,117"/><V124/><F36/><W133/><G117/><T85/><D114/><U19/><E75/><V9/><F68/><W27/><G115/><T34/><D69/><U54/><E109/><V47/><F116/><W55/><G111/><T28/><D126/><U99/><E37/><V130/><F124/><W103/><G129/><T64/><D128/><U31/><E31/><V3/><F3/><W79/><G79/><T66/><D43/><U48/><E17/><V4/><F57/><W77/><G77/><T108/><D108/><U21/><E61/><V82/><F134/><W78/><G78/><T51/><D85/><U0/><REACH who="1" step="1"/><E65/><REACH who="1" ten="210,131,410,239" step="2"/><V119/><F119/><W106/><G62/><T118/><D118/><U63/><E63/><V33/><F30/><W127/><G29/><T87/><D28/><U73/><E73/><V135/><F130/><W2/><G127/><T74/><D74/><U70/><E70/><V76/><F33/><W40/><G35/><T110/><D110/><U91/><E91/><V105/><F89/><W123/><G122/><T26/><D38/><U16/><E16/><V24/><F76/><W112/><G121/><T45/><D66/><U14/><E14/><V96/><F1/><W22/><G2/><T60/><D34/><U97/><E97/><V46/><F96/><W25/><G123/><T94/><D32/><U53/><E53/><V6/><F135/><W107/><G133/><T39/><D12/><U50/><E50/><V125/><F49/><W102/><G55/><N who="0" m="30191" /><D60/><U88/><E88/><V100/><F125/><W132/><G132/><T71/><D71/><RYUUKYOKU ba="1,1" sc="210,-10,131,30,410,-10,239,-10" hai1="0,7,10,13,19,21,48,54,84,86,99,101,104" /><INIT seed="3,2,1,4,5,76" ten="200,161,400,229" oya="3" hai0="98,97,28,82,67,77,26,126,103,27,31,18,55" hai1="83,19,129,47,116,121,9,81,80,95,92,21,96" hai2="114,99,68,102,57,120,73,86,58,123,36,50,112" hai3="104,113,2,45,87,65,117,39,107,91,71,1,53"/><W14/><G117/><T7/><D126/><U60/><E121/><N who="2" m="46667" /><F36/><W23/><G113/><T75/><D67/><U70/><E116/><V62/><F73/><W8/><G23/><T84/><D7/><U59/><E129/><V78/><F68/><W22/><G22/><N who="0" m="13655" /><D75/><U134/><E70/><V132/><F132/><W30/><G30/><N who="0" m="11307" /><D27/><N who="1" m="14783" /><E134/><V11/><F11/><W100/><G65/><T46/><D103/><N who="1" m="60807" /><E95/><N who="2" m="58751" /><F50/><AGARI ba="2,1" hai="46,50,55,77,82,84,97,98" m="11307,13655" machi="50" ten="30,2000,0" yaku="8,1,52,1" doraHai="76" who="0" fromWho="2" sc="200,36,161,0,400,-26,229,0" /><INIT seed="4,0,0,4,5,110" ten="236,161,374,229" oya="0" hai0="62,101,107,97,69,5,87,6,91,23,26,105,25" hai1="48,39,96,86,55,13,81,9,118,30,111,40,94" hai2="49,135,43,38,63,66,98,75,78,0,19,134,58" hai3="70,121,54,80,102,119,129,35,37,53,74,36,125"/><T95/><D107/><U76/><E111/><V88/><F0/><W50/><G119/><T24/><REACH who="0" step="1"/><D23/><REACH who="0" ten="226,161,374,229" step="2"/><U41/><E118/><V31/><F135/><W60/><G35/><T51/><D51/><U71/><E39/><V130/><F38/><W34/><G50/><T133/><D133/><U16/><E71/><V112/><F134/><W89/><G70/><T27/><N who="0" m="6144" /><DORA hai="123" /><T132/><D132/><U120/><E30/><V122/><F31/><W103/><G36/><T64/><AGARI ba="0,1" hai="5,6,62,64,69,87,91,95,97,101,105" m="6144" machi="64" ten="40,7800,0" yaku="1,1,0,1,53,1" doraHai="110,123" doraHaiUra="126,65" who="0" fromWho="0" sc="226,88,161,-26,374,-26,229,-26" /><INIT seed="4,1,0,3,4,73" ten="314,135,348,203" oya="0" hai0="14,92,107,43,25,36,124,8,95,67,58,81,103" hai1="9,77,111,116,109,13,90,105,30,29,57,6,94" hai2="79,42,11,53,38,33,51,55,59,110,32,85,87" hai3="102,27,93,44,3,12,130,70,88,71,61,62,23"/><T56/><D124/><U114/><E105/><V108/><F38/><W134/><G3/><T101/><D25/><U106/><E116/><V37/><F37/><W40/><G70/><T99/><D81/><U54/><E106/><V46/><F42/><W78/><G71/><T7/><D103/><U19/><E114/><V113/><F113/><W120/><G102/><T72/><D72/><U21/><E111/><V66/><F66/><W86/><G120/><T16/><D7/><U24/><E109/><V123/><F123/><W2/><G12/><T97/><D97/><U76/><E30/><V117/><F117/><W125/><G2/><T96/><D96/><U63/><E29/><V104/><F104/><W75/><G130/><T128/><D128/><U74/><E74/><V83/><F33/><W47/><G134/><T48/><D36/><U45/><E45/><V31/><F11/><W1/><G1/><T60/><REACH who="0" step="1"/><D58/><REACH who="0" ten="304,135,348,203" step="2"/><U132/><E132/><V69/><F69/><W49/><G125/><T82/><D82/><U18/><E6/><V80/><F110/><W20/><G75/><T91/><D91/><U64/><E64/><V126/><F126/><W35/><G27/><T17/><D17/><U28/><E28/><V0/><F31/><W22/><G88/><T135/><D135/><U89/><E90/><V133/><F133/><W121/><G121/><T84/><D84/><AGARI ba="1,1" hai="9,13,18,19,21,24,54,57,63,76,77,84,89,94" machi="84" ten="30,7700,0" yaku="7,1,8,1,52,2" doraHai="73" who="1" fromWho="0" sc="304,-80,135,90,348,0,203,0" /><INIT seed="5,0,0,5,1,134" ten="224,225,348,203" oya="1" hai0="132,7,135,44,110,130,49,18,50,105,96,84,28" hai1="99,39,16,59,80,88,15,100,45,23,83,104,26" hai2="22,48,21,68,103,66,123,41,108,54,29,97,51" hai3="63,116,17,0,62,121,11,78,86,74,19,52,89"/><U20/><E39/><V40/><F108/><W117/><G121/><T93/><D110/><U58/><E45/><V119/><F119/><N who="3" m="45643" /><G0/><T129/><D28/><U115/><E115/><V55/><F123/><W85/><G74/><T127/><D7/><U70/><E70/><V77/><F77/><W113/><G113/><T14/><D105/><U101/><E101/><V27/><F66/><W13/><G78/><T9/><D84/><U111/><E111/><V120/><F68/><W118/><N who="3" m="45651" /><W94/><DORA hai="6" /><G85/><T114/><D114/><U31/><REACH who="1" step="1"/><E88/><REACH who="1" ten="224,215,348,203" step="2"/><V37/><F37/><W91/><G91/><N who="0" m="55359" /><D44/><U32/><E32/><V128/><F120/><W30/><G30/><T36/><D36/><U76/><E76/><V131/><F103/><W109/><G109/><T107/><D107/><U106/><E106/><V112/><F112/><W75/><G75/><T61/><D135/><U122/><E122/><V124/><F97/><W33/><G33/><T35/><D35/><U95/><E95/><V72/><F72/><W87/><G87/><T126/><D132/><U56/><AGARI ba="0,1" hai="15,16,20,23,26,31,56,58,59,80,83,99,100,104" machi="56" ten="30,6000,0" yaku="1,1,0,1,54,1,53,0" doraHai="134,6" doraHaiUra="65,34" who="1" fromWho="1" sc="224,-20,215,70,348,-20,203,-20" /><INIT seed="5,1,0,2,5,0" ten="204,285,328,183" oya="1" hai0="55,109,69,70,134,18,46,90,13,132,60,54,15" hai1="10,31,115,21,35,36,117,112,101,6,34,65,129" hai2="122,2,27,3,37,130,106,76,110,126,62,78,73" hai3="96,87,123,84,125,97,83,67,127,47,95,29,4"/><U22/><E36/><V119/><RYUUKYOKU type="yao9" ba="1,0" sc="204,0,285,0,328,0,183,0" hai2="2,3,27,37,62,73,76,78,106,110,119,122,126,130" /><INIT seed="5,2,0,0,2,93" ten="204,285,328,183" oya="1" hai0="11,129,132,24,6,29,44,51,66,63,2,105,12" hai1="33,59,39,13,76,130,85,54,60,64,91,26,8" hai2="65,14,102,73,25,116,113,128,103,121,112,36,111" hai3="124,83,62,0,67,46,78,107,117,104,22,4,21"/><U135/><E39/><V57/><F36/><W37/><G124/><T19/><D129/><U123/><E123/><V95/><F73/><W89/><G89/><T50/><D132/><U109/><E130/><V75/><F111/><W27/><G117/><T71/><D105/><U96/><E135/><V48/><F75/><W41/><G4/><T55/><D51/><U108/><E33/><V87/><F116/><W79/><G0/><T5/><REACH who="0" step="1"/><D2/><REACH who="0" ten="194,285,328,183" step="2"/><U68/><E108/><V94/><F48/><W34/><G104/><T133/><D133/><U35/><E109/><V32/><F128/><W101/><G107/><T81/><D81/><U77/><E35/><AGARI ba="2,1" hai="5,6,11,12,19,24,29,35,44,50,55,63,66,71" machi="35" ten="30,3900,0" yaku="1,1,7,1,53,1" doraHai="93" doraHaiUra="40" who="0" fromWho="1" sc="194,55,285,-45,328,0,183,0" /><INIT seed="6,0,0,4,5,123" ten="249,240,328,183" oya="2" hai0="38,14,63,121,75,70,50,72,15,88,116,97,105" hai1="127,23,33,67,92,49,60,51,85,130,86,12,114" hai2="29,133,5,117,34,61,71,13,95,110,35,99,104" hai3="66,2,44,0,115,126,125,27,101,79,55,37,73"/><V19/><F117/><W69/><G55/><T26/><D121/><U103/><E33/><V96/><F133/><W84/><G84/><T135/><D38/><U9/><E114/><V107/><F5/><W36/><G27/><T113/><D113/><U132/><E132/><V59/><F71/><W10/><G115/><T45/><D135/><U8/><E127/><V32/><F29/><W40/><G101/><T112/><D112/><U81/><E23/><V25/><F25/><W3/><G36/><T20/><D116/><U102/><E9/><V100/><F99/><W53/><G53/><T17/><D70/><U62/><E130/><V120/><F110/><W28/><G28/><T118/><D118/><U68/><E62/><V4/><F4/><W82/><REACH who="3" step="1"/><G10/><REACH who="3" ten="249,240,328,173" step="2"/><T64/><D75/><U46/><E102/><V7/><F120/><W91/><G91/><T58/><D72/><U56/><E86/><V124/><F100/><W74/><G74/><T83/><D105/><U122/><E122/><V87/><F87/><W90/><G90/><T1/><D83/><U93/><E103/><V76/><F107/><W54/><G54/><N who="0" m="30031" /><D1/><U109/><E85/><V18/><F104/><W98/><G98/><T42/><D42/><U77/><E81/><V39/><F96/><W106/><G106/><T108/><D97/><U65/><E92/><V31/><F95/><W6/><G6/><T57/><D88/><U24/><E93/><V47/><F7/><W16/><G16/><T48/><D17/><U11/><E24/><V21/><F39/><W80/><G80/><T131/><D26/><RYUUKYOKU ba="0,1" sc="249,-10,240,-10,328,-10,173,30" hai3="0,2,3,37,40,44,66,69,73,79,82,125,126" /><INIT seed="7,1,1,5,2,24" ten="239,230,318,203" oya="3" hai0="11,104,73,123,13,83,132,65,99,53,26,38,34" hai1="120,44,22,25,118,41,128,62,133,79,9,113,89" hai2="36,70,18,116,63,129,96,90,97,33,127,112,2" hai3="78,3,125,28,40,135,47,17,57,29,85,105,108"/><W56/><G105/><T92/><D123/><U71/><E120/><V91/><F116/><W55/><G3/><T6/><D104/><U4/><E79/><V114/><F36/><W81/><G108/><T66/><D38/><U111/><E111/><V32/><F2/><W61/><G125/><T43/><D43/><U103/><E103/><V58/><F70/><W72/><G135/><T94/><D132/><U31/><E133/><V48/><F48/><N who="3" m="26727" /><G72/><T131/><D131/><U35/><E128/><V115/><F127/><W5/><G5/><T50/><D94/><U14/><E118/><V87/><F18/><W39/><G39/><T21/><D34/><N who="2" m="13418" /><F129/><W86/><G17/><N who="0" m="12591" /><D83/><U124/><E113/><V51/><F51/><N who="3" m="30847" /><G86/><T37/><D73/><U59/><E124/><V84/><F84/><W45/><G45/><N who="0" m="27855" /><D37/><U64/><E71/><V134/><F134/><W1/><G1/><T110/><D110/><U119/><E119/><V27/><F87/><W68/><G68/><T8/><D8/><U0/><E44/><V101/><F115/><W107/><G107/><T88/><AGARI ba="1,1" hai="6,11,13,65,66,88,92,99" m="27855,12591" machi="88" ten="30,2000,0" yaku="8,1,54,1" doraHai="24" who="0" fromWho="0" sc="239,33,230,-6,318,-6,203,-11" owari="272,7.0,224,-18.0,312,42.0,192,-31.0" /></mjloggm>