<mjloggm ver="2.3"><GO type="225" lobby="0"/><UN n0="%2E%70%75%72%69%74%61%6E" n1="%E5%B0%B1%E6%B4%BB%E7%94%9F%40%E5%B7%9D%E6%9D%91%E8%BB%8D%E5%9B%A3" n2="%E5%A4%A9%E7%A9%BA%73%61%79%61" n3="%79%75%69%79%75%69%30%30" dan="16,17,16,17" rate="2113.15,2225.55,2130.55,2129.10" sx="M,M,M,M"/><TAIKYOKU oya="0"/><INIT seed="0,0,0,0,2,15" ten="250,250,250,250" oya="0" hai0="19,48,88,9,114,21,94,131,16,104,49,42,109" hai1="18,107,54,116,1,38,73,81,3,96,124,0,61" hai2="91,22,64,23,111,93,72,120,110,82,17,28,95" hai3="25,100,92,45,113,90,83,55,58,30,7,112,125"/><T13/><D114/><U40/><E116/><V70/><F120/><W135/><G135/><T78/><D104/><U62/><E124/><V27/><F70/><W130/><G125/><T118/><D118/><U5/><E54/><V132/><F64/><W106/><G130/><T77/><D131/><U128/><E128/><V127/><F132/><W126/><G7/><T75/><D109/><N who="2" m="41482" /><F127/><W36/><G83/><T115/><D115/><U47/><E5/><V53/><F53/><W86/><G106/><T44/><D49/><U11/><E107/><V8/><F8/><W12/><G100/><T84/><D75/><U60/><E96/><V20/><F72/><W10/><G126/><T66/><D66/><U43/><E43/><V89/><F82/><W76/><G36/><T105/><D105/><U129/><E129/><V46/><F46/><W85/><G45/><T29/><D29/><U37/><E37/><V134/><F134/><W133/><G133/><T35/><D35/><U41/><E41/><V103/><F103/><W97/><G112/><T101/><D101/><U79/><E11/><V80/><F80/><W117/><G117/><T51/><D51/><U99/><E99/><N who="2" m="57775" /><F28/><W33/><G76/><T65/><D65/><U123/><E123/><V56/><F56/><W59/><G59/><T26/><AGARI ba="0,0" hai="9,13,16,19,21,26,42,44,48,77,78,84,88,94" machi="26" ten="20,18000,2" yaku="0,1,7,1,8,1,52,2,54,2" doraHai="15" who="0" fromWho="0" sc="250,180,250,-60,250,-60,250,-60" /><INIT seed="0,1,0,0,3,29" ten="430,190,190,190" oya="0" hai0="51,35,38,112,110,9,120,10,36,134,95,68,69" hai1="74,97,119,71,78,132,87,106,79,42,104,83,27" hai2="123,31,85,1,111,25,101,53,82,118,13,113,48" hai3="50,107,63,24,44,7,26,8,54,72,90,61,41"/><T92/><D112/><U14/><E119/><V131/><F113/><W100/><G72/><T65/><D65/><U39/><E132/><V114/><F114/><W11/><G107/><T15/><D15/><U17/><E71/><V57/><F1/><W4/><G100/><T75/><D51/><U0/><E0/><V56/><F123/><W64/><G41/><T102/><D102/><U6/><E6/><N who="3" m="2090" /><G90/><T16/><D75/><U80/><E27/><N who="3" m="10282" /><G63/><T12/><D134/><U43/><E39/><V116/><F101/><W81/><G81/><T94/><D120/><U59/><E97/><V21/><F111/><W30/><G30/><T33/><D110/><U23/><E106/><V32/><F131/><W46/><G46/><T121/><D121/><U88/><E104/><V77/><REACH who="2" step="1"/><F56/><AGARI ba="1,0" hai="8,11,44,50,54,56,61,64" m="10282,2090" machi="56" ten="30,1000,0" yaku="8,1" doraHai="29" who="3" fromWho="2" sc="430,0,190,0,190,-13,190,13" /><INIT seed="1,0,0,4,2,130" ten="430,190,177,203" oya="1" hai0="22,18,36,73,108,79,94,64,134,115,42,74,133" hai1="123,70,131,34,5,65,21,25,60,71,103,51,127" hai2="117,124,52,98,31,8,99,56,63,54,24,23,50" hai3="1,102,119,106,9,11,38,132,15,13,33,118,135"/><U69/><E123/><V96/><F124/><W53/><G38/><T49/><D115/><U120/><E120/><V76/><F117/><N who="3" m="44555" /><G33/><T83/><D36/><U72/><E131/><V126/><F126/><W97/><G1/><T125/><D125/><U128/><E127/><V109/><F109/><W55/><G13/><N who="0" m="9551" /><D64/><U35/><E128/><V85/><F8/><N who="3" m="3147" /><G15/><T86/><D94/><U17/><E5/><V84/><REACH who="2" step="1"/><F76/><REACH who="2" ten="430,190,167,203" step="2"/><W40/><G40/><T58/><D108/><U4/><E4/><V20/><F20/><W44/><G44/><AGARI ba="0,1" hai="23,24,31,44,50,52,54,56,63,84,85,96,98,99" machi="44" ten="40,5200,0" yaku="1,1,8,1,54,1,53,0" doraHai="130" doraHaiUra="112" who="2" fromWho="3" sc="430,0,190,0,167,62,203,-52" /><INIT seed="2,0,0,1,4,102" ten="430,190,229,151" oya="2" hai0="62,71,16,32,14,87,91,118,56,88,30,12,110" hai1="49,67,4,77,90,43,125,99,48,58,63,129,100" hai2="70,121,111,11,59,75,124,79,5,113,40,22,76" hai3="126,104,19,60,84,29,41,114,120,131,2,33,44"/><V7/><F121/><W20/><G120/><T61/><D110/><U42/><E125/><V55/><F113/><W25/><G114/><T132/><D132/><U46/><E129/><V117/><F117/><W105/><G131/><T53/><D118/><U112/><E112/><V57/><F70/><W74/><G74/><T15/><D32/><U72/><E4/><V83/><F111/><W133/><G133/><T66/><D30/><U68/><E90/><V123/><F123/><W119/><G119/><T28/><D28/><U81/><E68/><V96/><F79/><W122/><G122/><T45/><D45/><U8/><E8/><V9/><F40/><W23/><G126/><T89/><REACH who="0" step="1"/><D87/><REACH who="0" ten="420,190,229,151" step="2"/><U93/><E43/><V37/><F124/><W51/><G33/><T116/><D116/><U94/><REACH who="1" step="1"/><E48/><REACH who="1" ten="420,180,229,151" step="2"/><V82/><F37/><W21/><G60/><T39/><D39/><U3/><E3/><V86/><F86/><W17/><G2/><T95/><D95/><AGARI ba="0,2" hai="42,46,49,58,63,67,72,77,81,93,94,95,99,100" machi="95" ten="30,2000,0" yaku="1,1,7,1,53,0" doraHai="102" doraHaiUra="27" who="1" fromWho="0" sc="420,-20,180,40,229,0,151,0" /><INIT seed="3,0,0,2,5,100" ten="400,220,229,151" oya="3" hai0="5,77,19,96,57,63,119,74,80,23,87,53,108" hai1="66,107,109,125,21,40,12,115,64,22,41,73,124" hai2="97,128,117,69,71,95,51,88,134,13,42,72,105" hai3="101,99,78,46,94,110,133,58,3,86,90,31,102"/><W25/><G133/><T83/><D108/><U15/><E109/><V26/><F117/><W7/><G110/><T121/><D121/><U35/><E35/><V123/><F105/><W27/><G3/><T82/><D119/><U55/><E55/><V81/><F123/><W84/><G7/><T131/><D131/><U10/><E73/><V62/><F128/><W104/><G101/><T75/><D75/><U28/><E107/><V0/><F0/><W8/><G8/><T61/><D96/><U112/><E10/><V92/><F26/><W36/><G58/><T47/><D47/><U93/><E93/><V52/><F13/><W54/><G31/><AGARI ba="0,0" hai="12,15,21,22,28,31,40,41,64,66,112,115,124,125" machi="31" ten="25,1600,0" yaku="22,2" doraHai="100" who="1" fromWho="3" sc="400,0,220,16,229,0,151,-16" owari="400,49.0,236,4.0,229,-17.0,135,-36.0" /></mjloggm>