<mjloggm ver="2.3"><GO type="169" lobby="0"/><UN n0="%E7%B5%B6%E5%AF%BE%E4%B8%8D%E5%8F%AF%E4%BE%B5%E9%A0%98%E5%9F%9F" n1="%E9%87%8E%E3%80%85%E5%AE%AE%E8%97%8D" n2="%E3%82%A6%E3%83%AB%E3%83%88%E3%83%A9%E7%AB%8B%E7%9B%B4" n3="%E3%83%AD%E3%83%B3%E3%82%88%E3%82%8A%E8%A8%BC%E6%8B%A0" dan="16,16,17,17" rate="2150.32,2076.05,2166.89,2218.12" sx="M,F,M,M"/><TAIKYOKU oya="0"/><INIT seed="0,0,0,4,5,62" ten="250,250,250,250" oya="0" hai0="33,100,89,27,75,30,114,38,86,105,84,35,91" hai1="81,60,65,67,64,17,80,99,24,12,43,44,123" hai2="4,55,16,76,25,21,1,110,108,49,72,122,113" hai3="126,13,66,116,11,53,58,0,73,70,6,51,61"/><T121/><D75/><U9/><E123/><V71/><F71/><W93/><G73/><T85/><D121/><U94/><E60/><V41/><F41/><W32/><G116/><T82/><D114/><U98/><E24/><V42/><F42/><W95/><G32/><T31/><D38/><U56/><E56/><V69/><F69/><W52/><G126/><T37/><D37/><U48/><E99/><V127/><F122/><W83/><G83/><T133/><D133/><U47/><E47/><N who="2" m="28095" /><F113/><W54/><G54/><T50/><D50/><U40/><E40/><V130/><F130/><W18/><REACH who="3" step="1"/><G53/><REACH who="3" ten="250,250,250,240" step="2"/><T68/><D82/><U34/><REACH who="1" step="1"/><E34/><REACH who="1" ten="250,240,250,240" step="2"/><V7/><F127/><W59/><G59/><T2/><D68/><U92/><E92/><V120/><F120/><W109/><G109/><T15/><D35/><U117/><E117/><V111/><F111/><W5/><G5/><T135/><D33/><U20/><E20/><AGARI ba="0,2" hai="0,6,11,13,18,20,51,52,58,61,66,70,93,95" machi="20" ten="30,7700,0" yaku="1,1,7,1,52,1,54,1,53,0" doraHai="62" doraHaiUra="78" who="3" fromWho="1" sc="250,0,240,-77,250,0,240,97" /><INIT seed="1,0,0,5,4,14" ten="250,163,250,337" oya="1" hai0="17,52,34,42,53,76,58,104,123,94,135,64,129" hai1="44,99,6,46,127,132,39,128,91,43,63,115,57" hai2="23,122,45,74,118,35,33,105,101,80,55,29,31" hai3="61,77,75,15,16,2,96,22,48,131,79,72,4"/><U38/><E6/><V28/><F118/><W102/><G131/><T107/><D129/><U0/><E0/><V40/><F122/><W71/><G75/><T86/><D34/><U103/><E128/><V26/><F55/><W13/><G2/><T73/><D123/><U1/><E1/><V21/><F101/><W92/><G72/><T110/><D73/><U3/><E3/><V113/><F105/><W36/><G36/><T50/><D110/><U32/><E32/><V37/><F113/><W95/><G48/><T109/><D109/><U120/><E115/><V47/><F47/><W41/><G41/><T111/><D42/><N who="1" m="22615" /><E91/><V49/><F37/><W112/><G112/><T78/><D111/><U54/><E99/><V133/><F133/><W12/><G71/><T108/><D135/><U59/><E103/><V87/><F74/><W8/><G61/><T83/><D108/><U18/><E120/><V7/><F7/><W24/><G95/><T20/><D64/><N who="1" m="39023" /><E132/><V100/><F100/><W66/><G66/><T9/><D104/><U119/><E18/><N who="2" m="12599" /><F35/><W65/><G65/><T97/><D107/><U82/><E119/><V67/><F33/><W19/><G24/><N who="0" m="14351" /><D9/><AGARI ba="0,0" hai="4,8,9,12,13,15,16,19,22,77,79,92,96,102" machi="9" ten="30,8000,1" yaku="7,1,8,1,52,2,54,1" doraHai="14" who="3" fromWho="0" sc="250,-80,163,0,250,0,337,80" /><INIT seed="2,0,0,0,3,50" ten="170,163,250,417" oya="2" hai0="29,105,120,122,35,91,124,112,62,8,99,71,60" hai1="30,114,88,130,49,119,38,92,97,82,5,80,87" hai2="126,89,69,13,37,15,125,53,1,129,133,100,115" hai3="17,22,20,27,109,95,110,76,26,101,54,43,14"/><V39/><F115/><W0/><G0/><T117/><D112/><U103/><E38/><N who="2" m="14347" /><F1/><W57/><G43/><T79/><D124/><N who="2" m="47722" /><F69/><W127/><G127/><T44/><D117/><U47/><E119/><V23/><F100/><W113/><G113/><T84/><D71/><U24/><E130/><V132/><F129/><W72/><G76/><T31/><D79/><U96/><E114/><V75/><F75/><W66/><G66/><T42/><D8/><U118/><E118/><V59/><F89/><W3/><G3/><T18/><D120/><U41/><E5/><V21/><F21/><W70/><G70/><T74/><D74/><U135/><E135/><N who="2" m="51787" /><F23/><W67/><G72/><T12/><D122/><U56/><E97/><V7/><F7/><W85/><G22/><T134/><D134/><U128/><E128/><V36/><N who="2" m="14355" /><V104/><DORA hai="106" /><F104/><W6/><G101/><T108/><D99/><U68/><E68/><V93/><F93/><W111/><G95/><T46/><D105/><U52/><E80/><V28/><F28/><W107/><G107/><T25/><D31/><U10/><E10/><V83/><F83/><W2/><G2/><T65/><D29/><U51/><E30/><V16/><F16/><W116/><G6/><T86/><D18/><U11/><E11/><V58/><F58/><W73/><G17/><T98/><D98/><U102/><E24/><V94/><F94/><W78/><G27/><T121/><D25/><U4/><E4/><V64/><F64/><W123/><G26/><T48/><D65/><U19/><E19/><V81/><F81/><RYUUKYOKU ba="0,0" sc="170,-15,163,15,250,15,417,-15" hai1="41,47,49,51,52,56,82,87,88,92,96,102,103" hai2="13,15,53,59" /><INIT seed="2,1,0,5,0,85" ten="155,178,265,402" oya="2" hai0="46,76,8,35,103,71,112,91,59,44,125,57,66" hai1="36,51,106,131,73,13,16,111,31,116,123,32,60" hai2="108,98,30,11,118,56,53,127,81,80,120,37,92" hai3="9,130,75,63,83,110,82,41,129,124,17,113,67"/><V33/><F37/><W21/><G110/><T121/><D35/><U133/><RYUUKYOKU type="yao9" ba="1,0" sc="155,0,178,0,265,0,402,0" hai1="13,16,31,32,36,51,60,73,106,111,116,123,131,133" /><INIT seed="2,2,0,2,1,73" ten="155,178,265,402" oya="2" hai0="85,128,40,79,120,49,42,39,106,46,91,3,99" hai1="4,105,90,110,131,59,67,135,29,97,19,78,43" hai2="22,13,129,20,122,68,21,24,71,133,118,0,80" hai3="111,7,26,112,134,117,96,109,69,9,102,14,86"/><V103/><F0/><W63/><G117/><T89/><D120/><U58/><E110/><V84/><F118/><W132/><G112/><T5/><D128/><U56/><E131/><V61/><F129/><W101/><G101/><T23/><D3/><U119/><E4/><V66/><F122/><W36/><G36/><T44/><D5/><U1/><E1/><V45/><F133/><N who="3" m="51307" /><G26/><T2/><D2/><U82/><E43/><V115/><F115/><W37/><G37/><T81/><REACH who="0" step="1"/><D23/><REACH who="0" ten="145,178,265,402" step="2"/><U72/><E119/><V18/><F22/><W53/><G7/><T114/><D114/><U104/><E135/><V62/><F21/><W6/><G6/><T11/><D11/><U16/><E67/><V17/><F20/><W130/><G9/><T52/><D52/><U15/><E29/><V108/><F66/><W83/><G53/><T10/><D10/><U33/><E33/><V87/><F24/><W113/><G113/><T125/><D125/><U124/><E124/><V28/><F28/><W107/><G130/><T95/><D95/><U32/><E32/><V76/><F18/><W38/><G111/><T98/><D98/><U64/><E64/><V31/><F31/><W54/><G96/><T93/><D93/><N who="1" m="56503" /><E19/><V74/><F108/><W50/><G54/><T92/><D92/><U126/><E126/><V65/><F65/><W123/><G123/><T75/><D75/><U116/><E116/><V25/><F74/><W8/><G8/><T12/><D12/><U94/><E94/><V77/><F13/><W70/><G14/><T60/><D60/><U47/><E15/><RYUUKYOKU ba="2,1" sc="145,30,178,-10,265,-10,402,-10" hai0="39,40,42,44,46,49,79,81,85,89,91,99,106" /><INIT seed="3,3,1,5,5,91" ten="175,168,255,392" oya="3" hai0="96,61,65,55,128,29,13,98,53,27,95,50,26" hai1="77,49,80,107,87,52,118,125,1,62,123,97,22" hai2="25,79,33,72,111,99,5,66,135,114,18,83,44" hai3="19,43,119,76,93,108,104,31,12,2,34,68,0"/><W3/><G104/><T112/><D128/><U30/><E123/><V84/><F114/><W38/><G68/><T39/><D39/><U85/><E1/><V75/><F111/><W74/><G119/><T121/><D121/><U129/><E129/><V51/><F135/><W14/><G108/><T23/><D112/><U73/><E62/><V117/><F117/><W41/><G38/><T78/><D78/><U4/><E4/><V40/><F66/><W7/><G76/><T71/><D13/><U124/><E118/><V9/><F99/><W36/><G74/><T11/><D11/><U106/><E30/><N who="2" m="19663" /><F18/><W48/><G36/><T116/><D116/><U131/><E131/><V130/><F130/><W46/><G31/><T81/><D81/><U113/><E22/><V54/><F54/><W110/><G34/><T115/><D115/><U17/><E17/><V64/><F64/><W63/><G14/><AGARI ba="3,1" hai="5,9,14,40,44,51,72,75,79,83,84" m="19663" machi="14" ten="30,1000,0" yaku="25,1" doraHai="91" who="2" fromWho="3" sc="175,0,168,0,255,29,392,-19" /><INIT seed="4,0,0,5,4,11" ten="175,168,284,373" oya="0" hai0="0,8,92,27,88,104,55,46,66,5,77,61,47" hai1="74,75,109,20,15,97,41,103,58,80,112,36,123" hai2="6,116,40,69,101,91,28,121,53,37,43,127,83" hai3="9,117,68,10,71,120,114,124,21,7,133,122,70"/><T26/><D104/><U56/><E109/><V129/><F69/><W16/><G117/><T4/><D77/><U17/><E123/><V30/><F121/><W34/><G34/><T119/><D119/><U134/><E36/><V76/><F116/><W94/><G114/><T100/><D100/><U95/><E41/><V60/><F101/><W1/><G124/><T82/><D82/><U87/><E112/><V86/><F127/><W73/><G73/><T67/><D5/><U126/><E126/><V110/><F110/><W12/><G133/><T48/><D47/><U25/><E134/><V135/><F135/><W84/><G10/><T18/><D18/><N who="1" m="12439" /><E74/><V63/><F129/><W57/><G57/><T78/><D78/><N who="1" m="46487" /><E75/><V102/><F102/><W65/><G65/><T118/><D118/><U125/><E125/><V45/><F43/><W33/><G33/><T111/><D111/><U49/><E49/><V23/><F40/><W52/><G52/><T51/><D51/><U90/><E103/><V13/><F37/><W54/><G54/><T3/><D0/><U98/><E98/><V128/><F128/><W89/><AGARI ba="0,0" hai="1,7,9,12,16,21,68,70,71,84,89,94,120,122" machi="89" ten="40,5200,0" yaku="0,1,52,1,54,1" doraHai="11" who="3" fromWho="3" sc="175,-26,168,-13,284,-13,373,52" /><INIT seed="5,0,0,5,5,88" ten="149,155,271,425" oya="1" hai0="30,26,14,43,116,76,59,104,109,51,124,28,78" hai1="89,12,41,67,42,110,20,24,13,29,3,36,53" hai2="131,47,31,97,115,4,38,21,69,9,134,79,35" hai3="63,48,37,126,2,122,112,96,34,11,119,39,0"/><U16/><E3/><V93/><F69/><W66/><G122/><T70/><D70/><U10/><E110/><V94/><F35/><W77/><G34/><T98/><D109/><U127/><E36/><V33/><F33/><W95/><G112/><T87/><D116/><U5/><E67/><V22/><F115/><W132/><G126/><T92/><D104/><U71/><E71/><V75/><F131/><W84/><G132/><T128/><D124/><U82/><E127/><V130/><F130/><W1/><G119/><T74/><D74/><U15/><E53/><V86/><F86/><W54/><G11/><T113/><D113/><U111/><E111/><V6/><F6/><W106/><G106/><T61/><D128/><U102/><E102/><V83/><F134/><W17/><G17/><T50/><D14/><N who="1" m="5739" /><E29/><N who="0" m="11369" /><D26/><U120/><E120/><V52/><F97/><W125/><G125/><T56/><D43/><U114/><E114/><V46/><F46/><W60/><G66/><T105/><D105/><U62/><E62/><V108/><F52/><W18/><G63/><T32/><D32/><U121/><E121/><V85/><F108/><W118/><G60/><T58/><D61/><U91/><E91/><V90/><F90/><W117/><G39/><T107/><D107/><U49/><E49/><V8/><F75/><W80/><G37/><T44/><D44/><U99/><E82/><V100/><F38/><W25/><G48/><N who="0" m="18475" /><D87/><U19/><E5/><V103/><F4/><W135/><G135/><T23/><D23/><N who="2" m="8714" /><F83/><W57/><G118/><T7/><D7/><U81/><E81/><RYUUKYOKU ba="0,0" sc="149,15,155,15,271,-15,425,-15" hai0="56,58,59,76,78,92,98" hai1="10,15,16,19,20,24,41,42,89,99" /><INIT seed="5,1,0,0,4,119" ten="164,170,256,410" oya="1" hai0="112,22,9,52,64,33,77,8,54,10,81,7,44" hai1="100,17,123,60,126,32,62,27,127,85,118,96,36" hai2="108,73,106,43,11,31,15,133,28,75,66,68,129" hai3="92,78,37,102,38,135,76,19,82,24,91,23,131"/><U116/><E36/><V130/><F106/><W6/><G131/><N who="2" m="50185" /><F108/><W101/><G135/><T109/><D109/><U84/><E123/><V30/><F43/><W86/><G78/><T16/><D33/><U111/><E111/><V132/><F66/><W13/><G38/><T128/><D128/><U53/><E116/><V29/><F29/><W89/><G37/><T74/><D112/><U114/><E114/><V12/><F68/><W124/><G124/><N who="1" m="47658" /><E118/><V79/><F79/><W1/><G1/><T70/><D7/><U134/><E134/><N who="2" m="51819" /><F11/><N who="3" m="4343" /><G76/><T59/><D70/><U41/><E41/><V55/><F55/><W42/><G42/><T56/><D64/><U2/><E53/><V57/><F57/><W40/><G40/><T95/><D54/><U94/><E32/><V14/><AGARI ba="1,0" hai="12,14,15,28,30,31,73,75" m="51819,50185" machi="14" ten="40,8000,1" yaku="28,2,19,1,20,1" doraHai="119" who="2" fromWho="2" sc="164,-21,170,-41,256,83,410,-21" /><INIT seed="6,0,0,1,2,66" ten="143,129,339,389" oya="2" hai0="110,96,112,79,108,125,12,62,61,25,116,4,76" hai1="103,64,67,59,42,132,49,55,78,81,56,41,95" hai2="1,50,106,69,127,93,122,89,46,68,40,17,107" hai3="13,72,115,134,34,38,48,39,44,102,35,80,29"/><V90/><F122/><W84/><G72/><T20/><D125/><U16/><E132/><V45/><F1/><W3/><G3/><T63/><D112/><U28/><E28/><V75/><F75/><W129/><G134/><T98/><D116/><U117/><E117/><V113/><F113/><W74/><G74/><T51/><D51/><U111/><E111/><V86/><F127/><W92/><G129/><T120/><D120/><U94/><E16/><V57/><F57/><W15/><G115/><T128/><D128/><U99/><E94/><V53/><F17/><W19/><G15/><T77/><D110/><U82/><E82/><V36/><REACH who="2" step="1"/><F90/><REACH who="2" ten="143,129,329,389" step="2"/><W9/><G19/><N who="0" m="12447" /><D108/><U43/><REACH who="1" step="1"/><E59/><REACH who="1" ten="143,119,329,389" step="2"/><V0/><F0/><W100/><G29/><T71/><D71/><AGARI ba="0,2" hai="36,40,45,46,50,53,68,69,71,86,89,93,106,107" machi="71" ten="40,12000,1" yaku="1,1,52,3,53,0" doraHai="66" doraHaiUra="130" who="2" fromWho="0" sc="143,-120,119,0,329,140,389,0" /><INIT seed="6,1,0,1,0,69" ten="23,119,469,389" oya="2" hai0="19,51,89,109,64,16,82,121,71,135,110,62,78" hai1="18,130,9,124,29,11,90,99,86,32,68,38,22" hai2="33,63,25,116,7,42,97,94,12,37,65,52,108" hai3="23,53,1,127,73,131,122,104,21,26,0,36,96"/><V101/><F116/><W20/><G122/><T119/><D121/><U112/><E68/><V98/><F108/><W75/><G26/><T76/><D119/><U44/><E32/><V15/><F7/><W34/><G34/><T30/><D135/><U27/><E38/><V47/><F97/><W2/><G53/><T85/><D30/><U48/><E112/><V111/><F111/><W60/><G60/><T66/><D66/><U132/><E130/><V35/><F35/><W24/><G24/><T92/><D78/><U81/><E124/><V55/><F12/><W59/><G59/><T91/><D110/><U120/><E132/><V14/><F14/><W31/><G31/><T50/><D109/><U123/><E123/><V61/><F15/><W84/><G84/><T107/><D107/><U39/><E39/><V100/><F63/><W3/><G3/><T106/><D106/><U28/><E99/><V128/><F25/><W133/><G133/><T103/><D103/><U87/><E120/><V72/><F101/><W93/><G104/><T118/><D118/><U126/><E126/><V41/><F33/><W79/><G127/><T113/><D113/><U56/><E29/><V125/><F125/><W74/><G131/><T70/><D70/><U54/><E28/><V83/><F42/><W88/><G79/><T45/><D91/><U6/><E6/><V102/><F102/><W43/><G43/><T117/><D117/><U95/><E56/><N who="2" m="37031" /><F128/><W46/><G46/><T77/><D77/><AGARI ba="1,0" hai="9,11,18,22,27,44,48,54,77,81,86,87,90,95" machi="77" ten="30,2000,0" yaku="7,1,8,1" doraHai="69" who="1" fromWho="0" sc="23,-23,119,23,469,0,389,0" /><INIT seed="7,0,0,0,2,45" ten="0,142,469,389" oya="3" hai0="8,117,134,53,74,95,29,107,109,52,66,65,11" hai1="39,70,73,50,102,108,86,30,106,49,38,1,3" hai2="87,119,69,83,21,130,112,81,14,16,33,41,67" hai3="51,62,103,34,17,22,96,94,36,64,35,115,19"/><W72/><G36/><T71/><D107/><U89/><E73/><V111/><F33/><W99/><G72/><T93/><D74/><U75/><E75/><V118/><F111/><W98/><G115/><T90/><D71/><U128/><E30/><V31/><F31/><W32/><G19/><T20/><D29/><U123/><E70/><V105/><F105/><W7/><G7/><T18/><D109/><U77/><E77/><V104/><F104/><W2/><G2/><T116/><D134/><U114/><E123/><V82/><F41/><W10/><G10/><T97/><D18/><U129/><E114/><V133/><F112/><W79/><G79/><T91/><D97/><U126/><E126/><V59/><F69/><W54/><G62/><T5/><D20/><U110/><E106/><V40/><F133/><W92/><G64/><T135/><D135/><U25/><E102/><V43/><F130/><W13/><REACH who="3" step="1"/><G103/><REACH who="3" ten="0,142,469,379" step="2"/><T4/><D117/><U68/><E1/><V23/><F119/><W57/><AGARI ba="0,1" hai="13,17,22,32,34,35,51,54,57,92,94,96,98,99" machi="57" ten="40,12000,1" yaku="1,1,2,1,0,1,52,1,53,0" doraHai="45" doraHaiUra="42" who="3" fromWho="3" sc="0,-40,142,-40,469,-40,379,130" owari="-40,-54.0,102,-30.0,429,23.0,509,61.0" /></mjloggm>