<mjloggm ver="2.3"><GO type="169" lobby="0"/><UN n0="%E4%B8%A6%E3%81%BF%E3%81%AE%E7%AB%9C" n1="%E3%82%A6%E3%83%AB%E3%83%88%E3%83%A9%E7%AB%8B%E7%9B%B4" n2="%6E%61%69%74%61" n3="%E3%83%94%E3%82%A3%38%31%30" dan="17,17,16,16" rate="2218.23,2230.32,2155.56,2097.58" sx="M,M,M,M"/><TAIKYOKU oya="0"/><INIT seed="0,0,0,5,2,122" ten="250,250,250,250" oya="0" hai0="55,65,72,91,82,77,57,125,69,31,56,95,103" hai1="16,93,130,81,109,6,120,58,102,47,129,2,115" hai2="44,78,126,121,45,68,71,1,42,108,23,97,92" hai3="98,90,110,18,30,3,54,8,5,84,28,32,133"/><T29/><D125/><U105/><E105/><V27/><F121/><W41/><G41/><T132/><D69/><U19/><E120/><V100/><F1/><W106/><G133/><T83/><D132/><U88/><E115/><V48/><F126/><W119/><G119/><T73/><D103/><U80/><E102/><V104/><F108/><W96/><G54/><T37/><D37/><U53/><E47/><V60/><F78/><W14/><G110/><T7/><D7/><U118/><E118/><V111/><F111/><W62/><G62/><T13/><D13/><U86/><E109/><V34/><F34/><W124/><G124/><T117/><D65/><U128/><E6/><V49/><F104/><W22/><G106/><T51/><D57/><U17/><E2/><V64/><F71/><W20/><G20/><T33/><D33/><U127/><E127/><V4/><F4/><W63/><G63/><AGARI ba="0,0" hai="16,17,19,53,58,63,80,81,86,88,93,128,129,130" machi="63" ten="50,6400,0" yaku="19,1,54,2" doraHai="122" who="1" fromWho="3" sc="250,0,250,64,250,0,250,-64" /><INIT seed="1,0,0,5,0,65" ten="250,314,250,186" oya="1" hai0="108,123,43,11,96,17,67,27,69,0,70,92,49" hai1="115,60,25,122,42,62,58,78,52,39,134,131,89" hai2="51,124,30,53,57,77,71,129,107,83,14,34,102" hai3="103,26,132,23,110,125,120,99,90,46,20,38,94"/><U7/><E78/><V98/><F129/><W12/><G120/><T18/><D108/><U64/><E7/><V10/><F124/><W2/><G2/><T109/><D109/><U91/><E122/><V66/><F34/><W111/><G132/><T97/><D67/><U84/><E115/><V40/><F30/><W117/><G125/><T29/><D123/><U5/><E5/><V28/><F28/><W80/><G117/><T47/><D96/><U105/><E105/><V33/><F33/><W126/><G126/><T104/><D104/><U87/><E134/><V116/><F116/><W31/><G38/><T127/><D127/><U76/><E131/><V95/><F107/><W106/><G46/><T54/><D43/><U6/><E6/><V86/><F40/><W36/><G36/><T79/><D79/><U101/><E101/><V19/><F66/><W3/><G3/><T85/><D85/><U121/><E121/><V59/><REACH who="2" step="1"/><F71/><REACH who="2" ten="250,314,240,186" step="2"/><W93/><G106/><T22/><D29/><U32/><E42/><V37/><F37/><W119/><G119/><T135/><D135/><U8/><E39/><V50/><F50/><W113/><G110/><T130/><D130/><U44/><E32/><V4/><F4/><W100/><G111/><T112/><D0/><U15/><E64/><V75/><F75/><W74/><G74/><T63/><D70/><U72/><E72/><V73/><F73/><W114/><G31/><T24/><D69/><U55/><E62/><V82/><F82/><W41/><G80/><T128/><D128/><U118/><E60/><V133/><F133/><RYUUKYOKU ba="0,1" sc="250,-10,314,-10,240,30,186,-10" hai2="10,14,19,51,53,57,59,77,83,86,95,98,102" /><INIT seed="2,1,1,3,3,35" ten="240,304,270,176" oya="2" hai0="24,101,100,90,39,105,31,119,73,42,102,78,123" hai1="76,25,69,45,29,93,34,0,2,16,129,41,4" hai2="36,19,126,132,131,104,95,46,62,18,89,53,40" hai3="44,50,30,56,96,61,11,9,124,65,110,113,125"/><V127/><F104/><W111/><G113/><T117/><D123/><U67/><E129/><V54/><F132/><W83/><G96/><T115/><D115/><U130/><E130/><V88/><F131/><W59/><G83/><N who="0" m="45519" /><D39/><U26/><E4/><V135/><F135/><W70/><G30/><T108/><D42/><U82/><E93/><V85/><F89/><W109/><G11/><T107/><D108/><U21/><E67/><V47/><F47/><W74/><G74/><T60/><D60/><U48/><E69/><V49/><F36/><W33/><G9/><T5/><D5/><U32/><E32/><V1/><F1/><W133/><G33/><N who="0" m="20711" /><D90/><U103/><E103/><V79/><F79/><W72/><G72/><AGARI ba="1,1" hai="0,2,16,21,25,26,29,34,41,45,48,72,76,82" machi="72" ten="30,7700,0" yaku="7,1,52,2,54,1" doraHai="35" who="1" fromWho="3" sc="240,0,304,90,270,0,176,-80" /><INIT seed="3,0,0,1,0,111" ten="240,394,270,96" oya="3" hai0="129,88,2,112,93,35,11,97,50,17,57,69,101" hai1="53,90,46,67,59,100,28,15,94,58,63,5,25" hai2="124,49,37,62,76,48,133,66,6,117,24,27,106" hai3="42,43,110,23,108,102,7,107,109,78,125,105,61"/><W16/><G125/><T64/><D69/><U13/><E100/><V99/><F117/><W73/><G7/><T96/><D35/><U32/><E46/><V122/><F37/><W81/><G61/><T26/><D129/><U18/><E5/><V30/><F122/><W12/><REACH who="3" step="1"/><G102/><REACH who="3" ten="240,394,270,86" step="2"/><T84/><D101/><U51/><E18/><V135/><F124/><W38/><G38/><T41/><D17/><U55/><E67/><V19/><F66/><W85/><G85/><AGARI ba="0,1" hai="13,15,25,28,32,51,53,55,58,59,63,85,90,94" machi="85" ten="30,1000,0" yaku="7,1" doraHai="111" who="1" fromWho="3" sc="240,0,394,20,270,0,86,-10" /><INIT seed="4,0,0,2,2,56" ten="240,414,270,76" oya="0" hai0="95,126,36,6,10,102,4,63,45,71,90,99,39" hai1="37,117,107,41,55,77,60,134,73,15,125,109,9" hai2="51,127,103,68,27,113,114,123,22,101,119,18,43" hai3="20,1,124,34,93,38,52,23,130,53,29,88,122"/><T98/><D126/><U135/><E107/><V28/><F123/><W19/><G124/><T13/><D4/><U91/><E77/><V69/><F127/><W12/><G130/><T85/><D98/><U58/><E73/><V49/><F119/><W44/><G1/><T132/><D132/><U64/><E91/><V87/><F87/><W50/><G38/><T24/><D45/><N who="1" m="23727" /><E125/><V11/><F11/><W0/><G0/><T35/><D35/><U131/><E109/><V105/><F28/><W116/><G116/><T94/><REACH who="0" step="1"/><D24/><REACH who="0" ten="230,414,270,76" step="2"/><U118/><E117/><V48/><F105/><W82/><G34/><T96/><D96/><U111/><E118/><V79/><F27/><N who="3" m="16639" /><G122/><T14/><D14/><U83/><E111/><V57/><F113/><W110/><G110/><T86/><D86/><U108/><E108/><V32/><F114/><W120/><G120/><T89/><D89/><U25/><E25/><V7/><F32/><W104/><G104/><T26/><D26/><U54/><E131/><V133/><F7/><W100/><G100/><T8/><D8/><U67/><E15/><V42/><F133/><W47/><G82/><T16/><D16/><U78/><E9/><V62/><F103/><W72/><G72/><T65/><AGARI ba="0,1" hai="6,10,13,36,39,63,65,71,85,90,94,95,99,102" machi="65" ten="30,11700,0" yaku="1,1,0,1,52,1,53,1" doraHai="56" doraHaiUra="97" who="0" fromWho="0" sc="230,127,414,-39,270,-39,76,-39" /><INIT seed="4,1,0,5,2,4" ten="357,375,231,37" oya="0" hai0="58,33,107,16,27,12,106,36,69,98,124,114,93" hai1="119,37,115,77,24,104,118,23,87,73,42,68,95" hai2="52,55,103,88,123,130,85,15,62,96,131,86,135" hai3="108,134,60,71,100,132,116,50,59,102,72,127,22"/><T48/><D36/><U53/><E68/><V25/><F123/><W125/><G108/><T109/><D109/><U81/><E42/><V113/><F113/><W18/><G116/><T80/><D114/><U121/><E37/><V56/><F135/><W110/><G72/><T46/><D69/><U92/><E115/><V67/><F25/><W63/><G110/><T38/><D38/><U13/><E121/><V101/><F15/><W74/><G74/><T66/><D80/><U3/><E3/><V40/><F40/><W76/><G71/><T5/><D5/><U17/><E104/><V82/><F86/><W75/><G75/><T1/><D1/><U83/><E95/><V90/><F90/><W34/><G34/><T89/><D124/><U57/><E92/><V11/><F11/><W32/><G32/><T39/><D39/><U111/><E111/><V129/><REACH who="2" step="1"/><F103/><REACH who="2" ten="357,375,221,37" step="2"/><W21/><G132/><T8/><D27/><U28/><E73/><V35/><F35/><W79/><G134/><T6/><D33/><U45/><E24/><V117/><F117/><W49/><REACH who="3" step="1"/><G59/><REACH who="3" ten="357,375,221,27" step="2"/><T29/><D58/><U65/><E57/><V9/><F9/><W47/><G47/><T2/><D46/><U30/><E45/><V64/><F64/><W19/><AGARI ba="1,2" hai="18,19,21,22,49,50,60,63,76,79,100,102,125,127" machi="19" ten="25,6400,0" yaku="1,1,0,1,22,2,53,0" doraHai="4" doraHaiUra="126" who="3" fromWho="3" sc="357,-33,375,-17,221,-17,27,87" /><INIT seed="5,0,0,2,4,131" ten="324,358,204,114" oya="1" hai0="52,23,36,80,118,32,122,77,121,66,109,56,124" hai1="28,86,126,119,81,85,41,95,61,64,132,120,6" hai2="69,40,46,18,44,42,94,114,63,11,106,115,10" hai3="20,50,93,3,103,59,43,82,123,100,108,96,58"/><U76/><E120/><N who="0" m="46185" /><D32/><U37/><E119/><V8/><F106/><W71/><G71/><T97/><D36/><U15/><E126/><V1/><F1/><W91/><G3/><T54/><D109/><U117/><E117/><V35/><F35/><W27/><G108/><T12/><D118/><U24/><E41/><N who="2" m="15979" /><F18/><W84/><G123/><T105/><D23/><U110/><E37/><V83/><F83/><W38/><G38/><T7/><D66/><U133/><E110/><V4/><F4/><W57/><G103/><N who="0" m="62703" /><D56/><U13/><E6/><V47/><F94/><W14/><G14/><T127/><D12/><U92/><E15/><V2/><F2/><W62/><G43/><T53/><D7/><U26/><E13/><V112/><F69/><W129/><G50/><T99/><D99/><U30/><E61/><AGARI ba="0,0" hai="8,10,11,44,46,47,61,63,112,114,115" m="15979" machi="61" ten="40,12000,2" yaku="29,2,28,2,15,1,11,1" doraHai="131" who="2" fromWho="1" sc="324,0,358,-120,204,120,114,0" /><INIT seed="6,0,0,0,2,42" ten="324,238,324,114" oya="2" hai0="103,73,35,31,5,38,72,28,119,32,111,33,122" hai1="54,9,62,98,25,11,20,8,4,99,23,117,97" hai2="48,24,76,104,106,82,63,51,87,56,116,91,115" hai3="49,2,108,107,61,44,130,50,27,134,70,132,100"/><V81/><F116/><W79/><G108/><T121/><D38/><U127/><E127/><V18/><F115/><W29/><G2/><T57/><D57/><U39/><E39/><V77/><F106/><W83/><G130/><T55/><D103/><U3/><E117/><V92/><F104/><W125/><G125/><T0/><D119/><U64/><E54/><V84/><F24/><W135/><G100/><T86/><D55/><U105/><E105/><V7/><F18/><W53/><G107/><T78/><D86/><U36/><E36/><V37/><F7/><W66/><G50/><T94/><D94/><U34/><E34/><V60/><F37/><W47/><G83/><T128/><D111/><U124/><E23/><V14/><F14/><W102/><G102/><T109/><D109/><U123/><E124/><V68/><F68/><W59/><REACH who="3" step="1"/><G79/><REACH who="3" ten="324,238,324,104" step="2"/><T80/><D128/><U52/><E3/><V93/><F91/><W1/><G1/><T41/><D0/><U45/><E123/><V113/><F113/><W133/><N who="3" m="33792" /><DORA hai="12" /><W85/><G85/><T112/><D112/><U43/><E98/><V120/><F120/><W22/><AGARI ba="0,1" hai="22,27,29,44,47,49,53,59,61,66,70" m="33792" machi="22" ten="60,12000,2" yaku="1,1,0,1,20,1,52,2,53,1" doraHai="42,12" doraHaiUra="67,118" who="3" fromWho="3" sc="324,-30,238,-30,324,-60,104,130" /><INIT seed="7,0,0,2,3,44" ten="294,208,264,234" oya="3" hai0="79,130,75,71,127,117,87,74,54,15,45,47,27" hai1="77,42,30,86,132,66,3,133,29,124,73,33,85" hai2="46,80,91,99,22,115,57,0,59,93,120,104,62" hai3="118,32,36,4,108,98,50,102,24,83,6,51,65"/><W10/><G118/><T40/><D117/><U7/><E66/><V119/><F119/><W52/><G36/><T9/><D71/><U116/><E116/><V55/><F0/><W103/><G65/><T112/><D130/><U69/><E69/><V17/><F115/><W60/><G83/><T97/><D127/><U100/><E100/><V82/><F104/><W135/><G135/><N who="1" m="51786" /><E124/><V38/><F120/><W8/><G32/><T126/><D112/><U107/><E107/><V88/><F91/><W35/><G35/><T96/><D75/><U84/><E33/><V64/><F38/><W5/><G24/><T125/><D74/><U128/><E128/><V90/><F46/><W43/><G43/><T23/><D47/><U106/><E106/><V72/><F90/><W78/><G78/><T68/><D68/><U18/><E18/><V48/><F72/><W109/><G108/><T101/><D54/><U67/><E67/><V111/><F111/><W114/><G114/><T16/><D101/><N who="3" m="38409" /><G98/><T61/><D125/><U34/><E42/><V113/><F113/><W21/><G21/><T95/><D126/><U131/><E131/><V28/><F28/><N who="1" m="10857" /><E34/><V129/><F129/><W81/><G109/><T13/><D97/><U89/><E77/><V31/><F31/><W37/><G37/><T76/><D76/><U121/><E73/><V1/><F1/><W58/><G81/><T53/><D27/><AGARI ba="0,0" hai="17,22,27,48,55,57,59,62,64,80,82,88,93,99" machi="27" ten="30,7700,0" yaku="7,1,8,1,52,1,54,1" doraHai="44" who="2" fromWho="0" sc="294,-77,208,0,264,77,234,0" owari="217,-18.0,208,-29.0,341,44.0,234,3.0" /></mjloggm>