<mjloggm ver="2.3"><GO type="169" lobby="0"/><UN n0="%E9%BB%92%E7%8C%AB%40%E3%81%BA%E3%82%8D%E3%81%BA%E3%82%8D%E2%98%86" n1="%E3%83%88%E3%83%88%E3%83%AA%E5%85%88%E7%94%9F%31%39%E6%AD%B3" n2="%E3%83%A2%E3%82%B1%E3%83%BC%E3%83%AC%E3%83%A0%E3%83%99%E3%83%B3%E3%83%99" n3="%E5%BE%A9%E8%AE%90%E3%81%A1%E3%82%83%E3%82%93" dan="18,18,16,17" rate="2222.33,2234.59,2038.68,2225.99" sx="F,F,F,F"/><TAIKYOKU oya="0"/><INIT seed="0,0,0,3,0,133" ten="250,250,250,250" oya="0" hai0="41,107,29,40,71,130,70,82,21,72,76,124,26" hai1="17,96,93,55,46,18,66,68,95,125,56,119,50" hai2="121,69,10,51,75,8,0,92,62,31,98,53,113" hai3="91,38,45,43,100,48,63,84,25,52,2,86,54"/><T11/><D107/><U73/><E119/><V74/><F121/><W127/><G2/><T67/><D130/><U114/><E73/><V15/><F113/><W22/><G100/><T37/><D67/><U57/><E114/><V90/><F31/><W64/><G38/><T77/><D124/><U128/><E128/><V19/><F69/><W79/><G127/><T104/><D104/><U24/><E125/><V120/><F62/><W9/><G9/><T3/><D77/><U134/><E134/><V99/><F120/><W14/><G14/><T106/><D106/><U1/><E1/><V39/><F39/><W32/><G32/><N who="0" m="20535" /><D41/><U81/><E81/><V65/><F65/><W112/><G79/><T89/><D21/><U123/><E123/><V103/><F10/><W49/><G112/><T109/><D89/><U36/><E93/><V16/><F0/><W80/><G86/><T122/><D109/><U4/><E24/><V58/><REACH who="2" step="1"/><F19/><REACH who="2" ten="250,250,240,250" step="2"/><W97/><G64/><T78/><D122/><U61/><E36/><V108/><F108/><W132/><G132/><T85/><D11/><U88/><E18/><V34/><F34/><W131/><G131/><T33/><D33/><U117/><E17/><V28/><F28/><N who="3" m="17463" /><G63/><T13/><D3/><U126/><E126/><V35/><F35/><W20/><G20/><T44/><D70/><U102/><E4/><V27/><F27/><W135/><G135/><T47/><D71/><U87/><E117/><V105/><AGARI ba="0,1" hai="8,15,16,51,53,58,74,75,90,92,98,99,103,105" machi="105" ten="20,8000,1" yaku="1,1,0,1,7,1,54,1,53,1" doraHai="133" doraHaiUra="12" who="2" fromWho="2" sc="250,-40,250,-20,240,90,250,-20" /><INIT seed="1,0,0,3,4,33" ten="210,230,330,230" oya="1" hai0="107,50,18,116,87,122,83,81,99,84,72,108,37" hai1="12,23,48,59,17,29,89,10,90,54,43,22,5" hai2="86,28,117,46,21,98,77,57,103,104,41,132,102" hai3="127,113,71,79,124,126,7,123,92,70,88,85,109"/><U78/><E78/><V66/><F117/><W51/><G123/><T119/><D37/><U64/><E29/><V96/><F132/><W131/><G113/><T8/><D50/><U93/><E23/><V58/><F66/><W40/><G109/><T100/><D8/><U53/><E43/><V32/><F32/><W47/><G131/><T75/><D18/><U26/><E64/><V36/><F86/><W115/><G115/><T74/><D108/><U49/><REACH who="1" step="1"/><E93/><REACH who="1" ten="210,220,330,230" step="2"/><V19/><F77/><W105/><G79/><N who="0" m="46207" /><D122/><U135/><E135/><V94/><F28/><W125/><G125/><T4/><D4/><U11/><E11/><V110/><F110/><W101/><G7/><T30/><D30/><U52/><E52/><V120/><F120/><W35/><G35/><T95/><D95/><U13/><E13/><AGARI ba="0,1" hai="13,19,21,36,41,46,57,58,94,96,98,102,103,104" machi="13" ten="30,1000,0" yaku="7,1" doraHai="33" who="2" fromWho="1" sc="210,0,220,-10,330,20,230,0" /><INIT seed="2,0,0,1,1,67" ten="210,210,350,230" oya="2" hai0="94,112,43,81,126,62,89,49,6,2,41,114,123" hai1="70,45,75,39,124,5,66,35,115,92,109,101,48" hai2="82,19,98,105,37,79,88,23,21,52,31,61,3" hai3="17,44,133,130,60,78,65,8,57,127,121,100,32"/><V11/><F37/><W58/><G121/><T80/><D123/><U16/><E115/><V120/><F120/><W104/><G127/><T42/><D126/><U9/><E35/><V108/><F108/><W10/><G130/><T25/><D49/><U125/><E75/><V83/><F105/><W7/><G133/><T71/><D80/><U72/><E72/><V111/><F111/><W118/><G78/><T64/><D81/><U99/><E39/><V63/><F3/><W91/><G32/><T55/><D55/><U13/><E109/><V4/><F4/><W119/><G44/><T76/><D76/><U106/><E106/><V103/><F103/><W77/><G77/><T47/><D47/><U132/><E132/><V135/><F11/><W24/><G91/><T116/><D116/><U128/><E128/><V73/><F31/><W20/><G8/><T29/><D6/><U28/><E28/><V12/><F23/><W90/><G90/><T27/><D2/><U131/><E131/><V0/><F0/><W102/><G58/><T93/><D93/><U84/><E84/><V22/><F22/><W113/><G113/><T134/><D134/><U129/><E129/><V36/><F36/><W54/><G104/><T26/><REACH who="0" step="1"/><D29/><REACH who="0" ten="200,210,350,230" step="2"/><U110/><E110/><V74/><F135/><W40/><G7/><T15/><D15/><U107/><E107/><V59/><F73/><W69/><G54/><T117/><D117/><U30/><E30/><V53/><F53/><W14/><G118/><T38/><D38/><U56/><E125/><V97/><F83/><W86/><G119/><RYUUKYOKU ba="0,1" sc="200,30,210,-10,350,-10,230,-10" hai0="25,26,27,41,42,43,62,64,71,89,94,112,114" /><INIT seed="3,1,1,1,0,82" ten="230,200,340,220" oya="3" hai0="115,83,56,51,129,122,119,116,57,96,41,69,42" hai1="53,75,33,45,84,126,103,32,113,130,12,44,23" hai2="124,59,36,86,107,81,72,102,67,88,2,0,17" hai3="87,65,10,93,71,55,16,73,91,111,49,104,133"/><W63/><G73/><T125/><D69/><U43/><E75/><V28/><F36/><W5/><G104/><T135/><D122/><U114/><E130/><V60/><F124/><W121/><G121/><T14/><D129/><U37/><E126/><V117/><F117/><W52/><G133/><T66/><D14/><U92/><E53/><V24/><F17/><W128/><G128/><T110/><D83/><U39/><E23/><V108/><F108/><W90/><G111/><T9/><D96/><U98/><E12/><V48/><F48/><W7/><G90/><T58/><D9/><U134/><E134/><V127/><F127/><W25/><G55/><T29/><D29/><U70/><E70/><V22/><REACH who="2" step="1"/><F72/><REACH who="2" ten="230,200,330,220" step="2"/><W54/><G49/><T123/><D51/><U15/><E37/><V1/><F1/><W61/><G61/><T26/><D125/><U20/><E114/><V30/><F30/><W89/><G7/><T101/><D115/><U105/><E113/><V85/><F85/><W78/><G5/><T109/><D123/><U35/><E39/><V76/><F76/><W112/><G78/><T64/><D135/><U100/><E84/><V97/><AGARI ba="1,2" hai="0,2,22,24,28,59,60,67,81,86,88,97,102,107" machi="97" ten="30,7900,0" yaku="1,1,0,1,52,1,54,1,53,0" doraHai="82" doraHaiUra="38" who="2" fromWho="2" sc="230,-21,200,-21,330,102,220,-40" /><INIT seed="4,0,0,1,1,46" ten="209,179,432,180" oya="0" hai0="61,110,76,58,132,2,25,21,75,70,135,36,9" hai1="20,19,66,85,133,134,13,74,79,31,51,49,67" hai2="38,95,23,114,84,44,69,129,82,22,47,39,72" hai3="101,90,73,62,88,130,43,77,42,89,15,29,24"/><T40/><D70/><U27/><E74/><V64/><F95/><W100/><G130/><T124/><D124/><U107/><E107/><V80/><F84/><W56/><G15/><T18/><D110/><U0/><E0/><V65/><F114/><W1/><G1/><T104/><D104/><U14/><E14/><V106/><F106/><W103/><G77/><T11/><D40/><U98/><E98/><V16/><F16/><W123/><G73/><T108/><D36/><U113/><E113/><V81/><F81/><W102/><G123/><T118/><D118/><U111/><E111/><V92/><F92/><W87/><G87/><T8/><D108/><U34/><E67/><V99/><F72/><W122/><G122/><T78/><D2/><U83/><REACH who="1" step="1"/><E66/><REACH who="1" ten="209,169,432,180" step="2"/><V131/><F99/><W63/><N who="3" m="25600" /><DORA hai="33" /><W93/><G93/><T105/><D105/><U30/><E30/><V71/><AGARI ba="0,1" hai="22,23,38,39,44,47,64,65,69,71,80,82,129,131" machi="71" ten="25,3200,0" yaku="0,1,22,2" doraHai="46,33" who="2" fromWho="2" sc="209,-16,169,-8,432,42,180,-8" /><INIT seed="5,0,0,4,5,56" ten="193,161,474,172" oya="1" hai0="57,89,10,48,84,126,103,109,94,95,83,28,88" hai1="63,64,66,75,132,14,54,82,113,123,67,47,34" hai2="110,87,96,79,98,106,116,71,45,80,5,31,90" hai3="2,29,20,26,59,124,119,49,72,65,21,24,43"/><U4/><E123/><V86/><F71/><W6/><G72/><T18/><D109/><U104/><E34/><V129/><F5/><W122/><G122/><T100/><D28/><U108/><E104/><V91/><F45/><W135/><G124/><T55/><D126/><U0/><E0/><V127/><F31/><W70/><G135/><T60/><D83/><U102/><E102/><V50/><F50/><W25/><G119/><T118/><D118/><U22/><E132/><V7/><F7/><W101/><G70/><T68/><D68/><U133/><E133/><V51/><F51/><W11/><G101/><T9/><D48/><N who="1" m="28959" /><E75/><V78/><F127/><W1/><G1/><T12/><D9/><N who="1" m="4391" /><E113/><V32/><F32/><W41/><G26/><T74/><D74/><U117/><E117/><V16/><F106/><W130/><G130/><T62/><D62/><U39/><E39/><V42/><F42/><W120/><G120/><T128/><D128/><U44/><E44/><V97/><F129/><W15/><G2/><T73/><D73/><U19/><E82/><V93/><F116/><W33/><G33/><T38/><D38/><U23/><E108/><V76/><F16/><N who="3" m="12455" /><G49/><T125/><D125/><U13/><E22/><V77/><F110/><W40/><G40/><T131/><D131/><U99/><E63/><AGARI ba="0,0" hai="6,11,15,20,24,29,41,43,59,63,65" m="12455" machi="63" ten="30,3900,0" yaku="8,1,52,1,54,1" doraHai="56" who="3" fromWho="1" sc="193,0,161,-39,474,0,172,39" /><INIT seed="6,0,0,5,5,4" ten="193,122,474,211" oya="2" hai0="30,56,59,20,7,48,36,125,24,62,64,19,43" hai1="74,108,51,130,60,75,111,97,10,87,3,58,134" hai2="39,28,117,118,73,95,47,89,33,96,101,29,50" hai3="13,35,79,14,25,69,104,113,66,61,31,38,132"/><V115/><F39/><W114/><G38/><T26/><D125/><U12/><E3/><V85/><F73/><W78/><G132/><T81/><D36/><U76/><E134/><V9/><F115/><N who="3" m="44043" /><G104/><T86/><D7/><U122/><E130/><V110/><F29/><W129/><G129/><T123/><D123/><U84/><E122/><V55/><F28/><W72/><G72/><T65/><D43/><U98/><E75/><V93/><F33/><W23/><G23/><T32/><D48/><U82/><E51/><V17/><F110/><W99/><G99/><T2/><D2/><U37/><E37/><V77/><F77/><AGARI ba="0,0" hai="13,14,25,31,35,61,66,69,77,78,79" m="44043" machi="77" ten="30,2000,0" yaku="15,1,11,1" doraHai="4" who="3" fromWho="2" sc="193,0,122,0,474,-20,211,20" /><INIT seed="7,0,0,1,4,89" ten="193,122,454,231" oya="3" hai0="98,46,85,24,13,129,56,122,12,40,44,82,7" hai1="74,9,127,103,19,16,131,1,64,108,2,32,33" hai2="31,109,77,67,0,10,25,65,20,117,132,51,84" hai3="128,23,72,93,60,15,90,96,112,104,106,81,29"/><W4/><G112/><T3/><D122/><U113/><E64/><V86/><F109/><W52/><G128/><T105/><D46/><U111/><E74/><V126/><F117/><W99/><G4/><T41/><D41/><U61/><E61/><V97/><F97/><W28/><G72/><T124/><D56/><U27/><E103/><V88/><F51/><W50/><G60/><T68/><D68/><U48/><E48/><V38/><F38/><W107/><G81/><T62/><D62/><U53/><E53/><V76/><F132/><W69/><G69/><T135/><D135/><U70/><E70/><V34/><F126/><W59/><G15/><T119/><D119/><U5/><E127/><V134/><F134/><W26/><REACH who="3" step="1"/><G29/><REACH who="3" ten="193,122,454,221" step="2"/><T21/><D129/><U45/><E131/><V78/><F31/><W83/><G83/><T18/><D7/><U116/><E116/><V30/><F30/><W73/><G73/><T121/><D82/><U110/><E113/><V63/><F63/><W94/><G94/><T11/><D124/><U91/><E1/><V100/><F0/><W66/><G66/><T79/><D3/><U35/><E27/><V102/><F25/><W115/><G115/><T49/><D24/><U114/><E114/><V17/><F67/><W57/><G57/><T92/><D92/><U120/><E120/><V75/><F65/><W87/><AGARI ba="0,1" hai="23,26,28,50,52,59,87,90,93,96,99,104,106,107" machi="87" ten="30,11700,0" yaku="1,1,0,1,52,1,54,1,53,0" doraHai="89" doraHaiUra="6" who="3" fromWho="3" sc="193,-39,122,-39,454,-39,221,127" /><INIT seed="7,1,0,4,0,128" ten="154,83,415,348" oya="3" hai0="38,3,44,96,47,85,109,24,56,105,103,86,97" hai1="1,50,115,4,68,94,62,101,51,41,75,2,95" hai2="58,119,57,48,77,80,76,49,36,34,9,100,64" hai3="104,14,8,99,18,52,82,21,116,30,65,69,78"/><W17/><G116/><T39/><D109/><U130/><E75/><V134/><F36/><W93/><G104/><T123/><D123/><U122/><E122/><V88/><F34/><W20/><G30/><T125/><D3/><U0/><E4/><V13/><F119/><W37/><G37/><T126/><D56/><N who="2" m="21610" /><F134/><W84/><G69/><T79/><D24/><U74/><E74/><V118/><F100/><W15/><G65/><T53/><D53/><U32/><E32/><V19/><F118/><W33/><G33/><T25/><D25/><U71/><E130/><V124/><F124/><W61/><G61/><T87/><D79/><N who="2" m="30282" /><F64/><W12/><G52/><T90/><D39/><U129/><E129/><V46/><F46/><W135/><G135/><T31/><D31/><U132/><E132/><V16/><F19/><W117/><G117/><T42/><D47/><U23/><E101/><V83/><F88/><N who="3" m="55719" /><G8/><T29/><D97/><U131/><E131/><V60/><F60/><W40/><G40/><T70/><D70/><N who="1" m="26667" /><E62/><V66/><F66/><W28/><G28/><T63/><D29/><U6/><E41/><V81/><AGARI ba="1,0" hai="9,13,16,48,49,80,81,83" m="30282,21610" machi="81" ten="30,2000,0" yaku="8,1,54,1" doraHai="128" who="2" fromWho="2" sc="154,-6,83,-6,415,23,348,-11" owari="148,-25.0,77,-42.0,438,53.0,337,14.0" /></mjloggm>