<mjloggm ver="2.3"><GO type="169" lobby="0"/><UN n0="%E5%B0%B1%E6%B4%BB%E7%94%9F%40%E5%B7%9D%E6%9D%91%E8%BB%8D%E5%9B%A3" n1="%67%6F%75%73%69" n2="%E7%A2%BA%E8%AA%8D%E4%BA%8B%E9%A0%85" n3="%5A%5A%5A%5A%5A" dan="18,19,16,16" rate="2311.73,2223.50,2094.15,2147.82" sx="M,M,M,M"/><TAIKYOKU oya="0"/><INIT seed="0,0,0,4,0,102" ten="250,250,250,250" oya="0" hai0="61,25,74,39,34,109,130,0,106,92,91,68,116" hai1="84,101,128,12,117,3,129,22,47,56,23,132,93" hai2="104,96,17,99,133,78,36,4,46,95,119,13,89" hai3="62,118,60,83,77,8,32,20,123,105,14,5,67"/><T51/><RYUUKYOKU type="yao9" ba="0,0" sc="250,0,250,0,250,0,250,0" hai0="0,25,34,39,51,61,68,74,91,92,106,109,116,130" /><INIT seed="0,1,0,4,0,108" ten="250,250,250,250" oya="0" hai0="55,50,109,76,99,106,7,43,115,134,30,20,75" hai1="12,11,22,51,62,16,125,73,129,68,122,3,77" hai2="21,45,135,97,132,15,130,54,46,116,113,98,105" hai3="42,67,123,74,27,61,79,83,19,104,58,37,88"/><T86/><D115/><U36/><E36/><V89/><F130/><W100/><G123/><T69/><D69/><U57/><E122/><V39/><F116/><W90/><G42/><T2/><D109/><U118/><E118/><V66/><F66/><W33/><G37/><T124/><D124/><U63/><E129/><V82/><F113/><W53/><G53/><T70/><D70/><U4/><E125/><V114/><F114/><W117/><G117/><T23/><D75/><U13/><E68/><V5/><F105/><W31/><REACH who="3" step="1"/><G19/><REACH who="3" ten="250,250,250,240" step="2"/><T35/><D43/><U101/><E16/><N who="2" m="10399" /><F54/><W32/><G32/><T17/><D17/><U6/><E6/><V26/><F39/><W87/><G87/><T80/><D35/><U44/><E4/><V107/><F5/><W128/><G128/><T127/><D127/><U112/><E112/><V59/><F135/><W119/><G119/><T81/><D55/><U120/><E120/><V71/><F132/><W38/><G38/><T95/><D86/><U9/><E73/><V102/><F98/><AGARI ba="1,1" hai="27,31,33,58,61,67,74,79,83,88,90,98,100,104" machi="98" ten="40,2600,0" yaku="1,1,54,1,53,0" doraHai="108" doraHaiUra="121" who="3" fromWho="2" sc="250,0,250,0,250,-29,240,39" /><INIT seed="1,0,0,4,5,45" ten="250,250,221,279" oya="1" hai0="33,120,133,52,89,108,110,118,99,78,12,3,20" hai1="58,102,38,68,59,106,31,22,7,80,44,131,82" hai2="109,117,8,97,53,121,61,84,21,113,6,83,9" hai3="105,0,16,13,75,51,95,10,115,69,74,128,94"/><U73/><E68/><V98/><F117/><W76/><G115/><T50/><D118/><U26/><E106/><V42/><F121/><W11/><G105/><T35/><D3/><U54/><E102/><V1/><F109/><N who="0" m="42090" /><D78/><U41/><E131/><V46/><F113/><W5/><G69/><T70/><D70/><U23/><E7/><V88/><F21/><W127/><G128/><T112/><D112/><U24/><E73/><V79/><F9/><W32/><G32/><T19/><D133/><U134/><E134/><V114/><F114/><W25/><G25/><T65/><D65/><U39/><E39/><V123/><F123/><W90/><G127/><T43/><D43/><U77/><E77/><V129/><F129/><W30/><G30/><T18/><D18/><U93/><E93/><V62/><F79/><W60/><G60/><T100/><D89/><U47/><E47/><V103/><F53/><W67/><G67/><T29/><D29/><U71/><E71/><V17/><F17/><W37/><G37/><T72/><D72/><U28/><REACH who="1" step="1"/><E58/><REACH who="1" ten="250,240,221,279" step="2"/><V130/><F130/><W96/><G76/><T81/><D120/><U124/><E124/><V119/><F119/><W126/><G126/><T122/><D122/><U107/><E107/><V86/><F103/><W4/><G4/><T104/><D81/><U63/><AGARI ba="0,1" hai="22,23,24,26,28,31,38,41,44,54,59,63,80,82" machi="63" ten="20,12000,1" yaku="1,1,0,1,7,1,9,1,53,1" doraHai="45" doraHaiUra="57" who="1" fromWho="1" sc="250,-40,240,130,221,-40,279,-40" /><INIT seed="1,1,0,3,3,86" ten="210,370,181,239" oya="1" hai0="84,129,15,51,28,101,78,110,105,82,10,1,120" hai1="40,29,79,104,99,24,69,9,63,54,33,19,127" hai2="67,41,23,118,91,64,115,70,5,93,60,122,8" hai3="11,3,39,100,107,44,121,95,80,128,135,21,126"/><U62/><E127/><V117/><F122/><W75/><G121/><T37/><D37/><U72/><E40/><V74/><F74/><W85/><G126/><T57/><D120/><U27/><E79/><V124/><F124/><W30/><G128/><T119/><D119/><U134/><E72/><V112/><F41/><W76/><G135/><T98/><D129/><U59/><E134/><V35/><F35/><W83/><G30/><T52/><D110/><U94/><E104/><V34/><F34/><W43/><G21/><T36/><D36/><U12/><E24/><V46/><F46/><W103/><G95/><T22/><D1/><U6/><E69/><V106/><F23/><W73/><G73/><T58/><D22/><U65/><E65/><V56/><F106/><W92/><G92/><T25/><D25/><U87/><E87/><N who="2" m="52479" /><F67/><W66/><G66/><T45/><REACH who="0" step="1"/><D28/><REACH who="0" ten="200,370,181,239" step="2"/><U17/><E33/><V132/><F118/><W125/><G125/><T109/><D109/><U116/><E116/><V88/><F117/><W38/><G38/><T32/><D32/><U47/><E29/><V130/><F130/><W55/><G3/><T26/><D26/><U2/><E27/><V42/><F132/><W113/><G39/><T97/><D97/><U0/><E0/><V20/><F20/><W61/><G11/><T102/><D102/><U48/><E2/><V7/><F8/><W13/><G103/><T89/><D89/><U131/><E131/><V49/><F88/><W90/><G90/><T14/><D14/><U123/><E123/><V18/><F70/><W133/><G100/><RYUUKYOKU ba="1,1" sc="200,30,370,-10,181,-10,239,-10" hai0="10,15,45,51,52,57,58,78,82,84,98,101,105" /><INIT seed="2,2,1,2,1,54" ten="230,360,171,229" oya="2" hai0="130,87,22,98,103,20,128,55,80,131,73,57,36" hai1="43,48,99,106,91,60,82,65,127,83,53,35,11" hai2="62,118,117,19,114,2,14,70,42,9,29,104,28" hai3="39,123,40,1,16,76,67,108,86,78,133,64,116"/><V94/><F104/><W111/><G123/><T32/><D36/><U50/><E35/><V71/><F114/><W88/><G116/><T113/><D32/><U38/><E38/><V58/><F42/><W33/><G1/><T52/><D73/><U66/><E11/><V47/><F47/><W26/><G133/><T119/><D119/><U25/><E25/><V90/><F2/><W100/><G100/><T12/><D12/><U84/><E83/><V68/><F118/><W110/><G40/><T21/><D113/><U77/><E43/><V75/><F75/><W129/><G39/><T105/><REACH who="0" step="1"/><D57/><REACH who="0" ten="220,360,171,229" step="2"/><U96/><E127/><V124/><F124/><W49/><G33/><T63/><D63/><U37/><E60/><V59/><F117/><W89/><G111/><T13/><D13/><U3/><E37/><V18/><F18/><W125/><G16/><T121/><D121/><U102/><E3/><V44/><F44/><W41/><G125/><T85/><D85/><U97/><E50/><V101/><F59/><W74/><G49/><T92/><D92/><U30/><E48/><V120/><F120/><W6/><G74/><T132/><D132/><U24/><E84/><V115/><F115/><W17/><G86/><T72/><D72/><U4/><E106/><V31/><F58/><W95/><G17/><T126/><D126/><U46/><E46/><V5/><F19/><W107/><G107/><T135/><D135/><U122/><E122/><V79/><F62/><W27/><G110/><T51/><D51/><U10/><E10/><V56/><F9/><W69/><G108/><RYUUKYOKU ba="2,2" sc="220,30,360,-10,171,-10,229,-10" hai0="20,21,22,52,55,80,87,98,103,105,128,130,131" /><INIT seed="3,3,2,2,3,8" ten="250,350,161,219" oya="3" hai0="68,53,134,90,80,83,119,66,128,42,13,35,86" hai1="76,26,100,81,131,101,31,16,127,0,11,24,28" hai2="111,133,114,12,61,91,56,74,120,70,71,112,27" hai3="40,41,37,107,109,69,99,95,104,45,21,47,122"/><W113/><G122/><T77/><D119/><U55/><E127/><V123/><F74/><W1/><G113/><N who="2" m="43625" /><F91/><W51/><G1/><T75/><D35/><U79/><E131/><V135/><F27/><W85/><G109/><T4/><D128/><U92/><E0/><V121/><F12/><W87/><G69/><N who="2" m="26121" /><F111/><W88/><REACH who="3" step="1"/><G21/><REACH who="3" ten="250,350,161,209" step="2"/><T58/><D68/><U10/><E31/><V64/><AGARI ba="3,3" hai="56,61,64,120,121,123,133,135" m="26121,43625" machi="64" ten="40,5200,0" yaku="13,1,34,2" doraHai="8" who="2" fromWho="2" sc="250,-16,350,-16,161,91,209,-29" /><INIT seed="4,0,0,0,0,111" ten="234,334,252,180" oya="0" hai0="52,44,118,120,3,50,79,54,83,34,123,10,106" hai1="48,114,20,5,82,75,29,38,101,126,121,11,2" hai2="46,99,1,103,22,74,12,9,86,32,35,39,88" hai3="89,67,108,131,91,62,84,30,134,19,61,28,4"/><T56/><D118/><U124/><E121/><V71/><F71/><W73/><G108/><T102/><D34/><U0/><E0/><V23/><F74/><W53/><G73/><T36/><D106/><U94/><E38/><V17/><F39/><W76/><G131/><T133/><D102/><U105/><E105/><V97/><F46/><W27/><G134/><T18/><D133/><U85/><E48/><V68/><F68/><W33/><G4/><T78/><D78/><U31/><E75/><V25/><F23/><W115/><G19/><T128/><D128/><U95/><E95/><V116/><F116/><W40/><G40/><T16/><D36/><U49/><E49/><V70/><F70/><W77/><G30/><T122/><D3/><U63/><E63/><V51/><F51/><W14/><G14/><T69/><D69/><U125/><E20/><V41/><F41/><W132/><G132/><T65/><D65/><U55/><E55/><V90/><F1/><W57/><G67/><T98/><D98/><N who="1" m="59607" /><E29/><N who="2" m="17591" /><F97/><W117/><G117/><T37/><D10/><U92/><E31/><V60/><F60/><W129/><G129/><T81/><D54/><U7/><E7/><V64/><F64/><W43/><G43/><N who="0" m="22639" /><D120/><U109/><E109/><V96/><F96/><W26/><G62/><T47/><D123/><U100/><E100/><V93/><F103/><W127/><G61/><N who="0" m="35975" /><D122/><U87/><E87/><V15/><F35/><W107/><G84/><N who="0" m="48191" /><D83/><U21/><E21/><N who="2" m="11431" /><F32/><W104/><G33/><T110/><D110/><U59/><E2/><V58/><F9/><W119/><G119/><RYUUKYOKU ba="0,0" sc="234,30,334,-10,252,-10,180,-10" hai0="16,18,47,50" /><INIT seed="4,1,0,4,0,44" ten="264,324,242,170" oya="0" hai0="57,101,68,32,81,64,86,53,89,10,108,54,116" hai1="65,9,67,5,21,18,19,25,104,90,45,97,98" hai2="87,112,123,75,20,77,100,85,94,56,17,4,41" hai3="40,2,61,114,131,55,79,103,102,92,71,122,35"/><T120/><D116/><U83/><E104/><V42/><F123/><W6/><G35/><T16/><D120/><U80/><E5/><V34/><F34/><W78/><G122/><T99/><D32/><U66/><E45/><V125/><F75/><W91/><G114/><T28/><D28/><U126/><E126/><V29/><F29/><W69/><G131/><T63/><D108/><U51/><E51/><V47/><F4/><W46/><G6/><T119/><D119/><U23/><E9/><V14/><F112/><W135/><G2/><T70/><D54/><U50/><E50/><V107/><F107/><W110/><G110/><T82/><D82/><N who="1" m="31275" /><E90/><V130/><F47/><W134/><G71/><T88/><D89/><U62/><E62/><V118/><F125/><W117/><G117/><T3/><D64/><U124/><E124/><V76/><F118/><W36/><G69/><T26/><D3/><U58/><E58/><V60/><F56/><W95/><G61/><T38/><D38/><U133/><E133/><N who="3" m="50698" /><G55/><T49/><D63/><U132/><E132/><V0/><F60/><W8/><G8/><T93/><REACH who="0" step="1"/><D10/><REACH who="0" ten="254,324,242,170" step="2"/><U52/><E52/><V31/><F0/><W33/><G33/><T111/><D111/><U105/><E65/><V24/><F31/><W12/><G91/><T13/><D13/><N who="1" m="9423" /><E67/><V15/><F15/><W43/><G12/><T48/><D48/><U30/><E66/><V39/><F39/><W73/><G36/><T128/><D128/><U113/><E113/><V96/><F130/><W127/><G127/><T115/><D115/><U7/><E30/><RYUUKYOKU ba="1,1" sc="254,30,324,-10,242,-10,170,-10" hai0="16,26,49,53,57,68,70,81,86,88,93,99,101" /><INIT seed="4,2,1,0,5,65" ten="284,314,232,160" oya="0" hai0="93,106,1,2,118,74,116,50,9,79,107,109,6" hai1="73,99,96,57,24,59,124,27,0,94,80,15,45" hai2="51,47,87,33,55,123,28,16,60,41,26,22,101" hai3="17,122,37,103,126,108,81,42,133,34,12,132,30"/><T36/><D93/><U130/><E0/><V71/><F123/><W86/><G108/><T89/><D89/><U8/><E130/><V77/><F101/><W11/><G103/><T54/><D2/><U39/><E124/><V78/><F87/><W21/><G122/><T75/><D50/><U95/><E39/><V105/><F105/><N who="0" m="39946" /><D54/><U31/><E45/><V14/><REACH who="2" step="1"/><F55/><REACH who="2" ten="284,314,222,160" step="2"/><W29/><G126/><T38/><D109/><U3/><E96/><V114/><F114/><W53/><G53/><T127/><D127/><U82/><E99/><V68/><F68/><W19/><G86/><T85/><D85/><U110/><E110/><V91/><F91/><W67/><G133/><T40/><D40/><U10/><E73/><N who="0" m="27657" /><D79/><U125/><E125/><V117/><F117/><AGARI ba="2,2" hai="1,6,9,36,38,116,117,118" m="27657,39946" machi="117" ten="40,2000,0" yaku="23,1" doraHai="65" who="0" fromWho="2" sc="284,46,314,0,222,-26,160,0" /><INIT seed="4,3,0,0,1,52" ten="330,314,196,160" oya="0" hai0="11,103,44,94,86,93,13,51,116,22,32,72,33" hai1="88,96,101,79,60,42,107,69,35,6,37,87,21" hai2="15,112,85,130,26,23,65,80,67,133,90,30,105" hai3="64,122,113,111,82,38,74,20,40,8,55,124,0"/><T99/><D72/><U115/><E35/><V14/><F112/><W75/><G111/><T4/><D116/><U36/><E42/><V114/><F114/><W3/><G113/><T78/><D22/><U58/><E115/><V54/><F105/><W62/><G122/><T27/><D27/><U7/><E69/><V131/><F133/><W102/><G102/><T73/><D73/><U19/><E79/><V91/><F91/><W71/><G124/><T2/><D2/><U108/><E108/><V46/><F65/><W61/><G20/><T83/><REACH who="0" step="1"/><D94/><REACH who="0" ten="320,314,196,160" step="2"/><U24/><E24/><V132/><F23/><W120/><G3/><T5/><D5/><U56/><E6/><V45/><F26/><W47/><G120/><T39/><D39/><U53/><E7/><V16/><F132/><W25/><G25/><T123/><D123/><U66/><E21/><V134/><F134/><W92/><G92/><T109/><D109/><U106/><E106/><V125/><F30/><W49/><G0/><T127/><D127/><U34/><E19/><V77/><F16/><W63/><G8/><T41/><AGARI ba="3,1" hai="4,11,13,32,33,41,44,51,78,83,86,93,99,103" machi="41" ten="20,18000,2" yaku="1,1,0,1,7,1,25,2,53,1" doraHai="52" doraHaiUra="81" who="0" fromWho="0" sc="320,199,314,-63,196,-63,160,-63" /><INIT seed="4,4,0,1,3,110" ten="519,251,133,97" oya="0" hai0="81,29,58,99,86,116,90,117,92,61,28,33,34" hai1="25,36,131,125,91,107,111,41,44,74,85,56,114" hai2="83,129,115,39,122,106,71,22,40,127,73,103,63" hai3="120,6,3,24,38,14,130,13,21,1,23,104,15"/><T62/><D29/><U88/><E74/><V4/><F22/><N who="3" m="8203" /><G104/><T75/><D75/><U30/><E107/><V108/><F106/><W133/><G38/><T31/><D31/><U124/><E111/><V48/><F39/><W134/><G120/><T112/><D62/><U27/><E131/><V43/><F129/><W123/><G130/><T96/><D96/><U94/><E56/><V10/><F122/><W128/><G128/><T53/><D28/><U95/><E114/><V32/><F115/><W102/><G102/><T100/><REACH who="0" step="1"/><D112/><REACH who="0" ten="509,251,133,97" step="2"/><U35/><E30/><V76/><F63/><W119/><G123/><T47/><D47/><U50/><E35/><AGARI ba="4,1" hai="33,34,35,53,58,61,81,86,90,92,99,100,116,117" machi="35" ten="40,3900,0" yaku="1,1,53,1" doraHai="110" doraHaiUra="87" who="0" fromWho="1" sc="509,61,251,-51,133,0,97,0" /><INIT seed="4,5,0,4,4,122" ten="570,200,133,97" oya="0" hai0="16,77,4,111,46,82,72,131,78,94,116,23,63" hai1="110,108,123,5,133,27,132,37,113,3,71,7,129" hai2="99,89,126,59,104,24,90,32,55,50,92,98,19" hai3="48,62,61,93,60,107,41,97,64,88,80,84,49"/><T76/><D116/><U31/><E37/><V83/><F126/><W85/><G64/><T8/><D131/><U112/><E71/><V33/><F104/><W74/><G41/><T96/><D46/><U22/><E123/><V54/><F83/><W100/><REACH who="3" step="1"/><G74/><REACH who="3" ten="570,200,133,87" step="2"/><T130/><D130/><U11/><E129/><V56/><F55/><W119/><G119/><T52/><D52/><U86/><E132/><V105/><F54/><W40/><G40/><T14/><D63/><U115/><E133/><V124/><F124/><W35/><G35/><T118/><D118/><U15/><E86/><V101/><F32/><W114/><G114/><T53/><D53/><U91/><E91/><AGARI ba="5,1" hai="48,49,60,61,62,80,84,85,88,91,93,97,100,107" machi="91" ten="40,2600,0" yaku="1,1,54,1,53,0" doraHai="122" doraHaiUra="127" who="3" fromWho="1" sc="570,0,200,-41,133,0,87,51" /><INIT seed="5,0,0,2,1,119" ten="570,159,133,138" oya="1" hai0="103,53,7,92,80,81,24,38,133,109,104,65,132" hai1="57,37,122,106,79,75,85,121,8,94,67,41,50" hai2="49,27,21,61,13,82,107,26,126,48,95,108,130" hai3="23,52,10,93,28,115,25,5,1,110,18,29,114"/><U44/><E106/><V117/><F108/><W31/><G110/><T60/><D38/><U45/><E75/><V36/><F107/><W55/><REACH who="3" step="1"/><G93/><REACH who="3" ten="570,159,133,128" step="2"/><T97/><D109/><U87/><E94/><V135/><F95/><W51/><G51/><T30/><D104/><U116/><E50/><V73/><F48/><W0/><G0/><T100/><D81/><U120/><E116/><V43/><F49/><W58/><G58/><T78/><D80/><U14/><E45/><V101/><F82/><W47/><G47/><T15/><D103/><U59/><E59/><V118/><F101/><W83/><G83/><T111/><D111/><U62/><REACH who="1" step="1"/><E79/><REACH who="1" ten="570,149,133,128" step="2"/><V128/><F118/><W131/><G131/><T76/><D78/><U56/><E56/><V17/><F117/><W127/><G127/><T64/><D76/><U77/><E77/><V4/><F126/><W66/><G66/><T84/><D65/><U39/><E39/><V124/><F124/><W91/><G91/><T40/><D64/><U12/><E12/><V102/><F13/><W3/><G3/><T105/><D15/><U89/><E89/><V71/><F130/><W22/><G22/><T54/><D92/><U69/><E69/><V70/><F128/><W9/><G9/><T123/><D105/><U6/><AGARI ba="0,2" hai="6,8,14,37,41,44,57,62,67,85,87,120,121,122" machi="6" ten="30,12000,1" yaku="1,1,0,1,52,3,53,0" doraHai="119" doraHaiUra="90" who="1" fromWho="1" sc="570,-40,149,140,133,-40,128,-40" /><INIT seed="5,1,0,3,4,19" ten="530,289,93,88" oya="1" hai0="95,97,16,36,119,78,58,72,82,34,94,69,38" hai1="133,91,55,63,62,76,66,33,47,126,8,106,75" hai2="60,57,50,30,65,134,26,111,23,24,135,121,120" hai3="35,12,101,100,15,32,127,54,122,115,37,89,92"/><U74/><E33/><V93/><F111/><W53/><G122/><T17/><D69/><U104/><E8/><V114/><F114/><W18/><G115/><T29/><D119/><U128/><E128/><V70/><F93/><W13/><G37/><T80/><D80/><U99/><E76/><V5/><F5/><W43/><G43/><T112/><D112/><U85/><E47/><V14/><F14/><W67/><G67/><T20/><D94/><U10/><E10/><V46/><F70/><W88/><G127/><T124/><D124/><U87/><E99/><V103/><F103/><W73/><G73/><T27/><D58/><U102/><E102/><N who="3" m="39530" /><G35/><T7/><D7/><U3/><E66/><V31/><F121/><W125/><G32/><T61/><D61/><U28/><E28/><V123/><F123/><W118/><G118/><T68/><D68/><U42/><E42/><V108/><F108/><W48/><G125/><T6/><D6/><U1/><E126/><V117/><F117/><W52/><G48/><T49/><D49/><U90/><E55/><N who="3" m="14082" /><W79/><DORA hai="109" /><G79/><T113/><D113/><U56/><E56/><V45/><F120/><W4/><G4/><T96/><D78/><U11/><E62/><V129/><F50/><W44/><G44/><T84/><D38/><U86/><E63/><V107/><F46/><W22/><G89/><T77/><D36/><U39/><E39/><V51/><F45/><W105/><G105/><T131/><D77/><U0/><E104/><V59/><F107/><W41/><G41/><T83/><D34/><U130/><E106/><RYUUKYOKU ba="1,0" sc="530,-10,289,-10,93,-10,88,30" hai3="12,13,15,18,22,88,92" /><INIT seed="6,2,0,4,3,92" ten="520,279,83,118" oya="2" hai0="117,79,56,124,77,71,130,60,122,111,72,58,113" hai1="41,102,15,97,10,65,119,91,50,55,20,128,101" hai2="28,114,18,126,135,33,53,25,38,75,110,83,81" hai3="26,85,78,115,103,121,11,106,47,70,1,35,68"/><V116/><F116/><W40/><G121/><T89/><D89/><U16/><E128/><V73/><F38/><W59/><G115/><T105/><D79/><U90/><E119/><V4/><F114/><W133/><G133/><T9/><D9/><U36/><E36/><V123/><F123/><W2/><G59/><T6/><D6/><U17/><E41/><V44/><F135/><W104/><G78/><T52/><D77/><U54/><E65/><V57/><F126/><W66/><G85/><T99/><D99/><U24/><E55/><V74/><F110/><W108/><G108/><T94/><D94/><N who="1" m="56543" /><E90/><V23/><F4/><W100/><G100/><T112/><D58/><AGARI ba="2,0" hai="10,15,16,17,20,24,50,54,58,101,102" m="56543" machi="58" ten="30,3900,0" yaku="8,1,52,1,54,1" doraHai="92" who="1" fromWho="0" sc="520,-45,279,45,83,0,118,0" /><INIT seed="7,0,0,3,0,118" ten="475,324,83,118" oya="3" hai0="80,115,86,119,132,47,42,93,103,65,97,12,135" hai1="123,88,40,78,50,34,131,61,30,22,75,44,29" hai2="38,74,20,23,9,122,73,92,71,69,24,128,111" hai3="124,54,6,35,110,84,21,55,15,106,120,76,7"/><W33/><G106/><T8/><D119/><U91/><E34/><V130/><F111/><W77/><G110/><T113/><D65/><U11/><E75/><N who="2" m="28683" /><F9/><W51/><G21/><N who="2" m="8265" /><F92/><W3/><G3/><T46/><D86/><U81/><E123/><V68/><F24/><W32/><G120/><T52/><D80/><U17/><E131/><N who="2" m="50219" /><F122/><W36/><G36/><AGARI ba="0,0" hai="36,38,68,69,71" m="50219,8265,28683" machi="36" ten="40,5200,0" yaku="28,2,19,1" doraHai="118" who="2" fromWho="3" sc="475,0,324,0,83,52,118,-52" owari="475,57.0,324,12.0,135,-26.0,66,-43.0" /></mjloggm>