<mjloggm ver="2.3"><GO type="225" lobby="0"/><UN n0="%E6%A9%8B%E6%9C%AC%E5%8D%83%E5%85%89%E5%B9%B4" n1="%E3%82%A6%E3%83%AB%E3%83%88%E3%83%A9%E7%AB%8B%E7%9B%B4" n2="%E7%9C%9F%E5%86%AC%E3%81%AE%E5%90%91%E6%97%A5%E8%91%B5" n3="%E3%82%AB%E3%83%A9%E3%82%B9%E3%81%AE%E5%AD%90" dan="17,17,16,17" rate="2128.70,2172.30,2117.44,2152.78" sx="M,M,M,M"/><TAIKYOKU oya="0"/><INIT seed="0,0,0,3,3,56" ten="250,250,250,250" oya="0" hai0="62,80,132,110,75,49,124,73,119,120,60,21,85" hai1="44,134,122,133,79,93,38,114,18,13,74,25,12" hai2="57,15,10,99,4,88,77,87,19,90,14,103,127" hai3="22,16,6,41,86,100,32,66,9,106,26,55,82"/><T129/><D119/><U123/><E79/><V64/><F127/><W91/><G32/><T7/><D120/><N who="1" m="46123" /><E74/><N who="0" m="28169" /><D7/><U112/><E93/><N who="2" m="58863" /><F77/><W89/><G41/><T36/><D36/><U24/><E44/><V42/><F42/><W68/><G55/><T69/><D69/><U43/><E43/><V11/><F87/><W47/><G47/><T1/><D1/><U118/><E38/><V131/><F131/><W115/><G115/><N who="1" m="44074" /><E118/><V76/><F76/><W98/><G91/><N who="0" m="51623" /><D124/><U46/><E46/><V48/><F48/><W81/><G81/><T111/><D129/><U27/><E13/><V116/><F116/><W0/><G68/><T3/><D3/><U96/><E96/><V130/><F130/><W102/><G100/><T113/><D132/><N who="1" m="50795" /><E12/><V40/><F40/><W104/><G66/><T29/><D49/><U59/><E59/><V128/><F128/><W31/><G31/><T92/><D92/><AGARI ba="0,0" hai="0,6,9,16,22,26,82,86,89,92,98,102,104,106" machi="92" ten="30,2000,0" yaku="7,1,54,1" doraHai="56" who="3" fromWho="0" sc="250,-20,250,0,250,0,250,20" /><INIT seed="1,0,0,4,0,105" ten="230,250,250,270" oya="1" hai0="66,109,17,19,111,13,43,80,125,98,120,130,107" hai1="119,18,88,129,6,103,42,32,112,133,114,86,100" hai2="76,68,47,126,8,41,96,63,95,26,44,46,73" hai3="10,82,28,48,128,27,16,67,101,121,77,61,22"/><U72/><E32/><V20/><F126/><W21/><G121/><T113/><D113/><N who="1" m="43627" /><E18/><V59/><F68/><W110/><G110/><N who="0" m="41995" /><D125/><U0/><E42/><V4/><F76/><W29/><G128/><T40/><D130/><U84/><E6/><V52/><F73/><W69/><G10/><N who="0" m="6327" /><D120/><U12/><E12/><V7/><F41/><W35/><G35/><T71/><D19/><U135/><E0/><V115/><F115/><W116/><G116/><T79/><D66/><U99/><E129/><V118/><F118/><W117/><G117/><T23/><D23/><U78/><E119/><V91/><REACH who="2" step="1"/><F8/><REACH who="2" ten="230,250,240,270" step="2"/><W14/><G69/><T93/><D71/><U122/><E122/><V70/><F70/><W65/><G77/><T90/><D107/><U83/><E135/><V94/><F94/><W3/><G82/><T11/><D11/><U74/><E133/><V5/><F5/><W97/><G29/><AGARI ba="0,1" hai="4,7,20,26,29,44,46,47,52,59,63,91,95,96" machi="29" ten="40,5200,0" yaku="1,1,8,1,54,1,53,0" doraHai="105" doraHaiUra="123" who="2" fromWho="3" sc="230,0,250,0,240,62,270,-52" /><INIT seed="2,0,0,5,5,4" ten="230,250,302,218" oya="2" hai0="77,72,59,51,80,18,21,96,129,3,17,44,81" hai1="54,60,34,91,0,106,15,116,70,31,42,101,61" hai2="83,102,64,55,86,78,123,97,99,16,135,124,131" hai3="69,105,122,118,127,8,71,43,87,79,100,90,125"/><V47/><F123/><W33/><G122/><T12/><D3/><U109/><E0/><V58/><F124/><N who="3" m="47691" /><G118/><T75/><D129/><U20/><E116/><V11/><F131/><W46/><G33/><T41/><D96/><U103/><E109/><V74/><F135/><W32/><G32/><T114/><D114/><U85/><E42/><V7/><F74/><W53/><G79/><T111/><D111/><U63/><E70/><N who="3" m="26634" /><G53/><T93/><D93/><U35/><E35/><V38/><F64/><W19/><G100/><N who="1" m="38474" /><E34/><V39/><F102/><W24/><G105/><T27/><D59/><N who="1" m="34935" /><E106/><V48/><F58/><W67/><G67/><T98/><D98/><U37/><E37/><V5/><F39/><W13/><G24/><T23/><REACH who="0" step="1"/><D81/><REACH who="0" ten="220,250,302,218" step="2"/><N who="1" m="49583" /><E63/><V108/><F99/><W112/><G112/><T110/><D110/><U68/><E61/><V62/><F108/><W40/><G46/><T1/><D1/><U95/><E95/><AGARI ba="0,1" hai="8,13,19,40,43,87,90,95" m="26634,47691" machi="95" ten="30,2000,0" yaku="18,1,52,1" doraHai="4" who="3" fromWho="1" sc="220,0,250,-20,302,0,218,30" /><INIT seed="3,0,0,1,5,60" ten="220,230,302,248" oya="3" hai0="7,129,82,103,46,78,39,74,108,45,37,104,72" hai1="22,67,131,62,55,113,85,91,97,99,110,125,50" hai2="30,68,15,84,16,92,59,2,51,83,31,119,107" hai3="81,126,48,133,102,116,93,58,44,63,128,38,135"/><W20/><G116/><T100/><D129/><U121/><E121/><V11/><F107/><W4/><G38/><N who="0" m="14347" /><D7/><U6/><E113/><V88/><F68/><W114/><G114/><T53/><D104/><U43/><E43/><V61/><F119/><W9/><G128/><T0/><D0/><U101/><E131/><V130/><F130/><W117/><G117/><T76/><D82/><N who="1" m="49591" /><E6/><V34/><F34/><W90/><G81/><T28/><D53/><U10/><E10/><V120/><F2/><W89/><G126/><T134/><D28/><N who="2" m="10794" /><F120/><W77/><G77/><N who="0" m="29803" /><D108/><U106/><E110/><V105/><F105/><W122/><G122/><T47/><D134/><U8/><E125/><V86/><F51/><W115/><G135/><T35/><D35/><U21/><E106/><V5/><F5/><W40/><G133/><T87/><D87/><U64/><E99/><N who="2" m="57735" /><F83/><W109/><G115/><T80/><D80/><U13/><E97/><V98/><F98/><W24/><G109/><T36/><N who="0" m="14355" /><T19/><DORA hai="112" /><D19/><N who="1" m="8615" /><E101/><AGARI ba="0,0" hai="45,46,47,72,74,100,101,103" m="29803,14355" machi="101" ten="50,3200,0" yaku="28,2" doraHai="60,112" who="0" fromWho="1" sc="220,32,230,-32,302,0,248,0" owari="252,5.0,198,-30.0,302,40.0,248,-15.0" /></mjloggm>