<mjloggm ver="2.3"><GO type="169" lobby="0"/><UN n0="%E3%81%99%E3%81%BF%E3%82%84%E3%81%AB" n1="%E3%83%95%E3%83%B3%E3%83%8C" n2="%E3%81%AF%E3%81%92%E3%81%A1%E3%82%87%E3%81%8F" n3="%E5%B0%B1%E6%B4%BB%E7%94%9F%40%E5%B7%9D%E6%9D%91%E8%BB%8D%E5%9B%A3" dan="18,16,17,17" rate="2232.86,2062.99,2219.74,2177.25" sx="M,M,M,M"/><TAIKYOKU oya="0"/><INIT seed="0,0,0,4,5,61" ten="250,250,250,250" oya="0" hai0="100,122,74,73,97,34,43,25,21,14,132,32,70" hai1="119,82,116,134,42,29,57,109,118,50,103,59,72" hai2="123,114,89,99,22,129,102,44,77,48,15,115,86" hai3="9,19,39,24,40,87,80,51,135,65,96,79,28"/><T7/><D122/><U84/><E72/><V95/><F123/><W38/><G135/><T4/><D132/><U64/><E134/><V35/><F35/><W60/><G96/><T53/><D43/><U33/><E109/><V17/><F77/><W68/><G40/><T58/><D70/><U56/><E103/><V0/><F0/><W47/><G9/><T133/><D133/><U54/><E42/><V37/><F37/><W76/><G76/><T108/><D34/><U30/><E33/><V55/><REACH who="2" step="1"/><F129/><REACH who="2" ten="250,250,240,250" step="2"/><W75/><G39/><T125/><D32/><U105/><E118/><V11/><F11/><W67/><G38/><T124/><D108/><U63/><E116/><V66/><F66/><W98/><G67/><T88/><D125/><U52/><E119/><V27/><F27/><W93/><G75/><T128/><D124/><U12/><E12/><V111/><F111/><W106/><G24/><T81/><D14/><U5/><E64/><V78/><F78/><W71/><G65/><T120/><D128/><U41/><E63/><V18/><F18/><W131/><G60/><N who="0" m="35919" /><D120/><U23/><E5/><V121/><F121/><W94/><G19/><N who="0" m="12479" /><D74/><U26/><E30/><V3/><F3/><W112/><G71/><T2/><D2/><U6/><E6/><V20/><F20/><W62/><G68/><T45/><D73/><U83/><E29/><V1/><F1/><W127/><G131/><T8/><D8/><U90/><E23/><V130/><F130/><W107/><G127/><T69/><D69/><U36/><E36/><V31/><F31/><W117/><G117/><RYUUKYOKU ba="0,1" sc="250,-10,250,-10,240,30,250,-10" hai2="15,17,22,44,48,55,86,89,95,99,102,114,115" /><INIT seed="1,1,1,0,5,132" ten="240,240,270,240" oya="1" hai0="56,98,96,79,9,74,54,23,59,135,44,103,75" hai1="106,3,120,25,57,104,113,64,38,92,28,81,90" hai2="67,112,82,119,114,101,100,29,19,86,88,32,70" hai3="130,2,14,40,1,31,126,115,91,33,121,122,27"/><U131/><E120/><N who="3" m="46186" /><G40/><T93/><D135/><U124/><E113/><N who="2" m="43627" /><F119/><W46/><G46/><T78/><D44/><U133/><E3/><N who="3" m="1034" /><G91/><T87/><D9/><U49/><E38/><V42/><F42/><W10/><G115/><T71/><D71/><U61/><E133/><V116/><F116/><W18/><G130/><T66/><D96/><U17/><E81/><V105/><F105/><W26/><G26/><T8/><D75/><U53/><E131/><V20/><F67/><W128/><G128/><T22/><D74/><U7/><E106/><V110/><F70/><W36/><G36/><T95/><D66/><U12/><E104/><V84/><F84/><W58/><G58/><T5/><D59/><U11/><E64/><V16/><F110/><W30/><G30/><T85/><D85/><U134/><E134/><V24/><F19/><W73/><G73/><T55/><D87/><N who="1" m="52319" /><E17/><V13/><AGARI ba="1,1" hai="13,16,20,24,29,32,82,86,88,100,101" m="43627" machi="13" ten="30,4000,0" yaku="11,1,54,2" doraHai="132" who="2" fromWho="2" sc="240,-11,240,-21,270,53,240,-11" /><INIT seed="2,0,0,2,2,105" ten="229,219,323,229" oya="2" hai0="15,49,37,103,87,5,130,56,90,25,18,14,107" hai1="16,24,65,80,43,110,30,57,2,50,127,86,76" hai2="75,51,7,126,108,26,134,67,121,45,91,20,135" hai3="39,47,84,132,11,31,101,3,48,52,79,34,19"/><V125/><F121/><W63/><G132/><N who="2" m="50729" /><F67/><W92/><G39/><T120/><D37/><U98/><E2/><V23/><F108/><W10/><G3/><T70/><D70/><U113/><E113/><V64/><F64/><W131/><G131/><T100/><D120/><U73/><E110/><V78/><F7/><W38/><G38/><T0/><D0/><U77/><E127/><N who="2" m="48651" /><F91/><W12/><G10/><T61/><D5/><U22/><E65/><V102/><F102/><W112/><G112/><T55/><D103/><U9/><E98/><V104/><F104/><W8/><G8/><T89/><D107/><U116/><E9/><V59/><F59/><W46/><G46/><T133/><D100/><U129/><E57/><V85/><F85/><W13/><G101/><T58/><D90/><U28/><E86/><V41/><F26/><W72/><G84/><T122/><D122/><U111/><E111/><V117/><F117/><W95/><G95/><T106/><D106/><U88/><E88/><V118/><F118/><W71/><G92/><T124/><D124/><U119/><E119/><V68/><F68/><W109/><G109/><T115/><D133/><U128/><E116/><V96/><F96/><W99/><G99/><T82/><D115/><U44/><E77/><V17/><F17/><W1/><G79/><T74/><D18/><U35/><E16/><V94/><F94/><W60/><G19/><T69/><D69/><U29/><E29/><V53/><F53/><W81/><G71/><T62/><D58/><U123/><E123/><V40/><F40/><W114/><G52/><RYUUKYOKU ba="0,0" sc="229,-15,219,15,323,15,229,-15" hai1="22,24,28,30,35,43,44,50,73,76,80,128,129" hai2="20,23,41,45,51,75,78" /><INIT seed="2,1,0,5,1,129" ten="214,234,338,214" oya="2" hai0="60,78,132,98,33,124,42,12,111,11,130,66,128" hai1="45,97,14,52,9,59,5,101,114,40,6,133,64" hai2="51,62,119,79,58,115,118,56,123,24,19,120,125" hai3="27,30,109,4,80,77,91,46,61,94,116,29,17"/><V53/><F79/><W90/><G116/><N who="2" m="44585" /><F19/><W85/><G109/><T63/><D111/><U36/><E114/><V73/><F24/><W22/><G4/><T108/><D108/><U47/><E133/><V121/><F73/><W41/><G61/><T134/><D33/><U126/><E126/><V122/><F122/><W3/><G3/><T104/><D42/><U35/><E35/><V112/><F125/><W7/><G7/><T57/><D63/><U31/><E31/><V87/><F87/><W83/><G83/><T32/><D32/><U25/><E25/><V95/><F95/><W105/><G105/><T113/><D113/><N who="2" m="43594" /><F62/><W89/><REACH who="3" step="1"/><G94/><REACH who="3" ten="214,234,338,204" step="2"/><T106/><D124/><U68/><E5/><V84/><F84/><W0/><G0/><T71/><D106/><U102/><E6/><V93/><F93/><W28/><G28/><T13/><D104/><U127/><E127/><V2/><F2/><W37/><AGARI ba="1,1" hai="17,22,27,29,30,37,41,46,77,80,85,89,90,91" machi="37" ten="30,2000,0" yaku="1,1,0,1,53,0" doraHai="129" doraHaiUra="49" who="3" fromWho="3" sc="214,-6,234,-6,338,-11,204,33" /><INIT seed="3,0,0,0,4,108" ten="208,228,327,237" oya="3" hai0="103,114,134,14,106,125,34,59,58,76,116,97,35" hai1="78,124,110,13,70,86,30,88,95,42,23,29,119" hai2="77,6,74,47,93,46,96,112,65,104,89,67,48" hai3="45,53,132,21,12,31,22,117,41,36,118,120,105"/><W7/><G120/><T18/><D116/><U66/><E110/><V82/><F112/><W127/><G105/><T54/><D125/><U111/><E111/><V129/><F129/><W72/><G72/><T9/><D134/><U63/><E124/><V68/><F68/><W50/><G127/><T92/><D76/><U101/><E119/><V43/><F6/><W10/><G132/><T2/><D2/><U39/><E78/><V128/><F128/><W85/><G31/><T99/><D59/><U133/><E133/><V123/><F123/><W75/><G75/><T56/><D58/><U16/><REACH who="1" step="1"/><E101/><REACH who="1" ten="208,218,327,237" step="2"/><V135/><F135/><W25/><G117/><T130/><D130/><U71/><E71/><V5/><F5/><W91/><G118/><T26/><D103/><U51/><E51/><V126/><F126/><W109/><G109/><T37/><D37/><U81/><E81/><V107/><F48/><W11/><G36/><T121/><D121/><U38/><E38/><V1/><F82/><W3/><G41/><T60/><D60/><U100/><E100/><V98/><F77/><W33/><G50/><T94/><D54/><U87/><E87/><V19/><F43/><W55/><G53/><T122/><D122/><U61/><E61/><V102/><F102/><W28/><G55/><T115/><D99/><U27/><E27/><V52/><F52/><W79/><G79/><T62/><D97/><U32/><E32/><V80/><F98/><W20/><G45/><AGARI ba="0,1" hai="13,16,23,29,30,39,42,45,63,66,70,86,88,95" machi="45" ten="40,5200,0" yaku="1,1,54,2,53,0" doraHai="108" doraHaiUra="113" who="1" fromWho="3" sc="208,0,218,62,327,0,237,-52" /><INIT seed="4,0,0,4,0,14" ten="208,280,327,185" oya="0" hai0="74,8,70,4,5,22,39,46,54,113,126,117,120" hai1="29,53,71,135,65,59,111,78,25,99,76,75,79" hai2="101,122,34,52,86,69,24,9,96,50,57,10,131" hai3="72,49,102,23,125,93,11,124,105,103,40,31,28"/><T58/><D117/><U121/><E111/><V134/><F122/><W81/><G105/><T62/><D120/><U43/><E121/><V55/><F131/><W115/><G115/><T42/><D113/><U1/><E1/><V21/><F34/><W64/><G64/><T2/><D126/><N who="3" m="48745" /><G11/><T92/><D5/><U91/><E43/><V110/><F69/><W6/><G6/><T129/><D129/><U97/><E135/><V82/><F55/><W106/><G106/><T66/><D74/><U41/><E41/><V73/><F73/><W89/><G81/><T35/><D35/><U15/><E15/><V36/><F36/><W119/><G119/><T48/><D22/><U118/><E75/><V3/><F3/><W51/><G23/><T63/><D63/><U67/><E71/><V127/><F134/><W26/><G26/><T132/><D92/><U95/><E99/><V112/><F110/><W38/><G38/><T94/><D94/><U16/><E29/><N who="3" m="11338" /><G72/><T109/><D132/><U84/><E118/><V17/><F112/><W130/><G130/><T47/><REACH who="0" step="1"/><D109/><REACH who="0" ten="198,280,327,185" step="2"/><U60/><E97/><V123/><F123/><W0/><G0/><T45/><AGARI ba="0,1" hai="2,4,8,39,42,45,46,47,48,54,58,62,66,70" machi="45" ten="30,12000,1" yaku="1,1,2,1,0,1,24,2,53,0" doraHai="14" doraHaiUra="116" who="0" fromWho="0" sc="198,130,280,-40,327,-40,185,-40" /><INIT seed="4,1,0,1,3,128" ten="328,240,287,145" oya="0" hai0="64,108,121,104,90,37,89,87,69,65,46,91,58" hai1="44,96,133,92,19,13,62,131,103,83,8,77,66" hai2="20,119,112,0,43,109,94,30,122,45,7,72,31" hai3="36,35,1,68,116,48,123,28,105,67,54,29,76"/><T59/><D121/><U16/><E131/><V79/><F109/><W25/><G116/><T118/><D118/><U84/><E44/><V99/><F112/><W33/><G123/><T113/><D104/><U100/><E133/><V101/><F20/><W47/><G1/><T135/><D113/><U98/><E98/><V88/><F119/><W26/><G105/><T97/><D69/><U82/><E83/><N who="2" m="45543" /><F101/><W49/><G76/><T18/><D97/><U9/><E103/><V60/><F60/><W56/><G36/><T78/><D37/><U23/><REACH who="1" step="1"/><E19/><REACH who="1" ten="328,230,287,145" step="2"/><V95/><F122/><W6/><G6/><T127/><D18/><U130/><E130/><V40/><F95/><W74/><G74/><T117/><D117/><U114/><E114/><V80/><F80/><W110/><G110/><T115/><D108/><U50/><E50/><V38/><F43/><W61/><REACH who="3" step="1"/><G49/><REACH who="3" ten="328,230,287,135" step="2"/><T12/><D115/><U107/><E107/><V106/><F106/><W10/><G10/><AGARI ba="1,2" hai="0,7,10,30,31,38,40,45,88,94,99" m="45543" machi="10" ten="30,2000,0" yaku="25,1,54,1" doraHai="128" who="2" fromWho="3" sc="328,0,230,0,287,43,135,-23" /><INIT seed="5,0,0,2,4,66" ten="328,230,330,112" oya="1" hai0="104,34,55,23,117,11,2,48,115,8,80,123,102" hai1="129,10,25,26,47,74,1,110,113,78,51,100,84" hai2="76,53,18,109,85,134,43,7,46,130,96,65,0" hai3="88,122,63,89,44,38,121,77,124,24,12,112,64"/><U83/><E113/><V31/><F109/><W97/><G112/><T61/><D34/><U27/><E110/><V42/><F31/><W5/><G124/><T75/><D117/><U131/><E100/><V107/><F65/><W6/><G77/><T81/><D115/><U60/><E60/><V95/><F107/><W125/><G125/><T62/><D104/><U19/><E74/><V103/><F0/><W17/><G24/><T36/><D36/><U49/><E1/><V128/><F7/><W119/><G119/><T52/><D102/><U71/><E71/><V93/><F134/><W73/><G73/><T50/><D123/><U118/><E118/><V116/><F18/><W111/><G111/><T39/><D39/><U57/><E57/><V126/><F126/><W40/><G121/><T106/><D106/><U3/><E3/><V98/><F116/><W29/><G29/><T87/><D23/><U135/><E135/><V99/><F128/><N who="1" m="49225" /><E47/><V120/><F120/><W33/><G33/><T91/><D2/><U67/><E67/><V94/><F103/><W92/><G89/><T132/><D132/><U127/><E127/><V58/><F46/><W41/><G41/><T133/><D133/><U14/><AGARI ba="0,0" hai="10,14,19,25,26,27,49,51,78,83,84" m="49225" machi="14" ten="40,2100,0" yaku="19,1" doraHai="66" who="1" fromWho="1" sc="328,-7,230,21,330,-7,112,-7" /><INIT seed="5,1,0,3,5,117" ten="321,251,323,105" oya="1" hai0="134,31,127,45,58,13,114,4,37,51,38,46,68" hai1="89,2,103,99,49,24,72,62,126,86,8,11,39" hai2="26,96,14,19,115,29,91,20,116,61,65,101,12" hai3="80,23,70,119,53,79,32,112,42,122,132,9,74"/><U43/><E72/><V84/><F115/><W120/><G32/><T69/><D31/><U125/><E39/><N who="0" m="14857" /><D13/><U111/><E62/><V41/><F41/><W7/><G112/><T121/><D4/><U133/><E24/><V57/><F116/><W27/><G119/><T107/><D107/><U108/><E133/><V75/><F75/><W67/><G132/><T21/><D21/><U118/><E118/><V48/><F48/><W34/><G53/><N who="0" m="32063" /><D114/><U3/><E3/><V124/><F124/><N who="1" m="47721" /><E49/><V87/><F91/><W113/><G113/><T76/><D76/><U36/><E43/><V35/><REACH who="2" step="1"/><F14/><REACH who="2" ten="321,251,313,105" step="2"/><W128/><G42/><T109/><D127/><U66/><E36/><V47/><F47/><W94/><G128/><T97/><D134/><U98/><E2/><V71/><F71/><W106/><G106/><AGARI ba="1,1" hai="12,19,20,26,29,35,57,61,65,84,87,96,101,106" machi="106" ten="30,2000,0" yaku="1,1,7,1,53,0" doraHai="117" doraHaiUra="1" who="2" fromWho="3" sc="321,0,251,0,313,33,105,-23" /><INIT seed="6,0,0,4,2,1" ten="321,251,346,82" oya="2" hai0="22,43,35,105,28,96,62,94,74,8,34,42,128" hai1="56,72,88,14,26,69,30,25,97,110,53,113,19" hai2="132,135,10,66,59,107,77,21,100,75,11,92,18" hai3="68,13,5,58,106,102,82,91,65,9,39,87,48"/><V16/><F107/><W40/><G39/><T57/><D74/><U52/><E72/><V84/><F75/><W133/><G133/><T61/><D105/><U117/><E69/><V51/><F18/><W89/><G68/><T49/><D128/><U79/><E79/><V12/><F100/><W95/><G106/><T37/><D35/><U99/><E110/><V130/><F130/><W118/><G118/><T23/><D34/><U120/><E117/><V109/><F109/><W127/><G127/><T32/><D32/><U27/><E113/><V126/><F126/><W119/><G119/><T20/><D28/><U41/><E41/><N who="0" m="15369" /><D37/><U111/><E120/><V108/><F108/><W83/><G102/><N who="0" m="60695" /><D8/><N who="1" m="6599" /><E53/><AGARI ba="0,0" hai="20,22,23,49,53,57,61,62" m="60695,15369" machi="53" ten="30,1000,0" yaku="8,1" doraHai="1" who="0" fromWho="1" sc="321,10,251,-10,346,0,82,0" /><INIT seed="7,0,0,1,5,53" ten="331,241,346,82" oya="3" hai0="83,80,4,55,94,37,8,5,125,127,131,120,87" hai1="0,22,119,108,104,52,11,113,64,9,109,135,15" hai2="66,58,114,116,41,33,69,59,50,17,63,88,38" hai3="10,23,128,111,93,95,97,130,126,121,48,62,40"/><W12/><G121/><T78/><D120/><U43/><E104/><V65/><F33/><W82/><G126/><T100/><D37/><U105/><E105/><V2/><F2/><W28/><G111/><T67/><D67/><U106/><E106/><V7/><F7/><W27/><G82/><T44/><D83/><U81/><E43/><V74/><F74/><W19/><G62/><T42/><D131/><U118/><E64/><N who="2" m="41119" /><F88/><W84/><G84/><T57/><D44/><U98/><E98/><V132/><F17/><W51/><G93/><T122/><D42/><U117/><E81/><V6/><F6/><W49/><REACH who="3" step="1"/><G40/><REACH who="3" ten="331,241,346,72" step="2"/><T60/><D122/><U61/><E109/><V123/><F123/><W56/><G56/><T89/><D127/><U99/><E108/><V86/><F86/><W73/><G73/><T90/><D125/><U77/><E118/><V29/><F58/><W72/><G72/><T96/><D5/><U13/><E117/><V30/><F116/><W91/><AGARI ba="0,1" hai="10,12,19,23,27,28,48,49,51,91,95,97,128,130" machi="91" ten="30,3000,0" yaku="1,1,0,1,53,0" doraHai="53" doraHaiUra="3" who="3" fromWho="3" sc="331,-10,241,-10,346,-10,72,40" /><INIT seed="7,1,0,0,2,41" ten="321,231,336,112" oya="3" hai0="59,40,8,117,23,102,110,50,21,22,80,126,106" hai1="53,24,12,38,120,13,42,56,19,79,123,134,47" hai2="6,92,4,64,114,39,133,130,74,63,67,115,97" hai3="51,87,26,127,55,109,135,105,20,81,66,100,69"/><W2/><G2/><T129/><D110/><U118/><E134/><V29/><F133/><W31/><G109/><T34/><D34/><U98/><E118/><V78/><F39/><W94/><G135/><T122/><D122/><U54/><E79/><V25/><F130/><W1/><G1/><T27/><D117/><U28/><E98/><V61/><F78/><W90/><G127/><T0/><D106/><U35/><E54/><V10/><F74/><W101/><G105/><T104/><D104/><U11/><REACH who="1" step="1"/><E13/><REACH who="1" ten="321,221,336,112" step="2"/><V52/><F52/><W36/><G36/><T45/><D129/><U32/><E32/><V124/><F97/><W49/><G49/><AGARI ba="1,1" hai="11,12,19,24,28,35,38,42,47,49,53,56,120,123" machi="49" ten="30,7700,0" yaku="1,1,7,1,52,1,53,1" doraHai="41" doraHaiUra="44" who="1" fromWho="3" sc="321,0,221,90,336,0,112,-80" owari="321,12.0,311,-9.0,336,44.0,32,-47.0" /></mjloggm>