<mjloggm ver="2.3"><GO type="169" lobby="0"/><UN n0="%6B%69%79%6F%64%61%69" n1="%E3%82%A6%E3%83%AB%E3%83%88%E3%83%A9%E7%AB%8B%E7%9B%B4" n2="%E3%81%9F%E3%81%A4%E3%81%8D%E3%82%80%E3%81%A8%E3%82%93" n3="%E4%BA%BA%E7%94%9F%E3%83%95%E3%83%AB%E3%82%BC%E3%83%B3%E3%83%84" dan="17,16,16,16" rate="2206.58,2099.12,2102.13,2157.10" sx="M,M,M,M"/><TAIKYOKU oya="0"/><INIT seed="0,0,0,2,5,11" ten="250,250,250,250" oya="0" hai0="98,130,34,31,21,101,71,20,4,79,87,104,40" hai1="8,96,107,37,32,121,129,26,123,70,114,25,74" hai2="16,15,73,14,95,133,81,6,126,49,106,27,47" hai3="92,45,116,63,100,66,102,105,69,12,89,18,110"/><T44/><D71/><U111/><E96/><V125/><F106/><W62/><G116/><T76/><D130/><U38/><E8/><N who="2" m="4375" /><F133/><W75/><G75/><T120/><D120/><U91/><E91/><V83/><F73/><W97/><G110/><T43/><D43/><U22/><E22/><N who="2" m="11551" /><F27/><W35/><G35/><T50/><D4/><U94/><E94/><V19/><F19/><W39/><G63/><T113/><D113/><U46/><E25/><V17/><F17/><W59/><G69/><T115/><D115/><U119/><E26/><V127/><F95/><W135/><G135/><T13/><D34/><U109/><E38/><V77/><F77/><W2/><G2/><T48/><D31/><U90/><E121/><V72/><F72/><W64/><G64/><T103/><D79/><U117/><E117/><V99/><F99/><W57/><G105/><T132/><D132/><U67/><E67/><V7/><F7/><W41/><REACH who="3" step="1"/><G59/><REACH who="3" ten="250,250,250,240" step="2"/><T134/><D104/><U78/><E111/><V30/><F30/><W61/><G61/><T55/><D134/><U122/><E122/><V24/><F24/><W88/><G88/><T0/><D0/><U68/><E90/><V85/><F85/><W51/><G51/><T108/><D50/><U33/><E33/><V131/><F131/><W3/><G3/><T29/><D48/><U36/><E32/><V124/><F124/><W128/><G128/><T52/><D87/><U5/><E129/><V82/><F49/><W54/><G54/><T58/><D55/><U93/><E123/><V9/><F9/><AGARI ba="0,1" hai="9,12,18,39,41,45,57,62,66,89,92,97,100,102" machi="9" ten="30,3900,0" yaku="1,1,7,1,52,1,53,0" doraHai="11" doraHaiUra="80" who="3" fromWho="2" sc="250,0,250,0,250,-39,240,49" /><INIT seed="1,0,0,0,2,116" ten="250,250,211,289" oya="1" hai0="131,37,79,87,23,94,61,22,51,81,68,84,112" hai1="4,55,29,99,0,16,12,125,82,105,123,119,113" hai2="70,48,63,93,129,135,96,36,103,19,92,110,107" hai3="26,40,5,20,134,18,102,132,106,69,7,33,38"/><U11/><E119/><V85/><F36/><W114/><G69/><T121/><D37/><U127/><E113/><V31/><F110/><W57/><G114/><T2/><D2/><U47/><E29/><V58/><F129/><W90/><G106/><T44/><D131/><U88/><E105/><V73/><F73/><W124/><G102/><T74/><D74/><U15/><E0/><V108/><F108/><W86/><G124/><N who="1" m="47690" /><E123/><V25/><F135/><N who="3" m="51755" /><G33/><T117/><D117/><U56/><E47/><V34/><F85/><W98/><G98/><T43/><D112/><U64/><E64/><N who="2" m="41247" /><F19/><W109/><G109/><T49/><D49/><N who="1" m="30831" /><E99/><V60/><F48/><W53/><G38/><T17/><D51/><U27/><E27/><V111/><F111/><W89/><G40/><T59/><D43/><U41/><E41/><V6/><F6/><N who="3" m="2059" /><G86/><T78/><D84/><N who="1" m="50199" /><E15/><V100/><F100/><W128/><G128/><T54/><D87/><U10/><E4/><V8/><F93/><W91/><G91/><T115/><D94/><U39/><E39/><V46/><F92/><W52/><G53/><T133/><D54/><U71/><E71/><V24/><F46/><W130/><G130/><T126/><D44/><U101/><E101/><V75/><F75/><W32/><G32/><T30/><D68/><U120/><E120/><V97/><F97/><W83/><G83/><T62/><D121/><U14/><E14/><V35/><F35/><W66/><G66/><T67/><D133/><U13/><E13/><V77/><F34/><W1/><G1/><T21/><D126/><U9/><AGARI ba="0,0" hai="9,10,11,12,16" m="50199,30831,47690" machi="9" ten="30,11700,0" yaku="5,1,18,1,54,2" doraHai="116" who="1" fromWho="1" sc="250,-39,250,117,211,-39,289,-39" /><INIT seed="1,1,0,2,5,66" ten="211,367,172,250" oya="1" hai0="52,93,1,133,32,26,19,100,115,50,8,90,110" hai1="9,15,35,118,109,117,23,33,89,4,81,119,78" hai2="48,0,42,128,131,6,64,17,14,18,5,3,28" hai3="99,34,21,55,67,20,44,76,79,95,120,69,108"/><U36/><E36/><V116/><F64/><W57/><G120/><T121/><D115/><U80/><E109/><V125/><F42/><W61/><G34/><T63/><D121/><U29/><E89/><V107/><F48/><W85/><G108/><T27/><D110/><U56/><E56/><V24/><F107/><W46/><G46/><T70/><D100/><U94/><E94/><V53/><F53/><W91/><G44/><T65/><D133/><U130/><E80/><V84/><F84/><W62/><G20/><T59/><D32/><U72/><E130/><N who="2" m="49707" /><F116/><W92/><REACH who="3" step="1"/><G21/><REACH who="3" ten="211,367,172,240" step="2"/><T113/><D113/><U98/><E23/><N who="2" m="15391" /><F125/><W60/><G60/><T73/><D73/><U31/><E35/><V104/><F104/><W102/><AGARI ba="1,1" hai="55,57,61,62,67,69,76,79,85,91,92,95,99,102" machi="102" ten="20,5200,0" yaku="1,1,0,1,7,1,52,1,53,0" doraHai="66" doraHaiUra="39" who="3" fromWho="3" sc="211,-14,367,-27,172,-14,240,65" /><INIT seed="2,0,0,5,5,4" ten="197,340,158,305" oya="2" hai0="55,133,73,77,29,78,16,131,102,54,101,84,25" hai1="99,118,7,23,117,41,116,98,52,83,62,75,17" hai2="48,33,122,3,110,114,97,34,85,38,26,125,57" hai3="31,109,42,71,39,51,64,20,58,81,113,79,14"/><V72/><F122/><W82/><G109/><T8/><D73/><U66/><E41/><V1/><F114/><W0/><G0/><T120/><D120/><U96/><E7/><V22/><F72/><W45/><G113/><T135/><D131/><U67/><E83/><V36/><F110/><W88/><G71/><T18/><D84/><U30/><E30/><V59/><F125/><W40/><G40/><T70/><D70/><U63/><E75/><V132/><F85/><W11/><G79/><T65/><D29/><U19/><E52/><V69/><F69/><W56/><G39/><T129/><D129/><U89/><E89/><V9/><F9/><W21/><G82/><T108/><D108/><U107/><E107/><V35/><F132/><W32/><G32/><T104/><D25/><U15/><REACH who="1" step="1"/><E19/><REACH who="1" ten="197,330,158,305" step="2"/><V124/><F124/><W127/><G127/><T126/><D126/><U2/><E2/><V24/><F1/><W134/><G134/><T49/><D104/><U92/><E92/><V28/><F3/><W105/><G105/><T13/><D18/><U128/><E128/><V27/><F28/><W103/><G31/><T91/><D91/><U87/><E87/><V90/><F90/><W100/><G100/><T6/><D102/><U61/><AGARI ba="0,1" hai="15,17,23,61,62,63,66,67,96,98,99,116,117,118" machi="61" ten="40,8000,1" yaku="1,1,0,1,29,2,53,0" doraHai="4" doraHaiUra="43" who="1" fromWho="1" sc="197,-20,330,90,158,-40,305,-20" /><INIT seed="3,0,0,2,3,59" ten="177,420,118,285" oya="3" hai0="76,119,91,78,90,0,52,15,21,96,39,10,106" hai1="33,82,12,58,20,105,60,16,23,56,80,14,126" hai2="129,72,6,125,101,30,88,8,74,46,62,75,50" hai3="40,117,26,69,53,38,63,71,45,93,116,122,13"/><W70/><G26/><T133/><D39/><U66/><E105/><V4/><F129/><W73/><G73/><T37/><D37/><U86/><E33/><V109/><F125/><W79/><G79/><N who="0" m="30251" /><D0/><U127/><E58/><V120/><F120/><W22/><G93/><N who="0" m="56375" /><D106/><U27/><E14/><V44/><F109/><W31/><G31/><T29/><D133/><U65/><E65/><V84/><F101/><W57/><G22/><T100/><D100/><U107/><E107/><V99/><F99/><W51/><G13/><T1/><D1/><U92/><E92/><V67/><F30/><W68/><G122/><T34/><D34/><U115/><E115/><V128/><F128/><W130/><G130/><T24/><D119/><N who="3" m="45641" /><G71/><T48/><D91/><U118/><E118/><V41/><F46/><W43/><G43/><T97/><D97/><U113/><E113/><V7/><F8/><W103/><G103/><T9/><D15/><U135/><E135/><V81/><REACH who="2" step="1"/><F72/><REACH who="2" ten="177,420,108,285" step="2"/><W121/><G121/><T134/><D134/><U55/><E127/><V35/><F35/><W61/><AGARI ba="0,1" hai="38,40,45,51,53,57,61,63,68,69,70" m="45641" machi="61" ten="40,12000,1" yaku="34,2,52,2" doraHai="59" who="3" fromWho="3" sc="177,-40,420,-40,108,-40,285,130" /><INIT seed="3,1,0,4,5,84" ten="137,380,68,415" oya="3" hai0="51,64,122,25,85,110,73,8,49,15,116,13,100" hai1="123,99,10,102,43,23,88,90,121,17,46,61,119" hai2="67,59,56,34,108,71,45,37,96,132,57,6,29" hai3="39,89,78,128,54,60,3,129,5,53,91,74,77"/><W82/><G39/><T75/><D110/><U130/><E10/><V4/><F108/><W69/><G3/><T38/><D38/><U111/><E111/><V80/><F132/><W32/><G5/><T104/><D64/><U33/><E33/><V47/><F80/><W14/><G32/><T21/><D100/><U50/><E130/><N who="3" m="50282" /><G14/><T62/><D62/><U115/><E115/><V63/><F96/><W12/><G12/><T16/><D104/><U24/><E119/><V55/><F47/><W48/><G78/><T87/><D122/><U93/><REACH who="1" step="1"/><E61/><REACH who="1" ten="137,370,68,415" step="2"/><V94/><F34/><W81/><G81/><T101/><D8/><U112/><E112/><V42/><F63/><W26/><G26/><T22/><D25/><U35/><E35/><V1/><F1/><W20/><G20/><T109/><D109/><U103/><E103/><V65/><F4/><W118/><G118/><T126/><D101/><U127/><E127/><V76/><F6/><W131/><G131/><T117/><D126/><U72/><E72/><V27/><F27/><W134/><G134/><T120/><D120/><AGARI ba="1,1" hai="17,23,24,43,46,50,88,90,93,99,102,120,121,123" machi="120" ten="40,8000,1" yaku="1,1,52,2,54,1,53,1" doraHai="84" doraHaiUra="44" who="1" fromWho="0" sc="137,-83,370,93,68,0,415,0" /><INIT seed="4,0,0,3,3,24" ten="54,463,68,415" oya="0" hai0="92,14,99,46,90,111,104,58,122,79,16,70,123" hai1="116,86,55,8,10,45,96,0,39,112,2,62,66" hai2="42,133,83,72,134,38,37,82,22,91,56,54,97" hai3="126,100,32,31,9,105,52,110,65,80,89,125,64"/><T69/><D111/><U49/><E116/><V114/><F114/><W117/><G110/><T1/><D1/><U75/><E75/><V19/><F72/><W74/><G117/><T21/><D104/><U128/><E112/><V26/><F97/><W57/><G105/><T71/><D79/><U108/><E108/><V40/><F40/><W129/><G100/><T94/><D58/><U60/><E39/><N who="2" m="14859" /><F42/><W28/><G32/><T113/><D113/><U12/><E128/><V132/><F91/><W5/><G129/><T3/><D3/><U30/><E96/><V27/><F27/><W4/><G74/><T29/><D46/><U68/><E10/><V33/><F33/><W47/><G47/><T25/><REACH who="0" step="1"/><D92/><REACH who="0" ten="44,463,68,415" step="2"/><U93/><E93/><V103/><F103/><W50/><G89/><T63/><D63/><AGARI ba="0,1" hai="19,22,26,54,56,63,82,83,132,133,134" m="14859" machi="63" ten="40,1300,0" yaku="20,1" doraHai="24" who="2" fromWho="0" sc="44,-13,463,0,68,23,415,0" /><INIT seed="5,0,0,4,3,56" ten="31,463,91,415" oya="1" hai0="97,105,134,124,83,22,20,49,80,84,65,89,133" hai1="25,62,11,96,95,73,5,42,0,93,32,41,28" hai2="17,108,110,70,63,86,35,3,117,53,59,103,85" hai3="112,13,64,92,109,87,69,26,78,74,60,27,4"/><U131/><E131/><V33/><F33/><W31/><G109/><T57/><D124/><U82/><E73/><V68/><F117/><W9/><G112/><T127/><D127/><U72/><E72/><V118/><F118/><W47/><G74/><T38/><D38/><U45/><E82/><V88/><F35/><W98/><G78/><T132/><D83/><U81/><E81/><V23/><F3/><W61/><G87/><T48/><D48/><U12/><E45/><V15/><F103/><W122/><G122/><T115/><D115/><U113/><E113/><V116/><F85/><W129/><G129/><T119/><D119/><U100/><E93/><V135/><F116/><W75/><G75/><T121/><D121/><U101/><E101/><V36/><F36/><W37/><G61/><T29/><D29/><U7/><E7/><V2/><F2/><W66/><G66/><T77/><D49/><U21/><E62/><V43/><F43/><W99/><G31/><T14/><D14/><U106/><E106/><V44/><F44/><W94/><G94/><N who="0" m="56527" /><D105/><U54/><E54/><V114/><F114/><W34/><G34/><T39/><D39/><U111/><E111/><N who="2" m="42539" /><F135/><N who="0" m="34562" /><T79/><DORA hai="50" /><D79/><U123/><E123/><V8/><F8/><W10/><G10/><T67/><D67/><U46/><E46/><V91/><F91/><W90/><REACH who="3" step="1"/><G99/><REACH who="3" ten="31,463,91,405" step="2"/><T24/><D24/><U104/><E104/><V102/><F63/><AGARI ba="0,1" hai="20,22,57,63,65,77,80,84" m="34562,56527" machi="63" ten="40,2600,0" yaku="20,1,52,1" doraHai="56,50" who="0" fromWho="2" sc="31,36,463,0,91,-26,405,0" /><INIT seed="6,0,0,3,3,36" ten="67,463,65,405" oya="2" hai0="23,65,14,115,79,11,45,40,26,67,13,100,108" hai1="68,46,129,130,7,38,31,32,133,27,61,73,94" hai2="97,49,3,125,74,76,88,82,24,112,93,71,28" hai3="92,41,22,10,69,4,121,80,44,2,103,106,56"/><V54/><F112/><W20/><G121/><T16/><D108/><U47/><E73/><V101/><F125/><W0/><G0/><T128/><D128/><N who="1" m="49259" /><E133/><V117/><F3/><W53/><G69/><T70/><D115/><U113/><E113/><V118/><F71/><W111/><G111/><T15/><D70/><U34/><E7/><V81/><F81/><W107/><G92/><T30/><D79/><U62/><E34/><V89/><F117/><W39/><G80/><T37/><D100/><U52/><E94/><V21/><REACH who="2" step="1"/><F118/><REACH who="2" ten="67,463,55,405" step="2"/><W55/><G2/><T51/><D37/><U18/><E68/><V91/><F91/><W19/><G103/><T60/><D60/><U132/><E62/><V98/><F98/><W50/><G107/><T96/><D96/><U114/><E61/><V105/><F105/><W25/><G106/><T123/><D123/><U116/><E116/><V6/><F6/><W42/><G4/><T8/><D15/><U1/><E1/><V33/><F33/><W43/><G25/><T58/><D58/><AGARI ba="0,1" hai="21,24,28,49,54,58,74,76,82,88,89,93,97,101" machi="58" ten="30,5800,0" yaku="1,1,7,1,54,1,53,0" doraHai="36" doraHaiUra="120" who="2" fromWho="0" sc="67,-58,463,0,55,68,405,0" /><INIT seed="6,1,0,0,4,7" ten="9,463,123,405" oya="2" hai0="25,63,126,80,127,67,16,13,2,117,115,108,130" hai1="10,28,60,44,89,83,27,4,82,69,17,23,122" hai2="76,39,65,88,112,56,131,77,120,52,37,134,11" hai3="30,107,87,93,19,128,68,118,0,100,21,24,53"/><V103/><F120/><W74/><G74/><T101/><D108/><U55/><E122/><V43/><F103/><W104/><G118/><T50/><D2/><U38/><E69/><V75/><F65/><W49/><G128/><T8/><D117/><U96/><E38/><V133/><F131/><W91/><G68/><T111/><D111/><U41/><E41/><V58/><F58/><W22/><G0/><T109/><D109/><U95/><E28/><V20/><F20/><W3/><G3/><T54/><D130/><U129/><E129/><V113/><F88/><W12/><REACH who="3" step="1"/><G100/><REACH who="3" ten="9,463,123,395" step="2"/><T72/><D101/><U59/><E44/><AGARI ba="1,1" hai="12,19,21,22,24,30,44,49,53,87,91,93,104,107" machi="44" ten="30,3900,0" yaku="1,1,2,1,7,1,53,0" doraHai="7" doraHaiUra="35" who="3" fromWho="1" sc="9,0,463,-42,123,0,395,52" /><INIT seed="7,0,0,1,3,85" ten="9,421,123,447" oya="3" hai0="10,116,56,108,35,69,91,2,86,79,16,75,81" hai1="103,101,52,115,77,100,28,29,121,84,76,9,131" hai2="89,11,90,64,45,34,42,117,68,127,26,3,19" hai3="49,112,67,25,1,0,97,80,62,124,96,15,135"/><W92/><G112/><T14/><D69/><U133/><E121/><V111/><F117/><W70/><G124/><T125/><D125/><U113/><E131/><V47/><F64/><W22/><G135/><T110/><D35/><U134/><E9/><V27/><F19/><W118/><G118/><T61/><D2/><U31/><E52/><V94/><F11/><W55/><G15/><T102/><D116/><U8/><E8/><V43/><F94/><W107/><G80/><T63/><D63/><U7/><E7/><V20/><F20/><W122/><G107/><T104/><D110/><U38/><E38/><V83/><F83/><W4/><G4/><T39/><D39/><U119/><E119/><V128/><F128/><W23/><G23/><T123/><D123/><U53/><E53/><V33/><F127/><W46/><G122/><T41/><D41/><U40/><E40/><V44/><F68/><W59/><G70/><T93/><D108/><U66/><E66/><V6/><F6/><W50/><G50/><T5/><D5/><U12/><E12/><V32/><F3/><W37/><G37/><T130/><D130/><U60/><E60/><V18/><F111/><W109/><G109/><T82/><D82/><N who="1" m="47175" /><E77/><V36/><F36/><W106/><G106/><T74/><D74/><U98/><E98/><N who="3" m="37994" /><G92/><T73/><D73/><U57/><E57/><V65/><F34/><W48/><G48/><T58/><D61/><U51/><E51/><V105/><F33/><W78/><G78/><T30/><D30/><U87/><E87/><V132/><F32/><W126/><G126/><RYUUKYOKU ba="0,0" sc="9,10,421,10,123,-30,447,10" hai0="10,14,16,56,58,75,79,81,86,91,93,102,104" hai1="28,29,31,100,101,103,113,115,133,134" hai3="0,1,22,25,46,49,55,59,62,67" owari="19,-48.0,431,23.0,93,-31.0,457,56.0" /></mjloggm>