<mjloggm ver="2.3"><GO type="169" lobby="0"/><UN n0="%47%45%59%55" n1="%E5%B0%B1%E6%B4%BB%E7%94%9F%40%E5%B7%9D%E6%9D%91%E8%BB%8D%E5%9B%A3" n2="%E3%83%A6%E3%83%AA%E3%82%A2" n3="%E7%B5%B6%E5%AF%BE%E4%B8%8D%E5%8F%AF%E4%BE%B5%E9%A0%98%E5%9F%9F" dan="17,18,16,17" rate="2167.04,2238.13,2124.31,2201.52" sx="M,M,F,M"/><TAIKYOKU oya="0"/><INIT seed="0,0,0,3,1,54" ten="250,250,250,250" oya="0" hai0="27,91,77,16,116,81,120,115,86,22,35,100,67" hai1="111,42,103,28,65,60,51,18,105,70,63,93,117" hai2="92,122,2,61,58,14,102,1,82,126,83,47,37" hai3="95,134,5,57,29,125,19,110,56,4,88,69,75"/><T79/><D115/><U101/><E105/><V97/><F122/><W13/><G69/><T85/><D120/><U24/><E117/><V135/><F135/><W21/><G134/><T98/><D116/><U114/><E114/><V39/><F126/><W41/><G75/><T6/><D6/><N who="3" m="2665" /><G125/><T33/><D67/><U9/><E111/><V129/><F129/><W12/><G110/><T7/><D7/><U31/><E63/><V68/><F68/><W119/><G119/><T99/><D99/><U30/><E93/><V43/><F39/><W3/><G41/><T96/><D96/><U94/><E94/><V106/><F14/><W55/><G29/><T130/><D130/><U107/><E107/><V87/><F106/><W23/><G3/><T66/><D66/><U8/><E8/><V36/><F36/><W52/><G55/><T15/><D15/><U90/><E9/><V50/><F37/><W133/><G133/><T11/><D11/><U76/><E18/><V127/><F127/><W53/><G53/><T73/><D79/><U40/><E76/><V20/><F2/><W64/><G64/><T113/><D113/><U131/><E131/><V17/><F1/><W104/><G104/><N who="0" m="63511" /><D85/><U118/><E118/><V108/><F87/><N who="3" m="52639" /><G52/><T44/><D44/><N who="1" m="25991" /><E42/><V25/><F108/><W59/><G13/><T72/><D73/><U46/><E46/><V10/><F10/><AGARI ba="0,0" hai="10,12,19,21,23,56,57,59" m="52639,2665" machi="10" ten="30,8000,1" yaku="8,1,52,3,54,1" doraHai="54" who="3" fromWho="2" sc="250,0,250,0,250,-80,250,80" /><INIT seed="1,0,0,0,1,59" ten="250,250,170,330" oya="1" hai0="69,123,15,6,54,111,24,13,77,120,114,61,4" hai1="107,62,46,30,109,97,132,10,110,48,26,80,49" hai2="64,101,78,95,38,135,32,71,112,44,108,106,73" hai3="88,74,98,60,29,118,125,94,122,72,130,18,67"/><U85/><E132/><V96/><F108/><N who="1" m="41577" /><E10/><V33/><F135/><W116/><G122/><N who="0" m="46635" /><D111/><U57/><E107/><V45/><F45/><W1/><G1/><T65/><D114/><U16/><E97/><V86/><F112/><W11/><G29/><T76/><D24/><U126/><E46/><V31/><F31/><W82/><G125/><T34/><D34/><N who="1" m="20823" /><E16/><V129/><F129/><W2/><G130/><T28/><D28/><U8/><E8/><V9/><F9/><W5/><G18/><T92/><D6/><U17/><E17/><V128/><F128/><W83/><G116/><T55/><D4/><U102/><E102/><V121/><F121/><W40/><G118/><T39/><D13/><U115/><E115/><V42/><F86/><W68/><REACH who="3" step="1"/><G40/><REACH who="3" ten="250,250,170,320" step="2"/><T20/><D15/><U58/><E126/><V7/><F7/><W75/><AGARI ba="0,1" hai="2,5,11,60,67,68,72,74,75,82,83,88,94,98" machi="75" ten="30,8000,1" yaku="1,1,2,1,0,1,52,1,54,1,53,0" doraHai="59" doraHaiUra="22" who="3" fromWho="3" sc="250,-20,250,-40,170,-20,320,90" /><INIT seed="2,0,0,3,0,54" ten="230,210,150,410" oya="2" hai0="33,57,3,42,118,128,68,36,64,95,60,53,108" hai1="65,49,51,91,105,66,113,98,112,21,37,122,81" hai2="39,10,40,46,126,107,67,19,70,45,9,73,15" hai3="34,119,114,6,1,102,85,72,25,30,17,100,97"/><V103/><F126/><W96/><G72/><T31/><D3/><U94/><E37/><V104/><F73/><W80/><G119/><T129/><D118/><U110/><E110/><V24/><F103/><W106/><G114/><T109/><D95/><U74/><E122/><V77/><F77/><W43/><G43/><T125/><D31/><U28/><E105/><V86/><F86/><W16/><G6/><T123/><D33/><U78/><E112/><V18/><F46/><W14/><G1/><T27/><D27/><U79/><E79/><V84/><F84/><W52/><G14/><T82/><D82/><U132/><E132/><V124/><F124/><W99/><G99/><T121/><D125/><U35/><E35/><V115/><F115/><W69/><G69/><T58/><D42/><U47/><E51/><V5/><F24/><W22/><G34/><T131/><D36/><U76/><E76/><V134/><F134/><W71/><G71/><T93/><D93/><U13/><E113/><V116/><F116/><W7/><G7/><T127/><D127/><U8/><E21/><V11/><F11/><W133/><G133/><T50/><D68/><U92/><E28/><V135/><F135/><W12/><G12/><T120/><AGARI ba="0,0" hai="50,53,57,58,60,64,108,109,120,121,123,128,129,131" machi="120" ten="40,12000,2" yaku="0,1,19,1,34,3,52,2" doraHai="54" who="0" fromWho="0" sc="230,120,210,-30,150,-60,410,-30" /><INIT seed="3,0,0,2,2,2" ten="350,180,90,380" oya="3" hai0="101,17,113,91,78,69,108,114,99,127,132,122,46" hai1="15,7,58,112,16,22,129,48,82,33,4,115,32" hai2="109,56,10,73,19,76,133,86,6,102,118,5,68" hai3="40,90,124,65,0,50,95,12,70,21,94,125,105"/><W47/><G0/><T103/><D69/><U79/><E129/><V92/><F118/><W87/><G105/><T67/><D67/><U38/><E38/><V80/><F68/><W28/><G70/><T104/><D122/><U93/><E93/><V59/><F109/><W30/><G65/><T60/><D60/><U77/><E58/><V135/><F59/><W61/><G61/><T84/><D108/><U123/><E48/><V134/><F56/><W52/><G40/><T43/><D101/><U35/><E123/><V116/><F116/><W111/><G111/><T63/><D63/><U37/><E37/><V119/><F119/><W25/><G28/><T14/><D78/><U120/><E79/><V75/><F75/><W96/><REACH who="3" step="1"/><G12/><REACH who="3" ten="350,180,90,370" step="2"/><T130/><D14/><U27/><E120/><V31/><F31/><W42/><G42/><T29/><D43/><U55/><E55/><V107/><F107/><W66/><G66/><T18/><D29/><U13/><E13/><N who="2" m="7607" /><F73/><W8/><G8/><T44/><D104/><U62/><E62/><V106/><F106/><W121/><G121/><T11/><D11/><U54/><E54/><V81/><F80/><W53/><G53/><T49/><D114/><U39/><E15/><V117/><F117/><W74/><G74/><T97/><D113/><U89/><E112/><V36/><F36/><W45/><G45/><T1/><D44/><U110/><E39/><V9/><F9/><W100/><AGARI ba="0,1" hai="21,25,30,47,50,52,87,90,94,95,96,100,124,125" machi="100" ten="30,6000,0" yaku="1,1,0,1,54,1,53,0" doraHai="2" doraHaiUra="126" who="3" fromWho="3" sc="350,-20,180,-20,90,-20,370,70" /><INIT seed="3,1,0,2,1,3" ten="330,160,70,440" oya="3" hai0="8,87,64,27,128,55,38,70,97,35,71,65,79" hai1="73,41,95,80,93,14,114,75,62,100,24,112,56" hai2="60,25,13,131,39,66,121,103,0,19,104,88,33" hai3="108,4,67,116,61,77,111,51,40,36,122,11,74"/><W50/><G116/><T49/><D38/><U91/><E41/><V46/><F0/><W37/><G77/><T120/><D120/><U135/><E24/><V105/><F121/><W1/><G74/><T92/><D70/><U109/><E14/><V72/><F72/><W76/><G76/><T53/><D71/><U9/><E9/><V110/><F110/><N who="3" m="42027" /><G122/><T90/><D55/><U23/><E23/><V44/><F131/><W118/><G118/><T58/><D128/><U7/><E7/><V130/><F130/><W85/><G85/><T22/><D35/><U20/><E20/><V48/><F33/><W117/><G117/><T98/><D8/><U31/><E31/><V34/><F34/><W54/><G40/><T129/><D129/><U45/><E75/><V127/><F127/><W107/><G107/><T81/><REACH who="0" step="1"/><D97/><REACH who="0" ten="320,160,70,440" step="2"/><U82/><E112/><V17/><F39/><N who="3" m="14923" /><G54/><T69/><D69/><AGARI ba="1,1" hai="1,4,11,50,51,61,67,69" m="14923,42027" machi="69" ten="30,5800,0" yaku="14,1,10,1,52,1" doraHai="3" who="3" fromWho="0" sc="320,-61,160,0,70,0,440,71" /><INIT seed="3,2,0,3,1,14" ten="259,160,70,511" oya="3" hai0="134,90,112,88,39,100,86,58,114,75,34,13,38" hai1="56,118,20,129,12,132,79,101,25,33,68,108,32" hai2="55,126,43,21,89,91,106,113,46,53,72,63,69" hai3="11,76,15,105,48,60,4,84,47,31,87,44,57"/><W111/><G105/><T133/><D75/><U51/><E68/><V40/><F113/><N who="0" m="43626" /><D34/><U9/><E108/><V8/><F106/><W70/><G111/><T16/><D100/><U19/><E129/><V1/><F72/><W78/><G70/><T120/><D58/><U59/><E132/><N who="0" m="50793" /><D120/><U119/><E79/><V7/><F126/><W64/><G31/><T36/><D86/><N who="3" m="32809" /><G47/><T18/><D18/><N who="1" m="12439" /><E101/><V49/><F43/><AGARI ba="2,0" hai="4,11,15,43,44,48,57,60,64,76,78" m="32809" machi="43" ten="30,1500,0" yaku="8,1" doraHai="14" who="3" fromWho="2" sc="259,0,160,0,70,-21,511,21" /><INIT seed="3,3,0,1,2,10" ten="259,160,49,532" oya="3" hai0="103,7,130,120,55,109,57,23,86,40,126,125,52" hai1="48,97,1,19,13,105,89,99,11,15,32,51,44" hai2="80,129,31,100,135,131,117,62,21,110,116,5,96" hai3="22,18,25,111,114,104,24,77,92,56,123,82,95"/><W68/><G68/><T34/><D34/><U35/><E1/><V98/><F5/><W65/><G104/><T2/><D120/><U46/><E105/><V121/><F62/><W124/><G123/><T73/><D73/><U39/><E39/><V78/><F31/><W4/><G114/><T37/><D103/><U16/><E89/><V91/><F21/><W112/><G112/><T58/><D109/><U69/><E69/><V33/><F33/><W113/><G113/><T76/><D130/><U93/><E93/><V118/><F110/><W61/><G111/><T84/><D37/><U133/><REACH who="1" step="1"/><E11/><REACH who="1" ten="259,150,49,532" step="2"/><V6/><F121/><W67/><G95/><T17/><D126/><U106/><E106/><V127/><F127/><W0/><G124/><T107/><D107/><U70/><E70/><V75/><F135/><AGARI ba="3,1" hai="13,15,16,19,32,35,44,46,48,51,97,99,133,135" machi="135" ten="25,12000,2" yaku="1,1,22,2,52,2,54,1,53,0" doraHai="10" doraHaiUra="88" who="1" fromWho="2" sc="259,0,150,139,49,-129,532,0" owari="259,-14.0,289,9.0,-80,-58.0,532,63.0" /></mjloggm>