<mjloggm ver="2.3"><GO type="169" lobby="0"/><UN n0="%E7%89%8C%E7%8E%8B%E4%BD%8D" n1="%E5%B0%B1%E6%B4%BB%E7%94%9F%40%E5%B7%9D%E6%9D%91%E8%BB%8D%E5%9B%A3" n2="%E3%81%BA%E3%83%BC" n3="%E8%99%8E%E7%9A%AE%E7%8C%AB" dan="16,17,17,16" rate="2031.10,2198.77,2188.04,2091.43" sx="M,M,M,F"/><TAIKYOKU oya="0"/><INIT seed="0,0,0,4,4,100" ten="250,250,250,250" oya="0" hai0="109,70,128,27,129,15,116,41,11,45,75,14,19" hai1="7,95,37,57,83,76,46,120,62,13,122,73,10" hai2="40,104,86,5,69,18,33,88,65,94,51,53,135" hai3="84,36,99,63,110,42,102,34,12,111,96,101,17"/><T39/><D70/><U132/><E132/><V127/><F33/><W134/><G34/><T29/><D116/><U61/><E61/><V25/><F5/><W64/><G134/><T87/><D75/><U133/><E133/><V81/><F40/><W80/><G42/><T47/><D47/><U20/><E20/><V118/><F135/><W107/><G36/><T56/><D109/><U71/><E71/><V124/><F65/><W85/><G63/><T117/><D117/><U48/><E95/><V121/><F69/><W91/><G64/><T126/><D126/><U112/><E37/><V90/><F121/><W24/><G24/><T77/><D56/><U9/><E9/><V108/><F108/><N who="3" m="41515" /><G17/><T125/><D125/><N who="2" m="48202" /><F18/><W98/><G12/><T58/><D58/><U16/><E7/><V79/><F25/><W92/><G101/><T131/><D14/><U21/><E10/><V67/><F67/><W78/><AGARI ba="0,0" hai="78,80,84,85,91,92,96,98,99,102,107" m="41515" machi="78" ten="30,7900,0" yaku="14,1,34,2,52,1" doraHai="100" who="3" fromWho="3" sc="250,-39,250,-20,250,-20,250,79" /><INIT seed="1,0,0,2,0,37" ten="211,230,230,329" oya="1" hai0="106,56,32,95,18,111,2,117,126,76,88,101,122" hai1="53,38,74,24,36,73,65,112,57,58,99,0,125" hai2="119,124,92,48,39,127,102,85,110,54,135,43,45" hai3="9,87,94,133,41,77,8,5,15,47,46,42,62"/><U131/><E112/><V3/><F3/><W51/><G133/><T40/><D32/><U118/><E0/><V129/><F135/><W100/><G62/><T134/><D2/><U80/><E118/><V35/><F35/><W75/><G75/><T109/><D117/><U104/><E131/><V81/><F119/><W50/><G8/><T115/><D115/><U86/><E125/><V116/><F116/><W34/><G34/><T63/><D126/><U7/><E7/><V96/><F129/><W25/><G25/><T121/><D76/><U91/><E24/><V83/><F110/><N who="0" m="41994" /><D18/><U84/><E74/><V19/><F83/><N who="3" m="47599" /><G94/><T107/><D101/><AGARI ba="0,0" hai="5,9,15,41,42,46,47,50,51,100,101" m="47599" machi="101" ten="30,7700,0" yaku="25,1,8,1,52,2" doraHai="37" who="3" fromWho="0" sc="211,-77,230,0,230,0,329,77" /><INIT seed="2,0,0,4,3,42" ten="134,230,230,406" oya="2" hai0="15,111,135,132,8,121,50,119,38,7,33,77,128" hai1="17,26,108,75,13,71,107,63,56,74,72,3,54" hai2="64,104,24,123,49,134,80,130,65,89,76,96,101" hai3="82,30,91,129,94,2,18,46,31,6,37,11,58"/><V47/><F123/><W122/><G122/><T40/><D33/><U124/><E3/><V12/><F130/><W69/><G69/><T79/><D121/><U115/><E115/><V43/><F134/><W99/><G129/><T84/><D128/><U131/><E131/><V21/><F12/><W39/><G58/><T85/><D119/><U95/><E107/><V9/><F9/><W105/><G105/><T67/><D38/><U109/><E124/><V45/><F89/><W68/><G68/><T100/><D100/><U98/><E71/><V44/><F64/><W23/><G82/><T19/><D67/><U127/><E127/><V81/><F65/><W14/><G37/><T90/><D85/><U66/><E66/><V118/><F118/><W117/><G117/><T113/><D113/><U1/><E1/><V86/><F81/><W61/><G61/><T35/><D35/><U32/><E32/><V125/><F125/><W52/><G39/><T10/><D135/><U126/><E126/><V88/><F76/><W114/><G114/><T59/><D132/><U53/><E53/><V36/><F36/><W51/><AGARI ba="0,0" hai="2,6,11,14,18,23,30,31,46,51,52,91,94,99" machi="51" ten="30,4000,0" yaku="0,1,52,1,54,1" doraHai="42" who="3" fromWho="3" sc="134,-10,230,-10,230,-20,406,40" /><INIT seed="3,0,0,0,1,43" ten="124,220,210,446" oya="3" hai0="17,124,91,71,58,92,93,24,21,52,88,0,46" hai1="57,133,54,67,131,127,112,31,25,5,56,86,118" hai2="48,134,16,85,78,59,135,61,97,6,28,119,33" hai3="96,99,84,116,128,45,3,49,62,115,42,38,47"/><W74/><G116/><T27/><D71/><U66/><E112/><V90/><F6/><W72/><G115/><T32/><D0/><U34/><E118/><V64/><F119/><W8/><G128/><T100/><D124/><U15/><E131/><V111/><F111/><W14/><G3/><T83/><D32/><U39/><E39/><V29/><F33/><W13/><G62/><T110/><D110/><U103/><E127/><V129/><F78/><W125/><G125/><T107/><D107/><U40/><E40/><V22/><F97/><W19/><G84/><T79/><D100/><U41/><E41/><V120/><F120/><W106/><G13/><T130/><D130/><U20/><E133/><N who="2" m="50699" /><F48/><W37/><G38/><T87/><D24/><U4/><E103/><V35/><F35/><W132/><G132/><T23/><D21/><U109/><E109/><V11/><F11/><W44/><G37/><T69/><D69/><U77/><E34/><V36/><F36/><W113/><G113/><T82/><D79/><U50/><E5/><V122/><F122/><W18/><G18/><T26/><D26/><U95/><E4/><V10/><F10/><W30/><G30/><T105/><D105/><U75/><E15/><N who="2" m="9503" /><F129/><W94/><G106/><T101/><D101/><U80/><E75/><V108/><F108/><W117/><G117/><T70/><D70/><U53/><E95/><AGARI ba="0,0" hai="28,29,59,61,64,85,90,95" m="9503,50699" machi="95" ten="30,2000,0" yaku="20,1,54,1" doraHai="43" who="2" fromWho="1" sc="124,0,220,-20,210,20,446,0" /><INIT seed="4,0,0,2,0,27" ten="124,200,230,446" oya="0" hai0="4,83,56,116,65,52,131,0,44,20,23,92,32" hai1="71,18,40,109,124,122,111,87,129,84,45,41,135" hai2="49,34,118,14,11,48,96,13,54,21,69,64,73" hai3="104,113,89,86,1,125,88,99,126,24,114,70,130"/><T112/><D32/><U106/><E122/><V95/><F34/><W28/><G70/><T47/><D116/><U120/><E120/><V9/><F73/><W97/><G1/><T43/><D65/><U10/><E106/><V12/><F118/><W80/><G130/><T30/><D131/><U37/><E129/><V79/><F79/><W108/><G108/><T100/><D83/><U60/><E124/><N who="3" m="47722" /><G89/><T55/><D0/><U57/><E41/><V29/><F64/><W115/><G104/><T127/><D4/><U121/><E71/><V33/><F33/><AGARI ba="0,0" hai="24,28,33,80,86,88,97,99,113,114,115" m="47722" machi="33" ten="40,8000,1" yaku="15,1,18,1,52,1,54,1" doraHai="27" who="3" fromWho="2" sc="124,0,200,0,230,-80,446,80" /><INIT seed="5,0,0,0,5,109" ten="124,200,150,526" oya="1" hai0="53,80,106,11,52,111,18,81,120,134,130,115,21" hai1="10,59,1,102,36,28,6,114,96,85,45,65,9" hai2="72,135,116,113,50,15,131,43,98,20,117,89,12" hai3="128,60,22,77,25,44,79,48,86,94,13,7,133"/><U3/><E114/><V103/><F72/><W46/><G128/><T63/><D106/><U4/><E28/><V73/><F73/><W55/><G133/><T118/><D111/><U83/><E65/><V125/><F89/><N who="3" m="53559" /><G60/><T110/><D118/><U64/><E64/><V122/><F122/><W33/><G33/><T107/><D107/><U66/><E66/><V42/><F20/><W62/><G62/><T27/><D110/><U34/><E59/><V82/><F82/><W101/><G101/><T93/><D120/><U39/><E45/><V76/><F76/><W75/><G44/><T2/><D130/><U78/><REACH who="1" step="1"/><E34/><REACH who="1" ten="124,190,150,526" step="2"/><V70/><F131/><W88/><G46/><T61/><D115/><U38/><E38/><V100/><F113/><W49/><G75/><T71/><D71/><U32/><E32/><V127/><F70/><W57/><G57/><T132/><D134/><U90/><E90/><V95/><F135/><W123/><G88/><T126/><D132/><U121/><E121/><V92/><F50/><W31/><G123/><T47/><D63/><U112/><E112/><V30/><F30/><W19/><G48/><T68/><D68/><U124/><E124/><V67/><F67/><W29/><G49/><T14/><D126/><U129/><E129/><V0/><F127/><W105/><G31/><T5/><D61/><U17/><E17/><V40/><F125/><W54/><G29/><T26/><D47/><U23/><E23/><V69/><F69/><W74/><G74/><T16/><D18/><U87/><E87/><V108/><F108/><W51/><G19/><RYUUKYOKU ba="0,1" sc="124,-10,190,30,150,-10,526,-10" hai1="1,3,4,6,9,10,36,39,78,83,85,96,102" /><INIT seed="5,1,1,0,2,81" ten="114,220,140,516" oya="1" hai0="93,100,123,4,69,128,55,84,59,27,64,104,36" hai1="0,73,112,94,129,21,58,33,122,40,110,30,101" hai2="85,2,75,47,127,118,108,121,26,44,5,115,120" hai3="71,56,82,87,24,124,131,9,86,96,72,19,135"/><U116/><E73/><V79/><F75/><W25/><G71/><T60/><D4/><U32/><E0/><V8/><F118/><W23/><G135/><T65/><D104/><U107/><E107/><V68/><F68/><W70/><G70/><T13/><D13/><U62/><E116/><V76/><F108/><W50/><G131/><T134/><D100/><U1/><E1/><V99/><F99/><W12/><G124/><T63/><D27/><U20/><E20/><V91/><F127/><W133/><G133/><T114/><D134/><U78/><E78/><V119/><F119/><W61/><G50/><T17/><D17/><U49/><E112/><V97/><F97/><W66/><G96/><T67/><D114/><U31/><E31/><V102/><F102/><W28/><G72/><T37/><D128/><U6/><E6/><V52/><F26/><W109/><G109/><T113/><D84/><N who="3" m="32297" /><G24/><T106/><D93/><U92/><E92/><V7/><F115/><W29/><G82/><T132/><D106/><U46/><E129/><V126/><F126/><W22/><G22/><T105/><D105/><U90/><E110/><V57/><F2/><W83/><G83/><T34/><D34/><U88/><E33/><V48/><F121/><W41/><G41/><T15/><D113/><U43/><E32/><V51/><F120/><W35/><G35/><T11/><D123/><U125/><E122/><V95/><F51/><W74/><G74/><T130/><D132/><U77/><E49/><V89/><F76/><W39/><G39/><N who="0" m="14923" /><D130/><U18/><E125/><V117/><F79/><RYUUKYOKU ba="1,1" sc="114,15,220,-15,140,-15,516,15" hai0="11,15,55,59,60,63,64,65,67,69" hai3="9,12,19,23,25,28,29,56,61,66" /><INIT seed="6,2,1,4,3,5" ten="129,205,125,531" oya="2" hai0="29,72,120,93,89,112,74,95,124,134,42,76,41" hai1="114,111,97,21,107,31,127,51,90,28,55,11,115" hai2="52,131,62,130,87,133,108,109,121,128,125,10,54" hai3="118,34,101,60,15,86,32,129,59,96,6,94,69"/><V30/><F30/><W82/><G118/><T116/><D29/><U18/><E111/><N who="2" m="42571" /><F121/><W47/><G69/><T40/><D120/><U48/><E127/><V9/><F125/><W61/><G129/><T126/><D116/><U103/><E90/><V7/><F133/><W104/><G104/><T113/><D134/><U98/><E98/><V22/><F22/><W119/><G119/><T33/><D42/><U16/><E18/><V17/><F62/><W24/><G47/><T26/><D26/><U12/><E48/><V19/><F87/><W92/><G92/><T38/><D76/><U27/><REACH who="1" step="1"/><E28/><REACH who="1" ten="129,195,125,531" step="2"/><V2/><F10/><W49/><G96/><T71/><D124/><U14/><E14/><V39/><F39/><W91/><G15/><T117/><D38/><U81/><E81/><V132/><F132/><W50/><G82/><T46/><D126/><U58/><AGARI ba="2,2" hai="11,12,16,21,27,31,51,55,58,97,103,107,114,115" machi="58" ten="30,7900,0" yaku="1,1,0,1,52,1,54,1,53,0" doraHai="5" doraHaiUra="123" who="1" fromWho="1" sc="129,-22,195,105,125,-41,531,-22" /><INIT seed="7,0,0,0,2,97" ten="107,300,84,509" oya="3" hai0="14,51,72,133,61,12,112,132,23,110,86,117,11" hai1="9,104,49,135,20,91,103,0,114,27,2,69,78" hai2="40,79,85,26,62,41,44,124,102,46,25,76,134" hai3="7,108,37,58,22,106,1,45,118,130,21,18,15"/><W90/><G118/><T115/><D72/><U100/><E69/><V73/><F73/><W116/><G116/><T31/><D117/><U39/><E39/><V120/><F134/><N who="0" m="51818" /><D110/><U107/><E91/><V119/><F119/><W98/><G108/><T6/><D61/><U71/><E71/><V56/><F124/><W95/><G58/><T92/><D51/><U52/><E78/><V81/><F120/><W125/><G22/><T82/><D92/><U84/><E84/><V67/><F79/><W96/><G90/><N who="0" m="51543" /><D31/><U99/><E135/><V43/><REACH who="2" step="1"/><F102/><REACH who="2" ten="107,300,74,509" step="2"/><W131/><G125/><T128/><D128/><U88/><E114/><N who="0" m="43561" /><D23/><U89/><E9/><V122/><F122/><W121/><G18/><T127/><D127/><U8/><E8/><V66/><F66/><W16/><G16/><T70/><D70/><U36/><E36/><V93/><F93/><W48/><G15/><AGARI ba="0,1" hai="6,11,12,14,15" m="43561,51543,51818" machi="15" ten="30,3900,0" yaku="20,1,15,1,11,1" doraHai="97" who="0" fromWho="3" sc="107,49,300,0,74,0,509,-39" owari="156,-24.0,300,10.0,74,-43.0,470,57.0" /></mjloggm>