<mjloggm ver="2.3"><GO type="169" lobby="0"/><UN n0="%56%4F%4E%41%50%41%4C%54" n1="%E3%83%AC%E3%83%87%E3%82%B9%E3%83%9E" n2="%E3%83%94%E3%82%AB%E5%90%BE%E9%83%8E" n3="%E3%82%A6%E3%83%AB%E3%83%88%E3%83%A9%E7%AB%8B%E7%9B%B4" dan="16,17,17,17" rate="2037.37,2169.94,2159.22,2208.40" sx="M,M,M,M"/><TAIKYOKU oya="0"/><INIT seed="0,0,0,2,2,123" ten="250,250,250,250" oya="0" hai0="26,12,101,29,59,69,109,7,83,40,132,119,20" hai1="21,72,93,39,112,8,100,131,63,115,88,6,28" hai2="130,134,117,25,102,78,125,62,84,5,38,135,73" hai3="103,133,114,67,51,30,42,75,105,80,106,113,52"/><T107/><D69/><U110/><E39/><V79/><F38/><W126/><G42/><T121/><D121/><U127/><E72/><V122/><F5/><W54/><G67/><T0/><D119/><U66/><E100/><V53/><F122/><W76/><G30/><T37/><D132/><N who="2" m="50730" /><F73/><W86/><G133/><T11/><D59/><U77/><E77/><V120/><F120/><W56/><G126/><T22/><D107/><U98/><E127/><V47/><F102/><W91/><G54/><T90/><D101/><U9/><E131/><V108/><F125/><W124/><G124/><T85/><D40/><U111/><E21/><V50/><F25/><W70/><G70/><T96/><D37/><U64/><E28/><V87/><F130/><W46/><G46/><T116/><D116/><U35/><E35/><V33/><F62/><W43/><G43/><T129/><D129/><U104/><E104/><V45/><F45/><W13/><G13/><T92/><D0/><N who="1" m="71" /><E9/><V19/><F33/><W3/><G3/><T15/><D15/><U49/><E49/><V16/><F117/><W128/><G128/><T81/><D20/><U97/><E97/><V34/><F84/><W65/><G106/><T27/><D27/><U17/><E17/><N who="2" m="6731" /><F34/><W71/><G103/><T57/><D96/><U118/><E118/><V68/><F68/><W58/><G105/><T36/><D36/><U61/><E61/><V2/><F2/><W23/><G71/><T10/><D10/><U55/><E55/><V60/><F60/><N who="3" m="38039" /><G23/><T24/><D22/><U48/><E48/><V95/><F50/><RYUUKYOKU ba="0,0" sc="250,-10,250,-10,250,-10,250,30" hai3="51,52,56,75,76,80,86,91,113,114" /><INIT seed="1,1,0,1,5,119" ten="240,240,240,280" oya="1" hai0="73,30,88,67,58,120,27,109,107,128,36,115,95" hai1="83,61,130,20,82,41,18,89,135,23,124,45,14" hai2="11,48,24,15,101,32,92,75,94,123,81,68,69" hai3="111,38,117,64,35,114,79,0,70,105,112,59,91"/><U8/><E124/><V7/><F123/><W34/><G59/><T10/><D115/><U42/><E130/><V72/><F92/><W60/><G91/><T97/><D73/><U71/><E135/><V85/><F75/><W106/><G79/><T37/><D128/><U22/><E89/><V93/><F93/><W47/><G0/><T102/><D109/><U49/><REACH who="1" step="1"/><E42/><REACH who="1" ten="240,230,240,280" step="2"/><V84/><F101/><W90/><G90/><T77/><D102/><U127/><E127/><V125/><F125/><W129/><G129/><T54/><D88/><U76/><E76/><V103/><F103/><W31/><G111/><T57/><D77/><U126/><E126/><V28/><F81/><W16/><G114/><T66/><D97/><U116/><E116/><V29/><F72/><W53/><G112/><T33/><D107/><U131/><E131/><V100/><F100/><W113/><G113/><T110/><D110/><U39/><E39/><V51/><F94/><W99/><G99/><T62/><D95/><U80/><E80/><V134/><F85/><W104/><G117/><T43/><D37/><U65/><AGARI ba="1,1" hai="8,14,18,20,22,23,41,45,49,61,65,71,82,83" machi="65" ten="30,6000,0" yaku="1,1,0,1,53,1" doraHai="119" doraHaiUra="46" who="1" fromWho="1" sc="240,-21,230,73,240,-21,280,-21" /><INIT seed="1,2,0,3,4,95" ten="219,303,219,259" oya="1" hai0="1,31,81,37,72,0,126,78,121,52,61,94,26" hai1="51,84,106,2,74,89,116,129,24,79,133,43,14" hai2="117,83,107,54,124,6,38,19,8,92,113,76,23" hai3="49,15,96,70,120,30,53,128,28,91,46,123,132"/><U75/><E2/><V35/><F107/><W47/><G70/><T16/><D126/><U40/><E116/><V93/><F35/><W9/><G128/><T45/><D121/><U90/><E129/><V85/><F38/><W41/><G132/><T73/><D73/><U10/><E106/><V42/><F42/><W112/><G112/><T100/><D37/><U131/><E131/><V69/><F69/><W119/><G119/><T125/><D125/><U109/><E24/><V39/><F39/><W67/><G67/><T65/><D16/><U97/><E133/><V60/><F117/><W17/><G123/><T66/><D66/><U88/><E97/><V98/><F93/><N who="3" m="56383" /><G120/><T57/><D45/><U110/><E84/><V77/><F124/><W99/><G99/><N who="0" m="59511" /><D52/><U104/><E104/><V4/><F113/><W13/><G13/><T71/><D71/><U102/><E102/><N who="2" m="60743" /><F8/><W127/><G127/><T18/><D18/><U122/><E122/><V130/><F130/><W86/><G86/><T34/><D34/><U7/><E79/><V44/><F77/><W32/><G32/><T118/><D118/><U115/><E115/><V64/><F64/><W80/><G80/><T20/><AGARI ba="2,0" hai="0,1,20,26,31,57,61,65,72,78,81" m="59511" machi="20" ten="30,2000,0" yaku="25,1,52,1" doraHai="95" who="0" fromWho="0" sc="219,26,303,-12,219,-7,259,-7" /><INIT seed="2,0,0,1,3,45" ten="245,291,212,252" oya="2" hai0="77,70,8,60,118,74,32,90,89,0,20,106,119" hai1="111,33,5,92,83,78,59,48,36,122,128,35,68" hai2="38,47,17,55,98,94,104,100,29,108,95,27,53" hai3="86,71,131,54,7,129,67,41,30,13,12,66,39"/><V135/><F135/><W73/><G73/><T105/><D32/><U115/><E111/><V81/><F108/><W91/><G30/><T101/><D20/><U57/><E68/><V93/><F17/><W99/><G99/><T28/><D28/><U24/><E36/><V46/><F81/><W88/><G41/><T58/><D70/><U6/><E115/><V15/><F15/><W114/><G39/><T49/><D77/><U132/><E128/><V34/><REACH who="2" step="1"/><F47/><REACH who="2" ten="245,291,202,252" step="2"/><W80/><G13/><T18/><D18/><U133/><E83/><V134/><F134/><W79/><G12/><T121/><D0/><U14/><E14/><V116/><F116/><W120/><G7/><T10/><D119/><U109/><E6/><V65/><F65/><W22/><G67/><T4/><D118/><U123/><E5/><V40/><AGARI ba="0,1" hai="27,29,34,38,40,46,53,55,93,94,95,98,100,104" machi="40" ten="30,6000,0" yaku="1,1,0,1,53,1" doraHai="45" doraHaiUra="21" who="2" fromWho="2" sc="245,-20,291,-20,202,70,252,-20" /><INIT seed="2,1,0,2,3,12" ten="225,271,272,232" oya="2" hai0="13,46,134,85,123,5,73,131,47,114,44,107,102" hai1="83,130,79,84,105,25,129,60,2,97,96,11,4" hai2="128,100,115,24,17,33,29,66,36,116,22,133,38" hai3="99,101,23,50,76,104,86,58,8,30,98,119,16"/><V6/><F116/><W78/><G119/><T48/><D73/><U108/><E108/><V26/><F115/><W54/><G86/><T71/><D123/><U92/><E105/><V70/><F128/><W19/><G99/><T94/><D114/><U81/><E60/><V135/><F100/><W42/><G42/><T21/><D71/><U63/><E63/><N who="2" m="40287" /><F6/><W75/><G75/><T88/><D134/><AGARI ba="1,0" hai="17,22,24,26,29,33,36,38,133,134,135" m="40287" machi="134" ten="30,2900,0" yaku="20,1,52,1" doraHai="12" who="2" fromWho="0" sc="225,-32,271,0,272,32,232,0" /><INIT seed="2,2,0,3,2,103" ten="193,271,304,232" oya="2" hai0="63,89,18,17,45,38,67,115,33,124,88,123,41" hai1="107,74,92,128,93,44,90,70,98,82,51,110,47" hai2="4,91,21,104,54,36,99,86,24,127,8,27,6" hai3="130,32,105,84,81,3,59,64,69,116,126,125,113"/><V19/><F36/><W78/><G69/><T26/><D123/><U7/><E110/><V114/><F114/><W29/><G3/><T120/><D120/><U109/><E109/><V25/><F127/><N who="3" m="48651" /><G116/><T34/><D115/><U72/><E70/><V122/><F54/><W56/><G113/><T71/><D124/><U14/><E128/><V48/><F48/><W106/><G130/><T85/><D89/><U9/><E107/><N who="3" m="40970" /><G64/><T23/><REACH who="0" step="1"/><D18/><REACH who="0" ten="183,271,304,232" step="2"/><U121/><E121/><V30/><F19/><W11/><G11/><T117/><D117/><U73/><E9/><V58/><F8/><W22/><G22/><T76/><D76/><U108/><E108/><V52/><F122/><W40/><G40/><T20/><D20/><U57/><E90/><V28/><F21/><W37/><G37/><T111/><D111/><U1/><E7/><V97/><F6/><W75/><G75/><T119/><D119/><U2/><E73/><V31/><F4/><W77/><G77/><T87/><D87/><U5/><E5/><V12/><F86/><W66/><G66/><T61/><D61/><U79/><E79/><V134/><F91/><W102/><G102/><T62/><D62/><U100/><E100/><V80/><F99/><W0/><G0/><T15/><D15/><U65/><E98/><V96/><F12/><W94/><G78/><T39/><D39/><U53/><E74/><V55/><F104/><W68/><G84/><T95/><AGARI ba="2,1" hai="17,23,26,33,34,38,41,45,63,67,71,85,88,95" machi="95" ten="20,8000,1" yaku="1,1,0,1,7,1,54,1,53,1" doraHai="103" doraHaiUra="13" who="0" fromWho="0" sc="183,96,271,-22,304,-42,232,-22" /><INIT seed="3,0,0,0,3,80" ten="279,249,262,210" oya="3" hai0="119,41,84,4,27,47,22,9,15,36,95,43,6" hai1="118,121,72,106,82,7,13,100,30,83,39,112,97" hai2="20,11,59,115,77,116,78,58,122,52,107,85,101" hai3="98,29,21,96,71,26,132,16,3,5,125,25,90"/><W134/><G71/><T105/><D105/><U37/><E112/><V114/><F116/><W23/><G90/><T12/><D119/><U49/><E118/><V104/><F101/><W56/><G56/><T64/><D64/><U28/><E121/><V135/><F122/><W31/><G125/><T87/><D95/><U79/><E83/><V109/><F107/><W50/><G50/><T88/><D88/><U46/><E7/><N who="0" m="2601" /><D36/><U53/><REACH who="1" step="1"/><E13/><REACH who="1" ten="279,239,262,210" step="2"/><V18/><F114/><W17/><REACH who="3" step="1"/><G5/><REACH who="3" ten="279,239,262,200" step="2"/><T19/><D47/><U126/><E126/><V120/><F115/><W133/><G133/><T35/><D12/><U33/><E33/><V74/><F135/><W60/><G60/><T93/><D35/><U86/><E86/><N who="0" m="32809" /><D93/><U65/><E65/><V81/><F120/><W99/><G99/><T113/><D113/><U102/><E102/><V103/><F103/><W73/><G73/><T117/><D117/><U68/><E68/><V45/><F74/><W127/><G127/><T24/><D24/><U91/><E91/><V108/><F104/><W66/><G66/><T70/><D70/><U89/><E89/><V92/><F92/><W62/><G62/><T61/><D61/><U8/><E8/><V131/><F11/><W129/><G129/><T57/><D57/><U38/><AGARI ba="0,2" hai="28,30,37,38,39,46,49,53,72,79,82,97,100,106" machi="38" ten="30,2000,0" yaku="1,1,0,1,53,0" doraHai="80" doraHaiUra="55" who="1" fromWho="1" sc="279,-5,239,40,262,-5,200,-10" /><INIT seed="4,0,0,0,3,41" ten="274,279,257,190" oya="0" hai0="116,133,103,6,56,67,104,25,134,54,35,38,93" hai1="28,9,83,106,118,64,40,60,5,4,31,42,109" hai2="43,62,112,10,92,102,33,55,115,2,69,128,86" hai3="0,94,85,39,24,46,76,70,125,74,63,22,97"/><T36/><D116/><U88/><E109/><V132/><F33/><W52/><G0/><T110/><D104/><U7/><E106/><V78/><F43/><W73/><G125/><T26/><D67/><U105/><E105/><V100/><F132/><N who="0" m="50794" /><D6/><U113/><E118/><V51/><F10/><W122/><G122/><T131/><D131/><U23/><E9/><V80/><F2/><W29/><G70/><T75/><D75/><U14/><E113/><N who="2" m="43595" /><F92/><W37/><G37/><N who="0" m="14443" /><D35/><U129/><E129/><V121/><F121/><W49/><G39/><T47/><D47/><U91/><E42/><V96/><F128/><W66/><G66/><T84/><D110/><U48/><E40/><V53/><F69/><W82/><REACH who="3" step="1"/><G63/><REACH who="3" ten="274,279,257,180" step="2"/><N who="0" m="36247" /><D84/><U19/><E64/><V120/><F120/><W124/><G124/><T65/><D65/><U11/><E60/><V71/><F62/><W101/><AGARI ba="0,1" hai="22,24,29,46,49,52,73,74,76,82,85,94,97,101" machi="101" ten="20,8000,1" yaku="1,1,0,1,7,1,52,1,54,1,53,0" doraHai="41" doraHaiUra="57" who="3" fromWho="3" sc="274,-40,279,-20,257,-20,180,90" /><INIT seed="5,0,0,0,5,39" ten="234,259,237,270" oya="1" hai0="36,4,60,35,94,15,77,6,116,43,75,26,58" hai1="57,54,72,19,91,112,97,56,13,121,99,66,108" hai2="122,1,106,46,132,7,74,37,2,40,11,100,88" hai3="89,41,29,128,86,68,117,93,95,131,103,113,51"/><U102/><E121/><V125/><F122/><W109/><G68/><T33/><D116/><U90/><E72/><V101/><F2/><W32/><G109/><T44/><D26/><U27/><E27/><V79/><F106/><W59/><G29/><T23/><D94/><U31/><E31/><V8/><F8/><W84/><G32/><T28/><D28/><U21/><E108/><V64/><F125/><W120/><G120/><T107/><D107/><U71/><E71/><V127/><F64/><W65/><G113/><T52/><D23/><U3/><E3/><V130/><F127/><W0/><G0/><T124/><D124/><U49/><E112/><V25/><F25/><W105/><G105/><T83/><REACH who="0" step="1"/><D15/><REACH who="0" ten="224,259,237,270" step="2"/><U48/><E13/><V12/><F12/><W18/><G93/><T129/><D129/><U45/><E21/><V38/><F130/><W78/><G117/><T53/><D53/><U30/><E54/><V69/><F1/><W76/><G95/><T9/><D9/><U115/><E30/><V96/><F11/><W133/><G131/><T80/><D80/><U50/><E115/><V61/><F7/><AGARI ba="0,1" hai="4,6,7,33,35,36,43,44,52,58,60,75,77,83" machi="7" ten="40,5200,0" yaku="1,1,52,1,54,1,53,0" doraHai="39" doraHaiUra="67" who="0" fromWho="2" sc="224,62,259,0,237,-52,270,0" /><INIT seed="6,0,0,0,5,134" ten="286,259,185,270" oya="2" hai0="14,102,90,62,47,69,26,128,107,38,78,79,84" hai1="81,121,94,24,56,20,44,133,13,2,34,7,37" hai2="25,3,72,95,109,117,61,46,17,113,39,104,96" hai3="21,126,30,60,124,18,129,11,41,36,119,71,33"/><V5/><F117/><W105/><G119/><T91/><D128/><U87/><E34/><V27/><F104/><W52/><G105/><T8/><D26/><U49/><E2/><V98/><F72/><W74/><G74/><T43/><D107/><U42/><E133/><V67/><F113/><W76/><G76/><T19/><D102/><U4/><E121/><V57/><F109/><W29/><G11/><T51/><D38/><U82/><E13/><V112/><F112/><W122/><G122/><T63/><D90/><N who="1" m="53599" /><E56/><V100/><F17/><W65/><G52/><T116/><D116/><U123/><E37/><V125/><F125/><N who="3" m="48235" /><G33/><T31/><D31/><N who="1" m="17799" /><E123/><V66/><F67/><W97/><G97/><T68/><D68/><U70/><E70/><V83/><F98/><W15/><G129/><T120/><D120/><U101/><E101/><V88/><F3/><W86/><G86/><T22/><D8/><U59/><E44/><AGARI ba="0,0" hai="15,18,21,29,30,36,41,44,60,65,71" m="48235" machi="44" ten="30,7700,0" yaku="18,1,52,3" doraHai="134" who="3" fromWho="1" sc="286,0,259,-77,185,0,270,77" /><INIT seed="7,0,0,1,3,110" ten="286,182,185,347" oya="3" hai0="23,68,0,83,123,39,132,87,81,119,66,75,47" hai1="109,78,67,117,5,88,111,41,62,89,114,27,21" hai2="48,131,90,100,121,54,97,40,26,8,32,53,33" hai3="95,80,34,125,69,98,49,94,22,35,31,46,128"/><W11/><G95/><T79/><D119/><U50/><E117/><V7/><F131/><W16/><G69/><T122/><D132/><U91/><E5/><V135/><F90/><W10/><G80/><T99/><D0/><U9/><E9/><V116/><F116/><W120/><G10/><T118/><D118/><U105/><E105/><V103/><F135/><W38/><G49/><T70/><D99/><U74/><E114/><V72/><F72/><W76/><G22/><T86/><D75/><U113/><E113/><V112/><F112/><W77/><G98/><T115/><D115/><U58/><E78/><V36/><F36/><W127/><G35/><T61/><D70/><U85/><E74/><V15/><F121/><W104/><G34/><T57/><D68/><U13/><E13/><V108/><F108/><W93/><G125/><T134/><D134/><U71/><E85/><V45/><F103/><W63/><G127/><T59/><D59/><U12/><E12/><V28/><F33/><W107/><G107/><AGARI ba="0,0" hai="7,8,15,26,28,32,40,45,48,53,54,97,100,107" machi="107" ten="30,1000,0" yaku="7,1" doraHai="110" who="2" fromWho="3" sc="286,0,182,0,185,10,347,-10" owari="286,9.0,182,-32.0,195,-20.0,337,43.0" /></mjloggm>