<mjloggm ver="2.3"><GO type="169" lobby="0"/><UN n0="%E3%83%88%E3%83%88%E3%83%AA%E5%85%88%E7%94%9F%31%39%E6%AD%B3" n1="%E3%83%AD%E3%83%B3%E3%82%88%E3%82%8A%E8%A8%BC%E6%8B%A0" n2="%D0%A1%E3%82%AB%E3%83%83%E3%83%97%E5%A4%A7%E9%96%A2" n3="%E3%83%8D%E3%83%BC%E3%83%A0%E3%83%AC%E3%82%B9%EF%BC%97" dan="19,16,16,16" rate="2288.94,2146.21,2100.90,2075.40" sx="F,M,M,M"/><TAIKYOKU oya="0"/><INIT seed="0,0,0,5,4,117" ten="250,250,250,250" oya="0" hai0="50,6,75,8,39,122,115,110,31,35,78,36,13" hai1="88,41,126,15,113,54,30,79,2,94,127,27,69" hai2="51,125,90,81,5,40,0,68,132,26,120,65,112" hai3="70,102,111,29,19,100,22,4,46,131,128,47,104"/><T61/><D115/><U52/><E2/><V57/><F68/><W62/><G111/><T67/><D110/><U108/><E108/><V109/><F109/><W83/><G4/><T89/><D122/><U77/><E69/><V43/><F112/><W37/><G29/><T98/><D50/><U60/><E41/><V14/><F0/><W93/><G104/><T25/><D78/><N who="1" m="29707" /><E15/><V20/><F120/><W85/><G62/><T96/><D75/><U130/><E60/><N who="2" m="38031" /><F132/><W12/><G70/><T116/><D116/><U3/><E3/><V74/><F74/><W63/><G63/><T82/><D82/><U118/><E118/><V135/><F125/><N who="1" m="47625" /><E113/><V45/><F135/><W119/><G119/><T10/><D10/><U76/><E76/><V129/><F14/><W105/><G37/><T87/><D39/><U121/><E121/><V33/><F33/><W86/><G12/><T97/><D36/><U123/><E123/><V91/><F5/><W95/><G22/><T71/><REACH who="0" step="1"/><D87/><REACH who="0" ten="240,250,250,250" step="2"/><N who="1" m="52511" /><E130/><V72/><F129/><W34/><G131/><T55/><D55/><U48/><E48/><V38/><F38/><W23/><G128/><T99/><D99/><U134/><E134/><V92/><F51/><W44/><G85/><T18/><D18/><U66/><E66/><V103/><F72/><W11/><G86/><T101/><D101/><U32/><AGARI ba="0,1" hai="27,30,32,52,54" m="52511,47625,29707" machi="32" ten="30,4000,0" yaku="18,1,54,2" doraHai="117" who="1" fromWho="1" sc="240,-20,250,50,250,-10,250,-10" /><INIT seed="1,0,0,2,3,77" ten="220,300,240,240" oya="1" hai0="3,0,90,127,113,10,24,61,64,38,20,31,45" hai1="53,21,43,29,123,47,32,94,116,70,15,52,126" hai2="11,121,2,89,9,85,118,7,92,36,83,58,59" hai3="117,40,101,54,71,95,114,60,22,68,103,78,135"/><U98/><E70/><V17/><F121/><W131/><G114/><T55/><D113/><U112/><E112/><V63/><F36/><W100/><G135/><T81/><D127/><U91/><E123/><V5/><F118/><W12/><G117/><T104/><D104/><U48/><E116/><V51/><F51/><W67/><G131/><T84/><D10/><U120/><E120/><V88/><F17/><W18/><G40/><T23/><D23/><U110/><E126/><V80/><F89/><W19/><G78/><T14/><D14/><U37/><E110/><V72/><F72/><W130/><G130/><T62/><D62/><U102/><E32/><V129/><F129/><W1/><G1/><T13/><D13/><U93/><E37/><V106/><F106/><W35/><G35/><T73/><D73/><U49/><E49/><V16/><F16/><W50/><G71/><T76/><D76/><U57/><E57/><V107/><F59/><W124/><G124/><T27/><D27/><N who="1" m="16623" /><E15/><V87/><F87/><AGARI ba="0,0" hai="43,47,48,52,53,87,91,93,94,98,102" m="16623" machi="87" ten="30,2900,0" yaku="8,1,54,1" doraHai="77" who="1" fromWho="2" sc="220,0,300,29,240,-29,240,0" /><INIT seed="1,1,0,2,5,18" ten="220,329,211,240" oya="1" hai0="64,35,37,76,84,54,7,108,65,30,56,128,49" hai1="17,111,88,41,9,95,32,94,20,26,118,82,36" hai2="25,123,104,126,45,55,91,115,62,16,70,116,21" hai3="73,66,19,110,33,11,114,119,98,124,38,133,58"/><U125/><E118/><V102/><F123/><W93/><G114/><T63/><D37/><U50/><E36/><V42/><F116/><W48/><G38/><T3/><D108/><U61/><E125/><V80/><F126/><W15/><G124/><T43/><D128/><U117/><E117/><V23/><F115/><W34/><G119/><T72/><D72/><U92/><E32/><V27/><F104/><W13/><G73/><T0/><D43/><U68/><E111/><V101/><F70/><W79/><G110/><T8/><D0/><U86/><E68/><V97/><F42/><W77/><G133/><T60/><D35/><U113/><E113/><V39/><F39/><W122/><G122/><T112/><D112/><U52/><E41/><V106/><F80/><W69/><G69/><T90/><D76/><N who="1" m="46407" /><E9/><V24/><F24/><W129/><G129/><T14/><D30/><U120/><E61/><N who="0" m="23625" /><D3/><U12/><E26/><V57/><F45/><W103/><G34/><T40/><D40/><U28/><E28/><N who="2" m="17455" /><F106/><W46/><G33/><T131/><D131/><U47/><E120/><V85/><F85/><AGARI ba="1,0" hai="12,17,20,47,50,52,85,88,92,94,95" m="46407" machi="85" ten="30,11600,0" yaku="8,1,52,1,54,2" doraHai="18" who="1" fromWho="2" sc="220,0,329,119,211,-119,240,0" /><INIT seed="1,2,0,5,1,49" ten="220,448,92,240" oya="1" hai0="134,18,3,123,110,48,126,9,29,75,50,66,27" hai1="112,35,130,63,82,115,79,5,113,97,120,92,121" hai2="109,99,42,26,54,106,37,101,78,12,59,70,53" hai3="17,89,34,116,107,62,86,64,114,94,122,32,8"/><U124/><E35/><V30/><F70/><W7/><G122/><T95/><D75/><U28/><E28/><V22/><F109/><W0/><G114/><T68/><D123/><U24/><E24/><V38/><F78/><W13/><G107/><T43/><D110/><U21/><E21/><V100/><F100/><W14/><G116/><T96/><D134/><U25/><E25/><V31/><F31/><W88/><G89/><T91/><D126/><U128/><E5/><V15/><F42/><W57/><REACH who="3" step="1"/><G0/><REACH who="3" ten="220,448,92,230" step="2"/><T72/><D91/><N who="1" m="55455" /><E124/><V132/><F132/><W46/><G46/><T16/><D3/><U135/><E135/><V81/><F81/><W125/><G125/><T80/><D80/><U56/><E121/><V76/><F76/><W44/><G44/><T51/><D95/><U102/><E120/><V11/><F15/><W33/><G33/><T104/><D104/><U19/><E102/><V40/><F40/><W67/><G67/><T90/><D66/><U45/><E45/><V10/><F12/><W111/><G111/><T131/><D43/><U77/><E115/><V4/><F106/><W65/><G65/><T39/><D90/><U73/><E113/><V105/><F105/><W20/><AGARI ba="2,1" hai="7,8,13,14,17,20,32,34,57,62,64,86,88,94" machi="20" ten="20,8000,1" yaku="1,1,0,1,7,1,54,1,53,1" doraHai="49" doraHaiUra="87" who="3" fromWho="3" sc="220,-22,448,-42,92,-22,230,96" /><INIT seed="2,0,0,1,1,15" ten="198,406,70,326" oya="2" hai0="26,72,21,44,92,79,35,134,129,16,96,122,62" hai1="71,126,107,5,78,4,11,84,13,89,61,48,1" hai2="124,18,101,38,117,63,31,6,19,103,47,132,55" hai3="120,93,68,29,100,135,7,17,127,2,30,130,46"/><V94/><F117/><W82/><G120/><T91/><D122/><U112/><E112/><V90/><F124/><W37/><G68/><T64/><D129/><U24/><E107/><V28/><F132/><W50/><G37/><T97/><D134/><U52/><E126/><V119/><F119/><W88/><G135/><T95/><D35/><U33/><E78/><V128/><F128/><W51/><G127/><T98/><D72/><U123/><E123/><V41/><F6/><W53/><G130/><T105/><D79/><U133/><E133/><V23/><F101/><W42/><G100/><T115/><D115/><U109/><E109/><V104/><F104/><W67/><G67/><T110/><D105/><U25/><E33/><V43/><F103/><W20/><G82/><T131/><D131/><U9/><E61/><V3/><F3/><W45/><G7/><T114/><D114/><U87/><E87/><V27/><F41/><W36/><G36/><T80/><D110/><U118/><E71/><V54/><F31/><W58/><G58/><N who="0" m="36951" /><D44/><U65/><E65/><V74/><F74/><W34/><G2/><T10/><D10/><U0/><E13/><V108/><F108/><W81/><G81/><T70/><D70/><U86/><E118/><V73/><F73/><W22/><G34/><T40/><D40/><U111/><E111/><V75/><F75/><W57/><G57/><T113/><D113/><U85/><E89/><V76/><F76/><W106/><G106/><T59/><D59/><AGARI ba="0,0" hai="0,1,4,5,9,11,24,25,48,52,59,84,85,86" machi="59" ten="40,2600,0" yaku="9,1,54,1" doraHai="15" who="1" fromWho="0" sc="198,-26,406,26,70,0,326,0" /><INIT seed="3,0,0,4,3,18" ten="172,432,70,326" oya="3" hai0="70,91,2,37,98,122,115,110,87,78,41,80,48" hai1="32,51,31,45,127,64,30,92,14,85,12,126,117" hai2="125,72,69,82,49,58,73,120,119,8,83,10,109" hai3="131,71,0,50,65,103,134,34,44,94,101,23,66"/><W104/><G34/><T57/><D122/><U21/><E32/><V99/><F69/><W79/><G0/><T89/><D70/><U111/><E111/><V130/><F119/><W29/><G104/><T19/><D2/><U6/><E64/><V67/><F67/><W52/><G134/><T75/><D110/><U40/><E117/><V133/><F109/><W43/><G131/><T86/><D115/><U97/><E85/><V9/><F99/><W28/><G79/><T24/><D37/><U118/><E118/><V42/><F125/><W114/><G114/><T25/><D98/><U121/><E121/><V5/><F5/><W116/><G116/><T132/><D132/><U53/><E40/><V68/><F68/><W74/><G74/><T13/><D75/><U124/><E6/><V17/><F133/><W129/><G129/><T22/><D78/><U35/><E35/><V63/><F120/><W77/><G77/><T128/><D128/><U123/><E123/><V81/><F130/><W61/><G66/><T135/><D135/><U60/><E60/><V7/><F7/><W76/><G76/><T93/><D41/><U113/><E113/><V36/><F36/><W15/><G43/><T96/><D96/><U56/><E45/><N who="2" m="25783" /><F73/><W105/><G105/><T33/><D33/><U20/><E31/><N who="3" m="11850" /><G94/><T106/><D106/><U95/><E30/><V108/><F108/><W107/><G107/><T39/><D39/><U16/><E97/><V11/><F72/><W27/><G27/><T102/><D102/><U55/><E55/><AGARI ba="0,0" hai="13,19,22,24,25,48,55,57,80,86,87,89,91,93" machi="55" ten="40,8000,1" yaku="25,2,8,1,52,1" doraHai="18" who="0" fromWho="1" sc="172,80,432,-80,70,0,326,0" /><INIT seed="4,0,0,2,3,114" ten="252,352,70,326" oya="0" hai0="60,116,82,41,40,103,91,76,18,133,115,53,13" hai1="50,52,65,49,110,29,66,109,102,126,61,117,99" hai2="97,106,83,85,125,69,77,0,73,59,46,98,2" hai3="96,100,78,58,84,108,89,63,6,11,42,12,111"/><T74/><D116/><U71/><E126/><V80/><F69/><W22/><G78/><T122/><D122/><U33/><E66/><V37/><F125/><W55/><G42/><T45/><D115/><U20/><E20/><V8/><F59/><W48/><G63/><T118/><D118/><U119/><E50/><V14/><F106/><W112/><G112/><T32/><D32/><U35/><E35/><V79/><F2/><W38/><G38/><T15/><D133/><U64/><E64/><V95/><F95/><W113/><G113/><T131/><D131/><U88/><E88/><V23/><F23/><W36/><G36/><T62/><D15/><U67/><E67/><V127/><F127/><W121/><G121/><T104/><D91/><U123/><E123/><V34/><F34/><W16/><G96/><T43/><D103/><U26/><E110/><V9/><F9/><W134/><G100/><T10/><REACH who="0" step="1"/><D104/><REACH who="0" ten="242,352,70,326" step="2"/><N who="1" m="63583" /><E109/><V68/><F14/><N who="3" m="9495" /><G134/><T56/><D56/><AGARI ba="0,1" hai="26,29,33,49,52,56,61,65,71,117,119" m="63583" machi="56" ten="30,7700,0" yaku="25,1,52,2,54,1" doraHai="114" who="1" fromWho="0" sc="242,-77,352,87,70,0,326,0" /><INIT seed="5,0,0,2,4,43" ten="165,439,70,326" oya="1" hai0="26,131,69,37,39,29,2,122,10,117,20,135,113" hai1="87,67,102,76,56,112,63,105,25,31,0,96,7" hai2="123,9,81,80,46,51,4,74,114,75,5,33,84" hai3="82,101,34,3,115,12,107,49,55,52,22,128,134"/><U90/><E112/><V41/><F123/><W79/><G34/><T103/><D117/><U111/><E111/><V72/><F33/><W62/><G3/><T129/><D113/><U59/><E76/><V109/><F109/><W38/><G115/><T120/><D69/><U98/><E98/><V92/><F114/><W61/><G38/><T85/><D103/><U18/><E18/><V16/><F92/><W32/><G32/><T124/><D85/><U47/><E7/><V71/><F71/><W30/><G134/><T83/><D83/><U93/><E0/><V121/><F81/><W116/><G116/><T86/><D86/><U21/><E47/><V48/><F48/><W54/><G128/><N who="0" m="49227" /><D135/><U14/><E14/><V95/><F95/><W94/><G107/><T36/><D124/><U45/><E45/><V60/><F60/><W6/><G49/><T68/><D68/><AGARI ba="0,0" hai="21,25,31,56,59,63,67,68,87,90,93,96,102,105" machi="68" ten="30,1500,0" yaku="7,1" doraHai="43" who="1" fromWho="0" sc="165,-15,439,15,70,0,326,0" /><INIT seed="5,1,0,1,1,60" ten="150,454,70,326" oya="1" hai0="74,43,80,42,16,84,89,109,11,73,107,44,112" hai1="108,135,115,23,130,122,131,46,90,88,27,20,125" hai2="10,32,72,101,78,21,54,133,132,28,38,53,34" hai3="70,3,117,97,37,4,35,65,19,17,40,121,113"/><U94/><E122/><V76/><F38/><W85/><G121/><T33/><D109/><U45/><E108/><V62/><F101/><W92/><G35/><N who="2" m="13353" /><F62/><W82/><G113/><T105/><D112/><U55/><E115/><V26/><F72/><W81/><G117/><T57/><D33/><U114/><E114/><V7/><F54/><W9/><G40/><T5/><D74/><U126/><E55/><V96/><F96/><W56/><G37/><T39/><D43/><U83/><E83/><V110/><F53/><W64/><G70/><T119/><D119/><U111/><E111/><V25/><F110/><W104/><G104/><T102/><D73/><U118/><E118/><V66/><F66/><W91/><G81/><T87/><D102/><U68/><E68/><V69/><F69/><W127/><G127/><N who="1" m="48650" /><E135/><N who="2" m="51787" /><F25/><W124/><G124/><T58/><D87/><N who="1" m="52511" /><E90/><V36/><F76/><W12/><G56/><T129/><D58/><U15/><E46/><V51/><F78/><N who="3" m="46295" /><G3/><T100/><D57/><U123/><E45/><V18/><F51/><W134/><G134/><T49/><D39/><U47/><E47/><V41/><F36/><W99/><G99/><T67/><D100/><U31/><E123/><V86/><F41/><W120/><G120/><T2/><D42/><U0/><E0/><N who="2" m="359" /><F86/><W6/><G6/><T29/><D44/><U1/><E1/><V48/><F48/><W30/><G30/><AGARI ba="1,0" hai="18,21,26,28,30" m="359,51787,13353" machi="30" ten="30,3900,0" yaku="20,1,34,2" doraHai="60" who="2" fromWho="3" sc="150,0,454,0,70,42,326,-42" /><INIT seed="6,0,0,1,4,13" ten="150,454,112,284" oya="2" hai0="25,110,63,64,71,112,31,28,70,93,9,88,47" hai1="5,38,11,115,106,48,126,130,46,129,1,32,75" hai2="87,23,118,96,84,56,114,98,108,67,73,54,95" hai3="74,6,105,8,124,20,128,132,127,57,135,111,16"/><V59/><F73/><W15/><G74/><T35/><D110/><U34/><E115/><V101/><F114/><W39/><G39/><T76/><D112/><U133/><E106/><V43/><F108/><W99/><G111/><T69/><D76/><U60/><E75/><V50/><F43/><W0/><G57/><T14/><D47/><U72/><E72/><V97/><F118/><W42/><G42/><T27/><D14/><U4/><E38/><V36/><F36/><W29/><G99/><T119/><D9/><U86/><E60/><N who="2" m="38303" /><F87/><W131/><G29/><T19/><D19/><U85/><E85/><V100/><F23/><W89/><G89/><AGARI ba="0,0" hai="50,54,56,84,89,95,96,97,98,100,101" m="38303" machi="89" ten="30,1500,0" yaku="8,1" doraHai="13" who="2" fromWho="3" sc="150,0,454,0,112,15,284,-15" /><INIT seed="6,1,0,5,4,64" ten="150,454,127,269" oya="2" hai0="95,3,52,55,31,5,85,36,76,124,87,68,81" hai1="97,129,84,132,63,18,130,59,54,89,123,41,57" hai2="32,93,13,125,56,7,34,0,67,26,72,77,101" hai3="70,104,133,27,47,108,112,134,29,21,46,88,109"/><V79/><F125/><W39/><G104/><T62/><D36/><U2/><E2/><V131/><F0/><W100/><G100/><T53/><D124/><U75/><E75/><V49/><F131/><W98/><G70/><T103/><D31/><U44/><E132/><N who="3" m="50794" /><G112/><T45/><D3/><U117/><E117/><V20/><F34/><W23/><G23/><T38/><D5/><U6/><E6/><V90/><F32/><W14/><G14/><T51/><D38/><U30/><E30/><V111/><F111/><N who="3" m="42571" /><G39/><T106/><D106/><U135/><E18/><N who="2" m="12567" /><F101/><W37/><G37/><T113/><D113/><U28/><E28/><V122/><F122/><W86/><G98/><N who="0" m="59871" /><D68/><U22/><E123/><V120/><F120/><W33/><G33/><T1/><D62/><U82/><E130/><V74/><F74/><W114/><G114/><T102/><D102/><U58/><E129/><V17/><F72/><W43/><G43/><T94/><D1/><U127/><E135/><V80/><F49/><W96/><G96/><T121/><D121/><U66/><E127/><V60/><F7/><W48/><G48/><T91/><AGARI ba="1,0" hai="45,51,52,53,55,76,81,85,87,91,94" m="59871" machi="91" ten="30,2000,0" yaku="8,1,54,1" doraHai="64" who="0" fromWho="0" sc="150,23,454,-6,127,-11,269,-6" /><INIT seed="7,0,0,5,1,107" ten="173,448,116,263" oya="3" hai0="18,110,74,15,7,87,78,96,84,23,28,82,126" hai1="66,132,55,16,9,63,93,65,119,79,118,105,71" hai2="57,130,59,3,89,60,46,50,39,75,95,38,133" hai3="11,131,102,68,47,19,117,6,1,14,54,70,64"/><W21/><G117/><T111/><D126/><U92/><E105/><V35/><F35/><W72/><G131/><T34/><D84/><U42/><E132/><V25/><F3/><W97/><G64/><T135/><D135/><U22/><E9/><V48/><F133/><W24/><G72/><T36/><D36/><U109/><E109/><V128/><F25/><W17/><G54/><T33/><D33/><U115/><E115/><V129/><F75/><W5/><G47/><T108/><D96/><U94/><E66/><V12/><F12/><W27/><G27/><T121/><D121/><U52/><E79/><V106/><F106/><W58/><G58/><T104/><D104/><U69/><E42/><V103/><F103/><W49/><G49/><T88/><D7/><U56/><E71/><V125/><F125/><W86/><G86/><T40/><D40/><U41/><E41/><V0/><F0/><W113/><G6/><T45/><D45/><U67/><E67/><V61/><F95/><W122/><G122/><T99/><D99/><U51/><E55/><V114/><F89/><W127/><G127/><T100/><D100/><U116/><E94/><V124/><F124/><W31/><G113/><T10/><D34/><U73/><E73/><V44/><F130/><W81/><G81/><N who="0" m="49263" /><D111/><U90/><E90/><V53/><F53/><W30/><G97/><T101/><D101/><U62/><E51/><V112/><AGARI ba="0,0" hai="38,39,44,46,48,50,57,59,60,61,112,114,128,129" machi="112" ten="25,12000,2" yaku="0,1,22,2,34,3" doraHai="107" who="2" fromWho="2" sc="173,-30,448,-30,116,120,263,-60" owari="143,-36.0,418,52.0,236,4.0,203,-20.0" /></mjloggm>