<mjloggm ver="2.3"><GO type="169" lobby="0"/><UN n0="%50%6F%74%6F%73%68%69" n1="%73%69%72%75%6E%65%6B%6F" n2="%E3%82%A6%E3%83%AB%E3%83%88%E3%83%A9%E7%AB%8B%E7%9B%B4" n3="%E2%99%AA%E3%82%A6%E3%82%B5%E3%82%AE%E2%99%AA" dan="16,17,18,16" rate="2054.10,2143.25,2201.75,2103.55" sx="F,M,M,F"/><TAIKYOKU oya="0"/><INIT seed="0,0,0,5,4,76" ten="250,250,250,250" oya="0" hai0="74,94,69,66,104,41,86,133,115,57,33,122,56" hai1="70,61,19,31,117,119,51,1,46,99,63,11,124" hai2="48,15,49,18,64,135,82,22,27,39,8,3,83" hai3="109,29,81,105,78,98,90,55,75,42,2,14,80"/><T112/><D104/><U110/><E110/><V79/><F39/><W38/><G109/><T87/><D74/><U60/><E124/><V111/><F111/><W10/><G29/><T65/><D122/><U36/><E36/><V134/><F64/><W23/><G23/><T118/><D33/><U125/><E125/><V116/><F3/><W26/><G26/><T16/><D118/><U114/><E70/><V103/><F103/><W59/><G2/><T40/><D69/><U43/><E31/><V68/><F68/><W126/><G126/><T73/><D73/><U44/><E44/><V67/><F67/><W53/><G53/><T6/><D6/><U35/><E35/><V58/><F79/><W25/><G25/><T100/><D100/><U24/><E114/><V30/><F116/><W52/><G55/><T4/><D4/><U20/><E99/><V85/><F85/><W12/><G12/><T108/><D108/><U54/><E43/><V0/><F0/><W127/><G127/><T77/><D77/><U62/><N who="1" m="15360" /><DORA hai="88" /><U72/><REACH who="1" step="1"/><E72/><REACH who="1" ten="250,240,250,250" step="2"/><V92/><F49/><N who="3" m="31119" /><G42/><T5/><D40/><U96/><E96/><V97/><F48/><W84/><G38/><T32/><D41/><U95/><E95/><V13/><F92/><W129/><G98/><T106/><D112/><U47/><E47/><V37/><F97/><W17/><G105/><T91/><D106/><U34/><E34/><V89/><F37/><W102/><G102/><T101/><D32/><U93/><E93/><V128/><F30/><W120/><G120/><T7/><D115/><U50/><E50/><RYUUKYOKU ba="0,1" sc="250,-15,240,15,250,-15,250,15" hai1="1,11,19,20,24,46,51,54,117,119" hai3="10,14,17,75,78,80,81,84,90,129" /><INIT seed="1,1,1,3,0,16" ten="235,255,235,265" oya="1" hai0="80,66,71,28,52,61,67,14,107,134,62,123,133" hai1="64,127,68,83,124,24,119,106,85,79,55,65,12" hai2="82,76,59,48,100,51,135,126,57,70,53,117,102" hai3="15,121,2,36,115,98,69,122,42,49,109,101,120"/><U129/><E119/><V128/><F70/><W3/><G115/><T60/><D107/><U93/><E106/><V88/><F117/><W22/><G69/><N who="0" m="42183" /><D80/><U6/><E129/><V37/><F37/><W96/><G109/><T1/><D1/><U91/><E55/><V87/><F128/><W27/><G15/><T130/><D28/><U58/><E68/><V20/><F126/><N who="1" m="48169" /><E58/><V5/><F5/><W33/><G33/><T29/><D29/><U86/><E24/><V25/><F135/><N who="0" m="51722" /><D14/><U35/><E35/><V74/><F59/><W47/><G98/><T73/><D73/><U99/><E99/><V4/><F4/><W18/><REACH who="3" step="1"/><G36/><REACH who="3" ten="235,255,235,255" step="2"/><T39/><D130/><U41/><E41/><V94/><REACH who="2" step="1"/><F48/><REACH who="2" ten="235,255,225,255" step="2"/><W131/><G131/><T118/><D39/><U8/><AGARI ba="1,3" hai="6,8,12,64,65,79,83,85,86,91,93" m="48169" machi="8" ten="30,1500,0" yaku="18,1" doraHai="16" who="1" fromWho="1" sc="235,-6,255,48,225,-6,255,-6" /><INIT seed="1,2,0,5,2,117" ten="229,303,219,249" oya="1" hai0="70,44,134,113,76,115,87,126,83,8,11,22,106" hai1="58,18,46,31,96,101,108,12,16,3,19,80,2" hai2="5,85,1,36,124,10,125,4,75,92,66,13,55" hai3="91,54,64,34,28,95,9,17,116,81,47,71,109"/><U50/><E31/><V26/><F75/><W118/><G81/><T57/><D70/><U82/><E108/><V15/><F66/><W29/><G34/><T103/><D126/><U33/><E33/><V127/><F36/><W7/><G109/><T114/><D134/><U74/><E2/><V35/><F55/><W48/><G17/><N who="1" m="6762" /><E3/><V61/><F61/><W14/><G64/><T27/><D44/><U73/><E73/><V86/><F92/><W45/><G71/><T110/><D110/><U53/><E74/><V77/><F77/><W32/><G32/><T43/><D43/><N who="1" m="24927" /><E96/><V131/><F131/><W128/><G47/><T130/><D130/><U93/><E93/><V94/><F94/><W68/><G68/><T60/><D106/><U67/><E101/><V111/><F111/><W20/><G128/><T84/><D103/><U6/><E6/><N who="2" m="1359" /><F85/><W72/><G20/><T49/><D87/><U78/><E78/><V42/><F86/><W21/><G21/><T100/><D100/><U135/><E67/><V40/><F42/><W25/><G25/><T107/><D107/><U89/><E89/><V63/><F40/><W37/><G72/><T65/><D8/><N who="1" m="6535" /><E135/><V69/><F4/><W102/><G102/><T38/><D11/><U112/><E112/><V88/><F5/><W41/><G37/><T90/><D38/><U79/><E79/><V119/><F119/><N who="3" m="45611" /><G41/><T62/><D76/><U39/><E39/><V122/><F124/><W0/><G0/><T105/><D105/><U98/><E98/><AGARI ba="2,0" hai="7,9,14,28,29,45,48,54,91,95,98" m="45611" machi="98" ten="30,1000,0" yaku="12,1" doraHai="117" who="3" fromWho="1" sc="229,0,303,-16,219,0,249,16" /><INIT seed="2,0,0,3,3,110" ten="229,287,219,265" oya="2" hai0="133,51,55,48,29,121,135,112,49,3,50,130,71" hai1="116,56,5,75,76,63,52,16,108,73,106,70,32" hai2="132,80,83,41,111,125,2,40,122,115,62,58,47" hai3="23,34,14,87,102,91,61,66,28,8,120,46,67"/><V100/><F122/><W15/><G34/><T18/><D3/><U26/><E116/><V27/><F2/><W4/><G120/><T131/><D29/><U9/><E106/><V94/><F115/><W128/><G128/><N who="0" m="49195" /><D18/><U24/><E108/><V25/><F111/><W43/><G102/><T117/><D121/><U64/><E76/><V89/><F125/><W35/><G35/><T60/><D117/><U57/><E70/><V30/><F132/><N who="0" m="50762" /><D112/><U37/><E37/><V90/><F100/><W1/><G66/><N who="0" m="41415" /><D48/><U79/><E5/><V92/><F30/><W22/><G28/><T78/><D78/><U99/><E79/><V33/><F33/><W31/><G31/><T36/><D36/><U53/><E32/><V85/><F25/><W86/><G1/><T0/><D0/><U12/><E26/><V74/><F27/><W105/><G105/><T104/><D104/><U118/><E24/><V45/><F74/><W129/><G129/><T126/><D126/><U39/><E39/><V81/><F90/><W54/><G14/><T107/><D107/><U88/><E118/><V98/><F94/><W95/><G87/><T97/><D97/><U114/><E114/><V11/><F98/><W65/><G22/><T119/><D119/><U72/><E99/><V123/><F11/><W103/><G23/><T42/><D42/><N who="2" m="16490" /><F123/><W77/><G103/><T7/><D7/><U6/><E88/><V44/><F92/><W13/><G77/><T101/><D101/><U20/><E6/><V10/><F10/><W19/><G8/><T84/><D84/><U82/><E9/><RYUUKYOKU ba="0,0" sc="229,15,287,-15,219,15,265,-15" hai0="49,50,51,55" hai2="44,45,47,58,62,80,81,83,85,89" /><INIT seed="2,1,0,0,2,106" ten="244,272,234,250" oya="2" hai0="119,38,56,7,122,16,117,37,53,98,132,19,76" hai1="124,111,79,42,49,14,90,84,52,121,95,48,22" hai2="59,2,1,51,39,50,96,94,70,135,45,24,30" hai3="89,5,114,81,88,15,91,44,61,65,46,58,33"/><V35/><F70/><W4/><G114/><T123/><D7/><U28/><E111/><V78/><F135/><W85/><G33/><T109/><D98/><U63/><E124/><V127/><F127/><W112/><G112/><T11/><D132/><U131/><E131/><V92/><F78/><W41/><G46/><T55/><D76/><U21/><E121/><V69/><F69/><W6/><REACH who="3" step="1"/><G15/><REACH who="3" ten="244,272,234,240" step="2"/><T129/><D129/><U9/><E21/><V0/><F45/><W101/><G101/><T120/><D120/><U115/><E115/><V102/><F39/><AGARI ba="1,1" hai="4,5,6,39,41,44,58,61,65,81,85,88,89,91" machi="39" ten="40,5200,0" yaku="1,1,54,1,53,1" doraHai="106" doraHaiUra="43" who="3" fromWho="2" sc="244,0,272,0,234,-55,240,65" /><INIT seed="3,0,0,3,0,56" ten="244,272,179,305" oya="3" hai0="116,19,102,99,7,29,131,34,88,3,119,36,37" hai1="128,15,68,125,85,31,101,74,87,12,44,14,115" hai2="109,5,18,58,30,43,114,48,123,79,50,93,53" hai3="90,22,33,45,77,121,86,104,61,54,38,57,65"/><W110/><G121/><T91/><D131/><U16/><E74/><V17/><F114/><W127/><G127/><T0/><D34/><U2/><E2/><V27/><F109/><W62/><G104/><T94/><D29/><U69/><E115/><V103/><F123/><W81/><G33/><T11/><D0/><U83/><E31/><V108/><F108/><W64/><G110/><T111/><D111/><U112/><E112/><V82/><F5/><W89/><G22/><T6/><D6/><U60/><E101/><V71/><F71/><W47/><G38/><T135/><D19/><U41/><E68/><V10/><F10/><W32/><G32/><T49/><D49/><U133/><E87/><V75/><F93/><W70/><G54/><T40/><D135/><U73/><E73/><V126/><F103/><W118/><G118/><T122/><D122/><U13/><E13/><V26/><F126/><W124/><G124/><T55/><D55/><U46/><E133/><V9/><F9/><W25/><G25/><T67/><D67/><N who="1" m="41191" /><E41/><V35/><REACH who="2" step="1"/><F26/><REACH who="2" ten="244,272,169,305" step="2"/><W80/><REACH who="3" step="1"/><G90/><REACH who="3" ten="244,272,169,295" step="2"/><T106/><D91/><U100/><E125/><V130/><F130/><W52/><G52/><T107/><D107/><U24/><E128/><V1/><F1/><W92/><G92/><T132/><D132/><U28/><E100/><V76/><F76/><W134/><G134/><T98/><D116/><U63/><E24/><V42/><F42/><W4/><G4/><T84/><D119/><U96/><E83/><V66/><F66/><W39/><G39/><N who="0" m="14923" /><D40/><U113/><E113/><V129/><F129/><RYUUKYOKU ba="0,2" sc="244,10,272,-30,169,10,295,10" hai0="3,7,11,84,88,94,98,99,102,106" hai2="17,18,27,30,35,43,48,50,53,58,75,79,82" hai3="45,47,57,61,62,64,65,70,77,80,81,86,89" /><INIT seed="3,1,2,5,3,132" ten="254,242,179,305" oya="3" hai0="65,69,46,79,91,72,45,82,52,130,120,53,67" hai1="55,100,0,16,125,80,64,117,14,26,115,124,54" hai2="49,112,123,99,62,106,40,24,7,96,121,104,5" hai3="75,43,2,25,66,58,131,77,133,27,93,35,105"/><W122/><G122/><N who="2" m="46601" /><F62/><W6/><G105/><N who="2" m="40553" /><F24/><W34/><G131/><T74/><D120/><U47/><E115/><V127/><F112/><W29/><G133/><T22/><D130/><U129/><E129/><V15/><F15/><W95/><G43/><T81/><D22/><U21/><E0/><V111/><F111/><W30/><G2/><T134/><D134/><U48/><E117/><V86/><F86/><W85/><G75/><T128/><D128/><U87/><E100/><V119/><F119/><W33/><G6/><N who="2" m="2057" /><F127/><N who="1" m="48713" /><E64/><V37/><F37/><W8/><G8/><T63/><D65/><U97/><E97/><N who="2" m="37451" /><F49/><W68/><G68/><T42/><D45/><U71/><E71/><V1/><F1/><W60/><G34/><T31/><D31/><U12/><E55/><V3/><F3/><W135/><G135/><T107/><D107/><U41/><E54/><V20/><F20/><W78/><G85/><T59/><D69/><U76/><AGARI ba="1,2" hai="12,14,16,21,26,41,47,48,76,80,87" m="48713" machi="76" ten="30,8000,1" yaku="18,1,52,3,54,1" doraHai="132" who="1" fromWho="1" sc="254,-21,242,103,179,-21,305,-41" /><INIT seed="4,0,0,2,1,132" ten="233,345,158,264" oya="0" hai0="92,6,43,21,121,87,109,50,5,83,127,118,108" hai1="23,63,102,65,53,20,64,93,91,15,78,96,111" hai2="130,90,10,59,117,116,103,36,49,12,57,131,44" hai3="88,89,52,79,48,94,115,13,56,104,69,28,7"/><T73/><D121/><U95/><E111/><N who="0" m="42569" /><D73/><U98/><E78/><V51/><F103/><W55/><G104/><T17/><D118/><N who="2" m="45674" /><F90/><W32/><G69/><T66/><D66/><N who="1" m="25707" /><E15/><V114/><F12/><W112/><G79/><N who="0" m="46591" /><D92/><U35/><E35/><V99/><F10/><W126/><G7/><T54/><D43/><U8/><E8/><V77/><F77/><W120/><G120/><T75/><D75/><U31/><E31/><V1/><F1/><W85/><G28/><T9/><D9/><U18/><E18/><V106/><F99/><W39/><G32/><T45/><D127/><U86/><E86/><V42/><F106/><W81/><G126/><T135/><D135/><U58/><AGARI ba="0,0" hai="20,23,53,58,63,91,93,95,96,98,102" m="25707" machi="58" ten="30,1100,0" yaku="8,1" doraHai="132" who="1" fromWho="1" sc="233,-5,345,11,158,-3,264,-3" /><INIT seed="5,0,0,2,4,133" ten="228,356,155,261" oya="1" hai0="93,64,23,37,25,5,30,78,129,70,7,32,91" hai1="35,16,114,53,124,38,90,42,8,75,80,110,94" hai2="100,85,130,120,13,131,89,56,57,36,41,87,61" hai3="132,60,108,11,33,39,65,98,26,51,71,4,125"/><U14/><E35/><V31/><F120/><W44/><G132/><T112/><D37/><U69/><E69/><V47/><F100/><W6/><G108/><T17/><D112/><U29/><E29/><V1/><F1/><W58/><G98/><T115/><D115/><U99/><E114/><V49/><F31/><W118/><G118/><T121/><D121/><U128/><E128/><V105/><F105/><W92/><G92/><T22/><D129/><U45/><E110/><V106/><F106/><W102/><G102/><T12/><D78/><U68/><E68/><V113/><F113/><W10/><G26/><T9/><D70/><U63/><E75/><V97/><F97/><W0/><G33/><T3/><D64/><U52/><E124/><V74/><F74/><W134/><G134/><T15/><D93/><U107/><E107/><V77/><F77/><W83/><G83/><T88/><D5/><U96/><E80/><V54/><F13/><W84/><G84/><T79/><D79/><U123/><E123/><V48/><F87/><W59/><G125/><T40/><D40/><U55/><REACH who="1" step="1"/><E96/><REACH who="1" ten="228,346,155,261" step="2"/><V86/><F86/><W119/><G71/><T66/><D66/><U43/><E43/><V28/><F28/><W126/><G65/><T127/><D127/><U111/><E111/><V117/><F117/><W73/><G126/><T122/><D122/><U24/><E24/><V50/><REACH who="2" step="1"/><F57/><AGARI ba="0,1" hai="8,14,16,38,42,45,52,53,55,57,63,90,94,99" machi="57" ten="40,7700,0" yaku="1,1,54,2,53,0" doraHai="133" doraHaiUra="101" who="1" fromWho="2" sc="228,0,346,87,155,-77,261,0" /><INIT seed="5,1,0,5,0,109" ten="228,433,78,261" oya="1" hai0="20,122,6,66,106,44,124,37,91,67,55,53,33" hai1="62,131,1,9,74,94,90,63,95,27,135,61,112" hai2="100,43,41,111,99,7,92,86,133,47,97,31,98" hai3="118,132,126,81,13,76,69,2,59,3,19,22,127"/><U75/><E135/><V39/><F111/><W110/><G69/><T115/><D33/><U72/><E131/><V70/><F70/><W23/><G110/><T29/><D106/><U101/><E27/><V120/><F120/><W8/><G59/><T87/><D122/><U85/><E101/><V16/><F133/><W80/><G132/><T11/><D124/><N who="3" m="47657" /><G80/><T123/><D123/><U42/><E42/><V114/><F7/><N who="3" m="3231" /><G81/><T134/><D134/><U79/><E79/><V32/><F31/><W12/><G76/><T83/><D66/><U18/><E95/><V103/><F32/><W121/><G121/><T38/><D67/><U77/><E77/><V57/><F57/><W45/><G45/><T113/><D44/><U119/><E75/><V89/><F41/><W46/><G46/><T30/><D53/><U21/><E63/><V34/><F34/><W73/><G73/><T10/><D55/><U78/><E61/><V25/><REACH who="2" step="1"/><F114/><REACH who="2" ten="228,433,68,261" step="2"/><N who="0" m="43530" /><D29/><U129/><E112/><V54/><F54/><W64/><G64/><T117/><D117/><U14/><E119/><V52/><F52/><W15/><G118/><T56/><D56/><U65/><E65/><V82/><F82/><W71/><G71/><T4/><D38/><U48/><E62/><V0/><F0/><W26/><G12/><T116/><D37/><U49/><E74/><V128/><F128/><W60/><G60/><T130/><D130/><U36/><E129/><V35/><F35/><W125/><G125/><T96/><D116/><U102/><E36/><V105/><F105/><W28/><AGARI ba="1,1" hai="2,3,15,19,22,23,26,28" m="3231,47657" machi="28" ten="30,4000,0" yaku="18,1,34,2" doraHai="109" who="3" fromWho="3" sc="228,-11,433,-21,68,-11,261,53" /><INIT seed="6,0,0,5,3,95" ten="217,412,57,314" oya="2" hai0="19,63,48,83,13,103,128,123,98,15,1,56,69" hai1="70,26,35,110,24,8,107,80,77,78,76,74,34" hai2="65,126,36,72,66,134,121,39,57,106,3,51,120" hai3="116,4,100,31,32,68,91,62,89,105,25,85,6"/><V47/><F72/><W59/><G116/><T67/><D123/><N who="2" m="47178" /><F106/><W33/><G33/><T53/><D128/><U29/><E107/><V79/><F79/><W9/><G85/><T87/><D1/><U60/><E110/><V82/><F82/><W133/><G133/><T43/><D43/><U11/><E77/><V61/><F3/><W54/><G68/><T2/><D2/><U111/><E111/><V20/><F20/><W132/><G132/><T64/><D64/><N who="2" m="24682" /><F134/><W27/><G27/><T92/><D19/><U7/><E78/><AGARI ba="0,0" hai="13,15,48,53,56,63,67,69,78,83,87,92,98,103" machi="78" ten="30,2000,0" yaku="7,1,52,1" doraHai="95" who="0" fromWho="1" sc="217,20,412,-20,57,0,314,0" /><INIT seed="7,0,0,3,0,100" ten="237,392,57,314" oya="3" hai0="134,71,111,50,97,112,22,29,75,127,43,70,26" hai1="18,64,23,28,74,110,117,41,102,42,25,16,105" hai2="129,45,65,118,116,123,107,99,57,61,121,6,19" hai3="60,12,131,21,31,124,89,2,10,51,76,38,20"/><W7/><G38/><T86/><D75/><U94/><E74/><V62/><F19/><N who="1" m="7209" /><E105/><V98/><F6/><W56/><G131/><T83/><D111/><U80/><E110/><V11/><F11/><W15/><G124/><T54/><D127/><U128/><E128/><V115/><F129/><W8/><G76/><T72/><D134/><U119/><E80/><V5/><F5/><N who="3" m="3151" /><G2/><T40/><D112/><U66/><E102/><V82/><F82/><W132/><G132/><T36/><D72/><U87/><E87/><V81/><F81/><W47/><G89/><T13/><D36/><U52/><E52/><V125/><F125/><W93/><G93/><T133/><D133/><U79/><E79/><V17/><F17/><W103/><G103/><T39/><D39/><U104/><E104/><V109/><F109/><W91/><G91/><T106/><D71/><U49/><E94/><V30/><F30/><W46/><G31/><T78/><D70/><U101/><E101/><V73/><F73/><W63/><G63/><T53/><D13/><U33/><E33/><V84/><F84/><W37/><G37/><T55/><D106/><U95/><E95/><V3/><F45/><N who="3" m="16907" /><G51/><T90/><D50/><U34/><E34/><V113/><F107/><W135/><G135/><T1/><D1/><U130/><E130/><V9/><F3/><W126/><G126/><T48/><D48/><U24/><E49/><V59/><F9/><W77/><G77/><T58/><D58/><U0/><E0/><V44/><F44/><W108/><G108/><T92/><AGARI ba="0,0" hai="22,26,29,40,43,53,54,55,78,83,86,90,92,97" machi="92" ten="30,2000,0" yaku="0,1,8,1" doraHai="100" who="0" fromWho="0" sc="237,20,392,-5,57,-5,314,-10" owari="257,-14.0,387,49.0,52,-45.0,304,10.0" /></mjloggm>