<mjloggm ver="2.3"><GO type="225" lobby="0"/><UN n0="%48%65%61%72%E2%80%A0%73%31%38" n1="%E3%82%A6%E3%83%AB%E3%83%88%E3%83%A9%E7%AB%8B%E7%9B%B4" n2="%E3%81%A9%E3%82%93%E3%82%88%E3%81%8F%4D%6B%2E%32" n3="%E3%83%8B%E3%83%BC%E3%83%88%E7%A4%BE%E9%95%B7" dan="16,17,16,16" rate="2114.43,2166.96,2182.03,2112.77" sx="F,M,M,M"/><TAIKYOKU oya="0"/><INIT seed="0,0,0,2,5,95" ten="250,250,250,250" oya="0" hai0="101,14,71,15,18,119,130,86,127,41,114,104,39" hai1="52,113,134,122,91,13,33,45,69,0,47,25,5" hai2="99,54,128,103,129,77,133,73,108,105,8,98,118" hai3="117,31,30,100,79,102,87,32,42,26,40,115,34"/><T120/><D114/><U81/><E69/><V96/><F108/><W83/><G115/><T57/><D120/><U17/><E122/><V78/><F118/><W48/><G117/><T135/><D71/><U76/><E113/><V121/><F121/><W123/><G123/><T16/><D119/><U50/><E134/><V124/><F133/><W22/><G22/><T12/><D135/><U70/><E70/><V21/><F124/><W92/><G48/><T55/><D86/><U56/><E91/><V82/><F78/><W64/><G64/><T94/><D94/><U24/><E0/><V89/><F21/><W58/><G58/><T35/><D35/><U11/><E33/><V68/><F68/><W10/><G10/><T111/><D111/><U88/><E88/><V62/><F89/><W85/><G85/><T53/><D127/><U44/><REACH who="1" step="1"/><E5/><REACH who="1" ten="250,240,250,250" step="2"/><V4/><F128/><W132/><G132/><T37/><D130/><U38/><E38/><V36/><F36/><W131/><G131/><T3/><D3/><U110/><E110/><V19/><F129/><W60/><G102/><T29/><D39/><U126/><E126/><V109/><F109/><W106/><G100/><T84/><D84/><AGARI ba="0,1" hai="11,13,17,24,25,44,45,47,50,52,56,76,81,84" machi="84" ten="40,5200,0" yaku="1,1,8,1,54,1,53,0" doraHai="95" doraHaiUra="107" who="1" fromWho="0" sc="250,-52,240,62,250,0,250,0" /><INIT seed="1,0,0,2,1,96" ten="198,302,250,250" oya="1" hai0="43,60,4,45,123,75,84,18,105,112,113,56,50" hai1="87,104,134,41,111,40,88,27,78,73,77,31,1" hai2="110,64,117,57,5,83,7,66,129,47,14,8,37" hai3="20,15,120,118,114,67,19,23,131,119,79,102,10"/><U65/><E1/><V95/><F117/><N who="3" m="44555" /><G120/><T106/><D75/><U33/><E104/><V121/><F121/><W59/><G114/><T39/><D123/><U99/><E99/><V132/><F132/><W38/><G131/><T133/><D133/><U29/><E65/><V91/><F129/><W58/><G102/><T74/><D74/><U72/><E134/><V85/><F110/><W53/><G79/><T103/><D4/><U9/><E9/><V107/><F107/><W46/><G67/><T115/><D103/><U44/><E31/><V32/><F32/><W93/><G93/><T13/><D84/><U70/><E70/><V124/><F124/><W16/><G20/><T135/><D135/><U36/><E78/><V48/><F37/><W49/><G38/><T6/><D6/><U28/><E77/><V17/><F66/><W34/><G34/><T11/><REACH who="0" step="1"/><D39/><REACH who="0" ten="188,302,250,250" step="2"/><U82/><E73/><V97/><F5/><W109/><G109/><T52/><AGARI ba="0,1" hai="11,13,18,43,45,50,52,56,60,105,106,112,113,115" machi="52" ten="30,7900,0" yaku="1,1,2,1,0,1,54,1,53,0" doraHai="96" doraHaiUra="2" who="0" fromWho="0" sc="188,89,302,-39,250,-20,250,-20" /><INIT seed="2,0,0,4,2,12" ten="277,263,230,230" oya="2" hai0="89,119,24,107,57,67,48,74,36,114,34,64,72" hai1="9,81,130,79,115,31,110,53,42,1,18,127,99" hai2="112,25,45,125,21,101,54,62,106,26,97,23,17" hai3="7,61,65,22,132,5,92,14,96,84,37,35,86"/><V135/><F112/><W30/><G37/><T82/><D36/><U51/><E115/><V109/><F125/><W83/><G35/><T85/><D107/><U122/><E127/><V16/><F135/><W123/><G123/><T8/><D8/><U117/><E117/><V50/><F62/><W126/><G132/><T75/><D114/><U49/><E1/><V88/><F88/><N who="3" m="55303" /><G126/><T39/><D39/><U121/><E31/><V3/><F3/><W28/><G65/><T93/><D119/><U104/><E42/><V129/><F109/><W108/><G108/><T118/><D118/><U15/><E53/><V111/><F111/><W116/><G116/><T69/><D69/><U41/><E41/><V76/><F76/><N who="3" m="46183" /><G61/><T47/><D34/><U78/><E110/><V133/><F133/><W77/><G14/><T0/><D0/><U66/><E66/><V102/><REACH who="2" step="1"/><F101/><REACH who="2" ten="277,263,220,230" step="2"/><W87/><G77/><T80/><D64/><U100/><E79/><V10/><F10/><W55/><G87/><T43/><D67/><U29/><E122/><V94/><F94/><W60/><G86/><T103/><D103/><U98/><E121/><V63/><F63/><W90/><G90/><T44/><D93/><U73/><E100/><V40/><F40/><W32/><G32/><T19/><D80/><U124/><E81/><V59/><F59/><N who="3" m="34943" /><G22/><N who="0" m="13407" /><D43/><U56/><E124/><V68/><F68/><W11/><G11/><T70/><D70/><U120/><E9/><V27/><F27/><W134/><G134/><T91/><D91/><U131/><E78/><V20/><F20/><W128/><G128/><AGARI ba="0,1" hai="16,17,21,23,25,26,45,50,54,97,102,106,128,129" machi="128" ten="40,18000,2" yaku="1,1,6,1,9,1,52,2,54,1,53,0" doraHai="12" doraHaiUra="71" who="2" fromWho="3" sc="277,0,263,0,220,190,230,-180" /><INIT seed="2,1,0,3,1,88" ten="277,263,410,50" oya="2" hai0="48,113,94,79,83,54,73,2,106,68,43,28,59" hai1="7,96,56,61,99,112,72,95,34,133,20,62,135" hai2="127,101,121,67,29,114,32,23,120,17,89,100,123" hai3="108,8,35,11,10,91,134,107,86,49,44,24,63"/><V33/><F114/><W75/><G75/><T69/><D113/><U115/><E34/><V40/><F127/><W111/><G107/><T14/><D2/><U77/><E7/><V57/><F40/><W31/><G134/><N who="1" m="51210" /><E20/><V55/><F67/><W132/><G132/><T84/><D106/><U6/><E6/><V52/><F89/><W27/><G63/><N who="1" m="24074" /><E56/><V110/><F110/><W105/><G105/><T98/><D43/><U47/><E47/><V42/><F42/><W37/><G37/><T71/><D71/><U41/><E41/><V90/><F90/><W76/><G76/><T13/><D28/><U51/><E51/><V50/><F55/><W4/><G4/><T125/><D73/><U131/><E131/><V129/><F129/><W117/><G117/><T70/><REACH who="0" step="1"/><D125/><REACH who="0" ten="267,263,410,50" step="2"/><U64/><E115/><V3/><F3/><W45/><G49/><T116/><D116/><U128/><E112/><V30/><F29/><W53/><G53/><T81/><D81/><N who="1" m="45223" /><E64/><V12/><REACH who="2" step="1"/><F30/><REACH who="2" ten="267,263,400,50" step="2"/><W102/><G31/><T22/><D22/><U87/><E128/><V130/><F130/><W1/><G111/><T0/><D0/><U74/><E74/><V118/><F118/><W65/><G108/><T124/><D124/><U5/><E5/><V38/><F38/><W9/><N who="3" m="2048" /><DORA hai="25" /><W103/><G1/><T36/><D36/><U66/><E66/><V92/><F92/><W58/><G65/><T80/><D80/><U19/><E19/><V119/><F119/><W126/><G126/><T16/><D16/><U122/><E122/><V78/><F78/><W39/><G39/><RYUUKYOKU ba="1,2" sc="267,10,263,10,400,10,50,-30" hai0="13,14,48,54,59,68,69,70,79,83,84,94,98" hai1="87,95,96,99" hai2="12,17,23,32,33,50,52,57,100,101,120,121,123" /><INIT seed="2,2,2,5,5,65" ten="277,273,410,20" oya="2" hai0="6,45,17,110,4,47,113,106,49,8,76,39,37" hai1="38,14,109,123,19,15,68,133,75,50,40,3,100" hai2="23,58,79,18,5,52,82,10,120,131,51,34,135" hai3="129,87,94,43,62,72,81,122,108,90,96,89,115"/><V80/><F120/><W105/><G43/><T27/><D113/><U21/><E3/><V60/><F34/><W86/><G62/><T83/><D106/><U119/><E119/><V56/><F131/><W63/><G63/><T127/><D110/><U128/><E38/><V30/><F30/><W54/><G54/><T7/><D127/><U107/><E75/><V134/><F18/><W104/><G129/><T16/><D17/><U117/><E117/><V46/><F23/><W121/><G115/><T116/><D116/><U69/><E128/><V57/><F60/><W29/><G29/><T77/><D45/><U85/><E107/><V24/><F24/><W124/><G124/><T84/><D77/><U41/><E100/><V102/><F102/><W55/><G55/><T35/><D35/><U48/><E85/><V22/><F22/><W78/><G108/><T28/><D28/><U0/><E0/><V125/><F125/><W64/><G64/><T66/><D66/><U2/><E2/><V67/><F67/><W95/><G105/><T114/><D114/><U26/><E109/><V13/><REACH who="2" step="1"/><F82/><REACH who="2" ten="277,273,400,20" step="2"/><W112/><G112/><T1/><D27/><U42/><E123/><V33/><F33/><W93/><G93/><T53/><D16/><U9/><E133/><V118/><F118/><W11/><G11/><T132/><D132/><U73/><E26/><V71/><F71/><W36/><G36/><T130/><D130/><U99/><E69/><V98/><F98/><W70/><G70/><T25/><D25/><N who="1" m="14527" /><E68/><V97/><F97/><W20/><G20/><T103/><D103/><AGARI ba="2,3" hai="72,78,81,86,87,89,90,94,95,96,103,104,121,122" machi="103" ten="40,12000,2" yaku="6,1,9,1,24,2,34,3" doraHai="65" who="3" fromWho="0" sc="277,-126,273,0,400,0,20,156" /><INIT seed="3,0,0,5,0,5" ten="151,273,400,176" oya="3" hai0="108,32,18,131,3,7,84,103,9,20,95,49,76" hai1="110,43,113,117,2,55,21,115,107,111,80,133,134" hai2="15,35,29,45,120,27,67,121,25,125,99,71,41" hai3="51,122,129,64,44,102,93,124,54,34,6,78,16"/><W28/><G122/><N who="2" m="47209" /><F125/><W68/><G129/><T30/><D131/><U81/><E55/><V46/><F27/><W26/><G6/><T52/><D108/><U127/><E21/><V105/><F15/><W40/><G78/><T79/><D103/><U53/><E53/><V12/><F12/><W63/><G124/><T96/><D96/><U86/><E86/><V69/><F67/><W116/><G116/><T11/><D11/><U58/><E58/><V123/><F123/><W89/><G102/><T17/><D17/><U132/><E107/><V85/><F85/><W66/><G54/><T37/><D37/><U50/><E2/><V97/><F46/><W19/><REACH who="3" step="1"/><G64/><REACH who="3" ten="151,273,400,166" step="2"/><T106/><D106/><U22/><E127/><V77/><F77/><W90/><G90/><T88/><D32/><U92/><E117/><V126/><F126/><W47/><G47/><T59/><D30/><U98/><E111/><V91/><F91/><W39/><G39/><T74/><D74/><U82/><E110/><V4/><F4/><W24/><G24/><AGARI ba="0,1" hai="3,7,9,18,20,24,49,52,59,76,79,84,88,95" machi="24" ten="30,7700,0" yaku="7,1,52,1,54,2" doraHai="5" who="0" fromWho="3" sc="151,87,273,0,400,0,166,-77" owari="238,-16.0,273,7.0,400,50.0,89,-41.0" /></mjloggm>