<mjloggm ver="2.3"><GO type="169" lobby="0"/><UN n0="%E3%82%A6%E3%83%AB%E3%83%88%E3%83%A9%E7%AB%8B%E7%9B%B4" n1="%E9%87%8C%E4%B8%AD%E4%BA%9C%E7%9F%A2%E5%AD%90" n2="%E3%83%8D%E3%83%BC%E3%83%A0%E3%83%AC%E3%82%B9%EF%BC%97" n3="%68%61%79%61%74%6F%E2%98%86" dan="18,16,16,17" rate="2164.54,2027.15,2051.81,2111.97" sx="M,F,M,M"/><TAIKYOKU oya="0"/><INIT seed="0,0,0,5,1,79" ten="250,250,250,250" oya="0" hai0="105,135,116,23,104,103,30,124,106,28,11,86,1" hai1="13,80,118,63,77,55,133,21,67,85,4,65,47" hai2="93,26,115,64,6,14,87,97,50,2,82,128,113" hai3="34,99,114,84,83,62,45,91,81,42,31,109,43"/><T71/><D116/><U78/><E118/><V41/><F2/><W8/><G114/><T98/><D71/><U119/><E119/><V131/><F64/><W40/><G109/><T88/><D124/><U46/><E133/><V16/><F26/><W110/><G110/><T38/><D38/><U53/><E4/><V60/><F6/><W7/><G31/><T127/><D127/><U19/><E77/><N who="2" m="46543" /><F60/><W49/><G34/><T29/><D135/><U125/><E125/><V129/><F50/><W68/><G99/><T10/><D23/><U33/><E33/><V48/><F48/><W107/><G107/><T89/><D89/><U37/><E37/><V9/><F41/><N who="3" m="15979" /><G62/><T35/><D35/><U69/><REACH who="1" step="1"/><E67/><REACH who="1" ten="250,240,250,250" step="2"/><V44/><F44/><AGARI ba="0,1" hai="13,19,21,44,46,47,53,55,63,65,69,78,80,85" machi="44" ten="40,5200,0" yaku="1,1,2,1,52,1,53,0" doraHai="79" doraHaiUra="117" who="1" fromWho="2" sc="250,0,240,62,250,-52,250,0" /><INIT seed="1,0,0,1,1,9" ten="250,302,198,250" oya="1" hai0="110,3,37,1,131,27,19,79,72,116,71,0,111" hai1="54,118,25,129,39,68,43,26,132,81,98,133,97" hai2="15,108,124,115,58,66,45,134,101,126,30,32,33" hai3="76,109,119,42,102,88,100,112,117,113,6,52,23"/><U120/><E120/><V64/><F101/><W31/><G42/><T49/><D71/><U70/><E118/><N who="3" m="45066" /><G76/><T44/><D116/><U4/><E129/><V122/><F122/><W104/><G6/><T123/><D123/><U46/><E54/><V57/><F108/><W69/><G69/><N who="1" m="26730" /><E81/><V53/><F134/><N who="1" m="51817" /><E4/><V94/><F115/><N who="3" m="44107" /><G104/><T60/><D131/><U22/><E25/><V77/><F66/><W89/><G109/><T86/><D27/><U128/><E128/><V8/><F64/><W92/><G52/><T36/><D111/><U106/><E106/><V29/><F53/><W10/><G89/><T34/><D110/><U11/><E11/><V51/><F8/><W17/><G31/><AGARI ba="0,0" hai="22,26,31,39,43,46,97,98" m="51817,26730" machi="31" ten="30,1500,0" yaku="20,1" doraHai="9" who="1" fromWho="3" sc="250,0,302,15,198,0,250,-15" /><INIT seed="1,1,0,2,4,18" ten="250,317,198,235" oya="1" hai0="46,85,11,15,0,55,41,47,54,114,135,112,127" hai1="32,117,34,133,94,70,53,9,1,125,8,107,33" hai2="88,87,130,86,83,37,101,84,23,27,14,48,122" hai3="57,96,97,65,89,38,98,61,77,102,39,111,7"/><U22/><E22/><V4/><F37/><W49/><G77/><T6/><D127/><U64/><E64/><V103/><F122/><W5/><G111/><T91/><D135/><U71/><E71/><V120/><F120/><W42/><G102/><N who="2" m="38921" /><F130/><W52/><G89/><T10/><D54/><U81/><E81/><V108/><F108/><W79/><G79/><T126/><D126/><U75/><E75/><V132/><F132/><W118/><G118/><T19/><D47/><U24/><E24/><V20/><F48/><W76/><G76/><T113/><D55/><U35/><E35/><V124/><F124/><W16/><G38/><T56/><D56/><U119/><E119/><V31/><F4/><W69/><G16/><AGARI ba="1,0" hai="14,16,20,23,27,31,83,84,86,87,88" m="38921" machi="16" ten="30,8000,1" yaku="8,1,52,2,54,2" doraHai="18" who="2" fromWho="3" sc="250,0,317,0,198,83,235,-83" /><INIT seed="2,0,0,4,2,23" ten="250,317,281,152" oya="2" hai0="12,19,63,123,10,20,99,51,66,43,6,35,118" hai1="38,26,39,62,22,98,80,41,119,2,82,49,96" hai2="61,117,109,104,15,32,101,68,11,53,84,65,16" hai3="40,112,125,124,93,31,1,69,25,67,34,37,0"/><V97/><F117/><W90/><G112/><T127/><D123/><U110/><E110/><V135/><F32/><W103/><G103/><T121/><D121/><U47/><E47/><V9/><F109/><W115/><G115/><T120/><D120/><U126/><E126/><N who="3" m="48746" /><G93/><T79/><D35/><U81/><E81/><V7/><F135/><W74/><G74/><T88/><D127/><U91/><E91/><V54/><REACH who="2" step="1"/><F84/><REACH who="2" ten="250,317,271,152" step="2"/><W113/><G113/><T30/><D118/><U71/><E71/><V45/><F45/><N who="3" m="23695" /><G90/><T64/><D88/><U85/><E85/><V77/><F77/><W4/><G4/><T50/><D79/><U95/><E95/><V27/><F27/><W129/><G129/><T56/><D6/><U122/><E122/><V133/><F133/><W128/><G128/><T60/><D99/><U46/><E46/><V116/><F116/><W76/><G76/><T132/><D132/><U55/><E55/><V89/><F89/><W13/><G13/><AGARI ba="0,1" hai="7,9,11,13,15,16,53,54,61,65,68,97,101,104" machi="13" ten="30,5800,0" yaku="1,1,7,1,54,1,53,0" doraHai="23" doraHaiUra="86" who="2" fromWho="3" sc="250,0,317,0,271,68,152,-58" /><INIT seed="2,1,0,1,5,60" ten="250,317,339,94" oya="2" hai0="69,20,97,2,41,67,79,24,36,119,135,109,110" hai1="107,19,91,49,45,128,75,4,33,122,129,25,55" hai2="68,114,87,37,44,70,93,115,1,35,30,105,112" hai3="113,120,76,133,22,7,18,96,5,28,12,21,83"/><V58/><F105/><W56/><G120/><T14/><D2/><U16/><E122/><V103/><F1/><W54/><G113/><T123/><D123/><U61/><E107/><V86/><F30/><W132/><G96/><T104/><D79/><U80/><E4/><V85/><F35/><W29/><G29/><T78/><D78/><N who="1" m="44127" /><E91/><V40/><REACH who="2" step="1"/><F58/><REACH who="2" ten="250,317,329,94" step="2"/><W59/><G133/><T11/><D104/><U63/><E33/><V42/><F42/><W106/><G132/><T47/><D41/><U121/><E121/><V126/><F126/><W32/><G106/><T134/><D135/><U23/><E23/><V116/><F116/><W101/><G32/><T31/><D20/><U98/><E25/><V94/><F94/><W102/><G56/><T48/><D24/><U50/><E129/><V73/><F73/><W111/><G21/><T130/><D31/><U99/><E128/><V92/><F92/><W64/><G28/><T8/><D130/><U57/><E57/><V39/><F39/><W72/><G111/><T27/><D36/><U10/><E10/><V0/><F0/><W13/><G22/><T77/><D8/><U62/><E45/><V124/><F124/><W46/><G46/><T84/><D47/><U52/><E55/><V51/><F51/><W15/><G54/><T127/><D127/><U26/><E52/><V9/><F9/><W6/><REACH who="3" step="1"/><G18/><REACH who="3" ten="250,317,329,84" step="2"/><T38/><D134/><U71/><E19/><V17/><F17/><W66/><G66/><T118/><D67/><U125/><E125/><V117/><F117/><N who="0" m="44554" /><D110/><U74/><E16/><V131/><F131/><RYUUKYOKU ba="1,2" sc="250,-15,317,-15,329,15,84,15" hai2="37,40,44,68,70,85,86,87,93,103,112,114,115" hai3="5,6,7,12,13,15,59,64,72,76,83,101,102" /><INIT seed="2,2,2,0,0,33" ten="235,302,344,99" oya="2" hai0="41,50,133,124,106,132,56,107,116,7,46,93,31" hai1="82,80,105,65,20,66,63,130,53,17,58,74,61" hai2="76,5,92,91,4,73,113,23,37,11,126,95,16" hai3="78,84,45,122,2,39,44,19,99,81,49,13,1"/><V28/><F113/><W32/><G122/><T103/><D7/><U120/><E105/><V29/><F37/><W34/><G99/><N who="0" m="59887" /><D31/><N who="2" m="11850" /><F73/><W36/><G34/><T112/><D112/><U97/><E120/><V98/><F126/><W94/><G32/><T135/><D124/><U30/><E30/><V3/><F3/><W6/><G94/><T24/><D24/><N who="1" m="14351" /><E74/><V109/><F76/><W67/><G67/><N who="1" m="25610" /><E130/><V108/><F11/><W134/><G134/><T121/><D121/><U14/><E97/><N who="2" m="57503" /><F109/><W125/><G125/><T0/><D0/><U119/><E119/><V128/><F128/><W104/><G104/><N who="0" m="39979" /><D56/><N who="1" m="34959" /><E14/><N who="2" m="9623" /><F108/><W26/><G39/><T57/><D57/><U70/><E70/><V12/><F12/><W102/><G36/><T114/><D114/><U10/><E10/><V42/><F42/><W77/><G26/><T72/><D72/><U129/><E129/><V8/><F8/><W51/><G2/><T40/><D40/><U123/><E123/><V38/><F38/><W52/><G1/><T118/><AGARI ba="2,2" hai="41,46,50,116,118,132,133,135" m="39979,59887" machi="118" ten="40,1500,0" yaku="20,1" doraHai="33" who="0" fromWho="0" sc="235,41,302,-6,344,-9,99,-6" /><INIT seed="3,0,0,2,5,82" ten="276,296,335,93" oya="3" hai0="134,11,74,48,46,42,68,121,39,131,96,20,38" hai1="5,109,21,30,80,100,135,110,31,57,33,81,123" hai2="88,92,3,89,115,94,133,15,84,58,97,53,76" hai3="25,18,91,130,119,60,56,116,32,10,13,26,83"/><W16/><G130/><T122/><D74/><U40/><E123/><V28/><F3/><W41/><G41/><T129/><D20/><U50/><E33/><V98/><F115/><W95/><G83/><T29/><D29/><U78/><E100/><N who="2" m="60455" /><F133/><W54/><G25/><T69/><D96/><U12/><E135/><V93/><F28/><W23/><REACH who="3" step="1"/><G32/><REACH who="3" ten="276,296,335,83" step="2"/><T70/><D134/><U126/><E81/><N who="2" m="47143" /><F15/><W73/><G73/><T120/><D11/><U87/><E12/><V22/><F22/><W52/><G52/><T7/><D7/><U14/><E21/><V24/><F24/><W117/><G117/><T71/><N who="0" m="17408" /><DORA hai="55" /><T72/><D72/><U67/><E14/><V1/><F1/><W43/><G43/><T104/><D131/><U106/><E5/><V132/><F132/><W37/><G37/><T34/><D129/><U45/><E40/><V86/><F53/><W2/><G2/><T64/><D34/><U105/><E67/><V61/><F94/><W79/><G79/><T101/><D64/><U118/><E118/><V114/><F114/><W125/><G125/><T27/><D27/><U99/><E126/><V102/><F93/><W85/><AGARI ba="0,1" hai="10,13,16,18,23,26,54,56,60,85,91,95,116,119" machi="85" ten="20,18000,2" yaku="1,1,0,1,7,1,52,2,54,1,53,1" doraHai="82,55" doraHaiUra="59,108" who="3" fromWho="3" sc="276,-60,296,-60,335,-60,83,190" /><INIT seed="3,1,0,0,5,0" ten="216,236,275,273" oya="3" hai0="22,112,52,111,81,24,126,13,117,118,95,100,32" hai1="131,53,72,73,99,69,54,44,130,115,8,50,68" hai2="27,84,28,25,114,65,87,85,7,77,59,128,108" hai3="92,74,66,104,88,97,37,58,3,86,51,20,16"/><W63/><G37/><T91/><D126/><U19/><E99/><V9/><F114/><W133/><G133/><T105/><D112/><U75/><E115/><V70/><F70/><W4/><G74/><T15/><D111/><U120/><E120/><V122/><F108/><W123/><G123/><T6/><D32/><U78/><E78/><V113/><F113/><W109/><G109/><T93/><D81/><U94/><E94/><V36/><F36/><W107/><G51/><T43/><D43/><U42/><E19/><V21/><F122/><W82/><G4/><T76/><D76/><U124/><E8/><V38/><F38/><W132/><G3/><T40/><D40/><U2/><E2/><V12/><F128/><N who="1" m="49193" /><E124/><V90/><F77/><W18/><G132/><T46/><D105/><U134/><E134/><V35/><F65/><W83/><G83/><T101/><D93/><U103/><E103/><N who="0" m="39497" /><D118/><U29/><E29/><V79/><F79/><W11/><G11/><N who="0" m="4343" /><D15/><U110/><E110/><V116/><F116/><W96/><G96/><N who="0" m="57471" /><D117/><U49/><E42/><V71/><F71/><N who="1" m="27209" /><E44/><V41/><F41/><W60/><G107/><T5/><D5/><U33/><E33/><V80/><REACH who="2" step="1"/><F59/><REACH who="2" ten="216,236,265,273" step="2"/><N who="3" m="37151" /><G104/><T31/><D46/><U62/><E62/><V47/><F47/><W17/><G20/><T125/><D125/><U55/><AGARI ba="1,1" hai="49,50,53,54,55,72,73,75" m="27209,49193" machi="55" ten="50,6400,0" yaku="28,2,19,1" doraHai="0" who="1" fromWho="1" sc="216,-17,236,77,265,-17,273,-33" /><INIT seed="4,0,0,0,5,86" ten="199,313,248,240" oya="0" hai0="11,126,43,76,98,109,39,135,13,97,104,94,117" hai1="75,46,0,125,105,115,38,22,64,91,52,67,57" hai2="118,29,80,124,35,21,100,69,50,47,123,3,26" hai3="34,27,42,61,14,7,62,88,70,106,93,82,108"/><T111/><D117/><U121/><E105/><V90/><F123/><W30/><G106/><T16/><D126/><U132/><E121/><V63/><F3/><W119/><G119/><T23/><D135/><U49/><E75/><V133/><F118/><W89/><G108/><N who="0" m="41547" /><D76/><U87/><E132/><V31/><F133/><W60/><G42/><T44/><D104/><U8/><E125/><V134/><F134/><W12/><G70/><T45/><D45/><U6/><E115/><V19/><F124/><W130/><G130/><T79/><D79/><U102/><E102/><V65/><F100/><W77/><G7/><T99/><D23/><U4/><E4/><V107/><F107/><W116/><G116/><T25/><D25/><U101/><E101/><AGARI ba="0,0" hai="11,13,16,39,43,44,94,97,98,99,101" m="41547" machi="101" ten="30,2900,0" yaku="10,1,54,1" doraHai="86" who="0" fromWho="1" sc="199,29,313,-29,248,0,240,0" /><INIT seed="4,1,0,5,5,59" ten="228,284,248,240" oya="0" hai0="29,133,84,54,23,38,118,52,77,27,30,24,98" hai1="92,83,44,63,25,94,72,66,8,34,102,96,75" hai2="105,48,107,130,33,45,134,120,32,89,51,37,122" hai3="18,69,103,70,128,99,19,85,95,125,22,50,0"/><T93/><D38/><U61/><E44/><V71/><F37/><W6/><G125/><T74/><D74/><U115/><E115/><V87/><F45/><W60/><G128/><T15/><D133/><U7/><E92/><V4/><F4/><W135/><G135/><T41/><D41/><U104/><E94/><V55/><F134/><W86/><G70/><T47/><D15/><U40/><E40/><V26/><F87/><W49/><G19/><T101/><D47/><U129/><E129/><V113/><F89/><W56/><G69/><T124/><D124/><U31/><E83/><V90/><F90/><W16/><G18/><T2/><D2/><N who="1" m="119" /><E61/><V1/><F71/><AGARI ba="1,0" hai="25,31,34,63,66,71,72,75,96,102,104" m="119" machi="71" ten="30,7700,0" yaku="25,1,33,2,52,1" doraHai="59" who="1" fromWho="2" sc="228,0,284,80,248,-80,240,0" /><INIT seed="5,0,0,4,3,120" ten="228,364,168,240" oya="1" hai0="92,10,97,116,109,46,59,36,50,130,118,99,29" hai1="75,53,124,98,112,26,37,58,5,113,4,131,23" hai2="68,127,69,76,72,12,1,56,27,105,117,19,3" hai3="49,78,25,106,7,100,62,90,39,15,101,115,111"/><U32/><E32/><V57/><F117/><W45/><G39/><T28/><D36/><U64/><E64/><V0/><F105/><W38/><G38/><T89/><D130/><U93/><E75/><V87/><F72/><W71/><G115/><N who="1" m="44106" /><E37/><V54/><F27/><W77/><G25/><T30/><D109/><U129/><E124/><V95/><F127/><W84/><G111/><T94/><D59/><U91/><E58/><V96/><F87/><W22/><G106/><T17/><D17/><N who="1" m="12655" /><E53/><V40/><F76/><N who="3" m="29291" /><G62/><T88/><REACH who="0" step="1"/><D10/><REACH who="0" ten="218,364,168,240" step="2"/><U2/><E131/><V21/><F56/><W128/><G128/><T6/><D6/><U119/><E129/><V67/><F67/><W83/><G71/><T20/><D20/><U52/><E119/><V44/><F44/><W24/><G7/><T79/><D79/><U70/><E70/><V81/><F68/><W133/><G133/><T82/><D82/><U47/><E2/><V134/><F69/><W121/><G121/><T66/><D66/><U103/><E4/><V43/><F81/><W108/><G108/><T51/><D51/><N who="1" m="28799" /><E5/><V65/><F134/><W13/><G49/><T35/><D35/><U126/><E126/><V135/><F65/><W73/><G45/><T102/><D102/><AGARI ba="0,1" hai="91,93,98,102,103" m="28799,12655,44106" machi="102" ten="30,2900,0" yaku="15,1,54,1" doraHai="120" who="1" fromWho="0" sc="218,-29,364,39,168,0,240,0" /><INIT seed="5,1,0,0,5,73" ten="189,403,168,240" oya="1" hai0="109,107,135,116,125,110,13,51,78,27,57,127,113" hai1="118,128,10,54,55,24,91,23,111,99,39,15,119" hai2="106,95,7,2,89,20,37,48,52,22,72,114,71" hai3="62,34,56,94,85,129,81,38,14,41,76,115,68"/><U108/><E39/><V36/><F106/><W112/><G68/><T130/><D107/><U67/><E67/><V105/><F105/><W79/><G34/><T86/><D116/><U97/><E128/><V90/><F71/><W74/><G129/><T122/><D130/><U53/><E91/><V131/><F72/><W93/><G14/><T3/><D3/><U45/><E45/><V84/><F131/><W70/><G70/><T32/><D13/><U65/><E65/><V58/><F114/><N who="3" m="43563" /><G41/><T4/><D4/><U50/><E50/><V59/><F2/><W101/><G101/><T19/><D113/><U121/><E121/><V126/><F126/><N who="0" m="48138" /><D135/><U49/><E49/><V82/><F7/><W28/><G28/><N who="0" m="19487" /><D19/><U31/><E119/><V96/><REACH who="2" step="1"/><F59/><REACH who="2" ten="189,403,158,240" step="2"/><W11/><G74/><T103/><D122/><U77/><E118/><V47/><F47/><W102/><G56/><T83/><D103/><U46/><E46/><V80/><F80/><W124/><G102/><T117/><D117/><U40/><E111/><V64/><F64/><W69/><G81/><T8/><D110/><U25/><E108/><V5/><F5/><W9/><G69/><T92/><D109/><U132/><E132/><V60/><F60/><W1/><G62/><T26/><D57/><U98/><E55/><V61/><F61/><W30/><G124/><T87/><D83/><U134/><E54/><V0/><F0/><W88/><G1/><T123/><D123/><U44/><E53/><V104/><F104/><W29/><G93/><T35/><D92/><U6/><E134/><V133/><F133/><RYUUKYOKU ba="1,1" sc="189,-10,403,-10,158,30,240,-10" hai2="20,22,36,37,48,52,58,82,84,89,90,95,96" /><INIT seed="6,2,1,5,5,91" ten="179,393,188,230" oya="2" hai0="49,123,64,111,100,126,12,122,30,132,21,47,105" hai1="8,135,3,14,84,66,36,108,59,77,42,56,44" hai2="17,95,114,99,48,106,5,46,39,13,34,68,104" hai3="76,130,23,94,103,40,29,133,60,15,93,121,51"/><V43/><F68/><W19/><G121/><T31/><D105/><U112/><E108/><V20/><F34/><W88/><G133/><T63/><D111/><U128/><E112/><V102/><F114/><W129/><G76/><T10/><D132/><U11/><E135/><V67/><F67/><W50/><G60/><T33/><D33/><U96/><E128/><N who="3" m="49258" /><G40/><T87/><D100/><U62/><E96/><V118/><F118/><W53/><G29/><T110/><D110/><U89/><E77/><V86/><F5/><W116/><G116/><T98/><D98/><U55/><E3/><V134/><F134/><W2/><G2/><T45/><D31/><U24/><E24/><V78/><REACH who="2" step="1"/><F39/><REACH who="2" ten="179,393,178,230" step="2"/><W97/><G53/><N who="0" m="29871" /><D64/><U79/><E55/><V75/><F75/><W41/><G41/><T74/><D74/><U58/><E66/><V117/><F117/><W83/><G83/><AGARI ba="2,2" hai="13,17,20,43,46,48,78,83,86,95,99,102,104,106" machi="83" ten="40,3900,0" yaku="1,1,52,1,53,0" doraHai="91" doraHaiUra="131" who="2" fromWho="3" sc="179,0,393,0,178,65,230,-45" /><INIT seed="6,3,0,5,0,132" ten="179,393,243,185" oya="2" hai0="125,23,22,87,104,2,18,131,117,3,84,44,52" hai1="130,28,124,0,98,90,43,6,94,33,35,40,70" hai2="88,112,91,25,73,16,58,81,46,92,128,107,111" hai3="119,53,24,27,109,42,11,20,106,26,100,60,10"/><V101/><F107/><W47/><G119/><T103/><D117/><U102/><E70/><V114/><F128/><W64/><G109/><T116/><D116/><U59/><E130/><V72/><F111/><W32/><G32/><T31/><D131/><U45/><E124/><V82/><F58/><W39/><G53/><T135/><D135/><U65/><E40/><V129/><F129/><W71/><G106/><T7/><D125/><U66/><E28/><V110/><F110/><W99/><G99/><T50/><D7/><U4/><E0/><V13/><F25/><W113/><G100/><T77/><D2/><U17/><E102/><V15/><F46/><W14/><G113/><N who="2" m="43625" /><F101/><W68/><G68/><T36/><D3/><U108/><E108/><V133/><F133/><W1/><G1/><T127/><D127/><U56/><E35/><V74/><F13/><W97/><G97/><T19/><D36/><U83/><E33/><V21/><F91/><W86/><G86/><AGARI ba="3,0" hai="15,16,21,72,73,74,81,82,86,88,92" m="43625" machi="86" ten="40,7700,0" yaku="15,1,54,2" doraHai="132" who="2" fromWho="3" sc="179,0,393,0,243,86,185,-86" /><INIT seed="6,4,0,2,3,109" ten="179,393,329,99" oya="2" hai0="75,51,105,48,49,10,93,20,107,8,117,35,40" hai1="128,131,37,9,38,80,22,18,56,69,84,15,27" hai2="44,45,71,122,21,133,46,32,72,73,112,108,6" hai3="13,74,57,67,81,33,36,42,23,129,124,90,103"/><V61/><F32/><W87/><G33/><T54/><D35/><U110/><E69/><V29/><F6/><W86/><G129/><N who="1" m="49738" /><E56/><V62/><F122/><W79/><G124/><T65/><D93/><U113/><E113/><V114/><F108/><W60/><G103/><T101/><D20/><U64/><E64/><N who="2" m="41359" /><F62/><W7/><G36/><T70/><D54/><U91/><E110/><V77/><F77/><W82/><G42/><T116/><D40/><U11/><E11/><V53/><F53/><W3/><G3/><T94/><D75/><N who="2" m="28746" /><F21/><W2/><G2/><T14/><D65/><U127/><E127/><V118/><F29/><AGARI ba="4,0" hai="9,15,18,22,27,29,37,38,80,84,91" m="49738" machi="29" ten="30,1000,0" yaku="19,1" doraHai="109" who="1" fromWho="2" sc="179,0,393,22,329,-22,99,0" /><INIT seed="7,0,0,4,1,21" ten="179,415,307,99" oya="3" hai0="71,24,59,46,2,67,35,49,52,91,8,124,6" hai1="18,79,120,10,101,74,42,82,80,93,75,54,56" hai2="133,76,103,28,125,12,86,66,92,19,29,83,131" hai3="128,60,32,135,30,127,100,31,4,0,121,106,116"/><W107/><G121/><T65/><D124/><U94/><E42/><V63/><F125/><W11/><G116/><T41/><D71/><U14/><E120/><V47/><F133/><W33/><G127/><T45/><D45/><U90/><E101/><V17/><F131/><W48/><G135/><T64/><D91/><U9/><E9/><N who="2" m="6287" /><F47/><W36/><G36/><T61/><D35/><U57/><E57/><N who="2" m="37231" /><F19/><W98/><G128/><T16/><D16/><U26/><E90/><V96/><AGARI ba="0,0" hai="28,29,76,83,86,92,96,103" m="37231,6287" machi="96" ten="30,1100,0" yaku="8,1" doraHai="21" who="2" fromWho="2" sc="179,-3,415,-3,307,11,99,-5" owari="176,-22.0,412,51.0,318,12.0,94,-41.0" /></mjloggm>