<mjloggm ver="2.3"><GO type="41" lobby="0"/><UN n0="%E5%B0%B1%E6%B4%BB%E7%94%9F%40%E5%B7%9D%E6%9D%91%E8%BB%8D%E5%9B%A3" n1="%4E%45%4F%E3%81%B5%E3%81%A3%E3%81%8F%E3%82%93" n2="%73%75%6E%61%69%70%61%69" n3="%E3%82%A2%E3%82%B9%E3%82%AB%E3%81%AF%E4%BF%BA%E3%81%AE%E5%AB%81" dan="18,14,14,13" rate="2218.75,1948.76,1959.78,1961.40" sx="M,M,M,M"/><TAIKYOKU oya="0"/><INIT seed="0,0,0,3,0,34" ten="250,250,250,250" oya="0" hai0="102,73,98,78,30,101,40,51,77,128,92,119,93" hai1="24,74,66,8,123,32,109,20,55,23,52,83,2" hai2="126,89,62,107,67,110,5,65,103,37,42,68,125" hai3="111,132,16,88,3,81,4,9,36,94,127,19,38"/><T133/><D30/><U61/><E123/><V117/><F89/><W120/><G120/><T57/><D119/><U11/><E109/><V108/><F103/><W64/><G111/><N who="2" m="42537" /><F107/><W72/><G64/><T114/><D114/><U130/><E130/><V95/><F95/><W90/><G127/><N who="2" m="48649" /><F67/><W124/><G124/><T58/><D133/><U28/><E83/><V45/><F5/><W56/><G132/><T129/><D73/><U105/><E105/><V86/><F86/><W96/><G56/><T12/><D98/><U79/><E79/><V59/><F117/><W35/><G35/><T85/><D85/><U104/><E74/><V48/><F48/><W80/><G80/><T15/><D51/><U53/><E104/><V1/><F1/><W97/><G72/><T82/><D82/><U134/><E2/><V33/><F33/><W91/><G81/><T84/><D84/><U25/><E32/><V43/><F43/><AGARI ba="0,0" hai="12,15,40,43,57,58,77,78,92,93,101,102,128,129" machi="43" ten="25,2400,0" yaku="22,2" doraHai="34" who="0" fromWho="2" sc="250,24,250,0,250,-24,250,0" /><INIT seed="0,1,0,2,3,96" ten="274,250,226,250" oya="0" hai0="2,18,76,87,112,93,86,89,27,48,66,57,30" hai1="44,69,115,101,105,70,133,94,17,103,6,65,4" hai2="121,36,39,74,32,15,119,49,78,110,52,31,20" hai3="132,64,35,22,7,104,12,5,55,25,111,47,63"/><T100/><D2/><U109/><E105/><V50/><F121/><W134/><G111/><T72/><D112/><U67/><E109/><V62/><F32/><W79/><G79/><T80/><D18/><U102/><E44/><V0/><F110/><W131/><G131/><T13/><D13/><U126/><E94/><V54/><F0/><W26/><G25/><T41/><D41/><U60/><E115/><V117/><F78/><W53/><G35/><T28/><D28/><U118/><E118/><N who="2" m="45067" /><F74/><W21/><G104/><T122/><D122/><U82/><E82/><V98/><F98/><W8/><G5/><N who="1" m="2154" /><E133/><N who="3" m="51306" /><G47/><T11/><D72/><U77/><E17/><N who="2" m="10303" /><F31/><N who="3" m="17871" /><G22/><T128/><D128/><U42/><E77/><V97/><F97/><W85/><G85/><T10/><D30/><U135/><E135/><V16/><F16/><W113/><G113/><T9/><D27/><U14/><E14/><V68/><F68/><AGARI ba="1,0" hai="7,8,12,53,55,63,64,68" m="17871,51306" machi="68" ten="30,1000,0" yaku="20,1" doraHai="96" who="3" fromWho="2" sc="274,0,250,0,226,-13,250,13" /><INIT seed="1,0,0,3,0,110" ten="274,250,213,263" oya="1" hai0="25,66,51,19,67,3,13,128,57,124,61,28,127" hai1="81,79,80,87,48,45,62,55,91,30,69,119,75" hai2="113,126,10,0,15,120,22,135,97,98,88,43,106" hai3="63,131,47,41,125,39,77,54,83,101,60,32,73"/><U5/><E119/><V112/><F0/><W37/><G32/><T23/><D3/><U90/><E5/><V56/><F120/><W26/><G37/><T18/><D128/><U84/><E75/><V33/><F33/><W130/><G101/><T94/><D51/><U76/><REACH who="1" step="1"/><E30/><REACH who="1" ten="274,240,213,263" step="2"/><V95/><F135/><W9/><G131/><T1/><D1/><U100/><E100/><N who="2" m="62735" /><F126/><N who="0" m="48170" /><D94/><U36/><E36/><V35/><F35/><W92/><G92/><T134/><D134/><U105/><E105/><V104/><F104/><W4/><G125/><T44/><D28/><U99/><E99/><V121/><F121/><W118/><G118/><T64/><D44/><U89/><E89/><V133/><F133/><W114/><G130/><T52/><D18/><U8/><E8/><V14/><F22/><W78/><G9/><T111/><D111/><U96/><E96/><V21/><F21/><W58/><G4/><T24/><AGARI ba="0,1" hai="13,19,23,24,25,52,57,61,64,66,67" m="48170" machi="24" ten="40,2700,0" yaku="18,1,54,1" doraHai="110" who="0" fromWho="0" sc="274,37,240,-13,213,-7,263,-7" /><INIT seed="2,0,0,0,5,6" ten="311,227,206,256" oya="2" hai0="75,46,66,114,19,33,41,133,92,115,78,93,84" hai1="23,87,134,2,128,70,123,25,73,100,28,105,11" hai2="130,7,96,98,17,15,116,95,62,47,36,3,45" hai3="32,108,14,72,5,65,117,80,60,63,102,42,59"/><V52/><F116/><W110/><G32/><T0/><D33/><U69/><E123/><V82/><F130/><W49/><G117/><T83/><D133/><U18/><E134/><V67/><F3/><W76/><G102/><T129/><D129/><U127/><E128/><V30/><F30/><W68/><G49/><T99/><D66/><U135/><E73/><V44/><F7/><W94/><G42/><T111/><D111/><N who="3" m="42537" /><G94/><T40/><D40/><U125/><E135/><V53/><F82/><W21/><G63/><T88/><D19/><U118/><E87/><V97/><F36/><W112/><G112/><T16/><D0/><U104/><E118/><V64/><F95/><W8/><G21/><T38/><REACH who="0" step="1"/><D16/><REACH who="0" ten="301,227,206,256" step="2"/><U48/><E18/><V1/><F1/><W26/><G26/><T61/><D61/><U43/><E25/><V20/><REACH who="2" step="1"/><F64/><REACH who="2" ten="301,227,196,256" step="2"/><W119/><G119/><T107/><D107/><U22/><E2/><V103/><F103/><AGARI ba="0,2" hai="38,41,46,75,78,83,84,88,92,93,99,103,114,115" machi="103" ten="30,3900,0" yaku="1,1,7,1,54,1,53,0" doraHai="6" doraHaiUra="56" who="0" fromWho="2" sc="301,59,227,0,196,-39,256,0" /><INIT seed="3,0,0,4,5,53" ten="360,227,157,256" oya="3" hai0="120,73,132,19,89,25,131,18,105,38,15,41,47" hai1="80,93,127,7,58,49,1,104,114,69,56,33,70" hai2="98,111,60,84,36,87,26,39,9,48,103,4,92" hai3="130,52,118,113,94,30,121,77,88,14,117,115,79"/><W22/><G121/><T122/><D105/><U83/><E104/><V109/><F26/><W55/><G130/><T34/><D73/><U97/><E33/><V112/><F112/><W96/><G115/><T12/><D131/><U78/><E114/><V82/><F48/><W91/><G113/><T72/><D72/><U110/><E110/><N who="2" m="41995" /><F60/><W76/><G91/><T24/><D132/><U61/><E127/><V37/><F82/><W67/><G67/><T21/><D89/><U17/><E1/><AGARI ba="0,0" hai="1,4,9,36,37,39,84,87,92,98,103" m="41995" machi="1" ten="40,1300,0" yaku="14,1" doraHai="53" who="2" fromWho="1" sc="360,0,227,-13,157,13,256,0" /><INIT seed="4,0,0,1,2,22" ten="360,214,170,256" oya="0" hai0="18,15,32,12,20,130,82,7,85,69,107,10,117" hai1="95,133,119,8,37,112,124,131,81,96,31,4,65" hai2="39,78,120,29,45,93,121,87,53,101,76,2,90" hai3="123,63,106,44,56,27,1,11,75,74,94,70,89"/><T23/><D117/><U33/><E119/><V54/><F2/><W16/><G106/><T55/><D107/><U99/><E37/><V77/><F39/><W26/><G70/><T36/><D36/><U47/><E112/><V92/><F29/><W41/><G1/><T59/><D69/><U84/><E133/><V13/><F13/><N who="3" m="7231" /><G74/><T66/><D32/><U118/><E118/><V72/><F45/><W132/><G75/><T80/><D66/><U5/><E65/><V116/><F116/><W9/><G9/><T103/><D103/><U14/><E47/><V91/><F53/><N who="3" m="34191" /><G123/><N who="2" m="47177" /><F54/><W114/><G132/><T49/><D130/><U30/><E131/><V50/><F50/><N who="3" m="26895" /><G114/><T108/><D108/><U0/><E33/><V110/><F110/><W42/><G42/><T71/><D71/><U68/><E68/><V111/><F111/><W98/><AGARI ba="0,0" hai="26,27,89,94,98" m="26895,34191,7231" machi="98" ten="30,7900,0" yaku="8,1,52,2,54,1" doraHai="22" who="3" fromWho="3" sc="360,-39,214,-20,170,-20,256,79" /><INIT seed="5,0,0,0,3,3" ten="321,194,150,335" oya="1" hai0="5,4,134,106,33,97,54,123,32,46,108,121,58" hai1="53,91,133,24,31,42,126,81,34,82,114,60,23" hai2="2,83,116,29,47,84,56,61,98,15,93,79,135" hai3="50,10,105,52,12,87,40,78,17,125,51,101,45"/><U7/><E126/><V89/><F116/><W44/><G125/><T65/><D108/><U80/><E133/><V35/><F2/><W88/><G105/><T86/><D65/><U120/><E120/><N who="0" m="46153" /><D46/><U103/><E42/><V6/><F29/><W73/><G101/><N who="0" m="62767" /><D86/><U62/><E103/><V109/><F35/><N who="0" m="13386" /><D134/><U11/><E34/><V19/><F135/><W90/><G73/><T64/><D64/><U118/><E118/><V72/><F109/><W75/><G75/><T22/><D22/><U9/><E9/><V117/><F117/><W36/><G36/><T102/><D102/><U110/><E114/><V119/><F119/><W113/><G113/><T107/><D107/><U18/><E110/><V94/><F47/><W30/><G30/><T132/><D132/><U28/><E91/><V16/><F93/><W26/><G26/><T69/><D69/><U70/><E70/><V0/><F0/><W57/><G45/><T77/><D77/><U13/><E60/><AGARI ba="0,0" hai="4,5,54,58,60" m="13386,62767,46153" machi="60" ten="30,3900,0" yaku="13,1,52,2" doraHai="3" who="0" fromWho="1" sc="321,39,194,-39,150,0,335,0" /><INIT seed="6,0,0,4,2,74" ten="360,155,150,335" oya="2" hai0="14,15,77,104,108,1,88,50,27,56,28,11,86" hai1="45,100,36,52,63,10,92,89,75,81,47,122,120" hai2="96,72,32,48,93,128,69,85,51,62,130,95,53" hai3="105,16,101,112,106,23,119,18,20,126,121,111,110"/><V21/><F32/><W134/><G121/><N who="1" m="46698" /><E36/><V133/><F72/><W66/><G119/><T68/><D15/><U6/><E100/><V2/><F2/><W114/><G66/><T46/><D56/><N who="1" m="35207" /><E81/><V44/><F133/><W80/><G101/><T34/><D86/><N who="1" m="52279" /><E75/><V123/><F123/><W73/><G134/><T31/><D31/><U131/><E131/><N who="2" m="50219" /><F85/><W24/><G126/><T67/><D1/><AGARI ba="0,0" hai="1,6,10,45,47" m="52279,35207,46698" machi="1" ten="30,2000,0" yaku="13,1,54,1" doraHai="74" who="1" fromWho="0" sc="360,-20,155,20,150,0,335,0" /><INIT seed="7,0,0,4,0,114" ten="340,175,150,335" oya="3" hai0="2,40,34,15,66,105,129,97,7,109,12,14,71" hai1="6,61,51,80,0,121,96,54,101,79,132,69,68" hai2="89,81,41,84,1,83,123,55,4,86,120,11,113" hai3="94,91,122,85,99,104,92,46,117,73,32,64,37"/><W16/><G117/><T20/><D109/><U9/><E121/><V28/><F28/><W50/><G122/><N who="2" m="46633" /><F41/><N who="3" m="24911" /><G32/><T25/><D129/><U62/><E132/><V102/><F55/><W126/><G37/><T116/><D40/><U10/><E10/><V75/><F11/><W39/><G39/><T70/><D116/><U78/><E69/><V35/><F35/><W18/><G73/><T72/><D72/><U58/><E68/><V21/><F21/><W133/><G104/><T77/><D77/><U27/><E27/><V87/><F4/><W29/><G133/><T115/><D115/><U17/><E17/><N who="3" m="6762" /><G126/><T93/><D105/><U56/><E0/><V30/><F30/><W107/><G107/><T90/><D34/><U111/><E6/><V103/><F1/><W43/><G43/><T135/><D135/><U45/><E111/><V8/><F8/><W98/><G29/><T23/><D70/><U118/><E9/><V33/><F33/><W76/><G76/><T119/><D119/><U130/><E118/><V47/><F47/><W88/><G64/><T74/><D74/><U134/><E134/><V131/><F113/><W127/><G127/><T13/><D2/><U22/><E45/><V42/><F42/><W108/><G108/><T110/><D110/><U24/><E130/><V95/><F131/><W82/><G82/><N who="2" m="31241" /><F75/><W53/><G53/><T38/><D38/><U128/><E128/><V57/><F57/><W106/><G106/><T44/><D44/><U63/><E56/><V124/><F124/><W125/><G125/><T52/><D52/><U49/><E49/><RYUUKYOKU ba="0,0" sc="340,-15,175,-15,150,15,335,15" hai2="84,86,87,89,95,102,103" hai3="85,88,91,92,94,98,99" owari="325,13.0,160,-34.0,165,-23.0,350,44.0" /></mjloggm>