<mjloggm ver="2.3"><GO type="169" lobby="0"/><UN n0="%7A%65%52%6F" n1="%E5%B0%B1%E6%B4%BB%E7%94%9F%40%E5%B7%9D%E6%9D%91%E8%BB%8D%E5%9B%A3" n2="%6D%61%73%61%73%69%6F" n3="%6B%65%69%30%34%31%33" dan="17,17,16,16" rate="2252.59,2173.58,2114.06,2108.87" sx="M,M,M,M"/><TAIKYOKU oya="0"/><INIT seed="0,0,0,1,5,27" ten="250,250,250,250" oya="0" hai0="8,20,15,74,64,114,88,134,57,50,18,82,68" hai1="129,79,93,128,2,56,105,107,85,9,71,131,97" hai2="31,29,91,47,34,0,44,99,38,54,124,100,35" hai3="133,37,119,77,41,1,4,65,14,115,6,81,26"/><T70/><D114/><U17/><E71/><V59/><F0/><W80/><G119/><T40/><D134/><U48/><E2/><V45/><F38/><W21/><G1/><T127/><D127/><U16/><E79/><V89/><F124/><W33/><G33/><T63/><D74/><U121/><E121/><V108/><F108/><W32/><G32/><T87/><REACH who="0" step="1"/><D8/><REACH who="0" ten="240,250,250,250" step="2"/><U76/><E9/><V110/><F110/><W30/><G133/><T39/><D39/><U86/><E128/><V120/><F120/><W25/><G115/><T78/><D78/><U83/><E129/><V67/><F35/><W123/><G37/><T132/><D132/><U36/><E131/><V53/><F34/><W111/><G111/><T113/><D113/><U46/><E36/><V95/><F67/><W118/><G123/><T3/><D3/><U22/><E56/><V135/><F135/><W116/><G77/><T55/><D55/><U103/><E85/><V58/><F58/><W19/><G116/><T23/><D23/><U11/><E11/><V52/><F59/><W75/><G118/><T101/><D101/><U126/><E126/><V62/><F62/><W90/><G75/><T122/><D122/><U7/><E7/><V92/><F100/><W12/><G4/><T96/><D96/><AGARI ba="0,1" hai="29,31,44,45,47,52,53,54,89,91,92,95,96,99" machi="96" ten="40,8000,1" yaku="9,1,8,1,52,2,54,1" doraHai="27" who="2" fromWho="0" sc="240,-80,250,0,250,90,250,0" /><INIT seed="1,0,0,2,1,98" ten="160,250,340,250" oya="1" hai0="18,21,2,123,100,68,96,122,42,14,23,9,86" hai1="126,115,94,38,87,0,47,46,49,13,109,112,30" hai2="19,135,84,69,70,37,127,128,74,75,27,103,134" hai3="31,41,93,118,72,61,81,52,53,65,62,104,55"/><U36/><E0/><V71/><F37/><W117/><G104/><T111/><D68/><U90/><E126/><V24/><F84/><W3/><G3/><T56/><D111/><U33/><E109/><V108/><F108/><W57/><G31/><T51/><D86/><U106/><E106/><V131/><F19/><W78/><G41/><T95/><D2/><U22/><E33/><V67/><F67/><W83/><G83/><T26/><D23/><U59/><E46/><V28/><F28/><W91/><REACH who="3" step="1"/><G62/><REACH who="3" ten="160,250,340,240" step="2"/><T12/><D42/><U79/><E38/><V132/><F127/><W99/><AGARI ba="0,1" hai="52,53,55,57,61,65,72,78,81,91,93,99,117,118" machi="99" ten="30,7900,0" yaku="1,1,2,1,0,1,54,1,53,0" doraHai="98" doraHaiUra="101" who="3" fromWho="3" sc="160,-20,250,-39,340,-20,240,89" /><INIT seed="2,0,0,4,5,96" ten="140,211,320,329" oya="2" hai0="47,119,3,14,78,124,53,110,33,67,7,121,125" hai1="72,132,11,75,13,117,54,68,91,126,44,22,10" hai2="101,87,52,17,57,106,55,85,27,29,108,8,123" hai3="111,97,20,77,83,5,70,28,59,45,63,115,37"/><V2/><F123/><W4/><G70/><T134/><D78/><U95/><E117/><V41/><F41/><W112/><G111/><T92/><D33/><U80/><E68/><V39/><F39/><W34/><G34/><T88/><D67/><U0/><E132/><V30/><F108/><W90/><G28/><T23/><D3/><U56/><E126/><V19/><F57/><W114/><G20/><T32/><D32/><U62/><E0/><V12/><F2/><W65/><G90/><T94/><D121/><U21/><E11/><V73/><F73/><N who="3" m="43439" /><G97/><T98/><D134/><U128/><E128/><V66/><F66/><W42/><AGARI ba="0,0" hai="4,5,37,42,45,59,63,65,112,114,115" m="43439" machi="42" ten="40,1500,0" yaku="11,1" doraHai="96" who="3" fromWho="3" sc="140,-4,211,-4,320,-7,329,15" /><INIT seed="3,0,0,3,2,48" ten="136,207,313,344" oya="3" hai0="116,101,51,93,111,103,36,46,97,67,53,43,32" hai1="52,12,23,39,129,31,80,5,20,13,57,24,73" hai2="124,41,10,120,2,127,130,104,75,118,8,59,105" hai3="88,34,54,66,77,107,64,18,115,19,108,123,122"/><W61/><G115/><T65/><D32/><U79/><E39/><V113/><F75/><W35/><G77/><T70/><D116/><U44/><E129/><V38/><F118/><W33/><G107/><T81/><D111/><U60/><E5/><V112/><F130/><W98/><G108/><T106/><D81/><U21/><REACH who="1" step="1"/><E44/><REACH who="1" ten="136,197,313,344" step="2"/><V132/><F38/><W47/><G123/><T50/><D36/><U135/><E135/><V74/><F132/><W29/><G122/><T11/><D70/><U68/><E68/><V92/><F120/><W95/><G47/><T14/><D106/><U7/><E7/><V133/><F133/><W1/><G1/><T0/><D0/><U15/><AGARI ba="0,1" hai="12,13,15,20,21,23,24,31,52,57,60,73,79,80" machi="15" ten="30,7900,0" yaku="1,1,0,1,52,1,54,1,53,0" doraHai="48" doraHaiUra="30" who="1" fromWho="1" sc="136,-20,197,89,313,-20,344,-39" /><INIT seed="4,0,0,2,2,131" ten="116,286,293,305" oya="0" hai0="124,75,99,34,44,12,84,3,113,8,89,95,43" hai1="42,104,66,133,118,100,130,67,127,90,46,48,20" hai2="125,29,61,73,60,128,5,94,103,77,129,27,10" hai3="50,87,81,1,24,41,117,79,54,111,52,32,21"/><T63/><D75/><U0/><E130/><N who="2" m="50283" /><F125/><W26/><G1/><T74/><D74/><U101/><E0/><N who="2" m="295" /><F77/><W122/><G111/><T107/><D34/><U18/><E127/><V31/><F73/><W92/><G117/><T86/><D3/><U70/><E133/><V62/><F27/><W36/><G36/><T76/><D124/><U82/><E118/><V83/><F83/><W28/><G122/><T88/><D76/><U53/><E53/><V2/><F2/><W47/><REACH who="3" step="1"/><G92/><REACH who="3" ten="116,286,293,295" step="2"/><T105/><D113/><U68/><E104/><V112/><F112/><W71/><G71/><T120/><D120/><U56/><E70/><V114/><F114/><W16/><AGARI ba="0,1" hai="16,21,24,26,28,32,41,47,50,52,54,79,81,87" machi="16" ten="20,12000,2" yaku="1,1,0,1,7,1,54,2,53,1" doraHai="131" doraHaiUra="80" who="3" fromWho="3" sc="116,-60,286,-30,293,-30,295,130" /><INIT seed="5,0,0,0,1,64" ten="56,256,263,425" oya="1" hai0="20,107,31,92,8,131,49,35,123,1,7,76,86" hai1="126,80,102,133,44,22,101,23,29,84,78,65,70" hai2="51,58,46,129,120,56,117,113,108,99,36,83,112" hai3="82,100,10,116,37,15,3,14,66,119,134,17,53"/><U135/><E126/><V52/><F120/><W5/><G100/><T128/><D107/><U98/><E44/><V93/><F117/><W104/><G104/><T94/><D123/><U121/><E121/><V45/><F108/><W19/><G37/><T71/><D35/><U115/><E115/><N who="2" m="44107" /><F83/><W87/><G66/><T13/><D49/><U75/><E75/><V69/><F129/><W130/><G53/><T122/><D122/><U43/><E43/><N who="2" m="22759" /><F69/><W81/><G81/><T67/><D76/><U12/><E12/><V0/><F0/><W9/><G130/><T111/><D111/><U109/><E109/><V48/><F51/><W127/><G127/><T114/><D114/><U89/><E78/><V24/><F24/><W85/><G82/><T132/><D128/><U16/><E29/><V30/><F30/><W79/><G79/><T124/><D124/><U33/><E33/><V38/><F38/><W34/><G34/><T54/><D131/><U77/><E77/><V118/><F118/><W63/><G3/><T97/><D31/><U27/><E23/><V62/><F62/><W73/><G63/><T125/><D125/><U18/><E18/><V25/><F25/><W110/><G110/><T88/><D20/><U105/><E102/><AGARI ba="0,0" hai="46,48,52,56,58,93,99,102" m="22759,44107" machi="102" ten="30,3900,0" yaku="15,1,11,1,54,1" doraHai="64" who="2" fromWho="1" sc="56,0,256,-39,263,39,425,0" /><INIT seed="6,0,0,4,3,111" ten="56,217,302,425" oya="2" hai0="68,20,78,19,15,128,57,132,9,34,100,7,123" hai1="74,22,102,8,56,94,46,75,80,51,97,85,64" hai2="48,134,37,38,70,12,17,105,114,131,65,90,112" hai3="41,59,10,76,95,110,116,133,72,11,84,103,121"/><V49/><F105/><W61/><G41/><T52/><D68/><U24/><E8/><V40/><F90/><W60/><G72/><T43/><D123/><U118/><E118/><V32/><F32/><W107/><G107/><T33/><D43/><U31/><E46/><V14/><F40/><W42/><G59/><T1/><D132/><U91/><REACH who="1" step="1"/><E51/><REACH who="1" ten="56,207,302,425" step="2"/><V45/><F45/><W21/><G116/><T93/><D128/><U106/><E106/><V89/><F49/><W71/><G110/><T101/><D78/><U98/><E98/><V6/><F48/><W39/><G76/><T119/><D119/><U81/><E81/><V86/><F134/><W125/><G11/><T50/><REACH who="0" step="1"/><D93/><REACH who="0" ten="46,207,302,425" step="2"/><U30/><E30/><V23/><F131/><W83/><G133/><T129/><D129/><U58/><E58/><V44/><F44/><W29/><G95/><T3/><D3/><U96/><E96/><V36/><F70/><W79/><G71/><T115/><D115/><U25/><E25/><V82/><F114/><W73/><G79/><T87/><D87/><U54/><E54/><V113/><F65/><W127/><G84/><T53/><D53/><U2/><E2/><V135/><F135/><W63/><G42/><T35/><AGARI ba="0,2" hai="1,7,9,15,19,20,33,34,35,50,52,57,100,101" machi="35" ten="30,4000,0" yaku="1,1,0,1,54,1,53,0" doraHai="111" doraHaiUra="122" who="0" fromWho="0" sc="46,60,207,-10,302,-20,425,-10" /><INIT seed="7,0,0,0,4,80" ten="106,197,282,415" oya="3" hai0="64,131,26,104,122,5,98,113,13,42,86,25,50" hai1="60,75,18,45,85,66,135,40,59,106,3,35,36" hai2="37,24,44,8,97,33,107,112,65,96,99,56,46" hai3="132,31,124,30,71,115,73,69,32,110,76,54,81"/><W90/><G54/><T10/><D122/><U72/><E106/><V87/><F107/><W12/><G12/><T88/><D131/><U100/><E3/><V61/><F33/><W74/><G90/><T17/><D64/><U77/><E35/><V29/><F37/><W55/><G55/><T15/><D113/><U1/><E1/><V34/><F8/><W79/><G81/><T111/><D111/><U84/><E135/><V129/><F129/><W49/><G49/><T116/><D116/><U58/><E100/><V67/><F67/><W103/><G103/><T93/><D104/><U0/><E0/><V123/><F112/><W94/><G94/><T91/><D42/><U121/><E121/><V2/><F2/><W11/><G11/><T70/><D70/><U108/><E108/><V41/><F41/><W38/><G32/><T68/><D68/><U102/><E102/><V14/><F123/><W133/><G38/><T114/><D114/><U57/><E18/><V117/><F117/><W82/><G115/><T19/><D50/><U53/><E59/><V126/><F34/><W4/><G110/><T43/><D43/><U39/><E39/><V28/><F56/><W89/><G133/><T95/><D19/><U127/><E127/><V78/><F126/><W118/><G124/><T27/><REACH who="0" step="1"/><D15/><REACH who="0" ten="96,197,282,415" step="2"/><U23/><E40/><V92/><F14/><W22/><G69/><T47/><D47/><U109/><E45/><V48/><F46/><W9/><G71/><T125/><D125/><U128/><E66/><V83/><F65/><W105/><G118/><T119/><D119/><RYUUKYOKU ba="0,1" sc="96,30,197,-10,282,-10,415,-10" hai0="5,10,13,17,25,26,27,86,88,91,93,95,98" owari="126,-37.0,187,-21.0,272,7.0,415,51.0" /></mjloggm>