<mjloggm ver="2.3"><GO type="169" lobby="0"/><UN n0="%E8%B6%85%E4%BA%BA%EF%BC%AD" n1="%E3%82%82%E3%82%84%E3%81%97%E3%82%82%E3%82%93" n2="%E3%83%88%E3%83%88%E3%83%AA%E5%85%88%E7%94%9F%31%39%E6%AD%B3" n3="%E7%82%B9%E8%8D%89%E7%8B%AC%E6%AD%A9" dan="17,16,18,16" rate="2222.00,2147.88,2228.91,2053.38" sx="M,F,F,M"/><TAIKYOKU oya="0"/><INIT seed="0,0,0,4,2,91" ten="250,250,250,250" oya="0" hai0="134,24,28,22,74,127,33,73,7,51,107,37,39" hai1="130,3,65,32,20,75,72,89,70,102,112,19,80" hai2="88,103,29,71,117,116,68,126,16,11,82,100,44" hai3="54,96,104,18,27,106,129,135,133,114,131,92,43"/><T118/><D107/><U59/><E32/><V109/><F109/><W77/><G43/><T122/><D122/><U124/><E130/><N who="3" m="49674" /><G54/><T58/><D118/><N who="2" m="45674" /><F29/><W61/><G61/><T21/><D134/><N who="3" m="51209" /><G114/><T17/><D7/><U81/><E112/><V85/><F126/><W132/><N who="3" m="51217" /><W67/><DORA hai="25" /><G67/><T90/><D127/><U69/><E124/><V48/><F68/><W4/><G4/><T64/><D33/><U60/><E3/><V97/><F71/><W15/><G27/><T42/><D37/><U23/><E102/><V128/><F97/><W94/><G77/><T57/><D39/><U105/><E65/><V78/><F78/><W41/><G41/><T5/><D5/><U36/><E36/><V35/><F35/><W1/><G1/><T101/><D64/><U52/><E60/><V6/><F128/><W47/><G47/><T123/><D42/><U76/><E76/><V79/><F79/><W50/><G50/><T45/><D51/><U55/><E59/><V62/><F62/><W53/><G53/><T49/><D57/><U40/><E40/><N who="2" m="24583" /><F16/><W30/><G30/><T121/><D58/><U108/><E19/><V110/><F110/><W2/><G2/><AGARI ba="0,0" hai="2,6,11,82,85,88,100,103" m="24583,45674" machi="2" ten="30,2000,0" yaku="12,1,54,1" doraHai="91,25" who="2" fromWho="3" sc="250,0,250,0,250,20,250,-20" /><INIT seed="1,0,0,0,4,88" ten="250,250,270,230" oya="1" hai0="119,94,8,73,25,68,30,65,15,117,43,64,10" hai1="9,86,35,50,129,84,53,37,134,135,39,71,123" hai2="16,2,112,36,18,14,5,106,17,95,121,132,6" hai3="101,109,102,127,67,80,48,44,40,3,76,31,61"/><U78/><E123/><V91/><F121/><W108/><G127/><T63/><D73/><U120/><E120/><V105/><F36/><W100/><G31/><T93/><D43/><U41/><E129/><V87/><F132/><N who="1" m="50729" /><E71/><V26/><F112/><W0/><G0/><T75/><D75/><U70/><E70/><V79/><F2/><W98/><G3/><T85/><D65/><U128/><E128/><V56/><F79/><W47/><G47/><T97/><D85/><N who="1" m="32875" /><E78/><V125/><F125/><W45/><G45/><T34/><D10/><U111/><E35/><V55/><F26/><W1/><G1/><T33/><D33/><U122/><E41/><V113/><F113/><W131/><G131/><T66/><D66/><U124/><E122/><V13/><F106/><W57/><G80/><T28/><D28/><U59/><E124/><V20/><F105/><W19/><G76/><T96/><D96/><U51/><E51/><N who="2" m="30847" /><F17/><W49/><G49/><T29/><D29/><U118/><E118/><V21/><AGARI ba="0,0" hai="5,6,13,14,16,18,20,21,87,91,95" m="30847" machi="21" ten="30,7900,0" yaku="25,1,8,1,52,1,54,1" doraHai="88" who="2" fromWho="2" sc="250,-20,250,-39,270,79,230,-20" /><INIT seed="2,0,0,3,1,96" ten="230,211,349,210" oya="2" hai0="48,85,116,72,129,37,5,44,13,69,83,28,98" hai1="7,100,47,108,123,87,11,110,91,6,82,19,60" hai2="70,63,34,121,73,4,74,52,65,2,77,118,126" hai3="30,103,76,68,111,38,132,112,128,130,99,75,107"/><V86/><F118/><W59/><G68/><T10/><D72/><U84/><E123/><V18/><F121/><W22/><G38/><T32/><D37/><U53/><E19/><V9/><F126/><W80/><G59/><T1/><D69/><U104/><E84/><V49/><F34/><W16/><G30/><T92/><D116/><U21/><E21/><V131/><F131/><N who="3" m="50219" /><G111/><N who="1" m="42538" /><E11/><V135/><F135/><W105/><G132/><T27/><D129/><U66/><E47/><V122/><F122/><W41/><G41/><T15/><D85/><U117/><E53/><V102/><F18/><W25/><G112/><T36/><D83/><U17/><E17/><V134/><F134/><W133/><G133/><T94/><D94/><AGARI ba="0,0" hai="16,22,25,75,76,80,94,99,103,105,107" m="50219" machi="94" ten="30,3900,0" yaku="19,1,52,1,54,1" doraHai="96" who="3" fromWho="0" sc="230,-39,211,0,349,0,210,39" /><INIT seed="3,0,0,0,4,71" ten="191,211,349,249" oya="3" hai0="83,7,10,22,113,43,50,54,128,91,25,28,53" hai1="58,82,118,76,55,119,59,90,47,20,64,73,70" hai2="46,92,129,8,110,107,3,17,1,69,37,93,63" hai3="27,57,48,36,11,23,79,9,86,103,33,4,97"/><W99/><G33/><T67/><D128/><U123/><E123/><V85/><F107/><W98/><G36/><T62/><D113/><U30/><E70/><V49/><F129/><W60/><G48/><T130/><D130/><U0/><E0/><V116/><F116/><N who="1" m="44585" /><E64/><V41/><F110/><W131/><G131/><T122/><D122/><U42/><E90/><V102/><F92/><W94/><G79/><T84/><D43/><U15/><E55/><V40/><F17/><W96/><G86/><T31/><D31/><U132/><E132/><V104/><F8/><W12/><G11/><T61/><D67/><U108/><E108/><V135/><F135/><W114/><G114/><T81/><D81/><U68/><E68/><V111/><F111/><W106/><G106/><T117/><D54/><U120/><E120/><V32/><F104/><W89/><G103/><T80/><D80/><U125/><E125/><V72/><F72/><W16/><G99/><T51/><D51/><N who="1" m="27127" /><E15/><V39/><F32/><W26/><G27/><AGARI ba="0,0" hai="20,27,30,58,59,73,76,82" m="27127,44585" machi="27" ten="30,1000,0" yaku="12,1" doraHai="71" who="1" fromWho="3" sc="191,0,211,10,349,0,249,-10" /><INIT seed="4,0,0,3,4,20" ten="191,221,349,239" oya="0" hai0="135,91,112,90,68,12,66,5,21,60,116,102,24" hai1="114,22,49,126,4,35,56,85,23,123,97,120,0" hai2="2,100,37,3,122,52,32,124,36,57,25,118,19" hai3="27,81,53,125,69,13,1,14,26,128,46,92,44"/><T133/><D116/><U9/><E126/><V63/><F122/><W65/><G125/><T54/><D102/><U10/><E114/><V73/><F73/><W11/><G128/><T72/><D72/><U59/><E35/><V103/><F124/><W62/><G1/><T38/><D38/><U29/><E97/><V48/><F118/><W82/><G13/><T121/><D54/><U89/><E10/><V30/><F100/><W18/><G92/><T15/><D121/><U76/><E76/><V70/><F19/><W119/><G119/><T129/><D129/><U64/><E23/><V96/><F37/><W83/><REACH who="3" step="1"/><G53/><REACH who="3" ten="191,221,349,229" step="2"/><T67/><D112/><U101/><E0/><V107/><F36/><W79/><G79/><T105/><D105/><U134/><E120/><V8/><F8/><W7/><G7/><T94/><D67/><AGARI ba="0,1" hai="2,3,25,30,32,48,52,57,63,67,70,96,103,107" machi="67" ten="40,8000,1" yaku="25,2,52,1,54,1" doraHai="20" who="2" fromWho="0" sc="191,-80,221,0,349,90,229,0" /><INIT seed="5,0,0,2,0,126" ten="111,221,439,229" oya="1" hai0="30,118,125,69,94,61,96,51,72,111,88,112,123" hai1="3,12,17,110,127,27,87,59,75,131,42,101,48" hai2="134,116,97,15,11,74,84,37,13,100,106,115,60" hai3="114,2,9,107,90,22,54,52,80,29,92,128,32"/><U77/><BYE who="3" /><E75/><V20/><F116/><W41/><G41/><T14/><D118/><UN n3="%E7%82%B9%E8%8D%89%E7%8B%AC%E6%AD%A9" /><U19/><E3/><V53/><F74/><W71/><G107/><T117/><D117/><U47/><E127/><V56/><F37/><W46/><G71/><T31/><D72/><U81/><E110/><V133/><F115/><W105/><G105/><T25/><D125/><U68/><E68/><V5/><F84/><W0/><G32/><T62/><D111/><U55/><E101/><V130/><F130/><W28/><G128/><T23/><D112/><U38/><E131/><V104/><F104/><W85/><G114/><T63/><D123/><U21/><REACH who="1" step="1"/><E12/><REACH who="1" ten="111,211,439,229" step="2"/><V89/><F15/><W93/><G2/><T8/><D69/><U24/><E24/><V132/><F100/><W7/><G0/><T64/><D51/><U44/><E44/><V103/><F103/><W6/><G46/><T109/><D109/><U50/><E50/><V36/><F36/><W35/><G35/><T102/><D102/><U39/><E39/><V26/><F106/><W99/><G22/><T4/><REACH who="0" step="1"/><D64/><REACH who="0" ten="101,211,439,229" step="2"/><U129/><E129/><V66/><F66/><W124/><G124/><T113/><D113/><U18/><AGARI ba="0,2" hai="17,18,19,21,27,38,42,47,48,55,59,77,81,87" machi="18" ten="20,3900,0" yaku="1,1,0,1,7,1,53,0" doraHai="126" doraHaiUra="91" who="1" fromWho="1" sc="101,-13,211,59,439,-13,229,-13" /><INIT seed="5,1,0,3,1,114" ten="88,270,426,216" oya="1" hai0="121,42,108,8,64,68,116,12,6,81,92,28,80" hai1="58,70,74,44,112,2,115,102,10,118,56,79,84" hai2="133,62,51,63,14,71,127,87,122,1,43,57,86" hai3="19,52,30,38,50,45,107,76,78,37,132,129,59"/><U134/><E74/><V77/><F122/><W18/><G107/><T13/><D108/><U100/><E70/><V15/><F1/><W82/><G129/><T35/><D121/><U125/><E125/><V69/><F127/><W4/><G132/><T90/><D42/><U130/><E130/><V106/><F106/><W83/><G30/><T109/><D109/><U75/><E75/><V117/><F133/><W48/><G4/><T17/><D116/><U99/><E118/><V9/><F117/><W40/><G38/><T120/><D120/><U97/><E44/><N who="2" m="26015" /><F69/><W11/><G37/><T66/><D28/><U54/><E134/><V119/><F71/><W49/><G49/><T104/><D35/><U89/><E79/><V39/><F39/><W61/><G48/><T95/><D95/><N who="1" m="54695" /><E10/><V67/><F119/><W98/><G98/><N who="1" m="37386" /><E2/><V24/><F77/><W53/><G11/><N who="0" m="6335" /><D68/><U131/><E131/><V21/><F9/><W5/><G40/><T93/><D93/><U126/><E126/><V32/><F32/><W0/><G0/><T55/><D104/><U135/><E135/><V65/><F86/><W41/><G41/><T46/><D92/><U72/><E72/><V36/><F87/><N who="3" m="48583" /><G5/><T88/><D81/><U128/><E128/><V23/><F36/><W34/><G34/><T7/><D7/><U33/><E33/><V105/><F105/><W60/><G60/><T47/><D80/><U123/><E123/><V124/><F124/><W85/><AGARI ba="1,0" hai="18,19,45,50,52,53,59,61,78,83,85" m="48583" machi="85" ten="30,2000,0" yaku="8,1,54,1" doraHai="114" who="3" fromWho="3" sc="88,-6,270,-11,426,-6,216,23" /><INIT seed="6,0,0,1,3,114" ten="82,259,420,239" oya="2" hai0="92,69,89,91,70,31,50,127,0,125,112,46,35" hai1="30,18,28,83,84,16,24,61,20,104,80,135,15" hai2="87,132,76,130,51,25,75,22,14,56,120,113,4" hai3="60,33,109,64,36,106,108,77,29,13,111,68,42"/><V5/><F120/><W93/><G93/><T81/><D0/><U121/><E121/><V90/><F113/><W59/><G77/><T123/><D112/><U67/><E104/><V40/><F130/><W17/><G106/><T74/><D123/><U124/><E135/><V71/><F71/><W118/><G29/><T55/><D31/><U7/><E7/><V41/><F132/><W78/><G78/><T117/><D35/><U99/><E99/><V45/><F41/><W43/><G33/><T129/><D129/><U19/><E124/><V94/><F14/><W79/><G79/><N who="0" m="44279" /><D70/><U103/><E103/><V85/><F75/><W128/><G128/><T27/><D69/><U52/><E67/><V72/><F72/><W133/><G133/><T53/><D53/><U44/><E80/><N who="2" m="47239" /><F56/><W58/><G13/><T110/><D27/><U32/><E30/><AGARI ba="0,0" hai="4,5,22,25,30,40,45,51,87,90,94" m="47239" machi="30" ten="30,1500,0" yaku="8,1" doraHai="114" who="2" fromWho="1" sc="82,0,259,-15,420,15,239,0" /><INIT seed="6,1,0,5,0,79" ten="82,244,435,239" oya="2" hai0="59,51,110,12,2,53,17,102,76,56,78,95,91" hai1="99,38,20,122,111,125,16,0,134,113,105,92,35" hai2="114,130,75,54,19,80,14,42,34,109,83,70,66" hai3="40,30,135,13,18,87,98,117,9,10,62,48,26"/><V81/><F34/><W120/><G120/><T63/><D102/><U86/><RYUUKYOKU type="yao9" ba="1,0" sc="82,0,244,0,435,0,239,0" hai1="0,16,20,35,38,86,92,99,105,111,113,122,125,134" /><INIT seed="6,2,0,2,5,43" ten="82,244,435,239" oya="2" hai0="25,2,1,57,59,12,112,0,71,135,39,65,82" hai1="132,108,118,111,73,76,70,105,44,125,33,15,21" hai2="88,80,62,45,51,26,4,122,123,83,102,130,35" hai3="8,78,66,97,92,93,99,119,109,48,49,81,18"/><V64/><F130/><W46/><G109/><T32/><D39/><U75/><E15/><V53/><F4/><W24/><G119/><T98/><D135/><U16/><E21/><V134/><F134/><W72/><G66/><T22/><D112/><U131/><E16/><V128/><F128/><W37/><G37/><T34/><D12/><U41/><E44/><V38/><F102/><W5/><G48/><T129/><D129/><U10/><E41/><V79/><F38/><W50/><G50/><T68/><D82/><U89/><E10/><V77/><F35/><W30/><G18/><T114/><D114/><U69/><E89/><V20/><F122/><W55/><G97/><T84/><D84/><U14/><E76/><V56/><F123/><W29/><G24/><T36/><D36/><U85/><E14/><V61/><F61/><W7/><G93/><T3/><N who="0" m="0" /><DORA hai="121" /><T23/><D98/><U115/><E85/><N who="2" m="50239" /><F80/><W95/><G95/><T113/><D113/><U17/><E115/><V6/><F6/><W74/><G74/><T126/><D126/><U107/><E125/><V63/><F63/><W31/><REACH who="3" step="1"/><G8/><REACH who="3" ten="82,244,435,229" step="2"/><T11/><D11/><U19/><E118/><V27/><F27/><W60/><G60/><T58/><D65/><U101/><E132/><V9/><F9/><W40/><G40/><T94/><D94/><U90/><E131/><V96/><F96/><W103/><AGARI ba="2,1" hai="5,7,29,30,31,46,49,55,72,78,81,92,99,103" machi="103" ten="30,7900,0" yaku="1,1,0,1,52,1,53,1" doraHai="43,121" doraHaiUra="104,124" who="3" fromWho="3" sc="82,-22,244,-22,435,-41,229,95" /><INIT seed="7,0,0,1,4,134" ten="60,222,394,324" oya="3" hai0="73,10,28,122,44,123,22,15,121,93,64,90,16" hai1="19,47,48,61,96,60,128,20,114,23,34,7,0" hai2="99,49,5,51,68,24,110,83,39,108,135,130,101" hai3="89,50,77,30,103,115,3,112,117,33,57,80,129"/><W124/><G117/><T32/><D73/><U26/><E114/><N who="3" m="43562" /><G103/><T53/><D64/><U84/><E128/><V82/><F39/><W67/><G129/><T92/><D44/><U75/><E75/><V66/><F130/><W94/><G3/><T132/><D132/><U107/><E34/><V12/><F135/><W79/><G30/><T109/><D109/><U9/><E84/><V95/><F108/><W45/><G33/><T100/><D100/><U78/><E78/><N who="3" m="29706" /><G80/><N who="2" m="30761" /><F68/><W52/><G67/><T35/><D53/><U91/><E107/><V113/><F110/><W72/><G72/><T87/><D93/><U8/><E8/><N who="2" m="4111" /><F113/><W42/><G124/><T17/><D28/><U63/><E23/><V13/><F24/><W41/><G57/><T81/><D81/><U2/><E0/><V59/><F13/><W118/><G118/><T21/><D10/><U127/><E91/><V111/><F111/><W133/><G133/><T69/><D69/><U125/><REACH who="1" step="1"/><E96/><AGARI ba="0,0" hai="41,42,45,50,52,89,94,96" m="29706,43562" machi="96" ten="30,2900,0" yaku="15,1,54,1" doraHai="134" who="3" fromWho="1" sc="60,0,222,-29,394,0,324,29" /><INIT seed="7,1,0,5,1,69" ten="60,193,394,353" oya="3" hai0="95,125,10,120,70,114,36,107,88,14,6,29,45" hai1="23,62,103,129,48,130,58,59,63,51,110,118,17" hai2="76,2,65,32,78,19,105,1,109,35,116,108,31" hai3="119,39,90,135,102,3,111,134,96,26,49,34,16"/><W73/><G119/><T46/><D107/><U13/><E110/><N who="2" m="42603" /><F19/><W22/><G73/><T67/><D120/><U132/><E103/><V54/><F54/><W99/><G111/><T56/><D70/><U81/><E81/><V7/><F105/><N who="3" m="63687" /><G3/><N who="2" m="1033" /><F65/><W68/><G68/><T72/><D72/><U20/><E132/><N who="3" m="50730" /><G34/><N who="2" m="12841" /><F116/><W86/><G99/><T123/><D123/><U15/><E118/><V60/><F60/><W133/><N who="3" m="50738" /><W43/><DORA hai="28" /><G49/><T64/><D29/><U50/><E51/><V66/><F66/><W115/><G115/><T79/><D114/><U74/><E74/><V47/><F31/><W24/><G39/><T85/><D125/><U75/><E75/><V104/><F104/><W77/><G43/><T4/><D79/><N who="2" m="30250" /><F47/><W53/><G77/><T21/><D6/><AGARI ba="1,0" hai="6,7" m="30250,12841,1033,42603" machi="6" ten="40,8000,1" yaku="28,2,52,3" doraHai="69,28" who="2" fromWho="0" sc="60,-83,193,0,394,83,353,0" owari="-23,-52.0,193,-21.0,477,58.0,353,15.0" /></mjloggm>