<mjloggm ver="2.3"><GO type="41" lobby="0"/><UN n0="%E5%B0%B1%E6%B4%BB%E7%94%9F%40%E5%B7%9D%E6%9D%91%E8%BB%8D%E5%9B%A3" n1="%EF%BC%8A%E7%B4%97%E5%BC%A5%E8%8F%AF%EF%BC%8A" n2="%E8%8A%9D%E7%94%B0%E6%B8%89" n3="%E3%82%A8%E3%83%A0%E3%82%BA%E3%82%AC%E3%83%BC%E3%83%87%E3%83%B3" dan="17,15,14,14" rate="2199.48,2027.39,1909.98,1952.05" sx="M,F,M,M"/><TAIKYOKU oya="0"/><INIT seed="0,0,0,5,2,13" ten="250,250,250,250" oya="0" hai0="41,87,130,50,46,32,56,111,77,78,121,62,24" hai1="22,4,113,103,33,91,131,10,79,109,65,71,30" hai2="59,135,119,27,117,128,44,93,105,31,3,9,17" hai3="28,98,43,51,67,1,47,95,60,14,73,42,106"/><T35/><D121/><U92/><E33/><N who="2" m="20735" /><F105/><W45/><G1/><T112/><D112/><U82/><E131/><V120/><F93/><W132/><G73/><T126/><D130/><U90/><E113/><V81/><F59/><W115/><G115/><T64/><D126/><U54/><E109/><V16/><F81/><W116/><G116/><N who="2" m="44617" /><F44/><W108/><G108/><T39/><D111/><U107/><E107/><V63/><F63/><W94/><G132/><T124/><D124/><U0/><E54/><V83/><F128/><W118/><G118/><T57/><D87/><U110/><E110/><V58/><F120/><W8/><G28/><T11/><D11/><U72/><E103/><V19/><F135/><W53/><G98/><T133/><D133/><U114/><E92/><V29/><F58/><N who="3" m="37271" /><G106/><T48/><D77/><U15/><E114/><V80/><F29/><W100/><G100/><T76/><D78/><U123/><E123/><V23/><F23/><W49/><G53/><T21/><D76/><U84/><E72/><V88/><F88/><W70/><G70/><T40/><D39/><U20/><E71/><V122/><F122/><W34/><G34/><T125/><D125/><U38/><E65/><V7/><AGARI ba="0,0" hai="3,7,9,16,17,19,80,83" m="44617,20735" machi="7" ten="40,8000,1" yaku="12,1,52,3,54,1" doraHai="13" who="2" fromWho="2" sc="250,-40,250,-20,250,80,250,-20" /><INIT seed="1,0,0,5,1,19" ten="210,230,330,230" oya="1" hai0="82,104,36,46,114,65,131,111,73,40,10,24,15" hai1="1,29,60,32,33,6,112,21,25,126,44,43,98" hai2="109,75,47,68,115,27,66,23,11,57,117,62,8" hai3="34,52,26,107,87,124,42,92,121,120,20,91,31"/><U50/><E112/><V128/><F75/><W56/><G124/><T77/><D114/><U127/><E98/><V78/><F117/><W96/><G42/><T16/><D111/><U30/><E60/><V80/><F115/><W53/><G34/><T86/><D131/><U130/><E130/><V108/><F128/><W49/><G53/><T113/><D113/><U69/><E69/><V101/><F47/><W102/><AGARI ba="0,0" hai="20,26,31,49,52,56,87,91,92,96,102,107,120,121" machi="102" ten="30,4000,0" yaku="0,1,52,1,54,1" doraHai="19" who="3" fromWho="3" sc="210,-10,230,-20,330,-10,230,40" /><INIT seed="2,0,0,0,5,103" ten="200,210,320,270" oya="2" hai0="26,14,0,45,86,40,16,55,126,77,124,62,128" hai1="83,37,56,49,111,54,46,34,36,112,85,102,20" hai2="17,33,91,71,125,74,21,48,107,13,99,104,30" hai3="75,69,98,118,63,41,10,2,73,97,47,78,67"/><V64/><F74/><W29/><G118/><T72/><D0/><U61/><E34/><V39/><F39/><W132/><G132/><T131/><D72/><U3/><E112/><V87/><F125/><N who="0" m="48234" /><D26/><U44/><E3/><V60/><F99/><W117/><G117/><T15/><D15/><U84/><E111/><V18/><F33/><W57/><G29/><T22/><D77/><U38/><E102/><V109/><F109/><W52/><G75/><T100/><D100/><U19/><E84/><V27/><F48/><W92/><G92/><T7/><D7/><U115/><E115/><V93/><REACH who="2" step="1"/><F18/><REACH who="2" ten="200,210,310,270" step="2"/><W8/><G97/><T88/><D40/><U79/><REACH who="1" step="1"/><E49/><REACH who="1" ten="200,200,310,270" step="2"/><V90/><F90/><W6/><G98/><T31/><D128/><U12/><AGARI ba="0,2" hai="12,19,20,36,37,38,44,46,54,56,61,79,83,85" machi="12" ten="30,4000,0" yaku="1,1,2,1,0,1,53,0" doraHai="103" doraHaiUra="116" who="1" fromWho="1" sc="200,-10,200,60,310,-20,270,-10" /><INIT seed="3,0,0,2,0,122" ten="190,260,290,260" oya="3" hai0="130,96,131,135,123,26,102,115,85,62,116,48,2" hai1="75,88,82,87,32,112,67,100,3,30,70,14,49" hai2="52,16,94,6,101,108,23,84,109,126,59,66,29" hai3="110,119,34,12,44,37,40,127,93,128,77,86,9"/><W118/><G34/><T27/><D2/><U90/><E3/><V97/><F66/><W104/><G104/><T31/><D116/><U41/><E75/><V72/><F72/><W113/><G113/><T103/><D123/><U99/><E112/><V98/><F6/><W107/><G107/><T124/><D115/><U50/><E41/><V8/><F8/><W10/><G128/><T73/><D73/><U28/><E90/><N who="2" m="53575" /><F29/><W46/><G127/><T51/><D124/><U55/><E14/><N who="2" m="9623" /><F101/><W71/><G71/><T13/><D13/><U56/><E49/><N who="2" m="31119" /><F126/><W38/><G12/><T61/><D31/><U81/><E32/><V47/><F47/><W5/><G5/><T45/><D45/><U65/><E81/><V54/><F54/><W117/><G117/><T92/><D92/><N who="1" m="58471" /><E70/><V95/><F95/><W4/><G4/><T53/><D53/><U79/><E67/><V114/><F114/><W89/><G77/><T68/><D68/><U60/><E79/><V91/><F91/><W80/><G80/><T63/><D131/><U78/><E78/><V1/><F1/><W15/><G15/><T76/><D130/><U58/><AGARI ba="0,0" hai="28,30,50,55,56,58,60,65,82,87,88" m="58471" machi="58" ten="30,2000,0" yaku="8,1,54,1" doraHai="122" who="1" fromWho="1" sc="190,-5,260,20,290,-5,260,-10" /><INIT seed="4,0,0,2,0,86" ten="185,280,285,250" oya="0" hai0="62,25,87,56,135,76,2,106,42,130,129,82,96" hai1="35,78,37,98,22,69,71,21,128,30,33,63,109" hai2="46,60,3,91,16,23,27,81,103,7,113,4,70" hai3="104,88,119,40,125,67,118,48,94,107,111,24,101"/><T44/><D2/><U97/><E109/><V117/><F117/><W132/><G111/><T73/><D135/><U41/><E78/><V12/><F113/><W64/><G132/><T51/><D25/><U108/><E108/><V47/><F103/><W68/><G125/><T121/><D121/><U74/><E74/><V115/><F115/><W61/><G67/><T58/><D73/><U54/><E128/><N who="0" m="49257" /><D62/><U14/><E30/><N who="2" m="17791" /><F70/><W5/><G5/><N who="2" m="2121" /><F60/><W133/><G133/><T9/><D9/><U49/><E63/><V17/><F17/><W120/><G120/><T20/><D20/><U105/><E37/><V31/><F31/><W80/><G80/><T28/><D28/><U102/><E69/><V122/><F3/><W53/><G40/><T39/><D39/><U83/><E71/><V55/><F55/><W114/><G114/><T89/><D76/><U66/><E54/><V72/><F72/><W65/><G64/><T6/><D6/><U18/><E66/><V36/><F36/><W13/><G13/><T43/><D43/><U15/><E14/><V116/><F116/><W10/><G10/><T99/><D106/><U0/><E0/><V26/><F26/><W75/><G24/><T11/><D11/><U57/><E15/><V79/><F79/><W34/><G34/><T19/><D19/><U131/><E35/><V112/><F112/><W1/><G1/><T85/><D85/><U126/><E33/><V134/><F134/><W90/><G75/><T77/><D77/><U29/><E131/><V127/><F122/><W59/><G119/><T38/><D38/><RYUUKYOKU ba="0,0" sc="185,30,280,-10,285,-10,250,-10" hai0="42,44,51,56,58,82,87,89,96,99" /><INIT seed="4,1,0,3,1,40" ten="215,270,275,240" oya="0" hai0="99,71,126,1,60,79,113,9,8,110,37,2,11" hai1="4,43,98,120,33,122,66,76,95,106,104,10,27" hai2="115,57,54,50,89,65,24,130,92,109,119,73,20" hai3="108,112,7,78,41,56,128,85,133,17,88,16,5"/><T100/><D113/><U58/><E76/><V86/><F73/><W67/><G108/><T116/><D116/><U13/><E43/><V123/><F119/><W59/><G112/><T62/><D37/><U25/><E104/><V97/><F130/><W114/><G114/><T19/><D110/><U55/><E106/><V26/><F123/><W75/><G128/><T18/><D126/><U91/><E66/><V87/><F115/><W32/><G32/><T94/><D79/><U28/><E27/><V102/><F109/><W38/><G133/><T46/><D46/><U69/><E69/><V83/><F87/><W70/><G70/><T49/><D49/><AGARI ba="1,0" hai="4,10,13,25,28,33,49,55,58,91,95,98,120,122" machi="49" ten="30,1000,0" yaku="7,1" doraHai="40" who="1" fromWho="0" sc="215,-13,270,13,275,0,240,0" /><INIT seed="5,0,0,0,5,76" ten="202,283,275,240" oya="1" hai0="73,59,53,135,62,52,25,5,70,17,1,134,6" hai1="106,75,72,19,93,96,18,89,118,39,69,86,28" hai2="124,65,13,85,113,129,127,58,35,60,3,87,82" hai3="14,68,133,7,12,95,132,26,30,100,99,21,88"/><U102/><E118/><V49/><F35/><W37/><G37/><T31/><D73/><U119/><E119/><V38/><F38/><W4/><G68/><T109/><D109/><U56/><E69/><V45/><F3/><W41/><G41/><T103/><D103/><U98/><E39/><V42/><F113/><W54/><G54/><T57/><D70/><U46/><E46/><V128/><F85/><W24/><G24/><T2/><D17/><U114/><E28/><V55/><F13/><N who="3" m="5227" /><G100/><T125/><D125/><N who="2" m="48202" /><F82/><W16/><G30/><T108/><D108/><U107/><E114/><V92/><F92/><W117/><G117/><T84/><D84/><U120/><E120/><V51/><F87/><W83/><G83/><T97/><D97/><N who="1" m="37483" /><E56/><AGARI ba="0,0" hai="42,45,49,51,55,56,58,60,65,128,129" m="48202" machi="56" ten="30,3900,0" yaku="18,1,34,2" doraHai="76" who="2" fromWho="1" sc="202,0,283,-39,275,39,240,0" /><INIT seed="6,0,0,2,5,117" ten="202,244,314,240" oya="2" hai0="96,127,56,131,115,55,81,123,6,18,118,90,97" hai1="65,47,38,98,57,62,106,37,72,51,114,94,100" hai2="129,49,73,95,121,89,128,75,84,133,25,22,63" hai3="111,119,113,4,32,79,108,135,42,103,31,43,61"/><V2/><F2/><W40/><G119/><T68/><D68/><U105/><E114/><V116/><F116/><W78/><G135/><T1/><D118/><U20/><E72/><V132/><F63/><W85/><G4/><T27/><D115/><U126/><E126/><V69/><F49/><W88/><G113/><T41/><D41/><U83/><E83/><V29/><F69/><W19/><G103/><T124/><D131/><N who="2" m="50250" /><F29/><W24/><G61/><T110/><D6/><U80/><E80/><V3/><F3/><W28/><G28/><T102/><D1/><U39/><REACH who="1" step="1"/><E20/><REACH who="1" ten="202,234,314,240" step="2"/><V122/><F22/><W35/><G32/><T15/><D124/><U71/><E71/><V58/><F58/><W87/><G111/><T26/><D127/><U112/><E112/><V99/><F25/><W33/><G33/><T92/><D110/><U93/><E93/><N who="2" m="54439" /><F75/><W5/><G108/><T91/><D27/><U34/><E34/><V70/><F70/><W120/><G24/><T45/><D26/><U130/><E130/><V82/><F82/><W0/><G35/><T101/><D81/><U77/><E77/><V16/><F73/><W46/><G78/><T74/><D74/><U11/><E11/><V50/><F132/><W60/><G79/><T59/><D59/><U134/><E134/><V9/><F133/><W125/><G125/><T13/><D56/><U10/><E10/><V67/><F9/><W54/><G31/><T30/><D30/><U21/><E21/><V8/><F67/><W53/><G0/><T48/><D92/><U14/><E14/><N who="2" m="7239" /><F50/><W86/><G60/><RYUUKYOKU ba="0,1" sc="202,-15,234,15,314,15,240,-15" hai1="37,38,39,47,51,57,62,65,94,98,100,105,106" hai2="95,99,121,122" /><INIT seed="6,1,1,1,0,72" ten="187,249,329,225" oya="2" hai0="75,74,99,112,122,133,105,34,4,17,43,61,84" hai1="47,107,90,106,6,53,92,2,29,101,27,130,11" hai2="33,67,78,44,132,88,14,63,79,104,18,19,91" hai3="71,10,21,66,135,65,15,119,82,125,114,124,131"/><V109/><F33/><W129/><G119/><T108/><D108/><U81/><E130/><N who="3" m="49674" /><G71/><T5/><D122/><U118/><E118/><V111/><F104/><W13/><G114/><T58/><D34/><U115/><E115/><V89/><F44/><W96/><G96/><T134/><D112/><U80/><E101/><V56/><F132/><N who="0" m="50794" /><D43/><U103/><E103/><V77/><REACH who="2" step="1"/><F14/><REACH who="2" ten="187,249,319,225" step="2"/><W60/><G135/><T7/><D105/><U86/><E106/><V83/><F83/><W41/><G82/><T45/><D45/><U57/><E107/><V25/><F25/><W42/><G15/><T76/><D99/><U52/><E47/><V1/><F1/><W121/><G13/><T73/><D17/><AGARI ba="1,2" hai="17,18,19,56,63,67,77,78,79,88,89,91,109,111" machi="17" ten="50,12000,1" yaku="1,1,52,3,54,1,53,0" doraHai="72" doraHaiUra="116" who="2" fromWho="0" sc="187,-123,249,0,319,143,225,0" /><INIT seed="6,2,0,0,4,92" ten="64,249,462,225" oya="2" hai0="116,37,101,126,1,50,47,99,88,94,85,131,22" hai1="4,70,124,109,129,91,111,125,17,117,62,69,45" hai2="130,134,64,114,42,78,63,135,84,83,19,76,14" hai3="35,90,38,32,26,8,28,80,7,58,2,3,68"/><V110/><F42/><W20/><G68/><T24/><D126/><N who="1" m="48747" /><E4/><V43/><F43/><W31/><G58/><T39/><D131/><U104/><E104/><V100/><F130/><W33/><G90/><T82/><D116/><U10/><E117/><V108/><F114/><W15/><G80/><T53/><REACH who="0" step="1"/><D1/><REACH who="0" ten="54,249,462,225" step="2"/><N who="3" m="9" /><G38/><T86/><D86/><U67/><E129/><V18/><F108/><W51/><G51/><T102/><D102/><U11/><E111/><V81/><F100/><W9/><G9/><T112/><D112/><U54/><E109/><V73/><F110/><W106/><G106/><T122/><D122/><U36/><E10/><V12/><F84/><W5/><G5/><T65/><D65/><U34/><E11/><V6/><F64/><W13/><G13/><T60/><D60/><U30/><E62/><V105/><F63/><W72/><G72/><T44/><D44/><U21/><E67/><V89/><F105/><W87/><G87/><T115/><D115/><U121/><E45/><V56/><F14/><W55/><G55/><T103/><D103/><U133/><E121/><V40/><F12/><W98/><G98/><T0/><D0/><U96/><E96/><V66/><F66/><W119/><G119/><T29/><AGARI ba="2,1" hai="22,24,29,37,39,47,50,53,82,85,88,94,99,101" machi="29" ten="20,12000,2" yaku="1,1,0,1,7,1,52,1,54,1,53,1" doraHai="92" doraHaiUra="41" who="0" fromWho="0" sc="54,136,249,-32,462,-62,225,-32" /><INIT seed="7,0,0,4,3,52" ten="190,217,400,193" oya="3" hai0="131,78,114,93,121,128,95,60,66,17,119,11,74" hai1="124,43,68,15,102,67,108,134,90,116,61,82,30" hai2="84,88,25,35,13,24,9,77,47,1,14,45,20" hai3="70,7,51,42,12,79,101,49,135,89,28,39,127"/><W46/><G70/><T57/><D121/><U71/><E108/><V69/><F69/><W56/><G127/><T73/><D119/><U6/><E124/><V53/><F77/><W10/><G135/><T104/><D104/><U83/><E102/><V32/><F32/><W34/><G101/><T94/><D114/><U41/><E71/><V105/><F105/><W81/><G89/><T2/><D78/><U126/><E134/><V3/><F53/><W91/><G91/><T40/><D40/><U112/><E112/><V96/><F96/><W36/><G36/><T98/><D98/><U31/><E126/><V4/><F88/><W109/><G109/><T58/><D58/><U48/><E116/><V72/><F47/><W76/><G76/><T38/><D38/><U132/><E132/><V54/><F54/><W19/><G19/><T8/><D17/><U0/><E0/><N who="2" m="75" /><F45/><W26/><REACH who="3" step="1"/><G56/><REACH who="3" ten="190,217,400,183" step="2"/><T80/><D80/><U29/><E90/><V65/><F72/><AGARI ba="0,1" hai="7,10,12,26,28,34,39,42,46,49,51,72,79,81" machi="72" ten="30,5800,0" yaku="1,1,2,1,7,1,53,0" doraHai="52" doraHaiUra="117" who="3" fromWho="2" sc="190,0,217,0,400,-58,183,68" /><INIT seed="7,1,0,3,2,33" ten="190,217,342,251" oya="3" hai0="9,72,119,131,54,99,31,81,133,21,39,85,103" hai1="122,112,10,126,28,96,4,48,87,59,42,101,29" hai2="35,56,41,36,24,74,105,57,18,134,47,120,82" hai3="89,14,26,23,65,38,46,30,68,49,7,90,113"/><W62/><G113/><T121/><D119/><U118/><E118/><V114/><F105/><W107/><G107/><T98/><D121/><U25/><E122/><V45/><F120/><W132/><G38/><T115/><D39/><U129/><E112/><V8/><F114/><W51/><G132/><T71/><D115/><U12/><E129/><V60/><F134/><W102/><G102/><T40/><D71/><U17/><E126/><V1/><F47/><W16/><G7/><T75/><D131/><U64/><E87/><V43/><F41/><W111/><G111/><T2/><D133/><U34/><E28/><N who="2" m="19847" /><F18/><W77/><G77/><T88/><D40/><U73/><E73/><V0/><F60/><W110/><G110/><T19/><D54/><U78/><E78/><N who="2" m="44375" /><F1/><W22/><REACH who="3" step="1"/><G49/><REACH who="3" ten="190,217,342,241" step="2"/><T109/><D109/><U15/><E48/><V95/><F36/><W93/><G93/><T76/><D76/><U70/><E4/><N who="2" m="1031" /><F95/><W27/><G27/><T79/><D79/><U58/><E101/><V125/><F125/><W50/><G50/><T84/><D103/><U3/><E25/><V94/><F94/><W55/><AGARI ba="1,1" hai="14,16,22,23,26,30,46,51,55,62,65,68,89,90" machi="55" ten="20,12000,1" yaku="1,1,0,1,7,1,54,1,53,1" doraHai="33" doraHaiUra="13" who="3" fromWho="3" sc="190,-41,217,-41,342,-41,241,133" owari="149,-35.0,176,-22.0,301,10.0,374,47.0" /></mjloggm>