<mjloggm ver="2.3"><GO type="169" lobby="0"/><UN n0="%68%69%6E%61%6A%69%6E%6E" n1="%67%69%6A%79%75%74%75" n2="%E5%B0%B1%E6%B4%BB%E7%94%9F%40%E5%B7%9D%E6%9D%91%E8%BB%8D%E5%9B%A3" n3="%E6%97%A5%E6%9C%AC%E8%AA%9E%E9%9B%A3%E3%81%97%E3%81%84" dan="18,17,17,16" rate="2257.40,2205.75,2248.99,2009.59" sx="M,M,M,M"/><TAIKYOKU oya="0"/><INIT seed="0,0,0,5,0,44" ten="250,250,250,250" oya="0" hai0="113,131,40,71,105,3,23,135,104,108,58,18,22" hai1="54,92,42,15,125,17,97,106,120,117,33,57,82" hai2="133,79,27,62,116,50,37,41,68,74,29,8,99" hai3="103,0,26,81,67,91,4,128,87,51,35,75,32"/><T9/><D71/><U6/><E120/><V19/><F133/><W14/><G0/><T70/><D70/><U115/><E117/><V16/><F116/><W129/><G67/><T52/><D135/><U66/><E33/><V46/><F74/><W49/><G103/><T31/><D40/><U84/><E106/><V122/><F79/><W77/><G26/><T30/><D131/><N who="3" m="50249" /><G14/><T45/><D45/><U93/><E66/><V94/><F122/><W114/><G4/><T90/><D113/><U98/><E6/><V25/><F8/><W20/><G20/><T11/><D3/><U110/><E115/><V38/><F27/><W59/><G59/><T89/><D58/><U39/><E39/><V61/><F38/><W10/><G10/><T7/><D7/><U127/><E42/><V47/><F68/><W95/><G114/><T21/><D21/><U43/><E43/><V86/><F62/><W96/><G75/><T83/><D18/><U5/><E5/><V69/><F61/><W121/><G121/><T107/><D30/><U124/><E15/><V80/><F69/><W48/><AGARI ba="0,0" hai="32,35,48,49,51,77,81,87,91,95,96" m="50249" machi="48" ten="30,7900,0" yaku="19,1,52,3" doraHai="44" who="3" fromWho="3" sc="250,-39,250,-20,250,-20,250,79" /><INIT seed="1,0,0,1,5,26" ten="211,230,230,329" oya="1" hai0="52,127,115,34,11,133,114,27,126,108,9,48,91" hai1="58,54,81,31,111,40,80,25,84,97,39,93,120" hai2="19,16,98,29,33,30,68,65,99,90,101,123,79" hai3="74,1,38,18,119,20,63,6,51,36,12,110,105"/><U41/><E120/><V73/><F123/><W86/><G74/><T112/><D108/><U92/><E111/><V131/><F33/><W42/><G110/><T50/><D133/><U134/><E134/><V23/><F131/><W107/><G119/><T5/><D91/><U17/><E17/><V28/><F73/><W72/><G72/><T37/><D37/><U100/><E92/><N who="2" m="58567" /><F68/><W135/><G63/><T7/><D34/><U129/><E129/><V124/><F124/><N who="0" m="47658" /><D27/><U13/><E13/><N who="2" m="9615" /><F19/><W117/><G18/><T78/><D78/><U21/><E39/><V45/><F79/><W121/><G121/><T85/><D85/><U77/><REACH who="1" step="1"/><E81/><REACH who="1" ten="211,220,230,329" step="2"/><V96/><F65/><W116/><G38/><T104/><D104/><U67/><E67/><V46/><F99/><W88/><G36/><T62/><D5/><U22/><E22/><V2/><F2/><W44/><G20/><T130/><D130/><U60/><AGARI ba="0,1" hai="21,25,31,40,41,54,58,60,77,80,84,93,97,100" machi="60" ten="20,12000,1" yaku="1,1,0,1,7,1,8,1,52,1,53,0" doraHai="26" doraHaiUra="125" who="1" fromWho="1" sc="211,-40,220,130,230,-40,329,-40" /><INIT seed="1,1,0,1,3,0" ten="171,350,190,289" oya="1" hai0="1,122,104,13,47,43,89,63,68,127,34,107,18" hai1="134,113,73,20,11,110,35,123,3,64,82,120,61" hai2="8,65,101,105,75,2,129,72,10,41,76,55,27" hai3="17,60,131,79,83,19,50,87,33,42,90,135,22"/><U86/><E73/><V53/><F129/><W126/><G33/><T70/><D34/><U97/><E35/><V92/><F105/><W31/><G126/><T125/><D1/><U45/><E113/><V88/><F101/><W121/><G121/><T49/><D122/><U32/><E32/><V77/><F65/><W93/><G131/><T66/><D70/><U29/><E97/><V114/><F114/><W36/><G36/><T24/><D24/><U21/><E45/><V95/><F27/><N who="3" m="16887" /><G60/><T100/><D89/><U132/><E123/><V91/><REACH who="2" step="1"/><F2/><REACH who="2" ten="171,350,180,289" step="2"/><W30/><G135/><T37/><D100/><U109/><E134/><V124/><F124/><N who="0" m="47690" /><D37/><U111/><E132/><V25/><F25/><W12/><G12/><T9/><AGARI ba="1,1" hai="9,13,18,43,47,49,63,66,68,104,107" m="47690" machi="9" ten="30,1100,0" yaku="18,1" doraHai="0" who="0" fromWho="0" sc="171,24,350,-6,180,-4,289,-4" /><INIT seed="2,0,0,5,4,73" ten="195,344,176,285" oya="2" hai0="54,0,110,114,75,53,65,106,51,135,132,103,26" hai1="3,45,126,59,12,40,74,4,63,25,133,24,18" hai2="69,129,76,21,77,125,31,11,88,123,9,37,32" hai3="16,119,89,91,108,13,111,105,56,67,115,8,50"/><V29/><F123/><W109/><G119/><T17/><D0/><U44/><E44/><V66/><F37/><W34/><G34/><T93/><D106/><U64/><E133/><V83/><F32/><W58/><G105/><T6/><D6/><U107/><E107/><V7/><F125/><W82/><G115/><T87/><D75/><U134/><E134/><V80/><F129/><W35/><G35/><T99/><D65/><U85/><E74/><V47/><F69/><W55/><REACH who="3" step="1"/><G82/><REACH who="3" ten="195,344,176,275" step="2"/><T27/><D114/><U84/><E126/><V20/><F7/><W120/><G120/><T118/><D118/><U22/><E4/><V46/><REACH who="2" step="1"/><F66/><REACH who="2" ten="195,344,166,275" step="2"/><W60/><AGARI ba="0,2" hai="8,13,16,50,55,56,58,60,67,89,91,108,109,111" machi="60" ten="40,12000,2" yaku="1,1,0,1,14,1,54,1,53,3" doraHai="73" doraHaiUra="122" who="3" fromWho="3" sc="195,-30,344,-30,166,-60,275,140" /><INIT seed="3,0,0,4,2,40" ten="165,314,106,415" oya="3" hai0="111,42,125,97,8,3,101,43,106,88,54,36,53" hai1="51,37,52,49,63,61,72,34,123,45,5,58,23" hai2="116,95,86,80,87,92,67,19,79,114,17,59,21" hai3="50,74,119,28,104,39,15,27,35,96,78,16,66"/><W89/><G119/><T60/><D111/><U135/><E34/><V133/><F116/><W131/><G39/><T64/><D125/><U73/><E5/><V108/><F114/><W55/><G131/><T113/><D113/><U124/><E73/><V130/><F108/><W110/><G110/><T32/><D32/><U9/><E72/><V91/><F130/><W12/><G66/><T71/><D43/><N who="1" m="22767" /><E23/><V24/><F133/><W65/><G65/><T121/><D121/><U84/><E84/><V7/><F7/><W94/><G104/><T107/><D106/><U70/><E9/><V90/><F67/><W47/><G78/><T31/><D31/><U4/><E4/><V76/><F59/><W128/><G74/><T83/><D8/><U127/><E123/><V46/><F46/><W103/><G128/><T102/><D3/><U41/><E135/><V18/><REACH who="2" step="1"/><F80/><REACH who="2" ten="165,314,96,415" step="2"/><W132/><G132/><T26/><D83/><U1/><E1/><V25/><F25/><W57/><G57/><T98/><D26/><U20/><E70/><V11/><F11/><W126/><G27/><T122/><D122/><U105/><E58/><V112/><F112/><W75/><G35/><T117/><D117/><U14/><E127/><V33/><F33/><W82/><G126/><T62/><D71/><U100/><E124/><V22/><F22/><W77/><G47/><T38/><D64/><U44/><E20/><V10/><F10/><W69/><G69/><T115/><D115/><U56/><E14/><V109/><F109/><W99/><G12/><T118/><D118/><U30/><E44/><RYUUKYOKU ba="0,1" sc="165,-10,314,-10,96,30,415,-10" hai2="17,18,19,21,24,76,79,86,87,90,91,92,95" /><INIT seed="4,1,1,4,0,94" ten="155,304,126,405" oya="0" hai0="112,124,93,26,17,105,73,80,120,4,76,50,40" hai1="27,71,8,23,62,51,58,78,53,135,39,127,100" hai2="43,38,123,13,30,101,24,92,131,44,95,54,117" hai3="87,72,109,63,79,22,68,41,86,99,107,132,21"/><T89/><D105/><U25/><E135/><V81/><F123/><W119/><G119/><T5/><D120/><U115/><E39/><V2/><F2/><W18/><G109/><T3/><D124/><U16/><E127/><V133/><F117/><W1/><G1/><T111/><D111/><U19/><E115/><V113/><F113/><W47/><G132/><T14/><D26/><U84/><E100/><V11/><F133/><W91/><G72/><T42/><D112/><U48/><E71/><V77/><F54/><W31/><G79/><T33/><D33/><U15/><E27/><V90/><F101/><W96/><G31/><T7/><D50/><U121/><E121/><V65/><F65/><W126/><G107/><T75/><D75/><U36/><E36/><V82/><F131/><W64/><G87/><T0/><D0/><U55/><E53/><V61/><F61/><W110/><G22/><T46/><D46/><U102/><E102/><V49/><F38/><W12/><G126/><T10/><REACH who="0" step="1"/><D3/><REACH who="0" ten="145,304,126,405" step="2"/><U32/><E32/><V114/><F114/><W122/><G122/><T104/><D104/><U34/><E34/><V56/><F24/><W106/><G106/><T125/><D125/><U128/><E128/><V57/><F30/><W103/><G110/><T20/><D20/><U60/><E48/><V118/><F118/><W108/><G108/><T98/><AGARI ba="1,2" hai="4,5,7,10,14,17,40,42,73,76,80,89,93,98" machi="98" ten="30,6000,0" yaku="1,1,0,1,52,1,53,0" doraHai="94" doraHaiUra="52" who="0" fromWho="0" sc="145,83,304,-21,126,-21,405,-21" /><INIT seed="4,2,0,5,0,73" ten="228,283,105,384" oya="0" hai0="99,100,34,25,77,134,92,86,97,14,42,66,107" hai1="38,127,5,102,135,29,43,98,131,2,117,26,87" hai2="22,30,75,58,104,126,101,76,47,39,81,115,124" hai3="57,51,49,40,35,125,121,60,13,110,31,52,37"/><T56/><D134/><U113/><E117/><V54/><F115/><W105/><G105/><T8/><D42/><U4/><E135/><V72/><F72/><W123/><G13/><T12/><D14/><U109/><E109/><V83/><F83/><W67/><G31/><T130/><D130/><U133/><E133/><V6/><F6/><W106/><G35/><T74/><D25/><U85/><E131/><V50/><F104/><W63/><G106/><T21/><D21/><U68/><E68/><V96/><F30/><W128/><G110/><T62/><D34/><U61/><E2/><V78/><F22/><W64/><G125/><N who="2" m="48233" /><F81/><W95/><G95/><T9/><D12/><U15/><E113/><V27/><F27/><W45/><G128/><T48/><D48/><N who="3" m="18505" /><G67/><T70/><D70/><AGARI ba="2,0" hai="37,40,45,52,57,60,63,64,70,121,123" m="18505" machi="70" ten="30,3900,0" yaku="34,2,54,1" doraHai="73" who="3" fromWho="0" sc="228,-45,283,0,105,0,384,45" /><INIT seed="5,0,0,4,4,50" ten="183,283,105,429" oya="1" hai0="108,32,105,24,51,17,18,65,91,134,53,66,15" hai1="79,54,9,73,67,34,29,63,83,123,30,116,19" hai2="69,10,2,41,89,4,27,62,8,80,20,48,1" hai3="26,132,14,13,74,52,126,61,103,45,3,7,57"/><U60/><E123/><V121/><F121/><W68/><G74/><T117/><D105/><U84/><E116/><V109/><F109/><W106/><G68/><T12/><D108/><U23/><E34/><V135/><F135/><W31/><G126/><T36/><D36/><U75/><E9/><V25/><F69/><W35/><G45/><T107/><D107/><U58/><E75/><V72/><F62/><W90/><G132/><T95/><D117/><U76/><E76/><V129/><F129/><W98/><G3/><T38/><D38/><U96/><E73/><V21/><F72/><W120/><G120/><T37/><D37/><U92/><E67/><N who="0" m="25609" /><D32/><U78/><E78/><V81/><F48/><W94/><G7/><T130/><D130/><U118/><E63/><V77/><F77/><W55/><G55/><T102/><D102/><U46/><E46/><V16/><F41/><W56/><G56/><N who="0" m="32831" /><D24/><N who="1" m="14463" /><E118/><V11/><F89/><AGARI ba="0,0" hai="29,30,54,58,60,79,83,84,89,92,96" m="14463" machi="89" ten="30,5800,0" yaku="25,1,8,1,52,1" doraHai="50" who="1" fromWho="2" sc="183,0,283,58,105,-58,429,0" /><INIT seed="5,1,0,3,5,10" ten="183,341,47,429" oya="1" hai0="23,17,42,48,105,107,52,7,63,70,61,45,26" hai1="110,111,46,79,135,85,125,37,118,121,76,133,109" hai2="50,102,81,49,14,62,11,98,51,114,65,94,126" hai3="90,4,128,91,72,57,66,38,99,116,35,43,132"/><U34/><E34/><V29/><F126/><W75/><G35/><T117/><D117/><U55/><E118/><V88/><F114/><W32/><G32/><T0/><D63/><U68/><E121/><V24/><F81/><W36/><G4/><T103/><D103/><U115/><E115/><V106/><F106/><W119/><G57/><T131/><D131/><U120/><E120/><V122/><F122/><W54/><G54/><T77/><D77/><U74/><E74/><V104/><F104/><W40/><G99/><T67/><D0/><U6/><E68/><V69/><F102/><W25/><G25/><T130/><D7/><U83/><E125/><V33/><REACH who="2" step="1"/><F51/><REACH who="2" ten="183,341,37,429" step="2"/><W2/><G119/><T124/><D124/><U12/><E76/><V30/><F30/><W129/><G116/><T112/><D112/><U113/><E113/><V82/><F82/><W123/><G123/><T87/><D130/><U92/><E92/><V127/><F127/><W64/><G129/><T56/><D87/><U22/><E37/><V9/><F9/><W71/><G128/><T44/><D107/><U60/><E85/><V20/><F20/><W108/><G36/><T28/><D105/><U47/><E83/><V80/><F80/><W95/><G38/><T8/><D8/><N who="1" m="4119" /><E22/><V73/><F73/><W3/><G75/><T93/><D93/><U13/><E79/><V5/><AGARI ba="1,1" hai="5,11,14,24,29,33,49,50,62,65,69,88,94,98" machi="5" ten="20,12000,2" yaku="1,1,0,1,7,1,52,1,54,1,53,1" doraHai="10" doraHaiUra="58" who="2" fromWho="2" sc="183,-31,341,-61,37,133,429,-31" /><INIT seed="6,0,0,4,3,40" ten="152,280,170,398" oya="2" hai0="94,3,122,56,85,68,32,103,106,83,22,132,30" hai1="27,84,15,20,78,60,55,35,124,131,51,1,11" hai2="96,79,133,4,10,135,111,121,116,130,36,90,108" hai3="69,9,112,63,107,43,23,29,75,52,99,21,5"/><V46/><F121/><W123/><G123/><T93/><D122/><U80/><E131/><V100/><F116/><W97/><G75/><T47/><D68/><U18/><E124/><V66/><F66/><W98/><G107/><T134/><D3/><U109/><E109/><N who="2" m="42059" /><F90/><W57/><G69/><T26/><D32/><U33/><E1/><N who="2" m="271" /><F79/><W126/><G126/><T53/><D106/><U8/><E60/><V105/><F130/><W86/><G43/><AGARI ba="0,0" hai="36,43,46,96,100,105,133,135" m="271,42059" machi="43" ten="30,5800,0" yaku="10,1,23,1,52,1" doraHai="40" who="2" fromWho="3" sc="152,0,280,0,170,58,398,-58" /><INIT seed="6,1,0,1,5,111" ten="152,280,228,340" oya="2" hai0="81,67,55,62,66,53,71,34,39,132,19,113,42" hai1="129,74,121,100,80,8,14,21,135,82,52,93,60" hai2="29,90,130,56,27,73,26,86,110,7,64,95,24" hai3="117,13,133,72,94,103,10,28,38,54,45,31,84"/><V114/><F110/><W85/><G117/><T118/><D34/><U70/><E74/><V77/><F130/><W89/><G72/><T125/><D118/><U47/><E129/><V107/><F107/><W32/><G133/><T1/><D1/><U33/><E33/><V68/><F68/><W46/><G103/><T92/><D132/><U98/><E135/><V16/><F7/><W126/><G126/><T106/><D106/><U2/><E2/><V124/><F124/><W65/><G65/><T87/><D92/><U40/><E21/><V88/><F114/><W0/><G0/><T35/><D35/><U78/><E121/><V83/><F90/><N who="3" m="53583" /><G38/><T75/><D75/><U15/><E78/><V3/><F3/><W108/><G32/><T48/><D67/><U41/><E70/><V128/><F128/><W116/><G116/><T76/><D125/><U79/><E15/><V99/><F73/><W122/><G122/><T18/><D55/><U9/><E9/><V30/><REACH who="2" step="1"/><F16/><REACH who="2" ten="152,280,218,340" step="2"/><N who="3" m="8247" /><G108/><T61/><D113/><U97/><E79/><V51/><F51/><N who="3" m="29039" /><G46/><T69/><D69/><U101/><E47/><V4/><F4/><W96/><G96/><T25/><D39/><U104/><E98/><V50/><F50/><W22/><G22/><T119/><D119/><U17/><E104/><V109/><F109/><W59/><G59/><T127/><D127/><U43/><E101/><V105/><F105/><W5/><G5/><T49/><D71/><U44/><E44/><V123/><F123/><W115/><G115/><T63/><D49/><U23/><E23/><V120/><F120/><RYUUKYOKU ba="1,1" sc="152,-30,280,10,218,10,340,10" hai1="8,14,17,40,41,43,52,60,80,82,93,97,100" hai2="24,26,27,29,30,56,64,77,83,86,88,95,99" hai3="28,31,84,89" /><INIT seed="6,2,1,4,4,66" ten="122,290,228,350" oya="2" hai0="112,36,130,27,38,86,54,123,122,103,20,0,133" hai1="13,79,28,50,92,101,91,15,70,44,17,48,93" hai2="14,61,26,3,111,100,118,107,89,76,74,53,88" hai3="25,22,58,98,114,96,47,125,94,116,40,46,115"/><V102/><F3/><W59/><G116/><T127/><D0/><U62/><E79/><V31/><F118/><W84/><G84/><T126/><D103/><N who="2" m="39466" /><F107/><W78/><G78/><T97/><D97/><N who="3" m="37481" /><G94/><T75/><D75/><U30/><E101/><V113/><F113/><N who="3" m="43019" /><G125/><T1/><D112/><U4/><E4/><V5/><F76/><W63/><G63/><T33/><D86/><U87/><E87/><V24/><F74/><W10/><G10/><T77/><D77/><U129/><E62/><V2/><F2/><W65/><G65/><T35/><D1/><U104/><E104/><V110/><F53/><W8/><G8/><T108/><D54/><U39/><E93/><V81/><F61/><W51/><G46/><T68/><D108/><N who="2" m="41514" /><F81/><W69/><G69/><T72/><D72/><U52/><E70/><V95/><F95/><W134/><G134/><T90/><D68/><U29/><E92/><V56/><F56/><W60/><G60/><T6/><D133/><U85/><E44/><V121/><F121/><W7/><G7/><T55/><D6/><U73/><E73/><V21/><F26/><W67/><G67/><T43/><D27/><U135/><E135/><V128/><F128/><W37/><G37/><T32/><D130/><U11/><E129/><V16/><F5/><W34/><G34/><AGARI ba="2,1" hai="14,16,21,24,31,34,88,89" m="41514,39466" machi="34" ten="30,5800,0" yaku="10,1,54,2" doraHai="66" who="2" fromWho="3" sc="122,0,290,0,228,74,350,-64" /><INIT seed="6,3,0,3,5,53" ten="122,290,302,286" oya="2" hai0="39,85,88,49,99,132,105,130,84,109,98,72,21" hai1="117,108,47,40,58,110,134,15,102,73,31,103,19" hai2="6,127,3,13,59,56,125,30,114,66,96,9,57" hai3="115,119,34,1,113,93,28,106,94,12,133,65,16"/><V101/><F114/><N who="3" m="43531" /><G119/><T45/><D39/><U51/><E73/><V64/><F30/><W120/><G120/><T77/><D109/><U22/><E117/><V14/><F3/><W25/><G106/><T86/><D130/><U63/><E134/><V83/><F83/><W90/><G1/><T23/><D132/><U54/><E110/><V112/><F14/><W79/><G79/><T111/><D111/><U123/><E108/><V50/><F50/><W7/><G7/><T135/><D135/><U74/><E74/><V76/><F76/><W122/><G122/><T0/><D0/><U118/><E118/><V70/><F70/><W10/><G133/><T91/><D105/><U5/><E123/><V61/><F112/><W92/><G65/><T116/><D116/><U44/><E5/><V67/><REACH who="2" step="1"/><F61/><REACH who="2" ten="122,290,292,286" step="2"/><W131/><G131/><T18/><D77/><U36/><E31/><V48/><F48/><W104/><G104/><AGARI ba="3,1" hai="6,9,13,56,57,59,64,66,67,96,101,104,125,127" machi="104" ten="40,12000,1" yaku="1,1,52,3,53,0" doraHai="53" doraHaiUra="43" who="2" fromWho="3" sc="122,0,290,0,292,139,286,-129" /><INIT seed="6,4,0,0,4,84" ten="122,290,431,157" oya="2" hai0="29,75,100,119,9,36,90,74,66,101,44,48,15" hai1="116,42,128,65,37,5,10,112,94,24,16,132,73" hai2="85,131,134,53,59,30,106,70,32,76,86,6,54" hai3="115,109,98,110,87,52,12,18,13,133,20,95,64"/><V58/><F106/><W19/><G133/><T83/><D119/><U105/><E105/><V61/><F70/><W125/><G125/><T117/><D36/><U47/><E116/><V39/><F39/><W108/><G115/><T107/><D66/><U43/><E112/><V124/><F124/><W60/><G87/><T126/><D126/><U88/><E132/><V17/><F6/><W129/><G129/><T96/><D29/><U46/><E73/><V22/><F131/><W35/><G35/><T118/><D117/><U102/><E102/><V41/><F41/><W8/><G52/><T45/><D101/><U7/><E65/><V62/><F134/><W1/><G1/><T123/><D123/><U122/><E122/><V51/><F51/><W63/><REACH who="3" step="1"/><G64/><REACH who="3" ten="122,290,431,147" step="2"/><T78/><D118/><U93/><E128/><V2/><F2/><W135/><G135/><T99/><D75/><U57/><E57/><V114/><F114/><W120/><G120/><T77/><D77/><U26/><E94/><V38/><F85/><W111/><N who="3" m="27648" /><DORA hai="130" /><W72/><G72/><T14/><D14/><U56/><E56/><V113/><F86/><W82/><G82/><T104/><D48/><U49/><E26/><V33/><F76/><W103/><AGARI ba="4,1" hai="8,12,13,18,19,20,60,63,95,98,103" m="27648" machi="103" ten="60,4000,0" yaku="1,1,0,1,53,0" doraHai="84,130" doraHaiUra="81,21" who="3" fromWho="3" sc="122,-14,290,-14,431,-24,147,62" /><INIT seed="7,0,0,0,5,42" ten="108,276,407,209" oya="3" hai0="108,115,24,62,96,47,20,122,119,85,69,38,127" hai1="43,106,8,83,123,78,100,111,5,10,79,70,40" hai2="30,124,68,131,81,44,6,28,32,55,107,120,53" hai3="23,3,60,116,50,104,130,125,11,2,14,133,94"/><W110/><G104/><T51/><D122/><U92/><E123/><V31/><F107/><W64/><G116/><T34/><D119/><U128/><E106/><V87/><F32/><W91/><G125/><T21/><D108/><U58/><E70/><V77/><F68/><W46/><G23/><T52/><D127/><U99/><E111/><V1/><F124/><W112/><G112/><T12/><D115/><U84/><E78/><V61/><F131/><W95/><G130/><T66/><D85/><U19/><E128/><V80/><F80/><W114/><G114/><T132/><D132/><U73/><E73/><V48/><F120/><W129/><G129/><T27/><D12/><U45/><E58/><N who="2" m="35023" /><F1/><W49/><G49/><T89/><D38/><U121/><E121/><V71/><F71/><W17/><G133/><T103/><D89/><U102/><E102/><V113/><F113/><W74/><G74/><T18/><D34/><U37/><E40/><V109/><F109/><W67/><G67/><T15/><REACH who="0" step="1"/><D21/><REACH who="0" ten="98,276,407,209" step="2"/><U0/><E84/><V93/><F87/><N who="3" m="52607" /><G110/><T118/><D118/><U82/><E79/><V63/><F77/><W86/><G2/><T76/><D76/><U22/><E22/><V126/><F81/><W13/><G3/><T29/><D29/><U72/><E72/><V26/><F126/><W36/><G13/><T57/><D57/><U134/><E134/><V101/><F31/><W105/><G36/><T97/><D97/><U7/><E83/><V35/><F30/><W33/><G86/><T59/><D59/><U41/><E82/><V88/><F28/><RYUUKYOKU ba="0,1" sc="98,30,276,-10,407,-10,209,-10" hai0="15,18,20,24,27,47,51,52,62,66,69,96,103" owari="128,-37.0,266,7.0,407,50.0,199,-20.0" /></mjloggm>