<mjloggm ver="2.3"><GO type="169" lobby="0"/><UN n0="%6A%75%6E%6E%2E%69" n1="%E3%83%97%E3%83%A9%E3%83%81%E3%83%8A%E3%83%A0" n2="%52%69%2D%4D%6F%2D" n3="%E3%83%88%E3%83%88%E3%83%AA%E5%85%88%E7%94%9F%31%39%E6%AD%B3" dan="16,17,18,18" rate="2108.71,2136.78,2258.58,2186.55" sx="M,M,M,F"/><TAIKYOKU oya="0"/><INIT seed="0,0,0,4,2,123" ten="250,250,250,250" oya="0" hai0="35,31,69,107,40,19,29,25,50,115,39,88,106" hai1="131,121,16,99,63,58,97,49,57,59,42,46,43" hai2="15,113,105,101,27,20,48,82,18,120,125,119,4" hai3="87,71,23,79,30,55,22,1,41,11,110,74,52"/><T70/><D50/><U0/><E0/><V67/><F120/><W72/><G71/><N who="0" m="27147" /><D19/><U10/><E121/><V53/><F113/><W126/><G41/><T54/><D54/><U28/><E131/><V64/><F125/><W114/><G114/><T109/><D88/><U90/><E28/><V21/><F119/><W17/><G30/><T124/><D31/><U9/><E43/><V132/><F132/><W6/><G126/><T61/><D61/><U100/><E90/><V12/><F105/><N who="0" m="39946" /><D124/><U135/><E135/><V68/><F68/><W103/><G17/><T34/><D34/><U86/><E86/><V94/><F82/><W85/><G87/><T37/><D115/><U73/><E99/><N who="2" m="59639" /><F20/><W5/><G85/><T26/><D26/><U51/><E49/><V104/><F104/><W93/><G22/><T76/><D76/><U77/><E63/><V60/><F60/><W14/><G79/><T38/><D40/><U36/><E51/><V122/><F122/><W80/><G23/><T32/><D32/><U2/><E77/><V89/><F89/><W3/><G55/><T133/><D133/><U56/><E42/><V62/><F62/><W92/><G52/><T127/><D127/><U95/><E56/><N who="2" m="32807" /><F27/><W81/><G103/><T118/><D118/><U112/><E58/><V66/><F66/><W130/><G92/><T75/><D75/><U116/><E73/><V65/><F65/><W45/><G93/><T44/><D44/><U134/><E59/><V129/><F129/><W24/><G130/><T47/><D47/><U117/><E57/><V98/><F98/><RYUUKYOKU ba="0,0" sc="250,15,250,-15,250,15,250,-15" hai0="25,29,35,37,38,39,109" hai2="4,12,15,18,21,64,67" /><INIT seed="0,1,0,4,4,103" ten="265,235,265,235" oya="0" hai0="23,59,46,71,43,19,77,116,124,31,32,16,39" hai1="68,8,131,118,73,2,22,54,81,48,91,66,12" hai2="67,104,58,98,1,96,106,29,26,42,65,120,105" hai3="112,129,60,40,70,53,117,82,74,63,18,123,113"/><T7/><D71/><U109/><E118/><V6/><F120/><W21/><G117/><T27/><D124/><U79/><E2/><V44/><F6/><W111/><G123/><T101/><D116/><U92/><E22/><V41/><F1/><W55/><G111/><T84/><D101/><U90/><E109/><V56/><F26/><W126/><G126/><T37/><D59/><N who="2" m="22570" /><F44/><W17/><G21/><T122/><D7/><U30/><E30/><V86/><F86/><W49/><G82/><T35/><D122/><U121/><E131/><V100/><F100/><W38/><G49/><T45/><D32/><U3/><E3/><V10/><F10/><W72/><G40/><N who="2" m="15465" /><F29/><W135/><G129/><T15/><D46/><U13/><E13/><V85/><F85/><W64/><G70/><T133/><D39/><U61/><E92/><V0/><F0/><W119/><G119/><T24/><D84/><U28/><E28/><V9/><F9/><W51/><G51/><T52/><D27/><U93/><E93/><V25/><F25/><W130/><G130/><T99/><D24/><U78/><E78/><V57/><N who="2" m="22578" /><V20/><DORA hai="88" /><F20/><W75/><G75/><T110/><D23/><U50/><E121/><V134/><F134/><W34/><G135/><T76/><D133/><U107/><E8/><V128/><F128/><W5/><G5/><T80/><D31/><U94/><E73/><V89/><F89/><W115/><G115/><T83/><D35/><U69/><E91/><V36/><F36/><W87/><G34/><T11/><D37/><U95/><E90/><RYUUKYOKU ba="1,0" sc="265,-10,235,-10,265,30,235,-10" hai2="65,67,96,98,104,105,106" /><INIT seed="1,2,0,5,0,86" ten="255,225,295,225" oya="1" hai0="37,22,69,63,24,79,134,41,5,54,32,67,61" hai1="15,40,82,100,73,122,23,92,101,112,121,8,14" hai2="17,75,108,58,135,99,53,124,34,46,126,95,0" hai3="4,85,125,12,118,6,39,87,130,50,98,93,76"/><U35/><E35/><V48/><F108/><W90/><G39/><T114/><D32/><U77/><E112/><V13/><F0/><W133/><G133/><T65/><D5/><U55/><E23/><V45/><F75/><W59/><G130/><T18/><D79/><U105/><E15/><V10/><F34/><W116/><G125/><N who="2" m="48233" /><F135/><W31/><G31/><T9/><D9/><U66/><E105/><V3/><F3/><W107/><G85/><T16/><D54/><U29/><E29/><V89/><AGARI ba="2,0" hai="10,13,17,45,46,48,53,58,89,95,99" m="48233" machi="89" ten="30,2000,0" yaku="18,1,52,1" doraHai="86" who="2" fromWho="2" sc="255,-7,225,-12,295,26,225,-7" /><INIT seed="2,0,0,0,2,68" ten="248,213,321,218" oya="2" hai0="16,33,129,45,37,100,127,82,81,12,77,115,29" hai1="78,35,55,105,27,83,43,15,99,88,75,84,41" hai2="44,108,131,97,2,95,14,74,7,47,61,121,104" hai3="56,120,58,71,63,23,31,53,112,59,40,111,13"/><V10/><F121/><W11/><G120/><T87/><D115/><U17/><E55/><V66/><F131/><W28/><G112/><T107/><D82/><U65/><E65/><V30/><F108/><W54/><G111/><T19/><D127/><U6/><E6/><V89/><F74/><W76/><G71/><T92/><D107/><U21/><E99/><V34/><F104/><W128/><G128/><T52/><D33/><U116/><E105/><V117/><F117/><W18/><G76/><T93/><D29/><U39/><E116/><V5/><F5/><W102/><G102/><T4/><D37/><U0/><E0/><V72/><F72/><W132/><G132/><T36/><D36/><U70/><E39/><V125/><F125/><W126/><G40/><T26/><D4/><U3/><E3/><V50/><F2/><W32/><G32/><T119/><D119/><U49/><E49/><V109/><F109/><W113/><G113/><T73/><D73/><U122/><E70/><V130/><F130/><W110/><G110/><T79/><D100/><U96/><E96/><V51/><F30/><N who="3" m="11307" /><G59/><T86/><D86/><N who="1" m="48503" /><E122/><V123/><F34/><W118/><G118/><T134/><D134/><U25/><E75/><V20/><F123/><W103/><G103/><T8/><D79/><U90/><E90/><V106/><F106/><W64/><G126/><T24/><D129/><U91/><E91/><V38/><F38/><W85/><G85/><T62/><D87/><U57/><E35/><V48/><F20/><W1/><G58/><AGARI ba="0,0" hai="7,10,14,44,47,48,50,51,58,61,66,89,95,97" machi="58" ten="40,2000,0" yaku="8,1" doraHai="68" who="2" fromWho="3" sc="248,0,213,0,321,20,218,-20" /><INIT seed="2,1,0,0,5,23" ten="248,213,341,198" oya="2" hai0="34,109,82,129,21,60,83,93,107,11,2,104,75" hai1="9,118,18,133,89,19,86,50,69,84,8,90,132" hai2="80,71,39,88,74,64,24,38,61,99,42,58,15" hai3="102,106,4,97,134,117,73,110,68,105,87,32,126"/><V33/><F42/><W66/><G117/><T6/><D34/><U25/><E69/><V128/><F128/><W76/><G110/><T53/><D93/><U30/><E30/><V100/><F15/><W70/><G134/><T108/><D129/><U94/><E118/><V124/><F58/><W37/><G126/><T123/><D123/><U7/><E50/><V131/><F131/><W121/><G121/><T115/><D53/><U114/><E7/><V49/><F49/><W31/><G87/><T26/><D60/><U13/><E114/><V20/><F124/><W95/><G95/><T0/><D0/><U130/><E130/><V92/><F33/><W54/><G54/><T67/><D67/><U135/><E25/><V127/><F127/><W122/><G122/><T45/><D45/><U1/><E1/><V111/><F111/><W125/><G125/><T28/><D115/><U35/><E35/><V112/><F112/><W78/><G4/><T52/><D109/><U81/><REACH who="1" step="1"/><E19/><REACH who="1" ten="248,203,341,198" step="2"/><V101/><F39/><W79/><G37/><T77/><D6/><U43/><E43/><V12/><F38/><W27/><G70/><T57/><D2/><U44/><E44/><V41/><F41/><W51/><G51/><T10/><D28/><U103/><E103/><V113/><F113/><W65/><G68/><T120/><D120/><U29/><E29/><N who="2" m="17543" /><F12/><W56/><G56/><T55/><D57/><U3/><E3/><V17/><F17/><W72/><G106/><T46/><D107/><U98/><E98/><V47/><F47/><W48/><G48/><T116/><D104/><RYUUKYOKU ba="1,1" sc="248,-30,203,10,341,10,198,10" hai1="8,9,13,18,81,84,86,89,90,94,132,133,135" hai2="61,64,71,74,80,88,92,99,100,101" hai3="27,31,32,65,66,72,73,76,78,79,97,102,105" /><INIT seed="2,2,1,0,2,18" ten="218,213,351,208" oya="2" hai0="106,92,74,14,54,67,23,27,43,30,85,2,115" hai1="135,65,1,68,94,19,49,82,133,80,99,7,35" hai2="116,109,107,97,123,48,102,62,112,21,31,91,12" hai3="122,33,36,78,100,81,52,84,113,26,132,42,114"/><V9/><F112/><N who="3" m="43115" /><G122/><T56/><D74/><U90/><E35/><V70/><F123/><W118/><G118/><T24/><D2/><U119/><E119/><V20/><F116/><W32/><G132/><N who="1" m="50762" /><E65/><V77/><F77/><W41/><G100/><T4/><D106/><U79/><E68/><V103/><F103/><W73/><G73/><T86/><D67/><U75/><E7/><V110/><F48/><W105/><G105/><T64/><D64/><U50/><E1/><V111/><F70/><W15/><G15/><T125/><D27/><U55/><E82/><V11/><F62/><W127/><G127/><T45/><D92/><U40/><E40/><N who="3" m="15466" /><G36/><T8/><D125/><U117/><E117/><V69/><F69/><W89/><G78/><T5/><D115/><U25/><E55/><V98/><F31/><W83/><G83/><T22/><D43/><U46/><E46/><V104/><F11/><W72/><G72/><T66/><D45/><U63/><E63/><V71/><F71/><W128/><G52/><T38/><D38/><U0/><E0/><V93/><F104/><W88/><G32/><N who="0" m="20551" /><D66/><U39/><E39/><V17/><AGARI ba="2,1" hai="9,12,17,20,21,91,93,97,98,102,107,109,110,111" machi="17" ten="30,12000,1" yaku="0,1,14,1,10,1,52,2" doraHai="18" who="2" fromWho="2" sc="218,-42,213,-42,351,136,208,-42" /><INIT seed="2,3,0,1,0,8" ten="176,171,487,166" oya="2" hai0="82,58,119,18,85,100,15,125,96,106,21,27,11" hai1="110,123,1,29,66,33,109,61,93,116,111,23,25" hai2="95,80,28,129,31,24,47,68,127,114,88,108,36" hai3="121,134,117,98,41,87,16,122,115,83,6,19,99"/><V69/><F114/><W9/><G117/><T86/><D125/><U113/><E113/><V104/><F127/><W48/><G115/><T5/><D119/><U103/><E116/><V84/><F104/><W4/><G134/><T120/><D120/><U59/><E1/><V73/><F129/><W0/><G122/><T26/><D58/><U46/><E46/><V30/><F108/><W91/><G121/><T22/><REACH who="0" step="1"/><D82/><REACH who="0" ten="166,171,487,166" step="2"/><U126/><E126/><V3/><F69/><W7/><G0/><T50/><D50/><U60/><E123/><V51/><F68/><W12/><G19/><AGARI ba="3,1" hai="5,11,15,18,19,21,22,26,27,85,86,96,100,106" machi="19" ten="30,8000,1" yaku="1,1,7,1,9,1,52,1,53,1" doraHai="8" doraHaiUra="10" who="0" fromWho="3" sc="166,99,171,0,487,0,166,-89" /><INIT seed="3,0,0,3,5,129" ten="265,171,487,77" oya="3" hai0="71,95,114,102,103,6,80,20,111,74,48,98,46" hai1="7,97,128,126,47,13,113,69,31,132,42,16,123" hai2="17,122,38,56,3,118,125,88,50,54,96,26,93" hai3="108,57,73,89,75,14,130,83,131,25,22,45,4"/><W36/><G108/><T65/><D6/><U15/><E113/><V0/><F118/><W1/><G14/><T78/><D111/><U49/><E69/><V40/><F125/><W70/><G70/><T12/><D71/><U67/><E67/><V63/><F122/><W134/><G57/><T92/><D65/><U23/><E31/><V21/><F38/><W119/><G119/><T121/><D114/><U37/><E126/><V9/><F9/><N who="3" m="2191" /><G89/><T51/><D20/><U127/><E37/><V55/><F40/><N who="3" m="22663" /><G83/><T82/><D12/><U99/><E127/><V66/><F66/><W120/><G120/><T27/><D27/><U79/><E123/><V124/><F124/><W19/><G134/><T32/><D32/><U39/><E39/><V24/><F24/><W112/><G112/><T94/><D82/><U58/><E132/><V11/><F11/><W62/><G62/><T117/><D117/><U107/><E58/><AGARI ba="0,0" hai="0,3,17,21,26,50,54,55,56,58,63,88,93,96" machi="58" ten="30,7700,0" yaku="7,1,25,2,54,1" doraHai="129" who="2" fromWho="1" sc="265,0,171,-77,487,77,77,0" /><INIT seed="4,0,0,4,2,22" ten="265,94,564,77" oya="0" hai0="43,36,93,33,108,0,55,63,56,62,81,88,26" hai1="9,95,50,6,104,40,129,71,118,122,101,126,53" hai2="114,51,82,31,109,73,79,3,32,115,99,87,68" hai3="37,21,135,133,100,69,39,46,34,80,86,60,45"/><T110/><D0/><U78/><E104/><V121/><F109/><N who="0" m="42090" /><D81/><U97/><E122/><V4/><F121/><W13/><G34/><T66/><D43/><U111/><E111/><V130/><F68/><W47/><G100/><T116/><D36/><U106/><E106/><V24/><F130/><W16/><G69/><T27/><D33/><U23/><E118/><V14/><F99/><W76/><REACH who="3" step="1"/><G60/><REACH who="3" ten="265,94,564,67" step="2"/><T17/><D116/><U25/><E71/><V20/><F32/><W96/><G96/><N who="0" m="57383" /><D17/><U29/><E129/><V70/><F70/><AGARI ba="0,1" hai="26,27,55,56,62,63,66,70" m="57383,42090" machi="70" ten="30,11600,0" yaku="10,1,52,2,54,1" doraHai="22" who="0" fromWho="2" sc="265,126,94,0,564,-116,67,0" /><INIT seed="4,1,0,5,5,96" ten="391,94,448,67" oya="0" hai0="62,7,101,107,12,25,60,112,81,11,30,22,32" hai1="59,74,91,115,37,61,21,105,56,114,1,65,120" hai2="68,38,83,58,99,42,55,104,54,134,94,102,110" hai3="44,16,43,133,15,108,41,135,23,10,27,100,63"/><T48/><D112/><N who="1" m="43051" /><E120/><V132/><F110/><W85/><G108/><T53/><D81/><U36/><E1/><V8/><F68/><W70/><G85/><T79/><D79/><U116/><E74/><V24/><F83/><W87/><G87/><T92/><D107/><U40/><E105/><V66/><F8/><W78/><G78/><T5/><D5/><U106/><E106/><V18/><F104/><W119/><G119/><T57/><REACH who="0" step="1"/><D32/><REACH who="0" ten="381,94,448,67" step="2"/><U0/><E116/><V39/><F132/><W103/><G135/><T117/><D117/><U6/><E6/><V88/><F134/><W77/><G77/><T75/><D75/><U98/><E0/><V82/><F82/><W13/><G133/><T126/><D126/><U121/><E121/><V111/><F111/><W131/><G131/><T49/><D49/><U64/><E37/><V93/><F39/><W125/><G125/><T84/><D84/><U69/><E36/><V86/><F38/><W89/><G70/><T19/><D19/><U127/><E69/><V128/><F128/><W113/><G113/><T51/><D51/><U31/><E127/><V123/><F123/><W33/><G33/><T2/><D2/><U50/><E50/><V28/><F18/><W45/><G16/><T90/><D90/><U130/><E91/><V124/><F124/><W76/><G89/><T97/><AGARI ba="1,1" hai="7,11,12,22,25,30,48,53,57,60,62,92,97,101" machi="97" ten="30,12000,1" yaku="1,1,0,1,8,1,52,1,53,1" doraHai="96" doraHaiUra="26" who="0" fromWho="0" sc="381,133,94,-41,448,-41,67,-41" /><INIT seed="4,2,0,3,4,21" ten="514,53,407,26" oya="0" hai0="72,51,115,42,1,22,100,56,96,95,119,108,101" hai1="15,86,63,23,47,91,106,0,133,74,82,73,54" hai2="104,121,28,11,7,126,129,83,71,135,80,102,27" hai3="89,26,17,3,12,112,128,44,103,88,35,97,109"/><T111/><D1/><U118/><E0/><V32/><F121/><W20/><G109/><N who="0" m="42059" /><D42/><U131/><E106/><V16/><F126/><W67/><G3/><T85/><D51/><U76/><E118/><V43/><F7/><W81/><G112/><T31/><D56/><U123/><E123/><V75/><F129/><W37/><G128/><T132/><D22/><U9/><E23/><V78/><F135/><W93/><G67/><T114/><D31/><U5/><E133/><V84/><F71/><W46/><G37/><T34/><D34/><U57/><E131/><V117/><F117/><W4/><G35/><T130/><D130/><U33/><E33/><V105/><F102/><N who="0" m="39530" /><D72/><U19/><E74/><V13/><REACH who="2" step="1"/><F43/><REACH who="2" ten="514,53,397,26" step="2"/><W14/><G4/><T90/><D119/><U6/><E5/><V98/><F98/><W18/><G103/><N who="0" m="60831" /><D132/><U45/><E6/><V70/><F70/><W127/><G127/><T30/><D30/><U65/><E65/><V134/><F134/><W59/><G12/><T53/><D53/><U58/><E15/><V110/><F110/><W2/><G2/><T10/><D10/><U40/><E9/><V125/><F125/><W25/><G17/><T124/><D124/><U69/><E19/><V49/><F49/><W36/><G36/><T50/><D50/><U39/><E39/><V52/><F52/><W68/><G68/><T113/><D115/><U77/><E69/><V87/><F87/><N who="3" m="50415" /><G59/><T79/><D79/><AGARI ba="2,1" hai="11,13,16,27,28,32,75,78,79,80,83,84,104,105" machi="79" ten="30,7700,0" yaku="1,1,7,1,52,1,54,1,53,0" doraHai="21" doraHaiUra="64" who="2" fromWho="0" sc="514,-83,53,0,397,93,26,0" /><INIT seed="5,0,0,4,1,53" ten="431,53,490,26" oya="1" hai0="135,1,112,103,43,116,118,36,18,81,131,22,51" hai1="129,104,42,128,105,27,46,39,65,85,89,120,71" hai2="13,125,69,133,54,57,93,119,31,35,101,97,62" hai3="55,33,0,86,12,14,127,75,94,117,11,30,2"/><U37/><E37/><V49/><F119/><W72/><G117/><T134/><D1/><U3/><E3/><V109/><F109/><W73/><G127/><T84/><D36/><U52/><E120/><V58/><F69/><W123/><G123/><T41/><D103/><U48/><E27/><V21/><F35/><W29/><G2/><T82/><D84/><U87/><E87/><V70/><F70/><W74/><N who="3" m="18432" /><DORA hai="38" /><W32/><G0/><T110/><D51/><U25/><E25/><N who="2" m="16815" /><F133/><N who="0" m="50698" /><D110/><U126/><E126/><V99/><F125/><W113/><G113/><T95/><D112/><U26/><E26/><V20/><F97/><W50/><G30/><T45/><D131/><N who="1" m="50251" /><E65/><N who="2" m="39119" /><F20/><W68/><G68/><T44/><D22/><U7/><E71/><V17/><F17/><W122/><G122/><T10/><D18/><U98/><E98/><V91/><F13/><W76/><G29/><T6/><D10/><U107/><E7/><V4/><F4/><W88/><G76/><T66/><D6/><U56/><E107/><V121/><F121/><W130/><G130/><T108/><D66/><U8/><E8/><V61/><F101/><W111/><G111/><T132/><D108/><U114/><E114/><V5/><F5/><W28/><G28/><T60/><D118/><U59/><E59/><V115/><F115/><W92/><G11/><T34/><D116/><U47/><E56/><V102/><F102/><W40/><G32/><T63/><D34/><U83/><AGARI ba="0,0" hai="39,42,46,47,48,52,83,85,89,104,105" m="50251" machi="83" ten="30,6000,0" yaku="19,1,52,1,54,1" doraHai="53,38" who="1" fromWho="1" sc="431,-20,53,60,490,-20,26,-20" /><INIT seed="5,1,0,0,0,61" ten="411,113,470,6" oya="1" hai0="26,112,43,57,1,104,36,108,121,54,122,14,68" hai1="34,30,119,53,135,92,126,69,97,106,96,19,124" hai2="48,49,58,62,18,109,73,41,4,111,83,38,88" hai3="0,133,2,87,33,20,114,79,50,27,75,25,101"/><U42/><E119/><V129/><F18/><N who="3" m="12439" /><G75/><T63/><D14/><U3/><E3/><N who="3" m="1066" /><G50/><N who="2" m="19561" /><F88/><W90/><G101/><T37/><D26/><N who="1" m="18775" /><E42/><V46/><F4/><W40/><G40/><T115/><D1/><U9/><E69/><V22/><F22/><W76/><G90/><T45/><D104/><U71/><E71/><V117/><F83/><W127/><G87/><T65/><D37/><U102/><E53/><N who="2" m="34127" /><F73/><W116/><G116/><T64/><D65/><U32/><E32/><V103/><F103/><W81/><G81/><T5/><D5/><U8/><E19/><V59/><F117/><W123/><G123/><N who="0" m="47115" /><D108/><N who="2" m="41546" /><F59/><W15/><G15/><T55/><D68/><U16/><E97/><V130/><AGARI ba="1,0" hai="38,41,46,129,130" m="41546,34127,19561" machi="130" ten="40,2700,0" yaku="34,2" doraHai="61" who="2" fromWho="2" sc="411,-8,113,-14,470,30,6,-8" owari="403,20.0,99,-30.0,500,60.0,-2,-50.0" /></mjloggm>