<mjloggm ver="2.3"><GO type="41" lobby="0"/><UN n0="%E5%85%AD%E7%95%AA%E7%9B%AE%E3%81%AE%E3%82%B7%E3%82%B9%E3%82%AB" n1="%6D%75%67%62%79" n2="%E5%A4%A9%E7%A5%9E%E4%B9%83%E9%9B%80" n3="%E5%B0%B1%E6%B4%BB%E7%94%9F%40%E5%B7%9D%E6%9D%91%E8%BB%8D%E5%9B%A3" dan="13,14,15,17" rate="1934.90,1995.98,2017.01,2210.68" sx="M,M,M,M"/><TAIKYOKU oya="0"/><INIT seed="0,0,0,2,2,6" ten="250,250,250,250" oya="0" hai0="15,26,61,17,80,19,83,112,107,32,28,5,92" hai1="117,102,100,125,34,95,64,96,11,4,87,106,113" hai2="69,16,57,46,97,65,94,47,77,41,24,35,135" hai3="40,1,63,29,30,120,85,31,90,3,58,18,82"/><T22/><D107/><U10/><E117/><V78/><F135/><W86/><G120/><T105/><D105/><U53/><E34/><V48/><F47/><W116/><G116/><T110/><D112/><U99/><E64/><V44/><F44/><W108/><G108/><T75/><D110/><U52/><E113/><V74/><F74/><W119/><G119/><T14/><D75/><U43/><E125/><V134/><F134/><W7/><G40/><T118/><D5/><U89/><E43/><V73/><F73/><W101/><G101/><T42/><D42/><U98/><E98/><V81/><F81/><W121/><G121/><T131/><D131/><U111/><E111/><V51/><F35/><W20/><G7/><T45/><D45/><U25/><E25/><V114/><F69/><W124/><G124/><T79/><D79/><U130/><E130/><V8/><F65/><W70/><G70/><T54/><D92/><U9/><REACH who="1" step="1"/><E4/><REACH who="1" ten="250,240,250,250" step="2"/><V56/><F114/><W39/><G39/><T72/><D118/><U67/><E67/><V55/><F41/><W76/><G31/><T33/><D33/><U36/><E36/><V129/><F24/><W88/><G30/><T132/><D132/><U37/><E37/><V115/><F115/><W2/><G29/><T127/><D127/><U126/><E126/><V91/><F129/><W21/><G18/><T93/><D32/><U50/><E50/><V104/><F51/><W84/><G76/><T0/><D28/><U12/><E12/><V23/><F78/><W122/><G122/><T128/><D15/><U38/><E38/><RYUUKYOKU ba="0,1" sc="250,-10,240,30,250,-10,250,-10" hai1="9,10,11,52,53,87,89,95,96,99,100,102,106" /><INIT seed="1,1,1,1,2,79" ten="240,270,240,240" oya="1" hai0="54,43,129,7,115,133,52,108,80,60,5,122,37" hai1="50,57,102,19,28,10,99,23,38,21,117,2,123" hai2="69,17,18,27,78,124,25,8,127,116,120,89,95" hai3="20,58,15,77,98,88,100,103,26,134,87,75,6"/><U90/><E117/><V118/><F69/><W61/><G134/><T131/><D115/><U14/><E38/><V65/><F65/><W62/><G75/><T74/><D108/><U32/><E123/><V71/><F71/><W81/><G6/><T101/><D133/><U1/><E90/><V126/><F120/><W72/><G15/><T11/><D101/><U31/><E50/><V0/><F78/><W64/><G62/><T119/><D7/><U93/><E57/><V13/><F89/><W73/><G73/><T111/><D111/><U42/><E42/><V97/><F97/><W130/><G130/><N who="0" m="49675" /><D60/><U34/><E93/><V104/><F95/><N who="3" m="56679" /><G72/><T56/><D56/><U106/><E99/><V40/><F40/><W33/><G33/><N who="1" m="12906" /><E106/><V68/><F68/><W55/><G64/><T63/><D119/><N who="2" m="45610" /><F104/><W128/><G128/><T4/><D63/><U48/><E48/><V82/><F82/><W16/><AGARI ba="1,1" hai="16,20,26,55,58,61,77,81,87,100,103" m="56679" machi="16" ten="30,8000,1" yaku="25,1,8,1,52,1,54,2" doraHai="79" who="3" fromWho="3" sc="240,-21,270,-41,240,-21,240,93" /><INIT seed="2,0,0,3,3,40" ten="219,229,219,333" oya="2" hai0="115,52,7,6,71,48,104,97,118,53,73,30,4" hai1="68,109,129,92,124,127,1,85,111,43,8,78,28" hai2="101,9,113,55,25,59,84,96,82,33,67,76,128" hai3="117,29,105,50,37,39,90,20,22,42,34,123,26"/><V108/><F113/><W63/><G123/><T131/><D73/><U135/><E68/><V61/><F128/><W79/><G117/><T32/><D115/><U19/><E28/><V5/><F108/><N who="1" m="41545" /><E129/><V98/><F67/><W134/><G105/><T56/><D131/><U38/><E135/><V18/><F101/><W116/><G116/><T49/><D71/><U58/><E58/><V91/><F76/><W95/><G79/><T2/><D118/><U89/><E78/><V44/><F44/><W102/><G102/><T21/><D32/><U15/><E1/><V62/><F62/><W130/><G130/><T47/><D104/><U132/><E132/><V77/><F77/><W86/><G134/><T70/><D70/><U83/><E92/><V106/><F106/><W51/><G37/><T64/><D64/><U11/><E11/><V94/><F82/><W66/><G39/><T126/><D126/><U23/><E23/><N who="2" m="13559" /><F33/><W72/><G72/><T17/><D30/><U121/><E121/><V107/><F107/><W41/><G22/><T45/><D56/><U103/><E103/><V31/><F31/><W14/><G34/><T99/><D2/><U36/><E36/><V69/><F69/><W133/><G133/><T3/><D3/><U75/><E75/><V114/><F114/><W10/><G63/><T110/><D110/><U125/><E125/><V27/><F27/><AGARI ba="0,0" hai="4,6,7,17,21,27,45,47,48,49,52,53,97,99" machi="27" ten="40,8000,1" yaku="9,1,8,1,52,2,54,1" doraHai="40" who="0" fromWho="2" sc="219,80,229,0,219,-80,333,0" /><INIT seed="3,0,0,1,3,28" ten="299,229,139,333" oya="3" hai0="90,61,102,87,50,25,47,124,81,88,30,118,13" hai1="76,26,49,42,69,91,110,48,122,72,0,130,104" hai2="83,52,35,106,63,12,98,121,127,11,133,103,8" hai3="34,40,134,45,135,54,112,109,126,94,96,120,99"/><W60/><G120/><T43/><D118/><U32/><E0/><V131/><F121/><W6/><G112/><T37/><D124/><U1/><E1/><V123/><F127/><W73/><G73/><T101/><D61/><U57/><E91/><V65/><F133/><W18/><G6/><T51/><D13/><U128/><E122/><V33/><F131/><W16/><G126/><T93/><D37/><U114/><E114/><V116/><F123/><W105/><G105/><T56/><D51/><U3/><E3/><V39/><F116/><W27/><G54/><T14/><D56/><U2/><E2/><V53/><F39/><W100/><G60/><T75/><D14/><U108/><E104/><V20/><F83/><W24/><G99/><T62/><D62/><U31/><E69/><V117/><F117/><W111/><G27/><T125/><D75/><U89/><E72/><V113/><F113/><W132/><G34/><T10/><D10/><U79/><E42/><V71/><F11/><W82/><G82/><T119/><D119/><U4/><E4/><V85/><F85/><W5/><G5/><T129/><D129/><U107/><E107/><V17/><REACH who="2" step="1"/><F20/><REACH who="2" ten="299,229,129,333" step="2"/><N who="3" m="13319" /><G18/><T115/><D125/><U22/><E130/><V38/><F38/><AGARI ba="0,1" hai="38,40,45,94,96,100,109,111,132,134,135" m="13319" machi="38" ten="40,3900,0" yaku="20,1,54,1" doraHai="28" who="3" fromWho="2" sc="299,0,229,0,129,-39,333,49" /><INIT seed="3,1,0,2,0,55" ten="299,229,90,382" oya="3" hai0="102,133,68,19,16,98,86,63,129,17,31,92,74" hai1="11,134,131,59,107,36,113,37,51,91,53,89,56" hai2="18,80,62,65,50,114,120,108,57,73,126,22,60" hai3="75,127,30,41,47,78,123,77,48,21,9,66,101"/><W0/><G123/><T49/><D74/><U39/><E113/><V58/><F120/><W84/><G75/><T43/><D133/><U118/><E134/><V6/><F114/><W35/><G35/><T8/><D31/><U7/><E107/><V38/><F126/><W12/><G127/><T13/><D129/><U93/><E131/><V132/><F108/><W5/><G101/><T79/><D68/><U115/><E115/><V76/><F132/><W81/><G66/><T69/><D69/><U130/><E130/><V20/><F38/><W96/><G96/><T135/><D135/><U116/><E56/><V97/><F97/><W125/><G125/><T90/><D63/><U85/><REACH who="1" step="1"/><E91/><REACH who="1" ten="299,219,90,382" step="2"/><V109/><F109/><W83/><G78/><T128/><D79/><U64/><E64/><V10/><F50/><W32/><G81/><N who="0" m="49487" /><D128/><U26/><E26/><V67/><F18/><W105/><G105/><T111/><D111/><U61/><E61/><V119/><F119/><W99/><G83/><T104/><D104/><U54/><E54/><V44/><F44/><AGARI ba="1,1" hai="8,13,16,17,19,43,44,49,92,98,102" m="49487" machi="44" ten="30,2000,0" yaku="8,1,54,1" doraHai="55" who="0" fromWho="2" sc="299,33,219,0,90,-23,382,0" /><INIT seed="4,0,0,4,3,31" ten="332,219,67,382" oya="0" hai0="94,90,108,49,91,40,100,72,10,98,33,116,54" hai1="62,25,7,115,123,61,16,35,95,111,84,43,119" hai2="110,76,48,14,128,44,121,17,88,104,106,45,126" hai3="24,34,83,9,81,3,102,42,53,15,63,32,26"/><T22/><D72/><U66/><E111/><V103/><F121/><W50/><G3/><T47/><D116/><U5/><E119/><V4/><F110/><W68/><G102/><T75/><D75/><U118/><E118/><V8/><F128/><W127/><G127/><T73/><D73/><U93/><E123/><V105/><F126/><W134/><G134/><T135/><D135/><U82/><E43/><V77/><F103/><W92/><G92/><N who="1" m="35402" /><E35/><V74/><F74/><W71/><G42/><T78/><D33/><U12/><E25/><V67/><F67/><W132/><G132/><T96/><D10/><N who="1" m="6167" /><E115/><V86/><F4/><N who="1" m="1609" /><E66/><V23/><F8/><W2/><G2/><T56/><D78/><AGARI ba="0,0" hai="61,62,78,82,84" m="1609,6167,35402" machi="78" ten="30,2000,0" yaku="8,1,54,1" doraHai="31" who="1" fromWho="0" sc="332,-20,219,20,67,0,382,0" /><INIT seed="5,0,0,3,0,29" ten="312,239,67,382" oya="1" hai0="46,84,61,8,59,131,82,116,97,92,80,114,51" hai1="40,33,119,21,94,42,76,5,93,34,103,98,101" hai2="111,100,85,25,124,65,52,128,83,57,49,81,91" hai3="74,105,88,41,47,120,77,1,86,53,27,69,4"/><U28/><E119/><V60/><F124/><W135/><G120/><T63/><D116/><U107/><E76/><V67/><F128/><W36/><G135/><T68/><D131/><U96/><E107/><V30/><F111/><W20/><G105/><T95/><D114/><U58/><E5/><V112/><F112/><W134/><G134/><T110/><D82/><U73/><E73/><V45/><F100/><W104/><G104/><T121/><D95/><U54/><E21/><V127/><F127/><W72/><G69/><T122/><D68/><U62/><REACH who="1" step="1"/><E28/><REACH who="1" ten="312,229,67,382" step="2"/><V89/><F81/><W9/><G77/><T66/><D121/><U39/><E39/><V24/><F24/><W3/><G3/><T48/><D80/><U90/><E90/><V109/><F109/><W43/><G20/><T32/><D110/><U15/><E15/><V22/><REACH who="2" step="1"/><F91/><REACH who="2" ten="312,229,57,382" step="2"/><W0/><G27/><T75/><D122/><U129/><E129/><V6/><F6/><W126/><G4/><T71/><D75/><U12/><E12/><V108/><F108/><W79/><G74/><T118/><D118/><U87/><E87/><V37/><F37/><W26/><G72/><T113/><D84/><U13/><E13/><V17/><F17/><W99/><G86/><T56/><D97/><U117/><E117/><V7/><F7/><W130/><G99/><T133/><D133/><U16/><E16/><V14/><F14/><W11/><G36/><T125/><D125/><U35/><AGARI ba="0,2" hai="33,34,35,40,42,54,58,62,93,94,96,98,101,103" machi="35" ten="30,18000,2" yaku="1,1,0,1,9,1,52,3,53,0" doraHai="29" doraHaiUra="102" who="1" fromWho="1" sc="312,-60,229,200,57,-60,382,-60" owari="252,-15.0,429,53.0,-3,-50.0,322,12.0" /></mjloggm>