<mjloggm ver="2.3"><GO type="233" lobby="0"/><UN n0="%E3%81%BE%E3%82%8B%E3%81%9F%E3%82%8D%E3%81%86" n1="%E3%83%AA%E3%83%81%E3%83%A3%21%21" n2="%E3%82%A6%E3%83%AB%E3%83%88%E3%83%A9%E7%AB%8B%E7%9B%B4" n3="%6B%E3%81%AE%64%65%73%75" dan="17,18,17,16" rate="2174.92,2263.46,2158.20,2117.63" sx="F,M,M,M"/><TAIKYOKU oya="0"/><INIT seed="0,0,0,4,1,121" ten="250,250,250,250" oya="0" hai0="2,3,54,93,41,12,63,77,126,81,82,21,134" hai1="17,39,125,51,19,7,83,44,85,78,115,128,0" hai2="117,61,92,80,73,28,95,113,4,52,76,31,71" hai3="114,15,40,57,36,116,124,104,72,127,65,135,20"/><T37/><D126/><N who="3" m="48169" /><G104/><T68/><D134/><U86/><E125/><V26/><F113/><W130/><G72/><T56/><D68/><U118/><E128/><V10/><F117/><W79/><G79/><T25/><D93/><U23/><E118/><V102/><F102/><W43/><G116/><T90/><D90/><U59/><E39/><V48/><F61/><N who="3" m="38063" /><G114/><T112/><D112/><U111/><E59/><V129/><F71/><W13/><G135/><T55/><D55/><U29/><E29/><V9/><F9/><W67/><G130/><T58/><D58/><U100/><E100/><V69/><F31/><W42/><G67/><T60/><D60/><U8/><E86/><V108/><F69/><W122/><G122/><T132/><D132/><U24/><E19/><V70/><F70/><W99/><G99/><T11/><D41/><N who="3" m="15977" /><G20/><T107/><D107/><U75/><E115/><V133/><F133/><W123/><G123/><T119/><D119/><U131/><E75/><V89/><F73/><W16/><G16/><N who="0" m="12455" /><D37/><U33/><E33/><V18/><F76/><W105/><G105/><T35/><D35/><U88/><E131/><V66/><F129/><W96/><G96/><T109/><D77/><U101/><E78/><V87/><F66/><W49/><G36/><T53/><D2/><U110/><REACH who="1" step="1"/><E101/><REACH who="1" ten="250,240,250,250" step="2"/><V94/><F89/><W6/><G6/><N who="0" m="1503" /><D56/><U103/><E103/><V22/><F87/><W106/><G106/><T46/><D46/><AGARI ba="0,1" hai="13,15,43,46,49" m="15977,38063,48169" machi="46" ten="30,1000,0" yaku="18,1" doraHai="121" who="3" fromWho="0" sc="250,-10,240,0,250,0,250,20" /><INIT seed="1,0,0,5,2,4" ten="240,240,250,270" oya="1" hai0="21,64,30,124,31,54,79,40,26,99,10,9,109" hai1="17,132,87,104,55,102,90,105,65,34,89,15,47" hai2="117,25,96,63,43,119,82,91,127,39,48,11,14" hai3="7,3,97,135,56,86,18,33,42,115,67,93,61"/><U80/><E132/><V123/><F123/><W85/><G135/><T125/><D109/><U24/><E65/><V51/><F127/><N who="0" m="48714" /><D79/><U134/><E134/><V50/><F63/><W118/><G115/><T66/><D31/><U100/><E90/><V19/><F25/><W22/><G33/><T29/><D29/><U108/><E108/><V83/><F83/><W36/><G118/><T0/><D40/><U103/><E24/><V112/><F112/><W68/><G68/><T133/><D133/><U5/><E5/><V20/><F20/><W38/><G38/><T111/><D111/><U106/><E34/><V114/><F114/><W81/><G81/><T76/><D76/><U41/><E55/><V131/><F131/><W1/><G42/><T84/><D84/><U53/><E53/><V46/><REACH who="2" step="1"/><F96/><REACH who="2" ten="240,240,240,270" step="2"/><W75/><G97/><T116/><D99/><U73/><E106/><V94/><F94/><W57/><G93/><T62/><D116/><U120/><E120/><V60/><F60/><W128/><G61/><T37/><D21/><U88/><E73/><V70/><F70/><W32/><G75/><T98/><D98/><U2/><E105/><V45/><F45/><W12/><G32/><T27/><D27/><U113/><E104/><V122/><F122/><W129/><G128/><T16/><D26/><U28/><E113/><V74/><F74/><W126/><G129/><T71/><D71/><U121/><E80/><V110/><F110/><W49/><G126/><T130/><D130/><U72/><E121/><V23/><F23/><W44/><G22/><T35/><D35/><RYUUKYOKU ba="0,1" sc="240,-10,240,-10,240,30,270,-10" hai2="11,14,19,39,43,46,48,50,51,82,91,117,119" /><INIT seed="2,1,1,0,4,98" ten="230,230,270,260" oya="2" hai0="112,10,127,93,123,47,92,0,64,79,72,111,88" hai1="81,133,128,85,117,40,25,96,36,13,113,135,60" hai2="49,14,130,75,4,54,41,122,29,102,37,77,118" hai3="89,120,11,30,124,131,15,23,103,59,45,109,7"/><V55/><F122/><W20/><G120/><T84/><D112/><U73/><E113/><V12/><F118/><W8/><G109/><T46/><D123/><U61/><E117/><V53/><F37/><W33/><G131/><T9/><D111/><U43/><E73/><V42/><F130/><W22/><G124/><T121/><D121/><U2/><E2/><V58/><F75/><W125/><G125/><T17/><D127/><U50/><E36/><V1/><F1/><W76/><G76/><T31/><D31/><U110/><E110/><V18/><F77/><W44/><G89/><T52/><D64/><U19/><E25/><V83/><F29/><W48/><G59/><T82/><D92/><U94/><E128/><V97/><F83/><W56/><G56/><T68/><D68/><U32/><E32/><V39/><F4/><W86/><G86/><T99/><D72/><U35/><E35/><V65/><F12/><W105/><G11/><N who="0" m="4107" /><D0/><U63/><E85/><V38/><F38/><W80/><G80/><T57/><D17/><U114/><E81/><V21/><F39/><W129/><G129/><T34/><D34/><U74/><E74/><V26/><F14/><W70/><G70/><T106/><D106/><U66/><E66/><V115/><F115/><W16/><G7/><T107/><D107/><U126/><E126/><V78/><F78/><W90/><G105/><T87/><D87/><U101/><E114/><V24/><F24/><W67/><G33/><T104/><D104/><U51/><E133/><V71/><F71/><W5/><G67/><T116/><D116/><RYUUKYOKU ba="1,1" sc="230,30,230,-10,270,-10,260,-10" hai0="46,47,52,57,79,82,84,88,93,99" /><INIT seed="3,2,1,5,5,94" ten="260,220,260,250" oya="3" hai0="33,60,135,19,34,131,46,56,102,81,76,3,71" hai1="47,77,24,22,35,28,84,17,79,126,128,98,38" hai2="5,108,26,121,9,59,93,97,72,39,48,70,44" hai3="115,127,1,82,99,124,36,4,29,14,53,7,62"/><W21/><G36/><T117/><D117/><U95/><E128/><V87/><F72/><W119/><G119/><T129/><D71/><U80/><E126/><N who="3" m="48170" /><G115/><T103/><D3/><U90/><E47/><V104/><F70/><W63/><G82/><T68/><D68/><U11/><E38/><V37/><F121/><W96/><G1/><T86/><D46/><U116/><E116/><V85/><F108/><W100/><G53/><N who="0" m="33807" /><D135/><U15/><REACH who="1" step="1"/><E35/><REACH who="1" ten="260,210,260,250" step="2"/><V101/><F44/><W10/><G4/><T75/><D34/><U109/><E109/><V133/><F39/><W49/><G49/><T118/><D118/><U42/><E42/><V114/><F48/><W112/><G112/><T134/><D33/><U45/><E45/><V13/><F37/><W58/><G62/><T23/><D134/><U123/><E123/><V132/><F133/><W31/><G63/><T16/><D131/><U83/><E83/><V91/><F132/><W107/><G58/><T106/><D129/><U51/><E51/><V125/><F59/><W27/><G29/><T130/><D130/><U92/><E92/><V8/><F93/><W120/><G120/><T88/><D106/><U61/><E61/><V40/><F104/><W0/><G0/><T89/><D75/><U52/><E52/><V65/><F125/><W32/><G32/><T105/><D105/><U6/><E6/><V66/><F5/><W12/><G14/><T67/><D81/><U18/><E18/><V73/><F13/><W57/><G57/><T54/><D19/><U69/><E69/><V43/><F114/><W50/><G50/><RYUUKYOKU ba="2,2" sc="260,-15,210,15,260,-15,250,15" hai1="11,15,17,22,24,28,77,79,80,84,90,95,98" hai3="7,10,12,21,27,31,96,99,100,107" /><INIT seed="3,3,2,2,0,92" ten="245,225,245,265" oya="3" hai0="58,70,124,103,59,40,15,112,111,62,37,102,12" hai1="82,2,90,34,39,108,49,45,68,61,120,135,104" hai2="122,65,27,32,110,47,63,114,77,109,50,24,76" hai3="79,46,133,107,29,33,99,91,30,83,19,119,80"/><W127/><G119/><T52/><D70/><U125/><RYUUKYOKU type="yao9" ba="3,2" sc="245,0,225,0,245,0,265,0" hai1="2,34,39,45,49,61,68,82,90,104,108,120,125,135" /><INIT seed="3,4,2,0,5,3" ten="245,225,245,265" oya="3" hai0="57,2,49,93,127,15,131,62,65,69,46,81,25" hai1="51,82,115,70,18,38,80,22,133,24,126,54,101" hai2="86,4,87,128,9,114,117,83,76,36,40,45,52" hai3="8,47,63,105,17,103,99,100,56,97,130,107,37"/><W60/><G130/><T5/><D131/><U124/><E115/><V23/><F128/><W135/><G135/><T35/><D127/><N who="1" m="48683" /><E133/><V13/><F114/><W85/><G85/><T20/><D2/><U104/><E38/><V113/><F113/><W6/><G17/><T16/><D81/><U102/><E70/><V73/><F117/><W106/><G106/><T78/><D78/><U0/><E0/><V74/><F74/><W33/><G33/><T84/><D84/><U41/><E41/><V30/><REACH who="2" step="1"/><F52/><REACH who="2" ten="245,225,235,265" step="2"/><W116/><G116/><T125/><D125/><U123/><E123/><V48/><F48/><W95/><G37/><T122/><D122/><U89/><E54/><V26/><AGARI ba="4,3" hai="4,9,13,23,26,30,36,40,45,73,76,83,86,87" machi="26" ten="30,4000,0" yaku="1,1,0,1,52,1,53,0" doraHai="3" doraHaiUra="59" who="2" fromWho="2" sc="245,-14,225,-14,235,82,265,-24" /><INIT seed="4,0,0,2,1,84" ten="231,211,317,241" oya="0" hai0="28,56,108,78,11,38,14,76,9,98,29,125,134" hai1="50,72,4,89,128,22,122,2,116,17,6,127,20" hai2="16,90,61,133,52,94,60,31,1,65,75,86,7" hai3="39,47,131,66,77,63,71,114,8,27,26,58,109"/><T24/><D38/><U57/><E122/><V10/><F133/><W54/><G109/><T33/><D134/><U102/><E116/><V18/><F75/><W68/><G77/><T81/><D108/><U42/><E72/><V104/><F104/><W41/><G114/><T115/><D115/><U74/><E74/><V80/><F31/><W106/><G106/><T37/><D37/><U12/><E128/><V107/><F107/><W123/><G123/><T3/><D125/><U99/><E127/><V132/><F132/><W43/><G131/><T25/><D3/><U36/><E2/><V23/><F23/><W100/><G100/><T110/><D110/><U53/><E89/><V46/><F94/><W73/><G73/><T32/><D98/><U69/><E69/><V87/><F87/><W93/><G68/><T121/><D121/><U0/><E0/><V97/><F97/><W55/><G43/><T49/><D81/><U51/><E22/><V120/><F120/><W112/><G112/><T15/><D49/><U83/><E83/><V85/><F85/><W13/><G93/><T59/><AGARI ba="0,0" hai="9,11,14,15,24,25,28,29,32,33,56,59,76,78" machi="59" ten="25,4800,0" yaku="0,1,22,2" doraHai="84" who="0" fromWho="0" sc="231,48,211,-16,317,-16,241,-16" /><INIT seed="4,1,0,2,0,4" ten="279,195,301,225" oya="0" hai0="127,54,41,26,70,102,29,107,1,135,90,59,63" hai1="65,37,87,89,71,91,58,77,100,68,19,56,31" hai2="128,30,36,52,18,73,93,115,125,57,5,118,23" hai3="122,24,25,43,105,39,116,13,2,9,80,75,85"/><T120/><D120/><U8/><E37/><V99/><F73/><W28/><G116/><T126/><D1/><U48/><E100/><V109/><F109/><W83/><G122/><T7/><D7/><U123/><E31/><V17/><F36/><W98/><G2/><T15/><D135/><U106/><E106/><V14/><F115/><W20/><G75/><T79/><D79/><U113/><E113/><V32/><F32/><W111/><G111/><T44/><D70/><U3/><E71/><V84/><F84/><W76/><G25/><T133/><D133/><U103/><E103/><V27/><F125/><W42/><G39/><T69/><D69/><U66/><E68/><V121/><F128/><W61/><G61/><T86/><D102/><U55/><E3/><V40/><F40/><N who="3" m="15403" /><G105/><T108/><D107/><U124/><E124/><V6/><F118/><W96/><G83/><T62/><D62/><N who="1" m="38103" /><E66/><V72/><F30/><W60/><G60/><T117/><D117/><U88/><E123/><V112/><F72/><W131/><G131/><T49/><D108/><U21/><E77/><V64/><F64/><W110/><G110/><T129/><D129/><U50/><E50/><N who="2" m="30871" /><F112/><W47/><G47/><T114/><D114/><U38/><E38/><V94/><F121/><W74/><G74/><T101/><D101/><U119/><E119/><V22/><F94/><W45/><G45/><T34/><D127/><U16/><E87/><V51/><F51/><W67/><G67/><T12/><REACH who="0" step="1"/><D126/><REACH who="0" ten="269,195,301,225" step="2"/><U134/><E134/><V130/><F130/><W46/><G46/><T132/><D132/><RYUUKYOKU ba="1,1" sc="269,10,195,-30,301,10,225,10" hai0="12,15,26,29,34,41,44,49,54,59,63,86,90" hai2="5,6,14,17,18,22,23,27,93,99" hai3="9,13,20,24,28,76,80,85,96,98" /><INIT seed="4,2,1,0,2,93" ten="279,165,311,235" oya="0" hai0="119,21,3,85,94,6,105,92,8,35,128,47,71" hai1="0,125,81,25,55,10,104,33,126,73,54,90,133" hai2="56,135,62,102,59,11,77,48,49,46,34,86,61" hai3="27,78,64,108,132,113,69,134,53,60,106,89,66"/><T122/><D35/><U50/><E133/><N who="3" m="51306" /><G108/><T13/><D122/><U17/><E104/><V114/><F34/><W82/><G113/><T117/><D105/><U20/><E33/><V37/><F135/><W124/><G124/><N who="1" m="47722" /><E50/><V127/><F102/><W7/><G106/><T129/><D71/><U22/><E22/><V98/><F11/><W45/><G7/><T57/><D47/><U96/><E96/><V38/><F98/><W51/><G89/><N who="0" m="53295" /><D117/><U39/><E39/><V130/><F127/><W65/><G27/><T31/><D119/><U100/><E100/><V76/><F46/><W107/><G107/><T95/><D31/><U109/><E109/><V52/><F114/><W32/><G32/><T123/><D123/><U121/><E121/><V5/><F37/><W58/><G69/><T99/><D57/><U16/><E17/><V14/><F59/><W118/><G118/><T43/><D43/><U36/><E36/><V9/><F38/><W87/><AGARI ba="2,1" hai="45,51,53,58,60,64,65,66,78,82,87" m="51306" machi="87" ten="30,1100,0" yaku="20,1" doraHai="93" who="3" fromWho="3" sc="279,-7,165,-5,311,-5,235,27" /><INIT seed="5,0,0,5,5,33" ten="272,160,306,262" oya="1" hai0="97,39,83,48,38,119,36,26,117,123,32,78,6" hai1="134,120,103,21,85,71,0,34,76,59,65,54,99" hai2="87,91,1,111,17,69,63,50,101,98,127,28,88" hai3="84,60,104,67,121,52,2,47,73,110,82,15,100"/><U44/><E120/><V64/><F111/><W5/><G110/><T86/><D123/><U107/><E134/><V124/><F28/><W115/><G121/><T24/><D97/><U66/><E34/><V3/><F17/><W23/><G73/><T81/><D6/><U30/><E0/><V22/><F22/><W46/><G115/><T74/><D48/><U12/><E44/><V90/><F87/><W132/><G132/><T95/><D95/><U13/><E71/><V29/><F29/><W126/><G126/><N who="2" m="48169" /><F50/><W61/><G2/><T31/><D31/><U75/><E75/><V53/><F53/><W129/><G129/><T133/><D133/><U131/><E131/><V72/><F72/><W16/><G5/><T45/><D45/><U18/><E30/><V112/><F112/><W125/><G125/><T11/><D32/><U114/><E12/><V79/><F79/><W10/><G23/><T9/><D26/><U96/><E96/><V57/><F69/><W109/><G109/><T77/><REACH who="0" step="1"/><D24/><REACH who="0" ten="262,160,306,262" step="2"/><U25/><E25/><V70/><F70/><W56/><G47/><T94/><D94/><AGARI ba="0,1" hai="1,3,57,63,64,88,90,91,94,98,101" m="48169" machi="94" ten="30,7700,0" yaku="18,1,52,2,54,1" doraHai="33" who="2" fromWho="0" sc="262,-77,160,0,306,87,262,0" /><INIT seed="6,0,0,4,0,118" ten="185,160,393,262" oya="2" hai0="97,77,34,81,60,71,133,111,82,85,10,107,75" hai1="70,0,124,49,1,79,63,46,127,89,30,99,121" hai2="6,58,122,8,72,41,42,40,47,119,126,64,61" hai3="98,102,13,29,88,129,39,84,19,51,15,57,92"/><V74/><F119/><W56/><G129/><T86/><D34/><U32/><E79/><V90/><F122/><W11/><G39/><T120/><D71/><U2/><E121/><V105/><F105/><W28/><G15/><T66/><D66/><N who="1" m="41311" /><E89/><V113/><F113/><W109/><G109/><T45/><D75/><U101/><E49/><V25/><F126/><N who="1" m="48169" /><E46/><V103/><F103/><W128/><G128/><T26/><D77/><U87/><E87/><V20/><F90/><W16/><G19/><T36/><D120/><U123/><E123/><V115/><F115/><W38/><G38/><T44/><D85/><U24/><E1/><V50/><F74/><W76/><G76/><T94/><D86/><U54/><E54/><V110/><F72/><W21/><G11/><T59/><D44/><U12/><E12/><V104/><F104/><AGARI ba="0,0" hai="0,2,24,30,32,99,101,104" m="48169,41311" machi="104" ten="30,3900,0" yaku="25,1,18,1,23,1" doraHai="118" who="1" fromWho="2" sc="185,0,160,39,393,-39,262,0" /><INIT seed="7,0,0,2,0,88" ten="185,199,354,262" oya="3" hai0="28,10,110,62,107,53,20,67,121,131,55,120,133" hai1="34,52,103,87,65,71,35,59,15,40,75,22,44" hai2="119,83,18,29,43,45,58,86,9,54,27,101,2" hai3="6,130,56,126,60,114,117,123,72,125,77,4,19"/><W112/><G77/><T94/><D107/><U111/><E75/><V122/><F101/><W64/><G72/><T8/><D110/><U42/><E111/><V78/><F119/><W132/><G117/><T105/><D105/><U17/><E103/><V134/><F134/><W32/><G32/><T11/><D133/><U116/><E42/><V113/><F113/><N who="3" m="43627" /><G132/><T91/><D131/><U127/><E87/><V84/><F78/><W69/><G130/><T95/><D121/><U0/><E0/><V128/><F128/><W92/><G123/><T82/><D120/><U68/><E68/><V16/><F83/><W3/><G19/><T46/><D82/><U99/><E99/><V48/><F16/><W12/><G3/><T14/><D46/><U102/><E102/><V5/><F18/><W63/><G92/><N who="0" m="35371" /><D91/><U36/><E116/><V47/><F122/><W106/><G106/><T129/><D129/><U1/><E1/><V57/><F47/><W21/><G69/><T124/><D124/><U115/><E127/><V24/><F45/><W33/><G33/><T37/><D37/><U89/><E89/><V109/><F2/><W39/><G39/><T26/><D14/><U25/><E15/><V104/><F104/><W90/><G125/><T76/><D76/><U30/><E115/><V118/><F118/><W38/><G38/><T61/><D67/><U98/><E98/><V80/><F109/><W66/><G90/><T96/><D96/><U49/><E30/><V41/><F29/><W97/><G126/><T108/><D108/><U50/><E50/><V7/><F48/><RYUUKYOKU ba="0,0" sc="185,15,199,15,354,-15,262,-15" hai0="8,10,11,20,26,28,53,55,61,62" hai1="17,22,25,34,35,36,40,44,49,52,59,65,71" owari="200,-30.0,214,-19.0,339,44.0,247,5.0" /></mjloggm>