<mjloggm ver="2.3"><GO type="169" lobby="0"/><UN n0="%67%69%6A%79%75%74%75" n1="%63%68%75%75%79%61%61%61" n2="%E5%B0%B1%E6%B4%BB%E7%94%9F%40%E5%B7%9D%E6%9D%91%E8%BB%8D%E5%9B%A3" n3="%E3%81%86%E3%81%A0%E3%81%A3%E3%81%B7" dan="17,16,17,17" rate="2209.93,2088.28,2139.35,2200.22" sx="M,M,M,M"/><TAIKYOKU oya="0"/><INIT seed="0,0,0,2,4,107" ten="250,250,250,250" oya="0" hai0="20,68,66,117,13,65,102,22,67,47,61,112,11" hai1="132,110,113,21,127,50,1,72,88,82,92,101,41" hai2="31,59,73,4,45,24,28,108,135,116,97,64,104" hai3="8,51,103,98,84,16,7,58,125,5,105,42,109"/><T35/><D112/><U40/><E1/><V52/><F135/><W122/><G109/><T63/><D117/><U10/><E110/><V37/><F108/><W118/><G118/><T49/><D35/><U62/><E10/><V15/><F116/><W46/><G125/><T77/><D102/><U94/><E127/><V111/><F111/><W34/><G34/><T70/><D77/><U129/><E132/><V91/><F73/><W2/><G122/><T96/><D96/><U133/><E133/><V123/><F123/><W17/><G5/><T120/><D66/><U56/><E101/><V80/><F64/><W85/><G58/><T27/><D27/><U54/><E129/><V57/><F57/><W60/><G60/><T53/><REACH who="0" step="1"/><D120/><REACH who="0" ten="240,250,250,250" step="2"/><U71/><E113/><V32/><F24/><W119/><G119/><T76/><D76/><U19/><E72/><V131/><F32/><W134/><G134/><T23/><D23/><U36/><E21/><V83/><F97/><W18/><AGARI ba="0,1" hai="2,7,8,16,17,18,42,46,51,84,85,98,103,105" machi="18" ten="30,2000,0" yaku="0,1,54,1" doraHai="107" who="3" fromWho="3" sc="240,-10,250,-5,250,-5,250,30" /><INIT seed="1,0,0,1,5,124" ten="230,245,245,280" oya="1" hai0="35,106,83,41,89,97,91,126,57,7,1,114,46" hai1="72,6,32,111,128,26,53,127,86,23,100,133,125" hai2="61,117,15,10,85,132,79,50,34,113,80,115,74" hai3="121,81,90,70,47,122,18,112,17,135,69,94,0"/><U39/><E72/><V92/><F117/><W56/><G112/><T76/><D114/><U130/><E39/><V30/><F132/><W33/><G135/><T60/><D35/><U31/><E133/><V108/><F108/><W16/><G0/><T123/><D126/><N who="1" m="48139" /><E111/><V45/><F61/><W44/><G33/><T110/><D110/><U21/><E100/><V101/><F30/><W66/><G81/><T68/><D68/><U102/><E102/><V99/><F34/><W109/><G109/><T105/><D123/><U93/><E6/><V24/><F24/><W52/><G69/><T20/><D20/><N who="1" m="7755" /><E53/><V116/><F74/><W5/><G5/><T9/><D106/><U4/><E4/><V48/><F116/><W134/><G134/><T49/><D105/><U11/><E11/><V42/><REACH who="2" step="1"/><F48/><REACH who="2" ten="230,245,235,280" step="2"/><W95/><G122/><T75/><D97/><U98/><E86/><V8/><F8/><W22/><G121/><T38/><REACH who="0" step="1"/><D49/><REACH who="0" ten="220,245,235,280" step="2"/><U64/><E98/><V62/><F62/><W107/><G70/><T29/><D29/><U67/><E93/><V71/><F71/><W120/><G95/><T28/><D28/><U13/><E13/><V84/><F84/><W65/><G94/><T63/><D63/><U58/><E67/><AGARI ba="0,2" hai="1,7,9,38,41,46,57,60,67,75,76,83,89,91" machi="67" ten="30,7700,0" yaku="1,1,7,1,25,2,53,0" doraHai="124" doraHaiUra="82" who="0" fromWho="1" sc="220,97,245,-77,235,0,280,0" /><INIT seed="2,0,0,0,2,33" ten="317,168,235,280" oya="2" hai0="131,31,70,49,102,16,87,8,19,115,69,74,3" hai1="46,99,119,2,124,134,91,84,65,55,67,110,82" hai2="60,109,129,76,133,13,50,5,47,39,35,58,63" hai3="123,78,101,51,92,80,0,34,86,59,112,96,11"/><V14/><F35/><W93/><G123/><T21/><D74/><U66/><E119/><V88/><F39/><W62/><G112/><T25/><D115/><U41/><E110/><V42/><F76/><W116/><G116/><T97/><D131/><U122/><E122/><V24/><F109/><W132/><G34/><T27/><D87/><U23/><E134/><V121/><F121/><W117/><G117/><T54/><D19/><U29/><E124/><V135/><F129/><W17/><G132/><N who="2" m="50761" /><F24/><W37/><G37/><T75/><D75/><U56/><E99/><V44/><F44/><W18/><G51/><T79/><D79/><U125/><E125/><V111/><F111/><W118/><G92/><T130/><D130/><U22/><E2/><V57/><F5/><W61/><G61/><N who="2" m="23625" /><F88/><W43/><G118/><T77/><D77/><U12/><E12/><AGARI ba="0,0" hai="12,13,14,42,47,50,57,58" m="23625,50761" machi="12" ten="30,1500,0" yaku="20,1" doraHai="33" who="2" fromWho="1" sc="317,0,168,-15,235,15,280,0" /><INIT seed="2,1,0,5,0,126" ten="317,153,250,280" oya="2" hai0="104,41,14,38,84,116,122,10,72,27,109,7,54" hai1="12,120,102,96,19,132,83,78,105,91,52,3,45" hai2="48,15,127,94,32,24,86,98,66,100,103,95,11" hai3="49,47,9,73,115,135,123,39,77,101,112,113,121"/><V61/><F127/><W57/><G101/><T1/><D122/><N who="3" m="46601" /><G77/><T114/><D114/><U131/><E120/><V28/><F48/><W92/><G92/><T42/><D104/><U81/><E3/><V21/><F86/><W108/><G73/><T36/><D72/><U8/><E132/><V60/><F32/><W125/><G9/><T118/><D1/><U129/><E91/><V59/><F61/><W17/><G17/><T93/><D27/><U20/><E20/><V99/><F15/><W82/><G82/><T31/><D31/><U124/><E124/><V89/><F89/><W76/><G76/><T63/><D63/><U46/><E81/><V110/><F110/><W55/><G125/><T22/><D54/><U37/><E37/><N who="0" m="14441" /><D22/><U4/><E19/><V29/><F29/><W58/><G108/><T88/><D109/><U33/><E33/><V119/><F119/><AGARI ba="1,0" hai="7,10,14,41,42,84,88,93,116,118,119" m="14441" machi="119" ten="30,2000,0" yaku="12,1,54,1" doraHai="126" who="0" fromWho="2" sc="317,23,153,0,250,-23,280,0" /><INIT seed="3,0,0,3,3,64" ten="340,153,227,280" oya="3" hai0="88,23,31,17,32,135,65,128,48,121,56,82,15" hai1="24,112,49,66,89,71,123,116,100,47,16,41,0" hai2="11,122,2,127,44,91,99,20,60,98,59,30,104" hai3="101,95,110,14,35,1,77,133,21,114,132,134,37"/><W43/><G114/><T126/><D121/><U3/><E123/><V103/><F127/><W40/><G35/><T57/><D126/><U29/><E112/><V62/><F122/><W4/><G110/><T97/><D128/><U18/><E116/><V118/><F118/><W92/><G77/><T46/><D135/><U28/><E100/><V61/><F44/><N who="3" m="23567" /><G43/><T131/><D131/><U58/><E58/><V73/><F73/><W7/><G101/><T25/><D65/><U69/><E66/><V26/><F98/><W72/><G72/><T125/><D125/><U75/><E75/><V83/><F83/><W27/><G14/><T67/><D67/><U111/><E111/><V12/><F91/><W120/><G120/><T51/><D51/><U42/><E89/><V86/><F86/><W53/><G53/><T84/><D97/><U102/><E102/><V70/><F2/><W117/><G117/><T55/><AGARI ba="0,0" hai="15,17,23,25,31,32,46,48,55,56,57,82,84,88" machi="55" ten="20,2700,0" yaku="0,1,7,1,54,1" doraHai="64" who="0" fromWho="0" sc="340,27,153,-7,227,-7,280,-13" /><INIT seed="4,0,0,4,5,47" ten="367,146,220,267" oya="0" hai0="121,55,15,31,62,32,122,112,19,125,33,98,89" hai1="115,34,96,69,26,127,106,61,99,101,75,23,92" hai2="16,79,135,14,105,48,17,100,64,54,52,126,113" hai3="49,110,93,80,12,42,117,107,21,70,28,30,131"/><T60/><D98/><U3/><E127/><V67/><F126/><W109/><G107/><T134/><D125/><U74/><E3/><V5/><F113/><W72/><G117/><T29/><D89/><U63/><E115/><V81/><F135/><W46/><G70/><T132/><D112/><U53/><E63/><V78/><F100/><W57/><G131/><T6/><D6/><U36/><E36/><V102/><F102/><W59/><G30/><T8/><D55/><U82/><E82/><V7/><F105/><W2/><G2/><T43/><D43/><U124/><E124/><V0/><F0/><W9/><G93/><T13/><D8/><U18/><E34/><V65/><F54/><W71/><G71/><T1/><D1/><U116/><E116/><V87/><F78/><W95/><G95/><T24/><D24/><U84/><E84/><V111/><F111/><W83/><G72/><T86/><D86/><U97/><E97/><V66/><N who="2" m="16896" /><DORA hai="39" /><V4/><F14/><W118/><G118/><T45/><D45/><AGARI ba="0,0" hai="4,5,7,16,17,45,48,52,79,81,87" m="16896" machi="45" ten="50,8000,1" yaku="8,1,52,1,54,2" doraHai="47,39" who="2" fromWho="0" sc="367,-80,146,0,220,80,267,0" /><INIT seed="5,0,0,1,2,8" ten="287,146,300,267" oya="1" hai0="106,40,52,114,124,11,118,102,42,2,9,35,25" hai1="90,110,123,44,73,19,77,128,30,121,71,83,95" hai2="20,117,7,13,28,39,101,69,99,26,100,22,92" hai3="29,80,15,132,81,130,88,89,64,65,38,84,119"/><U59/><E71/><V103/><F69/><W18/><G38/><T23/><D35/><U33/><E110/><V105/><F117/><W54/><G119/><T68/><D118/><U133/><E133/><V5/><F39/><W75/><G29/><T27/><D68/><U129/><E44/><V62/><F62/><W60/><G130/><N who="1" m="50282" /><E59/><V48/><F48/><W31/><G31/><T43/><D43/><U86/><E19/><N who="2" m="10351" /><F105/><W122/><G132/><T17/><D106/><U1/><E1/><V61/><F61/><W16/><G18/><T56/><D2/><U96/><E30/><V70/><F70/><W108/><G108/><T93/><D27/><U14/><E14/><V58/><F58/><N who="3" m="34903" /><G122/><N who="1" m="46602" /><E33/><V97/><F97/><AGARI ba="0,0" hai="73,77,83,86,90,95,96,97" m="46602,50282" machi="97" ten="30,5800,0" yaku="19,1,34,2" doraHai="8" who="1" fromWho="2" sc="287,0,146,58,300,-58,267,0" /><INIT seed="5,1,0,2,5,89" ten="287,204,242,267" oya="1" hai0="93,128,64,4,44,119,72,108,117,87,99,60,52" hai1="135,126,26,88,25,100,46,110,41,28,115,91,23" hai2="6,2,129,133,106,101,15,16,85,68,53,0,55" hai3="54,21,120,109,90,24,121,8,29,51,118,66,103"/><U86/><E110/><V113/><F68/><W114/><G109/><T97/><D72/><U38/><E126/><V39/><F39/><W78/><G114/><T9/><D108/><U79/><E135/><V70/><F70/><W77/><G118/><T132/><D132/><U18/><E115/><V42/><F42/><W13/><G66/><T31/><D31/><U19/><E100/><V125/><F125/><W98/><G90/><N who="0" m="53471" /><D119/><U112/><E112/><V40/><F40/><W92/><G120/><T105/><D105/><U123/><E123/><V127/><F113/><W94/><G94/><T22/><D128/><U34/><REACH who="1" step="1"/><E19/><REACH who="1" ten="287,194,242,267" step="2"/><V50/><F133/><W14/><G121/><T43/><D117/><U74/><E74/><V12/><F127/><W102/><G102/><T49/><D43/><U73/><E73/><V5/><F101/><W58/><G13/><N who="0" m="5287" /><D22/><U57/><E57/><AGARI ba="1,1" hai="44,49,52,57,60,64,97,99" m="5287,53471" machi="57" ten="30,3900,0" yaku="8,1,52,1,54,1" doraHai="89" who="0" fromWho="1" sc="287,52,194,-42,242,0,267,0" /><INIT seed="6,0,0,3,3,133" ten="339,152,242,267" oya="2" hai0="132,112,28,109,1,78,13,96,122,125,14,52,104" hai1="12,102,31,44,88,19,124,110,120,2,82,75,121" hai2="30,69,39,90,37,94,80,51,129,119,60,73,76" hai3="70,105,68,64,29,25,135,79,71,77,27,32,0"/><V41/><F119/><W123/><G123/><T42/><D122/><N who="1" m="47211" /><E110/><V87/><F129/><W99/><G135/><T45/><D13/><U11/><E102/><V130/><F130/><W89/><G0/><T9/><D52/><U4/><E31/><V17/><F30/><W65/><G25/><T84/><D84/><N who="1" m="50199" /><E75/><V33/><F33/><W127/><G105/><T35/><D104/><U59/><E59/><V86/><F73/><W46/><G46/><T26/><D45/><U134/><E134/><V58/><F69/><W93/><G65/><T43/><D28/><U57/><E57/><V118/><F118/><W126/><REACH who="3" step="1"/><G64/><REACH who="3" ten="339,152,242,257" step="2"/><T100/><D132/><U111/><E111/><V23/><F41/><W22/><G22/><T18/><D42/><U40/><E40/><V67/><F51/><W108/><G108/><T15/><D109/><U21/><E44/><V107/><F107/><W85/><G85/><T16/><D43/><U92/><E92/><V114/><F114/><W10/><G10/><T47/><D9/><U113/><E113/><V34/><F34/><W115/><G115/><T55/><D35/><U63/><E63/><V101/><REACH who="2" step="1"/><F101/><REACH who="2" ten="339,152,232,257" step="2"/><W97/><G97/><T38/><D96/><U128/><E128/><V49/><F49/><W95/><G95/><T48/><D48/><U24/><E2/><V83/><F83/><W5/><G5/><T20/><D1/><U116/><E116/><V98/><F98/><W7/><G7/><T54/><D112/><U36/><E36/><V50/><F50/><W66/><G66/><T61/><D38/><U72/><E72/><RYUUKYOKU ba="0,2" sc="339,-30,152,10,232,10,257,10" hai1="4,11,12,19,21,24,124" hai2="17,23,37,39,58,60,67,76,80,86,87,90,94" hai3="27,29,32,68,70,71,77,79,89,93,99,126,127" /><INIT seed="6,1,2,4,2,41" ten="309,162,242,267" oya="2" hai0="117,69,51,109,6,25,23,133,79,9,64,72,100" hai1="47,106,134,119,107,33,83,52,5,80,93,19,44" hai2="20,97,92,135,35,62,53,90,91,70,121,39,16" hai3="55,59,26,0,42,48,125,87,18,103,65,129,76"/><V122/><F35/><W66/><G0/><T127/><D109/><U36/><E33/><V43/><F135/><W46/><G129/><T2/><D133/><U74/><E134/><V88/><F39/><W112/><G125/><T110/><D110/><U105/><E5/><V63/><F43/><W78/><G112/><T120/><D120/><U21/><E119/><V37/><F37/><W34/><G103/><T132/><D132/><U60/><E93/><V99/><F70/><W67/><G87/><T8/><D100/><U58/><E36/><V10/><F10/><W118/><G118/><T124/><D9/><U31/><E31/><V56/><F63/><N who="3" m="36351" /><G34/><T95/><D117/><U13/><REACH who="1" step="1"/><E83/><REACH who="1" ten="309,152,242,267" step="2"/><V86/><F99/><W29/><G29/><T45/><D95/><U17/><E17/><V1/><F1/><W89/><G18/><T77/><D2/><U61/><E61/><V82/><REACH who="2" step="1"/><F91/><REACH who="2" ten="309,152,232,267" step="2"/><W98/><G89/><T84/><D127/><U130/><E130/><V30/><F30/><W38/><G38/><T3/><D124/><U104/><N who="1" m="26624" /><DORA hai="14" /><U115/><E115/><V50/><F50/><W114/><G48/><T85/><D51/><U28/><E28/><V128/><F128/><W102/><G114/><T116/><D3/><U111/><E111/><V12/><AGARI ba="1,4" hai="12,16,20,53,56,62,82,86,88,90,92,97,121,122" machi="12" ten="20,18000,2" yaku="1,1,0,1,7,1,52,1,54,2,53,0" doraHai="41,14" doraHaiUra="113,40" who="2" fromWho="2" sc="309,-61,152,-61,232,223,267,-61" /><INIT seed="6,2,0,4,2,2" ten="248,91,455,206" oya="2" hai0="105,26,96,62,12,37,16,133,82,132,3,72,108" hai1="95,110,59,77,106,88,21,127,66,113,98,38,40" hai2="130,50,126,43,83,120,46,51,116,73,27,31,36" hai3="56,104,117,34,87,115,4,100,10,76,85,84,90"/><V22/><F120/><W7/><G117/><T6/><D108/><U89/><E110/><V97/><F116/><W123/><G123/><T68/><D37/><U122/><E122/><V125/><F130/><W70/><G70/><T25/><D72/><U71/><E71/><V30/><F30/><W55/><G34/><T102/><D82/><U58/><E113/><V80/><F97/><W57/><G76/><T0/><D62/><U15/><E127/><V101/><F101/><W48/><G115/><T79/><D79/><U86/><E77/><V44/><F36/><W81/><G104/><T52/><D52/><U91/><E106/><V67/><F67/><W119/><G100/><T54/><D54/><U18/><E38/><V24/><F73/><W61/><G119/><T29/><D68/><U35/><E40/><V17/><F125/><W118/><G118/><T63/><D63/><U74/><E35/><V64/><F64/><N who="3" m="38951" /><G10/><N who="0" m="2399" /><D0/><U60/><E74/><V9/><F126/><W14/><G14/><T103/><D103/><U129/><E129/><V131/><F131/><W128/><G128/><T99/><D99/><U41/><E41/><V1/><F1/><W124/><G124/><T11/><D29/><U134/><E134/><AGARI ba="2,0" hai="11,12,16,25,26,96,102,105,132,133,134" m="2399" machi="134" ten="30,3900,0" yaku="20,1,52,1,54,1" doraHai="2" who="0" fromWho="1" sc="248,45,91,-45,455,0,206,0" /><INIT seed="7,0,0,0,4,44" ten="293,46,455,206" oya="3" hai0="50,43,70,60,119,29,110,45,100,86,36,76,27" hai1="8,72,1,14,22,96,55,127,74,37,53,12,63" hai2="134,97,30,15,69,0,71,62,95,124,98,54,4" hai3="123,113,28,34,112,67,77,120,51,2,114,31,46"/><W17/><G67/><T80/><D110/><U13/><E37/><V91/><F0/><W103/><G2/><T82/><D119/><U59/><E127/><V101/><F124/><W65/><G65/><T19/><D100/><U10/><E96/><V104/><F134/><W56/><G103/><T39/><D19/><U38/><E38/><V81/><F30/><N who="3" m="11307" /><G34/><T25/><D25/><U129/><E1/><V115/><F115/><W135/><G135/><T105/><D105/><U68/><E22/><V73/><F73/><W125/><G56/><T66/><D82/><U33/><E33/><AGARI ba="0,0" hai="27,29,33,36,39,43,45,50,60,66,70,76,80,86" machi="33" ten="30,2000,0" yaku="7,1,52,1" doraHai="44" who="0" fromWho="1" sc="293,20,46,-20,455,0,206,0" owari="313,11.0,26,-47.0,455,55.0,206,-19.0" /></mjloggm>