<mjloggm ver="2.3"><GO type="169" lobby="0"/><UN n0="%E3%82%A6%E3%83%AB%E3%83%88%E3%83%A9%E7%AB%8B%E7%9B%B4" n1="%E3%81%BE%E3%81%AA%E3%81%84%E3%81%9F%E3%82%88%E3%81%86%E3%81%98%E3%82%87" n2="%E3%81%82%E3%81%95%E3%81%B4%E3%82%93%EF%BC%A0%EF%BD%8D%EF%BD%8A" n3="%4B%E3%80%82" dan="17,16,16,18" rate="2162.68,2155.45,2112.87,2209.94" sx="M,M,M,M"/><TAIKYOKU oya="0"/><INIT seed="0,0,0,4,2,73" ten="250,250,250,250" oya="0" hai0="27,34,132,33,104,42,126,115,64,91,43,28,45" hai1="17,106,57,24,122,50,39,9,119,128,109,124,80" hai2="8,58,72,130,38,81,131,107,113,60,108,40,56" hai3="89,47,75,21,99,87,82,26,10,92,22,44,117"/><T3/><D115/><U97/><E119/><V48/><F107/><W101/><G117/><T110/><D104/><U94/><E122/><V77/><F113/><W120/><G120/><T65/><D3/><U121/><E121/><V12/><F38/><W90/><G75/><T49/><D34/><U0/><E39/><V35/><F35/><W41/><G10/><T118/><D118/><U96/><E109/><V59/><F108/><W112/><G112/><T84/><D110/><U5/><E106/><V53/><F40/><W69/><G69/><T20/><D126/><U129/><E124/><V135/><F135/><W61/><G61/><T111/><D111/><U1/><E1/><V125/><F125/><W36/><G47/><T51/><D33/><U30/><E17/><V79/><F79/><W100/><REACH who="3" step="1"/><G22/><REACH who="3" ten="250,250,250,240" step="2"/><T76/><D45/><U32/><E9/><V37/><F58/><W95/><G95/><N who="0" m="54759" /><D49/><U7/><E50/><V85/><F37/><W62/><G62/><T18/><D51/><U13/><E94/><V88/><F59/><W15/><G15/><T123/><D123/><U66/><E57/><V25/><F48/><W116/><G116/><T74/><D43/><U114/><E13/><V16/><REACH who="2" step="1"/><F25/><REACH who="2" ten="250,250,240,240" step="2"/><W93/><G93/><AGARI ba="0,2" hai="8,12,16,53,56,60,72,77,81,85,88,93,130,131" machi="93" ten="40,8000,1" yaku="1,1,2,1,52,1,54,2,53,0" doraHai="73" doraHaiUra="134" who="2" fromWho="3" sc="250,0,250,0,240,100,240,-80" /><INIT seed="1,0,0,1,0,52" ten="250,250,340,160" oya="1" hai0="116,13,14,38,79,66,94,80,90,71,22,51,98" hai1="21,75,124,72,128,110,12,61,102,127,81,58,129" hai2="101,65,63,11,2,32,60,4,59,62,104,46,97" hai3="131,74,120,122,49,3,135,115,34,105,69,100,132"/><U64/><E102/><V42/><REACH who="2" step="1"/><F32/><REACH who="2" ten="250,250,330,160" step="2"/><W109/><RYUUKYOKU type="yao9" ba="0,1" sc="250,0,250,0,330,0,160,0" hai3="3,34,49,69,74,100,105,109,115,120,122,131,132,135" /><INIT seed="1,1,1,5,0,45" ten="250,250,330,160" oya="1" hai0="68,48,111,27,77,84,10,70,116,130,61,58,39" hai1="20,89,93,67,37,76,56,16,88,63,95,65,99" hai2="53,98,71,59,124,7,81,57,9,78,26,86,36" hai3="54,33,104,133,132,2,125,127,129,122,75,3,118"/><U64/><E76/><V62/><F124/><W113/><G54/><T128/><D39/><U110/><E110/><V12/><F36/><W49/><G49/><T74/><D74/><U60/><E37/><V121/><F121/><W22/><G22/><T31/><D116/><U46/><E46/><V85/><F71/><W44/><G44/><T123/><D10/><U32/><E32/><V72/><F98/><W100/><G3/><T117/><D117/><U14/><REACH who="1" step="1"/><E63/><REACH who="1" ten="250,240,330,160" step="2"/><V29/><REACH who="2" step="1"/><F59/><REACH who="2" ten="250,240,320,160" step="2"/><W40/><G127/><T97/><D58/><U94/><E94/><V134/><F134/><W0/><G132/><T114/><D70/><U66/><E66/><V11/><F11/><W17/><G125/><T24/><D68/><U19/><E19/><V35/><AGARI ba="1,3" hai="7,9,12,26,29,35,53,57,62,72,78,81,85,86" machi="35" ten="20,5200,0" yaku="1,1,0,1,7,1,53,1" doraHai="45" doraHaiUra="79" who="2" fromWho="2" sc="250,-14,240,-27,320,85,160,-14" /><INIT seed="2,0,0,3,4,104" ten="236,213,405,146" oya="2" hai0="102,5,72,122,106,96,7,62,93,90,91,21,120" hai1="32,6,123,76,109,118,132,23,82,42,67,95,14" hai2="112,35,4,57,134,1,13,55,38,50,46,26,20" hai3="16,115,66,78,92,39,56,83,3,19,15,9,47"/><V58/><F112/><W25/><G115/><T113/><D113/><U24/><E118/><V80/><F134/><W54/><G3/><T64/><D21/><U131/><E109/><V116/><F116/><W11/><G92/><T34/><D34/><U22/><E132/><V17/><F38/><W69/><G69/><T27/><D27/><U100/><E131/><V107/><F107/><W53/><G39/><T130/><D130/><U61/><E123/><V29/><REACH who="2" step="1"/><F80/><REACH who="2" ten="236,213,395,146" step="2"/><W12/><G25/><T18/><D106/><U97/><E24/><V49/><F49/><W63/><REACH who="3" step="1"/><G47/><REACH who="3" ten="236,213,395,136" step="2"/><T79/><D122/><U89/><E82/><V87/><F87/><AGARI ba="0,2" hai="9,11,12,15,16,19,53,54,56,63,66,78,83,87" machi="87" ten="30,12000,2" yaku="1,1,2,1,7,1,9,1,8,1,54,1,53,0" doraHai="104" doraHaiUra="101" who="3" fromWho="2" sc="236,0,213,0,395,-120,136,140" /><INIT seed="3,0,0,5,4,122" ten="236,213,275,276" oya="3" hai0="84,128,49,88,111,103,108,129,12,33,81,42,28" hai1="94,95,11,113,34,20,54,119,134,44,50,104,16" hai2="125,114,7,48,112,4,32,115,71,131,47,22,89" hai3="15,69,38,82,10,66,92,117,56,61,2,1,27"/><W65/><G117/><T107/><D12/><U43/><E113/><V120/><F32/><W30/><G38/><T96/><D42/><U55/><E34/><V74/><F120/><W123/><G123/><T130/><REACH who="0" step="1"/><D49/><REACH who="0" ten="226,213,275,276" step="2"/><U0/><E43/><V53/><F48/><W18/><G2/><T46/><D46/><U63/><E44/><V85/><F47/><W14/><G1/><T67/><D67/><U59/><E50/><V80/><F114/><W106/><G15/><T121/><D121/><U45/><E45/><V21/><F115/><W29/><G65/><T17/><D17/><U25/><E0/><V135/><F112/><W52/><G27/><AGARI ba="0,1" hai="27,28,33,81,84,88,96,103,107,108,111,128,129,130" machi="27" ten="50,8000,1" yaku="1,1,19,1,52,2,54,1,53,0" doraHai="122" doraHaiUra="8" who="0" fromWho="3" sc="226,90,213,0,275,0,276,-80" /><INIT seed="4,0,0,1,4,76" ten="316,213,275,196" oya="0" hai0="45,20,53,26,19,77,72,9,99,69,127,2,29" hai1="4,123,85,100,18,13,110,74,14,131,130,6,86" hai2="82,41,120,93,3,64,103,28,118,17,55,124,75" hai3="11,68,121,51,132,66,12,133,40,117,101,35,71"/><T119/><D69/><U62/><E110/><V104/><F120/><W102/><G117/><T112/><D119/><U83/><E123/><V122/><F122/><W49/><G35/><T70/><D70/><U37/><E37/><V5/><F118/><W88/><G121/><T58/><D112/><U24/><E100/><V21/><F104/><W33/><G33/><T15/><D127/><U59/><E24/><V50/><F124/><W125/><G125/><T56/><D2/><U65/><E74/><V43/><F64/><W34/><G34/><T97/><D45/><U92/><E92/><V98/><F28/><W81/><G68/><T52/><D77/><U128/><E86/><V89/><F5/><W27/><G27/><T106/><D72/><U67/><E67/><V73/><F3/><W31/><G31/><T115/><D106/><U23/><REACH who="1" step="1"/><E13/><REACH who="1" ten="316,203,275,196" step="2"/><N who="2" m="9391" /><F75/><W8/><G102/><T7/><D115/><U44/><E44/><N who="2" m="28103" /><F73/><W107/><G101/><T60/><D29/><U54/><E54/><V95/><F95/><W94/><G107/><T22/><D99/><U57/><E57/><V111/><F111/><W126/><G126/><T134/><D97/><U91/><AGARI ba="0,1" hai="4,6,14,18,23,59,62,65,83,85,91,128,130,131" machi="91" ten="30,8000,1" yaku="1,1,0,1,19,1,52,1,53,1" doraHai="76" doraHaiUra="84" who="1" fromWho="1" sc="316,-40,203,90,275,-20,196,-20" /><INIT seed="5,0,0,1,2,36" ten="276,293,255,176" oya="1" hai0="85,91,72,69,10,103,79,51,15,52,88,101,102" hai1="24,8,77,84,89,0,93,37,87,78,29,98,74" hai2="39,34,110,45,5,63,112,50,19,65,13,117,35" hai3="58,22,120,107,81,67,129,134,40,116,132,68,27"/><U9/><E74/><V90/><F110/><W121/><G107/><T123/><D69/><U62/><E37/><V99/><F117/><W21/><G68/><T95/><D123/><U14/><E0/><V53/><F39/><W46/><G81/><N who="0" m="47295" /><D95/><U54/><E78/><V109/><F109/><W70/><G22/><T66/><D66/><U86/><E77/><V7/><F112/><W94/><G94/><T133/><D133/><N who="3" m="51305" /><G116/><T12/><D12/><U43/><E43/><V61/><F35/><W30/><G70/><T25/><D25/><U97/><E97/><V28/><F28/><W3/><G3/><T31/><D31/><U131/><E131/><V38/><F38/><N who="3" m="21783" /><G129/><T16/><D72/><U105/><E105/><V118/><F34/><W126/><G126/><T127/><D127/><U130/><E130/><V4/><F118/><W119/><G119/><T48/><D48/><U1/><E1/><V100/><F100/><W75/><G75/><T41/><D41/><U55/><E62/><AGARI ba="0,0" hai="21,27,30,58,62,67,120,121" m="21783,51305" machi="62" ten="30,2000,0" yaku="20,1,52,1" doraHai="36" who="3" fromWho="1" sc="276,0,293,-20,255,0,176,20" /><INIT seed="6,0,0,1,2,31" ten="276,273,255,196" oya="2" hai0="22,71,55,7,5,34,135,24,78,87,130,9,107" hai1="127,105,114,67,66,133,103,129,102,132,49,118,100" hai2="93,26,116,98,8,68,84,30,65,122,20,37,23" hai3="77,110,27,90,11,131,63,35,41,46,62,108,113"/><V59/><F122/><W56/><G77/><T61/><D107/><U74/><E118/><V86/><F116/><W81/><G131/><T120/><D120/><U28/><E114/><V42/><F68/><W128/><G128/><T125/><D34/><U89/><E129/><V50/><F37/><W73/><G11/><T3/><D7/><U21/><E127/><V79/><F8/><W36/><G113/><T40/><D40/><U109/><E109/><V115/><F115/><W1/><G1/><T29/><D125/><U60/><E74/><V123/><F123/><W126/><G126/><T14/><D135/><N who="1" m="51787" /><E49/><V18/><F79/><W101/><G101/><T15/><D130/><U25/><E105/><V38/><F38/><W33/><G63/><T52/><D15/><U99/><E60/><N who="2" m="38047" /><F50/><W2/><G2/><T16/><D61/><U47/><E47/><V94/><F42/><W111/><G27/><T13/><D71/><U82/><E82/><V112/><F94/><AGARI ba="0,0" hai="21,25,28,66,67,89,94,99,100,102,103" m="51787" machi="94" ten="30,1000,0" yaku="20,1" doraHai="31" who="1" fromWho="2" sc="276,0,273,10,255,-10,196,0" /><INIT seed="7,0,0,4,2,69" ten="276,283,245,196" oya="3" hai0="100,108,76,85,106,132,47,118,57,27,13,19,102" hai1="73,4,116,114,18,55,40,51,84,117,131,68,46" hai2="64,66,12,11,29,33,9,109,134,90,35,124,41" hai3="111,78,39,8,20,52,1,121,17,77,88,42,86"/><W99/><G121/><T21/><D106/><U49/><E73/><V24/><F109/><W23/><G111/><T127/><D127/><U26/><E4/><V98/><F35/><W62/><G39/><T53/><D132/><U112/><E68/><V74/><F74/><W54/><G42/><T70/><D70/><U93/><E131/><V71/><F134/><W50/><G1/><T36/><D118/><N who="1" m="45675" /><E84/><V56/><F71/><W15/><G99/><T122/><D47/><U25/><E93/><V101/><F124/><W61/><G78/><T34/><D36/><U10/><E10/><V83/><F41/><W87/><G77/><T44/><D102/><U45/><E18/><V67/><F56/><N who="3" m="34951" /><G86/><T5/><D76/><U30/><E30/><V2/><F2/><W113/><G62/><T81/><D34/><U91/><E91/><V6/><F90/><W103/><G103/><T43/><D100/><U75/><E75/><V80/><REACH who="2" step="1"/><F11/><REACH who="2" ten="276,283,235,196" step="2"/><W110/><G110/><T119/><D108/><U97/><E97/><V89/><F89/><W32/><G32/><T105/><D119/><U128/><E128/><V92/><AGARI ba="0,1" hai="6,9,12,24,29,33,64,66,67,80,83,92,98,101" machi="92" ten="30,2000,0" yaku="1,1,0,1,53,0" doraHai="69" doraHaiUra="104" who="2" fromWho="2" sc="276,-5,283,-5,235,30,196,-10" /><INIT seed="8,0,0,4,0,100" ten="271,278,265,186" oya="0" hai0="0,119,123,41,133,126,62,40,110,34,63,84,105" hai1="107,115,88,77,29,106,51,92,85,26,32,90,131" hai2="54,109,31,38,103,60,66,24,101,70,102,118,86" hai3="33,56,93,19,36,35,27,79,16,75,57,12,15"/><T81/><D34/><U44/><E131/><V135/><F109/><W116/><G36/><T7/><D123/><U53/><E115/><V96/><F38/><W71/><G71/><T18/><D105/><U111/><E111/><V23/><F135/><W124/><G124/><T4/><D110/><U43/><E77/><V42/><F42/><N who="0" m="16490" /><D0/><U68/><E68/><V69/><F69/><W5/><G116/><T55/><D119/><U22/><E32/><V6/><F118/><W64/><G5/><T73/><D73/><U89/><E89/><V74/><F74/><W80/><G93/><T97/><D133/><U14/><E14/><V49/><F6/><W94/><G94/><T21/><D97/><U76/><E76/><V48/><F86/><W10/><G64/><T65/><D65/><U17/><E29/><V30/><F30/><W125/><G125/><T8/><D8/><U113/><E113/><V28/><F28/><W120/><G120/><T91/><D126/><U108/><E108/><V20/><F20/><W37/><G37/><T130/><D130/><U114/><E114/><V61/><F96/><W11/><REACH who="3" step="1"/><G35/><REACH who="3" ten="271,278,265,176" step="2"/><T2/><D7/><U99/><E43/><V13/><F66/><W127/><G127/><T3/><D4/><U39/><E39/><V45/><F70/><W128/><G128/><T47/><D2/><U1/><E1/><V52/><F13/><W9/><G9/><T95/><D95/><AGARI ba="0,1" hai="17,22,26,44,51,53,85,88,90,92,95,99,106,107" machi="95" ten="30,7700,0" yaku="7,1,52,2,54,1" doraHai="100" who="1" fromWho="0" sc="271,-77,278,87,265,0,176,0" owari="194,-21.0,365,46.0,265,7.0,176,-32.0" /></mjloggm>