<mjloggm ver="2.3"><GO type="169" lobby="0"/><UN n0="%E8%85%B9%E7%97%9B%E3%81%BD%E3%81%A3%E3%81%8F%E3%82%93" n1="%6D%6F%6E%6F%2D%31%34" n2="%E5%B0%B1%E6%B4%BB%E7%94%9F%40%E5%B7%9D%E6%9D%91%E8%BB%8D%E5%9B%A3" n3="%4E%6F%69%65" dan="16,16,17,17" rate="2133.48,2043.95,2243.33,2139.97" sx="M,M,M,M"/><TAIKYOKU oya="0"/><INIT seed="0,0,0,2,4,10" ten="250,250,250,250" oya="0" hai0="46,85,4,57,16,61,88,82,133,89,125,109,19" hai1="132,84,65,80,116,40,49,74,45,76,104,39,56" hai2="107,47,22,110,78,1,26,54,121,37,52,42,58" hai3="134,119,48,63,51,17,53,64,77,124,6,24,97"/><T20/><D133/><U60/><E132/><V38/><F1/><W95/><G134/><T33/><D33/><U8/><E104/><V34/><F34/><W96/><G124/><T23/><D125/><U66/><E116/><V71/><F71/><W3/><G119/><T92/><D4/><U41/><E41/><V98/><F78/><W11/><G77/><T86/><D109/><U112/><E112/><V79/><F79/><W59/><G51/><T83/><D92/><U127/><E66/><V75/><F75/><W126/><G126/><T28/><D46/><U18/><E127/><V35/><F35/><W114/><G114/><T27/><D20/><U62/><E62/><V130/><F110/><W69/><G95/><T102/><D102/><U31/><E31/><V7/><F7/><W21/><AGARI ba="0,0" hai="3,6,11,17,21,24,48,53,59,63,64,69,96,97" machi="21" ten="30,1100,0" yaku="0,1" doraHai="10" who="3" fromWho="3" sc="250,-5,250,-3,250,-3,250,11" /><INIT seed="1,0,0,1,4,106" ten="245,247,247,261" oya="1" hai0="107,122,26,47,14,114,2,54,63,46,87,13,0" hai1="125,81,44,32,103,62,11,110,25,41,97,58,28" hai2="80,27,9,84,130,134,82,126,6,123,51,66,108" hai3="30,15,91,112,99,109,116,24,52,37,48,57,104"/><U45/><E125/><V50/><F123/><W96/><G112/><T85/><D107/><U105/><E110/><V39/><F39/><W33/><G37/><T42/><D114/><U64/><E11/><V7/><F126/><W90/><G109/><T12/><D122/><U77/><E41/><V124/><F124/><W88/><G104/><T19/><D0/><U128/><E128/><V135/><F108/><W92/><G116/><T49/><D2/><U56/><E56/><V4/><F66/><W120/><G120/><T31/><D19/><U5/><E5/><V74/><F27/><W59/><G96/><T115/><D115/><U17/><E17/><V38/><F38/><W131/><G131/><T119/><D119/><U65/><E64/><V71/><F71/><W1/><G1/><T40/><D63/><U53/><E53/><V10/><F130/><W93/><G93/><T117/><D117/><U132/><E132/><N who="2" m="50731" /><F84/><AGARI ba="0,0" hai="25,28,32,44,45,58,62,65,77,81,84,97,103,105" machi="84" ten="30,1500,0" yaku="7,1" doraHai="106" who="1" fromWho="2" sc="245,0,247,15,247,-15,261,0" /><INIT seed="1,1,0,4,2,133" ten="245,262,232,261" oya="1" hai0="109,83,21,130,50,23,96,89,110,38,54,26,11" hai1="108,63,65,55,94,92,123,75,6,9,53,82,52" hai2="107,76,129,68,101,43,114,135,127,59,29,48,46" hai3="37,67,12,73,32,17,98,80,95,1,69,126,81"/><U97/><E123/><V31/><F68/><W18/><G1/><T131/><D38/><U78/><E108/><N who="0" m="41577" /><D11/><U84/><E75/><V42/><F135/><W57/><G32/><T61/><D61/><U132/><E132/><V56/><F76/><W91/><G69/><T74/><D74/><U7/><E97/><V25/><F129/><N who="0" m="49162" /><D26/><U125/><E125/><V87/><F114/><W118/><G126/><T117/><D117/><U77/><E77/><V30/><F127/><W51/><G37/><T122/><D122/><U27/><E27/><V119/><F119/><W40/><G118/><T104/><D83/><U19/><E19/><N who="3" m="7178" /><G12/><T13/><D13/><N who="1" m="5303" /><E7/><V4/><F4/><W24/><G24/><T14/><D14/><U45/><E45/><V2/><F2/><W3/><G3/><T93/><D104/><U15/><E15/><V39/><F25/><W72/><G72/><T28/><D28/><U105/><E105/><V128/><F128/><W113/><G73/><T86/><D96/><U90/><E78/><V120/><F120/><W111/><G111/><T115/><D115/><U112/><E112/><V33/><F33/><W44/><G113/><T99/><D99/><U71/><E71/><V22/><F31/><W60/><AGARI ba="1,0" hai="40,44,51,57,60,67,80,81,91,95,98" m="7178" machi="60" ten="30,1100,0" yaku="8,1" doraHai="133" who="3" fromWho="3" sc="245,-4,262,-6,232,-4,261,14" /><INIT seed="2,0,0,0,0,33" ten="241,256,228,275" oya="2" hai0="97,23,50,62,120,2,94,100,126,15,32,96,67" hai1="103,112,114,89,102,76,47,64,77,95,36,68,55" hai2="134,56,28,60,57,84,41,106,128,92,31,61,12" hai3="75,44,110,43,74,1,63,11,21,130,17,8,86"/><V45/><F106/><W4/><G110/><T69/><D32/><U133/><E64/><V0/><F134/><W98/><G130/><T53/><D120/><U72/><E68/><V91/><F128/><W20/><G11/><T124/><D15/><U78/><E55/><V22/><F0/><W73/><G86/><T123/><D123/><U119/><E47/><V109/><F109/><W121/><G121/><T71/><D23/><U10/><E10/><V129/><F129/><W131/><G131/><T85/><D71/><U54/><E54/><V118/><F118/><W7/><G7/><T49/><D85/><N who="1" m="52655" /><E36/><V135/><F135/><W116/><G116/><T24/><D24/><U30/><E30/><V40/><F45/><W93/><G63/><T104/><D2/><U19/><E19/><N who="2" m="10599" /><F60/><W26/><G21/><T108/><D108/><U59/><E133/><V29/><F57/><W66/><G66/><AGARI ba="0,0" hai="28,29,31,40,41,56,61,66,84,91,92" m="10599" machi="66" ten="30,1500,0" yaku="8,1" doraHai="33" who="2" fromWho="3" sc="241,0,256,0,228,15,275,-15" /><INIT seed="2,1,0,2,1,91" ten="241,256,243,260" oya="2" hai0="3,8,126,45,114,10,90,12,47,104,111,70,25" hai1="22,109,35,55,32,113,13,58,49,78,71,17,84" hai2="44,24,2,54,131,88,97,19,56,101,41,76,135" hai3="66,77,69,1,28,132,36,103,124,30,117,134,5"/><V7/><F131/><W34/><G30/><T82/><D104/><U98/><E71/><V123/><F123/><W40/><G77/><T64/><D114/><U50/><E109/><V21/><F135/><W128/><G103/><T6/><D111/><U94/><E113/><V115/><F76/><W43/><G43/><T65/><D126/><U93/><E50/><V53/><F115/><W33/><G33/><T16/><D25/><U120/><E120/><V112/><F112/><W86/><G86/><T46/><REACH who="0" step="1"/><D70/><REACH who="0" ten="231,256,243,260" step="2"/><U42/><E78/><V87/><F2/><W14/><G124/><T11/><D11/><U133/><E133/><V116/><F116/><W67/><G1/><T118/><D118/><U127/><E127/><V38/><F7/><W75/><G117/><T108/><D108/><U89/><REACH who="1" step="1"/><E42/><REACH who="1" ten="231,246,243,260" step="2"/><V23/><F41/><W52/><G40/><T105/><D105/><U51/><E51/><V80/><F38/><W102/><G36/><T130/><D130/><U20/><E20/><V62/><F23/><W79/><G128/><T92/><D92/><U96/><E96/><V18/><F21/><W99/><G132/><T26/><D26/><U61/><E61/><V0/><F24/><W9/><G69/><T110/><D110/><U60/><E60/><V129/><F129/><W68/><G68/><T85/><AGARI ba="1,2" hai="3,6,8,10,12,16,45,46,47,64,65,82,85,90" machi="85" ten="30,4000,0" yaku="1,1,0,1,54,1,53,0" doraHai="91" doraHaiUra="48" who="0" fromWho="0" sc="231,63,246,-11,243,-21,260,-11" /><INIT seed="3,0,0,3,5,54" ten="294,235,222,249" oya="3" hai0="126,121,27,3,115,103,108,26,24,78,94,42,118" hai1="77,106,22,101,33,112,125,32,89,31,107,87,50" hai2="7,134,110,30,4,68,55,39,131,1,15,57,84" hai3="46,98,44,74,5,64,61,29,81,95,47,69,65"/><W114/><G114/><T123/><D118/><U93/><E112/><V21/><F68/><W128/><G128/><T83/><D115/><U48/><E125/><V12/><F39/><W37/><G65/><T116/><D116/><U71/><E71/><V92/><F1/><W129/><G129/><T0/><D42/><U16/><E77/><V88/><F131/><W120/><G120/><T58/><D126/><U66/><E66/><V72/><F72/><W104/><G104/><T96/><D108/><U36/><E36/><V113/><F110/><W97/><G29/><T45/><D45/><U80/><E107/><V117/><F134/><W11/><G95/><T56/><D0/><U127/><E31/><V124/><F113/><W10/><G10/><T41/><D41/><U132/><E33/><V23/><F124/><W86/><G74/><T130/><D3/><U34/><E34/><V62/><F117/><W14/><REACH who="3" step="1"/><G37/><REACH who="3" ten="294,235,222,239" step="2"/><T2/><D130/><U135/><E93/><V82/><F92/><W122/><G122/><T79/><D123/><U25/><E127/><V133/><F30/><W76/><AGARI ba="0,1" hai="5,11,14,44,46,47,61,64,69,76,81,86,97,98" machi="76" ten="30,3000,0" yaku="1,1,0,1,53,0" doraHai="54" doraHaiUra="49" who="3" fromWho="3" sc="294,-10,235,-10,222,-10,239,40" /><INIT seed="3,1,0,1,3,63" ten="284,225,212,279" oya="3" hai0="84,10,78,12,4,121,133,96,99,109,29,105,83" hai1="26,3,18,17,111,129,27,53,54,88,61,81,57" hai2="43,120,82,51,7,14,100,21,15,130,9,90,108" hai3="76,44,69,32,75,30,28,60,22,41,125,46,73"/><W98/><G125/><T70/><D121/><U128/><E3/><V131/><F120/><W85/><G32/><T56/><D70/><U6/><E6/><V47/><F108/><W113/><G113/><T50/><D109/><U77/><E111/><V117/><F117/><W95/><G85/><T134/><D29/><U86/><E54/><V72/><F100/><W20/><G20/><T36/><D36/><U132/><E132/><N who="0" m="50793" /><D105/><U1/><E1/><V66/><F66/><W122/><G122/><T19/><D19/><N who="1" m="7179" /><E77/><V127/><F127/><W24/><G30/><T37/><D37/><U107/><E107/><V87/><F72/><W38/><G46/><T103/><D103/><U89/><E89/><V52/><F43/><W93/><G76/><T35/><D35/><U74/><E74/><V31/><REACH who="2" step="1"/><F14/><REACH who="2" ten="284,225,202,279" step="2"/><W39/><G75/><T80/><D80/><U126/><E126/><V65/><F65/><W97/><G73/><T62/><D50/><U124/><E124/><V92/><F92/><W79/><G39/><T45/><D83/><U135/><E135/><V40/><F40/><W91/><G93/><T64/><D64/><U118/><E118/><V114/><F114/><W106/><G69/><T67/><D67/><U13/><E13/><V55/><F55/><W110/><G110/><T2/><D12/><U123/><E123/><V115/><F115/><W71/><G71/><T101/><D101/><U116/><E116/><V42/><F42/><W0/><G0/><T104/><D2/><U59/><E59/><V94/><F94/><W48/><G38/><T8/><D56/><RYUUKYOKU ba="1,1" sc="284,-15,225,15,202,15,279,-15" hai1="26,27,53,57,61,81,86,88,128,129" hai2="7,9,15,21,31,47,51,52,82,87,90,130,131" /><INIT seed="4,2,1,3,0,47" ten="269,240,217,264" oya="0" hai0="85,57,95,58,97,40,26,0,17,28,68,24,87" hai1="41,20,22,98,64,134,8,123,113,13,71,29,12" hai2="82,117,135,130,6,73,56,126,69,104,9,92,115" hai3="7,111,131,77,10,74,109,70,53,81,48,112,107"/><T86/><D68/><U76/><E123/><V46/><F69/><W33/><G33/><T72/><D72/><U3/><E64/><V122/><F104/><W79/><G79/><T42/><D0/><U94/><E71/><V38/><F122/><W119/><G119/><T102/><D17/><U93/><E76/><N who="2" m="44303" /><F117/><W51/><G107/><T27/><REACH who="0" step="1"/><D28/><REACH who="0" ten="259,240,217,264" step="2"/><U36/><E3/><V89/><F6/><W124/><G70/><T2/><D2/><U78/><E29/><V110/><F110/><W43/><G111/><T34/><D34/><U16/><E16/><V83/><F130/><W133/><G131/><T5/><D5/><U55/><E8/><V45/><F9/><W52/><G109/><T32/><D32/><U21/><E21/><V15/><F15/><W132/><G10/><T125/><D125/><U116/><E13/><V19/><F19/><W99/><G7/><T31/><D31/><U35/><E12/><V103/><F126/><W60/><G124/><T23/><D23/><U4/><E22/><V96/><F135/><W91/><G132/><T25/><N who="0" m="6144" /><DORA hai="100" /><T14/><D14/><U67/><E20/><V61/><F115/><W54/><G133/><T1/><D1/><U75/><E4/><V129/><F129/><W88/><G112/><T90/><D90/><U30/><E113/><V49/><F89/><W114/><G114/><T59/><AGARI ba="2,2" hai="40,42,57,58,59,85,86,87,95,97,102" m="6144" machi="59" ten="50,12000,1" yaku="1,1,0,1,29,2,8,1,53,0" doraHai="47,100" doraHaiUra="63,120" who="0" fromWho="0" sc="259,146,240,-42,217,-42,264,-42" /><INIT seed="4,3,0,1,4,53" ten="405,198,175,222" oya="0" hai0="96,18,44,70,24,109,59,78,52,127,41,73,16" hai1="61,122,43,63,88,17,27,31,74,25,28,98,42" hai2="117,45,89,104,0,84,79,69,30,5,86,58,48" hai3="20,37,113,128,7,57,112,75,80,33,40,110,2"/><T118/><D70/><U123/><E74/><V47/><F104/><W22/><G33/><T50/><D118/><U107/><E107/><V90/><F69/><W46/><G110/><T95/><D109/><U29/><E17/><V82/><F117/><W121/><G128/><T56/><D127/><U101/><E101/><V91/><F30/><W1/><G121/><T51/><D24/><N who="1" m="9291" /><E123/><V115/><F115/><N who="3" m="44107" /><G2/><T105/><D105/><U133/><E122/><V76/><F5/><W68/><G68/><T11/><D11/><U21/><E21/><V6/><F6/><W62/><G7/><T60/><D78/><N who="2" m="29738" /><F0/><W106/><G1/><T10/><D10/><U94/><E133/><V65/><F82/><W130/><G130/><T131/><D73/><U71/><E71/><V38/><F38/><W64/><G106/><T103/><D131/><U34/><E34/><V92/><F92/><W124/><G124/><T134/><D134/><U23/><E23/><N who="3" m="8746" /><G75/><T32/><D32/><U102/><E102/><V100/><F100/><W72/><G72/><T55/><AGARI ba="3,0" hai="16,18,41,44,50,51,52,55,56,59,60,95,96,103" machi="55" ten="20,18000,2" yaku="0,1,7,1,8,1,52,2,54,2" doraHai="53" who="0" fromWho="0" sc="405,189,198,-63,175,-63,222,-63" /><INIT seed="4,4,0,2,3,100" ten="594,135,112,159" oya="0" hai0="35,72,57,119,68,8,50,26,44,62,2,105,83" hai1="65,20,67,36,10,133,98,85,28,52,34,80,128" hai2="117,46,123,53,0,1,93,115,5,134,42,88,135" hai3="129,103,79,23,38,48,95,12,97,43,18,73,30"/><T19/><D119/><U91/><E34/><V106/><F123/><W61/><G129/><T94/><D68/><U77/><E36/><V25/><F115/><W109/><G109/><T71/><D71/><U87/><E10/><V4/><F53/><W41/><G38/><T84/><D72/><U6/><E6/><N who="2" m="2667" /><F25/><W113/><G113/><T15/><D2/><U14/><E98/><N who="2" m="57639" /><F106/><W110/><G110/><T90/><D105/><U78/><E52/><V131/><F131/><W3/><G3/><N who="2" m="1097" /><F46/><W55/><G79/><T120/><D120/><U58/><E58/><V21/><F21/><W122/><G73/><T102/><D35/><U92/><E20/><V86/><F86/><W7/><G7/><T81/><D102/><U17/><E28/><V114/><F42/><N who="3" m="15883" /><G122/><T130/><D26/><U45/><E45/><V112/><F117/><W60/><G30/><T49/><D130/><U22/><E78/><V101/><F101/><W89/><G103/><T64/><D49/><U124/><E128/><V32/><F32/><W47/><AGARI ba="4,0" hai="12,18,23,47,48,55,60,61,89,95,97" m="15883" machi="47" ten="30,1100,0" yaku="8,1" doraHai="100" who="3" fromWho="3" sc="594,-9,135,-7,112,-7,159,23" /><INIT seed="5,0,0,4,4,119" ten="585,128,105,182" oya="1" hai0="129,90,25,89,113,48,115,41,128,84,34,134,85" hai1="17,20,53,37,47,30,78,26,46,7,133,108,96" hai2="67,110,111,22,93,24,105,135,16,6,9,80,32" hai3="70,63,55,86,125,28,104,56,95,76,19,123,132"/><U118/><E118/><V92/><F105/><W81/><G104/><T126/><D41/><U4/><E108/><V8/><F135/><W36/><G132/><T42/><D134/><U131/><E131/><N who="0" m="50249" /><D42/><U127/><E127/><V59/><F32/><W18/><G123/><T0/><D0/><U33/><E133/><V51/><F110/><W50/><G36/><T99/><D48/><U116/><E116/><V100/><F100/><W66/><G125/><T121/><D126/><U10/><E78/><V106/><F106/><W88/><REACH who="3" step="1"/><G28/><REACH who="3" ten="585,128,105,172" step="2"/><N who="0" m="19727" /><D121/><U101/><E37/><V31/><F31/><W103/><G103/><T82/><D99/><AGARI ba="0,1" hai="18,19,50,55,56,63,66,70,76,81,86,88,95,99" machi="99" ten="30,7700,0" yaku="1,1,7,1,54,1,53,1" doraHai="119" doraHaiUra="52" who="3" fromWho="0" sc="585,-77,128,0,105,0,172,87" /><INIT seed="6,0,0,3,1,13" ten="508,128,105,259" oya="2" hai0="108,61,50,35,29,104,12,65,56,111,77,41,14" hai1="99,68,2,89,53,122,95,83,1,38,36,71,79" hai2="3,113,30,112,70,124,129,121,118,135,114,101,74" hai3="21,78,49,48,44,31,27,9,128,107,62,119,125"/><V133/><F70/><W6/><G119/><T87/><D104/><U59/><E68/><V97/><F3/><W100/><G125/><T25/><D41/><U43/><E71/><V24/><F118/><W18/><G128/><T57/><D77/><U20/><E38/><V42/><F42/><W94/><G107/><T120/><D87/><U15/><E122/><V10/><F121/><W64/><G78/><T98/><D98/><U4/><E43/><V37/><F37/><W93/><G31/><T66/><D120/><U47/><E47/><V96/><F74/><W73/><G73/><T19/><D12/><U115/><E115/><V109/><F109/><W86/><G44/><T102/><D102/><U85/><E36/><V131/><F10/><W33/><G93/><T81/><D81/><U60/><E4/><V80/><F80/><W23/><G23/><T84/><D84/><U54/><E54/><V63/><F63/><W75/><G33/><T76/><D76/><U28/><E2/><V5/><F5/><W69/><G75/><T51/><D51/><U58/><E1/><V127/><F30/><W11/><G11/><T82/><D82/><U32/><E32/><V17/><F24/><W34/><G34/><T130/><D130/><N who="2" m="49674" /><F17/><W123/><G123/><T26/><D26/><N who="1" m="16455" /><E15/><V91/><F91/><N who="3" m="53623" /><G100/><T40/><D40/><U90/><E89/><V72/><F72/><W134/><G69/><T67/><D111/><U7/><E7/><V117/><F117/><W103/><G6/><T116/><D108/><U0/><E0/><V55/><F55/><W39/><G39/><RYUUKYOKU ba="0,0" sc="508,-10,128,30,105,-10,259,-10" hai1="53,58,59,60,79,83,85,90,95,99" /><INIT seed="7,1,0,3,0,37" ten="498,158,95,249" oya="3" hai0="130,128,125,116,40,36,13,77,52,129,94,97,9" hai1="113,73,17,105,80,44,10,34,95,76,133,111,121" hai2="35,63,96,11,60,56,54,90,124,49,14,74,118" hai3="79,72,134,119,86,58,69,15,20,0,67,109,45"/><W68/><G119/><T16/><D125/><U41/><E34/><V120/><F118/><W59/><G0/><T135/><D116/><U132/><E105/><V31/><F124/><W112/><G86/><T101/><D135/><U71/><E71/><V62/><F74/><W42/><G15/><T127/><D127/><U27/><E111/><V46/><F120/><W25/><G20/><T83/><D52/><U21/><E113/><V57/><F35/><W104/><G25/><T117/><D117/><U8/><E121/><V126/><F31/><W88/><G88/><T123/><D123/><U87/><E73/><V85/><F96/><W108/><G79/><T115/><D115/><U33/><E33/><V19/><REACH who="2" step="1"/><F126/><REACH who="2" ten="498,158,85,249" step="2"/><W106/><G72/><T51/><D83/><AGARI ba="1,1" hai="11,14,19,46,49,54,56,57,60,62,63,83,85,90" machi="83" ten="40,8000,1" yaku="1,1,2,1,25,2,8,1,53,0" doraHai="37" doraHaiUra="89" who="2" fromWho="0" sc="498,-83,158,0,85,93,249,0" owari="415,51.0,158,-34.0,178,-22.0,249,5.0" /></mjloggm>