<mjloggm ver="2.3"><GO type="169" lobby="0"/><UN n0="%77%61%77%61%33%30%33%30" n1="%E5%B0%B1%E6%B4%BB%E7%94%9F%40%E5%B7%9D%E6%9D%91%E8%BB%8D%E5%9B%A3" n2="%E7%82%8E%E3%81%AE%E3%82%B7%E3%83%A5%E3%83%AC%E3%83%B3" n3="%E4%B8%96%E7%95%8C%E3%81%AE%E9%9D%92%E6%9C%A8" dan="16,17,17,16" rate="2079.30,2220.20,2145.56,2115.70" sx="M,M,M,M"/><TAIKYOKU oya="0"/><INIT seed="0,0,0,2,0,70" ten="250,250,250,250" oya="0" hai0="92,38,65,80,112,67,114,101,2,58,44,66,47" hai1="56,105,116,34,120,43,11,121,59,89,20,108,85" hai2="132,118,30,61,1,100,78,60,77,82,4,21,97" hai3="107,33,115,5,24,15,119,96,49,68,8,26,124"/><T94/><D2/><U25/><E34/><V113/><F113/><W16/><G115/><T104/><D104/><U91/><E116/><V39/><F132/><W71/><G124/><T95/><D101/><U130/><E105/><V22/><F118/><W111/><G111/><T64/><D47/><U28/><E108/><V27/><F39/><W135/><G135/><T110/><D110/><U17/><E130/><V102/><F1/><W129/><G129/><T126/><D126/><U46/><E120/><V32/><F4/><W76/><G76/><T117/><D117/><U122/><E122/><V128/><F128/><W72/><G72/><T123/><D123/><U127/><E127/><V87/><F77/><W103/><G119/><T62/><REACH who="0" step="1"/><D80/><REACH who="0" ten="240,250,250,250" step="2"/><U134/><E121/><V79/><F102/><W63/><G103/><T9/><D9/><U69/><E11/><V40/><F100/><W48/><G8/><T53/><D53/><U99/><E46/><V131/><F82/><W90/><G107/><T29/><D29/><U10/><E10/><V3/><F30/><W6/><G6/><T45/><D45/><U88/><E43/><AGARI ba="0,1" hai="38,43,44,58,62,64,65,66,67,92,94,95,112,114" machi="43" ten="40,3900,0" yaku="1,1,52,1,53,0" doraHai="70" doraHaiUra="74" who="0" fromWho="1" sc="240,49,250,-39,250,0,250,0" /><INIT seed="0,1,0,2,2,3" ten="289,211,250,250" oya="0" hai0="85,79,122,128,12,18,108,109,20,25,71,77,135" hai1="11,40,1,43,115,39,104,6,103,96,47,59,83" hai2="80,65,81,94,68,31,125,133,110,89,4,5,58" hai3="123,117,28,32,9,88,22,15,132,52,134,46,0"/><T42/><D71/><U17/><E115/><V112/><F112/><W114/><G114/><T101/><D42/><U8/><E43/><V91/><F68/><W36/><G36/><T74/><D74/><U29/><E29/><V26/><F110/><N who="0" m="42602" /><D101/><U106/><E59/><V131/><F131/><W13/><G117/><T63/><D122/><U66/><E66/><V78/><F133/><W37/><G37/><T2/><D2/><U97/><E17/><V33/><F125/><W16/><G123/><T34/><D135/><N who="3" m="51753" /><G0/><T120/><D120/><U49/><E11/><V35/><F35/><W118/><G118/><T50/><D63/><U95/><E49/><V90/><F94/><W75/><G75/><T61/><D61/><U19/><E19/><V116/><F116/><W62/><G32/><T72/><D72/><U7/><E7/><V121/><F121/><W76/><G76/><T127/><D127/><U100/><REACH who="1" step="1"/><E83/><REACH who="1" ten="289,201,250,250" step="2"/><V27/><F81/><W124/><G124/><T41/><D50/><U23/><E23/><V60/><F33/><W44/><G28/><N who="0" m="19727" /><D41/><U57/><E57/><V64/><F64/><W73/><G46/><T24/><D128/><U130/><E130/><V70/><F70/><W129/><G129/><T54/><D54/><U84/><E84/><N who="2" m="48151" /><F31/><W92/><G73/><T102/><D85/><U111/><E111/><V67/><F65/><W98/><G44/><T14/><D24/><AGARI ba="1,1" hai="4,5,24,26,27,58,60,67,89,90,91" m="48151" machi="24" ten="30,3900,0" yaku="8,1,52,2" doraHai="3" who="2" fromWho="0" sc="289,-42,201,0,250,52,250,0" /><INIT seed="1,0,0,4,4,75" ten="247,201,302,250" oya="1" hai0="79,33,118,20,134,115,72,17,32,30,99,8,116" hai1="5,39,94,123,41,58,80,132,110,101,69,48,6" hai2="44,62,73,40,67,100,42,120,31,111,135,121,124" hai3="34,105,50,77,85,87,29,71,97,89,10,54,16"/><U129/><E123/><V19/><F31/><W18/><G71/><T86/><D72/><U3/><E69/><V109/><F73/><W13/><G18/><T25/><D115/><U28/><E39/><N who="2" m="21535" /><F100/><W24/><G105/><T98/><D134/><U70/><E70/><N who="2" m="42359" /><F19/><W131/><G131/><T78/><D8/><U108/><E129/><V23/><F23/><W64/><G64/><T102/><D33/><U84/><E132/><V9/><F9/><W15/><G15/><T112/><D112/><U119/><E119/><V74/><F74/><W114/><G114/><T61/><D61/><U96/><E28/><V46/><F135/><W130/><G130/><T35/><D35/><U59/><E3/><V60/><F60/><W21/><G97/><T95/><D86/><U26/><E26/><V117/><F124/><W68/><G68/><T93/><D118/><U106/><E106/><V127/><F127/><W12/><G12/><T11/><D11/><U57/><E6/><V125/><F125/><W104/><G104/><T90/><REACH who="0" step="1"/><D116/><REACH who="0" ten="237,201,302,250" step="2"/><U56/><E5/><V2/><F117/><W81/><G34/><T47/><D47/><U122/><E122/><N who="2" m="47211" /><F2/><W38/><G87/><T49/><D49/><AGARI ba="0,1" hai="42,46,49,109,111" m="47211,42359,21535" machi="49" ten="30,2000,0" yaku="34,2" doraHai="75" who="2" fromWho="0" sc="237,-20,201,0,302,30,250,0" /><INIT seed="2,0,0,1,5,103" ten="217,201,332,250" oya="2" hai0="50,119,126,26,112,4,95,39,27,84,76,70,101" hai1="52,60,38,109,73,13,117,25,49,128,20,127,17" hai2="123,92,88,99,91,24,89,16,93,45,94,122,11" hai3="135,72,90,98,66,134,46,131,75,133,14,9,113"/><V107/><F45/><W114/><G66/><T30/><D39/><U86/><E73/><N who="3" m="28234" /><G46/><T121/><D70/><U2/><E2/><V55/><F55/><W41/><G41/><T69/><D76/><U3/><E3/><V67/><F67/><W22/><G22/><T104/><D84/><U79/><E38/><V71/><F71/><W116/><G14/><T118/><D95/><U96/><E117/><V57/><F57/><W58/><G9/><T12/><D101/><U23/><E127/><V102/><REACH who="2" step="1"/><F11/><REACH who="2" ten="217,201,322,250" step="2"/><W105/><G58/><T42/><D69/><U83/><E128/><V77/><F77/><W132/><G132/><T10/><D10/><U29/><E109/><V19/><F19/><W129/><G116/><T63/><D118/><U18/><E60/><V35/><F35/><W28/><G28/><T87/><D63/><U125/><E125/><V111/><F111/><W85/><G129/><T53/><D30/><U7/><E7/><V56/><F56/><W78/><G78/><T62/><D4/><U44/><E29/><V33/><F33/><W48/><G48/><T130/><D50/><U36/><E36/><V124/><F124/><W0/><G131/><T68/><D62/><U82/><E79/><V59/><F59/><W37/><G37/><T61/><D61/><U32/><E32/><V54/><F54/><W21/><G133/><T1/><D68/><U81/><E44/><V47/><F47/><W34/><G135/><T31/><D126/><U80/><E52/><V106/><F106/><W100/><G134/><T64/><D31/><U8/><E49/><RYUUKYOKU ba="0,1" sc="217,-10,201,-10,322,30,250,-10" hai2="16,24,88,89,91,92,93,94,99,102,107,122,123" /><INIT seed="2,1,1,1,4,9" ten="207,191,352,240" oya="2" hai0="81,75,76,56,89,107,33,100,64,77,134,13,95" hai1="60,71,24,52,19,87,21,135,42,79,103,70,82" hai2="2,114,27,39,47,10,68,72,37,132,5,98,6" hai3="51,17,83,123,128,120,66,43,115,23,108,28,116"/><V96/><F114/><W67/><G116/><T80/><D33/><U0/><E135/><V110/><F68/><W57/><G108/><T88/><D134/><U92/><E0/><V45/><F132/><W48/><G128/><T106/><D56/><U119/><E119/><V61/><F72/><W14/><G115/><T111/><D64/><U31/><E42/><V93/><F61/><W130/><G130/><T65/><D65/><U4/><E4/><V133/><F133/><W35/><G67/><T102/><D13/><U55/><E31/><V29/><F110/><W84/><G51/><T74/><D111/><U86/><E60/><V11/><F37/><W97/><G97/><T3/><D3/><U121/><E121/><V49/><F39/><W78/><G66/><T112/><D112/><U63/><E63/><V46/><F49/><W8/><G35/><T25/><D25/><U85/><E71/><V117/><F117/><W44/><G57/><T105/><D89/><U91/><E70/><V109/><F109/><W32/><G32/><T26/><D26/><U12/><E103/><V104/><F104/><W40/><G43/><T7/><D7/><U118/><E118/><V73/><F73/><W41/><G40/><T50/><D50/><U20/><E86/><AGARI ba="1,1" hai="74,75,76,77,80,81,86,88,95,100,102,105,106,107" machi="86" ten="40,16000,3" yaku="9,1,35,6,54,1" doraHai="9" who="0" fromWho="1" sc="207,173,191,-163,352,0,240,0" /><INIT seed="3,0,0,4,1,61" ten="380,28,352,240" oya="3" hai0="36,83,70,26,57,126,22,111,80,44,2,46,7" hai1="21,66,30,79,39,131,34,93,88,97,49,81,69" hai2="105,133,77,124,134,55,14,25,87,123,63,54,129" hai3="112,102,122,76,13,16,90,125,10,62,32,118,56"/><W113/><G118/><T65/><D70/><U23/><E39/><V128/><F105/><W89/><G122/><T64/><D7/><U43/><E131/><N who="2" m="50251" /><F123/><W74/><G32/><T53/><D2/><U103/><E34/><V92/><F14/><W67/><G125/><T72/><D111/><U60/><E30/><V99/><F25/><W127/><G127/><T84/><D72/><U41/><E103/><V68/><F68/><W95/><G102/><T29/><D83/><U17/><E49/><V121/><F121/><W101/><G101/><T107/><D107/><U100/><E100/><V132/><F124/><W42/><G90/><T130/><D130/><U40/><REACH who="1" step="1"/><E17/><REACH who="1" ten="380,18,352,240" step="2"/><V38/><F38/><W47/><G74/><AGARI ba="0,1" hai="21,23,40,41,43,60,66,69,74,79,81,88,93,97" machi="74" ten="40,8000,1" yaku="1,1,2,1,52,1,54,1,53,0" doraHai="61" doraHaiUra="135" who="1" fromWho="3" sc="380,0,18,90,352,0,240,-80" /><INIT seed="4,0,0,0,4,83" ten="380,108,352,160" oya="0" hai0="109,15,111,18,17,59,45,87,76,86,43,129,90" hai1="124,67,6,1,66,68,132,123,91,49,5,33,55" hai2="54,72,0,117,130,30,42,127,70,56,115,44,19" hai3="7,84,62,135,11,8,10,74,69,32,64,34,88"/><T36/><D76/><U107/><E33/><V78/><F70/><W82/><G135/><T24/><D129/><U58/><E107/><V121/><F121/><W53/><G74/><T39/><D39/><U79/><E123/><V35/><F0/><W112/><G112/><T25/><D59/><U60/><E132/><V48/><F127/><W4/><REACH who="3" step="1"/><G53/><REACH who="3" ten="380,108,352,150" step="2"/><T23/><D111/><U105/><E124/><V13/><F115/><W28/><G28/><T29/><D109/><U20/><E105/><V46/><F130/><W41/><G41/><T57/><D57/><U120/><E120/><V108/><F108/><W131/><G131/><T63/><D63/><U65/><E1/><V101/><F72/><W22/><G22/><T118/><D118/><U102/><E102/><V47/><F101/><W2/><G2/><T85/><D25/><U9/><E79/><V114/><F78/><W110/><G110/><T52/><D52/><U93/><E20/><V12/><F114/><W122/><G122/><T100/><D100/><U61/><E9/><V89/><F30/><W106/><G106/><T38/><D90/><U81/><E81/><V103/><F89/><W126/><G126/><T16/><REACH who="0" step="1"/><D38/><REACH who="0" ten="370,108,352,150" step="2"/><U50/><E50/><V116/><F103/><W99/><G99/><T73/><D73/><U26/><E26/><V104/><F117/><W14/><G14/><AGARI ba="0,2" hai="14,15,16,17,18,23,24,29,36,43,45,85,86,87" machi="14" ten="40,12000,1" yaku="1,1,52,3,54,1,53,0" doraHai="83" doraHaiUra="75" who="0" fromWho="3" sc="370,140,108,0,352,0,150,-120" /><INIT seed="4,1,0,0,4,21" ten="510,108,352,30" oya="0" hai0="54,106,78,82,108,91,105,41,22,94,66,79,99" hai1="9,51,1,75,134,19,93,113,64,53,121,30,49" hai2="89,127,40,104,116,55,8,42,72,95,109,120,100" hai3="107,33,69,81,37,20,85,111,90,17,44,0,24"/><T29/><D41/><U56/><E75/><V112/><F120/><W88/><G111/><T7/><D7/><U130/><E121/><V25/><F72/><W71/><G107/><T39/><D39/><U57/><E130/><V16/><F109/><W31/><G0/><T74/><D66/><U118/><E118/><V38/><F38/><W52/><G90/><T46/><D79/><U115/><E30/><V27/><F116/><W28/><G28/><T5/><D5/><BYE who="0" /><U26/><E134/><V70/><F70/><W97/><G97/><T47/><D47/><U23/><E93/><V45/><F100/><W126/><G126/><T102/><D102/><U2/><E9/><V35/><F104/><W101/><G101/><T86/><D86/><U83/><E83/><V114/><F127/><W131/><G131/><T84/><D84/><U3/><REACH who="1" step="1"/><E64/><REACH who="1" ten="510,98,352,30" step="2"/><V123/><F123/><W18/><G18/><T15/><D15/><U122/><E122/><UN n0="%77%61%77%61%33%30%33%30" /><V62/><F16/><W36/><G36/><T60/><D108/><U129/><E129/><V68/><F8/><W119/><G119/><T6/><D106/><U61/><E61/><V48/><F62/><W76/><G76/><T34/><D60/><U67/><E67/><V73/><F73/><W124/><G124/><T43/><D105/><U80/><E80/><V92/><F92/><W12/><REACH who="3" step="1"/><G37/><REACH who="3" ten="510,98,352,20" step="2"/><T125/><D78/><U135/><E135/><V133/><F133/><W4/><G4/><T132/><D6/><U77/><E77/><V32/><F32/><W11/><G11/><T59/><D34/><U13/><E13/><RYUUKYOKU ba="1,2" sc="510,-15,98,15,352,-15,20,15" hai1="1,2,3,19,23,26,49,51,53,56,57,113,115" hai3="12,17,20,24,31,33,44,52,69,71,81,85,88" /><INIT seed="5,2,2,2,0,52" ten="495,113,337,35" oya="1" hai0="31,57,102,95,90,19,93,125,110,99,3,114,112" hai1="30,58,32,108,51,17,115,62,24,116,56,117,135" hai2="10,48,81,127,63,73,38,96,46,74,61,79,119" hai3="101,50,20,36,5,120,78,64,18,86,97,0,103"/><U84/><E115/><V130/><F119/><W122/><G36/><T28/><D3/><U13/><E108/><V45/><F74/><W85/><G103/><T6/><D6/><U35/><E35/><V43/><F130/><W89/><G78/><T106/><D95/><U34/><E34/><V37/><F127/><W68/><G85/><T12/><D125/><U33/><E33/><V41/><F48/><W87/><G86/><N who="0" m="52439" /><D57/><U91/><E135/><V121/><F121/><W70/><G50/><T22/><D110/><U65/><E51/><V132/><F132/><W76/><G76/><T123/><D123/><U11/><REACH who="1" step="1"/><E56/><REACH who="1" ten="495,103,337,35" step="2"/><V16/><F37/><W98/><G70/><T27/><D114/><U60/><E60/><V2/><F61/><W100/><G68/><T107/><D112/><U54/><E54/><V55/><F63/><W67/><G122/><T59/><D59/><U126/><E126/><V8/><F55/><W83/><G120/><T82/><D107/><U66/><E66/><N who="3" m="25130" /><G0/><T129/><D106/><U134/><E134/><V104/><F2/><W92/><G5/><T72/><D129/><U9/><E9/><V109/><F109/><W4/><G4/><T40/><D22/><U23/><E23/><V71/><F71/><W94/><G20/><T118/><D118/><U49/><E49/><V29/><F8/><W88/><G18/><T21/><D19/><U44/><E44/><V7/><F16/><W77/><AGARI ba="2,3" hai="77,83,87,88,89,92,94,97,98,100,101" m="25130" machi="77" ten="30,2000,0" yaku="8,1,54,1" doraHai="52" who="3" fromWho="3" sc="495,-7,103,-12,337,-7,35,56" /><INIT seed="6,0,0,0,1,64" ten="488,91,330,91" oya="2" hai0="1,33,51,14,102,68,122,63,50,4,9,15,116" hai1="57,90,27,73,12,69,78,49,10,24,52,28,67" hai2="135,80,0,56,114,128,48,82,39,86,94,131,115" hai3="96,133,26,47,117,92,11,106,107,111,119,120,112"/><V93/><F0/><W58/><G58/><T113/><D33/><U99/><E73/><V76/><F39/><W77/><G47/><T2/><D113/><N who="2" m="43018" /><F48/><W41/><G41/><T127/><D127/><U13/><E69/><V123/><F56/><W91/><G26/><N who="1" m="9770" /><E78/><N who="2" m="46359" /><F135/><W20/><G20/><T17/><D51/><U95/><E28/><V125/><F125/><W5/><G11/><T65/><D122/><U35/><E35/><V109/><F123/><W97/><G5/><T75/><D116/><N who="3" m="44617" /><G112/><T62/><D62/><N who="1" m="38351" /><E10/><V6/><F6/><W85/><G120/><T71/><D50/><U126/><E126/><V45/><F45/><AGARI ba="0,0" hai="12,13,45,49,52,90,95,99" m="38351,9770" machi="45" ten="30,2000,0" yaku="8,1,54,1" doraHai="64" who="1" fromWho="2" sc="488,0,91,20,330,-20,91,0" /><INIT seed="7,0,0,0,2,116" ten="488,111,310,91" oya="3" hai0="47,126,35,44,77,62,57,26,94,103,63,25,92" hai1="49,60,111,96,124,45,0,122,32,5,101,66,68" hai2="3,108,131,6,72,78,69,134,31,28,13,29,74" hai3="102,119,120,42,70,99,113,118,43,71,73,135,34"/><W110/><G34/><T11/><D126/><U33/><E122/><V106/><F3/><W80/><G42/><T107/><D107/><U79/><E124/><V15/><F108/><W59/><G59/><T10/><D77/><U50/><E111/><V100/><F69/><N who="3" m="26123" /><G110/><T38/><D38/><U53/><E79/><V19/><F100/><W24/><G24/><T58/><D103/><U23/><E23/><V82/><F106/><N who="3" m="63839" /><G43/><T97/><D97/><U128/><E128/><V8/><F74/><W61/><G61/><T52/><D52/><U109/><E109/><V46/><F131/><W20/><G20/><T130/><D130/><U85/><E85/><V21/><F46/><W127/><G127/><T64/><D64/><U39/><E39/><V22/><F22/><W37/><G37/><T76/><D76/><U133/><E133/><V125/><F125/><W40/><G40/><T17/><D17/><U123/><E123/><V54/><F134/><W36/><G36/><T48/><D35/><U2/><E50/><AGARI ba="0,0" hai="10,11,25,26,44,47,48,50,57,58,62,63,92,94" machi="50" ten="25,3200,0" yaku="22,2,8,1" doraHai="116" who="0" fromWho="1" sc="488,32,111,-32,310,0,91,0" owari="520,62.0,79,-42.0,310,11.0,91,-31.0" /></mjloggm>