<mjloggm ver="2.3"><GO type="169" lobby="0"/><UN n0="%E8%BC%9D" n1="%E6%93%8D" n2="%E3%82%A6%E3%83%AB%E3%83%88%E3%83%A9%E7%AB%8B%E7%9B%B4" n3="%E6%98%9F%E3%81%AE%E3%81%8A%E3%81%98%E3%81%84%E6%A7%98" dan="16,16,18,16" rate="2130.03,2040.34,2161.19,2138.43" sx="M,M,M,F"/><TAIKYOKU oya="0"/><INIT seed="0,0,0,2,4,109" ten="250,250,250,250" oya="0" hai0="20,101,28,77,76,1,25,40,104,98,43,10,121" hai1="53,78,83,125,113,30,42,74,22,130,44,57,45" hai2="69,82,71,108,105,54,99,3,47,131,37,93,94" hai3="7,107,100,26,120,64,132,21,8,117,102,65,61"/><T29/><D121/><U79/><E130/><V106/><F3/><W128/><G117/><T2/><D29/><U66/><E66/><V70/><F108/><W13/><G128/><T80/><D76/><U103/><E103/><V75/><F131/><W88/><G120/><T18/><D1/><U95/><E79/><V35/><F82/><W73/><G73/><T41/><D41/><U116/><E116/><V127/><F75/><W5/><G132/><T84/><REACH who="0" step="1"/><D18/><REACH who="0" ten="240,250,250,250" step="2"/><U39/><E42/><V96/><F127/><W15/><G5/><AGARI ba="0,1" hai="2,5,10,20,25,28,40,43,77,80,84,98,101,104" machi="5" ten="40,3900,0" yaku="1,1,2,1,53,0" doraHai="109" doraHaiUra="90" who="0" fromWho="3" sc="240,49,250,0,250,0,250,-39" /><INIT seed="0,1,0,5,4,96" ten="289,250,250,211" oya="0" hai0="84,122,31,9,32,127,80,107,110,83,15,46,4" hai1="76,68,135,132,45,77,92,93,51,60,82,58,61" hai2="101,14,30,33,59,125,27,8,117,56,70,102,124" hai3="20,63,72,73,131,115,26,130,114,104,16,65,5"/><T113/><D113/><N who="3" m="43017" /><G5/><T11/><D122/><U6/><E6/><V25/><F70/><N who="3" m="42303" /><G104/><T22/><D32/><U118/><E68/><V105/><F105/><W55/><G55/><T18/><D107/><U10/><E10/><V88/><F117/><W98/><G98/><T1/><D11/><U79/><E118/><V129/><F129/><AGARI ba="1,0" hai="16,20,26,72,73,129,130,131" m="42303,43017" machi="129" ten="30,2000,0" yaku="19,1,54,1" doraHai="96" who="3" fromWho="2" sc="289,0,250,0,250,-23,211,23" /><INIT seed="1,0,0,0,0,56" ten="289,250,227,234" oya="1" hai0="100,73,88,24,44,13,86,117,114,78,72,134,41" hai1="33,19,50,69,3,42,68,90,0,96,125,129,59" hai2="131,8,37,4,102,10,60,32,5,20,47,74,36" hai3="119,22,99,1,17,66,101,63,115,111,118,26,121"/><U39/><E33/><V43/><F32/><W113/><G1/><T49/><D114/><U122/><E39/><V106/><F74/><W120/><G99/><T75/><D117/><N who="3" m="44553" /><G101/><T21/><D134/><U109/><E96/><V79/><F79/><W128/><G128/><T29/><D100/><U95/><E95/><V35/><F35/><W97/><G97/><T124/><D124/><U81/><E81/><V130/><F20/><W55/><G55/><T87/><D78/><U98/><E98/><V6/><F102/><W14/><G14/><T40/><D40/><U110/><E90/><V30/><F106/><W103/><G103/><T105/><D105/><U62/><E19/><V38/><F30/><W23/><G23/><T7/><D86/><U2/><E129/><N who="2" m="49163" /><F60/><W12/><G12/><T9/><REACH who="0" step="1"/><D75/><REACH who="0" ten="279,250,227,234" step="2"/><U116/><E125/><V64/><F64/><W48/><G115/><T89/><D89/><U34/><E116/><V53/><F53/><W16/><G113/><T83/><AGARI ba="0,1" hai="7,9,13,21,24,29,41,44,49,72,73,83,87,88" machi="83" ten="20,5200,0" yaku="1,1,0,1,7,1,54,1,53,0" doraHai="56" doraHaiUra="61" who="0" fromWho="0" sc="279,62,250,-26,227,-13,234,-13" /><INIT seed="2,0,0,5,0,109" ten="341,224,214,221" oya="2" hai0="10,62,52,4,11,39,69,31,22,93,113,60,78" hai1="64,130,23,77,80,5,34,127,44,135,116,117,73" hai2="37,88,123,21,3,48,42,103,72,120,2,112,118" hai3="98,25,57,1,29,27,128,104,91,92,65,79,102"/><V8/><F48/><W129/><G1/><N who="2" m="9" /><F88/><W43/><G43/><T83/><D113/><U36/><E64/><V9/><F103/><W14/><G79/><T66/><D39/><U75/><E44/><V51/><F51/><W19/><G65/><T86/><D93/><U76/><E80/><V58/><F58/><W87/><G57/><T56/><REACH who="0" step="1"/><D4/><REACH who="0" ten="331,224,214,221" step="2"/><U99/><E5/><V90/><F37/><W126/><G126/><T13/><D13/><U101/><E127/><V50/><F112/><W125/><G125/><T33/><D33/><U54/><E36/><V119/><F123/><W74/><G27/><AGARI ba="0,1" hai="10,11,22,27,31,52,56,60,62,66,69,78,83,86" machi="27" ten="40,2600,0" yaku="1,1,54,1,53,0" doraHai="109" doraHaiUra="41" who="0" fromWho="3" sc="331,36,224,0,214,0,221,-26" /><INIT seed="3,0,0,4,0,59" ten="367,224,214,195" oya="3" hai0="72,64,96,66,77,104,2,63,107,56,80,68,70" hai1="26,34,55,103,42,3,14,11,98,130,6,33,22" hai2="48,30,73,28,117,113,100,60,83,65,7,87,120" hai3="115,82,1,37,50,5,79,62,124,69,15,95,110"/><W92/><G1/><T135/><D135/><U89/><E130/><V51/><F73/><W71/><G37/><T52/><D2/><U41/><E89/><V94/><F113/><W84/><G115/><T31/><D31/><U38/><E3/><V9/><F117/><W127/><G110/><T129/><D129/><U123/><E123/><V45/><F120/><W106/><G106/><T49/><D96/><U93/><E42/><V74/><F74/><W43/><G92/><T116/><D116/><U101/><E101/><V75/><F75/><W36/><G36/><T19/><D19/><U109/><E109/><V112/><F112/><W39/><G95/><T8/><D8/><U133/><E133/><V54/><F51/><W27/><G27/><T118/><D118/><U108/><E108/><V12/><F94/><W97/><G97/><T17/><D17/><U128/><E128/><V10/><F10/><N who="3" m="4559" /><G39/><T16/><D16/><U35/><E41/><V126/><F100/><W85/><G85/><T23/><D23/><U111/><E38/><V67/><F126/><N who="3" m="48171" /><G62/><AGARI ba="0,0" hai="49,52,56,62,63,64,66,68,70,72,77,80,104,107" machi="62" ten="40,8000,1" yaku="9,1,52,2,54,1" doraHai="59" who="0" fromWho="3" sc="367,80,224,0,214,0,195,-80" /><INIT seed="4,0,0,4,5,46" ten="447,224,214,115" oya="0" hai0="105,14,76,93,83,80,101,74,40,24,82,129,8" hai1="116,132,96,90,86,57,107,128,106,60,33,23,104" hai2="22,122,115,38,61,3,62,11,52,77,39,111,100" hai3="120,97,64,17,28,15,42,34,124,16,25,48,118"/><T75/><D40/><U126/><E116/><V99/><F111/><W121/><G118/><T18/><D129/><U10/><E33/><V123/><F77/><W89/><G64/><T47/><D105/><U31/><E128/><V68/><F22/><W72/><G72/><T1/><D47/><U79/><E10/><V113/><F11/><W37/><G37/><N who="2" m="13833" /><F3/><W135/><G135/><T50/><D50/><U20/><E132/><V102/><F99/><W71/><G71/><T21/><D1/><U6/><E6/><V29/><F29/><W92/><G124/><T58/><D58/><U103/><E126/><V91/><F91/><W56/><G17/><T51/><D74/><U112/><E79/><V43/><F43/><W94/><G94/><T49/><D75/><U87/><E87/><V27/><F27/><W110/><G110/><T53/><D76/><U133/><E133/><V30/><F30/><W63/><G42/><T117/><D117/><U84/><E84/><V125/><F125/><W19/><G19/><N who="0" m="8647" /><D53/><U73/><E73/><V54/><F68/><W130/><G130/><T41/><D41/><U0/><E0/><V4/><F4/><W59/><G59/><T131/><D131/><U2/><E2/><V65/><F65/><W35/><G35/><T5/><D5/><U26/><E112/><N who="2" m="43083" /><F54/><N who="3" m="31815" /><G63/><N who="2" m="24073" /><F52/><W67/><G67/><T66/><D66/><U69/><E69/><V32/><F32/><W109/><G109/><T45/><D45/><U9/><E107/><V78/><F78/><W95/><G95/><T12/><D24/><U13/><E106/><V44/><F44/><RYUUKYOKU ba="0,0" sc="447,10,224,-30,214,10,115,10" hai0="12,18,21,49,51,80,82,83,93,101" hai2="100,102,122,123" hai3="15,16,25,28,34,89,92,97,120,121" /><INIT seed="4,1,0,2,3,5" ten="457,194,224,125" oya="0" hai0="126,75,67,21,30,95,49,3,31,104,41,77,50" hai1="132,16,71,6,70,108,93,110,1,63,17,74,96" hai2="11,78,40,103,82,102,33,68,55,111,13,61,48" hai3="106,43,44,107,64,97,76,14,114,39,135,118,119"/><T86/><D104/><U47/><E74/><V99/><F33/><W2/><G114/><T24/><D3/><U89/><E132/><V122/><F111/><W32/><G14/><T129/><D75/><U7/><E47/><V134/><F134/><W19/><G19/><T51/><D126/><U45/><E45/><V29/><F29/><W123/><G135/><T0/><D0/><U27/><E63/><V105/><F103/><W69/><G123/><T120/><D120/><U113/><E113/><V100/><F100/><N who="3" m="62735" /><G107/><T117/><D129/><U116/><E116/><V60/><F68/><W127/><G127/><T57/><D117/><U34/><E71/><V85/><F122/><W88/><G88/><N who="0" m="53655" /><D77/><U66/><E66/><V72/><F72/><W98/><G98/><T36/><D36/><U54/><E70/><V81/><F81/><W22/><G76/><T83/><D83/><U35/><E1/><V128/><F128/><W23/><G32/><T130/><D130/><U53/><E96/><V91/><F78/><W80/><G80/><T87/><D31/><U73/><E73/><V12/><F40/><W28/><G2/><T9/><D41/><U121/><E121/><V109/><F109/><W26/><G119/><T38/><D38/><U62/><E110/><V25/><F105/><W58/><G69/><T101/><D101/><U79/><E108/><V20/><F102/><W46/><G118/><T15/><D87/><U115/><E79/><V92/><F85/><W65/><G43/><T133/><D133/><U10/><E115/><V4/><F82/><W125/><G125/><RYUUKYOKU ba="1,0" sc="457,0,194,0,224,0,125,0" /><INIT seed="5,2,0,4,1,110" ten="457,194,224,125" oya="1" hai0="90,126,21,6,105,17,47,52,95,50,63,73,58" hai1="97,111,72,89,81,78,31,20,13,96,82,53,128" hai2="37,23,112,64,56,38,2,102,93,133,60,84,26" hai3="25,28,5,94,99,46,42,120,113,115,135,132,0"/><U118/><E118/><V12/><F2/><W75/><G75/><T18/><D73/><U44/><E128/><V119/><F119/><W16/><G120/><T27/><D105/><U14/><E111/><V39/><F12/><W106/><G106/><T131/><D131/><U125/><E125/><V40/><F133/><N who="3" m="51275" /><G5/><T7/><D17/><U85/><E14/><V77/><F112/><N who="3" m="43083" /><G0/><T123/><D126/><U33/><E33/><V3/><F3/><W54/><G54/><N who="0" m="34263" /><D123/><U41/><E53/><V45/><F77/><W51/><G16/><T29/><D29/><U34/><E34/><V69/><F40/><W109/><G109/><T91/><D91/><U87/><E72/><V48/><F102/><N who="3" m="60791" /><G25/><T129/><D129/><U10/><E31/><AGARI ba="2,0" hai="28,31,42,46,51" m="60791,43083,51275" machi="31" ten="30,8000,1" yaku="20,1,15,1,52,3" doraHai="110" who="3" fromWho="1" sc="457,0,194,-86,224,0,125,86" /><INIT seed="6,0,0,0,0,56" ten="457,108,224,211" oya="2" hai0="86,22,126,135,90,96,117,92,48,11,67,81,108" hai1="130,28,14,19,20,46,55,120,29,3,75,89,95" hai2="65,107,78,31,72,129,123,26,12,36,30,76,17" hai3="63,2,58,125,68,8,0,119,124,114,79,64,18"/><V9/><F123/><W47/><G119/><T41/><D108/><U110/><E130/><V134/><F36/><W73/><G114/><T49/><D117/><U50/><E110/><V106/><F129/><W57/><G47/><T83/><D126/><N who="3" m="48745" /><G79/><T127/><D127/><U7/><E75/><V84/><F134/><W38/><G73/><T25/><D135/><U112/><E112/><V66/><F31/><W5/><G38/><T45/><D11/><U35/><E35/><V128/><F76/><W27/><G0/><T62/><D49/><U94/><E120/><V54/><F72/><W98/><G98/><T109/><D109/><U93/><E7/><V34/><F128/><W131/><G131/><T6/><D6/><U105/><E3/><V85/><F107/><W52/><G52/><N who="0" m="29711" /><D96/><U33/><E105/><V80/><F106/><W91/><G91/><T71/><D71/><U74/><E74/><V1/><F85/><W4/><G4/><T23/><D41/><U132/><E132/><V59/><F1/><W70/><G70/><T87/><D87/><U69/><E69/><V97/><F97/><W24/><G68/><T40/><D40/><U44/><E33/><V118/><F118/><W122/><G122/><T21/><D25/><N who="3" m="9801" /><G58/><N who="0" m="37335" /><D83/><U133/><E133/><V77/><F77/><W121/><G121/><T10/><D81/><U61/><E46/><V116/><F116/><W13/><G2/><T60/><D10/><U43/><E89/><V16/><F17/><W103/><G5/><T101/><D101/><AGARI ba="0,0" hai="8,13,18,57,63,64,101,103" m="9801,48745" machi="101" ten="30,2000,0" yaku="18,1,52,1" doraHai="56" who="3" fromWho="0" sc="457,-20,108,0,224,0,211,20" /><INIT seed="7,0,0,3,1,105" ten="437,108,224,231" oya="3" hai0="41,77,49,55,104,81,33,47,30,121,75,3,32" hai1="129,107,9,78,36,106,16,96,53,23,68,116,13" hai2="40,24,60,80,14,84,69,127,93,131,132,52,133" hai3="4,135,58,56,38,46,115,54,91,79,22,88,29"/><W28/><G115/><T43/><D121/><U39/><E68/><V70/><F40/><W109/><G135/><T73/><D104/><U20/><E129/><V123/><F131/><W120/><G120/><T76/><D3/><U65/><E65/><V103/><F127/><W125/><G38/><T1/><D1/><U6/><E116/><V92/><F14/><W42/><G125/><T126/><D126/><U48/><E23/><V128/><F24/><W62/><G4/><T113/><D113/><U63/><E63/><V61/><F128/><W100/><G100/><T67/><D67/><U108/><E108/><V37/><F37/><W8/><G8/><T72/><D30/><U86/><E107/><V112/><F112/><W124/><G124/><T114/><D114/><U15/><E106/><V110/><F110/><W57/><G109/><T102/><D102/><U45/><E96/><N who="2" m="59783" /><F93/><W19/><G79/><T83/><D75/><U50/><E78/><N who="2" m="46103" /><F123/><W7/><G7/><T51/><D41/><U89/><REACH who="1" step="1"/><E50/><REACH who="1" ten="437,98,224,231" step="2"/><V90/><F61/><W71/><G71/><T10/><D10/><U101/><E101/><V21/><F21/><W134/><G134/><N who="2" m="51817" /><F90/><W31/><G91/><T64/><D64/><U27/><E27/><V26/><F26/><N who="3" m="14687" /><G88/><T130/><D130/><U95/><AGARI ba="0,1" hai="6,9,13,15,16,20,36,39,45,48,53,86,89,95" machi="95" ten="20,12000,2" yaku="1,1,0,1,7,1,54,1,53,2" doraHai="105" doraHaiUra="11" who="1" fromWho="1" sc="437,-30,98,130,224,-30,231,-60" owari="407,51.0,228,3.0,194,-21.0,171,-33.0" /></mjloggm>