<mjloggm ver="2.3"><GO type="169" lobby="0"/><UN n0="%7A%6F%6F%31%39%36%34" n1="%E3%83%94%E3%82%AB%E5%90%BE%E9%83%8E" n2="%E3%82%A6%E3%83%AB%E3%83%88%E3%83%A9%E7%AB%8B%E7%9B%B4" n3="%68%6F%73%69%67%61%6D%69" dan="17,17,17,16" rate="2173.30,2183.30,2176.34,2164.54" sx="M,M,M,M"/><TAIKYOKU oya="0"/><INIT seed="0,0,0,4,3,82" ten="250,250,250,250" oya="0" hai0="56,36,11,42,85,14,120,16,77,8,103,66,109" hai1="99,84,47,50,83,125,72,116,57,4,118,105,102" hai2="52,39,114,29,87,90,73,22,31,127,55,34,100" hai3="70,94,65,68,132,54,98,28,130,33,26,46,64"/><T75/><D120/><U117/><E125/><V128/><F73/><W45/><G130/><T7/><D75/><U71/><E71/><V51/><F34/><W107/><G132/><T124/><D124/><U25/><E72/><V12/><F39/><W123/><G123/><T76/><D109/><U101/><E101/><V86/><F127/><W78/><G78/><T49/><D36/><U18/><E57/><N who="2" m="32927" /><F114/><W112/><G112/><T121/><D103/><U88/><E4/><V3/><F3/><W129/><G129/><T35/><D35/><U81/><E81/><N who="2" m="49487" /><F100/><W134/><G134/><T59/><D121/><U67/><E67/><V5/><F128/><W13/><G65/><T48/><D66/><U61/><E61/><V113/><F113/><W79/><G64/><T23/><D77/><U119/><E119/><V108/><F108/><W80/><G79/><T43/><D49/><U30/><E18/><N who="2" m="10567" /><F5/><W6/><G6/><T74/><D74/><U89/><E89/><V20/><F20/><W27/><G33/><T92/><D76/><U97/><E102/><V60/><F87/><W2/><G107/><T38/><D38/><U41/><REACH who="1" step="1"/><E105/><REACH who="1" ten="250,240,250,250" step="2"/><V111/><F111/><W15/><G70/><T40/><D48/><U126/><E126/><V63/><F63/><W122/><G68/><T115/><D115/><U93/><E93/><V32/><F32/><AGARI ba="0,1" hai="25,30,32,41,47,50,83,84,88,97,99,116,117,118" machi="32" ten="40,5200,0" yaku="1,1,52,1,54,1,53,0" doraHai="82" doraHaiUra="62" who="1" fromWho="2" sc="250,0,240,62,250,-52,250,0" /><INIT seed="1,0,0,0,2,2" ten="250,302,198,250" oya="1" hai0="70,25,14,10,133,118,116,13,100,110,34,131,107" hai1="17,124,6,55,54,76,42,56,86,109,67,68,53" hai2="106,84,94,92,93,27,59,69,15,91,44,95,101" hai3="46,19,89,135,4,1,28,47,75,117,121,51,97"/><U103/><E68/><V32/><F69/><W65/><G121/><T113/><D113/><U130/><E42/><V37/><F27/><W23/><G75/><T7/><D70/><U45/><E103/><V39/><F32/><W58/><G135/><T83/><D83/><N who="1" m="47463" /><E124/><V63/><F44/><W30/><G117/><T129/><D100/><U22/><E130/><N who="0" m="49673" /><D107/><U104/><E104/><V29/><F29/><W52/><G46/><T8/><D133/><U90/><E45/><V96/><REACH who="2" step="1"/><F15/><REACH who="2" ten="250,302,188,250" step="2"/><W3/><G47/><T73/><D73/><U18/><E56/><V102/><F102/><W49/><G58/><T0/><D14/><U82/><E109/><V127/><F127/><W78/><G30/><N who="0" m="19791" /><D110/><U16/><E22/><V50/><F50/><W21/><G23/><T132/><D132/><U125/><E125/><V71/><F71/><W108/><G21/><T85/><D85/><U112/><E112/><V26/><F26/><W66/><G49/><T31/><D31/><U24/><E24/><V35/><F35/><W36/><G51/><T48/><D48/><U115/><E115/><V20/><F20/><W111/><G28/><T87/><D87/><U81/><E90/><V9/><F9/><W99/><G89/><T64/><D10/><U33/><E33/><V77/><F77/><W105/><G78/><T123/><D13/><U72/><E72/><V74/><F74/><W126/><G126/><T79/><D79/><U57/><E57/><V80/><F80/><W62/><G111/><T119/><D123/><U12/><E82/><V134/><F134/><W38/><G108/><RYUUKYOKU ba="0,1" sc="250,15,302,-15,188,15,250,-15" hai0="0,7,8,64,116,118,119" hai2="37,39,59,63,84,91,92,93,94,95,96,101,106" /><INIT seed="2,1,1,3,2,29" ten="265,287,203,235" oya="2" hai0="14,18,122,100,35,10,46,56,96,94,87,49,43" hai1="95,74,99,12,135,32,90,68,44,5,114,128,19" hai2="16,27,50,106,22,85,47,15,131,34,119,79,97" hai3="24,7,116,133,82,83,11,73,9,93,107,61,53"/><V121/><F121/><W86/><G107/><T117/><D122/><U36/><E68/><V60/><F119/><W45/><G116/><T108/><D117/><U17/><E74/><V78/><F131/><W84/><G133/><T92/><D108/><U42/><E114/><V25/><F60/><W80/><G73/><T77/><D35/><U1/><E1/><V110/><F110/><W123/><G123/><T3/><D3/><U98/><E32/><V57/><F57/><W20/><G93/><T69/><D69/><U30/><E30/><V33/><F33/><W63/><G63/><T13/><D13/><U112/><E112/><V81/><F79/><W51/><G61/><T62/><D77/><U113/><E135/><V4/><F34/><W88/><G7/><T134/><D134/><U101/><E128/><V91/><F4/><W37/><G37/><T70/><D70/><U130/><E130/><V31/><F31/><N who="3" m="17799" /><G80/><T129/><D129/><U41/><E113/><V59/><F59/><W38/><G38/><T58/><D62/><U105/><E36/><V124/><F124/><W120/><G120/><T8/><D94/><N who="1" m="56663" /><E44/><V76/><F76/><AGARI ba="1,1" hai="9,11,45,51,53,76,82,83,84,86,88" m="17799" machi="76" ten="30,2000,0" yaku="8,1,54,1" doraHai="29" who="3" fromWho="2" sc="265,0,287,0,203,-23,235,33" /><INIT seed="3,0,0,5,0,85" ten="265,287,180,268" oya="3" hai0="25,38,0,77,117,73,111,1,41,84,27,107,43" hai1="17,88,34,91,101,128,99,35,68,121,16,3,59" hai2="21,47,75,108,102,76,112,126,26,134,115,104,114" hai3="80,65,56,32,22,81,113,120,97,109,70,31,52"/><W13/><G113/><T45/><D117/><U23/><E68/><V118/><F47/><W105/><G120/><T40/><D107/><U46/><E3/><V92/><F26/><W93/><G105/><T78/><D111/><U5/><E5/><V33/><F21/><W64/><G32/><T11/><D73/><U42/><E121/><V62/><F62/><W39/><G39/><T129/><D129/><U122/><E128/><V4/><F4/><W89/><G109/><T29/><D38/><U124/><E124/><V87/><F33/><W79/><G70/><T19/><D45/><U37/><E35/><V61/><F61/><W127/><G127/><T100/><D100/><U98/><E34/><V63/><F63/><N who="3" m="36231" /><G79/><T86/><D1/><U123/><E123/><V48/><F48/><W53/><G53/><T2/><D2/><U66/><E122/><V132/><F126/><W119/><G119/><T110/><D110/><U8/><E66/><N who="3" m="25706" /><G31/><T14/><D0/><U130/><E130/><V106/><F118/><W94/><G94/><T51/><D51/><N who="1" m="27095" /><E59/><V116/><F116/><W83/><G83/><N who="0" m="47215" /><D29/><U131/><E37/><V55/><F108/><W50/><G50/><T58/><D58/><U10/><E131/><V67/><F67/><W36/><G36/><T69/><D69/><U24/><E101/><V125/><F125/><W30/><G30/><T133/><D43/><U71/><E71/><V103/><F55/><W49/><G49/><T60/><D41/><U44/><E44/><V6/><F103/><W74/><G74/><T95/><D40/><U18/><E10/><RYUUKYOKU ba="0,0" sc="265,-10,287,-10,180,-10,268,30" hai3="13,22,80,81,89,93,97" /><INIT seed="3,1,0,4,1,18" ten="255,277,170,298" oya="3" hai0="27,46,119,26,8,135,89,20,4,23,107,24,10" hai1="106,133,3,128,126,69,55,98,85,82,16,42,52" hai2="108,66,124,59,117,73,28,36,0,76,5,38,77" hai3="99,111,127,1,33,48,62,50,109,91,30,67,93"/><W100/><G1/><T31/><D107/><U6/><E69/><V116/><F59/><W64/><G64/><T54/><D119/><U81/><E42/><V2/><F66/><W70/><G127/><T71/><D71/><U14/><E126/><V125/><F28/><W51/><G91/><T21/><D135/><U65/><E65/><V94/><F94/><W45/><G33/><T40/><D31/><U68/><E68/><V101/><F101/><W78/><G78/><T121/><D121/><U74/><E6/><V115/><F5/><W80/><G80/><T112/><D112/><U56/><E3/><V60/><F60/><W11/><G11/><T7/><D7/><U134/><E74/><V122/><F73/><W113/><G113/><T22/><D4/><U43/><E43/><V17/><F17/><W39/><G30/><T13/><D89/><U58/><E98/><V97/><F97/><W25/><G25/><T86/><D86/><U95/><E106/><V47/><F47/><W105/><G105/><T114/><D54/><N who="1" m="20523" /><E95/><V110/><REACH who="2" step="1"/><F115/><REACH who="2" ten="255,277,160,298" step="2"/><W75/><G75/><T35/><D114/><U32/><E58/><V63/><F63/><W12/><G45/><T34/><D46/><U37/><E56/><V61/><F61/><W57/><G57/><T84/><D40/><U41/><E41/><V19/><F19/><W87/><G99/><T131/><D84/><U79/><E85/><V44/><F44/><W123/><G87/><T102/><D102/><U88/><E16/><V118/><F118/><W90/><G100/><T29/><D29/><U72/><E72/><RYUUKYOKU ba="1,1" sc="255,-10,277,-10,160,30,298,-10" hai2="0,2,36,38,76,77,108,110,116,117,122,124,125" /><INIT seed="4,2,1,0,0,2" ten="245,267,190,288" oya="0" hai0="3,109,56,88,8,106,125,103,48,122,4,24,60" hai1="35,34,95,124,98,110,116,18,78,81,115,121,59" hai2="128,47,71,105,97,92,74,33,67,66,55,111,86" hai3="58,65,10,16,132,90,104,76,0,6,12,129,39"/><T23/><D122/><U50/><E110/><V112/><F111/><W87/><G104/><T123/><D109/><U64/><E116/><V70/><F33/><W96/><G39/><T38/><D38/><U44/><E121/><V72/><F86/><W15/><G132/><T120/><D125/><U26/><E124/><V108/><F108/><W73/><G129/><T85/><D48/><U91/><E115/><V41/><F105/><W117/><G117/><T7/><D7/><U53/><E18/><V77/><F55/><W75/><G0/><T63/><D63/><U82/><E26/><V62/><F77/><W93/><G65/><T130/><D130/><U27/><E27/><V37/><F112/><W94/><G58/><T28/><D103/><U49/><E82/><V133/><F133/><W68/><G68/><T118/><D106/><U42/><E64/><V113/><F113/><W9/><REACH who="3" step="1"/><G76/><REACH who="3" ten="245,267,190,278" step="2"/><T25/><D118/><U5/><E78/><V1/><F1/><W43/><G43/><T114/><D114/><U17/><E42/><V54/><F128/><W36/><G36/><T40/><D40/><U69/><E59/><V51/><F67/><W89/><AGARI ba="2,2" hai="6,9,10,12,15,16,73,75,87,89,90,93,94,96" machi="89" ten="20,12000,2" yaku="1,1,0,1,7,1,52,1,54,1,53,2" doraHai="2" doraHaiUra="11" who="3" fromWho="3" sc="245,-62,267,-32,190,-32,278,146" /><INIT seed="5,0,0,2,5,122" ten="183,235,158,424" oya="1" hai0="16,42,33,90,105,127,58,97,113,2,87,89,31" hai1="3,126,100,30,95,32,47,37,115,15,120,25,52" hai2="116,24,128,54,94,85,27,26,124,48,104,77,17" hai3="98,29,18,133,23,108,43,12,40,130,19,129,109"/><U75/><E3/><V118/><F104/><W62/><G29/><T22/><D2/><U91/><E75/><V20/><F124/><W117/><G133/><T9/><D127/><U59/><E100/><V121/><F121/><W49/><G117/><T72/><D72/><U57/><E126/><V13/><F128/><N who="3" m="49259" /><G62/><T114/><D9/><U45/><E59/><V71/><F71/><W107/><G107/><T46/><D58/><U69/><E37/><V53/><F53/><W125/><G98/><T7/><D7/><U106/><E106/><V10/><F118/><W39/><G39/><T41/><D31/><U92/><E92/><V80/><F116/><W134/><G134/><T4/><D4/><U0/><E0/><V96/><F10/><N who="3" m="6423" /><G125/><T88/><D33/><U131/><E69/><V73/><F73/><W1/><G1/><T81/><D97/><U6/><E120/><V36/><F36/><W99/><G99/><T78/><D105/><U103/><E103/><V14/><F14/><N who="3" m="9719" /><G49/><T86/><D86/><N who="1" m="52727" /><E131/><V135/><F135/><W82/><G82/><T51/><REACH who="0" step="1"/><D42/><AGARI ba="0,0" hai="40,42,43,108,109" m="9719,6423,49259" machi="42" ten="30,3900,0" yaku="19,1,52,2" doraHai="122" who="3" fromWho="0" sc="183,-39,235,0,158,0,424,39" /><INIT seed="6,0,0,2,0,90" ten="144,235,158,463" oya="2" hai0="99,64,47,54,66,60,12,78,69,59,43,108,70" hai1="75,48,110,113,87,120,123,134,92,89,131,80,88" hai2="125,63,0,129,58,26,18,128,55,83,23,6,42" hai3="1,84,19,119,94,85,98,31,112,93,61,29,50"/><V117/><F117/><W67/><G119/><T8/><D78/><N who="1" m="44127" /><E110/><V62/><F42/><W121/><G121/><N who="1" m="46666" /><E113/><V57/><F83/><W101/><G1/><T24/><D24/><U76/><E134/><V114/><F114/><W91/><G112/><T27/><D27/><U33/><E33/><V135/><F135/><W124/><G124/><T21/><D21/><U32/><E32/><V81/><F81/><W22/><G84/><T111/><D99/><U130/><E76/><V72/><F72/><W9/><G9/><T15/><D15/><U30/><E30/><V68/><F68/><N who="0" m="26218" /><D12/><U2/><E2/><V106/><F106/><W20/><G50/><N who="0" m="27007" /><D8/><U103/><E103/><V86/><F125/><W5/><G5/><T3/><D3/><U118/><E89/><V102/><F102/><W40/><G22/><T25/><D25/><U10/><E10/><N who="2" m="2375" /><F86/><W41/><G31/><T44/><D111/><U132/><E118/><V38/><F38/><W74/><G29/><T96/><D96/><U14/><E132/><V53/><F53/><W34/><G34/><T17/><D17/><U11/><E48/><V107/><F107/><W82/><G74/><T35/><D35/><U46/><E46/><V39/><F39/><W28/><G28/><T51/><D108/><U127/><E127/><V71/><F71/><W49/><G49/><T104/><D104/><U105/><E105/><V56/><F55/><AGARI ba="0,0" hai="44,51,54,55,59,60,64,66" m="27007,26218" machi="55" ten="30,8000,1" yaku="35,5" doraHai="90" who="0" fromWho="2" sc="144,80,235,0,158,-80,463,0" /><INIT seed="7,0,0,0,3,52" ten="224,235,78,463" oya="3" hai0="79,88,71,56,47,66,98,93,111,112,92,19,83" hai1="28,113,30,85,2,3,22,102,124,57,119,121,65" hai2="12,96,67,131,110,132,61,18,108,13,17,16,87" hai3="118,129,116,36,58,21,107,32,76,43,41,117,80"/><W95/><G107/><T6/><D111/><U125/><E121/><V62/><F131/><W35/><G129/><T91/><D71/><U68/><E68/><V31/><F132/><W126/><G126/><N who="1" m="48746" /><E113/><V50/><F31/><N who="1" m="11817" /><E119/><V100/><F50/><W106/><G106/><T75/><D112/><U33/><E33/><V11/><F87/><W39/><G21/><T48/><D6/><U7/><E7/><V104/><F62/><W81/><G95/><T115/><D115/><U130/><E130/><V128/><F128/><W105/><G105/><T53/><D19/><U1/><E102/><V90/><F90/><W133/><G118/><T120/><D120/><U70/><E70/><V73/><F73/><W109/><G76/><T8/><D8/><U40/><E40/><V74/><F74/><W89/><G89/><T25/><D25/><U82/><E22/><V34/><F18/><W103/><G103/><T123/><D123/><U27/><E27/><V55/><F55/><W26/><G26/><T69/><D69/><U122/><E122/><V4/><F4/><W64/><G109/><T135/><D135/><U29/><E29/><V23/><REACH who="2" step="1"/><F34/><REACH who="2" ten="224,235,68,463" step="2"/><W0/><G133/><T86/><D75/><U60/><E2/><V127/><F127/><W97/><G0/><T46/><D91/><AGARI ba="0,1" hai="1,3,57,60,65,82,85,91" m="11817,48746" machi="91" ten="30,2000,0" yaku="18,1,52,1" doraHai="52" who="1" fromWho="0" sc="224,-20,235,30,68,0,463,0" owari="204,-20.0,265,7.0,68,-43.0,463,56.0" /></mjloggm>