<mjloggm ver="2.3"><GO type="169" lobby="0"/><UN n0="%E3%83%9E%E3%83%A1%E3%83%9D%E3%82%B3" n1="%E3%83%88%E3%83%88%E3%83%AA%E5%85%88%E7%94%9F%31%39%E6%AD%B3" n2="%E3%81%82%E3%81%8A%E3%81%8D%E3%82%93%E3%81%90" n3="%68%61%72%75%72%75%39%31" dan="16,18,16,17" rate="2058.95,2257.02,2092.47,2092.60" sx="M,F,M,M"/><TAIKYOKU oya="0"/><INIT seed="0,0,0,1,5,74" ten="250,250,250,250" oya="0" hai0="78,107,102,79,101,98,2,6,36,23,122,100,41" hai1="87,25,27,129,20,75,83,115,116,0,127,113,11" hai2="7,103,31,22,82,56,57,14,54,123,51,106,126" hai3="40,108,80,92,130,133,61,21,110,42,105,45,124"/><T97/><D122/><U9/><E116/><V81/><F126/><W30/><G105/><T131/><D36/><U89/><E127/><V55/><F123/><W84/><G124/><T77/><D41/><U71/><E71/><V37/><F37/><W49/><G130/><T5/><D2/><U10/><E129/><V119/><F119/><W28/><G133/><T1/><D1/><U48/><E0/><V18/><F7/><N who="0" m="2570" /><D107/><U13/><E75/><V53/><F53/><W34/><G34/><T109/><D131/><U8/><N who="1" m="2048" /><DORA hai="66" /><U88/><E48/><V17/><F31/><W134/><G42/><T114/><D114/><N who="1" m="43531" /><E89/><V132/><F132/><W32/><G134/><T44/><D44/><U46/><E46/><V99/><REACH who="2" step="1"/><F18/><AGARI ba="0,0" hai="13,18,20,25,27,83,87,88" m="43531,2048" machi="18" ten="50,3200,0" yaku="11,1,54,1" doraHai="74,66" who="1" fromWho="2" sc="250,0,250,32,250,-32,250,0" /><INIT seed="1,0,0,2,1,122" ten="250,282,218,250" oya="1" hai0="44,128,72,46,76,35,7,126,101,113,27,109,123" hai1="121,135,78,31,100,70,51,87,62,38,17,104,2" hai2="105,111,8,30,61,28,21,34,134,29,42,86,69" hai3="129,12,26,10,117,47,39,48,103,82,55,83,1"/><U49/><E121/><V131/><F131/><W79/><G1/><T133/><D123/><U91/><E38/><V24/><F134/><W4/><G129/><T93/><D128/><U119/><E119/><V81/><F105/><W20/><G39/><T108/><D113/><U116/><E116/><V3/><F42/><W106/><G117/><T68/><D68/><U84/><E2/><V23/><F34/><W66/><G66/><T124/><D7/><U75/><E135/><V5/><F23/><W9/><G9/><T64/><D64/><U92/><E31/><V71/><F71/><W32/><G32/><T0/><D0/><U125/><E125/><N who="0" m="48233" /><D133/><U33/><E33/><V45/><F45/><N who="0" m="17514" /><D72/><U120/><E120/><V74/><F74/><W88/><G79/><T114/><D76/><U98/><E84/><V127/><F127/><W132/><G132/><T59/><D59/><U57/><E17/><V60/><F69/><W43/><G43/><T115/><D93/><U25/><E25/><V118/><F118/><W73/><G73/><T15/><D101/><U89/><E89/><V97/><F24/><W36/><G36/><T54/><D15/><U110/><E70/><V96/><F3/><W94/><G103/><T99/><D99/><U63/><E75/><V11/><F96/><N who="3" m="57415" /><G106/><T56/><D27/><U95/><E104/><V41/><F97/><W13/><G13/><T40/><D40/><U90/><E100/><V77/><F41/><W14/><G14/><T6/><D6/><U67/><E98/><V80/><F5/><W107/><G107/><T112/><D35/><RYUUKYOKU ba="0,0" sc="250,15,282,-15,218,-15,250,15" hai0="54,56,108,109,112,114,115" hai3="4,10,12,20,26,47,48,55,82,83" /><INIT seed="2,1,0,5,1,126" ten="265,267,203,265" oya="2" hai0="65,91,40,22,73,129,98,127,66,77,34,69,26" hai1="31,53,102,4,110,134,82,111,133,103,62,24,96" hai2="16,87,101,51,83,117,20,1,131,3,81,36,14" hai3="130,29,61,122,90,25,11,109,27,21,95,79,124"/><V47/><F131/><W80/><G122/><T13/><D129/><U112/><E112/><V50/><F117/><W9/><G130/><T54/><D69/><U49/><E4/><V123/><F123/><W107/><G107/><T55/><D40/><U93/><E62/><V68/><F68/><W37/><G37/><T86/><D98/><U46/><E82/><V60/><F36/><W63/><G109/><T94/><D34/><U7/><E7/><V28/><F60/><W114/><G114/><T18/><D127/><U38/><E103/><V100/><F51/><W33/><G124/><T75/><D26/><U74/><E74/><V12/><F83/><W92/><G95/><T89/><D75/><U108/><REACH who="1" step="1"/><E38/><REACH who="1" ten="265,257,203,265" step="2"/><V85/><F101/><W97/><G63/><T39/><D39/><U125/><E125/><V23/><F100/><W48/><G61/><T104/><D73/><U121/><E121/><V19/><F81/><W70/><G70/><T78/><D104/><U15/><E15/><V72/><F72/><W35/><G80/><T64/><REACH who="0" step="1"/><D91/><REACH who="0" ten="255,257,203,265" step="2"/><U6/><E6/><V30/><F3/><W56/><G90/><T113/><D113/><U2/><E2/><V71/><F1/><W76/><G76/><AGARI ba="1,2" hai="13,18,22,54,55,64,65,66,76,77,78,86,89,94" machi="76" ten="40,2600,0" yaku="1,1,8,1,53,0" doraHai="126" doraHaiUra="45" who="0" fromWho="3" sc="255,49,257,0,203,0,265,-29" /><INIT seed="3,0,0,0,4,1" ten="304,257,203,236" oya="3" hai0="86,47,43,5,66,124,134,8,17,65,128,77,11" hai1="54,45,37,108,32,133,23,99,15,98,121,26,6" hai2="44,88,110,25,39,51,115,122,68,3,60,123,105" hai3="33,117,55,83,35,106,56,93,132,126,95,111,76"/><W63/><G117/><T113/><D124/><U18/><E121/><V14/><F110/><W27/><G106/><T28/><D134/><U120/><E120/><V19/><F115/><W87/><G132/><T94/><D113/><U67/><E133/><V79/><F3/><W9/><G126/><T34/><D128/><U41/><E108/><V72/><F39/><W16/><G111/><T107/><D107/><U73/><E73/><V7/><F105/><W116/><G116/><T57/><D34/><U49/><E67/><V74/><F25/><W75/><G75/><T127/><D28/><U10/><REACH who="1" step="1"/><E32/><REACH who="1" ten="304,247,203,236" step="2"/><V4/><F74/><W58/><G35/><T13/><D127/><U80/><E80/><V53/><F72/><W24/><G33/><T30/><D66/><U89/><E89/><V81/><F88/><W102/><G102/><T62/><D77/><U71/><E71/><V84/><F123/><W64/><G95/><T48/><D94/><U90/><E90/><V131/><F122/><W38/><G93/><T40/><D86/><U91/><E91/><V85/><F85/><W36/><G36/><T2/><REACH who="0" step="1"/><D30/><REACH who="0" ten="294,247,203,236" step="2"/><U101/><E101/><V46/><F84/><W0/><G87/><T129/><D129/><U59/><AGARI ba="0,2" hai="6,10,15,18,23,26,37,41,45,49,54,59,98,99" machi="59" ten="20,5200,0" yaku="1,1,0,1,7,1,52,1,53,0" doraHai="1" doraHaiUra="130" who="1" fromWho="1" sc="294,-13,247,72,203,-13,236,-26" /><INIT seed="4,0,0,5,3,110" ten="281,319,190,210" oya="0" hai0="81,107,126,114,50,91,11,30,130,57,113,29,68" hai1="117,58,67,20,102,9,54,103,39,88,18,127,131" hai2="92,132,22,48,96,26,99,85,116,69,95,70,123" hai3="35,74,100,65,1,31,101,98,34,33,133,135,106"/><T47/><D68/><U93/><E117/><V118/><F132/><N who="3" m="50763" /><G74/><T28/><D107/><U62/><E39/><V66/><F123/><W108/><G108/><T43/><D130/><U120/><E131/><V2/><F2/><W14/><G1/><T63/><D126/><U83/><E120/><V122/><F122/><W60/><G14/><T125/><D125/><U21/><E127/><V3/><F3/><W16/><G16/><T25/><D11/><U111/><E83/><V84/><F22/><W79/><G79/><T8/><D8/><U12/><E111/><V6/><F26/><N who="3" m="18679" /><G101/><N who="1" m="38410" /><E67/><V105/><F66/><W73/><G73/><T24/><D81/><U4/><E4/><V52/><F6/><W7/><G7/><T59/><D91/><U10/><E21/><V124/><F124/><W61/><G61/><T119/><D119/><U40/><E40/><V75/><F75/><W15/><G15/><T45/><D63/><U17/><E17/><V36/><F116/><W5/><G5/><T44/><D43/><U76/><E76/><V56/><F118/><W64/><G64/><T41/><D41/><U72/><E72/><V38/><F38/><W94/><G94/><T80/><D80/><U0/><E0/><V71/><F95/><W97/><G97/><AGARI ba="0,0" hai="9,10,12,18,20,54,58,62,88,93,97" m="38410" machi="97" ten="30,2000,0" yaku="8,1,54,1" doraHai="110" who="1" fromWho="3" sc="281,0,319,20,190,0,210,-20" /><INIT seed="5,0,0,2,1,27" ten="281,339,190,190" oya="1" hai0="50,134,72,116,61,40,47,75,54,87,7,42,44" hai1="51,73,15,71,107,109,17,92,94,1,16,132,78" hai2="126,127,30,119,36,45,123,6,21,80,112,63,9" hai3="39,106,84,8,100,128,83,104,10,93,85,110,53"/><U33/><E1/><V68/><F119/><W55/><G39/><T60/><D116/><U89/><E107/><V26/><F123/><W37/><G37/><T3/><D134/><U102/><E71/><V90/><F112/><W38/><G38/><T103/><D103/><U46/><E132/><V131/><F131/><W76/><G110/><T114/><D114/><U48/><E33/><V43/><F68/><W111/><G111/><T96/><D96/><N who="1" m="59671" /><E73/><V22/><F63/><W19/><G128/><T124/><D3/><U66/><E109/><V81/><F22/><W77/><G100/><T59/><D72/><U108/><E108/><V65/><F65/><W88/><G19/><T133/><D75/><U69/><E69/><V82/><REACH who="2" step="1"/><F90/><REACH who="2" ten="281,339,180,190" step="2"/><N who="3" m="51487" /><G104/><T14/><D133/><U23/><E66/><V130/><F130/><W125/><G106/><T91/><D91/><U49/><E89/><V31/><F31/><W118/><G118/><T32/><D32/><U122/><E122/><V13/><AGARI ba="0,1" hai="6,9,13,21,26,30,36,43,45,80,81,82,126,127" machi="13" ten="30,7900,0" yaku="1,1,0,1,52,1,53,1" doraHai="27" doraHaiUra="24" who="2" fromWho="2" sc="281,-20,339,-39,180,89,190,-20" /><INIT seed="6,0,0,4,0,132" ten="261,300,269,170" oya="2" hai0="78,71,50,72,123,29,55,1,133,63,12,10,40" hai1="15,42,96,23,124,37,13,92,79,64,60,69,118" hai2="58,8,25,20,99,31,67,53,81,104,19,105,4" hai3="6,70,39,88,80,76,21,5,114,49,98,56,90"/><V62/><F99/><W122/><G39/><T117/><D123/><U48/><E118/><V87/><F67/><W127/><G70/><T18/><D117/><U47/><E124/><V83/><F31/><W66/><G122/><T54/><D133/><U84/><E23/><V85/><F85/><W26/><G114/><T32/><D1/><U22/><E22/><V103/><F103/><W97/><G66/><T45/><D71/><U112/><E112/><V108/><F108/><W131/><G131/><T120/><D120/><U121/><E121/><V28/><F28/><W30/><G56/><T38/><D63/><U52/><E84/><V135/><F135/><W33/><G49/><T101/><D101/><U82/><E82/><V44/><F44/><W119/><G119/><T59/><D55/><U110/><E79/><V34/><F34/><W111/><G111/><T95/><D95/><U51/><E51/><V113/><F113/><W115/><G115/><T41/><D41/><U0/><E0/><V77/><REACH who="2" step="1"/><F83/><REACH who="2" ten="261,300,259,170" step="2"/><W100/><G33/><T35/><REACH who="0" step="1"/><D29/><REACH who="0" ten="251,300,259,170" step="2"/><U43/><E110/><V11/><F11/><W16/><G30/><T2/><D2/><AGARI ba="0,2" hai="2,4,8,19,20,25,53,58,62,77,81,87,104,105" machi="2" ten="30,2900,0" yaku="1,1,7,1,53,0" doraHai="132" doraHaiUra="91" who="2" fromWho="0" sc="251,-29,300,0,259,49,170,0" /><INIT seed="6,1,0,1,5,9" ten="222,300,308,170" oya="2" hai0="64,112,17,0,134,46,93,106,43,126,65,40,105" hai1="122,75,113,63,95,128,103,37,44,54,94,80,120" hai2="125,121,6,19,45,89,69,5,29,102,13,114,7" hai3="107,25,78,2,72,14,22,98,118,55,131,51,47"/><V28/><F114/><W79/><G118/><T100/><D0/><U18/><E113/><V83/><F125/><W33/><G2/><T133/><D112/><U123/><E128/><V86/><F121/><W12/><G33/><T111/><D126/><U90/><E103/><V4/><F69/><W41/><G131/><T119/><D111/><U1/><E1/><V109/><F109/><W82/><G79/><T115/><D115/><U62/><E75/><V70/><F70/><W23/><G23/><T59/><D119/><U52/><E80/><V24/><F5/><W11/><G11/><T15/><D93/><N who="1" m="35339" /><E90/><V53/><F102/><W87/><G72/><T56/><D100/><U124/><E124/><V42/><F53/><N who="1" m="20585" /><E18/><V85/><F85/><W104/><G104/><T101/><D101/><U35/><E35/><V110/><F110/><W48/><G107/><T26/><D17/><U71/><E71/><V58/><F58/><N who="3" m="33127" /><G98/><T88/><D46/><U129/><E129/><V135/><F6/><W116/><G116/><T60/><D106/><U117/><E117/><V97/><F7/><W3/><G3/><T108/><D105/><U16/><E16/><AGARI ba="1,0" hai="12,14,16,22,25,41,47,51,78,82,87" m="33127" machi="16" ten="30,7700,0" yaku="8,1,52,2,54,1" doraHai="9" who="3" fromWho="1" sc="222,0,300,-80,308,0,170,80" /><INIT seed="7,0,0,1,2,24" ten="222,220,308,250" oya="3" hai0="13,12,46,91,92,5,43,37,102,126,69,94,47" hai1="111,36,89,25,108,16,133,118,88,62,128,72,50" hai2="98,76,59,119,15,26,23,51,19,78,66,85,116" hai3="122,27,67,83,104,109,101,127,55,31,105,29,112"/><W131/><G122/><T93/><D69/><U17/><E36/><V18/><F116/><W9/><G67/><T58/><D126/><U41/><E72/><V80/><F119/><W53/><G127/><T21/><D102/><U57/><E118/><V40/><F98/><W113/><G131/><T114/><D114/><N who="3" m="44137" /><G109/><T107/><D107/><N who="3" m="41033" /><G101/><T103/><D103/><U129/><E133/><V22/><F66/><W81/><G9/><T134/><D134/><U130/><E50/><V125/><F125/><W1/><G1/><T117/><D117/><U97/><E41/><V20/><F20/><N who="3" m="15591" /><G31/><T11/><D11/><U135/><E135/><V33/><F33/><W74/><G74/><T8/><D8/><U60/><E25/><V115/><F115/><W100/><G100/><T48/><D5/><U42/><E42/><V54/><F40/><W121/><G121/><T56/><D37/><U38/><E38/><V65/><F65/><W32/><G32/><T110/><D110/><N who="1" m="42027" /><E97/><V7/><F7/><W34/><G34/><T6/><D6/><U71/><E71/><V70/><F70/><W14/><G14/><T90/><D43/><U44/><E128/><V45/><F45/><N who="0" m="16906" /><D13/><U99/><E44/><V96/><F96/><W68/><G68/><T64/><D64/><U49/><E129/><V79/><AGARI ba="0,0" hai="15,18,19,22,23,26,51,54,59,76,78,79,80,85" machi="79" ten="20,2700,0" yaku="0,1,7,1,8,1" doraHai="24" who="2" fromWho="2" sc="222,-7,220,-7,308,27,250,-13" owari="215,-18.0,213,-29.0,335,43.0,237,4.0" /></mjloggm>