<mjloggm ver="2.3"><GO type="169" lobby="0"/><UN n0="%E3%81%AE%E3%81%82%E3%83%9E%E3%82%B9%E3%82%BF%E3%83%BC" n1="%E3%83%90%E3%83%90%E3%82%A2%E3%81%AE%E6%97%A5%E5%82%98" n2="%E3%81%8F%E3%82%8D%E3%81%AF%E3%81%A1" n3="%E3%83%88%E3%83%88%E3%83%AA%E5%85%88%E7%94%9F%31%39%E6%AD%B3" dan="16,16,17,18" rate="2089.10,2113.88,2198.82,2217.59" sx="M,F,M,F"/><TAIKYOKU oya="0"/><INIT seed="0,0,0,2,0,9" ten="250,250,250,250" oya="0" hai0="64,107,40,2,75,87,114,66,3,44,118,25,4" hai1="60,26,16,78,69,125,101,22,130,29,61,113,99" hai2="97,51,34,55,122,17,89,27,65,23,56,72,41" hai3="7,14,39,105,47,129,135,86,68,74,111,96,48"/><T35/><D118/><U0/><E125/><V90/><F122/><W30/><G74/><T12/><D75/><U71/><E130/><V95/><F72/><W52/><G68/><T102/><D114/><U121/><E121/><V104/><F104/><W133/><G129/><T93/><D107/><U123/><E123/><V5/><F5/><W117/><G117/><T91/><D102/><U28/><E0/><V58/><F34/><W8/><G111/><T81/><D3/><U42/><E78/><V124/><F124/><W134/><G39/><T82/><D2/><U63/><E113/><V128/><F128/><W73/><G73/><T31/><D82/><U46/><E69/><V100/><F41/><W24/><G86/><T1/><D1/><U36/><REACH who="1" step="1"/><E71/><REACH who="1" ten="250,240,250,250" step="2"/><V53/><REACH who="2" step="1"/><F65/><REACH who="2" ten="250,240,240,250" step="2"/><W13/><G134/><T115/><D64/><U11/><E11/><V119/><F119/><W43/><G135/><T77/><D66/><U18/><E18/><V37/><F37/><W103/><G133/><T15/><D115/><U76/><E76/><V67/><F67/><W112/><G112/><T54/><D77/><U83/><E83/><V109/><F109/><W70/><G70/><T33/><D81/><U20/><E20/><V80/><F80/><W32/><G8/><T59/><D35/><U98/><E98/><V106/><F106/><AGARI ba="0,2" hai="16,22,26,28,29,36,42,46,60,61,63,99,101,106" machi="106" ten="40,5200,0" yaku="1,1,54,1,53,1" doraHai="9" doraHaiUra="19" who="1" fromWho="2" sc="250,0,240,72,240,-52,250,0" /><INIT seed="1,0,0,4,2,88" ten="250,312,188,250" oya="1" hai0="2,115,57,81,134,128,85,38,28,21,3,46,123" hai1="33,110,0,41,6,69,114,122,36,64,108,77,32" hai2="75,107,109,111,119,14,76,8,9,31,19,70,47" hai3="59,29,132,79,12,131,99,48,30,39,53,86,52"/><U63/><E114/><V65/><F119/><W50/><G39/><T102/><D115/><U22/><E22/><V27/><F107/><W35/><G131/><T61/><D128/><U126/><E122/><V37/><F8/><W95/><G35/><T5/><D123/><U130/><E130/><V42/><F76/><W84/><G132/><T98/><D134/><U25/><E126/><V7/><F75/><W17/><G86/><T15/><D38/><U54/><E54/><V13/><F13/><W129/><G129/><T97/><D46/><N who="1" m="23847" /><E77/><V58/><F70/><W1/><G1/><T89/><D3/><U105/><E105/><V120/><F120/><W11/><G84/><T45/><D2/><U44/><E44/><V74/><F74/><W100/><G79/><T24/><D45/><AGARI ba="0,0" hai="11,12,17,29,30,45,48,50,52,53,59,95,99,100" machi="45" ten="30,7700,0" yaku="7,1,8,1,52,1,54,1" doraHai="88" who="3" fromWho="0" sc="250,-77,312,0,188,0,250,77" /><INIT seed="2,0,0,4,0,102" ten="173,312,188,327" oya="2" hai0="50,88,48,68,12,86,97,44,31,64,63,37,19" hai1="6,29,9,15,100,124,130,8,112,57,107,80,2" hai2="38,40,67,25,123,20,85,30,132,66,129,42,77" hai3="95,11,74,4,52,111,121,13,120,110,94,46,1"/><V61/><F123/><N who="3" m="47179" /><G74/><T21/><D31/><U125/><E112/><V76/><F129/><W16/><G46/><T87/><D87/><U22/><E130/><V69/><F132/><W60/><G60/><T36/><D97/><N who="1" m="61839" /><E57/><V75/><F67/><W23/><G52/><T62/><D62/><U128/><E80/><V105/><F75/><W24/><G94/><T3/><D3/><U71/><E71/><V89/><F105/><W5/><G95/><T117/><D117/><U28/><E22/><V114/><F114/><W135/><G135/><T51/><REACH who="0" step="1"/><D44/><REACH who="0" ten="163,312,188,327" step="2"/><U14/><E2/><V41/><REACH who="2" step="1"/><F38/><REACH who="2" ten="163,312,178,327" step="2"/><W82/><G82/><AGARI ba="0,2" hai="12,19,21,36,37,48,50,51,63,64,68,82,86,88" machi="82" ten="40,8000,1" yaku="1,1,2,1,54,1,53,1" doraHai="102" doraHaiUra="56" who="0" fromWho="3" sc="163,100,312,0,178,0,327,-80" /><AGARI ba="0,0" hai="20,25,30,40,41,42,61,66,69,76,77,82,85,89" machi="82" ten="40,7700,0" yaku="1,1,2,1,53,1" doraHai="102" doraHaiUra="56" who="2" fromWho="3" sc="263,0,312,0,178,77,247,-77" /><INIT seed="2,1,0,5,1,74" ten="263,312,255,170" oya="2" hai0="3,83,2,130,133,60,72,43,49,70,24,23,41" hai1="38,52,28,5,58,77,123,22,99,39,42,114,64" hai2="122,4,84,13,47,113,88,12,25,124,57,21,67" hai3="48,126,46,6,80,51,36,107,18,19,35,26,69"/><V108/><F113/><W82/><G69/><T27/><D130/><U121/><E64/><V102/><F122/><N who="1" m="46601" /><E5/><V73/><F124/><W34/><G126/><T127/><D127/><U71/><E71/><V81/><F108/><W129/><G129/><T16/><D133/><U132/><E114/><V119/><F119/><W40/><G107/><T112/><D112/><U62/><E132/><V92/><F4/><W116/><G116/><T100/><D100/><U50/><E99/><N who="2" m="59751" /><F73/><W10/><G36/><T86/><D72/><U79/><E62/><N who="2" m="38351" /><F47/><W44/><G35/><T90/><D27/><N who="1" m="16503" /><E38/><V128/><F128/><W105/><G105/><T134/><D134/><U110/><E110/><V61/><F61/><W11/><G34/><T20/><D70/><U54/><E54/><V8/><F8/><W117/><G117/><T1/><D60/><U75/><E75/><V55/><F55/><W32/><G32/><T56/><D23/><U37/><E37/><V106/><F106/><W115/><G115/><T63/><REACH who="0" step="1"/><D49/><REACH who="0" ten="253,312,255,170" step="2"/><N who="1" m="30991" /><E39/><V89/><F25/><W94/><G26/><T30/><D30/><U7/><E7/><V118/><F118/><W87/><G6/><T65/><AGARI ba="1,1" hai="1,2,3,16,20,24,41,43,56,63,65,83,86,90" machi="65" ten="30,4000,0" yaku="1,1,0,1,54,1,53,0" doraHai="74" doraHaiUra="104" who="0" fromWho="0" sc="253,53,312,-11,255,-21,170,-11" /><INIT seed="3,0,0,3,2,54" ten="306,301,234,159" oya="3" hai0="135,91,69,40,64,42,56,114,33,71,26,70,115" hai1="34,39,89,93,90,68,132,16,98,62,111,124,21" hai2="121,102,13,47,15,107,65,20,130,2,131,43,76" hai3="60,129,85,108,100,78,81,83,72,55,84,75,14"/><W6/><G129/><N who="2" m="49161" /><F2/><W125/><G125/><T118/><D118/><U66/><E34/><V112/><F112/><N who="0" m="43050" /><D135/><U30/><E132/><V99/><F121/><W1/><G1/><T119/><D119/><U113/><E113/><V134/><F134/><W73/><G108/><T123/><D123/><U104/><E111/><V27/><F76/><W37/><G37/><T23/><D33/><U106/><E30/><N who="2" m="17767" /><F65/><W50/><G60/><N who="0" m="37895" /><D91/><U9/><E9/><V133/><F133/><W96/><G14/><T38/><D38/><AGARI ba="0,0" hai="13,15,38,43,47,99,102,107" m="17767,49161" machi="38" ten="30,1000,0" yaku="19,1" doraHai="54" who="2" fromWho="0" sc="306,-10,301,0,234,10,159,0" /><INIT seed="4,0,0,4,1,91" ten="296,301,244,159" oya="0" hai0="42,49,67,131,109,69,110,3,16,81,45,61,97" hai1="32,129,55,25,102,62,48,108,14,77,101,46,10" hai2="112,51,21,56,76,130,19,127,4,111,22,28,17" hai3="119,113,95,74,126,107,117,58,121,86,87,71,40"/><T98/><D3/><U79/><E108/><N who="0" m="41577" /><D131/><U96/><E129/><V20/><F111/><W83/><G71/><T52/><D81/><U134/><E134/><V38/><F38/><W73/><G40/><T103/><D103/><U23/><E32/><V93/><F130/><W1/><G58/><N who="0" m="33039" /><D16/><N who="2" m="6218" /><F112/><W72/><G1/><T116/><D116/><N who="3" m="44617" /><G126/><T59/><D59/><U33/><E102/><V120/><F127/><W47/><G113/><T122/><D122/><U100/><E101/><V30/><F120/><W7/><G7/><T125/><D125/><U114/><E100/><V66/><F4/><W92/><G121/><T124/><D124/><U37/><E114/><V15/><F15/><W29/><G29/><N who="2" m="11369" /><F76/><N who="3" m="46439" /><G107/><T41/><D41/><U36/><E14/><V26/><F26/><W88/><G47/><T82/><D82/><AGARI ba="0,0" hai="72,73,74,82,87,88,92,95" m="46439,44617" machi="82" ten="40,8000,1" yaku="34,2,52,2,54,1" doraHai="91" who="3" fromWho="0" sc="296,-80,301,0,244,0,159,80" /><INIT seed="5,0,0,4,4,90" ten="216,301,244,239" oya="1" hai0="81,123,5,86,14,11,58,119,88,105,104,61,0" hai1="98,125,107,12,66,76,59,117,77,101,87,3,20" hai2="44,43,78,75,134,53,71,48,41,45,17,65,100" hai3="23,133,26,120,74,94,16,110,67,47,36,13,29"/><U102/><E3/><V15/><F134/><W135/><G110/><T126/><D119/><U1/><E1/><V42/><F75/><W122/><G74/><T130/><D123/><N who="3" m="47145" /><G47/><T31/><D126/><U112/><E117/><V79/><F44/><W62/><G94/><T51/><D130/><U80/><E125/><V109/><F109/><W19/><G36/><T124/><D124/><U9/><E112/><V46/><F46/><W57/><G57/><T103/><D51/><U50/><E20/><V34/><F34/><N who="3" m="20791" /><G62/><T121/><D121/><U6/><E101/><V95/><F65/><W129/><G67/><T2/><D31/><U40/><E40/><V114/><F114/><W10/><G129/><T84/><D84/><U39/><E39/><V91/><F100/><W52/><G52/><T24/><D24/><AGARI ba="0,0" hai="10,13,16,19,23,24,133,135" m="20791,47145" machi="24" ten="30,3900,0" yaku="34,2,54,1" doraHai="90" who="3" fromWho="0" sc="216,-39,301,0,244,0,239,39" /><INIT seed="6,0,0,2,1,106" ten="177,301,244,278" oya="2" hai0="59,134,127,107,116,13,98,69,64,30,44,1,133" hai1="58,31,6,117,67,118,129,112,24,35,22,42,95" hai2="79,105,135,77,61,68,47,65,102,19,113,80,123" hai3="75,16,115,4,5,103,104,72,110,90,36,100,11"/><V28/><F123/><W7/><G110/><T17/><D1/><U18/><E42/><V126/><F113/><W86/><G36/><T12/><D69/><U92/><E92/><V121/><F121/><W62/><G115/><T99/><D116/><U130/><E6/><V83/><F126/><W78/><G62/><T0/><D0/><U32/><E112/><V43/><F135/><N who="0" m="51722" /><D127/><U70/><E70/><V56/><F28/><W25/><G78/><T94/><D30/><U93/><E93/><V74/><F68/><W119/><G119/><N who="1" m="45578" /><E95/><V73/><F19/><W55/><G55/><T8/><D44/><U111/><E111/><V109/><F109/><W66/><G66/><T85/><D13/><U27/><E27/><V10/><F10/><W101/><G104/><T21/><D8/><U34/><E31/><V124/><F124/><W40/><G40/><T88/><D107/><U45/><E45/><V132/><F132/><W29/><G11/><T46/><D46/><U125/><E125/><V71/><F71/><W15/><G15/><T9/><D9/><U38/><E38/><V76/><F43/><W39/><G39/><T114/><D114/><U120/><E120/><V84/><F47/><W41/><G41/><T50/><D64/><U51/><E67/><V122/><F122/><W91/><G16/><T89/><D89/><U23/><E23/><V60/><F105/><W3/><G90/><T96/><D96/><U14/><E14/><V97/><F65/><W128/><G3/><T57/><D57/><U82/><E58/><V20/><F56/><W26/><G29/><RYUUKYOKU ba="0,0" sc="177,30,301,-10,244,-10,278,-10" hai0="12,17,21,50,59,85,88,94,98,99" /><INIT seed="7,1,0,4,4,7" ten="207,291,234,268" oya="3" hai0="76,132,32,68,104,124,52,100,115,110,64,59,2" hai1="126,37,1,118,38,94,25,16,109,128,69,27,71" hai2="121,112,56,47,129,75,108,23,127,101,46,117,66" hai3="17,73,62,33,14,103,29,114,96,72,116,130,28"/><W86/><G116/><T81/><D110/><U30/><E109/><V54/><F108/><W133/><G114/><T4/><D115/><U105/><E105/><V97/><F112/><W79/><G130/><T45/><D32/><U12/><E1/><V36/><F117/><W24/><G133/><T44/><D132/><U0/><E0/><V49/><F75/><W60/><G86/><T21/><D124/><U123/><E123/><V55/><F129/><W90/><G90/><T43/><D68/><U11/><E71/><V8/><F127/><W102/><G29/><T51/><D64/><U111/><E69/><V107/><F121/><W70/><G103/><T77/><D21/><U31/><E38/><V93/><F107/><W91/><G91/><T87/><D77/><U134/><E37/><V3/><F66/><W120/><G120/><T95/><D104/><U119/><E126/><V10/><F3/><W5/><G5/><T85/><D44/><N who="2" m="16938" /><F36/><W122/><G122/><T67/><D67/><U92/><E111/><V58/><F23/><N who="3" m="11703" /><G70/><T74/><D100/><U22/><E128/><V84/><F84/><W26/><G73/><T50/><REACH who="0" step="1"/><D95/><REACH who="0" ten="197,291,234,268" step="2"/><N who="1" m="36395" /><E134/><V113/><F113/><W131/><G131/><T34/><D34/><N who="1" m="20815" /><E119/><V39/><F39/><W106/><G79/><T89/><D89/><U19/><E118/><V41/><F41/><W6/><G33/><T65/><D65/><U80/><E80/><V125/><F125/><W53/><G106/><T78/><D78/><U9/><E31/><V99/><F97/><W83/><G96/><T18/><D18/><U135/><E135/><RYUUKYOKU ba="1,1" sc="197,10,291,10,234,10,268,-30" hai0="2,4,43,45,50,51,52,59,74,76,81,85,87" hai1="9,11,12,16,19,22,27" hai2="8,10,49,54,55,56,58,93,99,101" owari="207,-29.0,311,41.0,244,4.0,238,-16.0" /></mjloggm>