<mjloggm ver="2.3"><GO type="225" lobby="0"/><UN n0="%E3%83%AD%E3%83%9C%E3%82%B3%E3%83%97" n1="%43%69%6E%65%63%75%73%73" n2="%E3%82%A6%E3%83%AB%E3%83%88%E3%83%A9%E7%AB%8B%E7%9B%B4" n3="%E3%82%B3%E3%83%BC%E3%83%B3%E3%83%9D%E3%82%BF%E3%83%BC%E3%82%B8%E3%83%A5" dan="16,17,17,16" rate="2052.30,2144.81,2167.43,2104.65" sx="M,M,M,M"/><TAIKYOKU oya="0"/><INIT seed="0,0,0,4,2,62" ten="250,250,250,250" oya="0" hai0="90,78,45,72,38,33,40,73,59,68,111,60,5" hai1="31,101,25,82,119,74,16,120,66,11,96,130,128" hai2="3,81,32,129,127,107,13,131,57,10,108,61,106" hai3="91,8,87,92,114,37,110,14,7,132,124,109,94"/><T79/><D33/><U17/><E119/><V9/><F32/><W117/><G117/><T58/><D68/><U89/><E120/><V134/><F3/><W30/><G114/><T63/><D5/><U69/><E89/><V84/><F108/><N who="3" m="41579" /><G37/><T123/><D123/><U122/><E122/><V98/><F134/><W121/><G121/><T71/><D71/><U6/><E82/><V4/><F10/><W12/><G132/><T34/><D34/><N who="1" m="20847" /><E74/><V27/><F27/><W49/><G124/><T15/><D111/><U53/><E53/><V133/><F133/><W35/><G49/><T39/><D15/><N who="1" m="5623" /><E128/><N who="2" m="49227" /><F98/><W67/><G67/><T80/><D90/><U126/><E126/><V97/><F97/><W46/><G46/><T93/><D93/><U56/><E56/><V64/><F127/><W55/><G55/><T52/><D45/><U77/><E77/><AGARI ba="0,0" hai="4,9,13,57,61,64,77,81,84,106,107" m="49227" machi="77" ten="30,2000,0" yaku="19,1,52,1" doraHai="62" who="2" fromWho="1" sc="250,0,250,-20,250,20,250,0" /><INIT seed="1,0,0,1,3,8" ten="250,230,270,250" oya="1" hai0="86,70,118,53,93,80,132,0,11,36,31,52,5" hai1="35,59,55,20,127,19,76,120,126,109,128,3,68" hai2="114,105,21,98,50,73,102,84,14,28,58,51,113" hai3="135,48,104,108,115,130,10,40,106,9,123,2,94"/><U27/><E68/><V26/><F73/><W25/><G115/><N who="2" m="44041" /><F58/><W81/><G123/><T71/><D118/><U116/><E116/><V74/><F74/><W1/><G108/><T112/><D112/><U49/><E120/><V134/><F134/><W23/><G135/><T83/><D36/><U18/><E109/><V89/><F14/><W121/><G121/><T67/><D132/><U133/><E133/><V17/><F28/><W32/><G32/><T100/><D31/><U125/><E3/><V45/><F45/><W87/><G94/><AGARI ba="0,0" hai="17,21,26,50,51,84,89,94,98,102,105" m="44041" machi="94" ten="30,1000,0" yaku="11,1" doraHai="8" who="2" fromWho="3" sc="250,0,230,0,270,10,250,-10" /><INIT seed="2,0,0,2,2,85" ten="250,230,280,240" oya="2" hai0="107,112,10,45,54,94,19,41,11,98,102,121,117" hai1="100,1,74,109,47,90,126,111,23,14,4,50,55" hai2="2,27,70,71,89,104,66,22,59,15,36,72,18" hai3="13,16,128,34,82,29,81,37,123,68,96,40,53"/><V105/><F2/><W5/><G68/><T125/><D121/><U114/><E74/><V35/><F36/><W84/><G123/><T51/><D112/><U93/><E114/><V119/><F72/><W48/><G128/><T75/><D75/><U26/><E1/><V20/><F35/><W78/><G5/><T42/><D117/><U64/><E100/><V130/><F119/><W9/><G96/><T99/><D125/><U7/><E126/><V6/><F105/><W134/><G134/><T116/><D116/><U103/><E64/><V56/><F104/><W129/><G129/><T3/><D3/><U69/><E103/><V131/><F71/><W30/><G34/><T86/><D86/><N who="1" m="52439" /><E14/><V24/><F70/><W73/><G40/><T49/><D19/><N who="1" m="12671" /><E69/><V28/><F66/><W38/><G38/><T95/><D107/><U124/><E124/><V122/><F122/><W132/><G37/><T135/><D135/><U76/><E76/><V92/><F131/><W133/><G133/><T101/><REACH who="0" step="1"/><D42/><REACH who="0" ten="240,230,280,240" step="2"/><U8/><E4/><V67/><F130/><W25/><G132/><T87/><D87/><U110/><E7/><V31/><F6/><W88/><REACH who="3" step="1"/><G25/><REACH who="3" ten="240,230,280,230" step="2"/><T79/><D79/><U43/><E43/><V115/><F115/><W108/><G108/><T61/><D61/><U33/><E111/><V65/><F27/><W46/><AGARI ba="0,2" hai="9,13,16,29,30,46,48,53,73,78,81,82,84,88" machi="46" ten="20,16000,3" yaku="1,1,0,1,7,1,25,2,52,1,54,2,53,1" doraHai="85" doraHaiUra="106" who="3" fromWho="3" sc="240,-40,230,-40,280,-80,230,180" /><INIT seed="3,0,0,2,0,25" ten="200,190,200,410" oya="3" hai0="122,124,28,39,64,12,21,96,92,54,108,45,71" hai1="65,107,132,31,93,63,102,82,24,69,38,7,126" hai2="52,22,17,121,4,118,6,15,58,127,61,120,55" hai3="43,105,60,26,125,109,129,37,40,77,2,19,49"/><W119/><G37/><T101/><D122/><N who="2" m="47210" /><F127/><W13/><G2/><T78/><D124/><U32/><E126/><V11/><F118/><W90/><G125/><T18/><D78/><U14/><E132/><V79/><F79/><W89/><G119/><T23/><D108/><U86/><E38/><V98/><F98/><W100/><G109/><T67/><D71/><U34/><E34/><V47/><F47/><W97/><G129/><T84/><D84/><U41/><E41/><V130/><F130/><W33/><G77/><T99/><D99/><N who="1" m="61919" /><E93/><V123/><N who="2" m="47218" /><V1/><DORA hai="106" /><F6/><W8/><G60/><T66/><D39/><U104/><E104/><V85/><F85/><W44/><REACH who="3" step="1"/><G43/><REACH who="3" ten="200,190,200,400" step="2"/><T87/><D66/><AGARI ba="0,1" hai="1,4,11,15,17,22,52,55,58,61,66" m="47218" machi="66" ten="40,2600,0" yaku="13,1,54,1" doraHai="25,106" who="2" fromWho="0" sc="200,-26,190,0,200,36,400,0" owari="174,-33.0,190,-21.0,236,4.0,400,50.0" /></mjloggm>