<mjloggm ver="2.3"><GO type="169" lobby="0"/><UN n0="%E3%80%90%E7%BD%AA%E6%AD%8C%E3%80%91" n1="%E7%9F%A2%E6%9C%A8%E3%81%95%E3%82%93%EF%BC%A0%E4%BB%A3%E6%89%93%E3%81%A1" n2="%6E%61%6B%61%6A%75%75%6E" n3="%E5%B0%B1%E6%B4%BB%E7%94%9F%40%E5%B7%9D%E6%9D%91%E8%BB%8D%E5%9B%A3" dan="19,16,17,17" rate="2316.68,2035.97,2202.20,2213.58" sx="F,M,M,M"/><TAIKYOKU oya="0"/><INIT seed="0,0,0,0,2,116" ten="250,250,250,250" oya="0" hai0="41,37,50,98,78,66,111,106,85,133,110,58,94" hai1="24,13,51,59,95,121,114,132,69,126,61,48,63" hai2="62,30,120,22,99,89,108,107,79,83,39,104,18" hai3="33,40,131,128,47,122,2,53,125,56,124,86,16"/><T44/><D106/><U82/><E114/><V20/><F108/><N who="0" m="41514" /><D133/><U57/><E82/><V75/><F39/><N who="3" m="21919" /><G33/><T0/><D0/><U12/><E95/><V7/><F7/><W80/><G2/><T5/><D5/><U73/><E73/><V97/><F30/><W26/><G86/><T29/><D29/><U72/><E72/><V45/><F45/><W105/><G105/><T76/><D85/><U1/><E69/><V134/><F134/><W23/><G80/><T88/><D66/><U27/><E1/><V49/><F104/><W67/><G67/><T130/><D130/><N who="3" m="49705" /><G122/><T117/><D117/><U70/><E70/><V25/><F120/><W21/><G21/><T119/><D119/><U71/><E71/><V96/><F20/><W52/><G56/><T100/><D100/><U28/><E28/><V87/><F107/><W60/><G60/><T103/><D103/><U34/><E34/><V46/><F62/><W129/><G129/><T36/><D58/><U115/><E132/><V9/><F9/><W81/><G81/><T68/><D68/><U90/><E115/><V42/><REACH who="2" step="1"/><F75/><REACH who="2" ten="250,250,240,250" step="2"/><W14/><G26/><T112/><D112/><U101/><E63/><V8/><F8/><W11/><G11/><T93/><D93/><AGARI ba="0,1" hai="18,22,25,42,46,49,79,83,87,89,93,96,97,99" machi="93" ten="40,2600,0" yaku="1,1,8,1,53,0" doraHai="116" doraHaiUra="32" who="2" fromWho="0" sc="250,-26,250,0,240,36,250,0" /><INIT seed="1,0,0,5,0,30" ten="224,250,276,250" oya="1" hai0="103,9,29,27,12,131,64,70,69,58,100,53,44" hai1="120,105,130,88,62,51,122,56,116,117,73,39,95" hai2="13,78,77,63,82,45,111,37,28,24,74,110,92" hai3="49,10,22,16,6,123,83,20,52,46,85,84,8"/><U59/><E105/><V19/><F78/><W67/><G123/><T33/><D131/><U89/><E39/><V4/><F63/><W1/><G67/><T107/><D64/><U0/><E0/><V7/><F92/><W101/><G101/><T132/><D132/><U34/><E73/><V5/><F37/><W14/><REACH who="3" step="1"/><G85/><REACH who="3" ten="224,250,276,240" step="2"/><T47/><D70/><U18/><E130/><V93/><F93/><W72/><G72/><T31/><D69/><U2/><E95/><V119/><F119/><W99/><G99/><T106/><D103/><U112/><E112/><V127/><F127/><W81/><G81/><T124/><D124/><U134/><E134/><V43/><F110/><W91/><AGARI ba="0,1" hai="1,6,8,10,14,16,20,22,46,49,52,83,84,91" machi="91" ten="20,12000,2" yaku="1,1,0,1,7,1,25,2,54,2,53,0" doraHai="30" doraHaiUra="21" who="3" fromWho="3" sc="224,-30,250,-60,276,-30,240,130" /><INIT seed="2,0,0,5,4,78" ten="194,190,246,370" oya="2" hai0="102,97,8,26,92,7,123,47,84,27,10,121,115" hai1="106,62,20,17,13,53,51,71,46,1,68,85,25" hai2="99,52,64,35,3,37,120,126,69,88,80,91,131" hai3="60,24,43,73,90,119,5,107,16,70,117,2,133"/><V33/><F120/><W54/><G107/><T36/><D115/><U28/><E106/><V98/><F37/><W63/><G133/><T42/><D10/><U128/><E128/><V19/><F3/><W48/><G43/><T113/><D113/><U32/><E62/><V103/><F131/><W96/><G73/><T79/><D123/><U30/><E28/><V40/><F40/><W100/><G5/><T109/><D109/><U94/><E1/><V12/><F69/><W76/><G76/><T44/><D44/><U59/><E46/><V45/><F64/><W110/><G2/><T89/><D79/><U108/><E108/><V74/><F74/><W39/><G39/><T116/><D116/><U50/><E51/><N who="2" m="28783" /><F91/><AGARI ba="0,0" hai="13,17,20,25,30,32,50,53,59,68,71,85,91,94" machi="91" ten="40,2600,0" yaku="25,2" doraHai="78" who="1" fromWho="2" sc="194,0,190,26,246,-26,370,0" /><INIT seed="3,0,0,3,3,60" ten="194,216,220,370" oya="3" hai0="48,9,37,19,130,91,120,128,115,28,35,95,33" hai1="17,67,53,4,26,113,89,5,116,70,88,66,68" hai2="69,117,38,47,6,52,127,98,111,75,97,124,104" hai3="96,16,132,49,45,101,7,43,77,110,83,21,55"/><W81/><G132/><T24/><D37/><U94/><E113/><V39/><F117/><W82/><G7/><N who="1" m="2634" /><E70/><V29/><F111/><W84/><G43/><T8/><D120/><U74/><E68/><V59/><F75/><W13/><REACH who="3" step="1"/><G110/><REACH who="3" ten="194,216,220,360" step="2"/><T129/><D115/><U62/><E116/><V125/><F6/><W58/><G58/><T103/><D103/><U1/><E1/><V118/><F118/><W40/><G40/><T105/><D105/><AGARI ba="0,1" hai="13,16,21,45,49,55,77,81,82,83,84,96,101,105" machi="105" ten="30,11600,0" yaku="1,1,7,1,54,1,53,1" doraHai="60" doraHaiUra="44" who="3" fromWho="0" sc="194,-116,216,0,220,0,360,126" /><INIT seed="3,1,0,5,3,113" ten="78,216,220,486" oya="3" hai0="123,43,31,52,59,134,51,18,54,48,122,116,47" hai1="45,124,130,7,102,58,74,15,126,73,4,125,79" hai2="119,36,67,53,19,97,117,63,83,92,75,135,96" hai3="17,33,44,10,106,50,82,112,98,107,30,57,104"/><W129/><G112/><T118/><D31/><U27/><E130/><V88/><F36/><W85/><G129/><T23/><D134/><U62/><E102/><V6/><F135/><W28/><G57/><N who="0" m="32903" /><D23/><U2/><E2/><V8/><F96/><W110/><G98/><T89/><D89/><U32/><E45/><V5/><F53/><W100/><G100/><T68/><D68/><U81/><E74/><V9/><F19/><W21/><G33/><T132/><D18/><U69/><E69/><V12/><F83/><W26/><G10/><T24/><D24/><U131/><E131/><V109/><F75/><W128/><G110/><T87/><D87/><U121/><E27/><V29/><F29/><W78/><REACH who="3" step="1"/><G128/><REACH who="3" ten="78,216,220,476" step="2"/><T65/><D132/><U40/><E32/><V108/><F108/><W49/><G49/><N who="0" m="26879" /><D65/><U80/><E126/><V3/><F109/><W25/><G25/><T42/><D42/><AGARI ba="1,1" hai="17,21,26,28,30,42,44,50,78,82,85,104,106,107" machi="42" ten="40,3900,0" yaku="1,1,53,1" doraHai="113" doraHaiUra="22" who="3" fromWho="0" sc="78,-42,216,0,220,0,476,52" /><INIT seed="3,2,0,2,0,113" ten="36,216,220,528" oya="3" hai0="32,8,132,21,83,94,66,19,89,121,37,17,38" hai1="13,82,87,72,62,120,104,48,50,122,9,78,46" hai2="27,30,59,79,129,20,118,73,130,96,107,36,74" hai3="102,134,92,98,56,76,51,10,6,44,86,64,23"/><W112/><G112/><T71/><D32/><U110/><E104/><V119/><F36/><W81/><G134/><T7/><D132/><U100/><E110/><V3/><F3/><W85/><G23/><T40/><D121/><U18/><E100/><N who="2" m="62855" /><F59/><W106/><G56/><T60/><D83/><U97/><E97/><V108/><F108/><W133/><G133/><T95/><D95/><U53/><E62/><V116/><F79/><W11/><G64/><T125/><D125/><U25/><E25/><V45/><F45/><W70/><G70/><T1/><D40/><U123/><E50/><V75/><F20/><W90/><G6/><T69/><D69/><U105/><E105/><V28/><F27/><W43/><AGARI ba="2,0" hai="10,11,43,44,51,76,81,85,86,90,92,98,102,106" machi="43" ten="20,2100,0" yaku="0,1,7,1" doraHai="113" who="3" fromWho="3" sc="36,-9,216,-9,220,-9,528,27" /><INIT seed="3,3,0,4,1,52" ten="27,207,211,555" oya="3" hai0="96,119,102,34,64,77,33,130,26,48,71,31,53" hai1="59,109,79,124,101,98,131,24,62,94,10,116,22" hai2="1,133,45,99,128,30,57,17,72,60,91,112,61" hai3="9,106,125,92,29,122,111,20,127,118,120,56,85"/><W42/><G106/><T46/><D130/><U81/><E131/><V104/><F128/><W107/><G107/><T35/><D119/><U14/><E116/><V2/><F72/><W66/><G118/><T135/><D135/><U89/><E124/><N who="3" m="47690" /><G42/><T12/><D77/><U83/><E109/><V16/><F61/><N who="3" m="38183" /><G9/><T25/><D25/><U8/><E79/><V100/><F30/><W54/><G54/><T21/><D12/><U73/><E73/><V7/><F1/><W88/><G111/><T19/><D19/><N who="1" m="12383" /><E101/><V82/><F100/><W43/><G43/><T95/><D71/><U41/><E41/><V11/><F17/><W18/><G29/><T90/><D64/><N who="1" m="39007" /><E10/><V134/><F112/><W50/><G50/><T86/><REACH who="0" step="1"/><D35/><REACH who="0" ten="17,207,211,555" step="2"/><U38/><E38/><V37/><F37/><W78/><G78/><T6/><D6/><AGARI ba="3,1" hai="6,8,14,81,83,89,94,98" m="39007,12383" machi="6" ten="30,2000,0" yaku="8,1,52,1" doraHai="52" who="1" fromWho="0" sc="17,-29,207,39,211,0,555,0" owari="-12,-51.0,246,5.0,211,-19.0,555,65.0" /></mjloggm>