<mjloggm ver="2.3"><GO type="169" lobby="0"/><UN n0="%E5%94%AF%E4%B8%80%E7%B5%B6%E5%AF%BE%E7%A5%9E%E7%9C%8C%E5%8D%97" n1="%E9%A7%84%E5%A6%B9" n2="%E6%8E%A8%E7%A9%BA%EF%BC%B0" n3="%E3%83%88%E3%83%88%E3%83%AA%E5%85%88%E7%94%9F%31%39%E6%AD%B3" dan="16,17,16,18" rate="2070.70,2102.94,2125.08,2207.37" sx="M,F,F,F"/><TAIKYOKU oya="0"/><INIT seed="0,0,0,2,0,131" ten="250,250,250,250" oya="0" hai0="52,63,2,31,59,49,20,50,26,82,7,70,53" hai1="39,109,72,132,94,74,43,32,38,45,113,14,19" hai2="76,134,1,116,98,118,47,46,110,18,126,36,13" hai3="62,85,68,105,129,87,84,22,23,86,108,133,112"/><T33/><D33/><U25/><E39/><V28/><F1/><W77/><G112/><T115/><D115/><U125/><E113/><V37/><F76/><W102/><G129/><T42/><D2/><U15/><E109/><V127/><F28/><W44/><G108/><T71/><D7/><U69/><E69/><V61/><F110/><W58/><G68/><T121/><D121/><U21/><E125/><V128/><F128/><W99/><G133/><T0/><D0/><U48/><E132/><V6/><F98/><W90/><G77/><T51/><D82/><U11/><E38/><V124/><F6/><W104/><G104/><T92/><D42/><U93/><E14/><V54/><F134/><W57/><G44/><N who="2" m="16937" /><F13/><W10/><G57/><T81/><D81/><U100/><E32/><V114/><F18/><W8/><G90/><T88/><REACH who="0" step="1"/><D53/><REACH who="0" ten="240,250,250,250" step="2"/><U73/><REACH who="1" step="1"/><E100/><REACH who="1" ten="240,240,250,250" step="2"/><V41/><F114/><W101/><G101/><T106/><D106/><U103/><E103/><V3/><F3/><W96/><G105/><T34/><D34/><U123/><E123/><V91/><F126/><W12/><G102/><T17/><D17/><AGARI ba="0,2" hai="11,15,17,19,21,25,43,45,48,72,73,74,93,94" machi="17" ten="40,1300,0" yaku="1,1,53,0" doraHai="131" doraHaiUra="60" who="1" fromWho="0" sc="240,-13,240,33,250,0,250,0" /><INIT seed="1,0,0,4,2,66" ten="227,273,250,250" oya="1" hai0="0,2,116,101,70,89,109,80,42,128,50,117,19" hai1="125,113,90,20,33,107,9,123,96,83,95,87,46" hai2="65,58,64,51,8,93,15,62,34,100,36,72,124" hai3="106,67,68,56,14,12,26,130,108,39,120,1,38"/><U76/><E33/><V98/><F36/><W73/><G120/><T49/><D101/><U97/><E123/><V47/><F72/><W127/><G1/><T17/><D80/><U131/><E113/><V27/><F124/><W74/><G106/><T135/><D89/><U129/><E125/><V4/><F34/><W43/><G127/><T13/><D13/><U75/><E20/><V103/><F27/><W110/><G130/><N who="1" m="49674" /><E46/><V41/><REACH who="2" step="1"/><F100/><REACH who="2" ten="227,273,240,250" step="2"/><W132/><G26/><T48/><D128/><U84/><E9/><V6/><F6/><W30/><G39/><T37/><D37/><U23/><E23/><V5/><F5/><W52/><G38/><T11/><D11/><U32/><E32/><V78/><F78/><W31/><G74/><T28/><D42/><U40/><E40/><V16/><F16/><N who="0" m="6218" /><D28/><U60/><E75/><V53/><AGARI ba="0,1" hai="4,8,15,41,47,51,53,58,62,64,65,93,98,103" machi="53" ten="20,8000,1" yaku="1,1,0,1,7,1,8,1,53,1" doraHai="66" doraHaiUra="10" who="2" fromWho="2" sc="227,-20,273,-40,240,90,250,-20" /><INIT seed="2,0,0,4,0,85" ten="207,233,330,230" oya="2" hai0="8,27,68,30,24,103,43,19,127,2,125,57,56" hai1="100,62,47,114,7,20,9,71,119,41,16,10,91" hai2="42,83,112,3,133,54,5,51,50,78,82,65,129" hai3="4,92,26,89,120,15,122,14,69,12,98,96,35"/><V86/><F112/><W109/><G69/><T58/><D68/><U66/><E114/><V38/><F65/><W25/><G109/><T70/><D70/><U44/><E119/><V45/><F133/><W32/><G4/><T39/><D103/><U135/><E135/><V63/><F63/><W104/><G104/><T73/><D73/><U22/><E100/><V75/><F129/><W48/><G48/><T72/><D72/><U124/><E124/><N who="0" m="47689" /><D30/><U55/><E55/><V52/><F51/><W79/><G79/><T130/><D130/><U132/><E132/><V46/><F46/><W64/><G64/><T18/><D2/><U97/><E22/><V106/><F106/><W1/><G1/><T6/><D6/><U17/><E17/><N who="0" m="6153" /><D8/><U115/><E115/><V107/><F50/><W105/><G105/><T11/><D11/><U76/><E7/><V113/><F113/><W13/><G13/><T33/><D33/><U111/><E47/><AGARI ba="0,0" hai="24,27,39,43,47,56,57,58" m="6153,47689" machi="47" ten="40,1300,0" yaku="18,1" doraHai="85" who="0" fromWho="1" sc="207,13,233,-13,330,0,230,0" /><INIT seed="3,0,0,4,5,109" ten="220,220,330,230" oya="3" hai0="23,101,40,105,55,66,26,36,91,121,5,46,133" hai1="123,110,119,63,65,12,19,69,3,76,87,134,47" hai2="13,80,34,56,59,97,117,89,53,100,64,29,8" hai3="88,111,74,81,11,30,24,128,113,49,32,127,99"/><W51/><G113/><T92/><D121/><U94/><E123/><V108/><F117/><W22/><G128/><T70/><D133/><U37/><E110/><V82/><F108/><W95/><G127/><T38/><D38/><U93/><E3/><V96/><F34/><W54/><G111/><T132/><D132/><U25/><E25/><V122/><F29/><W102/><G32/><T21/><D5/><U4/><E4/><V39/><F39/><W43/><G43/><T131/><D131/><U35/><E35/><V104/><F122/><W84/><G54/><T112/><D101/><U14/><E14/><V107/><F64/><W62/><G62/><T116/><D105/><U57/><E69/><V2/><F2/><W60/><G60/><T125/><D125/><U129/><E119/><V41/><F41/><W75/><REACH who="3" step="1"/><G11/><REACH who="3" ten="220,220,330,220" step="2"/><T72/><D116/><U10/><E129/><V45/><F8/><W15/><G15/><T44/><D112/><U120/><E134/><V9/><F9/><W90/><G90/><T20/><D55/><U115/><E115/><V18/><F13/><W68/><G68/><T52/><D52/><U61/><E61/><V7/><F53/><W83/><G83/><T78/><D70/><U124/><E124/><V28/><F89/><W6/><G6/><T16/><D91/><U126/><E126/><V1/><F7/><W48/><AGARI ba="0,1" hai="22,24,30,48,49,51,74,75,81,84,88,95,99,102" machi="48" ten="30,6000,0" yaku="1,1,0,1,54,1,53,0" doraHai="109" doraHaiUra="31" who="3" fromWho="3" sc="220,-20,220,-20,330,-20,220,70" /><INIT seed="3,1,0,4,0,17" ten="200,200,310,290" oya="3" hai0="48,58,131,1,127,22,47,27,24,112,129,121,25" hai1="41,130,120,33,29,34,26,35,53,6,126,52,43" hai2="104,99,92,54,116,60,51,31,64,84,56,50,89" hai3="57,77,5,122,87,134,113,23,42,75,73,105,98"/><W107/><G113/><T69/><D69/><U66/><E120/><V119/><F31/><W2/><G122/><T93/><D121/><U72/><E72/><V81/><F104/><W71/><G71/><T3/><D58/><U36/><E66/><V45/><REACH who="2" step="1"/><F51/><REACH who="2" ten="200,200,300,290" step="2"/><W95/><G107/><T67/><D48/><U39/><E39/><V100/><AGARI ba="1,1" hai="45,50,54,56,60,64,81,84,89,92,99,100,116,119" machi="100" ten="20,5200,0" yaku="1,1,2,1,0,1,7,1,53,0" doraHai="17" doraHaiUra="68" who="2" fromWho="2" sc="200,-14,200,-14,300,65,290,-27" /><INIT seed="4,0,0,0,1,94" ten="186,186,365,263" oya="0" hai0="14,2,99,65,118,51,21,108,43,49,119,63,8" hai1="27,71,60,115,15,39,131,56,122,29,85,4,1" hai2="16,121,135,75,127,62,105,107,84,83,41,22,35" hai3="46,68,130,58,69,50,54,53,104,90,47,91,82"/><T31/><D2/><U24/><E122/><V111/><F35/><W80/><G104/><T102/><D108/><U66/><E1/><V70/><F111/><W26/><G26/><T106/><D118/><U87/><E39/><V44/><F121/><W101/><G101/><T23/><D119/><U95/><E131/><V17/><F75/><W52/><G58/><T36/><D36/><U86/><E115/><V100/><F135/><W96/><G50/><T40/><D51/><U13/><E71/><V103/><F127/><W57/><G57/><T48/><D48/><U25/><E29/><V132/><F132/><W6/><G6/><T55/><D43/><U133/><E133/><V42/><F22/><W12/><G12/><N who="1" m="4682" /><E4/><V113/><F84/><W125/><G54/><T112/><D40/><U120/><E120/><V34/><F83/><W76/><G76/><T98/><D31/><U20/><E20/><V134/><F134/><W45/><G45/><T9/><D8/><U88/><AGARI ba="0,0" hai="24,25,27,56,60,66,85,86,87,88,95" m="4682" machi="88" ten="30,2000,0" yaku="8,1,54,1" doraHai="94" who="1" fromWho="1" sc="186,-10,186,20,365,-5,263,-5" /><INIT seed="5,0,0,3,3,23" ten="176,206,360,258" oya="1" hai0="62,85,75,24,84,56,110,128,45,127,47,135,119" hai1="122,17,80,26,64,35,102,16,86,121,108,125,90" hai2="65,9,105,40,118,116,123,37,49,72,22,41,0" hai3="66,36,46,53,58,83,96,34,87,69,27,82,126"/><U103/><E125/><V67/><F123/><W114/><G126/><T107/><D127/><U7/><E122/><V1/><F72/><W25/><G34/><T32/><D110/><U95/><E121/><V8/><F22/><W21/><G114/><T73/><D119/><U44/><E108/><V18/><F18/><N who="1" m="7273" /><E35/><V2/><F49/><N who="3" m="31023" /><G96/><T33/><D107/><U71/><E71/><V115/><F105/><W38/><G21/><T104/><D104/><U61/><E7/><V113/><REACH who="2" step="1"/><F1/><REACH who="2" ten="176,206,350,258" step="2"/><W100/><G38/><AGARI ba="0,1" hai="0,2,8,9,37,38,40,41,65,67,113,115,116,118" machi="38" ten="25,6400,0" yaku="1,1,2,1,22,2,53,0" doraHai="23" doraHaiUra="51" who="2" fromWho="3" sc="176,0,206,0,350,74,258,-64" /><INIT seed="6,0,0,1,3,17" ten="176,206,424,194" oya="2" hai0="58,21,87,76,44,36,92,24,74,117,135,86,12" hai1="2,90,85,105,43,69,128,81,129,40,100,7,32" hai2="57,39,75,115,38,122,41,112,29,15,96,16,108" hai3="102,54,66,49,48,72,42,3,33,71,106,124,114"/><V0/><F0/><W59/><G3/><T93/><D74/><U91/><E32/><V10/><F122/><W8/><G33/><T46/><D36/><U95/><E69/><V97/><F75/><W35/><G35/><T120/><D120/><U11/><E100/><V13/><F29/><W79/><G124/><T61/><D135/><U134/><E105/><V125/><F125/><W107/><G102/><T77/><D117/><U133/><E40/><V55/><F108/><W45/><G114/><N who="2" m="43561" /><F41/><W130/><G130/><N who="1" m="50282" /><E43/><V80/><F80/><W30/><G30/><T26/><D12/><U60/><E60/><N who="2" m="35903" /><F13/><W94/><G48/><T111/><D61/><U28/><E28/><V51/><F51/><W84/><G71/><T64/><D58/><U1/><E2/><V22/><F10/><W68/><G8/><T109/><REACH who="0" step="1"/><D21/><REACH who="0" ten="166,206,424,194" step="2"/><U50/><E50/><V63/><F63/><W34/><G34/><T99/><D99/><AGARI ba="0,1" hai="1,7,11,81,85,90,91,95,99,133,134" m="50282" machi="99" ten="30,1000,0" yaku="19,1" doraHai="17" who="1" fromWho="0" sc="166,-10,206,20,424,0,194,0" /><AGARI ba="0,0" hai="15,16,22,38,39,96,97,99" m="35903,43561" machi="99" ten="30,5800,0" yaku="15,1,52,1,54,1" doraHai="17" who="2" fromWho="0" sc="156,-58,226,0,424,58,194,0" /><INIT seed="6,1,0,3,0,123" ten="98,226,482,194" oya="2" hai0="25,60,52,17,33,97,32,110,126,55,29,37,117" hai1="99,78,54,113,28,131,61,85,3,7,62,49,119" hai2="128,129,79,23,93,48,19,41,18,21,95,27,16" hai3="87,8,12,92,124,74,98,71,107,77,0,76,57"/><V47/><F79/><W109/><G71/><T132/><D37/><U43/><E119/><V86/><F19/><W10/><G0/><T118/><D33/><U115/><E43/><V81/><F81/><W89/><G124/><T122/><D122/><U2/><E131/><N who="2" m="50251" /><F86/><W58/><G109/><T121/><D121/><U116/><E116/><N who="0" m="44649" /><D126/><U14/><E99/><V9/><F9/><W72/><G10/><T31/><D31/><U22/><E85/><V24/><AGARI ba="1,0" hai="16,18,21,23,24,27,41,47,48,93,95" m="50251" machi="24" ten="30,3000,0" yaku="19,1,54,1" doraHai="123" who="2" fromWho="2" sc="98,-11,226,-11,482,33,194,-11" /><INIT seed="6,2,0,1,5,104" ten="87,215,515,183" oya="2" hai0="48,102,95,69,43,83,63,73,133,114,9,120,34" hai1="25,92,14,50,70,78,81,30,85,111,28,19,33" hai2="116,101,99,89,11,5,134,106,22,128,74,39,117" hai3="37,35,135,42,126,93,66,4,127,91,15,108,32"/><V130/><F39/><W131/><G108/><T80/><D120/><U29/><E70/><V26/><F89/><W123/><G123/><T41/><D34/><U105/><E105/><V20/><F74/><W38/><G66/><T44/><D114/><U52/><E92/><V8/><F134/><W121/><G121/><T54/><D133/><U40/><E40/><V87/><F87/><W24/><G135/><T31/><D31/><U18/><E18/><V103/><F106/><W79/><G131/><T51/><D69/><U1/><E1/><V71/><F71/><W17/><G4/><T16/><D63/><U84/><E84/><V119/><F26/><W122/><G122/><T109/><D109/><U57/><E111/><V72/><F72/><W67/><G67/><T110/><D110/><U107/><E107/><V86/><F86/><N who="3" m="52471" /><G79/><T59/><D73/><U21/><AGARI ba="2,0" hai="14,19,21,25,28,29,30,33,50,52,57,78,81,85" machi="21" ten="20,2700,0" yaku="0,1,7,1,54,1" doraHai="104" who="1" fromWho="1" sc="87,-9,215,33,515,-15,183,-9" /><INIT seed="7,0,0,0,1,68" ten="78,248,500,174" oya="3" hai0="127,12,120,75,2,19,126,118,49,78,82,44,23" hai1="105,132,65,60,8,35,91,38,131,6,18,31,66" hai2="58,27,129,26,62,108,37,130,125,47,76,74,64" hai3="45,32,124,96,9,121,36,101,52,133,59,106,80"/><W46/><G121/><T54/><D120/><U28/><E38/><V63/><F108/><W88/><G32/><T113/><D118/><U104/><E66/><V85/><F74/><W122/><G122/><T40/><D2/><U22/><E131/><N who="2" m="50187" /><F125/><W53/><G124/><T3/><D126/><U94/><E91/><V1/><F1/><W112/><G112/><T5/><D127/><U17/><E94/><V110/><F110/><W109/><G109/><T57/><D113/><U39/><E17/><V93/><F63/><W107/><G133/><T92/><D92/><U77/><E65/><V43/><F93/><W71/><G71/><T33/><D33/><U16/><E22/><V34/><F34/><W72/><G107/><T128/><D128/><U103/><E18/><V61/><F62/><W116/><G116/><T86/><D3/><U87/><E60/><V25/><F85/><W134/><G134/><T83/><D5/><U97/><E87/><V123/><F76/><W24/><G36/><T115/><D115/><U99/><E39/><V41/><F123/><W119/><G72/><T100/><D75/><U7/><E35/><V29/><F43/><W42/><G106/><T55/><D100/><U135/><E135/><V15/><F29/><N who="1" m="11337" /><E132/><V102/><F102/><W21/><G119/><T50/><REACH who="0" step="1"/><D83/><REACH who="0" ten="68,248,500,174" step="2"/><U0/><E103/><V98/><F98/><W114/><G114/><T14/><D14/><AGARI ba="0,1" hai="14,15,25,26,27,37,41,47,58,61,64" m="50187" machi="14" ten="30,2000,0" yaku="19,1,52,1" doraHai="68" who="2" fromWho="0" sc="68,-20,248,0,500,30,174,0" owari="48,-45.0,248,5.0,530,63.0,174,-23.0" /></mjloggm>