<mjloggm ver="2.3"><GO type="169" lobby="0"/><UN n0="%E3%82%A6%E3%83%AB%E3%83%88%E3%83%A9%E7%AB%8B%E7%9B%B4" n1="%E9%A2%AF%E7%88%BD" n2="%E3%83%89%E3%83%BC%E3%83%AB%E3%83%9F%E3%83%BC" n3="%E3%83%8D%E3%83%BC%E3%83%A0%E3%83%AC%E3%82%B9%EF%BC%97" dan="17,16,16,17" rate="2202.61,2081.65,2103.56,2159.97" sx="M,F,M,M"/><TAIKYOKU oya="0"/><INIT seed="0,0,0,1,0,127" ten="250,250,250,250" oya="0" hai0="70,107,6,120,56,1,91,31,76,134,39,92,61" hai1="121,36,9,58,53,135,85,97,99,41,77,60,128" hai2="88,90,13,37,113,32,11,72,133,50,132,71,66" hai3="26,2,79,40,111,52,51,103,44,81,130,0,95"/><T28/><D120/><U12/><E121/><V112/><F32/><W84/><G111/><T42/><D70/><U29/><E135/><N who="2" m="51787" /><F37/><W105/><G130/><T80/><D107/><U108/><E108/><V74/><F50/><W115/><G115/><N who="2" m="44105" /><F66/><W19/><G105/><T23/><D134/><U24/><E41/><V119/><F71/><W110/><G110/><T123/><D123/><U30/><E36/><V48/><F48/><W10/><G103/><T117/><D117/><U109/><E109/><V122/><F122/><W49/><G95/><T17/><D6/><U21/><E29/><N who="0" m="11337" /><D1/><U59/><E59/><V55/><F55/><W25/><G0/><T78/><D80/><N who="1" m="47247" /><E128/><V4/><F119/><W82/><G82/><T114/><D42/><U100/><E100/><V16/><F4/><AGARI ba="0,0" hai="4,9,12,21,24,30,53,58,60,97,99" m="47247" machi="4" ten="30,1000,0" yaku="8,1" doraHai="127" who="1" fromWho="2" sc="250,0,250,10,250,-10,250,0" /><INIT seed="1,0,0,1,3,122" ten="250,260,240,250" oya="1" hai0="59,12,20,96,11,63,51,36,33,25,90,135,88" hai1="40,107,97,84,52,91,108,113,74,117,3,100,28" hai2="72,15,92,78,71,30,5,93,131,62,2,103,83" hai3="29,85,86,76,46,111,13,18,21,104,110,61,49"/><U4/><E113/><V109/><F131/><W32/><G104/><T130/><D36/><U70/><E117/><V114/><F114/><W19/><G32/><T105/><D33/><U125/><E70/><V120/><F120/><W95/><G29/><T126/><D130/><U37/><E74/><V23/><F109/><N who="3" m="41483" /><G61/><T50/><D126/><U6/><E28/><V128/><F128/><W60/><G60/><T79/><D79/><U87/><E37/><V81/><F62/><W1/><G1/><T112/><D135/><U129/><E3/><V102/><F2/><W39/><G39/><T31/><D112/><U99/><E107/><V101/><F71/><W45/><G76/><T48/><D105/><U16/><E108/><V64/><F64/><W7/><G7/><N who="0" m="3199" /><D96/><U10/><E99/><V26/><F78/><W65/><G65/><AGARI ba="0,0" hai="20,25,31,48,50,51,59,63,65,88,90" m="3199" machi="65" ten="30,2000,0" yaku="8,1,54,1" doraHai="122" who="0" fromWho="3" sc="250,20,260,0,240,0,250,-20" /><INIT seed="2,0,0,3,2,64" ten="270,260,240,230" oya="2" hai0="37,60,28,82,75,7,43,92,121,42,117,29,94" hai1="55,20,31,79,69,93,1,104,51,73,112,123,56" hai2="21,109,127,70,134,81,68,96,15,126,78,90,6" hai3="120,16,40,63,32,22,131,124,119,77,128,3,72"/><V14/><F134/><W83/><G32/><T30/><D121/><U130/><E112/><V61/><F109/><W18/><G3/><T98/><D117/><U53/><E1/><V106/><F61/><W52/><G119/><T118/><D118/><U110/><E110/><V115/><F115/><W11/><G120/><T85/><D75/><U2/><E2/><V65/><F65/><W87/><G40/><T33/><D33/><U135/><E104/><V62/><F62/><W39/><G39/><T91/><D37/><U57/><E135/><V48/><F48/><W99/><G99/><T111/><D111/><U133/><E130/><V13/><F6/><W125/><G72/><T58/><D7/><U132/><E123/><V44/><F44/><W45/><G11/><T27/><D27/><U34/><E34/><V74/><F21/><W129/><G18/><T36/><D36/><U114/><E114/><V41/><F41/><N who="0" m="15370" /><D98/><U10/><E73/><V9/><F9/><W24/><G63/><T103/><D103/><U26/><E10/><V84/><F96/><W89/><G77/><T23/><D23/><U122/><E79/><V47/><F47/><W80/><G80/><T25/><D25/><U49/><E122/><V8/><F8/><W97/><G97/><T86/><D86/><U46/><E133/><V54/><F106/><W12/><G24/><T100/><D100/><U95/><E132/><V66/><F66/><AGARI ba="0,0" hai="28,29,30,58,60,66,82,85,91,92,94" m="15370" machi="66" ten="30,1000,0" yaku="8,1" doraHai="64" who="0" fromWho="2" sc="270,10,260,0,240,-10,230,0" /><INIT seed="3,0,0,5,2,41" ten="280,260,230,230" oya="3" hai0="126,48,82,87,7,67,111,22,131,79,120,75,31" hai1="6,78,101,64,26,90,103,132,116,80,14,71,51" hai2="96,19,63,24,77,135,94,73,18,37,118,16,110" hai3="134,76,89,13,44,81,112,91,34,17,70,29,11"/><W28/><G70/><T93/><D120/><U99/><E132/><V60/><F118/><W54/><G112/><T127/><D67/><U106/><E103/><V56/><F110/><W108/><G134/><T74/><D7/><U115/><E115/><V35/><F135/><W8/><G34/><T95/><D48/><U97/><E116/><V85/><F37/><W23/><G108/><T0/><D0/><U121/><E121/><V49/><F73/><N who="0" m="27658" /><D111/><U21/><E64/><V107/><F107/><W15/><G76/><T124/><D131/><U53/><E71/><V62/><F35/><W125/><G125/><T55/><D55/><U46/><E99/><V114/><F114/><W61/><G23/><T69/><D69/><U4/><E90/><N who="3" m="34314" /><G81/><T10/><D10/><U66/><E14/><V84/><F77/><W100/><G100/><T83/><D82/><U123/><E66/><V109/><F109/><W42/><G42/><T104/><D104/><U12/><E12/><V117/><F117/><W59/><G44/><T105/><D105/><U38/><E38/><V68/><F68/><W40/><G40/><T32/><D32/><U128/><E123/><V45/><F56/><W122/><G122/><T119/><D119/><U86/><E128/><V9/><F9/><W25/><G25/><AGARI ba="0,0" hai="22,25,31,79,83,87,93,95,124,126,127" m="27658" machi="25" ten="40,1300,0" yaku="18,1" doraHai="41" who="0" fromWho="3" sc="280,13,260,0,230,0,230,-13" /><INIT seed="4,0,0,2,3,89" ten="293,260,230,217" oya="0" hai0="80,116,4,83,107,61,112,58,110,17,51,53,6" hai1="46,55,21,98,126,70,108,15,95,105,33,82,106" hai2="97,62,43,0,54,84,71,49,111,125,11,45,109" hai3="134,40,22,2,94,78,130,100,66,113,121,103,35"/><T77/><D116/><U1/><E1/><V118/><F118/><W67/><G35/><T27/><D107/><U63/><E108/><V7/><F125/><W39/><G2/><T50/><D110/><U72/><E126/><V133/><F133/><W90/><G113/><T64/><D112/><U37/><E33/><V101/><F84/><W123/><G78/><T81/><D77/><U69/><E69/><V14/><F0/><W114/><G114/><T85/><D85/><U91/><E82/><V104/><REACH who="2" step="1"/><F54/><REACH who="2" ten="293,260,220,217" step="2"/><W76/><G134/><T131/><D131/><U3/><E72/><V92/><F92/><W30/><G130/><T65/><D53/><U38/><E3/><V5/><F5/><W117/><G117/><T57/><D4/><U75/><E75/><V120/><F120/><W28/><G123/><T31/><D6/><U25/><E105/><V16/><F16/><W41/><G121/><T36/><D17/><U122/><E106/><V86/><F86/><W119/><G119/><T129/><D129/><U74/><E74/><V79/><F79/><W47/><G76/><T102/><D81/><U12/><E122/><V52/><F52/><W10/><G30/><T44/><D83/><U96/><E96/><V132/><F132/><W60/><G28/><T73/><D80/><U88/><E98/><V48/><F48/><W128/><G94/><T8/><D73/><U9/><E38/><V56/><F56/><W23/><G39/><T32/><D36/><U115/><E37/><V135/><F135/><W42/><G128/><T18/><D51/><U68/><E115/><RYUUKYOKU ba="0,1" sc="293,-10,260,-10,220,30,217,-10" hai2="7,11,14,43,45,49,62,71,97,101,104,109,111" /><INIT seed="5,1,1,0,3,110" ten="283,250,250,207" oya="1" hai0="38,10,128,69,11,76,71,41,115,113,72,30,96" hai1="37,8,19,98,43,105,116,28,35,36,17,18,102" hai2="83,89,50,119,134,1,46,2,3,77,135,55,25" hai3="74,114,75,9,0,104,107,26,13,127,125,44,23"/><U15/><E116/><V61/><F119/><W21/><G44/><N who="0" m="23607" /><D30/><U112/><E28/><V16/><F89/><W29/><G75/><T48/><D48/><U118/><E35/><V85/><REACH who="2" step="1"/><F61/><REACH who="2" ten="283,250,240,207" step="2"/><W97/><G125/><T53/><D128/><U126/><E118/><V101/><F101/><W93/><G127/><T49/><D76/><U20/><E126/><V111/><F111/><W51/><G107/><T80/><D96/><U6/><E105/><V58/><F58/><W106/><G106/><T84/><D71/><U33/><E98/><V59/><F59/><W131/><G104/><T133/><D69/><U92/><E102/><V32/><F32/><W14/><G131/><T31/><D133/><U45/><E33/><V82/><F82/><W121/><G97/><T87/><D80/><U42/><E92/><V81/><F81/><W24/><G93/><T100/><D100/><U57/><E57/><V103/><F103/><W99/><G99/><T91/><D91/><U62/><E62/><V67/><F67/><W63/><G63/><T117/><D117/><U64/><E64/><V108/><F108/><W4/><G121/><T56/><D56/><U34/><E34/><V65/><F65/><W60/><G60/><T5/><D72/><U124/><E124/><V39/><F39/><W132/><G132/><T95/><D95/><U52/><E37/><V47/><F47/><W22/><G51/><T86/><D49/><N who="1" m="28719" /><E36/><V79/><F79/><W12/><G74/><T90/><D90/><U40/><E20/><AGARI ba="1,2" hai="1,2,3,16,20,25,46,50,55,77,83,85,134,135" machi="20" ten="50,3200,0" yaku="1,1,54,1,53,0" doraHai="110" doraHaiUra="88" who="2" fromWho="1" sc="283,0,250,-35,240,55,207,0" /><INIT seed="6,0,0,0,5,55" ten="283,215,295,207" oya="2" hai0="32,0,6,69,27,128,5,115,133,120,94,8,102" hai1="62,49,59,89,97,130,121,125,68,111,95,33,64" hai2="26,1,73,116,87,107,11,15,61,40,47,3,112" hai3="135,13,123,7,75,100,12,110,92,23,17,76,90"/><V77/><F116/><W93/><G110/><T131/><D69/><U85/><E121/><V46/><F107/><W80/><G135/><T51/><D120/><U56/><E33/><V65/><F112/><W84/><G123/><T42/><D6/><U28/><E111/><V127/><F127/><W101/><G7/><T88/><D102/><U108/><E28/><V39/><F47/><W22/><REACH who="3" step="1"/><G93/><REACH who="3" ten="283,215,295,197" step="2"/><T71/><D94/><U4/><E108/><V9/><F3/><W72/><G72/><T19/><D5/><U21/><E4/><V98/><F73/><W81/><G81/><T30/><D0/><U2/><E2/><V105/><F1/><W45/><G45/><T25/><D133/><U104/><E125/><V57/><F46/><W38/><G38/><T86/><D115/><U106/><E130/><V16/><F39/><W132/><G132/><T109/><D109/><U67/><E106/><V60/><F105/><W24/><G24/><T54/><D27/><U118/><E118/><V78/><F26/><W74/><G74/><T83/><D25/><U129/><E129/><V50/><F87/><W103/><G103/><T36/><D36/><U58/><E85/><V63/><F98/><W117/><G117/><T126/><D131/><U44/><E104/><V79/><F9/><W29/><G29/><T66/><D8/><U96/><E96/><V10/><F11/><W41/><G41/><T70/><D42/><N who="1" m="24727" /><E21/><V18/><F40/><W14/><G14/><T20/><D128/><U124/><E124/><V114/><F15/><W119/><G119/><T52/><D126/><RYUUKYOKU ba="0,1" sc="283,-15,215,15,295,-15,197,15" hai1="56,58,59,62,64,67,68,89,95,97" hai3="12,13,17,22,23,75,76,80,84,90,92,100,101" /><INIT seed="7,1,1,1,3,16" ten="268,230,280,212" oya="3" hai0="96,64,13,9,115,56,82,20,106,30,125,42,88" hai1="14,4,39,34,54,93,122,114,23,83,107,45,6" hai2="43,73,126,46,50,110,29,97,70,111,48,85,80" hai3="84,134,129,58,99,2,74,120,108,87,116,26,0"/><W91/><G74/><T31/><D106/><U49/><E107/><V121/><F70/><W12/><G116/><T130/><D130/><U37/><E34/><V5/><F73/><W47/><G120/><T35/><D35/><U18/><E122/><V69/><F69/><W119/><G119/><T41/><D125/><U24/><E114/><V3/><F121/><W77/><G129/><T132/><D132/><U94/><E83/><V135/><F135/><W38/><G134/><T33/><D33/><U113/><E113/><V17/><F29/><N who="0" m="10762" /><D20/><N who="1" m="11351" /><E37/><V112/><F126/><W118/><G118/><T21/><D21/><U57/><E57/><V123/><F112/><W81/><G108/><T102/><D102/><U79/><E39/><V32/><F32/><W124/><G124/><T60/><D115/><U59/><E79/><V78/><F123/><W19/><G26/><T90/><D82/><U61/><E6/><V117/><F117/><W98/><G0/><T67/><D67/><N who="1" m="39359" /><E4/><V71/><F71/><W133/><G2/><T52/><D64/><U44/><E44/><V10/><F17/><AGARI ba="1,1" hai="17,23,24,45,49,54,93,94" m="39359,11351" machi="17" ten="30,3900,0" yaku="8,1,52,2" doraHai="16" who="1" fromWho="2" sc="268,0,230,52,280,-42,212,0" /><INIT seed="8,0,0,1,5,64" ten="268,282,238,212" oya="0" hai0="114,36,132,22,111,91,41,27,79,97,52,110,32" hai1="61,9,99,34,117,78,70,90,100,46,63,59,101" hai2="98,49,14,8,28,95,96,16,21,120,5,119,130" hai3="85,80,113,39,11,12,44,118,108,53,74,121,42"/><T84/><D32/><U87/><E117/><V131/><F120/><W51/><G108/><N who="0" m="41515" /><D114/><U43/><E34/><V81/><F119/><W116/><G113/><T2/><D2/><U24/><E24/><N who="2" m="16399" /><F81/><W127/><G74/><T86/><D79/><U77/><E9/><V83/><F83/><W122/><G127/><T1/><D1/><U71/><E63/><V56/><F95/><W93/><G93/><N who="0" m="56511" /><D132/><U31/><E78/><V124/><F124/><W7/><G118/><T134/><D134/><U125/><E77/><V89/><F89/><W37/><G116/><T62/><D41/><U58/><E43/><V17/><F130/><W106/><G106/><T76/><D36/><U135/><E135/><V6/><F6/><W47/><REACH who="3" step="1"/><G39/><REACH who="3" ten="268,282,238,202" step="2"/><T73/><D73/><U25/><E125/><V30/><F131/><W68/><G68/><T57/><D76/><AGARI ba="0,1" hai="7,11,12,37,42,44,47,51,53,76,80,85,121,122" machi="76" ten="40,1300,0" yaku="1,1,53,0" doraHai="64" doraHaiUra="19" who="3" fromWho="0" sc="268,-13,282,0,238,0,202,23" /><INIT seed="9,0,0,4,4,85" ten="255,282,238,225" oya="1" hai0="101,69,55,82,73,35,28,66,24,115,39,43,118" hai1="9,20,54,13,111,36,65,104,18,45,91,56,2" hai2="38,78,15,27,86,41,96,22,33,17,50,57,3" hai3="90,7,125,76,93,59,79,131,74,72,42,87,103"/><U75/><E75/><N who="3" m="28714" /><G42/><T67/><D55/><U44/><E104/><V48/><F3/><W122/><G7/><T88/><D115/><U37/><E111/><V112/><F112/><W1/><G59/><T32/><D32/><U0/><E37/><V109/><F109/><W62/><G62/><T89/><D67/><U31/><E2/><V83/><F57/><W14/><G14/><T70/><D70/><U124/><E124/><V130/><F130/><W121/><G1/><T134/><D134/><U8/><E65/><V132/><F132/><W61/><G61/><T49/><D49/><N who="1" m="30799" /><E36/><V46/><F33/><W21/><G21/><T84/><D73/><U58/><E58/><V5/><F5/><W64/><G64/><T94/><D39/><U113/><E0/><V92/><REACH who="2" step="1"/><F15/><REACH who="2" ten="255,282,228,225" step="2"/><W81/><G131/><T95/><D35/><U100/><E113/><V105/><F105/><W102/><G125/><T71/><D71/><U97/><E45/><V133/><F133/><W127/><G127/><T19/><D69/><U4/><E44/><V10/><F10/><W52/><G52/><T53/><D53/><U30/><E9/><V117/><F117/><W110/><G110/><T135/><D135/><U40/><E40/><V68/><F68/><W99/><G76/><T11/><D11/><U114/><E114/><V16/><F16/><W126/><G126/><T129/><D19/><U51/><E8/><V77/><F77/><W29/><G29/><T26/><D28/><U80/><E4/><V60/><F60/><W108/><G108/><T107/><D129/><U6/><E6/><RYUUKYOKU ba="0,1" sc="255,-15,282,-15,228,15,225,15" hai2="17,22,27,38,41,46,48,50,78,83,86,92,96" hai3="79,81,87,90,93,99,102,103,121,122" /><INIT seed="10,1,1,4,4,10" ten="240,267,243,240" oya="2" hai0="45,35,107,54,104,34,92,132,130,99,135,90,2" hai1="26,50,111,134,60,121,72,47,115,69,75,28,32" hai2="131,48,64,125,83,52,73,51,13,56,29,106,20" hai3="12,124,128,67,113,0,42,30,1,86,122,44,94"/><V53/><F106/><N who="0" m="40490" /><D2/><U91/><E121/><V4/><F125/><W21/><G128/><T79/><D79/><U114/><E111/><V105/><F131/><W77/><G122/><T70/><D70/><U95/><E134/><N who="0" m="51241" /><D130/><U74/><E60/><N who="2" m="37895" /><F73/><W43/><G67/><T126/><D126/><U5/><E69/><V87/><F105/><W62/><G62/><T71/><D71/><U103/><E75/><V110/><F110/><W89/><G113/><T23/><D23/><U101/><E74/><V118/><F118/><W65/><G65/><T6/><D6/><U57/><E72/><V16/><F4/><W49/><G77/><T63/><D63/><U15/><E115/><V18/><F18/><W8/><G124/><T109/><D109/><U55/><E114/><V58/><F29/><W14/><G43/><T97/><D97/><U123/><E123/><V33/><F33/><W37/><G37/><T82/><D82/><U102/><E5/><V80/><F87/><W116/><G116/><T31/><D31/><U120/><E120/><V39/><F39/><W127/><G127/><T66/><D66/><U7/><E7/><V24/><F24/><N who="3" m="16655" /><G1/><T27/><D27/><U25/><E25/><V38/><F38/><W19/><G0/><T59/><D59/><AGARI ba="1,1" hai="13,16,20,48,51,52,53,58,59,80,83" m="37895" machi="59" ten="30,11600,0" yaku="8,1,52,1,54,2" doraHai="10" who="2" fromWho="0" sc="240,-119,267,0,243,129,240,0" owari="121,-38.0,267,7.0,372,47.0,240,-16.0" /></mjloggm>