<mjloggm ver="2.3"><GO type="169" lobby="0"/><UN n0="%57%49%4E%E7%A5%9E" n1="%4D%46%E9%A6%99%E5%B7%9D%E7%9C%9F%E5%8F%B8" n2="%E8%88%AC%E5%8D%93%E6%B0%91%E3%81%AE%E6%9C%9D%E3%81%AF%E6%97%A9%E3%81%84" n3="%E3%83%88%E3%83%88%E3%83%AA%E5%85%88%E7%94%9F%31%39%E6%AD%B3" dan="16,16,16,18" rate="2056.67,2083.65,2093.34,2221.45" sx="M,M,M,F"/><TAIKYOKU oya="0"/><INIT seed="0,0,0,5,1,1" ten="250,250,250,250" oya="0" hai0="59,27,71,105,61,104,4,58,48,94,81,67,42" hai1="9,62,101,53,32,90,79,87,118,57,25,103,134" hai2="126,16,41,113,45,49,35,0,133,47,91,123,39" hai3="131,66,96,98,75,73,130,82,122,110,22,14,50"/><T21/><D81/><U56/><E134/><V20/><F123/><W24/><G122/><T44/><D94/><U102/><E79/><V31/><F133/><W111/><G66/><T5/><D59/><U128/><E128/><N who="3" m="49194" /><G50/><T92/><D92/><U88/><E57/><V115/><F0/><W86/><G14/><T120/><D120/><U135/><E135/><V26/><F126/><W112/><G22/><T89/><D89/><U7/><E87/><V127/><F91/><N who="3" m="51671" /><G24/><T38/><D105/><U117/><E117/><V51/><F127/><W119/><G119/><T17/><D104/><U36/><E36/><V100/><F100/><W60/><G60/><T83/><D83/><U65/><E65/><V64/><F64/><W76/><G112/><T30/><D30/><U29/><REACH who="1" step="1"/><E118/><REACH who="1" ten="250,240,250,250" step="2"/><V116/><F116/><W80/><G73/><T10/><REACH who="0" step="1"/><D10/><REACH who="0" ten="240,240,250,250" step="2"/><U95/><E95/><V121/><F121/><W85/><G75/><T107/><D107/><U74/><E74/><V3/><F113/><W33/><G80/><T12/><D12/><AGARI ba="0,2" hai="7,9,12,25,29,32,53,56,62,88,90,101,102,103" machi="12" ten="40,5200,0" yaku="1,1,52,1,54,1,53,0" doraHai="1" doraHaiUra="78" who="1" fromWho="0" sc="240,-52,240,72,250,0,250,0" /><INIT seed="1,0,0,0,4,111" ten="188,312,250,250" oya="1" hai0="88,62,65,18,75,86,74,47,61,80,7,40,117" hai1="14,89,0,49,120,4,38,103,13,22,19,67,102" hai2="131,116,20,113,72,3,30,58,42,98,10,84,90" hai3="92,85,101,114,125,57,124,81,76,46,48,35,23"/><U121/><E38/><V132/><F72/><W91/><G35/><T41/><D117/><U94/><E0/><V78/><F42/><W43/><G114/><T21/><D7/><U53/><E67/><V50/><F78/><W69/><G69/><T70/><D62/><U133/><E133/><V104/><F116/><W12/><G101/><T122/><D122/><U37/><E37/><V106/><F132/><W127/><G57/><T83/><D80/><U33/><E33/><V119/><F119/><W25/><G12/><T2/><D2/><U44/><E121/><V8/><F131/><W93/><REACH who="3" step="1"/><G76/><REACH who="3" ten="188,312,250,240" step="2"/><T51/><REACH who="0" step="1"/><D41/><REACH who="0" ten="178,312,250,240" step="2"/><U16/><E120/><V129/><F3/><W135/><G135/><T66/><D66/><U96/><REACH who="1" step="1"/><E4/><REACH who="1" ten="178,302,250,240" step="2"/><V28/><F129/><W97/><G97/><T71/><D71/><U128/><E128/><V73/><F98/><W79/><G79/><T54/><D54/><U126/><E126/><V118/><F118/><W52/><G52/><T82/><D82/><U15/><E15/><AGARI ba="0,3" hai="15,18,21,40,47,51,61,65,70,74,75,83,86,88" machi="15" ten="30,3900,0" yaku="1,1,7,1,54,1,53,0" doraHai="111" doraHaiUra="110" who="0" fromWho="1" sc="178,69,302,-39,250,0,240,0" /><INIT seed="2,0,0,5,2,33" ten="247,263,250,240" oya="2" hai0="131,104,114,91,107,83,100,15,87,37,135,58,97" hai1="102,120,57,12,75,47,38,62,24,124,2,34,17" hai2="30,40,48,95,105,80,108,128,109,112,119,22,42" hai3="113,44,11,78,84,43,88,3,69,60,51,96,71"/><V103/><F112/><W35/><G35/><T61/><D114/><U7/><E75/><V66/><F119/><W64/><G113/><T41/><D135/><U25/><E102/><V127/><F105/><W130/><G130/><T111/><D131/><U13/><E124/><V32/><F128/><W82/><G71/><T76/><D111/><N who="2" m="42570" /><F127/><W121/><G121/><T27/><D27/><U29/><E24/><N who="2" m="18503" /><F66/><W54/><G96/><T26/><D26/><U18/><E18/><V89/><F103/><W16/><G16/><T53/><D15/><U94/><E17/><V126/><F80/><W81/><G54/><T115/><D115/><U117/><E120/><V20/><F126/><W74/><REACH who="3" step="1"/><G11/><REACH who="3" ten="247,263,250,230" step="2"/><T36/><D41/><N who="2" m="15978" /><F48/><W123/><G123/><T23/><D107/><U56/><E117/><V99/><AGARI ba="0,1" hai="20,22,89,95,99" m="15978,18503,42570" machi="99" ten="30,3000,0" yaku="14,1,10,1" doraHai="33" who="2" fromWho="2" sc="247,-10,263,-10,250,40,230,-10" /><INIT seed="2,1,0,4,0,5" ten="237,253,290,220" oya="2" hai0="75,54,65,83,17,28,119,9,104,53,131,29,102" hai1="85,86,129,115,15,81,95,55,130,77,111,36,6" hai2="42,50,73,74,91,122,114,93,4,41,128,101,62" hai3="134,46,79,98,82,1,20,76,96,24,100,110,59"/><V43/><F114/><W113/><G110/><T31/><D131/><U84/><E36/><V34/><F34/><W51/><G134/><T32/><D32/><U27/><E27/><V64/><F128/><W121/><G121/><T105/><D119/><U106/><E106/><V49/><F101/><W10/><G113/><T21/><D65/><U52/><E115/><V23/><F23/><W45/><G59/><T8/><D75/><U67/><E67/><V112/><F112/><W16/><G79/><T22/><D83/><U63/><E55/><N who="0" m="21001" /><D17/><U56/><E111/><V99/><F4/><W13/><G1/><T40/><D40/><U33/><E33/><V116/><F116/><W127/><G127/><T89/><D89/><U47/><E47/><V57/><REACH who="2" step="1"/><F122/><REACH who="2" ten="237,253,280,220" step="2"/><W18/><G100/><T126/><D102/><U7/><E7/><V94/><F94/><W38/><G38/><T25/><D126/><U97/><E130/><V30/><F30/><W3/><G18/><T80/><D25/><U124/><E124/><V11/><F11/><N who="0" m="4170" /><D80/><U135/><E129/><V12/><F12/><W125/><G125/><T72/><D72/><AGARI ba="1,1" hai="41,42,43,49,50,57,62,64,72,73,74,91,93,99" machi="72" ten="40,2000,0" yaku="1,1,53,0" doraHai="5" doraHaiUra="117" who="2" fromWho="0" sc="237,-23,253,0,280,33,220,0" /><INIT seed="2,2,0,1,5,12" ten="214,253,313,220" oya="2" hai0="100,61,24,51,128,120,28,69,77,36,66,73,40" hai1="3,83,41,123,76,4,47,17,38,11,105,6,117" hai2="102,90,103,87,27,23,21,131,109,62,80,133,60" hai3="29,15,107,33,129,39,121,113,101,32,64,65,125"/><V8/><F131/><W122/><G39/><T5/><D128/><U1/><E117/><V42/><F133/><W88/><G129/><T115/><D115/><U56/><E105/><V53/><F42/><W55/><G113/><T74/><D120/><U35/><E35/><V86/><F109/><W45/><G125/><T70/><D69/><U25/><E123/><V0/><F0/><W96/><G121/><T126/><D126/><U54/><E6/><V2/><F2/><W114/><G114/><T49/><D5/><U98/><E98/><V75/><F8/><W67/><G29/><T111/><D111/><U119/><E119/><V9/><F9/><W30/><G30/><T18/><D100/><U10/><E10/><V14/><F75/><W132/><G132/><T34/><D73/><U94/><E94/><V59/><F62/><W82/><G15/><T127/><D127/><U92/><E92/><V26/><F14/><W108/><G108/><T89/><D89/><U112/><E112/><V22/><F87/><W84/><REACH who="3" step="1"/><G122/><REACH who="3" ten="214,253,313,210" step="2"/><T72/><D36/><U124/><E3/><V118/><F118/><W104/><G104/><T46/><D28/><U31/><E31/><V95/><F103/><W7/><G7/><T57/><D34/><U19/><E124/><V106/><F106/><W63/><G63/><T130/><D130/><U81/><E1/><V116/><F116/><W78/><G78/><T134/><D77/><U13/><E76/><V99/><AGARI ba="2,1" hai="21,22,23,26,27,53,59,60,80,86,90,95,99,102" machi="99" ten="30,3000,0" yaku="0,1,8,1" doraHai="12" who="2" fromWho="2" sc="214,-12,253,-12,313,46,210,-12" /><INIT seed="2,3,0,3,4,50" ten="202,241,359,198" oya="2" hai0="55,84,27,108,102,26,125,112,57,119,71,39,107" hai1="85,16,42,97,46,43,114,109,66,135,0,1,5" hai2="103,7,63,133,115,95,130,58,36,113,106,73,87" hai3="9,10,90,83,74,81,48,132,15,116,31,45,131"/><V60/><F36/><W88/><G116/><T126/><D119/><U51/><E114/><V30/><F73/><W4/><G131/><T14/><D112/><U92/><E66/><V120/><F120/><W75/><G132/><T47/><D71/><U32/><E32/><V22/><F7/><W13/><G31/><T28/><D108/><U65/><E109/><V101/><F130/><W111/><G111/><T89/><D14/><U80/><E65/><V121/><F121/><W33/><G33/><T123/><D123/><U40/><E135/><V68/><F68/><W59/><G59/><T118/><D118/><U104/><E104/><V93/><F106/><W70/><G70/><T35/><D27/><U19/><E1/><V24/><F133/><W127/><G127/><N who="0" m="48651" /><D102/><N who="1" m="60711" /><E5/><V3/><F3/><W6/><REACH who="3" step="1"/><G48/><REACH who="3" ten="202,241,359,188" step="2"/><N who="0" m="30951" /><D107/><U134/><E134/><V53/><F113/><W12/><G12/><T41/><D39/><U56/><E56/><V67/><F115/><W91/><G91/><T18/><D89/><N who="1" m="51367" /><E0/><V128/><F128/><W2/><G2/><T100/><D47/><AGARI ba="3,1" hai="4,6,9,10,13,15,45,47,74,75,81,83,88,90" machi="47" ten="25,6400,0" yaku="1,1,22,2,54,1,53,0" doraHai="50" doraHaiUra="98" who="3" fromWho="0" sc="202,-73,241,0,359,0,188,83" /><INIT seed="3,0,0,1,4,95" ten="129,241,359,271" oya="3" hai0="5,77,66,110,88,16,71,63,20,91,84,127,13" hai1="132,118,79,124,90,51,116,126,99,15,80,103,60" hai2="85,22,131,133,2,129,78,93,87,100,83,73,28" hai3="9,52,25,26,6,50,102,75,67,98,57,21,106"/><W113/><G113/><T48/><D110/><U76/><E60/><V119/><F2/><W27/><G67/><T55/><D127/><N who="1" m="48683" /><E51/><V42/><F42/><W17/><REACH who="3" step="1"/><G75/><REACH who="3" ten="129,241,359,261" step="2"/><T104/><D104/><N who="1" m="63615" /><E15/><AGARI ba="0,1" hai="6,9,15,17,21,25,26,27,50,52,57,98,102,106" machi="15" ten="30,12000,1" yaku="1,1,7,1,52,1,54,1,53,1" doraHai="95" doraHaiUra="47" who="3" fromWho="1" sc="129,0,241,-120,359,0,261,130" /><INIT seed="3,1,0,0,0,2" ten="129,121,359,391" oya="3" hai0="133,16,65,118,71,119,91,94,42,135,21,25,20" hai1="98,109,131,64,40,128,22,129,72,33,112,123,108" hai2="126,37,76,60,49,38,100,122,32,3,23,5,124" hai3="24,69,41,114,134,18,88,52,15,84,74,106,97"/><W13/><G114/><T26/><D42/><U0/><E33/><V53/><F32/><W99/><G69/><T57/><D57/><U73/><E112/><V4/><F3/><W93/><G74/><T132/><D65/><U66/><E123/><V105/><F60/><W81/><G134/><T8/><D71/><U75/><E40/><V61/><F61/><W70/><G70/><T19/><REACH who="0" step="1"/><D8/><REACH who="0" ten="119,121,359,391" step="2"/><U62/><E62/><V14/><F122/><W10/><G41/><T102/><D102/><U44/><E44/><V78/><F100/><W120/><G120/><T127/><D127/><U101/><E0/><V28/><F124/><W89/><G52/><T56/><D56/><U59/><E59/><V113/><F53/><W46/><G46/><T36/><D36/><U27/><E66/><V9/><F126/><W12/><G106/><T79/><D79/><N who="2" m="30250" /><F105/><W17/><G99/><AGARI ba="1,1" hai="16,19,20,21,25,26,91,94,99,118,119,132,133,135" machi="99" ten="40,8000,1" yaku="1,1,9,1,20,1,54,1,53,0" doraHai="2" doraHaiUra="54" who="0" fromWho="3" sc="119,93,121,0,359,0,391,-83" /><INIT seed="4,0,0,1,2,35" ten="212,121,359,308" oya="0" hai0="119,34,105,113,118,62,65,68,104,7,95,59,123" hai1="52,125,91,111,2,1,5,117,70,38,135,99,17" hai2="126,110,0,115,130,74,124,129,77,86,49,92,60" hai3="72,78,25,24,82,98,31,19,10,21,47,75,33"/><T131/><D123/><U20/><E111/><V132/><F0/><W42/><G98/><T97/><D113/><U79/><E117/><V53/><F110/><W114/><G114/><T94/><D131/><N who="2" m="50186" /><F60/><W122/><G122/><T84/><D34/><U90/><E38/><V26/><F26/><W39/><G10/><T120/><D120/><U44/><E70/><V28/><F28/><W69/><G69/><T71/><D7/><U14/><E79/><V80/><F115/><W109/><G109/><T11/><D11/><U112/><E112/><V8/><F8/><W64/><G64/><T134/><D134/><U87/><E5/><V43/><F43/><W32/><G32/><T27/><D27/><U56/><E44/><V121/><F121/><W12/><G25/><T30/><D30/><U50/><E135/><V88/><F132/><W89/><G89/><T41/><D41/><U102/><E125/><V63/><F63/><W29/><G29/><T45/><D45/><AGARI ba="0,0" hai="45,49,53,74,77,80,86,88,92,124,126" m="50186" machi="45" ten="30,2000,0" yaku="19,1,54,1" doraHai="35" who="2" fromWho="0" sc="212,-20,121,0,359,20,308,0" /><INIT seed="5,0,0,4,4,85" ten="192,121,379,308" oya="1" hai0="84,54,42,5,38,39,8,19,132,29,112,57,59" hai1="104,26,14,99,118,90,23,73,128,68,11,43,60" hai2="113,106,50,114,15,127,116,101,103,111,72,117,107" hai3="36,12,7,24,121,63,92,35,77,34,81,4,129"/><U93/><E118/><N who="2" m="45675" /><F15/><W45/><G121/><T102/><D112/><N who="2" m="43114" /><F50/><W80/><G129/><T94/><D132/><U18/><E128/><V37/><F37/><W119/><G119/><T3/><D29/><U41/><E73/><V32/><F32/><W71/><G12/><T20/><D42/><U97/><E97/><N who="2" m="61743" /><F111/><W48/><G48/><T95/><D39/><U115/><E104/><V135/><F135/><W82/><G36/><T16/><D38/><U75/><E75/><V49/><F49/><W120/><G45/><T78/><D20/><U30/><REACH who="1" step="1"/><E115/><REACH who="1" ten="192,111,379,308" step="2"/><V76/><F107/><W91/><G120/><T70/><D84/><U66/><AGARI ba="0,1" hai="11,14,18,23,26,30,41,43,60,66,68,90,93,99" machi="66" ten="30,11700,0" yaku="1,1,2,1,0,1,52,1,53,0" doraHai="85" doraHaiUra="108" who="1" fromWho="1" sc="192,-39,111,127,379,-39,308,-39" /><INIT seed="5,1,0,0,1,14" ten="153,238,340,269" oya="1" hai0="29,68,113,48,64,83,109,74,8,40,46,54,53" hai1="132,38,10,87,96,93,33,102,24,70,135,119,88" hai2="13,79,99,131,130,133,63,104,21,121,100,92,94" hai3="97,28,122,95,129,75,67,3,89,78,120,82,60"/><U32/><E132/><V128/><F121/><W80/><G3/><T41/><D109/><U43/><E135/><V2/><F2/><W101/><G129/><T58/><D29/><U112/><E119/><V55/><F79/><W45/><G45/><T114/><D8/><U76/><E76/><V57/><F133/><W20/><G82/><T7/><D7/><U123/><E123/><V59/><F13/><W12/><G89/><T6/><D6/><U5/><E70/><V30/><F57/><N who="3" m="37263" /><G12/><T91/><D91/><U62/><E62/><V69/><F69/><W65/><G65/><T56/><D83/><U105/><E24/><AGARI ba="1,0" hai="21,24,30,55,59,63,92,94,99,100,104,128,130,131" machi="24" ten="40,1300,0" yaku="19,1" doraHai="14" who="2" fromWho="1" sc="153,0,238,-16,340,16,269,0" /><AGARI ba="1,0" hai="20,24,28,75,78,80,95,97,101,120,122" m="37263" machi="24" ten="30,1000,0" yaku="25,1" doraHai="14" who="3" fromWho="1" sc="153,0,222,-10,356,0,269,10" /><INIT seed="6,0,0,3,4,98" ten="153,212,356,279" oya="2" hai0="99,20,75,128,112,13,15,110,40,123,21,38,92" hai1="65,31,16,70,132,121,18,51,83,95,116,93,127" hai2="117,19,106,108,101,96,55,105,54,126,44,73,120" hai3="24,74,30,53,122,4,59,102,37,135,76,84,134"/><V43/><F73/><W89/><G122/><T8/><D123/><U85/><E116/><V2/><F2/><W39/><G4/><T29/><D110/><U68/><E31/><V104/><F117/><W62/><G74/><T100/><D112/><U47/><E121/><V129/><F120/><W82/><G76/><T56/><D75/><U45/><E127/><V111/><F19/><W42/><G102/><T52/><D128/><U133/><E51/><N who="2" m="27039" /><F126/><W64/><G64/><T41/><D38/><U66/><E85/><V7/><F7/><W27/><G27/><N who="0" m="16615" /><D21/><U131/><REACH who="1" step="1"/><E83/><REACH who="1" ten="153,202,356,279" step="2"/><V34/><F111/><W61/><G39/><T72/><D72/><U78/><E78/><V26/><F108/><W49/><G37/><T50/><D15/><U107/><E107/><V79/><F106/><W57/><G42/><T91/><D13/><U86/><E86/><V88/><F79/><W60/><REACH who="3" step="1"/><G57/><REACH who="3" ten="153,202,356,269" step="2"/><T130/><D41/><U115/><E115/><V33/><F26/><W35/><AGARI ba="0,2" hai="24,30,35,49,53,59,60,61,62,82,84,89,134,135" machi="35" ten="30,4000,0" yaku="1,1,2,1,0,1,53,0" doraHai="98" doraHaiUra="0" who="3" fromWho="3" sc="153,-10,202,-10,356,-20,269,60" /><INIT seed="7,0,0,0,2,24" ten="143,192,336,329" oya="3" hai0="97,118,21,26,117,32,112,85,29,110,71,1,78" hai1="130,54,119,105,79,30,115,37,67,69,103,16,76" hai2="94,66,36,51,34,123,43,45,65,3,31,20,96" hai3="80,33,74,86,41,56,38,18,10,49,73,39,125"/><W98/><G33/><T8/><D110/><U102/><E37/><V87/><F3/><W68/><G68/><T17/><D71/><U104/><E69/><V57/><F34/><W25/><G125/><T19/><D97/><U99/><E54/><V84/><F36/><W28/><G39/><T131/><D131/><U114/><E67/><N who="2" m="25611" /><F57/><W40/><G38/><T70/><D70/><U83/><E30/><V90/><F123/><W121/><G121/><T134/><D134/><U22/><E130/><V58/><F58/><W88/><G73/><T4/><D112/><N who="1" m="43051" /><E83/><V129/><F129/><W27/><G74/><T92/><D19/><U122/><E119/><V12/><F31/><W13/><G98/><T60/><D60/><U48/><E48/><V46/><F45/><W61/><G28/><T135/><D135/><U11/><E11/><V64/><F64/><N who="3" m="38951" /><G41/><T116/><D78/><N who="1" m="29739" /><E99/><V126/><F126/><W75/><G75/><T44/><D44/><AGARI ba="0,0" hai="10,13,18,25,27,40,44,49,80,86,88" m="38951" machi="44" ten="30,2900,0" yaku="8,1,54,1" doraHai="24" who="3" fromWho="0" sc="143,-29,192,0,336,0,329,29" owari="114,-39.0,192,-21.0,336,14.0,358,46.0" /></mjloggm>