<mjloggm ver="2.3"><GO type="97" lobby="0"/><UN n0="%E6%9A%B4%E3%82%8C%E3%82%93%E5%9D%8A%E5%B0%8F%E8%BB%8D" n1="%E5%B0%B1%E6%B4%BB%E7%94%9F%40%E5%B7%9D%E6%9D%91%E8%BB%8D%E5%9B%A3" n2="%E7%89%9B%E4%B9%B3%E4%B8%80%E6%B0%97%E9%A3%B2%E3%81%BF" n3="%E3%81%B2%E3%82%8D%E3%82%86%E3%81%8D%EF%BD%83%EF%BD%83%EF%BD%83" dan="14,16,14,13" rate="1940.95,2162.69,1916.20,1881.32" sx="M,M,M,M"/><TAIKYOKU oya="0"/><INIT seed="0,0,0,1,1,80" ten="250,250,250,250" oya="0" hai0="97,9,3,111,129,56,81,38,89,59,76,5,26" hai1="17,7,79,25,45,118,32,14,20,55,8,75,113" hai2="16,68,58,4,42,131,51,35,61,11,1,63,29" hai3="120,37,21,92,10,105,22,15,117,126,77,101,103"/><T96/><D38/><U133/><E118/><V78/><F131/><W93/><G117/><T66/><D129/><U48/><E113/><V28/><F68/><W70/><G105/><T18/><D111/><U57/><E133/><V98/><F98/><W2/><G120/><T47/><D89/><U36/><E32/><V39/><F39/><W73/><G37/><T0/><D0/><U13/><E36/><V91/><F78/><W82/><G2/><T124/><D124/><U116/><E116/><V27/><F29/><W6/><G70/><T130/><D59/><U112/><E112/><V108/><F108/><W74/><G126/><T46/><D46/><U50/><E79/><V33/><F33/><W44/><G74/><T85/><D47/><U87/><E75/><V71/><F71/><W12/><G44/><T114/><D114/><U115/><E115/><V100/><F100/><W95/><G15/><T60/><REACH who="0" step="1"/><D130/><REACH who="0" ten="240,250,250,250" step="2"/><U109/><E109/><V24/><F91/><W41/><REACH who="3" step="1"/><G41/><REACH who="3" ten="240,250,250,240" step="2"/><T121/><D121/><U53/><E45/><V119/><F42/><W19/><G19/><T52/><D52/><U90/><E53/><V83/><F119/><W128/><G128/><T122/><D122/><U34/><E55/><V106/><F16/><W134/><G134/><T62/><D62/><U123/><E123/><V102/><F63/><W88/><G88/><T84/><D84/><U23/><E90/><V43/><F61/><W69/><G69/><T40/><D40/><U127/><E87/><V125/><F43/><W64/><G64/><T86/><D86/><U110/><E127/><RYUUKYOKU ba="0,2" sc="240,15,250,-15,250,-15,240,15" hai0="3,5,9,18,26,56,60,66,76,81,85,96,97" hai3="6,10,12,21,22,73,77,82,92,93,95,101,103" /><INIT seed="0,1,2,4,0,122" ten="255,235,235,255" oya="0" hai0="10,85,123,43,7,55,65,69,135,100,1,30,79" hai1="17,131,18,46,8,99,75,63,120,64,77,42,21" hai2="103,94,83,95,11,36,47,67,101,107,14,25,12" hai3="128,9,13,113,20,91,88,0,76,56,27,49,82"/><T130/><D123/><U121/><E131/><V32/><F107/><W105/><G128/><T126/><D130/><U53/><E99/><V89/><F36/><W4/><G105/><T58/><D126/><U50/><E75/><V90/><F67/><W93/><G0/><T73/><D135/><U66/><E77/><V132/><F132/><W133/><G133/><T34/><D100/><U111/><E111/><V87/><F32/><W104/><G104/><T26/><D43/><U127/><E127/><V78/><F25/><W119/><G119/><T48/><D73/><U96/><E96/><V102/><F47/><W129/><G129/><T39/><D39/><U81/><E81/><V114/><F114/><W61/><G49/><T115/><D115/><U98/><E98/><V22/><F22/><W5/><G5/><T59/><D69/><U86/><E86/><V19/><F14/><W62/><G93/><AGARI ba="1,2" hai="11,12,19,78,83,87,89,90,93,94,95,101,102,103" machi="93" ten="40,1300,0" yaku="8,1" doraHai="122" who="2" fromWho="3" sc="255,0,235,0,235,36,255,-16" /><INIT seed="1,0,0,4,1,58" ten="255,235,271,239" oya="1" hai0="120,47,63,94,45,54,39,19,87,66,73,21,132" hai1="4,15,81,89,88,61,31,49,50,103,104,91,43" hai2="83,17,70,16,35,22,25,37,51,125,68,117,131" hai3="85,107,3,33,44,80,100,5,11,12,38,119,118"/><U97/><E31/><V82/><F37/><W90/><G33/><T122/><D73/><U110/><E110/><V55/><F35/><W105/><G100/><T130/><D132/><U41/><E81/><V8/><F117/><N who="3" m="44555" /><G3/><T76/><D130/><U64/><E49/><V13/><F131/><W113/><G113/><T75/><D75/><U106/><E106/><N who="3" m="40458" /><G44/><T53/><D39/><AGARI ba="0,0" hai="5,11,12,38,39,80,85,90" m="40458,44555" machi="39" ten="30,1000,0" yaku="12,1" doraHai="58" who="3" fromWho="0" sc="255,-10,235,0,271,0,239,10" /><INIT seed="2,0,0,3,5,6" ten="245,235,271,249" oya="2" hai0="27,40,125,115,47,121,97,38,81,66,109,134,17" hai1="104,102,87,72,119,39,130,67,15,4,116,30,25" hai2="129,31,69,26,20,32,41,75,28,96,18,82,49" hai3="110,12,88,22,124,90,55,5,111,9,68,62,112"/><V61/><F129/><W65/><G124/><T36/><D121/><U60/><E130/><V117/><F117/><W94/><G112/><T19/><D125/><U95/><E72/><V56/><F69/><W128/><G128/><T54/><D134/><U46/><E39/><V132/><F132/><W3/><G55/><T10/><D109/><N who="3" m="41481" /><G94/><T8/><D115/><U77/><E46/><V100/><F82/><W73/><G73/><T113/><D66/><U127/><E127/><V35/><F75/><W105/><G105/><T98/><D113/><U89/><E77/><V29/><F49/><W2/><G22/><T85/><D38/><U133/><E133/><V86/><F86/><W57/><G68/><T24/><D54/><U99/><E4/><V120/><F41/><W103/><G103/><T135/><D135/><U91/><E15/><V50/><F50/><W23/><G23/><T58/><D58/><U71/><REACH who="1" step="1"/><E89/><AGARI ba="0,0" hai="2,3,5,9,12,57,62,65,88,89,90" m="41481" machi="89" ten="30,3900,0" yaku="14,1,52,1,54,1" doraHai="6" who="3" fromWho="1" sc="245,0,235,-39,271,0,249,39" /><INIT seed="3,0,0,4,2,46" ten="245,196,271,288" oya="3" hai0="51,20,29,43,56,60,113,45,112,125,95,19,13" hai1="127,114,79,32,97,8,107,78,99,62,132,41,47" hai2="124,131,120,82,24,37,80,105,36,94,96,3,87" hai3="118,49,88,10,133,16,31,66,115,52,100,77,111"/><W84/><G115/><N who="0" m="44107" /><D125/><U65/><E114/><V72/><F3/><W11/><G118/><T92/><D29/><U17/><E127/><V123/><F124/><W119/><G133/><T103/><D103/><U68/><E132/><V76/><F24/><W89/><G119/><T44/><D45/><U28/><E17/><V69/><F69/><W85/><G100/><T117/><D117/><U55/><E8/><N who="3" m="3114" /><G31/><T59/><D56/><U128/><E55/><AGARI ba="0,0" hai="13,19,20,43,44,51,55,59,60,92,95" m="44107" machi="55" ten="30,2000,0" yaku="11,1,52,1" doraHai="46" who="0" fromWho="1" sc="245,20,196,-20,271,0,288,0" /><INIT seed="4,0,0,0,2,130" ten="265,176,271,288" oya="0" hai0="46,42,50,98,79,66,68,38,118,120,69,82,124" hai1="47,116,27,128,24,71,65,36,13,91,37,59,29" hai2="73,83,10,3,105,64,88,74,104,122,41,117,108" hai3="1,89,63,48,20,2,109,93,44,31,133,78,17"/><T70/><D120/><U14/><E128/><V135/><F122/><W21/><G109/><T52/><D118/><U43/><E116/><V9/><F108/><W132/><G78/><T57/><D124/><U49/><E37/><V51/><F117/><W33/><G33/><T112/><D112/><U102/><E102/><V85/><F64/><W100/><G100/><T81/><D98/><U92/><E71/><N who="0" m="27209" /><D79/><U125/><E125/><V0/><F51/><W119/><G119/><T53/><D81/><U4/><E4/><V101/><F41/><W18/><G31/><T77/><D53/><U54/><E65/><V107/><F101/><W15/><G63/><N who="0" m="40287" /><D82/><U12/><REACH who="1" step="1"/><E29/><REACH who="1" ten="265,166,271,288" step="2"/><V35/><F35/><W97/><G1/><T56/><D77/><U5/><E5/><V90/><F83/><W60/><G2/><T111/><D111/><U34/><E34/><V115/><F105/><W55/><REACH who="3" step="1"/><G60/><REACH who="3" ten="265,166,271,278" step="2"/><N who="0" m="35847" /><D57/><U99/><AGARI ba="0,2" hai="12,13,14,24,27,36,43,47,49,54,59,91,92,99" machi="99" ten="30,2000,0" yaku="1,1,0,1,53,0" doraHai="130" doraHaiUra="61" who="1" fromWho="1" sc="265,-10,166,40,271,-5,278,-5" /><INIT seed="5,0,0,4,3,25" ten="255,206,266,273" oya="1" hai0="121,129,128,53,105,115,57,48,134,38,102,60,72" hai1="76,41,90,11,113,103,15,78,22,69,28,23,73" hai2="46,59,97,4,112,70,8,106,114,116,42,65,120" hai3="56,62,14,91,85,33,55,0,21,2,111,82,74"/><U61/><E113/><N who="2" m="43627" /><F120/><W130/><G111/><T119/><D119/><U104/><E41/><V132/><F116/><W123/><G74/><T131/><D72/><U18/><E90/><V52/><F132/><W63/><G123/><T50/><D102/><U101/><E73/><V66/><F70/><W84/><G33/><T98/><D98/><U39/><E39/><N who="2" m="21855" /><F97/><W127/><G130/><T79/><D79/><N who="1" m="30251" /><E104/><V30/><F30/><W107/><G127/><T9/><D105/><U43/><E69/><V110/><F110/><W49/><G107/><T118/><D121/><U12/><E43/><V81/><F81/><N who="3" m="49551" /><G2/><T133/><D118/><U45/><E45/><V126/><F106/><W31/><G0/><T109/><D115/><U58/><E28/><V125/><F8/><W77/><G31/><T99/><D9/><U34/><E34/><V44/><F44/><W92/><G92/><T54/><D109/><U117/><E117/><V135/><F4/><W36/><G36/><T124/><D38/><U96/><E96/><V67/><F135/><N who="0" m="51722" /><D99/><U88/><E88/><V86/><F86/><W1/><G1/><T27/><D124/><U35/><E35/><V13/><F13/><W5/><G5/><T37/><D37/><U108/><E108/><V26/><F26/><W40/><G40/><T80/><D27/><U75/><E75/><V32/><F32/><W24/><G14/><T47/><D80/><U83/><E83/><V20/><F20/><N who="1" m="7721" /><E15/><V6/><F6/><W87/><G87/><T10/><D10/><U16/><E18/><V7/><F7/><W29/><AGARI ba="0,0" hai="21,24,29,49,55,56,62,63,77,82,85" m="49551" machi="29" ten="30,4000,0" yaku="5,1,8,1,52,1" doraHai="25" who="3" fromWho="3" sc="255,-10,206,-20,266,-10,273,40" owari="245,-15.0,186,-31.0,256,6.0,313,40.0" /></mjloggm>