<mjloggm ver="2.3"><GO type="169" lobby="0"/><UN n0="%E3%81%98%E3%82%83%E3%81%B3%E3%81%A3%E3%81%A8" n1="%E3%81%99%E3%81%9A%E3%82%81%E3%82%AF%E3%83%AC%E3%82%A4%E3%82%B8%E3%83%BC" n2="%40%6B%6B%6B%6B" n3="%E5%B0%B1%E6%B4%BB%E7%94%9F%40%E5%B7%9D%E6%9D%91%E8%BB%8D%E5%9B%A3" dan="16,20,16,17" rate="2174.98,2151.18,2066.27,2137.57" sx="M,M,M,M"/><TAIKYOKU oya="0"/><INIT seed="0,0,0,0,4,51" ten="250,250,250,250" oya="0" hai0="44,39,115,47,67,24,131,52,73,99,77,124,35" hai1="27,81,1,10,86,64,41,107,122,100,110,80,4" hai2="96,82,14,103,13,68,121,9,76,28,104,98,5" hai3="42,18,108,119,37,30,16,57,0,54,11,79,74"/><T43/><D115/><U83/><E110/><V6/><F121/><W92/><G119/><T69/><D131/><U12/><E122/><V127/><F68/><W40/><G30/><T102/><D124/><U45/><E64/><V70/><F70/><W2/><G108/><T62/><D73/><U85/><E1/><V112/><F127/><W123/><G123/><T113/><D113/><U132/><E132/><V32/><F112/><W29/><G29/><T15/><D77/><U33/><E33/><V23/><F32/><W22/><G92/><T26/><D15/><U97/><REACH who="1" step="1"/><E27/><REACH who="1" ten="250,240,250,250" step="2"/><V120/><F120/><W46/><G2/><T71/><D35/><U49/><AGARI ba="0,1" hai="4,10,12,41,45,49,80,81,83,85,86,97,100,107" machi="49" ten="30,7900,0" yaku="1,1,2,1,0,1,53,1" doraHai="51" doraHaiUra="101" who="1" fromWho="1" sc="250,-39,240,89,250,-20,250,-20" /><INIT seed="1,0,0,4,1,90" ten="211,329,230,230" oya="1" hai0="0,25,1,119,5,29,57,89,91,15,95,75,30" hai1="21,10,81,41,125,121,44,77,61,62,20,98,84" hai2="105,88,27,93,39,24,101,37,128,52,97,106,23" hai3="58,129,73,83,76,133,69,4,127,34,3,19,36"/><U53/><E125/><V66/><F128/><W71/><G19/><T131/><D119/><U117/><E121/><V22/><F66/><W59/><G59/><T85/><D75/><U115/><E115/><V35/><F35/><W104/><G58/><T54/><D131/><U94/><E117/><V92/><F52/><W113/><G4/><T126/><D126/><U135/><E135/><V6/><F6/><W8/><G8/><N who="0" m="4495" /><D1/><U109/><E109/><V80/><F80/><W14/><G14/><T102/><D0/><U65/><E53/><V99/><F101/><W118/><G76/><T55/><D102/><U123/><E123/><V122/><F122/><W13/><G13/><T18/><D55/><U107/><E107/><V49/><F88/><W124/><G83/><N who="0" m="49343" /><D18/><U74/><E10/><V2/><F2/><W42/><G42/><T82/><D82/><U132/><E74/><V120/><F120/><W60/><G60/><N who="0" m="35895" /><D25/><U96/><E132/><V78/><F78/><W9/><G124/><T47/><D47/><U70/><E62/><V86/><F49/><W110/><G9/><T33/><D33/><U40/><E40/><V12/><F12/><W45/><G45/><T46/><D46/><U48/><E98/><AGARI ba="0,0" hai="29,30,91,95,98" m="35895,49343,4495" machi="98" ten="30,2000,0" yaku="8,1,52,1" doraHai="90" who="0" fromWho="1" sc="211,20,329,-20,230,0,230,0" /><INIT seed="2,0,0,2,0,24" ten="231,309,230,230" oya="2" hai0="90,34,66,4,5,41,118,114,45,78,57,53,126" hai1="0,96,110,101,13,37,87,128,81,75,58,89,72" hai2="9,63,7,14,84,103,116,8,80,11,31,32,117" hai3="47,30,99,2,26,91,22,82,97,38,113,17,52"/><V104/><F104/><W18/><G2/><T46/><D114/><U111/><E0/><V106/><F106/><W33/><G113/><T127/><D118/><U40/><E40/><V76/><F103/><W67/><G67/><T70/><D34/><U21/><E37/><V6/><F9/><W71/><G71/><T20/><D78/><U49/><E49/><V59/><F32/><W121/><G121/><T35/><D35/><U100/><E58/><V36/><F36/><W39/><G39/><N who="0" m="21695" /><D46/><U28/><E13/><V94/><F94/><W86/><G38/><T108/><D108/><N who="1" m="41515" /><E128/><V105/><F105/><W10/><G33/><T19/><D66/><U95/><E100/><V42/><F31/><W51/><G18/><T131/><D90/><U62/><E62/><V135/><F42/><W55/><G55/><T69/><D69/><U93/><E95/><V120/><F120/><W56/><G56/><T73/><D73/><U65/><E65/><V12/><REACH who="2" step="1"/><F135/><REACH who="2" ten="231,309,220,230" step="2"/><W29/><G10/><T23/><D131/><U107/><E107/><V85/><F85/><W92/><G97/><T124/><D20/><U68/><E21/><V3/><F3/><W109/><G109/><T77/><D23/><U74/><E68/><V125/><F125/><W98/><REACH who="3" step="1"/><G99/><REACH who="3" ten="231,309,220,220" step="2"/><T15/><D70/><U61/><E96/><V54/><AGARI ba="0,2" hai="6,7,8,11,12,14,54,59,63,76,80,84,116,117" machi="54" ten="20,12000,1" yaku="1,1,0,1,7,1,9,1,53,1" doraHai="24" doraHaiUra="48" who="2" fromWho="2" sc="231,-40,309,-40,220,140,220,-40" /><INIT seed="2,1,0,4,3,42" ten="191,269,360,180" oya="2" hai0="26,49,36,129,123,65,109,72,0,71,81,33,47" hai1="135,17,134,119,46,37,31,98,111,128,105,45,73" hai2="18,108,97,54,122,66,30,101,84,130,94,117,89" hai3="59,50,15,19,120,6,121,61,127,2,62,87,40"/><V113/><F122/><W106/><G106/><T67/><D123/><U70/><E70/><V38/><F117/><W9/><G127/><T11/><D109/><U114/><E37/><V43/><F30/><W4/><G4/><N who="0" m="1415" /><D49/><U32/><E114/><V132/><F66/><W1/><G1/><T44/><D129/><U103/><E111/><V28/><F28/><W96/><G96/><T39/><D26/><N who="1" m="18551" /><E73/><V92/><F132/><N who="1" m="50729" /><E119/><V131/><F113/><W14/><G2/><T48/><D33/><U27/><E128/><V41/><F41/><W68/><G68/><T77/><D36/><U112/><E112/><V133/><F108/><W56/><G87/><T124/><D71/><U57/><E57/><V78/><F133/><W20/><G59/><T116/><D124/><U58/><E58/><V85/><F130/><W55/><REACH who="3" step="1"/><G62/><REACH who="3" ten="191,269,360,170" step="2"/><T90/><D116/><U88/><E105/><V69/><F85/><W29/><G29/><T5/><D5/><U95/><E103/><V110/><F101/><W8/><G8/><T63/><D63/><U104/><E104/><V22/><F69/><W23/><G23/><AGARI ba="1,1" hai="17,23,27,45,46,88,95,98" m="50729,18551" machi="23" ten="30,7700,0" yaku="20,1,52,2,54,1" doraHai="42" who="1" fromWho="3" sc="191,0,269,90,360,0,170,-80" /><INIT seed="3,0,0,2,1,54" ten="191,359,360,90" oya="3" hai0="39,118,16,81,93,70,40,8,29,76,26,27,108" hai1="58,69,125,21,63,68,116,55,34,32,107,67,35" hai2="3,121,84,91,41,47,105,96,73,75,4,9,51" hai3="134,112,98,72,20,115,97,6,124,66,101,92,80"/><W113/><G6/><T28/><D118/><U10/><E116/><V131/><F131/><W50/><G66/><T120/><D120/><U126/><E107/><V128/><F128/><W33/><G33/><T24/><D70/><U133/><E133/><V95/><F121/><W77/><G50/><T82/><D108/><U19/><E10/><V122/><F122/><W45/><G45/><T85/><D39/><U42/><E42/><V111/><F111/><W78/><G20/><T48/><D93/><U106/><E106/><V88/><REACH who="2" step="1"/><F105/><REACH who="2" ten="191,359,350,90" step="2"/><W61/><G134/><T1/><D1/><U132/><E132/><V65/><F65/><W123/><G123/><T14/><REACH who="0" step="1"/><D82/><AGARI ba="0,1" hai="3,4,9,41,47,51,73,75,82,84,88,91,95,96" machi="82" ten="30,3900,0" yaku="1,1,7,1,54,1,53,0" doraHai="54" doraHaiUra="25" who="2" fromWho="0" sc="191,-39,359,0,350,49,90,0" /><INIT seed="4,0,0,2,5,43" ten="152,359,399,90" oya="0" hai0="91,74,34,95,24,99,7,112,32,56,28,94,51" hai1="124,64,134,133,2,90,17,100,123,93,46,127,36" hai2="14,45,23,67,70,118,58,1,55,89,30,119,4" hai3="113,96,40,135,15,54,26,115,59,62,10,31,42"/><T16/><D74/><U102/><E2/><V98/><F1/><W87/><G135/><N who="1" m="51722" /><E64/><V116/><F70/><W21/><G96/><T69/><D69/><U104/><E17/><V86/><F67/><W97/><G97/><T71/><D71/><U13/><E13/><V75/><F75/><W66/><G66/><T105/><D105/><U106/><E123/><V37/><F98/><W128/><G128/><T121/><D121/><U19/><E19/><N who="2" m="10743" /><F30/><W49/><G87/><T41/><D34/><U132/><E132/><V125/><F125/><N who="1" m="48201" /><E46/><V57/><F4/><W126/><G126/><T22/><D7/><U5/><E36/><V110/><F110/><W12/><G12/><T65/><D112/><U35/><E35/><V18/><F18/><W103/><G103/><N who="1" m="39466" /><E5/><V61/><F58/><W130/><G15/><T76/><D65/><U77/><E77/><V79/><F79/><W108/><G10/><T9/><D76/><U68/><E68/><V111/><F37/><W78/><G78/><T47/><D9/><U84/><AGARI ba="0,0" hai="84,90,93,104,106" m="39466,48201,51722" machi="84" ten="40,8000,1" yaku="20,1,18,1,34,2" doraHai="43" who="1" fromWho="1" sc="152,-40,359,80,399,-20,90,-20" /><INIT seed="5,0,0,5,2,43" ten="112,439,379,70" oya="1" hai0="33,70,119,95,81,59,58,45,10,92,98,38,56" hai1="122,46,103,114,55,112,118,73,91,94,17,80,44" hai2="51,110,89,105,121,107,75,47,16,108,25,117,128" hai3="109,8,9,71,0,127,84,96,1,49,86,54,125"/><U123/><E118/><V52/><F75/><W31/><G31/><T61/><D119/><U41/><E103/><V34/><F117/><W99/><G71/><T101/><D33/><U29/><E29/><V106/><F121/><W48/><REACH who="3" step="1"/><G54/><REACH who="3" ten="112,439,379,60" step="2"/><T131/><D70/><U111/><E55/><V129/><F34/><W14/><G14/><T120/><D120/><U83/><E123/><V100/><F100/><W77/><G77/><T115/><D115/><U62/><E122/><V24/><F89/><W72/><G72/><T12/><D131/><N who="2" m="50250" /><F25/><W135/><G135/><T35/><D12/><U20/><E73/><V22/><AGARI ba="0,1" hai="16,22,24,47,51,52,105,106,107,108,110" m="50250" machi="22" ten="40,8000,1" yaku="19,1,52,1,54,2" doraHai="43" who="2" fromWho="2" sc="112,-20,439,-40,379,90,60,-20" /><INIT seed="6,0,0,0,0,82" ten="92,399,469,40" oya="2" hai0="65,104,118,41,25,8,21,46,126,99,50,119,120" hai1="63,9,88,38,89,61,62,123,76,111,69,24,133" hai2="128,31,7,87,42,127,3,121,13,84,74,105,134" hai3="11,116,94,110,131,130,54,60,80,43,17,115,44"/><V55/><F74/><W12/><G110/><T56/><D120/><U36/><E111/><V45/><F105/><W77/><G116/><N who="0" m="44587" /><D126/><U114/><E24/><V86/><F3/><W34/><G34/><T124/><D124/><U14/><E76/><V72/><F72/><W73/><G115/><T112/><D112/><U97/><E114/><V30/><F121/><W108/><G108/><T22/><D8/><U90/><E123/><V48/><F127/><W107/><G107/><T102/><D25/><U53/><E69/><V29/><F134/><W0/><G0/><T125/><D125/><U129/><E133/><V92/><F128/><W37/><G54/><N who="0" m="31831" /><D65/><U23/><E23/><V18/><F7/><W67/><REACH who="3" step="1"/><G94/><REACH who="3" ten="92,399,469,30" step="2"/><T57/><D57/><AGARI ba="0,1" hai="11,12,17,37,43,44,57,60,67,73,77,80,130,131" machi="57" ten="40,2600,0" yaku="1,1,2,1,53,0" doraHai="82" doraHaiUra="16" who="3" fromWho="0" sc="92,-26,399,0,469,0,30,36" /><INIT seed="7,0,0,0,3,58" ten="66,399,469,66" oya="3" hai0="86,100,8,96,79,115,11,1,78,59,108,127,3" hai1="119,106,131,102,116,63,56,76,129,16,91,55,75" hai2="133,110,117,82,121,23,125,112,31,49,94,70,62" hai3="124,7,2,6,0,72,67,43,44,15,68,36,12"/><W69/><G72/><T47/><D108/><U30/><E30/><V105/><F105/><W89/><G124/><T64/><D127/><U85/><E76/><V104/><F104/><W57/><G89/><T98/><D115/><U17/><E106/><V5/><F5/><W38/><G57/><T123/><D123/><U103/><E75/><V92/><F112/><W77/><G67/><T13/><D1/><U107/><E107/><V45/><F82/><W9/><G77/><N who="0" m="29195" /><D3/><U65/><E55/><V32/><F32/><W33/><G33/><T4/><D86/><U26/><E26/><V39/><F39/><W109/><G109/><T52/><D11/><U83/><E103/><V74/><F74/><W28/><G28/><T61/><D100/><U42/><E42/><V41/><F41/><W40/><REACH who="3" step="1"/><G9/><REACH who="3" ten="66,399,469,56" step="2"/><T120/><D120/><U87/><E102/><V90/><F90/><W93/><G93/><T22/><D22/><U135/><E87/><V20/><F125/><W97/><G97/><N who="0" m="37483" /><D47/><AGARI ba="0,1" hai="0,2,6,7,12,15,36,38,40,43,44,47,68,69" machi="47" ten="25,4800,0" yaku="1,1,22,2,53,0" doraHai="58" doraHaiUra="114" who="3" fromWho="0" sc="66,-48,399,0,469,0,56,58" /><INIT seed="7,1,0,5,1,6" ten="18,399,469,114" oya="3" hai0="56,74,105,70,117,26,123,11,58,1,76,97,130" hai1="30,21,135,134,125,94,73,24,13,133,72,114,110" hai2="93,57,89,78,67,120,14,118,45,91,109,87,37" hai3="9,86,122,90,100,8,126,65,2,131,22,64,7"/><W124/><G122/><T75/><D123/><U127/><E94/><V92/><F120/><W88/><G131/><T50/><D70/><U41/><E41/><V4/><F109/><W108/><G108/><T48/><D117/><U3/><E110/><V62/><F118/><W71/><G100/><T106/><D97/><U15/><E73/><V19/><F4/><N who="3" m="1047" /><G71/><T40/><D26/><U115/><E3/><V83/><F37/><W85/><G85/><T18/><D1/><U54/><E72/><V17/><F45/><W29/><G90/><N who="2" m="34313" /><F19/><W33/><G22/><AGARI ba="1,0" hai="14,17,22,57,62,67,78,83,87,92,93" m="34313" machi="22" ten="30,1000,0" yaku="8,1" doraHai="6" who="2" fromWho="3" sc="18,0,399,0,469,13,114,-13" owari="18,-48.0,399,20.0,482,58.0,101,-30.0" /></mjloggm>