<mjloggm ver="2.3"><GO type="169" lobby="0"/><UN n0="%E3%82%A6%E3%83%AB%E3%83%88%E3%83%A9%E7%AB%8B%E7%9B%B4" n1="%E7%B5%B6%E5%AF%BE%E4%B8%8D%E5%8F%AF%E4%BE%B5%E9%A0%98%E5%9F%9F" n2="%E2%98%86%E7%9C%9F%E9%A2%A8%E2%98%86" n3="%E3%82%AA%E3%82%AB%E3%83%AB%E3%83%88%E4%B8%80%E8%89%B2" dan="18,16,16,16" rate="2175.79,2144.31,2138.71,2099.55" sx="M,M,F,M"/><TAIKYOKU oya="0"/><INIT seed="0,0,0,1,2,63" ten="250,250,250,250" oya="0" hai0="44,64,103,57,93,123,101,59,3,11,108,107,51" hai1="73,62,23,89,35,79,97,10,80,133,2,7,52" hai2="29,104,131,102,124,117,21,4,122,68,83,88,110" hai3="56,0,32,12,90,81,66,37,86,135,67,74,84"/><T82/><D107/><U20/><E35/><V115/><F115/><W25/><G0/><T1/><D123/><U121/><E121/><V27/><F122/><W128/><G74/><T120/><D120/><U71/><E133/><V47/><F110/><W98/><G135/><T127/><D108/><U34/><E34/><V17/><F131/><W16/><G128/><T53/><D127/><U134/><E134/><V106/><F124/><W58/><G37/><T75/><D75/><U39/><E39/><V61/><F117/><W18/><G98/><T78/><D3/><U5/><E5/><V31/><F4/><W48/><G32/><T60/><D1/><U126/><E126/><V9/><F47/><W33/><G33/><T76/><D11/><U118/><E118/><V132/><F132/><W46/><G25/><T94/><D44/><U6/><E6/><V30/><F9/><N who="3" m="6159" /><G18/><T65/><D82/><U129/><E129/><V49/><F49/><W87/><G87/><T19/><D19/><U8/><E8/><V109/><F109/><W95/><G58/><T99/><D65/><N who="3" m="24585" /><G56/><T40/><D40/><U14/><E71/><V92/><F68/><W28/><G28/><T55/><D55/><U116/><E116/><V85/><F61/><W119/><G119/><T24/><D24/><U96/><E2/><V43/><F106/><W13/><G13/><T113/><D113/><U77/><E23/><V114/><F104/><W125/><G125/><T100/><D99/><N who="1" m="37963" /><E20/><V41/><F114/><W42/><G84/><T112/><D112/><U130/><E130/><V69/><F69/><RYUUKYOKU ba="0,0" sc="250,10,250,-30,250,10,250,10" hai0="51,53,57,59,60,64,76,78,93,94,100,101,103" hai2="17,21,27,29,30,31,41,43,83,85,88,92,102" hai3="42,46,48,81,86,90,95" /><INIT seed="0,1,0,0,3,46" ten="260,220,260,260" oya="0" hai0="6,17,112,25,50,102,42,58,135,124,116,39,83" hai1="32,19,111,18,33,80,31,9,16,122,97,103,110" hai2="120,98,10,7,27,44,105,37,79,54,89,72,128" hai3="87,73,57,64,12,2,36,68,66,35,94,81,91"/><T84/><D116/><U101/><E122/><V59/><F128/><W118/><G118/><T77/><D112/><U100/><E97/><V65/><F65/><W107/><G35/><N who="1" m="13386" /><E31/><V51/><F27/><W3/><G68/><T38/><D124/><U62/><E80/><V76/><F72/><W75/><G36/><T56/><D135/><U109/><E62/><N who="2" m="36215" /><F105/><W78/><G73/><T28/><D28/><U43/><E43/><N who="2" m="24991" /><F37/><W53/><G107/><T70/><D70/><U104/><E104/><V125/><F125/><W63/><REACH who="3" step="1"/><G12/><AGARI ba="1,0" hai="9,12,16,18,19,100,101,103,109,110,111" m="13386" machi="12" ten="40,2600,0" yaku="14,1,54,1" doraHai="46" who="1" fromWho="3" sc="260,0,220,29,260,0,260,-29" /><INIT seed="1,0,0,4,3,127" ten="260,249,260,231" oya="1" hai0="17,102,29,58,124,48,55,4,45,54,74,113,123" hai1="14,106,27,1,44,31,62,63,120,2,49,34,93" hai2="135,80,101,78,20,66,56,57,53,79,117,75,85" hai3="52,126,70,37,90,83,33,38,87,65,116,125,112"/><U3/><E106/><V121/><F121/><W50/><G112/><T100/><D74/><U89/><E14/><V73/><F117/><W132/><G33/><T94/><D113/><U43/><REACH who="1" step="1"/><E120/><REACH who="1" ten="260,239,260,231" step="2"/><V32/><F135/><W35/><G132/><T18/><D123/><U9/><E9/><V111/><F111/><W23/><G116/><T28/><D124/><U122/><E122/><V71/><F75/><W22/><G125/><T81/><D4/><U115/><E115/><V129/><F73/><W69/><G126/><T26/><D26/><U107/><E107/><V39/><F78/><W19/><G35/><T67/><D81/><U99/><AGARI ba="0,1" hai="1,2,3,27,31,34,43,44,49,62,63,89,93,99" machi="99" ten="30,3000,0" yaku="1,1,0,1,53,0" doraHai="127" doraHaiUra="131" who="1" fromWho="1" sc="260,-10,239,40,260,-10,231,-10" /><INIT seed="1,1,0,1,3,50" ten="250,279,250,221" oya="1" hai0="104,45,82,85,26,72,88,131,67,4,83,93,33" hai1="58,66,87,81,36,63,102,49,69,90,86,13,54" hai2="30,79,113,130,119,122,84,94,15,53,134,18,42" hai3="23,39,110,10,78,37,61,43,0,106,98,125,96"/><U70/><E102/><V74/><F122/><W118/><G110/><T121/><D104/><U1/><E1/><V65/><F119/><W25/><G118/><T97/><D131/><U32/><E32/><V6/><F130/><W133/><G133/><T132/><D132/><U46/><E13/><V44/><F134/><W28/><G125/><T60/><D121/><U35/><E35/><V11/><F113/><W52/><G78/><T5/><D45/><U77/><REACH who="1" step="1"/><E36/><REACH who="1" ten="250,269,250,221" step="2"/><V19/><F15/><W2/><G39/><T64/><D33/><U22/><E22/><V129/><F129/><W57/><G2/><T38/><D38/><U9/><E9/><V20/><F20/><W91/><G106/><T111/><D26/><U17/><E17/><V47/><F19/><W7/><REACH who="3" step="1"/><G91/><REACH who="3" ten="250,269,250,211" step="2"/><T128/><D128/><U68/><E68/><V34/><F79/><W71/><G71/><T80/><D111/><U101/><E101/><V29/><F11/><W92/><G92/><AGARI ba="1,2" hai="46,49,54,58,63,66,69,70,77,81,86,87,90,92" machi="92" ten="30,11600,0" yaku="1,1,7,1,52,1,53,1" doraHai="50" doraHaiUra="55" who="1" fromWho="3" sc="250,0,269,139,250,0,211,-119" /><INIT seed="1,2,0,1,4,47" ten="250,408,250,92" oya="1" hai0="77,17,75,4,133,96,48,38,64,117,20,21,72" hai1="49,69,110,63,32,66,30,44,99,9,14,93,70" hai2="51,120,7,123,41,39,81,122,94,131,45,83,59" hai3="86,102,28,54,105,80,53,82,95,111,19,76,79"/><U61/><E110/><V127/><F131/><W23/><G111/><T89/><D4/><U36/><E36/><V6/><F127/><W132/><G132/><T60/><D38/><U16/><E32/><V57/><F94/><W55/><G105/><T26/><D77/><U134/><E134/><V108/><F108/><W67/><G67/><T43/><D117/><U124/><E30/><V85/><F81/><W11/><G28/><T35/><D35/><U114/><E114/><V121/><F121/><W1/><G1/><T74/><D21/><U78/><E78/><V118/><F118/><W10/><G95/><T34/><D34/><U33/><E33/><V88/><F59/><W24/><REACH who="3" step="1"/><G102/><REACH who="3" ten="250,408,250,82" step="2"/><T87/><D133/><U5/><E124/><V113/><F113/><W115/><G115/><T97/><D64/><U106/><E106/><V90/><F123/><W125/><G125/><T31/><D31/><U40/><E69/><V46/><F122/><W18/><G18/><T13/><D17/><U22/><E70/><V100/><F100/><W68/><G68/><T3/><D3/><U119/><E66/><V58/><F120/><W0/><G0/><T112/><D112/><U8/><E119/><V109/><F109/><W50/><G50/><T101/><D48/><U129/><E129/><V84/><F7/><W62/><G62/><N who="1" m="23562" /><E5/><V91/><F6/><W116/><G116/><T2/><D60/><U71/><E71/><V52/><F83/><W25/><G25/><T107/><D26/><U65/><E65/><V135/><F135/><W104/><G104/><N who="0" m="63527" /><D2/><U56/><E56/><RYUUKYOKU ba="2,1" sc="250,-30,408,10,250,10,82,10" hai1="8,9,14,16,22,40,44,49,93,99" hai2="39,41,45,46,51,52,57,58,84,85,88,90,91" hai3="10,11,19,23,24,53,54,55,76,79,80,82,86" /><INIT seed="1,3,1,0,2,43" ten="220,418,260,92" oya="1" hai0="60,108,41,135,16,86,5,119,68,17,72,8,109" hai1="4,76,45,25,116,91,6,94,110,114,20,115,120" hai2="63,95,130,57,46,38,3,67,104,37,106,51,56" hai3="55,105,101,75,107,88,21,2,112,29,126,89,28"/><U23/><E116/><V7/><F130/><W0/><G75/><T85/><D72/><U125/><E120/><V103/><F7/><W12/><G112/><T97/><D97/><U27/><E76/><V35/><F35/><W123/><G123/><T59/><D68/><U102/><E102/><V129/><F3/><W100/><G21/><T99/><D99/><U50/><E110/><N who="0" m="42601" /><D41/><U48/><E94/><V19/><F129/><W117/><G12/><N who="0" m="5135" /><D135/><U118/><E91/><V33/><F33/><W134/><G55/><N who="0" m="33919" /><D119/><U40/><E118/><V53/><F106/><W30/><G117/><T1/><D1/><U31/><E40/><V121/><F104/><W80/><G30/><T10/><D10/><U128/><E31/><V47/><F121/><W32/><G32/><T69/><D69/><U62/><E128/><V87/><F19/><AGARI ba="3,1" hai="16,17,19,85,86" m="33919,5135,42601" machi="19" ten="30,2000,0" yaku="14,1,54,1" doraHai="43" who="0" fromWho="2" sc="220,39,418,0,260,-29,92,0" /><INIT seed="2,0,0,1,3,106" ten="259,418,231,92" oya="2" hai0="64,47,4,135,116,95,87,20,39,128,129,14,43" hai1="134,114,0,31,27,69,76,61,23,102,62,101,22" hai2="35,65,121,60,5,115,85,82,90,34,11,89,108" hai3="80,130,45,42,58,36,104,25,68,100,120,98,63"/><V3/><F115/><W79/><G120/><T127/><D64/><U50/><E0/><V46/><F121/><W83/><G130/><T70/><D70/><U1/><E1/><V93/><F46/><W54/><G25/><T53/><D116/><U52/><E114/><V28/><F28/><W21/><G21/><T49/><D127/><U17/><E76/><V112/><F112/><W111/><G111/><T56/><D135/><U94/><E134/><V123/><F123/><W91/><G91/><N who="0" m="53759" /><D4/><U77/><E77/><V78/><F108/><W55/><G55/><T33/><D33/><U38/><E38/><V125/><F125/><W84/><G80/><T86/><D86/><U103/><E94/><V16/><F16/><AGARI ba="0,0" hai="14,16,20,39,43,47,49,53,56,128,129" m="53759" machi="16" ten="30,2000,0" yaku="25,1,54,1" doraHai="106" who="0" fromWho="2" sc="259,20,418,0,231,-20,92,0" /><INIT seed="3,0,0,3,4,39" ten="279,418,211,92" oya="3" hai0="61,70,130,115,131,125,105,29,94,98,122,123,56" hai1="16,46,52,43,24,4,71,82,60,12,69,67,126" hai2="65,112,100,58,119,2,7,51,34,21,95,36,85" hai3="6,135,30,68,3,121,124,5,10,38,93,11,74"/><W32/><G93/><T107/><D70/><U73/><E126/><V22/><F112/><W48/><G48/><T103/><D125/><U79/><E69/><V28/><F36/><W108/><G124/><T109/><D29/><U134/><E4/><V99/><F119/><W35/><G121/><T18/><D18/><U26/><E134/><V64/><F85/><W13/><G135/><T117/><D117/><U15/><E15/><V76/><F76/><W118/><G118/><T31/><D31/><U49/><REACH who="1" step="1"/><E43/><REACH who="1" ten="279,408,211,92" step="2"/><V14/><F14/><W0/><G108/><T19/><D109/><U9/><AGARI ba="0,1" hai="9,12,16,24,26,46,49,52,60,67,71,73,79,82" machi="9" ten="20,12000,2" yaku="1,1,2,1,0,1,7,1,54,2,53,1" doraHai="39" doraHaiUra="42" who="1" fromWho="1" sc="279,-30,408,130,211,-30,92,-60" /><INIT seed="4,0,0,0,4,105" ten="249,538,181,32" oya="0" hai0="76,50,45,2,28,9,12,92,21,10,80,22,60" hai1="128,111,73,129,38,15,3,67,135,16,48,95,72" hai2="51,74,32,78,98,23,114,109,71,84,133,82,55" hai3="88,75,112,108,8,96,83,53,35,33,79,34,125"/><T37/><D37/><U20/><E38/><V57/><F32/><W70/><G108/><T126/><D126/><U102/><E3/><V44/><F109/><W39/><G125/><T115/><D115/><U65/><E111/><V85/><F114/><W1/><G112/><T99/><D60/><U49/><E135/><V118/><F71/><W110/><G110/><T47/><D2/><U11/><E102/><V122/><F122/><W56/><G70/><T54/><D47/><U103/><E103/><V29/><F133/><W0/><G39/><T62/><D62/><U124/><E95/><V127/><F127/><W134/><G134/><T81/><D28/><U94/><E94/><V52/><F98/><W87/><G96/><T26/><D26/><U27/><E49/><V93/><F93/><W89/><G89/><T119/><D10/><U121/><E48/><V40/><F118/><W5/><G1/><T101/><D119/><U41/><E41/><V19/><F29/><W131/><G131/><N who="1" m="50250" /><E121/><V4/><F4/><W7/><G7/><T6/><REACH who="0" step="1"/><D81/><REACH who="0" ten="239,538,181,32" step="2"/><U63/><E124/><V64/><F64/><N who="1" m="24649" /><E63/><V66/><F66/><W58/><REACH who="3" step="1"/><G53/><REACH who="3" ten="239,538,181,22" step="2"/><T61/><D61/><U46/><E46/><V86/><F55/><W91/><G91/><T30/><D30/><AGARI ba="0,2" hai="11,15,16,20,27,30,72,73" m="24649,50250" machi="30" ten="30,7700,0" yaku="19,1,52,2,54,1" doraHai="105" who="1" fromWho="0" sc="239,-77,538,97,181,0,22,0" /><INIT seed="5,0,0,3,1,115" ten="162,635,181,22" oya="1" hai0="26,63,15,96,12,120,134,81,98,64,92,108,126" hai1="112,13,127,21,102,5,59,4,27,34,11,60,36" hai2="86,53,80,123,31,76,7,87,51,65,106,90,93" hai3="101,22,111,62,84,70,69,103,47,17,54,132,78"/><U29/><E36/><V67/><F106/><W110/><G132/><T114/><D108/><U43/><E43/><V119/><F123/><W18/><G78/><T20/><D114/><U73/><E73/><V71/><F119/><W82/><G111/><T79/><D126/><U89/><E112/><V121/><F121/><W116/><G110/><T95/><D134/><U99/><E127/><V118/><F118/><W35/><G35/><T49/><D49/><U130/><E130/><V37/><F37/><W44/><G116/><T66/><D120/><U97/><E89/><V68/><F31/><W23/><G69/><T46/><D46/><N who="3" m="17449" /><G70/><T133/><D133/><U113/><E113/><V2/><F68/><W1/><G1/><T75/><D64/><U85/><E85/><V128/><F128/><W28/><G28/><T32/><D32/><U109/><E109/><V61/><F67/><W131/><G131/><T94/><D63/><U25/><E4/><V91/><F7/><W88/><G62/><T117/><D66/><U42/><E42/><V52/><F2/><W55/><G55/><T9/><D117/><U14/><E14/><V19/><F19/><N who="3" m="7179" /><G54/><T0/><D0/><U74/><E34/><V39/><F39/><W122/><G122/><T41/><D41/><U38/><E38/><V135/><F135/><W100/><AGARI ba="0,0" hai="22,23,82,84,88,100,101,103" m="7179,17449" machi="100" ten="30,2000,0" yaku="8,1,54,1" doraHai="115" who="3" fromWho="3" sc="162,-5,635,-10,181,-5,22,20" /><INIT seed="6,0,0,5,0,16" ten="157,625,176,42" oya="2" hai0="93,81,3,103,123,128,126,91,89,119,86,96,73" hai1="109,9,100,72,57,75,47,41,37,120,10,35,88" hai2="11,78,84,132,44,6,77,113,111,133,116,20,2" hai3="94,121,43,25,45,104,112,12,130,129,107,131,134"/><V23/><F113/><W22/><G121/><T135/><D3/><U28/><E100/><V0/><F116/><W79/><G112/><T49/><D123/><U7/><E10/><V33/><F33/><W62/><G134/><N who="2" m="51817" /><F2/><W124/><G124/><T114/><D135/><U125/><E88/><V127/><F127/><W42/><G12/><T48/><D126/><U90/><E125/><V106/><F106/><W61/><G79/><N who="2" m="30217" /><F111/><W118/><G118/><T85/><D73/><U97/><E109/><V99/><F99/><W55/><G94/><T122/><D122/><U54/><E90/><V76/><F44/><W36/><G43/><T4/><D119/><U51/><E97/><V101/><F101/><W17/><REACH who="3" step="1"/><G55/><REACH who="3" ten="157,625,176,32" step="2"/><T58/><D114/><U92/><E92/><V56/><F76/><W74/><G74/><T31/><D93/><U27/><E120/><V67/><F84/><W8/><G8/><T59/><D86/><U5/><E75/><V18/><F18/><W108/><G108/><T24/><D85/><U15/><E72/><V102/><F102/><W39/><G39/><T66/><D103/><U52/><E54/><V80/><F80/><W65/><G65/><T1/><D66/><U105/><E105/><AGARI ba="0,1" hai="17,22,25,36,42,45,61,62,104,105,107,129,130,131" machi="105" ten="50,8000,1" yaku="1,1,19,1,52,1,53,1" doraHai="16" doraHaiUra="70" who="3" fromWho="1" sc="157,0,625,-80,176,0,32,90" /><INIT seed="7,0,0,5,2,22" ten="157,545,176,122" oya="3" hai0="116,36,132,25,91,33,80,135,62,39,68,108,125" hai1="72,81,127,88,93,99,23,41,130,82,1,90,95" hai2="32,111,37,43,40,109,114,61,128,3,67,129,52" hai3="92,76,34,97,0,20,102,47,31,64,28,69,13"/><W73/><G0/><T126/><D108/><U26/><E1/><V2/><F32/><W19/><G34/><T30/><D116/><U103/><E72/><V66/><F114/><W71/><G47/><T18/><D18/><U24/><E130/><N who="2" m="50283" /><F3/><W106/><G106/><T21/><D21/><U120/><E120/><V11/><F11/><W75/><G75/><T65/><D91/><U58/><E127/><N who="0" m="48649" /><D80/><N who="1" m="30827" /><E41/><N who="2" m="15947" /><F37/><AGARI ba="0,0" hai="25,30,33,36,37,39,62,65,68,132,135" m="48649" machi="37" ten="30,3900,0" yaku="18,1,23,1,52,1" doraHai="22" who="0" fromWho="2" sc="157,39,545,0,176,-39,122,0" owari="196,0.0,545,64.0,137,-26.0,122,-38.0" /></mjloggm>