<mjloggm ver="2.3"><GO type="41" lobby="0"/><UN n0="%E3%83%88%E3%83%AC%E3%82%A4%E3%83%B3%37%37%37" n1="%E5%B0%B1%E6%B4%BB%E7%94%9F%40%E5%B7%9D%E6%9D%91%E8%BB%8D%E5%9B%A3" n2="%E9%85%8D%E7%89%8C%E3%83%84%E3%83%A2%E9%85%B7%E9%81%8E%E3%81%8E" n3="%E2%98%86%E3%83%8A%E3%83%9F%E2%98%86" dan="14,17,14,13" rate="1971.42,2210.27,1925.56,1884.81" sx="M,M,M,F"/><TAIKYOKU oya="0"/><INIT seed="0,0,0,4,2,30" ten="250,250,250,250" oya="0" hai0="81,123,113,38,55,31,87,33,39,11,15,13,130" hai1="88,28,18,26,83,121,95,0,40,73,67,3,131" hai2="23,32,108,9,4,20,41,85,71,94,109,112,100" hai3="93,74,125,101,53,106,59,114,84,22,104,133,124"/><T128/><D123/><U80/><E121/><V62/><F112/><W129/><G114/><T118/><D113/><U2/><E131/><N who="0" m="50217" /><D118/><U97/><E73/><V110/><F41/><W58/><G74/><T56/><D13/><U1/><N who="1" m="512" /><DORA hai="127" /><U48/><E67/><N who="2" m="41463" /><F32/><W68/><G68/><T90/><D33/><U54/><E40/><V107/><F107/><W102/><G129/><T115/><D31/><U10/><E18/><V126/><F126/><N who="3" m="48747" /><G133/><T91/><D90/><U60/><E60/><V132/><F132/><W79/><G22/><N who="2" m="8233" /><F85/><W65/><G79/><T119/><D119/><U12/><E12/><N who="2" m="5159" /><F94/><W25/><G25/><T98/><D98/><U64/><E10/><V35/><F35/><W63/><G106/><T61/><D115/><U105/><E105/><V76/><F76/><W134/><G134/><T21/><D21/><U78/><E78/><V37/><F100/><W16/><G104/><T42/><D42/><U69/><E26/><V6/><F6/><AGARI ba="0,0" hai="6,11,15,38,39,55,56,61,81,87,91" m="50217" machi="6" ten="30,11600,0" yaku="19,1,52,3" doraHai="30,127" who="0" fromWho="2" sc="250,116,250,0,250,-116,250,0" /><INIT seed="0,1,0,5,4,51" ten="366,250,134,250" oya="0" hai0="123,12,30,130,58,71,100,15,38,25,73,109,122" hai1="91,128,67,9,3,126,103,10,97,112,77,21,127" hai2="28,52,6,132,98,39,65,80,119,75,57,93,48" hai3="42,54,135,20,113,46,85,19,131,41,83,44,107"/><T88/><D100/><U117/><E117/><V79/><F119/><W94/><G107/><T87/><D73/><U1/><E77/><V133/><F28/><W60/><G113/><T27/><D71/><U33/><E67/><V125/><F125/><W115/><G115/><T18/><D38/><U0/><E112/><V74/><F39/><W22/><G135/><T63/><D130/><U72/><E72/><V104/><F75/><W31/><G131/><T86/><D87/><U62/><E33/><V90/><F6/><W114/><G94/><T4/><D4/><U56/><E21/><N who="3" m="8298" /><G19/><T17/><D109/><U76/><E91/><V111/><F111/><W8/><G8/><N who="0" m="6279" /><D30/><U45/><E45/><N who="3" m="17514" /><G31/><T24/><D122/><U124/><E76/><V89/><F89/><N who="3" m="51391" /><G114/><T96/><D96/><U101/><E128/><V64/><REACH who="2" step="1"/><F104/><REACH who="2" ten="366,250,124,250" step="2"/><W5/><G5/><T118/><D123/><U84/><E126/><V78/><F78/><W35/><G35/><T7/><D7/><U11/><E124/><V61/><F61/><W81/><G81/><N who="0" m="49231" /><D118/><U50/><E127/><V49/><F49/><W14/><G14/><T82/><D82/><U37/><E50/><V23/><F23/><W32/><G32/><T40/><D15/><U108/><E37/><V69/><F69/><W36/><G36/><T53/><D18/><U16/><E16/><V110/><F110/><W134/><G134/><AGARI ba="1,1" hai="48,52,57,64,65,74,79,80,90,93,98,132,133,134" machi="134" ten="40,8000,1" yaku="1,1,20,1,52,1,54,1,53,0" doraHai="51" doraHaiUra="99" who="2" fromWho="3" sc="366,0,250,0,124,93,250,-83" /><INIT seed="1,0,0,2,0,10" ten="366,250,217,167" oya="1" hai0="15,68,6,28,128,0,13,36,111,100,119,72,79" hai1="105,60,22,1,125,133,116,84,122,49,94,21,64" hai2="121,4,59,31,39,20,44,65,43,46,124,83,18" hai3="62,131,95,52,106,9,37,92,53,132,54,107,80"/><U76/><E105/><N who="3" m="39946" /><G80/><T27/><D100/><U26/><E116/><V71/><F121/><W25/><G62/><T89/><D68/><U57/><E133/><V93/><F71/><W7/><G9/><T118/><D36/><U33/><E125/><V55/><F124/><W56/><G56/><T102/><D102/><U63/><E1/><V99/><F83/><W96/><G7/><T129/><D0/><U30/><E122/><V2/><F65/><W42/><G42/><T73/><D6/><U61/><E33/><V127/><F127/><W113/><G25/><T109/><D27/><U126/><E126/><V75/><F2/><W130/><G96/><T11/><D11/><U8/><E22/><V112/><F4/><W70/><G70/><T78/><D89/><U47/><E8/><V77/><F59/><W81/><G81/><T97/><D97/><U101/><E76/><V3/><F3/><W41/><G41/><T34/><D28/><U29/><E29/><V74/><F31/><W104/><G104/><T67/><D67/><U91/><REACH who="1" step="1"/><E101/><REACH who="1" ten="366,240,217,167" step="2"/><N who="2" m="60655" /><F77/><W45/><G132/><T38/><D38/><U87/><E87/><V35/><F35/><AGARI ba="0,1" hai="13,15,34,35,72,73,78,79,109,111,118,119,128,129" machi="35" ten="25,6400,0" yaku="22,2,52,2" doraHai="10" who="0" fromWho="2" sc="366,74,240,0,217,-64,167,0" /><INIT seed="2,0,0,0,2,97" ten="440,240,153,167" oya="2" hai0="76,34,124,70,29,32,39,121,74,12,52,94,134" hai1="5,2,37,47,73,119,54,92,0,104,17,30,100" hai2="85,44,126,101,4,118,105,72,80,84,108,7,65" hai3="133,115,90,83,125,135,98,43,66,41,15,132,35"/><V38/><F118/><W114/><G35/><T59/><D70/><U88/><E73/><V31/><F126/><W11/><G66/><T22/><D39/><U48/><E37/><V109/><F72/><W42/><G83/><T56/><D124/><U51/><E30/><V60/><F31/><W62/><G90/><T71/><D71/><U91/><E5/><V10/><F85/><W8/><G98/><T46/><D121/><U16/><E119/><V123/><F123/><W21/><G62/><T67/><D46/><N who="1" m="27927" /><E2/><V122/><F122/><W3/><G3/><T107/><D107/><U9/><E0/><V6/><F10/><W68/><G68/><T53/><D29/><U49/><E104/><V112/><F112/><N who="3" m="43051" /><G125/><T57/><D74/><U86/><E9/><N who="3" m="3658" /><G21/><T40/><D32/><U93/><E51/><V28/><F28/><W77/><G77/><T18/><D34/><U96/><E91/><N who="2" m="51591" /><F65/><W102/><G15/><T24/><D76/><U81/><E81/><V79/><F79/><W26/><G26/><T55/><D24/><U89/><E89/><V78/><F78/><W27/><G27/><T25/><D25/><U63/><E63/><V131/><F60/><W111/><G111/><N who="2" m="42569" /><F131/><W116/><G116/><T33/><D33/><U87/><E87/><V113/><F113/><W82/><G82/><T36/><D67/><U23/><E23/><V128/><F128/><W95/><G95/><T129/><D94/><U58/><E93/><V103/><F105/><W117/><G117/><T19/><D129/><U50/><E86/><V64/><F64/><W130/><G130/><RYUUKYOKU ba="0,0" sc="440,-15,240,-15,153,15,167,15" hai2="4,6,7,38,44,101,103" hai3="41,42,43,102,132,133,135" /><INIT seed="2,1,0,1,4,18" ten="425,225,168,182" oya="2" hai0="103,59,45,51,102,78,132,126,86,43,22,73,33" hai1="77,65,113,64,31,115,119,112,104,125,93,71,130" hai2="30,58,91,29,63,2,95,25,1,27,20,105,131" hai3="70,7,121,111,116,127,106,21,61,97,24,92,99"/><V128/><F105/><W55/><G121/><T35/><D73/><U68/><E104/><V19/><F19/><W56/><G116/><T9/><D132/><U49/><E77/><V6/><F6/><W79/><G127/><T101/><D126/><U4/><E4/><V81/><F81/><W53/><G111/><T26/><D9/><U72/><E72/><V120/><F120/><W88/><G79/><T32/><D59/><U94/><E31/><V50/><F50/><W100/><G7/><T75/><D75/><U124/><E119/><V52/><F95/><W11/><G11/><T109/><D109/><U40/><E130/><V5/><F91/><W3/><G3/><T83/><REACH who="0" step="1"/><D102/><REACH who="0" ten="415,225,168,182" step="2"/><U15/><E124/><V17/><F5/><W39/><G70/><T10/><D10/><U66/><E125/><V28/><F2/><W42/><G42/><T37/><D37/><U23/><E68/><V98/><F1/><W62/><G39/><T80/><D80/><U108/><E71/><V46/><F46/><W118/><G118/><T82/><D82/><U122/><E108/><V133/><F133/><W135/><G135/><T76/><D76/><U123/><E122/><V36/><F36/><W107/><G55/><T16/><AGARI ba="1,1" hai="16,22,26,32,33,35,43,45,51,78,83,86,101,103" machi="16" ten="30,8000,1" yaku="1,1,0,1,52,1,54,1,53,1" doraHai="18" doraHaiUra="41" who="0" fromWho="0" sc="415,93,225,-21,168,-41,182,-21" /><INIT seed="3,0,0,4,5,129" ten="508,204,127,161" oya="3" hai0="25,122,67,47,10,26,48,134,88,102,84,52,105" hai1="127,15,33,0,72,20,23,90,34,21,38,128,55" hai2="16,2,69,65,74,57,92,46,83,121,97,126,91" hai3="71,106,36,51,49,94,30,130,104,98,18,59,111"/><W14/><G71/><T131/><D134/><U116/><E72/><V77/><F126/><W64/><G130/><T86/><D131/><U78/><E78/><V42/><F121/><W13/><G36/><T110/><D122/><U35/><E38/><V54/><F2/><W5/><G30/><T22/><D110/><U50/><E128/><V60/><F69/><W109/><G106/><T132/><D132/><U37/><E37/><V8/><F42/><W113/><G104/><T117/><D67/><U7/><E127/><V87/><F46/><W112/><G5/><T63/><D63/><U103/><E103/><V124/><F124/><W19/><G64/><T43/><D43/><U107/><E107/><V29/><F29/><W17/><G59/><T95/><D117/><U62/><E62/><V89/><F74/><W96/><G19/><T120/><D120/><U24/><E90/><N who="2" m="55447" /><F65/><W53/><G94/><T40/><D40/><U118/><E55/><AGARI ba="0,0" hai="13,14,17,18,49,51,53,55,96,98,109,111,112,113" machi="55" ten="25,2400,0" yaku="22,2" doraHai="129" who="3" fromWho="1" sc="508,0,204,-24,127,0,161,24" /><INIT seed="3,1,0,5,5,37" ten="508,180,127,185" oya="3" hai0="95,124,67,45,88,59,7,126,92,24,43,9,4" hai1="49,23,46,41,82,22,93,102,108,20,74,119,13" hai2="135,65,101,18,66,47,78,85,33,27,60,121,8" hai3="69,131,58,73,68,34,2,62,116,48,134,105,79"/><W113/><RYUUKYOKU type="yao9" ba="1,0" sc="508,0,180,0,127,0,185,0" hai3="2,34,48,58,62,68,69,73,79,105,113,116,131,134" /><INIT seed="3,2,0,0,5,45" ten="508,180,127,185" oya="3" hai0="19,87,68,4,74,98,3,37,61,18,41,86,46" hai1="21,115,100,132,126,73,72,102,51,50,111,57,112" hai2="113,1,99,101,80,78,54,127,13,128,63,123,91" hai3="42,47,134,92,120,5,25,17,11,40,12,38,106"/><W114/><G106/><T9/><D74/><U64/><E73/><V49/><F113/><W95/><G120/><T10/><D98/><U34/><E34/><V27/><F123/><W93/><G114/><T109/><D109/><U94/><E72/><V16/><F1/><W32/><G134/><T104/><D104/><U65/><E111/><V79/><F128/><W59/><G59/><T121/><D121/><U7/><E7/><V75/><F127/><W122/><G122/><T56/><D68/><U53/><E126/><V124/><F124/><W97/><G42/><T119/><D119/><U129/><E129/><V8/><F63/><W2/><G32/><T44/><D46/><U89/><E21/><N who="2" m="13735" /><F75/><W81/><G81/><T117/><D117/><U62/><E132/><V35/><F35/><W135/><G135/><T82/><D10/><U105/><E105/><V133/><F133/><W125/><G125/><T52/><D86/><N who="1" m="52535" /><E115/><V88/><F80/><W0/><G97/><T67/><D67/><N who="1" m="25675" /><E112/><V22/><F22/><W15/><REACH who="3" step="1"/><G25/><REACH who="3" ten="508,180,127,175" step="2"/><T14/><D41/><U24/><E24/><V131/><F131/><W33/><G33/><T83/><D56/><U28/><E28/><V31/><F31/><W110/><G110/><T90/><D83/><U70/><E70/><V30/><F30/><W23/><AGARI ba="2,1" hai="0,2,5,11,12,15,17,23,38,40,47,92,93,95" machi="23" ten="30,3000,0" yaku="1,1,0,1,53,0" doraHai="45" doraHaiUra="76" who="3" fromWho="3" sc="508,-12,180,-12,127,-12,175,46" /><INIT seed="3,3,0,0,3,90" ten="496,168,115,221" oya="3" hai0="69,12,48,67,116,13,125,135,16,7,100,70,60" hai1="112,83,25,127,24,89,82,123,49,63,1,50,134" hai2="28,114,87,15,34,47,61,31,105,102,26,19,72" hai3="43,75,55,22,79,132,33,3,129,21,18,80,51"/><W76/><G33/><T37/><D116/><U85/><E112/><V71/><F114/><W119/><G119/><T117/><D117/><U91/><E1/><V23/><F72/><W118/><G118/><T46/><D135/><U54/><E123/><V101/><F31/><W98/><G3/><T40/><D125/><U108/><E108/><V57/><F47/><W53/><G132/><T58/><D100/><U65/><E134/><V128/><F128/><W81/><G129/><T4/><D13/><U11/><E11/><V32/><F32/><W45/><G98/><T111/><D111/><U106/><E106/><V97/><F102/><W39/><G39/><T29/><D29/><U107/><E107/><V42/><F42/><W59/><G59/><T74/><D74/><U104/><E104/><V52/><F87/><W66/><G66/><T64/><D67/><U35/><E35/><V14/><F14/><W8/><G8/><T126/><D126/><U88/><E127/><V96/><F96/><W92/><G18/><T120/><D120/><U27/><E54/><V17/><F17/><W9/><G9/><N who="0" m="6159" /><D70/><U44/><E44/><V84/><F84/><W130/><G130/><T86/><D86/><U56/><REACH who="1" step="1"/><E85/><REACH who="1" ten="496,158,115,221" step="2"/><V110/><F110/><W5/><G75/><T6/><D6/><U20/><E20/><N who="3" m="7786" /><G5/><T131/><D131/><U38/><E38/><V109/><F109/><W10/><G10/><T41/><D41/><U122/><E122/><V121/><F121/><W133/><G133/><T73/><D73/><U94/><E94/><V77/><F71/><W30/><G92/><RYUUKYOKU ba="3,1" sc="496,10,158,10,115,10,221,-30" hai0="4,7,37,40,46,48,58,60,64,69" hai1="24,25,27,49,50,56,63,65,82,83,88,89,91" hai2="15,19,23,26,28,34,52,57,61,77,97,101,105" /><INIT seed="4,4,1,1,0,19" ten="506,168,125,191" oya="0" hai0="80,11,71,53,130,105,129,64,41,79,10,103,91" hai1="88,12,22,27,85,104,4,14,94,61,45,99,29" hai2="93,84,125,132,86,52,97,69,49,38,51,116,57" hai3="75,28,2,50,134,96,16,128,32,119,24,31,76"/><T30/><D41/><U110/><E110/><V87/><F38/><W5/><G119/><T126/><D126/><U133/><E133/><V33/><F125/><W20/><G134/><T37/><D37/><U107/><E107/><V15/><F132/><W34/><G128/><T39/><D39/><U43/><E4/><V55/><F116/><W102/><G76/><T48/><D64/><U36/><E104/><V113/><F113/><W42/><G75/><T1/><D71/><U18/><E61/><V115/><F115/><W70/><G70/><T121/><D121/><U78/><E78/><V44/><F69/><W95/><G50/><T72/><D30/><U47/><E47/><V77/><F33/><W59/><G59/><T83/><D1/><U109/><E109/><V108/><F108/><W123/><G42/><T114/><D114/><U17/><E17/><V122/><F122/><W135/><G135/><T26/><D26/><U40/><E40/><V112/><F112/><W101/><G123/><T117/><D117/><U7/><E7/><V127/><F127/><W98/><G5/><T111/><D111/><U46/><E46/><V66/><F66/><W3/><G31/><T90/><D103/><U81/><E29/><V65/><F65/><W100/><G34/><T0/><D105/><U120/><E120/><V131/><F131/><N who="0" m="50186" /><D0/><U6/><E6/><V118/><F118/><W21/><G32/><T63/><D63/><U68/><E68/><V58/><F77/><W60/><G60/><T82/><D79/><N who="1" m="46271" /><E36/><V92/><F44/><W89/><G98/><T56/><D72/><RYUUKYOKU ba="4,1" sc="506,10,168,10,125,-30,191,10" hai0="10,11,48,53,56,80,82,83,90,91" hai1="12,14,18,22,27,43,45,88,94,99" hai3="2,3,16,20,21,24,28,89,95,96,100,101,102" /><INIT seed="4,5,1,3,5,109" ten="516,178,95,201" oya="0" hai0="51,97,66,36,0,131,3,92,121,60,1,46,56" hai1="96,111,122,50,15,64,101,81,55,126,28,42,74" hai2="120,87,110,12,117,125,71,90,17,93,91,70,88" hai3="112,5,41,57,30,45,69,82,27,77,78,127,105"/><T13/><D121/><U100/><E111/><V115/><F110/><W52/><G105/><T43/><D131/><U49/><E122/><V123/><F117/><W9/><G69/><T6/><D13/><U10/><E126/><V47/><F125/><W104/><G104/><T21/><D21/><U85/><E28/><V107/><F107/><W79/><G127/><T19/><D19/><N who="1" m="8695" /><E74/><V65/><F71/><W89/><G89/><T99/><D6/><U37/><E37/><V130/><F130/><W133/><G133/><T98/><REACH who="0" step="1"/><D36/><REACH who="0" ten="506,178,95,201" step="2"/><U95/><E64/><V128/><F128/><W8/><G5/><T58/><D58/><U53/><E42/><V40/><F70/><W114/><G9/><T39/><D39/><U103/><E53/><V116/><F123/><W135/><G135/><T67/><D67/><U25/><E25/><V113/><F120/><W80/><G8/><T59/><D59/><N who="1" m="33263" /><E50/><N who="2" m="26983" /><F65/><W75/><G41/><T18/><D18/><U76/><AGARI ba="5,2" hai="76,81,85,95,96,100,101,103" m="33263,8695" machi="76" ten="30,1100,0" yaku="8,1" doraHai="109" who="1" fromWho="1" sc="506,-10,178,46,95,-8,201,-8" /><INIT seed="5,0,0,1,4,19" ten="496,224,87,193" oya="1" hai0="71,97,102,129,120,77,105,81,67,5,29,62,75" hai1="106,45,15,117,95,3,78,39,126,18,38,31,134" hai2="98,54,27,61,47,12,116,103,22,72,20,9,109" hai3="131,119,34,87,32,24,82,93,30,25,84,6,17"/><U83/><E3/><V101/><F116/><W60/><G119/><T57/><D57/><U44/><E106/><V28/><F109/><W26/><G131/><T122/><D129/><U0/><E0/><V123/><F72/><W133/><G133/><T135/><D135/><U65/><E65/><V16/><F123/><W56/><G6/><T49/><D49/><U73/><E31/><V112/><F112/><W76/><G93/><T52/><D52/><U14/><E14/><V41/><F61/><W55/><G87/><T48/><D48/><U125/><E95/><V8/><F54/><W21/><G26/><T113/><D113/><U128/><E128/><V91/><F91/><W4/><G4/><T74/><D74/><U124/><E134/><V1/><F1/><W10/><G10/><N who="2" m="4201" /><F98/><W96/><REACH who="3" step="1"/><G96/><REACH who="3" ten="496,224,87,183" step="2"/><T35/><D5/><U99/><E99/><V127/><F127/><W43/><G43/><T94/><D94/><U70/><E117/><V42/><F42/><W92/><G92/><T132/><D132/><U37/><E70/><V40/><F40/><W108/><G108/><T46/><D46/><U115/><E115/><V121/><F121/><W50/><G50/><AGARI ba="0,1" hai="12,16,20,22,27,28,41,47,50,101,103" m="4201" machi="50" ten="30,7700,0" yaku="8,1,52,2,54,1" doraHai="19" who="2" fromWho="3" sc="496,0,224,0,87,87,183,-77" /><INIT seed="6,0,0,3,0,65" ten="496,224,174,106" oya="2" hai0="64,0,13,35,80,128,104,112,4,48,69,12,118" hai1="6,78,71,14,62,25,56,19,109,24,18,5,117" hai2="67,120,50,134,16,122,130,133,111,76,135,66,53" hai3="73,82,61,54,101,17,2,132,103,119,92,83,107"/><V29/><F29/><W27/><G119/><T86/><D118/><U39/><E71/><V34/><F34/><W85/><G2/><T43/><D35/><U31/><E39/><V51/><F111/><W126/><G126/><T115/><D104/><U74/><E74/><V11/><F76/><W1/><G1/><T124/><D124/><U105/><E105/><V47/><F51/><W52/><G132/><T60/><D128/><U55/><E109/><V23/><F130/><W131/><G107/><T40/><D0/><U121/><E78/><V81/><F81/><N who="3" m="30731" /><G61/><T9/><D13/><U45/><E31/><V36/><F36/><W15/><G27/><N who="1" m="10314" /><E19/><V97/><F97/><W72/><G72/><T113/><D48/><N who="1" m="29071" /><E117/><V123/><F11/><N who="3" m="6399" /><G73/><T10/><D10/><N who="1" m="6487" /><E121/><V68/><F68/><W108/><G108/><T79/><AGARI ba="0,0" hai="4,9,12,40,43,60,64,69,79,80,86,112,113,115" machi="79" ten="30,4000,0" yaku="0,1,15,1,52,1" doraHai="65" who="0" fromWho="0" sc="496,40,224,-10,174,-20,106,-10" /><INIT seed="7,0,0,2,1,103" ten="536,214,154,96" oya="3" hai0="33,20,101,10,131,43,81,100,119,13,78,130,21" hai1="121,71,86,73,106,40,31,91,37,72,124,2,123" hai2="48,93,69,11,58,134,16,75,82,77,102,122,79" hai3="109,62,87,133,8,28,120,76,57,105,22,111,80"/><W14/><G120/><T0/><D0/><U53/><E106/><V85/><F122/><W19/><G133/><T117/><D33/><U49/><E71/><V4/><F134/><W88/><G76/><T115/><D115/><U98/><E2/><V42/><F69/><W67/><G28/><T125/><D125/><U110/><E110/><N who="3" m="41994" /><G8/><T7/><D43/><U36/><E40/><V97/><F75/><W47/><G47/><T113/><D113/><U114/><E98/><V74/><F74/><W9/><G9/><T84/><D21/><U39/><E31/><V127/><F127/><W59/><G59/><T3/><D20/><U132/><E114/><V64/><F77/><W61/><G61/><T24/><D24/><U60/><E60/><N who="2" m="37911" /><F4/><W99/><G99/><T90/><D78/><U55/><E124/><V54/><F42/><W118/><G118/><N who="0" m="45067" /><D3/><U5/><E132/><V70/><F70/><W23/><G23/><T51/><D51/><U27/><E49/><V12/><F48/><W30/><G30/><T63/><D63/><U94/><E5/><V128/><F128/><AGARI ba="0,0" hai="7,10,13,81,84,90,100,101,128,130,131" m="45067" machi="128" ten="30,1000,0" yaku="19,1" doraHai="103" who="0" fromWho="2" sc="536,10,214,0,154,-10,96,0" owari="546,65.0,214,1.0,144,-26.0,96,-40.0" /></mjloggm>