<mjloggm ver="2.3"><GO type="169" lobby="0"/><UN n0="%E5%B0%B1%E6%B4%BB%E7%94%9F%40%E5%B7%9D%E6%9D%91%E8%BB%8D%E5%9B%A3" n1="%73%61%69%72%61%73%75" n2="%E3%80%93%E3%81%84%E3%81%A1%E3%81%AF%E3%82%89%E3%80%93" n3="%E3%83%94%E3%83%B3%E3%82%AF%E3%81%AE%E3%81%84%E3%81%BC%E3%81%84%E3%81%BC" dan="17,17,18,16" rate="2150.80,2165.05,2243.61,2148.54" sx="M,M,M,M"/><TAIKYOKU oya="0"/><INIT seed="0,0,0,1,3,107" ten="250,250,250,250" oya="0" hai0="129,87,76,123,110,90,70,115,18,104,29,32,108" hai1="133,47,52,98,75,31,103,58,46,17,11,16,61" hai2="85,49,5,43,50,51,94,122,82,28,79,57,119" hai3="67,9,134,126,13,7,112,106,3,4,41,35,124"/><T12/><D123/><U131/><E133/><V81/><F122/><W39/><G106/><T84/><D115/><U2/><E131/><V26/><F119/><W71/><G112/><T33/><D70/><U99/><E31/><V27/><F5/><W101/><G101/><T105/><D129/><U89/><E75/><V30/><F94/><W128/><G35/><T24/><D33/><U72/><E72/><V116/><F116/><W53/><G134/><T0/><D0/><U40/><E89/><V68/><F68/><W93/><G93/><T22/><D76/><U8/><E2/><V54/><F43/><W6/><G53/><T118/><D87/><U34/><E34/><V21/><REACH who="2" step="1"/><F82/><REACH who="2" ten="250,250,240,250" step="2"/><W25/><G3/><T91/><D118/><U113/><E113/><V78/><F78/><W127/><G128/><T14/><D104/><U64/><E103/><V120/><F120/><W10/><G7/><T117/><D105/><U130/><E130/><V121/><F121/><W36/><G41/><T96/><D117/><U48/><E99/><V60/><F60/><W132/><G132/><T59/><D96/><U62/><E98/><V88/><F88/><W109/><G127/><T97/><D97/><U80/><E62/><V65/><F65/><W77/><G67/><T69/><D69/><U44/><E80/><V86/><F86/><W73/><G71/><T111/><D91/><U102/><E102/><V74/><F74/><W66/><G73/><T37/><D90/><U45/><E40/><V92/><F92/><W114/><G126/><T55/><D84/><U63/><E63/><RYUUKYOKU ba="0,1" sc="250,-15,250,15,240,15,250,-15" hai1="8,11,16,17,44,45,46,47,48,52,58,61,64" hai2="21,26,27,28,30,49,50,51,54,57,79,81,85" /><INIT seed="1,1,1,3,1,31" ten="235,265,255,235" oya="1" hai0="45,74,40,121,66,86,50,126,26,56,88,112,18" hai1="133,73,11,53,111,10,107,123,93,46,96,13,125" hai2="122,20,101,63,110,135,102,5,109,54,79,115,85" hai3="37,83,7,35,113,68,91,98,92,87,78,84,114"/><U39/><E123/><V75/><F5/><W32/><G37/><T19/><D74/><U128/><E73/><V100/><F20/><W23/><G68/><T29/><D112/><U65/><E107/><V28/><F28/><W119/><G7/><T8/><D126/><U67/><E125/><V55/><F63/><W17/><G119/><T38/><D121/><U0/><E0/><V82/><F122/><W76/><G76/><T22/><D8/><U81/><E133/><V97/><F115/><W134/><G134/><T48/><D38/><U59/><E10/><V14/><F14/><W116/><G116/><T24/><D24/><U104/><E104/><V52/><F135/><W108/><G108/><N who="2" m="41577" /><F75/><W15/><G114/><T49/><D49/><U94/><E46/><V77/><F77/><W80/><REACH who="3" step="1"/><G113/><REACH who="3" ten="235,265,255,225" step="2"/><T1/><D1/><U43/><E39/><V36/><F36/><W51/><G51/><T42/><D42/><U129/><E43/><V25/><F25/><W2/><G2/><T130/><D130/><U44/><E111/><V61/><F61/><W71/><G71/><T33/><D50/><U9/><E129/><V30/><F30/><W12/><G12/><T95/><REACH who="0" step="1"/><D22/><REACH who="0" ten="225,265,255,225" step="2"/><U58/><E128/><V72/><F72/><W3/><G3/><T64/><D64/><U27/><E67/><V105/><AGARI ba="1,3" hai="52,54,55,79,82,85,97,100,101,102,105" m="41577" machi="105" ten="30,2000,0" yaku="14,1,54,1" doraHai="31" who="2" fromWho="2" sc="225,-6,265,-11,255,53,225,-6" /><INIT seed="2,0,0,3,2,26" ten="219,254,308,219" oya="2" hai0="14,19,109,111,29,99,133,41,12,73,64,68,123" hai1="95,37,124,104,7,94,72,102,129,86,77,50,33" hai2="134,96,13,23,27,78,1,2,74,110,22,116,32" hai3="11,65,76,5,67,56,90,20,45,15,4,126,28"/><V39/><F39/><W105/><G105/><T80/><D123/><U60/><E37/><V40/><F40/><W70/><G70/><T84/><D73/><U69/><E7/><V115/><F115/><W24/><G76/><T107/><D41/><U130/><E50/><V30/><F116/><W106/><G106/><T0/><D0/><U71/><E33/><V62/><F134/><W31/><G5/><T25/><D133/><U54/><E54/><V119/><F119/><W93/><G126/><T75/><D75/><U79/><E60/><V97/><F110/><N who="0" m="41994" /><D64/><N who="3" m="24649" /><G56/><T127/><D68/><U120/><E120/><V17/><F62/><W58/><G58/><T47/><D47/><U57/><E57/><V114/><F114/><W59/><G59/><T135/><D19/><U128/><E124/><V113/><F113/><W98/><G45/><T42/><D42/><U132/><E132/><V34/><F74/><W3/><G3/><T48/><D48/><U125/><E125/><V35/><F2/><W92/><G92/><N who="1" m="35370" /><E69/><V88/><F1/><W49/><G49/><T83/><D135/><U118/><E71/><V21/><F78/><N who="1" m="29705" /><E118/><V100/><F17/><AGARI ba="0,0" hai="4,11,15,17,20,24,28,31,90,93,98" m="24649" machi="17" ten="30,3900,0" yaku="8,1,52,2" doraHai="26" who="3" fromWho="2" sc="219,0,254,0,308,-39,219,39" /><INIT seed="3,0,0,1,2,97" ten="219,254,269,258" oya="3" hai0="69,39,10,123,111,37,68,131,9,107,106,70,25" hai1="17,114,26,55,91,56,45,1,119,84,65,95,71" hai2="64,81,128,42,59,14,115,31,46,40,13,122,11" hai3="23,127,132,33,109,49,112,96,120,29,89,117,79"/><W130/><G112/><T134/><D123/><U66/><E1/><V21/><F115/><W133/><G117/><T51/><D131/><U77/><E114/><V108/><F122/><W60/><G120/><T104/><D111/><U116/><E71/><V103/><F108/><W2/><G2/><T76/><D134/><N who="3" m="51817" /><G109/><T38/><D25/><U85/><E45/><V72/><F128/><W44/><G79/><T80/><REACH who="0" step="1"/><D51/><REACH who="0" ten="209,254,269,258" step="2"/><U92/><E119/><V83/><F72/><AGARI ba="0,1" hai="9,10,37,38,39,68,69,70,72,76,80,104,106,107" machi="72" ten="60,8000,1" yaku="1,1,2,1,29,2,53,0" doraHai="97" doraHaiUra="129" who="0" fromWho="2" sc="209,90,254,0,269,-80,258,0" /><INIT seed="4,0,0,1,0,106" ten="299,254,189,258" oya="0" hai0="86,39,47,42,20,81,55,19,53,0,60,90,87" hai1="64,40,102,5,130,118,22,45,100,23,125,66,128" hai2="28,68,8,17,41,123,36,96,70,54,116,94,111" hai3="61,73,132,74,99,52,50,59,105,51,62,75,11"/><T26/><D0/><U12/><E118/><V33/><F123/><W98/><G132/><T7/><D7/><U110/><E110/><V1/><F111/><W93/><G11/><T10/><D10/><U34/><E34/><V67/><F116/><W121/><G121/><T14/><D26/><U92/><E92/><V35/><F54/><W38/><G38/><T109/><D109/><U79/><E79/><V76/><F17/><W127/><G127/><T27/><D27/><U25/><E25/><V124/><F94/><W91/><REACH who="3" step="1"/><G50/><REACH who="3" ten="299,254,189,248" step="2"/><T56/><REACH who="0" step="1"/><D87/><REACH who="0" ten="289,254,189,248" step="2"/><U126/><E125/><V18/><F8/><W112/><G112/><T83/><D83/><U48/><E126/><V104/><F124/><W15/><G15/><T78/><D78/><U113/><E12/><V95/><F76/><W21/><G21/><T101/><D101/><AGARI ba="0,2" hai="51,52,59,61,62,73,74,75,91,93,98,99,101,105" machi="101" ten="40,8000,1" yaku="1,1,52,3,54,1,53,0" doraHai="106" doraHaiUra="119" who="3" fromWho="0" sc="289,-80,254,0,189,0,248,100" /><INIT seed="5,0,0,4,4,22" ten="209,254,189,348" oya="1" hai0="75,31,103,19,128,26,1,70,59,80,112,129,91" hai1="104,28,32,3,113,98,123,14,30,27,57,10,9" hai2="77,78,51,101,52,16,41,88,34,38,119,46,79" hai3="110,130,115,47,23,133,11,37,66,68,25,106,93"/><U29/><E57/><V76/><F119/><W120/><G110/><T61/><D1/><U109/><E104/><V18/><N who="2" m="19456" /><DORA hai="8" /><V44/><F34/><W42/><G106/><T36/><D36/><U96/><E123/><V45/><F101/><W4/><G115/><T125/><D70/><U102/><E102/><V63/><F63/><W69/><G120/><T71/><D71/><U132/><E98/><V90/><REACH who="2" step="1"/><F46/><REACH who="2" ten="209,254,179,348" step="2"/><W53/><G133/><T54/><D103/><U60/><E132/><V121/><F121/><W48/><G47/><T6/><D112/><U82/><E60/><V124/><F124/><W126/><G126/><T95/><D125/><U94/><E113/><V2/><F2/><W64/><G69/><T86/><D128/><U15/><E3/><V89/><AGARI ba="0,1" hai="16,18,38,41,44,45,51,52,88,89,90" m="19456" machi="89" ten="50,16000,3" yaku="1,1,0,1,54,3,53,4" doraHai="22,8" doraHaiUra="84,50" who="2" fromWho="2" sc="209,-40,254,-80,179,170,348,-40" /><INIT seed="6,0,0,1,3,40" ten="169,174,349,308" oya="2" hai0="112,56,94,95,15,76,133,92,86,22,91,83,68" hai1="10,62,121,7,14,51,16,124,34,11,126,46,2" hai2="39,132,6,44,50,104,77,114,109,108,59,43,64" hai3="111,49,116,3,53,5,61,80,36,66,115,60,120"/><V85/><F104/><W57/><G111/><N who="2" m="42569" /><F6/><W31/><G116/><T127/><D68/><U23/><E34/><V79/><F85/><W118/><G118/><T131/><D112/><U105/><E105/><V125/><F79/><W122/><G31/><T28/><D131/><U42/><E121/><V26/><F26/><W18/><G5/><T99/><D133/><U47/><E62/><N who="2" m="37983" /><F77/><W89/><G3/><T98/><D127/><U88/><E10/><V75/><F125/><W72/><G18/><N who="0" m="10591" /><D28/><U52/><REACH who="1" step="1"/><E88/><REACH who="1" ten="169,164,349,308" step="2"/><V37/><F114/><W135/><G89/><T117/><D117/><U130/><E130/><V67/><F132/><W13/><G115/><T55/><D91/><U4/><E4/><V17/><F17/><W96/><G135/><T45/><D45/><U81/><E81/><V54/><F44/><W107/><G80/><T41/><D41/><U128/><E128/><V19/><F19/><W102/><G122/><T119/><D119/><U38/><AGARI ba="0,1" hai="2,7,11,14,16,23,38,42,46,47,51,52,124,126" machi="38" ten="30,12000,2" yaku="1,1,0,1,52,2,54,2,53,0" doraHai="40" doraHaiUra="27" who="1" fromWho="1" sc="169,-30,164,130,349,-60,308,-30" /><INIT seed="7,0,0,3,0,80" ten="139,294,289,278" oya="3" hai0="4,114,0,60,37,100,31,88,9,71,105,101,14" hai1="47,104,132,108,12,13,99,85,123,32,103,15,111" hai2="67,35,26,70,109,39,34,126,130,106,45,75,119" hai3="33,29,121,51,115,49,59,43,16,134,69,93,65"/><W62/><G121/><T40/><D114/><U117/><E32/><V66/><RYUUKYOKU type="yao9" ba="0,0" sc="139,0,294,0,289,0,278,0" hai2="26,34,35,39,45,66,67,70,75,106,109,119,126,130" /><INIT seed="7,1,0,5,2,93" ten="139,294,289,278" oya="3" hai0="26,13,133,107,125,122,54,45,109,62,24,1,82" hai1="94,19,106,46,5,97,98,60,35,119,86,10,114" hai2="42,126,18,96,111,81,131,33,39,79,66,90,29" hai3="41,115,47,75,16,27,28,124,117,49,130,101,6"/><W88/><G117/><T113/><D1/><U83/><E35/><V134/><F111/><W36/><G6/><T108/><D122/><U91/><E114/><V25/><F126/><W77/><G115/><T53/><D107/><U102/><E60/><V78/><F131/><W116/><G116/><T89/><D125/><U68/><E68/><V76/><F134/><W44/><G124/><T67/><D133/><U64/><E64/><V65/><F42/><W40/><G130/><T57/><D113/><U55/><E19/><V58/><F39/><W129/><G101/><T128/><D128/><U70/><E70/><V103/><F18/><W84/><G129/><T34/><D34/><U100/><E119/><V31/><F31/><W63/><G63/><T22/><D108/><U85/><E85/><V43/><F43/><W32/><G75/><T17/><D109/><U4/><E10/><V71/><F58/><W135/><G135/><T61/><D45/><U123/><E123/><V95/><F71/><W51/><G16/><T80/><D80/><U14/><E14/><V73/><F73/><W59/><G59/><N who="0" m="37311" /><D54/><U37/><E37/><V50/><F50/><W0/><G0/><T127/><D127/><U23/><E23/><V56/><F56/><W74/><G74/><T120/><D120/><U3/><E3/><V2/><F2/><W15/><G15/><T48/><D62/><U20/><E20/><V69/><F69/><W112/><G112/><T12/><D12/><U52/><E55/><V87/><AGARI ba="1,0" hai="25,29,33,65,66,76,78,79,81,87,90,95,96,103" machi="87" ten="30,2000,0" yaku="0,1,52,1" doraHai="93" who="2" fromWho="2" sc="139,-6,294,-6,289,23,278,-11" owari="133,-37.0,288,9.0,312,41.0,267,-13.0" /></mjloggm>