<mjloggm ver="2.3"><GO type="169" lobby="0"/><UN n0="%E3%83%88%E3%83%88%E3%83%AA%E5%85%88%E7%94%9F%31%39%E6%AD%B3" n1="%74%61%74%73%75%37%30%32" n2="%50%6F%74%6F%73%68%69" n3="%E9%9A%A0%E5%9C%B0%E5%89%8D" dan="19,16,16,16" rate="2290.77,2133.61,2073.58,2144.67" sx="F,M,F,M"/><TAIKYOKU oya="0"/><INIT seed="0,0,0,3,2,56" ten="250,250,250,250" oya="0" hai0="48,76,60,79,70,55,35,98,15,49,89,19,109" hai1="119,22,127,6,94,113,73,59,61,57,135,105,2" hai2="115,106,114,67,88,39,100,44,5,37,68,29,58" hai3="108,47,131,74,18,120,132,130,3,101,32,81,111"/><T36/><D36/><U38/><E119/><V26/><F5/><W25/><G101/><T16/><D35/><U122/><E105/><V125/><F125/><W118/><G74/><T82/><D109/><N who="3" m="42057" /><G81/><T90/><D19/><U99/><E38/><V41/><F39/><W129/><G47/><T11/><D79/><U128/><E73/><V66/><F58/><W71/><G71/><T126/><D126/><U112/><E122/><V20/><F88/><W46/><G46/><T40/><D40/><U95/><E59/><V121/><F121/><W117/><G3/><T17/><D17/><U123/><E95/><V86/><F86/><W10/><G120/><T83/><D55/><U53/><E123/><V97/><F67/><W103/><G103/><T77/><D77/><U28/><E128/><V96/><F96/><W24/><G132/><T14/><D14/><U27/><E135/><V78/><F78/><W62/><G62/><T93/><D89/><U69/><E69/><V87/><REACH who="2" step="1"/><F87/><REACH who="2" ten="250,250,240,250" step="2"/><W9/><G32/><T1/><D1/><U102/><E127/><V107/><F107/><W34/><G34/><T92/><D92/><U21/><REACH who="1" step="1"/><E21/><REACH who="1" ten="250,240,240,250" step="2"/><V43/><F43/><W91/><G118/><T63/><D82/><U116/><E116/><V85/><F85/><W42/><G117/><T133/><D133/><U23/><E23/><V45/><F45/><W12/><G42/><T65/><REACH who="0" step="1"/><D63/><AGARI ba="0,2" hai="20,26,29,37,41,44,63,66,68,97,100,106,114,115" machi="63" ten="40,2600,0" yaku="1,1,52,1,53,0" doraHai="56" doraHaiUra="30" who="2" fromWho="0" sc="250,-26,240,0,240,46,250,0" /><INIT seed="1,0,0,1,1,94" ten="224,240,286,250" oya="1" hai0="102,121,123,63,80,125,107,115,89,20,60,17,74" hai1="62,122,91,79,111,100,124,4,104,43,64,55,24" hai2="114,21,14,112,61,72,132,110,90,66,81,26,68" hai3="118,85,3,93,108,28,1,49,92,2,16,106,22"/><U0/><E122/><N who="0" m="46601" /><D115/><U131/><E124/><V76/><F110/><W19/><G108/><T65/><D125/><U87/><E131/><V67/><F67/><W31/><G106/><T71/><D63/><U69/><E111/><V84/><F14/><W11/><G118/><T44/><D44/><U53/><E79/><V129/><F129/><W10/><G49/><T78/><D89/><U30/><E43/><V40/><F40/><W58/><G58/><T12/><D102/><U127/><E4/><V23/><F132/><W88/><G92/><T73/><D107/><U25/><E25/><V113/><REACH who="2" step="1"/><F26/><REACH who="2" ten="224,240,276,250" step="2"/><W29/><REACH who="3" step="1"/><G19/><REACH who="3" ten="224,240,276,240" step="2"/><T96/><D17/><U48/><E127/><V39/><F39/><W50/><G50/><T8/><D60/><U27/><E48/><V33/><F33/><W116/><G116/><T105/><D65/><U6/><E55/><V77/><F77/><W18/><G18/><T32/><D32/><U57/><E30/><V126/><F126/><W75/><G75/><T103/><D74/><U5/><E53/><V13/><F13/><AGARI ba="0,2" hai="1,2,3,10,11,13,16,22,28,29,31,85,88,93" machi="13" ten="50,6400,0" yaku="1,1,54,2,53,0" doraHai="94" doraHaiUra="99" who="3" fromWho="2" sc="224,0,240,0,276,-64,240,84" /><INIT seed="2,0,0,1,1,53" ten="224,240,212,324" oya="2" hai0="56,46,68,57,18,33,99,105,83,79,58,82,6" hai1="132,69,50,111,41,22,39,74,97,9,59,47,127" hai2="5,38,117,7,40,108,36,49,67,78,45,81,34" hai3="60,90,19,48,66,44,17,116,29,121,122,55,76"/><V8/><F117/><W31/><G116/><T20/><D68/><U115/><E111/><V133/><F34/><W95/><G76/><T103/><D33/><U109/><E127/><V12/><F108/><W35/><G122/><T104/><D6/><U96/><E109/><V125/><F125/><W84/><G121/><T101/><D46/><U86/><E74/><V21/><F133/><W106/><G106/><T26/><D79/><U24/><E132/><V75/><F67/><W130/><G130/><T32/><D32/><U3/><E69/><V118/><F118/><W102/><G102/><T119/><D119/><U62/><E39/><V92/><F5/><W63/><G63/><T43/><D43/><U124/><E115/><V88/><REACH who="2" step="1"/><F21/><REACH who="2" ten="224,240,202,324" step="2"/><W42/><G42/><T107/><REACH who="0" step="1"/><D103/><REACH who="0" ten="214,240,202,324" step="2"/><U114/><E124/><V77/><F77/><W73/><G35/><T30/><D30/><N who="3" m="11273" /><G73/><T110/><D110/><U113/><E113/><V15/><F15/><W100/><G100/><T25/><D25/><U16/><E114/><V28/><F28/><W52/><G19/><T54/><D54/><U4/><E4/><V27/><F27/><W0/><G17/><T93/><AGARI ba="0,2" hai="18,20,26,56,57,58,82,83,93,99,101,104,105,107" machi="93" ten="40,8000,1" yaku="1,1,0,1,52,3,53,0" doraHai="53" doraHaiUra="112" who="0" fromWho="0" sc="214,100,240,-20,202,-40,324,-20" /><INIT seed="3,0,0,5,5,4" ten="314,220,162,304" oya="3" hai0="56,0,26,116,82,38,50,16,65,122,5,79,39" hai1="128,125,41,3,33,102,88,103,106,10,29,86,31" hai2="20,72,11,59,37,76,81,94,58,117,28,66,111" hai3="18,115,97,74,67,70,47,24,61,129,60,131,35"/><W98/><G115/><T43/><D116/><U32/><E41/><V133/><F117/><W110/><G74/><T90/><D122/><U45/><E45/><V52/><F37/><W25/><G110/><T54/><D43/><U95/><E125/><V121/><F111/><W114/><G114/><T104/><D104/><U135/><E128/><N who="3" m="49226" /><G60/><T123/><D123/><U73/><E135/><V27/><F121/><W87/><G47/><T89/><D65/><U57/><E73/><V17/><F133/><W40/><G87/><T84/><D39/><U44/><E44/><V12/><F94/><W48/><G48/><T108/><D38/><U113/><E113/><V8/><F66/><W101/><G40/><T130/><D108/><U124/><E124/><V55/><REACH who="2" step="1"/><F8/><REACH who="2" ten="314,220,152,304" step="2"/><W2/><G101/><T64/><D64/><U105/><E103/><V134/><F134/><W100/><G100/><T109/><D109/><U112/><E112/><V22/><F22/><N who="3" m="13399" /><G2/><T132/><D132/><U36/><E36/><V83/><F83/><W78/><G35/><T23/><D130/><U19/><E33/><V75/><F75/><W80/><G80/><T99/><D0/><U13/><E32/><V93/><F93/><W96/><G25/><T21/><D26/><U69/><E3/><V126/><F126/><W51/><G98/><T9/><D99/><N who="1" m="61663" /><E106/><V53/><AGARI ba="0,1" hai="11,12,17,20,27,28,52,53,55,58,59,72,76,81" machi="53" ten="30,7900,0" yaku="1,1,0,1,52,1,54,1,53,0" doraHai="4" doraHaiUra="46" who="2" fromWho="2" sc="314,-20,220,-20,152,89,304,-39" /><INIT seed="4,0,0,4,4,76" ten="294,200,241,265" oya="0" hai0="114,53,123,34,120,131,43,26,72,10,80,54,24" hai1="102,32,127,39,5,119,128,130,78,16,103,13,1" hai2="61,0,91,51,90,19,46,25,23,89,9,93,33" hai3="27,40,55,88,30,104,112,83,94,14,18,66,60"/><T108/><D114/><U59/><E119/><V133/><F133/><W3/><G104/><T8/><D131/><N who="1" m="50219" /><E39/><V99/><F33/><W2/><G40/><T124/><D124/><U64/><E127/><V11/><F61/><W117/><G117/><T49/><D108/><U62/><E32/><V15/><F0/><W70/><G112/><T92/><D43/><U17/><E1/><V98/><F98/><W35/><G55/><T21/><D92/><U45/><E45/><V122/><F122/><W134/><G134/><T68/><D68/><U22/><E5/><V129/><F129/><W73/><G73/><T82/><D72/><U84/><E17/><V71/><F71/><W42/><G42/><T126/><D126/><U132/><E132/><V113/><F113/><W116/><G116/><T121/><D34/><U12/><E13/><V58/><F58/><W97/><REACH who="3" step="1"/><G83/><AGARI ba="0,0" hai="12,16,22,59,62,64,78,83,84,102,103" m="50219" machi="83" ten="30,3900,0" yaku="19,1,52,1,54,1" doraHai="76" who="1" fromWho="3" sc="294,0,200,39,241,0,265,-39" /><INIT seed="5,0,0,2,2,76" ten="294,239,241,226" oya="1" hai0="120,81,8,73,32,113,106,52,70,50,111,24,63" hai1="83,101,22,55,129,91,98,1,58,37,61,74,133" hai2="17,86,79,100,107,117,92,31,10,118,2,123,15" hai3="46,4,71,126,121,89,128,105,78,42,11,23,43"/><U59/><E133/><V127/><F123/><W110/><G121/><T38/><D111/><U33/><E129/><V96/><F127/><W25/><G128/><T9/><D120/><U7/><E33/><V99/><F31/><W122/><G122/><T48/><D38/><U19/><E37/><V14/><F2/><W30/><G110/><T39/><D106/><U54/><E7/><V49/><F49/><W3/><G126/><T119/><D48/><U62/><E1/><V5/><F86/><W53/><G105/><T35/><D39/><U34/><E34/><V36/><F79/><W20/><G71/><T131/><D35/><U0/><E0/><V124/><F36/><W130/><G130/><T135/><D119/><U112/><E112/><V66/><F66/><W90/><G78/><T29/><D73/><U6/><E6/><V115/><F115/><W125/><G125/><T41/><D70/><U28/><E28/><V95/><F124/><W108/><G108/><T102/><D32/><U18/><E74/><V88/><REACH who="2" step="1"/><F107/><REACH who="2" ten="294,239,231,226" step="2"/><W44/><G53/><T84/><D113/><U57/><E57/><V93/><F93/><W97/><G43/><T13/><D131/><U77/><E77/><V67/><F67/><W72/><G72/><T103/><D41/><U82/><E22/><AGARI ba="0,1" hai="5,10,14,15,17,22,88,92,95,96,99,100,117,118" machi="22" ten="30,3900,0" yaku="1,1,7,1,54,1,53,0" doraHai="76" doraHaiUra="27" who="2" fromWho="1" sc="294,0,239,-39,231,49,226,0" /><INIT seed="6,0,0,5,5,23" ten="294,200,280,226" oya="2" hai0="0,27,44,91,71,113,14,130,96,30,78,48,13" hai1="122,119,15,98,108,16,135,87,94,62,22,120,88" hai2="73,40,114,64,84,115,99,90,102,35,123,118,41" hai3="11,110,124,52,125,131,83,26,103,7,97,77,3"/><V69/><F123/><N who="1" m="47145" /><E108/><V100/><F118/><W2/><G110/><T55/><D0/><U37/><E119/><V93/><F73/><W74/><G131/><T76/><D71/><U53/><E37/><V95/><F35/><W43/><G43/><T81/><D113/><N who="2" m="43018" /><F102/><W5/><G5/><T24/><D130/><U34/><E34/><V126/><F126/><W132/><G132/><T105/><D30/><U79/><E135/><V21/><F21/><W85/><G3/><T54/><D105/><U12/><E79/><V60/><AGARI ba="0,0" hai="40,41,60,64,69,84,90,93,95,99,100" m="43018" machi="60" ten="30,1500,0" yaku="15,1" doraHai="23" who="2" fromWho="2" sc="294,-5,200,-5,280,15,226,-5" /><INIT seed="6,1,0,2,3,29" ten="289,195,295,221" oya="2" hai0="76,24,54,122,126,6,80,100,119,70,130,8,84" hai1="89,7,66,78,77,105,83,57,87,26,81,91,14" hai2="110,51,17,135,10,67,111,94,118,95,28,131,36" hai3="133,127,34,22,33,27,62,73,4,56,125,71,120"/><V35/><F36/><W113/><G73/><T58/><D122/><U107/><E26/><N who="2" m="18839" /><F118/><W86/><G120/><T44/><D130/><U12/><E7/><V72/><F72/><W43/><G133/><T63/><D126/><N who="3" m="48137" /><G71/><T38/><D119/><U93/><E57/><V46/><F67/><N who="3" m="39367" /><G4/><T82/><D70/><U128/><E66/><V106/><F106/><N who="1" m="40457" /><E14/><N who="2" m="7383" /><F135/><W79/><G43/><T37/><D100/><U129/><E12/><V132/><F132/><W96/><G96/><T23/><D82/><N who="1" m="49399" /><E129/><V123/><F123/><W16/><G113/><T21/><D44/><U99/><E128/><V68/><F68/><W114/><G114/><T39/><D24/><U121/><E121/><V115/><F115/><W11/><G11/><T19/><D19/><U13/><E13/><V59/><F59/><W45/><G45/><T103/><D103/><U31/><E31/><V61/><F61/><W5/><G5/><T9/><D9/><U92/><E92/><V102/><F102/><W3/><G3/><T124/><D124/><U117/><E117/><V104/><F104/><W40/><G40/><T52/><D54/><U85/><E83/><AGARI ba="1,0" hai="16,22,27,33,34,79,83,86" m="39367,48137" machi="83" ten="30,7700,0" yaku="18,1,52,2,54,1" doraHai="29" who="3" fromWho="1" sc="289,0,195,-80,295,0,221,80" /><INIT seed="7,0,0,1,5,81" ten="289,115,295,301" oya="3" hai0="130,129,60,36,42,6,96,105,65,100,77,52,25" hai1="7,104,2,67,18,74,91,17,87,26,120,117,128" hai2="30,113,134,32,14,68,50,27,109,64,54,115,108" hai3="66,9,62,75,35,90,124,69,4,103,131,82,56"/><W106/><G124/><T112/><D112/><N who="2" m="43082" /><F134/><W48/><G131/><N who="0" m="50187" /><D77/><U58/><E104/><V110/><F14/><W59/><G35/><T98/><D6/><U95/><E74/><V133/><F133/><W38/><G48/><T55/><D96/><U16/><E120/><V23/><F64/><W127/><G127/><T83/><D83/><U22/><E128/><V88/><F88/><W94/><G38/><T5/><D5/><U41/><E41/><V45/><F68/><W116/><G116/><T93/><D105/><U71/><E71/><V15/><F15/><W85/><G9/><T44/><D25/><U13/><E117/><V80/><F80/><W28/><G28/><T102/><D102/><U135/><E2/><V21/><AGARI ba="0,0" hai="21,23,27,30,32,45,50,54,108,109,110" m="43082" machi="21" ten="40,1500,0" yaku="15,1" doraHai="81" who="2" fromWho="2" sc="289,-4,115,-4,295,15,301,-7" owari="285,-11.0,111,-39.0,310,41.0,294,9.0" /></mjloggm>