<mjloggm ver="2.3"><GO type="169" lobby="0"/><UN n0="%E3%83%AC%E3%83%87%E3%82%B9%E3%83%9E" n1="%E5%B0%B1%E6%B4%BB%E7%94%9F%40%E5%B7%9D%E6%9D%91%E8%BB%8D%E5%9B%A3" n2="%E8%BC%9D" n3="%E3%82%B7%E3%83%A3%E3%82%AD%E3%82%AA%E3%83%8B" dan="17,17,16,16" rate="2180.74,2163.57,2092.83,2042.27" sx="M,M,M,M"/><TAIKYOKU oya="0"/><INIT seed="0,0,0,5,5,59" ten="250,250,250,250" oya="0" hai0="63,119,58,13,32,118,51,20,14,126,19,117,128" hai1="106,85,53,45,15,107,129,100,70,68,110,54,37" hai2="33,104,1,34,48,62,80,71,35,49,8,6,108" hai3="79,29,5,64,31,115,120,94,99,28,125,76,123"/><T60/><D32/><U135/><E129/><V86/><F108/><W131/><G125/><T74/><D74/><U105/><E135/><V78/><REACH who="2" step="1"/><F104/><REACH who="2" ten="250,250,240,250" step="2"/><W27/><G131/><T72/><D128/><U26/><E110/><V10/><F10/><W95/><G120/><T127/><D72/><U21/><E107/><V91/><F91/><W73/><G123/><T102/><D102/><U41/><E106/><V46/><F46/><W113/><G73/><T50/><D14/><U61/><E105/><V97/><F97/><W109/><G99/><T9/><D9/><U7/><E100/><V11/><F11/><W12/><G109/><T22/><D22/><U38/><E15/><V116/><F116/><W96/><G96/><T90/><D90/><U83/><E21/><V24/><F24/><W114/><G27/><T98/><D98/><U17/><E26/><V66/><AGARI ba="0,1" hai="1,6,8,33,34,35,48,49,62,66,71,78,80,86" machi="66" ten="40,8000,1" yaku="1,1,0,1,52,1,53,1" doraHai="59" doraHaiUra="75" who="2" fromWho="2" sc="250,-40,250,-20,240,90,250,-20" /><INIT seed="1,0,0,3,4,99" ten="210,230,330,230" oya="1" hai0="29,9,74,46,128,115,1,31,40,98,84,41,69" hai1="119,36,82,66,89,8,33,111,67,81,85,52,11" hai2="26,108,48,130,61,101,63,10,109,70,123,56,19" hai3="47,110,42,59,27,50,120,15,103,77,78,65,129"/><U20/><E36/><V17/><F123/><W75/><G120/><T7/><D74/><U62/><E33/><V102/><F130/><W38/><G110/><N who="2" m="42601" /><F48/><W73/><G129/><T5/><D128/><U122/><E111/><V117/><F117/><W118/><G27/><T83/><D69/><U12/><E119/><V3/><F70/><W14/><G38/><T53/><D115/><U54/><E122/><V90/><F90/><W97/><G75/><T57/><D7/><U95/><E20/><N who="2" m="13583" /><F61/><W87/><G73/><T116/><D98/><U6/><E8/><V23/><F10/><W127/><G78/><T2/><D116/><U93/><E93/><V113/><F3/><W92/><G127/><T58/><D1/><U22/><E22/><V114/><F114/><W30/><G30/><T21/><D21/><U79/><E82/><V132/><F132/><W135/><G135/><T51/><D58/><U106/><E106/><V24/><F113/><W39/><G39/><T91/><REACH who="0" step="1"/><D41/><REACH who="0" ten="200,230,330,230" step="2"/><U86/><E67/><AGARI ba="0,1" hai="19,23,24,56,63,67,101,102" m="13583,42601" machi="67" ten="30,3900,0" yaku="14,1,52,2" doraHai="99" who="2" fromWho="1" sc="200,0,230,-39,330,49,230,0" /><INIT seed="2,0,0,2,4,135" ten="200,191,379,230" oya="2" hai0="27,93,43,97,45,92,4,14,50,17,29,28,6" hai1="94,62,8,132,30,85,120,108,41,35,24,7,42" hai2="73,53,81,128,86,67,39,10,102,47,96,52,68" hai3="101,61,16,37,89,13,119,90,124,59,33,77,126"/><V129/><F73/><W21/><G119/><T32/><D28/><U23/><E132/><V18/><F68/><W125/><G37/><T64/><D64/><U99/><E108/><V112/><F112/><W26/><G77/><T95/><REACH who="0" step="1"/><D97/><REACH who="0" ten="190,191,379,230" step="2"/><U1/><E120/><V48/><F67/><N who="3" m="39359" /><G101/><T0/><D0/><U54/><E85/><V60/><F39/><W74/><G74/><T111/><D111/><U107/><E107/><V130/><F10/><AGARI ba="0,1" hai="4,6,10,14,17,27,29,32,43,45,50,92,93,95" machi="10" ten="40,1300,0" yaku="1,1,53,0" doraHai="135" doraHaiUra="122" who="0" fromWho="2" sc="190,23,191,0,379,-13,230,0" /><INIT seed="3,0,0,2,0,65" ten="213,191,366,230" oya="3" hai0="99,75,108,120,24,38,90,50,106,53,114,4,134" hai1="86,111,22,117,85,13,35,0,88,70,84,30,77" hai2="130,93,129,61,55,122,26,56,66,71,3,43,78" hai3="126,132,101,110,6,39,133,36,57,94,64,72,17"/><W49/><G72/><T29/><D108/><U59/><E0/><V97/><F3/><W10/><G110/><T27/><D120/><U83/><E111/><V15/><F78/><W100/><G17/><T14/><D38/><U123/><E123/><V16/><F122/><W63/><G49/><T47/><D75/><U18/><E117/><V41/><F26/><W92/><G39/><T8/><D134/><N who="3" m="51817" /><G36/><T79/><D114/><U128/><E128/><N who="2" m="49259" /><F55/><W48/><G48/><T95/><D79/><U1/><E1/><V44/><F44/><W98/><G126/><T127/><D127/><U112/><E112/><V82/><F82/><W52/><G64/><T45/><D45/><U109/><E109/><V102/><F56/><W2/><G100/><T116/><D116/><U25/><E70/><V46/><F46/><W21/><G21/><AGARI ba="0,0" hai="15,16,21,41,43,61,66,71,93,97,102" m="49259" machi="21" ten="30,3900,0" yaku="19,1,52,1,54,1" doraHai="65" who="2" fromWho="3" sc="213,0,191,0,366,39,230,-39" /><INIT seed="4,0,0,1,4,57" ten="213,191,405,191" oya="0" hai0="96,100,9,18,130,119,43,79,63,122,12,29,127" hai1="98,76,111,118,73,33,61,84,22,59,55,68,49" hai2="1,65,89,16,8,23,101,112,30,86,116,93,106" hai3="50,83,95,110,94,115,67,19,75,38,78,129,128"/><T2/><D122/><U48/><E33/><V52/><F112/><W99/><G38/><T82/><D119/><U66/><E111/><V40/><F116/><W42/><G110/><T39/><D2/><U104/><E118/><V92/><F106/><W14/><G115/><T132/><D132/><U11/><E73/><V60/><F40/><W26/><G26/><T97/><D127/><U7/><E22/><V109/><F109/><W34/><G34/><T123/><D123/><U77/><E84/><V121/><F121/><W120/><G120/><T58/><D29/><U47/><E98/><V91/><F101/><W81/><G81/><T74/><D130/><N who="3" m="50281" /><G67/><T69/><D69/><U17/><E17/><V4/><F30/><W134/><G134/><T113/><D113/><U24/><E24/><V88/><F52/><W72/><G72/><T90/><D90/><U13/><REACH who="1" step="1"/><E104/><REACH who="1" ten="213,181,405,191" step="2"/><V0/><F86/><W126/><G99/><T53/><REACH who="0" step="1"/><D100/><REACH who="0" ten="203,181,405,191" step="2"/><U54/><AGARI ba="0,2" hai="7,11,13,47,48,49,54,55,59,61,66,68,76,77" machi="54" ten="20,12000,2" yaku="1,1,2,1,0,1,7,1,52,1,53,1" doraHai="57" doraHaiUra="5" who="1" fromWho="1" sc="203,-60,181,140,405,-30,191,-30" /><INIT seed="5,0,0,3,3,58" ten="143,321,375,161" oya="1" hai0="19,119,81,87,23,128,27,31,33,39,131,90,46" hai1="113,15,116,11,52,80,132,63,16,126,61,120,13" hai2="107,82,111,60,35,45,96,86,123,14,72,109,38" hai3="67,122,125,74,94,7,62,40,51,56,84,78,104"/><U8/><E116/><V41/><F123/><W75/><G122/><T5/><D119/><U3/><E120/><V91/><F35/><W100/><G125/><T6/><D39/><U66/><E3/><V48/><F38/><W124/><G124/><T57/><D46/><U76/><E126/><V135/><F135/><W117/><G117/><T110/><D110/><U115/><E132/><V9/><F72/><W47/><G104/><T99/><D99/><U64/><E76/><V30/><F30/><W18/><G18/><T112/><D112/><N who="1" m="43083" /><E80/><V0/><F0/><W69/><G100/><T88/><D90/><U29/><E29/><V133/><F133/><W79/><G79/><T71/><D71/><U93/><E93/><V42/><F111/><W53/><G7/><T43/><D43/><U98/><E98/><V102/><F109/><W25/><G25/><T21/><D33/><U20/><E52/><N who="2" m="29711" /><F60/><N who="1" m="23113" /><E20/><V121/><F121/><W50/><REACH who="3" step="1"/><G94/><REACH who="3" ten="143,321,375,151" step="2"/><T55/><D31/><U101/><E101/><V68/><F102/><W2/><G2/><T32/><D32/><U54/><E54/><V85/><F107/><W70/><G70/><T77/><D77/><U10/><E10/><V108/><F68/><W28/><G28/><T36/><D55/><U37/><E37/><V1/><F108/><W134/><G134/><T106/><D36/><U49/><E49/><V17/><F1/><W59/><G59/><T22/><D57/><U65/><E11/><V4/><F9/><W95/><G95/><T103/><D103/><U127/><E127/><V89/><F4/><N who="0" m="1642" /><D106/><U73/><E15/><RYUUKYOKU ba="0,1" sc="143,10,321,10,375,-30,151,10" hai0="19,21,22,23,27,81,87,88,128,131" hai1="8,13,16,64,65,66,73" hai3="40,47,50,51,53,56,62,67,69,74,75,78,84" /><INIT seed="5,1,1,3,2,36" ten="153,331,345,161" oya="1" hai0="86,129,42,110,67,61,29,21,20,117,73,116,38" hai1="76,78,11,90,108,4,122,44,93,46,65,35,113" hai2="92,109,118,132,14,26,72,13,34,87,98,55,70" hai3="96,33,119,22,135,128,80,77,10,59,0,25,95"/><U31/><E122/><V104/><F118/><W83/><G33/><T60/><D73/><U115/><E108/><V37/><F109/><W56/><G119/><T18/><D110/><U130/><E65/><V51/><F72/><W134/><G128/><T100/><D129/><U16/><E35/><V127/><F37/><W9/><G0/><T121/><D121/><U68/><E68/><V79/><F70/><W106/><G106/><T74/><D74/><U12/><E31/><V57/><F104/><W71/><G71/><T54/><D100/><U97/><E4/><V23/><F34/><W27/><G22/><T99/><D99/><U5/><E5/><V64/><F64/><W8/><G77/><N who="1" m="29802" /><E130/><V82/><F127/><W1/><G1/><T81/><D67/><U75/><E75/><V94/><F132/><N who="3" m="50731" /><G27/><T7/><D116/><U43/><E43/><V45/><F45/><W66/><G25/><T49/><D117/><U126/><E126/><V47/><F47/><W123/><G123/><T112/><D38/><U105/><E105/><V111/><F111/><W48/><G66/><T58/><D29/><U88/><E90/><N who="2" m="55639" /><F92/><W52/><G59/><T91/><D58/><U101/><E101/><AGARI ba="1,1" hai="8,9,10,48,52,56,80,83,95,96,101" m="50731" machi="101" ten="30,2000,0" yaku="20,1,54,1" doraHai="36" who="3" fromWho="1" sc="153,0,331,-23,345,0,161,33" /><INIT seed="6,0,0,5,4,36" ten="153,308,345,194" oya="2" hai0="47,9,40,133,55,23,84,35,5,76,0,1,70" hai1="3,60,15,72,97,69,95,109,52,46,80,110,57" hai2="17,45,61,66,26,92,100,118,59,68,13,50,12" hai3="49,63,105,56,2,85,79,54,103,117,31,62,86"/><V82/><F118/><W33/><G2/><T123/><D123/><U83/><E3/><V32/><F68/><W104/><G117/><T78/><D35/><U122/><E122/><V7/><F82/><W124/><G124/><T88/><D1/><U24/><E69/><V75/><F75/><W81/><G33/><T128/><D70/><U129/><E129/><V64/><F64/><W39/><G39/><T112/><D128/><U43/><E15/><V132/><F132/><W131/><G131/><T91/><D133/><U135/><E135/><V30/><F7/><W102/><G31/><T96/><D112/><U65/><E65/><V94/><F100/><W99/><G86/><T29/><D55/><U121/><E121/><V87/><F87/><W37/><G37/><T130/><D130/><U98/><E98/><AGARI ba="0,0" hai="49,54,56,62,63,79,81,85,98,99,102,103,104,105" machi="98" ten="40,1300,0" yaku="9,1" doraHai="36" who="3" fromWho="1" sc="153,0,308,-13,345,0,194,13" /><INIT seed="7,0,0,5,3,129" ten="153,295,345,207" oya="3" hai0="1,25,107,2,8,14,123,58,10,71,112,38,111" hai1="30,40,67,93,26,97,84,59,91,52,133,79,95" hai2="80,36,135,54,102,56,45,83,69,96,18,100,55" hai3="50,22,44,105,76,51,103,108,118,47,57,130,98"/><W49/><G118/><T0/><D71/><U28/><E133/><V77/><F69/><W104/><G104/><T4/><D107/><U124/><E124/><V78/><F135/><W41/><G108/><T66/><D38/><U120/><E120/><V32/><F32/><W87/><G130/><T6/><D111/><U34/><E40/><V73/><F18/><W89/><G76/><T110/><D110/><U20/><E67/><V101/><F36/><W125/><G125/><T75/><D75/><U99/><E79/><V134/><F134/><W72/><G72/><T121/><D112/><U48/><E34/><V127/><F127/><W53/><G22/><T9/><D58/><U70/><E70/><V82/><F45/><W5/><G5/><T74/><D66/><U27/><E27/><V106/><F54/><W21/><G21/><T37/><D74/><U31/><E84/><V81/><REACH who="2" step="1"/><F77/><REACH who="2" ten="153,295,335,207" step="2"/><W23/><G47/><T33/><D37/><U116/><E116/><V92/><F92/><W3/><G44/><T64/><D64/><U39/><E39/><V16/><F16/><W122/><G41/><T15/><REACH who="0" step="1"/><D9/><REACH who="0" ten="143,295,335,207" step="2"/><U46/><E46/><V88/><F88/><AGARI ba="0,2" hai="20,26,28,30,31,48,52,59,88,91,93,95,97,99" machi="88" ten="30,8000,1" yaku="7,1,9,1,8,1,54,2" doraHai="129" who="1" fromWho="2" sc="143,0,295,100,335,-80,207,0" owari="143,-36.0,395,49.0,255,6.0,207,-19.0" /></mjloggm>