<mjloggm ver="2.3"><GO type="169" lobby="0"/><UN n0="%E3%81%97%E3%82%8D%E3%81%9F%E3%82%93%E3%81%8C%E3%81%84%E3%81%84%E3%81%8A" n1="%EF%BC%84%E3%83%8A%E3%83%8A%E3%82%B7%E3%83%BC%EF%BF%A5" n2="%E2%80%A0%58%54%45%4E%44%E2%80%A0" n3="%E3%82%A6%E3%83%AB%E3%83%88%E3%83%A9%E7%AB%8B%E7%9B%B4" dan="16,17,16,18" rate="2110.62,2165.44,2082.15,2183.28" sx="M,M,F,M"/><TAIKYOKU oya="0"/><INIT seed="0,0,0,2,0,34" ten="250,250,250,250" oya="0" hai0="113,33,93,11,106,17,103,119,1,81,21,110,79" hai1="22,99,98,107,78,8,54,112,58,85,66,83,42" hai2="40,135,61,80,4,37,76,47,125,128,36,102,132" hai3="52,56,75,134,27,44,7,10,96,124,77,64,72"/><T118/><D33/><U5/><E66/><V68/><F125/><W122/><G124/><T111/><D106/><U129/><E129/><V88/><F128/><W53/><G134/><N who="2" m="51241" /><F102/><W94/><G122/><T29/><D29/><U114/><E42/><V123/><F123/><W92/><G92/><T15/><D103/><U74/><E74/><N who="2" m="43031" /><F4/><W109/><G109/><N who="0" m="41483" /><D93/><U120/><E22/><V104/><F104/><W35/><G94/><T115/><D81/><U133/><E120/><V62/><F88/><W101/><G96/><T2/><D79/><U30/><E30/><V20/><F20/><W32/><G77/><T69/><D69/><U48/><E133/><V14/><F14/><W9/><G101/><T130/><D130/><U25/><E25/><V55/><F36/><W31/><G35/><T87/><D87/><U18/><E18/><V121/><F121/><W86/><G86/><T38/><D38/><U90/><E78/><V19/><F68/><W126/><G126/><T84/><D84/><U41/><E107/><V57/><F19/><W12/><G75/><T116/><D21/><U13/><REACH who="1" step="1"/><E41/><REACH who="1" ten="250,240,250,250" step="2"/><V59/><F59/><W65/><G72/><T95/><D95/><U51/><E51/><AGARI ba="0,1" hai="37,40,47,51,55,57,61,62" m="43031,51241" machi="51" ten="30,1000,0" yaku="20,1" doraHai="34" who="2" fromWho="1" sc="250,0,240,-10,250,20,250,0" /><INIT seed="1,0,0,1,2,134" ten="250,230,270,250" oya="1" hai0="32,105,35,68,124,127,70,115,56,122,13,60,100" hai1="129,131,38,102,61,101,34,84,48,54,36,111,126" hai2="31,83,71,21,7,51,106,82,46,0,5,130,55" hai3="107,119,18,73,110,17,79,20,125,93,89,49,53"/><U24/><E61/><V23/><F71/><N who="0" m="27178" /><D115/><U108/><E84/><V74/><F106/><W98/><G110/><N who="1" m="42026" /><E126/><N who="0" m="48169" /><D122/><U33/><E101/><V9/><F5/><W12/><G107/><T114/><D114/><U57/><E102/><V91/><F130/><N who="1" m="49673" /><E24/><V117/><F74/><W58/><G125/><T27/><D13/><U39/><AGARI ba="0,0" hai="33,34,36,38,39,48,54,57" m="49673,42026" machi="39" ten="40,7800,0" yaku="14,1,10,1,19,1" doraHai="134" who="1" fromWho="1" sc="250,-26,230,78,270,-26,250,-26" /><INIT seed="1,1,0,3,5,86" ten="224,308,244,224" oya="1" hai0="19,37,97,23,27,63,21,124,81,120,111,82,43" hai1="114,34,72,59,122,83,0,11,46,99,76,49,102" hai2="84,7,101,51,71,20,77,79,119,47,17,58,32" hai3="18,94,22,14,28,88,85,132,60,45,116,50,134"/><U26/><E122/><V62/><F119/><W24/><G60/><T3/><D3/><U38/><E114/><V125/><F32/><W104/><G104/><T64/><D120/><U53/><E34/><V130/><F71/><W6/><G6/><T112/><D112/><U13/><E0/><V128/><F125/><W31/><G116/><T70/><D124/><U36/><E26/><V39/><F39/><W52/><REACH who="3" step="1"/><G31/><REACH who="3" ten="224,308,244,214" step="2"/><T1/><D1/><U87/><E72/><V108/><F7/><W41/><G41/><T117/><D43/><U10/><E46/><V56/><F62/><W115/><G115/><T80/><D63/><U121/><E121/><V5/><F5/><W68/><G68/><T92/><D70/><U16/><REACH who="1" step="1"/><E11/><AGARI ba="1,1" hai="11,14,18,22,24,28,45,50,52,85,88,94,132,134" machi="11" ten="40,8000,1" yaku="1,1,52,1,54,2,53,0" doraHai="86" doraHaiUra="123" who="3" fromWho="1" sc="224,0,308,-83,244,0,214,93" /><INIT seed="2,0,0,3,2,131" ten="224,225,244,307" oya="2" hai0="81,64,106,29,4,6,55,30,88,112,105,3,78" hai1="28,67,9,72,83,116,47,94,15,126,120,8,104" hai2="16,2,76,58,127,53,11,33,128,62,44,90,96" hai3="77,124,20,38,10,59,101,84,82,48,113,35,68"/><V12/><F33/><W61/><G35/><T5/><D3/><U51/><E116/><V125/><F2/><W23/><G38/><T73/><D112/><U57/><E104/><V7/><F128/><W103/><G68/><T102/><D64/><U87/><E126/><N who="2" m="48139" /><F76/><W31/><G48/><T97/><D106/><U39/><E39/><V34/><F34/><W111/><G111/><T42/><D42/><U0/><E0/><V132/><F44/><W14/><G113/><T43/><D43/><U32/><E32/><V26/><F132/><W60/><G60/><T75/><D75/><U92/><E72/><V65/><F26/><N who="3" m="16839" /><G23/><T24/><D24/><U108/><E28/><V99/><F7/><N who="3" m="3423" /><G124/><T86/><REACH who="0" step="1"/><D55/><AGARI ba="0,0" hai="55,59,61,77,82,84,101,103" m="3423,16839" machi="55" ten="30,1000,0" yaku="8,1" doraHai="131" who="3" fromWho="0" sc="224,-10,225,0,244,0,307,10" /><INIT seed="3,0,0,5,5,112" ten="214,225,244,317" oya="3" hai0="85,104,17,45,68,58,22,75,109,6,71,43,9" hai1="121,66,67,97,122,80,82,27,106,103,110,65,23" hai2="38,92,44,49,94,2,5,35,16,47,79,51,60" hai3="116,115,40,33,29,93,12,50,56,98,61,34,8"/><W15/><G115/><T41/><D75/><U117/><E110/><V100/><F35/><W124/><G116/><T54/><D104/><U88/><E117/><V19/><F38/><W18/><G124/><T69/><D109/><U4/><E4/><V26/><F79/><W78/><G78/><T31/><D31/><U39/><E39/><V123/><F123/><W95/><G29/><T21/><D85/><U70/><E70/><V133/><F133/><W99/><G50/><T72/><D72/><U48/><E48/><V87/><F5/><W120/><G40/><T62/><D17/><U76/><E88/><N who="2" m="53279" /><F60/><W64/><G120/><T114/><D114/><U28/><REACH who="1" step="1"/><E82/><REACH who="1" ten="214,215,244,317" step="2"/><V30/><F51/><W107/><G98/><T125/><D125/><U42/><E42/><V108/><F108/><W113/><G113/><T102/><D43/><U105/><E105/><V3/><F49/><W13/><G107/><T11/><D41/><U81/><E81/><V128/><F47/><W46/><G46/><T20/><D45/><U36/><E36/><V101/><F44/><W59/><G95/><T32/><D6/><U91/><E91/><V134/><F94/><W127/><G127/><T57/><D57/><U83/><E83/><V111/><F111/><W118/><G59/><T119/><D119/><U130/><E130/><V73/><F128/><W96/><G118/><T1/><D69/><U14/><E14/><N who="3" m="5738" /><G99/><T126/><D71/><U132/><E132/><V74/><F134/><W55/><G93/><T131/><D126/><U77/><E77/><V129/><F129/><W37/><G37/><RYUUKYOKU ba="0,1" sc="214,-10,215,30,244,-10,317,-10" hai1="23,27,28,65,66,67,76,80,97,103,106,121,122" /><INIT seed="4,1,1,1,2,26" ten="204,245,234,307" oya="0" hai0="90,88,6,133,92,12,25,39,110,108,27,1,75" hai1="104,72,60,100,91,99,45,15,71,35,5,115,47" hai2="28,2,64,109,38,55,40,122,42,135,128,7,16" hai3="46,68,48,36,43,11,51,84,24,113,106,50,77"/><T34/><D75/><U93/><E115/><V37/><F109/><N who="0" m="42090" /><D1/><U96/><E72/><V130/><F122/><W97/><G68/><T57/><D39/><U123/><E123/><V94/><F135/><W49/><G36/><T62/><D133/><U105/><E105/><V73/><F73/><W117/><G117/><T78/><D78/><U129/><E129/><V79/><F79/><W54/><G113/><T132/><D132/><U126/><E126/><V102/><F64/><W20/><G11/><N who="0" m="4215" /><D34/><U69/><E35/><V53/><F2/><W98/><G106/><T85/><D90/><U10/><REACH who="1" step="1"/><E71/><REACH who="1" ten="204,235,234,307" step="2"/><V63/><F130/><W82/><G43/><T95/><D92/><U9/><E9/><V114/><F94/><W0/><G0/><T76/><D76/><U58/><E58/><V86/><F40/><W8/><G8/><T125/><D125/><U101/><E101/><V89/><F102/><W103/><G103/><T127/><D127/><U107/><E107/><V59/><F42/><W41/><G41/><T18/><D18/><AGARI ba="1,2" hai="18,20,24,46,48,49,50,51,54,77,82,84,97,98" machi="18" ten="40,1300,0" yaku="8,1" doraHai="26" who="3" fromWho="0" sc="204,-16,235,0,234,0,307,36" /><INIT seed="5,0,0,4,3,33" ten="188,235,234,343" oya="1" hai0="78,79,37,123,126,29,27,71,119,122,64,59,47" hai1="112,26,116,61,7,131,134,67,113,111,114,96,108" hai2="35,15,90,100,83,130,25,13,87,88,48,54,68" hai3="76,62,118,46,12,50,20,120,16,66,28,63,124"/><U121/><E121/><N who="0" m="46089" /><D119/><U125/><E116/><V24/><F68/><W73/><G124/><T44/><D71/><U42/><E7/><V6/><F130/><W41/><G120/><T128/><D126/><U17/><E125/><V23/><F35/><W51/><G73/><T105/><D105/><U31/><E17/><N who="2" m="10687" /><F100/><W93/><G76/><N who="0" m="29227" /><D128/><U115/><N who="1" m="28672" /><DORA hai="65" /><U49/><E131/><V129/><F90/><W53/><G66/><T77/><N who="0" m="29235" /><T57/><DORA hai="40" /><D64/><U55/><E96/><V30/><F30/><W74/><G74/><T101/><D101/><U11/><E11/><N who="2" m="4343" /><F129/><W91/><G28/><T56/><D37/><U103/><E103/><V94/><F94/><W52/><G118/><T95/><D95/><U86/><E86/><V135/><F135/><W92/><G92/><T89/><D89/><U85/><E85/><V104/><F104/><W43/><G93/><T38/><D38/><U39/><E134/><V106/><F106/><W70/><G91/><T1/><D1/><U60/><E39/><V3/><F3/><W5/><G5/><T34/><AGARI ba="0,0" hai="27,29,34,44,47,56,57,59" m="29235,46089" machi="34" ten="40,5200,0" yaku="13,1,52,2" doraHai="33,65,40" who="0" fromWho="0" sc="188,52,235,-26,234,-13,343,-13" /><INIT seed="6,0,0,3,5,2" ten="240,209,221,330" oya="2" hai0="114,0,28,101,39,94,89,14,23,13,17,75,70" hai1="69,44,123,7,30,33,98,90,128,25,78,107,76" hai2="106,81,99,124,46,120,20,134,82,85,5,97,109" hai3="3,6,57,53,102,10,96,51,24,84,58,117,48"/><V88/><F120/><W37/><G37/><T67/><D0/><U79/><E128/><V121/><F121/><W87/><G24/><T61/><D39/><U116/><E123/><V103/><F109/><W131/><G131/><T41/><D41/><U9/><E116/><V83/><F124/><W110/><G117/><T126/><D126/><U29/><E29/><V55/><F134/><W127/><G110/><T11/><D75/><U104/><E69/><V125/><F125/><W115/><G115/><T64/><D64/><U36/><E36/><V111/><F111/><W54/><G127/><T59/><D114/><U77/><N who="1" m="19456" /><DORA hai="71" /><U73/><E73/><V108/><F108/><W105/><AGARI ba="0,0" hai="3,6,10,48,51,53,54,57,58,84,87,96,102,105" machi="105" ten="20,5200,0" yaku="0,1,7,1,9,1,52,1" doraHai="2,71" who="3" fromWho="3" sc="240,-13,209,-13,221,-26,330,52" /><INIT seed="7,0,0,1,2,9" ten="227,196,195,382" oya="3" hai0="69,72,73,6,14,27,36,71,64,46,134,109,121" hai1="3,25,91,51,123,92,106,118,133,2,74,126,85" hai2="32,80,75,20,112,8,22,105,29,43,77,107,119" hai3="103,88,39,100,42,13,57,116,135,110,49,45,34"/><W37/><G34/><T59/><D27/><U90/><E123/><V76/><F119/><W19/><G116/><T61/><D72/><U104/><E118/><V108/><F108/><W67/><G135/><T1/><D1/><U127/><E133/><V97/><F112/><W41/><G39/><T95/><D73/><U47/><E74/><V68/><F68/><W18/><G18/><T66/><D59/><U40/><E25/><V12/><F77/><W21/><G41/><T38/><D95/><U33/><E33/><V7/><F43/><W50/><G37/><T99/><D99/><N who="1" m="57751" /><E3/><V117/><F117/><W30/><G30/><T4/><D38/><U70/><E2/><V56/><F32/><W28/><G28/><T101/><D36/><U10/><E10/><V94/><F56/><W62/><G50/><T58/><D58/><U113/><E70/><V60/><F60/><W102/><G110/><T111/><D61/><U11/><E11/><V35/><F35/><W131/><G131/><T82/><D69/><U128/><E113/><V86/><F29/><W0/><G0/><T26/><D71/><U44/><E44/><V98/><F98/><W93/><G103/><T24/><D111/><U130/><E106/><V83/><F83/><W79/><G79/><T52/><D109/><U96/><E96/><AGARI ba="0,0" hai="13,19,21,42,45,49,57,62,67,88,93,96,100,102" machi="96" ten="30,11600,0" yaku="7,1,8,1,52,1,54,1" doraHai="9" who="3" fromWho="1" sc="227,0,196,-116,195,0,382,116" owari="227,3.0,80,-42.0,195,-20.0,498,59.0" /></mjloggm>