<mjloggm ver="2.3"><GO type="169" lobby="0"/><UN n0="%E8%B2%BF%E6%98%93" n1="%45%47%41%4B%55" n2="%E5%B0%B1%E6%B4%BB%E7%94%9F%40%E5%B7%9D%E6%9D%91%E8%BB%8D%E5%9B%A3" n3="%E3%83%9E%E3%83%A1%E3%83%9D%E3%82%B3" dan="17,16,17,16" rate="2147.61,2020.65,2219.64,2147.22" sx="M,M,M,M"/><TAIKYOKU oya="0"/><INIT seed="0,0,0,3,2,15" ten="250,250,250,250" oya="0" hai0="36,131,18,115,39,89,38,90,85,7,128,96,48" hai1="21,29,130,52,28,9,40,95,71,75,35,4,118" hai2="82,62,80,92,45,104,37,33,77,126,74,133,66" hai3="81,86,105,11,34,78,27,116,14,132,0,122,123"/><T127/><D115/><U99/><E118/><V12/><F126/><W1/><G105/><T53/><D127/><U56/><E71/><V68/><F133/><W19/><G116/><T46/><D7/><U100/><E75/><V65/><F65/><W49/><G132/><T31/><D31/><U60/><E130/><N who="0" m="49705" /><D96/><U51/><E35/><V58/><F104/><W17/><G49/><T63/><D63/><U102/><E102/><V55/><F33/><W50/><G50/><T8/><D85/><U83/><E21/><V43/><F82/><W110/><G110/><T88/><D89/><U107/><E83/><V108/><F108/><W44/><G44/><T2/><D2/><U30/><E107/><V134/><F134/><W84/><G84/><T22/><D8/><U79/><E79/><V32/><F32/><W10/><G34/><T41/><D41/><U20/><E20/><V119/><F119/><W16/><G27/><AGARI ba="0,0" hai="18,22,27,36,38,39,46,48,53,88,90" m="49705" machi="27" ten="40,7700,0" yaku="19,1,52,1,54,1" doraHai="15" who="0" fromWho="3" sc="250,77,250,0,250,0,250,-77" /><INIT seed="0,1,0,0,5,56" ten="327,250,250,173" oya="0" hai0="61,64,20,107,109,70,131,7,10,52,135,62,33" hai1="91,4,92,118,80,5,28,42,116,102,12,63,113" hai2="104,130,19,77,86,101,89,6,0,85,129,48,1" hai3="114,123,112,8,65,59,55,122,93,133,40,72,57"/><T41/><D33/><U24/><E113/><N who="3" m="43626" /><G93/><T71/><D107/><U58/><E42/><V120/><F120/><N who="3" m="46123" /><G72/><T44/><D131/><U15/><E80/><V26/><F6/><W68/><G8/><T13/><D135/><U125/><E125/><V124/><F19/><W49/><G40/><T18/><D109/><U95/><E95/><V34/><F26/><W127/><G127/><T96/><D96/><U9/><E102/><V53/><F34/><W76/><G76/><T81/><D81/><U11/><E24/><V54/><F77/><W134/><G68/><T88/><D88/><U103/><E28/><V60/><F89/><W74/><G74/><T23/><D71/><U14/><E14/><V3/><F101/><W25/><G25/><T105/><D105/><U83/><E83/><V16/><F104/><W73/><G73/><T36/><REACH who="0" step="1"/><D7/><REACH who="0" ten="317,250,250,173" step="2"/><U82/><E82/><V90/><F90/><W30/><G30/><T108/><D108/><U17/><E4/><V46/><F129/><W43/><G43/><T67/><D67/><U78/><E103/><V111/><F111/><W121/><G121/><T75/><D75/><U27/><E5/><V110/><F110/><W99/><G99/><T119/><D119/><U115/><E118/><V2/><F130/><W31/><G31/><T117/><D117/><U98/><E116/><V87/><F124/><W69/><G69/><T84/><D84/><U39/><E98/><V29/><F86/><W79/><G79/><T126/><D126/><U38/><E115/><V37/><N who="2" m="512" /><DORA hai="128" /><V32/><F29/><W45/><G65/><RYUUKYOKU ba="1,1" sc="317,15,250,-15,250,-15,173,15" hai0="10,13,18,20,23,36,41,44,52,61,62,64,70" hai3="45,49,55,57,59,133,134" /><INIT seed="0,2,1,1,4,38" ten="332,235,235,188" oya="0" hai0="68,133,94,78,21,117,60,45,17,56,30,65,23" hai1="128,120,57,131,100,71,93,72,58,16,35,97,80" hai2="108,61,15,70,14,47,121,111,6,113,119,11,125" hai3="62,81,83,4,48,54,27,31,82,10,84,88,37"/><T59/><D117/><U101/><E71/><V24/><F113/><W67/><G37/><T127/><D127/><U105/><E35/><V40/><F121/><W92/><G27/><T107/><D107/><U95/><E120/><V116/><F125/><W29/><G62/><T126/><D126/><U26/><E72/><V49/><F24/><W9/><G67/><T106/><D106/><U32/><E80/><V2/><F61/><W124/><G124/><T55/><D133/><U132/><E132/><V42/><F70/><W122/><G122/><T0/><D0/><U34/><E105/><V114/><F114/><W18/><G18/><T3/><D3/><U115/><E26/><V77/><F77/><W43/><G43/><N who="2" m="16425" /><F49/><W33/><G33/><T123/><D30/><N who="3" m="11273" /><G4/><T20/><D78/><U64/><E115/><V79/><F79/><W36/><G36/><T46/><D68/><U135/><E135/><V86/><F86/><W66/><G66/><T19/><D123/><U41/><E64/><V134/><F47/><AGARI ba="2,1" hai="9,10,47,48,54,81,82,83,84,88,92" m="11273" machi="47" ten="30,2000,0" yaku="8,1,54,1" doraHai="38" who="3" fromWho="2" sc="332,0,235,0,235,-26,188,36" /><INIT seed="1,0,0,1,2,63" ten="332,235,209,224" oya="1" hai0="109,75,131,28,126,107,43,74,130,91,73,12,22" hai1="62,65,5,84,29,95,21,24,102,114,100,64,49" hai2="115,16,19,132,116,103,70,58,37,120,123,78,93" hai3="30,50,6,67,134,40,111,118,7,85,47,53,72"/><U106/><E114/><V17/><F70/><W34/><G72/><T129/><D109/><U124/><E124/><V10/><F116/><W60/><G111/><T31/><D126/><U66/><E106/><V128/><F37/><W4/><G118/><T59/><D107/><U112/><E112/><V27/><F115/><W44/><G134/><T119/><D119/><U68/><E68/><V2/><F78/><W117/><G117/><T15/><D43/><U104/><E104/><V36/><F36/><W42/><G47/><T122/><D122/><U82/><E5/><V79/><F79/><W135/><G135/><T0/><D0/><U13/><E62/><V88/><F103/><N who="1" m="39465" /><E13/><N who="0" m="5193" /><D22/><U125/><E125/><V98/><F132/><W97/><G97/><T57/><D91/><N who="1" m="53735" /><E49/><V45/><F27/><W61/><G61/><T26/><D26/><U11/><E11/><V113/><F113/><W133/><G133/><T39/><D39/><U33/><E33/><V23/><F23/><W77/><G34/><T52/><D59/><U105/><E105/><V83/><F58/><N who="3" m="37271" /><G30/><T55/><D57/><U121/><E121/><V87/><F45/><W18/><G18/><T51/><D51/><U20/><E20/><V8/><F2/><W32/><G32/><T56/><D56/><U1/><E1/><V127/><F127/><W101/><G101/><T86/><D86/><U92/><E92/><V80/><F120/><W76/><G76/><T90/><D90/><U25/><E25/><V81/><F123/><W99/><G99/><T48/><D48/><U96/><E96/><V89/><F128/><RYUUKYOKU ba="0,0" sc="332,0,235,0,209,0,224,0" hai0="28,31,52,55,73,74,75,129,130,131" hai1="21,24,29,64,65,66,82" hai2="8,10,16,17,19,80,81,83,87,88,89,93,98" hai3="4,6,7,40,42,44,50,53,77,85" /><INIT seed="1,1,0,4,2,97" ten="332,235,209,224" oya="1" hai0="7,83,71,95,16,69,131,105,31,51,73,21,61" hai1="32,78,127,45,9,86,91,117,14,6,99,4,2" hai2="29,104,107,94,119,23,113,43,36,33,106,67,134" hai3="50,74,53,81,35,132,17,0,57,55,108,11,39"/><U89/><E117/><V128/><F119/><W15/><G39/><T102/><D105/><U116/><E116/><V38/><F128/><W120/><G120/><T19/><D131/><U18/><E32/><V56/><F134/><W100/><G35/><T58/><D7/><U37/><E127/><V72/><F72/><W10/><G132/><T44/><D69/><U85/><E78/><V111/><F33/><W24/><G24/><N who="0" m="16783" /><D83/><N who="1" m="49375" /><E37/><V70/><F70/><W109/><G74/><T76/><D76/><U79/><E45/><V3/><F3/><W125/><G125/><T28/><D28/><U48/><E48/><V90/><F111/><W68/><G68/><T88/><D102/><U82/><E2/><V20/><F113/><W103/><G81/><T47/><D71/><U62/><E62/><V126/><F126/><W12/><G0/><T65/><D73/><U40/><E40/><V115/><F115/><W75/><G75/><T41/><D47/><U52/><E52/><V98/><F38/><W121/><G121/><T63/><D63/><U30/><E30/><V84/><F36/><W64/><G64/><T93/><D93/><AGARI ba="1,0" hai="4,6,9,14,18,79,82,85,91,93,99" m="49375" machi="93" ten="30,1500,0" yaku="8,1" doraHai="97" who="1" fromWho="0" sc="332,-18,235,18,209,0,224,0" /><INIT seed="1,2,0,3,2,14" ten="314,253,209,224" oya="1" hai0="11,51,68,134,123,17,97,52,75,34,108,6,5" hai1="22,130,117,10,133,111,89,28,98,80,65,43,42" hai2="63,20,35,112,100,31,46,19,74,116,101,45,93" hai3="69,59,1,8,62,26,115,23,16,2,57,107,118"/><U94/><E117/><V105/><F116/><W29/><G115/><T12/><D75/><U21/><E133/><V79/><F105/><W121/><G118/><T124/><D134/><U102/><E130/><V32/><F112/><W37/><G107/><T126/><D68/><U114/><E114/><V135/><F135/><W38/><G121/><T27/><D108/><U71/><E71/><V92/><F31/><W119/><G69/><T7/><D97/><U131/><E131/><V73/><F63/><W61/><G119/><T47/><D123/><U49/><E65/><V110/><F20/><W39/><G29/><T33/><REACH who="0" step="1"/><D27/><REACH who="0" ten="304,253,209,224" step="2"/><U40/><E98/><V56/><F110/><W76/><G76/><T30/><D30/><U90/><E28/><V41/><F79/><W44/><G26/><T129/><D129/><U84/><E111/><V24/><F24/><W113/><G113/><T109/><D109/><U64/><E102/><V70/><F70/><W13/><G1/><T128/><D128/><U60/><E84/><V3/><F3/><W4/><REACH who="3" step="1"/><G44/><REACH who="3" ten="304,253,209,214" step="2"/><T77/><D77/><U15/><E89/><V81/><F46/><W82/><G82/><T55/><D55/><U85/><E80/><V120/><F45/><W66/><G66/><T103/><D103/><U88/><E64/><V18/><F81/><W125/><G125/><AGARI ba="2,2" hai="5,6,7,11,12,17,33,34,47,51,52,124,125,126" machi="125" ten="40,8000,1" yaku="1,1,18,1,52,1,54,1,53,1" doraHai="14" doraHaiUra="48" who="0" fromWho="3" sc="304,106,253,0,209,0,214,-86" /><INIT seed="2,0,0,0,2,124" ten="410,253,209,128" oya="2" hai0="37,23,47,93,118,6,134,10,24,80,129,63,28" hai1="49,101,56,18,114,0,99,130,126,135,91,16,12" hai2="82,111,77,76,106,9,102,71,119,17,14,57,42" hai3="59,51,40,15,41,74,5,27,107,44,62,100,79"/><V22/><F71/><W13/><G107/><T113/><D113/><U110/><E126/><V115/><F119/><W90/><G100/><T65/><D134/><U133/><E0/><V86/><F115/><W8/><G74/><T94/><D118/><U109/><E114/><V1/><F111/><N who="1" m="42505" /><E91/><V53/><F42/><W31/><G79/><T89/><D129/><U66/><E130/><V30/><F106/><W55/><G90/><T127/><D127/><U3/><E3/><V67/><F67/><W92/><G92/><T120/><D120/><U104/><E18/><V81/><F102/><W43/><REACH who="3" step="1"/><G15/><REACH who="3" ten="410,253,209,118" step="2"/><T68/><D80/><U54/><E66/><V38/><F1/><W29/><G29/><T45/><D93/><U125/><E125/><V61/><F30/><W112/><G112/><T33/><D89/><U84/><E84/><N who="2" m="48167" /><F38/><W64/><G64/><T48/><D37/><U97/><E97/><V50/><F61/><W26/><G26/><T95/><D63/><U35/><E133/><V39/><F39/><W7/><G7/><T2/><D65/><U21/><E135/><V96/><F96/><W73/><G73/><T4/><D4/><U105/><E105/><V121/><F121/><W58/><G58/><T83/><D2/><U103/><E101/><V116/><F116/><W122/><G122/><T85/><D6/><U60/><E60/><V128/><F128/><W75/><G75/><T88/><D28/><U52/><E104/><V36/><F36/><W69/><G69/><T20/><D68/><U72/><E99/><V132/><F132/><W19/><G19/><RYUUKYOKU ba="0,1" sc="410,-15,253,-15,209,15,118,15" hai2="9,14,17,22,50,53,57,77,82,86" hai3="5,8,13,27,31,40,41,43,44,51,55,59,62" /><INIT seed="2,1,1,1,2,82" ten="395,238,224,133" oya="2" hai0="78,18,56,61,131,25,48,43,120,115,30,50,119" hai1="57,54,0,6,116,128,14,93,42,96,132,121,17" hai2="118,67,99,114,127,9,126,85,32,105,21,22,77" hai3="3,8,58,104,75,31,124,70,63,91,23,76,45"/><V101/><F32/><W102/><G70/><T109/><D120/><U35/><E116/><V4/><F118/><W7/><G124/><N who="2" m="47657" /><F67/><W24/><G104/><T92/><D115/><U88/><E35/><V79/><F114/><W53/><G102/><T134/><D109/><U97/><E121/><V94/><F94/><W28/><G45/><T29/><D119/><U26/><E26/><V71/><F71/><W113/><G113/><T108/><D108/><U69/><E69/><V37/><F37/><W80/><REACH who="3" step="1"/><G91/><REACH who="3" ten="395,238,224,123" step="2"/><T110/><D110/><U39/><E88/><V49/><F79/><W135/><G135/><T13/><D78/><U111/><E132/><V129/><F129/><W46/><G46/><T10/><D131/><U83/><E128/><V133/><F133/><W100/><G100/><T64/><D134/><U106/><E106/><V81/><F49/><W112/><G112/><T125/><D125/><U123/><E111/><V122/><F122/><W19/><AGARI ba="1,2" hai="3,7,8,19,23,24,28,31,53,58,63,75,76,80" machi="19" ten="20,2700,0" yaku="1,1,0,1,7,1,53,0" doraHai="82" doraHaiUra="84" who="3" fromWho="3" sc="395,-8,238,-8,224,-14,123,50" /><INIT seed="3,0,0,0,1,108" ten="387,230,210,173" oya="3" hai0="78,131,66,87,61,122,102,70,35,24,130,124,23" hai1="6,111,26,95,110,132,22,69,80,32,125,62,43" hai2="16,101,37,51,106,45,29,105,60,31,53,36,42" hai3="97,88,44,63,85,77,14,3,120,17,33,72,81"/><W58/><G3/><T57/><D122/><U118/><E43/><V129/><F129/><N who="0" m="49162" /><D124/><U55/><E6/><V109/><F109/><W4/><G120/><T74/><D74/><U5/><E32/><V94/><F37/><W50/><G33/><T73/><D73/><U112/><E22/><V25/><F60/><W119/><G119/><T28/><D102/><U59/><E55/><V92/><F101/><W116/><G116/><T90/><D78/><U47/><E59/><V126/><F126/><W65/><G4/><T2/><D2/><U114/><E5/><V100/><F29/><W82/><G97/><T123/><D123/><U75/><E47/><V79/><F79/><W83/><G72/><T127/><D127/><U21/><E75/><V99/><F105/><W46/><G77/><T54/><D35/><U76/><E76/><V15/><F25/><W84/><G84/><T11/><D11/><U103/><E26/><V64/><F31/><W20/><G46/><T19/><D28/><U41/><E125/><V0/><F64/><W52/><AGARI ba="0,0" hai="14,17,20,44,50,52,58,63,65,81,82,83,85,88" machi="52" ten="20,12000,1" yaku="0,1,7,1,8,1,54,2" doraHai="108" who="3" fromWho="3" sc="387,-40,230,-40,210,-40,173,120" /><INIT seed="3,1,0,1,0,54" ten="347,190,170,293" oya="3" hai0="105,28,18,77,42,120,73,112,63,68,118,110,50" hai1="125,78,102,58,25,115,135,71,9,3,0,21,103" hai2="72,88,67,26,30,80,5,22,96,17,89,6,31" hai3="87,24,101,94,85,100,2,36,95,83,48,44,76"/><W66/><G2/><T74/><D118/><U117/><E71/><V70/><F70/><W90/><G36/><T12/><D105/><U97/><E115/><V124/><F124/><W29/><G66/><T40/><D120/><U16/><E125/><V98/><F67/><W14/><G95/><T19/><D28/><N who="2" m="10794" /><F72/><W47/><G14/><T43/><D77/><U132/><E78/><V92/><F80/><W114/><G114/><T104/><D104/><U13/><E117/><V45/><F45/><W57/><G57/><T55/><D18/><U81/><E81/><V107/><F107/><W84/><G84/><T116/><D116/><U33/><E33/><V131/><F131/><W99/><G87/><T127/><D127/><U119/><E119/><V69/><F69/><W62/><G62/><T15/><D15/><U86/><E86/><V106/><F106/><W121/><G121/><T75/><D112/><U113/><E113/><V11/><F11/><W93/><G93/><AGARI ba="1,0" hai="5,6,17,22,26,88,89,92,93,96,98" m="10794" machi="93" ten="30,2000,0" yaku="8,1,54,1" doraHai="54" who="2" fromWho="3" sc="347,0,190,0,170,23,293,-23" /><INIT seed="4,0,0,4,3,68" ten="347,190,193,270" oya="0" hai0="79,130,98,71,12,11,65,134,100,128,42,81,131" hai1="45,54,72,104,0,24,6,30,36,69,14,15,28" hai2="80,56,33,13,90,66,82,1,55,20,52,61,18" hai3="38,109,124,96,34,87,64,94,86,32,23,108,88"/><T122/><D122/><U113/><E69/><V57/><F1/><W10/><G64/><T129/><D134/><U62/><E104/><V48/><F33/><W51/><G10/><T84/><D42/><U91/><E91/><V35/><F35/><W8/><G8/><T59/><D71/><U63/><E24/><V7/><F7/><W58/><G34/><T110/><D110/><U127/><E45/><V115/><F115/><W101/><G32/><T44/><D44/><U19/><E54/><V97/><F66/><W47/><G23/><T117/><D117/><U16/><E72/><V125/><F125/><W85/><G124/><T114/><D114/><U67/><E67/><V37/><F37/><W77/><G58/><T102/><N who="0" m="32768" /><DORA hai="31" /><T78/><D78/><U46/><E46/><V99/><REACH who="2" step="1"/><F90/><REACH who="2" ten="347,190,183,270" step="2"/><W74/><G38/><T40/><D65/><U133/><E36/><V4/><F4/><W50/><G109/><T9/><D102/><U5/><E0/><V39/><F39/><W111/><G111/><T95/><D40/><U21/><E127/><V53/><F53/><W73/><G108/><T17/><D59/><U75/><E113/><V26/><F26/><W123/><G123/><T106/><D9/><U93/><E21/><V120/><F120/><W27/><G27/><T112/><D112/><U92/><E133/><V107/><F107/><AGARI ba="0,1" hai="11,12,17,79,81,84,95,98,100,106,107" m="32768" machi="107" ten="70,3400,0" yaku="19,1" doraHai="68,31" who="0" fromWho="2" sc="347,44,190,0,183,-34,270,0" /><INIT seed="4,1,0,0,1,119" ten="391,190,149,270" oya="0" hai0="13,108,72,89,75,25,40,64,129,87,16,47,112" hai1="68,46,96,65,86,124,58,6,97,27,32,34,133" hai2="134,26,43,121,39,122,85,41,2,101,66,60,50" hai3="74,70,120,8,116,22,84,30,54,106,117,38,3"/><T102/><D102/><U76/><E68/><N who="2" m="42055" /><F2/><W94/><G106/><T93/><D112/><U91/><E76/><V52/><F101/><W56/><G70/><T127/><D64/><U82/><E6/><V107/><F107/><W95/><G74/><T9/><D129/><U99/><E34/><V1/><F1/><W118/><G38/><T10/><D127/><U28/><E124/><V11/><F11/><W125/><G125/><T79/><D108/><U17/><E17/><V35/><F85/><W29/><G120/><N who="2" m="46185" /><F26/><W24/><G84/><T44/><D79/><U77/><E99/><V18/><F18/><W21/><G3/><T131/><D25/><U100/><E97/><V78/><F78/><W103/><G8/><T62/><D9/><U51/><E100/><V4/><F4/><W59/><G103/><T114/><D10/><U53/><E96/><V7/><F7/><W55/><G118/><T48/><D16/><U15/><E15/><V20/><F20/><W88/><G24/><T132/><D13/><U69/><E77/><V115/><F35/><W109/><G88/><T14/><D14/><U98/><E98/><V63/><F115/><W111/><AGARI ba="1,0" hai="21,22,29,30,54,55,56,59,94,95,109,111,116,117" machi="111" ten="25,3200,0" yaku="0,1,22,2" doraHai="119" who="3" fromWho="3" sc="391,-17,190,-9,149,-9,270,35" /><INIT seed="5,0,0,0,2,123" ten="374,181,140,305" oya="1" hai0="22,104,95,135,122,10,89,47,14,72,124,4,64" hai1="87,23,16,82,84,25,119,17,43,131,54,98,69" hai2="60,92,70,65,33,90,126,81,134,52,85,130,61" hai3="129,20,67,7,49,125,58,127,63,18,113,117,91"/><U8/><E69/><V40/><F33/><W71/><G117/><T59/><D104/><U108/><E119/><V13/><F130/><W102/><G129/><T74/><D122/><U42/><E131/><V111/><F134/><W76/><G113/><T19/><D135/><U115/><E115/><V132/><F132/><W93/><G76/><T9/><D124/><N who="3" m="47689" /><G7/><T12/><D47/><U30/><E108/><V121/><F126/><W88/><G102/><T66/><D72/><U97/><E54/><V73/><F121/><W116/><G116/><T28/><D74/><U109/><E109/><V79/><F111/><W107/><G107/><T27/><D59/><U11/><E84/><AGARI ba="0,0" hai="4,9,10,12,14,19,22,27,28,64,66,84,89,95" machi="84" ten="30,2000,0" yaku="7,1,8,1" doraHai="123" who="0" fromWho="1" sc="374,20,181,-20,140,0,305,0" /><INIT seed="6,0,0,1,0,100" ten="394,161,140,305" oya="2" hai0="67,69,19,57,62,63,5,133,110,122,101,116,26" hai1="33,49,18,128,46,129,92,16,10,6,120,119,82" hai2="11,7,131,44,39,48,117,71,135,86,21,108,112" hai3="114,70,68,125,23,52,34,25,17,50,121,95,123"/><V3/><F117/><W64/><G125/><T9/><D133/><U15/><E119/><V96/><F39/><W41/><G41/><T24/><D116/><U90/><E33/><V37/><F37/><W22/><G34/><T98/><D19/><U97/><E120/><V29/><F135/><W60/><G114/><T93/><D110/><U27/><E82/><V78/><F112/><W132/><G132/><T66/><D122/><U84/><E84/><V14/><F71/><W85/><G23/><T105/><D93/><U31/><E31/><V56/><F131/><N who="1" m="50249" /><E27/><N who="2" m="16623" /><F3/><AGARI ba="0,0" hai="3,5,9,24,26,57,62,63,66,67,69,98,101,105" machi="3" ten="30,2000,0" yaku="7,1,52,1" doraHai="100" who="0" fromWho="2" sc="394,20,161,0,140,-20,305,0" /><INIT seed="7,0,0,2,4,102" ten="414,161,120,305" oya="3" hai0="7,65,37,108,11,50,26,43,134,98,0,101,81" hai1="112,90,13,114,53,34,32,67,77,127,5,36,27" hai2="128,19,30,94,39,8,45,79,125,89,86,52,74" hai3="4,22,58,76,129,75,82,130,123,92,71,84,107"/><W95/><G71/><T3/><D3/><U83/><E36/><V1/><F125/><W72/><G4/><T2/><D2/><U12/><E67/><V40/><F128/><N who="3" m="49259" /><G58/><T116/><D116/><U29/><E34/><V115/><F115/><N who="1" m="44073" /><E127/><V132/><F30/><W113/><G22/><T69/><D50/><U133/><E90/><V124/><F124/><W46/><G46/><T16/><D81/><U14/><E133/><V64/><F132/><W54/><G54/><T55/><D16/><U80/><E53/><V97/><F64/><W103/><G113/><T31/><D55/><U78/><E80/><V120/><F120/><W47/><G47/><T122/><D26/><U15/><E83/><V10/><F74/><N who="3" m="28203" /><G123/><T20/><D11/><AGARI ba="0,0" hai="5,11,12,13,14,15,27,29,32,77,78" m="44073" machi="11" ten="30,1000,0" yaku="15,1" doraHai="102" who="1" fromWho="0" sc="414,-10,161,10,120,0,305,0" owari="404,50.0,171,-23.0,120,-38.0,305,11.0" /></mjloggm>