<mjloggm ver="2.3"><GO type="169" lobby="0"/><UN n0="%E8%B2%BF%E6%98%93" n1="%E3%81%8A%E3%81%BE%E3%81%A4%E3%82%8A" n2="%E3%83%AD%E3%83%B3%E3%82%88%E3%82%8A%E8%A8%BC%E6%8B%A0" n3="%E3%82%A6%E3%83%AB%E3%83%88%E3%83%A9%E7%AB%8B%E7%9B%B4" dan="17,16,17,17" rate="2163.19,2100.59,2208.01,2237.75" sx="M,M,M,M"/><TAIKYOKU oya="0"/><INIT seed="0,0,0,0,3,120" ten="250,250,250,250" oya="0" hai0="20,36,122,7,78,2,66,80,76,102,94,59,3" hai1="56,72,18,47,73,54,38,60,40,91,53,131,6" hai2="124,21,79,52,25,125,75,87,81,62,49,116,22" hai3="92,89,23,112,55,103,29,133,128,83,118,134,106"/><T65/><D122/><U19/><E131/><V77/><F116/><W32/><G32/><T126/><D36/><U115/><E115/><V98/><F62/><W99/><G112/><T117/><D117/><U61/><E6/><V132/><F132/><N who="3" m="50795" /><G55/><T84/><D126/><U114/><E114/><V45/><F98/><N who="3" m="61815" /><G118/><T82/><D7/><U90/><E73/><V35/><F35/><W100/><G29/><T96/><D20/><U37/><E72/><V88/><F22/><W121/><G23/><T34/><D34/><U97/><E97/><V12/><F12/><W9/><G9/><T13/><D13/><U85/><E38/><V86/><F75/><W101/><G121/><T64/><REACH who="0" step="1"/><D59/><REACH who="0" ten="240,250,250,250" step="2"/><U44/><E18/><V39/><F39/><W46/><G128/><T74/><AGARI ba="0,1" hai="2,3,64,65,66,74,76,78,80,82,84,94,96,102" machi="74" ten="30,6000,0" yaku="1,1,2,1,0,1,53,0" doraHai="120" doraHaiUra="113" who="0" fromWho="0" sc="240,70,250,-20,250,-20,250,-20" /><INIT seed="0,1,0,3,1,6" ten="310,230,230,230" oya="0" hai0="128,9,65,132,14,84,118,119,117,36,71,58,90" hai1="34,18,40,134,130,8,22,15,48,64,104,124,62" hai2="127,109,2,51,108,17,72,39,86,116,112,126,80" hai3="45,121,94,95,68,107,21,66,53,46,27,122,26"/><T54/><D36/><U131/><E104/><V25/><F39/><W102/><G107/><T44/><D128/><N who="1" m="49195" /><E40/><V115/><F51/><W30/><G68/><T105/><D105/><U7/><E48/><V24/><F72/><W113/><G66/><T69/><D44/><U43/><E43/><V13/><F2/><W125/><G53/><T114/><D114/><N who="2" m="43562" /><F86/><W3/><G113/><T52/><D65/><U77/><E77/><V29/><F80/><W59/><G59/><T37/><D37/><U87/><E87/><V99/><F99/><W74/><G74/><T38/><D54/><U93/><E93/><V123/><F123/><W31/><G3/><T103/><D103/><U4/><E34/><N who="2" m="20775" /><F25/><W28/><G28/><T56/><D38/><U19/><E64/><V63/><F63/><W75/><G75/><T47/><D47/><U20/><E62/><V73/><F73/><W110/><G102/><T60/><D58/><U83/><E83/><V120/><F120/><W88/><G88/><T10/><D71/><U42/><E42/><V1/><F1/><W85/><G85/><T23/><D69/><U89/><E89/><V11/><F116/><W82/><G82/><T92/><REACH who="0" step="1"/><D132/><REACH who="0" ten="300,230,230,230" step="2"/><U49/><E134/><V70/><F70/><W106/><G122/><T0/><D0/><U67/><E67/><V12/><F12/><W111/><G121/><T129/><D129/><U76/><E15/><V81/><F81/><W91/><G31/><T41/><D41/><U98/><E49/><V101/><F101/><W96/><G30/><T55/><D55/><U32/><E76/><RYUUKYOKU ba="1,1" sc="300,15,230,-15,230,15,230,-15" hai0="9,10,14,23,52,56,60,84,90,92,117,118,119" hai2="11,13,17,108,109,126,127" /><INIT seed="0,2,1,2,5,96" ten="315,215,245,215" oya="0" hai0="37,23,59,20,30,25,10,83,15,53,102,100,127" hai1="110,28,68,69,73,48,85,79,7,99,77,11,22" hai2="5,54,17,125,35,9,131,50,120,13,16,101,29" hai3="103,91,128,67,61,18,105,21,75,31,19,47,51"/><T65/><D127/><U119/><E119/><V94/><F120/><W95/><G75/><T34/><D37/><U124/><E124/><V6/><F125/><W44/><G128/><T92/><D65/><U42/><E69/><V4/><F131/><W71/><G105/><T109/><D109/><U114/><E68/><V116/><F116/><W3/><G3/><T45/><D45/><U129/><E129/><V26/><F17/><W1/><G1/><T80/><D34/><U89/><E110/><V93/><REACH who="2" step="1"/><F101/><REACH who="2" ten="315,215,235,215" step="2"/><N who="0" m="39018" /><D23/><U121/><E121/><V24/><F24/><W64/><G103/><T112/><D112/><U49/><E114/><V82/><F82/><W86/><G21/><T126/><D126/><U107/><E22/><V76/><F76/><W33/><G33/><T130/><D130/><U57/><E79/><V88/><F88/><W84/><G91/><T0/><D92/><U58/><E107/><V12/><F12/><W74/><G95/><T39/><D0/><U55/><E77/><V38/><F38/><W117/><G74/><T52/><D39/><U108/><E73/><V113/><F113/><W81/><G81/><N who="0" m="31307" /><D59/><AGARI ba="2,2" hai="4,5,6,9,13,16,26,29,35,50,54,59,93,94" machi="59" ten="40,2600,0" yaku="1,1,54,1,53,0" doraHai="96" doraHaiUra="98" who="2" fromWho="0" sc="315,-32,215,0,235,52,215,0" /><INIT seed="1,0,0,5,5,6" ten="283,215,287,215" oya="1" hai0="97,100,54,107,116,20,19,78,41,70,127,104,91" hai1="129,12,22,82,50,124,26,8,59,76,14,132,37" hai2="56,84,88,125,110,45,10,17,71,62,21,52,98" hai3="63,3,117,99,2,60,0,90,16,15,39,112,27"/><U126/><E37/><V74/><F74/><W18/><G112/><T120/><D116/><U57/><E129/><V30/><F110/><W43/><G117/><T13/><D41/><U46/><E132/><V31/><F125/><W49/><G39/><T69/><D107/><U135/><E135/><V133/><F133/><W42/><G99/><T24/><D127/><U111/><E111/><V92/><F71/><W1/><G1/><T55/><D78/><U87/><E14/><N who="2" m="7383" /><F21/><W36/><G36/><T53/><D91/><U109/><E109/><V68/><F68/><W102/><G102/><T86/><D86/><U51/><E124/><V108/><F108/><W80/><G0/><T77/><D77/><U121/><E121/><V47/><F98/><W66/><G27/><T122/><D70/><U105/><E105/><V32/><F32/><W29/><G29/><AGARI ba="0,0" hai="29,30,31,45,47,52,56,62,84,88,92" m="7383" machi="29" ten="30,7700,0" yaku="8,1,52,1,54,2" doraHai="6" who="2" fromWho="3" sc="283,0,215,0,287,77,215,-77" /><INIT seed="2,0,0,3,5,50" ten="283,215,364,138" oya="2" hai0="0,98,62,130,103,99,51,57,114,101,128,38,78" hai1="15,133,42,97,76,26,87,3,44,108,27,131,93" hai2="107,83,19,104,45,6,112,30,117,80,81,106,5" hai3="18,10,46,23,92,113,8,63,11,115,49,109,29"/><V37/><F112/><W41/><G109/><T126/><D38/><U127/><E3/><V7/><F117/><W70/><G29/><T86/><D114/><U82/><E131/><N who="0" m="50217" /><D51/><U120/><E120/><V28/><F19/><W32/><G32/><T68/><D68/><U4/><E108/><V69/><F69/><W54/><G92/><T52/><D0/><U121/><E127/><V61/><F61/><W79/><G79/><T90/><D78/><U105/><E105/><V102/><F102/><N who="0" m="38922" /><D126/><U17/><E133/><V129/><F129/><W118/><G118/><T132/><D132/><U34/><E34/><V125/><F125/><W91/><G91/><T124/><D124/><U123/><E123/><V84/><F84/><W73/><G73/><T59/><D57/><U77/><E77/><V134/><F134/><W24/><REACH who="3" step="1"/><G41/><AGARI ba="0,0" hai="5,6,7,28,30,37,41,45,80,81,83,104,106,107" machi="41" ten="50,4800,0" yaku="29,2" doraHai="50" who="2" fromWho="3" sc="283,0,215,0,364,48,138,-48" /><INIT seed="2,1,0,5,0,54" ten="283,215,412,90" oya="2" hai0="119,20,127,111,25,99,26,59,128,89,134,32,131" hai1="78,23,85,109,95,45,30,118,41,22,98,10,121" hai2="94,77,106,7,102,64,21,97,13,65,129,61,1" hai3="6,87,130,34,112,120,8,14,51,50,66,86,124"/><V9/><F129/><W75/><G120/><T115/><D115/><U114/><E109/><V92/><F77/><W5/><G34/><T36/><D111/><U123/><E114/><V76/><F76/><W67/><G75/><T125/><D36/><U72/><E30/><V4/><F65/><W43/><G112/><T116/><D59/><U40/><E40/><V104/><F104/><W101/><G130/><N who="0" m="49707" /><D99/><U2/><E85/><V0/><F0/><W88/><G124/><N who="0" m="47691" /><D89/><U80/><E118/><N who="0" m="45097" /><D32/><U135/><E121/><V93/><F61/><W110/><G88/><T37/><D37/><N who="1" m="21679" /><E95/><V17/><F64/><W47/><G110/><T29/><D26/><U100/><E123/><V33/><F33/><W103/><G47/><T53/><D53/><U3/><E100/><V24/><F106/><W38/><G38/><T63/><D63/><U11/><E98/><V57/><F57/><W56/><G56/><T27/><D27/><U48/><E48/><V18/><F102/><W107/><G43/><T82/><D82/><U16/><E80/><V84/><F97/><W117/><G107/><T122/><D122/><U71/><E78/><V52/><F52/><W68/><G117/><T42/><D42/><U126/><E126/><V96/><F96/><W60/><G60/><T83/><D83/><U90/><E90/><V74/><F84/><W28/><G103/><T15/><D15/><U133/><E72/><V69/><F74/><W108/><G101/><T19/><D29/><U39/><E39/><V105/><F105/><W49/><G28/><T73/><D73/><U79/><E79/><RYUUKYOKU ba="1,0" sc="283,30,215,-10,412,-10,90,-10" hai0="19,20,25,134" /><INIT seed="3,2,0,1,0,102" ten="313,205,402,80" oya="3" hai0="128,125,51,96,66,63,59,16,108,49,50,34,31" hai1="79,92,116,0,57,9,76,21,47,29,93,32,61" hai2="118,30,39,7,8,122,121,68,41,98,109,11,52" hai3="37,48,123,126,86,111,105,70,53,83,4,127,35"/><W100/><G37/><T40/><D108/><U135/><E135/><V3/><F118/><W54/><G70/><T10/><D128/><U94/><E116/><V77/><F68/><W129/><G35/><T120/><D120/><U43/><E32/><V75/><F109/><W131/><G111/><T42/><D125/><N who="3" m="47625" /><G4/><T124/><D124/><U134/><E134/><V82/><F30/><W13/><G13/><N who="0" m="7223" /><D34/><U106/><E106/><V62/><F11/><W69/><G69/><T130/><D130/><N who="3" m="49673" /><G123/><T15/><D31/><U72/><E72/><V87/><F122/><W74/><G74/><T89/><D15/><U19/><E0/><V1/><F1/><W117/><G117/><T46/><D46/><U73/><E73/><V12/><F75/><W112/><G112/><T6/><D6/><U103/><E29/><V65/><F3/><W119/><G119/><T56/><D56/><U24/><E9/><V88/><F39/><W67/><G67/><T104/><D42/><U23/><E43/><V26/><F65/><W45/><G54/><T38/><D40/><U91/><E47/><V90/><F41/><W55/><G55/><T20/><D38/><U84/><E57/><V28/><F52/><W25/><G25/><T114/><D114/><U60/><E23/><V107/><F121/><W101/><G105/><T22/><D104/><U33/><E33/><N who="2" m="20631" /><F62/><W115/><G115/><T110/><D110/><U17/><E60/><V97/><F107/><W5/><G5/><T58/><D58/><U36/><E61/><V78/><F78/><AGARI ba="2,0" hai="45,48,53,78,83,86,100,101" m="49673,47625" machi="78" ten="30,2900,0" yaku="18,1,19,1" doraHai="102" who="3" fromWho="2" sc="313,0,205,0,402,-35,80,35" /><INIT seed="3,3,0,5,0,69" ten="313,205,367,115" oya="3" hai0="111,135,73,47,65,75,98,66,21,74,127,117,31" hai1="130,11,94,120,59,110,52,12,119,39,22,72,99" hai2="67,61,90,112,86,8,107,30,63,70,42,95,46" hai3="64,108,71,9,38,118,57,76,33,13,134,126,128"/><W58/><G118/><T14/><D117/><U124/><E119/><V77/><F112/><W62/><G33/><T101/><D111/><U0/><E72/><V34/><F107/><W10/><G108/><T16/><D135/><U40/><E120/><V103/><F103/><W92/><G134/><T80/><D127/><U78/><E78/><V114/><F114/><W55/><G126/><T132/><D132/><U125/><E22/><V91/><F77/><W93/><G38/><T15/><D31/><U37/><E40/><V19/><F63/><W102/><G128/><T44/><D80/><U5/><E110/><V81/><F30/><W84/><G71/><T121/><D121/><U131/><E0/><V28/><F28/><W109/><G109/><T89/><D89/><N who="1" m="55759" /><E125/><V129/><F34/><W115/><G115/><T17/><D65/><U82/><E82/><V4/><F19/><W100/><G76/><T51/><D66/><U35/><E35/><V41/><F129/><N who="1" m="49161" /><E124/><V79/><F95/><N who="3" m="36427" /><G84/><T122/><D122/><U49/><AGARI ba="3,0" hai="5,11,12,37,39,49,52,59" m="49161,55759" machi="49" ten="30,7900,0" yaku="19,1,52,2,54,1" doraHai="69" who="1" fromWho="1" sc="313,-23,205,88,367,-23,115,-42" /><INIT seed="4,0,0,2,2,33" ten="290,293,344,73" oya="0" hai0="57,135,61,11,106,26,96,20,14,1,111,70,121" hai1="114,68,110,32,107,27,55,53,115,79,37,50,64" hai2="29,97,39,10,99,34,19,56,119,98,123,94,65" hai3="6,17,93,46,48,35,3,25,126,63,42,74,54"/><T16/><D121/><U133/><E79/><V58/><F123/><W118/><G118/><T45/><D70/><U130/><E107/><V78/><F39/><W71/><G74/><T88/><D1/><U85/><E85/><V103/><F119/><W23/><G126/><T67/><D111/><U128/><E32/><V62/><F78/><W60/><G71/><T69/><D135/><U112/><E27/><V38/><F38/><W87/><G35/><T91/><D69/><U82/><E37/><V5/><F19/><W8/><REACH who="3" step="1"/><G42/><REACH who="3" ten="290,293,344,63" step="2"/><T30/><REACH who="0" step="1"/><D45/><REACH who="0" ten="280,293,344,63" step="2"/><N who="1" m="27855" /><E112/><V105/><F105/><W89/><AGARI ba="0,2" hai="3,6,8,17,23,25,46,48,54,60,63,87,89,93" machi="89" ten="30,4000,0" yaku="1,1,0,1,52,1,53,0" doraHai="33" doraHaiUra="120" who="3" fromWho="3" sc="280,-20,293,-10,344,-10,63,60" /><INIT seed="5,0,0,3,5,52" ten="260,283,334,123" oya="1" hai0="73,11,50,43,84,103,30,8,123,121,14,61,1" hai1="110,119,113,100,95,120,3,45,92,17,131,134,126" hai2="71,66,6,70,74,87,26,54,65,69,20,94,78" hai3="41,81,76,89,114,9,118,59,24,22,106,107,124"/><U109/><E3/><V108/><F108/><N who="1" m="41577" /><E45/><V21/><F74/><W116/><G114/><T18/><D73/><U97/><E17/><V101/><F6/><W23/><G89/><T128/><D128/><U93/><E113/><V44/><F20/><W46/><G9/><T111/><D111/><U58/><E58/><V80/><F94/><N who="1" m="36457" /><E131/><V0/><F101/><W127/><G46/><N who="0" m="25951" /><D103/><N who="1" m="60863" /><E119/><V67/><F0/><W82/><G41/><T4/><D30/><U75/><E75/><V47/><F54/><W55/><G55/><T85/><D61/><U38/><E38/><V105/><F105/><W77/><REACH who="3" step="1"/><G24/><REACH who="3" ten="260,283,334,113" step="2"/><T125/><D11/><U72/><E100/><V68/><F26/><W25/><G25/><T35/><D8/><U2/><E2/><V15/><F67/><W5/><G5/><T31/><D4/><U83/><E120/><V13/><F66/><W57/><AGARI ba="0,1" hai="22,23,57,59,76,77,81,82,106,107,116,118,124,127" machi="57" ten="25,12000,2" yaku="1,1,0,1,22,2,52,2,53,0" doraHai="52" doraHaiUra="27" who="3" fromWho="3" sc="260,-30,283,-60,334,-30,113,130" /><INIT seed="6,0,0,1,5,116" ten="230,223,304,243" oya="2" hai0="92,124,102,96,46,35,49,101,77,0,91,52,58" hai1="121,6,19,90,34,28,67,128,119,106,114,18,62" hai2="129,117,15,48,107,111,3,86,37,14,29,26,84" hai3="85,10,40,39,64,79,4,98,108,97,53,65,27"/><V60/><F3/><W66/><G108/><T68/><D68/><U94/><E106/><V51/><F37/><W113/><G113/><T17/><D35/><U54/><E119/><V32/><F117/><W109/><G109/><T135/><D0/><U9/><E114/><V76/><F111/><W120/><G120/><T12/><D124/><U82/><E82/><V100/><F129/><W13/><G39/><T134/><D77/><U104/><E104/><V44/><F51/><W73/><G40/><T55/><D134/><U126/><E126/><V43/><F86/><W87/><G73/><T16/><D135/><U31/><E54/><V83/><REACH who="2" step="1"/><F60/><REACH who="2" ten="230,223,294,243" step="2"/><W20/><G85/><T30/><D30/><U70/><E128/><V118/><F118/><W125/><G87/><T105/><D105/><U2/><E31/><V88/><F88/><W47/><G79/><T8/><D17/><U81/><E81/><V89/><F89/><W133/><G133/><T50/><AGARI ba="0,1" hai="8,12,16,46,49,50,52,55,58,91,92,96,101,102" machi="50" ten="20,8000,1" yaku="0,1,7,1,8,1,54,2" doraHai="116" who="0" fromWho="0" sc="230,90,223,-20,294,-40,243,-20" /><INIT seed="7,0,0,0,2,69" ten="320,203,254,223" oya="3" hai0="11,54,8,82,57,67,127,21,58,22,75,66,49" hai1="81,38,39,130,87,16,133,13,42,113,86,36,43" hai2="17,9,97,112,109,33,110,105,23,20,35,1,93" hai3="56,32,7,50,48,126,19,88,120,123,60,80,55"/><W107/><G32/><T131/><D75/><U73/><E130/><V121/><F105/><W119/><G107/><T27/><D131/><U100/><E133/><V30/><F112/><W106/><G106/><T103/><D127/><U84/><E113/><V125/><F125/><W44/><G126/><T95/><D82/><U134/><E134/><V52/><F121/><W71/><G7/><T104/><D104/><U45/><E100/><V31/><F35/><W24/><G119/><T26/><D103/><U92/><E92/><V18/><F33/><W5/><G5/><T51/><D54/><U47/><E73/><V62/><F9/><W96/><G50/><T132/><D132/><U118/><E118/><V99/><F1/><W108/><G71/><T77/><D95/><U129/><E129/><V10/><F10/><W29/><G29/><T2/><D77/><U4/><E4/><V122/><F122/><W111/><G123/><T53/><D53/><U41/><E81/><V0/><F0/><AGARI ba="0,0" hai="0,2,8,11,21,22,26,27,49,51,57,58,66,67" machi="0" ten="25,1600,0" yaku="22,2" doraHai="69" who="0" fromWho="2" sc="320,16,203,0,254,-16,223,0" owari="336,44.0,203,-30.0,238,4.0,223,-18.0" /></mjloggm>