<mjloggm ver="2.3"><GO type="169" lobby="0"/><UN n0="%E6%AE%8B%E5%B0%BF%E6%84%9F%E3%81%AA%E3%81%84%EF%BC%9F" n1="%73%68%61%70%65%6C%65%72" n2="%E3%83%8D%E3%83%BC%E3%83%A0%E3%83%AC%E3%82%B9%EF%BC%97" n3="%E3%82%A6%E3%83%AB%E3%83%88%E3%83%A9%E7%AB%8B%E7%9B%B4" dan="17,16,16,18" rate="2180.09,2158.19,2023.83,2239.02" sx="F,M,M,M"/><TAIKYOKU oya="0"/><INIT seed="0,0,0,1,5,105" ten="250,250,250,250" oya="0" hai0="103,121,133,35,79,37,72,97,6,36,134,122,95" hai1="116,123,46,93,62,101,106,91,132,75,61,86,14" hai2="125,17,83,110,20,28,128,107,90,59,104,24,5" hai3="111,1,23,64,69,99,38,63,29,129,112,80,60"/><T4/><D35/><U42/><E123/><N who="0" m="47113" /><D6/><U78/><E116/><V9/><F110/><W22/><G112/><T31/><D4/><U54/><E54/><V81/><F128/><W92/><G111/><T118/><D31/><U40/><E40/><V73/><F125/><W68/><G129/><T57/><D57/><U43/><E43/><V51/><F104/><W50/><G38/><T102/><D118/><U71/><E71/><V96/><F28/><W32/><G1/><T114/><D114/><U15/><E61/><V49/><F107/><W124/><G124/><T13/><D13/><U65/><E62/><V53/><F73/><W3/><G3/><T82/><D103/><U100/><E100/><V98/><F51/><W27/><G50/><T18/><D18/><U126/><E65/><V0/><F83/><W41/><G41/><T119/><D119/><U109/><E126/><V48/><F48/><W87/><G63/><T47/><D47/><U11/><E109/><V30/><F30/><W25/><G25/><T84/><D37/><U39/><E14/><V74/><F74/><W67/><G67/><T12/><D12/><U33/><E33/><V21/><F21/><W70/><G23/><T117/><D117/><U10/><E15/><V19/><F19/><W44/><G32/><T94/><D36/><U34/><E34/><V89/><F89/><AGARI ba="0,0" hai="72,79,82,84,89,94,95,97,102,133,134" m="47113" machi="89" ten="30,5800,0" yaku="34,2,52,1" doraHai="105" who="0" fromWho="2" sc="250,58,250,0,250,-58,250,0" /><INIT seed="0,1,0,0,1,46" ten="308,250,192,250" oya="0" hai0="108,13,122,104,69,94,101,5,12,56,9,17,78" hai1="1,18,58,134,92,31,109,39,14,62,55,3,33" hai2="77,107,23,129,90,70,95,51,110,116,20,49,121" hai3="21,48,66,50,132,98,81,76,37,72,0,135,45"/><T38/><D69/><U32/><E39/><V36/><F107/><W24/><G0/><T86/><D38/><U105/><E105/><V43/><F70/><W119/><G66/><T73/><D122/><U44/><E134/><N who="3" m="51242" /><G119/><T130/><D104/><U128/><E33/><V74/><F121/><W25/><G98/><T6/><D73/><U124/><E31/><V133/><F36/><W47/><G25/><T53/><D130/><U112/><E32/><V126/><F129/><W16/><G47/><T42/><D42/><AGARI ba="1,0" hai="16,21,24,37,42,45,48,50,72,76,81" m="51242" machi="42" ten="30,7700,0" yaku="20,1,52,2,54,1" doraHai="46" who="3" fromWho="0" sc="308,-80,250,0,192,0,250,80" /><INIT seed="1,0,0,4,1,61" ten="228,250,192,330" oya="1" hai0="129,108,29,114,53,17,111,104,123,4,120,91,24" hai1="115,43,60,92,8,109,81,79,18,132,12,76,15" hai2="118,1,134,56,7,116,9,59,5,38,89,13,69" hai3="67,10,105,30,49,124,96,16,95,64,97,68,93"/><U26/><E115/><V52/><F38/><W31/><G68/><T135/><D53/><U48/><E132/><V122/><F69/><W106/><G106/><T127/><D91/><U40/><E109/><N who="0" m="42057" /><D104/><U70/><E79/><V54/><F122/><N who="0" m="46634" /><D114/><U80/><E80/><V55/><F134/><W33/><G105/><T113/><D113/><U22/><E15/><V98/><F5/><W28/><G33/><N who="0" m="20647" /><D135/><U85/><E48/><V27/><F118/><W74/><G49/><T131/><D127/><U102/><E60/><V25/><F116/><W73/><G124/><T2/><D17/><N who="1" m="12623" /><E70/><V130/><F130/><N who="0" m="49674" /><D4/><U126/><E126/><V90/><F98/><AGARI ba="0,0" hai="8,12,18,40,43,76,81,85,92,98,102" m="12623" machi="98" ten="30,1500,0" yaku="8,1" doraHai="61" who="1" fromWho="2" sc="228,0,250,15,192,-15,330,0" /><INIT seed="1,1,0,3,5,128" ten="228,265,177,330" oya="1" hai0="31,131,13,4,53,92,119,113,75,66,78,135,40" hai1="81,103,89,118,87,17,38,84,79,54,129,106,120" hai2="114,70,57,19,95,24,46,25,48,63,10,30,8" hai3="111,101,126,42,130,132,7,32,55,107,97,64,49"/><U133/><E38/><V86/><F70/><W22/><G32/><T47/><D113/><U18/><E120/><V80/><F114/><W108/><G42/><T82/><D119/><U11/><E118/><V98/><F19/><W88/><G64/><T115/><D115/><U99/><E133/><V83/><F8/><W96/><G7/><T29/><D135/><U9/><E129/><V36/><F36/><W16/><G130/><T104/><D104/><U15/><E54/><V127/><F10/><W5/><G5/><T112/><D66/><U35/><E35/><V117/><F117/><W91/><G126/><T1/><D13/><U56/><E56/><V59/><F127/><W76/><G76/><T122/><D112/><U71/><E71/><V62/><F62/><W100/><G132/><T121/><D53/><U61/><E61/><V134/><F134/><W37/><G37/><N who="0" m="21903" /><D92/><U60/><E60/><V0/><F0/><W44/><G100/><T2/><D131/><U65/><E65/><V26/><F30/><N who="0" m="11274" /><D4/><U3/><E3/><V90/><F63/><W28/><G28/><T43/><D43/><U73/><REACH who="1" step="1"/><E89/><REACH who="1" ten="228,255,177,330" step="2"/><V109/><F57/><W110/><G96/><T51/><D51/><U27/><E27/><AGARI ba="1,1" hai="16,22,27,44,49,55,88,91,97,101,107,108,110,111" machi="27" ten="40,5200,0" yaku="14,1,54,2" doraHai="128" who="3" fromWho="1" sc="228,0,255,-55,177,0,330,65" /><INIT seed="2,0,0,0,0,58" ten="228,200,177,395" oya="2" hai0="38,59,99,52,127,36,22,62,4,41,101,80,78" hai1="61,24,121,120,114,12,91,8,123,111,16,65,131" hai2="7,125,34,14,2,10,132,122,33,98,21,134,13" hai3="89,85,88,105,51,84,40,44,48,29,93,90,86"/><V96/><F96/><W102/><G105/><T45/><D127/><U70/><E114/><V42/><F42/><W100/><G29/><T95/><D4/><U124/><E124/><V47/><F47/><W0/><G0/><T73/><REACH who="0" step="1"/><D22/><REACH who="0" ten="218,200,177,395" step="2"/><U103/><E131/><V55/><F125/><W57/><G93/><T11/><D11/><U35/><E111/><V116/><F122/><W107/><G107/><T3/><D3/><U49/><E35/><N who="2" m="13323" /><F116/><W28/><G28/><T46/><D46/><U31/><E31/><V75/><F75/><W130/><G130/><T26/><D26/><U92/><E24/><V67/><F67/><W17/><G17/><T77/><D77/><U72/><E72/><V112/><F112/><W69/><G69/><T19/><D19/><U119/><E119/><V83/><F21/><W39/><G39/><AGARI ba="0,1" hai="36,38,39,41,45,52,59,62,73,78,80,95,99,101" machi="39" ten="30,7700,0" yaku="1,1,7,1,52,1,54,1,53,0" doraHai="58" doraHaiUra="63" who="0" fromWho="3" sc="218,87,200,0,177,0,395,-77" /><INIT seed="3,0,0,1,4,108" ten="305,200,177,318" oya="3" hai0="114,2,49,4,85,41,91,135,67,82,36,48,44" hai1="42,87,121,11,71,72,115,52,78,23,116,104,63" hai2="89,50,80,88,53,69,60,27,97,68,7,19,92" hai3="51,96,20,98,13,123,61,33,103,77,65,12,29"/><W107/><G123/><T117/><D117/><U25/><E104/><V102/><F7/><W131/><G131/><T86/><D67/><U132/><E72/><V124/><F124/><W111/><G111/><T57/><D135/><U14/><E121/><V134/><F134/><W18/><G77/><T39/><D2/><U66/><E42/><V122/><F122/><W73/><G73/><T118/><D4/><U93/><E132/><V24/><F69/><W16/><G51/><T125/><D118/><U0/><E0/><V58/><F68/><W101/><G29/><T54/><D125/><U130/><E116/><V94/><F80/><W9/><G33/><T59/><D114/><U40/><E40/><V1/><F1/><W133/><G133/><T32/><D32/><U47/><E115/><V79/><F79/><W100/><REACH who="3" step="1"/><G98/><REACH who="3" ten="305,200,177,308" step="2"/><T8/><D39/><U64/><E78/><V30/><F30/><W127/><G127/><T109/><D109/><U56/><E130/><V83/><F50/><W17/><G17/><T76/><D36/><U74/><E74/><V6/><F19/><W21/><G21/><T22/><D22/><U15/><E11/><V46/><F46/><W45/><G45/><N who="0" m="27951" /><D8/><U43/><E47/><V5/><F5/><W62/><G62/><T119/><D119/><U35/><E35/><V28/><F6/><W55/><G55/><T34/><D34/><U129/><E43/><V106/><F28/><W90/><G90/><N who="2" m="34921" /><F83/><AGARI ba="0,1" hai="41,44,48,57,59,76,82,83,85,86,91" m="27951" machi="83" ten="30,1000,0" yaku="8,1" doraHai="108" who="0" fromWho="2" sc="305,20,200,0,177,-10,308,0" /><INIT seed="4,0,0,4,5,127" ten="325,200,167,308" oya="0" hai0="6,11,130,22,27,18,70,128,51,45,83,53,102" hai1="126,66,133,33,61,69,9,79,26,72,21,97,131" hai2="71,36,8,76,12,117,132,111,43,113,134,84,67" hai3="96,24,16,104,2,31,54,41,119,103,85,4,52"/><T35/><D70/><U135/><E33/><V123/><F111/><W28/><G119/><T78/><D102/><U114/><E126/><V7/><F123/><W109/><G109/><T115/><D115/><U98/><E9/><V92/><F113/><W42/><G4/><T73/><REACH who="0" step="1"/><D35/><REACH who="0" ten="315,200,167,308" step="2"/><U37/><E114/><V57/><F117/><W3/><G103/><T75/><D75/><U5/><E133/><V23/><F71/><W100/><G100/><T116/><D116/><U55/><E135/><V86/><F134/><W93/><G104/><T14/><AGARI ba="0,1" hai="6,11,14,18,22,27,45,51,53,73,78,83,128,130" machi="14" ten="30,11700,0" yaku="1,1,0,1,52,2,53,0" doraHai="127" doraHaiUra="30" who="0" fromWho="0" sc="315,127,200,-39,167,-39,308,-39" /><INIT seed="4,1,0,3,3,102" ten="442,161,128,269" oya="0" hai0="110,117,4,115,6,107,97,80,130,38,52,68,101" hai1="69,114,90,98,64,74,18,95,75,44,128,59,67" hai2="121,78,49,22,84,108,72,91,89,113,17,103,112" hai3="23,51,134,1,66,40,19,60,73,61,77,28,100"/><T14/><D117/><U87/><E69/><V41/><F108/><W63/><G1/><T127/><D38/><U82/><E128/><V70/><F121/><W15/><G134/><T122/><D68/><U46/><E114/><N who="2" m="44139" /><F70/><W88/><G100/><T62/><D122/><U57/><E75/><V76/><F72/><W111/><G77/><N who="2" m="29801" /><F103/><W37/><G37/><T24/><D80/><U47/><E74/><V34/><F34/><W11/><G73/><T7/><D115/><U32/><E32/><V0/><F0/><W33/><G33/><T92/><D24/><U123/><E123/><V53/><F41/><W83/><G66/><N who="1" m="25130" /><E18/><V132/><F84/><N who="3" m="50207" /><G111/><T116/><D116/><U129/><E129/><V106/><F106/><W93/><G93/><T25/><D107/><U54/><E54/><V120/><F120/><W10/><G28/><T27/><D130/><U21/><E21/><V58/><F132/><W133/><G133/><T48/><D110/><U8/><E8/><V79/><N who="2" m="29809" /><AGARI ba="1,0" hai="44,46,47,57,59,79,82,87,90,95,98" m="25130" machi="79" ten="30,2000,0" yaku="3,1,8,1" doraHai="102" who="1" fromWho="2" sc="442,0,161,23,128,-23,269,0" /><INIT seed="5,0,0,5,2,55" ten="442,184,105,269" oya="1" hai0="19,91,102,66,67,112,53,120,89,47,61,77,84" hai1="71,45,16,40,111,28,13,26,101,30,58,11,14" hai2="80,8,17,27,85,133,59,128,119,23,24,37,5" hai3="75,134,79,7,126,93,32,29,109,82,88,21,31"/><U115/><E71/><V78/><F119/><W4/><G109/><T35/><D53/><U90/><E111/><V44/><F128/><W122/><G122/><T6/><D19/><U54/><E101/><V12/><F133/><W43/><G126/><T57/><D61/><U92/><E14/><V33/><F37/><W2/><G134/><T65/><D67/><U83/><E83/><V113/><F113/><W3/><G7/><T63/><D63/><U69/><E69/><V106/><F106/><W100/><G100/><T46/><D84/><U76/><E76/><V96/><F44/><W99/><G32/><T131/><D35/><U104/><E104/><V52/><F96/><W60/><G29/><T1/><D102/><U18/><E18/><V72/><F72/><W56/><G43/><T124/><D77/><U97/><E26/><V49/><REACH who="2" step="1"/><F33/><REACH who="2" ten="442,184,95,269" step="2"/><W68/><G99/><T114/><D47/><U132/><E115/><V22/><F22/><W87/><G21/><T130/><D46/><U116/><E132/><V70/><F70/><W10/><G68/><T20/><D131/><U127/><E116/><V41/><F41/><W42/><G42/><T98/><D130/><U25/><E45/><V62/><F62/><W94/><G60/><T51/><D114/><U105/><E40/><V36/><F36/><W50/><G75/><T9/><D112/><U117/><E117/><V135/><F135/><W86/><G86/><T95/><D66/><U107/><E127/><V123/><F123/><W15/><G87/><T121/><D120/><U73/><E73/><V38/><F38/><RYUUKYOKU ba="0,1" sc="442,-10,184,-10,95,30,269,-10" hai2="5,8,12,17,23,24,27,49,52,59,78,80,85" /><INIT seed="6,1,1,1,4,28" ten="432,174,125,259" oya="2" hai0="1,102,8,33,6,78,80,109,11,126,74,135,9" hai1="94,7,17,71,3,37,16,50,122,42,31,76,27" hai2="133,120,29,63,67,68,116,64,43,49,66,26,47" hai3="124,10,62,55,105,69,45,23,121,5,32,2,117"/><V99/><F116/><W54/><G117/><T91/><D33/><U70/><E37/><V38/><F120/><W44/><G32/><T35/><D35/><U86/><E122/><V115/><F115/><W61/><G105/><T106/><D109/><U24/><E70/><V114/><F114/><W83/><G124/><T123/><D123/><U111/><E71/><V101/><F133/><W97/><G55/><T89/><D126/><U125/><E125/><V60/><F38/><W90/><G69/><T119/><D119/><U129/><E111/><V118/><F118/><W84/><G97/><T108/><D108/><U56/><E7/><V132/><F132/><W46/><G54/><T25/><D25/><U75/><E3/><V134/><F60/><W58/><G58/><T110/><D110/><U48/><E75/><V72/><F72/><W93/><G83/><T20/><D20/><U40/><E31/><V4/><F4/><W51/><G51/><T39/><D39/><U18/><E50/><V100/><F100/><W127/><G127/><T12/><D102/><U130/><E56/><V95/><REACH who="2" step="1"/><F134/><REACH who="2" ten="432,174,115,259" step="2"/><W87/><G62/><T41/><D6/><U113/><E113/><V96/><F96/><W30/><G61/><T36/><D135/><U128/><E48/><V92/><F92/><W15/><G121/><T82/><D36/><U19/><E94/><V73/><F73/><W14/><G87/><T57/><D74/><U112/><E112/><V13/><F13/><W104/><G104/><T21/><D106/><U52/><E128/><V79/><F79/><W85/><G85/><RYUUKYOKU ba="1,2" sc="432,-15,174,-15,115,15,259,15" hai2="26,29,43,47,49,63,64,66,67,68,95,99,101" hai3="2,5,10,14,15,23,30,44,45,46,84,90,93" /><INIT seed="6,2,2,3,5,52" ten="417,159,130,274" oya="2" hai0="121,131,9,43,20,115,47,124,118,103,93,10,111" hai1="22,32,26,36,62,133,24,51,18,15,42,132,25" hai2="21,45,94,56,91,87,120,98,49,55,30,39,123" hai3="119,11,66,19,46,40,126,29,85,89,0,65,27"/><V2/><F2/><W41/><G119/><T48/><D111/><U23/><E36/><V60/><F39/><W82/><G126/><T114/><D114/><U84/><E32/><V13/><F98/><W102/><G102/><T81/><D121/><U57/><E84/><V129/><F129/><W95/><G95/><T59/><D115/><U74/><E74/><V69/><F69/><W113/><G113/><T75/><D75/><U14/><E51/><V38/><F38/><W78/><G89/><T70/><D70/><U17/><REACH who="1" step="1"/><E42/><REACH who="1" ten="417,149,130,274" step="2"/><V63/><F63/><W35/><G41/><T73/><D48/><U130/><E130/><V33/><F33/><W76/><G76/><T112/><D73/><U80/><E80/><V50/><F50/><W7/><G19/><T28/><D81/><U104/><E104/><V5/><F30/><W83/><G83/><T105/><D28/><U100/><E100/><V79/><F79/><W6/><G6/><T110/><D103/><U122/><E122/><V8/><REACH who="2" step="1"/><F21/><REACH who="2" ten="417,149,120,274" step="2"/><W64/><G35/><T37/><D20/><U44/><E44/><V92/><F92/><W127/><G46/><T12/><D93/><U31/><E31/><V135/><F135/><W71/><G29/><T54/><D47/><U72/><E72/><V116/><F116/><W61/><G78/><T106/><D118/><U96/><E96/><V34/><F34/><W3/><G61/><T58/><D131/><U109/><E109/><V108/><F108/><W99/><G99/><T4/><D110/><U90/><E90/><V128/><F128/><W117/><G117/><RYUUKYOKU ba="2,4" sc="417,-15,149,15,120,15,274,-15" hai1="14,15,17,18,22,23,24,25,26,57,62,132,133" hai2="5,8,13,45,49,55,56,60,87,91,94,120,123" /><INIT seed="6,3,4,4,3,47" ten="402,164,135,259" oya="2" hai0="55,119,0,103,44,42,17,104,32,19,124,93,34" hai1="88,6,112,125,20,78,82,99,115,105,2,38,129" hai2="1,118,37,15,70,41,109,133,122,26,11,8,60" hai3="135,36,71,35,24,96,7,100,102,65,83,53,73"/><V66/><F118/><W79/><G36/><T30/><D104/><U43/><E38/><V56/><F122/><W128/><G7/><T63/><D55/><U29/><E43/><V23/><F133/><W90/><G128/><T111/><D44/><U31/><E20/><V134/><F134/><W68/><G100/><T121/><D93/><N who="1" m="56743" /><E105/><V50/><F109/><W13/><G90/><T114/><D103/><U77/><E77/><V10/><F1/><W76/><G76/><T81/><D42/><U59/><E59/><V28/><F37/><W86/><G86/><T52/><D0/><U95/><E95/><V22/><F22/><W97/><G65/><T131/><D81/><U108/><E108/><V72/><F72/><W132/><G71/><T64/><D64/><U98/><E98/><V89/><F89/><W130/><G96/><T51/><D34/><U67/><E67/><V25/><F25/><W14/><G68/><T123/><D32/><U16/><E129/><V39/><F39/><W61/><G130/><T18/><D131/><U87/><E6/><N who="2" m="3479" /><F70/><W69/><G69/><T101/><D111/><U58/><E2/><V92/><F92/><N who="3" m="58663" /><G135/><T84/><D119/><U85/><E78/><V33/><F33/><W5/><G132/><T113/><D123/><U54/><E82/><V4/><F4/><W9/><G24/><T80/><D121/><U126/><E126/><V3/><F3/><N who="3" m="191" /><G35/><T48/><D124/><U27/><E125/><V40/><F40/><W21/><G21/><T45/><D101/><U46/><E27/><V94/><F94/><W127/><G127/><RYUUKYOKU ba="3,4" sc="402,-15,164,-15,135,15,259,15" hai2="10,11,23,26,28,41,50,56,60,66" hai3="13,14,53,61,73,79,83" /><INIT seed="6,4,4,0,0,15" ten="387,149,150,274" oya="2" hai0="90,81,52,50,126,61,35,37,44,11,109,28,47" hai1="17,14,72,23,131,82,99,27,41,55,108,130,117" hai2="135,2,77,36,100,96,12,76,115,51,40,124,91" hai3="32,84,18,122,133,68,25,112,6,120,38,101,114"/><V62/><F2/><W119/><G119/><T56/><D109/><U20/><E117/><V60/><F36/><W39/><G68/><T89/><D35/><U113/><E108/><V30/><F115/><N who="3" m="44075" /><G133/><T57/><D28/><U54/><E41/><V13/><F135/><W49/><G6/><T129/><D37/><U78/><E99/><V73/><F124/><W8/><G101/><T63/><D129/><N who="1" m="49163" /><E113/><V70/><F30/><AGARI ba="4,4" hai="14,17,20,23,27,30,54,55,72,78,82" m="49163" machi="30" ten="30,2000,0" yaku="19,1,52,1" doraHai="15" who="1" fromWho="2" sc="387,0,149,72,150,-32,274,0" /><INIT seed="7,0,0,2,4,51" ten="387,221,118,274" oya="3" hai0="24,97,86,36,118,110,115,122,16,76,14,75,22" hai1="77,56,58,93,83,95,23,9,7,91,1,63,71" hai2="6,38,106,112,50,125,27,104,2,107,88,30,29" hai3="12,53,54,79,117,11,103,21,32,65,99,61,74"/><W130/><G32/><T108/><D36/><U116/><E116/><V78/><F38/><W60/><G117/><T59/><D75/><U67/><E23/><V69/><F69/><W3/><G3/><T81/><D122/><U85/><REACH who="1" step="1"/><E95/><REACH who="1" ten="387,211,118,274" step="2"/><V123/><F112/><W89/><G130/><T100/><D115/><U4/><E4/><V48/><F123/><W111/><G21/><T26/><D118/><U119/><E119/><V96/><F125/><W120/><G120/><T90/><D76/><U46/><E46/><V10/><F78/><W127/><G79/><T37/><D37/><U47/><E47/><V134/><F134/><W101/><G11/><T19/><D59/><U62/><E62/><V18/><F18/><W80/><G61/><T5/><D5/><U8/><E8/><V70/><F70/><W40/><G60/><T33/><D26/><U44/><E44/><V105/><N who="2" m="26624" /><DORA hai="73" /><V98/><F30/><W82/><G111/><T102/><D33/><U55/><E55/><V84/><F50/><W43/><G53/><T126/><D19/><U49/><E49/><V31/><F48/><W39/><G54/><T45/><D16/><U87/><AGARI ba="0,1" hai="1,7,9,56,58,63,67,71,77,83,85,87,91,93" machi="87" ten="20,8000,1" yaku="1,1,0,1,7,1,52,1,53,1" doraHai="51,73" doraHaiUra="34,13" who="1" fromWho="1" sc="387,-20,211,90,118,-20,274,-40" owari="367,47.0,301,10.0,98,-40.0,234,-17.0" /></mjloggm>