<mjloggm ver="2.3"><GO type="225" lobby="0"/><UN n0="%E5%B0%B1%E6%B4%BB%E7%94%9F%40%E5%B7%9D%E6%9D%91%E8%BB%8D%E5%9B%A3" n1="%E3%81%9D%E3%83%BC%E3%81%B7%E5%BB%B6%E9%95%B7" n2="%E3%83%98%E3%82%AF%E3%82%B5%E3%83%BC" n3="%E8%B5%A4%E8%A3%8F%E3%83%9B%E3%82%B7%E3%83%BC%E3%83%8E" dan="17,16,16,16" rate="2174.75,2198.20,2113.55,2172.11" sx="M,M,M,M"/><TAIKYOKU oya="0"/><INIT seed="0,0,0,3,2,110" ten="250,250,250,250" oya="0" hai0="48,27,49,92,16,45,43,79,58,125,39,55,117" hai1="94,103,22,127,91,13,23,44,113,12,97,15,108" hai2="26,4,130,133,50,101,81,57,28,61,33,69,35" hai3="51,62,115,114,120,60,86,123,34,17,32,98,107"/><T87/><D117/><U14/><E108/><V53/><F130/><W65/><G65/><T102/><D125/><U52/><E127/><V38/><F133/><W10/><G123/><T100/><D39/><U131/><E131/><V95/><F38/><W1/><G120/><T71/><D71/><U56/><E44/><V64/><F35/><W128/><G128/><T111/><D111/><U5/><E113/><V99/><F4/><W72/><G72/><T9/><D79/><U83/><N who="1" m="3072" /><DORA hai="21" /><U105/><E5/><V116/><REACH who="2" step="1"/><F81/><REACH who="2" ten="250,250,240,250" step="2"/><W109/><G109/><T76/><D9/><U122/><E122/><V18/><F18/><W19/><G34/><T121/><D121/><U46/><E83/><V126/><F126/><W68/><G19/><T75/><D75/><U118/><E118/><AGARI ba="0,1" hai="26,28,33,50,53,57,61,64,69,95,99,101,116,118" machi="118" ten="40,5200,0" yaku="1,1,52,1,53,1" doraHai="110,21" doraHaiUra="29,70" who="2" fromWho="1" sc="250,0,250,-52,240,62,250,0" /><INIT seed="1,0,0,1,0,95" ten="250,198,302,250" oya="1" hai0="51,107,0,89,13,122,75,7,99,109,132,130,110" hai1="38,78,62,40,41,87,117,125,56,97,76,103,115" hai2="71,5,73,128,9,66,31,119,42,27,72,111,43" hai3="18,85,39,10,74,22,16,102,57,108,133,106,118"/><U70/><E115/><V114/><F119/><W54/><G74/><T52/><D75/><U2/><E117/><V28/><F114/><W120/><G39/><T8/><D122/><U79/><E70/><V36/><F128/><W96/><G120/><T32/><D32/><U29/><E2/><V88/><F111/><N who="0" m="42506" /><D132/><U12/><E125/><V135/><F135/><W30/><G108/><T105/><D130/><U98/><E29/><V59/><F71/><W49/><G133/><T101/><D89/><U124/><E124/><V134/><F134/><W113/><G118/><T11/><D11/><U90/><E12/><V86/><F59/><W82/><G113/><T50/><D50/><U129/><E129/><V84/><F66/><W93/><G106/><N who="0" m="63807" /><D0/><U21/><E21/><V69/><F69/><W91/><G10/><T61/><D61/><U34/><E34/><V63/><F84/><W26/><AGARI ba="0,0" hai="16,18,22,26,30,49,54,57,82,85,91,93,96,102" machi="26" ten="30,7900,0" yaku="0,1,8,1,52,1,54,1" doraHai="95" who="3" fromWho="3" sc="250,-20,198,-39,302,-20,250,79" /><INIT seed="2,0,0,0,5,117" ten="230,159,282,329" oya="2" hai0="113,47,46,21,32,78,2,6,124,98,69,66,126" hai1="89,56,15,105,108,12,129,115,60,82,59,52,17" hai2="9,8,51,71,63,103,35,54,132,112,123,70,90" hai3="62,114,120,84,18,101,97,68,19,16,102,77,11"/><V58/><F123/><W131/><G114/><T109/><D32/><U88/><E115/><V37/><F112/><W122/><G131/><T80/><D109/><U81/><E129/><V48/><F132/><W64/><G11/><T94/><D113/><U7/><E105/><V29/><F37/><W61/><G61/><N who="0" m="40143" /><D21/><U74/><E108/><V41/><F103/><W127/><G127/><N who="0" m="48683" /><D6/><U92/><E7/><V99/><F35/><W10/><G10/><T27/><D27/><U1/><E1/><V3/><F29/><W110/><G110/><T96/><D2/><U0/><E0/><V73/><F3/><W116/><G116/><T13/><D13/><N who="1" m="5195" /><E17/><V65/><F73/><W119/><G119/><T93/><D93/><U104/><E104/><V43/><F71/><W24/><G24/><T23/><D23/><U128/><E74/><V72/><F72/><W83/><REACH who="3" step="1"/><G102/><REACH who="3" ten="230,159,282,319" step="2"/><N who="0" m="60695" /><D98/><N who="1" m="57607" /><E128/><V50/><F99/><W75/><G75/><AGARI ba="0,1" hai="46,47,75,78,80" m="60695,48683,40143" machi="75" ten="30,1000,0" yaku="18,1" doraHai="117" who="0" fromWho="3" sc="230,20,159,0,282,0,319,-10" /><INIT seed="3,0,0,5,0,25" ten="250,159,282,309" oya="3" hai0="79,52,47,48,133,105,43,91,78,117,31,128,87" hai1="121,2,29,92,54,44,84,74,8,20,27,120,4" hai2="51,33,127,60,131,10,17,69,67,32,132,124,98" hai3="55,38,116,104,90,11,73,130,1,125,80,106,83"/><W75/><G38/><T12/><D117/><U94/><E74/><N who="3" m="28170" /><G55/><T40/><D105/><N who="3" m="40553" /><G11/><T28/><D128/><U41/><E54/><V42/><F132/><W3/><G116/><T6/><D133/><U37/><REACH who="1" step="1"/><E84/><REACH who="1" ten="250,149,282,309" step="2"/><V39/><F131/><W113/><G130/><T93/><D43/><U7/><E7/><V134/><F42/><W45/><G113/><T110/><D110/><U129/><E129/><V86/><F134/><W61/><G125/><T5/><D40/><U76/><E76/><N who="0" m="29225" /><D5/><U15/><E15/><V115/><F86/><W97/><G3/><T26/><D26/><U119/><E119/><V64/><F127/><W68/><G1/><T126/><D126/><U95/><AGARI ba="0,1" hai="2,4,8,20,27,29,37,41,44,92,94,95,120,121" machi="95" ten="30,4000,0" yaku="1,1,0,1,52,1,53,0" doraHai="25" doraHaiUra="56" who="1" fromWho="1" sc="250,-10,149,50,282,-10,309,-20" /><INIT seed="4,0,0,0,5,2" ten="240,199,272,289" oya="0" hai0="41,85,83,16,82,23,34,126,19,131,123,90,84" hai1="122,0,112,133,81,44,15,99,1,22,88,135,28" hai2="55,114,33,24,8,129,67,62,117,130,25,94,61" hai3="14,89,98,18,76,49,12,121,10,106,58,73,48"/><T51/><D123/><U92/><E122/><V115/><F117/><W32/><G121/><T69/><D34/><U37/><E112/><N who="2" m="43051" /><F94/><N who="3" m="56655" /><G32/><T108/><D69/><U86/><E37/><V29/><F24/><W45/><G106/><T75/><D75/><U27/><E44/><V53/><F8/><N who="3" m="6407" /><G73/><T31/><D108/><U71/><E71/><N who="2" m="42479" /><F62/><W42/><G76/><N who="0" m="46151" /><D131/><AGARI ba="0,0" hai="25,29,33,53,55,129,130,131" m="42479,43051" machi="131" ten="30,2000,0" yaku="19,1,15,1" doraHai="2" who="2" fromWho="0" sc="240,-20,199,0,272,20,289,0" /><INIT seed="5,0,0,2,2,14" ten="220,199,292,289" oya="1" hai0="123,50,39,90,114,89,67,87,134,52,113,72,75" hai1="77,56,88,29,122,106,93,102,54,11,35,71,55" hai2="130,4,25,85,47,27,62,61,127,64,1,46,132" hai3="126,33,116,36,17,20,59,84,5,107,7,48,10"/><U103/><E71/><V41/><F130/><W30/><G107/><T98/><D39/><U32/><E122/><V124/><F132/><W73/><G36/><T78/><D67/><U80/><E35/><V128/><F128/><W51/><G73/><T19/><D134/><U76/><E106/><V112/><F112/><N who="0" m="43114" /><D123/><U57/><E32/><V120/><F120/><W86/><G126/><N who="2" m="48169" /><F85/><W94/><G116/><T3/><D3/><U37/><E37/><N who="2" m="21807" /><F47/><W101/><G30/><T43/><D43/><U2/><E29/><V96/><F96/><N who="3" m="59543" /><G33/><T44/><D98/><N who="1" m="57639" /><E2/><V108/><F108/><W9/><G86/><T111/><D111/><U23/><E23/><V15/><F1/><W135/><G84/><T82/><D75/><U92/><E11/><N who="3" m="4106" /><G135/><T97/><D97/><N who="1" m="59687" /><E103/><V109/><F109/><W13/><G59/><N who="1" m="22602" /><E80/><V79/><F64/><W24/><G24/><T21/><D72/><U8/><E8/><N who="2" m="4487" /><F25/><AGARI ba="0,0" hai="19,21,25,44,50,52,78,82,87,89,90" m="43114" machi="25" ten="30,3900,0" yaku="15,1,52,1,54,1" doraHai="14" who="0" fromWho="2" sc="220,39,199,0,292,-39,289,0" /><INIT seed="6,0,0,4,1,115" ten="259,199,253,289" oya="2" hai0="85,4,119,127,49,133,102,34,11,99,88,110,103" hai1="81,39,71,9,66,42,132,111,25,87,72,117,108" hai2="64,3,22,2,60,54,24,105,17,16,30,125,46" hai3="134,37,128,51,35,63,129,45,38,67,0,43,98"/><V114/><F114/><W19/><G35/><T73/><D110/><U84/><E72/><V109/><F125/><W90/><G0/><T116/><D73/><U6/><E132/><V50/><F109/><W20/><G134/><T61/><D133/><U65/><E87/><V91/><F105/><W26/><G98/><T41/><D34/><U15/><E66/><V113/><F113/><W93/><G93/><T53/><D61/><U48/><E39/><V92/><F2/><W1/><G90/><T126/><D41/><U36/><E36/><V97/><REACH who="2" step="1"/><F3/><REACH who="2" ten="259,199,243,289" step="2"/><W21/><G1/><N who="0" m="399" /><D127/><U135/><E135/><V14/><F14/><W120/><G120/><T89/><D126/><U107/><E107/><V121/><F121/><W59/><G21/><T94/><D85/><U100/><E25/><V112/><F112/><W78/><G78/><T7/><D7/><U75/><E75/><V28/><F28/><W47/><G129/><T118/><D103/><U106/><E111/><V79/><F79/><W40/><G128/><T77/><D77/><N who="1" m="46127" /><E108/><V12/><F12/><W33/><G33/><T23/><D23/><U82/><E100/><V29/><F29/><W55/><G38/><T31/><D31/><U8/><E106/><V5/><F5/><W104/><G104/><T96/><D96/><U83/><E9/><V101/><F101/><W32/><G32/><T86/><D86/><U68/><E6/><V44/><F44/><AGARI ba="0,1" hai="44,49,53,88,89,94,99,102,116,118,119" m="399" machi="44" ten="30,8000,1" yaku="12,1,52,3,54,1" doraHai="115" who="0" fromWho="2" sc="259,90,199,0,243,-80,289,0" owari="349,45.0,199,-20.0,163,-34.0,289,9.0" /></mjloggm>