<mjloggm ver="2.3"><GO type="169" lobby="0"/><UN n0="%E8%A6%AA%E6%8C%87%EF%BC%88%E5%A4%A7%EF%BC%89" n1="%E5%B0%B1%E6%B4%BB%E7%94%9F%40%E5%B7%9D%E6%9D%91%E8%BB%8D%E5%9B%A3" n2="%3E%5F%30%40%E6%9D%8F%E6%9D%8F%E8%BB%8D%E5%9C%98" n3="%53" dan="17,17,16,16" rate="2162.26,2171.07,2084.61,2113.97" sx="M,M,F,M"/><TAIKYOKU oya="0"/><INIT seed="0,0,0,3,3,83" ten="250,250,250,250" oya="0" hai0="28,38,98,118,48,109,69,2,119,47,35,55,91" hai1="106,79,11,60,19,6,50,64,74,34,127,31,17" hai2="113,54,63,130,26,80,30,125,75,23,84,114,135" hai3="15,128,94,92,121,102,7,41,57,132,0,77,56"/><T27/><D2/><U18/><E127/><V49/><F125/><W126/><G0/><T105/><D109/><U88/><E106/><V110/><F75/><W58/><G126/><T8/><D8/><U115/><E115/><V68/><F110/><W108/><G128/><T76/><D76/><U45/><E74/><V97/><F130/><W53/><G132/><T103/><D38/><U100/><E100/><V123/><F123/><W9/><G121/><T67/><REACH who="0" step="1"/><D91/><REACH who="0" ten="240,250,250,250" step="2"/><U16/><E79/><V5/><F114/><W85/><G108/><T20/><D20/><U29/><E34/><V78/><F113/><W87/><G77/><T4/><D4/><U90/><N who="1" m="4608" /><DORA hai="112" /><U1/><E90/><V14/><F135/><W99/><G41/><T12/><D12/><U61/><E88/><V24/><F23/><W51/><REACH who="3" step="1"/><G94/><REACH who="3" ten="240,250,250,240" step="2"/><T3/><D3/><U22/><E22/><V65/><F26/><W71/><G71/><T95/><D95/><U93/><E93/><V131/><F24/><W72/><G72/><T10/><D10/><U62/><REACH who="1" step="1"/><E64/><REACH who="1" ten="240,240,250,240" step="2"/><V44/><F65/><W13/><G13/><T133/><D133/><U81/><E81/><V134/><F14/><W21/><G21/><T111/><D111/><U42/><AGARI ba="0,3" hai="1,6,11,29,31,42,45,50,60,61,62" m="4608" machi="42" ten="50,8000,1" yaku="1,1,0,1,54,1,53,2" doraHai="83,112" doraHaiUra="25,117" who="1" fromWho="1" sc="240,-40,240,110,250,-20,240,-20" /><INIT seed="1,0,0,2,0,96" ten="200,350,230,220" oya="1" hai0="83,67,107,52,85,80,120,73,117,10,54,22,103" hai1="119,71,21,13,115,63,128,116,40,99,3,78,124" hai2="64,108,69,66,60,72,29,51,30,26,53,98,106" hai3="17,49,23,90,27,9,33,129,24,131,77,95,57"/><U126/><E3/><V43/><F72/><W15/><G77/><T76/><D117/><N who="1" m="45131" /><E78/><V125/><F125/><N who="1" m="48233" /><E115/><V127/><F127/><W18/><G57/><T39/><D39/><U20/><E40/><V133/><F133/><W50/><G33/><T35/><D35/><U28/><E128/><N who="3" m="49226" /><G27/><T100/><D120/><U75/><E75/><V58/><F108/><W105/><G105/><T109/><D109/><U123/><E123/><V84/><F66/><W111/><G111/><T114/><D114/><U8/><E99/><AGARI ba="0,0" hai="9,15,17,18,23,24,49,50,90,95,99" m="49226" machi="99" ten="30,1000,0" yaku="19,1" doraHai="96" who="3" fromWho="1" sc="200,0,350,-10,230,0,220,10" /><INIT seed="2,0,0,5,4,23" ten="200,340,230,230" oya="2" hai0="0,117,61,110,89,102,83,91,17,90,59,35,50" hai1="39,28,57,63,64,88,32,58,99,62,95,14,15" hai2="67,93,1,68,54,125,52,70,80,112,87,2,126" hai3="51,10,135,49,29,69,16,24,116,41,108,106,60"/><V107/><F107/><W9/><G116/><T118/><D110/><U66/><REACH who="1" step="1"/><E39/><REACH who="1" ten="200,330,230,230" step="2"/><V123/><F125/><W115/><G108/><T122/><D118/><U44/><E44/><V76/><F126/><W121/><G115/><T72/><D117/><U7/><E7/><V120/><F112/><W21/><G121/><T8/><D122/><U79/><E79/><V30/><F120/><W105/><G106/><T53/><D35/><U84/><E84/><V20/><F123/><W113/><G105/><T5/><D102/><U3/><E3/><V25/><F2/><W82/><G113/><T114/><D114/><U98/><E98/><V81/><F1/><W38/><G38/><T78/><REACH who="0" step="1"/><D17/><REACH who="0" ten="190,330,230,230" step="2"/><U130/><E130/><V31/><F31/><W77/><G29/><T33/><D33/><U42/><E42/><V13/><F30/><W11/><G41/><T101/><D101/><U85/><E85/><V119/><F87/><W37/><G16/><T4/><D4/><U129/><E129/><V12/><F119/><W71/><G77/><T56/><D56/><U19/><E19/><V103/><F76/><W74/><G71/><T46/><D46/><U100/><E100/><V48/><F103/><W40/><G69/><T26/><D26/><AGARI ba="0,2" hai="14,15,26,28,32,57,58,62,63,64,66,88,95,99" machi="26" ten="40,12000,2" yaku="21,2,9,1,52,1,54,1,53,1" doraHai="23" doraHaiUra="22" who="1" fromWho="0" sc="190,-120,330,140,230,0,230,0" /><INIT seed="3,0,0,0,2,46" ten="70,470,230,230" oya="3" hai0="82,68,134,54,122,106,128,25,28,101,41,45,75" hai1="113,95,116,132,22,40,119,6,131,63,0,67,65" hai2="17,71,126,117,91,60,96,33,4,74,3,9,32" hai3="98,34,29,135,19,49,94,37,105,89,13,112,86"/><W123/><G123/><T87/><D122/><U20/><E113/><V111/><F117/><N who="1" m="45129" /><E132/><V51/><F74/><W133/><G37/><T11/><D134/><N who="3" m="51209" /><G112/><T102/><D75/><U39/><E131/><V58/><F126/><W8/><G34/><T124/><D128/><U72/><E72/><V77/><F77/><W127/><G29/><T80/><D124/><U103/><E6/><V92/><F111/><W57/><G127/><T1/><D68/><U61/><E0/><V70/><F70/><W2/><G2/><T5/><D54/><U130/><E130/><V110/><F110/><W31/><G31/><T100/><D106/><U120/><E120/><V21/><F71/><W48/><G57/><T62/><D62/><N who="1" m="23563" /><E40/><V15/><REACH who="2" step="1"/><F51/><REACH who="2" ten="70,470,220,230" step="2"/><N who="3" m="19531" /><G105/><T66/><D66/><AGARI ba="0,1" hai="3,4,9,15,17,21,32,33,58,60,66,91,92,96" machi="66" ten="30,2000,0" yaku="1,1,7,1,53,0" doraHai="46" doraHaiUra="47" who="2" fromWho="0" sc="70,-20,470,0,220,30,230,0" /><INIT seed="4,0,0,3,5,132" ten="50,470,250,230" oya="0" hai0="89,90,72,105,34,122,0,54,18,53,35,117,88" hai1="94,66,120,100,71,64,80,115,75,36,135,45,33" hai2="9,134,129,7,124,69,84,23,110,37,82,65,12" hai3="109,128,62,106,61,63,31,22,13,112,76,133,67"/><T99/><D117/><U126/><E33/><V25/><F134/><W46/><G106/><T111/><D122/><U102/><E135/><V28/><F37/><W104/><G104/><T41/><D111/><U29/><E29/><V107/><F107/><W95/><G109/><T8/><D72/><U50/><E36/><V113/><F110/><W10/><G112/><T125/><D41/><U87/><E75/><V47/><F113/><W118/><G76/><T4/><D125/><U81/><E81/><V26/><F124/><W5/><G128/><T60/><D18/><U77/><E126/><V16/><F129/><W1/><G118/><T43/><D43/><U56/><E71/><V73/><F73/><W2/><G46/><T116/><D116/><U85/><E115/><V6/><F47/><W11/><G67/><N who="1" m="25642" /><E56/><V91/><F65/><W98/><G133/><T49/><D60/><U97/><E85/><V86/><F69/><W20/><G2/><T74/><D74/><U92/><E120/><V93/><REACH who="2" step="1"/><F26/><REACH who="2" ten="50,470,240,230" step="2"/><N who="3" m="16839" /><G1/><T17/><D17/><U70/><E70/><V51/><F51/><W30/><G63/><T68/><D68/><U48/><E45/><V127/><F127/><W78/><G61/><T55/><REACH who="0" step="1"/><D49/><REACH who="0" ten="40,470,240,230" step="2"/><U123/><E123/><V79/><AGARI ba="0,2" hai="6,7,9,12,16,23,25,28,79,82,84,86,91,93" machi="79" ten="20,8000,1" yaku="1,1,0,1,7,1,8,1,54,1,53,0" doraHai="132" doraHaiUra="108" who="2" fromWho="2" sc="40,-40,470,-20,240,100,230,-20" /><INIT seed="5,0,0,4,5,5" ten="0,450,340,210" oya="1" hai0="34,134,126,30,70,105,37,98,12,54,135,1,38" hai1="95,31,46,45,127,62,69,114,14,20,8,19,15" hai2="55,56,51,97,102,124,115,52,6,16,90,48,11" hai3="22,109,61,13,58,104,94,39,72,81,43,130,118"/><U65/><E114/><V122/><F122/><W87/><G104/><T100/><D12/><U128/><E128/><V53/><F124/><W82/><G109/><T101/><D126/><U26/><E127/><V74/><F74/><W117/><G130/><T93/><D1/><U60/><E60/><V92/><F115/><W42/><G39/><T132/><D54/><U71/><E71/><V89/><F55/><W119/><G94/><T99/><D70/><U68/><E68/><V41/><F41/><N who="3" m="15371" /><G87/><T10/><D10/><U106/><E106/><V44/><REACH who="2" step="1"/><F16/><REACH who="2" ten="0,450,330,210" step="2"/><N who="3" m="10511" /><G72/><T17/><D17/><U24/><E24/><AGARI ba="0,1" hai="24,30,34,37,38,93,98,99,100,101,105,132,134,135" machi="24" ten="40,1300,0" yaku="20,1" doraHai="5" who="0" fromWho="1" sc="0,23,450,-13,330,0,210,0" /><INIT seed="6,0,0,2,3,81" ten="23,437,330,210" oya="2" hai0="55,63,61,28,115,52,48,77,76,96,32,27,116" hai1="130,134,9,70,39,91,131,107,69,11,82,49,33" hai2="47,100,37,31,78,53,56,74,30,129,85,25,2" hai3="19,0,84,62,8,20,50,128,132,93,135,94,80"/><V41/><F2/><W88/><G62/><T98/><D115/><U26/><E39/><V97/><F129/><N who="1" m="49161" /><E107/><V65/><F65/><W17/><G128/><T54/><D116/><U22/><E134/><N who="3" m="51242" /><G50/><T102/><D48/><U103/><E103/><V127/><F127/><W99/><G20/><T110/><D110/><U125/><E33/><V67/><F67/><W79/><G94/><T104/><REACH who="0" step="1"/><D98/><REACH who="0" ten="13,437,330,210" step="2"/><U42/><E49/><N who="2" m="30767" /><F97/><W90/><G99/><T86/><D86/><N who="1" m="50647" /><E42/><V23/><F41/><W40/><G40/><T45/><D45/><U5/><E125/><V108/><F47/><W59/><G84/><T68/><D68/><N who="1" m="26219" /><E5/><V83/><F37/><W6/><G6/><T51/><D51/><U133/><E133/><V7/><F108/><W4/><G4/><T1/><D1/><U72/><E72/><V114/><F7/><W118/><G0/><T15/><D15/><U18/><AGARI ba="0,1" hai="9,11,18,22,26" m="26219,50647,49161" machi="18" ten="30,2000,0" yaku="19,1,52,1" doraHai="81" who="1" fromWho="1" sc="13,-5,437,30,330,-10,210,-5" /><INIT seed="7,0,0,5,3,68" ten="8,467,320,205" oya="3" hai0="69,61,73,48,129,43,18,59,112,101,124,130,118" hai1="3,5,74,12,133,125,51,102,120,41,134,52,58" hai2="93,79,99,86,106,8,100,72,127,19,65,89,46" hai3="22,122,20,37,40,28,76,23,85,7,10,103,90"/><W111/><G122/><T83/><D101/><U131/><E74/><V49/><F65/><W71/><G71/><T97/><D97/><U15/><E120/><V31/><F31/><W27/><G111/><T132/><D18/><U38/><E131/><V87/><F127/><W33/><G76/><T113/><D83/><U0/><E125/><V32/><F32/><W53/><G53/><T62/><D73/><U95/><E38/><V126/><F126/><W84/><G103/><T60/><D124/><U128/><E41/><V114/><F114/><W81/><G85/><T92/><D92/><U39/><E39/><V29/><F29/><W96/><G96/><T54/><D118/><U57/><E57/><V119/><F119/><W64/><G64/><T35/><D35/><U67/><E67/><V75/><F86/><W91/><G91/><T88/><D88/><U50/><E50/><V78/><F78/><W104/><G104/><T98/><D98/><U42/><E42/><V66/><F66/><W63/><G63/><T77/><D77/><U108/><E128/><V21/><F79/><W26/><G26/><T105/><D105/><U17/><E108/><V109/><F109/><W82/><G82/><T115/><D69/><U36/><E102/><V14/><F21/><W94/><G94/><T34/><D34/><U47/><E95/><V24/><F24/><W80/><G80/><T121/><D121/><U70/><E70/><V110/><F110/><W4/><G10/><T2/><D2/><U117/><E3/><V6/><F6/><W13/><G7/><T123/><D123/><RYUUKYOKU ba="0,0" sc="8,-10,467,-10,320,30,205,-10" hai2="8,14,19,46,49,72,75,87,89,93,99,100,106" owari="-2,-50.0,457,55.0,350,15.0,195,-20.0" /></mjloggm>