<mjloggm ver="2.3"><GO type="41" lobby="0"/><UN n0="%44%4F%52%41" n1="%2E%E5%9C%92%E5%9F%8E%E5%AF%BA%E6%80%9C%2E" n2="%E3%82%AF%E3%83%9E%E3%83%84" n3="%E5%B0%B1%E6%B4%BB%E7%94%9F%40%E5%B7%9D%E6%9D%91%E8%BB%8D%E5%9B%A3" dan="14,13,13,17" rate="1846.42,1892.68,1910.42,2217.95" sx="M,F,M,M"/><TAIKYOKU oya="0"/><INIT seed="0,0,0,3,3,128" ten="250,250,250,250" oya="0" hai0="72,124,127,103,66,38,106,95,75,30,83,111,110" hai1="46,98,97,12,23,68,56,135,82,78,113,59,120" hai2="84,41,8,89,40,54,126,52,119,44,18,28,118" hai3="65,36,61,107,109,49,88,101,16,77,90,58,13"/><T114/><D114/><U93/><E120/><V0/><F28/><W37/><G109/><N who="0" m="41483" /><D38/><U123/><E68/><V22/><F126/><N who="0" m="48170" /><D66/><U39/><E123/><V45/><F0/><W10/><G77/><T129/><D106/><U34/><E34/><V57/><F8/><W33/><G33/><T35/><D129/><U15/><E113/><V24/><F54/><W92/><G107/><T27/><D83/><U130/><E39/><V122/><F122/><W5/><G37/><T2/><D2/><U4/><E82/><V85/><F85/><W43/><G36/><T62/><D62/><U11/><E130/><V21/><F21/><W19/><G101/><T87/><D87/><U29/><E93/><V134/><F44/><N who="3" m="25759" /><G90/><T50/><D50/><U131/><E131/><V25/><F25/><W86/><AGARI ba="0,0" hai="5,10,13,16,19,58,61,65,86,88,92" m="25759" machi="86" ten="30,4000,0" yaku="8,1,54,2" doraHai="128" who="3" fromWho="3" sc="250,-20,250,-10,250,-10,250,40" /><INIT seed="1,0,0,5,0,0" ten="230,240,240,290" oya="1" hai0="91,107,100,33,20,119,68,44,84,40,97,35,36" hai1="43,99,122,79,77,67,6,10,56,88,53,94,114" hai2="26,70,30,83,21,109,102,72,74,96,25,1,32" hai3="117,121,116,3,54,71,115,5,98,106,50,55,81"/><U49/><E114/><V112/><F109/><W135/><G121/><T23/><D119/><N who="3" m="45641" /><G115/><T7/><D68/><U61/><E122/><V80/><F112/><W28/><G135/><T22/><REACH who="0" step="1"/><D7/><REACH who="0" ten="220,240,240,290" step="2"/><U18/><E43/><V69/><F1/><W105/><G71/><T62/><D62/><U51/><E18/><V75/><F80/><AGARI ba="0,1" hai="20,22,23,33,35,36,40,44,80,84,91,97,100,107" machi="80" ten="40,1300,0" yaku="1,1,53,0" doraHai="0" doraHaiUra="45" who="0" fromWho="2" sc="220,23,240,0,240,-13,290,0" /><INIT seed="2,0,0,1,2,58" ten="243,240,227,290" oya="2" hai0="105,104,19,1,120,99,49,10,61,97,127,15,57" hai1="131,45,88,91,34,100,118,35,76,59,64,114,67" hai2="32,121,46,65,43,0,108,86,2,18,51,94,84" hai3="3,113,8,16,22,133,24,73,14,128,96,40,12"/><V117/><F121/><W60/><G73/><T9/><D120/><U37/><E114/><V31/><F117/><W92/><G113/><T21/><D127/><U102/><E118/><V48/><F108/><W66/><G128/><T87/><D49/><U27/><E76/><V63/><F51/><W103/><G133/><T7/><D105/><U30/><E131/><V134/><F134/><W79/><G79/><T106/><D106/><U56/><E27/><V119/><F119/><W98/><G40/><T111/><D111/><U70/><E45/><V74/><F74/><W123/><G123/><T82/><D9/><U124/><E30/><V132/><F132/><W90/><G3/><T115/><D115/><U62/><E70/><V54/><F43/><W5/><G14/><T122/><D122/><U53/><E37/><V125/><F125/><W26/><G26/><T11/><D11/><U129/><E129/><V23/><F31/><W107/><G107/><T6/><D6/><U4/><E124/><V126/><F32/><W47/><G47/><T25/><D104/><U71/><E4/><V41/><F41/><W55/><G55/><T116/><D116/><U72/><E72/><V81/><F94/><W36/><G36/><T101/><D101/><U44/><E44/><V69/><F126/><W112/><G112/><T85/><D1/><N who="2" m="618" /><F81/><W52/><G66/><N who="0" m="39215" /><D85/><U28/><E28/><V42/><F42/><W109/><G109/><T95/><D95/><U68/><E53/><V93/><F93/><N who="3" m="58767" /><G52/><T29/><D29/><U17/><E17/><V33/><F33/><W75/><G75/><RYUUKYOKU ba="0,0" sc="243,0,240,0,227,0,290,0" hai0="7,10,15,19,21,25,82,87,97,99" hai1="34,35,56,59,62,64,67,68,71,88,91,100,102" hai2="18,23,46,48,54,63,65,69,84,86" hai3="5,8,12,16,22,24,60,90,92,98" /><INIT seed="2,1,0,4,3,120" ten="243,240,227,290" oya="2" hai0="53,113,18,124,78,94,74,20,79,3,28,71,82" hai1="83,7,133,134,81,32,31,114,132,4,121,87,98" hai2="9,42,24,92,106,112,128,62,101,80,96,118,69" hai3="40,29,84,46,39,109,2,111,73,95,105,58,110"/><V85/><F42/><W36/><G73/><T1/><D113/><U64/><E121/><V102/><F112/><W8/><G105/><T135/><D71/><U35/><E114/><V103/><F9/><W70/><G70/><T47/><D135/><U115/><E115/><V38/><F38/><W104/><G104/><T23/><D124/><U60/><E98/><N who="2" m="61751" /><F24/><W90/><G29/><T10/><D94/><U15/><E15/><V107/><F62/><W76/><G76/><T123/><D78/><N who="1" m="46519" /><E83/><V43/><F43/><W99/><G58/><T55/><D123/><U116/><E116/><V108/><F69/><W5/><G99/><T63/><D53/><U61/><E31/><V72/><F118/><W67/><G67/><T117/><D117/><U131/><E64/><V22/><F22/><W122/><G122/><T100/><D100/><U54/><E54/><V49/><F49/><AGARI ba="1,0" hai="2,5,8,36,39,40,46,49,84,90,95,109,110,111" machi="49" ten="40,8000,1" yaku="14,1,52,3" doraHai="120" who="3" fromWho="2" sc="243,0,240,0,227,-83,290,83" /><INIT seed="3,0,0,5,1,20" ten="243,240,144,373" oya="3" hai0="30,102,46,37,90,73,80,85,129,94,110,25,24" hai1="12,70,10,126,21,4,105,112,49,54,118,19,91" hai2="77,132,108,3,96,45,61,36,124,33,35,9,47" hai3="43,104,87,64,84,109,11,127,88,27,89,50,16"/><W125/><G104/><T67/><D110/><U114/><E70/><V128/><F108/><W130/><G109/><T99/><D129/><U34/><E105/><V6/><F124/><N who="3" m="47691" /><G130/><T29/><D67/><U135/><E126/><V131/><F132/><W31/><G64/><T69/><D69/><U13/><E135/><V68/><F47/><N who="3" m="25983" /><G11/><T15/><D37/><U74/><E74/><V14/><F96/><W7/><G7/><T39/><D39/><U95/><E34/><V82/><F14/><W48/><G48/><T52/><D73/><U117/><E117/><V123/><F123/><W93/><G16/><T5/><D5/><U119/><E119/><V66/><F131/><W107/><G107/><T122/><D15/><U115/><E118/><V121/><F121/><W133/><G133/><T32/><D122/><U57/><REACH who="1" step="1"/><E114/><REACH who="1" ten="243,230,144,373" step="2"/><V120/><F120/><W103/><G103/><T106/><D106/><U0/><E0/><V1/><F3/><W17/><G17/><T28/><D32/><U101/><E101/><V65/><F128/><W55/><G55/><T26/><D52/><U41/><E41/><N who="2" m="22695" /><F65/><W76/><G76/><T63/><D46/><U2/><E2/><V81/><F81/><W42/><G42/><T40/><D40/><U62/><E62/><AGARI ba="0,1" hai="24,25,26,28,29,30,62,63,80,85,90,94,99,102" machi="62" ten="40,8000,1" yaku="8,1,52,3" doraHai="20" who="0" fromWho="1" sc="243,90,230,-80,144,0,373,0" /><INIT seed="4,0,0,0,1,5" ten="333,150,144,373" oya="0" hai0="112,118,11,74,102,28,2,57,132,75,49,70,76" hai1="77,4,113,100,110,62,37,22,20,96,31,33,8" hai2="58,12,45,43,95,36,89,69,125,46,44,50,122" hai3="54,120,47,68,29,51,16,38,66,63,86,40,3"/><T23/><D118/><U133/><E110/><V71/><F122/><W72/><G72/><T130/><D112/><U53/><E37/><V101/><F101/><W83/><G3/><T13/><D70/><U60/><E133/><V41/><F125/><W65/><G120/><T127/><D127/><U21/><E77/><V90/><F44/><W126/><G126/><T73/><D132/><U135/><E135/><V109/><F109/><W131/><G131/><T99/><D130/><U56/><E113/><V128/><F128/><W14/><G29/><T9/><D2/><U64/><E33/><V119/><F119/><W59/><G68/><T1/><D76/><U32/><E32/><V123/><F123/><W0/><G0/><T61/><D49/><U84/><E84/><V79/><F79/><N who="3" m="46463" /><G38/><T6/><D1/><U103/><E96/><V129/><F58/><W17/><G17/><T48/><D48/><U39/><E31/><V92/><F12/><W82/><G82/><T104/><D6/><U85/><E39/><V98/><REACH who="2" step="1"/><F129/><REACH who="2" ten="333,150,134,373" step="2"/><W91/><G91/><T24/><REACH who="0" step="1"/><D13/><REACH who="0" ten="323,150,134,373" step="2"/><N who="1" m="5255" /><E62/><V106/><F106/><W107/><G107/><T115/><D115/><U124/><E124/><V114/><F114/><W111/><G111/><T15/><D15/><U87/><E60/><V34/><F34/><W19/><G14/><T67/><AGARI ba="0,2" hai="9,11,23,24,28,57,61,67,73,74,75,99,102,104" machi="67" ten="30,12000,1" yaku="1,1,0,1,52,2,53,1" doraHai="5" doraHaiUra="27" who="0" fromWho="0" sc="323,140,150,-40,134,-40,373,-40" /><INIT seed="4,1,0,2,3,113" ten="463,110,94,333" oya="0" hai0="14,10,51,134,29,67,132,115,9,126,20,19,37" hai1="16,12,38,93,73,97,31,109,36,85,92,81,72" hai2="104,133,28,48,15,114,116,94,83,32,40,107,79" hai3="105,26,25,66,43,11,47,108,44,70,60,128,42"/><T45/><D37/><U1/><E1/><V52/><F114/><W121/><G105/><T103/><D115/><U78/><E109/><V118/><F40/><W58/><G121/><T86/><D126/><U59/><E31/><V49/><F48/><W2/><G108/><T88/><D103/><U74/><E59/><V50/><F50/><W4/><G128/><T125/><D125/><U77/><E77/><V90/><F15/><W64/><G70/><T101/><D101/><U120/><E120/><V18/><F18/><W75/><G75/><T23/><D67/><U84/><E84/><V65/><F65/><W122/><G122/><T82/><D134/><U30/><E30/><V127/><F127/><W100/><G100/><T39/><D39/><U63/><E63/><V57/><F133/><W102/><G102/><T95/><D132/><U56/><E56/><V69/><F69/><W89/><G89/><T110/><D110/><U112/><E112/><V5/><F5/><W117/><G117/><N who="2" m="45161" /><F28/><W7/><G58/><T130/><D130/><U6/><E6/><V54/><F54/><W61/><G2/><T80/><D29/><U135/><E135/><V34/><F104/><W123/><G123/><T33/><D33/><U99/><E38/><V21/><F107/><W98/><REACH who="3" step="1"/><G11/><REACH who="3" ten="463,110,94,323" step="2"/><T71/><D71/><U106/><E106/><V46/><F57/><W91/><G91/><T131/><D131/><U55/><E55/><V68/><F68/><W27/><G27/><T111/><D111/><U35/><E35/><N who="2" m="13355" /><F21/><W22/><G22/><T3/><D20/><U87/><E12/><RYUUKYOKU ba="1,1" sc="463,-10,110,-10,94,-10,323,30" hai3="4,7,25,26,42,43,44,47,60,61,64,66,98" /><INIT seed="5,2,1,3,0,75" ten="453,100,84,353" oya="1" hai0="84,131,129,83,109,115,16,23,22,134,123,90,19" hai1="122,25,15,81,48,66,103,18,26,64,55,11,80" hai2="36,57,39,128,97,70,125,74,130,30,29,27,3" hai3="4,42,79,76,58,89,59,78,85,91,47,113,102"/><U13/><E122/><V132/><F3/><W87/><G113/><T114/><D123/><U44/><E103/><V82/><F70/><W111/><G111/><T6/><D109/><U40/><E55/><V100/><F125/><W21/><G4/><T43/><D134/><U124/><E124/><V94/><F57/><W117/><G117/><T69/><D69/><U73/><E13/><V50/><F50/><N who="3" m="26999" /><G102/><T99/><D43/><U5/><E73/><V121/><F121/><W65/><G65/><N who="1" m="25194" /><E18/><N who="0" m="6697" /><D6/><U1/><E1/><V24/><F132/><W116/><G21/><N who="0" m="7691" /><D99/><U105/><E105/><V107/><F107/><W12/><G12/><T72/><D72/><U17/><E17/><V93/><F93/><N who="3" m="54447" /><G116/><T92/><D92/><AGARI ba="2,1" hai="58,59,76,78,79,87,91,92" m="54447,26999" machi="92" ten="30,7700,0" yaku="8,1,52,3" doraHai="75" who="3" fromWho="0" sc="453,-83,100,0,84,0,353,93" /><INIT seed="6,0,0,2,1,64" ten="370,100,84,446" oya="2" hai0="58,12,8,16,98,104,7,40,75,71,99,39,27" hai1="31,74,113,120,128,73,122,2,126,4,49,50,29" hai2="80,28,25,107,47,67,51,36,0,41,69,106,6" hai3="53,13,93,17,35,133,87,117,114,132,9,10,55"/><V54/><F80/><W38/><G114/><T72/><D72/><N who="1" m="27755" /><E113/><V100/><F100/><W60/><G117/><T63/><D75/><U5/><E128/><V65/><F65/><W88/><G38/><T85/><D104/><U129/><E129/><V32/><F54/><W18/><G35/><T30/><D71/><U116/><E116/><V123/><F51/><N who="1" m="19465" /><E126/><V19/><F19/><W48/><G60/><T127/><D127/><U26/><E2/><V135/><F135/><N who="3" m="51787" /><G53/><T124/><D124/><U76/><E76/><V131/><F131/><W103/><G103/><T62/><D62/><U108/><E108/><V44/><F44/><N who="3" m="28039" /><G18/><T59/><D85/><U130/><E130/><V15/><F15/><W68/><G68/><T66/><D59/><U112/><E112/><V91/><F91/><W102/><G102/><T121/><D121/><N who="1" m="46699" /><E31/><V111/><F123/><W119/><G119/><T105/><D105/><U3/><E3/><V42/><F42/><W92/><G92/><T21/><REACH who="0" step="1"/><D7/><REACH who="0" ten="360,100,84,446" step="2"/><U84/><E84/><V70/><F111/><W90/><G87/><T101/><D101/><U78/><E78/><V56/><F56/><W14/><G93/><T45/><AGARI ba="0,1" hai="8,12,16,21,27,30,39,40,45,58,63,66,98,99" machi="45" ten="30,7900,0" yaku="1,1,0,1,54,1,53,1" doraHai="64" doraHaiUra="11" who="0" fromWho="0" sc="360,89,100,-20,84,-39,446,-20" /><INIT seed="7,0,0,1,0,39" ten="449,80,45,426" oya="3" hai0="8,100,34,0,112,66,65,54,120,121,44,77,103" hai1="111,102,7,15,87,71,78,62,96,116,49,90,38" hai2="130,46,98,16,72,64,17,47,9,133,40,68,110" hai3="36,122,6,3,28,27,48,89,70,37,31,115,74"/><W119/><G122/><T53/><D77/><U56/><E38/><V73/><F110/><W131/><G119/><T59/><D34/><U93/><E111/><V117/><F117/><W45/><G115/><T51/><D0/><U29/><E116/><V57/><F47/><W55/><G131/><T109/><D109/><U58/><E78/><V97/><F68/><W86/><G74/><T132/><D132/><U69/><E29/><V125/><F130/><W19/><G70/><T18/><D112/><U20/><E49/><V42/><F133/><W76/><G76/><T83/><D83/><U107/><E56/><V35/><F35/><W26/><G6/><T63/><D121/><U123/><E123/><V61/><F125/><W124/><G3/><T10/><D120/><U104/><E104/><V92/><F98/><W84/><G124/><T11/><D18/><U88/><E90/><V21/><F9/><W33/><G19/><T81/><D81/><U60/><E60/><V134/><F134/><W67/><G67/><AGARI ba="0,0" hai="8,10,11,44,51,53,54,59,63,65,66,67,100,103" machi="67" ten="40,1300,0" yaku="8,1" doraHai="39" who="0" fromWho="3" sc="449,13,80,0,45,0,426,-13" owari="462,56.0,80,-32.0,45,-45.0,413,21.0" /></mjloggm>