<mjloggm ver="2.3"><GO type="169" lobby="0"/><UN n0="%4B%69%72%63%68%65" n1="%E5%B0%B1%E6%B4%BB%E7%94%9F%40%E5%B7%9D%E6%9D%91%E8%BB%8D%E5%9B%A3" n2="%E9%9D%92%E5%B1%B1%E5%AD%A6%E9%99%A2%EF%BC%94%E5%B9%B4" n3="%7A%65%72%6F%52%58" dan="18,17,16,17" rate="2312.72,2187.40,2123.07,2175.69" sx="M,M,M,M"/><TAIKYOKU oya="0"/><INIT seed="0,0,0,0,5,60" ten="250,250,250,250" oya="0" hai0="75,29,27,122,98,83,135,28,80,112,13,85,43" hai1="59,62,88,66,57,32,101,65,55,127,68,31,44" hai2="74,12,69,14,20,9,53,15,2,48,132,5,41" hai3="38,113,10,100,103,124,26,21,49,104,78,6,114"/><T95/><D122/><U110/><E110/><V107/><F107/><W52/><G38/><T77/><D112/><U22/><E127/><V4/><F69/><W61/><G124/><T111/><D135/><U121/><E121/><V117/><F74/><W120/><G120/><T109/><D43/><U130/><E130/><V118/><F41/><W84/><G61/><T30/><D13/><U108/><E32/><V63/><F63/><W128/><G128/><T64/><D64/><N who="1" m="38991" /><E68/><V119/><F132/><W71/><G71/><T76/><REACH who="0" step="1"/><D27/><REACH who="0" ten="240,250,250,250" step="2"/><N who="1" m="16887" /><E108/><V17/><REACH who="2" step="1"/><F5/><REACH who="2" ten="240,250,240,250" step="2"/><W51/><G6/><T8/><D8/><U115/><E115/><V18/><F18/><W33/><G10/><T131/><D131/><U47/><E101/><AGARI ba="0,2" hai="28,29,30,75,76,77,80,83,85,95,98,101,109,111" machi="101" ten="40,2000,0" yaku="1,1,53,0" doraHai="60" doraHaiUra="19" who="0" fromWho="1" sc="240,40,250,-20,240,0,250,0" /><INIT seed="0,1,0,4,2,133" ten="280,230,240,250" oya="0" hai0="126,85,15,114,109,49,46,117,13,21,116,101,38" hai1="65,64,88,4,78,132,108,73,47,55,94,91,40" hai2="48,14,37,70,79,10,30,92,43,105,0,33,121" hai3="61,60,44,130,5,18,103,74,8,6,51,131,97"/><T31/><D38/><U80/><E108/><V107/><F70/><W135/><G74/><T1/><D1/><U35/><E35/><V7/><F121/><W71/><G18/><T29/><D114/><U122/><E122/><V81/><F48/><W67/><G61/><T62/><D109/><U68/><E132/><V111/><F111/><W106/><G135/><T2/><D2/><U93/><E4/><V53/><F92/><W72/><G72/><T45/><D101/><U28/><E28/><V89/><F89/><W54/><REACH who="3" step="1"/><G6/><REACH who="3" ten="280,230,240,240" step="2"/><T82/><D62/><U50/><E68/><V32/><F7/><W124/><G124/><T58/><D126/><U119/><E119/><V27/><F30/><W129/><G129/><T76/><D117/><U84/><REACH who="1" step="1"/><E40/><REACH who="1" ten="280,220,240,240" step="2"/><V95/><F43/><W90/><G90/><T115/><D116/><U66/><E66/><V26/><F79/><W17/><G17/><T75/><D31/><U42/><E42/><V24/><F0/><AGARI ba="1,2" hai="0,5,8,44,51,54,60,67,71,97,103,106,130,131" machi="0" ten="40,1300,0" yaku="1,1,53,0" doraHai="133" doraHaiUra="16" who="3" fromWho="2" sc="280,0,220,0,240,-16,240,36" /><INIT seed="1,0,0,5,2,81" ten="280,220,224,276" oya="1" hai0="27,93,122,34,70,67,23,95,99,22,86,57,116" hai1="3,101,108,73,52,20,134,117,98,49,77,87,61" hai2="97,63,109,100,55,91,125,135,68,132,120,107,118" hai3="133,47,1,104,114,35,115,103,12,48,24,64,105"/><U75/><E117/><V88/><F120/><W4/><G1/><T65/><D70/><U42/><E3/><V92/><F118/><W124/><G64/><T84/><D122/><U8/><E134/><V89/><F109/><W17/><G4/><T32/><D116/><U127/><E127/><V72/><F125/><W38/><G38/><T78/><D78/><U26/><E108/><V28/><F28/><W131/><G133/><N who="2" m="51273" /><F72/><W29/><G131/><T41/><D41/><U76/><E73/><V112/><F112/><W50/><G50/><T9/><D9/><U53/><E75/><V40/><F40/><W36/><G36/><T18/><D57/><N who="1" m="34983" /><E42/><V15/><F15/><W106/><G103/><T21/><D21/><U54/><E8/><V129/><F129/><W19/><G124/><T33/><D23/><U11/><E11/><V83/><F83/><W25/><G25/><T128/><D128/><U111/><E111/><V39/><F39/><W119/><G119/><T59/><D59/><N who="1" m="33199" /><E54/><V37/><F37/><W2/><G2/><T7/><D7/><U10/><E10/><V31/><F31/><W90/><G115/><T126/><D126/><U71/><E71/><V62/><F63/><W123/><G114/><T85/><REACH who="0" step="1"/><D95/><REACH who="0" ten="270,220,224,276" step="2"/><N who="1" m="58591" /><E20/><V14/><F14/><W13/><G123/><T74/><D74/><U82/><E26/><V80/><F80/><W58/><G12/><T30/><D30/><U44/><E44/><V0/><F0/><W16/><G13/><T110/><D110/><U102/><E76/><V113/><F113/><W79/><G47/><T5/><D5/><RYUUKYOKU ba="0,1" sc="270,15,220,15,224,-15,276,-15" hai0="18,22,27,32,33,34,65,67,84,85,86,93,99" hai1="77,82,87,102" /><INIT seed="1,1,1,0,0,68" ten="285,235,209,261" oya="1" hai0="117,18,45,91,103,12,90,14,4,10,44,38,104" hai1="46,30,5,66,17,87,59,71,110,99,129,120,112" hai2="76,33,95,81,109,125,1,69,62,56,15,61,132" hai3="37,79,65,78,75,88,6,98,8,57,67,83,40"/><U89/><E120/><V134/><F1/><N who="3" m="79" /><G79/><T77/><D117/><U51/><E71/><V41/><F33/><W29/><G29/><T124/><D124/><U28/><E112/><V63/><F125/><W7/><G7/><T118/><D118/><U96/><E129/><V97/><F109/><W0/><G0/><T116/><D116/><U3/><E110/><V11/><F69/><W122/><G122/><T52/><D77/><U13/><E5/><V128/><F128/><W105/><G57/><T20/><D44/><U84/><E3/><V113/><F41/><W35/><G35/><T94/><D104/><U64/><E30/><V53/><F113/><W70/><G70/><T50/><REACH who="0" step="1"/><D38/><REACH who="0" ten="275,235,209,261" step="2"/><U111/><E111/><V72/><F134/><W133/><G105/><T119/><D119/><U2/><E2/><V100/><F132/><W43/><G133/><T36/><D36/><U31/><E31/><V85/><REACH who="2" step="1"/><F72/><REACH who="2" ten="275,235,199,261" step="2"/><W126/><G126/><T47/><D47/><U9/><E46/><V74/><F74/><W48/><G75/><T127/><D127/><U131/><E131/><V121/><F121/><W58/><G43/><T49/><D49/><U16/><E51/><V92/><F92/><N who="3" m="56583" /><G48/><T60/><D60/><U73/><E73/><V115/><F115/><W135/><G135/><T24/><D24/><U54/><E59/><V22/><F22/><W26/><G58/><T114/><D114/><U19/><E9/><V101/><F101/><W123/><G123/><T55/><D55/><U42/><E54/><V80/><F80/><W32/><G83/><T27/><D27/><RYUUKYOKU ba="1,3" sc="275,15,235,-15,199,15,261,-15" hai0="4,10,12,14,18,20,45,50,52,90,91,94,103" hai2="11,15,53,56,61,62,63,76,81,85,95,97,100" /><INIT seed="2,2,3,0,2,118" ten="290,220,214,246" oya="2" hai0="31,11,49,48,60,106,134,8,101,105,47,72,41" hai1="83,88,116,131,22,126,36,5,112,127,67,113,14" hai2="69,94,121,35,34,27,54,76,117,96,53,10,108" hai3="115,109,124,46,50,57,132,71,114,2,128,58,1"/><V120/><F117/><W19/><G109/><T81/><D134/><U97/><E36/><V17/><F69/><W42/><G132/><T87/><D72/><U61/><E116/><V104/><F104/><W20/><G71/><T68/><D31/><U64/><E131/><V56/><F108/><W99/><G124/><N who="1" m="47658" /><E64/><V135/><F135/><W65/><G128/><T129/><D129/><U70/><E5/><V92/><F76/><W0/><G99/><T13/><D49/><U85/><E97/><V44/><F44/><W33/><G33/><T102/><D11/><U62/><E61/><V32/><F54/><W45/><G45/><T98/><D102/><U23/><E14/><V4/><F17/><W12/><REACH who="3" step="1"/><G65/><REACH who="3" ten="290,220,214,236" step="2"/><T125/><D125/><U43/><E43/><V37/><F37/><W75/><G75/><T29/><D106/><U103/><E103/><V9/><F96/><W3/><N who="3" m="0" /><DORA hai="90" /><W52/><G52/><T130/><D130/><U110/><E110/><V28/><F53/><W123/><G123/><T73/><D73/><U133/><E133/><V40/><F40/><W80/><G80/><T26/><D81/><U6/><E6/><V111/><F111/><W16/><G16/><T15/><D41/><U7/><E7/><V55/><F121/><W122/><G122/><T21/><D105/><U63/><E67/><V18/><F18/><W79/><G79/><T24/><D101/><U84/><E70/><V86/><F120/><W59/><AGARI ba="2,4" hai="12,19,20,42,46,50,57,58,59,114,115" m="0" machi="59" ten="60,4000,0" yaku="1,1,0,1,53,0" doraHai="118,90" doraHaiUra="107,100" who="3" fromWho="3" sc="290,-12,220,-12,214,-22,236,86" /><INIT seed="3,0,0,5,1,120" ten="278,208,192,322" oya="3" hai0="75,7,103,101,38,109,74,132,71,42,19,119,50" hai1="11,40,129,25,117,115,8,16,54,58,84,131,127" hai2="18,93,15,23,20,64,31,94,83,61,32,30,76" hai3="96,1,27,95,111,90,48,49,79,110,41,65,91"/><W10/><G79/><T121/><D121/><U124/><E115/><V26/><F32/><W123/><G123/><T116/><D38/><U104/><E104/><V135/><F135/><W80/><G65/><T22/><D132/><U4/><E117/><V130/><F130/><N who="1" m="49673" /><E40/><V17/><F31/><W85/><G27/><T46/><D71/><U73/><E73/><V63/><F63/><W13/><G1/><T113/><D113/><U67/><E67/><V87/><REACH who="2" step="1"/><F30/><REACH who="2" ten="278,208,182,322" step="2"/><W70/><G70/><AGARI ba="0,1" hai="15,17,18,20,23,26,61,64,70,76,83,87,93,94" machi="70" ten="30,7700,0" yaku="1,1,2,1,7,1,53,1" doraHai="120" doraHaiUra="66" who="2" fromWho="3" sc="278,0,208,0,182,87,322,-77" /><INIT seed="4,0,0,0,2,40" ten="278,208,269,245" oya="0" hai0="119,6,78,105,82,36,98,8,50,29,58,116,51" hai1="134,28,41,35,111,80,87,133,126,18,9,61,86" hai2="72,121,123,75,84,118,91,115,60,56,130,79,88" hai3="30,106,96,7,81,65,73,109,55,112,21,22,49"/><T71/><D71/><U15/><E111/><V92/><F115/><W33/><G109/><T89/><D36/><U74/><E126/><V100/><F130/><W14/><G65/><T34/><D34/><U47/><E61/><V27/><F118/><W46/><G33/><T77/><D29/><U45/><E74/><V85/><F27/><W37/><G37/><T104/><D78/><U68/><E68/><V120/><F100/><W31/><G81/><T129/><D129/><U3/><E3/><V57/><F57/><W13/><G73/><T10/><D10/><U128/><E128/><V132/><F132/><N who="1" m="50793" /><E41/><V16/><F16/><N who="3" m="10383" /><G106/><T63/><D105/><U125/><E125/><V25/><F25/><W99/><G112/><T26/><D26/><N who="1" m="18839" /><E87/><V44/><F44/><N who="1" m="16969" /><E86/><V108/><F79/><W17/><G7/><T24/><D77/><U97/><E80/><V70/><F70/><W23/><G31/><T76/><D82/><U103/><E103/><V1/><F1/><W54/><G30/><T107/><D76/><U69/><E69/><V48/><F48/><N who="3" m="28951" /><G23/><T2/><D2/><U127/><E127/><V42/><F42/><W59/><AGARI ba="0,0" hai="14,17,22,49,55,59,96,99" m="28951,10383" machi="59" ten="30,4000,0" yaku="8,1,52,1,54,1" doraHai="40" who="3" fromWho="3" sc="278,-20,208,-10,269,-10,245,40" /><INIT seed="5,0,0,1,4,33" ten="258,198,259,285" oya="1" hai0="92,12,77,101,18,122,80,21,16,32,78,109,17" hai1="119,34,67,53,94,64,40,29,133,111,62,50,6" hai2="134,19,48,47,88,44,86,121,55,118,85,114,96" hai3="57,93,82,84,110,76,11,79,39,116,4,13,43"/><U27/><E119/><V105/><F121/><W23/><G110/><T10/><D109/><U74/><E74/><V89/><F118/><W54/><G116/><T108/><D108/><U130/><E111/><V51/><F134/><W132/><G132/><T8/><D32/><U125/><E133/><V126/><F126/><W97/><G39/><T37/><D37/><U24/><E125/><V14/><F114/><W124/><G43/><T95/><D122/><U91/><E130/><V104/><F86/><W129/><G129/><T41/><D41/><U70/><E64/><V59/><F89/><N who="3" m="51351" /><G23/><T56/><D56/><U26/><E6/><V35/><F35/><W100/><G124/><T103/><D21/><U69/><E40/><V61/><F96/><W68/><G68/><T49/><D49/><AGARI ba="0,0" hai="4,11,13,49,54,57,76,79,93,97,100" m="51351" machi="49" ten="30,1000,0" yaku="8,1" doraHai="33" who="3" fromWho="0" sc="258,-10,198,0,259,0,285,10" /><INIT seed="6,0,0,4,5,78" ten="248,198,259,295" oya="2" hai0="71,109,28,29,73,40,39,103,48,19,5,24,94" hai1="135,76,12,122,17,13,131,69,130,52,8,31,75" hai2="134,15,50,133,18,105,56,27,16,127,44,37,90" hai3="22,10,62,95,47,114,106,34,0,26,96,82,9"/><V70/><F70/><W85/><G106/><T21/><D109/><U129/><E69/><V63/><F105/><W42/><G34/><T111/><D111/><U4/><E122/><V65/><F127/><W6/><G62/><T66/><D39/><U72/><E135/><V112/><F112/><W104/><G104/><T125/><D73/><U100/><E31/><V87/><F37/><W36/><G114/><T101/><D125/><U117/><E117/><V126/><F27/><W51/><G36/><T124/><D124/><U30/><E30/><V43/><F126/><W92/><G96/><T57/><D5/><U91/><E100/><N who="0" m="38473" /><D94/><N who="3" m="35881" /><G6/><T80/><D80/><U119/><E119/><V60/><F60/><W58/><G58/><T77/><D77/><U74/><E91/><V84/><F18/><N who="3" m="12631" /><G0/><T132/><D132/><N who="2" m="50794" /><F90/><AGARI ba="0,0" hai="9,10,42,47,51,82,85,90" m="12631,35881" machi="90" ten="30,2000,0" yaku="8,1,52,1" doraHai="78" who="3" fromWho="2" sc="248,0,198,0,259,-20,295,20" /><INIT seed="7,0,0,1,3,52" ten="248,198,239,315" oya="3" hai0="8,118,129,69,33,25,42,131,16,38,76,113,71" hai1="21,50,28,116,61,24,101,124,80,10,49,35,15" hai2="103,89,19,83,111,107,90,44,108,54,96,78,53" hai3="91,85,87,115,60,97,127,51,74,6,36,20,37"/><W82/><G74/><T59/><D118/><U109/><E124/><V94/><F54/><W67/><G115/><T12/><D113/><U22/><E109/><V43/><F19/><W29/><G6/><T105/><D105/><U81/><E116/><V134/><F53/><W5/><G5/><T31/><D76/><U125/><E125/><V119/><F119/><W84/><G51/><T114/><D114/><U0/><E101/><V55/><F55/><W13/><G85/><T121/><D121/><U73/><E22/><V58/><F58/><W56/><G97/><T2/><D2/><U57/><E35/><V77/><F90/><W135/><G135/><T11/><D11/><U14/><E0/><V102/><F77/><W47/><G47/><N who="0" m="24023" /><D59/><U120/><E120/><V3/><F3/><W122/><G122/><T117/><D117/><U99/><E99/><V7/><F7/><W112/><G112/><T23/><D33/><U95/><E95/><V93/><F93/><W88/><G127/><T132/><D132/><U32/><E32/><V17/><F103/><W128/><G56/><T26/><D25/><U70/><E70/><V64/><F134/><W110/><G110/><T66/><D66/><N who="1" m="39215" /><E73/><V104/><F64/><W46/><G67/><T63/><D63/><U100/><E100/><V27/><F102/><W130/><G60/><T123/><D123/><U9/><E9/><V4/><F111/><W92/><G92/><T45/><D71/><U65/><E65/><V34/><F108/><W30/><G20/><T68/><D69/><U98/><E98/><V18/><F96/><RYUUKYOKU ba="0,0" sc="248,0,198,0,239,0,315,0" owari="248,5.0,198,-30.0,239,-16.0,315,41.0" /></mjloggm>