<mjloggm ver="2.3"><GO type="169" lobby="0"/><UN n0="%E3%81%8A%E3%82%8C%E3%81%A6%E3%82%93" n1="%E3%82%A6%E3%83%AB%E3%83%88%E3%83%A9%E7%AB%8B%E7%9B%B4" n2="%E8%87%AA%E7%A7%B0%E6%9C%80%E5%BC%B7%E9%9B%80%E5%A3%AB%EF%BC%93" n3="%E3%81%AE%E3%81%B3%E3%81%97%E3%82%8D%E2%99%82" dan="16,16,16,16" rate="2047.52,2101.92,2140.85,2074.55" sx="M,M,M,M"/><TAIKYOKU oya="0"/><INIT seed="0,0,0,3,5,124" ten="250,250,250,250" oya="0" hai0="29,121,22,96,34,15,56,47,6,30,114,126,35" hai1="67,122,133,116,63,54,50,99,57,73,33,7,39" hai2="16,118,20,23,61,108,88,69,130,13,5,123,31" hai3="4,53,52,80,77,32,84,103,101,105,68,45,117"/><T28/><D114/><U19/><E73/><V113/><F123/><W86/><G117/><T60/><D121/><U91/><E33/><V76/><F113/><W125/><G125/><T21/><D47/><U51/><E122/><V92/><F76/><W18/><G68/><T93/><D126/><U49/><E116/><V25/><F118/><W109/><G109/><T44/><D44/><U66/><E7/><V119/><F119/><W40/><G32/><T81/><D81/><U72/><E72/><V111/><F130/><W3/><G18/><T94/><D93/><N who="1" m="56767" /><E39/><V12/><F69/><W8/><G84/><T65/><D35/><U102/><E133/><V42/><F42/><W115/><G115/><T106/><D106/><U129/><E129/><V132/><F132/><W87/><G87/><T59/><D59/><U98/><E19/><V127/><F127/><W46/><G46/><T17/><D6/><U55/><E55/><V120/><F120/><W97/><REACH who="3" step="1"/><G101/><REACH who="3" ten="250,250,250,240" step="2"/><N who="0" m="60567" /><D34/><U78/><E78/><V1/><F1/><W83/><G83/><T2/><D2/><U38/><E38/><AGARI ba="0,1" hai="3,4,8,38,40,45,52,53,77,80,86,97,103,105" machi="38" ten="30,7700,0" yaku="1,1,7,1,54,1,53,1" doraHai="124" doraHaiUra="71" who="3" fromWho="1" sc="250,0,250,-77,250,0,240,87" /><INIT seed="1,0,0,4,4,31" ten="250,173,250,327" oya="1" hai0="105,108,90,1,68,4,63,41,32,93,115,29,126" hai1="106,51,100,17,62,9,132,59,14,94,133,76,81" hai2="19,33,8,87,48,27,61,2,131,107,12,23,99" hai3="35,89,118,73,25,46,34,22,58,85,98,92,38"/><U20/><E106/><V44/><F131/><W15/><G73/><T6/><D115/><U69/><E69/><V60/><F2/><W124/><G124/><T116/><D116/><U28/><E51/><V121/><F121/><W57/><G118/><T36/><D41/><U11/><E100/><V40/><F33/><W13/><G38/><T7/><D36/><U102/><E102/><V127/><F127/><W75/><G75/><T3/><D105/><U84/><E94/><V49/><F107/><W56/><G46/><T67/><D108/><U71/><E71/><V112/><F112/><W97/><G13/><T39/><D39/><U96/><E96/><V114/><F99/><W91/><G15/><T111/><D111/><U70/><E70/><V123/><F114/><W65/><G65/><T122/><D122/><U77/><E77/><V72/><F72/><W43/><G43/><T128/><D128/><U0/><E28/><V101/><F101/><W66/><G66/><T30/><D30/><U109/><E109/><V119/><F119/><W110/><G110/><T74/><D74/><U134/><REACH who="1" step="1"/><E0/><REACH who="1" ten="250,163,250,327" step="2"/><V135/><F123/><W82/><G98/><T117/><D117/><U78/><E78/><V47/><F135/><W130/><G130/><T18/><D126/><U42/><E42/><N who="2" m="24599" /><F87/><W79/><G79/><T103/><D103/><U21/><E21/><V16/><AGARI ba="0,1" hai="8,12,16,19,23,27,40,47,49,60,61" m="24599" machi="16" ten="30,2000,0" yaku="8,1,54,1" doraHai="31" who="2" fromWho="2" sc="250,-5,163,-10,250,30,327,-5" /><INIT seed="2,0,0,5,1,88" ten="245,153,280,322" oya="2" hai0="78,31,13,44,70,61,126,52,127,35,4,85,104" hai1="129,100,28,130,26,25,24,113,92,10,75,90,68" hai2="46,106,108,23,0,81,117,115,59,12,98,86,8" hai3="83,56,5,123,99,91,2,45,22,21,50,17,58"/><V20/><F115/><W11/><G123/><T103/><D35/><U97/><E113/><V80/><F117/><W87/><G22/><T72/><D72/><U132/><E68/><V51/><F0/><W116/><G116/><T34/><D34/><U135/><E75/><V62/><F108/><W53/><REACH who="3" step="1"/><G99/><REACH who="3" ten="245,153,280,312" step="2"/><T43/><D127/><U96/><E10/><V112/><F112/><W79/><G79/><T32/><D78/><U41/><E28/><V55/><F23/><W66/><G66/><T40/><D31/><U7/><E41/><V102/><F20/><W36/><G36/><T93/><D32/><U118/><E118/><V54/><REACH who="2" step="1"/><F86/><REACH who="2" ten="245,153,270,312" step="2"/><W131/><G131/><N who="1" m="50186" /><E7/><AGARI ba="0,2" hai="7,8,12,46,51,54,55,59,62,80,81,98,102,106" machi="7" ten="30,5800,0" yaku="1,1,7,1,53,1" doraHai="88" doraHaiUra="101" who="2" fromWho="1" sc="245,0,153,-58,270,78,312,0" /><INIT seed="2,1,0,1,5,79" ten="245,95,348,312" oya="2" hai0="107,99,97,68,121,13,91,47,51,61,81,66,118" hai1="39,100,50,6,82,54,33,15,71,129,95,69,32" hai2="114,122,130,17,80,49,113,76,117,116,22,92,42" hai3="70,30,120,89,41,8,1,109,106,26,55,48,9"/><V56/><F122/><W20/><G109/><T128/><D128/><U11/><E39/><V73/><F130/><W59/><G120/><T7/><D121/><U115/><E115/><V123/><F123/><W108/><G108/><T101/><D118/><U34/><E129/><V87/><F117/><W62/><G1/><T88/><D99/><U132/><E132/><V5/><F5/><W131/><G131/><T84/><D13/><U58/><E95/><V25/><F116/><W110/><G110/><T124/><D124/><U4/><E100/><V127/><F127/><W10/><G106/><T93/><D7/><U27/><E27/><V44/><F56/><W96/><G70/><T111/><D111/><U133/><E6/><V78/><F78/><W77/><G77/><T90/><REACH who="0" step="1"/><D107/><REACH who="0" ten="235,95,348,312" step="2"/><U46/><E133/><V23/><F73/><W31/><G96/><T67/><D67/><U83/><REACH who="1" step="1"/><E58/><REACH who="1" ten="235,85,348,312" step="2"/><V52/><F114/><W36/><G59/><T105/><D105/><U112/><E112/><V74/><F113/><W94/><G26/><T24/><D24/><U14/><E14/><V102/><F74/><W75/><G75/><T35/><D35/><U63/><E63/><V64/><F25/><W98/><G62/><T86/><D86/><U29/><E29/><V38/><F87/><W60/><G60/><T72/><D72/><U119/><E119/><V45/><F102/><W104/><G104/><T135/><D135/><U12/><E12/><V126/><F126/><W18/><G31/><T16/><D16/><U57/><E57/><V0/><F17/><W28/><G30/><RYUUKYOKU ba="1,2" sc="235,15,85,15,348,-15,312,-15" hai0="47,51,61,66,68,81,84,88,90,91,93,97,101" hai1="4,11,15,32,33,34,46,50,54,69,71,82,83" /><INIT seed="3,2,2,5,4,16" ten="250,100,333,297" oya="3" hai0="25,45,97,105,75,1,114,58,125,106,87,32,127" hai1="55,5,31,51,107,115,57,48,11,10,4,46,101" hai2="113,77,27,129,116,72,64,52,30,7,80,124,17" hai3="93,37,122,9,132,28,63,36,47,70,119,86,21"/><W20/><G122/><T81/><D1/><U85/><E115/><V33/><F113/><W112/><G112/><T84/><D45/><U96/><E31/><V43/><F116/><W88/><G119/><T61/><D75/><U130/><E130/><V69/><F129/><W22/><G28/><N who="0" m="19471" /><D97/><U131/><E131/><V18/><F43/><W98/><G132/><T19/><D19/><U44/><E85/><V111/><F111/><W50/><G9/><T24/><D24/><U108/><E108/><V12/><F124/><N who="0" m="47690" /><D114/><U89/><E89/><V71/><F7/><W133/><G133/><T74/><D74/><U62/><E5/><V53/><F18/><W35/><G35/><T3/><D3/><U78/><E78/><V120/><F120/><W134/><G134/><T123/><D123/><U83/><E4/><V73/><F73/><W8/><G8/><T40/><D40/><U109/><E109/><V121/><F121/><W79/><G79/><N who="0" m="46143" /><D87/><U92/><E107/><V13/><F13/><W14/><G14/><T103/><D103/><U110/><E110/><V82/><F82/><W6/><G6/><T60/><D60/><U41/><REACH who="1" step="1"/><E83/><REACH who="1" ten="250,90,333,297" step="2"/><V76/><F77/><W0/><G86/><T102/><D102/><U54/><AGARI ba="2,3" hai="10,11,41,44,46,48,51,54,55,57,62,92,96,101" machi="54" ten="20,8000,1" yaku="1,1,2,1,0,1,7,1,8,1,53,0" doraHai="16" doraHaiUra="135" who="1" fromWho="1" sc="250,-22,90,116,333,-22,297,-42" /><INIT seed="4,0,0,1,1,79" ten="228,206,311,255" oya="0" hai0="132,36,76,63,89,1,37,122,33,70,29,78,119" hai1="34,87,48,73,9,91,4,11,55,71,53,40,42" hai2="108,125,96,69,114,64,35,14,54,83,102,106,121" hai3="111,22,123,31,57,113,117,97,93,103,59,2,12"/><T118/><D89/><U6/><E34/><V112/><F108/><W77/><G2/><T94/><D94/><U24/><E24/><V135/><F135/><W124/><G111/><T23/><D23/><U133/><E71/><V86/><F35/><W82/><G117/><T3/><D33/><U45/><E73/><V130/><F121/><W39/><G39/><T92/><D92/><U44/><E133/><V18/><F130/><W10/><G113/><N who="2" m="43625" /><F125/><W41/><G124/><T58/><D58/><U47/><E47/><V131/><F131/><W51/><G123/><T43/><D63/><U115/><E115/><V27/><F27/><W32/><G32/><T104/><D43/><U80/><E9/><N who="2" m="6479" /><F54/><W49/><G22/><T60/><D60/><U120/><E120/><V74/><F74/><W26/><G26/><T85/><D122/><U116/><E116/><V127/><F127/><W30/><G30/><T84/><D132/><U50/><REACH who="1" step="1"/><E4/><REACH who="1" ten="228,196,311,255" step="2"/><V25/><F69/><W81/><G10/><T15/><D70/><U105/><E105/><V68/><F25/><W72/><G72/><T20/><D104/><U129/><E129/><V65/><F68/><W66/><G31/><T13/><D29/><U95/><E95/><V99/><F99/><W67/><G93/><T98/><D20/><U126/><E126/><V19/><F19/><W52/><G97/><AGARI ba="0,1" hai="1,3,13,15,36,37,76,78,84,85,97,98,118,119" machi="97" ten="25,2400,0" yaku="22,2" doraHai="79" who="0" fromWho="3" sc="228,34,196,0,311,0,255,-24" /><INIT seed="4,1,0,0,3,97" ten="262,196,311,231" oya="0" hai0="92,1,107,94,120,23,113,78,82,63,131,18,8" hai1="9,53,70,95,117,7,25,111,106,89,11,129,49" hai2="66,110,108,42,12,98,91,43,13,126,33,5,38" hai3="121,67,69,0,102,115,101,123,4,59,48,93,44"/><T65/><D107/><U99/><E117/><V52/><F38/><W45/><G69/><T72/><D120/><N who="3" m="46153" /><G115/><T47/><D113/><U76/><E111/><V105/><F33/><W127/><G127/><T39/><D131/><U116/><E116/><V86/><F126/><W133/><G133/><T81/><D81/><U54/><E70/><V28/><F66/><W109/><G109/><T2/><D47/><N who="3" m="17993" /><G93/><T114/><D39/><U96/><E76/><V87/><F105/><W16/><G16/><T40/><D40/><U77/><E77/><V60/><F28/><W41/><G41/><T122/><D122/><U6/><E129/><V74/><F5/><W26/><G26/><T34/><D114/><U100/><E25/><V37/><F37/><W32/><G32/><T68/><D34/><U85/><E49/><V71/><F71/><W57/><G67/><T36/><D36/><U80/><E7/><V84/><F110/><W56/><G48/><T112/><D112/><U55/><REACH who="1" step="1"/><E6/><REACH who="1" ten="262,186,311,231" step="2"/><V19/><F108/><W130/><G130/><T27/><D68/><U10/><E10/><AGARI ba="1,1" hai="0,4,10,56,57,59,101,102" m="17993,46153" machi="10" ten="40,5200,0" yaku="13,1,52,2" doraHai="97" who="3" fromWho="1" sc="262,0,186,-55,311,0,231,65" /><INIT seed="5,0,0,1,3,41" ten="262,131,311,296" oya="1" hai0="5,9,134,95,72,69,60,114,6,26,64,7,85" hai1="124,17,73,33,109,74,20,45,119,103,79,52,56" hai2="118,130,57,94,55,51,23,30,44,50,83,22,121" hai3="36,93,98,104,129,81,106,88,91,38,24,10,16"/><U29/><E119/><V19/><F121/><W4/><G129/><T112/><D72/><U12/><E124/><V131/><F118/><W43/><G36/><T128/><D128/><N who="2" m="49194" /><F83/><W132/><G132/><T66/><D64/><U111/><E103/><V28/><F94/><W77/><G91/><N who="0" m="53743" /><D26/><N who="1" m="18615" /><E79/><V110/><F110/><N who="1" m="41993" /><E45/><V122/><F122/><W8/><G8/><T39/><D39/><U62/><AGARI ba="0,0" hai="12,17,20,52,56,62,73,74" m="41993,18615" machi="62" ten="30,3000,0" yaku="10,1,54,1" doraHai="41" who="1" fromWho="1" sc="262,-10,131,30,311,-10,296,-10" /><INIT seed="5,1,0,0,3,120" ten="252,161,301,286" oya="1" hai0="124,13,73,39,98,60,74,128,117,54,76,80,32" hai1="125,28,68,42,50,37,2,110,71,46,64,106,83" hai2="12,1,14,62,85,27,84,33,29,16,109,121,72" hai3="47,90,24,100,11,58,66,45,25,69,52,77,130"/><U107/><E2/><V56/><F121/><W40/><G130/><T67/><D117/><U114/><E28/><V38/><F38/><W87/><G69/><N who="1" m="26698" /><E64/><V48/><F72/><W55/><G66/><T91/><D128/><U81/><E50/><V129/><F1/><W119/><G119/><T44/><D74/><U134/><E83/><V108/><F129/><W111/><G111/><T93/><D67/><U104/><E81/><V115/><F115/><W43/><G77/><T57/><D80/><U82/><E82/><V36/><F36/><W15/><G100/><T35/><D76/><U70/><N who="1" m="26706" /><U79/><DORA hai="105" /><E79/><V95/><F48/><W123/><G123/><T131/><D131/><U122/><E122/><V21/><F12/><W31/><G58/><T112/><D73/><U17/><E110/><V102/><F85/><W9/><G15/><T116/><D116/><U94/><E114/><V7/><F7/><W18/><G18/><T132/><D112/><U75/><E75/><V53/><REACH who="2" step="1"/><F84/><REACH who="2" ten="252,161,291,286" step="2"/><W127/><G87/><T6/><D39/><U34/><E125/><V61/><F61/><W92/><G127/><T5/><D60/><U8/><E134/><V86/><F86/><W126/><G126/><T0/><D132/><U51/><E37/><V135/><F135/><W78/><G78/><T118/><D0/><U3/><E34/><V20/><F20/><W97/><G43/><T49/><D124/><U113/><E113/><V10/><F10/><W59/><G9/><N who="0" m="4271" /><D118/><U26/><E3/><V65/><F65/><W19/><G40/><N who="0" m="24711" /><D6/><U23/><E8/><RYUUKYOKU ba="1,1" sc="252,10,161,10,291,10,286,-30" hai0="32,35,54,57,91,93,98" hai1="17,23,26,42,46,51,94,104,106,107" hai2="14,16,21,27,29,33,53,56,62,95,102,108,109" /><INIT seed="5,2,1,5,3,38" ten="262,171,301,256" oya="1" hai0="25,93,132,99,84,108,13,55,40,49,124,125,97" hai1="96,131,52,30,2,54,68,50,20,8,44,63,4" hai2="3,65,114,100,15,119,32,6,129,123,59,11,10" hai3="127,95,122,94,39,81,120,121,82,24,31,107,45"/><U42/><E131/><V80/><F123/><W77/><G107/><T34/><D108/><U73/><E73/><V28/><F119/><W76/><G127/><T36/><D13/><U79/><E79/><N who="3" m="30282" /><G45/><N who="0" m="23687" /><D84/><U33/><E33/><V17/><F80/><N who="3" m="30827" /><G39/><T62/><D62/><U126/><E126/><N who="0" m="48745" /><D93/><N who="3" m="35337" /><G24/><T5/><D132/><U67/><REACH who="1" step="1"/><E96/><REACH who="1" ten="262,161,301,256" step="2"/><V51/><F129/><W21/><G122/><T90/><D99/><U66/><E66/><V112/><F65/><W12/><G121/><T70/><D97/><U58/><E58/><V23/><F100/><W9/><G120/><T134/><D34/><U64/><E64/><V102/><F102/><W106/><G106/><T69/><D70/><U27/><AGARI ba="2,2" hai="2,4,8,20,27,30,42,44,50,52,54,63,67,68" machi="27" ten="30,11700,0" yaku="1,1,0,1,52,1,54,1,53,0" doraHai="38" doraHaiUra="74" who="1" fromWho="1" sc="262,-41,161,143,301,-41,256,-41" /><INIT seed="5,3,0,4,4,69" ten="221,304,260,215" oya="1" hai0="77,24,41,81,43,80,97,76,26,100,101,28,42" hai1="62,135,66,55,7,83,47,113,88,23,119,18,109" hai2="54,105,31,46,20,98,53,14,68,111,86,25,44" hai3="116,128,121,90,13,17,21,108,89,103,40,39,6"/><U127/><E119/><V72/><F72/><W3/><G108/><T94/><D28/><U130/><E109/><V96/><F68/><W2/><G121/><T4/><D4/><U33/><E33/><V104/><F111/><W91/><G103/><N who="0" m="39499" /><D94/><U71/><E113/><V102/><F105/><W92/><G128/><T61/><D61/><U134/><E7/><V124/><F124/><W112/><G112/><T64/><D64/><U106/><E106/><V82/><F96/><W37/><G116/><T133/><D97/><U1/><E1/><V10/><F53/><W5/><G40/><T115/><D133/><N who="1" m="50699" /><E130/><V114/><F54/><W78/><G78/><N who="0" m="30315" /><D115/><U60/><E127/><V22/><F114/><W125/><G125/><T123/><D123/><U63/><E83/><AGARI ba="3,0" hai="24,26,41,42,43,80,81,83" m="30315,39499" machi="83" ten="30,3900,0" yaku="28,2,8,1" doraHai="69" who="0" fromWho="1" sc="221,48,304,-48,260,0,215,0" /><INIT seed="6,0,0,1,4,103" ten="269,256,260,215" oya="2" hai0="128,69,114,88,10,124,86,58,57,5,9,110,54" hai1="95,51,108,4,120,26,132,77,41,79,117,131,78" hai2="44,74,84,13,133,19,63,56,134,125,96,129,64" hai3="0,73,135,113,111,35,21,50,37,71,28,68,1"/><V107/><F74/><W2/><G21/><T11/><D69/><N who="3" m="26697" /><G50/><T62/><D114/><U20/><E108/><V33/><F33/><W59/><G59/><T90/><D128/><U38/><E38/><V25/><F129/><W106/><G111/><T30/><D124/><U121/><E117/><V93/><F125/><W49/><G49/><T52/><D30/><U15/><E131/><V40/><F25/><N who="3" m="18831" /><G135/><N who="2" m="51721" /><F84/><W36/><G113/><T34/><D34/><U119/><E132/><V91/><F44/><W47/><G73/><T115/><D115/><U46/><E119/><V130/><F40/><N who="3" m="22919" /><G37/><T81/><D110/><U24/><E95/><V22/><F130/><W76/><G76/><N who="0" m="46375" /><D5/><U89/><E89/><V27/><F27/><W109/><G109/><T75/><D75/><U42/><E42/><V97/><F97/><W92/><G92/><T127/><D127/><U123/><E4/><V29/><F29/><W98/><G98/><T83/><D83/><U55/><E41/><V99/><F99/><W80/><G80/><T67/><D67/><U66/><E66/><V39/><F39/><W118/><G118/><T6/><D6/><U48/><E48/><AGARI ba="0,0" hai="9,10,11,48,52,54,57,58,62,88,90" m="46375" machi="48" ten="30,3900,0" yaku="8,1,54,2" doraHai="103" who="0" fromWho="1" sc="269,39,256,-39,260,0,215,0" /><INIT seed="7,0,0,0,0,4" ten="308,217,260,215" oya="3" hai0="102,18,87,48,109,117,53,9,1,28,95,70,32" hai1="31,110,55,66,81,103,77,122,30,116,3,119,96" hai2="121,115,120,34,71,44,5,36,89,24,74,83,84" hai3="69,93,100,123,58,127,54,60,63,8,46,129,67"/><W82/><G129/><T113/><D70/><U47/><E3/><V86/><F71/><W125/><G123/><N who="2" m="47177" /><F115/><W2/><G82/><T40/><D40/><U49/><E66/><V80/><F5/><W108/><G108/><T14/><D1/><U104/><E110/><V35/><F74/><W20/><G20/><T107/><D117/><N who="1" m="45131" /><E122/><V29/><F36/><W98/><REACH who="3" step="1"/><G46/><REACH who="3" ten="308,217,260,205" step="2"/><T101/><D109/><U92/><E104/><V131/><F44/><W56/><G56/><T50/><D107/><U22/><E22/><N who="2" m="15511" /><F131/><W41/><G41/><T19/><D113/><U65/><E65/><V52/><F35/><W126/><G126/><T111/><D111/><U37/><E37/><V43/><F43/><W15/><G15/><T72/><D14/><U12/><E12/><V114/><F34/><W42/><G42/><T75/><D32/><U79/><E79/><V97/><F114/><W13/><G13/><T94/><D53/><U45/><E45/><V76/><F52/><W99/><G99/><AGARI ba="0,1" hai="76,80,83,84,86,89,97,99" m="15511,47177" machi="99" ten="30,1000,0" yaku="13,1" doraHai="4" who="2" fromWho="3" sc="308,0,217,0,260,20,205,-10" owari="308,40.0,217,-18.0,280,8.0,195,-30.0" /></mjloggm>