<mjloggm ver="2.3"><GO type="169" lobby="0"/><UN n0="%E5%B0%B1%E6%B4%BB%E7%94%9F%40%E5%B7%9D%E6%9D%91%E8%BB%8D%E5%9B%A3" n1="%E7%89%8C%E7%8E%8B%E4%BD%8D" n2="%79%6F%74%65%72%75" n3="%61%6D%65%64%69%6F" dan="17,16,18,17" rate="2241.95,2051.49,2278.07,2184.94" sx="M,M,M,M"/><TAIKYOKU oya="0"/><INIT seed="0,0,0,0,0,40" ten="250,250,250,250" oya="0" hai0="11,101,35,43,69,25,26,10,1,119,56,21,19" hai1="75,46,4,117,104,58,95,118,62,97,27,20,66" hai2="106,23,105,113,71,108,87,33,64,49,110,79,29" hai3="59,34,72,44,92,17,134,53,132,24,107,112,124"/><T54/><D119/><U15/><E75/><V83/><F33/><W123/><G107/><T130/><D69/><U111/><E104/><V31/><F113/><W3/><G72/><T48/><D130/><U129/><E129/><V94/><F94/><W102/><G3/><T80/><D1/><U121/><E121/><V74/><F87/><W2/><G2/><T60/><D101/><U135/><E135/><V76/><F49/><W78/><G78/><T14/><D80/><U88/><E111/><N who="2" m="42539" /><F31/><W85/><G123/><T128/><D128/><U133/><E133/><V98/><F98/><W8/><G112/><T63/><D63/><U122/><E122/><V45/><F45/><W50/><G124/><T9/><REACH who="0" step="1"/><D35/><REACH who="0" ten="240,250,250,250" step="2"/><U16/><E117/><V7/><F83/><W39/><G34/><T12/><D12/><U0/><E118/><V109/><F71/><W127/><G132/><T57/><D57/><U114/><E0/><V55/><F109/><W18/><G134/><T100/><D100/><U99/><E114/><V84/><F106/><W89/><G102/><T28/><D28/><U47/><E99/><V36/><F29/><W82/><G82/><T65/><D65/><U81/><E81/><V86/><F64/><W38/><G59/><T126/><D126/><U41/><E41/><V51/><F105/><W73/><G73/><T61/><D61/><U42/><E42/><V22/><F74/><W70/><G70/><T77/><D77/><U68/><E68/><V32/><F79/><W6/><G127/><T96/><D96/><U131/><E131/><V125/><F125/><RYUUKYOKU ba="0,1" sc="240,15,250,15,250,-15,250,-15" hai0="9,10,11,14,19,21,25,26,43,48,54,56,60" hai1="4,15,16,20,27,46,47,58,62,66,88,95,97" /><INIT seed="0,1,1,4,1,28" ten="255,265,235,235" oya="0" hai0="110,41,84,101,61,42,26,66,18,96,67,97,56" hai1="35,30,5,76,8,3,99,73,52,78,70,111,2" hai2="98,125,72,83,132,43,77,131,121,50,107,31,59" hai3="14,55,4,27,88,94,34,127,120,39,81,11,113"/><T135/><D135/><U109/><E70/><V9/><F121/><W117/><G120/><T46/><D110/><N who="1" m="41995" /><E99/><N who="0" m="37961" /><D101/><U80/><E78/><V75/><F132/><W129/><G117/><T112/><D112/><U126/><E126/><V114/><F114/><W37/><G113/><T7/><D7/><U16/><E16/><V123/><F123/><W21/><G127/><T60/><D84/><U102/><E102/><V65/><F75/><W33/><G129/><T118/><D118/><U90/><E90/><V49/><F31/><W19/><G81/><T25/><D18/><U44/><E3/><V128/><F125/><W6/><G6/><T74/><D74/><U130/><E130/><V40/><F72/><W24/><G24/><N who="0" m="9323" /><D46/><U82/><E30/><V22/><F128/><W15/><G15/><T58/><AGARI ba="1,1" hai="41,42,56,58,60,61,66,67" m="9323,37961" machi="58" ten="30,1500,0" yaku="8,1" doraHai="28" who="0" fromWho="0" sc="255,28,265,-6,235,-6,235,-6" /><INIT seed="0,2,0,5,4,71" ten="283,259,229,229" oya="0" hai0="111,96,48,60,57,84,29,79,9,74,14,36,99" hai1="87,107,122,5,2,108,129,18,92,125,22,54,64" hai2="63,11,21,102,95,41,26,17,61,130,38,19,119" hai3="97,16,67,78,82,34,24,109,65,42,45,133,91"/><T101/><D74/><U46/><E107/><V68/><F68/><W90/><G34/><T120/><D120/><U127/><E64/><V123/><F123/><W7/><G7/><T30/><D36/><U8/><E122/><V89/><F130/><W103/><G133/><T47/><D79/><U76/><E76/><V4/><F119/><W115/><G109/><T31/><D84/><U50/><E108/><V12/><F102/><W80/><G115/><T33/><D33/><U88/><REACH who="1" step="1"/><E129/><REACH who="1" ten="283,249,229,229" step="2"/><V112/><F112/><W128/><G67/><T15/><D111/><U110/><E110/><V86/><REACH who="2" step="1"/><F4/><REACH who="2" ten="283,249,219,229" step="2"/><W13/><G128/><T25/><D101/><U32/><E32/><V27/><F27/><AGARI ba="2,2" hai="2,5,8,18,22,27,46,50,54,87,88,92,125,127" machi="27" ten="40,2600,0" yaku="1,1,54,1,53,0" doraHai="71" doraHaiUra="114" who="1" fromWho="2" sc="283,0,249,52,219,-32,229,0" /><INIT seed="1,0,0,3,3,30" ten="283,301,187,229" oya="1" hai0="126,108,77,69,28,32,43,115,41,68,70,73,0" hai1="36,117,101,20,118,134,57,45,112,61,8,35,10" hai2="97,47,86,83,58,75,17,1,65,96,59,133,52" hai3="25,53,40,123,14,67,62,29,76,103,27,98,85"/><U23/><E101/><V88/><F1/><W127/><G123/><T3/><D115/><U90/><E112/><V34/><F34/><W19/><G40/><T81/><D108/><U114/><E36/><V132/><F75/><W104/><G53/><T38/><D126/><U54/><E45/><V66/><F47/><W135/><G127/><T26/><D43/><U46/><E46/><AGARI ba="0,0" hai="0,3,26,28,32,38,41,46,68,69,70,73,77,81" machi="46" ten="40,8000,1" yaku="33,3,52,1" doraHai="30" who="0" fromWho="1" sc="283,80,301,-80,187,0,229,0" /><INIT seed="2,0,0,3,2,41" ten="363,221,187,229" oya="2" hai0="14,70,18,22,17,105,11,46,57,7,40,123,65" hai1="36,110,128,0,87,117,51,47,118,100,119,81,84" hai2="98,61,64,28,63,80,39,95,97,29,122,21,131" hai3="50,60,37,104,75,85,88,58,2,103,20,99,102"/><V66/><F122/><W56/><G37/><T19/><D105/><U133/><E36/><V54/><F39/><W55/><G2/><T68/><D123/><U48/><E0/><V44/><F80/><W107/><G75/><T77/><D77/><U71/><E71/><V10/><F10/><W31/><G31/><N who="2" m="11849" /><F21/><W59/><G20/><T23/><D68/><U129/><E81/><V106/><F106/><W109/><G109/><T116/><D70/><U43/><E110/><V108/><F131/><W9/><G9/><T134/><D134/><U5/><E5/><V120/><F120/><W74/><G74/><T112/><D112/><U38/><E133/><V132/><F132/><W78/><G78/><T53/><D65/><N who="2" m="25194" /><F98/><W130/><G130/><T26/><D116/><U69/><E69/><V6/><F6/><W13/><G13/><T90/><D23/><U83/><E83/><V4/><F4/><W33/><G33/><T8/><D11/><U32/><E32/><V45/><F108/><W94/><G60/><N who="2" m="23113" /><F54/><W114/><G114/><T25/><D22/><U73/><E119/><V16/><F16/><W3/><G3/><T121/><D121/><U82/><E82/><V92/><F92/><W115/><G115/><T113/><D113/><U52/><E73/><V35/><F35/><W91/><G91/><AGARI ba="0,0" hai="44,45,91,95,97" m="23113,25194,11849" machi="91" ten="30,5800,0" yaku="8,1,52,2" doraHai="41" who="2" fromWho="3" sc="363,0,221,0,187,58,229,-58" /><INIT seed="2,1,0,4,2,100" ten="363,221,245,171" oya="2" hai0="124,19,108,72,134,27,101,16,33,69,119,67,5" hai1="85,2,24,26,120,78,96,4,102,9,133,97,80" hai2="46,58,109,114,1,99,32,17,56,29,91,61,81" hai3="105,55,66,0,117,98,51,20,53,50,131,116,110"/><V73/><F114/><W14/><G0/><T15/><D72/><U112/><E120/><V6/><F109/><W28/><G110/><T93/><D108/><U111/><E112/><V43/><F32/><W125/><G125/><T59/><D69/><U113/><E113/><V106/><F29/><W60/><G131/><T79/><D79/><U18/><E111/><V7/><F17/><W62/><G14/><T95/><D119/><U130/><E130/><V82/><F82/><W74/><G74/><T34/><D101/><U126/><E133/><V40/><F40/><W31/><G20/><T23/><D5/><U63/><E97/><V77/><F7/><W39/><G98/><T123/><D123/><U35/><E35/><V127/><F127/><W3/><G3/><T75/><D75/><U86/><E86/><V128/><F128/><W87/><G87/><T94/><D134/><U52/><E18/><V64/><F58/><W118/><G39/><T48/><D124/><U121/><E121/><V49/><F91/><W132/><G132/><T25/><D25/><U129/><E126/><V89/><F89/><W10/><G10/><T42/><D42/><U83/><E83/><V21/><F21/><W36/><G36/><T8/><REACH who="0" step="1"/><D67/><REACH who="0" ten="353,221,245,171" step="2"/><U104/><E129/><V38/><F6/><W47/><G66/><T92/><N who="0" m="24064" /><DORA hai="88" /><T57/><D57/><U76/><E76/><V107/><F73/><W103/><G103/><T45/><D45/><U115/><E115/><V37/><F77/><W90/><G90/><T22/><D22/><U54/><E63/><V12/><F61/><RYUUKYOKU ba="1,1" sc="353,15,221,15,245,-15,171,-15" hai0="8,15,16,19,23,27,33,34,48,59" hai1="2,4,9,24,26,52,54,78,80,85,96,102,104" /><INIT seed="3,2,1,2,3,27" ten="368,236,230,156" oya="3" hai0="81,122,73,82,98,127,36,104,21,39,23,125,134" hai1="110,17,126,101,26,86,11,33,8,46,119,83,10" hai2="45,85,128,37,42,65,102,93,5,108,72,121,120" hai3="123,135,59,90,60,129,24,4,71,131,29,53,12"/><W94/><G71/><T57/><D122/><N who="2" m="47210" /><F72/><W105/><G105/><T106/><D134/><U32/><E101/><V95/><F108/><W99/><G123/><T103/><D57/><U18/><E46/><V47/><F128/><W96/><G135/><T87/><D106/><U89/><E89/><N who="2" m="53423" /><F5/><W51/><G99/><T79/><D23/><U14/><E83/><V2/><F2/><W132/><G132/><T118/><D21/><U74/><E86/><V77/><F77/><W100/><G90/><N who="0" m="51567" /><D118/><U80/><E80/><V34/><F34/><W35/><REACH who="3" step="1"/><G60/><REACH who="3" ten="368,236,230,146" step="2"/><T68/><D68/><U19/><E119/><V20/><F102/><W16/><G16/><T43/><D98/><U64/><E18/><V75/><F75/><W56/><G56/><T111/><D103/><U15/><E17/><V40/><F47/><W124/><G124/><T44/><D104/><U114/><E126/><N who="0" m="48137" /><D111/><U133/><E110/><V117/><F45/><W70/><G70/><T49/><AGARI ba="2,2" hai="36,39,43,44,49,73,79,82" m="48137,51567" machi="49" ten="30,1100,0" yaku="18,1" doraHai="27" who="0" fromWho="0" sc="368,37,236,-5,230,-5,146,-7" /><INIT seed="4,0,0,5,1,120" ten="405,231,225,139" oya="0" hai0="44,71,14,78,50,117,45,128,65,7,19,49,90" hai1="87,18,52,124,92,81,66,130,8,17,113,114,106" hai2="25,118,60,9,36,41,43,53,74,58,51,63,62" hai3="119,20,112,21,98,48,11,107,125,95,56,100,68"/><T103/><D117/><U32/><E106/><V70/><F74/><W54/><G68/><T35/><D35/><U83/><E66/><N who="2" m="41311" /><F9/><W39/><G39/><T28/><D28/><U38/><E38/><V111/><F25/><W69/><G69/><T16/><D78/><U33/><E92/><V59/><F118/><W12/><G119/><T30/><D30/><U46/><E124/><V27/><F27/><W110/><G125/><T72/><D72/><U2/><E130/><V3/><F3/><W75/><G75/><T89/><D103/><U86/><E8/><V82/><F82/><W1/><G1/><T79/><D79/><U0/><E46/><N who="2" m="23847" /><F111/><W47/><G110/><T64/><D71/><U123/><E123/><V108/><F108/><W85/><G112/><T15/><REACH who="0" step="1"/><D7/><REACH who="0" ten="395,231,225,139" step="2"/><U127/><E127/><V34/><F34/><W102/><G102/><T40/><D40/><U42/><E42/><V57/><F43/><W134/><G107/><T37/><D37/><U116/><E116/><V55/><F55/><AGARI ba="0,1" hai="0,2,17,18,32,33,52,55,81,83,86,87,113,114" machi="55" ten="25,3200,0" yaku="22,2,54,1" doraHai="120" who="1" fromWho="2" sc="395,0,231,42,225,-32,139,0" /><INIT seed="5,0,0,4,1,8" ten="395,273,193,139" oya="1" hai0="135,112,4,99,66,23,122,22,38,126,116,121,31" hai1="73,85,107,124,15,63,49,91,6,100,81,76,28" hai2="78,19,93,11,79,34,69,111,61,105,20,104,80" hai3="103,97,2,54,70,102,95,26,32,44,64,83,7"/><U59/><E28/><V29/><F111/><W58/><G83/><T36/><D116/><U75/><E49/><V57/><F69/><W37/><G102/><T84/><D126/><U120/><E120/><N who="0" m="46185" /><D112/><U127/><E6/><V94/><F34/><W106/><G95/><N who="2" m="36361" /><F105/><W77/><G77/><N who="2" m="29193" /><F104/><W74/><G74/><T87/><D99/><U65/><E76/><V13/><F80/><W46/><G7/><T35/><D66/><U48/><E48/><V132/><F132/><W45/><G2/><T5/><D35/><U14/><E100/><V52/><F29/><N who="3" m="19511" /><G37/><N who="0" m="14443" /><D135/><U9/><E107/><V110/><F110/><W40/><G40/><T43/><D43/><U16/><E15/><V50/><F50/><N who="3" m="29015" /><G58/><T67/><D67/><U108/><E108/><V3/><F3/><W114/><G114/><T24/><D4/><U92/><E81/><V101/><F101/><W68/><G68/><T125/><D5/><U51/><E51/><V56/><F56/><W130/><G130/><T133/><D125/><AGARI ba="0,0" hai="9,14,16,59,63,65,73,75,85,91,92,124,125,127" machi="125" ten="40,7700,0" yaku="18,1,52,1,54,1" doraHai="8" who="1" fromWho="0" sc="395,-77,273,77,193,0,139,0" /><INIT seed="5,1,0,5,2,131" ten="318,350,193,139" oya="1" hai0="11,96,70,2,92,110,94,33,26,95,102,37,67" hai1="50,60,16,90,121,76,87,118,114,1,15,49,117" hai2="107,12,71,0,77,78,9,66,104,36,93,130,124" hai3="74,127,42,23,5,103,81,125,120,19,45,72,54"/><U56/><E1/><V38/><F0/><W133/><G120/><T100/><D37/><N who="2" m="14442" /><F93/><W35/><G35/><T64/><D110/><U63/><E63/><V61/><F78/><W65/><G65/><T82/><D70/><U51/><E121/><V126/><F77/><W106/><G54/><T13/><D2/><U101/><E101/><V21/><F21/><W34/><G34/><T85/><D26/><U24/><E76/><V83/><F83/><W44/><G5/><N who="0" m="3311" /><D33/><U6/><E6/><N who="2" m="3127" /><F130/><W134/><G103/><N who="0" m="39467" /><D96/><U97/><E97/><V99/><F99/><W41/><G106/><T31/><D31/><U105/><E24/><V122/><F122/><W88/><G23/><T135/><D67/><U32/><E117/><V20/><F20/><W18/><REACH who="3" step="1"/><G81/><REACH who="3" ten="318,350,193,129" step="2"/><T128/><D64/><U123/><E32/><V79/><F104/><W57/><G57/><T52/><D128/><U25/><E56/><V17/><F107/><W129/><G129/><T29/><D52/><U69/><E105/><V112/><F66/><W59/><G59/><T68/><D82/><U4/><E123/><V62/><F71/><W80/><G80/><T53/><D53/><U39/><E69/><V46/><F79/><W43/><G43/><T8/><D68/><U111/><E4/><V109/><F109/><W14/><G14/><T7/><D7/><U55/><E15/><V48/><F46/><W132/><G132/><T47/><D135/><U115/><E55/><V73/><F126/><W84/><G84/><T22/><D85/><U40/><E87/><V91/><F124/><W86/><G86/><RYUUKYOKU ba="1,1" sc="318,-10,350,-10,193,-10,129,30" hai3="18,19,41,42,44,45,72,74,88,125,127,133,134" /><INIT seed="6,2,1,1,0,135" ten="308,340,183,159" oya="2" hai0="3,1,26,116,20,69,130,40,112,125,84,46,79" hai1="115,80,107,133,88,104,121,86,22,25,24,47,31" hai2="29,59,108,17,12,35,66,110,60,75,101,113,63" hai3="119,37,14,68,9,34,90,49,99,128,117,96,21"/><V6/><F113/><W98/><G37/><T114/><D69/><U27/><E115/><N who="0" m="44073" /><D125/><U61/><E27/><N who="2" m="18879" /><F75/><W15/><G34/><T122/><D130/><U120/><E133/><V65/><F101/><W95/><G68/><T5/><D5/><U42/><E61/><V38/><F6/><W58/><G128/><T62/><D62/><N who="2" m="23594" /><F59/><W82/><G82/><N who="0" m="47199" /><D122/><N who="1" m="47211" /><E25/><V23/><F38/><AGARI ba="2,1" hai="22,24,31,38,42,47,80,86,88,104,107" m="47211" machi="38" ten="30,2000,0" yaku="13,1,54,1" doraHai="135" who="1" fromWho="2" sc="308,0,340,36,183,-26,159,0" /><INIT seed="7,0,0,0,1,77" ten="308,376,157,159" oya="3" hai0="82,41,27,129,36,76,121,29,26,124,50,72,103" hai1="21,11,96,133,99,73,56,5,15,66,51,52,111" hai2="23,20,17,12,40,59,126,130,1,70,61,101,120" hai3="34,102,131,118,18,135,13,132,134,39,48,37,80"/><W127/><G118/><T7/><D121/><U54/><E73/><V92/><F70/><W109/><G34/><T84/><D124/><U10/><E66/><N who="2" m="39231" /><F1/><W47/><G127/><T42/><D129/><U67/><E21/><N who="2" m="11431" /><F126/><W107/><G131/><T86/><D36/><U68/><E54/><V108/><F108/><W85/><G109/><T3/><D103/><U58/><E96/><N who="2" m="59527" /><F130/><W32/><G32/><T93/><D27/><U69/><E51/><V106/><F106/><W110/><G110/><T74/><D7/><U55/><E15/><V8/><F120/><W123/><G123/><T45/><D41/><U60/><E11/><V116/><F116/><W4/><G4/><T91/><REACH who="0" step="1"/><D3/><REACH who="0" ten="298,376,157,159" step="2"/><U63/><E5/><V89/><F40/><N who="3" m="24679" /><G102/><T28/><D28/><U43/><E43/><V38/><F38/><W30/><G30/><T2/><D2/><U94/><E111/><V14/><F89/><N who="3" m="51367" /><G107/><T90/><D90/><U114/><E69/><V65/><F65/><W112/><G112/><T9/><D9/><AGARI ba="0,1" hai="9,13,18,37,39,132,134,135" m="51367,24679" machi="9" ten="30,2900,0" yaku="20,1,52,1" doraHai="77" who="3" fromWho="0" sc="298,-29,376,0,157,0,159,39" /><INIT seed="7,1,0,2,2,107" ten="269,376,157,198" oya="3" hai0="63,29,11,45,133,12,75,57,39,61,120,102,22" hai1="79,80,134,41,125,59,118,73,32,35,132,54,85" hai2="1,0,121,70,104,38,67,8,16,135,97,124,117" hai3="119,86,92,71,96,24,123,101,114,94,30,113,5"/><W93/><G71/><T127/><D75/><U122/><E122/><V13/><F117/><W47/><G123/><T66/><D120/><U44/><E85/><V37/><F121/><W95/><G119/><T99/><D133/><N who="1" m="51307" /><E125/><V116/><F135/><W33/><G5/><T62/><D45/><U7/><E7/><V52/><F116/><W112/><G47/><T68/><D68/><U111/><E111/><V6/><F124/><W108/><G108/><T40/><D40/><U69/><E69/><V64/><F0/><W48/><G48/><T28/><D22/><U27/><E27/><V83/><F83/><W87/><AGARI ba="1,0" hai="24,30,33,86,87,92,93,94,95,96,101,112,113,114" machi="87" ten="40,3900,0" yaku="0,1,15,1" doraHai="107" who="3" fromWho="3" sc="269,-14,376,-14,157,-14,198,42" /><INIT seed="7,2,0,4,0,61" ten="255,362,143,240" oya="3" hai0="74,54,49,101,97,16,86,64,104,0,34,40,48" hai1="80,12,92,31,4,70,22,110,108,44,15,7,19" hai2="68,2,18,122,42,25,52,71,73,103,35,66,57" hai3="127,88,77,9,120,87,93,85,121,33,126,89,98"/><W116/><G33/><T109/><D74/><U111/><E70/><V62/><F73/><W135/><G9/><T1/><D34/><U79/><E92/><V23/><F2/><W27/><G27/><T3/><D64/><U125/><E44/><V131/><F131/><W10/><G10/><T130/><D109/><U75/><E31/><V24/><F122/><N who="3" m="47211" /><G116/><T106/><D106/><U112/><E15/><V132/><F132/><W95/><G135/><T133/><D130/><U99/><E99/><V29/><F42/><W128/><G128/><T45/><D133/><U39/><E39/><V21/><F35/><W20/><G20/><T118/><D118/><U90/><E22/><V102/><REACH who="2" step="1"/><F71/><REACH who="2" ten="255,362,133,240" step="2"/><W117/><G117/><T43/><D3/><U6/><E75/><V56/><F56/><W83/><AGARI ba="2,1" hai="77,83,85,87,88,89,93,95,98,126,127" m="47211" machi="83" ten="30,6000,0" yaku="34,2,54,1" doraHai="61" who="3" fromWho="3" sc="255,-22,362,-22,133,-22,240,76" /><INIT seed="7,3,0,4,5,52" ten="233,340,111,316" oya="3" hai0="113,132,47,93,68,5,10,90,117,32,78,89,40" hai1="124,42,101,29,114,99,86,6,50,120,135,51,27" hai2="72,39,95,84,74,61,21,118,133,123,111,49,75" hai3="54,115,102,110,131,12,0,64,48,2,125,134,38"/><W83/><G38/><T9/><D117/><U20/><E120/><V130/><F61/><W69/><G110/><T106/><D106/><U79/><E42/><V28/><F28/><W105/><G131/><T31/><D68/><U26/><E6/><V41/><F41/><W65/><G134/><T100/><D78/><U122/><E26/><V11/><F11/><W126/><G83/><T71/><D71/><U66/><E86/><V91/><F39/><W19/><G102/><T60/><D60/><U35/><E79/><V98/><F21/><N who="3" m="11495" /><G105/><T62/><D62/><U30/><E99/><V121/><F49/><W23/><G23/><T81/><D81/><U18/><E101/><V87/><F118/><W34/><G115/><T13/><D10/><U103/><E135/><V58/><F133/><W76/><G76/><T108/><D108/><U17/><E114/><V1/><F1/><N who="3" m="619" /><G34/><T15/><D113/><U119/><E103/><V53/><F111/><W46/><G69/><T104/><D104/><U37/><E122/><N who="2" m="46603" /><F130/><W44/><G44/><T22/><D32/><U25/><E37/><V88/><F53/><W57/><G46/><T97/><D132/><U85/><E66/><V107/><F107/><W127/><AGARI ba="3,0" hai="48,54,57,64,65,125,126,127" m="619,11495" machi="127" ten="40,3900,0" yaku="18,1,52,1" doraHai="52" who="3" fromWho="3" sc="233,-16,340,-16,111,-16,316,48" owari="217,-18.0,324,12.0,95,-40.0,364,46.0" /></mjloggm>