<mjloggm ver="2.3"><GO type="169" lobby="0"/><UN n0="%67%69%6A%79%75%74%75" n1="%E3%81%8C%E3%82%8A%E3%81%8C%E3%82%8A%E2%98%86%E3%82%AC%E3%83%AA%E3%83%BC" n2="%E3%82%A6%E3%83%AB%E3%83%88%E3%83%A9%E7%AB%8B%E7%9B%B4" n3="%72%61%74%74%61%74%74%61" dan="16,16,17,17" rate="2191.05,2085.07,2118.56,2169.26" sx="M,M,M,M"/><TAIKYOKU oya="0"/><INIT seed="0,0,0,4,3,93" ten="250,250,250,250" oya="0" hai0="121,15,21,70,11,102,30,98,7,114,118,31,17" hai1="89,110,24,108,73,27,51,100,105,48,64,88,28" hai2="94,68,42,13,35,81,131,120,52,83,20,14,8" hai3="67,54,104,87,19,74,90,69,79,91,130,127,18"/><T65/><D121/><U38/><E38/><V16/><F68/><W46/><G69/><T25/><D114/><U109/><E73/><V129/><F120/><W132/><G67/><T33/><D118/><U96/><E64/><V57/><F42/><W63/><G104/><T1/><D30/><U49/><REACH who="1" step="1"/><E24/><REACH who="1" ten="250,240,250,250" step="2"/><V111/><F131/><W0/><G74/><T86/><D65/><U62/><E62/><V4/><F129/><W125/><G63/><T85/><REACH who="0" step="1"/><D70/><REACH who="0" ten="240,240,250,250" step="2"/><U2/><E2/><V47/><F111/><W113/><G0/><T39/><D39/><U106/><E106/><AGARI ba="0,2" hai="1,7,11,15,17,21,25,31,33,85,86,98,102,106" machi="106" ten="30,12000,1" yaku="1,1,7,1,24,2,52,1,53,0" doraHai="93" doraHaiUra="61" who="0" fromWho="1" sc="240,140,240,-120,250,0,250,0" /><INIT seed="0,1,0,4,5,91" ten="380,120,250,250" oya="0" hai0="2,46,128,79,41,111,25,1,89,104,122,6,134" hai1="131,114,48,117,112,36,82,121,78,116,97,26,77" hai2="49,22,86,100,107,123,69,101,50,3,71,124,35" hai3="109,30,127,72,102,73,88,84,13,23,85,58,57"/><T74/><D122/><U21/><E36/><V103/><F107/><W44/><G109/><T135/><D104/><U125/><E121/><V10/><F35/><W43/><G102/><T37/><D111/><U95/><E48/><V133/><F123/><W68/><G68/><T92/><D128/><U59/><E59/><V54/><F3/><W55/><G84/><T99/><D25/><U130/><E21/><V63/><F10/><W98/><G98/><T118/><D118/><N who="1" m="45675" /><E26/><V87/><F22/><W105/><G105/><T94/><D94/><U19/><E125/><V5/><F103/><W16/><G30/><T18/><D18/><U29/><E19/><V31/><F31/><W7/><G7/><T76/><D76/><N who="1" m="29291" /><E82/><V108/><F5/><W42/><G58/><T129/><D129/><N who="1" m="49163" /><E29/><V52/><F124/><W75/><G44/><T119/><D119/><U61/><E61/><V12/><F63/><W33/><G127/><T51/><D51/><U17/><E17/><V93/><F71/><W40/><G33/><T132/><REACH who="0" step="1"/><D6/><REACH who="0" ten="370,120,250,250" step="2"/><U70/><E70/><V53/><F49/><N who="3" m="30959" /><G73/><T20/><D20/><U34/><E34/><V115/><F69/><W28/><G28/><T0/><D0/><U83/><E83/><AGARI ba="1,1" hai="1,2,37,41,46,74,79,83,89,92,99,132,134,135" machi="83" ten="40,7700,0" yaku="1,1,20,1,52,1,53,0" doraHai="91" doraHaiUra="9" who="0" fromWho="1" sc="370,90,120,-80,250,0,250,0" /><INIT seed="0,2,0,2,3,134" ten="460,40,250,250" oya="0" hai0="68,90,37,17,95,127,8,16,23,119,97,21,48" hai1="32,61,27,99,94,47,93,18,74,40,49,19,87" hai2="0,29,88,62,108,115,89,12,106,110,72,22,28" hai3="135,91,111,20,60,132,35,92,6,44,50,129,38"/><T77/><D37/><U2/><E74/><V13/><F0/><W85/><G35/><T58/><D68/><U7/><E7/><V121/><F106/><W43/><G111/><T3/><D119/><U102/><E2/><V116/><F72/><W81/><G129/><T65/><D77/><U126/><E32/><V5/><F62/><W69/><G6/><T14/><D3/><U80/><E27/><V103/><F5/><W52/><G20/><T51/><D127/><U67/><E94/><V11/><F22/><W63/><G92/><T133/><D133/><N who="3" m="51273" /><G69/><T70/><D70/><U125/><E18/><V86/><F11/><W10/><G10/><T114/><D114/><U46/><E46/><AGARI ba="2,0" hai="38,43,44,46,50,52,60,63,81,85,91" m="51273" machi="46" ten="30,2000,0" yaku="20,1,54,1" doraHai="134" who="3" fromWho="1" sc="460,0,40,-26,250,0,250,26" /><INIT seed="1,0,0,5,4,81" ten="460,14,250,276" oya="1" hai0="119,57,84,67,72,60,44,49,122,112,118,78,93" hai1="129,75,26,11,0,97,52,14,110,45,94,58,35" hai2="105,64,124,83,27,69,6,126,18,133,39,106,104" hai3="41,43,63,87,100,114,115,48,47,31,70,109,55"/><U24/><E75/><V7/><F39/><W50/><G31/><T16/><D112/><U1/><E129/><V130/><F130/><W17/><G100/><T65/><D72/><U9/><E35/><V8/><F69/><W15/><G109/><T42/><D122/><U116/><E116/><V5/><F64/><W62/><G70/><T86/><D67/><U23/><E110/><V28/><F83/><W132/><G132/><T59/><D59/><U90/><E45/><V19/><F133/><W3/><G3/><T20/><D78/><U99/><E99/><V2/><F2/><W127/><G127/><N who="2" m="48681" /><F8/><N who="3" m="6375" /><G115/><T29/><D29/><U113/><E113/><V82/><F82/><W134/><G134/><T79/><D79/><U34/><E34/><AGARI ba="0,0" hai="5,6,7,18,19,27,28,34,104,105,106" m="48681" machi="34" ten="40,1300,0" yaku="18,1" doraHai="81" who="2" fromWho="1" sc="460,0,14,-13,250,13,276,0" /><INIT seed="2,0,0,0,4,81" ten="460,1,263,276" oya="2" hai0="39,91,49,85,92,83,54,63,26,40,0,58,94" hai1="34,19,69,1,47,48,77,103,29,35,7,123,128" hai2="71,132,110,55,108,14,130,20,22,70,33,96,50" hai3="15,114,24,5,46,135,74,6,45,3,38,9,82"/><V32/><F96/><W106/><G106/><T56/><D0/><U105/><E128/><V13/><F130/><W72/><G135/><T53/><D39/><U127/><E69/><V90/><F90/><W93/><G114/><T16/><D40/><U41/><E29/><V101/><F101/><W89/><G24/><T37/><D37/><U126/><E77/><V28/><F28/><W43/><G46/><T66/><D66/><U44/><E123/><V104/><F104/><W2/><G15/><T112/><D112/><U73/><E73/><V18/><F132/><W87/><G93/><T52/><D53/><U118/><E118/><V100/><F100/><W99/><G99/><T84/><D85/><U78/><E78/><V88/><F88/><W42/><G43/><T76/><D91/><U36/><E103/><V59/><F20/><AGARI ba="0,0" hai="16,20,26,49,52,54,56,58,63,76,83,84,92,94" machi="20" ten="40,8000,1" yaku="8,1,52,1,54,2" doraHai="81" who="0" fromWho="2" sc="460,80,1,0,263,-80,276,0" /><INIT seed="3,0,0,4,2,4" ten="540,1,183,276" oya="3" hai0="0,87,29,34,21,51,14,88,66,113,56,10,102" hai1="114,18,122,78,86,50,33,104,116,95,76,73,129" hai2="82,77,100,84,131,124,125,101,135,65,59,130,26" hai3="16,44,69,128,62,90,48,92,1,46,9,75,30"/><W67/><G75/><T43/><D102/><N who="2" m="39530" /><F59/><W134/><G30/><T45/><D113/><U79/><E104/><V32/><F65/><W25/><G128/><N who="2" m="49193" /><F26/><W17/><G134/><T12/><D34/><U6/><E33/><V112/><F32/><W55/><G46/><T36/><D0/><U109/><E129/><V117/><F117/><W106/><G106/><T85/><D36/><U81/><E116/><V23/><F23/><W2/><G17/><N who="0" m="10423" /><D29/><U121/><E114/><V91/><F112/><W94/><G94/><N who="0" m="54543" /><D87/><U57/><E121/><V13/><F13/><W37/><G37/><T118/><D118/><U27/><E122/><V19/><F19/><W3/><G25/><T5/><D56/><U54/><E27/><V120/><F120/><W15/><REACH who="3" step="1"/><G1/><REACH who="3" ten="540,1,183,266" step="2"/><T115/><D115/><U7/><E73/><N who="2" m="43311" /><F135/><W64/><G64/><AGARI ba="0,1" hai="5,10,12,43,45,51,64,66" m="54543,10423" machi="64" ten="30,3900,0" yaku="8,1,52,1,54,1" doraHai="4" who="0" fromWho="3" sc="540,49,1,0,183,0,266,-39" /><INIT seed="4,0,0,1,0,82" ten="589,1,183,227" oya="0" hai0="46,103,52,79,21,8,106,61,94,71,99,112,33" hai1="118,49,28,68,56,17,130,64,85,48,75,4,9" hai2="14,65,86,18,50,133,7,39,109,123,51,13,81" hai3="60,2,135,5,74,117,131,16,0,90,20,93,25"/><T113/><D33/><U40/><E118/><V72/><F72/><W132/><G117/><T116/><D116/><U114/><E75/><V125/><F109/><W29/><G74/><T128/><D79/><U1/><E68/><V15/><F39/><W36/><G36/><T44/><D128/><U111/><E111/><V104/><F104/><W41/><G41/><T66/><D21/><U23/><E130/><V67/><F123/><W37/><G37/><T27/><D27/><N who="1" m="16511" /><E1/><V34/><F34/><W53/><G131/><T110/><D110/><U88/><E4/><V108/><F108/><W19/><G19/><T42/><D42/><U124/><E40/><V96/><F7/><W69/><G29/><T30/><D30/><U31/><E31/><V35/><F18/><W45/><G45/><T119/><D119/><U58/><E124/><V63/><F35/><W76/><G76/><T134/><D106/><U77/><E77/><V59/><F125/><W55/><G69/><T121/><D121/><U24/><E114/><V129/><F129/><W91/><G5/><T3/><D71/><U87/><E64/><V43/><F67/><W26/><G20/><T105/><D66/><U6/><E24/><V57/><F43/><W89/><G26/><T122/><D122/><U78/><E17/><V101/><F65/><W73/><G16/><T22/><D112/><U97/><E97/><V11/><F13/><W127/><G127/><T107/><D99/><U38/><E38/><V126/><F96/><W120/><G120/><T84/><D113/><U100/><E78/><V98/><F126/><RYUUKYOKU ba="0,0" sc="589,0,1,0,183,0,227,0" /><INIT seed="5,1,0,5,2,33" ten="589,1,183,227" oya="1" hai0="118,70,22,125,62,116,85,130,97,52,63,44,45" hai1="113,59,6,106,12,19,68,48,135,78,21,25,108" hai2="30,75,109,92,93,64,89,40,26,82,49,35,128" hai3="95,67,28,80,39,17,53,37,16,120,133,66,104"/><U73/><E68/><V124/><F109/><W61/><G104/><T126/><D85/><U96/><E108/><V90/><F64/><W122/><G28/><T8/><D97/><U15/><E113/><V79/><F128/><W105/><G53/><T94/><D94/><U14/><E135/><V127/><F49/><W102/><G105/><T76/><D76/><U98/><E106/><V69/><F40/><W9/><G9/><T83/><D83/><U110/><E110/><V3/><F3/><W46/><G46/><T123/><D22/><U91/><E6/><V11/><F11/><W117/><G61/><T38/><D8/><U114/><E114/><V134/><F69/><W7/><G7/><T131/><D70/><U115/><E115/><V84/><F134/><W74/><G133/><T77/><D77/><U27/><E91/><V121/><REACH who="2" step="1"/><F121/><REACH who="2" ten="589,1,173,227" step="2"/><W54/><G120/><T71/><D71/><U31/><E73/><V42/><F42/><W119/><G74/><T29/><D123/><U111/><E111/><V112/><F112/><W129/><G122/><T18/><D131/><U51/><E78/><V99/><AGARI ba="1,1" hai="26,30,35,75,79,82,84,89,90,92,93,99,124,127" machi="99" ten="30,4000,0" yaku="1,1,0,1,53,1" doraHai="33" doraHaiUra="23" who="2" fromWho="2" sc="589,-11,1,-21,173,53,227,-11" owari="578,67.0,-20,-52.0,226,3.0,216,-18.0" /></mjloggm>