<mjloggm ver="2.3"><GO type="169" lobby="0"/><UN n0="%E3%81%86%E3%81%83%E3%83%BC%E3%81%A1%E3%82%83%E3%82%93" n1="%67%6F%73%68%69%6B%6B%75" n2="%E3%81%84%E3%81%9F%E3%83%92%E3%83%AD" n3="%E3%83%88%E3%83%88%E3%83%AA%E5%85%88%E7%94%9F%31%39%E6%AD%B3" dan="17,17,16,19" rate="2201.62,2179.23,2162.33,2282.74" sx="M,F,M,F"/><TAIKYOKU oya="0"/><INIT seed="0,0,0,3,4,52" ten="250,250,250,250" oya="0" hai0="41,102,38,90,108,119,58,83,105,27,85,92,49" hai1="130,132,10,129,120,51,112,74,69,67,72,19,86" hai2="0,117,104,73,35,11,135,115,8,32,93,113,126" hai3="61,59,98,25,121,9,106,76,96,36,70,75,40"/><T84/><D119/><U128/><E120/><V16/><F93/><W6/><G70/><T50/><D38/><U18/><E132/><V114/><F104/><W101/><G121/><T53/><D108/><U71/><E112/><V55/><F73/><N who="1" m="28265" /><E67/><V2/><F55/><W48/><G98/><T66/><D105/><U81/><E51/><V68/><F68/><N who="1" m="26185" /><E10/><N who="2" m="3627" /><F135/><W77/><G48/><T103/><D27/><U88/><AGARI ba="0,0" hai="18,19,81,86,88,128,129,130" m="26185,28265" machi="88" ten="40,2700,0" yaku="19,1,54,1" doraHai="52" who="1" fromWho="1" sc="250,-13,250,27,250,-7,250,-7" /><INIT seed="1,0,0,2,1,84" ten="237,277,243,243" oya="1" hai0="87,104,54,39,2,40,90,97,19,63,17,10,11" hai1="42,120,23,3,98,92,135,100,34,12,59,117,82" hai2="58,25,85,76,29,116,45,110,53,52,62,22,72" hai3="89,44,50,102,124,20,74,15,107,68,125,28,112"/><U14/><E3/><V75/><F116/><W128/><G112/><T129/><D129/><U0/><E0/><V8/><F110/><W91/><G68/><T69/><D40/><U122/><E34/><V37/><F37/><W133/><G74/><T36/><D97/><U24/><E117/><V95/><F75/><W5/><G128/><T111/><D104/><U103/><E103/><V99/><F72/><W70/><G70/><T57/><D69/><U94/><E135/><V71/><F71/><W4/><G133/><T67/><D111/><U88/><E82/><V1/><F1/><W119/><G119/><T60/><D36/><U41/><E59/><V64/><F8/><W43/><G102/><T46/><D39/><U6/><E122/><V86/><F45/><W126/><G107/><T9/><D2/><U83/><E83/><N who="2" m="47335" /><F86/><W55/><G43/><N who="1" m="16394" /><E6/><N who="3" m="2666" /><G15/><T38/><D38/><U108/><E120/><V114/><F114/><W79/><G79/><T51/><REACH who="0" step="1"/><D63/><REACH who="0" ten="227,277,243,243" step="2"/><U33/><E108/><V109/><F109/><W131/><G131/><T134/><D134/><U35/><E33/><V132/><F132/><W16/><G126/><T127/><D127/><U121/><E35/><V106/><F106/><W65/><G125/><T118/><D118/><U13/><E121/><V66/><F62/><W81/><G124/><T27/><D27/><U96/><E24/><V18/><F99/><W30/><G44/><T21/><D21/><AGARI ba="0,1" hai="12,13,14,21,23,88,92,94,96,98,100" m="16394" machi="21" ten="30,5800,0" yaku="8,1,52,1,54,1" doraHai="84" who="1" fromWho="0" sc="227,-58,277,68,243,0,243,0" /><INIT seed="1,1,0,4,0,16" ten="169,345,243,243" oya="1" hai0="83,49,120,113,110,87,105,111,35,99,50,84,81" hai1="126,2,116,128,129,72,54,97,9,75,28,66,46" hai2="71,85,101,98,37,68,40,33,53,67,59,124,107" hai3="91,18,80,96,47,20,133,95,130,19,44,56,43"/><U38/><E116/><V102/><F102/><W24/><G130/><N who="1" m="50282" /><E66/><V79/><F33/><W103/><G133/><T8/><D8/><U114/><E28/><V52/><F124/><W22/><G56/><T112/><D99/><U134/><E114/><N who="0" m="44137" /><D35/><U123/><E123/><V63/><F53/><W127/><G127/><T104/><D49/><N who="1" m="28983" /><E134/><V36/><F71/><W89/><G80/><N who="0" m="30795" /><D50/><U76/><E38/><V118/><F118/><W131/><G131/><T1/><D1/><U78/><E97/><V27/><F85/><N who="0" m="32842" /><D120/><U17/><E126/><V30/><F79/><N who="1" m="30249" /><E2/><V117/><F117/><W13/><REACH who="3" step="1"/><G47/><REACH who="3" ten="169,345,243,233" step="2"/><T41/><D41/><U57/><E57/><V73/><F40/><W39/><AGARI ba="1,1" hai="13,18,19,20,22,24,39,43,44,89,91,95,96,103" machi="39" ten="20,12000,2" yaku="1,1,2,1,0,1,7,1,52,2,53,0" doraHai="16" doraHaiUra="25" who="3" fromWho="3" sc="169,-31,345,-61,243,-31,233,133" /><INIT seed="2,0,0,3,3,73" ten="138,284,212,366" oya="2" hai0="120,29,133,70,59,74,89,76,81,71,30,119,23" hai1="6,36,62,66,85,135,124,16,21,25,7,39,110" hai2="118,37,96,75,130,0,97,22,48,8,35,116,117" hai3="33,51,77,84,3,61,121,18,19,12,72,106,58"/><V125/><F35/><W69/><G121/><T109/><D120/><U34/><E110/><V28/><F37/><W46/><G106/><T53/><D109/><U43/><E124/><V27/><F75/><W15/><G72/><T60/><D119/><U5/><E135/><V102/><F125/><W20/><G33/><T45/><D133/><U86/><E34/><V92/><F130/><W57/><G3/><T94/><D45/><U101/><E101/><V42/><F42/><W95/><G69/><T10/><D10/><U112/><E112/><V26/><F48/><W38/><G38/><T78/><D78/><U123/><E123/><V114/><F27/><W98/><G77/><T54/><D54/><U56/><E43/><V63/><F114/><W122/><G84/><T127/><D127/><U91/><REACH who="1" step="1"/><E85/><REACH who="1" ten="138,274,212,366" step="2"/><V49/><F102/><W17/><G122/><T99/><REACH who="0" step="1"/><D23/><REACH who="0" ten="128,274,212,366" step="2"/><U41/><E41/><V107/><F22/><W11/><G20/><T104/><D104/><U87/><E87/><V113/><F107/><W131/><G131/><T24/><D24/><U88/><E88/><V90/><F90/><W111/><G111/><T44/><D44/><U52/><E52/><V93/><F26/><W126/><G46/><T132/><D132/><U13/><E13/><V2/><F118/><W68/><G126/><T105/><D105/><U83/><AGARI ba="0,2" hai="5,6,7,16,21,25,36,39,56,62,66,83,86,91" machi="83" ten="30,4000,0" yaku="1,1,0,1,54,1,53,0" doraHai="73" doraHaiUra="103" who="1" fromWho="1" sc="128,-10,274,60,212,-20,366,-10" /><INIT seed="3,0,0,2,5,34" ten="118,334,192,356" oya="3" hai0="44,0,22,80,29,90,127,59,62,75,72,63,105" hai1="18,49,65,37,117,130,71,11,79,124,123,35,82" hai2="27,57,76,12,114,52,42,41,73,122,112,135,102" hai3="60,119,6,97,89,93,83,17,58,108,55,132,103"/><W107/><G119/><T88/><D105/><U68/><E37/><V54/><F102/><W45/><G132/><T43/><D127/><U5/><E35/><V13/><F27/><W94/><G108/><T106/><D106/><U84/><E123/><V8/><F135/><W91/><G6/><T120/><D120/><U53/><E130/><V50/><F122/><W19/><G83/><T28/><D22/><U24/><E124/><V16/><F73/><W100/><G107/><T74/><D0/><U133/><E65/><V113/><F76/><W134/><G134/><T2/><D2/><U32/><E117/><V51/><REACH who="2" step="1"/><F13/><REACH who="2" ten="118,334,182,356" step="2"/><W9/><G100/><T30/><D80/><U98/><E79/><V15/><F15/><W4/><G103/><T85/><D85/><U118/><E24/><V67/><F67/><W128/><G128/><T61/><REACH who="0" step="1"/><D59/><AGARI ba="0,1" hai="8,12,16,41,42,50,51,52,54,57,59,112,113,114" machi="59" ten="40,8000,1" yaku="1,1,9,1,54,2,53,1" doraHai="34" doraHaiUra="10" who="2" fromWho="0" sc="118,-80,334,0,182,90,356,0" /><INIT seed="4,0,0,3,4,92" ten="38,334,272,356" oya="0" hai0="0,135,19,54,87,3,123,74,52,121,15,5,128" hai1="86,18,43,40,80,91,125,22,84,129,28,133,24" hai2="4,34,10,108,126,11,2,90,48,45,83,1,124" hai3="27,127,110,106,81,97,94,68,38,12,101,58,57"/><T17/><D74/><U41/><E125/><N who="2" m="48235" /><F34/><W51/><G110/><T35/><D35/><U37/><E37/><V61/><F61/><W118/><G38/><T46/><D15/><U50/><E129/><V114/><F114/><W115/><G118/><T66/><D87/><U76/><E133/><V88/><F108/><W93/><G68/><T73/><D46/><U100/><E100/><V122/><F122/><W111/><G111/><T21/><D21/><U116/><E116/><V82/><F82/><W39/><G39/><T56/><D73/><U132/><E132/><V42/><F83/><W30/><G115/><T71/><D56/><U31/><REACH who="1" step="1"/><E50/><REACH who="1" ten="38,324,272,356" step="2"/><V72/><F72/><W131/><G101/><T75/><D135/><U104/><E104/><V85/><F85/><W36/><G106/><T7/><D75/><U26/><E26/><V67/><F67/><W20/><G51/><T47/><D66/><U117/><E117/><V53/><F53/><W120/><G36/><T44/><REACH who="0" step="1"/><D128/><REACH who="0" ten="28,324,272,356" step="2"/><U107/><E107/><V55/><F55/><W78/><G131/><T63/><D63/><U9/><E9/><V33/><F11/><W59/><G127/><T134/><D134/><U14/><E14/><V29/><F1/><W98/><G12/><T112/><D112/><U103/><E103/><V99/><F10/><W119/><G119/><T70/><AGARI ba="0,2" hai="0,3,5,7,17,19,44,47,52,54,70,71,121,123" machi="70" ten="25,12000,1" yaku="1,1,0,1,22,2,54,1,53,0" doraHai="92" doraHaiUra="105" who="0" fromWho="0" sc="28,140,324,-40,272,-40,356,-40" /><INIT seed="4,1,0,0,2,107" ten="168,284,232,316" oya="0" hai0="135,42,89,95,48,44,59,4,76,52,104,113,46" hai1="53,118,56,38,18,72,60,67,122,2,0,98,34" hai2="125,35,28,99,10,27,126,19,65,66,112,121,8" hai3="23,74,88,124,54,64,14,55,73,92,31,26,21"/><T49/><D104/><U68/><E38/><V106/><F121/><W3/><G3/><T110/><D110/><U82/><E118/><V109/><F109/><W101/><G124/><T63/><D113/><U20/><E34/><V7/><F112/><W39/><G39/><T97/><D135/><U116/><E116/><V105/><F19/><W86/><G64/><T114/><D114/><U128/><E128/><V134/><F134/><W133/><G133/><T5/><REACH who="0" step="1"/><D76/><REACH who="0" ten="158,284,232,316" step="2"/><U81/><E122/><V30/><F106/><W51/><G101/><T83/><D83/><U22/><E82/><V91/><F105/><W61/><G61/><T57/><D57/><U96/><E81/><V13/><F126/><W131/><G131/><T62/><D62/><U132/><E56/><V71/><F125/><W58/><G55/><AGARI ba="1,1" hai="4,5,42,44,46,48,49,52,55,59,63,89,95,97" machi="55" ten="30,18000,2" yaku="1,1,7,1,8,1,54,1,53,2" doraHai="107" doraHaiUra="43" who="0" fromWho="3" sc="158,193,284,0,232,0,316,-183" /><INIT seed="4,2,0,4,3,45" ten="351,284,232,133" oya="0" hai0="132,91,92,3,13,125,69,104,85,8,120,20,72" hai1="32,130,56,23,121,74,73,78,21,6,94,119,126" hai2="82,7,30,116,102,10,98,22,64,90,40,42,115" hai3="0,16,18,100,118,108,133,55,112,54,58,14,106"/><T11/><D69/><U122/><E119/><V101/><F115/><W36/><G108/><T80/><D120/><U29/><E32/><V1/><F64/><W96/><G118/><T61/><D125/><U62/><E130/><V28/><F116/><W33/><G0/><T127/><D127/><U47/><E6/><V41/><F22/><W39/><G112/><T57/><D104/><U129/><E47/><V34/><F34/><W88/><G33/><T79/><D132/><U12/><E129/><V111/><F111/><W50/><G133/><T75/><D75/><U19/><E74/><V131/><F131/><W87/><G55/><T46/><D46/><U66/><E126/><V35/><F35/><W26/><G26/><T2/><D20/><U110/><E110/><V123/><F123/><W77/><G77/><T124/><D8/><U53/><E53/><V65/><F65/><W52/><G54/><T9/><D9/><U97/><E78/><V25/><F25/><W38/><REACH who="3" step="1"/><G14/><REACH who="3" ten="351,284,232,123" step="2"/><T70/><D124/><U109/><E109/><V89/><F1/><W49/><G49/><T81/><D3/><U4/><E122/><V107/><F41/><W43/><G43/><T31/><D2/><U114/><E114/><V95/><F42/><W63/><G63/><T24/><D61/><U105/><E12/><V103/><F40/><W83/><AGARI ba="2,1" hai="16,18,36,38,39,50,52,58,83,87,88,96,100,106" machi="83" ten="30,12000,2" yaku="1,1,0,1,52,1,54,3,53,1" doraHai="45" doraHaiUra="84" who="3" fromWho="3" sc="351,-62,284,-32,232,-32,123,136" /><INIT seed="5,0,0,1,0,38" ten="289,252,200,259" oya="1" hai0="24,102,93,20,99,103,79,123,33,31,105,106,58" hai1="56,37,36,23,84,97,32,59,100,25,77,48,110" hai2="57,22,80,113,132,89,128,27,126,109,9,12,92" hai3="82,62,124,21,14,85,66,1,107,40,101,45,70"/><U13/><E110/><V0/><F0/><W98/><G1/><T67/><D123/><U5/><E32/><V39/><F39/><W35/><G35/><T78/><D33/><U3/><E3/><V69/><F69/><W53/><G124/><T117/><D117/><U122/><E122/><V15/><F109/><W65/><G14/><T41/><D41/><U116/><E116/><V87/><F126/><W54/><G21/><T71/><D71/><U46/><E37/><V55/><F132/><W74/><G66/><T129/><D129/><U76/><E36/><V75/><F128/><W95/><G74/><T118/><D118/><U19/><E77/><V114/><F75/><W50/><REACH who="3" step="1"/><G107/><REACH who="3" ten="289,252,200,249" step="2"/><T6/><D106/><U26/><E13/><V120/><F120/><W127/><G127/><T121/><D121/><U134/><E25/><V96/><F9/><W131/><G131/><T83/><D105/><U61/><E26/><V18/><F114/><W51/><G51/><T68/><D24/><U34/><E48/><V2/><F113/><W47/><G47/><T28/><D20/><U72/><E46/><V44/><F44/><W130/><G130/><T94/><D67/><U133/><E23/><V10/><F10/><W43/><G43/><T7/><D28/><U111/><E34/><V16/><F2/><W60/><G60/><T108/><D31/><U104/><E61/><N who="2" m="36031" /><F18/><W86/><G86/><T91/><D108/><U8/><E111/><V52/><F52/><W73/><G73/><T88/><D6/><U17/><E72/><V49/><F49/><W90/><AGARI ba="0,1" hai="40,45,50,53,54,62,65,70,82,85,90,95,98,101" machi="90" ten="20,8000,1" yaku="1,1,5,1,0,1,7,1,52,1,53,0" doraHai="38" doraHaiUra="115" who="3" fromWho="3" sc="289,-20,252,-40,200,-20,249,90" /><INIT seed="6,0,0,5,1,62" ten="269,212,180,339" oya="2" hai0="47,9,54,16,81,97,69,94,98,34,104,85,63" hai1="50,48,4,75,129,8,117,89,43,57,120,49,76" hai2="118,65,29,55,82,119,86,122,53,25,113,45,124" hai3="116,108,7,114,56,88,87,19,67,135,1,125,15"/><V30/><F122/><W131/><G108/><T44/><D34/><U60/><E117/><V26/><F113/><W93/><G116/><T109/><D104/><U61/><E129/><V107/><F107/><W96/><G131/><T123/><D109/><U111/><E111/><V39/><F39/><W110/><G110/><T73/><D73/><U35/><E35/><V13/><F13/><W79/><G114/><T106/><D106/><U12/><E120/><V102/><F102/><W37/><G37/><T28/><D28/><U134/><E134/><V64/><F45/><W58/><G125/><T121/><D97/><U21/><E75/><V38/><F38/><W40/><G40/><T11/><D44/><U36/><E76/><V52/><F55/><W68/><G135/><T2/><D2/><U72/><E72/><V105/><F105/><W41/><G41/><T27/><D47/><U133/><E133/><V115/><F115/><W103/><G79/><T101/><D123/><U17/><E57/><V6/><F6/><W130/><G130/><T31/><D69/><U112/><E112/><V59/><F59/><W84/><G84/><T33/><D85/><U128/><E128/><V14/><F14/><W18/><G1/><T23/><D121/><U99/><E43/><V90/><F86/><W5/><G58/><T91/><D54/><U20/><E36/><V3/><F3/><W127/><G56/><T100/><D63/><N who="1" m="24139" /><E4/><V10/><F10/><N who="3" m="4575" /><G5/><T70/><D70/><U46/><E46/><V42/><F42/><W71/><G71/><T95/><D11/><U22/><E8/><RYUUKYOKU ba="0,0" sc="269,-10,212,30,180,-10,339,-10" hai1="12,17,20,21,22,48,49,50,89,99" /><INIT seed="7,1,0,4,5,2" ten="259,242,170,329" oya="3" hai0="29,40,115,11,30,58,46,103,118,32,60,86,108" hai1="111,82,27,48,107,4,122,81,12,49,113,65,44" hai2="101,5,69,95,130,135,20,18,106,98,134,84,34" hai3="45,68,87,3,31,61,36,109,0,16,10,19,119"/><W28/><G119/><T22/><D32/><U9/><E122/><V52/><F69/><W80/><G109/><T23/><D108/><U125/><E113/><V89/><F34/><W25/><G31/><T117/><D115/><U56/><E107/><V1/><F130/><W26/><G26/><T123/><D123/><U63/><E125/><V7/><F1/><W67/><G36/><T105/><D105/><U14/><E111/><V70/><F70/><W73/><G73/><T110/><D103/><U114/><E114/><V104/><F106/><W121/><G121/><T42/><D86/><U91/><E14/><V24/><F52/><W55/><G45/><T13/><D46/><U116/><E116/><V51/><F51/><W33/><G55/><T126/><D110/><U128/><E128/><V15/><F24/><W120/><G120/><T129/><D129/><U132/><E132/><AGARI ba="1,0" hai="5,7,15,18,20,84,89,95,98,101,104,132,134,135" machi="132" ten="40,5200,0" yaku="20,1,52,2" doraHai="2" who="2" fromWho="1" sc="259,0,242,-55,170,55,329,0" owari="259,6.0,187,-31.0,225,-17.0,329,42.0" /></mjloggm>