<mjloggm ver="2.3"><GO type="169" lobby="0"/><UN n0="%70%6F%77%74%65%72" n1="%E5%A4%96%E9%81%93" n2="%E5%B0%B1%E6%B4%BB%E7%94%9F%40%E5%B7%9D%E6%9D%91%E8%BB%8D%E5%9B%A3" n3="%E5%BE%A9%E8%AE%90%E3%81%A1%E3%82%83%E3%82%93" dan="16,17,17,17" rate="2040.43,2148.98,2160.23,2214.71" sx="M,M,M,F"/><TAIKYOKU oya="0"/><INIT seed="0,0,0,4,4,121" ten="250,250,250,250" oya="0" hai0="80,104,71,132,46,97,135,108,95,119,24,49,102" hai1="39,0,126,53,109,75,63,66,123,67,41,74,128" hai2="48,94,68,59,98,93,50,130,18,40,131,69,91" hai3="65,106,2,113,31,5,110,100,129,19,57,37,99"/><T34/><D71/><U14/><E0/><V51/><F40/><W115/><G37/><T13/><D119/><U77/><E123/><V3/><F3/><W61/><G129/><N who="2" m="49161" /><F59/><W15/><G31/><T30/><D80/><U72/><E77/><V27/><F94/><W52/><G5/><T60/><D60/><U127/><E14/><V83/><F83/><W62/><G2/><T29/><D29/><U76/><E76/><V16/><F27/><W87/><G87/><T134/><D13/><U58/><E41/><V124/><F124/><W33/><G33/><T25/><D25/><U12/><E12/><V116/><F116/><W84/><G84/><T79/><D79/><U85/><E85/><V9/><F9/><W11/><REACH who="3" step="1"/><G110/><REACH who="3" ten="250,250,250,240" step="2"/><T89/><D108/><U20/><E109/><V111/><F111/><W4/><G4/><T43/><REACH who="0" step="1"/><D135/><REACH who="0" ten="240,250,250,240" step="2"/><U105/><E127/><V92/><F18/><W90/><G90/><T17/><D17/><U35/><E126/><V7/><F7/><W8/><G8/><T1/><D1/><U55/><E128/><V96/><F16/><W38/><G38/><T86/><AGARI ba="0,2" hai="24,30,34,43,46,49,86,89,95,97,102,104,132,134" machi="86" ten="30,3000,0" yaku="1,1,0,1,53,0" doraHai="121" doraHaiUra="73" who="0" fromWho="0" sc="240,50,250,-10,250,-10,240,-10" /><INIT seed="0,1,0,3,5,54" ten="290,240,240,230" oya="0" hai0="76,122,95,90,8,3,112,72,116,48,15,69,126" hai1="56,130,55,117,135,105,39,25,111,109,70,47,132" hai2="52,45,94,61,98,34,53,40,17,64,18,80,107" hai3="131,100,89,104,68,83,66,7,58,23,63,2,14"/><T0/><D112/><U12/><E105/><V115/><F34/><W37/><G37/><T21/><D116/><U13/><E117/><V10/><F107/><W110/><G2/><T36/><D36/><U16/><E70/><V28/><F28/><W9/><G131/><T81/><D122/><U91/><E91/><V49/><F80/><W103/><G110/><N who="1" m="41994" /><E130/><V125/><F125/><W93/><G104/><T118/><D118/><U44/><E25/><V84/><F84/><W20/><G83/><T88/><D126/><U119/><E13/><V113/><F53/><W123/><G68/><T73/><D69/><U1/><E1/><V67/><F67/><W120/><G120/><T59/><D73/><U114/><E114/><V133/><F40/><W51/><G51/><T71/><D71/><U41/><E47/><V43/><F43/><W82/><G82/><T6/><D90/><U50/><E119/><V75/><F75/><W27/><G123/><T97/><REACH who="0" step="1"/><D21/><AGARI ba="1,0" hai="12,16,21,39,41,44,50,55,56,132,135" m="41994" machi="21" ten="30,3900,0" yaku="14,1,52,1,54,1" doraHai="54" who="1" fromWho="0" sc="290,-42,240,42,240,0,230,0" /><INIT seed="1,0,0,2,0,115" ten="248,282,240,230" oya="1" hai0="75,83,71,20,16,116,38,1,50,74,29,95,132" hai1="114,30,62,96,56,105,17,123,37,124,54,122,18" hai2="80,40,27,9,19,108,97,73,79,91,61,14,24" hai3="111,28,42,13,60,134,121,98,49,129,33,104,63"/><U25/><E114/><V11/><F108/><W78/><G111/><T77/><D38/><U127/><E37/><V135/><F135/><W53/><G134/><T69/><D132/><U44/><E44/><V93/><F40/><W87/><G42/><T41/><D116/><U84/><E84/><V90/><F11/><W64/><G121/><T5/><D75/><U128/><E128/><V66/><REACH who="2" step="1"/><F90/><REACH who="2" ten="248,282,230,230" step="2"/><W72/><G129/><T118/><D41/><U109/><E123/><V106/><F106/><W68/><G78/><T35/><D77/><U119/><E122/><V133/><F133/><W86/><G72/><T12/><D74/><U82/><E109/><V113/><F113/><W6/><G104/><T99/><D1/><U85/><E105/><V26/><F26/><W67/><G98/><T51/><D99/><U22/><E96/><V76/><F76/><W10/><G87/><T102/><D102/><U100/><E100/><V15/><F15/><W107/><G86/><T34/><D12/><U21/><E85/><V46/><F46/><W131/><G107/><T110/><D110/><U59/><E25/><V57/><AGARI ba="0,1" hai="9,14,19,24,27,57,61,66,73,79,80,91,93,97" machi="57" ten="20,5200,0" yaku="1,1,0,1,7,1,53,1" doraHai="115" doraHaiUra="52" who="2" fromWho="2" sc="248,-13,282,-26,230,62,230,-13" /><INIT seed="2,0,0,5,1,108" ten="235,256,292,217" oya="2" hai0="83,86,23,11,6,107,56,76,32,115,87,128,57" hai1="109,95,123,42,0,37,132,74,30,91,52,34,41" hai2="68,54,4,36,19,92,133,27,28,53,99,98,102" hai3="81,90,50,121,26,8,14,103,119,70,35,64,125"/><V2/><F36/><W59/><G119/><T124/><D32/><U131/><E74/><V40/><F68/><W45/><G121/><T3/><D128/><U25/><E0/><V18/><F40/><W55/><G125/><T96/><D124/><U48/><E109/><V116/><F116/><W61/><G103/><T60/><D115/><U127/><E127/><V77/><F77/><W15/><G35/><T122/><D122/><U75/><E75/><V62/><F133/><W17/><G26/><T111/><D111/><U24/><E132/><V101/><F4/><W51/><G51/><T110/><D110/><U31/><E131/><V129/><F2/><W88/><G70/><T84/><D56/><U44/><E37/><V78/><F78/><W130/><G130/><T43/><D43/><U7/><E7/><V135/><F135/><W12/><G90/><T21/><D21/><U94/><E94/><V1/><F1/><W118/><G118/><T113/><D113/><U63/><E63/><V100/><F100/><W10/><G8/><T38/><D38/><U93/><E93/><V112/><F112/><W65/><G64/><N who="0" m="38927" /><D23/><U89/><E89/><V9/><F9/><W47/><G47/><T117/><D117/><U20/><REACH who="1" step="1"/><E123/><REACH who="1" ten="235,246,292,217" step="2"/><V79/><F129/><W33/><G33/><T85/><D107/><U72/><E72/><V58/><F79/><W71/><G71/><T120/><D120/><U126/><E126/><V67/><F101/><W46/><G46/><T13/><D3/><U5/><E5/><V82/><F102/><W73/><G73/><T29/><D96/><AGARI ba="0,1" hai="20,24,25,30,31,34,41,42,44,48,52,91,95,96" machi="96" ten="30,12000,2" yaku="1,1,6,1,7,1,54,1,53,2" doraHai="108" doraHaiUra="22" who="1" fromWho="0" sc="235,-120,246,130,292,0,217,0" /><INIT seed="3,0,0,2,0,1" ten="115,376,292,217" oya="3" hai0="60,22,112,88,49,31,84,30,123,69,130,43,28" hai1="20,132,134,32,53,89,41,122,64,29,120,107,40" hai2="6,114,59,102,14,105,111,55,25,82,94,96,50" hai3="52,121,15,17,90,4,104,85,47,87,109,12,103"/><W61/><G121/><T36/><D123/><U58/><E64/><V33/><F114/><W39/><G39/><T26/><D130/><U68/><E68/><V126/><F126/><W79/><G109/><T73/><D73/><U127/><E32/><V124/><F124/><W92/><G104/><T83/><D112/><U23/><E107/><V125/><F125/><W110/><G110/><T54/><D36/><U27/><E127/><V117/><F117/><W37/><G37/><T115/><D115/><U97/><E23/><V57/><F57/><N who="3" m="34983" /><G103/><T67/><REACH who="0" step="1"/><D43/><REACH who="0" ten="105,376,292,217" step="2"/><U35/><E40/><V95/><F111/><W56/><G56/><AGARI ba="0,1" hai="22,26,28,30,31,49,54,56,60,67,69,83,84,88" machi="56" ten="30,8000,1" yaku="1,1,2,1,7,1,54,1,53,1" doraHai="1" doraHaiUra="66" who="0" fromWho="3" sc="105,90,376,0,292,0,217,-80" /><INIT seed="4,0,0,2,5,86" ten="195,376,292,137" oya="0" hai0="118,104,57,21,102,22,10,117,71,132,8,27,36" hai1="25,52,65,62,50,109,42,82,58,51,20,59,84" hai2="123,135,85,47,69,91,46,11,55,2,105,78,130" hai3="88,66,6,107,80,129,64,61,37,134,4,112,67"/><T0/><D71/><U30/><E109/><V127/><F105/><W110/><G107/><T23/><D36/><U24/><E42/><V74/><F69/><W126/><G110/><T49/><D132/><U81/><E81/><V3/><F123/><W34/><G37/><T128/><D128/><U116/><E116/><V133/><F78/><W114/><G34/><T120/><D120/><U16/><E51/><V122/><F74/><W1/><G129/><T15/><D27/><N who="1" m="14727" /><E30/><V32/><F32/><W12/><G1/><T48/><D0/><U43/><E43/><V18/><F127/><W121/><G126/><T115/><D115/><N who="3" m="44073" /><G134/><N who="2" m="51209" /><F130/><W54/><G12/><T9/><D15/><U119/><E119/><V83/><F122/><W89/><G80/><T95/><D104/><U73/><E73/><V99/><F99/><W44/><G121/><T56/><D118/><U113/><E113/><V13/><F47/><W68/><G44/><T75/><D75/><U41/><E41/><V98/><F98/><W125/><G125/><T131/><D117/><U38/><E38/><V108/><F108/><W5/><G68/><T111/><D111/><U97/><E97/><V79/><F79/><AGARI ba="0,0" hai="24,25,50,52,58,59,62,65,79,82,84" m="14727" machi="79" ten="30,3900,0" yaku="8,1,54,2" doraHai="86" who="1" fromWho="2" sc="195,0,376,39,292,-39,137,0" /><INIT seed="5,0,0,2,0,50" ten="195,415,253,137" oya="1" hai0="113,133,29,99,57,97,23,36,130,38,25,20,12" hai1="112,72,129,64,49,7,105,63,108,2,58,51,134" hai2="26,116,42,82,127,101,41,19,17,73,22,83,90" hai3="4,71,39,48,35,123,135,107,33,37,62,67,52"/><U11/><E105/><V46/><F116/><W117/><G107/><T0/><D0/><U27/><E72/><V10/><F127/><W120/><G4/><T102/><D113/><U87/><E112/><V128/><F128/><W81/><G81/><T66/><D130/><U103/><E103/><V13/><F101/><W91/><G91/><T65/><D133/><U24/><E129/><V114/><F114/><W77/><G77/><T124/><D124/><U60/><E134/><V53/><F73/><W76/><G76/><T106/><D99/><U80/><E108/><V21/><F21/><W9/><G9/><T14/><D23/><U34/><E63/><V55/><F83/><W78/><G78/><T16/><D12/><U100/><E100/><V119/><F119/><W122/><G135/><T3/><D3/><U88/><E34/><V111/><F111/><W131/><G131/><T132/><D132/><U43/><E43/><N who="2" m="16395" /><F46/><N who="3" m="27671" /><G35/><T109/><D109/><U31/><E31/><V79/><F79/><W40/><G33/><T89/><D89/><U84/><E84/><AGARI ba="0,0" hai="10,13,17,19,22,26,53,55,82,84,90" m="16395" machi="84" ten="30,3900,0" yaku="8,1,52,2" doraHai="50" who="2" fromWho="1" sc="195,0,415,-39,253,39,137,0" /><INIT seed="6,0,0,2,3,102" ten="195,376,292,137" oya="2" hai0="86,45,63,69,64,98,65,2,70,57,51,59,19" hai1="119,43,22,106,108,109,8,78,33,18,11,20,53" hai2="10,107,13,110,80,6,0,103,15,4,9,84,97" hai3="7,128,79,24,47,50,73,12,27,16,23,36,134"/><V117/><F117/><W28/><G36/><T123/><D2/><U38/><E33/><V85/><F110/><W76/><G128/><T67/><D123/><U49/><E78/><V96/><F96/><W88/><G134/><T30/><D30/><U5/><E43/><V1/><REACH who="2" step="1"/><F85/><REACH who="2" ten="195,376,282,137" step="2"/><W126/><G73/><T41/><D98/><U32/><E119/><V29/><F29/><W125/><G126/><T100/><D86/><U46/><E109/><V130/><F130/><W74/><G125/><T66/><D100/><U56/><E108/><V75/><F75/><W40/><G74/><T54/><REACH who="0" step="1"/><D19/><REACH who="0" ten="185,376,282,137" step="2"/><U81/><E18/><V71/><F71/><W44/><G16/><T21/><D21/><U14/><E20/><V120/><F120/><W61/><G23/><T55/><D55/><U99/><E22/><V118/><F118/><W42/><G28/><T35/><D35/><U72/><E32/><V34/><F34/><W83/><G42/><T131/><D131/><U17/><E72/><V87/><F87/><W133/><G40/><T37/><AGARI ba="0,2" hai="37,41,45,51,54,57,59,63,64,65,66,67,69,70" machi="37" ten="30,16000,3" yaku="1,1,0,1,35,6,53,2" doraHai="102" doraHaiUra="52" who="0" fromWho="0" sc="185,180,376,-40,282,-80,137,-40" /><INIT seed="7,0,0,1,2,110" ten="365,336,202,97" oya="3" hai0="118,41,60,12,92,37,27,77,54,100,89,133,31" hai1="17,25,67,35,9,2,82,86,94,62,76,43,79" hai2="40,125,45,83,78,42,115,96,128,44,127,61,73" hai3="119,18,120,1,58,24,56,3,49,93,26,69,99"/><W104/><G69/><T101/><D118/><U95/><E76/><V39/><F115/><W53/><G104/><T68/><D133/><U15/><E43/><V130/><F96/><W50/><G119/><T113/><D77/><U59/><REACH who="1" step="1"/><E2/><REACH who="1" ten="365,326,202,97" step="2"/><V124/><REACH who="2" step="1"/><F61/><REACH who="2" ten="365,326,192,97" step="2"/><W21/><G120/><T71/><D60/><U90/><E90/><V74/><F74/><W64/><G64/><T126/><D89/><U8/><E8/><V134/><F134/><W30/><G50/><AGARI ba="0,2" hai="39,40,42,44,45,50,73,78,83,124,125,127,128,130" machi="50" ten="40,2600,0" yaku="1,1,18,1,53,0" doraHai="110" doraHaiUra="97" who="2" fromWho="3" sc="365,0,326,0,192,46,97,-26" owari="365,46.0,326,13.0,238,-16.0,71,-43.0" /></mjloggm>