<mjloggm ver="2.3"><GO type="169" lobby="0"/><UN n0="%E3%82%AC%E3%83%9F%E3%82%B4%E3%83%B3" n1="%E7%B5%B6%E5%AF%BE%E4%B8%8D%E5%8F%AF%E4%BE%B5%E9%A0%98%E5%9F%9F" n2="%E3%82%A6%E3%83%AB%E3%83%88%E3%83%A9%E7%AB%8B%E7%9B%B4" n3="%6B%69%6D%38" dan="17,16,18,16" rate="2110.15,2137.71,2189.26,2032.49" sx="M,M,M,M"/><TAIKYOKU oya="0"/><INIT seed="0,0,0,5,2,84" ten="250,250,250,250" oya="0" hai0="99,25,105,93,14,63,65,69,12,123,44,101,104" hai1="60,37,68,127,17,75,5,110,39,124,29,1,86" hai2="128,113,66,43,27,77,32,40,106,4,103,109,54" hai3="38,119,28,42,45,114,49,7,90,98,102,94,97"/><T67/><D123/><U59/><E75/><V8/><F113/><W134/><G114/><T72/><D72/><U24/><E68/><V117/><F77/><W53/><G119/><T83/><D105/><U70/><E70/><V20/><F32/><W2/><G28/><T55/><D67/><U35/><E110/><V10/><F103/><W73/><G73/><T58/><D44/><U36/><E17/><V80/><F106/><W30/><G30/><T116/><D116/><U126/><E1/><V13/><F66/><W3/><G7/><T9/><D83/><U89/><E5/><V46/><F10/><W82/><G134/><T71/><D104/><U52/><REACH who="1" step="1"/><E39/><REACH who="1" ten="250,240,250,250" step="2"/><V78/><F109/><W33/><G3/><T16/><D71/><U81/><AGARI ba="0,1" hai="24,29,35,36,37,52,59,60,81,86,89,124,126,127" machi="81" ten="30,12000,2" yaku="1,1,2,1,0,1,18,1,52,1,54,1,53,1" doraHai="84" doraHaiUra="31" who="1" fromWho="1" sc="250,-60,240,130,250,-30,250,-30" /><INIT seed="1,0,0,1,4,118" ten="190,370,220,220" oya="1" hai0="45,84,81,100,33,11,124,78,113,135,96,17,72" hai1="47,6,134,30,110,111,127,7,54,57,35,24,8" hai2="65,106,121,1,117,32,31,114,26,130,132,53,55" hai3="37,46,89,80,66,38,51,108,56,76,90,13,129"/><U50/><E127/><V115/><F65/><W25/><G108/><N who="1" m="41514" /><E134/><V86/><F86/><W88/><G129/><T59/><D33/><U68/><E68/><V109/><F53/><W34/><G13/><T22/><D113/><U0/><E7/><V61/><F55/><W23/><G34/><T2/><D124/><U58/><AGARI ba="0,0" hai="0,6,8,24,30,35,47,50,54,57,58" m="41514" machi="58" ten="30,3000,0" yaku="14,1,10,1" doraHai="118" who="1" fromWho="1" sc="190,-10,370,30,220,-10,220,-10" /><INIT seed="1,1,0,1,3,4" ten="180,400,210,210" oya="1" hai0="91,5,82,80,132,68,46,18,88,26,85,123,125" hai1="86,106,102,89,122,121,118,21,79,70,113,64,37" hai2="95,134,0,78,99,59,61,1,114,74,58,51,60" hai3="25,54,34,31,20,38,72,52,84,110,63,98,100"/><U133/><E37/><V69/><F69/><W43/><G72/><T11/><D68/><U135/><E70/><V83/><F51/><W101/><G110/><T30/><D125/><U27/><E64/><V90/><F134/><N who="1" m="51209" /><E113/><V109/><F109/><W47/><G34/><T16/><D132/><U2/><E2/><V71/><F71/><W24/><G24/><T33/><D123/><U119/><E79/><V75/><F75/><W14/><G14/><T111/><D111/><U10/><E10/><V124/><F124/><W39/><G39/><T22/><D46/><U56/><E56/><V55/><REACH who="2" step="1"/><F114/><REACH who="2" ten="180,400,200,210" step="2"/><W108/><G108/><T93/><D33/><U41/><E121/><V73/><F73/><W13/><G38/><T15/><REACH who="0" step="1"/><D80/><REACH who="0" ten="170,400,200,210" step="2"/><N who="1" m="49351" /><E122/><V77/><F77/><W29/><G31/><T96/><AGARI ba="1,2" hai="5,11,15,16,18,22,26,30,82,85,88,91,93,96" machi="96" ten="20,16000,3" yaku="1,1,0,1,7,1,8,1,52,1,54,2,53,2" doraHai="4" doraHaiUra="87" who="0" fromWho="0" sc="170,183,400,-81,200,-41,210,-41" /><INIT seed="2,0,0,2,0,94" ten="353,319,159,169" oya="2" hai0="80,25,60,64,65,75,47,116,32,0,126,109,86" hai1="27,104,22,33,85,52,107,99,108,37,103,12,1" hai2="56,54,132,121,77,115,98,92,39,63,41,16,105" hai3="87,82,111,14,68,91,125,69,59,4,13,93,95"/><V67/><F121/><W31/><G111/><T72/><D0/><U2/><E37/><V118/><F118/><W57/><G125/><T24/><D109/><U62/><E107/><V49/><F115/><W35/><G69/><T79/><D126/><U110/><E33/><V19/><F105/><W9/><G68/><T50/><D65/><U97/><E108/><V122/><F122/><W30/><G14/><T46/><D46/><U127/><E110/><V29/><F132/><W74/><G35/><T133/><D133/><U119/><E119/><V20/><F77/><W131/><G131/><T134/><D134/><U88/><E12/><V45/><F29/><N who="3" m="10763" /><G74/><T114/><D114/><U71/><E71/><N who="2" m="42495" /><F20/><W117/><G117/><T96/><D32/><U106/><E127/><V73/><F73/><W40/><G40/><N who="0" m="24935" /><D75/><U83/><E22/><V76/><F76/><N who="3" m="46535" /><G95/><T81/><D81/><U135/><E27/><V89/><AGARI ba="0,0" hai="16,19,39,41,45,49,54,56,89,92,98" m="42495" machi="89" ten="30,6000,0" yaku="24,1,52,1,54,1" doraHai="94" who="2" fromWho="2" sc="353,-20,319,-20,159,60,169,-20" /><INIT seed="2,1,0,3,5,97" ten="333,299,219,149" oya="2" hai0="49,60,67,111,82,87,69,83,103,3,76,135,130" hai1="40,110,88,112,33,42,128,62,14,117,109,102,63" hai2="113,99,116,81,6,94,13,9,85,107,12,4,95" hai3="79,108,16,125,73,52,120,100,46,122,74,1,27"/><V124/><F116/><W18/><G1/><T41/><D3/><U75/><E33/><V78/><F113/><W90/><G108/><N who="1" m="41578" /><E75/><V0/><F124/><W17/><G90/><T56/><D111/><U132/><E112/><V129/><F129/><W80/><G125/><T8/><D130/><U45/><E128/><V37/><F37/><W32/><G74/><T134/><D8/><U96/><E42/><V123/><F123/><W5/><G5/><T114/><D114/><U115/><E115/><V71/><F71/><W59/><G46/><N who="0" m="25807" /><D83/><U133/><E14/><V105/><F95/><W58/><G58/><T126/><D126/><U11/><E11/><V43/><F43/><W106/><G32/><T35/><D35/><U93/><E117/><V2/><F2/><W89/><G89/><T66/><D103/><U72/><E72/><V26/><F26/><W51/><REACH who="3" step="1"/><G27/><REACH who="3" ten="333,299,219,139" step="2"/><T119/><D119/><U98/><E133/><N who="0" m="50697" /><D69/><U28/><E132/><V50/><F0/><W30/><G30/><T127/><D127/><U53/><E28/><V10/><REACH who="2" step="1"/><F50/><REACH who="2" ten="333,299,209,139" step="2"/><W57/><G57/><T86/><D56/><N who="1" m="35087" /><E63/><V48/><F48/><W70/><G70/><T24/><D60/><U118/><E118/><V104/><F104/><W65/><G65/><T22/><D67/><U54/><E45/><V44/><F44/><W131/><G131/><T121/><D66/><U101/><E40/><V20/><F20/><W61/><G61/><T19/><D121/><U92/><E54/><V7/><F7/><W25/><G25/><T77/><D24/><U55/><E55/><V34/><F34/><RYUUKYOKU ba="1,2" sc="333,-30,299,10,209,10,139,10" hai1="88,92,93,96,98,101,102" hai2="4,6,9,10,12,13,78,81,85,94,99,105,107" hai3="16,17,18,51,52,59,73,79,80,100,106,120,122" /><INIT seed="2,2,2,4,0,134" ten="303,309,219,149" oya="2" hai0="131,35,133,9,87,106,41,48,50,99,44,110,83" hai1="96,79,30,102,28,58,32,93,55,91,6,31,38" hai2="105,46,85,56,62,88,65,126,69,26,74,5,16" hai3="14,108,8,68,11,40,117,59,129,60,112,107,95"/><V45/><F74/><W1/><G117/><T100/><D35/><U18/><E38/><V130/><F105/><W114/><G107/><T111/><D133/><U128/><E79/><V19/><F130/><W17/><G129/><T98/><D131/><U63/><E128/><V113/><F113/><N who="3" m="43627" /><G108/><N who="0" m="41515" /><D99/><U54/><E6/><V94/><F126/><W89/><G40/><T121/><D9/><U43/><E43/><V22/><F5/><N who="3" m="1071" /><G68/><T72/><D72/><U132/><E132/><V127/><F127/><W80/><G80/><T33/><D33/><U120/><E120/><V20/><REACH who="2" step="1"/><F69/><REACH who="2" ten="303,309,209,149" step="2"/><W101/><G101/><T118/><D118/><U92/><E32/><V67/><F67/><N who="3" m="39327" /><G95/><T7/><D106/><U97/><E55/><V116/><F116/><W84/><G84/><T39/><D100/><U90/><E102/><V52/><F52/><W76/><G89/><T25/><D7/><U78/><E78/><AGARI ba="2,3" hai="11,14,17,76,78" m="39327,1071,43627" machi="78" ten="30,1000,0" yaku="11,1" doraHai="134" who="3" fromWho="1" sc="303,0,309,-16,209,0,149,46" /><INIT seed="3,0,0,5,2,59" ten="303,293,209,195" oya="3" hai0="21,118,93,65,63,47,32,48,25,6,27,33,3" hai1="66,79,9,56,116,128,131,80,8,86,87,62,41" hai2="0,34,42,117,110,98,105,10,71,97,126,72,85" hai3="14,46,24,15,31,73,134,1,55,19,113,84,11"/><W44/><G73/><T130/><D118/><U76/><E116/><V60/><F85/><N who="1" m="32265" /><E41/><V43/><F117/><W54/><G113/><T123/><D123/><U13/><E80/><V30/><F98/><W16/><G1/><T52/><D130/><N who="1" m="49707" /><E9/><V53/><F53/><W18/><G134/><T101/><D27/><U75/><E75/><V91/><F91/><W29/><G84/><T35/><D6/><AGARI ba="0,0" hai="6,8,13,56,62,66,76,79" m="49707,32265" machi="6" ten="30,2000,0" yaku="19,1,52,1" doraHai="59" who="1" fromWho="0" sc="303,-20,293,20,209,0,195,0" /><INIT seed="4,0,0,0,0,116" ten="283,313,209,195" oya="0" hai0="49,130,51,57,68,5,31,36,52,27,107,12,128" hai1="44,32,67,46,39,106,35,53,134,28,20,37,4" hai2="65,126,26,98,135,24,73,30,131,80,14,17,18" hai3="113,100,97,2,101,81,119,85,124,132,0,123,96"/><T71/><D36/><U16/><E106/><V93/><F126/><W48/><G48/><T87/><D87/><U79/><E67/><V55/><F131/><N who="0" m="50218" /><D107/><U33/><E28/><V10/><F135/><W70/><G70/><T63/><D12/><U94/><E4/><V69/><F55/><W7/><G119/><T50/><D5/><U74/><E134/><V23/><F65/><W102/><G7/><T72/><D72/><U60/><E79/><V120/><F69/><N who="0" m="26698" /><D27/><U1/><E74/><V92/><F92/><W64/><G2/><T34/><D34/><U76/><E76/><V43/><F80/><W21/><G0/><T95/><D95/><U54/><E1/><V82/><F82/><W105/><G105/><T15/><D15/><U66/><E94/><V3/><F73/><W41/><G81/><T121/><D31/><U59/><E39/><V125/><F43/><W112/><G41/><T86/><D86/><U78/><E78/><V77/><F77/><W108/><G85/><T99/><D99/><U111/><E37/><V62/><F3/><W13/><G97/><T118/><D118/><U38/><E38/><V56/><F93/><W110/><G96/><T90/><D90/><U58/><E35/><N who="2" m="20935" /><F98/><W114/><G132/><T75/><D75/><U83/><E83/><V11/><F11/><W88/><G113/><T127/><D127/><U91/><E91/><V22/><F125/><W9/><G124/><T40/><D40/><U104/><E104/><V61/><F10/><W6/><G114/><T25/><D25/><U129/><E129/><V29/><F26/><RYUUKYOKU ba="0,0" sc="283,30,313,-10,209,-10,195,-10" hai0="49,50,51,52,57,63,121" /><INIT seed="4,1,0,1,4,52" ten="313,303,199,185" oya="0" hai0="55,115,28,8,77,33,95,73,107,48,135,108,53" hai1="57,49,10,74,90,56,81,88,119,133,11,93,19" hai2="97,110,126,70,83,125,98,3,84,103,18,23,94" hai3="35,2,122,111,79,15,65,21,26,134,105,121,30"/><T31/><D107/><U27/><E119/><V78/><F70/><W42/><G105/><T118/><D118/><U46/><E133/><V32/><F32/><W0/><G79/><T113/><D135/><U102/><E102/><V20/><F3/><N who="3" m="1067" /><G65/><T29/><D108/><U37/><E37/><V25/><F110/><W60/><G60/><T13/><D33/><U63/><E74/><V39/><F39/><W59/><G59/><N who="1" m="22602" /><E81/><V54/><F54/><W99/><G42/><T14/><D73/><U47/><E63/><V76/><F76/><W112/><G111/><T40/><D77/><U43/><E47/><V22/><REACH who="2" step="1"/><F98/><REACH who="2" ten="313,303,189,185" step="2"/><W123/><G99/><T17/><D55/><U38/><E38/><V44/><F44/><W96/><G96/><T71/><D71/><U116/><E116/><V86/><F86/><W89/><G134/><T101/><D53/><U68/><E68/><V50/><F50/><W92/><G35/><T80/><D48/><U58/><N who="1" m="22610" /><U7/><DORA hai="109" /><E7/><V62/><F62/><W72/><G72/><T69/><D69/><U128/><E128/><V66/><F66/><W51/><G51/><T124/><D115/><U82/><E82/><V34/><F34/><N who="3" m="20823" /><G112/><T117/><D113/><U129/><E129/><V24/><F24/><W91/><G92/><T67/><D117/><U75/><E75/><V61/><F61/><W104/><G104/><T131/><D80/><U5/><E93/><V87/><F87/><W16/><AGARI ba="1,1" hai="15,16,21,89,91,121,122,123" m="20823,1067" machi="16" ten="40,2700,0" yaku="13,1,54,1" doraHai="52,109" who="3" fromWho="3" sc="313,-14,303,-8,189,-8,185,40" /><INIT seed="5,0,0,4,5,80" ten="299,295,181,225" oya="1" hai0="121,82,44,96,15,10,108,8,97,100,48,24,130" hai1="73,5,17,52,30,103,69,116,113,25,20,11,47" hai2="83,94,79,99,46,14,3,51,107,42,62,70,135" hai3="92,27,33,67,105,118,36,119,93,22,81,74,6"/><U13/><E69/><V1/><F107/><W21/><G105/><T19/><D108/><U60/><E73/><V125/><F125/><W109/><G109/><T124/><D124/><U4/><E116/><N who="3" m="44586" /><G36/><T0/><D130/><U111/><E111/><V18/><F135/><W115/><G115/><T54/><D121/><U75/><E75/><V59/><F70/><W91/><G6/><T28/><D0/><U41/><E103/><V85/><F94/><W66/><G93/><T123/><D123/><U112/><E112/><V34/><F34/><W76/><G33/><T71/><D71/><U87/><E113/><V23/><REACH who="2" step="1"/><F99/><REACH who="2" ten="299,295,171,225" step="2"/><N who="3" m="57759" /><G21/><N who="0" m="15375" /><D97/><U57/><E87/><V128/><F128/><W68/><G68/><T43/><D96/><U65/><E65/><AGARI ba="0,1" hai="1,3,14,18,23,42,46,51,59,62,65,79,83,85" machi="65" ten="30,3900,0" yaku="1,1,7,1,52,1,53,0" doraHai="80" doraHaiUra="117" who="2" fromWho="1" sc="299,0,295,-39,171,49,225,0" /><INIT seed="6,0,0,1,1,101" ten="299,256,220,225" oya="2" hai0="65,79,99,64,104,82,52,80,108,86,55,35,49" hai1="13,85,59,109,78,127,119,37,103,36,8,61,76" hai2="97,84,73,134,111,40,31,115,29,110,56,22,77" hai3="57,0,28,4,33,30,88,66,17,95,15,24,16"/><V70/><F70/><W19/><G30/><T122/><D108/><N who="2" m="41514" /><F73/><W26/><G0/><T20/><D35/><U125/><E109/><V87/><F115/><W67/><G57/><T6/><D6/><U121/><E119/><V100/><F134/><W47/><G47/><T116/><D122/><U27/><E27/><N who="3" m="10282" /><G28/><N who="2" m="10825" /><F22/><W69/><G33/><T131/><D116/><U44/><E121/><V92/><F77/><W7/><G69/><T72/><D55/><U89/><E36/><V126/><F126/><W94/><G95/><T18/><D131/><U42/><E103/><V50/><F56/><W74/><G74/><T130/><D130/><U133/><E133/><V90/><F90/><W23/><G23/><T43/><D20/><U81/><E125/><V123/><F123/><W38/><G38/><T10/><D72/><U98/><E127/><V102/><F100/><W128/><G128/><T129/><D129/><U48/><E37/><V11/><F11/><N who="3" m="4607" /><G4/><T25/><D10/><U34/><E34/><V12/><F12/><W21/><G21/><T120/><D120/><U46/><E13/><V135/><F135/><W14/><G14/><T106/><D25/><U96/><E8/><V83/><F83/><W60/><G60/><T51/><D82/><U75/><E46/><AGARI ba="0,0" hai="40,46,50,84,87,92,97,102" m="10825,41514" machi="46" ten="30,1500,0" yaku="10,1" doraHai="101" who="2" fromWho="1" sc="299,0,256,-15,220,15,225,0" /><INIT seed="6,1,0,3,5,112" ten="299,241,235,225" oya="2" hai0="121,58,116,68,133,93,19,101,49,109,108,12,94" hai1="39,53,134,97,14,26,34,86,81,126,41,43,77" hai2="117,104,72,3,5,128,25,11,120,37,20,30,132" hai3="87,54,31,50,8,76,99,52,33,89,98,38,124"/><V114/><RYUUKYOKU type="yao9" ba="1,0" sc="299,0,241,0,235,0,225,0" hai2="3,5,11,20,25,30,37,72,104,114,117,120,128,132" /><INIT seed="6,2,0,5,4,29" ten="299,241,235,225" oya="2" hai0="106,121,124,123,90,14,55,84,61,56,127,109,17" hai1="108,112,87,104,43,95,93,38,12,34,46,111,48" hai2="31,44,72,64,65,107,4,11,63,42,88,51,9" hai3="30,66,8,78,118,33,76,126,7,24,130,86,134"/><V39/><F107/><W101/><G118/><T19/><D109/><U16/><E104/><V74/><F31/><W89/><G126/><N who="0" m="48171" /><D106/><U49/><E34/><V105/><F105/><W98/><G130/><T18/><D14/><U62/><E112/><V82/><F39/><W91/><G134/><T97/><D97/><U103/><E93/><AGARI ba="2,0" hai="17,18,19,55,56,61,84,90,93,121,123" m="48171" machi="93" ten="30,1000,0" yaku="18,1" doraHai="29" who="0" fromWho="1" sc="299,16,241,-16,235,0,225,0" /><INIT seed="7,0,0,3,2,70" ten="315,225,235,225" oya="3" hai0="52,75,45,106,3,88,35,90,94,119,83,96,56" hai1="55,18,97,113,111,95,29,130,80,85,101,110,50" hai2="68,19,47,78,118,100,39,104,27,2,72,82,49" hai3="54,0,16,121,42,1,36,102,53,46,51,124,89"/><W63/><G121/><T64/><D35/><U32/><E113/><V112/><F68/><W77/><G124/><T20/><D3/><U21/><E32/><V28/><F2/><W6/><G102/><N who="0" m="62791" /><D90/><U12/><E130/><V30/><F39/><W5/><G77/><N who="0" m="44479" /><D20/><U127/><E127/><V8/><F112/><W87/><G1/><T84/><D119/><U59/><E29/><V25/><F28/><W123/><G0/><T133/><D133/><U71/><E71/><V60/><F30/><W10/><G123/><T24/><D24/><U62/><E62/><V43/><F27/><W23/><G10/><T69/><D45/><U128/><E128/><V125/><F25/><N who="3" m="14567" /><G36/><T126/><D126/><U86/><E86/><V117/><F125/><W15/><G15/><T13/><D13/><U129/><E129/><V74/><F118/><W81/><G63/><N who="0" m="36231" /><D69/><U67/><E67/><AGARI ba="0,0" hai="64,67,84,88,94" m="36231,44479,62791" machi="67" ten="30,3900,0" yaku="24,1,54,2" doraHai="70" who="0" fromWho="1" sc="315,39,225,-39,235,0,225,0" owari="354,44.0,186,-31.0,235,4.0,225,-17.0" /></mjloggm>