<mjloggm ver="2.3"><GO type="169" lobby="0"/><UN n0="%E6%B0%B4%E5%B8%8C%E2%99%AA" n1="%E6%96%B0%E4%B8%96%E7%95%8C%E3%81%AE%E7%B4%99" n2="%E3%83%88%E3%83%88%E3%83%AA%E5%85%88%E7%94%9F%31%39%E6%AD%B3" n3="%4F%4E%41%4B%41%4E" dan="18,17,19,16" rate="2225.86,2136.55,2267.29,2071.33" sx="M,F,F,M"/><TAIKYOKU oya="0"/><INIT seed="0,0,0,4,4,49" ten="250,250,250,250" oya="0" hai0="26,23,6,130,87,71,110,4,64,68,54,44,17" hai1="73,52,131,95,11,2,70,103,106,36,41,43,118" hai2="123,135,66,82,78,104,81,75,65,35,76,121,133" hai3="84,25,7,57,38,101,27,14,20,107,16,47,129"/><T85/><D130/><U31/><E118/><V80/><F35/><W33/><G129/><T58/><D44/><U120/><E120/><N who="2" m="46155" /><F104/><W62/><G107/><T30/><D64/><N who="2" m="24682" /><F75/><W74/><G74/><T39/><D39/><U134/><E70/><V28/><F28/><W48/><G38/><T8/><D110/><U22/><E134/><AGARI ba="0,0" hai="76,78,80,81,82,133,134,135" m="24682,46155" machi="134" ten="40,5200,0" yaku="28,2,20,1" doraHai="49" who="2" fromWho="1" sc="250,0,250,-52,250,52,250,0" /><INIT seed="1,0,0,2,1,129" ten="250,198,302,250" oya="1" hai0="97,107,109,110,86,91,106,121,52,54,7,90,40" hai1="32,27,21,87,127,33,46,115,42,68,88,22,112" hai2="57,73,83,130,95,19,65,66,25,48,133,96,18" hai3="74,38,105,99,81,135,26,113,56,75,111,117,134"/><U132/><E68/><V123/><F123/><W50/><G38/><T44/><D121/><U47/><E127/><V92/><F130/><W80/><G113/><T39/><D7/><U14/><E14/><V6/><F6/><W11/><G111/><N who="0" m="42507" /><D91/><U118/><E118/><V12/><F73/><W72/><G117/><T70/><D70/><U104/><E104/><N who="0" m="39977" /><D97/><U10/><E10/><V63/><F83/><AGARI ba="0,0" hai="39,40,44,52,54,83,86,90" m="39977,42507" machi="83" ten="30,2000,0" yaku="14,1,54,1" doraHai="129" who="0" fromWho="2" sc="250,20,198,0,302,-20,250,0" /><INIT seed="2,0,0,1,5,112" ten="270,198,282,250" oya="2" hai0="1,94,109,132,117,25,120,65,34,85,10,128,45" hai1="58,64,52,74,9,50,48,104,51,113,26,23,67" hai2="56,129,68,33,5,119,21,83,8,29,87,2,40" hai3="80,62,18,69,75,60,88,36,76,24,12,98,57"/><V123/><F123/><W53/><G36/><T3/><D65/><U38/><E38/><V49/><F68/><W133/><G133/><T121/><D45/><U71/><E113/><V11/><F129/><W46/><G46/><T82/><D94/><U7/><E74/><V35/><F119/><W105/><G24/><T39/><D39/><U61/><E104/><V37/><F37/><W20/><G69/><T31/><D128/><U43/><E43/><V41/><F11/><W97/><G105/><T32/><D132/><U79/><E79/><V106/><F106/><W122/><G122/><T115/><D115/><U103/><E103/><V47/><F41/><W77/><G77/><T22/><D85/><U44/><E71/><V6/><F6/><W73/><G73/><T63/><D63/><U101/><E101/><V91/><REACH who="2" step="1"/><F56/><REACH who="2" ten="270,198,272,250" step="2"/><W131/><G131/><T14/><D10/><U55/><E44/><V42/><F42/><W99/><REACH who="3" step="1"/><G62/><REACH who="3" ten="270,198,272,240" step="2"/><T125/><D121/><U4/><E61/><V28/><F28/><W135/><G135/><T16/><D31/><N who="1" m="17887" /><E58/><V95/><F95/><AGARI ba="0,2" hai="12,18,20,53,57,60,75,76,80,88,95,97,98,99" machi="95" ten="40,2600,0" yaku="1,1,54,1,53,0" doraHai="112" doraHaiUra="102" who="3" fromWho="2" sc="270,0,198,0,272,-26,240,46" /><INIT seed="3,0,0,0,4,5" ten="270,198,246,286" oya="3" hai0="97,113,2,82,9,127,75,107,104,67,49,38,30" hai1="27,0,14,46,48,63,101,134,79,94,24,64,44" hai2="93,125,89,42,114,22,36,62,32,40,1,132,128" hai3="66,78,18,109,70,57,50,55,31,6,47,59,100"/><W4/><G31/><T117/><D49/><U34/><E0/><V54/><F114/><W17/><G109/><T52/><D52/><N who="1" m="29703" /><E34/><V60/><F32/><W20/><G100/><T122/><D30/><U87/><E134/><V124/><F128/><W28/><G78/><N who="0" m="44383" /><D117/><U10/><E46/><V74/><F74/><W120/><G120/><T43/><D122/><U133/><E133/><V90/><F132/><W110/><G110/><T7/><D127/><N who="2" m="48714" /><F90/><W23/><G28/><T119/><D119/><U53/><E64/><V26/><F1/><W108/><G108/><T72/><D113/><U96/><E79/><V37/><F40/><W3/><G70/><T16/><D97/><U8/><E87/><N who="2" m="52415" /><F42/><W84/><G84/><T58/><D72/><U115/><E115/><V51/><F37/><W131/><G131/><T106/><D67/><U11/><E14/><V95/><F36/><W33/><G33/><T123/><D123/><U103/><E103/><V105/><F54/><W29/><G29/><T102/><D102/><U65/><E65/><V112/><F112/><W68/><G68/><T73/><D73/><U13/><E13/><V35/><F35/><W77/><G66/><T76/><D76/><U61/><E53/><V118/><F118/><W83/><G3/><T116/><D116/><U121/><E121/><V21/><F51/><W88/><G77/><T129/><D129/><U130/><E130/><V91/><F60/><AGARI ba="0,0" hai="8,10,11,24,27,60,61,63,94,96,101" m="29703" machi="60" ten="30,8000,1" yaku="8,1,52,3,54,1" doraHai="5" who="1" fromWho="2" sc="270,0,198,80,246,-80,286,0" /><INIT seed="4,0,0,3,2,82" ten="270,278,166,286" oya="0" hai0="24,5,12,20,60,113,14,123,80,58,102,117,44" hai1="128,70,54,26,119,88,48,112,27,94,97,47,29" hai2="129,73,107,32,17,134,61,83,11,100,85,105,110" hai3="59,81,122,63,19,114,104,72,77,53,116,106,76"/><T7/><D117/><U89/><E119/><V64/><F110/><W51/><G116/><T108/><D123/><U15/><E70/><V36/><F36/><W39/><G39/><T52/><D113/><U93/><E112/><V71/><F32/><W98/><G114/><T40/><D108/><U92/><E128/><V118/><F118/><W79/><G122/><T6/><D102/><U42/><E15/><V121/><F121/><W45/><G106/><T86/><D44/><U65/><E65/><V43/><F43/><W34/><G34/><T99/><D99/><U28/><E42/><V49/><F73/><W69/><G69/><T133/><D133/><U30/><REACH who="1" step="1"/><E93/><REACH who="1" ten="270,268,166,286" step="2"/><V57/><F129/><W31/><G104/><T62/><D40/><U103/><E103/><V115/><F100/><W111/><G111/><T75/><D75/><U120/><E120/><V33/><F115/><W126/><G72/><T127/><D127/><U2/><E2/><V124/><F124/><W18/><G126/><T96/><D12/><U95/><E95/><V84/><F107/><W1/><G1/><T3/><D14/><U101/><E101/><V16/><F105/><W74/><G74/><T41/><D41/><U22/><E22/><V46/><F71/><W131/><G131/><T4/><D3/><U38/><E38/><V125/><F125/><W50/><G53/><T21/><D52/><U91/><E91/><N who="2" m="51615" /><F33/><W55/><G77/><T13/><D20/><U35/><E35/><V25/><F64/><W56/><G79/><T8/><D21/><U10/><E10/><V37/><F11/><RYUUKYOKU ba="0,1" sc="270,-10,268,30,166,-10,286,-10" hai1="26,27,28,29,30,47,48,54,88,89,92,94,97" /><INIT seed="5,1,1,2,2,85" ten="260,298,156,276" oya="1" hai0="14,29,92,72,109,89,21,35,16,97,75,99,83" hai1="111,59,5,45,50,96,102,94,0,57,17,73,122" hai2="93,56,118,28,70,125,51,38,15,68,113,129,23" hai3="130,19,31,13,131,47,91,86,119,1,54,4,48"/><U53/><E122/><V66/><F118/><W33/><G119/><T128/><D109/><U39/><E73/><V133/><F38/><W25/><G4/><T78/><D128/><U107/><E111/><V62/><F129/><W98/><G98/><T112/><D72/><U43/><E5/><V52/><F133/><W132/><G132/><T3/><D3/><U105/><E0/><V64/><F125/><W71/><G71/><T46/><D112/><U55/><REACH who="1" step="1"/><E17/><REACH who="1" ten="260,288,156,276" step="2"/><V58/><F113/><W116/><G1/><T90/><D29/><U10/><E10/><V106/><F106/><W67/><G116/><T114/><D114/><U88/><E88/><V76/><F76/><W80/><REACH who="3" step="1"/><G67/><REACH who="3" ten="260,288,156,266" step="2"/><T65/><D65/><U126/><E126/><V24/><F64/><W120/><G120/><T44/><REACH who="0" step="1"/><D35/><REACH who="0" ten="250,288,156,266" step="2"/><U124/><E124/><V110/><F110/><W103/><G103/><T77/><D77/><U79/><E79/><V32/><F68/><W42/><G42/><T7/><D7/><U134/><E134/><V6/><F70/><W135/><G135/><T74/><D74/><U95/><E95/><AGARI ba="1,4" hai="14,16,21,44,46,75,78,83,89,90,92,95,97,99" machi="95" ten="40,8000,1" yaku="1,1,9,1,52,2,54,1,53,0" doraHai="85" doraHaiUra="60" who="0" fromWho="1" sc="250,123,288,-83,156,0,266,0" /><INIT seed="6,0,0,5,2,42" ten="373,205,156,266" oya="2" hai0="108,122,119,43,11,19,132,77,93,125,91,20,62" hai1="52,94,98,30,27,39,55,40,59,113,53,45,10" hai2="78,51,28,75,66,21,23,57,106,128,36,67,8" hai3="14,79,107,41,7,86,35,26,80,5,123,95,81"/><V116/><F116/><W48/><G107/><T100/><D108/><U88/><E113/><V44/><F106/><W115/><G123/><T6/><D122/><U50/><REACH who="1" step="1"/><E10/><REACH who="1" ten="373,195,156,266" step="2"/><V37/><F128/><W84/><G115/><T121/><D11/><U34/><AGARI ba="0,1" hai="27,30,34,39,40,45,50,52,53,55,59,88,94,98" machi="34" ten="20,16000,3" yaku="1,1,2,1,0,1,7,1,52,1,54,2,53,1" doraHai="42" doraHaiUra="46" who="1" fromWho="1" sc="373,-40,195,170,156,-80,266,-40" /><INIT seed="7,0,0,3,4,15" ten="333,365,76,226" oya="3" hai0="53,30,58,119,57,39,125,61,71,133,85,41,68" hai1="17,36,109,49,27,90,130,99,122,7,56,83,89" hai2="44,126,118,86,42,103,94,121,20,106,64,66,74" hai3="3,24,19,135,45,113,104,11,55,115,110,21,102"/><W73/><G73/><T47/><D119/><U78/><E109/><V129/><F118/><W25/><G110/><T29/><D29/><U67/><E36/><V31/><F74/><W75/><G75/><T38/><D30/><U132/><E122/><V63/><F106/><W69/><G69/><N who="0" m="26699" /><D85/><N who="1" m="48375" /><E132/><V50/><F121/><W60/><G135/><T33/><D33/><U87/><E130/><V26/><F129/><W105/><G25/><T98/><D98/><U93/><E7/><V52/><F126/><W46/><G46/><N who="0" m="23863" /><D133/><U95/><E49/><V91/><F63/><W43/><G43/><N who="0" m="23039" /><D125/><U117/><E117/><V82/><F42/><W35/><G35/><T123/><D123/><U10/><E10/><V5/><F5/><N who="3" m="1471" /><G104/><T120/><D120/><U48/><E48/><V51/><F51/><N who="3" m="29167" /><G105/><T9/><D9/><U2/><E2/><V65/><F103/><W100/><G60/><T13/><D13/><U28/><E28/><V1/><F1/><W107/><G107/><T37/><D37/><U14/><E14/><V88/><REACH who="2" step="1"/><F65/><REACH who="2" ten="333,365,66,226" step="2"/><W84/><G102/><T40/><D40/><U124/><E124/><V131/><F131/><W92/><G100/><T77/><D77/><U18/><E27/><V101/><F101/><W134/><G134/><T114/><D114/><U116/><E116/><V23/><F23/><W72/><G72/><T6/><D6/><U76/><E76/><V80/><F80/><W127/><G127/><T54/><D58/><U34/><E34/><V128/><F128/><W70/><G70/><T81/><D81/><U112/><E112/><V22/><F22/><RYUUKYOKU ba="0,1" sc="333,0,365,0,66,0,226,0" hai0="53,54,57,61" hai1="17,18,56,67,87,89,90,93,95,99" hai2="20,26,31,44,50,52,64,66,82,86,88,91,94" hai3="19,21,24,84,92,113,115" /><INIT seed="7,1,1,4,5,71" ten="333,365,66,226" oya="3" hai0="102,75,96,97,62,48,60,135,119,68,100,39,89" hai1="74,45,121,5,85,112,55,70,51,52,18,87,42" hai2="14,111,81,129,79,128,16,43,94,101,84,133,91" hai3="106,104,117,109,26,37,29,126,77,34,35,95,113"/><W82/><G117/><T47/><D119/><U93/><E74/><V21/><F128/><W115/><G35/><T127/><D75/><U108/><E108/><V49/><F133/><W10/><G109/><T33/><D33/><U103/><E121/><V17/><F129/><W36/><G95/><N who="0" m="56431" /><D68/><U27/><E112/><N who="3" m="43082" /><G10/><T131/><D39/><N who="3" m="14921" /><G126/><T88/><D135/><U122/><E70/><V123/><F123/><W65/><G65/><T4/><D4/><U63/><E5/><V107/><F111/><W134/><G134/><T83/><D127/><U61/><E122/><V7/><F107/><W9/><G9/><T86/><D131/><U114/><E114/><V59/><F101/><N who="0" m="39018" /><D97/><N who="1" m="59823" /><E87/><AGARI ba="1,1" hai="26,29,34,77,82,87,104,106" m="14921,43082" machi="87" ten="30,11600,0" yaku="15,1,52,3" doraHai="71" who="3" fromWho="1" sc="333,0,365,-119,66,0,226,129" owari="333,13.0,246,-15.0,66,-43.0,355,45.0" /></mjloggm>