<mjloggm ver="2.3"><GO type="169" lobby="0"/><UN n0="%67%61%69%61%78%78%78" n1="%E3%82%A6%E3%83%AB%E3%83%88%E3%83%A9%E7%AB%8B%E7%9B%B4" n2="%E6%93%8D" n3="%E8%A3%95%E7%BE%8E%E5%AD%90" dan="16,17,17,17" rate="2066.51,2150.09,2116.75,2210.85" sx="F,M,M,F"/><TAIKYOKU oya="0"/><INIT seed="0,0,0,2,4,51" ten="250,250,250,250" oya="0" hai0="18,67,120,19,25,64,17,104,40,61,10,65,110" hai1="103,69,71,21,58,43,38,131,54,105,59,111,83" hai2="3,126,101,91,20,113,84,76,75,73,82,60,90" hai3="57,98,63,29,124,117,87,27,4,12,114,100,5"/><T86/><D120/><U116/><E103/><V46/><F3/><W109/><G109/><T52/><D104/><U16/><E105/><V37/><F113/><W62/><G124/><T30/><D110/><U130/><E111/><V8/><F126/><W42/><G42/><T115/><D115/><U32/><E32/><V34/><F34/><W47/><G47/><T22/><D40/><U9/><E9/><V72/><F46/><W97/><G117/><T1/><D86/><U89/><E116/><V107/><F20/><N who="3" m="15591" /><G114/><T78/><D78/><U39/><E89/><N who="2" m="33803" /><F8/><W79/><G63/><T26/><D1/><U48/><E83/><N who="2" m="47207" /><F60/><W45/><G45/><T24/><REACH who="0" step="1"/><D10/><REACH who="0" ten="240,250,250,250" step="2"/><U2/><E2/><V11/><F11/><W50/><G87/><T14/><D14/><N who="1" m="9367" /><E43/><V77/><F37/><W68/><G79/><T81/><D81/><U118/><E38/><V133/><F133/><W112/><G12/><T31/><D31/><U7/><E39/><V108/><F108/><W96/><G112/><T35/><D35/><U135/><E135/><V92/><F107/><W102/><G5/><T66/><N who="0" m="16384" /><DORA hai="121" /><T0/><D0/><U53/><E7/><V13/><F13/><W88/><G4/><T94/><D94/><U85/><E85/><V41/><F41/><W33/><G33/><T36/><D36/><U15/><E15/><V23/><F23/><W56/><G98/><AGARI ba="0,1" hai="72,73,75,77,82,92,98,101" m="47207,33803" machi="98" ten="30,8000,1" yaku="35,5" doraHai="51,121" who="2" fromWho="3" sc="240,0,250,0,250,90,250,-80" /><INIT seed="1,0,0,0,1,122" ten="240,250,340,170" oya="1" hai0="26,104,20,18,31,75,99,74,97,54,120,1,130" hai1="33,15,107,3,12,71,32,111,6,46,43,114,63" hai2="119,30,35,45,79,87,60,57,113,10,55,16,36" hai3="67,135,86,68,127,19,48,85,5,84,61,112,64"/><U28/><E114/><V103/><F119/><W132/><G112/><T134/><D1/><U23/><E107/><V133/><F113/><W100/><G100/><T101/><D120/><U131/><E63/><V102/><F133/><W8/><G127/><T115/><D115/><U118/><E71/><V125/><F35/><N who="1" m="13385" /><E46/><V62/><F30/><W88/><G67/><T7/><D7/><U106/><E43/><V108/><F62/><W52/><G19/><T59/><D130/><U123/><E106/><V49/><F36/><W41/><G41/><T94/><D18/><N who="1" m="10695" /><E123/><V9/><F125/><W58/><REACH who="3" step="1"/><G88/><REACH who="3" ten="240,250,340,160" step="2"/><T78/><D134/><U13/><E118/><V92/><F103/><W77/><G77/><T126/><D78/><U50/><E131/><V24/><F102/><W25/><G25/><T0/><D126/><U42/><E42/><V89/><F79/><W129/><G129/><T53/><D101/><U90/><E90/><V14/><F24/><W66/><G66/><T116/><D104/><U4/><E28/><V81/><F89/><W38/><G38/><T65/><D31/><U72/><E6/><V93/><F81/><W27/><G27/><T22/><D116/><U82/><E4/><V37/><F37/><W121/><G121/><T109/><D65/><U128/><E128/><V124/><F124/><W17/><G17/><T51/><D26/><U95/><E82/><V70/><F93/><W40/><G40/><T2/><D94/><U47/><E95/><V11/><F92/><W69/><G69/><T29/><D29/><U96/><E96/><V76/><F70/><RYUUKYOKU ba="0,1" sc="240,-10,250,-10,340,-10,160,30" hai3="5,8,48,52,58,61,64,68,84,85,86,132,135" /><INIT seed="2,1,1,2,4,130" ten="230,240,330,190" oya="2" hai0="16,91,103,23,125,38,31,11,29,46,17,126,122" hai1="123,119,26,62,87,84,90,42,82,27,97,20,105" hai2="3,4,64,117,70,22,6,34,86,66,28,32,71" hai3="112,88,36,127,9,15,37,98,43,1,116,13,107"/><V83/><F22/><W40/><G116/><T120/><D103/><U56/><E119/><V95/><F95/><W57/><G127/><N who="0" m="48651" /><D91/><U35/><E123/><N who="0" m="47145" /><D46/><U12/><E42/><V51/><F28/><N who="0" m="10826" /><D38/><U132/><E56/><V10/><F51/><W80/><G112/><T25/><D11/><U134/><E62/><V41/><F117/><W133/><G107/><T0/><D0/><U115/><E97/><V47/><F10/><W59/><G9/><T55/><D55/><U111/><E105/><V49/><F3/><W53/><G1/><T108/><D108/><U14/><E111/><V101/><F101/><W78/><G98/><T106/><D106/><U113/><E90/><V85/><F47/><W124/><G124/><T30/><AGARI ba="1,1" hai="16,17,23,25,30" m="10826,47145,48651" machi="30" ten="40,8000,1" yaku="18,1,34,2,54,1" doraHai="130" who="0" fromWho="0" sc="230,93,240,-21,330,-41,190,-21" /><INIT seed="3,0,0,5,0,134" ten="323,219,289,169" oya="3" hai0="107,71,6,65,34,92,79,94,123,55,133,58,3" hai1="14,13,78,95,73,38,74,44,43,97,84,47,130" hai2="81,23,76,0,70,9,64,46,1,80,115,101,56" hai3="116,128,103,108,96,110,12,112,111,27,17,120,53"/><W20/><G120/><T51/><D79/><U18/><E130/><V77/><F70/><W40/><G128/><T41/><D107/><U113/><E113/><V25/><F115/><W88/><G112/><T10/><D34/><U22/><E47/><V42/><F101/><W129/><G116/><T63/><D133/><U89/><E13/><V21/><F9/><W28/><G40/><T5/><D123/><U122/><E122/><V109/><F56/><W26/><G129/><T7/><D41/><U16/><E18/><V36/><F64/><W39/><G39/><T72/><D72/><U30/><E30/><V114/><F114/><W49/><G28/><T132/><D132/><U48/><E38/><V54/><F54/><W126/><G126/><T4/><AGARI ba="0,0" hai="3,4,5,6,7,10,51,55,58,63,65,71,92,94" machi="4" ten="30,1100,0" yaku="0,1" doraHai="134" who="0" fromWho="0" sc="323,11,219,-3,289,-3,169,-5" /><INIT seed="4,0,0,4,2,85" ten="334,216,286,164" oya="0" hai0="92,28,1,78,45,10,71,99,37,73,44,70,75" hai1="125,84,30,48,83,20,33,122,96,87,39,7,2" hai2="129,110,42,108,56,54,93,109,120,25,123,61,77" hai3="55,126,103,115,95,79,121,0,29,107,26,127,57"/><T106/><D28/><U82/><E39/><V90/><F129/><W113/><G0/><T86/><D86/><U17/><E122/><V81/><F42/><W62/><G107/><T6/><D45/><U47/><E125/><V53/><F53/><W50/><G79/><T105/><D92/><U66/><E66/><V112/><F25/><W76/><G76/><T64/><D64/><U3/><E96/><V89/><F93/><W8/><G8/><T16/><D16/><U88/><E7/><V18/><F18/><W91/><G103/><N who="0" m="62719" /><D106/><U38/><E38/><V63/><F63/><W35/><G50/><T111/><D111/><U74/><E74/><N who="0" m="28169" /><D78/><U49/><E33/><V119/><F123/><W101/><G101/><T69/><D69/><U58/><E30/><V46/><F120/><W31/><G29/><T65/><D65/><U124/><E124/><N who="3" m="47658" /><G121/><T72/><N who="0" m="28177" /><T94/><DORA hai="51" /><D94/><N who="1" m="54535" /><E87/><AGARI ba="0,0" hai="26,31,35,55,57,62,87,91,95,113,115" m="47658" machi="87" ten="30,3900,0" yaku="18,1,52,2" doraHai="85,51" who="3" fromWho="1" sc="334,0,216,-39,286,0,164,39" /><INIT seed="5,0,0,5,3,107" ten="334,177,286,203" oya="1" hai0="81,23,78,72,76,49,117,63,48,5,38,116,56" hai1="41,97,12,43,119,85,101,131,25,83,109,53,52" hai2="61,89,4,24,42,28,100,66,47,126,129,121,34" hai3="125,0,45,70,44,118,26,55,88,106,84,20,58"/><U69/><E69/><V93/><F121/><W46/><G70/><T60/><D38/><U65/><E119/><V110/><F129/><W130/><G130/><T6/><D23/><U77/><E131/><V17/><F100/><W133/><G133/><T1/><D81/><U37/><E109/><V75/><F126/><W33/><G125/><T80/><D80/><U135/><E65/><V29/><F4/><W134/><G134/><T71/><D71/><U21/><E12/><V18/><F29/><W82/><G0/><T11/><D11/><U104/><E135/><V19/><F61/><W30/><G106/><T111/><D56/><U73/><E85/><V102/><F102/><W95/><G118/><T31/><D31/><U13/><E13/><V2/><F66/><W15/><G15/><T105/><D105/><U115/><E115/><V90/><F2/><W62/><G33/><T51/><D1/><U96/><E96/><V74/><F110/><W87/><REACH who="3" step="1"/><G46/><REACH who="3" ten="334,177,286,193" step="2"/><T16/><D111/><U132/><E132/><V122/><F122/><W68/><G68/><T7/><D116/><U91/><E91/><AGARI ba="0,1" hai="20,26,30,44,45,55,58,62,82,84,87,88,91,95" machi="91" ten="30,8000,1" yaku="1,1,7,1,8,1,54,1,53,1" doraHai="107" doraHaiUra="50" who="3" fromWho="1" sc="334,0,177,-80,286,0,193,90" /><INIT seed="6,0,0,3,4,58" ten="334,97,286,283" oya="2" hai0="17,22,72,102,15,5,99,28,84,132,8,44,53" hai1="14,9,104,88,101,65,80,81,42,79,108,48,55" hai2="68,6,27,23,131,46,4,35,7,38,73,127,63" hai3="0,112,64,25,100,120,54,24,105,107,77,52,128"/><V94/><F73/><W13/><G0/><T57/><D72/><U74/><E108/><V90/><F35/><W96/><G120/><T89/><D132/><U85/><E42/><V19/><F131/><W95/><G128/><T2/><D44/><U1/><E1/><V119/><F119/><W109/><G112/><T130/><D130/><U36/><E36/><V60/><F68/><W121/><G109/><T122/><D122/><U86/><E74/><V76/><F76/><W124/><G124/><T18/><D28/><U39/><E39/><V51/><F38/><W135/><G77/><T62/><D2/><U32/><E32/><V37/><F37/><W115/><G115/><T133/><D133/><U10/><E65/><V70/><F70/><W71/><G13/><T40/><D40/><U87/><E87/><N who="2" m="52575" /><F127/><W16/><G121/><T34/><D34/><U97/><REACH who="1" step="1"/><E14/><REACH who="1" ten="334,87,286,283" step="2"/><V67/><F67/><W59/><G64/><T91/><D84/><U12/><E12/><V110/><F110/><W113/><G113/><T123/><D123/><U41/><E41/><AGARI ba="0,1" hai="4,6,7,19,23,27,41,46,51,60,63" m="52575" machi="41" ten="30,5800,0" yaku="8,1,52,2" doraHai="58" who="2" fromWho="1" sc="334,0,87,-58,286,68,283,0" /><INIT seed="6,1,0,0,0,111" ten="334,29,354,283" oya="2" hai0="94,104,87,43,5,35,74,44,54,70,57,48,14" hai1="47,115,59,118,16,77,9,34,42,1,66,123,20" hai2="8,55,17,130,103,46,117,40,31,85,108,3,109" hai3="89,37,80,114,64,134,7,69,71,62,90,88,38"/><V19/><F117/><W11/><G134/><T67/><D104/><U126/><E77/><V79/><F103/><W110/><G110/><N who="2" m="42601" /><F31/><W49/><G71/><T92/><D74/><U101/><E101/><V73/><F73/><W45/><G80/><T78/><D35/><U93/><E93/><V58/><F85/><W135/><G114/><T122/><D122/><U121/><E59/><V99/><F99/><W133/><G133/><T81/><D67/><U65/><E66/><V76/><F3/><W56/><G69/><T13/><D70/><U127/><E65/><V72/><F8/><W131/><G131/><T15/><REACH who="0" step="1"/><D5/><REACH who="0" ten="324,29,354,283" step="2"/><N who="1" m="1199" /><E34/><V24/><F130/><W107/><G107/><T106/><D106/><U53/><E118/><V95/><F72/><W119/><G119/><T125/><D125/><N who="1" m="47627" /><E53/><V33/><F33/><W112/><G135/><T86/><D86/><U50/><E115/><V96/><F55/><W41/><REACH who="3" step="1"/><G112/><REACH who="3" ten="324,29,354,273" step="2"/><T25/><D25/><AGARI ba="1,2" hai="16,20,25,42,47,50,121,123" m="47627,1199" machi="25" ten="30,2000,0" yaku="18,1,54,1" doraHai="111" who="1" fromWho="0" sc="324,-23,29,43,354,0,273,0" /><INIT seed="7,0,0,0,3,125" ten="301,72,354,273" oya="3" hai0="122,18,74,97,85,23,45,55,34,135,109,32,21" hai1="105,40,19,127,126,52,111,3,108,131,5,58,67" hai2="16,64,22,50,57,70,15,119,134,78,72,48,71" hai3="106,20,4,53,104,59,69,42,103,114,31,37,62"/><W1/><G114/><T61/><D74/><U110/><E105/><V24/><F119/><W14/><G103/><T56/><D122/><U96/><E96/><V87/><F72/><W89/><G1/><T25/><D109/><U91/><E91/><V130/><F87/><W41/><G41/><T65/><D135/><U9/><E67/><V132/><F78/><W54/><G69/><T129/><D129/><U82/><E82/><V99/><F130/><W117/><G117/><T43/><D65/><U0/><E40/><V2/><F2/><W66/><G4/><T94/><D23/><U76/><E76/><V73/><F73/><W102/><G89/><T92/><D85/><U88/><E88/><V36/><F36/><W13/><G102/><T38/><D92/><U28/><E0/><V27/><F71/><W8/><G42/><T7/><D7/><U6/><E6/><V11/><F70/><W121/><G37/><T29/><D29/><U84/><E28/><V107/><F107/><W95/><G95/><T98/><D98/><U17/><E84/><V83/><F83/><W46/><G66/><T68/><D68/><U113/><E113/><V93/><F93/><W133/><G31/><T39/><D38/><U30/><E30/><V47/><F64/><W100/><G106/><T118/><D118/><U26/><E131/><V12/><F134/><W128/><G133/><T44/><D44/><U63/><E26/><V101/><F101/><AGARI ba="0,0" hai="18,21,25,32,34,39,43,45,55,56,61,94,97,101" machi="101" ten="30,1000,0" yaku="7,1" doraHai="125" who="0" fromWho="2" sc="301,10,72,0,354,-10,273,0" owari="311,11.0,72,-43.0,344,45.0,273,-13.0" /></mjloggm>