<mjloggm ver="2.3"><GO type="169" lobby="0"/><UN n0="%52%69%2D%4D%6F%2D" n1="%E5%B0%B1%E6%B4%BB%E7%94%9F%40%E5%B7%9D%E6%9D%91%E8%BB%8D%E5%9B%A3" n2="%6D%61%73%61%73%69%6F" n3="%E3%82%AD%E3%83%9F%E3%82%BF%E3%83%9E%E3%82%B4" dan="16,18,16,16" rate="2071.19,2285.99,2127.85,2080.23" sx="M,M,M,M"/><TAIKYOKU oya="0"/><INIT seed="0,0,0,1,0,33" ten="250,250,250,250" oya="0" hai0="40,38,83,97,91,34,41,16,114,1,18,113,37" hai1="4,57,119,29,135,125,70,76,5,50,32,90,102" hai2="8,19,42,117,124,31,127,94,121,106,120,26,64" hai3="43,122,85,129,36,72,87,65,111,131,52,54,21"/><T98/><D34/><U45/><E70/><V48/><F106/><W66/><G72/><T81/><REACH who="0" step="1"/><D91/><REACH who="0" ten="240,250,250,250" step="2"/><U9/><E90/><V63/><F120/><W25/><G122/><T46/><D46/><U69/><E45/><V110/><F121/><W123/><G123/><T23/><D23/><U100/><E32/><V35/><F35/><W82/><G21/><T55/><D55/><U27/><E119/><V79/><F117/><W86/><G52/><T78/><D78/><U92/><E76/><V115/><F79/><W28/><G54/><T96/><D96/><U133/><E133/><V10/><F115/><W89/><G89/><T67/><D67/><U17/><E135/><V74/><F64/><W12/><G65/><T132/><D132/><U80/><E102/><V126/><F126/><W53/><G53/><T58/><D58/><U60/><E57/><V13/><F127/><W103/><G66/><T6/><D6/><U3/><E100/><V95/><F124/><W2/><G103/><T107/><D107/><U101/><E5/><V49/><F63/><W30/><G129/><T44/><D44/><U14/><E60/><V71/><F71/><W75/><G131/><T56/><D56/><U118/><E69/><V61/><F61/><W99/><G99/><T22/><D22/><U84/><E125/><V24/><F42/><W105/><G105/><T20/><D20/><U73/><E118/><V7/><F26/><W15/><G25/><T77/><D77/><U128/><E128/><V62/><F24/><W116/><G116/><T112/><D112/><U11/><E27/><RYUUKYOKU ba="0,1" sc="240,30,250,-10,250,-10,250,-10" hai0="1,16,18,37,38,40,41,81,83,97,98,113,114" /><INIT seed="0,1,1,1,5,91" ten="270,240,240,240" oya="0" hai0="106,31,49,74,86,133,30,16,48,127,116,101,35" hai1="93,89,114,113,92,99,22,95,43,2,121,108,18" hai2="126,107,88,52,51,70,4,81,85,27,41,34,76" hai3="40,57,109,15,132,90,73,67,58,6,115,29,26"/><T53/><D116/><U68/><E121/><V3/><F126/><W32/><G73/><T56/><D74/><U75/><E2/><V23/><F34/><W105/><G105/><T94/><D127/><U129/><E129/><V80/><F107/><W71/><G109/><T50/><D133/><U79/><E108/><V119/><F70/><W28/><G28/><N who="0" m="10795" /><D106/><U104/><E68/><V62/><F119/><W17/><G115/><N who="1" m="44042" /><E43/><V14/><F3/><W10/><G40/><T84/><D35/><U134/><E134/><V135/><F135/><W36/><G36/><T24/><D101/><N who="1" m="62527" /><E79/><V1/><F1/><W11/><G132/><T66/><D66/><U96/><E75/><V8/><F41/><W59/><G71/><T117/><D117/><U128/><E128/><V60/><F80/><W87/><G67/><T120/><D120/><U103/><E103/><V122/><F76/><W110/><G110/><T65/><D65/><U46/><E46/><N who="2" m="27767" /><F122/><W83/><G58/><T72/><D72/><U7/><E7/><V98/><F98/><W0/><AGARI ba="1,1" hai="0,6,10,11,15,17,26,29,32,57,59,83,87,90" machi="0" ten="20,1500,0" yaku="0,1,7,1" doraHai="91" who="3" fromWho="3" sc="270,-8,240,-5,240,-5,240,28" /><INIT seed="1,0,0,5,5,38" ten="262,235,235,268" oya="1" hai0="14,112,11,51,41,131,54,9,99,63,1,10,76" hai1="97,64,40,22,53,31,75,65,36,102,89,82,52" hai2="81,94,134,96,12,24,61,106,46,95,8,66,128" hai3="130,125,49,74,35,80,47,129,26,71,116,18,91"/><U70/><E75/><V60/><F134/><W119/><G71/><T57/><D112/><U108/><E108/><V73/><F128/><N who="3" m="49259" /><G125/><T28/><D131/><U135/><E135/><V13/><F13/><W3/><G3/><T43/><D1/><U0/><E0/><V114/><F61/><W15/><G26/><T17/><D76/><U77/><E77/><V127/><F24/><W68/><G68/><T20/><D28/><U37/><E22/><V115/><F127/><W27/><G27/><T85/><D85/><U34/><E34/><V30/><F30/><W84/><G74/><T42/><REACH who="0" step="1"/><D99/><REACH who="0" ten="252,235,235,268" step="2"/><U21/><E31/><V111/><F96/><W56/><G35/><T29/><D29/><U32/><E97/><V132/><F73/><W104/><G116/><T122/><D122/><U78/><E32/><V67/><F115/><W105/><G119/><T33/><D33/><U93/><E78/><V86/><F86/><W133/><G133/><T72/><D72/><U109/><E109/><V124/><F114/><W7/><G7/><T25/><D25/><U118/><E118/><V23/><F132/><W98/><G98/><T117/><D117/><U120/><E120/><V44/><F111/><W16/><G18/><T69/><D69/><U79/><E79/><V92/><F124/><W19/><G19/><T4/><D4/><U5/><E5/><V39/><F106/><W126/><G126/><T55/><D55/><U107/><E53/><V50/><F67/><W113/><G113/><T110/><D110/><U88/><E65/><V58/><F66/><W2/><G2/><RYUUKYOKU ba="0,1" sc="252,30,235,-10,235,-10,268,-10" hai0="9,10,11,14,17,20,41,42,43,51,54,57,63" /><INIT seed="2,1,1,1,5,52" ten="282,225,225,258" oya="2" hai0="43,127,99,12,72,135,101,30,110,84,16,103,88" hai1="94,56,113,18,119,49,95,120,50,76,86,54,40" hai2="132,112,33,133,7,5,2,70,80,115,126,78,48" hai3="96,85,42,47,64,77,90,122,55,69,116,100,11"/><V62/><F48/><W57/><G77/><T44/><D72/><U58/><E119/><V82/><F33/><W51/><G11/><T105/><D110/><U71/><E113/><N who="2" m="43595" /><F126/><W92/><G122/><T3/><D3/><U93/><E120/><V1/><F62/><W87/><G116/><T125/><D135/><N who="2" m="51786" /><F70/><W36/><G100/><T67/><D101/><U8/><E71/><V83/><F78/><W65/><G65/><T131/><D131/><U10/><E18/><V17/><F17/><W97/><G97/><T107/><D30/><U98/><E98/><V81/><N who="2" m="20480" /><DORA hai="74" /><V39/><F39/><W66/><G66/><T63/><D63/><AGARI ba="1,1" hai="36,42,47,51,55,57,63,64,69,85,87,90,92,96" machi="63" ten="40,5200,0" yaku="24,2,52,1" doraHai="52,74" who="3" fromWho="0" sc="282,-55,225,0,225,0,258,65" /><INIT seed="3,0,0,5,4,83" ten="227,225,225,323" oya="3" hai0="21,68,121,89,9,61,98,88,19,47,33,27,23" hai1="120,49,36,20,38,108,32,13,46,135,126,87,7" hai2="58,66,131,117,39,40,99,55,30,65,60,127,31" hai3="10,69,81,44,111,12,22,123,3,78,102,80,70"/><W1/><G123/><T76/><D121/><U91/><E32/><V92/><F117/><W128/><G102/><T85/><D33/><U48/><E120/><V112/><F112/><W43/><G80/><N who="0" m="47239" /><D68/><U42/><E126/><V8/><F131/><W16/><G128/><T97/><D9/><U35/><E35/><V107/><F107/><W45/><G45/><T86/><D61/><U106/><E106/><V103/><F127/><W77/><G77/><T75/><D75/><U115/><E115/><V96/><F96/><N who="0" m="36970" /><D47/><U56/><E135/><V57/><F40/><W14/><G111/><T29/><D86/><U73/><E73/><V5/><F39/><W84/><G69/><T26/><AGARI ba="0,0" hai="19,21,23,26,27,29,88,89" m="36970,47239" machi="26" ten="30,4000,0" yaku="8,1,52,1,54,1" doraHai="83" who="0" fromWho="0" sc="227,40,225,-10,225,-10,323,-20" /><INIT seed="4,0,0,0,5,123" ten="267,215,215,303" oya="0" hai0="56,94,14,2,82,43,38,107,54,40,108,20,84" hai1="111,115,63,78,58,88,99,122,80,74,52,79,34" hai2="47,0,92,100,22,21,24,86,1,110,114,31,116" hai3="44,130,93,50,37,101,16,83,106,64,132,120,113"/><T23/><D107/><U5/><E122/><V27/><F114/><W32/><G32/><T134/><D2/><U69/><E34/><V125/><F125/><W51/><G37/><T95/><D134/><U87/><E115/><V96/><F116/><W61/><G51/><N who="0" m="30815" /><D38/><U13/><E111/><V66/><F110/><W67/><G106/><T124/><D124/><U127/><E127/><V15/><F15/><W89/><G130/><T135/><D135/><U30/><E30/><V131/><F131/><W81/><G120/><T36/><D36/><U48/><E99/><V49/><F66/><W11/><G101/><T25/><D14/><U10/><E74/><V39/><F86/><W60/><G64/><T33/><D33/><U65/><AGARI ba="0,0" hai="5,10,13,48,52,58,63,65,69,78,79,80,87,88" machi="65" ten="30,4000,0" yaku="0,1,54,2" doraHai="123" who="1" fromWho="1" sc="267,-20,215,40,215,-10,303,-10" /><INIT seed="5,0,0,0,2,82" ten="247,255,205,293" oya="1" hai0="95,36,132,72,90,7,105,6,62,123,63,130,42" hai1="53,110,131,119,38,83,68,73,45,116,99,109,44" hai2="78,120,11,55,64,51,25,15,28,113,74,35,88" hai3="101,0,20,9,3,41,10,56,126,29,106,117,100"/><U127/><E68/><V112/><F120/><W98/><G101/><T16/><D105/><U118/><E131/><V65/><F78/><W91/><G3/><T22/><D72/><U37/><E127/><V103/><F74/><W77/><G77/><T40/><D132/><U107/><E73/><V84/><F103/><W80/><G0/><T115/><D115/><N who="2" m="44106" /><F55/><W52/><G41/><N who="0" m="15979" /><D36/><N who="1" m="13931" /><E83/><N who="2" m="49183" /><F51/><W46/><G46/><N who="1" m="18026" /><E99/><V24/><F24/><W59/><G59/><T13/><D130/><U75/><E75/><V19/><AGARI ba="0,0" hai="11,15,19,25,28,35,64,65" m="49183,44106" machi="19" ten="30,7900,0" yaku="15,1,11,1,52,1,54,1" doraHai="82" who="2" fromWho="2" sc="247,-20,255,-39,205,79,293,-20" /><INIT seed="6,0,0,0,3,37" ten="227,216,284,273" oya="2" hai0="38,106,69,44,85,70,64,1,99,22,110,58,118" hai1="32,111,83,80,133,128,93,24,94,8,39,98,119" hai2="126,87,41,13,43,46,84,92,35,27,3,21,82" hai3="108,120,95,75,100,134,97,0,91,71,78,56,57"/><V26/><F3/><W123/><G71/><T6/><D85/><U28/><E111/><V49/><F126/><W113/><G0/><T124/><D22/><U131/><E119/><V9/><F35/><W104/><G134/><T52/><D110/><U60/><E39/><V50/><F92/><W18/><G108/><T7/><D124/><U102/><E133/><V12/><F21/><W62/><G18/><T115/><D115/><U132/><E132/><V2/><F2/><W135/><G57/><T86/><D86/><U130/><E93/><V30/><F30/><W20/><G135/><T42/><D118/><U66/><REACH who="1" step="1"/><E8/><REACH who="1" ten="227,206,284,273" step="2"/><V109/><F109/><W89/><G113/><T29/><D38/><U10/><E10/><V129/><F9/><W103/><G95/><T31/><D106/><U112/><E112/><V74/><F82/><W45/><G104/><T63/><D99/><U73/><E73/><V59/><F74/><W90/><G97/><T19/><D1/><U36/><E36/><V54/><F84/><W72/><G72/><T14/><D7/><U33/><E33/><V15/><F87/><W16/><G75/><T67/><D6/><U5/><E5/><V101/><F101/><W81/><G103/><T47/><D69/><AGARI ba="0,1" hai="24,28,32,60,66,69,80,83,94,98,102,128,130,131" machi="69" ten="40,2600,0" yaku="1,1,19,1,53,0" doraHai="37" doraHaiUra="117" who="1" fromWho="0" sc="227,-26,206,36,284,0,273,0" /><INIT seed="7,0,0,1,3,8" ten="201,242,284,273" oya="3" hai0="107,70,54,100,109,37,88,26,10,74,97,1,38" hai1="119,96,90,89,127,43,83,48,113,86,31,5,124" hai2="82,69,40,122,91,99,85,57,12,92,106,132,27" hai3="80,77,105,129,16,0,115,73,93,61,84,104,55"/><W30/><G0/><T44/><D109/><U78/><E31/><V39/><F69/><W22/><G30/><T56/><D70/><U103/><E5/><V125/><F132/><W114/><G129/><T81/><D26/><U71/><E71/><V110/><F110/><W11/><G11/><T34/><D34/><U19/><E19/><V62/><F125/><N who="1" m="48201" /><E43/><V45/><F106/><W87/><G61/><T75/><D44/><U117/><E48/><V18/><F27/><N who="3" m="14791" /><G55/><T17/><D38/><U126/><E113/><N who="3" m="43018" /><G93/><T60/><D37/><U9/><E9/><V66/><F122/><W28/><G28/><T32/><D32/><U112/><E112/><V72/><F72/><W79/><G79/><T23/><D1/><U128/><E128/><V123/><F123/><W13/><G13/><T108/><D108/><U6/><E6/><V25/><F25/><W111/><G111/><T49/><D60/><U3/><E3/><V65/><F65/><W68/><G68/><T41/><D41/><U95/><E126/><V21/><REACH who="2" step="1"/><F82/><REACH who="2" ten="201,242,274,273" step="2"/><W102/><G105/><T121/><D121/><U35/><E35/><V116/><F116/><AGARI ba="0,1" hai="78,83,86,89,90,95,96,103,116,117,119" m="48201" machi="116" ten="30,7700,0" yaku="12,1,18,1,34,2" doraHai="8" who="1" fromWho="2" sc="201,0,242,87,274,-77,273,0" owari="201,-20.0,329,43.0,197,-30.0,273,7.0" /></mjloggm>