<mjloggm ver="2.3"><GO type="169" lobby="0"/><UN n0="%E3%82%A6%E3%83%AB%E3%83%88%E3%83%A9%E7%AB%8B%E7%9B%B4" n1="%E5%A4%AA%E3%81%8F%E3%81%AA%E3%81%84%E3%81%8A" n2="%E3%83%9E%E3%83%88%E3%83%AA%E3%83%83%E3%82%AF%E3%82%B9" n3="%E3%82%AB%E3%83%95%E3%82%A7%E3%83%AC%E3%82%AA" dan="17,19,16,16" rate="2152.98,2317.48,2129.55,2131.13" sx="M,F,M,M"/><TAIKYOKU oya="0"/><INIT seed="0,0,0,1,0,44" ten="250,250,250,250" oya="0" hai0="7,79,48,59,34,55,83,64,16,6,47,85,26" hai1="30,88,1,0,82,105,108,75,39,90,121,19,49" hai2="24,69,116,130,114,67,2,32,80,41,122,132,37" hai3="66,109,102,63,118,51,36,92,99,97,22,95,57"/><T35/><D35/><U101/><E39/><V60/><RYUUKYOKU type="yao9" ba="0,0" sc="250,0,250,0,250,0,250,0" hai2="2,24,32,37,41,60,67,69,80,114,116,122,130,132" /><INIT seed="0,1,0,3,4,50" ten="250,250,250,250" oya="0" hai0="19,1,74,117,6,67,58,135,84,89,110,129,41" hai1="107,112,132,103,86,40,113,133,92,27,124,54,123" hai2="2,95,100,76,25,105,51,91,33,42,0,30,12" hai3="102,46,121,14,59,72,77,29,28,81,24,104,93"/><T20/><D117/><U45/><E123/><V63/><F76/><W96/><G121/><T26/><D74/><U70/><E70/><V118/><F118/><W131/><G131/><T88/><D129/><U38/><E124/><V122/><F122/><W34/><G29/><T126/><D126/><U125/><E125/><V22/><F105/><W56/><G46/><T7/><D135/><N who="1" m="51787" /><E27/><V23/><F100/><W114/><G114/><N who="1" m="44138" /><E107/><V35/><F35/><W11/><REACH who="3" step="1"/><G104/><REACH who="3" ten="250,250,250,240" step="2"/><T3/><D110/><U68/><E68/><V111/><F111/><W119/><G119/><T116/><D116/><U80/><E103/><V53/><F30/><W8/><G8/><T16/><D1/><U120/><E120/><V21/><F0/><W71/><G71/><T32/><D3/><U130/><E130/><V31/><F2/><W17/><AGARI ba="1,1" hai="11,14,17,24,28,34,56,59,72,77,81,93,96,102" machi="17" ten="20,5200,0" yaku="1,1,0,1,7,1,53,1" doraHai="50" doraHaiUra="10" who="3" fromWho="3" sc="250,-27,250,-14,250,-14,240,65" /><INIT seed="1,0,0,4,3,88" ten="223,236,236,305" oya="1" hai0="67,56,27,134,1,126,74,70,49,94,99,30,59" hai1="97,111,110,5,58,72,87,103,135,42,45,19,101" hai2="57,6,20,37,80,2,71,64,118,48,78,21,85" hai3="54,10,73,66,38,26,114,3,81,122,51,127,84"/><U100/><E72/><V82/><F37/><W31/><G114/><T75/><D1/><U9/><E135/><V116/><F71/><W119/><G122/><T15/><D134/><U89/><E19/><V125/><F125/><W4/><G38/><T11/><D126/><U17/><E17/><V13/><F2/><W92/><G127/><T61/><D70/><U53/><E97/><V79/><F118/><W32/><G66/><T121/><D121/><U24/><E24/><V90/><F116/><W40/><G40/><T115/><D115/><U23/><E23/><V107/><F107/><W131/><G131/><T7/><D56/><U36/><E9/><V33/><F33/><W39/><G39/><T117/><D49/><U46/><E46/><V76/><F80/><W105/><G105/><T98/><D98/><U12/><E12/><V112/><F112/><W43/><G43/><T55/><D55/><U108/><E5/><V0/><F0/><W132/><G132/><T96/><D96/><U68/><E68/><V77/><N who="2" m="19456" /><DORA hai="133" /><V120/><F120/><W65/><G65/><T130/><D130/><U69/><E69/><V93/><F82/><W14/><G3/><T52/><D67/><U104/><E104/><V62/><REACH who="2" step="1"/><F48/><REACH who="2" ten="223,236,226,305" step="2"/><W106/><G106/><T83/><D83/><N who="1" m="49407" /><E103/><V113/><F113/><W34/><G34/><T124/><D124/><U35/><E35/><V128/><F128/><W47/><G119/><T28/><D117/><U60/><AGARI ba="0,1" hai="36,42,45,53,58,60,100,101,108,110,111" m="49407" machi="60" ten="30,3000,0" yaku="14,1,10,1" doraHai="88,133" who="1" fromWho="1" sc="223,-10,236,40,226,-10,305,-10" /><INIT seed="1,1,0,2,1,83" ten="213,276,216,295" oya="1" hai0="0,82,105,39,27,8,63,75,11,130,78,131,91" hai1="108,56,4,24,21,23,134,98,57,20,85,101,52" hai2="9,46,30,133,35,61,49,25,3,17,70,26,116" hai3="103,93,19,97,127,74,73,89,115,32,119,72,62"/><U7/><E134/><V79/><F116/><W53/><G32/><T33/><D105/><U37/><E37/><V88/><F133/><W14/><G115/><T135/><D135/><U126/><E126/><V64/><F79/><W22/><G127/><T132/><D132/><U80/><E108/><V44/><F46/><W67/><G53/><T95/><D39/><U6/><E24/><V18/><F26/><W29/><G29/><N who="0" m="19647" /><D63/><U16/><E16/><V96/><F3/><W111/><G111/><T99/><D0/><U28/><E28/><V68/><F68/><W125/><G125/><T109/><D109/><U58/><E98/><V77/><F77/><W55/><G55/><T102/><D102/><U65/><E101/><V50/><F9/><W120/><G120/><T41/><D41/><U71/><E71/><V122/><F122/><W112/><G112/><T123/><D123/><U51/><E65/><V40/><REACH who="2" step="1"/><F50/><REACH who="2" ten="213,276,206,295" step="2"/><W47/><G47/><T100/><D8/><U84/><E80/><V36/><F36/><W76/><G76/><T59/><D11/><U104/><E104/><V45/><F45/><AGARI ba="1,1" hai="4,6,7,20,21,23,45,51,52,56,57,58,84,85" machi="45" ten="50,18000,2" yaku="29,2,8,1,52,2,54,1" doraHai="83" who="1" fromWho="2" sc="213,0,276,193,206,-183,295,0" /><INIT seed="1,2,0,2,3,44" ten="213,469,23,295" oya="1" hai0="104,72,131,127,68,122,88,3,60,24,96,25,83" hai1="129,56,4,69,29,75,119,111,7,17,22,33,53" hai2="36,110,93,80,19,102,5,34,52,82,32,12,97" hai3="55,54,76,91,99,107,42,81,23,73,92,65,13"/><U85/><E75/><V89/><F36/><W133/><G133/><T39/><D3/><U27/><E119/><V77/><F110/><W8/><G65/><T124/><D39/><U125/><E69/><V40/><F40/><W10/><G42/><T6/><D6/><U0/><E125/><V59/><F5/><W31/><G107/><T121/><D24/><U26/><E129/><V130/><F130/><W95/><G95/><N who="0" m="56423" /><D25/><U45/><E111/><V28/><F28/><W47/><G31/><T114/><D60/><U79/><E45/><V35/><F102/><W37/><G37/><T86/><D68/><U90/><E79/><V62/><REACH who="2" step="1"/><F77/><REACH who="2" ten="213,469,13,295" step="2"/><W118/><G76/><N who="0" m="44423" /><D131/><U20/><E0/><V98/><F98/><W67/><G99/><T50/><D114/><U87/><E33/><V135/><F135/><W16/><G118/><T49/><D104/><U64/><E4/><V1/><F1/><W120/><G120/><N who="0" m="46187" /><D86/><U2/><E85/><V116/><F116/><W63/><G73/><T128/><D128/><U108/><E7/><V30/><F30/><W9/><G9/><AGARI ba="2,1" hai="9,12,19,32,34,35,52,59,62,80,82,89,93,97" machi="9" ten="40,2600,0" yaku="1,1,54,1,53,0" doraHai="44" doraHaiUra="46" who="2" fromWho="3" sc="213,0,469,0,13,42,295,-32" /><INIT seed="2,0,0,0,2,127" ten="213,469,55,263" oya="2" hai0="5,135,37,88,50,122,76,84,126,80,71,6,83" hai1="68,72,44,94,10,2,17,22,31,87,70,51,130" hai2="21,110,27,4,45,49,132,120,47,100,98,69,48" hai3="74,3,54,93,60,128,111,101,0,59,13,121,55"/><V108/><F120/><W119/><G121/><T67/><D122/><U91/><E72/><V125/><F69/><W109/><G119/><T8/><D37/><U24/><E130/><V107/><F125/><W85/><G128/><T123/><D123/><U134/><E134/><V9/><F132/><W117/><G74/><T36/><D36/><U66/><E66/><V63/><F63/><W82/><G117/><T25/><D135/><U52/><REACH who="1" step="1"/><E17/><REACH who="1" ten="213,459,55,263" step="2"/><N who="2" m="12719" /><F47/><W18/><G18/><T12/><D67/><U61/><E61/><V89/><F45/><W64/><G60/><T133/><D133/><U62/><E62/><V116/><F116/><W78/><G109/><N who="2" m="42089" /><F89/><W102/><G111/><T65/><D126/><U106/><E106/><V43/><F43/><W34/><G102/><T23/><D65/><U28/><E28/><V42/><F42/><W129/><G101/><T1/><D71/><U105/><E105/><V95/><F107/><W113/><G64/><T14/><D50/><U104/><E104/><V16/><F16/><W39/><G39/><T26/><D88/><U115/><E115/><V114/><F114/><W20/><G113/><T81/><D76/><U90/><E90/><V112/><F112/><W79/><G78/><T96/><D6/><AGARI ba="0,1" hai="2,6,10,22,24,31,44,51,52,68,70,87,91,94" machi="6" ten="40,2600,0" yaku="1,1,54,1,53,0" doraHai="127" doraHaiUra="15" who="1" fromWho="0" sc="213,-26,459,36,55,0,263,0" /><INIT seed="3,0,0,1,2,19" ten="187,495,55,263" oya="3" hai0="86,132,3,69,109,121,9,41,26,97,127,32,47" hai1="45,67,100,33,51,16,42,14,29,103,28,79,120" hai2="50,89,66,20,68,22,126,99,54,102,40,72,31" hai3="6,17,44,114,34,49,88,64,70,37,122,11,59"/><W10/><G122/><T46/><D46/><U82/><E120/><V101/><F72/><W56/><G34/><T13/><D86/><N who="1" m="48479" /><E33/><V48/><F126/><W116/><G37/><T73/><D13/><U96/><E67/><V25/><F68/><W21/><G70/><T7/><D97/><U84/><E84/><V12/><F66/><W91/><G114/><T105/><D47/><U117/><E117/><V131/><F131/><W60/><G116/><T112/><D26/><U61/><E61/><V1/><F1/><W83/><G59/><T71/><D9/><N who="3" m="3081" /><G6/><T63/><D41/><U98/><E98/><V57/><F40/><N who="3" m="24711" /><G83/><T87/><D7/><U58/><E58/><V115/><F115/><W135/><G135/><T130/><D63/><U124/><E124/><V35/><F50/><W80/><G80/><T23/><D87/><U38/><E38/><V107/><F35/><W94/><G94/><T118/><D23/><N who="1" m="11671" /><E96/><V113/><F113/><W30/><G30/><AGARI ba="0,0" hai="28,29,30,42,45,51,100,103" m="11671,48479" machi="30" ten="30,3900,0" yaku="8,1,52,1,54,1" doraHai="19" who="1" fromWho="3" sc="187,0,495,39,55,0,263,-39" /><INIT seed="4,0,0,5,0,109" ten="187,534,55,224" oya="0" hai0="79,29,77,54,82,43,107,27,120,93,64,10,94" hai1="99,118,4,106,90,103,12,21,114,25,65,110,95" hai2="75,33,22,112,1,102,70,85,134,105,97,131,57" hai3="92,50,42,16,37,117,98,111,32,80,23,60,62"/><T88/><D107/><U35/><E35/><V127/><RYUUKYOKU type="yao9" ba="0,0" sc="187,0,534,0,55,0,224,0" hai2="1,22,33,57,70,75,85,97,102,105,112,127,131,134" /><INIT seed="4,1,0,2,2,47" ten="187,534,55,224" oya="0" hai0="129,71,95,42,4,35,100,32,14,56,66,7,15" hai1="20,63,109,51,49,58,114,29,9,26,8,52,11" hai2="132,37,54,111,120,75,21,98,128,116,118,33,57" hai3="90,92,59,125,30,67,73,65,80,135,64,17,122"/><T102/><D56/><U77/><E109/><V38/><F33/><W68/><G68/><T123/><D95/><U131/><E131/><V61/><F75/><W22/><G125/><T93/><D93/><U126/><E126/><V94/><F111/><W130/><G130/><T50/><D129/><U6/><E114/><V34/><F34/><W60/><G135/><T62/><D62/><U39/><E39/><V119/><F128/><W97/><G30/><T16/><D42/><U40/><E40/><V106/><F106/><W41/><G41/><T104/><D66/><U99/><E77/><V5/><F5/><W121/><G121/><T27/><D27/><U70/><E70/><V113/><F120/><W76/><REACH who="3" step="1"/><G122/><REACH who="3" ten="187,534,55,214" step="2"/><T31/><D71/><U107/><E6/><V74/><F132/><W43/><G43/><T89/><D31/><U79/><E79/><V112/><F74/><W81/><G81/><T3/><D123/><U44/><E44/><V48/><F21/><W78/><G78/><T0/><D7/><U115/><E115/><N who="2" m="44107" /><F61/><W53/><G53/><T85/><D4/><U105/><E63/><V86/><F86/><W55/><G55/><T124/><D85/><U13/><E52/><V12/><F12/><AGARI ba="1,1" hai="12,17,22,59,60,64,65,67,73,76,80,90,92,97" machi="12" ten="30,2000,0" yaku="1,1,7,1,53,0" doraHai="47" doraHaiUra="101" who="3" fromWho="2" sc="187,0,534,0,55,-23,214,33" /><INIT seed="5,0,0,3,2,1" ten="187,534,32,247" oya="1" hai0="15,89,5,20,135,48,83,71,41,116,123,129,19" hai1="36,101,86,59,125,119,98,10,93,65,96,28,17" hai2="54,79,76,122,84,113,26,109,39,46,105,61,97" hai3="9,34,6,51,90,52,47,70,126,80,75,120,60"/><U13/><E36/><V35/><F109/><W134/><G34/><T111/><D71/><U91/><E119/><V106/><F122/><W55/><G134/><T107/><D107/><U69/><E69/><V25/><F39/><W77/><G126/><T131/><D111/><U72/><E72/><V3/><F3/><W110/><G120/><T92/><D116/><U99/><E125/><V24/><F35/><W108/><G90/><T87/><D135/><U118/><E118/><V21/><F21/><W117/><G117/><T42/><D123/><U53/><E65/><V12/><F12/><W4/><G4/><T88/><D5/><U127/><E28/><V68/><F68/><W95/><G95/><T22/><D22/><U128/><E128/><N who="0" m="49225" /><D48/><U73/><E73/><V32/><F32/><W30/><G30/><T64/><D64/><U31/><E31/><V124/><F124/><W16/><G70/><T121/><D121/><U38/><E38/><V14/><F105/><W66/><G66/><T62/><D62/><U8/><E8/><V102/><F61/><W94/><G60/><T18/><D18/><U133/><E133/><V85/><F106/><W115/><G16/><T27/><D27/><U11/><E11/><V82/><F25/><W23/><G110/><T43/><D92/><N who="1" m="54391" /><E127/><V132/><F132/><W78/><G108/><T49/><D49/><AGARI ba="0,0" hai="10,13,17,49,53,59,93,96,98,99,101" m="54391" machi="49" ten="30,1500,0" yaku="8,1" doraHai="1" who="1" fromWho="0" sc="187,-15,534,15,32,0,247,0" /><INIT seed="5,1,0,0,5,47" ten="172,549,32,247" oya="1" hai0="41,124,62,86,23,89,87,55,75,56,30,134,76" hai1="80,70,112,82,125,18,13,129,33,67,11,66,58" hai2="107,83,122,91,65,44,69,22,57,27,16,96,39" hai3="38,21,49,37,15,126,77,9,109,106,34,0,108"/><U131/><E33/><V102/><F122/><W40/><G106/><T73/><D124/><U7/><E70/><V10/><F69/><W45/><G34/><T95/><D134/><U26/><E125/><V3/><F39/><W1/><G126/><T135/><D135/><U43/><E43/><V17/><F44/><W51/><G21/><T85/><D41/><U36/><E36/><V8/><F3/><W53/><G77/><T123/><D123/><U61/><E67/><V98/><F17/><W79/><G79/><T99/><D76/><U24/><E112/><V105/><F83/><N who="1" m="31785" /><E7/><V114/><F114/><W104/><G104/><T127/><D127/><U118/><E118/><V48/><F65/><W113/><G113/><T12/><D75/><U31/><E31/><V111/><F111/><W60/><G38/><T64/><D73/><U128/><AGARI ba="1,0" hai="11,13,18,24,26,58,61,66,128,129,131" m="31785" machi="128" ten="40,2100,0" yaku="19,1" doraHai="47" who="1" fromWho="1" sc="172,-8,549,24,32,-8,247,-8" /><INIT seed="5,2,0,3,5,20" ten="164,573,24,239" oya="1" hai0="95,79,47,103,21,134,125,34,36,11,42,122,84" hai1="121,98,12,93,64,32,7,119,62,111,74,39,58" hai2="90,13,61,52,91,135,67,124,126,1,40,50,97" hai3="48,65,55,132,131,29,76,70,31,81,35,99,53"/><U80/><E39/><V113/><F1/><W127/><G132/><T83/><D34/><U57/><E32/><V23/><F135/><W94/><G131/><T19/><D134/><U8/><E119/><V108/><F108/><W129/><G127/><N who="2" m="48681" /><F40/><W2/><G2/><T88/><D125/><U33/><E33/><V114/><F13/><W66/><G70/><T72/><D122/><U3/><E121/><V87/><F97/><W16/><G55/><T5/><D103/><U118/><E118/><V0/><F0/><W30/><G35/><T54/><D54/><U27/><E12/><V63/><F23/><W115/><G115/><N who="2" m="44041" /><F67/><W17/><G66/><T68/><D11/><U28/><E98/><V10/><F10/><W110/><G65/><T4/><D4/><U46/><E7/><V15/><F15/><W86/><G129/><T56/><D5/><U59/><E64/><V123/><F123/><W107/><G110/><T41/><D21/><U112/><E8/><V116/><F116/><W6/><G6/><T73/><D42/><U85/><E3/><V101/><F101/><W18/><G99/><T78/><D41/><U109/><E109/><V45/><F91/><W104/><G104/><T105/><D88/><U77/><E111/><V106/><F106/><W25/><G107/><T51/><D105/><U82/><E112/><V14/><F14/><W128/><G128/><T44/><D36/><U92/><E77/><V75/><F75/><W102/><G102/><T60/><D73/><U100/><E74/><V96/><F96/><W130/><G130/><T117/><D72/><RYUUKYOKU ba="2,0" sc="164,-10,573,-10,24,30,239,-10" hai2="45,50,52,61,63,87,90" /><INIT seed="6,3,0,1,5,65" ten="154,563,54,229" oya="2" hai0="62,119,32,40,78,87,98,91,59,66,67,115,106" hai1="44,39,86,23,118,125,73,31,100,27,112,14,92" hai2="97,120,99,6,13,53,38,82,46,22,130,133,107" hai3="79,5,18,134,10,17,1,60,71,114,2,96,94"/><V123/><F130/><W70/><G134/><T16/><D32/><U80/><E118/><V110/><F133/><W88/><G79/><T19/><D115/><U55/><E73/><V127/><F127/><W26/><G2/><T101/><D119/><U76/><E112/><V129/><F129/><W103/><G60/><T3/><D3/><U95/><E125/><V90/><F110/><W25/><G114/><T37/><D40/><U41/><E100/><V85/><F38/><W74/><G74/><T116/><D37/><U54/><E14/><V33/><F33/><W111/><G111/><T48/><D116/><U132/><E132/><V109/><F109/><W56/><G56/><T64/><D48/><U77/><E77/><V49/><F107/><W45/><G45/><T8/><D78/><U29/><E29/><V93/><F99/><W105/><G25/><T42/><D42/><U113/><E113/><V58/><F6/><W35/><G35/><T15/><REACH who="0" step="1"/><D19/><REACH who="0" ten="144,563,54,229" step="2"/><U7/><E76/><V11/><F22/><W0/><G0/><T108/><D108/><U34/><E23/><V104/><F104/><W121/><G18/><T51/><D51/><U9/><E34/><V43/><F43/><W102/><G105/><T36/><D36/><U63/><E41/><V47/><F123/><W57/><G121/><T68/><D68/><U128/><E39/><V50/><F50/><W117/><G117/><T84/><D84/><U20/><E20/><V61/><F120/><W83/><G1/><T131/><D131/><U52/><E128/><V124/><F124/><W75/><G75/><RYUUKYOKU ba="3,1" sc="144,30,563,-10,54,-10,229,-10" hai0="8,15,16,59,62,64,66,67,87,91,98,101,106" /><INIT seed="7,4,1,5,4,89" ten="174,553,44,219" oya="3" hai0="22,23,126,67,70,53,105,36,0,83,106,66,41" hai1="28,119,59,131,75,111,71,96,100,40,50,94,33" hai2="37,54,114,20,99,45,79,110,78,72,135,57,123" hai3="3,27,2,43,104,18,124,82,6,38,102,84,39"/><W5/><G124/><T11/><D83/><U56/><E71/><V134/><F110/><W49/><G104/><T86/><D86/><U101/><E75/><V52/><F72/><W98/><G27/><T120/><D11/><U73/><E73/><V121/><F20/><W34/><G18/><T97/><D97/><U65/><E111/><V115/><F99/><W85/><G43/><T44/><D41/><U46/><E131/><V58/><F79/><W8/><G82/><T130/><D44/><U118/><E100/><V92/><F78/><W132/><G34/><T13/><D70/><U1/><E65/><V32/><F32/><W87/><G49/><T9/><D36/><U95/><E28/><V12/><F12/><W55/><G55/><N who="2" m="21033" /><F92/><W10/><G132/><N who="2" m="50729" /><F45/><W107/><AGARI ba="4,1" hai="2,3,5,6,8,10,38,39,84,85,87,98,102,107" machi="107" ten="30,3000,0" yaku="0,1,9,1" doraHai="89" who="3" fromWho="3" sc="174,-14,553,-14,44,-14,219,52" /><INIT seed="7,5,0,0,4,46" ten="160,539,30,271" oya="3" hai0="110,50,34,87,15,99,27,111,70,11,35,90,58" hai1="117,128,132,32,109,45,0,10,129,16,28,36,113" hai2="24,6,5,124,135,98,41,62,122,100,96,42,73" hai3="131,119,108,39,88,33,4,97,9,115,79,25,120"/><W69/><G39/><T71/><D99/><U66/><E66/><V43/><F73/><W7/><G69/><T12/><D87/><U44/><E109/><V19/><F124/><W61/><G61/><T89/><D58/><U65/><E65/><V60/><F135/><W134/><G79/><T78/><D27/><U95/><E28/><V133/><F133/><W63/><G63/><T21/><D21/><U55/><E32/><V48/><F122/><W106/><G25/><T102/><D102/><U104/><E104/><V85/><F85/><W93/><G7/><T3/><D11/><U112/><E117/><V91/><F43/><W18/><G18/><T29/><D29/><U67/><E16/><V37/><F37/><W84/><G84/><T76/><D3/><U54/><E0/><V51/><F19/><W2/><G33/><T13/><D13/><U77/><E77/><V105/><F105/><W80/><G106/><T82/><D82/><U103/><E67/><V101/><F24/><W52/><G119/><T17/><D17/><U83/><E83/><V81/><F81/><W75/><G80/><T47/><D47/><U68/><E45/><V22/><F91/><W38/><G88/><T127/><D127/><U72/><E103/><V23/><AGARI ba="5,0" hai="5,6,22,23,41,42,48,51,60,62,96,98,100,101" machi="23" ten="25,12000,2" yaku="0,1,22,2,8,1,52,2" doraHai="46" who="2" fromWho="2" sc="160,-35,539,-35,30,135,271,-65" owari="125,-37.0,504,59.0,165,-23.0,206,1.0" /></mjloggm>