<mjloggm ver="2.3"><GO type="169" lobby="0"/><UN n0="%E3%83%A9%E3%83%A0%E3%83%80%E3%81%95%E3%82%93" n1="%E3%82%A6%E3%83%AB%E3%83%88%E3%83%A9%E7%AB%8B%E7%9B%B4" n2="%EF%BC%BA%EF%BC%A5%EF%BC%B2%EF%BC%AF%EF%BC%8D%EF%BC%AD%EF%BC%A1%EF%BC%B8" n3="%E3%81%B2%E3%81%90%E3%81%A1" dan="17,18,16,17" rate="2183.90,2196.41,2137.74,2229.79" sx="M,M,M,M"/><TAIKYOKU oya="0"/><INIT seed="0,0,0,5,5,105" ten="250,250,250,250" oya="0" hai0="9,38,129,5,102,21,26,120,127,85,119,130,114" hai1="11,134,75,72,110,17,37,124,47,29,65,13,117" hai2="92,81,59,126,20,61,100,46,51,104,19,73,53" hai3="125,79,99,82,67,6,76,121,18,12,98,132,106"/><T15/><D38/><U88/><E117/><V96/><F126/><W16/><G121/><T135/><D102/><U107/><E107/><V40/><F81/><W42/><G125/><T97/><D97/><N who="3" m="36873" /><G106/><T57/><D127/><U63/><E124/><V101/><F104/><W28/><G132/><T118/><D57/><U89/><E29/><V103/><REACH who="2" step="1"/><F73/><REACH who="2" ten="250,250,240,250" step="2"/><W74/><G74/><T43/><D119/><U24/><E75/><V66/><F66/><W95/><G67/><T1/><D118/><U41/><E72/><V34/><F34/><W45/><G82/><T30/><D120/><U131/><E134/><V35/><F35/><W54/><G95/><T84/><D135/><U4/><E131/><V87/><F87/><W25/><G79/><T68/><D130/><U8/><E110/><V55/><F55/><W10/><G54/><T90/><D129/><U49/><E37/><V3/><F3/><W7/><G76/><T48/><D84/><U123/><E123/><V77/><F77/><W60/><G42/><T111/><D111/><U122/><E122/><V56/><F56/><W33/><G33/><T115/><D1/><U62/><E65/><V27/><AGARI ba="0,1" hai="19,20,27,40,46,51,53,59,61,92,96,100,101,103" machi="27" ten="20,8000,1" yaku="1,1,0,1,7,1,8,1,53,1" doraHai="105" doraHaiUra="52" who="2" fromWho="2" sc="250,-40,250,-20,240,90,250,-20" /><INIT seed="1,0,0,0,1,23" ten="210,230,330,230" oya="1" hai0="3,31,2,8,90,25,50,45,57,11,75,112,101" hai1="18,29,109,121,134,123,83,106,0,37,44,49,80" hai2="61,39,93,114,116,113,19,34,28,74,10,129,53" hai3="30,51,105,48,54,119,94,14,84,91,104,41,85"/><U133/><E37/><V131/><F116/><W77/><G119/><T24/><D112/><N who="2" m="43114" /><F39/><W70/><G70/><T107/><D75/><U4/><E106/><V103/><F74/><W124/><G124/><T76/><D76/><U73/><E29/><V35/><F93/><W46/><G30/><T42/><D107/><U63/><E4/><V6/><F103/><W128/><G128/><T88/><D101/><U81/><E0/><N who="2" m="327" /><F28/><W86/><G14/><T108/><D108/><U122/><E109/><V16/><F53/><W7/><G7/><T20/><D2/><U55/><E73/><V87/><F87/><W59/><REACH who="3" step="1"/><G86/><REACH who="3" ten="210,230,330,220" step="2"/><T43/><D3/><U64/><REACH who="1" step="1"/><E18/><REACH who="1" ten="210,220,330,220" step="2"/><V21/><F19/><W132/><G132/><T15/><D31/><U13/><E13/><V32/><F61/><W47/><G47/><T36/><D15/><AGARI ba="0,2" hai="15,16,21,32,34,35,129,131" m="327,43114" machi="15" ten="40,8000,1" yaku="11,1,34,2,54,1" doraHai="23" who="2" fromWho="0" sc="210,-80,220,0,330,100,220,0" /><INIT seed="2,0,0,0,2,83" ten="130,220,430,220" oya="2" hai0="89,61,30,17,106,13,95,5,96,126,56,74,22" hai1="87,24,64,44,19,107,120,50,36,1,16,47,123" hai2="132,133,119,112,103,121,57,124,40,2,104,78,60" hai3="6,101,53,86,18,91,45,108,20,79,29,37,62"/><V129/><F112/><W135/><G108/><T43/><D74/><U3/><E107/><V59/><F119/><W34/><G135/><T72/><D72/><U102/><E64/><V4/><F121/><N who="1" m="46665" /><E102/><V85/><F129/><W134/><G134/><N who="2" m="51817" /><F124/><W10/><G79/><T114/><D114/><U76/><E36/><V11/><F40/><W125/><G125/><T49/><D126/><U38/><E38/><V28/><F28/><W97/><G29/><T65/><D106/><U48/><E24/><V94/><F60/><W99/><G34/><T110/><D110/><U115/><E115/><V109/><F109/><W113/><G113/><T0/><D0/><N who="1" m="75" /><E87/><V67/><F67/><W8/><G37/><T100/><D5/><U92/><E92/><V23/><F104/><W63/><G6/><T93/><D30/><U131/><E76/><V7/><F94/><N who="3" m="54647" /><G101/><T15/><D13/><U33/><E33/><V66/><F7/><W77/><G77/><T73/><D73/><U31/><E31/><V21/><F103/><W52/><G99/><T122/><D122/><U90/><E90/><V98/><F98/><W55/><G97/><T27/><D27/><U25/><E131/><V39/><F39/><W35/><G35/><T118/><D118/><U41/><E25/><V51/><F4/><W111/><G111/><T46/><D95/><U84/><E84/><V130/><F78/><W127/><G127/><T69/><D100/><U26/><E26/><V80/><F130/><W81/><G81/><T82/><D82/><U117/><E117/><V71/><F80/><W70/><G70/><RYUUKYOKU ba="0,0" sc="130,15,220,15,430,-15,220,-15" hai0="15,17,22,43,46,49,56,61,65,69,89,93,96" hai1="16,19,41,44,47,48,50" /><INIT seed="3,1,0,1,3,37" ten="145,235,415,205" oya="3" hai0="11,132,20,16,33,94,18,72,129,115,29,105,17" hai1="109,81,135,31,10,99,4,8,76,47,102,63,116" hai2="112,91,27,120,46,19,59,70,57,56,0,96,12" hai3="51,39,101,114,68,78,130,83,118,3,1,54,73"/><W111/><G118/><T79/><D105/><U89/><E116/><V110/><F112/><W45/><G114/><T113/><D79/><U6/><E109/><V133/><F0/><W122/><G122/><T128/><D72/><U34/><E135/><V23/><F70/><W124/><G68/><T104/><D104/><U106/><E89/><V97/><F110/><W22/><G111/><T15/><D94/><U121/><E121/><V86/><F120/><W67/><G67/><T42/><D42/><U82/><E63/><V126/><F133/><W61/><G124/><T25/><D132/><U123/><E123/><V32/><F126/><W77/><G130/><N who="0" m="50283" /><D18/><U127/><E127/><V58/><F19/><W26/><G101/><T52/><D52/><U28/><E47/><V66/><F46/><W5/><G61/><T134/><D134/><U2/><E81/><V87/><F66/><W93/><G93/><T48/><D48/><U119/><E119/><V41/><F41/><W24/><G78/><T44/><D44/><U30/><E82/><V7/><F56/><W65/><G65/><T43/><D43/><U98/><E76/><V100/><F59/><W36/><G36/><T35/><D35/><U74/><E74/><V13/><F32/><W38/><G38/><T60/><D60/><U64/><E64/><V62/><F58/><W55/><G55/><T117/><D117/><U71/><E71/><V50/><F57/><W131/><G39/><T88/><D88/><U90/><E90/><V108/><F62/><W84/><G131/><T49/><D49/><U75/><E106/><RYUUKYOKU ba="1,0" sc="145,30,235,-10,415,-10,205,-10" hai0="11,15,16,17,20,25,29,33,113,115" /><INIT seed="4,2,0,3,2,19" ten="175,225,405,195" oya="0" hai0="8,60,40,76,57,16,38,7,52,121,42,73,34" hai1="74,94,20,33,67,83,88,37,2,50,15,100,48" hai2="132,5,102,122,110,64,128,47,51,46,135,12,66" hai3="99,86,77,59,78,56,126,23,98,0,80,131,17"/><T95/><D121/><U104/><E33/><V61/><F110/><W28/><G0/><T84/><D34/><U10/><E37/><V130/><F122/><W25/><G131/><N who="2" m="50217" /><F102/><W29/><G126/><T43/><D73/><U68/><E68/><N who="2" m="41999" /><F66/><W123/><G123/><T1/><D38/><U114/><E67/><V90/><F90/><W134/><G134/><N who="2" m="51241" /><F51/><W127/><G127/><T119/><D119/><U125/><E125/><V120/><F120/><W58/><REACH who="3" step="1"/><G77/><REACH who="3" ten="175,225,405,185" step="2"/><T21/><D76/><N who="1" m="44439" /><E2/><V72/><F72/><W116/><G116/><T11/><D1/><U24/><E114/><V39/><F39/><W6/><G6/><T26/><D7/><U118/><E118/><V111/><F111/><W55/><G55/><T113/><D113/><U117/><E117/><V36/><F36/><W82/><G82/><T93/><D84/><U65/><E65/><V85/><F85/><W53/><G53/><T18/><D18/><U45/><E45/><V97/><F97/><AGARI ba="2,1" hai="17,23,25,28,29,56,58,59,78,80,86,97,98,99" machi="97" ten="40,5200,0" yaku="1,1,8,1,52,1,53,0" doraHai="19" doraHaiUra="44" who="3" fromWho="2" sc="175,0,225,0,405,-58,185,68" /><INIT seed="5,0,0,4,2,18" ten="175,225,347,253" oya="1" hai0="79,109,113,93,25,57,38,94,127,92,53,120,42" hai1="12,100,15,83,104,133,126,66,59,129,13,28,16" hai2="65,46,20,40,41,44,39,3,64,130,72,111,107" hai3="27,23,0,77,1,29,11,19,103,90,135,116,30"/><U89/><E126/><V32/><F32/><W9/><G77/><T5/><D109/><U115/><E115/><V60/><F111/><W33/><G103/><T110/><D110/><U121/><E121/><V82/><F107/><W78/><G78/><T84/><D113/><U134/><E28/><V62/><F3/><N who="3" m="1099" /><G90/><T71/><D71/><U7/><E7/><V68/><F130/><W21/><G135/><N who="1" m="51722" /><E129/><V106/><F106/><W80/><G80/><T102/><D127/><U85/><E100/><V105/><F105/><W87/><G87/><T35/><D120/><U119/><E104/><V125/><F125/><W61/><G61/><T114/><D114/><U56/><E119/><V101/><F101/><W4/><G116/><T51/><D5/><U73/><E73/><V97/><F97/><W123/><G123/><T117/><D117/><U50/><E59/><V74/><F20/><N who="3" m="13727" /><G33/><T69/><D69/><U75/><E75/><V58/><F82/><W17/><G23/><T52/><D102/><U6/><E66/><V88/><F88/><W48/><G48/><AGARI ba="0,0" hai="39,40,41,44,46,48,58,60,62,64,65,68,72,74" machi="48" ten="30,1000,0" yaku="7,1" doraHai="18" who="2" fromWho="3" sc="175,0,225,0,347,10,253,-10" /><INIT seed="6,0,0,3,2,102" ten="175,225,357,243" oya="2" hai0="85,135,92,101,55,100,77,15,96,115,48,19,79" hai1="97,133,108,70,9,73,71,130,43,69,64,87,41" hai2="24,65,120,14,103,104,82,107,52,66,4,20,53" hai3="49,131,36,40,98,84,81,80,13,59,54,60,51"/><V46/><F120/><W25/><G131/><T8/><D115/><U121/><E73/><V0/><F0/><W117/><G117/><T42/><D135/><U132/><E108/><V111/><F111/><W118/><G118/><T45/><D101/><U44/><E130/><V88/><F66/><W17/><G25/><T89/><REACH who="0" step="1"/><D42/><REACH who="0" ten="165,225,357,243" step="2"/><U30/><E43/><V12/><F103/><W129/><G40/><T35/><D35/><U109/><E41/><V90/><F65/><W63/><G36/><T110/><D110/><U86/><E109/><V68/><F53/><W95/><G129/><T27/><D27/><U37/><E64/><V83/><F52/><W106/><G54/><T76/><D76/><U57/><E37/><V6/><F24/><W75/><G51/><T26/><D26/><U127/><E132/><V124/><F90/><W11/><G49/><T119/><D119/><U123/><E133/><V91/><F88/><W10/><G63/><T112/><D112/><U47/><E123/><V62/><F91/><W2/><G60/><T58/><D58/><U125/><E121/><V113/><F62/><W1/><G59/><T116/><D116/><U94/><E71/><V61/><F61/><W31/><G31/><T5/><D5/><U23/><E57/><V28/><F4/><W16/><G17/><T3/><D3/><U29/><E70/><V33/><F6/><W114/><G16/><T38/><D38/><U56/><E56/><V22/><F68/><W78/><G114/><T21/><D21/><U128/><E69/><V72/><F113/><W34/><G1/><RYUUKYOKU ba="0,1" sc="165,30,225,-10,357,-10,243,-10" hai0="8,15,19,45,48,55,77,79,85,89,92,96,100" /><INIT seed="7,1,1,4,1,43" ten="195,215,347,233" oya="3" hai0="49,87,88,31,9,41,81,11,105,128,4,104,78" hai1="40,70,114,13,47,107,45,18,2,60,54,117,83" hai2="53,75,14,29,1,119,76,55,68,93,91,52,98" hai3="129,102,110,131,73,121,25,15,106,48,27,21,66"/><W20/><G73/><T74/><D128/><N who="3" m="49225" /><G121/><T46/><D31/><U118/><E2/><V97/><F1/><W36/><G36/><T71/><D71/><U92/><E107/><V22/><F68/><W90/><G66/><T134/><D134/><U123/><E123/><V101/><F119/><W100/><G15/><T5/><D11/><U86/><E92/><V63/><F75/><W72/><G72/><T65/><D65/><N who="1" m="41255" /><E54/><V84/><F76/><W6/><G6/><T64/><D64/><U10/><E40/><V59/><F97/><W33/><G33/><T28/><D28/><U42/><E42/><V69/><F69/><W94/><G48/><T79/><D4/><U39/><E39/><V61/><F61/><W120/><G110/><T103/><D103/><N who="3" m="39465" /><G106/><T127/><D127/><U135/><E135/><V82/><F14/><W7/><G7/><T96/><D96/><U24/><E24/><AGARI ba="1,1" hai="22,24,29,52,53,55,59,63,82,84,91,93,98,101" machi="24" ten="40,2600,0" yaku="8,1,54,1" doraHai="43" who="2" fromWho="1" sc="195,0,215,-29,347,39,233,0" owari="195,-20.0,186,-31.0,386,48.0,233,3.0" /></mjloggm>