<mjloggm ver="2.3"><GO type="169" lobby="0"/><UN n0="%E3%81%91%E3%81%84%E3%81%99%E3%81%91%EF%BC%A0%EF%BC%AB%EF%BC%B5" n1="%E3%82%A6%E3%83%AB%E3%83%88%E3%83%A9%E7%AB%8B%E7%9B%B4" n2="%E6%9A%97%E3%81%84%E7%AC%A6" n3="%E3%82%B5%E3%83%B3%E3%83%9E%E9%81%93%E6%A5%BD%E4%BB%A3%E8%A1%A8" dan="16,17,18,17" rate="2074.18,2227.01,2290.00,2263.23" sx="M,M,M,M"/><TAIKYOKU oya="0"/><INIT seed="0,0,0,0,5,79" ten="250,250,250,250" oya="0" hai0="34,130,119,96,60,68,35,47,89,14,18,83,97" hai1="63,120,20,77,116,3,92,39,74,61,67,125,12" hai2="78,69,91,65,32,23,62,108,45,109,72,51,133" hai3="25,102,59,2,5,22,58,105,131,124,57,53,107"/><T33/><D130/><U7/><E116/><V19/><F32/><W10/><G131/><T48/><D119/><U24/><E120/><V9/><F9/><W1/><G1/><T104/><D104/><U114/><E39/><V88/><F133/><W127/><G102/><T80/><D68/><U70/><E3/><V21/><F21/><W95/><G95/><T38/><D60/><U31/><E125/><N who="3" m="48202" /><G53/><T123/><D123/><U115/><E63/><V121/><F121/><W84/><G84/><T122/><D122/><U73/><E92/><V103/><F103/><W126/><N who="3" m="48210" /><W46/><DORA hai="128" /><G46/><T15/><D38/><U93/><E93/><V36/><F36/><W106/><G59/><T44/><D14/><U37/><E37/><V28/><F28/><AGARI ba="0,0" hai="2,5,10,22,25,28,57,58,105,106,107" m="48210" machi="28" ten="50,1600,0" yaku="18,1" doraHai="79,128" who="3" fromWho="2" sc="250,0,250,0,250,-16,250,16" /><INIT seed="1,0,0,5,3,99" ten="250,250,234,266" oya="1" hai0="116,48,69,21,87,95,1,89,92,127,84,55,130" hai1="28,11,25,51,50,33,105,107,96,104,90,113,10" hai2="61,98,124,108,76,114,31,29,27,17,65,100,16" hai3="37,70,109,135,88,19,73,12,77,80,126,46,102"/><U26/><E113/><V83/><F124/><W121/><G121/><T115/><D115/><U23/><E90/><V119/><F119/><W123/><G123/><T9/><D116/><U93/><E93/><V64/><F108/><W97/><G70/><T131/><D69/><U82/><E82/><V54/><F54/><W20/><G109/><T94/><D127/><U5/><E96/><V44/><F44/><W129/><G126/><T128/><D21/><U49/><REACH who="1" step="1"/><E5/><REACH who="1" ten="250,240,234,266" step="2"/><V110/><F114/><W47/><G135/><T72/><D72/><U15/><E15/><V7/><F7/><W24/><G129/><T40/><D87/><U79/><E79/><V32/><F110/><W62/><G88/><T133/><D133/><U35/><E35/><V125/><F125/><W68/><G37/><T59/><D40/><U60/><E60/><V22/><F83/><W66/><REACH who="3" step="1"/><G12/><REACH who="3" ten="250,240,234,256" step="2"/><T103/><D1/><U63/><E63/><V34/><F61/><W91/><G91/><T58/><D130/><U81/><E81/><V56/><F76/><W78/><G78/><T120/><D120/><U38/><E38/><V8/><F34/><W52/><G52/><T74/><D131/><U53/><E53/><V75/><F32/><W13/><G13/><T4/><D128/><U2/><E2/><V39/><F39/><W85/><G85/><T132/><D132/><U111/><E111/><V6/><F75/><W86/><G86/><T36/><D36/><U106/><N who="1" m="26624" /><DORA hai="122" /><U41/><E41/><V3/><F3/><W118/><G118/><T134/><D74/><U112/><E112/><RYUUKYOKU ba="0,2" sc="250,-15,240,15,234,-15,256,15" hai1="10,11,23,25,26,28,33,49,50,51" hai3="19,20,24,46,47,62,66,68,73,77,80,97,102" /><INIT seed="1,1,2,2,2,25" ten="235,255,219,271" oya="1" hai0="58,97,5,88,72,37,54,47,40,86,75,64,70" hai1="14,85,19,114,109,99,129,46,42,98,9,18,123" hai2="27,119,31,95,73,77,38,68,93,63,10,118,3" hai3="84,26,51,80,21,43,126,102,125,90,34,15,117"/><U56/><E123/><V135/><F95/><W120/><G120/><T66/><D5/><U101/><E114/><V24/><F24/><W53/><G102/><T111/><D111/><U6/><E109/><V0/><F93/><W62/><G117/><T61/><D97/><U96/><E129/><V71/><F38/><W112/><G112/><T52/><D66/><U39/><E101/><V78/><F135/><W133/><G133/><T29/><D29/><U116/><E116/><V16/><F78/><W22/><G62/><T94/><D54/><U127/><E127/><N who="3" m="48650" /><G15/><T124/><D124/><U100/><E100/><V28/><F63/><AGARI ba="1,2" hai="37,40,47,52,58,61,63,64,70,72,75,86,88,94" machi="63" ten="30,3900,0" yaku="7,1,54,2" doraHai="25" who="0" fromWho="2" sc="235,62,255,0,219,-42,271,0" /><INIT seed="2,0,0,1,1,11" ten="297,255,177,271" oya="2" hai0="20,22,8,122,108,3,70,121,10,106,26,87,13" hai1="40,9,102,0,41,76,33,112,5,16,81,100,12" hai2="71,18,45,27,46,57,115,51,37,117,119,38,97" hai3="88,133,17,31,49,69,125,21,23,90,44,28,60"/><V111/><F97/><W129/><G129/><T86/><D106/><U120/><E33/><V95/><F95/><W67/><G133/><T50/><D70/><U39/><E112/><V74/><F74/><W52/><G125/><T48/><D26/><U15/><E120/><V109/><F27/><W132/><G132/><T131/><D108/><N who="2" m="41546" /><F71/><W25/><G31/><T85/><D131/><U93/><E0/><V107/><F107/><W135/><G135/><T24/><D24/><AGARI ba="0,0" hai="17,21,23,24,25,28,44,49,52,60,67,69,88,90" machi="24" ten="30,3900,0" yaku="7,1,54,2" doraHai="11" who="3" fromWho="0" sc="297,-39,255,0,177,0,271,39" /><INIT seed="3,0,0,1,2,109" ten="258,255,177,310" oya="3" hai0="3,14,50,16,23,17,8,83,135,31,36,84,88" hai1="126,116,6,45,73,28,99,60,47,34,79,26,59" hai2="90,72,71,33,117,107,115,87,80,32,65,66,55" hai3="132,75,57,11,10,69,114,130,129,46,63,97,103"/><W113/><G69/><T82/><D36/><U118/><E126/><V30/><F107/><W58/><G75/><T5/><D135/><U124/><E124/><V37/><F37/><W7/><G46/><T51/><D31/><U52/><E6/><V19/><F30/><W44/><G44/><T104/><D104/><U49/><E99/><V96/><F65/><W121/><G121/><T4/><D4/><U18/><E18/><V12/><F66/><W15/><G10/><T91/><D17/><U35/><E35/><V29/><F71/><W40/><G40/><T38/><D38/><U106/><E106/><V48/><F29/><W21/><G21/><T131/><D131/><N who="3" m="50185" /><G132/><T108/><D108/><U27/><E27/><V9/><F117/><N who="1" m="45161" /><E60/><V98/><F72/><W54/><G58/><T74/><D74/><U92/><E92/><AGARI ba="0,0" hai="7,11,15,54,57,63,92,97,103,113,114" m="50185" machi="92" ten="30,5800,0" yaku="19,1,52,2" doraHai="109" who="3" fromWho="1" sc="258,0,255,-58,177,0,310,58" /><INIT seed="3,1,0,1,1,22" ten="258,197,177,368" oya="3" hai0="98,99,72,132,108,24,38,9,124,49,93,60,37" hai1="57,127,87,100,28,86,43,120,131,67,88,23,97" hai2="34,125,35,126,46,96,70,130,75,13,85,33,106" hai3="5,4,84,0,8,118,66,56,12,65,74,1,116"/><W42/><G74/><T55/><D108/><U52/><E120/><V63/><F75/><W135/><G135/><T10/><D124/><N who="2" m="47722" /><F85/><W36/><G36/><T95/><D132/><U48/><E127/><V109/><F13/><W30/><G42/><T32/><D72/><U18/><E131/><V40/><F109/><W105/><G105/><T45/><D93/><N who="1" m="58415" /><E43/><V81/><F81/><W58/><G30/><T121/><D98/><U89/><E67/><N who="2" m="41343" /><F130/><W112/><G84/><N who="1" m="32298" /><E28/><V107/><F96/><W91/><G12/><AGARI ba="1,0" hai="12,18,23,48,52,57,88,89" m="32298,58415" machi="12" ten="30,3900,0" yaku="8,1,54,2" doraHai="22" who="1" fromWho="3" sc="258,0,197,42,177,0,368,-42" /><INIT seed="4,0,0,4,3,40" ten="258,239,177,326" oya="0" hai0="120,62,10,106,48,135,65,2,37,72,66,19,47" hai1="50,46,126,68,90,96,31,99,98,55,56,116,41" hai2="63,87,70,115,122,64,132,23,104,131,30,6,92" hai3="20,128,78,29,118,107,95,71,91,102,18,88,52"/><T3/><D120/><U54/><E68/><V82/><F6/><W94/><G71/><T84/><D106/><U11/><E116/><V100/><F122/><W109/><G109/><T76/><D135/><U69/><E69/><V32/><F115/><W112/><G118/><T9/><D66/><U4/><E126/><V113/><F113/><W17/><G107/><T89/><D37/><U77/><E77/><V80/><F23/><W105/><G105/><T83/><D9/><U24/><E90/><V67/><F64/><W108/><G108/><T26/><D62/><U14/><REACH who="1" step="1"/><E56/><REACH who="1" ten="258,229,177,326" step="2"/><V114/><F114/><W103/><G112/><T133/><D133/><U61/><E61/><V42/><F63/><W110/><G78/><T127/><D127/><U13/><E13/><V57/><F57/><W129/><G110/><T86/><D65/><U79/><E79/><V81/><F67/><W33/><G91/><T134/><D134/><U44/><E44/><V111/><F70/><W7/><G88/><T73/><D72/><U117/><E117/><V58/><F58/><W1/><G103/><T85/><D2/><U27/><E27/><V75/><F100/><W60/><G102/><T119/><D119/><U39/><E39/><V59/><F75/><W43/><G60/><T15/><D3/><U121/><E121/><V22/><F111/><W8/><G1/><T0/><D0/><U12/><E12/><V124/><F124/><W35/><G128/><T74/><D26/><U53/><E53/><V101/><F131/><W51/><G129/><T49/><D73/><U5/><E5/><RYUUKYOKU ba="0,1" sc="258,-10,229,30,177,-10,326,-10" hai1="4,11,14,24,31,41,46,50,54,55,96,98,99" /><INIT seed="5,1,1,2,2,83" ten="248,259,167,316" oya="1" hai0="75,16,17,27,8,74,33,36,72,94,130,20,0" hai1="92,114,112,76,125,14,115,81,124,49,131,54,121" hai2="11,67,111,9,118,86,90,47,109,103,13,30,122" hai3="42,62,2,132,65,107,102,43,38,105,97,110,22"/><U58/><E121/><V99/><F67/><W35/><G110/><T1/><D36/><U84/><E131/><V18/><F122/><W40/><G2/><T29/><D130/><U108/><E108/><V70/><F70/><W3/><G3/><T48/><D48/><U128/><E128/><V127/><F30/><W6/><G6/><T31/><D94/><U55/><E14/><V77/><F118/><W7/><G7/><T80/><D0/><U12/><E12/><V120/><F77/><W98/><G35/><T41/><D41/><U59/><E92/><V32/><F32/><W133/><G22/><T123/><D123/><U100/><E100/><V129/><F120/><W24/><G24/><T39/><D39/><U37/><E37/><V68/><F68/><W71/><G38/><T135/><D135/><N who="3" m="51785" /><G102/><T117/><D117/><U126/><E55/><V19/><F129/><W60/><G62/><T25/><REACH who="0" step="1"/><D80/><REACH who="0" ten="238,259,167,316" step="2"/><U63/><E63/><V53/><F111/><W5/><G105/><T106/><D106/><U45/><AGARI ba="1,2" hai="45,49,54,58,59,76,81,84,112,114,115,124,125,126" machi="45" ten="40,12000,1" yaku="0,1,15,1,18,1,52,1" doraHai="83" who="1" fromWho="1" sc="238,-41,259,143,167,-41,316,-41" /><INIT seed="5,2,0,1,5,134" ten="197,402,126,275" oya="1" hai0="115,52,26,5,75,78,73,103,49,99,91,132,39" hai1="92,120,110,18,135,130,128,93,60,125,79,70,104" hai2="111,31,32,16,21,71,84,86,116,124,114,13,14" hai3="123,19,109,122,15,41,121,89,119,68,25,101,65"/><U17/><E104/><V108/><F71/><W107/><G109/><T133/><D132/><U7/><E120/><V1/><F86/><W96/><G41/><T22/><D39/><U8/><E135/><V6/><F84/><W54/><G119/><T40/><D40/><U12/><E79/><V58/><F58/><W95/><G25/><T98/><D115/><U3/><E110/><N who="2" m="42027" /><F116/><W0/><G0/><T113/><D113/><U24/><E24/><N who="2" m="18535" /><F14/><W55/><G65/><T82/><D133/><U27/><E92/><V20/><F114/><W48/><G68/><T97/><D91/><U63/><E93/><V28/><F28/><W45/><G54/><T127/><D127/><U50/><E125/><V74/><F74/><W69/><G69/><T59/><D75/><U129/><E70/><V126/><F21/><W105/><G89/><T38/><D38/><U2/><E50/><V23/><F23/><W43/><G43/><T11/><D103/><U87/><E87/><V4/><F4/><W51/><G48/><T112/><D112/><U57/><E7/><V44/><F44/><W36/><G36/><T90/><D90/><U117/><E117/><V9/><AGARI ba="2,0" hai="1,6,9,13,16,20,124,126" m="18535,42027" machi="9" ten="30,12000,2" yaku="24,1,34,2,52,2,54,1" doraHai="134" who="2" fromWho="2" sc="197,-32,402,-62,126,126,275,-32" /><INIT seed="6,0,0,1,4,65" ten="165,340,252,243" oya="2" hai0="44,101,47,19,77,28,20,9,46,48,35,105,102" hai1="41,109,10,14,15,67,111,23,39,37,86,60,51" hai2="32,82,36,30,91,0,119,69,90,33,117,22,7" hai3="118,56,113,83,21,6,45,58,3,107,104,135,108"/><V120/><F36/><W84/><G108/><T94/><D105/><U110/><E86/><V71/><F120/><W125/><G118/><T26/><D77/><U132/><E132/><V87/><F7/><W11/><G135/><T128/><D128/><U93/><E93/><V114/><F0/><W42/><G125/><T27/><D9/><U112/><E112/><V31/><F114/><W24/><G113/><T66/><D66/><U97/><E97/><V73/><F22/><W134/><G134/><T75/><D75/><U100/><E100/><V55/><F55/><W5/><G5/><T68/><D68/><N who="2" m="26186" /><F87/><W76/><G107/><T29/><D19/><U95/><E23/><V122/><F82/><W16/><REACH who="3" step="1"/><G104/><REACH who="3" ten="165,340,252,233" step="2"/><T34/><D20/><U17/><E110/><V8/><F122/><W40/><G40/><T70/><D70/><U92/><E41/><V81/><F119/><W123/><G123/><T106/><D106/><U124/><E111/><V116/><F116/><W74/><G74/><T130/><D130/><U80/><E109/><V121/><F73/><W103/><G103/><T57/><REACH who="0" step="1"/><D94/><REACH who="0" ten="155,340,252,233" step="2"/><U13/><E95/><V96/><F117/><W1/><G1/><T53/><AGARI ba="0,2" hai="26,27,28,29,34,35,44,46,47,48,53,57,101,102" machi="53" ten="30,7900,0" yaku="1,1,2,1,0,1,9,1,53,0" doraHai="65" doraHaiUra="12" who="0" fromWho="0" sc="155,99,340,-20,252,-39,233,-20" /><INIT seed="7,0,0,2,2,60" ten="254,320,213,213" oya="3" hai0="22,120,42,96,45,18,35,64,55,114,43,89,104" hai1="109,13,10,122,93,1,80,95,98,76,134,63,58" hai2="66,37,69,123,129,74,19,135,92,86,121,106,118" hai3="8,0,5,79,103,33,67,56,6,116,40,68,14"/><W26/><G116/><T4/><D35/><U78/><E1/><V44/><F74/><W17/><G79/><T50/><D120/><N who="2" m="46154" /><F106/><W7/><G40/><T11/><D114/><U77/><E134/><V102/><F118/><W52/><G103/><T112/><D112/><U85/><E109/><V2/><F2/><W39/><G39/><T49/><D49/><U125/><E125/><V28/><F28/><N who="3" m="19607" /><G68/><T48/><D48/><U12/><E12/><V65/><F69/><W126/><G67/><N who="2" m="25609" /><F135/><W71/><G71/><T57/><D104/><U124/><E124/><V130/><F19/><W99/><G99/><T47/><D18/><U27/><E98/><N who="2" m="59719" /><F86/><W20/><G126/><T3/><D96/><U83/><E85/><V61/><F61/><AGARI ba="0,0" hai="0,5,6,7,8,14,17,20,52,56,61" m="19607" machi="61" ten="30,2900,0" yaku="24,1,54,1" doraHai="60" who="3" fromWho="2" sc="254,0,320,0,213,-29,213,29" /><INIT seed="7,1,0,4,2,122" ten="254,320,184,242" oya="3" hai0="128,123,129,25,52,126,60,36,99,96,12,69,56" hai1="57,115,38,85,22,1,104,0,49,5,127,19,11" hai2="98,53,40,13,111,81,107,37,7,106,31,110,9" hai3="131,18,27,16,76,117,83,70,17,82,68,24,118"/><W55/><G55/><T125/><D123/><U103/><E38/><V21/><F37/><W80/><G76/><T45/><D25/><N who="3" m="9801" /><G131/><N who="0" m="50251" /><D12/><U20/><E85/><V15/><F31/><W44/><G44/><T90/><D69/><AGARI ba="1,0" hai="16,17,18,68,69,70,80,82,83,117,118" m="9801" machi="69" ten="40,7700,0" yaku="28,2,54,1" doraHai="122" who="3" fromWho="0" sc="254,-80,320,0,184,0,242,80" owari="174,-33.0,320,12.0,184,-22.0,322,43.0" /></mjloggm>