<mjloggm ver="2.3"><GO type="169" lobby="0"/><UN n0="%E6%93%8D" n1="%E3%82%A6%E3%83%AB%E3%83%88%E3%83%A9%E7%AB%8B%E7%9B%B4" n2="%66%75%6A%69%6D%75%72%61" n3="%E6%A1%9C%E4%BA%95%E3%81%95%E3%82%93" dan="16,18,16,17" rate="2042.73,2158.98,2162.69,2195.34" sx="M,M,M,M"/><TAIKYOKU oya="0"/><INIT seed="0,0,0,4,4,86" ten="250,250,250,250" oya="0" hai0="43,42,60,44,102,2,98,53,118,76,116,67,91" hai1="94,95,38,113,78,58,87,41,133,26,122,28,88" hai2="25,124,63,23,77,79,39,129,81,93,3,65,121" hai3="132,68,29,70,46,80,31,69,127,120,100,83,75"/><T21/><D2/><U110/><E122/><V5/><F39/><W30/><G120/><T103/><D76/><U135/><E78/><V82/><F121/><W36/><G100/><T15/><D53/><U33/><E113/><V84/><F129/><W10/><G36/><T90/><D118/><U27/><E110/><V8/><F124/><W35/><G127/><T22/><D116/><U128/><E128/><V62/><F93/><W40/><G35/><T32/><D32/><U57/><E27/><V106/><F106/><W4/><G75/><T51/><D43/><U109/><E109/><V61/><F82/><W49/><REACH who="3" step="1"/><G132/><REACH who="3" ten="250,250,250,240" step="2"/><T123/><D123/><U52/><E38/><V11/><F65/><W55/><G55/><T119/><D103/><U24/><E41/><V1/><F77/><W54/><G54/><T85/><D119/><U114/><E114/><V50/><F50/><W14/><AGARI ba="0,1" hai="4,10,14,29,30,31,40,46,49,68,69,70,80,83" machi="14" ten="40,2700,0" yaku="1,1,0,1,53,0" doraHai="86" doraHaiUra="12" who="3" fromWho="3" sc="250,-13,250,-7,250,-7,240,37" /><INIT seed="1,0,0,5,5,96" ten="237,243,243,277" oya="1" hai0="16,131,80,116,29,109,30,119,26,75,46,93,120" hai1="62,49,82,128,21,23,40,132,106,10,79,1,100" hai2="134,41,107,114,36,56,34,124,17,67,13,101,52" hai3="95,15,87,84,35,31,24,122,69,125,47,59,65"/><U115/><E115/><V102/><F107/><W83/><G122/><T117/><D120/><U88/><E128/><V85/><F34/><W127/><G69/><T48/><D131/><U129/><E129/><V66/><F114/><W20/><G47/><T74/><D109/><U130/><E130/><V64/><F134/><W32/><G95/><T133/><D133/><U6/><E132/><V7/><F7/><W14/><G65/><T50/><D93/><U76/><E62/><V103/><F124/><N who="3" m="47691" /><G59/><T5/><D5/><U54/><E40/><V4/><F4/><W73/><G73/><T97/><D97/><U43/><E43/><V45/><F85/><N who="3" m="32843" /><G83/><T94/><D94/><U112/><E112/><V123/><F123/><W55/><G55/><T38/><D80/><U81/><E81/><V104/><F104/><W12/><AGARI ba="0,0" hai="12,14,15,20,24,31,32,35" m="32843,47691" machi="12" ten="40,1500,0" yaku="18,1" doraHai="96" who="3" fromWho="3" sc="237,-4,243,-7,243,-4,277,15" /><INIT seed="2,0,0,4,0,86" ten="233,236,239,292" oya="2" hai0="42,73,28,72,62,45,13,55,123,43,85,59,116" hai1="126,132,122,3,41,84,44,39,52,60,117,32,98" hai2="58,105,83,91,56,54,29,5,118,110,70,66,12" hai3="69,10,94,36,103,22,127,112,64,9,49,88,1"/><V108/><F105/><W109/><G36/><T23/><D123/><U121/><E32/><V53/><F29/><W130/><G109/><N who="2" m="42089" /><F118/><W63/><G130/><T68/><D43/><U11/><E117/><V96/><F70/><W6/><G127/><T38/><D116/><U17/><E126/><V15/><F66/><W115/><G103/><T21/><D21/><U8/><E132/><V27/><F27/><W97/><G10/><T76/><D68/><U89/><E98/><V107/><F107/><W79/><G79/><T100/><D100/><U50/><E60/><N who="2" m="35855" /><F5/><W102/><G102/><T71/><D71/><U92/><E17/><V31/><F31/><W47/><REACH who="3" step="1"/><G22/><REACH who="3" ten="233,236,239,282" step="2"/><T14/><D23/><U133/><E133/><V125/><F125/><W119/><G119/><T80/><REACH who="0" step="1"/><D28/><REACH who="0" ten="223,236,239,282" step="2"/><U75/><E122/><V111/><F111/><W65/><G65/><T46/><D46/><U99/><E44/><V93/><F83/><W135/><G135/><T106/><D106/><U37/><E121/><V78/><F78/><W101/><G101/><T16/><D16/><U82/><E82/><V18/><F18/><W95/><G95/><T120/><D120/><U90/><E92/><V87/><F96/><W25/><G25/><T77/><D77/><U104/><E99/><V30/><F30/><W129/><G129/><T124/><D124/><U0/><E104/><V74/><F74/><AGARI ba="0,2" hai="13,14,38,42,45,55,59,62,72,73,74,76,80,85" machi="74" ten="40,1300,0" yaku="1,1,53,0" doraHai="86" doraHaiUra="128" who="0" fromWho="2" sc="223,33,236,0,239,-13,282,0" /><INIT seed="3,0,0,2,4,60" ten="256,236,226,282" oya="3" hai0="39,129,110,132,131,52,56,133,119,1,80,100,95" hai1="64,50,106,47,88,51,67,111,96,23,109,94,20" hai2="16,49,25,5,116,13,130,6,33,42,93,65,30" hai3="44,105,117,18,90,108,24,63,71,127,76,82,107"/><W2/><G117/><T26/><D1/><U46/><E106/><V77/><F116/><W48/><G2/><T112/><D119/><U40/><E111/><V45/><F130/><N who="0" m="49674" /><D39/><U27/><E109/><V12/><F12/><W19/><G108/><T59/><D59/><U66/><REACH who="1" step="1"/><E27/><REACH who="1" ten="256,226,226,282" step="2"/><V37/><F37/><W3/><G24/><T10/><D26/><U8/><E8/><V61/><F93/><W99/><G105/><T54/><D10/><U118/><E118/><V113/><F113/><W73/><G107/><T115/><D95/><U70/><E70/><V128/><F128/><W98/><G71/><T28/><D110/><U122/><E122/><V55/><F77/><W81/><G76/><T43/><D115/><U7/><E7/><V68/><REACH who="2" step="1"/><F42/><AGARI ba="0,1" hai="20,23,40,42,46,47,50,51,64,66,67,88,94,96" machi="42" ten="40,16000,3" yaku="1,1,9,1,8,1,52,3,54,1,53,1" doraHai="60" doraHaiUra="87" who="1" fromWho="2" sc="256,0,226,170,226,-160,282,0" /><INIT seed="4,0,0,5,3,128" ten="256,396,66,282" oya="0" hai0="89,7,6,123,115,102,69,36,70,27,52,58,101" hai1="105,68,104,54,16,25,120,118,23,15,39,75,87" hai2="34,3,5,60,110,135,130,47,98,129,44,124,17" hai3="66,108,42,48,35,24,38,59,67,45,51,121,132"/><T117/><D123/><U72/><E118/><V57/><F34/><W85/><G121/><T56/><D36/><U31/><E120/><V29/><F29/><W90/><G108/><T50/><D117/><U100/><E68/><V95/><F17/><W92/><G35/><T64/><D115/><U116/><E116/><V10/><F110/><W46/><G24/><T8/><D27/><U86/><E39/><V20/><F124/><W77/><G132/><T21/><D21/><U109/><E109/><V2/><F135/><W88/><G77/><T43/><D43/><U40/><E40/><V37/><F20/><W76/><G76/><T1/><D7/><U97/><E105/><V4/><F37/><W18/><G18/><T113/><D113/><U28/><E54/><V13/><F47/><W80/><G59/><T96/><D89/><U33/><REACH who="1" step="1"/><E31/><REACH who="1" ten="256,386,66,282" step="2"/><V79/><F44/><W84/><G38/><T81/><D70/><U26/><E26/><V61/><F57/><W19/><G19/><T127/><D58/><U30/><E30/><V114/><F114/><W62/><G62/><N who="2" m="24169" /><F2/><W133/><G133/><T111/><D111/><U83/><E83/><V11/><F3/><W12/><G12/><T134/><D134/><U49/><E49/><V125/><F13/><W106/><G106/><T22/><D81/><U53/><E53/><AGARI ba="0,1" hai="42,45,46,48,51,53,66,67,80,84,85,88,90,92" machi="53" ten="30,3900,0" yaku="7,1,8,1,54,1" doraHai="128" who="3" fromWho="1" sc="256,0,386,-39,66,0,282,49" /><INIT seed="5,0,0,3,5,40" ten="256,347,66,331" oya="1" hai0="116,105,63,28,118,94,42,120,132,34,113,80,6" hai1="50,53,66,17,43,122,65,64,93,36,13,8,38" hai2="130,52,91,77,54,95,48,22,108,2,111,27,1" hai3="106,14,124,15,31,73,19,123,21,24,134,69,87"/><U47/><E122/><V78/><F130/><W45/><G123/><T100/><D120/><U128/><E128/><V90/><F48/><W18/><G73/><T11/><D105/><U58/><REACH who="1" step="1"/><E93/><REACH who="1" ten="256,337,66,331" step="2"/><V86/><F95/><W37/><G106/><T104/><D94/><U79/><E79/><V26/><F86/><W109/><G109/><T83/><D104/><U75/><E75/><V25/><F111/><W30/><G87/><T72/><D72/><U99/><E99/><V102/><F108/><W12/><G134/><T7/><D132/><U125/><E125/><V9/><F102/><W115/><G124/><T103/><D100/><U49/><AGARI ba="0,1" hai="8,13,17,36,38,43,47,49,50,53,58,64,65,66" machi="49" ten="30,6000,0" yaku="1,1,0,1,52,1,53,0" doraHai="40" doraHaiUra="119" who="1" fromWho="1" sc="256,-20,337,70,66,-20,331,-20" /><INIT seed="5,1,0,3,1,88" ten="236,407,46,311" oya="1" hai0="61,25,117,109,30,3,114,28,72,128,43,21,129" hai1="14,19,42,94,76,80,64,133,95,132,39,70,127" hai2="33,122,125,66,84,44,82,54,6,79,78,10,119" hai3="16,58,131,18,47,68,51,71,63,130,32,22,90"/><U113/><E127/><V57/><F33/><W99/><G32/><T105/><D105/><U35/><E35/><V60/><F119/><W67/><G18/><T96/><D72/><U74/><E113/><V107/><F122/><W93/><G131/><T92/><D3/><U115/><E115/><V111/><F111/><W91/><G130/><T87/><D109/><U120/><E120/><V50/><F107/><W0/><G0/><T24/><D87/><U11/><E64/><V23/><F125/><W7/><G7/><T108/><D108/><U8/><E70/><V121/><F121/><W29/><G29/><T40/><D114/><U104/><E104/><V49/><F23/><W34/><G34/><T36/><D117/><U124/><E8/><V75/><F75/><W62/><G62/><T89/><D36/><U55/><E55/><V103/><F103/><W48/><G90/><T69/><D129/><U9/><E9/><V126/><F126/><W56/><G71/><T97/><D128/><U118/><E118/><V31/><F31/><W134/><G134/><N who="1" m="51818" /><E124/><V17/><F6/><W81/><G81/><T73/><D73/><U83/><E83/><V77/><F50/><W59/><REACH who="3" step="1"/><G47/><AGARI ba="1,0" hai="11,14,19,39,42,47,74,76,80,94,95" m="51818" machi="47" ten="30,5800,0" yaku="20,1,52,2" doraHai="88" who="1" fromWho="3" sc="236,0,407,61,46,0,311,-61" /><INIT seed="5,2,0,1,2,39" ten="236,468,46,250" oya="1" hai0="3,90,76,118,12,70,106,57,52,135,86,5,7" hai1="11,119,77,44,38,121,59,8,128,83,13,98,120" hai2="29,33,25,74,103,109,113,47,72,104,66,23,68" hai3="79,20,14,115,60,123,62,49,111,124,16,82,18"/><U78/><E119/><V46/><F109/><W6/><G123/><T93/><D118/><U53/><E128/><V1/><F23/><W108/><G115/><T122/><D106/><U116/><E116/><V67/><F67/><W45/><G124/><T125/><D70/><U132/><E132/><V4/><F47/><W84/><G6/><T27/><D3/><U69/><E69/><V75/><F46/><W117/><G117/><T28/><D135/><U73/><E78/><V95/><F95/><W22/><G108/><T89/><D125/><U36/><E98/><N who="2" m="61559" /><F113/><W54/><REACH who="3" step="1"/><G111/><REACH who="3" ten="236,468,46,240" step="2"/><T64/><D7/><U26/><E121/><V32/><F4/><W40/><G40/><T127/><D5/><U81/><E120/><V110/><F110/><W96/><G96/><T133/><D133/><U58/><E36/><V88/><F1/><W42/><G42/><T63/><D127/><U0/><E38/><V19/><F19/><W134/><G134/><T102/><D122/><U48/><E0/><V129/><F129/><W55/><G55/><T24/><D64/><U87/><E53/><V99/><F99/><W15/><AGARI ba="2,1" hai="14,15,16,18,20,22,45,49,54,60,62,79,82,84" machi="15" ten="20,12000,2" yaku="1,1,0,1,7,1,9,1,8,1,54,1,53,0" doraHai="39" doraHaiUra="61" who="3" fromWho="3" sc="236,-32,468,-62,46,-32,240,136" /><INIT seed="6,0,0,5,1,0" ten="204,406,14,376" oya="2" hai0="55,37,3,108,128,5,1,130,115,112,88,116,123" hai1="4,42,50,9,69,62,71,47,117,8,113,17,19" hai2="24,65,34,41,99,54,25,49,82,16,33,135,32" hai3="79,84,15,105,35,120,104,12,86,30,77,74,101"/><V96/><F135/><W124/><G30/><T126/><D37/><U14/><E117/><V122/><F41/><W109/><G101/><T92/><D116/><U85/><E113/><N who="0" m="43593" /><D108/><U48/><E62/><V80/><F122/><W127/><G35/><T52/><D123/><U64/><E64/><V73/><F65/><W94/><G120/><T6/><D126/><U23/><E50/><V39/><F39/><W107/><G94/><T26/><D26/><U132/><E132/><V95/><F99/><W93/><G93/><T36/><D36/><U22/><E85/><N who="3" m="32874" /><G74/><T87/><D3/><U76/><E76/><N who="3" m="29258" /><G109/><T53/><D1/><U68/><REACH who="1" step="1"/><E19/><REACH who="1" ten="204,396,14,376" step="2"/><V66/><F66/><W31/><G31/><T134/><D134/><U27/><E27/><N who="2" m="10315" /><F73/><W21/><G21/><T43/><D43/><U13/><AGARI ba="0,1" hai="4,8,9,13,14,17,22,23,42,47,48,68,69,71" machi="13" ten="40,5200,0" yaku="1,1,0,1,52,1,53,0" doraHai="0" doraHaiUra="60" who="1" fromWho="1" sc="204,-13,396,62,14,-26,376,-13" owari="191,-21.0,458,56.0,-12,-51.0,363,16.0" /></mjloggm>