<mjloggm ver="2.3"><GO type="225" lobby="0"/><UN n0="%67%61%72%75%63%69%61" n1="%28%23%EF%BC%9E%CF%89%EF%BC%9C%29" n2="%E3%82%A6%E3%83%AB%E3%83%88%E3%83%A9%E7%AB%8B%E7%9B%B4" n3="%E3%81%97%E3%82%8D%E3%81%9F%E3%82%93%E3%81%8C%E3%81%84%E3%81%84%E3%81%8A" dan="17,16,17,16" rate="2229.84,2051.82,2171.48,2085.45" sx="M,M,M,M"/><TAIKYOKU oya="0"/><INIT seed="0,0,0,2,1,46" ten="250,250,250,250" oya="0" hai0="129,111,135,57,124,13,36,120,0,128,116,32,42" hai1="105,122,52,66,65,29,19,102,27,98,83,115,18" hai2="86,47,45,20,87,64,25,21,53,74,3,56,123" hai3="43,118,126,132,89,62,112,73,1,2,80,68,61"/><T72/><D57/><U100/><E122/><V54/><F74/><W37/><G2/><T101/><D42/><U97/><E115/><V4/><F4/><W10/><G10/><T11/><D101/><U59/><E83/><V39/><F3/><W44/><G89/><T55/><D55/><U12/><E18/><V14/><F39/><W40/><G40/><T77/><D77/><U121/><E121/><V17/><F64/><W26/><G26/><T110/><D13/><U81/><E81/><V71/><F71/><W133/><G80/><T22/><D22/><U5/><E5/><V38/><F38/><W50/><G73/><T58/><D58/><U94/><E19/><N who="2" m="12479" /><F123/><W8/><G118/><T92/><D92/><U90/><E12/><V93/><F54/><W109/><G112/><T7/><D11/><U30/><E102/><V107/><F107/><W85/><G1/><T16/><D16/><U23/><REACH who="1" step="1"/><E30/><REACH who="1" ten="250,240,250,250" step="2"/><V127/><F20/><W60/><G8/><T106/><D7/><U131/><E131/><V125/><F17/><W34/><G34/><T9/><D129/><U82/><E82/><V33/><F14/><W79/><G79/><T91/><D9/><U76/><E76/><V48/><F33/><W49/><G132/><T6/><D6/><U88/><E88/><N who="2" m="53399" /><F127/><W130/><G126/><T63/><D91/><U15/><E15/><V119/><F125/><W117/><G133/><T35/><D35/><U95/><E95/><V104/><F104/><W24/><G130/><T75/><D128/><U41/><E41/><V31/><F31/><W108/><G43/><RYUUKYOKU ba="0,1" sc="250,-10,240,30,250,-10,250,-10" hai1="23,27,29,52,59,65,66,90,94,97,98,100,105" /><INIT seed="1,1,1,2,3,31" ten="240,270,240,240" oya="1" hai0="94,89,126,119,12,70,52,131,121,17,34,135,50" hai1="75,49,66,122,38,14,96,100,127,63,30,84,18" hai2="27,108,73,8,43,120,39,55,54,82,11,88,72" hai3="125,24,28,37,80,93,20,48,65,83,2,67,114"/><U81/><E122/><V99/><F120/><W77/><G37/><T69/><D121/><U112/><E38/><V59/><F108/><W60/><G2/><T111/><D119/><U106/><E112/><V19/><F73/><W22/><G114/><T78/><D78/><U23/><E127/><V15/><F72/><W76/><G125/><T130/><D111/><U90/><E49/><V57/><F27/><W79/><G60/><T26/><D126/><U40/><E40/><V58/><F43/><W56/><G22/><T45/><D135/><U51/><E51/><V113/><F39/><W110/><G110/><T68/><D12/><U36/><E36/><V42/><F42/><W102/><G48/><T6/><D6/><U4/><E75/><V134/><F134/><W128/><G128/><T87/><REACH who="0" step="1"/><D17/><REACH who="0" ten="230,270,240,240" step="2"/><U86/><E4/><V64/><F113/><W7/><G7/><T62/><D62/><U97/><E14/><V129/><F129/><W74/><G74/><T98/><D98/><U133/><E133/><V46/><F99/><N who="3" m="59759" /><G77/><T21/><D21/><U92/><E18/><V35/><F19/><W10/><G79/><T71/><N who="0" m="17408" /><DORA hai="41" /><T123/><D123/><U104/><E96/><V53/><F15/><W5/><G76/><T109/><D109/><U61/><E63/><V16/><F16/><W91/><G20/><T116/><D116/><U105/><E23/><V13/><F13/><W25/><G5/><T3/><D3/><U85/><E30/><AGARI ba="1,2" hai="26,30,34,45,50,52,87,89,94,130,131" m="17408" machi="30" ten="70,8000,1" yaku="1,1,52,2,54,1,53,1" doraHai="31,41" doraHaiUra="115,47" who="0" fromWho="1" sc="230,103,270,-83,240,0,240,0" /><INIT seed="2,0,0,4,1,38" ten="333,187,240,240" oya="2" hai0="57,0,27,7,11,123,43,63,54,23,31,126,65" hai1="8,6,103,55,88,76,106,24,113,98,115,42,37" hai2="99,22,2,102,105,109,81,90,21,59,68,83,1" hai3="51,104,69,56,73,67,26,16,61,58,82,120,79"/><V110/><F68/><W46/><G104/><T12/><D123/><U133/><E133/><V41/><F59/><W45/><G120/><T91/><D126/><U14/><E76/><V87/><F81/><W84/><G73/><T34/><D91/><U132/><E132/><V19/><F41/><W35/><G35/><T36/><D65/><U4/><E4/><V86/><F86/><W13/><G26/><T112/><D112/><U29/><E55/><V20/><REACH who="2" step="1"/><F19/><REACH who="2" ten="333,187,230,240" step="2"/><W85/><G85/><T49/><D36/><U94/><E42/><V80/><F80/><W117/><G117/><T70/><D70/><U131/><E37/><V10/><F10/><N who="3" m="6199" /><G69/><T89/><D43/><U5/><E131/><V30/><F30/><W121/><G121/><T111/><D63/><U18/><E115/><V116/><F116/><W93/><G93/><T17/><D89/><U97/><REACH who="1" step="1"/><E113/><REACH who="1" ten="333,177,230,240" step="2"/><V15/><F15/><W122/><G122/><T101/><D101/><U50/><E50/><V47/><F47/><W124/><G124/><T60/><D49/><U53/><E53/><AGARI ba="0,2" hai="45,46,51,53,56,58,61,67,79,82,84" m="6199" machi="53" ten="30,2000,0" yaku="8,1,54,1" doraHai="38" who="3" fromWho="1" sc="333,0,177,-20,230,0,240,40" /><INIT seed="3,0,0,2,0,93" ten="333,157,230,280" oya="3" hai0="96,85,15,56,6,99,87,39,2,117,59,89,71" hai1="79,134,23,76,51,82,68,33,25,27,41,72,64" hai2="67,3,40,74,10,13,130,80,31,123,125,73,5" hai3="45,128,103,120,91,129,20,4,100,12,88,132,104"/><W133/><G45/><T105/><D71/><U92/><E134/><N who="3" m="51818" /><G120/><T97/><D39/><U83/><E33/><V106/><F13/><W53/><G53/><T49/><D2/><U77/><E68/><V101/><F31/><W63/><G63/><T61/><D117/><U22/><E64/><V127/><F67/><W50/><G50/><T11/><D105/><U75/><E92/><V131/><F40/><W54/><G54/><N who="0" m="31823" /><D89/><N who="3" m="34377" /><G20/><T114/><D114/><U65/><E65/><AGARI ba="0,0" hai="6,11,15,59,61,65,85,87,96,97,99" m="31823" machi="65" ten="30,7700,0" yaku="8,1,52,3" doraHai="93" who="0" fromWho="1" sc="333,77,157,-77,230,0,280,0" owari="410,51.0,80,-42.0,230,-17.0,280,8.0" /></mjloggm>