<mjloggm ver="2.3"><GO type="169" lobby="0"/><UN n0="%E7%99%BD%E9%BB%92%E7%A5%9E" n1="%E3%82%A6%E3%83%AB%E3%83%88%E3%83%A9%E7%AB%8B%E7%9B%B4" n2="%E3%83%94%E3%82%AB%E5%90%BE%E9%83%8E" n3="%E8%A6%AA%E6%8C%87%EF%BC%88%E5%A4%A7%EF%BC%89" dan="16,17,17,17" rate="2123.73,2224.21,2157.18,2157.10" sx="F,M,M,M"/><TAIKYOKU oya="0"/><INIT seed="0,0,0,3,0,19" ten="250,250,250,250" oya="0" hai0="82,17,100,88,63,118,104,80,101,83,109,66,122" hai1="81,84,99,113,114,6,70,64,75,59,49,65,46" hai2="7,8,37,42,35,3,32,56,43,134,108,15,13" hai3="9,128,117,31,72,18,52,85,2,34,112,86,60"/><T57/><D118/><U53/><E75/><V89/><F3/><W115/><G117/><T103/><D122/><U126/><E6/><V98/><F108/><W78/><G128/><T5/><D109/><U124/><E99/><V36/><F134/><W96/><G72/><T106/><D5/><U10/><E10/><V123/><F123/><W55/><G96/><T87/><REACH who="0" step="1"/><D17/><REACH who="0" ten="240,250,250,250" step="2"/><U97/><E114/><V102/><F7/><W54/><G115/><T95/><AGARI ba="0,1" hai="57,63,66,80,82,83,87,88,95,100,101,103,104,106" machi="95" ten="30,18000,2" yaku="1,1,2,1,0,1,54,1,53,3" doraHai="19" doraHaiUra="77" who="0" fromWho="0" sc="240,190,250,-60,250,-60,250,-60" /><INIT seed="0,1,0,1,0,124" ten="430,190,190,190" oya="0" hai0="94,22,13,63,30,93,48,77,14,18,116,102,75" hai1="26,15,42,33,39,16,69,55,101,78,100,114,36" hai2="103,28,113,56,73,123,128,97,90,71,91,61,17" hai3="104,70,85,131,60,12,23,68,7,98,6,5,127"/><T51/><D116/><U3/><E69/><V89/><F71/><W67/><G127/><T117/><D117/><U37/><E42/><V62/><F73/><W9/><G70/><T79/><D75/><U46/><E3/><V86/><F113/><W10/><G131/><T84/><D30/><U83/><E114/><V44/><F123/><W11/><G85/><T107/><D107/><U21/><E46/><V66/><F28/><W96/><G104/><T108/><D63/><U92/><E55/><V80/><F128/><W74/><G74/><T121/><D121/><U122/><E122/><V120/><F62/><W105/><G105/><T132/><D132/><U126/><E126/><V38/><F120/><W25/><REACH who="3" step="1"/><G12/><REACH who="3" ten="430,190,190,180" step="2"/><T20/><D84/><U49/><E15/><V59/><F86/><W81/><G81/><T24/><D14/><U45/><E83/><V47/><F80/><W88/><G88/><T35/><D79/><U32/><E78/><V110/><F103/><W2/><G2/><T135/><D77/><U27/><E101/><V125/><F125/><W115/><G115/><T57/><D102/><U118/><E100/><V53/><F97/><W58/><G58/><T76/><D57/><U65/><E92/><V40/><F59/><W134/><G134/><T64/><D76/><U130/><E118/><V43/><F56/><W72/><G72/><T111/><D135/><U54/><E130/><V52/><F61/><W8/><N who="3" m="2048" /><DORA hai="129" /><W4/><N who="3" m="1024" /><DORA hai="87" /><W133/><G133/><T109/><D94/><U31/><E65/><V41/><F66/><W50/><G50/><RYUUKYOKU ba="1,1" sc="430,-15,190,15,190,-15,180,15" hai1="16,21,26,27,31,32,33,36,37,39,45,49,54" hai3="23,25,60,67,68,96,98" /><INIT seed="1,2,1,2,1,132" ten="415,205,175,195" oya="1" hai0="119,81,80,10,57,35,125,9,87,15,79,38,56" hai1="8,53,130,86,120,115,73,123,96,25,112,23,116" hai2="128,77,49,72,18,101,50,13,71,70,12,100,64" hai3="107,106,0,121,122,83,88,5,24,54,39,131,36"/><U97/><E53/><V37/><F37/><W66/><G66/><T58/><D125/><U3/><E73/><V6/><F64/><W108/><G54/><T99/><D38/><U48/><E48/><V63/><F77/><W102/><G24/><T103/><D35/><U55/><E55/><V1/><F1/><W134/><G134/><T105/><D119/><U117/><E86/><V21/><F72/><W76/><G5/><T7/><D81/><U20/><E8/><V43/><F43/><W60/><G60/><T85/><D87/><U34/><E25/><V89/><F63/><W124/><G0/><T51/><D51/><U33/><REACH who="1" step="1"/><E3/><REACH who="1" ten="415,195,175,195" step="2"/><V90/><F50/><W22/><G39/><T69/><D10/><U42/><E42/><V118/><F49/><W59/><G36/><T16/><REACH who="0" step="1"/><D69/><REACH who="0" ten="405,195,175,195" step="2"/><U67/><E67/><V40/><F71/><W27/><G59/><T19/><AGARI ba="2,3" hai="7,9,15,16,19,56,57,58,79,80,85,99,103,105" machi="19" ten="30,8000,1" yaku="1,1,2,1,0,1,54,1,53,1" doraHai="132" doraHaiUra="2" who="0" fromWho="0" sc="405,116,195,-42,175,-22,195,-22" /><INIT seed="2,0,0,5,0,17" ten="521,153,153,173" oya="2" hai0="76,59,79,87,77,40,20,21,100,83,93,4,22" hai1="122,42,55,61,9,27,129,124,107,85,120,5,23" hai2="97,28,68,84,80,126,112,24,110,96,81,115,37" hai3="86,62,36,8,134,46,52,130,105,74,104,30,15"/><V10/><F37/><W92/><G74/><T102/><D4/><U54/><E107/><V88/><F68/><W41/><G134/><T6/><D6/><U13/><E42/><V101/><F126/><W69/><G130/><T12/><D40/><U89/><E129/><V78/><F10/><W82/><G92/><T90/><D59/><U0/><E0/><V3/><F3/><W66/><G30/><T25/><D12/><U71/><E124/><V51/><F51/><W114/><G114/><T125/><D125/><U95/><E71/><V53/><F53/><W119/><G119/><T118/><D118/><U72/><E72/><V43/><F43/><W39/><G39/><T18/><D102/><U133/><E133/><V1/><F1/><W113/><G113/><T44/><D44/><U75/><E75/><V34/><F110/><W47/><G47/><T7/><D7/><U33/><E33/><V14/><F14/><W128/><G128/><T57/><D57/><U103/><E103/><V50/><F50/><W31/><G31/><T11/><D11/><U16/><REACH who="1" step="1"/><E61/><REACH who="1" ten="521,143,153,173" step="2"/><V26/><F112/><W108/><G41/><T94/><D100/><U38/><E38/><V19/><F101/><W99/><G36/><T106/><D106/><U48/><E48/><V132/><F132/><W64/><G104/><T60/><D60/><U63/><E63/><V70/><F70/><W111/><G69/><T67/><D67/><U56/><E56/><V109/><F115/><W131/><G64/><T135/><D135/><U49/><E49/><V29/><F34/><W35/><G66/><RYUUKYOKU ba="0,1" sc="521,15,143,15,153,-15,173,-15" hai0="18,20,21,22,25,76,77,79,83,87,90,93,94" hai1="5,9,13,16,23,27,54,55,85,89,95,120,122" /><INIT seed="3,1,1,0,4,5" ten="536,158,138,158" oya="3" hai0="16,40,11,120,6,9,102,111,41,21,125,73,28" hai1="37,127,10,108,66,7,86,31,25,59,62,29,38" hai2="98,68,123,71,130,79,128,52,77,135,34,80,113" hai3="15,69,1,45,91,67,134,124,117,42,90,133,83"/><W27/><G1/><T78/><D120/><U85/><E108/><V35/><F113/><W94/><G117/><T97/><D111/><U39/><E127/><V75/><F79/><W22/><G124/><T57/><D125/><U81/><E81/><V89/><F123/><W13/><G83/><T0/><D28/><U104/><E104/><V112/><F112/><W100/><G100/><T23/><D23/><U95/><E95/><N who="2" m="56687" /><F135/><N who="3" m="51723" /><G67/><T26/><D78/><U48/><E48/><V46/><F71/><W121/><G69/><T43/><D11/><U109/><E109/><V55/><F68/><W47/><G121/><T18/><D73/><U76/><E76/><V54/><F46/><N who="3" m="17419" /><G42/><T51/><D57/><U60/><E60/><V122/><F122/><W101/><G101/><T87/><D51/><U33/><REACH who="1" step="1"/><E31/><REACH who="1" ten="536,148,138,158" step="2"/><V12/><F80/><W53/><G53/><T3/><D43/><U82/><E82/><V114/><F114/><W20/><G91/><T56/><D41/><U4/><E4/><V115/><F115/><W88/><G90/><T92/><D40/><U17/><E17/><V49/><F49/><W64/><G64/><T126/><D18/><U58/><E58/><V14/><F77/><W93/><G93/><N who="0" m="58671" /><D56/><U30/><E30/><V131/><F75/><W96/><G27/><T50/><D50/><U116/><E116/><V70/><F70/><W24/><G24/><T32/><D126/><U118/><E118/><V110/><F110/><W61/><G61/><T63/><D63/><U132/><E132/><V119/><F119/><W36/><G36/><T19/><D19/><RYUUKYOKU ba="1,2" sc="536,-30,148,10,138,10,158,10" hai1="7,10,25,29,33,37,38,39,59,62,66,85,86" hai2="12,14,34,35,52,54,55,128,130,131" hai3="13,15,20,22,88,94,96" /><INIT seed="3,2,2,2,1,5" ten="506,158,148,168" oya="3" hai0="110,131,16,25,24,49,35,70,135,66,83,130,87" hai1="88,71,75,125,45,98,4,42,126,107,124,47,58" hai2="80,99,32,76,46,120,106,101,127,43,114,13,50" hai3="2,18,73,62,3,14,8,100,9,11,30,38,79"/><W20/><G38/><T6/><D110/><U37/><E75/><V112/><F32/><W67/><G100/><T19/><D135/><U57/><E71/><V132/><F132/><W33/><G79/><T109/><D109/><U121/><E121/><V74/><F127/><W95/><G73/><T27/><D35/><U34/><E34/><V23/><F120/><W0/><G95/><T129/><D6/><U128/><E128/><V102/><F101/><W31/><REACH who="3" step="1"/><G33/><REACH who="3" ten="506,158,148,158" step="2"/><T55/><D129/><U133/><E133/><V28/><F112/><W10/><N who="3" m="2048" /><DORA hai="92" /><W44/><G44/><T63/><D130/><U60/><E4/><V12/><F114/><W21/><G21/><T81/><D131/><U17/><E47/><V69/><F74/><W119/><G119/><T22/><D22/><U77/><E77/><V26/><F76/><W68/><AGARI ba="2,3" hai="0,2,3,14,18,20,30,31,62,67,68" m="2048" machi="68" ten="50,18000,2" yaku="1,1,0,1,52,4,53,1" doraHai="5,92" doraHaiUra="59,116" who="3" fromWho="3" sc="506,-62,158,-62,148,-62,158,216" /><INIT seed="3,3,0,2,2,28" ten="444,96,86,374" oya="3" hai0="46,59,20,71,80,63,66,109,8,48,129,30,44" hai1="31,1,99,49,79,76,2,43,128,57,52,37,24" hai2="9,94,127,118,117,77,102,93,34,23,0,17,4" hai3="121,13,110,64,98,68,81,58,19,12,5,11,111"/><W41/><G121/><T104/><D104/><U87/><E128/><V73/><F34/><W74/><G68/><T126/><D109/><N who="3" m="41481" /><G41/><T16/><D126/><U14/><E37/><V33/><F33/><W75/><G98/><T51/><D129/><U15/><E43/><V53/><F127/><W105/><G105/><T25/><D80/><U6/><E99/><V92/><F102/><W90/><G90/><T134/><D134/><U78/><E87/><V72/><F53/><W38/><G38/><T123/><D123/><U119/><E119/><V85/><F85/><W112/><G112/><T26/><D8/><U106/><E106/><V86/><F86/><W42/><G42/><N who="0" m="24599" /><D71/><U130/><E130/><V114/><F114/><W29/><G29/><T40/><D30/><U56/><E31/><V124/><F124/><W82/><G64/><T131/><D131/><U39/><E39/><V120/><F120/><W36/><G58/><T107/><D107/><U133/><E57/><V35/><F35/><W61/><G61/><T67/><D67/><U103/><E56/><V88/><F88/><W62/><G62/><T27/><AGARI ba="3,0" hai="16,20,25,26,27,40,46,51,59,63,66" m="24599" machi="27" ten="30,2000,0" yaku="8,1,54,1" doraHai="28" who="0" fromWho="0" sc="444,29,96,-8,86,-8,374,-13" /><INIT seed="4,0,0,5,5,9" ten="473,88,78,361" oya="0" hai0="75,24,102,72,124,134,25,32,70,64,4,94,34" hai1="42,65,109,122,92,99,31,21,36,104,120,95,52" hai2="47,86,23,48,45,106,66,6,71,135,126,128,91" hai3="63,110,97,118,119,38,2,54,44,131,103,7,16"/><T35/><D4/><U105/><E65/><V39/><F106/><W67/><G110/><T132/><D124/><U8/><E42/><V82/><F126/><W115/><G115/><T87/><D64/><U15/><E36/><V20/><F128/><W29/><G131/><T13/><D70/><U93/><E109/><V112/><F112/><W46/><G29/><T0/><D0/><U79/><E105/><V5/><F135/><N who="0" m="51754" /><D13/><U57/><E104/><V51/><F39/><W123/><G123/><T89/><D102/><N who="1" m="60775" /><E79/><V37/><F37/><W117/><G38/><T12/><D12/><U56/><E122/><V90/><F66/><W55/><G7/><N who="2" m="2569" /><F91/><W58/><G2/><T49/><D49/><N who="2" m="19018" /><F71/><W121/><G121/><T113/><D113/><U84/><E120/><V129/><F129/><W80/><G118/><T19/><D19/><N who="1" m="8679" /><E56/><V77/><F77/><W62/><G119/><T61/><D61/><N who="1" m="36007" /><E84/><V41/><F41/><W111/><G117/><T100/><D100/><U73/><E73/><AGARI ba="0,0" hai="24,25,32,34,35,72,73,75,87,89,94" m="51754" machi="73" ten="40,2000,0" yaku="20,1" doraHai="9" who="0" fromWho="1" sc="473,20,88,-20,78,0,361,0" /><INIT seed="4,1,0,0,3,68" ten="493,68,78,361" oya="0" hai0="57,102,51,123,135,73,34,81,13,128,0,91,77" hai1="80,49,109,54,59,45,79,58,41,29,134,21,106" hai2="83,90,72,16,115,117,18,7,15,120,28,12,125" hai3="118,43,95,11,131,122,69,53,31,30,110,84,9"/><T126/><D123/><U130/><E106/><V1/><F120/><W32/><G122/><T46/><D34/><U60/><E109/><V19/><F28/><W78/><G110/><T36/><D0/><U82/><E130/><V112/><F125/><W103/><G69/><T74/><D128/><U35/><E134/><V47/><F117/><W14/><G118/><T119/><D135/><U17/><E35/><V104/><F104/><W105/><G131/><T50/><D126/><U99/><E29/><V113/><F47/><W55/><G105/><T44/><D119/><U20/><E99/><V111/><F111/><W37/><G11/><T23/><D74/><U10/><E10/><N who="2" m="2415" /><F72/><W75/><G75/><T100/><D91/><U33/><E33/><V87/><AGARI ba="1,0" hai="12,15,16,18,19,83,87,90,112,113,115" m="2415" machi="87" ten="40,2700,0" yaku="15,1,54,1" doraHai="68" who="2" fromWho="2" sc="493,-14,68,-8,78,30,361,-8" /><INIT seed="5,0,0,2,2,131" ten="479,60,108,353" oya="1" hai0="112,10,81,118,22,130,61,86,63,45,88,43,59" hai1="7,125,94,99,79,124,35,128,84,40,113,90,89" hai2="117,32,111,108,3,114,53,51,0,49,97,129,115" hai3="2,74,5,127,26,126,46,33,60,12,120,119,42"/><U23/><E35/><V133/><F32/><W101/><G120/><T1/><D118/><U85/><E7/><V36/><F36/><W100/><G74/><T80/><D112/><N who="2" m="43050" /><F117/><W52/><G2/><N who="2" m="553" /><F129/><W9/><G119/><T4/><D130/><U132/><E128/><V70/><F70/><W91/><G91/><T28/><D81/><N who="1" m="47167" /><E113/><V76/><F76/><W134/><G33/><T135/><D135/><U55/><E40/><V8/><F8/><W95/><G26/><T82/><D82/><N who="1" m="49335" /><E55/><V47/><F133/><W44/><G134/><T123/><D123/><U30/><E132/><V54/><F97/><N who="3" m="59455" /><G42/><T107/><D107/><U56/><E23/><V58/><AGARI ba="0,0" hai="47,49,51,53,54,58,108,111" m="553,43050" machi="58" ten="30,2000,0" yaku="15,1,11,1" doraHai="131" who="2" fromWho="2" sc="479,-5,60,-10,108,20,353,-5" /><INIT seed="6,0,0,4,1,21" ten="474,50,128,348" oya="2" hai0="38,87,102,67,128,39,71,3,105,45,44,35,132" hai1="107,100,36,70,6,61,2,27,66,18,89,19,72" hai2="120,63,123,0,78,26,90,129,84,62,60,54,13" hai3="4,98,40,110,9,69,28,7,75,113,42,34,32"/><V49/><F0/><W115/><G110/><T126/><D87/><U131/><E131/><V73/><F129/><W31/><G69/><T95/><D95/><U83/><E36/><V127/><F127/><W16/><G75/><T135/><D128/><U119/><E119/><V20/><F13/><N who="3" m="7215" /><G98/><N who="0" m="61655" /><D126/><U118/><E118/><V133/><F133/><N who="0" m="51274" /><D3/><U93/><E6/><N who="3" m="2090" /><G40/><T116/><D116/><U65/><E2/><V117/><F73/><W85/><G42/><T109/><D35/><N who="3" m="13353" /><G85/><T64/><D109/><U24/><E72/><V37/><F37/><N who="0" m="13834" /><D71/><U55/><E70/><V52/><F117/><W101/><G101/><T86/><D86/><U56/><E107/><V79/><F123/><W48/><G48/><T112/><D112/><AGARI ba="0,0" hai="28,31,112,113,115" m="13353,2090,7215" machi="112" ten="30,8000,1" yaku="15,1,11,1,34,2,54,1" doraHai="21" who="3" fromWho="0" sc="474,-80,50,0,128,0,348,80" /><INIT seed="7,0,0,2,1,103" ten="394,50,128,428" oya="3" hai0="44,131,4,58,93,91,69,62,37,83,29,0,26" hai1="88,27,64,71,67,32,48,84,22,1,54,74,63" hai2="119,81,124,102,117,65,98,89,97,110,121,107,122" hai3="106,101,11,56,40,28,45,132,94,8,18,6,134"/><W57/><G106/><T23/><D131/><U128/><E128/><V30/><F30/><W129/><G129/><T19/><D69/><U14/><E1/><V13/><F65/><W95/><G28/><T76/><D4/><U34/><E74/><V115/><F110/><W112/><G112/><T38/><D0/><U5/><E67/><V24/><F24/><W85/><G18/><T75/><D44/><U52/><E5/><V73/><F13/><N who="3" m="5271" /><G11/><T130/><D29/><U21/><E14/><V35/><F35/><W15/><G15/><T126/><D126/><U77/><E77/><N who="2" m="44207" /><F115/><W80/><G101/><T50/><D50/><U116/><E116/><N who="2" m="44619" /><F124/><W53/><G53/><T33/><D33/><U36/><E36/><V42/><F42/><W20/><G20/><T135/><D135/><N who="3" m="51753" /><G57/><T100/><D100/><U47/><E54/><V78/><F78/><N who="3" m="46231" /><G56/><T96/><REACH who="0" step="1"/><D130/><REACH who="0" ten="384,50,128,428" step="2"/><U43/><E43/><V87/><F102/><W49/><AGARI ba="0,1" hai="40,45,49,94,95" m="46231,51753,5271" machi="49" ten="30,3000,0" yaku="25,1,20,1" doraHai="103" who="3" fromWho="3" sc="384,-10,50,-10,128,-10,428,40" owari="374,17.0,40,-46.0,118,-28.0,468,57.0" /></mjloggm>