<mjloggm ver="2.3"><GO type="169" lobby="0"/><UN n0="%EF%BC%9D%E4%BC%8A%E8%97%A4%E3%81%8B%E3%81%AA%E6%81%B5%EF%BC%9D" n1="%6D%61%2D%62%6F%33%35" n2="%E3%81%84%E3%81%84%E7%AC%91%E9%A1%94" n3="%E3%82%A6%E3%83%AB%E3%83%88%E3%83%A9%E7%AB%8B%E7%9B%B4" dan="16,16,17,17" rate="2135.48,2149.74,2236.91,2140.63" sx="F,M,F,M"/><TAIKYOKU oya="0"/><INIT seed="0,0,0,4,0,21" ten="250,250,250,250" oya="0" hai0="35,61,114,117,4,14,103,27,23,19,57,88,91" hai1="118,62,60,55,25,7,84,37,63,105,24,48,73" hai2="128,111,86,72,131,47,44,64,115,46,33,94,1" hai3="90,38,50,108,22,10,3,69,80,92,82,30,20"/><T79/><D114/><U78/><E73/><V52/><F72/><W107/><G107/><T116/><D103/><U93/><E118/><V28/><F1/><W31/><G69/><T119/><D79/><U127/><E37/><V39/><F115/><W130/><G38/><T98/><D98/><U6/><E105/><V123/><F123/><W97/><G108/><T40/><D40/><U112/><E127/><V2/><F2/><W43/><G130/><N who="2" m="49705" /><F39/><W96/><G10/><T134/><D134/><U106/><E106/><V67/><F111/><W102/><G3/><T5/><D35/><U121/><E121/><V100/><F86/><W15/><G97/><T132/><D132/><U53/><E112/><V124/><F124/><W122/><G122/><T129/><D129/><U77/><E55/><V76/><F76/><N who="1" m="29289" /><E93/><V13/><F94/><W9/><G82/><T16/><D4/><N who="1" m="1579" /><E84/><V70/><F70/><W133/><G92/><T113/><D5/><U18/><E18/><V8/><F100/><W81/><G102/><T11/><REACH who="0" step="1"/><D113/><REACH who="0" ten="240,250,250,250" step="2"/><U54/><E54/><AGARI ba="0,1" hai="11,14,16,19,23,27,54,57,61,88,91,116,117,119" machi="54" ten="40,18000,2" yaku="1,1,2,1,52,1,54,2,53,1" doraHai="21" doraHaiUra="58" who="0" fromWho="1" sc="240,190,250,-180,250,0,250,0" /><INIT seed="0,1,0,3,0,81" ten="430,70,250,250" oya="0" hai0="106,35,78,13,86,135,70,62,121,75,4,120,57" hai1="91,8,102,97,10,104,48,24,119,61,23,9,22" hai2="2,90,105,37,100,115,42,83,27,69,20,118,122" hai3="73,52,107,12,43,124,54,28,1,19,21,130,80"/><T88/><D35/><U127/><E119/><V74/><F115/><W77/><G124/><T59/><D106/><U34/><E127/><V87/><F122/><W64/><G130/><T65/><D135/><U111/><E111/><V89/><F69/><W110/><G110/><T50/><D75/><U36/><E36/><V18/><F2/><W126/><G126/><T68/><D78/><U26/><E34/><V99/><F118/><W15/><G1/><T79/><D79/><U117/><E117/><V51/><F37/><W116/><G116/><T56/><D70/><U47/><E61/><V112/><F112/><W32/><G107/><T92/><REACH who="0" step="1"/><D50/><REACH who="0" ten="420,70,250,250" step="2"/><U16/><E48/><V11/><F74/><W45/><G32/><T71/><D71/><U133/><E133/><V3/><F51/><W44/><G77/><T30/><D30/><U60/><E104/><V0/><F105/><W94/><G28/><T95/><D95/><U114/><E114/><V123/><F123/><W72/><G94/><T41/><D41/><U25/><E25/><V17/><F42/><W55/><G43/><T39/><D39/><U6/><E24/><V49/><F49/><W84/><G73/><T96/><D96/><U46/><E26/><V131/><F99/><W113/><G72/><T103/><D103/><U134/><E102/><V132/><F100/><W14/><G113/><T82/><D82/><U128/><E97/><V58/><F83/><W31/><G31/><T5/><D5/><U85/><E134/><V93/><F93/><W98/><G98/><T38/><D38/><U101/><E6/><RYUUKYOKU ba="1,1" sc="420,30,70,-10,250,-10,250,-10" hai0="4,13,56,57,59,62,65,68,86,88,92,120,121" /><INIT seed="0,2,1,1,4,11" ten="450,60,240,240" oya="0" hai0="58,28,90,61,36,45,4,82,53,23,83,79,39" hai1="8,123,115,124,110,38,63,31,100,30,78,75,51" hai2="3,27,122,91,94,66,55,70,22,0,92,119,126" hai3="135,105,129,102,132,95,112,87,133,101,114,134,12"/><T33/><D33/><U131/><E38/><V24/><F122/><W106/><G132/><T64/><D4/><U98/><E123/><V120/><F120/><W18/><G129/><T96/><D39/><U60/><E124/><V32/><F126/><W117/><G117/><T80/><D36/><U26/><E131/><V77/><F119/><W48/><G48/><N who="0" m="28815" /><D79/><U65/><E110/><V44/><F77/><W69/><G69/><T73/><D73/><U108/><E108/><V9/><F94/><W2/><G2/><T14/><D96/><U20/><E115/><N who="3" m="44074" /><G87/><N who="0" m="50535" /><D28/><U128/><E128/><V41/><F32/><W15/><G95/><T29/><D29/><U130/><E31/><V125/><F92/><W47/><G47/><T111/><D111/><U74/><E130/><V1/><F44/><W72/><G72/><T52/><D64/><U50/><E78/><V104/><F66/><W5/><G5/><T81/><D82/><U57/><E75/><V89/><F0/><W13/><G18/><AGARI ba="2,1" hai="14,18,23,52,58,61,81,83" m="50535,28815" machi="18" ten="30,5800,0" yaku="8,1,52,1,54,1" doraHai="11" who="0" fromWho="3" sc="450,74,60,0,240,0,240,-64" /><INIT seed="0,3,0,1,1,119" ten="524,60,240,176" oya="0" hai0="90,82,55,78,107,73,97,74,20,67,4,34,79" hai1="29,14,104,134,9,102,94,120,0,87,65,63,60" hai2="111,123,88,116,10,22,36,39,114,91,54,47,62" hai3="40,24,11,75,8,105,127,98,70,56,76,72,100"/><T53/><D34/><U13/><E120/><V129/><F114/><W50/><G70/><T110/><D67/><U85/><E0/><V57/><F116/><W48/><G127/><T21/><D4/><U124/><E124/><V69/><F111/><W122/><G24/><T80/><D110/><U106/><E134/><V3/><F129/><W113/><G113/><T51/><D55/><U89/><E29/><V125/><F125/><W38/><G38/><T135/><D135/><U133/><E133/><V28/><F69/><W43/><G56/><T52/><D53/><U128/><E128/><V64/><F123/><W84/><G84/><T46/><D90/><U33/><E33/><V1/><F39/><W12/><G76/><T115/><D115/><U15/><E106/><V25/><F3/><W44/><G122/><T96/><D96/><U101/><E104/><V83/><F83/><W16/><REACH who="3" step="1"/><G8/><REACH who="3" ten="524,60,240,166" step="2"/><T92/><D79/><U6/><E85/><V132/><F132/><W42/><G42/><T45/><D78/><U32/><E32/><V109/><F109/><W35/><G35/><T5/><D80/><U121/><E121/><V95/><F36/><W108/><G108/><T77/><D82/><U26/><E26/><V68/><F68/><W30/><G30/><T112/><D77/><U2/><REACH who="1" step="1"/><E65/><REACH who="1" ten="524,50,240,166" step="2"/><V66/><F66/><W7/><G7/><T93/><D5/><U37/><E37/><V31/><F64/><W17/><G17/><T18/><D18/><U41/><E41/><V118/><F31/><W58/><G58/><T99/><D112/><U86/><E86/><RYUUKYOKU ba="3,2" sc="524,-15,50,15,240,-15,166,15" hai1="2,6,9,13,14,15,60,63,87,89,94,101,102" hai3="11,12,16,40,43,44,48,50,72,75,98,100,105" /><INIT seed="1,4,2,5,1,45" ten="509,65,225,181" oya="1" hai0="39,107,46,88,15,33,23,1,3,128,55,54,42" hai1="100,58,129,38,102,135,48,24,65,130,11,18,123" hai2="51,134,16,68,121,64,84,91,53,119,34,32,47" hai3="77,25,73,86,61,37,92,5,29,17,13,133,122"/><U82/><E123/><V89/><F121/><W31/><G122/><T95/><D33/><U52/><E38/><V43/><F119/><W97/><G73/><T83/><D107/><U115/><E115/><V75/><F75/><W2/><G2/><T114/><D114/><U71/><E135/><V4/><F134/><W80/><G37/><T22/><D83/><U85/><E71/><V124/><F4/><W35/><G133/><T40/><D128/><N who="1" m="49259" /><E65/><V110/><F110/><W108/><G108/><T72/><D72/><U9/><E24/><V56/><F124/><W116/><G116/><T93/><D39/><U132/><E132/><V125/><F125/><W28/><G5/><T94/><D94/><U67/><E67/><V99/><F99/><W117/><G61/><T101/><D15/><N who="1" m="7535" /><E11/><V50/><F64/><W98/><G117/><T21/><D95/><U7/><E7/><V131/><F68/><W70/><G70/><T111/><D93/><U0/><E0/><V127/><F127/><W113/><G113/><T112/><D1/><U62/><E62/><V120/><F120/><W57/><G97/><T19/><D3/><U44/><E58/><V69/><F69/><W96/><G57/><T60/><D60/><U41/><E41/><V106/><F131/><W87/><G98/><T109/><D112/><U10/><E10/><V76/><F43/><W59/><G59/><T12/><D42/><U118/><E118/><V63/><F56/><W8/><G96/><T20/><D111/><U36/><E36/><V90/><F63/><W26/><G26/><T27/><D27/><RYUUKYOKU ba="4,2" sc="509,-15,65,15,225,-15,181,15" hai1="44,48,52,82,85,100,102" hai3="8,13,17,25,28,29,31,35,77,80,86,87,92" /><INIT seed="1,5,2,2,1,81" ten="494,80,210,196" oya="1" hai0="60,133,15,11,26,40,46,71,65,30,114,22,5" hai1="6,96,52,38,21,111,105,92,75,1,3,117,59" hai2="93,55,53,118,2,16,130,41,99,39,51,129,31" hai3="80,116,25,58,121,70,113,108,24,88,64,87,95"/><U48/><E117/><V90/><F118/><W94/><G121/><T124/><D124/><U63/><E75/><V7/><F31/><W44/><G113/><T97/><D133/><U61/><E38/><V49/><F39/><W0/><G0/><T45/><D114/><U123/><E123/><V72/><F72/><W79/><G70/><T14/><D97/><U89/><E111/><V73/><F73/><W115/><G115/><T56/><D40/><U91/><E105/><V17/><F7/><W119/><G108/><T126/><D126/><U8/><E1/><V54/><F2/><W18/><G119/><T128/><D128/><N who="2" m="49258" /><F41/><W127/><G127/><T20/><D71/><U76/><E76/><V132/><F132/><W107/><G107/><T101/><D101/><U122/><E122/><V83/><F83/><W13/><G44/><T42/><D42/><U134/><E134/><V27/><F27/><N who="3" m="10315" /><G79/><T28/><D28/><U98/><REACH who="1" step="1"/><E21/><REACH who="1" ten="494,70,210,196" step="2"/><V106/><F106/><W4/><G116/><T66/><D22/><U50/><E50/><AGARI ba="5,3" hai="16,17,49,50,51,53,54,55,90,93,99" m="49258" machi="50" ten="30,2000,0" yaku="19,1,54,1" doraHai="81" who="2" fromWho="1" sc="494,0,70,-35,210,65,196,0" /><INIT seed="2,0,0,2,4,18" ten="494,35,275,196" oya="2" hai0="4,14,66,93,91,0,63,16,15,58,105,75,83" hai1="133,101,24,78,45,47,54,88,59,40,84,55,69" hai2="67,110,89,26,73,118,12,122,77,99,121,68,20" hai3="109,2,120,22,106,134,103,33,95,48,123,64,107"/><V30/><F118/><W32/><G48/><T85/><D105/><U41/><E69/><V128/><F128/><W112/><G95/><T56/><D0/><U62/><E78/><V39/><F39/><W34/><G64/><T130/><D130/><U132/><E101/><V129/><F129/><W3/><G103/><T38/><D38/><U87/><E24/><V80/><F67/><W104/><G112/><T57/><D75/><U65/><E88/><V126/><F68/><W86/><G86/><N who="0" m="52471" /><D4/><U61/><E65/><V37/><F37/><W35/><G35/><T5/><D5/><U42/><E87/><V11/><F89/><W117/><G117/><T116/><D14/><U72/><E84/><V21/><F99/><W135/><G22/><N who="0" m="11551" /><D116/><U127/><E72/><V52/><F20/><W71/><G71/><T43/><D43/><U17/><E17/><V119/><F119/><W131/><G131/><T10/><D10/><U98/><E98/><V94/><F11/><W1/><REACH who="3" step="1"/><G109/><REACH who="3" ten="494,35,275,186" step="2"/><T23/><D23/><U108/><E108/><V79/><F110/><W124/><G124/><T7/><D7/><U29/><E127/><V76/><F126/><W51/><G51/><T115/><D115/><U27/><E40/><V96/><F94/><W70/><G70/><T114/><D114/><U81/><E41/><V74/><F74/><W6/><G6/><T113/><D113/><U28/><E42/><V90/><F73/><W25/><G25/><T111/><D111/><U50/><E27/><V36/><F26/><W125/><G125/><T8/><D8/><U60/><E50/><RYUUKYOKU ba="0,1" sc="494,15,35,-15,275,-15,186,15" hai0="56,57,58,63,66,83,85" hai3="1,2,3,32,33,34,104,106,107,120,123,134,135" /><INIT seed="3,1,1,1,4,41" ten="509,20,260,201" oya="3" hai0="60,55,2,19,58,79,39,21,94,66,126,59,12" hai1="112,101,99,123,23,91,29,13,93,92,6,40,124" hai2="80,65,54,81,15,128,36,111,104,129,121,71,109" hai3="78,103,70,96,89,95,20,133,130,24,98,83,90"/><W100/><G70/><T82/><D126/><U16/><E123/><V10/><F104/><W48/><G130/><N who="2" m="50281" /><F36/><W125/><G125/><T50/><D39/><U28/><E124/><V4/><F121/><W85/><G133/><T38/><D38/><U69/><E69/><V43/><F43/><W87/><G48/><T106/><D106/><U5/><E112/><V134/><F134/><W102/><G20/><T3/><D94/><U30/><REACH who="1" step="1"/><E40/><REACH who="1" ten="509,10,260,201" step="2"/><V0/><F71/><W110/><G110/><T76/><D76/><U61/><E61/><V74/><F111/><W122/><G122/><T64/><D64/><U7/><E7/><V25/><F4/><W116/><G116/><T119/><D119/><U68/><E68/><V56/><F65/><W52/><G52/><T35/><D35/><U32/><E32/><V22/><F54/><W37/><G37/><T49/><D49/><U45/><E45/><V53/><F53/><W11/><G11/><T63/><D63/><U27/><E27/><V86/><F25/><W132/><G24/><T8/><D8/><U117/><E117/><V17/><F10/><W31/><G132/><T114/><D114/><U131/><E131/><V77/><F109/><W47/><G47/><T107/><D66/><U113/><E113/><V72/><F56/><W108/><G108/><T84/><D59/><U62/><E62/><V51/><F51/><W118/><G118/><T18/><D50/><U1/><E1/><V105/><F0/><W115/><G115/><T97/><D3/><U42/><E42/><V44/><F44/><W33/><G78/><RYUUKYOKU ba="1,2" sc="509,-15,10,15,260,-15,201,15" hai1="5,6,13,16,23,28,29,30,91,92,93,99,101" hai3="31,33,83,85,87,89,90,95,96,98,100,102,103" /><INIT seed="3,2,2,1,3,124" ten="494,25,245,216" oya="3" hai0="96,131,98,54,44,14,66,101,16,89,29,68,15" hai1="12,123,100,62,50,128,104,134,49,23,120,17,51" hai2="93,94,35,18,127,84,28,52,82,2,85,69,36" hai3="90,112,99,129,33,72,13,31,3,22,10,60,95"/><W77/><G112/><T130/><D29/><U133/><E62/><V126/><F69/><W38/><G38/><T4/><D68/><U67/><E67/><V132/><F36/><W73/><G77/><T48/><D66/><U125/><E125/><N who="2" m="47627" /><F2/><W135/><G135/><N who="1" m="51722" /><E128/><N who="0" m="49193" /><D4/><U113/><E113/><V106/><F106/><W27/><G129/><T117/><D117/><U97/><AGARI ba="2,2" hai="12,17,23,49,50,51,97,100,104,120,123" m="51722" machi="97" ten="40,1500,0" yaku="20,1" doraHai="124" who="1" fromWho="1" sc="494,-6,25,41,245,-6,216,-9" /><INIT seed="4,0,0,1,1,85" ten="488,66,239,207" oya="0" hai0="31,113,123,122,22,27,90,102,19,84,99,48,26" hai1="135,81,86,74,105,41,63,40,72,13,50,96,107" hai2="94,28,95,106,2,55,49,83,117,59,88,4,33" hai3="21,14,30,32,43,62,87,58,10,0,97,116,76"/><T12/><D113/><U20/><E135/><V38/><F106/><W42/><G116/><T134/><D134/><U73/><E63/><V103/><F117/><W126/><G126/><T7/><D7/><U129/><E129/><V46/><F33/><W111/><G32/><T52/><D102/><U47/><E41/><V68/><F68/><W93/><G0/><T37/><D99/><U3/><E3/><V57/><F28/><W44/><G111/><T70/><D37/><U114/><E114/><V39/><F4/><W53/><G44/><T24/><D70/><U25/><E13/><V124/><F2/><W77/><G21/><N who="0" m="11495" /><D122/><U54/><E40/><N who="3" m="15402" /><G87/><T119/><D123/><U66/><E66/><V69/><F69/><W9/><G30/><T100/><D100/><U18/><REACH who="1" step="1"/><E96/><REACH who="1" ten="488,56,239,207" step="2"/><V79/><F38/><W130/><G130/><T110/><D119/><U118/><E118/><V109/><F39/><W104/><G14/><T65/><D65/><U11/><E11/><N who="3" m="4106" /><G104/><T56/><D110/><U121/><E121/><V127/><F109/><W125/><G125/><T5/><D5/><U108/><E108/><V67/><F127/><W61/><G61/><T80/><AGARI ba="0,1" hai="22,24,26,27,31,48,52,56,80,84,90" m="11495" machi="80" ten="30,6000,0" yaku="8,1,52,1,54,1" doraHai="85" who="0" fromWho="0" sc="488,70,56,-20,239,-20,207,-20" /><INIT seed="4,1,0,2,5,17" ten="558,36,219,187" oya="0" hai0="40,126,90,114,50,38,2,23,68,53,86,72,108" hai1="57,121,34,63,89,132,120,52,45,91,115,83,92" hai2="12,96,103,6,58,30,10,119,79,24,93,76,101" hai3="35,49,25,87,135,129,106,98,9,18,105,32,14"/><T74/><D68/><U0/><E132/><V56/><F119/><W4/><G135/><T26/><D2/><U54/><E34/><V1/><F1/><W88/><G129/><T133/><D133/><U13/><E0/><V64/><F103/><W107/><G49/><T94/><D114/><U134/><E134/><V110/><F110/><W97/><G32/><T55/><D126/><U31/><E31/><V15/><F15/><W71/><G71/><T100/><D100/><U41/><E115/><V65/><F65/><W27/><G27/><T69/><D69/><U118/><E118/><V5/><F5/><W8/><G35/><T85/><D85/><U39/><E54/><V125/><F125/><W47/><G47/><T95/><D95/><U82/><E91/><V48/><F48/><W78/><G78/><T36/><D55/><U111/><E13/><V70/><F70/><W81/><G9/><T112/><D108/><U102/><E102/><V116/><F116/><W109/><G109/><T22/><D26/><U66/><E66/><V51/><F51/><W123/><G123/><T7/><D50/><U19/><E111/><V16/><F6/><W122/><G122/><T59/><D7/><U33/><E33/><V75/><F75/><W37/><G37/><T46/><D38/><U60/><E60/><N who="2" m="37895" /><F58/><W44/><G44/><T130/><D112/><U80/><REACH who="1" step="1"/><E19/><REACH who="1" ten="558,26,219,187" step="2"/><V67/><F67/><W73/><G18/><T20/><D53/><U131/><E131/><V104/><F30/><W62/><G62/><T42/><D130/><U29/><E29/><V11/><F16/><RYUUKYOKU ba="1,1" sc="558,-10,26,30,219,-10,187,-10" hai1="39,41,45,52,57,63,80,82,83,89,92,120,121" /><INIT seed="5,2,1,0,4,27" ten="548,56,209,177" oya="1" hai0="65,7,23,24,48,56,98,52,17,35,0,69,108" hai1="50,103,45,112,31,93,125,89,3,123,38,33,42" hai2="19,105,97,13,10,76,134,1,32,80,54,20,106" hai3="58,12,121,2,118,88,6,91,37,71,40,107,34"/><U60/><E123/><V110/><F110/><W83/><G12/><T92/><D108/><U46/><E3/><V84/><F134/><W114/><G58/><T64/><D69/><U15/><E112/><V22/><F32/><W96/><G88/><T43/><D35/><U117/><E117/><V120/><F120/><W115/><G91/><N who="0" m="55583" /><D0/><U87/><E125/><V16/><F54/><W82/><G71/><T104/><D104/><U135/><E135/><V49/><F49/><W77/><G34/><T53/><D43/><U90/><E103/><V73/><F73/><N who="3" m="43311" /><G83/><T99/><D7/><U4/><E60/><V41/><F97/><W130/><G130/><T122/><D99/><U75/><E75/><V72/><F72/><W59/><G59/><N who="0" m="33159" /><D122/><U14/><E4/><V25/><F41/><W26/><G6/><T132/><D132/><U86/><E38/><V11/><F1/><W67/><G2/><T61/><AGARI ba="2,1" hai="17,23,24,53,56,61,64,65" m="33159,55583" machi="61" ten="30,4000,0" yaku="25,1,8,1,54,1" doraHai="27" who="0" fromWho="0" sc="548,56,56,-22,209,-12,177,-12" /><INIT seed="6,0,0,3,2,7" ten="604,34,197,165" oya="2" hai0="131,63,103,8,92,100,55,10,20,101,42,130,21" hai1="59,30,80,111,19,71,76,69,39,99,50,104,9" hai2="18,105,53,26,79,98,56,64,62,127,75,33,129" hai3="54,49,13,119,88,97,11,110,15,34,32,77,124"/><V60/><F127/><W114/><G119/><T91/><D42/><U16/><E39/><V47/><F129/><N who="0" m="49162" /><D55/><N who="1" m="32247" /><E71/><V133/><F133/><W81/><G110/><T43/><D63/><U72/><E104/><V123/><F123/><W126/><G114/><T78/><D43/><U109/><E72/><V121/><F121/><W6/><G15/><T67/><D67/><U66/><E69/><V44/><F79/><W132/><G132/><T22/><D78/><U73/><E73/><V118/><F75/><W14/><G14/><T58/><D58/><U116/><E116/><V41/><F41/><W12/><G12/><T65/><D65/><U108/><E108/><V90/><F118/><W94/><G81/><T117/><D117/><U70/><E70/><V120/><F120/><W45/><G77/><T95/><D95/><U87/><E111/><V107/><F107/><W57/><REACH who="3" step="1"/><G45/><REACH who="3" ten="604,34,197,155" step="2"/><T25/><D25/><U122/><E109/><V125/><F47/><W31/><G31/><T28/><D28/><U61/><E122/><V96/><F44/><W40/><G40/><T134/><D134/><U83/><E30/><V27/><F27/><W106/><G106/><T85/><AGARI ba="0,1" hai="8,10,20,21,22,85,91,92,100,101,103" m="49162" machi="85" ten="40,5200,0" yaku="19,1,52,2" doraHai="7" who="0" fromWho="0" sc="604,62,34,-13,197,-26,155,-13" /><INIT seed="7,0,0,4,4,108" ten="666,21,171,142" oya="3" hai0="128,110,120,35,6,130,80,14,4,69,0,39,118" hai1="73,18,2,58,111,22,65,97,86,68,56,101,94" hai2="16,15,71,32,84,134,124,79,91,23,131,81,103" hai3="46,54,19,89,113,77,125,59,87,20,104,9,12"/><W96/><G113/><T112/><RYUUKYOKU type="yao9" ba="0,0" sc="666,0,21,0,171,0,142,0" hai0="0,4,6,14,35,39,69,80,110,112,118,120,128,130" /><INIT seed="7,1,0,2,5,13" ten="666,21,171,142" oya="3" hai0="8,74,21,14,41,60,103,59,99,85,31,116,4" hai1="129,104,86,16,73,110,27,44,81,109,125,126,131" hai2="29,24,48,9,64,118,114,132,97,65,50,34,5" hai3="107,11,77,76,15,57,87,106,91,135,121,51,70"/><W123/><G70/><T82/><D74/><U45/><E44/><V36/><F36/><W38/><G38/><T53/><D116/><U43/><E45/><V117/><F114/><W18/><G135/><T90/><D41/><U105/><E43/><V26/><F132/><W112/><G112/><T75/><D75/><U30/><E73/><V94/><F26/><W47/><G107/><N who="1" m="41034" /><E30/><V46/><F50/><W122/><G106/><T119/><D119/><U130/><E27/><V100/><F64/><W128/><G128/><N who="1" m="32770" /><U127/><DORA hai="39" /><E16/><V88/><F100/><W134/><G134/><T6/><D99/><U1/><E1/><V7/><F65/><W80/><REACH who="3" step="1"/><G57/><REACH who="3" ten="666,21,171,132" step="2"/><T54/><D59/><U71/><E71/><V35/><F118/><W28/><G28/><T120/><D31/><U84/><E84/><V63/><F29/><W111/><G111/><T20/><D85/><U2/><E2/><V113/><F117/><W102/><G102/><T33/><D103/><U93/><E93/><V98/><F94/><W32/><G32/><T58/><D33/><U83/><E83/><V89/><F34/><W124/><G124/><T66/><D82/><U56/><E56/><V3/><F35/><W95/><G95/><T37/><D37/><U25/><E25/><V78/><F24/><W61/><G61/><T17/><D60/><U55/><E55/><AGARI ba="1,1" hai="11,15,18,47,51,55,76,77,80,87,91,121,122,123" machi="55" ten="40,12000,1" yaku="1,1,25,2,52,1,53,1" doraHai="13,39" doraHaiUra="42,115" who="3" fromWho="1" sc="666,0,21,-123,171,0,132,133" owari="666,76.0,-102,-60.0,171,-23.0,265,7.0" /></mjloggm>