<mjloggm ver="2.3"><GO type="169" lobby="0"/><UN n0="%E5%B0%B1%E6%B4%BB%E7%94%9F%40%E5%B7%9D%E6%9D%91%E8%BB%8D%E5%9B%A3" n1="%E3%83%AA%E3%83%81%E3%83%A3%21%21" n2="%E3%81%B5%E3%81%8F%E3%82%84%E3%82%93" n3="%E3%81%98%E3%82%83%E3%81%B3%E3%81%A3%E3%81%A8" dan="18,17,18,16" rate="2218.43,2154.69,2201.69,2105.55" sx="M,M,M,M"/><TAIKYOKU oya="0"/><INIT seed="0,0,0,3,4,63" ten="250,250,250,250" oya="0" hai0="62,131,75,105,85,87,38,7,6,100,44,70,118" hai1="22,89,133,76,15,23,134,80,111,121,69,125,54" hai2="73,91,39,12,46,29,43,36,31,88,126,98,72" hai3="26,112,67,93,55,104,24,101,86,18,45,53,14"/><T109/><D118/><U132/><E121/><V82/><F126/><W108/><G112/><T110/><D75/><U40/><E125/><V30/><F39/><W49/><G104/><T8/><D131/><U25/><E111/><N who="0" m="42505" /><D105/><U50/><E40/><V34/><F34/><W113/><G113/><T13/><D100/><U42/><E42/><V27/><F27/><N who="3" m="10283" /><G108/><T56/><D70/><U35/><E69/><V90/><F82/><W115/><G115/><T71/><D71/><U16/><E89/><V32/><F32/><W135/><G135/><T19/><D44/><N who="1" m="27975" /><E35/><V79/><F98/><N who="3" m="59599" /><G55/><T119/><D38/><U129/><E129/><V60/><F73/><W47/><G86/><N who="0" m="32779" /><D119/><U57/><E57/><V68/><F72/><W65/><G45/><T9/><D8/><AGARI ba="0,0" hai="8,14,18,47,49,53,65,67" m="59599,10283" machi="8" ten="30,3900,0" yaku="8,1,52,2" doraHai="63" who="3" fromWho="0" sc="250,-39,250,0,250,0,250,39" /><INIT seed="1,0,0,4,4,124" ten="211,250,250,289" oya="1" hai0="24,55,126,116,70,47,58,119,133,23,109,32,39" hai1="36,37,114,56,35,25,2,48,129,112,63,3,78" hai2="135,43,41,105,134,61,84,27,110,77,6,96,92" hai3="91,33,20,100,38,93,9,132,14,26,22,98,19"/><U80/><E48/><V29/><F6/><W94/><G38/><T90/><D70/><U28/><E129/><V73/><F73/><W31/><REACH who="3" step="1"/><G132/><REACH who="3" ten="211,250,250,279" step="2"/><T125/><D133/><U62/><E36/><V71/><F135/><W54/><G54/><T8/><D125/><U7/><E37/><V128/><F134/><W30/><G30/><T82/><D126/><U10/><E2/><V21/><F43/><W44/><G44/><T123/><D47/><U42/><E42/><V86/><F41/><W5/><G5/><T16/><D39/><U113/><REACH who="1" step="1"/><E56/><REACH who="1" ten="211,240,250,279" step="2"/><V50/><F71/><W59/><G59/><T88/><D58/><U121/><E121/><V76/><F50/><W67/><G67/><T97/><D123/><U46/><E46/><V60/><F60/><W83/><G83/><T87/><D82/><U115/><N who="1" m="28672" /><DORA hai="102" /><U4/><E4/><V95/><F61/><W127/><G127/><T99/><D116/><U81/><E81/><V66/><F66/><W120/><G120/><T118/><D119/><U101/><E101/><V45/><F45/><W12/><G12/><T107/><D118/><U18/><E18/><V89/><F29/><W64/><G64/><T13/><D16/><U49/><E49/><V103/><F103/><W75/><G75/><AGARI ba="0,2" hai="3,7,10,25,28,35,62,63,75,78,80" m="28672" machi="75" ten="70,6800,0" yaku="1,1,53,1" doraHai="124,102" doraHaiUra="1,68" who="1" fromWho="3" sc="211,0,240,88,250,0,279,-68" /><INIT seed="1,1,0,1,2,67" ten="211,328,250,211" oya="1" hai0="76,59,34,31,75,32,44,86,65,55,135,69,72" hai1="130,10,85,5,113,119,123,106,71,23,14,110,88" hai2="43,50,133,16,131,114,46,79,127,117,0,27,37" hai3="70,77,7,96,8,111,26,12,36,66,116,57,100"/><U92/><E119/><V4/><F117/><W6/><G116/><T104/><D135/><U29/><E123/><V129/><F133/><W52/><G36/><T22/><D104/><U63/><E113/><V38/><F114/><W108/><G77/><T18/><D44/><U17/><E106/><V121/><F79/><W11/><G26/><T115/><D115/><U122/><E122/><V105/><F105/><W60/><G96/><T112/><D112/><U61/><E130/><N who="2" m="49675" /><F127/><W54/><G100/><T49/><D31/><U68/><E110/><N who="3" m="42026" /><G57/><T99/><D99/><U95/><E95/><V9/><F121/><W97/><G97/><T101/><D101/><U93/><E93/><V126/><F126/><W39/><G39/><T21/><D21/><AGARI ba="1,0" hai="0,4,9,16,21,27,37,38,43,46,50" m="49675" machi="21" ten="30,2000,0" yaku="19,1,54,1" doraHai="67" who="2" fromWho="0" sc="211,-23,328,0,250,23,211,0" /><INIT seed="2,0,0,4,0,114" ten="188,328,273,211" oya="2" hai0="22,85,42,73,26,99,52,39,18,109,15,117,107" hai1="31,17,9,55,16,67,108,76,71,112,113,28,19" hai2="89,45,122,110,115,36,48,20,35,11,84,70,10" hai3="46,102,97,103,121,135,43,4,134,124,37,104,61"/><V21/><F35/><W57/><G121/><T69/><D73/><U82/><E108/><V116/><F36/><W79/><G124/><T1/><D1/><U92/><E9/><V66/><F122/><W40/><G4/><T50/><D69/><U126/><E126/><V44/><F115/><W90/><G79/><T34/><D109/><U47/><E92/><V133/><F133/><N who="3" m="50699" /><G43/><T81/><D117/><U111/><E111/><V27/><F116/><W13/><G13/><T33/><D39/><U95/><E95/><V101/><F101/><N who="3" m="38411" /><G104/><T63/><D99/><U25/><E31/><V96/><F96/><W91/><G97/><T119/><D107/><U2/><E2/><V29/><F110/><W14/><G14/><T12/><D119/><U77/><E77/><V88/><F89/><W98/><G98/><T64/><D42/><U51/><E67/><AGARI ba="0,0" hai="37,40,46,57,61,67,90,91" m="38411,50699" machi="67" ten="30,1000,0" yaku="20,1" doraHai="114" who="3" fromWho="1" sc="188,0,328,-10,273,0,211,10" /><INIT seed="3,0,0,1,4,28" ten="188,318,273,221" oya="3" hai0="23,30,35,34,124,49,32,67,26,27,129,68,0" hai1="52,60,130,56,99,105,55,50,109,95,15,14,36" hai2="112,122,46,118,43,70,79,31,75,21,72,58,1" hai3="53,51,4,100,73,126,71,85,25,64,12,82,101"/><W92/><G126/><T7/><D124/><U5/><E109/><V65/><F70/><W40/><G40/><T24/><D129/><U2/><E36/><V88/><F1/><W69/><G73/><T76/><D76/><U107/><E130/><V90/><F118/><W66/><G71/><T84/><D84/><U62/><E2/><V135/><F112/><W133/><G133/><T29/><D49/><U106/><E5/><V10/><F10/><N who="3" m="4167" /><G69/><T91/><D91/><U74/><E74/><V108/><F108/><W42/><G42/><T116/><D116/><U57/><REACH who="1" step="1"/><E50/><REACH who="1" ten="188,308,273,221" step="2"/><V115/><F72/><W45/><G51/><T117/><D117/><U38/><E38/><V131/><F75/><W93/><G100/><AGARI ba="0,1" hai="14,15,52,55,56,57,60,62,95,99,100,105,106,107" machi="100" ten="40,5200,0" yaku="1,1,9,1,54,1,53,0" doraHai="28" doraHaiUra="119" who="1" fromWho="3" sc="188,0,308,62,273,0,221,-52" /><INIT seed="4,0,0,1,4,81" ten="188,370,273,169" oya="0" hai0="39,55,112,50,56,117,103,64,89,59,13,109,37" hai1="36,11,107,2,78,45,65,66,114,98,23,22,6" hai2="17,95,68,118,77,92,5,135,80,74,106,125,54" hai3="1,115,24,131,20,18,25,7,4,75,14,134,96"/><T83/><D117/><U41/><E114/><V12/><F68/><W113/><G75/><T47/><D112/><N who="3" m="43081" /><G96/><T119/><D119/><U72/><E66/><V53/><F106/><W67/><G67/><T48/><D109/><U35/><E65/><V30/><F5/><N who="3" m="2123" /><G134/><T129/><D129/><U51/><E35/><V29/><F29/><W44/><G44/><T84/><D103/><N who="1" m="62967" /><E51/><V71/><F12/><W122/><G131/><T110/><D110/><U33/><E33/><V8/><F71/><W100/><G100/><T82/><D82/><AGARI ba="0,0" hai="2,6,11,22,23,36,41,45,72,78,82" m="62967" machi="82" ten="30,1000,0" yaku="25,1" doraHai="81" who="1" fromWho="0" sc="188,-10,370,10,273,0,169,0" /><INIT seed="5,0,0,4,1,111" ten="178,380,273,169" oya="1" hai0="45,127,33,53,108,116,118,8,29,16,42,90,2" hai1="38,120,34,98,59,97,32,20,96,130,77,57,106" hai2="18,80,50,56,23,30,58,55,81,19,107,135,46" hai3="113,66,63,122,69,123,121,31,134,114,9,112,103"/><U85/><E120/><V93/><F107/><W101/><G134/><T88/><D108/><U60/><E38/><V43/><F135/><W15/><G31/><T125/><D33/><U131/><E106/><V61/><F30/><W65/><G65/><T72/><D72/><U128/><E20/><V62/><F93/><W4/><AGARI ba="0,0" hai="4,9,15,63,66,69,101,103,112,113,114,121,122,123" machi="4" ten="40,8000,1" yaku="0,1,15,1,52,3" doraHai="111" who="3" fromWho="3" sc="178,-20,380,-40,273,-20,169,80" /><INIT seed="6,0,0,5,3,63" ten="158,340,253,249" oya="2" hai0="38,50,28,77,59,71,115,34,27,12,6,32,56" hai1="113,69,70,52,131,43,33,125,4,78,36,96,8" hai2="97,22,119,5,0,100,133,41,123,11,122,23,111" hai3="57,95,120,31,79,116,37,107,13,68,40,58,67"/><V51/><F119/><W80/><G116/><T85/><D38/><U124/><E33/><V98/><F98/><W88/><G107/><T42/><D115/><U61/><E113/><V83/><F133/><W103/><G103/><T14/><D34/><U62/><E131/><V112/><F112/><W39/><G120/><T108/><D71/><N who="1" m="27147" /><E78/><V1/><F1/><W7/><G68/><T76/><D108/><U54/><E96/><V117/><F117/><W19/><G31/><T109/><D109/><U53/><E8/><V9/><F83/><W18/><G7/><T92/><D77/><U35/><E4/><V45/><F11/><W130/><G19/><T44/><D92/><U104/><E35/><V127/><F127/><N who="1" m="48713" /><E104/><V99/><F99/><W106/><G106/><T101/><D101/><U26/><E26/><V102/><F102/><W65/><G130/><T89/><D89/><U110/><E110/><V91/><F91/><W64/><G79/><T60/><D14/><U2/><E2/><V30/><F111/><W3/><G3/><T134/><D134/><U114/><E114/><V93/><REACH who="2" step="1"/><F30/><REACH who="2" ten="158,340,243,249" step="2"/><W10/><G80/><T132/><D132/><U66/><E66/><V73/><F73/><W121/><G65/><T48/><D76/><U129/><E129/><V105/><F105/><W75/><G75/><T118/><D85/><U15/><E15/><V55/><F55/><W25/><G67/><N who="0" m="39303" /><D118/><U90/><E90/><V24/><F24/><W128/><G25/><T17/><D12/><U29/><E29/><V72/><F72/><W74/><G74/><T82/><D82/><RYUUKYOKU ba="0,1" sc="158,-15,340,15,243,15,249,-15" hai1="36,43,52,53,54,61,62" hai2="0,5,9,22,23,41,45,51,93,97,100,122,123" /><INIT seed="6,1,1,1,2,25" ten="143,355,258,234" oya="2" hai0="74,110,27,118,77,55,79,0,109,125,82,28,135" hai1="44,81,92,53,37,76,15,89,127,23,9,88,61" hai2="20,129,50,71,17,93,97,63,64,80,34,103,30" hai3="13,133,12,22,102,65,60,45,8,36,51,75,19"/><V57/><F129/><W98/><G36/><T113/><D0/><U33/><E33/><V24/><F80/><W101/><G75/><T40/><D118/><U83/><E127/><V121/><F121/><W106/><G133/><T29/><D125/><U86/><E37/><V112/><F112/><W7/><G102/><T85/><D113/><U84/><E23/><V56/><REACH who="2" step="1"/><F50/><REACH who="2" ten="143,355,248,234" step="2"/><W119/><G119/><T5/><D135/><U96/><E61/><V10/><F10/><W111/><G111/><T1/><D109/><U100/><E76/><V90/><F90/><W66/><G60/><T99/><D110/><U59/><E44/><V132/><F132/><W73/><G73/><T47/><D74/><U35/><E35/><V105/><F105/><W107/><G106/><T2/><D77/><U122/><E122/><V42/><F42/><AGARI ba="1,2" hai="7,8,12,13,19,22,42,45,51,65,66,98,101,107" machi="42" ten="30,1000,0" yaku="7,1" doraHai="25" who="3" fromWho="2" sc="143,0,355,0,248,-13,234,33" /><INIT seed="7,0,0,5,4,97" ten="143,355,235,267" oya="3" hai0="33,116,58,88,72,134,8,25,107,52,127,32,60" hai1="117,121,53,125,124,103,118,69,37,83,112,89,63" hai2="59,94,74,43,68,38,34,55,23,13,87,79,40" hai3="29,5,122,77,96,47,126,81,0,2,102,71,31"/><W99/><G122/><T4/><D116/><N who="1" m="44651" /><E121/><V28/><F68/><W21/><G71/><T9/><D127/><U123/><E112/><V62/><F74/><W100/><G126/><T111/><D111/><U93/><E123/><V135/><F135/><W101/><G2/><T7/><D134/><U92/><E37/><V27/><F38/><W67/><G67/><T108/><D108/><U64/><E53/><V115/><F115/><W50/><G0/><T133/><D133/><U20/><E20/><V16/><F94/><N who="1" m="36457" /><E103/><V14/><F14/><W82/><G5/><T12/><D107/><U22/><E22/><V76/><F76/><W54/><G81/><T70/><D72/><U78/><E89/><V110/><F110/><W90/><G90/><T26/><D70/><U128/><E128/><V66/><F55/><W106/><G106/><T131/><D131/><U105/><E105/><V104/><F104/><W56/><G47/><T24/><REACH who="0" step="1"/><D88/><REACH who="0" ten="133,355,235,267" step="2"/><U6/><E125/><V120/><F120/><W119/><G119/><T1/><AGARI ba="0,1" hai="1,4,7,8,9,12,24,25,26,32,33,52,58,60" machi="1" ten="30,7900,0" yaku="1,1,2,1,0,1,54,1,53,0" doraHai="97" doraHaiUra="114" who="0" fromWho="0" sc="133,89,355,-20,235,-20,267,-39" owari="222,-18.0,335,43.0,215,-28.0,228,3.0" /></mjloggm>