<mjloggm ver="2.3"><GO type="169" lobby="0"/><UN n0="%E3%82%A2%E3%83%95%E3%83%AA%E3%82%AB" n1="%6E%61%6B%61%6A%75%75%6E" n2="%E7%A9%BA%E6%B0%97%E3%82%92%E5%A4%89%E3%81%88%E3%82%88%E3%81%86%E2%99%AA" n3="%E5%B0%B1%E6%B4%BB%E7%94%9F%40%E5%B7%9D%E6%9D%91%E8%BB%8D%E5%9B%A3" dan="16,17,16,17" rate="2093.54,2202.56,2038.17,2166.28" sx="M,M,F,M"/><TAIKYOKU oya="0"/><INIT seed="0,0,0,0,3,61" ten="250,250,250,250" oya="0" hai0="87,97,19,0,106,37,1,119,28,48,112,13,5" hai1="53,45,127,102,80,122,12,132,89,18,49,110,70" hai2="51,109,35,44,99,115,47,86,66,41,14,107,117" hai3="93,33,84,82,81,16,17,101,34,134,74,50,128"/><T76/><D37/><U52/><E122/><V120/><F120/><W73/><G50/><T95/><D106/><U38/><E38/><V71/><F115/><W85/><G93/><T129/><D112/><U72/><E110/><V130/><F109/><W3/><G3/><T9/><D119/><U31/><E127/><V83/><F117/><W22/><G22/><T32/><D129/><U20/><E132/><V96/><F130/><W43/><G43/><T56/><D0/><U23/><E102/><V54/><F35/><W29/><G29/><T2/><D2/><U65/><E31/><V98/><F107/><W62/><G62/><T4/><D28/><U7/><E7/><V59/><F14/><W126/><G126/><T57/><D32/><U100/><E100/><V105/><F105/><W113/><G101/><N who="0" m="60607" /><D1/><U6/><E6/><N who="0" m="2665" /><D48/><N who="1" m="28687" /><E70/><V63/><REACH who="2" step="1"/><F41/><REACH who="2" ten="250,250,240,250" step="2"/><W30/><G128/><T77/><D77/><AGARI ba="0,1" hai="44,47,51,54,59,63,66,71,77,83,86,96,98,99" machi="77" ten="40,8000,1" yaku="1,1,2,1,52,1,53,1" doraHai="61" doraHaiUra="60" who="2" fromWho="0" sc="250,-80,250,0,240,90,250,0" /><INIT seed="1,0,0,2,2,98" ten="170,250,330,250" oya="1" hai0="103,133,131,92,63,115,71,41,58,60,7,127,31" hai1="77,40,53,39,86,116,93,79,43,110,35,64,24" hai2="38,16,1,107,32,76,30,13,8,42,73,121,108" hai3="21,75,4,94,14,56,74,48,55,11,84,34,44"/><U66/><E116/><V111/><F107/><W62/><G34/><T113/><D127/><U54/><E110/><N who="2" m="42027" /><F121/><W122/><G122/><T91/><D133/><U120/><E120/><V2/><F76/><N who="1" m="29257" /><E39/><V114/><F73/><W51/><G51/><T9/><D131/><U17/><E35/><V124/><F124/><W90/><REACH who="3" step="1"/><G21/><REACH who="3" ten="170,250,330,240" step="2"/><T65/><D115/><U112/><E112/><V100/><F114/><W97/><G97/><T99/><D113/><U85/><E43/><AGARI ba="0,1" hai="4,11,14,43,44,48,55,56,62,74,75,84,90,94" machi="43" ten="30,3900,0" yaku="1,1,7,1,53,1" doraHai="98" doraHaiUra="47" who="3" fromWho="1" sc="170,0,250,-39,330,0,240,49" /><INIT seed="2,0,0,0,4,45" ten="170,211,330,289" oya="2" hai0="114,4,106,92,83,66,125,110,28,42,24,41,87" hai1="103,61,102,43,39,119,96,14,1,126,120,93,12" hai2="78,55,30,54,67,101,51,36,88,8,65,5,23" hai3="35,122,9,118,80,40,68,15,121,133,37,25,129"/><V10/><F36/><W3/><G68/><T84/><D106/><U113/><E1/><V34/><F34/><W98/><G118/><T89/><D110/><U124/><E119/><V0/><F101/><W91/><G3/><T95/><D114/><U97/><E113/><V33/><F33/><W57/><G129/><T49/><D4/><U46/><E61/><V104/><F104/><W63/><G133/><T109/><D109/><U111/><E111/><V108/><F108/><W115/><G115/><T72/><D72/><U112/><E112/><V123/><F123/><W94/><G37/><T76/><D66/><U2/><E2/><V56/><F78/><W47/><G80/><T81/><D125/><N who="1" m="48235" /><E120/><V21/><F8/><W19/><G35/><T50/><D28/><U52/><E52/><V128/><F128/><W75/><G75/><T135/><D135/><U107/><AGARI ba="0,0" hai="12,14,39,43,46,93,96,97,102,103,107" m="48235" machi="107" ten="30,1100,0" yaku="18,1" doraHai="45" who="1" fromWho="1" sc="170,-3,211,11,330,-5,289,-3" /><INIT seed="3,0,0,5,5,94" ten="167,222,325,286" oya="3" hai0="25,128,104,117,72,100,85,88,81,127,133,39,113" hai1="42,45,71,40,87,63,47,58,35,0,108,114,126" hai2="3,26,135,22,91,15,119,74,57,50,96,30,121" hai3="110,4,118,107,106,16,82,12,105,23,37,51,131"/><W76/><G118/><T67/><D39/><U66/><E35/><V54/><F119/><W73/><G37/><T77/><D117/><U20/><E20/><V48/><F74/><W122/><G122/><T56/><D25/><U116/><E0/><V112/><F112/><W86/><G131/><T115/><D128/><U78/><E78/><V52/><F3/><W90/><G110/><T83/><D133/><U60/><E87/><V28/><F135/><W84/><G4/><T13/><D13/><U43/><E116/><V68/><F68/><W14/><G51/><T33/><D33/><U99/><E99/><V53/><F121/><W123/><G123/><T44/><D44/><N who="1" m="16971" /><E114/><N who="0" m="43529" /><D67/><N who="1" m="41471" /><E126/><V93/><F28/><W29/><G29/><T9/><D9/><U31/><E31/><V130/><F130/><W92/><REACH who="3" step="1"/><G14/><REACH who="3" ten="167,222,325,276" step="2"/><T10/><D127/><U109/><AGARI ba="0,1" hai="40,42,43,58,60,66,108,109" m="41471,16971" machi="109" ten="40,2700,0" yaku="34,2" doraHai="94" who="1" fromWho="1" sc="167,-7,222,37,325,-7,276,-13" /><INIT seed="4,0,0,0,3,108" ten="160,259,318,263" oya="0" hai0="12,85,49,57,36,103,66,0,20,27,14,16,15" hai1="71,101,132,24,9,102,42,104,48,53,31,95,7" hai2="6,133,44,80,130,92,55,2,56,128,69,117,89" hai3="129,97,118,51,41,47,83,135,30,46,84,11,67"/><T43/><D36/><U111/><E111/><V113/><F69/><W1/><G118/><T58/><D0/><U18/><E71/><V38/><F133/><W68/><G135/><T82/><D103/><U19/><E132/><V79/><F117/><W90/><G129/><N who="2" m="49769" /><F6/><W78/><G30/><T26/><D26/><U87/><E42/><V126/><F2/><W96/><G68/><T25/><D25/><U99/><E87/><V114/><F126/><W4/><G67/><T93/><D93/><U52/><E102/><V98/><F44/><W32/><G32/><T64/><D43/><U17/><E104/><V73/><F38/><W94/><REACH who="3" step="1"/><G46/><REACH who="3" ten="160,259,318,253" step="2"/><T120/><D120/><U106/><E106/><V107/><F107/><W59/><G59/><N who="0" m="22539" /><D49/><AGARI ba="0,1" hai="49,55,56,73,79,80,89,92,98,113,114" m="49769" machi="49" ten="30,3900,0" yaku="19,1,52,2" doraHai="108" who="2" fromWho="0" sc="160,-39,259,0,318,49,253,0" /><INIT seed="5,0,0,3,1,28" ten="121,259,367,253" oya="1" hai0="89,83,109,74,65,58,75,70,94,45,66,116,106" hai1="5,119,78,118,32,44,34,19,100,113,121,21,18" hai2="43,93,72,130,29,22,126,79,61,57,2,6,10" hai3="53,50,112,82,0,27,107,68,128,108,95,76,54"/><U31/><E100/><V122/><F122/><W73/><G107/><T99/><D70/><U37/><E78/><V33/><F126/><W30/><G108/><T85/><D109/><U124/><E44/><V62/><F130/><W60/><G128/><T67/><D116/><N who="1" m="44587" /><E37/><V9/><F9/><W135/><G135/><T111/><D111/><U84/><E84/><V63/><F22/><W97/><G112/><T117/><D117/><U11/><E113/><V132/><F132/><W42/><G0/><T98/><D45/><U125/><E121/><V90/><F43/><W71/><G42/><T127/><D127/><N who="1" m="48715" /><E31/><V101/><F101/><W120/><G120/><T77/><D75/><U48/><E48/><V64/><F79/><W38/><G38/><T131/><D131/><U41/><E41/><V3/><F72/><W55/><G50/><T8/><D99/><U114/><E114/><V35/><F29/><W133/><G60/><T47/><D47/><U20/><E20/><V24/><F62/><W104/><G104/><T7/><D58/><U16/><E21/><V39/><F63/><W129/><G129/><T123/><D123/><U115/><E115/><V105/><F105/><W13/><G133/><T26/><D26/><U56/><E56/><V92/><F24/><W59/><G59/><T4/><REACH who="0" step="1"/><D8/><REACH who="0" ten="111,259,367,253" step="2"/><U110/><E110/><V91/><F57/><W51/><G71/><T81/><D81/><U69/><E69/><V88/><F10/><W25/><G68/><T80/><D80/><U1/><AGARI ba="0,1" hai="1,5,11,16,18,19,32,34" m="48715,44587" machi="1" ten="40,18000,2" yaku="18,1,34,2,52,2,54,1" doraHai="28" who="1" fromWho="1" sc="111,-60,259,190,367,-60,253,-60" /><INIT seed="5,1,0,4,0,81" ten="51,449,307,193" oya="1" hai0="57,14,103,10,130,64,126,125,26,37,63,6,38" hai1="75,131,93,32,15,0,114,134,135,42,90,106,133" hai2="3,101,51,52,111,119,8,80,7,49,89,104,74" hai3="36,109,102,62,35,4,79,68,19,65,25,87,60"/><U100/><E0/><V58/><F111/><W48/><G109/><T76/><D130/><U99/><E32/><V34/><F119/><W67/><G36/><T83/><D103/><U118/><E118/><V20/><F34/><W22/><G35/><T50/><D50/><U78/><E42/><V29/><F104/><W85/><G79/><T21/><D126/><U11/><E131/><V9/><F101/><W12/><G102/><T94/><D94/><U112/><E15/><V88/><F8/><W54/><G4/><T24/><D24/><U122/><E11/><V92/><F49/><W97/><G97/><T71/><D71/><U108/><E108/><V72/><F80/><W70/><G12/><T40/><D40/><U84/><E122/><V28/><F89/><W5/><G5/><T2/><D2/><U47/><E47/><AGARI ba="1,0" hai="19,22,25,47,48,54,60,62,65,67,68,70,85,87" machi="47" ten="30,7700,0" yaku="7,1,9,1,52,2" doraHai="81" who="3" fromWho="1" sc="51,0,449,-80,307,0,193,80" /><INIT seed="6,0,0,5,5,88" ten="51,369,307,273" oya="2" hai0="57,103,89,117,1,70,69,83,125,90,51,21,18" hai1="134,44,78,45,40,31,110,10,118,124,100,58,106" hai2="28,54,72,97,113,34,108,32,115,46,24,9,131" hai3="67,91,101,41,79,85,84,49,77,86,36,98,75"/><V99/><F131/><W55/><G75/><T81/><D1/><U122/><E122/><V12/><F72/><W135/><G135/><T5/><D5/><U87/><E118/><V50/><F34/><W60/><G41/><T43/><D117/><U29/><E110/><V96/><REACH who="2" step="1"/><F108/><REACH who="2" ten="51,369,297,273" step="2"/><W56/><G36/><T11/><D125/><U114/><E124/><V130/><F130/><W37/><G37/><T132/><D132/><U133/><E133/><V2/><F2/><W22/><G22/><T4/><D21/><U119/><E134/><V0/><F0/><W27/><G27/><T94/><D11/><U107/><E10/><V93/><F93/><N who="3" m="56639" /><G101/><T80/><D103/><U39/><E100/><V121/><F121/><W82/><G79/><T66/><D94/><U111/><E78/><V23/><F23/><W74/><G74/><T102/><D102/><U15/><E111/><V19/><AGARI ba="0,1" hai="9,12,19,24,28,32,46,50,54,96,97,99,113,115" machi="19" ten="30,3000,0" yaku="1,1,0,1,53,0" doraHai="88" doraHaiUra="129" who="2" fromWho="2" sc="51,-10,369,-10,297,40,273,-10" /><INIT seed="6,1,0,2,3,115" ten="41,359,337,263" oya="2" hai0="61,33,0,11,110,8,24,84,125,122,9,36,123" hai1="7,65,98,119,135,13,31,130,89,35,128,16,41" hai2="29,1,116,103,72,108,30,40,81,43,107,28,96" hai3="34,104,67,44,12,64,46,79,20,80,71,132,42"/><V25/><F116/><W127/><G34/><T113/><D36/><U3/><E119/><V78/><F108/><W117/><G104/><T133/><D61/><U109/><E109/><V100/><F1/><W15/><G117/><T17/><D110/><U82/><E41/><V53/><F25/><W54/><G127/><T38/><D38/><U14/><E65/><V27/><F27/><W120/><G120/><T21/><D84/><N who="1" m="50327" /><E98/><V90/><F100/><W106/><G106/><T102/><D102/><U92/><E92/><V56/><REACH who="2" step="1"/><F90/><REACH who="2" ten="41,359,327,263" step="2"/><W85/><G132/><T69/><D133/><U52/><E135/><V50/><AGARI ba="1,1" hai="28,29,30,40,43,50,53,56,72,78,81,96,103,107" machi="50" ten="30,6000,0" yaku="1,1,2,1,0,1,53,0" doraHai="115" doraHaiUra="22" who="2" fromWho="2" sc="41,-21,359,-21,327,73,263,-21" /><INIT seed="6,2,0,3,4,51" ten="20,338,400,242" oya="2" hai0="29,112,56,93,135,119,107,26,31,91,24,132,27" hai1="96,122,60,92,61,38,3,123,62,35,13,77,30" hai2="87,71,95,66,113,44,100,1,46,9,104,78,103" hai3="85,126,79,5,47,129,124,53,39,86,65,70,19"/><V114/><F104/><W58/><G129/><T4/><D107/><U76/><E38/><V67/><F1/><W120/><G5/><T133/><D91/><U2/><E13/><V54/><F9/><W12/><G120/><N who="1" m="46122" /><E30/><N who="0" m="11273" /><D93/><U121/><N who="1" m="46130" /><U7/><DORA hai="127" /><E35/><V128/><F128/><W8/><G70/><T97/><D97/><U48/><E48/><N who="2" m="28935" /><F46/><W105/><G105/><T36/><D36/><U125/><E125/><N who="3" m="48234" /><G79/><N who="1" m="30282" /><E7/><V89/><F78/><W88/><G65/><N who="2" m="24585" /><F71/><W16/><G47/><T0/><D56/><U14/><E14/><V50/><F50/><N who="3" m="31031" /><G39/><T42/><D42/><U59/><E59/><V109/><F109/><W10/><G86/><T64/><D64/><U134/><E134/><N who="0" m="34305" /><T45/><DORA hai="75" /><D45/><U82/><E82/><V90/><F113/><W18/><G12/><T98/><D98/><U43/><E43/><V101/><F114/><W115/><G115/><T74/><D112/><U69/><E69/><V68/><F68/><W40/><G40/><T110/><D110/><U21/><E21/><V111/><F111/><W6/><G6/><T72/><D4/><U11/><E11/><V84/><F84/><W102/><G102/><AGARI ba="2,0" hai="2,3,60,61,62,92,96,102" m="30282,46130" machi="102" ten="50,8000,1" yaku="13,1,52,3" doraHai="51,127,75" who="1" fromWho="3" sc="20,0,338,86,400,0,242,-86" /><INIT seed="7,0,0,5,3,30" ten="20,424,400,156" oya="3" hai0="15,26,6,74,121,44,111,0,4,18,59,116,93" hai1="25,113,105,22,5,11,58,52,29,97,34,94,84" hai2="108,19,33,88,37,9,75,28,31,16,81,72,68" hai3="112,83,23,42,89,79,17,53,130,132,131,32,95"/><W117/><G112/><T47/><D74/><U35/><E105/><V77/><F108/><W92/><G117/><T66/><D116/><U104/><E104/><V101/><F72/><W98/><G42/><T14/><D111/><U133/><E84/><N who="2" m="50191" /><F75/><W128/><G132/><T107/><D107/><U62/><E133/><V54/><F37/><W3/><G3/><T110/><D110/><U119/><E119/><V124/><F33/><W2/><G2/><T57/><D0/><U24/><E113/><V69/><F69/><W48/><G92/><T13/><D93/><U46/><E46/><V43/><F68/><W76/><G83/><T10/><D121/><U45/><E45/><V73/><F73/><W96/><G96/><T109/><D109/><U80/><E80/><V122/><F124/><W70/><G70/><T67/><D15/><U134/><E134/><V36/><F36/><W90/><G90/><T114/><D114/><U102/><E25/><V49/><F122/><W100/><G100/><T115/><D115/><U99/><E99/><V50/><F77/><W103/><G103/><T27/><REACH who="0" step="1"/><D10/><REACH who="0" ten="10,424,400,156" step="2"/><U64/><E64/><V21/><F101/><N who="3" m="60639" /><G130/><T135/><D135/><U125/><E125/><V82/><F82/><W78/><G131/><T85/><D85/><U71/><E71/><V60/><F9/><W127/><G127/><T8/><D8/><U86/><E86/><V39/><F39/><W126/><G126/><T20/><D20/><U41/><E41/><V1/><F1/><AGARI ba="0,1" hai="1,5,11,22,24,29,34,35,52,58,62,94,97,102" machi="1" ten="30,7700,0" yaku="7,1,52,2,54,1" doraHai="30" who="1" fromWho="2" sc="10,0,424,87,400,-77,156,0" owari="10,-49.0,511,61.0,323,12.0,156,-24.0" /></mjloggm>