<mjloggm ver="2.3"><GO type="169" lobby="0"/><UN n0="%E5%B0%B1%E6%B4%BB%E7%94%9F%40%E5%B7%9D%E6%9D%91%E8%BB%8D%E5%9B%A3" n1="%6A%75%6E%6E%2E%69" n2="%E3%83%A4%E3%82%AD%E3%83%B3" n3="%E9%BA%BB%E9%9B%80%E7%89%87%E6%83%B3%E3%81%84" dan="17,16,18,16" rate="2141.09,2089.55,2152.80,2132.21" sx="M,M,M,M"/><TAIKYOKU oya="0"/><INIT seed="0,0,0,3,2,27" ten="250,250,250,250" oya="0" hai0="128,96,74,68,123,43,29,8,64,56,52,115,51" hai1="39,103,13,14,92,81,85,106,12,11,72,89,60" hai2="7,124,127,105,82,120,63,15,116,20,78,22,97" hai3="62,55,99,131,42,49,121,19,25,26,24,3,21"/><T37/><D74/><U33/><E39/><V90/><F120/><W46/><G3/><T0/><D115/><U76/><E33/><V58/><F116/><W2/><G2/><T32/><D123/><U122/><E60/><V35/><F35/><W118/><G131/><T45/><D128/><U114/><E114/><V84/><F7/><W1/><G1/><T6/><D96/><N who="1" m="61799" /><E122/><V34/><F34/><W23/><G118/><T83/><D83/><U44/><E44/><V93/><F105/><W4/><G121/><T130/><D130/><U111/><E111/><V67/><REACH who="2" step="1"/><F15/><REACH who="2" ten="250,250,240,250" step="2"/><N who="3" m="9471" /><G4/><AGARI ba="0,1" hai="4,11,12,13,14,72,76,81,85,89,92" m="61799" machi="4" ten="30,1000,0" yaku="24,1" doraHai="27" who="1" fromWho="3" sc="250,0,250,20,240,0,250,-10" /><INIT seed="1,0,0,1,5,65" ten="250,270,240,240" oya="1" hai0="13,109,44,115,103,22,5,121,47,84,108,132,26" hai1="118,60,2,101,32,123,36,61,122,46,64,53,111" hai2="110,23,17,1,133,39,100,20,98,41,80,81,49" hai3="95,134,30,113,124,35,96,14,12,50,135,88,130"/><U21/><E21/><V91/><F39/><W74/><G74/><T70/><D115/><U117/><E32/><V38/><F38/><W27/><G113/><T119/><D119/><N who="1" m="45579" /><E2/><V90/><F1/><W131/><G50/><T73/><D73/><U33/><E33/><V16/><F110/><W56/><G56/><T3/><D3/><U48/><E101/><V6/><F6/><W77/><G77/><T114/><D114/><U93/><E93/><N who="2" m="58447" /><F133/><N who="3" m="50699" /><G124/><T106/><D132/><U40/><E111/><V83/><F41/><W102/><G102/><T125/><D125/><U72/><E72/><V75/><F49/><W18/><G12/><T89/><D103/><U11/><E11/><AGARI ba="0,0" hai="11,14,18,27,30,35,88,95,96,130,131" m="50699" machi="11" ten="30,2000,0" yaku="20,1,54,1" doraHai="65" who="3" fromWho="1" sc="250,0,270,-20,240,0,240,20" /><INIT seed="2,0,0,2,0,8" ten="250,250,240,260" oya="2" hai0="133,115,113,93,62,128,29,95,135,127,7,119,121" hai1="59,60,72,5,61,12,90,45,37,58,114,109,108" hai2="87,31,22,2,15,69,64,75,20,52,24,105,99" hai3="92,27,51,78,88,44,42,4,30,120,89,43,50"/><V53/><F75/><W101/><G120/><T85/><D62/><N who="1" m="24171" /><E90/><V94/><F2/><W116/><G78/><T106/><D29/><U25/><E25/><V36/><F36/><W74/><G74/><T102/><D7/><U39/><E72/><V19/><F69/><W3/><G116/><T16/><D16/><U9/><E114/><N who="0" m="43529" /><D121/><U79/><E79/><V71/><F71/><W110/><G110/><N who="1" m="42602" /><E39/><V112/><F112/><W11/><G101/><T65/><D65/><U126/><E126/><V98/><F64/><W17/><G17/><T96/><D127/><U86/><E86/><V56/><F105/><W77/><G77/><T6/><D6/><U14/><E14/><V76/><F56/><W18/><G18/><T82/><D128/><U124/><E124/><V21/><F21/><W47/><REACH who="3" step="1"/><G92/><REACH who="3" ten="250,250,240,250" step="2"/><N who="0" m="35403" /><D119/><U107/><E107/><V34/><F99/><W67/><G67/><T68/><D68/><U40/><AGARI ba="0,1" hai="5,9,12,37,40,45,58,59" m="42602,24171" machi="40" ten="30,2000,0" yaku="14,1,52,1" doraHai="8" who="1" fromWho="1" sc="250,-5,250,30,240,-10,250,-5" /><INIT seed="3,0,0,2,4,32" ten="245,280,230,245" oya="3" hai0="3,2,59,127,103,115,6,8,56,9,33,82,118" hai1="30,64,24,88,79,73,58,28,41,101,114,95,60" hai2="122,70,21,80,68,44,132,46,52,40,27,10,84" hai3="134,57,83,49,48,43,65,69,4,19,129,121,124"/><W63/><G121/><T22/><D118/><U35/><E114/><V76/><F122/><W92/><G4/><T119/><D33/><U125/><E41/><V15/><F132/><W109/><G19/><T16/><D119/><U86/><E30/><V51/><F27/><W34/><G92/><T85/><D127/><U23/><E101/><V116/><F116/><W11/><G11/><T67/><D103/><U75/><E125/><V42/><F21/><W36/><G83/><T135/><D135/><U38/><E38/><V17/><REACH who="2" step="1"/><F42/><REACH who="2" ten="245,280,220,245" step="2"/><W53/><G134/><T31/><D115/><U117/><E117/><V106/><F106/><W89/><G34/><T130/><D130/><U91/><E35/><V54/><F54/><W61/><G124/><T123/><D67/><U104/><E104/><V66/><F66/><W113/><G129/><T78/><D123/><U37/><E23/><V105/><F105/><W87/><G113/><T131/><D131/><U12/><E24/><V72/><F72/><W74/><G74/><T102/><D31/><U13/><E64/><V1/><F1/><W98/><G65/><T100/><D8/><U50/><E75/><V90/><F90/><W5/><G89/><T26/><REACH who="0" step="1"/><D2/><REACH who="0" ten="235,280,220,245" step="2"/><U133/><E133/><V93/><F93/><W108/><G108/><T128/><D128/><U97/><E95/><V20/><F20/><W71/><G109/><T7/><D7/><U111/><E111/><V39/><AGARI ba="0,2" hai="10,15,17,39,40,44,46,51,52,68,70,76,80,84" machi="39" ten="20,5200,0" yaku="1,1,0,1,7,1,54,1,53,0" doraHai="32" doraHaiUra="0" who="2" fromWho="2" sc="235,-13,280,-13,220,72,245,-26" /><INIT seed="4,0,0,5,4,38" ten="222,267,292,219" oya="0" hai0="15,95,108,77,1,57,133,44,116,43,33,47,0" hai1="72,113,79,121,28,6,52,12,54,69,58,127,126" hai2="3,84,62,64,8,40,86,118,134,97,111,2,42" hai3="61,27,46,13,34,5,71,110,7,14,124,49,25"/><T26/><D116/><U96/><E28/><V125/><F111/><W81/><G110/><T41/><D108/><U122/><E96/><V119/><F125/><N who="1" m="47625" /><E12/><V74/><F74/><W91/><G124/><T104/><D104/><U55/><E6/><N who="3" m="2058" /><G34/><T45/><D133/><U105/><E105/><V114/><F114/><W100/><G100/><T24/><D77/><U107/><E107/><V73/><F73/><W65/><G71/><T37/><D33/><U131/><E69/><V132/><F97/><W109/><G109/><T89/><D37/><U93/><E93/><V115/><F115/><W9/><G61/><T63/><D15/><N who="3" m="5641" /><G65/><N who="0" m="39151" /><D1/><U56/><E113/><V20/><F62/><W101/><G101/><T53/><D53/><U4/><E4/><V90/><F64/><W59/><G59/><N who="1" m="22570" /><E79/><V98/><F8/><W112/><G9/><T51/><D0/><U29/><E72/><V70/><F70/><W80/><G112/><T106/><D106/><U11/><E11/><V60/><F60/><W35/><G35/><T16/><D51/><U50/><E50/><V103/><F20/><W92/><G25/><N who="0" m="9835" /><D16/><U23/><E23/><V36/><F36/><W117/><G27/><T99/><AGARI ba="0,0" hai="41,43,44,45,47,89,95,99" m="9835,39151" machi="99" ten="30,6000,0" yaku="8,1,52,2" doraHai="38" who="0" fromWho="0" sc="222,60,267,-20,292,-20,219,-20" /><INIT seed="4,1,0,1,5,101" ten="282,247,272,199" oya="0" hai0="70,82,28,135,90,71,84,110,32,130,4,47,65" hai1="87,73,20,14,26,19,58,5,31,51,116,7,129" hai2="81,106,50,48,95,108,119,42,27,34,13,30,0" hai3="125,55,102,72,64,54,91,3,69,99,67,1,109"/><T113/><D113/><U24/><E73/><V68/><F0/><W120/><G109/><T18/><D110/><U112/><E87/><V12/><F108/><W61/><G125/><T76/><D130/><U45/><E58/><V132/><F132/><W9/><G72/><T53/><D135/><U10/><E129/><V46/><F68/><W43/><G67/><T6/><D18/><U97/><E97/><V66/><F66/><W44/><G91/><T115/><D115/><U93/><E93/><V111/><F111/><W21/><G21/><T63/><D71/><U23/><E112/><V11/><F95/><W128/><G128/><T118/><D118/><U117/><REACH who="1" step="1"/><E7/><REACH who="1" ten="282,237,272,199" step="2"/><V35/><F119/><W107/><G120/><T33/><D6/><U16/><E16/><V29/><F29/><W17/><G17/><T134/><D4/><U133/><E133/><V96/><F30/><W2/><REACH who="3" step="1"/><G9/><REACH who="3" ten="282,237,272,189" step="2"/><T79/><D134/><U83/><E83/><V86/><F81/><W15/><G15/><T59/><D28/><U60/><E60/><V105/><F11/><W131/><G131/><T8/><D8/><U85/><E85/><V39/><F86/><W104/><G104/><T74/><D74/><U56/><E56/><V100/><F106/><W94/><G94/><T98/><D82/><U52/><AGARI ba="1,2" hai="5,10,14,19,20,23,24,26,31,45,51,52,116,117" machi="52" ten="20,5200,0" yaku="1,1,0,1,7,1,54,1,53,0" doraHai="101" doraHaiUra="124" who="1" fromWho="1" sc="282,-27,237,75,272,-14,189,-14" /><INIT seed="5,0,0,4,4,3" ten="255,312,258,175" oya="1" hai0="132,65,28,93,119,45,48,11,84,127,81,101,72" hai1="66,59,42,56,61,125,6,88,108,69,26,128,75" hai2="60,71,117,100,86,43,85,122,104,123,109,98,105" hai3="53,47,89,63,126,16,110,92,118,103,57,17,113"/><U58/><E75/><V15/><F109/><W115/><G110/><T111/><D72/><U90/><E108/><V12/><F117/><W5/><G118/><T106/><D106/><U38/><E26/><V33/><F43/><W79/><G126/><T49/><D119/><U31/><E31/><V87/><F33/><W8/><G79/><T94/><D111/><U27/><E27/><V46/><F46/><W129/><G103/><T135/><D127/><U112/><E125/><V23/><F105/><W78/><G78/><T52/><D65/><U96/><E96/><V54/><F54/><W25/><G47/><T19/><D28/><U102/><E102/><V36/><F36/><W29/><G129/><T21/><D49/><U44/><E128/><V67/><F15/><W76/><G76/><T30/><D30/><U95/><E95/><V83/><F83/><W13/><G115/><T55/><D55/><U131/><E131/><V64/><F64/><W51/><G51/><T32/><D32/><U37/><E37/><V70/><F70/><W39/><G39/><T73/><D73/><U18/><E112/><V0/><F0/><W97/><REACH who="3" step="1"/><G113/><REACH who="3" ten="255,312,258,165" step="2"/><T41/><D101/><U82/><E44/><V116/><F116/><W14/><G14/><N who="0" m="7647" /><D41/><U22/><E42/><V2/><F2/><W133/><G133/><N who="0" m="51275" /><D21/><AGARI ba="0,1" hai="5,8,13,16,17,21,25,29,53,57,63,89,92,97" machi="21" ten="30,8000,1" yaku="1,1,7,1,8,1,52,1,54,1,53,0" doraHai="3" doraHaiUra="114" who="3" fromWho="0" sc="255,-80,312,0,258,0,165,90" /><INIT seed="6,0,0,5,2,5" ten="175,312,258,255" oya="2" hai0="29,115,77,120,46,93,43,1,63,91,7,38,58" hai1="23,59,51,66,18,62,33,129,81,53,37,76,132" hai2="88,97,98,69,94,134,25,85,96,104,133,95,39" hai3="22,125,50,30,42,92,114,121,101,103,70,9,64"/><V26/><F39/><W28/><G121/><T8/><D120/><U24/><E129/><V112/><F69/><W15/><G125/><T14/><D115/><U6/><E6/><V47/><F47/><W124/><G64/><T106/><D106/><U3/><E3/><V100/><F112/><W111/><G70/><T45/><D77/><U20/><E132/><N who="2" m="50795" /><F26/><W89/><G111/><T21/><D45/><U67/><E37/><V102/><F25/><W60/><G60/><T107/><D107/><U74/><E33/><V36/><F36/><W79/><G79/><T113/><D113/><U49/><E66/><V118/><F118/><W78/><G78/><T32/><D32/><U105/><E105/><N who="2" m="63623" /><F97/><W135/><G124/><T68/><D68/><U44/><E23/><V110/><F110/><W130/><G22/><T19/><D29/><U35/><E35/><V84/><F84/><W99/><G30/><T55/><D93/><AGARI ba="0,0" hai="85,88,93,94,95,98,102,104" m="63623,50795" machi="93" ten="30,11600,0" yaku="20,1,34,2,54,1" doraHai="5" who="2" fromWho="0" sc="175,-116,312,0,258,116,255,0" /><INIT seed="6,1,0,1,1,90" ten="59,312,374,255" oya="2" hai0="29,99,8,30,44,91,35,80,11,104,105,17,88" hai1="39,4,101,43,89,13,38,52,68,31,61,1,71" hai2="37,55,125,34,126,56,86,16,41,21,51,129,62" hai3="78,115,70,12,82,14,122,63,60,84,124,96,97"/><V119/><F34/><W75/><G122/><T27/><D29/><U113/><E1/><V9/><F119/><W7/><G124/><N who="2" m="47721" /><F9/><W42/><G42/><T22/><D80/><U103/><E13/><V121/><F121/><W134/><G134/><T118/><D118/><U18/><E18/><V47/><F86/><W93/><G75/><T64/><D64/><U92/><E31/><V2/><F2/><W127/><G97/><T50/><D11/><U58/><E4/><V36/><F129/><W40/><G70/><T128/><D128/><U79/><E79/><V32/><F32/><W66/><G66/><T67/><D67/><U49/><E68/><V6/><F6/><W69/><G69/><T135/><D135/><U28/><E28/><V100/><F100/><W107/><G40/><T26/><D8/><U76/><E43/><V94/><F94/><W48/><G107/><T114/><D114/><U57/><E103/><V46/><F47/><W10/><G115/><T116/><D116/><U111/><E113/><V74/><F74/><W102/><G127/><T65/><D65/><U112/><E101/><V33/><F33/><W108/><G108/><T131/><D131/><U24/><E111/><V120/><F120/><W59/><G14/><AGARI ba="1,0" hai="14,16,21,36,37,41,46,51,55,56,62" m="47721" machi="14" ten="30,2900,0" yaku="18,1,54,1" doraHai="90" who="2" fromWho="3" sc="59,0,312,0,374,32,255,-32" /><INIT seed="6,2,0,1,3,84" ten="59,312,406,223" oya="2" hai0="111,7,81,114,107,87,102,2,104,121,66,105,99" hai1="115,22,19,96,46,127,93,100,67,75,79,119,124" hai2="120,49,125,109,72,14,34,52,5,129,73,54,32" hai3="18,90,16,9,95,6,24,94,63,15,38,23,83"/><V11/><F120/><W30/><G38/><T35/><D35/><U44/><E67/><V53/><F125/><N who="1" m="48201" /><E119/><V4/><F129/><W3/><G63/><T21/><D66/><U113/><E19/><V92/><F109/><W76/><G3/><T118/><D111/><U31/><E22/><V86/><F34/><W126/><G95/><T29/><D121/><U61/><E61/><V135/><F32/><W0/><G0/><T130/><D130/><U13/><E13/><V123/><F123/><W132/><G132/><T59/><D118/><U110/><E31/><V128/><F128/><W12/><G12/><T10/><D114/><N who="1" m="43531" /><E46/><V33/><F33/><W78/><G126/><T80/><D80/><N who="1" m="45183" /><E44/><V117/><F117/><W1/><G83/><T131/><D131/><U101/><E101/><V37/><F37/><W64/><G64/><T27/><REACH who="0" step="1"/><D59/><REACH who="0" ten="49,312,406,223" step="2"/><U108/><AGARI ba="2,1" hai="93,96,100,108,110" m="45183,43531,48201" machi="108" ten="40,8000,1" yaku="18,1,15,1,34,2" doraHai="84" who="1" fromWho="1" sc="49,-22,312,96,406,-42,223,-22" /><INIT seed="7,0,0,0,1,24" ten="27,408,364,201" oya="3" hai0="125,17,75,31,21,53,119,106,127,57,76,108,105" hai1="68,117,99,83,111,58,88,128,131,48,8,3,19" hai2="30,20,101,84,5,100,121,52,56,63,107,22,32" hai3="130,10,49,62,39,33,72,36,23,34,109,134,126"/><W25/><G126/><T85/><D75/><U135/><E68/><V14/><F32/><W40/><G130/><N who="1" m="49706" /><E48/><V9/><F107/><W103/><G134/><T81/><D119/><U27/><E58/><V59/><F121/><W42/><G72/><T67/><D108/><U95/><E83/><V102/><F30/><W91/><G103/><T37/><D37/><U13/><E135/><V41/><F41/><W71/><G34/><T64/><D64/><U92/><E3/><V18/><F84/><W69/><G33/><T11/><D67/><U87/><E27/><V129/><F129/><W29/><G109/><T50/><D105/><U114/><E114/><V112/><F112/><W93/><G42/><T120/><D106/><U94/><E111/><V2/><F22/><W1/><G62/><T16/><D120/><U116/><E95/><V89/><F89/><AGARI ba="0,0" hai="8,13,19,87,88,89,92,94,99,116,117" m="49706" machi="89" ten="30,2000,0" yaku="19,1,54,1" doraHai="24" who="1" fromWho="2" sc="27,0,408,20,364,-20,201,0" owari="27,-47.0,428,53.0,344,14.0,201,-20.0" /></mjloggm>