<mjloggm ver="2.3"><GO type="41" lobby="0"/><UN n0="%E5%85%A8%E3%81%A4%E6%95%99%E6%95%99%E7%A5%96" n1="%E5%A4%A7%E5%89%8D" n2="%E5%B0%B1%E6%B4%BB%E7%94%9F%40%E5%B7%9D%E6%9D%91%E8%BB%8D%E5%9B%A3" n3="%E3%82%AB%E3%83%84%E3%82%AA%E6%AD%A6%E5%A3%AB" dan="13,14,17,15" rate="1861.97,1965.19,2164.08,2059.05" sx="M,M,M,M"/><TAIKYOKU oya="0"/><INIT seed="0,0,0,5,3,41" ten="250,250,250,250" oya="0" hai0="12,51,86,22,95,124,35,107,99,74,89,101,91" hai1="132,58,3,94,131,49,120,106,5,125,129,133,55" hai2="108,37,85,38,72,8,17,19,59,69,31,130,23" hai3="65,66,127,84,102,32,128,113,104,40,73,60,111"/><T14/><D35/><U81/><E106/><V15/><F69/><W78/><G32/><T29/><D124/><U90/><E81/><V4/><F72/><W24/><G113/><T134/><D134/><N who="1" m="51819" /><E120/><V48/><F130/><N who="1" m="49673" /><E3/><V30/><F108/><W98/><G127/><T110/><D110/><U97/><E5/><V20/><F38/><W80/><G111/><T7/><D74/><U112/><E112/><V18/><F37/><W25/><G66/><T64/><D64/><U44/><E125/><V121/><F85/><W76/><G128/><T16/><D29/><N who="2" m="10762" /><F48/><W88/><G78/><T63/><D63/><U34/><E34/><V96/><F59/><AGARI ba="0,0" hai="44,49,55,58,59,90,94,97" m="49673,51819" machi="59" ten="30,3900,0" yaku="20,1,19,1,52,1" doraHai="41" who="1" fromWho="2" sc="250,0,250,39,250,-39,250,0" /><INIT seed="1,0,0,1,3,47" ten="250,289,211,250" oya="1" hai0="99,56,31,92,114,69,88,43,0,33,113,25,24" hai1="93,1,107,7,103,94,118,19,36,35,63,48,87" hai2="39,46,101,55,129,51,22,72,18,61,123,102,30" hai3="106,135,37,98,38,112,116,44,26,4,75,134,42"/><U132/><E35/><V74/><F123/><W127/><G112/><T83/><D69/><U125/><E36/><V100/><F129/><W82/><G116/><T49/><D0/><U20/><E107/><V27/><F39/><W84/><G37/><T64/><D24/><U16/><E118/><V96/><F96/><W3/><G127/><T45/><D64/><U68/><E19/><V126/><F126/><W58/><G58/><T65/><REACH who="0" step="1"/><D83/><REACH who="0" ten="240,289,211,250" step="2"/><U11/><E125/><V71/><F71/><W70/><G26/><T29/><D29/><U17/><E68/><V77/><F77/><W90/><G70/><T14/><D14/><U130/><E1/><V34/><REACH who="2" step="1"/><F61/><AGARI ba="0,1" hai="25,31,33,43,45,49,56,61,65,88,92,99,113,114" machi="61" ten="40,5200,0" yaku="1,1,52,1,54,1,53,0" doraHai="47" doraHaiUra="13" who="0" fromWho="2" sc="240,62,289,0,211,-52,250,0" /><INIT seed="2,0,0,0,1,57" ten="302,289,159,250" oya="2" hai0="13,118,45,67,9,124,7,25,100,88,116,72,106" hai1="0,19,127,70,80,133,24,101,109,119,59,33,63" hai2="69,20,122,48,81,51,95,11,93,113,36,83,35" hai3="126,47,22,110,78,98,23,87,89,56,125,94,40"/><V79/><F35/><W117/><G117/><T5/><D72/><U18/><E119/><N who="0" m="45609" /><D67/><U66/><E0/><V77/><F122/><W92/><G56/><T115/><D124/><U6/><E6/><V102/><F36/><W41/><G110/><T49/><D25/><U54/><E127/><N who="3" m="48650" /><G40/><T105/><D100/><U104/><E80/><V68/><F20/><W37/><G78/><T30/><D30/><N who="1" m="19655" /><E133/><V71/><F11/><W42/><G42/><N who="0" m="24759" /><D7/><U75/><E75/><V34/><F34/><W32/><G32/><T31/><D31/><U96/><E109/><V134/><F71/><W43/><G43/><T107/><D115/><U91/><E91/><AGARI ba="0,0" hai="22,23,37,41,47,87,89,91,92,94,98" m="48650" machi="91" ten="30,1000,0" yaku="18,1" doraHai="57" who="3" fromWho="1" sc="302,0,289,-10,159,0,250,10" /><AGARI ba="0,0" hai="5,9,13,88,91,105,106,107" m="24759,45609" machi="91" ten="40,2600,0" yaku="12,1,54,1" doraHai="57" who="0" fromWho="1" sc="302,26,279,-26,159,0,260,0" /><INIT seed="3,0,0,1,2,118" ten="328,253,159,260" oya="3" hai0="112,0,101,64,40,120,76,61,28,6,1,25,83" hai1="42,26,29,49,36,66,113,84,72,3,43,102,86" hai2="65,60,88,31,24,109,63,5,89,52,124,35,22" hai3="127,8,123,128,39,32,34,100,15,99,114,69,90"/><W41/><G69/><T44/><D101/><U2/><E72/><V51/><F109/><W81/><G114/><T11/><D1/><U9/><E113/><V30/><F124/><W19/><G127/><T58/><D112/><U79/><E3/><V91/><F5/><W105/><G128/><T56/><D120/><U125/><E125/><V106/><F106/><W126/><G126/><T68/><D25/><U108/><E102/><V103/><F103/><W38/><G123/><T131/><D28/><U78/><E66/><V129/><F129/><W104/><G104/><T85/><D131/><U75/><E49/><AGARI ba="0,0" hai="0,6,11,40,44,49,56,58,61,64,68,76,83,85" machi="49" ten="30,1000,0" yaku="7,1" doraHai="118" who="0" fromWho="1" sc="328,10,253,-10,159,0,260,0" /><INIT seed="4,0,0,5,3,87" ten="338,243,159,260" oya="0" hai0="64,130,54,44,132,94,1,28,49,68,34,85,55" hai1="17,118,100,126,113,115,97,13,134,26,77,2,23" hai2="103,90,116,70,76,51,15,0,78,71,122,111,9" hai3="104,82,129,10,20,80,109,106,65,92,69,22,27"/><T123/><D123/><U95/><E118/><V19/><F111/><W8/><G129/><T91/><D132/><U99/><E134/><V37/><F37/><W18/><G109/><T79/><D1/><U83/><E126/><V117/><F122/><W25/><G65/><T60/><D130/><U59/><E59/><V63/><F103/><W3/><G3/><T7/><D7/><U62/><E62/><V53/><F0/><W98/><G69/><T40/><D28/><U107/><E26/><V39/><F39/><W114/><G114/><N who="1" m="43530" /><E2/><V32/><F32/><W102/><BYE who="2" /><G106/><UN n2="%E5%B0%B1%E6%B4%BB%E7%94%9F%40%E5%B7%9D%E6%9D%91%E8%BB%8D%E5%9B%A3" /><T41/><D41/><U135/><E135/><V105/><F105/><W29/><G104/><T6/><D6/><U125/><E125/><V86/><F63/><W4/><G4/><T14/><D14/><U35/><E35/><V131/><F131/><W61/><G61/><T21/><D21/><U52/><E52/><V57/><F71/><W89/><G102/><T124/><D34/><U43/><E43/><V120/><F70/><W5/><G5/><T38/><D124/><U33/><E33/><V119/><REACH who="2" step="1"/><F120/><REACH who="2" ten="338,243,149,260" step="2"/><W11/><AGARI ba="0,1" hai="8,10,11,18,20,22,25,27,29,80,82,89,92,98" machi="11" ten="30,4000,0" yaku="0,1,8,1,52,1" doraHai="87" who="3" fromWho="3" sc="338,-20,243,-10,149,-10,260,50" /><INIT seed="5,0,0,3,2,118" ten="318,233,139,310" oya="1" hai0="57,8,11,24,114,102,74,56,18,95,92,85,32" hai1="90,71,4,53,110,43,50,126,13,66,77,28,132" hai2="6,60,38,81,111,25,75,10,20,109,31,72,3" hai3="127,23,131,9,30,45,34,133,12,22,51,108,121"/><U115/><E110/><V69/><F75/><W116/><G116/><T2/><D2/><U42/><E28/><V62/><F62/><W93/><G133/><T97/><D74/><U80/><E132/><V98/><F98/><W67/><G131/><T125/><D125/><U87/><E126/><V21/><F21/><W61/><G108/><T103/><D114/><U63/><E4/><V14/><F14/><W55/><G121/><T41/><D41/><U120/><E13/><V19/><F19/><W64/><G64/><T36/><D36/><U117/><E117/><V76/><F60/><W105/><G105/><T59/><D32/><U78/><E78/><V52/><F69/><W26/><G93/><T27/><D18/><U106/><E106/><V123/><F123/><W130/><G130/><T70/><D70/><U40/><E115/><V94/><F94/><W119/><G119/><T7/><D85/><U104/><E104/><V33/><F20/><W65/><G65/><T91/><D91/><U49/><E120/><V135/><F135/><W44/><G44/><T83/><D83/><U101/><E101/><V96/><F96/><W79/><G79/><T88/><D95/><U35/><E35/><V58/><REACH who="2" step="1"/><F38/><REACH who="2" ten="318,233,129,310" step="2"/><W37/><G37/><T46/><D7/><U39/><E39/><V124/><F124/><W112/><G112/><T1/><D1/><U128/><E128/><V17/><F17/><W48/><G127/><T0/><D0/><U16/><E16/><V15/><F15/><W47/><G61/><T82/><D11/><U122/><E122/><V99/><F99/><RYUUKYOKU ba="0,1" sc="318,-10,233,-10,129,30,310,-10" hai2="3,6,10,25,31,33,52,58,72,76,81,109,111" /><INIT seed="6,1,1,3,1,121" ten="308,223,159,300" oya="2" hai0="135,90,8,96,124,35,117,115,15,19,73,48,114" hai1="60,120,41,134,28,77,38,95,5,103,109,132,13" hai2="101,66,128,49,118,94,72,34,74,54,30,65,21" hai3="64,67,70,55,110,112,52,29,4,119,69,131,130"/><V99/><F118/><W16/><G119/><T88/><D117/><U61/><E109/><V93/><F34/><W105/><G105/><T111/><D35/><U40/><E120/><V22/><F128/><N who="3" m="49195" /><G29/><T108/><D73/><U14/><E77/><V86/><F74/><W11/><G110/><N who="0" m="42027" /><D48/><U50/><E50/><V44/><F72/><W125/><G125/><T12/><D96/><U82/><E82/><V75/><F75/><W23/><G112/><N who="0" m="43051" /><D124/><U113/><E113/><V33/><F33/><W53/><G67/><N who="2" m="25609" /><F30/><W56/><G56/><T58/><D58/><U10/><E28/><V24/><F24/><N who="3" m="14439" /><G64/><T83/><D135/><U37/><E134/><V31/><F31/><W133/><G133/><T71/><D71/><U2/><E132/><V100/><F100/><W89/><G89/><AGARI ba="1,1" hai="21,22,44,49,54,86,89,93,94,99,101" m="25609" machi="89" ten="30,1500,0" yaku="8,1" doraHai="121" who="2" fromWho="3" sc="308,0,223,0,159,28,300,-18" /><INIT seed="6,2,0,5,4,18" ten="308,223,187,282" oya="2" hai0="33,132,49,70,63,58,71,8,31,84,125,61,105" hai1="12,118,128,121,6,82,124,65,123,75,90,21,57" hai2="102,2,68,108,74,13,130,73,129,88,111,10,19" hai3="94,11,72,27,59,115,3,98,101,62,67,26,92"/><V95/><F68/><W46/><G72/><T4/><D105/><U112/><E118/><V41/><F41/><W127/><G127/><T134/><D31/><U38/><E38/><V37/><F37/><W60/><G115/><T77/><D33/><U48/><E124/><V85/><F102/><W16/><G46/><T133/><D84/><U17/><E6/><V52/><F2/><W0/><G92/><T23/><D77/><U96/><E128/><N who="2" m="49259" /><F52/><W28/><G27/><T109/><D109/><AGARI ba="2,0" hai="10,13,19,73,74,85,88,95,108,109,111" m="49259" machi="109" ten="30,5800,0" yaku="10,1,19,1,54,1" doraHai="18" who="2" fromWho="0" sc="308,-64,223,0,187,64,282,0" /><INIT seed="6,3,0,5,3,63" ten="244,223,251,282" oya="2" hai0="7,98,54,99,95,88,111,65,101,73,21,34,134" hai1="104,100,89,58,79,72,15,25,118,67,6,123,50" hai2="93,62,126,2,3,132,20,59,75,91,127,105,0" hai3="77,135,68,66,9,10,41,19,115,108,120,103,92"/><V90/><F105/><W12/><G120/><T31/><D73/><U133/><E123/><V128/><F75/><W130/><G108/><T29/><D111/><U52/><E118/><V61/><F128/><W74/><G135/><T4/><D134/><U39/><E39/><V124/><F132/><W80/><G130/><T69/><D54/><U48/><E133/><V44/><F44/><W96/><G41/><T38/><D38/><U33/><E67/><N who="2" m="39359" /><F93/><W129/><G115/><T43/><D43/><U76/><E72/><V1/><N who="2" m="512" /><DORA hai="106" /><V32/><F32/><W8/><G129/><T22/><D22/><U113/><E113/><V102/><F102/><W85/><G74/><T84/><D21/><U40/><E89/><V45/><F45/><W110/><G110/><T26/><D31/><U27/><E100/><V47/><F47/><W82/><G82/><T114/><D98/><U13/><E33/><V28/><F62/><W131/><G131/><T64/><D114/><U109/><E109/><V23/><F23/><N who="3" m="11751" /><G68/><T56/><D56/><U78/><E104/><V94/><F94/><W119/><G119/><T18/><D18/><U11/><E15/><V17/><F28/><W83/><G83/><T30/><D30/><U53/><E40/><V97/><F97/><W57/><G57/><AGARI ba="3,0" hai="6,11,13,25,27,48,50,52,53,57,58,76,78,79" machi="57" ten="40,5200,0" yaku="9,1,8,1,54,1" doraHai="63,106" who="1" fromWho="3" sc="244,0,223,61,251,0,282,-61" /><INIT seed="7,0,0,0,5,1" ten="244,284,251,221" oya="3" hai0="73,26,36,123,59,84,68,86,7,37,91,117,103" hai1="76,29,71,42,38,60,127,16,70,50,32,54,94" hai2="31,9,133,62,11,109,115,110,55,41,98,134,100" hai3="8,122,118,15,128,52,111,34,93,88,5,14,30"/><W39/><G118/><T114/><D73/><U19/><E127/><V112/><F41/><W102/><G122/><T48/><D68/><U96/><E76/><V82/><F55/><W44/><G128/><T22/><D123/><U27/><E71/><V80/><F62/><W126/><G126/><T79/><D103/><U43/><E38/><V46/><F46/><W81/><G102/><T92/><D117/><U23/><E70/><V0/><F31/><W120/><G120/><T124/><D114/><N who="2" m="43562" /><F9/><W125/><G125/><T3/><D124/><U130/><E130/><V10/><F11/><W28/><G81/><N who="2" m="31337" /><F10/><N who="3" m="4431" /><G34/><T45/><D79/><U35/><E60/><V12/><F12/><W119/><G39/><T65/><D7/><U51/><E51/><V72/><F0/><W57/><G44/><T116/><D116/><U21/><E35/><V129/><F72/><W113/><G111/><N who="2" m="42505" /><F129/><W33/><G33/><T108/><D3/><U20/><E32/><V107/><AGARI ba="0,0" hai="98,100,107,133,134" m="42505,31337,43562" machi="107" ten="40,5200,0" yaku="15,1,34,2" doraHai="1" who="2" fromWho="2" sc="244,-13,284,-13,251,52,221,-26" owari="231,-17.0,271,7.0,303,40.0,195,-30.0" /></mjloggm>