<mjloggm ver="2.3"><GO type="169" lobby="0"/><UN n0="%E6%B0%B4%E5%B8%8C%E2%99%AA" n1="%E5%B0%B1%E6%B4%BB%E7%94%9F%40%E5%B7%9D%E6%9D%91%E8%BB%8D%E5%9B%A3" n2="%73%75%7A%75%6D%65%E3%81%AE%E6%B6%99" n3="%E3%81%86%E3%81%91%E3%81%AA%E3%81%8C%E3%81%99%E3%81%9C" dan="17,16,16,16" rate="2173.18,2184.03,2094.91,2144.75" sx="M,M,M,F"/><TAIKYOKU oya="0"/><INIT seed="0,0,0,0,4,94" ten="250,250,250,250" oya="0" hai0="38,126,13,74,70,14,55,129,92,3,85,35,72" hai1="88,131,109,24,116,0,62,71,127,1,48,12,105" hai2="87,104,120,89,54,107,49,99,64,39,31,124,78" hai3="82,30,73,42,17,45,65,90,77,98,8,83,102"/><T81/><D3/><U20/><E105/><V117/><F39/><W96/><G65/><T32/><D38/><U61/><E116/><V122/><F31/><W69/><G69/><T50/><D70/><U114/><E109/><V103/><F64/><W95/><G30/><T79/><D129/><U26/><E131/><V36/><F36/><W67/><G67/><T119/><D119/><U59/><E114/><V19/><F19/><W132/><G132/><T130/><D130/><U51/><E127/><V21/><F21/><W56/><G56/><T68/><D68/><U110/><E110/><V113/><F117/><W23/><G83/><T43/><D43/><U15/><E71/><V58/><F113/><W16/><G8/><T112/><D112/><U60/><E59/><V18/><F18/><W135/><G135/><T100/><D126/><U128/><E128/><V76/><F107/><W91/><G98/><T108/><D108/><U27/><E20/><V28/><F28/><W33/><G17/><T44/><D74/><U123/><E88/><V53/><F53/><W84/><G73/><T10/><D72/><U111/><E111/><V47/><F47/><W22/><G22/><T29/><D29/><U46/><E46/><V125/><F125/><W115/><G33/><N who="0" m="12875" /><D10/><U134/><E134/><V121/><REACH who="2" step="1"/><F124/><REACH who="2" ten="250,250,240,250" step="2"/><W37/><REACH who="3" step="1"/><G115/><REACH who="3" ten="250,250,240,240" step="2"/><T41/><D44/><U2/><REACH who="1" step="1"/><E123/><REACH who="1" ten="250,240,240,240" step="2"/><V7/><F7/><W106/><G106/><T97/><D55/><U118/><E118/><V80/><AGARI ba="0,3" hai="49,54,58,76,78,80,87,89,99,103,104,120,121,122" machi="80" ten="30,7900,0" yaku="1,1,0,1,52,1,53,1" doraHai="94" doraHaiUra="93" who="2" fromWho="2" sc="250,-39,240,-20,240,109,240,-20" /><INIT seed="1,0,0,0,3,69" ten="211,220,349,220" oya="1" hai0="130,18,135,115,34,79,116,45,95,133,62,27,25" hai1="100,84,129,127,11,97,98,94,65,123,29,52,10" hai2="56,13,14,120,19,75,134,88,91,26,28,125,128" hai3="0,61,12,80,51,67,20,43,5,16,31,42,6"/><U90/><E123/><V40/><F120/><W101/><G101/><T102/><D79/><U74/><E74/><V21/><F75/><W117/><G117/><T93/><D62/><U66/><E127/><V107/><F107/><W3/><G31/><T63/><D63/><U36/><E36/><V1/><F1/><W121/><G121/><T77/><D45/><U72/><E72/><V49/><F128/><W99/><G99/><T71/><D71/><U70/><E29/><V17/><F134/><W22/><G3/><T83/><D18/><U108/><E108/><V106/><F106/><W41/><G80/><T37/><D37/><U48/><E129/><V105/><F105/><W2/><G2/><T132/><D130/><U78/><E78/><V131/><F131/><W68/><G22/><T126/><D34/><U92/><E84/><V47/><F56/><W87/><G87/><N who="0" m="48623" /><D116/><U9/><REACH who="1" step="1"/><E70/><REACH who="1" ten="211,210,349,220" step="2"/><V76/><F76/><W112/><G112/><T113/><D126/><U15/><E15/><V8/><REACH who="2" step="1"/><F125/><REACH who="2" ten="211,210,339,220" step="2"/><W53/><REACH who="3" step="1"/><G0/><REACH who="3" ten="211,210,339,210" step="2"/><T81/><D133/><U86/><E86/><V58/><F58/><AGARI ba="0,3" hai="5,6,12,16,20,41,42,43,51,53,58,61,67,68" machi="58" ten="40,5200,0" yaku="1,1,2,1,54,1,53,0" doraHai="69" doraHaiUra="96" who="3" fromWho="2" sc="211,0,210,0,339,-52,210,82" /><AGARI ba="0,0" hai="9,10,11,48,52,58,65,66,90,92,94,97,98,100" machi="58" ten="40,12000,1" yaku="1,1,8,1,54,1,53,1" doraHai="69" doraHaiUra="96" who="1" fromWho="2" sc="211,0,210,120,287,-120,292,0" /><INIT seed="1,1,0,5,5,131" ten="211,330,167,292" oya="1" hai0="43,24,84,113,21,135,2,62,115,68,3,99,95" hai1="83,37,125,20,75,6,11,36,97,54,13,17,110" hai2="107,0,12,96,53,86,10,50,51,111,66,64,35" hai3="112,5,8,32,118,101,14,76,121,128,88,61,79"/><U78/><E125/><V106/><F111/><W116/><G121/><T19/><D43/><U90/><E110/><V28/><F0/><W60/><G112/><T130/><D130/><U29/><E29/><V129/><F129/><W41/><G128/><T104/><D104/><U27/><E90/><V123/><F123/><W26/><G41/><T9/><D84/><U117/><E117/><V85/><F35/><W94/><G101/><T102/><D68/><U133/><E97/><V42/><F42/><W120/><G120/><T100/><D100/><U34/><E34/><V44/><F28/><W77/><G32/><T55/><D2/><U81/><E81/><V98/><F12/><W80/><G26/><T18/><D18/><U69/><E69/><V38/><F10/><W63/><REACH who="3" step="1"/><G80/><REACH who="3" ten="211,330,167,282" step="2"/><T23/><D115/><U119/><E119/><V1/><F38/><W126/><G126/><T93/><D24/><U71/><E36/><V52/><REACH who="2" step="1"/><F1/><REACH who="2" ten="211,330,157,282" step="2"/><W65/><G65/><T67/><D67/><U56/><E37/><V73/><F73/><W122/><G122/><T89/><D3/><U91/><E75/><V33/><F33/><W105/><G105/><T49/><D113/><U40/><E40/><V114/><F114/><W92/><G92/><T16/><D93/><U82/><E82/><V72/><F72/><W39/><G39/><T48/><D95/><U57/><E83/><V108/><F108/><W59/><G59/><T7/><D55/><U47/><E56/><V25/><F25/><W132/><G132/><T127/><D135/><U58/><E58/><V109/><F109/><RYUUKYOKU ba="1,2" sc="211,-15,330,-15,157,15,282,15" hai2="44,50,51,52,53,64,66,85,86,96,98,106,107" hai3="5,8,14,60,61,63,76,77,79,88,94,116,118" /><INIT seed="2,2,2,1,4,55" ten="196,315,172,297" oya="2" hai0="122,118,49,46,30,53,50,42,86,71,119,128,12" hai1="68,57,47,23,26,37,111,22,33,76,58,104,31" hai2="85,131,126,18,54,39,101,0,51,3,44,91,10" hai3="32,81,123,60,116,75,134,102,21,84,19,35,103"/><V9/><F126/><W89/><G123/><T114/><D30/><U14/><E68/><V5/><F131/><W7/><G116/><N who="0" m="44587" /><D122/><U125/><E104/><V129/><F129/><W56/><G134/><T79/><D128/><U25/><E125/><V121/><F101/><N who="3" m="38411" /><G32/><T11/><D71/><U133/><E133/><V92/><F121/><W27/><G75/><T45/><D114/><U78/><E111/><V100/><F100/><W113/><G35/><T99/><D99/><U64/><E64/><V82/><F39/><W83/><G113/><T24/><D24/><U4/><E47/><V77/><F10/><W59/><G7/><N who="0" m="3199" /><D86/><U124/><E37/><V98/><REACH who="2" step="1"/><F18/><REACH who="2" ten="196,315,162,297" step="2"/><W135/><G135/><T115/><D115/><U97/><E124/><V61/><F61/><W130/><G60/><T120/><D120/><U17/><E4/><V62/><F62/><W16/><G130/><T15/><D15/><AGARI ba="2,3" hai="0,3,5,9,15,44,51,54,77,82,85,91,92,98" machi="15" ten="30,5800,0" yaku="1,1,7,1,53,1" doraHai="55" doraHaiUra="94" who="2" fromWho="0" sc="196,-64,315,0,162,94,297,0" /><INIT seed="2,3,0,5,2,75" ten="132,315,256,297" oya="2" hai0="82,131,87,6,67,22,124,122,43,118,24,70,105" hai1="5,39,114,15,96,72,14,12,53,77,27,91,113" hai2="128,63,32,37,135,121,29,76,48,106,132,7,97" hai3="101,112,36,104,68,130,134,79,46,100,41,60,0"/><V64/><F121/><W31/><G112/><T19/><D122/><U57/><E39/><V127/><F48/><W109/><G109/><T73/><D105/><U103/><E5/><V119/><F119/><W16/><G0/><T23/><D118/><U99/><E27/><N who="2" m="18495" /><F7/><W52/><G31/><T125/><D73/><U54/><E91/><V71/><F127/><W62/><G62/><T102/><D102/><U28/><E28/><V2/><F2/><W95/><G95/><T117/><D117/><U78/><E72/><V86/><F128/><W42/><G42/><T110/><D43/><U11/><E11/><V33/><F33/><W80/><G130/><T18/><D131/><U51/><E113/><V26/><F26/><W34/><G34/><T92/><D92/><N who="1" m="58759" /><E99/><V40/><F86/><W44/><G104/><T56/><D6/><U116/><E116/><V66/><F66/><W9/><G36/><T69/><D125/><U38/><E38/><V107/><F76/><N who="1" m="29289" /><E114/><V94/><F94/><W126/><G79/><T8/><D8/><U111/><E111/><V108/><F108/><W49/><G9/><T93/><D93/><U50/><E15/><V3/><F3/><W88/><G126/><T1/><D1/><U4/><E4/><V25/><F25/><W115/><G115/><T120/><D124/><U10/><E10/><V65/><F65/><W20/><G101/><T61/><D110/><U129/><E129/><V85/><F97/><W55/><G100/><T45/><D120/><U30/><E30/><V17/><F106/><W21/><G68/><T83/><D70/><RYUUKYOKU ba="3,0" sc="132,-10,315,30,256,-10,297,-10" hai1="12,14,50,51,53,54,57" /><INIT seed="3,4,0,5,1,77" ten="122,345,246,287" oya="3" hai0="84,91,96,65,45,89,107,88,97,68,76,118,116" hai1="81,92,5,11,6,83,133,61,0,132,1,19,120" hai2="50,18,121,32,16,131,25,56,47,86,98,9,49" hai3="37,119,53,75,27,59,72,10,128,90,104,79,51"/><W44/><G119/><N who="0" m="45611" /><D68/><U24/><E120/><V26/><F131/><W38/><G128/><T36/><D65/><U17/><E61/><V127/><F127/><W34/><G104/><T114/><D36/><U52/><E92/><V123/><F56/><W22/><G34/><T41/><D41/><U82/><E52/><V95/><F86/><W28/><G38/><T43/><D43/><U67/><E67/><V99/><F9/><W117/><G117/><T73/><D45/><U58/><E58/><V135/><F135/><N who="1" m="51785" /><E24/><V122/><F32/><W111/><G37/><T46/><D46/><U54/><E54/><N who="2" m="30015" /><F50/><W87/><G59/><T109/><D114/><U106/><E106/><V40/><F40/><W129/><G129/><T85/><D109/><U31/><E31/><V12/><F99/><N who="0" m="37962" /><D107/><U48/><E48/><V108/><F108/><W39/><G39/><T105/><D105/><U2/><E11/><N who="2" m="6175" /><F18/><AGARI ba="4,0" hai="0,1,2,5,6,17,18,19,81,82,83" m="51785" machi="18" ten="40,12000,2" yaku="28,2,20,1,52,3" doraHai="77" who="1" fromWho="2" sc="122,0,345,132,246,-132,287,0" /><INIT seed="4,0,0,3,1,10" ten="122,477,114,287" oya="0" hai0="133,44,65,34,22,128,19,81,88,77,105,26,108" hai1="4,42,72,102,135,101,51,98,74,36,71,38,68" hai2="31,66,111,17,39,87,16,46,59,20,124,83,117" hai3="122,134,37,58,78,100,21,80,14,53,126,107,63"/><T89/><D105/><U48/><E4/><V25/><F111/><W93/><G126/><T85/><D108/><U115/><E115/><V28/><F124/><W70/><G134/><T43/><D133/><U64/><E64/><V97/><F117/><W116/><G116/><T104/><D104/><U119/><E135/><V62/><F39/><W0/><G107/><T92/><D128/><U23/><E23/><V91/><F46/><W6/><G37/><T75/><D65/><U13/><E98/><V103/><REACH who="2" step="1"/><F31/><REACH who="2" ten="122,477,104,287" step="2"/><W7/><G122/><T54/><D54/><U35/><E38/><V60/><F60/><W18/><G0/><T112/><D112/><U67/><E36/><V82/><F82/><W123/><G123/><T15/><D89/><U132/><E42/><V84/><F84/><W40/><G40/><T79/><D79/><U73/><E73/><V125/><F125/><W129/><G129/><T2/><D2/><U29/><E74/><V45/><F45/><W12/><G80/><T127/><D127/><U30/><E72/><V24/><F24/><W110/><G78/><T27/><REACH who="0" step="1"/><D34/><REACH who="0" ten="112,477,104,287" step="2"/><U56/><E35/><V90/><F90/><W96/><G110/><T32/><D32/><U49/><E119/><V120/><F120/><W5/><REACH who="3" step="1"/><G70/><REACH who="3" ten="112,477,104,277" step="2"/><T33/><D33/><U114/><E71/><V121/><F121/><W41/><G41/><T9/><D9/><AGARI ba="0,3" hai="5,6,7,9,12,14,18,21,53,58,63,93,96,100" machi="9" ten="40,8000,1" yaku="1,1,8,1,52,2,53,1" doraHai="10" doraHaiUra="94" who="3" fromWho="0" sc="112,-80,477,0,104,0,277,110" /><INIT seed="5,0,0,0,4,63" ten="32,477,104,387" oya="1" hai0="110,101,72,127,25,115,23,30,9,130,43,29,102" hai1="87,107,10,132,50,78,5,109,40,65,64,81,61" hai2="80,134,24,104,19,22,47,111,69,8,92,35,14" hai3="121,0,126,84,129,26,32,93,100,108,71,95,6"/><U94/><E107/><V128/><F111/><W1/><G108/><T97/><D110/><U103/><E132/><V37/><F104/><W116/><G121/><T49/><D72/><U120/><E120/><V11/><F11/><W135/><G116/><T33/><D115/><U91/><E109/><V99/><F128/><W34/><G135/><T38/><D38/><U117/><E103/><V75/><F69/><W112/><G112/><T2/><D130/><U86/><E61/><V28/><F47/><W131/><G84/><T46/><D127/><U57/><E117/><V85/><F75/><W73/><G73/><T41/><D41/><U96/><E96/><V44/><F44/><W45/><G45/><T70/><D70/><U118/><E118/><V62/><F37/><W76/><G71/><T39/><D39/><U31/><E31/><V122/><F122/><W90/><G100/><T82/><D82/><U18/><E18/><V60/><F35/><W125/><G6/><T15/><D2/><U20/><E20/><V3/><F3/><W67/><G26/><T123/><D123/><U13/><E40/><V83/><F83/><W66/><REACH who="3" step="1"/><G90/><REACH who="3" ten="32,477,104,377" step="2"/><T4/><D102/><U21/><E21/><V55/><F134/><W17/><G17/><N who="0" m="12527" /><D33/><U124/><E124/><V77/><F55/><AGARI ba="0,1" hai="5,10,13,50,55,57,64,65,78,81,86,87,91,94" machi="55" ten="40,7700,0" yaku="8,1,52,2" doraHai="63" who="1" fromWho="2" sc="32,0,477,87,104,-77,377,0" /><INIT seed="5,1,0,1,4,17" ten="32,564,27,377" oya="1" hai0="19,23,54,87,41,9,34,21,39,60,132,50,71" hai1="12,16,14,45,106,32,31,74,84,73,49,26,134" hai2="42,77,114,104,80,46,20,61,76,105,65,33,22" hai3="78,7,135,70,126,58,129,109,35,82,63,124,90"/><U28/><E106/><V67/><F33/><W112/><G35/><T107/><D34/><U55/><E134/><V120/><F120/><W44/><G109/><T51/><D107/><U79/><E31/><V121/><F121/><W1/><G70/><T95/><D132/><U102/><E102/><V111/><F111/><W130/><G90/><N who="0" m="53727" /><D39/><U108/><E108/><V91/><F114/><W69/><G69/><T53/><D71/><U18/><E79/><N who="2" m="30283" /><F105/><W88/><G88/><T25/><D60/><U110/><E110/><V3/><F3/><W92/><G92/><T122/><D122/><U75/><E84/><N who="2" m="50567" /><F104/><W59/><G112/><T97/><D97/><U10/><REACH who="1" step="1"/><E73/><REACH who="1" ten="32,554,27,377" step="2"/><V100/><F100/><W24/><G135/><T11/><D41/><U117/><E117/><V5/><F5/><W127/><G7/><T89/><D89/><U101/><E101/><V27/><F27/><W116/><G24/><T13/><D25/><U133/><E133/><V103/><F103/><W57/><G116/><T125/><D19/><U47/><E47/><V93/><F93/><W56/><G44/><T115/><D115/><U37/><E37/><V8/><F8/><AGARI ba="1,1" hai="8,10,12,14,16,18,26,28,32,45,49,55,74,75" machi="8" ten="30,11600,0" yaku="1,1,7,1,9,1,54,1,53,0" doraHai="17" doraHaiUra="2" who="1" fromWho="2" sc="32,0,554,129,27,-119,377,0" owari="32,-37.0,683,78.0,-92,-59.0,377,18.0" /></mjloggm>