<mjloggm ver="2.3"><GO type="225" lobby="0"/><UN n0="%E5%AE%89%E6%9C%AC%E5%BD%A9%E8%8A%B1" n1="%E3%82%A6%E3%83%AB%E3%83%88%E3%83%A9%E7%AB%8B%E7%9B%B4" n2="%E3%82%B7%E3%83%AB%E3%83%93%E3%82%A3" n3="%E3%81%8A%E3%81%BE%E3%81%A4%E3%82%8A" dan="16,18,18,16" rate="2145.86,2172.84,2180.07,2081.28" sx="F,M,F,M"/><TAIKYOKU oya="0"/><INIT seed="0,0,0,4,1,17" ten="250,250,250,250" oya="0" hai0="99,105,24,107,112,100,32,74,123,95,87,0,121" hai1="109,8,83,93,77,129,11,5,79,75,33,36,86" hai2="125,102,66,21,39,133,53,15,52,29,10,127,23" hai3="104,12,42,134,65,43,48,47,60,72,71,20,117"/><T81/><D0/><U118/><E118/><V135/><F39/><W108/><G72/><T4/><D4/><U50/><E33/><V44/><F66/><W46/><G104/><N who="0" m="63519" /><D24/><U120/><E120/><N who="0" m="46153" /><D32/><U19/><E36/><V28/><F102/><W76/><G108/><T94/><D112/><U103/><E109/><V98/><F98/><W132/><G76/><N who="0" m="44183" /><D95/><U61/><E19/><V38/><F38/><W16/><REACH who="3" step="1"/><G117/><REACH who="3" ten="250,250,250,240" step="2"/><T85/><D85/><U59/><E86/><V91/><F29/><W9/><G9/><T80/><D94/><U131/><E11/><V30/><F30/><W122/><G122/><T78/><AGARI ba="0,1" hai="78,80,87,105,107" m="44183,46153,63519" machi="78" ten="30,3000,0" yaku="34,2" doraHai="17" who="0" fromWho="0" sc="250,40,250,-10,250,-10,240,-10" /><INIT seed="0,1,0,4,1,103" ten="290,240,240,230" oya="0" hai0="1,12,16,133,98,40,36,4,55,8,113,121,74" hai1="31,41,61,79,125,123,21,76,130,83,114,33,57" hai2="14,52,131,35,78,91,93,105,97,0,11,69,110" hai3="60,94,134,29,39,95,126,63,85,51,22,107,43"/><T129/><D113/><U96/><E33/><V19/><F35/><W2/><G39/><T23/><D121/><U100/><E123/><V25/><F69/><W92/><G2/><T5/><D133/><U27/><E114/><V65/><F0/><W26/><G134/><T127/><D127/><U66/><E125/><V88/><F110/><W81/><G126/><T111/><D111/><U18/><E130/><V42/><F131/><W56/><G107/><T10/><D129/><U6/><E6/><V62/><F42/><W99/><G99/><T87/><D74/><U75/><E41/><V37/><F37/><W89/><REACH who="3" step="1"/><G56/><REACH who="3" ten="290,240,240,220" step="2"/><T7/><D1/><U54/><E79/><V90/><F105/><W28/><G28/><T30/><D30/><U44/><E31/><V70/><F78/><W112/><G112/><T34/><D98/><U115/><E115/><V117/><F117/><W122/><G122/><T101/><D36/><U84/><E75/><V128/><F128/><W53/><G53/><T135/><D55/><U72/><E72/><V67/><F67/><W106/><G106/><T9/><D135/><U3/><E3/><V119/><F119/><W68/><G68/><T73/><D73/><U80/><E76/><V17/><F52/><W49/><G49/><T120/><D120/><U71/><E71/><V47/><F47/><AGARI ba="1,1" hai="22,26,29,43,47,51,60,63,81,85,89,92,94,95" machi="47" ten="40,2600,0" yaku="1,1,8,1,53,0" doraHai="103" doraHaiUra="109" who="3" fromWho="2" sc="290,0,240,0,240,-29,220,39" /><INIT seed="1,0,0,1,3,47" ten="290,240,211,259" oya="1" hai0="28,1,8,108,5,130,32,18,104,128,92,96,112" hai1="52,63,12,90,29,35,30,33,75,116,51,17,78" hai2="56,62,40,11,44,87,114,98,24,26,7,99,73" hai3="10,36,101,115,132,58,83,50,71,49,106,6,14"/><U127/><E116/><V123/><F73/><W134/><G115/><T54/><D108/><U43/><E75/><V107/><F123/><W103/><G36/><T22/><D104/><U86/><E78/><V0/><F114/><W13/><G71/><T79/><D79/><U119/><E119/><V88/><F99/><W41/><G83/><T60/><D112/><U84/><E127/><V110/><F110/><W34/><G34/><T100/><D32/><U4/><E4/><V19/><F19/><W25/><G25/><T81/><D81/><N who="1" m="49423" /><E86/><V93/><F87/><W82/><G82/><T72/><D72/><U53/><E35/><V46/><F46/><N who="3" m="25807" /><G13/><T64/><D28/><N who="1" m="10859" /><E63/><V65/><REACH who="2" step="1"/><F107/><REACH who="2" ten="290,240,201,259" step="2"/><W48/><G106/><T111/><D96/><U2/><E33/><V118/><F118/><W113/><G113/><T133/><D18/><U45/><E2/><V74/><F74/><W94/><G134/><T102/><D1/><U105/><E105/><V109/><F109/><W97/><G132/><T27/><D111/><U95/><E95/><V135/><F135/><W42/><G97/><T125/><D133/><U91/><E91/><V85/><F85/><W38/><G94/><T66/><D92/><U67/><E67/><V61/><F61/><W124/><G103/><T77/><D102/><U131/><E131/><V59/><F59/><W121/><G101/><T9/><D100/><U70/><E70/><V89/><F89/><W129/><G58/><T120/><D130/><U37/><E37/><AGARI ba="0,1" hai="0,7,11,24,26,37,40,44,56,62,65,88,93,98" machi="37" ten="30,7700,0" yaku="1,1,7,1,54,1,53,1" doraHai="47" doraHaiUra="68" who="2" fromWho="1" sc="290,0,240,-77,201,87,259,0" /><INIT seed="2,0,0,1,3,94" ten="290,163,288,259" oya="2" hai0="112,38,132,25,85,52,134,114,13,104,10,18,72" hai1="56,73,12,63,61,68,3,127,113,42,115,90,123" hai2="57,120,32,110,14,126,27,79,43,64,135,109,77" hai3="117,33,28,96,107,6,86,116,108,133,39,83,9"/><V53/><F120/><W21/><G39/><T62/><D72/><U11/><E73/><V23/><F126/><W81/><G108/><N who="2" m="41577" /><F135/><N who="0" m="51754" /><D38/><U1/><E127/><V102/><F64/><W5/><G133/><T125/><D125/><U76/><E123/><V74/><F14/><W131/><G131/><T101/><D85/><U130/><E130/><V55/><F32/><W54/><G33/><T129/><D129/><U34/><E34/><V89/><F89/><W16/><G28/><T66/><D25/><U121/><E121/><V59/><F43/><W88/><G54/><N who="2" m="20489" /><F102/><W95/><G116/><T67/><D52/><U84/><E1/><V20/><F20/><W24/><G117/><T47/><D47/><U103/><E3/><V26/><F26/><W124/><G124/><T91/><D91/><U70/><E115/><N who="0" m="44073" /><D62/><U31/><E113/><V106/><F106/><W98/><G107/><T78/><D78/><N who="2" m="29706" /><F74/><W19/><G24/><T49/><D49/><U37/><E63/><V15/><F15/><W105/><G105/><T0/><D0/><U7/><E61/><V82/><F82/><W71/><G86/><T48/><D48/><U22/><E84/><V80/><F80/><W30/><G83/><T40/><D40/><U60/><E76/><V99/><F57/><W45/><G81/><T118/><D118/><U119/><E90/><V93/><F59/><W51/><G88/><T87/><D87/><U41/><E119/><V4/><F27/><W46/><G46/><T8/><D8/><U92/><E11/><V97/><F23/><W65/><G21/><T75/><D75/><RYUUKYOKU ba="0,0" sc="290,30,163,-10,288,-10,259,-10" hai0="10,13,18,66,67,101,104" /><INIT seed="3,1,0,0,2,58" ten="320,153,278,249" oya="3" hai0="113,51,15,28,134,109,38,40,92,102,114,34,5" hai1="100,7,18,112,132,103,124,33,47,37,76,45,86" hai2="48,74,69,89,43,98,14,53,111,83,128,107,24" hai3="115,82,118,55,9,62,60,10,99,49,36,72,125"/><W57/><G118/><T77/><D109/><U108/><E112/><V12/><F69/><W11/><G115/><T67/><D67/><U19/><E33/><V127/><F111/><W93/><G36/><T96/><D38/><U130/><E37/><V101/><F43/><W78/><REACH who="3" step="1"/><G125/><REACH who="3" ten="320,153,278,239" step="2"/><T26/><D114/><U79/><E108/><V31/><F127/><W29/><G29/><T44/><D113/><U135/><E124/><V94/><F31/><W39/><G39/><T73/><D28/><U41/><E41/><V120/><F120/><W90/><AGARI ba="1,1" hai="9,10,11,49,55,57,60,62,72,78,82,90,93,99" machi="90" ten="30,12000,1" yaku="1,1,0,1,52,2,53,1" doraHai="58" doraHaiUra="50" who="3" fromWho="3" sc="320,-41,153,-41,278,-41,239,133" owari="279,8.0,112,-39.0,237,-16.0,372,47.0" /></mjloggm>