<mjloggm ver="2.3"><GO type="169" lobby="0"/><UN n0="%E3%83%92%E3%83%AB%E3%83%99%E3%83%AB%E3%83%88" n1="%E5%91%82%E5%A7%AB" n2="%E7%A2%BA%E8%AA%8D%E4%BA%8B%E9%A0%85" n3="%E3%83%88%E3%83%88%E3%83%AA%E5%85%88%E7%94%9F%31%39%E6%AD%B3" dan="18,16,16,19" rate="2278.23,2111.92,2152.10,2266.15" sx="M,F,M,F"/><TAIKYOKU oya="0"/><INIT seed="0,0,0,2,1,102" ten="250,250,250,250" oya="0" hai0="61,110,108,113,94,40,45,41,14,48,31,56,0" hai1="70,105,22,74,71,35,73,5,78,38,132,82,68" hai2="66,36,43,39,44,96,65,120,124,130,67,118,64" hai3="26,75,3,128,12,62,83,29,49,84,6,89,59"/><T103/><D113/><U4/><E22/><V54/><F120/><W79/><G3/><T72/><D0/><U97/><E5/><V135/><F96/><W25/><G128/><T122/><D72/><U92/><E92/><V53/><F130/><W119/><G119/><T116/><D116/><U125/><E125/><V27/><F118/><W121/><G121/><T28/><D122/><U133/><E4/><V18/><F124/><W15/><G49/><T93/><D41/><U50/><E50/><N who="2" m="26911" /><F18/><W32/><G26/><T51/><D51/><U104/><E97/><V77/><F77/><W131/><G6/><T63/><D63/><U99/><E99/><V86/><F86/><W9/><G9/><T7/><D103/><U109/><E109/><N who="0" m="42089" /><D7/><U114/><E114/><V85/><F85/><W80/><REACH who="3" step="1"/><G131/><REACH who="3" ten="250,250,250,240" step="2"/><T47/><D14/><U127/><E127/><V115/><F27/><W126/><G126/><T17/><D47/><U11/><E11/><V60/><F115/><W8/><G8/><T24/><D17/><U101/><E133/><V123/><F135/><W46/><G46/><T95/><D24/><U88/><E132/><V13/><F13/><W134/><G134/><T19/><D19/><U98/><E38/><N who="2" m="14379" /><F123/><W58/><G58/><AGARI ba="0,1" hai="53,54,58,60,64,65,66,67" m="14379,26911" machi="58" ten="30,8000,1" yaku="35,5" doraHai="102" who="2" fromWho="3" sc="250,0,250,0,250,90,240,-80" /><INIT seed="1,0,0,5,4,44" ten="250,250,340,160" oya="1" hai0="95,18,83,42,7,121,51,78,56,118,61,65,31" hai1="111,24,86,108,35,113,92,37,75,23,110,52,97" hai2="98,88,119,39,81,114,130,0,122,33,36,135,5" hai3="69,21,109,99,85,57,60,106,1,72,16,71,134"/><U4/><E113/><V100/><F119/><W59/><G72/><T68/><D118/><U34/><E75/><V28/><F122/><W129/><G1/><T47/><D121/><U27/><E37/><V70/><F88/><W115/><G115/><T126/><D126/><U45/><E86/><V43/><F81/><W117/><G117/><T40/><D31/><U80/><E80/><V63/><F43/><W127/><G127/><T67/><D42/><U73/><E73/><V50/><F50/><W64/><G109/><T12/><D7/><U3/><E24/><N who="2" m="18567" /><F114/><W20/><G134/><T94/><D65/><U55/><E4/><V62/><F62/><W89/><G129/><T26/><D26/><U19/><E3/><V10/><F135/><W112/><G112/><T74/><REACH who="0" step="1"/><D68/><REACH who="0" ten="240,250,340,160" step="2"/><U82/><E55/><V17/><F70/><W8/><G69/><T123/><D123/><U58/><E82/><V79/><F5/><W46/><G71/><T125/><D125/><U124/><E124/><V32/><F130/><W104/><G64/><T15/><D15/><U102/><REACH who="1" step="1"/><E45/><REACH who="1" ten="240,240,340,160" step="2"/><V101/><F0/><W76/><G46/><T53/><D53/><U93/><E93/><V38/><F39/><W90/><G104/><T11/><AGARI ba="0,2" hai="11,12,18,40,47,51,56,61,67,74,78,83,94,95" machi="11" ten="20,8000,1" yaku="1,1,0,1,7,1,52,1,53,1" doraHai="44" doraHaiUra="105" who="0" fromWho="0" sc="240,100,240,-40,340,-20,160,-20" /><INIT seed="2,0,0,1,1,57" ten="340,200,320,140" oya="2" hai0="61,17,102,30,21,27,46,59,22,123,50,58,93" hai1="8,11,26,44,76,126,94,40,33,47,92,62,43" hai2="105,64,84,10,98,88,6,111,4,37,81,121,133" hai3="125,119,96,54,107,3,28,71,90,129,69,2,18"/><V13/><F121/><W39/><G119/><T75/><D75/><U79/><E26/><V103/><F133/><W112/><G39/><T83/><D83/><U9/><E33/><V12/><F37/><W122/><G122/><T114/><D114/><U53/><E53/><V115/><F115/><W78/><G112/><T15/><D123/><U127/><REACH who="1" step="1"/><E9/><REACH who="1" ten="340,190,320,140" step="2"/><V89/><F10/><W56/><G54/><T82/><D27/><U104/><E104/><V16/><F105/><W48/><G107/><T99/><D22/><U5/><E5/><V70/><F4/><W41/><G28/><T31/><D30/><U120/><E120/><V74/><F6/><W0/><G18/><T19/><D31/><U63/><AGARI ba="0,1" hai="8,11,40,43,44,47,62,63,76,79,92,94,126,127" machi="63" ten="25,12000,2" yaku="1,1,0,1,22,2,52,2,53,0" doraHai="57" doraHaiUra="117" who="1" fromWho="1" sc="340,-30,190,130,320,-60,140,-30" /><INIT seed="3,0,0,2,0,21" ten="310,320,260,110" oya="3" hai0="29,32,31,18,107,128,20,95,50,75,88,69,45" hai1="49,2,104,133,48,109,124,61,92,1,0,122,86" hai2="131,96,3,101,35,53,4,39,34,11,27,5,127" hai3="28,103,14,87,37,120,114,112,64,91,72,118,43"/><W23/><G118/><T77/><D107/><U70/><E104/><V134/><F134/><W25/><G120/><T130/><D69/><U71/><E109/><V121/><F121/><W123/><G123/><T17/><D75/><U108/><E108/><V26/><F39/><W79/><G64/><T97/><D77/><U98/><E86/><V94/><F131/><N who="0" m="50218" /><D32/><U16/><E122/><V135/><F135/><W57/><G57/><T129/><N who="0" m="50226" /><T110/><DORA hai="10" /><D110/><U51/><E133/><V38/><F38/><W89/><G103/><T55/><D18/><U13/><E124/><V44/><F127/><W115/><G72/><T68/><D68/><U85/><E85/><V117/><F117/><W8/><G79/><T76/><D76/><U100/><REACH who="1" step="1"/><E61/><REACH who="1" ten="310,310,260,110" step="2"/><V41/><F96/><W33/><G87/><T83/><D83/><U60/><E60/><V125/><F125/><W74/><G74/><T36/><D36/><U66/><E66/><V12/><F94/><W15/><G37/><T81/><D81/><U59/><E59/><V54/><F44/><W93/><G93/><T58/><D58/><U9/><AGARI ba="0,1" hai="0,1,2,9,13,16,48,49,51,70,71,92,98,100" machi="9" ten="40,8000,1" yaku="1,1,0,1,52,1,54,1,53,0" doraHai="21,10" doraHaiUra="82,102" who="1" fromWho="1" sc="310,-20,310,90,260,-20,110,-40" /><INIT seed="4,0,0,3,2,58" ten="290,400,240,70" oya="0" hai0="107,19,70,110,65,8,84,24,88,14,127,135,57" hai1="16,72,36,101,105,15,109,108,30,37,12,75,9" hai2="73,29,40,34,6,77,50,5,43,93,61,11,106" hai3="26,83,2,21,118,99,100,27,47,134,38,64,53"/><T56/><D107/><U42/><E30/><V87/><F106/><W22/><G118/><T68/><D127/><U31/><E31/><V32/><F73/><W1/><G134/><T17/><D135/><U133/><E133/><V74/><F74/><W41/><G83/><T126/><D126/><U48/><E48/><V85/><F6/><W103/><G53/><T104/><D104/><U28/><E28/><V51/><F51/><W35/><G35/><T114/><D114/><U112/><E112/><V130/><F130/><W54/><G54/><T94/><D110/><U119/><E119/><V18/><F18/><W67/><G22/><T111/><D111/><U89/><E89/><V80/><F50/><W45/><G21/><N who="0" m="13359" /><D70/><U59/><E59/><N who="0" m="22601" /><D68/><U78/><E37/><V82/><F34/><W121/><G99/><T62/><D65/><U81/><E36/><V3/><F93/><W60/><G38/><T69/><D69/><U116/><E72/><V132/><F132/><W129/><G129/><T92/><D94/><U124/><E124/><V86/><F32/><W7/><G121/><T79/><D79/><U33/><E33/><V63/><F29/><W125/><G125/><T122/><D122/><U115/><E115/><V90/><REACH who="2" step="1"/><F86/><REACH who="2" ten="290,400,230,70" step="2"/><W20/><G7/><T44/><D44/><U97/><E109/><V96/><F96/><W4/><G4/><T91/><D91/><U102/><E108/><V98/><F98/><W66/><G2/><T13/><D13/><N who="1" m="7215" /><E116/><V117/><F117/><W76/><G1/><T123/><D123/><U71/><E97/><V52/><F52/><RYUUKYOKU ba="0,1" sc="290,15,400,-15,230,15,70,-15" hai0="8,14,19,62,84,88,92" hai2="3,5,11,40,43,61,63,77,80,82,85,87,90" /><INIT seed="4,1,1,2,4,1" ten="305,385,245,55" oya="0" hai0="30,131,25,57,107,38,95,15,44,99,55,51,91" hai1="123,113,114,49,116,90,19,10,42,28,20,133,86" hai2="93,43,84,129,96,61,78,77,66,34,74,118,125" hai3="53,5,105,0,47,33,64,54,32,26,37,17,8"/><T76/><D131/><U21/><E116/><V52/><F129/><W29/><G105/><T31/><D107/><U11/><E123/><V63/><F34/><W3/><G33/><T102/><D76/><U2/><E133/><V16/><F74/><W124/><G124/><T108/><D108/><U22/><E28/><V117/><F43/><W14/><G0/><T109/><D109/><U59/><E19/><V58/><F125/><W120/><G120/><T83/><D25/><U115/><E2/><V69/><F16/><W67/><G53/><T82/><D15/><U87/><E87/><V72/><F72/><W27/><G27/><T112/><D112/><U92/><E59/><V121/><F121/><W81/><G81/><N who="0" m="30731" /><D38/><U36/><E36/><V135/><F135/><W103/><G103/><T79/><D79/><U70/><E70/><V39/><F39/><W18/><G18/><T9/><D9/><U104/><E104/><V94/><F94/><W100/><G100/><T98/><D44/><AGARI ba="1,1" hai="10,11,20,21,22,42,44,49,86,90,92,113,114,115" machi="44" ten="50,3200,0" yaku="15,1,11,1" doraHai="1" who="1" fromWho="0" sc="305,-35,385,45,245,0,55,0" /><INIT seed="5,0,0,0,4,103" ten="270,430,245,55" oya="1" hai0="58,115,38,124,0,27,79,129,26,121,7,75,41" hai1="52,56,59,22,29,6,77,90,20,14,16,10,83" hai2="40,87,33,54,113,34,48,106,8,133,65,43,126" hai3="60,63,74,69,114,12,50,61,134,19,15,99,28"/><U68/><E68/><V94/><F65/><W51/><G74/><T2/><D121/><U80/><E29/><V116/><F116/><W64/><G114/><T23/><D115/><U125/><E125/><V76/><F113/><W120/><G120/><T111/><D111/><U84/><E22/><V117/><F117/><W30/><G134/><T5/><D129/><U70/><E70/><V107/><F8/><W109/><G109/><T89/><D89/><U102/><E102/><V122/><F122/><W45/><G69/><T78/><D58/><U18/><E18/><V92/><F76/><W81/><G64/><T31/><D41/><U128/><E128/><V73/><F73/><W46/><G81/><T108/><D75/><U53/><E59/><V100/><F100/><W35/><G35/><T42/><D42/><U123/><E123/><V112/><F112/><W44/><G99/><T119/><D38/><U1/><E56/><V21/><F21/><W32/><G32/><T4/><D124/><U85/><AGARI ba="0,0" hai="1,6,10,14,16,20,52,53,77,80,83,84,85,90" machi="85" ten="20,7800,0" yaku="0,1,7,1,54,2" doraHai="103" who="1" fromWho="1" sc="270,-26,430,78,245,-26,55,-26" /><INIT seed="5,1,0,3,2,48" ten="244,508,219,29" oya="1" hai0="131,81,113,58,130,95,12,8,26,18,120,69,24" hai1="102,84,21,83,29,11,109,30,112,97,53,15,86" hai2="20,116,99,64,37,43,129,118,25,55,34,91,7" hai3="78,132,28,87,14,59,71,56,135,40,104,27,46"/><U51/><E112/><V42/><F34/><W93/><G104/><T79/><D69/><U88/><E109/><V94/><F129/><N who="0" m="49162" /><D113/><U121/><E121/><V22/><F64/><W70/><G14/><T119/><D119/><U49/><E49/><V38/><F7/><W73/><G73/><N who="0" m="43247" /><D120/><U115/><E21/><V123/><F123/><W126/><G126/><T67/><D95/><N who="1" m="58687" /><E86/><V124/><F124/><W128/><G128/><T57/><D57/><N who="1" m="32959" /><E115/><V16/><F22/><W13/><G70/><T10/><D8/><U92/><E92/><V61/><F38/><W50/><G71/><T60/><AGARI ba="1,0" hai="10,12,18,24,26,58,60,67" m="43247,49162" machi="60" ten="30,1100,0" yaku="19,1" doraHai="48" who="0" fromWho="0" sc="244,14,508,-6,219,-4,29,-4" /><INIT seed="6,0,0,1,0,93" ten="258,502,215,25" oya="2" hai0="102,15,39,133,117,7,107,49,127,63,33,90,56" hai1="132,11,36,122,96,85,121,104,44,42,40,43,105" hai2="48,54,29,72,37,17,31,84,125,134,34,23,62" hai3="119,95,130,78,61,71,110,65,98,35,88,82,8"/><V91/><F37/><W128/><G119/><T47/><D117/><U68/><E68/><V109/><F72/><W123/><G123/><T26/><D39/><U30/><E105/><V13/><F134/><W57/><G35/><T120/><D127/><U5/><E132/><V58/><F125/><W97/><G110/><T112/><D112/><U94/><E104/><V69/><F109/><W59/><G8/><T129/><D129/><N who="3" m="49769" /><G78/><T22/><D33/><U83/><E30/><V12/><F34/><W76/><G97/><T106/><D102/><U75/><E75/><AGARI ba="0,0" hai="57,59,61,65,71,75,76,82,88,95,98" m="49769" machi="75" ten="30,3900,0" yaku="19,1,52,1,54,1" doraHai="93" who="3" fromWho="1" sc="258,0,502,-39,215,0,25,39" /><INIT seed="7,0,0,4,1,113" ten="258,463,215,64" oya="3" hai0="12,61,8,19,59,84,95,98,76,86,126,96,88" hai1="73,115,14,53,108,104,4,120,99,31,1,37,70" hai2="62,90,55,123,129,40,71,36,11,0,24,50,121" hai3="3,69,28,132,10,48,39,56,52,91,13,66,33"/><W15/><G132/><T46/><D126/><U94/><E53/><V107/><F129/><W119/><G119/><T2/><D2/><U78/><E94/><V74/><F107/><W47/><G91/><T7/><D46/><U9/><E14/><V49/><F74/><W93/><G93/><T25/><D25/><U131/><E9/><V34/><F90/><W133/><G133/><T77/><D19/><U23/><E23/><V118/><F118/><W80/><G80/><N who="0" m="47111" /><D77/><U110/><E31/><N who="2" m="19815" /><F0/><W101/><G101/><T109/><D109/><U75/><E4/><V82/><F11/><W26/><G3/><T102/><D102/><U85/><E85/><V54/><F82/><W117/><G117/><T42/><D42/><U44/><E44/><N who="2" m="23559" /><F55/><AGARI ba="0,0" hai="7,8,12,55,59,61,86,88,95,96,98" m="47111" machi="55" ten="30,2000,0" yaku="8,1,54,1" doraHai="113" who="0" fromWho="2" sc="258,20,463,0,215,-20,64,0" owari="278,8.0,463,56.0,195,-20.0,64,-44.0" /></mjloggm>