<mjloggm ver="2.3"><GO type="169" lobby="0"/><UN n0="%EF%BC%A0%E8%8B%A5%E6%9E%97" n1="%E7%89%9B%E9%A6%AC" n2="%72%61%67%61%2D%6D" n3="%E3%82%A6%E3%83%AB%E3%83%88%E3%83%A9%E7%AB%8B%E7%9B%B4" dan="16,16,16,18" rate="2023.74,2137.53,2098.49,2220.25" sx="M,M,M,M"/><TAIKYOKU oya="0"/><INIT seed="0,0,0,4,2,49" ten="250,250,250,250" oya="0" hai0="29,64,43,131,22,10,38,40,99,60,78,6,106" hai1="50,122,79,69,48,33,91,14,135,24,61,3,56" hai2="47,58,133,87,88,109,132,130,92,77,89,85,5" hai3="7,19,125,31,72,104,124,134,2,46,82,108,112"/><T13/><D131/><U76/><E3/><V120/><F120/><W105/><G112/><T30/><D38/><U26/><E122/><V74/><F5/><W98/><G31/><T68/><D78/><U66/><E135/><N who="2" m="51787" /><F47/><W121/><G121/><T119/><D119/><U114/><E114/><V90/><F130/><W70/><G19/><T18/><D106/><U20/><E14/><V41/><F41/><W8/><G134/><T44/><D99/><U51/><E69/><V55/><F109/><W54/><G70/><T75/><D75/><U17/><E33/><V45/><F45/><W67/><G67/><T96/><D96/><U118/><E118/><V117/><F117/><W94/><G108/><T65/><D65/><U86/><REACH who="1" step="1"/><E24/><REACH who="1" ten="250,240,250,250" step="2"/><V23/><F23/><W101/><G2/><T80/><D22/><U4/><E4/><V62/><F92/><AGARI ba="0,1" hai="17,20,26,48,50,51,56,61,66,76,79,86,91,92" machi="92" ten="40,5200,0" yaku="1,1,8,1,53,1" doraHai="49" doraHaiUra="21" who="1" fromWho="2" sc="250,0,240,62,250,-52,250,0" /><INIT seed="1,0,0,4,2,19" ten="250,302,198,250" oya="1" hai0="72,86,44,84,1,11,13,68,25,18,39,76,90" hai1="103,101,9,24,133,71,121,79,32,99,134,37,107" hai2="119,22,75,60,52,97,7,40,53,46,87,10,135" hai3="29,67,92,31,43,130,61,100,131,63,81,123,20"/><U117/><E117/><V64/><F75/><W35/><G35/><T91/><D68/><U56/><E121/><V111/><F119/><W55/><G43/><T74/><D1/><U69/><E37/><V57/><F135/><N who="1" m="51721" /><E103/><V5/><F111/><W42/><G42/><T15/><D25/><U27/><E79/><V77/><F97/><W0/><G0/><T16/><D76/><U126/><E126/><V6/><F10/><W65/><G81/><T104/><D104/><U41/><E41/><V17/><F87/><W49/><G92/><T47/><REACH who="0" step="1"/><D11/><REACH who="0" ten="240,302,198,250" step="2"/><U3/><E27/><V78/><F78/><W88/><G123/><T125/><D125/><U54/><E9/><V21/><F77/><W28/><G130/><T114/><D114/><U129/><E3/><V105/><F105/><W82/><G131/><T106/><D106/><U34/><E129/><V127/><F127/><W132/><G132/><T128/><D128/><U109/><E109/><V48/><REACH who="2" step="1"/><F22/><REACH who="2" ten="240,302,188,250" step="2"/><W70/><G20/><T12/><D12/><AGARI ba="0,2" hai="5,6,7,12,17,21,40,46,48,52,53,57,60,64" machi="12" ten="40,12000,2" yaku="1,1,2,1,8,1,52,1,54,1,53,1" doraHai="19" doraHaiUra="45" who="2" fromWho="0" sc="240,-120,302,0,188,140,250,0" /><INIT seed="2,0,0,4,4,40" ten="120,302,328,250" oya="2" hai0="35,45,134,20,46,102,15,24,103,70,26,8,30" hai1="87,100,115,14,114,1,34,56,78,7,49,11,42" hai2="126,58,83,32,104,19,29,97,81,110,120,84,94" hai3="129,43,0,68,123,12,13,6,82,109,135,55,41"/><V80/><F120/><W101/><G0/><T132/><D70/><U119/><E119/><V28/><F104/><W112/><G68/><T57/><D57/><U99/><E34/><V37/><F37/><W2/><G2/><T85/><D85/><U108/><E108/><V107/><F107/><W63/><G123/><T64/><D64/><U61/><E1/><V16/><F126/><W17/><G112/><T65/><D65/><U22/><E22/><V74/><F74/><W47/><G101/><N who="0" m="38411" /><D26/><U23/><E23/><V93/><F110/><W60/><G109/><T133/><D35/><U111/><E111/><V48/><F84/><W5/><G82/><T76/><D76/><U27/><E27/><V105/><F105/><W51/><G129/><T69/><D69/><U89/><E78/><V121/><F121/><W3/><G3/><T25/><D25/><U96/><E96/><V131/><F131/><W67/><G135/><N who="0" m="34563" /><T4/><AGARI ba="0,0" hai="4,8,15,20,24,30,45,46" m="34563,38411" machi="4" ten="40,8000,1" yaku="4,1,20,1,52,2" doraHai="40" who="0" fromWho="0" sc="120,80,302,-20,328,-40,250,-20" /><INIT seed="3,0,0,2,2,35" ten="200,282,288,230" oya="3" hai0="96,135,10,33,95,8,17,104,20,120,127,51,19" hai1="15,88,24,2,49,53,72,59,92,43,74,102,80" hai2="7,103,36,87,113,16,81,25,119,90,107,61,44" hai3="4,111,114,98,100,121,75,37,1,26,32,86,29"/><W40/><G86/><T22/><D104/><U89/><E102/><V64/><F113/><W42/><G42/><T45/><D120/><U73/><E2/><V38/><F119/><W54/><G54/><T132/><D33/><U77/><E24/><V31/><F44/><N who="3" m="23567" /><G121/><T82/><D82/><U6/><E43/><V21/><F107/><N who="3" m="63895" /><G114/><T71/><D71/><U117/><E117/><V52/><F103/><W109/><G75/><T62/><D62/><U91/><REACH who="1" step="1"/><E92/><REACH who="1" ten="200,272,288,230" step="2"/><V83/><F36/><W112/><G112/><T28/><D127/><U128/><E128/><V30/><F38/><W85/><G85/><T118/><D118/><U124/><E124/><V116/><F87/><W9/><AGARI ba="0,1" hai="1,4,9,26,29,32,109,111" m="63895,23567" machi="9" ten="30,3000,0" yaku="23,1,52,1" doraHai="35" who="3" fromWho="3" sc="200,-10,272,-10,288,-10,230,40" /><INIT seed="3,1,0,2,0,49" ten="190,262,278,270" oya="3" hai0="91,125,105,71,19,119,90,73,55,126,41,110,68" hai1="132,61,106,11,6,97,8,98,1,82,30,128,112" hai2="33,94,9,16,86,84,38,102,0,92,131,93,70" hai3="115,2,123,134,120,66,23,20,56,99,129,59,60"/><W79/><G2/><T64/><D119/><U45/><E112/><V7/><F38/><W118/><G118/><T130/><D110/><U133/><E128/><V25/><F131/><W57/><G115/><T22/><D105/><U24/><E11/><V37/><F37/><W43/><G129/><T46/><D73/><U28/><E28/><V42/><F42/><W14/><G134/><N who="1" m="51818" /><E106/><V48/><F70/><N who="0" m="26666" /><D64/><U29/><E29/><V35/><F102/><W3/><G3/><T5/><D5/><U69/><E45/><V122/><F122/><W96/><G79/><T101/><D101/><U74/><E74/><V17/><F48/><W12/><G43/><T75/><D75/><U83/><E83/><V27/><F27/><W26/><G26/><N who="0" m="14687" /><D130/><U85/><E61/><V15/><F17/><W77/><G77/><T50/><D41/><U116/><E69/><V127/><F25/><W31/><G31/><T67/><D67/><U44/><E44/><V78/><F78/><W34/><G34/><T135/><D135/><U65/><E65/><V36/><F35/><W40/><G40/><T72/><D72/><U4/><E4/><V80/><F33/><W32/><G32/><T108/><D108/><U103/><E103/><V13/><F36/><W104/><G104/><T39/><D39/><U113/><E113/><V124/><F0/><W89/><G120/><T53/><D53/><U81/><E116/><V63/><F63/><W88/><G123/><T114/><D114/><U117/><E117/><V95/><N who="2" m="23552" /><DORA hai="100" /><V58/><F7/><W76/><G60/><T62/><D62/><RYUUKYOKU ba="1,0" sc="190,30,262,-10,278,-10,270,-10" hai0="46,50,55,90,91,125,126" /><INIT seed="4,2,0,1,3,91" ten="220,252,268,260" oya="0" hai0="19,8,83,18,9,41,62,121,21,71,80,131,81" hai1="49,107,94,27,92,76,90,116,112,117,98,61,38" hai2="14,68,35,42,43,4,33,54,3,7,105,65,58" hai3="1,63,84,50,25,87,40,32,23,72,51,113,24"/><T124/><D121/><U10/><E38/><V12/><F105/><W108/><G72/><T22/><D124/><U26/><E107/><V64/><F58/><W95/><G1/><T31/><D131/><U29/><E76/><V34/><F54/><W57/><G108/><T133/><D133/><U104/><E104/><V46/><F3/><W125/><G32/><T66/><D31/><U123/><E123/><V102/><F102/><W59/><G113/><T132/><D41/><N who="2" m="15370" /><F46/><W85/><G125/><T96/><D132/><U120/><E120/><V39/><F68/><W86/><G40/><T70/><D96/><U101/><E112/><V53/><F53/><W79/><G79/><T134/><D134/><U37/><E37/><V127/><F39/><W47/><G47/><T128/><D128/><U28/><E61/><V122/><F122/><W67/><G59/><T103/><D103/><U6/><E49/><V130/><F130/><W75/><G75/><T100/><D100/><U126/><E126/><V135/><F135/><W52/><G25/><N who="1" m="9226" /><E117/><V5/><F127/><W93/><N who="3" m="21504" /><DORA hai="74" /><W111/><G111/><T20/><REACH who="0" step="1"/><D71/><REACH who="0" ten="210,252,268,260" step="2"/><U16/><E116/><V36/><F36/><W73/><G73/><T89/><D89/><U106/><E106/><V110/><F110/><W48/><G67/><AGARI ba="2,1" hai="4,5,7,12,14,33,34,35,64,65,67" m="15370" machi="67" ten="40,2600,0" yaku="28,2" doraHai="91,74" who="2" fromWho="3" sc="210,0,252,0,268,42,260,-32" /><INIT seed="5,0,0,0,3,27" ten="210,252,310,228" oya="1" hai0="68,52,48,39,25,34,24,28,104,82,101,55,66" hai1="78,108,54,38,88,111,97,59,3,96,93,22,11" hai2="40,37,0,32,51,128,6,75,81,47,125,90,80" hai3="23,83,79,117,87,12,84,58,14,17,100,30,123"/><U1/><E38/><V77/><F125/><W86/><G123/><T67/><D39/><U65/><E65/><V36/><F128/><W10/><G117/><T64/><D68/><U127/><E127/><V89/><F80/><W13/><G100/><T56/><D82/><U74/><E11/><V2/><F36/><W5/><G14/><T120/><D120/><U70/><E70/><V110/><F110/><N who="1" m="42025" /><E78/><V9/><F0/><N who="1" m="73" /><E74/><V113/><F113/><W115/><G115/><T35/><D101/><U18/><E97/><V69/><F69/><W61/><REACH who="3" step="1"/><G30/><REACH who="3" ten="210,252,310,218" step="2"/><T119/><D119/><U29/><E29/><V50/><F32/><W62/><G62/><T102/><D102/><U45/><E45/><V44/><F37/><W63/><G63/><T16/><D104/><U57/><E54/><AGARI ba="0,1" hai="2,6,9,40,44,47,50,51,54,75,77,81,89,90" machi="54" ten="30,1000,0" yaku="7,1" doraHai="27" who="2" fromWho="1" sc="210,0,252,-10,310,20,218,0" /><AGARI ba="0,0" hai="5,10,12,13,17,23,54,58,61,79,83,84,86,87" machi="54" ten="30,3900,0" yaku="1,1,7,1,8,1,53,0" doraHai="27" doraHaiUra="60" who="3" fromWho="1" sc="210,0,242,-39,330,0,218,39" /><INIT seed="6,0,0,2,0,101" ten="210,203,330,257" oya="2" hai0="115,39,92,103,16,26,35,86,94,11,128,31,132" hai1="50,64,62,52,2,110,90,78,20,75,114,116,48" hai2="46,95,98,13,72,47,25,37,36,76,102,30,63" hai3="121,59,125,71,54,53,61,33,88,57,91,70,68"/><V67/><F13/><W0/><G121/><T58/><D115/><U51/><E116/><V1/><F1/><W55/><G33/><T12/><D39/><U5/><E110/><V104/><F72/><W8/><G125/><T123/><D123/><U17/><E114/><V18/><F76/><W117/><G117/><T41/><D41/><U24/><E2/><V87/><F18/><W45/><G0/><T22/><D128/><U38/><E38/><V77/><F37/><W84/><G45/><T112/><D132/><U96/><E75/><V106/><F36/><W127/><G127/><T134/><D134/><U109/><E78/><V89/><F77/><W126/><G126/><T113/><D92/><N who="1" m="56343" /><E109/><V120/><F106/><W6/><G84/><T129/><D129/><U119/><E119/><V131/><F131/><W118/><G118/><T107/><D107/><U133/><E133/><V15/><F15/><W49/><G54/><T56/><D113/><U80/><E80/><V44/><F120/><W66/><G55/><T130/><D130/><U79/><E79/><V122/><F122/><W32/><G32/><T65/><D112/><U9/><E9/><V42/><F42/><W4/><G8/><T23/><D65/><U29/><E5/><V108/><F108/><W100/><G100/><T93/><D35/><U28/><E64/><V21/><REACH who="2" step="1"/><F44/><REACH who="2" ten="210,203,320,257" step="2"/><W105/><G105/><T19/><D19/><U27/><E27/><V124/><F124/><W99/><G4/><T73/><D73/><U40/><E40/><V34/><F34/><W43/><G6/><T3/><D3/><RYUUKYOKU ba="0,1" sc="210,-15,203,15,320,15,257,-15" hai1="17,20,24,28,29,48,50,51,52,62" hai2="21,25,30,46,47,63,67,87,89,95,98,102,104" /><INIT seed="6,1,1,1,4,94" ten="195,218,335,242" oya="2" hai0="30,54,126,61,66,14,124,31,21,86,37,76,84" hai1="106,118,38,122,133,104,95,103,123,50,132,82,125" hai2="11,108,40,93,70,49,67,134,36,71,113,1,39" hai3="63,116,72,27,121,85,101,4,131,105,77,62,80"/><V53/><F1/><W87/><G121/><N who="1" m="46090" /><E38/><V19/><F11/><W17/><G116/><T88/><D37/><U79/><E118/><V23/><F108/><W51/><G131/><T7/><D54/><U97/><E125/><N who="0" m="48233" /><D76/><U107/><E50/><V41/><F39/><W26/><G72/><AGARI ba="1,1" hai="72,79,82,95,97,103,104,106,107,132,133" m="46090" machi="72" ten="40,8000,1" yaku="13,1,34,2,52,1" doraHai="94" who="1" fromWho="3" sc="195,0,218,93,335,0,242,-83" /><INIT seed="7,0,0,0,0,0" ten="195,311,335,159" oya="3" hai0="77,58,133,6,83,108,67,94,49,103,5,45,135" hai1="1,121,117,134,99,81,18,82,35,98,106,129,132" hai2="3,73,31,7,2,26,86,90,126,28,62,120,4" hai3="76,57,32,41,21,105,70,11,47,75,42,110,96"/><W39/><G32/><T43/><D108/><U22/><E1/><V111/><F111/><W107/><G70/><T56/><D103/><U60/><E60/><V69/><F73/><W109/><G42/><T115/><D94/><U15/><E35/><V52/><F2/><W79/><G79/><T91/><D91/><U33/><E33/><V80/><F3/><W61/><G11/><T16/><D16/><U78/><E121/><V10/><F10/><W122/><G122/><T87/><D115/><U19/><E15/><V63/><F120/><W36/><G36/><T27/><D27/><U84/><E84/><V89/><F126/><W118/><G118/><T50/><D67/><U123/><E123/><V17/><F90/><W65/><G21/><T24/><D24/><U124/><E124/><V40/><F40/><W64/><G64/><T97/><D97/><U37/><E37/><V55/><F69/><W128/><G128/><T114/><D114/><U14/><E22/><N who="2" m="13647" /><F63/><W20/><G20/><T38/><D38/><U88/><E129/><V130/><F130/><W46/><G46/><N who="0" m="25823" /><D135/><U104/><E78/><V131/><F131/><W113/><G113/><T12/><D133/><U112/><E112/><V8/><F8/><W23/><G23/><T66/><D12/><U30/><E14/><V71/><F71/><W59/><G59/><N who="0" m="22571" /><D66/><U68/><E68/><V95/><F62/><W125/><G125/><T127/><D127/><U93/><E117/><V101/><F31/><W119/><G119/><T13/><D13/><U116/><E30/><V92/><F28/><W48/><G109/><RYUUKYOKU ba="0,0" sc="195,30,311,-10,335,-10,159,-10" hai0="5,6,45,50,77,83,87" owari="225,-17.0,301,10.0,325,42.0,149,-35.0" /></mjloggm>