<mjloggm ver="2.3"><GO type="169" lobby="0"/><UN n0="%E3%82%AB%E3%82%BF%E3%83%AA%E3%83%8A" n1="%E8%85%B9%E7%97%9B%E3%81%BD%E3%81%A3%E3%81%8F%E3%82%93" n2="%E3%82%A2%E3%82%AB%E2%98%86%E3%82%A6%E3%83%BC%E3%83%94%E3%83%B3" n3="%E5%B0%B1%E6%B4%BB%E7%94%9F%40%E5%B7%9D%E6%9D%91%E8%BB%8D%E5%9B%A3" dan="16,16,18,17" rate="2165.71,2092.83,2225.57,2186.65" sx="M,M,M,M"/><TAIKYOKU oya="0"/><INIT seed="0,0,0,4,4,114" ten="250,250,250,250" oya="0" hai0="125,102,48,133,23,10,38,105,115,131,45,30,37" hai1="122,124,81,79,31,75,85,39,118,73,6,59,33" hai2="35,40,119,62,98,8,46,18,43,83,135,36,27" hai3="2,3,89,9,41,87,78,110,106,11,99,50,128"/><T76/><D115/><U28/><E122/><V97/><F135/><W64/><G110/><T26/><D133/><U1/><E39/><V112/><F112/><W58/><G128/><T126/><D131/><U67/><E124/><N who="0" m="47721" /><D76/><U111/><E111/><V108/><F108/><W116/><G3/><T120/><D120/><U49/><E1/><V132/><F43/><W90/><G2/><T24/><D10/><U0/><E0/><V96/><F35/><W72/><G72/><T134/><D134/><U54/><E6/><V109/><F109/><W63/><G78/><T61/><D61/><U74/><E67/><V95/><F132/><W65/><G65/><T56/><D56/><U103/><E103/><V69/><F27/><W88/><G87/><T29/><D102/><U12/><E12/><V52/><F83/><W17/><G17/><T66/><D66/><U117/><REACH who="1" step="1"/><E33/><REACH who="1" ten="250,240,250,250" step="2"/><V82/><F69/><W80/><G64/><T19/><D38/><U42/><E42/><V93/><F40/><W60/><G41/><N who="0" m="24623" /><D37/><U86/><E86/><V104/><F36/><W94/><G99/><T4/><D4/><U77/><E77/><V44/><F98/><W32/><G32/><N who="0" m="20519" /><D105/><U34/><E34/><V7/><F104/><W101/><G106/><T70/><D70/><U25/><E25/><V14/><F7/><W107/><G107/><T51/><D19/><U13/><E13/><V113/><F14/><W91/><G101/><T130/><D130/><U20/><E20/><V84/><F18/><W57/><G11/><T53/><D53/><U55/><E55/><V123/><F52/><RYUUKYOKU ba="0,1" sc="250,15,240,15,250,-15,250,-15" hai0="23,26,30,51" hai1="28,31,49,54,59,73,74,75,79,81,85,117,118" /><INIT seed="0,1,1,3,4,5" ten="265,255,235,235" oya="0" hai0="4,101,69,55,105,113,32,0,6,88,72,98,111" hai1="112,40,100,7,122,135,71,45,78,39,75,90,62" hai2="19,110,21,43,60,46,126,129,124,22,51,114,84" hai3="76,26,50,81,42,64,54,125,44,133,63,57,70"/><T14/><D113/><U66/><E122/><V49/><F114/><W107/><G107/><T121/><D0/><U104/><E112/><V87/><F110/><W23/><G125/><T116/><D116/><U10/><E90/><V80/><F129/><W53/><G133/><T99/><D121/><U102/><E135/><V13/><F84/><W56/><G70/><T8/><D72/><U127/><E127/><V94/><F124/><W118/><G118/><T15/><D111/><U92/><E92/><V96/><F60/><W61/><G81/><T37/><D32/><U31/><E31/><V132/><F132/><W97/><G97/><T20/><D37/><U117/><E104/><V2/><F2/><W52/><REACH who="3" step="1"/><G76/><REACH who="3" ten="265,255,235,225" step="2"/><T17/><D69/><U93/><E117/><V74/><F126/><W67/><G67/><T79/><D79/><U16/><E93/><V82/><F82/><W3/><G3/><T95/><D55/><U48/><E78/><V68/><F68/><W27/><G27/><T131/><D131/><U123/><E71/><V120/><F120/><W18/><AGARI ba="1,2" hai="18,23,26,42,44,50,52,53,54,56,57,61,63,64" machi="18" ten="20,8000,1" yaku="1,1,0,1,7,1,8,1,54,1,53,0" doraHai="5" doraHaiUra="108" who="3" fromWho="3" sc="265,-41,255,-21,235,-21,225,103" /><INIT seed="1,0,0,2,3,6" ten="224,234,214,328" oya="1" hai0="112,41,1,63,5,84,103,30,46,3,90,94,19" hai1="42,133,61,37,34,64,96,44,56,73,32,81,126" hai2="87,83,50,75,35,62,13,51,115,109,55,89,123" hai3="116,71,119,10,125,11,129,97,99,57,86,66,39"/><U49/><E133/><V43/><F35/><W17/><G71/><T106/><D112/><U79/><E126/><V78/><F123/><W60/><G39/><T21/><D30/><U111/><E111/><V131/><F109/><W77/><G125/><T70/><D5/><U118/><E118/><N who="3" m="45098" /><G129/><T12/><D103/><U65/><E65/><V69/><F131/><W2/><G2/><T38/><D106/><U29/><E29/><V104/><F104/><W33/><G33/><T25/><D70/><U24/><E24/><V114/><F43/><W107/><G17/><T54/><D63/><U27/><E27/><V16/><F51/><W76/><G76/><T100/><D100/><U20/><E20/><V22/><F62/><W23/><G23/><T120/><D120/><U124/><E124/><V88/><F69/><W7/><G7/><T82/><D25/><U85/><E96/><N who="3" m="36938" /><G107/><T127/><D127/><U8/><E85/><V67/><F67/><W113/><G113/><N who="2" m="43017" /><F87/><W92/><G92/><T128/><D128/><U91/><E91/><V31/><F31/><W45/><G45/><AGARI ba="0,0" hai="13,16,22,45,50,55,75,78,83,88,89" m="43017" machi="45" ten="30,3900,0" yaku="11,1,54,2" doraHai="6" who="2" fromWho="3" sc="224,0,234,0,214,39,328,-39" /><INIT seed="2,0,0,4,4,21" ten="224,234,253,289" oya="2" hai0="57,33,90,51,55,66,44,103,81,97,121,134,34" hai1="48,43,79,108,76,102,135,93,126,128,98,31,47" hai2="115,23,16,124,109,58,123,60,53,3,11,84,77" hai3="92,122,94,61,104,13,29,9,82,120,49,116,52"/><V101/><F115/><W111/><G104/><T65/><D121/><U62/><E108/><V18/><F123/><W64/><G111/><T38/><D134/><U41/><E135/><V14/><F109/><W6/><G116/><T71/><D71/><U99/><E128/><V20/><F124/><W68/><G82/><T67/><D38/><U46/><E126/><V87/><F77/><W15/><G15/><T70/><D70/><U1/><E1/><V95/><F3/><W83/><G83/><T80/><D44/><U133/><E133/><V132/><F132/><W113/><G113/><T26/><D90/><U88/><E62/><V63/><F63/><W54/><G54/><T40/><D40/><U131/><E31/><V7/><F23/><W0/><G0/><T27/><D34/><U2/><E2/><V129/><F129/><W30/><G30/><T72/><D33/><U45/><E45/><V28/><F28/><W110/><G110/><T22/><D72/><U42/><E131/><V130/><F130/><W78/><G78/><T86/><D22/><U127/><E127/><V85/><F20/><W106/><G106/><T69/><D69/><U105/><REACH who="1" step="1"/><E41/><REACH who="1" ten="224,224,253,289" step="2"/><V119/><F119/><W73/><G29/><T19/><D19/><U91/><E91/><V4/><F18/><W10/><G120/><T25/><REACH who="0" step="1"/><D86/><REACH who="0" ten="214,224,253,289" step="2"/><U32/><E32/><V75/><F75/><W35/><G73/><T114/><D114/><U24/><E24/><V56/><F56/><N who="3" m="32783" /><G122/><T118/><D118/><U5/><E5/><V117/><F117/><W59/><G35/><T74/><D74/><RYUUKYOKU ba="0,2" sc="214,10,224,10,253,10,289,-30" hai0="25,26,27,51,55,57,65,66,67,80,81,97,103" hai1="42,43,46,47,48,76,79,88,93,98,99,102,105" hai2="4,7,11,14,16,53,58,60,84,85,87,95,101" /><INIT seed="2,1,2,0,4,8" ten="224,234,263,259" oya="2" hai0="135,18,27,61,41,113,105,73,5,111,64,114,71" hai1="102,127,60,70,86,48,35,28,116,69,59,25,103" hai2="126,91,90,46,80,106,16,51,68,94,108,32,124" hai3="100,77,42,104,75,123,76,79,92,120,40,89,93"/><V132/><F32/><W88/><G42/><T130/><D73/><U66/><E116/><V134/><F68/><W37/><G37/><T26/><D105/><U67/><E127/><N who="2" m="48683" /><F106/><W121/><G40/><T109/><D130/><U81/><E48/><V43/><F108/><N who="0" m="41546" /><D135/><N who="2" m="51754" /><F80/><W62/><G62/><T119/><D119/><U15/><E70/><V29/><F29/><W20/><G20/><N who="0" m="13591" /><D41/><U96/><E69/><V19/><F91/><N who="3" m="34891" /><G75/><T3/><D27/><U14/><E67/><V107/><F107/><W65/><G65/><T58/><D71/><U110/><E110/><V101/><F101/><W2/><G2/><T54/><D64/><U33/><E33/><V125/><N who="2" m="48691" /><V85/><AGARI ba="1,2" hai="16,19,43,46,51,85,90,94" m="51754,48691" machi="85" ten="50,12000,1" yaku="4,1,18,1,20,1,54,1" doraHai="8" who="2" fromWho="2" sc="224,-41,234,-41,263,143,259,-41" /><INIT seed="2,2,0,3,5,108" ten="183,193,406,218" oya="2" hai0="11,38,18,98,22,13,52,120,83,27,67,60,94" hai1="53,132,82,101,133,23,88,58,4,111,37,81,7" hai2="92,21,103,69,16,85,64,51,24,65,3,112,123" hai3="54,30,1,48,47,0,86,34,33,43,6,122,105"/><V55/><F123/><W134/><G122/><T128/><D38/><U41/><E101/><V80/><F3/><W9/><G134/><N who="1" m="51818" /><E111/><V12/><F112/><W40/><G105/><T19/><D120/><U73/><E23/><V66/><F69/><W36/><G1/><T131/><D83/><U109/><E109/><V35/><F35/><W91/><G30/><T124/><D124/><U118/><E118/><V57/><F103/><W99/><G99/><T87/><D87/><N who="1" m="50295" /><E41/><V8/><F92/><W5/><G5/><T61/><D67/><U90/><E37/><V39/><F39/><W59/><G43/><T28/><D28/><U126/><E126/><V76/><REACH who="2" step="1"/><F66/><REACH who="2" ten="183,193,396,218" step="2"/><W72/><G72/><T77/><D131/><U127/><E127/><V89/><F89/><W70/><G70/><T107/><D128/><U119/><E119/><V75/><F75/><W97/><G97/><T31/><D107/><U106/><E106/><V17/><AGARI ba="2,1" hai="8,12,16,17,21,24,51,55,57,64,65,76,80,85" machi="17" ten="20,12000,1" yaku="1,1,0,1,7,1,8,1,54,1,53,0" doraHai="108" doraHaiUra="26" who="2" fromWho="2" sc="183,-42,193,-42,396,136,218,-42" /><INIT seed="2,3,0,1,4,60" ten="141,151,532,176" oya="2" hai0="88,34,52,45,57,7,42,135,108,91,87,106,117" hai1="84,65,1,14,102,11,134,47,73,93,128,18,110" hai2="130,80,56,123,22,46,33,26,124,0,111,125,53" hai3="120,55,81,119,64,38,122,30,113,97,77,20,83"/><V25/><F80/><W99/><G38/><T24/><D106/><U61/><E73/><V98/><F98/><W49/><G119/><T104/><D104/><U39/><E110/><V23/><F46/><W37/><G37/><T40/><D108/><U29/><E134/><V71/><F71/><W107/><G113/><T5/><D135/><U132/><E132/><V118/><F56/><W16/><G30/><T19/><D117/><U3/><E128/><V62/><F53/><W28/><G28/><T133/><D133/><U82/><E29/><V70/><F62/><W100/><G97/><T89/><D87/><U74/><E74/><V36/><F36/><W85/><G83/><T76/><D76/><U43/><E93/><V10/><F70/><W35/><G35/><T127/><D127/><N who="2" m="48714" /><F111/><W31/><G31/><T54/><D34/><U12/><E102/><V112/><F33/><W50/><G64/><T94/><D94/><U17/><E84/><V126/><F112/><W79/><G50/><N who="0" m="26935" /><D40/><U2/><E82/><V115/><F115/><W9/><G79/><T95/><D95/><U66/><REACH who="1" step="1"/><E61/><REACH who="1" ten="141,141,532,176" step="2"/><V48/><F126/><W72/><G72/><T8/><D54/><U90/><E90/><V13/><F118/><W63/><G85/><T129/><D129/><U131/><E131/><V105/><F105/><W92/><G81/><T59/><D52/><U109/><E109/><V75/><F75/><W58/><G107/><T96/><D96/><U32/><E32/><V114/><F130/><W68/><G55/><T121/><D89/><U69/><E69/><V4/><F114/><RYUUKYOKU ba="3,1" sc="141,-10,141,30,532,-10,176,-10" hai1="1,2,3,11,12,14,17,18,39,43,47,65,66" /><INIT seed="3,4,1,5,5,35" ten="131,171,522,166" oya="3" hai0="111,26,120,21,117,74,86,127,97,33,34,109,48" hai1="37,8,100,56,3,50,94,75,0,12,116,125,41" hai2="66,59,39,47,67,130,78,77,18,32,17,112,40" hai3="118,122,16,45,82,134,43,135,113,83,63,14,70"/><W64/><G122/><T104/><D74/><U99/><E75/><V65/><F32/><W80/><G118/><T52/><D117/><U20/><E116/><V132/><F112/><W93/><G93/><T123/><D127/><U115/><E115/><V87/><F130/><W10/><REACH who="3" step="1"/><G113/><REACH who="3" ten="131,171,522,156" step="2"/><T96/><D120/><U54/><E125/><V73/><F132/><W108/><G108/><T106/><D123/><U68/><E68/><V11/><F66/><W19/><G19/><T79/><D109/><U105/><E94/><V38/><F65/><W6/><G6/><T84/><D111/><U28/><E28/><V103/><F18/><W31/><G31/><T49/><D106/><U90/><E105/><V107/><F67/><W13/><G13/><T44/><D104/><U15/><E12/><V119/><F119/><W92/><G92/><T129/><D129/><U2/><E15/><V124/><F107/><W5/><G5/><T25/><D34/><U89/><E0/><V95/><F17/><W36/><AGARI ba="4,2" hai="10,14,16,36,43,45,63,64,70,80,82,83,134,135" machi="36" ten="30,6000,0" yaku="1,1,0,1,54,1,53,0" doraHai="35" doraHaiUra="110" who="3" fromWho="3" sc="131,-24,171,-24,522,-24,156,92" /><INIT seed="3,5,0,5,4,119" ten="107,147,498,248" oya="3" hai0="90,21,11,128,75,53,59,48,131,60,29,31,12" hai1="86,66,123,121,100,92,41,87,111,89,95,42,44" hai2="78,85,64,104,37,4,102,7,23,5,15,69,130" hai3="13,30,97,8,61,63,80,93,114,84,10,0,65"/><W72/><G72/><T55/><D75/><U94/><E111/><V14/><F37/><W3/><G114/><T83/><D83/><U133/><E133/><V19/><F130/><N who="0" m="49706" /><D90/><U88/><E66/><V129/><F129/><W81/><G30/><N who="0" m="11275" /><D21/><U50/><E41/><V27/><F64/><W108/><G108/><T16/><D53/><U51/><E51/><AGARI ba="5,0" hai="11,12,16,48,51,55,59,60" m="11275,49706" machi="51" ten="30,2000,0" yaku="19,1,54,1" doraHai="119" who="0" fromWho="1" sc="107,35,147,-35,498,0,248,0" /><INIT seed="4,0,0,2,0,40" ten="142,112,498,248" oya="0" hai0="114,47,93,124,75,112,134,110,58,19,59,23,128" hai1="25,122,80,55,78,33,62,18,3,103,76,39,117" hai2="133,26,6,1,88,127,46,111,85,98,131,37,8" hai3="22,96,7,123,44,61,81,16,9,116,64,129,68"/><T66/><D134/><U43/><E122/><V94/><F111/><W0/><G129/><T10/><D128/><U115/><E117/><V52/><F131/><W109/><G109/><T11/><D75/><U53/><E3/><V100/><F133/><W56/><G116/><T14/><D110/><U24/><E103/><V60/><F127/><W90/><G123/><T121/><D121/><U132/><E132/><V89/><F26/><W15/><G44/><T118/><D118/><U69/><E33/><V35/><F35/><W4/><G4/><T97/><D124/><U51/><E39/><V72/><F72/><W101/><G81/><T34/><D34/><U95/><E115/><N who="0" m="44073" /><D47/><N who="1" m="26111" /><E69/><V91/><F37/><W125/><G125/><T20/><D66/><U32/><E32/><V135/><F135/><W57/><G90/><N who="0" m="55479" /><D10/><U77/><E80/><V73/><F73/><W130/><REACH who="3" step="1"/><G130/><REACH who="3" ten="142,112,498,238" step="2"/><T84/><D84/><U92/><E76/><V45/><REACH who="2" step="1"/><F85/><REACH who="2" ten="142,112,488,238" step="2"/><W13/><G13/><T65/><D65/><U36/><E24/><V108/><F108/><W99/><G99/><T31/><D31/><U38/><E25/><V2/><F2/><W119/><G119/><T106/><D14/><U54/><E36/><V71/><F71/><W27/><G27/><T102/><D58/><AGARI ba="0,2" hai="1,6,8,45,46,52,58,60,88,89,91,94,98,100" machi="58" ten="40,8000,1" yaku="1,1,52,2,54,2,53,0" doraHai="40" doraHaiUra="63" who="2" fromWho="0" sc="142,-80,112,0,488,100,238,0" /><INIT seed="5,0,0,1,1,124" ten="62,112,588,238" oya="1" hai0="4,99,42,57,105,43,36,123,67,97,11,58,94" hai1="25,31,64,112,79,16,111,134,59,7,71,83,1" hai2="101,114,26,81,41,104,130,51,88,91,40,129,117" hai3="93,65,103,85,96,113,20,122,116,106,3,2,89"/><U69/><E1/><V80/><F51/><W98/><G122/><T125/><D125/><U33/><E7/><V62/><F26/><W22/><G113/><T115/><D115/><U77/><E112/><V18/><F114/><W82/><G116/><T90/><D123/><U132/><E111/><V14/><F117/><W28/><G65/><T75/><D75/><U35/><E35/><V102/><F62/><W39/><G39/><T107/><D67/><U0/><E0/><V56/><F56/><W118/><G118/><T78/><D78/><U23/><E59/><V27/><F27/><W32/><G32/><T45/><D43/><U70/><E64/><V10/><F104/><W109/><G109/><T60/><D58/><U50/><E50/><V127/><F127/><W47/><G47/><T100/><D57/><U9/><E9/><V61/><F61/><W5/><G5/><T63/><REACH who="0" step="1"/><D107/><REACH who="0" ten="52,112,588,238" step="2"/><U17/><E77/><V74/><F74/><W46/><G46/><T55/><D55/><U30/><E30/><V34/><F34/><W68/><G68/><T38/><D38/><U108/><E108/><V72/><F72/><W13/><G28/><T87/><D87/><N who="1" m="48639" /><E33/><V110/><F110/><W6/><G85/><T76/><D76/><U49/><E49/><V21/><F40/><W86/><G106/><T12/><AGARI ba="0,1" hai="4,11,12,36,42,45,60,63,90,94,97,99,100,105" machi="12" ten="20,2700,0" yaku="1,1,0,1,7,1,53,0" doraHai="124" doraHaiUra="66" who="0" fromWho="0" sc="52,37,112,-13,588,-7,238,-7" /><INIT seed="6,0,0,3,4,123" ten="89,99,581,231" oya="2" hai0="9,89,45,98,40,62,96,17,25,94,95,28,2" hai1="125,41,91,10,22,75,133,71,121,16,105,92,12" hai2="84,90,128,27,42,21,130,81,116,70,78,113,86" hai3="117,83,67,87,99,23,31,73,0,34,102,77,61"/><V112/><F70/><W26/><G117/><T103/><D62/><U36/><E105/><V52/><F42/><W54/><G0/><T48/><D2/><U69/><E75/><V56/><F116/><W79/><G54/><T134/><D134/><U101/><E133/><V58/><F58/><W11/><G11/><T3/><D3/><U66/><E121/><V33/><F33/><W13/><G13/><N who="0" m="7343" /><D25/><U37/><E125/><V64/><F64/><W51/><G51/><T108/><D108/><U97/><E66/><V68/><F68/><W8/><G8/><T124/><D124/><U110/><E36/><V18/><F128/><W82/><G34/><T30/><AGARI ba="0,0" hai="28,30,40,45,48,89,94,95,96,98,103" m="7343" machi="30" ten="30,1100,0" yaku="8,1" doraHai="123" who="0" fromWho="0" sc="89,11,99,-3,581,-5,231,-3" /><INIT seed="7,0,0,2,0,125" ten="100,96,576,228" oya="3" hai0="3,51,36,53,26,108,27,44,114,107,4,98,65" hai1="130,39,69,46,83,89,43,41,111,75,116,112,118" hai2="8,62,55,110,119,76,135,134,45,70,30,9,78" hai3="115,93,24,122,129,10,97,15,132,126,31,121,61"/><W35/><G129/><T47/><D108/><U33/><E111/><V37/><F119/><N who="1" m="45609" /><E130/><V82/><F30/><W14/><G61/><T92/><D107/><U48/><E112/><V5/><F9/><W49/><G24/><T50/><D114/><U16/><E33/><V73/><F78/><W23/><G97/><T120/><D120/><U79/><E69/><V105/><F105/><W94/><G23/><T106/><D106/><U0/><E0/><N who="2" m="39" /><F110/><W88/><G94/><T64/><D36/><U81/><E16/><V19/><F19/><W100/><G14/><T2/><D2/><U128/><E128/><V109/><F109/><W71/><G126/><T20/><D4/><U25/><E25/><N who="0" m="9225" /><D20/><U12/><E12/><V17/><F17/><W58/><G132/><T99/><D3/><U102/><E102/><V32/><F32/><W66/><G100/><N who="0" m="60487" /><D99/><U96/><E96/><V103/><F103/><W21/><G31/><T56/><D47/><N who="1" m="25727" /><E83/><V13/><F13/><W74/><G15/><T18/><D18/><U11/><E11/><V42/><F55/><AGARI ba="0,0" hai="44,50,51,53,55,56,64,65" m="60487,9225" machi="55" ten="30,1000,0" yaku="8,1" doraHai="125" who="0" fromWho="2" sc="100,10,96,0,576,-10,228,0" owari="110,-29.0,96,-40.0,566,66.0,228,3.0" /></mjloggm>