<mjloggm ver="2.3"><GO type="169" lobby="0"/><UN n0="%E3%82%AF%E3%83%AD%E3%83%8E%E3%82%B9%40" n1="%E3%81%BE%E3%81%AA%E3%81%84%E3%81%9F%E3%82%88%E3%81%86%E3%81%98%E3%82%87" n2="%E3%83%8B%E3%83%A3%E3%83%83%E3%83%94%E3%83%BC%E5%A4%8F%E7%9B%AE" n3="%E5%B0%B1%E6%B4%BB%E7%94%9F%40%E5%B7%9D%E6%9D%91%E8%BB%8D%E5%9B%A3" dan="17,16,16,16" rate="2229.29,2100.02,2151.71,2157.23" sx="M,M,M,M"/><TAIKYOKU oya="0"/><INIT seed="0,0,0,4,2,128" ten="250,250,250,250" oya="0" hai0="15,84,94,125,124,96,40,24,93,130,56,17,37" hai1="14,0,26,79,90,68,21,53,57,13,67,91,9" hai2="133,87,121,22,12,59,92,8,135,78,132,50,134" hai3="108,74,2,48,18,98,33,36,23,114,71,16,115"/><T38/><D24/><U118/><E118/><V80/><F121/><W44/><G33/><T119/><D119/><U49/><E0/><V107/><F107/><W61/><G74/><T88/><D130/><U30/><E79/><V111/><F111/><W123/><G36/><T110/><D110/><U64/><E14/><V46/><F92/><W7/><G123/><T75/><D75/><U28/><E28/><V58/><F22/><W45/><G45/><T86/><D56/><U52/><E53/><N who="2" m="29911" /><F135/><W127/><G127/><N who="0" m="48715" /><D40/><U100/><E100/><V27/><F27/><W63/><G108/><T116/><D116/><U62/><REACH who="1" step="1"/><E64/><REACH who="1" ten="250,240,250,250" step="2"/><V81/><F81/><W70/><G2/><T54/><D54/><U117/><E117/><V43/><F43/><W95/><G114/><T25/><D25/><U126/><E126/><V129/><F129/><W104/><G115/><T77/><D77/><U39/><E39/><N who="0" m="14857" /><D93/><U103/><E103/><V89/><F78/><W55/><G95/><T42/><D42/><U51/><E51/><V105/><F105/><W82/><G104/><T97/><D96/><U120/><E120/><V101/><F101/><W122/><G98/><T34/><D34/><U65/><E65/><V10/><F10/><AGARI ba="0,1" hai="10,15,17,84,86,88,94,97" m="14857,48715" machi="10" ten="30,2900,0" yaku="18,1,54,1" doraHai="128" who="0" fromWho="2" sc="250,39,240,0,250,-29,250,0" /><INIT seed="0,1,0,1,2,130" ten="289,240,221,250" oya="0" hai0="115,52,70,53,81,18,118,8,54,20,91,85,125" hai1="75,13,0,6,117,73,1,98,69,60,61,50,30" hai2="112,15,43,114,131,63,99,103,127,17,55,56,62" hai3="26,41,29,71,34,129,123,96,108,7,28,31,106"/><T92/><D115/><U33/><E117/><V74/><F74/><W133/><G71/><T107/><D107/><U46/><E13/><V35/><F131/><W122/><G41/><T105/><D105/><U90/><E30/><N who="3" m="11882" /><G96/><T95/><D70/><U65/><E33/><V83/><F35/><W135/><G106/><T82/><D125/><U38/><E38/><V3/><F3/><W39/><G39/><T64/><D64/><U109/><E109/><V14/><F127/><W119/><G108/><T132/><D132/><N who="3" m="50761" /><G129/><T4/><D118/><U93/><E0/><V42/><F42/><W110/><G110/><T49/><D82/><U40/><E61/><V22/><F83/><W57/><G119/><T24/><REACH who="0" step="1"/><D49/><REACH who="0" ten="279,240,221,250" step="2"/><U84/><E50/><V104/><F114/><W68/><G68/><T76/><D76/><U11/><E69/><V44/><F112/><W79/><G79/><T37/><D37/><U59/><E65/><V72/><F104/><W89/><G7/><T102/><D102/><U16/><E6/><V128/><F103/><W111/><G111/><T36/><D36/><U23/><E93/><V126/><F126/><W134/><G134/><T12/><AGARI ba="1,1" hai="4,8,12,18,20,24,52,53,54,81,85,91,92,95" machi="12" ten="30,11700,0" yaku="1,1,0,1,8,1,54,1,53,0" doraHai="130" doraHaiUra="100" who="0" fromWho="0" sc="279,130,240,-40,221,-40,250,-40" /><INIT seed="0,2,0,4,3,86" ten="409,200,181,210" oya="0" hai0="132,113,123,91,51,36,85,107,74,47,66,130,71" hai1="112,7,78,109,68,42,5,40,115,81,16,28,82" hai2="32,95,46,131,62,38,64,129,114,35,45,13,133" hai3="90,121,44,34,60,93,23,59,53,124,111,58,120"/><T128/><D74/><U31/><E68/><V69/><F114/><N who="1" m="43561" /><E109/><V97/><F133/><W25/><G34/><T39/><D107/><U83/><E78/><V27/><F13/><W30/><G111/><T94/><D123/><N who="3" m="47177" /><G124/><T103/><D103/><U10/><E16/><V127/><F127/><W72/><G72/><T73/><D73/><U108/><E108/><V56/><F69/><W125/><G125/><T3/><D3/><U61/><E61/><V41/><F46/><W52/><G44/><T0/><D0/><N who="1" m="295" /><E7/><V57/><F57/><N who="3" m="21515" /><G60/><N who="0" m="40391" /><D113/><U37/><E37/><V17/><F17/><W14/><G14/><T43/><D132/><U6/><E6/><V49/><F38/><W33/><G33/><T79/><D79/><U84/><E84/><AGARI ba="2,0" hai="23,25,30,52,53,84,90,93" m="21515,47177" machi="84" ten="30,3900,0" yaku="13,1,52,1,54,1" doraHai="86" who="3" fromWho="1" sc="409,0,200,-45,181,0,210,45" /><INIT seed="1,0,0,3,2,51" ten="409,155,181,255" oya="1" hai0="122,109,15,68,28,21,45,69,100,128,3,52,94" hai1="17,43,30,47,0,42,110,132,63,84,103,70,104" hai2="96,89,19,39,121,29,38,26,23,112,83,20,120" hai3="11,125,95,60,64,93,79,37,13,46,124,126,53"/><U40/><E132/><V16/><F112/><W113/><G113/><T116/><D116/><U35/><E0/><V58/><F29/><W1/><G1/><T6/><D109/><U36/><E110/><V67/><F39/><W85/><G79/><T59/><D45/><U101/><E84/><V97/><F38/><W87/><G87/><T22/><D3/><U82/><E82/><V80/><F121/><W90/><G95/><T76/><D76/><U102/><E17/><V72/><F120/><W127/><G37/><T106/><D106/><U99/><E102/><V31/><F31/><W123/><G123/><T24/><D128/><U18/><E18/><V12/><F72/><W71/><N who="3" m="32256" /><DORA hai="105" /><W8/><REACH who="3" step="1"/><G13/><REACH who="3" ten="409,155,181,245" step="2"/><T75/><D75/><U111/><E111/><V10/><F83/><W129/><G129/><T107/><D107/><U27/><REACH who="1" step="1"/><E103/><REACH who="1" ten="409,145,181,245" step="2"/><V44/><F80/><W5/><G5/><T117/><D6/><U77/><E77/><V41/><F89/><W74/><G74/><T73/><D73/><U2/><E2/><V91/><F91/><W25/><G25/><N who="0" m="16431" /><D122/><U49/><E49/><AGARI ba="0,2" hai="8,11,46,49,53,60,64,71,85,90,93" m="32256" machi="49" ten="70,8000,1" yaku="1,1,18,1,52,1,53,2" doraHai="51,105" doraHaiUra="4,55" who="3" fromWho="1" sc="409,0,145,-80,181,0,245,100" /><INIT seed="2,0,0,3,2,66" ten="409,65,181,345" oya="2" hai0="20,72,37,98,49,46,8,132,4,81,12,133,29" hai1="59,45,85,50,73,19,108,39,88,27,67,90,52" hai2="76,74,94,126,92,115,121,16,86,36,63,95,18" hai3="129,89,43,64,32,112,135,120,114,57,30,40,11"/><V1/><F115/><N who="3" m="44075" /><G120/><T54/><D37/><U117/><E117/><V75/><F121/><W125/><G135/><N who="0" m="51787" /><D98/><U65/><E73/><V31/><F1/><W14/><G129/><T134/><D134/><U38/><E108/><V127/><F36/><W33/><G89/><T101/><D101/><U80/><E39/><V128/><F128/><W53/><G64/><T71/><D71/><U51/><E38/><V0/><F0/><W130/><G130/><T34/><D34/><N who="3" m="13417" /><G30/><T78/><D20/><N who="1" m="13727" /><E90/><V28/><F63/><N who="3" m="36271" /><G125/><N who="2" m="47625" /><F86/><W68/><G68/><T118/><D29/><N who="2" m="11338" /><F76/><W47/><G47/><T109/><D109/><U83/><E83/><V87/><F87/><W26/><G26/><T111/><D111/><U9/><E9/><V97/><F97/><W23/><G23/><T123/><D123/><U22/><E22/><V100/><F100/><W15/><G15/><T17/><D118/><U93/><E80/><V60/><F60/><W107/><G107/><T25/><D25/><U122/><E122/><V3/><F3/><W119/><G119/><T2/><D2/><U91/><E91/><V105/><F105/><W7/><AGARI ba="0,0" hai="7,11,14,40,43" m="36271,13417,44075" machi="7" ten="30,1100,0" yaku="11,1" doraHai="66" who="3" fromWho="3" sc="409,-3,65,-3,181,-5,345,11" /><INIT seed="3,0,0,1,2,69" ten="406,62,176,356" oya="3" hai0="15,37,106,133,99,75,42,62,3,66,97,10,8" hai1="64,87,127,25,91,70,30,126,85,14,98,33,128" hai2="55,119,63,84,36,13,96,54,59,11,19,57,58" hai3="53,32,2,7,39,111,86,44,48,17,94,22,61"/><W123/><G32/><T16/><D75/><U29/><E128/><V117/><F36/><W116/><G123/><T95/><D106/><U71/><E29/><V124/><F124/><N who="1" m="47657" /><E64/><V122/><F122/><W110/><G116/><T100/><D133/><U134/><E134/><V105/><F84/><N who="1" m="32329" /><E14/><V112/><F112/><W107/><G107/><T24/><D24/><U45/><E45/><V89/><F58/><W114/><G114/><T77/><D77/><U76/><E76/><V5/><F5/><W18/><G61/><T68/><D97/><U38/><E38/><V43/><F43/><W88/><G39/><T23/><REACH who="0" step="1"/><D3/><REACH who="0" ten="396,62,176,356" step="2"/><U26/><E26/><V102/><F89/><W1/><G1/><T31/><D31/><U82/><E98/><V74/><F74/><W121/><G121/><T46/><AGARI ba="0,1" hai="8,10,15,16,23,37,42,46,62,66,68,95,99,100" machi="46" ten="30,7900,0" yaku="1,1,0,1,52,1,54,1,53,0" doraHai="69" doraHaiUra="34" who="0" fromWho="0" sc="396,89,62,-20,176,-20,356,-39" /><INIT seed="4,0,0,4,0,80" ten="485,42,156,317" oya="0" hai0="90,0,3,21,87,53,67,26,98,13,1,46,33" hai1="35,12,112,25,6,32,95,41,129,70,91,122,82" hai2="96,55,73,78,105,103,71,104,40,8,58,39,60" hai3="118,92,2,77,17,57,11,81,30,84,7,130,59"/><T63/><D98/><U111/><E122/><V23/><F71/><W5/><G118/><T37/><D33/><U52/><E111/><V76/><F104/><W110/><G110/><T15/><D37/><U20/><E70/><V134/><F134/><W54/><G130/><T101/><D101/><U16/><E129/><V107/><F107/><W4/><G30/><T117/><D117/><U62/><E41/><V85/><F73/><W72/><G59/><T51/><D26/><U93/><E112/><V66/><F40/><W115/><G115/><T121/><D121/><U56/><E82/><V43/><F43/><W31/><G31/><T113/><D113/><U28/><E95/><V120/><F39/><W109/><G109/><T131/><D131/><U106/><E106/><V74/><F74/><W49/><G17/><T135/><D135/><U124/><E124/><V102/><F102/><W19/><G19/><T45/><D45/><U83/><E83/><V128/><F120/><W133/><G133/><T75/><D75/><U9/><REACH who="1" step="1"/><E28/><REACH who="1" ten="485,32,156,317" step="2"/><V42/><F42/><W69/><G69/><T119/><D119/><U127/><E127/><V94/><F128/><W38/><G38/><T24/><D0/><U61/><E61/><V114/><F60/><W116/><G116/><T18/><D1/><U44/><E44/><V65/><F105/><W89/><AGARI ba="0,1" hai="2,4,5,7,11,49,54,57,72,77,81,84,89,92" machi="89" ten="30,2000,0" yaku="0,1,52,1" doraHai="80" who="3" fromWho="3" sc="485,-10,32,-5,156,-5,317,30" /><INIT seed="5,0,0,5,0,87" ten="475,27,151,347" oya="1" hai0="10,13,102,35,21,76,22,118,9,131,56,133,5" hai1="49,116,36,17,51,104,55,120,74,18,61,113,57" hai2="8,52,15,54,37,80,1,71,28,129,98,112,124" hai3="40,63,41,78,65,64,45,83,108,19,60,3,90"/><U73/><E120/><V135/><F1/><W91/><G3/><T50/><D118/><U59/><E116/><V88/><F37/><W0/><G0/><T81/><D131/><U67/><E36/><V85/><F71/><W114/><G91/><T94/><D133/><U105/><E113/><V44/><F129/><W58/><G108/><T89/><D35/><U132/><E132/><V92/><F135/><W53/><G114/><T30/><D102/><U101/><E101/><V12/><F112/><W126/><G126/><T110/><D110/><U32/><E32/><V43/><F28/><W33/><G33/><T46/><D56/><U66/><REACH who="1" step="1"/><E61/><REACH who="1" ten="475,17,151,347" step="2"/><V107/><F124/><W6/><G63/><T26/><D10/><U23/><E23/><V130/><F130/><W47/><G60/><T127/><D127/><U42/><E42/><V20/><F20/><W38/><G41/><N who="0" m="24911" /><D26/><U14/><E14/><V123/><F123/><W82/><G40/><T68/><D30/><U134/><E134/><V103/><F107/><W79/><G38/><T2/><D2/><U121/><E121/><V69/><F12/><W62/><G62/><T34/><D34/><U96/><E96/><V24/><F24/><W122/><G122/><T75/><D22/><U125/><E125/><V7/><F43/><W29/><G64/><T16/><D21/><U77/><E77/><V99/><F99/><W111/><G65/><T117/><D117/><U86/><E86/><V95/><F85/><W70/><G79/><T11/><D13/><U72/><E72/><V119/><F15/><W4/><G78/><RYUUKYOKU ba="0,1" sc="475,-10,17,30,151,-10,347,-10" hai1="17,18,49,51,55,57,59,66,67,73,74,104,105" /><INIT seed="5,1,1,3,1,19" ten="465,47,141,337" oya="1" hai0="70,112,114,22,66,122,107,64,39,118,44,51,17" hai1="11,90,43,128,37,61,135,124,23,105,77,116,29" hai2="10,78,3,1,103,36,52,67,87,69,71,92,38" hai3="82,96,68,95,5,50,73,123,24,89,15,129,53"/><U108/><E116/><V101/><F52/><W28/><G123/><T100/><D118/><U9/><E105/><V32/><F32/><W83/><G68/><T119/><D119/><U31/><E128/><V106/><F106/><W57/><G73/><T65/><D122/><U45/><E135/><V79/><F87/><W58/><G129/><T72/><D72/><U48/><E124/><V76/><F10/><W26/><G58/><T93/><D107/><U54/><E108/><V6/><F92/><W104/><G104/><T63/><D39/><N who="2" m="14890" /><F67/><W84/><G28/><N who="1" m="10826" /><E37/><V25/><F25/><N who="3" m="9835" /><G96/><N who="0" m="59407" /><D51/><N who="1" m="27071" /><E77/><V59/><F6/><W75/><G75/><T121/><D44/><N who="1" m="27911" /><E61/><V34/><F34/><W133/><G133/><T21/><D121/><U91/><E23/><N who="0" m="8713" /><D17/><U102/><E102/><N who="2" m="38923" /><F59/><W74/><G74/><T42/><D42/><U33/><E33/><V0/><AGARI ba="1,1" hai="0,1,3,69,71,76,78,79" m="38923,14890" machi="0" ten="40,2700,0" yaku="28,2" doraHai="19" who="2" fromWho="2" sc="465,-8,47,-14,141,40,337,-8" /><INIT seed="6,0,0,3,1,110" ten="457,33,181,329" oya="2" hai0="130,23,34,62,68,25,49,8,65,17,7,66,128" hai1="87,105,80,30,20,126,48,120,89,85,103,127,116" hai2="12,1,15,100,14,86,91,124,6,107,32,88,125" hai3="52,59,70,24,83,113,46,29,122,111,96,134,104"/><V2/><F32/><W131/><G111/><T22/><D65/><U101/><E30/><V37/><F37/><W0/><G0/><N who="2" m="105" /><F100/><W44/><G122/><T109/><D109/><U61/><E20/><V43/><F43/><W45/><G70/><T97/><D49/><U74/><E48/><V54/><F86/><W133/><G83/><T82/><D82/><U38/><E61/><V114/><F107/><W10/><G10/><T81/><D81/><U71/><E71/><V19/><F19/><W41/><G41/><T55/><D55/><U3/><E3/><V60/><F60/><W42/><G42/><T135/><D7/><U99/><E38/><V51/><F51/><W53/><G96/><T36/><D36/><U121/><E116/><V40/><F40/><W16/><G104/><T31/><D97/><U50/><E50/><V78/><F78/><W73/><G73/><T69/><D69/><U63/><E63/><V119/><F119/><W84/><G84/><T58/><D68/><U4/><E4/><V118/><F118/><W95/><G53/><T92/><D92/><N who="1" m="54335" /><E103/><V102/><F102/><W79/><G59/><T28/><D8/><U129/><E129/><N who="0" m="49769" /><D31/><U9/><E9/><V90/><F6/><W21/><G29/><T64/><D64/><U117/><E117/><V76/><F54/><W13/><G52/><T123/><D123/><N who="1" m="47179" /><E74/><V106/><F12/><W57/><G131/><T112/><D34/><U67/><E67/><V35/><F14/><W47/><G13/><T93/><D66/><U72/><E72/><V33/><F15/><W18/><G18/><RYUUKYOKU ba="0,0" sc="457,-10,33,30,181,-10,329,-10" hai1="80,85,99,101,105,126,127" /><INIT seed="7,1,0,0,2,76" ten="447,63,171,319" oya="3" hai0="72,12,27,74,68,46,115,7,14,82,49,116,110" hai1="29,120,101,10,128,93,131,43,48,81,113,47,2" hai2="30,8,80,9,130,122,132,1,61,0,123,79,41" hai3="42,23,55,5,19,135,37,59,127,107,111,15,18"/><W133/><G107/><T90/><D68/><U67/><E120/><N who="2" m="46123" /><F130/><W21/><G111/><T86/><D115/><U88/><E29/><V77/><F132/><W109/><G109/><T118/><D110/><U35/><E35/><V87/><F77/><W56/><G127/><T6/><D72/><U98/><E67/><V54/><F41/><W65/><G5/><T129/><D74/><U38/><E113/><V121/><F30/><W85/><G65/><T119/><D129/><U52/><E2/><N who="2" m="1131" /><F121/><W70/><G70/><T60/><D60/><U97/><E10/><V64/><F54/><W39/><G85/><T34/><D27/><U96/><E128/><V20/><F20/><W126/><G126/><T26/><D26/><U75/><E131/><V4/><F4/><W32/><G32/><T134/><D46/><U103/><E103/><V53/><F53/><W62/><G56/><AGARI ba="1,0" hai="8,9,56,61,64,79,80,87" m="1131,46123" machi="56" ten="30,2000,0" yaku="13,1,52,1" doraHai="76" who="2" fromWho="3" sc="447,0,63,0,171,23,319,-23" owari="447,55.0,63,-44.0,194,-21.0,296,10.0" /></mjloggm>