<mjloggm ver="2.3"><GO type="41" lobby="0"/><UN n0="%53%68%6F%63%6B%65%72" n1="%67%75%73%68%61%6F" n2="%E8%A1%A3%E7%BE%BD" n3="%E5%B0%B1%E6%B4%BB%E7%94%9F%40%E5%B7%9D%E6%9D%91%E8%BB%8D%E5%9B%A3" dan="13,13,14,17" rate="1861.88,1860.26,1928.60,2172.93" sx="F,M,M,M"/><TAIKYOKU oya="0"/><INIT seed="0,0,0,4,1,59" ten="250,250,250,250" oya="0" hai0="85,52,134,56,22,119,14,97,55,9,25,82,58" hai1="74,77,93,98,122,23,81,63,126,65,42,0,113" hai2="79,133,35,43,135,37,24,110,128,20,47,115,28" hai3="5,48,89,1,99,96,49,125,46,7,53,102,101"/><T117/><D134/><N who="2" m="51210" /><F115/><W60/><G125/><T100/><D117/><U80/><E122/><V107/><F107/><W10/><G7/><T124/><D119/><U73/><E0/><V64/><F110/><W72/><G72/><T57/><D124/><U62/><E113/><V12/><F128/><W29/><G29/><T68/><D68/><U32/><E32/><V109/><F109/><W40/><G89/><T86/><D86/><U27/><E42/><V127/><F127/><W16/><G16/><N who="0" m="8271" /><D97/><U118/><E118/><V78/><F64/><W111/><G111/><T106/><D100/><U83/><E126/><V31/><F31/><W4/><G4/><T11/><D11/><U75/><E65/><V90/><F90/><W108/><G108/><T120/><D106/><U54/><E54/><V105/><F105/><W88/><G99/><T13/><D13/><U8/><E8/><V50/><F37/><W26/><G26/><T114/><D114/><U129/><E77/><V84/><F84/><W3/><G3/><T39/><D39/><U18/><REACH who="1" step="1"/><E129/><REACH who="1" ten="250,240,250,250" step="2"/><V51/><F79/><W17/><G1/><T87/><D120/><U30/><E30/><V104/><F78/><W71/><G10/><T103/><D103/><AGARI ba="0,1" hai="18,23,27,62,63,73,74,75,80,81,83,93,98,103" machi="103" ten="50,6400,0" yaku="1,1,52,2,53,0" doraHai="59" doraHaiUra="61" who="1" fromWho="0" sc="250,-64,240,74,250,0,250,0" /><INIT seed="1,0,0,4,4,135" ten="186,314,250,250" oya="1" hai0="93,96,19,30,25,72,1,27,80,32,61,28,12" hai1="115,121,84,46,44,104,14,78,120,108,98,47,29" hai2="53,10,51,59,117,119,112,106,81,5,133,22,107" hai3="74,11,60,102,85,23,100,36,124,63,50,70,76"/><U64/><E115/><V43/><F133/><W49/><G36/><T67/><D1/><U9/><E29/><V83/><F112/><W122/><G74/><T105/><D80/><U79/><E64/><V37/><F22/><W57/><G122/><T41/><D41/><U75/><E75/><V31/><F31/><W110/><G70/><T88/><D72/><U130/><E130/><V109/><F109/><W56/><G110/><T113/><D105/><U58/><E58/><V18/><F18/><W38/><G38/><T17/><D12/><U125/><E108/><V118/><F83/><N who="3" m="47335" /><G23/><T73/><D73/><U68/><E68/><V86/><F43/><W126/><G11/><T55/><D55/><U103/><E84/><V65/><F65/><N who="3" m="39047" /><G100/><T34/><D113/><U101/><E101/><V26/><F26/><W62/><G102/><T91/><REACH who="0" step="1"/><D91/><REACH who="0" ten="176,314,250,250" step="2"/><U111/><E111/><V95/><F107/><W114/><G114/><T92/><D92/><U52/><E52/><V128/><F95/><W134/><G134/><T33/><D33/><U3/><E3/><N who="2" m="319" /><F106/><W15/><G15/><T123/><D123/><U13/><E13/><V129/><F37/><W4/><G4/><T132/><D132/><U48/><E121/><V82/><F81/><W127/><G62/><T116/><D116/><U71/><E120/><V8/><F128/><W39/><G39/><T97/><D97/><U45/><E79/><N who="2" m="46431" /><F129/><W2/><G2/><T94/><D94/><U20/><E78/><V87/><F87/><W35/><G35/><T0/><D0/><U66/><E104/><V69/><F119/><RYUUKYOKU ba="0,1" sc="176,15,314,-15,250,-15,250,15" hai0="17,19,25,27,28,30,32,34,61,67,88,93,96" hai3="49,50,57,63,124,126,127" /><INIT seed="2,1,1,4,1,63" ten="191,299,235,265" oya="2" hai0="82,75,119,133,69,131,19,108,40,16,121,112,32" hai1="26,100,110,94,88,74,39,65,52,9,8,3,0" hai2="93,91,117,84,123,66,62,46,5,78,114,87,54" hai3="48,11,97,41,122,124,21,42,90,130,2,73,25"/><V50/><F114/><W72/><G122/><T67/><RYUUKYOKU type="yao9" ba="1,1" sc="191,0,299,0,235,0,265,0" hai0="16,19,32,40,67,69,75,82,108,112,119,121,131,133" /><INIT seed="2,2,1,5,1,53" ten="191,299,235,265" oya="2" hai0="76,119,97,101,110,17,29,31,0,42,86,121,15" hai1="70,18,44,81,21,78,125,13,55,20,89,94,58" hai2="126,65,35,104,90,111,75,45,36,109,108,50,68" hai3="26,82,113,116,106,115,63,112,67,117,73,12,7"/><V120/><F120/><W10/><G106/><T129/><D121/><U47/><E70/><V28/><F36/><W43/><G43/><T96/><D119/><U71/><E125/><V16/><F126/><W3/><G12/><T14/><D0/><U61/><E71/><V114/><F114/><W122/><G122/><T84/><D129/><U6/><E6/><V131/><F131/><W123/><G123/><T60/><D110/><U52/><E21/><V57/><F68/><N who="3" m="42111" /><G26/><T88/><D42/><U22/><E22/><V107/><F75/><W30/><G30/><T118/><D118/><U23/><E23/><V133/><F90/><W128/><G128/><T100/><D76/><AGARI ba="2,1" hai="3,7,10,73,76,82,112,113,115,116,117" m="42111" machi="76" ten="30,2000,0" yaku="11,1,23,1" doraHai="53" who="3" fromWho="0" sc="191,-26,299,0,235,0,265,36" /><INIT seed="3,0,0,1,0,105" ten="165,299,235,301" oya="3" hai0="76,112,106,113,100,52,128,46,35,36,97,116,78" hai1="41,81,0,9,54,74,94,20,93,132,22,56,83" hai2="110,127,51,98,39,55,75,117,124,73,129,27,120" hai3="23,13,10,122,72,119,6,18,92,101,79,19,17"/><W59/><G119/><T121/><D116/><U125/><E41/><V38/><F117/><W95/><G122/><T45/><D121/><U44/><E44/><V130/><F120/><W8/><G23/><T53/><D35/><U135/><E125/><N who="2" m="48203" /><F98/><W24/><G24/><T67/><D67/><U66/><E66/><V77/><F27/><W25/><G25/><T12/><D12/><U85/><E9/><V126/><F77/><W84/><G101/><T108/><D36/><N who="2" m="13866" /><F110/><W114/><G114/><N who="0" m="44139" /><D108/><U11/><E11/><V131/><N who="2" m="48211" /><V30/><DORA hai="47" /><F30/><W103/><G103/><T50/><D128/><N who="2" m="32770" /><V86/><DORA hai="58" /><F86/><W69/><G10/><T15/><D15/><U87/><E0/><V133/><F133/><W107/><G84/><T42/><D45/><AGARI ba="0,0" hai="45,51,55,73,75" m="32770,13866,48211" machi="45" ten="60,8000,1" yaku="18,1,19,1,52,3" doraHai="105,47,58" who="2" fromWho="0" sc="165,-80,299,0,235,80,301,0" /><INIT seed="4,0,0,4,3,25" ten="85,299,315,301" oya="0" hai0="9,107,127,77,61,13,92,33,78,50,4,130,102" hai1="6,65,109,59,80,62,2,74,117,46,98,28,47" hai2="105,18,81,71,69,89,3,27,37,104,82,38,55" hai3="0,73,23,116,114,95,57,26,118,11,44,103,21"/><T49/><D107/><U134/><E109/><V124/><F3/><W121/><G73/><T19/><D127/><U31/><E134/><V86/><F124/><W43/><G114/><T53/><D130/><U122/><E122/><V126/><F126/><W123/><G57/><T42/><D33/><U131/><E117/><V135/><F135/><W133/><G133/><T84/><D50/><U90/><E131/><V30/><F18/><W87/><G11/><T29/><D78/><U24/><E2/><V20/><F55/><W113/><G0/><T32/><D102/><U22/><E6/><V17/><F17/><W63/><G63/><T15/><D61/><U99/><E74/><V7/><F7/><W35/><G35/><T68/><D68/><U76/><E76/><V8/><F8/><W54/><G54/><T70/><D70/><U106/><E106/><V34/><F20/><W101/><G113/><T41/><D32/><U60/><E60/><V128/><F128/><W14/><G14/><T40/><D29/><N who="1" m="17559" /><E80/><V93/><F71/><W85/><G26/><T66/><D66/><U91/><E91/><V39/><F69/><W120/><G101/><T112/><D112/><U110/><E110/><V96/><REACH who="2" step="1"/><F82/><REACH who="2" ten="85,299,305,301" step="2"/><W129/><G116/><T45/><D19/><U108/><E108/><V16/><F16/><W48/><G118/><T100/><D15/><U119/><E119/><V64/><F64/><W79/><G129/><T88/><D77/><AGARI ba="0,1" hai="27,30,34,37,38,39,77,81,86,89,93,96,104,105" machi="77" ten="40,2600,0" yaku="1,1,52,1,53,0" doraHai="25" doraHaiUra="5" who="2" fromWho="0" sc="85,-26,299,0,305,36,301,0" /><INIT seed="5,0,0,0,2,62" ten="59,299,341,301" oya="1" hai0="26,20,48,23,85,44,117,73,39,134,6,101,125" hai1="109,97,93,112,83,99,1,120,129,116,88,65,12" hai2="119,25,58,105,61,10,86,33,102,46,118,131,133" hai3="76,132,64,57,32,3,59,28,4,110,9,45,71"/><U107/><E1/><V92/><F105/><W123/><G123/><T18/><D73/><U8/><E116/><V75/><F75/><W53/><G110/><T115/><D117/><U78/><E109/><V30/><F131/><W19/><G132/><T63/><D39/><U70/><E112/><V82/><F46/><W29/><G71/><T21/><D115/><U49/><E129/><V51/><F51/><W72/><G72/><T74/><D74/><U31/><E31/><V114/><F10/><W54/><G76/><T34/><D134/><U121/><E49/><V27/><F27/><W89/><G89/><T69/><D6/><U100/><E70/><V2/><F2/><W24/><G29/><T15/><D125/><U67/><E120/><V17/><F17/><W0/><G0/><T40/><D101/><U108/><E121/><V56/><F56/><W95/><G95/><T103/><D103/><U90/><E90/><V111/><F111/><W14/><G3/><T130/><D130/><U36/><E36/><V68/><F68/><W122/><G122/><T96/><D96/><U35/><E35/><V80/><F80/><W91/><G45/><T106/><D106/><U50/><E50/><V47/><F47/><W81/><G4/><T11/><D85/><N who="1" m="48375" /><E108/><V60/><F133/><W94/><G81/><T84/><D84/><U52/><E52/><N who="2" m="33863" /><F114/><W135/><G135/><T37/><D37/><U79/><E79/><N who="2" m="46431" /><F119/><W41/><G41/><T55/><D34/><U127/><E127/><V104/><F118/><W77/><G77/><T43/><D26/><U38/><E38/><RYUUKYOKU ba="0,0" sc="59,15,299,15,341,-15,301,-15" hai0="11,15,18,20,21,23,40,43,44,48,55,63,69" hai1="8,12,65,67,88,93,97,99,100,107" /><INIT seed="5,1,0,4,0,16" ten="74,314,326,286" oya="1" hai0="102,51,45,132,42,128,48,112,38,37,107,15,113" hai1="49,65,31,33,89,54,93,13,14,135,12,19,67" hai2="106,123,68,77,55,23,5,84,2,43,133,21,119" hai3="36,108,116,27,100,56,85,58,34,74,82,92,99"/><U30/><E135/><V10/><F119/><W26/><G108/><T122/><D122/><U91/><E33/><V75/><F123/><W109/><G109/><T41/><D102/><U57/><E91/><V103/><F68/><W0/><G116/><T90/><D107/><U44/><E19/><V53/><F43/><W17/><G0/><T73/><D73/><U28/><REACH who="1" step="1"/><E44/><REACH who="1" ten="74,304,326,286" step="2"/><V24/><F133/><W70/><G34/><T18/><D132/><U80/><E80/><V4/><F4/><W97/><G17/><T101/><D101/><U3/><E3/><V120/><F103/><W125/><G100/><T40/><D90/><U52/><E52/><V35/><F35/><W114/><G82/><T22/><D128/><U63/><E63/><V25/><F120/><W105/><G97/><AGARI ba="1,1" hai="12,13,14,28,30,31,49,54,57,65,67,89,93,97" machi="97" ten="40,12000,1" yaku="1,1,8,1,53,2" doraHai="16" doraHaiUra="60" who="1" fromWho="3" sc="74,0,304,133,326,0,286,-123" /><INIT seed="5,2,0,1,3,59" ten="74,437,326,163" oya="1" hai0="72,1,82,85,9,120,33,57,66,37,17,19,109" hai1="43,98,75,48,34,23,118,83,3,61,67,71,35" hai2="121,114,62,74,103,93,89,26,116,113,112,68,46" hai3="107,0,56,124,2,132,125,39,13,111,40,86,27"/><U91/><E3/><V64/><F116/><W53/><G107/><T97/><D37/><U99/><E118/><V14/><F74/><W128/><G111/><T36/><D36/><U50/><E50/><V20/><F14/><W44/><G128/><T79/><D109/><U16/><E75/><V78/><F78/><W135/><G13/><T69/><D69/><U115/><E115/><V28/><F46/><W77/><G27/><T88/><D120/><U47/><E83/><V51/><F51/><N who="3" m="30783" /><G86/><T94/><D33/><U41/><E41/><V24/><F24/><W7/><G77/><T129/><D129/><U126/><E126/><N who="3" m="48746" /><G7/><T55/><D66/><U92/><REACH who="1" step="1"/><E99/><REACH who="1" ten="74,427,326,163" step="2"/><N who="2" m="57775" /><F121/><W73/><G73/><T80/><D1/><AGARI ba="2,1" hai="0,1,2,39,40,44,132,135" m="48746,30783" machi="1" ten="30,1000,0" yaku="18,1" doraHai="59" who="3" fromWho="0" sc="74,-16,427,0,326,0,163,26" /><INIT seed="6,0,0,5,4,108" ten="58,427,326,189" oya="2" hai0="73,67,21,111,38,119,117,41,134,65,126,112,14" hai1="106,50,100,72,120,83,40,66,63,44,74,96,123" hai2="33,116,39,75,89,104,58,35,114,19,121,109,28" hai3="128,13,129,87,94,115,95,79,49,52,15,132,70"/><V17/><F116/><W130/><G70/><T59/><D73/><U86/><E86/><V78/><F39/><W110/><G110/><T133/><D21/><U20/><E20/><V71/><F71/><W23/><G132/><N who="0" m="50795" /><D14/><N who="3" m="5129" /><G23/><T56/><D111/><U99/><E99/><V42/><F42/><W127/><G127/><T30/><D30/><U85/><E85/><V76/><F104/><W118/><G118/><N who="0" m="45067" /><D126/><U29/><E29/><V12/><F12/><W93/><G115/><T131/><D131/><U25/><E25/><V51/><F28/><W92/><N who="3" m="24064" /><DORA hai="135" /><W68/><G68/><T81/><D81/><U60/><E83/><V102/><F102/><W103/><G103/><T1/><D1/><U62/><E66/><N who="0" m="25097" /><D112/><U34/><E34/><V55/><F114/><W43/><G87/><T124/><D124/><U7/><E7/><V53/><F75/><W84/><G84/><T45/><AGARI ba="0,0" hai="38,41,45,56,59" m="25097,45067,50795" machi="45" ten="40,8000,1" yaku="20,1,12,1,34,2" doraHai="108,135" who="0" fromWho="0" sc="58,80,427,-20,326,-40,189,-20" /><INIT seed="7,0,0,0,2,15" ten="138,407,286,169" oya="3" hai0="49,120,133,0,30,90,128,32,60,69,134,25,37" hai1="6,115,3,94,130,98,127,17,38,110,86,77,112" hai2="131,34,116,42,47,118,62,58,87,36,33,75,63" hai3="13,14,50,1,29,44,95,78,7,71,114,103,91"/><W61/><G114/><T51/><D120/><U82/><E110/><V92/><F75/><W59/><G71/><T100/><D37/><U107/><E107/><V23/><F131/><W121/><G121/><T54/><D128/><U52/><E127/><V41/><F41/><W31/><G103/><T105/><D0/><U99/><E38/><V73/><F73/><W68/><G78/><T26/><D90/><U16/><E130/><V104/><F104/><W53/><G68/><T9/><D9/><N who="1" m="2271" /><E52/><V119/><F62/><W109/><G1/><T12/><D12/><N who="3" m="4713" /><G7/><T28/><D54/><U89/><E99/><V96/><F87/><N who="3" m="52735" /><G109/><T76/><D76/><U132/><E132/><V126/><F126/><W79/><G79/><T46/><D46/><U70/><E70/><V2/><F2/><W55/><AGARI ba="0,0" hai="29,31,44,50,53,55,59,61" m="52735,4713" machi="55" ten="30,1500,0" yaku="8,1" doraHai="15" who="3" fromWho="3" sc="138,-5,407,-5,286,-5,169,15" /><INIT seed="7,1,0,0,4,9" ten="133,402,281,184" oya="3" hai0="20,98,102,68,104,38,5,94,132,66,14,65,27" hai1="95,79,77,0,89,105,121,129,73,13,96,8,19" hai2="118,30,28,67,131,88,92,35,56,81,64,70,7" hai3="24,63,3,108,133,122,6,125,74,97,87,116,21"/><W49/><G74/><T90/><D90/><BYE who="0" /><U119/><E121/><V42/><F118/><W34/><G122/><T43/><D43/><U62/><E0/><V53/><F42/><W91/><G116/><T61/><D61/><U135/><E135/><V23/><F35/><W48/><G34/><T26/><D26/><U55/><E129/><V33/><F33/><W16/><G133/><T2/><D2/><U130/><E119/><V111/><F111/><UN n0="%53%68%6F%63%6B%65%72" /><W85/><G108/><T114/><D38/><U12/><E105/><V41/><F41/><W100/><G125/><T31/><D132/><U51/><E62/><V15/><F70/><W59/><G6/><T83/><D114/><U60/><E60/><V80/><F30/><W101/><G3/><T71/><D71/><U112/><E73/><V117/><F28/><W110/><G110/><T82/><D104/><U123/><E112/><V54/><F54/><N who="3" m="34295" /><G85/><T46/><D46/><N who="1" m="28151" /><E130/><V84/><F131/><W57/><G57/><T4/><D68/><U58/><E58/><V36/><F36/><W113/><G113/><T69/><D69/><U1/><E1/><V93/><F7/><W17/><G17/><T44/><D44/><U76/><E123/><V128/><F128/><W126/><G126/><T103/><D103/><N who="3" m="39497" /><G97/><T45/><D45/><U109/><E109/><V50/><F117/><W78/><G78/><T127/><D127/><U120/><E120/><V10/><F81/><AGARI ba="1,0" hai="16,21,24,48,49,81,87,91" m="39497,34295" machi="81" ten="30,2900,0" yaku="8,1,54,1" doraHai="9" who="3" fromWho="2" sc="133,0,402,0,281,-32,184,32" /><INIT seed="7,2,0,5,4,126" ten="133,402,249,216" oya="3" hai0="76,26,14,81,4,46,129,101,67,133,108,91,130" hai1="80,47,99,78,28,84,89,43,45,20,5,56,94" hai2="105,114,119,22,83,1,3,120,122,39,2,75,11" hai3="125,65,109,41,118,124,52,62,127,106,0,85,92"/><W117/><G106/><T33/><D108/><U79/><E5/><V54/><F119/><N who="3" m="45579" /><G0/><T112/><D101/><N who="1" m="60663" /><E56/><V123/><F105/><W77/><G77/><N who="1" m="29194" /><E43/><V113/><F39/><W19/><G19/><T35/><D67/><U59/><E59/><V17/><F83/><W128/><G85/><T104/><D104/><U64/><E64/><V71/><F75/><W38/><G92/><T42/><D91/><U31/><E20/><V134/><F54/><W18/><G18/><T88/><D133/><U32/><E32/><V95/><F95/><W86/><G86/><T49/><D112/><N who="2" m="43114" /><F134/><W44/><G109/><T61/><D61/><U55/><E55/><V24/><F71/><N who="3" m="42423" /><G52/><T13/><D13/><U15/><E15/><V29/><F29/><AGARI ba="2,0" hai="28,29,31,45,47,80,84,89" m="29194,60663" machi="29" ten="30,1000,0" yaku="8,1" doraHai="126" who="1" fromWho="2" sc="133,0,402,16,249,-16,216,0" owari="133,-37.0,418,52.0,233,3.0,216,-18.0" /></mjloggm>