<mjloggm ver="2.3"><GO type="169" lobby="0"/><UN n0="%E5%B0%B1%E6%B4%BB%E7%94%9F%40%E5%B7%9D%E6%9D%91%E8%BB%8D%E5%9B%A3" n1="%E3%81%9C%E3%82%8D%E3%82%81%E3%81%90" n2="%E3%81%B5%E3%81%8B%E3%81%98" n3="%E7%88%BD%E6%B5%B7" dan="18,16,16,16" rate="2228.52,2022.04,2162.11,2069.06" sx="M,F,M,F"/><TAIKYOKU oya="0"/><INIT seed="0,0,0,1,3,43" ten="250,250,250,250" oya="0" hai0="45,11,16,129,89,105,20,61,108,93,68,47,49" hai1="94,64,0,114,116,127,76,53,73,36,112,69,1" hai2="106,115,52,133,131,41,32,17,124,6,75,107,70" hai3="104,5,54,122,125,58,92,83,26,113,95,82,119"/><T59/><D105/><U103/><E116/><V50/><F115/><W88/><G113/><N who="1" m="43626" /><E127/><V91/><F70/><W120/><G104/><T9/><D129/><U51/><E36/><V66/><F66/><W135/><G119/><T37/><D108/><U121/><E121/><N who="3" m="46698" /><G95/><T87/><D68/><U2/><E76/><V19/><F32/><W10/><G26/><N who="0" m="14599" /><D37/><U74/><E64/><V109/><F75/><W118/><G135/><T123/><D123/><U134/><E69/><V8/><F41/><W60/><G125/><T79/><D79/><U12/><E134/><V4/><F124/><W13/><G118/><T28/><D28/><U18/><E94/><V85/><F133/><W56/><G56/><T31/><D31/><U111/><E103/><V27/><F109/><W78/><G78/><T96/><D87/><AGARI ba="0,0" hai="5,10,13,54,58,60,82,83,87,88,92" m="46698" machi="87" ten="30,2000,0" yaku="13,1,54,1" doraHai="43" who="3" fromWho="0" sc="250,-20,250,0,250,0,250,20" /><INIT seed="1,0,0,1,4,55" ten="230,250,250,270" oya="1" hai0="10,1,8,19,103,85,52,31,29,47,57,18,3" hai1="128,87,62,17,80,130,5,37,105,46,38,83,59" hai2="44,16,73,64,26,42,82,90,135,112,79,131,32" hai3="23,109,24,133,4,111,0,93,34,63,91,68,92"/><U53/><E105/><V84/><F131/><N who="1" m="50217" /><E5/><V39/><F135/><W65/><G34/><T100/><D47/><U120/><E120/><V61/><F112/><W126/><G133/><T123/><D123/><U71/><E71/><V114/><F114/><W107/><G107/><T89/><D3/><U30/><E30/><N who="0" m="11273" /><D1/><U22/><E46/><V122/><F122/><W75/><G75/><T2/><D2/><U110/><E110/><N who="3" m="41994" /><G126/><T70/><D70/><U66/><E66/><V77/><F73/><W13/><G0/><T69/><D69/><U88/><E83/><V28/><REACH who="2" step="1"/><F16/><REACH who="2" ten="230,250,240,270" step="2"/><N who="0" m="6186" /><D10/><U25/><AGARI ba="0,1" hai="17,22,25,37,38,53,59,62,80,87,88" m="50217" machi="25" ten="30,6000,0" yaku="19,1,52,1,54,1" doraHai="55" who="1" fromWho="1" sc="230,-20,250,70,240,-20,270,-20" /><INIT seed="1,1,0,3,0,113" ten="210,320,220,250" oya="1" hai0="52,21,119,22,127,117,126,80,48,98,118,6,46" hai1="128,59,10,97,9,85,109,130,50,37,12,112,41" hai2="87,2,102,28,51,124,31,106,120,38,44,133,40" hai3="16,57,26,108,30,62,42,74,94,71,20,104,19"/><U73/><E73/><V95/><F120/><W114/><G104/><T77/><D6/><U5/><E112/><V79/><F2/><W70/><G114/><T99/><D99/><U131/><E109/><V65/><F124/><N who="0" m="47658" /><D98/><U122/><E122/><V13/><F133/><W101/><G74/><AGARI ba="1,0" hai="21,22,46,48,52,74,77,80,117,118,119" m="47658" machi="74" ten="40,8000,1" yaku="18,1,52,3,54,1" doraHai="113" who="0" fromWho="3" sc="210,83,320,0,220,0,250,-83" /><INIT seed="2,0,0,3,1,98" ten="293,320,220,167" oya="2" hai0="113,58,112,102,121,41,135,61,32,84,73,117,28" hai1="62,27,63,33,51,106,101,90,1,60,129,91,56" hai2="40,120,25,80,5,39,29,92,85,111,15,53,88" hai3="17,71,66,45,89,100,59,103,18,93,8,83,19"/><V128/><F120/><W26/><G71/><T11/><D73/><U95/><E129/><V105/><F105/><W68/><G68/><T124/><D121/><U70/><E1/><V122/><F122/><W110/><G110/><T34/><D41/><U44/><E106/><V20/><F128/><W108/><G108/><T3/><D124/><U97/><E70/><V69/><F111/><W104/><G104/><T126/><D126/><U75/><E75/><V10/><F69/><W21/><G83/><T47/><D47/><U49/><E33/><V72/><F39/><W115/><G115/><T76/><D28/><U118/><E118/><V133/><F40/><W24/><G45/><T123/><D123/><U82/><E82/><V79/><F53/><W14/><G19/><T16/><D135/><U7/><E7/><V12/><REACH who="2" step="1"/><F133/><REACH who="2" ten="293,320,210,167" step="2"/><W107/><G107/><T96/><D113/><U37/><E37/><V131/><F131/><W48/><G66/><T134/><D112/><U38/><E38/><V22/><F22/><W50/><G21/><T114/><D134/><U43/><E27/><V86/><F86/><N who="3" m="52407" /><G24/><T35/><D114/><U109/><E109/><V64/><F64/><W119/><G26/><T2/><D117/><U46/><E56/><V57/><F57/><W6/><G59/><T0/><D84/><U116/><E116/><V30/><F30/><W9/><G119/><T74/><D74/><U132/><E132/><V81/><F81/><W77/><G8/><T65/><D11/><U52/><AGARI ba="0,1" hai="43,44,46,49,51,52,60,62,63,90,91,95,97,101" machi="52" ten="30,7900,0" yaku="0,1,8,1,52,1,54,1" doraHai="98" who="1" fromWho="1" sc="293,-20,320,89,210,-39,167,-20" /><INIT seed="3,0,0,1,2,108" ten="273,409,171,147" oya="3" hai0="135,20,79,33,71,100,98,104,131,3,8,12,121" hai1="22,48,72,63,75,23,116,32,66,35,54,9,101" hai2="133,15,99,90,68,58,96,19,123,93,82,85,52" hai3="118,64,28,50,27,73,84,46,60,97,44,83,127"/><W7/><G118/><T2/><D33/><U61/><E101/><V10/><F133/><W14/><G73/><T81/><D121/><U134/><E9/><V1/><F123/><W125/><G97/><T51/><D71/><U111/><E111/><V77/><F68/><W17/><G7/><T130/><D135/><U29/><E29/><V102/><F1/><W21/><G50/><T88/><D20/><U113/><E48/><V25/><F25/><W37/><G37/><T31/><D31/><U24/><E24/><V107/><F107/><W74/><G74/><T49/><D2/><U5/><E5/><V42/><F42/><W109/><G109/><T105/><D105/><U128/><E134/><V78/><REACH who="2" step="1"/><F96/><REACH who="2" ten="273,409,161,147" step="2"/><W41/><G41/><T86/><D3/><U112/><E116/><V119/><F119/><W34/><G127/><T122/><D122/><U124/><E124/><V76/><F76/><W80/><G125/><T62/><D79/><U57/><E128/><V53/><F53/><W91/><REACH who="3" step="1"/><G83/><REACH who="3" ten="273,409,161,137" step="2"/><T114/><D81/><U70/><E72/><V4/><F4/><W67/><G67/><T30/><D98/><U26/><E75/><V38/><F38/><W89/><G89/><T65/><D88/><U103/><E66/><V39/><F39/><W115/><G115/><T69/><D65/><U55/><E113/><V126/><F126/><W106/><G106/><T0/><D114/><U94/><E112/><V47/><F47/><W117/><G117/><T129/><D129/><U59/><E103/><V92/><F92/><W87/><G87/><T110/><D86/><RYUUKYOKU ba="0,2" sc="273,-15,409,-15,161,15,137,15" hai2="10,15,19,52,58,77,78,82,85,90,93,99,102" hai3="14,17,21,27,28,34,44,46,60,64,80,84,91" /><INIT seed="3,1,2,1,4,34" ten="258,394,176,152" oya="3" hai0="14,71,67,45,10,15,123,20,52,126,129,77,49" hai1="100,36,132,33,61,94,96,54,2,83,112,31,109" hai2="111,84,60,57,48,134,5,87,9,114,32,124,72" hai3="113,50,1,81,135,19,62,90,103,29,30,0,117"/><W68/><G113/><T105/><D123/><U121/><E132/><V110/><F114/><W122/><G122/><T133/><D105/><U12/><E2/><N who="2" m="183" /><F72/><W18/><G117/><T130/><D133/><U78/><E36/><V53/><F134/><W69/><G135/><T131/><D126/><U56/><E109/><N who="2" m="41483" /><F32/><W51/><G62/><N who="0" m="40439" /><D77/><U26/><E112/><V6/><F124/><W97/><G90/><T80/><D80/><U11/><E121/><V74/><F74/><W98/><REACH who="3" step="1"/><G81/><REACH who="3" ten="258,394,176,142" step="2"/><T88/><D88/><U120/><E120/><V22/><F60/><W13/><G13/><T128/><D128/><U104/><E83/><V63/><F63/><W115/><G115/><T25/><D10/><U107/><E12/><V85/><F85/><W21/><G21/><T79/><D79/><U44/><E11/><V99/><F22/><W7/><G7/><T55/><D15/><U3/><E78/><V125/><F125/><W47/><G47/><T41/><D14/><U28/><E44/><V37/><F6/><W59/><G59/><T64/><D64/><U42/><E61/><V35/><F87/><W27/><G27/><T70/><D70/><U91/><E56/><V82/><F84/><W106/><G106/><T75/><D75/><U93/><E107/><V86/><F86/><W108/><G108/><T4/><D4/><U24/><E104/><V73/><F57/><W40/><G40/><T66/><D66/><U95/><E42/><V65/><F73/><W118/><G118/><T8/><D8/><U119/><E119/><V39/><F65/><W116/><G116/><RYUUKYOKU ba="1,3" sc="258,15,394,-15,176,-15,142,15" hai0="20,25,41,45,49,52,55,129,130,131" hai3="0,1,18,19,29,30,50,51,68,69,97,98,103" /><INIT seed="3,2,3,5,2,12" ten="273,379,161,157" oya="3" hai0="52,26,74,98,75,57,108,19,107,65,105,69,95" hai1="80,103,32,73,43,41,125,83,18,70,34,61,36" hai2="66,110,28,135,102,132,54,67,48,8,1,88,96" hai3="64,104,87,117,3,123,62,119,127,6,46,13,124"/><W53/><G3/><T90/><D108/><U118/><E125/><N who="3" m="48202" /><G123/><T39/><D39/><U81/><E73/><V60/><F28/><W121/><G121/><T77/><D69/><U31/><E118/><V97/><F110/><W44/><G104/><T89/><D65/><N who="2" m="24586" /><F60/><W111/><G111/><T56/><D56/><U79/><E79/><V93/><F8/><N who="3" m="4247" /><G87/><T22/><D90/><U86/><E61/><V40/><F40/><W14/><G14/><T20/><D20/><U113/><E70/><V71/><F1/><W23/><G23/><T10/><D10/><U11/><E11/><V100/><F71/><N who="3" m="42391" /><G53/><T128/><D128/><U78/><E43/><V38/><F38/><W4/><G4/><T84/><D84/><U58/><E86/><N who="2" m="52375" /><F132/><W91/><G91/><T130/><D130/><U16/><E41/><V50/><F135/><W82/><G82/><T30/><D75/><U42/><E83/><V133/><F133/><W49/><G49/><N who="2" m="19049" /><F54/><W63/><G63/><N who="0" m="36263" /><D74/><U129/><E36/><V85/><F85/><W114/><G114/><T59/><D77/><U116/><E78/><V131/><F131/><W9/><G9/><T76/><D76/><U99/><E113/><V101/><AGARI ba="2,3" hai="96,97,100,101,102" m="19049,52375,24586" machi="101" ten="30,2000,0" yaku="8,1,54,1" doraHai="12" who="2" fromWho="2" sc="273,-7,379,-7,161,56,157,-12" /><INIT seed="4,0,0,1,2,5" ten="266,372,217,145" oya="0" hai0="13,37,103,111,71,33,83,44,34,89,93,119,59" hai1="130,14,96,120,92,3,68,70,4,45,2,106,110" hai2="35,99,24,128,82,131,74,47,19,28,25,32,40" hai3="112,87,58,21,26,91,6,108,132,23,97,114,67"/><T95/><D119/><U125/><E110/><V20/><F99/><W10/><G108/><T49/><D71/><U54/><E106/><V80/><F35/><W50/><G132/><T8/><D111/><U124/><E120/><V127/><F127/><N who="1" m="48713" /><E130/><N who="2" m="49707" /><F74/><W107/><G107/><T52/><D37/><AGARI ba="0,0" hai="19,20,24,25,28,32,37,40,47,80,82" m="49707" machi="37" ten="30,1000,0" yaku="19,1" doraHai="5" who="2" fromWho="0" sc="266,-10,372,0,217,10,145,0" /><INIT seed="5,0,0,4,0,55" ten="256,372,227,145" oya="1" hai0="52,85,90,93,122,0,80,65,107,109,26,127,96" hai1="13,36,89,53,30,129,10,95,100,8,105,17,29" hai2="70,12,126,3,43,121,74,42,47,2,91,32,132" hai3="39,114,27,50,83,119,41,115,14,9,31,4,110"/><U56/><E36/><V64/><F12/><W79/><G110/><T69/><D109/><U11/><E129/><V16/><F16/><W24/><G39/><T72/><D0/><U40/><E40/><V84/><F84/><W108/><G119/><T7/><D7/><U22/><E100/><V54/><F91/><W94/><G94/><T35/><D127/><U135/><E105/><V61/><F54/><W71/><G71/><T106/><D122/><U76/><E76/><V62/><F62/><W116/><G116/><T78/><D69/><U49/><E135/><V112/><F43/><W58/><G108/><T128/><D65/><U25/><E25/><V104/><F61/><W1/><G1/><T98/><D128/><U66/><E66/><V86/><F86/><AGARI ba="0,0" hai="8,10,11,13,17,22,29,30,49,53,56,86,89,95" machi="86" ten="40,12000,1" yaku="25,2,8,1,52,1" doraHai="55" who="1" fromWho="2" sc="256,0,372,120,227,-120,145,0" /><INIT seed="5,1,0,0,4,31" ten="256,492,107,145" oya="1" hai0="67,107,17,12,85,77,73,110,100,71,108,86,11" hai1="2,94,8,81,102,93,83,10,99,19,13,3,89" hai2="5,125,114,38,59,116,35,42,6,52,28,131,112" hai3="118,61,133,48,60,105,98,120,39,68,34,103,106"/><U119/><E119/><V53/><F116/><W20/><G118/><T109/><D73/><U92/><E92/><V95/><F131/><W0/><G39/><T104/><D100/><U65/><E65/><V134/><F134/><W101/><G120/><T54/><D54/><U115/><E115/><N who="2" m="44075" /><F125/><W21/><G0/><T70/><D67/><U26/><E26/><N who="2" m="18839" /><F95/><W124/><G124/><T121/><D121/><U50/><E94/><V24/><F24/><W25/><G25/><T4/><D104/><U9/><E93/><V117/><F117/><W63/><G63/><T135/><D107/><U126/><E126/><V66/><F66/><W32/><G133/><T33/><D33/><U56/><E3/><V23/><F23/><W45/><G48/><T90/><D135/><U79/><E50/><N who="2" m="31127" /><F53/><W64/><G64/><T41/><D108/><U15/><E2/><V88/><F88/><W43/><G43/><T129/><D41/><U22/><E89/><V51/><F51/><W130/><G130/><T76/><D90/><U127/><E22/><V47/><AGARI ba="1,0" hai="5,6,38,42,47" m="31127,18839,44075" machi="47" ten="30,7900,0" yaku="15,1,11,1,52,1,54,1" doraHai="31" who="2" fromWho="2" sc="256,-21,492,-40,107,82,145,-21" /><INIT seed="6,0,0,1,4,25" ten="235,452,189,124" oya="2" hai0="66,92,76,102,5,64,40,118,37,133,19,96,106" hai1="53,88,117,82,116,107,128,8,112,28,132,58,39" hai2="125,104,24,123,71,49,46,99,13,31,9,7,63" hai3="70,62,126,14,18,105,12,0,85,69,114,42,15"/><V44/><F123/><W103/><G0/><T43/><D133/><U57/><E107/><V81/><F125/><W6/><G126/><T90/><D118/><U22/><E39/><V65/><F81/><W11/><G114/><T86/><D37/><U27/><E112/><V131/><F49/><W36/><G14/><T134/><D134/><U55/><E132/><V75/><F75/><W110/><G110/><T93/><D106/><U72/><E128/><V4/><F4/><W54/><G85/><T61/><D5/><U101/><E101/><V26/><F26/><W100/><G105/><T84/><D19/><U34/><E8/><V109/><F131/><W47/><G54/><T60/><D76/><U45/><E45/><V91/><F109/><W111/><G111/><T23/><D23/><U20/><E20/><V80/><F80/><W98/><G62/><N who="0" m="24171" /><D84/><U127/><E127/><V51/><F51/><W48/><G36/><T38/><D38/><U10/><E22/><V74/><F74/><W21/><REACH who="3" step="1"/><G98/><REACH who="3" ten="235,452,189,114" step="2"/><T83/><D83/><U52/><E72/><V121/><F104/><W79/><G79/><T135/><D135/><U32/><E82/><V30/><F63/><W16/><G16/><T130/><D130/><U2/><E2/><V87/><F87/><W50/><G50/><T119/><D119/><U124/><E116/><V17/><F17/><W113/><G113/><T73/><D73/><U77/><E117/><V122/><F122/><W29/><G29/><T120/><D120/><U95/><E124/><V68/><F121/><W97/><G97/><T129/><D129/><RYUUKYOKU ba="0,1" sc="235,15,452,-15,189,-15,114,15" hai0="40,43,64,66,86,90,92,93,96,102" hai3="6,11,12,15,18,21,42,47,48,69,70,100,103" /><INIT seed="7,1,1,3,0,132" ten="250,437,174,129" oya="3" hai0="85,18,121,114,8,120,17,128,119,75,0,2,124" hai1="134,102,32,12,94,55,52,80,70,20,83,31,9" hai2="36,21,123,26,131,51,13,39,62,28,69,74,109" hai3="78,107,91,65,106,111,96,48,89,30,38,67,43"/><W79/><G38/><T23/><D75/><U115/><E32/><V33/><F109/><W125/><G111/><T101/><D101/><U16/><E70/><V29/><F74/><W1/><G1/><T84/><D114/><U61/><E115/><V50/><F33/><W27/><G125/><T22/><D124/><U118/><E134/><V133/><F133/><W35/><G89/><T93/><D93/><U77/><E118/><V129/><F29/><W59/><G67/><T5/><D128/><N who="2" m="49226" /><F123/><W63/><G91/><T7/><D8/><U4/><E31/><V25/><F25/><W34/><G34/><T71/><D71/><U113/><E61/><V40/><F13/><W60/><G60/><T127/><D127/><U10/><E10/><V81/><F81/><N who="1" m="31305" /><E77/><V103/><F103/><W42/><G96/><T116/><AGARI ba="1,1" hai="0,2,5,7,17,18,22,23,84,85,116,119,120,121" machi="116" ten="25,3200,0" yaku="0,1,22,2" doraHai="132" who="0" fromWho="0" sc="250,45,437,-9,174,-9,129,-17" owari="295,10.0,428,52.0,165,-23.0,112,-39.0" /></mjloggm>