<mjloggm ver="2.3"><GO type="169" lobby="0"/><UN n0="%E5%B0%B1%E6%B4%BB%E7%94%9F%40%E5%B7%9D%E6%9D%91%E8%BB%8D%E5%9B%A3" n1="%E3%83%97%E3%83%83%E3%82%B7%E3%83%A5%E6%8A%BC%E3%81%99%E5%83%A7" n2="%E5%AE%88%E6%9D%91%E6%A1%9C%E5%BC%A5" n3="%E3%83%AA%E3%83%BC%E3%83%81%EF%BC%91" dan="18,18,16,17" rate="2237.59,2205.65,2135.97,2122.91" sx="M,M,M,M"/><TAIKYOKU oya="0"/><INIT seed="0,0,0,3,2,21" ten="250,250,250,250" oya="0" hai0="93,22,10,107,134,58,36,54,79,120,43,130,73" hai1="118,65,125,85,121,60,13,124,28,47,94,42,133" hai2="48,72,113,35,119,80,116,0,78,52,41,33,3" hai3="88,39,8,86,66,123,89,70,117,51,77,44,17"/><T45/><D107/><U46/><E121/><V24/><F41/><W132/><G117/><N who="2" m="45129" /><F113/><W63/><G123/><T95/><D120/><U38/><E118/><V126/><F126/><W127/><G39/><T74/><D134/><U49/><E28/><N who="2" m="19591" /><F35/><W131/><G131/><T102/><D130/><U90/><E13/><V50/><F50/><W31/><G31/><T59/><D59/><AGARI ba="0,0" hai="0,3,48,52,59,72,78,80" m="19591,45129" machi="59" ten="30,3900,0" yaku="12,1,52,1,54,1" doraHai="21" who="2" fromWho="0" sc="250,-39,250,0,250,39,250,0" /><INIT seed="1,0,0,4,2,86" ten="211,250,289,250" oya="1" hai0="43,98,134,109,76,100,87,77,14,88,111,79,118" hai1="32,63,112,8,16,64,84,4,54,12,1,89,99" hai2="23,83,35,127,80,85,72,24,103,121,90,131,0" hai3="132,108,60,13,34,62,74,107,15,9,36,75,5"/><U37/><E37/><V27/><F121/><W93/><G107/><N who="0" m="63895" /><D43/><U20/><E112/><V38/><F38/><W115/><G115/><T92/><D14/><U10/><E32/><V73/><F127/><W97/><G34/><T19/><D19/><U67/><E99/><V39/><F39/><W70/><G36/><T3/><D3/><U44/><E20/><V135/><F103/><W94/><G94/><T18/><D18/><U45/><E54/><V52/><F135/><W102/><G132/><T129/><D134/><U53/><E53/><V101/><F101/><W122/><G122/><T114/><D114/><U33/><E33/><V55/><F0/><W117/><G117/><T128/><D118/><U2/><E2/><V130/><F80/><W119/><G119/><T40/><D40/><U49/><E49/><V6/><F6/><W22/><G62/><T50/><D50/><U91/><E91/><V58/><F27/><W65/><G108/><AGARI ba="0,0" hai="76,77,79,87,88,92,108,109,111,128,129" m="63895" machi="108" ten="30,8000,1" yaku="14,1,34,2,52,1,54,1" doraHai="86" who="0" fromWho="3" sc="211,80,250,0,289,0,250,-80" /><INIT seed="2,0,0,0,3,81" ten="291,250,289,170" oya="2" hai0="38,100,134,128,63,107,18,102,75,12,94,117,41" hai1="85,42,83,10,51,87,52,120,76,64,132,35,131" hai2="89,33,130,126,25,27,70,124,43,91,121,11,80" hai3="104,50,16,108,105,115,47,88,60,74,9,49,23"/><V90/><F121/><W28/><G74/><T86/><D75/><U1/><E35/><V48/><F70/><W101/><G108/><T44/><D107/><U125/><E120/><V92/><F130/><W21/><G115/><T68/><D128/><U39/><E131/><V133/><F133/><W69/><G105/><T111/><D111/><U0/><E64/><V58/><F80/><W99/><G9/><T71/><D134/><U57/><E132/><V109/><F11/><W34/><G49/><T20/><D117/><U59/><E59/><V98/><F109/><W113/><G113/><T110/><D110/><U77/><E125/><N who="2" m="48235" /><F58/><W135/><G135/><T66/><D71/><U14/><E77/><V46/><F33/><W54/><G60/><T40/><D40/><U31/><E31/><V4/><F4/><W93/><G69/><T53/><D53/><U103/><E103/><AGARI ba="0,0" hai="25,27,43,46,48,89,90,91,92,98,103" m="48235" machi="103" ten="30,1500,0" yaku="18,1" doraHai="81" who="2" fromWho="1" sc="291,0,250,-15,289,15,170,0" /><INIT seed="2,1,0,0,4,87" ten="291,235,304,170" oya="2" hai0="113,37,130,75,46,35,67,55,20,103,122,73,65" hai1="77,36,82,14,8,21,129,25,89,11,133,13,54" hai2="43,27,52,96,60,126,44,51,61,107,16,38,71" hai3="119,58,79,134,128,84,78,2,15,135,117,109,92"/><V68/><F126/><W39/><G2/><T121/><D35/><U100/><E133/><N who="3" m="50698" /><G15/><T94/><D20/><U120/><E120/><V41/><F107/><W127/><G39/><T0/><D0/><U5/><E36/><V115/><F115/><W118/><G127/><T28/><D28/><U105/><E129/><V6/><F6/><W18/><G18/><T59/><D103/><U114/><E114/><V12/><F27/><W97/><G58/><T106/><D106/><U62/><E105/><V64/><F96/><W81/><G109/><T3/><D3/><U53/><E100/><V116/><F116/><W45/><G45/><T23/><D23/><U132/><E62/><V125/><F125/><W80/><G128/><T10/><D10/><U131/><E131/><V95/><F95/><W17/><G17/><T123/><D94/><U33/><E33/><V48/><F43/><W19/><G19/><T1/><D1/><U70/><E70/><V42/><F60/><W112/><G112/><T56/><D130/><U30/><E132/><V98/><F98/><W102/><G119/><T31/><D31/><U111/><E77/><V26/><F26/><W66/><G66/><T99/><D99/><U101/><E101/><V34/><F71/><W72/><AGARI ba="1,0" hai="72,78,79,80,81,84,92,97,102,117,118" m="50698" machi="72" ten="30,4000,0" yaku="20,1,34,2" doraHai="87" who="3" fromWho="3" sc="291,-11,235,-11,304,-21,170,43" /><INIT seed="3,0,0,1,2,125" ten="280,224,283,213" oya="3" hai0="123,33,71,8,114,129,115,100,86,24,3,88,74" hai1="116,0,31,20,99,4,72,46,36,14,13,40,27" hai2="92,120,68,25,60,22,37,127,119,76,84,65,104" hai3="19,91,34,80,90,103,42,59,35,53,63,132,2"/><W94/><G2/><T41/><D74/><U48/><E116/><V97/><F119/><W89/><G132/><T131/><D71/><U75/><E36/><V124/><F37/><W82/><G42/><T113/><D123/><U96/><E14/><V49/><F120/><W21/><G35/><T109/><D109/><U62/><E96/><V128/><F104/><W29/><G34/><T95/><D41/><U130/><E130/><N who="0" m="49673" /><D100/><U135/><E135/><V51/><F84/><W122/><G122/><T87/><D33/><U67/><E0/><V85/><F85/><W110/><G110/><T126/><D126/><N who="2" m="48170" /><F76/><W17/><G103/><T66/><D66/><U79/><E79/><V134/><F134/><W117/><G117/><T78/><D24/><U102/><E13/><V15/><F15/><W39/><G39/><T101/><D101/><U47/><E4/><V81/><F128/><W26/><G94/><T93/><D78/><U73/><E73/><V56/><F68/><W5/><G5/><N who="0" m="1087" /><D86/><U7/><E75/><V30/><F65/><W28/><G28/><T70/><D70/><U133/><E72/><V45/><F30/><W108/><G108/><T83/><AGARI ba="0,0" hai="83,87,88,93,95,113,114,115" m="1087,49673" machi="83" ten="40,12000,2" yaku="11,1,19,1,52,3,54,1" doraHai="125" who="0" fromWho="0" sc="280,120,224,-30,283,-30,213,-60" /><INIT seed="4,0,0,3,2,116" ten="400,194,253,153" oya="0" hai0="64,79,21,103,61,5,83,7,89,57,105,38,19" hai1="120,109,80,88,92,117,12,53,77,13,75,55,16" hai2="99,27,30,132,133,40,32,107,93,1,71,73,130" hai3="113,47,29,34,8,51,63,62,10,94,87,60,50"/><T134/><D38/><U31/><E117/><V91/><F130/><W37/><G113/><T9/><D134/><N who="2" m="51818" /><F71/><W69/><G69/><T49/><D89/><U33/><E109/><V121/><F73/><W110/><G110/><T24/><D49/><U20/><E120/><V104/><F1/><W127/><G127/><T28/><D105/><N who="2" m="40522" /><F40/><W81/><G37/><T76/><D103/><U86/><REACH who="1" step="1"/><E13/><REACH who="1" ten="400,184,253,153" step="2"/><V74/><F74/><W3/><G3/><T45/><D79/><U118/><E118/><V123/><AGARI ba="0,1" hai="27,30,32,91,93,99,121,123" m="40522,51818" machi="123" ten="40,5200,0" yaku="20,1,52,2" doraHai="116" who="2" fromWho="2" sc="400,-26,184,-13,253,62,153,-13" /><INIT seed="5,0,0,2,3,114" ten="374,171,315,140" oya="1" hai0="41,85,96,106,131,130,10,117,80,22,105,76,6" hai1="90,68,104,31,46,74,66,26,1,121,20,116,125" hai2="39,0,127,8,92,19,81,36,67,27,2,50,7" hai3="119,65,15,97,45,101,71,102,93,17,135,12,100"/><U83/><E121/><V133/><F2/><W25/><G135/><T78/><D78/><U77/><E125/><V122/><F122/><W87/><G87/><T56/><D41/><U5/><E104/><V111/><F111/><W55/><G71/><T54/><D22/><U35/><E90/><V44/><F127/><W115/><G65/><T49/><D117/><U53/><E53/><V59/><F133/><W57/><G115/><T52/><D54/><U24/><E46/><V89/><F81/><W43/><G25/><T91/><D91/><U23/><E26/><V16/><F59/><W47/><G119/><T110/><D110/><U30/><E30/><V107/><F107/><W120/><G120/><T9/><D9/><N who="1" m="2223" /><E23/><V134/><F67/><W129/><G129/><N who="0" m="49163" /><D96/><U18/><E18/><V29/><F29/><W11/><G15/><AGARI ba="0,0" hai="6,10,15,49,52,56,76,80,85,105,106" m="49163" machi="15" ten="30,2000,0" yaku="19,1,54,1" doraHai="114" who="0" fromWho="3" sc="374,20,171,0,315,0,140,-20" /><INIT seed="6,0,0,4,0,76" ten="394,171,315,120" oya="2" hai0="0,106,122,19,69,6,108,2,66,33,131,98,10" hai1="51,85,16,119,88,111,25,71,53,112,126,75,42" hai2="80,37,96,94,100,90,132,110,35,56,82,58,11" hai3="107,83,127,102,18,117,45,23,39,99,101,68,120"/><V54/><F35/><W49/><G68/><T124/><D108/><U40/><E71/><V26/><F37/><W129/><G117/><T20/><D122/><U59/><E75/><V63/><F132/><W128/><G120/><T7/><D33/><U121/><E111/><V135/><F135/><W30/><G30/><T73/><D73/><U32/><E119/><V31/><F11/><W17/><G102/><T70/><D66/><U8/><E121/><V50/><F110/><W48/><G39/><T77/><D77/><U79/><E79/><V125/><F125/><W15/><G127/><T38/><D38/><U134/><E112/><V47/><F56/><W14/><G45/><T21/><D131/><U104/><E104/><V9/><F9/><W1/><G1/><T4/><D124/><U29/><E134/><V3/><F3/><W57/><G57/><T84/><D10/><U86/><E86/><V60/><F60/><W133/><G133/><T115/><D84/><U65/><E65/><V103/><F26/><W114/><G114/><T55/><D115/><U52/><E53/><V5/><F31/><W67/><G67/><T27/><D55/><U36/><E36/><V87/><F5/><W43/><G43/><T123/><D123/><U34/><E34/><V13/><F103/><W105/><G101/><N who="0" m="62775" /><D21/><U116/><E116/><V62/><F54/><W46/><G46/><T109/><D109/><U92/><REACH who="1" step="1"/><E126/><REACH who="1" ten="394,161,315,120" step="2"/><V24/><F87/><W118/><G118/><T113/><D113/><U64/><E64/><V12/><F63/><W81/><G99/><T95/><D70/><RYUUKYOKU ba="0,1" sc="394,-15,161,15,315,-15,120,15" hai1="8,16,25,29,32,40,42,51,52,59,85,88,92" hai3="14,15,17,18,23,48,49,81,83,105,107,128,129" /><INIT seed="7,1,1,5,3,75" ten="379,176,300,135" oya="3" hai0="47,127,93,14,13,84,53,97,131,69,126,132,45" hai1="46,67,133,11,54,89,33,7,102,24,99,51,19" hai2="120,81,72,76,28,0,79,130,27,61,22,26,57" hai3="116,68,70,6,106,109,10,2,117,77,21,96,78"/><W86/><G109/><T40/><D69/><U8/><E133/><V30/><F0/><W1/><G1/><T32/><D32/><U66/><E33/><V85/><F130/><W90/><G70/><T55/><D84/><U25/><E102/><V43/><F43/><W114/><G68/><T112/><D112/><U12/><E99/><V41/><F41/><W4/><G114/><T122/><D132/><U17/><E89/><V103/><F103/><W18/><G6/><T107/><D107/><U59/><E17/><V38/><F38/><W128/><G128/><T74/><D74/><U92/><E92/><V5/><F5/><W50/><G50/><N who="0" m="28879" /><D55/><U91/><E91/><V129/><F129/><W3/><G3/><T65/><D65/><N who="1" m="24587" /><E46/><V62/><F57/><W111/><G111/><T39/><D131/><U118/><E118/><V58/><F58/><W95/><G106/><T31/><D31/><U56/><E56/><V48/><F72/><W134/><G134/><T123/><D123/><U94/><E94/><V98/><F98/><W71/><G71/><T73/><D73/><U110/><E110/><V80/><F120/><W82/><REACH who="3" step="1"/><G77/><REACH who="3" ten="379,176,300,125" step="2"/><T108/><D108/><U49/><E49/><V34/><F48/><W119/><G119/><T101/><D126/><U9/><E7/><V135/><F135/><W124/><G124/><T44/><D127/><U20/><AGARI ba="1,2" hai="8,9,11,12,19,20,24,25,51,54,59" m="24587" machi="20" ten="30,1100,0" yaku="8,1" doraHai="75" who="1" fromWho="1" sc="379,-4,176,34,300,-4,125,-6" owari="375,47.0,210,-19.0,296,10.0,119,-38.0" /></mjloggm>