<mjloggm ver="2.3"><GO type="225" lobby="0"/><UN n0="%E7%99%BD%E9%B9%BF%E6%84%9B%E8%8E%89" n1="%E7%89%B9%E4%B8%8A%E3%81%AE%E9%A4%8A%E5%88%86" n2="%E5%B0%B1%E6%B4%BB%E7%94%9F%40%E5%B7%9D%E6%9D%91%E8%BB%8D%E5%9B%A3" n3="%E5%A4%A7%E5%AE%AE%E5%BF%8D%76" dan="16,16,17,16" rate="2104.95,2168.64,2182.57,2162.53" sx="F,M,M,M"/><TAIKYOKU oya="0"/><INIT seed="0,0,0,5,3,79" ten="250,250,250,250" oya="0" hai0="100,23,44,94,8,113,2,42,114,92,99,134,52" hai1="87,120,51,83,17,10,58,133,46,70,96,75,4" hai2="84,81,41,109,36,56,7,91,49,66,72,53,27" hai3="90,107,18,12,64,38,5,37,85,80,11,82,19"/><T88/><D134/><U48/><E70/><V14/><F109/><W43/><G107/><T76/><D76/><U69/><E69/><V108/><F108/><W34/><G34/><T125/><D125/><U111/><E120/><V135/><F135/><W116/><G116/><T103/><D23/><U60/><E111/><V45/><F72/><W55/><G64/><T122/><D122/><U15/><E133/><V40/><F27/><W50/><G43/><T47/><D103/><U118/><E118/><V130/><F130/><W35/><G35/><T129/><D129/><U25/><E75/><V128/><F128/><W26/><G19/><T65/><D65/><U3/><E96/><V20/><F20/><N who="3" m="13591" /><G37/><T61/><D2/><U127/><E127/><V6/><F40/><W95/><G38/><T16/><D114/><U117/><E25/><V97/><F14/><W13/><G13/><N who="0" m="7207" /><D42/><U21/><E46/><AGARI ba="0,0" hai="5,11,12,46,50,55,80,82,85,90,95" m="13591" machi="46" ten="30,3900,0" yaku="8,1,52,2" doraHai="79" who="3" fromWho="1" sc="250,0,250,-39,250,0,250,39" /><INIT seed="1,0,0,5,5,30" ten="250,211,250,289" oya="1" hai0="23,15,71,128,110,6,61,38,74,18,75,34,129" hai1="117,60,32,111,46,66,87,29,36,50,81,89,14" hai2="131,79,86,130,35,31,72,40,124,62,90,2,39" hai3="24,92,132,52,19,10,120,42,25,45,47,103,105"/><U102/><E117/><V17/><F2/><W37/><G120/><T126/><D110/><U7/><E36/><V1/><F1/><W68/><G105/><T28/><D126/><U43/><E111/><V134/><F134/><W58/><G68/><T77/><D38/><U11/><E102/><V51/><F124/><W70/><G70/><T20/><D6/><U101/><E101/><V118/><F39/><W57/><G132/><T96/><D96/><U123/><E123/><V82/><F62/><W5/><G47/><T55/><D23/><U3/><E3/><V135/><F17/><W104/><G104/><T33/><D28/><U27/><E60/><V133/><F118/><W8/><G58/><N who="0" m="35039" /><D71/><U113/><REACH who="1" step="1"/><E66/><REACH who="1" ten="250,201,250,289" step="2"/><V109/><F109/><W98/><G103/><T56/><D129/><N who="2" m="49162" /><F135/><W73/><G37/><T9/><D128/><U49/><E49/><V116/><F133/><W108/><G108/><T76/><D74/><U64/><E64/><V119/><F116/><W21/><G73/><T59/><D75/><U84/><E84/><V91/><F119/><W67/><G67/><T83/><D59/><U26/><E26/><N who="2" m="18935" /><F72/><W65/><G65/><T114/><D56/><U93/><E93/><V97/><F97/><W122/><G122/><T112/><D114/><AGARI ba="0,1" hai="7,11,14,27,29,32,43,46,50,81,87,89,113,114" machi="114" ten="40,3900,0" yaku="1,1,52,1,53,0" doraHai="30" doraHaiUra="125" who="1" fromWho="0" sc="250,-39,201,49,250,0,289,0" /><INIT seed="1,1,0,5,1,49" ten="211,250,250,289" oya="1" hai0="16,93,124,51,30,18,78,132,20,84,130,115,44" hai1="122,36,9,111,91,98,83,59,1,92,67,56,64" hai2="107,29,2,33,99,127,46,50,41,75,12,96,58" hai3="6,28,102,53,0,60,121,100,95,68,11,89,112"/><U86/><E122/><V76/><F2/><W101/><G121/><T14/><D115/><U88/><E36/><V15/><F127/><W42/><G112/><T131/><D132/><U61/><E111/><V81/><F107/><W113/><G113/><T23/><D124/><U27/><E27/><V10/><F15/><W55/><G42/><T54/><D30/><U39/><E39/><V52/><F29/><W19/><G28/><T48/><D48/><U62/><E1/><V103/><F33/><W133/><G133/><T69/><D69/><U126/><E126/><V8/><F8/><AGARI ba="1,0" hai="8,9,56,59,61,62,64,67,83,86,88,91,92,98" machi="8" ten="40,7700,0" yaku="9,1,8,1,54,1" doraHai="49" who="1" fromWho="2" sc="211,0,250,80,250,-80,289,0" /><INIT seed="1,2,0,2,0,1" ten="211,330,170,289" oya="1" hai0="57,34,20,124,103,42,50,78,40,123,129,97,24" hai1="125,89,49,90,122,75,77,79,39,27,84,0,23" hai2="55,110,12,69,5,47,64,21,53,71,74,86,3" hai3="33,67,10,107,132,87,101,54,32,59,52,19,112"/><U63/><E39/><V36/><F74/><W28/><G112/><T18/><D124/><U16/><E122/><V99/><F110/><W115/><G115/><T66/><D129/><U128/><E128/><V118/><F118/><W100/><G132/><T45/><D34/><U70/><E125/><V14/><F3/><W35/><G28/><T7/><D78/><U80/><E0/><V96/><F36/><W15/><G87/><T102/><D123/><U4/><E4/><V134/><F134/><W44/><G107/><T133/><D133/><U104/><E104/><V126/><F126/><W29/><G29/><T17/><D7/><U85/><E75/><V98/><F86/><W127/><G127/><T6/><D6/><U93/><REACH who="1" step="1"/><E49/><REACH who="1" ten="211,320,170,289" step="2"/><V106/><F106/><W58/><G35/><T56/><D50/><U120/><E120/><V68/><F64/><AGARI ba="2,1" hai="16,23,27,63,64,70,77,79,80,84,85,89,90,93" machi="64" ten="40,3900,0" yaku="1,1,54,1,53,0" doraHai="1" doraHaiUra="92" who="1" fromWho="2" sc="211,0,320,55,170,-45,289,0" /><INIT seed="1,3,0,0,2,39" ten="211,375,125,289" oya="1" hai0="108,131,60,126,82,71,45,35,58,101,6,115,67" hai1="14,49,25,19,122,2,107,128,46,0,8,124,15" hai2="66,65,99,68,127,96,31,73,118,84,121,114,104" hai3="56,30,80,40,91,53,50,109,113,24,111,90,47"/><U125/><E107/><V93/><F73/><W81/><G113/><T57/><D35/><U4/><E122/><V117/><F31/><W70/><G70/><T48/><D101/><U5/><E128/><V61/><F121/><W100/><G100/><T44/><D6/><N who="1" m="2667" /><E49/><V63/><F114/><W41/><G81/><T52/><D115/><U20/><E46/><N who="0" m="18025" /><D82/><U10/><E15/><V112/><F112/><W120/><G120/><T85/><D85/><U77/><E77/><V26/><F127/><N who="1" m="48713" /><E10/><V13/><F13/><W29/><G29/><AGARI ba="3,0" hai="0,2,8,14,19,20,25,29" m="48713,2667" machi="29" ten="30,5800,0" yaku="18,1,34,2" doraHai="39" who="1" fromWho="3" sc="211,0,375,67,125,0,289,-67" /><INIT seed="1,4,0,4,3,48" ten="211,442,125,222" oya="1" hai0="90,9,82,112,127,101,68,16,109,97,15,56,51" hai1="27,134,88,2,89,131,45,22,111,83,0,41,6" hai2="53,103,85,125,120,47,77,32,12,122,4,67,113" hai3="54,11,36,34,119,102,94,37,42,23,8,19,24"/><U106/><E106/><V46/><F32/><W92/><G34/><T117/><D112/><U66/><E134/><V126/><F103/><W70/><G70/><T99/><D68/><U58/><E131/><V80/><F113/><W7/><G119/><T79/><D117/><U132/><E132/><V93/><F93/><W96/><G42/><T84/><D109/><U10/><E0/><V108/><F108/><W52/><G37/><T72/><D127/><N who="2" m="48650" /><F67/><W13/><G36/><T135/><D135/><U49/><E111/><V123/><F53/><W26/><G94/><N who="0" m="58551" /><D72/><U50/><E83/><V69/><F69/><W5/><G26/><T1/><D1/><AGARI ba="4,0" hai="1,5,7,8,11,13,19,23,24,52,54,92,96,102" machi="1" ten="30,7700,0" yaku="7,1,52,2,54,1" doraHai="48" who="3" fromWho="0" sc="211,-89,442,0,125,0,222,89" /><INIT seed="2,0,0,3,3,58" ten="122,442,125,311" oya="2" hai0="37,108,127,53,110,72,42,81,33,99,60,125,100" hai1="48,94,74,101,92,61,104,44,47,85,49,113,130" hai2="121,12,70,71,89,114,64,87,105,83,46,107,90" hai3="27,43,0,4,34,133,23,119,18,6,41,116,97"/><V62/><F121/><W93/><G133/><T96/><D33/><U80/><E74/><V35/><F114/><W1/><G43/><T118/><D42/><U31/><E113/><V3/><F3/><N who="3" m="1099" /><G41/><T5/><D5/><N who="3" m="2153" /><G93/><T45/><D37/><U9/><E9/><V102/><F71/><W69/><G97/><N who="0" m="37451" /><D118/><N who="3" m="45097" /><G69/><T50/><D100/><U77/><E101/><V21/><F102/><W39/><G39/><T63/><D81/><U10/><E104/><V55/><F90/><W91/><G91/><T122/><D72/><U131/><E94/><V19/><REACH who="2" step="1"/><F35/><AGARI ba="0,0" hai="18,23,27,34,35" m="45097,2153,1099" machi="35" ten="40,2600,0" yaku="34,2" doraHai="58" who="3" fromWho="2" sc="122,0,442,0,125,-26,311,26" /><INIT seed="3,0,0,2,1,59" ten="122,442,99,337" oya="3" hai0="82,120,15,26,90,19,8,5,23,6,105,72,22" hai1="56,91,87,10,51,108,20,45,18,118,92,35,129" hai2="39,70,104,98,131,84,21,107,13,111,57,33,34" hai3="74,96,115,48,85,113,66,11,12,117,83,78,88"/><W1/><G1/><T58/><D105/><U62/><E35/><V69/><F39/><W0/><G0/><T93/><D120/><U14/><E108/><V75/><F75/><W67/><G117/><T110/><D110/><U126/><E126/><V37/><F111/><W28/><G28/><N who="0" m="17503" /><D72/><U47/><E129/><V3/><F3/><W27/><G27/><N who="0" m="14815" /><D58/><U42/><E118/><V38/><F98/><W86/><G74/><T102/><D102/><U63/><E56/><V43/><F131/><W89/><G113/><T40/><D40/><U121/><E121/><V36/><F84/><W130/><G130/><T101/><D82/><U53/><E20/><V4/><F43/><W49/><G115/><T64/><D64/><N who="3" m="24617" /><G96/><N who="0" m="57399" /><D101/><U61/><E61/><V116/><F116/><W46/><G85/><T80/><D80/><U29/><E29/><V9/><F57/><W133/><G133/><T54/><D54/><U123/><E123/><V17/><F34/><W71/><G71/><T114/><D114/><U68/><E68/><V7/><F33/><W30/><G30/><T132/><D132/><U65/><E65/><V128/><F128/><W122/><G122/><T106/><D106/><N who="2" m="40490" /><F70/><W2/><G2/><T52/><D52/><U135/><E135/><V125/><F69/><W16/><G49/><AGARI ba="0,0" hai="10,14,18,42,45,47,49,51,53,62,63,87,91,92" machi="49" ten="30,7700,0" yaku="7,1,8,1,52,2" doraHai="59" who="1" fromWho="3" sc="122,0,442,77,99,0,337,-77" owari="122,-28.0,519,62.0,99,-40.0,260,6.0" /></mjloggm>