<mjloggm ver="2.3"><GO type="169" lobby="0"/><UN n0="%E5%B0%B1%E6%B4%BB%E7%94%9F%40%E5%B7%9D%E6%9D%91%E8%BB%8D%E5%9B%A3" n1="%E3%83%90%E3%83%90%E3%82%A2%E3%81%AE%E6%97%A5%E5%82%98" n2="%E3%81%94%E3%82%93%E3%81%96%E3%81%B6%E3%82%8D%E3%83%BC" n3="%E3%82%B7%E3%83%B3%E3%83%87%E3%83%AB%E3%83%A9" dan="17,17,16,17" rate="2224.36,2171.24,2141.79,2125.83" sx="M,F,M,F"/><TAIKYOKU oya="0"/><INIT seed="0,0,0,4,3,88" ten="250,250,250,250" oya="0" hai0="126,101,129,68,112,118,29,11,67,37,72,58,106" hai1="100,94,2,33,105,90,71,61,43,35,18,115,28" hai2="16,85,32,57,49,107,133,98,65,60,125,21,110" hai3="31,96,116,79,108,134,44,46,6,50,19,81,87"/><T52/><D118/><U83/><E2/><V38/><F38/><W103/><G116/><T124/><D112/><U56/><E71/><V3/><F3/><W12/><G108/><T53/><D72/><U95/><E105/><V135/><F110/><W111/><G111/><T36/><D29/><U99/><E115/><V63/><F32/><W113/><G113/><T97/><D129/><U123/><E123/><V74/><F74/><W66/><G134/><N who="2" m="51209" /><F125/><W47/><G31/><T78/><D78/><U48/><E83/><V132/><N who="2" m="51217" /><V117/><DORA hai="92" /><F117/><W120/><G120/><T4/><D68/><U80/><E18/><V41/><F85/><W5/><G66/><T54/><D58/><U122/><E80/><V27/><F65/><W26/><G26/><T131/><D67/><U114/><E28/><V13/><F13/><W84/><G84/><T91/><D91/><U20/><E20/><V128/><F128/><W102/><G102/><T39/><REACH who="0" step="1"/><D131/><REACH who="0" ten="240,250,250,250" step="2"/><U23/><E114/><V30/><F57/><W77/><G77/><T55/><N who="0" m="13824" /><DORA hai="121" /><T73/><D73/><U40/><E90/><V1/><F30/><W22/><REACH who="3" step="1"/><G50/><REACH who="3" ten="240,250,250,240" step="2"/><T76/><D76/><U7/><E48/><V45/><F1/><AGARI ba="0,2" hai="1,4,11,36,37,39,97,101,106,124,126" m="13824" machi="1" ten="60,11600,0" yaku="1,1,52,1,54,1,53,0" doraHai="88,92,121" doraHaiUra="89,15,119" who="0" fromWho="2" sc="240,136,250,0,250,-116,240,0" /><INIT seed="0,1,0,0,4,43" ten="376,250,134,240" oya="0" hai0="132,13,134,104,62,50,105,113,61,130,115,114,3" hai1="75,119,59,111,19,39,29,73,42,26,15,56,89" hai2="80,48,41,34,40,14,25,122,33,31,87,76,12" hai3="85,81,37,110,103,107,101,1,5,44,46,108,64"/><T98/><D3/><U124/><E111/><N who="3" m="42538" /><G64/><T2/><D2/><U77/><E124/><V125/><F125/><W53/><G37/><T45/><D13/><U123/><E123/><V6/><F34/><W47/><G107/><T68/><D130/><U55/><E59/><V10/><F122/><W20/><G20/><T82/><D82/><U126/><E119/><V117/><F117/><W70/><G70/><T23/><D23/><U109/><E109/><V8/><REACH who="2" step="1"/><F48/><REACH who="2" ten="376,250,124,240" step="2"/><N who="3" m="28807" /><G5/><AGARI ba="1,1" hai="5,6,8,10,12,14,25,31,33,40,41,76,80,87" machi="5" ten="30,3900,0" yaku="1,1,7,1,9,1,53,0" doraHai="43" doraHaiUra="60" who="2" fromWho="3" sc="376,0,250,0,124,52,240,-42" /><INIT seed="1,0,0,2,5,4" ten="376,250,176,198" oya="1" hai0="32,79,110,38,135,129,24,99,1,72,55,71,6" hai1="125,120,123,80,118,37,20,66,122,73,114,52,42" hai2="9,113,132,33,95,13,69,104,76,40,111,101,81" hai3="10,49,51,109,53,93,112,82,83,35,3,27,56"/><U134/><E114/><V91/><F33/><W65/><G112/><T14/><D55/><U61/><E20/><V57/><F69/><W22/><G35/><T64/><D99/><U31/><E31/><V54/><F113/><W44/><G109/><T43/><D14/><U36/><E73/><V84/><F111/><W75/><G75/><T106/><D79/><U19/><E19/><V90/><F40/><W98/><G10/><T74/><D43/><U21/><E21/><V107/><F132/><W67/><G3/><T15/><D64/><U50/><E42/><V86/><F101/><W77/><G77/><T2/><D15/><U124/><E80/><V11/><F76/><W105/><G105/><T60/><D60/><U28/><E28/><V88/><F91/><W94/><G94/><T12/><D12/><U17/><E17/><V7/><REACH who="2" step="1"/><F9/><REACH who="2" ten="376,250,166,198" step="2"/><W59/><G22/><T25/><D71/><N who="1" m="42447" /><E134/><V48/><AGARI ba="0,1" hai="7,11,13,48,54,57,81,84,86,88,90,95,104,107" machi="48" ten="20,12000,2" yaku="1,1,0,1,7,1,52,1,54,1,53,2" doraHai="4" doraHaiUra="102" who="2" fromWho="2" sc="376,-30,250,-60,166,130,198,-30" /><INIT seed="2,0,0,2,3,40" ten="346,190,296,168" oya="2" hai0="0,131,54,6,22,15,76,77,13,44,63,89,51" hai1="43,42,111,18,103,94,11,52,80,95,132,55,19" hai2="105,98,128,122,33,92,50,69,133,107,49,39,79" hai3="60,59,30,21,90,47,99,110,66,46,126,91,82"/><V84/><F122/><W113/><G110/><T53/><D131/><U2/><E132/><V68/><F39/><W117/><G117/><T88/><D0/><U62/><E111/><V31/><F128/><W26/><G126/><T56/><D6/><U83/><E2/><V35/><F133/><W24/><G113/><T38/><D38/><U16/><E11/><V101/><F84/><N who="3" m="50455" /><G26/><T123/><D123/><U135/><E135/><V37/><F37/><W12/><G12/><N who="0" m="4683" /><D22/><U25/><E25/><V7/><F7/><W124/><G124/><T32/><D32/><N who="2" m="12362" /><F31/><W14/><G14/><T129/><D129/><U134/><E134/><V130/><F79/><AGARI ba="0,0" hai="44,51,53,54,56,63,76,77,79,88,89" m="4683" machi="79" ten="30,3900,0" yaku="8,1,52,1,54,1" doraHai="40" who="0" fromWho="2" sc="346,39,190,0,296,-39,168,0" /><INIT seed="3,0,0,0,4,123" ten="385,190,257,168" oya="3" hai0="23,128,22,3,25,68,69,86,50,131,135,100,106" hai1="78,105,43,73,47,121,49,77,63,87,42,84,90" hai2="56,39,55,26,30,59,88,64,76,109,103,79,11" hai3="0,33,6,70,35,97,62,127,125,31,75,20,51"/><W9/><G75/><T119/><D119/><U108/><E73/><V122/><F39/><W112/><G51/><T74/><D3/><U13/><E105/><V113/><F103/><W72/><G72/><T4/><D74/><U46/><E121/><V81/><F122/><W58/><G70/><T29/><D4/><U132/><E132/><V93/><F113/><W118/><G97/><N who="0" m="61711" /><D135/><U67/><E13/><V129/><F129/><N who="0" m="49738" /><D23/><U27/><E108/><V66/><F11/><W18/><G112/><T83/><D50/><U89/><E27/><V91/><F109/><W24/><G118/><T37/><D37/><U2/><E2/><V17/><F17/><W54/><REACH who="3" step="1"/><G35/><REACH who="3" ten="385,190,257,158" step="2"/><T85/><D85/><U110/><E49/><V57/><F55/><W114/><G114/><T82/><D82/><U8/><E110/><V32/><F81/><W92/><G92/><T120/><D120/><U130/><E130/><V116/><F93/><W101/><G101/><T117/><D117/><U7/><E84/><V61/><F116/><W133/><G133/><T96/><D96/><U45/><E87/><V40/><F40/><W53/><G53/><T95/><D95/><U52/><E52/><V115/><F115/><W44/><G44/><T134/><D134/><U104/><E42/><V111/><F111/><W10/><G10/><T65/><D65/><U12/><E43/><V14/><F66/><W71/><G71/><T28/><D69/><N who="1" m="42239" /><E104/><V15/><F64/><W60/><G60/><T99/><D68/><U48/><E48/><V19/><F61/><W5/><G5/><T41/><D83/><RYUUKYOKU ba="0,1" sc="385,-15,190,15,257,-15,158,15" hai1="7,8,12,45,46,47,77,78,89,90" hai3="0,6,9,18,20,24,31,33,54,58,62,125,127" /><INIT seed="3,1,1,5,3,83" ten="370,205,242,173" oya="3" hai0="33,75,18,63,15,127,49,53,48,9,32,116,12" hai1="133,117,120,25,11,44,5,77,45,4,68,123,97" hai2="21,106,73,24,76,88,108,129,93,110,40,36,58" hai3="86,10,13,17,119,2,62,80,100,78,26,55,54"/><W46/><G119/><T39/><D39/><U1/><E68/><V22/><F106/><W118/><G118/><T65/><D116/><U131/><E117/><V132/><F132/><W60/><G2/><T105/><D75/><U50/><E133/><V47/><F129/><W41/><G100/><T124/><D105/><U99/><E131/><V101/><F101/><W115/><G115/><T0/><D0/><U3/><E25/><V27/><F76/><W128/><G128/><T92/><D92/><U96/><E77/><V59/><F73/><W72/><G72/><T95/><D95/><U16/><E16/><N who="2" m="12327" /><F27/><W91/><G26/><T7/><D32/><U98/><E98/><N who="2" m="57639" /><F22/><W34/><G34/><T79/><D79/><U43/><E3/><V71/><F71/><W70/><G78/><T90/><D33/><U103/><E103/><V84/><F84/><W38/><REACH who="3" step="1"/><G70/><REACH who="3" ten="370,205,242,163" step="2"/><T14/><D14/><U57/><E1/><V42/><F42/><W8/><G8/><T69/><D15/><U107/><E11/><V67/><F67/><W37/><G37/><T56/><D12/><U94/><E107/><V122/><F122/><W135/><G135/><T125/><D9/><U126/><E123/><V35/><F35/><W111/><G111/><AGARI ba="1,2" hai="36,40,47,58,59,108,110,111" m="57639,12327" machi="111" ten="30,3900,0" yaku="14,1,54,2" doraHai="83" who="2" fromWho="3" sc="370,0,205,0,242,62,163,-42" /><INIT seed="4,0,0,5,4,51" ten="370,205,304,121" oya="0" hai0="49,127,96,30,97,15,19,42,108,20,41,135,101" hai1="56,61,38,11,44,90,82,76,134,118,1,128,121" hai2="88,72,54,73,47,116,119,107,22,131,99,112,9" hai3="8,113,24,129,26,46,35,32,50,114,29,120,123"/><T95/><D135/><U59/><E128/><V64/><F131/><W115/><G129/><T14/><D127/><U36/><E118/><N who="2" m="45099" /><F112/><W16/><G50/><T105/><D108/><U17/><E121/><N who="3" m="46666" /><G46/><T62/><D30/><U100/><E56/><V45/><F64/><W103/><G103/><T7/><D62/><U60/><E60/><V109/><F109/><W55/><G55/><T106/><D106/><U69/><E100/><N who="2" m="62879" /><F22/><N who="3" m="13383" /><G8/><T92/><D105/><U12/><E36/><V117/><F117/><W79/><G79/><T102/><D49/><U6/><E76/><V5/><F88/><W43/><G43/><T58/><D58/><U133/><E59/><V34/><F47/><W33/><AGARI ba="0,0" hai="26,29,32,33,35,113,114,115" m="13383,46666" machi="33" ten="40,8000,1" yaku="15,1,13,1,34,2,54,1" doraHai="51" who="3" fromWho="3" sc="370,-40,205,-20,304,-20,121,80" /><INIT seed="5,0,0,3,0,121" ten="330,185,284,201" oya="1" hai0="10,108,124,117,3,37,23,86,57,96,58,41,53" hai1="16,24,39,0,118,97,106,79,50,133,4,123,22" hai2="77,98,34,92,83,66,6,11,107,90,70,12,30" hai3="119,20,9,87,62,74,31,46,19,36,13,135,122"/><U78/><E133/><V45/><F107/><W116/><G122/><T64/><D108/><U111/><E39/><V82/><F82/><W80/><G135/><T51/><D117/><N who="3" m="45129" /><G74/><T130/><D86/><U125/><E123/><V132/><F132/><W94/><G94/><T75/><D75/><U29/><E118/><V55/><F34/><W43/><G62/><T95/><D10/><U35/><E125/><V28/><F70/><W114/><G114/><T76/><D76/><U54/><E111/><V120/><F66/><W89/><G31/><T131/><D3/><U1/><E1/><V59/><F45/><W14/><G9/><T85/><D85/><U91/><E4/><V47/><F47/><W60/><G60/><T5/><D5/><U25/><E0/><V73/><F120/><W134/><G134/><T33/><D124/><U8/><E8/><V100/><F100/><W63/><G63/><AGARI ba="0,0" hai="6,11,12,28,30,55,59,63,73,77,83,90,92,98" machi="63" ten="30,1000,0" yaku="7,1" doraHai="121" who="2" fromWho="3" sc="330,0,185,0,284,10,201,-10" /><INIT seed="6,0,0,1,3,83" ten="330,185,294,191" oya="2" hai0="3,120,38,124,128,95,55,68,19,12,31,92,47" hai1="107,85,105,70,39,4,81,54,127,103,10,94,7" hai2="114,119,42,67,98,82,51,8,133,14,88,99,91" hai3="117,37,109,43,41,56,100,17,130,112,129,86,77"/><V26/><F119/><W48/><G109/><T93/><D120/><U0/><E127/><V108/><F108/><W65/><G117/><T89/><D3/><U24/><E4/><V106/><F133/><W21/><G112/><T49/><D68/><U13/><E39/><V60/><F106/><W53/><G100/><T76/><D124/><U63/><E0/><V34/><F34/><W30/><G30/><T78/><D128/><N who="3" m="49257" /><G65/><T71/><D71/><U90/><E24/><V134/><F26/><N who="3" m="14639" /><G37/><T23/><D38/><U5/><E5/><V73/><F134/><W2/><G2/><T18/><D31/><U84/><E103/><V122/><F122/><W72/><G72/><T20/><D89/><U1/><E1/><V113/><F91/><W35/><G35/><T33/><D33/><U27/><E27/><AGARI ba="0,0" hai="12,18,19,20,23,27,47,49,55,76,78,92,93,95" machi="27" ten="40,1300,0" yaku="8,1" doraHai="83" who="0" fromWho="1" sc="330,13,185,-13,294,0,191,0" /><INIT seed="7,0,0,3,5,22" ten="343,172,294,191" oya="3" hai0="104,119,133,115,91,62,49,97,20,71,53,36,55" hai1="94,76,73,116,100,30,48,10,21,114,15,41,60" hai2="47,93,27,58,125,40,33,134,99,124,106,82,78" hai3="79,46,120,85,51,65,135,12,0,129,111,102,39"/><W32/><G120/><T110/><D110/><U113/><E73/><V87/><F134/><W18/><G135/><T61/><D119/><U81/><E116/><V95/><F58/><W92/><G111/><T43/><D133/><U112/><E60/><V90/><F47/><W17/><G0/><T6/><D6/><U105/><E105/><V75/><F40/><W67/><G129/><T69/><D104/><U31/><E41/><V14/><F14/><W132/><G32/><T38/><D91/><U1/><E48/><V77/><F77/><W37/><G132/><T8/><D20/><U126/><E1/><V4/><F4/><W118/><G118/><T63/><D8/><U25/><E126/><V96/><F27/><W35/><G35/><T13/><D97/><N who="1" m="59447" /><E31/><V34/><F34/><W127/><G127/><N who="2" m="48713" /><F33/><W89/><G39/><N who="0" m="14891" /><D13/><U42/><E42/><V83/><F99/><N who="3" m="59751" /><G79/><T59/><D115/><N who="1" m="29443" /><U131/><DORA hai="11" /><E131/><V44/><F44/><W29/><G37/><T101/><D101/><AGARI ba="0,0" hai="75,78,82,83,87,90,93,95,96,101,106" m="48713" machi="101" ten="30,3900,0" yaku="18,1,34,2" doraHai="22,11" who="2" fromWho="0" sc="343,-39,172,0,294,39,191,0" owari="304,10.0,172,-33.0,333,44.0,191,-21.0" /></mjloggm>