<mjloggm ver="2.3"><GO type="225" lobby="0"/><UN n0="%E3%82%B7%E3%83%AD%E3%82%AF%E3%83%AD" n1="%E5%9D%82%E4%B8%8A%E9%97%98%E7%9C%9F" n2="%68%61%6E%65%31%35%30%30" n3="%E5%B0%B1%E6%B4%BB%E7%94%9F%40%E5%B7%9D%E6%9D%91%E8%BB%8D%E5%9B%A3" dan="16,16,18,17" rate="2101.12,2143.07,2218.42,2174.82" sx="M,M,M,M"/><TAIKYOKU oya="0"/><INIT seed="0,0,0,0,2,7" ten="250,250,250,250" oya="0" hai0="40,105,5,110,21,19,11,29,6,25,27,119,0" hai1="79,10,73,54,64,126,78,112,9,132,72,53,61" hai2="113,38,101,97,116,41,90,94,98,121,135,129,48" hai3="13,106,88,50,100,45,31,66,83,51,15,3,1"/><T103/><D40/><U84/><E84/><V28/><F121/><W30/><G66/><T111/><D119/><U118/><E118/><V82/><F116/><W104/><G100/><T125/><D105/><U80/><E126/><V67/><F113/><W123/><G45/><T133/><D103/><U75/><E112/><V58/><F135/><W49/><G83/><T2/><D125/><U24/><E24/><V115/><F115/><W68/><G68/><T89/><D89/><U74/><E132/><V117/><F117/><W60/><G60/><T39/><D39/><U23/><E23/><V77/><F129/><W128/><G128/><T12/><D133/><U85/><N who="1" m="18432" /><DORA hai="33" /><U22/><E22/><V93/><F38/><W14/><G88/><T127/><D127/><U20/><E20/><V96/><F96/><W57/><G57/><T63/><D63/><U17/><E17/><V62/><F28/><N who="3" m="10795" /><G123/><T8/><D27/><U95/><E95/><V107/><F107/><AGARI ba="0,0" hai="1,3,13,14,15,49,50,51,104,106,107" m="10795" machi="107" ten="40,8000,1" yaku="28,2,52,2" doraHai="7,33" who="3" fromWho="2" sc="250,0,250,0,250,-80,250,80" /><INIT seed="1,0,0,1,0,30" ten="250,250,170,330" oya="1" hai0="52,54,98,15,117,51,6,22,3,127,14,21,130" hai1="74,43,107,129,73,105,26,85,119,67,124,40,110" hai2="103,57,77,111,99,10,35,122,16,101,1,7,88" hai3="17,33,132,75,41,133,56,82,115,38,39,93,104"/><U135/><E119/><V64/><F122/><W71/><G104/><N who="1" m="40010" /><E67/><V45/><F77/><N who="3" m="44351" /><G33/><T87/><D117/><U70/><E70/><V68/><F68/><W95/><G71/><T0/><D127/><U106/><E26/><V61/><F35/><W66/><G17/><T125/><D125/><U78/><E124/><V96/><F111/><W120/><G120/><T118/><D118/><U59/><E59/><V100/><F45/><N who="3" m="23735" /><G39/><T89/><D98/><U86/><E43/><V128/><F128/><W5/><G5/><T44/><D130/><U84/><E40/><V60/><F60/><N who="3" m="38151" /><G115/><T36/><D36/><U12/><E129/><V42/><F42/><W94/><G94/><T63/><D0/><U121/><E12/><N who="0" m="4649" /><D3/><U76/><N who="1" m="40018" /><U62/><DORA hai="55" /><E62/><V69/><F69/><W50/><G50/><T109/><D6/><U11/><E11/><V8/><F88/><W4/><G4/><T81/><D109/><U108/><E121/><V23/><REACH who="2" step="1"/><F10/><REACH who="2" ten="250,250,160,330" step="2"/><W37/><G37/><T80/><D80/><N who="1" m="45071" /><E135/><V31/><F31/><W97/><G133/><T25/><D25/><AGARI ba="0,1" hai="1,7,8,16,23,25,57,61,64,96,99,100,101,103" machi="25" ten="40,8000,1" yaku="1,1,52,1,54,1,53,1" doraHai="30,55" doraHaiUra="83,20" who="2" fromWho="0" sc="250,-80,250,0,160,90,330,0" /><INIT seed="2,0,0,4,2,20" ten="170,250,250,330" oya="2" hai0="34,8,117,3,134,73,125,78,128,23,107,75,52" hai1="89,115,15,97,45,90,37,71,51,11,1,65,55" hai2="6,68,25,74,16,72,50,53,123,104,129,4,63" hai3="33,124,91,48,83,103,105,113,13,94,59,9,95"/><V7/><F104/><W86/><G33/><T87/><D23/><U118/><E1/><V67/><F123/><W77/><G113/><T101/><D8/><U56/><E115/><V42/><F42/><W26/><G124/><T122/><D52/><U14/><E118/><V22/><REACH who="2" step="1"/><F129/><REACH who="2" ten="170,250,240,330" step="2"/><W41/><G105/><T130/><D122/><U92/><E37/><V69/><F69/><W116/><G116/><T57/><D128/><U119/><E71/><V93/><F93/><W70/><G70/><T108/><D130/><U96/><E119/><V39/><F39/><W36/><G36/><T98/><D117/><U29/><E92/><V81/><F81/><W64/><G41/><T62/><D125/><U0/><E0/><V38/><F38/><W88/><G95/><T47/><D3/><U114/><E114/><V19/><F19/><W120/><G120/><T17/><D17/><U60/><E29/><V132/><F132/><W2/><G94/><T135/><D135/><U121/><E121/><V35/><F35/><W24/><G103/><T100/><D100/><U106/><E106/><V12/><F12/><W109/><G2/><T102/><D102/><U126/><E126/><V76/><F76/><W131/><G131/><T112/><D134/><U111/><E14/><V5/><N who="2" m="1536" /><DORA hai="127" /><V46/><AGARI ba="0,1" hai="16,22,25,46,50,53,63,67,68,72,74" m="1536" machi="46" ten="40,18000,2" yaku="1,1,4,1,0,1,52,1,54,1,53,2" doraHai="20,127" doraHaiUra="58,43" who="2" fromWho="2" sc="170,-60,250,-60,240,190,330,-60" /><INIT seed="2,1,0,4,4,97" ten="110,190,430,270" oya="2" hai0="27,56,53,106,59,62,88,23,43,85,40,107,126" hai1="13,4,54,102,52,37,82,58,36,2,5,99,47" hai2="7,132,109,121,111,118,1,12,42,35,124,63,44" hai3="3,49,108,134,72,120,76,33,28,130,0,116,30"/><V84/><F118/><W10/><G72/><T38/><D126/><U55/><E2/><V67/><F121/><W17/><G76/><T128/><D128/><U133/><E133/><V19/><F132/><W83/><G49/><T101/><D38/><U22/><E58/><V24/><F124/><W103/><G83/><T113/><D113/><U11/><E4/><V31/><F84/><W29/><G33/><T131/><D131/><U68/><E68/><V74/><F74/><W16/><G134/><T92/><D59/><U115/><E115/><V127/><F127/><W64/><G64/><T71/><D71/><U129/><E129/><V105/><F105/><W14/><G130/><T25/><D25/><U96/><E96/><V89/><F89/><W91/><G91/><T65/><D53/><U81/><E22/><V79/><F79/><W20/><G103/><T86/><D86/><U87/><E81/><V6/><F63/><W8/><G120/><T39/><D39/><U123/><E47/><V78/><F78/><W80/><G80/><T94/><D106/><U15/><E15/><V57/><F57/><W61/><G61/><T18/><REACH who="0" step="1"/><D107/><REACH who="0" ten="100,190,430,270" step="2"/><U66/><E123/><V46/><F24/><N who="3" m="14343" /><G116/><T41/><D41/><U75/><E75/><V125/><F42/><W110/><G3/><T90/><D90/><N who="1" m="51575" /><E37/><V135/><F1/><W51/><G51/><T70/><D70/><U117/><E36/><V69/><F135/><W122/><G122/><T9/><D9/><N who="3" m="3689" /><G0/><T93/><D93/><N who="1" m="58735" /><E117/><V32/><F125/><W48/><G48/><T98/><AGARI ba="1,1" hai="18,23,27,40,43,56,62,65,85,88,92,94,98,101" machi="98" ten="30,12000,2" yaku="1,1,0,1,8,1,52,1,54,1,53,1" doraHai="97" doraHaiUra="21" who="0" fromWho="0" sc="100,133,190,-31,430,-61,270,-31" /><INIT seed="3,0,0,5,4,72" ten="233,159,369,239" oya="3" hai0="10,9,100,50,47,107,74,1,67,0,16,17,94" hai1="62,52,11,117,132,93,116,98,60,120,125,106,89" hai2="108,96,42,32,80,133,49,111,75,92,39,41,51" hai3="46,14,84,78,59,99,37,2,87,35,86,90,22"/><W121/><G2/><T128/><D107/><U114/><E120/><V66/><F32/><W122/><G35/><T115/><D74/><U8/><E114/><V26/><F133/><W73/><G37/><T103/><D67/><U85/><E132/><V63/><F26/><W70/><G70/><T6/><D128/><U30/><E30/><V102/><F75/><W36/><G36/><T23/><D115/><U129/><E129/><V45/><F80/><W83/><G46/><T31/><D31/><U3/><E125/><V101/><F101/><W113/><G59/><T43/><D23/><U40/><E40/><V105/><F105/><W13/><G113/><T71/><D71/><U68/><E68/><N who="2" m="42079" /><F42/><W91/><G22/><T33/><D33/><U34/><E34/><V131/><F131/><W56/><G56/><T119/><D119/><U82/><E3/><V54/><F54/><W124/><G124/><T29/><D29/><U95/><E106/><V25/><F25/><W4/><G4/><T15/><D17/><U38/><E38/><V69/><F69/><W134/><G134/><T64/><D64/><U110/><E110/><AGARI ba="0,0" hai="39,41,45,49,51,92,96,102,108,110,111" m="42079" machi="110" ten="30,1000,0" yaku="14,1" doraHai="72" who="2" fromWho="1" sc="233,0,159,-10,369,10,239,0" owari="233,-17.0,149,-35.0,379,48.0,239,4.0" /></mjloggm>