<mjloggm ver="2.3"><GO type="169" lobby="0"/><UN n0="%E5%B0%B1%E6%B4%BB%E7%94%9F%40%E5%B7%9D%E6%9D%91%E8%BB%8D%E5%9B%A3" n1="%74%61%63%6F%73" n2="%E9%8A%80%E8%89%B2%E8%87%AA%E8%BB%A2%E8%BB%8A" n3="%65%69%6B%31" dan="17,16,16,17" rate="2172.04,2127.04,2024.82,2127.59" sx="M,M,M,M"/><TAIKYOKU oya="0"/><INIT seed="0,0,0,2,2,47" ten="250,250,250,250" oya="0" hai0="109,53,85,14,36,132,34,18,88,45,51,118,77" hai1="16,69,75,11,92,41,61,49,125,72,42,128,134" hai2="74,38,62,26,81,29,116,15,40,73,22,131,102" hai3="39,115,112,90,13,95,27,113,119,93,80,79,100"/><T63/><D118/><U3/><E128/><V43/><F131/><W5/><G39/><T1/><D1/><U111/><E111/><V68/><F116/><W52/><G119/><T12/><D34/><U25/><E134/><V58/><F68/><W126/><G126/><T30/><D36/><U31/><E125/><V44/><F43/><W87/><G27/><T86/><D132/><U20/><E92/><V8/><F81/><W89/><G5/><T117/><D117/><U64/><E3/><V60/><F102/><W110/><G13/><T28/><D109/><U91/><E91/><N who="3" m="34826" /><G52/><N who="0" m="29807" /><D77/><U67/><E67/><V82/><F82/><N who="3" m="47583" /><G110/><T105/><D105/><U10/><E42/><V107/><F62/><W135/><G135/><T101/><D101/><U54/><E41/><V78/><F78/><W21/><G21/><N who="0" m="11463" /><D14/><U50/><E50/><V33/><F33/><W106/><G80/><N who="0" m="49191" /><D86/><U99/><E99/><AGARI ba="0,0" hai="93,95,99,100,106,112,113,115" m="47583,34826" machi="99" ten="40,2600,0" yaku="34,2" doraHai="47" who="3" fromWho="1" sc="250,0,250,-26,250,0,250,26" /><INIT seed="1,0,0,1,0,68" ten="250,224,250,276" oya="1" hai0="82,11,32,112,53,7,4,99,2,100,75,36,77" hai1="109,129,120,13,98,64,133,61,40,49,65,34,119" hai2="95,103,19,128,33,12,130,59,43,131,24,62,96" hai3="46,16,48,6,80,86,123,106,21,10,81,89,26"/><U3/><E3/><V50/><F33/><W111/><G111/><T79/><D112/><U121/><E119/><V39/><F24/><W90/><G123/><T104/><D53/><U44/><E34/><V15/><F50/><W105/><G81/><N who="0" m="45247" /><D7/><U114/><E114/><V83/><F83/><W118/><G89/><T51/><D51/><U135/><E109/><V73/><F73/><W67/><G67/><N who="1" m="25674" /><E98/><V66/><REACH who="2" step="1"/><F19/><REACH who="2" ten="250,224,240,276" step="2"/><W122/><G118/><T41/><D32/><U5/><E129/><V91/><F91/><W45/><G122/><T58/><D82/><U69/><E5/><V88/><F88/><W115/><G115/><T101/><D101/><U22/><E120/><V70/><F70/><W127/><G127/><T35/><D79/><U92/><E121/><V30/><F30/><W14/><REACH who="3" step="1"/><G45/><AGARI ba="0,1" hai="12,15,39,43,45,59,62,66,95,96,103,128,130,131" machi="45" ten="40,5200,0" yaku="1,1,19,1,52,1,53,0" doraHai="68" doraHaiUra="74" who="2" fromWho="3" sc="250,0,224,0,240,62,276,-52" /><INIT seed="2,0,0,3,3,44" ten="250,224,302,224" oya="2" hai0="68,62,43,19,11,60,120,53,25,82,73,27,131" hai1="47,128,26,104,23,81,71,20,33,49,41,103,107" hai2="65,89,119,102,86,78,14,92,79,48,80,121,52" hai3="38,83,31,88,87,129,84,94,39,101,35,132,110"/><V106/><F119/><W127/><G110/><T124/><D120/><U126/><E71/><V109/><F121/><W30/><G129/><T95/><D131/><U97/><E128/><V72/><F109/><W28/><G132/><T50/><D124/><U46/><E126/><V37/><F37/><W91/><G127/><T42/><D73/><U17/><E107/><V135/><F135/><W59/><G35/><T8/><D82/><U117/><E117/><V54/><F65/><W113/><G113/><T90/><D43/><U63/><E63/><N who="0" m="24105" /><D42/><U7/><E7/><V115/><F115/><W18/><G59/><N who="0" m="33207" /><D68/><U96/><E81/><V100/><F106/><W133/><G133/><T34/><D34/><U29/><E97/><V77/><F80/><W105/><REACH who="3" step="1"/><G18/><REACH who="3" ten="250,224,302,214" step="2"/><T98/><D19/><U1/><E17/><V93/><F72/><W24/><G24/><AGARI ba="0,1" hai="8,11,24,25,27,90,95,98" m="33207,24105" machi="24" ten="30,2000,0" yaku="8,1,52,1" doraHai="44" who="0" fromWho="3" sc="250,30,224,0,302,0,214,-20" /><INIT seed="3,0,0,1,3,1" ten="280,224,302,194" oya="3" hai0="103,127,16,101,45,133,50,53,49,58,85,27,0" hai1="40,88,91,41,6,32,59,2,42,80,113,77,20" hai2="98,60,39,105,83,109,107,76,111,38,121,61,128" hai3="78,65,10,33,22,68,64,72,44,73,112,99,14"/><W106/><G33/><T87/><D0/><U119/><E32/><V55/><F121/><W66/><G112/><T95/><D127/><U17/><E113/><V96/><F128/><W79/><G68/><T37/><D37/><N who="2" m="13834" /><F96/><W135/><G135/><T70/><D70/><U47/><E119/><V108/><F98/><W23/><G44/><T126/><D126/><U129/><E129/><V5/><F5/><W63/><G63/><N who="2" m="24137" /><F55/><W62/><G62/><T97/><D133/><U52/><E47/><V46/><F46/><W122/><G122/><T93/><D93/><U82/><E6/><V116/><F116/><W89/><G73/><AGARI ba="0,0" hai="73,76,83,105,107,108,109,111" m="24137,13834" machi="73" ten="40,1300,0" yaku="14,1" doraHai="1" who="2" fromWho="3" sc="280,0,224,0,302,13,194,-13" /><INIT seed="4,0,0,3,3,103" ten="280,224,315,181" oya="0" hai0="125,112,135,122,121,66,27,133,48,45,16,8,9" hai1="86,92,118,94,107,120,126,10,91,55,132,105,73" hai2="13,84,50,117,14,119,76,39,67,70,114,89,62" hai3="65,64,134,59,88,109,87,11,90,81,29,57,79"/><T85/><D66/><U2/><E120/><N who="0" m="46185" /><D85/><U130/><E118/><N who="2" m="45067" /><F39/><W42/><G109/><T113/><D48/><U116/><E116/><V99/><F114/><N who="0" m="44138" /><D45/><U44/><E73/><V23/><F23/><W18/><G134/><N who="0" m="51211" /><D125/><U36/><E126/><V38/><F38/><W128/><G42/><T15/><D27/><U19/><E132/><V24/><F24/><W4/><G65/><T77/><D77/><U54/><E44/><V1/><F76/><W33/><G64/><T75/><D75/><U74/><E86/><V6/><F50/><W49/><G49/><T68/><D68/><U25/><E25/><V47/><F47/><W32/><G79/><T52/><D52/><U108/><E55/><V110/><F84/><W17/><G87/><T69/><D69/><U83/><E54/><V51/><F51/><W46/><G46/><T63/><D63/><U7/><E74/><V28/><F62/><W78/><G78/><T30/><D30/><U100/><E36/><V124/><F28/><W80/><G29/><T12/><D12/><U115/><E115/><V37/><F124/><W5/><REACH who="3" step="1"/><G128/><REACH who="3" ten="280,224,315,171" step="2"/><T104/><D104/><U56/><E105/><V71/><F37/><W60/><G60/><T61/><D61/><U58/><E107/><V102/><F67/><W31/><G31/><T26/><D26/><U40/><E130/><V123/><F70/><W129/><G129/><T111/><D111/><U98/><E108/><V131/><F71/><W95/><G95/><T35/><D35/><U106/><E40/><V21/><F110/><W34/><G34/><T101/><D101/><RYUUKYOKU ba="0,1" sc="280,15,224,-15,315,-15,171,15" hai0="8,9,15,16" hai3="4,5,11,17,18,32,33,57,59,80,81,88,90" /><INIT seed="4,1,1,5,1,48" ten="295,209,300,186" oya="0" hai0="8,133,45,1,135,78,44,131,128,46,76,101,134" hai1="121,103,95,74,36,41,91,82,100,58,37,77,40" hai2="61,75,105,3,0,109,83,84,129,14,66,52,17" hai3="34,39,125,114,102,30,5,57,23,20,90,49,124"/><T130/><REACH who="0" step="1"/><D101/><REACH who="0" ten="285,209,300,186" step="2"/><U88/><E103/><V9/><F129/><W99/><G102/><T89/><D89/><U73/><E100/><V67/><F109/><W21/><G90/><T63/><D63/><U51/><E91/><V127/><F127/><W68/><G125/><T113/><D113/><U11/><E88/><N who="2" m="51231" /><F105/><W122/><G114/><T72/><D72/><U119/><E74/><V27/><F75/><W35/><G124/><T71/><D71/><U98/><E73/><V15/><F0/><W32/><G68/><T106/><D106/><U92/><E92/><V104/><F3/><W59/><G99/><T6/><AGARI ba="1,2" hai="1,6,8,44,45,46,76,78,128,130,131,133,134,135" machi="6" ten="50,18000,2" yaku="21,2,0,1,29,2,19,1,20,1,53,0" doraHai="48" doraHaiUra="120" who="0" fromWho="0" sc="285,203,209,-61,300,-61,186,-61" /><INIT seed="4,2,0,0,2,92" ten="488,148,239,125" oya="0" hai0="127,130,19,29,128,120,135,117,122,17,83,111,66" hai1="55,0,101,46,54,14,38,100,18,123,35,44,114" hai2="50,1,119,30,121,43,16,5,60,74,77,26,93" hai3="99,91,102,96,10,8,42,97,70,27,72,82,124"/><T11/><D66/><U48/><E35/><V87/><F121/><W62/><G102/><T49/><D49/><N who="1" m="28967" /><E0/><V80/><F119/><W37/><G124/><T85/><D117/><U68/><E68/><V84/><F5/><W129/><G129/><N who="0" m="49771" /><D85/><U13/><E38/><V94/><F1/><W20/><G37/><T4/><D83/><U104/><E104/><V63/><F74/><W21/><G42/><T90/><D90/><U105/><E105/><V67/><F87/><N who="3" m="50679" /><G70/><T133/><D29/><U76/><E76/><V113/><F30/><N who="3" m="17767" /><G72/><T116/><D116/><U131/><E114/><V109/><F113/><W47/><G47/><T71/><D71/><U32/><E32/><V25/><F43/><W106/><G106/><T41/><D41/><U107/><E107/><V125/><F109/><W28/><G62/><T24/><D111/><U118/><E118/><V64/><F63/><W31/><G31/><T115/><D115/><U86/><E123/><N who="0" m="47145" /><D127/><U6/><E131/><V88/><F125/><W61/><G61/><T103/><D103/><N who="1" m="39499" /><E6/><V56/><F67/><W78/><G78/><T15/><D24/><AGARI ba="2,0" hai="8,10,21,24,28,96,97,99" m="17767,50679" machi="24" ten="30,7700,0" yaku="8,1,52,3" doraHai="92" who="3" fromWho="0" sc="488,-83,148,0,239,0,125,83" /><INIT seed="5,0,0,4,0,4" ten="405,148,239,208" oya="1" hai0="56,13,84,82,48,39,126,93,77,66,49,10,103" hai1="69,59,1,74,16,71,112,127,107,18,41,76,40" hai2="83,100,24,25,51,19,22,111,61,30,87,115,15" hai3="99,75,110,11,58,34,37,60,3,14,62,119,123"/><U85/><E74/><V113/><F111/><W73/><G110/><T2/><D39/><U64/><E1/><V54/><F100/><W7/><G123/><T131/><D2/><U95/><E107/><V27/><F61/><W98/><G37/><T88/><D131/><U23/><E112/><N who="2" m="43083" /><F30/><W120/><G120/><T36/><D103/><U70/><E127/><V104/><F104/><W133/><G34/><T35/><D35/><U94/><E18/><V105/><F105/><W91/><G133/><T101/><D101/><U80/><E64/><V108/><F108/><W17/><G119/><T31/><D31/><U8/><E59/><N who="2" m="33247" /><F25/><W96/><G62/><N who="0" m="38215" /><D36/><U67/><E67/><V29/><F29/><W117/><G117/><T92/><D126/><U63/><E63/><V81/><F81/><W132/><G132/><T97/><D93/><U89/><E8/><V130/><F130/><W134/><G134/><T42/><D42/><U12/><REACH who="1" step="1"/><E95/><REACH who="1" ten="405,138,239,208" step="2"/><V102/><F102/><W9/><REACH who="3" step="1"/><G91/><AGARI ba="0,1" hai="15,19,22,24,27,83,87,91" m="33247,43083" machi="91" ten="30,2000,0" yaku="15,1,11,1" doraHai="4" who="2" fromWho="3" sc="405,0,138,0,239,30,208,-20" /><INIT seed="6,0,0,5,2,129" ten="405,138,269,188" oya="2" hai0="8,104,47,66,37,6,125,73,80,124,119,57,42" hai1="69,21,65,33,41,114,99,105,59,78,115,127,111" hai2="79,133,91,77,61,82,97,26,67,60,83,102,86" hai3="72,13,112,10,54,84,108,85,116,9,74,20,98"/><V27/><F133/><W1/><G108/><T55/><D104/><U12/><E33/><V34/><F34/><W14/><G116/><T96/><D119/><U5/><E111/><V17/><F17/><W11/><G1/><N who="0" m="79" /><D66/><U50/><E127/><V63/><F67/><W103/><G112/><N who="1" m="43050" /><E78/><V35/><F35/><W106/><G54/><T89/><D89/><U46/><E69/><V64/><F64/><W38/><G38/><T100/><D96/><U94/><E105/><V120/><F120/><W48/><G48/><N who="0" m="30951" /><D100/><U31/><E31/><V56/><F56/><W22/><G106/><T3/><D3/><U126/><E126/><V93/><REACH who="2" step="1"/><F102/><REACH who="2" ten="405,138,259,188" step="2"/><W109/><G103/><T4/><D4/><U18/><E5/><V130/><F130/><W70/><G109/><T95/><D125/><U40/><E65/><V58/><F58/><W123/><G123/><T118/><D124/><U121/><E59/><V81/><F81/><W2/><G2/><T113/><D113/><U53/><E121/><V44/><F44/><W30/><G70/><T71/><D118/><U28/><E28/><V7/><F7/><W43/><G30/><T32/><D71/><U16/><E18/><V29/><F29/><W128/><G128/><T62/><D32/><U15/><E15/><V49/><F49/><W135/><G14/><T122/><D122/><U107/><E107/><V87/><AGARI ba="0,1" hai="26,27,60,61,63,77,79,82,83,86,87,91,93,97" machi="87" ten="30,11700,0" yaku="1,1,0,1,9,1,8,1,53,0" doraHai="129" doraHaiUra="36" who="2" fromWho="2" sc="405,-39,138,-39,259,127,188,-39" /><INIT seed="6,1,0,4,3,118" ten="366,99,386,149" oya="2" hai0="40,83,60,29,16,52,19,26,47,111,101,31,22" hai1="17,79,14,94,66,134,55,5,68,105,92,86,126" hai2="45,106,38,12,123,30,81,116,125,103,76,132,49" hai3="84,99,35,62,74,48,2,18,87,46,130,8,25"/><V127/><F116/><W43/><G74/><T58/><D111/><U15/><E105/><V122/><F38/><W50/><G130/><T80/><D101/><U100/><E134/><V64/><F132/><W78/><G78/><T109/><D109/><U9/><E126/><N who="2" m="48139" /><F64/><W51/><G62/><T36/><REACH who="0" step="1"/><D19/><REACH who="0" ten="356,99,386,149" step="2"/><U27/><E100/><V75/><F30/><AGARI ba="1,1" hai="16,22,26,29,30,31,36,40,47,52,58,60,80,83" machi="30" ten="40,8000,1" yaku="1,1,2,1,54,2,53,0" doraHai="118" doraHaiUra="113" who="0" fromWho="2" sc="356,93,99,0,386,-83,149,0" /><INIT seed="7,0,0,1,3,133" ten="449,99,303,149" oya="3" hai0="123,46,107,38,130,134,13,25,18,11,83,51,96" hai1="102,62,67,54,87,52,101,16,56,85,91,31,79" hai2="116,92,90,64,26,60,47,74,98,32,17,49,104" hai3="111,94,44,35,20,114,122,2,23,19,37,14,72"/><W109/><G72/><T6/><D123/><U118/><E118/><V9/><F116/><W42/><G122/><T108/><D108/><N who="3" m="41545" /><G35/><T40/><D134/><U135/><E31/><V125/><F74/><W77/><G114/><T113/><D113/><U112/><E79/><V75/><F75/><W39/><G2/><T30/><D130/><U129/><E135/><V106/><F32/><W8/><G77/><T48/><D83/><N who="1" m="49599" /><E129/><V124/><F104/><W34/><G34/><T68/><D68/><U119/><E87/><V110/><F106/><W0/><G0/><T63/><D63/><U29/><E29/><V15/><F110/><W76/><G76/><T3/><D96/><U105/><E105/><V61/><F26/><W89/><G39/><T88/><D88/><U28/><E28/><V33/><F33/><W131/><G131/><T120/><D107/><U100/><E112/><V57/><REACH who="2" step="1"/><F61/><REACH who="2" ten="449,99,293,149" step="2"/><W97/><AGARI ba="0,1" hai="8,14,19,20,23,37,42,44,89,94,97" m="41545" machi="97" ten="30,1500,0" yaku="10,1" doraHai="133" who="3" fromWho="3" sc="449,-5,99,-5,293,-5,149,25" /><INIT seed="7,1,0,5,0,0" ten="444,94,288,174" oya="3" hai0="19,27,80,88,134,26,22,6,86,36,78,133,13" hai1="102,101,91,72,125,3,18,2,51,69,47,81,64" hai2="14,16,97,63,32,50,99,83,30,60,79,126,89" hai3="135,93,62,66,58,85,117,1,114,25,71,124,37"/><W46/><G117/><T55/><D36/><U67/><E125/><V118/><F118/><W59/><G1/><T94/><D55/><U15/><E101/><V96/><F126/><W74/><G124/><T103/><D103/><U107/><E107/><V115/><F115/><W12/><G74/><T56/><D56/><U84/><E102/><V65/><F89/><W52/><G114/><T29/><D6/><U5/><E72/><V33/><F50/><W53/><G135/><N who="0" m="51723" /><D29/><U54/><E5/><V21/><F30/><W57/><G25/><T45/><D45/><U76/><E76/><V10/><F21/><W113/><G113/><T41/><D41/><U87/><E87/><AGARI ba="1,0" hai="13,19,22,26,27,78,80,86,87,88,94" m="51723" machi="87" ten="30,2000,0" yaku="20,1,54,1" doraHai="0" who="0" fromWho="1" sc="444,23,94,-23,288,0,174,0" owari="467,57.0,71,-43.0,288,9.0,174,-23.0" /></mjloggm>