<mjloggm ver="2.3"><GO type="169" lobby="0"/><UN n0="%E5%B0%B1%E6%B4%BB%E7%94%9F%40%E5%B7%9D%E6%9D%91%E8%BB%8D%E5%9B%A3" n1="%E3%81%88%E3%81%B3%E3%81%99%39%2F%39" n2="%E7%82%8E%E3%81%AE%E3%82%B7%E3%83%A5%E3%83%AC%E3%83%B3" n3="%E3%83%9D%E3%82%B3%E3%83%94%E3%83%B3" dan="18,17,17,16" rate="2320.57,2207.45,2175.45,2115.95" sx="M,M,M,M"/><TAIKYOKU oya="0"/><INIT seed="0,0,0,0,3,36" ten="250,250,250,250" oya="0" hai0="114,111,70,74,113,16,89,88,56,76,27,62,7" hai1="31,71,25,50,6,128,80,98,101,135,26,87,20" hai2="24,109,86,30,61,23,14,134,40,0,49,107,91" hai3="112,58,4,48,28,132,120,60,125,94,13,11,92"/><T117/><D117/><U133/><E71/><V100/><F0/><W83/><G125/><T46/><D70/><U77/><E128/><V84/><F109/><W39/><G39/><T115/><D7/><U93/><E6/><V52/><F134/><W32/><G112/><T12/><D111/><U65/><E26/><V47/><F107/><W54/><G132/><T35/><D35/><U130/><E130/><V41/><F100/><W108/><G120/><T1/><D1/><U19/><E19/><V118/><F118/><W82/><G28/><T119/><D27/><U103/><E103/><V105/><F105/><W102/><G32/><T17/><D17/><U131/><E131/><V127/><F127/><W21/><G21/><T79/><D46/><U43/><REACH who="1" step="1"/><E65/><REACH who="1" ten="250,240,250,250" step="2"/><V121/><F121/><W57/><G108/><T59/><D119/><U96/><E96/><V66/><F14/><W124/><G124/><T99/><D99/><U10/><E10/><V9/><F9/><W126/><G102/><T22/><D74/><U33/><E33/><V72/><F72/><W51/><G126/><T90/><REACH who="0" step="1"/><D59/><REACH who="0" ten="240,240,250,250" step="2"/><U64/><E64/><AGARI ba="0,2" hai="12,16,22,56,62,64,76,79,88,89,90,113,114,115" machi="64" ten="50,12000,1" yaku="1,1,2,1,54,2,53,0" doraHai="36" doraHaiUra="29" who="0" fromWho="1" sc="240,140,240,-120,250,0,250,0" /><INIT seed="0,1,0,1,4,115" ten="380,120,250,250" oya="0" hai0="24,19,49,118,131,122,123,83,33,66,41,40,30" hai1="134,56,59,124,90,85,113,26,35,110,71,112,114" hai2="87,34,128,2,63,120,109,79,37,5,14,126,86" hai3="76,44,89,135,7,80,130,42,106,75,129,78,17"/><T52/><D131/><U73/><E73/><V11/><F34/><W77/><G135/><T98/><D66/><U104/><E134/><V16/><F120/><W94/><G106/><T55/><D118/><U68/><E104/><V60/><F37/><W58/><G58/><N who="1" m="22058" /><E110/><V111/><F126/><W96/><G17/><T13/><D41/><U51/><E51/><V28/><F28/><W107/><G7/><T25/><D40/><U29/><E124/><V10/><F128/><N who="3" m="49259" /><G107/><T62/><D62/><N who="2" m="23594" /><F79/><W22/><G22/><T45/><D55/><U15/><E15/><V105/><F105/><W74/><G75/><T54/><D54/><U46/><E46/><V47/><F47/><W117/><G117/><T64/><D64/><U108/><E108/><AGARI ba="1,0" hai="2,5,10,11,14,16,86,87,108,109,111" m="23594" machi="108" ten="30,2000,0" yaku="14,1,54,1" doraHai="115" who="2" fromWho="1" sc="380,0,120,-23,250,23,250,0" /><INIT seed="1,0,0,4,2,44" ten="380,97,273,250" oya="1" hai0="57,52,134,97,63,1,36,67,30,131,104,56,14" hai1="125,77,42,62,115,106,10,69,96,121,18,123,79" hai2="51,120,124,38,66,92,135,9,54,110,95,108,102" hai3="0,32,37,15,49,111,89,5,73,129,17,19,103"/><U109/><E115/><V53/><F120/><W116/><G111/><N who="2" m="42537" /><F38/><W23/><G129/><T86/><D1/><U114/><E114/><V65/><F135/><W130/><G73/><T127/><D36/><U43/><E109/><V85/><F124/><W41/><G37/><T81/><D131/><U70/><E62/><V6/><F102/><W98/><G32/><T20/><D127/><U12/><E125/><V8/><F85/><W105/><G116/><T3/><D3/><U113/><E113/><V132/><F132/><W76/><G76/><T100/><D134/><U93/><E106/><V91/><F91/><W122/><G122/><T27/><D14/><U83/><E96/><V50/><F65/><W87/><G0/><T24/><D27/><U90/><E90/><V4/><F66/><W55/><G41/><T28/><D86/><U25/><E93/><N who="2" m="35915" /><F9/><W82/><G130/><T68/><D81/><U34/><E83/><V22/><F22/><W99/><G99/><T78/><D78/><U16/><E10/><V94/><N who="2" m="35923" /><V45/><DORA hai="33" /><F8/><W46/><REACH who="3" step="1"/><G23/><REACH who="3" ten="380,97,273,240" step="2"/><T60/><D68/><U40/><E40/><V35/><F35/><W119/><G119/><T88/><D88/><U39/><E39/><V31/><F31/><AGARI ba="0,1" hai="20,24,28,30,31,52,56,57,60,63,67,97,100,104" machi="31" ten="30,2000,0" yaku="7,1,54,1" doraHai="44,33" who="0" fromWho="2" sc="380,30,97,0,273,-20,240,0" /><INIT seed="2,0,0,3,4,76" ten="410,97,253,240" oya="2" hai0="37,133,56,9,124,6,77,41,19,105,100,87,79" hai1="78,104,54,122,15,85,71,57,62,112,60,32,20" hai2="72,68,94,70,45,17,92,82,22,35,13,44,91" hai3="46,11,26,130,96,1,5,4,116,108,135,47,99"/><V127/><F35/><W109/><G130/><T83/><D124/><U24/><E112/><V126/><F70/><W115/><G135/><T102/><D133/><U49/><E122/><V93/><F68/><W88/><G116/><T114/><D114/><U38/><E38/><V84/><REACH who="2" step="1"/><F72/><REACH who="2" ten="410,97,243,240" step="2"/><W53/><G115/><T90/><D105/><U10/><E104/><V21/><F21/><W36/><G26/><T86/><D37/><U34/><E34/><V121/><F121/><W69/><G69/><T107/><D107/><U117/><E32/><V2/><F2/><W131/><G36/><T63/><D41/><U111/><E71/><V118/><F118/><W27/><G27/><T97/><D19/><N who="1" m="8695" /><E117/><V73/><F73/><W16/><G1/><T134/><D134/><U103/><E111/><V129/><F129/><W64/><G131/><T29/><D29/><N who="1" m="17543" /><E103/><V43/><F43/><W80/><G109/><T58/><D100/><U119/><E119/><V125/><AGARI ba="0,1" hai="13,17,22,44,45,82,84,91,92,93,94,125,126,127" machi="125" ten="40,12000,1" yaku="1,1,0,1,18,1,52,1,53,0" doraHai="76" doraHaiUra="61" who="2" fromWho="2" sc="410,-40,97,-40,243,130,240,-40" /><INIT seed="2,1,0,0,1,45" ten="370,57,373,200" oya="2" hai0="97,41,93,11,56,67,82,95,4,135,77,126,55" hai1="16,91,85,8,64,133,18,121,70,59,34,31,0" hai2="3,32,72,54,108,94,23,49,129,74,90,7,76" hai3="20,73,48,21,79,103,17,36,119,120,26,92,75"/><V40/><F32/><W128/><G128/><T9/><D126/><U12/><E133/><V30/><F129/><W118/><G120/><T53/><D135/><U96/><E121/><V57/><F108/><W22/><G36/><T46/><D67/><U99/><E70/><V71/><F71/><W5/><G21/><T132/><D132/><U123/><E123/><V80/><F40/><W60/><G60/><T107/><D107/><U10/><E31/><V106/><F106/><W101/><G5/><T83/><D11/><U87/><E34/><V130/><F130/><W50/><G92/><T29/><D29/><U39/><E39/><V86/><F30/><W131/><G131/><T27/><D27/><U69/><E69/><V111/><F111/><W102/><G79/><T127/><D83/><U110/><E110/><V58/><F23/><N who="3" m="8747" /><G26/><T52/><D56/><U44/><E44/><V13/><F3/><W105/><G17/><T66/><D66/><U114/><E114/><V98/><REACH who="2" step="1"/><F57/><REACH who="2" ten="370,57,363,200" step="2"/><W42/><G105/><T112/><D112/><U100/><E0/><V116/><F116/><N who="3" m="44587" /><G42/><T88/><D127/><U89/><E59/><V38/><F38/><W33/><G33/><T6/><D9/><AGARI ba="1,1" hai="7,9,13,49,54,58,72,74,76,80,86,90,94,98" machi="9" ten="40,3900,0" yaku="1,1,52,1,53,0" doraHai="45" doraHaiUra="117" who="2" fromWho="0" sc="370,-42,57,0,363,52,200,0" /><INIT seed="2,2,0,4,0,107" ten="328,57,415,200" oya="2" hai0="25,78,37,104,3,43,63,50,53,17,77,10,22" hai1="62,86,41,72,61,13,119,70,97,74,87,111,65" hai2="24,64,82,26,100,7,6,15,27,83,5,45,102" hai3="19,92,9,99,94,130,133,127,121,95,23,116,90"/><V67/><F15/><W48/><G133/><T112/><D104/><U71/><E119/><V47/><F82/><W114/><G130/><T14/><D112/><U66/><E111/><V40/><F83/><W69/><G127/><T0/><D37/><U42/><E13/><V91/><F91/><W12/><G121/><T89/><D43/><U134/><REACH who="1" step="1"/><E134/><REACH who="1" ten="328,47,415,200" step="2"/><V84/><F84/><W52/><G116/><T118/><D118/><U80/><E80/><V105/><F105/><W106/><G106/><T81/><D3/><U57/><E57/><V129/><F129/><W46/><G69/><T79/><D0/><U4/><E4/><V108/><F108/><W36/><G114/><T113/><D113/><U60/><E60/><V122/><F122/><W123/><G123/><T98/><D63/><U73/><E73/><V115/><F115/><W125/><G125/><T2/><D2/><U109/><E109/><V8/><F6/><N who="3" m="3127" /><G36/><T51/><D14/><AGARI ba="2,1" hai="14,19,23,46,48,52,90,92,94,95,99" m="3127" machi="14" ten="30,2000,0" yaku="8,1,54,1" doraHai="107" who="3" fromWho="0" sc="328,-26,47,0,415,0,200,36" /><INIT seed="3,0,0,5,0,80" ten="302,47,415,236" oya="3" hai0="124,17,28,24,46,96,107,78,47,82,120,10,65" hai1="68,129,114,69,37,118,115,119,0,8,19,109,100" hai2="99,61,44,108,64,26,58,132,84,23,72,112,54" hai3="40,49,66,111,20,60,134,123,53,102,11,41,113"/><W79/><G134/><T97/><D120/><U74/><E100/><V31/><F72/><W21/><G113/><T70/><D124/><U135/><E19/><V6/><F112/><W25/><G123/><T77/><D70/><U27/><E27/><V87/><F132/><W116/><G116/><T57/><D65/><U62/><E8/><V86/><F108/><W16/><G111/><T75/><D57/><U43/><E43/><V126/><F126/><W90/><G79/><T92/><D78/><U2/><E62/><V130/><F130/><W103/><G11/><T101/><D17/><U121/><E68/><V9/><F99/><W51/><G20/><T42/><D42/><U15/><E15/><N who="2" m="5559" /><F44/><N who="3" m="25735" /><G90/><T95/><D10/><U32/><E115/><V94/><F94/><W36/><G36/><T110/><D110/><U131/><E131/><V5/><F5/><W12/><G12/><T89/><D95/><U104/><E119/><V1/><F1/><W56/><G66/><AGARI ba="0,0" hai="23,26,31,54,58,61,64,66,84,86,87" m="5559" machi="66" ten="30,7700,0" yaku="8,1,52,3" doraHai="80" who="2" fromWho="3" sc="302,0,47,0,415,77,236,-77" /><INIT seed="4,0,0,1,4,110" ten="302,47,492,159" oya="0" hai0="134,114,63,102,55,27,73,42,25,95,56,68,85" hai1="19,80,120,44,45,133,51,28,79,22,71,72,83" hai2="6,107,35,130,88,52,89,39,122,99,12,66,91" hai3="34,10,7,87,123,50,104,31,96,37,75,92,33"/><T16/><D73/><U13/><E120/><V97/><F122/><W54/><G37/><T126/><D68/><U5/><E71/><V135/><F35/><W132/><G132/><T103/><D134/><U117/><E117/><V128/><F135/><W121/><G75/><T2/><D2/><U84/><E133/><V127/><F127/><W43/><G31/><T17/><D42/><U93/><E93/><V47/><F66/><W94/><G104/><T59/><D95/><U41/><E28/><V20/><F107/><W49/><G121/><T125/><D63/><U101/><E101/><V4/><F39/><W29/><G29/><T30/><D30/><U60/><E60/><V69/><F69/><W26/><G26/><T32/><D85/><U77/><E45/><V86/><F86/><W113/><G123/><T78/><D78/><U109/><E109/><V98/><F20/><W15/><G87/><T65/><D55/><U24/><REACH who="1" step="1"/><E5/><REACH who="1" ten="302,37,492,159" step="2"/><V48/><F4/><N who="3" m="3527" /><G92/><T0/><D32/><U36/><E36/><V81/><F81/><W3/><G33/><T23/><D103/><U106/><E106/><V57/><F47/><W21/><G94/><T61/><D102/><U82/><E82/><V40/><F6/><W64/><G7/><T108/><D108/><U67/><E67/><V1/><F1/><W115/><G64/><T18/><D0/><U105/><E105/><V116/><F116/><W8/><G34/><T129/><D65/><U90/><E90/><V38/><F38/><W76/><G3/><T124/><D125/><U112/><E112/><V9/><F91/><RYUUKYOKU ba="0,1" sc="302,-10,37,30,492,-10,159,-10" hai1="13,19,22,24,41,44,51,72,77,79,80,83,84" /><INIT seed="5,1,1,5,0,72" ten="292,67,482,149" oya="1" hai0="127,16,119,84,19,27,91,71,97,64,2,90,105" hai1="26,83,6,108,35,111,95,118,48,51,31,117,12" hai2="5,46,134,82,21,53,42,109,32,40,36,22,57" hai3="13,63,60,75,50,135,39,94,45,125,58,73,103"/><U70/><E70/><V96/><F109/><N who="1" m="42057" /><E95/><V66/><F32/><W114/><G114/><T74/><D74/><U62/><E62/><V59/><F42/><W106/><G125/><T23/><D2/><U11/><E83/><V126/><F134/><W61/><G106/><T44/><D127/><U8/><E51/><V15/><F126/><W79/><G135/><T47/><D119/><U52/><E11/><V98/><F66/><W100/><G39/><T20/><D64/><U41/><E41/><V14/><F82/><W7/><G75/><T1/><D71/><U55/><E55/><V38/><F40/><W30/><G61/><T99/><D105/><U54/><E54/><V76/><F53/><W128/><G94/><T132/><D132/><U80/><E80/><V68/><F68/><W43/><G63/><T10/><D97/><U89/><E89/><V121/><F46/><AGARI ba="1,1" hai="6,8,12,26,31,35,46,48,52,117,118" m="42057" machi="46" ten="30,2900,0" yaku="10,1,54,1" doraHai="72" who="1" fromWho="2" sc="292,0,67,42,482,-32,149,0" /><INIT seed="5,2,0,3,5,66" ten="292,109,450,149" oya="1" hai0="52,13,92,97,31,86,128,89,45,36,112,4,38" hai1="56,70,68,16,131,75,39,90,29,57,2,54,72" hai2="91,19,108,65,125,84,109,98,105,115,133,9,114" hai3="104,30,3,22,132,24,7,50,100,118,12,1,42"/><U27/><E2/><V103/><F65/><W77/><G104/><T5/><D112/><N who="2" m="43050" /><F133/><W41/><G100/><T59/><D128/><U95/><E39/><V61/><F61/><W121/><G121/><T88/><D31/><U62/><E131/><V73/><F73/><N who="1" m="28233" /><E29/><V101/><F101/><W120/><G118/><T14/><D38/><U23/><E57/><V135/><F135/><W74/><G120/><T69/><D69/><U78/><E78/><V43/><F43/><W127/><G42/><T111/><D45/><U81/><E81/><N who="2" m="49551" /><F125/><W10/><G127/><T17/><D36/><U83/><E83/><V71/><F71/><W123/><G123/><T33/><D33/><U93/><E93/><V11/><F11/><W79/><G132/><T58/><D58/><U124/><E124/><V82/><F82/><W102/><G74/><T32/><D32/><U47/><E47/><V37/><F37/><W80/><G80/><N who="0" m="49223" /><D111/><U26/><E26/><V87/><F87/><W117/><G10/><N who="0" m="6327" /><D14/><AGARI ba="2,0" hai="9,14,19,98,103,105,108,109" m="49551,43050" machi="14" ten="30,2000,0" yaku="15,1,11,1" doraHai="66" who="2" fromWho="0" sc="292,-26,109,0,450,26,149,0" /><INIT seed="6,0,0,0,5,68" ten="266,109,476,149" oya="2" hai0="43,44,0,110,31,111,28,56,71,49,77,119,13" hai1="73,37,90,54,7,36,20,97,92,2,102,35,123" hai2="23,94,26,25,104,29,91,96,32,8,109,127,82" hai3="99,57,46,59,51,95,19,74,120,55,17,30,58"/><V67/><F127/><W66/><G74/><T65/><D0/><U83/><E35/><V63/><F109/><W101/><G120/><T12/><D77/><U14/><E123/><V40/><F40/><W27/><REACH who="3" step="1"/><G66/><REACH who="3" ten="266,109,476,139" step="2"/><T50/><D65/><U116/><E116/><V130/><F67/><W42/><G42/><T107/><D43/><U134/><E134/><V126/><F126/><W62/><G62/><T117/><D117/><U132/><E132/><V6/><F63/><W88/><G88/><T9/><D119/><U39/><E54/><V47/><F91/><W75/><G75/><T22/><D110/><U89/><E2/><V108/><F108/><W53/><G53/><T72/><D72/><U105/><E105/><V79/><F104/><W86/><G86/><T125/><D107/><U81/><E73/><V80/><F79/><W16/><G16/><T45/><D111/><U98/><E7/><V93/><F6/><W41/><G41/><T106/><D106/><U18/><E102/><V60/><F60/><W34/><AGARI ba="0,1" hai="17,19,27,30,34,46,51,55,57,58,59,95,99,101" machi="34" ten="30,4000,0" yaku="1,1,0,1,53,1" doraHai="68" doraHaiUra="48" who="3" fromWho="3" sc="266,-10,109,-10,476,-20,139,50" /><INIT seed="7,0,0,2,4,26" ten="256,99,456,189" oya="3" hai0="59,87,117,33,72,31,68,51,88,23,123,7,19" hai1="129,32,115,102,24,4,49,52,35,25,46,21,50" hai2="41,45,113,80,92,55,135,130,13,99,82,27,116" hai3="100,39,78,75,131,125,34,0,70,43,98,20,106"/><W84/><G20/><T56/><D68/><U76/><E129/><V30/><F113/><W89/><G131/><T69/><D69/><U111/><E111/><V60/><F130/><W127/><G70/><T29/><D72/><U107/><E115/><V15/><F15/><W122/><G122/><T133/><D33/><U94/><E107/><V1/><F13/><W18/><G18/><T42/><D7/><U91/><E102/><V114/><F1/><W90/><G0/><T12/><D123/><U81/><E4/><V104/><F104/><W109/><G34/><T85/><D85/><U112/><E50/><V37/><F135/><W44/><G109/><T83/><D133/><U73/><E112/><V97/><F97/><W95/><G90/><T61/><D117/><U48/><E48/><V9/><F9/><W119/><G119/><T65/><D56/><U101/><E101/><V63/><F63/><W57/><G57/><T126/><D126/><U67/><E67/><V77/><F77/><W93/><G93/><T74/><D74/><U110/><E110/><V5/><F5/><W120/><G120/><T28/><D51/><U58/><E58/><V71/><F116/><W134/><G134/><T14/><D42/><U96/><REACH who="1" step="1"/><E25/><AGARI ba="0,0" hai="12,14,19,23,25,28,29,31,59,61,65,83,87,88" machi="25" ten="40,8000,1" yaku="8,1,52,3,54,1" doraHai="26" who="0" fromWho="1" sc="256,80,99,-80,456,0,189,0" owari="336,14.0,19,-48.0,456,55.0,189,-21.0" /></mjloggm>