<mjloggm ver="2.3"><GO type="169" lobby="0"/><UN n0="%E6%9C%AC%E7%89%A9%E5%A5%B3%E5%AD%90%E9%AB%98%E7%94%9F" n1="%E9%85%94%E5%A5%B4%E4%BA%BA" n2="%E3%82%A6%E3%83%AB%E3%83%88%E3%83%A9%E7%AB%8B%E7%9B%B4" n3="%79%75%2D%2D%2D%2D%2D%75" dan="16,16,18,17" rate="2062.35,2082.48,2226.81,2165.23" sx="F,M,M,M"/><TAIKYOKU oya="0"/><INIT seed="0,0,0,3,2,3" ten="250,250,250,250" oya="0" hai0="119,63,18,43,126,55,97,84,103,26,46,23,15" hai1="2,121,104,105,47,90,20,44,73,8,118,6,56" hai2="123,131,7,78,27,89,69,54,12,29,130,34,114" hai3="120,72,40,11,39,74,106,51,101,10,124,57,65"/><T70/><D119/><U42/><E121/><V13/><F69/><W52/><G120/><T0/><D0/><U107/><E118/><V113/><F78/><W128/><G128/><N who="2" m="49193" /><F89/><W112/><G124/><T80/><D126/><U98/><E20/><V115/><F54/><W28/><G112/><T64/><D55/><U22/><E22/><V41/><F41/><W9/><G28/><T111/><D111/><U71/><E71/><V4/><F123/><W24/><G24/><T50/><D26/><U122/><E122/><V61/><F61/><W134/><G134/><T49/><D49/><U133/><E133/><V14/><AGARI ba="0,0" hai="4,7,12,13,14,27,29,34,113,114,115" m="49193" machi="14" ten="40,8000,1" yaku="19,1,34,2,52,2" doraHai="3" who="2" fromWho="2" sc="250,-40,250,-20,250,80,250,-20" /><INIT seed="1,0,0,1,2,40" ten="210,230,330,230" oya="1" hai0="72,85,81,58,135,69,89,104,39,51,106,77,112" hai1="125,34,23,1,130,117,121,115,90,124,33,119,0" hai2="45,30,43,46,107,6,96,114,49,126,32,44,60" hai3="74,10,42,128,92,101,20,68,97,70,99,80,15"/><U8/><E90/><V52/><F126/><N who="1" m="48745" /><E121/><V100/><F114/><W110/><G110/><T27/><D69/><U25/><E115/><V102/><F102/><W131/><G42/><T7/><D39/><U93/><E93/><V88/><F6/><W14/><G99/><T31/><D7/><N who="1" m="1127" /><E1/><V21/><F21/><W62/><G74/><T113/><D104/><U123/><E123/><V17/><F17/><N who="3" m="10303" /><G62/><T29/><D106/><U95/><E95/><V83/><F83/><W54/><G80/><T61/><D29/><N who="1" m="17599" /><E130/><N who="3" m="49706" /><G54/><T16/><D81/><U47/><E47/><V67/><F88/><W111/><G111/><T120/><D89/><U132/><E132/><V122/><F122/><W53/><G53/><T79/><D135/><U73/><E73/><V13/><F43/><W26/><G92/><T28/><D72/><U9/><E9/><V4/><F45/><W75/><G75/><T12/><D120/><U56/><E56/><V82/><F46/><W19/><G68/><T127/><D113/><U129/><E129/><V37/><F37/><W108/><G70/><T48/><D127/><U65/><E65/><V38/><F38/><W36/><G36/><T50/><D112/><U64/><E64/><V5/><F82/><W66/><G66/><N who="0" m="39223" /><D85/><U76/><E76/><N who="0" m="29257" /><D27/><U22/><E22/><AGARI ba="0,0" hai="12,16,22,28,31,48,50,51" m="29257,39223" machi="22" ten="30,2000,0" yaku="8,1,54,1" doraHai="40" who="0" fromWho="1" sc="210,20,230,-20,330,0,230,0" /><INIT seed="2,0,0,1,3,110" ten="230,210,330,230" oya="2" hai0="54,79,115,106,124,100,81,7,126,86,103,26,53" hai1="55,61,135,13,28,74,63,83,128,95,96,43,72" hai2="101,46,41,67,102,39,75,131,25,60,93,44,69" hai3="50,34,47,105,56,19,99,123,98,114,49,66,132"/><V40/><F75/><W11/><G123/><T36/><D36/><U108/><E108/><V97/><F25/><W5/><G34/><T82/><D7/><U52/><E135/><V57/><F131/><W3/><G132/><T64/><D64/><U118/><E118/><V1/><F1/><W9/><G105/><T89/><D26/><U76/><E128/><V78/><F78/><W22/><G9/><T27/><D27/><U121/><E74/><V125/><F125/><W48/><G47/><T24/><D24/><U0/><E0/><V127/><F127/><N who="0" m="48682" /><D106/><U130/><E130/><V32/><F32/><W10/><G10/><T21/><D21/><U16/><E28/><V134/><F134/><W23/><G22/><T15/><D15/><U20/><E43/><V111/><F111/><W112/><G66/><T18/><D18/><U38/><E38/><V51/><REACH who="2" step="1"/><F102/><REACH who="2" ten="230,210,320,230" step="2"/><W80/><G3/><T65/><D103/><U29/><E121/><V73/><F73/><W92/><G56/><AGARI ba="0,1" hai="39,40,41,44,46,51,56,57,60,67,69,93,97,101" machi="56" ten="40,2000,0" yaku="1,1,53,0" doraHai="110" doraHaiUra="17" who="2" fromWho="3" sc="230,0,210,0,320,30,230,-20" /><INIT seed="2,1,0,1,5,56" ten="230,210,350,210" oya="2" hai0="34,78,102,61,115,17,121,74,118,9,42,51,88" hai1="48,67,109,11,105,132,79,91,107,70,89,80,106" hai2="27,39,101,99,24,64,38,59,92,128,15,116,100" hai3="33,110,130,20,1,46,31,93,135,57,104,58,44"/><V125/><F116/><W103/><G104/><T131/><D34/><U25/><E109/><V90/><F125/><W53/><G110/><T114/><D121/><U122/><E132/><V77/><F128/><W6/><G33/><T84/><D102/><U87/><E122/><V52/><F77/><W10/><G135/><T30/><D30/><U23/><E11/><V16/><F64/><W18/><G31/><T5/><D131/><U40/><E40/><V19/><F39/><W108/><G108/><T62/><D17/><U21/><E21/><N who="2" m="13351" /><F38/><W8/><G8/><T63/><D118/><U73/><E48/><N who="2" m="31111" /><F27/><W14/><G130/><T133/><D133/><U37/><E37/><V49/><F49/><W113/><G113/><T123/><D123/><U134/><E134/><V126/><F126/><W111/><G111/><T127/><D127/><U55/><E55/><V82/><F82/><W94/><G53/><T47/><D78/><U71/><E73/><V43/><F43/><W83/><G83/><T124/><D74/><U119/><E119/><V98/><F98/><W13/><G1/><T0/><REACH who="0" step="1"/><D124/><REACH who="0" ten="220,210,350,210" step="2"/><U22/><E79/><V85/><F99/><W28/><G28/><T60/><N who="0" m="15360" /><DORA hai="35" /><T129/><D129/><U65/><E105/><V3/><F101/><W54/><G103/><T41/><D41/><U4/><E107/><V95/><F100/><W66/><G18/><T32/><D32/><U29/><E106/><V81/><F19/><W117/><G117/><T120/><D120/><U69/><E29/><V26/><F90/><W75/><G75/><T76/><D76/><RYUUKYOKU ba="1,1" sc="220,30,210,-10,350,-10,210,-10" hai0="0,5,9,42,47,51,84,88,114,115" /><INIT seed="3,2,1,4,5,69" ten="250,200,340,200" oya="3" hai0="29,74,39,3,78,94,116,50,99,131,113,59,76" hai1="53,104,64,80,51,63,122,68,21,41,57,95,128" hai2="107,110,14,108,129,135,83,66,115,71,13,96,102" hai3="97,16,117,112,62,89,103,10,0,6,54,86,56"/><W119/><G112/><T126/><D3/><U49/><E104/><V77/><F115/><W121/><G121/><T37/><D113/><U101/><E122/><V36/><F36/><W75/><G75/><T47/><D116/><U123/><E123/><V43/><F43/><W15/><G86/><T92/><D126/><U90/><E128/><V55/><F55/><W48/><G89/><T1/><D1/><U19/><E101/><V27/><F27/><W87/><G87/><T31/><D131/><U7/><E7/><V26/><F26/><W9/><REACH who="3" step="1"/><G48/><REACH who="3" ten="250,200,340,190" step="2"/><T81/><D78/><U100/><E100/><V130/><F130/><W24/><G24/><T98/><D98/><U28/><E80/><V61/><F129/><W85/><G85/><T20/><D99/><U23/><E90/><V114/><F114/><W25/><G25/><T52/><D92/><AGARI ba="2,2" hai="0,6,9,10,15,16,54,56,62,92,97,103,117,119" machi="92" ten="30,5800,0" yaku="1,1,7,1,54,1,53,0" doraHai="69" doraHaiUra="133" who="3" fromWho="0" sc="250,-64,200,0,340,0,190,84" /><INIT seed="3,3,0,5,2,33" ten="186,200,340,274" oya="3" hai0="25,108,41,45,70,79,48,122,67,118,61,10,8" hai1="105,28,96,58,132,123,81,76,97,98,135,129,121" hai2="50,56,90,4,18,40,102,74,78,126,117,32,31" hai3="65,5,53,44,80,66,125,9,124,6,17,15,59"/><W22/><G80/><T106/><D118/><U12/><E12/><V113/><F113/><W19/><G5/><T63/><D122/><U57/><E28/><V64/><F117/><W36/><G17/><T54/><D108/><U103/><E57/><V47/><F126/><N who="3" m="48747" /><G36/><T87/><D106/><U20/><E20/><V109/><F4/><W16/><G44/><T75/><D75/><N who="1" m="43167" /><E58/><V100/><F109/><W82/><G82/><T83/><D63/><U3/><E3/><V133/><F78/><W49/><G19/><T134/><D134/><N who="1" m="51243" /><E129/><V60/><F133/><W94/><G94/><T42/><D42/><U30/><E30/><V127/><F127/><W95/><G95/><T104/><D104/><U111/><E111/><V88/><F18/><W69/><G69/><T130/><D130/><U116/><E116/><V51/><F40/><W72/><G72/><T23/><REACH who="0" step="1"/><D41/><REACH who="0" ten="176,200,340,274" step="2"/><U62/><E62/><V73/><F74/><W107/><G107/><T114/><D114/><U11/><E11/><V26/><F73/><W24/><AGARI ba="3,1" hai="6,9,15,16,22,24,49,53,59,65,66" m="48747" machi="24" ten="30,3000,0" yaku="18,1,54,1" doraHai="33" who="3" fromWho="3" sc="176,-13,200,-13,340,-13,274,49" /><INIT seed="3,4,0,0,0,134" ten="163,187,327,323" oya="3" hai0="54,81,40,96,94,30,91,32,107,64,115,57,62" hai1="47,121,87,110,24,38,131,70,126,34,122,135,129" hai2="22,75,53,118,114,111,89,49,102,9,56,72,8" hai3="31,15,46,33,86,43,51,25,93,59,35,7,11"/><W73/><G73/><T67/><D115/><U42/><E135/><V68/><F68/><W106/><G106/><T123/><D123/><N who="1" m="47115" /><E87/><V132/><F118/><W44/><G59/><T63/><D107/><U28/><E110/><V16/><F102/><W48/><G93/><T78/><D40/><U4/><E4/><V105/><F105/><W66/><G66/><T104/><D104/><U133/><E133/><V13/><F111/><W99/><G86/><T17/><D17/><U120/><E120/><V26/><F114/><W27/><G99/><T92/><D92/><U97/><E97/><V101/><F132/><W6/><G6/><T119/><D119/><U74/><E74/><V128/><F128/><N who="1" m="49225" /><E70/><V45/><F101/><W14/><G14/><T19/><D19/><U2/><E2/><V60/><F89/><W29/><REACH who="3" step="1"/><G46/><REACH who="3" ten="163,187,327,313" step="2"/><T82/><D82/><U83/><E83/><V98/><F98/><W1/><G1/><T55/><D81/><U125/><AGARI ba="4,1" hai="24,28,34,38,42,47,125,126" m="49225,47115" machi="125" ten="40,8000,1" yaku="19,1,23,1,52,2" doraHai="134" who="1" fromWho="1" sc="163,-24,187,102,327,-24,313,-44" /><INIT seed="4,0,0,2,4,114" ten="139,289,303,269" oya="0" hai0="69,96,62,3,97,115,23,37,113,83,45,120,12" hai1="66,84,132,25,80,76,20,91,128,135,48,81,117" hai2="53,0,86,43,34,27,67,82,11,57,118,89,16" hai3="39,46,8,105,92,40,38,55,70,24,110,35,124"/><T101/><D3/><U63/><E48/><V44/><F67/><W60/><G105/><T73/><D120/><U32/><E32/><V102/><F102/><W58/><G110/><T125/><D125/><U4/><E4/><V126/><F126/><W103/><G124/><T9/><D23/><U33/><E33/><V119/><F0/><W74/><G74/><T79/><D69/><U131/><E117/><N who="2" m="44555" /><F34/><W13/><G24/><T95/><D62/><U134/><E20/><N who="2" m="13703" /><F11/><W22/><G22/><T77/><D77/><U108/><E25/><V6/><F6/><W116/><G35/><T90/><D45/><U122/><E122/><V54/><F57/><W51/><G70/><T106/><REACH who="0" step="1"/><D37/><AGARI ba="0,0" hai="37,43,44,53,54,82,86,89" m="13703,44555" machi="37" ten="30,8000,1" yaku="12,1,52,3,54,1" doraHai="114" who="2" fromWho="0" sc="139,-80,289,0,303,80,269,0" /><INIT seed="5,0,0,1,0,27" ten="59,289,383,269" oya="1" hai0="106,44,50,67,35,130,94,96,26,85,97,74,79" hai1="135,58,28,113,10,22,16,107,6,78,83,14,126" hai2="86,122,110,51,17,99,123,72,48,115,23,81,1" hai3="11,66,82,101,73,88,132,112,55,114,84,30,33"/><U53/><E107/><V2/><F72/><W42/><G132/><T24/><D130/><U12/><E113/><N who="3" m="43626" /><G42/><T87/><D67/><U34/><E126/><V63/><F63/><W0/><G73/><T15/><D74/><U71/><E71/><V43/><F99/><W124/><G66/><T95/><D106/><U45/><E135/><V38/><F23/><W37/><G37/><T116/><D116/><U98/><E98/><V131/><F17/><W119/><G119/><T54/><D79/><U9/><E45/><V92/><F81/><W41/><G41/><T21/><D15/><U103/><E103/><V127/><F1/><W117/><G117/><T125/><D125/><U40/><E40/><V77/><F92/><W46/><G101/><T59/><D35/><U60/><E34/><V105/><F43/><W134/><G134/><T36/><D36/><U8/><REACH who="1" step="1"/><E28/><REACH who="1" ten="59,279,383,269" step="2"/><V89/><F105/><W61/><G30/><T68/><D68/><U31/><E31/><V18/><F127/><W52/><G33/><T93/><D44/><U25/><E25/><V111/><F115/><W91/><G46/><T90/><D26/><U108/><E108/><V29/><F29/><W76/><G124/><T47/><D47/><U102/><E102/><V64/><F111/><W109/><G109/><T129/><D129/><U75/><AGARI ba="0,1" hai="6,8,9,10,12,14,16,22,53,58,60,75,78,83" machi="75" ten="20,7800,0" yaku="1,1,0,1,7,1,54,1,53,0" doraHai="27" doraHaiUra="65" who="1" fromWho="1" sc="59,-26,279,88,383,-26,269,-26" /><INIT seed="5,1,0,2,4,42" ten="33,367,357,243" oya="1" hai0="80,126,108,15,70,114,96,88,33,8,78,63,53" hai1="84,61,73,67,41,18,38,79,30,55,20,122,19" hai2="110,120,48,65,50,21,116,6,97,51,119,68,74" hai3="12,27,77,104,71,11,102,132,81,118,58,125,3"/><U134/><E122/><V44/><F74/><W40/><G71/><T0/><D114/><U36/><E134/><V89/><F6/><W35/><G118/><T109/><D126/><U37/><E73/><V87/><F97/><W1/><G132/><T115/><D115/><U83/><E55/><V2/><F2/><W121/><G121/><T49/><D33/><U93/><E93/><V69/><F21/><W111/><G111/><T10/><D0/><U66/><E66/><V24/><F24/><W117/><G102/><T99/><D99/><U13/><E19/><V43/><F120/><W112/><G104/><T131/><D131/><U98/><E98/><V56/><F89/><W17/><G40/><T129/><D129/><U5/><E5/><V94/><F87/><W90/><G90/><T105/><D8/><U106/><E106/><V16/><F16/><W7/><G125/><T52/><D105/><U25/><E13/><V31/><F31/><N who="3" m="19967" /><G58/><N who="0" m="35271" /><D70/><N who="2" m="27242" /><F94/><W4/><G117/><N who="2" m="45129" /><F110/><W101/><G101/><T28/><D96/><U45/><E30/><V103/><F103/><W60/><G77/><T62/><D28/><U133/><E133/><V92/><F92/><W128/><G1/><T34/><D78/><U39/><E67/><V9/><F9/><W47/><G3/><T86/><D34/><U76/><E76/><V127/><F127/><W75/><G11/><T72/><D72/><U54/><E54/><V59/><F65/><W26/><G4/><N who="0" m="3527" /><D62/><U100/><E100/><V14/><F14/><W82/><G75/><T22/><D22/><U57/><E61/><V113/><F113/><RYUUKYOKU ba="1,0" sc="33,10,367,10,357,10,243,-30" hai0="49,53,80,86,88,108,109" hai1="18,20,25,36,37,38,39,41,45,57,79,83,84" hai2="43,44,48,50,51,56,59" /><INIT seed="5,2,0,2,3,32" ten="43,377,367,213" oya="1" hai0="72,14,79,96,74,101,109,39,26,28,110,78,9" hai1="21,19,44,77,2,45,49,36,81,43,132,123,69" hai2="18,25,40,30,92,111,59,12,42,6,97,46,82" hai3="66,117,84,31,120,13,23,1,63,88,37,85,3"/><U115/><E123/><V122/><F111/><W91/><G120/><T134/><D39/><U102/><E115/><V99/><F6/><W121/><G37/><T60/><D134/><U41/><E132/><V104/><F104/><W95/><G121/><T94/><D74/><U93/><E69/><V33/><F122/><W106/><G106/><T124/><D124/><U58/><E58/><V98/><F59/><W57/><G117/><T53/><D53/><U100/><E93/><V71/><F82/><W89/><G89/><T87/><D87/><U131/><E131/><V129/><F71/><W62/><G62/><T52/><D78/><U68/><E68/><V50/><F129/><W67/><G67/><T75/><D75/><U65/><E65/><V22/><REACH who="2" step="1"/><F42/><REACH who="2" ten="43,377,357,213" step="2"/><W113/><G113/><T7/><D60/><U127/><E127/><V73/><F73/><W54/><G66/><T51/><D72/><U56/><E56/><V61/><F61/><W103/><G63/><T24/><D79/><U80/><E77/><V15/><F15/><W70/><G70/><T135/><D135/><U48/><E36/><V116/><F116/><W11/><G57/><T114/><D114/><U133/><E133/><V27/><F27/><W112/><G112/><T5/><D5/><U83/><E2/><V90/><AGARI ba="2,1" hai="12,18,22,25,30,33,40,46,50,90,92,97,98,99" machi="90" ten="20,2700,0" yaku="1,1,0,1,7,1,53,0" doraHai="32" doraHaiUra="126" who="2" fromWho="2" sc="43,-9,377,-15,357,43,213,-9" /><INIT seed="6,0,0,2,3,34" ten="34,362,400,204" oya="2" hai0="79,112,67,7,47,24,63,50,96,101,118,114,1" hai1="58,80,119,128,134,52,40,33,54,27,97,108,132" hai2="91,98,74,110,10,87,81,51,30,32,41,113,22" hai3="111,55,45,123,59,15,126,48,92,64,104,12,53"/><V102/><F113/><W100/><G104/><T71/><D118/><U20/><E108/><V109/><F32/><W124/><G123/><T69/><D69/><U133/><E33/><V8/><F74/><W65/><G111/><N who="2" m="42505" /><F22/><W57/><G100/><T35/><D79/><U6/><E119/><V72/><F30/><W2/><G92/><T70/><D70/><U83/><E128/><V107/><F72/><W90/><G90/><T122/><D122/><U77/><E6/><V103/><F103/><W49/><REACH who="3" step="1"/><G45/><AGARI ba="0,0" hai="8,10,41,45,51,81,87,91,98,102,107" m="42505" machi="45" ten="30,1500,0" yaku="10,1" doraHai="34" who="2" fromWho="3" sc="34,0,362,0,400,15,204,-15" /><INIT seed="6,1,0,1,4,72" ten="34,362,415,189" oya="2" hai0="33,76,19,37,61,98,123,45,0,135,81,63,127" hai1="55,30,18,97,65,9,1,6,64,59,101,80,121" hai2="62,2,112,118,122,107,102,17,27,66,95,79,113" hai3="114,48,22,34,54,106,124,96,60,26,41,15,86"/><V53/><F2/><W20/><G34/><T125/><D135/><U46/><E121/><V91/><F118/><W51/><G124/><T32/><D123/><U77/><E30/><V52/><F122/><W40/><G86/><T87/><D0/><U88/><E18/><V14/><F27/><W89/><G106/><T103/><D19/><U93/><E46/><V85/><F102/><W115/><G20/><T90/><D63/><U73/><REACH who="1" step="1"/><E101/><REACH who="1" ten="34,352,415,189" step="2"/><V82/><F17/><W120/><G120/><T74/><D61/><AGARI ba="1,1" hai="1,6,9,55,59,61,64,65,73,77,80,88,93,97" machi="61" ten="30,8000,1" yaku="1,1,2,1,7,1,52,1,54,1,53,0" doraHai="72" doraHaiUra="44" who="1" fromWho="0" sc="34,-83,352,93,415,0,189,0" owari="-49,-55.0,445,54.0,415,22.0,189,-21.0" /></mjloggm>