<mjloggm ver="2.3"><GO type="169" lobby="0"/><UN n0="%E3%83%88%E3%83%88%E3%83%AA%E5%85%88%E7%94%9F%31%39%E6%AD%B3" n1="%E5%A5%B3%E3%81%AA%E3%81%AE%E3%81%82%E3%81%8C%E3%82%89%E3%81%9B%E3%81%A6" n2="%E3%82%A2%E3%83%8B%E3%82%AA%E3%83%B3" n3="%E8%8A%B1%E6%BE%A4%E9%A6%99%E8%8F%9C%E3%81%A1%E3%82%83%E3%82%93" dan="19,16,16,16" rate="2284.72,2079.49,2093.88,2011.20" sx="F,F,F,F"/><TAIKYOKU oya="0"/><INIT seed="0,0,0,3,5,40" ten="250,250,250,250" oya="0" hai0="15,83,9,0,101,82,54,91,4,25,129,72,61" hai1="126,31,67,50,39,60,26,29,127,99,119,52,19" hai2="77,65,84,55,109,116,22,71,128,132,12,135,16" hai3="1,130,69,32,110,14,47,85,124,7,18,108,56"/><T94/><D129/><U70/><E39/><V64/><F128/><W96/><G96/><BYE who="3" /><T107/><D72/><U23/><E119/><UN n3="%E8%8A%B1%E6%BE%A4%E9%A6%99%E8%8F%9C%E3%81%A1%E3%82%83%E3%82%93" /><V13/><F116/><W20/><G69/><T30/><D107/><U133/><E99/><V87/><F109/><W28/><G124/><N who="1" m="47658" /><E133/><N who="2" m="51275" /><F77/><W86/><G130/><T76/><D76/><U46/><AGARI ba="0,0" hai="19,23,26,29,31,46,50,52,60,67,70" m="47658" machi="46" ten="30,4000,0" yaku="18,1,52,1,54,1" doraHai="40" who="1" fromWho="1" sc="250,-20,250,40,250,-10,250,-10" /><INIT seed="1,0,0,3,1,96" ten="230,290,240,240" oya="1" hai0="120,106,134,95,36,30,11,2,41,103,125,44,0" hai1="122,37,84,118,126,18,77,113,85,66,50,74,116" hai2="5,127,78,39,31,94,108,114,110,45,33,51,101" hai3="15,23,47,102,75,63,29,10,55,25,90,43,38"/><U128/><E50/><V121/><F39/><W1/><G75/><T24/><D95/><U8/><E66/><V88/><F121/><W81/><G1/><T28/><D28/><U40/><E40/><V21/><F78/><W135/><G135/><T14/><D120/><U100/><E18/><V71/><F33/><W53/><G63/><T3/><D134/><U26/><E26/><V54/><F71/><W58/><G58/><T91/><D91/><U115/><E122/><V7/><F114/><N who="1" m="43529" /><E85/><V17/><F127/><W59/><G59/><T79/><D125/><U133/><E133/><V48/><F31/><W6/><G55/><T93/><D14/><U123/><E123/><V69/><F69/><W76/><G53/><T9/><D9/><U12/><E84/><V87/><F51/><W130/><G10/><T98/><D11/><U46/><E46/><V89/><F89/><W105/><G90/><T83/><D3/><U42/><E42/><V97/><F108/><W67/><G67/><T99/><D24/><U107/><E77/><V65/><F65/><W68/><G76/><T52/><D30/><U57/><E74/><V112/><F110/><W13/><G68/><T73/><D52/><U129/><E129/><V82/><F112/><W132/><G132/><T61/><D61/><U124/><E124/><V70/><F70/><W64/><G43/><T35/><D35/><U49/><E49/><V80/><F80/><W62/><G81/><T111/><D111/><U19/><E128/><V34/><F34/><W27/><G130/><T86/><D73/><U4/><E126/><RYUUKYOKU ba="0,0" sc="230,15,290,-15,240,15,240,-15" hai0="0,2,36,41,44,79,83,86,93,98,99,103,106" hai2="5,7,17,21,45,48,54,82,87,88,94,97,101" /><INIT seed="2,1,0,1,0,63" ten="245,275,255,225" oya="2" hai0="0,50,43,6,90,55,44,47,105,54,11,122,73" hai1="45,14,79,64,134,24,72,81,48,34,98,83,61" hai2="66,9,35,100,36,53,18,58,4,76,135,130,15" hai3="2,22,117,110,96,41,19,101,29,25,99,57,95"/><V121/><F36/><W124/><G117/><T111/><D122/><U20/><E134/><V40/><F35/><W68/><G68/><T59/><D111/><U97/><E34/><V106/><F121/><W88/><G2/><T37/><D105/><U119/><E14/><V84/><F40/><W116/><G116/><T129/><D129/><U108/><E83/><V23/><F130/><W10/><G110/><T126/><D126/><U42/><E108/><V13/><F135/><W21/><G41/><T46/><D90/><U67/><E119/><V91/><F76/><W71/><G71/><T125/><D125/><U74/><E74/><V65/><F100/><W1/><G124/><T75/><REACH who="0" step="1"/><D44/><REACH who="0" ten="235,275,255,225" step="2"/><U39/><E39/><V109/><F106/><W7/><G88/><T87/><D87/><U60/><E97/><V62/><REACH who="2" step="1"/><F109/><REACH who="2" ten="235,275,245,225" step="2"/><W102/><G102/><T56/><D56/><U112/><E79/><V16/><F16/><W31/><G57/><T132/><D132/><U92/><E72/><V113/><F113/><W17/><G17/><T69/><D69/><U33/><E112/><V131/><F131/><W94/><G19/><T28/><D28/><U8/><E33/><V51/><F51/><AGARI ba="1,2" hai="0,6,11,37,43,46,47,50,51,54,55,59,73,75" machi="51" ten="30,2000,0" yaku="1,1,7,1,53,0" doraHai="63" doraHaiUra="120" who="0" fromWho="2" sc="235,43,275,0,245,-23,225,0" /><INIT seed="3,0,0,4,3,38" ten="278,275,222,225" oya="3" hai0="24,56,8,133,88,80,104,86,71,127,132,67,106" hai1="54,4,81,125,100,77,98,116,123,63,10,52,128" hai2="78,48,42,119,31,34,73,26,83,39,89,69,65" hai3="19,12,32,25,21,70,110,117,64,112,90,46,120"/><W76/><G120/><T85/><D71/><U20/><E123/><V130/><F48/><W79/><G117/><T103/><D127/><U122/><E125/><V30/><F119/><W82/><G112/><T105/><D24/><U113/><E113/><V49/><F49/><W29/><G110/><T55/><D67/><U9/><E128/><V27/><F89/><W115/><G115/><T111/><D8/><U2/><E122/><V68/><F65/><W94/><G82/><N who="0" m="49207" /><D56/><U53/><E10/><V93/><F93/><W43/><G70/><T131/><D55/><U109/><E109/><V35/><F130/><W118/><G64/><T33/><D33/><U96/><E20/><V92/><F92/><W50/><REACH who="3" step="1"/><G118/><REACH who="3" ten="278,275,222,215" step="2"/><T75/><D111/><U87/><E116/><V7/><F7/><W59/><G59/><T66/><D66/><U114/><E114/><V36/><F36/><W97/><AGARI ba="0,1" hai="12,19,21,25,29,32,43,46,50,76,79,90,94,97" machi="97" ten="20,7800,0" yaku="1,1,0,1,7,1,52,1,53,0" doraHai="38" doraHaiUra="134" who="3" fromWho="3" sc="278,-26,275,-26,222,-26,215,88" /><INIT seed="3,1,0,5,1,3" ten="252,249,196,303" oya="3" hai0="18,19,43,76,64,53,78,114,116,84,75,14,70" hai1="44,5,50,96,24,72,101,90,106,126,130,127,4" hai2="62,85,102,31,112,79,16,120,1,133,66,83,118" hai3="28,121,82,109,87,104,71,98,47,40,113,15,67"/><W2/><G121/><T30/><D116/><U32/><E130/><V129/><F120/><W13/><G113/><T59/><D75/><U125/><E72/><V9/><F118/><W103/><G2/><T39/><D114/><U52/><REACH who="1" step="1"/><E90/><REACH who="1" ten="252,239,196,303" step="2"/><V45/><F129/><W97/><G109/><T100/><D76/><U81/><E81/><V48/><F112/><W86/><G82/><T122/><D78/><U73/><E73/><V55/><F133/><W51/><G103/><T92/><D100/><U20/><E20/><V12/><F102/><W107/><G107/><T0/><D122/><U35/><E35/><V115/><F115/><W41/><G104/><T99/><D92/><U11/><E11/><V22/><F9/><W111/><G111/><T25/><D70/><U88/><E88/><V23/><F22/><W123/><G123/><T49/><D84/><U6/><E6/><V89/><F89/><W135/><G135/><T36/><D99/><U54/><E54/><V128/><F128/><W56/><G71/><T61/><D53/><U74/><E74/><V65/><F65/><W105/><G105/><T37/><D64/><U27/><E27/><V124/><F23/><W108/><G108/><T7/><D7/><U46/><E46/><V38/><F45/><W77/><G77/><T117/><D25/><U132/><E132/><V17/><F79/><W94/><G67/><T93/><D93/><U134/><E134/><V69/><F66/><W91/><G94/><T33/><D117/><U63/><E63/><V29/><F69/><W68/><G68/><T119/><D119/><RYUUKYOKU ba="1,1" sc="252,-10,239,30,196,-10,303,-10" hai1="4,5,24,32,44,50,52,96,101,106,125,126,127" /><INIT seed="4,2,1,0,2,65" ten="242,269,186,293" oya="0" hai0="95,92,91,67,32,23,10,33,13,63,51,72,56" hai1="112,130,82,38,104,71,19,129,30,68,45,100,103" hai2="107,94,15,85,61,7,122,21,76,11,133,53,59" hai3="120,75,90,102,39,113,46,35,69,4,124,40,43"/><T16/><D72/><U41/><E112/><V93/><F107/><W84/><G113/><T79/><D79/><U55/><E30/><V110/><F122/><W89/><G75/><T62/><D51/><U29/><E29/><V26/><F110/><W57/><G120/><T83/><D83/><U88/><E55/><V134/><F76/><W48/><G35/><T20/><D92/><U9/><E9/><V101/><F85/><W128/><G128/><N who="1" m="49258" /><E19/><V97/><REACH who="2" step="1"/><F93/><REACH who="2" ten="242,269,176,293" step="2"/><W22/><G84/><T81/><D81/><U44/><E104/><V18/><AGARI ba="2,2" hai="7,11,15,18,21,26,53,59,61,94,97,101,133,134" machi="18" ten="30,4000,0" yaku="1,1,2,1,0,1,53,0" doraHai="65" doraHaiUra="42" who="2" fromWho="2" sc="242,-22,269,-12,176,66,293,-12" /><INIT seed="5,0,0,4,2,21" ten="220,257,242,281" oya="1" hai0="41,28,127,45,47,18,55,134,66,2,83,20,115" hai1="16,12,86,97,22,44,71,79,113,53,42,133,74" hai2="114,54,135,93,80,102,56,29,72,43,118,105,99" hai3="26,23,40,111,70,63,62,81,110,95,132,98,8"/><U109/><E113/><V87/><F118/><W116/><G116/><T4/><D115/><U85/><E71/><V52/><F114/><W94/><G132/><T39/><D134/><U5/><E133/><V120/><F120/><W73/><G40/><T7/><D2/><U64/><E109/><V88/><F135/><W122/><G122/><T9/><D127/><U15/><E64/><V46/><F29/><W3/><G94/><T13/><D66/><U117/><E117/><V92/><F92/><W11/><G110/><T75/><D47/><U57/><E97/><V38/><F56/><W131/><G131/><T0/><D7/><U1/><E1/><V78/><AGARI ba="0,0" hai="38,43,46,52,54,72,78,80,87,88,93,99,102,105" machi="78" ten="30,8000,1" yaku="0,1,24,2,54,2" doraHai="21" who="2" fromWho="2" sc="220,-20,257,-40,242,80,281,-20" /><INIT seed="6,0,0,1,5,37" ten="200,217,322,261" oya="2" hai0="8,114,130,3,6,113,117,9,38,115,124,83,54" hai1="66,96,47,33,82,85,14,62,98,84,111,81,7" hai2="19,94,95,74,12,127,34,53,70,135,58,11,36" hai3="126,106,122,71,64,90,56,40,134,93,104,59,43"/><V101/><F70/><W28/><G122/><T92/><D130/><U44/><E111/><V79/><F36/><W17/><G28/><T10/><D124/><U107/><E33/><V60/><F127/><W108/><G108/><T121/><D121/><U132/><E132/><V77/><F34/><W69/><G126/><T15/><D117/><U87/><E7/><V110/><F110/><W25/><G134/><T65/><D38/><U109/><E109/><V49/><F135/><W35/><G35/><T99/><D65/><U100/><E14/><V27/><F74/><W97/><G25/><T23/><D54/><U45/><REACH who="1" step="1"/><E96/><REACH who="1" ten="200,207,322,261" step="2"/><V125/><F125/><W46/><G97/><T105/><D105/><U75/><E75/><V2/><F12/><W112/><G104/><T88/><D83/><U89/><E89/><V116/><F2/><W67/><G90/><T18/><AGARI ba="0,1" hai="3,6,8,9,10,15,18,23,88,92,99,113,114,115" machi="18" ten="40,5200,0" yaku="0,1,15,1,54,1" doraHai="37" who="0" fromWho="0" sc="200,62,207,-13,322,-26,261,-13" /><INIT seed="7,0,0,0,2,44" ten="262,194,296,248" oya="3" hai0="33,128,27,88,77,130,80,48,122,15,104,97,124" hai1="35,78,108,114,41,65,23,92,37,28,25,101,13" hai2="110,129,93,59,42,102,17,6,16,69,68,29,4" hai3="72,20,109,94,85,83,67,116,115,95,19,113,117"/><W3/><G3/><T125/><D122/><U127/><E108/><V14/><F42/><W26/><G72/><T55/><D15/><U84/><E114/><N who="3" m="43530" /><G109/><T24/><D104/><U32/><E127/><N who="0" m="48713" /><D33/><U132/><E132/><V90/><F110/><W96/><G67/><T126/><D126/><U121/><E121/><V54/><F102/><N who="3" m="60695" /><G95/><N who="0" m="56551" /><D130/><U1/><E1/><V87/><F129/><W60/><G60/><T66/><D66/><U79/><E65/><V131/><F131/><W47/><G47/><N who="0" m="28063" /><D128/><U91/><E37/><V7/><F69/><W105/><G105/><T74/><AGARI ba="0,0" hai="24,27,74,77,80" m="28063,56551,48713" machi="74" ten="30,4000,0" yaku="18,1,52,1,54,1" doraHai="44" who="0" fromWho="0" sc="262,40,194,-10,296,-10,248,-20" owari="302,40.0,184,-32.0,286,9.0,228,-17.0" /></mjloggm>