<mjloggm ver="2.3"><GO type="169" lobby="0"/><UN n0="%E8%85%90%E7%94%9F%E8%B1%9A%E3%82%B3%E3%83%84%E3%83%9C%E3%83%BC" n1="%E3%82%B7%E3%83%A3%E3%83%BC%E3%83%AA%E3%83%97%E3%83%88%E3%83%A9" n2="%E3%82%A6%E3%83%AB%E3%83%88%E3%83%A9%E7%AB%8B%E7%9B%B4" n3="%62%6F%6E%6F%73%2E%2E" dan="16,16,17,17" rate="2153.32,2116.04,2152.36,2161.70" sx="M,M,M,M"/><TAIKYOKU oya="0"/><INIT seed="0,0,0,2,1,109" ten="250,250,250,250" oya="0" hai0="2,3,126,83,101,10,118,27,79,19,28,87,68" hai1="54,129,43,130,88,17,131,74,114,104,35,110,49" hai2="5,122,15,11,45,112,51,57,50,58,113,107,103" hai3="94,7,72,105,99,85,76,84,123,82,92,128,106"/><T124/><D68/><U71/><E74/><V89/><F122/><W111/><G7/><T66/><D66/><U41/><E104/><N who="3" m="40042" /><G111/><T14/><D101/><U55/><E110/><V29/><F29/><W20/><G20/><T117/><D87/><N who="3" m="33353" /><G123/><T67/><D83/><U39/><E88/><V8/><F89/><N who="3" m="55695" /><G128/><T81/><D81/><U1/><E35/><V9/><F15/><W132/><G132/><T52/><D79/><U96/><E1/><N who="0" m="9" /><D52/><U62/><E17/><V65/><F5/><W78/><G78/><T135/><D67/><U121/><E121/><V63/><F58/><W61/><G61/><T33/><D135/><U86/><E55/><V26/><F26/><W116/><G116/><AGARI ba="0,0" hai="10,14,19,27,28,33,116,117,118,124,126" m="9" machi="116" ten="30,2900,0" yaku="34,2" doraHai="109" who="0" fromWho="3" sc="250,29,250,0,250,0,250,-29" /><INIT seed="0,1,0,0,5,92" ten="279,250,250,221" oya="0" hai0="75,107,4,3,94,36,39,17,32,71,113,126,31" hai1="86,125,119,64,16,131,34,81,15,129,98,102,56" hai2="12,52,20,21,65,117,22,130,84,48,24,14,116" hai3="95,90,42,47,6,128,67,38,66,133,106,68,134"/><T11/><D113/><U110/><E34/><V55/><F65/><W10/><G106/><T9/><D107/><U43/><E119/><N who="2" m="45643" /><F130/><W135/><G68/><T80/><D71/><U63/><E43/><V73/><F73/><W18/><G18/><T58/><D126/><U35/><E35/><V0/><F0/><W93/><G128/><T13/><D58/><U1/><E1/><V25/><F84/><W89/><G95/><T112/><D112/><U54/><E125/><V111/><F111/><W74/><G74/><T59/><D59/><U7/><E7/><V108/><F108/><W96/><REACH who="3" step="1"/><G89/><REACH who="3" ten="279,250,250,211" step="2"/><T44/><D75/><U30/><E110/><V87/><F25/><W123/><G123/><T78/><D94/><N who="1" m="58711" /><E131/><V57/><F24/><W37/><G37/><T5/><D39/><U127/><E127/><V85/><F85/><W76/><G76/><T61/><D78/><N who="1" m="46391" /><E129/><V62/><F87/><W40/><G40/><T23/><D36/><U19/><E30/><V132/><F132/><W27/><G27/><T26/><D80/><U114/><E114/><V53/><F53/><W109/><G109/><T105/><D105/><U49/><E19/><V97/><F97/><W77/><G77/><T8/><D17/><U28/><E28/><V120/><F120/><W122/><G122/><T33/><D31/><U70/><E16/><V45/><AGARI ba="1,1" hai="12,14,20,21,22,45,48,52,55,57,62" m="45643" machi="45" ten="30,2000,0" yaku="12,1,54,1" doraHai="92" who="2" fromWho="2" sc="279,-11,250,-6,250,33,211,-6" /><INIT seed="1,0,0,3,5,113" ten="268,244,283,205" oya="1" hai0="122,105,17,133,94,119,16,125,121,89,2,13,15" hai1="81,117,37,90,23,28,64,104,88,96,115,25,63" hai2="66,72,57,70,1,101,112,59,42,93,107,0,55" hai3="129,31,50,132,21,48,3,52,99,26,40,65,18"/><U49/><E115/><V109/><F107/><W134/><G3/><T97/><D2/><U128/><E37/><V73/><F42/><W46/><G129/><T84/><D133/><N who="3" m="51305" /><G65/><T11/><D125/><U53/><E128/><V91/><F101/><W47/><G99/><T95/><D119/><U12/><E117/><V86/><F70/><W126/><G126/><T7/><D105/><U60/><E12/><V34/><F34/><W20/><G20/><T35/><D35/><U74/><E74/><V127/><F127/><W30/><AGARI ba="0,0" hai="18,21,26,30,31,40,46,47,48,50,52" m="51305" machi="30" ten="30,2000,0" yaku="20,1,54,1" doraHai="113" who="3" fromWho="3" sc="268,-5,244,-10,283,-5,205,20" /><INIT seed="2,0,0,2,0,59" ten="263,234,278,225" oya="2" hai0="133,98,134,47,81,67,20,71,104,19,56,44,103" hai1="79,114,77,111,131,33,3,66,55,125,42,39,83" hai2="25,23,15,99,91,40,88,80,60,0,86,9,64" hai3="75,123,62,97,63,85,78,122,108,130,37,16,94"/><V51/><F0/><W34/><G37/><T5/><D5/><U28/><E3/><V1/><F1/><W113/><G34/><T127/><D127/><U61/><E77/><V84/><F99/><W10/><G75/><T90/><D71/><N who="1" m="42447" /><E55/><V7/><F51/><W57/><G113/><T117/><D117/><U32/><E114/><V100/><F100/><W72/><G72/><T105/><D105/><U73/><E28/><V76/><F40/><W118/><G118/><T116/><D116/><U110/><E125/><V58/><F86/><W109/><G130/><T2/><D2/><U21/><E21/><V18/><AGARI ba="0,0" hai="7,9,15,18,23,25,58,60,64,76,80,84,88,91" machi="18" ten="20,12000,1" yaku="0,1,7,1,8,1,52,1,54,1" doraHai="59" who="2" fromWho="2" sc="263,-40,234,-40,278,120,225,-40" /><INIT seed="2,1,0,3,5,120" ten="223,194,398,185" oya="2" hai0="27,51,28,38,78,33,80,105,53,11,62,48,60" hai1="118,100,95,19,76,26,67,54,94,102,124,21,69" hai2="36,92,134,90,10,68,17,110,31,106,71,55,113" hai3="130,1,88,6,131,86,74,41,125,126,135,42,13"/><V44/><F106/><W87/><G74/><T133/><D105/><U121/><E118/><V84/><F113/><W73/><G73/><T132/><D38/><U64/><E76/><V9/><F134/><N who="0" m="51818" /><D11/><U4/><E4/><V91/><F31/><W101/><G101/><N who="1" m="39018" /><E69/><V8/><F17/><W23/><G87/><N who="0" m="48535" /><D48/><U122/><E124/><N who="3" m="47722" /><G1/><T82/><D82/><U49/><E122/><V123/><F123/><W83/><G135/><T20/><D33/><U65/><E121/><V5/><F5/><W56/><G56/><AGARI ba="1,0" hai="20,27,28,51,53,56,60,62" m="48535,51818" machi="56" ten="30,1000,0" yaku="20,1" doraHai="120" who="0" fromWho="3" sc="223,13,194,0,398,0,185,-13" /><AGARI ba="1,0" hai="19,21,26,49,54,56,64,65,67,94,95" m="39018" machi="56" ten="30,1000,0" yaku="8,1" doraHai="120" who="1" fromWho="3" sc="236,0,194,10,398,0,172,-10" /><INIT seed="3,0,0,3,1,73" ten="236,204,398,162" oya="3" hai0="32,79,90,75,45,72,63,97,30,62,22,39,127" hai1="16,109,59,134,101,85,70,76,132,98,71,120,121" hai2="24,122,40,41,84,43,11,104,0,126,94,60,66" hai3="115,87,108,21,31,74,111,113,4,118,29,67,89"/><W19/><G74/><T25/><D127/><U125/><E109/><N who="3" m="42058" /><G67/><T77/><D32/><U14/><E125/><V117/><F104/><W93/><G4/><T131/><D131/><U13/><E13/><V135/><F66/><W34/><G118/><T28/><D75/><U56/><E56/><V26/><F126/><W124/><G124/><T82/><D30/><N who="3" m="11273" /><G34/><T80/><D72/><U8/><E59/><V46/><F0/><W107/><G107/><T36/><D36/><U12/><E12/><AGARI ba="0,0" hai="12,19,21,87,89,93,113,115" m="11273,42058" machi="12" ten="30,2900,0" yaku="14,1,10,1" doraHai="73" who="3" fromWho="1" sc="236,0,204,-29,398,0,162,29" /><INIT seed="3,1,0,5,3,14" ten="236,175,398,191" oya="3" hai0="38,86,3,104,70,75,95,45,77,125,124,89,123" hai1="100,41,83,27,115,122,4,126,34,132,101,35,25" hai2="20,78,56,43,51,8,17,42,31,80,76,68,28" hai3="37,2,16,58,67,12,79,1,94,53,66,113,134"/><W129/><G113/><T130/><D70/><U11/><E41/><V103/><F68/><W64/><G37/><T127/><D123/><U33/><E83/><V97/><F8/><W119/><G119/><T90/><D3/><U26/><E101/><V0/><F0/><W133/><G79/><T116/><D45/><U108/><E100/><V60/><F43/><W102/><G129/><T118/><D38/><U15/><E122/><V112/><F112/><W36/><G36/><T7/><D7/><U117/><E115/><V65/><F51/><N who="3" m="31039" /><G94/><N who="0" m="54583" /><D104/><U30/><E117/><V91/><F42/><W57/><G102/><T109/><D130/><U92/><E92/><N who="2" m="58791" /><F91/><W9/><G57/><T48/><D48/><U120/><E120/><V82/><F78/><W5/><G5/><T99/><D109/><U40/><E40/><V73/><F73/><W19/><G19/><T49/><D49/><U128/><E128/><V93/><F93/><W72/><G72/><T54/><D54/><U63/><E63/><V98/><F98/><W50/><G50/><T105/><D105/><U32/><E108/><V71/><F71/><W121/><G121/><T74/><D74/><U21/><E132/><AGARI ba="1,0" hai="1,2,9,12,16,64,66,67,132,133,134" m="31039" machi="132" ten="30,5800,0" yaku="20,1,52,1,54,1" doraHai="14" who="3" fromWho="1" sc="236,0,175,-61,398,0,191,61" /><INIT seed="3,2,0,5,1,92" ten="236,114,398,252" oya="3" hai0="20,50,46,86,93,133,62,87,76,27,28,39,105" hai1="111,116,35,107,104,81,66,88,113,108,43,98,95" hai2="52,69,63,57,124,127,112,121,47,31,100,29,70" hai3="5,2,82,132,131,60,73,134,101,51,18,83,44"/><W68/><G131/><T26/><D105/><N who="1" m="40523" /><E35/><V54/><F121/><W75/><G101/><T129/><D133/><U6/><E6/><V96/><F112/><W110/><G110/><N who="1" m="42026" /><E66/><V30/><F47/><W38/><G38/><T65/><D129/><U9/><E9/><V41/><F41/><W14/><G5/><T114/><D114/><U97/><E43/><V130/><F54/><W77/><G2/><T16/><D39/><U78/><E113/><V74/><F74/><W11/><G60/><T32/><D76/><U23/><E116/><V135/><F135/><N who="3" m="51755" /><G68/><T48/><D48/><U71/><E23/><V84/><F130/><W115/><G115/><T61/><D61/><U17/><E17/><V21/><F21/><W122/><G122/><T15/><D27/><U37/><E37/><V10/><F10/><W120/><G120/><T123/><D123/><U117/><E71/><V8/><F8/><W103/><G103/><T118/><D118/><U79/><E117/><V7/><F70/><W59/><G59/><T90/><D62/><U80/><E78/><V102/><F69/><W55/><G77/><T1/><D1/><U64/><E64/><V3/><F3/><W13/><G13/><T33/><D65/><U119/><E119/><V0/><F63/><W72/><AGARI ba="2,0" hai="11,14,18,44,51,55,72,73,75,82,83" m="51755" machi="72" ten="40,2100,0" yaku="20,1" doraHai="92" who="3" fromWho="3" sc="236,-9,114,-9,398,-9,252,27" /><INIT seed="3,3,0,2,0,116" ten="227,105,389,279" oya="3" hai0="19,16,115,105,81,53,29,102,21,5,89,106,103" hai1="88,38,72,85,48,110,39,83,111,51,4,80,35" hai2="63,12,130,10,117,42,96,87,54,2,34,56,24" hai3="57,131,17,46,134,99,0,104,43,15,60,107,94"/><W22/><G0/><T13/><D115/><U109/><E35/><V124/><F117/><W20/><G134/><T44/><D106/><U26/><E26/><V92/><F124/><W62/><G131/><T52/><D105/><U84/><E72/><V135/><F130/><W7/><G7/><T71/><D71/><U50/><E4/><V127/><F127/><W58/><G22/><T37/><D37/><U101/><REACH who="1" step="1"/><E101/><REACH who="1" ten="227,95,389,279" step="2"/><V100/><F24/><W36/><G15/><T132/><D5/><U79/><AGARI ba="3,1" hai="38,39,48,50,51,79,80,83,84,85,88,109,110,111" machi="79" ten="40,12000,2" yaku="1,1,2,1,0,1,14,1,54,1,53,2" doraHai="116" doraHaiUra="82" who="1" fromWho="1" sc="227,-33,95,139,389,-33,279,-63" /><INIT seed="4,0,0,1,4,1" ten="194,234,356,216" oya="0" hai0="41,11,70,47,116,67,97,54,63,62,0,109,30" hai1="73,72,88,25,111,121,110,26,27,84,128,58,60" hai2="130,12,29,38,50,108,106,82,33,61,86,120,101" hai3="132,35,99,129,45,113,127,37,13,42,34,123,28"/><T40/><D116/><U87/><E121/><V77/><F38/><W102/><G113/><T124/><D124/><U114/><E128/><V57/><F108/><W118/><G118/><T122/><D109/><U53/><E114/><V117/><F120/><W125/><G129/><T43/><D122/><U68/><E84/><V36/><F36/><W96/><G123/><T74/><D74/><U80/><E72/><V131/><F117/><W135/><G13/><T89/><D30/><U75/><E75/><V19/><F50/><W5/><G5/><T4/><D63/><U9/><E68/><V104/><F104/><N who="3" m="63559" /><G99/><T51/><D97/><U64/><E73/><V56/><F33/><N who="3" m="12299" /><G28/><T18/><D18/><U2/><REACH who="1" step="1"/><E53/><REACH who="1" ten="194,224,356,216" step="2"/><V92/><F131/><W21/><G127/><T112/><D112/><U105/><E105/><V107/><F86/><W14/><G125/><T39/><REACH who="0" step="1"/><D89/><REACH who="0" ten="184,224,356,216" step="2"/><U49/><E49/><V6/><F130/><W22/><G37/><AGARI ba="0,2" hai="0,4,11,37,39,40,41,43,47,51,54,62,67,70" machi="37" ten="40,7700,0" yaku="1,1,2,1,52,1,53,0" doraHai="1" doraHaiUra="93" who="0" fromWho="3" sc="184,97,224,0,356,0,216,-77" /><INIT seed="4,1,0,5,4,0" ten="281,224,356,139" oya="0" hai0="43,129,126,94,61,134,96,35,57,127,98,79,75" hai1="86,97,30,131,70,37,115,80,6,15,39,65,7" hai2="54,18,38,133,78,23,68,1,72,107,99,20,101" hai3="125,77,64,121,31,13,19,3,28,36,56,117,88"/><T67/><D35/><U58/><E70/><V109/><F109/><W62/><G117/><T24/><D24/><U44/><E30/><V8/><F68/><W11/><G125/><T5/><D134/><U27/><E27/><V132/><F38/><W114/><G114/><T40/><D129/><U26/><E26/><V42/><F42/><W108/><G108/><T21/><D21/><U34/><E34/><V116/><F116/><W71/><G77/><T73/><D43/><U46/><E15/><N who="2" m="7527" /><F54/><W41/><G121/><T106/><D40/><U50/><E97/><V14/><F14/><W122/><G122/><T48/><D48/><U29/><E29/><V112/><F1/><W32/><G3/><T111/><D111/><U128/><E115/><V89/><F89/><W66/><G32/><T124/><D106/><U81/><E50/><V83/><F112/><W76/><G76/><T74/><D79/><U123/><E86/><V95/><F107/><W55/><G66/><T69/><D69/><U33/><E65/><V118/><F118/><W90/><G31/><T10/><D94/><U52/><E33/><V93/><F93/><W130/><G28/><T84/><D84/><U51/><E51/><V9/><F9/><W82/><G82/><T100/><D100/><U135/><E123/><V110/><F110/><W17/><G71/><T16/><D16/><U47/><E135/><AGARI ba="1,0" hai="20,23,72,78,83,95,99,101,132,133,135" m="7527" machi="135" ten="30,1000,0" yaku="20,1" doraHai="0" who="2" fromWho="1" sc="281,0,224,-13,356,13,139,0" /><INIT seed="5,0,0,4,3,130" ten="281,211,369,139" oya="1" hai0="45,135,129,39,1,37,115,121,28,95,101,78,84" hai1="57,16,91,49,92,133,90,132,70,24,72,85,51" hai2="31,103,107,12,53,47,94,46,109,30,79,22,108" hai3="65,34,40,120,0,131,26,88,122,33,27,105,23"/><U61/><E72/><V102/><F79/><W83/><G105/><T20/><D1/><U117/><E117/><V134/><F12/><W124/><G131/><T75/><D129/><U52/><E91/><V42/><F94/><W104/><G104/><T29/><D115/><U106/><E106/><V86/><F86/><W8/><G124/><T50/><D121/><U87/><E87/><V128/><F107/><W81/><G65/><T59/><D59/><U123/><E123/><V66/><F22/><W3/><G40/><T17/><D39/><U58/><E70/><V7/><F53/><W73/><G23/><T44/><D37/><U6/><E6/><V99/><F99/><W93/><G8/><T71/><D71/><U13/><E24/><V113/><F66/><W67/><G67/><T56/><D56/><U4/><E4/><V14/><F7/><W15/><G15/><T60/><D20/><N who="1" m="11279" /><E49/><V43/><F128/><W97/><G73/><T2/><D50/><U9/><E9/><V5/><F5/><W62/><G62/><T80/><D60/><U116/><E116/><V54/><F14/><W77/><G77/><T32/><D75/><U48/><E48/><V21/><F21/><W36/><G36/><T74/><D74/><U68/><E68/><V38/><F38/><W98/><REACH who="3" step="1"/><G93/><REACH who="3" ten="281,211,369,129" step="2"/><T111/><D95/><U112/><E112/><V35/><F113/><W126/><G126/><T10/><D10/><U118/><E118/><V76/><F76/><W110/><G110/><T114/><D111/><U63/><E63/><V11/><F109/><W127/><G127/><RYUUKYOKU ba="0,1" sc="281,-15,211,15,369,-15,129,15" hai1="51,52,57,58,61,85,90,92,132,133" hai3="0,3,26,27,33,34,81,83,88,97,98,120,122" /><INIT seed="5,1,1,1,2,92" ten="266,226,354,144" oya="1" hai0="127,31,101,12,78,114,104,96,51,84,117,112,49" hai1="131,14,22,108,81,66,3,130,27,120,116,34,18" hai2="134,128,35,124,68,5,133,54,16,75,45,95,40" hai3="4,1,60,119,91,76,37,129,20,58,72,102,30"/><U19/><E66/><V0/><F35/><W122/><G122/><T93/><D117/><U24/><E81/><V94/><F75/><W121/><G121/><T79/><D31/><N who="1" m="19839" /><E120/><V9/><F68/><W10/><G37/><T53/><D127/><U63/><E63/><V57/><F16/><N who="1" m="6185" /><E3/><V80/><F124/><W7/><G1/><T29/><D51/><U36/><E36/><N who="2" m="21639" /><F80/><W115/><G76/><T132/><D49/><U65/><E65/><V73/><F73/><W135/><G72/><T56/><D56/><U48/><E48/><N who="2" m="30919" /><F128/><N who="1" m="49193" /><E116/><V110/><F110/><W55/><G129/><T118/><D118/><U42/><E42/><V41/><F41/><W113/><G119/><T106/><D78/><U21/><E108/><V28/><F28/><W103/><G30/><T85/><D29/><N who="1" m="17551" /><E14/><V13/><F13/><W87/><G58/><T105/><D12/><U61/><E61/><V17/><F17/><W32/><G60/><T77/><D53/><U50/><E50/><V70/><F70/><W38/><G38/><T11/><D77/><U52/><E52/><V107/><F107/><W89/><G55/><T25/><D106/><U99/><E22/><V83/><F83/><W47/><G20/><T67/><D105/><U88/><E88/><V109/><F109/><W97/><G91/><T64/><D79/><U26/><E26/><V44/><F44/><W43/><G89/><T69/><D25/><U39/><E39/><V8/><F95/><W98/><G47/><T71/><D71/><U62/><E62/><V86/><F94/><W123/><G43/><T126/><D69/><RYUUKYOKU ba="1,1" sc="266,-10,226,30,354,-10,144,-10" hai1="99" /><INIT seed="5,2,1,4,4,55" ten="256,256,344,134" oya="1" hai0="81,46,113,108,34,53,13,68,111,125,135,67,60" hai1="77,47,75,7,56,5,2,43,50,10,130,127,92" hai2="129,35,24,70,71,28,90,118,45,106,121,61,49" hai3="0,64,48,16,120,85,37,91,36,9,66,25,86"/><U103/><E130/><V87/><F121/><W79/><G120/><T80/><D34/><U95/><E127/><V3/><F118/><W105/><G105/><T82/><D125/><U94/><E5/><V32/><F129/><W11/><G37/><T4/><D135/><U59/><REACH who="1" step="1"/><E103/><REACH who="1" ten="256,246,344,134" step="2"/><V14/><F3/><W15/><G0/><T102/><D102/><U20/><E20/><V93/><F35/><W134/><G134/><T133/><D133/><U31/><E31/><V97/><F32/><W44/><G11/><T21/><D4/><U17/><E17/><V98/><F28/><W51/><G9/><T101/><D101/><U54/><E54/><V30/><F30/><W78/><G16/><T27/><D21/><U18/><E18/><V84/><F24/><W74/><G25/><T100/><D100/><U88/><E88/><V124/><F90/><W8/><G91/><T1/><D27/><U83/><AGARI ba="2,2" hai="2,7,10,43,47,50,56,59,75,77,83,92,94,95" machi="83" ten="30,12000,1" yaku="1,1,0,1,52,2,53,1" doraHai="55" doraHaiUra="39" who="1" fromWho="1" sc="256,-42,246,146,344,-42,134,-42" /><INIT seed="5,3,0,3,3,55" ten="214,392,302,92" oya="1" hai0="24,59,104,49,8,131,122,105,70,14,97,5,47" hai1="123,13,51,110,86,68,132,6,75,108,118,36,83" hai2="100,34,28,135,19,82,18,125,32,78,30,72,81" hai3="4,12,39,129,116,25,64,42,40,84,60,57,126"/><U85/><E36/><V91/><F100/><W73/><G73/><T41/><D70/><U130/><E68/><V124/><F72/><W113/><G113/><T67/><D131/><U62/><E62/><V50/><F50/><W52/><G129/><T128/><D128/><U112/><E130/><V65/><F91/><W31/><G126/><T45/><D122/><U96/><E6/><V115/><F65/><W107/><G107/><T26/><D47/><U10/><E118/><V37/><F37/><W56/><G39/><T87/><D87/><U58/><E123/><V43/><F43/><W2/><G2/><T90/><D105/><U114/><E86/><V53/><F53/><W76/><G116/><T11/><D11/><U93/><E75/><V27/><F27/><W66/><G66/><T101/><REACH who="0" step="1"/><D90/><REACH who="0" ten="204,392,302,92" step="2"/><N who="1" m="55351" /><E112/><V119/><F115/><W95/><G76/><T33/><D33/><U109/><E114/><V48/><F78/><W79/><G79/><T92/><D92/><U3/><E85/><V0/><F119/><W77/><G77/><T103/><D103/><U71/><E83/><V117/><F117/><W120/><G120/><T63/><AGARI ba="3,1" hai="5,8,14,24,26,41,45,49,59,63,67,97,101,104" machi="63" ten="30,8000,1" yaku="1,1,0,1,52,1,53,2" doraHai="55" doraHaiUra="21" who="0" fromWho="0" sc="204,99,392,-43,302,-23,92,-23" /><INIT seed="6,0,0,5,4,44" ten="303,349,279,69" oya="2" hai0="46,76,135,98,63,39,22,84,77,122,71,54,132" hai1="104,74,31,7,68,13,16,6,129,133,30,53,32" hai2="85,87,37,101,119,14,69,125,36,113,43,100,0" hai3="66,55,91,18,72,130,58,116,35,17,88,47,108"/><V96/><F0/><W124/><G116/><T81/><D122/><U99/><E74/><V86/><F119/><W105/><G108/><T127/><D127/><U75/><E75/><V40/><F69/><W25/><G105/><T9/><D77/><U94/><E104/><V45/><F125/><W11/><G124/><T50/><D39/><U120/><E68/><V59/><F113/><W10/><G72/><T126/><D126/><U41/><E41/><V134/><F134/><W24/><G130/><T64/><D9/><N who="3" m="3081" /><G35/><T83/><D83/><U56/><E133/><N who="0" m="51273" /><D98/><U61/><E129/><V52/><F14/><W78/><G78/><T3/><D22/><N who="1" m="11535" /><E32/><V95/><F101/><W115/><G47/><T89/><D76/><U82/><E82/><V27/><F27/><N who="3" m="10315" /><G66/><T111/><D3/><U34/><E34/><V21/><F21/><W1/><G1/><T118/><D118/><U93/><E120/><V33/><F33/><W103/><G103/><T60/><D60/><U123/><E123/><V128/><F128/><W26/><G115/><T4/><D111/><U8/><E8/><V97/><F97/><W28/><G28/><N who="1" m="10794" /><E99/><V62/><REACH who="2" step="1"/><F43/><REACH who="2" ten="303,349,269,69" step="2"/><W29/><G29/><T38/><D71/><U57/><E6/><V106/><F106/><W73/><G18/><T121/><D121/><U92/><E7/><V131/><F131/><W102/><G102/><T109/><D4/><U65/><E65/><V107/><F107/><W42/><G17/><T70/><D109/><U2/><E2/><V112/><F112/><W51/><G26/><T117/><D117/><U20/><E20/><RYUUKYOKU ba="0,1" sc="303,10,349,10,269,10,69,-30" hai0="38,46,50,54,63,64,70,81,84,89" hai1="53,56,57,61,92,93,94" hai2="36,37,40,45,52,59,62,85,86,87,95,96,100" /><INIT seed="6,1,1,5,2,43" ten="313,359,279,39" oya="2" hai0="15,57,109,31,123,30,116,34,56,126,82,42,64" hai1="103,29,59,4,54,27,89,72,133,10,92,37,48" hai2="51,124,76,101,100,13,47,49,55,111,97,86,91" hai3="130,9,88,11,128,95,41,3,39,132,66,19,99"/><V40/><F124/><W106/><G132/><T20/><D126/><U26/><E72/><V122/><F122/><W113/><G66/><T69/><D123/><U6/><E37/><V60/><F111/><W90/><G113/><T94/><D109/><U108/><E108/><V73/><F60/><W119/><G119/><T14/><D116/><U93/><E133/><V87/><F73/><W117/><G117/><T127/><D34/><U107/><E107/><V129/><F129/><N who="3" m="49771" /><G3/><T46/><D82/><U24/><E29/><V135/><F135/><W8/><G106/><T28/><D127/><U16/><E103/><N who="2" m="39499" /><F76/><W21/><G90/><T61/><D94/><N who="1" m="36459" /><E89/><V12/><F97/><W71/><G71/><T17/><REACH who="0" step="1"/><D15/><AGARI ba="1,1" hai="4,6,10,15,16,24,26,27,48,54,59" m="36459" machi="15" ten="30,2000,0" yaku="8,1,54,1" doraHai="43" who="1" fromWho="0" sc="313,-23,359,33,279,0,39,0" /><INIT seed="7,0,0,4,2,40" ten="290,392,279,39" oya="3" hai0="135,116,63,100,58,121,55,106,4,3,86,99,13" hai1="7,34,70,43,14,23,52,33,83,65,38,30,18" hai2="80,45,117,25,132,134,69,81,29,110,98,103,5" hai3="123,128,118,59,46,72,62,44,22,73,130,37,95"/><W102/><G123/><T124/><D121/><U67/><E7/><V64/><F117/><W66/><G118/><T104/><D116/><U90/><E43/><V51/><F110/><W32/><G32/><T129/><D3/><U48/><E38/><V125/><F5/><W89/><G102/><T96/><D129/><N who="3" m="49769" /><G37/><T0/><D0/><U28/><E34/><N who="2" m="20783" /><F125/><W2/><G2/><T131/><D131/><U114/><E114/><V9/><F9/><W97/><G22/><T17/><D124/><U105/><E105/><N who="2" m="63735" /><F81/><W31/><G31/><N who="1" m="11818" /><E70/><V54/><F80/><W76/><G76/><T57/><D106/><U107/><E67/><V84/><F84/><W79/><G79/><T12/><D86/><N who="1" m="50527" /><E65/><V78/><F78/><W20/><G20/><T111/><D104/><U94/><E107/><V108/><F108/><W74/><AGARI ba="0,0" hai="44,46,59,62,66,72,73,74,89,95,97" m="49769" machi="74" ten="40,7800,0" yaku="19,1,52,2" doraHai="40" who="3" fromWho="3" sc="290,-26,392,-26,279,-26,39,78" /><INIT seed="7,1,0,4,0,42" ten="264,366,253,117" oya="3" hai0="53,3,70,61,103,124,41,37,14,2,4,96,48" hai1="13,45,106,128,25,127,121,79,51,0,20,55,89" hai2="88,11,74,101,95,10,131,125,134,36,58,18,5" hai3="78,118,23,7,72,112,21,6,8,50,73,86,87"/><W57/><G118/><T22/><D124/><U38/><E0/><V16/><F74/><W117/><G117/><T26/><D37/><U114/><E106/><V77/><F36/><W9/><G112/><T108/><D41/><U44/><E79/><V133/><F77/><W104/><G78/><T47/><D108/><U67/><E67/><V15/><F101/><W110/><G50/><T56/><D70/><U1/><E1/><V40/><F40/><W28/><G28/><T90/><D90/><U107/><E107/><V27/><F125/><W92/><G104/><T35/><D35/><U85/><E127/><V109/><F109/><W19/><G19/><T54/><D14/><U31/><E121/><V24/><F58/><W32/><G110/><T111/><D4/><U71/><E71/><V60/><F60/><W119/><G119/><T64/><D54/><U66/><E66/><V120/><F120/><W122/><G122/><T62/><D62/><U49/><E38/><V76/><F76/><W63/><G63/><T81/><D81/><N who="1" m="49327" /><E128/><V82/><F82/><W98/><G57/><T130/><D130/><U94/><E94/><V17/><F11/><W29/><G29/><N who="0" m="17623" /><D111/><U132/><E114/><V43/><F43/><W69/><G69/><T59/><D59/><U65/><E65/><V68/><F68/><W116/><G116/><T46/><D64/><U34/><E51/><V100/><F100/><W97/><REACH who="3" step="1"/><G92/><REACH who="3" ten="264,366,253,107" step="2"/><N who="0" m="58759" /><D61/><U30/><E30/><V105/><F105/><W102/><G102/><T99/><D56/><N who="1" m="32879" /><E132/><N who="2" m="50795" /><F131/><W39/><G39/><T91/><D48/><U123/><E123/><RYUUKYOKU ba="1,1" sc="264,-30,366,10,253,10,107,10" hai1="13,20,25,31,34,44,45" hai2="5,10,15,16,17,18,24,27,88,95" hai3="6,7,8,9,21,23,32,72,73,86,87,97,98" /><INIT seed="7,2,1,4,2,98" ten="234,376,263,117" oya="3" hai0="82,114,62,44,123,42,61,2,10,55,131,29,71" hai1="34,133,50,96,107,47,116,72,25,91,75,56,51" hai2="27,84,69,79,36,53,86,102,119,106,103,130,19" hai3="38,67,108,124,87,105,132,59,81,3,9,78,73"/><W30/><G132/><T57/><D123/><U8/><E8/><V54/><F106/><W77/><G124/><T88/><D29/><U94/><E107/><V18/><F36/><W90/><G108/><T97/><D131/><U80/><E51/><V104/><F104/><W134/><G134/><T32/><D32/><U68/><E68/><V99/><F99/><W121/><G121/><T66/><D114/><U16/><E56/><V93/><F69/><W120/><G120/><T12/><D2/><U112/><E133/><V109/><F130/><W23/><G38/><T1/><D1/><U85/><E112/><V95/><F27/><N who="3" m="16767" /><G105/><T22/><D22/><U127/><E127/><V113/><F113/><W100/><G73/><T39/><D97/><U92/><E92/><V115/><F115/><W117/><G117/><T4/><D82/><U21/><E34/><V11/><F119/><W0/><G0/><T70/><D70/><U110/><E110/><V65/><F109/><W122/><G122/><T15/><D15/><U37/><E37/><V7/><F11/><W6/><G100/><T5/><D88/><U26/><E26/><V60/><F79/><W89/><G78/><T31/><D31/><U126/><E126/><V125/><F125/><W43/><G43/><T45/><D45/><U17/><E17/><AGARI ba="2,1" hai="4,5,10,12,17,39,42,44,55,57,61,62,66,71" machi="17" ten="30,1000,0" yaku="7,1" doraHai="98" who="0" fromWho="1" sc="234,26,376,-16,263,0,117,0" owari="260,-14.0,360,46.0,263,6.0,117,-38.0" /></mjloggm>