<mjloggm ver="2.3"><GO type="225" lobby="0"/><UN n0="%E3%82%A6%E3%83%AB%E3%83%88%E3%83%A9%E7%AB%8B%E7%9B%B4" n1="%E9%A7%86%E3%82%8B%E3%81%A8" n2="%E6%9D%8E%E7%A9%8E%E8%97%8D" n3="%E5%90%91%E4%BA%95%E7%90%86" dan="18,17,17,17" rate="2170.47,2186.13,2088.98,2096.60" sx="M,F,M,M"/><TAIKYOKU oya="0"/><INIT seed="0,0,0,2,5,1" ten="250,250,250,250" oya="0" hai0="58,2,82,21,38,12,109,35,76,27,114,98,32" hai1="124,40,30,95,6,66,121,107,89,64,41,80,15" hai2="42,11,47,86,88,133,132,115,20,67,19,57,75" hai3="69,81,70,31,14,106,105,24,90,96,71,102,45"/><T134/><D38/><U0/><E0/><V123/><F75/><W28/><G105/><T29/><D114/><U127/><E107/><V44/><F115/><W34/><G31/><T118/><D2/><U125/><E121/><V108/><F123/><W33/><G33/><T65/><D118/><U61/><E80/><V104/><F104/><W56/><G45/><T85/><D134/><N who="2" m="51818" /><F11/><W53/><G14/><T55/><D109/><U10/><E30/><V54/><F67/><N who="1" m="25641" /><E61/><N who="2" m="36023" /><F42/><W72/><G90/><T92/><D12/><U84/><AGARI ba="0,0" hai="6,10,15,40,41,84,89,95,124,125,127" m="25641" machi="84" ten="40,2700,0" yaku="18,1,52,1" doraHai="1" who="1" fromWho="1" sc="250,-13,250,27,250,-7,250,-7" /><INIT seed="1,0,0,5,5,81" ten="237,277,243,243" oya="1" hai0="25,135,62,100,109,126,63,34,104,115,52,13,132" hai1="46,125,61,133,31,67,86,77,73,42,55,92,108" hai2="6,101,71,44,40,91,58,103,45,38,68,64,120" hai3="9,11,0,43,98,2,74,122,131,1,130,82,117"/><U70/><E133/><N who="0" m="51273" /><D115/><U18/><E125/><V8/><F120/><W5/><G122/><T102/><D126/><U35/><E73/><V85/><F58/><W23/><G43/><T129/><D129/><N who="3" m="49161" /><G117/><T106/><D13/><U17/><E35/><V21/><F45/><W123/><G123/><T112/><D112/><U75/><E75/><V56/><F56/><W69/><G69/><T79/><D79/><U48/><E31/><V26/><F68/><W29/><G98/><T53/><D109/><U54/><E108/><V39/><F39/><W93/><G93/><T119/><D119/><U121/><E121/><V99/><F99/><W51/><G51/><T15/><D15/><U78/><E78/><V76/><F76/><N who="3" m="44311" /><G9/><T84/><D84/><U118/><E118/><V66/><F71/><W60/><G60/><N who="0" m="23083" /><D25/><AGARI ba="0,0" hai="0,1,2,5,11,23,25,29" m="44311,49161" machi="25" ten="30,1000,0" yaku="19,1" doraHai="81" who="3" fromWho="0" sc="237,-10,277,0,243,0,243,10" /><INIT seed="2,0,0,0,2,89" ten="227,277,243,253" oya="2" hai0="57,87,46,21,106,126,31,73,111,24,19,92,97" hai1="63,54,120,32,64,30,100,88,44,83,81,104,129" hai2="1,93,103,113,124,45,112,5,108,95,55,133,12" hai3="23,4,16,75,43,14,132,86,77,20,38,130,71"/><V52/><F1/><W10/><G71/><T0/><D73/><U60/><E129/><V39/><F133/><W74/><G132/><T15/><D0/><U72/><E72/><V98/><F124/><W99/><G23/><T59/><D126/><U8/><E8/><V28/><F28/><W17/><G17/><T109/><D46/><U48/><E63/><V7/><F108/><N who="0" m="41546" /><D87/><U128/><E128/><V47/><F39/><W41/><G130/><T107/><D107/><U58/><E120/><V2/><F2/><W68/><G68/><T9/><D106/><U61/><E61/><V35/><F35/><W37/><G37/><T134/><D134/><U102/><E104/><V80/><F80/><W105/><G75/><T25/><D25/><U51/><E32/><V118/><F12/><W53/><G74/><T91/><AGARI ba="0,0" hai="9,15,19,21,24,31,57,59,91,92,97" m="41546" machi="91" ten="30,2000,0" yaku="14,1,52,1" doraHai="89" who="0" fromWho="0" sc="227,20,277,-5,243,-10,253,-5" /><INIT seed="3,0,0,3,1,54" ten="247,272,233,248" oya="3" hai0="69,124,47,92,1,26,80,28,39,60,6,79,15" hai1="21,111,9,23,112,46,29,38,90,10,88,121,94" hai2="67,4,13,25,5,59,45,98,14,18,48,126,110" hai3="24,93,19,35,2,11,8,82,101,73,43,107,20"/><W30/><G107/><T77/><D77/><U33/><E33/><V128/><F110/><W41/><G11/><T123/><D15/><N who="2" m="5642" /><F126/><W56/><G8/><T49/><D92/><U12/><E121/><V97/><F128/><W72/><G2/><T65/><D49/><U0/><E38/><V105/><F105/><W50/><G93/><T63/><D63/><U64/><E64/><V129/><F129/><W95/><G95/><T76/><D76/><U75/><E75/><V57/><F67/><W53/><G101/><T37/><D47/><U34/><E34/><V96/><F18/><W31/><G31/><T83/><D83/><U108/><E29/><V134/><F25/><W40/><REACH who="3" step="1"/><G82/><REACH who="3" ten="247,272,233,238" step="2"/><T62/><D1/><U36/><E10/><V103/><F103/><W78/><G78/><T17/><D79/><U116/><E0/><V22/><F134/><W113/><G113/><T86/><D80/><U61/><E94/><V16/><F16/><W104/><G104/><T32/><D17/><U120/><E9/><V109/><F109/><W89/><G89/><T3/><D28/><U132/><E90/><V115/><F115/><W51/><G51/><T125/><D3/><U130/><E88/><V81/><F81/><W74/><G74/><T52/><D37/><U87/><E112/><V44/><F48/><W70/><G70/><T91/><D69/><U99/><E36/><V119/><F5/><W135/><G135/><T27/><D6/><U117/><E132/><V84/><F4/><W71/><G71/><T55/><D39/><U42/><E111/><V7/><F7/><RYUUKYOKU ba="0,1" sc="247,-10,272,-10,233,-10,238,30" hai3="19,20,24,30,35,40,41,43,50,53,56,72,73" /><INIT seed="3,1,1,3,3,74" ten="237,262,223,268" oya="3" hai0="17,128,30,38,53,41,27,21,67,96,123,42,54" hai1="118,121,48,115,90,32,89,49,77,75,135,79,51" hai2="82,100,86,10,0,23,24,117,12,8,101,11,126" hai3="70,85,62,22,69,132,9,31,122,127,25,97,64"/><W18/><G122/><T80/><D123/><U119/><E121/><V19/><F117/><N who="1" m="44553" /><E115/><V40/><F126/><W39/><G39/><T16/><D38/><U133/><E32/><V73/><F73/><W98/><G127/><T13/><D128/><U1/><E1/><V47/><F0/><W14/><G132/><N who="1" m="50762" /><E75/><V61/><F61/><W5/><G69/><T94/><D67/><U130/><E130/><V29/><F47/><W103/><G103/><N who="2" m="39497" /><F40/><W108/><G108/><T59/><D53/><U114/><E114/><V76/><AGARI ba="1,1" hai="8,10,11,12,19,23,24,29,76,82,86" m="39497" machi="76" ten="30,2000,0" yaku="8,1,52,1" doraHai="74" who="2" fromWho="2" sc="237,-6,262,-6,223,33,268,-11" /><INIT seed="4,0,0,5,3,84" ten="231,256,256,257" oya="0" hai0="54,76,90,70,2,121,45,105,96,28,103,57,60" hai1="56,13,7,6,46,119,112,131,17,101,14,98,29" hai2="23,88,81,129,115,114,21,33,73,111,20,104,25" hai3="82,77,19,41,62,128,1,10,106,61,134,120,78"/><T38/><D121/><U65/><E119/><V125/><F111/><W67/><G134/><T100/><D2/><U42/><E131/><V135/><F104/><W44/><G106/><T9/><D76/><U53/><E65/><V133/><F129/><W72/><G128/><T49/><D28/><U69/><E69/><V95/><F125/><W36/><G120/><T75/><D75/><U71/><E71/><V110/><F110/><W43/><G43/><T27/><D27/><U0/><E0/><V51/><F51/><W102/><G102/><T15/><D103/><U99/><E29/><N who="2" m="19631" /><F81/><N who="3" m="45223" /><G19/><T117/><D117/><U24/><E24/><V89/><F73/><N who="3" m="43343" /><G67/><T64/><D90/><N who="2" m="34922" /><F95/><W63/><G63/><T58/><REACH who="0" step="1"/><D38/><REACH who="0" ten="221,256,256,257" step="2"/><U87/><E101/><V123/><F123/><W3/><G1/><T32/><D32/><U39/><E39/><V122/><F122/><W16/><G3/><T18/><AGARI ba="0,1" hai="9,15,18,45,49,54,57,58,60,64,70,96,100,105" machi="18" ten="20,3900,0" yaku="1,1,0,1,7,1,53,0" doraHai="84" doraHaiUra="124" who="0" fromWho="0" sc="221,49,256,-13,256,-13,257,-13" /><INIT seed="4,1,0,2,4,107" ten="270,243,243,244" oya="0" hai0="78,26,86,18,4,40,34,56,134,103,84,48,104" hai1="111,133,14,73,88,64,118,92,37,53,25,1,19" hai2="47,94,9,46,75,77,127,80,122,62,130,41,125" hai3="36,15,8,6,114,129,7,76,109,54,81,27,102"/><T0/><D104/><U100/><E111/><V12/><F122/><W126/><G109/><T32/><D32/><U35/><E1/><V116/><F130/><W123/><G36/><T79/><D34/><U11/><E37/><V59/><F116/><W38/><G38/><T105/><D105/><U43/><E43/><V106/><F106/><W132/><G129/><T101/><D4/><U131/><E118/><V70/><F70/><W3/><G123/><T97/><D0/><U95/><E64/><V121/><F121/><W119/><G119/><T115/><D134/><U57/><E133/><V135/><F135/><W31/><G132/><T58/><D97/><U13/><E73/><V49/><F46/><W45/><G102/><N who="0" m="38923" /><D115/><U21/><E35/><V113/><F94/><W89/><G114/><T67/><D67/><U83/><E131/><V128/><F128/><W55/><G6/><T23/><D40/><U120/><E120/><V2/><F2/><W117/><G7/><T87/><D56/><U66/><E66/><N who="2" m="39263" /><F113/><W85/><G3/><T65/><D65/><U60/><E100/><V90/><F90/><W50/><G89/><T96/><D96/><U74/><E74/><V99/><F99/><W28/><G117/><T5/><D5/><N who="1" m="3311" /><E14/><V22/><F22/><W68/><G68/><T72/><D72/><U20/><E21/><V30/><F30/><W52/><G28/><T29/><D29/><U17/><E17/><V91/><F91/><W33/><G31/><T124/><D124/><N who="2" m="47690" /><F12/><W93/><G126/><T82/><D79/><U10/><E10/><AGARI ba="1,0" hai="9,10,41,47,49,75,77,80" m="47690,39263" machi="10" ten="30,2000,0" yaku="18,1,52,1" doraHai="107" who="2" fromWho="1" sc="270,0,243,-23,243,23,244,0" /><INIT seed="5,0,0,1,2,37" ten="270,220,266,244" oya="1" hai0="117,5,12,11,23,49,90,55,128,74,22,54,95" hai1="31,70,69,112,48,18,97,67,56,63,10,66,51" hai2="81,21,52,32,96,28,88,8,0,131,121,110,68" hai3="15,38,99,85,14,42,61,9,133,45,83,1,3"/><U35/><E112/><V113/><F110/><W24/><G133/><T65/><D74/><U53/><E35/><V73/><F121/><W6/><G99/><T98/><D117/><U80/><E31/><V33/><F68/><W111/><G111/><T39/><D39/><U47/><E80/><V58/><F113/><W127/><G127/><T118/><D118/><U40/><E97/><V27/><F131/><W129/><G129/><T84/><D65/><N who="1" m="24587" /><E18/><V44/><F44/><W107/><G107/><T115/><D115/><U46/><E10/><V36/><F36/><W132/><G132/><T77/><D128/><U26/><E26/><V125/><F125/><W120/><G120/><T2/><D2/><U124/><E124/><V41/><F41/><AGARI ba="0,0" hai="40,41,46,47,48,51,53,56,63,69,70" m="24587" machi="41" ten="30,18000,2" yaku="35,5,52,2" doraHai="37" who="1" fromWho="2" sc="270,0,220,180,266,-180,244,0" owari="270,7.0,400,50.0,86,-41.0,244,-16.0" /></mjloggm>