<mjloggm ver="2.3"><GO type="169" lobby="0"/><UN n0="%E3%83%A4%E3%82%AD%E3%83%B3" n1="%E3%81%B5%E3%81%8B%E3%81%A4%E3%81%81%E3%83%BC" n2="%E9%87%8C%E6%9C%A8%E4%BB%81" n3="%E3%82%A6%E3%83%AB%E3%83%88%E3%83%A9%E7%AB%8B%E7%9B%B4" dan="18,16,16,17" rate="2231.57,2093.43,2115.97,2228.87" sx="M,M,M,M"/><TAIKYOKU oya="0"/><INIT seed="0,0,0,3,3,52" ten="250,250,250,250" oya="0" hai0="112,58,108,5,33,43,94,3,103,70,134,135,0" hai1="9,35,39,8,50,107,42,37,55,97,53,84,127" hai2="4,130,24,116,57,59,120,61,56,73,1,132,38" hai3="121,72,117,119,91,63,76,22,79,65,80,60,11"/><T2/><D70/><U34/><E127/><V48/><F38/><W66/><G22/><T124/><D112/><U92/><E107/><V32/><F120/><W100/><G100/><T81/><D33/><U125/><E125/><V68/><F73/><W14/><G91/><T67/><D43/><U12/><E84/><V114/><F114/><W71/><G79/><T16/><D124/><U104/><E104/><V101/><F101/><W106/><G106/><T36/><D81/><U83/><E83/><V77/><F77/><W28/><G28/><T133/><D36/><U26/><E42/><V45/><F132/><W122/><G122/><T89/><D103/><U98/><E92/><V85/><F130/><W47/><G47/><T93/><D108/><U64/><E64/><V111/><F111/><W27/><G27/><T87/><D94/><U102/><E102/><V95/><F68/><W74/><G74/><T75/><D75/><U40/><E40/><N who="2" m="24615" /><F1/><W29/><G29/><T115/><D115/><U128/><E26/><V69/><F4/><W129/><G129/><T20/><D5/><U86/><E86/><V105/><F105/><W17/><REACH who="3" step="1"/><G121/><REACH who="3" ten="250,250,250,240" step="2"/><T51/><D133/><U15/><REACH who="1" step="1"/><E128/><REACH who="1" ten="250,240,250,240" step="2"/><V96/><F116/><W7/><G7/><T118/><D118/><U54/><E54/><V6/><F6/><W78/><G78/><T110/><D110/><U109/><E109/><V46/><F85/><W30/><G30/><T10/><D135/><U123/><E123/><V99/><F99/><W44/><G44/><T49/><D134/><U31/><E31/><V21/><F46/><RYUUKYOKU ba="0,2" sc="250,-15,240,15,250,-15,240,15" hai1="8,9,12,15,34,35,37,39,50,53,55,97,98" hai3="11,14,17,60,63,65,66,71,72,76,80,117,119" /><INIT seed="1,1,2,0,1,79" ten="235,255,235,255" oya="1" hai0="54,7,64,58,96,48,13,9,71,25,6,84,93" hai1="97,50,27,26,38,60,100,21,78,51,117,24,73" hai2="91,56,18,5,90,118,105,44,4,52,66,104,88" hai3="132,19,120,83,63,65,23,107,17,33,115,113,74"/><U135/><E117/><V77/><F118/><W72/><G33/><T43/><D71/><U39/><E135/><V47/><F66/><W94/><G107/><T124/><D124/><U101/><E60/><V134/><F134/><W122/><G132/><T53/><D64/><U11/><E11/><V20/><F105/><W127/><G65/><T16/><D43/><U36/><E21/><V87/><F104/><W129/><G94/><T123/><D123/><U10/><E10/><V98/><F98/><W2/><G23/><T103/><D25/><U1/><E1/><V130/><F130/><W75/><G63/><N who="0" m="36303" /><D84/><U76/><E97/><V41/><F77/><N who="1" m="29801" /><E73/><V46/><F87/><W106/><G106/><T131/><D131/><U133/><E133/><V22/><F41/><W49/><G74/><T32/><D32/><U86/><E86/><V89/><N who="2" m="22528" /><DORA hai="31" /><V108/><F108/><W61/><G129/><T40/><D40/><U37/><N who="1" m="9216" /><DORA hai="68" /><U119/><E119/><V30/><F30/><W95/><G2/><T111/><D7/><N who="2" m="2634" /><F18/><W8/><G17/><T34/><D34/><U102/><AGARI ba="1,2" hai="24,26,27,50,51,100,101,102" m="9216,29801" machi="102" ten="70,24000,3" yaku="29,2,28,2,52,4" doraHai="79,31,68" who="1" fromWho="1" sc="235,-81,255,263,235,-81,255,-81" /><INIT seed="1,2,0,2,3,108" ten="154,518,154,174" oya="1" hai0="11,37,44,76,106,68,35,3,1,118,67,30,28" hai1="135,5,8,58,27,10,66,19,18,6,73,15,53" hai2="95,84,16,87,45,43,75,92,89,79,38,94,69" hai3="114,59,100,60,21,86,127,14,93,23,99,32,61"/><U65/><E73/><V26/><F69/><W82/><G32/><T104/><D30/><U71/><E135/><V134/><F75/><W101/><G127/><T54/><D54/><U74/><E74/><V20/><REACH who="2" step="1"/><F134/><REACH who="2" ten="154,518,144,174" step="2"/><W96/><G114/><T2/><D118/><U103/><E71/><V29/><F29/><W51/><G60/><T115/><D115/><U25/><E5/><V55/><F55/><W102/><G61/><T13/><D68/><U91/><E6/><V105/><F105/><W107/><G107/><T36/><D67/><U47/><E53/><V125/><F125/><W121/><G121/><T98/><D106/><U57/><E66/><V33/><F33/><W83/><G102/><T17/><D28/><U133/><E65/><V131/><F131/><W90/><G101/><T80/><D35/><U85/><E103/><V97/><F97/><W109/><G100/><T50/><D98/><U128/><E133/><V48/><F48/><W34/><G34/><T132/><D104/><U88/><E128/><V124/><F124/><W123/><G123/><T112/><D112/><U41/><E85/><V130/><F130/><W22/><G99/><T64/><D64/><U52/><E52/><V72/><F72/><W116/><G96/><T9/><D132/><U117/><E41/><V78/><F78/><W129/><G129/><T49/><D49/><U46/><E117/><V113/><F113/><W42/><G116/><T70/><D70/><U63/><E63/><V40/><F40/><W12/><G42/><N who="0" m="22599" /><D50/><U110/><E110/><V24/><F24/><W120/><G51/><RYUUKYOKU ba="2,1" sc="154,-15,518,15,144,15,174,-15" hai1="8,10,15,18,19,25,27,46,47,57,58,88,91" hai2="16,20,26,38,43,45,79,84,87,89,92,94,95" /><INIT seed="1,3,1,4,3,9" ten="139,533,159,159" oya="1" hai0="60,12,101,31,17,112,111,107,54,73,72,39,50" hai1="35,123,47,14,96,113,99,62,16,36,27,67,110" hai2="70,49,84,104,126,117,8,132,15,43,76,133,59" hai3="34,38,61,56,41,44,108,85,118,86,66,116,19"/><U103/><E123/><V92/><F117/><N who="3" m="45163" /><G34/><T24/><D39/><U97/><E113/><V93/><F126/><W115/><G115/><T40/><D112/><U13/><E110/><V26/><F104/><W127/><G127/><T3/><D3/><U64/><E36/><V20/><F70/><W125/><G125/><T48/><D101/><U131/><E47/><N who="2" m="25855" /><F59/><W6/><G108/><T129/><D107/><N who="1" m="63975" /><E67/><V5/><F133/><W102/><G6/><T135/><D129/><U22/><E131/><V77/><F132/><W51/><G102/><T45/><D135/><U57/><E57/><V52/><F52/><N who="3" m="31775" /><G19/><T18/><D18/><U128/><E128/><V7/><F7/><W69/><AGARI ba="3,1" hai="38,41,44,61,66,69,85,86" m="31775,45163" machi="69" ten="30,4000,0" yaku="24,1,12,1,54,1" doraHai="9" who="3" fromWho="3" sc="139,-13,533,-23,159,-13,159,59" /><INIT seed="2,0,0,2,1,56" ten="126,510,146,218" oya="2" hai0="82,16,103,90,44,105,107,33,15,25,121,43,6" hai1="29,92,79,76,70,116,27,35,46,101,113,74,62" hai2="64,71,21,104,51,53,73,39,61,81,93,50,134" hai3="9,52,129,11,23,125,102,60,31,118,57,47,8"/><V4/><F104/><W130/><G118/><T37/><D121/><U126/><E116/><V36/><F134/><W122/><G122/><T38/><D103/><U69/><E113/><V133/><F133/><W91/><G102/><T24/><D6/><U65/><E126/><V132/><F132/><W59/><G125/><T115/><D38/><U58/><E46/><V5/><F51/><W41/><G91/><T100/><D115/><U17/><E79/><V49/><F49/><W128/><G59/><T40/><D40/><U72/><E17/><V54/><F93/><W30/><G23/><T85/><D100/><U94/><E94/><V127/><F21/><W83/><G83/><T106/><REACH who="0" step="1"/><D33/><REACH who="0" ten="116,510,146,218" step="2"/><U32/><E32/><V111/><F39/><AGARI ba="0,1" hai="8,9,11,30,31,39,41,47,52,57,60,128,129,130" machi="39" ten="50,6400,0" yaku="19,1,52,1,54,1" doraHai="56" who="3" fromWho="2" sc="116,0,510,0,146,-64,218,74" /><INIT seed="3,0,0,3,0,26" ten="116,510,82,292" oya="3" hai0="22,41,72,60,48,85,62,73,94,124,37,90,75" hai1="108,17,23,30,59,120,132,130,4,10,111,56,15" hai2="19,114,79,12,25,109,34,24,93,63,74,1,113" hai3="0,14,33,133,21,134,81,128,9,105,38,44,32"/><W83/><G105/><T5/><D124/><U116/><E120/><V123/><F1/><W51/><G38/><T57/><D37/><U88/><E132/><N who="3" m="50794" /><G21/><T127/><D127/><U110/><E130/><V27/><F123/><W118/><G0/><T36/><D36/><U29/><E116/><V131/><F131/><W2/><G2/><T42/><D5/><U69/><E69/><V8/><F93/><W107/><G107/><T100/><D100/><U6/><E6/><V53/><F109/><W67/><G67/><T35/><D35/><N who="3" m="13385" /><G118/><T89/><D22/><U39/><E39/><V126/><F126/><W92/><G92/><T64/><D48/><U71/><E71/><V112/><F34/><W103/><G103/><T96/><REACH who="0" step="1"/><D60/><REACH who="0" ten="106,510,82,292" step="2"/><U65/><E23/><V18/><F114/><W87/><G128/><T68/><D68/><U82/><E111/><V31/><F113/><W47/><G51/><T99/><D99/><U16/><E110/><V49/><F63/><W13/><G9/><T121/><D121/><U102/><E108/><V3/><F112/><W43/><G44/><T52/><D52/><U28/><E102/><V117/><F117/><W58/><G47/><T119/><D119/><U55/><E65/><V66/><F66/><W104/><G43/><T106/><D106/><U95/><E55/><V97/><F49/><W61/><G104/><T50/><D50/><U129/><E129/><V135/><F53/><W80/><G61/><T86/><D86/><N who="1" m="50263" /><E95/><AGARI ba="0,1" hai="41,42,57,62,64,72,73,75,85,89,90,94,95,96" machi="95" ten="40,5200,0" yaku="1,1,53,2" doraHai="26" doraHaiUra="84" who="0" fromWho="1" sc="106,62,510,-52,82,0,292,0" /><INIT seed="4,0,0,0,2,9" ten="168,458,82,292" oya="0" hai0="44,102,116,15,50,6,127,13,83,66,84,134,122" hai1="35,114,81,108,110,42,53,115,34,88,5,16,119" hai2="99,24,20,55,113,45,95,14,36,77,132,126,125" hai3="8,3,133,1,100,123,51,26,28,79,59,73,121"/><T25/><D116/><U82/><E119/><V71/><F113/><N who="1" m="43017" /><E5/><V76/><F71/><W41/><G100/><T19/><D122/><U111/><E42/><V87/><F132/><W62/><G133/><T18/><D127/><N who="2" m="48650" /><F87/><W0/><G79/><T63/><D102/><U67/><E67/><V94/><F94/><W104/><G73/><T93/><D93/><U27/><E53/><V11/><F55/><W40/><G104/><T60/><D6/><U86/><E81/><V80/><F80/><W78/><G0/><T69/><D134/><U46/><E46/><V32/><F32/><W43/><G1/><T107/><D107/><U38/><E38/><V64/><F64/><W70/><G3/><T12/><D25/><U21/><AGARI ba="0,0" hai="16,21,27,34,35,82,86,88,108,110,111" m="43017" machi="21" ten="40,8000,1" yaku="15,1,11,1,54,2" doraHai="9" who="1" fromWho="1" sc="168,-40,458,80,82,-20,292,-20" /><INIT seed="5,0,0,3,5,111" ten="128,538,62,272" oya="1" hai0="105,56,124,83,135,25,85,109,50,43,8,7,14" hai1="54,94,98,122,4,113,36,10,120,99,44,132,100" hai2="34,33,57,72,108,89,116,46,47,118,103,19,87" hai3="26,23,130,66,69,78,76,128,95,101,45,77,84"/><U40/><E113/><V104/><F108/><W6/><G6/><T65/><D109/><U20/><E132/><V75/><F57/><W91/><G101/><T17/><D105/><U126/><E126/><V30/><F19/><W11/><G11/><T134/><D124/><U3/><E54/><V52/><F104/><W67/><G45/><N who="0" m="25919" /><D56/><U93/><REACH who="1" step="1"/><E20/><REACH who="1" ten="128,528,62,272" step="2"/><V90/><F52/><W15/><G23/><N who="0" m="13551" /><D65/><U92/><E92/><V18/><F118/><W97/><G95/><T79/><AGARI ba="0,1" hai="7,8,14,79,83,85,134,135" m="13551,25919" machi="79" ten="30,1100,0" yaku="25,1" doraHai="111" who="0" fromWho="0" sc="128,21,528,-5,62,-3,272,-3" /><INIT seed="6,0,0,0,4,28" ten="149,523,59,269" oya="2" hai0="78,107,80,74,20,15,121,90,124,94,16,83,50" hai1="3,47,129,89,56,66,63,5,0,40,96,49,71" hai2="112,13,68,132,42,70,53,36,98,65,119,79,108" hai3="130,134,110,109,76,126,104,73,43,111,38,60,44"/><V113/><F119/><W81/><G104/><T62/><D107/><U88/><E129/><V127/><F79/><W106/><G106/><T57/><D124/><U26/><E26/><V7/><F98/><W29/><G130/><T6/><D121/><U33/><E33/><V75/><F75/><W18/><G126/><T52/><D6/><U17/><E17/><V46/><F127/><W41/><G41/><T131/><D131/><U32/><E32/><V101/><F132/><W85/><G29/><T87/><D83/><U84/><E96/><V23/><F108/><W2/><G134/><T118/><D62/><U135/><E135/><V11/><F101/><W92/><G18/><T35/><D35/><U77/><E77/><V45/><F23/><W115/><G115/><N who="2" m="44105" /><F65/><W86/><G2/><T19/><D19/><U123/><E123/><V12/><F12/><W67/><REACH who="3" step="1"/><G92/><REACH who="3" ten="149,523,59,259" step="2"/><T95/><D118/><U128/><E128/><V69/><F69/><AGARI ba="0,1" hai="38,43,44,60,67,69,73,76,81,85,86,109,110,111" machi="69" ten="40,8000,1" yaku="1,1,2,1,53,3" doraHai="28" doraHaiUra="122" who="3" fromWho="2" sc="149,0,523,0,59,-80,259,90" owari="149,-25.0,523,62.0,-21,-52.0,349,15.0" /></mjloggm>