<mjloggm ver="2.3"><GO type="169" lobby="0"/><UN n0="%E3%83%96%E3%83%AB%E3%83%96%E3%83%AB%E3%83%8F%E3%83%BC%E3%83%84" n1="%E3%83%80%E3%83%81%E3%83%A7%E3%82%A6%E3%81%AE%E5%8D%B5" n2="%E5%B0%B1%E6%B4%BB%E7%94%9F%40%E5%B7%9D%E6%9D%91%E8%BB%8D%E5%9B%A3" n3="%41%4B%49%52%41%4E%73" dan="18,16,16,16" rate="2204.90,2027.51,2129.53,2036.38" sx="M,M,M,M"/><TAIKYOKU oya="0"/><INIT seed="0,0,0,0,5,111" ten="250,250,250,250" oya="0" hai0="48,131,60,55,133,53,47,9,90,18,20,14,67" hai1="81,97,19,59,22,95,94,7,92,98,61,1,68" hai2="109,116,13,4,100,17,132,16,3,39,44,36,43" hai3="23,103,102,83,70,129,51,128,115,84,63,130,32"/><T71/><D131/><U82/><E68/><V11/><F109/><W37/><G37/><T121/><D133/><U113/><E113/><V85/><F132/><W73/><G73/><T91/><D121/><U96/><E7/><V58/><F116/><W42/><G32/><T29/><D29/><U27/><REACH who="1" step="1"/><E1/><REACH who="1" ten="250,240,250,250" step="2"/><V6/><F4/><W56/><G70/><T25/><REACH who="0" step="1"/><D55/><AGARI ba="0,1" hai="19,22,27,55,59,61,81,82,92,94,95,96,97,98" machi="55" ten="40,5200,0" yaku="1,1,2,1,8,1,53,0" doraHai="111" doraHaiUra="8" who="1" fromWho="0" sc="250,-52,240,62,250,0,250,0" /><INIT seed="1,0,0,4,4,49" ten="198,302,250,250" oya="1" hai0="33,127,129,23,81,112,7,116,70,30,26,113,103" hai1="85,111,66,3,72,38,86,115,45,56,58,82,105" hai2="47,74,124,51,109,16,73,128,101,93,46,97,0" hai3="57,24,22,95,80,99,14,77,87,50,69,63,68"/><U44/><E105/><V25/><F0/><W34/><G34/><T107/><D116/><U43/><E3/><V67/><F109/><W102/><G14/><T114/><D70/><U79/><E115/><V123/><F123/><W89/><G50/><T53/><D127/><U40/><E111/><V134/><F124/><W11/><G11/><T135/><D135/><U126/><E126/><V84/><F134/><W62/><G62/><T64/><D64/><U55/><E66/><V76/><F67/><W65/><REACH who="3" step="1"/><G89/><REACH who="3" ten="198,302,250,240" step="2"/><T12/><D113/><U110/><E110/><V31/><F47/><W60/><G60/><T94/><D112/><U9/><E9/><V18/><F128/><W75/><G75/><T28/><D114/><U20/><E20/><N who="2" m="15783" /><F73/><W4/><G4/><T19/><D7/><U78/><E72/><V131/><F74/><W108/><G108/><T42/><D129/><U21/><E21/><V37/><F37/><W48/><G48/><T122/><D33/><U91/><E38/><V133/><F131/><W83/><G83/><T5/><D12/><U35/><E35/><V1/><F1/><W15/><G15/><T59/><D5/><U29/><E82/><N who="2" m="47175" /><F133/><W27/><G27/><T17/><D81/><U130/><E130/><V117/><F117/><W106/><G106/><T39/><D107/><U6/><E6/><V8/><F8/><W32/><G32/><T61/><D39/><U98/><E44/><V118/><F118/><W121/><G121/><T125/><D125/><U100/><E45/><V119/><F119/><W41/><G41/><AGARI ba="0,1" hai="16,18,41,46,51,93,97,101" m="47175,15783" machi="41" ten="30,2000,0" yaku="8,1,54,1" doraHai="49" who="2" fromWho="3" sc="198,0,302,0,250,30,240,-20" /><INIT seed="2,0,0,5,2,46" ten="198,302,280,220" oya="2" hai0="43,64,68,88,79,52,89,125,33,77,85,50,36" hai1="18,45,76,27,120,119,103,73,134,2,117,54,16" hai2="78,132,57,97,14,101,11,37,69,9,135,34,129" hai3="56,84,91,72,83,24,55,122,26,93,66,70,6"/><V49/><F37/><W111/><G122/><T0/><D0/><U109/><E2/><V90/><F69/><W104/><G104/><T39/><D33/><U65/><E65/><V38/><F38/><W124/><G124/><T110/><D39/><U12/><E103/><V71/><F71/><W87/><G72/><T82/><D125/><U94/><E94/><V42/><F34/><W15/><G111/><T21/><D110/><U23/><E109/><V121/><F121/><W19/><G6/><T48/><D36/><U118/><E120/><V3/><F78/><N who="0" m="29706" /><D68/><U53/><E134/><N who="2" m="51243" /><F3/><W108/><G66/><T105/><D64/><U62/><E76/><V10/><F90/><N who="3" m="51487" /><G70/><T115/><D105/><U44/><E73/><V30/><F30/><W127/><G127/><T31/><D89/><U113/><E117/><V13/><F129/><W74/><G74/><T98/><D98/><U112/><E118/><V17/><F14/><W40/><G40/><T61/><D43/><U86/><E119/><V58/><F13/><W114/><G114/><T96/><D96/><U60/><E112/><V107/><F17/><W102/><G102/><T75/><D75/><U131/><E131/><V1/><F1/><W128/><G128/><T106/><D106/><U47/><E113/><V5/><F5/><W100/><G100/><T130/><D130/><U81/><E18/><V28/><F28/><W32/><G32/><T22/><D115/><U67/><E12/><V25/><F25/><W59/><G108/><T63/><D31/><U4/><E27/><N who="3" m="10282" /><G55/><T20/><D52/><U7/><E54/><RYUUKYOKU ba="0,0" sc="198,10,302,-30,280,10,220,10" hai0="20,21,22,48,50,61,63,82,85,88" hai2="9,10,11,42,49,57,58,97,101,107" hai3="15,19,56,59,87,91,93" /><INIT seed="2,1,0,2,1,71" ten="208,272,290,230" oya="2" hai0="78,68,91,67,7,17,41,15,51,3,54,2,114" hai1="107,28,75,62,42,101,120,50,94,33,34,106,99" hai2="70,11,127,69,43,79,36,21,119,102,132,93,128" hai3="86,81,134,88,6,14,95,58,5,45,89,121,27"/><V110/><F119/><W56/><G121/><T60/><D114/><U85/><E75/><V108/><F79/><W72/><G72/><T24/><D7/><U124/><E62/><V31/><F128/><W115/><G134/><T38/><D24/><U16/><E85/><V109/><F132/><W129/><G45/><N who="0" m="23735" /><D91/><U111/><E50/><V100/><F11/><W96/><G129/><T135/><D78/><U37/><E120/><V40/><F127/><W46/><G46/><T23/><D135/><U63/><E63/><V49/><F49/><W112/><G27/><T12/><D12/><U47/><E124/><V116/><F116/><W8/><REACH who="3" step="1"/><G6/><REACH who="3" ten="208,272,290,220" step="2"/><T44/><D44/><U105/><E47/><N who="2" m="23943" /><F43/><W87/><G87/><T104/><D104/><U130/><E105/><V76/><F76/><W77/><G77/><T82/><D82/><U65/><E106/><V26/><F93/><W113/><AGARI ba="1,1" hai="5,8,14,56,58,81,86,88,89,95,96,112,113,115" machi="113" ten="30,8000,1" yaku="1,1,0,1,11,1,54,1,53,1" doraHai="71" doraHaiUra="9" who="3" fromWho="3" sc="208,-21,272,-21,290,-41,220,93" /><INIT seed="3,0,0,4,0,37" ten="187,251,249,313" oya="3" hai0="76,125,59,20,66,22,29,9,40,60,92,39,91" hai1="84,96,42,45,67,7,25,86,35,18,133,97,23" hai2="32,57,99,4,95,33,14,15,126,36,131,41,12" hai3="28,52,26,54,117,75,100,8,62,63,122,130,127"/><W16/><G75/><T118/><D118/><U49/><E133/><V17/><F4/><W85/><G122/><T82/><D125/><U21/><E35/><V105/><F105/><W111/><G130/><T50/><D39/><U47/><E67/><V114/><F114/><W123/><G123/><T1/><D29/><U87/><E7/><V81/><F126/><W89/><G100/><T101/><D101/><U116/><E116/><V132/><F132/><W134/><G111/><T10/><D1/><U56/><E56/><V112/><F112/><W104/><G104/><T30/><D22/><U88/><E88/><V98/><F98/><W2/><G2/><T31/><D31/><U65/><E65/><V34/><F81/><W6/><G6/><T128/><D20/><U80/><E80/><V72/><F72/><W64/><G64/><T120/><D30/><N who="1" m="17711" /><E47/><V43/><F131/><W113/><G113/><T11/><D120/><U119/><E119/><V5/><F5/><W48/><G117/><T90/><D128/><U78/><E78/><V38/><F57/><N who="3" m="32903" /><G127/><T44/><REACH who="0" step="1"/><D92/><REACH who="0" ten="177,251,249,313" step="2"/><U106/><E106/><V108/><F36/><W103/><G103/><T71/><D71/><U13/><AGARI ba="0,1" hai="13,18,23,42,45,49,84,86,87,96,97" m="17711" machi="13" ten="30,2000,0" yaku="8,1,52,1" doraHai="37" who="1" fromWho="1" sc="177,-5,251,30,249,-5,313,-10" /><INIT seed="4,0,0,0,1,24" ten="172,281,244,303" oya="0" hai0="67,125,78,30,49,82,69,35,60,50,127,114,131" hai1="6,32,57,34,9,58,7,72,65,19,55,41,73" hai2="94,79,13,134,59,106,97,8,103,27,48,88,47" hai3="77,124,93,2,100,18,107,12,52,16,122,113,23"/><T0/><D0/><U135/><E41/><V80/><F134/><W104/><G2/><T10/><D10/><U119/><E65/><V91/><F59/><W63/><G77/><T5/><D5/><U74/><E19/><V118/><F118/><W116/><G116/><T44/><D114/><U36/><E36/><V126/><F126/><N who="0" m="48138" /><D131/><U132/><E119/><V33/><F33/><W70/><G104/><T90/><D90/><U66/><E66/><V111/><F27/><W29/><G70/><T15/><D15/><U11/><E72/><V92/><F92/><W101/><G107/><T20/><D20/><U62/><E55/><V54/><F106/><W45/><G93/><T53/><D49/><U98/><E98/><V115/><F115/><W56/><G12/><T112/><D112/><U43/><E43/><V83/><F111/><W81/><G81/><N who="2" m="31305" /><F79/><W37/><G113/><T117/><D117/><U51/><E51/><V99/><F99/><W76/><G76/><T26/><D82/><U123/><E62/><V84/><F84/><W86/><G86/><T71/><D78/><U31/><E123/><V25/><F25/><N who="3" m="16575" /><G122/><T120/><D120/><U130/><E130/><V4/><AGARI ba="0,0" hai="4,8,13,47,48,54,88,91,94,97,103" m="31305" machi="4" ten="30,2000,0" yaku="8,1,54,1" doraHai="24" who="2" fromWho="2" sc="172,-10,281,-5,244,20,303,-5" /><INIT seed="5,0,0,5,2,128" ten="162,276,264,298" oya="1" hai0="82,46,123,38,20,135,9,90,68,98,64,51,67" hai1="89,122,96,72,36,11,103,47,79,70,53,63,107" hai2="27,48,134,131,26,0,111,88,23,75,119,73,56" hai3="113,17,16,41,44,91,34,118,4,115,84,69,50"/><U93/><E122/><V99/><F111/><W22/><G69/><T13/><D38/><U80/><E11/><V31/><F0/><W52/><G34/><T30/><D135/><U1/><E1/><V18/><F119/><W71/><G71/><T100/><D123/><U101/><E70/><V114/><F134/><W21/><G4/><T74/><D68/><U61/><E101/><V10/><F131/><W108/><G108/><T8/><D8/><U102/><E102/><V126/><F126/><W39/><G21/><T40/><D20/><U58/><E47/><V33/><F10/><W95/><G118/><T78/><D30/><U28/><E36/><V6/><F6/><W133/><G133/><T104/><REACH who="0" step="1"/><D90/><REACH who="0" ten="152,276,264,298" step="2"/><U85/><E28/><V55/><F114/><N who="3" m="43531" /><G17/><AGARI ba="0,1" hai="9,13,17,40,46,51,64,67,74,78,82,98,100,104" machi="17" ten="30,2000,0" yaku="1,1,7,1,53,0" doraHai="128" doraHaiUra="81" who="0" fromWho="3" sc="152,30,276,0,264,0,298,-20" /><INIT seed="6,0,0,2,0,66" ten="182,276,264,278" oya="2" hai0="40,3,93,18,42,86,85,24,74,5,110,13,62" hai1="92,70,22,56,113,57,125,90,82,128,61,48,105" hai2="31,76,116,60,133,64,8,81,54,32,23,102,51" hai3="7,77,97,94,112,127,78,30,119,130,52,25,109"/><V101/><F116/><W21/><G109/><T100/><D74/><U121/><E105/><V58/><F32/><W83/><G119/><T69/><D110/><U1/><E1/><V118/><F118/><W49/><G127/><T79/><D3/><U111/><E111/><V53/><F133/><W15/><G112/><T95/><D69/><U10/><E10/><V0/><F0/><W135/><G135/><T11/><D62/><U134/><E82/><V89/><F8/><N who="3" m="4511" /><G83/><N who="0" m="47359" /><D93/><U107/><E107/><V26/><F89/><N who="3" m="55503" /><G130/><T29/><D29/><U115/><E134/><V55/><REACH who="2" step="1"/><F51/><REACH who="2" ten="182,276,254,278" step="2"/><W104/><G104/><T37/><D37/><U108/><E108/><V106/><F106/><W4/><G4/><T67/><D100/><U80/><E48/><V20/><F20/><W2/><G2/><T28/><D5/><U129/><E22/><V132/><F132/><W19/><G30/><T63/><D28/><U126/><E115/><V6/><F6/><W96/><G77/><T41/><D11/><U68/><E113/><V35/><F35/><W120/><G78/><T72/><D18/><U99/><E125/><V16/><F16/><W88/><G120/><T123/><D123/><U75/><E126/><V45/><F45/><N who="3" m="27695" /><G88/><N who="0" m="53655" /><D72/><AGARI ba="0,1" hai="23,26,31,53,54,55,58,60,64,72,76,81,101,102" machi="72" ten="40,2000,0" yaku="1,1,53,0" doraHai="66" doraHaiUra="12" who="2" fromWho="0" sc="182,-20,276,0,254,30,278,0" /><INIT seed="6,1,0,0,0,21" ten="162,276,284,278" oya="2" hai0="118,25,23,43,127,39,91,113,68,130,89,80,73" hai1="66,57,20,63,15,107,36,4,65,0,17,1,42" hai2="6,133,50,58,102,35,44,51,116,106,33,129,52" hai3="79,72,61,103,120,98,45,8,54,37,94,13,10"/><V128/><F116/><W16/><G120/><T18/><D68/><U14/><E107/><V30/><F133/><W69/><G8/><T75/><D118/><U100/><E100/><V105/><F6/><W96/><G96/><T115/><D127/><U2/><E65/><V84/><F84/><W31/><G31/><T27/><D130/><N who="2" m="50282" /><F30/><W41/><G79/><T56/><D56/><U64/><E64/><V67/><F67/><W70/><REACH who="3" step="1"/><G72/><REACH who="3" ten="162,276,284,268" step="2"/><T97/><D75/><U3/><E3/><V77/><F77/><W74/><G74/><T134/><D134/><U110/><E1/><V121/><F121/><W124/><G124/><T59/><D73/><U76/><E76/><V132/><F132/><W83/><G83/><T88/><D80/><U81/><E81/><V7/><F7/><W92/><G92/><T5/><D97/><U114/><E2/><V131/><F131/><W19/><G19/><T48/><D5/><U40/><E0/><V26/><F102/><W117/><G117/><T126/><D126/><U99/><E4/><V28/><F35/><W112/><G112/><N who="0" m="43083" /><D18/><U109/><E114/><V38/><F38/><W9/><G9/><T87/><D87/><U119/><E119/><V24/><F28/><W111/><G111/><T86/><D86/><U104/><E36/><V82/><F82/><W32/><G32/><T93/><D93/><U53/><E109/><V71/><F33/><W55/><G55/><N who="0" m="32231" /><D23/><N who="1" m="11703" /><E110/><V11/><F11/><W108/><G108/><T34/><D34/><U47/><E20/><V12/><F105/><W60/><G60/><T122/><D122/><RYUUKYOKU ba="1,1" sc="162,15,276,-15,284,-15,268,15" hai0="25,27,39,43,88,89,91" hai3="10,13,16,37,41,45,54,61,69,70,94,98,103" /><INIT seed="7,2,1,1,0,48" ten="177,261,269,283" oya="3" hai0="128,49,53,124,97,17,120,99,102,3,122,0,80" hai1="126,90,43,135,73,19,18,23,133,103,95,134,107" hai2="24,35,79,37,5,92,91,105,57,1,101,96,119" hai3="58,8,46,55,47,4,33,130,82,65,25,10,45"/><W116/><G116/><T87/><D124/><U52/><E126/><V31/><F37/><W64/><G130/><T60/><D128/><U70/><E73/><V127/><F127/><W13/><G10/><T39/><D39/><U112/><E112/><V117/><F79/><W69/><G69/><T41/><D41/><U61/><E43/><V6/><F57/><W78/><G33/><T88/><D60/><U7/><E7/><V74/><F74/><W77/><G25/><T132/><D132/><U16/><E103/><V131/><F131/><W2/><G2/><T11/><D97/><N who="1" m="57591" /><E107/><V89/><F89/><W34/><G34/><T85/><D85/><U32/><E32/><V63/><F63/><N who="3" m="36319" /><G82/><T104/><D0/><U114/><E114/><V54/><F1/><W71/><G71/><T21/><D3/><U44/><E70/><V76/><F6/><W12/><G13/><N who="0" m="7359" /><D21/><U94/><E23/><V40/><F5/><W93/><G93/><T121/><D121/><U66/><E94/><V67/><F40/><W42/><G42/><T30/><D30/><U81/><E81/><V38/><F38/><W20/><G20/><T28/><D28/><U29/><E29/><V83/><F117/><W106/><G106/><T15/><D15/><U113/><E113/><V109/><F119/><W86/><G86/><T115/><D115/><U75/><E75/><N who="2" m="43423" /><F105/><W111/><G111/><T56/><D120/><U22/><E22/><V27/><F109/><W108/><G108/><T50/><D122/><U36/><E36/><V98/><F31/><W110/><G110/><T9/><D9/><RYUUKYOKU ba="2,1" sc="177,15,261,-15,269,-15,283,15" hai0="49,50,53,56,80,87,88,99,102,104" hai3="4,8,12,45,46,47,64,65,77,78" /><INIT seed="7,3,1,2,0,27" ten="192,246,254,298" oya="3" hai0="22,98,134,101,121,117,52,10,1,42,119,65,91" hai1="71,53,47,2,131,6,5,60,68,25,115,129,41" hai2="89,105,51,132,33,127,62,19,44,37,54,83,92" hai3="17,102,90,72,61,106,77,66,70,88,126,45,40"/><W130/><G130/><N who="1" m="49674" /><E115/><V64/><F105/><W8/><G126/><T120/><D134/><U80/><E80/><V59/><F127/><W26/><G102/><T111/><D111/><U21/><E53/><V100/><F33/><W113/><G106/><T109/><D109/><U81/><E81/><V99/><F37/><W58/><G77/><T84/><D42/><U63/><E63/><V73/><F132/><W48/><G72/><T23/><D65/><N who="1" m="40999" /><E71/><V103/><F73/><W128/><G128/><T16/><D23/><U67/><E67/><V133/><F133/><W76/><G76/><T135/><D135/><U11/><E11/><V86/><REACH who="2" step="1"/><F19/><REACH who="2" ten="192,246,244,298" step="2"/><W30/><G113/><T4/><D117/><U85/><E2/><V87/><F87/><W112/><G112/><T28/><D119/><U82/><E85/><V24/><F24/><W20/><G70/><T79/><D79/><AGARI ba="3,2" hai="44,51,54,59,62,64,79,83,86,89,92,99,100,103" machi="79" ten="30,3900,0" yaku="1,1,7,1,8,1,53,0" doraHai="27" doraHaiUra="15" who="2" fromWho="0" sc="192,-48,246,0,244,68,298,0" owari="144,-36.0,246,-15.0,312,41.0,298,10.0" /></mjloggm>