<mjloggm ver="2.3"><GO type="169" lobby="0"/><UN n0="%E6%8E%A8%E7%A9%BA%EF%BC%B0" n1="%EF%BD%9E%E5%8E%9F%E6%9D%91%E5%92%8C%EF%BD%9E" n2="%E9%95%B7%E9%96%80%2A%E6%9C%AA%E6%B2%99" n3="%E3%82%A6%E3%83%AB%E3%83%88%E3%83%A9%E7%AB%8B%E7%9B%B4" dan="17,16,16,16" rate="2148.96,2141.31,2116.28,2147.11" sx="F,F,M,M"/><TAIKYOKU oya="0"/><INIT seed="0,0,0,4,5,3" ten="250,250,250,250" oya="0" hai0="134,67,120,1,121,89,38,123,133,100,0,102,90" hai1="34,71,58,26,70,135,79,98,77,32,131,115,87" hai2="47,30,13,21,114,111,110,23,53,107,81,113,46" hai3="51,25,112,128,50,105,92,7,95,130,49,94,73"/><T78/><D38/><U6/><E131/><N who="3" m="50218" /><G112/><T104/><D67/><U68/><E135/><N who="0" m="51721" /><D78/><U40/><E40/><V64/><F64/><W19/><G105/><T65/><D65/><U127/><E127/><V80/><F30/><W11/><G73/><T56/><D56/><U5/><E98/><V85/><F107/><W61/><G61/><T45/><D45/><U75/><E75/><V9/><F53/><W44/><G25/><T43/><D43/><U36/><E115/><V129/><F129/><W62/><G62/><T117/><D104/><U37/><E87/><V14/><F85/><W119/><G119/><T17/><D17/><U10/><E10/><AGARI ba="0,0" hai="9,10,13,14,21,23,46,47,80,81,110,111,113,114" machi="10" ten="25,1600,0" yaku="22,2" doraHai="3" who="2" fromWho="1" sc="250,0,250,-16,250,16,250,0" /><INIT seed="1,0,0,2,4,15" ten="250,234,266,250" oya="1" hai0="32,30,124,117,26,47,8,69,25,104,122,16,59" hai1="100,123,84,75,94,2,49,131,0,105,55,60,119" hai2="23,53,24,77,127,132,83,10,67,46,61,63,33" hai3="62,57,120,74,13,93,65,115,92,109,82,111,112"/><U126/><E75/><V116/><F116/><W113/><G120/><T85/><D117/><U18/><E123/><V39/><F127/><W36/><G36/><T79/><D122/><U12/><E131/><V98/><F33/><W91/><G13/><T11/><D69/><U34/><E34/><V5/><F132/><W97/><G74/><T44/><D104/><U96/><E60/><V20/><F98/><W19/><G82/><T86/><D124/><U1/><E126/><V102/><F102/><W121/><G121/><T31/><D32/><U71/><E71/><V129/><F129/><W95/><REACH who="3" step="1"/><G19/><REACH who="3" ten="250,234,266,240" step="2"/><T4/><D4/><U54/><E119/><V56/><F39/><W7/><G7/><T101/><D16/><U125/><E125/><V64/><F5/><W130/><G130/><T80/><D80/><U58/><E0/><V81/><F83/><W51/><G51/><T43/><D79/><U68/><E2/><V90/><F81/><W114/><N who="3" m="28672" /><DORA hai="48" /><W17/><G17/><T28/><D28/><U45/><E1/><V50/><F50/><W14/><G14/><T108/><D31/><U35/><E12/><V6/><F6/><W42/><G42/><T76/><D43/><U70/><E18/><V72/><F72/><W41/><G41/><T3/><D30/><U133/><E133/><V103/><F10/><W52/><G52/><T66/><D8/><U99/><E54/><V106/><F53/><W37/><G37/><T107/><D11/><U29/><E55/><V88/><F24/><W110/><AGARI ba="0,1" hai="57,62,65,91,92,93,95,97,109,110,111" m="28672" machi="110" ten="70,8000,1" yaku="1,1,0,1,14,1,53,0" doraHai="15,48" doraHaiUra="38,118" who="3" fromWho="3" sc="250,-20,234,-40,266,-20,240,90" /><INIT seed="2,0,0,4,3,116" ten="230,194,246,330" oya="2" hai0="6,67,45,46,18,25,112,26,93,71,95,131,104" hai1="106,32,5,119,98,111,11,52,66,91,88,85,16" hai2="77,35,79,24,58,72,64,2,124,41,7,127,92" hai3="87,19,90,128,109,48,14,80,132,118,110,76,126"/><V29/><F41/><W65/><G118/><T47/><D104/><U83/><E119/><V125/><F72/><W113/><G65/><T94/><D112/><U17/><E32/><V74/><F74/><W42/><G113/><T9/><D131/><U62/><E111/><N who="3" m="42506" /><G128/><T22/><D71/><U50/><E106/><V33/><F33/><W51/><G126/><T107/><D107/><U115/><E115/><V43/><F43/><W34/><G34/><T39/><D39/><U89/><E98/><V20/><F35/><W23/><G132/><T49/><D67/><U97/><E97/><V129/><F129/><W103/><G103/><T82/><D82/><U1/><E85/><V84/><F92/><N who="3" m="54367" /><G42/><T114/><D114/><U38/><E83/><V78/><F84/><AGARI ba="0,0" hai="14,19,23,48,51,76,80,84" m="54367,42506" machi="84" ten="30,1000,0" yaku="14,1" doraHai="116" who="3" fromWho="2" sc="230,0,194,0,246,-10,330,10" /><INIT seed="3,0,0,5,0,127" ten="230,194,236,340" oya="3" hai0="67,43,119,46,31,22,34,85,111,19,113,73,12" hai1="1,40,61,68,63,110,104,4,14,37,13,26,132" hai2="131,96,2,62,78,82,36,128,133,9,126,122,44" hai3="102,98,129,81,53,124,88,101,95,125,30,90,57"/><W76/><G30/><T100/><D119/><U55/><E104/><V93/><F126/><N who="3" m="48747" /><G129/><N who="2" m="49737" /><F133/><W89/><G53/><T134/><D73/><U66/><E1/><V80/><F122/><W0/><G57/><T75/><D75/><U47/><E26/><V114/><F114/><W27/><G27/><T17/><D134/><U121/><E4/><N who="2" m="1175" /><F62/><W42/><G42/><T8/><D43/><U135/><E121/><V79/><F44/><W20/><G20/><T103/><D22/><U91/><E63/><V24/><F24/><W107/><G0/><T33/><D46/><U74/><E14/><V94/><F94/><W72/><G102/><T38/><D103/><U117/><E13/><V65/><F65/><W51/><G51/><T32/><D100/><U84/><E61/><V69/><F69/><W130/><G130/><T5/><D67/><U99/><E66/><V21/><F21/><W71/><G71/><T87/><D113/><U115/><E68/><V123/><F123/><W28/><G28/><T23/><D31/><U54/><E115/><V39/><F79/><W120/><G120/><T97/><D23/><U48/><E132/><V18/><F18/><W112/><G112/><T106/><D19/><U15/><E135/><V70/><F70/><W64/><G64/><T92/><D17/><U77/><E77/><V35/><F35/><W105/><AGARI ba="0,0" hai="72,76,81,88,89,90,95,98,101,105,107" m="48747" machi="105" ten="40,12000,1" yaku="18,1,34,2,54,1" doraHai="127" who="3" fromWho="3" sc="230,-40,194,-40,236,-40,340,120" /><INIT seed="3,1,0,1,1,34" ten="190,154,196,460" oya="3" hai0="2,88,22,92,68,118,59,17,99,54,98,18,58" hai1="112,77,28,42,100,89,55,70,67,14,95,126,110" hai2="134,64,39,3,130,133,82,25,109,43,57,129,7" hai3="33,53,85,73,12,69,131,106,47,91,46,78,44"/><W115/><G33/><T4/><D68/><U101/><E112/><V124/><F109/><W50/><G115/><T0/><D118/><U37/><E77/><V105/><F105/><W63/><G106/><T30/><D30/><U108/><E28/><V32/><F82/><W76/><G131/><N who="2" m="50185" /><F32/><W80/><G69/><T31/><D31/><U127/><E55/><V1/><F25/><W24/><G24/><T87/><D4/><U79/><E42/><V117/><F7/><W75/><G75/><T9/><D9/><U52/><E37/><V41/><F117/><W93/><G78/><T65/><D65/><U83/><E52/><V11/><F11/><W6/><G63/><T5/><D5/><U29/><E14/><V102/><F102/><W56/><G12/><N who="0" m="9511" /><D18/><U122/><E29/><V86/><F86/><W36/><REACH who="3" step="1"/><G6/><REACH who="3" ten="190,154,196,450" step="2"/><T10/><D10/><U97/><E70/><V74/><F74/><W132/><G132/><T72/><D72/><U120/><E120/><V8/><F134/><W16/><G16/><T104/><D104/><U51/><E122/><V119/><F133/><W103/><G103/><T27/><D27/><U26/><E26/><V128/><F128/><W96/><G96/><N who="0" m="36907" /><D59/><U19/><E19/><V20/><F57/><W13/><G13/><T114/><D114/><U84/><E100/><V125/><F119/><W94/><G94/><T111/><D111/><U113/><E113/><V107/><F107/><W71/><G71/><T116/><D116/><U38/><E101/><V61/><F61/><W35/><G35/><T62/><D62/><U48/><E108/><RYUUKYOKU ba="1,1" sc="190,15,154,-15,196,-15,450,15" hai0="0,2,54,58,87,88,92" hai3="36,44,46,47,50,53,56,73,76,80,85,91,93" /><INIT seed="3,2,1,0,0,55" ten="205,139,181,465" oya="3" hai0="59,96,119,57,13,12,76,54,75,101,124,7,113" hai1="135,89,77,122,112,19,134,131,125,72,118,49,37" hai2="63,60,65,78,128,22,24,33,105,3,21,39,11" hai3="16,4,84,106,35,6,129,91,107,95,45,73,69"/><W99/><G35/><T108/><D119/><U17/><E37/><V5/><F105/><W81/><G69/><T87/><D75/><U92/><E122/><V82/><F39/><W102/><G129/><T2/><D2/><U27/><E112/><V20/><F128/><W26/><G45/><T103/><D113/><U68/><E68/><V1/><F33/><W117/><G117/><T98/><D108/><U14/><E131/><V127/><F127/><W83/><G83/><T8/><D124/><U133/><E125/><V18/><F1/><W31/><G107/><T23/><D54/><U115/><E115/><V85/><REACH who="2" step="1"/><F63/><REACH who="2" ten="205,139,171,465" step="2"/><W56/><G106/><T41/><D41/><U38/><E38/><V51/><F51/><W126/><G126/><T52/><D103/><U0/><E0/><V46/><F46/><W32/><G102/><T100/><D101/><U110/><E118/><V61/><F61/><W71/><G32/><T28/><D100/><U90/><E133/><V15/><F15/><W53/><G26/><T44/><D13/><U94/><E134/><V114/><F114/><W47/><G47/><T88/><D44/><U50/><E135/><V66/><F66/><W121/><G121/><T123/><D123/><U120/><E120/><V109/><F109/><W80/><G53/><T30/><D52/><U111/><E111/><V67/><F67/><W74/><G73/><T93/><D12/><U130/><E72/><V70/><AGARI ba="2,2" hai="3,5,11,18,20,21,22,24,60,65,70,78,82,85" machi="70" ten="20,2700,0" yaku="1,1,0,1,7,1,53,0" doraHai="55" doraHaiUra="42" who="2" fromWho="2" sc="205,-9,139,-9,171,53,465,-15" /><INIT seed="4,0,0,0,2,10" ten="196,130,224,450" oya="0" hai0="128,63,74,116,90,25,43,39,21,27,102,38,89" hai1="32,69,49,75,132,8,58,134,22,115,121,57,112" hai2="73,20,80,95,26,100,82,3,130,110,47,87,17" hai3="101,34,51,119,7,94,6,86,81,114,120,99,68"/><T107/><D74/><U122/><E75/><V35/><F110/><W64/><G34/><T24/><D116/><U106/><E106/><V135/><F3/><W108/><G108/><T70/><D128/><U42/><E32/><V41/><F130/><W33/><G33/><T72/><D72/><U103/><E103/><V117/><F117/><W30/><G30/><T52/><D21/><U61/><E22/><V36/><F135/><N who="1" m="51753" /><E8/><V97/><F73/><W88/><G68/><T113/><D113/><N who="1" m="43595" /><E69/><V67/><F35/><W85/><G101/><T77/><D77/><U44/><E58/><V45/><F100/><W31/><G31/><T19/><D70/><U125/><E125/><V11/><F11/><W84/><G114/><T53/><D107/><U13/><E13/><V91/><F20/><W55/><G85/><T46/><D102/><U129/><E129/><V54/><F87/><W78/><G86/><T118/><D118/><U59/><E59/><V56/><F56/><W93/><G84/><T111/><D111/><U2/><E2/><V15/><F15/><W71/><G78/><T126/><D126/><U1/><E1/><V14/><F14/><W98/><G71/><T104/><D104/><U133/><N who="1" m="51761" /><U66/><AGARI ba="0,0" hai="42,44,49,57,61,66,121,122" m="43595,51761" machi="66" ten="50,12000,2" yaku="4,1,20,1,15,1,11,1,34,2" doraHai="10" who="1" fromWho="1" sc="196,-60,130,120,224,-30,450,-30" /><INIT seed="5,0,0,5,4,54" ten="136,250,194,420" oya="1" hai0="100,66,31,44,38,74,92,47,123,98,106,2,134" hai1="60,6,103,55,102,129,99,112,131,120,104,117,26" hai2="17,125,15,49,108,0,37,64,21,56,70,24,59" hai3="132,86,27,34,75,69,85,52,16,79,57,101,90"/><U51/><E117/><V11/><F37/><W5/><G69/><T121/><D2/><U128/><E120/><N who="0" m="46153" /><D134/><U68/><E112/><V67/><F108/><W135/><G5/><T81/><D31/><U77/><E6/><V84/><F70/><W83/><G101/><T88/><D66/><N who="2" m="25130" /><F0/><W111/><G111/><T32/><D32/><U113/><E113/><V29/><F125/><W89/><G75/><T50/><D38/><U62/><E68/><V130/><F130/><W122/><G122/><T33/><D33/><U65/><E65/><V39/><F39/><W22/><G34/><T18/><D18/><U107/><E77/><V28/><F49/><N who="3" m="30863" /><G86/><N who="0" m="52247" /><D50/><U43/><E107/><V63/><F63/><W95/><G95/><T110/><D110/><U14/><E103/><V48/><F48/><W126/><G126/><T42/><D42/><U23/><E43/><V41/><F41/><W116/><G116/><T80/><D80/><U46/><REACH who="1" step="1"/><E14/><REACH who="1" ten="136,240,194,420" step="2"/><V78/><F28/><AGARI ba="0,1" hai="23,26,28,46,51,55,60,62,99,102,104,128,129,131" machi="28" ten="40,7700,0" yaku="1,1,2,1,19,1,53,0" doraHai="54" doraHaiUra="118" who="1" fromWho="2" sc="136,0,240,87,194,-77,420,0" /><INIT seed="5,1,0,4,0,114" ten="136,327,117,420" oya="1" hai0="61,107,97,116,82,3,113,50,92,120,75,131,127" hai1="57,34,110,43,7,115,100,24,2,62,130,71,22" hai2="45,99,28,58,18,69,52,80,117,63,121,46,78" hai3="37,73,134,0,90,29,111,67,119,5,104,128,84"/><U14/><E115/><V108/><F121/><W41/><G90/><T98/><D113/><U83/><E71/><V86/><F108/><W77/><G84/><T36/><D36/><U122/><E122/><V49/><F117/><W42/><G42/><T4/><D120/><U1/><E100/><V76/><F28/><W74/><G111/><T70/><D50/><U27/><E43/><V129/><F129/><W19/><G19/><T48/><D48/><U31/><E130/><V10/><F69/><W13/><G13/><T20/><D131/><U101/><E101/><V95/><F78/><W39/><G104/><T79/><D107/><U102/><E83/><V32/><F32/><W59/><G39/><T38/><D38/><U56/><E56/><V94/><F49/><W9/><G73/><T25/><D70/><U106/><E106/><V60/><F60/><W123/><G123/><T87/><D61/><U6/><E102/><N who="2" m="60791" /><F95/><W81/><G128/><T47/><D92/><U124/><E124/><V23/><F10/><W54/><G67/><T68/><D68/><U21/><E110/><V12/><AGARI ba="1,0" hai="12,18,23,45,46,52,58,63,76,80,86" m="60791" machi="12" ten="30,2000,0" yaku="8,1,54,1" doraHai="114" who="2" fromWho="2" sc="136,-6,327,-11,117,23,420,-6" /><INIT seed="6,0,0,5,4,70" ten="130,316,140,414" oya="2" hai0="10,68,44,43,62,2,13,74,27,26,112,117,35" hai1="8,118,40,23,86,41,71,126,92,78,50,106,113" hai2="85,55,1,52,98,103,25,91,76,108,63,56,61" hai3="131,9,82,84,116,3,28,89,17,69,96,66,115"/><V19/><F1/><W48/><G116/><T114/><D74/><U30/><E106/><V24/><F108/><W38/><G28/><T53/><D2/><U67/><E71/><V31/><F76/><W59/><G38/><T15/><D117/><U123/><E67/><V95/><F19/><W110/><G110/><T80/><D80/><U46/><E113/><N who="0" m="43625" /><D68/><U51/><E126/><V33/><F25/><N who="0" m="9226" /><D35/><U73/><E73/><V97/><F97/><W29/><G96/><T32/><D32/><U47/><E123/><V4/><F4/><W122/><G89/><T54/><D62/><U135/><E135/><V99/><F99/><W20/><G66/><T60/><D60/><U83/><E8/><V94/><REACH who="2" step="1"/><F63/><REACH who="2" ten="130,316,130,414" step="2"/><W45/><G17/><N who="0" m="8375" /><D15/><U109/><E109/><V42/><F42/><W22/><G3/><T12/><D12/><U21/><E118/><V128/><F128/><W120/><G131/><T90/><D90/><U37/><E30/><V14/><F14/><W39/><G29/><T100/><D100/><U111/><E111/><V133/><F133/><W77/><G77/><T104/><D104/><U81/><E40/><V58/><F58/><W7/><G59/><T127/><D127/><U34/><E41/><V124/><F124/><W132/><G115/><T18/><D18/><U107/><E107/><V79/><F79/><W57/><G57/><T5/><D5/><U88/><E78/><V101/><F101/><W130/><G130/><T11/><D11/><U0/><E0/><V49/><F49/><AGARI ba="0,1" hai="43,44,49,53,54" m="8375,9226,43625" machi="49" ten="30,1000,0" yaku="15,1" doraHai="70" who="0" fromWho="2" sc="130,20,316,0,130,-10,414,0" /><INIT seed="7,0,0,1,0,7" ten="150,316,120,414" oya="3" hai0="127,69,85,115,104,18,95,65,94,97,37,6,116" hai1="64,82,110,43,57,78,29,89,86,91,126,25,21" hai2="46,62,3,75,63,28,30,71,74,118,23,88,51" hai3="125,131,111,11,40,117,109,122,5,26,129,93,128"/><W15/><G122/><T53/><D116/><U12/><E110/><V9/><F118/><W132/><G117/><T105/><D37/><U42/><E126/><V113/><F113/><W22/><G125/><T106/><D127/><U124/><E124/><V4/><F75/><W68/><G68/><T34/><D34/><U50/><E91/><V61/><F74/><W67/><G132/><T90/><D6/><U17/><E78/><V56/><F71/><W54/><G67/><T41/><D41/><U121/><E121/><V59/><F23/><W119/><G119/><T107/><D115/><U10/><REACH who="1" step="1"/><E50/><REACH who="1" ten="150,306,120,414" step="2"/><V38/><F38/><W81/><G111/><T27/><D90/><U8/><E8/><V32/><F32/><W100/><G109/><T70/><D106/><U44/><E44/><V33/><F33/><W103/><G11/><T79/><D107/><U1/><E1/><V20/><F20/><W47/><G22/><T66/><D79/><U133/><E133/><V102/><F102/><W16/><G47/><T73/><D105/><U92/><E92/><V99/><F30/><W2/><G93/><T19/><D95/><U114/><E114/><V84/><F28/><W31/><G2/><T112/><D104/><U108/><E108/><V13/><F3/><W87/><G103/><T52/><D112/><U98/><E98/><V76/><F99/><W55/><G100/><T96/><D97/><U80/><E80/><N who="2" m="49159" /><F76/><N who="3" m="46503" /><G31/><T72/><D96/><U120/><E120/><V135/><F135/><W58/><G129/><T14/><D73/><U49/><E49/><V24/><F24/><RYUUKYOKU ba="0,1" sc="150,-15,306,15,120,15,414,-15" hai1="10,12,17,21,25,29,42,43,57,64,82,86,89" hai2="4,9,13,46,51,56,59,61,62,63" owari="135,-26.0,321,12.0,135,-36.0,409,50.0" /></mjloggm>