<mjloggm ver="2.3"><GO type="169" lobby="0"/><UN n0="%E3%81%8D%E3%82%83%E3%81%97%E3%82%83%E3%83%BC%E3%81%AE%EF%BC%81" n1="%E3%81%BF%E3%81%A3%E3%81%A4%E3%81%83%EF%BD%9E" n2="%E5%B0%B1%E6%B4%BB%E7%94%9F%40%E5%B7%9D%E6%9D%91%E8%BB%8D%E5%9B%A3" n3="%E5%B0%8F%E9%98%AA%E3%81%A1%E3%81%B2%E3%82%8D" dan="17,16,17,16" rate="2217.52,2072.76,2199.72,2135.01" sx="M,F,M,F"/><TAIKYOKU oya="0"/><INIT seed="0,0,0,2,5,120" ten="250,250,250,250" oya="0" hai0="56,109,111,123,37,135,63,50,68,66,60,91,116" hai1="59,75,118,78,84,70,72,35,106,6,17,41,76" hai2="89,3,5,128,117,57,103,104,67,125,21,80,44" hai3="31,48,121,45,54,82,36,25,87,122,30,114,53"/><T124/><D37/><U93/><E106/><V28/><F125/><W19/><G114/><T18/><D123/><N who="3" m="47113" /><G36/><T52/><D116/><U32/><E70/><V95/><F104/><W26/><G53/><T10/><D124/><U23/><E118/><V79/><F3/><W126/><G126/><T15/><D135/><U13/><E41/><V12/><F44/><W90/><G19/><T42/><REACH who="0" step="1"/><D91/><REACH who="0" ten="240,250,250,250" step="2"/><U22/><E78/><V133/><F79/><W71/><G71/><T43/><D43/><U99/><E76/><V9/><F89/><W132/><G132/><T7/><D7/><U74/><E6/><V81/><F117/><W47/><G47/><AGARI ba="0,1" hai="10,15,18,42,47,50,52,56,60,63,66,68,109,111" machi="47" ten="40,12000,1" yaku="1,1,52,2,54,1,53,0" doraHai="120" doraHaiUra="131" who="0" fromWho="3" sc="240,130,250,0,250,0,250,-120" /><INIT seed="0,1,0,4,2,74" ten="370,250,250,130" oya="0" hai0="55,68,1,120,105,7,4,103,100,135,123,20,128" hai1="84,115,28,9,45,8,39,12,46,71,22,110,18" hai2="119,65,88,31,51,67,101,133,32,129,14,104,57" hai3="66,125,79,69,21,23,25,40,41,62,27,26,76"/><T75/><D75/><U118/><E71/><V43/><F104/><W117/><G117/><T99/><D68/><U49/><E118/><V72/><F72/><W121/><G125/><T50/><D128/><U48/><E39/><V5/><F101/><W16/><G121/><T11/><D135/><U92/><E28/><V112/><F32/><W113/><G113/><T122/><D103/><U78/><E115/><V116/><F31/><W63/><G69/><T81/><D81/><N who="1" m="47159" /><E92/><V73/><F73/><W44/><G66/><N who="2" m="25097" /><F88/><W37/><G37/><T6/><REACH who="0" step="1"/><D20/><REACH who="0" ten="360,250,250,130" step="2"/><N who="3" m="7753" /><G16/><T134/><D134/><U83/><E83/><V89/><F133/><W35/><G35/><T10/><D10/><U59/><E9/><V17/><F17/><W70/><G70/><T3/><D3/><U95/><E22/><V30/><F129/><W58/><G44/><AGARI ba="1,1" hai="1,4,6,7,11,44,50,55,99,100,105,120,122,123" machi="44" ten="40,2000,0" yaku="1,1,53,0" doraHai="74" doraHaiUra="124" who="0" fromWho="3" sc="360,33,250,0,250,0,130,-23" /><INIT seed="0,2,0,1,4,119" ten="393,250,250,107" oya="0" hai0="64,124,28,92,84,32,22,107,46,103,95,113,88" hai1="99,54,118,44,33,121,86,122,11,76,36,55,85" hai2="83,0,116,69,77,115,9,93,91,126,10,108,98" hai3="45,87,29,8,56,40,131,72,112,70,19,43,66"/><T125/><D113/><U111/><E118/><V128/><F115/><W133/><G72/><T114/><D114/><U24/><E111/><V127/><F116/><W53/><G131/><T2/><D2/><U20/><E33/><V120/><F108/><W26/><G112/><T78/><D32/><U102/><E85/><V34/><F34/><W75/><G75/><T130/><D130/><U57/><E11/><N who="2" m="4107" /><F69/><W101/><G133/><T5/><D5/><U80/><E36/><V14/><F14/><W18/><G101/><T30/><D107/><U16/><E44/><V90/><F90/><W3/><G66/><T60/><D78/><U97/><E97/><V65/><F65/><W50/><G70/><T23/><D46/><U117/><E117/><V15/><F15/><W67/><G67/><T135/><D135/><U42/><E42/><V7/><F7/><W61/><G43/><T21/><D95/><U31/><E31/><V12/><F12/><W41/><G41/><T134/><D103/><U58/><E55/><V4/><F4/><W82/><G3/><T94/><D94/><U132/><E132/><V47/><F47/><W49/><G8/><T129/><D129/><U17/><E58/><V110/><F110/><W74/><G74/><T25/><D134/><U35/><E35/><V59/><F59/><W106/><G106/><T62/><D25/><U39/><E39/><V1/><F1/><W123/><G123/><T68/><D62/><N who="1" m="36151" /><E99/><V109/><F109/><W38/><G38/><T71/><D71/><U13/><E102/><V89/><F0/><W27/><G45/><RYUUKYOKU ba="2,0" sc="393,15,250,15,250,-15,107,-15" hai0="21,22,23,28,30,60,64,68,84,88,92,124,125" hai1="13,16,17,20,24,76,80,86,121,122" /><INIT seed="0,3,0,1,4,53" ten="408,265,235,92" oya="0" hai0="108,7,33,24,25,133,79,14,50,117,59,111,32" hai1="1,0,110,132,3,4,76,134,23,87,37,42,20" hai2="64,114,68,11,12,77,19,56,2,36,88,119,61" hai3="18,66,121,93,124,44,54,51,8,97,131,130,67"/><T57/><D117/><U129/><E42/><V38/><F114/><W83/><G124/><T41/><D79/><U69/><E37/><V73/><F119/><W28/><G121/><T125/><D125/><U48/><E69/><V99/><F2/><W58/><G28/><T16/><D7/><U40/><E4/><V31/><F31/><W45/><G83/><T35/><D133/><N who="1" m="51307" /><E110/><N who="0" m="42025" /><D41/><U6/><E6/><V94/><REACH who="2" step="1"/><F68/><REACH who="2" ten="408,265,225,92" step="2"/><W128/><G18/><T34/><D34/><U49/><E1/><V90/><F90/><N who="3" m="55479" /><G8/><N who="0" m="6215" /><D50/><U105/><E49/><V27/><F27/><AGARI ba="3,1" hai="24,25,27,32,33,35,57,59" m="6215,42025" machi="27" ten="40,12000,1" yaku="14,1,10,1,52,2,54,1" doraHai="53" who="0" fromWho="2" sc="408,139,265,0,225,-129,92,0" /><INIT seed="0,4,0,1,0,103" ten="547,265,96,92" oya="0" hai0="86,133,37,15,135,72,81,31,106,39,105,78,96" hai1="11,65,34,29,87,97,98,66,94,90,20,92,119" hai2="60,121,55,91,77,43,118,127,17,51,3,64,50" hai3="109,75,80,117,9,0,14,35,114,83,70,82,28"/><T93/><D31/><U108/><E34/><V112/><F3/><W69/><G117/><T104/><D15/><U124/><E119/><V84/><F118/><W125/><G114/><T40/><D72/><U19/><E108/><V101/><F112/><W79/><G109/><T89/><REACH who="0" step="1"/><D40/><REACH who="0" ten="537,265,96,92" step="2"/><U126/><E29/><V23/><F43/><W21/><G28/><T47/><D47/><U113/><E113/><V71/><F121/><W115/><G14/><T132/><AGARI ba="4,1" hai="37,39,78,81,86,89,93,96,104,105,106,132,133,135" machi="132" ten="40,18000,2" yaku="1,1,0,1,20,1,52,3,53,0" doraHai="103" doraHaiUra="27" who="0" fromWho="0" sc="537,202,265,-64,96,-64,92,-64" /><INIT seed="0,5,0,2,1,86" ten="739,201,32,28" oya="0" hai0="113,34,8,66,14,118,30,28,127,78,125,101,25" hai1="92,91,6,134,59,4,111,93,27,74,58,79,2" hai2="21,87,116,108,81,84,62,126,99,107,121,31,24" hai3="120,26,68,19,46,32,97,106,94,83,80,123,13"/><T119/><D101/><U42/><E74/><V15/><F121/><N who="3" m="46667" /><G68/><T37/><D37/><U133/><E79/><V130/><F126/><N who="0" m="48138" /><D66/><U102/><E42/><V73/><F108/><W36/><G106/><T61/><D61/><U40/><E40/><V12/><F130/><W9/><G36/><T44/><D44/><U85/><E111/><V20/><F116/><N who="0" m="44586" /><D78/><U110/><E110/><V105/><F62/><W114/><G114/><T17/><D30/><U41/><E41/><V57/><F57/><W77/><G46/><T54/><D54/><U63/><E59/><V129/><F129/><W5/><G77/><T7/><D113/><U76/><E76/><V38/><F38/><W100/><G32/><T98/><D98/><U132/><E102/><V64/><F64/><W51/><G51/><T131/><D131/><U56/><E56/><V67/><F67/><W49/><G49/><T128/><D128/><U50/><E50/><V104/><F99/><W65/><G65/><T0/><D17/><U16/><E58/><V33/><F73/><W18/><G18/><T23/><D23/><AGARI ba="5,0" hai="5,9,13,19,23,26,80,83,94,97,100" m="46667" machi="23" ten="30,1000,0" yaku="13,1" doraHai="86" who="3" fromWho="0" sc="739,-25,201,0,32,0,28,25" /><INIT seed="1,0,0,3,3,63" ten="714,201,32,53" oya="1" hai0="135,107,120,86,75,117,133,7,13,19,94,23,0" hai1="91,76,97,122,129,43,28,31,62,130,93,39,52" hai2="73,68,118,116,70,40,119,67,42,56,123,16,38" hai3="15,25,121,89,134,101,127,126,81,9,69,77,20"/><U6/><E122/><V74/><F123/><W53/><G121/><T32/><D120/><RYUUKYOKU type="kaze4" ba="0,0" sc="714,0,201,0,32,0,53,0" /><INIT seed="1,1,0,5,4,100" ten="714,201,32,53" oya="1" hai0="116,33,39,41,121,84,75,103,101,7,134,37,98" hai1="92,88,21,82,27,71,59,79,53,87,110,123,31" hai2="14,54,89,24,29,83,105,74,81,34,9,95,129" hai3="125,69,106,80,42,36,57,56,52,38,25,30,90"/><U126/><E123/><V102/><F129/><W73/><G69/><T91/><D75/><U78/><E71/><V96/><F74/><W32/><G125/><T60/><D33/><U131/><E126/><V112/><F112/><W66/><G66/><T86/><D41/><U1/><E1/><V77/><F77/><W44/><G36/><T122/><D60/><U45/><E131/><V117/><F117/><W4/><G4/><T114/><D7/><U70/><E70/><V3/><F3/><W35/><G57/><T22/><D114/><U124/><E124/><V109/><F109/><W130/><G130/><T111/><D111/><U119/><E119/><V62/><F62/><W97/><G35/><T46/><D46/><U64/><E110/><V20/><F34/><W2/><G2/><T48/><D48/><N who="1" m="28815" /><E82/><V120/><F120/><W133/><G133/><T118/><D134/><U63/><AGARI ba="1,0" hai="21,27,31,59,63,64,78,79,87,88,92" m="28815" machi="63" ten="30,3000,0" yaku="8,1,54,1" doraHai="100" who="1" fromWho="1" sc="714,-11,201,33,32,-11,53,-11" /><INIT seed="1,2,0,5,5,36" ten="703,234,21,42" oya="1" hai0="130,121,127,52,9,0,20,35,72,104,90,17,75" hai1="64,54,124,47,41,91,97,19,2,123,105,40,131" hai2="133,106,60,135,69,98,24,107,83,59,58,34,66" hai3="18,11,79,93,71,87,68,51,10,77,134,92,30"/><U118/><E118/><V12/><F12/><W57/><G134/><N who="2" m="51209" /><F83/><W56/><G30/><T55/><D35/><U86/><E123/><V65/><F106/><W114/><G114/><T89/><D104/><U61/><E2/><V99/><F99/><W46/><G87/><T100/><D100/><U29/><E131/><V44/><F66/><W126/><G51/><T132/><D132/><U50/><E124/><V48/><F24/><W6/><G6/><T113/><D113/><U96/><E29/><V28/><F28/><W103/><G103/><T45/><D130/><U129/><E129/><V80/><F34/><W7/><G7/><T95/><D127/><U82/><E19/><V117/><F80/><W108/><G126/><T23/><D23/><U111/><E111/><V122/><F122/><W102/><G102/><T70/><D70/><U120/><E120/><V110/><F110/><W85/><G108/><T62/><D89/><U38/><E105/><V125/><F125/><W76/><G76/><T43/><D0/><U112/><E112/><V1/><F1/><W115/><G115/><T37/><D9/><U8/><E8/><V116/><F98/><N who="1" m="37993" /><E38/><V22/><F22/><W94/><G10/><T53/><D121/><U128/><E128/><V32/><F32/><W27/><G11/><T63/><D17/><U31/><E31/><V3/><F3/><W84/><G18/><T67/><D20/><U13/><E13/><V81/><F81/><N who="3" m="47151" /><G27/><T15/><D15/><U49/><E49/><V21/><F21/><W26/><G26/><T14/><D14/><U74/><E74/><RYUUKYOKU ba="2,0" sc="703,-10,234,30,21,-10,42,-10" hai1="40,41,47,50,54,61,64,82,86,91" /><INIT seed="1,3,0,2,5,115" ten="693,264,11,32" oya="1" hai0="132,54,26,27,86,90,79,71,52,47,130,92,106" hai1="25,80,123,30,23,31,49,16,68,87,102,107,34" hai2="112,6,134,88,126,45,111,104,108,61,28,4,19" hai3="24,13,93,5,117,135,9,40,118,57,11,20,94"/><U58/><E68/><V39/><F104/><W63/><G135/><T50/><D106/><U98/><E123/><V59/><F112/><W72/><G72/><T33/><D71/><U74/><E74/><V64/><F134/><W36/><G11/><T96/><D132/><U95/><E107/><V69/><F126/><W78/><G78/><T12/><D33/><U51/><E58/><V114/><F114/><W55/><G40/><T10/><D130/><U73/><E73/><V3/><F28/><N who="1" m="10793" /><E34/><V77/><F77/><AGARI ba="3,0" hai="16,23,25,49,51,77,80,87,95,98,102" m="10793" machi="77" ten="30,2900,0" yaku="8,1,54,1" doraHai="115" who="1" fromWho="2" sc="693,0,264,38,11,-38,32,0" owari="693,80.0,302,10.0,-27,-53.0,32,-37.0" /></mjloggm>