<mjloggm ver="2.3"><GO type="97" lobby="0"/><UN n0="%E5%B0%B1%E6%B4%BB%E7%94%9F%40%E5%B7%9D%E6%9D%91%E8%BB%8D%E5%9B%A3" n1="%E5%84%AA%E7%A7%80%E7%BE%8E" n2="%E3%82%AD%E3%82%B9%E3%81%A7%E8%B5%B7%E3%81%93%E3%81%97%E3%81%A6" n3="%E3%82%A6%E3%83%92%E3%83%A7%E5%8A%A9" dan="17,13,15,15" rate="2172.69,1938.08,1986.37,2003.63" sx="M,M,F,M"/><TAIKYOKU oya="0"/><INIT seed="0,0,0,3,1,6" ten="250,250,250,250" oya="0" hai0="103,49,76,98,126,14,33,52,128,118,109,122,80" hai1="102,90,135,53,124,89,13,7,105,74,71,26,117" hai2="78,17,73,69,30,36,5,88,58,87,83,127,67" hai3="77,129,116,48,68,112,41,21,63,34,42,125,20"/><T91/><D122/><U115/><E117/><V1/><F69/><W54/><G116/><T45/><D33/><U29/><E71/><V50/><F36/><W97/><G112/><T57/><D118/><U96/><E74/><V19/><F30/><W27/><G129/><T59/><D128/><U66/><E115/><V104/><F104/><W8/><G125/><T94/><D126/><U82/><E124/><V72/><F72/><W86/><G34/><T43/><D109/><U133/><E53/><V113/><F113/><W51/><G97/><T75/><D14/><U46/><E46/><V62/><F127/><W84/><G68/><T9/><D9/><N who="1" m="4287" /><E66/><V44/><F5/><W16/><G21/><T121/><D121/><U65/><E65/><V24/><F24/><W132/><G42/><T95/><REACH who="0" step="1"/><D43/><REACH who="0" ten="240,250,250,250" step="2"/><U130/><E130/><V79/><F1/><W119/><G41/><T108/><D108/><U110/><E110/><V101/><F101/><W114/><G119/><T70/><D70/><U100/><E100/><V10/><F10/><W111/><G8/><T32/><D32/><U85/><E26/><V31/><F73/><W15/><G27/><T39/><D39/><U23/><E23/><V38/><F38/><W3/><G111/><T99/><AGARI ba="0,1" hai="45,49,52,57,59,75,76,80,91,94,95,98,99,103" machi="99" ten="20,18000,2" yaku="1,1,0,1,7,1,54,1,53,2" doraHai="6" doraHaiUra="93" who="0" fromWho="0" sc="240,190,250,-60,250,-60,250,-60" /><INIT seed="0,1,0,2,2,65" ten="430,190,190,190" oya="0" hai0="69,34,49,5,130,15,83,82,37,12,30,76,129" hai1="51,101,19,39,41,28,126,95,78,75,24,80,20" hai2="84,79,117,115,44,120,116,0,112,53,113,40,14" hai3="64,74,1,4,25,6,93,54,56,87,21,3,121"/><T105/><D69/><U9/><E126/><V33/><F0/><W36/><G36/><T122/><D37/><U97/><E51/><N who="2" m="27015" /><F33/><W89/><G74/><T43/><D105/><U16/><REACH who="1" step="1"/><E9/><REACH who="1" ten="430,180,190,190" step="2"/><V22/><F120/><W55/><G121/><T91/><D122/><U124/><E124/><V35/><F115/><W128/><G128/><T131/><D49/><U60/><E60/><V100/><F113/><W106/><G1/><T11/><D129/><U132/><E132/><V38/><F112/><W57/><G3/><T134/><D11/><U67/><E67/><V114/><F114/><W58/><G64/><T111/><D131/><U104/><E104/><V50/><F38/><W62/><G106/><T59/><D134/><U26/><E26/><V61/><F61/><W88/><G62/><T90/><D130/><U27/><E27/><V73/><F50/><W119/><G119/><T108/><D108/><U103/><E103/><V45/><F100/><W135/><G135/><T123/><D111/><U48/><E48/><V66/><F66/><W52/><REACH who="3" step="1"/><G89/><REACH who="3" ten="430,180,190,180" step="2"/><T46/><D91/><U102/><E102/><V86/><F117/><W17/><AGARI ba="1,2" hai="4,6,17,21,25,52,54,55,56,57,58,87,88,93" machi="17" ten="30,12000,2" yaku="1,1,2,1,0,1,8,1,54,2,53,1" doraHai="65" doraHaiUra="13" who="3" fromWho="3" sc="430,-61,180,-31,190,-31,180,143" /><INIT seed="1,0,0,5,2,23" ten="369,149,159,323" oya="1" hai0="84,26,0,122,10,114,47,48,92,127,73,12,99" hai1="69,58,25,96,94,95,18,28,27,75,97,76,113" hai2="57,35,16,118,111,124,50,54,9,2,70,106,39" hai3="80,133,29,41,53,115,32,56,105,52,17,64,89"/><U65/><E69/><V6/><F118/><W22/><G105/><T55/><D73/><U44/><E113/><V63/><F111/><W46/><G115/><T109/><D0/><U11/><E75/><V121/><F121/><W59/><G133/><T61/><D114/><U14/><E76/><V125/><F106/><W132/><G132/><T1/><D1/><U24/><E44/><V66/><F35/><W103/><G103/><T15/><D109/><U30/><E65/><V74/><F74/><W126/><G126/><T135/><D135/><U77/><E58/><V90/><F90/><W5/><G5/><T116/><D10/><U37/><E77/><V104/><F104/><W51/><G29/><N who="1" m="11370" /><E37/><V120/><F120/><W85/><G32/><T128/><D61/><U67/><E67/><V20/><REACH who="2" step="1"/><F39/><REACH who="2" ten="369,149,149,323" step="2"/><W8/><G89/><T13/><D122/><U107/><E107/><V82/><F82/><W129/><G80/><T79/><D116/><U78/><E78/><V93/><F93/><AGARI ba="0,1" hai="11,14,18,24,25,27,93,94,95,96,97" m="11370" machi="93" ten="30,11600,0" yaku="8,1,52,3" doraHai="23" who="1" fromWho="2" sc="369,0,149,126,149,-116,323,0" /><INIT seed="1,1,0,3,2,101" ten="369,275,33,323" oya="1" hai0="49,46,37,127,112,36,64,66,117,70,25,125,121" hai1="134,50,4,113,109,30,94,130,110,32,34,11,122" hai2="57,131,28,41,51,102,52,62,69,42,27,77,47" hai3="129,114,76,29,104,48,58,33,17,132,19,16,87"/><U90/><E122/><V55/><F77/><W72/><G72/><T26/><D117/><U40/><E113/><V96/><F131/><W85/><G114/><T133/><D112/><U91/><E30/><V78/><F78/><W107/><G129/><T86/><D86/><U63/><E130/><V89/><F89/><N who="1" m="33801" /><E94/><V38/><F69/><W98/><G132/><T12/><D133/><U93/><E93/><V118/><F38/><N who="0" m="14954" /><D12/><N who="1" m="5223" /><E63/><V6/><F6/><W5/><G5/><T2/><D2/><U120/><E120/><V14/><F14/><W100/><G76/><T9/><D9/><U116/><E134/><V79/><F79/><W128/><G128/><T71/><D25/><U81/><E81/><V8/><F8/><W53/><REACH who="3" step="1"/><G107/><REACH who="3" ten="369,275,33,313" step="2"/><T20/><D121/><U44/><E116/><V111/><F118/><W108/><G108/><AGARI ba="1,1" hai="32,34,40,44,50,108,109,110" m="5223,33801" machi="108" ten="30,2900,0" yaku="14,1,10,1" doraHai="101" who="1" fromWho="3" sc="369,0,275,42,33,0,313,-32" /><INIT seed="1,2,0,4,2,128" ten="369,317,33,281" oya="1" hai0="10,54,120,23,2,8,22,77,45,1,6,73,40" hai1="17,47,89,115,3,132,35,124,21,51,0,74,101" hai2="60,86,79,105,117,94,88,103,55,39,31,57,111" hai3="83,97,49,38,127,18,90,9,50,14,28,125,107"/><U65/><E74/><V75/><F117/><W91/><G38/><N who="0" m="21655" /><D120/><U98/><E35/><V123/><F39/><W16/><G28/><T66/><D66/><U113/><E89/><N who="3" m="33802" /><G18/><T64/><D64/><U81/><E81/><V58/><F31/><W12/><G12/><T84/><D84/><U30/><E30/><V122/><F111/><W106/><G83/><N who="0" m="45487" /><D54/><U46/><E65/><V118/><F118/><W15/><G15/><T110/><D110/><U131/><E51/><N who="3" m="19466" /><G97/><T104/><D104/><U32/><E98/><V43/><F43/><W48/><N who="3" m="19474" /><W80/><DORA hai="63" /><G80/><T95/><D95/><U109/><E109/><V99/><REACH who="2" step="1"/><F58/><REACH who="2" ten="369,317,23,281" step="2"/><W41/><G41/><T25/><D25/><N who="1" m="14511" /><E131/><V37/><F37/><W69/><G69/><T71/><D71/><U121/><E121/><V33/><F33/><W61/><G61/><T26/><D26/><U27/><E32/><V5/><F5/><AGARI ba="2,1" hai="1,2,5,6,8,10,22,23" m="45487,21655" machi="5" ten="30,1000,0" yaku="25,1" doraHai="128,63" who="0" fromWho="2" sc="369,26,317,0,23,-16,281,0" /><INIT seed="2,0,0,5,4,112" ten="395,317,7,281" oya="2" hai0="92,51,59,85,63,135,79,77,74,52,128,95,27" hai1="4,111,126,127,104,83,116,18,66,70,21,6,84" hai2="2,31,75,110,120,22,87,0,58,99,34,64,114" hai3="30,105,108,15,134,73,118,67,80,38,17,57,41"/><V35/><F75/><W90/><G105/><T124/><D74/><U131/><E104/><V36/><F114/><W100/><G100/><T71/><D128/><U16/><E131/><V44/><F120/><W113/><G113/><T65/><D135/><U130/><E130/><V94/><F87/><W61/><G134/><T32/><D124/><N who="1" m="47659" /><E111/><V24/><F110/><W122/><G122/><T81/><D77/><N who="1" m="46191" /><E66/><V49/><F36/><W56/><G108/><T29/><AGARI ba="0,0" hai="27,29,32,51,52,59,63,65,71,79,81,85,92,95" machi="29" ten="30,2000,0" yaku="0,1,54,1" doraHai="112" who="0" fromWho="0" sc="395,20,317,-5,7,-10,281,-5" owari="415,51.0,312,11.0,-3,-50.0,276,-12.0" /></mjloggm>