<mjloggm ver="2.3"><GO type="233" lobby="0"/><UN n0="%64%61%61%61%61%61%61%61" n1="%E5%B0%8F%E9%98%AA%E3%81%A1%E3%81%B2%E3%82%8D" n2="%E3%83%98%E3%82%AF%E3%82%B5%E3%83%BC" n3="%E3%82%A6%E3%83%AB%E3%83%88%E3%83%A9%E7%AB%8B%E7%9B%B4" dan="16,16,16,17" rate="2146.77,2130.18,2169.47,2181.47" sx="F,F,M,M"/><TAIKYOKU oya="0"/><INIT seed="0,0,0,4,0,100" ten="250,250,250,250" oya="0" hai0="6,34,84,87,8,74,39,52,130,16,129,14,119" hai1="75,42,98,53,69,131,104,57,97,91,78,126,36" hai2="31,47,64,118,24,50,112,85,94,33,111,89,77" hai3="106,60,51,132,56,135,32,72,101,117,28,10,124"/><T46/><D119/><U115/><E69/><V48/><F112/><W22/><G72/><T86/><D74/><U114/><E131/><N who="0" m="50185" /><D34/><U18/><E126/><V65/><F111/><W44/><G32/><T109/><D109/><U26/><E42/><V58/><F118/><W29/><G117/><T133/><D133/><N who="3" m="51273" /><G10/><T15/><D39/><U113/><E36/><V121/><F121/><W107/><G124/><T127/><D127/><U70/><E70/><V27/><F77/><W96/><G22/><N who="0" m="11543" /><D46/><U3/><E3/><V120/><F120/><W4/><G4/><T80/><D52/><U37/><E37/><V103/><F47/><W82/><G82/><AGARI ba="0,0" hai="6,8,15,80,82,84,86,87" m="11543,50185" machi="82" ten="30,2900,0" yaku="19,1,54,1" doraHai="100" who="0" fromWho="3" sc="250,29,250,0,250,0,250,-29" /><INIT seed="0,1,0,4,2,69" ten="279,250,250,221" oya="0" hai0="61,88,67,107,100,120,62,76,103,18,127,99,13" hai1="118,19,35,109,111,92,53,27,9,113,31,3,132" hai2="78,22,25,65,49,23,125,112,60,59,110,71,95" hai3="108,131,44,72,114,91,30,121,82,89,12,93,57"/><T17/><D120/><U46/><E92/><V6/><F112/><W81/><G114/><T52/><D76/><U96/><E96/><V73/><F110/><N who="1" m="41993" /><E46/><V32/><F125/><W47/><G108/><T102/><D127/><U126/><E53/><V116/><F116/><W33/><G131/><T117/><D117/><U119/><E126/><V80/><F6/><W51/><G57/><T85/><D107/><U83/><E83/><V26/><F32/><W34/><G93/><T94/><D52/><U16/><E113/><V66/><F49/><W134/><G51/><T115/><D115/><U75/><E75/><V55/><F66/><W11/><G72/><T24/><D24/><U37/><E37/><V28/><F95/><W7/><G47/><T54/><D54/><U68/><E68/><V70/><REACH who="2" step="1"/><F65/><REACH who="2" ten="279,250,240,221" step="2"/><W1/><G121/><T86/><D67/><U42/><E118/><V98/><F98/><W129/><G34/><T43/><D43/><U2/><E42/><V10/><F10/><W8/><G11/><T123/><D123/><U0/><E119/><V90/><F90/><W63/><G89/><T122/><D122/><U133/><E9/><V40/><F40/><W39/><G91/><T79/><D88/><U48/><E48/><V97/><F97/><W29/><G8/><T130/><D99/><U15/><E15/><V77/><F77/><W128/><G12/><T101/><D79/><U14/><E14/><V56/><F56/><W21/><G128/><T4/><D130/><U5/><E5/><V38/><F38/><W20/><G129/><T50/><D4/><RYUUKYOKU ba="1,1" sc="279,-15,250,15,240,15,221,-15" hai1="0,2,3,16,19,27,31,35,132,133" hai2="22,23,25,26,28,55,59,60,70,71,73,78,80" /><INIT seed="1,2,1,3,2,125" ten="264,265,255,206" oya="1" hai0="43,123,112,132,34,91,70,82,68,73,79,54,7" hai1="21,131,118,96,101,66,53,41,0,92,59,58,110" hai2="84,30,88,35,49,85,28,5,38,95,56,17,116" hai3="130,133,14,106,27,16,135,1,51,37,129,103,20"/><U6/><E118/><V67/><F38/><W97/><G37/><T44/><D112/><U4/><E41/><V60/><F116/><W22/><G51/><T50/><D132/><N who="3" m="50761" /><G1/><T104/><D104/><U61/><E0/><V107/><F107/><W12/><G12/><T13/><D34/><U108/><E21/><V26/><F5/><W40/><G40/><T36/><D123/><U39/><E39/><V74/><F74/><W80/><G80/><T10/><REACH who="0" step="1"/><D91/><REACH who="0" ten="254,265,255,206" step="2"/><U121/><E121/><V47/><F35/><W126/><G126/><T8/><D8/><U102/><E102/><V55/><F85/><W33/><G33/><T81/><D81/><U31/><E31/><AGARI ba="2,2" hai="14,16,20,22,27,31,97,103,106,129,130" m="50761" machi="31" ten="30,7700,0" yaku="20,1,52,2,54,1" doraHai="125" who="3" fromWho="1" sc="254,0,265,-83,255,0,206,103" /><INIT seed="2,0,0,0,3,54" ten="254,182,255,309" oya="2" hai0="99,94,118,22,77,122,117,115,119,24,121,67,135" hai1="64,57,75,60,132,81,130,124,73,89,85,125,50" hai2="112,102,13,16,45,42,55,41,14,90,38,46,110" hai3="2,72,103,76,96,56,105,101,10,131,49,9,31"/><V107/><F112/><W66/><G131/><T93/><D115/><U4/><E130/><V104/><F110/><W36/><G36/><T15/><D15/><U37/><E37/><V78/><F78/><W28/><G101/><T127/><D127/><N who="1" m="48715" /><E132/><V97/><F107/><W63/><G72/><N who="1" m="27722" /><E50/><V92/><F55/><W113/><G76/><T19/><D77/><U5/><AGARI ba="0,0" hai="4,5,57,60,64,81,85,89" m="27722,48715" machi="5" ten="40,2700,0" yaku="18,1,52,1" doraHai="54" who="1" fromWho="1" sc="254,-7,182,27,255,-13,309,-7" /><INIT seed="3,0,0,3,0,108" ten="247,209,242,302" oya="3" hai0="27,58,82,116,70,130,9,99,5,38,6,17,133" hai1="105,132,103,98,7,88,131,28,84,69,61,68,125" hai2="0,67,102,60,92,117,119,66,122,86,64,56,4" hai3="25,22,65,97,55,81,52,73,87,107,115,47,19"/><W104/><G73/><T3/><D70/><U53/><E131/><V128/><F128/><W95/><G115/><T12/><D130/><U112/><E112/><V62/><F122/><W51/><G65/><T32/><D38/><U2/><E132/><V96/><F86/><W14/><G14/><T76/><D116/><U26/><E125/><V85/><F85/><W110/><G110/><T23/><D133/><U101/><E101/><V41/><F41/><W100/><REACH who="3" step="1"/><G52/><REACH who="3" ten="247,209,242,292" step="2"/><T43/><D43/><U24/><E53/><V80/><F64/><W10/><G10/><T31/><D58/><U37/><E61/><V48/><F66/><W33/><G33/><T75/><D6/><U91/><E7/><V114/><F60/><W106/><G106/><T123/><D123/><U126/><E126/><V20/><F114/><W135/><G135/><T94/><D32/><U63/><E63/><V72/><F20/><W45/><G45/><T50/><D3/><U36/><E2/><V90/><F72/><W29/><G29/><T83/><D5/><U79/><E28/><V11/><F67/><W21/><G21/><T1/><D1/><U111/><E105/><V18/><F62/><W118/><G118/><T71/><D71/><U89/><E111/><V8/><F8/><W59/><G59/><T121/><D121/><U109/><E109/><V57/><F57/><W120/><G120/><T39/><D31/><U46/><E46/><V129/><F129/><W49/><G49/><T124/><D50/><U13/><E68/><V93/><F48/><W34/><G34/><T74/><D124/><RYUUKYOKU ba="0,1" sc="247,-10,209,-10,242,-10,292,30" hai3="19,22,25,47,51,55,81,87,95,97,100,104,107" /><INIT seed="3,1,1,1,3,49" ten="237,199,232,322" oya="3" hai0="99,73,1,20,5,9,107,104,89,132,38,111,15" hai1="37,68,101,50,7,79,123,66,35,34,3,27,72" hai2="122,102,88,26,11,17,32,114,22,109,65,91,41" hai3="57,23,95,30,119,115,0,24,31,47,8,33,133"/><W44/><G119/><T97/><D38/><U12/><E37/><V98/><F114/><W126/><G115/><T86/><D73/><U120/><E101/><V42/><F109/><W39/><G39/><T56/><D111/><U81/><E50/><V124/><F124/><W77/><G33/><T51/><D132/><U13/><E12/><V21/><F122/><W70/><G70/><T112/><D112/><U90/><E13/><V62/><F32/><N who="1" m="12329" /><E90/><V103/><F11/><W127/><G0/><T135/><D135/><U10/><E27/><V92/><F91/><W19/><G133/><T52/><D104/><U78/><E78/><V43/><REACH who="2" step="1"/><F21/><REACH who="2" ten="237,199,222,322" step="2"/><W67/><G126/><T83/><REACH who="0" step="1"/><D107/><REACH who="0" ten="227,199,222,322" step="2"/><U6/><E6/><V53/><F53/><W85/><G127/><T64/><D64/><U2/><E2/><V63/><F63/><AGARI ba="1,3" hai="3,7,10,63,66,68,72,79,81,120,123" m="12329" machi="63" ten="30,1000,0" yaku="23,1" doraHai="49" who="1" fromWho="2" sc="227,0,199,43,222,-13,322,0" /><INIT seed="4,0,0,4,2,14" ten="227,242,209,322" oya="0" hai0="85,57,119,78,132,17,124,60,76,53,29,21,13" hai1="39,118,62,36,135,92,123,7,10,3,12,68,88" hai2="38,19,51,120,42,65,77,41,2,69,49,94,117" hai3="109,133,93,82,43,22,66,52,44,104,79,24,86"/><T128/><D119/><U130/><E123/><V20/><F120/><W121/><G104/><T15/><D124/><U37/><E118/><V56/><F117/><W6/><G109/><T30/><D128/><U35/><E35/><V70/><F2/><W107/><G107/><T5/><D132/><U97/><E135/><V101/><F77/><N who="0" m="29802" /><D85/><U34/><E34/><V108/><F108/><W28/><G133/><T112/><D112/><U80/><E80/><V33/><F33/><W63/><G6/><T81/><D81/><U74/><E74/><V73/><F73/><W90/><G121/><T55/><D55/><U4/><E130/><V16/><F69/><W87/><G52/><T31/><D5/><U50/><E50/><N who="2" m="18955" /><F70/><W113/><G113/><T127/><D127/><U67/><REACH who="1" step="1"/><E7/><REACH who="1" ten="227,232,209,322" step="2"/><V58/><F38/><W102/><G82/><T129/><D129/><U0/><AGARI ba="0,1" hai="0,3,4,10,12,36,37,39,62,67,68,88,92,97" machi="0" ten="40,8000,1" yaku="1,1,2,1,0,1,54,1,53,0" doraHai="14" doraHaiUra="40" who="1" fromWho="1" sc="227,-40,232,90,209,-20,322,-20" /><INIT seed="5,0,0,3,2,31" ten="187,322,189,302" oya="1" hai0="131,102,115,130,13,15,122,27,35,119,29,59,96" hai1="67,22,60,23,10,121,42,69,8,24,38,26,65" hai2="48,118,1,28,47,34,93,66,87,95,76,33,51" hai3="123,103,52,6,117,90,17,128,49,72,56,43,75"/><U77/><E121/><V74/><F118/><W89/><G123/><T85/><D119/><U82/><E65/><V112/><F1/><W5/><G117/><T108/><D108/><U45/><E23/><V50/><F112/><W64/><G75/><T37/><D122/><U110/><E110/><V54/><F74/><W86/><G72/><T11/><D37/><U79/><E26/><V73/><F73/><W20/><G103/><T80/><D59/><U113/><E113/><V36/><F66/><W40/><G64/><T71/><D71/><U114/><E114/><V14/><F36/><W12/><G128/><N who="0" m="49195" /><D115/><U111/><E111/><V132/><F132/><W101/><G101/><T106/><D11/><U30/><E79/><AGARI ba="0,0" hai="13,15,27,29,35,79,80,85,96,102,106" m="49195" machi="79" ten="30,2000,0" yaku="19,1,52,1" doraHai="31" who="0" fromWho="1" sc="187,20,322,-20,189,0,302,0" /><INIT seed="6,0,0,0,1,92" ten="207,302,189,302" oya="2" hai0="75,52,51,5,101,19,93,84,4,45,17,79,89" hai1="86,108,91,50,103,127,113,66,62,118,64,112,10" hai2="134,40,104,120,119,26,107,49,123,60,25,14,36" hai3="124,105,7,13,43,88,73,102,3,68,72,38,115"/><V74/><F119/><W130/><G88/><N who="0" m="53383" /><D79/><U6/><E118/><V76/><F134/><W2/><G13/><T35/><D75/><U110/><E103/><V16/><F36/><W34/><G7/><N who="0" m="2635" /><D35/><U55/><E127/><V59/><F123/><W56/><G56/><T46/><D101/><U61/><E64/><N who="2" m="38943" /><F120/><W33/><G124/><T29/><D29/><U114/><E66/><V39/><F39/><W129/><G68/><T83/><D46/><N who="1" m="28119" /><E108/><V78/><F74/><N who="3" m="28779" /><G115/><T57/><D45/><U80/><E110/><V131/><F104/><W44/><G34/><T106/><D106/><U133/><E133/><V27/><F131/><N who="3" m="50187" /><G33/><T67/><D67/><U1/><AGARI ba="0,0" hai="1,6,10,61,62,80,86,91,112,113,114" m="28119" machi="1" ten="30,1100,0" yaku="15,1" doraHai="92" who="1" fromWho="1" sc="207,-3,302,11,189,-5,302,-3" /><INIT seed="7,0,0,3,2,80" ten="204,313,184,299" oya="3" hai0="131,37,48,54,85,78,129,26,29,41,112,21,79" hai1="99,24,117,8,120,17,16,77,49,101,44,14,128" hai2="71,68,20,46,135,55,88,39,27,5,74,108,60" hai3="62,91,126,43,36,19,65,115,100,67,53,110,116"/><W7/><G116/><T133/><D133/><U84/><E120/><V132/><F108/><W76/><G110/><T121/><D121/><U105/><E117/><V6/><F74/><W15/><G126/><T63/><D37/><U72/><E72/><V51/><F39/><W123/><G123/><T50/><D112/><U113/><E113/><V35/><F35/><W3/><G76/><T38/><D38/><U34/><E128/><N who="0" m="49225" /><D85/><U9/><E34/><V66/><F71/><W56/><G100/><T90/><D90/><U73/><E73/><V93/><F135/><W122/><G122/><T96/><D96/><U13/><E24/><V106/><F106/><W1/><G1/><T31/><D31/><U0/><E0/><V109/><F109/><W18/><G3/><T124/><D124/><U64/><E84/><V94/><F94/><W134/><G134/><T30/><D29/><U82/><E82/><V81/><F81/><W32/><G32/><T92/><D92/><U107/><E77/><N who="0" m="29193" /><D41/><U127/><E127/><V40/><F40/><W102/><G102/><T2/><D2/><U98/><E98/><V4/><F132/><W104/><G104/><T42/><D42/><U47/><E107/><V86/><REACH who="2" step="1"/><F4/><REACH who="2" ten="204,313,174,299" step="2"/><W89/><G115/><T125/><D125/><U87/><E105/><V11/><F11/><N who="3" m="4607" /><G43/><T52/><D54/><N who="1" m="29991" /><E8/><V95/><F95/><W59/><G36/><T83/><D83/><U69/><E9/><V70/><F70/><W61/><G53/><T23/><D23/><U114/><E114/><V111/><F111/><W119/><G119/><T25/><D25/><RYUUKYOKU ba="0,1" sc="204,10,313,-30,174,10,299,10" hai0="21,26,30,48,50,52,63" hai2="5,6,20,27,46,51,55,60,66,68,86,88,93" hai3="18,19,56,59,61,62,65,67,89,91" owari="214,-19.0,283,8.0,184,-32.0,319,43.0" /></mjloggm>