<mjloggm ver="2.3"><GO type="169" lobby="0"/><UN n0="%E3%81%86%E3%81%8D%E3%81%A7%E3%82%93" n1="%E3%82%A6%E3%83%AB%E3%83%88%E3%83%A9%E7%AB%8B%E7%9B%B4" n2="%E3%81%86%E3%82%8B%E3%81%95%E3%81%84%E3%81%AF%E8%A4%92%E3%82%81%E8%A9%9E" n3="%E3%82%B8%E3%82%A7%E3%83%B3%E3%83%88" dan="17,18,16,16" rate="2132.65,2181.85,2086.74,2081.64" sx="M,M,M,M"/><TAIKYOKU oya="0"/><INIT seed="0,0,0,1,3,126" ten="250,250,250,250" oya="0" hai0="111,61,86,4,42,115,48,90,23,109,112,27,100" hai1="31,72,77,51,19,22,134,2,74,45,57,3,59" hai2="5,103,104,128,79,34,132,92,14,70,113,60,99" hai3="63,76,33,116,94,130,84,66,102,81,85,123,32"/><T98/><D4/><U118/><E31/><V91/><F113/><W46/><G116/><T106/><D61/><U25/><E118/><V56/><F132/><W54/><G123/><T95/><D42/><U39/><E134/><V120/><F79/><W37/><G130/><T44/><D48/><U36/><E77/><V122/><F34/><W43/><G54/><T135/><D44/><U68/><E68/><V13/><F70/><W114/><G114/><N who="0" m="43563" /><D23/><U8/><E8/><V107/><F107/><W97/><G85/><T62/><D27/><U110/><E51/><V125/><F128/><W6/><G6/><T67/><D62/><U73/><E45/><V80/><F80/><W24/><G24/><T35/><D67/><U75/><E75/><V49/><F49/><W28/><G28/><T12/><D12/><U105/><E105/><V96/><F125/><W17/><G17/><T129/><D35/><U87/><E59/><AGARI ba="0,0" hai="32,33,37,43,46,59,63,66,76,81,84,94,97,102" machi="59" ten="30,1000,0" yaku="7,1" doraHai="126" who="3" fromWho="1" sc="250,0,250,-10,250,0,250,10" /><INIT seed="1,0,0,0,5,115" ten="250,240,250,260" oya="1" hai0="29,104,83,86,78,103,105,57,80,20,128,125,73" hai1="92,36,77,22,21,76,93,114,19,24,121,67,14" hai2="132,16,3,34,81,49,28,56,70,8,46,107,60" hai3="113,32,11,42,39,48,133,51,41,122,68,27,75"/><U106/><E121/><V91/><F107/><W99/><G75/><T47/><D47/><U55/><E114/><V37/><F70/><W90/><G113/><T98/><D57/><U119/><E106/><V0/><F37/><W95/><G68/><T108/><D108/><U135/><E36/><V13/><F132/><W31/><G122/><T40/><D40/><U5/><E135/><V61/><F28/><W52/><G39/><T100/><D20/><U111/><E119/><V126/><F34/><W50/><G133/><T9/><D9/><N who="1" m="4399" /><E67/><V43/><F61/><W74/><G74/><T72/><D29/><N who="1" m="17551" /><E55/><V65/><F126/><W25/><G25/><T62/><D62/><U130/><E130/><V110/><F110/><W85/><G11/><T12/><D12/><N who="1" m="9575" /><E111/><V26/><F26/><W79/><G52/><T129/><D125/><U89/><E93/><V17/><F17/><W109/><G109/><T124/><D124/><U82/><E82/><V1/><F1/><W15/><G15/><T33/><D33/><U118/><E118/><V54/><F43/><W63/><G63/><T59/><D59/><U58/><E58/><V134/><F134/><W23/><G32/><T127/><D127/><U45/><E45/><V69/><F69/><W38/><G38/><T2/><D2/><U66/><E66/><V71/><F71/><W96/><G42/><T35/><D35/><U88/><E89/><V87/><AGARI ba="0,0" hai="0,3,8,13,16,46,49,54,56,60,65,81,87,91" machi="87" ten="30,7900,0" yaku="0,1,25,2,54,1" doraHai="115" who="2" fromWho="2" sc="250,-20,240,-39,250,79,260,-20" /><INIT seed="2,0,0,0,1,125" ten="230,201,329,240" oya="2" hai0="54,2,100,74,5,47,123,58,1,30,84,127,110" hai1="29,11,13,114,99,56,23,91,35,88,40,42,129" hai2="121,14,85,122,19,79,115,57,45,20,124,116,53" hai3="131,70,132,51,9,69,77,102,92,66,48,103,24"/><V108/><F116/><W34/><G132/><T82/><D74/><U63/><E35/><V6/><F115/><W118/><G118/><T68/><D68/><U33/><E33/><V50/><F124/><W22/><G34/><T28/><D110/><U90/><E99/><V16/><F108/><W133/><G133/><T12/><D123/><U134/><E129/><V112/><F112/><W52/><G77/><N who="0" m="46159" /><D2/><U135/><E114/><V111/><F111/><W104/><G104/><T25/><D1/><U61/><E135/><V81/><F6/><W72/><G72/><T3/><D3/><U46/><E134/><V80/><F81/><W37/><G37/><T32/><D32/><U44/><E42/><V117/><F117/><W86/><G9/><N who="0" m="4143" /><D100/><U130/><E130/><V96/><F96/><W120/><G120/><T71/><D71/><U87/><E87/><V106/><F106/><W78/><G103/><T21/><D47/><U4/><E40/><V15/><F45/><W8/><G8/><AGARI ba="0,0" hai="8,14,15,16,19,20,50,53,57,79,80,85,121,122" machi="8" ten="30,2900,0" yaku="7,1,54,1" doraHai="125" who="2" fromWho="3" sc="230,0,201,0,329,29,240,-29" /><INIT seed="2,1,0,5,1,106" ten="230,201,358,211" oya="2" hai0="20,77,22,29,55,129,122,56,33,120,76,74,89" hai1="51,23,93,13,14,5,38,30,59,126,34,107,119" hai2="26,19,121,58,105,123,108,48,18,3,95,133,2" hai3="97,78,47,50,62,69,45,118,115,17,21,49,132"/><V40/><F105/><W104/><G118/><T83/><D33/><U8/><E38/><V44/><F108/><W9/><G78/><T85/><D129/><U125/><E107/><V11/><F133/><W88/><G132/><T96/><D96/><U75/><E93/><V73/><F73/><W114/><G9/><T16/><D29/><U61/><E51/><N who="3" m="19466" /><G62/><T57/><D22/><U72/><E34/><V32/><F3/><W6/><G6/><T124/><D77/><U90/><E90/><V37/><F95/><N who="3" m="56551" /><G104/><T87/><D124/><N who="1" m="47723" /><E119/><V31/><F2/><W41/><G69/><T68/><D68/><U82/><E82/><V100/><F100/><W65/><G65/><T63/><D57/><U35/><E35/><V15/><REACH who="2" step="1"/><F19/><REACH who="2" ten="230,201,348,211" step="2"/><W92/><G92/><T79/><D74/><U99/><E99/><V110/><F110/><W64/><G115/><T102/><D102/><U1/><E1/><V135/><F135/><W70/><G114/><T67/><D16/><N who="1" m="10647" /><E30/><V0/><F0/><W80/><G17/><T54/><D122/><U128/><E128/><V53/><AGARI ba="1,1" hai="11,15,18,26,31,32,37,40,44,48,53,58,121,123" machi="53" ten="30,3000,0" yaku="1,1,0,1,53,0" doraHai="106" doraHaiUra="94" who="2" fromWho="2" sc="230,-11,201,-11,348,43,211,-11" /><INIT seed="2,2,0,0,4,82" ten="219,190,391,200" oya="2" hai0="41,60,28,8,46,86,42,94,16,50,7,116,93" hai1="2,55,109,118,15,111,59,25,61,9,62,74,52" hai2="65,133,33,80,64,87,1,120,27,99,22,88,70" hai3="17,5,3,112,6,107,96,73,67,69,102,57,128"/><V119/><F1/><W23/><G73/><T127/><D28/><U100/><E2/><V108/><F33/><W32/><G3/><T10/><D127/><U135/><E74/><V29/><F120/><W81/><G128/><T76/><D42/><U126/><E118/><V53/><F119/><W89/><G32/><T51/><D50/><U122/><E25/><V39/><F39/><W113/><G69/><T103/><D60/><U13/><E100/><V104/><F70/><W101/><G101/><T105/><D105/><U90/><E90/><V14/><F133/><W58/><G58/><T49/><D51/><U44/><E9/><V20/><F53/><W66/><G66/><T115/><D7/><U95/><E95/><N who="2" m="56807" /><F104/><W63/><G112/><T121/><D121/><U24/><E122/><V45/><F45/><W125/><G113/><T132/><D132/><U21/><E135/><V124/><F108/><W30/><G30/><T54/><D54/><U34/><E34/><V91/><F124/><W12/><G125/><T26/><D115/><U31/><E126/><V0/><F0/><W130/><G130/><T114/><D116/><U83/><E44/><V56/><F56/><W47/><G47/><T18/><D114/><U68/><E68/><V134/><F134/><W84/><AGARI ba="2,0" hai="5,6,12,17,23,57,63,67,81,84,89,96,102,107" machi="84" ten="30,2000,0" yaku="0,1,52,1" doraHai="82" who="3" fromWho="3" sc="219,-7,190,-7,391,-12,200,26" /><INIT seed="3,0,0,1,0,100" ten="212,183,379,226" oya="3" hai0="96,120,60,24,77,20,4,85,88,111,72,75,92" hai1="31,106,37,36,104,46,8,12,45,44,1,121,67" hai2="102,122,33,64,91,34,130,59,90,82,105,109,124" hai3="58,89,117,68,23,126,0,99,13,115,125,2,134"/><W114/><G68/><T49/><D111/><U65/><E31/><V86/><F130/><W7/><G117/><T9/><D49/><U43/><E12/><V127/><F109/><W42/><G42/><T63/><D75/><U35/><E43/><V71/><F71/><W25/><G58/><T61/><D72/><U112/><E35/><V76/><F122/><W132/><G89/><T128/><D128/><U53/><E53/><V38/><F38/><N who="1" m="14953" /><E8/><V69/><F69/><W21/><G99/><T70/><D70/><U30/><E30/><V110/><F110/><W54/><G54/><T17/><D120/><U51/><E51/><V118/><F118/><W16/><G7/><T26/><D24/><U11/><E11/><V29/><F90/><W80/><G80/><N who="0" m="47247" /><D9/><U81/><E121/><V55/><F64/><N who="1" m="24649" /><E81/><V48/><F76/><W32/><G32/><T18/><D4/><U73/><E73/><V98/><F29/><AGARI ba="0,0" hai="17,18,20,26,29,60,61,63,88,92,96" m="47247" machi="29" ten="30,2000,0" yaku="8,1,54,1" doraHai="100" who="0" fromWho="2" sc="212,20,183,0,379,-20,226,0" /><INIT seed="4,0,0,5,0,48" ten="232,183,359,226" oya="0" hai0="43,52,51,40,50,42,76,34,22,121,129,66,5" hai1="126,111,13,0,63,12,6,81,120,20,93,96,117" hai2="102,67,17,31,87,122,73,133,104,94,109,114,89" hai3="105,75,1,88,18,39,10,64,70,128,123,69,90"/><T82/><D34/><U21/><E117/><V2/><F2/><W57/><G105/><T27/><D121/><U71/><E111/><V46/><F114/><W33/><G39/><T99/><D66/><U62/><E120/><V49/><F133/><W95/><G33/><T3/><D99/><U103/><E126/><V55/><F109/><W79/><G123/><T29/><D50/><U110/><E110/><V74/><F122/><W115/><G115/><T56/><D129/><U124/><E124/><V47/><F67/><W106/><G106/><T41/><D40/><U54/><E0/><V53/><F31/><W35/><G35/><T44/><D3/><U59/><E81/><V118/><F118/><W32/><G32/><T36/><REACH who="0" step="1"/><D5/><REACH who="0" ten="222,183,359,226" step="2"/><U23/><E71/><V8/><F104/><W107/><G107/><T25/><D25/><U14/><REACH who="1" step="1"/><E62/><REACH who="1" ten="222,173,359,226" step="2"/><V37/><F37/><W77/><G70/><T61/><D61/><U60/><E60/><V28/><F49/><W127/><G69/><T30/><D30/><U91/><E91/><V11/><F28/><W130/><G1/><T16/><D16/><U80/><E80/><V132/><F17/><W135/><G127/><T19/><D19/><U112/><E112/><V7/><F89/><W38/><G128/><T98/><D98/><U24/><E24/><V116/><F116/><W101/><G130/><T100/><D100/><U68/><E68/><V113/><F102/><W92/><G38/><T72/><AGARI ba="0,2" hai="22,27,29,36,41,42,43,44,51,52,56,72,76,82" machi="72" ten="20,12000,1" yaku="1,1,0,1,7,1,52,1,54,1,53,0" doraHai="48" doraHaiUra="125" who="0" fromWho="0" sc="222,140,173,-40,359,-40,226,-40" /><INIT seed="4,1,0,2,2,40" ten="362,133,319,186" oya="0" hai0="52,116,85,87,110,91,3,119,44,18,11,101,17" hai1="21,121,27,36,53,134,128,123,41,0,16,47,124" hai2="103,12,64,90,98,132,19,86,114,56,107,57,23" hai3="63,81,133,9,10,14,88,112,7,31,94,26,30"/><T32/><D32/><U72/><E72/><V67/><F132/><W82/><G133/><T73/><D73/><U118/><E118/><V34/><F34/><W46/><G112/><T68/><D68/><U122/><E134/><V54/><F57/><W15/><G63/><T35/><D35/><U79/><E124/><V117/><F117/><W51/><G31/><T13/><D3/><U100/><E128/><V111/><F114/><W24/><G30/><T5/><D110/><U70/><E70/><V74/><F74/><W22/><G22/><T65/><D65/><U76/><E0/><V39/><F39/><W69/><G69/><T97/><D85/><U104/><REACH who="1" step="1"/><E53/><REACH who="1" ten="362,123,319,186" step="2"/><V80/><F111/><W8/><G81/><N who="0" m="49647" /><D119/><U127/><E127/><V29/><F67/><W105/><G82/><T25/><D116/><U93/><E93/><V131/><F64/><W42/><G105/><T126/><D126/><U83/><E83/><V129/><F131/><W75/><G75/><T125/><D125/><U135/><E135/><V108/><F129/><W130/><G130/><T120/><D120/><U113/><E113/><V61/><F108/><W66/><G66/><T43/><D52/><U106/><E106/><V102/><F107/><W49/><G7/><T48/><D5/><U109/><E109/><V45/><F80/><W96/><G51/><T84/><D48/><U2/><E2/><V28/><F61/><W62/><G62/><T78/><D78/><U89/><E89/><V33/><F90/><W50/><G50/><T1/><D1/><U95/><E95/><V6/><F6/><RYUUKYOKU ba="1,1" sc="362,-15,123,15,319,-15,186,15" hai1="16,21,27,36,41,47,76,79,100,104,121,122,123" hai3="8,9,10,14,15,24,26,42,46,49,88,94,96" /><INIT seed="5,2,1,5,4,94" ten="347,138,304,201" oya="1" hai0="39,53,100,37,89,122,119,19,110,73,123,27,68" hai1="127,17,6,23,82,95,12,22,91,128,103,59,98" hai2="46,130,40,79,13,15,107,11,93,0,125,62,2" hai3="114,58,131,120,76,31,16,43,75,111,20,86,85"/><U109/><E127/><V121/><F107/><W134/><G111/><T56/><D68/><U54/><E128/><V129/><F121/><N who="0" m="46090" /><D73/><U64/><E109/><V44/><F125/><W101/><G120/><T66/><D66/><U97/><E6/><V124/><F124/><W70/><G70/><T96/><D89/><U72/><E64/><V49/><F15/><W48/><G31/><T99/><D119/><U112/><E112/><V133/><F62/><W35/><G35/><T8/><D100/><U25/><E72/><V102/><F79/><W105/><G114/><T113/><D113/><U18/><E82/><V36/><F2/><W5/><G5/><T77/><D77/><U67/><E67/><V4/><F0/><W51/><G131/><T74/><D74/><U117/><E117/><V34/><F129/><W21/><G76/><T90/><D90/><U10/><E10/><V118/><F11/><W28/><G75/><T106/><D106/><U88/><E98/><N who="0" m="37417" /><D110/><U33/><E33/><V81/><F34/><W45/><G105/><T115/><D115/><U14/><REACH who="1" step="1"/><E25/><REACH who="1" ten="347,128,304,201" step="2"/><V52/><F118/><W3/><G86/><T132/><D8/><U116/><E116/><V47/><F130/><W26/><G85/><T80/><D80/><U30/><E30/><V7/><F81/><W92/><G28/><T84/><D84/><U55/><E55/><V42/><F52/><W38/><G43/><T65/><D65/><U135/><E135/><V1/><F133/><W83/><G134/><T69/><D132/><U32/><E32/><V41/><F40/><W57/><G83/><RYUUKYOKU ba="2,2" sc="347,-10,128,30,304,-10,201,-10" hai1="12,14,17,18,22,23,54,59,88,91,95,97,103" /><INIT seed="5,3,2,3,3,126" ten="337,158,294,191" oya="1" hai0="111,75,77,125,69,124,28,108,70,129,31,34,132" hai1="49,109,48,58,56,18,119,44,115,97,59,90,81" hai2="16,40,113,73,121,79,15,105,82,99,133,114,123" hai3="92,72,6,110,13,2,3,35,107,27,91,135,122"/><U11/><E119/><V33/><F33/><W71/><G110/><N who="0" m="42027" /><D129/><U66/><E109/><V60/><F40/><W83/><G71/><N who="0" m="27147" /><D132/><U54/><E115/><N who="2" m="44043" /><F60/><W106/><G122/><T78/><D75/><U80/><E66/><V86/><F133/><W118/><G118/><T98/><D98/><U61/><E61/><V38/><F38/><W21/><G35/><T57/><D57/><U65/><E65/><V0/><F0/><W128/><G3/><T64/><D64/><U25/><E49/><V68/><F73/><W112/><G2/><T14/><D14/><N who="1" m="7519" /><E25/><V62/><F62/><W42/><G112/><T41/><D41/><U1/><E1/><V67/><F67/><W94/><G42/><T127/><D34/><U52/><E54/><V30/><F30/><AGARI ba="3,2" hai="28,30,31,77,78,124,125,127" m="27147,42027" machi="30" ten="40,5200,0" yaku="28,2,18,1" doraHai="126" who="0" fromWho="2" sc="337,81,158,0,294,-61,191,0" /><INIT seed="6,0,0,1,0,86" ten="418,158,233,191" oya="2" hai0="94,31,54,130,119,66,111,20,82,11,115,134,118" hai1="101,116,51,71,113,80,84,104,112,127,39,21,60" hai2="98,102,126,27,107,77,121,17,50,13,123,67,81" hai3="88,106,109,100,44,110,3,15,117,124,91,18,62"/><V55/><F27/><W24/><G3/><T14/><D66/><U32/><E39/><V92/><F67/><W33/><G117/><T125/><D111/><U10/><E32/><V56/><F107/><W135/><G110/><T90/><D82/><U131/><E116/><V65/><F65/><W57/><G109/><T42/><D42/><U4/><E60/><V105/><F105/><W128/><G128/><T97/><D115/><U43/><E71/><V38/><F38/><W29/><G124/><T72/><D72/><U68/><E68/><V46/><F56/><W114/><G114/><T78/><D78/><U59/><E127/><V132/><F132/><W63/><G44/><T47/><D130/><U8/><E8/><V9/><F126/><W93/><G135/><T26/><D134/><U69/><E69/><V45/><F45/><W83/><G106/><T28/><D31/><U36/><E36/><V120/><F123/><W23/><G83/><T99/><D125/><U64/><E131/><V85/><AGARI ba="0,0" hai="9,13,17,46,50,55,77,81,85,92,98,102,120,121" machi="85" ten="20,2100,0" yaku="0,1,7,1" doraHai="86" who="2" fromWho="2" sc="418,-7,158,-7,233,21,191,-7" /><INIT seed="6,1,0,2,3,81" ten="411,151,254,184" oya="2" hai0="104,121,122,22,57,0,106,70,72,86,103,79,51" hai1="15,50,62,113,114,125,9,77,109,131,91,40,48" hai2="39,26,85,69,119,107,92,127,124,96,1,66,84" hai3="108,134,34,59,63,100,95,52,46,32,55,75,102"/><V25/><F107/><W71/><G75/><T128/><D72/><U93/><E77/><V101/><F39/><W78/><G108/><T31/><D70/><U30/><E109/><V33/><F1/><W27/><G134/><T17/><D31/><U49/><E125/><N who="2" m="48203" /><F119/><W44/><G71/><T82/><D128/><U21/><E131/><V112/><F112/><W89/><G78/><T53/><D0/><U8/><E40/><V14/><F14/><W132/><G132/><T67/><D67/><U94/><E94/><V56/><F69/><W90/><G90/><T3/><D3/><U2/><E62/><N who="2" m="38215" /><F26/><W29/><G34/><T47/><D57/><U123/><E123/><V43/><F43/><W18/><G46/><T54/><D53/><U98/><E2/><V10/><F10/><W120/><G120/><T126/><D126/><U74/><E74/><V118/><F118/><W105/><G105/><T60/><D104/><U41/><E41/><V42/><F42/><W87/><G55/><T7/><D60/><U16/><REACH who="1" step="1"/><E30/><AGARI ba="1,0" hai="25,30,33,84,85,92,96,101" m="38215,48203" machi="30" ten="30,5800,0" yaku="18,1,52,2" doraHai="81" who="2" fromWho="1" sc="411,0,151,-61,254,61,184,0" /><INIT seed="6,2,0,3,2,45" ten="411,90,315,184" oya="2" hai0="57,111,59,63,65,72,103,12,77,64,46,69,60" hai1="21,110,40,67,50,29,116,14,1,99,58,73,22" hai2="62,87,128,98,108,42,88,101,74,4,54,49,13" hai3="133,47,100,106,18,39,37,112,33,124,23,95,30"/><V83/><F108/><W76/><G106/><T93/><D72/><U94/><E73/><V90/><F128/><W32/><G76/><T86/><D69/><U10/><E1/><V104/><F42/><W35/><G124/><T5/><D46/><U107/><E107/><V2/><F2/><W38/><G30/><T81/><D111/><U127/><E127/><V56/><F74/><W11/><G112/><T118/><D118/><U85/><E85/><V117/><F117/><W34/><G11/><N who="0" m="4207" /><D93/><U8/><E116/><V91/><F4/><W55/><G133/><T75/><D75/><U26/><E110/><V125/><F125/><W6/><G6/><T109/><D109/><U52/><E40/><V51/><REACH who="2" step="1"/><F13/><REACH who="2" ten="411,90,305,184" step="2"/><W9/><G37/><T119/><D119/><U68/><E68/><V53/><F53/><W135/><G38/><T25/><D25/><U114/><E114/><V16/><F16/><W43/><G55/><T20/><D103/><N who="1" m="60919" /><E67/><V120/><F120/><W44/><G100/><T28/><D28/><U115/><E115/><V48/><AGARI ba="2,1" hai="48,49,51,54,56,62,83,87,88,90,91,98,101,104" machi="48" ten="30,18000,2" yaku="1,1,0,1,52,3,54,1,53,0" doraHai="45" doraHaiUra="24" who="2" fromWho="2" sc="411,-62,90,-62,305,196,184,-62" /><INIT seed="6,3,0,1,0,133" ten="349,28,501,122" oya="2" hai0="68,31,66,23,99,89,104,122,103,5,29,83,98" hai1="17,38,126,8,59,44,92,84,70,60,18,129,105" hai2="37,94,82,128,7,27,90,0,25,107,14,55,74" hai3="96,111,113,19,72,64,117,124,2,76,135,114,93"/><V4/><F107/><W24/><G2/><T61/><D5/><U106/><E70/><V26/><F37/><W97/><G117/><T42/><D122/><U58/><E129/><V134/><F128/><W1/><G1/><T116/><D116/><U62/><E92/><V132/><F0/><W12/><G111/><T52/><D42/><U121/><E84/><V47/><F82/><W91/><G24/><T110/><D110/><U13/><E121/><V45/><F74/><W69/><G76/><T56/><D23/><U86/><E86/><V77/><F77/><W53/><G72/><T3/><D3/><U48/><E38/><V20/><F132/><W50/><G97/><T51/><REACH who="0" step="1"/><D83/><REACH who="0" ten="339,28,501,122" step="2"/><U9/><E13/><V102/><F134/><W118/><G135/><T6/><D6/><U100/><E100/><V67/><F102/><W49/><G118/><T80/><D80/><U120/><E120/><V34/><F34/><W108/><G108/><T71/><D71/><U28/><E28/><V87/><F7/><W65/><G69/><T88/><D88/><U81/><E81/><V73/><F73/><W36/><G91/><T119/><D119/><U123/><E123/><V101/><F101/><W130/><G130/><T10/><D10/><U39/><E39/><V115/><F20/><W63/><G36/><T32/><D32/><U33/><E33/><V30/><F90/><W75/><G75/><T15/><D15/><U125/><E48/><V127/><F30/><W95/><G12/><T40/><D40/><U79/><E79/><V112/><F14/><W109/><G49/><RYUUKYOKU ba="3,1" sc="339,15,28,15,501,-15,122,-15" hai0="29,31,51,52,56,61,66,68,89,98,99,103,104" hai1="8,9,17,18,44,58,59,60,62,105,106,125,126" /><INIT seed="7,4,1,2,0,106" ten="354,43,486,107" oya="3" hai0="9,131,22,50,52,46,23,87,94,81,108,11,68" hai1="70,49,75,14,21,16,67,20,34,59,40,126,114" hai2="44,55,4,122,119,132,12,45,5,38,129,90,33" hai3="25,117,41,43,69,92,89,3,102,19,120,112,125"/><W121/><G3/><T29/><D131/><U63/><E34/><V127/><F33/><W85/><G69/><T76/><D108/><U115/><E126/><V54/><F90/><W35/><G117/><T56/><D68/><U123/><E123/><V53/><F38/><W58/><G125/><T110/><D94/><U62/><E21/><V72/><F72/><W130/><G112/><N who="1" m="43050" /><E40/><V64/><F132/><W93/><G130/><T28/><D23/><U116/><E49/><V51/><F64/><W128/><G128/><T18/><D46/><U96/><E96/><V86/><F119/><W39/><G39/><T48/><D50/><U57/><E116/><V113/><F122/><W15/><G120/><T73/><D73/><U61/><E75/><V30/><F45/><W105/><G121/><T2/><D110/><U79/><E79/><V111/><F111/><W133/><G35/><T26/><D2/><U91/><E91/><V107/><F107/><W8/><G41/><T80/><D81/><U36/><E36/><V71/><F71/><W95/><G43/><T78/><D76/><U100/><E100/><V24/><F51/><W77/><G102/><T31/><AGARI ba="4,1" hai="9,11,18,22,26,28,29,31,48,52,56,78,80,87" machi="31" ten="30,4000,0" yaku="0,1,8,1,54,1" doraHai="106" who="0" fromWho="0" sc="354,62,43,-14,486,-14,107,-24" owari="416,22.0,29,-47.0,472,57.0,83,-32.0" /></mjloggm>