<mjloggm ver="2.3"><GO type="169" lobby="0"/><UN n0="%48%6F%67%65%4E%75%6C%6C" n1="%E5%B0%B1%E6%B4%BB%E7%94%9F%40%E5%B7%9D%E6%9D%91%E8%BB%8D%E5%9B%A3" n2="%E3%81%AF%E3%81%AA%E3%81%BE%E3%82%8B%E3%81%8D" n3="%E3%82%B9%E3%82%B1%E3%83%BC%E3%82%BF%E3%83%BC" dan="16,17,16,17" rate="2077.59,2235.05,2102.41,2169.55" sx="M,M,M,M"/><TAIKYOKU oya="0"/><INIT seed="0,0,0,3,4,21" ten="250,250,250,250" oya="0" hai0="39,42,113,126,99,91,108,62,127,98,81,69,68" hai1="118,4,14,40,129,80,125,132,20,120,85,26,112" hai2="74,96,48,63,24,86,13,47,29,5,1,67,94" hai3="93,34,44,58,115,0,123,15,92,82,116,75,19"/><T134/><D113/><U57/><E120/><V106/><F74/><W88/><G115/><T100/><D42/><U78/><E118/><V64/><F1/><W119/><G0/><T51/><D39/><U33/><E33/><V45/><F106/><W17/><G123/><T105/><D51/><U87/><E112/><V104/><F104/><W77/><G34/><T36/><D36/><U41/><E129/><V23/><F86/><W59/><G93/><N who="0" m="56639" /><D62/><U27/><E132/><V103/><F48/><W43/><G119/><T3/><D3/><U22/><E57/><N who="2" m="36975" /><F67/><W35/><G35/><T50/><D50/><U60/><E60/><V54/><F54/><W37/><G19/><T111/><D134/><U117/><E117/><V89/><F89/><W30/><G30/><T121/><D121/><U124/><E85/><V56/><F56/><W11/><REACH who="3" step="1"/><G116/><REACH who="3" ten="250,250,250,240" step="2"/><T10/><D81/><U7/><E124/><V135/><F135/><W73/><G73/><T31/><D31/><N who="1" m="17863" /><E125/><V16/><F5/><N who="1" m="2121" /><E14/><V72/><F72/><W55/><G55/><T71/><D127/><U110/><E110/><V95/><F95/><W52/><G52/><T32/><D32/><U12/><E12/><V130/><F130/><W18/><G18/><AGARI ba="0,1" hai="18,22,27,40,41,78,80,87" m="2121,17863" machi="18" ten="30,3900,0" yaku="8,1,52,2" doraHai="21" who="1" fromWho="3" sc="250,0,250,49,250,0,240,-39" /><INIT seed="1,0,0,1,3,5" ten="250,299,250,201" oya="1" hai0="111,129,19,43,52,33,1,130,6,104,113,77,57" hai1="83,118,24,56,7,40,9,110,42,37,47,103,36" hai2="94,112,38,88,75,98,49,92,93,39,97,62,72" hai3="28,17,125,63,84,134,20,86,68,16,45,51,23"/><U21/><E118/><V76/><F112/><W124/><G134/><T2/><D113/><U66/><E103/><N who="2" m="60839" /><F62/><W73/><G73/><N who="2" m="28233" /><F49/><W95/><G28/><T59/><D104/><U34/><E34/><V60/><F60/><W121/><G121/><T29/><D77/><U26/><E110/><V89/><F39/><W122/><G122/><T80/><D111/><U13/><E83/><V79/><F38/><W114/><G95/><T54/><D80/><U22/><E66/><V115/><F115/><W133/><G63/><N who="0" m="36263" /><D43/><U64/><E64/><V108/><F108/><W55/><G68/><T100/><D100/><U116/><E56/><V78/><F78/><W44/><G114/><T8/><D19/><U105/><E105/><V10/><F10/><W132/><G55/><T46/><D46/><U107/><E107/><V135/><F135/><W50/><AGARI ba="0,0" hai="16,17,20,23,44,45,50,51,84,86,124,125,132,133" machi="50" ten="25,6400,0" yaku="0,1,22,2,54,1" doraHai="5" who="3" fromWho="3" sc="250,-16,299,-32,250,-16,201,64" /><INIT seed="2,0,0,1,1,38" ten="234,267,234,265" oya="2" hai0="113,87,118,7,51,20,96,25,4,131,122,57,63" hai1="29,13,49,66,85,40,39,129,110,16,107,36,134" hai2="132,120,89,99,24,98,108,78,48,81,103,43,54" hai3="3,60,111,12,46,64,45,50,18,76,135,91,125"/><V117/><F120/><W27/><G3/><T74/><D131/><U28/><E107/><V23/><F117/><W119/><G111/><T123/><D113/><U86/><E134/><V79/><F132/><W61/><G135/><T47/><D74/><U5/><E129/><V37/><F37/><W116/><G125/><T72/><D72/><U105/><E105/><V84/><F108/><W109/><G109/><T1/><D118/><U53/><E5/><V82/><F82/><W73/><G27/><T42/><D87/><N who="1" m="33291" /><E36/><V41/><F103/><W93/><G46/><T101/><D122/><U62/><E39/><V19/><F99/><W31/><G60/><T104/><D1/><U112/><E66/><V15/><F24/><W133/><G31/><N who="1" m="11850" /><E62/><V52/><F54/><W68/><G73/><T100/><D100/><U83/><E83/><V34/><F34/><W9/><G133/><T97/><D97/><U21/><E112/><V26/><F26/><W124/><G124/><T67/><REACH who="0" step="1"/><D123/><REACH who="0" ten="224,267,234,265" step="2"/><U58/><E110/><V102/><F102/><W94/><G119/><T92/><D92/><U22/><E22/><V55/><F98/><W69/><G116/><T127/><D127/><U128/><E128/><V88/><F23/><W65/><G94/><T126/><D126/><U11/><E21/><N who="2" m="11519" /><F79/><W77/><G93/><T80/><D80/><U114/><E114/><V44/><F55/><N who="3" m="30159" /><G91/><AGARI ba="0,1" hai="41,43,44,48,52,78,81,84,88,89,91" m="11519" machi="91" ten="30,12000,1" yaku="8,1,52,2,54,2" doraHai="38" who="2" fromWho="3" sc="224,0,267,0,234,130,265,-120" /><INIT seed="2,1,0,3,2,41" ten="224,267,364,145" oya="2" hai0="92,109,60,89,10,5,88,11,135,18,24,64,77" hai1="86,94,98,85,81,57,6,99,69,67,114,29,111" hai2="97,4,48,102,134,93,15,46,107,120,42,51,31" hai3="84,124,106,17,30,56,19,1,14,127,53,2,44"/><V126/><F120/><W104/><G30/><T59/><D109/><U112/><E69/><V110/><F134/><W101/><G84/><T100/><D135/><U133/><E133/><V22/><F110/><W122/><G122/><T40/><D77/><U116/><E116/><V27/><F107/><W33/><G33/><T66/><D66/><U7/><E111/><V38/><REACH who="2" step="1"/><F126/><REACH who="2" ten="224,267,354,145" step="2"/><W28/><G106/><T3/><D40/><U37/><E112/><V76/><F76/><W132/><G104/><T108/><D108/><U26/><E114/><V62/><F62/><W63/><G132/><T96/><D11/><AGARI ba="1,1" hai="4,11,15,22,27,31,38,42,46,48,51,93,97,102" machi="11" ten="40,3900,0" yaku="1,1,52,1,53,0" doraHai="41" doraHaiUra="52" who="2" fromWho="0" sc="224,-42,267,0,354,52,145,0" /><INIT seed="2,2,0,5,0,77" ten="182,267,406,145" oya="2" hai0="134,92,111,91,57,113,63,129,110,105,86,23,14" hai1="90,109,62,107,88,38,54,60,29,73,99,46,68" hai2="87,32,11,55,78,135,118,125,13,22,133,115,33" hai3="58,108,66,7,48,64,16,59,21,71,5,8,43"/><V79/><F118/><W114/><G108/><N who="0" m="41515" /><D113/><U123/><E109/><V70/><F115/><W117/><G117/><T53/><D105/><U47/><E73/><V37/><F70/><W65/><G71/><T81/><D129/><U93/><E123/><V130/><F37/><W35/><G35/><T126/><D134/><N who="2" m="51210" /><F130/><W15/><G114/><T24/><D14/><U1/><E1/><V6/><F125/><W127/><G127/><T100/><D126/><U56/><E107/><V124/><F124/><W45/><REACH who="3" step="1"/><G7/><REACH who="3" ten="182,267,406,135" step="2"/><T106/><D106/><U3/><E68/><V9/><F33/><W120/><G120/><T94/><D100/><U131/><E131/><V44/><F32/><W97/><G97/><T121/><D121/><U104/><E99/><V50/><F22/><W39/><G39/><T82/><D94/><U67/><E46/><V25/><F25/><AGARI ba="2,1" hai="5,8,15,16,21,25,43,45,48,58,59,64,65,66" machi="25" ten="40,5200,0" yaku="1,1,8,1,54,1,53,0" doraHai="77" doraHaiUra="112" who="3" fromWho="2" sc="182,0,267,0,406,-58,135,68" /><INIT seed="3,0,0,0,5,39" ten="182,267,348,203" oya="3" hai0="15,8,46,65,95,19,43,109,118,133,32,72,54" hai1="44,12,41,57,53,125,63,25,98,97,90,36,128" hai2="101,82,9,5,27,116,48,75,129,70,119,51,13" hai3="1,122,85,0,73,14,61,111,105,124,79,66,114"/><W64/><G122/><T34/><D109/><U115/><E115/><V30/><F70/><W52/><G114/><T106/><D133/><U28/><E125/><V87/><F75/><W45/><G124/><T94/><D118/><U24/><E128/><V2/><F2/><W4/><G73/><T37/><D106/><U102/><E12/><V80/><F101/><W104/><G111/><T17/><D72/><U40/><E40/><V21/><F129/><W76/><G14/><T56/><D65/><U123/><E123/><V84/><F119/><W135/><G85/><N who="2" m="32841" /><F116/><W86/><G86/><T93/><REACH who="0" step="1"/><D19/><REACH who="0" ten="172,267,348,203" step="2"/><U47/><E28/><V117/><F117/><W55/><G135/><T120/><D120/><U108/><E108/><V60/><F82/><W92/><G105/><T38/><D38/><U78/><E36/><V132/><F80/><W71/><G104/><T31/><D31/><U10/><E78/><V100/><F132/><W77/><G66/><T3/><D3/><U103/><E24/><V18/><F30/><W130/><G130/><T62/><AGARI ba="0,1" hai="8,15,17,32,34,37,43,46,54,56,62,93,94,95" machi="62" ten="30,4000,0" yaku="1,1,0,1,52,1,53,0" doraHai="39" doraHaiUra="33" who="0" fromWho="0" sc="172,50,267,-10,348,-10,203,-20" /><INIT seed="4,0,0,3,2,4" ten="222,257,338,183" oya="0" hai0="104,35,114,74,118,6,46,133,100,119,32,105,62" hai1="8,58,83,116,45,23,64,18,11,135,7,15,48" hai2="110,40,88,49,132,68,86,79,47,63,42,134,19" hai3="36,59,30,128,2,72,97,27,102,95,99,39,77"/><T55/><D74/><U89/><E116/><V82/><F110/><W122/><G2/><T0/><D114/><U65/><E135/><N who="2" m="51755" /><F40/><W126/><G126/><T71/><D133/><U69/><E69/><V53/><F68/><W24/><G128/><T60/><D46/><U21/><E58/><N who="2" m="35279" /><F19/><W111/><G122/><T121/><D55/><N who="1" m="30095" /><E23/><V38/><F79/><W66/><G111/><T57/><D57/><U87/><E21/><V50/><AGARI ba="0,0" hai="38,42,47,49,50,82,86,88" m="35279,51755" machi="50" ten="30,2000,0" yaku="20,1,54,1" doraHai="4" who="2" fromWho="2" sc="222,-10,257,-5,338,20,183,-5" /><INIT seed="5,0,0,1,4,110" ten="212,252,358,178" oya="1" hai0="5,2,27,117,53,1,58,7,3,88,62,32,49" hai1="74,52,16,116,107,96,127,56,30,11,119,22,6" hai2="0,39,106,85,112,57,36,83,55,90,48,37,73" hai3="18,19,82,125,15,93,61,12,108,89,21,9,132"/><U115/><E74/><V102/><F0/><W14/><G108/><T123/><D117/><U50/><E30/><V86/><F73/><W69/><G125/><T51/><D123/><U101/><E127/><V72/><F72/><W94/><G132/><T28/><D51/><U71/><E71/><V42/><F42/><W129/><G129/><T122/><D122/><U67/><E67/><V113/><F106/><W104/><G104/><T64/><REACH who="0" step="1"/><D88/><REACH who="0" ten="202,252,358,178" step="2"/><U99/><E99/><V38/><F38/><W20/><G61/><T77/><D77/><U87/><E87/><N who="2" m="50559" /><F102/><W31/><G69/><AGARI ba="0,1" hai="1,2,3,5,7,27,28,32,49,53,58,62,64,69" machi="69" ten="40,2600,0" yaku="1,1,53,1" doraHai="110" doraHaiUra="46" who="0" fromWho="3" sc="202,36,252,0,358,0,178,-26" /><INIT seed="6,0,0,5,2,110" ten="238,252,358,152" oya="2" hai0="122,2,24,54,21,44,50,28,14,22,7,71,36" hai1="40,84,80,60,101,9,76,123,135,49,126,64,116" hai2="125,39,99,46,104,119,25,57,16,33,56,111,32" hai3="48,78,61,65,75,68,1,74,81,86,11,73,42"/><V113/><F119/><W129/><G129/><T114/><D122/><U91/><E116/><V31/><F111/><W82/><G1/><T131/><D131/><U58/><E126/><V6/><F6/><W10/><G42/><T3/><D71/><U38/><E38/><V67/><F125/><W109/><G109/><T112/><D36/><U62/><E135/><V90/><F33/><W133/><G133/><T29/><D7/><U95/><E123/><V70/><F70/><W4/><G48/><T23/><D14/><U41/><E101/><V15/><F67/><W94/><G94/><T63/><D63/><U53/><E9/><V35/><F35/><W18/><G18/><T103/><D103/><U132/><E62/><V37/><F37/><W92/><G92/><T27/><D23/><U77/><E77/><V121/><F121/><W5/><G11/><T134/><D134/><U0/><E0/><AGARI ba="0,0" hai="0,2,3,21,22,24,27,28,29,44,50,54,112,114" machi="0" ten="40,5200,0" yaku="9,1,52,2" doraHai="110" who="0" fromWho="1" sc="238,52,252,-52,358,0,152,0" /><INIT seed="7,0,0,3,2,112" ten="290,200,358,152" oya="3" hai0="116,87,36,109,89,123,17,38,1,107,29,25,125" hai1="56,85,84,48,40,58,88,26,114,42,108,119,81" hai2="99,59,74,67,13,64,57,19,96,16,126,92,5" hai3="105,60,6,30,73,0,83,18,69,104,62,28,68"/><W120/><G120/><T41/><D123/><U77/><E108/><V51/><F74/><W33/><G18/><N who="2" m="6697" /><F126/><W117/><G117/><T122/><D122/><U103/><E103/><N who="2" m="60807" /><F99/><W21/><G21/><T71/><D109/><U10/><E114/><V76/><F76/><N who="3" m="44431" /><G62/><T133/><D41/><U134/><E134/><V34/><F34/><W4/><G4/><T132/><D1/><U79/><E26/><V52/><F59/><W97/><G60/><T43/><D107/><N who="3" m="41033" /><G97/><T66/><D43/><U115/><E115/><V129/><F129/><W44/><G44/><T121/><D121/><U95/><E119/><V65/><F13/><W106/><N who="3" m="41041" /><W27/><DORA hai="98" /><G28/><T20/><D116/><U124/><E42/><V63/><F63/><W86/><G86/><T130/><D29/><U35/><E35/><V127/><F127/><W50/><G50/><T101/><D125/><U45/><E124/><V78/><F5/><W15/><G15/><T75/><D38/><U113/><E113/><V37/><F37/><W8/><AGARI ba="0,0" hai="0,6,8,27,30,33,68,69" m="41041,44431" machi="8" ten="40,3900,0" yaku="33,2" doraHai="112,98" who="3" fromWho="3" sc="290,-13,200,-13,358,-13,152,39" /><INIT seed="7,1,0,5,3,121" ten="277,187,345,191" oya="3" hai0="84,68,37,107,132,36,80,133,99,108,39,47,127" hai1="104,75,3,38,20,50,124,29,9,91,60,42,45" hai2="98,53,44,112,22,82,130,7,92,2,78,135,110" hai3="25,58,72,6,76,14,55,54,126,102,131,33,18"/><W122/><G122/><T114/><D68/><U21/><E104/><V70/><F70/><W16/><G131/><T128/><D128/><U83/><E124/><V32/><F130/><W56/><G126/><T57/><D127/><U12/><E3/><V35/><F135/><N who="0" m="51786" /><D57/><N who="3" m="22121" /><G72/><T62/><D62/><U129/><E38/><V64/><F64/><W97/><G33/><T13/><D13/><U61/><E75/><V27/><F7/><W41/><G41/><T49/><D114/><U69/><E69/><V117/><F112/><W95/><G76/><N who="0" m="46087" /><D99/><U123/><E123/><V48/><F2/><W59/><G59/><T19/><D19/><N who="3" m="7209" /><G25/><T43/><D107/><U101/><E129/><V1/><F1/><W88/><G102/><T134/><D134/><U0/><E101/><V52/><F27/><W86/><G97/><T51/><D51/><U120/><E0/><V66/><F48/><W30/><G30/><T125/><D125/><U113/><E113/><V106/><F98/><W24/><G24/><T34/><D34/><U118/><E118/><V40/><F106/><W89/><G89/><T90/><D90/><U85/><E120/><V73/><F35/><W46/><G46/><T94/><D36/><U31/><E61/><V105/><F32/><W5/><G14/><T67/><D37/><U26/><E60/><V100/><F105/><W4/><AGARI ba="1,0" hai="4,5,6,54,55,86,88,95" m="7209,22121" machi="4" ten="30,6000,0" yaku="8,1,54,2" doraHai="121" who="3" fromWho="3" sc="277,-21,187,-21,345,-21,191,63" /><INIT seed="7,2,0,0,5,129" ten="256,166,324,254" oya="3" hai0="96,41,44,135,49,122,4,42,125,92,3,118,98" hai1="109,70,20,72,97,61,46,80,71,73,114,55,33" hai2="112,103,66,58,17,113,11,82,8,32,39,15,88" hai3="69,76,91,0,38,9,27,5,75,107,45,56,74"/><W22/><G69/><T93/><D118/><U64/><E33/><V115/><F32/><W77/><G107/><T26/><D122/><U94/><E109/><V47/><F103/><W40/><G77/><T111/><D111/><U59/><E114/><V23/><F39/><W65/><G91/><N who="0" m="55327" /><D3/><U89/><E80/><V7/><F47/><W13/><G13/><T52/><D4/><U31/><E46/><V131/><F131/><W36/><G36/><T34/><D34/><U57/><E72/><V124/><F124/><W68/><G68/><T106/><D106/><U37/><E37/><V16/><F17/><W48/><G76/><T63/><D125/><U79/><E79/><V127/><F127/><W134/><G74/><T24/><D135/><U119/><E73/><V100/><F100/><W35/><G134/><T43/><D63/><U18/><E31/><V28/><F28/><W90/><G75/><T102/><AGARI ba="2,0" hai="24,26,41,42,43,44,49,52,93,98,102" m="55327" machi="102" ten="30,2000,0" yaku="8,1,54,1" doraHai="129" who="0" fromWho="0" sc="256,26,166,-7,324,-7,254,-12" owari="282,8.0,159,-34.0,317,42.0,242,-16.0" /></mjloggm>