<mjloggm ver="2.3"><GO type="169" lobby="0"/><UN n0="%E3%83%88%E3%83%88%E3%83%AA%E5%85%88%E7%94%9F%31%39%E6%AD%B3" n1="%E3%83%90%E3%82%A4%E3%82%A2%E3%83%A9%E3%83%B3" n2="%E3%82%8A%E3%82%85%E3%81%85" n3="%E6%9F%9A%E6%AF%94%E6%A5%93%E4%BB%81" dan="18,17,17,17" rate="2201.01,2179.58,2149.68,2113.50" sx="F,M,M,M"/><TAIKYOKU oya="0"/><INIT seed="0,0,0,2,3,51" ten="250,250,250,250" oya="0" hai0="115,7,50,3,29,23,14,22,81,108,2,95,57" hai1="16,60,15,61,28,80,1,72,31,40,96,109,106" hai2="83,64,92,123,86,49,118,70,88,45,132,82,119" hai3="25,46,12,9,6,110,127,30,74,107,34,93,18"/><T44/><D115/><U87/><E109/><V99/><F123/><W94/><G107/><T11/><D108/><U54/><E1/><V128/><F128/><W53/><G110/><T55/><D95/><U20/><E72/><V129/><F129/><W5/><G74/><T78/><D29/><N who="1" m="11339" /><E106/><V121/><F121/><W67/><G67/><T77/><D2/><U84/><E96/><V42/><F132/><W36/><G127/><T37/><D78/><N who="1" m="46103" /><E40/><V8/><F8/><W17/><G36/><T63/><D14/><U125/><E125/><V114/><F114/><W117/><G117/><N who="2" m="44553" /><F86/><W43/><G43/><T75/><REACH who="0" step="1"/><D37/><REACH who="0" ten="240,250,250,250" step="2"/><U79/><E79/><V89/><F89/><W98/><G94/><T130/><D130/><U131/><E131/><V97/><F97/><W32/><G32/><T76/><D76/><U58/><E87/><V65/><F70/><W124/><G124/><T134/><D134/><U69/><E69/><V21/><F82/><W47/><G98/><T91/><D91/><U52/><E61/><V103/><F83/><W13/><G93/><T85/><D85/><U133/><E133/><V100/><F100/><W24/><G13/><T38/><D38/><U10/><E10/><V105/><F103/><W112/><G112/><T73/><D73/><U66/><AGARI ba="0,1" hai="15,16,20,52,54,58,60,66" m="46103,11339" machi="66" ten="30,8000,1" yaku="8,1,52,2,54,2" doraHai="51" who="1" fromWho="1" sc="240,-40,250,90,250,-20,250,-20" /><INIT seed="1,0,0,3,5,100" ten="200,340,230,230" oya="1" hai0="25,86,64,9,88,20,30,39,96,68,38,41,128" hai1="57,114,77,16,48,24,126,27,131,90,56,36,133" hai2="40,50,4,32,67,112,83,73,10,127,8,26,95" hai3="120,106,121,70,17,132,94,28,6,61,74,53,14"/><U91/><E114/><V54/><F112/><W45/><G106/><T97/><D128/><U129/><E36/><V103/><F127/><W47/><G74/><T76/><D76/><U111/><E77/><V105/><F40/><W29/><G6/><T11/><D64/><U92/><E126/><V113/><F113/><W134/><G94/><T59/><D68/><U89/><E92/><V51/><F95/><W21/><G70/><T104/><D59/><N who="1" m="22603" /><E48/><V33/><F67/><W42/><G61/><T78/><D78/><U80/><E80/><V35/><F26/><N who="1" m="9769" /><E133/><V99/><F83/><W79/><G79/><T22/><D41/><U5/><E5/><V75/><F51/><N who="3" m="28927" /><G132/><T118/><D118/><U72/><E72/><V44/><REACH who="2" step="1"/><F10/><REACH who="2" ten="200,340,220,230" step="2"/><W123/><G134/><T109/><D11/><U81/><E81/><V60/><F60/><W110/><G123/><T37/><D9/><U87/><E87/><V108/><F108/><W63/><G63/><T43/><D109/><U115/><E111/><V0/><AGARI ba="0,1" hai="0,4,8,32,33,35,44,50,54,73,75,99,103,105" machi="0" ten="30,7900,0" yaku="1,1,0,1,52,1,53,1" doraHai="100" doraHaiUra="101" who="2" fromWho="2" sc="200,-20,340,-39,220,89,230,-20" /><INIT seed="2,0,0,2,1,117" ten="180,301,309,210" oya="2" hai0="130,69,107,47,92,129,34,56,58,28,46,35,88" hai1="77,9,90,108,49,4,86,73,70,103,25,78,21" hai2="93,75,30,29,134,113,125,122,17,85,80,15,51" hai3="83,18,5,44,26,6,32,126,120,65,48,71,39"/><V62/><F113/><W72/><G39/><T31/><D69/><U37/><E108/><V84/><F134/><W3/><G126/><T27/><D107/><U87/><E37/><V91/><F125/><W94/><G120/><T112/><D112/><U133/><E73/><V23/><F75/><W116/><G116/><T36/><D36/><U8/><E70/><V0/><F0/><W131/><G131/><N who="0" m="50187" /><D31/><U98/><E87/><V63/><F122/><W66/><G94/><T109/><D35/><U104/><E49/><V40/><F62/><W76/><G3/><T79/><D79/><U105/><E105/><V89/><REACH who="2" step="1"/><F63/><REACH who="2" ten="180,301,299,210" step="2"/><W95/><G72/><T100/><D109/><U102/><E133/><V52/><F52/><W22/><G71/><T7/><D100/><U60/><E103/><V82/><F82/><W33/><G83/><T111/><D111/><U10/><E60/><V123/><F123/><W96/><G66/><T110/><D110/><U14/><E102/><V127/><F127/><W13/><G65/><T11/><D58/><U128/><E128/><V20/><F20/><W16/><G32/><T64/><D56/><U45/><E21/><V101/><F101/><N who="3" m="60575" /><G33/><T97/><D64/><U67/><E67/><V135/><F135/><W41/><G76/><T68/><D68/><U99/><E78/><V2/><F2/><AGARI ba="0,1" hai="2,7,11,27,28,34,46,47,88,92,97" m="50187" machi="2" ten="30,2000,0" yaku="19,1,54,1" doraHai="117" who="0" fromWho="2" sc="180,30,301,0,299,-20,210,0" /><INIT seed="3,0,0,1,4,42" ten="210,301,279,210" oya="3" hai0="82,112,108,26,15,107,0,54,109,17,66,68,126" hai1="93,67,62,101,124,29,115,83,80,135,53,11,103" hai2="37,118,59,72,20,97,44,40,110,32,84,35,61" hai3="6,1,120,63,46,133,45,77,23,13,69,117,8"/><W4/><G120/><T12/><D0/><U76/><E135/><V122/><F72/><W56/><G117/><T55/><D107/><U39/><E124/><V85/><F118/><W111/><G133/><T86/><D126/><U38/><E80/><V48/><F110/><W57/><G111/><T113/><D26/><U50/><E29/><V90/><F122/><W5/><G69/><T81/><D66/><U74/><E11/><V27/><F37/><W10/><G77/><T131/><D86/><U91/><E39/><V33/><F97/><W134/><G134/><T49/><D49/><U21/><E38/><V96/><F96/><W36/><G36/><T18/><REACH who="0" step="1"/><D68/><REACH who="0" ten="200,301,279,210" step="2"/><U70/><E67/><V129/><F129/><AGARI ba="0,1" hai="12,15,17,18,54,55,81,82,108,109,112,113,129,131" machi="129" ten="25,6400,0" yaku="1,1,2,1,22,2,53,0" doraHai="42" doraHaiUra="71" who="0" fromWho="2" sc="200,74,301,0,279,-64,210,0" /><INIT seed="4,0,0,2,4,1" ten="274,301,215,210" oya="0" hai0="83,9,96,42,35,99,87,89,67,54,135,15,5" hai1="36,128,23,103,34,8,133,37,132,125,95,32,58" hai2="22,81,70,26,94,122,24,12,111,117,40,114,33" hai3="4,28,106,27,10,44,31,60,47,76,85,105,92"/><T104/><D35/><U115/><E103/><V113/><F70/><W97/><G60/><T108/><D135/><U17/><E95/><V59/><F40/><W62/><G62/><T29/><D29/><U48/><E37/><V13/><F81/><W109/><G109/><T39/><D108/><U131/><E36/><V63/><F111/><W88/><G31/><T130/><D130/><N who="1" m="49707" /><E48/><V30/><F94/><W98/><G98/><T123/><D123/><U56/><E58/><V78/><F78/><W71/><G71/><T127/><D127/><U7/><E56/><V107/><F107/><W75/><G75/><T68/><D54/><U91/><E91/><V82/><F82/><W2/><G76/><T101/><D99/><U41/><E41/><V112/><F122/><W6/><G6/><T119/><D68/><U110/><E110/><V69/><F69/><W57/><G57/><T121/><D121/><U72/><E72/><V74/><F74/><W65/><G65/><T25/><D67/><U51/><E51/><V84/><F84/><W52/><G52/><T118/><REACH who="0" step="1"/><D25/><REACH who="0" ten="264,301,215,210" step="2"/><N who="1" m="14575" /><E125/><V21/><F33/><N who="1" m="12905" /><E115/><V102/><F112/><W66/><G66/><T93/><D93/><U0/><AGARI ba="0,1" hai="0,7,8,132,133" m="12905,14575,49707" machi="0" ten="40,8000,1" yaku="19,1,34,2,52,1" doraHai="1" who="1" fromWho="1" sc="264,-40,301,90,215,-20,210,-20" /><INIT seed="5,0,0,5,5,38" ten="224,391,195,190" oya="1" hai0="122,74,67,33,22,16,81,99,37,52,18,129,114" hai1="75,109,41,90,123,13,94,20,79,102,14,70,125" hai2="63,72,89,113,46,64,71,128,35,77,69,104,98" hai3="132,83,135,45,84,119,34,44,1,96,107,92,6"/><U78/><E70/><V5/><F128/><W118/><G34/><T115/><D33/><U27/><E125/><V61/><F113/><N who="0" m="43018" /><D129/><U133/><E133/><N who="3" m="51274" /><G6/><T82/><D122/><U66/><E66/><V112/><F112/><W0/><G107/><T126/><D126/><U56/><E102/><N who="2" m="62551" /><F89/><N who="3" m="55311" /><G45/><T108/><D108/><U120/><E56/><V134/><F134/><W117/><G44/><T73/><D67/><U48/><E109/><V49/><F5/><W124/><G124/><T3/><D3/><U68/><E68/><V131/><F69/><W26/><G26/><N who="0" m="14663" /><D37/><U103/><E120/><V55/><F71/><W116/><N who="3" m="29696" /><DORA hai="121" /><W93/><G93/><T40/><D99/><U50/><E123/><V54/><F35/><W100/><G100/><T111/><D111/><U19/><E103/><V88/><F131/><W24/><G24/><T39/><D39/><U97/><E27/><V62/><F46/><W76/><AGARI ba="0,0" hai="0,1,76,83,84" m="29696,55311,51274" machi="76" ten="60,4000,0" yaku="20,1,12,1" doraHai="38,121" who="3" fromWho="3" sc="224,-10,391,-20,195,-10,190,40" /><INIT seed="6,0,0,2,0,44" ten="214,371,185,230" oya="2" hai0="42,109,126,8,123,86,102,100,90,53,0,67,110" hai1="111,56,22,29,23,108,72,36,45,80,85,33,120" hai2="52,16,41,98,96,3,28,104,89,32,47,51,46" hai3="125,54,2,6,43,116,114,19,99,94,13,30,21"/><V107/><F3/><W48/><G116/><T64/><D123/><U1/><E1/><V10/><F32/><W20/><G125/><T37/><D126/><U73/><E120/><V121/><F121/><W59/><G114/><T75/><D75/><U35/><E45/><V57/><F28/><W61/><G2/><T84/><D42/><U66/><E56/><V49/><F57/><W17/><G6/><T117/><D37/><U83/><E85/><V76/><F76/><W4/><G4/><T63/><D117/><U134/><E66/><V97/><REACH who="2" step="1"/><F89/><REACH who="2" ten="214,371,175,230" step="2"/><W14/><G30/><T40/><D90/><U25/><E29/><V130/><F130/><W103/><REACH who="3" step="1"/><G43/><REACH who="3" ten="214,371,175,220" step="2"/><T112/><D40/><U82/><E33/><V93/><F93/><W58/><G58/><T15/><D0/><U70/><E35/><V9/><F9/><W105/><G105/><T78/><D8/><U55/><E23/><V128/><F128/><W5/><G5/><T69/><D112/><U26/><E22/><V88/><F88/><W77/><G77/><T115/><D78/><U133/><E82/><V87/><F87/><W24/><G24/><T131/><D115/><U39/><E83/><V11/><F11/><W124/><G124/><T79/><D131/><U122/><E80/><V132/><F132/><W113/><G113/><T74/><D79/><U95/><E122/><V91/><F91/><W101/><G101/><T7/><D84/><U71/><E95/><V106/><F106/><W38/><G38/><T12/><D86/><U65/><E39/><V31/><F31/><W119/><G119/><RYUUKYOKU ba="0,2" sc="214,-15,371,-15,175,15,220,15" hai2="10,16,41,46,47,49,51,52,96,97,98,104,107" hai3="13,14,17,19,20,21,48,54,59,61,94,99,103" /><INIT seed="6,1,2,0,4,10" ten="199,356,190,235" oya="2" hai0="74,0,132,53,134,129,130,110,38,72,29,84,131" hai1="90,21,45,75,119,15,4,101,54,73,128,65,83" hai2="64,20,102,7,81,44,11,79,82,5,23,61,36" hai3="42,122,66,133,70,8,52,16,69,89,9,126,117"/><V12/><F102/><W107/><G122/><T104/><D110/><U109/><E128/><V56/><F7/><W3/><G107/><T31/><D104/><U93/><E65/><V76/><F36/><W68/><G117/><T18/><D38/><U13/><E101/><V37/><F37/><W125/><G42/><T120/><D120/><U46/><E75/><N who="0" m="28713" /><D0/><U92/><E119/><V6/><F6/><W113/><G133/><N who="0" m="51307" /><D53/><U116/><E73/><V47/><F81/><W27/><G3/><T59/><D59/><U39/><E39/><V22/><REACH who="2" step="1"/><F82/><REACH who="2" ten="199,356,180,235" step="2"/><W17/><G125/><T55/><D55/><U57/><E83/><V86/><F86/><W127/><G52/><T50/><D84/><U30/><E54/><V121/><F121/><W111/><G127/><T106/><D106/><U112/><E116/><V135/><F135/><W24/><G126/><T34/><D50/><U94/><E4/><V118/><F118/><W51/><G51/><T25/><D34/><U114/><E109/><V60/><F60/><W26/><G111/><T103/><D103/><U99/><E99/><V98/><F98/><W41/><G41/><T67/><D67/><U48/><E48/><V62/><F62/><W95/><G66/><T33/><D33/><U43/><E43/><V2/><F2/><W123/><G123/><T88/><D88/><U124/><E90/><V35/><F35/><W49/><G49/><T28/><D130/><U115/><E124/><V63/><F63/><W96/><G89/><T100/><D100/><U80/><E80/><V78/><AGARI ba="1,3" hai="5,11,12,20,22,23,44,47,56,61,64,76,78,79" machi="78" ten="30,11700,0" yaku="1,1,0,1,8,1,52,1,53,0" doraHai="10" doraHaiUra="105" who="2" fromWho="2" sc="199,-40,356,-40,180,150,235,-40" /><INIT seed="6,2,0,4,0,122" ten="159,316,330,195" oya="2" hai0="16,9,77,111,110,6,17,129,106,124,68,0,59" hai1="47,85,27,74,63,45,43,51,19,53,49,56,18" hai2="121,32,7,86,20,128,71,62,105,70,54,8,57" hai3="72,73,52,123,103,118,133,67,131,66,24,101,135"/><V60/><F32/><W79/><G123/><T40/><D68/><U69/><E74/><N who="3" m="28778" /><G118/><T58/><D106/><U65/><E27/><V83/><F121/><W35/><G79/><T75/><D129/><U30/><E30/><V130/><F105/><W82/><G82/><N who="0" m="45375" /><D59/><U10/><E10/><V4/><F20/><W109/><G109/><N who="0" m="41483" /><D58/><U99/><E99/><V114/><F7/><W48/><G131/><N who="2" m="50217" /><F114/><W26/><G67/><T127/><D40/><N who="1" m="24743" /><E85/><V3/><F62/><W55/><G66/><T100/><D100/><N who="3" m="38473" /><G35/><T95/><D95/><U31/><E69/><V134/><F134/><N who="3" m="51211" /><G55/><T76/><D76/><AGARI ba="2,0" hai="3,4,8,54,57,60,70,71,76,83,86" m="50217" machi="76" ten="30,1500,0" yaku="19,1" doraHai="122" who="2" fromWho="0" sc="159,-21,316,0,330,21,195,0" /><INIT seed="6,3,0,0,5,127" ten="138,316,351,195" oya="2" hai0="59,82,60,2,20,11,28,117,118,84,4,87,48" hai1="119,61,9,132,13,68,109,104,63,120,69,46,50" hai2="96,110,76,57,62,30,72,83,12,86,113,74,114" hai3="75,111,51,10,131,106,64,105,38,40,73,116,27"/><V17/><F30/><W56/><G111/><T115/><D115/><N who="2" m="44042" /><F96/><W90/><G90/><T52/><D28/><U34/><E34/><V124/><F124/><W129/><G116/><T101/><D20/><U37/><E104/><N who="3" m="40042" /><G27/><T35/><D35/><U78/><E132/><V97/><F97/><W71/><G10/><T95/><D101/><U91/><E109/><V22/><F110/><W102/><G102/><T81/><D95/><U36/><E120/><V18/><F18/><W1/><G1/><T23/><D23/><U42/><E78/><V26/><F26/><W85/><G85/><T58/><D84/><U25/><E25/><V54/><AGARI ba="3,0" hai="12,17,22,54,57,62,72,74,76,83,86" m="44042" machi="54" ten="30,1500,0" yaku="15,1" doraHai="127" who="2" fromWho="2" sc="138,-8,316,-8,351,24,195,-8" /><INIT seed="6,4,0,1,5,112" ten="130,308,375,187" oya="2" hai0="3,80,50,56,97,22,108,54,67,125,24,41,88" hai1="61,46,8,101,78,118,71,6,135,42,79,19,76" hai2="77,127,93,131,31,12,72,30,2,74,84,5,116" hai3="34,16,68,111,81,15,132,103,87,0,23,105,91"/><V39/><F116/><W119/><G111/><T27/><D108/><U52/><E135/><V64/><F2/><W49/><G132/><T32/><D3/><U63/><E118/><V33/><F39/><W28/><G119/><T69/><D125/><U85/><E101/><V114/><F64/><W134/><G134/><T66/><D32/><U21/><E71/><V14/><F33/><W82/><G68/><T55/><D41/><U133/><E85/><V1/><F1/><W123/><G123/><T47/><D69/><U11/><E42/><V59/><F59/><W65/><G65/><T100/><D27/><N who="1" m="14783" /><E133/><V45/><F84/><W35/><G0/><T7/><D7/><U62/><E6/><V17/><F17/><W26/><G49/><AGARI ba="4,0" hai="8,11,46,49,52,61,62,63,76,78,79" m="14783" machi="49" ten="30,2000,0" yaku="8,1,54,1" doraHai="112" who="1" fromWho="3" sc="130,0,308,32,375,0,187,-32" /><INIT seed="7,0,0,2,4,85" ten="130,340,375,155" oya="3" hai0="63,71,48,98,132,102,44,40,8,5,135,37,16" hai1="94,87,107,90,117,77,21,49,55,15,43,19,57" hai2="133,78,112,122,46,60,76,33,116,24,30,72,39" hai3="121,80,109,108,119,88,3,91,26,20,99,83,101"/><W104/><G3/><T75/><D75/><U34/><E34/><V124/><F116/><W131/><G121/><T6/><D37/><U38/><E117/><V42/><F122/><W29/><G119/><T41/><D41/><U110/><E110/><N who="3" m="42602" /><G131/><T126/><D126/><U125/><E125/><V25/><F124/><W79/><G83/><T50/><D50/><U103/><E77/><V56/><F112/><W95/><G104/><N who="0" m="63575" /><D63/><U66/><E66/><V68/><F133/><N who="0" m="51274" /><D71/><U73/><E73/><AGARI ba="0,0" hai="20,26,29,73,79,80,88,91,95,99,101" m="42602" machi="73" ten="30,11600,0" yaku="10,1,52,2,54,1" doraHai="85" who="3" fromWho="1" sc="130,0,340,-116,375,0,155,116" /><INIT seed="7,1,0,5,1,35" ten="130,224,375,271" oya="3" hai0="60,105,117,16,39,4,36,133,95,75,48,100,64" hai1="71,5,89,8,62,67,2,126,23,70,61,58,74" hai2="17,24,57,45,1,69,124,13,49,119,115,120,94" hai3="88,98,9,28,99,86,40,132,65,77,79,46,63"/><W72/><G132/><T21/><D117/><U121/><E121/><V26/><F1/><W52/><G28/><T109/><D109/><U81/><E126/><V12/><F69/><W134/><G134/><T32/><D133/><U59/><E23/><N who="2" m="11695" /><F119/><W135/><G135/><T34/><D75/><U123/><E123/><V25/><F124/><W43/><G9/><T129/><D105/><U91/><E91/><V130/><F120/><W118/><G118/><T113/><D129/><U30/><E30/><V125/><F125/><W73/><G73/><T112/><D48/><U107/><E107/><V97/><F115/><N who="0" m="44106" /><D100/><U106/><E106/><V0/><F0/><W103/><G99/><T104/><D104/><U22/><E22/><V33/><F33/><N who="0" m="12906" /><D60/><U131/><E62/><V82/><F49/><W116/><G72/><T38/><D64/><U87/><E74/><V80/><F57/><W111/><G63/><T90/><D4/><U44/><E131/><V51/><F51/><W83/><G65/><T101/><D101/><U37/><E61/><V10/><F45/><W76/><G46/><T102/><D102/><U127/><E5/><N who="2" m="3151" /><F130/><W11/><G103/><AGARI ba="1,0" hai="24,25,26,80,82,94,97,103" m="3151,11695" machi="103" ten="30,1000,0" yaku="8,1" doraHai="35" who="2" fromWho="3" sc="130,0,224,0,375,13,271,-13" owari="130,-37.0,224,-18.0,388,49.0,258,6.0" /></mjloggm>