<mjloggm ver="2.3"><GO type="233" lobby="0"/><UN n0="%72%61%74%74%61%74%74%61" n1="%6E%61%6B%61%6A%75%75%6E" n2="%E3%82%A6%E3%83%AB%E3%83%88%E3%83%A9%E7%AB%8B%E7%9B%B4" n3="%E3%83%98%E3%82%AF%E3%82%B5%E3%83%BC" dan="18,17,18,16" rate="2189.67,2214.93,2179.48,2120.89" sx="M,M,M,M"/><TAIKYOKU oya="0"/><INIT seed="0,0,0,0,2,30" ten="250,250,250,250" oya="0" hai0="108,50,84,90,107,28,114,35,52,76,131,4,101" hai1="135,129,71,9,99,89,110,59,83,65,8,33,103" hai2="36,81,111,6,57,132,109,116,121,44,39,42,98" hai3="60,113,79,31,91,53,54,23,94,77,32,45,130"/><T14/><D114/><U95/><E110/><V11/><F121/><W47/><G113/><T128/><D76/><N who="3" m="29257" /><G32/><T43/><D43/><U58/><E129/><N who="0" m="49737" /><D108/><U69/><E135/><V26/><F81/><W85/><G130/><T1/><D1/><U118/><E118/><V24/><F39/><W15/><G60/><T17/><D4/><U20/><E33/><V46/><F132/><W106/><G106/><T3/><D3/><U133/><E133/><V2/><F116/><W51/><G15/><T13/><D101/><U117/><E117/><V96/><F46/><N who="3" m="27895" /><G54/><T124/><D107/><U0/><E59/><V7/><F7/><W48/><G48/><T16/><D124/><U22/><E0/><V86/><F57/><W37/><G37/><T56/><D14/><U5/><E69/><V82/><F111/><W122/><G122/><T66/><D66/><U126/><E71/><V25/><REACH who="2" step="1"/><F109/><REACH who="2" ten="250,250,240,250" step="2"/><W102/><G45/><T12/><D12/><U27/><E126/><V78/><AGARI ba="0,1" hai="2,6,11,24,25,26,36,42,44,78,82,86,96,98" machi="78" ten="30,8000,1" yaku="1,1,2,1,0,1,53,2" doraHai="30" doraHaiUra="92" who="2" fromWho="2" sc="250,-40,250,-20,240,90,250,-20" /><INIT seed="1,0,0,3,1,61" ten="210,230,330,230" oya="1" hai0="82,91,132,135,102,81,5,53,119,34,11,29,48" hai1="51,80,114,117,108,67,107,90,20,55,72,79,38" hai2="10,95,83,60,103,16,84,54,78,57,122,73,111" hai3="46,3,133,14,92,41,22,7,71,35,85,39,36"/><U96/><E117/><V112/><F122/><W75/><G133/><T50/><D102/><U42/><E114/><V0/><F111/><W87/><G75/><T77/><D119/><U121/><E121/><V1/><F112/><W89/><G35/><T120/><D120/><U127/><E127/><V106/><F16/><W26/><G3/><T49/><D53/><U105/><E108/><V123/><F10/><W4/><G71/><T64/><D64/><U99/><E67/><V62/><F62/><W25/><G36/><T118/><D91/><U134/><E134/><N who="0" m="51241" /><D118/><U68/><E68/><V74/><F74/><W126/><G126/><T33/><D29/><U47/><E20/><V124/><F124/><W125/><G125/><T104/><D104/><U12/><E12/><V52/><F54/><W65/><G65/><T44/><D44/><U24/><E24/><V115/><F115/><W8/><G4/><T131/><D131/><U43/><E90/><N who="2" m="53703" /><F123/><W98/><REACH who="3" step="1"/><G26/><REACH who="3" ten="210,230,330,220" step="2"/><T56/><D34/><U32/><E32/><V63/><F1/><W76/><G76/><T116/><D77/><U93/><E38/><V100/><F78/><W58/><G58/><T113/><D33/><U45/><E79/><V37/><F57/><W6/><G6/><T94/><D116/><U13/><E72/><V88/><F73/><W27/><G27/><T97/><D56/><U19/><E45/><V30/><F0/><W9/><G9/><T109/><D113/><U28/><E47/><V18/><F37/><W101/><G101/><N who="0" m="60599" /><D109/><U40/><E13/><AGARI ba="0,1" hai="5,11,13,48,49,50,81,82" m="60599,51241" machi="13" ten="30,1000,0" yaku="20,1" doraHai="61" who="0" fromWho="1" sc="210,20,230,-10,330,0,220,0" /><INIT seed="2,0,0,1,5,24" ten="230,220,330,220" oya="2" hai0="89,12,14,111,121,129,135,33,85,103,94,79,120" hai1="92,2,100,72,126,68,95,18,86,70,78,61,30" hai2="131,35,117,10,27,83,106,60,22,81,41,62,1" hai3="47,109,87,128,26,127,3,134,116,119,29,4,36"/><V93/><F106/><W37/><G109/><T65/><D111/><U110/><E2/><V52/><F35/><W125/><G128/><T75/><D129/><U71/><E110/><V32/><F32/><W99/><G134/><T28/><D135/><U96/><E126/><N who="3" m="48138" /><G87/><T25/><D65/><U55/><E72/><V54/><F41/><N who="3" m="22951" /><G37/><T88/><D103/><U101/><E18/><V58/><F117/><W17/><G17/><T112/><D112/><U59/><E30/><V34/><F34/><N who="3" m="20791" /><G99/><T45/><D45/><U6/><E6/><V8/><F8/><AGARI ba="0,0" hai="3,4,8,116,119" m="20791,22951,48138" machi="8" ten="30,3900,0" yaku="18,1,23,1,52,1" doraHai="24" who="3" fromWho="2" sc="230,0,220,0,330,-39,220,39" /><INIT seed="3,0,0,3,3,133" ten="230,220,291,259" oya="3" hai0="51,77,88,24,46,28,11,70,131,113,71,129,91" hai1="98,44,120,66,30,62,12,41,104,40,100,126,81" hai2="93,50,86,76,14,78,10,60,72,45,27,39,9" hai3="22,7,1,59,108,49,123,132,65,130,111,47,6"/><W73/><G123/><T34/><D77/><U124/><E120/><V114/><F39/><W26/><G130/><N who="0" m="49675" /><D11/><U84/><E30/><V95/><F72/><W87/><G73/><T115/><D70/><U85/><E12/><V107/><F107/><W64/><G132/><T103/><D103/><U106/><E106/><V89/><F27/><W105/><G105/><T83/><D71/><U31/><E31/><V32/><F32/><W92/><G92/><T74/><D74/><U110/><E110/><N who="3" m="42026" /><G87/><N who="0" m="50303" /><D91/><U68/><E84/><V134/><F95/><W67/><G59/><T2/><D2/><U0/><E0/><V48/><F93/><W19/><G1/><T53/><AGARI ba="0,0" hai="24,28,34,46,51,53,113,115" m="50303,49675" machi="53" ten="30,2000,0" yaku="19,1,54,1" doraHai="133" who="0" fromWho="0" sc="230,20,220,-5,291,-5,259,-10" /><INIT seed="4,0,0,0,1,18" ten="250,215,286,249" oya="0" hai0="66,72,62,115,63,56,128,60,127,133,4,14,55" hai1="97,95,88,40,126,118,10,67,77,76,50,117,49" hai2="44,73,59,84,65,74,53,2,45,51,123,32,110" hai3="135,29,104,6,39,85,124,119,121,16,107,68,0"/><T78/><D72/><U11/><E126/><V34/><F2/><W108/><RYUUKYOKU type="yao9" ba="0,0" sc="250,0,215,0,286,0,249,0" hai3="0,6,16,29,39,68,85,104,107,108,119,121,124,135" /><INIT seed="4,1,0,4,0,90" ten="250,215,286,249" oya="0" hai0="46,121,32,92,58,55,122,81,54,134,57,20,104" hai1="6,10,102,68,48,109,64,89,103,52,18,2,106" hai2="13,133,45,112,69,23,73,53,31,100,50,0,119" hai3="66,36,83,38,113,43,8,98,4,11,41,39,114"/><T82/><D32/><U35/><E35/><V72/><F0/><W65/><G83/><T40/><D104/><U62/><E109/><V117/><F69/><W108/><G98/><T91/><D134/><U125/><E125/><V111/><F111/><W94/><G4/><T60/><D121/><U78/><E78/><V85/><F112/><N who="3" m="43115" /><G108/><T44/><D122/><U12/><E106/><V115/><F133/><W118/><G118/><T84/><D20/><U77/><E77/><V42/><F100/><W1/><G1/><T123/><D123/><U71/><E71/><V7/><F73/><W3/><G3/><T110/><D110/><U130/><E89/><V105/><F72/><W97/><G8/><T67/><D67/><N who="3" m="25609" /><G11/><T128/><D128/><U61/><E61/><V74/><F74/><W135/><G135/><T17/><D17/><U70/><E70/><V124/><F105/><W29/><G29/><T88/><D91/><AGARI ba="1,0" hai="36,38,39,41,43,91,94,97" m="25609,43115" machi="91" ten="40,2600,0" yaku="15,1,52,1" doraHai="90" who="3" fromWho="0" sc="250,-29,215,0,286,0,249,29" /><INIT seed="5,0,0,3,0,95" ten="221,215,286,278" oya="1" hai0="131,71,0,101,56,15,130,67,50,116,32,36,3" hai1="33,135,6,18,78,39,86,97,90,57,51,89,112" hai2="114,45,79,69,64,94,28,35,13,104,124,96,74" hai3="9,134,77,108,126,8,93,129,88,73,59,34,1"/><U47/><E33/><V117/><F117/><W24/><G108/><T100/><D36/><U21/><E112/><V118/><F118/><W98/><G134/><T122/><D32/><U16/><E39/><V61/><F94/><W109/><G109/><T106/><D71/><U66/><E6/><V113/><F13/><W52/><G129/><N who="0" m="49163" /><D116/><U76/><E135/><V68/><F45/><W23/><G126/><T7/><D122/><U26/><E18/><V82/><F69/><W102/><G34/><T14/><D7/><U83/><E90/><V48/><F48/><W19/><G1/><N who="0" m="587" /><D50/><U115/><E115/><V123/><F123/><W25/><G25/><T12/><D106/><U49/><E97/><V31/><F31/><W103/><G77/><N who="1" m="29802" /><E47/><V37/><F37/><W43/><G73/><T4/><D4/><U53/><E66/><V70/><F70/><W107/><G43/><T127/><D127/><U81/><E81/><V58/><F124/><W125/><G125/><T22/><D22/><U99/><E99/><V2/><F2/><W87/><G103/><T85/><D85/><U110/><E110/><V65/><F96/><W46/><G46/><T29/><D29/><U133/><E133/><V120/><F104/><W55/><G55/><T72/><D72/><U63/><AGARI ba="0,0" hai="16,21,26,49,51,53,57,63,83,86,89" m="29802" machi="63" ten="30,3000,0" yaku="8,1,54,1" doraHai="95" who="1" fromWho="1" sc="221,-10,215,30,286,-10,278,-10" /><INIT seed="5,1,0,2,5,43" ten="211,245,276,268" oya="1" hai0="74,96,101,60,85,78,28,50,2,135,95,66,71" hai1="92,36,109,80,19,56,126,63,9,52,106,31,54" hai2="13,94,111,76,93,73,107,130,121,30,34,58,67" hai3="68,51,46,105,104,108,132,122,102,81,131,125,134"/><U5/><E106/><V22/><F107/><W69/><G108/><T35/><D2/><U15/><E109/><V26/><F121/><W84/><G122/><T11/><D135/><N who="3" m="51753" /><G131/><T32/><D74/><U90/><E126/><V37/><F37/><W114/><G125/><T40/><D11/><U53/><E31/><V45/><F76/><N who="3" m="46119" /><G114/><T124/><D28/><U123/><E123/><V10/><F73/><W44/><G44/><T128/><D128/><U38/><E80/><V57/><F34/><W88/><G88/><T33/><D124/><U25/><E36/><V118/><F118/><W55/><G105/><T39/><D39/><U17/><E38/><V64/><F45/><W16/><G16/><N who="1" m="6218" /><E25/><V97/><F130/><W42/><G42/><T119/><D119/><U65/><E65/><N who="2" m="25163" /><F111/><W24/><G24/><T112/><D112/><U110/><E110/><V3/><F3/><W41/><G41/><T48/><REACH who="0" step="1"/><D40/><REACH who="0" ten="201,245,276,268" step="2"/><U127/><E127/><V49/><F30/><W115/><G115/><T7/><D7/><U8/><E8/><V120/><F10/><W23/><G23/><T77/><D77/><U87/><AGARI ba="1,1" hai="5,9,15,52,53,54,56,63,87,90,92" m="6218" machi="87" ten="30,6000,0" yaku="8,1,54,2" doraHai="43" who="1" fromWho="1" sc="201,-21,245,73,276,-21,268,-21" /><INIT seed="5,2,0,5,3,101" ten="180,318,255,247" oya="1" hai0="87,0,28,27,114,77,12,75,120,93,8,117,76" hai1="121,108,51,79,86,104,105,62,48,39,53,96,16" hai2="33,60,127,26,29,50,81,92,103,13,52,68,88" hai3="32,115,94,45,124,3,2,43,84,23,89,102,82"/><U35/><E39/><V17/><F127/><W71/><G124/><T24/><D117/><U123/><E35/><V130/><F130/><W67/><G115/><T112/><D0/><U110/><E62/><V126/><F126/><W73/><G32/><T36/><D36/><U42/><E42/><V56/><F81/><W58/><G71/><T122/><D75/><U61/><E61/><V19/><F103/><W34/><G34/><T95/><D8/><U46/><E96/><V69/><F60/><W80/><G58/><T25/><D12/><U128/><E16/><V63/><F19/><W134/><G67/><T14/><D14/><U125/><E125/><V100/><F100/><W64/><G64/><T15/><D15/><U47/><E128/><V6/><F63/><W57/><G134/><T65/><D65/><U55/><E86/><N who="2" m="52247" /><F6/><W1/><G73/><T97/><D28/><U72/><E72/><V74/><F74/><W59/><G102/><T37/><D37/><U11/><REACH who="1" step="1"/><E79/><REACH who="1" ten="180,308,255,247" step="2"/><N who="0" m="30281" /><D87/><U41/><E41/><V44/><F69/><W31/><G31/><T131/><D131/><U7/><E7/><V107/><F68/><W135/><G135/><T129/><D129/><U4/><E4/><V30/><F33/><W70/><G70/><T49/><D49/><U5/><E5/><V132/><F132/><W109/><G84/><T119/><D97/><U10/><AGARI ba="2,1" hai="10,11,46,47,48,51,53,55,104,105,108,110,121,123" machi="10" ten="25,18000,2" yaku="1,1,0,1,22,2,52,2,53,0" doraHai="101" doraHaiUra="111" who="1" fromWho="1" sc="180,-62,308,196,255,-62,247,-62" /><INIT seed="5,3,0,5,2,41" ten="118,504,193,185" oya="1" hai0="27,95,81,111,21,109,23,17,77,112,76,132,78" hai1="88,49,11,65,128,26,0,121,59,28,66,107,103" hai2="104,6,63,38,135,46,115,82,120,101,60,85,129" hai3="106,37,75,79,56,2,123,80,5,31,97,127,36"/><U44/><E121/><V45/><F120/><W10/><G123/><T90/><D112/><U8/><E128/><V4/><F38/><W86/><G127/><T119/><D119/><U58/><E107/><V73/><F73/><W15/><G31/><T12/><D132/><U69/><E103/><V96/><F135/><W102/><G56/><T43/><D43/><U7/><E11/><V92/><F104/><W108/><G108/><T13/><D81/><U98/><E66/><V91/><F129/><W51/><G51/><T133/><D133/><U67/><E67/><V94/><F94/><W100/><G100/><T39/><D39/><U54/><E98/><V62/><F115/><W32/><G32/><T83/><D83/><U105/><E105/><V84/><F84/><W130/><G130/><T71/><D71/><U122/><E122/><V40/><F40/><W9/><REACH who="3" step="1"/><G75/><REACH who="3" ten="118,504,193,175" step="2"/><T124/><D124/><U126/><E126/><V3/><F3/><W14/><G14/><T110/><REACH who="0" step="1"/><D23/><REACH who="0" ten="108,504,193,175" step="2"/><U22/><E69/><V52/><F52/><W99/><G99/><AGARI ba="3,2" hai="12,13,17,21,27,76,77,78,90,95,99,109,110,111" machi="99" ten="50,3200,0" yaku="1,1,2,1,53,0" doraHai="41" doraHaiUra="116" who="0" fromWho="3" sc="108,61,504,0,193,0,175,-41" /><INIT seed="6,0,0,5,3,25" ten="169,504,193,134" oya="2" hai0="43,134,1,101,113,126,109,75,130,19,111,8,80" hai1="0,45,129,117,118,14,106,82,35,38,133,83,60" hai2="11,64,77,94,88,12,123,69,40,108,2,103,124" hai3="114,53,71,57,4,9,36,132,29,87,18,61,89"/><V52/><F2/><W63/><G132/><T17/><D43/><U20/><E0/><V49/><F123/><W110/><G110/><N who="0" m="41995" /><D101/><U85/><E106/><V59/><F108/><W32/><G36/><T26/><D80/><U102/><E35/><V74/><F124/><W81/><G114/><T24/><D75/><U51/><E38/><V95/><F40/><W73/><G73/><T120/><D120/><U86/><E102/><V76/><F64/><W93/><G18/><N who="0" m="6667" /><D113/><U116/><E129/><V34/><F34/><W56/><G71/><T72/><D72/><U31/><E133/><V97/><F69/><W58/><G81/><T79/><D79/><U119/><E14/><V6/><F74/><W121/><G121/><T10/><D134/><U7/><E7/><V46/><F46/><W96/><G96/><AGARI ba="0,0" hai="6,11,12,49,52,59,76,77,88,94,95,96,97,103" machi="96" ten="30,11600,0" yaku="7,1,8,1,54,2" doraHai="25" who="2" fromWho="3" sc="169,0,504,0,193,116,134,-116" /><INIT seed="6,1,0,1,4,95" ten="169,504,309,18" oya="2" hai0="38,98,72,106,103,15,58,116,20,135,18,74,129" hai1="83,80,128,0,124,55,84,45,130,104,16,102,127" hai2="90,66,92,31,73,132,35,1,32,70,65,125,133" hai3="28,126,63,50,110,81,112,82,109,17,39,118,86"/><V52/><F73/><W93/><G118/><T117/><D38/><U107/><E0/><V119/><F1/><W8/><G126/><N who="1" m="48170" /><E16/><V77/><F77/><W79/><G39/><T120/><D58/><U43/><E55/><V64/><F119/><W19/><G112/><T29/><D103/><U7/><E7/><V105/><F105/><N who="1" m="40521" /><E102/><V12/><F12/><W27/><G17/><T34/><D15/><U42/><E83/><V94/><F70/><W44/><G93/><T67/><D34/><U46/><E46/><V76/><F94/><W6/><G19/><T101/><D101/><U99/><E99/><N who="2" m="57751" /><F31/><W89/><G63/><T53/><D29/><U14/><E14/><V30/><F30/><W71/><G6/><T37/><D106/><U60/><E45/><V36/><F76/><W24/><G8/><T56/><D37/><U57/><E128/><V115/><F115/><W49/><G71/><T97/><D129/><U123/><E130/><V10/><F10/><W111/><G44/><T121/><D18/><U113/><E113/><V9/><F9/><W21/><REACH who="3" step="1"/><G24/><REACH who="3" ten="169,504,309,8" step="2"/><T131/><D131/><U54/><E123/><V23/><F36/><W122/><G122/><T4/><D120/><U61/><E61/><V33/><F125/><W114/><G114/><T40/><D121/><U26/><E26/><V22/><F133/><W2/><G2/><T48/><D135/><U78/><AGARI ba="1,1" hai="42,43,54,57,60,78,80,84" m="40521,48170" machi="78" ten="30,1100,0" yaku="18,1" doraHai="95" who="1" fromWho="1" sc="169,-4,504,24,309,-6,8,-4" /><INIT seed="7,0,0,0,1,5" ten="165,528,303,4" oya="3" hai0="68,66,35,86,23,13,77,20,100,43,36,8,12" hai1="21,76,108,132,14,70,61,26,112,123,75,98,39" hai2="96,127,101,79,94,126,120,54,119,97,53,128,45" hai3="62,52,48,63,82,118,135,27,18,125,115,74,11"/><W85/><G118/><T34/><D100/><U47/><E47/><V10/><F119/><W104/><G104/><T7/><D36/><U93/><E61/><N who="3" m="23050" /><G74/><T9/><D66/><U40/><E93/><V19/><F79/><N who="3" m="46303" /><G115/><T37/><D43/><U107/><E76/><V6/><F120/><W129/><G129/><T65/><D37/><U71/><E40/><V73/><F73/><W103/><G125/><T17/><D65/><U81/><E75/><V57/><F128/><W124/><G124/><T49/><D68/><U113/><E39/><V33/><F33/><N who="0" m="12298" /><D86/><U92/><E132/><V102/><F127/><W3/><G135/><T31/><D77/><U89/><E123/><V55/><F126/><W91/><G3/><T50/><D49/><U4/><E71/><V59/><F59/><N who="3" m="33159" /><G103/><T30/><D50/><U0/><E0/><V38/><F101/><W15/><G27/><T111/><D111/><U2/><E26/><V69/><F102/><W134/><G134/><T56/><D56/><U29/><E70/><V122/><F57/><W105/><G105/><T83/><D83/><U84/><E107/><V114/><F69/><W130/><G130/><T64/><D64/><U106/><E106/><V109/><F38/><W1/><G1/><T44/><D44/><U80/><E2/><V116/><F116/><W78/><G78/><T90/><D90/><AGARI ba="0,0" hai="11,15,18,90,91" m="33159,46303,23050" machi="90" ten="30,5800,0" yaku="8,1,52,1,54,1" doraHai="5" who="3" fromWho="0" sc="165,-58,528,0,303,0,4,58" /><INIT seed="7,1,0,5,0,108" ten="107,528,303,62" oya="3" hai0="110,129,81,62,6,63,104,123,88,92,119,45,91" hai1="1,120,93,66,127,70,48,86,60,128,14,101,78" hai2="56,85,12,17,115,22,77,79,114,32,40,61,24" hai3="90,105,33,103,113,112,80,132,131,37,25,102,8"/><W100/><G132/><T29/><D104/><U4/><E1/><V97/><F40/><W28/><G131/><T98/><D119/><U10/><E120/><V84/><F97/><W94/><G37/><T47/><D110/><U111/><E111/><V82/><F24/><W46/><G80/><T96/><D123/><U74/><E74/><V13/><F13/><W89/><G46/><N who="0" m="17419" /><D6/><U107/><E127/><V68/><F68/><W54/><G54/><T26/><D129/><U21/><E48/><V95/><F32/><W133/><G133/><T72/><D72/><U9/><E128/><V118/><F118/><W2/><G105/><T43/><D43/><U31/><E9/><V11/><F11/><W5/><REACH who="3" step="1"/><G89/><REACH who="3" ten="107,528,303,52" step="2"/><T35/><D81/><U16/><E107/><V116/><F116/><W125/><G125/><T73/><D91/><U50/><E78/><V130/><F130/><W69/><G69/><T59/><D88/><U53/><E70/><V23/><F79/><W36/><G36/><T87/><D73/><U27/><E53/><V65/><F95/><W55/><G55/><T57/><D92/><U38/><E93/><V99/><F82/><W109/><G109/><T75/><D75/><U30/><E38/><V20/><F77/><W52/><G52/><T41/><D41/><U49/><E49/><V34/><F61/><W15/><G15/><T71/><D71/><U42/><E50/><V135/><F12/><W0/><G0/><T7/><D62/><U76/><E60/><V126/><F135/><W18/><G18/><T44/><D63/><U64/><E16/><RYUUKYOKU ba="1,1" sc="107,-10,528,-10,303,-10,52,30" hai3="2,5,8,25,28,33,90,94,100,102,103,112,113" /><INIT seed="7,2,1,5,5,25" ten="97,518,293,82" oya="3" hai0="81,129,117,33,57,15,21,78,82,72,133,19,0" hai1="91,101,60,30,73,18,79,63,131,9,100,1,111" hai2="86,77,74,58,48,87,107,61,130,39,31,102,123" hai3="89,27,96,62,35,20,51,10,90,103,5,65,132"/><W7/><G35/><T6/><D117/><U110/><E131/><V118/><F39/><W84/><G132/><T116/><D116/><U32/><E91/><V53/><F118/><W128/><G128/><T24/><D129/><U38/><E38/><V134/><F107/><W8/><G51/><T99/><D133/><U125/><E125/><V26/><F102/><W105/><G7/><T126/><D126/><U55/><E79/><V109/><F109/><W112/><G112/><T12/><D12/><U54/><E73/><V122/><F130/><W49/><G49/><T43/><D43/><U28/><E18/><V104/><F104/><W95/><G89/><T93/><D57/><U66/><E9/><V127/><F127/><W135/><G135/><T67/><D67/><U68/><E66/><V23/><F134/><W17/><REACH who="3" step="1"/><G5/><REACH who="3" ten="97,518,293,72" step="2"/><T3/><D6/><U36/><E32/><V59/><F48/><W113/><G113/><T64/><D64/><U41/><E36/><V70/><F122/><W69/><AGARI ba="2,2" hai="8,10,17,20,27,62,65,69,84,90,95,96,103,105" machi="69" ten="20,3900,0" yaku="1,1,0,1,7,1,53,0" doraHai="25" doraHaiUra="114" who="3" fromWho="3" sc="97,-15,518,-15,293,-15,72,65" /><INIT seed="7,3,0,1,4,122" ten="82,503,278,137" oya="3" hai0="72,36,135,111,130,34,103,37,14,107,16,104,124" hai1="10,69,20,44,127,31,128,97,100,24,81,43,59" hai2="132,19,33,51,95,121,119,7,76,115,129,110,131" hai3="98,29,75,83,84,0,125,40,91,50,35,101,109"/><W118/><G118/><T27/><D72/><U48/><E69/><V4/><F33/><W87/><G125/><T30/><D124/><U77/><E128/><V70/><F70/><W32/><G109/><T96/><D130/><N who="2" m="49674" /><F110/><W108/><G108/><T18/><D111/><U106/><E127/><V85/><F115/><W45/><G0/><T63/><D135/><U86/><E10/><V74/><F121/><W134/><G75/><T71/><D107/><U28/><E59/><V25/><F132/><W6/><G6/><T5/><D5/><U52/><E43/><V47/><F119/><W65/><G65/><T22/><D18/><AGARI ba="3,0" hai="18,20,24,28,31,44,48,52,77,81,86,97,100,106" machi="18" ten="30,2000,0" yaku="7,1,54,1" doraHai="122" who="1" fromWho="0" sc="82,-29,503,29,278,0,137,0" owari="53,-45.0,532,63.0,278,8.0,137,-26.0" /></mjloggm>