<mjloggm ver="2.3"><GO type="169" lobby="0"/><UN n0="%E3%81%A8%E3%81%A8" n1="%E5%B0%B1%E6%B4%BB%E7%94%9F%40%E5%B7%9D%E6%9D%91%E8%BB%8D%E5%9B%A3" n2="%E3%82%AA%E3%82%A6%E3%83%99%E3%82%A4" n3="%70%61%72%61%6F%6E%64%65" dan="17,16,16,17" rate="2131.41,2129.00,2175.45,2160.97" sx="F,M,M,M"/><TAIKYOKU oya="0"/><INIT seed="0,0,0,2,3,42" ten="250,250,250,250" oya="0" hai0="47,112,117,39,33,24,129,102,20,35,108,128,131" hai1="68,63,44,59,99,21,130,1,2,120,122,134,16" hai2="74,119,92,46,37,0,55,76,125,64,109,25,95" hai3="75,9,15,105,62,107,23,17,32,114,72,34,80"/><T67/><D112/><U127/><E68/><V40/><F119/><W113/><G62/><T54/><D67/><U28/><E28/><V52/><F64/><W13/><G80/><T85/><D117/><U111/><E111/><V19/><F109/><W56/><G23/><T123/><D108/><U121/><E127/><V53/><F125/><W27/><G56/><T104/><D123/><U126/><E126/><V135/><F135/><W89/><G27/><T77/><D102/><U38/><E134/><V124/><F124/><W57/><G57/><T45/><D104/><U71/><E71/><V116/><F116/><W10/><G17/><T50/><D85/><U133/><E99/><V3/><F25/><W84/><G89/><T5/><D5/><U86/><E86/><AGARI ba="0,0" hai="9,10,13,15,32,34,72,75,84,86,105,107,113,114" machi="86" ten="25,1600,0" yaku="22,2" doraHai="42" who="3" fromWho="1" sc="250,0,250,-16,250,0,250,16" /><INIT seed="1,0,0,0,5,21" ten="250,234,250,266" oya="1" hai0="39,26,18,61,15,102,135,40,12,97,58,2,31" hai1="11,4,96,117,84,64,92,82,78,86,108,133,101" hai2="49,134,38,71,60,98,100,103,17,68,55,127,32" hai3="24,3,83,122,9,110,105,22,120,116,72,47,111"/><U75/><E117/><V46/><F134/><W16/><G105/><T109/><D2/><U36/><E133/><V66/><F127/><W19/><G47/><T123/><D135/><U106/><E108/><N who="3" m="41514" /><G116/><T126/><D126/><U94/><E64/><V113/><F113/><W90/><G90/><T99/><D109/><U44/><E94/><V119/><F119/><W27/><G83/><T76/><D76/><U114/><E114/><V80/><F80/><W5/><G72/><T67/><D123/><N who="3" m="47145" /><G19/><T30/><D40/><N who="1" m="22535" /><E106/><V54/><F103/><W29/><G29/><N who="0" m="10763" /><D39/><U91/><E91/><V62/><F32/><W73/><G73/><T88/><D102/><U52/><E52/><V20/><F38/><W1/><G1/><AGARI ba="0,0" hai="1,4,11,75,78,82,84,86,92,96,101" m="22535" machi="1" ten="30,1500,0" yaku="25,1" doraHai="21" who="1" fromWho="3" sc="250,0,234,15,250,0,266,-15" /><INIT seed="1,1,0,2,5,31" ten="250,249,250,251" oya="1" hai0="70,41,53,87,83,18,122,79,0,11,57,105,82" hai1="98,119,39,134,36,131,85,51,71,126,55,120,104" hai2="37,40,23,16,4,17,81,54,26,97,123,29,50" hai3="124,63,113,130,24,28,6,9,68,89,20,102,101"/><U44/><E119/><V84/><F123/><W59/><G113/><T111/><D70/><U118/><E120/><V22/><F37/><W132/><G68/><T5/><D122/><U13/><E118/><V66/><F66/><W121/><G121/><T30/><D105/><U43/><E134/><V96/><F40/><W1/><G124/><T46/><D18/><U69/><E131/><V107/><F4/><W117/><G130/><T33/><D82/><U73/><E73/><V129/><F129/><W45/><G132/><T106/><D106/><U77/><E126/><V60/><F60/><W58/><G117/><T3/><D3/><U125/><E125/><V114/><F114/><W12/><G45/><T2/><D2/><U27/><E36/><V56/><F107/><W116/><G116/><T99/><D99/><U128/><E128/><V78/><F29/><W76/><G76/><T94/><D94/><U65/><E65/><V38/><F38/><W127/><G127/><T19/><D19/><U100/><E13/><AGARI ba="1,0" hai="13,16,17,22,23,26,50,54,56,78,81,84,96,97" machi="13" ten="30,3900,0" yaku="7,1,8,1,54,1" doraHai="31" who="2" fromWho="1" sc="250,0,249,-42,250,42,251,0" /><INIT seed="2,0,0,1,0,64" ten="250,207,292,251" oya="2" hai0="67,77,81,90,104,131,7,30,41,78,100,18,6" hai1="9,133,92,43,22,116,111,134,109,60,122,13,24" hai2="31,94,126,15,53,44,99,112,93,2,52,97,39" hai3="32,45,132,118,55,62,50,69,86,34,102,98,58"/><V26/><F2/><W95/><G118/><T70/><D41/><U73/><E73/><V35/><F112/><W48/><G132/><N who="1" m="50794" /><E43/><V83/><F83/><W66/><REACH who="3" step="1"/><G86/><REACH who="3" ten="250,207,292,241" step="2"/><T29/><D131/><U79/><E116/><V17/><F126/><W19/><G19/><T25/><D18/><N who="1" m="12375" /><E79/><V33/><F33/><W84/><G84/><T101/><D78/><U42/><E92/><V82/><F82/><W128/><G128/><T124/><D81/><U12/><E122/><V57/><F94/><W110/><G110/><N who="1" m="41994" /><E42/><AGARI ba="0,1" hai="32,34,42,45,48,50,55,58,62,66,69,95,98,102" machi="42" ten="30,3900,0" yaku="1,1,7,1,52,1,53,0" doraHai="64" doraHaiUra="0" who="3" fromWho="1" sc="250,0,207,-39,292,0,241,49" /><INIT seed="3,0,0,3,2,32" ten="250,168,292,290" oya="3" hai0="101,26,84,111,43,79,99,97,17,124,1,85,78" hai1="68,102,109,38,39,48,41,4,54,70,117,18,37" hai2="31,105,80,127,9,121,108,46,90,94,49,66,113" hai3="0,15,120,82,96,83,6,130,107,58,73,67,27"/><W77/><G120/><T125/><D43/><U2/><E102/><V52/><F105/><W132/><G130/><T7/><D26/><U64/><E18/><V34/><F113/><W88/><G15/><T13/><D17/><U100/><E100/><V53/><F108/><W106/><G27/><T23/><D23/><U33/><E33/><V72/><F127/><W11/><G132/><T131/><D13/><U110/><E117/><V47/><F121/><W112/><G112/><T65/><D65/><U56/><E4/><V71/><F34/><W12/><G12/><T74/><D7/><U20/><E20/><V45/><F31/><W62/><REACH who="3" step="1"/><G96/><REACH who="3" ten="250,168,292,280" step="2"/><T14/><D14/><U3/><E41/><V135/><F135/><W128/><G128/><T115/><D131/><U51/><E109/><V40/><F9/><W93/><G93/><T59/><D111/><U10/><E110/><V44/><F94/><W126/><G126/><T122/><D99/><U134/><E134/><V116/><F116/><W133/><G133/><T36/><D97/><U57/><E10/><V89/><F80/><W61/><G61/><T86/><D115/><U50/><E54/><V60/><F72/><W22/><G22/><T123/><D74/><U119/><E119/><V5/><F5/><W98/><G98/><T28/><D123/><U81/><E81/><V75/><F75/><W103/><G103/><T19/><D101/><U21/><E21/><V129/><F129/><W95/><G95/><T118/><D122/><U29/><E29/><V104/><F104/><W30/><G30/><T87/><D125/><RYUUKYOKU ba="0,1" sc="250,-15,168,-15,292,15,280,15" hai2="40,44,45,46,47,49,52,53,60,66,71,89,90" hai3="0,6,11,58,62,67,73,77,82,83,88,106,107" /><INIT seed="3,1,1,2,2,45" ten="235,153,307,295" oya="3" hai0="25,96,47,132,104,88,35,124,130,107,19,29,72" hai1="92,33,63,23,16,108,110,18,52,99,85,74,31" hai2="134,59,46,119,97,125,56,131,53,39,84,57,129" hai3="13,73,20,94,11,42,21,24,75,64,6,103,7"/><W68/><G21/><T48/><D72/><U55/><E74/><V40/><F119/><W78/><G7/><T87/><D130/><N who="2" m="49674" /><F97/><W43/><G75/><T8/><D132/><U86/><E33/><V91/><F125/><W17/><G73/><T90/><D124/><U51/><E63/><N who="2" m="36239" /><F134/><W83/><G68/><T15/><D96/><U67/><E67/><V1/><F1/><W81/><G64/><T100/><D100/><N who="1" m="60519" /><E55/><V105/><F105/><W71/><G71/><T2/><D2/><U10/><E31/><V58/><F91/><W128/><G128/><T102/><D102/><U113/><E113/><V109/><F84/><N who="1" m="32361" /><E10/><V112/><F109/><N who="1" m="42089" /><E23/><V101/><F101/><W5/><G20/><T30/><D30/><U116/><E116/><V66/><F66/><W93/><G11/><T38/><D90/><U14/><E14/><V9/><F9/><W0/><G13/><T79/><D79/><U3/><E3/><V4/><F4/><W111/><G6/><T26/><D26/><U126/><E126/><V118/><F118/><W127/><G5/><T89/><D89/><U106/><E106/><V41/><F41/><W44/><G24/><T62/><D107/><U70/><E70/><V76/><F76/><W27/><G78/><T95/><D104/><U49/><E49/><N who="2" m="26823" /><F112/><W28/><G0/><T114/><D114/><U135/><E135/><V65/><F65/><W60/><G43/><N who="0" m="23031" /><D62/><U121/><E121/><V115/><F115/><W133/><G60/><T77/><D77/><U36/><E36/><AGARI ba="1,1" hai="36,39,57,58,59" m="26823,36239,49674" machi="36" ten="30,7700,0" yaku="19,1,34,2,52,1" doraHai="45" who="2" fromWho="1" sc="235,0,153,-80,307,90,295,0" /><INIT seed="4,0,0,1,0,58" ten="235,73,397,295" oya="0" hai0="109,114,94,124,131,41,7,31,36,107,66,128,96" hai1="88,61,26,46,132,19,119,14,15,35,51,1,122" hai2="80,24,112,86,18,39,47,63,21,11,118,12,65" hai3="67,45,25,125,72,116,115,84,75,117,62,130,48"/><T33/><D114/><U44/><E119/><V52/><F112/><W4/><G115/><T9/><D107/><U101/><E122/><V103/><F39/><W71/><G4/><T0/><D124/><U49/><E1/><V60/><F65/><W17/><G84/><T34/><D66/><U27/><E101/><V73/><F73/><W120/><G25/><T89/><D109/><U69/><E132/><V43/><F43/><W121/><G17/><T85/><D85/><U54/><E35/><V57/><F103/><W3/><G3/><T102/><D89/><U37/><E37/><V64/><F118/><N who="3" m="45675" /><G125/><T99/><D99/><U133/><E133/><V22/><F24/><W20/><G20/><T135/><D135/><U105/><E105/><V78/><REACH who="2" step="1"/><F47/><REACH who="2" ten="235,73,387,295" step="2"/><W82/><G75/><T98/><D41/><U68/><E19/><V83/><F83/><W32/><G82/><T95/><D36/><U6/><E6/><V38/><F38/><W123/><G72/><T134/><D134/><U13/><E27/><V59/><AGARI ba="0,1" hai="11,12,18,21,22,52,57,59,60,63,64,78,80,86" machi="59" ten="20,16000,3" yaku="1,1,0,1,7,1,8,1,52,2,54,1,53,2" doraHai="58" doraHaiUra="53" who="2" fromWho="2" sc="235,-80,73,-40,387,170,295,-40" /><INIT seed="5,0,0,2,5,91" ten="155,33,557,255" oya="1" hai0="103,121,58,118,9,69,39,35,31,23,79,129,95" hai1="76,63,100,90,4,83,12,52,65,51,111,59,122" hai2="101,37,5,86,66,61,56,20,67,88,115,34,19" hai3="116,77,50,87,11,30,78,54,112,46,6,106,44"/><U102/><E122/><V72/><F72/><W29/><G106/><T24/><D69/><U38/><E38/><V2/><F37/><W109/><G109/><T131/><D39/><U74/><E111/><V3/><F34/><W124/><G112/><T7/><D79/><U43/><E43/><V27/><F115/><W71/><G71/><T96/><D118/><U75/><E75/><V48/><F101/><W133/><G133/><T80/><D80/><U73/><E73/><V120/><F120/><W89/><G124/><T8/><D121/><U94/><E4/><V1/><F48/><N who="3" m="28935" /><G116/><T47/><D47/><U93/><E12/><V107/><F107/><W15/><G77/><T53/><D35/><U110/><E110/><V10/><F67/><W104/><G78/><T99/><D99/><U127/><E127/><V62/><F61/><W16/><G104/><T119/><D119/><U45/><REACH who="1" step="1"/><E94/><AGARI ba="0,0" hai="1,2,3,5,10,19,20,27,56,62,66,86,88,94" machi="94" ten="30,3900,0" yaku="7,1,52,1,54,1" doraHai="91" who="2" fromWho="1" sc="155,0,33,-39,557,39,255,0" owari="155,-24.0,-6,-51.0,596,69.0,255,6.0" /></mjloggm>