<mjloggm ver="2.3"><GO type="97" lobby="0"/><UN n0="%E5%B0%B1%E6%B4%BB%E7%94%9F%40%E5%B7%9D%E6%9D%91%E8%BB%8D%E5%9B%A3" n1="%E7%A0%B4%E7%89%87" n2="%E3%81%8B%E3%82%8B%E3%81%A6%E3%81%A3%E3%81%A8%E2%99%AA" n3="%44%61%72%75%6D%61%73%61" dan="17,16,14,14" rate="2252.46,2035.70,1980.45,1956.67" sx="M,M,M,M"/><TAIKYOKU oya="0"/><INIT seed="0,0,0,3,4,103" ten="250,250,250,250" oya="0" hai0="129,104,80,6,4,58,54,3,101,39,83,82,29" hai1="7,112,132,75,64,119,98,92,49,15,72,34,73" hai2="134,19,114,60,28,21,13,62,74,20,36,61,25" hai3="125,131,97,48,100,93,71,68,95,5,111,46,102"/><T23/><D39/><U0/><E119/><V66/><F114/><W108/><G5/><T38/><D38/><U40/><E132/><V90/><F134/><W55/><G125/><T31/><D129/><U109/><E109/><N who="3" m="42058" /><G131/><T99/><D3/><U130/><E130/><V94/><F36/><W26/><G26/><T65/><D65/><U113/><E34/><V18/><F74/><W118/><G118/><T84/><D84/><U86/><E86/><V17/><REACH who="2" step="1"/><F66/><REACH who="2" ten="250,250,240,250" step="2"/><W47/><G47/><T91/><D91/><U32/><E64/><V45/><F45/><W107/><G102/><T106/><D106/><U59/><E113/><V105/><F105/><W42/><G55/><T126/><D126/><U51/><E112/><V116/><F116/><W115/><G115/><T87/><D87/><AGARI ba="0,1" hai="13,17,18,19,20,21,25,28,60,61,62,87,90,94" machi="87" ten="40,8000,1" yaku="1,1,8,1,53,3" doraHai="103" doraHaiUra="56" who="2" fromWho="0" sc="250,-80,250,0,240,90,250,0" /><INIT seed="1,0,0,0,1,44" ten="170,250,330,250" oya="1" hai0="24,96,81,110,100,38,3,34,92,45,6,55,57" hai1="74,1,69,0,105,14,104,4,7,32,13,36,21" hai2="12,119,70,8,134,40,29,5,53,79,16,72,52" hai3="120,37,95,90,128,60,26,88,107,65,71,56,125"/><U9/><E69/><V30/><F119/><W115/><G120/><T18/><D110/><U51/><E74/><V50/><F70/><W87/><G115/><T47/><D38/><U17/><E36/><V46/><F134/><W135/><G107/><T11/><D81/><U116/><E116/><V132/><F132/><W61/><G135/><T35/><D35/><U126/><E126/><V48/><F40/><W64/><G37/><T43/><D43/><U108/><E108/><V84/><F72/><W112/><G112/><T91/><D100/><U31/><E51/><V76/><F5/><W23/><G125/><T127/><D127/><U129/><E129/><V117/><F117/><W99/><G128/><T103/><D103/><U131/><E131/><V2/><F2/><W42/><G42/><T62/><REACH who="0" step="1"/><D34/><REACH who="0" ten="160,250,330,250" step="2"/><U123/><E123/><V63/><F79/><W22/><G26/><T33/><D33/><U82/><E82/><AGARI ba="0,1" hai="22,23,56,60,61,64,65,71,82,87,88,90,95,99" machi="82" ten="30,2000,0" yaku="7,1,54,1" doraHai="44" who="3" fromWho="1" sc="160,0,250,-20,330,0,250,30" /><INIT seed="2,0,0,2,1,24" ten="160,230,330,280" oya="2" hai0="68,111,2,40,88,17,32,49,124,64,36,66,12" hai1="65,56,99,72,16,102,67,90,10,119,95,11,15" hai2="9,100,135,77,76,30,103,26,31,50,5,33,110" hai3="105,19,14,44,101,3,51,58,0,75,37,112,28"/><V109/><F135/><W79/><G105/><T23/><D2/><U73/><E119/><V46/><F77/><W118/><G118/><T43/><D111/><N who="2" m="42506" /><F76/><W61/><G101/><T8/><D124/><U78/><E78/><V92/><F92/><W114/><G37/><T86/><D32/><U25/><E10/><V87/><F87/><W130/><G79/><T45/><D68/><U53/><E73/><V47/><F47/><W20/><G75/><T71/><D71/><U18/><E72/><V34/><F34/><W85/><G85/><T91/><D91/><U55/><E102/><N who="2" m="38955" /><F26/><W126/><G126/><T29/><D40/><U132/><E132/><V63/><F63/><W6/><G130/><T125/><D36/><U115/><E115/><V39/><F33/><W13/><G58/><T4/><D125/><U128/><E128/><V7/><F39/><W113/><G61/><T62/><D62/><N who="1" m="36111" /><E55/><N who="2" m="30167" /><F7/><W59/><G59/><T52/><D43/><U60/><E60/><V48/><F48/><W107/><G51/><T97/><D97/><U106/><E106/><V131/><F131/><W74/><G107/><T80/><D4/><U84/><E84/><V83/><F83/><W69/><G44/><T133/><D133/><U93/><E93/><V108/><F108/><W38/><G38/><T120/><D120/><U81/><E81/><V70/><F70/><W96/><G69/><T22/><D22/><AGARI ba="0,0" hai="11,15,16,18,22,25,65,67,90,95,99" m="36111" machi="22" ten="30,3900,0" yaku="25,1,8,1,54,1" doraHai="24" who="1" fromWho="0" sc="160,-39,230,39,330,0,280,0" /><INIT seed="3,0,0,0,4,96" ten="121,269,330,280" oya="3" hai0="83,66,33,47,77,4,64,61,49,36,43,3,113" hai1="81,114,35,105,116,58,112,56,75,63,65,72,118" hai2="41,55,37,85,88,91,121,10,1,127,13,95,39" hai3="12,109,78,79,87,125,29,73,133,80,94,93,5"/><W128/><G29/><T107/><D113/><N who="1" m="43627" /><E35/><V84/><F1/><W28/><G28/><T90/><D90/><U106/><E81/><V135/><F135/><W0/><G0/><T67/><D33/><U7/><E7/><V32/><F32/><W130/><G133/><T11/><D107/><N who="1" m="40971" /><E63/><V53/><F127/><W134/><G134/><T68/><REACH who="0" step="1"/><D49/><REACH who="0" ten="111,269,330,280" step="2"/><U18/><E118/><V123/><F37/><W19/><G125/><T20/><D20/><U60/><E116/><V54/><F39/><W46/><G109/><T57/><D57/><U117/><E117/><V9/><F123/><W98/><G46/><T15/><D15/><U101/><E56/><V16/><F121/><W97/><G12/><T25/><D25/><U21/><E21/><V108/><F108/><W48/><G48/><T51/><D51/><U89/><E89/><V76/><F76/><W26/><G26/><T122/><D122/><U100/><E58/><V24/><F24/><W111/><G111/><T110/><D110/><U102/><E60/><V119/><F119/><W22/><G22/><T50/><D50/><U40/><E40/><V38/><F41/><W62/><G62/><T74/><AGARI ba="0,1" hai="3,4,11,36,43,47,61,64,66,67,68,74,77,83" machi="74" ten="20,8000,1" yaku="1,1,0,1,7,1,25,2,53,0" doraHai="96" doraHaiUra="120" who="0" fromWho="0" sc="111,90,269,-20,330,-20,280,-40" owari="201,-30.0,249,5.0,310,41.0,240,-16.0" /></mjloggm>