<mjloggm ver="2.3"><GO type="169" lobby="0"/><UN n0="%E7%94%9F%E8%82%89%E3%81%A7%E3%81%99%E3%82%88" n1="%E3%81%8A%E3%81%98%E3%81%95%E3%82%93" n2="%46%75%72%75%79%61" n3="%E3%82%A6%E3%83%AB%E3%83%88%E3%83%A9%E7%AB%8B%E7%9B%B4" dan="17,16,16,17" rate="2172.89,2107.33,2138.32,2168.79" sx="M,M,M,M"/><TAIKYOKU oya="0"/><INIT seed="0,0,0,0,2,9" ten="250,250,250,250" oya="0" hai0="54,91,40,104,69,18,19,60,39,5,15,1,100" hai1="43,50,37,133,71,20,27,114,4,72,80,70,58" hai2="65,94,29,115,41,16,122,8,111,33,52,130,21" hai3="25,95,48,98,124,89,63,59,6,46,90,45,86"/><T121/><D121/><U61/><E133/><V85/><F122/><W32/><G124/><T49/><D1/><U116/><E116/><V110/><F115/><W77/><G77/><T127/><D127/><U51/><E114/><V125/><F125/><W38/><G38/><T129/><D129/><U119/><E119/><V34/><F41/><W97/><G6/><T57/><D5/><U82/><E4/><V134/><F134/><W135/><G135/><T17/><D91/><U102/><E102/><V78/><F130/><W108/><G108/><N who="2" m="41513" /><F65/><W107/><G107/><T24/><D24/><U87/><E72/><V118/><F118/><W68/><G68/><T3/><D3/><U109/><E109/><V123/><F123/><W22/><G32/><T2/><D2/><U74/><E74/><V96/><F8/><W26/><G48/><T76/><D76/><U44/><E71/><V28/><F52/><W64/><G26/><T13/><D100/><U10/><E10/><V53/><F53/><W66/><G66/><N who="0" m="41159" /><D104/><U42/><E42/><V120/><F120/><W105/><G105/><T106/><D106/><U55/><E70/><V131/><F131/><W92/><REACH who="3" step="1"/><G86/><REACH who="3" ten="250,250,250,240" step="2"/><T88/><D88/><U35/><E35/><V30/><F85/><W128/><G128/><T62/><D62/><U56/><E87/><V11/><F78/><W126/><G126/><T12/><D17/><AGARI ba="0,1" hai="17,22,25,45,46,59,63,64,89,90,92,95,97,98" machi="17" ten="30,7700,0" yaku="1,1,7,1,9,1,8,1,53,0" doraHai="9" doraHaiUra="75" who="3" fromWho="0" sc="250,-77,250,0,250,0,240,87" /><INIT seed="1,0,0,2,2,8" ten="173,250,250,327" oya="1" hai0="50,84,133,6,123,42,108,86,21,27,28,12,81" hai1="71,80,93,89,111,56,14,96,119,61,49,57,3" hai2="105,116,62,1,126,54,102,15,60,72,26,38,75" hai3="78,127,128,53,91,9,87,77,76,19,17,70,98"/><U46/><E119/><V121/><F116/><W69/><G128/><T118/><D118/><U82/><E3/><V20/><F1/><W31/><G127/><T11/><D108/><U107/><E107/><V36/><F121/><W95/><G31/><T92/><D123/><U40/><E111/><V110/><F110/><W59/><G70/><T16/><D133/><U52/><E71/><V109/><F109/><W51/><G69/><T129/><D129/><U47/><E47/><V124/><F105/><W25/><G25/><T132/><D132/><U22/><E57/><N who="2" m="34871" /><F102/><N who="3" m="60767" /><G9/><T90/><D28/><U99/><E99/><V79/><F62/><W64/><G64/><T33/><D33/><U67/><E67/><V48/><F48/><W115/><G115/><T100/><D100/><U4/><E4/><V2/><F2/><W18/><G78/><T7/><D7/><U131/><E131/><V135/><F135/><W65/><G65/><T103/><D103/><U35/><E35/><V104/><F104/><W120/><G120/><T88/><D50/><U29/><E29/><V30/><F79/><W58/><G58/><T85/><D85/><U45/><REACH who="1" step="1"/><E46/><REACH who="1" ten="173,240,250,327" step="2"/><V37/><F30/><W39/><G59/><T74/><D74/><U94/><E94/><V101/><F75/><W117/><G117/><T41/><AGARI ba="0,1" hai="6,11,12,16,21,27,41,42,81,84,86,88,90,92" machi="41" ten="30,8000,1" yaku="0,1,8,1,52,1,54,2" doraHai="8" who="0" fromWho="0" sc="173,90,240,-40,250,-20,327,-20" /><INIT seed="2,0,0,1,2,4" ten="263,200,230,307" oya="2" hai0="30,34,52,73,121,90,31,74,79,134,131,50,84" hai1="9,94,54,26,2,19,130,116,135,114,104,5,42" hai2="108,69,38,70,127,43,39,28,49,88,48,57,47" hai3="91,106,32,25,63,7,100,99,53,87,23,66,111"/><V133/><F28/><W36/><G36/><N who="2" m="13865" /><F88/><W61/><G7/><T113/><D113/><U120/><E104/><V124/><F133/><W44/><G32/><T75/><D134/><U80/><E114/><V20/><F20/><W40/><G40/><T0/><D131/><U68/><E68/><N who="2" m="26219" /><F108/><W71/><G111/><T33/><D121/><U64/><E135/><V101/><F101/><W76/><G76/><T51/><D0/><U56/><E130/><V41/><F57/><W22/><G25/><T102/><D102/><U125/><E56/><V78/><F78/><W29/><G29/><T16/><D79/><U72/><E26/><V117/><F117/><W6/><G22/><T59/><D33/><U24/><E116/><V118/><F118/><W98/><G23/><T97/><D97/><U77/><E24/><V93/><F93/><W89/><G99/><T128/><D34/><U85/><E94/><V21/><F21/><W3/><G98/><T1/><D1/><U129/><E77/><V58/><F58/><W37/><G100/><T112/><D128/><U8/><E129/><V132/><F132/><W13/><G89/><T17/><D112/><U81/><E2/><V60/><F60/><W105/><G3/><T82/><D30/><U10/><E85/><V35/><F35/><W107/><G87/><T86/><D31/><U67/><E80/><V55/><F55/><W18/><G53/><N who="0" m="32183" /><D84/><U62/><E81/><V65/><F65/><W14/><G66/><T27/><D27/><U83/><E67/><V110/><F110/><W109/><G109/><T45/><AGARI ba="0,0" hai="16,17,45,51,52,73,74,75,82,86,90" m="32183" machi="45" ten="30,4000,0" yaku="5,1,54,2" doraHai="4" who="0" fromWho="0" sc="263,40,200,-10,230,-20,307,-10" /><INIT seed="3,0,0,3,4,87" ten="303,190,210,297" oya="3" hai0="102,54,77,30,69,22,96,39,18,81,83,61,33" hai1="105,55,118,38,103,56,73,119,101,21,19,32,110" hai2="115,129,58,44,107,65,4,43,104,52,132,40,8" hai3="5,84,20,116,123,13,79,71,45,121,31,120,76"/><W16/><G71/><T85/><D39/><U7/><E32/><V113/><F129/><W75/><G116/><N who="1" m="44586" /><E38/><V86/><F132/><W109/><G75/><T50/><D33/><U12/><E73/><V47/><F65/><W46/><G31/><T128/><D30/><U29/><E110/><V97/><F86/><W2/><G109/><T112/><D112/><U91/><E105/><V23/><F23/><W63/><G63/><T130/><D81/><U36/><E36/><V1/><F44/><W67/><G67/><T34/><D34/><U106/><E106/><V60/><F43/><W125/><G125/><T42/><D42/><U17/><E7/><V133/><F133/><W11/><REACH who="3" step="1"/><G84/><REACH who="3" ten="303,190,210,287" step="2"/><T93/><D61/><N who="1" m="35999" /><E29/><V89/><F115/><W37/><G37/><T51/><D69/><U14/><E91/><V6/><F113/><W117/><G117/><T126/><D126/><U90/><E90/><V15/><F89/><W114/><G114/><T48/><REACH who="0" step="1"/><D54/><REACH who="0" ten="293,190,210,287" step="2"/><U66/><E66/><V10/><F97/><W57/><G57/><T53/><D53/><U127/><E127/><V78/><F52/><W41/><G41/><T72/><D72/><U124/><E124/><V131/><F40/><W122/><N who="3" m="30720" /><DORA hai="9" /><W134/><G134/><T25/><AGARI ba="0,2" hai="18,22,25,48,50,51,77,83,85,93,96,102,128,130" machi="25" ten="30,2000,0" yaku="1,1,0,1,53,0" doraHai="87,9" doraHaiUra="3,100" who="0" fromWho="0" sc="293,40,190,-5,210,-5,287,-10" /><INIT seed="4,0,0,2,0,105" ten="333,185,205,277" oya="0" hai0="24,75,119,32,89,16,39,109,116,107,130,131,93" hai1="22,2,51,6,74,128,135,127,19,95,25,7,45" hai2="41,101,70,63,49,0,33,61,66,72,26,64,58" hai3="85,78,126,120,11,67,12,17,62,134,15,59,124"/><T108/><D107/><U103/><E127/><V4/><F101/><W56/><G134/><T57/><D39/><U110/><E135/><V96/><F96/><W84/><G120/><T129/><D57/><U3/><E110/><N who="0" m="42601" /><D32/><U37/><E37/><V117/><F117/><W10/><G78/><T69/><D69/><U18/><E128/><V112/><F112/><W31/><G31/><T99/><D75/><U118/><E118/><V21/><F33/><W8/><G8/><T14/><D24/><U100/><E74/><V13/><F0/><W40/><G40/><T68/><D68/><U5/><E95/><V50/><F72/><W44/><G44/><T98/><D98/><U65/><E65/><V76/><F76/><W77/><G77/><T23/><AGARI ba="0,0" hai="14,16,23,89,93,99,116,119,129,130,131" m="42601" machi="23" ten="40,7800,0" yaku="19,1,10,1,54,1" doraHai="105" who="0" fromWho="0" sc="333,78,185,-26,205,-26,277,-26" /><INIT seed="4,1,0,5,5,93" ten="411,159,179,251" oya="0" hai0="55,127,33,118,58,19,61,97,104,60,126,108,84" hai1="10,40,48,120,66,44,68,47,5,90,107,91,119" hai2="12,87,96,121,106,112,65,75,32,100,8,134,79" hai3="77,130,27,59,53,128,13,7,116,117,42,50,70"/><T39/><D39/><U21/><E119/><V3/><F121/><W62/><G77/><T135/><D118/><N who="3" m="45673" /><G13/><T9/><D33/><U105/><E120/><V23/><F32/><W85/><G85/><T64/><D108/><U69/><E21/><V0/><F134/><W71/><G27/><T114/><D135/><U81/><E66/><V28/><F112/><W110/><G7/><T49/><D114/><U15/><E81/><V34/><F65/><W18/><G18/><T25/><D84/><U74/><E74/><V83/><F34/><W14/><G14/><N who="0" m="7631" /><D25/><U113/><E113/><V78/><F28/><W133/><G133/><T51/><D51/><U2/><E15/><V52/><F23/><W45/><G110/><T57/><D61/><U43/><E107/><V101/><F101/><W26/><G26/><T16/><D16/><U73/><E105/><V103/><F103/><W6/><G6/><T54/><D64/><U36/><REACH who="1" step="1"/><E73/><REACH who="1" ten="411,149,179,251" step="2"/><V24/><F24/><W46/><G71/><AGARI ba="1,1" hai="2,5,10,36,40,43,44,47,48,68,69,71,90,91" machi="71" ten="40,2600,0" yaku="1,1,2,1,53,0" doraHai="93" doraHaiUra="132" who="1" fromWho="3" sc="411,0,149,39,179,0,251,-29" /><INIT seed="5,0,0,4,4,109" ten="411,188,179,222" oya="1" hai0="80,27,46,79,129,6,72,28,34,105,19,18,113" hai1="126,7,42,62,88,106,69,70,33,9,65,58,76" hai2="104,25,114,32,59,57,90,16,22,124,125,118,77" hai3="82,39,87,50,73,55,127,29,93,108,47,23,116"/><U134/><E33/><V3/><F118/><W84/><G108/><T68/><D105/><U110/><E106/><V5/><F104/><W107/><G107/><T38/><D129/><U91/><E110/><V20/><F77/><W119/><G127/><N who="2" m="48713" /><F32/><W89/><G39/><T17/><D68/><U130/><E126/><V48/><F22/><W85/><G73/><T36/><D6/><U96/><E130/><V100/><F100/><W56/><G47/><T78/><D113/><U31/><E134/><V101/><F101/><W13/><G85/><T26/><D78/><U43/><E31/><V83/><F114/><W122/><G122/><T35/><D46/><U64/><E76/><V133/><F133/><W135/><G135/><T111/><D111/><U117/><E117/><V92/><F83/><W61/><G61/><T75/><D75/><U63/><E58/><V12/><F3/><W81/><G81/><T66/><D66/><U4/><REACH who="1" step="1"/><E9/><REACH who="1" ten="411,178,179,222" step="2"/><N who="2" m="4143" /><F48/><W41/><G29/><AGARI ba="0,1" hai="17,18,19,26,27,28,29,34,35,36,38,72,79,80" machi="29" ten="40,1300,0" yaku="9,1" doraHai="109" who="0" fromWho="3" sc="411,23,178,0,179,0,222,-13" /><INIT seed="6,0,0,3,2,13" ten="434,178,179,209" oya="2" hai0="22,92,40,104,53,65,106,54,75,51,69,59,2" hai1="61,89,127,49,71,72,4,33,95,41,64,47,120" hai2="76,20,15,111,93,12,126,58,116,46,63,110,52" hai3="94,23,56,85,68,83,55,48,119,91,74,124,50"/><V38/><F116/><W129/><G68/><T60/><D2/><U14/><E127/><V115/><F126/><W67/><G119/><T24/><D75/><U122/><E33/><V73/><F115/><W88/><G67/><T3/><D3/><U131/><E131/><V103/><F73/><W10/><G129/><T125/><D125/><U42/><E72/><V100/><F76/><W21/><G124/><T117/><D117/><U43/><E4/><V29/><F29/><W113/><G113/><T70/><D70/><U96/><REACH who="1" step="1"/><E14/><REACH who="1" ten="434,168,179,209" step="2"/><V1/><F1/><W16/><G74/><T128/><D128/><U134/><E134/><V0/><F0/><W6/><G6/><T108/><D108/><U28/><E28/><V36/><F15/><N who="3" m="7287" /><G50/><T9/><D51/><U118/><E118/><V27/><F12/><W114/><G114/><T78/><D69/><U86/><E86/><AGARI ba="0,1" hai="21,23,48,55,56,83,85,86,88,91,94" m="7287" machi="86" ten="30,7700,0" yaku="8,1,52,1,54,2" doraHai="13" who="3" fromWho="1" sc="434,0,168,-77,179,0,209,87" /><INIT seed="7,0,0,1,4,64" ten="434,91,179,296" oya="3" hai0="23,1,86,19,50,74,3,125,116,76,35,15,112" hai1="12,26,10,39,71,104,102,115,99,61,88,87,80" hai2="11,43,6,134,107,105,33,93,78,75,127,8,83" hai3="118,130,55,20,52,111,36,60,13,109,128,70,2"/><W17/><G2/><T89/><D116/><U56/><E115/><V41/><F127/><W103/><G36/><T63/><D35/><U4/><E39/><V16/><F33/><W106/><G118/><T54/><D112/><U27/><REACH who="1" step="1"/><E71/><REACH who="1" ten="434,81,179,296" step="2"/><V7/><F134/><W59/><G70/><T96/><D125/><U22/><E22/><V81/><F11/><W5/><G5/><T119/><D119/><U133/><E133/><V94/><F8/><W65/><G106/><T110/><D110/><N who="3" m="41993" /><G103/><T18/><D96/><U34/><E34/><V42/><F107/><W131/><AGARI ba="0,1" hai="13,17,20,52,55,59,60,65,128,130,131" m="41993" machi="131" ten="40,7800,0" yaku="19,1,10,1,54,1" doraHai="64" who="3" fromWho="3" sc="434,-26,81,-26,179,-26,296,88" /><INIT seed="7,1,0,5,2,21" ten="408,55,153,384" oya="3" hai0="61,78,7,93,24,48,0,44,9,57,112,29,79" hai1="91,36,49,16,38,128,66,3,8,124,65,89,87" hai2="127,18,94,4,133,107,116,80,90,17,122,20,110" hai3="96,123,32,11,59,15,35,42,84,101,114,19,117"/><W85/><G123/><T72/><D72/><U81/><E124/><V53/><F4/><W45/><G117/><T10/><D112/><U56/><E128/><V28/><F80/><W64/><G114/><T103/><D10/><U74/><E74/><V118/><F28/><W34/><G59/><T31/><D31/><U95/><E38/><V1/><F17/><W109/><G64/><T134/><D134/><U46/><E36/><V92/><F94/><W67/><G67/><N who="0" m="39343" /><D48/><U104/><E104/><V60/><F20/><W52/><G109/><T113/><D113/><U55/><E3/><V100/><F53/><W106/><REACH who="3" step="1"/><G52/><REACH who="3" ten="408,55,153,374" step="2"/><T132/><D132/><U23/><E56/><V98/><F110/><W120/><G120/><T108/><D108/><U76/><E76/><V99/><F122/><W73/><G73/><T62/><D62/><U125/><E125/><V37/><F127/><W97/><G97/><N who="0" m="59823" /><D44/><U135/><E135/><V33/><F133/><W129/><G129/><T14/><D0/><U115/><E115/><V30/><F1/><W75/><G75/><T26/><D29/><U54/><E54/><V126/><F30/><W119/><G119/><T131/><D131/><U51/><E51/><AGARI ba="1,1" hai="11,15,19,32,34,35,42,45,51,84,85,96,101,106" machi="51" ten="40,2000,0" yaku="1,1,53,0" doraHai="21" doraHaiUra="25" who="3" fromWho="1" sc="408,0,55,-23,153,0,374,33" /><INIT seed="7,2,0,3,2,90" ten="408,32,153,407" oya="3" hai0="15,72,61,2,97,125,35,69,59,130,31,9,133" hai1="41,75,44,14,68,107,57,100,26,129,101,91,79" hai2="65,128,51,33,99,18,80,126,16,5,119,117,132" hai3="7,98,10,8,83,134,40,29,48,56,84,30,78"/><W89/><G134/><T24/><D72/><U86/><E68/><V102/><F33/><W122/><G122/><T105/><D125/><U120/><E120/><V11/><F65/><W58/><G98/><T34/><D133/><U85/><E129/><V71/><F80/><W109/><G109/><T50/><D130/><U121/><E121/><V113/><F71/><W19/><G89/><T123/><D123/><U95/><E107/><V70/><F51/><W62/><G19/><N who="0" m="8687" /><D34/><U94/><E26/><V49/><F5/><W39/><G39/><T77/><D77/><U54/><E14/><V25/><F25/><W23/><G23/><T37/><D37/><U82/><E41/><V124/><F113/><W127/><G127/><T55/><D2/><U92/><E44/><V76/><F76/><W88/><G78/><T63/><D63/><U20/><E20/><V60/><F70/><W112/><G112/><T3/><D3/><U21/><E21/><V106/><F128/><W74/><G74/><T87/><D87/><U36/><E36/><V81/><F106/><W52/><G40/><T22/><D22/><U46/><E46/><V118/><F126/><W103/><G103/><N who="0" m="62703" /><D69/><U96/><E75/><V38/><F124/><W116/><G116/><T108/><D108/><U47/><E47/><V6/><F118/><W115/><G115/><T45/><D61/><N who="1" m="36023" /><E96/><V27/><F117/><W53/><G10/><T32/><D32/><U73/><E73/><V114/><F119/><W17/><G17/><T93/><D93/><N who="1" m="23811" /><U110/><DORA hai="66" /><E110/><V111/><F111/><W1/><AGARI ba="2,0" hai="1,7,8,29,30,48,52,53,56,58,62,83,84,88" machi="1" ten="20,12000,1" yaku="5,1,0,1,7,1,54,2" doraHai="90,66" who="3" fromWho="3" sc="408,-42,32,-42,153,-42,407,126" owari="366,17.0,-10,-51.0,111,-29.0,533,63.0" /></mjloggm>