<mjloggm ver="2.3"><GO type="225" lobby="0"/><UN n0="%E8%87%AA%E7%A7%B0%E6%9C%80%E5%BC%B7%E9%9B%80%E5%A3%AB%EF%BC%93" n1="%E6%9D%8E%E8%B3%80" n2="%E6%97%A9%E7%94%B0%E9%80%B2" n3="%E3%82%A6%E3%83%AB%E3%83%88%E3%83%A9%E7%AB%8B%E7%9B%B4" dan="16,16,16,17" rate="2163.35,2106.98,2195.85,2147.46" sx="M,M,M,M"/><TAIKYOKU oya="0"/><INIT seed="0,0,0,2,1,2" ten="250,250,250,250" oya="0" hai0="3,72,12,105,69,113,13,1,23,0,111,130,122" hai1="21,82,78,56,74,39,133,94,134,14,75,66,83" hai2="52,101,55,47,57,108,99,71,128,19,8,123,62" hai3="61,10,85,20,120,87,30,76,35,103,80,32,43"/><T5/><D105/><U24/><E39/><V135/><F123/><W64/><G120/><T60/><D72/><U11/><E94/><N who="2" m="58615" /><F71/><W100/><G43/><T54/><D122/><U116/><E116/><V4/><F108/><W106/><G10/><T77/><D77/><U114/><E114/><V118/><F128/><W98/><G103/><T81/><D81/><U68/><E68/><V37/><F37/><W29/><G87/><T89/><D113/><U26/><E66/><N who="2" m="39247" /><F135/><N who="1" m="51721" /><E56/><V45/><F19/><W93/><G106/><T49/><D130/><U31/><E26/><V17/><F17/><W84/><G84/><T36/><D36/><U109/><E109/><V86/><F86/><W9/><G35/><T127/><D111/><U119/><E119/><V58/><F55/><W90/><G32/><T18/><D69/><U50/><E75/><V126/><F126/><W79/><G30/><T92/><D127/><U112/><E112/><V73/><F73/><W131/><G131/><T42/><D42/><U15/><E74/><V16/><F16/><W102/><G29/><T132/><D132/><U88/><E78/><V95/><F95/><W96/><G79/><T27/><D92/><U25/><E25/><V65/><F65/><W6/><G76/><T38/><D38/><U121/><E121/><V22/><F118/><W91/><G64/><T67/><D27/><U63/><E24/><V115/><F115/><W110/><G110/><T33/><D67/><U124/><E124/><V41/><F41/><W28/><G28/><T51/><D33/><U125/><E31/><V44/><F58/><RYUUKYOKU ba="0,0" sc="250,0,250,0,250,0,250,0" /><INIT seed="1,1,0,0,1,5" ten="250,250,250,250" oya="1" hai0="6,52,4,79,9,99,131,121,111,67,27,3,66" hai1="132,7,23,25,12,0,40,29,15,85,86,30,53" hai2="16,32,110,120,60,20,34,103,37,102,119,125,48" hai3="8,115,112,100,128,35,82,13,45,94,92,11,95"/><U38/><E132/><V49/><F119/><W84/><G35/><T21/><D111/><U108/><E108/><V71/><F37/><W80/><G128/><T75/><D131/><U50/><E30/><V126/><F110/><W17/><G100/><N who="2" m="38441" /><F34/><W77/><G45/><T61/><D99/><U36/><E0/><V114/><F120/><W1/><REACH who="3" step="1"/><G82/><REACH who="3" ten="250,250,250,240" step="2"/><T113/><D121/><U70/><E36/><V83/><F32/><W101/><G101/><T104/><D113/><U107/><E38/><V26/><F83/><W47/><G47/><T42/><D104/><U24/><E107/><V74/><F114/><W135/><G135/><T73/><D42/><U22/><E40/><V87/><F126/><W55/><G55/><T124/><D52/><U96/><E53/><V54/><F125/><W127/><G127/><T51/><D124/><U39/><E39/><V89/><F54/><W133/><G133/><T18/><D67/><U90/><E50/><V78/><F49/><W123/><G123/><T28/><D51/><U129/><E129/><V58/><F48/><W14/><G14/><T43/><D43/><U56/><E15/><V130/><F130/><W59/><G59/><N who="0" m="37183" /><D3/><U19/><E56/><V41/><F41/><W98/><G98/><T134/><D134/><U97/><E12/><V44/><F44/><W31/><G31/><T63/><D28/><U10/><E96/><V69/><F58/><W68/><G68/><T76/><D63/><U118/><E70/><V93/><F60/><W88/><G88/><T81/><D81/><U65/><E65/><V91/><F91/><RYUUKYOKU ba="1,1" sc="250,-15,250,-15,250,15,240,15" hai2="16,20,26,69,71,74,78,87,89,93" hai3="1,8,11,13,17,77,80,84,92,94,95,112,115" /><INIT seed="2,2,1,5,5,118" ten="235,235,265,255" oya="2" hai0="51,20,26,77,127,37,14,7,79,81,12,19,119" hai1="90,91,100,99,114,31,43,45,121,88,56,46,92" hai2="109,35,93,13,132,73,71,108,2,8,107,67,115" hai3="58,112,33,103,28,15,105,17,128,62,94,101,84"/><V123/><RYUUKYOKU type="yao9" ba="2,1" sc="235,0,235,0,265,0,255,0" hai2="2,8,13,35,67,71,73,93,107,108,109,115,123,132" /><INIT seed="2,3,1,4,0,8" ten="235,235,265,255" oya="2" hai0="105,52,42,48,80,25,114,2,87,122,84,75,58" hai1="67,73,117,83,29,20,30,111,62,128,27,127,6" hai2="115,26,47,49,132,81,60,63,45,13,35,86,65" hai3="28,53,68,113,112,126,36,1,101,125,120,96,41"/><V118/><F115/><N who="3" m="44107" /><G120/><T3/><D122/><U5/><E117/><V77/><F118/><W134/><G1/><T7/><D105/><U95/><E111/><V89/><F132/><W78/><G68/><T64/><D114/><U59/><E127/><V123/><F123/><W133/><G78/><T82/><D75/><U72/><E128/><V135/><F135/><N who="3" m="51723" /><G53/><T55/><D64/><U50/><E30/><V22/><F77/><W131/><G131/><T51/><D42/><U91/><E83/><V31/><F65/><W93/><G28/><T102/><D102/><U79/><E79/><V54/><F47/><AGARI ba="3,1" hai="36,41,47,93,96,101,125,126" m="51723,44107" machi="47" ten="40,2600,0" yaku="11,1,20,1" doraHai="8" who="3" fromWho="2" sc="235,0,235,0,265,-35,255,45" /><INIT seed="3,0,0,4,0,78" ten="235,235,230,300" oya="3" hai0="0,115,19,2,38,46,12,41,45,43,17,87,88" hai1="124,122,93,120,3,27,119,70,89,108,56,123,110" hai2="98,129,97,86,33,21,49,85,111,71,6,59,113" hai3="107,67,125,54,20,84,68,72,24,61,81,5,15"/><W22/><G107/><T91/><D115/><U131/><E131/><V105/><F33/><W90/><G125/><T99/><D99/><N who="2" m="37898" /><F71/><W62/><G72/><T95/><D91/><U29/><E70/><V50/><F105/><W92/><G61/><T114/><D114/><U132/><E3/><V128/><F113/><W83/><G54/><T94/><D94/><U28/><E124/><V48/><F6/><W79/><G79/><T69/><D69/><U106/><E106/><V121/><F121/><W7/><G22/><T23/><D17/><U104/><E104/><V36/><F36/><AGARI ba="0,0" hai="0,2,12,19,23,36,38,41,43,45,46,87,88,95" machi="36" ten="30,3900,0" yaku="7,1,9,1,54,1" doraHai="78" who="0" fromWho="2" sc="235,39,235,0,230,-39,300,0" owari="274,7.0,235,-16.0,191,-31.0,300,40.0" /></mjloggm>