<mjloggm ver="2.3"><GO type="233" lobby="0"/><UN n0="%74%61%6B%75%61%6B%61" n1="%65%69%6B%31" n2="%E3%83%AF%E3%82%A4%E3%83%AB%E3%83%89" n3="%E3%82%A6%E3%83%AB%E3%83%88%E3%83%A9%E7%AB%8B%E7%9B%B4" dan="18,17,16,18" rate="2217.35,2135.94,2079.14,2249.25" sx="M,M,M,M"/><TAIKYOKU oya="0"/><INIT seed="0,0,0,3,2,122" ten="250,250,250,250" oya="0" hai0="11,17,34,10,6,97,82,133,68,52,113,9,72" hai1="2,132,47,105,13,84,33,63,83,35,79,25,51" hai2="109,55,16,101,90,120,41,111,93,66,127,119,8" hai3="32,28,58,104,30,44,69,65,56,18,112,20,117"/><T15/><D113/><U94/><E2/><V128/><F120/><W29/><G112/><T123/><D123/><U49/><E105/><V45/><F128/><W0/><G32/><T85/><D72/><U100/><E132/><V24/><F127/><W115/><G0/><T22/><D34/><U135/><E135/><V131/><F131/><W129/><G104/><T21/><D68/><U75/><E51/><V40/><F119/><W62/><G117/><T71/><D71/><U116/><E116/><V50/><F66/><W37/><G115/><T59/><D97/><U64/><E25/><V118/><F101/><W48/><G37/><T95/><D95/><U103/><E103/><V39/><F118/><W14/><REACH who="3" step="1"/><G129/><REACH who="3" ten="250,250,250,240" step="2"/><T67/><D133/><U74/><E35/><V98/><F39/><W102/><G102/><T5/><D22/><U23/><E33/><V126/><F126/><W43/><AGARI ba="0,1" hai="14,18,20,28,29,30,43,44,48,56,58,62,65,69" machi="43" ten="30,2000,0" yaku="1,1,0,1,53,0" doraHai="122" doraHaiUra="86" who="3" fromWho="3" sc="250,-10,250,-5,250,-5,240,30" /><INIT seed="1,0,0,1,1,77" ten="240,245,245,270" oya="1" hai0="72,113,94,102,35,82,107,18,66,91,68,97,34" hai1="101,135,33,114,0,23,99,73,4,133,122,51,79" hai2="3,87,106,25,120,98,8,21,43,80,108,85,81" hai3="9,26,61,50,6,117,105,32,126,42,54,92,46"/><U2/><E114/><V17/><F120/><W36/><G105/><T29/><D113/><U134/><E122/><V84/><F108/><W16/><G117/><T49/><D29/><U28/><E23/><V71/><F71/><W89/><G61/><T111/><D111/><U123/><E123/><V64/><F64/><W115/><G126/><T19/><D66/><U38/><E51/><V1/><F43/><W83/><G115/><T58/><D68/><U75/><E38/><V20/><F8/><W109/><G109/><T116/><D58/><U129/><E129/><V128/><F128/><W67/><G67/><T57/><D57/><U41/><E41/><V88/><F21/><N who="3" m="13607" /><G36/><T131/><D49/><U10/><E79/><V31/><F31/><W112/><G32/><T53/><D53/><U13/><E13/><V22/><F22/><W74/><G74/><T55/><D55/><U95/><REACH who="1" step="1"/><E2/><REACH who="1" ten="240,235,245,270" step="2"/><V76/><F3/><W62/><G112/><T24/><D131/><U11/><E11/><V7/><F1/><W132/><G9/><T118/><D118/><U110/><E110/><V100/><F7/><W56/><G6/><T70/><D116/><U60/><E60/><V104/><F104/><W40/><G40/><T27/><D107/><U5/><E5/><V78/><F78/><W93/><G132/><T121/><D121/><U15/><E15/><V30/><F30/><W59/><G62/><T52/><D35/><U86/><E86/><AGARI ba="0,1" hai="17,20,25,76,80,81,84,85,86,87,88,98,100,106" machi="86" ten="30,7700,0" yaku="7,1,52,2,54,1" doraHai="77" who="2" fromWho="1" sc="240,0,235,-77,245,87,270,0" /><INIT seed="2,0,0,2,2,44" ten="240,158,332,270" oya="2" hai0="70,43,87,6,71,114,100,112,72,49,4,102,108" hai1="92,59,88,86,89,5,25,60,69,113,78,115,117" hai2="129,54,101,132,65,97,61,80,17,122,20,111,48" hai3="30,135,68,66,83,75,50,91,51,0,110,23,118"/><V3/><F3/><W128/><G0/><T124/><D72/><U116/><E69/><V40/><F122/><W107/><G107/><T119/><D108/><U11/><E78/><V133/><F40/><W90/><G118/><T73/><D73/><U42/><E42/><V131/><F80/><W130/><G110/><T82/><D43/><U57/><E25/><V126/><F111/><W39/><G39/><T84/><D82/><U37/><E37/><V120/><F120/><W22/><G135/><N who="2" m="51785" /><F61/><N who="3" m="40015" /><G30/><T85/><D85/><U41/><E41/><V47/><F65/><W14/><G14/><T2/><D124/><U28/><E28/><V77/><F77/><N who="3" m="44479" /><G90/><T46/><D2/><U16/><E60/><V9/><F9/><W98/><G91/><T26/><D26/><U62/><E62/><V121/><F121/><W127/><G98/><T58/><D58/><U123/><E123/><V105/><F126/><W96/><G96/><T76/><D76/><U19/><E86/><V34/><F34/><W10/><G10/><T74/><D74/><U7/><E11/><V55/><F55/><W36/><G36/><T95/><D119/><U134/><E134/><V81/><F81/><W64/><G64/><T52/><D95/><AGARI ba="0,0" hai="5,7,16,19,57,59,88,89,92,95,113,115,116,117" machi="95" ten="25,6400,0" yaku="22,2,54,2" doraHai="44" who="1" fromWho="0" sc="240,-64,158,64,332,0,270,0" /><INIT seed="3,0,0,1,4,81" ten="176,222,332,270" oya="3" hai0="85,61,75,24,82,51,20,134,97,7,58,46,16" hai1="14,124,96,119,129,100,48,3,80,44,90,64,50" hai2="115,62,106,78,27,59,52,26,0,88,73,94,84" hai3="33,6,17,9,10,1,89,34,19,101,43,42,109"/><W76/><G101/><T54/><D134/><U47/><E3/><V130/><F0/><W127/><G76/><T53/><D75/><U112/><E112/><V70/><F115/><W56/><G127/><T2/><D97/><U15/><E124/><V32/><F130/><W110/><G56/><T118/><D118/><U131/><E64/><V77/><F73/><W116/><G89/><T108/><D108/><N who="3" m="41577" /><G116/><T126/><D126/><U135/><E119/><V114/><F114/><W107/><G107/><T12/><D2/><U123/><E90/><V66/><F106/><W25/><G43/><T18/><D7/><U57/><E57/><V67/><F67/><W35/><G42/><T31/><D12/><U38/><E80/><V22/><F32/><N who="3" m="12395" /><G10/><T11/><D11/><U72/><E72/><V133/><F133/><W68/><G68/><T8/><D8/><U45/><E135/><V113/><F113/><W105/><G105/><T49/><D61/><U121/><E45/><V120/><F120/><W13/><G1/><T87/><D87/><U21/><E96/><V71/><F71/><W83/><G83/><T4/><D4/><U23/><E100/><V28/><F27/><W128/><G128/><T99/><D99/><U69/><E69/><V65/><F65/><W5/><G5/><T30/><D30/><AGARI ba="0,0" hai="6,9,13,17,19,25,30,35" m="12395,41577" machi="30" ten="30,11600,0" yaku="14,1,10,1,34,2" doraHai="81" who="3" fromWho="0" sc="176,-116,222,0,332,0,270,116" /><INIT seed="3,1,0,5,1,70" ten="60,222,332,386" oya="3" hai0="93,84,110,126,8,41,107,125,103,75,116,32,49" hai1="17,9,37,122,33,66,101,14,104,30,39,51,111" hai2="52,64,114,78,25,31,21,42,47,50,57,124,96" hai3="135,18,118,56,99,88,127,69,65,121,0,19,73"/><W68/><G0/><T13/><D32/><U35/><E122/><V95/><F114/><W106/><G73/><T20/><D116/><U83/><E111/><V27/><F124/><W120/><G118/><T80/><D110/><U81/><E104/><V79/><F27/><W24/><G127/><N who="0" m="48651" /><D107/><U86/><E101/><V100/><REACH who="2" step="1"/><F64/><REACH who="2" ten="60,222,322,386" step="2"/><W60/><G24/><T10/><D75/><U7/><E66/><V115/><F115/><W109/><G65/><T22/><D8/><U44/><E33/><V87/><F87/><W131/><G121/><T97/><D41/><U55/><E35/><V72/><F72/><W23/><G120/><T112/><D112/><U63/><E86/><V67/><F67/><W102/><G109/><T6/><D49/><AGARI ba="1,1" hai="21,25,31,42,47,49,50,52,57,78,79,95,96,100" machi="49" ten="30,7700,0" yaku="1,1,7,1,8,1,54,1,53,0" doraHai="70" doraHaiUra="117" who="2" fromWho="0" sc="60,-80,222,0,322,90,386,0" owari="-20,-52.0,222,-18.0,412,51.0,386,19.0" /></mjloggm>