<mjloggm ver="2.3"><GO type="169" lobby="0"/><UN n0="%E3%83%9B%E3%83%BB%E3%82%B8%E3%83%A5%E3%83%B3" n1="%E3%82%88%E3%81%A3%E3%81%A1%E3%82%83%E3%82%93%30%31" n2="%E3%81%BD%E3%82%93%E5%A4%A7%E7%94%9F" n3="%E3%82%A6%E3%83%AB%E3%83%88%E3%83%A9%E7%AB%8B%E7%9B%B4" dan="17,16,16,17" rate="2231.47,2136.23,2071.45,2170.04" sx="M,M,M,M"/><TAIKYOKU oya="0"/><INIT seed="0,0,0,3,0,99" ten="250,250,250,250" oya="0" hai0="63,102,93,107,13,56,49,15,50,52,89,17,128" hai1="39,97,95,108,1,101,29,103,41,130,112,111,88" hai2="124,70,60,10,6,16,79,92,57,48,40,61,22" hai3="31,121,133,127,28,104,126,83,129,47,45,9,58"/><T125/><D125/><N who="3" m="47625" /><G104/><T122/><D122/><U90/><E1/><V36/><F124/><W68/><G68/><T123/><D123/><U132/><E132/><V43/><F36/><W117/><G117/><T94/><D128/><U62/><E130/><V51/><F70/><W66/><G121/><T7/><D107/><U71/><E29/><N who="3" m="11338" /><G129/><T86/><D7/><U135/><E135/><V42/><F79/><W78/><G133/><T24/><D24/><U4/><E112/><V76/><F76/><W75/><G9/><N who="0" m="6319" /><D15/><U35/><E4/><V25/><F92/><W116/><G116/><T98/><AGARI ba="0,0" hai="49,50,52,56,63,86,89,93,94,98,102" m="6319" machi="98" ten="30,6000,0" yaku="8,1,52,1,54,1" doraHai="99" who="0" fromWho="0" sc="250,60,250,-20,250,-20,250,-20" /><INIT seed="0,1,0,3,2,104" ten="310,230,230,230" oya="0" hai0="64,72,38,1,9,130,91,113,53,16,102,10,40" hai1="100,27,60,80,124,33,12,31,63,85,67,68,35" hai2="37,89,30,52,8,29,19,15,115,56,97,122,34" hai3="59,6,45,77,65,96,133,5,86,39,55,51,61"/><T74/><D113/><U57/><E124/><V3/><F115/><W17/><G133/><T50/><D102/><U108/><E108/><V79/><F122/><W126/><G126/><T47/><D130/><U46/><E46/><V118/><F37/><W28/><G28/><T101/><D101/><U92/><E12/><V112/><F112/><W20/><G96/><T105/><D105/><U11/><E11/><V2/><F118/><W125/><G125/><T121/><D121/><U134/><E134/><V22/><F79/><W54/><G39/><T44/><D64/><U129/><E129/><V69/><F69/><W76/><G55/><T75/><D1/><U82/><E35/><V99/><F34/><W88/><G5/><T21/><REACH who="0" step="1"/><D91/><REACH who="0" ten="300,230,230,230" step="2"/><U58/><E68/><V95/><F2/><W84/><G88/><T78/><D78/><U106/><E106/><V73/><F3/><W94/><G77/><T132/><D132/><U103/><E103/><V23/><F89/><W119/><G76/><T66/><D66/><U116/><E116/><V123/><F123/><W32/><G65/><T90/><D90/><U71/><E71/><V14/><F95/><W13/><G94/><T135/><D135/><U128/><E128/><V114/><F114/><W36/><G119/><T24/><AGARI ba="1,1" hai="9,10,16,21,24,38,40,44,47,50,53,72,74,75" machi="24" ten="30,18000,2" yaku="1,1,0,1,52,3,54,1,53,0" doraHai="104" doraHaiUra="83" who="0" fromWho="0" sc="300,193,230,-61,230,-61,230,-61" /><INIT seed="0,2,0,4,3,46" ten="493,169,169,169" oya="0" hai0="72,122,30,125,100,24,59,130,40,112,58,34,131" hai1="27,124,82,15,114,29,36,8,1,9,70,73,74" hai2="68,115,52,133,134,17,86,39,119,113,6,123,11" hai3="129,120,49,61,76,25,109,65,63,108,28,92,56"/><T69/><D112/><U53/><E114/><V10/><F123/><W64/><G120/><T18/><D122/><U19/><E36/><V110/><F39/><W2/><G2/><T45/><D72/><U117/><E117/><V41/><F41/><W62/><G76/><T13/><D100/><U121/><E121/><V31/><F68/><W5/><G5/><T104/><D104/><U66/><E124/><V55/><F119/><W4/><G4/><T111/><D69/><U118/><E118/><V3/><F31/><W42/><G92/><T44/><D44/><U20/><E82/><V14/><F110/><N who="3" m="42603" /><G129/><N who="0" m="49163" /><D125/><U77/><E77/><V60/><F86/><W103/><G103/><T87/><D87/><U78/><E78/><V47/><F55/><N who="3" m="31855" /><G42/><T93/><D93/><U91/><E91/><V94/><F94/><W35/><AGARI ba="2,0" hai="25,28,35,61,62,63,64,65" m="31855,42603" machi="35" ten="30,2000,0" yaku="14,1,52,1" doraHai="46" who="3" fromWho="3" sc="493,-12,169,-7,169,-7,169,26" /><INIT seed="1,0,0,2,5,22" ten="481,162,162,195" oya="1" hai0="51,40,32,16,95,17,2,78,100,80,93,133,126" hai1="103,127,116,69,92,47,14,101,34,112,49,28,57" hai2="20,91,9,5,120,115,107,71,66,113,3,106,85" hai3="90,129,108,30,26,117,53,42,86,64,12,19,13"/><U124/><E116/><V134/><F120/><W82/><G117/><T21/><D32/><U54/><E69/><V7/><F134/><W68/><G42/><T31/><D2/><U1/><E112/><N who="2" m="43083" /><F7/><W48/><G108/><T135/><D126/><N who="1" m="48171" /><E1/><V61/><F20/><W6/><G129/><T4/><D4/><U130/><E130/><V111/><F111/><W46/><G6/><T75/><D31/><U25/><E14/><V99/><F99/><W119/><G119/><T37/><D37/><U132/><E132/><N who="0" m="50761" /><D100/><N who="1" m="38475" /><E92/><AGARI ba="0,0" hai="3,5,9,61,66,71,85,91,92,106,107" m="43083" machi="92" ten="30,1000,0" yaku="11,1" doraHai="22" who="2" fromWho="1" sc="481,0,162,-10,162,10,195,0" /><INIT seed="2,0,0,2,2,121" ten="481,152,172,195" oya="2" hai0="6,5,22,14,100,118,72,15,23,59,35,77,71" hai1="88,134,24,74,79,105,93,61,60,26,7,90,119" hai2="111,51,32,2,33,4,75,87,120,131,25,30,45" hai3="91,129,28,57,39,31,95,109,73,114,29,64,113"/><V58/><F75/><W37/><G73/><T44/><D71/><U83/><E119/><V96/><F120/><W13/><G129/><T98/><D35/><U20/><E134/><V17/><F131/><W78/><G78/><T18/><D118/><U54/><E105/><V106/><F33/><W107/><G107/><T9/><D77/><U46/><E7/><V43/><F87/><W40/><G40/><T97/><D72/><U67/><E90/><V86/><F86/><W82/><G82/><T125/><D125/><U19/><E26/><V47/><F58/><W27/><G27/><T117/><D117/><U104/><E104/><V101/><F17/><W70/><G13/><T103/><D44/><U8/><E8/><V68/><F68/><W81/><G70/><T85/><D85/><U102/><E102/><N who="0" m="38953" /><D6/><U84/><REACH who="1" step="1"/><E67/><REACH who="1" ten="481,142,172,195" step="2"/><V38/><F4/><W124/><G64/><T126/><D5/><U34/><E34/><V135/><F2/><W36/><G91/><T94/><D9/><U42/><E42/><V116/><F135/><W16/><G124/><T115/><D126/><U41/><E41/><N who="2" m="25071" /><F116/><W53/><G114/><T130/><D115/><U10/><E10/><V50/><F38/><W21/><G113/><T65/><D130/><U52/><E52/><V133/><F133/><W127/><G127/><T11/><D11/><U48/><AGARI ba="0,1" hai="19,20,24,46,48,54,60,61,74,79,83,84,88,93" machi="48" ten="30,4000,0" yaku="1,1,0,1,54,1,53,0" doraHai="121" doraHaiUra="112" who="1" fromWho="1" sc="481,-10,142,50,172,-20,195,-10" /><INIT seed="3,0,0,3,1,76" ten="471,192,152,185" oya="3" hai0="135,56,111,133,72,117,107,69,0,17,119,122,4" hai1="130,12,113,53,124,2,92,93,23,89,21,68,29" hai2="96,46,116,42,94,52,48,8,126,26,74,86,41" hai3="77,31,49,104,128,54,9,65,38,63,24,121,67"/><W106/><G121/><T132/><D69/><U87/><E113/><V129/><F74/><W115/><G115/><T98/><D122/><U95/><E130/><V40/><F116/><W1/><G38/><T34/><D34/><U120/><E120/><V28/><F129/><W35/><G128/><T20/><D72/><U102/><E124/><V83/><F126/><W125/><G125/><T110/><D56/><U90/><E68/><V14/><F96/><W99/><G77/><T100/><D4/><U43/><E2/><V57/><F94/><W33/><G33/><T51/><D0/><U82/><E43/><V5/><F28/><W45/><G99/><T80/><D51/><U13/><E102/><V16/><F26/><W109/><G109/><N who="0" m="41483" /><D80/><U85/><E53/><V91/><REACH who="2" step="1"/><F5/><REACH who="2" ten="471,192,142,185" step="2"/><W66/><G106/><T127/><D127/><U22/><E29/><V44/><AGARI ba="0,1" hai="8,14,16,40,41,42,44,46,48,52,57,83,86,91" machi="44" ten="30,12000,2" yaku="1,1,2,1,0,1,8,1,52,1,54,2,53,0" doraHai="76" doraHaiUra="71" who="2" fromWho="2" sc="471,-30,192,-30,142,130,185,-60" /><INIT seed="4,0,0,2,5,3" ten="441,162,272,125" oya="0" hai0="20,27,40,36,125,39,120,45,46,42,17,75,76" hai1="23,78,113,19,28,54,81,127,91,2,61,104,22" hai2="100,97,6,43,26,64,131,94,30,85,18,71,121" hai3="38,65,80,0,116,74,68,72,96,44,102,119,129"/><T103/><D125/><U87/><E104/><V133/><F121/><W107/><G129/><T123/><D103/><U58/><E127/><V101/><F131/><W12/><G12/><T88/><REACH who="0" step="1"/><D88/><REACH who="0" ten="431,162,272,125" step="2"/><U62/><E113/><V66/><F100/><W99/><G102/><T4/><D4/><U11/><E78/><V117/><F6/><W32/><G80/><AGARI ba="0,1" hai="17,20,27,36,39,40,42,45,46,75,76,80,120,123" machi="80" ten="40,3900,0" yaku="1,1,9,1,53,0" doraHai="3" doraHaiUra="83" who="0" fromWho="3" sc="431,49,162,0,272,0,125,-39" /><INIT seed="4,1,0,2,5,6" ten="480,162,272,86" oya="0" hai0="135,25,125,16,55,39,7,42,80,71,70,98,89" hai1="130,15,129,114,19,128,33,24,116,96,76,93,103" hai2="38,87,134,90,5,119,56,36,68,46,47,75,115" hai3="40,112,101,49,9,117,132,84,82,31,83,77,13"/><T113/><D113/><U35/><E116/><V131/><F75/><W1/><G117/><T118/><D118/><U0/><E0/><V21/><F68/><W64/><G112/><T106/><D7/><U102/><E114/><V20/><F115/><W30/><G132/><T59/><D125/><U58/><E76/><V57/><F119/><W97/><G64/><T11/><D135/><U63/><E103/><V123/><F134/><W22/><G1/><T50/><D106/><U27/><E27/><V81/><F123/><W122/><G122/><T43/><D39/><U28/><E35/><V99/><F131/><W54/><G22/><N who="2" m="8809" /><F38/><W79/><G40/><T32/><D25/><U126/><E126/><V107/><F107/><W62/><G62/><T17/><D32/><U10/><REACH who="1" step="1"/><E129/><REACH who="1" ten="480,152,272,86" step="2"/><V60/><F36/><W45/><G101/><T51/><D89/><U88/><E88/><V94/><F90/><W95/><G97/><T44/><D98/><U121/><E121/><V65/><F99/><W73/><REACH who="3" step="1"/><G95/><REACH who="3" ten="480,152,272,76" step="2"/><T3/><D3/><U133/><E133/><V78/><F94/><W52/><G52/><AGARI ba="1,2" hai="10,15,19,24,28,33,52,58,63,93,96,102,128,130" machi="52" ten="40,5200,0" yaku="1,1,52,1,54,1,53,0" doraHai="6" doraHaiUra="18" who="1" fromWho="3" sc="480,0,152,75,272,0,76,-55" /><INIT seed="5,0,0,0,4,23" ten="480,227,272,21" oya="1" hai0="119,96,48,115,47,52,29,130,41,70,76,25,71" hai1="8,57,87,98,99,14,35,73,11,66,67,36,95" hai2="100,120,4,75,12,33,60,15,32,49,134,102,54" hai3="105,31,65,132,81,10,43,112,101,114,116,68,22"/><U123/><E123/><V125/><F120/><W30/><G43/><T108/><D108/><U118/><E118/><V56/><F75/><W109/><G65/><N who="1" m="24586" /><E35/><V110/><F110/><W135/><G68/><T89/><D119/><U2/><E2/><V72/><F72/><W86/><G109/><T80/><D115/><N who="3" m="44073" /><G116/><T42/><D130/><U59/><E73/><V19/><F125/><W58/><G58/><N who="1" m="22026" /><E36/><V92/><F134/><N who="3" m="51243" /><G10/><N who="1" m="3626" /><E14/><V20/><F15/><W45/><G45/><T129/><D129/><U88/><AGARI ba="0,0" hai="87,88,95,98,99" m="3626,22026,24586" machi="88" ten="30,3000,0" yaku="8,1,54,1" doraHai="23" who="1" fromWho="1" sc="480,-10,227,30,272,-10,21,-10" /><INIT seed="5,1,0,2,3,52" ten="470,257,262,11" oya="1" hai0="105,122,74,77,18,75,2,109,66,47,55,56,10" hai1="101,92,89,49,16,116,117,48,22,27,123,14,102" hai2="106,44,70,34,112,61,82,32,133,0,131,135,69" hai3="85,84,65,111,128,64,59,42,46,130,72,39,23"/><U107/><E123/><V51/><F131/><N who="3" m="50219" /><G72/><T83/><D105/><U54/><E49/><V5/><F106/><W81/><G111/><T53/><D109/><U28/><E107/><V50/><F112/><W129/><N who="3" m="50227" /><W21/><DORA hai="6" /><G85/><T80/><D122/><U13/><E117/><V15/><F0/><W118/><G118/><T134/><D134/><N who="2" m="51210" /><F82/><W58/><G65/><T76/><D47/><N who="1" m="27935" /><E116/><V29/><F50/><W94/><G94/><T62/><D18/><U12/><E28/><V125/><F125/><W88/><G64/><T86/><D86/><AGARI ba="1,0" hai="12,13,14,16,22,27,86,89,92,101,102" m="27935" machi="86" ten="30,2900,0" yaku="8,1,54,1" doraHai="52,6" who="1" fromWho="0" sc="470,-32,257,32,262,0,11,0" /><INIT seed="5,2,0,0,0,65" ten="438,289,262,11" oya="1" hai0="120,134,9,106,46,3,116,70,0,86,8,88,35" hai1="84,125,95,109,26,31,122,92,5,50,66,20,22" hai2="54,34,30,61,102,79,11,64,85,48,12,81,108" hai3="103,117,74,123,25,121,77,28,53,58,4,24,47"/><U82/><E122/><V76/><F108/><W63/><G117/><T67/><D106/><U49/><E125/><V111/><F111/><W17/><G4/><T78/><D116/><U99/><E109/><V37/><F37/><W56/><G103/><T110/><D110/><U23/><E66/><V75/><F102/><W100/><G100/><T7/><D35/><U1/><E1/><V36/><F36/><W133/><G133/><T44/><D78/><U51/><E5/><V115/><F115/><W45/><G77/><T126/><D134/><U98/><E31/><V101/><F101/><W33/><G74/><T114/><D114/><U19/><E19/><V130/><F130/><W83/><G83/><T132/><D132/><U62/><E62/><V42/><F42/><W39/><G58/><T105/><D105/><U127/><E26/><V71/><F30/><W112/><G112/><T87/><D126/><U13/><E13/><V38/><F38/><W97/><G97/><N who="1" m="36874" /><E127/><V104/><F104/><W21/><REACH who="3" step="1"/><G39/><REACH who="3" ten="438,289,262,1" step="2"/><T72/><D72/><U18/><E18/><V55/><F75/><W6/><G6/><T93/><D3/><U91/><AGARI ba="2,1" hai="20,22,23,49,50,51,82,84,91,92,95" m="36874" machi="91" ten="40,2100,0" yaku="8,1" doraHai="65" who="1" fromWho="1" sc="438,-9,289,37,262,-9,1,-9" owari="429,53.0,326,13.0,253,-15.0,-8,-51.0" /></mjloggm>