<mjloggm ver="2.3"><GO type="169" lobby="0"/><UN n0="%73%68%61%70%65%6C%65%72" n1="%E3%83%88%E3%83%88%E3%83%AA%E5%85%88%E7%94%9F%31%39%E6%AD%B3" n2="%E3%82%B4%E3%83%BC%E3%83%AB%E3%83%87%E3%83%B3%E3%81%B2%E3%82%88%E3%81%93" n3="%E3%81%B5%E3%81%8B%E3%81%98" dan="18,18,16,16" rate="2249.80,2199.87,2123.70,2108.32" sx="M,F,M,M"/><TAIKYOKU oya="0"/><INIT seed="0,0,0,4,2,44" ten="250,250,250,250" oya="0" hai0="124,47,135,11,40,133,35,24,32,45,130,128,3" hai1="28,112,71,116,100,81,123,87,39,36,89,134,51" hai2="16,19,120,6,122,93,41,115,88,27,127,30,0" hai3="9,23,99,98,106,34,55,68,1,119,92,50,86"/><T79/><D79/><U109/><E116/><V107/><F107/><W46/><G34/><T82/><D82/><U54/><E123/><V17/><F115/><W84/><G68/><T10/><D124/><U94/><E71/><V132/><F127/><W85/><G106/><T8/><D3/><U15/><E112/><V49/><F132/><N who="0" m="50762" /><D47/><U60/><E134/><V48/><F6/><W2/><G119/><T4/><D4/><U113/><E113/><V129/><F0/><W26/><G9/><T53/><D53/><U105/><E109/><V103/><F103/><W13/><G13/><T97/><D97/><U90/><E60/><V114/><F114/><W52/><G55/><T118/><D118/><U18/><E28/><V91/><F41/><W7/><G7/><T42/><D42/><U117/><E117/><V96/><F129/><N who="0" m="49770" /><D24/><U95/><E105/><V64/><F64/><W76/><G76/><T14/><D14/><U125/><E125/><V69/><F69/><W101/><REACH who="3" step="1"/><G98/><REACH who="3" ten="250,250,250,240" step="2"/><T110/><D110/><U126/><E126/><V63/><F120/><W102/><G102/><T61/><D61/><U37/><E100/><N who="2" m="60431" /><F63/><W31/><AGARI ba="0,1" hai="1,2,23,26,31,46,50,52,84,85,86,92,99,101" machi="31" ten="30,7900,0" yaku="1,1,0,1,52,1,54,1,53,0" doraHai="44" doraHaiUra="57" who="3" fromWho="3" sc="250,-39,250,-20,250,-20,240,89" /><INIT seed="1,0,0,5,5,83" ten="211,230,230,329" oya="1" hai0="6,125,116,76,48,72,7,122,16,68,12,13,80" hai1="19,118,26,113,98,31,104,65,23,25,114,30,49" hai2="32,40,44,20,93,94,1,15,50,117,42,5,75" hai3="111,62,61,82,79,86,41,107,59,129,55,39,132"/><U74/><E118/><V58/><F117/><W3/><G107/><T108/><D116/><U96/><E74/><V121/><F121/><W131/><G3/><T63/><D122/><U21/><E65/><V4/><F1/><W78/><G111/><T34/><D34/><U99/><E104/><V103/><F32/><W67/><G132/><T9/><D108/><U51/><REACH who="1" step="1"/><E19/><REACH who="1" ten="211,220,230,329" step="2"/><N who="2" m="10367" /><F75/><W18/><G18/><T53/><D125/><U73/><E73/><V128/><F128/><W36/><G129/><T71/><D71/><U54/><E54/><N who="2" m="30023" /><F58/><W35/><G131/><T133/><D133/><U119/><E119/><V115/><F115/><AGARI ba="0,1" hai="21,23,25,26,30,31,49,51,96,98,99,113,114,115" machi="115" ten="40,3900,0" yaku="1,1,9,1,53,0" doraHai="83" doraHaiUra="81" who="1" fromWho="2" sc="211,0,220,49,230,-39,329,0" /><INIT seed="1,1,0,3,0,50" ten="211,269,191,329" oya="1" hai0="119,87,14,66,76,86,2,11,123,16,128,37,118" hai1="46,112,30,70,122,83,133,18,85,116,58,22,104" hai2="121,84,89,54,126,124,78,64,92,17,32,1,36" hai3="47,113,9,96,125,51,7,77,0,117,102,73,56"/><U67/><E112/><V4/><F121/><W75/><G113/><T134/><D123/><U91/><E116/><V81/><F32/><W24/><G117/><T68/><D37/><U29/><E122/><V57/><F36/><W20/><G56/><T110/><D110/><U71/><E104/><V41/><F41/><W114/><G77/><T39/><D39/><U49/><E133/><V62/><F17/><W109/><G109/><T26/><D134/><U107/><E107/><V97/><F4/><W31/><G125/><N who="2" m="48233" /><F1/><W6/><G6/><T27/><D2/><U90/><E90/><V5/><F5/><W88/><G114/><T80/><D128/><U94/><E83/><V74/><F64/><W8/><G8/><T55/><D119/><U135/><E135/><V93/><F93/><W69/><G69/><T127/><D127/><U100/><E100/><V105/><F105/><W129/><G129/><T106/><D106/><U25/><E70/><V33/><F33/><W43/><G88/><T95/><D118/><U45/><E71/><V21/><F21/><W12/><G0/><T111/><D66/><U131/><E131/><V15/><F15/><W79/><G79/><T23/><D68/><U19/><E19/><V101/><F101/><W44/><G102/><T82/><D111/><U38/><E38/><V34/><F34/><W108/><G108/><T52/><D95/><U130/><E130/><V53/><F74/><W60/><G73/><T72/><D72/><U59/><E67/><V35/><F35/><W99/><G75/><T65/><D82/><U10/><E94/><RYUUKYOKU ba="1,0" sc="211,-10,269,-10,191,30,329,-10" hai2="53,54,57,62,78,81,84,89,92,97" /><INIT seed="2,2,0,2,5,41" ten="201,259,221,319" oya="2" hai0="32,129,48,101,12,40,33,50,1,38,42,23,17" hai1="133,127,131,55,96,126,4,57,78,7,121,84,110" hai2="75,37,51,109,86,89,99,60,26,13,67,108,85" hai3="83,28,105,43,128,91,98,61,130,5,64,29,10"/><V25/><F75/><W24/><G43/><T135/><D1/><U102/><E110/><N who="2" m="42603" /><F37/><W15/><G83/><T70/><D70/><U95/><E131/><N who="3" m="50218" /><G24/><N who="2" m="9321" /><F13/><W11/><G11/><T94/><D135/><U30/><E133/><V18/><F18/><W27/><G27/><T8/><D129/><U46/><E30/><V71/><F51/><W53/><G15/><T115/><D115/><U100/><E121/><V68/><F68/><W88/><G28/><T52/><D38/><U125/><E100/><V120/><F120/><W97/><G29/><T6/><D48/><N who="1" m="29079" /><E57/><V14/><F14/><W0/><G0/><T3/><D33/><U73/><E73/><V65/><F65/><W87/><G64/><T44/><REACH who="0" step="1"/><D32/><REACH who="0" ten="191,259,221,319" step="2"/><U59/><E126/><V111/><F111/><W76/><G61/><T122/><D122/><U63/><E127/><V118/><F118/><W19/><G19/><T62/><D62/><U69/><E69/><V113/><F113/><W79/><G5/><T31/><D31/><U66/><E125/><V81/><F81/><AGARI ba="2,1" hai="4,7,59,63,66,78,81,84,95,96,102" m="29079" machi="81" ten="30,2000,0" yaku="8,1,52,1" doraHai="41" who="1" fromWho="2" sc="191,0,259,36,221,-26,319,0" /><INIT seed="3,0,0,4,0,121" ten="191,295,195,319" oya="3" hai0="3,118,123,129,39,46,83,91,41,76,80,77,125" hai1="43,22,8,7,98,5,112,24,111,58,40,130,1" hai2="105,44,99,14,128,0,132,73,104,48,108,10,102" hai3="106,53,28,34,20,57,93,29,78,61,26,107,74"/><W86/><G74/><T90/><D123/><U55/><E112/><V37/><F37/><W16/><G29/><T70/><D118/><U30/><E130/><V50/><F128/><W75/><G75/><T122/><D122/><U131/><E131/><V60/><F73/><W133/><G133/><T35/><D35/><U85/><E111/><V127/><F108/><W120/><G120/><T110/><D129/><U113/><E113/><V54/><F0/><W2/><G2/><T17/><D3/><U42/><E1/><V115/><F132/><W66/><G66/><T19/><D70/><U32/><E8/><V18/><F115/><W63/><G63/><T94/><D110/><U134/><E32/><V12/><F60/><W67/><G67/><T114/><D114/><U51/><E134/><V25/><F25/><W56/><G56/><T31/><D31/><U33/><E33/><V96/><F127/><W79/><G79/><T88/><D94/><U52/><E98/><V65/><F65/><W124/><G124/><T64/><D64/><U59/><E85/><V27/><F96/><W84/><G86/><T23/><D125/><U9/><E9/><N who="2" m="6415" /><F27/><W72/><G72/><T97/><D97/><U4/><E4/><N who="2" m="3399" /><F105/><W103/><G106/><T49/><D39/><U38/><E38/><V126/><F50/><AGARI ba="0,0" hai="5,7,22,24,30,40,42,43,50,51,52,55,58,59" machi="50" ten="40,5200,0" yaku="9,1,8,1,54,1" doraHai="121" who="1" fromWho="2" sc="191,0,295,52,195,-52,319,0" /><INIT seed="4,0,0,5,5,130" ten="191,347,143,319" oya="0" hai0="100,120,128,12,32,78,43,34,102,91,52,67,50" hai1="37,21,73,20,94,60,108,129,104,9,124,2,35" hai2="22,122,97,3,70,99,66,93,25,7,127,79,71" hai3="59,114,33,103,113,107,115,65,54,135,80,106,68"/><T44/><D128/><U112/><RYUUKYOKU type="yao9" ba="0,0" sc="191,0,347,0,143,0,319,0" hai1="2,9,20,21,35,37,60,73,94,104,108,112,124,129" /><INIT seed="4,1,0,4,2,71" ten="191,347,143,319" oya="0" hai0="70,102,97,37,104,111,131,3,116,60,98,129,5" hai1="107,53,40,56,94,108,48,124,22,10,135,77,39" hai2="87,28,32,4,114,134,127,101,46,62,75,26,21" hai3="125,83,65,15,14,69,27,41,16,105,54,43,49"/><T66/><D116/><U23/><E108/><V73/><F127/><W82/><G105/><T128/><D98/><U76/><E107/><V19/><F134/><W61/><G125/><T99/><D99/><U100/><E124/><V89/><F114/><W58/><G27/><T36/><REACH who="0" step="1"/><D111/><REACH who="0" ten="181,347,143,319" step="2"/><U9/><E100/><V78/><F101/><W86/><G14/><T52/><D52/><U84/><E53/><V17/><F4/><W55/><G54/><T18/><D18/><U2/><E135/><V118/><F118/><W25/><G25/><T47/><D47/><U88/><E2/><V1/><F1/><W57/><G16/><T91/><D91/><U113/><E113/><V6/><F6/><W13/><G55/><T31/><D31/><U110/><E110/><V103/><F46/><W38/><G43/><T119/><D119/><U11/><E40/><V109/><F103/><W20/><G41/><T59/><D59/><U24/><E56/><V92/><F109/><W7/><G57/><T117/><D117/><U123/><E88/><V0/><F0/><W51/><G58/><T81/><D81/><U85/><E94/><V106/><F106/><W74/><G82/><T122/><D122/><U96/><E123/><V33/><F78/><W80/><G83/><T130/><N who="0" m="33280" /><DORA hai="95" /><T30/><D30/><U8/><E77/><V45/><F45/><W120/><G80/><T34/><D34/><N who="2" m="13418" /><F62/><W90/><G61/><T112/><D112/><U42/><E76/><V133/><F133/><W126/><G120/><T50/><D50/><U12/><N who="1" m="2048" /><DORA hai="63" /><U35/><E48/><RYUUKYOKU ba="1,1" sc="181,15,347,-15,143,15,319,-15" hai0="3,5,36,37,60,66,70,97,102,104" hai2="17,19,21,26,28,73,75,87,89,92" /><INIT seed="4,2,1,0,2,91" ten="196,332,158,304" oya="0" hai0="14,67,117,49,50,95,112,101,36,65,116,93,24" hai1="81,46,27,12,64,100,31,40,72,113,20,47,130" hai2="110,43,30,52,45,92,39,114,57,22,76,55,56" hai3="97,134,11,104,82,121,74,60,131,26,8,103,133"/><T89/><D36/><U17/><E130/><V107/><F110/><W58/><G131/><T19/><D112/><U75/><E113/><V35/><F114/><W44/><G121/><T111/><D111/><U61/><E100/><V16/><F107/><W126/><G126/><T120/><D120/><U32/><E81/><V28/><F76/><N who="3" m="44311" /><G44/><T129/><D129/><U86/><E86/><V63/><F35/><W73/><G26/><T48/><D24/><U119/><E119/><V15/><REACH who="2" step="1"/><F92/><REACH who="2" ten="196,332,148,304" step="2"/><W18/><G104/><T7/><D117/><U109/><E109/><V135/><F135/><W2/><G133/><T102/><D116/><U108/><E108/><V4/><F4/><W115/><G134/><T53/><D7/><U37/><E32/><V96/><F96/><W118/><G97/><N who="0" m="59567" /><D102/><U9/><E72/><V41/><F41/><W54/><G73/><T68/><D68/><U127/><E75/><V5/><F5/><W62/><G118/><T21/><D53/><U90/><E40/><V34/><F34/><W80/><G54/><T70/><D70/><U83/><E127/><V25/><F25/><W71/><G71/><T10/><D21/><U59/><E20/><V88/><F88/><W84/><G115/><T33/><D33/><U1/><E90/><V78/><F78/><W123/><G103/><T29/><D29/><U99/><E31/><V0/><F0/><W106/><G2/><T94/><D95/><U51/><E1/><V3/><F3/><W85/><G123/><T128/><D128/><U122/><E27/><V38/><F38/><W23/><G106/><RYUUKYOKU ba="2,2" sc="196,15,332,-15,148,15,304,-15" hai0="10,14,19,48,49,50,65,67,89,94" hai2="15,16,22,28,30,39,43,45,52,55,56,57,63" /><INIT seed="4,3,2,0,5,23" ten="211,317,163,289" oya="0" hai0="12,133,55,36,1,128,15,2,84,132,93,122,76" hai1="104,92,119,43,45,116,6,13,68,124,97,79,98" hai2="107,108,89,5,32,113,21,3,10,42,16,37,24" hai3="106,109,9,26,100,75,38,41,81,60,88,22,30"/><T40/><D122/><U51/><E68/><V27/><F107/><W58/><G109/><T31/><D128/><U7/><E124/><V118/><F108/><W85/><G75/><T77/><D36/><U52/><E79/><V131/><F131/><W129/><G129/><T44/><D55/><U25/><E116/><V20/><F118/><W61/><G9/><T62/><D62/><U121/><E121/><V80/><F113/><W57/><G61/><T56/><D56/><U110/><E119/><V0/><F37/><W134/><G134/><T69/><D69/><U120/><E120/><V28/><F42/><W115/><G115/><T67/><D67/><U59/><E110/><V114/><F114/><W29/><G29/><T105/><D105/><U53/><E104/><V70/><F70/><W94/><G106/><T102/><D31/><U123/><E123/><V117/><F117/><W74/><G60/><T71/><D71/><U50/><E43/><V18/><F89/><W96/><REACH who="3" step="1"/><G74/><REACH who="3" ten="211,317,163,279" step="2"/><T83/><D132/><U111/><E111/><V64/><F64/><W19/><G19/><T34/><D133/><U87/><E6/><V63/><F63/><W135/><G135/><T127/><D127/><U125/><E7/><V46/><F46/><AGARI ba="3,3" hai="22,26,30,38,41,46,57,58,81,85,88,94,96,100" machi="46" ten="40,5200,0" yaku="1,1,52,1,54,1,53,0" doraHai="23" doraHaiUra="103" who="3" fromWho="2" sc="211,0,317,0,163,-61,279,91" /><INIT seed="5,0,0,3,2,41" ten="211,317,102,370" oya="1" hai0="12,8,79,100,37,54,106,104,108,47,57,25,56" hai1="19,81,85,95,21,91,22,1,102,44,97,93,105" hai2="30,59,26,51,123,62,96,4,73,18,114,69,39" hai3="52,33,83,14,84,3,58,103,121,78,24,88,7"/><U94/><E1/><V64/><F123/><W48/><G121/><T0/><D108/><U80/><E19/><V87/><F39/><W70/><G70/><T63/><D0/><U129/><E129/><V111/><F73/><W90/><G3/><T43/><D100/><U127/><E127/><V60/><F111/><W101/><G33/><T5/><D79/><U72/><E22/><V16/><F114/><W20/><G101/><T35/><REACH who="0" step="1"/><D57/><REACH who="0" ten="201,317,102,370" step="2"/><U68/><E102/><V135/><F135/><W124/><G103/><T107/><D107/><U98/><E105/><V36/><F36/><W128/><G124/><T17/><D17/><U117/><E68/><V134/><F134/><W112/><G112/><T82/><D82/><U120/><E120/><V86/><F4/><W42/><G128/><T11/><D11/><U71/><E71/><V122/><F122/><W29/><G78/><T9/><D9/><U133/><E133/><V34/><F18/><W50/><G90/><T74/><D74/><U27/><E72/><V118/><F16/><W125/><G125/><T10/><D10/><U110/><E80/><V66/><F118/><W49/><G7/><T116/><D116/><U23/><E117/><V115/><F115/><W53/><G58/><T109/><D109/><U55/><E110/><V77/><F77/><W130/><G130/><T75/><D75/><U119/><E119/><V61/><F59/><W126/><G126/><T131/><D131/><U99/><E27/><V45/><F69/><W6/><G6/><T2/><D2/><U46/><E81/><V76/><F76/><RYUUKYOKU ba="0,1" sc="201,30,317,-10,102,-10,370,-10" hai0="5,8,12,25,35,37,43,47,54,56,63,104,106" /><INIT seed="6,1,1,3,3,89" ten="231,307,92,360" oya="2" hai0="47,100,71,116,80,106,25,72,46,126,6,49,33" hai1="12,70,42,125,95,96,128,92,58,91,2,60,84" hai2="93,48,129,34,131,112,26,97,90,127,63,15,59" hai3="27,134,102,30,14,65,21,11,17,29,83,36,115"/><V122/><F122/><W79/><G36/><T69/><D46/><U113/><E2/><V110/><F112/><W41/><G41/><T114/><D114/><U40/><E70/><V88/><F127/><W81/><G115/><T20/><D33/><U98/><E113/><V24/><F110/><W37/><G37/><T124/><D116/><U117/><E117/><V82/><F48/><W5/><G134/><T1/><D1/><U118/><E118/><V109/><F109/><W130/><G130/><N who="2" m="49673" /><F15/><W52/><G65/><T76/><D6/><U68/><E68/><V57/><F34/><W35/><G102/><T86/><D72/><U64/><E128/><V39/><F39/><W7/><G30/><T16/><D124/><U50/><E125/><V61/><F61/><W78/><G78/><T8/><D126/><U9/><E50/><V19/><F19/><W105/><G79/><T23/><D23/><U45/><E45/><V28/><F28/><W94/><G29/><T87/><D87/><U31/><E84/><N who="2" m="50455" /><F59/><W99/><G35/><T67/><D8/><U132/><E132/><V123/><F123/><W133/><G133/><T121/><D121/><U51/><E51/><V74/><F74/><W108/><G108/><T111/><D111/><U73/><E31/><V4/><F4/><W77/><G5/><T13/><D13/><U66/><E73/><V38/><F38/><W120/><G120/><T3/><D3/><U55/><E42/><V22/><F22/><W104/><G21/><T62/><D49/><U107/><E40/><V44/><F44/><W56/><G7/><RYUUKYOKU ba="1,1" sc="231,-10,307,-10,92,30,360,-10" hai2="24,26,57,63,88,93,97" /><INIT seed="6,2,1,0,3,14" ten="221,297,122,350" oya="2" hai0="25,49,98,131,105,79,85,80,30,45,31,63,33" hai1="132,17,118,123,43,127,111,104,57,16,69,58,113" hai2="59,78,56,54,23,115,83,68,21,36,12,95,13" hai3="81,27,130,4,2,39,120,76,0,29,1,82,5"/><V94/><F68/><W84/><G120/><T44/><D131/><U135/><E104/><V89/><F36/><W121/><G121/><T11/><D31/><U106/><E123/><V103/><F115/><W129/><G39/><T126/><D126/><U37/><E111/><V108/><F108/><W117/><G117/><T87/><D45/><N who="1" m="23791" /><E118/><V101/><F78/><W67/><G67/><T62/><D87/><U52/><E106/><V91/><REACH who="2" step="1"/><F54/><REACH who="2" ten="221,297,112,350" step="2"/><W64/><G76/><T133/><D133/><U32/><E69/><V51/><F51/><W74/><G129/><T70/><D70/><U46/><E52/><V122/><F122/><W65/><G130/><T102/><D11/><U9/><E9/><V107/><F107/><W71/><G71/><T72/><D72/><U60/><E113/><V75/><F75/><W53/><G53/><AGARI ba="2,2" hai="25,30,33,44,49,53,62,63,79,80,85,98,102,105" machi="53" ten="30,1000,0" yaku="7,1" doraHai="14" who="0" fromWho="3" sc="221,36,297,0,112,0,350,-16" /><INIT seed="7,0,0,2,4,39" ten="257,297,112,334" oya="3" hai0="118,91,19,27,5,52,68,50,37,60,128,95,66" hai1="74,22,81,115,47,30,64,63,127,38,75,14,131" hai2="62,56,23,46,70,1,31,82,21,89,123,73,129" hai3="59,133,41,109,58,92,65,55,2,116,132,48,98"/><W83/><G116/><T18/><D37/><U49/><E38/><V69/><F1/><W97/><G2/><T100/><D118/><U40/><E115/><V51/><F123/><W88/><G109/><T130/><D100/><U25/><E131/><V42/><F129/><W61/><G83/><T134/><D134/><N who="3" m="51817" /><G41/><T76/><D76/><U11/><E81/><V4/><F70/><W26/><G26/><T120/><D5/><U35/><E35/><V112/><F69/><W10/><G10/><T67/><D67/><U78/><E78/><V105/><F105/><W34/><G34/><T71/><D71/><U57/><REACH who="1" step="1"/><E127/><REACH who="1" ten="257,287,112,334" step="2"/><V9/><F112/><W16/><G16/><AGARI ba="0,1" hai="11,14,16,22,25,30,40,47,49,57,63,64,74,75" machi="16" ten="30,8000,1" yaku="1,1,2,1,7,1,52,1,54,1,53,0" doraHai="39" doraHaiUra="86" who="1" fromWho="3" sc="257,0,287,90,112,0,334,-80" owari="257,6.0,377,48.0,112,-39.0,254,-15.0" /></mjloggm>