<mjloggm ver="2.3"><GO type="169" lobby="0"/><UN n0="%E3%81%BA%E3%83%BC" n1="%73%61%69%72%61%73%75" n2="%E6%96%87%E5%9B%9B%E9%83%8E" n3="%E5%B0%B1%E6%B4%BB%E7%94%9F%40%E5%B7%9D%E6%9D%91%E8%BB%8D%E5%9B%A3" dan="17,17,16,17" rate="2188.57,2163.45,2135.85,2202.50" sx="M,M,M,M"/><TAIKYOKU oya="0"/><INIT seed="0,0,0,0,5,32" ten="250,250,250,250" oya="0" hai0="34,37,18,5,7,0,99,122,28,25,124,67,89" hai1="39,82,50,38,66,95,94,44,10,134,17,56,109" hai2="49,91,76,26,13,20,113,90,3,121,69,64,104" hai3="24,57,74,110,45,106,11,53,65,47,123,22,103"/><T29/><D37/><U9/><E109/><V55/><F121/><W43/><G74/><T73/><D73/><U118/><E118/><V98/><F113/><W27/><G123/><T59/><D122/><U71/><E71/><V40/><F40/><W115/><G115/><T6/><D124/><U80/><E134/><V77/><F3/><W30/><G110/><T42/><D42/><U62/><E39/><V117/><F117/><W60/><G106/><T133/><D133/><U114/><E38/><V75/><F13/><W119/><G119/><T87/><D99/><U36/><E36/><V86/><F75/><W52/><G103/><T61/><D28/><U23/><E114/><V132/><F132/><W111/><G111/><T8/><REACH who="0" step="1"/><D18/><REACH who="0" ten="240,250,250,250" step="2"/><U33/><E33/><V14/><F98/><W107/><G43/><T96/><D96/><U54/><E17/><V19/><F19/><W126/><G126/><T129/><D129/><U46/><E23/><V116/><F20/><W128/><G128/><T2/><D2/><U31/><E31/><V84/><F116/><W125/><G125/><T93/><AGARI ba="0,1" hai="0,5,6,7,8,25,29,34,59,61,67,87,89,93" machi="93" ten="20,7800,0" yaku="1,1,0,1,7,1,52,1,53,0" doraHai="32" doraHaiUra="105" who="0" fromWho="0" sc="240,88,250,-26,250,-26,250,-26" /><INIT seed="0,1,0,0,5,97" ten="328,224,224,224" oya="0" hai0="5,130,95,27,87,134,22,52,6,34,106,75,48" hai1="101,86,92,16,99,117,114,42,15,51,23,66,109" hai2="120,131,126,133,39,33,85,17,58,43,88,20,7" hai3="56,93,91,111,124,63,35,38,31,60,40,53,1"/><T9/><D75/><U57/><E117/><V10/><F120/><W26/><G111/><T70/><D106/><U74/><E109/><V0/><F33/><W4/><G124/><T127/><D34/><U103/><E74/><V49/><F39/><W32/><G32/><T110/><D70/><U78/><E114/><V54/><F43/><W77/><G77/><T102/><D110/><U3/><E3/><V118/><F126/><W45/><G1/><T112/><D112/><U46/><E66/><V96/><F118/><W25/><G4/><N who="0" m="1643" /><D9/><U11/><E57/><V98/><F133/><W80/><G80/><T76/><D127/><U41/><E11/><V115/><F115/><W121/><G121/><T82/><D130/><U59/><E59/><V119/><F119/><W29/><G29/><N who="0" m="17655" /><D134/><U67/><E67/><V122/><F131/><W84/><REACH who="3" step="1"/><G26/><REACH who="3" ten="328,224,224,214" step="2"/><T104/><D104/><U50/><E78/><V90/><F122/><W125/><G125/><T28/><D28/><U64/><E64/><V132/><F132/><W107/><G107/><T113/><D113/><U14/><E14/><V79/><F79/><W37/><G37/><T68/><D95/><U62/><E86/><V73/><F73/><W69/><G69/><T21/><D68/><U72/><E72/><V116/><F116/><W13/><G13/><T8/><D87/><U30/><E30/><V44/><F85/><W123/><G123/><T2/><D82/><U94/><E94/><V100/><F0/><W108/><G108/><T65/><D2/><U24/><E92/><V83/><F83/><W61/><AGARI ba="1,1" hai="25,31,35,38,40,45,53,56,60,61,63,84,91,93" machi="61" ten="20,5200,0" yaku="1,1,5,1,0,1,7,1,53,0" doraHai="97" doraHaiUra="12" who="3" fromWho="3" sc="328,-27,224,-14,224,-14,214,65" /><INIT seed="1,0,0,0,2,116" ten="301,210,210,279" oya="1" hai0="45,111,103,124,122,72,96,54,98,3,80,70,27" hai1="120,49,73,87,52,121,69,109,132,131,77,8,51" hai2="14,83,9,107,38,105,79,1,128,29,88,26,39" hai3="90,22,118,40,53,94,114,108,17,34,58,101,56"/><U134/><E73/><V44/><F128/><W64/><G34/><T67/><D3/><U68/><E131/><V32/><F1/><W130/><G114/><T23/><D111/><U30/><E30/><V5/><F88/><W50/><G130/><T125/><D70/><N who="1" m="27243" /><E8/><V115/><F115/><W2/><G2/><T15/><D67/><U4/><E4/><V46/><F46/><W100/><G40/><T55/><D15/><U33/><E33/><V85/><REACH who="2" step="1"/><F44/><REACH who="2" ten="301,210,200,279" step="2"/><W65/><G108/><T18/><D45/><N who="1" m="27695" /><E109/><V135/><F135/><N who="1" m="51753" /><E51/><V20/><F20/><W133/><G133/><T61/><D23/><U21/><E21/><V19/><F19/><W84/><G118/><T66/><D18/><U28/><E28/><V119/><F119/><W36/><G17/><T93/><D27/><U47/><E47/><V6/><F6/><W89/><G22/><T129/><D129/><U43/><E43/><V99/><F99/><W104/><G90/><T35/><D98/><U16/><E16/><V42/><F42/><W25/><G89/><T12/><D96/><U76/><E76/><V97/><F97/><W102/><G102/><T82/><D103/><U11/><E11/><V81/><F81/><AGARI ba="0,1" hai="77,81,87,120,121" m="51753,27695,27243" machi="81" ten="30,11600,0" yaku="20,1,52,2,54,1" doraHai="116" who="1" fromWho="2" sc="301,0,210,126,200,-116,279,0" /><INIT seed="1,1,0,3,4,129" ten="301,336,84,279" oya="1" hai0="123,132,116,118,6,62,44,104,3,88,54,57,29" hai1="68,113,66,111,17,67,91,18,75,102,96,12,114" hai2="82,22,46,0,10,72,45,97,33,11,100,47,51" hai3="73,53,32,43,117,69,9,134,40,80,94,30,27"/><U14/><E75/><V95/><F33/><W5/><G69/><T24/><D104/><U99/><E91/><V109/><F109/><W20/><G117/><T23/><D123/><U63/><E111/><V61/><F51/><W127/><G127/><T103/><D103/><U107/><E96/><V52/><F22/><W42/><G32/><T71/><D71/><U92/><E67/><V37/><F37/><W16/><G30/><T4/><D44/><U13/><E107/><V133/><F133/><W89/><G53/><T28/><D28/><U49/><E49/><V55/><F61/><W84/><G134/><T70/><D70/><U25/><E25/><V87/><F72/><W77/><REACH who="3" step="1"/><G42/><REACH who="3" ten="301,336,84,269" step="2"/><T74/><D132/><U36/><REACH who="1" step="1"/><E36/><REACH who="1" ten="301,326,84,269" step="2"/><V48/><F48/><W39/><G39/><T130/><D118/><U83/><E83/><V78/><REACH who="2" step="1"/><F11/><REACH who="2" ten="301,326,74,269" step="2"/><W38/><G38/><T120/><D116/><U119/><E119/><V41/><F41/><W19/><G19/><AGARI ba="1,3" hai="12,13,14,17,18,19,63,66,68,92,99,102,113,114" machi="19" ten="40,7700,0" yaku="1,1,53,2" doraHai="129" doraHaiUra="108" who="1" fromWho="3" sc="301,0,326,110,74,0,269,-80" /><INIT seed="1,2,0,3,0,46" ten="301,436,74,189" oya="1" hai0="45,112,29,135,5,115,11,75,120,127,62,67,31" hai1="102,56,97,35,58,70,108,4,12,96,36,57,37" hai2="72,119,111,104,103,61,80,84,101,132,79,122,40" hai3="44,94,1,88,54,106,126,34,100,9,47,43,16"/><U23/><E35/><V32/><F119/><W121/><G34/><T128/><D75/><U86/><E70/><V25/><F122/><W33/><G33/><T116/><D116/><U85/><E108/><V82/><F111/><W83/><G121/><T99/><D120/><U69/><E69/><V123/><F123/><W130/><G106/><T113/><D127/><U59/><E4/><V53/><F40/><W21/><G130/><T63/><D128/><U2/><E2/><V15/><F132/><W105/><G105/><T107/><D135/><U0/><E0/><V78/><F104/><W91/><G126/><T117/><D117/><U98/><E102/><V77/><F79/><W8/><G54/><T10/><D45/><N who="3" m="17481" /><G43/><T49/><D107/><U13/><N who="1" m="14336" /><DORA hai="109" /><U64/><E23/><V124/><F124/><W65/><G65/><T52/><D67/><U19/><E19/><V74/><F61/><W71/><G71/><T24/><D115/><U118/><E64/><V90/><F53/><W73/><G73/><T30/><D52/><U133/><E133/><V48/><F32/><W6/><G6/><T42/><D5/><U41/><E41/><V110/><F110/><W26/><G1/><T93/><D42/><U7/><E7/><V28/><F72/><W39/><G39/><T17/><D113/><U51/><E118/><V3/><F3/><W129/><G129/><T87/><D112/><U114/><E114/><V131/><F131/><W92/><G100/><T22/><D63/><U81/><E36/><V134/><F74/><W50/><G8/><T27/><D10/><RYUUKYOKU ba="2,0" sc="301,0,436,0,74,0,189,0" /><INIT seed="2,3,0,3,2,61" ten="301,436,74,189" oya="2" hai0="32,12,101,119,80,110,20,98,39,47,45,93,90" hai1="87,105,127,2,29,121,52,54,35,59,103,104,7" hai2="9,96,112,71,69,122,43,0,37,74,86,99,77" hai3="42,31,5,19,8,65,41,94,72,23,132,10,123"/><V111/><F112/><W83/><G123/><T107/><D32/><U28/><E127/><V58/><F122/><W81/><G132/><T68/><D68/><U66/><E121/><V85/><F111/><W130/><G130/><T120/><D110/><U25/><E28/><V34/><F34/><W64/><G31/><T76/><D39/><U1/><E87/><V135/><F135/><W40/><G94/><T115/><D115/><U109/><E109/><V131/><F131/><W49/><G49/><T133/><D133/><U129/><E129/><V108/><F108/><W44/><G44/><T91/><D91/><U27/><E7/><V88/><F58/><W15/><G10/><T16/><D119/><U67/><E29/><V95/><F86/><W55/><G55/><T117/><D117/><U57/><E103/><V126/><F126/><W11/><G8/><T22/><D22/><U48/><E48/><V26/><F26/><N who="3" m="14719" /><G72/><T102/><D102/><U18/><E18/><V73/><F71/><W70/><G70/><T79/><D79/><U50/><E50/><V53/><F53/><W114/><G114/><T128/><D128/><U84/><E84/><V24/><F69/><W17/><G5/><T56/><D56/><U21/><E21/><V13/><F73/><W38/><G38/><T92/><D92/><U125/><E125/><V134/><F134/><W46/><G46/><T60/><D120/><U33/><AGARI ba="3,0" hai="1,2,25,27,33,35,52,54,57,59,66,67,104,105" machi="33" ten="25,12000,2" yaku="0,1,22,2,52,2,54,1" doraHai="61" who="1" fromWho="1" sc="301,-33,436,129,74,-63,189,-33" /><INIT seed="3,0,0,1,1,105" ten="268,565,11,156" oya="3" hai0="40,27,57,49,60,20,39,36,79,0,3,81,78" hai1="82,8,64,132,121,11,109,86,4,80,2,111,37" hai2="117,74,110,94,103,44,9,102,84,55,19,116,5" hai3="72,104,91,69,70,42,93,135,21,124,24,67,99"/><W13/><G124/><T115/><D115/><U85/><E121/><V58/><F110/><W61/><G135/><T22/><D49/><U133/><E37/><V90/><F44/><W18/><G104/><T25/><D40/><U48/><E64/><V32/><F32/><W114/><G114/><T95/><D95/><U123/><E123/><V14/><F74/><W10/><G42/><T92/><D92/><U75/><E48/><V53/><F53/><W38/><G38/><T96/><D96/><U101/><E101/><V35/><F35/><W71/><REACH who="3" step="1"/><G72/><REACH who="3" ten="268,565,11,146" step="2"/><T120/><D120/><U113/><E75/><V83/><F117/><W31/><AGARI ba="0,1" hai="10,13,18,21,24,31,61,67,69,70,71,91,93,99" machi="31" ten="20,7800,0" yaku="1,1,2,1,0,1,7,1,53,0" doraHai="105" doraHaiUra="1" who="3" fromWho="3" sc="268,-26,565,-26,11,-26,146,88" owari="242,4.0,539,65.0,-15,-52.0,234,-17.0" /></mjloggm>