<mjloggm ver="2.3"><GO type="233" lobby="0"/><UN n0="%6E%65%70%65%72%6F" n1="%64%61%61%61%61%61%61%61" n2="%E5%B0%8F%E9%98%AA%E3%81%A1%E3%81%B2%E3%82%8D" n3="%E3%82%A6%E3%83%AB%E3%83%88%E3%83%A9%E7%AB%8B%E7%9B%B4" dan="17,16,16,17" rate="2187.78,2142.66,2149.51,2193.18" sx="M,F,F,M"/><TAIKYOKU oya="0"/><INIT seed="0,0,0,2,5,28" ten="250,250,250,250" oya="0" hai0="132,117,80,81,69,98,21,37,29,2,79,63,116" hai1="32,34,96,19,110,33,75,131,125,60,39,88,25" hai2="22,53,130,105,12,135,17,64,107,123,31,104,18" hai3="48,8,67,74,51,9,1,52,93,82,70,58,49"/><T47/><D2/><U94/><E75/><V27/><F123/><W119/><G119/><T99/><D132/><U35/><E39/><V30/><F135/><W41/><G41/><T44/><D37/><U77/><E77/><V4/><F130/><W3/><G67/><T92/><D69/><U42/><E42/><V40/><F4/><W61/><G70/><T90/><D63/><U65/><E131/><V127/><F127/><W23/><G93/><N who="0" m="56631" /><D116/><U66/><E125/><V7/><F7/><W46/><G46/><N who="0" m="17451" /><D79/><U71/><E66/><V101/><F40/><W76/><REACH who="3" step="1"/><G23/><REACH who="3" ten="250,250,250,240" step="2"/><T115/><D117/><U78/><E110/><V85/><F64/><W16/><G16/><T38/><D38/><U6/><E6/><V50/><F18/><W86/><G86/><T36/><D36/><U14/><E78/><V91/><F30/><W87/><G87/><T0/><D115/><U126/><E126/><V68/><F68/><W134/><G134/><T20/><D0/><AGARI ba="0,1" hai="0,1,3,8,9,48,49,51,52,58,61,74,76,82" machi="0" ten="40,2600,0" yaku="1,1,54,1,53,0" doraHai="28" doraHaiUra="121" who="3" fromWho="0" sc="250,-26,250,0,250,0,240,36" /><INIT seed="1,0,0,1,4,11" ten="224,250,250,276" oya="1" hai0="38,105,6,47,115,15,102,87,95,17,42,41,40" hai1="72,32,74,2,124,128,94,36,107,71,28,88,43" hai2="20,60,75,64,89,122,61,33,26,50,63,22,67" hai3="57,37,103,101,69,8,98,117,0,1,4,93,119"/><U24/><E107/><V21/><F75/><W49/><G69/><T90/><D115/><U7/><E71/><V29/><F122/><W112/><G37/><T91/><D6/><U65/><E65/><V110/><F110/><W120/><G120/><T58/><D58/><U104/><E104/><V13/><F50/><W66/><G112/><T126/><D126/><U10/><E124/><V39/><F39/><W3/><G103/><T133/><D133/><U130/><E43/><V34/><F34/><W54/><REACH who="3" step="1"/><G66/><REACH who="3" ten="224,250,250,266" step="2"/><T45/><D38/><U131/><REACH who="1" step="1"/><E36/><REACH who="1" ten="224,240,250,266" step="2"/><V80/><F64/><W59/><G59/><T70/><D70/><U116/><E116/><AGARI ba="0,2" hai="0,1,3,4,8,49,54,57,93,98,101,116,117,119" machi="116" ten="40,2600,0" yaku="1,1,12,1,53,0" doraHai="11" doraHaiUra="19" who="3" fromWho="1" sc="224,0,240,-26,250,0,266,46" /><INIT seed="2,0,0,4,5,134" ten="224,214,250,312" oya="2" hai0="16,39,106,89,35,21,127,37,15,61,26,83,25" hai1="87,28,0,100,33,12,23,108,24,55,93,7,58" hai2="50,56,98,96,31,90,84,13,86,8,69,75,19" hai3="133,65,71,62,99,135,74,121,92,76,43,111,2"/><V72/><F69/><W91/><G121/><T126/><D106/><U20/><E108/><V82/><F31/><W48/><G2/><T78/><D89/><U117/><E117/><V125/><F125/><N who="0" m="47626" /><D61/><U51/><E0/><V95/><F72/><W49/><G111/><T118/><D118/><U27/><E100/><V45/><F56/><W115/><G115/><T4/><D4/><U18/><E7/><V14/><F14/><W101/><G91/><T85/><D35/><U94/><REACH who="1" step="1"/><E87/><REACH who="1" ten="224,204,250,312" step="2"/><V63/><F75/><W11/><G74/><T132/><D132/><U119/><E119/><V124/><F124/><W110/><G135/><T22/><D26/><U36/><E36/><V116/><F116/><W112/><G133/><T131/><D131/><U3/><E3/><V17/><F17/><AGARI ba="0,1" hai="15,16,17,21,22,25,37,39,78,83,85" m="47626" machi="17" ten="30,8000,1" yaku="18,1,52,3,54,1" doraHai="134" who="0" fromWho="2" sc="224,90,204,0,250,-80,312,0" /><AGARI ba="0,0" hai="12,17,18,20,23,24,27,28,33,51,55,58,93,94" machi="17" ten="30,2000,0" yaku="1,1,7,1,53,0" doraHai="134" doraHaiUra="122" who="1" fromWho="2" sc="314,0,204,20,170,-20,312,0" /><INIT seed="3,0,0,4,0,30" ten="314,224,150,312" oya="3" hai0="29,79,102,127,82,103,35,124,101,129,54,31,24" hai1="132,133,3,81,63,16,10,51,7,119,75,6,134" hai2="47,11,60,118,93,5,4,123,125,70,15,38,97" hai3="36,84,56,65,8,62,111,80,52,94,96,41,90"/><W131/><G131/><T135/><D129/><U72/><E119/><V113/><F118/><W20/><G111/><T117/><D117/><U18/><E7/><V86/><F113/><W88/><G8/><T26/><D135/><U67/><E51/><V0/><F125/><N who="0" m="48202" /><D54/><U83/><E81/><V50/><F123/><W34/><G34/><N who="0" m="20775" /><D103/><U109/><E109/><V107/><F38/><W21/><G36/><T100/><D100/><U23/><E83/><V27/><F107/><W46/><G41/><T105/><D105/><U73/><REACH who="1" step="1"/><E23/><REACH who="1" ten="314,214,150,312" step="2"/><V116/><F50/><AGARI ba="0,1" hai="20,21,46,50,52,56,62,65,80,84,88,90,94,96" machi="50" ten="40,7700,0" yaku="8,1,54,2" doraHai="30" who="3" fromWho="2" sc="314,0,214,0,150,-77,312,87" /><INIT seed="3,1,0,5,2,19" ten="314,214,73,399" oya="3" hai0="74,17,97,96,39,33,112,53,36,108,91,121,13" hai1="78,71,67,12,115,22,5,109,57,11,3,122,86" hai2="54,51,32,42,23,34,69,120,59,60,21,126,16" hai3="77,89,63,61,100,8,102,45,106,99,55,94,105"/><W135/><G135/><T68/><D121/><U117/><E71/><V7/><F7/><W107/><G77/><T110/><D112/><U88/><E78/><V43/><F120/><W98/><G8/><T85/><D33/><U81/><E115/><V49/><F69/><W72/><G72/><T95/><D74/><U114/><E114/><V124/><F60/><W133/><G133/><T116/><D68/><U118/><E122/><V28/><F28/><W64/><G64/><T56/><D39/><U52/><E67/><V35/><F49/><W37/><G37/><T131/><D36/><U84/><E84/><V87/><F87/><W66/><G66/><T101/><D131/><U123/><E123/><V26/><REACH who="2" step="1"/><F23/><REACH who="2" ten="314,214,63,399" step="2"/><W128/><G63/><T44/><D116/><U38/><E38/><V40/><AGARI ba="1,1" hai="16,21,26,32,34,35,40,42,43,51,54,59,124,126" machi="40" ten="40,8000,1" yaku="1,1,2,1,0,1,52,1,54,1,53,0" doraHai="19" doraHaiUra="92" who="2" fromWho="2" sc="314,-21,214,-21,63,93,399,-41" /><INIT seed="4,0,0,2,1,32" ten="293,193,156,358" oya="0" hai0="86,96,22,1,74,126,115,54,101,130,31,6,43" hai1="28,16,3,107,106,47,76,11,85,73,133,35,69" hai2="29,80,64,128,102,4,52,112,131,38,37,78,49" hai3="104,45,118,44,26,68,95,122,65,33,62,123,18"/><T25/><D74/><U42/><E16/><V48/><F112/><W109/><G104/><T66/><D115/><U2/><E85/><V113/><F113/><W53/><G109/><T27/><D126/><U117/><E133/><V92/><F29/><N who="3" m="19639" /><G53/><T0/><D130/><N who="2" m="49706" /><F64/><W97/><G18/><T8/><D43/><U5/><E117/><V59/><F48/><W40/><G40/><T134/><D66/><U108/><E108/><V103/><F4/><W41/><G41/><T77/><D134/><U10/><E69/><V23/><F23/><W93/><G93/><T50/><D86/><U12/><E12/><V119/><F119/><W129/><G118/><T135/><D77/><U39/><E10/><V56/><F56/><W81/><G81/><T21/><D135/><U34/><E2/><V7/><F7/><W20/><G20/><T116/><D116/><U19/><E19/><V24/><F24/><W30/><G30/><T124/><D124/><U127/><E127/><V61/><F61/><W57/><G68/><T94/><D27/><N who="1" m="18719" /><E35/><V75/><F92/><W99/><G95/><T90/><D22/><U114/><E114/><V121/><F121/><N who="3" m="46091" /><G129/><T111/><D111/><U89/><E89/><V83/><F80/><AGARI ba="0,0" hai="3,5,11,39,42,47,73,76,80,106,107" m="18719" machi="80" ten="30,7700,0" yaku="25,1,33,2,52,1" doraHai="32" who="1" fromWho="2" sc="293,0,193,77,156,-77,358,0" /><INIT seed="5,0,0,2,3,34" ten="293,270,79,358" oya="1" hai0="84,8,48,75,55,131,74,94,1,27,119,116,80" hai1="92,103,43,85,123,70,20,68,128,56,19,111,0" hai2="9,4,61,64,89,104,26,87,106,57,120,91,36" hai3="66,16,79,17,63,67,6,71,32,77,130,95,46"/><U97/><E123/><V10/><F120/><W72/><G32/><T51/><D51/><U81/><E0/><V35/><F36/><W107/><G107/><T49/><D49/><U108/><E43/><V88/><F87/><W60/><G6/><T96/><D131/><U42/><E42/><V41/><F41/><W11/><G11/><T38/><D38/><U126/><E56/><V39/><F39/><W44/><G95/><T129/><D27/><N who="1" m="14751" /><E128/><V124/><F124/><W33/><G33/><T83/><D129/><U122/><E122/><V47/><F47/><W5/><G5/><T2/><D8/><U99/><E99/><V133/><F133/><W110/><G130/><T65/><D65/><U15/><E15/><V59/><F59/><W118/><G72/><T114/><D114/><U127/><E68/><V135/><F135/><W117/><G71/><T18/><D96/><U69/><E70/><V121/><F121/><W132/><G132/><T21/><D48/><U62/><E62/><V109/><F109/><AGARI ba="0,0" hai="16,17,44,46,60,63,66,67,77,79,109,110,117,118" machi="109" ten="25,3200,0" yaku="22,2,54,1" doraHai="34" who="3" fromWho="2" sc="293,0,270,0,79,-32,358,32" /><INIT seed="6,0,0,4,1,55" ten="293,270,47,390" oya="2" hai0="60,27,72,61,107,9,68,4,29,119,93,99,71" hai1="58,70,90,76,132,117,75,36,103,110,134,111,7" hai2="128,130,63,135,54,112,84,79,82,88,28,94,35" hai3="64,108,59,131,62,127,66,106,13,83,100,49,78"/><V17/><F112/><W30/><G108/><T116/><D72/><U89/><E70/><V26/><F135/><W8/><G127/><T52/><D61/><U104/><E36/><V2/><F2/><W115/><G131/><T10/><D107/><U46/><E46/><V45/><F17/><W109/><G109/><N who="1" m="41482" /><E58/><V23/><F35/><W21/><G49/><T41/><D41/><U95/><E7/><V113/><F113/><W5/><G100/><T80/><D80/><N who="1" m="45087" /><E117/><N who="0" m="45129" /><D68/><U97/><E89/><V32/><F32/><W86/><G106/><T0/><D71/><U98/><AGARI ba="0,0" hai="90,95,97,98,103,104,132,134" m="45087,41482" machi="98" ten="30,2000,0" yaku="34,2" doraHai="55" who="1" fromWho="1" sc="293,-5,270,20,47,-10,390,-5" /><INIT seed="7,0,0,5,0,58" ten="288,290,37,385" oya="3" hai0="2,29,82,66,59,50,132,7,3,110,94,10,122" hai1="60,104,90,85,30,81,61,97,17,6,46,33,134" hai2="129,123,128,76,34,47,121,133,120,99,71,107,80" hai3="63,78,65,16,25,35,79,18,49,114,72,45,106"/><W109/><G106/><T62/><D122/><N who="2" m="31234" /><V20/><DORA hai="113" /><F20/><W75/><G49/><T130/><D110/><U9/><E134/><V42/><F42/><W27/><G45/><T40/><D132/><U92/><E104/><V52/><F133/><W57/><G57/><T19/><D130/><N who="2" m="50282" /><F47/><W15/><G15/><T4/><D29/><U37/><E33/><V115/><F52/><W23/><G65/><T98/><D82/><U54/><E30/><V26/><F26/><W0/><G23/><T89/><D19/><U32/><E32/><V117/><F34/><W21/><G21/><T86/><D86/><U101/><E17/><V28/><F28/><W53/><G16/><T55/><D40/><U1/><E37/><V31/><F31/><W69/><G18/><T108/><D108/><U125/><E125/><V64/><F64/><W103/><G27/><T67/><REACH who="0" step="1"/><D50/><REACH who="0" ten="278,290,37,385" step="2"/><U124/><REACH who="1" step="1"/><E124/><REACH who="1" ten="278,280,37,385" step="2"/><V68/><F115/><W135/><G114/><T73/><D73/><U12/><E12/><V11/><F11/><AGARI ba="0,2" hai="2,3,4,7,10,11,55,59,62,66,67,89,94,98" machi="11" ten="40,8000,1" yaku="1,1,9,1,52,1,53,1" doraHai="58,113" doraHaiUra="70,84" who="0" fromWho="2" sc="278,100,280,0,37,-80,385,0" owari="378,18.0,280,-12.0,-43,-54.0,385,48.0" /></mjloggm>