<mjloggm ver="2.3"><GO type="169" lobby="0"/><UN n0="%6B%6F%6A%69%6D%6F%6E%39" n1="%73%75%7A%75%6D%65%E3%81%AE%E6%B6%99" n2="%E3%81%BF%E3%81%8B%E3%82%93%EF%BC%A0%E3%82%8F%E3%81%8B%E3%82%81%E3%81%A6" n3="%E5%B0%B1%E6%B4%BB%E7%94%9F%40%E5%B7%9D%E6%9D%91%E8%BB%8D%E5%9B%A3" dan="16,16,17,17" rate="2128.82,2098.75,2139.72,2177.52" sx="M,M,M,M"/><TAIKYOKU oya="0"/><INIT seed="0,0,0,5,5,91" ten="250,250,250,250" oya="0" hai0="131,112,3,5,97,68,22,113,84,63,55,44,56" hai1="94,102,59,77,121,120,76,52,75,37,20,83,46" hai2="25,7,127,95,13,119,98,109,133,24,16,82,28" hai3="1,64,106,60,62,67,122,88,39,128,124,100,14"/><T85/><D131/><U73/><E37/><V41/><F127/><W115/><G1/><T87/><D68/><U19/><E46/><V47/><F119/><W123/><G39/><T42/><D22/><U132/><E132/><V36/><F133/><W33/><G33/><T51/><REACH who="0" step="1"/><D97/><REACH who="0" ten="240,250,250,250" step="2"/><U17/><E120/><V126/><F98/><W6/><G128/><T108/><D108/><U9/><E121/><V34/><F109/><W81/><G122/><T130/><D130/><U31/><E20/><V114/><F114/><W4/><G123/><T99/><D99/><U57/><E9/><AGARI ba="0,1" hai="3,5,9,42,44,51,55,56,63,84,85,87,112,113" machi="9" ten="40,2000,0" yaku="1,1,53,0" doraHai="91" doraHaiUra="92" who="0" fromWho="1" sc="240,30,250,-20,250,0,250,0" /><INIT seed="0,1,0,2,1,5" ten="270,230,250,250" oya="0" hai0="132,116,58,66,15,94,131,33,72,0,108,17,113" hai1="101,90,65,83,123,14,40,112,7,96,10,99,9" hai2="74,44,69,11,63,130,37,48,70,61,27,79,39" hai3="85,24,71,22,53,32,120,92,46,103,56,127,129"/><T29/><D116/><U81/><E123/><V52/><F74/><W106/><G71/><N who="2" m="27145" /><F79/><W49/><G120/><T43/><D113/><U75/><E112/><V88/><F11/><W57/><G127/><T35/><D72/><U76/><E65/><V114/><F88/><W8/><G32/><T16/><D132/><U78/><E40/><V125/><F27/><W105/><G129/><T20/><D131/><U126/><E126/><V12/><F12/><W82/><G105/><T60/><D0/><U18/><E90/><V91/><F91/><W109/><G106/><T111/><D43/><U38/><E101/><V80/><F80/><W45/><G109/><N who="0" m="42059" /><D29/><U28/><E28/><V25/><F25/><W26/><G103/><T2/><D2/><U59/><E38/><N who="2" m="14347" /><F130/><W128/><G92/><T93/><D17/><U19/><E59/><N who="2" m="33159" /><F125/><W107/><G107/><T62/><D35/><U84/><E19/><V21/><F21/><W50/><G128/><T3/><D3/><AGARI ba="1,0" hai="3,7,9,10,14,18,75,76,78,81,83,84,96,99" machi="3" ten="30,3900,0" yaku="7,1,52,2" doraHai="5" who="1" fromWho="0" sc="270,-42,230,42,250,0,250,0" /><INIT seed="1,0,0,5,4,58" ten="228,272,250,250" oya="1" hai0="86,32,117,94,71,27,55,79,78,80,110,48,73" hai1="52,92,60,16,4,10,21,91,122,69,38,20,54" hai2="11,126,127,128,123,66,93,63,14,104,103,77,61" hai3="115,42,53,87,68,40,125,83,72,133,76,39,35"/><U36/><E122/><V84/><F123/><W33/><G115/><T88/><D117/><U67/><E21/><V1/><F1/><W26/><G125/><N who="2" m="47625" /><F66/><W130/><G130/><T0/><D0/><U50/><E10/><V9/><F104/><W134/><G68/><T97/><D110/><U29/><E4/><N who="2" m="3367" /><F128/><W19/><G53/><T18/><D71/><U89/><E29/><V6/><F103/><W114/><G114/><T75/><D79/><U102/><E102/><V41/><F41/><W30/><G35/><T37/><D37/><U3/><E3/><N who="2" m="479" /><F93/><W43/><G39/><T132/><D132/><N who="3" m="50793" /><G19/><T46/><REACH who="0" step="1"/><D18/><REACH who="0" ten="218,272,250,250" step="2"/><U135/><E135/><V119/><F119/><W99/><G99/><T13/><D13/><U49/><E38/><V17/><F17/><W111/><G111/><T129/><D129/><U45/><E36/><V24/><F24/><W62/><G26/><T82/><D82/><AGARI ba="0,1" hai="61,63,77,82,84" m="479,3367,47625" machi="82" ten="30,3900,0" yaku="18,1,52,2" doraHai="58" who="2" fromWho="0" sc="218,-39,272,0,250,49,250,0" /><INIT seed="2,0,0,1,0,64" ten="179,272,299,250" oya="2" hai0="43,65,117,22,134,11,50,110,1,18,40,118,109" hai1="6,123,59,70,97,85,102,29,79,66,62,42,57" hai2="77,96,133,21,19,75,106,30,56,10,87,105,68" hai3="114,129,95,17,119,81,127,45,124,98,41,108,67"/><V32/><F75/><W69/><G119/><N who="0" m="45579" /><D1/><U128/><E128/><V80/><F133/><W125/><G129/><T135/><D11/><U121/><E6/><V120/><F120/><W53/><G114/><T5/><D5/><U78/><E42/><N who="0" m="15913" /><D22/><U37/><E37/><V33/><F68/><W8/><G108/><N who="0" m="41579" /><D18/><U24/><E85/><V51/><F10/><W34/><G34/><T99/><D99/><U46/><E78/><V103/><F106/><W27/><G81/><T0/><D0/><U3/><E79/><V54/><REACH who="2" step="1"/><F30/><REACH who="2" ten="179,272,289,250" step="2"/><W84/><G8/><T130/><D130/><U14/><E123/><V86/><F86/><W112/><G84/><T44/><D65/><U4/><E121/><V48/><F48/><W47/><G67/><T20/><D20/><U52/><E66/><V94/><F94/><W111/><G95/><T122/><D122/><U58/><E3/><V63/><F63/><W31/><G31/><T7/><D7/><U25/><E62/><V131/><F131/><W101/><G111/><T12/><D135/><U35/><E4/><V116/><F116/><W100/><G125/><T9/><D134/><U23/><E23/><V61/><F61/><W76/><G124/><T90/><D50/><U36/><E29/><V60/><F60/><W132/><G127/><T83/><D9/><U49/><E49/><V55/><F55/><W126/><G53/><T74/><D74/><U107/><E52/><V2/><F2/><W16/><G126/><T73/><D73/><U88/><E36/><V89/><F89/><W92/><G132/><T104/><D90/><RYUUKYOKU ba="0,1" sc="179,-10,272,-10,289,30,250,-10" hai2="19,21,32,33,51,54,56,77,80,87,96,103,105" /><INIT seed="2,1,1,2,3,108" ten="169,262,319,240" oya="2" hai0="89,45,13,29,18,124,87,44,37,66,41,134,100" hai1="121,65,59,68,14,8,12,42,132,25,9,10,76" hai2="96,55,99,81,129,101,71,58,67,56,27,117,126" hai3="130,63,103,36,110,97,111,125,112,107,7,24,88"/><V40/><F117/><W15/><G36/><T85/><D134/><U78/><E68/><V32/><F129/><W17/><G130/><T61/><D124/><U57/><E132/><V33/><F126/><W26/><G125/><T19/><D100/><U16/><E42/><V127/><F127/><W74/><G74/><T72/><D72/><U6/><E121/><V122/><F122/><W21/><G7/><T31/><D87/><U38/><E38/><V52/><F40/><W113/><G63/><T62/><D45/><U22/><E65/><V77/><F67/><W116/><G116/><T83/><D62/><U43/><E43/><V1/><F1/><W20/><G88/><T70/><REACH who="0" step="1"/><D19/><REACH who="0" ten="159,262,319,240" step="2"/><U11/><REACH who="1" step="1"/><E12/><REACH who="1" ten="159,252,319,240" step="2"/><V69/><F101/><W86/><G15/><T47/><D47/><U90/><E90/><V104/><F27/><W60/><G86/><T131/><D131/><U98/><E98/><V133/><F133/><W46/><G24/><T91/><D91/><U35/><E35/><V75/><F32/><W95/><G97/><T53/><D53/><U4/><E4/><V3/><F33/><W92/><G26/><T93/><D93/><U5/><E5/><V23/><F96/><W135/><G103/><T48/><D48/><U102/><E102/><V50/><F99/><W105/><G135/><T64/><D64/><U119/><E119/><V80/><F55/><W2/><G2/><T28/><D28/><U106/><E106/><V54/><F104/><W49/><G49/><T34/><D34/><U94/><E94/><V128/><F128/><W109/><G107/><RYUUKYOKU ba="1,3" sc="159,15,252,15,319,-15,240,-15" hai0="13,18,29,31,37,41,44,61,66,70,83,85,89" hai1="6,8,9,10,11,14,16,22,25,57,59,76,78" /><INIT seed="3,2,3,0,3,109" ten="174,267,304,225" oya="3" hai0="24,3,86,34,82,95,89,68,6,62,39,56,17" hai1="104,83,85,42,135,48,97,84,2,113,29,105,30" hai2="100,79,114,110,12,26,7,23,59,128,74,134,81" hai3="16,5,36,112,47,14,107,52,58,72,80,116,78"/><W41/><G116/><T87/><D68/><U49/><E2/><V28/><F110/><W25/><G107/><T43/><D39/><U73/><E73/><V65/><F134/><W40/><G40/><T20/><D34/><U127/><E42/><V94/><F128/><W92/><G112/><T133/><D133/><U38/><E38/><V125/><F114/><W67/><G67/><T64/><D43/><U98/><E83/><V103/><F125/><W27/><G5/><T117/><D117/><U115/><REACH who="1" step="1"/><E135/><REACH who="1" ten="174,257,304,225" step="2"/><V9/><F74/><W1/><G1/><T119/><D119/><U102/><E102/><V53/><F103/><W37/><G37/><T61/><D3/><U11/><E11/><V63/><F100/><W22/><REACH who="3" step="1"/><G92/><REACH who="3" ten="174,257,304,215" step="2"/><T88/><D6/><U122/><E122/><V111/><F94/><W51/><AGARI ba="2,5" hai="14,16,22,25,27,36,41,47,51,52,58,72,78,80" machi="51" ten="20,18000,2" yaku="1,1,2,1,0,1,7,1,54,2,53,1" doraHai="109" doraHaiUra="13" who="3" fromWho="3" sc="174,-62,257,-62,304,-62,215,236" /><INIT seed="3,3,0,0,0,104" ten="112,195,242,451" oya="3" hai0="108,127,52,30,69,89,12,25,75,65,97,71,98" hai1="31,107,106,66,1,56,109,100,131,0,84,5,81" hai2="9,77,51,54,34,70,74,27,35,47,38,62,113" hai3="14,126,95,42,122,26,68,63,91,61,2,64,37"/><W86/><G2/><T133/><D133/><U11/><E109/><V130/><F113/><W16/><G122/><T101/><D127/><U33/><E0/><V73/><F130/><W36/><G126/><T48/><D108/><U119/><E131/><V46/><F77/><W32/><G42/><T123/><D123/><U40/><E40/><V58/><F47/><W124/><G124/><T29/><D75/><N who="2" m="28682" /><F27/><W99/><G61/><T96/><D30/><U94/><E33/><V59/><F9/><W102/><G26/><T82/><D12/><U45/><E31/><V55/><F55/><W80/><REACH who="3" step="1"/><G32/><REACH who="3" ten="112,195,242,441" step="2"/><T23/><D101/><U19/><E100/><V117/><F34/><W112/><G112/><T60/><D71/><U50/><E119/><V72/><F35/><W28/><G28/><T132/><D132/><U118/><E118/><V6/><F117/><W120/><G120/><T87/><REACH who="0" step="1"/><D98/><REACH who="0" ten="102,195,242,441" step="2"/><U8/><E1/><V121/><F121/><W18/><G18/><T125/><D125/><U44/><E19/><V83/><F70/><W114/><G114/><T115/><D115/><U78/><E5/><V76/><F6/><W103/><G103/><T116/><D116/><U4/><E4/><V43/><F62/><W128/><G128/><T21/><D21/><AGARI ba="3,2" hai="14,16,21,36,37,63,64,68,80,86,91,95,99,102" machi="21" ten="30,5800,0" yaku="1,1,7,1,54,1,53,0" doraHai="104" doraHaiUra="20" who="3" fromWho="0" sc="102,-67,195,0,242,0,441,87" /><INIT seed="3,4,0,1,4,100" ten="35,195,242,528" oya="3" hai0="98,2,54,33,58,102,69,80,135,109,95,35,47" hai1="112,22,53,104,28,111,16,96,97,6,126,15,83" hai2="29,19,78,125,76,81,131,73,38,75,50,51,84" hai3="71,70,122,36,37,60,107,41,44,26,23,31,87"/><W39/><G122/><T20/><D2/><U128/><E111/><V42/><F29/><W27/><G107/><T133/><D69/><U25/><E112/><V43/><F131/><W118/><G118/><T67/><D67/><U14/><E126/><V10/><F125/><W134/><G134/><N who="0" m="51211" /><D109/><U49/><E128/><V1/><F38/><W127/><G127/><T0/><D0/><U115/><E115/><V34/><F34/><W89/><G27/><T123/><D123/><U88/><E6/><V119/><F119/><W63/><G71/><T24/><D80/><U32/><E14/><N who="2" m="7639" /><F73/><W124/><G124/><T12/><D12/><U94/><E104/><V93/><F1/><W85/><G85/><T21/><D47/><U113/><E83/><N who="2" m="47223" /><F75/><W8/><G8/><T91/><D91/><U3/><E3/><V5/><F5/><W103/><G103/><T90/><D90/><U9/><E32/><N who="0" m="12361" /><D24/><U61/><E61/><AGARI ba="4,0" hai="20,21,54,58,61,95,98,102" m="12361,51211" machi="61" ten="30,1000,0" yaku="20,1" doraHai="100" who="0" fromWho="1" sc="35,22,195,-22,242,0,528,0" /><INIT seed="4,0,0,3,1,118" ten="57,173,242,528" oya="0" hai0="135,52,10,67,13,127,34,134,125,94,126,93,83" hai1="55,130,115,3,47,20,113,80,19,74,25,23,121" hai2="124,78,48,22,110,107,42,5,95,108,15,43,111" hai3="114,45,73,53,41,97,65,9,105,12,27,21,120"/><T101/><D34/><U1/><E130/><V46/><F107/><W51/><G73/><T131/><D67/><U76/><E121/><V129/><F129/><W60/><G114/><N who="1" m="43530" /><E19/><V49/><F124/><N who="0" m="31746" /><T24/><DORA hai="2" /><D131/><U88/><E88/><V103/><F78/><W102/><G120/><T16/><D83/><U50/><E23/><V36/><F22/><W71/><G21/><N who="0" m="13351" /><D52/><U92/><E92/><N who="0" m="35433" /><D101/><U82/><E82/><V0/><F110/><W122/><G122/><T70/><D70/><U44/><E44/><V133/><F103/><W116/><G116/><T4/><AGARI ba="0,0" hai="4,10,13,134,135" m="35433,13351,31746" machi="4" ten="50,9600,0" yaku="18,1,52,1,54,1" doraHai="118,2" who="0" fromWho="0" sc="57,96,173,-32,242,-32,528,-32" /><INIT seed="4,1,0,0,1,29" ten="153,141,210,496" oya="0" hai0="117,28,85,63,50,107,61,0,92,89,100,14,71" hai1="13,96,3,98,42,38,104,53,126,47,60,128,133" hai2="132,51,23,41,75,68,22,114,9,81,134,25,97" hai3="120,31,102,93,135,15,67,11,59,78,5,1,79"/><T118/><D0/><U40/><E3/><V43/><F68/><W122/><G135/><N who="2" m="51753" /><F114/><W77/><G31/><T66/><D28/><U109/><E109/><V103/><F9/><W90/><G102/><T19/><D50/><U6/><E133/><V111/><F111/><W30/><G30/><T27/><D27/><U64/><E126/><V36/><F36/><W101/><G101/><T32/><D32/><U4/><E128/><V65/><F65/><W113/><G113/><T7/><D7/><U44/><E53/><V34/><F34/><W26/><G26/><T56/><D100/><U124/><E124/><V45/><F81/><W55/><G67/><T116/><D107/><U95/><E104/><N who="2" m="63599" /><F75/><W18/><G1/><T129/><D129/><U24/><E24/><V115/><F115/><W130/><G130/><T83/><D83/><U94/><E13/><V8/><F8/><W10/><G10/><T99/><D63/><U21/><E21/><N who="2" m="7691" /><F25/><W69/><G69/><T33/><D33/><U72/><E72/><V91/><F91/><W48/><REACH who="3" step="1"/><G5/><REACH who="3" ten="153,141,210,486" step="2"/><T88/><D71/><N who="1" m="42375" /><E4/><V54/><AGARI ba="1,1" hai="41,43,45,51,54" m="7691,63599,51753" machi="54" ten="30,1100,0" yaku="20,1" doraHai="29" who="2" fromWho="2" sc="153,-6,141,-4,210,24,486,-4" /><INIT seed="5,0,0,4,5,45" ten="147,137,234,482" oya="1" hai0="6,52,17,98,19,7,123,79,126,1,118,71,15" hai1="105,106,35,24,23,39,59,70,27,87,26,28,68" hai2="109,20,11,67,61,38,119,95,4,132,29,73,2" hai3="78,22,133,128,89,134,50,49,62,0,96,9,25"/><U14/><E39/><V48/><F109/><W99/><G128/><T55/><D123/><U86/><E59/><V114/><F119/><W30/><G78/><T64/><D118/><U104/><E14/><V97/><F38/><W111/><G111/><T124/><D79/><U108/><E108/><V82/><F132/><N who="3" m="50795" /><G62/><N who="0" m="40343" /><D98/><N who="3" m="37417" /><G89/><T112/><D112/><U47/><E47/><V51/><F114/><W94/><G94/><T135/><D135/><U5/><E5/><AGARI ba="0,0" hai="0,5,9,22,25,30,49,50" m="37417,50795" machi="5" ten="30,3900,0" yaku="20,1,52,2" doraHai="45" who="3" fromWho="1" sc="147,0,137,-39,234,0,482,39" /><INIT seed="6,0,0,2,0,22" ten="147,98,234,521" oya="2" hai0="35,44,109,6,119,135,11,1,97,15,118,134,38" hai1="59,133,31,81,79,125,18,49,4,107,55,95,112" hai2="7,70,30,12,47,132,71,108,106,33,90,84,92" hai3="80,115,114,74,48,23,63,124,20,43,86,46,29"/><V28/><F106/><W127/><G74/><T93/><D38/><U57/><E107/><V2/><F2/><W66/><G23/><T0/><D44/><U26/><E125/><N who="3" m="48202" /><G20/><T102/><D35/><U8/><E133/><N who="0" m="50697" /><D109/><U120/><E18/><V13/><F132/><W82/><G29/><T19/><D19/><U52/><E112/><N who="3" m="43050" /><G86/><T5/><D5/><U34/><E120/><V50/><F108/><W56/><AGARI ba="0,0" hai="43,46,48,56,63,66,80,82" m="43050,48202" machi="56" ten="30,4000,0" yaku="18,1,15,1,11,1" doraHai="22" who="3" fromWho="3" sc="147,-10,98,-10,234,-20,521,40" /><INIT seed="7,0,0,1,0,36" ten="137,88,214,561" oya="3" hai0="1,39,130,0,2,58,117,21,98,47,84,113,20" hai1="100,60,34,31,93,133,33,103,9,12,86,91,45" hai2="69,54,57,10,129,104,27,106,80,101,7,114,116" hai3="119,51,97,122,68,89,96,126,118,108,41,124,75"/><W72/><G68/><T121/><D117/><N who="3" m="44553" /><G122/><T74/><D74/><N who="3" m="28201" /><G108/><T82/><D121/><U59/><E133/><V78/><F114/><W81/><G41/><T49/><D39/><U109/><E109/><V65/><F80/><W24/><G51/><T11/><D130/><U77/><E33/><V35/><F129/><W128/><G24/><T115/><D98/><N who="3" m="37993" /><G128/><T48/><D58/><U42/><E31/><V29/><F69/><W67/><G67/><T131/><D11/><U30/><E30/><V73/><F65/><W4/><G4/><T63/><D63/><U125/><E34/><V85/><F7/><W6/><G6/><T53/><D49/><U13/><E13/><V22/><F27/><W107/><G107/><T112/><D131/><U92/><E92/><V135/><F104/><W8/><G8/><T19/><D19/><U132/><E132/><V127/><F135/><W87/><AGARI ba="0,0" hai="81,87,89,124,126" m="37993,28201,44553" machi="87" ten="40,3900,0" yaku="34,2" doraHai="36" who="3" fromWho="3" sc="137,-13,88,-13,214,-13,561,39" owari="124,-28.0,75,-42.0,201,0.0,600,70.0" /></mjloggm>