<mjloggm ver="2.3"><GO type="169" lobby="0"/><UN n0="%67%61%6D%6F%33" n1="%E5%B0%B1%E6%B4%BB%E7%94%9F%40%E5%B7%9D%E6%9D%91%E8%BB%8D%E5%9B%A3" n2="%E6%B0%91%E8%8A%B8" n3="%E3%81%BE%E3%81%BF%E3%81%AD%E3%81%93" dan="17,17,17,17" rate="2203.26,2136.19,2179.94,2169.53" sx="M,M,M,M"/><TAIKYOKU oya="0"/><INIT seed="0,0,0,0,0,88" ten="250,250,250,250" oya="0" hai0="33,16,109,24,11,82,55,121,84,65,94,34,29" hai1="96,135,38,52,128,132,124,71,18,13,25,114,15" hai2="78,100,91,43,89,133,42,111,54,20,83,10,106" hai3="64,9,5,79,112,44,61,107,126,66,131,8,45"/><T60/><D121/><U27/><E71/><V98/><F111/><W30/><G112/><T117/><D117/><U23/><E38/><V14/><F133/><W51/><G107/><T56/><D109/><U53/><E124/><V21/><F54/><W70/><G126/><T32/><D65/><U0/><E0/><V75/><F20/><W72/><G131/><T110/><D110/><U81/><E128/><V63/><F21/><W37/><G66/><T93/><D32/><U39/><E39/><V105/><F105/><W6/><G30/><T118/><D33/><U2/><E2/><V127/><F63/><W116/><G116/><T12/><D118/><U108/><E108/><V35/><F35/><W69/><G69/><T59/><D59/><U26/><E114/><V28/><F28/><W86/><G72/><T85/><D85/><U129/><E129/><V74/><F74/><W92/><G37/><T87/><D87/><U104/><E15/><V46/><F127/><W102/><G79/><AGARI ba="0,0" hai="11,12,16,24,29,34,55,56,60,79,82,84,93,94" machi="79" ten="30,11600,0" yaku="7,1,52,2,54,1" doraHai="88" who="0" fromWho="3" sc="250,116,250,0,250,0,250,-116" /><INIT seed="0,1,0,2,2,62" ten="366,250,250,134" oya="0" hai0="3,86,99,43,7,125,32,40,48,61,119,113,65" hai1="28,135,102,129,50,23,10,33,4,20,21,70,104" hai2="57,133,16,126,58,41,89,114,81,6,69,19,49" hai3="107,127,131,1,44,18,30,12,11,98,80,31,85"/><T122/><D113/><U116/><E116/><V24/><F69/><W39/><G131/><T103/><D119/><U59/><E129/><V120/><F114/><W71/><G127/><T124/><D32/><U94/><E135/><V56/><F120/><W111/><G71/><T55/><D122/><U17/><E70/><V77/><F133/><W15/><G111/><T64/><D86/><U108/><E104/><V123/><F123/><W75/><G1/><T93/><D61/><U54/><E108/><V45/><F126/><N who="0" m="48746" /><D7/><U36/><E36/><V46/><F89/><W51/><G75/><T9/><D9/><U52/><E28/><V13/><F24/><W82/><G39/><T68/><D68/><U96/><E33/><V34/><F34/><W106/><G106/><T74/><D74/><U72/><E72/><V2/><F46/><W67/><G67/><N who="0" m="25675" /><D3/><U134/><E134/><V63/><F63/><W27/><G82/><T117/><D117/><U109/><E109/><V14/><F2/><W29/><G107/><T76/><D76/><U87/><E4/><V60/><F60/><W78/><G98/><T42/><D42/><U97/><E97/><V95/><F95/><W8/><G8/><T22/><D22/><U79/><E10/><V110/><F6/><W112/><G112/><T130/><D130/><U88/><E79/><V118/><F110/><W121/><G121/><T35/><D35/><U100/><E96/><V132/><F118/><W66/><G66/><T47/><AGARI ba="1,0" hai="40,43,47,48,55,93,99,103" m="25675,48746" machi="47" ten="30,11700,0" yaku="18,1,52,3" doraHai="62" who="0" fromWho="0" sc="366,120,250,-40,250,-40,134,-40" /><INIT seed="0,2,0,0,3,74" ten="486,210,210,94" oya="0" hai0="16,110,15,93,86,36,91,96,81,114,46,39,124" hai1="62,98,102,94,7,45,90,75,54,108,69,22,92" hai2="24,64,26,17,71,104,44,67,51,20,37,116,83" hai3="32,65,34,5,95,121,9,11,14,73,19,97,122"/><T48/><D114/><U43/><E108/><V127/><F37/><W50/><G73/><T125/><D110/><U79/><E7/><V18/><F104/><W1/><G65/><T115/><D115/><U47/><E69/><V57/><F71/><W28/><G50/><T87/><D87/><U78/><E75/><V132/><F132/><W117/><G117/><T129/><D129/><U76/><E22/><N who="2" m="13399" /><F116/><W89/><REACH who="3" step="1"/><G28/><REACH who="3" ten="486,210,210,84" step="2"/><T72/><D72/><U38/><E62/><V88/><F64/><W10/><G10/><N who="0" m="6263" /><D36/><U59/><E38/><V55/><F67/><W131/><G131/><T49/><D39/><U103/><E43/><V135/><F135/><W130/><G130/><T105/><D49/><N who="1" m="31183" /><E103/><V30/><F30/><W53/><G53/><N who="0" m="29847" /><D105/><U6/><E6/><V12/><F44/><W41/><G41/><T52/><D52/><U40/><E40/><V134/><F134/><W58/><G58/><T80/><D124/><U106/><E106/><V100/><F127/><W123/><AGARI ba="2,1" hai="1,5,9,11,14,19,32,34,89,95,97,121,122,123" machi="123" ten="30,8000,1" yaku="1,1,0,1,13,1,53,2" doraHai="74" doraHaiUra="4" who="3" fromWho="3" sc="486,-42,210,-22,210,-22,84,96" /><INIT seed="1,0,0,1,2,112" ten="444,188,188,180" oya="1" hai0="71,17,21,83,75,62,77,130,85,87,103,70,98" hai1="2,84,63,39,82,49,48,51,33,40,126,121,13" hai2="68,42,32,60,0,27,22,55,104,29,65,12,26" hai3="96,99,45,97,20,47,124,74,114,59,118,16,61"/><U35/><E121/><V67/><F0/><W108/><G114/><T76/><D130/><U36/><E126/><V119/><F119/><W6/><G124/><T110/><D110/><U53/><E2/><V7/><F42/><W64/><G108/><T57/><D71/><U132/><E132/><V91/><F65/><W30/><G74/><T66/><D77/><U72/><E72/><V24/><F55/><W125/><G125/><T127/><D70/><U43/><E13/><V113/><F113/><W31/><G6/><T11/><D11/><U102/><E102/><V52/><F91/><W38/><G118/><T122/><D122/><U34/><E63/><V129/><F129/><W41/><REACH who="3" step="1"/><G47/><REACH who="3" ten="444,188,188,170" step="2"/><T28/><D127/><U19/><E19/><V100/><F7/><W15/><AGARI ba="0,1" hai="15,16,20,30,31,38,41,45,59,61,64,96,97,99" machi="15" ten="30,8000,1" yaku="1,1,2,1,0,1,54,1,53,1" doraHai="112" doraHaiUra="9" who="3" fromWho="3" sc="444,-20,188,-40,188,-20,170,90" /><INIT seed="2,0,0,3,3,33" ten="424,148,168,260" oya="2" hai0="96,91,9,48,2,131,31,94,118,62,46,38,97" hai1="121,82,22,110,128,15,80,40,61,41,84,10,115" hai2="4,58,69,98,59,100,1,75,102,130,6,64,65" hai3="55,105,8,67,29,113,35,12,74,54,122,47,116"/><V70/><F75/><W11/><G116/><T18/><D118/><U28/><E115/><V78/><F78/><W0/><G122/><T14/><D38/><U123/><E110/><V125/><F98/><W109/><G109/><T129/><D31/><U25/><E128/><N who="0" m="49225" /><D62/><U16/><E82/><V49/><F130/><W26/><G113/><T93/><D2/><U85/><E85/><V126/><F49/><W135/><G135/><T127/><D127/><U27/><E61/><V36/><F36/><W5/><G74/><T124/><D124/><U77/><REACH who="1" step="1"/><E25/><REACH who="1" ten="424,138,168,260" step="2"/><V17/><REACH who="2" step="1"/><F17/><REACH who="2" ten="424,138,158,260" step="2"/><W19/><G105/><T83/><D97/><U95/><E95/><V34/><F34/><W108/><G108/><T90/><D93/><U50/><E50/><V134/><F134/><W112/><G112/><T51/><D51/><U30/><E30/><V79/><F79/><W39/><G39/><T63/><D63/><U71/><E71/><V76/><F76/><W32/><G32/><T81/><D94/><U44/><E44/><V13/><F13/><W21/><G47/><T117/><D96/><U119/><E119/><V52/><F52/><W45/><G45/><T72/><D117/><U37/><E37/><V73/><F73/><W104/><G104/><T106/><D106/><U92/><E92/><V42/><F42/><AGARI ba="0,2" hai="10,15,16,22,27,28,40,41,42,77,80,84,121,123" machi="42" ten="40,2600,0" yaku="1,1,54,1,53,0" doraHai="33" doraHaiUra="86" who="1" fromWho="2" sc="424,0,138,46,158,-26,260,0" /><INIT seed="3,0,0,5,1,71" ten="424,184,132,260" oya="3" hai0="128,25,74,2,105,40,86,133,98,102,17,96,3" hai1="107,22,7,28,82,88,131,24,78,75,124,81,45" hai2="14,55,57,41,125,1,135,114,50,93,91,85,117" hai3="66,19,10,20,132,53,60,120,94,99,31,62,39"/><W80/><G120/><T6/><D74/><U76/><E124/><V34/><F1/><W13/><G132/><T121/><D121/><U130/><E107/><V67/><F114/><W27/><G80/><T115/><D115/><U37/><E7/><V56/><F117/><W59/><G39/><T100/><D128/><U108/><E108/><V23/><F34/><W61/><REACH who="3" step="1"/><G53/><REACH who="3" ten="424,184,132,250" step="2"/><T64/><D133/><U8/><E78/><V12/><F135/><W18/><G18/><T68/><D17/><U89/><E81/><V51/><F125/><W126/><G126/><T26/><D6/><U111/><E111/><V9/><F41/><W73/><G73/><T103/><D40/><U47/><E37/><V35/><F55/><W69/><G69/><T97/><D68/><U0/><E130/><V49/><F67/><W95/><G95/><T84/><D64/><U44/><E131/><V101/><F93/><W65/><G65/><T118/><D105/><U134/><E134/><V5/><F5/><W29/><G29/><T11/><D118/><U15/><E82/><V38/><F38/><W36/><G36/><T127/><D127/><U21/><E76/><V30/><F30/><W112/><G112/><T106/><D106/><U109/><E75/><V16/><F16/><W83/><G83/><T72/><D72/><U104/><E104/><V129/><F129/><W33/><G33/><T77/><D77/><U122/><E122/><V4/><F35/><W113/><G113/><T63/><D100/><AGARI ba="0,1" hai="10,13,19,20,27,31,59,60,61,62,66,94,99,100" machi="100" ten="30,12000,1" yaku="1,1,7,1,25,2,8,1,53,0" doraHai="71" doraHaiUra="48" who="3" fromWho="0" sc="424,-120,184,0,132,0,250,130" /><INIT seed="3,1,0,4,4,56" ten="304,184,132,380" oya="3" hai0="92,34,131,31,85,101,20,67,135,106,23,125,133" hai1="61,50,26,14,88,4,87,123,28,13,94,76,22" hai2="126,36,98,57,128,54,30,93,7,1,110,46,78" hai3="111,6,38,117,25,70,132,62,47,96,27,59,71"/><W2/><G117/><T134/><D106/><U66/><E123/><V116/><F116/><W75/><G75/><T3/><D3/><U39/><E39/><V52/><F110/><W18/><G111/><T15/><D125/><U81/><E50/><V65/><F126/><W97/><G132/><T16/><D131/><U89/><E4/><V109/><F109/><W91/><G2/><T122/><D122/><U35/><E35/><V49/><F128/><W100/><G6/><T41/><D41/><U48/><E48/><V112/><F112/><W63/><G71/><T69/><D34/><U124/><E89/><V84/><F30/><W83/><G70/><T105/><D105/><U42/><E42/><V32/><F65/><W95/><G59/><T90/><D101/><U107/><E107/><V24/><F24/><W121/><G121/><T113/><D113/><U79/><E79/><V40/><F54/><W8/><G47/><T44/><D44/><U82/><E82/><V55/><F55/><W120/><G38/><T21/><D31/><U64/><E124/><V17/><F17/><W33/><G120/><T58/><D69/><U43/><E43/><V9/><F32/><W74/><G74/><T12/><D12/><U118/><E118/><V99/><REACH who="2" step="1"/><F93/><REACH who="2" ten="304,184,122,380" step="2"/><N who="3" m="58415" /><G33/><T102/><D133/><U108/><E108/><V53/><F53/><W114/><G114/><T127/><D127/><U51/><E66/><V77/><F77/><W129/><G129/><T37/><D134/><U86/><E51/><V115/><F115/><W45/><G27/><N who="0" m="14727" /><D135/><U10/><E10/><V130/><F130/><RYUUKYOKU ba="1,1" sc="304,-15,184,15,122,15,380,-15" hai1="13,14,22,26,28,61,64,76,81,86,87,88,94" hai2="1,7,9,36,40,46,49,52,57,78,84,98,99" /><INIT seed="4,2,1,4,5,5" ten="289,199,137,365" oya="0" hai0="119,51,30,28,18,43,9,106,64,115,110,35,121" hai1="13,32,69,4,14,60,80,100,1,37,73,0,15" hai2="130,102,53,72,27,33,117,118,25,108,124,83,85" hai3="109,75,21,3,86,39,11,23,66,62,126,87,93"/><T120/><D106/><U26/><E37/><V76/><F108/><W122/><G109/><T91/><D110/><U74/><E100/><V63/><F130/><W111/><G111/><T81/><D119/><N who="2" m="45578" /><F124/><W127/><G122/><T57/><D115/><U59/><E69/><V41/><F41/><W131/><G131/><T77/><D35/><U82/><E26/><N who="2" m="9739" /><F33/><W16/><G75/><T107/><D107/><U116/><E32/><V70/><F102/><W42/><G39/><T89/><D43/><U49/><E49/><V7/><F7/><W95/><G42/><T67/><D120/><U22/><E22/><N who="3" m="8202" /><G3/><T134/><D121/><U99/><E4/><V135/><F135/><W97/><G127/><T129/><D134/><U40/><E40/><V88/><F53/><W55/><G66/><T78/><D129/><U52/><E116/><V92/><F63/><W47/><G126/><T38/><D38/><U132/><E132/><V101/><F101/><N who="3" m="60591" /><G95/><T54/><D67/><U12/><N who="1" m="3584" /><DORA hai="10" /><U123/><E123/><V96/><F70/><W19/><G11/><T34/><D34/><U48/><E60/><V105/><F105/><W58/><G47/><T24/><D9/><U61/><E61/><V44/><F44/><W90/><G87/><AGARI ba="2,1" hai="72,76,83,85,87,88,92,96" m="9739,45578" machi="87" ten="30,2000,0" yaku="12,1,54,1" doraHai="5,10" who="2" fromWho="3" sc="289,0,199,0,137,36,365,-26" /><INIT seed="5,0,0,0,0,12" ten="289,199,173,339" oya="1" hai0="56,93,115,97,77,7,31,43,91,78,41,63,65" hai1="90,16,120,122,60,106,64,19,32,35,24,94,38" hai2="14,42,92,83,71,33,131,59,86,133,135,67,129" hai3="54,11,126,5,70,27,121,52,103,100,23,58,102"/><U13/><E106/><V2/><F2/><W26/><G121/><T49/><D115/><U40/><E120/><V76/><F33/><W21/><G126/><T74/><D7/><U57/><E122/><V28/><F71/><W98/><G70/><T34/><D74/><U75/><E75/><V50/><F28/><W55/><G5/><T95/><D31/><U109/><E109/><V48/><F92/><W119/><G119/><T36/><D34/><U116/><E116/><V30/><F30/><W124/><G124/><T15/><D36/><U29/><E35/><V20/><F67/><W46/><G11/><T84/><D15/><U17/><E40/><N who="0" m="15433" /><D49/><N who="2" m="19050" /><F59/><W118/><G118/><T85/><D85/><U88/><E38/><V96/><F96/><W125/><G125/><T69/><D69/><U99/><REACH who="1" step="1"/><E90/><AGARI ba="0,0" hai="56,63,65,77,78,84,90,91,93,95,97" m="15433" machi="90" ten="30,1000,0" yaku="8,1" doraHai="12" who="0" fromWho="1" sc="289,10,199,-10,173,0,339,0" /><INIT seed="6,0,0,4,1,80" ten="299,189,173,339" oya="2" hai0="71,56,60,9,73,84,122,72,94,28,83,96,31" hai1="23,115,20,114,50,58,10,29,75,21,101,124,81" hai2="106,92,46,100,8,7,118,45,43,125,64,5,15" hai3="69,70,41,34,131,88,74,108,12,113,3,54,19"/><V47/><F106/><W39/><G108/><T35/><D71/><U97/><E124/><V117/><F125/><W25/><G131/><T87/><D122/><U4/><E29/><V93/><F43/><W119/><G119/><T95/><D9/><U120/><E120/><V126/><F126/><W68/><G3/><T61/><D83/><U85/><E75/><V66/><F100/><W26/><G74/><T90/><D96/><U127/><E127/><V133/><F133/><W67/><G67/><N who="2" m="25641" /><F15/><W62/><G113/><N who="1" m="43018" /><E50/><V36/><F8/><W103/><G103/><T135/><D90/><N who="1" m="51503" /><E58/><V112/><F36/><W129/><G129/><T27/><D135/><U53/><E53/><V13/><F112/><W79/><G41/><T42/><D42/><U102/><E97/><V16/><F117/><W44/><G39/><T121/><D121/><U49/><E49/><V123/><F123/><W99/><G70/><T57/><D27/><U33/><E33/><AGARI ba="0,0" hai="28,31,33,35,56,57,60,61,72,73,84,87,94,95" machi="33" ten="25,6400,0" yaku="22,2,52,2" doraHai="80" who="0" fromWho="1" sc="299,64,189,-64,173,0,339,0" /><INIT seed="7,0,0,1,2,38" ten="363,125,173,339" oya="3" hai0="81,49,123,41,71,72,79,32,92,115,125,37,77" hai1="2,127,66,99,107,52,111,23,10,84,119,78,61" hai2="4,129,39,65,121,9,8,109,17,33,18,22,90" hai3="117,68,80,62,30,14,131,64,15,124,0,112,113"/><W75/><G117/><T133/><D123/><U103/><E111/><V87/><F109/><W34/><G15/><T74/><D32/><U85/><E119/><V122/><F33/><W11/><G14/><T91/><D37/><U40/><E127/><V97/><F39/><W19/><G19/><T58/><D71/><U47/><E23/><V42/><F42/><W69/><G124/><T95/><D125/><U56/><E78/><V98/><F129/><W120/><G120/><N who="2" m="46185" /><F65/><W105/><G131/><T3/><D3/><U20/><E20/><V51/><F51/><W135/><G135/><T110/><D110/><U36/><REACH who="1" step="1"/><E66/><REACH who="1" ten="363,115,173,339" step="2"/><V63/><F63/><W45/><G113/><T96/><D115/><U132/><E132/><V43/><F8/><W116/><G112/><T82/><D133/><U29/><E29/><V54/><F54/><W86/><G116/><T57/><D92/><U25/><E25/><N who="2" m="14543" /><F43/><W70/><G30/><T55/><D41/><U128/><E128/><V60/><F60/><W114/><G114/><T13/><D13/><U89/><E89/><V93/><F18/><W53/><G105/><T76/><D76/><U83/><E83/><V48/><F48/><N who="3" m="28815" /><G34/><T94/><D94/><U7/><AGARI ba="0,1" hai="2,7,10,36,40,47,52,56,61,84,85,99,103,107" machi="7" ten="30,8000,1" yaku="1,1,0,1,52,1,54,1,53,1" doraHai="38" doraHaiUra="59" who="1" fromWho="1" sc="363,-20,115,90,173,-20,339,-40" owari="343,44.0,205,-19.0,153,-35.0,299,10.0" /></mjloggm>