<mjloggm ver="2.3"><GO type="169" lobby="0"/><UN n0="%73%66%73%66" n1="%E3%83%8A%E3%83%A9" n2="%E3%83%8D%E3%83%BC%E3%83%A0%E3%83%AC%E3%82%B9%EF%BC%97" n3="%E5%B0%B1%E6%B4%BB%E7%94%9F%40%E5%B7%9D%E6%9D%91%E8%BB%8D%E5%9B%A3" dan="16,17,17,17" rate="2101.97,2112.19,2153.95,2248.23" sx="M,M,M,M"/><TAIKYOKU oya="0"/><INIT seed="0,0,0,5,5,122" ten="250,250,250,250" oya="0" hai0="45,47,70,42,121,119,92,98,75,27,102,130,100" hai1="35,93,129,96,18,127,20,126,24,7,22,71,53" hai2="49,14,64,105,110,13,84,90,60,4,38,89,74" hai3="6,125,104,5,99,9,115,54,101,55,40,3,21"/><T30/><D119/><U62/><E129/><V106/><F38/><W17/><G115/><T68/><D75/><U41/><E7/><V11/><F74/><W76/><G125/><T128/><D121/><U79/><E41/><V91/><F110/><W123/><G123/><T95/><D27/><U43/><E43/><V8/><F49/><W39/><G6/><T82/><D82/><U112/><E79/><V32/><F32/><W132/><G132/><T10/><D30/><U78/><E78/><V85/><F106/><W124/><G124/><T108/><D10/><U12/><E35/><V44/><F44/><W97/><G97/><T50/><D108/><U113/><E126/><V120/><F105/><W103/><G103/><T34/><D34/><U33/><E33/><V72/><F72/><W58/><G58/><T135/><D135/><U59/><E71/><V87/><F120/><W48/><G39/><T88/><D47/><U16/><REACH who="1" step="1"/><E127/><REACH who="1" ten="250,240,250,250" step="2"/><V133/><F133/><W134/><G76/><T46/><D130/><U2/><E2/><V109/><F109/><W51/><G40/><T26/><D128/><U86/><E86/><V19/><REACH who="2" step="1"/><F85/><REACH who="2" ten="250,240,240,250" step="2"/><W117/><G134/><T81/><D42/><U29/><E29/><V65/><F65/><W131/><G131/><T23/><D70/><AGARI ba="0,2" hai="4,8,11,13,14,19,60,64,70,84,87,89,90,91" machi="70" ten="40,1300,0" yaku="1,1,53,0" doraHai="122" doraHaiUra="69" who="2" fromWho="0" sc="250,-13,240,0,240,33,250,0" /><INIT seed="1,0,0,2,3,104" ten="237,240,273,250" oya="1" hai0="109,18,83,131,106,11,85,55,12,47,76,134,96" hai1="7,28,31,58,99,8,89,69,119,15,30,132,77" hai2="6,130,37,71,24,68,10,23,108,22,42,49,95" hai3="34,13,126,5,32,25,122,2,133,129,84,90,66"/><U43/><E119/><V27/><F37/><W45/><G2/><T16/><D131/><U125/><E132/><V116/><F116/><W82/><G122/><T63/><D134/><U72/><E69/><V120/><F120/><W110/><G133/><T52/><D109/><U17/><E125/><V117/><F117/><W65/><G34/><T73/><D63/><U57/><E43/><V21/><F130/><W118/><G110/><T113/><D113/><U80/><REACH who="1" step="1"/><E7/><REACH who="1" ten="237,230,273,250" step="2"/><V1/><F108/><W67/><G5/><T127/><D127/><U53/><E53/><V101/><F71/><W70/><G70/><T38/><D55/><U0/><E0/><V86/><F68/><W79/><G126/><T62/><D52/><U97/><E97/><V102/><F42/><W51/><G118/><T121/><D121/><U39/><E39/><V103/><F1/><W107/><G129/><T54/><D96/><U87/><E87/><V75/><F6/><W128/><G84/><T112/><D85/><U92/><AGARI ba="0,1" hai="8,15,17,28,30,31,57,58,72,77,80,89,92,99" machi="92" ten="30,6000,0" yaku="1,1,0,1,52,1,53,0" doraHai="104" doraHaiUra="100" who="1" fromWho="1" sc="237,-20,230,70,273,-20,250,-20" /><INIT seed="1,1,0,4,3,9" ten="217,300,253,230" oya="1" hai0="25,126,82,39,27,74,65,89,102,26,51,98,31" hai1="90,134,63,83,34,15,125,33,52,115,24,37,121" hai2="30,62,111,72,68,55,0,35,2,20,59,88,5" hai3="130,79,110,49,1,94,19,99,66,73,129,131,29"/><U4/><E115/><V71/><F72/><W40/><G1/><T18/><D39/><U53/><E121/><V132/><F35/><W103/><G29/><T127/><D65/><U86/><E134/><V124/><F132/><W118/><G118/><T76/><D89/><U122/><E122/><V77/><F77/><W92/><G66/><T22/><D51/><U100/><E125/><N who="0" m="47625" /><D31/><U105/><E37/><V32/><F124/><W56/><G110/><T80/><D82/><U81/><E81/><V109/><F32/><W17/><G73/><T87/><D74/><U108/><E108/><N who="2" m="41547" /><F88/><W57/><G79/><T58/><D58/><N who="3" m="22633" /><G92/><AGARI ba="1,0" hai="18,22,25,26,27,76,80,87,92,98,102" m="47625" machi="92" ten="30,1000,0" yaku="18,1" doraHai="9" who="0" fromWho="3" sc="217,13,300,0,253,0,230,-13" /><INIT seed="2,0,0,3,3,129" ten="230,300,253,217" oya="2" hai0="75,113,47,102,4,60,38,90,78,74,116,98,20" hai1="95,14,64,48,6,57,16,35,43,31,26,100,124" hai2="77,87,105,42,17,50,125,19,29,13,22,110,0" hai3="97,33,71,131,80,52,112,127,10,128,25,3,68"/><V21/><F0/><W8/><G97/><T23/><D113/><U123/><E124/><V132/><F105/><W103/><G103/><T115/><D115/><U82/><E123/><V106/><F106/><W45/><G80/><T46/><D4/><U72/><E6/><V59/><F125/><W62/><G33/><T56/><D90/><U30/><E30/><V114/><F114/><W73/><G73/><T40/><D47/><U85/><E72/><V83/><F132/><W39/><G25/><T12/><D116/><U69/><E69/><N who="3" m="26698" /><G3/><T130/><D130/><N who="3" m="49705" /><G127/><T5/><D78/><U101/><E95/><V92/><F110/><W15/><G15/><T53/><D23/><U117/><E117/><V28/><F92/><W133/><G133/><T81/><D81/><U76/><E100/><V70/><F70/><W61/><G10/><T135/><D135/><U66/><E101/><V63/><F50/><N who="3" m="28751" /><G8/><T89/><D89/><U84/><E84/><V41/><F29/><W37/><G112/><T2/><D2/><U49/><E14/><N who="2" m="9399" /><F28/><W24/><G24/><T120/><D75/><U119/><E119/><V1/><F1/><W108/><G108/><T44/><D74/><U122/><E31/><V104/><F104/><W51/><G51/><N who="0" m="28919" /><D102/><U134/><E35/><V93/><F93/><W88/><G88/><T94/><D94/><U65/><E134/><V109/><F109/><W86/><G86/><T54/><D98/><U27/><E85/><V79/><F79/><W99/><G99/><T34/><D34/><U126/><E76/><V9/><F9/><W107/><G107/><RYUUKYOKU ba="0,0" sc="230,-15,300,-15,253,15,217,15" hai2="13,19,22,41,42,59,63,77,83,87" hai3="37,39,61,62" /><INIT seed="2,1,0,0,3,53" ten="215,285,268,232" oya="2" hai0="130,123,94,111,87,43,106,120,103,113,26,95,65" hai1="14,80,3,82,90,118,127,78,133,36,18,19,47" hai2="5,24,62,63,74,23,51,76,104,40,61,39,46" hai3="69,28,11,75,25,84,115,35,37,16,45,41,38"/><V32/><F104/><W96/><G75/><T7/><D26/><U56/><E118/><V57/><F32/><W22/><G69/><T107/><D7/><U93/><E3/><V0/><F74/><W112/><G96/><N who="0" m="59807" /><D65/><U91/><E133/><V64/><F76/><W97/><G97/><T50/><D50/><U20/><E127/><V71/><F0/><W124/><G124/><T83/><D43/><U12/><E78/><V122/><F5/><W129/><G129/><T70/><D70/><U125/><E125/><V1/><F1/><W72/><G72/><T101/><D113/><N who="3" m="43593" /><G84/><T92/><D130/><U135/><E135/><V67/><F122/><N who="0" m="46634" /><D111/><U117/><E117/><V55/><F67/><W88/><G88/><N who="0" m="51327" /><D107/><U128/><E128/><V48/><F48/><N who="3" m="26671" /><G11/><T105/><D105/><U66/><E36/><V31/><AGARI ba="1,0" hai="23,24,31,39,40,46,51,55,57,61,62,63,64,71" machi="31" ten="20,12000,1" yaku="0,1,7,1,24,2,52,1" doraHai="53" who="2" fromWho="2" sc="215,-41,285,-41,268,123,232,-41" /><INIT seed="2,2,0,5,3,36" ten="174,244,391,191" oya="2" hai0="51,13,31,38,80,111,78,52,82,27,33,131,54" hai1="84,56,62,16,49,34,45,11,121,119,65,63,103" hai2="68,7,1,85,15,123,102,42,122,79,104,60,24" hai3="2,74,50,47,5,76,105,32,4,48,39,72,10"/><V57/><F1/><W128/><G5/><T77/><D38/><U113/><E113/><V0/><F0/><W124/><G124/><T64/><D64/><U129/><E119/><V25/><F68/><W127/><G127/><T70/><D70/><U21/><E129/><V115/><F115/><W19/><G32/><T71/><D71/><U98/><E34/><V66/><F42/><N who="3" m="23007" /><G74/><T134/><D134/><U18/><E121/><V88/><F79/><W112/><G105/><T43/><D111/><U22/><E84/><V93/><F104/><W107/><G107/><T132/><D132/><U109/><E62/><V92/><F123/><W110/><G112/><T86/><D13/><N who="1" m="7231" /><E18/><V41/><F122/><W90/><G110/><T94/><D94/><N who="1" m="58839" /><E109/><V97/><REACH who="2" step="1"/><F41/><AGARI ba="2,0" hai="21,22,41,45,49,56,63,65" m="58839,7231" machi="41" ten="30,3900,0" yaku="8,1,52,1,54,1" doraHai="36" who="1" fromWho="2" sc="174,0,244,45,391,-45,191,0" /><INIT seed="3,0,0,4,0,124" ten="174,289,346,191" oya="3" hai0="57,10,17,132,97,37,43,53,3,121,118,103,15" hai1="8,98,96,41,46,4,52,24,13,64,73,56,35" hai2="28,82,49,75,1,120,84,36,83,40,32,114,110" hai3="19,106,90,63,78,128,70,127,129,111,62,11,85"/><W135/><G127/><T16/><D118/><U122/><E122/><V131/><F114/><W9/><G106/><T130/><D3/><U125/><E73/><V39/><F1/><W66/><G135/><T33/><D33/><U50/><E125/><V42/><F120/><W48/><G78/><T108/><D132/><U67/><E35/><V0/><F0/><W69/><G48/><T80/><D108/><U71/><E24/><V76/><F110/><W99/><G99/><T116/><D116/><U5/><E5/><V58/><F131/><N who="3" m="50251" /><G111/><T95/><D130/><U45/><E45/><V74/><F49/><W60/><G19/><T68/><D121/><U117/><E117/><V93/><F76/><W77/><G77/><T30/><D17/><U54/><E41/><V26/><F84/><W113/><G113/><T47/><D30/><U20/><E96/><V27/><F28/><W51/><G51/><T7/><D7/><U29/><E98/><V72/><F72/><W100/><G100/><T112/><D112/><U61/><E29/><V14/><F39/><W133/><G133/><T81/><D68/><N who="3" m="26217" /><G66/><T123/><D123/><U25/><E67/><V126/><F36/><W109/><G109/><T18/><D18/><N who="1" m="12439" /><E71/><V12/><F126/><W6/><G6/><T44/><D47/><U86/><E86/><V21/><F75/><W65/><G65/><T87/><D87/><U101/><E101/><V92/><F74/><W31/><G31/><T79/><D79/><U94/><E64/><V104/><F104/><W134/><G134/><T2/><D37/><U105/><E105/><RYUUKYOKU ba="0,0" sc="174,-15,289,15,346,-15,191,15" hai1="4,8,13,46,50,52,54,56,61,94" hai3="9,11,60,62,63,85,90" /><INIT seed="3,1,0,4,5,74" ten="159,304,331,206" oya="3" hai0="9,32,107,98,83,73,18,113,108,52,39,15,78" hai1="111,61,34,84,102,130,75,51,48,41,80,37,125" hai2="33,62,3,122,22,85,47,90,60,54,42,114,67" hai3="116,21,27,26,13,23,45,99,101,103,25,63,104"/><W36/><G116/><T5/><D39/><U66/><E111/><V44/><F33/><W124/><G124/><T106/><D108/><U94/><E125/><V58/><F114/><W46/><G101/><T71/><D71/><U105/><E130/><V20/><F3/><W110/><G110/><T128/><D32/><U121/><E34/><V28/><F122/><W87/><G63/><T55/><D128/><U88/><E121/><V35/><F35/><W82/><G36/><T117/><D117/><U126/><E126/><V96/><F96/><W30/><G13/><T29/><D29/><U77/><E37/><V24/><F20/><W132/><G132/><T112/><D106/><U92/><E92/><V31/><F31/><W59/><G59/><T76/><D5/><U115/><E41/><V1/><F1/><W91/><REACH who="3" step="1"/><G25/><REACH who="3" ten="159,304,331,196" step="2"/><T50/><D113/><U109/><E109/><V53/><F60/><W14/><G14/><T81/><D112/><U49/><E115/><V12/><F12/><W118/><G118/><T70/><D70/><U86/><E61/><V57/><F57/><W72/><G72/><T129/><D129/><U19/><E66/><V16/><F67/><W8/><G8/><T131/><D131/><U119/><E119/><V100/><F100/><W0/><G0/><T120/><D120/><U10/><E75/><V56/><F62/><W69/><G69/><T93/><D9/><U97/><E10/><V38/><F58/><W123/><G123/><T68/><D68/><U133/><E133/><V6/><F56/><W43/><G43/><T89/><D15/><RYUUKYOKU ba="1,1" sc="159,-15,304,15,331,-15,196,15" hai1="19,48,49,51,77,80,84,86,88,94,97,102,105" hai3="21,23,26,27,30,45,46,82,87,91,99,103,104" /><INIT seed="3,2,1,5,2,48" ten="144,319,316,211" oya="3" hai0="54,91,98,76,81,95,2,44,73,57,17,60,30" hai1="117,70,46,53,119,82,89,78,0,52,8,63,36" hai2="51,94,130,112,74,75,13,77,22,103,99,85,62" hai3="126,31,83,120,132,3,131,134,71,118,123,100,72"/><W41/><G3/><T29/><D2/><U28/><E28/><V92/><F112/><W6/><G6/><T107/><D107/><U133/><E133/><N who="3" m="51306" /><G71/><T87/><D73/><U11/><E89/><V20/><F130/><W69/><G69/><T38/><D38/><U32/><E32/><V58/><F51/><W108/><G41/><T56/><D44/><U45/><E70/><V86/><F77/><N who="3" m="44455" /><G31/><T96/><D96/><U21/><E21/><V5/><F74/><W40/><G40/><T111/><D111/><U88/><E63/><V37/><F37/><W102/><G131/><T12/><REACH who="0" step="1"/><D56/><REACH who="0" ten="134,319,316,211" step="2"/><U59/><E59/><V104/><F75/><W84/><G108/><T27/><D27/><U129/><E129/><V33/><F104/><W105/><G118/><N who="1" m="45066" /><E36/><V25/><F58/><W9/><G105/><T34/><D34/><U49/><E0/><V67/><F33/><W106/><G106/><T10/><AGARI ba="2,2" hai="10,12,17,29,30,54,57,60,76,81,87,91,95,98" machi="10" ten="20,8000,1" yaku="1,1,0,1,7,1,8,1,52,1,53,0" doraHai="48" doraHaiUra="42" who="0" fromWho="0" sc="134,106,319,-22,316,-22,211,-42" /><INIT seed="4,0,0,5,3,39" ten="240,297,294,169" oya="0" hai0="49,69,113,20,19,75,59,111,32,86,82,121,95" hai1="78,52,77,70,74,99,132,53,40,50,55,88,56" hai2="106,44,64,47,97,28,124,123,13,23,37,67,117" hai3="66,94,14,109,73,71,98,4,72,129,33,62,83"/><T93/><D121/><U89/><E70/><V104/><F123/><W57/><G109/><T31/><D69/><U2/><E2/><V81/><F124/><W36/><G129/><T65/><D75/><U134/><E74/><V30/><F117/><W16/><G33/><T8/><D111/><U54/><E40/><V125/><F125/><W133/><G133/><N who="1" m="51306" /><E99/><V96/><F81/><W38/><G4/><T126/><D126/><U3/><E3/><V63/><F13/><W112/><G112/><T7/><D113/><U101/><E101/><V68/><F23/><W80/><G71/><T17/><D31/><U12/><E12/><V18/><F18/><N who="0" m="6666" /><D20/><U21/><E21/><V103/><F64/><W84/><G73/><T29/><D29/><U76/><AGARI ba="0,0" hai="50,52,53,54,55,56,76,77,78,88,89" m="51306" machi="76" ten="40,5200,0" yaku="20,1,54,2" doraHai="39" who="1" fromWho="1" sc="240,-26,297,52,294,-13,169,-13" /><INIT seed="5,0,0,4,1,93" ten="214,349,281,156" oya="1" hai0="75,1,39,70,47,4,21,103,62,118,17,134,89" hai1="115,53,117,90,92,66,127,42,106,100,40,85,32" hai2="37,22,133,82,123,81,112,0,5,122,116,7,3" hai3="45,27,111,23,108,28,15,91,86,110,44,48,13"/><U55/><E117/><V107/><F116/><W125/><G125/><T59/><D70/><U120/><E120/><V96/><F37/><W43/><REACH who="3" step="1"/><G44/><REACH who="3" ten="214,349,281,146" step="2"/><T124/><D47/><U51/><E127/><V95/><F123/><W29/><G29/><T132/><D124/><U131/><E131/><V130/><F122/><W98/><G98/><T101/><D134/><U68/><E115/><V87/><F130/><W9/><G9/><T34/><D132/><U49/><E42/><V14/><F133/><W12/><G12/><T38/><D118/><U104/><E40/><V129/><F112/><W119/><G119/><T94/><D1/><U128/><E128/><V10/><F129/><W31/><G31/><T52/><D38/><U84/><E104/><V105/><F105/><W79/><G79/><T113/><D39/><U76/><E106/><V126/><F107/><W54/><G54/><T35/><D113/><U60/><E53/><V25/><F126/><W135/><G135/><T65/><D52/><U46/><E55/><V61/><F0/><W71/><G71/><T74/><D62/><U67/><E46/><V63/><F3/><W20/><G20/><T33/><D21/><U30/><E60/><V6/><F14/><W72/><G72/><T114/><D114/><U88/><E68/><V80/><F10/><W26/><G26/><T24/><D75/><U99/><E76/><N who="2" m="46471" /><F63/><W78/><G78/><T2/><D74/><U16/><E51/><V102/><F61/><W57/><G57/><T41/><D59/><U56/><E49/><V73/><F73/><W19/><G19/><AGARI ba="0,1" hai="5,6,7,19,22,25,81,82,95,96,102" m="46471" machi="19" ten="30,3900,0" yaku="6,1,8,1,52,1" doraHai="93" who="2" fromWho="3" sc="214,0,349,0,281,49,146,-39" /><INIT seed="6,0,0,2,4,0" ten="214,349,330,107" oya="2" hai0="49,119,81,113,27,13,70,71,43,42,126,101,34" hai1="76,115,23,62,122,29,45,111,35,38,14,15,121" hai2="104,18,21,72,8,16,87,28,84,47,114,88,97" hai3="75,128,105,99,77,98,134,53,90,123,79,106,117"/><V2/><F72/><W57/><G57/><T96/><D113/><U44/><E111/><V112/><F47/><W32/><G32/><T25/><D126/><U52/><E115/><N who="2" m="44075" /><F28/><W69/><G69/><T120/><D120/><N who="1" m="46187" /><E76/><N who="3" m="29258" /><G53/><T40/><D119/><U118/><E118/><V11/><F84/><W93/><G117/><T51/><D81/><U30/><E35/><V33/><F33/><W39/><G39/><T108/><D108/><U133/><E133/><V135/><F135/><W82/><G134/><T54/><D71/><U125/><E125/><V55/><F55/><W80/><G128/><T109/><D70/><U61/><E38/><V9/><F2/><W127/><G127/><T41/><D109/><U86/><E45/><V83/><F21/><W3/><G3/><T63/><D34/><U12/><E86/><V1/><F1/><W94/><G123/><T85/><D85/><U31/><E23/><V65/><F65/><W102/><G75/><T129/><D129/><U73/><E73/><V95/><F104/><AGARI ba="0,0" hai="80,82,90,93,94,98,99,102,104,105,106" m="29258" machi="104" ten="30,8000,1" yaku="35,5" doraHai="0" who="3" fromWho="2" sc="214,0,349,0,330,-80,107,80" /><INIT seed="7,0,0,3,0,78" ten="214,349,250,187" oya="3" hai0="96,9,117,35,126,62,58,61,41,21,36,16,63" hai1="110,28,29,95,10,123,80,113,116,82,105,114,112" hai2="3,34,106,128,19,102,88,74,40,57,67,26,59" hai3="69,37,71,79,55,14,132,47,75,31,119,100,18"/><W48/><G119/><T92/><D35/><U118/><E110/><V98/><F3/><W124/><G132/><T64/><D117/><N who="1" m="45163" /><E123/><V108/><F108/><W5/><G124/><T87/><D126/><U103/><E105/><V45/><F74/><W65/><G5/><T32/><D32/><U6/><E103/><V22/><F128/><W56/><G100/><T107/><D107/><U73/><E95/><V49/><F67/><W90/><G31/><N who="1" m="11850" /><E73/><V81/><F34/><W104/><G104/><T133/><D133/><U99/><E99/><V109/><F109/><W51/><G90/><T121/><D121/><U94/><E94/><V53/><F40/><W76/><G37/><T120/><D120/><U13/><AGARI ba="0,0" hai="6,10,13,80,82,112,113,114" m="11850,45163" machi="13" ten="40,8000,1" yaku="15,1,12,1,52,2" doraHai="78" who="1" fromWho="1" sc="214,-20,349,80,250,-20,187,-40" owari="194,-21.0,429,53.0,230,3.0,147,-35.0" /></mjloggm>