<mjloggm ver="2.3"><GO type="41" lobby="0"/><UN n0="%E5%B0%B1%E6%B4%BB%E7%94%9F%40%E5%B7%9D%E6%9D%91%E8%BB%8D%E5%9B%A3" n1="%E3%82%AE%E3%83%B3%E3%83%A4%E3%83%B3%E3%83%9E" n2="%E5%90%8D%E6%8E%A2%E5%81%B5%E3%81%8F%E3%82%93%E3%81%8F%E3%82%93" n3="%EF%BC%B0%EF%BC%AC%EF%BC%A1%EF%BC%AE%EF%BC%B4" dan="18,13,13,14" rate="2217.32,1891.79,1939.51,1973.32" sx="M,M,M,F"/><TAIKYOKU oya="0"/><INIT seed="0,0,0,0,5,80" ten="250,250,250,250" oya="0" hai0="45,65,98,0,86,127,40,120,83,107,85,104,133" hai1="54,43,17,24,59,52,55,26,38,42,112,100,91" hai2="10,22,9,122,6,121,105,134,23,126,76,82,53" hai3="18,56,51,28,44,108,95,96,5,33,46,41,106"/><T3/><D120/><U92/><E112/><V129/><F105/><W64/><G108/><T75/><D75/><U77/><E77/><V103/><F103/><W93/><G33/><T58/><D107/><U13/><E38/><V131/><F53/><W79/><G28/><T113/><D113/><U47/><E100/><V39/><F39/><W78/><G5/><T31/><D31/><U25/><E59/><V29/><F134/><W60/><G106/><T8/><D133/><U66/><E66/><V7/><F82/><W109/><G109/><T135/><D135/><U34/><E34/><V117/><F76/><W2/><G2/><T132/><D132/><U111/><E111/><V67/><F67/><W110/><G110/><T130/><D83/><U57/><E57/><V128/><F126/><W119/><G119/><T97/><D127/><U123/><E123/><N who="2" m="47115" /><F29/><W88/><G46/><T21/><D21/><N who="2" m="7690" /><F117/><W94/><G18/><T99/><D104/><U87/><E47/><V124/><F124/><W27/><G27/><T4/><D130/><U69/><E69/><V116/><F116/><W68/><G68/><T118/><D118/><U114/><E114/><V89/><F89/><N who="3" m="55343" /><G95/><T125/><D125/><U74/><E74/><V49/><F49/><W19/><G19/><T48/><REACH who="0" step="1"/><D0/><REACH who="0" ten="240,250,250,250" step="2"/><U101/><E101/><V61/><F61/><AGARI ba="0,1" hai="3,4,8,40,45,48,58,61,65,85,86,97,98,99" machi="61" ten="40,12000,1" yaku="1,1,2,1,52,2,53,0" doraHai="80" doraHaiUra="73" who="0" fromWho="2" sc="240,130,250,0,250,-120,250,0" /><INIT seed="0,1,0,5,5,37" ten="370,250,130,250" oya="0" hai0="96,57,3,74,111,100,8,23,45,112,33,34,71" hai1="76,122,15,126,118,54,73,103,39,104,102,11,28" hai2="114,14,101,79,77,25,88,10,120,36,65,67,109" hai3="75,82,68,116,83,66,99,30,20,53,22,6,108"/><T123/><D71/><U85/><E39/><V87/><F120/><W84/><G108/><T80/><D112/><U13/><E122/><V95/><F114/><W86/><G75/><T94/><D123/><U124/><E118/><V130/><F130/><W9/><G116/><T134/><D134/><U62/><E73/><V0/><F109/><W125/><G125/><N who="1" m="48234" /><E28/><V107/><F0/><W128/><G128/><T40/><D23/><U72/><E72/><V129/><F129/><W24/><G22/><T18/><D57/><N who="1" m="35127" /><E104/><V89/><F36/><W117/><G117/><T127/><D127/><U1/><E76/><V121/><F121/><W12/><G66/><N who="2" m="25097" /><F107/><W119/><G68/><T91/><D111/><U58/><E58/><V4/><F101/><N who="1" m="38409" /><E85/><V19/><F89/><W2/><G99/><T51/><D74/><U49/><E49/><V48/><F48/><W35/><G119/><T135/><D135/><U27/><E27/><V56/><F56/><W41/><G53/><T31/><D31/><U5/><AGARI ba="1,0" hai="1,5,11,13,15" m="38409,35127,48234" machi="5" ten="30,1100,0" yaku="18,1" doraHai="37" who="1" fromWho="1" sc="370,-6,250,14,130,-4,250,-4" /><INIT seed="1,0,0,3,0,8" ten="364,264,126,246" oya="1" hai0="36,55,42,26,94,54,106,103,25,50,1,11,2" hai1="62,18,101,32,98,37,86,105,17,45,29,33,128" hai2="102,46,76,43,126,39,57,81,120,13,41,63,30" hai3="24,49,85,111,0,100,20,116,108,95,124,56,134"/><U73/><E73/><V19/><F120/><W61/><G0/><T22/><D106/><U6/><E128/><V51/><F126/><W69/><G69/><T15/><D36/><U99/><E99/><V91/><F30/><W130/><G124/><T34/><D34/><U44/><E6/><V72/><F102/><W59/><G130/><T47/><D2/><U27/><E33/><V21/><F91/><W83/><G134/><T112/><D1/><U129/><E129/><V40/><F57/><W58/><G49/><T135/><D135/><U23/><E37/><V93/><F63/><W68/><G68/><T118/><D118/><U70/><E86/><V10/><F93/><W7/><G7/><N who="0" m="3583" /><D112/><U35/><E35/><V92/><F92/><W77/><G116/><T90/><D103/><U110/><E110/><N who="3" m="42026" /><G95/><T127/><D127/><U9/><E9/><V31/><REACH who="2" step="1"/><F39/><REACH who="2" ten="364,264,116,246" step="2"/><W71/><G100/><T53/><D94/><U121/><E121/><V48/><F48/><W96/><G96/><T14/><D90/><U64/><E18/><AGARI ba="0,1" hai="14,18,22,25,26,42,47,50,53,54,55" m="3583" machi="18" ten="30,3900,0" yaku="8,1,52,2" doraHai="8" who="0" fromWho="1" sc="364,49,264,-39,116,0,246,0" /><INIT seed="2,0,0,3,0,62" ten="413,225,116,246" oya="2" hai0="46,16,124,69,11,68,17,129,118,97,32,110,64" hai1="60,63,79,126,6,50,21,133,7,49,40,52,19" hai2="70,42,57,128,98,90,43,73,30,28,8,94,12" hai3="13,38,45,113,132,25,36,84,130,4,99,34,106"/><V39/><F70/><W119/><G132/><T120/><D32/><U121/><E133/><V23/><F73/><W116/><G130/><T75/><D75/><U82/><E126/><V122/><F122/><W76/><G113/><T89/><D120/><U74/><E121/><V58/><F128/><W55/><G38/><T125/><D129/><U41/><E7/><V71/><F71/><W81/><G34/><T78/><D78/><U44/><E6/><V67/><F39/><W18/><G25/><T54/><D110/><U47/><REACH who="1" step="1"/><E41/><REACH who="1" ten="413,215,116,246" step="2"/><V100/><F43/><W107/><G4/><T51/><D124/><U5/><E5/><N who="2" m="3087" /><F42/><W53/><G119/><T96/><D125/><U37/><E37/><V33/><F33/><W80/><G36/><T104/><D118/><U0/><E0/><V61/><F23/><W127/><G127/><T135/><D135/><U20/><E20/><V31/><F58/><W9/><G116/><T27/><D69/><U102/><E102/><AGARI ba="0,1" hai="28,30,31,57,61,67,90,94,98,100,102" m="3087" machi="102" ten="30,2900,0" yaku="8,1,52,1" doraHai="62" who="2" fromWho="1" sc="413,0,215,-29,116,39,246,0" /><INIT seed="2,1,0,4,2,9" ten="413,186,155,246" oya="2" hai0="114,123,82,38,2,18,91,56,132,24,25,124,72" hai1="51,29,115,8,80,76,93,110,21,119,32,69,12" hai2="62,26,44,107,134,28,7,71,4,50,102,133,135" hai3="27,5,94,6,130,78,120,36,108,49,46,77,63"/><V95/><F107/><W116/><G108/><T43/><D2/><U81/><E69/><V60/><F102/><W131/><G116/><T39/><D114/><U88/><E119/><V57/><F71/><W128/><G120/><T100/><D100/><U67/><E115/><V55/><F95/><W118/><G118/><T85/><D72/><U15/><E110/><V106/><F106/><W61/><G36/><T98/><D98/><N who="1" m="57639" /><E32/><V97/><F97/><W103/><G27/><T42/><D42/><U58/><E76/><N who="3" m="29290" /><G94/><T1/><D1/><U11/><E29/><V53/><REACH who="2" step="1"/><F62/><REACH who="2" ten="413,186,145,246" step="2"/><N who="3" m="23563" /><G103/><T99/><D123/><U59/><E67/><V17/><F17/><W96/><G96/><T127/><D18/><N who="1" m="8455" /><E81/><V105/><F105/><W47/><G49/><T40/><D39/><U41/><E80/><V112/><F112/><W121/><G121/><T122/><D99/><U74/><E74/><V75/><F75/><W126/><G126/><T104/><D104/><U66/><E66/><V35/><AGARI ba="1,1" hai="4,7,26,28,35,44,50,53,55,57,60,133,134,135" machi="35" ten="30,11700,0" yaku="1,1,0,1,20,1,53,1" doraHai="9" doraHaiUra="23" who="2" fromWho="2" sc="413,-40,186,-40,145,130,246,-40" /><INIT seed="2,2,0,4,5,28" ten="373,146,275,206" oya="2" hai0="89,92,128,31,32,38,98,35,69,108,131,7,10" hai1="111,68,46,55,77,84,43,88,70,115,74,123,6" hai2="109,126,106,3,45,2,93,18,34,25,135,133,132" hai3="72,94,16,5,127,51,65,39,125,97,104,19,91"/><V33/><F106/><W17/><G39/><T27/><D69/><U87/><E115/><V59/><F126/><N who="3" m="48139" /><G72/><T54/><D38/><U57/><E74/><V26/><F109/><W112/><G5/><T117/><D108/><U103/><E111/><V134/><F134/><W129/><G112/><T121/><D121/><U4/><E123/><V48/><F59/><W22/><G65/><T122/><D122/><U12/><E70/><V67/><F93/><W90/><G104/><T100/><D54/><U73/><E73/><V40/><F67/><W0/><G0/><N who="2" m="41" /><F18/><N who="3" m="7275" /><G51/><T83/><D117/><U66/><E103/><V105/><F105/><W47/><G47/><T79/><D100/><U124/><E124/><V102/><F102/><N who="3" m="60727" /><G129/><N who="0" m="49739" /><D79/><U41/><E66/><V56/><F56/><W64/><G64/><T95/><D83/><N who="1" m="47215" /><E68/><V86/><F86/><W76/><G76/><T23/><D95/><N who="1" m="54687" /><E46/><V21/><F21/><W9/><G9/><T36/><D36/><U96/><E96/><V53/><F53/><W75/><G75/><T107/><D107/><U113/><E113/><V8/><F8/><W78/><G78/><T85/><D85/><U44/><E44/><V62/><F62/><W11/><G11/><T14/><AGARI ba="2,0" hai="7,10,14,23,27,31,32,35,89,92,98" m="49739" machi="14" ten="30,4000,0" yaku="19,1,52,2" doraHai="28" who="0" fromWho="0" sc="373,46,146,-12,275,-22,206,-12" /><INIT seed="3,0,0,0,1,130" ten="419,134,253,194" oya="3" hai0="11,102,71,133,74,129,107,98,90,127,17,51,109" hai1="101,118,20,84,114,48,45,10,99,44,28,96,132" hai2="46,77,78,39,93,21,128,69,110,124,2,37,113" hai3="87,56,65,12,60,4,68,29,123,66,92,72,120"/><W8/><G72/><T63/><D74/><U31/><E114/><V15/><F69/><W94/><G29/><N who="1" m="11338" /><E118/><V82/><F2/><W105/><G105/><T134/><D129/><U49/><E10/><V81/><F113/><W115/><G115/><T108/><D127/><U54/><E101/><V88/><F128/><W41/><G41/><T83/><D51/><N who="1" m="19531" /><E20/><V53/><F39/><W1/><G1/><T61/><D90/><U67/><E84/><V104/><F104/><W76/><G76/><N who="2" m="29289" /><F37/><W40/><G40/><T86/><D86/><U112/><E112/><V125/><F46/><N who="1" m="18025" /><E67/><V111/><F53/><W25/><G25/><T79/><D17/><U95/><E54/><V14/><F21/><W27/><G27/><T6/><D79/><U33/><E33/><V58/><F124/><W7/><G7/><T42/><D42/><U89/><E89/><V55/><F125/><W75/><G75/><T50/><D50/><U59/><E59/><V0/><F58/><W121/><REACH who="3" step="1"/><G87/><REACH who="3" ten="419,134,253,184" step="2"/><T32/><D6/><U22/><E22/><V35/><F35/><W16/><G16/><T5/><D32/><U38/><E38/><V85/><F0/><W100/><G100/><T18/><D18/><U116/><E116/><V57/><F85/><W64/><G64/><T13/><D5/><U34/><E34/><V30/><F55/><W19/><G19/><T117/><D102/><N who="1" m="60703" /><E99/><V73/><F73/><W70/><G70/><T122/><D71/><U80/><E80/><V97/><F81/><W52/><G52/><T126/><D83/><U24/><E24/><V106/><F82/><RYUUKYOKU ba="0,1" sc="419,-15,134,15,253,-15,184,15" hai1="132" hai3="4,8,12,56,60,65,66,68,92,94,120,121,123" /><INIT seed="3,1,1,4,0,108" ten="404,149,238,199" oya="3" hai0="52,49,41,98,8,76,40,15,113,16,19,124,118" hai1="117,68,31,43,14,50,73,47,123,59,48,36,79" hai2="27,91,37,64,77,89,61,55,58,75,92,133,5" hai3="93,32,34,20,125,111,39,112,11,88,127,134,87"/><W70/><G39/><T23/><D118/><U66/><E73/><V101/><F37/><W94/><G70/><T67/><D124/><N who="3" m="47689" /><G111/><T90/><D76/><U56/><E79/><V4/><F75/><W44/><G44/><N who="0" m="27687" /><D67/><U13/><E31/><V119/><F77/><W26/><G11/><T130/><D113/><U38/><E14/><V84/><F119/><W62/><G62/><T18/><D130/><U35/><E13/><V51/><F133/><W86/><G134/><T83/><D23/><U63/><E35/><N who="3" m="13354" /><G112/><T2/><D2/><U30/><E30/><V107/><F27/><W115/><G115/><T12/><D12/><U82/><E82/><V106/><F101/><W80/><G86/><N who="0" m="50527" /><D98/><U122/><E117/><V6/><REACH who="2" step="1"/><F91/><REACH who="2" ten="404,149,228,199" step="2"/><W81/><G81/><T116/><D116/><U110/><E110/><V21/><F21/><W57/><G57/><AGARI ba="1,2" hai="4,5,6,51,55,57,58,61,64,84,89,92,106,107" machi="57" ten="40,1300,0" yaku="1,1,53,0" doraHai="108" doraHaiUra="131" who="2" fromWho="3" sc="404,0,149,0,228,36,199,-16" /><INIT seed="4,0,0,2,2,39" ten="404,149,264,183" oya="0" hai0="105,125,57,91,2,92,54,79,60,36,99,0,123" hai1="33,44,24,101,56,111,98,22,115,23,27,108,104" hai2="106,47,80,53,89,34,87,96,49,21,16,19,45" hai3="10,1,112,116,100,110,129,70,52,71,72,55,30"/><T12/><D123/><U88/><E33/><V61/><F34/><W135/><G110/><T107/><D125/><U109/><E115/><V120/><F120/><W37/><G116/><T67/><D36/><U15/><E56/><V82/><F106/><W51/><G72/><T95/><D79/><U113/><E15/><V84/><F96/><W58/><G100/><T11/><D105/><U85/><E113/><V94/><F94/><W63/><G30/><T32/><D107/><U62/><E62/><V13/><F61/><W103/><G103/><T17/><D32/><U93/><E111/><V31/><F31/><W117/><G117/><T90/><REACH who="0" step="1"/><D67/><REACH who="0" ten="394,149,264,183" step="2"/><U133/><E109/><V127/><F127/><W18/><G37/><T25/><D25/><U43/><E108/><V28/><F28/><W40/><G112/><T14/><D14/><U74/><E133/><V124/><F124/><W6/><G135/><T102/><D102/><U77/><E27/><V38/><F38/><W48/><G129/><T26/><D26/><U83/><E24/><V86/><F89/><W118/><G118/><T59/><D59/><U29/><E29/><V65/><F65/><W97/><G71/><T73/><D73/><U68/><E68/><V121/><F121/><W69/><G70/><T78/><D78/><U119/><E119/><V50/><REACH who="2" step="1"/><F19/><REACH who="2" ten="394,149,254,183" step="2"/><W76/><G18/><T130/><D130/><U122/><E122/><V75/><F75/><W9/><G76/><T20/><D20/><U7/><E7/><V5/><F5/><W131/><G131/><T132/><D132/><U46/><E46/><RYUUKYOKU ba="0,2" sc="394,10,149,10,254,10,183,-30" hai0="0,2,11,12,17,54,57,60,90,91,92,95,99" hai1="22,23,43,44,74,77,83,85,88,93,98,101,104" hai2="13,16,21,45,47,49,50,53,80,82,84,86,87" /><INIT seed="4,1,2,1,0,84" ten="404,159,264,153" oya="0" hai0="5,8,61,122,27,22,116,73,100,53,124,24,15" hai1="49,44,108,60,65,35,95,129,48,23,26,7,42" hai2="2,18,77,83,78,82,52,105,63,4,41,98,68" hai3="88,99,31,10,71,81,130,57,6,43,132,91,55"/><T37/><D116/><U126/><E108/><V112/><F112/><W40/><G71/><T115/><D37/><U28/><E126/><V97/><F68/><W92/><G31/><T75/><D122/><U14/><E129/><V110/><F110/><W69/><G69/><T86/><D100/><U17/><E7/><V106/><F41/><W70/><G70/><T25/><D124/><U121/><E121/><V90/><F4/><W34/><G34/><T117/><D117/><U54/><E60/><V38/><F2/><W16/><G6/><T102/><D102/><U9/><E65/><V64/><F64/><W118/><G118/><T59/><D115/><U33/><E95/><N who="2" m="56567" /><F105/><W96/><G130/><T80/><REACH who="0" step="1"/><D22/><REACH who="0" ten="394,159,264,153" step="2"/><U103/><E103/><V119/><F38/><W58/><G132/><T39/><D39/><U123/><E123/><V125/><F119/><W29/><G29/><T93/><D93/><U94/><E94/><V0/><F125/><W47/><G81/><T36/><D36/><U30/><E30/><V11/><F83/><W76/><G92/><T133/><D133/><U111/><E111/><V21/><F82/><W20/><G20/><T51/><D51/><U135/><E135/><V66/><F21/><W13/><G10/><T127/><D127/><U120/><E120/><V85/><F11/><W104/><G104/><T134/><D134/><U107/><E107/><V3/><F106/><W62/><G62/><T32/><D32/><U1/><E1/><V12/><F3/><W74/><G74/><T131/><D131/><U101/><E101/><V128/><F0/><RYUUKYOKU ba="1,3" sc="394,15,159,15,264,-15,153,-15" hai0="5,8,15,24,25,27,53,59,61,73,75,80,86" hai1="9,14,17,23,26,28,33,35,42,44,48,49,54" /><INIT seed="4,2,3,1,1,26" ten="409,174,249,138" oya="0" hai0="53,110,47,23,40,124,113,123,25,101,119,41,128" hai1="118,34,14,69,65,39,104,121,92,12,17,55,0" hai2="122,130,35,131,21,102,79,10,82,89,58,20,70" hai3="4,87,91,7,81,18,97,37,13,16,129,105,111"/><T106/><D119/><U51/><E39/><V94/><F70/><W52/><G111/><T73/><D73/><U28/><E118/><V60/><F35/><W8/><G37/><T98/><D123/><U36/><E36/><V43/><F102/><W24/><G129/><N who="2" m="49161" /><F122/><W57/><G105/><T31/><D128/><U72/><E72/><N who="2" m="43367" /><F10/><N who="3" m="6199" /><G97/><T84/><D113/><U61/><E0/><V120/><F43/><W107/><G107/><T22/><D124/><U75/><E75/><V62/><F120/><W93/><G81/><T80/><D110/><U49/><E121/><V5/><F5/><W66/><G66/><T45/><D23/><N who="2" m="8778" /><F58/><W90/><G90/><T132/><D132/><U96/><E104/><V74/><F74/><W11/><G24/><T126/><D126/><U78/><E78/><V19/><F19/><W59/><G59/><T125/><D125/><U88/><E17/><V109/><F109/><W44/><G44/><T116/><D116/><U54/><E51/><V77/><F77/><W56/><G56/><T95/><D106/><U46/><E55/><V29/><F29/><W30/><G30/><T71/><D71/><U50/><E50/><V3/><F3/><W38/><G38/><T76/><D53/><U133/><E133/><V1/><F1/><W68/><G68/><T99/><D45/><U15/><E34/><V134/><F134/><W42/><G42/><N who="0" m="16491" /><D47/><U112/><E112/><V85/><AGARI ba="2,3" hai="60,62,85,89,94" m="8778,43367,49161" machi="85" ten="30,1100,0" yaku="19,1" doraHai="26" who="2" fromWho="2" sc="409,-7,174,-5,249,47,138,-5" /><INIT seed="5,0,0,4,3,89" ten="402,169,296,133" oya="1" hai0="98,48,97,61,37,112,128,12,38,101,80,3,28" hai1="47,29,115,9,75,133,18,19,62,1,109,16,64" hai2="65,54,135,121,113,86,130,85,77,129,14,116,60" hai3="0,58,105,79,108,69,40,92,22,57,66,76,45"/><U53/><E75/><V123/><F77/><W4/><G108/><T5/><D3/><U50/><E109/><V71/><F14/><W30/><G105/><T52/><D28/><U126/><E115/><V27/><F27/><W72/><G69/><T23/><D61/><U88/><E126/><V46/><F85/><W41/><G41/><T39/><D112/><U7/><E133/><V81/><F86/><W106/><G106/><T17/><D128/><N who="2" m="49258" /><F81/><W132/><G132/><T34/><D34/><U10/><E29/><V127/><F113/><W11/><G76/><T82/><D5/><U87/><E10/><V107/><F107/><W33/><G33/><T59/><D98/><U68/><REACH who="1" step="1"/><E19/><REACH who="1" ten="402,159,296,133" step="2"/><V2/><F135/><W55/><G30/><T83/><D17/><U70/><E70/><V20/><F127/><W24/><G72/><T78/><D23/><U100/><E100/><V32/><F32/><W118/><G22/><T91/><D101/><U26/><E26/><V93/><F20/><W95/><G24/><T99/><D78/><U73/><E73/><V114/><F114/><W74/><G118/><T6/><D6/><U94/><AGARI ba="0,1" hai="1,7,9,16,18,47,50,53,62,64,68,87,88,94" machi="94" ten="20,18000,2" yaku="1,1,0,1,7,1,52,1,54,2,53,1" doraHai="89" doraHaiUra="51" who="1" fromWho="1" sc="402,-60,159,190,296,-60,133,-60" /><INIT seed="5,1,0,0,3,85" ten="342,349,236,73" oya="1" hai0="14,46,91,108,42,34,67,129,49,124,120,88,8" hai1="24,126,29,25,31,79,131,102,93,100,23,105,21" hai2="73,92,109,28,89,57,35,77,135,13,110,55,27" hai3="94,125,80,20,82,127,96,5,78,32,72,30,130"/><U101/><E105/><V84/><F135/><W69/><G69/><T74/><D108/><U41/><E41/><V15/><F73/><N who="3" m="43087" /><G20/><T61/><D74/><U4/><E126/><N who="3" m="48138" /><G5/><T62/><D124/><U106/><E106/><V38/><F38/><W39/><G30/><T58/><D34/><U98/><E131/><V53/><F77/><N who="3" m="44327" /><G32/><T134/><D120/><U128/><E128/><V9/><F15/><W3/><G3/><T65/><D129/><U95/><E79/><V33/><F33/><W132/><G130/><T122/><D122/><U59/><E4/><V115/><F55/><W36/><G36/><T99/><D134/><U17/><E17/><V71/><F71/><W47/><G47/><T119/><D119/><U111/><E111/><V44/><F44/><W45/><G45/><T83/><D62/><U10/><E10/><V97/><F109/><W104/><G39/><T86/><D67/><U37/><E37/><V22/><F35/><W43/><G43/><T7/><D99/><N who="1" m="59503" /><E59/><V60/><F97/><W76/><G132/><T2/><D2/><U114/><E114/><V19/><F110/><W118/><G76/><AGARI ba="1,0" hai="7,8,14,42,46,49,58,61,65,76,83,86,88,91" machi="76" ten="30,12000,2" yaku="7,1,25,2,8,1,52,2,54,1" doraHai="85" who="0" fromWho="3" sc="342,123,349,0,236,0,73,-123" owari="465,56.0,349,15.0,236,-16.0,-50,-55.0" /></mjloggm>