<mjloggm ver="2.3"><GO type="169" lobby="0"/><UN n0="%E5%B0%B1%E6%B4%BB%E7%94%9F%40%E5%B7%9D%E6%9D%91%E8%BB%8D%E5%9B%A3" n1="%70%69%6E%70%69%6E%36" n2="%74%61%6B%61%79%79%79%79" n3="%E3%83%97%E3%83%A9%E3%83%81%E3%83%8A%E3%83%A0" dan="18,16,16,16" rate="2238.12,2060.43,2122.84,2124.13" sx="M,M,M,M"/><TAIKYOKU oya="0"/><INIT seed="0,0,0,1,0,113" ten="250,250,250,250" oya="0" hai0="83,116,82,64,125,115,44,79,4,47,52,55,60" hai1="58,10,108,112,53,96,133,17,114,63,102,98,117" hai2="8,33,100,121,38,30,15,23,119,0,86,104,71" hai3="7,126,49,111,134,22,89,19,35,36,76,25,81"/><T29/><D115/><N who="1" m="44075" /><E108/><V75/><F86/><W2/><G36/><T84/><D125/><U50/><E133/><V85/><F85/><W56/><G111/><T90/><D116/><U128/><E128/><V28/><F100/><W18/><G89/><T127/><D127/><U51/><E117/><V110/><F71/><W73/><G35/><T135/><D135/><U93/><E98/><V59/><F59/><W91/><G91/><T21/><D4/><U1/><E1/><V123/><F23/><W118/><G118/><T66/><D79/><U43/><E43/><V72/><F15/><AGARI ba="0,0" hai="10,15,17,50,51,53,58,63,93,96,102" m="44075" machi="15" ten="30,1000,0" yaku="11,1" doraHai="113" who="1" fromWho="2" sc="250,0,250,10,250,-10,250,0" /><INIT seed="1,0,0,1,0,36" ten="250,260,240,250" oya="1" hai0="6,63,103,4,52,93,79,27,102,38,82,76,62" hai1="74,105,84,92,71,2,26,118,88,87,43,70,16" hai2="77,133,0,101,28,35,33,53,37,66,127,50,95" hai3="9,135,116,65,98,5,69,49,83,61,56,108,1"/><U89/><E105/><V96/><F133/><W130/><G108/><T86/><D38/><U60/><E74/><V68/><F127/><W23/><G130/><T7/><D79/><U128/><E118/><V113/><F113/><W25/><G135/><T109/><D109/><U120/><E120/><V59/><F0/><W10/><G10/><T91/><D27/><U17/><E2/><V47/><F77/><W104/><G83/><T72/><REACH who="0" step="1"/><D62/><REACH who="0" ten="240,260,240,250" step="2"/><U51/><E128/><V32/><F28/><W121/><G25/><T21/><D21/><U125/><E125/><V112/><F112/><W55/><G23/><T78/><D78/><U8/><E26/><V75/><F75/><W19/><G116/><T73/><D73/><U90/><E60/><N who="2" m="40007" /><F33/><W81/><G61/><T97/><D97/><U41/><E70/><V126/><F126/><W11/><G69/><T122/><D122/><U85/><E71/><V18/><F35/><W134/><G98/><T31/><D31/><U94/><E51/><V34/><F32/><W123/><G49/><T29/><D29/><U44/><E44/><V42/><F34/><W58/><G123/><T48/><D48/><U22/><E22/><V45/><F45/><W80/><G121/><T14/><D14/><N who="1" m="7239" /><E17/><AGARI ba="0,1" hai="17,18,37,42,47,50,53,59,95,96,101" m="40007" machi="17" ten="30,2000,0" yaku="24,1,52,1" doraHai="36" who="2" fromWho="1" sc="240,0,260,-20,240,30,250,0" /><INIT seed="2,0,0,4,5,88" ten="240,240,270,250" oya="2" hai0="106,7,36,5,13,57,85,39,42,80,94,84,74" hai1="112,6,14,115,109,96,110,131,123,77,105,47,21" hai2="26,68,119,104,11,70,15,58,113,87,37,4,114" hai3="61,1,91,97,81,116,17,95,72,120,43,71,90"/><V32/><F119/><W132/><G120/><T66/><D106/><U18/><E131/><V35/><F104/><W22/><G1/><T135/><D135/><U45/><E77/><V2/><F37/><W23/><G132/><T103/><D74/><U30/><E123/><V92/><F58/><W130/><G130/><T38/><D42/><U86/><E6/><V102/><F2/><W133/><G133/><T121/><D121/><U118/><E118/><V125/><F125/><W124/><G124/><T12/><D57/><U76/><E30/><V75/><F75/><W129/><G23/><T25/><D25/><U73/><E73/><V79/><F79/><W98/><G129/><T62/><D62/><U93/><E105/><V28/><F35/><W108/><G108/><N who="1" m="41578" /><E86/><V100/><F100/><W9/><G72/><T33/><D33/><U20/><E20/><V49/><F49/><W0/><G22/><T65/><D38/><U41/><E76/><V64/><F64/><W127/><G127/><T55/><D80/><U24/><E24/><V54/><F54/><W60/><G81/><T56/><D56/><U59/><E59/><V122/><F122/><W29/><G29/><T8/><D55/><U27/><E27/><V10/><F10/><W69/><G9/><T67/><D8/><U101/><E41/><V50/><F50/><W83/><G43/><T99/><D39/><U46/><AGARI ba="0,0" hai="14,18,21,45,46,47,93,96,101,112,115" m="41578" machi="46" ten="30,2000,0" yaku="14,1,52,1" doraHai="88" who="1" fromWho="1" sc="240,-5,240,20,270,-10,250,-5" /><INIT seed="3,0,0,1,5,66" ten="235,260,260,245" oya="3" hai0="61,36,76,58,80,78,62,97,84,99,91,22,13" hai1="109,8,30,21,37,28,25,15,45,1,127,101,110" hai2="2,24,134,96,29,60,77,115,120,14,98,133,19" hai3="41,104,44,114,107,113,49,108,121,102,9,70,90"/><W67/><G121/><T86/><D36/><U16/><E101/><V6/><F115/><W53/><G104/><T82/><D91/><U46/><E127/><V42/><F120/><W106/><G106/><T23/><D13/><U129/><E129/><V5/><F77/><W89/><G102/><T40/><D58/><U33/><E30/><V126/><F42/><AGARI ba="0,0" hai="22,23,40,42,61,62,76,78,80,82,84,86,97,99" machi="42" ten="25,3200,0" yaku="22,2,8,1" doraHai="66" who="0" fromWho="2" sc="235,32,260,0,260,-32,245,0" /><INIT seed="4,0,0,3,4,71" ten="267,260,228,245" oya="0" hai0="14,135,83,37,97,134,43,100,122,125,110,57,126" hai1="24,127,131,85,27,52,12,2,8,80,42,75,101" hai2="72,123,58,94,117,89,96,55,68,115,41,64,53" hai3="118,44,31,111,51,39,69,61,107,102,50,81,114"/><T26/><D122/><U108/><E108/><V120/><F115/><W33/><G111/><T104/><D110/><U25/><E75/><V93/><F117/><W48/><G118/><T38/><D43/><U11/><E127/><N who="0" m="48649" /><D26/><U17/><E131/><V109/><F72/><W30/><G114/><T10/><D57/><U103/><E42/><V9/><F109/><W67/><G31/><T45/><D45/><U7/><REACH who="1" step="1"/><E52/><REACH who="1" ten="267,250,228,245" step="2"/><V40/><F53/><W73/><G73/><T129/><D129/><U106/><E106/><V65/><F55/><W98/><G50/><T92/><D104/><U23/><E23/><V49/><F41/><W4/><G51/><T19/><D83/><U79/><AGARI ba="0,1" hai="2,7,8,11,12,17,24,25,27,79,80,85,101,103" machi="79" ten="30,4000,0" yaku="1,1,0,1,53,1" doraHai="71" doraHaiUra="32" who="1" fromWho="1" sc="267,-20,250,50,228,-10,245,-10" /><INIT seed="5,0,0,4,2,132" ten="247,300,218,235" oya="1" hai0="58,33,12,114,131,45,100,8,94,37,64,129,6" hai1="52,112,104,135,102,28,106,15,80,119,128,65,36" hai2="124,93,134,76,105,7,115,39,0,109,47,34,31" hai3="117,125,24,66,83,54,81,122,96,26,110,29,2"/><U70/><E119/><V82/><F109/><W127/><G110/><T53/><D33/><U84/><E135/><V72/><F134/><W97/><G122/><T59/><D114/><U32/><E112/><V126/><F115/><W11/><G117/><T90/><D100/><U50/><E36/><V19/><F105/><W111/><G111/><T67/><D45/><U86/><E128/><N who="0" m="49225" /><D37/><U98/><E106/><V38/><F19/><W120/><G54/><T95/><D95/><U133/><E15/><V68/><F68/><W101/><G66/><N who="0" m="25131" /><D53/><U91/><E133/><V3/><F93/><N who="3" m="58511" /><G97/><AGARI ba="0,0" hai="6,8,12,58,59,90,94,97" m="25131,49225" machi="97" ten="30,1000,0" yaku="19,1" doraHai="132" who="0" fromWho="3" sc="247,10,300,0,218,0,235,-10" /><INIT seed="6,0,0,2,1,80" ten="257,300,218,225" oya="2" hai0="70,71,96,25,118,3,48,17,108,14,37,109,120" hai1="103,33,53,78,82,29,123,133,18,21,122,12,91" hai2="117,23,15,95,20,94,7,99,83,107,92,8,24" hai3="106,104,38,26,60,115,100,58,13,39,69,40,50"/><V31/><F117/><W87/><G69/><T9/><D37/><U55/><E133/><V2/><F107/><W68/><G68/><T19/><D3/><U76/><E103/><V28/><F2/><W64/><G38/><T73/><D73/><U49/><E91/><V134/><F134/><W97/><G39/><T22/><D120/><N who="1" m="46123" /><E49/><V11/><F11/><W105/><G115/><T119/><D96/><U65/><E65/><V0/><F0/><W131/><G131/><T44/><D70/><U54/><E82/><V63/><F63/><W128/><G128/><T66/><D66/><U34/><E29/><V62/><F62/><W32/><G13/><T4/><D4/><U47/><E47/><V101/><F83/><W135/><G135/><T72/><D72/><U132/><E132/><V85/><F85/><W61/><G87/><T75/><D75/><U74/><E74/><V36/><F36/><W46/><G60/><T6/><D6/><U5/><E5/><V56/><F56/><W86/><G86/><T81/><D81/><U30/><E30/><V57/><F57/><W52/><G64/><T121/><D71/><U10/><E10/><V114/><F114/><W124/><G105/><T51/><D121/><U42/><E42/><V111/><F111/><N who="0" m="42570" /><D44/><U129/><E129/><V89/><F101/><W84/><G106/><T67/><D67/><U93/><E93/><V35/><F35/><AGARI ba="0,0" hai="12,18,21,33,34,35,53,54,55,76,78" m="46123" machi="35" ten="40,1300,0" yaku="13,1" doraHai="80" who="1" fromWho="2" sc="257,0,300,13,218,-13,225,0" /><INIT seed="7,0,0,4,4,95" ten="257,313,205,225" oya="3" hai0="114,65,52,41,77,21,84,2,116,57,53,16,120" hai1="126,47,99,101,64,73,78,45,46,69,29,94,49" hai2="9,132,3,1,123,115,11,80,92,119,81,134,23" hai3="103,7,109,27,38,32,130,124,98,112,17,54,42"/><W22/><G109/><T20/><D116/><U24/><E126/><V37/><F119/><W131/><G112/><T113/><D2/><N who="2" m="522" /><F37/><W118/><G124/><T33/><D33/><U48/><E69/><V58/><F115/><N who="0" m="44042" /><D41/><U40/><E64/><V74/><F123/><W129/><G118/><T91/><D21/><N who="1" m="15503" /><E73/><V97/><F23/><W14/><G54/><T133/><D77/><U6/><E6/><V5/><F58/><W71/><G71/><T15/><D133/><N who="2" m="51306" /><F5/><W66/><G66/><T122/><D65/><U30/><E78/><N who="2" m="44119" /><F81/><W102/><G42/><T51/><D53/><U67/><E67/><V35/><F35/><W76/><G76/><T96/><D84/><U4/><E4/><V93/><F93/><AGARI ba="0,0" hai="15,16,20,51,52,57,91,93,96,120,122" m="44042" machi="93" ten="30,8000,1" yaku="15,1,11,1,52,1,54,2" doraHai="95" who="0" fromWho="2" sc="257,80,313,0,205,-80,225,0" owari="337,43.0,313,11.0,125,-37.0,225,-17.0" /></mjloggm>