<mjloggm ver="2.3"><GO type="169" lobby="0"/><UN n0="%E3%83%99%E3%82%BF%E3%82%AA%E3%83%AA%E3%82%B9%E3%82%AF" n1="%78%E3%83%AB%E3%83%AB%78" n2="%E3%82%A6%E3%83%AB%E3%83%88%E3%83%A9%E7%AB%8B%E7%9B%B4" n3="%E3%81%AE%E3%81%86%E3%81%AA%E3%82%81%E3%82%8D%E3%82%93" dan="16,16,18,17" rate="2077.32,2075.84,2214.12,2155.24" sx="M,M,M,M"/><TAIKYOKU oya="0"/><INIT seed="0,0,0,4,5,102" ten="250,250,250,250" oya="0" hai0="106,131,77,111,87,12,130,103,50,95,36,4,133" hai1="54,93,125,14,38,83,89,119,26,45,128,124,28" hai2="30,92,56,40,0,113,107,132,19,81,67,116,60" hai3="72,88,9,115,46,126,51,75,74,23,123,94,11"/><T31/><D36/><U58/><E119/><V68/><F113/><W27/><G115/><T39/><D39/><U69/><E69/><V10/><F132/><W42/><G126/><T121/><D121/><U15/><E83/><V25/><F40/><W97/><REACH who="3" step="1"/><G123/><REACH who="3" ten="250,250,250,240" step="2"/><T99/><D133/><U85/><E125/><V62/><F116/><W110/><G110/><T117/><D111/><U91/><E124/><V43/><F43/><W17/><AGARI ba="0,1" hai="9,11,17,23,27,42,46,51,72,74,75,88,94,97" machi="17" ten="30,4000,0" yaku="1,1,0,1,54,1,53,0" doraHai="102" doraHaiUra="49" who="3" fromWho="3" sc="250,-20,250,-10,250,-10,240,50" /><INIT seed="1,0,0,4,3,36" ten="230,240,240,290" oya="1" hai0="111,35,49,33,27,8,91,47,5,72,67,25,110" hai1="89,53,4,23,75,83,29,87,6,34,126,114,45" hai2="14,60,2,115,15,74,119,121,124,7,0,32,105" hai3="92,44,52,48,79,38,61,21,63,109,65,120,10"/><U1/><E114/><V96/><F60/><W76/><G120/><T86/><D72/><U81/><E126/><V77/><F96/><W51/><G10/><T9/><D67/><U62/><E34/><V113/><F77/><W73/><G73/><T117/><D117/><U43/><E1/><V88/><F88/><W112/><G112/><T133/><D133/><U108/><E108/><N who="0" m="41513" /><D35/><U116/><E116/><V37/><F7/><N who="1" m="2601" /><E75/><V46/><F46/><W41/><G109/><T125/><D33/><U39/><E39/><V13/><F37/><W11/><G11/><N who="0" m="4171" /><D5/><U106/><E81/><V71/><F32/><W101/><G21/><T128/><D128/><U18/><E106/><V68/><F105/><W28/><G28/><T70/><D70/><U58/><E29/><V127/><F74/><W82/><G65/><T64/><D64/><U95/><E95/><V94/><F94/><W3/><G3/><N who="2" m="1065" /><F119/><W85/><G79/><T134/><D134/><U93/><E93/><V17/><F121/><W55/><G92/><N who="0" m="54391" /><D125/><N who="2" m="48202" /><F17/><W69/><G69/><AGARI ba="0,0" hai="13,14,15,68,69,71,113,115" m="48202,1065" machi="69" ten="40,5200,0" yaku="28,2,18,1" doraHai="36" who="2" fromWho="3" sc="230,0,240,0,240,52,290,-52" /><INIT seed="2,0,0,3,5,107" ten="230,240,292,238" oya="2" hai0="41,117,90,55,52,120,20,51,114,5,3,67,123" hai1="36,46,99,64,104,116,17,78,48,24,21,118,25" hai2="100,125,134,49,11,66,112,50,122,34,6,56,115" hai3="124,40,128,75,23,76,81,9,59,105,37,82,13"/><V14/><F122/><W132/><G105/><T38/><D114/><U45/><E104/><V33/><F50/><W79/><G128/><T43/><D117/><U91/><E64/><V16/><F100/><W110/><G110/><T61/><D3/><U58/><E78/><V22/><F49/><W0/><G132/><T15/><D55/><U53/><E24/><V65/><F56/><W70/><G70/><T19/><D5/><U130/><E130/><V98/><F98/><W102/><G102/><T63/><D90/><U129/><E129/><V93/><F93/><W74/><G124/><T95/><D95/><U2/><E2/><N who="2" m="471" /><F66/><W44/><G23/><T60/><D67/><U84/><E99/><V86/><F86/><W69/><G69/><T127/><D127/><U10/><E45/><V109/><F65/><W72/><G59/><T1/><D1/><U35/><E36/><V30/><F125/><W101/><G101/><T108/><D108/><U54/><E54/><V121/><F109/><W85/><G0/><T39/><D39/><U8/><E58/><V96/><F96/><W73/><G85/><T57/><REACH who="0" step="1"/><D38/><REACH who="0" ten="220,240,292,238" step="2"/><U62/><E53/><V113/><F121/><AGARI ba="0,1" hai="15,19,20,41,43,51,52,57,60,61,63,120,121,123" machi="121" ten="40,8000,1" yaku="1,1,2,1,54,1,53,1" doraHai="107" doraHaiUra="47" who="0" fromWho="2" sc="220,90,240,0,292,-80,238,0" /><INIT seed="3,0,0,5,5,9" ten="310,240,212,238" oya="3" hai0="88,69,121,59,80,70,44,102,81,46,115,7,22" hai1="67,42,52,109,133,40,129,8,118,99,45,78,10" hai2="12,111,93,130,116,18,84,1,37,61,97,76,83" hai3="90,34,89,62,35,114,26,56,48,39,75,57,27"/><W50/><G114/><T124/><D121/><U117/><E109/><V20/><F116/><N who="1" m="44649" /><E129/><V85/><F130/><W105/><G75/><T54/><D102/><U72/><E67/><V104/><F111/><W43/><G43/><T126/><D7/><U96/><E133/><V25/><F1/><W15/><G105/><T23/><D115/><U11/><E78/><V32/><F37/><W110/><G62/><T100/><D100/><U63/><E72/><V66/><F104/><W28/><G110/><T87/><D81/><U113/><E113/><V51/><F51/><W103/><G103/><T38/><D70/><U106/><E106/><V119/><F119/><W122/><G39/><T107/><D69/><U98/><E45/><N who="0" m="17513" /><D107/><U14/><E14/><V13/><F32/><W21/><G21/><T112/><D38/><U71/><E71/><V120/><F85/><W58/><G122/><T95/><D112/><U127/><E127/><N who="0" m="48681" /><D80/><U0/><E0/><V131/><F131/><W132/><G132/><T123/><D123/><U135/><E135/><V74/><F74/><W19/><G19/><T5/><D5/><U91/><E91/><N who="2" m="55487" /><F120/><W4/><G4/><T6/><D6/><U101/><E101/><V134/><F134/><W49/><REACH who="3" step="1"/><G15/><REACH who="3" ten="310,240,212,228" step="2"/><N who="2" m="5705" /><F66/><W82/><G82/><T92/><D95/><U31/><E31/><AGARI ba="0,1" hai="26,27,28,31,34,35,48,49,50,56,57,58,89,90" machi="31" ten="40,3900,0" yaku="1,1,9,1,53,0" doraHai="9" doraHaiUra="3" who="3" fromWho="1" sc="310,0,240,-39,212,0,228,49" /><INIT seed="3,1,0,0,2,108" ten="310,201,212,277" oya="3" hai0="95,60,46,63,134,0,25,69,102,48,23,39,14" hai1="20,29,13,32,89,85,78,70,12,15,75,9,42" hai2="131,105,135,133,34,33,83,116,58,84,65,76,129" hai3="93,99,91,122,86,98,79,87,123,22,62,110,8"/><W54/><G22/><T104/><D0/><U35/><E70/><V118/><F33/><W74/><G8/><T21/><D39/><U16/><E42/><V77/><F34/><N who="1" m="12841" /><E78/><V128/><F58/><W49/><G62/><T88/><D69/><U11/><E75/><V115/><F65/><W107/><G54/><T119/><D119/><N who="2" m="45610" /><F105/><W97/><G49/><T3/><D3/><U59/><E59/><V18/><F18/><W30/><G30/><N who="0" m="17711" /><D102/><U41/><E89/><N who="2" m="51359" /><F115/><W81/><G110/><T90/><D104/><U109/><E85/><N who="3" m="32266" /><G107/><T26/><D14/><N who="1" m="5739" /><E41/><V72/><F76/><W121/><AGARI ba="1,0" hai="74,79,81,91,93,97,98,99,121,122,123" m="32266" machi="121" ten="40,3900,0" yaku="34,2" doraHai="108" who="3" fromWho="3" sc="310,-14,201,-14,212,-14,277,42" /><INIT seed="3,2,0,2,5,102" ten="296,187,198,319" oya="3" hai0="99,125,5,60,26,24,88,8,109,75,32,28,17" hai1="106,43,126,11,59,93,116,86,111,132,63,131,78" hai2="55,105,16,20,73,115,2,13,15,7,18,127,0" hai3="42,89,120,84,9,58,53,101,21,54,117,66,134"/><W41/><G117/><T48/><D75/><U128/><E116/><V22/><F73/><W96/><G120/><T70/><D109/><U130/><E111/><V69/><F69/><W46/><G134/><T31/><D125/><U123/><E123/><V71/><F71/><W19/><G9/><T1/><D17/><N who="2" m="6762" /><F55/><W10/><G10/><T98/><D48/><U47/><E126/><V39/><F39/><W57/><G66/><T56/><D88/><N who="1" m="53399" /><E78/><V81/><F81/><W108/><G108/><T118/><D70/><U87/><E87/><V3/><F105/><W112/><G112/><T83/><D83/><U12/><E132/><V33/><F127/><W100/><G54/><T97/><D118/><U67/><E106/><V14/><F115/><W72/><G72/><T27/><REACH who="0" step="1"/><D32/><REACH who="0" ten="286,187,198,319" step="2"/><U76/><E76/><V124/><F124/><W121/><G121/><T82/><D82/><U92/><E92/><V52/><F7/><W114/><G114/><T122/><D122/><U91/><E91/><V80/><F80/><W95/><G89/><T74/><D74/><U77/><E77/><V64/><F64/><AGARI ba="2,1" hai="1,5,8,24,26,27,28,31,56,60,64,97,98,99" machi="64" ten="40,1300,0" yaku="1,1,53,0" doraHai="102" doraHaiUra="51" who="0" fromWho="2" sc="286,29,187,0,198,-19,319,0" /><INIT seed="4,0,0,2,0,103" ten="315,187,179,319" oya="0" hai0="62,51,25,135,113,84,13,117,73,133,1,126,82" hai1="100,64,56,10,97,86,134,123,9,131,67,109,52" hai2="81,128,99,18,92,12,121,59,79,129,88,47,53" hai3="78,38,22,34,122,19,124,66,42,96,36,106,21"/><T27/><D1/><U26/><E109/><V115/><F47/><W40/><G34/><T49/><D73/><U91/><E123/><V48/><F115/><W70/><G122/><T44/><D117/><U89/><E134/><N who="0" m="51209" /><D113/><U101/><E131/><V6/><F6/><W0/><G0/><T46/><D62/><N who="1" m="36103" /><E26/><N who="0" m="9737" /><D126/><U35/><E35/><V65/><F65/><N who="1" m="25161" /><E97/><V107/><F107/><W24/><G124/><T127/><D127/><U16/><E91/><V14/><F121/><W80/><G66/><T102/><D102/><N who="1" m="39531" /><E16/><V94/><F94/><AGARI ba="0,0" hai="9,10,86,89,94" m="39531,25161,36103" machi="94" ten="30,2000,0" yaku="8,1,54,1" doraHai="103" who="1" fromWho="2" sc="315,0,187,20,179,-20,319,0" /><INIT seed="5,0,0,3,2,48" ten="315,207,159,319" oya="1" hai0="4,107,49,94,70,51,44,132,79,111,129,103,109" hai1="116,120,121,98,90,58,78,86,127,76,30,21,92" hai2="115,124,50,95,134,110,68,131,100,12,46,34,89" hai3="9,26,2,22,42,133,32,53,125,105,85,15,16"/><U71/><E116/><V14/><F110/><W118/><G105/><T38/><D70/><U67/><E71/><V13/><F68/><W54/><G118/><T33/><D33/><U18/><E127/><V28/><F124/><W113/><G125/><T91/><D79/><U25/><E18/><V119/><F119/><W23/><G113/><T59/><D103/><U19/><E19/><V56/><F115/><W135/><G42/><T6/><D107/><U117/><E117/><V97/><F131/><W5/><G85/><T101/><D101/><N who="1" m="60615" /><E76/><V65/><F134/><N who="3" m="51211" /><G23/><T102/><D102/><U52/><E78/><V55/><F100/><W20/><G32/><T69/><D69/><U87/><E121/><V99/><F99/><W8/><G22/><T112/><D38/><U83/><E120/><V126/><F126/><W93/><G93/><T3/><D132/><U123/><E123/><V11/><F34/><W29/><AGARI ba="0,0" hai="2,5,8,9,15,16,20,26,29,53,54" m="51211" machi="29" ten="30,7900,0" yaku="20,1,52,2,54,1" doraHai="48" who="3" fromWho="3" sc="315,-20,207,-39,159,-20,319,79" /><INIT seed="6,0,0,3,3,97" ten="295,168,139,398" oya="2" hai0="65,44,48,56,113,120,101,61,2,40,84,121,134" hai1="52,31,114,45,98,59,37,42,90,58,34,6,76" hai2="18,15,103,82,102,17,110,32,122,57,81,74,104" hai3="35,28,107,96,73,7,20,111,66,14,94,41,29"/><V4/><F122/><W91/><G111/><T5/><D113/><U64/><E114/><V49/><F32/><W19/><G73/><T46/><D134/><U119/><E76/><V36/><F36/><W80/><G35/><T72/><D72/><U123/><E123/><V88/><F104/><W93/><G107/><T92/><D2/><U8/><E119/><V54/><F110/><W3/><G66/><T1/><D1/><U75/><E75/><V39/><F39/><W128/><G41/><T21/><D5/><U127/><E31/><V116/><F116/><W22/><G80/><N who="2" m="30825" /><F74/><W99/><G128/><T125/><D125/><U131/><E34/><V25/><F88/><N who="3" m="55335" /><G3/><T130/><D130/><U12/><E131/><V71/><F71/><W16/><G7/><T108/><D108/><U10/><E127/><V13/><F4/><W53/><G53/><T24/><D46/><U62/><E90/><V132/><F132/><W68/><G68/><T118/><D118/><U89/><E89/><V63/><F63/><W124/><G124/><T112/><D112/><U70/><E98/><V33/><F33/><W23/><G19/><N who="2" m="7177" /><F25/><W50/><G50/><T0/><D0/><U86/><E86/><V9/><F9/><AGARI ba="0,0" hai="9,14,16,20,22,23,28,29,91,94,99" m="55335" machi="9" ten="30,3900,0" yaku="8,1,54,2" doraHai="97" who="3" fromWho="2" sc="295,0,168,0,139,-39,398,39" /><INIT seed="7,0,0,0,3,59" ten="295,168,100,437" oya="3" hai0="114,133,129,85,80,4,2,61,62,7,52,45,40" hai1="117,32,92,15,17,99,106,30,34,53,48,83,81" hai2="125,43,64,12,66,18,79,1,36,13,11,126,113" hai3="78,115,49,111,110,42,50,23,51,96,5,69,27"/><W46/><G69/><T72/><D133/><U127/><E106/><V10/><F79/><W29/><G115/><T31/><D129/><U9/><E127/><V35/><F36/><W89/><G5/><T119/><D119/><U123/><E117/><V86/><F43/><W47/><G78/><N who="0" m="44103" /><D114/><U20/><E123/><V128/><F113/><W108/><G46/><T38/><D7/><N who="1" m="3519" /><E30/><V67/><F1/><W33/><G33/><T26/><D85/><U109/><E32/><V90/><F35/><W41/><G41/><T82/><D82/><U94/><E109/><V65/><N who="2" m="16384" /><DORA hai="25" /><V76/><F76/><W21/><G23/><N who="0" m="15839" /><D52/><U122/><E94/><AGARI ba="0,0" hai="21,27,29,42,47,49,50,51,89,94,96,108,110,111" machi="94" ten="40,3900,0" yaku="10,1,52,1" doraHai="59,25" who="3" fromWho="1" sc="295,0,168,-39,100,0,437,39" owari="295,10.0,129,-27.0,100,-40.0,476,57.0" /></mjloggm>