<mjloggm ver="2.3"><GO type="169" lobby="0"/><UN n0="%4D%4A%E3%81%AE%E6%9C%80%E9%AB%98%E5%B3%B0" n1="%E3%82%A6%E3%83%AB%E3%83%88%E3%83%A9%E7%AB%8B%E7%9B%B4" n2="%E6%98%9F%E3%81%AE%E3%81%8A%E3%81%98%E3%81%84%E6%A7%98" n3="%70%6F%6E%5F%6B%61%73%75" dan="16,17,16,16" rate="2153.45,2166.29,2130.50,2001.17" sx="M,M,F,M"/><TAIKYOKU oya="0"/><INIT seed="0,0,0,1,0,54" ten="250,250,250,250" oya="0" hai0="95,4,3,19,96,39,93,132,30,33,32,21,34" hai1="36,99,57,107,117,44,74,16,84,77,108,9,109" hai2="31,71,24,62,98,48,83,17,128,13,119,66,22" hai3="129,91,127,111,52,55,6,82,5,81,92,94,49"/><T90/><D39/><U123/><E74/><V8/><F128/><W23/><G129/><T73/><D73/><U58/><E117/><V79/><F48/><W61/><G111/><N who="1" m="42570" /><E123/><V114/><F98/><W116/><G116/><T47/><D47/><U105/><E99/><V7/><F119/><W97/><G127/><T15/><D132/><U53/><E84/><V115/><REACH who="2" step="1"/><F31/><REACH who="2" ten="250,250,240,250" step="2"/><W118/><G118/><T88/><D30/><U124/><E124/><V80/><F80/><W65/><G82/><T63/><D63/><U67/><E36/><V85/><AGARI ba="0,1" hai="7,8,13,17,22,24,62,66,71,79,83,85,114,115" machi="85" ten="20,5200,0" yaku="1,1,0,1,7,1,53,1" doraHai="54" doraHaiUra="12" who="2" fromWho="2" sc="250,-26,250,-13,240,62,250,-13" /><INIT seed="1,0,0,1,2,70" ten="224,237,302,237" oya="1" hai0="33,39,116,98,46,93,127,126,108,118,117,78,21" hai1="30,84,28,37,45,89,90,97,58,51,96,74,50" hai2="107,75,86,92,109,26,80,10,72,11,68,105,23" hai3="36,67,15,43,35,106,25,103,57,111,104,76,8"/><U49/><E74/><V87/><F68/><W1/><G1/><T73/><D33/><U53/><E37/><V129/><F26/><W38/><G43/><T121/><D21/><U114/><E114/><V134/><F23/><W40/><G40/><T102/><D46/><U115/><E115/><V133/><F92/><W19/><G76/><T63/><D63/><U17/><E17/><V56/><F56/><W113/><G113/><T101/><D39/><U79/><E79/><V65/><F80/><W18/><G111/><T95/><D108/><U85/><E58/><V48/><F109/><W77/><G106/><T16/><D16/><U135/><E135/><V60/><F48/><W131/><G77/><T88/><D121/><U82/><E53/><V61/><REACH who="2" step="1"/><F129/><REACH who="2" ten="224,237,292,237" step="2"/><W59/><G131/><T100/><D95/><N who="1" m="54703" /><E45/><V54/><F54/><W32/><G59/><T110/><D110/><U69/><E69/><V14/><F14/><W112/><G112/><T12/><D12/><U22/><E22/><V132/><F132/><W2/><G35/><T52/><D52/><U66/><E66/><AGARI ba="0,1" hai="10,11,60,61,65,66,72,75,86,87,105,107,133,134" machi="66" ten="25,3200,0" yaku="1,1,22,2,53,0" doraHai="70" doraHaiUra="99" who="2" fromWho="1" sc="224,0,237,-32,292,42,237,0" /><INIT seed="2,0,0,2,3,74" ten="224,205,334,237" oya="2" hai0="14,15,91,98,52,25,130,7,53,10,70,125,80" hai1="95,38,48,34,19,18,50,64,88,135,49,133,99" hai2="43,29,1,3,134,96,94,129,120,41,119,103,111" hai3="0,56,54,71,76,22,55,69,20,27,24,6,105"/><V92/><F120/><W61/><G105/><T86/><D70/><U110/><E38/><V121/><F121/><W33/><G33/><T31/><D130/><U2/><E2/><V57/><F119/><W8/><G55/><T78/><D125/><U58/><E34/><V68/><F68/><W40/><G40/><T87/><D98/><U85/><E110/><V102/><F129/><W28/><REACH who="3" step="1"/><G76/><REACH who="3" ten="224,205,334,227" step="2"/><T12/><D10/><U67/><E135/><V26/><F134/><W46/><G46/><T77/><D7/><U66/><E133/><V122/><F122/><W37/><G37/><T90/><D52/><U106/><E106/><V107/><F107/><W63/><G63/><T114/><D53/><U17/><E58/><V81/><F57/><W16/><AGARI ba="0,1" hai="0,6,8,16,20,22,24,27,28,54,56,61,69,71" machi="16" ten="20,5200,0" yaku="1,1,0,1,7,1,54,1,53,0" doraHai="74" doraHaiUra="11" who="3" fromWho="3" sc="224,-13,205,-13,334,-26,227,62" /><INIT seed="3,0,0,3,2,124" ten="211,192,308,289" oya="3" hai0="68,109,127,80,71,22,15,63,67,88,47,95,25" hai1="133,14,1,90,111,93,128,112,48,56,46,86,121" hai2="85,132,36,130,31,24,43,92,53,96,77,54,16" hai3="102,29,99,64,42,122,70,84,87,120,129,5,106"/><W37/><G129/><T2/><D2/><U104/><E121/><V78/><F130/><W81/><G84/><T23/><D127/><U18/><E112/><V21/><F132/><W65/><G5/><T20/><D109/><U40/><E133/><V17/><F43/><W135/><G135/><T52/><D80/><U41/><E111/><V98/><F36/><W82/><G82/><T89/><D71/><U76/><E104/><V32/><F85/><W131/><G131/><T4/><D4/><U79/><E1/><V61/><F32/><W50/><G37/><T58/><D15/><U110/><E110/><V57/><F54/><W134/><G134/><T60/><D47/><U117/><E117/><V44/><F44/><W74/><G74/><T118/><D118/><U49/><E128/><V8/><F98/><W9/><G9/><T39/><D39/><U11/><REACH who="1" step="1"/><E41/><REACH who="1" ten="211,182,308,289" step="2"/><V51/><F51/><W72/><G50/><T33/><REACH who="0" step="1"/><D95/><REACH who="0" ten="201,182,308,289" step="2"/><U123/><E123/><V30/><F78/><N who="3" m="46519" /><G122/><T126/><D126/><U27/><E27/><V103/><F77/><W83/><G120/><T97/><D97/><U119/><E119/><V59/><F92/><W115/><G99/><T19/><D19/><U7/><E7/><V26/><F96/><W55/><G83/><T91/><D91/><U62/><E62/><V101/><F61/><W66/><G106/><T69/><D69/><U75/><E75/><V105/><F105/><W73/><G73/><T3/><D3/><U108/><E108/><V94/><F94/><W0/><G72/><T38/><D38/><U45/><E45/><RYUUKYOKU ba="0,2" sc="201,15,182,15,308,-15,289,-15" hai0="20,22,23,25,33,52,58,60,63,67,68,88,89" hai1="11,14,18,40,46,48,49,56,76,79,86,90,93" /><INIT seed="4,1,2,2,1,33" ten="216,197,293,274" oya="0" hai0="81,54,11,96,131,21,87,44,99,73,19,27,124" hai1="68,89,10,79,130,6,56,57,107,38,88,122,86" hai2="110,49,35,12,0,51,28,58,108,94,23,13,123" hai3="71,41,82,103,106,117,53,64,62,2,91,77,113"/><T14/><D73/><U17/><E122/><V118/><F123/><W112/><G117/><T93/><D131/><U75/><E68/><V5/><F94/><W16/><G91/><N who="1" m="34890" /><E107/><V125/><F125/><W9/><G41/><T46/><D124/><U32/><E32/><V47/><F118/><W42/><G42/><T48/><D46/><U30/><E38/><V80/><F80/><W85/><G53/><T45/><D44/><U134/><E75/><V7/><F58/><N who="1" m="22633" /><E30/><V22/><F47/><W43/><G43/><T90/><REACH who="0" step="1"/><D93/><REACH who="0" ten="206,197,293,274" step="2"/><U1/><E130/><V55/><F110/><W84/><G106/><T26/><D26/><U83/><E134/><V135/><F135/><W29/><G113/><T37/><D37/><U114/><E114/><V61/><F108/><W20/><G112/><T126/><D126/><U25/><E25/><V65/><F55/><W104/><G104/><T111/><D111/><U76/><E76/><V60/><F65/><W102/><G64/><T78/><D78/><U34/><E79/><V98/><F98/><W4/><G77/><T127/><D127/><U128/><E128/><V101/><F101/><W109/><G103/><T92/><D92/><U59/><E86/><V105/><F105/><W15/><G85/><T40/><D40/><U95/><E95/><V121/><F121/><W18/><G84/><T66/><D66/><U116/><E83/><V50/><F50/><W39/><G109/><T72/><D72/><U36/><E36/><V74/><F74/><W120/><G39/><T97/><D97/><U115/><E115/><V100/><F49/><RYUUKYOKU ba="1,3" sc="206,30,197,-10,293,-10,274,-10" hai0="11,14,19,21,27,45,48,54,81,87,90,96,99" /><INIT seed="4,2,3,2,2,62" ten="236,187,283,264" oya="0" hai0="124,16,51,122,56,22,131,54,92,48,133,89,134" hai1="1,52,13,23,40,106,108,6,44,104,105,53,49" hai2="42,100,96,83,57,18,126,32,34,65,0,113,67" hai3="17,93,80,87,111,27,25,99,68,58,118,120,109"/><T128/><D122/><U3/><E108/><V73/><F0/><W117/><G68/><T36/><D51/><U19/><E6/><V130/><F42/><W72/><G72/><T66/><D66/><U31/><E31/><V41/><F41/><W112/><G120/><T33/><D33/><U35/><E35/><V2/><F2/><W64/><G112/><T39/><D124/><U84/><E53/><V28/><F28/><W55/><G64/><T20/><D20/><U119/><E119/><V102/><F113/><W127/><G127/><T70/><D70/><U95/><E95/><V63/><F130/><N who="0" m="49706" /><D39/><U94/><E94/><V77/><F126/><W78/><G111/><T79/><D79/><U71/><E71/><V103/><F96/><W29/><G109/><T37/><D36/><U45/><REACH who="1" step="1"/><E84/><REACH who="1" ten="236,177,283,264" step="2"/><V46/><F32/><N who="3" m="20527" /><G87/><N who="0" m="52287" /><D37/><AGARI ba="2,4" hai="1,3,13,19,23,37,40,44,45,49,52,104,105,106" machi="37" ten="40,2600,0" yaku="1,1,54,1,53,0" doraHai="62" doraHaiUra="7" who="1" fromWho="0" sc="236,-32,177,72,283,0,264,0" /><INIT seed="5,0,0,3,4,45" ten="204,249,283,264" oya="1" hai0="76,84,17,15,34,39,129,41,124,83,14,118,123" hai1="66,42,54,21,47,126,81,43,33,92,133,22,35" hai2="89,90,97,25,111,99,8,6,49,69,31,104,74" hai3="61,7,115,30,57,28,119,67,64,117,85,88,32"/><U102/><E126/><V13/><F69/><W26/><G115/><T29/><D118/><N who="3" m="45065" /><G30/><T80/><D124/><U78/><E133/><V38/><F38/><W11/><G57/><T131/><D123/><U63/><E54/><V113/><F74/><W132/><G61/><T60/><D60/><U10/><E10/><V20/><F111/><W103/><G103/><T55/><D55/><U135/><E135/><V93/><F113/><W51/><G51/><T37/><D15/><U79/><E35/><V71/><F71/><W86/><G86/><T46/><D39/><U116/><E33/><V50/><F104/><W72/><G72/><T44/><D46/><U130/><E130/><V91/><F99/><W101/><G101/><AGARI ba="0,0" hai="6,8,13,20,25,31,49,50,89,90,91,93,97,101" machi="101" ten="40,5200,0" yaku="8,1,52,2" doraHai="45" who="2" fromWho="3" sc="204,0,249,0,283,52,264,-52" /><INIT seed="6,0,0,4,5,71" ten="204,249,335,212" oya="2" hai0="110,48,120,69,38,117,56,50,94,60,79,53,21" hai1="13,114,81,128,32,107,33,102,57,68,40,113,133" hai2="80,37,45,28,89,74,11,132,104,129,95,88,64" hai3="119,83,125,27,24,85,124,46,99,127,34,96,6"/><V49/><F104/><W58/><G119/><T77/><D110/><U75/><E57/><V17/><F37/><W7/><G58/><T70/><D120/><U5/><E13/><N who="2" m="7359" /><F74/><W122/><G46/><T118/><D94/><U92/><E92/><V109/><F132/><W121/><G99/><T41/><D79/><N who="1" m="44287" /><E5/><N who="3" m="1546" /><G96/><T76/><D21/><U131/><E68/><N who="0" m="26217" /><D77/><U18/><E18/><V72/><F72/><W12/><G12/><T25/><D76/><U101/><E133/><V100/><F109/><W19/><G19/><T86/><D86/><U67/><E67/><V44/><F64/><W51/><G34/><N who="1" m="13418" /><E40/><V0/><F28/><W15/><G15/><T65/><D25/><N who="3" m="9801" /><G51/><N who="0" m="19499" /><D65/><U130/><E102/><V66/><F100/><W36/><G36/><T82/><D82/><U91/><E91/><AGARI ba="0,0" hai="83,85,91,121,122,124,125,127" m="9801,1546" machi="91" ten="40,1300,0" yaku="18,1" doraHai="71" who="3" fromWho="1" sc="204,0,249,-13,335,0,212,13" /><INIT seed="7,0,0,3,2,128" ten="204,236,335,225" oya="3" hai0="131,110,130,119,135,88,94,96,54,83,17,49,81" hai1="123,133,70,23,111,107,25,95,62,85,134,126,33" hai2="37,79,86,90,100,108,98,53,129,113,28,46,48" hai3="11,32,41,105,1,14,72,59,42,106,116,21,47"/><W56/><G116/><T35/><D110/><U44/><E123/><V132/><F108/><W15/><G32/><T52/><D119/><U80/><E107/><V57/><F79/><W122/><G122/><T120/><D120/><U77/><E111/><V101/><F129/><N who="0" m="49162" /><D135/><N who="1" m="51723" /><E126/><V61/><F37/><W34/><G34/><T50/><D35/><U39/><E95/><N who="2" m="56695" /><F113/><W84/><G72/><T60/><D60/><U20/><E62/><V66/><F132/><W63/><G63/><T75/><D17/><U103/><E103/><N who="2" m="39499" /><F86/><W13/><G106/><T58/><D75/><U127/><E70/><V115/><F115/><W102/><G105/><T69/><D69/><U9/><E127/><V82/><F82/><W30/><G84/><T3/><D3/><U67/><E67/><V16/><F16/><W64/><G64/><T29/><D29/><AGARI ba="0,0" hai="28,29,46,48,53,57,61,66" m="39499,56695" machi="29" ten="30,1000,0" yaku="8,1" doraHai="128" who="2" fromWho="0" sc="204,-10,236,0,335,10,225,0" owari="194,-31.0,236,4.0,345,44.0,225,-17.0" /></mjloggm>