<mjloggm ver="2.3"><GO type="169" lobby="0"/><UN n0="%68%72%6B%69%6E%67" n1="%E5%B9%BB%E3%81%AB%E8%B3%AD%E3%81%91%E3%82%8D" n2="%E3%81%92%E3%82%8A%E3%81%92%E3%82%8A%E2%98%86%E3%82%B2%E3%83%AA%E3%83%BC" n3="%E3%83%88%E3%83%88%E3%83%AA%E5%85%88%E7%94%9F%31%39%E6%AD%B3" dan="17,16,16,18" rate="2167.67,2083.55,2089.51,2202.24" sx="M,M,M,F"/><TAIKYOKU oya="0"/><INIT seed="0,0,0,3,3,135" ten="250,250,250,250" oya="0" hai0="75,17,38,127,80,4,34,92,112,101,103,78,120" hai1="88,47,42,21,79,33,63,106,129,46,121,32,30" hai2="44,132,69,83,58,53,86,125,13,87,66,95,22" hai3="25,24,8,115,61,16,40,128,117,134,15,118,85"/><T12/><D120/><U18/><E106/><V97/><F132/><W89/><G115/><T62/><D112/><U77/><E121/><V73/><F73/><W133/><G128/><T81/><D34/><U93/><E129/><V111/><F44/><W71/><G134/><T122/><D122/><U72/><E30/><V27/><F13/><W126/><G133/><T3/><D38/><U28/><E28/><V14/><F14/><W48/><G126/><T67/><D127/><U131/><E131/><V110/><F66/><W51/><G71/><T23/><D92/><U0/><E0/><V2/><F2/><W45/><G61/><T1/><D1/><U50/><E72/><V60/><F69/><W70/><G70/><T41/><D41/><U39/><E63/><V104/><F104/><W90/><G90/><T102/><D80/><U9/><E9/><V7/><F7/><W5/><G51/><T99/><D99/><U37/><E33/><V35/><F35/><W124/><G124/><T74/><D74/><U19/><E32/><V52/><F53/><W56/><G56/><T96/><D96/><N who="1" m="57383" /><E39/><V26/><F125/><W113/><G113/><T76/><D76/><N who="1" m="29259" /><E37/><V114/><F114/><W116/><REACH who="3" step="1"/><G5/><REACH who="3" ten="250,250,250,240" step="2"/><T123/><D123/><U6/><E6/><V29/><F60/><W65/><G65/><T20/><D4/><U130/><E130/><V31/><F58/><W43/><G43/><T108/><D3/><U64/><E64/><V119/><F52/><W10/><G10/><N who="0" m="6295" /><D108/><U105/><E42/><V82/><F110/><W36/><G36/><T68/><AGARI ba="0,1" hai="20,23,62,67,68,75,78,81,101,102,103" m="6295" machi="68" ten="30,1500,0" yaku="5,1" doraHai="135" who="0" fromWho="0" sc="250,25,250,-5,250,-5,240,-5" /><INIT seed="0,1,0,2,5,49" ten="275,245,245,235" oya="0" hai0="12,23,92,16,55,1,3,4,84,103,99,108,118" hai1="10,24,29,112,97,52,22,126,106,133,104,40,63" hai2="96,28,123,129,11,101,64,72,102,36,2,26,27" hai3="91,51,77,56,90,44,37,8,122,80,107,5,47"/><T46/><D118/><U70/><E40/><V135/><F123/><W109/><G107/><T31/><D108/><U19/><E133/><V125/><F72/><W48/><G109/><T9/><D84/><U114/><E126/><V6/><F36/><W119/><G56/><T43/><D31/><U30/><E70/><V65/><F125/><W53/><G119/><T42/><REACH who="0" step="1"/><D3/><REACH who="0" ten="265,245,245,235" step="2"/><U67/><E30/><V105/><F135/><W68/><G122/><T69/><D69/><U39/><E29/><V45/><F129/><W76/><G68/><T117/><D117/><U134/><E134/><V71/><F28/><W78/><G80/><T14/><D14/><U35/><E35/><V25/><F71/><W89/><G37/><T130/><D130/><U0/><E39/><V38/><F38/><W21/><G21/><T41/><D41/><U75/><E22/><V62/><F101/><W17/><G17/><T82/><D82/><U124/><E124/><V66/><F25/><W15/><G76/><T120/><D120/><U34/><E24/><V18/><F27/><W116/><G116/><T132/><D132/><U83/><E19/><V110/><F110/><W74/><G74/><T87/><D87/><U20/><E34/><V85/><F85/><W13/><G15/><T32/><D32/><U58/><E75/><V81/><F81/><W59/><G77/><T54/><D54/><U79/><E83/><V86/><F86/><W61/><G78/><T115/><D115/><N who="1" m="44075" /><E79/><V88/><F26/><W50/><AGARI ba="1,1" hai="5,8,13,44,47,48,50,51,53,59,61,89,90,91" machi="50" ten="30,4000,0" yaku="0,1,8,1,52,1" doraHai="49" who="3" fromWho="3" sc="265,-21,245,-11,245,-11,235,53" /><INIT seed="1,0,0,2,1,66" ten="244,234,234,288" oya="1" hai0="32,37,106,65,6,77,43,118,99,30,62,41,96" hai1="60,72,130,95,93,2,105,70,52,53,91,85,23" hai2="18,40,13,123,98,128,64,29,56,45,129,67,121" hai3="1,7,92,4,88,54,87,61,10,17,78,16,51"/><U63/><E105/><V86/><F29/><W111/><G111/><T120/><D118/><U132/><E72/><V116/><F98/><W12/><G78/><T76/><D6/><U109/><E2/><V71/><F116/><W114/><G114/><T26/><D99/><U3/><E3/><V36/><F86/><W42/><G1/><T82/><D120/><N who="2" m="46154" /><F13/><N who="3" m="7223" /><G61/><N who="1" m="23626" /><E70/><V119/><F18/><W124/><G42/><T38/><D43/><U83/><E109/><V80/><F80/><W50/><G50/><T104/><D41/><U34/><E34/><V134/><F119/><W21/><G124/><T15/><D15/><U84/><E132/><V74/><F74/><W20/><G20/><T31/><D31/><U79/><E130/><N who="2" m="50283" /><F134/><W55/><G55/><N who="1" m="21066" /><E23/><V19/><F71/><W126/><G126/><T5/><D5/><U115/><E115/><V69/><F69/><W89/><G89/><T14/><D106/><U122/><E122/><V46/><F46/><AGARI ba="0,0" hai="4,7,12,17,21,46,51,54,87,88,92" m="7223" machi="46" ten="30,3900,0" yaku="8,1,54,2" doraHai="66" who="3" fromWho="2" sc="244,0,234,0,234,-39,288,39" /><INIT seed="2,0,0,1,1,27" ten="244,234,195,327" oya="2" hai0="65,41,128,38,129,114,48,83,112,86,57,78,11" hai1="74,82,45,46,135,66,108,79,88,117,24,56,26" hai2="12,105,132,28,36,101,6,77,134,70,20,50,17" hai3="13,71,8,47,64,5,98,58,84,107,31,18,81"/><V127/><F36/><W110/><G71/><T91/><D38/><U120/><E108/><V115/><F70/><W33/><G110/><T96/><D65/><U100/><E135/><N who="2" m="51755" /><F115/><W4/><G107/><T121/><D121/><U60/><E100/><V34/><F127/><W109/><G109/><T97/><D11/><U99/><E117/><V103/><F77/><W131/><G131/><N who="0" m="50251" /><D57/><U3/><E3/><V14/><F50/><W40/><G98/><N who="0" m="37995" /><D48/><U15/><E120/><V90/><F90/><W62/><G31/><T22/><D22/><U44/><REACH who="1" step="1"/><E15/><REACH who="1" ten="244,224,195,327" step="2"/><N who="2" m="9279" /><F105/><W92/><G13/><N who="2" m="5225" /><F6/><W55/><G5/><T51/><D114/><U59/><E59/><V73/><F73/><W10/><G4/><T30/><D112/><U111/><E111/><V76/><F76/><W35/><G58/><T72/><D72/><U113/><E113/><V19/><F19/><W122/><G18/><T85/><D78/><U54/><E54/><V104/><F104/><W0/><G55/><T53/><D53/><U102/><E102/><V21/><F34/><W69/><G122/><T68/><D68/><U32/><E32/><V80/><F103/><W87/><G33/><T75/><D75/><U43/><E43/><V133/><F101/><W67/><G35/><T63/><D41/><U89/><E89/><V25/><F133/><W93/><G64/><T9/><D91/><U49/><E49/><V29/><F29/><W116/><G69/><T106/><D51/><U95/><AGARI ba="0,1" hai="24,26,44,45,46,56,60,66,74,79,82,88,95,99" machi="95" ten="30,4000,0" yaku="1,1,0,1,54,1,53,0" doraHai="27" doraHaiUra="37" who="1" fromWho="1" sc="244,-10,224,50,195,-20,327,-10" /><INIT seed="3,0,0,0,1,52" ten="234,274,175,317" oya="3" hai0="126,19,15,12,45,10,109,48,40,60,111,117,21" hai1="119,83,58,32,110,96,115,89,47,118,92,90,35" hai2="71,105,69,14,8,67,57,86,123,121,39,99,37" hai3="130,129,11,102,133,18,29,22,134,78,5,34,1"/><W65/><G78/><T0/><D117/><N who="1" m="44555" /><E47/><V73/><F73/><W88/><G102/><T27/><D126/><U72/><E115/><V80/><F105/><W97/><G65/><T91/><D0/><U3/><E3/><V9/><F99/><W42/><G42/><T2/><D2/><U112/><E112/><V82/><F67/><W120/><G97/><T16/><D27/><U36/><E36/><V31/><F14/><N who="3" m="9559" /><G88/><T24/><D24/><U108/><E58/><V7/><F31/><W84/><G84/><T77/><D77/><N who="1" m="44455" /><E90/><V30/><F30/><W49/><G49/><T79/><D79/><U75/><E75/><V98/><F98/><W50/><G50/><T4/><D91/><U87/><E87/><V93/><F86/><W56/><G56/><T54/><D4/><U74/><E74/><V46/><F57/><W128/><G120/><T20/><D10/><U122/><E122/><V17/><F82/><W107/><G107/><T61/><D40/><U33/><AGARI ba="0,0" hai="32,33,35,89,92,96,108,110" m="44455,44555" machi="33" ten="40,1500,0" yaku="12,1" doraHai="52" who="1" fromWho="1" sc="234,-4,274,15,175,-4,317,-7" /><INIT seed="4,0,0,4,3,67" ten="230,289,171,310" oya="0" hai0="6,68,124,121,91,14,42,131,34,35,28,25,117" hai1="43,89,123,15,129,71,52,33,23,22,87,76,56" hai2="115,90,3,46,1,19,57,133,26,44,102,41,118" hai3="84,40,20,112,93,60,53,36,64,96,48,107,92"/><T126/><D121/><U113/><E33/><V116/><F115/><W24/><G112/><T11/><D117/><N who="2" m="45162" /><F133/><W21/><G107/><T32/><D42/><U103/><E76/><V59/><F102/><W47/><G84/><T99/><D68/><U105/><E43/><V58/><F90/><W111/><G111/><T127/><D99/><U80/><E129/><V132/><F132/><W79/><G79/><T55/><D55/><U49/><E123/><V104/><F104/><W119/><G119/><T5/><D91/><U95/><E105/><V94/><F94/><W51/><G51/><T83/><D83/><U0/><E0/><N who="2" m="75" /><F41/><W27/><G27/><T86/><D86/><N who="1" m="52663" /><E103/><V125/><F125/><W16/><G21/><AGARI ba="0,0" hai="19,21,26,44,46,57,58,59" m="75,45162" machi="21" ten="40,1300,0" yaku="12,1" doraHai="67" who="2" fromWho="3" sc="230,0,289,0,171,13,310,-13" /><INIT seed="5,0,0,3,5,115" ten="230,289,184,297" oya="1" hai0="56,121,31,106,103,2,47,41,71,15,94,90,69" hai1="9,55,23,107,73,110,89,101,91,118,26,35,44" hai2="4,51,98,128,46,105,129,87,63,76,59,134,16" hai3="45,100,102,132,61,39,75,21,53,50,42,18,122"/><U88/><E118/><V127/><F4/><W124/><G122/><T93/><D2/><U24/><E73/><V83/><F134/><W111/><G75/><T6/><D106/><U79/><E79/><V49/><F127/><W135/><G111/><T1/><D1/><U48/><E110/><V123/><F123/><W17/><G124/><T74/><D74/><U120/><E120/><V28/><F28/><W27/><G17/><T80/><D121/><U72/><E9/><V36/><F36/><W22/><G22/><T81/><D31/><U52/><E72/><V95/><F105/><W86/><G86/><T119/><D119/><U13/><E35/><V54/><F16/><W104/><G61/><T40/><D56/><U10/><E23/><V126/><F126/><W133/><REACH who="3" step="1"/><G104/><REACH who="3" ten="230,289,184,287" step="2"/><T114/><D6/><N who="1" m="3287" /><E107/><V85/><F85/><W125/><G125/><T116/><D116/><U77/><E77/><V0/><F129/><W38/><G38/><T12/><D114/><U130/><E130/><V5/><F128/><W8/><G8/><T92/><D103/><U70/><E70/><V19/><F5/><W32/><G32/><T99/><D71/><U25/><E101/><N who="2" m="60639" /><F19/><W67/><G67/><T82/><D69/><U62/><E62/><V11/><F11/><W113/><G113/><T131/><D131/><U64/><E64/><N who="2" m="39039" /><F0/><W20/><G20/><T34/><D34/><U3/><E3/><V84/><F84/><W37/><G37/><N who="0" m="21903" /><D15/><U58/><E26/><V66/><F66/><W112/><G112/><T14/><D14/><U33/><E33/><V109/><F109/><RYUUKYOKU ba="0,1" sc="230,-30,289,10,184,10,287,10" hai1="24,25,44,48,52,55,58,88,89,91" hai2="46,49,51,54,76,83,87" hai3="18,21,27,39,42,45,50,53,100,102,132,133,135" /><INIT seed="5,1,1,3,4,87" ten="200,299,194,297" oya="1" hai0="27,85,90,80,24,82,49,69,30,135,41,71,62" hai1="58,76,117,68,60,7,42,133,22,56,114,31,26" hai2="109,108,34,72,45,110,36,91,126,113,112,46,101" hai3="6,40,44,107,1,28,25,97,100,51,4,74,75"/><U125/><E117/><V38/><F101/><W17/><G17/><T35/><D135/><U124/><E133/><V106/><F106/><W104/><G104/><T33/><D62/><U39/><E7/><V111/><N who="2" m="27648" /><DORA hai="128" /><V10/><F34/><W66/><G66/><T37/><D37/><N who="2" m="14442" /><F72/><W79/><G79/><T102/><D102/><U130/><E76/><V12/><F126/><N who="1" m="48745" /><E130/><V57/><F91/><W96/><G96/><T129/><D129/><U63/><E68/><V13/><F57/><N who="1" m="22121" /><E114/><N who="2" m="44139" /><F10/><W54/><G75/><T127/><D127/><U5/><E5/><V92/><F92/><W134/><G74/><T67/><D82/><U64/><E64/><V95/><F95/><W14/><G6/><T73/><D67/><U53/><E53/><V70/><F70/><W78/><G78/><T89/><D73/><U81/><E81/><V93/><F93/><W84/><G134/><T47/><D90/><U83/><E83/><V88/><F88/><W123/><G54/><T23/><REACH who="0" step="1"/><D35/><REACH who="0" ten="190,299,194,297" step="2"/><U2/><E2/><V131/><F131/><W120/><G1/><T19/><AGARI ba="1,2" hai="19,23,24,27,30,33,41,47,49,69,71,80,85,89" machi="19" ten="20,12000,2" yaku="1,1,2,1,0,1,7,1,52,1,53,2" doraHai="87,128" doraHaiUra="121,21" who="0" fromWho="0" sc="190,143,299,-61,194,-31,297,-31" /><INIT seed="6,0,0,0,5,60" ten="333,238,163,266" oya="2" hai0="25,53,26,44,56,1,21,111,105,0,70,38,34" hai1="84,104,91,79,30,86,130,24,54,119,94,40,98" hai2="50,65,31,99,57,134,95,77,107,42,46,128,133" hai3="22,64,89,47,35,112,61,5,6,81,97,58,14"/><V88/><F128/><W32/><G112/><T63/><D111/><U23/><E119/><V93/><F77/><W127/><G127/><T101/><D70/><U85/><E130/><V55/><F31/><W52/><G35/><T116/><D116/><U82/><E40/><V36/><F107/><W117/><G32/><T132/><D132/><U20/><E104/><V83/><F83/><W75/><G117/><T33/><D33/><U39/><E39/><V11/><F11/><W4/><G75/><T67/><D101/><U3/><E3/><V108/><F108/><W123/><G123/><T80/><D105/><U115/><E115/><V15/><F15/><W19/><G47/><T129/><D129/><U28/><E54/><V92/><F92/><N who="3" m="56463" /><G81/><T62/><D80/><U66/><E66/><AGARI ba="0,0" hai="4,5,6,14,19,22,52,58,61,64,66" m="56463" machi="66" ten="30,7700,0" yaku="8,1,52,2,54,1" doraHai="60" who="3" fromWho="1" sc="333,0,238,-77,163,0,266,77" /><INIT seed="7,0,0,4,1,35" ten="333,161,163,343" oya="3" hai0="22,33,67,76,79,84,100,91,92,56,88,109,81" hai1="11,121,105,125,15,41,130,127,126,2,61,120,18" hai2="133,69,37,53,101,48,62,118,51,77,25,3,104" hai3="99,4,132,5,96,111,68,122,107,94,73,112,86"/><W30/><G122/><N who="1" m="47210" /><E105/><V0/><F118/><W128/><G112/><T17/><D33/><U8/><E41/><V28/><F77/><W93/><G132/><T106/><D109/><U66/><E130/><V75/><F75/><W6/><G73/><T103/><D106/><U98/><E98/><N who="3" m="37418" /><G68/><T42/><D42/><U21/><E2/><V113/><F51/><W124/><G124/><T70/><D70/><AGARI ba="0,0" hai="8,11,15,18,21,61,66,70,125,126,127" m="47210" machi="70" ten="40,1300,0" yaku="18,1" doraHai="35" who="1" fromWho="0" sc="333,-13,161,13,163,0,343,0" owari="320,12.0,174,-23.0,163,-34.0,343,45.0" /></mjloggm>