<mjloggm ver="2.3"><GO type="169" lobby="0"/><UN n0="%74%6F%6E%6E%75%72%61" n1="%E3%81%A8%E3%82%82%E3%81%8D%E3%82%85%E3%82%93%E2%99%AA" n2="%E7%AA%93%E4%BB%98%E3%81%8D%2E" n3="%E5%B0%B1%E6%B4%BB%E7%94%9F%40%E5%B7%9D%E6%9D%91%E8%BB%8D%E5%9B%A3" dan="17,16,16,17" rate="2138.40,2092.03,2074.18,2153.55" sx="M,F,M,M"/><TAIKYOKU oya="0"/><INIT seed="0,0,0,5,3,69" ten="250,250,250,250" oya="0" hai0="125,84,117,65,95,109,94,18,60,22,52,4,33" hai1="63,112,56,132,13,7,128,14,123,10,39,42,64" hai2="74,106,5,41,50,21,119,107,24,113,28,87,35" hai3="120,57,49,76,19,61,51,83,98,89,31,30,86"/><T116/><D125/><U38/><E123/><V114/><F74/><W96/><G120/><T44/><D33/><U8/><E42/><V16/><F119/><W29/><G19/><T93/><D4/><U104/><E128/><V3/><F106/><W108/><G108/><T25/><D109/><U75/><E132/><V77/><F107/><W2/><G2/><T127/><D127/><U43/><E43/><V79/><F113/><W103/><G76/><T67/><D84/><U131/><E131/><V110/><F110/><W66/><REACH who="3" step="1"/><G98/><REACH who="3" ten="250,250,250,240" step="2"/><T53/><D116/><U122/><E112/><V45/><F114/><W124/><G124/><T88/><D117/><U26/><E122/><V36/><F77/><W102/><G102/><T100/><D100/><U105/><E75/><V46/><F79/><W0/><G0/><T111/><D111/><U134/><E134/><V59/><F3/><W34/><G34/><T68/><D88/><U80/><E26/><V47/><F5/><W133/><G133/><T32/><D32/><U62/><E104/><AGARI ba="0,1" hai="29,30,31,49,51,57,61,66,83,86,89,96,103,104" machi="104" ten="40,8000,1" yaku="1,1,53,3" doraHai="69" doraHaiUra="27" who="3" fromWho="1" sc="250,0,250,-80,250,0,240,90" /><INIT seed="1,0,0,1,2,114" ten="250,170,250,330" oya="1" hai0="41,64,77,66,130,21,85,100,75,121,61,10,69" hai1="24,7,23,79,73,19,30,67,83,94,47,117,68" hai2="95,122,29,115,2,102,42,59,46,49,27,40,97" hai3="90,84,22,119,105,57,1,25,80,92,58,109,20"/><U135/><E135/><V6/><F115/><W5/><G105/><T28/><D130/><U14/><E7/><V133/><F133/><W132/><G109/><T34/><D34/><U91/><E68/><V37/><F122/><W55/><G132/><T113/><D113/><U36/><E67/><V88/><F6/><W43/><G43/><T89/><D121/><U18/><E18/><V60/><F2/><W125/><G125/><T98/><D41/><U35/><E47/><V126/><F126/><W13/><G1/><T0/><D66/><U103/><E103/><V110/><F110/><W50/><G119/><T72/><D77/><U53/><E53/><V86/><F42/><W104/><G104/><T128/><D128/><U26/><E36/><V38/><F59/><W81/><G58/><T11/><D11/><U129/><E129/><V31/><F60/><W108/><G108/><T16/><D28/><U111/><E111/><V116/><F31/><W112/><G112/><T32/><D32/><U127/><E127/><V39/><F39/><W124/><G124/><T134/><D10/><U63/><E63/><V65/><F65/><W99/><G99/><T96/><D0/><U71/><E71/><V3/><F3/><W4/><G4/><T74/><D100/><U70/><E70/><V56/><F56/><W44/><G44/><T8/><D8/><U93/><E117/><V101/><F116/><W87/><G87/><T51/><D134/><U48/><E48/><V33/><REACH who="2" step="1"/><F102/><REACH who="2" ten="250,170,240,330" step="2"/><W107/><G5/><T54/><D69/><U45/><E30/><V118/><F118/><RYUUKYOKU ba="0,1" sc="250,-10,170,-10,240,30,330,-10" hai2="27,29,33,37,38,40,46,49,86,88,95,97,101" /><INIT seed="2,1,1,2,1,133" ten="240,160,270,320" oya="2" hai0="132,128,106,103,64,65,57,86,4,36,109,28,92" hai1="34,80,87,31,90,32,56,126,68,54,79,112,49" hai2="19,26,50,95,120,62,20,102,59,18,47,8,76" hai3="45,84,119,131,135,91,69,104,110,60,113,88,41"/><V9/><F120/><W85/><G104/><T48/><D109/><U78/><E68/><V43/><F76/><W122/><G119/><T35/><D36/><U134/><E112/><V12/><F95/><W30/><G122/><T17/><D132/><U14/><E134/><V37/><F102/><W77/><G77/><T55/><D128/><U73/><E78/><V94/><F94/><W130/><G135/><T74/><D74/><U1/><E1/><V66/><REACH who="2" step="1"/><F37/><REACH who="2" ten="240,160,260,320" step="2"/><W75/><G130/><T125/><D103/><U71/><E79/><V10/><AGARI ba="1,2" hai="8,9,10,12,18,19,20,26,43,47,50,59,62,66" machi="10" ten="20,12000,1" yaku="1,1,2,1,0,1,7,1,8,1,53,0" doraHai="133" doraHaiUra="100" who="2" fromWho="2" sc="240,-41,160,-41,260,143,320,-41" /><INIT seed="2,2,0,0,1,95" ten="199,119,403,279" oya="2" hai0="50,60,103,112,88,48,44,71,57,116,70,82,51" hai1="28,127,12,31,117,39,65,101,94,52,24,81,79" hai2="46,49,5,59,122,107,85,99,84,113,18,34,90" hai3="47,43,61,33,13,15,89,55,105,128,102,91,68"/><V58/><F34/><W14/><G33/><T41/><D112/><U64/><E39/><V66/><F113/><W21/><G128/><T135/><D135/><U134/><E134/><V111/><F122/><W80/><G80/><T32/><D32/><U131/><E131/><V67/><F5/><W125/><G125/><T10/><D103/><U100/><E127/><V130/><F130/><W9/><G9/><T126/><D126/><U93/><E12/><V17/><F111/><W53/><G21/><T78/><D10/><U124/><E124/><V40/><F107/><W4/><G4/><T109/><D109/><U96/><E52/><V45/><F90/><W27/><G27/><T133/><D116/><U6/><E6/><V86/><F99/><W54/><G61/><T106/><D106/><U38/><E38/><V73/><F73/><W123/><G68/><T63/><D63/><U69/><E117/><V3/><F84/><W25/><G25/><T1/><D1/><U16/><E69/><V98/><F98/><W23/><G23/><T11/><D11/><U74/><E94/><V56/><F56/><W104/><G123/><T132/><D132/><U114/><E101/><V129/><F129/><W75/><G75/><N who="0" m="43359" /><D133/><U35/><E114/><V8/><F8/><W19/><G19/><T83/><D71/><U37/><E37/><V2/><F40/><W29/><G29/><N who="1" m="11338" /><E35/><V77/><F77/><W7/><G7/><T97/><D70/><U76/><E76/><V72/><F72/><W20/><G104/><T92/><D83/><U118/><E118/><V110/><F110/><RYUUKYOKU ba="2,0" sc="199,10,119,10,403,10,279,-30" hai0="41,44,48,50,51,57,60,88,92,97" hai1="16,24,64,65,74,79,81,93,96,100" hai2="2,3,17,18,45,46,49,58,59,66,67,85,86" /><INIT seed="2,3,0,2,0,104" ten="209,129,413,249" oya="2" hai0="3,119,62,10,32,36,55,41,2,26,1,98,118" hai1="16,75,124,113,132,27,74,133,88,6,44,12,116" hai2="106,7,125,97,9,112,49,99,85,42,89,102,127" hai3="13,43,81,31,48,33,123,103,0,54,47,78,76"/><V37/><F37/><W115/><G0/><T64/><D10/><U83/><E113/><V134/><F112/><W24/><G123/><T4/><D4/><U59/><E116/><N who="0" m="44585" /><D55/><U56/><E124/><N who="2" m="47691" /><F134/><N who="1" m="51817" /><E6/><V93/><F49/><W73/><G115/><T86/><D86/><N who="1" m="50271" /><E44/><V92/><F42/><W84/><G103/><T126/><D98/><U130/><E27/><V100/><F9/><W135/><G135/><T128/><D126/><U50/><E130/><V96/><F7/><W17/><G43/><T87/><D87/><AGARI ba="3,0" hai="85,87,89,92,93,96,97,99,100,102,106" m="47691" machi="87" ten="30,5800,0" yaku="18,1,34,2" doraHai="104" who="2" fromWho="0" sc="209,-67,129,0,413,67,249,0" /><INIT seed="2,4,0,4,5,91" ten="142,129,480,249" oya="2" hai0="52,135,102,17,40,0,80,47,121,72,1,18,127" hai1="125,82,81,75,95,5,101,70,26,118,119,7,14" hai2="131,76,132,36,111,106,15,39,96,71,49,107,31" hai3="133,55,53,83,22,74,115,68,3,9,89,123,46"/><V120/><F15/><W79/><G123/><T60/><D121/><U86/><E70/><V8/><F8/><W124/><G68/><T43/><D135/><U42/><E125/><V117/><F31/><W29/><G133/><T30/><D30/><U25/><E86/><V45/><F96/><W48/><G124/><T65/><D102/><U54/><E54/><V134/><F76/><W88/><G115/><T128/><D128/><U2/><E42/><V33/><F49/><W98/><G55/><T10/><D43/><U37/><E37/><V57/><F57/><W32/><G32/><T11/><D52/><U122/><E101/><V66/><F66/><W103/><G22/><T126/><D127/><U23/><E14/><V77/><F45/><W100/><G100/><T13/><D11/><U130/><E23/><V38/><F77/><W87/><G29/><T113/><D18/><U41/><E41/><V50/><F50/><W16/><G74/><T27/><D27/><U56/><E75/><V93/><F36/><W69/><G69/><N who="0" m="42151" /><D113/><U84/><E56/><V90/><F107/><W73/><G73/><T61/><D61/><U24/><E84/><V51/><F51/><W78/><G78/><N who="0" m="44103" /><D126/><U28/><E28/><V59/><F132/><W4/><REACH who="3" step="1"/><G16/><REACH who="3" ten="142,129,480,239" step="2"/><T92/><D17/><U19/><E19/><V21/><F134/><W64/><G64/><T94/><D40/><U62/><E122/><V67/><F67/><W12/><G12/><T20/><D13/><U63/><E26/><V114/><F114/><W105/><AGARI ba="4,1" hai="3,4,9,46,48,53,79,83,87,88,89,98,103,105" machi="105" ten="20,5200,0" yaku="1,1,0,1,7,1,54,1,53,0" doraHai="91" doraHaiUra="108" who="3" fromWho="3" sc="142,-17,129,-17,480,-30,239,74" /><INIT seed="3,0,0,3,1,132" ten="125,112,450,313" oya="3" hai0="92,91,2,27,104,21,63,36,73,109,51,71,23" hai1="10,18,128,7,78,83,101,42,60,8,99,127,33" hai2="135,123,119,80,85,116,89,3,9,31,39,28,32" hai3="90,70,105,81,82,124,106,61,54,50,108,52,134"/><W74/><G134/><T118/><D109/><U94/><E33/><V133/><F39/><W117/><G117/><N who="2" m="45129" /><F85/><W58/><G108/><T45/><D36/><U110/><E110/><V62/><F62/><W93/><G70/><T131/><D2/><U77/><E127/><V19/><F89/><W72/><G124/><T47/><D104/><U30/><E128/><V100/><F80/><W88/><G105/><T49/><D131/><U40/><E30/><N who="2" m="11307" /><F100/><W96/><G106/><T11/><D73/><U115/><E115/><V97/><F97/><W25/><G25/><T113/><D27/><U1/><E60/><V121/><F32/><W20/><G20/><T69/><D63/><U0/><E77/><V102/><F102/><W107/><G107/><T129/><D129/><U46/><E46/><V55/><F55/><W65/><G65/><T86/><D118/><U84/><E42/><V120/><F19/><W44/><REACH who="3" step="1"/><G90/><REACH who="3" ten="125,112,450,303" step="2"/><T41/><D91/><U22/><E101/><V5/><AGARI ba="0,1" hai="3,5,9,120,121,123,133,135" m="11307,45129" machi="5" ten="40,5200,0" yaku="13,1,34,2" doraHai="132" who="2" fromWho="2" sc="125,-13,112,-13,450,62,303,-26" /><INIT seed="4,0,0,2,0,77" ten="112,99,512,277" oya="0" hai0="75,108,32,103,62,106,90,132,97,134,115,49,69" hai1="120,126,42,93,18,65,59,117,121,0,40,64,110" hai2="46,112,67,98,76,10,34,127,96,83,41,30,125" hai3="119,54,109,57,37,58,128,52,118,99,48,15,89"/><T6/><D32/><U81/><E0/><V43/><F112/><W22/><G37/><T4/><D115/><U116/><E18/><V31/><F67/><N who="1" m="25673" /><E81/><V44/><F10/><W45/><G109/><T79/><D69/><U71/><E93/><V84/><F44/><W114/><G128/><T9/><D108/><U50/><E110/><V92/><F43/><N who="1" m="16425" /><E71/><V60/><F34/><W129/><G114/><T135/><D62/><U82/><E82/><V61/><F60/><W131/><G22/><T68/><D68/><U33/><E33/><V2/><F61/><W24/><G15/><N who="0" m="5543" /><D6/><U100/><E100/><V122/><F2/><W7/><G7/><T39/><D39/><U87/><E87/><V13/><F13/><W130/><G24/><T51/><D90/><U63/><E126/><N who="2" m="48139" /><F98/><W20/><G20/><T101/><D101/><U85/><E85/><V86/><F86/><W21/><G21/><T78/><D78/><U91/><E91/><N who="2" m="55327" /><F122/><N who="1" m="47209" /><E50/><AGARI ba="0,0" hai="30,31,41,46,50,76,83,84" m="55327,48139" machi="50" ten="30,2000,0" yaku="18,1,52,1" doraHai="77" who="2" fromWho="1" sc="112,0,99,-20,512,20,277,0" /><INIT seed="5,0,0,2,0,47" ten="112,79,532,277" oya="1" hai0="93,44,0,128,107,69,30,41,49,66,133,61,105" hai1="100,67,1,50,129,43,92,119,15,82,12,6,99" hai2="112,108,37,94,26,42,84,70,39,130,45,87,36" hai3="59,11,35,103,117,80,31,126,16,58,19,79,104"/><U14/><E119/><V71/><F26/><W89/><G117/><T23/><D0/><U75/><E129/><V3/><F87/><W121/><G121/><T53/><D133/><U5/><E1/><V125/><F3/><W72/><G126/><T88/><D128/><U134/><E134/><V90/><F130/><W33/><G89/><T101/><D101/><U60/><E75/><V40/><F125/><W54/><G59/><T29/><D29/><U97/><E82/><V17/><F17/><W76/><G76/><T28/><D28/><U64/><E97/><V62/><F108/><W83/><G83/><T48/><D23/><U106/><E106/><V118/><F118/><W127/><G127/><T55/><D30/><U20/><E20/><V8/><F8/><W115/><G115/><T9/><D9/><U25/><E25/><V96/><F112/><W116/><G116/><T74/><D74/><U98/><E98/><V68/><F62/><W4/><G103/><T78/><D78/><U77/><E77/><V13/><F13/><W18/><G31/><T46/><D41/><U120/><E120/><V63/><F63/><W102/><G102/><T132/><D132/><U24/><E24/><V86/><F42/><W85/><G104/><T95/><D95/><U57/><REACH who="1" step="1"/><E64/><REACH who="1" ten="112,69,532,277" step="2"/><V135/><F135/><W122/><G122/><T10/><D10/><U81/><E81/><V111/><F111/><W51/><G72/><T7/><D7/><U73/><E73/><V123/><F123/><W109/><G109/><T22/><D22/><U34/><E34/><V56/><F96/><AGARI ba="0,1" hai="44,46,48,49,53,55,61,66,69,88,93,96,105,107" machi="96" ten="30,12000,2" yaku="6,1,7,1,9,1,52,2,54,1" doraHai="47" who="0" fromWho="2" sc="112,130,69,0,532,-120,277,0" /><INIT seed="6,0,0,3,3,45" ten="242,69,412,277" oya="2" hai0="77,4,100,119,128,66,9,120,81,104,36,97,98" hai1="71,55,50,34,115,7,70,52,3,124,92,40,43" hai2="91,90,35,17,82,131,105,58,84,102,96,80,122" hai3="83,95,101,65,109,31,107,1,62,73,59,130,8"/><V99/><BYE who="1" /><F35/><W13/><G107/><UN n1="%E3%81%A8%E3%82%82%E3%81%8D%E3%82%85%E3%82%93%E2%99%AA" /><T19/><D120/><U23/><E23/><V75/><F17/><W14/><G109/><T49/><D36/><U41/><E92/><N who="2" m="56351" /><F58/><W11/><G130/><T18/><D119/><U29/><E7/><V125/><F122/><W53/><G31/><T69/><D97/><U114/><E29/><V47/><F47/><W33/><G33/><T68/><D128/><U12/><E12/><V106/><F131/><W57/><G1/><T56/><D68/><N who="1" m="26155" /><E34/><V111/><F111/><W87/><G73/><T21/><D69/><U25/><E25/><V37/><F37/><W72/><G72/><T20/><D19/><U64/><E3/><V94/><F125/><W113/><G113/><N who="1" m="43018" /><E124/><V78/><AGARI ba="0,0" hai="75,78,80,82,84,90,94,99,102,105,106" m="56351" machi="78" ten="30,12000,1" yaku="35,5" doraHai="45" who="2" fromWho="2" sc="242,-40,69,-40,412,120,277,-40" /><INIT seed="6,1,0,4,4,78" ten="202,29,532,237" oya="2" hai0="100,111,19,118,65,76,9,42,39,70,61,131,63" hai1="2,21,59,1,128,13,120,87,88,132,86,101,121" hai2="114,49,81,50,47,71,77,16,93,104,14,129,74" hai3="125,105,4,97,85,84,44,80,62,107,130,98,95"/><V8/><F104/><W89/><G4/><T52/><D111/><U38/><E128/><V43/><F129/><W54/><G130/><T109/><D109/><U69/><E69/><V92/><F114/><W113/><G113/><T91/><D100/><U112/><E112/><V46/><REACH who="2" step="1"/><F71/><REACH who="2" ten="202,29,522,237" step="2"/><W26/><G107/><T27/><D70/><U67/><E86/><V51/><F51/><W56/><G105/><T135/><D131/><U57/><E88/><V22/><F22/><W7/><G85/><T68/><D91/><U17/><E13/><V75/><F75/><W53/><G26/><T37/><D27/><U31/><E59/><V115/><F115/><W110/><G110/><T18/><D68/><U55/><E17/><V41/><AGARI ba="1,1" hai="8,14,16,41,43,46,47,49,50,74,77,81,92,93" machi="41" ten="20,18000,2" yaku="1,1,0,1,7,1,9,1,52,1,54,1,53,0" doraHai="78" doraHaiUra="58" who="2" fromWho="2" sc="202,-61,29,-61,522,193,237,-61" owari="141,-26.0,-32,-53.0,715,81.0,176,-2.0" /></mjloggm>