<mjloggm ver="2.3"><GO type="169" lobby="0"/><UN n0="%E3%81%B5%E3%81%98%E3%81%8A" n1="%E5%B0%B1%E6%B4%BB%E7%94%9F%40%E5%B7%9D%E6%9D%91%E8%BB%8D%E5%9B%A3" n2="%E3%80%93%E3%81%84%E3%81%A1%E3%81%AF%E3%82%89%E3%80%93" n3="%E3%83%84%E3%82%A4%E3%82%B9%E3%83%88" dan="16,17,19,16" rate="2116.77,2181.98,2217.63,2017.92" sx="M,M,M,M"/><TAIKYOKU oya="0"/><INIT seed="0,0,0,2,5,118" ten="250,250,250,250" oya="0" hai0="19,45,78,43,125,57,85,40,8,124,7,16,105" hai1="1,77,54,79,22,116,106,130,121,126,52,37,9" hai2="0,91,6,72,89,55,18,33,122,83,5,48,107" hai3="131,115,35,17,76,58,132,32,92,39,31,2,108"/><T100/><D57/><U70/><E116/><V114/><F107/><W112/><G108/><T60/><D60/><U87/><E106/><V82/><F33/><W27/><G131/><T97/><D43/><U24/><E70/><V134/><F114/><W119/><G119/><T110/><D110/><U127/><E37/><V14/><F0/><W73/><G132/><T94/><D105/><U68/><E68/><V41/><F41/><W96/><G39/><T26/><D26/><U34/><E34/><V56/><F122/><W38/><G38/><T25/><D25/><U88/><E130/><V109/><F134/><W23/><G2/><T62/><D62/><U53/><E121/><V63/><F109/><W129/><G129/><T101/><D101/><U113/><E9/><V84/><F63/><W59/><G35/><T36/><D85/><U44/><E1/><V46/><F56/><W29/><G29/><T49/><D78/><U4/><E4/><V13/><F13/><W64/><G115/><T12/><REACH who="0" step="1"/><D36/><REACH who="0" ten="240,250,250,250" step="2"/><U103/><E103/><V75/><F75/><W93/><G112/><T123/><D123/><U20/><E113/><V99/><F72/><W28/><G73/><T128/><D128/><U15/><E44/><V90/><F99/><W135/><G135/><T111/><D111/><U120/><E120/><V21/><F84/><W51/><G96/><T61/><D61/><U98/><E77/><V3/><F3/><W67/><G76/><T47/><D47/><U65/><E79/><V95/><F95/><W81/><G93/><T104/><D104/><U117/><E98/><RYUUKYOKU ba="0,1" sc="240,15,250,-15,250,15,250,-15" hai0="7,8,12,16,19,40,45,49,94,97,100,124,125" hai2="5,6,14,18,21,46,48,55,82,83,89,90,91" /><INIT seed="0,1,1,5,3,13" ten="255,235,265,235" oya="0" hai0="82,102,36,115,91,66,28,0,81,108,30,1,98" hai1="71,107,47,132,59,2,125,51,95,37,92,58,114" hai2="127,84,96,45,122,52,103,40,135,6,18,121,50" hai3="87,97,46,17,33,93,38,112,22,85,67,21,42"/><T25/><D115/><U39/><E2/><V48/><F135/><W76/><G112/><T31/><D36/><U120/><E107/><V34/><F34/><W55/><G33/><T86/><D108/><U134/><E114/><V19/><F127/><W4/><G22/><T75/><D66/><U101/><E71/><V27/><F6/><W3/><G76/><T60/><D60/><U109/><E109/><V69/><F69/><W14/><G67/><T54/><D54/><U15/><E125/><V44/><F84/><W88/><REACH who="3" step="1"/><G55/><REACH who="3" ten="255,235,265,225" step="2"/><T62/><D62/><U110/><E120/><V90/><F122/><W130/><G130/><T72/><D25/><U100/><E110/><V118/><F121/><W41/><G41/><T23/><D23/><U32/><E32/><V20/><F118/><W16/><G16/><T113/><D113/><U12/><E47/><V89/><REACH who="2" step="1"/><F19/><REACH who="2" ten="255,235,255,225" step="2"/><W133/><G133/><T5/><D5/><U94/><E132/><V53/><F53/><W35/><G35/><T65/><D65/><U111/><E134/><V128/><F128/><W106/><G106/><AGARI ba="1,3" hai="18,20,27,40,44,45,48,50,52,89,90,96,103,106" machi="106" ten="30,7700,0" yaku="1,1,7,1,52,1,54,1,53,0" doraHai="13" doraHaiUra="56" who="2" fromWho="3" sc="255,0,235,0,255,110,225,-80" /><INIT seed="1,0,0,5,4,79" ten="255,235,365,145" oya="1" hai0="66,46,14,85,7,120,98,26,101,76,94,32,80" hai1="119,13,131,6,88,2,78,59,103,113,135,123,130" hai2="67,53,86,16,29,81,73,1,72,63,128,8,60" hai3="84,102,37,68,107,96,105,9,25,4,118,133,30"/><U106/><E2/><V116/><F116/><W134/><G118/><T52/><D120/><U50/><E119/><V24/><F128/><N who="1" m="49193" /><E135/><N who="3" m="51722" /><G68/><T108/><D108/><U27/><E123/><V31/><F73/><W82/><G37/><T58/><D32/><U112/><E27/><V87/><F72/><W111/><G111/><T56/><D26/><U38/><E38/><V97/><F1/><N who="3" m="143" /><G96/><T19/><D7/><U92/><E78/><N who="2" m="46391" /><F67/><W61/><G61/><N who="2" m="23625" /><F53/><W42/><G42/><T43/><D66/><U54/><E106/><V115/><F115/><W62/><G62/><T104/><D104/><U3/><E103/><V95/><F87/><W51/><G102/><T5/><D5/><U17/><E6/><V11/><F31/><W117/><G117/><T65/><D65/><U129/><E3/><V18/><F29/><W132/><G51/><N who="0" m="28791" /><D43/><U100/><E100/><N who="2" m="60479" /><F18/><W93/><G132/><T36/><D36/><U64/><E64/><V55/><F55/><W23/><G93/><T35/><D35/><U12/><N who="1" m="49201" /><U40/><DORA hai="109" /><E40/><V28/><F28/><W48/><G48/><T90/><D101/><U77/><E77/><AGARI ba="0,0" hai="23,25,30,77,82,84,105,107" m="143,51722" machi="77" ten="30,2000,0" yaku="20,1,52,1" doraHai="79,109" who="3" fromWho="1" sc="255,0,235,-20,365,0,145,20" /><INIT seed="2,0,0,1,2,19" ten="255,215,365,165" oya="2" hai0="77,39,119,23,117,102,65,63,130,2,7,34,134" hai1="103,131,84,67,133,33,52,125,122,15,25,16,127" hai2="56,72,36,93,6,61,9,18,120,59,78,49,8" hai3="41,45,73,94,62,88,57,0,48,44,81,38,113"/><V96/><F120/><W129/><G113/><T118/><D34/><U17/><E122/><V97/><F36/><W31/><G129/><T123/><D123/><U11/><E131/><V21/><F72/><W53/><G0/><T87/><D130/><U5/><E67/><V86/><F49/><W124/><G124/><N who="1" m="47690" /><E103/><V4/><F59/><W75/><G81/><N who="0" m="47535" /><D134/><U76/><E133/><V40/><F40/><W110/><G31/><T107/><D39/><U104/><E104/><V60/><F60/><W58/><G110/><T37/><D37/><U126/><E126/><V89/><F78/><W83/><G83/><T29/><D7/><N who="2" m="2602" /><F86/><W82/><G82/><T68/><D2/><U13/><E84/><V3/><F97/><W51/><G38/><T85/><D85/><U112/><E76/><V105/><F105/><W42/><REACH who="3" step="1"/><G58/><REACH who="3" ten="255,215,365,155" step="2"/><T55/><D119/><U54/><E112/><V30/><F30/><W99/><AGARI ba="0,1" hai="41,42,44,45,48,51,53,57,62,73,75,88,94,99" machi="99" ten="20,12000,2" yaku="1,1,2,1,0,1,7,1,9,1,54,1,53,0" doraHai="19" doraHaiUra="27" who="3" fromWho="3" sc="255,-30,215,-30,365,-60,155,130" /><INIT seed="3,0,0,4,5,113" ten="225,185,305,285" oya="3" hai0="120,104,70,100,118,98,19,58,103,102,66,109,97" hai1="121,27,1,60,29,6,25,57,32,115,114,35,4" hai2="91,38,127,106,99,80,26,129,5,16,56,3,51" hai3="10,89,110,45,94,24,28,90,12,96,128,36,68"/><W22/><G128/><T18/><D120/><U21/><E121/><V84/><F38/><W34/><G110/><T134/><D70/><U95/><E95/><V124/><F129/><W132/><G132/><T30/><D109/><U78/><E78/><V63/><F51/><W105/><G105/><T101/><D134/><U77/><E77/><V44/><F44/><W69/><G34/><T37/><D37/><U40/><E40/><V117/><F5/><W11/><G11/><T73/><D73/><U9/><E6/><V7/><F7/><W47/><G47/><T20/><D98/><U93/><E93/><V46/><F3/><W83/><G36/><T2/><D2/><U39/><E39/><V8/><F46/><W92/><G45/><T23/><D118/><U76/><E76/><V43/><F117/><W112/><G83/><T75/><D75/><U17/><REACH who="1" step="1"/><E35/><REACH who="1" ten="225,175,305,285" step="2"/><V64/><F43/><W31/><G112/><T71/><D104/><U49/><E49/><V81/><F81/><W82/><G82/><T86/><D101/><U72/><E72/><V14/><F106/><W13/><G94/><T79/><D103/><U108/><E108/><V15/><F99/><W126/><G96/><T130/><D97/><U52/><AGARI ba="0,1" hai="1,4,9,17,21,25,27,29,32,52,57,60,114,115" machi="52" ten="20,5200,0" yaku="1,1,0,1,7,1,54,1,53,0" doraHai="113" doraHaiUra="131" who="1" fromWho="1" sc="225,-13,175,62,305,-13,285,-26" /><INIT seed="4,0,0,3,5,116" ten="212,237,292,259" oya="0" hai0="32,56,117,47,22,72,4,30,34,55,17,43,130" hai1="106,62,135,67,91,119,11,102,18,27,1,23,13" hai2="129,88,128,19,112,109,57,115,131,114,68,118,45" hai3="52,35,33,37,82,97,132,81,74,83,107,12,101"/><T105/><D72/><U31/><E119/><V123/><F68/><W85/><G132/><T94/><D105/><U51/><E135/><V44/><F118/><W93/><G37/><T28/><D117/><U89/><E1/><V46/><F109/><W16/><G74/><T78/><D130/><U92/><E106/><V108/><F108/><W98/><G85/><T95/><D78/><U100/><E51/><V86/><F19/><W65/><G65/><T29/><D4/><U120/><E120/><V5/><F5/><W71/><G71/><T39/><D34/><U96/><REACH who="1" step="1"/><E102/><REACH who="1" ten="212,227,292,259" step="2"/><V70/><F123/><W6/><G107/><T0/><D0/><U103/><E103/><V80/><F70/><AGARI ba="0,1" hai="11,13,18,23,27,31,62,67,70,89,91,92,96,100" machi="70" ten="30,2000,0" yaku="1,1,7,1,53,0" doraHai="116" doraHaiUra="40" who="1" fromWho="2" sc="212,0,227,30,292,-20,259,0" /><INIT seed="5,0,0,4,3,40" ten="212,257,272,259" oya="1" hai0="72,6,135,63,133,28,100,66,69,108,101,119,8" hai1="43,30,99,55,67,114,12,75,64,80,120,106,115" hai2="2,102,111,27,58,92,113,14,20,123,121,11,22" hai3="47,93,122,70,48,71,78,51,32,17,91,5,21"/><U9/><E120/><V125/><F2/><W96/><G122/><T46/><D119/><U110/><E110/><V4/><F111/><W74/><G32/><T31/><D108/><U98/><E30/><V35/><F35/><W37/><G5/><T82/><D72/><U41/><E75/><V39/><F39/><W86/><G74/><T103/><D82/><U44/><E80/><V3/><F125/><W124/><G124/><T24/><D46/><U45/><E55/><V25/><F3/><W49/><G78/><T105/><D105/><U73/><E73/><V84/><F113/><N who="1" m="43017" /><E106/><V59/><F123/><W26/><REACH who="3" step="1"/><G86/><REACH who="3" ten="212,257,272,249" step="2"/><T29/><REACH who="0" step="1"/><D24/><REACH who="0" ten="202,257,272,249" step="2"/><U42/><E98/><N who="2" m="59719" /><F121/><W87/><G87/><T36/><D36/><U97/><E97/><V57/><F84/><W68/><G68/><T23/><D23/><AGARI ba="0,2" hai="4,11,14,20,22,23,25,27,57,58,59" m="59719" machi="23" ten="30,1000,0" yaku="8,1" doraHai="40" who="2" fromWho="0" sc="202,-10,257,0,272,30,249,0" /><INIT seed="6,0,0,1,2,31" ten="192,257,302,249" oya="2" hai0="78,62,5,16,36,111,28,96,39,120,77,25,114" hai1="97,40,84,130,10,102,49,22,43,122,32,35,12" hai2="86,121,54,134,110,95,116,68,19,85,56,63,37" hai3="101,33,61,29,38,50,48,132,117,113,20,107,92"/><V42/><F121/><W104/><G117/><T103/><D120/><U17/><E122/><V126/><F116/><W115/><G38/><T55/><D111/><U73/><E73/><V26/><F126/><W127/><G127/><T124/><D124/><U15/><E130/><V58/><F68/><W52/><G132/><T79/><D114/><N who="3" m="43529" /><G20/><T112/><D112/><U24/><E84/><V51/><F110/><W74/><G74/><T65/><D5/><U88/><E15/><V83/><F134/><W13/><G13/><T119/><D119/><U3/><E3/><V44/><F26/><N who="3" m="18615" /><G92/><T128/><D128/><U53/><E43/><V59/><F37/><W82/><G82/><T109/><D109/><U0/><E40/><V18/><F18/><W1/><G1/><T71/><D55/><U11/><E11/><V94/><F19/><W135/><G135/><T105/><REACH who="0" step="1"/><D16/><REACH who="0" ten="182,257,302,249" step="2"/><U21/><E17/><V76/><F54/><W30/><G30/><T129/><D129/><U90/><E53/><V4/><F4/><W91/><G52/><T6/><D6/><U133/><E133/><V34/><F63/><W41/><G61/><T99/><D99/><U125/><E125/><V100/><F42/><W8/><G41/><T123/><D123/><U7/><E97/><V81/><F44/><W108/><G108/><T93/><D93/><U70/><E7/><V131/><F95/><W69/><G107/><T60/><D60/><U80/><E0/><V27/><F131/><W89/><G104/><T14/><D14/><U72/><E12/><V67/><F94/><W57/><G48/><RYUUKYOKU ba="0,1" sc="182,30,257,-10,302,-10,249,-10" hai0="25,28,36,39,62,65,71,77,78,79,96,103,105" /><INIT seed="7,1,1,5,4,117" ten="212,247,292,239" oya="3" hai0="129,14,56,30,45,21,8,116,72,42,77,90,12" hai1="122,36,23,54,0,4,110,101,125,91,20,107,78" hai2="133,6,68,9,123,130,111,112,131,24,65,87,58" hai3="108,96,98,70,39,52,135,79,114,126,95,60,124"/><W43/><G108/><T34/><D116/><U13/><E110/><V85/><F123/><W99/><G114/><T84/><D129/><N who="2" m="49162" /><F68/><W53/><G135/><T17/><D34/><U97/><E91/><V18/><F112/><W118/><G118/><T106/><D106/><U89/><E54/><V61/><F133/><W127/><G79/><T132/><D132/><U44/><E4/><V64/><F64/><N who="3" m="41223" /><G95/><T35/><D35/><U37/><E44/><AGARI ba="1,1" hai="39,43,44,52,53,96,98,99,124,126,127" m="41223" machi="44" ten="40,3900,0" yaku="18,1,54,1" doraHai="117" who="3" fromWho="1" sc="212,0,247,-42,292,0,239,52" /><INIT seed="7,2,0,5,4,119" ten="212,205,292,291" oya="3" hai0="132,69,104,106,5,115,59,17,50,3,20,39,76" hai1="18,116,13,61,105,110,46,4,86,35,11,72,78" hai2="31,82,91,16,2,97,27,22,117,42,88,98,124" hai3="54,89,12,79,109,120,71,32,123,65,53,102,40"/><W134/><G109/><T47/><D69/><U57/><E110/><V41/><F2/><W74/><G134/><T111/><D111/><U80/><E105/><V62/><F117/><W8/><G32/><T51/><D51/><U125/><E116/><V99/><F124/><W128/><G128/><T10/><D132/><U95/><E125/><V75/><F75/><W43/><G102/><T126/><D126/><U28/><E35/><V19/><F62/><W36/><G43/><N who="2" m="16393" /><F88/><W114/><G114/><T63/><D76/><U67/><E28/><V44/><F44/><W68/><G68/><T9/><D9/><U107/><E107/><V84/><AGARI ba="2,0" hai="16,19,22,27,31,82,84,91,97,98,99" m="16393" machi="84" ten="30,2000,0" yaku="8,1,54,1" doraHai="119" who="2" fromWho="2" sc="212,-7,205,-7,292,26,291,-12" owari="205,-19.0,198,-30.0,318,41.0,279,8.0" /></mjloggm>