<mjloggm ver="2.3"><GO type="169" lobby="0"/><UN n0="%E3%83%A9%E3%83%A0%E3%83%80%E3%81%95%E3%82%93" n1="%E5%B0%B1%E6%B4%BB%E7%94%9F%40%E5%B7%9D%E6%9D%91%E8%BB%8D%E5%9B%A3" n2="%E9%A7%84%E5%A6%B9" n3="%E3%83%A8%E3%82%B3%E3%83%A8%E3%82%B3" dan="16,18,16,16" rate="2087.19,2275.89,2084.21,2095.58" sx="M,M,F,M"/><TAIKYOKU oya="0"/><INIT seed="0,0,0,4,5,19" ten="250,250,250,250" oya="0" hai0="24,77,80,45,125,16,134,119,61,108,18,112,93" hai1="8,10,36,102,90,110,73,5,56,131,53,41,51" hai2="4,123,38,25,89,130,11,59,132,71,54,104,117" hai3="92,52,106,78,35,40,85,32,88,42,83,100,31"/><T39/><D112/><U84/><E73/><V15/><F123/><W17/><G35/><T68/><D119/><U122/><E122/><V86/><F38/><W34/><G32/><T115/><D115/><U107/><E110/><V26/><F117/><W1/><G1/><T127/><D134/><U103/><E131/><V2/><F130/><W116/><G116/><T27/><D93/><U126/><E126/><N who="0" m="48137" /><D108/><U12/><E107/><V95/><F132/><W120/><G120/><T124/><N who="0" m="48145" /><T109/><DORA hai="9" /><D109/><U65/><E65/><V29/><F71/><W23/><G31/><T129/><D129/><U21/><E10/><V105/><F2/><W82/><G34/><T79/><D68/><U76/><E76/><N who="0" m="29257" /><D80/><U48/><E36/><V113/><F113/><W44/><G106/><T14/><D61/><U128/><E128/><V114/><F114/><W37/><G83/><T22/><D18/><U43/><E102/><V28/><F105/><W72/><G100/><T64/><D64/><U98/><E98/><V62/><F104/><W67/><G67/><T50/><D39/><U69/><E103/><V91/><F91/><W13/><REACH who="3" step="1"/><G37/><REACH who="3" ten="250,250,250,240" step="2"/><T94/><D94/><N who="1" m="54599" /><E69/><V99/><F29/><W133/><G133/><T70/><D70/><U96/><E96/><V30/><F99/><W63/><G63/><T81/><D81/><U47/><E48/><AGARI ba="0,1" hai="13,17,23,40,42,44,48,52,72,78,82,85,88,92" machi="48" ten="40,12000,2" yaku="1,1,52,2,54,2,53,1" doraHai="19,9" doraHaiUra="75,118" who="3" fromWho="1" sc="250,0,250,-120,250,0,240,130" /><INIT seed="1,0,0,1,1,11" ten="250,130,250,370" oya="1" hai0="108,106,51,59,52,132,53,93,62,20,82,83,45" hai1="112,79,58,90,105,81,46,0,123,73,92,117,65" hai2="133,9,33,107,67,129,2,12,57,8,88,134,42" hai3="25,6,47,22,68,1,116,97,32,35,29,99,60"/><U77/><E105/><V14/><F33/><W19/><G116/><T95/><D106/><U15/><E0/><V102/><F129/><W125/><G125/><T64/><D132/><N who="2" m="50794" /><F42/><W100/><G47/><T124/><D124/><U63/><E117/><V27/><F27/><W114/><G114/><T23/><D108/><U128/><E123/><V109/><F109/><W84/><G84/><T69/><D69/><U104/><E104/><V54/><F67/><W76/><G76/><T26/><D23/><U61/><E128/><V130/><F130/><W135/><G135/><T28/><REACH who="0" step="1"/><D64/><REACH who="0" ten="240,130,250,370" step="2"/><U101/><E112/><V94/><F107/><W30/><G68/><T43/><D43/><U18/><E101/><V91/><F102/><W86/><G100/><T5/><D5/><U70/><E46/><V98/><F8/><W13/><G6/><T89/><D89/><U36/><E77/><V122/><F91/><W131/><G22/><T31/><D31/><U41/><E41/><V121/><F121/><W44/><G30/><T74/><D74/><U21/><E36/><V49/><F122/><W39/><G29/><T40/><D40/><U34/><E34/><V120/><F120/><W75/><G35/><T115/><D115/><U66/><E90/><V111/><F111/><W48/><G32/><T10/><D10/><U72/><REACH who="1" step="1"/><E92/><AGARI ba="0,1" hai="20,26,28,45,51,52,53,59,62,82,83,92,93,95" machi="92" ten="40,5200,0" yaku="1,1,8,1,54,1,53,0" doraHai="11" doraHaiUra="85" who="0" fromWho="1" sc="240,62,130,-52,250,0,370,0" /><INIT seed="2,0,0,2,0,130" ten="302,78,250,370" oya="2" hai0="88,37,87,65,41,114,90,29,76,135,92,73,13" hai1="68,32,83,66,106,16,19,119,110,64,120,117,101" hai2="31,84,94,102,38,91,108,3,115,112,78,17,128" hai3="85,21,67,5,58,79,39,80,52,45,122,126,61"/><V109/><F38/><W74/><G122/><T40/><D114/><N who="2" m="43562" /><F3/><W70/><G126/><T10/><D29/><U123/><E32/><V113/><F31/><W53/><G5/><T57/><D73/><U97/><E110/><N who="2" m="42603" /><F17/><W33/><G33/><T71/><D71/><U8/><E83/><N who="2" m="47223" /><F113/><W77/><G21/><T35/><D37/><U27/><E27/><V18/><F18/><W26/><G26/><T121/><D13/><U59/><E68/><V47/><F47/><W98/><G39/><T28/><D28/><U69/><E69/><V93/><F128/><W34/><G45/><T116/><D116/><U72/><E72/><V127/><F127/><W15/><G15/><T89/><D10/><U124/><E124/><V100/><F94/><W86/><G34/><T82/><D92/><U6/><E119/><V14/><F14/><W99/><G70/><T60/><D35/><U50/><E117/><V36/><F36/><W9/><G9/><T49/><D121/><N who="1" m="46667" /><E64/><V63/><F63/><W12/><G67/><T111/><D111/><U2/><E66/><V20/><F20/><W55/><G61/><T107/><D60/><U134/><E19/><V30/><F30/><W4/><G58/><T11/><D57/><U25/><E16/><V0/><F0/><W44/><G44/><T105/><D65/><U133/><E25/><V104/><F104/><W125/><G125/><T43/><D11/><U22/><E22/><V103/><F103/><W23/><G23/><T51/><D107/><U54/><AGARI ba="0,0" hai="2,6,8,50,54,59,97,101,106,133,134" m="46667" machi="54" ten="30,4000,0" yaku="13,1,52,2" doraHai="130" who="1" fromWho="1" sc="302,-10,78,40,250,-20,370,-10" /><INIT seed="3,0,0,3,5,118" ten="292,118,230,360" oya="3" hai0="130,71,35,48,25,89,117,112,123,115,43,90,47" hai1="64,33,22,6,20,21,14,67,92,40,2,113,132" hai2="46,79,53,56,38,97,91,41,111,107,54,124,26" hai3="125,66,0,103,119,9,105,8,110,63,68,99,50"/><W135/><G119/><T126/><D117/><U37/><E113/><N who="0" m="43593" /><D123/><U75/><E33/><V98/><F111/><W32/><G110/><T86/><D130/><U108/><E108/><V4/><F124/><W58/><G125/><T72/><D72/><U19/><E132/><V81/><F4/><W116/><G116/><T83/><D71/><U60/><E75/><V74/><F107/><W101/><G135/><T55/><D126/><U10/><E64/><V5/><F5/><W95/><G0/><T127/><D127/><U42/><E92/><V23/><F91/><W52/><G103/><T104/><D104/><U109/><E109/><V31/><REACH who="2" step="1"/><F53/><REACH who="2" ten="292,118,220,360" step="2"/><W102/><G102/><T76/><D55/><U13/><E2/><V106/><F106/><W85/><G105/><T57/><D90/><U27/><E27/><V51/><AGARI ba="0,1" hai="23,26,31,38,41,46,51,54,56,74,79,81,97,98" machi="51" ten="20,2700,0" yaku="1,1,0,1,7,1,53,0" doraHai="118" doraHaiUra="120" who="2" fromWho="2" sc="292,-7,118,-7,220,37,360,-13" /><INIT seed="4,0,0,0,1,109" ten="285,111,257,347" oya="0" hai0="62,93,49,0,19,60,121,70,7,12,45,48,102" hai1="135,17,51,112,113,53,63,31,56,33,16,72,50" hai2="90,46,108,6,114,44,103,127,40,41,97,55,18" hai3="116,52,104,98,89,15,73,85,61,100,71,84,83"/><T119/><D119/><U67/><E72/><V2/><F108/><W29/><G116/><T68/><D0/><U54/><E33/><V64/><F64/><W28/><G73/><T32/><D7/><U20/><E31/><V75/><F75/><W99/><G98/><T76/><D76/><U118/><E118/><V80/><F55/><W101/><G100/><T87/><D121/><U106/><E106/><V30/><F30/><W34/><G34/><T122/><D122/><U131/><E135/><V81/><F18/><W9/><G84/><T128/><D128/><U27/><E17/><V96/><F90/><W42/><G42/><T13/><D87/><U129/><E53/><V130/><F103/><W107/><G107/><T134/><D32/><U120/><E120/><V125/><F6/><W110/><G110/><T24/><D24/><U74/><E74/><V5/><F5/><W133/><G133/><T65/><D134/><U79/><E79/><V115/><REACH who="2" step="1"/><F2/><REACH who="2" ten="285,111,247,347" step="2"/><W82/><G52/><T86/><D102/><U66/><E67/><V4/><F4/><W117/><G29/><T124/><D19/><U36/><E36/><V39/><F39/><W10/><G28/><T38/><D38/><U88/><E88/><V123/><F123/><W69/><G89/><T3/><D3/><U11/><E11/><V57/><F57/><W21/><G9/><T35/><D65/><U37/><E37/><V25/><F25/><W94/><G10/><T8/><D8/><U78/><E78/><V26/><F26/><W43/><G101/><T77/><D35/><U14/><E27/><RYUUKYOKU ba="0,1" sc="285,-10,111,-10,247,30,347,-10" hai2="40,41,44,46,80,81,96,97,114,115,125,127,130" /><INIT seed="5,1,1,2,0,132" ten="275,101,277,337" oya="1" hai0="25,130,89,118,46,7,44,37,117,54,102,45,57" hai1="58,84,88,66,83,59,5,114,94,121,11,74,12" hai2="34,17,96,56,38,51,67,28,40,81,82,125,111" hai3="50,134,73,63,33,76,98,123,108,78,91,126,2"/><U120/><E114/><V49/><F111/><W42/><G108/><T115/><D37/><U87/><E74/><V72/><F38/><W41/><G134/><T133/><D102/><U135/><E135/><V22/><F34/><W68/><G33/><T4/><D133/><U104/><E104/><V21/><F125/><W127/><G123/><T53/><D115/><U14/><E14/><V52/><F67/><N who="3" m="41087" /><G2/><T8/><D130/><U31/><E31/><V116/><F72/><W15/><G15/><T48/><D25/><U1/><E1/><V85/><F28/><W35/><G35/><T43/><D43/><N who="3" m="16393" /><G73/><T101/><D101/><U113/><E113/><V103/><F116/><W69/><G69/><T65/><D89/><U29/><E29/><V3/><F3/><W60/><G60/><T13/><D118/><U39/><E39/><V131/><F131/><W95/><G50/><T122/><D122/><U86/><E59/><V105/><F81/><W36/><G36/><T32/><D32/><U19/><E5/><V20/><F49/><W55/><G55/><N who="0" m="31975" /><D117/><U97/><REACH who="1" step="1"/><E83/><REACH who="1" ten="275,91,277,337" step="2"/><V99/><F17/><W16/><G16/><T80/><D80/><U93/><E93/><V112/><F112/><W77/><G95/><T26/><D7/><U79/><E79/><N who="2" m="46303" /><F105/><W61/><G77/><T27/><D4/><U23/><E23/><V70/><F70/><W18/><G76/><T100/><D13/><U119/><E119/><V109/><F109/><W129/><G78/><T75/><D75/><U107/><E107/><V124/><F20/><W71/><G18/><T30/><D30/><RYUUKYOKU ba="1,2" sc="275,-10,91,30,277,-10,337,-10" hai1="11,12,19,58,66,84,86,87,88,94,97,120,121" /><INIT seed="5,2,2,2,3,126" ten="265,121,267,327" oya="1" hai0="88,55,128,94,102,54,110,75,6,18,61,42,112" hai1="63,46,2,82,15,14,17,120,113,123,66,132,24" hai2="29,115,23,129,104,111,101,4,60,99,74,49,10" hai3="117,78,9,64,108,91,116,79,67,11,40,13,7"/><U72/><E2/><V27/><F111/><W8/><G108/><T124/><D110/><U30/><E113/><V50/><F115/><W86/><G40/><T20/><D75/><U31/><E132/><V52/><F74/><W38/><G38/><T19/><D102/><U34/><E31/><V76/><F76/><N who="3" m="29227" /><G13/><T77/><D77/><U59/><E72/><V12/><F129/><W62/><G7/><T92/><D128/><U56/><E82/><V32/><F32/><W28/><G28/><T45/><D6/><U36/><E56/><V70/><F70/><W53/><G53/><T135/><D124/><U47/><E15/><V130/><F130/><W107/><G107/><T93/><D135/><U26/><E24/><V41/><F41/><W73/><G73/><T106/><D106/><U51/><E36/><V44/><F49/><W98/><G98/><T37/><D112/><U68/><E68/><V0/><F60/><W25/><G25/><T131/><D131/><U81/><E81/><V69/><F69/><W58/><G67/><T57/><D55/><U5/><E5/><V83/><F83/><W87/><G91/><T121/><D121/><U43/><REACH who="1" step="1"/><E47/><REACH who="1" ten="265,111,267,327" step="2"/><V80/><F80/><W125/><G125/><T119/><D119/><AGARI ba="2,3" hai="8,9,11,58,62,64,86,87,116,117,119" m="29227" machi="119" ten="30,1000,0" yaku="12,1" doraHai="126" who="3" fromWho="0" sc="265,-16,111,0,267,0,327,46" /><INIT seed="6,0,0,2,3,89" ten="249,111,267,373" oya="2" hai0="85,124,56,39,40,65,104,28,93,8,31,129,69" hai1="53,24,98,29,99,14,2,87,96,9,35,100,57" hai2="10,78,134,62,18,91,59,112,64,76,126,12,120" hai3="17,119,45,20,44,60,27,130,114,66,67,15,26"/><V94/><F120/><W135/><G119/><T13/><D104/><U23/><E2/><V6/><F112/><W109/><G114/><T122/><D122/><U72/><E72/><V82/><F126/><W71/><G109/><T36/><D69/><U37/><E37/><V80/><F134/><W127/><G135/><T116/><D124/><U58/><E35/><V43/><F43/><W3/><G3/><T110/><D110/><U50/><E87/><V103/><F103/><W132/><G132/><T75/><D75/><U1/><E1/><V77/><REACH who="2" step="1"/><F6/><REACH who="2" ten="249,111,257,373" step="2"/><W54/><G127/><T83/><D40/><U105/><REACH who="1" step="1"/><E58/><REACH who="1" ten="249,101,257,373" step="2"/><V7/><F7/><AGARI ba="0,2" hai="7,9,14,23,24,29,50,53,57,96,98,99,100,105" machi="7" ten="30,3900,0" yaku="1,1,2,1,7,1,53,0" doraHai="89" doraHaiUra="73" who="1" fromWho="2" sc="249,0,101,59,257,-39,373,0" /><INIT seed="7,0,0,0,4,38" ten="249,160,218,373" oya="3" hai0="39,4,16,115,83,57,94,129,26,85,73,89,25" hai1="48,32,60,24,37,105,66,46,119,54,135,100,71" hai2="92,17,41,118,108,68,97,69,77,88,125,64,19" hai3="42,6,106,23,34,72,7,63,99,74,93,12,14"/><W31/><G42/><T110/><D110/><U76/><E135/><V128/><F108/><W116/><G63/><T84/><D73/><U65/><E119/><V8/><F118/><W96/><G12/><T1/><D39/><U98/><E65/><V87/><F128/><W49/><G96/><T28/><D4/><U22/><E76/><V109/><F109/><W114/><G93/><T133/><D1/><U124/><E124/><V53/><F125/><W62/><G23/><T51/><D129/><U104/><E22/><V36/><F64/><W101/><G114/><T79/><D115/><U29/><E37/><V59/><F41/><W80/><G101/><T126/><D126/><U120/><REACH who="1" step="1"/><E104/><REACH who="1" ten="249,150,218,373" step="2"/><V107/><F36/><W52/><G106/><T44/><D133/><U13/><E13/><V75/><F69/><W43/><G14/><T117/><D79/><U95/><E95/><V27/><F68/><W131/><G131/><T20/><D94/><U45/><E45/><V134/><F134/><W55/><G116/><T112/><D44/><U47/><E47/><V35/><F35/><W103/><G34/><T123/><D20/><U82/><E82/><N who="2" m="45375" /><F27/><W122/><G80/><T61/><D26/><U21/><E21/><V130/><F130/><W56/><G72/><T9/><D25/><U113/><E113/><V58/><F8/><W67/><G74/><T86/><D9/><U18/><E18/><V11/><F11/><W91/><G67/><T81/><D112/><U50/><E50/><N who="2" m="31031" /><F17/><W90/><G49/><T33/><D51/><U5/><E5/><V3/><F19/><RYUUKYOKU ba="0,1" sc="249,-10,150,30,218,-10,373,-10" hai1="24,29,32,46,48,54,60,66,71,98,100,105,120" owari="239,4.0,180,-32.0,208,-19.0,373,47.0" /></mjloggm>