<mjloggm ver="2.3"><GO type="169" lobby="0"/><UN n0="%E3%82%8A%E3%82%87%E3%81%86%E3%81%BE%35%37%32%34" n1="%68%6F%6C%6D%65%73" n2="%E3%81%9C%E3%82%8D%E3%82%81%E3%81%90" n3="%E5%B0%B1%E6%B4%BB%E7%94%9F%40%E5%B7%9D%E6%9D%91%E8%BB%8D%E5%9B%A3" dan="16,17,16,18" rate="2101.30,2185.28,2021.63,2241.01" sx="M,M,F,M"/><TAIKYOKU oya="0"/><INIT seed="0,0,0,5,1,117" ten="250,250,250,250" oya="0" hai0="47,84,88,65,41,82,92,122,100,38,45,62,54" hai1="71,32,119,14,26,104,81,74,0,125,12,106,80" hai2="68,52,34,10,1,96,77,115,51,75,23,19,28" hai3="3,42,131,63,37,35,2,76,44,49,60,101,69"/><T95/><D122/><U13/><E119/><V18/><F115/><W24/><G131/><T61/><D100/><U132/><E0/><V103/><F68/><W29/><G76/><T98/><D98/><U90/><E71/><V111/><F111/><W27/><G27/><T56/><REACH who="0" step="1"/><D47/><REACH who="0" ten="240,250,250,250" step="2"/><U109/><E109/><V17/><F96/><W22/><G101/><T72/><D72/><U85/><E74/><V73/><F103/><W59/><G35/><T6/><D6/><U127/><E32/><V8/><F75/><W107/><G107/><T11/><D11/><U97/><E97/><V15/><F10/><W114/><G114/><T40/><D40/><U91/><E106/><V39/><F73/><W116/><G116/><T48/><D48/><U53/><E104/><V135/><F8/><W126/><G49/><T70/><AGARI ba="0,1" hai="38,41,45,54,56,61,62,65,70,82,84,88,92,95" machi="70" ten="20,12000,1" yaku="1,1,0,1,7,1,54,1,53,1" doraHai="117" doraHaiUra="55" who="0" fromWho="0" sc="240,130,250,-40,250,-40,250,-40" /><INIT seed="0,1,0,3,4,47" ten="370,210,210,210" oya="0" hai0="88,2,75,54,4,42,31,59,13,117,8,119,82" hai1="123,127,80,122,81,83,113,86,124,108,129,5,16" hai2="103,94,38,17,106,96,130,95,100,76,43,132,40" hai3="24,116,65,58,120,21,7,78,37,57,110,34,131"/><T19/><D42/><U104/><E104/><V72/><F38/><W101/><G34/><T90/><D31/><U111/><E5/><V30/><F30/><W18/><G37/><T39/><D39/><U69/><E69/><V79/><F17/><W135/><G116/><T35/><D35/><U92/><E129/><V134/><F96/><W115/><G115/><T74/><D117/><U93/><E113/><V55/><F55/><W12/><G110/><N who="1" m="42026" /><E16/><V70/><F106/><W14/><G131/><T32/><D32/><U114/><E114/><V28/><F28/><W128/><G128/><T36/><D36/><U133/><E133/><V29/><F29/><W84/><G101/><T0/><D119/><U3/><E3/><V10/><F130/><W53/><G7/><T50/><D2/><U118/><E118/><V11/><REACH who="2" step="1"/><F70/><REACH who="2" ten="370,210,200,210" step="2"/><W23/><G18/><T64/><D64/><U45/><E86/><V60/><F60/><W20/><G84/><T9/><REACH who="0" step="1"/><D75/><AGARI ba="1,1" hai="10,11,40,43,72,75,76,79,94,95,100,103,132,134" machi="75" ten="25,8000,1" yaku="1,1,22,2,53,2" doraHai="47" doraHaiUra="6" who="2" fromWho="0" sc="370,-83,210,0,200,93,210,0" /><INIT seed="1,0,0,0,5,70" ten="287,210,293,210" oya="1" hai0="73,40,84,66,39,23,16,114,13,7,26,130,6" hai1="68,61,38,27,24,25,119,3,93,59,0,67,107" hai2="28,129,125,32,98,44,117,90,101,75,64,12,112" hai3="94,86,60,120,19,47,57,42,20,77,135,105,11"/><U71/><E107/><V72/><F117/><W88/><G105/><T48/><D73/><U31/><E119/><V58/><F125/><W109/><G109/><T115/><D130/><U8/><E31/><V43/><F129/><W108/><G108/><T53/><D115/><U118/><E118/><V102/><F112/><W4/><G135/><T131/><D114/><U126/><E126/><V30/><F90/><W85/><G120/><T80/><D131/><U33/><E33/><V29/><F32/><W54/><G4/><T110/><D110/><U79/><E38/><V103/><F98/><W22/><G77/><T10/><D66/><U81/><E93/><V83/><F83/><W122/><G122/><T65/><D65/><U82/><E82/><V111/><F111/><W113/><G113/><T132/><D132/><U95/><E95/><V18/><F58/><W15/><REACH who="3" step="1"/><G86/><REACH who="3" ten="287,210,293,200" step="2"/><T50/><D7/><U69/><REACH who="1" step="1"/><E8/><REACH who="1" ten="287,200,293,200" step="2"/><N who="2" m="6407" /><F75/><AGARI ba="0,2" hai="0,3,24,25,27,59,61,67,68,69,71,75,79,81" machi="75" ten="50,2400,0" yaku="1,1,53,0" doraHai="70" doraHaiUra="14" who="1" fromWho="2" sc="287,0,200,44,293,-24,200,0" /><INIT seed="1,1,0,0,0,66" ten="287,244,269,200" oya="1" hai0="106,78,86,54,42,46,132,105,59,56,126,15,108" hai1="122,64,100,25,39,82,85,130,115,125,36,62,71" hai2="53,60,112,28,135,102,87,83,58,79,121,120,93" hai3="94,68,52,134,44,113,49,65,57,9,76,5,0"/><U22/><E115/><V92/><F112/><W7/><G113/><T16/><D126/><U33/><E122/><V29/><F135/><W91/><G134/><T50/><D132/><U23/><E125/><V127/><F127/><W128/><G128/><T81/><D108/><U90/><E130/><V4/><F4/><W26/><G76/><T116/><D116/><U77/><E100/><V40/><F40/><W27/><G7/><T124/><D124/><U21/><REACH who="1" step="1"/><E77/><REACH who="1" ten="287,234,269,200" step="2"/><V2/><F121/><W51/><G68/><T3/><D3/><U32/><E32/><V98/><F120/><W20/><G20/><T74/><D74/><U97/><E97/><V35/><F35/><W131/><G131/><T55/><D55/><U95/><E95/><V80/><F93/><W8/><G8/><T118/><D118/><U88/><E88/><V67/><F53/><W103/><G103/><T89/><D78/><U110/><E110/><V18/><F79/><W45/><G91/><T119/><D119/><U72/><E72/><V133/><F102/><W69/><G94/><T109/><D109/><U12/><E12/><V19/><F92/><W30/><G69/><T73/><D73/><U11/><E11/><V117/><F133/><W43/><G30/><AGARI ba="1,1" hai="21,22,23,25,30,33,36,39,62,64,71,82,85,90" machi="30" ten="40,3900,0" yaku="1,1,52,1,53,0" doraHai="66" doraHaiUra="107" who="1" fromWho="3" sc="287,0,234,52,269,0,200,-42" /><INIT seed="1,2,0,4,4,95" ten="287,286,269,158" oya="1" hai0="106,89,14,121,0,33,46,17,65,80,56,68,126" hai1="9,57,48,108,78,98,101,109,97,132,133,54,93" hai2="6,11,74,1,24,58,113,81,25,61,27,107,47" hai3="96,86,125,64,120,118,90,111,135,112,32,127,110"/><U42/><E78/><V34/><F113/><W92/><G32/><T3/><D68/><U16/><E42/><V105/><F34/><W51/><G64/><T31/><D106/><U36/><E36/><V15/><F1/><W49/><G112/><T40/><D126/><N who="3" m="48137" /><G120/><T44/><D44/><U82/><E82/><V29/><F29/><W71/><G71/><T26/><D121/><U7/><E97/><V124/><F124/><W114/><G114/><T22/><D56/><U55/><E55/><V134/><F134/><N who="1" m="51817" /><E16/><V75/><F47/><W45/><G135/><T73/><D65/><U30/><E30/><V43/><F43/><N who="3" m="24767" /><G51/><T5/><D5/><U119/><E119/><V85/><F75/><W39/><G39/><T123/><D123/><U4/><E9/><V69/><F74/><W84/><G118/><T104/><D104/><U130/><E130/><V77/><F69/><W91/><G91/><T12/><D89/><U37/><E37/><V53/><AGARI ba="2,0" hai="6,11,15,24,25,27,53,58,61,77,81,85,105,107" machi="53" ten="30,1100,0" yaku="0,1" doraHai="95" who="2" fromWho="2" sc="287,-5,286,-7,269,17,158,-5" /><INIT seed="2,0,0,5,1,79" ten="282,279,286,153" oya="2" hai0="16,103,101,71,91,63,34,133,45,56,75,125,49" hai1="123,8,37,14,20,39,72,83,131,23,70,93,120" hai2="6,113,42,102,81,122,99,117,86,7,84,55,52" hai3="73,40,76,1,68,127,58,5,107,64,38,74,106"/><V48/><F113/><W35/><G58/><T30/><D71/><U69/><E131/><V95/><F117/><W15/><G15/><T119/><D119/><U88/><E20/><V36/><F122/><N who="1" m="46633" /><E23/><V85/><F36/><N who="1" m="13897" /><E72/><V29/><F29/><W57/><G57/><T59/><D125/><U31/><E31/><V134/><F134/><W92/><G92/><T96/><D133/><U135/><E83/><V105/><F105/><W60/><G127/><T65/><D75/><U33/><E33/><V82/><F42/><W32/><G32/><T11/><D30/><U97/><E135/><V12/><F55/><W94/><G94/><N who="0" m="56415" /><D34/><U110/><E110/><V132/><F132/><W78/><G35/><T43/><D59/><U22/><E22/><V27/><F27/><W0/><G74/><T25/><D25/><U44/><E44/><N who="2" m="27655" /><F12/><AGARI ba="0,0" hai="11,12,16,43,45,49,56,63,65,101,103" m="56415" machi="12" ten="30,2000,0" yaku="8,1,54,1" doraHai="79" who="0" fromWho="2" sc="282,20,279,0,286,-20,153,0" /><INIT seed="3,0,0,2,5,126" ten="302,279,266,153" oya="3" hai0="20,39,47,53,117,0,65,106,73,52,75,133,134" hai1="107,130,78,12,38,104,85,40,88,19,21,120,18" hai2="129,125,9,81,5,23,61,118,59,69,105,42,93" hai3="67,115,35,112,116,7,45,119,58,127,14,66,99"/><W111/><G35/><T27/><D106/><U60/><E120/><V79/><F105/><W114/><G127/><T44/><D0/><U97/><E78/><V135/><F125/><W76/><G76/><T86/><D117/><U98/><E38/><V4/><F118/><W103/><G111/><T25/><D86/><U100/><E40/><V30/><F69/><W87/><G87/><T123/><D65/><U55/><E19/><V95/><F135/><W51/><G7/><T13/><D13/><U24/><E12/><V72/><F42/><W94/><G14/><T77/><D77/><U48/><E60/><V89/><F9/><W80/><G80/><T32/><D32/><U3/><E3/><V63/><F63/><W132/><G132/><T16/><D39/><U46/><E98/><V124/><F124/><W82/><G82/><T8/><D8/><U128/><REACH who="1" step="1"/><E107/><REACH who="1" ten="302,269,266,153" step="2"/><V10/><F61/><W49/><G119/><T108/><D16/><U26/><E26/><V131/><F79/><W101/><G116/><T71/><D123/><U2/><E2/><V57/><F4/><W34/><G103/><T41/><D41/><U110/><E110/><V28/><F5/><W113/><G113/><T29/><D108/><U54/><E54/><V15/><F15/><W64/><G112/><T68/><D29/><U50/><E50/><V74/><F28/><W92/><G114/><T121/><D121/><U33/><E33/><V17/><F30/><W22/><G115/><T91/><D20/><U90/><E90/><AGARI ba="0,1" hai="25,27,44,47,52,53,68,71,73,75,90,91,133,134" machi="90" ten="25,3200,0" yaku="22,2,54,1" doraHai="126" who="0" fromWho="1" sc="302,42,269,-32,266,0,153,0" /><INIT seed="4,0,0,2,5,9" ten="344,237,266,153" oya="0" hai0="36,7,27,91,59,10,22,60,37,122,127,105,120" hai1="17,106,94,67,56,114,118,30,66,96,128,16,2" hai2="124,55,132,31,48,75,38,35,52,79,0,107,92" hai3="43,50,71,3,57,11,104,40,81,130,49,133,131"/><T134/><D105/><U100/><E118/><V125/><F107/><W23/><G104/><T93/><D127/><U8/><E30/><V32/><F38/><W86/><G3/><T5/><D134/><U6/><E128/><N who="3" m="49194" /><G11/><T103/><D103/><U97/><E114/><V80/><F132/><W28/><G28/><T45/><D7/><U13/><E56/><V121/><F121/><W89/><G23/><T63/><D63/><U21/><REACH who="1" step="1"/><E17/><REACH who="1" ten="344,227,266,153" step="2"/><V46/><F31/><W72/><G133/><T19/><D122/><U29/><E29/><V53/><F124/><W14/><G71/><T34/><D120/><U84/><E84/><V61/><F125/><W88/><G72/><T15/><D34/><U68/><E68/><V99/><F35/><W117/><G117/><T126/><D126/><U69/><E69/><V108/><F32/><W54/><G49/><T58/><D45/><U98/><E98/><V77/><F46/><W24/><G24/><T87/><REACH who="0" step="1"/><D58/><REACH who="0" ten="334,227,266,153" step="2"/><U82/><E82/><V44/><F80/><W26/><G81/><T51/><D51/><U110/><E110/><V73/><F108/><W4/><G57/><T62/><D62/><U101/><AGARI ba="0,2" hai="2,6,8,13,16,21,66,67,94,96,97,100,101,106" machi="101" ten="20,8000,1" yaku="1,1,0,1,7,1,52,1,54,1,53,0" doraHai="9" doraHaiUra="111" who="1" fromWho="1" sc="334,-40,227,100,266,-20,153,-20" /><INIT seed="5,0,0,2,1,39" ten="294,327,246,133" oya="1" hai0="44,53,80,17,86,105,88,35,95,123,106,93,8" hai1="76,108,81,85,118,21,89,82,49,133,110,124,7" hai2="135,71,51,72,23,46,31,103,125,48,78,111,67" hai3="60,27,132,32,96,74,90,1,116,130,99,121,45"/><U16/><E118/><V114/><F111/><N who="1" m="42537" /><E7/><V83/><F125/><W68/><G121/><T87/><D35/><U101/><E101/><V56/><F135/><W6/><G74/><T4/><D123/><U115/><E115/><V14/><F114/><W120/><G120/><T11/><D11/><U15/><E124/><V102/><F71/><W107/><G132/><T38/><D17/><U109/><E109/><V26/><F14/><W58/><G130/><T41/><D53/><U70/><E70/><V127/><F127/><W104/><G116/><T42/><D42/><U25/><E133/><V24/><F24/><W91/><G68/><T66/><D66/><U69/><E69/><V57/><F51/><W113/><G113/><T64/><D64/><U2/><E49/><V3/><F3/><W59/><G6/><T50/><D38/><U63/><E63/><V129/><F129/><W97/><G1/><T75/><D75/><N who="1" m="43167" /><E2/><V13/><F13/><AGARI ba="0,0" hai="13,15,16,21,25,82,85,89" m="43167,42537" machi="13" ten="30,2900,0" yaku="10,1,54,1" doraHai="39" who="1" fromWho="2" sc="294,0,327,29,246,-29,133,0" /><INIT seed="5,1,0,4,1,108" ten="294,356,217,133" oya="1" hai0="124,101,98,70,65,21,93,135,59,3,122,33,13" hai1="94,72,26,56,133,55,41,119,83,110,111,11,52" hai2="96,15,2,120,86,37,19,115,77,88,31,30,117" hai3="27,134,97,7,89,1,103,58,47,53,109,78,51"/><U128/><E119/><V82/><F2/><W6/><G109/><N who="1" m="41482" /><E41/><V71/><F117/><W127/><G127/><T22/><D33/><U91/><E133/><V112/><F120/><W54/><G134/><T85/><D3/><U99/><E128/><V74/><F71/><W69/><G69/><T81/><D70/><U43/><E43/><V130/><F96/><W129/><G129/><T34/><D34/><U67/><E26/><V75/><F37/><W44/><G78/><T102/><D135/><U42/><E42/><V131/><F131/><W29/><G89/><T32/><D32/><U35/><E35/><V114/><F130/><W87/><G87/><T20/><D124/><U60/><E11/><N who="2" m="6655" /><F74/><W17/><G29/><T106/><D106/><U14/><E14/><V79/><F79/><AGARI ba="1,0" hai="52,55,56,60,67,72,79,83,91,94,99" m="41482" machi="79" ten="30,2900,0" yaku="10,1,54,1" doraHai="108" who="1" fromWho="2" sc="294,0,356,32,217,-32,133,0" /><INIT seed="5,2,0,0,4,84" ten="294,388,185,133" oya="1" hai0="21,45,39,47,117,33,61,24,0,94,40,60,66" hai1="116,1,106,59,6,38,104,90,128,132,62,114,41" hai2="69,46,8,70,98,87,113,85,71,5,10,31,56" hai3="19,53,99,48,103,111,109,67,91,7,34,16,9"/><U120/><E116/><V86/><F113/><W28/><G109/><T93/><D117/><U88/><E120/><V25/><F46/><W112/><G112/><T100/><D33/><U18/><E114/><V96/><F56/><W82/><G111/><T13/><D0/><U121/><E121/><V43/><F43/><W134/><G67/><T64/><D13/><U92/><E1/><V95/><F5/><W73/><G34/><T17/><D47/><U129/><E6/><V2/><F2/><W3/><G28/><T12/><D12/><U123/><E123/><V50/><F50/><W77/><G134/><T49/><D39/><U55/><E132/><V37/><F37/><W118/><G118/><T32/><D32/><U15/><E41/><V105/><F105/><N who="1" m="40553" /><E92/><N who="0" m="35433" /><D100/><U135/><E38/><V44/><F44/><W27/><G27/><T110/><D110/><U29/><E29/><V63/><F25/><W4/><G4/><T23/><D23/><N who="1" m="11743" /><E135/><V51/><F31/><W20/><G20/><T75/><D75/><U83/><E83/><V22/><F22/><W102/><G102/><T131/><D66/><U130/><AGARI ba="2,0" hai="55,59,62,88,90,128,129,130" m="11743,40553" machi="130" ten="40,12000,1" yaku="19,1,52,2,54,1" doraHai="84" who="1" fromWho="1" sc="294,-42,388,126,185,-42,133,-42" /><INIT seed="5,3,0,0,3,70" ten="252,514,143,91" oya="1" hai0="111,62,133,77,9,21,28,32,121,87,97,20,95" hai1="41,78,58,135,119,117,29,6,8,103,47,125,90" hai2="128,73,60,55,37,24,122,123,81,66,48,99,46" hai3="113,116,1,4,56,80,27,104,129,131,12,16,34"/><U19/><E135/><V68/><F24/><W85/><G104/><T65/><D111/><U130/><E125/><V64/><F99/><W94/><G113/><T132/><D9/><U79/><E130/><N who="3" m="49674" /><G116/><T71/><D32/><U18/><E103/><V88/><F128/><W36/><G36/><T53/><D53/><U98/><E29/><V44/><F66/><W126/><G126/><T0/><D0/><U91/><E58/><V112/><F112/><W30/><G94/><T26/><D121/><U33/><E33/><V15/><F15/><W134/><G56/><T74/><D74/><U39/><E90/><V102/><F102/><W75/><G75/><T120/><D21/><U69/><E69/><V43/><REACH who="2" step="1"/><F73/><REACH who="2" ten="252,514,133,91" step="2"/><W72/><G72/><T10/><D120/><U35/><E117/><V22/><F22/><N who="3" m="11527" /><G134/><T67/><D132/><U2/><E119/><V5/><F5/><W106/><G106/><T25/><D133/><U57/><E6/><V40/><F40/><W127/><G127/><T31/><D26/><U49/><E41/><V96/><F96/><W108/><G108/><T93/><D97/><U110/><E98/><V13/><F13/><W83/><G85/><AGARI ba="3,1" hai="37,43,44,46,48,55,60,64,68,81,85,88,122,123" machi="85" ten="40,8000,1" yaku="1,1,52,1,54,1,53,1" doraHai="70" doraHaiUra="51" who="2" fromWho="3" sc="252,0,514,0,133,99,91,-89" /><INIT seed="6,0,0,5,5,11" ten="252,514,232,2" oya="2" hai0="30,132,36,99,77,49,112,78,43,8,135,37,53" hai1="61,6,44,114,124,19,81,9,55,58,23,29,64" hai2="126,109,33,82,120,85,20,98,102,52,128,3,68" hai3="72,34,47,2,38,92,79,125,40,105,75,32,116"/><V0/><F33/><W56/><G116/><T57/><D112/><U63/><E114/><V7/><F120/><W108/><G108/><T97/><D30/><U127/><E29/><V91/><F109/><W89/><G105/><T111/><D111/><U42/><E81/><V96/><F68/><W88/><G125/><N who="1" m="48202" /><E23/><V131/><F126/><W115/><G115/><T101/><D97/><N who="2" m="37482" /><F102/><W117/><G117/><T26/><D26/><U93/><E93/><V104/><F104/><W67/><G2/><T113/><D113/><U27/><E27/><V15/><F52/><W103/><G103/><T86/><D8/><U94/><E94/><V70/><F70/><W62/><G89/><T39/><D43/><U41/><E19/><N who="2" m="10367" /><F7/><W46/><G46/><T107/><REACH who="0" step="1"/><D86/><REACH who="0" ten="242,514,232,2" step="2"/><U22/><E42/><V31/><F31/><W73/><G79/><AGARI ba="0,1" hai="36,37,39,49,53,57,77,78,79,99,101,107,132,135" machi="79" ten="50,3200,0" yaku="1,1,2,1,53,0" doraHai="11" doraHaiUra="35" who="0" fromWho="3" sc="242,42,514,0,232,0,2,-32" owari="284,8.0,514,62.0,232,-17.0,-30,-53.0" /></mjloggm>