<mjloggm ver="2.3"><GO type="169" lobby="0"/><UN n0="%6D%75%6B%69%74%74%69" n1="%E6%B0%B4%E6%9C%AC%E3%82%86%E3%81%8B%E3%82%8A" n2="%52%65%3A%7A%61%77%61" n3="%E5%B0%B1%E6%B4%BB%E7%94%9F%40%E5%B7%9D%E6%9D%91%E8%BB%8D%E5%9B%A3" dan="17,16,16,17" rate="2186.15,2169.12,2078.01,2251.69" sx="M,F,F,M"/><TAIKYOKU oya="0"/><INIT seed="0,0,0,1,2,30" ten="250,250,250,250" oya="0" hai0="121,95,94,57,1,29,61,15,103,17,127,41,75" hai1="87,122,32,111,134,118,34,73,89,13,113,88,102" hai2="19,6,81,83,85,130,43,129,114,23,36,52,135" hai3="69,80,67,42,119,31,98,79,82,68,5,16,74"/><T62/><D121/><U101/><E73/><V49/><F114/><W70/><G119/><T110/><D1/><U76/><E118/><V18/><F135/><W108/><G108/><T99/><D75/><U106/><E122/><V35/><F35/><W91/><G5/><T56/><D127/><U116/><E116/><V125/><F125/><W12/><G42/><T21/><D110/><U3/><E3/><V60/><F60/><N who="0" m="23146" /><D41/><U44/><E111/><V71/><F71/><W59/><G31/><T4/><D29/><U40/><E134/><V126/><F6/><W51/><G67/><T100/><D4/><U65/><E65/><V84/><F126/><W47/><G59/><N who="0" m="22603" /><D95/><U54/><E113/><V77/><F43/><W90/><G82/><T48/><D48/><U10/><E106/><V2/><F36/><W64/><G64/><T86/><D86/><U33/><E54/><V27/><F2/><W93/><G91/><AGARI ba="0,0" hai="15,17,21,91,94,99,100,103" m="22603,23146" machi="91" ten="30,1500,0" yaku="8,1" doraHai="30" who="0" fromWho="3" sc="250,15,250,0,250,0,250,-15" /><INIT seed="0,1,0,2,5,64" ten="265,250,250,235" oya="0" hai0="76,126,21,24,60,73,98,61,30,31,22,36,131" hai1="96,80,19,87,62,35,42,133,97,100,48,15,74" hai2="41,52,90,78,23,38,95,5,40,51,113,6,118" hai3="102,99,92,107,108,114,12,91,93,125,29,68,39"/><T49/><D36/><U110/><E35/><V106/><F106/><W83/><G39/><T116/><D116/><U11/><E74/><V88/><F113/><W33/><G33/><T26/><D126/><U127/><E110/><V111/><F111/><W132/><G29/><T119/><D119/><U104/><E127/><V25/><F118/><W128/><G125/><T71/><D131/><U105/><E133/><V55/><F38/><W7/><G114/><T123/><D123/><U57/><E42/><N who="2" m="16491" /><F78/><W85/><G108/><T72/><D49/><U45/><E45/><N who="2" m="27759" /><F55/><W94/><G132/><T121/><D121/><U86/><E48/><V4/><F95/><W115/><G115/><T81/><D73/><U0/><E0/><V13/><F13/><W89/><G128/><T124/><D124/><U53/><REACH who="1" step="1"/><E80/><REACH who="1" ten="265,240,250,235" step="2"/><V32/><F32/><W117/><G117/><T9/><D72/><U122/><E122/><V2/><F2/><W70/><REACH who="3" step="1"/><G89/><REACH who="3" ten="265,240,250,225" step="2"/><T34/><D34/><U77/><E77/><V18/><AGARI ba="1,2" hai="4,5,6,18,23,25,88,90" m="27759,16491" machi="18" ten="30,4000,0" yaku="8,1,54,2" doraHai="64" who="2" fromWho="2" sc="265,-21,240,-11,250,63,225,-11" /><INIT seed="1,0,0,0,0,63" ten="244,229,313,214" oya="1" hai0="18,122,36,120,91,13,74,105,61,51,72,30,34" hai1="123,121,66,83,86,7,96,89,97,41,129,44,68" hai2="47,110,40,56,65,114,15,102,19,125,32,78,64" hai3="134,27,37,20,77,4,31,111,104,115,11,53,92"/><U128/><E7/><V69/><F32/><W17/><G104/><T90/><D36/><U130/><E68/><V124/><F110/><W9/><G37/><T2/><D2/><U81/><E66/><N who="2" m="25707" /><F69/><W127/><G115/><T8/><D105/><U98/><REACH who="1" step="1"/><E83/><REACH who="1" ten="244,219,313,214" step="2"/><V132/><F114/><W88/><G4/><T46/><D122/><U33/><E33/><V52/><F132/><W45/><G134/><T3/><D120/><U26/><E26/><V42/><F102/><W6/><G6/><T73/><D34/><U93/><E93/><V76/><F124/><W75/><G127/><T116/><D116/><U38/><AGARI ba="0,1" hai="38,41,44,81,86,89,96,97,98,121,123,128,129,130" machi="38" ten="40,7800,0" yaku="1,1,0,1,19,1,53,0" doraHai="63" doraHaiUra="21" who="1" fromWho="1" sc="244,-26,219,88,313,-26,214,-26" /><INIT seed="1,1,0,5,1,5" ten="218,307,287,188" oya="1" hai0="3,103,11,30,90,135,15,4,100,89,46,121,76" hai1="83,26,96,64,55,113,62,43,112,129,88,49,57" hai2="67,125,130,25,111,31,0,91,21,16,131,8,40" hai3="51,106,27,132,72,105,128,93,63,2,59,78,119"/><U10/><E129/><N who="2" m="49163" /><F111/><W71/><G128/><T48/><D135/><U66/><E43/><V81/><F125/><W9/><G132/><T14/><D121/><U116/><E116/><V77/><F91/><N who="0" m="34826" /><D3/><U18/><E113/><V35/><F67/><N who="1" m="25641" /><E112/><V97/><F97/><W118/><G71/><T58/><D30/><U133/><E133/><V23/><F40/><W126/><G126/><T122/><D122/><U44/><E62/><V12/><F0/><W61/><G72/><AGARI ba="1,0" hai="8,12,16,21,23,25,31,35,72,77,81" m="49163" machi="72" ten="30,3900,0" yaku="19,1,52,1,54,1" doraHai="5" who="2" fromWho="3" sc="218,0,307,0,287,42,188,-42" /><INIT seed="2,0,0,3,4,66" ten="218,307,329,146" oya="2" hai0="83,59,92,31,38,54,96,134,35,14,86,131,77" hai1="109,10,110,98,9,52,34,27,50,56,100,129,84" hai2="76,8,94,71,6,113,36,93,40,97,0,126,47" hai3="2,39,53,102,130,69,44,64,18,79,51,20,123"/><V19/><F113/><W29/><G123/><T67/><D38/><U95/><E129/><V128/><F128/><W125/><G2/><T65/><D131/><U3/><E3/><V105/><F126/><W49/><G130/><T4/><D134/><U78/><E34/><V91/><F76/><W90/><G125/><T13/><D31/><U108/><REACH who="1" step="1"/><E27/><REACH who="1" ten="218,297,329,146" step="2"/><V127/><F127/><W12/><G39/><T103/><D35/><U124/><E124/><V107/><F94/><W89/><G29/><T43/><D14/><U61/><E61/><V60/><REACH who="2" step="1"/><F19/><REACH who="2" ten="218,297,319,146" step="2"/><W80/><G18/><T117/><D92/><U63/><E63/><V119/><F119/><W135/><G135/><T28/><D117/><U21/><E21/><V122/><F122/><W132/><G20/><T30/><D30/><U114/><E114/><V99/><F99/><W112/><G112/><T82/><D28/><U57/><E57/><V5/><F5/><W120/><G132/><T48/><D96/><U121/><E121/><V74/><F74/><W24/><G120/><T33/><D59/><U72/><E72/><V75/><F75/><W104/><G104/><T118/><D4/><U16/><E16/><V23/><F23/><W111/><G111/><T73/><D118/><U41/><E41/><V62/><F62/><W46/><G80/><AGARI ba="0,2" hai="9,10,50,52,56,78,80,84,95,98,100,108,109,110" machi="80" ten="40,5200,0" yaku="1,1,14,1,54,1,53,0" doraHai="66" doraHaiUra="15" who="1" fromWho="3" sc="218,0,297,72,319,0,146,-52" /><INIT seed="3,0,0,2,4,73" ten="218,369,319,94" oya="3" hai0="22,35,8,44,58,82,83,126,43,9,117,24,42" hai1="116,90,130,33,28,46,118,114,115,100,41,84,121" hai2="29,15,0,86,47,37,93,79,26,49,19,32,76" hai3="105,2,10,36,4,23,107,77,89,123,57,99,69"/><W68/><G123/><T98/><D117/><N who="1" m="45163" /><E121/><V67/><F37/><W17/><G36/><T53/><D35/><U80/><E130/><V111/><F111/><W120/><G120/><T108/><D108/><U59/><E100/><V7/><F67/><W112/><G112/><T50/><D126/><U61/><E28/><V12/><F12/><W70/><G77/><T101/><D43/><U25/><E25/><V1/><F1/><W64/><G89/><T92/><D9/><U62/><E33/><V40/><F93/><W78/><G78/><T131/><D8/><U135/><E135/><V87/><F87/><W20/><G99/><T103/><D103/><U102/><E102/><V109/><F86/><W96/><G96/><T91/><D101/><U72/><E72/><V39/><F39/><W134/><G134/><T127/><D127/><U71/><E71/><V34/><F34/><W45/><G45/><T106/><D106/><U31/><E31/><V74/><F74/><W30/><G30/><N who="0" m="17687" /><D131/><U104/><E104/><V124/><F109/><W95/><G95/><T6/><D6/><U18/><E115/><V128/><F128/><W11/><G11/><T52/><D42/><U119/><E114/><V81/><F124/><W129/><G129/><T55/><D55/><U3/><E119/><V125/><F81/><W97/><G97/><T38/><D38/><U133/><E133/><V5/><F125/><W63/><REACH who="3" step="1"/><G23/><REACH who="3" ten="218,369,319,84" step="2"/><T66/><D66/><N who="1" m="39231" /><E90/><V21/><F7/><W16/><G16/><T113/><D113/><U65/><E65/><V132/><F132/><W94/><G94/><RYUUKYOKU ba="0,1" sc="218,10,369,-30,319,10,84,10" hai0="44,50,52,53,58,82,83,91,92,98" hai2="0,5,15,19,21,26,29,32,40,47,49,76,79" hai3="2,4,10,17,20,57,63,64,68,69,70,105,107" /><INIT seed="3,1,1,0,3,73" ten="228,339,329,94" oya="3" hai0="105,99,96,76,102,66,109,44,27,36,51,100,107" hai1="120,101,8,20,108,43,62,121,59,87,7,113,72" hai2="111,30,98,18,2,19,23,104,4,24,39,64,115" hai3="40,119,38,86,89,97,34,95,53,79,134,49,65"/><W28/><G119/><T14/><D109/><U70/><E72/><V130/><F111/><W15/><G134/><T21/><D36/><U106/><E70/><V37/><F115/><W6/><G38/><T17/><D66/><U74/><E74/><V22/><F130/><W26/><G65/><T94/><D94/><U127/><E108/><V83/><F30/><W55/><G40/><T5/><D76/><U60/><E113/><V85/><F64/><W42/><G42/><T126/><D126/><U93/><E106/><V52/><F4/><W9/><REACH who="3" step="1"/><G49/><REACH who="3" ten="228,339,329,84" step="2"/><T32/><D32/><U25/><E43/><V132/><F39/><W47/><G47/><T117/><D117/><U68/><E68/><V29/><F37/><W84/><G84/><T118/><D118/><U90/><E59/><V41/><F85/><W88/><G88/><T122/><D122/><U77/><E90/><V35/><F41/><W71/><G71/><T16/><D44/><U31/><E87/><V13/><F35/><W48/><G48/><T54/><D51/><U11/><E60/><V3/><F132/><W46/><G46/><T103/><D54/><U124/><E62/><V78/><F52/><W1/><G1/><T58/><D58/><U80/><E121/><V12/><F2/><W45/><G45/><T123/><D123/><U63/><E120/><V92/><F3/><W110/><G110/><T0/><D0/><U81/><E63/><V50/><F50/><W56/><G56/><T82/><D103/><U131/><E127/><V91/><F91/><W129/><G129/><T112/><D102/><RYUUKYOKU ba="1,2" sc="228,-10,339,-10,329,-10,84,30" hai3="6,9,15,26,28,34,53,55,79,86,89,95,97" /><INIT seed="3,2,2,5,3,107" ten="218,329,319,114" oya="3" hai0="66,114,40,79,23,131,95,67,76,60,2,124,49" hai1="117,103,5,57,15,27,55,130,29,14,96,42,0" hai2="46,105,62,112,44,1,68,81,13,97,54,43,7" hai3="121,38,116,16,86,108,75,65,73,88,120,83,93"/><W8/><G38/><T19/><D2/><U17/><E130/><V99/><F1/><W50/><G65/><T31/><D131/><U37/><E117/><V132/><F112/><W12/><G116/><T25/><D114/><U3/><E42/><V47/><F132/><W98/><G108/><T77/><D124/><U32/><E37/><V51/><F81/><W4/><G4/><T59/><D67/><U39/><E39/><V41/><F68/><W24/><G24/><T72/><D72/><U104/><E5/><V33/><F33/><W45/><G120/><T10/><D95/><U30/><E30/><V64/><F64/><W82/><G82/><T6/><D6/><U21/><REACH who="1" step="1"/><E14/><REACH who="1" ten="218,319,319,114" step="2"/><V126/><F43/><W78/><G121/><T80/><D40/><AGARI ba="2,3" hai="8,12,16,40,45,50,73,75,78,83,86,88,93,98" machi="40" ten="30,12000,1" yaku="7,1,52,2,54,2" doraHai="107" who="3" fromWho="0" sc="218,-126,319,0,319,0,114,156" /><INIT seed="3,3,0,5,5,0" ten="92,319,319,270" oya="3" hai0="51,122,8,14,98,34,23,28,47,108,35,70,41" hai1="2,83,117,60,30,50,38,89,96,36,29,79,12" hai2="67,120,58,4,113,46,112,64,1,42,69,85,27" hai3="76,128,97,109,91,82,78,101,107,7,74,114,116"/><W121/><G121/><T65/><D122/><U71/><E2/><V11/><F120/><W26/><G116/><T129/><D108/><U53/><E117/><V92/><F69/><W9/><G114/><T48/><D129/><U118/><E118/><V61/><F67/><W106/><G128/><T10/><D70/><U13/><E60/><V24/><F24/><W57/><G109/><T39/><D65/><U33/><E71/><V59/><F59/><W6/><G78/><T44/><D98/><U3/><E3/><V15/><F1/><W94/><G9/><T103/><D103/><U104/><E33/><V126/><F27/><W37/><G37/><T63/><D63/><U72/><E13/><V87/><F126/><W88/><G91/><T111/><D111/><U31/><E12/><V56/><F56/><W66/><G26/><T54/><D39/><U100/><REACH who="1" step="1"/><E89/><REACH who="1" ten="92,309,319,270" step="2"/><V73/><F113/><W132/><G132/><T43/><D35/><U135/><E135/><V110/><F112/><W45/><G45/><AGARI ba="3,1" hai="29,30,31,36,38,45,50,53,72,79,83,96,100,104" machi="45" ten="40,2600,0" yaku="1,1,53,1" doraHai="0" doraHaiUra="102" who="1" fromWho="3" sc="92,0,309,45,319,0,270,-35" /><INIT seed="4,0,0,5,3,127" ten="92,354,319,235" oya="0" hai0="95,129,111,21,125,57,15,20,120,68,29,130,83" hai1="115,33,22,63,35,7,40,65,103,110,62,132,0" hai2="118,73,19,75,24,81,59,77,27,36,30,101,92" hai3="107,37,58,100,32,14,102,121,91,78,99,48,13"/><T54/><D120/><U17/><E110/><V104/><F104/><W12/><G37/><T109/><D68/><U46/><E132/><V67/><F36/><W123/><G32/><T47/><D125/><U53/><E53/><V108/><F108/><N who="0" m="41546" /><D47/><U124/><E124/><V16/><F75/><W39/><G39/><T79/><D95/><U56/><E63/><V11/><F11/><W28/><G28/><T66/><D66/><U38/><E115/><V51/><F27/><W105/><G78/><T43/><D43/><U106/><E7/><V23/><F118/><W87/><G48/><N who="0" m="30919" /><D29/><U42/><E0/><V45/><F59/><W1/><G1/><T71/><D71/><U114/><E42/><V41/><REACH who="2" step="1"/><F67/><REACH who="2" ten="92,354,309,235" step="2"/><W117/><G58/><T72/><D15/><U126/><E126/><V70/><F70/><W50/><G117/><T131/><AGARI ba="0,1" hai="20,21,72,79,83,129,130,131" m="30919,41546" machi="131" ten="40,12000,1" yaku="19,1,10,1,52,3" doraHai="127" who="0" fromWho="0" sc="92,130,354,-40,309,-40,235,-40" /><INIT seed="4,1,0,5,0,73" ten="222,314,269,195" oya="0" hai0="29,134,102,83,124,110,36,8,33,16,119,43,81" hai1="9,96,39,48,116,57,85,107,65,46,104,130,44" hai2="19,121,56,21,49,25,37,69,68,32,87,26,31" hai3="74,131,1,126,7,132,86,103,123,14,109,10,30"/><T58/><D119/><U12/><E116/><V24/><F37/><W98/><G74/><T112/><D112/><U41/><E130/><V122/><F69/><W11/><G109/><T117/><D117/><U0/><E0/><V89/><F68/><W99/><G131/><T5/><D110/><U127/><E127/><V66/><F25/><W77/><G126/><T111/><D111/><U38/><E38/><V3/><F3/><W61/><G132/><T94/><D124/><U95/><E85/><V70/><F70/><W59/><G30/><T20/><D134/><U64/><E57/><V106/><F106/><W6/><G123/><T71/><D71/><U93/><E64/><V97/><F97/><W63/><G103/><T92/><D33/><U34/><E65/><V101/><F101/><W13/><G1/><T125/><D29/><U133/><E34/><V79/><F79/><W129/><G129/><T115/><D115/><U35/><E35/><V47/><F56/><W15/><G15/><N who="0" m="5519" /><D125/><U135/><E135/><V105/><F66/><W84/><G59/><T62/><D43/><U72/><E72/><V100/><F105/><W54/><G54/><N who="0" m="34135" /><D36/><U82/><E133/><V23/><F32/><W18/><G18/><T28/><D28/><U55/><E107/><V78/><F100/><W80/><G80/><N who="0" m="30795" /><D102/><N who="1" m="62535" /><E82/><V76/><F121/><W4/><G4/><T51/><D51/><N who="1" m="29175" /><E39/><V22/><F122/><W108/><G108/><T60/><D60/><U75/><E75/><V88/><F31/><W40/><G40/><T91/><D91/><U45/><E45/><V118/><F47/><RYUUKYOKU ba="1,0" sc="222,10,314,10,269,-30,195,10" hai0="16,20,92,94" hai1="9,12,41,44,48,93,95" hai3="6,7,10,11,13,14,61,63,77,84,86,98,99" /><INIT seed="4,2,0,5,0,95" ten="232,324,239,205" oya="0" hai0="125,34,31,62,77,3,119,127,25,111,50,131,40" hai1="123,19,35,121,133,110,47,97,56,14,12,27,102" hai2="134,105,72,74,92,10,71,45,130,38,36,89,87" hai3="0,13,69,118,1,5,23,61,37,117,78,21,101"/><T11/><D119/><N who="3" m="45577" /><G101/><T65/><D77/><U132/><E110/><V18/><F105/><W86/><G86/><T96/><D111/><U16/><E47/><V28/><F28/><W83/><G83/><T59/><D131/><U63/><E35/><V100/><F130/><W57/><G57/><T66/><D66/><N who="1" m="39271" /><E27/><V93/><F71/><W49/><G49/><T2/><D11/><U48/><E48/><V39/><F134/><N who="1" m="51817" /><E14/><V29/><F29/><W120/><G61/><T51/><D40/><U108/><E108/><V94/><F45/><W17/><G78/><T76/><D76/><U32/><E32/><V60/><F60/><W9/><G69/><T22/><D34/><U42/><E42/><V68/><F68/><W116/><G37/><T6/><D3/><N who="3" m="1097" /><G120/><N who="1" m="46154" /><E12/><V88/><F100/><W43/><G43/><T135/><D135/><U53/><E53/><V104/><F104/><AGARI ba="2,0" hai="16,19,97,102,104" m="46154,51817,39271" machi="104" ten="30,3900,0" yaku="20,1,52,1,54,1" doraHai="95" who="1" fromWho="2" sc="232,0,324,45,239,-45,205,0" /><INIT seed="5,0,0,3,2,78" ten="232,369,194,205" oya="1" hai0="23,11,47,61,129,57,86,98,15,19,50,107,37" hai1="27,82,12,42,100,120,55,114,72,51,53,128,112" hai2="33,89,69,29,117,102,20,36,43,76,93,32,118" hai3="58,6,28,101,10,96,92,31,3,64,125,65,4"/><U40/><E120/><V70/><F102/><W87/><G125/><T85/><D37/><U34/><E100/><V124/><F124/><W79/><G6/><T56/><D107/><U90/><E34/><V103/><F103/><W110/><G110/><T38/><D38/><U41/><E27/><V77/><F36/><W2/><G2/><T25/><D98/><U134/><E134/><V68/><F43/><W66/><REACH who="3" step="1"/><G58/><REACH who="3" ten="232,369,194,195" step="2"/><T48/><D57/><U1/><E1/><V24/><F117/><W16/><G16/><T88/><D56/><U14/><E128/><V127/><F118/><W62/><G62/><T111/><D129/><U17/><E17/><V104/><F127/><W45/><G45/><T54/><D111/><U74/><E114/><V5/><F5/><W60/><G60/><T9/><D61/><U44/><E112/><V115/><F115/><W75/><G75/><T121/><D19/><U132/><E74/><V63/><F63/><W81/><AGARI ba="0,1" hai="3,4,10,28,31,64,65,66,79,81,87,92,96,101" machi="81" ten="30,7900,0" yaku="1,1,0,1,52,1,53,1" doraHai="78" doraHaiUra="83" who="3" fromWho="3" sc="232,-20,369,-39,194,-20,195,89" /><INIT seed="6,0,0,0,4,15" ten="212,330,174,284" oya="2" hai0="119,129,127,75,79,76,26,72,28,96,35,109,62" hai1="9,102,83,99,98,90,89,85,121,111,50,20,80" hai2="125,44,84,7,36,34,91,94,24,52,67,53,104" hai3="118,114,107,10,122,120,77,61,58,19,117,16,51"/><V108/><F104/><W103/><G77/><T59/><D109/><U71/><E71/><V60/><F108/><W110/><G110/><T56/><D127/><U66/><E66/><V31/><F125/><W95/><G107/><T82/><D129/><U113/><E111/><V134/><F134/><W100/><G114/><T22/><D119/><U73/><E113/><V123/><F123/><W39/><G39/><T63/><D35/><U38/><E38/><V11/><F36/><W74/><G74/><T64/><D96/><U46/><E121/><V21/><F44/><W45/><G10/><T112/><D112/><U128/><E128/><V43/><F43/><N who="3" m="25023" /><G122/><T4/><D4/><U68/><E68/><V131/><F131/><W81/><G81/><T0/><D0/><U6/><E20/><V115/><F34/><W1/><G1/><T133/><D133/><U18/><E73/><V13/><REACH who="2" step="1"/><F115/><REACH who="2" ten="212,330,164,284" step="2"/><W54/><G120/><T8/><D8/><U105/><E105/><V87/><F87/><W2/><G117/><T41/><D75/><U70/><E85/><V93/><F93/><W97/><G118/><T101/><D72/><U33/><E33/><V12/><F12/><W32/><G2/><T130/><D41/><U106/><E106/><V42/><F42/><W27/><G32/><T5/><D130/><U40/><E40/><V69/><AGARI ba="0,1" hai="7,11,13,21,24,31,52,53,60,67,69,84,91,94" machi="69" ten="20,7800,0" yaku="1,1,0,1,7,1,54,1,53,0" doraHai="15" doraHaiUra="78" who="2" fromWho="2" sc="212,-26,330,-26,164,88,284,-26" /><INIT seed="6,1,0,0,5,80" ten="186,304,252,258" oya="2" hai0="106,81,11,37,33,73,91,49,119,74,36,118,20" hai1="64,89,100,94,71,15,0,48,85,127,108,27,38" hai2="117,3,40,131,60,113,128,120,63,13,5,96,124" hai3="125,75,102,56,103,90,93,41,105,76,70,50,98"/><V23/><F120/><W9/><G70/><T78/><D33/><U34/><E0/><V69/><F117/><N who="0" m="44554" /><D106/><U130/><E38/><V97/><F113/><W54/><G125/><T111/><D111/><U115/><E108/><V28/><F3/><W2/><G41/><T39/><D74/><U53/><E115/><V87/><F124/><W122/><G122/><T82/><D11/><U12/><E127/><V6/><F40/><W129/><G129/><N who="2" m="49737" /><F28/><W99/><G75/><T14/><D49/><U66/><E100/><V104/><F104/><W24/><G76/><T46/><D46/><U51/><E71/><V132/><F132/><W77/><G77/><T58/><D58/><U22/><E34/><V52/><F63/><W112/><G112/><T45/><D45/><N who="1" m="27791" /><E51/><V110/><F110/><W17/><G2/><T121/><D121/><U133/><E133/><V7/><F69/><W35/><G35/><T25/><D14/><N who="1" m="5163" /><E130/><V61/><F61/><W126/><G126/><T19/><D39/><U67/><E67/><V1/><F1/><W135/><G135/><T123/><D123/><U18/><AGARI ba="1,0" hai="18,22,27,64,66,85,89,94" m="5163,27791" machi="18" ten="30,2000,0" yaku="8,1,52,1" doraHai="80" who="1" fromWho="1" sc="186,-6,304,23,252,-11,258,-6" /><INIT seed="7,0,0,2,2,110" ten="180,327,241,252" oya="3" hai0="36,10,118,133,99,105,115,112,85,6,78,117,0" hai1="47,40,106,5,81,54,26,9,74,50,33,69,135" hai2="82,123,58,65,94,22,28,59,31,52,75,4,43" hai3="92,102,48,61,51,88,13,64,91,119,18,83,125"/><W16/><G125/><T70/><D70/><U35/><E106/><V109/><F109/><W116/><G116/><T67/><D67/><U114/><E69/><V95/><F123/><W77/><G102/><N who="0" m="62687" /><D36/><N who="1" m="21895" /><E114/><N who="0" m="43561" /><D133/><U32/><E135/><V87/><F75/><W55/><G119/><N who="0" m="45579" /><D85/><U127/><E127/><V1/><F43/><W121/><G121/><T42/><D42/><U84/><E84/><V113/><F113/><W2/><G2/><T62/><D62/><U46/><E74/><V100/><F1/><W97/><G64/><T90/><D90/><U122/><E122/><V27/><F4/><W126/><G126/><T57/><D57/><U14/><E5/><V129/><F59/><N who="3" m="35071" /><G77/><AGARI ba="0,0" hai="0,6,10,77,78" m="45579,43561,62687" machi="77" ten="30,8000,1" yaku="15,1,11,1,52,3" doraHai="110" who="0" fromWho="3" sc="180,80,327,0,241,0,252,-80" owari="260,6.0,327,43.0,241,-16.0,172,-33.0" /></mjloggm>