<mjloggm ver="2.3"><GO type="225" lobby="0"/><UN n0="%E3%82%A6%E3%83%AB%E3%83%88%E3%83%A9%E7%AB%8B%E7%9B%B4" n1="%E6%9C%80%E5%BC%B7%E6%9C%80%E5%BE%8C" n2="%E3%83%AD%E3%83%9C%E3%82%B3%E3%83%97" n3="%E7%89%8C%E5%AD%90" dan="17,16,17,16" rate="2121.22,2081.76,2125.64,2169.84" sx="M,M,M,F"/><TAIKYOKU oya="0"/><INIT seed="0,0,0,3,3,111" ten="250,250,250,250" oya="0" hai0="135,43,132,82,32,98,52,99,73,123,89,77,11" hai1="31,127,126,120,41,17,86,108,63,15,37,50,70" hai2="67,58,94,16,131,22,71,125,14,2,7,30,9" hai3="26,129,92,101,124,64,113,59,4,12,56,57,100"/><T72/><D32/><U78/><E108/><V3/><F71/><W53/><G129/><T25/><D43/><U96/><E37/><V109/><F109/><W40/><G124/><N who="1" m="47658" /><E31/><V102/><F125/><W87/><G40/><T85/><D25/><U112/><E96/><N who="0" m="36905" /><D11/><U61/><E70/><V80/><F102/><W76/><G26/><T116/><D52/><U20/><E120/><V114/><F94/><W36/><G36/><T42/><D42/><U18/><E112/><V122/><F122/><W66/><G113/><T74/><D123/><U117/><E117/><V8/><F114/><W10/><G53/><T133/><D116/><U5/><E5/><V91/><F30/><W55/><G55/><T19/><D19/><U21/><E50/><V106/><F106/><W110/><G110/><T104/><D104/><U48/><E48/><V118/><F118/><W115/><G115/><T121/><D121/><U13/><E41/><V105/><F105/><W51/><G51/><T95/><AGARI ba="0,0" hai="72,73,74,77,82,85,89,95,132,133,135" m="36905" machi="95" ten="40,7800,0" yaku="20,1,34,2" doraHai="111" who="0" fromWho="0" sc="250,78,250,-26,250,-26,250,-26" /><INIT seed="0,1,0,2,1,39" ten="328,224,224,224" oya="0" hai0="11,116,41,124,104,30,79,87,98,51,20,120,35" hai1="14,57,13,83,72,89,38,37,5,55,45,21,84" hai2="75,85,82,118,9,36,65,95,73,77,64,101,117" hai3="53,2,69,78,15,90,68,119,42,26,91,54,106"/><T48/><D35/><U18/><E72/><V17/><F36/><W47/><G2/><T131/><D104/><U93/><E5/><V28/><F28/><W86/><G106/><T52/><D116/><N who="2" m="44650" /><F101/><W31/><G78/><T103/><D120/><U96/><E45/><V44/><F44/><W126/><G119/><T34/><D34/><U70/><E70/><V88/><F75/><W115/><G115/><T25/><D131/><U109/><E109/><V3/><F17/><W94/><G90/><T135/><D135/><U10/><E10/><V1/><F9/><W128/><G128/><T100/><D98/><U49/><REACH who="1" step="1"/><E13/><REACH who="1" ten="328,214,224,224" step="2"/><V46/><F46/><W19/><G69/><T99/><D11/><U0/><E0/><AGARI ba="1,1" hai="0,1,3,64,65,73,77,82,85,88,95" m="44650" machi="0" ten="30,2000,0" yaku="12,1,54,1" doraHai="39" who="2" fromWho="1" sc="328,0,214,-23,224,33,224,0" /><INIT seed="1,0,0,1,1,100" ten="328,191,257,224" oya="1" hai0="50,7,119,118,94,101,54,13,24,55,103,0,41" hai1="18,128,135,44,67,58,96,6,62,23,79,53,10" hai2="63,46,68,75,106,93,34,82,116,130,124,3,47" hai3="33,15,84,90,108,11,59,19,60,2,95,45,27"/><U123/><E128/><V43/><F116/><W72/><G108/><T121/><D0/><U122/><E135/><V16/><F34/><W134/><G134/><T77/><D41/><U126/><E126/><V70/><F3/><W40/><G72/><T98/><D121/><U74/><E96/><V22/><F106/><W30/><G2/><T105/><D77/><U117/><E117/><V5/><F5/><W83/><G95/><T32/><D103/><U114/><E114/><V131/><F93/><W21/><G33/><T28/><D94/><U129/><E129/><V104/><F104/><W31/><G31/><T37/><D37/><U80/><E44/><V81/><F124/><W113/><G113/><T115/><D115/><U73/><E67/><V102/><F102/><W20/><G20/><T17/><D7/><U71/><E71/><V92/><F70/><W69/><G69/><T57/><D55/><U132/><E73/><V91/><F75/><W76/><G90/><T9/><AGARI ba="0,0" hai="9,13,17,24,28,32,50,54,57,98,101,105,118,119" machi="9" ten="20,2700,0" yaku="0,1,7,1,52,1" doraHai="100" who="0" fromWho="0" sc="328,27,191,-13,257,-7,224,-7" /><INIT seed="2,0,0,1,0,2" ten="355,178,250,217" oya="2" hai0="98,131,5,52,134,58,62,79,0,66,89,45,78" hai1="110,53,128,24,133,126,25,80,21,119,55,116,109" hai2="44,82,101,22,33,86,99,37,11,23,135,65,117" hai3="29,76,105,30,121,13,7,19,94,71,31,113,88"/><V125/><F117/><N who="1" m="45129" /><E80/><V106/><F33/><W114/><G121/><T32/><D32/><U75/><E75/><V69/><F11/><N who="3" m="4351" /><G71/><T91/><D131/><U12/><E55/><V68/><F125/><W43/><G105/><T73/><D134/><U1/><E53/><V10/><F10/><W9/><G76/><T100/><D5/><U132/><E1/><V97/><F97/><N who="3" m="57543" /><G43/><T64/><D0/><U107/><E107/><V8/><F8/><W47/><G47/><T123/><D45/><U103/><E103/><V122/><F122/><W74/><G74/><T57/><D79/><U85/><E85/><V41/><F86/><W67/><G67/><T93/><D66/><U38/><E38/><V49/><F68/><W90/><G90/><T14/><D78/><U59/><E59/><V102/><F69/><W40/><G40/><T84/><D84/><U35/><E126/><V127/><F65/><W4/><G19/><T39/><D73/><U48/><E48/><V46/><F127/><W28/><G28/><T130/><D39/><U27/><E128/><V124/><F124/><W34/><G34/><T60/><D130/><U42/><E42/><V50/><F37/><W108/><G108/><N who="1" m="41578" /><E35/><V112/><F41/><W18/><G4/><T96/><D123/><U77/><E77/><V3/><F106/><W36/><G36/><T120/><D120/><U72/><E72/><V129/><F129/><W20/><G9/><T51/><D98/><U63/><E63/><V17/><F99/><W92/><G92/><T54/><D93/><U56/><E56/><N who="0" m="21609" /><D96/><U104/><E104/><RYUUKYOKU ba="0,0" sc="355,-15,178,15,250,-15,217,15" hai1="12,21,24,25,27,132,133" hai3="18,20,29,30,31,113,114" /><INIT seed="3,1,0,5,4,13" ten="340,193,235,232" oya="3" hai0="20,2,84,50,36,131,110,23,117,45,39,61,19" hai1="10,27,129,102,101,112,88,5,59,133,93,56,78" hai2="44,25,37,71,103,52,107,18,75,100,119,91,34" hai3="24,40,4,99,86,115,81,70,118,108,134,3,14"/><W124/><G118/><T6/><D110/><U73/><E112/><V68/><F75/><W89/><G115/><T54/><D131/><U121/><E129/><V74/><F74/><W43/><G70/><T82/><D2/><U28/><E133/><V135/><F119/><W114/><G114/><T7/><D39/><U33/><E121/><V96/><F103/><W77/><G134/><T49/><D36/><U17/><E78/><V21/><F135/><W58/><G3/><T83/><D61/><U1/><E73/><V8/><F34/><W29/><G108/><T127/><D127/><U11/><E102/><V92/><F8/><N who="3" m="4359" /><G124/><T15/><D117/><U120/><E101/><V60/><F37/><W48/><G24/><T132/><D132/><U42/><E42/><V63/><F63/><W46/><G29/><T111/><D111/><U41/><E41/><V109/><F109/><W116/><G116/><T85/><D23/><U35/><E35/><V105/><F105/><W122/><G122/><T31/><D50/><U130/><E130/><V125/><F125/><W9/><G9/><T26/><D26/><U69/><E69/><V79/><F79/><W12/><G12/><T126/><D31/><U66/><E120/><V22/><F22/><W51/><G58/><T16/><D20/><U104/><E104/><V47/><F71/><W38/><G43/><T97/><D15/><N who="1" m="7423" /><E66/><V106/><F106/><W57/><G57/><T62/><D126/><U95/><E95/><V65/><F52/><W113/><G113/><T0/><D54/><U64/><E64/><V87/><AGARI ba="1,0" hai="18,21,25,44,47,60,65,68,87,91,92,96,100,107" machi="87" ten="20,5200,0" yaku="5,1,0,1,7,1,52,1" doraHai="13" who="2" fromWho="2" sc="340,-14,193,-14,235,55,232,-27" owari="326,42.0,179,-32.0,290,9.0,205,-19.0" /></mjloggm>