<mjloggm ver="2.3"><GO type="169" lobby="0"/><UN n0="%74%61%6B%65%2D%79%6F%75" n1="%E8%B6%85%E4%BA%BA%EF%BC%AD" n2="%E3%81%99%E3%81%84%E3%81%93%E3%81%BF" n3="%E5%B0%B1%E6%B4%BB%E7%94%9F%40%E5%B7%9D%E6%9D%91%E8%BB%8D%E5%9B%A3" dan="16,16,16,18" rate="2091.01,2146.19,2126.82,2238.51" sx="F,M,F,M"/><TAIKYOKU oya="0"/><INIT seed="0,0,0,0,2,74" ten="250,250,250,250" oya="0" hai0="67,58,22,80,62,0,89,115,32,11,25,124,104" hai1="31,15,84,78,70,132,65,17,86,101,111,135,109" hai2="60,54,120,106,35,63,19,112,59,118,117,51,131" hai3="122,28,5,33,123,75,81,29,55,95,40,87,36"/><T83/><D115/><U71/><E101/><V26/><F112/><W85/><G36/><T96/><D32/><U102/><E31/><V92/><F120/><W7/><G40/><T100/><D124/><U127/><E102/><V34/><F106/><W61/><G95/><T18/><REACH who="0" step="1"/><D89/><REACH who="0" ten="240,250,250,250" step="2"/><U37/><E127/><V128/><F117/><W68/><G33/><T3/><D3/><U23/><E37/><V114/><F118/><W91/><G91/><T44/><D44/><U57/><E132/><V99/><F114/><W105/><G122/><T133/><D133/><U49/><E135/><V77/><F35/><W88/><G123/><T121/><D121/><U79/><E71/><V20/><F34/><W76/><G105/><T64/><D64/><U119/><E70/><V134/><F134/><W47/><G68/><T42/><D42/><U46/><E119/><V82/><F131/><W6/><G47/><T56/><D56/><U10/><E57/><V129/><F128/><W90/><G55/><T27/><D27/><N who="1" m="14831" /><E65/><V45/><F129/><W14/><G90/><T110/><D110/><U13/><E111/><V4/><F59/><W1/><G88/><T107/><D107/><U125/><E109/><V9/><F92/><W41/><G1/><T69/><D69/><U50/><E125/><V43/><F43/><W30/><G41/><T48/><D48/><N who="1" m="18539" /><E46/><V113/><F113/><W38/><G38/><T66/><D66/><U2/><E2/><V108/><F108/><W73/><G14/><T130/><D130/><U53/><E53/><V21/><F54/><W93/><G61/><RYUUKYOKU ba="0,1" sc="240,15,250,-15,250,-15,250,15" hai0="0,11,18,22,25,58,62,67,80,83,96,100,104" hai3="5,6,7,28,29,30,73,75,76,81,85,87,93" /><INIT seed="0,1,1,3,2,38" ten="255,235,235,265" oya="0" hai0="116,28,114,55,86,72,63,83,85,100,18,107,2" hai1="130,65,99,102,127,10,39,68,30,126,50,110,6" hai2="24,29,11,93,33,48,134,104,108,124,112,87,122" hai3="13,42,37,57,73,106,0,111,95,91,3,47,82"/><T84/><D114/><U77/><E39/><V45/><F112/><W81/><G106/><T1/><D116/><U21/><E77/><V101/><F122/><W43/><G111/><T25/><D72/><U135/><E110/><V119/><F108/><W80/><G73/><T12/><D107/><U35/><E135/><V79/><F124/><N who="1" m="47657" /><E35/><V54/><F134/><W128/><G128/><T115/><D100/><U58/><E68/><V76/><F119/><W20/><G57/><T133/><D115/><U40/><E130/><V53/><F11/><W132/><G132/><T60/><D1/><N who="1" m="335" /><E30/><V103/><F104/><W129/><G129/><T19/><D2/><U31/><E31/><V121/><F121/><W123/><G123/><T14/><D83/><U113/><E21/><V9/><F9/><W89/><G89/><T62/><D55/><U15/><E15/><N who="0" m="5673" /><D133/><U69/><E69/><V4/><F4/><W109/><G109/><T90/><D90/><U98/><E102/><V49/><F103/><W34/><G34/><T92/><D92/><U32/><E32/><V97/><F87/><W8/><G20/><T78/><D78/><U17/><E17/><N who="0" m="6153" /><D28/><U125/><E113/><V70/><F70/><W52/><G3/><T61/><N who="0" m="15360" /><DORA hai="23" /><T59/><D59/><AGARI ba="1,1" hai="24,29,33,45,48,49,53,54,59,76,79,93,97,101" machi="59" ten="30,2000,0" yaku="7,1,52,1" doraHai="38,23" who="2" fromWho="0" sc="255,-23,235,0,235,33,265,0" /><INIT seed="1,0,0,1,3,104" ten="232,235,268,265" oya="1" hai0="14,88,12,49,103,75,59,56,15,6,71,112,132" hai1="48,11,17,54,46,31,4,43,57,114,16,129,37" hai2="83,55,41,126,27,74,79,35,130,33,62,80,3" hai3="23,76,0,89,22,2,94,13,124,97,111,51,106"/><U61/><E114/><V96/><F130/><W85/><G124/><T121/><D71/><U73/><E129/><V60/><F126/><W128/><G128/><T70/><D70/><U95/><E31/><V52/><F3/><W50/><G111/><T19/><D112/><U21/><E95/><V99/><F41/><W25/><G22/><T100/><D6/><U69/><E73/><V102/><F27/><W92/><G106/><T127/><D75/><U5/><E5/><V107/><F96/><W7/><G2/><T58/><D127/><U108/><E21/><V98/><F98/><W63/><G63/><T64/><D132/><U9/><E9/><V93/><F83/><W66/><G66/><T72/><D72/><U109/><E69/><V29/><F29/><W91/><G0/><T131/><D121/><U78/><E78/><V134/><F134/><W77/><G13/><T34/><D34/><U113/><E37/><V122/><F122/><W67/><G67/><T24/><D64/><U123/><E123/><V53/><F107/><W68/><G68/><T90/><D49/><N who="3" m="18441" /><G7/><T36/><D36/><U86/><E86/><V20/><REACH who="2" step="1"/><F20/><REACH who="2" ten="232,235,258,265" step="2"/><W38/><G38/><T44/><D131/><U39/><E39/><V10/><F10/><W110/><G110/><N who="1" m="42602" /><E113/><V30/><F30/><AGARI ba="0,1" hai="23,25,30,76,77,85,89,91,92,94,97" m="18441" machi="30" ten="30,1000,0" yaku="8,1" doraHai="104" who="3" fromWho="2" sc="232,0,235,0,258,-10,265,20" /><INIT seed="2,0,0,2,1,13" ten="232,235,248,285" oya="2" hai0="31,14,1,30,39,23,43,17,119,55,19,80,65" hai1="61,108,97,126,85,36,75,52,18,94,89,40,33" hai2="98,28,73,24,11,83,90,53,96,48,58,118,46" hai3="62,27,107,74,7,101,95,87,6,84,0,22,56"/><V2/><F118/><W123/><G74/><T109/><D1/><U115/><E75/><V100/><F2/><W64/><G107/><T105/><D119/><U59/><E33/><V81/><F96/><N who="3" m="59551" /><G123/><T78/><D105/><U104/><E115/><V103/><F73/><W131/><G0/><T117/><D109/><U69/><E108/><V82/><F11/><W121/><G131/><T124/><D124/><U76/><E69/><V106/><F103/><W67/><G67/><T42/><D65/><U93/><E104/><V26/><F90/><W21/><G21/><T20/><D55/><U45/><E76/><V35/><F24/><W25/><G25/><T102/><D102/><U12/><E126/><V16/><REACH who="2" step="1"/><F46/><REACH who="2" ten="232,235,238,285" step="2"/><W66/><G121/><T60/><D117/><U44/><E44/><V116/><F116/><W113/><G113/><T50/><D78/><U41/><E45/><V110/><F110/><W125/><G125/><T111/><D111/><U37/><E37/><V79/><F79/><W51/><G7/><T77/><D39/><U38/><E38/><V114/><F114/><W68/><G6/><T5/><D5/><U49/><E36/><V10/><F10/><W133/><G27/><T54/><D77/><U8/><E49/><V34/><F34/><W130/><G51/><T3/><D50/><U72/><E72/><V120/><F120/><W122/><G122/><T86/><D3/><U135/><E135/><V132/><F132/><W70/><G133/><T29/><D86/><U15/><E15/><V91/><F91/><AGARI ba="0,1" hai="8,12,18,40,41,52,59,61,85,89,91,93,94,97" machi="91" ten="30,7700,0" yaku="7,1,8,1,52,1,54,1" doraHai="13" who="1" fromWho="2" sc="232,0,235,87,238,-77,285,0" /><INIT seed="3,0,0,4,4,11" ten="232,322,161,285" oya="3" hai0="21,50,112,58,124,15,122,16,82,94,3,69,106" hai1="41,63,54,117,123,99,134,51,32,95,111,13,48" hai2="129,93,9,44,55,118,104,132,56,34,108,131,33" hai3="19,27,4,127,60,70,83,114,97,71,116,35,28"/><W79/><G116/><T24/><D106/><U102/><E32/><V86/><F118/><W18/><G114/><T128/><D69/><U66/><E123/><V40/><F104/><W103/><G127/><T101/><D3/><U29/><E29/><V57/><F132/><W74/><G4/><T121/><D128/><U25/><E25/><V30/><F108/><W81/><G81/><T62/><D124/><U12/><E117/><V45/><F30/><W26/><G26/><T38/><D38/><U110/><E134/><V100/><F100/><W5/><G5/><T126/><D126/><U92/><E92/><V1/><F86/><W39/><G39/><T43/><D112/><U52/><E41/><V64/><F64/><W36/><G36/><T61/><D82/><U17/><E17/><V73/><F73/><W78/><G79/><T98/><D62/><U65/><E65/><V46/><F93/><W49/><G49/><T90/><D101/><U10/><E10/><V22/><F22/><W67/><REACH who="3" step="1"/><G71/><REACH who="3" ten="232,322,161,275" step="2"/><T8/><D50/><U14/><E51/><V135/><F135/><W20/><G20/><T68/><D68/><N who="1" m="42079" /><E48/><V7/><F34/><W37/><G37/><T133/><D133/><U119/><E119/><V84/><F33/><W23/><G23/><T42/><D121/><U76/><E76/><V89/><F131/><W125/><G125/><T72/><D122/><U91/><E102/><V109/><F129/><W75/><G75/><T120/><D72/><U59/><E59/><V53/><F57/><W85/><G85/><T130/><D120/><U2/><E2/><RYUUKYOKU ba="0,1" sc="232,-15,322,15,161,-15,275,15" hai1="12,13,14,52,54,91,95,99,110,111" hai3="18,19,27,28,35,60,67,70,74,78,83,97,103" /><INIT seed="3,1,1,0,5,76" ten="217,337,146,290" oya="3" hai0="13,9,58,12,26,16,50,111,116,134,10,102,118" hai1="81,54,34,7,135,96,122,52,38,95,44,124,88" hai2="24,107,21,72,36,127,32,33,45,4,75,125,63" hai3="17,40,71,82,49,113,46,69,0,35,11,112,27"/><W89/><G35/><T19/><D102/><U15/><E34/><V108/><F107/><W121/><G121/><T23/><D111/><U105/><E122/><V59/><F4/><W61/><G0/><T99/><D99/><U48/><E38/><V130/><F108/><W68/><G61/><T86/><D134/><U98/><E135/><V6/><F6/><W42/><G40/><T28/><D86/><N who="1" m="50255" /><E105/><V64/><F130/><W60/><G60/><T3/><D58/><U103/><E98/><V94/><F94/><W18/><G27/><T67/><D67/><U129/><E124/><N who="2" m="47691" /><F33/><W57/><G57/><T47/><REACH who="0" step="1"/><D3/><REACH who="0" ten="207,337,146,290" step="2"/><U65/><E65/><V30/><F32/><W53/><G112/><T79/><D79/><U126/><E126/><V117/><F117/><W1/><G113/><T109/><D109/><U20/><E129/><V22/><F21/><W133/><G1/><T39/><D39/><U90/><E103/><V120/><F120/><W55/><G133/><T56/><D56/><U92/><E20/><V114/><F114/><W29/><G69/><T97/><D97/><U110/><E110/><V70/><F59/><W115/><G71/><T85/><D85/><U80/><E96/><V25/><F36/><W101/><G68/><T62/><D62/><U31/><E90/><V8/><F64/><W84/><G84/><T66/><D66/><U83/><E44/><V104/><F70/><W106/><G89/><T77/><D77/><U93/><E48/><V5/><F104/><W51/><G49/><T128/><D128/><U74/><E74/><V131/><F75/><RYUUKYOKU ba="1,2" sc="207,30,337,-10,146,-10,290,-10" hai0="9,10,12,13,16,19,23,26,28,47,50,116,118" /><INIT seed="4,2,2,2,3,27" ten="237,327,136,280" oya="0" hai0="40,31,130,115,128,13,73,25,75,56,29,7,8" hai1="24,77,88,15,110,33,71,43,89,60,106,85,55" hai2="14,134,46,52,127,4,50,12,22,53,121,104,18" hai3="87,72,42,80,6,95,120,117,19,119,59,82,38"/><T34/><D40/><U32/><E106/><V28/><F121/><W101/><G72/><T65/><D115/><U61/><E110/><V44/><F104/><W78/><G6/><T51/><D65/><U86/><E43/><V64/><F134/><W133/><G133/><T41/><D41/><U37/><E37/><V58/><F127/><W23/><G120/><T76/><D76/><U10/><E77/><V17/><F4/><W49/><G38/><T102/><D102/><U68/><E15/><V129/><F64/><W93/><G101/><T109/><D109/><U126/><E10/><V3/><F3/><W113/><G113/><T111/><D111/><U103/><E24/><N who="2" m="16407" /><F129/><N who="0" m="49770" /><D31/><U100/><REACH who="1" step="1"/><E55/><AGARI ba="2,2" hai="7,8,13,25,29,34,51,55,56,73,75" m="49770" machi="55" ten="30,2900,0" yaku="19,1,52,1" doraHai="27" who="0" fromWho="1" sc="237,55,327,-35,136,0,280,0" /><INIT seed="4,3,0,1,1,102" ten="292,292,136,280" oya="0" hai0="70,27,32,78,20,134,12,63,46,54,61,83,76" hai1="127,21,130,47,90,103,50,81,124,5,34,99,105" hai2="36,110,57,87,92,133,16,101,80,51,125,26,73" hai3="69,98,114,91,42,108,39,96,74,117,3,6,2"/><T23/><D32/><U0/><E34/><V9/><F110/><W66/><G108/><T116/><D116/><U58/><E130/><V89/><F36/><W65/><G117/><T119/><D119/><U56/><E21/><V43/><F133/><W29/><G74/><T97/><D134/><U118/><E5/><V109/><F125/><N who="1" m="48201" /><E0/><V44/><F109/><W49/><G39/><T1/><D1/><U132/><E118/><V37/><F26/><W18/><G114/><T8/><D70/><U128/><E128/><V79/><F101/><W62/><G66/><T82/><D27/><U38/><E38/><V94/><F94/><W75/><G75/><T15/><D8/><U24/><E24/><V68/><F68/><W35/><G18/><T30/><D30/><U45/><E45/><V86/><F57/><W93/><G6/><T85/><D46/><U53/><E132/><V17/><F37/><W41/><G29/><T113/><D113/><U88/><E81/><V40/><F43/><W13/><G35/><T19/><D19/><N who="2" m="7242" /><F73/><W52/><G13/><T22/><D15/><U55/><E58/><V11/><AGARI ba="3,0" hai="9,11,40,44,51,79,80,86,87,89,92" m="7242" machi="11" ten="30,2000,0" yaku="8,1,54,1" doraHai="102" who="2" fromWho="2" sc="292,-13,292,-8,136,29,280,-8" /><INIT seed="5,0,0,4,0,80" ten="279,284,165,272" oya="1" hai0="85,71,75,134,22,8,23,67,90,135,33,102,98" hai1="21,61,41,110,3,11,64,129,113,9,119,65,30" hai2="125,50,59,60,5,99,72,92,66,105,103,51,10" hai3="35,34,81,108,115,55,49,18,54,79,73,114,14"/><U122/><E122/><V133/><F72/><W120/><G108/><T126/><D33/><U4/><E119/><V20/><F133/><W42/><G42/><T48/><D75/><U96/><E110/><V87/><F125/><W12/><G12/><T95/><D126/><U88/><E129/><V112/><F112/><N who="3" m="43051" /><G120/><T86/><D71/><U6/><E41/><V52/><F20/><N who="3" m="11351" /><G54/><T56/><D8/><N who="1" m="3147" /><E3/><V68/><F50/><W131/><G131/><T74/><D74/><U53/><E53/><V93/><REACH who="2" step="1"/><F87/><REACH who="2" ten="279,284,155,272" step="2"/><W57/><AGARI ba="0,1" hai="34,35,49,55,57,73,79,81" m="11351,43051" machi="57" ten="30,1100,0" yaku="15,1" doraHai="80" who="3" fromWho="3" sc="279,-3,284,-5,155,-3,272,21" /><INIT seed="6,0,0,1,0,62" ten="276,279,152,293" oya="2" hai0="65,78,85,133,43,23,115,89,109,13,119,132,113" hai1="12,32,92,95,21,106,80,101,135,49,38,51,28" hai2="88,114,68,125,121,33,19,100,122,16,31,50,39" hai3="35,57,54,117,27,97,7,129,8,87,111,44,59"/><V3/><F68/><W104/><G111/><T53/><D109/><U99/><E38/><V70/><F39/><W98/><G117/><T116/><D78/><U9/><E32/><V66/><F100/><W10/><G104/><T56/><D43/><U60/><E135/><N who="0" m="51785" /><D13/><U72/><E106/><V30/><F3/><W34/><G87/><T40/><D23/><U22/><E72/><V77/><F77/><W17/><G44/><T123/><D40/><U91/><E80/><V90/><F50/><N who="1" m="18953" /><E60/><V74/><F70/><W67/><G54/><T93/><D53/><U2/><E28/><V15/><F15/><W75/><G75/><T134/><D123/><U47/><E47/><V131/><F131/><W26/><G17/><T48/><D48/><U81/><E81/><V4/><F4/><W73/><G73/><T102/><D56/><U14/><E2/><V128/><F128/><W64/><G129/><T36/><D36/><U58/><E14/><V82/><F74/><W69/><G69/><T130/><D130/><U108/><E58/><V118/><F33/><W84/><REACH who="3" step="1"/><G84/><REACH who="3" ten="276,279,152,283" step="2"/><T29/><D134/><U86/><E108/><V76/><F122/><W20/><G20/><T1/><D85/><U112/><E112/><V0/><F114/><W46/><G46/><T94/><D115/><U71/><E71/><V55/><F121/><W126/><G126/><T110/><D113/><U96/><E86/><V37/><F125/><W5/><AGARI ba="0,1" hai="5,7,8,10,26,27,34,35,57,59,64,67,97,98" machi="5" ten="25,12000,2" yaku="1,1,0,1,22,2,52,2,53,0" doraHai="62" doraHaiUra="24" who="3" fromWho="3" sc="276,-30,279,-30,152,-60,283,130" /><INIT seed="7,0,0,1,2,42" ten="246,249,92,413" oya="3" hai0="75,94,49,30,7,128,28,134,99,97,95,53,96" hai1="130,67,81,105,91,25,78,83,9,82,123,12,4" hai2="48,17,32,50,102,58,56,46,116,39,16,5,132" hai3="54,90,104,98,21,70,120,108,135,115,10,92,65"/><W35/><G35/><T20/><D75/><U121/><E105/><V55/><F32/><W89/><G65/><T38/><D38/><U41/><E130/><V71/><F116/><W114/><G70/><T79/><D128/><U109/><E109/><V15/><F71/><W11/><G21/><T129/><D129/><U66/><E78/><V6/><F39/><W36/><G36/><T18/><D7/><U87/><E41/><V64/><F102/><W131/><G54/><T107/><D79/><U47/><E47/><N who="2" m="28063" /><F132/><W27/><G27/><N who="0" m="14743" /><D107/><U100/><E100/><V26/><F26/><W106/><G98/><T112/><D112/><U63/><E123/><V22/><F17/><W103/><G103/><T118/><D134/><U101/><E101/><V57/><F64/><N who="1" m="24617" /><E121/><V133/><F133/><W60/><G135/><T13/><D13/><U24/><E63/><V44/><F44/><W51/><G106/><T68/><D68/><U125/><E125/><V2/><F2/><W62/><G104/><T117/><D117/><U29/><E29/><N who="0" m="11369" /><D118/><U33/><E33/><V84/><F84/><W14/><G108/><T85/><D85/><U23/><E25/><V76/><F76/><W80/><G120/><T113/><D113/><U73/><E73/><V19/><F19/><W126/><G131/><T122/><D122/><U72/><E72/><V3/><F3/><W93/><G126/><T77/><D77/><U43/><E43/><AGARI ba="0,0" hai="5,6,15,16,22,43,46,50,56,57,58" m="28063" machi="43" ten="30,7700,0" yaku="8,1,52,2,54,1" doraHai="42" who="2" fromWho="1" sc="246,0,249,-77,92,77,413,0" owari="246,5.0,172,-23.0,169,-33.0,413,51.0" /></mjloggm>