<mjloggm ver="2.3"><GO type="169" lobby="0"/><UN n0="%73%68%61%74%69%61%6E%61" n1="%E3%81%AE%E3%81%86%E3%81%AA%E3%82%81%E3%82%8D%E3%82%93" n2="%E5%B0%B1%E6%B4%BB%E7%94%9F%40%E5%B7%9D%E6%9D%91%E8%BB%8D%E5%9B%A3" n3="%E3%81%AF%E3%81%8C%E3%81%AD%E3%81%AE%E3%81%8A%E3%81%AE" dan="17,16,18,17" rate="2164.80,2172.98,2222.27,2193.43" sx="F,M,M,F"/><TAIKYOKU oya="0"/><INIT seed="0,0,0,4,5,110" ten="250,250,250,250" oya="0" hai0="124,113,44,5,109,20,101,89,69,130,34,88,30" hai1="14,135,0,64,22,134,18,84,131,119,93,71,2" hai2="78,94,59,118,74,60,51,37,28,121,19,49,72" hai3="7,70,97,21,129,79,81,87,68,15,43,10,1"/><T31/><D69/><U82/><E119/><V53/><F37/><W90/><G129/><T46/><D34/><U41/><E131/><V80/><F121/><W11/><G21/><T99/><D130/><U123/><E123/><V4/><F74/><W27/><G27/><T54/><D124/><U103/><E41/><V13/><F118/><W25/><G25/><T9/><D113/><U45/><E45/><V26/><F4/><W83/><G43/><T92/><D109/><U85/><E64/><V91/><F13/><W47/><G47/><N who="0" m="17963" /><D54/><U16/><E71/><V96/><REACH who="2" step="1"/><F28/><REACH who="2" ten="250,250,240,250" step="2"/><W125/><G125/><T23/><D31/><U33/><E2/><V36/><F36/><W39/><G39/><T57/><D30/><U66/><E0/><V86/><F86/><W67/><G1/><T42/><D42/><U52/><E85/><V126/><F126/><W50/><G7/><T116/><D116/><U112/><E84/><V105/><F105/><W40/><G15/><N who="0" m="5551" /><D57/><U3/><E3/><V32/><F32/><W107/><G68/><T56/><D56/><U8/><E33/><V17/><F17/><W106/><G40/><T6/><D6/><U115/><E18/><V108/><F108/><W61/><G107/><T73/><D73/><U133/><E16/><V102/><F102/><W122/><G122/><T48/><D101/><U127/><E103/><V77/><F77/><W100/><G79/><T63/><D89/><U98/><E127/><V95/><F95/><W117/><G117/><T62/><D48/><U104/><E104/><V114/><F114/><W128/><G128/><RYUUKYOKU ba="0,1" sc="250,15,250,-15,240,15,250,-15" hai0="20,23,62,63,88,92,99" hai2="19,26,49,51,53,59,60,72,78,80,91,94,96" /><INIT seed="0,1,1,1,4,81" ten="265,235,255,235" oya="0" hai0="98,38,119,32,7,43,113,101,99,128,50,89,77" hai1="126,3,108,103,107,29,46,16,76,74,79,131,118" hai2="40,5,21,112,36,111,88,114,35,26,54,66,18" hai3="132,92,57,2,51,94,72,68,1,53,78,134,27"/><T52/><D113/><U69/><E118/><V48/><F66/><W34/><G68/><T47/><D119/><U105/><E3/><N who="3" m="1034" /><G72/><T62/><D7/><U115/><E69/><V123/><F123/><W23/><G78/><T14/><D32/><U95/><E29/><V71/><F71/><W104/><G104/><T31/><D31/><U82/><E108/><V75/><F75/><W84/><G84/><T116/><D116/><U4/><E4/><V124/><F124/><W83/><G83/><T9/><D77/><U11/><E126/><V28/><F5/><W24/><G34/><T6/><D128/><U59/><E131/><V109/><F40/><W121/><G121/><T70/><D89/><U25/><E79/><V49/><F88/><W65/><G65/><N who="0" m="41271" /><D101/><U17/><E103/><V20/><F36/><W87/><G87/><T10/><D10/><U30/><E11/><V33/><F33/><W44/><G24/><T0/><D0/><U102/><E25/><N who="2" m="14487" /><F48/><W56/><G94/><T8/><D8/><U37/><E95/><V96/><F35/><W85/><G92/><T61/><D61/><U45/><E102/><V133/><F111/><W117/><G85/><T12/><D12/><U60/><E105/><V91/><F109/><W129/><G129/><T97/><D97/><U93/><E107/><V55/><F91/><W19/><G117/><T64/><D64/><U120/><E120/><V63/><F96/><W127/><G127/><T73/><D73/><U67/><E74/><V135/><F112/><W130/><G130/><T41/><D41/><U15/><E115/><RYUUKYOKU ba="1,1" sc="265,15,235,-15,255,-15,235,15" hai0="6,9,14,38,43,47,50,52,98,99" hai3="19,23,27,44,51,53,56,57,132,134" /><INIT seed="0,2,1,3,2,31" ten="280,220,240,250" oya="0" hai0="118,68,122,66,39,103,124,48,65,82,116,92,24" hai1="128,94,0,108,71,69,107,29,1,19,112,58,75" hai2="60,6,125,21,2,127,134,97,83,114,3,63,99" hai3="93,12,77,79,45,132,105,9,34,56,98,67,131"/><T8/><D122/><U101/><E75/><V35/><F114/><W41/><G105/><T14/><D39/><U130/><E107/><V25/><F134/><W18/><G132/><T104/><D104/><U72/><E72/><V4/><F83/><W102/><G131/><T119/><D124/><U44/><E108/><V62/><F21/><W78/><G34/><T23/><D82/><U57/><E29/><V64/><F25/><W36/><G56/><N who="1" m="21610" /><E44/><V17/><F17/><W95/><REACH who="3" step="1"/><G93/><REACH who="3" ten="280,220,240,240" step="2"/><T11/><D92/><U59/><E59/><V85/><F35/><W38/><G38/><T126/><D116/><U20/><E94/><V52/><F64/><AGARI ba="2,2" hai="9,12,18,36,41,45,64,67,77,78,79,95,98,102" machi="64" ten="40,1300,0" yaku="1,1,53,0" doraHai="31" doraHaiUra="100" who="3" fromWho="2" sc="280,0,220,0,240,-19,240,39" /><INIT seed="1,0,0,2,5,97" ten="280,220,221,279" oya="1" hai0="24,16,77,27,52,113,78,107,64,30,9,54,53" hai1="17,109,12,99,111,96,130,0,73,63,75,105,15" hai2="86,114,48,59,38,93,11,65,25,120,35,29,90" hai3="106,56,41,55,51,36,133,89,2,129,23,67,118"/><U14/><E0/><V134/><F120/><W3/><G106/><T98/><D113/><U94/><E130/><V4/><F38/><W100/><G129/><T47/><D64/><U7/><E7/><V83/><F114/><W50/><G133/><T13/><D47/><U66/><E17/><V20/><F134/><W95/><G118/><T8/><D8/><U1/><E1/><V128/><F128/><W49/><G67/><T108/><D108/><N who="1" m="41547" /><E105/><V101/><F35/><W21/><G2/><T70/><D70/><N who="1" m="42335" /><E99/><N who="2" m="59631" /><F48/><W33/><G33/><T31/><D107/><U104/><E104/><V22/><F22/><W127/><G21/><N who="0" m="15727" /><D98/><U123/><E123/><V46/><F46/><W5/><G23/><AGARI ba="0,0" hai="9,13,16,23,24,31,52,53,54,77,78" m="15727" machi="23" ten="30,3900,0" yaku="8,1,54,2" doraHai="97" who="0" fromWho="3" sc="280,39,220,0,221,0,279,-39" /><INIT seed="2,0,0,5,1,109" ten="319,220,221,240" oya="2" hai0="0,85,80,11,46,123,38,75,74,14,103,61,76" hai1="128,126,102,6,28,42,2,81,20,90,110,120,97" hai2="100,36,51,105,78,106,18,72,26,67,49,7,113" hai3="25,108,60,57,33,62,23,59,44,115,117,35,37"/><V56/><F36/><W101/><G108/><T127/><D123/><U132/><E110/><V121/><F121/><W135/><G117/><T53/><D127/><U104/><E120/><V91/><F7/><W94/><G135/><T58/><D103/><U68/><E68/><V45/><F91/><W64/><G115/><T133/><D133/><U89/><E128/><V48/><F45/><W34/><G44/><T3/><D3/><U82/><E42/><V129/><F129/><W125/><G37/><T118/><D118/><U111/><E111/><V52/><F67/><W99/><G125/><T8/><D0/><U40/><E40/><V10/><F113/><W130/><G130/><T4/><REACH who="0" step="1"/><D11/><REACH who="0" ten="309,220,221,240" step="2"/><U41/><E2/><V66/><F100/><W19/><REACH who="3" step="1"/><G35/><REACH who="3" ten="309,220,221,230" step="2"/><T54/><D54/><AGARI ba="0,2" hai="19,23,25,33,34,54,57,59,60,62,64,94,99,101" machi="54" ten="30,3900,0" yaku="1,1,2,1,7,1,53,0" doraHai="109" doraHaiUra="83" who="3" fromWho="0" sc="309,-39,220,0,221,0,230,59" /><INIT seed="3,0,0,1,5,49" ten="270,220,221,289" oya="3" hai0="133,63,42,2,134,77,28,24,40,107,102,120,89" hai1="0,20,88,114,46,96,48,7,13,125,12,92,11" hai2="99,69,82,10,87,1,16,91,38,34,26,121,39" hai3="33,135,111,103,52,80,104,108,85,101,94,60,57"/><W25/><G104/><T112/><D120/><U47/><E114/><V62/><F121/><W22/><G33/><T44/><D2/><U131/><E131/><V90/><F1/><W124/><G135/><N who="0" m="51723" /><D112/><U3/><E125/><V21/><F34/><W126/><G94/><T53/><D77/><U84/><E0/><V117/><F117/><W115/><G115/><T86/><D102/><N who="3" m="38921" /><G22/><N who="0" m="15383" /><D107/><U64/><E64/><V59/><F69/><W83/><G25/><T58/><D44/><U109/><E109/><N who="3" m="42058" /><G83/><AGARI ba="0,0" hai="40,42,53,58,63,83,86,89" m="15383,51723" machi="83" ten="30,2000,0" yaku="20,1,52,1" doraHai="49" who="0" fromWho="3" sc="270,20,220,0,221,0,289,-20" /><INIT seed="4,0,0,4,4,123" ten="290,220,221,269" oya="0" hai0="49,95,7,23,38,134,56,85,74,64,51,43,68" hai1="103,110,66,48,28,0,125,116,94,104,6,80,131" hai2="70,133,88,62,83,91,63,109,84,14,29,4,75" hai3="52,93,9,106,11,113,71,121,65,34,120,42,39"/><T20/><D74/><U30/><E104/><V72/><F109/><W53/><G106/><T18/><D134/><U115/><E116/><V19/><F133/><W89/><G34/><T100/><D38/><U126/><E66/><V45/><F4/><W1/><G113/><T57/><D68/><U31/><E131/><V82/><F29/><W24/><G24/><T135/><D135/><U61/><E61/><V32/><F32/><W12/><G1/><T58/><D64/><U36/><E36/><V5/><F5/><W92/><G71/><T33/><D33/><U54/><E80/><V130/><F130/><W59/><G65/><T99/><D7/><U117/><E117/><V8/><F45/><W35/><G35/><T90/><D43/><U107/><E107/><V128/><F128/><W118/><G118/><T105/><REACH who="0" step="1"/><D23/><REACH who="0" ten="280,220,221,269" step="2"/><U67/><E67/><V3/><F70/><W77/><G42/><T44/><D44/><U15/><E6/><V122/><F3/><W47/><G39/><T87/><D87/><U78/><E0/><V46/><F122/><W97/><G120/><T76/><D76/><U69/><E78/><V41/><F75/><W60/><G77/><T37/><D37/><U2/><E69/><V132/><F132/><W55/><G121/><T40/><D40/><U112/><E2/><V17/><F72/><W26/><G47/><T101/><D101/><U114/><E103/><V102/><F102/><W27/><G9/><T98/><D98/><U86/><E114/><V108/><F41/><W81/><G11/><T129/><D129/><U119/><E112/><RYUUKYOKU ba="0,1" sc="280,30,220,-10,221,-10,269,-10" hai0="18,20,49,51,56,57,58,85,90,95,99,100,105" /><INIT seed="4,1,1,0,3,64" ten="310,210,211,259" oya="0" hai0="1,5,44,100,48,82,105,123,27,133,40,125,110" hai1="30,46,70,65,23,99,122,97,35,59,58,34,121" hai2="32,117,107,119,108,52,88,31,61,22,66,11,87" hai3="132,13,55,84,91,8,113,12,96,10,3,128,81"/><T74/><D123/><U130/><E130/><V15/><F108/><W17/><G128/><T45/><D110/><U0/><E0/><V16/><F107/><W129/><G113/><T53/><D105/><U33/><E46/><V75/><F75/><W63/><G129/><T114/><D100/><U19/><E30/><V36/><F36/><W104/><G3/><T51/><D114/><U60/><E121/><V102/><F102/><W83/><G132/><T131/><D131/><U76/><E76/><V92/><F32/><W67/><G104/><T90/><D133/><U42/><E42/><V68/><F31/><W93/><G55/><T116/><D27/><U71/><E122/><V37/><F37/><W18/><REACH who="3" step="1"/><G96/><REACH who="3" ten="310,210,211,249" step="2"/><T14/><D53/><U4/><E97/><V135/><F135/><W28/><G28/><T26/><D1/><U77/><E99/><V95/><F52/><W94/><G94/><T50/><D40/><U6/><E35/><V79/><F95/><W111/><G111/><T118/><D118/><N who="2" m="45066" /><F79/><W127/><G127/><T134/><D125/><U69/><E77/><V49/><F49/><W103/><G103/><T80/><D51/><U115/><E115/><V25/><F25/><W124/><G124/><T106/><D50/><U39/><E39/><V54/><F54/><W109/><G109/><T20/><D48/><U86/><E34/><V120/><F120/><W43/><G43/><T72/><D116/><U24/><E33/><V2/><F2/><W89/><G89/><T29/><D134/><U47/><E65/><V78/><F78/><W41/><G41/><RYUUKYOKU ba="1,2" sc="310,-15,210,-15,211,15,249,15" hai2="11,15,16,22,61,66,68,87,88,92" hai3="8,10,12,13,17,18,63,67,81,83,84,91,93" /><INIT seed="5,2,2,2,5,92" ten="295,195,226,264" oya="1" hai0="94,117,54,51,120,58,15,77,29,131,21,85,74" hai1="57,73,91,63,8,60,82,123,111,72,6,32,27" hai2="125,38,79,86,104,37,113,101,110,112,105,34,20" hai3="22,99,11,89,135,44,108,76,75,64,45,41,78"/><U96/><E123/><V19/><F34/><W67/><G108/><T16/><D117/><U109/><E73/><V24/><F110/><N who="1" m="41993" /><E72/><V40/><F125/><W46/><G135/><T114/><D120/><U18/><E57/><V35/><F35/><W122/><G122/><T84/><D114/><N who="2" m="44138" /><F40/><W47/><G11/><T65/><D131/><U134/><E134/><V69/><F69/><W133/><G133/><T33/><D65/><N who="3" m="25161" /><G75/><T49/><D74/><U71/><E71/><V97/><F104/><W23/><G44/><T26/><D77/><N who="3" m="29801" /><G41/><T17/><D51/><U2/><E32/><V119/><F119/><W116/><G116/><T7/><D7/><U30/><E30/><V12/><F12/><W87/><G99/><T129/><D129/><U25/><E25/><V100/><F100/><W124/><G124/><T126/><D126/><U81/><E96/><V10/><F10/><W66/><G66/><T128/><D128/><U14/><E27/><V118/><F118/><W43/><G43/><T106/><D33/><U1/><E1/><V130/><F130/><W52/><G52/><T93/><D29/><U121/><E121/><V61/><F61/><N who="1" m="23625" /><E91/><V98/><F98/><W50/><G50/><T115/><D115/><U107/><E107/><V127/><F127/><W31/><G31/><T48/><D106/><U3/><E3/><V39/><F79/><W5/><G5/><T132/><D132/><U70/><E70/><V62/><F62/><W83/><AGARI ba="2,2" hai="22,23,45,46,47,83,87,89" m="29801,25161" machi="83" ten="30,1100,0" yaku="8,1" doraHai="92" who="3" fromWho="3" sc="295,-5,195,-7,226,-5,264,37" /><INIT seed="6,0,0,0,3,82" ten="290,188,221,301" oya="2" hai0="88,113,49,21,2,87,4,18,126,45,41,106,100" hai1="120,101,53,107,65,131,30,64,63,114,125,39,76" hai2="116,81,79,6,83,54,47,62,56,43,78,34,112" hai3="29,22,32,103,8,14,5,80,48,102,77,36,28"/><V99/><F116/><W75/><G36/><T91/><D113/><U46/><E30/><V58/><F34/><W16/><G48/><T13/><D126/><U93/><E107/><V134/><F112/><W104/><G104/><T115/><D115/><U61/><E114/><V108/><F134/><W9/><G9/><N who="0" m="4263" /><D2/><U95/><E76/><V38/><F108/><W110/><G110/><T10/><D10/><U132/><E125/><V128/><F128/><W19/><G19/><T59/><D100/><U105/><E105/><V57/><F6/><W66/><G66/><T123/><D106/><U92/><E101/><V55/><F99/><W130/><G29/><T25/><D123/><U124/><E124/><V98/><F98/><W111/><G130/><T26/><D59/><U0/><E0/><V97/><F97/><W133/><G133/><T67/><D67/><N who="1" m="25675" /><E131/><V35/><F35/><W7/><G111/><T84/><D26/><U71/><E71/><V68/><F68/><W73/><G73/><T1/><D1/><U50/><E132/><V3/><F3/><N who="3" m="63" /><G7/><T94/><D94/><N who="1" m="24067" /><U74/><DORA hai="23" /><E74/><V119/><F119/><W129/><G129/><T27/><D27/><AGARI ba="0,0" hai="14,16,22,27,28,32,75,77,80,102,103" m="63" machi="27" ten="30,3900,0" yaku="24,1,52,1,54,1" doraHai="82,23" who="3" fromWho="0" sc="290,-39,188,0,221,0,301,39" /><INIT seed="7,0,0,4,2,34" ten="251,188,221,340" oya="3" hai0="134,24,75,101,26,29,50,115,90,7,117,121,96" hai1="43,129,27,32,108,71,31,91,37,123,130,53,38" hai2="12,102,124,25,105,63,125,58,33,60,40,11,127" hai3="88,104,84,0,92,109,64,36,6,82,111,44,78"/><W10/><G104/><T56/><D117/><U118/><E108/><N who="3" m="41546" /><G64/><T42/><D75/><U4/><E123/><V47/><F25/><W132/><G132/><T95/><D121/><U99/><E118/><V59/><F33/><W1/><G36/><T65/><D7/><U41/><E71/><V20/><F20/><W5/><G44/><T72/><D72/><U135/><E135/><V66/><F102/><W49/><G49/><T87/><D115/><U83/><E53/><V3/><F105/><W79/><G79/><T23/><D26/><U14/><E38/><V46/><F40/><W98/><G6/><T67/><D134/><U100/><E37/><V13/><F47/><W16/><G16/><T81/><D42/><U51/><E51/><V120/><F46/><W54/><G54/><AGARI ba="0,0" hai="23,24,29,50,54,56,65,67,81,87,90,95,96,101" machi="54" ten="40,1300,0" yaku="8,1" doraHai="34" who="0" fromWho="3" sc="251,13,188,0,221,0,340,-13" owari="264,6.0,188,-31.0,221,-18.0,327,43.0" /></mjloggm>