<mjloggm ver="2.3"><GO type="225" lobby="0"/><UN n0="%E3%83%9B%E3%83%B3%E3%82%A4%E3%83%84%E5%8E%A8" n1="%E3%83%A9%E3%82%A4%E3%82%AB%40" n2="%E7%99%BD%E9%B9%BF%E6%84%9B%E8%8E%89" n3="%E5%B0%B1%E6%B4%BB%E7%94%9F%40%E5%B7%9D%E6%9D%91%E8%BB%8D%E5%9B%A3" dan="16,16,18,17" rate="2155.64,2050.87,2257.84,2162.19" sx="M,M,F,M"/><TAIKYOKU oya="0"/><INIT seed="0,0,0,2,0,88" ten="250,250,250,250" oya="0" hai0="123,113,16,61,19,130,107,51,69,62,46,6,33" hai1="34,97,56,42,129,25,18,21,100,92,29,85,14" hai2="48,41,94,54,111,82,43,66,26,120,7,30,72" hai3="81,84,53,118,64,110,103,15,58,71,101,125,89"/><T65/><D123/><U96/><E129/><V2/><F120/><W52/><G118/><T109/><D113/><U0/><E0/><V20/><F111/><W13/><G71/><T37/><D37/><U73/><E73/><V59/><F2/><W116/><G125/><T38/><D38/><U47/><E56/><V124/><F7/><W80/><G80/><T115/><D115/><U91/><REACH who="1" step="1"/><E100/><REACH who="1" ten="250,240,250,250" step="2"/><V11/><F124/><W126/><G103/><T86/><D86/><U9/><E9/><V108/><F72/><W12/><G101/><T60/><D130/><U78/><E78/><V1/><F59/><W133/><G126/><T99/><D69/><U63/><E63/><V55/><F11/><W68/><G68/><T106/><D62/><U27/><E27/><V23/><F26/><W4/><G116/><T83/><D60/><U127/><E127/><V10/><F10/><W74/><G74/><T39/><D61/><U114/><E114/><V75/><F75/><W105/><G58/><T77/><D77/><U3/><E3/><V36/><F1/><W17/><G64/><T31/><D65/><U67/><E67/><V132/><F66/><W50/><G110/><T93/><D109/><U95/><E95/><V102/><F94/><W76/><G76/><T79/><D93/><U24/><E24/><V135/><F108/><W128/><G128/><T32/><D79/><U49/><AGARI ba="0,1" hai="14,18,21,25,29,34,42,47,49,85,91,92,96,97" machi="49" ten="20,5200,0" yaku="1,1,0,1,7,1,52,1,53,0" doraHai="88" doraHaiUra="57" who="1" fromWho="1" sc="250,-26,240,62,250,-13,250,-13" /><INIT seed="1,0,0,3,1,100" ten="224,302,237,237" oya="1" hai0="16,108,35,110,64,90,31,13,98,134,126,54,60" hai1="63,20,45,123,76,107,51,96,118,49,19,78,67" hai2="102,39,36,109,104,131,52,6,0,73,116,92,66" hai3="57,50,62,80,125,124,46,30,120,77,4,72,24"/><U95/><E118/><V47/><F116/><W1/><G120/><T58/><D134/><U88/><E123/><V40/><F109/><N who="0" m="42090" /><D126/><N who="3" m="48745" /><G1/><T21/><D31/><U14/><E107/><V3/><F131/><W25/><G4/><T32/><D64/><U75/><E75/><V18/><F92/><AGARI ba="0,0" hai="13,16,21,32,35,54,58,60,90,92,98" m="42090" machi="92" ten="30,2000,0" yaku="14,1,54,1" doraHai="100" who="0" fromWho="2" sc="224,20,302,0,237,-20,237,0" /><INIT seed="2,0,0,1,4,16" ten="244,302,217,237" oya="2" hai0="130,126,40,110,70,129,58,19,111,3,76,41,71" hai1="89,119,93,102,30,29,15,35,78,38,101,31,75" hai2="0,53,18,80,105,121,34,95,74,96,65,81,99" hai3="45,28,11,9,20,36,86,127,57,64,48,1,69"/><V68/><F121/><W97/><G69/><N who="0" m="26123" /><D3/><U61/><E119/><V90/><F0/><W98/><G127/><T87/><D87/><U103/><E38/><V43/><F43/><N who="0" m="16458" /><D76/><U21/><E61/><V120/><F120/><W82/><G36/><T85/><D85/><N who="1" m="52399" /><E35/><V7/><F7/><W6/><G97/><T32/><D32/><U100/><E75/><V104/><F34/><W67/><G98/><T118/><D19/><N who="1" m="10495" /><E100/><V128/><F74/><W4/><G86/><T123/><D123/><U22/><E78/><V92/><F68/><W125/><G125/><T66/><D126/><U56/><E56/><V117/><F104/><W131/><G57/><T50/><D118/><U94/><E94/><V134/><F105/><W23/><G82/><T113/><D113/><U91/><E91/><V25/><F117/><W37/><G37/><T52/><D66/><U88/><E88/><N who="2" m="55303" /><F65/><W47/><G1/><T79/><D79/><U109/><E109/><AGARI ba="0,0" hai="50,52,58,109,110,111,129,130" m="16458,26123" machi="109" ten="40,8000,1" yaku="14,1,34,2,54,1" doraHai="16" who="0" fromWho="1" sc="244,80,302,-80,217,0,237,0" /><INIT seed="3,0,0,5,1,72" ten="324,222,217,237" oya="3" hai0="21,51,99,128,5,75,16,0,4,87,118,126,84" hai1="134,78,1,28,40,30,109,10,101,103,98,100,9" hai2="95,135,64,119,120,67,82,53,112,13,56,74,69" hai3="45,110,48,44,81,42,131,63,24,121,122,2,61"/><W108/><G2/><T20/><D75/><U65/><E109/><N who="3" m="42090" /><G24/><T86/><D118/><U111/><E111/><V113/><F119/><W90/><G90/><T41/><D128/><U17/><E134/><V133/><F95/><W91/><G91/><T35/><D35/><U132/><E132/><N who="2" m="50763" /><F120/><N who="3" m="46187" /><G81/><T97/><D126/><U50/><E65/><N who="2" m="25163" /><F13/><W31/><G31/><N who="1" m="11818" /><E1/><V19/><F19/><W39/><G131/><T7/><D0/><U93/><E78/><N who="2" m="44375" /><F69/><W77/><G77/><T115/><D97/><U3/><E3/><V58/><F58/><W96/><G96/><T107/><D99/><U47/><E17/><V88/><F88/><AGARI ba="0,0" hai="9,10,40,47,50,88,93,98,100,101,103" m="11818" machi="88" ten="30,2000,0" yaku="8,1,54,1" doraHai="72" who="1" fromWho="2" sc="324,0,222,20,217,-20,237,0" owari="324,42.0,242,4.0,197,-30.0,237,-16.0" /></mjloggm>