<mjloggm ver="2.3"><GO type="41" lobby="0"/><UN n0="%E9%85%8D%E7%89%8C%E3%83%84%E3%83%A2%E9%85%B7%E9%81%8E%E3%81%8E" n1="%7A%65%6E%74%75%70%70%61" n2="%E5%B0%B1%E6%B4%BB%E7%94%9F%40%E5%B7%9D%E6%9D%91%E8%BB%8D%E5%9B%A3" n3="%73%75%6D%69%74%79%61%6E" dan="14,14,17,14" rate="1922.46,1813.83,2158.38,1868.12" sx="M,M,M,M"/><TAIKYOKU oya="0"/><INIT seed="0,0,0,2,5,84" ten="250,250,250,250" oya="0" hai0="32,115,3,88,106,95,23,28,102,66,93,98,68" hai1="123,48,49,22,74,103,51,82,89,42,134,117,96" hai2="122,16,67,11,101,113,47,94,45,114,65,14,69" hai3="5,50,80,0,61,52,99,121,12,1,38,105,70"/><T7/><D115/><U35/><E123/><V33/><F122/><W83/><G121/><T24/><D23/><U9/><E35/><V77/><F33/><W21/><G38/><T36/><D36/><U91/><E134/><V128/><F128/><W19/><G105/><T13/><D3/><U87/><E117/><V8/><F77/><W112/><G112/><T44/><D44/><U18/><E74/><V63/><F67/><W90/><G70/><T97/><D13/><U124/><E124/><V133/><F133/><W64/><G64/><T131/><D131/><U107/><E42/><V29/><F29/><W132/><G132/><T10/><D10/><U6/><E87/><V92/><F92/><W62/><G1/><T37/><D37/><U56/><E82/><N who="3" m="31274" /><G0/><T39/><D39/><U86/><E86/><V26/><F26/><W2/><G2/><T27/><D27/><U129/><E129/><V135/><F135/><W30/><G5/><T46/><D46/><U110/><E110/><V58/><F69/><W43/><G43/><T120/><D120/><U54/><E48/><V76/><F76/><W119/><G30/><T31/><D31/><U57/><E9/><V127/><F127/><W108/><G108/><T111/><D111/><U73/><E6/><V71/><F71/><W41/><G41/><T81/><D7/><U130/><E73/><V72/><F72/><W116/><G116/><T75/><D68/><U79/><E79/><V100/><F11/><W25/><G25/><T85/><D75/><U53/><E130/><V4/><F113/><W126/><G119/><RYUUKYOKU ba="0,0" sc="250,-10,250,30,250,-10,250,-10" hai1="18,22,49,51,53,54,56,57,89,91,96,103,107" /><INIT seed="1,1,0,3,2,18" ten="240,280,240,240" oya="1" hai0="103,71,20,49,29,45,98,100,15,62,119,95,96" hai1="8,5,131,16,19,54,27,88,55,134,17,110,26" hai2="116,114,59,120,56,112,107,102,109,121,58,118,53" hai3="132,36,31,41,106,42,74,51,11,66,127,77,50"/><U128/><E134/><V7/><F7/><W81/><G106/><T105/><D119/><N who="2" m="45610" /><F107/><W133/><G66/><T34/><D34/><U63/><E110/><V101/><F101/><W30/><G127/><T108/><D108/><U23/><E63/><V130/><F102/><W125/><G125/><T6/><D62/><U84/><E27/><V79/><F79/><W44/><G31/><T92/><D71/><U129/><E19/><V48/><F130/><W43/><G30/><T3/><D3/><N who="1" m="63" /><E17/><V61/><F109/><W117/><G117/><T57/><D57/><N who="2" m="22122" /><F61/><W21/><G21/><T123/><D123/><AGARI ba="1,0" hai="48,53,59,112,114,120,121,123" m="22122,45610" machi="123" ten="40,2600,0" yaku="34,2" doraHai="18" who="2" fromWho="0" sc="240,-29,280,0,240,29,240,0" /><INIT seed="2,0,0,2,1,34" ten="211,280,269,240" oya="2" hai0="24,117,11,122,13,109,30,62,129,120,113,100,51" hai1="92,31,98,46,54,41,107,38,85,130,81,23,114" hai2="39,58,78,110,82,61,5,21,80,6,9,108,116" hai3="88,4,18,112,16,77,127,66,52,105,99,48,20"/><V124/><F39/><W44/><G112/><T65/><D113/><U40/><E130/><V27/><F116/><W28/><G127/><T2/><D129/><U10/><E114/><V68/><F68/><W71/><G71/><T12/><D117/><U25/><E107/><V50/><F50/><W115/><G115/><T42/><D109/><N who="2" m="42090" /><F124/><W70/><G70/><T35/><D13/><U1/><E41/><V76/><F82/><W125/><G66/><T29/><D29/><U84/><E54/><N who="2" m="34007" /><F80/><W7/><G77/><N who="2" m="29801" /><F9/><W8/><G125/><T118/><D118/><U119/><E119/><V132/><F132/><W90/><G105/><T57/><D51/><U49/><E38/><V102/><F102/><W74/><G74/><T91/><D100/><U111/><E81/><V63/><F63/><W33/><G33/><T3/><D42/><U121/><E121/><V32/><F32/><W89/><G99/><T133/><D133/><U83/><E83/><V79/><N who="2" m="29809" /><V60/><DORA hai="56" /><F60/><W53/><G53/><T47/><D47/><U45/><E46/><V123/><F123/><W14/><G28/><AGARI ba="0,0" hai="5,6,21,27,28" m="29809,34007,42090" machi="28" ten="40,7700,0" yaku="14,1,10,1,52,1" doraHai="34,56" who="2" fromWho="3" sc="211,0,280,0,269,77,240,-77" /><INIT seed="2,1,0,2,1,104" ten="211,280,346,163" oya="2" hai0="17,42,20,120,64,129,87,133,8,108,48,102,135" hai1="107,99,37,82,36,57,100,14,115,69,22,88,84" hai2="71,5,52,89,43,9,26,35,105,30,86,74,27" hai3="113,80,61,46,54,124,32,53,117,72,7,130,95"/><V4/><F105/><W131/><G32/><T34/><D120/><U128/><E69/><V92/><F71/><W6/><G117/><T123/><D123/><U79/><E128/><N who="3" m="49194" /><G124/><T83/><D34/><U2/><E2/><V67/><F67/><W3/><G95/><T134/><D129/><U50/><E115/><V97/><F43/><W132/><G113/><T118/><D118/><U51/><E37/><V10/><F74/><W122/><G122/><T121/><D121/><U75/><E36/><V63/><F86/><W106/><G106/><T116/><D116/><U44/><E57/><V76/><F76/><N who="3" m="44039" /><G132/><T98/><D108/><U78/><E79/><V94/><F94/><W81/><G81/><T68/><D68/><U25/><E14/><V119/><F119/><W65/><G3/><T59/><D83/><U70/><E70/><V110/><F110/><W38/><G54/><N who="0" m="32199" /><D42/><U77/><E44/><V11/><REACH who="2" step="1"/><F26/><REACH who="2" ten="211,280,336,163" step="2"/><W45/><G53/><T23/><D64/><U1/><E77/><V109/><F109/><W19/><G38/><T18/><D87/><U96/><E99/><V29/><F29/><W66/><G66/><T114/><D114/><U24/><E25/><V47/><F47/><N who="3" m="17931" /><G19/><T127/><D18/><U12/><E24/><V90/><F90/><W0/><G0/><T55/><D55/><U126/><E1/><V112/><F112/><W91/><G91/><T21/><D127/><U62/><E126/><V103/><F103/><W13/><G13/><N who="0" m="7335" /><D135/><U39/><E12/><V49/><F49/><W101/><G101/><T56/><D56/><AGARI ba="1,1" hai="4,5,9,10,11,27,30,35,52,56,63,89,92,97" machi="56" ten="40,7700,0" yaku="1,1,54,1,53,1" doraHai="104" doraHaiUra="58" who="2" fromWho="0" sc="211,-80,280,0,336,90,163,0" /><AGARI ba="1,0" hai="6,7,56,61,65" m="17931,44039,49194" machi="56" ten="30,2000,0" yaku="19,1,52,1" doraHai="104" who="3" fromWho="0" sc="131,-20,280,0,426,0,163,20" /><INIT seed="2,2,0,3,5,109" ten="111,280,426,183" oya="2" hai0="100,20,130,125,126,9,67,96,68,135,21,5,116" hai1="127,49,117,104,29,101,41,3,112,70,102,34,60" hai2="64,50,38,134,44,45,7,8,53,108,98,95,62" hai3="131,27,133,40,35,14,25,121,59,73,22,132,92"/><V74/><F74/><W30/><G73/><T80/><D135/><N who="3" m="51785" /><G121/><T120/><D130/><U63/><E127/><V76/><F134/><W82/><G82/><T12/><D120/><U0/><E117/><V123/><F123/><W6/><G40/><T28/><D116/><U88/><E88/><V93/><F108/><W23/><G59/><T57/><D68/><U111/><E60/><V13/><F76/><W106/><G106/><T24/><D80/><U115/><E101/><V61/><F61/><W54/><G54/><T72/><D72/><U71/><E49/><V69/><F38/><W81/><G81/><T48/><D48/><U114/><E41/><V87/><F87/><W110/><G92/><T58/><D58/><U66/><E71/><V85/><F85/><W33/><G110/><T10/><D126/><U52/><E52/><V86/><F86/><W19/><G131/><T119/><D125/><U51/><E51/><V31/><F31/><N who="3" m="17847" /><G6/><T79/><D119/><U77/><E77/><V113/><F45/><W122/><G122/><T128/><D79/><U4/><E4/><V43/><F53/><W103/><G103/><T47/><D128/><U56/><E56/><V65/><F65/><W46/><G46/><T107/><D47/><U39/><E39/><V2/><F95/><W91/><G91/><T55/><D67/><U124/><E124/><V97/><F97/><W84/><G84/><T37/><D37/><U15/><E15/><V11/><F93/><W75/><G75/><T89/><D89/><U36/><E36/><V94/><F64/><W129/><G129/><RYUUKYOKU ba="2,0" sc="111,-10,280,-10,426,-10,183,30" hai3="14,19,23,27,30,33,35" /><INIT seed="3,3,0,0,4,93" ten="101,270,416,213" oya="3" hai0="112,57,27,120,25,50,126,113,83,67,11,115,65" hai1="33,114,109,56,77,41,62,52,46,73,90,68,0" hai2="75,76,15,40,8,121,97,51,123,82,58,125,24" hai3="124,48,108,89,111,117,135,13,60,36,10,20,94"/><W130/><G117/><T59/><D120/><N who="2" m="46154" /><F125/><W91/><G36/><T116/><D126/><U23/><E33/><V21/><F58/><N who="0" m="22026" /><D116/><U17/><E0/><V39/><F39/><W43/><G124/><T7/><D50/><U3/><E3/><V134/><F134/><W102/><G135/><T63/><D83/><U128/><E128/><V31/><F51/><W95/><G130/><T34/><D34/><U61/><E114/><N who="0" m="29185" /><T9/><DORA hai="12" /><D63/><U132/><E132/><V71/><F71/><W119/><G119/><T85/><D85/><U47/><E109/><N who="3" m="42058" /><G60/><T53/><D53/><U78/><E73/><V101/><F40/><W49/><G20/><T122/><D122/><U5/><E5/><N who="2" m="3471" /><F101/><W64/><G64/><N who="0" m="24651" /><D11/><U118/><E118/><V88/><F88/><N who="3" m="33867" /><G43/><T18/><D7/><U131/><E131/><V84/><F75/><W96/><G95/><T86/><D86/><U72/><E72/><V129/><F129/><W107/><G94/><T30/><D30/><U87/><E68/><V69/><F69/><W28/><G28/><T127/><D127/><U98/><E62/><V74/><F74/><W42/><G42/><T19/><D9/><U2/><E2/><V99/><AGARI ba="3,0" hai="21,24,31,76,82,84,97,99" m="3471,46154" machi="99" ten="30,4000,0" yaku="13,1,52,2" doraHai="93,12" who="2" fromWho="2" sc="101,-13,270,-13,416,49,213,-23" /><INIT seed="4,0,0,4,5,99" ten="88,257,465,190" oya="0" hai0="38,106,15,8,42,83,98,82,77,109,92,134,30" hai1="135,118,105,69,68,123,10,74,94,116,57,95,119" hai2="12,19,84,7,56,11,28,2,0,18,122,29,72" hai3="49,16,27,51,66,125,111,55,59,81,117,88,133"/><T23/><D134/><U58/><E135/><V91/><F72/><W54/><G133/><T110/><D106/><U50/><E74/><V52/><F122/><W128/><G117/><T62/><D38/><U39/><E105/><V40/><F40/><W101/><G111/><N who="0" m="42507" /><D42/><U132/><E132/><V65/><F65/><W35/><G35/><T34/><D34/><U63/><E39/><V86/><F2/><W79/><G66/><T41/><D41/><U103/><E123/><V89/><F86/><N who="3" m="50255" /><G79/><T80/><D62/><U45/><E10/><V22/><F19/><W115/><G125/><T17/><D77/><U129/><E129/><V121/><F91/><W96/><G128/><T87/><D87/><U70/><E103/><V124/><F124/><W85/><G85/><T93/><D98/><U4/><E4/><V114/><F114/><W90/><G90/><T78/><D78/><U9/><E9/><V25/><F121/><W73/><G73/><T6/><D30/><U1/><E1/><AGARI ba="0,0" hai="1,6,8,15,17,23,80,82,83,92,93" m="42507" machi="1" ten="30,1500,0" yaku="10,1" doraHai="99" who="0" fromWho="1" sc="88,15,257,-15,465,0,190,0" /><INIT seed="4,1,0,5,3,109" ten="103,242,465,190" oya="0" hai0="115,6,131,79,73,114,132,86,122,100,3,26,16" hai1="67,17,82,5,54,60,21,128,42,87,52,53,9" hai2="74,98,133,19,44,22,127,13,96,72,11,68,7" hai3="10,130,104,112,58,80,106,117,61,125,46,118,119"/><T38/><D122/><U29/><E42/><V78/><F68/><W105/><G125/><T126/><D126/><U49/><E29/><V123/><F123/><W93/><G80/><T28/><D73/><U124/><E124/><V34/><F127/><W25/><G46/><T75/><D75/><U83/><E128/><V110/><F34/><W57/><G130/><T94/><D131/><U51/><E9/><V18/><F110/><W84/><G112/><T129/><D38/><U4/><E67/><V120/><F120/><W23/><G10/><T92/><D129/><U88/><E60/><V95/><F133/><W30/><G84/><T37/><D37/><U39/><E39/><V113/><F113/><N who="0" m="43018" /><D132/><U76/><E5/><V121/><F96/><W64/><REACH who="3" step="1"/><G93/><REACH who="3" ten="103,242,465,180" step="2"/><T77/><D3/><U8/><E82/><V56/><F95/><W20/><G20/><N who="0" m="13575" /><D6/><U135/><E135/><V12/><F7/><W111/><G111/><T107/><D94/><U0/><REACH who="1" step="1"/><E76/><REACH who="1" ten="103,232,465,180" step="2"/><V90/><F78/><W31/><G31/><T69/><D28/><U89/><E89/><V101/><F90/><W48/><G48/><T62/><D79/><U24/><AGARI ba="1,2" hai="0,4,8,17,21,24,49,51,52,53,54,83,87,88" machi="24" ten="30,8000,1" yaku="1,1,0,1,54,2,53,1" doraHai="109" doraHaiUra="15" who="1" fromWho="1" sc="103,-41,232,103,465,-21,180,-21" /><INIT seed="5,0,0,1,4,47" ten="62,335,444,159" oya="1" hai0="7,33,91,20,133,16,90,12,69,3,109,77,121" hai1="4,82,45,75,130,23,41,76,98,5,31,35,79" hai2="63,93,111,44,42,105,132,46,71,10,37,11,112" hai3="62,18,57,49,28,94,104,110,59,52,74,21,67"/><U101/><E35/><V88/><F105/><W95/><G104/><T25/><D109/><U119/><E130/><V13/><F111/><W128/><G110/><T107/><D121/><U81/><E119/><V61/><F132/><W114/><G128/><T1/><D133/><U108/><E23/><V127/><F127/><W87/><G74/><T58/><D69/><U36/><E31/><V70/><F112/><W123/><G123/><T19/><D107/><U50/><E36/><V86/><F11/><W126/><G126/><T17/><D77/><U40/><E41/><V32/><F32/><W34/><G114/><T99/><D3/><U51/><E108/><V24/><F24/><W65/><G34/><T56/><D99/><U78/><E50/><V29/><F29/><W66/><G28/><N who="0" m="17447" /><D33/><U125/><E125/><V102/><F102/><W39/><G39/><T85/><D1/><U118/><E118/><V129/><F129/><W54/><REACH who="3" step="1"/><G87/><REACH who="3" ten="62,335,444,149" step="2"/><T83/><D7/><N who="1" m="2635" /><E75/><V15/><F37/><W6/><G6/><T103/><D103/><U60/><E60/><V131/><F131/><W26/><AGARI ba="0,1" hai="18,21,26,49,52,54,57,59,62,65,66,67,94,95" machi="26" ten="30,8000,1" yaku="1,1,0,1,8,1,52,1,54,1,53,0" doraHai="47" doraHaiUra="96" who="3" fromWho="3" sc="62,-20,335,-40,444,-20,149,90" /><INIT seed="6,0,0,5,3,31" ten="42,295,424,239" oya="2" hai0="109,119,37,35,26,126,25,48,107,96,75,120,123" hai1="7,121,60,61,83,92,79,17,131,71,0,64,41" hai2="100,58,112,98,132,67,30,29,108,55,65,45,76" hai3="101,105,135,49,8,15,127,1,53,32,27,12,33"/><V87/><F112/><W14/><G105/><T28/><D48/><U113/><E131/><V51/><F132/><W84/><G101/><T63/><D63/><U54/><E121/><V47/><F108/><W69/><G69/><T3/><D26/><U103/><E113/><V21/><F87/><W57/><G135/><T104/><D25/><U86/><E103/><V62/><F76/><W74/><G74/><T111/><D28/><U90/><E17/><V46/><F65/><W34/><G127/><T118/><D96/><U70/><E54/><V2/><F2/><W133/><G133/><T68/><D3/><U66/><E41/><V125/><F125/><W52/><G84/><T116/><D126/><U73/><E7/><V42/><F21/><W93/><G93/><T9/><D9/><U16/><E0/><V50/><REACH who="2" step="1"/><F45/><REACH who="2" ten="42,295,414,239" step="2"/><W134/><G134/><T24/><D75/><U102/><E73/><V129/><F129/><W19/><G1/><T56/><D68/><U97/><E79/><V106/><AGARI ba="0,1" hai="29,30,42,46,47,50,51,55,58,62,67,98,100,106" machi="106" ten="20,3900,0" yaku="1,1,0,1,7,1,53,0" doraHai="31" doraHaiUra="77" who="2" fromWho="2" sc="42,-13,295,-13,414,49,239,-13" /><INIT seed="6,1,0,4,1,121" ten="29,282,463,226" oya="2" hai0="91,74,5,97,76,26,69,47,124,98,49,111,102" hai1="22,135,28,55,106,73,96,27,9,79,42,62,71" hai2="25,134,83,48,125,95,32,112,87,84,33,130,63" hai3="45,85,110,58,24,36,119,34,117,0,61,75,99"/><V93/><F112/><W16/><G75/><T30/><D124/><U2/><E135/><V50/><F125/><W18/><G0/><T52/><D69/><U41/><E55/><V78/><F134/><W66/><G85/><T132/><D132/><U35/><E22/><V44/><F130/><W60/><G60/><T17/><D5/><U116/><E116/><V113/><F113/><W57/><G57/><T11/><D98/><U122/><E122/><V108/><F63/><W131/><G131/><T3/><D91/><U15/><E15/><V109/><F50/><W40/><G34/><T39/><D39/><U77/><E77/><V72/><F87/><W90/><G110/><N who="2" m="42601" /><F25/><W118/><REACH who="3" step="1"/><G24/><REACH who="3" ten="29,282,463,216" step="2"/><T107/><D111/><U46/><E2/><V129/><F129/><W120/><G120/><T29/><D3/><U126/><E126/><V21/><F84/><W80/><G80/><T70/><D70/><U51/><E73/><V19/><F33/><W67/><G67/><T88/><D26/><U23/><E79/><V94/><F32/><W12/><G12/><T31/><D76/><U92/><E27/><N who="2" m="14783" /><F95/><AGARI ba="1,1" hai="16,18,36,40,45,58,61,66,90,95,99,117,118,119" machi="95" ten="40,2600,0" yaku="1,1,54,1,53,0" doraHai="121" doraHaiUra="104" who="3" fromWho="2" sc="29,0,282,0,463,-29,216,39" /><INIT seed="7,0,0,0,4,65" ten="29,282,434,255" oya="3" hai0="56,21,42,39,100,94,45,110,82,70,83,28,126" hai1="20,79,124,104,97,131,22,3,77,58,93,31,120" hai2="80,78,50,36,24,35,16,66,43,1,132,26,105" hai3="37,48,85,129,5,69,18,68,54,72,92,119,34"/><W86/><G72/><T113/><D110/><U75/><E120/><V127/><F1/><W91/><G37/><T47/><D113/><U46/><E3/><V60/><F36/><W133/><G119/><T14/><D126/><U59/><E124/><V102/><F35/><W114/><G34/><T12/><D21/><U25/><E131/><V0/><F0/><W55/><G114/><T40/><D56/><U15/><E75/><V81/><F127/><W130/><G5/><T95/><D39/><U17/><E104/><V61/><F132/><W134/><G18/><T117/><D100/><U63/><E46/><N who="2" m="25951" /><F102/><W87/><G92/><T8/><D8/><U108/><E108/><V13/><F105/><W7/><G7/><T101/><D101/><U27/><E15/><V123/><F123/><W29/><G29/><T57/><D57/><U41/><E41/><V118/><F118/><W107/><G107/><T44/><D28/><U103/><REACH who="1" step="1"/><E59/><REACH who="1" ten="29,272,434,255" step="2"/><N who="2" m="37151" /><F24/><W67/><G67/><AGARI ba="0,1" hai="17,20,22,25,27,31,58,63,67,77,79,93,97,103" machi="67" ten="30,12000,2" yaku="1,1,7,1,25,2,8,1,53,1" doraHai="65" doraHaiUra="98" who="1" fromWho="3" sc="29,0,272,130,434,0,255,-120" owari="29,-47.0,402,20.0,434,53.0,135,-26.0" /></mjloggm>