<mjloggm ver="2.3"><GO type="169" lobby="0"/><UN n0="%E7%84%9A%E3%81%8D%E7%81%AB" n1="%E3%82%A6%E3%83%AB%E3%83%88%E3%83%A9%E7%AB%8B%E7%9B%B4" n2="%67%73%6B%67%33" n3="%E6%98%9F%E9%99%8D%E3%82%8B%E8%A1%97" dan="17,17,16,18" rate="2219.49,2195.66,2145.20,2259.79" sx="M,M,M,F"/><TAIKYOKU oya="0"/><INIT seed="0,0,0,2,3,99" ten="250,250,250,250" oya="0" hai0="97,125,70,73,74,47,63,22,105,103,86,51,121" hai1="113,4,102,122,23,133,82,33,6,109,39,59,100" hai2="90,131,11,19,75,77,38,30,101,14,67,2,15" hai3="27,107,84,12,116,20,45,34,35,24,17,94,135"/><T83/><D121/><U129/><E33/><V8/><F38/><W110/><G107/><T104/><D125/><U40/><E122/><V72/><F67/><W80/><G110/><T123/><D123/><U79/><E39/><V1/><F30/><W96/><G135/><T55/><D105/><U5/><E109/><V111/><F111/><W66/><G116/><T65/><REACH who="0" step="1"/><D22/><REACH who="0" ten="240,250,250,250" step="2"/><U25/><E133/><V71/><F131/><W126/><G35/><T57/><D57/><U62/><E113/><V64/><F71/><W41/><G34/><T85/><D85/><N who="1" m="48351" /><E129/><V9/><F75/><W124/><G126/><T50/><D50/><U53/><E40/><V48/><F72/><W88/><G124/><T115/><D115/><U60/><E60/><V49/><F48/><N who="3" m="26671" /><G66/><T93/><D93/><U61/><E61/><V69/><F64/><W54/><G54/><T78/><AGARI ba="0,1" hai="47,51,55,63,65,70,73,74,78,83,86,97,103,104" machi="78" ten="20,7800,0" yaku="1,1,0,1,7,1,52,1,53,0" doraHai="99" doraHaiUra="37" who="0" fromWho="0" sc="240,88,250,-26,250,-26,250,-26" /><INIT seed="0,1,0,1,0,118" ten="328,224,224,224" oya="0" hai0="106,13,56,77,48,129,87,11,92,108,119,130,15" hai1="103,132,101,40,62,128,122,23,133,37,21,113,76" hai2="78,46,36,69,54,71,98,5,18,59,81,58,50" hai3="73,60,72,79,47,39,33,66,85,42,24,29,89"/><T110/><D106/><U83/><E37/><V65/><F98/><W80/><REACH who="3" step="1"/><G79/><REACH who="3" ten="328,224,224,214" step="2"/><T10/><D119/><U30/><E76/><V126/><F78/><W134/><G134/><T7/><D130/><U52/><E128/><V17/><F126/><W121/><G121/><T131/><D131/><U135/><E122/><V88/><F36/><W12/><G12/><T34/><D129/><U16/><E132/><V97/><F69/><AGARI ba="1,1" hai="24,29,33,39,42,47,60,66,69,72,73,80,85,89" machi="69" ten="30,3900,0" yaku="21,2,7,1,53,0" doraHai="118" doraHaiUra="115" who="3" fromWho="2" sc="328,0,224,0,224,-42,214,52" /><INIT seed="1,0,0,3,0,45" ten="328,224,182,266" oya="1" hai0="25,77,24,67,26,21,62,102,119,83,60,124,27" hai1="103,93,13,3,107,18,59,7,48,128,110,4,50" hai2="101,58,121,116,123,12,108,111,125,2,29,75,5" hai3="86,104,23,89,36,120,112,113,33,100,71,8,115"/><U51/><E107/><V97/><F75/><W134/><G33/><T41/><D119/><U130/><E3/><V54/><F2/><W19/><G71/><T96/><D41/><U80/><E80/><V84/><F29/><W15/><G36/><T20/><D124/><U6/><E110/><N who="2" m="42027" /><F125/><W56/><G120/><N who="2" m="46153" /><F84/><W118/><G134/><T114/><D114/><U72/><E72/><V92/><F5/><W28/><G118/><T81/><D20/><U57/><E130/><V49/><F12/><W39/><G39/><T44/><D44/><U46/><E46/><V82/><F82/><W1/><G100/><T91/><D91/><U133/><E128/><V95/><F116/><W131/><G104/><AGARI ba="0,0" hai="49,54,58,92,95,97,101,104" m="46153,42027" machi="104" ten="30,2000,0" yaku="14,1,52,1" doraHai="45" who="2" fromWho="3" sc="328,0,224,0,182,20,266,-20" /><INIT seed="2,0,0,4,2,135" ten="328,224,202,246" oya="2" hai0="66,26,70,62,105,15,93,81,71,109,14,59,101" hai1="46,116,72,96,3,54,32,34,44,97,94,134,99" hai2="63,7,121,57,38,83,85,22,42,9,69,131,102" hai3="29,13,103,51,126,107,125,132,110,64,47,45,106"/><V77/><F121/><W43/><G132/><T98/><D109/><U129/><E72/><V56/><F69/><W104/><G103/><T16/><D14/><U60/><E134/><V130/><F102/><W23/><G110/><T0/><D0/><U39/><E3/><V55/><F22/><W21/><G64/><T123/><D123/><U10/><E129/><V49/><F38/><W120/><G120/><T11/><D81/><U27/><E116/><V75/><F75/><W20/><G29/><T17/><D17/><U119/><E119/><V124/><F124/><N who="3" m="47723" /><G47/><T8/><D8/><U117/><E10/><V68/><F68/><W65/><G65/><T35/><REACH who="0" step="1"/><D105/><REACH who="0" ten="318,224,202,246" step="2"/><U100/><E117/><V50/><F9/><W6/><G6/><T67/><D67/><U90/><E39/><V19/><F7/><W12/><AGARI ba="0,1" hai="12,13,20,21,23,43,45,51,104,106,107" m="47723" machi="12" ten="40,8000,1" yaku="18,1,52,3" doraHai="135" who="3" fromWho="3" sc="318,-20,224,-20,202,-40,246,90" /><INIT seed="3,0,0,1,2,37" ten="298,204,162,336" oya="3" hai0="110,29,88,60,14,32,126,73,108,66,41,96,77" hai1="82,44,8,75,11,33,20,16,42,68,25,92,47" hai2="12,4,71,24,63,27,98,21,58,120,113,91,28" hai3="107,13,112,39,105,97,115,133,36,22,23,118,51"/><W34/><G97/><T78/><D32/><U54/><E68/><V26/><F71/><W103/><G51/><T123/><D123/><U55/><E33/><V38/><F38/><W9/><G9/><N who="1" m="3658" /><E75/><V93/><F113/><W43/><G13/><T40/><D29/><U31/><E82/><V50/><F120/><W74/><G103/><T76/><D14/><U87/><E31/><V80/><F4/><W6/><G34/><T69/><D73/><U46/><E42/><V99/><F80/><W65/><G74/><T94/><REACH who="0" step="1"/><D126/><REACH who="0" ten="288,204,162,336" step="2"/><U109/><E109/><AGARI ba="0,1" hai="40,41,60,66,69,76,77,78,88,94,96,108,109,110" machi="109" ten="40,16000,3" yaku="1,1,2,1,14,1,52,2,54,1,53,3" doraHai="37" doraHaiUra="122" who="0" fromWho="1" sc="288,170,204,-160,162,0,336,0" /><INIT seed="4,0,0,4,5,32" ten="458,44,162,336" oya="0" hai0="104,63,124,83,20,89,66,59,134,46,55,18,60" hai1="119,107,112,96,125,79,128,21,70,111,78,130,77" hai2="10,121,45,25,22,0,106,135,28,122,43,132,3" hai3="1,29,93,7,92,23,71,80,30,31,12,26,102"/><T118/><D118/><U85/><E70/><V87/><F106/><W14/><G71/><T34/><D34/><U133/><E21/><V67/><F67/><W36/><G36/><T82/><D124/><U56/><E56/><V91/><F91/><W39/><G39/><T88/><D104/><U6/><E6/><V73/><F87/><W68/><G68/><T103/><D103/><N who="1" m="62951" /><E111/><V24/><F73/><W41/><G41/><T84/><D134/><N who="2" m="51242" /><F10/><W113/><G113/><T57/><D46/><U35/><E35/><N who="2" m="20871" /><F45/><W49/><G49/><T48/><D63/><U51/><E51/><V64/><F64/><W15/><G80/><T126/><D126/><U81/><E125/><V16/><F43/><W40/><G40/><T44/><D44/><U17/><E119/><V129/><F129/><N who="1" m="49769" /><E17/><V52/><F52/><W47/><G47/><T50/><D50/><U74/><E133/><V94/><F94/><N who="3" m="36459" /><G102/><T37/><D37/><U114/><E74/><V65/><F65/><W62/><G62/><T116/><D116/><U131/><N who="1" m="49777" /><U42/><DORA hai="11" /><E42/><V105/><F105/><W13/><G1/><AGARI ba="0,0" hai="0,1,3,16,22,25,121,122" m="20871,51242" machi="1" ten="30,12000,2" yaku="20,1,34,2,52,3,54,1" doraHai="32,11" who="2" fromWho="3" sc="458,0,44,0,162,120,336,-120" /><INIT seed="5,0,0,1,3,50" ten="458,44,282,216" oya="1" hai0="100,104,124,89,26,70,60,63,35,28,122,74,7" hai1="51,68,78,94,27,17,129,87,9,120,62,0,56" hai2="39,91,59,40,31,82,47,77,76,121,108,24,90" hai3="102,8,106,32,75,92,98,36,135,65,126,12,123"/><U131/><E120/><V48/><F108/><W34/><G36/><T30/><D74/><U109/><E109/><V53/><F77/><W119/><G75/><T80/><D30/><U110/><E110/><V96/><F96/><W14/><G14/><T57/><D7/><U18/><E68/><V1/><F1/><W61/><G135/><T52/><D124/><U84/><E51/><V114/><F114/><W4/><G126/><T93/><D80/><U115/><E115/><V42/><F42/><W81/><G123/><T134/><D134/><U127/><E127/><V5/><F5/><W117/><G106/><T54/><D122/><U44/><E44/><V6/><F6/><W25/><G81/><T58/><D70/><U116/><E116/><N who="3" m="44618" /><G25/><T23/><D104/><U113/><E113/><V125/><F125/><W45/><G45/><T20/><D100/><U64/><E0/><V118/><F118/><W55/><G55/><T83/><D83/><N who="1" m="47223" /><E27/><V111/><F111/><W101/><G101/><T71/><D71/><AGARI ba="0,0" hai="4,8,12,32,34,61,65,71,92,98,102" m="44618" machi="71" ten="30,1000,0" yaku="12,1" doraHai="50" who="3" fromWho="0" sc="458,-10,44,0,282,0,216,10" /><INIT seed="6,0,0,2,3,119" ten="448,44,282,226" oya="2" hai0="114,80,132,86,69,12,9,33,4,40,93,107,6" hai1="71,66,73,5,68,83,124,39,2,26,128,77,30" hai2="79,19,54,43,37,91,89,62,127,108,45,60,7" hai3="112,10,18,106,88,57,49,15,65,125,47,32,56"/><V134/><F134/><W103/><G32/><T76/><D107/><U105/><E128/><V75/><F127/><W50/><G125/><T29/><D69/><U28/><E28/><V84/><F108/><W87/><G112/><T1/><D114/><U122/><E124/><V94/><F19/><W118/><G118/><T58/><D132/><U78/><E78/><V109/><F109/><W11/><G103/><T90/><D40/><U67/><E67/><V61/><F91/><W72/><G106/><T95/><D95/><U25/><E25/><V135/><F135/><W46/><G72/><T14/><D6/><U17/><E17/><V23/><F23/><W44/><G10/><T99/><D58/><N who="3" m="22633" /><G65/><T21/><D33/><U116/><E116/><V24/><F24/><W126/><G126/><T53/><D53/><U74/><E74/><V38/><F38/><W115/><G115/><T81/><D81/><AGARI ba="0,0" hai="11,15,18,44,46,47,49,50,81,87,88" m="22633" machi="81" ten="30,2000,0" yaku="8,1,54,1" doraHai="119" who="3" fromWho="0" sc="448,-20,44,0,282,0,226,20" /><INIT seed="7,0,0,0,5,113" ten="428,44,282,246" oya="3" hai0="90,77,31,44,88,51,21,22,86,57,30,18,12" hai1="92,32,114,59,56,19,118,64,42,46,89,83,48" hai2="101,63,33,75,91,40,70,129,20,3,128,61,120" hai3="76,28,94,0,124,115,52,134,17,93,38,4,117"/><W81/><G38/><T15/><D77/><U54/><E32/><V29/><F3/><W79/><G28/><N who="0" m="10795" /><D57/><U41/><E83/><V74/><F101/><W85/><G115/><T45/><D45/><U110/><E110/><V24/><F40/><W116/><G124/><T10/><D15/><U66/><E114/><V103/><F103/><W72/><G134/><T122/><D122/><U1/><E1/><V58/><F20/><N who="0" m="7786" /><D86/><U109/><E19/><V97/><F58/><W37/><G37/><T80/><D80/><U11/><E92/><V53/><F120/><W62/><G76/><T98/><D98/><U73/><E89/><V5/><F91/><W123/><G123/><T131/><D131/><U126/><E73/><V133/><F97/><W47/><G17/><T14/><D14/><U35/><E35/><V6/><F29/><W60/><G60/><T67/><D67/><U13/><E13/><V108/><F33/><W9/><G72/><T130/><D130/><U127/><E11/><V50/><F75/><W69/><G94/><T36/><D36/><U95/><E95/><V26/><F74/><W99/><G47/><T78/><D78/><U68/><E46/><V105/><F129/><W65/><G52/><AGARI ba="0,0" hai="10,12,18,44,51,52,88,90" m="7786,10795" machi="52" ten="30,3900,0" yaku="8,1,54,2" doraHai="113" who="0" fromWho="3" sc="428,39,44,0,282,0,246,-39" owari="467,57.0,44,-46.0,282,8.0,207,-19.0" /></mjloggm>