<mjloggm ver="2.3"><GO type="169" lobby="0"/><UN n0="%E5%B0%B1%E6%B4%BB%E7%94%9F%40%E5%B7%9D%E6%9D%91%E8%BB%8D%E5%9B%A3" n1="%E3%83%94%E3%83%BC%E3%83%81%E3%83%BB%E3%83%9E%E3%82%AD" n2="%E5%8C%97%E3%81%AE%E5%AF%BE%E5%AD%90%E8%90%BD%E3%81%A8%E3%81%97" n3="%6F%68%6E%6F%79%75%6B%69" dan="16,16,17,16" rate="2161.86,2034.03,2192.70,2141.63" sx="M,F,M,M"/><TAIKYOKU oya="0"/><INIT seed="0,0,0,4,4,30" ten="250,250,250,250" oya="0" hai0="49,134,61,62,82,3,31,0,60,70,115,76,127" hai1="25,26,117,5,27,64,39,36,42,12,57,110,15" hai2="97,124,126,122,94,9,46,13,71,6,114,121,132" hai3="95,21,18,130,17,106,52,92,87,68,128,58,112"/><T96/><D115/><U83/><E117/><V88/><F71/><W35/><G68/><T19/><D70/><U129/><E110/><V48/><F114/><W78/><G106/><T111/><D111/><U50/><E129/><N who="3" m="49770" /><G112/><T120/><D120/><U69/><E83/><V98/><F98/><W54/><G35/><T41/><D134/><U43/><E69/><V102/><F102/><W24/><G17/><T116/><D116/><U86/><E86/><V79/><F79/><W11/><G11/><T32/><D127/><N who="2" m="48682" /><F132/><W125/><G125/><T72/><D19/><U56/><E64/><V66/><F66/><W91/><G78/><T1/><D96/><U67/><E67/><V51/><F51/><N who="3" m="31007" /><G54/><AGARI ba="0,0" hai="6,9,13,46,48,54,88,94,97,121,122" m="48682" machi="54" ten="30,2000,0" yaku="18,1,54,1" doraHai="30" who="2" fromWho="3" sc="250,0,250,0,250,20,250,-20" /><INIT seed="1,0,0,4,2,15" ten="250,250,270,230" oya="1" hai0="124,125,66,79,30,102,131,41,43,84,71,31,48" hai1="61,89,63,62,58,53,103,135,50,11,80,101,39" hai2="56,129,42,21,106,68,20,18,3,52,49,7,4" hai3="45,0,9,99,122,2,51,91,59,29,25,113,23"/><U5/><E39/><V1/><F68/><W92/><G113/><T86/><D102/><U34/><E34/><V117/><F106/><W132/><G122/><T97/><D97/><U70/><E70/><V87/><F117/><W90/><G132/><T13/><D131/><U64/><E64/><V37/><F37/><W93/><G59/><T35/><D35/><U85/><REACH who="1" step="1"/><E135/><REACH who="1" ten="250,240,270,230" step="2"/><V22/><F129/><W60/><G60/><T126/><D66/><U55/><E55/><V127/><F127/><W83/><G83/><T111/><D71/><U27/><E27/><V73/><F52/><W74/><G25/><T40/><D124/><U57/><E57/><V130/><F56/><W17/><G51/><T100/><D48/><U75/><E75/><V120/><F73/><W33/><G74/><T32/><D32/><U115/><E115/><V24/><F24/><W28/><G33/><T10/><D125/><U121/><E121/><V134/><F120/><W54/><G54/><T8/><D126/><U19/><E19/><V114/><F114/><W6/><G17/><T96/><D31/><U116/><E116/><V104/><F134/><W72/><G72/><T108/><D30/><U38/><E38/><V16/><F130/><W36/><G29/><T133/><D133/><U110/><E110/><V14/><F49/><W78/><G36/><T12/><D43/><U119/><E119/><V94/><F42/><W107/><G28/><T81/><D81/><U105/><E105/><V69/><F69/><W128/><G107/><T46/><D108/><U44/><E44/><V88/><F104/><RYUUKYOKU ba="0,1" sc="250,-10,240,30,270,-10,230,-10" hai1="5,11,50,53,58,61,62,63,80,85,89,101,103" /><INIT seed="1,1,1,1,0,118" ten="240,270,260,220" oya="1" hai0="46,85,82,27,122,119,86,133,23,3,94,37,31" hai1="109,16,15,130,110,123,1,58,22,35,29,17,95" hai2="13,121,52,80,91,77,7,90,113,59,10,25,19" hai3="4,93,70,54,51,57,34,99,111,68,106,89,18"/><U28/><E95/><V11/><F113/><W117/><G117/><T5/><D119/><U78/><E78/><V20/><F11/><W127/><G111/><N who="1" m="42506" /><E58/><V135/><F135/><W67/><G127/><T43/><D133/><U74/><E74/><V45/><F45/><W116/><G116/><T114/><D114/><U92/><E92/><V53/><F121/><W38/><G34/><T104/><D104/><U76/><E76/><V97/><F97/><W14/><G4/><T103/><D122/><U48/><E48/><V56/><F56/><W75/><G75/><T40/><D86/><U96/><E96/><V33/><F33/><W128/><G38/><T32/><D94/><U84/><E84/><N who="2" m="48143" /><F53/><W72/><G72/><T87/><D43/><U62/><E62/><AGARI ba="1,1" hai="7,10,13,19,20,25,52,59,62,90,91" m="48143" machi="62" ten="30,2000,0" yaku="8,1,54,1" doraHai="118" who="2" fromWho="1" sc="240,0,270,-23,260,33,220,0" /><INIT seed="2,0,0,1,0,101" ten="240,247,293,220" oya="2" hai0="112,99,45,78,117,13,82,44,48,35,21,14,69" hai1="36,15,86,134,25,85,50,40,2,108,18,64,9" hai2="56,97,102,43,11,59,123,103,3,65,128,46,79" hai3="114,109,62,52,84,60,127,22,121,27,89,83,95"/><V38/><F123/><W41/><G121/><T124/><D35/><U75/><E75/><V88/><F128/><W34/><G34/><T53/><D69/><U105/><E105/><V76/><F3/><W113/><G109/><T28/><D112/><N who="3" m="43113" /><G127/><T120/><D124/><U37/><E108/><V119/><F119/><W87/><G41/><T57/><D120/><U122/><E122/><V90/><F11/><W17/><G52/><T58/><D117/><U49/><E2/><V26/><F26/><W55/><G55/><T80/><D99/><U7/><E64/><V32/><F32/><W91/><AGARI ba="0,0" hai="17,22,27,60,62,83,84,87,89,91,95" m="43113" machi="91" ten="30,1100,0" yaku="11,1" doraHai="101" who="3" fromWho="3" sc="240,-3,247,-3,293,-5,220,11" /><INIT seed="3,0,0,1,0,68" ten="237,244,288,231" oya="3" hai0="110,82,76,71,75,45,100,102,97,53,34,108,72" hai1="50,106,32,31,8,22,64,20,5,89,69,133,65" hai2="25,129,40,11,127,36,4,0,124,46,94,38,79" hai3="58,113,120,111,91,74,6,119,125,93,122,47,26"/><W78/><G6/><T123/><D53/><U101/><E50/><N who="2" m="26951" /><F129/><W12/><G12/><T77/><D71/><U51/><E51/><V121/><F121/><W17/><G47/><T83/><D34/><U109/><E89/><V27/><F79/><W1/><G1/><T57/><D57/><U43/><E43/><V35/><F94/><W103/><G58/><T48/><D48/><U10/><E10/><V9/><F11/><W116/><G26/><N who="2" m="9737" /><F35/><W28/><G17/><T107/><D45/><U135/><E32/><V3/><F3/><W132/><G28/><T63/><D63/><N who="1" m="40095" /><E31/><V73/><F73/><W92/><G113/><T134/><D123/><N who="3" m="47145" /><G125/><AGARI ba="0,0" hai="0,4,9,36,38,124,125,127" m="9737,26951" machi="125" ten="30,3900,0" yaku="18,1,52,2" doraHai="68" who="2" fromWho="3" sc="237,0,244,0,288,39,231,-39" /><INIT seed="4,0,0,3,1,9" ten="237,244,327,192" oya="0" hai0="8,68,70,77,52,22,0,35,10,76,104,12,67" hai1="83,60,97,29,95,45,94,57,31,3,103,126,80" hai2="134,32,34,78,105,5,14,43,7,62,127,1,112" hai3="58,64,18,61,120,92,25,85,88,132,66,89,59"/><T106/><D35/><U90/><E3/><V96/><F1/><W117/><G117/><T101/><D0/><U82/><E45/><V47/><F112/><W44/><G132/><T28/><D67/><U108/><E108/><V48/><F134/><W65/><G120/><T55/><D22/><U121/><E121/><V30/><F127/><W87/><G44/><T21/><D21/><U71/><E71/><V38/><F78/><W40/><G40/><T115/><D115/><U6/><E6/><V100/><F62/><W91/><G25/><T81/><D81/><U2/><E2/><V123/><F123/><W36/><G36/><T119/><D101/><U74/><E74/><V116/><F116/><W56/><G18/><T129/><D119/><U33/><E33/><V114/><F114/><W84/><G92/><T73/><D129/><U86/><REACH who="1" step="1"/><E126/><REACH who="1" ten="237,234,327,192" step="2"/><V39/><F32/><W135/><G135/><T20/><D73/><U49/><E49/><V24/><F7/><W93/><G93/><T131/><D131/><U122/><E122/><V53/><F43/><W27/><G27/><T72/><D72/><U42/><E42/><V107/><F107/><W102/><G102/><T17/><D104/><U37/><E37/><V128/><F128/><W63/><AGARI ba="0,1" hai="56,58,59,61,63,64,65,66,84,85,87,88,89,91" machi="63" ten="40,32000,5" yakuman="41" doraHai="9" who="3" fromWho="3" sc="237,-160,234,-80,327,-80,192,330" /><INIT seed="5,0,0,0,4,4" ten="77,154,247,522" oya="1" hai0="27,72,32,62,60,132,114,33,107,20,68,130,40" hai1="128,36,102,115,80,56,75,18,70,125,95,25,71" hai2="94,87,22,55,73,31,34,59,106,57,131,78,133" hai3="49,35,88,103,45,21,118,111,51,90,29,24,44"/><U48/><E36/><V5/><F106/><W63/><G118/><T69/><D72/><U124/><E115/><V100/><F34/><W52/><G111/><T10/><D114/><U76/><E128/><V23/><F73/><W64/><G103/><T77/><D77/><U58/><E102/><V43/><F43/><W101/><G101/><T79/><D79/><U113/><E113/><V3/><F3/><W37/><G35/><T96/><D130/><U92/><E25/><V85/><F5/><W66/><G37/><T67/><D132/><U105/><E105/><V41/><F41/><W16/><G29/><T53/><D40/><U81/><E18/><V1/><F1/><W126/><G126/><N who="1" m="48746" /><E81/><N who="2" m="47287" /><F59/><N who="1" m="22569" /><E48/><V119/><F31/><W61/><G63/><T50/><D107/><U83/><E83/><V120/><F133/><W12/><G24/><T135/><D135/><U84/><E75/><V26/><F26/><W91/><REACH who="3" step="1"/><G61/><REACH who="3" ten="77,154,247,512" step="2"/><T38/><D62/><U89/><E76/><V129/><F100/><W0/><G0/><T30/><D60/><U6/><E71/><V14/><F131/><W97/><G97/><T109/><D69/><U99/><E70/><V122/><F119/><W108/><G108/><T112/><D68/><U116/><E116/><V7/><F129/><W82/><G82/><T15/><D109/><U28/><E28/><V134/><F134/><W8/><G8/><T39/><D38/><U123/><E80/><V121/><F122/><W19/><G19/><T74/><D39/><U54/><E123/><V9/><F121/><W86/><G86/><T46/><D30/><RYUUKYOKU ba="0,1" sc="77,-10,154,-10,247,-10,512,30" hai3="12,16,21,44,45,49,51,52,64,66,88,90,91" /><INIT seed="6,1,1,1,5,135" ten="67,144,237,542" oya="2" hai0="109,28,11,84,41,51,133,106,113,97,48,94,81" hai1="86,96,55,70,19,1,32,61,39,9,117,63,99" hai2="49,58,50,132,134,10,46,67,3,118,24,68,112" hai3="56,83,33,64,21,71,15,85,91,16,82,54,124"/><V36/><F118/><W100/><G33/><T98/><D109/><U40/><E32/><V53/><F24/><W31/><G71/><T52/><D133/><N who="2" m="51306" /><F3/><W57/><G124/><T69/><D69/><U87/><E117/><V17/><F10/><W35/><G35/><T101/><D113/><U73/><E73/><V130/><F17/><W104/><G104/><T123/><D123/><U6/><E63/><N who="2" m="40063" /><F112/><W66/><G100/><T26/><D11/><U30/><E30/><V13/><F13/><W22/><G83/><T92/><D41/><U0/><E0/><V5/><F5/><W47/><G47/><T12/><D12/><U77/><E19/><V59/><F130/><W105/><G105/><T62/><D26/><U38/><E9/><V126/><F126/><W131/><G131/><T45/><D28/><U8/><E8/><V93/><F93/><W102/><G102/><T121/><D121/><U110/><E6/><V116/><F116/><W95/><G82/><T20/><D20/><U23/><E23/><V128/><F128/><W44/><G22/><T107/><D107/><U115/><E1/><V80/><F80/><W60/><G31/><T111/><D111/><U14/><E110/><V37/><F59/><W76/><G76/><N who="0" m="46119" /><D106/><U18/><E115/><V75/><F75/><W119/><G119/><T25/><D25/><U120/><E120/><V2/><F2/><W74/><G74/><T79/><D79/><U4/><E77/><V108/><F108/><W34/><G34/><T89/><D45/><U129/><E129/><V122/><F122/><W127/><G44/><RYUUKYOKU ba="1,1" sc="67,15,144,-15,237,15,542,-15" hai0="48,51,52,62,89,92,94,97,98,101" hai2="36,37,46,49,50,53,58" /><INIT seed="6,2,1,3,4,85" ten="82,129,252,527" oya="2" hai0="81,61,5,74,56,96,20,134,40,124,35,108,120" hai1="43,8,30,25,26,18,24,105,125,127,76,54,69" hai2="49,6,29,104,109,115,42,122,102,91,107,130,71" hai3="63,119,80,50,98,32,114,17,55,68,4,93,60"/><V133/><F71/><W13/><G119/><T37/><D35/><U34/><E69/><V82/><F122/><W21/><G32/><T3/><D120/><U57/><E105/><V45/><F115/><W110/><G110/><T86/><D108/><U53/><E43/><V94/><F109/><W129/><G114/><T51/><D124/><N who="1" m="47691" /><E76/><V131/><F130/><W73/><G129/><T33/><D134/><U23/><E8/><V89/><F131/><W52/><G68/><T90/><D33/><U78/><E78/><V15/><F29/><W9/><G73/><T64/><D74/><U10/><E10/><N who="2" m="4567" /><F107/><W0/><G80/><T58/><D3/><U62/><E54/><V14/><F104/><W19/><G19/><T101/><D5/><U111/><E111/><V67/><F67/><W66/><G66/><T132/><D132/><U65/><E65/><V44/><F44/><W70/><G70/><T75/><D75/><U121/><E121/><V99/><F133/><W135/><G135/><T88/><D37/><U92/><E92/><V77/><F14/><AGARI ba="2,1" hai="14,18,23,24,25,26,30,34,53,57,62" m="47691" machi="14" ten="30,1000,0" yaku="18,1" doraHai="85" who="1" fromWho="2" sc="82,0,129,26,252,-16,527,0" /><INIT seed="7,0,0,3,1,67" ten="82,155,236,527" oya="3" hai0="69,21,121,90,105,62,14,86,109,35,75,81,110" hai1="96,17,7,53,70,59,78,68,103,19,100,122,16" hai2="48,41,28,127,49,77,104,130,60,115,73,25,106" hai3="82,74,6,51,4,131,133,45,87,11,3,26,1"/><W65/><G131/><T18/><D121/><U108/><E122/><V32/><F115/><W80/><G133/><T132/><D132/><U23/><E108/><V79/><F130/><W30/><G65/><T99/><D35/><U114/><E114/><V107/><F127/><W54/><G74/><T46/><D46/><U39/><E39/><V111/><F111/><W129/><G129/><T71/><D62/><U63/><E7/><V94/><F73/><W117/><G117/><T57/><D57/><U43/><E43/><V113/><F113/><W47/><G47/><T10/><D75/><U124/><E124/><V76/><F41/><W20/><REACH who="3" step="1"/><G87/><REACH who="3" ten="82,155,236,517" step="2"/><T85/><D85/><U50/><E70/><V12/><F106/><W44/><G44/><T89/><D109/><U8/><E68/><V38/><F104/><W0/><G0/><T95/><D110/><U119/><E119/><V36/><F107/><W5/><G5/><T120/><D120/><U83/><E96/><V126/><F126/><W72/><G72/><T135/><D135/><U56/><E56/><V134/><F134/><W88/><G88/><T33/><D33/><U29/><E59/><V13/><F79/><W102/><G102/><T15/><REACH who="0" step="1"/><D105/><REACH who="0" ten="72,155,236,517" step="2"/><U116/><E116/><V64/><F64/><W61/><G61/><T118/><D118/><U128/><E63/><V55/><F60/><W101/><G101/><T98/><D98/><U9/><E103/><V24/><F32/><W42/><G42/><T52/><D52/><U97/><E100/><V22/><F55/><W66/><G66/><T27/><D27/><RYUUKYOKU ba="0,2" sc="72,15,155,-15,236,-15,517,15" hai0="10,14,15,18,21,69,71,81,86,89,90,95,99" hai3="1,3,4,6,11,20,26,30,45,51,54,80,82" owari="87,-41.0,140,-26.0,221,2.0,552,65.0" /></mjloggm>