<mjloggm ver="2.3"><GO type="169" lobby="0"/><UN n0="%E5%B0%B1%E6%B4%BB%E7%94%9F%40%E5%B7%9D%E6%9D%91%E8%BB%8D%E5%9B%A3" n1="%41%72%63%61%64%65" n2="%E6%83%A3%E6%B5%81%E3%83%BB%E3%82%A2%E3%82%B9%E3%82%AB" n3="%4B%69%72%63%68%65" dan="17,17,16,18" rate="2203.92,2076.62,2076.93,2267.14" sx="M,M,M,M"/><TAIKYOKU oya="0"/><INIT seed="0,0,0,5,1,27" ten="250,250,250,250" oya="0" hai0="121,4,46,101,77,39,89,134,128,125,123,92,81" hai1="93,60,16,107,85,3,41,62,73,67,0,83,119" hai2="68,82,1,34,17,13,32,61,45,26,58,127,54" hai3="84,104,108,47,129,124,88,99,14,94,53,65,109"/><T87/><D4/><U8/><E107/><V9/><F127/><W131/><G65/><T23/><D125/><U25/><E119/><V36/><F68/><W120/><G124/><T106/><D128/><N who="3" m="49225" /><G14/><T70/><D70/><U15/><E41/><V103/><F103/><N who="3" m="62591" /><G47/><T59/><D134/><U50/><E50/><V132/><F132/><W130/><G53/><T117/><D117/><U51/><E51/><V133/><F133/><W6/><G6/><T111/><D23/><U118/><E118/><V80/><F1/><W112/><G130/><T126/><D126/><U44/><E44/><V110/><F110/><N who="3" m="42603" /><G120/><T63/><D111/><U98/><E62/><V21/><F34/><W7/><G7/><T76/><D46/><U115/><E3/><V114/><F32/><W31/><G31/><T20/><D20/><U22/><E0/><V75/><F36/><W40/><G40/><T64/><D39/><U18/><E60/><V69/><F69/><W52/><G52/><T91/><D121/><U2/><E67/><V100/><F45/><W71/><G71/><T74/><D123/><U30/><E2/><V79/><F26/><W5/><G5/><T24/><D24/><U135/><E135/><V28/><F28/><W11/><G11/><T96/><D74/><U105/><E73/><V86/><F21/><W19/><G19/><T42/><D42/><U122/><E18/><V55/><F17/><W33/><G33/><T49/><D49/><U116/><E122/><V10/><F75/><W97/><G112/><T12/><D12/><U90/><E116/><V37/><F114/><RYUUKYOKU ba="0,0" sc="250,15,250,-15,250,-15,250,15" hai0="59,63,64,76,77,81,87,89,91,92,96,101,106" hai3="84,88,94,97" /><INIT seed="0,1,0,5,5,128" ten="265,235,235,265" oya="0" hai0="63,23,126,41,8,33,103,42,20,76,34,29,98" hai1="10,17,60,21,135,57,72,101,1,107,87,116,108" hai2="100,105,5,96,77,56,68,43,61,24,54,47,114" hai3="90,113,44,30,121,85,12,78,65,79,82,38,6"/><T4/><D126/><U127/><E72/><V133/><F114/><W83/><G113/><T48/><D76/><U37/><E37/><V19/><F133/><W118/><G118/><T49/><D34/><U132/><E116/><V99/><F68/><W88/><G121/><T124/><D124/><U134/><E127/><V2/><F77/><W26/><G65/><T28/><D63/><U55/><E108/><V70/><F70/><W64/><G64/><T59/><D33/><U66/><E107/><V102/><F5/><W122/><G122/><T84/><D84/><U95/><E1/><V35/><F2/><W46/><G6/><T75/><D75/><U67/><E10/><V112/><F112/><W111/><G12/><T52/><D23/><U32/><E32/><V89/><F89/><W7/><G7/><T123/><D123/><U11/><E11/><V25/><F19/><W119/><G111/><T73/><D73/><U129/><E129/><V15/><F15/><W92/><G119/><T91/><D91/><N who="1" m="53759" /><E101/><V27/><F35/><W22/><G38/><T53/><D20/><U71/><E71/><V110/><F110/><W69/><G69/><T0/><D29/><U86/><E86/><V74/><F74/><W106/><G106/><T50/><D28/><U130/><E130/><V39/><REACH who="2" step="1"/><F27/><AGARI ba="1,0" hai="17,21,27,55,57,60,66,67,132,134,135" m="53759" machi="27" ten="30,7700,0" yaku="20,1,52,3" doraHai="128" who="1" fromWho="2" sc="265,0,235,80,235,-80,265,0" /><INIT seed="1,0,0,3,5,88" ten="265,315,155,265" oya="1" hai0="66,114,71,109,117,76,70,9,104,93,113,18,16" hai1="23,121,43,98,65,90,89,56,30,95,25,21,73" hai2="10,83,102,97,85,105,31,41,44,14,86,33,5" hai3="103,11,96,39,118,60,72,55,119,50,22,35,127"/><U111/><E121/><V78/><F31/><W51/><G35/><T47/><D104/><U84/><E73/><V69/><F69/><W79/><G39/><T48/><D117/><U122/><E122/><V123/><F33/><W32/><G32/><T75/><D109/><U49/><E111/><V125/><F123/><W26/><G127/><T128/><D128/><U77/><E77/><V110/><F110/><W0/><G60/><T106/><D106/><U112/><E112/><V91/><F125/><W129/><G129/><T36/><D36/><U45/><E65/><V131/><F131/><W59/><G51/><T126/><D126/><U99/><E56/><V46/><REACH who="2" step="1"/><F41/><REACH who="2" ten="265,315,145,265" step="2"/><W74/><G118/><T80/><D71/><U134/><E134/><V2/><F2/><W87/><G119/><T62/><D113/><U115/><E115/><V24/><F24/><W58/><G0/><T19/><D114/><U130/><E130/><V53/><F53/><W54/><G54/><T132/><D132/><U8/><E8/><V63/><F63/><W42/><G42/><T108/><D108/><U100/><E25/><V40/><F40/><W120/><G120/><T38/><D9/><U124/><E30/><V3/><F3/><W7/><G55/><T28/><D28/><U67/><E124/><V133/><F133/><W64/><G11/><T13/><D13/><U101/><E43/><V135/><F135/><W57/><G26/><T81/><D70/><U4/><E67/><V27/><F27/><W6/><G64/><T94/><D66/><U107/><E49/><V68/><F68/><RYUUKYOKU ba="0,1" sc="265,-10,315,-10,145,30,265,-10" hai2="5,10,14,44,46,78,83,85,86,91,97,102,105" /><INIT seed="2,1,1,5,1,126" ten="255,305,175,255" oya="2" hai0="78,7,73,6,123,112,131,116,92,77,70,53,90" hai1="0,106,10,29,52,82,115,9,119,121,30,50,34" hai2="94,101,102,130,88,125,41,2,47,21,39,91,127" hai3="99,16,58,28,31,85,117,49,51,35,80,11,122"/><V134/><F134/><W129/><G122/><T120/><D112/><U66/><E119/><V105/><F105/><W18/><G117/><T132/><D70/><U95/><E115/><V43/><F2/><W60/><G99/><T128/><D116/><U15/><E106/><V61/><F130/><N who="0" m="49706" /><D132/><U64/><E121/><N who="0" m="46665" /><D53/><U87/><E95/><V71/><F43/><W135/><G135/><T103/><D103/><U81/><E81/><V33/><F33/><W107/><G107/><T22/><D22/><U5/><E34/><V36/><F21/><W93/><G93/><T109/><D109/><U65/><E10/><V89/><F94/><W44/><G35/><T76/><D73/><U48/><E52/><V133/><F133/><W84/><G11/><T25/><D25/><U17/><E64/><N who="2" m="41359" /><F101/><W62/><G129/><T86/><AGARI ba="1,1" hai="6,7,76,77,78,86,90,92" m="46665,49706" machi="86" ten="40,8000,1" yaku="19,1,52,3" doraHai="126" who="0" fromWho="0" sc="255,93,305,-21,175,-41,255,-21" /><INIT seed="3,0,0,2,5,59" ten="348,284,134,234" oya="3" hai0="1,82,67,43,29,104,38,84,116,74,119,6,64" hai1="65,100,111,135,60,32,66,4,10,131,91,57,72" hai2="33,26,63,99,46,3,87,88,78,103,53,80,50" hai3="35,110,21,19,12,102,95,7,71,86,56,15,90"/><W133/><G71/><T31/><D104/><U13/><E111/><V89/><F3/><W134/><G35/><T112/><D112/><U40/><E131/><V115/><F115/><W92/><G110/><T44/><D64/><U42/><E135/><N who="3" m="51722" /><G56/><T69/><D67/><U54/><E32/><V126/><F126/><W118/><G118/><T108/><D69/><U121/><E121/><V28/><REACH who="2" step="1"/><F63/><REACH who="2" ten="348,284,124,234" step="2"/><W81/><G102/><T76/><D108/><U105/><E60/><V14/><F14/><W109/><G109/><T23/><D116/><U70/><E13/><V36/><F36/><W129/><G129/><T25/><D119/><U47/><E70/><V20/><F20/><W24/><G15/><T39/><D39/><U22/><E22/><V68/><F68/><W120/><G120/><T45/><D45/><U130/><E47/><V27/><F27/><W79/><G7/><T107/><D23/><U114/><E4/><V16/><F16/><W122/><G122/><T75/><D25/><U0/><E0/><V48/><F48/><W11/><G21/><T93/><D31/><U49/><E49/><V83/><F83/><N who="3" m="49503" /><G24/><T94/><D29/><U128/><E114/><V62/><F62/><W37/><G37/><T132/><D132/><U61/><E61/><V2/><F2/><W73/><AGARI ba="0,1" hai="11,12,19,73,79,81,92,95" m="49503,51722" machi="73" ten="30,1500,0" yaku="20,1" doraHai="59" who="3" fromWho="3" sc="348,-5,284,-5,124,-5,234,25" /><INIT seed="3,1,0,3,3,94" ten="343,279,119,259" oya="3" hai0="73,48,104,125,134,5,39,87,8,14,2,21,60" hai1="44,127,9,31,72,54,6,1,78,49,119,135,118" hai2="84,55,126,117,99,91,67,75,105,133,77,22,70" hai3="131,132,3,92,80,85,66,113,122,4,108,74,24"/><W43/><G122/><T65/><D73/><U25/><E135/><V115/><F117/><N who="1" m="44553" /><E127/><V123/><F115/><W96/><G113/><T33/><D134/><U38/><E38/><V107/><F133/><W124/><G74/><T61/><D39/><U27/><E31/><V45/><F126/><W88/><G124/><T98/><D33/><U63/><E63/><V46/><F67/><W19/><G132/><T110/><D110/><U81/><AGARI ba="1,0" hai="1,6,9,25,27,44,49,54,72,78,81" m="44553" machi="81" ten="30,1100,0" yaku="12,1" doraHai="94" who="1" fromWho="1" sc="343,-4,279,14,119,-4,259,-6" /><INIT seed="4,0,0,5,3,15" ten="339,293,115,253" oya="0" hai0="116,91,29,9,99,28,31,111,18,100,65,24,121" hai1="129,40,38,34,17,88,104,79,131,8,134,114,113" hai2="13,87,46,94,66,27,20,95,132,105,32,90,19" hai3="133,127,135,47,74,43,120,81,3,72,77,37,71"/><T54/><D121/><U123/><E123/><V119/><F105/><W55/><G120/><T35/><D116/><U12/><E134/><N who="3" m="51210" /><G127/><T23/><D111/><U25/><E104/><V52/><F132/><W82/><G55/><T70/><D91/><U45/><E79/><V128/><F128/><N who="1" m="49225" /><E88/><N who="2" m="53535" /><F32/><W97/><G97/><T39/><D39/><U48/><E38/><V124/><F124/><W57/><G57/><T4/><D54/><U78/><E78/><V14/><F66/><W107/><G107/><T30/><D65/><U86/><E86/><N who="2" m="52695" /><F119/><W26/><G82/><T98/><D70/><U89/><E89/><V106/><F106/><W62/><G3/><N who="0" m="159" /><D100/><U42/><E42/><V36/><F36/><W84/><G71/><T16/><D99/><U75/><E75/><V76/><F76/><W2/><G2/><T51/><D51/><AGARI ba="0,0" hai="13,14,19,20,27,46,51,52" m="52695,53535" machi="51" ten="30,7700,0" yaku="8,1,52,1,54,2" doraHai="15" who="2" fromWho="0" sc="339,-77,293,0,115,77,253,0" /><INIT seed="5,0,0,3,3,75" ten="262,293,192,253" oya="1" hai0="120,11,47,74,79,22,119,26,124,133,41,49,19" hai1="84,121,123,2,15,12,66,93,62,112,70,83,53" hai2="127,36,44,65,50,106,90,72,130,0,51,9,89" hai3="27,92,96,101,38,64,129,107,56,86,10,118,54"/><U110/><E2/><V13/><F106/><W128/><G38/><T105/><D119/><U135/><E112/><V117/><F117/><W108/><G108/><T61/><D120/><U76/><E135/><V103/><F103/><W23/><G64/><T87/><D105/><U40/><E110/><V94/><F0/><W31/><G118/><T43/><D133/><U71/><E71/><V16/><F36/><W99/><G10/><T131/><D74/><U111/><E111/><V115/><F72/><W21/><G86/><T73/><D73/><U59/><E40/><V100/><F130/><W132/><G132/><T42/><D131/><U25/><E25/><V1/><F1/><W98/><G98/><T67/><D11/><U81/><E93/><V55/><F127/><W80/><G80/><N who="0" m="47519" /><D124/><U60/><REACH who="1" step="1"/><E83/><REACH who="1" ten="262,283,192,253" step="2"/><V77/><F115/><W4/><G128/><T14/><D26/><U134/><E134/><V109/><F109/><W39/><G129/><T125/><D125/><U91/><E91/><V46/><F90/><W3/><G3/><T8/><D43/><U35/><E35/><V82/><F89/><W7/><G39/><T20/><D42/><U18/><E18/><V85/><F94/><W68/><G68/><T5/><D19/><U57/><E57/><AGARI ba="0,1" hai="5,8,14,20,22,41,47,49,57,61,67" m="47519" machi="57" ten="30,3900,0" yaku="25,1,8,1,52,1" doraHai="75" who="0" fromWho="1" sc="262,49,283,-39,192,0,253,0" /><INIT seed="6,0,0,4,2,112" ten="311,244,192,253" oya="2" hai0="18,132,128,82,0,26,5,67,122,8,61,117,12" hai1="109,52,93,124,48,1,90,91,78,105,119,127,71" hai2="9,16,79,118,130,40,95,72,64,108,45,33,102" hai3="110,98,32,68,111,53,21,135,116,99,11,43,39"/><V2/><F33/><W7/><G32/><T4/><D122/><U92/><E109/><V75/><F108/><W50/><G68/><T76/><D128/><U59/><E105/><V65/><F130/><W87/><G135/><T20/><D132/><U80/><E71/><V60/><F102/><W107/><G98/><T47/><D117/><U115/><E1/><V6/><F95/><N who="1" m="36425" /><E115/><V51/><F118/><W83/><G116/><T13/><D47/><U29/><E29/><V69/><F79/><W96/><G96/><T14/><D4/><U70/><E70/><V85/><F85/><W57/><G21/><T113/><D113/><U3/><E3/><V106/><F106/><W22/><G22/><T56/><D0/><U114/><E114/><V15/><REACH who="2" step="1"/><F64/><REACH who="2" ten="311,244,182,253" step="2"/><W94/><G107/><T88/><D88/><U19/><E119/><V30/><F30/><W49/><G94/><T133/><D133/><U134/><E134/><V58/><F58/><W77/><G99/><T81/><D81/><U84/><E91/><V23/><AGARI ba="0,1" hai="2,6,9,15,16,23,40,45,51,60,65,69,72,75" machi="23" ten="20,7800,0" yaku="1,1,0,1,7,1,54,1,53,0" doraHai="112" doraHaiUra="121" who="2" fromWho="2" sc="311,-26,244,-26,182,88,253,-26" /><INIT seed="6,1,0,1,1,119" ten="285,218,270,227" oya="2" hai0="54,127,59,98,37,32,35,97,17,68,94,28,25" hai1="44,73,67,62,20,50,89,135,117,7,131,120,121" hai2="18,103,93,43,104,0,111,14,10,99,133,130,72" hai3="70,86,123,6,106,110,109,56,76,39,128,2,3"/><V40/><F130/><W77/><G70/><T31/><D127/><U8/><E117/><V52/><F133/><W34/><G128/><T49/><D68/><U65/><E131/><V41/><F72/><W58/><G34/><T16/><D37/><U45/><E135/><V11/><F111/><W100/><G39/><T24/><REACH who="0" step="1"/><D98/><REACH who="0" ten="275,218,270,227" step="2"/><U80/><E120/><V5/><REACH who="2" step="1"/><F52/><REACH who="2" ten="275,218,260,227" step="2"/><W115/><G109/><T113/><D113/><U107/><E121/><V95/><AGARI ba="1,2" hai="0,5,10,11,14,18,40,41,43,93,95,99,103,104" machi="95" ten="30,11700,0" yaku="1,1,2,1,0,1,53,1" doraHai="119" doraHaiUra="15" who="2" fromWho="2" sc="275,-40,218,-40,260,140,227,-40" /><INIT seed="6,2,0,1,0,12" ten="235,178,400,187" oya="2" hai0="101,128,57,114,130,52,133,24,25,59,89,41,36" hai1="82,34,88,15,16,86,60,131,7,135,120,29,91" hai2="10,38,113,129,73,102,28,1,67,106,19,17,126" hai3="47,45,31,61,69,104,84,3,121,42,95,54,70"/><V32/><F73/><W49/><G104/><T109/><D109/><U116/><E116/><V87/><F38/><W76/><G3/><T85/><D114/><U77/><E131/><N who="0" m="50217" /><D133/><U134/><E120/><V23/><F67/><W99/><G121/><T81/><D101/><U83/><E7/><V93/><F106/><W71/><G31/><T46/><D59/><U8/><E60/><AGARI ba="2,0" hai="24,25,36,41,46,52,57,60,81,85,89" m="50217" machi="60" ten="30,2000,0" yaku="19,1,54,1" doraHai="12" who="0" fromWho="1" sc="235,26,178,-26,400,0,187,0" /><INIT seed="7,0,0,0,5,105" ten="261,152,400,187" oya="3" hai0="134,101,33,81,26,9,8,32,73,17,10,5,94" hai1="70,56,50,133,66,55,100,0,19,82,45,47,88" hai2="110,49,114,64,16,132,4,90,42,112,117,109,35" hai3="115,63,131,92,72,31,38,65,52,83,80,3,48"/><W14/><G38/><T44/><D134/><U93/><E0/><V21/><F35/><W106/><G106/><T135/><D135/><U46/><E133/><V127/><F132/><W68/><G3/><T130/><D130/><U111/><E111/><V34/><F127/><W28/><G131/><T61/><D33/><U54/><E70/><V18/><F34/><W24/><G115/><T53/><D73/><U123/><E123/><V116/><F64/><W119/><G119/><T7/><D81/><U71/><E71/><V13/><F90/><W60/><G60/><T85/><D32/><U41/><E66/><V37/><F37/><W121/><G121/><T27/><D17/><U15/><E100/><V104/><F104/><W74/><G83/><T29/><D29/><U97/><E82/><V76/><F76/><W126/><G126/><T62/><D44/><U128/><E128/><V43/><F4/><N who="0" m="1610" /><D53/><U102/><E102/><V113/><F18/><W87/><G92/><T125/><D125/><U96/><E55/><V77/><F77/><W99/><G99/><N who="0" m="59639" /><D85/><U2/><E2/><V120/><F120/><W39/><G14/><T86/><D86/><N who="1" m="52375" /><E41/><N who="2" m="15371" /><F49/><W107/><G107/><T124/><D124/><U1/><E1/><V6/><F6/><W103/><G103/><T84/><D84/><U22/><AGARI ba="0,0" hai="15,19,22,45,46,47,50,54,56,96,97" m="52375" machi="22" ten="30,4000,0" yaku="25,1,8,1,54,1" doraHai="105" who="1" fromWho="1" sc="261,-10,152,40,400,-10,187,-20" owari="251,5.0,192,-21.0,390,49.0,167,-33.0" /></mjloggm>