<mjloggm ver="2.3"><GO type="169" lobby="0"/><UN n0="%43%61%6C%6B%61%6E" n1="%6A%75%61%6E" n2="%74%75%67%61%6D%69" n3="%E3%82%A6%E3%83%AB%E3%83%88%E3%83%A9%E7%AB%8B%E7%9B%B4" dan="16,16,17,17" rate="2003.71,2082.37,2141.67,2163.72" sx="M,M,M,M"/><TAIKYOKU oya="0"/><INIT seed="0,0,0,3,0,45" ten="250,250,250,250" oya="0" hai0="58,11,7,53,63,68,43,130,87,102,126,111,89" hai1="25,135,113,123,1,76,38,117,44,94,85,82,72" hai2="50,42,99,120,125,48,13,46,37,119,18,121,98" hai3="103,41,30,128,129,112,55,64,110,35,60,77,66"/><T122/><D122/><U56/><E123/><V33/><F33/><W106/><G77/><T127/><D102/><U75/><E1/><V69/><F69/><W67/><G30/><T132/><D130/><N who="3" m="50281" /><G35/><T105/><D105/><U17/><E117/><V93/><F119/><W2/><G2/><T91/><D132/><U49/><E113/><V131/><F131/><W36/><G103/><T26/><D26/><U21/><E135/><V107/><F125/><N who="0" m="47626" /><D111/><U62/><E94/><V19/><F107/><W27/><G27/><T97/><D68/><U15/><E25/><V70/><F70/><W51/><G106/><T32/><D32/><U6/><E6/><V118/><F118/><W3/><G3/><N who="0" m="511" /><D97/><U134/><E134/><V78/><F78/><W133/><G133/><T96/><D96/><U124/><E124/><V108/><F108/><W52/><G110/><T104/><D104/><U16/><E17/><V83/><F18/><W109/><G109/><T29/><D29/><U22/><E22/><V80/><F99/><W39/><G112/><T116/><D116/><U84/><E75/><V5/><F121/><W95/><G95/><N who="0" m="54719" /><D43/><U73/><E73/><V88/><F120/><W28/><G28/><T0/><D0/><U114/><E114/><V61/><F5/><W100/><G100/><T24/><D24/><U40/><E72/><V115/><F115/><W101/><G101/><T8/><D8/><U71/><E71/><V65/><F80/><W23/><G41/><T86/><D86/><U92/><E85/><V81/><F83/><W57/><G23/><T10/><D10/><RYUUKYOKU ba="0,0" sc="250,15,250,-15,250,-15,250,15" hai0="53,58,63,91" hai3="36,39,51,52,55,57,60,64,66,67" /><INIT seed="0,1,0,2,5,39" ten="265,235,235,265" oya="0" hai0="114,123,83,0,2,105,72,28,9,125,90,80,126" hai1="22,117,29,102,26,19,74,37,27,17,75,91,58" hai2="45,4,5,92,77,63,53,30,93,128,106,1,23" hai3="41,118,36,104,33,87,43,24,55,101,12,94,15"/><T46/><D123/><U97/><E117/><V65/><F106/><W113/><G36/><T78/><D114/><U81/><E37/><V7/><F128/><W82/><G104/><T50/><D105/><U121/><E121/><V16/><F77/><W62/><G33/><T135/><D28/><U40/><E40/><N who="3" m="15434" /><G118/><T134/><D90/><U124/><E124/><N who="0" m="47721" /><D80/><U130/><E130/><V95/><F30/><W98/><G113/><T129/><D129/><U38/><E38/><V44/><F53/><W110/><G110/><T20/><D20/><U14/><E91/><V107/><F107/><W132/><G132/><N who="0" m="50731" /><D9/><U99/><E81/><V11/><F1/><W122/><G122/><T84/><D72/><U59/><E29/><V49/><F11/><W6/><G24/><T89/><D78/><U18/><E27/><V109/><F109/><W31/><G31/><T48/><D48/><U21/><E26/><N who="2" m="14695" /><F49/><W66/><G6/><T61/><D61/><U8/><E74/><V64/><F63/><W10/><G10/><T68/><D68/><U96/><E75/><V35/><F35/><W116/><G116/><T119/><D119/><U54/><E8/><V34/><F34/><W71/><G82/><T133/><N who="0" m="50739" /><T131/><DORA hai="73" /><D131/><U56/><E102/><V100/><F100/><W76/><G76/><T60/><D60/><U3/><E3/><V111/><F111/><W120/><G120/><T57/><D57/><N who="1" m="22123" /><E14/><N who="3" m="5162" /><G87/><T108/><D108/><U32/><E32/><V13/><F13/><W79/><G79/><T69/><D69/><U51/><AGARI ba="1,0" hai="17,18,19,21,22,51,54,59,96,97,99" m="22123" machi="51" ten="40,1500,0" yaku="8,1" doraHai="39,73" who="1" fromWho="1" sc="265,-8,235,18,235,-5,265,-5" /><INIT seed="1,0,0,0,2,36" ten="257,253,230,260" oya="1" hai0="60,6,7,114,1,73,92,47,24,31,8,132,83" hai1="133,19,113,40,41,135,82,134,96,75,69,88,34" hai2="94,22,12,64,127,18,23,80,85,77,100,74,84" hai3="16,131,102,58,89,29,98,14,46,11,126,93,5"/><U130/><E69/><V108/><F108/><W56/><G131/><T9/><D132/><U66/><E130/><V72/><F127/><W49/><G29/><T62/><D114/><U17/><E113/><V116/><F116/><W104/><G126/><T71/><D92/><N who="1" m="56327" /><E34/><V103/><F72/><W99/><REACH who="3" step="1"/><G5/><REACH who="3" ten="257,253,230,250" step="2"/><T55/><D7/><U25/><E19/><V27/><F64/><W78/><G78/><T10/><D6/><U107/><E66/><V50/><F77/><W59/><G59/><T35/><D71/><U119/><E119/><V51/><F74/><W90/><G90/><T65/><D65/><U48/><E17/><V81/><F18/><W2/><G2/><T33/><D1/><U26/><E107/><V79/><F79/><W101/><G101/><T91/><D73/><U95/><E75/><V39/><F103/><W54/><AGARI ba="0,1" hai="11,14,16,46,49,54,56,58,89,93,98,99,102,104" machi="54" ten="20,5200,0" yaku="1,1,0,1,7,1,54,1,53,0" doraHai="36" doraHaiUra="121" who="3" fromWho="3" sc="257,-13,253,-26,230,-13,250,62" /><INIT seed="2,0,0,0,0,9" ten="244,227,217,312" oya="2" hai0="1,119,105,3,31,117,77,96,90,17,2,132,15" hai1="106,128,102,25,81,60,24,88,21,18,100,23,10" hai2="68,83,84,98,28,86,123,97,130,61,63,0,13" hai3="65,80,14,73,39,75,114,112,109,46,32,93,57"/><V71/><F0/><W127/><G32/><T12/><D77/><U74/><E106/><V103/><F130/><W42/><G80/><T99/><D31/><U52/><E128/><V29/><F103/><W19/><G109/><T121/><D121/><U66/><E10/><V55/><F55/><W108/><G108/><T118/><D132/><U40/><E40/><V16/><F83/><W92/><G127/><T120/><D120/><U78/><E66/><V59/><F59/><W133/><G133/><T104/><D17/><N who="1" m="12335" /><E78/><V110/><F110/><W115/><G57/><T47/><D47/><U116/><E74/><N who="3" m="28170" /><G65/><T53/><D53/><U34/><E34/><V135/><F135/><W38/><G38/><T111/><D111/><U4/><E4/><V50/><F50/><W56/><G56/><T107/><D90/><U91/><E116/><V134/><F134/><W87/><G87/><T20/><D20/><AGARI ba="0,0" hai="14,19,20,39,42,46,92,93,112,114,115" m="28170" machi="20" ten="40,2600,0" yaku="11,1,52,1" doraHai="9" who="3" fromWho="0" sc="244,-26,227,0,217,0,312,26" /><INIT seed="3,0,0,2,4,12" ten="218,227,217,338" oya="3" hai0="113,83,98,101,79,72,92,123,3,126,43,103,73" hai1="77,22,111,106,100,112,102,91,134,56,62,48,67" hai2="114,94,38,41,93,127,108,107,50,133,7,23,55" hai3="27,21,80,34,105,5,109,15,110,25,99,8,20"/><W4/><G105/><T89/><D3/><U85/><E111/><N who="3" m="42506" /><G99/><T46/><D123/><U59/><E112/><V124/><F114/><W90/><G90/><T122/><D113/><U14/><E134/><V68/><F68/><W129/><G80/><T42/><D122/><U0/><E0/><V71/><F71/><W37/><G37/><T131/><D126/><U86/><E77/><V135/><F41/><W32/><G4/><T76/><D131/><U116/><E116/><V44/><F7/><W57/><G129/><T16/><D43/><U70/><E70/><V97/><F38/><W28/><G57/><T26/><D76/><U128/><E128/><V52/><F107/><W65/><G65/><T54/><D54/><N who="1" m="31815" /><E106/><V18/><F55/><W61/><G61/><T13/><D26/><U60/><E60/><V9/><F94/><W2/><G2/><T78/><D78/><U132/><E132/><N who="2" m="50763" /><F108/><W40/><G40/><T31/><D31/><AGARI ba="0,0" hai="5,8,15,20,21,25,27,28,31,32,34" m="42506" machi="31" ten="30,11600,0" yaku="14,1,10,1,34,2" doraHai="12" who="3" fromWho="0" sc="218,-116,227,0,217,0,338,116" /><INIT seed="3,1,0,0,3,102" ten="102,227,217,454" oya="3" hai0="11,15,47,33,87,61,40,125,89,112,110,0,42" hai1="65,51,100,52,55,8,78,106,14,63,74,72,107" hai2="93,23,129,109,45,60,66,82,3,4,70,5,134" hai3="67,41,13,57,122,118,46,81,38,104,128,64,68"/><W7/><G122/><T59/><D110/><U94/><E94/><V20/><F109/><W98/><G118/><T108/><D108/><U90/><E90/><V126/><F134/><W130/><G68/><T133/><D125/><U30/><E30/><V9/><F4/><W17/><G7/><T10/><D112/><U2/><E2/><V120/><F129/><N who="3" m="49771" /><G57/><T58/><D133/><U111/><E111/><V43/><F93/><W36/><G36/><T18/><D33/><U44/><E55/><V28/><F28/><W86/><G98/><T1/><D1/><U39/><E39/><V103/><F103/><W96/><G96/><T69/><D0/><U92/><E92/><V71/><F71/><W113/><G104/><T26/><D69/><U116/><E116/><V88/><F126/><W25/><G25/><T80/><D26/><U115/><E115/><V6/><F6/><W124/><G124/><T95/><D11/><U48/><E100/><V105/><F105/><W91/><G113/><T127/><D127/><U79/><E51/><V76/><F88/><W99/><G99/><T32/><D32/><U83/><E78/><V73/><F120/><W114/><G114/><T37/><D42/><U62/><E72/><V85/><F85/><W77/><G77/><N who="0" m="46479" /><D61/><U121/><E63/><V22/><F45/><W132/><G132/><T131/><D131/><U117/><E117/><V31/><F43/><W35/><G35/><T56/><D95/><U19/><E121/><V27/><AGARI ba="1,0" hai="3,5,9,20,22,23,27,31,60,66,70,73,76,82" machi="27" ten="30,1100,0" yaku="0,1" doraHai="102" who="2" fromWho="2" sc="102,-4,227,-4,217,14,454,-6" /><INIT seed="4,0,0,2,2,41" ten="98,223,231,448" oya="0" hai0="6,106,0,20,17,34,61,71,130,80,75,124,133" hai1="58,4,66,28,14,57,91,121,77,84,45,30,26" hai2="95,131,114,55,98,62,15,122,13,78,102,85,47" hai3="7,64,104,81,18,74,44,16,11,19,52,32,117"/><T21/><D34/><U42/><E121/><V54/><F122/><W65/><G104/><T87/><D75/><U100/><E77/><V105/><F131/><W96/><G32/><T101/><D130/><U82/><E100/><V93/><F114/><W135/><G117/><T23/><D133/><U134/><E134/><V72/><F72/><W90/><G135/><T48/><D124/><U39/><E66/><V88/><F78/><W10/><G74/><T60/><D0/><U3/><E3/><V29/><F105/><W8/><G7/><T1/><D1/><U118/><E118/><V53/><F29/><W128/><G128/><T127/><D127/><U110/><E30/><V107/><F107/><W89/><G89/><N who="0" m="51431" /><D6/><U12/><E110/><V5/><F62/><N who="0" m="24170" /><D71/><U46/><E4/><V22/><F22/><N who="0" m="8810" /><D106/><U67/><E67/><V125/><F125/><W126/><G126/><T119/><D119/><U33/><E39/><V9/><F13/><N who="1" m="5225" /><E42/><V94/><F94/><N who="3" m="56407" /><G81/><T109/><D109/><U108/><E108/><V79/><F79/><W37/><G37/><T115/><D115/><U24/><E33/><V70/><F70/><W69/><G69/><T120/><D120/><U25/><E28/><V111/><F111/><W112/><G112/><T86/><D101/><U40/><E40/><V129/><F129/><W99/><G65/><T56/><D86/><U132/><E132/><V38/><F38/><W103/><G64/><T35/><D35/><U123/><E123/><V83/><F83/><W59/><G103/><T51/><D56/><AGARI ba="0,0" hai="24,25,26,45,46,56,57,58,82,84,91" m="5225" machi="56" ten="30,3900,0" yaku="8,1,52,2" doraHai="41" who="1" fromWho="0" sc="98,-39,223,39,231,0,448,0" /><INIT seed="5,0,0,2,2,96" ten="59,262,231,448" oya="1" hai0="108,25,92,111,54,88,33,71,102,72,89,32,125" hai1="133,19,131,109,42,90,14,65,120,112,82,18,27" hai2="28,37,68,104,87,62,21,22,57,30,35,52,123" hai3="128,61,105,118,50,93,3,51,39,75,43,24,12"/><U47/><E120/><V117/><F123/><W66/><G105/><T73/><D71/><U107/><E107/><V101/><F37/><W119/><G3/><T16/><D125/><U45/><E109/><V64/><F87/><W98/><G75/><T122/><D122/><U17/><E112/><V34/><F30/><W97/><G97/><T110/><D54/><U4/><E133/><V55/><F55/><W53/><G12/><T100/><D110/><U1/><E1/><V99/><F117/><W95/><G95/><T41/><D92/><U36/><E131/><V11/><F11/><W130/><G24/><T80/><D80/><U103/><E65/><V7/><F7/><W63/><G43/><T48/><D48/><N who="3" m="18473" /><G53/><T94/><D94/><U13/><E27/><N who="2" m="18719" /><F35/><W46/><G46/><N who="1" m="17418" /><E42/><V10/><F10/><W84/><G39/><T124/><D41/><U85/><E36/><V8/><F8/><W113/><G128/><T9/><D9/><N who="1" m="4263" /><E14/><V0/><F0/><W132/><G130/><T116/><D124/><U44/><N who="1" m="17426" /><U6/><DORA hai="115" /><E6/><V76/><F76/><W134/><G132/><T81/><D25/><U69/><E69/><V78/><F78/><W5/><G134/><T23/><D81/><U135/><E135/><V91/><F64/><W40/><G66/><T59/><D23/><N who="2" m="8714" /><F68/><W77/><G113/><T86/><D86/><U60/><E60/><N who="3" m="23114" /><G5/><T26/><D26/><U56/><E56/><V127/><F127/><W106/><G40/><T38/><D38/><U29/><E29/><V126/><F126/><W79/><G119/><T83/><D116/><RYUUKYOKU ba="0,0" sc="59,-15,262,15,231,15,448,-15" hai1="17,18,19,82,85,90,103" hai2="52,57,62,91,99,101,104" /><INIT seed="5,1,0,2,4,29" ten="44,277,246,433" oya="1" hai0="132,110,90,18,91,85,93,100,71,30,123,6,57" hai1="127,75,39,14,64,65,77,11,107,133,67,54,88" hai2="118,101,16,46,79,119,13,86,129,49,51,92,102" hai3="2,104,70,76,95,0,63,1,124,48,31,97,40"/><U28/><E107/><V98/><F129/><W59/><G104/><T62/><D123/><U55/><E39/><V61/><F102/><W44/><G70/><T114/><D71/><U84/><E75/><V125/><F125/><W60/><G124/><T10/><D132/><U99/><E133/><V66/><F79/><W130/><G130/><T33/><D110/><U41/><E41/><V12/><F86/><W20/><G76/><T56/><D18/><N who="1" m="8543" /><E28/><V43/><F51/><W117/><G117/><T24/><D114/><U126/><E126/><V26/><F26/><W116/><G116/><T34/><D100/><U81/><E127/><V115/><F12/><W72/><G72/><T105/><D105/><U5/><E5/><V82/><F82/><W78/><G78/><T36/><D36/><U134/><E134/><V69/><REACH who="2" step="1"/><F115/><REACH who="2" ten="44,277,236,433" step="2"/><W23/><G1/><T9/><D91/><U58/><E99/><V121/><F121/><W108/><G0/><T106/><D106/><U3/><E3/><V120/><F120/><W42/><G2/><T38/><D38/><U112/><E112/><V80/><F80/><W109/><G97/><T37/><D37/><U47/><E77/><V45/><F45/><W68/><G44/><T50/><D50/><N who="1" m="31063" /><E47/><V89/><F89/><W7/><G48/><T8/><D6/><U122/><E122/><V27/><F27/><W94/><G7/><T32/><REACH who="0" step="1"/><D62/><REACH who="0" ten="34,277,236,433" step="2"/><U73/><E73/><V96/><F96/><W113/><G113/><T17/><D17/><U35/><E88/><V4/><F4/><W74/><G74/><T131/><D131/><RYUUKYOKU ba="1,2" sc="34,15,277,-15,236,15,433,-15" hai0="8,9,10,24,30,32,33,34,56,57,85,90,93" hai2="13,16,43,46,49,61,66,69,92,98,101,118,119" /><INIT seed="6,2,2,1,4,57" ten="49,262,251,418" oya="2" hai0="124,14,16,73,113,107,70,133,129,109,44,79,64" hai1="30,53,27,41,19,105,134,28,50,17,15,69,67" hai2="40,82,60,115,110,96,37,55,86,118,71,122,89" hai3="117,9,3,49,25,34,61,104,65,87,42,106,120"/><V11/><F122/><W12/><G3/><T58/><D58/><U46/><E105/><V91/><F118/><W72/><G72/><T38/><D109/><U26/><E134/><V23/><F110/><W132/><G117/><T135/><D113/><U2/><E2/><V54/><F115/><W59/><G120/><T52/><D107/><U24/><E69/><V81/><F40/><W83/><G132/><T90/><D38/><U36/><E67/><V92/><F37/><W10/><G10/><T68/><D124/><U77/><E77/><V80/><F11/><W78/><G25/><T21/><D70/><U94/><E94/><N who="2" m="56415" /><F71/><W121/><G34/><T75/><D90/><U125/><E125/><V66/><F66/><W0/><G0/><T51/><D73/><U112/><E112/><V84/><F60/><W108/><G108/><T76/><D129/><U1/><E1/><V43/><F43/><W116/><G116/><T56/><D79/><U18/><E41/><V95/><F23/><W119/><G119/><T101/><D101/><U74/><E74/><V32/><F32/><W99/><G99/><T33/><D33/><U130/><E130/><V6/><F6/><N who="3" m="3127" /><G121/><T85/><D75/><U63/><E36/><V5/><F5/><W48/><G48/><T102/><D102/><U128/><E63/><V100/><F84/><W20/><G20/><T93/><D68/><U4/><E128/><V98/><AGARI ba="2,2" hai="54,55,80,81,82,86,89,92,95,98,100" m="56415" machi="98" ten="30,1500,0" yaku="8,1" doraHai="57" who="2" fromWho="2" sc="49,-7,262,-7,251,41,418,-7" /><INIT seed="6,3,0,3,2,106" ten="42,255,292,411" oya="2" hai0="105,58,64,68,97,43,123,44,39,82,36,118,48" hai1="8,0,52,125,16,34,4,112,66,81,89,63,47" hai2="7,88,134,54,19,62,25,85,128,40,9,71,78" hai3="42,24,27,56,93,108,30,26,61,51,100,69,18"/><V6/><F134/><W111/><G69/><T83/><D123/><U135/><E34/><V76/><F128/><W120/><G120/><T96/><D118/><U10/><E135/><V91/><F40/><W21/><G30/><T130/><D130/><U28/><E28/><V31/><F91/><W92/><G108/><T110/><D110/><U70/><E112/><V37/><F37/><W2/><G2/><T113/><D113/><U29/><E29/><V101/><F101/><W57/><G111/><T109/><D109/><U14/><E125/><V35/><F19/><W99/><G92/><T103/><D36/><U77/><E89/><V73/><F73/><W131/><G131/><T79/><D83/><U38/><E38/><V98/><F98/><W126/><G126/><T20/><D20/><U102/><E102/><V32/><F32/><W67/><G57/><T53/><D103/><U46/><REACH who="1" step="1"/><E52/><REACH who="1" ten="42,245,292,411" step="2"/><V13/><F54/><W132/><G132/><T22/><D105/><U80/><E80/><V5/><F35/><W116/><G116/><T45/><D45/><AGARI ba="3,1" hai="18,21,24,26,27,42,45,51,56,61,67,93,99,100" machi="45" ten="40,1300,0" yaku="8,1" doraHai="106" who="3" fromWho="0" sc="42,-22,245,0,292,0,411,32" /><INIT seed="7,0,0,2,4,120" ten="20,245,292,443" oya="3" hai0="21,56,128,129,20,15,71,32,118,46,109,91,49" hai1="62,86,4,6,81,101,115,51,67,50,38,43,11" hai2="131,132,96,99,12,80,103,121,57,65,30,27,2" hai3="135,102,72,22,112,74,28,108,130,114,82,44,85"/><W84/><G22/><T98/><D56/><U127/><E127/><V125/><F96/><W107/><G28/><T117/><D98/><U52/><E115/><V122/><F125/><W123/><G44/><T5/><D91/><U1/><E6/><V87/><F2/><W77/><G123/><N who="2" m="47113" /><F12/><W83/><G130/><T61/><D49/><U3/><E101/><V97/><F132/><W37/><G37/><T134/><D61/><U41/><E38/><V93/><F131/><W66/><G66/><T60/><D60/><U94/><E1/><V63/><F99/><W10/><G10/><T18/><D46/><U106/><E94/><V90/><F27/><W33/><G135/><T8/><D71/><U48/><E106/><N who="2" m="63855" /><F30/><W73/><G107/><T36/><D36/><U116/><E116/><V75/><F75/><W26/><G73/><T70/><D70/><U9/><E9/><V68/><F93/><W29/><G72/><T133/><D8/><U24/><E24/><V95/><F95/><W25/><G74/><T35/><D15/><U104/><E104/><V7/><F7/><W126/><G126/><T13/><D13/><U110/><E67/><V55/><F65/><W64/><G64/><T31/><D5/><U54/><E43/><V47/><F47/><W16/><G102/><T59/><D59/><N who="1" m="35175" /><E41/><V39/><F39/><W42/><G42/><T89/><D89/><N who="1" m="51407" /><E54/><V23/><F68/><W76/><G114/><T53/><D53/><U14/><E14/><V34/><F34/><W58/><G112/><T19/><D31/><U100/><E100/><V113/><F113/><RYUUKYOKU ba="0,0" sc="20,10,245,10,292,10,443,-30" hai0="18,19,20,21,32,35,109,117,118,128,129,133,134" hai1="3,4,11,48,50,51,110" hai2="23,55,57,63,80,87,90" owari="30,-47.0,255,-14.0,302,10.0,413,51.0" /></mjloggm>