<mjloggm ver="2.3"><GO type="169" lobby="0"/><UN n0="%E3%83%86%E3%83%AC%E3%83%93%E3%81%A3%E5%AD%90" n1="%E3%82%A6%E3%83%AB%E3%83%88%E3%83%A9%E7%AB%8B%E7%9B%B4" n2="%E3%82%8F%E3%83%BC%E3%81%BF%E3%83%BC" n3="%E3%83%88%E3%83%BC%E3%83%9E%E3%82%B5" dan="17,17,16,16" rate="2144.75,2144.83,2002.91,2164.27" sx="M,M,M,M"/><TAIKYOKU oya="0"/><INIT seed="0,0,0,5,2,51" ten="250,250,250,250" oya="0" hai0="76,134,65,38,2,28,48,10,49,121,95,13,131" hai1="53,60,86,19,129,37,83,35,42,101,1,5,30" hai2="67,22,97,117,11,64,84,32,113,26,52,107,24" hai3="47,118,69,81,78,34,127,90,125,73,7,50,29"/><T45/><D121/><U103/><E129/><V133/><F113/><W58/><G69/><T15/><D131/><U72/><E35/><V62/><F32/><W112/><G112/><T18/><D134/><U74/><E30/><V36/><F36/><W106/><G106/><T109/><D109/><U88/><E1/><V70/><F133/><W128/><G128/><T80/><D2/><U91/><E5/><V130/><F117/><W20/><G34/><T44/><D28/><U99/><E37/><V111/><F111/><W59/><G7/><T57/><D38/><U132/><E42/><V9/><F67/><W126/><G90/><T54/><D95/><N who="1" m="56807" /><E74/><V87/><F26/><N who="3" m="16583" /><G118/><T85/><D65/><U110/><E72/><V102/><F130/><W124/><N who="3" m="31744" /><DORA hai="79" /><W8/><G8/><N who="0" m="6439" /><D49/><U31/><E31/><V3/><F9/><W77/><G77/><T0/><D0/><U114/><E110/><V123/><F11/><W115/><G115/><T56/><D44/><U89/><E114/><V46/><F3/><W41/><AGARI ba="0,0" hai="41,47,50,58,59,73,78,81" m="31744,16583" machi="41" ten="60,4000,0" yaku="18,1,52,1" doraHai="51,79" who="3" fromWho="3" sc="250,-20,250,-10,250,-10,250,40" /><INIT seed="1,0,0,3,4,36" ten="230,240,240,290" oya="1" hai0="21,98,104,102,101,126,86,33,6,41,47,123,53" hai1="70,113,43,31,54,95,132,55,68,116,5,80,77" hai2="22,40,75,72,125,133,107,15,39,121,82,127,105" hai3="35,2,110,11,118,66,12,135,29,59,94,97,96"/><U38/><E31/><V32/><F32/><W134/><G110/><T88/><D33/><U52/><E116/><V79/><F121/><W42/><G2/><T76/><D123/><U63/><E95/><V45/><F75/><W25/><G42/><T114/><D114/><U57/><E5/><V34/><F34/><W78/><G78/><T24/><D126/><N who="2" m="48138" /><F133/><W14/><G14/><T115/><D115/><U23/><E23/><V87/><F87/><W83/><G83/><T90/><D102/><U130/><E113/><V122/><F122/><W129/><G129/><T108/><D108/><U10/><E10/><V58/><F58/><W8/><G97/><T100/><D100/><U73/><E130/><V18/><AGARI ba="0,0" hai="15,18,22,39,40,45,72,79,82,105,107" m="48138" machi="18" ten="30,2000,0" yaku="18,1,52,1" doraHai="36" who="2" fromWho="2" sc="230,-5,240,-10,240,20,290,-5" /><INIT seed="2,0,0,5,1,73" ten="225,230,260,285" oya="2" hai0="127,106,67,66,30,25,112,126,28,130,70,56,10" hai1="14,83,59,29,119,3,43,87,111,40,24,133,22" hai2="9,94,33,47,74,102,45,123,16,13,5,8,75" hai3="57,64,71,51,91,12,131,20,89,38,46,128,23"/><V96/><F123/><W68/><G38/><T116/><D112/><U72/><E3/><V90/><F33/><W11/><G57/><T120/><D120/><U39/><E72/><V84/><F75/><W88/><G23/><T98/><D70/><U81/><E39/><V4/><F74/><W19/><G20/><T1/><D130/><N who="3" m="49705" /><G64/><T85/><D116/><U100/><E119/><V15/><F4/><W82/><G82/><AGARI ba="0,0" hai="5,8,9,13,15,16,45,47,82,84,90,94,96,102" machi="82" ten="30,5800,0" yaku="7,1,8,1,54,1" doraHai="73" who="2" fromWho="3" sc="225,0,230,0,260,58,285,-58" /><INIT seed="2,1,0,4,2,19" ten="225,230,318,227" oya="2" hai0="31,73,51,124,48,79,99,86,29,33,82,55,111" hai1="23,2,120,49,74,108,1,40,8,85,64,54,26" hai2="118,133,52,15,37,11,6,53,66,91,100,116,50" hai3="76,27,69,107,38,123,7,83,28,47,78,21,22"/><V115/><F37/><W89/><G107/><T121/><D121/><U104/><E74/><V122/><F122/><W94/><G69/><T103/><D111/><U0/><E120/><V125/><F115/><W9/><G123/><T34/><D124/><U128/><E104/><V114/><F114/><W98/><G38/><T45/><D31/><U17/><E108/><V88/><F125/><W130/><G130/><T132/><D132/><U109/><E109/><V30/><F133/><W70/><G70/><T20/><D73/><U44/><E128/><V46/><F66/><W39/><G39/><T63/><D63/><U41/><E64/><V12/><F100/><W95/><G47/><T56/><D29/><U87/><E8/><V24/><F53/><W72/><G78/><T126/><D20/><U112/><E112/><V61/><F61/><W65/><G65/><T14/><D14/><U60/><REACH who="1" step="1"/><E60/><REACH who="1" ten="225,220,318,227" step="2"/><V80/><F11/><W16/><G95/><T58/><D126/><U5/><E5/><V127/><F6/><W68/><G68/><T131/><D131/><U119/><E119/><V32/><F127/><W96/><G9/><T71/><D71/><U81/><E81/><V134/><F80/><W117/><G7/><T129/><D129/><U102/><E102/><V35/><F118/><W113/><G113/><T90/><D103/><U97/><E97/><V18/><F116/><W25/><G117/><T3/><D99/><AGARI ba="1,1" hai="16,21,22,25,27,28,72,76,83,89,94,96,98,99" machi="99" ten="30,7700,0" yaku="7,1,52,2,54,1" doraHai="19" who="3" fromWho="0" sc="225,-80,220,0,318,0,227,90" /><INIT seed="3,0,0,2,5,87" ten="145,220,318,317" oya="3" hai0="68,43,101,18,97,40,94,99,109,47,1,4,59" hai1="44,33,113,60,6,45,102,53,116,57,91,134,90" hai2="135,22,103,83,74,71,20,93,63,119,51,9,50" hai3="56,52,73,38,32,35,37,86,105,100,111,124,15"/><W106/><G73/><T41/><D109/><U25/><E113/><V10/><F119/><W16/><G111/><T13/><D68/><U62/><E33/><V65/><F135/><W128/><G128/><T26/><D1/><U82/><E134/><V46/><F51/><W110/><G110/><T61/><D4/><U88/><E116/><V89/><F103/><W72/><G72/><T79/><D79/><U2/><E2/><V75/><F75/><W123/><G123/><T42/><D26/><U69/><E69/><V27/><F22/><W19/><G86/><T133/><D99/><U3/><E3/><V130/><F83/><W121/><G121/><T78/><D78/><U36/><E36/><V126/><F74/><W21/><G100/><T107/><D107/><U30/><E6/><V129/><F126/><W81/><G15/><T34/><D34/><U23/><E102/><V95/><F95/><W39/><G39/><T125/><D125/><U58/><E82/><V8/><F50/><W28/><G81/><T29/><D29/><U104/><E104/><V7/><F7/><W98/><G28/><T120/><D133/><U17/><E30/><N who="2" m="17767" /><F46/><W108/><G108/><T122/><N who="0" m="10240" /><DORA hai="0" /><T24/><D24/><U96/><E96/><V48/><F48/><W70/><G98/><T31/><D47/><U92/><E92/><V117/><F117/><W80/><G80/><T67/><REACH who="0" step="1"/><D31/><REACH who="0" ten="135,220,318,317" step="2"/><U54/><AGARI ba="0,1" hai="17,23,25,44,45,53,54,57,58,60,62,88,90,91" machi="54" ten="30,12000,2" yaku="0,1,9,1,8,1,52,3,54,1" doraHai="87,0" who="1" fromWho="1" sc="135,-30,220,130,318,-30,317,-60" /><INIT seed="4,0,0,2,2,53" ten="105,350,288,257" oya="0" hai0="116,43,11,92,114,25,17,130,83,120,107,47,131" hai1="80,110,121,60,96,22,31,68,12,9,87,66,69" hai2="85,104,37,109,13,29,30,3,39,6,117,106,7" hai3="100,38,74,113,91,27,135,71,18,57,105,19,0"/><T111/><D107/><U42/><E110/><V88/><F109/><W72/><G71/><T125/><D111/><U127/><E121/><V8/><F117/><W46/><G0/><T134/><D120/><U62/><E127/><V89/><F3/><W86/><G113/><T128/><D116/><U59/><E42/><V36/><F36/><W123/><G123/><T81/><D114/><U103/><E62/><V115/><F115/><W55/><G135/><T35/><D134/><U26/><E87/><V58/><F85/><W64/><G100/><T28/><D125/><U77/><E80/><V32/><F32/><W129/><G105/><T122/><D122/><U2/><E77/><V108/><F108/><W23/><G19/><T102/><D11/><U14/><E2/><V119/><F119/><W21/><G21/><T20/><D92/><N who="1" m="58759" /><E12/><V75/><F13/><W16/><G18/><AGARI ba="0,0" hai="9,14,18,22,26,31,59,60,66,68,69" m="58759" machi="18" ten="30,2000,0" yaku="25,1,52,1" doraHai="53" who="1" fromWho="3" sc="105,0,350,20,288,0,257,-20" /><INIT seed="5,0,0,0,1,45" ten="105,370,288,237" oya="1" hai0="129,89,130,44,4,98,17,31,22,83,75,72,68" hai1="123,99,6,55,117,8,53,29,131,56,87,125,62" hai2="114,90,93,101,51,52,19,38,49,47,39,35,28" hai3="32,16,120,79,25,18,121,81,50,105,20,102,13"/><U54/><E117/><V2/><F2/><W126/><G126/><T26/><D68/><U106/><E123/><V135/><F135/><W119/><G119/><T118/><D118/><U40/><E125/><V67/><F67/><W104/><G104/><T66/><D66/><U10/><E131/><N who="0" m="50185" /><D4/><U63/><E29/><V91/><F101/><W73/><G102/><T70/><D70/><U34/><E34/><V41/><F19/><W78/><G105/><T85/><D98/><U94/><E106/><V100/><F100/><W58/><G79/><T42/><D17/><U74/><E99/><V86/><F91/><W37/><G37/><AGARI ba="0,0" hai="22,26,31,37,42,44,72,75,83,85,89" m="50185" machi="37" ten="30,1000,0" yaku="19,1" doraHai="45" who="0" fromWho="3" sc="105,10,370,0,288,0,237,-10" /><INIT seed="6,0,0,5,4,34" ten="115,370,288,227" oya="2" hai0="118,66,89,15,42,32,52,46,121,1,88,3,24" hai1="12,16,107,125,44,79,72,62,135,101,96,5,38" hai2="17,115,95,61,39,6,45,67,23,104,100,128,92" hai3="58,102,2,98,130,134,50,20,87,108,122,9,109"/><V14/><F115/><W85/><G122/><T51/><D121/><U126/><E5/><V11/><F128/><W0/><G130/><T63/><D118/><U30/><E30/><V37/><F104/><W103/><G20/><T70/><D15/><U53/><E72/><V90/><F100/><W124/><G124/><T77/><D77/><U48/><E79/><V27/><F45/><W93/><G134/><T123/><D123/><U112/><E38/><V105/><F105/><W25/><G25/><T43/><D43/><U80/><E80/><V78/><F78/><W40/><G9/><T73/><D73/><U31/><E31/><V65/><F65/><W8/><G8/><T41/><D41/><U86/><E86/><V71/><F92/><W13/><G13/><T131/><D131/><U60/><E112/><V106/><F106/><W120/><G120/><T26/><D26/><U99/><E99/><AGARI ba="0,0" hai="6,11,14,17,23,27,37,39,61,67,71,90,95,99" machi="99" ten="30,1500,0" yaku="7,1" doraHai="34" who="2" fromWho="1" sc="115,0,370,-15,288,15,227,0" /><INIT seed="6,1,0,5,3,49" ten="115,355,303,227" oya="2" hai0="78,101,112,2,82,133,107,52,26,27,24,80,31" hai1="114,46,18,14,43,97,42,73,95,5,4,110,17" hai2="58,92,87,119,62,130,86,129,76,39,23,81,125" hai3="69,118,113,72,57,12,20,68,115,9,128,109,25"/><V41/><F119/><W103/><G109/><T8/><D112/><N who="3" m="43081" /><G118/><T36/><D36/><U75/><E110/><V85/><F125/><W106/><G72/><T123/><D123/><U10/><E114/><V59/><F59/><W122/><G122/><T89/><D133/><U65/><E65/><V90/><F86/><W94/><G106/><T127/><D127/><U74/><E5/><V6/><F6/><N who="3" m="3127" /><G128/><N who="2" m="49257" /><F23/><W67/><G94/><T48/><D107/><U108/><E108/><V105/><F105/><W0/><G103/><T29/><D101/><U22/><E22/><V91/><F39/><W54/><G67/><T71/><D71/><U104/><E104/><V47/><F41/><W16/><G0/><T132/><D132/><U84/><E84/><V61/><F47/><W124/><G124/><T96/><D2/><U99/><E43/><V77/><F58/><W51/><AGARI ba="1,0" hai="16,20,25,51,54,57,68,69" m="3127,43081" machi="51" ten="30,7900,0" yaku="15,1,11,1,52,1,54,1" doraHai="49" who="3" fromWho="3" sc="115,-21,355,-21,303,-40,227,82" /><INIT seed="7,0,0,0,2,32" ten="94,334,263,309" oya="3" hai0="9,7,62,107,18,71,5,94,67,55,25,108,24" hai1="23,46,91,56,123,52,126,111,83,72,134,40,68" hai2="15,113,102,69,73,135,19,11,50,101,13,6,99" hai3="59,116,0,129,60,21,38,16,26,131,86,75,47"/><W110/><G75/><T122/><D107/><U118/><E68/><V88/><F73/><W112/><G112/><T29/><D122/><U14/><E123/><V100/><F69/><W58/><G116/><T92/><D108/><U65/><E65/><V43/><F113/><W95/><G0/><T66/><D55/><U48/><E111/><V125/><F125/><W4/><G4/><T81/><D71/><U44/><E126/><V12/><F135/><W132/><G132/><T85/><D29/><U30/><E134/><V127/><F127/><W34/><G34/><T45/><D45/><U51/><E118/><V120/><F120/><W63/><G110/><T36/><D36/><U57/><E72/><V54/><F43/><N who="3" m="23031" /><G86/><T115/><D115/><U106/><E106/><V98/><F6/><W130/><G95/><T64/><D62/><AGARI ba="0,0" hai="16,21,26,58,59,60,62,63,129,130,131" m="23031" machi="62" ten="30,2900,0" yaku="19,1,54,1" doraHai="32" who="3" fromWho="0" sc="94,-29,334,0,263,0,309,29" owari="65,-43.0,334,13.0,263,-14.0,338,44.0" /></mjloggm>