<mjloggm ver="2.3"><GO type="169" lobby="0"/><UN n0="%E3%81%8D%E3%81%8F%E3%81%A6%E3%81%83%E3%81%99%E2%98%86" n1="%E3%82%A6%E3%83%AB%E3%83%88%E3%83%A9%E7%AB%8B%E7%9B%B4" n2="%E3%83%95%E3%83%AA%E3%83%BC%E3%82%B6%E6%A7%98" n3="%E6%93%8D" dan="16,17,17,16" rate="2134.09,2150.92,2176.21,2065.84" sx="M,M,M,M"/><TAIKYOKU oya="0"/><INIT seed="0,0,0,3,3,117" ten="250,250,250,250" oya="0" hai0="74,66,77,23,56,127,76,75,4,27,9,32,5" hai1="44,55,71,29,28,87,118,134,112,21,119,115,95" hai2="13,2,48,43,41,90,122,120,100,54,49,0,124" hai3="63,34,129,1,6,81,31,40,70,128,107,116,126"/><T130/><D32/><U12/><E87/><V42/><F100/><W65/><G40/><T86/><D130/><U46/><E95/><V92/><F13/><W15/><G15/><T30/><D127/><U17/><E55/><V104/><F104/><W114/><G116/><N who="1" m="44586" /><E46/><V50/><F54/><W93/><G93/><T132/><D132/><U78/><E44/><V106/><F106/><W19/><G19/><T88/><D75/><U108/><E71/><V80/><F80/><W113/><G81/><T85/><D85/><U98/><E78/><V53/><F53/><W37/><G37/><T105/><D105/><U109/><E98/><V79/><F79/><W11/><G107/><T97/><D97/><U83/><E83/><V59/><F59/><W99/><G99/><T7/><D9/><U20/><E134/><V57/><F57/><W84/><G84/><T64/><D74/><U35/><E35/><V10/><F124/><W125/><G125/><T94/><REACH who="0" step="1"/><D66/><REACH who="0" ten="240,250,250,250" step="2"/><U110/><E21/><V18/><F10/><W14/><G126/><T102/><D102/><U16/><E17/><V73/><F18/><W26/><REACH who="3" step="1"/><G14/><REACH who="3" ten="240,250,250,240" step="2"/><T121/><D121/><U82/><E82/><V101/><F73/><W22/><G22/><T52/><D52/><U123/><E123/><V69/><F120/><W3/><G3/><T36/><D36/><U89/><E89/><V131/><F122/><W62/><G62/><AGARI ba="0,2" hai="4,5,7,23,27,30,56,62,64,76,77,86,88,94" machi="62" ten="40,7700,0" yaku="1,1,8,1,54,1,53,0" doraHai="117" doraHaiUra="39" who="0" fromWho="3" sc="240,97,250,0,250,0,240,-77" /><INIT seed="0,1,0,4,3,135" ten="337,250,250,163" oya="0" hai0="93,54,27,80,39,117,123,102,10,127,87,105,19" hai1="4,86,12,107,69,126,61,125,18,63,13,72,32" hai2="14,121,106,40,98,64,118,73,47,81,20,122,132" hai3="3,129,23,60,44,0,6,94,114,43,9,21,16"/><T52/><D123/><U36/><E72/><V46/><F132/><W113/><G129/><T29/><D117/><U70/><E32/><V75/><F64/><W50/><G23/><T76/><D39/><U108/><E107/><V37/><F118/><W17/><G17/><T2/><D105/><U77/><E36/><V67/><F67/><W34/><G34/><T89/><D102/><U130/><E130/><V97/><F106/><W74/><G74/><T88/><D89/><U115/><E115/><V85/><F85/><W84/><G3/><T5/><D19/><U104/><E104/><V11/><F20/><W48/><G60/><N who="1" m="23114" /><E4/><V49/><F75/><W101/><G50/><T65/><D65/><U66/><E66/><V100/><F73/><W119/><G119/><T78/><D127/><N who="1" m="48651" /><E108/><V95/><F121/><W109/><G109/><T96/><REACH who="0" step="1"/><D78/><REACH who="0" ten="327,250,250,163" step="2"/><U112/><E112/><V62/><F122/><W82/><G114/><T38/><D38/><U57/><E18/><V110/><F37/><W90/><G113/><T22/><AGARI ba="1,1" hai="2,5,10,22,27,29,52,54,76,80,87,88,93,96" machi="22" ten="20,12000,1" yaku="1,1,0,1,7,1,54,2,53,0" doraHai="135" doraHaiUra="58" who="0" fromWho="0" sc="327,133,250,-41,250,-41,163,-41" /><INIT seed="0,2,0,3,0,87" ten="460,209,209,122" oya="0" hai0="61,73,18,38,80,8,101,74,36,45,118,13,88" hai1="130,63,2,33,11,128,7,6,126,42,78,69,127" hai2="62,135,71,26,30,16,41,116,91,82,66,15,81" hai3="56,24,125,19,20,49,102,57,133,55,35,40,70"/><T96/><D118/><U29/><E78/><V107/><F116/><W131/><G70/><T34/><D34/><U123/><E42/><V83/><F135/><W48/><G133/><T112/><D112/><U25/><E123/><V12/><F107/><W119/><G119/><T51/><D61/><U37/><E37/><V31/><F41/><W110/><G102/><T109/><D109/><U58/><E58/><V59/><F71/><W114/><G114/><T92/><D74/><U84/><E84/><N who="2" m="50575" /><F12/><W10/><G110/><T98/><D73/><U9/><E63/><V89/><F26/><W85/><G35/><T105/><D80/><N who="2" m="30762" /><F89/><W86/><G131/><N who="1" m="50218" /><E69/><V94/><F94/><W28/><G125/><T134/><REACH who="0" step="1"/><D134/><REACH who="0" ten="450,209,209,122" step="2"/><U111/><E111/><V121/><F121/><W47/><G57/><T100/><D100/><U124/><E124/><V14/><F14/><AGARI ba="2,1" hai="10,14,19,20,24,28,40,47,48,49,55,56,85,86" machi="14" ten="40,1300,0" yaku="8,1" doraHai="87" who="3" fromWho="2" sc="450,0,209,0,209,-19,122,29" /><AGARI ba="2,0" hai="2,6,7,9,11,14,25,29,33,126,127" m="50218" machi="14" ten="30,3900,0" yaku="19,1,34,2" doraHai="87" who="1" fromWho="2" sc="450,0,209,39,190,-39,151,0" /><INIT seed="1,0,0,2,0,13" ten="450,248,151,151" oya="1" hai0="47,133,97,88,35,131,119,90,8,127,42,91,0" hai1="126,15,37,87,101,62,67,115,57,40,43,54,82" hai2="55,9,106,112,120,65,129,114,99,64,34,53,63" hai3="77,68,22,74,3,116,21,26,38,123,12,110,10"/><U33/><E33/><V59/><F120/><W109/><G68/><T31/><D119/><U46/><E115/><N who="2" m="44075" /><F34/><W78/><G38/><T80/><D133/><U66/><E101/><N who="2" m="62783" /><F129/><W121/><G3/><T1/><D131/><U27/><E126/><V96/><F96/><W50/><G50/><T32/><D127/><U61/><E27/><V113/><N who="2" m="44083" /><V41/><DORA hai="98" /><F41/><W86/><G86/><T118/><D118/><U103/><E103/><V102/><F102/><W130/><G130/><T39/><D97/><U71/><E15/><V30/><F30/><W6/><G116/><T105/><D105/><U122/><E122/><V75/><F75/><W117/><G117/><T17/><D32/><U134/><E134/><V28/><F28/><W72/><G72/><T2/><D31/><U7/><E7/><V93/><F93/><W89/><G74/><T19/><D35/><U135/><E135/><V85/><F85/><W18/><G123/><T132/><D132/><U104/><E104/><V11/><F65/><W76/><G121/><T79/><REACH who="0" step="1"/><D8/><AGARI ba="0,0" hai="8,9,11,53,55,59,63,64" m="62783,44083" machi="8" ten="40,2600,0" yaku="11,1,52,1" doraHai="13,98" who="2" fromWho="0" sc="450,-26,248,0,151,26,151,0" /><INIT seed="2,0,0,5,5,119" ten="424,248,177,151" oya="2" hai0="104,80,96,25,45,43,112,132,34,65,83,110,19" hai1="124,99,82,127,44,22,73,120,105,70,36,63,94" hai2="33,67,56,3,59,133,111,12,48,15,8,115,76" hai3="91,55,102,30,37,23,92,47,81,79,52,41,42"/><V95/><F115/><W14/><G102/><T84/><D112/><U118/><E105/><V77/><F33/><W53/><G42/><T126/><D110/><U74/><E118/><V131/><F3/><W130/><G130/><T32/><D126/><N who="1" m="48171" /><E82/><V116/><F116/><W10/><G23/><T129/><D129/><U5/><E5/><V16/><F131/><W4/><G30/><T2/><D2/><U13/><E120/><V97/><F111/><W71/><G71/><T58/><D132/><U24/><E13/><V62/><F133/><W49/><G37/><T35/><D83/><U18/><E44/><V106/><F106/><W31/><G31/><T86/><D86/><U68/><E36/><V89/><REACH who="2" step="1"/><F15/><REACH who="2" ten="424,248,167,151" step="2"/><W7/><G7/><T27/><D104/><U26/><E26/><V66/><F66/><W9/><G9/><T85/><D65/><N who="1" m="41023" /><E70/><V121/><F121/><W57/><G57/><T29/><D27/><U54/><E54/><AGARI ba="0,1" hai="8,12,16,48,54,56,59,62,67,76,77,89,95,97" machi="54" ten="40,12000,1" yaku="1,1,8,1,54,1,53,1" doraHai="119" doraHaiUra="61" who="2" fromWho="1" sc="424,0,248,-120,167,130,151,0" /><INIT seed="2,1,0,2,1,96" ten="424,128,297,151" oya="2" hai0="134,75,34,124,28,113,110,85,17,99,8,94,132" hai1="123,37,61,20,72,51,52,109,83,115,59,100,91" hai2="33,114,106,82,53,128,3,119,29,32,127,16,66" hai3="116,77,47,46,120,104,64,23,35,135,111,70,40"/><V79/><F114/><W88/><G35/><T80/><D113/><U19/><E37/><V57/><F119/><W15/><G77/><T102/><D110/><U87/><E115/><V48/><F3/><W7/><G120/><T89/><D124/><U5/><E109/><V41/><F127/><W62/><G111/><T118/><D118/><U90/><E123/><V107/><F128/><W11/><G135/><N who="0" m="51755" /><D75/><U50/><E5/><V42/><F66/><W76/><G76/><T0/><D0/><U67/><E72/><V131/><F131/><W58/><G116/><T9/><D17/><U97/><E91/><V105/><F16/><W60/><G104/><T101/><D101/><U12/><REACH who="1" step="1"/><E67/><REACH who="1" ten="424,118,297,151" step="2"/><V44/><F79/><W71/><G71/><T125/><D125/><U39/><E39/><V117/><F117/><W18/><G40/><T81/><D89/><U24/><E24/><V25/><F42/><W92/><G70/><T55/><D102/><U69/><E69/><V36/><F25/><W4/><G4/><T43/><D85/><U38/><E38/><V103/><F103/><W45/><G58/><T68/><D68/><U133/><E133/><V49/><F36/><W93/><G64/><T22/><D99/><U112/><E112/><V21/><F57/><W31/><G31/><T129/><D28/><U6/><E6/><V122/><F122/><W14/><G93/><AGARI ba="1,1" hai="12,19,20,50,51,52,59,61,83,87,90,93,97,100" machi="93" ten="30,8000,1" yaku="1,1,7,1,8,1,52,1,54,1,53,0" doraHai="96" doraHaiUra="108" who="1" fromWho="3" sc="424,0,118,93,297,0,151,-83" /><INIT seed="3,0,0,2,4,57" ten="424,211,297,68" oya="3" hai0="18,92,107,40,61,131,58,65,102,17,54,96,64" hai1="111,75,46,49,38,41,125,99,36,105,29,66,2" hai2="97,134,9,19,42,10,72,70,110,52,68,85,59" hai3="122,112,32,28,48,34,13,7,94,79,121,35,55"/><W127/><G79/><T129/><D40/><U67/><E2/><V135/><F72/><W23/><G94/><T116/><D116/><U119/><E75/><V132/><F110/><W84/><G84/><T101/><D101/><U89/><E111/><V5/><F42/><W90/><G90/><T115/><D115/><U120/><E120/><V8/><F5/><W43/><G43/><T44/><D107/><U4/><E119/><V100/><F85/><W3/><G112/><T130/><D44/><U114/><E114/><V37/><F19/><AGARI ba="0,0" hai="17,18,19,54,58,61,64,65,92,96,102,129,130,131" machi="19" ten="40,2600,0" yaku="19,1,52,1" doraHai="57" who="0" fromWho="2" sc="424,26,211,0,297,-26,68,0" /><INIT seed="4,0,0,3,0,121" ten="450,211,271,68" oya="0" hai0="32,6,44,28,10,86,122,101,107,91,16,26,4" hai1="14,59,50,25,23,134,116,89,75,76,8,79,69" hai2="85,31,106,22,78,63,49,99,37,34,55,36,87" hai3="41,60,33,110,57,21,115,7,100,105,72,58,97"/><T71/><D122/><U103/><E69/><V61/><F34/><W39/><G33/><T5/><D71/><U128/><E75/><V133/><F133/><W118/><G118/><T123/><D123/><U80/><E103/><V42/><F106/><W43/><G72/><T73/><D73/><U65/><E128/><V111/><F111/><W53/><G115/><T125/><D125/><U20/><E134/><V15/><F99/><W127/><G127/><T82/><D101/><U62/><E116/><V98/><F98/><W47/><G43/><T17/><D107/><U52/><E89/><V112/><F37/><W18/><G7/><T104/><D104/><U130/><E130/><V83/><F112/><W66/><G110/><T27/><D27/><U131/><E131/><V119/><F119/><W70/><REACH who="3" step="1"/><G53/><REACH who="3" ten="450,211,271,58" step="2"/><T38/><D5/><U56/><E25/><AGARI ba="0,1" hai="18,21,25,39,41,47,57,58,60,66,70,97,100,105" machi="25" ten="30,3900,0" yaku="1,1,2,1,7,1,53,0" doraHai="121" doraHaiUra="113" who="3" fromWho="1" sc="450,0,211,-39,271,0,58,49" /><INIT seed="5,0,0,1,0,129" ten="450,172,271,107" oya="1" hai0="80,90,62,40,57,76,102,87,53,73,134,55,34" hai1="36,119,101,22,64,35,84,18,16,5,120,43,27" hai2="41,52,133,21,104,132,112,77,3,127,2,24,50" hai3="86,121,94,106,26,95,109,7,89,29,14,19,78"/><U51/><E36/><V38/><F104/><W60/><G121/><T15/><D34/><U70/><E120/><V113/><F77/><W114/><G106/><T117/><D117/><U79/><E119/><V100/><F100/><W61/><G109/><T99/><D40/><U118/><E118/><V10/><F41/><W81/><G7/><T58/><D15/><U48/><E35/><V8/><F38/><W98/><G114/><N who="2" m="44137" /><F127/><W1/><G1/><N who="2" m="9" /><F8/><W42/><G42/><T124/><D124/><U37/><E37/><V11/><F11/><W17/><G17/><T66/><D66/><U45/><E5/><V4/><F50/><W56/><G26/><T135/><D102/><U126/><E126/><V125/><F52/><W97/><G29/><T28/><D28/><U12/><E101/><V9/><F125/><W13/><G19/><T108/><D108/><U72/><E72/><V82/><F82/><W54/><REACH who="3" step="1"/><G61/><REACH who="3" ten="450,172,271,97" step="2"/><T69/><D62/><N who="1" m="40215" /><E18/><N who="2" m="12343" /><F10/><W59/><G59/><T31/><D58/><U65/><E12/><AGARI ba="0,1" hai="4,9,12,132,133" m="12343,9,44137" machi="12" ten="30,12000,2" yaku="15,1,11,1,34,2,52,2" doraHai="129" who="2" fromWho="1" sc="450,0,172,-120,271,130,97,0" /><INIT seed="6,0,0,1,1,129" ten="450,52,401,97" oya="2" hai0="29,49,9,115,123,56,80,99,65,130,12,22,108" hai1="95,17,5,31,87,35,36,25,6,21,2,92,128" hai2="32,33,58,18,54,98,127,131,48,105,104,124,81" hai3="96,20,112,55,52,107,122,76,28,16,24,61,38"/><V68/><F68/><W37/><G122/><T0/><D123/><U106/><E36/><V19/><F131/><W117/><G117/><T77/><D108/><U90/><E106/><N who="2" m="41067" /><F98/><W75/><G112/><T14/><D130/><U118/><E118/><V86/><F33/><W111/><G111/><T67/><D115/><U114/><E114/><V10/><F10/><W63/><G76/><T15/><D99/><U34/><E128/><V47/><F58/><W94/><G75/><T51/><D0/><U78/><E78/><N who="2" m="46391" /><F32/><W84/><G84/><N who="0" m="48143" /><D9/><U101/><E34/><V41/><F41/><W135/><G107/><T97/><D97/><U26/><E101/><V66/><F66/><N who="0" m="25098" /><D56/><U126/><E2/><V64/><F64/><W40/><G40/><T89/><D89/><U44/><E35/><V59/><F59/><W62/><G37/><T91/><D91/><U102/><E90/><V93/><F93/><W79/><G38/><T74/><D74/><U13/><E92/><V45/><F45/><W7/><G79/><T125/><D125/><AGARI ba="0,0" hai="18,19,47,48,54,124,125,127" m="46391,41067" machi="125" ten="30,1500,0" yaku="18,1" doraHai="129" who="2" fromWho="0" sc="450,-15,52,0,401,15,97,0" /><INIT seed="6,1,0,3,5,54" ten="435,52,416,97" oya="2" hai0="76,57,41,37,120,102,18,36,85,39,27,112,135" hai1="100,113,108,48,32,93,30,121,63,123,74,2,89" hai2="110,118,58,81,124,47,44,31,0,70,82,29,12" hai3="16,129,109,49,13,7,95,66,46,133,77,79,3"/><V65/><F0/><W105/><G105/><T5/><D120/><U125/><E2/><V40/><F70/><W4/><G109/><T62/><D112/><U115/><E32/><V103/><F118/><W88/><G3/><T20/><D135/><U107/><E30/><N who="2" m="11275" /><F110/><W134/><G129/><T99/><D5/><N who="3" m="2121" /><G66/><T106/><D41/><U15/><E15/><V122/><F122/><N who="1" m="46601" /><E63/><N who="2" m="38135" /><F124/><W21/><G134/><T80/><REACH who="0" step="1"/><D37/><REACH who="0" ten="425,52,416,97" step="2"/><U23/><E115/><V64/><F64/><AGARI ba="1,1" hai="18,20,27,36,39,57,62,64,76,80,85,99,102,106" machi="64" ten="30,7700,0" yaku="1,1,2,1,7,1,52,1,53,0" doraHai="54" doraHaiUra="127" who="0" fromWho="2" sc="425,90,52,0,416,-80,97,0" /><INIT seed="7,0,0,3,5,40" ten="515,52,336,97" oya="3" hai0="61,97,48,36,100,118,28,85,87,4,24,30,129" hai1="2,71,111,7,80,21,113,23,82,55,45,89,32" hai2="135,94,54,39,52,99,90,3,125,124,98,83,42" hai3="79,25,122,53,131,114,37,65,93,8,126,33,107"/><W47/><G107/><T64/><D36/><U62/><E111/><V116/><F3/><W15/><G122/><T29/><D118/><U109/><E109/><V43/><F116/><W105/><G105/><T104/><D129/><U46/><E32/><V49/><F135/><W134/><G65/><T63/><D24/><U59/><E71/><V101/><F39/><W68/><G68/><T56/><D4/><U19/><E113/><V88/><F83/><N who="1" m="31785" /><E2/><V74/><F74/><W14/><G134/><T108/><D108/><U35/><E35/><V120/><F120/><W38/><G131/><T86/><D63/><U76/><E76/><V50/><F94/><W44/><G114/><T26/><D26/><N who="1" m="14655" /><E7/><V132/><F132/><W34/><G34/><T77/><D77/><U91/><E23/><V58/><F58/><W103/><G79/><T73/><D73/><U110/><E110/><V31/><F101/><W16/><G103/><T78/><D78/><U66/><E66/><V20/><F20/><W9/><G33/><T92/><D104/><U121/><E121/><V12/><F12/><W13/><G13/><T84/><D84/><U1/><E1/><V72/><F72/><W0/><G0/><T70/><D70/><U5/><E5/><V106/><F106/><W119/><G119/><T102/><D102/><U27/><E27/><V10/><F10/><W133/><G133/><T57/><D29/><AGARI ba="0,0" hai="29,31,42,43,49,50,52,54,88,90,98,99,124,125" machi="29" ten="25,6400,0" yaku="22,2,54,2" doraHai="40" who="2" fromWho="0" sc="515,-64,52,0,336,64,97,0" owari="451,55.0,52,-45.0,400,20.0,97,-30.0" /></mjloggm>