<mjloggm ver="2.3"><GO type="169" lobby="0"/><UN n0="%E5%B0%B1%E6%B4%BB%E7%94%9F%40%E5%B7%9D%E6%9D%91%E8%BB%8D%E5%9B%A3" n1="%E6%B0%B7%E6%9F%B1" n2="%E8%99%8E%E7%9A%AE%E7%8C%AB" n3="%E8%85%B9%E7%97%9B%E3%81%BD%E3%81%A3%E3%81%8F%E3%82%93" dan="18,16,16,16" rate="2235.57,2088.07,2178.14,2121.32" sx="M,M,F,M"/><TAIKYOKU oya="0"/><INIT seed="0,0,0,1,1,117" ten="250,250,250,250" oya="0" hai0="63,113,37,64,125,132,49,105,135,22,92,18,127" hai1="86,59,30,111,13,38,40,96,83,55,60,9,115" hai2="114,126,27,51,90,25,118,8,100,93,17,104,6" hai3="133,43,58,131,54,61,2,123,5,36,3,109,119"/><T85/><D105/><U134/><E111/><V10/><F114/><W23/><G119/><T66/><D37/><U29/><E115/><V75/><F118/><W35/><G35/><T16/><D113/><U122/><E134/><N who="0" m="51241" /><D49/><U72/><E72/><V116/><F75/><W39/><G133/><T48/><D48/><U91/><E122/><V89/><F116/><W45/><G109/><T7/><D7/><U74/><E74/><V81/><F126/><N who="0" m="48138" /><D22/><U77/><E40/><V82/><F104/><W50/><G23/><T67/><D63/><U42/><E42/><V0/><F51/><W69/><G5/><T103/><D85/><U101/><E77/><V68/><F6/><W128/><G36/><T46/><D46/><U108/><E38/><V15/><F0/><W124/><G124/><T62/><D62/><U112/><E112/><V99/><F99/><AGARI ba="0,0" hai="16,18,64,66,67,92,99,103" m="48138,51241" machi="99" ten="40,7700,0" yaku="20,1,18,1,54,1" doraHai="117" who="0" fromWho="2" sc="250,77,250,0,250,-77,250,0" /><INIT seed="0,1,0,0,1,47" ten="327,250,173,250" oya="0" hai0="69,32,44,101,10,4,95,125,62,128,19,135,99" hai1="126,13,94,7,22,92,70,105,114,52,133,86,129" hai2="91,127,111,96,82,110,72,20,15,58,33,50,89" hai3="48,75,35,27,103,132,90,77,54,59,79,67,68"/><T57/><D32/><U84/><E105/><V23/><F33/><W60/><G132/><T116/><D69/><U124/><E70/><V88/><F127/><N who="1" m="48681" /><E133/><V39/><F39/><W16/><G75/><T66/><D116/><U118/><E118/><V30/><F96/><W119/><G119/><T115/><D115/><U117/><E117/><V43/><F72/><W78/><G103/><T25/><D135/><U12/><E7/><V26/><F82/><W97/><G35/><T0/><D125/><U122/><E129/><V76/><F76/><W42/><G42/><T11/><D128/><U24/><E122/><V80/><F80/><W6/><G6/><T131/><D131/><U3/><E3/><V123/><F123/><W29/><G29/><T5/><D44/><U46/><E92/><V14/><F43/><W130/><G130/><T34/><D34/><U8/><E94/><V31/><F110/><W55/><G97/><T61/><D61/><U98/><E98/><V41/><F111/><W112/><G112/><T37/><D37/><U53/><E13/><V120/><F120/><W17/><G90/><T106/><D106/><U104/><E104/><V45/><F58/><W40/><G40/><T73/><D73/><U113/><E113/><V71/><F71/><W87/><G87/><N who="1" m="33322" /><E46/><V100/><F100/><W9/><G68/><T36/><D4/><N who="1" m="3079" /><E114/><V49/><F49/><W56/><G48/><T109/><D36/><U38/><E38/><V63/><F63/><W51/><G60/><T74/><D109/><U21/><E21/><V121/><F121/><W81/><G51/><RYUUKYOKU ba="1,0" sc="327,-15,250,15,173,15,250,-15" hai1="22,24,52,53" hai2="14,15,20,23,26,30,31,41,45,50,88,89,91" /><INIT seed="1,2,0,0,1,5" ten="312,265,188,235" oya="1" hai0="100,132,91,14,59,88,127,7,95,31,25,16,55" hai1="10,63,98,64,84,61,76,54,107,42,117,44,12" hai2="115,52,56,67,94,106,30,3,128,111,134,113,32" hai3="86,46,108,114,23,112,121,28,50,70,43,85,133"/><U68/><E117/><V125/><F106/><W37/><G121/><T19/><D127/><U101/><E54/><V81/><F3/><W78/><G70/><T57/><D132/><U99/><E98/><V34/><F125/><W8/><G133/><T26/><D7/><U62/><E76/><V58/><F134/><W48/><G108/><T38/><D38/><U39/><REACH who="1" step="1"/><E84/><REACH who="1" ten="312,255,188,235" step="2"/><V9/><F52/><W18/><G78/><T122/><D55/><U71/><E71/><V20/><F113/><W129/><G85/><T51/><D122/><U0/><E0/><V119/><F115/><W74/><G86/><T80/><D100/><U1/><E1/><V93/><F119/><W27/><G114/><T120/><D91/><U103/><E103/><V83/><F111/><W131/><G112/><T96/><D88/><U29/><E29/><V36/><F30/><W135/><G135/><T60/><D31/><U102/><E102/><V79/><F79/><W110/><G110/><T15/><D96/><U4/><AGARI ba="2,1" hai="4,10,12,39,42,44,61,62,63,64,68,99,101,107" machi="4" ten="20,7800,0" yaku="1,1,0,1,7,1,52,1,53,0" doraHai="5" doraHaiUra="47" who="1" fromWho="1" sc="312,-28,255,94,188,-28,235,-28" /><INIT seed="1,3,0,5,3,12" ten="284,349,160,207" oya="1" hai0="92,107,48,24,82,98,23,1,72,91,29,112,105" hai1="129,20,56,40,125,53,132,121,100,57,69,17,49" hai2="101,135,126,16,78,95,7,25,4,103,10,127,31" hai3="61,84,36,30,64,41,11,47,58,22,39,62,19"/><U117/><E121/><V87/><F135/><W59/><G30/><T67/><D1/><U71/><E100/><V60/><F60/><W108/><G108/><T13/><D112/><U43/><E117/><V131/><F131/><W86/><G11/><T32/><D67/><U63/><E132/><V113/><F113/><W106/><G36/><T122/><D122/><U115/><E115/><V34/><F78/><W118/><G106/><T90/><D32/><U5/><E5/><V21/><F87/><W38/><G38/><T119/><D119/><U68/><E125/><N who="2" m="47627" /><F95/><W110/><G110/><T18/><D48/><U27/><REACH who="1" step="1"/><E129/><REACH who="1" ten="284,339,160,207" step="2"/><V55/><F4/><W120/><G120/><T2/><D2/><U6/><E6/><V75/><F101/><W3/><G118/><T88/><D105/><U33/><E33/><V96/><F103/><W79/><G3/><T93/><D107/><U111/><E111/><V66/><F34/><W65/><REACH who="3" step="1"/><G79/><REACH who="3" ten="284,339,160,197" step="2"/><T128/><D128/><U9/><E9/><V45/><F10/><W116/><G116/><T99/><D99/><U114/><E114/><V8/><F8/><W104/><G104/><T85/><D98/><U102/><E102/><V130/><F96/><W89/><G89/><T42/><D91/><U94/><E94/><V134/><F130/><W14/><AGARI ba="3,2" hai="14,19,22,39,41,47,58,59,61,62,64,65,84,86" machi="14" ten="20,8000,1" yaku="1,1,0,1,7,1,9,1,52,1,53,0" doraHai="12" doraHaiUra="28" who="3" fromWho="3" sc="284,-23,339,-43,160,-23,197,109" /><INIT seed="2,0,0,4,5,15" ten="261,296,137,306" oya="2" hai0="93,65,63,41,12,90,74,103,27,44,95,78,11" hai1="77,22,48,62,105,94,114,55,70,116,67,104,85" hai2="91,17,111,130,4,126,84,110,131,120,35,115,3" hai3="1,73,19,59,60,109,32,45,128,61,81,54,99"/><V127/><F35/><W123/><G1/><T106/><D106/><U49/><E114/><V69/><F69/><W0/><G0/><T10/><D74/><U82/><E116/><V100/><F100/><W9/><G123/><T66/><D78/><U118/><E118/><V23/><F115/><W25/><G109/><N who="2" m="41481" /><F4/><W33/><G128/><N who="2" m="49193" /><F3/><W125/><G125/><T80/><D27/><U37/><E104/><V132/><F120/><W89/><G32/><T101/><D80/><U122/><E105/><V2/><F2/><W117/><G81/><T46/><D12/><U51/><E37/><V88/><F132/><W52/><G33/><T98/><D98/><U56/><E122/><V97/><F97/><W13/><G117/><T53/><D101/><U96/><E22/><V58/><F58/><W29/><G59/><T108/><D103/><AGARI ba="0,0" hai="48,49,51,55,56,62,67,70,77,82,85,94,96,103" machi="103" ten="30,1000,0" yaku="7,1" doraHai="15" who="1" fromWho="0" sc="261,-10,296,10,137,0,306,0" /><INIT seed="3,0,0,4,4,9" ten="251,306,137,306" oya="3" hai0="32,49,75,47,127,103,66,7,39,85,111,113,102" hai1="120,118,6,22,31,98,17,29,14,110,28,24,48" hai2="34,123,20,93,44,107,115,114,74,30,76,108,21" hai3="95,36,101,71,53,50,121,81,124,52,87,134,79"/><W11/><G36/><T25/><D75/><U63/><E120/><V131/><F107/><W64/><G121/><T133/><D39/><U78/><E110/><V15/><F123/><W38/><G38/><T33/><D111/><U56/><E78/><V88/><F108/><W92/><G134/><T106/><D106/><U82/><E82/><V72/><F131/><W23/><G124/><T69/><D7/><U45/><E98/><V12/><F34/><W16/><G11/><T62/><D113/><U116/><E6/><V80/><F72/><W65/><G71/><T122/><D122/><U61/><E56/><V19/><F44/><N who="3" m="27719" /><G53/><T132/><D127/><U54/><REACH who="1" step="1"/><E24/><REACH who="1" ten="251,296,137,306" step="2"/><V41/><F41/><W55/><G101/><T46/><D25/><U73/><E73/><V43/><F43/><W0/><G0/><T40/><D102/><U130/><E130/><V59/><F59/><W8/><G79/><T97/><D103/><U42/><E42/><V125/><F125/><W51/><G81/><T94/><D97/><U104/><E104/><V18/><F30/><W112/><G87/><AGARI ba="0,1" hai="12,15,18,19,20,21,74,76,80,87,88,93,114,115" machi="87" ten="30,8000,1" yaku="7,1,9,1,52,2,54,1" doraHai="9" who="2" fromWho="3" sc="251,0,296,0,137,90,306,-80" /><INIT seed="4,0,0,3,4,63" ten="251,296,227,226" oya="0" hai0="9,85,30,113,55,51,82,26,8,97,40,68,17" hai1="125,89,122,117,36,52,83,60,130,7,45,108,43" hai2="35,10,90,49,56,105,50,25,73,65,58,107,13" hai3="106,33,42,96,98,116,27,41,126,4,74,0,14"/><T15/><D113/><U28/><E108/><V84/><F73/><W123/><G116/><T101/><D68/><U100/><E117/><V22/><F35/><W86/><G74/><T46/><D9/><U54/><E122/><V69/><F69/><W119/><G119/><T127/><D127/><U2/><E28/><V61/><F105/><W81/><G126/><T80/><D40/><U112/><E112/><V111/><F111/><W128/><G0/><T64/><D64/><U32/><E32/><V6/><F107/><W121/><G128/><T53/><D53/><U1/><E100/><V77/><F56/><W110/><G110/><T72/><D72/><U5/><E130/><V24/><F77/><W39/><G4/><T88/><D80/><U18/><E2/><V11/><F11/><W12/><G106/><T114/><D114/><U94/><E83/><N who="2" m="49439" /><F25/><W95/><G33/><T34/><D97/><U134/><E1/><V70/><F70/><W93/><G27/><T71/><D71/><U75/><E75/><V20/><F20/><W91/><G39/><T37/><D101/><U76/><E76/><V57/><F57/><W99/><G123/><T67/><D67/><U135/><E125/><V62/><F62/><W124/><G124/><T59/><D59/><U23/><E60/><V103/><F103/><W102/><G121/><T133/><D133/><N who="1" m="50699" /><E5/><V29/><AGARI ba="0,0" hai="6,10,13,22,24,29,49,50,58,61,65" m="49439" machi="29" ten="30,2000,0" yaku="8,1,52,1" doraHai="63" who="2" fromWho="2" sc="251,-10,296,-5,227,20,226,-5" /><INIT seed="5,0,0,4,2,41" ten="241,291,247,221" oya="1" hai0="70,69,100,92,19,46,34,61,127,88,25,2,131" hai1="59,36,43,102,57,21,23,5,98,10,65,47,114" hai2="38,107,24,74,117,20,18,135,118,11,45,68,13" hai3="67,116,125,81,78,7,71,111,73,0,63,56,6"/><U29/><E114/><V32/><F74/><W16/><G111/><T113/><D2/><U66/><E59/><V77/><F77/><W31/><G125/><T52/><D100/><U96/><E96/><V55/><F107/><W50/><G31/><T82/><D82/><U80/><E80/><V3/><F68/><W62/><G0/><T48/><D127/><U9/><E9/><V72/><F72/><W17/><G116/><T12/><D131/><U104/><E29/><N who="2" m="19495" /><F135/><W75/><G75/><T105/><D105/><U124/><E124/><V129/><F129/><W26/><G50/><T108/><D108/><U30/><E30/><V133/><F133/><W103/><G103/><T85/><D113/><U8/><E57/><V44/><F55/><W51/><G51/><T87/><D87/><U49/><E36/><V42/><F45/><W119/><G119/><T95/><D95/><U27/><E66/><V79/><F79/><W90/><G90/><T128/><D128/><U97/><E97/><V106/><F106/><W122/><G122/><T54/><D25/><U58/><E27/><V60/><F60/><W115/><G115/><T94/><D34/><U126/><E126/><V40/><F40/><W134/><G134/><T1/><D1/><U84/><E84/><V109/><F109/><W99/><G99/><T15/><D92/><U110/><E110/><V22/><F22/><N who="3" m="13639" /><G17/><T130/><D130/><U112/><E112/><V4/><AGARI ba="0,0" hai="3,4,11,13,18,20,38,42,44,117,118" m="19495" machi="4" ten="30,2000,0" yaku="24,1,52,1" doraHai="41" who="2" fromWho="2" sc="241,-5,291,-10,247,20,221,-5" /><INIT seed="6,0,0,2,1,7" ten="236,281,267,216" oya="2" hai0="129,130,3,79,10,30,35,36,99,13,84,2,113" hai1="133,103,21,97,42,66,95,73,37,120,24,26,70" hai2="106,9,61,5,29,111,75,43,71,92,31,25,14" hai3="41,17,34,131,109,59,94,16,57,80,110,67,19"/><V121/><F106/><W47/><G34/><T135/><D36/><U32/><E73/><V62/><F121/><W74/><G131/><N who="0" m="50187" /><D113/><U76/><E76/><V96/><F75/><W8/><G94/><T63/><D135/><U54/><E133/><V58/><F71/><W33/><G33/><T112/><D112/><U51/><E37/><V78/><F78/><W23/><G74/><T89/><D63/><U83/><E83/><V27/><F43/><W93/><G80/><N who="0" m="47135" /><D30/><N who="2" m="11274" /><F111/><W117/><G117/><T11/><D13/><U28/><E42/><V1/><F1/><N who="0" m="10" /><D35/><U68/><E120/><V60/><F58/><W91/><G110/><T107/><D89/><AGARI ba="0,0" hai="5,9,14,25,27,60,61,62,89,92,96" m="11274" machi="89" ten="30,2900,0" yaku="8,1,52,1" doraHai="7" who="2" fromWho="0" sc="236,-29,281,0,267,29,216,0" /><INIT seed="6,1,0,3,1,98" ten="207,281,296,216" oya="2" hai0="24,71,77,75,61,112,95,28,135,79,59,114,6" hai1="101,113,108,115,80,5,86,12,33,29,97,16,93" hai2="74,134,105,103,26,49,94,15,20,117,46,21,4" hai3="52,18,111,13,106,128,8,116,31,42,70,45,43"/><V118/><F74/><W51/><G111/><T109/><D109/><U104/><E108/><V129/><F105/><W69/><G116/><T84/><D75/><U64/><E5/><V48/><F134/><W132/><G132/><T32/><D71/><U85/><E64/><V89/><F129/><W63/><G128/><T53/><D6/><U1/><E1/><V2/><F2/><W123/><G123/><T76/><D135/><U72/><E29/><V121/><F121/><W11/><G31/><T25/><D25/><U78/><E33/><V62/><F62/><W125/><G125/><T58/><D58/><U0/><E0/><V124/><F124/><W23/><G106/><T119/><D119/><U96/><E16/><V60/><F60/><W50/><G42/><T9/><D9/><U47/><E12/><V66/><F66/><W100/><G100/><T37/><D37/><U7/><E47/><V110/><F110/><W54/><G70/><T55/><D55/><U90/><E7/><V133/><F133/><W30/><G30/><T65/><D65/><U87/><AGARI ba="1,0" hai="72,78,80,85,86,87,90,93,96,97,101,104,113,115" machi="87" ten="30,8000,1" yaku="0,1,34,3,52,1" doraHai="98" who="1" fromWho="1" sc="207,-21,281,83,296,-41,216,-21" /><INIT seed="7,0,0,2,0,64" ten="186,364,255,195" oya="3" hai0="8,92,93,15,47,109,87,135,49,56,71,60,11" hai1="96,94,97,41,108,20,82,40,54,118,6,37,127" hai2="22,91,9,105,112,123,103,99,122,19,5,77,51" hai3="12,95,107,88,36,33,86,32,75,59,14,23,63"/><W72/><G36/><T38/><D109/><U115/><E108/><V13/><F77/><W50/><G107/><T129/><D38/><U79/><E6/><V110/><F110/><W66/><G50/><T0/><D0/><U16/><E115/><V48/><F112/><W130/><G130/><T89/><D71/><U119/><E54/><V35/><F35/><W76/><G12/><T10/><D129/><U3/><E3/><V30/><F30/><W24/><G14/><T68/><D68/><U46/><E41/><V52/><F91/><W98/><G98/><T117/><D117/><N who="1" m="44555" /><E94/><V125/><F125/><W2/><G2/><T133/><D93/><U102/><E102/><V34/><F34/><W73/><REACH who="3" step="1"/><G76/><REACH who="3" ten="186,364,255,185" step="2"/><T113/><D113/><U132/><E97/><V27/><F48/><W69/><G69/><T111/><D111/><U67/><E96/><V1/><F1/><W25/><G25/><T114/><D114/><U39/><E37/><V55/><F51/><W61/><G61/><T83/><D15/><U100/><E39/><V31/><F5/><W53/><G53/><N who="0" m="29887" /><D135/><U106/><E132/><V131/><F131/><W65/><G65/><N who="0" m="39047" /><D133/><U90/><E67/><V57/><F55/><W62/><G62/><T18/><D18/><AGARI ba="0,1" hai="18,23,24,32,33,59,63,66,72,73,75,86,88,95" machi="18" ten="40,7700,0" yaku="1,1,54,1,53,1" doraHai="64" doraHaiUra="84" who="3" fromWho="0" sc="186,-77,364,0,255,0,185,87" /><INIT seed="7,1,0,2,2,65" ten="109,364,255,272" oya="3" hai0="67,37,45,104,83,122,91,73,89,72,54,117,9" hai1="99,56,78,52,90,75,18,49,13,133,128,53,69" hai2="50,17,30,109,131,80,95,77,71,81,34,16,14" hai3="25,44,42,4,59,121,66,3,26,2,6,43,28"/><W27/><G121/><T32/><D122/><U97/><E69/><V126/><F109/><W105/><G105/><T47/><D117/><U23/><E133/><V85/><F131/><W84/><G28/><T70/><D104/><U57/><E128/><V115/><F115/><W112/><G112/><T38/><D32/><U76/><E75/><V24/><F126/><W120/><G120/><T55/><D67/><U21/><E21/><V79/><F71/><W98/><G98/><N who="1" m="37386" /><E90/><V87/><F95/><W12/><G84/><T88/><D89/><U107/><E107/><V82/><F82/><W92/><G92/><T108/><D108/><U7/><E7/><V96/><F96/><W39/><G43/><T19/><D9/><U135/><E135/><V103/><F103/><W33/><G33/><T31/><D83/><U100/><E100/><V22/><F50/><AGARI ba="1,0" hai="13,18,23,49,50,52,53,56,57,76,78" m="37386" machi="50" ten="30,2000,0" yaku="8,1,54,1" doraHai="65" who="1" fromWho="2" sc="109,0,364,23,255,-23,272,0" owari="109,-39.0,387,49.0,232,-17.0,272,7.0" /></mjloggm>