<mjloggm ver="2.3"><GO type="169" lobby="0"/><UN n0="%E3%82%A6%E3%83%AB%E3%83%88%E3%83%A9%E7%AB%8B%E7%9B%B4" n1="%E9%81%8A%E8%B5%B0" n2="%E3%81%AC%E3%81%8F%E3%82%82%E3%82%8A" n3="%E7%B5%B6%E5%AF%BE%E4%B8%8D%E5%8F%AF%E4%BE%B5%E9%A0%98%E5%9F%9F" dan="17,17,16,16" rate="2168.82,2200.44,2138.25,2144.34" sx="M,M,M,M"/><TAIKYOKU oya="0"/><INIT seed="0,0,0,0,1,6" ten="250,250,250,250" oya="0" hai0="54,124,88,38,86,115,96,85,55,83,109,128,65" hai1="67,61,95,89,135,62,93,108,70,126,11,94,20" hai2="114,110,72,50,52,15,39,2,100,75,18,27,112" hai3="129,58,14,78,30,1,0,84,73,25,37,51,113"/><T68/><D115/><U43/><E108/><V90/><F39/><W104/><G37/><T121/><D121/><U134/><E126/><V118/><F2/><W59/><G113/><T82/><D124/><U10/><E43/><V44/><F110/><W19/><G104/><T12/><D109/><U102/><E102/><V77/><F118/><W127/><G127/><T26/><D128/><U23/><E89/><V48/><F100/><W22/><G73/><T40/><D96/><U123/><E123/><V101/><F101/><W57/><G129/><T64/><D26/><U35/><E35/><V131/><F131/><W69/><G69/><T117/><D117/><U107/><E107/><V99/><F27/><W97/><G97/><T46/><D12/><U36/><E36/><V125/><F125/><W41/><G41/><T132/><D132/><N who="1" m="50731" /><E62/><V16/><F75/><W13/><G13/><T87/><D87/><U32/><E32/><V9/><F18/><W103/><G103/><T60/><REACH who="0" step="1"/><D65/><REACH who="0" ten="240,250,250,250" step="2"/><U74/><E74/><V76/><F72/><W71/><G1/><T66/><D66/><U80/><E80/><V105/><F112/><W79/><G84/><T31/><D31/><U53/><E53/><N who="2" m="29831" /><F114/><W28/><G0/><T106/><D106/><U7/><E7/><V116/><F116/><W49/><G30/><T91/><AGARI ba="0,1" hai="38,40,46,54,55,60,64,68,82,83,85,86,88,91" machi="91" ten="20,12000,1" yaku="1,1,0,1,7,1,9,1,54,1,53,0" doraHai="6" doraHaiUra="130" who="0" fromWho="0" sc="240,130,250,-40,250,-40,250,-40" /><INIT seed="0,1,0,2,2,41" ten="370,210,210,210" oya="0" hai0="68,70,37,62,126,48,80,93,103,81,46,32,130" hai1="132,75,24,72,39,2,90,101,120,63,45,131,76" hai2="105,18,125,84,98,78,9,97,50,25,117,13,66" hai3="77,69,100,38,134,12,111,112,86,59,35,10,133"/><T19/><D32/><U26/><E120/><V116/><F125/><W124/><G69/><T55/><D126/><U115/><E132/><V85/><F66/><W28/><G124/><T113/><D113/><U44/><E101/><V92/><F105/><W21/><G112/><T52/><D37/><U74/><E115/><V91/><F25/><W96/><G35/><T7/><D7/><U47/><E39/><V6/><F18/><W121/><G121/><T34/><D34/><U57/><E131/><V118/><REACH who="2" step="1"/><F50/><REACH who="2" ten="370,210,200,210" step="2"/><W99/><G38/><T83/><D130/><U108/><E108/><V94/><F94/><W5/><G111/><T15/><D70/><U104/><E104/><V36/><F36/><W31/><G133/><T54/><D68/><U27/><E2/><V65/><F65/><W56/><G134/><T51/><D51/><U109/><E109/><V20/><F20/><W127/><G127/><T106/><D106/><U8/><E8/><V135/><F135/><W110/><G110/><T95/><D62/><U30/><E90/><V114/><F114/><W122/><G122/><T87/><D95/><U67/><REACH who="1" step="1"/><E76/><REACH who="1" ten="370,200,200,210" step="2"/><V11/><F11/><W73/><G77/><T71/><D103/><U22/><AGARI ba="1,2" hai="22,24,26,27,30,44,45,47,57,63,67,72,74,75" machi="22" ten="40,12000,2" yaku="1,1,2,1,0,1,52,3,53,0" doraHai="41" doraHaiUra="123" who="1" fromWho="1" sc="370,-61,200,143,200,-31,210,-31" /><INIT seed="1,0,0,1,0,70" ten="309,343,169,179" oya="1" hai0="108,64,134,120,54,57,22,29,30,91,109,104,41" hai1="73,133,62,7,3,87,76,53,46,42,25,118,27" hai2="122,6,51,130,125,71,31,45,67,38,28,99,13" hai3="111,11,90,131,55,17,37,112,33,89,85,106,114"/><U24/><E118/><V117/><F117/><W5/><G106/><T2/><D104/><U93/><E73/><V103/><F122/><W21/><G33/><T92/><D2/><U77/><E133/><V68/><F130/><W72/><G72/><T10/><D120/><U115/><E115/><V60/><F71/><W15/><G131/><T32/><D32/><U12/><E3/><V1/><F1/><W79/><G111/><N who="0" m="42571" /><D134/><U107/><E107/><V100/><F125/><W124/><G124/><T69/><D41/><U48/><E93/><V36/><F31/><W102/><G102/><T43/><D43/><U16/><E7/><V8/><F28/><W96/><G37/><T59/><D10/><N who="1" m="6167" /><E87/><V82/><F82/><N who="3" m="47327" /><G114/><T14/><D69/><U119/><E119/><V98/><F100/><W56/><G96/><T47/><D92/><U61/><E42/><V20/><F20/><W121/><G121/><T132/><D132/><U123/><E123/><V101/><F101/><W18/><G5/><T44/><D91/><U74/><E74/><V135/><F135/><W81/><G81/><T128/><D128/><U80/><E80/><V35/><F35/><W86/><G86/><T126/><D126/><U94/><E94/><N who="2" m="58839" /><F99/><W34/><G34/><T0/><D0/><U9/><E9/><V49/><F45/><W26/><G112/><T75/><D75/><U50/><E77/><V39/><F8/><W23/><G11/><T113/><D113/><U105/><E76/><V127/><F127/><W97/><G97/><T52/><D22/><U58/><E105/><V4/><F4/><RYUUKYOKU ba="0,0" sc="309,-30,343,10,169,10,179,10" hai1="24,25,27,46,48,50,53,58,61,62" hai2="6,13,36,38,39,49,51,60,67,68" hai3="15,17,18,21,23,26,55,56,89,90" /><INIT seed="1,1,0,5,4,106" ten="279,353,179,189" oya="1" hai0="72,61,128,131,92,68,49,134,122,82,71,21,58" hai1="90,30,116,26,6,60,96,119,123,54,11,97,74" hai2="48,31,40,56,0,66,63,59,105,127,103,4,32" hai3="129,70,13,62,39,46,86,55,17,44,84,99,41"/><U95/><E123/><V132/><F132/><W118/><G129/><N who="0" m="49739" /><D134/><U1/><E74/><V87/><F127/><W81/><G118/><T112/><D112/><U43/><E43/><V12/><F0/><W38/><G99/><T27/><D92/><U45/><E96/><V117/><F117/><W73/><G39/><T19/><D49/><U64/><E54/><V100/><F105/><W108/><G108/><T91/><D122/><U36/><E36/><V52/><F40/><W107/><G107/><T133/><D133/><U109/><E45/><V67/><F67/><W35/><G35/><T101/><D101/><U114/><E114/><V50/><F50/><W3/><G3/><T113/><D113/><U53/><E53/><V124/><F124/><W29/><G29/><T14/><D27/><U24/><E109/><V130/><F130/><W135/><G135/><T85/><D72/><U65/><E24/><V83/><F31/><W7/><G7/><T42/><D42/><U93/><E93/><V126/><F32/><W25/><G25/><T75/><D75/><U94/><E95/><V8/><REACH who="2" step="1"/><F126/><REACH who="2" ten="279,353,169,189" step="2"/><W57/><G38/><T102/><D102/><U79/><E116/><V77/><AGARI ba="1,1" hai="4,8,12,48,52,56,59,63,66,77,83,87,100,103" machi="77" ten="20,12000,2" yaku="1,1,2,1,0,1,7,1,8,1,54,1,53,1" doraHai="106" doraHaiUra="51" who="2" fromWho="2" sc="279,-31,353,-61,169,133,189,-31" /><INIT seed="2,0,0,3,4,120" ten="248,292,302,158" oya="2" hai0="2,61,50,38,13,24,129,125,119,105,51,60,97" hai1="134,41,49,45,62,83,14,65,118,87,95,7,34" hai2="55,108,69,124,135,127,80,94,85,53,30,39,26" hai3="109,6,25,54,99,19,81,132,33,84,128,107,113"/><V75/><F69/><W44/><G128/><T98/><D2/><U63/><E134/><V89/><F135/><W18/><G132/><T0/><D0/><U73/><E118/><V48/><F39/><W70/><G70/><T35/><D38/><U72/><E34/><V4/><F4/><W1/><G113/><T88/><D129/><U40/><E40/><V106/><F106/><W56/><G44/><T122/><D122/><U112/><E95/><V10/><F10/><W46/><G46/><T86/><D35/><U92/><E92/><V67/><F67/><W93/><G107/><T114/><D114/><U66/><E112/><V115/><F115/><W91/><G6/><T64/><D105/><U3/><E3/><V22/><F108/><W82/><G82/><T74/><D74/><U12/><E12/><V42/><F42/><W96/><G96/><N who="0" m="36971" /><D119/><U37/><E37/><V121/><F121/><W90/><G1/><T29/><D13/><U103/><E103/><V131/><F131/><W36/><G36/><T11/><D11/><N who="1" m="4479" /><E73/><V17/><F30/><W16/><G33/><T47/><D125/><N who="2" m="48202" /><F48/><N who="3" m="30791" /><G109/><T100/><D51/><U59/><E72/><V57/><F57/><W8/><G8/><T79/><D50/><U52/><E63/><N who="0" m="24137" /><D64/><U116/><E116/><V76/><AGARI ba="0,0" hai="17,22,26,53,55,75,76,80,85,89,94" m="48202" machi="76" ten="30,1500,0" yaku="18,1" doraHai="120" who="2" fromWho="2" sc="248,-5,292,-5,302,15,158,-5" /><INIT seed="2,1,0,2,0,85" ten="243,287,317,153" oya="2" hai0="132,102,9,123,19,71,55,56,34,112,109,66,104" hai1="134,133,119,50,76,44,27,18,0,49,106,74,39" hai2="79,62,103,26,118,29,88,73,47,42,83,87,96" hai3="82,107,23,14,120,99,126,40,80,30,77,101,2"/><V75/><F118/><W135/><G2/><T52/><D34/><U129/><E119/><V36/><F62/><W4/><G120/><T15/><D112/><U91/><E106/><V95/><REACH who="2" step="1"/><F79/><REACH who="2" ten="243,287,307,153" step="2"/><W90/><G77/><T111/><D123/><U78/><E76/><V46/><F46/><W1/><G126/><T8/><D71/><U108/><E78/><V115/><F115/><W28/><G135/><T13/><D132/><U92/><E44/><V72/><F72/><W127/><G127/><T124/><D124/><U86/><E74/><V65/><F65/><W33/><G33/><AGARI ba="1,1" hai="26,29,33,36,42,47,73,75,83,87,88,95,96,103" machi="33" ten="30,12000,1" yaku="1,1,7,1,52,1,54,1,53,1" doraHai="85" doraHaiUra="21" who="2" fromWho="3" sc="243,0,287,0,307,133,153,-123" /><INIT seed="2,2,0,4,5,61" ten="243,287,440,30" oya="2" hai0="87,103,4,74,98,135,110,131,60,41,5,17,116" hai1="12,63,96,86,125,43,72,69,20,46,49,122,13" hai2="132,73,71,18,55,11,65,133,53,123,128,58,38" hai3="36,9,89,0,104,16,22,93,39,90,109,129,33"/><V47/><F73/><W127/><G104/><T91/><D74/><U52/><E72/><V82/><F123/><W8/><G109/><T92/><D116/><U112/><E112/><V59/><F82/><W7/><G127/><T114/><D114/><U31/><E125/><V42/><F18/><W62/><G129/><T111/><D131/><U105/><E122/><V67/><F11/><W126/><G126/><T15/><D41/><U70/><E86/><V83/><F83/><W19/><G33/><T14/><D135/><N who="2" m="51786" /><F71/><W77/><G77/><T66/><D15/><U64/><E70/><V29/><F29/><W75/><G75/><T119/><D119/><U120/><E120/><V118/><F128/><W57/><G9/><T130/><D130/><U28/><E43/><V44/><F44/><W6/><G6/><T23/><D111/><U80/><E80/><V21/><F21/><W30/><G30/><T94/><REACH who="0" step="1"/><D110/><REACH who="0" ten="233,287,440,30" step="2"/><U1/><E13/><V27/><F118/><W76/><G76/><T99/><D99/><U100/><REACH who="1" step="1"/><E1/><REACH who="1" ten="233,277,440,30" step="2"/><V134/><F134/><W115/><G115/><T35/><D35/><U24/><E24/><V84/><F27/><W26/><G19/><AGARI ba="2,2" hai="12,19,20,28,31,46,49,52,63,64,69,96,100,105" machi="19" ten="40,5200,0" yaku="1,1,52,1,54,1,53,0" doraHai="61" doraHaiUra="32" who="1" fromWho="3" sc="233,0,277,78,440,0,30,-58" owari="233,-17.0,355,16.0,440,54.0,-28,-53.0" /></mjloggm>