<mjloggm ver="2.3"><GO type="169" lobby="0"/><UN n0="%E5%B0%B1%E6%B4%BB%E7%94%9F%40%E5%B7%9D%E6%9D%91%E8%BB%8D%E5%9B%A3" n1="%E6%96%B0%E4%B8%96%E7%95%8C%E3%81%AE%E7%B4%99" n2="%E7%84%9A%E3%81%8D%E7%81%AB" n3="%E6%99%82%E9%9B%A8%E5%BA%B5" dan="18,17,17,16" rate="2214.07,2175.79,2223.93,2141.11" sx="M,F,M,M"/><TAIKYOKU oya="0"/><INIT seed="0,0,0,3,1,32" ten="250,250,250,250" oya="0" hai0="59,85,41,100,103,10,104,126,56,49,89,130,57" hai1="15,95,70,1,88,114,75,31,107,124,67,96,4" hai2="43,65,61,26,53,106,135,64,19,63,111,40,27" hai3="133,76,108,55,0,54,110,123,80,102,2,115,116"/><T125/><D130/><U3/><E75/><V128/><F106/><W91/><G116/><T8/><D41/><U99/><E124/><V93/><F128/><W30/><G115/><T82/><D49/><U25/><E114/><V118/><F93/><W46/><G30/><T117/><D117/><U39/><E39/><V12/><F53/><N who="3" m="19979" /><G46/><T109/><D109/><N who="3" m="42089" /><G102/><T18/><D18/><U68/><E15/><V71/><F12/><W36/><G36/><T58/><N who="0" m="14848" /><DORA hai="98" /><T9/><REACH who="0" step="1"/><D104/><REACH who="0" ten="240,250,250,250" step="2"/><U78/><E107/><V5/><F19/><W113/><G113/><T129/><D129/><U45/><E45/><V17/><F17/><W69/><G69/><T66/><D66/><U23/><E67/><V35/><F111/><W92/><G123/><T21/><D21/><U131/><E131/><V28/><F118/><W51/><G51/><T42/><D42/><U52/><E70/><V48/><F48/><W6/><G6/><T34/><D34/><U20/><E68/><V105/><F5/><W101/><G133/><T132/><D132/><U16/><E52/><V81/><F105/><W74/><G101/><AGARI ba="0,1" hai="8,9,10,82,85,89,100,101,103,125,126" m="14848" machi="101" ten="60,12000,1" yaku="1,1,52,3,53,0" doraHai="32,98" doraHaiUra="44,24" who="0" fromWho="3" sc="240,130,250,0,250,0,250,-120" /><INIT seed="0,1,0,2,5,10" ten="370,250,250,130" oya="0" hai0="6,13,114,52,73,24,33,126,58,15,88,112,35" hai1="8,119,5,74,31,111,71,37,116,55,7,64,17" hai2="46,91,125,49,132,69,47,72,101,108,98,102,134" hai3="70,12,60,67,92,29,23,123,107,124,122,130,117"/><T53/><D73/><U9/><E74/><V2/><F69/><W103/><G107/><T48/><D126/><U133/><E37/><V26/><F2/><W61/><G124/><T43/><D43/><U120/><E120/><V96/><F125/><W100/><G117/><T32/><D6/><U20/><E64/><V68/><F68/><W62/><G130/><T45/><D24/><N who="1" m="16775" /><E55/><V51/><F72/><W30/><G92/><T50/><REACH who="0" step="1"/><D88/><REACH who="0" ten="360,250,250,130" step="2"/><U110/><E116/><V84/><F26/><W129/><G123/><T131/><D131/><U22/><E119/><V19/><F91/><W135/><G122/><T78/><D78/><U128/><E128/><V90/><F90/><W14/><G129/><T95/><D95/><U89/><E89/><V93/><F93/><W87/><G87/><T36/><D36/><U1/><E7/><V106/><F84/><W65/><G103/><T27/><D27/><U76/><E76/><V113/><F106/><W118/><G100/><T21/><D21/><U57/><E22/><V109/><F113/><AGARI ba="1,1" hai="13,15,32,33,35,45,48,50,52,53,58,112,113,114" machi="113" ten="50,12000,1" yaku="1,1,52,2,54,1,53,0" doraHai="10" doraHaiUra="25" who="0" fromWho="2" sc="360,133,250,0,250,-123,130,0" /><INIT seed="0,2,0,0,5,129" ten="493,250,127,130" oya="0" hai0="48,74,58,21,24,123,15,31,106,37,33,88,30" hai1="40,35,130,110,9,97,121,53,71,79,41,100,69" hai2="93,38,50,86,105,111,59,132,89,45,134,108,12" hai3="20,107,19,95,94,113,27,67,5,127,101,29,75"/><T3/><D37/><U17/><E35/><V122/><F122/><W96/><G75/><T57/><D123/><U47/><E121/><V126/><F105/><W90/><G113/><T133/><D106/><U25/><E130/><V65/><F126/><W103/><G127/><T54/><D3/><U49/><E110/><N who="2" m="42027" /><F38/><W14/><G5/><T128/><D74/><U13/><E79/><V11/><F59/><W32/><G67/><T78/><D78/><U46/><E25/><V23/><F23/><W42/><G42/><T131/><D58/><U6/><E6/><N who="2" m="3191" /><F65/><W16/><G19/><T76/><D76/><U62/><E62/><V125/><F125/><W18/><G18/><T117/><D117/><U7/><E7/><V84/><F84/><W115/><G115/><T114/><D114/><U102/><E47/><V66/><F66/><W36/><G36/><T56/><D56/><U99/><E99/><V83/><F93/><W44/><G44/><T98/><D131/><U55/><E46/><V64/><F64/><W73/><G73/><T87/><D128/><U91/><E49/><V34/><F34/><W120/><G120/><T109/><D98/><U1/><E97/><V81/><F81/><W60/><G107/><T112/><D112/><U119/><E17/><V68/><F68/><W85/><G60/><T63/><D109/><U77/><E71/><V70/><F70/><W92/><G92/><N who="0" m="54303" /><D63/><U118/><E69/><V80/><F80/><W0/><G0/><T28/><D33/><U82/><E1/><V4/><F4/><W116/><G116/><T43/><D57/><RYUUKYOKU ba="2,0" sc="493,-15,250,-15,127,15,130,15" hai2="45,50,83,86,89,132,134" hai3="14,16,20,27,29,32,85,90,94,95,96,101,103" /><INIT seed="1,3,0,5,4,125" ten="478,235,142,145" oya="1" hai0="57,72,69,129,113,46,43,53,93,108,88,22,130" hai1="12,133,95,51,26,58,98,118,2,104,110,122,39" hai2="92,11,131,49,85,48,91,101,34,99,62,45,33" hai3="83,103,16,24,114,84,44,94,128,31,47,60,89"/><U15/><E39/><V78/><F78/><W32/><G114/><T121/><D69/><U124/><E118/><V81/><F62/><W134/><G134/><T40/><D113/><U96/><E2/><V79/><F49/><W107/><G107/><T87/><D72/><U37/><E37/><V4/><F101/><W77/><G103/><T17/><D108/><U29/><E122/><V54/><REACH who="2" step="1"/><F131/><REACH who="2" ten="478,235,132,145" step="2"/><N who="0" m="50186" /><D121/><U71/><E51/><V132/><F132/><W19/><G60/><N who="0" m="35887" /><D46/><U9/><E133/><V75/><F75/><W66/><G128/><T3/><D3/><AGARI ba="3,1" hai="3,4,11,33,34,45,48,54,79,81,85,91,92,99" machi="3" ten="30,2000,0" yaku="1,1,7,1,53,0" doraHai="125" doraHaiUra="102" who="2" fromWho="0" sc="478,-29,235,0,132,39,145,0" /><INIT seed="2,0,0,3,3,60" ten="449,235,171,145" oya="2" hai0="17,117,43,113,44,128,116,16,42,54,33,95,99" hai1="49,70,10,107,14,47,85,132,69,98,67,32,127" hai2="80,124,23,135,46,108,110,84,72,26,28,11,83" hai3="34,27,45,88,92,81,118,7,86,64,5,65,75"/><V129/><F124/><W114/><G118/><N who="0" m="45675" /><D113/><U68/><E32/><V123/><F123/><W91/><G75/><T25/><D128/><U79/><E127/><V102/><F129/><W125/><G125/><T96/><D54/><U100/><E132/><V56/><F135/><W20/><G34/><T82/><D82/><U76/><E85/><V58/><F102/><W18/><G45/><T109/><D109/><N who="2" m="42090" /><F72/><W131/><G114/><T59/><D59/><U120/><E120/><V134/><F134/><W101/><G101/><N who="0" m="60575" /><D99/><U2/><E79/><V97/><F97/><N who="3" m="57503" /><G131/><T22/><D33/><U130/><E76/><N who="2" m="46087" /><F83/><W35/><G35/><T3/><D3/><U90/><E130/><V66/><F66/><AGARI ba="0,0" hai="5,7,18,20,27,64,65,66,81,86,88" m="57503" machi="66" ten="30,8000,1" yaku="8,1,52,3,54,1" doraHai="60" who="3" fromWho="2" sc="449,0,235,0,171,-80,145,80" /><INIT seed="3,0,0,3,3,99" ten="449,235,91,225" oya="3" hai0="103,38,113,84,105,0,79,134,111,122,43,93,26" hai1="83,75,50,135,24,94,5,82,61,132,37,54,35" hai2="52,77,62,65,10,117,126,112,98,63,16,9,66" hai3="74,104,39,34,78,47,95,119,100,29,96,125,86"/><W109/><G119/><T44/><D0/><U101/><E37/><V57/><F126/><W17/><G17/><T28/><D122/><U12/><E61/><V131/><F131/><W6/><G6/><T121/><D121/><U60/><E60/><V130/><F130/><W1/><G1/><T116/><D116/><U56/><E35/><V80/><F117/><W91/><G125/><T59/><D113/><U23/><E75/><V51/><F112/><W129/><G129/><T68/><D68/><U11/><E132/><V58/><F98/><W102/><G109/><T46/><D46/><U124/><E135/><V18/><F9/><W27/><G102/><T118/><D118/><U45/><E45/><V2/><F10/><W31/><G31/><T72/><D59/><U53/><E53/><V49/><F2/><W21/><G21/><T107/><D111/><U67/><E67/><V33/><F33/><W127/><G127/><T22/><D134/><U4/><E4/><V64/><F49/><W20/><G34/><T97/><D72/><U108/><E108/><V36/><F36/><W123/><G123/><T41/><D41/><U8/><E8/><V71/><REACH who="2" step="1"/><F65/><REACH who="2" ten="449,235,81,225" step="2"/><W32/><G32/><T92/><D107/><U128/><E124/><V42/><F42/><W25/><G39/><T70/><D105/><U120/><E128/><V88/><F88/><W3/><G3/><T14/><D43/><U89/><E120/><V40/><F40/><W7/><G104/><T19/><D38/><U85/><E101/><V87/><AGARI ba="0,1" hai="16,18,51,52,57,58,62,63,64,66,71,77,80,87" machi="87" ten="20,8000,1" yaku="1,1,0,1,7,1,54,2,53,0" doraHai="99" doraHaiUra="115" who="2" fromWho="2" sc="449,-20,235,-20,81,90,225,-40" /><INIT seed="4,0,0,1,5,4" ten="429,215,171,185" oya="0" hai0="105,97,66,3,62,130,91,49,121,12,42,112,86" hai1="45,89,65,126,120,24,60,53,38,132,108,61,55" hai2="22,46,117,111,77,50,26,43,1,72,107,2,95" hai3="71,124,99,127,123,75,37,67,16,94,88,25,5"/><T36/><D3/><U48/><E120/><V51/><F111/><W30/><G75/><T74/><D74/><U101/><E108/><V78/><F107/><W57/><G71/><T34/><D121/><U39/><E101/><V32/><F32/><W68/><G68/><T41/><D34/><U115/><E24/><V6/><F117/><W27/><G5/><T19/><D36/><N who="1" m="13867" /><E89/><V83/><F78/><W9/><G37/><T20/><D130/><U28/><E28/><V96/><F51/><W118/><G118/><T133/><D133/><U7/><E7/><V23/><F23/><W84/><G99/><T15/><D112/><U113/><E132/><V17/><REACH who="2" step="1"/><F6/><REACH who="2" ten="429,215,161,185" step="2"/><W114/><G123/><T11/><D20/><U106/><E106/><V76/><F76/><W54/><G114/><T10/><D49/><U29/><E115/><V64/><F64/><W70/><G67/><T80/><D105/><U128/><E113/><V100/><AGARI ba="0,1" hai="1,2,17,22,26,43,46,50,72,77,83,95,96,100" machi="100" ten="20,2700,0" yaku="1,1,0,1,7,1,53,0" doraHai="4" doraHaiUra="69" who="2" fromWho="2" sc="429,-13,215,-7,161,37,185,-7" /><INIT seed="5,0,0,3,3,59" ten="416,208,198,178" oya="1" hai0="16,38,91,116,12,56,48,90,120,63,118,1,100" hai1="104,45,129,10,67,134,98,64,20,15,103,7,106" hai2="25,126,108,123,66,122,24,85,111,121,97,81,29" hai3="11,74,73,70,61,47,75,82,26,4,3,14,8"/><U52/><E106/><V28/><F97/><W80/><G26/><T107/><D38/><U39/><E134/><V0/><F0/><W50/><G70/><T72/><D1/><U78/><E129/><V77/><F126/><W83/><G61/><T133/><D72/><U86/><E78/><V87/><F66/><W101/><G101/><T42/><D133/><U5/><E86/><V13/><F13/><W99/><G99/><T131/><D131/><U2/><E39/><V18/><F18/><W19/><REACH who="3" step="1"/><G83/><REACH who="3" ten="416,208,198,168" step="2"/><T34/><D100/><U113/><E98/><V76/><F123/><W71/><G71/><T41/><D63/><U130/><E103/><V84/><F84/><W31/><G31/><T33/><D120/><U132/><E130/><V9/><F81/><W6/><G6/><T22/><D34/><U17/><E5/><V119/><F119/><W105/><G105/><T60/><D60/><U124/><E104/><V51/><F122/><W27/><G27/><T58/><D33/><U32/><E32/><V93/><F121/><W43/><AGARI ba="0,1" hai="3,4,8,11,14,19,43,47,50,73,74,75,80,82" machi="43" ten="30,2000,0" yaku="1,1,0,1,53,0" doraHai="59" doraHaiUra="68" who="3" fromWho="3" sc="416,-5,208,-10,198,-5,168,30" /><INIT seed="6,0,0,2,1,90" ten="411,198,193,198" oya="2" hai0="34,83,49,131,124,2,107,112,61,69,130,129,42" hai1="113,75,64,91,21,105,70,57,58,110,31,35,67" hai2="111,7,82,95,97,115,118,40,11,3,116,41,44" hai3="92,59,13,133,38,76,63,33,135,24,89,117,120"/><V32/><F32/><W119/><G38/><T55/><D112/><U88/><E110/><V62/><F115/><W9/><G76/><T93/><D124/><U22/><E105/><V77/><F62/><W102/><G102/><T87/><D107/><U121/><E113/><V1/><F1/><W85/><G120/><T18/><D34/><U46/><E75/><V29/><F29/><W108/><G108/><T101/><D2/><U74/><E74/><V28/><F28/><W45/><G45/><T17/><D42/><U104/><E104/><V47/><F111/><W128/><G24/><T71/><D93/><U54/><E70/><N who="0" m="26633" /><D101/><U39/><E35/><V132/><F44/><W50/><G50/><T37/><D61/><U14/><E121/><V125/><F125/><W123/><G123/><T0/><D37/><U98/><E39/><N who="2" m="21919" /><F41/><W99/><G33/><T25/><D25/><U12/><E46/><V94/><F132/><W16/><G135/><T52/><D0/><U68/><E68/><V96/><F96/><W73/><G99/><T122/><D122/><U86/><E98/><V80/><F80/><W84/><G133/><T106/><D106/><U51/><E31/><V6/><F6/><W103/><G63/><T19/><D49/><U20/><E51/><V48/><F48/><W81/><G81/><T109/><D109/><U10/><E14/><V126/><F126/><W53/><G13/><T78/><AGARI ba="0,0" hai="17,18,19,52,55,78,83,87,129,130,131" m="26633" machi="78" ten="40,2700,0" yaku="19,1,54,1" doraHai="90" who="0" fromWho="0" sc="411,27,198,-7,193,-13,198,-7" /><INIT seed="7,0,0,5,0,131" ten="438,191,180,191" oya="3" hai0="85,83,62,86,132,36,122,59,34,3,113,127,25" hai1="119,117,63,69,49,50,45,54,32,17,88,125,120" hai2="53,46,41,16,5,10,107,112,103,64,68,19,129" hai3="72,81,84,111,51,106,124,104,102,1,110,7,115"/><W78/><G115/><T38/><D85/><U94/><E120/><V105/><F112/><W71/><G71/><T101/><D101/><U76/><E32/><V12/><F129/><W4/><G51/><T31/><D122/><U89/><E125/><V48/><F64/><W14/><G14/><T0/><D127/><U74/><E74/><V29/><F68/><W26/><G26/><T135/><D113/><U79/><E17/><V13/><F29/><W2/><G72/><T108/><D108/><N who="3" m="41513" /><G124/><T118/><D118/><N who="1" m="45067" /><E50/><V123/><F123/><W66/><G66/><T96/><D96/><N who="1" m="57415" /><E63/><V55/><F5/><N who="3" m="2123" /><G102/><T39/><D59/><U70/><E70/><V20/><REACH who="2" step="1"/><F103/><REACH who="2" ten="438,191,170,191" step="2"/><W42/><G42/><T47/><D25/><U15/><E69/><V134/><F134/><W126/><G126/><T116/><D62/><U43/><E43/><V6/><F6/><W33/><G33/><T40/><D47/><U97/><E45/><V67/><F67/><W130/><G130/><T65/><D65/><U60/><E54/><AGARI ba="0,1" hai="10,12,13,16,19,20,41,46,48,53,54,55,105,107" machi="54" ten="40,2600,0" yaku="1,1,54,1,53,0" doraHai="131" doraHaiUra="61" who="2" fromWho="1" sc="438,0,191,-26,170,36,191,0" owari="438,53.0,165,-33.0,206,1.0,191,-21.0" /></mjloggm>