<mjloggm ver="2.3"><GO type="169" lobby="0"/><UN n0="%E3%83%94%E3%82%AB%E5%90%BE%E9%83%8E" n1="%43%48%49%52%4F%52%55" n2="%E5%B0%B1%E6%B4%BB%E7%94%9F%40%E5%B7%9D%E6%9D%91%E8%BB%8D%E5%9B%A3" n3="%67%6F%75%73%69" dan="16,16,17,17" rate="2123.29,2163.77,2184.56,2138.77" sx="M,M,M,M"/><TAIKYOKU oya="0"/><INIT seed="0,0,0,2,0,29" ten="250,250,250,250" oya="0" hai0="74,123,99,87,115,129,0,128,46,73,117,126,24" hai1="51,109,7,63,44,95,113,30,50,101,122,59,33" hai2="120,106,72,94,21,133,79,34,125,75,54,66,11" hai3="17,100,2,85,96,121,110,132,78,82,119,28,103"/><T108/><D0/><U104/><E122/><V36/><F54/><W6/><G6/><T97/><D123/><U70/><E109/><V135/><F66/><W127/><G2/><T23/><D115/><U43/><E104/><V111/><F21/><W45/><G121/><T67/><D67/><U81/><E70/><V53/><F53/><W112/><G119/><T62/><D62/><U134/><E134/><V5/><F94/><W10/><G28/><T60/><D60/><U89/><E7/><V80/><F75/><N who="0" m="28682" /><D46/><U9/><E9/><V26/><F120/><W90/><G45/><T42/><D42/><U47/><E101/><V83/><F83/><W76/><G112/><T56/><D56/><U88/><E113/><V57/><F57/><W41/><G10/><T105/><D23/><U3/><E3/><N who="2" m="447" /><F111/><W22/><G110/><T18/><D18/><U37/><E81/><V86/><F36/><W69/><G17/><T35/><D87/><U25/><E47/><V55/><F86/><W8/><G22/><T107/><D108/><U32/><E59/><V1/><F55/><W48/><G85/><T93/><D99/><U61/><E63/><V31/><F1/><W84/><G84/><T114/><D114/><U38/><E61/><V77/><F77/><W124/><G78/><T16/><D107/><U71/><E44/><V39/><F106/><W15/><G96/><T20/><D105/><U130/><E38/><V91/><F39/><W4/><G76/><T27/><D93/><U14/><E95/><V131/><F79/><W52/><G82/><T102/><D20/><RYUUKYOKU ba="0,0" sc="250,0,250,0,250,0,250,0" /><INIT seed="1,1,0,3,0,53" ten="250,250,250,250" oya="1" hai0="30,47,36,130,135,129,23,111,1,92,43,115,84" hai1="4,87,94,37,34,75,20,96,100,41,88,56,44" hai2="117,26,73,2,68,112,64,114,13,108,82,109,89" hai3="102,48,14,123,91,51,101,7,66,12,21,16,5"/><U39/><E34/><V6/><F68/><W72/><G72/><T126/><D1/><U38/><E75/><V131/><F64/><W119/><G123/><T0/><D0/><U65/><E4/><N who="3" m="1610" /><G119/><T9/><D9/><U122/><E122/><V24/><F2/><W121/><G121/><T97/><D115/><N who="2" m="44074" /><F73/><W55/><G66/><T27/><D111/><N who="2" m="42570" /><F82/><W69/><G69/><T15/><D15/><U85/><E20/><V32/><F89/><W35/><G35/><T79/><D79/><U62/><REACH who="1" step="1"/><E85/><REACH who="1" ten="250,240,250,250" step="2"/><V18/><F117/><W98/><G21/><T22/><D84/><U58/><E58/><V49/><F32/><W80/><G12/><T113/><D113/><U31/><E31/><V86/><F86/><W93/><G14/><T25/><D23/><U74/><E74/><V105/><F6/><W57/><G16/><T50/><D22/><U90/><E90/><V54/><F131/><N who="0" m="50186" /><D30/><U104/><AGARI ba="1,1" hai="37,38,39,41,44,56,62,65,87,88,94,96,100,104" machi="104" ten="20,12000,1" yaku="1,1,0,1,7,1,52,1,54,1,53,0" doraHai="53" doraHaiUra="17" who="1" fromWho="1" sc="250,-41,240,133,250,-41,250,-41" /><INIT seed="1,2,0,4,1,24" ten="209,373,209,209" oya="1" hai0="58,22,36,63,87,74,60,112,51,69,59,99,80" hai1="34,57,53,135,118,20,104,91,73,49,117,61,41" hai2="83,13,0,1,86,101,102,94,134,123,120,78,7" hai3="33,30,68,43,23,29,82,122,25,18,19,62,45"/><U55/><E34/><V54/><F134/><W6/><G122/><T108/><D36/><U129/><E73/><V93/><F1/><W77/><G6/><T114/><D74/><U31/><E104/><V4/><F0/><W42/><G42/><T131/><D69/><U90/><E41/><V106/><F54/><W85/><G33/><T124/><D51/><U5/><E5/><V110/><F110/><W39/><REACH who="3" step="1"/><G18/><REACH who="3" ten="209,373,209,199" step="2"/><T111/><D111/><U92/><E135/><V116/><F7/><W75/><G75/><T105/><D108/><U70/><E118/><V47/><F4/><W125/><G125/><T65/><D124/><U10/><E117/><V84/><F116/><W107/><G107/><T9/><D105/><U66/><E129/><V37/><F106/><W56/><G56/><T46/><D131/><U126/><E126/><V26/><F120/><W44/><G44/><T21/><D46/><U96/><E57/><V11/><F47/><W98/><G98/><T76/><D99/><U67/><E70/><V52/><F123/><W121/><G121/><T27/><D114/><U40/><E96/><V8/><F37/><W128/><G128/><T14/><D112/><U89/><E40/><V100/><F86/><W35/><G35/><T88/><D59/><U130/><E130/><V71/><F71/><W81/><G81/><T113/><D113/><U16/><E16/><V72/><F72/><W28/><G28/><T79/><D63/><U133/><E61/><V48/><F83/><W17/><G17/><N who="0" m="8399" /><D27/><N who="1" m="16871" /><E133/><V127/><F26/><W38/><G38/><T115/><D115/><RYUUKYOKU ba="2,1" sc="209,15,373,-15,209,-15,199,15" hai0="21,22,58,60,65,76,79,80,87,88" hai3="19,23,25,29,30,39,43,45,62,68,77,82,85" /><INIT seed="2,3,1,5,4,4" ten="224,358,194,214" oya="2" hai0="19,46,59,38,66,34,99,36,83,132,65,10,17" hai1="77,18,133,33,130,62,94,102,2,39,112,7,70" hai2="127,26,8,30,47,81,129,90,107,20,64,3,21" hai3="40,86,123,74,101,52,57,82,55,6,115,87,58"/><V120/><F120/><W23/><G123/><T116/><D34/><U32/><E77/><V76/><F127/><W15/><G115/><T63/><D132/><U72/><E94/><V16/><F129/><W71/><G71/><T122/><D122/><U37/><E18/><V84/><F107/><W109/><G40/><T131/><D131/><U41/><E102/><V61/><F47/><W106/><G106/><T28/><D28/><U108/><E62/><V103/><F103/><W1/><G101/><T79/><D99/><U96/><E7/><V104/><F104/><W29/><G1/><T43/><D116/><U118/><E96/><V27/><F3/><W93/><G93/><T5/><D65/><U56/><E56/><V95/><F8/><N who="3" m="4503" /><G74/><T119/><D38/><U125/><E41/><V128/><F128/><W89/><G86/><T24/><D24/><U110/><E39/><V11/><F11/><W22/><G109/><T60/><D60/><U35/><E35/><V88/><REACH who="2" step="1"/><F95/><REACH who="2" ten="224,358,184,214" step="2"/><W92/><G92/><T73/><D119/><U54/><E110/><V31/><F31/><W134/><G29/><T97/><D97/><U14/><E108/><V25/><F25/><W126/><G126/><T100/><D100/><U113/><E125/><V98/><F98/><W45/><G45/><T124/><D124/><U75/><E2/><AGARI ba="3,2" hai="2,5,10,17,19,36,43,46,59,63,66,73,79,83" machi="2" ten="30,7700,0" yaku="7,1,25,2,52,1" doraHai="4" who="0" fromWho="1" sc="224,106,358,-86,184,0,214,0" /><INIT seed="3,0,0,1,1,12" ten="330,272,184,214" oya="3" hai0="34,54,44,129,6,27,70,95,4,107,98,112,117" hai1="50,52,67,5,19,92,30,2,33,69,87,73,119" hai2="32,90,79,68,89,82,96,128,76,48,85,25,61" hai3="108,113,0,122,40,43,131,17,3,84,35,72,62"/><W66/><G72/><T106/><D70/><U46/><E73/><V132/><F128/><W56/><G35/><T26/><D117/><U100/><E119/><V31/><F132/><W9/><G122/><T110/><D129/><U71/><E2/><V78/><F48/><W134/><G113/><T101/><D106/><U77/><E5/><V41/><F41/><W133/><G131/><T75/><D75/><U39/><E39/><V126/><F126/><W1/><G108/><T116/><D110/><U53/><E53/><V99/><F68/><W121/><G121/><T21/><D116/><U47/><E47/><V102/><F61/><W28/><G28/><T91/><D27/><U111/><E111/><V23/><F90/><W74/><G74/><T20/><D20/><U36/><E36/><V11/><F32/><W103/><G103/><T60/><D34/><U94/><E100/><V24/><F24/><W29/><G29/><T63/><D63/><U59/><E30/><V97/><REACH who="2" step="1"/><F11/><REACH who="2" ten="330,272,174,214" step="2"/><W80/><G40/><T37/><D60/><N who="1" m="38303" /><E71/><V10/><F10/><W64/><G43/><T105/><D37/><U18/><E69/><V81/><F81/><W57/><G66/><T124/><D124/><U115/><E33/><V15/><F15/><N who="3" m="7407" /><G64/><T135/><D135/><N who="3" m="51721" /><G62/><T7/><D112/><U42/><E42/><V38/><F38/><W125/><G125/><T55/><D101/><AGARI ba="0,1" hai="23,25,31,76,78,79,82,85,89,96,97,99,101,102" machi="101" ten="40,2600,0" yaku="1,1,8,1,53,0" doraHai="12" doraHaiUra="8" who="2" fromWho="0" sc="330,-26,272,0,174,36,214,0" /><INIT seed="4,0,0,2,1,28" ten="304,272,210,214" oya="0" hai0="22,29,10,50,64,34,83,42,61,65,68,67,23" hai1="6,0,117,39,14,81,113,101,38,20,106,97,79" hai2="95,94,11,126,8,58,130,40,89,55,41,54,127" hai3="31,4,119,132,84,118,56,12,109,110,44,91,102"/><T16/><D34/><U88/><E117/><V52/><F58/><W35/><G102/><T43/><D68/><U100/><E113/><V116/><F89/><W13/><G84/><T124/><D61/><U48/><E101/><V128/><REACH who="2" step="1"/><F55/><REACH who="2" ten="304,272,200,214" step="2"/><W123/><G91/><T93/><D83/><U115/><E88/><V125/><F125/><W1/><G56/><T78/><D124/><U57/><E57/><V133/><F133/><W15/><G44/><T25/><D93/><U122/><E81/><V33/><F33/><W49/><G132/><T47/><D78/><U2/><E79/><V71/><F71/><W3/><G119/><AGARI ba="0,1" hai="8,11,40,41,52,54,94,95,116,119,126,127,128,130" machi="119" ten="25,12000,2" yaku="1,1,22,2,54,1,53,2" doraHai="28" doraHaiUra="5" who="2" fromWho="3" sc="304,0,272,0,200,130,214,-120" /><INIT seed="5,0,0,0,1,24" ten="304,272,330,94" oya="1" hai0="77,60,21,74,17,135,7,85,115,39,126,72,20" hai1="4,33,129,82,9,69,130,40,57,49,102,131,97" hai2="63,31,133,93,78,132,3,55,51,52,107,41,125" hai3="76,5,29,54,88,90,37,64,79,70,8,22,113"/><U68/><E33/><V10/><F107/><W1/><G37/><T134/><D39/><U14/><E82/><V25/><F125/><W23/><G113/><T122/><D115/><U61/><E49/><V124/><F124/><W103/><G103/><T27/><D126/><U119/><E40/><V116/><F116/><W42/><G42/><T87/><D7/><U117/><E69/><V65/><F78/><W111/><G111/><T83/><D122/><U30/><E68/><V84/><F84/><W45/><G76/><T98/><D74/><U35/><E35/><V123/><F93/><W62/><G79/><T67/><D21/><U71/><E71/><V12/><F3/><W15/><G23/><T75/><D75/><U46/><E46/><N who="2" m="26063" /><F123/><W2/><G45/><T105/><D60/><U106/><E30/><V19/><F63/><W127/><G127/><T32/><D67/><AGARI ba="0,0" hai="4,9,14,57,61,67,97,102,106,117,119,129,130,131" machi="67" ten="40,2000,0" yaku="19,1" doraHai="24" who="1" fromWho="0" sc="304,-20,272,20,330,0,94,0" /><INIT seed="5,1,0,4,1,44" ten="284,292,330,94" oya="1" hai0="21,97,2,125,86,16,30,6,91,31,55,75,100" hai1="20,45,122,32,67,106,23,124,117,27,42,78,43" hai2="71,128,48,121,3,114,36,123,17,113,112,101,119" hai3="77,64,133,53,74,98,94,54,34,9,57,118,134"/><U115/><E117/><V108/><F36/><W68/><G34/><T1/><D75/><U11/><E106/><V131/><F3/><W70/><G74/><T28/><D6/><U107/><E107/><V51/><F101/><W87/><G87/><T29/><D125/><U110/><E115/><V22/><F71/><W93/><G77/><T111/><D111/><U24/><E124/><V103/><F103/><W72/><G72/><T65/><D65/><U84/><E32/><V80/><F80/><W7/><G64/><T10/><D10/><U50/><E122/><N who="2" m="46603" /><F119/><W132/><G118/><T12/><N who="0" m="7680" /><DORA hai="81" /><T130/><D130/><N who="2" m="49706" /><F108/><W102/><G94/><T56/><D97/><U99/><E99/><V96/><F96/><W26/><G26/><AGARI ba="1,0" hai="17,22,26,48,51,112,113,114" m="49706,46603" machi="26" ten="40,8000,1" yaku="15,1,11,1,19,1,52,2" doraHai="44,81" who="2" fromWho="3" sc="284,0,292,0,330,83,94,-83" /><INIT seed="6,0,0,4,2,1" ten="284,292,413,11" oya="2" hai0="121,48,87,16,109,0,96,23,20,51,102,26,6" hai1="97,71,110,113,85,37,75,44,68,93,50,89,54" hai2="65,106,15,105,3,10,27,118,130,21,30,45,33" hai3="2,28,114,52,126,82,125,31,11,69,40,18,58"/><V25/><F118/><W41/><G69/><T78/><D109/><U47/><E75/><V117/><F130/><W83/><G114/><T92/><D6/><U73/><E73/><V108/><F117/><W123/><G123/><T120/><D0/><U22/><E110/><V4/><F108/><W116/><G116/><T112/><D112/><U84/><E113/><V42/><F65/><W66/><G66/><T119/><D119/><U55/><E22/><V124/><F124/><N who="3" m="47723" /><G82/><N who="0" m="47575" /><D121/><U90/><E97/><V38/><REACH who="2" step="1"/><F3/><REACH who="2" ten="284,292,403,11" step="2"/><W17/><G83/><T49/><D120/><U72/><E71/><V133/><F133/><W79/><G79/><T100/><D23/><U67/><E67/><V35/><F35/><W61/><G2/><T81/><D81/><U104/><E68/><V13/><F13/><N who="3" m="7359" /><G18/><AGARI ba="0,1" hai="4,10,15,18,21,25,27,30,33,38,42,45,105,106" machi="18" ten="30,11600,0" yaku="1,1,7,1,52,1,53,1" doraHai="1" doraHaiUra="39" who="2" fromWho="3" sc="284,0,292,0,403,126,11,-116" owari="284,-12.0,292,9.0,529,64.0,-105,-61.0" /></mjloggm>