<mjloggm ver="2.3"><GO type="225" lobby="0"/><UN n0="%6E%75%6D%62%65%72%69%6A" n1="%6F%6B%61%65%72%69" n2="%E3%82%A6%E3%83%AB%E3%83%88%E3%83%A9%E7%AB%8B%E7%9B%B4" n3="%73%40%73%61%74%61%6B%65" dan="16,16,17,17" rate="2107.66,2031.74,2156.98,2190.39" sx="M,F,M,M"/><TAIKYOKU oya="0"/><INIT seed="0,0,0,5,5,44" ten="250,250,250,250" oya="0" hai0="25,119,0,17,105,96,89,86,77,15,72,126,128" hai1="110,132,43,14,58,11,65,67,130,129,101,93,63" hai2="19,88,68,78,7,114,103,69,38,131,134,2,37" hai3="80,40,82,34,61,100,60,1,70,42,64,3,135"/><T39/><D0/><U6/><E110/><V18/><F103/><W24/><G135/><T12/><D119/><U76/><E132/><V48/><F78/><W20/><G34/><T90/><D39/><U57/><E76/><V109/><F7/><W22/><G100/><N who="0" m="62599" /><D90/><U10/><E43/><V36/><F2/><W54/><G54/><T55/><D55/><U33/><E33/><V16/><F134/><W111/><G111/><T107/><D107/><U53/><E11/><V26/><F109/><W122/><G122/><T62/><D62/><U45/><E45/><V9/><F9/><W8/><G8/><T106/><D106/><U127/><E127/><V115/><F26/><W118/><G118/><T95/><D128/><N who="1" m="49259" /><E57/><V117/><F131/><W52/><G52/><T81/><D126/><U46/><E46/><V121/><F121/><W41/><G61/><T116/><D116/><U113/><E113/><N who="2" m="43019" /><F117/><W73/><G42/><T13/><D25/><U56/><E56/><V50/><F88/><W71/><G41/><T83/><D83/><U91/><E101/><V35/><F35/><W5/><G40/><T23/><AGARI ba="0,0" hai="12,13,15,17,23,72,77,81,86,89,95" m="62599" machi="23" ten="30,1500,0" yaku="24,1" doraHai="44" who="0" fromWho="0" sc="250,15,250,-5,250,-5,250,-5" /><INIT seed="0,1,0,5,5,43" ten="265,245,245,245" oya="0" hai0="57,100,25,90,53,65,126,50,97,15,133,101,108" hai1="102,98,124,51,29,116,119,21,135,79,14,3,33" hai2="63,70,5,83,69,35,55,104,62,115,92,49,39" hai3="74,75,73,1,111,45,120,103,11,34,54,27,41"/><T4/><D126/><U118/><E3/><V94/><F104/><W131/><G103/><T6/><D133/><U61/><E135/><V99/><F35/><W48/><G111/><T60/><D108/><U113/><E113/><V107/><F107/><W23/><G131/><T93/><D25/><U68/><E79/><V64/><F39/><W44/><G120/><T22/><D22/><U127/><E33/><V117/><F115/><W30/><G34/><T76/><D76/><U95/><E51/><V87/><F5/><N who="0" m="2154" /><D15/><U91/><E102/><V59/><F99/><W32/><G11/><T24/><D24/><U7/><E29/><V9/><F9/><W66/><G1/><T105/><D105/><U130/><E7/><V13/><F13/><W106/><G106/><T122/><D122/><U132/><E132/><V0/><F0/><W67/><REACH who="3" step="1"/><G32/><REACH who="3" ten="265,245,245,235" step="2"/><T20/><D20/><U47/><E130/><V110/><F110/><W46/><G46/><AGARI ba="1,1" hai="46,50,53,57,60,65,90,93,97,100,101" m="2154" machi="46" ten="30,2900,0" yaku="8,1,52,1" doraHai="43" who="0" fromWho="3" sc="265,42,245,0,245,0,235,-32" /><INIT seed="0,2,0,4,0,101" ten="307,245,245,203" oya="0" hai0="14,120,31,125,16,68,36,72,6,1,63,90,23" hai1="97,124,113,127,21,106,107,67,49,2,30,132,20" hai2="116,64,10,25,51,129,44,39,46,9,34,13,70" hai3="75,50,60,84,26,81,112,126,3,128,4,86,110"/><T103/><D72/><U83/><E2/><V76/><F129/><W111/><G112/><T92/><D36/><U7/><E132/><V94/><F116/><W85/><G128/><T82/><D120/><U0/><E67/><V123/><F123/><W105/><G126/><N who="1" m="48170" /><E97/><V66/><F76/><W22/><G50/><T117/><D117/><U54/><E113/><V48/><F39/><W32/><G32/><T56/><D68/><U87/><E0/><V109/><F70/><W91/><G75/><T41/><D41/><U99/><E99/><V62/><F62/><W42/><G42/><T115/><D115/><U59/><E7/><V53/><F109/><N who="3" m="41483" /><G60/><T80/><D103/><U104/><E30/><V19/><F94/><W71/><G71/><T33/><D125/><U52/><E54/><V108/><F108/><W38/><G4/><T77/><D6/><U15/><E15/><V69/><F69/><W102/><G3/><T100/><D1/><U27/><E27/><V73/><F64/><W79/><G79/><AGARI ba="2,0" hai="20,21,49,52,59,79,83,87,104,106,107" m="48170" machi="79" ten="40,8000,1" yaku="18,1,52,3,54,1" doraHai="101" who="1" fromWho="3" sc="307,0,245,86,245,0,203,-86" /><INIT seed="1,0,0,5,1,54" ten="307,331,245,117" oya="1" hai0="40,30,81,101,75,45,17,98,103,34,1,67,90" hai1="126,46,97,113,135,63,94,120,105,10,37,83,64" hai2="99,4,96,125,95,71,19,89,50,35,39,133,32" hai3="18,57,6,127,86,72,134,100,8,0,51,118,59"/><U130/><E120/><V131/><F39/><W36/><G36/><T56/><D17/><U44/><E113/><V119/><F71/><W38/><G38/><T85/><D1/><U114/><E114/><V29/><F119/><W110/><G72/><T15/><D15/><U60/><E105/><V21/><F131/><W70/><G70/><T52/><D67/><U73/><E130/><V79/><F133/><W13/><G118/><T53/><D75/><U122/><E122/><V11/><F79/><W5/><G134/><T65/><D34/><U80/><E135/><V69/><F69/><W68/><G68/><T111/><D30/><U61/><E126/><V121/><F125/><W22/><G127/><T12/><D12/><U55/><E73/><V66/><F66/><W48/><G110/><T109/><D65/><U116/><E116/><V84/><F50/><N who="3" m="18987" /><G0/><T2/><D2/><U58/><E37/><V123/><F123/><W129/><G129/><T87/><D40/><U42/><E10/><V117/><F35/><W78/><G100/><N who="0" m="38475" /><D45/><N who="1" m="17515" /><E42/><V49/><F121/><W92/><G78/><N who="0" m="46263" /><D109/><U115/><E115/><V88/><F32/><W62/><G62/><N who="1" m="24170" /><E64/><V76/><F117/><W23/><G8/><T3/><D3/><U93/><E93/><V28/><F11/><W25/><G6/><T82/><D111/><U124/><E124/><V20/><F4/><W77/><G5/><T104/><D104/><U16/><E94/><V102/><F95/><W91/><G77/><T14/><D53/><U108/><E108/><V24/><F76/><W107/><G107/><T33/><D52/><RYUUKYOKU ba="0,0" sc="307,-10,331,-10,245,-10,117,30" hai3="13,18,22,23,25,57,59,86,91,92" /><INIT seed="2,1,0,4,5,135" ten="297,321,235,147" oya="2" hai0="115,17,126,128,84,34,77,22,8,46,105,61,1" hai1="123,76,80,40,91,106,3,114,96,133,60,47,21" hai2="109,68,4,57,58,134,32,112,55,33,70,49,53" hai3="19,113,23,83,79,29,48,131,107,75,38,66,7"/><V12/><F112/><W10/><G38/><T97/><D115/><U108/><E114/><V13/><F134/><W56/><G113/><T119/><D119/><U20/><E3/><V99/><F99/><W95/><G107/><T121/><D34/><U102/><E123/><V92/><F92/><W130/><G29/><T26/><D128/><N who="3" m="49193" /><G95/><T82/><D61/><U37/><E133/><V39/><F39/><W101/><G101/><T16/><D46/><U86/><E108/><V15/><F109/><W44/><G66/><T78/><D78/><U81/><REACH who="1" step="1"/><E60/><REACH who="1" ten="297,311,235,147" step="2"/><V28/><F4/><W122/><G122/><T6/><D121/><U89/><E89/><V120/><F120/><W25/><G56/><T104/><D1/><U127/><E127/><V88/><F88/><W59/><G59/><T124/><D126/><U52/><E52/><V41/><F41/><N who="3" m="24591" /><G7/><T110/><D124/><U43/><E43/><V111/><F111/><W51/><G51/><T116/><D6/><U35/><E35/><V24/><F33/><W64/><G64/><T27/><D110/><U71/><E71/><V85/><F57/><W30/><G30/><T63/><D63/><U118/><E118/><V129/><F129/><W73/><G10/><T117/><D8/><U74/><AGARI ba="1,1" hai="20,21,37,40,47,74,76,80,81,86,91,96,102,106" machi="74" ten="20,2700,0" yaku="1,1,0,1,7,1,53,0" doraHai="135" doraHaiUra="11" who="1" fromWho="1" sc="297,-8,311,40,235,-14,147,-8" /><INIT seed="3,0,0,4,0,39" ten="289,351,221,139" oya="3" hai0="98,109,61,135,49,1,38,20,2,88,78,121,93" hai1="75,9,118,33,122,10,65,36,25,70,64,16,6" hai2="92,62,126,57,124,103,107,76,28,79,125,17,97" hai3="8,55,90,13,60,37,102,22,56,112,101,110,128"/><W48/><G112/><T58/><D38/><U71/><E75/><V117/><F117/><W45/><G128/><T24/><D121/><U85/><E122/><V15/><F28/><W89/><G37/><T108/><D78/><U129/><E36/><V73/><F107/><W66/><G110/><N who="0" m="42603" /><D49/><U12/><E118/><V42/><F73/><W95/><G22/><T96/><D96/><U11/><E129/><V26/><F26/><W3/><G3/><T5/><D5/><U32/><E71/><V74/><F74/><W23/><G23/><T130/><D135/><U4/><E70/><V115/><F115/><W87/><REACH who="3" step="1"/><G90/><REACH who="3" ten="289,351,221,129" step="2"/><T7/><D130/><U29/><E33/><V80/><F125/><W113/><G113/><T120/><D120/><U104/><E32/><V34/><F34/><W127/><G127/><T91/><D91/><U52/><E9/><V43/><F126/><W40/><G40/><T111/><D111/><U114/><E10/><N who="2" m="6391" /><F124/><W53/><G53/><T123/><D123/><U84/><E52/><N who="2" m="34087" /><F80/><W134/><G134/><T51/><D2/><U133/><E133/><V94/><F94/><W106/><G106/><T44/><D93/><U131/><E104/><V41/><AGARI ba="0,1" hai="41,42,43,76,79,92,97,103" m="34087,6391" machi="41" ten="30,8000,1" yaku="8,1,52,3,54,1" doraHai="39" who="2" fromWho="2" sc="289,-20,351,-20,221,90,129,-40" owari="269,-13.0,331,43.0,311,11.0,89,-41.0" /></mjloggm>