<mjloggm ver="2.3"><GO type="169" lobby="0"/><UN n0="%E5%B0%8F%E6%89%8B%E8%BF%94%E6%92%B2%E6%BB%85%E4%BC%9A%E9%95%B7" n1="%E3%81%AE%E3%81%B3%E3%81%97%E3%82%8D%E2%99%82" n2="%E9%BB%92%E7%8A%AC%40%E3%81%A6%E3%82%93%E3%81%BB%E3%83%BC" n3="%E3%82%A6%E3%83%AB%E3%83%88%E3%83%A9%E7%AB%8B%E7%9B%B4" dan="16,16,16,17" rate="2100.08,2084.15,2176.17,2230.11" sx="F,M,F,M"/><TAIKYOKU oya="0"/><INIT seed="0,0,0,3,3,57" ten="250,250,250,250" oya="0" hai0="18,128,8,43,4,102,69,97,113,106,28,94,2" hai1="74,101,111,92,96,129,93,65,30,120,40,60,38" hai2="54,83,72,125,15,49,1,81,112,132,0,82,131" hai3="95,45,66,68,84,76,135,59,89,64,134,80,121"/><T14/><D113/><U123/><E74/><V110/><F112/><W29/><G121/><T34/><D128/><U51/><E38/><V24/><F131/><W25/><G45/><T119/><D119/><U17/><E129/><V87/><F72/><W19/><G19/><T39/><D69/><U124/><E111/><V16/><F110/><W42/><G42/><T118/><D118/><U63/><E124/><V122/><F122/><W12/><G12/><T53/><D53/><U7/><E63/><V103/><F132/><N who="3" m="50731" /><G59/><T27/><D43/><U47/><E7/><V108/><F108/><W75/><G68/><T35/><D35/><AGARI ba="0,0" hai="25,29,35,64,66,75,76,80,84,89,95" m="50731" machi="35" ten="30,1000,0" yaku="20,1" doraHai="57" who="3" fromWho="0" sc="250,-10,250,0,250,0,250,10" /><INIT seed="1,0,0,3,3,93" ten="240,250,250,260" oya="1" hai0="83,24,128,135,1,16,103,61,62,44,10,2,90" hai1="14,86,94,48,65,78,102,122,68,118,39,32,71" hai2="108,95,53,18,85,97,46,81,77,82,21,96,69" hai3="60,54,80,25,91,0,76,112,41,5,17,120,125"/><U38/><E122/><V22/><F69/><W7/><G112/><T75/><D135/><U132/><E118/><V116/><F116/><W58/><G120/><T74/><D128/><U130/><E132/><V106/><F108/><W45/><G125/><T27/><D103/><U79/><E130/><V34/><F34/><W72/><G0/><T107/><D107/><U84/><E32/><V121/><F121/><W110/><G110/><T104/><D104/><U42/><E14/><V88/><F106/><W124/><G124/><T43/><D75/><U9/><E9/><V92/><F81/><W6/><G91/><T11/><D74/><U100/><E48/><N who="2" m="28823" /><F18/><W56/><G56/><T117/><D1/><U127/><E94/><V99/><F96/><W123/><G123/><T115/><D2/><U52/><E42/><V47/><F47/><W105/><G105/><T89/><D115/><U26/><E65/><V98/><F98/><W33/><G33/><T87/><D90/><AGARI ba="0,0" hai="21,22,77,82,85,88,90,92,95,97,99" m="28823" machi="90" ten="30,7700,0" yaku="8,1,52,2,54,1" doraHai="93" who="2" fromWho="0" sc="240,-77,250,0,250,77,260,0" /><INIT seed="2,0,0,0,1,91" ten="163,250,327,260" oya="2" hai0="131,36,109,52,14,129,27,17,45,57,42,51,60" hai1="44,13,86,41,89,120,28,39,123,124,54,134,20" hai2="102,35,133,50,4,119,58,40,116,121,67,112,135" hai3="110,19,87,53,34,79,68,82,69,103,61,31,77"/><V78/><F35/><W105/><G77/><T84/><D109/><U104/><E134/><N who="2" m="51211" /><F4/><W10/><G110/><T88/><D27/><U106/><E124/><V65/><F78/><W126/><G126/><T70/><D70/><U32/><E32/><V26/><F102/><W98/><G53/><T94/><REACH who="0" step="1"/><D60/><REACH who="0" ten="153,250,327,260" step="2"/><U100/><E123/><V108/><F121/><W114/><G69/><T127/><D127/><U71/><E71/><V90/><F108/><W24/><G114/><T5/><D5/><U85/><E120/><V23/><F112/><W97/><G61/><T81/><D81/><U66/><E106/><V107/><F107/><W80/><G68/><T83/><D83/><U21/><E104/><V18/><F119/><W3/><G82/><T122/><D122/><U111/><E111/><V64/><F116/><W1/><G24/><T11/><AGARI ba="0,1" hai="11,14,17,36,42,45,51,52,57,84,88,94,129,131" machi="11" ten="30,8000,1" yaku="1,1,0,1,52,1,54,2,53,0" doraHai="91" doraHaiUra="25" who="0" fromWho="0" sc="153,90,250,-20,327,-40,260,-20" /><INIT seed="3,0,0,4,3,62" ten="243,230,287,240" oya="3" hai0="125,108,57,72,55,94,38,118,5,34,105,90,99" hai1="14,104,66,21,84,42,93,126,0,134,2,95,129" hai2="98,22,53,69,77,130,54,87,128,4,114,97,44" hai3="96,35,41,79,3,15,37,115,109,116,26,47,64"/><W9/><G116/><T27/><D38/><U30/><E104/><V51/><F69/><W83/><G115/><T25/><D118/><U117/><E117/><V39/><F39/><W73/><G96/><T32/><D72/><U92/><E134/><V43/><F4/><W81/><G81/><T48/><D125/><U24/><E129/><N who="2" m="49771" /><F114/><W75/><G75/><T71/><D71/><U85/><E126/><V133/><F133/><W28/><G15/><T11/><D105/><U29/><E29/><V120/><F120/><W52/><G52/><N who="2" m="20073" /><F22/><W122/><G122/><T45/><D57/><U119/><E119/><V135/><F135/><W18/><G18/><T127/><D127/><U59/><E42/><V70/><F70/><W121/><G121/><T124/><D124/><U112/><E112/><V46/><F46/><W36/><G36/><T80/><D34/><U89/><E14/><V78/><F78/><W1/><G109/><T101/><D32/><U49/><E49/><V23/><F23/><W61/><G9/><T106/><D108/><U63/><REACH who="1" step="1"/><E84/><REACH who="1" ten="243,220,287,240" step="2"/><V19/><F87/><W67/><REACH who="3" step="1"/><G61/><REACH who="3" ten="243,220,287,230" step="2"/><T7/><D106/><U8/><E8/><V56/><F51/><W82/><G82/><AGARI ba="0,2" hai="0,2,21,24,30,59,63,66,82,85,89,92,93,95" machi="82" ten="40,2600,0" yaku="1,1,52,1,53,0" doraHai="62" doraHaiUra="110" who="1" fromWho="3" sc="243,0,220,46,287,0,230,-26" /><INIT seed="4,0,0,5,2,40" ten="243,266,287,204" oya="0" hai0="84,95,78,52,82,126,60,102,116,67,30,51,71" hai1="75,37,130,6,50,97,53,55,94,133,107,44,63" hai2="83,28,0,99,110,59,131,27,3,4,113,24,74" hai3="26,132,89,128,45,46,62,77,49,61,135,122,91"/><T108/><D116/><U92/><E133/><N who="3" m="51274" /><G128/><T43/><D126/><U32/><E130/><V109/><F113/><W15/><G122/><T38/><D108/><U66/><E75/><V25/><F131/><W106/><G106/><T120/><D120/><U2/><E32/><V8/><F59/><W13/><G77/><T20/><D38/><U39/><E107/><V48/><F48/><W121/><G26/><N who="2" m="10345" /><F99/><W7/><G121/><T42/><D20/><U96/><E6/><V81/><F81/><W18/><G7/><T85/><D30/><U76/><E2/><N who="2" m="23" /><F83/><W1/><G1/><N who="2" m="585" /><F74/><W104/><G104/><T33/><D33/><AGARI ba="0,0" hai="27,28,33,109,110" m="585,23,10345" machi="33" ten="30,2000,0" yaku="34,2" doraHai="40" who="2" fromWho="0" sc="243,-20,266,0,287,20,204,0" /><INIT seed="5,0,0,4,5,10" ten="223,266,307,204" oya="1" hai0="105,83,19,78,58,125,76,93,92,75,51,106,68" hai1="73,60,57,16,5,122,35,52,44,102,63,74,1" hai2="118,64,94,86,117,8,41,114,24,13,32,15,53" hai3="88,7,90,56,70,113,33,84,72,38,82,103,77"/><U61/><E122/><V129/><F64/><W89/><G70/><T27/><D68/><U130/><E130/><V107/><F107/><W131/><G38/><T21/><D125/><U111/><E111/><V66/><F66/><W112/><G33/><T108/><D108/><U26/><E102/><V109/><F109/><W128/><G7/><T121/><D121/><U87/><E44/><V46/><F129/><N who="3" m="49739" /><G56/><T134/><D134/><U62/><E87/><V67/><F67/><W40/><G40/><T17/><D78/><U55/><E55/><V30/><F53/><W59/><G59/><T133/><D133/><U42/><E42/><V123/><F123/><W39/><G39/><T28/><D19/><U43/><E43/><V6/><F114/><N who="3" m="44139" /><G103/><T69/><D69/><U127/><E127/><V45/><F45/><W47/><G47/><T85/><D28/><U119/><E5/><V97/><F86/><AGARI ba="0,0" hai="72,77,82,84,86,88,89,90" m="44139,49739" machi="86" ten="40,8000,1" yaku="19,1,15,1,34,2,54,1" doraHai="10" who="3" fromWho="2" sc="223,0,266,0,307,-80,204,80" /><INIT seed="6,0,0,3,2,42" ten="223,266,227,284" oya="2" hai0="109,106,5,125,20,49,131,81,73,16,10,48,118" hai1="134,8,24,22,88,107,98,120,75,31,68,104,62" hai2="18,34,83,74,46,94,30,14,108,59,47,85,12" hai3="54,123,56,21,40,52,64,132,95,133,3,70,55"/><V26/><F14/><W15/><G3/><T89/><D109/><U6/><E134/><N who="3" m="51818" /><G123/><T93/><D106/><U19/><E120/><V135/><F108/><W115/><G115/><T67/><D131/><U51/><E75/><V66/><F135/><W27/><G40/><T129/><D125/><U127/><E127/><V99/><F74/><W92/><G70/><T63/><D129/><U43/><E31/><V124/><F124/><W119/><G15/><N who="0" m="5583" /><D81/><U117/><E117/><V130/><F130/><W45/><G45/><T110/><D73/><U41/><E41/><V4/><F4/><W69/><G69/><T86/><D118/><U1/><E68/><V84/><F84/><W102/><G102/><T103/><D103/><U2/><E62/><V114/><F114/><W65/><G119/><T76/><D76/><U23/><E23/><V7/><F7/><W97/><G56/><N who="0" m="37351" /><D110/><U80/><E1/><V96/><F59/><W0/><G0/><T126/><D126/><U38/><E38/><V57/><F57/><W60/><G60/><T77/><D77/><U100/><E107/><V91/><F66/><W11/><G11/><T50/><D50/><U71/><E71/><V39/><F39/><W128/><G128/><T28/><D28/><U78/><E78/><V72/><F72/><W33/><G33/><T87/><D86/><N who="1" m="50247" /><E51/><V32/><F32/><W121/><G121/><T44/><D44/><N who="2" m="16938" /><F83/><W112/><G112/><T29/><D29/><U37/><E43/><V90/><F90/><N who="3" m="55447" /><G95/><T101/><D101/><U9/><E37/><V105/><F105/><W79/><G79/><RYUUKYOKU ba="0,0" sc="223,0,266,0,227,0,284,0" hai0="16,20,48,49,87,89,93" hai1="2,6,8,9,19,22,24,98,100,104" hai2="12,18,26,30,34,85,91,94,96,99" hai3="21,27,52,54,55,64,65" /><INIT seed="6,1,0,4,3,118" ten="223,266,227,284" oya="2" hai0="101,35,13,83,93,67,116,95,18,126,63,54,84" hai1="99,129,127,119,62,0,125,110,47,117,16,121,132" hai2="72,44,73,100,133,124,96,36,58,69,23,6,80" hai3="45,130,68,104,56,22,91,79,43,122,88,39,135"/><V19/><F69/><W76/><G104/><T103/><D126/><N who="1" m="48139" /><E110/><V30/><F124/><W94/><G68/><T77/><D35/><U33/><E33/><V7/><F30/><W97/><G122/><T98/><D116/><N who="1" m="44619" /><E132/><V12/><F133/><W26/><G130/><T40/><D40/><U75/><E75/><V114/><F114/><W55/><G91/><N who="0" m="55615" /><D67/><U31/><E31/><V65/><F73/><W38/><G38/><T52/><D95/><U5/><E129/><V11/><F72/><W2/><G2/><T42/><D42/><U134/><E134/><V21/><F36/><W111/><G111/><T87/><D87/><U59/><E47/><V48/><F80/><W109/><G109/><T60/><D60/><U85/><E99/><V46/><F46/><W61/><G135/><T32/><D32/><U28/><E28/><AGARI ba="1,0" hai="22,26,28,39,43,45,55,56,61,76,79,88,94,97" machi="28" ten="30,2000,0" yaku="7,1,54,1" doraHai="118" who="3" fromWho="1" sc="223,0,266,-23,227,0,284,23" /><INIT seed="7,0,0,4,0,107" ten="223,243,227,307" oya="3" hai0="71,75,16,1,14,28,21,80,115,81,61,5,121" hai1="25,113,127,87,17,13,41,90,26,103,106,135,45" hai2="94,89,42,92,100,55,44,74,84,4,97,96,27" hai3="57,132,72,32,93,53,117,49,15,2,29,105,91"/><W38/><G72/><T58/><D121/><U62/><E113/><V40/><F4/><W95/><G105/><T54/><D71/><U126/><E135/><V102/><F74/><W37/><G2/><T83/><D115/><U85/><E62/><V52/><F27/><N who="1" m="10249" /><E90/><V73/><F73/><W122/><G32/><T109/><D109/><U56/><E56/><V22/><F22/><W76/><G29/><T67/><D28/><U0/><E0/><V46/><F89/><W66/><G76/><T10/><REACH who="0" step="1"/><D75/><REACH who="0" ten="213,243,227,307" step="2"/><U68/><E68/><V31/><F31/><W18/><G122/><T116/><D116/><U12/><E127/><V118/><F84/><W82/><G117/><AGARI ba="0,1" hai="40,42,44,46,52,55,92,94,96,97,100,102,117,118" machi="117" ten="25,3200,0" yaku="22,2,54,1" doraHai="107" who="2" fromWho="3" sc="213,0,243,0,227,42,307,-32" /><INIT seed="8,0,0,2,2,24" ten="213,243,269,275" oya="0" hai0="22,47,32,45,77,116,74,57,18,75,134,123,5" hai1="39,104,127,109,95,89,100,102,59,15,37,7,12" hai2="115,1,130,55,34,87,129,76,49,122,29,78,6" hai3="20,51,0,108,53,2,10,106,86,80,63,68,84"/><T48/><D32/><U124/><E109/><V119/><F122/><W66/><G106/><T3/><D123/><U23/><E59/><V83/><F115/><W71/><G71/><T117/><D134/><U13/><E7/><V85/><F6/><W132/><G108/><T97/><D97/><U120/><E120/><V72/><F1/><W99/><G132/><T103/><D103/><U110/><E110/><V26/><F119/><N who="0" m="45642" /><D57/><U36/><E23/><V126/><F126/><N who="1" m="48169" /><E104/><V46/><F72/><N who="0" m="27690" /><D77/><U33/><E33/><V118/><F118/><W91/><G99/><AGARI ba="0,0" hai="12,13,15,36,37,39,89,95,99,100,102" m="48169" machi="99" ten="40,1300,0" yaku="18,1" doraHai="24" who="1" fromWho="3" sc="213,0,243,13,269,0,275,-13" /><INIT seed="9,0,0,5,0,47" ten="213,256,269,262" oya="1" hai0="75,123,42,30,21,122,116,5,98,121,33,59,99" hai1="125,61,63,34,8,31,65,69,101,108,127,111,54" hai2="81,86,36,128,35,44,73,119,10,9,26,110,97" hai3="22,4,76,46,12,120,60,38,3,109,102,112,20"/><U93/><E8/><V82/><F110/><N who="1" m="42025" /><E31/><V32/><F97/><N who="0" m="36874" /><D116/><U27/><E27/><V16/><F119/><W135/><G22/><T43/><D75/><U124/><E34/><V17/><F73/><W13/><G20/><T118/><D118/><U89/><E101/><V71/><F71/><W15/><G12/><T25/><D5/><U100/><E100/><V7/><F7/><W53/><G13/><T50/><D33/><U85/><E63/><V49/><F36/><W11/><G15/><T83/><D83/><U88/><E89/><V113/><F113/><W14/><G60/><T55/><AGARI ba="0,0" hai="21,25,30,42,43,50,55,59,121,122,123" m="36874" machi="55" ten="40,2700,0" yaku="13,1,52,1" doraHai="47" who="0" fromWho="0" sc="213,27,256,-13,269,-7,262,-7" /><INIT seed="10,0,0,0,4,49" ten="240,243,262,255" oya="2" hai0="32,116,59,102,91,122,113,80,27,79,104,47,84" hai1="64,94,93,41,57,103,96,97,2,92,14,19,36" hai2="71,131,23,73,5,90,120,115,31,22,98,83,51" hai3="55,117,30,75,89,82,69,45,107,6,34,70,29"/><V37/><F71/><W52/><G107/><T134/><D113/><U101/><E2/><V109/><F37/><W44/><G89/><T56/><D122/><U111/><E111/><V95/><F109/><W128/><G82/><T114/><D114/><U11/><E36/><V127/><F120/><W28/><G6/><T0/><D0/><U40/><REACH who="1" step="1"/><E94/><REACH who="1" ten="240,233,262,255" step="2"/><V16/><F95/><W25/><G128/><T24/><D116/><U121/><E121/><V112/><F115/><W132/><G117/><T78/><D134/><U7/><E7/><V53/><F5/><W62/><G132/><T85/><D104/><U1/><E1/><V38/><F112/><W133/><G133/><T99/><D32/><U66/><E66/><V42/><F38/><W76/><G34/><T129/><D129/><U63/><AGARI ba="0,1" hai="11,14,19,40,41,57,63,64,92,93,96,97,101,103" machi="63" ten="30,8000,1" yaku="1,1,0,1,9,1,8,1,53,1" doraHai="49" doraHaiUra="58" who="1" fromWho="1" sc="240,-20,233,90,262,-40,255,-20" owari="220,-28.0,323,42.0,222,-18.0,235,4.0" /></mjloggm>