<mjloggm ver="2.3"><GO type="169" lobby="0"/><UN n0="%E3%81%91%E3%81%84%E3%81%99%E3%81%91%EF%BC%A0%EF%BC%AB%EF%BC%B5" n1="%E3%81%B6%E3%81%A3%E3%81%A8%E3%81%B3%E3%82%AB%E3%83%BC%E3%83%89" n2="%E2%91%A3%E3%82%BB%E3%83%B3%E3%83%81" n3="%E3%82%A6%E3%83%AB%E3%83%88%E3%83%A9%E7%AB%8B%E7%9B%B4" dan="16,17,18,17" rate="2079.00,2218.71,2234.48,2212.46" sx="M,M,M,M"/><TAIKYOKU oya="0"/><INIT seed="0,0,0,3,0,11" ten="250,250,250,250" oya="0" hai0="98,108,74,129,103,62,56,26,7,58,115,17,128" hai1="100,79,13,8,134,118,114,127,95,87,110,66,117" hai2="45,130,94,104,4,120,29,48,122,50,112,116,31" hai3="97,135,113,69,16,70,42,102,2,96,88,71,111"/><T9/><D74/><U123/><E123/><V125/><F104/><W83/><G2/><T53/><D115/><U78/><E66/><V52/><F112/><W19/><G113/><T131/><D108/><U49/><E114/><V6/><F125/><W34/><G34/><T80/><D80/><U63/><E63/><V121/><F130/><W21/><G111/><T124/><D124/><U40/><E127/><V64/><F116/><W35/><G35/><T76/><D76/><U39/><E39/><V47/><F64/><W93/><G135/><T99/><D56/><U65/><E65/><V10/><F94/><W68/><G68/><T73/><D73/><U84/><E79/><V89/><F89/><W33/><G33/><T22/><REACH who="0" step="1"/><D103/><REACH who="0" ten="240,250,250,250" step="2"/><U27/><E110/><V126/><F126/><W91/><G83/><T60/><D60/><U15/><E100/><V41/><REACH who="2" step="1"/><F4/><REACH who="2" ten="240,250,240,250" step="2"/><W32/><G102/><T75/><D75/><U38/><E118/><V59/><F59/><W85/><G71/><T92/><D92/><U107/><E95/><V132/><F132/><W106/><G93/><T0/><AGARI ba="0,2" hai="0,7,9,17,22,26,53,58,62,98,99,128,129,131" machi="0" ten="30,6000,0" yaku="1,1,0,1,19,1,53,0" doraHai="11" doraHaiUra="44" who="0" fromWho="0" sc="240,80,250,-20,240,-20,250,-20" /><INIT seed="0,1,0,5,0,96" ten="320,230,220,230" oya="0" hai0="41,114,88,37,21,26,49,124,28,48,1,5,24" hai1="69,44,76,75,103,89,64,38,35,54,34,112,117" hai2="42,82,12,71,119,23,50,59,78,98,67,100,135" hai3="2,83,66,94,125,85,65,9,122,97,70,4,32"/><T127/><D114/><U92/><E117/><V74/><F119/><W109/><G32/><T130/><D130/><U15/><E112/><V90/><F135/><W128/><G128/><T30/><D37/><U13/><E13/><V118/><F118/><W22/><G70/><T73/><D73/><U108/><E108/><V107/><F71/><W123/><G109/><T27/><D41/><U133/><E133/><V33/><F33/><W31/><G125/><N who="0" m="48203" /><D88/><U110/><E15/><V134/><F134/><W55/><G55/><T45/><D49/><U101/><E35/><V102/><F67/><W40/><G40/><N who="0" m="24615" /><D21/><U62/><E34/><V61/><F61/><W17/><G85/><T3/><D3/><U6/><E38/><V8/><F23/><W120/><G83/><T63/><D63/><U111/><E111/><V99/><F90/><W20/><G20/><T115/><D115/><U116/><E116/><V18/><F42/><W7/><G22/><T16/><D16/><U36/><E36/><V39/><F39/><W14/><G2/><T0/><D0/><U106/><E110/><V91/><F91/><W131/><G131/><T126/><N who="0" m="48211" /><T80/><DORA hai="53" /><D80/><N who="1" m="45087" /><E6/><V86/><F74/><W58/><G4/><T57/><D57/><U132/><E132/><V19/><F19/><W81/><G7/><T87/><D87/><N who="1" m="52287" /><E44/><V121/><F121/><W79/><G122/><T84/><D84/><U60/><E60/><V95/><F50/><W47/><G123/><T25/><N who="0" m="6144" /><DORA hai="52" /><T51/><D51/><U105/><E54/><V113/><F113/><W43/><G120/><RYUUKYOKU ba="1,0" sc="320,10,230,10,220,10,230,-30" hai0="1,5,28,30" hai1="62,64,69,101,103,105,106" hai2="8,12,18,59,78,82,86,95,98,99,100,102,107" /><INIT seed="0,2,0,3,5,120" ten="330,240,230,200" oya="0" hai0="91,43,23,29,66,72,4,129,36,92,96,89,46" hai1="0,114,55,135,127,64,53,16,125,99,133,86,84" hai2="9,54,77,107,109,59,10,37,12,1,2,57,101" hai3="5,100,122,60,15,102,97,134,26,13,27,18,80"/><T48/><D72/><U105/><E0/><V90/><F37/><W71/><G122/><T76/><D129/><U87/><E64/><V128/><F77/><W126/><G126/><N who="1" m="48138" /><E114/><V24/><F107/><W56/><G71/><T111/><D76/><U115/><E115/><V31/><F101/><W25/><G134/><N who="1" m="51210" /><E16/><V130/><F12/><W85/><G5/><T49/><D4/><U106/><E99/><V116/><F24/><W11/><G15/><T95/><D66/><U68/><E68/><V63/><F31/><W17/><G17/><T112/><D112/><U82/><E82/><V34/><F1/><W103/><G97/><T65/><D65/><U32/><E32/><V117/><F34/><W35/><G35/><T22/><D29/><U78/><E78/><V132/><F132/><W119/><G119/><T79/><D79/><U8/><E8/><V20/><F20/><W94/><G80/><T123/><D123/><U121/><E121/><V110/><F2/><W70/><G70/><T58/><D22/><U52/><AGARI ba="2,0" hai="52,53,55,84,86,87,105,106" m="51210,48138" machi="52" ten="40,8000,1" yaku="28,2,18,1,20,1,54,1" doraHai="120" who="1" fromWho="1" sc="330,-42,240,86,230,-22,200,-22" /><INIT seed="1,0,0,3,5,38" ten="288,326,208,178" oya="1" hai0="51,125,53,24,102,99,92,34,41,80,54,89,74" hai1="19,3,96,126,131,83,119,73,21,135,116,105,90" hai2="130,42,76,9,32,132,75,115,61,13,49,20,68" hai3="121,65,33,12,14,55,5,124,113,52,62,82,134"/><U45/><E3/><V128/><F32/><W101/><G113/><T88/><D125/><U66/><E66/><N who="2" m="41039" /><F20/><W6/><G121/><T79/><D34/><U28/><E28/><V117/><F76/><W47/><G33/><T58/><D24/><U18/><E18/><V100/><F100/><W25/><G124/><T35/><D35/><U133/><E19/><V108/><F75/><W40/><G134/><N who="1" m="51210" /><E21/><V4/><F132/><W122/><G122/><T85/><D74/><U110/><E126/><V7/><F117/><N who="1" m="45129" /><E45/><N who="2" m="25783" /><F108/><W31/><G31/><T23/><D23/><U120/><E120/><V43/><F43/><W10/><G25/><T17/><D41/><U91/><E110/><V93/><F93/><W78/><G5/><T107/><D17/><U59/><E59/><V11/><F115/><W114/><G114/><T109/><D109/><U81/><E105/><V104/><F104/><W29/><G29/><T60/><D107/><U70/><E70/><V98/><F11/><W8/><G8/><T77/><D77/><N who="1" m="44207" /><E83/><V16/><F4/><W94/><G6/><T86/><D85/><U112/><E112/><V72/><F72/><N who="3" m="43335" /><G10/><T56/><AGARI ba="0,0" hai="51,53,54,56,58,60,79,80,86,88,89,92,99,102" machi="56" ten="20,5200,0" yaku="0,1,7,1,8,1,54,1" doraHai="38" who="0" fromWho="0" sc="288,52,326,-26,208,-13,178,-13" /><INIT seed="2,0,0,0,3,34" ten="340,300,195,165" oya="2" hai0="13,8,12,87,54,40,107,47,129,89,77,122,33" hai1="130,94,91,10,90,44,135,29,75,41,78,68,28" hai2="37,76,58,5,83,7,42,39,17,24,125,38,56" hai3="51,123,103,115,120,61,109,86,1,64,69,65,35"/><V20/><F125/><W97/><G86/><T88/><D122/><N who="3" m="46633" /><G51/><T18/><D107/><U134/><E68/><V46/><F58/><W52/><G52/><T4/><D33/><U110/><E110/><V11/><F56/><W93/><G93/><T59/><D129/><U132/><E130/><V6/><REACH who="2" step="1"/><F11/><REACH who="2" ten="340,300,185,165" step="2"/><W19/><G65/><T99/><D59/><U80/><E10/><V105/><F105/><W118/><G64/><T26/><D8/><U32/><E135/><V30/><F30/><W3/><G69/><T0/><D47/><U117/><E132/><V67/><F67/><W127/><G127/><T82/><D54/><U101/><E29/><V113/><F113/><W25/><G115/><T66/><D66/><U84/><E134/><V70/><F70/><W23/><G118/><T79/><D40/><U53/><E117/><V2/><F2/><W55/><G55/><T111/><D0/><U96/><E53/><V133/><F133/><W43/><G43/><T14/><D4/><U36/><E28/><V119/><F119/><W126/><G126/><T22/><D111/><U74/><E41/><V108/><F108/><W116/><G109/><T57/><D57/><U71/><E71/><V81/><F81/><W73/><G116/><T92/><AGARI ba="0,1" hai="12,13,14,18,22,26,77,79,82,87,88,89,92,99" machi="92" ten="30,4000,0" yaku="0,1,8,1,54,1" doraHai="34" who="0" fromWho="0" sc="340,50,300,-10,185,-20,165,-10" /><INIT seed="3,0,0,0,0,119" ten="390,290,165,155" oya="3" hai0="124,24,22,2,121,79,122,113,75,85,9,37,67" hai1="74,70,105,76,3,35,115,44,14,83,18,47,57" hai2="128,4,43,48,68,77,12,61,0,1,100,98,41" hai3="107,80,72,36,112,33,30,125,101,133,29,10,116"/><W25/><G116/><T56/><D75/><U104/><E70/><V134/><F77/><N who="3" m="44071" /><G30/><T63/><D37/><U111/><E35/><V118/><F118/><W109/><G112/><T97/><D124/><U21/><E3/><V65/><F134/><W71/><G125/><T127/><D127/><U46/><E115/><V69/><F69/><W81/><G81/><T84/><D97/><U114/><E114/><V129/><F12/><W90/><G90/><T11/><D113/><U130/><E57/><V73/><F73/><W54/><G54/><T123/><D79/><U42/><E42/><N who="2" m="15883" /><F48/><W88/><G88/><T120/><N who="0" m="30720" /><DORA hai="94" /><T59/><D59/><U132/><E21/><V93/><F4/><W117/><G117/><T66/><D66/><U103/><E83/><V15/><F15/><W6/><G133/><T8/><REACH who="0" step="1"/><D2/><REACH who="0" ten="380,290,165,155" step="2"/><U89/><E76/><V53/><F1/><N who="3" m="335" /><G71/><T78/><D78/><U7/><E132/><V23/><F0/><W45/><G36/><T62/><D62/><U92/><E74/><V64/><F68/><W40/><G45/><T52/><D52/><U51/><E47/><V20/><F53/><W17/><G40/><T82/><D82/><U49/><E46/><V126/><F126/><W55/><G55/><T58/><D58/><U39/><E44/><V27/><F61/><W108/><G17/><AGARI ba="0,1" hai="8,9,11,17,22,24,56,63,67,84,85" m="30720" machi="17" ten="70,12000,2" yaku="1,1,52,4,53,1" doraHai="119,94" doraHaiUra="13,28" who="0" fromWho="3" sc="380,130,290,0,165,0,155,-120" /><INIT seed="4,0,0,4,1,11" ten="510,290,165,35" oya="0" hai0="119,32,86,77,31,76,21,95,122,58,67,14,13" hai1="35,108,104,130,124,98,1,44,60,116,68,90,81" hai2="78,120,26,107,5,16,20,73,63,72,36,71,114" hai3="57,61,103,30,48,22,89,43,132,15,52,34,105"/><T70/><D70/><U88/><E1/><V56/><F120/><W101/><G34/><T111/><D122/><U126/><E116/><V50/><F36/><W17/><G105/><T92/><D119/><U99/><E108/><V100/><F114/><W113/><G113/><T117/><D117/><U115/><E35/><V37/><F37/><W8/><G132/><T102/><D32/><U18/><E44/><V93/><F107/><W39/><G39/><T80/><D76/><U0/><E0/><V23/><F5/><W64/><G43/><T25/><D111/><U135/><E130/><V133/><F133/><W85/><G30/><T134/><D134/><U45/><E45/><V2/><F2/><W12/><G61/><N who="0" m="38327" /><D92/><U9/><E60/><V74/><F71/><W109/><G64/><T82/><D82/><U7/><E81/><V4/><F4/><N who="3" m="3079" /><G109/><T84/><D86/><U97/><E68/><V47/><F74/><W42/><G42/><T129/><D129/><U123/><E104/><V33/><F33/><W96/><G96/><AGARI ba="0,0" hai="13,14,21,25,31,77,80,84,95,96,102" m="38327" machi="96" ten="30,11600,0" yaku="25,1,8,1,52,2" doraHai="11" who="0" fromWho="3" sc="510,116,290,0,165,0,35,-116" owari="626,72.0,290,9.0,165,-23.0,-81,-58.0" /></mjloggm>