<mjloggm ver="2.3"><GO type="169" lobby="0"/><UN n0="%E3%83%AD%E3%83%B3%E3%82%88%E3%82%8A%E8%A8%BC%E6%8B%A0" n1="%54%6F%6B%69%64%61" n2="%68%65%74" n3="%E5%B0%B1%E6%B4%BB%E7%94%9F%40%E5%B7%9D%E6%9D%91%E8%BB%8D%E5%9B%A3" dan="17,16,16,17" rate="2211.01,2058.46,2129.02,2157.28" sx="M,M,M,M"/><TAIKYOKU oya="0"/><INIT seed="0,0,0,5,3,35" ten="250,250,250,250" oya="0" hai0="61,118,68,59,36,38,113,124,64,98,41,135,75" hai1="95,102,20,45,93,80,97,55,94,114,48,86,66" hai2="15,13,33,39,81,77,32,26,109,69,30,120,46" hai3="127,22,76,63,43,123,110,6,54,88,19,17,52"/><T0/><D75/><U21/><E114/><V65/><F33/><W51/><G123/><T126/><D113/><U105/><REACH who="1" step="1"/><E66/><REACH who="1" ten="250,240,250,250" step="2"/><V121/><F65/><W79/><G127/><T25/><D118/><U57/><E57/><V18/><F121/><W10/><G110/><T27/><D126/><U115/><E115/><V116/><F109/><W125/><G125/><T111/><D124/><U12/><E12/><V117/><F15/><W60/><G43/><T1/><D111/><U4/><E4/><V129/><F13/><W7/><G51/><T84/><D41/><U103/><E103/><V9/><F120/><W5/><G5/><T71/><D59/><U90/><AGARI ba="0,1" hai="20,21,45,48,55,80,86,90,93,94,95,97,102,105" machi="90" ten="30,4000,0" yaku="1,1,0,1,53,1" doraHai="35" doraHaiUra="96" who="1" fromWho="1" sc="250,-20,240,50,250,-10,250,-10" /><INIT seed="1,0,0,5,3,37" ten="230,290,240,240" oya="1" hai0="46,38,129,96,115,24,10,134,48,123,25,6,85" hai1="70,41,64,91,111,121,69,76,49,9,51,80,133" hai2="33,8,118,108,106,40,15,62,88,114,89,57,31" hai3="78,65,32,11,59,34,22,60,29,102,130,83,77"/><U17/><E121/><V58/><F106/><W42/><G130/><T75/><D75/><U19/><E133/><V1/><F1/><W27/><G102/><T131/><D115/><U0/><E111/><V35/><F118/><W103/><G103/><T72/><D72/><U132/><E132/><V61/><F108/><W84/><G77/><T107/><D38/><U116/><E116/><V47/><F31/><W26/><G11/><T16/><D123/><U5/><E91/><V68/><F68/><W12/><G12/><T56/><D56/><U36/><E69/><V18/><F33/><W105/><G105/><T2/><D134/><U7/><E7/><V109/><F35/><W63/><G63/><T50/><D50/><U113/><E113/><V90/><F109/><W100/><G100/><T14/><D85/><U99/><E99/><V86/><F114/><W94/><G94/><T82/><D82/><U110/><E110/><V119/><F86/><W39/><REACH who="3" step="1"/><G26/><REACH who="3" ten="230,290,240,230" step="2"/><T97/><D107/><U112/><E9/><V4/><F119/><W21/><G21/><N who="0" m="11415" /><D25/><U98/><E112/><V79/><F79/><W54/><G54/><N who="0" m="29975" /><D24/><U45/><E0/><V30/><F62/><W13/><G13/><T127/><D131/><U126/><E76/><V101/><F61/><W55/><G55/><T28/><D129/><U43/><E80/><V104/><F104/><W67/><G67/><T73/><D10/><U117/><E64/><V92/><F101/><W125/><G125/><T3/><D127/><U66/><E126/><V71/><F92/><W120/><G120/><T20/><D20/><RYUUKYOKU ba="0,1" sc="230,-10,290,-10,240,-10,230,30" hai3="22,27,29,32,34,39,42,59,60,65,78,83,84" /><INIT seed="2,1,1,0,1,128" ten="220,280,230,260" oya="2" hai0="127,7,62,76,36,20,34,70,46,135,59,104,66" hai1="41,69,13,44,121,112,5,94,120,73,42,96,60" hai2="37,93,86,129,38,100,113,51,30,130,1,103,45" hai3="40,118,75,14,25,53,131,80,16,126,79,72,6"/><V68/><F68/><W111/><G131/><N who="2" m="50185" /><F1/><W88/><G118/><T102/><D127/><U92/><E112/><V32/><F113/><W8/><G126/><T85/><D7/><U24/><E73/><V48/><F48/><W31/><G111/><T10/><D10/><U83/><E83/><V22/><F32/><W29/><G75/><T77/><D20/><U132/><E132/><V114/><F114/><W39/><G53/><T55/><D135/><U98/><E24/><N who="2" m="16663" /><F86/><W87/><G40/><T52/><D34/><U28/><E28/><V133/><F133/><W110/><G39/><N who="2" m="14857" /><F93/><W134/><G134/><T124/><D85/><U57/><E69/><V56/><F56/><W116/><G116/><T50/><D124/><U123/><E5/><V63/><F63/><W33/><G110/><T58/><D36/><U65/><E13/><V17/><F17/><W106/><G106/><T11/><D70/><U109/><E109/><V67/><F67/><W107/><G107/><T89/><D104/><U81/><E81/><V125/><F125/><W119/><G119/><T9/><D66/><U3/><E3/><V4/><F4/><W18/><REACH who="3" step="1"/><G29/><REACH who="3" ten="220,280,230,250" step="2"/><T23/><D55/><AGARI ba="1,2" hai="45,51,55,100,103" m="14857,16663,50185" machi="55" ten="30,1500,0" yaku="19,1" doraHai="128" who="2" fromWho="0" sc="220,-18,280,0,230,38,250,0" /><INIT seed="2,2,0,0,0,58" ten="202,280,268,250" oya="2" hai0="62,30,72,42,53,14,85,13,7,46,83,104,121" hai1="44,65,31,39,116,102,80,93,40,6,16,51,54" hai2="125,34,67,5,92,89,98,95,24,9,52,23,71" hai3="28,132,68,110,36,74,77,128,12,70,113,73,49"/><V91/><F34/><W118/><G49/><T82/><D104/><U127/><E116/><V3/><F125/><W22/><G12/><T97/><D121/><U29/><E127/><V103/><F95/><W75/><G22/><T56/><D30/><U90/><E6/><V60/><REACH who="2" step="1"/><F52/><REACH who="2" ten="202,280,258,250" step="2"/><W108/><G118/><T10/><D42/><U126/><E126/><V33/><F33/><W94/><G110/><T96/><D46/><U15/><E80/><V66/><F66/><W124/><G108/><T111/><D111/><U129/><E65/><V8/><F8/><W130/><G124/><T134/><D134/><U135/><E135/><V59/><F59/><W122/><G70/><T25/><D83/><U50/><E129/><V17/><AGARI ba="2,1" hai="3,5,9,17,23,24,60,67,71,89,91,92,98,103" machi="17" ten="20,18000,2" yaku="1,1,0,1,7,1,52,1,53,2" doraHai="58" doraHaiUra="84" who="2" fromWho="2" sc="202,-62,280,-62,258,196,250,-62" /><INIT seed="2,3,0,3,5,65" ten="140,218,454,188" oya="2" hai0="44,118,105,121,63,127,34,13,108,22,40,119,26" hai1="16,57,83,17,20,135,37,104,120,53,86,72,76" hai2="71,41,109,59,85,61,11,80,74,64,46,4,130" hai3="68,67,24,42,100,7,70,89,81,84,82,90,94"/><V95/><F130/><W131/><G131/><T54/><D105/><U96/><E120/><V123/><F123/><W52/><G42/><T60/><D121/><U115/><E115/><V66/><F109/><W132/><G132/><T87/><D108/><U134/><E37/><V36/><F95/><W38/><G38/><T103/><D103/><U77/><E104/><V106/><F106/><W73/><G7/><T23/><D34/><U15/><E96/><V18/><F18/><W117/><G117/><T10/><D127/><U97/><E97/><V110/><F110/><W124/><G124/><T14/><D87/><U35/><E35/><V33/><F33/><W28/><G100/><T62/><D54/><U122/><E122/><V31/><F31/><W69/><G67/><T113/><D113/><U49/><E72/><V128/><F128/><W6/><G6/><T29/><D23/><U129/><E129/><V27/><F27/><W47/><G73/><T114/><D114/><U102/><E102/><V116/><F116/><N who="0" m="44586" /><D10/><U19/><REACH who="1" step="1"/><E77/><REACH who="1" ten="140,208,454,188" step="2"/><N who="2" m="46223" /><F74/><W12/><G89/><T39/><AGARI ba="3,1" hai="13,14,22,26,29,39,40,44,60,62,63" m="44586" machi="39" ten="30,1100,0" yaku="12,1" doraHai="65" who="0" fromWho="0" sc="140,30,208,-6,454,-8,188,-6" /><INIT seed="3,0,0,1,4,91" ten="170,202,446,182" oya="3" hai0="128,113,19,38,71,69,103,96,120,115,1,127,10" hai1="126,88,129,65,100,20,47,98,114,51,24,22,64" hai2="34,131,87,102,44,32,54,94,72,56,95,46,40" hai3="67,8,133,77,66,105,26,53,104,25,90,74,99"/><W16/><G133/><T62/><D120/><U7/><E114/><N who="0" m="43529" /><D38/><U28/><E129/><V78/><F72/><W41/><G41/><T121/><D121/><U0/><E126/><V52/><F102/><W82/><G53/><T109/><D128/><U123/><E123/><V92/><F131/><W76/><G76/><T124/><D109/><U6/><E22/><V5/><F5/><W101/><G105/><T4/><D19/><U31/><E31/><V37/><F46/><W23/><G26/><T57/><D57/><U45/><E45/><V97/><F97/><W29/><REACH who="3" step="1"/><G90/><REACH who="3" ten="170,202,446,172" step="2"/><T63/><D63/><U130/><E130/><V132/><F132/><W36/><G36/><T107/><D62/><U106/><E88/><V111/><F111/><W59/><G59/><T118/><D118/><U58/><E58/><V73/><F54/><W15/><AGARI ba="0,1" hai="8,15,16,23,25,29,66,67,74,77,82,99,101,104" machi="15" ten="30,6000,0" yaku="1,1,0,1,54,1,53,0" doraHai="91" doraHaiUra="83" who="3" fromWho="3" sc="170,-20,202,-20,446,-20,172,70" /><INIT seed="3,1,0,4,5,33" ten="150,182,426,242" oya="3" hai0="111,16,65,112,74,62,121,125,76,105,122,83,59" hai1="57,55,106,91,124,37,29,21,120,87,12,126,107" hai2="88,31,6,40,123,18,130,52,51,67,75,10,68" hai3="98,90,3,23,118,60,99,127,28,14,47,25,70"/><W36/><G127/><T8/><D125/><N who="1" m="48235" /><E37/><V58/><F75/><W56/><G118/><T48/><D105/><U71/><E71/><V32/><F18/><W35/><G70/><T97/><D111/><U113/><E113/><V89/><F40/><W30/><G3/><T79/><D112/><U7/><E120/><V93/><F130/><W117/><G117/><T22/><D97/><U115/><E115/><V94/><F31/><W38/><G47/><T72/><D8/><N who="1" m="4127" /><E21/><V2/><F32/><W104/><G98/><T102/><D102/><U84/><E29/><V41/><F41/><W24/><G14/><T133/><D133/><U34/><E34/><V54/><F123/><W53/><G104/><N who="1" m="39978" /><E91/><V77/><F77/><W43/><G43/><T13/><REACH who="0" step="1"/><D48/><AGARI ba="1,0" hai="48,55,57,84,87" m="39978,4127,48235" machi="48" ten="30,1000,0" yaku="18,1" doraHai="33" who="1" fromWho="0" sc="150,-13,182,13,426,0,242,0" /><INIT seed="4,0,0,3,3,61" ten="137,195,426,242" oya="0" hai0="126,130,107,111,42,11,39,101,72,97,87,79,44" hai1="41,21,134,86,8,91,26,0,106,77,25,55,108" hai2="34,28,47,60,71,99,129,54,127,16,117,57,48" hai3="124,112,94,96,81,104,82,95,13,62,70,45,14"/><T88/><D130/><U83/><E108/><V3/><F3/><W18/><G112/><T123/><D123/><U22/><E134/><V133/><F34/><W46/><G124/><T102/><D126/><U90/><E106/><V75/><F28/><W105/><G62/><T73/><D111/><U119/><E119/><V68/><F75/><W58/><G58/><T85/><D102/><U43/><E0/><V19/><F127/><W63/><G63/><T103/><D103/><U128/><E128/><V1/><F1/><W53/><G53/><T84/><D11/><U32/><E32/><V37/><F133/><W120/><G96/><T40/><D40/><N who="1" m="15435" /><E8/><V132/><F37/><W5/><G5/><T116/><D116/><U92/><E55/><V66/><F132/><W36/><G36/><T52/><D52/><U59/><E59/><V30/><F30/><W15/><G18/><T109/><D109/><U51/><E51/><V118/><F129/><W6/><G6/><T27/><D73/><U69/><E69/><V76/><F76/><W113/><G113/><T29/><D72/><U115/><E115/><V78/><F78/><W122/><G15/><T80/><REACH who="0" step="1"/><D79/><REACH who="0" ten="127,195,426,242" step="2"/><U110/><E110/><V49/><F118/><W74/><G74/><T10/><D10/><U33/><E77/><V121/><F117/><W64/><G120/><T17/><D17/><U135/><E135/><V20/><F19/><W9/><G122/><T67/><D67/><U7/><E7/><V4/><F4/><W23/><G64/><T2/><D2/><U131/><E131/><V12/><F121/><RYUUKYOKU ba="0,1" sc="127,30,195,-10,426,-10,242,-10" hai0="27,29,39,42,44,80,84,85,87,88,97,101,107" /><INIT seed="4,1,1,2,4,80" ten="157,185,416,232" oya="0" hai0="36,62,51,131,87,95,40,32,11,123,33,63,45" hai1="99,43,48,7,61,111,46,72,68,57,102,110,118" hai2="109,84,106,135,35,37,49,100,29,53,103,92,85" hai3="114,74,71,78,91,88,14,112,101,8,73,134,39"/><T59/><D123/><U23/><E118/><V132/><F37/><W75/><G134/><N who="2" m="51241" /><F106/><W58/><G71/><T121/><D121/><U52/><E72/><V86/><F92/><W94/><G39/><T126/><D131/><U30/><E7/><V130/><F109/><W47/><G78/><T66/><D126/><U6/><E6/><V25/><F130/><W10/><G101/><T113/><D113/><N who="3" m="43625" /><G47/><AGARI ba="1,1" hai="25,29,35,47,49,53,84,85,86,100,103" m="51241" machi="47" ten="30,7700,0" yaku="20,1,52,3" doraHai="80" who="2" fromWho="3" sc="157,0,185,0,416,90,232,-80" /><INIT seed="5,0,0,2,2,13" ten="157,185,506,152" oya="1" hai0="96,18,102,15,127,43,110,72,68,2,76,20,44" hai1="94,70,51,17,80,47,130,73,53,35,111,100,97" hai2="56,46,79,21,134,19,78,95,41,116,63,24,3" hai3="26,59,103,39,22,124,5,115,83,117,54,37,28"/><U52/><E130/><V129/><F3/><W91/><G117/><T10/><D110/><U101/><E111/><V128/><F134/><W58/><G115/><T6/><D127/><U84/><E73/><V1/><F1/><W57/><G124/><T89/><D68/><U67/><E35/><V32/><F32/><W64/><G103/><T40/><D89/><U99/><E70/><V45/><F45/><W82/><G64/><T105/><REACH who="0" step="1"/><D44/><REACH who="0" ten="147,185,506,152" step="2"/><U104/><E67/><V69/><F69/><W121/><G121/><T106/><D106/><U122/><E122/><V93/><F129/><W77/><G91/><T98/><D98/><U29/><E99/><V74/><F46/><W112/><G112/><T16/><D16/><U25/><E97/><V108/><F19/><W65/><G65/><T0/><D0/><U125/><E17/><V7/><F128/><W133/><G133/><T75/><D75/><U61/><E104/><V123/><F74/><W90/><G90/><T60/><D60/><U9/><E61/><V49/><F63/><W62/><G5/><T113/><D113/><U85/><E47/><V126/><F123/><W88/><G88/><T30/><D30/><U86/><E29/><V14/><F126/><W23/><G28/><T120/><D120/><U8/><E125/><V114/><F108/><W12/><G62/><T50/><D50/><U31/><E51/><V135/><F49/><W36/><G39/><T48/><D48/><U109/><E109/><V87/><F114/><W27/><G36/><T4/><D4/><U81/><E31/><V42/><F7/><RYUUKYOKU ba="0,1" sc="147,30,185,-10,506,-10,152,-10" hai0="2,6,10,15,18,20,40,43,72,76,96,102,105" /><INIT seed="6,1,1,3,4,69" ten="177,175,496,142" oya="2" hai0="117,129,2,119,105,46,12,92,31,114,103,22,63" hai1="90,94,54,104,124,67,106,17,89,116,48,25,6" hai2="130,101,82,81,132,135,113,33,123,15,68,53,131" hai3="60,91,5,44,57,77,70,45,41,27,43,112,86"/><V88/><F68/><W37/><G112/><T118/><D2/><U18/><E116/><V72/><F33/><W99/><G70/><T36/><D114/><U1/><E124/><V51/><F113/><W71/><G71/><T126/><D126/><U65/><E104/><V97/><F15/><W3/><G77/><T98/><D129/><N who="2" m="49162" /><F53/><W34/><G99/><T109/><D63/><U95/><E106/><N who="2" m="63791" /><F51/><W80/><G3/><T39/><D109/><U134/><E134/><N who="2" m="51243" /><F123/><W75/><G5/><T40/><D105/><U28/><E1/><V10/><F10/><W128/><G128/><T38/><D12/><U13/><E6/><V58/><F58/><W16/><G34/><T64/><D64/><N who="1" m="24651" /><E28/><V14/><F14/><W87/><G27/><AGARI ba="1,1" hai="22,27,31,36,38,39,40,46,92,98,103,117,118,119" machi="27" ten="40,8000,1" yaku="12,1,52,3" doraHai="69" who="0" fromWho="3" sc="177,93,175,0,496,0,142,-83" /><INIT seed="7,0,0,4,3,50" ten="270,175,496,59" oya="3" hai0="129,49,57,111,124,67,84,4,105,89,21,96,54" hai1="31,40,70,10,113,37,35,36,3,85,81,72,63" hai2="65,25,38,73,86,53,88,45,128,47,19,26,120" hai3="30,112,0,2,125,130,135,15,1,134,91,14,76"/><W55/><G76/><T79/><D111/><U7/><E113/><V118/><F73/><W20/><G112/><T60/><D129/><U69/><E85/><V17/><F38/><W62/><G130/><T58/><D124/><U80/><E80/><V32/><F32/><W90/><G125/><T87/><D4/><U29/><E29/><V123/><F65/><W24/><G90/><T102/><D79/><N who="1" m="44263" /><E63/><V77/><F77/><W39/><G39/><N who="1" m="14922" /><E40/><V68/><F68/><W97/><G97/><T27/><D89/><U75/><E75/><V78/><F118/><W117/><G117/><T101/><D102/><U109/><E109/><V93/><F78/><W115/><G115/><T74/><D74/><U100/><E100/><V42/><F128/><W126/><G126/><T59/><D59/><U33/><E33/><V92/><F42/><W119/><G119/><T8/><D8/><U44/><E44/><V28/><F88/><W61/><G91/><T52/><D67/><U13/><E13/><V56/><F86/><W66/><G66/><T18/><AGARI ba="0,0" hai="18,21,27,49,52,54,57,58,60,84,87,96,101,105" machi="18" ten="20,8000,1" yaku="0,1,7,1,52,2,54,1" doraHai="50" who="0" fromWho="0" sc="270,80,175,-20,496,-20,59,-40" owari="350,15.0,155,-24.0,476,57.0,19,-48.0" /></mjloggm>