<mjloggm ver="2.3"><GO type="169" lobby="0"/><UN n0="%E7%88%86%E5%BC%BE%E4%BA%94%E9%83%8E%EF%BC%92" n1="%64%33%76%64%72" n2="%E3%83%8A%E3%83%A9" n3="%E5%B0%B1%E6%B4%BB%E7%94%9F%40%E5%B7%9D%E6%9D%91%E8%BB%8D%E5%9B%A3" dan="17,16,17,16" rate="2166.75,2113.11,2128.38,2113.71" sx="M,M,M,M"/><TAIKYOKU oya="0"/><INIT seed="0,0,0,3,5,130" ten="250,250,250,250" oya="0" hai0="32,51,2,122,15,7,53,6,5,47,20,39,60" hai1="135,110,117,107,48,70,86,0,114,37,90,125,55" hai2="113,131,94,124,46,85,22,3,74,45,44,41,129" hai3="92,4,50,77,38,16,9,25,10,87,98,82,24"/><T83/><D122/><U88/><RYUUKYOKU type="yao9" ba="0,0" sc="250,0,250,0,250,0,250,0" hai1="0,37,48,55,70,86,88,90,107,110,114,117,125,135" /><INIT seed="0,1,0,5,2,49" ten="250,250,250,250" oya="0" hai0="118,58,130,23,39,86,79,64,108,67,15,10,133" hai1="43,4,81,32,19,132,36,90,63,113,103,134,56" hai2="77,52,106,40,7,59,92,80,128,27,75,21,98" hai3="16,72,11,117,25,129,96,119,29,102,85,3,55"/><T54/><D39/><U13/><E32/><V60/><F128/><W61/><G72/><T91/><D130/><U30/><E30/><V12/><F40/><W1/><G129/><T47/><D118/><U124/><E103/><V84/><F106/><W28/><G85/><T14/><D133/><U125/><E4/><V78/><F7/><W123/><G123/><T71/><D71/><U17/><E113/><V38/><F38/><W2/><G28/><T41/><D79/><U82/><E43/><V89/><F12/><W20/><G11/><T8/><D108/><U116/><E36/><V83/><F83/><N who="1" m="31753" /><E90/><N who="2" m="55575" /><F75/><W73/><G73/><T95/><D47/><U105/><E105/><V109/><F109/><W66/><G29/><AGARI ba="1,0" hai="21,27,29,52,59,60,77,78,80,84,89" m="55575" machi="29" ten="30,3900,0" yaku="8,1,52,1,54,1" doraHai="49" who="2" fromWho="3" sc="250,0,250,0,250,42,250,-42" /><INIT seed="1,0,0,5,5,70" ten="250,250,292,208" oya="1" hai0="53,38,131,92,69,76,54,128,57,50,10,41,126" hai1="75,34,67,79,16,72,81,14,20,66,43,88,123" hai2="119,37,48,35,73,133,117,6,98,113,31,64,15" hai3="24,107,65,83,86,129,94,112,105,55,4,127,102"/><U9/><E123/><V110/><F73/><W42/><G112/><T36/><D76/><U82/><E34/><V5/><F64/><W78/><G65/><T62/><D10/><U7/><E43/><V51/><F98/><W95/><G4/><T2/><D2/><U125/><E125/><V121/><F121/><W1/><G1/><T49/><D92/><U103/><E103/><V99/><F99/><W122/><G42/><T30/><D30/><U25/><E88/><V100/><F100/><W58/><G24/><T120/><D41/><U104/><E104/><V23/><F35/><W61/><G122/><T90/><D90/><U52/><E52/><V45/><F113/><W101/><G127/><T11/><D11/><U59/><E59/><V114/><F114/><W12/><G12/><T32/><D32/><U60/><E60/><V87/><F15/><W26/><G26/><T0/><D0/><U46/><E46/><V18/><F45/><W40/><G40/><T56/><D120/><U134/><E134/><V19/><F133/><W3/><G3/><T22/><D22/><U8/><E9/><V85/><F23/><W96/><G129/><N who="0" m="49739" /><D126/><U13/><E25/><V68/><F31/><W116/><G116/><T97/><D97/><AGARI ba="0,0" hai="55,58,61,78,83,86,94,95,96,97,101,102,105,107" machi="97" ten="40,1300,0" yaku="9,1" doraHai="70" who="3" fromWho="0" sc="250,-13,250,0,292,0,208,13" /><INIT seed="2,0,0,3,4,111" ten="237,250,292,221" oya="2" hai0="22,32,105,97,42,125,27,45,92,19,85,38,110" hai1="59,58,29,3,63,49,52,124,98,129,65,28,25" hai2="36,121,116,44,16,79,37,75,119,127,117,12,90" hai3="33,41,11,71,87,113,118,128,114,81,88,51,9"/><V106/><F121/><W67/><G33/><T126/><D105/><U108/><E3/><V107/><F127/><N who="0" m="48650" /><D32/><U94/><E124/><V0/><F0/><W102/><G118/><T77/><D110/><U103/><E108/><V82/><F90/><W135/><G102/><N who="0" m="60711" /><D77/><U35/><E28/><V21/><REACH who="2" step="1"/><F44/><REACH who="2" ten="237,250,282,221" step="2"/><N who="3" m="25999" /><G135/><T10/><D85/><U55/><REACH who="1" step="1"/><E129/><REACH who="1" ten="237,240,282,221" step="2"/><V73/><F73/><W101/><G128/><T34/><D34/><U24/><E24/><V93/><F93/><W76/><G81/><T86/><D86/><U131/><E131/><V115/><F115/><W20/><G113/><T70/><D27/><U14/><E14/><V7/><F7/><W96/><G87/><T64/><D19/><U46/><E46/><V60/><F60/><W4/><G114/><T54/><D45/><U72/><E72/><V53/><F53/><AGARI ba="0,2" hai="25,29,35,49,52,53,55,58,59,63,65,94,98,103" machi="53" ten="40,2600,0" yaku="1,1,54,1,53,0" doraHai="111" doraHaiUra="17" who="1" fromWho="2" sc="237,0,240,46,282,-26,221,0" /><INIT seed="3,0,0,4,5,103" ten="237,286,256,221" oya="3" hai0="104,26,14,119,63,48,44,77,49,82,106,112,36" hai1="101,133,91,15,114,70,74,88,92,37,1,27,39" hai2="5,99,18,68,83,61,9,38,128,47,109,52,121" hai3="118,21,66,43,78,42,107,98,134,12,129,102,115"/><W127/><G118/><T79/><D119/><U69/><E114/><V130/><F109/><W6/><G115/><T65/><D36/><U90/><E1/><V105/><F18/><W122/><G122/><T34/><D49/><U85/><E74/><V131/><F83/><W10/><G129/><T3/><D3/><U8/><E27/><V124/><F124/><W7/><G7/><T19/><D112/><U2/><E2/><V60/><F68/><W59/><G127/><T89/><D89/><U135/><E39/><V40/><F121/><W117/><G117/><T80/><D82/><U0/><E0/><N who="2" m="167" /><F52/><W71/><G71/><T93/><D93/><U25/><E37/><V64/><F64/><W54/><G66/><T46/><D46/><U132/><E25/><V55/><F55/><W13/><G78/><T100/><D100/><AGARI ba="0,0" hai="38,40,47,60,61,99,100,105,128,130,131" m="167" machi="100" ten="30,2000,0" yaku="19,1,52,1" doraHai="103" who="2" fromWho="0" sc="237,-20,286,0,256,20,221,0" /><INIT seed="4,0,0,1,4,86" ten="217,286,276,221" oya="0" hai0="29,93,57,85,3,20,122,19,97,7,66,40,55" hai1="134,116,100,51,88,64,30,135,126,61,102,129,120" hai2="104,73,121,118,113,58,109,35,119,98,103,26,89" hai3="72,14,44,37,50,130,28,111,76,133,45,106,108"/><T127/><D122/><U22/><E116/><V38/><F38/><W87/><G106/><T99/><D127/><U32/><E120/><V42/><F121/><W54/><G72/><T9/><D66/><U4/><E32/><V84/><F109/><W56/><G130/><T12/><D40/><U92/><E4/><V15/><F73/><W115/><G115/><T48/><D29/><U117/><E117/><V47/><F58/><W46/><G133/><N who="1" m="50698" /><E51/><V74/><F74/><W1/><G1/><T110/><REACH who="0" step="1"/><D110/><REACH who="0" ten="207,286,276,221" step="2"/><U27/><E129/><V107/><F42/><W70/><G37/><T33/><D33/><U63/><E126/><V81/><F35/><W34/><G34/><T95/><D95/><U53/><E53/><V31/><F104/><W10/><G28/><T41/><D41/><U78/><E64/><V16/><F118/><W69/><G69/><T77/><D77/><U90/><E78/><V17/><F31/><W11/><G70/><T24/><D24/><U60/><E90/><AGARI ba="0,1" hai="3,7,9,12,19,20,48,55,57,85,90,93,97,99" machi="90" ten="40,12000,1" yaku="1,1,25,2,52,1,53,1" doraHai="86" doraHaiUra="2" who="0" fromWho="1" sc="207,130,286,-120,276,0,221,0" /><INIT seed="4,1,0,5,0,80" ten="337,166,276,221" oya="0" hai0="105,99,43,64,35,114,40,19,4,79,25,84,28" hai1="44,128,130,106,94,34,69,115,102,127,10,86,13" hai2="59,5,92,17,118,62,2,15,6,71,60,91,85" hai3="1,82,22,67,54,97,20,38,87,110,8,9,26"/><T11/><D114/><U12/><E34/><V7/><F118/><W56/><G38/><T32/><D35/><U96/><E69/><V90/><F2/><W30/><G110/><T23/><D64/><U129/><E115/><V76/><F71/><W133/><G133/><T37/><D37/><U123/><E123/><V111/><F111/><W131/><G131/><T31/><D31/><U78/><E127/><V113/><F113/><W53/><G97/><T65/><D65/><U72/><E44/><V93/><F76/><W126/><G20/><T45/><D45/><U68/><E68/><V27/><F27/><W116/><G116/><T58/><D58/><U109/><E109/><V0/><F0/><W135/><G1/><T57/><D57/><U124/><E124/><V100/><F100/><W83/><G83/><N who="0" m="47231" /><D105/><U122/><E122/><V21/><F59/><W63/><G126/><T16/><D99/><AGARI ba="1,0" hai="5,6,7,15,17,21,60,62,85,90,91,92,93,99" machi="99" ten="40,2600,0" yaku="8,1,52,1" doraHai="80" who="2" fromWho="0" sc="337,-29,166,0,276,29,221,0" /><INIT seed="5,0,0,4,0,106" ten="308,166,305,221" oya="1" hai0="26,27,3,65,51,31,46,82,21,23,73,13,109" hai1="15,107,64,121,125,99,20,95,30,7,42,41,85" hai2="38,60,53,11,102,122,119,116,2,34,80,93,126" hai3="78,103,57,118,37,90,62,71,19,100,0,133,83"/><U40/><E121/><V111/><F111/><W76/><G71/><T63/><D3/><U101/><E125/><V36/><F34/><W14/><G0/><T132/><D109/><U94/><E64/><V128/><F122/><W97/><G37/><T29/><D132/><U54/><E54/><V96/><F38/><W113/><G113/><T98/><D98/><U88/><E30/><V89/><F36/><W127/><G133/><T16/><D82/><U72/><E72/><V131/><F126/><W52/><G127/><T43/><D73/><U124/><E124/><V117/><F60/><W112/><G112/><T49/><D49/><U22/><REACH who="1" step="1"/><E107/><REACH who="1" ten="308,156,305,221" step="2"/><N who="2" m="63943" /><F53/><W75/><G118/><T130/><D31/><U24/><E24/><V12/><F119/><W33/><G33/><T77/><D27/><U120/><E120/><V44/><F117/><W123/><G123/><T115/><D115/><U1/><E1/><V114/><F2/><W79/><G75/><T35/><D35/><U18/><E18/><V91/><F114/><W45/><G45/><T135/><D135/><U92/><E92/><V70/><F44/><W105/><G105/><T58/><D130/><U56/><E56/><V50/><F116/><W74/><G74/><T9/><D29/><U68/><E68/><V17/><F70/><W134/><G134/><T5/><D26/><U110/><E110/><V4/><F17/><W25/><G25/><T32/><D32/><U66/><E66/><V39/><F128/><W59/><G59/><T55/><D65/><U48/><E48/><V69/><F131/><W81/><G52/><RYUUKYOKU ba="0,1" sc="308,-10,156,30,305,-10,221,-10" hai1="7,15,20,22,40,41,42,85,88,94,95,99,101" /><INIT seed="5,1,1,1,4,100" ten="298,186,295,211" oya="1" hai0="103,25,101,34,124,77,113,82,43,49,6,89,46" hai1="40,132,16,84,91,96,106,92,20,94,55,131,78" hai2="44,80,0,53,64,108,130,51,114,83,17,70,24" hai3="30,2,109,57,1,45,31,116,22,42,126,85,62"/><U75/><E132/><V29/><F108/><W33/><G109/><T32/><D124/><U60/><E131/><V120/><F120/><W50/><G126/><T128/><D128/><U54/><E40/><V14/><F0/><W98/><G116/><T27/><D113/><U5/><E5/><V97/><F130/><W66/><G33/><T38/><D89/><U68/><E106/><V125/><F125/><W86/><G2/><T59/><D6/><U41/><E41/><V19/><F19/><W52/><G1/><T26/><D59/><U8/><E8/><V15/><F14/><W117/><G117/><T23/><D23/><U21/><E21/><N who="2" m="15503" /><F70/><W63/><G98/><T135/><D38/><U7/><E7/><V72/><F72/><W104/><G104/><T18/><D18/><U69/><E75/><V58/><F97/><W119/><G119/><T99/><D135/><U61/><E69/><V111/><F111/><W110/><G110/><T90/><D90/><N who="1" m="55319" /><E68/><V115/><F115/><W3/><G3/><T88/><D103/><U95/><E78/><V105/><F114/><W65/><G22/><T35/><D77/><U37/><E37/><V121/><F121/><W133/><G133/><T73/><D73/><U13/><E94/><V76/><F105/><W10/><G10/><T9/><D9/><U93/><E95/><V81/><F76/><W123/><G123/><T11/><D11/><U112/><E112/><V118/><F118/><W4/><G4/><T74/><D74/><U47/><E47/><V67/><F44/><W102/><G102/><T56/><D101/><RYUUKYOKU ba="1,1" sc="298,-15,186,15,295,15,211,-15" hai1="13,16,20,54,55,60,61,84,91,93" hai2="15,17,51,53,58,64,67,80,81,83" /><INIT seed="5,2,1,3,1,89" ten="283,201,310,196" oya="1" hai0="80,70,33,21,107,79,32,99,60,22,43,54,91" hai1="4,119,6,52,114,5,83,29,95,128,111,67,130" hai2="115,62,55,23,50,102,17,2,81,47,72,131,61" hai3="3,24,1,106,101,110,122,112,126,13,48,53,58"/><U37/><E119/><V25/><F2/><W73/><G110/><T15/><D43/><U36/><E111/><V71/><F131/><N who="1" m="50217" /><E114/><V96/><F71/><W59/><G73/><T12/><D33/><U123/><E67/><V63/><F115/><W87/><G122/><T117/><D32/><U7/><E123/><V64/><F72/><W105/><G112/><T134/><D117/><U76/><E29/><V16/><F81/><W45/><G126/><T98/><D134/><U75/><N who="1" m="1536" /><DORA hai="34" /><U78/><E78/><V103/><F64/><W41/><G24/><T14/><D70/><U9/><E9/><V57/><F17/><W30/><G30/><T68/><D68/><U118/><E118/><V132/><F132/><W113/><G113/><T121/><D121/><U28/><E28/><V88/><F57/><W133/><G59/><T35/><D35/><U44/><E95/><AGARI ba="2,1" hai="16,23,25,47,50,55,61,62,63,88,95,96,102,103" machi="95" ten="40,8000,1" yaku="8,1,52,1,54,2" doraHai="89,34" who="2" fromWho="1" sc="283,0,201,-86,310,96,196,0" /><INIT seed="6,0,0,2,0,107" ten="283,115,406,196" oya="2" hai0="33,27,57,5,84,41,119,7,85,46,23,116,34" hai1="71,127,37,43,102,32,15,113,26,94,49,134,68" hai2="60,110,24,82,105,47,78,58,52,90,109,120,14" hai3="25,81,48,125,62,67,133,99,42,69,75,130,17"/><V79/><F105/><W4/><G125/><T76/><D57/><U131/><E15/><V2/><F2/><W100/><G130/><T6/><D76/><U87/><E127/><V123/><F14/><W128/><G128/><T39/><D84/><U112/><E131/><V92/><F24/><W124/><G124/><T93/><D93/><U50/><E102/><V101/><F47/><W56/><G133/><T18/><D85/><U98/><E87/><N who="2" m="52319" /><F101/><W38/><G4/><T11/><REACH who="0" step="1"/><D11/><REACH who="0" ten="273,115,406,196" step="2"/><U97/><E94/><V16/><F79/><W19/><G56/><T63/><D63/><U65/><E134/><V70/><F78/><W0/><G62/><T115/><D115/><U104/><E104/><V10/><F10/><W53/><G69/><T44/><D44/><U59/><E59/><V20/><F70/><W95/><G95/><T74/><D74/><U106/><E106/><V28/><F58/><W96/><G75/><T91/><D91/><U135/><E135/><V8/><F60/><W35/><G100/><T9/><D9/><U118/><E118/><AGARI ba="0,1" hai="5,6,7,18,23,27,33,34,39,41,46,116,118,119" machi="118" ten="40,2600,0" yaku="1,1,12,1,53,0" doraHai="107" doraHaiUra="72" who="0" fromWho="1" sc="273,36,115,-26,406,0,196,0" /><INIT seed="7,0,0,0,3,96" ten="309,89,406,196" oya="3" hai0="135,81,129,80,2,128,39,74,73,57,47,66,25" hai1="59,98,56,109,126,5,103,10,93,51,124,38,104" hai2="91,130,106,127,16,44,19,70,87,14,50,33,125" hai3="43,26,110,133,108,21,83,92,76,71,88,72,3"/><W24/><G71/><T18/><D2/><U100/><E109/><V6/><F130/><N who="0" m="50282" /><D135/><U9/><E38/><V46/><F106/><W94/><G3/><T34/><D18/><U101/><E104/><V31/><F70/><W55/><G43/><N who="0" m="23039" /><D66/><U49/><E93/><V84/><F6/><W114/><G114/><T40/><D40/><U12/><E98/><V121/><F121/><W95/><G133/><T37/><D37/><U11/><E12/><V30/><F14/><W78/><G78/><T28/><D57/><N who="1" m="22091" /><E5/><V86/><F33/><W41/><G94/><T20/><D20/><U8/><N who="1" m="2560" /><DORA hai="23" /><U132/><E132/><V4/><F4/><W68/><G68/><T48/><D48/><AGARI ba="0,0" hai="48,49,51,100,101,103,124,126" m="2560,22091" machi="48" ten="50,8000,1" yaku="28,2,52,3" doraHai="96,23" who="1" fromWho="0" sc="309,-80,89,80,406,0,196,0" owari="229,3.0,169,-33.0,406,50.0,196,-20.0" /></mjloggm>