<mjloggm ver="2.3"><GO type="169" lobby="0"/><UN n0="%E3%81%BE%E3%81%93%E3%81%95%E3%81%A8%76%65%72%32" n1="%48%6F%67%65%4E%75%6C%6C" n2="%68%69%70%64%63%61%73%68" n3="%E3%83%88%E3%83%88%E3%83%AA%E5%85%88%E7%94%9F%31%39%E6%AD%B3" dan="17,16,17,18" rate="2238.87,2054.05,2197.79,2220.92" sx="M,M,M,F"/><TAIKYOKU oya="0"/><INIT seed="0,0,0,3,0,75" ten="250,250,250,250" oya="0" hai0="114,64,15,1,21,85,4,74,124,101,115,103,42" hai1="52,68,11,62,134,19,61,24,118,6,20,102,69" hai2="45,135,128,77,125,105,92,56,57,76,112,126,109" hai3="107,38,131,48,78,108,43,58,7,63,55,94,22"/><T88/><D74/><U30/><E134/><V25/><F112/><W130/><G108/><T119/><D119/><U79/><E118/><V3/><F105/><W98/><G107/><T27/><D124/><N who="2" m="47722" /><F109/><W41/><G38/><T33/><D64/><U39/><E39/><V104/><F104/><W117/><G117/><T95/><D42/><U70/><E102/><V82/><F135/><W67/><G7/><T18/><D103/><U81/><E30/><V36/><F128/><N who="3" m="49195" /><G22/><T122/><D122/><U106/><E106/><V93/><F3/><W2/><G78/><N who="2" m="30313" /><F82/><W34/><G34/><T5/><D101/><U73/><REACH who="1" step="1"/><E52/><REACH who="1" ten="250,240,250,250" step="2"/><V8/><F36/><W28/><G28/><N who="0" m="19615" /><D4/><U110/><E110/><V123/><F123/><W87/><G41/><T99/><D114/><U40/><E40/><V60/><F45/><W96/><G43/><T47/><D115/><U50/><E50/><V89/><F60/><W127/><G48/><T86/><D47/><U9/><E9/><AGARI ba="0,1" hai="1,5,9,15,18,21,85,86,88,95,99" m="19615" machi="9" ten="30,2900,0" yaku="24,1,54,1" doraHai="75" who="0" fromWho="1" sc="250,39,240,-29,250,0,250,0" /><INIT seed="0,1,0,3,4,88" ten="289,211,250,250" oya="0" hai0="3,44,10,73,100,68,129,91,128,54,38,52,79" hai1="39,18,89,35,125,70,22,119,21,19,123,105,50" hai2="110,109,92,132,113,90,49,61,57,31,69,15,85" hai3="84,87,96,135,9,59,47,76,32,93,13,77,2"/><T101/><D68/><U126/><E39/><V103/><F113/><W11/><G32/><T83/><D100/><U62/><E105/><V23/><F132/><W16/><G135/><T78/><D78/><N who="3" m="30313" /><G2/><T43/><D101/><U58/><E123/><V29/><F103/><N who="3" m="60815" /><G47/><T1/><D1/><U99/><E119/><V26/><F69/><W33/><G33/><T124/><D91/><U42/><E35/><V134/><F134/><W80/><G80/><T56/><D124/><N who="1" m="47723" /><E70/><V53/><F15/><N who="3" m="7279" /><G59/><T5/><REACH who="0" step="1"/><D56/><REACH who="0" ten="279,211,250,250" step="2"/><U51/><E58/><V41/><F57/><W48/><G48/><T7/><D7/><AGARI ba="1,1" hai="7,11,13,84,87" m="7279,60815,30313" machi="7" ten="30,3900,0" yaku="8,1,52,1,54,1" doraHai="88" who="3" fromWho="0" sc="279,-42,211,0,250,0,250,52" /><INIT seed="1,0,0,4,2,134" ten="237,211,250,302" oya="1" hai0="101,87,120,97,6,68,31,53,51,18,49,27,89" hai1="78,21,10,47,90,65,95,69,75,9,35,33,88" hai2="8,98,40,42,102,26,104,13,39,131,54,34,119" hai3="125,63,85,72,41,91,20,17,22,115,112,45,109"/><U4/><E9/><V106/><F119/><W14/><G72/><T61/><D6/><U114/><E114/><V99/><F131/><W123/><G123/><T86/><D120/><U96/><E21/><V77/><F77/><W28/><G109/><T11/><D68/><U62/><E90/><V100/><F39/><W118/><G118/><T76/><D76/><U129/><E129/><V71/><F71/><W126/><G63/><T107/><D61/><U127/><E127/><N who="3" m="48650" /><G22/><T83/><D87/><U59/><E69/><V43/><F54/><W0/><G0/><T5/><D18/><U48/><E78/><V30/><F42/><W122/><G28/><T37/><D37/><U52/><REACH who="1" step="1"/><E75/><REACH who="1" ten="237,201,250,302" step="2"/><V44/><REACH who="2" step="1"/><F44/><REACH who="2" ten="237,201,240,302" step="2"/><W73/><G122/><T117/><D117/><U32/><E32/><V23/><F23/><W93/><G73/><T82/><D11/><U121/><E121/><V79/><F79/><W58/><G58/><T66/><D31/><U57/><E57/><V116/><F116/><W81/><G81/><T3/><D83/><U80/><E80/><V133/><F133/><W60/><G115/><T15/><D82/><U36/><E36/><V24/><F24/><W128/><G112/><T2/><D27/><U16/><E16/><AGARI ba="0,2" hai="8,13,16,26,30,34,40,43,98,99,100,102,104,106" machi="16" ten="30,7700,0" yaku="1,1,7,1,9,1,54,1,53,0" doraHai="134" doraHaiUra="67" who="2" fromWho="1" sc="237,0,201,-77,240,97,302,0" /><INIT seed="2,0,0,2,1,125" ten="237,124,337,302" oya="2" hai0="131,42,126,94,19,95,22,75,6,89,104,46,66" hai1="98,4,84,0,122,47,24,61,13,27,34,51,36" hai2="17,25,14,60,54,93,96,20,134,111,119,120,26" hai3="16,73,124,132,8,39,129,64,97,67,86,9,1"/><V49/><F119/><W3/><G124/><T35/><D104/><U23/><E122/><V123/><F134/><W68/><G39/><T59/><D35/><U62/><E36/><V72/><F72/><W37/><G37/><T85/><D75/><U58/><E0/><V81/><F111/><W116/><G73/><T109/><D109/><U133/><E133/><V50/><F81/><W28/><G132/><T43/><D6/><U71/><E34/><V18/><F120/><W77/><G97/><T118/><BYE who="2" /><D118/><UN n2="%68%69%70%64%63%61%73%68" /><U80/><E98/><V10/><F123/><W112/><G116/><T100/><D46/><U102/><E102/><V52/><F60/><W2/><G2/><T12/><D126/><U105/><E105/><V117/><F117/><W57/><G57/><T121/><D121/><U87/><E71/><V110/><F110/><W135/><G135/><T7/><D7/><U69/><E69/><V101/><F25/><W5/><G68/><T91/><D100/><U99/><E99/><V65/><F65/><W21/><G112/><T79/><D79/><U56/><E56/><V38/><F38/><W127/><G77/><T130/><D59/><U82/><E84/><V63/><F63/><W33/><G86/><N who="0" m="52535" /><D66/><U30/><E27/><V113/><F113/><W15/><G127/><T76/><D76/><N who="1" m="46471" /><E82/><V55/><AGARI ba="0,0" hai="10,14,17,18,20,26,49,50,52,54,55,93,96,101" machi="55" ten="30,6000,0" yaku="0,1,8,1,54,1" doraHai="125" who="2" fromWho="2" sc="237,-20,124,-20,337,60,302,-20" /><INIT seed="2,1,0,4,5,9" ten="217,104,397,282" oya="2" hai0="28,27,58,49,85,34,36,48,62,67,3,116,19" hai1="8,132,22,46,94,2,11,101,20,24,92,129,133" hai2="119,99,50,113,52,121,89,88,31,47,110,65,44" hai3="38,26,25,134,117,59,87,131,114,104,122,103,0"/><V86/><F119/><W70/><RYUUKYOKU type="yao9" ba="1,0" sc="217,0,104,0,397,0,282,0" hai3="0,25,26,38,59,70,87,103,104,114,117,122,131,134" /><INIT seed="2,2,0,0,5,104" ten="217,104,397,282" oya="2" hai0="81,107,1,49,18,86,102,67,82,58,100,133,44" hai1="129,29,10,95,122,69,32,24,123,76,55,14,114" hai2="41,30,113,57,108,63,38,20,16,103,21,130,83" hai3="84,35,52,125,59,37,7,131,27,0,111,42,75"/><V64/><F113/><W9/><G111/><T119/><D1/><U90/><E114/><V120/><F120/><N who="1" m="46121" /><E69/><V115/><F115/><W15/><G131/><T98/><D133/><U85/><E55/><V97/><F130/><W116/><G116/><T87/><D119/><U2/><E2/><V105/><F108/><W5/><G125/><T40/><D18/><N who="1" m="8535" /><E76/><V88/><F30/><W46/><G84/><T78/><D107/><U11/><E11/><V96/><F21/><W56/><G56/><T65/><D98/><U26/><E26/><V4/><F4/><W72/><G7/><T74/><D74/><U17/><E17/><V19/><F20/><W45/><G0/><T92/><D92/><U124/><E129/><V109/><F109/><W128/><G128/><T36/><D36/><U13/><E13/><V117/><F117/><W79/><G79/><T39/><D39/><U61/><E61/><V70/><F70/><W47/><G47/><T126/><D126/><AGARI ba="2,0" hai="24,29,32,85,90,95,124,126" m="8535,46121" machi="126" ten="30,1000,0" yaku="13,1" doraHai="104" who="1" fromWho="0" sc="217,-16,104,16,397,0,282,0" /><INIT seed="3,0,0,2,2,48" ten="201,120,397,282" oya="3" hai0="52,33,119,6,110,131,83,106,115,130,11,12,133" hai1="65,19,23,60,124,71,82,59,109,2,129,55,45" hai2="118,39,17,34,134,64,38,9,114,22,95,72,25" hai3="0,102,94,120,57,35,89,28,135,78,66,40,112"/><W53/><G112/><T121/><D106/><U44/><E109/><V79/><F118/><W70/><G120/><T62/><D119/><U24/><E124/><V26/><F114/><W125/><G125/><T56/><D115/><U91/><E129/><N who="0" m="49161" /><D33/><U96/><E2/><V31/><F134/><W108/><G0/><T67/><D121/><U103/><E82/><V32/><F64/><W58/><G135/><T128/><D110/><U69/><E69/><V46/><F9/><W51/><G108/><T99/><D99/><U86/><E86/><V3/><F3/><W50/><G102/><T97/><D97/><U15/><E15/><V75/><F95/><W98/><G78/><T90/><D133/><U117/><E117/><V13/><F79/><W29/><G35/><T61/><N who="0" m="49169" /><T4/><DORA hai="21" /><D4/><U73/><E73/><V126/><F126/><W49/><G70/><N who="0" m="42351" /><D90/><U122/><E122/><V127/><F127/><W68/><G68/><T100/><D83/><U42/><E42/><V16/><F34/><W87/><G98/><T116/><D116/><U76/><E76/><V123/><F123/><W5/><G5/><T30/><D30/><N who="3" m="11881" /><G40/><T8/><D8/><U93/><REACH who="1" step="1"/><E103/><AGARI ba="0,0" hai="6,11,12,52,56,62,100,103" m="42351,49169" machi="103" ten="40,5200,0" yaku="19,1,52,1,54,1" doraHai="48,21" who="0" fromWho="1" sc="201,52,120,-52,397,0,282,0" /><INIT seed="4,0,0,4,1,74" ten="253,68,397,282" oya="0" hai0="2,52,36,61,83,113,58,135,19,102,55,11,3" hai1="30,14,93,126,41,60,130,120,70,37,33,35,81" hai2="17,92,5,129,48,109,131,91,47,117,69,23,4" hai3="8,124,54,103,9,107,75,98,31,22,59,16,127"/><T39/><D135/><U72/><E14/><N who="2" m="9655" /><F69/><W114/><G75/><T56/><D113/><U42/><E93/><V49/><F109/><W108/><G114/><T119/><D119/><U7/><E42/><N who="2" m="24695" /><F49/><N who="3" m="31183" /><G31/><T116/><D116/><U128/><E120/><V82/><F82/><W77/><G77/><T28/><D28/><U84/><E7/><V85/><F117/><W105/><G105/><T26/><D102/><U133/><E133/><V12/><F12/><N who="3" m="9479" /><G108/><T73/><D26/><U62/><E126/><AGARI ba="0,0" hai="8,9,98,103,107,124,126,127" m="9479,31183" machi="126" ten="30,2000,0" yaku="18,1,54,1" doraHai="74" who="3" fromWho="1" sc="253,0,68,-20,397,0,282,20" /><INIT seed="5,0,0,1,4,18" ten="253,48,397,302" oya="1" hai0="60,44,22,97,49,14,76,77,106,61,102,101,91" hai1="110,89,4,40,72,87,64,68,17,75,38,99,107" hai2="67,6,114,92,70,104,16,36,74,133,82,121,103" hai3="129,116,65,130,119,59,46,88,32,37,66,48,120"/><U19/><E4/><V8/><F121/><W53/><G32/><T54/><D102/><U25/><E110/><V34/><F92/><W42/><G120/><T23/><D91/><U27/><E38/><V81/><F81/><W135/><G135/><T118/><D118/><N who="3" m="45097" /><G88/><T31/><D61/><U94/><E40/><V0/><F16/><W29/><G29/><T7/><D31/><U112/><E112/><V57/><F57/><W78/><G78/><T28/><D28/><U20/><E68/><V56/><F56/><W69/><G69/><T63/><D63/><U41/><E41/><V109/><F114/><W73/><G73/><T111/><D111/><U117/><E117/><V134/><F34/><W24/><G24/><T3/><D3/><U15/><E64/><AGARI ba="0,0" hai="37,42,46,48,53,59,64,65,66,129,130" m="45097" machi="64" ten="30,3900,0" yaku="12,1,34,2" doraHai="18" who="3" fromWho="1" sc="253,0,48,-39,397,0,302,39" /><INIT seed="6,0,0,4,4,111" ten="253,9,397,341" oya="2" hai0="85,62,134,26,39,95,115,126,47,44,72,23,110" hai1="58,55,14,6,78,130,84,129,0,52,94,75,106" hai2="56,59,65,79,63,112,86,12,76,68,45,9,97" hai3="81,28,25,88,29,131,18,103,77,8,109,80,74"/><V104/><F112/><W132/><G109/><T120/><D62/><U31/><E0/><V93/><F45/><W15/><G131/><N who="1" m="50186" /><E31/><V100/><F79/><W5/><G132/><T40/><D95/><U98/><E6/><V50/><F50/><W119/><G119/><T99/><D99/><U89/><E14/><V54/><F54/><W113/><G113/><T83/><D85/><N who="1" m="52527" /><E58/><V10/><F10/><W3/><G103/><T19/><D47/><U46/><E46/><V21/><F21/><W108/><G108/><T121/><D110/><U124/><E52/><V38/><F38/><W114/><G114/><T57/><D57/><U125/><E55/><V34/><F34/><W30/><G81/><T48/><D115/><U133/><E75/><V1/><F1/><W82/><G25/><T11/><D39/><U41/><E41/><V70/><F70/><W4/><G3/><T17/><D134/><U16/><E16/><V73/><F12/><W101/><REACH who="3" step="1"/><G101/><REACH who="3" ten="253,9,397,331" step="2"/><T43/><D26/><U127/><E78/><V117/><F76/><W96/><G96/><T66/><D66/><U13/><E13/><V87/><F97/><W51/><G51/><T42/><D48/><U102/><E84/><AGARI ba="0,1" hai="4,5,8,15,18,28,29,30,74,77,80,82,84,88" machi="84" ten="40,8000,1" yaku="1,1,54,1,53,3" doraHai="111" doraHaiUra="24" who="3" fromWho="1" sc="253,0,9,-80,397,0,331,90" owari="253,-15.0,-71,-57.0,397,20.0,421,52.0" /></mjloggm>