<mjloggm ver="2.3"><GO type="169" lobby="0"/><UN n0="%E7%82%8E%E3%81%AE%E3%82%B7%E3%83%A5%E3%83%AC%E3%83%B3" n1="%E3%81%87%E3%82%8B%E3%81%87%E3%82%8B" n2="%E5%BD%A9%E4%BA%AC" n3="%E5%B0%B1%E6%B4%BB%E7%94%9F%40%E5%B7%9D%E6%9D%91%E8%BB%8D%E5%9B%A3" dan="16,16,16,17" rate="2091.58,2085.28,2063.57,2202.65" sx="M,F,M,M"/><TAIKYOKU oya="0"/><INIT seed="0,0,0,1,3,26" ten="250,250,250,250" oya="0" hai0="119,5,133,120,37,111,90,67,85,25,8,81,64" hai1="91,116,76,52,58,82,30,110,28,75,74,108,51" hai2="46,11,113,69,118,106,38,54,13,6,57,53,122" hai3="124,12,62,121,77,72,33,43,93,42,92,59,1"/><T103/><D119/><U20/><E116/><V114/><F122/><W135/><G1/><T48/><D37/><U31/><E75/><V131/><F118/><W29/><G124/><T73/><D120/><U55/><E91/><V132/><F106/><W3/><G3/><T78/><D133/><U95/><E95/><V7/><F69/><W134/><G12/><T14/><D103/><U35/><E20/><V22/><F132/><N who="3" m="50731" /><G77/><T2/><D111/><N who="1" m="42539" /><E55/><V44/><F22/><W16/><G72/><T97/><D97/><U63/><E63/><V32/><F32/><AGARI ba="0,0" hai="28,30,31,32,35,51,52,58,74,76,82" m="42539" machi="32" ten="30,8000,1" yaku="14,1,52,3,54,1" doraHai="26" who="1" fromWho="2" sc="250,0,250,80,250,-80,250,0" /><INIT seed="1,0,0,1,2,111" ten="250,330,170,250" oya="1" hai0="79,40,90,76,117,52,56,132,4,108,36,61,92" hai1="99,91,14,23,67,26,107,50,51,121,28,64,85" hai2="77,60,89,84,118,19,86,29,62,9,83,102,125" hai3="105,58,128,112,131,0,116,103,15,2,122,24,104"/><U81/><E121/><V34/><F118/><W5/><G122/><T30/><D117/><U119/><E119/><V120/><F120/><W39/><G39/><T18/><D108/><U12/><E107/><V33/><F125/><W57/><G116/><T71/><D132/><U31/><E99/><V11/><F102/><W7/><G15/><N who="1" m="5674" /><E31/><V55/><F33/><W73/><G24/><T82/><D4/><U123/><E123/><V43/><F43/><W130/><G73/><T6/><D6/><U70/><E70/><V45/><F34/><W16/><G131/><T35/><D18/><U109/><E109/><V98/><F29/><W93/><G93/><T114/><D71/><U95/><E95/><N who="2" m="54711" /><F19/><W13/><G13/><T20/><D35/><U63/><E63/><N who="2" m="24107" /><F98/><W22/><G22/><T25/><D82/><U68/><E68/><V101/><F101/><W80/><G103/><T134/><D134/><U115/><E67/><V1/><F1/><W21/><G21/><T110/><D110/><U59/><E64/><V41/><F41/><W129/><G129/><T133/><D40/><U37/><E37/><V78/><F78/><W75/><G75/><T97/><D36/><U66/><E66/><V72/><F72/><W17/><G80/><T54/><D133/><U65/><E65/><V88/><F77/><W27/><G27/><T49/><D54/><N who="1" m="32215" /><E51/><AGARI ba="0,0" hai="9,11,45,51,55,83,84,88" m="24107,54711" machi="51" ten="30,2000,0" yaku="8,1,54,1" doraHai="111" who="2" fromWho="1" sc="250,0,330,-20,170,20,250,0" /><INIT seed="2,0,0,0,5,110" ten="250,310,190,250" oya="2" hai0="102,51,31,47,36,127,50,2,130,25,81,76,96" hai1="63,67,11,46,15,124,44,108,97,9,24,16,120" hai2="56,10,113,27,38,86,100,52,112,18,41,68,33" hai3="20,101,116,114,48,17,122,117,34,123,126,4,8"/><V35/><F68/><W129/><G101/><T39/><D2/><U133/><E108/><V82/><F100/><W90/><G90/><T65/><D65/><U87/><E133/><V5/><F38/><W1/><G48/><T30/><D130/><U79/><E124/><V118/><F41/><W66/><G66/><T74/><D127/><U72/><E72/><V71/><F71/><W84/><G84/><T99/><D31/><U93/><E120/><N who="3" m="46122" /><G34/><T70/><D70/><U3/><E3/><V61/><F118/><N who="3" m="45675" /><G126/><T135/><D135/><U40/><E87/><V29/><F18/><W0/><G0/><T57/><D57/><N who="1" m="37359" /><E79/><V37/><F37/><W62/><G62/><T26/><D51/><N who="1" m="27015" /><E46/><V60/><F60/><W91/><G91/><T7/><D39/><U89/><E89/><V54/><F54/><W64/><G64/><T107/><D36/><U19/><E97/><V85/><F35/><W103/><G103/><T14/><D96/><U109/><E93/><V28/><F86/><W69/><G69/><T128/><D99/><U88/><E88/><V12/><REACH who="2" step="1"/><F29/><REACH who="2" ten="250,310,180,250" step="2"/><W75/><G75/><T83/><D30/><U132/><E109/><V42/><F42/><W131/><G131/><T43/><D74/><U73/><E73/><V98/><F98/><W94/><G129/><T45/><D128/><U58/><E19/><V105/><F105/><W125/><G125/><T119/><D107/><U53/><E132/><V95/><F95/><W32/><G94/><T104/><D104/><U80/><E16/><V6/><F6/><W106/><G106/><T121/><D119/><RYUUKYOKU ba="0,1" sc="250,-10,310,-10,180,30,250,-10" hai2="5,10,12,27,28,33,52,56,61,82,85,112,113" /><INIT seed="2,1,1,1,3,66" ten="240,300,210,240" oya="2" hai0="131,45,11,0,67,105,61,22,129,36,81,3,127" hai1="4,53,43,91,46,104,57,134,10,133,89,90,17" hai2="2,71,112,106,95,120,92,58,8,108,130,39,68" hai3="69,27,31,33,18,49,72,87,30,52,109,78,84"/><V76/><F106/><W77/><G109/><T37/><D105/><U7/><E104/><V85/><F120/><W28/><G69/><T114/><D114/><U41/><E4/><V88/><F39/><N who="0" m="14922" /><D45/><U97/><E17/><V94/><F112/><W50/><G50/><T115/><D115/><U132/><E97/><V56/><F76/><N who="3" m="29291" /><G72/><T82/><D22/><U44/><E44/><V111/><F130/><N who="0" m="49674" /><D127/><U51/><REACH who="1" step="1"/><E46/><REACH who="1" ten="240,290,210,240" step="2"/><V42/><F2/><AGARI ba="1,2" hai="2,7,10,41,43,51,53,57,89,90,91,132,133,134" machi="2" ten="50,6400,0" yaku="1,1,2,1,20,1,53,0" doraHai="66" doraHaiUra="103" who="1" fromWho="2" sc="240,0,290,87,210,-67,240,0" /><INIT seed="3,0,0,1,3,63" ten="240,377,143,240" oya="3" hai0="15,74,69,35,18,39,28,44,30,3,110,75,32" hai1="49,43,62,127,66,40,121,10,0,112,105,68,52" hai2="7,57,86,60,130,78,131,76,109,17,92,16,65" hai3="126,85,87,71,46,27,94,21,19,26,53,111,61"/><W67/><G126/><T90/><D3/><U108/><E121/><V128/><F109/><W1/><G1/><T64/><D35/><U134/><E105/><V5/><F92/><W22/><G111/><T115/><D110/><U122/><E108/><V135/><F135/><W116/><G116/><T125/><D90/><U45/><E122/><V9/><F7/><W14/><G14/><T113/><D125/><U38/><E127/><V104/><F104/><W73/><G73/><T96/><D96/><U51/><E112/><N who="0" m="43081" /><D44/><U93/><E134/><V80/><REACH who="2" step="1"/><F78/><REACH who="2" ten="240,377,133,240" step="2"/><W91/><G94/><T102/><D102/><U70/><E93/><V25/><F25/><W124/><G124/><T48/><D32/><U129/><E129/><V77/><F77/><W24/><G91/><T20/><D75/><U100/><E100/><V37/><F37/><W99/><G99/><T41/><D39/><U118/><E118/><V107/><F107/><W101/><G101/><T29/><D74/><U114/><E114/><V13/><AGARI ba="0,1" hai="5,9,13,16,17,57,60,65,76,80,86,128,130,131" machi="13" ten="30,12000,2" yaku="1,1,0,1,19,1,52,1,54,1,53,2" doraHai="63" doraHaiUra="12" who="2" fromWho="2" sc="240,-30,377,-30,133,130,240,-60" /><INIT seed="4,0,0,0,3,106" ten="210,347,263,180" oya="0" hai0="75,48,19,130,71,116,8,114,24,126,15,89,6" hai1="123,113,49,105,78,13,7,100,104,22,17,11,83" hai2="121,70,27,64,0,88,128,23,10,2,110,41,52" hai3="47,111,84,14,34,103,117,96,94,43,42,93,45"/><T80/><D116/><U72/><E123/><V115/><F121/><W97/><G111/><T54/><D71/><U4/><E4/><V65/><F110/><W131/><G117/><T134/><D134/><U46/><E100/><V33/><F33/><W61/><G34/><T5/><D130/><U95/><E95/><V58/><F41/><W40/><G131/><T21/><D126/><U38/><E113/><V55/><F115/><W82/><G14/><T77/><D114/><U30/><E30/><V57/><F128/><W135/><G61/><T76/><D76/><U62/><E62/><V56/><F70/><W90/><REACH who="3" step="1"/><G135/><REACH who="3" ten="210,347,263,170" step="2"/><T74/><D89/><AGARI ba="0,1" hai="40,42,43,45,47,82,84,89,90,93,94,96,97,103" machi="89" ten="40,5200,0" yaku="1,1,2,1,8,1,53,0" doraHai="106" doraHaiUra="3" who="3" fromWho="0" sc="210,-52,347,0,263,0,170,62" /><INIT seed="5,0,0,3,2,105" ten="158,347,263,232" oya="1" hai0="28,119,35,40,101,16,89,0,81,44,43,80,67" hai1="134,106,135,73,85,68,77,15,118,116,60,69,109" hai2="66,33,11,107,53,36,8,61,98,18,42,94,47" hai3="52,14,21,41,75,50,6,133,1,132,7,128,111"/><U103/><E15/><V37/><F37/><W82/><G111/><T25/><D0/><U27/><E85/><V74/><F107/><W56/><G41/><T113/><D119/><U24/><E109/><V55/><F33/><W45/><G1/><T49/><D113/><U3/><E3/><V124/><F74/><W126/><G126/><T127/><D127/><U59/><E106/><V54/><F124/><W26/><G45/><T95/><D67/><U13/><E13/><V102/><REACH who="2" step="1"/><F18/><REACH who="2" ten="158,347,253,232" step="2"/><W39/><G39/><T62/><D16/><U22/><E73/><V29/><F29/><W34/><G34/><T51/><D35/><U87/><E118/><V92/><F92/><W130/><G82/><T108/><D28/><U32/><E32/><V79/><F79/><W19/><G75/><T58/><D81/><U100/><E116/><V93/><F93/><W78/><G78/><T88/><D80/><U83/><E135/><N who="3" m="51786" /><G26/><T104/><D25/><U9/><E134/><V70/><AGARI ba="0,1" hai="8,11,36,42,47,53,54,55,61,66,70,94,98,102" machi="70" ten="30,4000,0" yaku="1,1,0,1,53,1" doraHai="105" doraHaiUra="65" who="2" fromWho="2" sc="158,-10,347,-20,253,50,232,-10" /><INIT seed="6,0,0,1,5,79" ten="148,327,303,222" oya="2" hai0="132,5,11,126,74,13,21,3,70,121,127,133,123" hai1="52,32,46,9,45,7,104,51,23,19,105,31,114" hai2="71,17,53,29,8,86,47,58,22,91,103,122,63" hai3="65,2,128,16,66,87,40,118,68,59,111,124,77"/><V131/><F122/><N who="0" m="46602" /><D74/><U43/><E114/><V94/><F131/><W85/><G68/><T112/><D70/><U115/><E115/><V107/><F71/><W89/><G2/><T125/><D112/><U99/><E99/><V76/><F76/><W48/><G111/><T44/><D44/><U18/><E18/><AGARI ba="0,0" hai="3,5,11,13,18,21,125,126,127,132,133" m="46602" machi="18" ten="40,5200,0" yaku="18,1,34,2" doraHai="79" who="0" fromWho="1" sc="148,52,327,-52,303,0,222,0" /><INIT seed="7,0,0,1,0,11" ten="200,275,303,222" oya="3" hai0="46,17,36,25,63,115,47,6,78,66,12,24,34" hai1="106,117,19,0,29,130,14,132,114,124,48,95,39" hai2="113,104,100,15,82,41,61,83,72,120,30,54,51" hai3="23,9,134,99,52,91,121,21,56,31,5,37,101"/><W50/><G121/><T62/><D34/><U86/><E106/><V7/><F72/><W79/><G134/><T57/><D115/><U1/><E39/><V53/><F30/><W77/><G37/><T96/><D78/><U69/><E69/><V133/><F133/><W64/><G64/><T8/><D96/><U35/><E132/><V55/><F104/><W67/><G67/><T16/><D62/><U2/><E48/><V75/><F100/><W127/><G127/><T10/><D36/><U3/><E86/><V71/><F75/><W118/><G91/><T4/><D4/><U43/><E43/><V94/><F71/><W129/><G129/><T27/><REACH who="0" step="1"/><D17/><REACH who="0" ten="190,275,303,222" step="2"/><U135/><E19/><V84/><F61/><W45/><G118/><T85/><D85/><U28/><E117/><V112/><F113/><W108/><G108/><T107/><D107/><U13/><E114/><V126/><F84/><W74/><G74/><T18/><D18/><U60/><E35/><V93/><F112/><W38/><G79/><T98/><D98/><U123/><E60/><V65/><F7/><W122/><G77/><T102/><D102/><U105/><E105/><V58/><F120/><W80/><G31/><T103/><D103/><U128/><E123/><V73/><F73/><W97/><G122/><T109/><D109/><U89/><E135/><V26/><F126/><W81/><G99/><T87/><D87/><N who="1" m="52671" /><E124/><V44/><F83/><N who="3" m="31819" /><G97/><T20/><D20/><N who="3" m="7753" /><G101/><T116/><D116/><U70/><E29/><V131/><F82/><W92/><G38/><T32/><D32/><U88/><E28/><RYUUKYOKU ba="0,1" sc="190,30,275,-10,303,-10,222,-10" hai0="6,8,10,12,16,24,25,27,46,47,57,63,66" /><INIT seed="8,1,1,5,0,123" ten="220,265,293,212" oya="0" hai0="104,26,72,48,33,76,110,2,73,23,131,5,75" hai1="47,16,85,14,106,36,6,43,39,77,116,125,81" hai2="34,51,52,86,0,93,24,22,135,67,119,57,49" hai3="45,53,118,41,114,95,132,112,7,64,128,79,31"/><T35/><D104/><U91/><E116/><V25/><F0/><W38/><G118/><T11/><D76/><U42/><E106/><V62/><F119/><W46/><G46/><T17/><D131/><U15/><E125/><V100/><F135/><W130/><G132/><T37/><D37/><U133/><E133/><V84/><F34/><W30/><G64/><T103/><D103/><U113/><E113/><N who="3" m="43626" /><G53/><T109/><REACH who="0" step="1"/><D48/><REACH who="0" ten="210,265,293,212" step="2"/><U88/><E39/><V111/><F51/><W83/><G7/><T90/><D90/><U40/><E36/><V80/><F49/><W65/><G79/><T134/><D134/><U21/><E47/><V19/><F100/><W98/><G128/><T92/><D92/><U89/><E6/><V78/><F93/><W127/><G130/><T18/><D18/><U1/><E1/><V69/><F19/><W99/><G127/><T101/><D101/><U3/><E3/><V70/><F78/><W58/><G95/><T4/><D4/><U28/><E28/><V117/><F117/><W54/><G83/><T126/><D126/><U108/><E108/><AGARI ba="1,2" hai="2,5,11,17,23,26,33,35,72,73,75,108,109,110" machi="108" ten="50,18000,2" yaku="1,1,10,1,52,3,53,1" doraHai="123" doraHaiUra="12" who="0" fromWho="1" sc="210,203,265,-183,293,0,212,0" owari="413,52.0,82,-42.0,293,9.0,212,-19.0" /></mjloggm>