<mjloggm ver="2.3"><GO type="169" lobby="0"/><UN n0="%E3%83%88%E3%83%88%E3%83%AA%E5%85%88%E7%94%9F%31%39%E6%AD%B3" n1="%E3%81%82%E3%81%84%E3%81%A0%E3%81%A6" n2="%E3%83%8A%E3%82%AB%E3%83%9E%E3%82%B9%E3%83%86%E3%82%A3%E3%83%95" n3="%6B%6F%6A%69%6D%6F%6E%39" dan="19,16,16,16" rate="2259.14,2103.72,2113.35,2048.30" sx="F,M,M,M"/><TAIKYOKU oya="0"/><INIT seed="0,0,0,5,3,27" ten="250,250,250,250" oya="0" hai0="109,132,97,90,31,11,2,101,94,54,92,117,8" hai1="66,52,46,100,61,112,22,115,75,73,18,65,68" hai2="96,84,116,21,0,120,29,57,78,125,107,127,72" hai3="122,89,60,34,9,28,39,7,17,76,130,103,114"/><T53/><D117/><U134/><E134/><V124/><F116/><W6/><G114/><N who="1" m="43562" /><E100/><N who="2" m="62855" /><F120/><W113/><G39/><T104/><D132/><U128/><E128/><V77/><F0/><W30/><G103/><T58/><D109/><U98/><E98/><V67/><F67/><W86/><G76/><T121/><D121/><U110/><E110/><V118/><F57/><W20/><G122/><T133/><D133/><U63/><E46/><V49/><F49/><W93/><G130/><T111/><D111/><U38/><E38/><V23/><F118/><W15/><G34/><T3/><D104/><U14/><E52/><V129/><F129/><W95/><G113/><T42/><D42/><U12/><E14/><V106/><F106/><W1/><G7/><T33/><D53/><U55/><E55/><V135/><F135/><W126/><G126/><T40/><D40/><U59/><AGARI ba="0,0" hai="12,18,22,59,61,63,65,66,68,73,75" m="43562" machi="59" ten="30,1100,0" yaku="11,1" doraHai="27" who="1" fromWho="1" sc="250,-5,250,11,250,-3,250,-3" /><INIT seed="1,0,0,4,5,101" ten="245,261,247,247" oya="1" hai0="16,21,130,112,0,63,124,42,52,27,47,49,46" hai1="95,70,116,35,98,92,40,97,17,86,71,96,128" hai2="94,80,132,23,43,121,18,66,28,129,54,30,88" hai3="120,5,122,1,84,55,53,131,58,13,81,62,103"/><U82/><E128/><V73/><F121/><W69/><G131/><T31/><D130/><U118/><E40/><V102/><F129/><W68/><G1/><T108/><D0/><U106/><E35/><V11/><F66/><W4/><G103/><T59/><D108/><U72/><E17/><V57/><F43/><W135/><G135/><T61/><D124/><U19/><E19/><V32/><F32/><W15/><G69/><T51/><D112/><U89/><E70/><V109/><F11/><W25/><G68/><T117/><D117/><N who="1" m="45163" /><E71/><V65/><F65/><W50/><G25/><T10/><D59/><U134/><E134/><V48/><F102/><W14/><G122/><T126/><D126/><U2/><E2/><V33/><F33/><W113/><G113/><T127/><D127/><U90/><E106/><V60/><F60/><W133/><G133/><T41/><D41/><U104/><E104/><V37/><F37/><W29/><G29/><T39/><D39/><U75/><E92/><V22/><F22/><W24/><G24/><T20/><D10/><U115/><E115/><V67/><F67/><W44/><G120/><T91/><D91/><AGARI ba="0,0" hai="4,5,13,14,15,44,50,53,55,58,62,81,84,91" machi="91" ten="40,1300,0" yaku="8,1" doraHai="101" who="3" fromWho="0" sc="245,-13,261,0,247,0,247,13" /><INIT seed="2,0,0,4,4,130" ten="232,261,247,260" oya="2" hai0="29,73,110,47,88,33,77,28,87,135,19,101,119" hai1="48,71,63,120,16,86,22,70,51,27,46,123,54" hai2="90,67,94,79,74,11,84,80,81,13,78,89,127" hai3="131,75,100,32,8,31,1,20,42,128,124,99,114"/><V121/><F121/><N who="1" m="46665" /><E86/><V129/><F129/><N who="3" m="49739" /><G75/><T37/><D110/><U95/><E95/><V83/><F127/><W38/><G114/><T118/><D101/><U12/><E63/><V61/><F81/><W21/><G124/><T14/><D135/><U7/><E51/><V60/><F67/><W24/><G42/><N who="0" m="22991" /><D33/><U26/><E7/><V97/><REACH who="2" step="1"/><F78/><REACH who="2" ten="232,261,237,260" step="2"/><W72/><G72/><T4/><D77/><U52/><E54/><V23/><F23/><W44/><G21/><T39/><D73/><U5/><E27/><V64/><F64/><W18/><G20/><T85/><D118/><U9/><AGARI ba="0,1" hai="5,9,12,16,22,26,46,48,52,70,71" m="46665" machi="9" ten="30,4000,0" yaku="13,1,54,2" doraHai="130" who="1" fromWho="1" sc="232,-10,261,50,237,-20,260,-10" /><INIT seed="3,0,0,1,1,100" ten="222,311,217,250" oya="3" hai0="101,42,67,90,53,35,43,49,18,19,125,68,7" hai1="4,103,126,84,92,12,114,117,133,127,21,108,83" hai2="27,23,14,113,123,66,56,13,64,130,91,96,3" hai3="17,24,120,129,106,85,50,57,110,107,5,72,109"/><W81/><G120/><T79/><D35/><U1/><E117/><V41/><F113/><W69/><G69/><T16/><D125/><U128/><E128/><V105/><F3/><W74/><G5/><T78/><D7/><U97/><E114/><V73/><F73/><W119/><G119/><T86/><D101/><U0/><E133/><V29/><F130/><W121/><G121/><T28/><D28/><U38/><E38/><V31/><F31/><W59/><G129/><T46/><D67/><U39/><E39/><V9/><F41/><N who="0" m="15370" /><D68/><U132/><E132/><V32/><F32/><W98/><G98/><T131/><D131/><U60/><E0/><V115/><F115/><W82/><G17/><T70/><D70/><U40/><E40/><V6/><F123/><W134/><G24/><T30/><D30/><U62/><E1/><V63/><F13/><W75/><G134/><T47/><D47/><U111/><E4/><V118/><F118/><W135/><G135/><T55/><D55/><U94/><E126/><V45/><F45/><W20/><G20/><T48/><D48/><U116/><E127/><V95/><REACH who="2" step="1"/><F105/><REACH who="2" ten="222,311,207,250" step="2"/><W87/><G75/><T25/><D25/><U11/><E116/><V122/><F122/><W88/><G50/><T76/><D18/><U10/><E60/><V2/><F2/><W61/><G61/><T89/><D19/><U34/><E62/><V124/><F124/><W58/><G58/><T80/><D16/><N who="1" m="10375" /><E34/><V8/><F8/><W37/><G37/><T77/><AGARI ba="0,1" hai="46,49,53,76,77,78,79,80,86,89,90" m="15370" machi="77" ten="30,1100,0" yaku="8,1" doraHai="100" who="0" fromWho="0" sc="222,21,311,-3,207,-3,250,-5" /><INIT seed="4,0,0,3,2,118" ten="243,308,204,245" oya="0" hai0="126,97,106,54,95,63,72,42,33,67,99,30,125" hai1="89,87,2,91,134,9,102,66,60,86,19,20,83" hai2="52,58,25,17,123,51,13,121,43,27,94,101,32" hai3="130,64,100,8,15,18,75,135,45,11,78,59,29"/><T131/><D72/><U114/><E134/><V34/><F34/><W38/><G135/><T49/><D131/><U109/><E109/><V28/><F27/><W12/><G130/><T98/><D42/><U116/><E114/><V50/><F101/><W115/><G100/><T128/><D128/><U117/><E102/><V70/><F70/><W57/><G29/><T82/><D106/><U24/><E9/><V0/><F0/><W23/><G78/><T108/><D108/><U61/><E61/><V105/><F105/><W46/><G75/><T96/><D82/><U103/><E103/><V129/><F129/><W35/><G35/><T74/><D74/><U6/><E6/><V124/><F124/><N who="0" m="47722" /><D97/><U113/><E2/><V62/><F94/><W93/><G93/><T68/><D30/><U48/><E48/><V1/><F1/><W73/><G73/><T36/><D36/><U104/><E113/><V53/><F43/><W111/><G38/><T133/><D33/><U4/><E4/><V120/><REACH who="2" step="1"/><F53/><REACH who="2" ten="243,308,194,245" step="2"/><W40/><G40/><T84/><D133/><U5/><E104/><V7/><F7/><W107/><G107/><T92/><D84/><U80/><REACH who="1" step="1"/><E5/><REACH who="1" ten="243,298,194,245" step="2"/><V26/><F26/><W119/><G115/><T31/><D99/><U44/><E44/><V55/><F55/><W85/><G111/><T22/><D96/><U69/><AGARI ba="0,2" hai="19,20,24,60,66,69,80,83,86,87,89,91,116,117" machi="69" ten="20,8000,1" yaku="1,1,0,1,7,1,9,1,53,1" doraHai="118" doraHaiUra="14" who="1" fromWho="1" sc="243,-40,298,100,194,-20,245,-20" /><INIT seed="5,0,0,5,2,121" ten="203,398,174,225" oya="1" hai0="132,37,17,40,35,118,39,87,133,134,126,38,98" hai1="129,10,58,76,105,19,60,109,123,9,108,94,46" hai2="27,83,125,11,16,50,95,128,28,59,107,82,102" hai3="106,68,81,20,15,66,135,14,52,2,93,57,5"/><U65/><E105/><V112/><F107/><W117/><G106/><T122/><D118/><U111/><E123/><V6/><F125/><W67/><G135/><T25/><D122/><U8/><E129/><V48/><F112/><W7/><G68/><T79/><D126/><U101/><E76/><V71/><F71/><W88/><G81/><N who="0" m="47551" /><D98/><N who="1" m="59607" /><E46/><V42/><F128/><W26/><G2/><T75/><D75/><U4/><E19/><V54/><F6/><AGARI ba="0,0" hai="4,6,8,9,10,58,60,65,108,109,111" m="59607" machi="6" ten="40,12000,1" yaku="10,1,52,3" doraHai="121" who="1" fromWho="2" sc="203,0,398,120,174,-120,225,0" /><INIT seed="5,1,0,1,2,29" ten="203,518,54,225" oya="1" hai0="9,40,20,105,51,33,110,65,76,106,39,86,36" hai1="3,72,50,52,56,96,23,44,58,30,24,28,85" hai2="64,62,75,101,10,63,133,89,2,70,42,95,130" hai3="1,26,117,99,7,37,15,13,88,108,84,123,132"/><U109/><E72/><V22/><F130/><W124/><G123/><T55/><D110/><U129/><E3/><V27/><F133/><W66/><G108/><T90/><D76/><U12/><E129/><V92/><F75/><W87/><G37/><T103/><D33/><U5/><E28/><V112/><F112/><W8/><G132/><T79/><D79/><U32/><E109/><V6/><F42/><W94/><G117/><T4/><D20/><U111/><E111/><V116/><F116/><W48/><G66/><T74/><D65/><U121/><E121/><V45/><F45/><W93/><G87/><T113/><D113/><U46/><E85/><V91/><F63/><W135/><G124/><T73/><D73/><U81/><E81/><V127/><F127/><W68/><G68/><T59/><D74/><U82/><E82/><V118/><F118/><W54/><G26/><T31/><D31/><U126/><E126/><V53/><F53/><W49/><G49/><T97/><D105/><U35/><E96/><V43/><F43/><W134/><G135/><T71/><D40/><U100/><E100/><V57/><F70/><W115/><G115/><T47/><D47/><U122/><E122/><V11/><F11/><W119/><G119/><T78/><D78/><U0/><E44/><V80/><F80/><W125/><G125/><T114/><D71/><U60/><E0/><V14/><F2/><W83/><G134/><T41/><D114/><U107/><E107/><V16/><F101/><N who="3" m="60655" /><G83/><N who="0" m="49503" /><D41/><N who="1" m="24911" /><E56/><V19/><F6/><W67/><G1/><N who="0" m="143" /><D39/><U38/><E38/><V18/><F18/><RYUUKYOKU ba="1,0" sc="203,10,518,10,54,10,225,-30" hai0="36,51,55,59,97,103,106" hai1="5,12,23,24,30,32,35,52,58,60" hai2="10,14,16,19,22,27,57,62,64,89,91,92,95" /><INIT seed="5,2,0,3,3,58" ten="213,528,64,195" oya="1" hai0="42,72,53,36,130,27,114,113,108,69,44,32,73" hai1="135,47,101,12,121,81,120,85,96,93,11,88,67" hai2="40,134,43,89,3,104,124,92,28,112,56,46,119" hai3="105,66,24,26,39,31,87,128,14,9,37,7,106"/><U13/><E135/><V5/><F119/><W4/><G128/><T49/><D108/><U78/><E13/><V51/><F134/><W109/><G109/><T20/><D32/><U52/><E67/><V127/><F104/><W98/><G7/><T83/><D69/><U79/><E121/><V19/><F28/><W57/><G87/><T122/><D130/><U125/><E125/><V133/><F133/><W64/><G64/><T18/><D122/><U86/><E120/><V82/><F82/><W23/><G26/><T117/><D117/><U48/><E86/><V65/><F43/><W45/><G45/><N who="0" m="27823" /><D83/><U107/><E107/><V75/><F75/><W33/><G33/><T35/><D35/><U61/><E61/><V99/><F112/><AGARI ba="2,0" hai="18,20,27,36,42,44,72,73,112,113,114" m="27823" machi="112" ten="30,1000,0" yaku="15,1" doraHai="58" who="0" fromWho="2" sc="213,16,528,0,64,-16,195,0" /><INIT seed="6,0,0,3,2,123" ten="229,528,48,195" oya="2" hai0="134,72,87,117,112,41,120,68,40,122,110,108,15" hai1="21,57,113,130,129,97,90,60,42,106,36,20,59" hai2="4,37,118,103,133,44,51,101,86,96,99,53,11" hai3="52,17,47,16,62,2,125,0,38,25,8,7,35"/><V31/><F118/><W93/><G125/><T102/><D72/><U116/><E113/><V77/><F133/><W83/><G2/><T111/><D68/><U24/><E116/><V128/><F128/><W67/><G83/><T109/><D117/><U56/><E21/><V78/><F37/><W95/><G95/><T100/><D110/><U135/><E42/><N who="0" m="16489" /><D15/><U79/><E79/><V28/><F86/><W34/><G93/><T29/><D87/><U10/><E10/><V65/><F65/><W81/><G81/><T45/><D29/><U18/><E36/><V74/><F74/><W126/><G126/><T9/><D9/><U58/><E135/><V1/><F31/><W104/><G104/><T48/><D134/><U131/><E90/><V89/><F28/><W26/><G26/><T6/><D48/><U115/><E115/><V3/><F3/><W63/><G38/><T70/><D70/><U64/><E97/><N who="2" m="37451" /><F89/><W119/><G119/><T33/><D112/><U73/><E73/><V75/><F75/><W124/><G124/><T54/><D33/><U92/><E92/><V80/><F80/><W19/><G25/><T114/><D114/><U32/><E106/><V107/><F107/><W132/><G132/><T105/><D105/><U82/><E82/><V50/><F50/><N who="3" m="28767" /><G67/><T98/><D98/><U30/><E30/><V85/><F85/><W27/><G35/><AGARI ba="0,0" hai="18,20,24,32,35,56,57,58,59,60,64,129,130,131" machi="35" ten="50,1600,0" yaku="19,1" doraHai="123" who="1" fromWho="3" sc="229,0,528,16,48,0,195,-16" /><INIT seed="7,0,0,2,0,123" ten="229,544,48,179" oya="3" hai0="27,42,6,46,16,82,9,79,62,34,130,107,93" hai1="54,87,106,4,68,25,57,90,111,75,17,35,38" hai2="108,126,39,80,132,97,33,13,63,121,117,41,120" hai3="5,28,100,96,78,59,134,65,128,131,3,101,114"/><W72/><G28/><T45/><D107/><U50/><E111/><V116/><F13/><W88/><G5/><T115/><D130/><N who="3" m="49705" /><G3/><T135/><D135/><U105/><E75/><V89/><F33/><W55/><G65/><T77/><D115/><U67/><E38/><V31/><F31/><W49/><G114/><T83/><D34/><U104/><E4/><V124/><F63/><W74/><G134/><T26/><D62/><U102/><E102/><N who="3" m="39530" /><G78/><N who="0" m="29707" /><D93/><AGARI ba="0,0" hai="49,55,59,72,74,88,93,96" m="39530,49705" machi="93" ten="30,2900,0" yaku="19,1,54,1" doraHai="123" who="3" fromWho="0" sc="229,-29,544,0,48,0,179,29" /><INIT seed="7,1,0,5,5,12" ten="200,544,48,208" oya="3" hai0="78,107,93,27,125,88,36,5,69,50,55,120,71" hai1="65,11,46,122,0,14,92,81,7,111,85,72,110" hai2="53,134,68,39,45,84,99,128,135,79,102,48,131" hai3="101,95,67,75,119,34,33,91,77,61,82,62,4"/><W26/><G119/><T76/><D120/><U86/><E72/><V40/><F84/><W97/><G4/><T113/><D36/><U94/><E122/><V52/><F79/><W28/><G34/><T63/><D107/><U16/><E65/><V115/><F99/><W38/><G38/><T25/><D5/><U3/><E3/><V15/><F102/><W132/><G132/><N who="2" m="50729" /><F115/><W8/><G8/><T56/><D125/><U73/><E73/><V1/><F68/><W20/><G33/><T58/><D113/><U2/><E2/><V103/><F103/><W51/><G51/><T74/><D71/><U43/><E85/><V90/><F90/><W109/><G109/><T49/><D69/><U60/><E60/><V124/><F1/><W37/><G37/><T30/><D74/><U6/><E6/><V117/><F117/><W98/><G67/><N who="0" m="39399" /><D50/><U23/><E110/><V57/><F15/><W83/><G82/><T127/><D76/><U87/><E87/><V29/><F29/><W105/><AGARI ba="1,0" hai="20,26,28,61,62,75,77,83,91,95,97,98,101,105" machi="105" ten="20,2100,0" yaku="0,1,7,1" doraHai="12" who="3" fromWho="3" sc="200,-8,544,-8,48,-8,208,24" /><INIT seed="7,2,0,3,1,59" ten="192,536,40,232" oya="3" hai0="74,5,27,4,61,63,1,15,52,17,120,8,104" hai1="73,93,55,33,89,53,62,18,75,9,70,23,79" hai2="72,94,6,3,28,131,42,51,135,19,98,99,65" hai3="44,108,20,80,119,76,54,66,111,14,103,7,118"/><W121/><G103/><T116/><D116/><U30/><E33/><V81/><F131/><W31/><G66/><T129/><D120/><U60/><E70/><V69/><F135/><W105/><G105/><T13/><D104/><U41/><E41/><V32/><F51/><N who="3" m="29031" /><G121/><T122/><D122/><U126/><E75/><V95/><F95/><W106/><G106/><T40/><D74/><U114/><E73/><V113/><F94/><W11/><G31/><T25/><D40/><U35/><E79/><V43/><F113/><W117/><G20/><N who="0" m="11327" /><D1/><U87/><E114/><V77/><F42/><W127/><G127/><T49/><D5/><U133/><E35/><V67/><F67/><W36/><G36/><T123/><D129/><U56/><E133/><V124/><F124/><W38/><G38/><T10/><D10/><U130/><E130/><V115/><F19/><W85/><G119/><T45/><D123/><U82/><E55/><V125/><F125/><W71/><G71/><T100/><D100/><U128/><E128/><V16/><F16/><W86/><G86/><T97/><D97/><U101/><E126/><V22/><F115/><W46/><G118/><T88/><D88/><U58/><E30/><V39/><F22/><W21/><G21/><T134/><D134/><U47/><E9/><N who="2" m="2271" /><F28/><W132/><G132/><T91/><D91/><U57/><E101/><V92/><F32/><W96/><G96/><N who="2" m="36905" /><F92/><W83/><G117/><T50/><D50/><N who="1" m="28895" /><E93/><V107/><F107/><W29/><G83/><T68/><D68/><U112/><E112/><V102/><F102/><W26/><G80/><RYUUKYOKU ba="2,0" sc="192,15,536,15,40,-15,232,-15" hai0="4,8,13,25,27,45,49,52,61,63" hai1="18,23,56,57,58,60,62,82,87,89" owari="207,-19.0,551,64.0,25,-47.0,217,2.0" /></mjloggm>