<mjloggm ver="2.3"><GO type="169" lobby="0"/><UN n0="%E3%83%B4%E3%82%A1%E3%83%AA%E3%83%BC" n1="%E3%82%A6%E3%83%AB%E3%83%88%E3%83%A9%E7%AB%8B%E7%9B%B4" n2="%42%61%72%64%61%6E%74" n3="%44%6F%72%61%6B%6F" dan="16,16,17,16" rate="2075.11,2119.66,2160.93,2036.69" sx="M,M,M,F"/><TAIKYOKU oya="0"/><INIT seed="0,0,0,4,0,51" ten="250,250,250,250" oya="0" hai0="7,65,53,68,46,107,124,89,83,4,42,15,3" hai1="121,132,96,109,43,115,1,69,130,64,29,67,48" hai2="54,120,114,6,72,85,131,56,49,37,55,34,14" hai3="94,128,125,106,104,57,110,31,102,61,25,87,84"/><T123/><D107/><U33/><E96/><V100/><F72/><W62/><G110/><T93/><D3/><U0/><E29/><V95/><F37/><W82/><G125/><T16/><D83/><U50/><E43/><V38/><F38/><W98/><G128/><T90/><D90/><U80/><E80/><V92/><F34/><W70/><G70/><T122/><D124/><U24/><E24/><V58/><F120/><W28/><G28/><T39/><D65/><U86/><E86/><V73/><F73/><W35/><G62/><T134/><D68/><U32/><E69/><V19/><F114/><W116/><G87/><T11/><D134/><U13/><E13/><V111/><F111/><W119/><G119/><T113/><D113/><U75/><E75/><V63/><F6/><W77/><REACH who="3" step="1"/><G116/><REACH who="3" ten="250,250,250,240" step="2"/><T101/><D123/><U9/><E121/><V108/><F131/><W60/><G60/><T27/><D122/><U47/><E130/><V118/><F108/><W129/><G129/><T8/><D4/><U26/><E109/><V74/><F118/><W52/><AGARI ba="0,1" hai="25,31,35,52,57,61,77,82,84,94,98,102,104,106" machi="52" ten="20,12000,2" yaku="1,1,0,1,7,1,52,1,54,1,53,1" doraHai="51" doraHaiUra="99" who="3" fromWho="3" sc="250,-60,250,-30,250,-30,240,130" /><INIT seed="1,0,0,4,0,85" ten="190,220,220,370" oya="1" hai0="106,34,20,31,112,2,89,78,17,40,108,98,119" hai1="135,36,134,8,50,96,39,61,10,83,66,33,71" hai2="51,107,6,75,113,70,87,100,79,73,12,129,67" hai3="27,126,93,103,80,16,18,120,102,48,82,133,124"/><U43/><E33/><V9/><F129/><W37/><G37/><T118/><D2/><U109/><E83/><V86/><F113/><W3/><G3/><T94/><D106/><U44/><E96/><V54/><F67/><W47/><G133/><N who="1" m="50698" /><E109/><V127/><F70/><W56/><G56/><T99/><D31/><U11/><AGARI ba="0,0" hai="8,10,11,36,39,43,44,50,61,66,71" m="50698" machi="11" ten="30,1500,0" yaku="20,1" doraHai="85" who="1" fromWho="1" sc="190,-5,220,15,220,-5,370,-5" /><INIT seed="1,1,0,5,5,30" ten="185,235,215,365" oya="1" hai0="31,130,134,16,76,132,26,33,7,38,34,15,23" hai1="51,87,82,125,105,55,20,104,90,101,49,3,70" hai2="42,133,75,58,73,114,93,113,98,84,46,56,68" hai3="94,32,123,116,54,64,53,71,97,121,59,60,21"/><U112/><E112/><N who="2" m="43115" /><F68/><W18/><G116/><T69/><D38/><U111/><E3/><V80/><F133/><N who="0" m="51306" /><D76/><U36/><E36/><N who="2" m="21831" /><F84/><W78/><G32/><N who="0" m="20599" /><D69/><U83/><E70/><V35/><F35/><N who="0" m="13322" /><D7/><U41/><E125/><V14/><F14/><W65/><G78/><T85/><D85/><U28/><E111/><V27/><F27/><W61/><G71/><T120/><D120/><U2/><E87/><V99/><F99/><W118/><G123/><T47/><D47/><U22/><E2/><V126/><F126/><W110/><G121/><T72/><D72/><N who="2" m="27722" /><F80/><W43/><G118/><T50/><D50/><U128/><E51/><V63/><F63/><W8/><G61/><T37/><D37/><U44/><E83/><V12/><F12/><W17/><G60/><T19/><D19/><U24/><E82/><V74/><F74/><W95/><G18/><T103/><D103/><AGARI ba="1,0" hai="56,58,93,98,103" m="27722,21831,43115" machi="103" ten="30,1000,0" yaku="11,1" doraHai="30" who="2" fromWho="0" sc="185,-13,235,0,215,13,365,0" /><INIT seed="2,0,0,0,3,5" ten="172,235,228,365" oya="2" hai0="127,123,91,77,101,37,11,134,38,69,53,15,30" hai1="71,88,12,40,108,109,58,132,84,121,33,70,92" hai2="27,115,135,25,50,43,44,35,9,124,4,49,104" hai3="74,52,111,39,51,61,85,55,19,36,83,93,95"/><V46/><F124/><W29/><G111/><N who="1" m="42570" /><E33/><V8/><F115/><W20/><G74/><T14/><D53/><U18/><E132/><V113/><F113/><W59/><G29/><T87/><D69/><U67/><E40/><V10/><F104/><W6/><G6/><T3/><D87/><U128/><E128/><V47/><F135/><W62/><G39/><T119/><D77/><U16/><E18/><V57/><F4/><W68/><G36/><T117/><D91/><U42/><E42/><V78/><F78/><W118/><G118/><T102/><D127/><U76/><E76/><V80/><F80/><W112/><G112/><T99/><D134/><U89/><E89/><V24/><F35/><W126/><G126/><T73/><D73/><U66/><E121/><V21/><F21/><W96/><G96/><T97/><D123/><U31/><E31/><V63/><F43/><W125/><G68/><N who="1" m="26154" /><E58/><V2/><F2/><W7/><G7/><T17/><D30/><U23/><AGARI ba="0,0" hai="12,16,23,66,67,84,88,92" m="26154,42570" machi="23" ten="30,4000,0" yaku="14,1,54,2" doraHai="5" who="1" fromWho="1" sc="172,-10,235,40,228,-20,365,-10" /><INIT seed="3,0,0,0,3,25" ten="162,275,208,355" oya="3" hai0="103,68,100,10,57,90,66,113,30,32,5,34,96" hai1="82,129,43,36,18,22,73,44,117,91,123,67,122" hai2="41,108,125,63,60,109,130,92,77,47,1,4,74" hai3="120,52,7,131,99,35,19,46,75,9,115,11,53"/><W26/><G120/><T56/><D34/><U124/><E67/><V17/><F130/><W61/><G131/><T135/><D135/><U28/><E129/><V81/><F125/><W42/><G115/><T50/><D103/><U106/><E106/><V8/><F17/><W27/><G75/><T79/><D90/><U93/><E124/><V71/><F92/><W39/><G99/><T89/><D89/><U24/><E117/><V3/><F3/><W29/><G61/><T78/><D50/><U45/><E45/><V20/><F20/><W133/><G133/><T88/><D88/><U83/><E18/><V102/><F102/><W94/><G94/><T6/><D57/><U0/><E0/><V121/><F121/><W12/><REACH who="3" step="1"/><G26/><REACH who="3" ten="162,275,208,345" step="2"/><T98/><D96/><U23/><E73/><V85/><F85/><W105/><G105/><T86/><D98/><U40/><E122/><V16/><F63/><W80/><G80/><T116/><D86/><U33/><E123/><V107/><F107/><W112/><G112/><T84/><D84/><U101/><E83/><V59/><F81/><W54/><G54/><T51/><D113/><U31/><E82/><V118/><F74/><W15/><AGARI ba="0,1" hai="7,9,11,12,15,19,27,29,35,39,42,46,52,53" machi="15" ten="20,12000,1" yaku="1,1,0,1,7,1,52,1,54,1,53,0" doraHai="25" doraHaiUra="119" who="3" fromWho="3" sc="162,-40,275,-40,208,-40,345,130" /><INIT seed="3,1,0,3,0,54" ten="122,235,168,475" oya="3" hai0="62,98,85,30,107,27,58,10,14,49,75,3,35" hai1="53,32,56,70,123,21,135,78,7,19,88,124,106" hai2="104,101,24,38,36,79,23,45,83,17,122,86,12" hai3="41,31,73,129,111,46,108,43,52,16,9,95,4"/><W44/><G73/><T28/><D28/><U22/><E32/><V133/><F133/><W115/><G115/><T33/><D33/><U71/><E123/><V109/><F109/><N who="3" m="42059" /><G31/><T68/><D85/><U84/><E135/><V93/><F122/><W81/><G129/><T91/><D91/><U42/><E78/><V118/><F118/><W50/><G81/><T102/><D75/><U64/><E64/><V11/><F104/><W76/><G76/><T77/><D77/><U59/><E106/><V0/><F0/><N who="3" m="135" /><G95/><T96/><D96/><U69/><E7/><V112/><F112/><W132/><G132/><T1/><D49/><U125/><E42/><N who="3" m="15882" /><G44/><T65/><REACH who="0" step="1"/><D58/><REACH who="0" ten="112,235,168,475" step="2"/><U90/><E59/><V130/><F130/><W113/><G113/><T99/><D99/><U121/><E121/><V5/><F45/><W134/><G134/><T8/><D8/><U63/><E84/><V117/><F11/><W25/><G25/><T120/><D120/><U127/><E21/><V131/><F24/><AGARI ba="1,1" hai="19,22,24,53,56,63,69,70,71,88,90,124,125,127" machi="24" ten="50,6400,0" yaku="18,1,52,1,54,1" doraHai="54" who="1" fromWho="2" sc="112,0,235,77,168,-67,475,0" /><INIT seed="4,0,0,1,0,21" ten="112,312,101,475" oya="0" hai0="55,113,110,78,125,100,38,105,43,79,45,47,85" hai1="103,50,44,57,46,82,124,6,104,84,75,17,109" hai2="49,135,12,74,51,96,8,118,65,121,30,41,129" hai3="108,33,81,66,112,58,130,63,53,60,15,101,3"/><T62/><D100/><U22/><E109/><V128/><F121/><W5/><G108/><T83/><D105/><U35/><E35/><V120/><F120/><W115/><G3/><T18/><D113/><N who="3" m="43593" /><G130/><T39/><D125/><U134/><E75/><V98/><F74/><W132/><G132/><T69/><D18/><U59/><E6/><V86/><F135/><W20/><G33/><T10/><D10/><U77/><E134/><V9/><F65/><W19/><G101/><T123/><D123/><U91/><E124/><V90/><F118/><W119/><G119/><T116/><D116/><U54/><E77/><V14/><F86/><W29/><G81/><T92/><D92/><U16/><E17/><V52/><F41/><W97/><G97/><T94/><D94/><U40/><E103/><V13/><F13/><W117/><G117/><T76/><D110/><U27/><E104/><V34/><F34/><W7/><G29/><T95/><D95/><U42/><E42/><V114/><F90/><W25/><G15/><T106/><D106/><U89/><E89/><V87/><F114/><W32/><G32/><T88/><D38/><AGARI ba="0,0" hai="16,22,27,38,40,44,46,50,54,57,59,82,84,91" machi="38" ten="30,3900,0" yaku="7,1,52,1,54,1" doraHai="21" who="1" fromWho="0" sc="112,-39,312,39,101,0,475,0" /><INIT seed="5,0,0,0,4,67" ten="73,351,101,475" oya="1" hai0="32,57,43,61,27,81,29,113,115,52,17,55,82" hai1="102,62,12,37,129,7,112,106,75,34,11,107,118" hai2="79,25,99,72,134,60,95,35,123,130,122,20,127" hai3="132,119,66,18,9,124,63,19,97,70,83,48,131"/><U44/><E118/><V59/><F35/><W49/><G119/><T51/><D43/><U41/><E34/><V133/><F127/><W74/><G124/><T121/><D17/><U117/><E117/><V54/><F130/><W14/><G131/><T111/><D111/><U22/><E129/><V92/><F79/><W21/><G132/><N who="2" m="50793" /><F72/><W26/><G74/><T4/><D4/><U8/><E112/><N who="0" m="43081" /><D121/><N who="2" m="46090" /><F99/><W3/><G83/><T45/><AGARI ba="0,0" hai="27,29,32,45,51,52,55,57,61,81,82" m="43081" machi="45" ten="30,2000,0" yaku="15,1,54,1" doraHai="67" who="0" fromWho="0" sc="73,20,351,-10,101,-5,475,-5" /><INIT seed="6,0,0,5,1,87" ten="93,341,96,470" oya="2" hai0="63,62,81,58,60,29,85,98,36,84,113,24,5" hai1="61,133,33,16,96,11,26,123,25,7,43,97,102" hai2="79,131,117,42,73,40,35,14,34,39,38,124,28" hai3="52,119,72,54,103,9,32,31,86,120,68,91,101"/><V12/><F117/><W92/><G119/><T104/><D36/><U76/><E133/><V19/><F79/><W109/><G109/><T48/><D5/><U20/><E123/><V83/><F83/><W56/><G68/><T0/><D0/><U6/><E76/><V112/><F28/><W18/><G72/><T66/><D48/><U126/><E126/><V71/><F19/><W22/><G120/><T127/><D85/><U50/><E61/><V110/><F71/><W106/><G106/><T114/><D98/><U116/><E116/><V13/><F73/><W111/><G54/><T30/><D104/><U77/><E77/><V65/><F65/><W46/><G46/><T107/><D107/><U99/><E102/><V80/><F80/><W134/><G134/><T129/><D30/><U115/><E115/><N who="0" m="44041" /><D129/><U105/><E105/><V8/><F112/><W2/><G111/><T21/><D127/><U23/><E33/><N who="2" m="12299" /><F110/><W57/><G31/><T53/><D66/><U108/><E108/><V89/><F124/><W41/><G32/><T74/><D74/><U75/><E75/><V69/><F69/><W135/><G135/><T132/><D132/><U64/><E64/><V82/><F8/><W122/><G122/><T93/><D93/><U1/><E7/><V70/><F70/><W94/><G103/><T51/><D84/><U59/><E16/><V27/><F131/><W88/><G101/><T44/><D81/><U4/><E4/><V17/><F17/><W55/><G94/><T128/><D128/><U95/><E6/><V67/><F67/><W78/><G78/><RYUUKYOKU ba="0,0" sc="93,30,341,-10,96,-10,470,-10" hai0="21,24,29,44,51,53,58,60,62,63" /><INIT seed="7,1,0,4,1,100" ten="123,331,86,460" oya="3" hai0="13,9,97,98,6,23,75,77,45,80,84,134,3" hai1="118,54,51,62,122,68,86,43,38,53,91,125,72" hai2="2,48,131,63,74,115,32,124,108,55,90,88,70" hai3="133,103,39,85,119,31,7,46,60,92,44,37,106"/><W79/><G119/><T4/><D134/><U94/><E72/><V109/><F2/><W42/><G31/><T50/><D75/><U132/><E125/><V15/><F32/><W49/><G133/><T76/><D76/><U56/><E132/><V87/><F74/><W67/><G7/><T61/><D61/><U120/><E118/><V123/><F124/><W117/><G117/><T81/><D81/><U110/><E54/><V57/><F115/><W5/><G5/><T126/><D126/><U35/><E35/><V65/><F131/><W17/><G17/><T14/><D3/><U128/><E128/><V101/><F123/><W11/><G11/><N who="0" m="4327" /><D23/><U24/><E24/><V0/><F0/><W71/><G46/><T93/><D93/><U105/><E110/><V99/><F15/><W30/><G85/><T111/><D111/><U102/><E102/><V36/><F36/><W21/><G49/><T127/><D127/><U78/><E78/><V27/><F27/><W33/><G30/><T107/><D107/><U22/><E22/><V121/><F121/><W116/><G21/><T18/><D18/><U8/><E8/><V113/><F113/><W10/><G42/><AGARI ba="1,0" hai="6,9,14,42,45,50,77,80,84,97,98" m="4327" machi="42" ten="30,2000,0" yaku="25,1,8,1" doraHai="100" who="0" fromWho="3" sc="123,23,331,0,86,0,460,-23" owari="146,-25.0,331,13.0,86,-41.0,437,53.0" /></mjloggm>