<mjloggm ver="2.3"><GO type="169" lobby="0"/><UN n0="%4D%4A%5B%53%61%74%6F%5D" n1="%E5%B0%B1%E6%B4%BB%E7%94%9F%40%E5%B7%9D%E6%9D%91%E8%BB%8D%E5%9B%A3" n2="%7A%61%63%63" n3="%73%61%6E%64%69%72%69%73" dan="16,18,17,16" rate="2083.77,2319.48,2193.89,2082.33" sx="M,M,F,M"/><TAIKYOKU oya="0"/><INIT seed="0,0,0,1,4,129" ten="250,250,250,250" oya="0" hai0="58,92,36,2,103,94,69,80,40,11,42,133,96" hai1="127,39,67,56,70,87,17,100,27,90,112,107,61" hai2="3,54,78,71,46,102,20,19,47,121,101,35,12" hai3="59,118,135,74,24,22,16,68,45,125,51,60,128"/><T4/><D69/><U66/><E127/><V108/><F35/><W21/><G74/><T88/><D80/><U34/><E39/><V15/><F3/><W31/><G118/><T25/><D25/><U37/><E37/><V5/><F121/><W6/><G68/><T7/><D7/><U57/><E112/><V105/><F105/><W116/><G116/><T23/><D23/><U0/><E0/><V55/><F78/><W1/><G128/><T53/><D36/><U91/><E67/><V32/><F32/><W97/><G125/><T86/><REACH who="0" step="1"/><D133/><REACH who="0" ten="240,250,250,250" step="2"/><U75/><E27/><V131/><F71/><W134/><G6/><T33/><D33/><U124/><E34/><V64/><F20/><W50/><G1/><T85/><D85/><U9/><E87/><V84/><F84/><W117/><G117/><T89/><D89/><U106/><E91/><V72/><F5/><W104/><G97/><T130/><D130/><U110/><E90/><V99/><F99/><W48/><G104/><T76/><D76/><U28/><E107/><V30/><F131/><W73/><G73/><T81/><D81/><U98/><E75/><V52/><F72/><W8/><G8/><T79/><D79/><U63/><E70/><V114/><F101/><W10/><G10/><T49/><AGARI ba="0,1" hai="2,4,11,40,42,49,53,58,86,88,92,94,96,103" machi="49" ten="20,7800,0" yaku="1,1,0,1,7,1,54,1,53,0" doraHai="129" doraHaiUra="109" who="0" fromWho="0" sc="240,88,250,-26,250,-26,250,-26" /><INIT seed="0,1,0,0,2,92" ten="328,224,224,224" oya="0" hai0="68,60,56,129,43,99,90,135,39,77,120,52,16" hai1="71,111,85,38,103,100,23,27,3,133,8,40,121" hai2="73,28,86,69,55,89,130,104,61,101,2,1,67" hai3="82,106,113,65,59,18,53,17,30,33,119,117,124"/><T131/><D120/><U127/><E121/><V70/><F130/><N who="0" m="49674" /><D77/><U36/><E71/><V29/><F70/><W96/><G65/><T0/><D68/><U57/><E111/><V34/><F73/><W81/><G113/><T126/><D0/><U94/><E127/><V123/><F123/><W125/><G30/><T84/><D126/><N who="3" m="48745" /><G33/><T32/><D32/><U20/><E133/><V31/><F55/><W75/><G17/><T6/><D6/><U108/><E108/><V37/><F37/><W7/><G18/><T98/><D16/><U22/><E27/><V46/><F46/><W49/><G7/><T87/><D135/><U21/><E8/><V97/><REACH who="2" step="1"/><F34/><REACH who="2" ten="328,224,214,224" step="2"/><W134/><G134/><T116/><D39/><U93/><E38/><V95/><AGARI ba="1,1" hai="1,2,28,29,31,61,67,69,86,89,95,97,101,104" machi="95" ten="30,7900,0" yaku="1,1,2,1,0,1,52,1,53,0" doraHai="92" doraHaiUra="110" who="2" fromWho="2" sc="328,-40,224,-21,214,92,224,-21" /><INIT seed="1,0,0,3,0,64" ten="288,203,306,203" oya="1" hai0="60,8,124,120,70,66,128,46,85,59,63,109,1" hai1="20,15,74,42,107,65,82,9,78,4,122,22,127" hai2="76,67,29,132,97,87,5,110,31,58,13,35,62" hai3="19,26,48,119,102,77,27,84,100,55,81,6,72"/><U135/><E122/><V104/><F132/><W3/><G119/><T80/><D120/><U11/><E135/><V103/><F110/><W52/><G72/><T95/><D109/><U130/><E107/><V2/><F2/><W53/><G6/><T61/><D128/><U33/><E130/><V118/><F118/><W71/><G71/><T68/><D124/><U79/><E33/><V36/><F36/><W32/><G3/><T98/><D1/><U24/><E127/><V37/><F37/><W121/><G121/><T41/><D8/><U0/><E42/><V10/><F35/><W18/><G48/><T111/><D61/><U133/><E133/><V108/><F108/><W75/><G75/><T43/><D63/><U21/><E65/><V16/><F5/><W129/><G129/><T69/><D46/><U45/><E79/><V116/><F116/><W115/><G115/><T113/><D113/><U7/><REACH who="1" step="1"/><E45/><REACH who="1" ten="288,193,306,203" step="2"/><V23/><F76/><W106/><G106/><T28/><D111/><U56/><E56/><V49/><F104/><W34/><G34/><T50/><D43/><U57/><E57/><V134/><F134/><W99/><G32/><T101/><D41/><U105/><E105/><V94/><F67/><W91/><G77/><T88/><D50/><U123/><E123/><V73/><F49/><W86/><G55/><T44/><D44/><U47/><E47/><V17/><F58/><W30/><G52/><T38/><D38/><U39/><E39/><V40/><F62/><W125/><G53/><T83/><D66/><U90/><E90/><V117/><F40/><RYUUKYOKU ba="0,1" sc="288,-10,193,30,306,-10,203,-10" hai1="0,4,7,9,11,15,20,21,22,24,74,78,82" /><INIT seed="1,1,1,1,0,134" ten="278,223,296,193" oya="1" hai0="73,68,72,34,29,40,9,102,76,0,45,24,62" hai1="15,81,88,77,41,8,50,64,118,20,87,55,125" hai2="116,5,123,75,56,130,132,94,10,49,27,65,124" hai3="115,4,80,1,17,69,109,59,46,97,54,135,95"/><U53/><E118/><V128/><F116/><W83/><G69/><T121/><D121/><U21/><E64/><V16/><F75/><W48/><G115/><T103/><D103/><U100/><E100/><V47/><F132/><W61/><G135/><T78/><D78/><U43/><E125/><V18/><F123/><W71/><G109/><T127/><D127/><U7/><E77/><V13/><F124/><W79/><G71/><T31/><D31/><U37/><E37/><V120/><F120/><W39/><G39/><N who="0" m="21663" /><D102/><U111/><E111/><V32/><F94/><W2/><G4/><N who="0" m="1159" /><D76/><U52/><E50/><V107/><F107/><W38/><G38/><T26/><D26/><U66/><E66/><AGARI ba="1,1" hai="24,29,34,62,66,68,72,73" m="1159,21663" machi="66" ten="30,2000,0" yaku="33,2" doraHai="134" who="0" fromWho="1" sc="278,33,223,-23,296,0,193,0" /><INIT seed="2,0,0,2,3,60" ten="311,200,296,193" oya="2" hai0="28,105,80,20,47,13,9,89,27,122,93,12,33" hai1="55,101,24,52,104,96,97,29,86,34,4,15,119" hai2="7,57,5,40,50,113,82,17,48,42,83,117,126" hai3="39,43,132,49,2,8,121,100,110,3,129,108,90"/><V26/><F117/><W118/><G39/><T107/><D122/><U66/><E119/><V70/><F70/><W51/><G118/><T130/><D47/><U0/><E96/><V31/><F113/><W120/><G100/><T131/><D80/><U74/><E74/><V44/><F126/><W127/><G8/><T56/><D56/><U36/><E36/><V135/><F135/><W19/><G19/><N who="0" m="8591" /><D13/><U65/><E86/><V73/><F17/><W32/><G90/><T38/><D38/><U63/><E0/><V91/><F82/><W124/><G32/><T46/><D46/><U21/><E66/><V64/><F40/><W18/><G18/><T109/><D109/><N who="3" m="42089" /><G43/><T77/><D77/><U112/><E112/><V78/><F91/><W81/><G81/><T14/><D14/><U53/><E4/><V125/><F125/><N who="3" m="48203" /><G132/><T30/><D30/><U76/><E76/><V103/><F103/><W6/><G6/><T35/><D35/><U98/><E98/><V23/><F5/><W115/><G115/><T67/><D33/><U94/><E15/><V123/><F7/><W114/><G114/><T58/><D20/><U22/><REACH who="1" step="1"/><E94/><REACH who="1" ten="311,190,296,193" step="2"/><V116/><F116/><W133/><G133/><T37/><D37/><U16/><E16/><V99/><F99/><W69/><G2/><T11/><D93/><U62/><E62/><N who="2" m="37967" /><F50/><N who="3" m="18955" /><G3/><T88/><D28/><U75/><E75/><V84/><F73/><W128/><G69/><AGARI ba="0,1" hai="21,22,24,29,34,52,53,55,63,65,69,97,101,104" machi="69" ten="40,8000,1" yaku="1,1,25,2,52,1,54,1,53,0" doraHai="60" doraHaiUra="111" who="1" fromWho="3" sc="311,0,190,90,296,0,193,-80" /><INIT seed="3,0,0,2,5,13" ten="311,280,296,113" oya="3" hai0="1,118,68,113,10,122,44,45,20,111,37,109,60" hai1="114,92,57,62,18,81,3,126,2,73,16,119,9" hai2="32,33,85,26,107,128,69,108,47,8,104,103,55" hai3="96,66,110,48,76,101,77,11,121,52,24,65,67"/><W131/><G121/><T29/><D122/><U36/><E114/><V116/><F69/><W64/><N who="3" m="16384" /><DORA hai="94" /><W43/><G131/><T117/><D68/><U31/><E31/><V79/><F26/><W133/><G133/><T23/><D60/><U78/><E36/><V97/><F116/><W59/><G110/><N who="0" m="41995" /><D113/><U49/><E119/><V120/><F107/><W40/><G11/><T98/><D23/><U106/><E106/><V89/><F79/><N who="3" m="30283" /><G24/><N who="0" m="16519" /><D44/><U134/><E134/><V27/><F128/><W0/><G0/><T46/><D46/><U72/><E72/><V39/><F33/><W15/><G15/><T17/><D45/><U42/><E126/><V86/><F39/><W71/><G71/><T123/><D37/><U28/><E28/><V53/><F32/><W34/><G34/><T19/><D123/><U80/><E3/><V105/><F8/><W135/><G135/><T63/><D63/><U99/><E2/><V58/><F105/><W14/><G14/><T100/><D118/><U93/><E9/><V82/><F104/><W74/><G74/><T50/><D50/><U75/><E42/><V129/><F129/><W112/><G112/><T12/><D117/><U5/><E49/><V132/><F132/><W84/><G84/><T41/><D1/><U21/><E5/><V91/><F86/><W130/><G130/><T125/><D41/><U6/><E6/><V115/><F85/><W25/><G25/><T38/><D38/><U54/><E75/><V56/><F115/><W124/><G124/><T7/><D125/><U90/><E73/><V127/><F108/><RYUUKYOKU ba="0,0" sc="311,15,280,-15,296,-15,113,15" hai0="7,10,12,17,19,98,100" hai3="40,43,48,52,59,96,101" /><INIT seed="3,1,0,3,5,116" ten="326,265,281,128" oya="3" hai0="68,21,113,6,24,81,87,56,27,55,40,95,112" hai1="22,17,32,26,5,94,16,66,111,8,57,44,30" hai2="51,104,86,132,98,46,118,58,65,18,122,119,36" hai3="61,60,37,131,28,100,123,121,3,11,124,15,25"/><W69/><G37/><T62/><D6/><U45/><E111/><V0/><F0/><W76/><G76/><T84/><D40/><U64/><E94/><V120/><F36/><W49/><G100/><T107/><D107/><U114/><E114/><N who="0" m="44137" /><D68/><U52/><E45/><V88/><F18/><N who="3" m="8575" /><G69/><T130/><D130/><U2/><E44/><V4/><F4/><W128/><G3/><T115/><D115/><U125/><E125/><V134/><F104/><W135/><G49/><T93/><D84/><U127/><E17/><V117/><F98/><W89/><G89/><N who="0" m="51439" /><D27/><U10/><E10/><V90/><F90/><W129/><G124/><T48/><D48/><N who="1" m="30855" /><E127/><V33/><F33/><N who="3" m="20623" /><G135/><N who="2" m="51753" /><F58/><W97/><G97/><T96/><D96/><U1/><E1/><V41/><F65/><W74/><G74/><T133/><D133/><U50/><E50/><V13/><F13/><AGARI ba="1,0" hai="2,5,8,13,16,22,26,30,32,64,66" m="30855" machi="13" ten="30,3900,0" yaku="24,1,54,2" doraHai="116" who="1" fromWho="2" sc="326,0,265,42,281,-42,128,0" /><INIT seed="4,0,0,3,4,91" ten="326,307,239,128" oya="0" hai0="111,114,37,29,30,52,6,24,57,51,69,36,92" hai1="120,123,93,8,12,112,48,58,16,68,108,103,134" hai2="95,53,45,77,83,74,42,82,4,127,106,90,20" hai3="125,62,49,71,104,75,102,23,99,47,9,117,65"/><T118/><D118/><U109/><E68/><V40/><F106/><W67/><G75/><T132/><D69/><U81/><E134/><V50/><F127/><W131/><G117/><T119/><D119/><U133/><E133/><V60/><F82/><W76/><G76/><T80/><D132/><U122/><E112/><V2/><F60/><W26/><G125/><T55/><D114/><U13/><E81/><V27/><F4/><W70/><G131/><T97/><D6/><U21/><E58/><V59/><F2/><W101/><G9/><T72/><D29/><U38/><E48/><V61/><F42/><W64/><G102/><T41/><D41/><U116/><E38/><V54/><F53/><W126/><G126/><T17/><D17/><U78/><E78/><V100/><F100/><W79/><G79/><T86/><D72/><U46/><E46/><V39/><F39/><W63/><G67/><T110/><D55/><U89/><E103/><V124/><F124/><W94/><G104/><T7/><D7/><U105/><E105/><V129/><F129/><W44/><REACH who="3" step="1"/><G49/><REACH who="3" ten="326,307,239,118" step="2"/><T107/><D107/><U33/><E116/><V10/><F10/><W43/><G43/><T5/><D36/><U84/><REACH who="1" step="1"/><E33/><REACH who="1" ten="326,297,239,118" step="2"/><V73/><F73/><W88/><G88/><N who="0" m="51271" /><D37/><U121/><E121/><V3/><F90/><W19/><AGARI ba="0,2" hai="19,23,26,44,47,62,63,64,65,70,71,94,99,101" machi="19" ten="20,8000,1" yaku="1,1,0,1,7,1,9,1,52,1,53,0" doraHai="91" doraHaiUra="28" who="3" fromWho="3" sc="326,-40,297,-20,239,-20,118,100" /><INIT seed="5,0,0,4,0,133" ten="286,277,219,218" oya="1" hai0="46,36,17,68,126,33,119,38,11,9,65,24,99" hai1="37,6,88,40,14,70,8,128,67,73,132,113,90" hai2="53,16,101,130,64,15,103,44,61,39,82,84,75" hai3="26,66,58,27,55,122,85,57,102,110,29,76,35"/><U10/><E73/><V134/><F75/><W123/><G110/><T96/><D119/><U56/><E132/><V125/><F134/><W34/><G102/><T93/><D65/><U104/><E104/><V52/><F130/><W92/><G66/><T63/><D63/><N who="1" m="38375" /><E70/><V1/><F1/><W129/><G129/><T3/><D68/><U5/><E128/><V124/><F101/><W120/><G55/><T135/><D36/><U54/><E37/><V106/><F103/><W18/><G18/><T112/><D38/><U43/><E113/><V115/><F106/><W21/><G21/><T51/><D33/><U118/><E54/><V105/><F105/><W89/><REACH who="3" step="1"/><G76/><REACH who="3" ten="286,277,219,208" step="2"/><T71/><D135/><U97/><E118/><V69/><F53/><W32/><G32/><T78/><D112/><U47/><E47/><V87/><F115/><W79/><G79/><T127/><D78/><U100/><E43/><V22/><F52/><W12/><G12/><T0/><D46/><U111/><E40/><V94/><F44/><W13/><G13/><T28/><D0/><U19/><E19/><V60/><F64/><W59/><G59/><T50/><D17/><U25/><E14/><V31/><F69/><W114/><G114/><T109/><D71/><U45/><E45/><V107/><F39/><W7/><G7/><T48/><D3/><U2/><E6/><V23/><F15/><W117/><G117/><T98/><D9/><U4/><E5/><V116/><F16/><W81/><G81/><T83/><D11/><N who="1" m="4139" /><E4/><V95/><F116/><W20/><G20/><T49/><D83/><RYUUKYOKU ba="0,1" sc="286,-10,277,-10,219,-10,208,30" hai3="26,27,29,34,35,57,58,85,89,92,120,122,123" /><INIT seed="6,1,1,3,5,68" ten="276,267,209,238" oya="2" hai0="80,90,46,1,12,115,79,135,25,76,2,44,17" hai1="6,89,92,74,66,108,48,105,51,130,87,121,16" hai2="91,72,133,95,109,7,56,33,31,126,100,97,117" hai3="123,112,134,35,103,107,94,18,83,127,21,34,82"/><V5/><F117/><W118/><G107/><T45/><D135/><U55/><E108/><V54/><F109/><W0/><G0/><T26/><D115/><U38/><E38/><V36/><F36/><W8/><G123/><T88/><D1/><U32/><E32/><V3/><F72/><W39/><G39/><T60/><D2/><U14/><E105/><V120/><F133/><W9/><G118/><T20/><D60/><U29/><E74/><V58/><F120/><W24/><G134/><T4/><D80/><U65/><E121/><V52/><F3/><W41/><G41/><T63/><D63/><U15/><E29/><V122/><F122/><W96/><G127/><T101/><D101/><U43/><E130/><V114/><F114/><W102/><G102/><T128/><D128/><U13/><E6/><N who="2" m="2059" /><F31/><W71/><G71/><T129/><D129/><U85/><E85/><V93/><F33/><W111/><G111/><T64/><D64/><N who="1" m="24683" /><E43/><V28/><F28/><W27/><G112/><T57/><D57/><N who="2" m="22122" /><F126/><W84/><G35/><T73/><D73/><U62/><E62/><V53/><F95/><W37/><G37/><T119/><D119/><U30/><E30/><V61/><F61/><W81/><G34/><T75/><D75/><U99/><E99/><V77/><F77/><N who="0" m="29770" /><D4/><U67/><E67/><V106/><F106/><N who="3" m="63847" /><G27/><AGARI ba="1,1" hai="12,17,20,25,26,27,44,45,46,88,90" m="29770" machi="27" ten="30,2000,0" yaku="8,1,54,1" doraHai="68" who="0" fromWho="3" sc="276,33,267,0,209,0,238,-23" /><INIT seed="7,0,0,5,2,132" ten="309,267,209,215" oya="3" hai0="104,103,39,50,90,54,120,81,6,31,128,42,102" hai1="114,133,84,56,28,122,88,38,53,10,113,16,112" hai2="76,79,41,7,64,51,47,91,4,34,62,73,98" hai3="85,74,96,116,124,52,110,109,89,40,65,70,121"/><W129/><G74/><T83/><D120/><U13/><E133/><V49/><F34/><W131/><G121/><T92/><D31/><U14/><E122/><V111/><F111/><N who="3" m="42507" /><G40/><T66/><D6/><N who="2" m="2090" /><F73/><W32/><G32/><T9/><D9/><U37/><E14/><V80/><F51/><W22/><G116/><T5/><D5/><U23/><E28/><V43/><F41/><W36/><G36/><T123/><D123/><U2/><E2/><V19/><F19/><W97/><G22/><T77/><D42/><U75/><E10/><V68/><F68/><W115/><G115/><T69/><D69/><U82/><E75/><V8/><F8/><W106/><G52/><T48/><D54/><U63/><AGARI ba="0,0" hai="13,16,23,37,38,53,56,63,82,84,88,112,113,114" machi="63" ten="30,7900,0" yaku="0,1,15,1,54,2" doraHai="132" who="1" fromWho="1" sc="309,-20,267,79,209,-20,215,-39" owari="289,9.0,346,44.0,189,-21.0,176,-32.0" /></mjloggm>