<mjloggm ver="2.3"><GO type="169" lobby="0"/><UN n0="%E3%82%B4%E3%83%BC%E3%83%AB%E3%83%87%E3%83%B3%E3%81%B2%E3%82%88%E3%81%93" n1="%52%65%3A%7A%61%77%61" n2="%E3%82%A6%E3%83%AB%E3%83%88%E3%83%A9%E7%AB%8B%E7%9B%B4" n3="%E5%8C%97%E4%B9%9D%E5%B7%9E%E5%B8%82" dan="16,16,16,17" rate="2163.44,2067.55,2163.74,2110.49" sx="M,F,M,M"/><TAIKYOKU oya="0"/><INIT seed="0,0,0,4,2,2" ten="250,250,250,250" oya="0" hai0="114,117,60,15,39,30,23,100,86,128,118,57,58" hai1="80,88,130,12,115,103,4,24,95,56,50,22,20" hai2="51,106,33,110,16,97,17,13,38,9,74,104,52" hai3="54,85,129,72,31,93,40,34,3,10,27,19,21"/><T70/><D114/><U135/><E130/><V92/><F110/><W42/><G72/><T125/><D128/><U89/><E115/><V119/><F119/><W109/><G109/><T71/><D39/><U53/><E135/><V43/><F74/><W32/><G129/><T126/><D100/><U18/><E4/><N who="2" m="3239" /><F38/><W48/><G34/><T59/><D86/><N who="1" m="50247" /><E103/><N who="2" m="60839" /><F33/><W47/><G93/><T96/><D96/><N who="1" m="57455" /><E22/><V67/><F106/><W101/><G85/><T108/><D108/><U25/><AGARI ba="0,0" hai="12,18,20,24,25,50,53,56" m="57455,50247" machi="25" ten="30,2000,0" yaku="8,1,54,1" doraHai="2" who="1" fromWho="1" sc="250,-10,250,20,250,-5,250,-5" /><INIT seed="1,0,0,0,1,46" ten="240,270,245,245" oya="1" hai0="110,109,61,36,49,10,23,59,97,18,84,31,131" hai1="115,34,125,29,9,43,87,99,3,24,14,134,135" hai2="54,5,79,68,124,25,65,66,74,26,132,4,120" hai3="32,2,27,91,7,47,56,96,33,92,100,30,88"/><U8/><E115/><V103/><F79/><W101/><G33/><T108/><D36/><U123/><E123/><V53/><F103/><W102/><G56/><T85/><D131/><U28/><E125/><V104/><F74/><W72/><G72/><T116/><D116/><U35/><E43/><V105/><F68/><W106/><G91/><T86/><D31/><U17/><E99/><V90/><F90/><W111/><G111/><T48/><D97/><U133/><E87/><V114/><F132/><W76/><G76/><T6/><D23/><N who="1" m="11703" /><E3/><V113/><REACH who="2" step="1"/><F124/><REACH who="2" ten="240,270,235,245" step="2"/><W117/><G117/><T75/><D75/><U64/><E64/><V122/><AGARI ba="0,1" hai="4,5,25,26,53,54,65,66,104,105,113,114,120,122" machi="122" ten="25,12000,2" yaku="1,1,2,1,0,1,22,2,53,2" doraHai="46" doraHaiUra="119" who="2" fromWho="2" sc="240,-30,270,-60,235,130,245,-30" /><INIT seed="2,0,0,3,4,134" ten="210,210,365,215" oya="2" hai0="104,64,63,11,39,61,69,54,17,113,124,80,46" hai1="135,2,52,72,126,6,114,98,99,76,92,118,97" hai2="93,41,78,23,57,87,4,90,77,115,105,100,111" hai3="75,29,84,12,44,127,120,55,89,21,50,27,59"/><V45/><F115/><W32/><G120/><T94/><D104/><U83/><E135/><V37/><F111/><W79/><G75/><T20/><D113/><U68/><E68/><V112/><F112/><W7/><G79/><T70/><D80/><U73/><E118/><V31/><F4/><W28/><G28/><T101/><D11/><U8/><E114/><V24/><REACH who="2" step="1"/><F57/><REACH who="2" ten="210,210,355,215" step="2"/><W34/><G59/><T82/><D70/><U129/><E129/><V53/><F53/><W102/><G55/><T35/><D54/><U30/><E52/><V15/><F15/><W121/><G12/><T48/><D69/><U51/><E6/><V81/><F81/><W107/><G121/><T91/><D82/><U22/><E83/><V56/><F56/><W13/><G13/><T86/><D64/><U9/><E2/><V88/><F88/><W0/><G7/><T25/><D91/><U33/><E76/><V103/><F103/><W119/><G102/><T62/><D101/><U67/><E67/><V19/><F19/><W14/><G14/><T65/><D65/><U133/><E133/><V66/><F66/><W3/><G0/><T117/><D17/><U106/><E30/><V122/><F122/><W96/><G3/><T74/><D63/><U40/><E40/><V110/><F110/><W60/><G119/><T16/><D117/><U130/><E130/><V26/><F26/><W38/><G27/><T1/><D25/><U128/><E128/><V109/><F109/><W95/><G29/><T125/><D1/><U49/><E73/><V43/><F43/><W47/><G89/><RYUUKYOKU ba="0,1" sc="210,-10,210,-10,355,30,215,-10" hai2="23,24,31,37,41,45,77,78,87,90,93,100,105" /><INIT seed="2,1,1,4,2,96" ten="200,200,385,205" oya="2" hai0="7,81,35,74,79,4,98,65,78,101,37,15,118" hai1="51,129,115,109,85,21,75,94,110,60,113,132,53" hai2="58,95,97,11,123,66,30,40,112,56,16,1,46" hai3="76,24,80,10,105,47,126,43,117,61,33,89,49"/><V106/><F106/><W88/><G117/><T0/><D118/><U116/><E75/><V17/><F123/><W131/><G131/><T14/><D35/><U3/><E3/><V87/><F112/><W127/><G105/><T121/><D121/><U135/><E116/><V82/><F30/><N who="3" m="19655" /><G61/><T19/><D79/><U13/><E129/><V32/><F32/><W52/><G10/><T122/><D122/><U111/><E13/><V92/><F1/><W103/><G43/><T39/><D65/><U31/><E85/><V104/><F104/><W114/><G114/><N who="1" m="43530" /><E94/><V29/><F29/><W59/><G47/><T20/><D0/><U100/><E100/><N who="2" m="60455" /><F95/><W27/><G27/><T119/><D119/><U102/><E102/><V25/><F25/><W70/><G103/><T134/><D134/><N who="1" m="51243" /><E21/><V130/><F130/><W57/><G70/><T62/><D4/><U91/><E31/><V36/><F11/><W108/><G76/><T41/><D7/><U128/><E91/><V9/><F9/><W55/><G80/><T63/><D14/><U42/><E128/><V73/><F73/><W69/><G69/><T133/><D133/><U90/><E90/><V64/><F17/><W45/><G89/><T34/><D34/><U54/><E60/><N who="0" m="23081" /><D41/><U12/><E12/><V48/><F82/><W120/><G120/><T28/><D28/><U125/><E125/><N who="3" m="47626" /><G88/><T77/><D77/><U5/><E5/><V86/><F40/><W38/><G38/><N who="0" m="14347" /><D101/><U72/><E72/><V71/><F36/><W8/><G8/><N who="0" m="6631" /><D98/><U99/><E99/><V22/><F16/><W50/><G45/><AGARI ba="1,1" hai="42,45,51,53,54,109,110,111" m="51243,43530" machi="45" ten="40,8000,1" yaku="6,1,14,1,20,1,34,2" doraHai="96" who="1" fromWho="3" sc="200,0,200,93,385,0,205,-83" /><INIT seed="3,0,0,3,0,29" ten="200,293,385,122" oya="3" hai0="55,74,65,12,77,80,70,113,37,119,31,114,88" hai1="91,92,62,96,99,71,79,135,133,103,15,106,41" hai2="49,34,11,105,111,129,82,56,8,130,97,83,17" hai3="5,107,87,64,23,9,47,112,10,54,89,53,39"/><W121/><G121/><T84/><D119/><U48/><E79/><V95/><F105/><W38/><G112/><N who="0" m="43115" /><D37/><U26/><E15/><V93/><F34/><W33/><G107/><T14/><D31/><U3/><E3/><V63/><F49/><W61/><G23/><T28/><D28/><U27/><E41/><V75/><F95/><W24/><G9/><T132/><D132/><N who="1" m="50763" /><E48/><V78/><F83/><W44/><G39/><T125/><D125/><U101/><E103/><N who="2" m="60847" /><F17/><W68/><G38/><T51/><D65/><AGARI ba="0,0" hai="26,27,62,65,71,91,92,96,99,101,106" m="50763" machi="65" ten="30,1000,0" yaku="20,1" doraHai="29" who="1" fromWho="0" sc="200,-10,293,10,385,0,122,0" /><INIT seed="4,0,0,4,3,70" ten="190,303,385,122" oya="0" hai0="26,29,59,105,47,89,6,17,106,38,23,14,131" hai1="13,1,15,113,134,96,52,4,33,48,50,99,19" hai2="123,95,121,31,114,51,40,25,110,3,111,7,102" hai3="69,133,86,20,118,53,66,56,77,109,124,42,55"/><T22/><D131/><U125/><E33/><V34/><F95/><W75/><G118/><T45/><D6/><U76/><E1/><V78/><F102/><W88/><G109/><T27/><D14/><U115/><E125/><V12/><F51/><W104/><G124/><T101/><D101/><U2/><E2/><V57/><F57/><W73/><G104/><T87/><D59/><U107/><E76/><V35/><F40/><W67/><G133/><T8/><D8/><N who="1" m="4231" /><E48/><V85/><F85/><W0/><G0/><T9/><D9/><N who="1" m="6639" /><E107/><V32/><F78/><W112/><G112/><N who="1" m="43082" /><E134/><V91/><F3/><W108/><G77/><T16/><D29/><U130/><E130/><V24/><F35/><W61/><G108/><T100/><D100/><U126/><E126/><V83/><F31/><W119/><G119/><T39/><D87/><U10/><E10/><V41/><F34/><W74/><G20/><T44/><D44/><AGARI ba="0,0" hai="44,50,52,96,99" m="43082,6639,4231" machi="44" ten="30,3900,0" yaku="15,1,11,1,54,1" doraHai="70" who="1" fromWho="0" sc="190,-39,303,39,385,0,122,0" /><INIT seed="5,0,0,0,4,40" ten="151,342,385,122" oya="1" hai0="5,26,94,73,87,111,0,95,122,103,86,110,101" hai1="130,35,99,92,132,60,23,96,22,48,11,91,1" hai2="124,18,41,126,116,34,62,28,52,49,100,125,17" hai3="117,54,30,51,32,8,55,38,98,10,134,120,114"/><U78/><E35/><V90/><F116/><W75/><G117/><T74/><D26/><U29/><E130/><V93/><F100/><W88/><G120/><T9/><D122/><U104/><E78/><V109/><F109/><W127/><G38/><T97/><D9/><U59/><E132/><V115/><F115/><W2/><G114/><T105/><D5/><U129/><E129/><V14/><F41/><W58/><G75/><T24/><D24/><U84/><E29/><V12/><F62/><W16/><G134/><T56/><D56/><U39/><E39/><V81/><F81/><W53/><G127/><T82/><D0/><U83/><E104/><V76/><F76/><W66/><G2/><T27/><D27/><U85/><E48/><V4/><F4/><W21/><G32/><T44/><D44/><U61/><E60/><V106/><F106/><W69/><G69/><T133/><D133/><U79/><E11/><N who="3" m="4138" /><G30/><T121/><D121/><U13/><E1/><V6/><F6/><W131/><G66/><T36/><D36/><U3/><E3/><V77/><F28/><W113/><G131/><T20/><D20/><N who="1" m="7723" /><E13/><N who="2" m="5227" /><F77/><W70/><G70/><T25/><D25/><U63/><E63/><V135/><F34/><W31/><G31/><T50/><D50/><U72/><E72/><N who="0" m="27753" /><D105/><U112/><E112/><V80/><F135/><W65/><G113/><T42/><D42/><U43/><E43/><V123/><F123/><W46/><G65/><AGARI ba="0,0" hai="59,61,65,79,83,84,85,91,92,96,99" m="7723" machi="65" ten="30,1500,0" yaku="8,1" doraHai="40" who="1" fromWho="3" sc="151,0,342,15,385,0,122,-15" /><INIT seed="5,1,0,3,2,80" ten="151,357,385,107" oya="1" hai0="119,35,113,103,112,82,104,47,38,30,33,114,31" hai1="15,13,81,86,132,115,42,130,73,27,100,57,131" hai2="58,43,20,41,117,24,34,36,69,28,16,50,62" hai3="68,18,52,122,110,135,60,88,109,105,40,107,64"/><U87/><E115/><V29/><F117/><W95/><G122/><T134/><D119/><U5/><E132/><V51/><F69/><W9/><G135/><T17/><D134/><U25/><E100/><V102/><F102/><W23/><G40/><N who="2" m="15433" /><F34/><N who="0" m="12810" /><D47/><U89/><E42/><V48/><F36/><W121/><G121/><T21/><D38/><U78/><E57/><V32/><F32/><W99/><G9/><T2/><D2/><U96/><E96/><V133/><F133/><W10/><G10/><T1/><D1/><U92/><E73/><V59/><F59/><W126/><G126/><T118/><D118/><U49/><E49/><V98/><F98/><W91/><G91/><T63/><D103/><U26/><REACH who="1" step="1"/><E5/><REACH who="1" ten="151,347,385,107" step="2"/><V75/><F75/><W66/><G109/><T128/><D114/><U56/><E56/><V4/><F4/><W83/><G110/><T97/><D113/><U76/><E76/><V12/><F24/><W46/><G68/><T14/><D112/><U55/><E55/><AGARI ba="1,1" hai="12,16,20,28,29,48,50,51,55,58,62" m="15433" machi="55" ten="30,2000,0" yaku="8,1,54,1" doraHai="80" who="2" fromWho="1" sc="151,0,347,-23,385,33,107,0" /><INIT seed="6,0,0,4,0,99" ten="151,324,418,107" oya="2" hai0="26,133,113,52,21,6,78,82,115,117,29,0,132" hai1="95,22,45,96,87,12,8,119,60,15,129,121,93" hai2="23,56,98,11,2,101,53,80,91,14,24,25,9" hai3="16,43,38,103,39,42,134,74,126,85,28,118,131"/><V7/><F91/><W65/><G74/><N who="0" m="43351" /><D52/><U1/><E1/><V69/><F80/><W48/><G118/><T19/><D117/><U124/><E119/><V5/><F69/><W81/><G28/><T125/><D125/><U61/><E129/><V135/><F135/><N who="0" m="51786" /><D6/><U27/><E121/><V33/><F33/><W55/><G134/><T100/><D0/><U64/><E45/><V58/><F23/><W68/><G126/><T75/><D75/><U109/><E15/><V107/><F58/><W92/><G131/><T36/><D36/><U83/><E124/><V4/><F4/><W54/><G39/><T57/><D57/><U35/><E35/><V86/><F86/><W108/><G38/><T32/><D100/><N who="1" m="60431" /><E64/><V104/><F25/><AGARI ba="0,0" hai="19,21,25,26,29,32,113,115" m="51786,43351" machi="25" ten="30,1000,0" yaku="20,1" doraHai="99" who="0" fromWho="2" sc="151,10,324,0,418,-10,107,0" /><INIT seed="7,0,0,1,1,85" ten="161,324,408,107" oya="3" hai0="4,38,119,56,115,27,114,135,55,132,72,57,66" hai1="31,41,30,63,67,24,113,3,129,88,104,70,92" hai2="98,112,52,54,22,50,108,127,49,36,51,33,100" hai3="6,109,122,19,18,20,118,97,11,44,59,77,68"/><W96/><G68/><T29/><D119/><U110/><E110/><V84/><F33/><W7/><G118/><T46/><D72/><U35/><E113/><N who="0" m="43017" /><D4/><N who="3" m="1577" /><G122/><T125/><D125/><U23/><E3/><V133/><F36/><W2/><G2/><T39/><D66/><U126/><E126/><V42/><F50/><W48/><G109/><T53/><D53/><U65/><E129/><V103/><F51/><W80/><G59/><N who="0" m="22603" /><D55/><U12/><E67/><V0/><F49/><W105/><G105/><T10/><D10/><U75/><E75/><V14/><F0/><W87/><G11/><T5/><D5/><U47/><E104/><V26/><F108/><W93/><G20/><N who="0" m="15591" /><D46/><U134/><E12/><V74/><F74/><W28/><G28/><T64/><D64/><U8/><E8/><V124/><F127/><W82/><G82/><T32/><D32/><U130/><E130/><V1/><F1/><W40/><G97/><T94/><D94/><U37/><E134/><AGARI ba="0,0" hai="38,39,132,134,135" m="15591,22603,43017" machi="134" ten="30,3900,0" yaku="20,1,15,1,11,1" doraHai="85" who="0" fromWho="1" sc="161,39,324,-39,408,0,107,0" owari="200,-20.0,285,9.0,408,50.0,107,-39.0" /></mjloggm>