<mjloggm ver="2.3"><GO type="169" lobby="0"/><UN n0="%E3%81%8F%E3%81%85%E3%81%A1%E3%82%83%E3%82%93%EF%BC%A0%50%45" n1="%E9%81%BF%E3%81%91%E3%82%8B%E3%83%81%E3%83%BC%E3%82%BA" n2="%E5%B0%B1%E6%B4%BB%E7%94%9F%40%E5%B7%9D%E6%9D%91%E8%BB%8D%E5%9B%A3" n3="%E7%95%AA%E7%8A%AC%E5%90%9B" dan="16,17,17,16" rate="2083.81,2152.81,2234.95,2100.95" sx="M,F,M,M"/><TAIKYOKU oya="0"/><INIT seed="0,0,0,5,3,35" ten="250,250,250,250" oya="0" hai0="123,16,77,47,89,83,93,88,51,11,112,6,96" hai1="34,113,46,37,114,14,90,55,74,121,17,29,28" hai2="97,59,109,62,127,63,87,92,48,38,106,9,108" hai3="50,69,39,0,40,118,115,24,101,130,82,27,52"/><T19/><D123/><U30/><E121/><V78/><F38/><W79/><G118/><T75/><D112/><N who="1" m="43115" /><E74/><V132/><F127/><W8/><G115/><T64/><D89/><U126/><E126/><V49/><F132/><W32/><G69/><T33/><D64/><U84/><E34/><V65/><F106/><W43/><G101/><T44/><D33/><U110/><E110/><N who="2" m="42603" /><F9/><W5/><G130/><T80/><D80/><N who="1" m="49415" /><E37/><V98/><F63/><W2/><G2/><T57/><D57/><U42/><E42/><V125/><F125/><W135/><G135/><T53/><D44/><U94/><E94/><V67/><F67/><W20/><G32/><T133/><D133/><U41/><E41/><V18/><F18/><W68/><G68/><T128/><D128/><U31/><E31/><V45/><F45/><N who="3" m="23711" /><G43/><T25/><D25/><U124/><E124/><V129/><F129/><W21/><G24/><T60/><D60/><U70/><E70/><V36/><F36/><W13/><G27/><T120/><D120/><U122/><E122/><V66/><F66/><W71/><G71/><T99/><D99/><N who="2" m="37898" /><F92/><W4/><G13/><AGARI ba="0,0" hai="6,11,13,16,19,47,51,53,75,77,83,88,93,96" machi="13" ten="30,5800,0" yaku="7,1,54,2" doraHai="35" who="0" fromWho="3" sc="250,58,250,0,250,0,250,-58" /><INIT seed="0,1,0,5,2,121" ten="308,250,250,192" oya="0" hai0="97,129,52,9,39,118,59,84,131,105,132,4,10" hai1="53,5,85,24,111,73,82,56,16,18,14,119,103" hai2="81,114,91,43,70,69,125,86,127,28,33,74,100" hai3="6,133,112,89,37,32,120,78,71,109,61,41,62"/><T58/><D39/><U57/><E73/><V51/><F74/><W123/><G32/><T135/><D118/><U117/><E103/><V13/><F114/><W108/><G78/><T30/><D30/><U38/><E38/><V110/><F100/><W2/><G112/><T80/><D97/><U12/><E5/><V54/><F43/><W40/><G133/><N who="0" m="51275" /><D105/><U130/><E24/><V45/><F13/><W27/><G27/><T7/><D58/><U36/><E36/><V83/><F83/><W96/><G2/><T50/><D10/><U104/><E104/><V87/><F87/><W79/><G6/><N who="0" m="2091" /><D9/><U101/><E101/><V94/><F28/><W122/><G79/><AGARI ba="1,0" hai="50,52,59,79,80,84,129,131" m="2091,51275" machi="79" ten="30,2900,0" yaku="20,1,54,1" doraHai="121" who="0" fromWho="3" sc="308,32,250,0,250,0,192,-32" /><INIT seed="0,2,0,0,0,100" ten="340,250,250,160" oya="0" hai0="28,72,31,60,32,75,115,53,78,42,59,14,96" hai1="20,22,39,26,113,111,27,87,2,132,81,5,12" hai2="58,84,119,16,38,65,15,24,134,123,36,6,68" hai3="46,90,83,93,110,66,52,9,74,62,51,106,91"/><T105/><D115/><U120/><E39/><V98/><F68/><W104/><G110/><T118/><D118/><U92/><E113/><V4/><F123/><W130/><G130/><T35/><D42/><U114/><E114/><V40/><F119/><W97/><G9/><T107/><D96/><U49/><E120/><V56/><F134/><W85/><REACH who="3" step="1"/><G74/><REACH who="3" ten="340,250,250,150" step="2"/><T109/><D109/><U135/><E111/><V54/><F4/><W117/><G117/><T19/><D75/><U89/><E135/><V23/><F6/><W122/><G122/><T94/><D35/><U47/><E132/><V21/><F38/><W8/><G8/><T70/><D32/><U108/><E108/><V79/><F36/><W50/><G50/><T127/><D72/><U99/><E2/><V129/><F129/><W18/><G18/><T88/><D19/><U101/><E20/><V17/><F16/><W13/><G13/><T69/><D14/><U30/><E30/><V7/><F17/><W76/><G76/><T10/><D78/><U43/><E22/><V3/><F21/><W25/><G25/><T126/><D10/><AGARI ba="2,1" hai="5,10,12,26,27,43,47,49,81,87,89,92,99,101" machi="10" ten="40,1300,0" yaku="8,1" doraHai="100" who="1" fromWho="0" sc="340,-19,250,29,250,0,150,0" /><INIT seed="1,0,0,4,5,21" ten="321,279,250,150" oya="1" hai0="127,13,64,44,80,94,84,118,50,134,0,66,100" hai1="69,119,56,35,96,78,109,130,72,131,70,10,25" hai2="102,8,103,4,20,54,58,85,67,116,55,61,98" hai3="31,63,62,106,93,92,91,117,46,29,89,41,133"/><U2/><E119/><V135/><F135/><W75/><G75/><T128/><D0/><U47/><E56/><V79/><F116/><W22/><G106/><T18/><D118/><U108/><E47/><V48/><F79/><W49/><G133/><T71/><D127/><U40/><E40/><V126/><F126/><W97/><G117/><T33/><D33/><U30/><E96/><V9/><F85/><W57/><G22/><T42/><D128/><N who="1" m="49195" /><E78/><V43/><F20/><W6/><G6/><T1/><D1/><U28/><E28/><V14/><F9/><W82/><G82/><T37/><D37/><U113/><E72/><V15/><F15/><W38/><G38/><T53/><D71/><N who="1" m="27147" /><E113/><V101/><F98/><N who="3" m="57615" /><G62/><T23/><D42/><U27/><E27/><V121/><F121/><W60/><G60/><T59/><D44/><AGARI ba="0,0" hai="4,8,14,43,44,48,54,55,58,61,67,101,102,103" machi="44" ten="40,1300,0" yaku="8,1" doraHai="21" who="2" fromWho="0" sc="321,-13,279,0,250,13,150,0" /><INIT seed="2,0,0,2,0,77" ten="308,279,263,150" oya="2" hai0="135,37,3,109,10,90,85,23,112,0,20,29,18" hai1="17,86,66,98,5,27,48,30,19,132,4,79,15" hai2="41,68,108,99,13,124,119,134,101,111,83,53,28" hai3="84,88,103,9,110,75,59,21,102,32,121,80,87"/><V33/><F68/><W117/><G32/><T46/><D109/><N who="2" m="42058" /><F119/><W39/><G39/><T89/><D135/><U120/><E132/><V131/><F134/><W31/><G110/><T104/><D104/><U91/><E66/><V60/><F131/><W126/><G121/><T44/><D112/><U122/><E79/><V125/><F41/><W8/><G117/><T113/><D113/><U57/><E98/><V105/><F13/><W127/><G75/><T14/><D37/><U2/><E2/><V65/><F53/><W123/><G123/><T82/><D0/><U94/><E120/><V97/><F97/><W25/><G59/><T76/><D3/><U7/><E122/><V106/><F106/><W95/><G126/><T43/><D43/><U114/><E114/><V6/><F6/><W62/><G62/><T74/><D10/><N who="3" m="4201" /><G127/><T69/><D69/><U1/><E1/><V12/><F12/><W24/><G24/><T35/><D35/><U51/><E15/><V50/><F50/><N who="1" m="18985" /><E57/><N who="2" m="37007" /><F28/><W54/><G54/><T42/><D42/><U96/><E96/><V64/><F64/><W61/><G61/><T133/><D29/><U22/><AGARI ba="0,0" hai="4,5,7,17,19,22,27,30,86,91,94" m="18985" machi="22" ten="30,1100,0" yaku="8,1" doraHai="77" who="1" fromWho="1" sc="308,-3,279,11,263,-5,150,-3" /><INIT seed="3,0,0,4,0,49" ten="305,290,258,147" oya="3" hai0="2,47,94,9,11,32,28,61,84,22,132,7,53" hai1="34,57,43,129,12,135,78,88,15,109,73,96,45" hai2="126,118,113,116,13,127,36,52,90,66,128,50,63" hai3="134,107,103,69,125,117,35,98,83,105,121,100,111"/><W67/><G117/><N who="2" m="45161" /><F13/><W21/><G121/><T119/><D119/><U120/><E120/><V110/><F90/><W86/><G125/><N who="2" m="47625" /><F113/><W124/><G124/><T79/><D132/><U89/><E135/><V58/><F128/><W106/><G134/><T80/><D32/><U76/><E129/><V62/><F110/><W64/><G111/><T19/><D28/><U48/><E34/><V0/><F0/><W123/><G123/><T8/><D94/><U39/><E109/><V72/><F72/><W17/><G35/><T68/><D68/><U20/><E73/><V1/><F1/><W85/><G85/><T23/><D23/><U114/><E114/><V27/><F27/><W42/><G42/><T18/><D18/><U81/><E81/><V25/><F25/><W101/><G69/><T112/><D112/><U37/><E96/><V40/><F66/><W60/><G98/><T104/><D104/><U82/><E82/><V70/><F70/><W51/><G83/><T133/><D133/><U75/><E75/><V16/><F16/><W54/><G86/><T102/><D102/><U77/><E20/><V14/><F14/><N who="1" m="5161" /><E89/><V41/><F41/><W24/><REACH who="3" step="1"/><G60/><REACH who="3" ten="305,290,258,137" step="2"/><T46/><D2/><U130/><E130/><V4/><F4/><W5/><G5/><T55/><D7/><U122/><E122/><V97/><F97/><W56/><AGARI ba="0,1" hai="17,21,24,51,54,56,64,67,100,101,103,105,106,107" machi="56" ten="40,7800,0" yaku="1,1,0,1,52,1,53,0" doraHai="49" doraHaiUra="95" who="3" fromWho="3" sc="305,-26,290,-26,258,-26,137,88" /><INIT seed="3,1,0,4,5,26" ten="279,264,232,225" oya="3" hai0="129,88,68,19,18,98,124,51,135,24,5,120,76" hai1="109,117,10,86,69,83,41,65,84,39,96,73,11" hai2="99,27,2,119,45,81,30,6,12,13,71,125,133" hai3="57,8,58,46,49,128,43,92,14,62,25,111,90"/><W44/><G128/><T80/><D120/><U91/><E109/><V79/><F119/><W42/><G111/><T112/><D124/><U28/><E73/><V130/><F125/><W82/><G82/><T22/><D68/><U104/><E117/><V87/><F130/><W95/><G25/><T20/><D129/><U66/><E41/><V94/><F71/><W126/><G126/><T67/><D135/><U34/><E39/><V118/><F118/><W16/><G90/><T114/><D5/><U23/><E23/><V89/><F133/><W106/><G106/><T64/><D51/><U132/><E132/><V36/><F2/><W101/><G101/><T127/><D127/><U40/><E40/><V102/><F6/><W4/><G4/><T21/><D21/><U105/><E86/><V3/><F3/><W17/><G17/><T113/><D76/><U52/><E52/><V0/><F0/><W131/><G131/><T31/><D19/><U37/><E37/><V33/><F36/><W59/><REACH who="3" step="1"/><G62/><REACH who="3" ten="279,264,232,215" step="2"/><T7/><D7/><U116/><E116/><V134/><F134/><W50/><AGARI ba="1,1" hai="8,14,16,42,43,44,46,49,50,57,58,59,92,95" machi="50" ten="30,18000,2" yaku="1,1,2,1,0,1,9,1,8,1,54,1,53,0" doraHai="26" doraHaiUra="1" who="3" fromWho="3" sc="279,-61,264,-61,232,-61,215,193" /><INIT seed="3,2,0,2,0,3" ten="218,203,171,408" oya="3" hai0="67,12,26,89,131,46,127,90,13,121,34,62,107" hai1="4,99,50,73,47,36,53,64,68,24,93,125,96" hai2="114,101,75,117,19,17,58,71,18,87,85,130,116" hai3="48,27,65,66,103,128,14,63,94,133,84,118,6"/><W60/><G118/><T108/><D107/><U135/><E73/><V80/><F71/><W123/><G123/><T45/><D121/><U100/><E135/><V132/><F114/><W39/><G39/><T57/><D108/><U83/><E125/><V21/><F132/><W61/><G128/><T77/><D77/><U97/><E83/><V44/><F130/><W106/><G106/><T2/><D2/><U70/><E24/><V10/><F101/><W54/><G27/><T110/><D110/><U31/><E31/><V122/><F122/><W23/><G133/><T112/><D112/><U49/><E36/><V51/><F21/><W43/><G43/><T8/><D12/><U55/><E4/><V9/><F75/><W11/><G23/><T37/><D127/><U56/><E64/><V104/><F104/><W102/><G84/><T74/><D74/><U98/><AGARI ba="2,0" hai="47,49,50,53,55,56,68,70,93,96,97,98,99,100" machi="98" ten="30,1100,0" yaku="0,1" doraHai="3" who="1" fromWho="1" sc="218,-5,203,17,171,-5,408,-7" /><INIT seed="4,0,0,2,5,35" ten="213,220,166,401" oya="0" hai0="89,31,127,129,9,59,6,2,33,16,51,82,81" hai1="125,90,15,88,124,113,46,61,5,126,118,48,30" hai2="52,27,102,13,12,55,24,71,100,68,117,84,4" hai3="119,66,106,104,14,110,86,96,133,54,87,64,70"/><T10/><D127/><U23/><E118/><V20/><F4/><W98/><G14/><T45/><D129/><U11/><E113/><V67/><F84/><W115/><G54/><T44/><D33/><U38/><E38/><V3/><F20/><W28/><G28/><T83/><D31/><U97/><E97/><V123/><F123/><W108/><G115/><T62/><D89/><U0/><E61/><V50/><F50/><W73/><G73/><T99/><D99/><U85/><E85/><V135/><F135/><W37/><G37/><T122/><D122/><U43/><REACH who="1" step="1"/><E15/><REACH who="1" ten="213,210,166,401" step="2"/><V80/><F117/><W103/><G119/><T105/><D105/><U76/><E76/><V94/><F94/><W132/><G103/><T47/><D2/><U92/><E92/><V78/><F78/><W69/><AGARI ba="0,1" hai="64,66,69,70,86,87,96,98,104,106,108,110,132,133" machi="69" ten="25,3200,0" yaku="0,1,22,2" doraHai="35" who="3" fromWho="3" sc="213,-16,210,-8,166,-8,401,42" /><INIT seed="5,0,0,0,4,9" ten="197,202,158,443" oya="1" hai0="59,1,65,31,121,8,47,123,124,30,33,3,93" hai1="106,122,58,60,12,32,56,118,108,132,77,101,134" hai2="94,54,25,38,5,81,52,29,24,62,119,55,102" hai3="130,13,83,76,80,96,68,131,112,41,67,18,120"/><U57/><E118/><V48/><F38/><W116/><G120/><N who="0" m="46155" /><D47/><U110/><E122/><V89/><F119/><W34/><G34/><T37/><D37/><U66/><E32/><V53/><F5/><W127/><G18/><T27/><D59/><N who="1" m="22603" /><E77/><V46/><F62/><W35/><G67/><T11/><D93/><U45/><E101/><V85/><REACH who="2" step="1"/><F29/><REACH who="2" ten="197,202,148,443" step="2"/><W84/><G116/><T4/><D124/><U114/><E114/><V61/><F61/><W50/><G112/><T107/><D65/><U6/><E106/><V79/><F79/><W125/><G76/><T100/><D100/><U14/><E6/><V16/><F16/><W70/><G125/><T92/><D107/><U42/><E110/><V64/><F64/><W74/><G127/><T15/><D30/><U126/><E108/><V82/><F82/><W7/><G83/><T97/><D3/><U63/><E63/><V49/><F49/><W115/><G80/><T133/><D92/><U69/><E126/><V21/><F21/><W72/><G7/><N who="0" m="1135" /><D97/><AGARI ba="0,1" hai="24,25,46,48,52,53,54,55,81,85,89,94,97,102" machi="97" ten="40,5200,0" yaku="1,1,8,1,54,1,53,0" doraHai="9" doraHaiUra="36" who="2" fromWho="0" sc="197,-52,202,0,148,62,443,0" /><INIT seed="6,0,0,1,3,48" ten="145,202,210,443" oya="2" hai0="28,108,69,84,91,100,120,111,21,20,97,117,103" hai1="58,98,2,114,31,135,9,121,131,70,65,27,127" hai2="119,63,8,122,36,118,132,128,93,64,62,14,72" hai3="30,67,99,43,19,40,17,53,104,76,89,88,7"/><V81/><F36/><W6/><G67/><T102/><D69/><U5/><E114/><V15/><F122/><W77/><G30/><T52/><D120/><U79/><E121/><V134/><F93/><W56/><G104/><T95/><D117/><N who="2" m="44554" /><F81/><W110/><G110/><T92/><D111/><U86/><E135/><N who="2" m="51755" /><F72/><W130/><G130/><T22/><D108/><U61/><E127/><V106/><F106/><W83/><G83/><T47/><REACH who="0" step="1"/><D28/><REACH who="0" ten="135,202,210,443" step="2"/><U55/><E131/><V57/><F128/><W101/><G76/><T34/><D34/><U41/><E79/><V3/><F3/><W59/><G77/><T24/><D24/><U94/><E27/><V51/><F14/><W54/><G99/><T18/><D18/><U46/><E31/><V129/><F129/><W116/><G17/><T1/><D1/><U82/><E98/><V25/><F25/><W37/><G19/><T75/><D75/><U49/><E2/><V96/><F96/><W68/><G6/><T0/><D0/><U50/><E5/><V71/><F15/><W112/><G7/><T74/><D74/><U10/><E70/><V42/><F8/><W78/><G68/><T16/><D16/><U23/><E10/><V73/><F73/><W60/><G78/><T35/><D35/><U90/><E9/><V4/><F4/><W105/><G116/><T39/><D39/><U87/><E23/><V29/><F29/><W109/><G37/><T12/><D12/><U115/><E87/><V44/><F71/><W45/><G109/><T13/><D13/><U66/><E86/><V26/><F26/><RYUUKYOKU ba="0,1" sc="135,15,202,-15,210,15,443,-15" hai0="20,21,22,47,52,84,91,92,95,97,100,102,103" hai2="42,44,51,57,62,63,64" /><INIT seed="6,1,1,0,4,125" ten="150,187,225,428" oya="2" hai0="96,0,89,64,75,46,95,32,72,132,21,11,33" hai1="40,61,15,50,58,119,128,112,83,126,9,19,57" hai2="108,105,130,6,43,12,98,4,106,101,54,127,116" hai3="91,23,84,102,129,56,131,94,52,30,8,77,120"/><V124/><F116/><W17/><G120/><T79/><D132/><U92/><E119/><V49/><F106/><W45/><G45/><T111/><D111/><U55/><E126/><N who="2" m="48171" /><F43/><W41/><G41/><T78/><D64/><U68/><E68/><V74/><F74/><W26/><G77/><T3/><D46/><U70/><E70/><V90/><F90/><W25/><G102/><T10/><D21/><U93/><E112/><V59/><F108/><W69/><G69/><T14/><D89/><U37/><E128/><N who="3" m="49226" /><G8/><T34/><D34/><U88/><E37/><V86/><F130/><W81/><G81/><T36/><D95/><U109/><E109/><V13/><F86/><W28/><G25/><T31/><D96/><U104/><E104/><V100/><F100/><W38/><G38/><T39/><D14/><AGARI ba="1,1" hai="4,6,12,13,14,49,54,59,98,101,105" m="48171" machi="14" ten="30,1500,0" yaku="18,1" doraHai="125" who="2" fromWho="0" sc="150,-18,187,0,225,28,428,0" /><INIT seed="6,2,0,4,2,132" ten="132,187,253,428" oya="2" hai0="62,18,89,8,50,116,88,22,101,122,54,33,15" hai1="6,80,56,113,16,119,4,134,83,108,105,20,97" hai2="109,57,19,60,76,30,135,63,53,42,126,93,11" hai3="92,58,12,103,81,75,102,40,131,47,82,79,55"/><V77/><F109/><W61/><G131/><T70/><D122/><U43/><E108/><V23/><F135/><W29/><G92/><T118/><D33/><U86/><E119/><N who="0" m="45609" /><D101/><U130/><E130/><V100/><F42/><W104/><G104/><T74/><D74/><U106/><E134/><V36/><F36/><W37/><G29/><T9/><D70/><U2/><E43/><V71/><F71/><W84/><G12/><N who="0" m="7431" /><D62/><U25/><E113/><V14/><F63/><W129/><G129/><T98/><D98/><U64/><E2/><V96/><F126/><W46/><G46/><N who="0" m="27991" /><D22/><U34/><E34/><V5/><REACH who="2" step="1"/><F30/><REACH who="2" ten="132,187,243,428" step="2"/><W41/><G41/><T24/><D24/><AGARI ba="2,1" hai="5,11,14,19,23,24,53,57,60,76,77,93,96,100" machi="24" ten="30,11600,0" yaku="1,1,2,1,7,1,8,1,53,0" doraHai="132" doraHaiUra="38" who="2" fromWho="0" sc="132,-122,187,0,243,132,428,0" /><INIT seed="6,3,0,4,1,101" ten="10,187,375,428" oya="2" hai0="80,59,119,81,66,64,117,6,20,72,88,100,49" hai1="41,134,87,62,103,94,97,26,93,67,58,38,89" hai2="36,77,107,13,2,60,121,69,16,48,35,132,5" hai3="46,74,32,42,10,106,120,63,29,50,73,55,102"/><V12/><F121/><W82/><G120/><T111/><D6/><U54/><E134/><V7/><F36/><W43/><G43/><T122/><D111/><U65/><E41/><V96/><F2/><W118/><G118/><N who="0" m="45067" /><D122/><U84/><E38/><V115/><F132/><W17/><G82/><N who="0" m="31851" /><D72/><U91/><REACH who="1" step="1"/><E26/><REACH who="1" ten="10,177,375,428" step="2"/><V34/><F115/><W18/><G42/><T108/><D88/><U135/><E135/><V105/><F77/><W86/><G74/><T125/><D59/><U98/><E98/><V130/><F96/><W133/><G73/><T31/><D49/><U24/><E24/><V75/><F75/><W53/><G50/><T95/><D20/><U4/><E4/><V39/><F39/><W109/><G133/><T83/><D95/><AGARI ba="3,1" hai="54,58,62,65,67,84,87,89,91,93,94,95,97,103" machi="95" ten="30,7700,0" yaku="1,1,7,1,9,1,8,1,53,0" doraHai="101" doraHaiUra="28" who="1" fromWho="0" sc="10,-86,177,96,375,0,428,0" owari="-76,-58.0,273,-13.0,375,18.0,428,53.0" /></mjloggm>