<mjloggm ver="2.3"><GO type="169" lobby="0"/><UN n0="%E3%81%84%E3%81%84%E7%AC%91%E9%A1%94" n1="%E3%81%A4%E3%81%A3%E3%81%8D%EF%BD%9E%32%6E%64" n2="%E9%9A%A0%E5%9C%B0%E5%89%8D" n3="%E3%83%88%E3%83%88%E3%83%AA%E5%85%88%E7%94%9F%31%39%E6%AD%B3" dan="17,16,16,18" rate="2220.02,2125.25,2155.14,2232.00" sx="F,M,M,F"/><TAIKYOKU oya="0"/><INIT seed="0,0,0,1,2,77" ten="250,250,250,250" oya="0" hai0="51,52,135,1,94,41,50,99,17,31,86,40,107" hai1="76,33,131,101,13,28,105,4,122,15,6,106,82" hai2="126,100,95,85,73,74,55,54,29,53,119,56,7" hai3="69,66,68,91,96,79,8,80,34,19,42,16,120"/><T88/><D1/><U30/><E122/><V113/><F119/><W48/><G34/><T75/><D75/><U121/><E121/><V45/><F113/><W27/><G120/><T44/><D135/><U12/><E131/><V70/><F70/><W124/><G124/><T78/><D31/><U114/><E114/><V20/><F126/><W123/><G123/><T46/><D17/><U128/><E128/><V26/><F7/><W127/><G127/><T117/><D117/><U43/><E43/><V110/><F45/><W97/><G19/><T22/><D22/><U11/><E4/><V81/><F110/><W0/><G0/><T38/><D38/><U64/><E64/><V116/><F116/><W47/><G66/><T112/><D112/><U83/><E33/><V32/><F32/><W37/><G37/><T5/><D5/><U60/><E60/><V93/><F93/><W72/><G27/><T63/><D63/><U87/><E83/><V23/><F23/><W9/><G9/><T118/><D118/><U36/><E36/><V71/><F71/><W109/><G109/><T62/><D62/><U92/><E92/><V111/><F111/><W115/><G115/><T134/><D134/><U67/><E67/><V125/><F125/><W61/><G61/><T39/><D39/><U14/><REACH who="1" step="1"/><E101/><REACH who="1" ten="250,240,250,250" step="2"/><V98/><REACH who="2" step="1"/><F56/><REACH who="2" ten="250,240,240,250" step="2"/><W130/><G130/><T132/><D132/><U10/><E10/><V18/><F18/><W65/><G65/><T49/><D107/><AGARI ba="0,2" hai="6,11,12,13,14,15,28,30,76,82,87,105,106,107" machi="107" ten="40,2600,0" yaku="1,1,52,1,53,0" doraHai="77" doraHaiUra="59" who="1" fromWho="0" sc="250,-26,240,46,240,0,250,0" /><INIT seed="1,0,0,5,5,64" ten="224,286,240,250" oya="1" hai0="124,69,51,72,25,61,31,8,82,91,105,4,104" hai1="127,122,88,125,44,38,112,114,92,5,81,73,74" hai2="108,76,9,23,2,14,46,22,121,13,106,36,6" hai3="62,58,43,89,68,85,3,37,86,28,29,40,24"/><U54/><E122/><V16/><F121/><W109/><G3/><N who="0" m="31" /><D51/><N who="1" m="29031" /><E38/><V11/><F108/><W20/><G109/><T93/><D91/><U98/><E5/><V1/><F106/><W132/><G132/><T34/><D93/><U118/><E118/><V117/><F76/><W94/><G68/><T48/><D48/><U115/><E81/><V90/><F90/><N who="3" m="53583" /><G29/><T21/><D21/><N who="2" m="7690" /><F46/><W130/><G130/><T18/><D18/><U79/><E79/><V42/><F42/><W131/><G131/><T135/><D135/><U129/><E129/><V59/><F59/><W78/><G78/><N who="0" m="44359" /><D124/><AGARI ba="0,0" hai="73,74,88,92,98,112,114,115,124,125,127" m="29031" machi="124" ten="40,3900,0" yaku="18,1,54,1" doraHai="64" who="1" fromWho="0" sc="224,-39,286,39,240,0,250,0" /><INIT seed="1,1,0,1,5,53" ten="185,325,240,250" oya="1" hai0="114,48,107,84,81,37,7,121,17,0,123,21,103" hai1="124,42,1,74,128,15,109,134,77,11,98,41,73" hai2="88,66,100,29,110,132,118,39,55,119,68,129,108" hai3="82,79,60,120,64,31,113,116,69,127,85,125,30"/><U9/><E1/><V52/><F100/><W76/><G113/><T87/><D37/><U135/><E124/><N who="3" m="47690" /><G120/><T20/><D114/><U43/><E128/><V67/><F129/><W12/><G116/><N who="2" m="44585" /><F29/><N who="3" m="10763" /><G12/><T71/><D71/><U4/><E109/><N who="2" m="42091" /><F68/><W93/><G93/><T23/><D17/><U50/><E11/><V70/><F70/><W126/><G126/><T61/><D7/><U131/><E131/><V59/><F132/><W65/><G65/><N who="2" m="24585" /><F39/><W62/><G64/><T133/><D133/><U16/><E135/><V102/><F102/><W5/><G69/><T92/><D103/><U58/><E134/><V2/><F2/><W34/><G5/><T47/><D0/><U115/><E115/><V56/><F88/><N who="3" m="51255" /><G34/><T72/><D123/><U99/><E4/><V3/><F3/><W97/><G97/><T90/><D121/><U89/><E99/><V13/><F13/><W45/><G76/><T86/><D90/><U75/><E77/><V27/><F27/><W10/><G79/><T57/><D86/><U25/><E25/><V28/><F28/><W91/><G91/><T105/><D87/><U18/><E89/><V106/><F106/><W38/><G10/><T26/><D84/><U94/><E98/><V33/><F33/><W14/><G14/><T96/><D96/><U22/><E18/><V8/><F8/><W78/><G78/><T46/><D107/><U32/><E9/><V44/><F44/><W51/><G38/><T63/><D26/><U130/><E32/><V35/><F35/><W111/><G111/><T49/><D105/><U24/><E130/><RYUUKYOKU ba="1,0" sc="185,-15,325,-15,240,15,250,15" hai2="52,55,56,59" hai3="45,51,60,62" /><INIT seed="2,2,0,5,3,116" ten="170,310,255,265" oya="2" hai0="124,18,106,28,70,51,74,39,120,32,69,128,72" hai1="24,9,54,79,6,49,96,3,81,61,0,100,109" hai2="99,33,71,19,91,36,20,37,40,80,94,88,107" hai3="31,129,62,29,132,126,44,115,27,90,77,85,52"/><V7/><F33/><W23/><G129/><T121/><D18/><U65/><E109/><V53/><F71/><N who="0" m="27146" /><D51/><U135/><E135/><V42/><F107/><W108/><G108/><T122/><D128/><U47/><E24/><V67/><F7/><W25/><G132/><T8/><D8/><U63/><E3/><V12/><F67/><W117/><G117/><T5/><D5/><U112/><E112/><V45/><F53/><W78/><G126/><T89/><D89/><U30/><E30/><V133/><F133/><W56/><G44/><T11/><D11/><U35/><E35/><V98/><F42/><W86/><G115/><T125/><D106/><U111/><E111/><V13/><F37/><W113/><G113/><T17/><D17/><U73/><REACH who="1" step="1"/><E65/><REACH who="1" ten="170,300,255,265" step="2"/><V82/><F13/><W60/><G60/><T64/><D64/><U97/><E97/><V43/><F40/><W104/><G104/><AGARI ba="2,1" hai="0,6,9,47,49,54,61,63,73,79,81,96,100,104" machi="104" ten="30,2000,0" yaku="1,1,7,1,53,0" doraHai="116" doraHaiUra="68" who="1" fromWho="3" sc="170,0,300,36,255,0,265,-26" /><INIT seed="3,0,0,4,2,67" ten="170,336,255,239" oya="3" hai0="35,95,117,89,134,94,115,91,111,75,8,46,109" hai1="58,121,118,54,114,96,128,103,65,83,33,39,14" hai2="72,25,84,108,82,133,99,135,100,110,59,126,102" hai3="90,0,125,127,13,45,98,106,73,34,41,97,61"/><W93/><G0/><T60/><D35/><U68/><E121/><V64/><F64/><W29/><G73/><T24/><D75/><U40/><E114/><V49/><F59/><W42/><G34/><T38/><D117/><U119/><E128/><V12/><F49/><W63/><G29/><T101/><D115/><U17/><E33/><V70/><F12/><W20/><G106/><T55/><D24/><U62/><E83/><V22/><F25/><W87/><G13/><T74/><D74/><U16/><E39/><V21/><F22/><W31/><G20/><T85/><D101/><U122/><E40/><V18/><F21/><W132/><G31/><T26/><D26/><U32/><E122/><V27/><F18/><W105/><G41/><T78/><D78/><U53/><E32/><V9/><F27/><W7/><G7/><T130/><D130/><U23/><E17/><V37/><F9/><W3/><G3/><T28/><D28/><U79/><E79/><N who="2" m="44391" /><F37/><N who="3" m="21711" /><G132/><N who="2" m="50761" /><F70/><W81/><G105/><T15/><D134/><U69/><E54/><V2/><F2/><W43/><G43/><T30/><D30/><U56/><E56/><V47/><F47/><W50/><G50/><N who="0" m="29143" /><D60/><N who="3" m="23113" /><G81/><T112/><D38/><U131/><E131/><V10/><F10/><W6/><G6/><N who="0" m="3479" /><D112/><U52/><E53/><V88/><F99/><W120/><G120/><T66/><D66/><U5/><E5/><V36/><F36/><W92/><G98/><T4/><D4/><U76/><E65/><V86/><F86/><W104/><G104/><T80/><D95/><U129/><E129/><V107/><F107/><RYUUKYOKU ba="0,0" sc="170,15,336,-15,255,-15,239,15" hai0="80,85,89,91,94,109,111" hai3="87,90,92,93,97,125,127" /><INIT seed="3,1,0,1,3,122" ten="185,321,240,254" oya="3" hai0="4,49,22,54,126,108,102,125,13,129,124,56,42" hai1="75,23,24,53,52,112,47,121,73,135,58,21,82" hai2="7,117,0,45,86,109,99,57,27,48,78,65,72" hai3="36,30,127,80,31,106,3,111,51,120,115,70,16"/><W104/><G120/><T66/><D129/><U61/><E121/><V83/><F117/><W60/><G36/><T55/><D102/><U44/><E112/><V88/><F99/><W100/><G115/><T41/><D4/><U10/><E135/><V39/><F39/><W19/><G3/><T101/><D101/><U118/><E118/><V63/><F0/><W81/><G127/><T113/><D113/><U46/><E10/><V28/><F7/><W8/><G100/><T119/><D119/><U105/><E105/><V9/><F9/><W89/><G8/><T32/><D32/><U85/><E53/><V67/><F109/><W2/><G2/><T50/><D13/><U64/><E64/><V35/><F67/><W25/><G51/><T77/><D77/><U87/><E87/><V11/><F11/><W38/><G38/><T74/><D74/><U110/><E110/><V62/><F62/><W1/><G1/><T12/><D12/><U134/><E21/><V68/><F68/><W15/><G15/><T71/><D22/><U114/><E134/><V131/><F131/><W84/><G111/><T128/><D128/><U18/><REACH who="1" step="1"/><E114/><REACH who="1" ten="185,311,240,254" step="2"/><V116/><F116/><W97/><G84/><T20/><D20/><U103/><E103/><V96/><F96/><W123/><G123/><T133/><D133/><U98/><E98/><V37/><F72/><W76/><G97/><T69/><D108/><U95/><E95/><V107/><F107/><W93/><G104/><T132/><D132/><U43/><E43/><N who="0" m="16393" /><D66/><U91/><AGARI ba="1,1" hai="18,23,24,44,46,47,52,58,61,73,75,82,85,91" machi="91" ten="30,4000,0" yaku="1,1,0,1,54,1,53,0" doraHai="122" doraHaiUra="34" who="1" fromWho="1" sc="185,-11,311,53,240,-11,254,-21" /><INIT seed="4,0,0,2,1,4" ten="174,364,229,233" oya="0" hai0="29,94,110,131,7,114,19,111,1,134,129,100,109" hai1="58,125,113,101,61,122,67,59,82,3,9,33,53" hai2="39,83,47,24,55,95,23,64,71,119,17,126,16" hai3="21,116,91,27,69,130,8,41,106,63,128,42,40"/><T54/><D29/><U0/><E122/><V36/><F126/><W66/><G116/><T56/><D114/><U44/><E125/><V70/><F119/><W25/><G106/><T52/><D19/><U60/><E113/><V18/><F83/><W85/><G8/><N who="0" m="2159" /><D134/><U20/><E33/><V5/><F5/><W99/><G99/><N who="0" m="59511" /><D54/><U93/><E44/><V135/><F135/><W43/><N who="3" m="10240" /><DORA hai="88" /><W22/><G22/><T50/><AGARI ba="0,0" hai="50,52,56,109,110,111,129,131" m="59511,2159" machi="50" ten="40,12000,1" yaku="10,1,52,2,54,1" doraHai="4,88" who="0" fromWho="0" sc="174,120,364,-40,229,-40,233,-40" /><INIT seed="4,1,0,3,5,40" ten="294,324,189,193" oya="0" hai0="16,51,64,5,55,106,122,30,25,103,128,58,120" hai1="49,83,65,99,87,129,119,133,28,15,50,12,84" hai2="24,18,126,70,63,61,60,107,108,132,82,81,29" hai3="88,124,104,59,56,19,46,22,23,0,3,97,86"/><T69/><D128/><U127/><E119/><V93/><F108/><W112/><G112/><T57/><D5/><U43/><E129/><V2/><F107/><W85/><G124/><T125/><D125/><U114/><E127/><V94/><F132/><W100/><G85/><T109/><D109/><U27/><E133/><V79/><F126/><W74/><G74/><T102/><D57/><U32/><E114/><V89/><F2/><W68/><G68/><T47/><D58/><U26/><E65/><V53/><F18/><W44/><G56/><T42/><D55/><U98/><E43/><V54/><F70/><W1/><G59/><T11/><D11/><U67/><E67/><V7/><F7/><W8/><G8/><T39/><D51/><U31/><REACH who="1" step="1"/><E83/><REACH who="1" ten="294,314,189,193" step="2"/><V75/><F54/><W123/><G123/><T117/><D117/><U131/><E131/><V72/><F53/><W91/><G91/><T73/><D122/><U9/><E9/><V90/><F89/><W95/><REACH who="3" step="1"/><G23/><REACH who="3" ten="294,314,189,183" step="2"/><N who="0" m="13543" /><D120/><U4/><E4/><V21/><REACH who="2" step="1"/><F90/><REACH who="2" ten="294,314,179,183" step="2"/><W118/><G118/><T135/><D135/><U37/><E37/><V96/><F96/><W77/><G77/><AGARI ba="1,3" hai="21,24,29,60,61,63,72,75,77,79,81,82,93,94" machi="77" ten="40,8000,1" yaku="1,1,9,1,53,2" doraHai="40" doraHaiUra="76" who="2" fromWho="3" sc="294,0,314,0,179,113,183,-83" /><INIT seed="5,0,0,1,5,120" ten="294,314,292,100" oya="1" hai0="116,10,70,5,111,76,32,31,45,91,44,123,82" hai1="67,72,1,16,50,129,99,96,13,4,41,121,102" hai2="125,51,131,71,20,135,19,122,117,114,112,74,109" hai3="23,133,40,95,83,65,128,69,118,22,36,124,6"/><U43/><E121/><V130/><F51/><W38/><G118/><T106/><D123/><U73/><E129/><V103/><F20/><W98/><G128/><T75/><D70/><U42/><E1/><V66/><F66/><W107/><G107/><T126/><D106/><U78/><E4/><V97/><F19/><W57/><G69/><T55/><D116/><U11/><E99/><V58/><F58/><W90/><G133/><T15/><D126/><U134/><E134/><V64/><F64/><W110/><G124/><T24/><D91/><U68/><E50/><V33/><F103/><W17/><G110/><T85/><D111/><U63/><REACH who="1" step="1"/><E78/><REACH who="1" ten="294,304,292,100" step="2"/><V132/><F97/><W61/><G6/><T2/><D2/><U39/><E39/><V25/><F131/><W93/><G38/><T100/><D76/><U7/><E7/><V113/><F135/><W21/><G36/><T81/><D5/><U18/><E18/><V115/><F113/><W12/><G40/><T86/><D31/><U87/><E87/><V56/><F114/><W94/><REACH who="3" step="1"/><G83/><REACH who="3" ten="294,304,292,90" step="2"/><T101/><D82/><U3/><E3/><V62/><F115/><W89/><G89/><T29/><D81/><U92/><AGARI ba="0,2" hai="11,13,16,41,42,43,63,67,68,72,73,92,96,102" machi="92" ten="30,6000,0" yaku="1,1,0,1,54,1,53,0" doraHai="120" doraHaiUra="77" who="1" fromWho="1" sc="294,-20,304,80,292,-20,90,-20" /><INIT seed="5,1,0,0,3,75" ten="274,384,272,70" oya="1" hai0="111,115,78,34,127,13,133,19,117,0,124,88,18" hai1="114,84,96,57,7,94,98,14,100,68,41,65,126" hai2="134,49,5,32,12,23,108,92,131,101,79,10,103" hai3="104,36,28,95,54,60,106,2,39,15,1,122,37"/><U38/><E68/><V82/><F108/><W33/><G15/><T128/><D111/><U25/><E114/><V123/><F123/><W72/><G122/><T56/><D117/><U74/><E74/><V125/><F134/><W85/><G72/><T86/><D0/><U58/><E126/><N who="0" m="48169" /><D34/><U17/><E38/><V61/><F32/><W102/><G33/><T77/><D115/><U8/><E41/><V105/><F105/><W48/><G60/><T70/><D70/><U132/><E132/><V76/><F131/><W97/><G28/><T40/><D40/><U113/><E113/><V83/><F92/><W16/><G16/><N who="0" m="6187" /><D133/><U27/><E25/><V130/><F23/><W112/><G112/><T119/><D119/><U89/><E65/><V53/><F130/><W44/><G106/><T120/><D120/><U3/><E27/><V11/><F61/><W30/><G30/><T31/><D31/><U81/><REACH who="1" step="1"/><E98/><REACH who="1" ten="274,374,272,70" step="2"/><V4/><F125/><W42/><G42/><T24/><D24/><U99/><E99/><V6/><F12/><W90/><G39/><T107/><D13/><U109/><E109/><V69/><F69/><W46/><G37/><T110/><D110/><U21/><AGARI ba="1,1" hai="3,7,8,14,17,21,57,58,81,84,89,94,96,100" machi="21" ten="20,7800,0" yaku="1,1,0,1,7,1,53,1" doraHai="75" doraHaiUra="80" who="1" fromWho="1" sc="274,-27,374,91,272,-27,70,-27" /><INIT seed="5,2,0,1,5,111" ten="247,465,245,43" oya="1" hai0="7,21,102,26,75,60,76,41,28,85,16,45,22" hai1="9,18,3,135,87,24,8,91,43,38,0,37,110" hai2="51,27,118,15,124,39,57,48,129,83,96,108,72" hai3="29,120,54,59,31,114,86,10,78,113,128,123,77"/><U62/><E135/><V95/><F39/><W127/><G128/><T52/><D75/><U66/><E110/><V42/><F129/><W125/><G10/><T5/><D102/><U119/><E119/><V36/><F108/><W97/><G97/><T12/><D76/><N who="3" m="29289" /><G86/><T56/><REACH who="0" step="1"/><D85/><REACH who="0" ten="237,465,245,43" step="2"/><U47/><E87/><V2/><F72/><W117/><G117/><T46/><D46/><U116/><E47/><V93/><F118/><W70/><G70/><T1/><D1/><U14/><E3/><V81/><F2/><W6/><G6/><T88/><D88/><U99/><E91/><V98/><F124/><N who="3" m="47691" /><G123/><T30/><D30/><N who="3" m="11273" /><G120/><T68/><D68/><U25/><E116/><V122/><F122/><W90/><G90/><T13/><D13/><U94/><E14/><V79/><F15/><W20/><G20/><T74/><D74/><U23/><E23/><V115/><F79/><W107/><G107/><T73/><D73/><U69/><E69/><V32/><F83/><W4/><G4/><T55/><D55/><U104/><E104/><V19/><F81/><W101/><G101/><T106/><D106/><U40/><E0/><V67/><F95/><W131/><G131/><T35/><D35/><U132/><E94/><V33/><F93/><W103/><G103/><T34/><D34/><U105/><E105/><V58/><F33/><W61/><AGARI ba="2,1" hai="54,59,61,113,114" m="11273,47691,29289" machi="61" ten="40,5200,0" yaku="18,1,52,2" doraHai="111" who="3" fromWho="3" sc="237,-15,465,-28,245,-15,43,68" /><INIT seed="6,0,0,1,4,132" ten="222,437,230,111" oya="2" hai0="107,117,73,0,124,133,125,41,109,93,38,37,44" hai1="59,66,122,29,84,40,9,88,64,23,127,27,111" hai2="99,118,106,55,19,15,16,4,17,3,129,5,18" hai3="97,104,128,33,75,36,114,60,62,112,42,63,119"/><V25/><F118/><W83/><G33/><T21/><D109/><U28/><E111/><V92/><F106/><W22/><G22/><T67/><D107/><U48/><E122/><V120/><F120/><W65/><G83/><T94/><D73/><U30/><E127/><N who="0" m="48713" /><D133/><U11/><E40/><V1/><F129/><W82/><G82/><T24/><D0/><N who="2" m="74" /><F55/><W102/><G75/><T108/><D108/><U89/><E48/><V81/><F81/><W50/><G119/><T98/><D117/><U116/><E116/><V20/><F92/><N who="0" m="35434" /><D98/><U8/><E84/><V57/><F57/><W10/><G10/><T86/><D86/><U130/><E59/><V90/><F99/><W69/><G128/><T32/><D32/><U77/><E130/><V115/><F90/><N who="1" m="34921" /><E77/><V47/><F47/><N who="3" m="24007" /><G102/><T71/><D67/><AGARI ba="0,0" hai="8,9,11,23,27,28,29,30,64,66,67" m="34921" machi="67" ten="30,2000,0" yaku="8,1,54,1" doraHai="132" who="1" fromWho="0" sc="222,-20,437,20,230,0,111,0" /><INIT seed="7,0,0,2,2,17" ten="202,457,230,111" oya="3" hai0="46,39,22,127,0,26,49,112,76,72,109,64,61" hai1="9,28,115,43,19,88,5,68,126,103,14,81,6" hai2="73,18,108,52,114,56,10,58,74,59,82,99,21" hai3="111,84,70,78,94,107,51,65,45,85,53,124,105"/><W117/><G117/><T119/><D109/><U132/><E68/><V13/><F108/><W134/><G134/><T36/><D0/><U69/><E69/><V122/><F114/><W86/><G124/><T131/><D119/><U67/><E67/><V48/><F122/><W98/><G111/><T123/><D123/><U96/><E115/><V129/><F129/><W2/><G2/><T25/><D25/><U60/><E60/><V120/><F120/><W106/><G78/><T135/><D112/><U1/><E28/><V102/><F74/><W118/><G118/><T55/><D131/><U77/><E88/><V34/><F34/><W101/><G70/><T33/><D33/><U89/><E89/><V41/><F82/><W110/><G110/><T32/><D32/><U38/><E1/><V27/><F73/><W66/><AGARI ba="0,0" hai="45,51,53,65,66,84,85,86,94,98,101,105,106,107" machi="66" ten="40,2100,0" yaku="0,1" doraHai="17" who="3" fromWho="3" sc="202,-7,457,-7,230,-7,111,21" /><INIT seed="7,1,0,0,3,21" ten="195,450,223,132" oya="3" hai0="53,29,124,32,123,97,6,126,18,108,99,128,78" hai1="57,91,22,85,63,92,41,11,96,88,27,51,43" hai2="132,67,39,125,38,5,103,86,75,17,71,7,114" hai3="68,45,70,119,15,81,1,16,14,112,62,42,117"/><W8/><G1/><T73/><D108/><U69/><E69/><V72/><F103/><W20/><G112/><T12/><D123/><U130/><E130/><V26/><F114/><W50/><G81/><N who="0" m="45263" /><D6/><U48/><E11/><V36/><F125/><N who="0" m="48234" /><D128/><U40/><E91/><V89/><F132/><W102/><G102/><T66/><D66/><N who="1" m="39279" /><E96/><V109/><F109/><W30/><G30/><AGARI ba="1,0" hai="22,27,30,40,41,43,48,51,85,88,92" m="39279" machi="30" ten="30,3900,0" yaku="8,1,52,1,54,1" doraHai="21" who="1" fromWho="3" sc="195,0,450,42,223,0,132,-42" owari="195,-20.0,492,59.0,223,2.0,90,-41.0" /></mjloggm>