<mjloggm ver="2.3"><GO type="225" lobby="0"/><UN n0="%E6%AE%8B%E3%81%A1%E3%82%83%E3%82%93" n1="%E5%AE%89%E6%9C%AC%E5%BD%A9%E8%8A%B1" n2="%E3%82%B7%E3%83%AD%E3%82%AF%E3%83%AD" n3="%E5%B0%B1%E6%B4%BB%E7%94%9F%40%E5%B7%9D%E6%9D%91%E8%BB%8D%E5%9B%A3" dan="16,16,16,16" rate="2106.89,2031.48,2126.97,2151.24" sx="M,F,M,M"/><TAIKYOKU oya="0"/><INIT seed="0,0,0,0,3,61" ten="250,250,250,250" oya="0" hai0="36,131,13,40,118,95,21,2,4,80,88,93,6" hai1="62,130,126,10,91,134,92,114,41,83,113,132,18" hai2="14,15,44,117,127,135,100,70,33,116,86,28,32" hai3="119,71,99,105,84,35,64,37,112,23,54,8,89"/><T109/><D118/><N who="2" m="45674" /><F135/><N who="1" m="51753" /><E126/><V73/><F127/><W120/><G35/><N who="2" m="13385" /><F73/><W5/><G37/><T66/><D131/><U19/><E130/><V122/><F122/><W72/><G72/><T42/><D2/><U46/><E83/><V24/><F70/><W48/><G112/><N who="1" m="43114" /><E10/><V50/><F100/><W63/><G23/><T59/><D80/><U128/><E62/><V26/><F86/><W111/><G111/><T97/><D109/><U133/><E128/><V1/><F1/><W78/><G120/><T101/><D36/><N who="1" m="21799" /><E133/><V3/><F3/><W76/><G119/><T107/><D107/><U90/><E90/><V103/><F103/><W20/><G20/><T104/><D104/><U110/><E110/><V65/><F65/><W123/><G123/><T27/><D6/><U85/><AGARI ba="0,0" hai="18,19,85,91,92" m="21799,43114,51753" machi="85" ten="30,2000,0" yaku="20,1,11,1" doraHai="61" who="1" fromWho="1" sc="250,-10,250,20,250,-5,250,-5" /><INIT seed="1,0,0,2,4,65" ten="240,270,245,245" oya="1" hai0="61,59,6,114,41,78,35,125,1,132,42,67,105" hai1="15,113,129,2,77,86,120,58,24,99,36,122,116" hai2="22,57,127,54,20,126,94,7,27,14,4,9,81" hai3="56,44,43,82,74,100,39,95,93,31,134,104,75"/><U18/><E2/><V85/><F94/><W88/><G134/><T11/><D114/><U76/><E36/><V28/><F4/><W26/><G104/><T17/><D105/><U0/><E0/><V68/><F20/><W38/><G38/><T52/><D35/><U70/><E70/><V110/><F110/><W98/><G82/><T3/><D132/><U130/><E113/><V45/><F45/><W97/><REACH who="3" step="1"/><G56/><REACH who="3" ten="240,270,245,235" step="2"/><T60/><D125/><U49/><E120/><V96/><F127/><W108/><G108/><T84/><D3/><U19/><E122/><V64/><F126/><W8/><G8/><T106/><D106/><U131/><E131/><V69/><F64/><W25/><G25/><T92/><D92/><U66/><E130/><V48/><REACH who="2" step="1"/><F96/><REACH who="2" ten="240,270,235,235" step="2"/><W133/><G133/><T101/><D1/><U135/><E99/><V23/><F23/><AGARI ba="0,2" hai="23,26,31,39,43,44,74,75,88,93,95,97,98,100" machi="23" ten="30,3900,0" yaku="1,1,7,1,54,1,53,0" doraHai="65" doraHaiUra="124" who="3" fromWho="2" sc="240,0,270,0,235,-39,235,59" /><INIT seed="2,0,0,1,5,92" ten="240,270,196,294" oya="2" hai0="40,64,65,90,48,57,23,9,49,131,108,46,103" hai1="24,16,81,56,15,106,28,33,75,134,78,94,17" hai2="109,113,101,128,63,126,25,30,123,91,29,34,26" hai3="129,10,18,59,120,0,55,8,82,102,83,89,36"/><V32/><F123/><W122/><G36/><T54/><D108/><U19/><E106/><V118/><F113/><W31/><G129/><T100/><D131/><U67/><E134/><V95/><F118/><W52/><G31/><T20/><D9/><U58/><E67/><N who="0" m="25673" /><D90/><U110/><E110/><V79/><F128/><W14/><G102/><AGARI ba="0,0" hai="20,23,40,46,48,49,54,57,100,102,103" m="25673" machi="102" ten="30,1000,0" yaku="8,1" doraHai="92" who="0" fromWho="3" sc="240,10,270,0,196,0,294,-10" /><INIT seed="3,0,0,3,5,56" ten="250,270,196,284" oya="3" hai0="1,52,105,97,77,24,84,26,87,40,127,55,80" hai1="70,103,108,101,68,73,58,124,42,3,8,88,107" hai2="31,29,6,59,11,61,28,122,91,65,100,50,5" hai3="57,44,114,135,67,10,23,7,117,123,89,4,53"/><W121/><G114/><T104/><D1/><U39/><E73/><V102/><F122/><W30/><G117/><T0/><D0/><U72/><E72/><V60/><F50/><W81/><G135/><T2/><D2/><U115/><E115/><V79/><F79/><W134/><G134/><T13/><D40/><U85/><E58/><N who="2" m="37015" /><F91/><W43/><G67/><T92/><D127/><U90/><E90/><V33/><F33/><W83/><G121/><T71/><D71/><U78/><E78/><V109/><F109/><W74/><G74/><T66/><D66/><U38/><E42/><V120/><F120/><W12/><G4/><N who="2" m="1641" /><F11/><W133/><G89/><T99/><D77/><U98/><E103/><V131/><F131/><W17/><G30/><N who="2" m="7681" /><V93/><DORA hai="126" /><F93/><W51/><G123/><T9/><D9/><U128/><E128/><V116/><F116/><W54/><G133/><T76/><D76/><U45/><E124/><V49/><F49/><N who="3" m="30895" /><G43/><T62/><D92/><U125/><E125/><V69/><F69/><W14/><AGARI ba="0,0" hai="7,10,12,14,17,23,44,51,54,81,83" m="30895" machi="14" ten="30,1500,0" yaku="8,1" doraHai="56,126" who="3" fromWho="3" sc="250,-5,270,-5,196,-5,284,15" /><INIT seed="3,1,0,4,2,23" ten="245,265,191,299" oya="3" hai0="132,16,87,95,69,111,11,120,37,102,43,107,112" hai1="58,14,20,133,109,115,49,44,63,55,0,117,47" hai2="52,79,116,124,21,59,101,103,75,96,121,54,31" hai3="135,4,15,73,99,78,45,26,68,119,6,8,25"/><W110/><G119/><T126/><D69/><U57/><E0/><V28/><F116/><W86/><G68/><T91/><D120/><U30/><E115/><V127/><F121/><W125/><G73/><T39/><D107/><U50/><E117/><V62/><F79/><W83/><G110/><T42/><D102/><U2/><E2/><V76/><F76/><W108/><G108/><T41/><D111/><U67/><E109/><V40/><F75/><W32/><G32/><T122/><D122/><U82/><E133/><V74/><F74/><W35/><G35/><T36/><D132/><U72/><E72/><V100/><F40/><W90/><G125/><N who="2" m="48201" /><F54/><W56/><G135/><T97/><D126/><U81/><E58/><V9/><F9/><W130/><G130/><T1/><D112/><U5/><E5/><N who="3" m="2154" /><G56/><T34/><D34/><U134/><E134/><V27/><F31/><W106/><G106/><AGARI ba="1,0" hai="21,27,28,52,59,62,96,100,101,103,106" m="48201" machi="106" ten="30,3900,0" yaku="18,1,52,1,54,1" doraHai="23" who="2" fromWho="3" sc="245,0,265,0,191,42,299,-42" /><INIT seed="4,0,0,4,2,52" ten="245,265,233,257" oya="0" hai0="12,15,1,105,25,32,10,114,8,72,36,83,39" hai1="80,33,42,38,60,135,4,122,79,48,127,119,53" hai2="77,115,21,49,106,46,62,7,44,87,93,120,13" hai3="112,129,70,6,94,78,131,113,121,64,26,56,85"/><T68/><D105/><U98/><E119/><V30/><F106/><W51/><G6/><T43/><D68/><U118/><E118/><V11/><F115/><N who="3" m="44107" /><G70/><T101/><D101/><U2/><E33/><V116/><F120/><W104/><G104/><T20/><D114/><U82/><E122/><V50/><F116/><W102/><G121/><T99/><D99/><U74/><E80/><N who="2" m="47503" /><F93/><W81/><G26/><T18/><D39/><U108/><E98/><V59/><F30/><W9/><G9/><T133/><D133/><U16/><E108/><V88/><F21/><W37/><G37/><T123/><D123/><U19/><E135/><V22/><F22/><W103/><G94/><T63/><D32/><U57/><E127/><V86/><F86/><W125/><G125/><T65/><D1/><U95/><E95/><V107/><F107/><W124/><G124/><T55/><D72/><U73/><E74/><V3/><F3/><W117/><G117/><T130/><D83/><U110/><E110/><V35/><F35/><W28/><G28/><T66/><D130/><N who="3" m="49673" /><G51/><N who="2" m="19465" /><F88/><W75/><G75/><T14/><D8/><N who="1" m="2071" /><E48/><V96/><F96/><W23/><G23/><T109/><D10/><U61/><E61/><AGARI ba="0,0" hai="56,61,64,78,81,85,102,103" m="49673,44107" machi="61" ten="30,3900,0" yaku="15,1,19,1,52,1" doraHai="52" who="3" fromWho="1" sc="245,0,265,-39,233,0,257,39" /><INIT seed="5,0,0,4,0,90" ten="245,226,233,296" oya="1" hai0="11,16,99,10,84,38,101,6,47,69,79,121,1" hai1="97,78,2,106,48,117,103,37,127,76,60,14,24" hai2="45,58,75,7,13,18,63,19,68,46,81,107,33" hai3="94,116,104,82,95,42,21,36,120,3,62,102,30"/><U67/><E2/><V122/><F68/><W71/><G120/><T124/><D69/><U28/><E37/><V44/><F33/><W20/><G3/><T85/><D124/><U74/><E117/><V118/><F107/><W43/><G36/><T128/><D128/><U26/><E127/><V31/><F122/><W12/><G104/><T56/><D121/><U54/><E14/><V134/><F118/><W15/><G71/><T35/><D35/><U25/><E28/><V50/><F31/><W29/><G62/><T64/><D79/><U61/><E74/><V40/><F75/><W119/><G82/><T59/><D59/><U88/><E61/><V51/><F134/><W70/><G70/><T93/><D56/><U83/><E60/><V113/><F113/><W34/><G34/><T52/><D64/><U5/><E5/><V0/><F0/><W4/><G102/><T125/><D125/><U112/><E67/><N who="2" m="39415" /><F81/><W91/><G91/><T126/><D126/><U98/><E112/><V114/><F114/><W110/><G4/><T27/><D38/><U65/><E65/><V73/><F73/><W39/><G39/><T53/><D53/><U135/><E135/><V100/><F100/><W131/><G131/><T129/><D129/><U77/><E83/><V72/><F72/><W17/><G17/><N who="2" m="6153" /><F40/><W49/><G110/><T130/><D130/><U111/><E111/><V115/><F115/><W86/><G86/><T80/><D80/><U41/><E41/><V89/><F89/><W66/><G66/><T133/><D133/><U92/><E76/><V32/><F32/><RYUUKYOKU ba="0,0" sc="245,-30,226,10,233,10,296,10" hai1="24,25,26,48,54,77,78,88,92,97,98,103,106" hai2="7,13,44,45,46,50,51" hai3="12,15,20,21,29,30,42,43,49,94,95,116,119" /><INIT seed="5,1,0,2,4,128" ten="215,236,243,306" oya="1" hai0="23,90,43,53,45,44,5,78,37,13,82,67,112" hai1="18,118,65,56,92,55,1,7,88,6,26,73,15" hai2="113,57,111,50,12,21,17,22,35,101,10,110,76" hai3="95,34,41,24,63,100,39,96,30,126,133,25,131"/><U8/><E73/><V47/><F35/><W48/><G133/><T119/><D119/><U52/><E118/><V11/><F101/><W107/><G131/><T129/><D129/><U85/><E26/><V59/><F76/><W109/><G109/><T66/><D112/><U54/><E1/><V71/><F71/><W28/><G126/><T20/><D90/><U134/><E134/><V36/><F36/><W61/><G39/><T51/><D23/><U122/><E122/><V58/><F113/><W14/><G14/><T115/><D115/><U125/><E125/><V64/><F64/><W132/><G132/><T80/><D80/><U124/><E124/><V46/><F111/><W49/><G107/><T123/><D123/><U62/><AGARI ba="1,0" hai="6,7,8,15,18,52,54,55,56,62,65,85,88,92" machi="62" ten="30,11700,0" yaku="0,1,8,1,54,2" doraHai="128" who="1" fromWho="1" sc="215,-40,236,120,243,-40,306,-40" owari="175,-32.0,356,45.0,203,-20.0,266,7.0" /></mjloggm>