<mjloggm ver="2.3"><GO type="169" lobby="0"/><UN n0="%44%6F%72%61%6B%6F" n1="%E3%82%A6%E3%83%AB%E3%83%88%E3%83%A9%E7%AB%8B%E7%9B%B4" n2="%E6%81%8B%E6%96%87" n3="%6E%61%69%74%61" dan="17,18,16,16" rate="2225.04,2232.18,2165.43,2113.24" sx="F,M,M,M"/><TAIKYOKU oya="0"/><INIT seed="0,0,0,5,5,74" ten="250,250,250,250" oya="0" hai0="7,78,128,132,96,63,70,35,104,48,59,83,92" hai1="27,112,66,31,93,20,10,1,118,94,125,62,8" hai2="24,17,121,61,67,109,33,86,55,85,47,9,75" hai3="3,116,21,77,84,64,43,56,40,14,80,19,127"/><T129/><D35/><U2/><E118/><V11/><F121/><W65/><G116/><T126/><D7/><U87/><E125/><V110/><F75/><W100/><G127/><T102/><D126/><U0/><E112/><V91/><F33/><W4/><G100/><T52/><D132/><U30/><E30/><V101/><F101/><W81/><G3/><T73/><REACH who="0" step="1"/><D104/><REACH who="0" ten="240,250,250,250" step="2"/><U123/><E123/><V28/><F110/><W6/><G6/><T88/><D88/><U41/><E0/><V22/><F109/><W16/><G4/><T134/><D134/><U12/><E1/><V54/><F91/><W60/><G65/><AGARI ba="0,1" hai="48,52,59,63,65,70,73,78,83,92,96,102,128,129" machi="65" ten="40,7700,0" yaku="1,1,52,1,54,1,53,0" doraHai="74" doraHaiUra="69" who="0" fromWho="3" sc="240,87,250,0,250,0,250,-77" /><INIT seed="0,1,0,5,1,108" ten="327,250,250,173" oya="0" hai0="57,36,27,69,119,101,40,50,54,2,61,51,85" hai1="49,70,37,20,13,47,22,33,105,48,112,9,10" hai2="52,5,127,122,60,79,99,65,95,123,11,24,4" hai3="18,94,67,84,103,1,3,34,30,29,82,64,58"/><T62/><D2/><U42/><E33/><V46/><F127/><W23/><G34/><T19/><D101/><U133/><E70/><V114/><F114/><W90/><G1/><T63/><D119/><U121/><E105/><V135/><F135/><W109/><G3/><T104/><D104/><U89/><E121/><V81/><F24/><W124/><G124/><T88/><D69/><U6/><E133/><V68/><F11/><W120/><G120/><T118/><D36/><U97/><E112/><V71/><F71/><W134/><G134/><T130/><D130/><U76/><E76/><V35/><F35/><W31/><G109/><T98/><D98/><U32/><E32/><V59/><F123/><W17/><G58/><T16/><D27/><U56/><E10/><V87/><F122/><W83/><G17/><T28/><D28/><U21/><E56/><V80/><F80/><W38/><G38/><T125/><D118/><U55/><E55/><V86/><F86/><W0/><G0/><T74/><D74/><U12/><E12/><V53/><F68/><W100/><G82/><N who="0" m="49207" /><D125/><U43/><E43/><V115/><F115/><W15/><REACH who="3" step="1"/><G83/><REACH who="3" ten="327,250,250,163" step="2"/><T77/><D77/><U116/><E116/><V113/><F113/><W25/><G25/><T132/><D132/><U102/><E37/><V14/><F79/><W45/><G45/><AGARI ba="1,1" hai="16,19,40,45,50,51,54,57,61,62,63" m="49207" machi="45" ten="30,5800,0" yaku="8,1,54,2" doraHai="108" who="0" fromWho="3" sc="327,71,250,0,250,0,163,-61" /><INIT seed="0,2,0,5,1,77" ten="398,250,250,102" oya="0" hai0="50,97,36,112,67,86,88,114,69,131,22,53,11" hai1="14,111,43,48,51,27,21,126,31,7,33,56,52" hai2="102,122,107,83,84,133,70,38,113,94,78,92,20" hai3="95,104,93,34,134,8,106,12,40,6,64,103,42"/><T16/><D36/><U109/><E126/><V24/><F70/><W39/><G34/><T18/><D131/><U2/><E48/><V17/><F38/><W23/><G134/><T121/><D121/><U26/><E43/><V1/><F1/><W66/><G39/><T116/><D97/><U29/><E2/><V35/><F133/><W80/><G103/><T72/><D72/><U54/><E54/><V71/><F71/><W118/><G118/><T60/><D116/><U19/><REACH who="1" step="1"/><E7/><REACH who="1" ten="398,240,250,102" step="2"/><V130/><F130/><W4/><G8/><AGARI ba="2,1" hai="8,14,19,21,26,27,29,31,33,51,52,56,109,111" machi="8" ten="40,5200,0" yaku="1,1,2,1,54,1,53,0" doraHai="77" doraHaiUra="79" who="1" fromWho="3" sc="398,0,240,68,250,0,102,-58" /><INIT seed="1,0,0,4,3,125" ten="398,308,250,44" oya="1" hai0="3,27,6,96,41,105,61,60,101,116,37,36,57" hai1="107,33,9,14,118,86,46,130,38,132,68,22,88" hai2="134,11,12,84,70,7,94,81,77,13,72,128,50" hai3="114,42,124,126,89,109,2,45,62,104,121,74,90"/><U4/><E68/><V99/><F70/><W23/><G2/><T112/><D116/><U79/><E107/><V51/><F134/><W19/><G114/><T66/><D112/><U106/><E106/><V69/><F69/><W59/><G109/><T21/><D41/><U97/><E33/><V122/><F122/><W32/><G32/><T35/><D35/><U52/><E118/><V5/><F72/><W108/><G108/><T82/><D82/><N who="1" m="47455" /><E38/><V24/><F128/><W67/><G104/><T133/><D133/><U119/><E130/><V44/><F24/><W102/><G74/><T78/><D78/><U120/><E120/><V31/><F31/><W15/><G102/><T73/><D73/><U25/><E132/><V0/><F0/><W39/><REACH who="3" step="1"/><G121/><REACH who="3" ten="398,308,250,34" step="2"/><T10/><D61/><U98/><E119/><V16/><F51/><W20/><G20/><T43/><D43/><U115/><E115/><V80/><F80/><W26/><G26/><T1/><D3/><U83/><E22/><V71/><F13/><W34/><G34/><T131/><D131/><U111/><E25/><V53/><REACH who="2" step="1"/><F71/><REACH who="2" ten="398,308,240,34" step="2"/><W29/><G29/><AGARI ba="0,2" hai="1,6,10,21,27,29,36,37,57,60,66,96,101,105" machi="29" ten="30,1000,0" yaku="7,1" doraHai="125" who="0" fromWho="3" sc="398,30,308,0,240,0,34,-10" /><INIT seed="2,0,0,1,4,107" ten="428,308,240,24" oya="2" hai0="70,97,28,55,22,18,112,40,127,43,82,79,62" hai1="90,86,51,6,15,59,122,67,73,89,13,124,0" hai2="37,84,31,7,134,63,88,60,23,115,64,32,42" hai3="12,11,133,47,66,24,117,1,68,57,106,98,78"/><V41/><F32/><W44/><G133/><T116/><D112/><U38/><E38/><V108/><F115/><W2/><G117/><T4/><D4/><U129/><E0/><V123/><F123/><W61/><G78/><T16/><D28/><U14/><E6/><V20/><F134/><W131/><G131/><T101/><D18/><U120/><E129/><V126/><F7/><W19/><G24/><T69/><D69/><U91/><E124/><V109/><F126/><W113/><G113/><T119/><D127/><U5/><E5/><V110/><F37/><W39/><G106/><T52/><D70/><U114/><E73/><V75/><F75/><W105/><G105/><T132/><D132/><U49/><E86/><V9/><F9/><W26/><G98/><T27/><D43/><N who="2" m="16394" /><F31/><W53/><G26/><T29/><D29/><U48/><E114/><V95/><F64/><W35/><G35/><T74/><D40/><U130/><E130/><V10/><F10/><W25/><G25/><T111/><D111/><N who="2" m="28418" /><V21/><AGARI ba="0,0" hai="20,21,23,60,63,84,88,95" m="28418,16394" machi="21" ten="50,12000,1" yaku="4,1,14,1,10,1,54,1" doraHai="107" who="2" fromWho="2" sc="428,-40,308,-40,240,120,24,-40" owari="388,49.0,268,-13.0,360,16.0,-16,-52.0" /></mjloggm>