<mjloggm ver="2.3"><GO type="169" lobby="0"/><UN n0="%E6%B0%B4%E6%9C%AC%E3%82%86%E3%81%8B%E3%82%8A" n1="%E3%83%9E%E3%83%88%E3%83%AA%E3%83%83%E3%82%AF%E3%82%B9" n2="%E3%81%8A%E3%81%98%E3%81%95%E3%82%93" n3="%E5%B0%B1%E6%B4%BB%E7%94%9F%40%E5%B7%9D%E6%9D%91%E8%BB%8D%E5%9B%A3" dan="16,18,17,17" rate="2137.31,2209.97,2205.66,2228.10" sx="F,M,M,M"/><TAIKYOKU oya="0"/><INIT seed="0,0,0,0,2,48" ten="250,250,250,250" oya="0" hai0="74,35,92,108,44,10,14,51,17,68,27,55,128" hai1="7,3,50,91,1,60,56,33,126,30,109,47,63" hai2="99,40,54,39,100,28,79,6,119,4,134,66,120" hai3="31,90,22,83,67,114,11,64,82,96,123,130,111"/><T36/><D74/><U127/><E109/><V107/><F120/><W115/><G123/><T12/><D68/><U70/><E70/><V113/><F113/><W93/><G111/><T26/><D36/><U106/><E106/><V122/><F122/><W5/><G130/><T13/><D108/><U102/><E102/><V131/><F66/><W117/><G117/><T69/><D69/><U0/><E7/><V84/><F131/><W18/><G31/><T41/><D128/><U81/><E30/><V45/><F134/><W124/><G124/><N who="1" m="47658" /><E33/><V46/><F119/><W101/><G114/><T57/><D35/><U87/><E56/><V20/><F79/><W37/><G37/><T116/><D116/><U61/><E61/><V98/><F98/><W80/><G101/><T112/><D112/><U105/><E105/><V97/><F97/><W52/><G115/><T62/><D92/><U16/><E16/><V89/><F20/><W38/><G38/><T49/><D62/><U43/><AGARI ba="0,0" hai="0,1,3,43,47,50,60,63,81,87,91" m="47658" machi="43" ten="40,1500,0" yaku="18,1" doraHai="48" who="1" fromWho="1" sc="250,-7,250,15,250,-4,250,-4" /><INIT seed="1,0,0,2,2,107" ten="243,265,246,246" oya="1" hai0="46,28,10,68,82,93,101,53,31,69,15,103,75" hai1="135,44,65,115,45,7,35,119,48,3,19,88,118" hai2="29,26,40,97,78,63,91,128,104,64,123,41,72" hai3="67,86,60,22,2,133,129,34,117,58,1,12,105"/><U120/><E35/><V16/><F123/><W55/><G34/><T132/><D132/><U94/><E120/><V37/><F37/><W100/><G133/><T24/><D69/><U113/><E135/><V57/><F128/><W17/><G129/><T14/><D68/><U13/><E7/><V124/><F124/><W66/><G117/><T134/><D134/><U27/><E27/><V112/><F112/><W111/><G111/><T50/><D15/><U85/><E3/><V47/><F47/><W92/><G2/><T49/><D93/><U39/><E65/><V33/><F16/><W125/><G1/><T110/><D110/><U90/><E39/><V127/><F127/><W131/><G131/><T77/><D50/><U25/><E25/><V5/><F5/><W102/><G125/><T122/><D122/><U38/><E38/><V43/><F91/><N who="3" m="53367" /><G105/><T81/><D81/><U98/><E113/><V0/><F0/><W54/><G67/><T76/><D76/><U108/><E108/><V11/><F11/><W51/><G66/><T87/><D75/><U106/><E115/><V79/><REACH who="2" step="1"/><F72/><REACH who="2" ten="243,265,236,246" step="2"/><W121/><G121/><T126/><D126/><U83/><E45/><AGARI ba="0,1" hai="12,17,22,45,51,54,55,58,60,100,102" m="53367" machi="45" ten="30,1000,0" yaku="8,1" doraHai="107" who="3" fromWho="1" sc="243,0,265,-10,236,0,246,20" /><INIT seed="2,0,0,3,4,33" ten="243,255,236,266" oya="2" hai0="124,25,77,64,116,111,98,17,50,21,28,51,89" hai1="20,127,104,10,73,90,13,2,60,115,85,15,119" hai2="1,91,80,109,79,18,8,112,75,38,29,102,99" hai3="70,11,87,49,108,26,58,23,57,55,110,9,106"/><V94/><F112/><W32/><G106/><T14/><D111/><N who="3" m="42537" /><G70/><T82/><D124/><U66/><E73/><V62/><F109/><W96/><G32/><T131/><D131/><U0/><E115/><V84/><F38/><W97/><G87/><T12/><D64/><U3/><E119/><V40/><F40/><W118/><G58/><T56/><D116/><U105/><E127/><V134/><F134/><W133/><G133/><T125/><D56/><U95/><E20/><V86/><F29/><N who="3" m="17631" /><G118/><T19/><D125/><U4/><REACH who="1" step="1"/><E15/><REACH who="1" ten="243,245,236,266" step="2"/><V7/><F18/><W65/><G65/><T68/><D12/><U34/><E34/><V35/><F35/><W130/><G130/><T128/><D128/><U132/><E132/><V107/><REACH who="2" step="1"/><F62/><REACH who="2" ten="243,245,226,266" step="2"/><W69/><G69/><AGARI ba="0,2" hai="0,2,3,4,10,13,60,66,69,85,90,95,104,105" machi="69" ten="40,8000,1" yaku="1,1,52,3,53,0" doraHai="33" doraHaiUra="24" who="1" fromWho="3" sc="243,0,245,100,226,0,266,-80" /><INIT seed="3,0,0,3,0,76" ten="243,345,226,186" oya="3" hai0="44,116,86,46,61,129,55,47,48,90,91,23,79" hai1="118,11,124,15,27,99,128,25,114,33,132,45,107" hai2="64,82,54,94,16,83,98,58,102,43,32,67,62" hai3="120,42,56,3,68,97,52,135,77,72,130,115,14"/><W126/><G3/><T50/><D116/><U87/><E114/><V21/><F32/><W133/><G68/><T0/><D0/><U49/><E118/><V109/><F109/><W110/><G115/><T29/><D129/><U105/><E128/><V51/><F43/><W131/><G120/><T9/><D9/><U113/><E113/><V93/><F93/><W125/><G42/><T5/><D5/><U122/><E122/><V78/><F78/><W65/><G65/><N who="2" m="25161" /><F62/><N who="3" m="36103" /><G110/><T75/><D75/><U31/><E99/><V70/><F70/><W17/><G97/><T69/><D79/><U95/><E27/><AGARI ba="0,0" hai="16,21,27,51,54,58,82,83,94,98,102" m="25161" machi="27" ten="30,7700,0" yaku="8,1,52,2,54,1" doraHai="76" who="2" fromWho="1" sc="243,0,345,-77,226,77,186,0" /><INIT seed="4,0,0,5,1,90" ten="243,268,303,186" oya="0" hai0="96,98,14,93,45,12,19,48,122,37,107,8,49" hai1="43,6,66,104,72,39,54,95,26,125,115,3,78" hai2="83,80,75,100,86,20,99,29,102,110,35,112,92" hai3="17,84,108,114,46,123,58,5,118,85,82,130,11"/><T41/><D122/><U81/><E104/><V77/><F35/><W42/><G123/><T134/><D134/><U94/><E125/><V74/><F29/><W126/><G118/><T59/><D59/><U71/><E115/><V55/><F55/><W25/><G114/><T9/><D107/><U44/><E54/><V31/><F31/><W97/><G126/><T101/><REACH who="0" step="1"/><D98/><REACH who="0" ten="233,268,303,186" step="2"/><U91/><E71/><V40/><F112/><W117/><G58/><T28/><D28/><U129/><E129/><V24/><F99/><W135/><G135/><T52/><D52/><U30/><E66/><V65/><F65/><W111/><G130/><T132/><D132/><U38/><E38/><V63/><F40/><W50/><G117/><T10/><D10/><N who="1" m="2399" /><E91/><V1/><F102/><W53/><G53/><T33/><D33/><AGARI ba="0,1" hai="26,30,33,39,43,44,72,78,81,94,95" m="2399" machi="33" ten="30,3900,0" yaku="25,1,52,2" doraHai="90" who="1" fromWho="0" sc="233,-39,268,49,303,0,186,0" /><INIT seed="5,0,0,4,1,74" ten="194,317,303,186" oya="1" hai0="41,99,44,11,0,84,57,115,54,118,109,22,2" hai1="25,124,24,21,92,127,10,59,8,102,62,72,9" hai2="111,79,131,121,94,42,101,71,36,87,67,130,7" hai3="32,95,49,135,107,117,17,112,105,37,77,133,100"/><U58/><E72/><V50/><F121/><W28/><G37/><T45/><D109/><U69/><E69/><V88/><F111/><W63/><G32/><T129/><D118/><U76/><E76/><V98/><F36/><W20/><G28/><T110/><D110/><U97/><E59/><V5/><F79/><W47/><G117/><T6/><D115/><U34/><E34/><V80/><F71/><W46/><G63/><T38/><D129/><N who="2" m="49162" /><F67/><W73/><G112/><T52/><D44/><AGARI ba="0,0" hai="5,7,42,44,50,80,87,88,94,98,101" m="49162" machi="44" ten="30,2000,0" yaku="19,1,54,1" doraHai="74" who="2" fromWho="0" sc="194,-20,317,0,303,20,186,0" /><INIT seed="6,0,0,4,5,116" ten="174,317,323,186" oya="2" hai0="52,65,109,57,61,135,126,29,27,13,77,2,81" hai1="88,80,23,12,54,66,55,83,41,96,11,42,106" hai2="33,17,15,28,63,70,14,119,132,69,100,6,103" hai3="131,47,46,35,0,79,98,53,92,68,105,84,134"/><V104/><F119/><W58/><G68/><T129/><D2/><U97/><E66/><V67/><F70/><W110/><G35/><T94/><D109/><U108/><E108/><V86/><F104/><W93/><G0/><T4/><D135/><U73/><E23/><V89/><F6/><W71/><G71/><T112/><D112/><U56/><E106/><V107/><F107/><W102/><G110/><T49/><D129/><U76/><E55/><V24/><F132/><W9/><G134/><T95/><D126/><U130/><E130/><V48/><F48/><W72/><G131/><T26/><D13/><U32/><E32/><V37/><F37/><W78/><G72/><T60/><D4/><U64/><E64/><V91/><F14/><W8/><G105/><T101/><D101/><U20/><E20/><V19/><F91/><N who="3" m="53351" /><G47/><T118/><D118/><U21/><E21/><V38/><F38/><W22/><G22/><N who="0" m="15575" /><D27/><U121/><E121/><V99/><F99/><W10/><G46/><N who="0" m="27703" /><D61/><AGARI ba="0,0" hai="8,9,10,53,58,61,78,79,93,98,102" m="53351" machi="61" ten="30,1000,0" yaku="8,1" doraHai="116" who="3" fromWho="0" sc="174,-10,317,0,323,0,186,10" /><INIT seed="7,0,0,0,2,18" ten="164,317,323,196" oya="3" hai0="133,56,70,88,17,65,109,26,101,124,92,81,38" hai1="51,108,113,82,47,107,73,98,13,0,129,72,118" hai2="99,79,132,31,3,32,116,25,131,4,12,10,90" hai3="62,84,7,69,68,1,11,97,100,28,6,87,21"/><W61/><G7/><T45/><D70/><U130/><E108/><V89/><F116/><W110/><G110/><T114/><D109/><U53/><E0/><V19/><F131/><N who="1" m="50185" /><E118/><V46/><F132/><W23/><G68/><T115/><D133/><U95/><E113/><N who="0" m="43017" /><D124/><U83/><E107/><V15/><F79/><W5/><G5/><T86/><D65/><U111/><E111/><V27/><F27/><W103/><G69/><T105/><D105/><U127/><E127/><V66/><F66/><W64/><G28/><T112/><N who="0" m="43025" /><T20/><DORA hai="9" /><D56/><U102/><E13/><V14/><F99/><W29/><G29/><T78/><D101/><U119/><E119/><V34/><F34/><W135/><G135/><T39/><D45/><U43/><E43/><V120/><F120/><W58/><G100/><T77/><D77/><U30/><E30/><V123/><F123/><W42/><G42/><T125/><D125/><U71/><E71/><V121/><F121/><W44/><G44/><T50/><D50/><U24/><E24/><V2/><F2/><W128/><G128/><T94/><D94/><U36/><E36/><V76/><F46/><W93/><G62/><T52/><D52/><U126/><E126/><V57/><F57/><W35/><G35/><T63/><D63/><U54/><E53/><V16/><F76/><W134/><G134/><T37/><D37/><U49/><E51/><V104/><F104/><W80/><G80/><AGARI ba="0,0" hai="47,49,54,72,73,80,82,83,95,98,102" m="50185" machi="80" ten="30,1000,0" yaku="19,1" doraHai="18,9" who="1" fromWho="3" sc="164,0,317,10,323,0,196,-10" owari="164,-34.0,327,43.0,323,12.0,186,-21.0" /></mjloggm>