<mjloggm ver="2.3"><GO type="169" lobby="0"/><UN n0="%E6%98%9F%E9%99%8D%E3%82%8B%E8%A1%97" n1="%E7%94%98%E7%B2%95%E3%81%A4%E3%81%B0%E3%82%81" n2="%E3%82%A6%E3%83%AB%E3%83%88%E3%83%A9%E7%AB%8B%E7%9B%B4" n3="%74%61%74%73%75%37%30%32" dan="17,16,18,17" rate="2163.93,2071.47,2163.69,2234.91" sx="F,F,M,M"/><TAIKYOKU oya="0"/><INIT seed="0,0,0,5,1,68" ten="250,250,250,250" oya="0" hai0="101,7,10,125,39,72,129,58,54,69,132,96,51" hai1="6,90,107,40,60,106,38,92,73,32,43,16,26" hai2="45,1,127,65,85,105,17,91,15,100,28,70,33" hai3="99,110,119,115,95,36,71,46,104,76,62,75,123"/><T79/><D39/><U114/><E73/><V118/><F1/><W103/><G110/><T13/><D69/><U64/><E114/><V30/><F127/><W133/><G115/><T27/><D125/><U3/><E6/><V37/><F118/><W124/><G95/><T61/><D132/><U109/><E109/><V89/><F89/><W21/><G21/><T81/><D129/><U34/><E3/><V84/><F84/><W67/><G133/><T128/><D128/><U121/><E121/><V29/><F33/><W52/><G124/><T20/><D61/><U50/><E50/><V83/><F100/><W57/><G119/><T25/><REACH who="0" step="1"/><D20/><REACH who="0" ten="240,250,250,250" step="2"/><U116/><E38/><V135/><F135/><W31/><G123/><T111/><D111/><U8/><E116/><V78/><F70/><W93/><G71/><T12/><D12/><U77/><E34/><V23/><F37/><W14/><G14/><T108/><D108/><U122/><E32/><V49/><F23/><W2/><G2/><T4/><D4/><U117/><E122/><V98/><F15/><W80/><G31/><T131/><D131/><U126/><E117/><V82/><F30/><W130/><G130/><T11/><D11/><U66/><E126/><V9/><F29/><W94/><REACH who="3" step="1"/><G36/><REACH who="3" ten="240,250,250,240" step="2"/><T0/><D0/><U63/><E8/><V35/><F9/><W120/><G120/><T102/><D102/><U134/><E134/><V24/><F28/><W88/><G88/><T44/><D44/><U59/><E90/><V74/><F91/><W113/><G113/><T18/><D18/><U112/><E16/><RYUUKYOKU ba="0,2" sc="240,15,250,-15,250,-15,240,15" hai0="7,10,13,25,27,51,54,58,72,79,81,96,101" hai3="46,52,57,62,67,75,76,80,93,94,99,103,104" /><INIT seed="0,1,2,2,2,92" ten="255,235,235,255" oya="0" hai0="102,121,89,110,4,78,87,100,52,74,42,103,31" hai1="18,48,119,58,11,134,133,44,35,57,30,99,26" hai2="19,95,28,73,36,62,43,111,13,132,50,10,7" hai3="114,107,117,77,131,23,68,14,80,135,27,93,104"/><T16/><D121/><U86/><E119/><V72/><F111/><W15/><G117/><T128/><D31/><U3/><E86/><V79/><F132/><N who="1" m="50793" /><E99/><V63/><F36/><W130/><G135/><T115/><D115/><U46/><E46/><N who="2" m="25951" /><F73/><N who="3" m="43055" /><G93/><T33/><D33/><U70/><E70/><V123/><F72/><W17/><G114/><T25/><D42/><N who="1" m="24599" /><E18/><V22/><F123/><W106/><G68/><T66/><D66/><U105/><E105/><V90/><F79/><W112/><G112/><T94/><D128/><AGARI ba="1,2" hai="14,15,17,23,27,104,106,107,128,130,131" m="43055" machi="128" ten="40,1300,0" yaku="19,1" doraHai="92" who="3" fromWho="0" sc="255,-16,235,0,235,0,255,36" /><INIT seed="1,0,0,0,4,48" ten="239,235,235,291" oya="1" hai0="129,23,68,105,58,87,55,46,115,3,76,110,90" hai1="33,132,109,80,30,59,79,26,106,112,74,60,32" hai2="52,21,131,27,12,117,53,42,1,93,9,130,34" hai3="5,103,104,81,0,64,107,22,25,8,37,118,7"/><U62/><E112/><V56/><F117/><W43/><G7/><T133/><D3/><U35/><E132/><V10/><F42/><W72/><G64/><T15/><D68/><U99/><E109/><V108/><F108/><W6/><G6/><T88/><D105/><U16/><E16/><N who="2" m="10375" /><F93/><W57/><G57/><T134/><D115/><U125/><E125/><V92/><F92/><W67/><G67/><T95/><D110/><U97/><E62/><N who="2" m="36103" /><F53/><W61/><G103/><T51/><D129/><N who="2" m="49162" /><F1/><W82/><G61/><T120/><D120/><U11/><E106/><V119/><F119/><W100/><G100/><T29/><D134/><U123/><E123/><V101/><F101/><W78/><G82/><T4/><D133/><U39/><E39/><V91/><F91/><W122/><G122/><T128/><D90/><U18/><E99/><V47/><F47/><N who="3" m="24047" /><G118/><T66/><D128/><U96/><E97/><V54/><F54/><W49/><G107/><T73/><D46/><U65/><E96/><V19/><F19/><N who="3" m="12511" /><G104/><T102/><D102/><U36/><E36/><V44/><F44/><W40/><G40/><T69/><D95/><U98/><E98/><V17/><F17/><W28/><G49/><T20/><D51/><U75/><E18/><V77/><F77/><W83/><G83/><T89/><D76/><N who="1" m="44055" /><E11/><V71/><F71/><W63/><G63/><T14/><D69/><U86/><E79/><V13/><F13/><W135/><G135/><T121/><D15/><U84/><E60/><V85/><F85/><W38/><G38/><T124/><D87/><U50/><E65/><RYUUKYOKU ba="0,0" sc="239,-15,235,-15,235,15,291,15" hai2="9,10,27,34" hai3="0,5,8,28,72,78,81" /><INIT seed="2,1,0,0,5,10" ten="224,220,250,306" oya="2" hai0="118,133,14,52,90,96,120,50,68,36,99,15,73" hai1="119,97,8,75,5,30,126,84,94,18,34,92,24" hai2="39,74,77,38,135,121,3,115,66,125,64,56,40" hai3="46,60,134,9,53,83,26,128,54,20,41,95,111"/><V11/><F121/><W109/><G128/><T55/><D36/><U124/><E119/><V4/><F39/><W13/><G134/><T28/><D68/><U86/><E75/><V19/><F115/><W58/><G83/><T57/><D73/><U6/><E18/><V25/><F135/><W42/><G95/><N who="1" m="36394" /><E97/><N who="0" m="37449" /><D120/><U103/><E103/><V70/><F56/><W88/><G88/><T7/><D7/><N who="1" m="2571" /><E8/><V49/><F49/><N who="3" m="28855" /><G9/><T72/><D72/><U102/><E102/><V130/><F130/><W21/><G21/><T78/><D78/><U69/><E69/><V45/><F70/><W87/><G26/><T65/><D133/><U37/><E37/><V113/><F113/><W32/><G87/><T33/><D33/><U123/><E123/><V23/><REACH who="2" step="1"/><F125/><AGARI ba="1,0" hai="24,30,34,84,86,124,125,126" m="2571,36394" machi="125" ten="30,1000,0" yaku="18,1" doraHai="10" who="1" fromWho="2" sc="224,0,220,13,250,-13,306,0" /><INIT seed="3,0,0,1,0,104" ten="224,233,237,306" oya="3" hai0="123,108,22,115,29,93,109,20,67,35,91,7,102" hai1="57,1,2,71,0,94,23,30,60,17,45,120,73" hai2="107,50,87,100,111,106,84,21,116,81,16,122,127" hai3="40,15,32,27,92,47,88,119,89,38,61,83,9"/><W31/><G119/><T12/><D123/><U98/><E120/><V124/><F116/><W113/><G113/><T46/><D115/><U112/><E112/><V19/><F122/><W8/><G61/><T97/><D35/><U110/><E110/><V62/><F111/><W14/><G92/><T125/><D125/><U24/><E71/><V49/><F62/><W133/><G133/><T72/><D67/><U11/><E45/><V96/><F21/><W69/><G83/><T18/><D7/><U132/><E132/><V58/><F58/><W26/><G69/><T78/><D46/><U80/><E11/><V114/><F114/><W77/><G27/><T90/><D109/><U43/><E43/><V66/><F96/><W135/><G77/><T82/><REACH who="0" step="1"/><D108/><REACH who="0" ten="214,233,237,306" step="2"/><U6/><E6/><V101/><REACH who="2" step="1"/><F81/><REACH who="2" ten="214,233,227,306" step="2"/><W105/><G135/><T42/><D42/><U25/><E80/><V74/><F74/><W95/><G40/><T10/><D10/><U54/><E73/><V48/><F48/><W75/><G8/><T117/><D117/><U128/><E128/><V68/><F68/><W44/><G9/><T13/><D13/><U41/><E41/><V53/><F53/><W33/><G75/><T34/><D34/><U52/><E54/><V79/><F79/><W59/><G15/><T39/><D39/><U3/><E3/><V99/><F99/><W76/><G14/><T126/><D126/><U130/><E130/><V55/><F55/><W63/><G38/><T118/><D118/><U129/><E129/><V56/><F56/><W36/><G59/><T70/><D70/><RYUUKYOKU ba="0,2" sc="214,15,233,-15,227,15,306,-15" hai0="12,18,20,22,29,72,78,82,90,91,93,97,102" hai2="16,19,49,50,66,84,87,100,101,106,107,124,127" /><INIT seed="4,1,2,5,2,17" ten="229,218,242,291" oya="0" hai0="9,56,66,2,122,34,117,10,28,60,134,91,23" hai1="59,102,25,108,48,63,135,61,18,64,5,79,37" hai2="35,53,54,22,44,43,76,30,11,20,97,110,82" hai3="116,111,38,50,132,124,72,114,119,41,109,27,71"/><T125/><D122/><U78/><E108/><V77/><F110/><N who="3" m="41995" /><G72/><T130/><D34/><U90/><E37/><V3/><F97/><W100/><G100/><T89/><D117/><N who="3" m="45129" /><G27/><N who="0" m="16511" /><D2/><U39/><E39/><N who="2" m="21631" /><F77/><W14/><G14/><T75/><D75/><U123/><E135/><V103/><F103/><W70/><G132/><T129/><D125/><U69/><E123/><V55/><F30/><W73/><G73/><T83/><D134/><U67/><E5/><N who="2" m="1471" /><F35/><W6/><G6/><T57/><D57/><U1/><E1/><V120/><F120/><W112/><G38/><T42/><D42/><U101/><E48/><V26/><F26/><W96/><G96/><T4/><D4/><U84/><E101/><V88/><F88/><N who="0" m="33866" /><D83/><U133/><E102/><V24/><F24/><W86/><G86/><T131/><AGARI ba="1,2" hai="9,10,56,60,66,129,130,131" m="33866,16511" machi="131" ten="40,7800,0" yaku="19,1,52,1,54,1" doraHai="17" who="0" fromWho="0" sc="229,101,218,-27,242,-27,291,-27" /><INIT seed="4,2,0,5,5,134" ten="330,191,215,264" oya="0" hai0="67,110,131,104,26,59,61,62,118,124,123,15,82" hai1="109,34,36,90,42,4,22,40,18,125,83,11,128" hai2="7,51,130,14,87,63,117,69,115,105,46,113,132" hai3="94,116,48,119,107,101,53,16,106,78,25,108,112"/><T97/><D123/><U98/><E128/><V58/><F105/><W20/><G108/><T100/><D118/><U21/><E109/><V17/><F130/><W121/><G121/><T66/><D131/><U54/><E34/><V32/><F32/><W43/><G43/><T68/><D110/><U71/><E71/><V74/><F74/><W95/><G112/><T33/><D82/><U2/><E125/><V57/><F7/><W77/><G95/><T91/><D15/><U99/><E54/><V30/><F30/><W114/><G114/><N who="2" m="43529" /><F87/><W92/><G92/><T44/><D44/><U96/><E36/><V56/><F132/><W29/><G94/><T86/><D86/><U103/><E103/><V72/><F72/><W47/><G107/><T6/><D91/><U13/><E90/><V1/><F1/><W85/><G29/><N who="0" m="19639" /><D6/><U122/><E83/><V35/><F35/><W120/><G120/><T39/><D39/><U65/><E122/><V135/><F135/><W19/><G19/><T70/><D70/><U126/><E126/><AGARI ba="2,0" hai="59,61,62,66,67,68,97,100,104,124,126" m="19639" machi="126" ten="30,5800,0" yaku="25,1,52,2" doraHai="134" who="0" fromWho="1" sc="330,64,191,-64,215,0,264,0" /><INIT seed="4,3,0,1,0,14" ten="394,127,215,264" oya="0" hai0="72,24,65,107,3,34,4,28,33,22,106,64,50" hai1="83,48,84,7,13,125,102,104,88,39,76,112,80" hai2="126,54,55,92,131,70,43,117,109,67,114,113,79" hai3="105,36,89,26,116,75,135,86,133,101,2,103,74"/><T95/><D72/><N who="3" m="27689" /><G26/><T20/><D95/><U82/><E39/><V98/><F79/><W12/><G12/><T30/><D50/><U11/><E125/><V71/><F92/><N who="3" m="54327" /><G2/><T32/><D4/><U58/><E112/><V1/><F98/><N who="3" m="61623" /><G36/><T40/><D40/><U53/><REACH who="1" step="1"/><E76/><REACH who="1" ten="394,117,215,264" step="2"/><V44/><F114/><W97/><G116/><T99/><D33/><U100/><E100/><V38/><F113/><W29/><G29/><T46/><D34/><U91/><E91/><V60/><F126/><W110/><G110/><T25/><D32/><U35/><E35/><V124/><F124/><W121/><G121/><T0/><D30/><U18/><E18/><V6/><F109/><W129/><G129/><T96/><D28/><U21/><E21/><V9/><F131/><W115/><G115/><T120/><D120/><U68/><E68/><V128/><F128/><W52/><G135/><T118/><D118/><U123/><E123/><V57/><F117/><W31/><G31/><T66/><D20/><U59/><E59/><V87/><F71/><W10/><G133/><T5/><D22/><U62/><E62/><V23/><F23/><W56/><G10/><T51/><D24/><U90/><E90/><V122/><F122/><W41/><G103/><N who="0" m="62823" /><D25/><U49/><E49/><V94/><F70/><W19/><G19/><T45/><D51/><U69/><E69/><V63/><F63/><N who="3" m="36231" /><G97/><AGARI ba="3,1" hai="7,11,13,48,53,58,80,82,83,84,88,97,102,104" machi="97" ten="40,5200,0" yaku="1,1,54,1,53,1" doraHai="14" doraHaiUra="93" who="1" fromWho="3" sc="394,0,117,71,215,0,264,-61" /><INIT seed="5,0,0,2,3,119" ten="394,188,215,203" oya="1" hai0="49,50,104,53,59,128,88,14,116,80,12,34,78" hai1="44,120,112,71,118,41,16,106,66,117,8,39,23" hai2="54,68,123,33,108,46,32,134,40,15,31,81,63" hai3="92,107,6,18,73,72,58,94,93,91,60,74,83"/><U133/><E133/><V127/><F108/><W98/><G6/><T21/><D34/><U121/><E106/><V115/><F15/><W90/><G18/><T103/><D116/><U122/><E112/><V29/><F54/><W27/><G27/><T28/><D103/><U0/><E0/><V62/><F62/><W105/><G58/><T76/><D104/><N who="3" m="40009" /><G60/><T48/><D128/><U99/><E99/><V114/><F134/><W51/><G51/><N who="0" m="31167" /><D28/><U85/><E8/><V47/><F63/><W45/><G45/><T70/><D70/><U30/><E30/><V87/><F68/><W22/><G22/><T64/><D64/><U125/><E125/><V61/><F61/><W69/><G69/><T56/><D56/><U11/><E11/><V36/><F127/><W109/><G109/><T130/><D130/><U52/><E71/><V17/><F47/><W126/><G126/><T97/><D14/><U111/><E66/><V77/><F31/><W2/><G2/><T19/><D50/><U9/><E9/><V57/><F57/><W113/><G113/><N who="2" m="43017" /><F33/><W10/><G10/><T26/><D48/><U38/><E38/><V135/><F135/><W101/><G83/><T89/><D49/><U13/><E111/><V20/><F29/><W1/><G1/><T5/><D12/><U4/><E4/><V95/><F32/><W132/><G132/><T42/><D5/><U102/><E52/><V124/><F124/><W79/><G79/><N who="0" m="30251" /><D42/><U24/><E13/><V35/><F35/><W110/><G110/><T37/><D37/><U43/><E39/><V25/><F36/><RYUUKYOKU ba="0,0" sc="394,-10,188,-10,215,-10,203,30" hai3="72,73,74,90,91,92,93,94,98,101" /><INIT seed="6,1,0,3,5,27" ten="384,178,205,233" oya="2" hai0="123,121,100,94,3,127,97,44,40,0,85,59,39" hai1="50,68,82,45,10,52,87,54,118,60,98,5,47" hai2="109,80,25,36,102,135,26,41,42,128,43,2,84" hai3="35,103,120,6,81,129,14,22,83,66,20,1,15"/><V69/><F69/><W33/><G103/><T107/><D127/><U76/><E118/><V114/><F36/><W106/><G66/><T112/><D112/><U7/><E98/><V18/><F2/><W67/><G67/><T133/><D133/><U130/><E130/><V62/><F114/><W56/><G56/><T53/><D85/><U96/><E96/><V28/><F128/><W38/><G38/><T70/><D70/><U49/><E10/><V74/><F74/><W91/><G91/><T105/><D0/><U21/><E21/><N who="3" m="8298" /><G106/><T113/><D3/><U126/><E126/><V55/><F135/><W95/><G95/><T90/><D113/><U75/><E75/><V48/><F102/><W119/><G129/><T104/><D100/><U46/><E46/><V4/><F62/><W65/><G65/><AGARI ba="1,0" hai="5,7,45,47,49,50,52,54,60,65,68,76,82,87" machi="65" ten="40,2600,0" yaku="9,1,54,1" doraHai="27" who="1" fromWho="3" sc="384,0,178,29,205,0,233,-29" /><INIT seed="7,0,0,1,4,132" ten="384,207,205,204" oya="3" hai0="92,116,8,62,78,102,2,125,133,7,84,71,69" hai1="40,41,83,1,34,46,93,104,31,77,38,29,20" hai2="103,43,88,113,81,89,91,30,51,32,87,55,124" hai3="95,13,127,109,45,72,22,122,101,3,39,128,53"/><W16/><G122/><T98/><D116/><U50/><E104/><V99/><F124/><W117/><G127/><T0/><D133/><U73/><E34/><V94/><F113/><W107/><G128/><T114/><D114/><U96/><E1/><V64/><F43/><W12/><G117/><T68/><D125/><U58/><E20/><V134/><F134/><W75/><G3/><T86/><D0/><U79/><E79/><N who="2" m="46527" /><F32/><W118/><G107/><T54/><D78/><U14/><E14/><V123/><F123/><W111/><G118/><T21/><D21/><U97/><E97/><V59/><F64/><W42/><G13/><T82/><D82/><U120/><E120/><V6/><F30/><W44/><G101/><T36/><D36/><U65/><E65/><V130/><F130/><W28/><G95/><T25/><D25/><U61/><E41/><V70/><F70/><W17/><G17/><T60/><D60/><U129/><E129/><V85/><F6/><W35/><G28/><T76/><D76/><U121/><E121/><V23/><F23/><W119/><G35/><T19/><D19/><U74/><E74/><V115/><F115/><W24/><G24/><T47/><D62/><U108/><E108/><N who="3" m="41546" /><G119/><T110/><D110/><U106/><E106/><V18/><F18/><W90/><G90/><T9/><D9/><U48/><E29/><V15/><F15/><W26/><G26/><T126/><D126/><U105/><E31/><V80/><AGARI ba="0,0" hai="51,55,59,80,85,88,89,91,94,99,103" m="46527" machi="80" ten="30,2000,0" yaku="8,1,54,1" doraHai="132" who="2" fromWho="2" sc="384,-5,207,-5,205,20,204,-10" owari="379,48.0,202,-20.0,225,3.0,194,-31.0" /></mjloggm>