<mjloggm ver="2.3"><GO type="169" lobby="0"/><UN n0="%E5%B2%A9%E7%9F%B3%E3%82%AA%E3%83%BC%E3%83%97%E3%83%B3" n1="%73%61%63%68%69%6F" n2="%E5%B0%B1%E6%B4%BB%E7%94%9F%40%E5%B7%9D%E6%9D%91%E8%BB%8D%E5%9B%A3" n3="%E3%81%BC%E3%81%A3%E3%81%A1%E5%85%9A%E5%93%A1" dan="16,16,17,16" rate="2093.38,2073.03,2151.63,2038.64" sx="M,M,M,F"/><TAIKYOKU oya="0"/><INIT seed="0,0,0,3,0,92" ten="250,250,250,250" oya="0" hai0="94,132,118,65,43,29,91,85,90,78,106,130,119" hai1="63,13,17,105,111,44,104,93,48,125,110,74,40" hai2="128,121,95,30,14,41,76,55,2,34,103,21,6" hai3="28,115,12,22,122,80,49,70,24,97,18,45,101"/><T83/><D65/><U58/><E74/><V11/><F121/><W5/><G115/><T117/><D29/><U60/><E125/><V20/><F128/><W129/><G129/><T102/><D130/><U61/><E58/><V99/><F76/><W126/><G126/><T100/><D43/><U68/><E68/><V47/><F2/><W79/><G70/><T37/><D37/><U54/><E54/><V26/><REACH who="2" step="1"/><F55/><REACH who="2" ten="250,250,240,250" step="2"/><W10/><G122/><T67/><D67/><U15/><E111/><V19/><F19/><W112/><G112/><T82/><D132/><U62/><E110/><V4/><F4/><W66/><G66/><T127/><D127/><U3/><E3/><V77/><F77/><W64/><G64/><T42/><D42/><U134/><E134/><V73/><F73/><W50/><G5/><T9/><D9/><U113/><E113/><V25/><F25/><W36/><G10/><T131/><D131/><U120/><E120/><V1/><F1/><W51/><G24/><T116/><D116/><U107/><E17/><V81/><F81/><W114/><G114/><T89/><D82/><U109/><E109/><V86/><F86/><W72/><G18/><T96/><REACH who="0" step="1"/><D102/><REACH who="0" ten="240,250,240,250" step="2"/><U33/><E33/><V38/><AGARI ba="0,2" hai="6,11,14,20,21,26,30,34,38,41,47,95,99,103" machi="38" ten="20,8000,1" yaku="1,1,0,1,7,1,52,1,53,1" doraHai="92" doraHaiUra="8" who="2" fromWho="2" sc="240,-40,250,-20,240,100,250,-20" /><INIT seed="1,0,0,3,1,73" ten="200,230,340,230" oya="1" hai0="123,41,131,111,59,39,69,79,23,21,104,128,9" hai1="32,113,81,30,52,50,101,16,26,43,2,66,0" hai2="58,88,27,61,99,93,85,11,31,44,17,130,54" hai3="51,5,91,60,129,115,114,77,45,103,122,62,119"/><U106/><E113/><V78/><F130/><W63/><G122/><T25/><D69/><U95/><E106/><V90/><F44/><W76/><G129/><N who="0" m="49739" /><D104/><U38/><E66/><V24/><F31/><W48/><G119/><T135/><D123/><U100/><E43/><V4/><F17/><W68/><G68/><T126/><D39/><U10/><E38/><V110/><F110/><W102/><G5/><T65/><D111/><U49/><E49/><N who="3" m="19018" /><G45/><T15/><D41/><U57/><E81/><V98/><F78/><N who="3" m="30315" /><G91/><T36/><D79/><U64/><E64/><V112/><F112/><AGARI ba="0,0" hai="60,62,63,102,103,112,114,115" m="30315,19018" machi="112" ten="40,8000,1" yaku="28,2,52,3" doraHai="73" who="3" fromWho="2" sc="200,0,230,0,340,-80,230,80" /><INIT seed="2,0,0,3,5,36" ten="200,230,260,310" oya="2" hai0="64,25,53,134,2,75,124,112,80,16,123,30,6" hai1="15,61,95,50,21,125,7,27,86,104,58,46,85" hai2="91,65,71,44,31,49,51,26,8,81,135,22,89" hai3="60,77,114,43,28,11,117,101,84,99,59,105,98"/><V121/><F121/><W34/><G117/><T128/><D112/><U35/><E104/><V37/><F135/><W83/><G114/><T57/><D134/><U3/><E3/><V23/><F37/><W103/><G11/><T90/><D123/><U9/><E35/><V133/><F133/><W40/><G28/><T13/><D64/><U119/><E125/><V0/><F23/><W52/><G34/><T129/><D124/><U74/><E74/><V127/><F127/><W10/><G10/><T96/><D6/><U55/><E95/><AGARI ba="0,0" hai="40,43,52,59,60,77,83,84,95,98,99,101,103,105" machi="95" ten="30,7700,0" yaku="7,1,52,2,54,1" doraHai="36" who="3" fromWho="1" sc="200,0,230,-77,260,0,310,77" /><INIT seed="3,0,0,4,5,84" ten="200,153,260,387" oya="3" hai0="50,96,65,74,44,85,119,97,61,60,127,79,36" hai1="76,108,88,32,100,81,63,126,123,94,38,98,110" hai2="10,22,95,45,42,46,47,113,114,13,68,72,14" hai3="120,2,130,31,39,69,73,35,16,4,11,55,23"/><W15/><G39/><T134/><D74/><N who="1" m="43159" /><E38/><V28/><F72/><W56/><G120/><T78/><D36/><U83/><E63/><V26/><F68/><W111/><G69/><T59/><D61/><U117/><E32/><V115/><F95/><W89/><G73/><T25/><D44/><U86/><E123/><V82/><F82/><W18/><G130/><T103/><D50/><U37/><E37/><V27/><F42/><W104/><G104/><T71/><D25/><U124/><E117/><V102/><F102/><W49/><G111/><AGARI ba="0,0" hai="83,86,88,94,98,100,108,110,111,124,126" m="43159" machi="111" ten="30,8000,1" yaku="14,1,34,2,52,1,54,1" doraHai="84" who="1" fromWho="3" sc="200,0,153,80,260,0,387,-80" /><INIT seed="4,0,0,2,3,86" ten="200,233,260,307" oya="0" hai0="107,99,122,62,30,46,126,52,127,23,10,131,57" hai1="54,109,31,50,120,25,43,60,19,27,114,67,81" hai2="83,45,121,89,18,77,128,34,56,53,93,132,105" hai3="16,66,79,64,69,112,91,96,55,6,22,20,97"/><T7/><D122/><U70/><E120/><V15/><F105/><W90/><G6/><T24/><D131/><U113/><E109/><V103/><F121/><W101/><G79/><T8/><D46/><U12/><E43/><V4/><F34/><W9/><G69/><T36/><D36/><U39/><E81/><V48/><F128/><W80/><G9/><T115/><D115/><U37/><E27/><V49/><F103/><W75/><G75/><T100/><REACH who="0" step="1"/><D8/><REACH who="0" ten="190,233,260,307" step="2"/><U125/><E39/><V82/><F132/><W118/><G112/><T78/><D78/><U40/><E113/><V58/><F4/><W61/><G118/><T134/><D134/><U11/><E114/><V44/><F77/><W119/><G119/><T72/><D72/><U35/><E37/><V104/><F104/><W0/><G0/><AGARI ba="0,1" hai="0,7,10,23,24,30,52,57,62,99,100,107,126,127" machi="0" ten="40,7700,0" yaku="1,1,54,1,53,1" doraHai="86" doraHaiUra="32" who="0" fromWho="3" sc="190,87,233,0,260,0,307,-77" /><INIT seed="4,1,0,0,2,23" ten="277,233,260,230" oya="0" hai0="52,11,126,1,88,42,47,43,50,97,129,61,12" hai1="49,130,105,102,29,91,8,46,86,21,44,135,22" hai2="99,90,67,9,48,87,122,115,16,4,119,40,85" hai3="35,66,83,78,17,84,118,89,72,34,45,53,26"/><T121/><D1/><U19/><E135/><V37/><F122/><W117/><G66/><T39/><D121/><U124/><E130/><V100/><F37/><W98/><G98/><T81/><D129/><U94/><E124/><V128/><F128/><W55/><G35/><T51/><D126/><U73/><E73/><V114/><F119/><W123/><G123/><T25/><D39/><U18/><E29/><V27/><F67/><W120/><G120/><T68/><D61/><U127/><E8/><V41/><F4/><W65/><G65/><T3/><D3/><U107/><E127/><V133/><F133/><W20/><G34/><T0/><D0/><U82/><E107/><V106/><F87/><W104/><G104/><T7/><D68/><U93/><E105/><V14/><F27/><W80/><REACH who="3" step="1"/><G45/><REACH who="3" ten="277,233,260,220" step="2"/><N who="0" m="27759" /><D97/><U32/><E32/><V10/><F114/><W70/><G70/><T76/><D76/><U109/><E46/><V24/><F115/><W57/><G57/><T74/><D43/><U101/><E101/><V38/><F100/><W71/><G71/><T54/><D42/><U59/><E59/><V116/><F40/><W63/><G63/><T6/><D47/><U33/><E33/><V62/><F41/><W112/><G112/><T77/><D77/><U134/><E134/><V36/><F106/><W64/><G64/><T103/><D103/><U110/><E102/><V69/><F69/><W2/><G2/><T113/><D113/><U31/><E44/><V131/><F131/><W56/><G56/><T30/><D54/><AGARI ba="1,1" hai="17,20,26,53,54,55,72,78,80,83,84,89,117,118" machi="54" ten="40,2600,0" yaku="1,1,52,1,53,0" doraHai="23" doraHaiUra="60" who="3" fromWho="0" sc="277,-29,233,0,260,0,220,39" /><INIT seed="5,0,0,4,3,76" ten="248,233,260,259" oya="1" hai0="68,31,54,131,135,58,122,86,53,38,95,61,43" hai1="69,41,89,74,125,71,25,123,82,2,126,27,100" hai2="110,30,134,104,14,88,1,44,8,120,64,17,13" hai3="73,48,3,115,102,15,118,46,26,16,32,70,121"/><U39/><E123/><V24/><F104/><W124/><G121/><T127/><D122/><U106/><E2/><V98/><F120/><W75/><G70/><T96/><D31/><U29/><E25/><V81/><F110/><W93/><G3/><T84/><D68/><N who="1" m="26187" /><E89/><V12/><F134/><W97/><G118/><T108/><D135/><U114/><E114/><V0/><F64/><W10/><G124/><N who="1" m="47722" /><E100/><V80/><F44/><W90/><G102/><T119/><D119/><U63/><E63/><V34/><F1/><W7/><G115/><T50/><D61/><U128/><E128/><V83/><REACH who="2" step="1"/><F0/><REACH who="2" ten="248,233,250,259" step="2"/><W103/><G46/><T78/><D108/><U52/><E106/><V20/><F20/><W107/><G107/><T77/><D127/><U18/><E39/><V11/><F11/><W4/><G10/><T130/><D130/><U117/><E117/><V60/><F60/><W33/><G32/><T51/><D131/><U5/><E5/><V22/><F22/><W62/><G62/><T129/><D129/><U59/><E41/><V66/><F66/><W37/><G4/><T91/><D43/><U87/><E18/><V92/><AGARI ba="0,1" hai="8,12,13,14,17,24,30,34,80,81,83,88,92,98" machi="92" ten="30,12000,2" yaku="1,1,0,1,52,3,54,1,53,0" doraHai="76" doraHaiUra="57" who="2" fromWho="2" sc="248,-30,233,-60,250,130,259,-30" /><INIT seed="6,0,0,0,3,102" ten="218,173,380,229" oya="2" hai0="14,34,135,72,46,56,47,13,53,97,57,0,7" hai1="51,130,58,90,2,109,73,98,54,52,92,78,61" hai2="114,55,108,19,64,88,87,94,116,37,66,85,71" hai3="9,121,93,80,41,30,27,36,84,106,39,123,49"/><V40/><F116/><W50/><G9/><T6/><D72/><U86/><E109/><V69/><F108/><W17/><G17/><T33/><D97/><U115/><E115/><V70/><F114/><W82/><G93/><T24/><D24/><U28/><E2/><V8/><F55/><W29/><G27/><T15/><D53/><U12/><E130/><V21/><F8/><W5/><G84/><T132/><REACH who="0" step="1"/><D14/><REACH who="0" ten="208,173,380,229" step="2"/><U120/><E120/><V134/><F40/><W113/><G113/><T104/><D104/><U38/><E73/><V11/><F87/><W77/><G106/><T125/><D125/><U119/><E119/><V60/><F66/><W91/><G123/><T10/><D10/><U22/><E38/><V124/><F11/><W129/><G121/><T89/><D89/><U42/><E42/><V117/><F37/><W107/><G41/><T20/><D20/><U1/><E1/><AGARI ba="0,1" hai="0,1,6,7,13,15,33,34,46,47,56,57,132,135" machi="1" ten="25,3200,0" yaku="1,1,22,2,53,0" doraHai="102" doraHaiUra="99" who="0" fromWho="1" sc="208,42,173,-32,380,0,229,0" /><INIT seed="7,0,0,0,1,37" ten="250,141,380,229" oya="3" hai0="8,116,46,128,105,20,115,95,13,134,24,85,59" hai1="125,94,39,106,3,57,117,1,74,15,31,101,126" hai2="53,32,22,108,60,89,103,82,110,19,43,64,33" hai3="38,6,114,86,36,90,27,44,78,80,87,120,29"/><W9/><G120/><T52/><D105/><U35/><E57/><V10/><F103/><W93/><G44/><T7/><D116/><U112/><E15/><V4/><F53/><W49/><G49/><T21/><D128/><U130/><E94/><V28/><F89/><W14/><REACH who="3" step="1"/><G114/><REACH who="3" ten="250,141,380,219" step="2"/><T98/><D115/><U92/><E126/><V135/><F108/><W102/><G102/><T0/><D46/><U26/><E101/><V2/><F110/><W17/><G17/><T23/><D134/><U70/><E31/><V66/><F28/><W11/><G11/><T133/><D133/><U118/><E118/><V48/><F135/><W73/><G73/><T91/><D85/><U34/><E34/><AGARI ba="0,1" hai="6,9,14,27,29,34,36,38,78,80,86,87,90,93" machi="34" ten="30,5800,0" yaku="1,1,7,1,53,1" doraHai="37" doraHaiUra="84" who="3" fromWho="1" sc="250,0,141,-58,380,0,219,68" /><INIT seed="7,1,0,1,1,90" ten="250,83,380,287" oya="3" hai0="38,20,27,68,19,121,112,31,86,88,122,5,87" hai1="55,131,100,26,42,14,47,128,33,79,92,21,85" hai2="37,40,96,9,98,81,49,115,124,61,45,80,78" hai3="127,13,113,48,1,114,43,58,35,75,71,116,125"/><W51/><G1/><T99/><D68/><U110/><E110/><V52/><F124/><N who="3" m="47691" /><G35/><T50/><D38/><U17/><E79/><V93/><F115/><N who="3" m="44043" /><G75/><T59/><D112/><U76/><E76/><V12/><F78/><W69/><G13/><T94/><D5/><U123/><E123/><V39/><F39/><W72/><G72/><T101/><D86/><U89/><E100/><V117/><F117/><W130/><G130/><T97/><D97/><U84/><E84/><V15/><F15/><W10/><G10/><T53/><D31/><U77/><E77/><V16/><F96/><W2/><G2/><T83/><AGARI ba="1,0" hai="19,20,27,50,53,59,83,87,88,94,99,101,121,122" machi="83" ten="20,5200,0" yaku="0,1,7,1,52,1,54,1" doraHai="90" who="0" fromWho="0" sc="250,55,83,-14,380,-14,287,-27" owari="305,11.0,69,-43.0,366,46.0,260,-14.0" /></mjloggm>