<mjloggm ver="2.3"><GO type="169" lobby="0"/><UN n0="%E3%82%B7%E3%83%B3%E3%83%87%E3%83%AB%E3%83%A9" n1="%E3%82%A6%E3%83%AB%E3%83%88%E3%83%A9%E7%AB%8B%E7%9B%B4" n2="%E3%82%AB%E3%83%96%E3%83%88" n3="%6D%61%73%61%73%69%6F" dan="17,17,17,16" rate="2155.48,2211.71,2195.24,2130.90" sx="F,M,M,M"/><TAIKYOKU oya="0"/><INIT seed="0,0,0,1,2,77" ten="250,250,250,250" oya="0" hai0="107,68,72,48,89,20,117,54,65,22,51,94,85" hai1="118,121,26,82,4,98,112,122,106,110,57,132,38" hai2="42,116,78,105,15,96,133,91,50,7,30,90,130" hai3="66,0,6,111,8,46,18,76,31,58,126,23,75"/><T113/><D113/><U97/><E4/><V36/><F36/><W99/><G126/><T32/><D117/><U35/><E57/><V135/><F116/><W3/><G111/><T28/><D107/><U79/><E118/><V9/><F130/><W129/><G129/><T74/><D32/><U56/><E56/><V104/><F30/><W124/><G124/><T101/><D101/><U10/><E10/><V27/><F27/><W131/><G131/><T70/><D65/><U80/><E38/><V120/><F120/><W123/><G123/><T71/><D48/><U13/><E13/><V127/><F127/><W69/><G69/><T29/><D29/><U41/><E26/><V64/><F64/><W125/><G3/><T128/><D128/><U67/><E67/><V12/><F78/><W60/><G31/><T11/><D11/><U47/><E79/><V52/><F42/><W21/><G125/><T73/><REACH who="0" step="1"/><D28/><REACH who="0" ten="240,250,250,250" step="2"/><U39/><E35/><V17/><F104/><W93/><G8/><T25/><D25/><U14/><E112/><V55/><F50/><W86/><G66/><T87/><D87/><U102/><E122/><V59/><F105/><W134/><G86/><T100/><D100/><U103/><E121/><V49/><F49/><W114/><G114/><T84/><D84/><U1/><E106/><V43/><F9/><W40/><G23/><T45/><AGARI ba="0,1" hai="20,22,45,51,54,68,70,71,72,73,74,85,89,94" machi="45" ten="40,3900,0" yaku="1,1,0,1,53,0" doraHai="77" doraHaiUra="115" who="0" fromWho="0" sc="240,49,250,-13,250,-13,250,-13" /><INIT seed="0,1,0,3,5,119" ten="289,237,237,237" oya="0" hai0="130,125,104,65,16,101,35,33,97,44,63,109,103" hai1="31,49,26,91,94,66,100,53,99,34,69,120,123" hai2="14,4,5,21,32,64,77,47,37,19,56,107,0" hai3="17,121,9,84,105,10,59,75,39,90,73,106,12"/><T71/><D125/><U132/><E132/><V70/><F107/><W133/><G39/><T80/><D130/><U88/><E66/><V50/><F32/><W24/><G133/><T18/><D109/><U45/><E69/><V42/><F0/><W118/><G118/><T67/><D67/><U126/><E126/><V28/><F28/><W61/><G75/><T76/><D103/><U117/><E117/><V43/><F77/><W13/><G73/><T38/><D38/><U8/><E8/><V29/><F29/><W41/><G41/><T129/><D44/><U48/><E91/><V23/><F23/><W46/><G46/><T2/><D2/><U52/><E100/><V128/><F128/><W122/><G24/><T135/><D135/><U89/><E89/><V55/><REACH who="2" step="1"/><F43/><REACH who="2" ten="289,237,227,237" step="2"/><W111/><G111/><T92/><D129/><U93/><E93/><V134/><F134/><W110/><G110/><T81/><D104/><U36/><E36/><V85/><F85/><W82/><G106/><T6/><D81/><U83/><E83/><V102/><F102/><W22/><G105/><T30/><D35/><U96/><E96/><V87/><F87/><W54/><REACH who="3" step="1"/><G22/><REACH who="3" ten="289,237,227,227" step="2"/><T72/><D72/><U62/><E62/><AGARI ba="1,2" hai="4,5,14,19,21,37,42,47,50,55,56,62,64,70" machi="62" ten="40,5200,0" yaku="1,1,24,2,53,0" doraHai="119" doraHaiUra="20" who="2" fromWho="1" sc="289,0,237,-55,227,75,227,0" /><INIT seed="1,0,0,0,1,93" ten="289,182,302,227" oya="1" hai0="16,66,129,57,49,83,96,22,94,60,99,91,113" hai1="76,8,73,7,34,79,27,47,80,52,40,37,35" hai2="135,112,23,5,69,134,63,15,55,44,2,104,77" hai3="28,53,132,120,102,20,124,17,87,125,95,74,32"/><U86/><E27/><V61/><F2/><W51/><G74/><T31/><D113/><U82/><REACH who="1" step="1"/><E52/><REACH who="1" ten="289,172,302,227" step="2"/><V70/><F112/><W21/><G53/><T130/><D31/><U133/><E133/><V43/><F55/><W100/><G28/><T42/><D130/><U18/><E18/><V67/><F135/><W81/><G17/><T59/><D129/><U45/><E45/><V38/><F134/><W4/><G132/><T46/><D83/><U36/><E36/><V131/><F131/><W14/><G81/><T119/><D119/><U71/><E71/><V114/><F114/><W26/><G26/><N who="0" m="14663" /><D59/><U10/><E10/><V115/><F115/><W0/><G4/><T88/><D91/><U9/><E9/><V6/><F69/><W12/><G21/><T90/><D90/><U122/><E122/><V56/><F5/><W64/><G20/><T24/><D24/><U98/><E98/><AGARI ba="0,1" hai="42,46,49,57,60,66,88,94,96,98,99" m="14663" machi="98" ten="30,12000,2" yaku="8,1,52,3,54,2" doraHai="93" who="0" fromWho="1" sc="289,130,172,-120,302,0,227,0" /><INIT seed="2,0,0,2,2,110" ten="419,52,302,227" oya="2" hai0="26,113,102,28,77,112,3,4,74,50,71,10,13" hai1="134,69,122,47,92,98,19,59,97,37,41,42,106" hai2="119,62,79,56,52,31,94,109,104,95,27,93,99" hai3="7,63,86,48,75,132,91,38,64,33,2,60,68"/><V101/><F119/><W44/><G33/><N who="0" m="20631" /><D50/><U58/><E122/><V80/><F109/><W46/><G75/><T107/><D13/><U116/><E116/><V85/><REACH who="2" step="1"/><F104/><REACH who="2" ten="419,52,292,227" step="2"/><W108/><G108/><T126/><D107/><U55/><E106/><V82/><F82/><W66/><G132/><T49/><D126/><U87/><E134/><V24/><F24/><W35/><G35/><AGARI ba="0,1" hai="27,31,35,52,56,62,79,80,85,93,94,95,99,101" machi="35" ten="30,5800,0" yaku="1,1,7,1,54,1,53,0" doraHai="110" doraHaiUra="133" who="2" fromWho="3" sc="419,0,52,0,292,68,227,-58" /><INIT seed="2,1,0,0,2,128" ten="419,52,360,169" oya="2" hai0="3,85,89,30,88,50,42,44,68,59,71,25,116" hai1="12,99,132,75,130,5,21,122,6,97,131,13,119" hai2="126,90,57,93,133,84,18,45,17,56,104,82,0" hai3="46,127,110,62,40,38,77,51,11,118,114,135,124"/><V2/><F104/><W100/><G118/><T72/><D116/><U102/><E119/><V37/><F126/><N who="3" m="48171" /><G100/><T78/><D3/><U16/><E75/><V113/><F113/><W109/><G77/><T111/><D111/><N who="3" m="42505" /><G11/><T19/><D19/><U92/><E122/><V64/><F0/><W80/><G80/><T91/><D72/><U36/><E36/><V117/><F2/><W83/><G83/><T7/><D7/><N who="1" m="2571" /><E99/><V55/><F117/><W101/><G101/><T28/><D78/><U22/><E13/><V32/><F82/><W63/><G114/><T24/><D85/><U31/><E22/><V94/><F94/><W67/><G135/><T112/><D59/><U66/><E31/><V52/><F133/><W70/><G63/><T65/><D112/><U106/><E106/><V121/><F93/><W86/><G86/><T105/><D105/><U107/><E107/><V73/><F84/><W96/><G96/><T134/><D134/><U76/><E76/><V48/><F73/><W34/><G34/><T69/><REACH who="0" step="1"/><D65/><REACH who="0" ten="409,52,360,169" step="2"/><U27/><E66/><V29/><F64/><W9/><G9/><T41/><D41/><U58/><E132/><V10/><F10/><W61/><G61/><T39/><D39/><AGARI ba="1,1" hai="38,39,40,46,51,62,67,70" m="42505,48171" machi="39" ten="30,7700,0" yaku="18,1,14,1,34,2" doraHai="128" who="3" fromWho="0" sc="409,-80,52,0,360,0,169,90" /><INIT seed="3,0,0,0,3,9" ten="329,52,360,259" oya="3" hai0="72,115,54,91,40,1,128,6,60,66,114,11,8" hai1="0,96,76,37,107,38,102,51,68,109,80,25,13" hai2="101,73,42,84,26,112,127,24,119,52,79,86,63" hai3="64,117,43,58,18,104,20,30,33,97,48,56,2"/><W89/><G2/><T131/><D72/><U99/><E0/><V46/><F119/><W59/><G117/><T70/><D40/><U81/><E68/><V65/><F112/><N who="0" m="43050" /><D91/><U34/><E109/><V62/><F127/><W125/><G125/><T19/><D54/><U87/><E51/><V132/><F132/><W28/><G64/><T116/><D116/><U69/><E69/><V41/><F101/><W94/><G104/><T134/><D134/><U67/><E67/><V108/><F108/><W111/><G111/><T61/><D61/><U129/><E129/><V77/><F65/><W7/><G7/><N who="0" m="1135" /><D19/><U15/><E99/><V122/><F73/><W50/><G33/><T21/><D21/><U106/><E106/><V118/><F118/><W113/><G113/><T55/><D55/><U5/><E5/><V31/><F52/><W14/><REACH who="3" step="1"/><G50/><REACH who="3" ten="329,52,360,249" step="2"/><T126/><D126/><U95/><E107/><V17/><F63/><W90/><G90/><T57/><D70/><U23/><E34/><V53/><F62/><W22/><G22/><T88/><D88/><U100/><E100/><V3/><F3/><AGARI ba="0,1" hai="3,6,11,57,60,66,128,131" m="1135,43050" machi="3" ten="30,1000,0" yaku="11,1" doraHai="9" who="0" fromWho="2" sc="329,20,52,0,360,-10,249,0" /><INIT seed="4,0,0,5,0,82" ten="349,52,350,249" oya="0" hai0="128,75,114,87,126,120,70,84,53,89,133,108,24" hai1="11,134,81,109,124,41,17,5,93,25,86,58,97" hai2="19,21,40,9,35,45,115,7,60,43,112,83,100" hai3="57,92,101,74,80,39,94,23,118,26,62,106,3"/><T16/><D120/><U29/><E109/><V22/><F35/><W131/><G39/><T125/><D108/><U48/><E124/><N who="0" m="47721" /><D114/><N who="2" m="43562" /><F100/><W104/><G3/><T28/><D75/><U105/><E105/><V1/><F60/><W99/><G131/><T65/><D128/><U98/><E134/><V50/><F83/><W129/><G129/><T103/><D133/><U31/><E17/><V46/><F19/><W27/><G27/><T72/><D72/><U20/><E31/><V56/><F56/><W36/><G36/><AGARI ba="0,0" hai="1,7,9,21,22,36,40,43,45,46,50" m="43562" machi="36" ten="30,1000,0" yaku="15,1" doraHai="82" who="2" fromWho="3" sc="349,0,52,0,350,10,249,-10" /><INIT seed="5,0,0,1,3,85" ten="349,52,360,239" oya="1" hai0="9,34,102,0,79,105,107,67,65,23,59,13,130" hai1="90,106,127,123,29,58,7,3,4,88,55,51,72" hai2="43,111,17,92,19,135,74,24,8,41,5,61,1" hai3="50,66,86,115,16,11,109,60,49,80,129,75,95"/><U119/><E123/><V42/><F111/><W134/><G109/><T87/><D34/><U114/><E119/><V126/><F74/><W57/><G115/><T18/><D130/><U121/><E121/><V22/><F135/><W36/><G36/><T52/><D105/><U69/><E72/><V38/><F126/><W112/><G112/><T45/><D45/><U83/><E114/><V84/><F38/><W2/><G2/><T108/><D108/><U54/><E69/><V101/><F61/><W20/><G11/><T40/><D40/><U56/><E106/><V99/><REACH who="2" step="1"/><F84/><REACH who="2" ten="349,52,350,239" step="2"/><W47/><G134/><T48/><D87/><N who="1" m="50303" /><E127/><V26/><F26/><N who="3" m="14599" /><G75/><T30/><D48/><N who="1" m="30791" /><E3/><V81/><F81/><W76/><G129/><T128/><D0/><U125/><E125/><V10/><F10/><W82/><G82/><T133/><D9/><U31/><E90/><V44/><F44/><W124/><G124/><T15/><D128/><U103/><E103/><V53/><F53/><N who="3" m="29919" /><G49/><T68/><D102/><U98/><E98/><V73/><F73/><W89/><G95/><T27/><D133/><U39/><E39/><V122/><F122/><W93/><G93/><T35/><D107/><U37/><E37/><V100/><F100/><W131/><G131/><T28/><D27/><U97/><E97/><V21/><F21/><W120/><G120/><T94/><D23/><U14/><E14/><V116/><F116/><W117/><G117/><T132/><D13/><U91/><E91/><AGARI ba="0,1" hai="57,60,66,76,80,86,89,91" m="29919,14599" machi="91" ten="30,7700,0" yaku="8,1,52,2,54,1" doraHai="85" who="3" fromWho="1" sc="349,0,52,-77,350,0,239,87" owari="349,15.0,-25,-53.0,350,45.0,326,-7.0" /></mjloggm>