<mjloggm ver="2.3"><GO type="169" lobby="0"/><UN n0="%E3%83%94%E3%83%A8%E3%81%A3%E3%81%99" n1="%E3%82%A2%E3%82%AB%E3%82%AE%EF%BC%A0%E5%B7%9D%E6%9D%91%E8%BB%8D%E5%9B%A3" n2="%E3%82%A6%E3%83%AB%E3%83%88%E3%83%A9%E7%AB%8B%E7%9B%B4" n3="%65%72%6F%67%72%65%65%6E" dan="17,18,18,17" rate="2136.26,2199.72,2219.50,2163.06" sx="M,M,M,M"/><TAIKYOKU oya="0"/><INIT seed="0,0,0,1,5,79" ten="250,250,250,250" oya="0" hai0="100,107,38,5,34,68,39,112,15,124,83,48,99" hai1="42,109,29,76,101,60,10,105,32,21,125,22,18" hai2="30,69,126,89,12,43,20,40,78,86,117,132,37" hai3="102,71,73,92,122,24,130,62,128,33,129,0,58"/><T59/><D68/><U97/><E109/><V35/><F69/><W82/><G0/><T7/><D34/><U23/><E125/><V50/><F37/><W94/><G71/><T57/><D124/><U56/><E42/><V36/><F126/><W26/><G122/><T113/><D39/><U46/><E46/><V77/><F36/><W116/><G116/><T27/><D38/><U1/><E76/><V45/><F117/><W90/><G102/><T115/><D27/><N who="3" m="10281" /><G33/><T104/><D104/><U31/><E32/><V119/><F132/><W2/><G2/><T55/><D15/><U61/><E61/><V135/><F135/><W74/><G92/><T70/><D70/><U51/><E51/><V53/><F35/><W91/><G94/><T44/><REACH who="0" step="1"/><D83/><REACH who="0" ten="240,250,250,250" step="2"/><U17/><E1/><V9/><F119/><W66/><G82/><T96/><D96/><U80/><E80/><N who="2" m="49351" /><F30/><W14/><G14/><T13/><D13/><N who="1" m="7351" /><E31/><V110/><F110/><W98/><G98/><T25/><D25/><U111/><E29/><V47/><F20/><W11/><G11/><T3/><D3/><U121/><E111/><V133/><F133/><W120/><G120/><T88/><D88/><AGARI ba="0,1" hai="58,62,66,73,74,88,90,91,128,129,130" m="10281" machi="88" ten="40,2600,0" yaku="19,1,54,1" doraHai="79" who="3" fromWho="0" sc="240,-26,250,0,250,0,250,36" /><INIT seed="1,0,0,1,0,134" ten="214,250,250,286" oya="1" hai0="28,52,114,57,102,117,135,18,66,30,5,20,72" hai1="78,58,3,125,53,82,67,115,93,132,34,12,70" hai2="79,38,1,92,46,21,81,55,98,99,19,97,130" hai3="24,43,49,118,126,131,56,33,88,62,9,113,40"/><U128/><E3/><V60/><F1/><W13/><G113/><T35/><D72/><U39/><E34/><V17/><F130/><W103/><G103/><T119/><D114/><U86/><E115/><V69/><F69/><W26/><G131/><T73/><D73/><U41/><E132/><V0/><F0/><W71/><G71/><T45/><D135/><U111/><E111/><V75/><F38/><W25/><G33/><T10/><D102/><U22/><E93/><V105/><F105/><W8/><G118/><T95/><D95/><U90/><E78/><V85/><F75/><W63/><G126/><T32/><D66/><U36/><E125/><V127/><F127/><W133/><G133/><T74/><D74/><U94/><E82/><V129/><F129/><W59/><G49/><T54/><D32/><U96/><E96/><V61/><F92/><W80/><G80/><T29/><D35/><U16/><E41/><N who="3" m="15946" /><G88/><T87/><D87/><U42/><E42/><V110/><F110/><W122/><G122/><T7/><D45/><U31/><E31/><V15/><F19/><W123/><G123/><T101/><D101/><U4/><E4/><V76/><F76/><W116/><G116/><T89/><D89/><U50/><E128/><V121/><F121/><W112/><G112/><T100/><D100/><U47/><E47/><V11/><F11/><N who="3" m="4171" /><G13/><N who="0" m="9295" /><D7/><U27/><REACH who="1" step="1"/><E12/><REACH who="1" ten="214,240,250,286" step="2"/><V124/><F124/><W91/><G91/><T14/><D119/><U107/><E107/><V37/><F37/><W48/><G59/><T83/><D117/><U84/><E84/><V109/><F109/><RYUUKYOKU ba="0,1" sc="214,-30,240,10,250,10,286,10" hai1="16,22,27,36,39,50,53,58,67,70,86,90,94" hai2="15,17,21,46,55,60,61,79,81,85,97,98,99" hai3="24,25,26,48,56,62,63" /><INIT seed="1,1,1,1,0,11" ten="184,250,260,296" oya="1" hai0="89,32,67,24,90,10,53,95,126,112,7,127,19" hai1="66,132,82,62,71,100,130,33,65,59,79,123,74" hai2="102,23,117,110,131,106,20,52,91,108,124,16,47" hai3="63,9,14,42,13,39,111,38,45,27,8,37,114"/><U26/><E123/><V15/><F117/><W125/><G114/><T70/><D112/><U109/><E132/><V21/><F102/><W80/><G111/><N who="2" m="42537" /><F106/><W49/><G125/><T122/><D122/><U1/><E130/><V64/><F64/><W4/><G27/><T28/><D19/><U135/><E135/><V50/><F124/><N who="0" m="47658" /><D53/><U83/><E109/><V2/><F2/><W29/><G29/><T92/><D67/><U36/><E1/><V81/><F131/><W6/><G63/><T97/><D70/><U98/><E83/><AGARI ba="1,1" hai="4,6,8,9,13,14,37,38,39,42,45,49,80,83" machi="83" ten="40,5200,0" yaku="9,1,52,2" doraHai="11" who="3" fromWho="1" sc="184,0,250,-55,260,0,296,65" /><INIT seed="2,0,0,3,1,11" ten="184,195,260,361" oya="2" hai0="79,6,108,69,114,38,101,84,104,33,1,97,40" hai1="14,70,111,57,78,132,93,66,106,39,134,54,82" hai2="41,15,74,100,96,25,44,7,73,31,68,16,5" hai3="32,64,76,23,83,98,121,48,80,56,109,58,55"/><V125/><F68/><W89/><G32/><T127/><D33/><U24/><E106/><V105/><F125/><W86/><G121/><T102/><D69/><U75/><E111/><V133/><F133/><W42/><G109/><T128/><D108/><U0/><E0/><V71/><F71/><W67/><G42/><T126/><D114/><U46/><E24/><V113/><F113/><W22/><G98/><T116/><D116/><U36/><E93/><V20/><F73/><W8/><G8/><T99/><D128/><U65/><E65/><V88/><F88/><W12/><G58/><T112/><D112/><U27/><E27/><V110/><F74/><W118/><G118/><T63/><D63/><U72/><E72/><V131/><F131/><W37/><G37/><T119/><D119/><U3/><E3/><V95/><F105/><W103/><G103/><T60/><D60/><N who="1" m="35895" /><E66/><V124/><F124/><W81/><G76/><T45/><D1/><U49/><E70/><V21/><REACH who="2" step="1"/><F110/><REACH who="2" ten="184,195,250,361" step="2"/><W59/><G89/><T29/><D126/><U123/><E123/><V19/><F19/><N who="3" m="10599" /><G86/><T77/><D84/><U90/><E90/><V87/><F87/><W135/><G81/><T17/><D127/><U13/><E134/><V4/><F4/><W52/><G135/><T47/><D6/><U26/><E132/><V122/><F122/><W2/><G83/><T120/><D120/><U43/><E75/><V50/><AGARI ba="0,1" hai="5,7,15,16,20,21,25,31,41,44,50,95,96,100" machi="50" ten="20,18000,2" yaku="1,1,0,1,7,1,8,1,52,1,54,1,53,0" doraHai="11" doraHaiUra="129" who="2" fromWho="2" sc="184,-60,195,-60,250,190,361,-60" /><INIT seed="2,1,0,4,0,132" ten="124,135,440,301" oya="2" hai0="50,112,110,114,88,5,17,126,56,101,83,41,38" hai1="86,35,115,68,134,37,75,67,121,0,9,96,87" hai2="76,128,11,1,64,97,113,117,116,20,33,23,54" hai3="109,7,106,49,95,70,21,57,102,24,18,74,111"/><V31/><F64/><W12/><G70/><T108/><D38/><U82/><E96/><V131/><F76/><W22/><G74/><T69/><D69/><U133/><E87/><V104/><F54/><N who="3" m="31951" /><G106/><T63/><D126/><U71/><E86/><V130/><F97/><N who="3" m="59711" /><G111/><N who="0" m="42539" /><D101/><U90/><E90/><V53/><F53/><W73/><G73/><T124/><D124/><U62/><E71/><V40/><F40/><W25/><G109/><T14/><D5/><N who="1" m="1191" /><E121/><V92/><F92/><W46/><G7/><T6/><D6/><U120/><E120/><V13/><F104/><W8/><G46/><N who="0" m="25935" /><D88/><U61/><E37/><V81/><F81/><W79/><G79/><T91/><D91/><U94/><E94/><V47/><F47/><W135/><G135/><T36/><D36/><U45/><E45/><V4/><F1/><W52/><G52/><N who="0" m="34183" /><D83/><U10/><E82/><V119/><F113/><W93/><G93/><T98/><D98/><U122/><E115/><V77/><F77/><W29/><G8/><AGARI ba="1,0" hai="8,14,17,112,114" m="34183,25935,42539" machi="8" ten="30,2000,0" yaku="14,1,54,1" doraHai="132" who="0" fromWho="3" sc="124,23,135,0,440,0,301,-23" /><INIT seed="3,0,0,3,4,125" ten="147,135,440,278" oya="3" hai0="49,50,60,6,8,132,83,128,112,69,91,100,13" hai1="4,86,39,92,111,32,77,120,55,74,104,119,101" hai2="67,61,97,116,129,130,48,10,28,1,85,122,75" hai3="64,105,96,56,98,81,76,93,42,33,123,12,51"/><W109/><G33/><T62/><D112/><U110/><E32/><V99/><F75/><W30/><G123/><T17/><D132/><U90/><E39/><V113/><F113/><W40/><G30/><T22/><D128/><N who="2" m="49258" /><F116/><W7/><G105/><T63/><D69/><U15/><E4/><N who="2" m="1295" /><F28/><W31/><G109/><T11/><D100/><U124/><E101/><V72/><F72/><W21/><G98/><T47/><D47/><U115/><E74/><V43/><F85/><N who="3" m="48295" /><G7/><T0/><D8/><U121/><E115/><V71/><F122/><W114/><G114/><T127/><D127/><U82/><E124/><V117/><F117/><W102/><G51/><T20/><D20/><U78/><E119/><V58/><F71/><W34/><G34/><T87/><AGARI ba="0,0" hai="0,6,11,13,17,22,49,50,60,62,63,83,87,91" machi="87" ten="30,1100,0" yaku="0,1" doraHai="125" who="0" fromWho="0" sc="147,11,135,-3,440,-3,278,-5" /><INIT seed="4,0,0,0,5,130" ten="158,132,437,273" oya="0" hai0="62,75,95,49,71,124,16,3,72,135,76,123,70" hai1="39,83,80,105,18,127,55,102,24,11,58,13,91" hai2="92,27,116,14,111,26,57,7,6,104,28,51,0" hai3="84,23,1,128,122,54,78,132,64,106,5,73,43"/><T33/><D33/><U74/><E127/><V53/><F104/><W120/><G106/><T10/><D124/><U94/><E39/><V77/><F111/><W63/><G54/><T17/><D123/><U61/><E74/><V87/><F0/><W129/><G84/><T2/><D135/><U117/><E117/><V9/><F116/><W134/><G43/><T100/><D49/><U90/><E105/><V31/><F6/><W15/><G78/><T19/><D75/><U133/><E133/><N who="3" m="51306" /><G73/><T97/><D10/><U21/><E102/><V56/><F56/><N who="3" m="36967" /><G1/><T119/><D119/><U38/><E38/><V118/><F118/><W4/><G23/><T113/><D113/><U50/><E50/><V98/><F87/><W103/><G103/><T114/><D114/><U69/><E69/><V88/><F77/><W121/><G15/><T125/><D125/><U35/><E35/><V85/><F85/><W66/><G66/><T107/><D107/><U37/><E37/><V81/><F81/><W109/><G109/><T52/><D2/><U59/><E59/><V79/><F79/><W25/><G25/><AGARI ba="0,0" hai="7,9,14,25,26,27,28,31,51,53,57,88,92,98" machi="25" ten="40,2600,0" yaku="8,1,54,1" doraHai="130" who="2" fromWho="3" sc="158,0,132,0,437,26,273,-26" /><INIT seed="5,0,0,4,2,116" ten="158,132,463,247" oya="1" hai0="48,83,29,57,109,8,72,92,39,82,41,126,108" hai1="81,121,113,47,28,62,35,22,95,4,122,68,130" hai2="87,100,63,61,59,134,112,124,88,24,67,58,107" hai3="84,99,74,127,129,13,118,101,65,26,106,80,85"/><U125/><E35/><V5/><F124/><W36/><G36/><T78/><D126/><U42/><E125/><V117/><F117/><W43/><G127/><T102/><D39/><U131/><E4/><V75/><F75/><W25/><G43/><T37/><D37/><N who="1" m="21967" /><E95/><V105/><F100/><W115/><G118/><T44/><D29/><U119/><E119/><V46/><F5/><W14/><G74/><T91/><D57/><U3/><E3/><V54/><F112/><W60/><G115/><T90/><D102/><U12/><E113/><V76/><F76/><W31/><G129/><N who="1" m="49162" /><E81/><V1/><F1/><W69/><G26/><T0/><D83/><U132/><E132/><V120/><F134/><W10/><G10/><T7/><D91/><U53/><E12/><V11/><F105/><W133/><G133/><T98/><AGARI ba="0,0" hai="0,7,8,41,44,48,72,78,82,90,92,98,108,109" machi="98" ten="20,1500,0" yaku="0,1,7,1" doraHai="116" who="0" fromWho="0" sc="158,15,132,-7,463,-4,247,-4" /><INIT seed="6,0,0,2,5,71" ten="173,125,459,243" oya="2" hai0="53,116,97,129,122,135,90,66,36,29,134,133,82" hai1="58,2,126,48,128,84,10,72,8,121,4,103,114" hai2="107,87,64,12,25,110,79,18,0,131,99,101,19" hai3="63,113,109,24,95,127,22,89,11,16,13,55,115"/><V70/><F0/><W94/><G109/><T81/><D122/><U35/><E72/><V31/><F131/><W104/><G104/><T60/><D129/><U117/><E117/><V130/><F130/><W100/><G100/><T112/><D116/><U32/><E128/><V76/><F110/><W30/><G127/><T80/><D36/><U33/><E121/><V43/><F43/><W132/><G132/><T5/><D112/><N who="3" m="43081" /><G89/><T37/><D37/><U15/><E114/><V44/><F44/><W69/><G55/><T26/><D5/><U119/><E119/><V62/><F87/><W41/><G41/><T38/><D38/><U28/><E126/><V14/><F14/><W52/><G69/><T77/><D53/><U34/><E103/><V96/><F96/><W118/><G118/><T47/><D47/><U78/><E84/><V45/><F45/><W106/><G106/><T86/><D97/><U21/><E78/><V73/><F73/><W75/><G75/><T108/><D108/><U59/><N who="1" m="8192" /><DORA hai="9" /><U102/><E102/><V39/><F79/><W27/><G27/><T42/><D42/><U120/><E120/><V125/><F125/><W56/><AGARI ba="0,0" hai="11,13,16,22,24,30,52,56,63,94,95" m="43081" machi="56" ten="30,8000,1" yaku="15,1,11,1,52,1,54,2" doraHai="71,9" who="3" fromWho="3" sc="173,-20,125,-20,459,-40,243,80" /><INIT seed="7,0,0,4,4,42" ten="153,105,419,323" oya="3" hai0="117,48,26,125,12,85,122,102,55,98,19,5,45" hai1="94,106,22,57,100,31,124,58,77,53,0,28,34" hai2="91,24,15,72,86,65,43,123,59,21,126,90,44" hai3="46,54,35,120,78,115,11,95,56,3,67,82,92"/><W16/><G120/><T7/><D122/><U87/><E0/><V121/><F72/><W104/><G104/><T50/><D117/><U23/><E106/><V39/><F126/><W116/><G116/><T10/><D125/><U51/><E124/><V111/><F111/><W32/><G115/><T18/><D85/><U71/><E71/><V49/><F15/><N who="3" m="7295" /><G3/><T110/><D110/><U99/><E34/><V17/><F91/><W2/><G32/><T27/><D50/><U130/><E130/><V108/><F108/><W129/><G2/><T41/><D41/><U135/><E135/><V70/><F70/><W84/><G35/><T103/><D18/><U38/><E38/><V127/><F127/><W114/><G114/><T112/><D112/><U9/><E9/><V74/><F74/><W88/><G129/><T133/><D133/><U89/><E77/><V128/><F128/><W33/><G33/><T109/><D109/><U83/><REACH who="1" step="1"/><E58/><REACH who="1" ten="153,95,419,323" step="2"/><V69/><F69/><W1/><G1/><T113/><D113/><U61/><E61/><V20/><F39/><W36/><G36/><T63/><D63/><U6/><E6/><V13/><F123/><W60/><G78/><T105/><D7/><U101/><E101/><V96/><F121/><W62/><G62/><T73/><D103/><U118/><E118/><V52/><F65/><W37/><G37/><T8/><D5/><U40/><E40/><V131/><F13/><W75/><G75/><T97/><D73/><U64/><E64/><V14/><F17/><W66/><G67/><T81/><D19/><U79/><E79/><RYUUKYOKU ba="0,1" sc="153,-15,95,15,419,-15,323,15" hai1="22,23,28,31,51,53,57,83,87,89,94,99,100" hai3="46,54,56,60,66,82,84,88,92,95" /><INIT seed="7,1,1,4,5,64" ten="138,110,404,338" oya="3" hai0="26,9,66,42,109,86,51,88,54,118,135,61,131" hai1="44,128,81,115,56,53,49,114,69,125,47,8,27" hai2="130,2,58,34,4,99,71,35,43,29,5,121,75" hai3="87,24,65,133,15,62,76,127,50,33,52,36,1"/><W126/><G36/><T59/><D118/><U46/><E128/><V25/><F71/><N who="3" m="42423" /><G1/><T41/><D131/><U104/><E104/><V60/><F130/><W97/><G15/><T111/><D135/><U72/><E125/><N who="3" m="47626" /><G97/><T78/><D78/><N who="1" m="44231" /><E27/><V70/><F70/><W57/><G133/><T11/><D26/><U124/><E69/><V68/><F68/><W93/><G93/><N who="0" m="54423" /><D109/><U40/><E8/><N who="0" m="3145" /><D111/><U92/><E92/><V122/><F2/><W39/><G39/><T37/><D37/><N who="1" m="21519" /><E124/><V38/><F99/><W98/><G98/><T112/><D112/><AGARI ba="1,1" hai="46,47,49,53,56,112,114,115" m="21519,44231" machi="112" ten="30,1000,0" yaku="15,1" doraHai="64" who="1" fromWho="0" sc="138,-13,110,23,404,0,338,0" owari="125,-37.0,133,-27.0,404,50.0,338,14.0" /></mjloggm>