<mjloggm ver="2.3"><GO type="169" lobby="0"/><UN n0="%47%4F%4B%49%47%45%4E" n1="%73%69%6E%73%69%73%74" n2="%E3%83%9E%E3%83%84%E3%82%B6%E3%82%AD" n3="%E3%83%88%E3%83%88%E3%83%AA%E5%85%88%E7%94%9F%31%39%E6%AD%B3" dan="16,16,17,18" rate="2111.24,2154.73,2281.39,2202.67" sx="M,M,M,F"/><TAIKYOKU oya="0"/><INIT seed="0,0,0,4,1,0" ten="250,250,250,250" oya="0" hai0="51,124,11,19,21,112,111,52,71,80,121,38,105" hai1="50,75,94,78,81,82,58,90,33,6,14,125,98" hai2="114,36,66,28,103,5,59,134,85,53,67,133,127" hai3="115,95,31,72,116,45,126,107,84,47,102,35,89"/><T88/><D121/><U49/><E125/><V128/><F114/><W91/><G115/><T106/><D71/><U8/><E33/><V108/><F36/><W44/><G116/><T92/><D38/><U93/><E82/><V43/><F43/><W16/><G72/><T130/><D112/><U86/><REACH who="1" step="1"/><E58/><REACH who="1" ten="250,240,250,250" step="2"/><V135/><F127/><W96/><G126/><T65/><D124/><U120/><E120/><V12/><F133/><W62/><G35/><T123/><D123/><U55/><E55/><V117/><F134/><W15/><G31/><T69/><D80/><U132/><E132/><V48/><F28/><W61/><REACH who="3" step="1"/><G91/><AGARI ba="0,1" hai="6,8,14,49,50,75,78,81,86,90,91,93,94,98" machi="91" ten="30,3900,0" yaku="1,1,7,1,52,1,53,0" doraHai="0" doraHaiUra="60" who="1" fromWho="3" sc="250,0,240,49,250,0,250,-39" /><INIT seed="1,0,0,5,1,51" ten="250,289,250,211" oya="1" hai0="108,66,72,1,113,123,32,13,133,75,70,111,95" hai1="102,40,43,30,110,77,65,19,27,112,96,71,45" hai2="28,15,125,18,92,54,89,94,20,114,90,68,81" hai3="23,38,21,11,22,93,69,85,52,55,0,17,116"/><U79/><E112/><V105/><F105/><W8/><G69/><T98/><D13/><U33/><E110/><V44/><F68/><W47/><G116/><T103/><D66/><U84/><E19/><V56/><F114/><W129/><G129/><T109/><D70/><U64/><E64/><V104/><F104/><W97/><G0/><T2/><D32/><U76/><E84/><V67/><F125/><W74/><G74/><N who="0" m="28203" /><D113/><U6/><E6/><V117/><F117/><W118/><G118/><T83/><D1/><U29/><E29/><V5/><F5/><W107/><G107/><T24/><D24/><U115/><E115/><V130/><F130/><W127/><G127/><T25/><D25/><U31/><E31/><V78/><F67/><W50/><G38/><T62/><D62/><N who="1" m="40375" /><E45/><V128/><F128/><W131/><G85/><T135/><D2/><U99/><E99/><V119/><F119/><W42/><G131/><T80/><D123/><U61/><E61/><V9/><F28/><W7/><G17/><T37/><D37/><U41/><E41/><V82/><F44/><W106/><G106/><AGARI ba="0,0" hai="27,30,33,40,43,76,77,79,96,102,106" m="40375" machi="106" ten="30,1500,0" yaku="25,1" doraHai="51" who="1" fromWho="3" sc="250,0,289,15,250,0,211,-15" /><INIT seed="1,1,0,0,1,20" ten="250,304,250,196" oya="1" hai0="72,133,51,93,53,112,68,26,62,67,30,104,110" hai1="10,27,125,83,130,6,78,74,131,4,46,118,29" hai2="95,115,92,21,103,28,80,15,88,39,55,3,98" hai3="32,87,120,102,54,73,126,61,111,121,48,2,129"/><U5/><E118/><V69/><F69/><W37/><G73/><T50/><D110/><U94/><E125/><V79/><F3/><W64/><G2/><T33/><D72/><U13/><E46/><V38/><F115/><W7/><G7/><T119/><D119/><U122/><E94/><V16/><F28/><W1/><G1/><T114/><D133/><U132/><E122/><V97/><REACH who="2" step="1"/><F55/><REACH who="2" ten="250,304,240,196" step="2"/><W0/><G54/><T58/><D112/><U127/><E132/><V65/><F65/><W96/><G0/><T71/><D114/><U43/><E127/><V11/><F11/><W36/><G126/><T89/><D71/><U52/><E52/><V81/><F81/><W14/><G121/><T17/><D104/><U19/><REACH who="1" step="1"/><E43/><REACH who="1" ten="250,294,240,196" step="2"/><V12/><F12/><W84/><G14/><T23/><D67/><U90/><E90/><V101/><F101/><W108/><G120/><T134/><D134/><U49/><E49/><V106/><F106/><W34/><G48/><T60/><D51/><U40/><E40/><V18/><F18/><W44/><G64/><T123/><D123/><U113/><E113/><V82/><F82/><W63/><G102/><T105/><D105/><U109/><E109/><V25/><F25/><W135/><G135/><T86/><REACH who="0" step="1"/><D68/><REACH who="0" ten="240,294,240,196" step="2"/><U66/><E66/><V41/><F41/><N who="3" m="22567" /><G111/><T22/><D22/><AGARI ba="1,3" hai="4,5,6,10,13,19,22,27,29,74,78,83,130,131" machi="22" ten="40,7700,0" yaku="1,1,52,1,53,1" doraHai="20" doraHaiUra="9" who="1" fromWho="0" sc="240,-80,294,110,240,0,196,0" /><INIT seed="1,2,0,3,0,55" ten="160,404,240,196" oya="1" hai0="132,82,117,9,35,34,12,85,71,118,7,32,25" hai1="38,20,108,33,107,53,125,2,100,93,89,19,111" hai2="22,124,105,4,49,114,123,76,10,130,68,133,66" hai3="52,72,29,47,86,97,67,28,77,37,98,42,51"/><U0/><E33/><V113/><F123/><W54/><G72/><T14/><D71/><U40/><E107/><V121/><F121/><W88/><G77/><T101/><D101/><U17/><E100/><V56/><F105/><W1/><G1/><T99/><D99/><N who="3" m="37897" /><G67/><T83/><D132/><U110/><E125/><V80/><F133/><W95/><G37/><T90/><D83/><U102/><E102/><V127/><F68/><W18/><G18/><N who="1" m="6666" /><E20/><V30/><F130/><W135/><G135/><T8/><REACH who="0" step="1"/><D25/><REACH who="0" ten="150,404,240,196" step="2"/><U115/><E108/><V96/><F96/><W75/><G75/><T119/><D119/><U131/><E110/><V36/><F127/><W70/><G70/><T50/><D50/><U69/><E69/><V39/><F124/><W57/><G42/><T116/><D116/><U45/><E40/><V64/><F49/><AGARI ba="2,1" hai="28,29,47,49,51,52,54,57,86,88,95" m="37897" machi="49" ten="30,7700,0" yaku="8,1,52,1,54,2" doraHai="55" who="3" fromWho="2" sc="150,0,404,0,240,-83,196,93" /><INIT seed="2,0,0,1,1,23" ten="150,404,157,289" oya="2" hai0="41,53,6,122,8,99,80,85,130,49,3,12,32" hai1="120,75,61,7,88,97,105,89,96,1,47,9,4" hai2="10,95,5,83,58,43,112,36,59,77,35,79,64" hai3="27,94,81,63,102,13,98,37,18,82,55,72,71"/><V14/><F112/><W30/><G37/><T33/><D122/><U39/><E120/><V25/><F64/><W135/><G135/><T70/><D70/><U132/><E132/><V111/><F111/><W114/><G114/><T74/><D74/><U40/><E7/><V0/><F95/><W29/><G72/><T101/><D3/><U66/><E75/><N who="2" m="43455" /><F79/><W78/><G78/><T54/><D54/><U28/><E28/><N who="2" m="19855" /><F14/><W93/><G93/><T109/><D109/><U86/><E105/><V73/><F73/><W133/><G133/><T68/><D68/><U123/><E123/><V126/><F126/><W103/><G103/><T11/><D33/><U129/><E89/><V131/><F131/><W38/><G30/><T107/><D32/><U24/><E129/><V50/><F50/><W20/><G38/><T84/><D130/><U76/><E76/><V106/><F106/><W67/><REACH who="3" step="1"/><G55/><REACH who="3" ten="150,404,157,279" step="2"/><T46/><D53/><U42/><E39/><V2/><F2/><W92/><G92/><T121/><D121/><U69/><E1/><V65/><F65/><W21/><AGARI ba="0,1" hai="13,18,20,21,27,29,63,67,71,81,82,94,98,102" machi="21" ten="20,5200,0" yaku="1,1,0,1,7,1,52,1,53,0" doraHai="23" doraHaiUra="52" who="3" fromWho="3" sc="150,-13,404,-13,157,-26,279,62" /><INIT seed="3,0,0,5,5,27" ten="137,391,131,341" oya="3" hai0="36,50,78,77,58,75,68,124,133,14,11,91,129" hai1="98,34,97,86,87,105,69,3,40,46,134,66,132" hai2="7,61,29,49,89,26,120,93,82,88,67,42,106" hai3="126,122,28,85,59,65,119,13,35,9,90,23,62"/><W121/><G119/><T100/><D68/><U54/><E3/><V110/><F106/><W8/><G35/><T37/><D100/><U79/><E34/><V15/><F110/><W109/><G109/><T128/><D124/><U20/><E54/><V135/><F135/><N who="1" m="51753" /><E20/><V117/><F117/><W112/><G112/><T123/><D123/><U130/><E130/><N who="0" m="50281" /><D91/><U108/><E108/><V10/><F120/><W12/><G126/><T4/><D133/><U101/><E97/><V74/><F42/><W21/><G121/><T73/><D58/><U43/><E79/><N who="0" m="30217" /><D50/><N who="1" m="26951" /><E43/><V64/><F74/><AGARI ba="0,0" hai="4,11,14,36,37,73,74,75" m="30217,50281" machi="74" ten="30,1000,0" yaku="19,1" doraHai="27" who="0" fromWho="2" sc="137,10,391,0,131,-10,341,0" /><INIT seed="4,0,0,1,1,49" ten="147,391,121,341" oya="0" hai0="13,50,7,100,47,60,20,39,24,15,117,33,127" hai1="112,61,133,72,5,51,52,94,35,111,73,123,80" hai2="68,66,11,106,91,114,57,38,85,96,119,34,0" hai3="89,121,12,67,113,93,79,84,78,46,97,58,115"/><T63/><D117/><U65/><E123/><V19/><F34/><W4/><G121/><T104/><D127/><U88/><E111/><V120/><F38/><W22/><G46/><T86/><D39/><U116/><E116/><V54/><F120/><W41/><G41/><T135/><D33/><U82/><E35/><V32/><F32/><W131/><G131/><T90/><D135/><U69/><E133/><V28/><F28/><W132/><G132/><T56/><D100/><U108/><E108/><V62/><F119/><W124/><G124/><T10/><D104/><U53/><E5/><V110/><F110/><W30/><G4/><T128/><D15/><U36/><E36/><V37/><F37/><W31/><G31/><T44/><D44/><U45/><E112/><N who="3" m="43082" /><G67/><T87/><D128/><U107/><E107/><V92/><F114/><W9/><G58/><T101/><D101/><U134/><E134/><V14/><F0/><W75/><G75/><T105/><D105/><U40/><E73/><V129/><F129/><W8/><G12/><T17/><D90/><U18/><E18/><V103/><REACH who="2" step="1"/><F68/><REACH who="2" ten="147,391,111,341" step="2"/><W48/><G30/><T81/><D56/><N who="1" m="37031" /><E72/><V59/><F59/><W76/><G76/><N who="0" m="46375" /><D87/><N who="1" m="52511" /><E69/><V55/><AGARI ba="0,1" hai="11,14,19,54,55,57,62,66,85,91,92,96,103,106" machi="55" ten="30,7900,0" yaku="1,1,0,1,52,2,53,0" doraHai="49" doraHaiUra="130" who="2" fromWho="2" sc="147,-39,391,-20,111,89,341,-20" /><INIT seed="5,0,0,3,4,26" ten="108,371,200,321" oya="1" hai0="132,47,39,30,104,98,5,125,56,44,16,135,68" hai1="54,66,90,100,109,4,74,118,48,59,62,34,51" hai2="84,120,121,12,80,36,7,108,124,13,60,75,43" hai3="65,37,129,92,21,50,123,53,25,128,96,117,1"/><U22/><E118/><V35/><F75/><W85/><G123/><T23/><D68/><U106/><E34/><V20/><F35/><W114/><G37/><T95/><D104/><U67/><E74/><V14/><F108/><W127/><G1/><T87/><D5/><U113/><E113/><V46/><F124/><W130/><G114/><T82/><D56/><U63/><E109/><V83/><F7/><W86/><G65/><N who="1" m="24586" /><E106/><V18/><F60/><N who="1" m="23081" /><E100/><V69/><F69/><W15/><G15/><N who="0" m="9631" /><D39/><U72/><E72/><V110/><F110/><W42/><G42/><T103/><D125/><U55/><E22/><V3/><F3/><W133/><G133/><N who="0" m="51275" /><D30/><U33/><E33/><V19/><F12/><W24/><G117/><T6/><D6/><U107/><E107/><V40/><F40/><W61/><G127/><T8/><D8/><U0/><E0/><V76/><F80/><W78/><G21/><AGARI ba="0,0" hai="13,14,18,19,20,21,36,43,46,76,83,84,120,121" machi="21" ten="30,2000,0" yaku="7,1,9,1" doraHai="26" who="2" fromWho="3" sc="108,0,371,0,200,20,321,-20" /><INIT seed="6,0,0,1,2,112" ten="108,371,220,301" oya="2" hai0="19,35,94,108,134,57,135,63,48,38,90,133,10" hai1="101,116,40,119,91,96,87,75,89,14,79,114,58" hai2="72,43,62,86,115,61,23,12,32,121,17,18,5" hai3="93,73,26,67,127,77,105,13,129,4,11,113,97"/><V124/><F72/><W54/><G105/><T68/><D35/><U126/><E40/><V25/><F121/><W15/><G129/><T24/><D38/><U21/><E58/><V128/><F115/><W16/><G113/><T60/><D108/><U100/><E21/><V29/><F128/><W64/><G127/><T123/><D123/><U85/><E14/><V3/><F124/><W55/><G26/><T34/><D68/><U0/><E0/><V81/><F43/><W110/><G110/><T102/><D102/><N who="1" m="39531" /><E114/><V39/><F39/><W118/><G118/><N who="1" m="45098" /><E126/><V111/><F111/><W84/><G73/><T80/><D10/><U106/><E106/><V31/><F31/><W2/><G2/><T6/><D6/><U76/><E96/><V37/><F37/><W107/><G107/><T52/><D19/><U20/><E20/><V69/><F69/><W41/><G41/><T125/><D125/><U22/><E22/><V103/><F18/><W30/><G30/><T98/><D24/><U1/><E1/><V44/><F44/><W42/><G42/><T65/><D34/><U122/><E75/><V109/><F109/><W9/><G64/><T33/><D33/><U56/><E56/><V132/><F5/><W130/><G67/><T27/><D27/><U46/><E46/><V71/><F71/><W51/><G51/><T92/><D98/><U70/><E70/><V120/><F25/><W49/><G49/><T36/><D36/><U104/><E104/><V47/><F32/><W7/><G7/><T45/><D63/><U95/><E122/><V53/><F120/><RYUUKYOKU ba="0,0" sc="108,15,371,15,220,-15,301,-15" hai0="45,48,52,57,60,65,80,90,92,94,133,134,135" hai1="76,79,85,87,89,91,95" /><INIT seed="7,1,0,3,1,2" ten="123,386,205,286" oya="3" hai0="84,97,29,57,60,108,105,100,15,90,41,58,4" hai1="74,126,69,64,42,114,8,38,3,125,132,103,128" hai2="17,61,99,102,106,46,80,9,122,79,39,36,59" hai3="111,65,63,50,27,81,24,110,89,117,101,20,37"/><W92/><G117/><T107/><D108/><N who="3" m="41513" /><G37/><T22/><D107/><U43/><E114/><V135/><F46/><W54/><G101/><T123/><D123/><U12/><E132/><V124/><F135/><W134/><G81/><T10/><D41/><U75/><E3/><V56/><F122/><W23/><G27/><T73/><D73/><N who="1" m="27659" /><E128/><V130/><F124/><N who="1" m="47721" /><E103/><V25/><F130/><W131/><G131/><T66/><D22/><N who="3" m="8233" /><G24/><T129/><D129/><U14/><E38/><V112/><F112/><W96/><G134/><T28/><REACH who="0" step="1"/><D58/><REACH who="0" ten="113,386,205,286" step="2"/><U33/><E42/><V34/><F59/><N who="3" m="33239" /><G63/><T121/><D121/><U78/><E33/><V88/><F34/><W82/><G82/><T85/><D85/><U18/><E78/><V72/><F79/><W47/><G47/><T71/><D71/><U77/><E69/><V52/><F61/><W35/><G35/><T26/><D26/><U44/><E77/><V30/><F25/><W32/><G32/><T19/><D19/><U11/><E18/><V118/><F17/><W1/><G92/><T55/><D55/><U86/><E44/><V51/><F52/><W133/><G133/><T70/><D70/><U120/><E43/><V91/><F80/><W115/><G115/><T62/><D62/><U127/><E120/><V87/><F106/><W16/><G16/><T104/><D104/><U6/><E127/><V48/><F72/><W0/><G65/><T21/><D21/><U53/><E64/><V68/><F68/><W45/><G45/><T76/><D76/><U116/><E53/><V109/><F56/><W113/><G113/><RYUUKYOKU ba="1,1" sc="113,15,386,-15,205,-15,286,15" hai0="4,10,15,28,29,57,60,66,84,90,97,100,105" hai3="0,1,89,96" /><INIT seed="7,2,1,2,2,102" ten="128,371,190,301" oya="3" hai0="84,90,54,121,131,51,97,68,46,60,9,91,11" hai1="118,96,27,134,44,65,135,61,101,77,98,123,16" hai2="21,115,104,132,113,108,69,67,56,18,87,128,130" hai3="55,79,3,95,1,36,64,83,93,34,110,109,78"/><W45/><G34/><T88/><D121/><U2/><E123/><V127/><F108/><N who="3" m="41579" /><G64/><T70/><D131/><N who="2" m="50218" /><F127/><W82/><G55/><T111/><D111/><U41/><E77/><N who="3" m="29194" /><G45/><T22/><D70/><N who="1" m="42287" /><E2/><N who="3" m="522" /><G36/><T71/><D71/><U74/><E74/><V29/><F69/><W124/><G124/><T7/><D97/><U103/><E118/><V81/><F29/><W63/><G63/><T26/><D68/><U62/><E62/><V0/><F0/><W100/><G100/><N who="1" m="38474" /><E44/><V17/><F132/><N who="1" m="50729" /><E41/><V24/><F56/><W12/><G12/><T28/><D60/><U117/><E117/><V49/><F49/><W33/><G33/><T58/><D58/><U89/><E89/><V114/><F67/><W48/><G48/><T116/><D116/><U99/><E99/><V107/><F17/><W125/><G125/><T126/><D126/><U38/><E38/><V37/><F37/><W52/><G52/><T133/><D133/><U43/><E43/><V30/><F18/><W25/><G25/><T129/><D129/><U80/><E16/><V20/><F20/><W120/><G120/><T92/><D11/><U85/><E27/><V86/><F21/><W47/><G47/><T42/><D42/><U19/><E19/><V57/><F57/><W112/><G112/><T50/><D50/><U13/><E13/><V6/><F6/><W40/><G40/><T122/><D122/><U119/><E119/><V66/><F66/><W75/><G75/><T72/><D72/><U59/><E59/><V15/><F15/><AGARI ba="2,1" hai="7,9,15,22,26,28,46,51,54,84,88,90,91,92" machi="15" ten="30,3900,0" yaku="7,1,8,1,54,1" doraHai="102" who="0" fromWho="2" sc="128,55,371,0,190,-45,301,0" owari="183,-22.0,371,47.0,145,-35.0,301,10.0" /></mjloggm>