<mjloggm ver="2.3"><GO type="169" lobby="0"/><UN n0="%6D%69%74%73%75%36%31%31" n1="%61%6C%75%63%61%72%64" n2="%E5%93%80%E6%84%81%E6%BC%82%E3%81%86%E8%83%8C%E4%B8%AD" n3="%E3%82%A6%E3%83%AB%E3%83%88%E3%83%A9%E7%AB%8B%E7%9B%B4" dan="16,16,16,18" rate="2101.35,2122.48,2099.17,2207.72" sx="M,M,M,M"/><TAIKYOKU oya="0"/><INIT seed="0,0,0,2,3,116" ten="250,250,250,250" oya="0" hai0="64,10,125,82,107,33,52,111,0,39,55,62,40" hai1="19,5,17,59,74,118,123,114,98,24,11,67,122" hai2="73,108,18,26,48,1,119,92,104,47,53,72,44" hai3="94,115,22,126,102,77,112,31,127,6,80,78,37"/><T65/><D107/><U8/><E74/><V45/><F104/><W103/><G6/><T12/><D33/><U35/><E118/><V3/><F119/><W91/><G22/><T120/><D120/><N who="1" m="46123" /><E59/><V96/><F108/><W90/><G31/><T87/><D111/><U128/><E98/><V69/><F69/><W29/><G29/><T132/><D132/><U81/><E81/><V14/><F26/><W58/><G58/><T76/><D125/><U54/><E54/><V25/><F25/><W121/><G37/><T23/><D39/><U117/><E67/><N who="0" m="25673" /><D40/><U15/><E117/><V134/><F134/><W66/><G66/><T50/><D62/><U110/><E110/><V41/><F73/><W71/><G121/><T68/><D68/><U27/><E128/><V32/><F72/><W63/><G63/><T83/><D83/><U85/><E85/><V79/><F32/><W131/><G71/><T129/><D129/><U46/><E46/><V7/><F7/><W60/><G60/><T93/><D93/><U13/><E114/><V88/><F79/><W57/><G57/><N who="0" m="32919" /><D55/><U4/><E35/><V75/><F75/><W30/><G80/><T101/><D101/><U38/><E38/><V135/><F135/><W20/><G94/><T106/><D106/><U49/><E49/><N who="2" m="26767" /><F45/><W124/><G124/><T36/><D36/><U34/><E34/><V16/><F47/><W84/><G131/><T51/><D51/><U89/><E89/><V56/><F48/><W70/><G127/><T95/><D95/><U21/><E27/><V99/><F53/><W97/><G126/><RYUUKYOKU ba="0,0" sc="250,-10,250,30,250,-10,250,-10" hai1="4,5,8,11,13,15,17,19,21,24" /><INIT seed="1,1,0,3,3,103" ten="240,280,240,240" oya="1" hai0="12,119,121,0,52,78,1,42,39,95,97,80,61" hai1="65,49,71,59,24,26,27,77,28,33,67,16,69" hai2="8,106,38,94,55,3,75,73,100,99,86,23,68" hai3="108,34,63,13,45,83,116,135,17,107,44,132,21"/><U126/><E126/><V109/><F68/><W36/><G34/><T10/><D119/><U101/><E77/><V112/><F38/><W87/><G63/><T31/><D31/><U9/><E101/><V19/><F109/><W128/><G108/><T15/><D121/><U18/><E49/><V50/><F112/><W122/><G122/><T30/><D30/><U120/><E59/><V2/><F2/><W82/><G128/><T111/><D111/><U96/><E96/><V92/><F8/><W72/><G72/><T51/><D61/><U74/><E74/><V60/><F3/><W62/><G62/><T43/><D39/><U127/><E28/><V14/><F94/><W58/><G58/><T41/><D80/><U129/><E120/><V47/><F60/><W98/><G83/><T134/><D134/><N who="3" m="51241" /><G36/><T88/><D78/><U115/><E9/><V81/><REACH who="2" step="1"/><F92/><REACH who="2" ten="240,280,230,240" step="2"/><W105/><G116/><T91/><D91/><AGARI ba="1,1" hai="14,19,23,47,50,55,73,75,81,86,91,99,100,106" machi="91" ten="30,7700,0" yaku="1,1,2,1,7,1,52,1,53,0" doraHai="103" doraHaiUra="22" who="2" fromWho="0" sc="240,-80,280,0,230,90,240,0" /><INIT seed="2,0,0,3,3,31" ten="160,280,320,240" oya="2" hai0="38,7,117,17,113,46,102,19,14,48,100,95,18" hai1="9,119,129,132,61,128,51,26,23,0,82,72,97" hai2="40,110,21,135,98,70,105,44,131,86,28,32,78" hai3="101,45,62,16,57,111,69,68,77,73,64,37,5"/><V92/><F70/><W84/><G101/><T96/><D117/><U112/><E119/><V13/><F105/><W1/><G84/><T121/><D121/><U8/><E112/><V106/><F106/><W60/><G16/><T75/><D75/><U116/><E97/><V41/><F32/><W29/><G29/><T104/><D113/><U53/><E116/><V123/><F123/><W35/><G35/><T133/><D133/><U85/><E61/><V50/><F135/><W58/><G5/><T91/><D38/><U66/><E66/><V2/><F2/><W103/><G77/><T11/><REACH who="0" step="1"/><D104/><REACH who="0" ten="150,280,320,240" step="2"/><U120/><E72/><V83/><F131/><W63/><G73/><T43/><AGARI ba="0,1" hai="7,11,14,17,18,19,43,46,48,91,95,96,100,102" machi="43" ten="30,7900,0" yaku="1,1,2,1,0,1,8,1,53,0" doraHai="31" doraHaiUra="118" who="0" fromWho="0" sc="150,89,280,-20,320,-39,240,-20" /><INIT seed="3,0,0,3,0,123" ten="239,260,281,220" oya="3" hai0="95,61,112,128,122,31,42,56,80,114,2,99,66" hai1="111,22,27,49,21,109,83,102,110,100,52,74,24" hai2="41,92,115,9,12,135,57,73,25,63,87,45,40" hai3="124,58,130,75,84,11,89,104,18,85,106,79,37"/><W44/><G124/><T28/><D122/><U96/><E74/><V16/><F73/><W34/><G34/><T90/><D2/><U77/><E22/><V81/><F115/><W4/><G130/><T108/><D128/><U33/><E33/><V46/><F135/><W118/><G118/><T8/><D42/><N who="2" m="16490" /><F92/><W65/><G44/><T64/><D64/><U59/><E21/><V54/><F25/><N who="1" m="9801" /><E96/><V26/><F26/><W50/><G18/><T23/><D8/><U134/><E134/><V29/><F29/><W36/><G75/><T19/><D80/><U51/><E51/><V132/><F132/><W86/><G106/><T70/><D70/><U107/><E107/><V82/><F82/><W15/><G104/><T131/><D131/><U125/><E125/><V1/><F1/><W30/><G30/><T5/><D5/><U3/><E3/><V133/><F133/><W121/><G121/><T53/><D28/><U67/><E67/><V47/><F47/><W76/><G37/><T127/><D66/><U88/><E77/><AGARI ba="0,0" hai="9,12,16,45,46,54,57,63,77,81,87" m="16490" machi="77" ten="30,2000,0" yaku="8,1,54,1" doraHai="123" who="2" fromWho="1" sc="239,0,260,-20,281,20,220,0" /><INIT seed="4,0,0,2,2,103" ten="239,240,301,220" oya="0" hai0="75,100,3,99,41,122,94,129,31,60,114,20,30" hai1="125,4,108,85,37,26,126,133,71,11,121,12,29" hai2="9,22,79,15,134,1,50,0,83,53,14,8,72" hai3="10,115,49,36,102,105,65,13,95,107,112,86,54"/><T6/><D122/><U32/><E71/><V116/><F134/><W90/><G65/><T76/><D114/><N who="3" m="43561" /><G36/><T77/><D129/><U96/><E37/><V58/><F22/><W69/><G102/><T97/><D41/><U92/><E121/><V106/><F116/><W73/><G73/><T39/><D39/><U47/><E108/><V25/><F25/><W74/><G74/><T117/><D117/><U104/><E47/><V21/><F21/><W66/><G66/><T2/><D75/><U33/><E33/><V131/><F106/><W64/><G64/><T93/><D20/><U109/><E109/><V35/><F35/><W68/><G68/><T48/><D48/><U82/><E104/><N who="3" m="40010" /><G69/><T45/><D100/><U110/><E110/><V59/><F59/><N who="3" m="33231" /><G13/><T70/><D70/><U7/><E12/><V42/><F131/><W119/><G10/><T40/><D40/><U120/><E11/><V113/><F113/><W61/><G61/><T38/><D38/><U84/><E32/><V101/><F42/><W24/><G24/><T78/><D60/><U16/><E26/><V89/><F101/><W18/><G18/><T46/><D77/><U44/><E16/><V43/><F43/><W98/><G98/><T56/><D56/><U128/><E96/><V124/><F9/><W5/><G5/><AGARI ba="0,0" hai="2,3,5,6,30,31,45,46,76,78,93,94,97,99" machi="5" ten="25,2400,0" yaku="22,2" doraHai="103" who="0" fromWho="3" sc="239,24,240,0,301,0,220,-24" /><INIT seed="4,1,0,2,2,73" ten="263,240,301,196" oya="0" hai0="93,126,113,112,92,37,35,55,71,70,6,88,65" hai1="79,108,102,64,125,72,23,130,50,97,48,52,67" hai2="131,14,1,85,115,133,132,110,99,96,104,84,106" hai3="16,57,105,27,33,39,98,25,47,29,2,17,34"/><T5/><D37/><U111/><E130/><V7/><F14/><W103/><G2/><T129/><D35/><U40/><E125/><V100/><F7/><W127/><G127/><T41/><D41/><U86/><E72/><V32/><F1/><W31/><G39/><T89/><D126/><U38/><E38/><V45/><F45/><W63/><REACH who="3" step="1"/><G47/><REACH who="3" ten="263,240,301,186" step="2"/><T80/><D129/><U13/><E108/><V69/><F131/><W4/><G4/><T95/><D65/><AGARI ba="1,1" hai="16,17,25,27,29,31,33,34,57,63,65,98,103,105" machi="65" ten="30,7700,0" yaku="1,1,7,1,9,1,54,1,53,0" doraHai="73" doraHaiUra="74" who="3" fromWho="0" sc="263,-80,240,0,301,0,186,90" /><INIT seed="5,0,0,1,0,34" ten="183,240,301,276" oya="1" hai0="86,81,119,14,91,109,19,0,24,11,71,76,17" hai1="2,88,18,131,35,135,122,58,70,22,50,72,80" hai2="94,62,73,121,46,108,111,10,130,49,83,33,32" hai3="25,16,123,51,30,9,82,66,87,74,127,29,67"/><U56/><E70/><V93/><F121/><W118/><G74/><T78/><D71/><U44/><E35/><V15/><F130/><W96/><G127/><T48/><D119/><U98/><E122/><V99/><F33/><W129/><G129/><T95/><D109/><U1/><E131/><V110/><F32/><W68/><G68/><T132/><D132/><U31/><E31/><V41/><F62/><W69/><G69/><T75/><D78/><U13/><E135/><V57/><F57/><W114/><G114/><T105/><D24/><U5/><E5/><V26/><F26/><W120/><G118/><T107/><D19/><U60/><E72/><V100/><F93/><W6/><G67/><T64/><D64/><U104/><E104/><V7/><F73/><W89/><G66/><T53/><REACH who="0" step="1"/><D0/><REACH who="0" ten="173,240,301,276" step="2"/><U134/><E134/><V77/><F111/><W101/><G25/><T102/><D102/><U128/><E128/><V97/><F110/><W43/><G16/><T55/><D55/><N who="1" m="30151" /><E2/><V8/><F77/><W126/><G123/><T115/><D115/><U20/><E1/><V27/><F108/><W90/><G120/><T59/><AGARI ba="0,1" hai="11,14,17,48,53,59,75,76,81,86,91,95,105,107" machi="59" ten="20,2700,0" yaku="1,1,0,1,7,1,53,0" doraHai="34" doraHaiUra="124" who="0" fromWho="0" sc="173,37,240,-13,301,-7,276,-7" /><INIT seed="6,0,0,4,0,121" ten="210,227,294,269" oya="2" hai0="53,10,40,61,91,43,44,106,6,130,69,48,23" hai1="39,114,86,90,57,9,21,84,72,80,51,56,132" hai2="77,123,12,1,116,65,107,81,38,24,99,73,18" hai3="33,128,110,67,111,85,115,55,42,62,96,64,4"/><V47/><F123/><W17/><G33/><T58/><D106/><U94/><E39/><V135/><F1/><W95/><G4/><T66/><D23/><U11/><E72/><V30/><F116/><W3/><G3/><T105/><D105/><U19/><E114/><V52/><F135/><W124/><G42/><T75/><D75/><U36/><E36/><V71/><F71/><W29/><G29/><T26/><D26/><U0/><E0/><V41/><F65/><W102/><G115/><T117/><D117/><U74/><E74/><V125/><F125/><W54/><G124/><T87/><D130/><U70/><E70/><V83/><F83/><W113/><G113/><T31/><D31/><U25/><E132/><V82/><F82/><W37/><G37/><T120/><D120/><U98/><E84/><V131/><F131/><W134/><G67/><T28/><D28/><U78/><REACH who="1" step="1"/><E51/><REACH who="1" ten="210,217,294,269" step="2"/><V93/><F38/><W60/><G85/><T118/><D118/><U27/><E27/><V2/><F24/><W88/><G134/><T50/><D48/><U16/><E16/><V7/><F18/><W14/><G17/><T100/><D69/><U127/><E127/><V112/><F2/><W126/><G126/><T89/><D87/><U13/><E13/><V122/><F12/><W129/><G14/><N who="0" m="5463" /><D100/><U133/><E133/><V103/><F73/><W49/><G102/><T63/><D63/><U22/><E22/><V45/><F103/><W104/><G129/><T92/><D92/><U59/><AGARI ba="0,1" hai="9,11,19,21,25,56,57,59,78,80,86,90,94,98" machi="59" ten="30,4000,0" yaku="1,1,0,1,8,1,53,0" doraHai="121" doraHaiUra="8" who="1" fromWho="1" sc="210,-10,217,50,294,-20,269,-10" /><INIT seed="7,0,0,4,4,32" ten="200,267,274,259" oya="3" hai0="46,73,28,31,89,14,78,101,21,1,116,99,126" hai1="122,7,88,94,3,42,134,95,87,63,45,26,92" hai2="69,82,117,91,40,15,104,65,68,96,124,110,12" hai3="60,114,10,16,48,76,128,38,103,55,85,59,129"/><W105/><G38/><T54/><D116/><U108/><E122/><V2/><F2/><W37/><G37/><T41/><D126/><U18/><E108/><V57/><F117/><W8/><G114/><T27/><D54/><U106/><E106/><V36/><F110/><W120/><G120/><T47/><D89/><U52/><E3/><V70/><F124/><W9/><G105/><T20/><D1/><U111/><E7/><V71/><F71/><W39/><G39/><T30/><D73/><U118/><E134/><V0/><F0/><W17/><G103/><T74/><D41/><U84/><E84/><V23/><F23/><W66/><G85/><T56/><D56/><N who="1" m="35207" /><E111/><V113/><F113/><W107/><G107/><T72/><D72/><U53/><E42/><V86/><F57/><W112/><G76/><T62/><D62/><U90/><E90/><V81/><F65/><W19/><REACH who="3" step="1"/><G112/><REACH who="3" ten="200,267,274,249" step="2"/><T97/><D78/><U13/><E118/><V44/><F82/><W123/><G123/><T5/><D74/><U11/><E94/><V25/><F104/><W109/><G109/><T4/><D101/><U22/><E95/><V132/><F132/><W50/><G50/><T130/><D130/><U35/><E92/><V77/><F77/><W135/><G135/><T6/><D14/><N who="2" m="5162" /><F96/><N who="0" m="36938" /><D27/><U133/><E133/><V83/><F25/><W24/><G24/><T67/><D67/><U121/><E121/><V125/><F83/><W75/><G75/><T43/><D43/><U119/><E119/><V29/><F125/><W98/><G98/><T127/><D127/><U115/><E115/><RYUUKYOKU ba="0,1" sc="200,10,267,-30,274,10,249,10" hai0="4,5,6,20,21,28,30,31,46,47" hai2="29,36,40,44,68,69,70,81,86,91" hai3="8,9,10,16,17,19,48,55,59,60,66,128,129" /><INIT seed="7,1,1,5,1,69" ten="210,237,284,259" oya="3" hai0="105,55,23,27,80,77,84,49,28,7,75,24,89" hai1="42,125,113,73,25,58,82,4,66,12,56,30,11" hai2="16,41,102,94,114,14,15,9,1,100,96,67,109" hai3="88,98,81,112,22,126,72,2,51,74,64,10,38"/><W110/><G38/><T0/><D105/><U119/><E125/><V18/><F109/><W133/><G126/><T121/><D121/><U36/><E113/><V127/><F127/><W79/><G64/><T103/><D103/><U111/><E111/><V33/><F33/><W131/><G112/><T92/><D0/><U108/><E108/><V21/><F114/><W97/><G74/><T78/><D7/><U20/><E66/><V60/><F41/><W52/><G131/><T40/><D40/><U35/><E119/><V106/><F1/><W3/><G133/><T90/><D27/><U43/><E35/><V116/><F116/><W123/><G123/><T39/><D39/><U57/><REACH who="1" step="1"/><E36/><REACH who="1" ten="210,227,284,259" step="2"/><V129/><F129/><W128/><G128/><T45/><REACH who="0" step="1"/><D75/><REACH who="0" ten="200,227,284,259" step="2"/><U32/><E32/><V104/><F102/><W134/><G72/><T76/><D76/><AGARI ba="1,3" hai="4,11,12,20,25,30,42,43,56,57,58,73,76,82" machi="76" ten="40,2600,0" yaku="1,1,53,1" doraHai="69" doraHaiUra="6" who="1" fromWho="0" sc="200,-29,227,59,284,0,259,0" /><INIT seed="8,0,0,2,4,96" ten="171,286,284,259" oya="0" hai0="57,114,68,47,25,22,94,67,7,104,78,16,31" hai1="77,34,130,117,52,90,43,24,80,135,51,64,70" hai2="102,35,11,33,119,124,54,19,101,99,39,86,126" hai3="74,79,63,49,83,106,37,28,20,0,48,75,128"/><T53/><D104/><U118/><E43/><V13/><F39/><W108/><G108/><T55/><D114/><U113/><E113/><V121/><F121/><W41/><G75/><T82/><D7/><U38/><E38/><V60/><F119/><N who="1" m="45577" /><E90/><V91/><F60/><W45/><G128/><T9/><D68/><U29/><E135/><V97/><F54/><W71/><G0/><T132/><D132/><U115/><E115/><V87/><F87/><W26/><G106/><T81/><D94/><U62/><E130/><V95/><F99/><W103/><G103/><N who="2" m="39433" /><F97/><W12/><G12/><N who="0" m="7183" /><D78/><U4/><E4/><V61/><F61/><W123/><G123/><T3/><D3/><U50/><E52/><N who="0" m="20041" /><D47/><U111/><E111/><V21/><F11/><W72/><G72/><AGARI ba="0,0" hai="24,29,34,50,51,62,64,70,72,77,80" m="45577" machi="72" ten="30,1000,0" yaku="16,1" doraHai="96" who="1" fromWho="3" sc="171,0,286,10,284,0,259,-10" /><INIT seed="9,0,0,0,2,31" ten="171,296,284,249" oya="1" hai0="20,88,131,83,87,1,54,115,73,51,72,47,30" hai1="98,129,89,68,28,82,26,18,22,85,102,38,43" hai2="59,45,76,93,117,4,49,75,80,69,21,86,128" hai3="78,60,100,99,42,32,124,19,2,16,24,35,57"/><U96/><E68/><V113/><F69/><W6/><G124/><T84/><D115/><U27/><E129/><V36/><F128/><W70/><G42/><T77/><D131/><U114/><E114/><V17/><F113/><W135/><G135/><T106/><D106/><U61/><E61/><V103/><F36/><W79/><G6/><T130/><D1/><U13/><E27/><V122/><F122/><W64/><G57/><T121/><D130/><U119/><E119/><V50/><F117/><W94/><G2/><T0/><D0/><U65/><E65/><V56/><F4/><W118/><G118/><T116/><D116/><U90/><E102/><V126/><F126/><W29/><REACH who="3" step="1"/><G32/><REACH who="3" ten="171,296,284,239" step="2"/><T8/><D121/><U71/><E71/><V53/><F50/><W74/><G74/><T104/><D104/><U52/><E43/><V25/><F75/><W92/><G92/><T66/><D66/><U11/><E38/><V81/><F81/><W120/><G120/><T58/><D58/><U41/><E41/><V23/><F59/><W95/><G95/><T44/><D44/><U125/><E125/><V108/><F56/><W101/><G101/><T109/><D109/><U110/><E110/><V39/><F108/><W55/><G55/><T132/><D132/><U12/><E52/><V48/><F49/><W91/><G91/><T105/><D105/><U127/><E89/><V133/><F133/><W3/><G3/><T40/><D54/><U63/><E127/><V107/><F107/><W7/><G7/><T14/><D73/><U33/><E63/><V123/><F123/><RYUUKYOKU ba="0,1" sc="171,-15,296,15,284,-15,239,15" hai1="11,12,13,18,22,26,28,33,82,85,90,96,98" hai3="16,19,24,29,35,60,64,70,78,79,94,99,100" owari="156,-34.0,321,42.0,269,7.0,254,-15.0" /></mjloggm>