<mjloggm ver="2.3"><GO type="41" lobby="0"/><UN n0="%49%53%53%41%E3%81%95%E3%81%95%E3%82%93" n1="%E9%8A%AD%E5%BD%A2" n2="%E5%B0%B1%E6%B4%BB%E7%94%9F%40%E5%B7%9D%E6%9D%91%E8%BB%8D%E5%9B%A3" n3="%E3%81%97%E3%82%8D%E3%81%88%E3%82%82%E3%82%93" dan="15,14,17,14" rate="2011.14,1972.39,2217.46,1937.40" sx="M,M,M,M"/><TAIKYOKU oya="0"/><INIT seed="0,0,0,5,0,35" ten="250,250,250,250" oya="0" hai0="47,10,84,78,43,130,12,67,107,41,131,50,33" hai1="76,65,99,86,121,46,114,75,13,79,62,73,120" hai2="25,17,119,16,70,98,106,101,44,61,64,102,135" hai3="122,51,21,88,89,3,40,126,57,105,7,85,74"/><T11/><D107/><U38/><E114/><V103/><F135/><W95/><G74/><T127/><D127/><U54/><E73/><V42/><F119/><W132/><G105/><T23/><D67/><U53/><E75/><V19/><REACH who="2" step="1"/><F25/><REACH who="2" ten="250,250,240,250" step="2"/><W58/><G132/><T20/><D130/><U123/><E121/><V134/><F134/><W110/><G122/><T2/><D131/><U22/><E123/><V91/><F91/><W112/><G126/><T77/><D33/><U28/><E120/><V80/><F80/><W82/><G112/><T60/><D84/><U81/><E81/><V111/><F111/><W104/><G110/><T90/><D90/><U31/><E86/><V72/><F72/><W63/><G89/><T92/><D92/><U29/><E79/><V117/><F117/><W8/><G104/><T32/><D32/><U96/><E76/><V4/><F4/><W39/><G95/><T55/><D78/><U45/><E96/><V87/><F87/><W34/><G34/><T59/><D77/><U115/><E99/><V14/><F14/><W124/><G124/><T108/><D108/><U6/><E13/><V125/><F125/><W100/><G82/><T15/><D15/><U26/><E6/><V68/><F68/><W27/><G88/><T83/><D83/><U129/><E115/><V48/><AGARI ba="0,1" hai="16,17,19,42,44,48,61,64,70,98,101,102,103,106" machi="48" ten="30,4000,0" yaku="1,1,0,1,54,1,53,0" doraHai="35" doraHaiUra="30" who="2" fromWho="2" sc="250,-20,250,-10,240,50,250,-10" /><INIT seed="1,0,0,5,2,63" ten="230,240,290,240" oya="1" hai0="5,74,89,24,75,80,20,44,129,94,16,67,90" hai1="117,23,14,30,102,29,35,59,54,28,109,92,58" hai2="53,42,81,66,124,91,87,34,40,69,118,119,104" hai3="48,132,22,57,77,98,120,95,78,46,60,6,111"/><U108/><E117/><V68/><F124/><W85/><G111/><N who="1" m="42570" /><E35/><V3/><F3/><W130/><G6/><T15/><D129/><U55/><E102/><V9/><F104/><W100/><G130/><T112/><D112/><U26/><E92/><V0/><F34/><W79/><G132/><T4/><D44/><U41/><E41/><V70/><F66/><N who="3" m="39183" /><G22/><T127/><D127/><U45/><E14/><V99/><F53/><N who="1" m="19977" /><E45/><V72/><F119/><W10/><G120/><T32/><D75/><U121/><E121/><V12/><F72/><W97/><G10/><T88/><D74/><U107/><E107/><V25/><F0/><W47/><G47/><T64/><D80/><U122/><E122/><V116/><F116/><W83/><G98/><N who="0" m="57671" /><D32/><U37/><E37/><V133/><F133/><W39/><G39/><T2/><D2/><U82/><E82/><V43/><F118/><W135/><G135/><T8/><D5/><U65/><E65/><AGARI ba="0,0" hai="4,8,15,16,20,24,64,65,67,89,90" m="57671" machi="65" ten="30,12000,2" yaku="8,1,52,3,54,2" doraHai="63" who="0" fromWho="1" sc="230,120,240,-120,290,0,240,0" /><INIT seed="2,0,0,1,3,53" ten="350,120,290,240" oya="2" hai0="80,123,3,15,52,69,131,111,109,90,108,19,8" hai1="121,112,92,72,71,33,56,134,22,44,20,89,47" hai2="54,37,128,73,35,99,120,122,41,67,51,83,2" hai3="78,9,17,26,127,87,39,102,1,61,98,81,49"/><V74/><F35/><W32/><G39/><T0/><D131/><U66/><E71/><V77/><F2/><W91/><G127/><T21/><D123/><U62/><E72/><V28/><F74/><W133/><G133/><T130/><D130/><U6/><E134/><V31/><F128/><W135/><G135/><T101/><D101/><U82/><E112/><V118/><F118/><W97/><G1/><T42/><D69/><U55/><E33/><V48/><F37/><W60/><G32/><T70/><D70/><U103/><E6/><V29/><F67/><W68/><G68/><T10/><D42/><U95/><E121/><V50/><F41/><W86/><G49/><T76/><D90/><U43/><E82/><V38/><F38/><W34/><G34/><T132/><D132/><U11/><E11/><N who="0" m="4137" /><D52/><N who="1" m="34055" /><E103/><V25/><F54/><W63/><G102/><T115/><D115/><U119/><E66/><V116/><F116/><W7/><G7/><T65/><D65/><U57/><E119/><V110/><F110/><W94/><G9/><T16/><D19/><U58/><E58/><V126/><F126/><W18/><G17/><T124/><D124/><U30/><E43/><V114/><F114/><W4/><G4/><T64/><D64/><U96/><E92/><V12/><F120/><W13/><G94/><T14/><D111/><U105/><E105/><V113/><F122/><W23/><G91/><T85/><D109/><U104/><E104/><V24/><F113/><W93/><G93/><T125/><D108/><U45/><E30/><V79/><F73/><W129/><G129/><RYUUKYOKU ba="0,0" sc="350,-10,120,30,290,-10,240,-10" hai1="20,22,44,45,47,55,57,89,95,96" /><INIT seed="3,1,0,2,3,27" ten="340,150,280,230" oya="3" hai0="64,39,112,88,81,70,55,123,14,51,106,76,38" hai1="98,45,16,122,127,105,92,4,41,125,86,8,133" hai2="118,80,115,23,79,19,40,24,102,66,21,52,5" hai3="62,43,72,7,82,58,60,110,3,99,124,54,48"/><W69/><G124/><N who="1" m="47690" /><E122/><V94/><F118/><W36/><G99/><T87/><D123/><U6/><E105/><V77/><F115/><W37/><G110/><T15/><D112/><U65/><E65/><V103/><F66/><N who="3" m="41159" /><G62/><T53/><D106/><U95/><E86/><V96/><F40/><W61/><G61/><T33/><D76/><U57/><E57/><V114/><F114/><W1/><G7/><N who="1" m="2602" /><E133/><V35/><F5/><W107/><G107/><T2/><D70/><U28/><E28/><N who="2" m="17423" /><F35/><W131/><G131/><T109/><D64/><U25/><E98/><V119/><F103/><W63/><G63/><T135/><D135/><U34/><E34/><V126/><F126/><W49/><G49/><T46/><D109/><U13/><E25/><N who="2" m="14591" /><F80/><W56/><G56/><T47/><D33/><U104/><E104/><V101/><F101/><W31/><G31/><T10/><D39/><AGARI ba="1,0" hai="8,13,16,39,41,45,92,95" m="2602,47690" machi="39" ten="30,2000,0" yaku="18,1,54,1" doraHai="27" who="1" fromWho="0" sc="340,-23,150,23,280,0,230,0" /><INIT seed="4,0,0,3,4,114" ten="317,173,280,230" oya="0" hai0="26,59,58,132,119,134,30,127,5,21,65,50,51" hai1="71,37,135,22,0,69,120,102,79,55,82,9,3" hai2="94,122,133,97,12,115,44,113,61,33,86,46,98" hai3="91,77,18,39,35,84,43,126,19,131,129,88,36"/><T42/><D127/><U10/><E120/><V130/><F122/><W103/><G103/><T28/><D5/><U111/><E111/><V25/><F130/><W93/><G35/><T11/><D11/><U34/><E34/><V45/><F133/><N who="0" m="51306" /><D30/><U108/><E108/><V110/><F110/><W62/><G62/><N who="0" m="38103" /><D59/><U23/><E37/><V72/><F72/><W83/><G91/><T66/><D66/><U104/><E135/><V109/><F109/><W128/><G126/><T41/><D119/><U13/><E71/><V125/><F125/><W89/><G89/><T15/><D15/><U67/><E69/><V123/><F12/><W124/><G124/><T73/><D73/><U118/><E118/><V80/><F123/><W60/><G60/><T95/><D95/><U8/><E67/><V90/><F61/><W57/><G57/><T14/><D14/><U17/><E22/><V64/><F64/><W47/><REACH who="3" step="1"/><G36/><REACH who="3" ten="317,173,280,220" step="2"/><T100/><D100/><U24/><E102/><V70/><F70/><W85/><AGARI ba="0,1" hai="18,19,39,43,47,77,83,84,85,88,93,128,129,131" machi="85" ten="30,8000,1" yaku="1,1,2,1,0,1,19,1,54,1,53,0" doraHai="114" doraHaiUra="1" who="3" fromWho="3" sc="317,-40,173,-20,280,-20,220,90" /><INIT seed="5,0,0,3,4,25" ten="277,153,260,310" oya="1" hai0="125,86,59,62,66,80,36,46,109,67,7,89,45" hai1="110,9,68,37,22,90,10,27,49,58,82,135,56" hai2="124,78,38,126,119,107,35,14,54,53,115,6,71" hai3="17,65,79,133,15,74,88,77,73,60,24,31,72"/><U70/><E135/><V5/><F107/><W50/><G50/><T18/><D109/><U44/><E110/><V96/><F119/><W132/><G88/><T28/><D125/><N who="2" m="48234" /><F71/><W8/><G133/><T3/><D36/><U120/><E37/><V23/><F35/><W98/><G98/><T84/><D67/><U105/><E120/><V131/><F38/><W129/><G129/><T92/><D18/><U101/><E105/><V130/><F78/><W95/><G95/><T11/><REACH who="0" step="1"/><D28/><REACH who="0" ten="267,153,260,310" step="2"/><N who="1" m="17527" /><E70/><V91/><F115/><W33/><REACH who="3" step="1"/><G132/><REACH who="3" ten="267,153,260,300" step="2"/><T104/><D104/><U63/><E68/><AGARI ba="0,2" hai="8,15,17,24,31,33,60,65,68,72,73,74,77,79" machi="68" ten="40,8000,1" yaku="1,1,2,1,52,1,53,1" doraHai="25" doraHaiUra="12" who="3" fromWho="1" sc="267,0,153,-80,260,0,300,100" /><INIT seed="6,0,0,2,5,86" ten="267,73,260,400" oya="2" hai0="27,83,78,109,60,127,56,59,68,54,116,12,21" hai1="58,22,7,111,1,6,100,130,0,25,114,67,133" hai2="128,19,94,5,88,89,87,121,2,23,98,80,36" hai3="30,65,41,43,123,49,18,119,70,76,124,97,81"/><V46/><F121/><W115/><G123/><T118/><D109/><U96/><E111/><V73/><F128/><W24/><G119/><N who="0" m="45611" /><D127/><U108/><E108/><V38/><F73/><W75/><G97/><T10/><D68/><U105/><E114/><V16/><F19/><W9/><G124/><T112/><D59/><U113/><E113/><V48/><F5/><W14/><G115/><T95/><D95/><U35/><E130/><V74/><F2/><W120/><G120/><T92/><D92/><U37/><E133/><V61/><F61/><W3/><G3/><T45/><D45/><U69/><E69/><V4/><F4/><W8/><G8/><T50/><D112/><U126/><E37/><V28/><F28/><W102/><G102/><T47/><D47/><U39/><E39/><V26/><REACH who="2" step="1"/><F74/><REACH who="2" ten="267,73,250,400" step="2"/><W51/><G30/><N who="0" m="17775" /><D60/><U20/><E35/><V11/><F11/><W125/><G9/><T101/><D101/><U55/><E0/><V13/><F13/><W53/><G14/><T71/><D71/><U79/><E1/><V34/><F34/><W106/><G70/><T63/><D63/><U85/><E105/><V32/><F32/><W135/><G106/><T93/><D93/><U99/><E126/><V134/><F134/><W77/><G135/><T110/><D110/><U104/><E104/><V64/><F64/><W132/><G65/><T42/><D10/><U72/><E72/><V31/><F31/><W52/><G75/><N who="0" m="43487" /><D12/><U84/><E67/><V103/><F103/><W122/><G125/><T33/><D33/><U107/><E107/><V90/><F90/><RYUUKYOKU ba="0,1" sc="267,15,73,-15,250,15,400,-15" hai0="42,50,54,56" hai2="16,23,26,36,38,46,48,80,87,88,89,94,98" /><INIT seed="6,1,1,3,1,127" ten="282,58,265,385" oya="2" hai0="78,82,90,104,67,131,46,48,18,106,55,2,50" hai1="126,39,93,24,60,13,54,87,47,49,99,17,72" hai2="30,28,121,34,33,128,8,119,113,58,32,57,21" hai3="16,100,114,118,31,73,107,92,25,109,42,69,96"/><V56/><F119/><W123/><G109/><T125/><D125/><U88/><E126/><V76/><F121/><W134/><G123/><T83/><D2/><U94/><E72/><V1/><F76/><W122/><G118/><T12/><D67/><U5/><E39/><V38/><F38/><W52/><G122/><T74/><D50/><U86/><E5/><V7/><F113/><W59/><G69/><T35/><D35/><U71/><E71/><V66/><F66/><W115/><G73/><T61/><D61/><U65/><E24/><V23/><REACH who="2" step="1"/><F128/><REACH who="2" ten="282,58,255,385" step="2"/><W77/><G114/><T10/><REACH who="0" step="1"/><D131/><REACH who="0" ten="272,58,255,385" step="2"/><U37/><E37/><V80/><F80/><W89/><G115/><T27/><D27/><U98/><E65/><V103/><F103/><W75/><G100/><T26/><D26/><U51/><E60/><V41/><F41/><W40/><G42/><T53/><D53/><U84/><E51/><V63/><F63/><W97/><G40/><T129/><D129/><U132/><E132/><V108/><F108/><W102/><G134/><T112/><D112/><U133/><E133/><V120/><F120/><W29/><G52/><T79/><D79/><U111/><E111/><V116/><F116/><W124/><G124/><T0/><D0/><U45/><E45/><V105/><F105/><W91/><G107/><T64/><D64/><U68/><E68/><V81/><F81/><W19/><G102/><T110/><D110/><U95/><REACH who="1" step="1"/><E88/><REACH who="1" ten="272,48,255,385" step="2"/><V11/><F11/><AGARI ba="1,4" hai="11,13,17,47,49,54,84,86,87,93,94,95,98,99" machi="11" ten="40,5200,0" yaku="1,1,2,1,8,1,53,0" doraHai="127" doraHaiUra="20" who="1" fromWho="2" sc="272,0,48,95,255,-55,385,0" /><INIT seed="7,0,0,2,5,33" ten="272,143,200,385" oya="3" hai0="34,113,6,71,28,72,70,86,52,99,117,81,5" hai1="119,18,25,104,85,10,58,49,122,120,30,11,132" hai2="107,43,59,45,3,55,12,130,105,114,103,27,47" hai3="42,53,20,97,46,40,121,73,80,100,124,14,84"/><W125/><G73/><T69/><D117/><U31/><E104/><V2/><F105/><W50/><G121/><T126/><D126/><U16/><E119/><V115/><F130/><W17/><G124/><T4/><D72/><U26/><E85/><V65/><F65/><W101/><G125/><T19/><D99/><U110/><E58/><V134/><F134/><W8/><G8/><N who="1" m="3114" /><E132/><V1/><F12/><W51/><G51/><T37/><D37/><U109/><E49/><V38/><F47/><W112/><G112/><N who="2" m="43049" /><F27/><N who="1" m="10249" /><E120/><V36/><F107/><W96/><G96/><T57/><D113/><U128/><E128/><V44/><F103/><N who="3" m="39499" /><G97/><T9/><D71/><U56/><E56/><V106/><F106/><W64/><G64/><T91/><D70/><U23/><E122/><V66/><F66/><W108/><G108/><N who="1" m="41578" /><E23/><V7/><F45/><W90/><AGARI ba="0,0" hai="14,17,20,40,42,46,50,53,80,84,90" m="39499" machi="90" ten="30,1500,0" yaku="8,1" doraHai="33" who="3" fromWho="3" sc="272,-5,143,-5,200,-5,385,15" owari="267,7.0,138,-36.0,195,-20.0,400,49.0" /></mjloggm>