<mjloggm ver="2.3"><GO type="169" lobby="0"/><UN n0="%E3%83%9E%E3%82%A6%E3%83%AD%E3%83%BB%E3%82%B7%E3%82%A6%E3%83%90" n1="%E3%82%B7%E3%83%A3%E3%82%AD%E3%82%AA%E3%83%8B" n2="%E3%83%AF%E3%83%B3%E3%82%BF%E3%83%B3%EF%BC%A0%E6%A8%AA%E6%B5%9C" n3="%E5%B0%B1%E6%B4%BB%E7%94%9F%40%E5%B7%9D%E6%9D%91%E8%BB%8D%E5%9B%A3" dan="17,16,17,17" rate="2172.14,2120.55,2178.43,2200.95" sx="M,M,M,M"/><TAIKYOKU oya="0"/><INIT seed="0,0,0,5,1,6" ten="250,250,250,250" oya="0" hai0="110,106,8,57,42,98,99,16,56,100,58,2,134" hai1="121,87,51,63,107,75,81,18,64,119,22,14,103" hai2="21,82,15,61,37,10,68,128,0,111,125,95,83" hai3="45,90,133,79,38,69,77,80,78,127,129,46,73"/><T39/><D134/><U104/><E119/><V7/><F111/><W19/><G69/><T84/><D110/><U28/><E121/><V52/><F125/><W114/><G114/><T120/><D120/><U62/><E75/><V27/><F37/><W96/><G129/><T94/><D84/><U33/><E51/><V109/><F109/><W30/><G30/><T108/><D108/><U25/><E103/><V55/><F128/><W115/><G115/><T53/><D42/><U126/><E126/><V102/><F0/><W72/><G38/><T112/><D112/><U131/><E131/><V17/><F68/><W40/><G40/><T41/><D41/><U35/><E35/><V48/><F61/><W3/><G3/><T32/><D32/><U31/><E31/><V71/><F71/><W1/><G1/><T65/><D65/><U113/><E63/><V70/><F70/><W24/><G133/><T89/><D39/><U44/><E44/><N who="2" m="27655" /><F55/><W76/><G127/><T59/><D59/><U74/><E74/><V93/><F93/><W92/><G73/><T116/><D116/><U105/><E113/><V12/><F27/><W66/><G66/><T36/><D36/><U9/><E62/><V60/><F60/><W123/><G123/><T43/><D43/><U29/><E64/><V4/><F4/><W118/><G118/><T97/><D53/><U13/><E33/><V135/><F135/><W47/><G47/><T88/><D2/><U5/><REACH who="1" step="1"/><E25/><REACH who="1" ten="250,240,250,250" step="2"/><V49/><F49/><W67/><G67/><T130/><D130/><U50/><E50/><V34/><F34/><RYUUKYOKU ba="0,1" sc="250,-30,240,10,250,10,250,10" hai1="5,9,13,14,18,22,28,29,81,87,104,105,107" hai2="7,10,12,15,17,21,82,83,95,102" hai3="19,24,45,46,72,76,77,78,79,80,90,92,96" /><INIT seed="1,1,1,2,1,38" ten="220,250,260,260" oya="1" hai0="24,33,128,8,79,129,58,88,106,94,31,32,109" hai1="53,103,85,65,41,2,39,83,126,29,51,135,133" hai2="59,14,86,40,75,34,62,124,66,77,16,127,119" hai3="35,125,6,80,113,90,111,123,104,56,13,19,74"/><U116/><E2/><V130/><F119/><W78/><G35/><T1/><D106/><U54/><E116/><V30/><F75/><W9/><G104/><T69/><D69/><U45/><E103/><V3/><F3/><W67/><G123/><T61/><D109/><U97/><E97/><V134/><F130/><W49/><G113/><T93/><D79/><U60/><E29/><V37/><F134/><N who="1" m="51209" /><E39/><V95/><F30/><W0/><G111/><T46/><D33/><U4/><E4/><V110/><F34/><W63/><G125/><N who="2" m="48201" /><F110/><W115/><G115/><T15/><D1/><U99/><E99/><V71/><F71/><W96/><G96/><T131/><D131/><U25/><E25/><V89/><F77/><W107/><G107/><T122/><D122/><U70/><E126/><V20/><F37/><W21/><G90/><AGARI ba="1,1" hai="41,45,51,53,54,60,65,70,83,85,90" m="51209" machi="90" ten="30,2900,0" yaku="20,1,52,1" doraHai="38" who="1" fromWho="3" sc="220,0,250,42,260,0,260,-32" /><INIT seed="1,2,0,2,1,9" ten="220,292,260,228" oya="1" hai0="35,34,76,102,95,69,89,28,120,129,113,105,59" hai1="61,74,101,79,90,19,72,5,43,110,80,39,133" hai2="21,4,75,103,20,53,54,10,100,8,62,88,122" hai3="46,85,93,45,83,63,125,65,91,77,99,82,15"/><U98/><E133/><V36/><F75/><W41/><G125/><T81/><D69/><U121/><E121/><V70/><F36/><W119/><G119/><T0/><D0/><U57/><E72/><V32/><F32/><W115/><G115/><T14/><D113/><U30/><E30/><V7/><F70/><W78/><G41/><T25/><D129/><U130/><E130/><V131/><F131/><W58/><REACH who="3" step="1"/><G15/><REACH who="3" ten="220,292,260,218" step="2"/><T104/><D14/><U56/><E43/><V116/><F116/><W6/><G6/><T109/><D120/><U68/><E5/><V96/><F122/><W126/><G126/><T73/><D109/><U132/><E110/><V67/><F7/><W49/><G49/><T60/><D35/><U1/><E1/><V22/><F4/><W12/><G12/><T2/><D2/><U27/><E39/><V117/><F117/><W118/><G118/><T11/><D34/><U26/><E26/><V84/><F62/><W107/><G107/><T33/><D105/><U3/><E3/><V94/><F67/><W48/><G48/><T128/><D104/><U23/><E132/><V114/><F114/><W52/><G52/><N who="2" m="20073" /><F103/><W18/><G18/><T66/><D102/><U55/><E101/><V127/><F127/><W135/><G135/><T29/><D128/><U51/><E61/><V16/><F16/><W108/><G108/><T134/><D134/><U124/><E124/><V106/><F106/><W87/><AGARI ba="2,1" hai="45,46,58,63,65,77,78,82,83,85,87,91,93,99" machi="87" ten="20,8000,1" yaku="1,1,0,1,7,1,9,1,8,1,53,0" doraHai="9" doraHaiUra="111" who="3" fromWho="3" sc="220,-22,292,-42,260,-22,218,96" /><INIT seed="2,0,0,3,2,37" ten="198,250,238,314" oya="2" hai0="128,62,99,64,135,91,94,21,87,14,109,35,80" hai1="130,50,51,9,23,31,4,123,84,107,79,72,132" hai2="65,5,118,55,106,98,47,75,133,115,90,102,100" hai3="66,103,70,121,61,41,1,76,56,81,43,27,33"/><V63/><F115/><W30/><G121/><T127/><D109/><U40/><E107/><V7/><F118/><W73/><G1/><T38/><D35/><U96/><E123/><V68/><F133/><W126/><G126/><T134/><D127/><U89/><E130/><V12/><F102/><W129/><G129/><T46/><D128/><U39/><E96/><V13/><F75/><W57/><G103/><T116/><D116/><U83/><E23/><V58/><F47/><W112/><G112/><T16/><D38/><U24/><E24/><V19/><F90/><W49/><G57/><T60/><D46/><N who="1" m="23839" /><E31/><V78/><F78/><W59/><G56/><T120/><D120/><U0/><E132/><N who="0" m="50729" /><D64/><U10/><E10/><V48/><REACH who="2" step="1"/><F13/><REACH who="2" ten="198,250,228,314" step="2"/><W110/><G110/><T92/><D92/><AGARI ba="0,1" hai="0,4,9,50,51,72,79,83,84,89,92" m="23839" machi="92" ten="30,2000,0" yaku="25,1,52,1" doraHai="37" who="1" fromWho="0" sc="198,-20,250,30,228,0,314,0" /><INIT seed="3,0,0,2,2,69" ten="178,280,228,314" oya="3" hai0="36,11,112,51,7,75,118,15,98,133,87,85,6" hai1="102,56,65,19,129,127,49,99,80,93,106,43,72" hai2="128,89,52,18,95,86,5,130,121,3,58,4,27" hai3="115,17,39,74,109,113,10,41,132,2,44,24,66"/><W111/><G74/><T12/><D75/><U63/><E129/><N who="2" m="49771" /><F121/><W14/><G132/><T16/><D118/><U45/><E127/><V81/><F3/><W31/><G66/><T47/><D133/><U59/><E106/><V55/><F55/><W38/><G2/><T77/><D36/><U40/><E40/><V107/><F107/><W131/><G131/><T67/><D67/><U32/><E32/><V8/><F95/><W68/><G68/><T48/><D112/><U33/><E33/><V76/><F76/><W70/><G70/><T37/><D37/><U92/><E92/><V22/><F8/><W50/><G113/><T42/><D98/><U83/><E72/><V116/><F116/><W54/><G115/><T84/><D77/><U73/><E73/><V53/><F53/><W110/><REACH who="3" step="1"/><G41/><REACH who="3" ten="178,280,228,304" step="2"/><T101/><D101/><U46/><E46/><V25/><F25/><W117/><G117/><T23/><D47/><U35/><E45/><V105/><F105/><W120/><G120/><T71/><D42/><U97/><E43/><V135/><F135/><W122/><G122/><T125/><D71/><U13/><E102/><V34/><F34/><AGARI ba="0,1" hai="10,14,17,24,31,34,38,39,44,50,54,109,110,111" machi="34" ten="40,18000,2" yaku="1,1,14,1,10,1,52,2,53,1" doraHai="69" doraHaiUra="26" who="3" fromWho="2" sc="178,0,280,0,228,-180,304,190" /><INIT seed="3,1,0,5,5,88" ten="178,280,48,494" oya="3" hai0="62,65,75,86,26,90,58,105,123,33,78,47,77" hai1="106,108,31,27,10,67,42,41,19,34,101,96,93" hai2="53,97,1,0,122,6,66,68,91,120,2,100,73" hai3="94,71,24,14,3,38,22,60,4,113,99,59,23"/><W83/><G113/><T110/><D105/><U9/><E108/><V133/><F73/><W43/><G71/><T29/><D123/><N who="2" m="47146" /><F133/><W63/><G3/><T15/><D110/><U52/><E67/><V92/><F53/><W37/><G43/><T130/><D130/><U13/><E9/><N who="2" m="2247" /><F100/><W102/><G63/><AGARI ba="1,0" hai="1,2,63,66,68,91,92,97" m="2247,47146" machi="63" ten="30,2000,0" yaku="13,1,52,1" doraHai="88" who="2" fromWho="3" sc="178,0,280,0,48,23,494,-23" /><INIT seed="4,0,0,3,2,92" ten="178,280,71,471" oya="0" hai0="47,99,120,56,117,65,131,134,43,112,135,80,39" hai1="34,87,12,75,96,86,74,83,77,114,46,67,72" hai2="4,53,22,125,41,118,132,42,84,133,45,111,104" hai3="3,32,101,61,18,70,121,79,37,24,63,105,6"/><T130/><D120/><U5/><E34/><V7/><F111/><W126/><G63/><N who="0" m="38119" /><D117/><U21/><E67/><V93/><F118/><W16/><G121/><T50/><D112/><U1/><E1/><V81/><F104/><W60/><G60/><T11/><D80/><U113/><E46/><V124/><F22/><W116/><G116/><T13/><D99/><U97/><E86/><V10/><F93/><W88/><G79/><T0/><D0/><U14/><E14/><V20/><F20/><W9/><G37/><T78/><D78/><U110/><E110/><V55/><F84/><W54/><G105/><T103/><D103/><U85/><E85/><V106/><F106/><W23/><G101/><T27/><D27/><U33/><E33/><V25/><F25/><W73/><G32/><T115/><D115/><N who="1" m="44043" /><E21/><V36/><F81/><W128/><G73/><T102/><D102/><U66/><E66/><V58/><F10/><AGARI ba="0,0" hai="5,10,12,72,74,75,77,83,87,96,97" m="44043" machi="10" ten="40,8000,1" yaku="15,1,11,1,52,2" doraHai="92" who="1" fromWho="2" sc="178,0,280,80,71,-80,471,0" owari="178,-22.0,360,16.0,-9,-51.0,471,57.0" /></mjloggm>