<mjloggm ver="2.3"><GO type="169" lobby="0"/><UN n0="%E3%83%90%E3%83%90%E3%82%A2%E3%81%AE%E6%97%A5%E5%82%98" n1="%E7%89%9B%E9%A6%AC" n2="%74%61%6B%75%61%6B%61" n3="%E3%82%A6%E3%83%AB%E3%83%88%E3%83%A9%E7%AB%8B%E7%9B%B4" dan="17,16,18,18" rate="2153.21,2088.66,2209.87,2227.55" sx="F,M,M,M"/><TAIKYOKU oya="0"/><INIT seed="0,0,0,1,1,39" ten="250,250,250,250" oya="0" hai0="75,42,32,130,126,55,129,8,128,43,31,91,50" hai1="30,110,52,115,92,51,21,23,45,104,112,19,120" hai2="124,118,106,67,131,29,133,102,63,69,84,61,135" hai3="13,65,74,59,3,7,27,66,48,83,70,73,109"/><T1/><D126/><U33/><E120/><V26/><F131/><W96/><G3/><T64/><D75/><U88/><E104/><V54/><F124/><W117/><G117/><T68/><D32/><U41/><E110/><V87/><F84/><W44/><G70/><T94/><D31/><U119/><E119/><V62/><F87/><W78/><G74/><T9/><D64/><U80/><E80/><V0/><F0/><W18/><G109/><T40/><D68/><U81/><E81/><V100/><F100/><W98/><G27/><T97/><D1/><U10/><E33/><N who="2" m="20663" /><F54/><W134/><G7/><T116/><D116/><U56/><E30/><V4/><F4/><W77/><G77/><T25/><D25/><U101/><E101/><V99/><F118/><W38/><G38/><T53/><D53/><U121/><E121/><V103/><F103/><W20/><G66/><T125/><D125/><U58/><E58/><AGARI ba="0,0" hai="8,9,40,42,43,50,55,58,91,94,97,128,129,130" machi="58" ten="50,12000,1" yaku="19,1,52,3" doraHai="39" who="0" fromWho="1" sc="250,120,250,-120,250,0,250,0" /><INIT seed="0,1,0,0,2,43" ten="370,130,250,250" oya="0" hai0="17,125,134,37,87,105,121,128,5,133,47,65,58" hai1="131,25,12,135,48,109,101,21,70,124,94,50,51" hai2="84,46,76,119,82,14,91,80,74,69,36,62,26" hai3="27,79,0,68,96,8,99,72,77,81,35,104,18"/><T41/><D105/><U9/><E109/><V24/><F119/><W106/><G79/><T116/><D121/><U71/><E124/><V73/><F73/><W126/><G126/><T40/><D125/><U83/><E131/><V11/><F69/><W2/><G18/><T120/><D120/><U33/><E33/><V122/><F122/><W102/><G8/><T6/><D116/><U130/><E130/><V32/><F32/><W1/><G68/><T75/><D75/><U107/><E107/><V90/><F62/><W108/><G108/><T53/><D65/><U23/><E23/><V123/><F91/><W38/><G38/><T19/><D41/><U114/><E114/><V113/><F113/><W111/><G111/><T129/><D87/><U52/><E135/><N who="0" m="51721" /><D129/><U44/><E71/><V98/><F98/><W28/><G1/><T55/><D55/><U29/><E70/><V132/><F123/><W39/><G39/><T86/><D86/><U31/><E83/><V56/><F132/><W7/><G7/><N who="0" m="2571" /><D128/><U85/><E31/><V93/><F82/><W22/><G22/><T45/><D58/><U67/><E67/><V64/><F56/><W89/><G89/><T60/><D60/><U103/><E85/><V4/><REACH who="2" step="1"/><F64/><REACH who="2" ten="370,130,240,250" step="2"/><W49/><G99/><T78/><D78/><U42/><E103/><V118/><F118/><W88/><G102/><T34/><D34/><U59/><E101/><V127/><F127/><W92/><G96/><T115/><D115/><U117/><E117/><V112/><F112/><W63/><G35/><T95/><D95/><U100/><E94/><RYUUKYOKU ba="1,1" sc="370,15,130,-15,240,15,250,-15" hai0="17,19,37,40,45,47,53" hai2="4,11,14,24,26,36,46,74,76,80,84,90,93" /><INIT seed="0,2,1,4,5,0" ten="385,115,255,235" oya="0" hai0="90,42,74,99,40,15,71,28,94,47,50,79,59" hai1="103,12,10,43,122,133,93,129,102,18,84,69,32" hai2="54,81,135,51,117,31,95,105,27,46,24,80,60" hai3="83,36,6,73,2,109,62,65,107,66,44,113,121"/><T127/><D71/><U17/><E122/><V126/><F105/><W119/><G65/><T85/><D74/><U104/><E69/><V96/><F126/><W110/><G107/><T89/><D79/><U116/><E116/><V39/><F135/><W38/><G119/><T97/><D127/><U20/><E32/><V118/><F118/><W88/><G113/><T130/><D40/><U61/><E133/><V9/><F39/><W72/><G121/><T55/><D28/><U34/><E34/><V128/><F128/><W108/><G44/><T1/><D1/><U76/><E129/><V120/><F120/><W19/><G19/><T112/><D112/><U48/><E61/><V63/><F9/><N who="3" m="2263" /><G88/><T100/><D130/><U21/><E104/><V11/><F11/><W114/><G114/><T125/><D90/><U13/><E10/><V68/><F117/><W91/><G91/><T53/><D125/><U132/><E132/><V123/><F123/><W5/><G5/><T23/><D59/><U82/><REACH who="1" step="1"/><E93/><REACH who="1" ten="385,105,255,235" step="2"/><V4/><F68/><N who="3" m="42071" /><G83/><N who="0" m="49343" /><D99/><U41/><E41/><V106/><F106/><W57/><G110/><T78/><D42/><U75/><E75/><V49/><F80/><W29/><G73/><T134/><D134/><U8/><E8/><V7/><F81/><W67/><G72/><T64/><D94/><U3/><E3/><V33/><F63/><N who="3" m="38383" /><G109/><T124/><D124/><U30/><E30/><N who="2" m="19655" /><F60/><W101/><G108/><T70/><D97/><U58/><E58/><N who="2" m="33103" /><F95/><W92/><G29/><T14/><D70/><U25/><E25/><V35/><F96/><W45/><G45/><AGARI ba="2,2" hai="12,13,17,18,20,21,43,45,48,76,82,84,102,103" machi="45" ten="40,8000,1" yaku="1,1,6,1,9,1,8,1,53,0" doraHai="0" doraHaiUra="87" who="1" fromWho="3" sc="385,0,105,106,255,0,235,-86" /><INIT seed="1,0,0,4,3,72" ten="385,211,255,149" oya="1" hai0="125,73,40,114,54,17,75,123,74,95,59,39,29" hai1="52,127,89,10,42,65,96,133,131,91,6,86,130" hai2="105,71,19,27,93,112,22,117,35,23,5,98,47" hai3="0,49,70,33,1,50,44,32,121,46,61,53,135"/><U76/><E65/><V109/><F117/><W68/><G135/><T128/><D114/><U57/><E133/><V92/><F35/><W90/><G90/><T20/><D29/><U11/><E42/><V34/><F34/><W28/><G28/><T7/><D7/><U13/><E127/><V41/><F71/><W85/><G85/><T66/><D66/><U43/><E43/><V94/><F109/><W110/><G53/><T9/><D9/><U118/><E118/><V82/><F5/><W126/><G61/><T113/><D113/><U48/><E11/><V18/><F112/><W103/><G103/><T102/><D40/><U63/><E63/><V115/><F115/><W12/><G12/><T67/><D67/><U129/><E96/><V124/><F82/><AGARI ba="0,0" hai="6,10,13,48,52,57,76,82,86,89,91,129,130,131" machi="82" ten="40,7700,0" yaku="19,1,52,1,54,1" doraHai="72" who="1" fromWho="2" sc="385,0,211,77,255,-77,149,0" /><INIT seed="1,1,0,4,3,26" ten="385,288,178,149" oya="1" hai0="98,47,59,101,102,116,8,43,80,66,135,124,18" hai1="83,62,28,49,0,93,82,130,117,71,36,95,109" hai2="64,58,76,96,81,86,48,46,3,78,113,97,92" hai3="1,45,132,75,122,32,29,114,5,25,129,44,38"/><U106/><E117/><V54/><F113/><W9/><G114/><T77/><D124/><U37/><E106/><V23/><F3/><W69/><G122/><T68/><D68/><U134/><E0/><V123/><F123/><W65/><G45/><T16/><D135/><U112/><E112/><V120/><F120/><W105/><G132/><T126/><D126/><U85/><E134/><V19/><F76/><W42/><G129/><T61/><D116/><U22/><E130/><V6/><F6/><W2/><G2/><T20/><D8/><U127/><E83/><V70/><F70/><W57/><G57/><T30/><D30/><U91/><E49/><V17/><F17/><W119/><G119/><T21/><D21/><U11/><E11/><V13/><REACH who="2" step="1"/><F92/><REACH who="2" ten="385,288,168,149" step="2"/><W7/><G7/><T31/><D18/><U87/><E95/><V107/><F107/><W99/><G75/><T100/><D16/><U67/><E127/><V12/><F12/><W89/><G69/><T51/><D77/><U52/><E71/><V79/><F79/><W104/><G104/><T55/><D80/><U4/><E93/><V90/><F90/><W125/><G125/><T15/><D15/><U118/><E91/><V53/><F53/><W63/><G89/><T128/><D128/><U10/><E82/><V60/><AGARI ba="1,1" hai="13,19,23,46,48,54,58,60,64,78,81,86,96,97" machi="60" ten="30,4000,0" yaku="1,1,0,1,8,1,53,0" doraHai="26" doraHaiUra="111" who="2" fromWho="2" sc="385,-11,288,-21,168,53,149,-11" /><INIT seed="2,0,0,3,5,72" ten="374,267,221,138" oya="2" hai0="125,31,120,7,55,21,40,23,52,132,98,51,58" hai1="82,20,16,33,34,3,11,61,24,94,101,99,2" hai2="73,6,1,116,44,85,14,69,36,27,13,26,70" hai3="118,53,81,108,75,17,121,91,114,87,110,76,97"/><V64/><F73/><W37/><G37/><T117/><D120/><U92/><E3/><V0/><F116/><W4/><G4/><T113/><D113/><U57/><E92/><V15/><F85/><W89/><G53/><T128/><D128/><U60/><E60/><V18/><F64/><W39/><G17/><T111/><D111/><N who="3" m="42537" /><G39/><T127/><D132/><U54/><E82/><V25/><F18/><W66/><G66/><T19/><D7/><U62/><E62/><V71/><REACH who="2" step="1"/><F6/><REACH who="2" ten="374,267,211,138" step="2"/><W67/><G67/><T65/><D65/><U96/><E96/><V49/><F49/><W35/><G118/><T68/><D117/><U45/><E16/><V74/><F74/><W41/><G121/><T8/><D98/><U123/><E99/><V105/><F105/><W47/><G114/><T134/><D19/><U124/><E123/><V46/><F46/><W43/><G47/><T107/><D51/><U104/><E45/><V59/><F59/><W93/><G35/><T29/><D58/><U130/><E104/><V129/><F129/><W10/><G10/><T83/><D107/><U48/><E57/><V86/><F86/><W38/><G38/><T9/><D68/><U78/><E11/><V32/><F32/><W30/><G30/><T88/><D134/><U135/><E33/><V5/><F5/><W115/><G115/><T50/><D50/><U95/><E34/><V106/><F106/><W112/><G112/><T90/><D83/><AGARI ba="0,1" hai="41,43,75,76,81,83,87,89,91,93,97" m="42537" machi="83" ten="30,2000,0" yaku="14,1,52,1" doraHai="72" who="3" fromWho="0" sc="374,-20,267,0,211,0,138,30" /><INIT seed="3,0,0,2,2,23" ten="354,267,211,168" oya="3" hai0="36,131,84,34,126,38,91,19,104,9,79,60,42" hai1="132,67,13,80,5,114,11,61,130,97,92,14,32" hai2="116,86,72,115,119,87,64,33,85,6,16,81,63" hai3="53,12,95,70,56,120,15,134,49,122,8,113,108"/><W25/><G113/><T124/><D104/><U1/><E114/><V22/><F115/><W0/><G70/><T99/><D34/><U10/><E130/><V57/><F33/><W129/><G129/><T102/><D79/><U83/><E32/><V112/><F112/><W40/><G134/><T90/><D60/><U20/><E132/><V75/><F6/><W51/><G108/><T77/><D77/><U74/><E74/><V21/><F21/><W121/><G95/><T50/><D50/><U54/><E54/><V35/><F35/><W39/><G39/><T101/><D131/><U109/><E20/><V96/><F96/><W58/><G25/><T3/><D91/><U30/><E30/><V93/><F93/><W47/><REACH who="3" step="1"/><G58/><REACH who="3" ten="354,267,211,158" step="2"/><T94/><D36/><U71/><E109/><V62/><F81/><W117/><G117/><T2/><D38/><U68/><E68/><V76/><F76/><W133/><G133/><T69/><D69/><U48/><E83/><V31/><F119/><W37/><G37/><T45/><D94/><U125/><E80/><V27/><F116/><W105/><G105/><T127/><D127/><U82/><E82/><V65/><REACH who="2" step="1"/><F31/><REACH who="2" ten="354,267,201,158" step="2"/><W107/><G107/><T17/><D126/><U103/><E92/><V111/><F111/><W98/><G98/><T88/><D99/><U28/><E97/><V44/><F44/><W4/><AGARI ba="0,2" hai="0,4,8,12,15,40,47,49,51,53,56,120,121,122" machi="4" ten="40,3900,0" yaku="1,1,0,1,53,0" doraHai="23" doraHaiUra="29" who="3" fromWho="3" sc="354,-13,267,-13,201,-13,158,59" /><INIT seed="3,1,0,1,4,67" ten="341,254,188,217" oya="3" hai0="85,117,115,103,47,0,38,17,86,23,109,77,54" hai1="33,44,50,71,58,60,20,101,76,18,92,42,129" hai2="123,61,88,102,46,81,26,55,125,31,120,62,21" hai3="78,110,57,45,70,2,93,48,8,119,52,105,82"/><W94/><G105/><T79/><D109/><U83/><E129/><V19/><F125/><W16/><G119/><T69/><D0/><U126/><E33/><V96/><F31/><W122/><G122/><N who="2" m="46633" /><F46/><W53/><G70/><T7/><D69/><U66/><E126/><V25/><F55/><W108/><G2/><T80/><D7/><U89/><E101/><V22/><F22/><W127/><G127/><T6/><D6/><U13/><E71/><V63/><F26/><W113/><G113/><T9/><D9/><U121/><E121/><V37/><F37/><W39/><G39/><T34/><D34/><U124/><E124/><V130/><F130/><W112/><G112/><T111/><D111/><N who="3" m="42537" /><G8/><T11/><D11/><U100/><E100/><V133/><F133/><W56/><G16/><T27/><D103/><U135/><E135/><V114/><F114/><W30/><G30/><T91/><D117/><U51/><E51/><V97/><F102/><W75/><G45/><T12/><D115/><U128/><E128/><V10/><F10/><W28/><G28/><T98/><D38/><U49/><E49/><AGARI ba="1,0" hai="48,49,52,53,56,57,75,78,82,93,94" m="42537" machi="49" ten="30,5800,0" yaku="14,1,10,1,54,1" doraHai="67" who="3" fromWho="1" sc="341,0,254,-61,188,0,217,61" /><INIT seed="3,2,0,2,3,99" ten="341,193,188,278" oya="3" hai0="63,100,118,104,98,3,44,2,115,126,89,93,84" hai1="60,124,116,55,47,114,13,71,14,103,24,26,64" hai2="9,101,122,56,5,49,27,77,111,129,76,17,30" hai3="133,117,66,8,102,48,70,106,110,121,83,10,131"/><W74/><G121/><T40/><D118/><U125/><E114/><V41/><F111/><W134/><G117/><T16/><D126/><N who="1" m="48747" /><E116/><V79/><F129/><W23/><G131/><T0/><D115/><U29/><E26/><V87/><F122/><W4/><G110/><T119/><D119/><U90/><E90/><V85/><F17/><W132/><G48/><T51/><D63/><U22/><E103/><V123/><F123/><W91/><G23/><T50/><REACH who="0" step="1"/><D16/><REACH who="0" ten="331,193,188,278" step="2"/><U112/><E112/><V37/><F27/><W28/><G133/><T35/><D35/><U42/><E55/><V127/><F127/><W67/><G134/><T46/><D46/><U61/><E61/><V25/><F25/><W94/><G132/><T15/><D15/><U130/><E130/><V20/><F20/><W69/><G28/><T107/><D107/><U21/><E21/><V57/><F30/><W33/><G33/><T135/><D135/><U19/><E29/><V80/><F9/><W18/><G18/><T82/><D82/><U128/><E128/><V58/><F80/><W95/><G10/><T7/><D7/><U86/><E14/><V105/><F5/><W81/><G8/><T96/><D96/><U43/><E13/><V45/><REACH who="2" step="1"/><F37/><AGARI ba="2,1" hai="0,2,3,37,40,44,50,51,84,89,93,98,100,104" machi="37" ten="40,2600,0" yaku="1,1,52,1,53,0" doraHai="99" doraHaiUra="120" who="0" fromWho="2" sc="331,42,193,0,188,-32,278,0" /><INIT seed="4,0,0,1,4,77" ten="373,193,156,278" oya="0" hai0="20,110,63,8,85,5,100,26,102,86,36,92,22" hai1="130,120,32,9,27,105,133,39,117,43,41,69,45" hai2="129,60,13,112,74,28,25,103,50,58,97,10,34" hai3="106,29,107,66,16,88,57,21,42,12,99,125,49"/><T70/><D36/><U104/><E117/><V72/><F112/><W59/><G125/><T91/><D110/><U35/><E120/><V61/><F50/><W114/><G114/><T33/><D33/><U14/><E41/><V124/><F129/><W47/><G107/><T81/><D70/><U44/><E130/><V51/><F51/><W46/><G106/><T89/><D63/><U115/><E69/><V94/><F61/><N who="3" m="38191" /><G29/><T113/><D113/><U1/><E1/><V55/><REACH who="2" step="1"/><F124/><REACH who="2" ten="373,193,146,278" step="2"/><W95/><G42/><T38/><D38/><U121/><E43/><V4/><AGARI ba="0,1" hai="4,10,13,25,28,34,55,58,60,72,74,94,97,103" machi="4" ten="20,8000,1" yaku="1,1,2,1,0,1,7,1,53,1" doraHai="77" doraHaiUra="98" who="2" fromWho="2" sc="373,-40,193,-20,146,90,278,-20" /><INIT seed="5,0,0,5,0,30" ten="333,173,236,258" oya="1" hai0="116,43,50,33,73,42,87,96,102,74,109,9,132" hai1="58,67,5,110,59,51,23,118,60,1,76,123,106" hai2="114,15,14,19,64,98,35,100,97,37,86,56,46" hai3="83,131,128,101,95,92,82,93,40,90,44,124,85"/><U66/><E123/><V34/><F114/><W17/><G17/><T3/><D109/><U10/><E118/><V13/><F19/><W135/><G124/><T52/><D74/><U28/><E110/><V107/><F86/><N who="3" m="50527" /><G44/><T99/><D73/><U94/><E106/><V2/><F2/><W29/><G40/><T119/><D33/><U62/><E76/><V31/><F31/><W0/><G29/><T134/><D87/><U57/><E94/><V103/><F37/><W88/><G0/><T120/><D42/><U129/><E129/><N who="3" m="49738" /><G135/><N who="0" m="51755" /><D43/><U130/><E130/><V7/><F46/><W112/><G112/><T104/><D99/><AGARI ba="0,0" hai="82,85,88,92,93,95,99,101" m="49738,50527" machi="99" ten="30,7700,0" yaku="19,1,34,2,54,1" doraHai="30" who="3" fromWho="0" sc="333,-77,173,0,236,0,258,77" /><INIT seed="6,0,0,3,0,72" ten="256,173,236,335" oya="2" hai0="134,135,104,132,81,92,15,93,28,123,22,35,0" hai1="36,110,112,56,100,77,105,40,63,121,46,120,68" hai2="103,42,102,34,86,31,117,133,23,122,3,26,44" hai3="60,113,49,114,41,70,125,88,74,14,91,128,85"/><V27/><F122/><W130/><G74/><T71/><D104/><U17/><E110/><V94/><F117/><W95/><G14/><T13/><D0/><U30/><E30/><V131/><F3/><W6/><G6/><T2/><D2/><U65/><E17/><V62/><F131/><N who="3" m="50219" /><G91/><T79/><D71/><U16/><E112/><V24/><F133/><W78/><G78/><T64/><D64/><U1/><E1/><V109/><F109/><W58/><G70/><T126/><D126/><U52/><E77/><V29/><F62/><W90/><G90/><T38/><D38/><U127/><E127/><V118/><F118/><W101/><G101/><T107/><D107/><U33/><E33/><V8/><F8/><W7/><G7/><T20/><D35/><U54/><E54/><V98/><F26/><W21/><G21/><N who="0" m="8299" /><D28/><U5/><E5/><V37/><F86/><W119/><G119/><T80/><D123/><U66/><E66/><V84/><F84/><W25/><G25/><T67/><D67/><U19/><E120/><V9/><F9/><W83/><G125/><T45/><D79/><U99/><REACH who="1" step="1"/><E121/><REACH who="1" ten="256,163,236,335" step="2"/><V32/><F34/><W89/><G114/><T75/><D134/><U116/><E116/><V87/><F32/><W47/><G113/><T111/><D132/><U106/><E106/><V12/><F31/><W129/><G129/><T50/><D135/><U4/><E4/><V108/><F108/><W82/><G82/><N who="0" m="31851" /><D111/><U51/><AGARI ba="0,1" hai="16,19,36,40,46,51,52,56,63,65,68,99,100,105" machi="51" ten="20,16000,3" yaku="1,1,0,1,7,1,24,2,54,2,53,1" doraHai="72" doraHaiUra="69" who="1" fromWho="1" sc="256,-40,163,170,236,-80,335,-40" /><INIT seed="7,0,0,0,5,28" ten="216,333,156,295" oya="3" hai0="4,56,14,134,38,37,126,68,74,12,104,91,94" hai1="60,46,121,8,115,36,25,3,70,54,110,87,31" hai2="95,39,75,109,118,51,80,0,108,88,131,112,114" hai3="33,18,13,53,102,47,125,130,57,62,16,100,41"/><W93/><G33/><T123/><D68/><U10/><E110/><N who="2" m="42603" /><F0/><W9/><G125/><T84/><D104/><U76/><E54/><V77/><F51/><W101/><G130/><T67/><D74/><U96/><E87/><N who="2" m="52639" /><F39/><W19/><REACH who="3" step="1"/><G93/><REACH who="3" ten="216,333,156,285" step="2"/><T117/><D94/><U26/><E121/><V1/><F1/><W21/><G21/><T50/><D123/><U82/><E3/><V105/><F118/><W35/><G35/><T43/><D117/><U132/><E8/><V30/><F30/><W17/><G17/><T6/><D4/><U22/><E10/><V7/><F7/><W49/><AGARI ba="0,1" hai="9,13,16,18,19,41,47,49,53,57,62,100,101,102" machi="49" ten="30,12000,1" yaku="1,1,0,1,8,1,54,1,53,1" doraHai="28" doraHaiUra="44" who="3" fromWho="3" sc="216,-40,333,-40,156,-40,285,130" owari="176,-22.0,293,9.0,116,-38.0,415,51.0" /></mjloggm>