<mjloggm ver="2.3"><GO type="169" lobby="0"/><UN n0="%E8%B1%86%E7%89%B9%EF%BC%A0%E6%B2%B3%E6%9D%91%E8%BB%8D%E5%9B%A3" n1="%70%6F%70%E2%98%86%63%6F%72%6E" n2="%E3%82%A6%E3%83%AB%E3%83%88%E3%83%A9%E7%AB%8B%E7%9B%B4" n3="%E5%B0%8F%E5%B7%9D%2E%63%6F%6D" dan="16,16,16,16" rate="2091.77,2085.49,2121.67,2024.93" sx="M,M,M,M"/><TAIKYOKU oya="0"/><INIT seed="0,0,0,0,5,73" ten="250,250,250,250" oya="0" hai0="94,110,121,49,74,63,133,58,108,109,59,103,95" hai1="24,99,2,87,124,41,1,135,84,77,65,126,97" hai2="43,130,29,54,66,104,62,100,0,15,98,85,40" hai3="69,42,60,10,52,12,81,35,5,78,25,34,79"/><T48/><D74/><U89/><E65/><V31/><F0/><W38/><G38/><T61/><D121/><U96/><E41/><V90/><F130/><W55/><G42/><T80/><D80/><N who="1" m="47119" /><E24/><V9/><F54/><W23/><G69/><T13/><D13/><U50/><E50/><N who="0" m="19561" /><D103/><U45/><E45/><V32/><F43/><W101/><G101/><T7/><D7/><U51/><E51/><V46/><F100/><W132/><G132/><T128/><D133/><U122/><E135/><V134/><F134/><W21/><G21/><T22/><D22/><U70/><E70/><V64/><F32/><W105/><G105/><T72/><D72/><U37/><E37/><V114/><F104/><W6/><G6/><T123/><D123/><U107/><E122/><V11/><F15/><W83/><G34/><T44/><D44/><U68/><E68/><V120/><F46/><W127/><G35/><T106/><D106/><U111/><E107/><V88/><F40/><W86/><G60/><N who="0" m="23115" /><D128/><U112/><E2/><V56/><F120/><W27/><G27/><T8/><D8/><U131/><E1/><V39/><F39/><W4/><G4/><T115/><D115/><U117/><E131/><V3/><F3/><W102/><G102/><T18/><D18/><U26/><E26/><V119/><F9/><W91/><G127/><N who="1" m="48682" /><E112/><V33/><F114/><W92/><G25/><T75/><D75/><U36/><E36/><V17/><F33/><W113/><G113/><T28/><D28/><U20/><E20/><V125/><F31/><W116/><G23/><T67/><D67/><RYUUKYOKU ba="0,0" sc="250,30,250,-10,250,-10,250,-10" hai0="58,59,94,95,108,109,110" /><INIT seed="0,1,0,1,2,113" ten="280,240,240,240" oya="0" hai0="78,119,0,58,103,49,96,87,91,118,99,94,100" hai1="90,121,32,67,61,93,127,106,105,3,57,26,81" hai2="17,131,56,51,129,84,25,44,63,135,40,39,23" hai3="134,95,86,114,10,124,30,102,70,2,108,34,4"/><T133/><D0/><U41/><E121/><V36/><F84/><W130/><G86/><T80/><D133/><U6/><E41/><V69/><F135/><W75/><G95/><N who="0" m="58495" /><D58/><U64/><E6/><V82/><F82/><W71/><G10/><T115/><D49/><U47/><E47/><V53/><REACH who="2" step="1"/><F39/><REACH who="2" ten="280,240,230,240" step="2"/><W48/><G134/><T54/><D115/><U110/><E81/><V29/><F29/><W9/><G30/><T27/><D27/><U11/><E26/><V116/><F116/><N who="0" m="44586" /><D54/><U5/><E64/><AGARI ba="1,1" hai="17,23,25,36,40,44,51,53,56,63,64,69,129,131" machi="64" ten="40,8000,1" yaku="1,1,24,2,53,1" doraHai="113" doraHaiUra="22" who="2" fromWho="1" sc="280,0,240,-83,230,93,240,0" /><INIT seed="1,0,0,3,4,36" ten="280,157,323,240" oya="1" hai0="28,86,0,61,113,11,99,40,7,76,24,60,88" hai1="14,131,50,93,125,102,81,25,115,41,52,122,5" hai2="67,19,9,49,106,44,20,65,29,66,94,128,26" hai3="45,33,17,15,87,112,68,130,51,43,35,16,98"/><U48/><E122/><V42/><F106/><W101/><G112/><T92/><D113/><U3/><E3/><V91/><F128/><W71/><G130/><T133/><D133/><U63/><E115/><V84/><REACH who="2" step="1"/><F9/><REACH who="2" ten="280,157,313,240" step="2"/><W12/><G35/><T103/><D76/><U56/><E131/><V124/><F124/><W32/><G33/><T30/><D30/><AGARI ba="0,1" hai="19,20,26,29,30,42,44,49,65,66,67,84,91,94" machi="30" ten="40,5200,0" yaku="1,1,8,1,52,1,53,0" doraHai="36" doraHaiUra="109" who="2" fromWho="0" sc="280,-52,157,0,313,62,240,0" /><INIT seed="2,0,0,4,3,107" ten="228,157,375,240" oya="2" hai0="65,53,106,71,114,115,36,124,100,54,57,93,6" hai1="120,27,56,62,123,4,129,46,21,0,112,74,64" hai2="20,92,121,134,90,119,75,34,103,44,85,80,113" hai3="18,5,58,35,94,79,83,10,15,33,109,28,45"/><V8/><F34/><W104/><G109/><T130/><D106/><U68/><E112/><N who="0" m="43049" /><D100/><U84/><E129/><V48/><F113/><W3/><G104/><T117/><D93/><U116/><E116/><V69/><F69/><W50/><G94/><T12/><D12/><U52/><E4/><V67/><F67/><W125/><G125/><T25/><D25/><U122/><E0/><V87/><F119/><W9/><G58/><T39/><D6/><U55/><E84/><V76/><F121/><W135/><G28/><T101/><D101/><U77/><E46/><V102/><F134/><W128/><G128/><T132/><D117/><U42/><E42/><V43/><F8/><W133/><G133/><T14/><D14/><U16/><E68/><V37/><F37/><N who="0" m="14410" /><D132/><U91/><E91/><V118/><F118/><W2/><G2/><T88/><D88/><U41/><E41/><V13/><REACH who="2" step="1"/><F85/><REACH who="2" ten="228,157,365,240" step="2"/><W1/><G135/><T40/><D130/><U105/><E105/><V73/><F73/><W63/><G9/><T61/><D124/><U81/><AGARI ba="0,1" hai="16,21,27,52,55,56,62,64,74,77,81,120,122,123" machi="81" ten="40,8000,1" yaku="0,1,13,1,52,1,54,2" doraHai="107" who="1" fromWho="1" sc="228,-20,157,90,365,-40,240,-20" /><INIT seed="3,0,0,5,0,29" ten="208,247,325,220" oya="3" hai0="111,24,119,3,84,25,66,96,19,110,5,7,105" hai1="50,34,93,114,46,44,92,69,54,11,37,131,12" hai2="47,90,106,61,73,97,67,82,134,43,55,60,115" hai3="14,31,36,120,126,48,101,23,70,117,63,107,51"/><W108/><G36/><T58/><D119/><U91/><E69/><V4/><F115/><W128/><G120/><T104/><D84/><U125/><E125/><V99/><F134/><W22/><G128/><T118/><D118/><U80/><E34/><V130/><F130/><W98/><G126/><T0/><D58/><U121/><E131/><V18/><F106/><N who="0" m="41066" /><D19/><N who="1" m="8607" /><E121/><V102/><F102/><W21/><G117/><T9/><D96/><U87/><E114/><V71/><F4/><N who="0" m="1610" /><D66/><U129/><E129/><V76/><F90/><W8/><G31/><T62/><D62/><U124/><E124/><V40/><F18/><W89/><G89/><T122/><D9/><U112/><E112/><V53/><F43/><AGARI ba="0,0" hai="37,43,44,46,50,54,80,87,91,92,93" m="8607" machi="43" ten="30,1000,0" yaku="25,1" doraHai="29" who="1" fromWho="2" sc="208,0,247,10,325,-10,220,0" /><INIT seed="4,0,0,5,1,95" ten="208,257,315,220" oya="0" hai0="33,68,114,48,116,25,121,50,2,98,105,124,123" hai1="70,47,45,53,107,36,93,135,31,10,37,39,129" hai2="58,94,102,34,132,61,103,118,80,104,5,32,127" hai3="15,115,97,90,38,91,67,69,44,35,76,113,7"/><T29/><D116/><U92/><E107/><V16/><F5/><W4/><G35/><T81/><D2/><U43/><E31/><V57/><F118/><W79/><G67/><T133/><D133/><U111/><E111/><V24/><F104/><W119/><G119/><T130/><D130/><U77/><E77/><N who="3" m="29770" /><G69/><T112/><D81/><U108/><E108/><V41/><F94/><N who="1" m="36457" /><E70/><V11/><F24/><W3/><G3/><T88/><D88/><N who="3" m="33833" /><G44/><N who="1" m="16970" /><E43/><V9/><F41/><W74/><G15/><T89/><D89/><U51/><E10/><V56/><F80/><W99/><G74/><T134/><D68/><U128/><E135/><V66/><F9/><W87/><G87/><T85/><D85/><U54/><E51/><V122/><F11/><W126/><G38/><T62/><D134/><U30/><E30/><V52/><F57/><W117/><G117/><T49/><D62/><U71/><E71/><V101/><F61/><W63/><G63/><T64/><D64/><U65/><E65/><V14/><F66/><W73/><G73/><T27/><D29/><U17/><E17/><V110/><F16/><W83/><G83/><T8/><D8/><U109/><E109/><V78/><F110/><W28/><G28/><T55/><D33/><U60/><E60/><N who="2" m="35847" /><F34/><W6/><G126/><T86/><D124/><U12/><E12/><V21/><F14/><W23/><G23/><T42/><D42/><U59/><E59/><V20/><F132/><W120/><G120/><N who="0" m="46155" /><D86/><U46/><N who="1" m="16978" /><U0/><DORA hai="19" /><E0/><V13/><F127/><W75/><G75/><T72/><D72/><RYUUKYOKU ba="0,0" sc="208,-15,257,15,315,-15,220,15" hai1="36,37,39,53,54,128,129" hai3="4,6,7,97,99,113,115" /><INIT seed="5,1,0,3,5,60" ten="193,272,300,235" oya="1" hai0="28,69,83,100,58,8,61,76,65,77,109,42,112" hai1="124,134,45,17,54,11,116,2,74,64,32,6,25" hai2="75,52,118,85,128,122,105,47,108,94,20,44,117" hai3="99,29,101,34,48,115,21,113,50,30,62,3,57"/><U51/><E74/><V88/><F108/><W121/><G34/><T127/><D109/><U13/><E116/><V86/><F122/><W92/><G3/><T27/><D112/><N who="3" m="43081" /><G121/><T37/><D27/><U131/><E131/><V135/><F75/><W79/><G79/><T110/><D110/><U133/><E124/><V111/><F105/><W107/><G107/><T120/><D120/><U0/><E0/><V24/><F111/><W90/><G90/><T70/><D28/><N who="3" m="10857" /><G21/><T104/><D127/><U78/><E78/><V87/><F128/><W36/><G36/><T81/><D8/><U10/><E32/><V55/><F135/><N who="1" m="51721" /><E25/><V71/><F71/><W14/><G14/><T73/><D100/><U67/><AGARI ba="1,0" hai="2,6,10,11,13,17,45,51,54,64,67" m="51721" machi="67" ten="30,6000,0" yaku="20,1,52,2" doraHai="60" who="1" fromWho="1" sc="193,-21,272,63,300,-21,235,-21" /><INIT seed="5,2,0,5,4,118" ten="172,335,279,214" oya="1" hai0="13,79,59,21,120,122,37,25,27,7,28,134,96" hai1="124,34,114,107,16,15,23,65,20,42,9,115,88" hai2="121,75,91,40,109,119,35,54,77,125,44,93,64" hai3="14,39,58,103,30,83,10,5,48,116,51,112,6"/><U100/><E34/><V106/><F35/><W82/><G39/><T117/><D37/><U36/><E65/><V98/><F119/><W12/><G116/><T92/><D117/><U133/><E133/><V3/><F64/><W131/><G112/><N who="1" m="43050" /><E124/><V111/><F125/><W26/><G103/><T47/><D134/><U70/><E70/><V113/><F113/><W52/><G48/><T94/><D79/><U126/><E126/><V71/><F54/><W132/><G131/><T33/><D47/><N who="1" m="24007" /><E88/><V135/><F71/><W63/><G63/><T22/><D59/><U4/><E4/><V67/><F67/><W81/><G132/><T78/><D78/><U57/><E57/><V1/><F91/><W46/><G58/><T85/><D85/><U128/><E128/><V60/><F77/><W2/><REACH who="3" step="1"/><G6/><REACH who="3" ten="172,335,279,204" step="2"/><T76/><D76/><U45/><E45/><V0/><F44/><W87/><G87/><T29/><D33/><AGARI ba="2,1" hai="2,5,10,12,14,26,30,33,46,51,52,81,82,83" machi="33" ten="40,2600,0" yaku="1,1,54,1,53,0" doraHai="118" doraHaiUra="90" who="3" fromWho="0" sc="172,-32,335,0,279,0,204,42" /><INIT seed="6,0,0,3,4,35" ten="140,335,279,246" oya="2" hai0="32,66,57,62,3,76,18,28,6,129,29,99,93" hai1="105,14,41,104,82,71,117,91,108,118,88,43,9" hai2="110,80,13,113,46,4,40,45,51,10,33,96,84" hai3="63,127,115,87,85,111,44,94,97,135,124,48,1"/><V58/><F33/><W2/><G111/><T38/><D129/><U60/><E108/><V20/><F110/><W98/><G135/><T103/><D38/><U5/><E71/><V59/><F113/><W90/><G115/><T54/><D76/><U73/><E60/><V50/><F96/><W12/><G63/><T61/><D18/><U77/><E43/><V68/><F68/><W86/><G98/><T116/><D116/><U89/><REACH who="1" step="1"/><E41/><REACH who="1" ten="140,325,279,246" step="2"/><N who="2" m="24879" /><F20/><W70/><G70/><T15/><D32/><U31/><E31/><V24/><F24/><W130/><G130/><T0/><D29/><U55/><E55/><V69/><F69/><W30/><G30/><T19/><D28/><U67/><E67/><V7/><F7/><W92/><G124/><T125/><D6/><U109/><E109/><V42/><F42/><W23/><G127/><T53/><D125/><U123/><E123/><V17/><F17/><W39/><G39/><T36/><D36/><U121/><E121/><V8/><F8/><W132/><G132/><T27/><D27/><U16/><E16/><V74/><F74/><W119/><G119/><AGARI ba="0,1" hai="5,9,14,73,77,82,88,89,91,104,105,117,118,119" machi="119" ten="40,5200,0" yaku="1,1,54,1,53,1" doraHai="35" doraHaiUra="72" who="1" fromWho="3" sc="140,0,325,62,279,0,246,-52" /><INIT seed="7,0,0,3,4,44" ten="140,387,279,194" oya="3" hai0="135,67,34,35,94,28,93,25,43,126,104,29,49" hai1="88,61,130,84,115,62,38,78,92,46,30,87,1" hai2="85,112,120,51,125,8,70,72,69,97,133,47,3" hai3="12,52,129,16,127,10,124,66,24,105,32,131,119"/><W5/><G105/><T48/><D104/><U91/><E1/><V14/><F72/><W0/><G66/><T95/><D43/><U7/><E7/><V54/><F3/><W63/><G119/><T36/><D36/><U42/><E78/><V116/><F116/><W23/><G63/><T96/><D67/><U89/><E30/><V111/><F111/><W40/><G40/><T99/><D135/><U75/><E75/><V90/><F133/><W55/><G55/><T113/><D113/><U53/><E53/><V9/><F112/><W117/><G52/><T68/><D68/><U4/><E4/><V110/><F110/><W56/><G56/><T83/><D83/><U11/><E62/><V114/><F114/><W21/><G32/><T73/><D73/><U65/><E130/><N who="3" m="49674" /><G117/><T2/><D2/><U132/><E132/><V103/><F54/><W76/><G76/><T81/><D81/><U19/><E115/><V31/><F47/><W50/><G50/><T74/><D74/><U122/><E61/><V59/><F51/><W37/><G37/><T15/><D95/><U27/><E65/><V106/><F106/><W79/><G79/><T39/><D39/><U41/><E41/><V86/><F59/><W33/><G33/><T6/><D35/><U13/><E42/><V109/><F70/><W57/><G57/><T102/><D34/><U18/><E38/><V100/><F69/><W107/><G107/><T77/><D77/><U82/><E46/><V64/><F64/><W118/><G118/><T101/><D49/><U20/><E91/><V71/><F90/><RYUUKYOKU ba="0,0" sc="140,-15,387,15,279,-15,194,15" hai1="11,13,18,19,20,27,82,84,87,88,89,92,122" hai3="0,5,10,12,16,21,23,24,124,127" /><INIT seed="7,1,0,4,2,135" ten="125,402,264,209" oya="3" hai0="129,87,7,71,8,99,5,122,55,50,58,127,11" hai1="119,35,94,102,4,42,128,97,28,52,106,81,30" hai2="44,34,123,68,46,0,78,59,115,100,39,40,14" hai3="6,72,57,95,60,92,130,48,126,12,83,91,69"/><W10/><G130/><T101/><D122/><U88/><E42/><V76/><F34/><W77/><G69/><T108/><D71/><U2/><E128/><V96/><F0/><W70/><G70/><T49/><D129/><U82/><E4/><V80/><F68/><W56/><G126/><T26/><D26/><U110/><E2/><V23/><F115/><W62/><G48/><T89/><D108/><U131/><E131/><V54/><F46/><W25/><G25/><T134/><D134/><U24/><E28/><V66/><F66/><W29/><G29/><T13/><D50/><U121/><E121/><V63/><F123/><W125/><G125/><T111/><D111/><U112/><E110/><V67/><F67/><W65/><REACH who="3" step="1"/><G91/><REACH who="3" ten="125,402,264,199" step="2"/><T61/><D49/><U103/><E88/><V53/><F63/><W132/><G132/><T90/><D127/><U84/><E24/><V117/><F39/><W21/><G21/><T133/><D133/><U118/><E30/><V120/><F23/><W18/><G18/><T51/><D51/><U41/><E35/><V27/><F27/><W31/><G31/><T98/><D101/><U45/><E102/><V75/><F100/><W107/><G107/><T19/><D19/><U93/><E103/><V38/><F38/><W16/><G16/><T64/><D90/><U43/><E106/><V15/><F120/><W104/><G104/><T109/><D109/><U105/><E105/><V1/><F59/><W124/><G124/><T86/><D89/><U37/><E37/><V79/><F40/><W33/><G33/><T9/><D58/><RYUUKYOKU ba="1,1" sc="125,-10,402,-10,264,-10,199,30" hai3="6,10,12,56,57,60,62,65,72,77,83,92,95" /><INIT seed="7,2,1,5,3,46" ten="115,392,254,229" oya="3" hai0="61,83,97,24,48,27,22,65,80,19,32,70,98" hai1="88,129,75,28,58,94,109,130,91,7,81,66,93" hai2="107,17,60,79,64,26,92,42,73,63,115,132,102" hai3="119,103,1,90,5,104,56,3,14,54,10,100,0"/><W126/><G119/><T35/><D97/><U110/><E58/><V18/><F107/><W112/><G112/><T134/><D134/><U23/><E66/><V125/><F73/><W6/><G126/><T68/><D68/><U87/><E7/><V38/><F38/><W37/><G37/><T44/><D98/><N who="1" m="57639" /><E23/><V30/><F79/><W33/><G33/><T21/><D32/><U11/><E11/><V99/><F42/><W13/><G90/><T29/><REACH who="0" step="1"/><D35/><REACH who="0" ten="105,392,254,229" step="2"/><U57/><E109/><V4/><F99/><N who="3" m="61471" /><G103/><T9/><D9/><U71/><E110/><V128/><F102/><W34/><G34/><T8/><D8/><U52/><E71/><V124/><F132/><W20/><G10/><T131/><D131/><U53/><E130/><V76/><F128/><W111/><G111/><T84/><D84/><N who="1" m="52583" /><E75/><V106/><F125/><W74/><G74/><T120/><D120/><U59/><E129/><V105/><F124/><W51/><G20/><T116/><D116/><U86/><E86/><V114/><F114/><W123/><G123/><T77/><D77/><U122/><E122/><V45/><F76/><W49/><G3/><T2/><D2/><U108/><E87/><V41/><F115/><W40/><G1/><T72/><D72/><U78/><E78/><V39/><F4/><W69/><G69/><T50/><D50/><U96/><E96/><V89/><F39/><W85/><G0/><T55/><AGARI ba="2,2" hai="19,21,22,24,27,29,44,48,55,61,65,70,80,83" machi="55" ten="20,5200,0" yaku="1,1,0,1,7,1,52,1,53,0" doraHai="46" doraHaiUra="133" who="0" fromWho="0" sc="105,78,392,-15,254,-15,229,-28" owari="183,-32.0,377,48.0,239,4.0,201,-20.0" /></mjloggm>