<mjloggm ver="2.3"><GO type="169" lobby="0"/><UN n0="%E3%83%A1%E3%82%A4%E3%82%A2%E3%82%AF%E3%83%88" n1="%E7%84%9A%E3%81%8D%E7%81%AB" n2="%E3%81%A1%E3%82%8A%E3%82%81%E3%82%93%E3%81%98%E3%82%83%E3%81%93" n3="%E3%83%88%E3%83%88%E3%83%AA%E5%85%88%E7%94%9F%31%39%E6%AD%B3" dan="16,17,16,18" rate="2047.90,2190.62,2098.78,2202.99" sx="M,M,M,F"/><TAIKYOKU oya="0"/><INIT seed="0,0,0,3,4,76" ten="250,250,250,250" oya="0" hai0="77,114,46,61,62,87,121,25,16,37,58,106,64" hai1="131,63,3,48,53,50,110,89,36,66,5,107,29" hai2="103,120,127,21,134,38,40,13,33,18,102,90,4" hai3="118,10,7,24,123,83,43,41,12,124,112,100,1"/><T92/><D106/><U19/><E3/><V130/><F120/><W11/><G112/><T32/><D121/><U68/><E5/><V0/><F33/><W95/><G123/><T117/><D117/><U67/><E67/><V71/><F71/><W79/><G124/><T132/><D114/><U98/><E131/><V26/><F0/><W35/><G118/><T104/><D104/><U96/><E50/><V57/><F127/><W23/><G35/><T6/><D6/><U101/><E19/><V31/><F134/><W119/><G119/><T69/><D32/><U9/><E9/><V74/><F31/><W44/><G10/><T51/><D37/><U99/><E110/><V70/><F70/><W84/><G1/><T113/><D113/><U42/><E89/><V54/><F4/><W133/><G133/><T59/><D132/><U82/><E29/><V20/><F74/><W94/><G100/><T88/><D77/><U27/><E27/><V91/><F21/><W34/><G34/><T60/><D69/><U86/><E42/><V73/><F73/><W85/><G85/><T55/><D59/><N who="1" m="33191" /><E36/><V30/><F130/><W49/><G41/><T115/><D115/><U116/><E116/><V126/><F126/><W125/><G125/><T56/><D64/><U22/><E22/><AGARI ba="0,0" hai="16,22,25,46,51,55,56,58,60,61,62,87,88,92" machi="22" ten="40,7700,0" yaku="8,1,54,2" doraHai="76" who="0" fromWho="1" sc="250,77,250,-77,250,0,250,0" /><INIT seed="0,1,0,5,4,48" ten="327,173,250,250" oya="0" hai0="5,104,80,111,115,122,16,72,40,3,9,51,132" hai1="125,57,99,39,73,12,62,18,60,49,54,10,68" hai2="31,69,76,134,131,61,42,114,29,63,38,58,123" hai3="82,36,56,116,22,6,25,89,93,107,2,135,33"/><T52/><D104/><U53/><E39/><V127/><F123/><W109/><G116/><T105/><D105/><U120/><E120/><V71/><F114/><W90/><G107/><T30/><D122/><U75/><E125/><V130/><F76/><W79/><G33/><T8/><D115/><U70/><E99/><V26/><F127/><W43/><G109/><T83/><D30/><U91/><E91/><V41/><F26/><W77/><G135/><T118/><D118/><U101/><E101/><V78/><F78/><W1/><G79/><T27/><D72/><U96/><E96/><V7/><F7/><W45/><G56/><T100/><D100/><U97/><E97/><V84/><F84/><W34/><G34/><T28/><D40/><U133/><E133/><V110/><F38/><W92/><G90/><T65/><D65/><U20/><E68/><V95/><F58/><W66/><G66/><T106/><D106/><U23/><E70/><V35/><F95/><W19/><G6/><T94/><D94/><U21/><REACH who="1" step="1"/><E62/><REACH who="1" ten="327,163,250,250" step="2"/><V121/><F121/><W50/><G36/><T15/><D132/><U117/><E117/><V24/><F134/><W17/><G89/><T87/><D111/><U98/><E98/><V113/><F110/><W124/><G124/><T128/><D128/><U4/><E4/><V129/><F129/><W85/><G93/><T55/><D83/><U32/><E32/><V119/><F35/><W108/><G92/><T112/><D112/><U59/><AGARI ba="1,1" hai="10,12,18,20,21,23,49,53,54,57,59,60,73,75" machi="59" ten="30,7900,0" yaku="1,1,0,1,52,2,53,0" doraHai="48" doraHaiUra="67" who="1" fromWho="1" sc="327,-40,163,92,250,-21,250,-21" /><INIT seed="1,0,0,2,0,49" ten="287,255,229,229" oya="1" hai0="73,36,99,20,112,34,105,13,66,17,71,26,67" hai1="93,75,82,124,22,107,1,10,53,5,51,109,38" hai2="21,3,70,41,103,81,33,121,27,118,29,108,86" hai3="68,40,44,23,94,64,9,95,97,62,8,104,57"/><U72/><BYE who="2" /><E107/><V117/><F117/><W63/><G104/><T52/><D36/><U18/><E124/><V7/><F7/><W125/><G125/><T14/><D73/><U2/><E38/><V6/><F6/><W24/><G63/><T88/><D71/><U129/><E129/><V90/><F90/><W65/><G68/><T69/><D69/><U37/><E37/><V32/><F32/><W35/><G35/><T39/><D39/><U100/><E2/><V15/><F15/><W55/><G9/><T25/><D105/><U131/><E131/><V45/><F45/><W79/><G8/><T47/><D112/><U98/><E82/><V135/><F135/><W119/><G79/><T115/><D14/><U77/><E77/><V96/><F96/><W113/><G113/><T122/><D122/><U31/><E31/><V46/><F46/><W128/><G128/><UN n2="%E3%81%A1%E3%82%8A%E3%82%81%E3%82%93%E3%81%98%E3%82%83%E3%81%93" /><T123/><D123/><U43/><E43/><V50/><F41/><W134/><G134/><T16/><D34/><U60/><E60/><V102/><F70/><W56/><G119/><T114/><D114/><U61/><E61/><V59/><F3/><W48/><G57/><T83/><D26/><U80/><E80/><V91/><F121/><W0/><G0/><T116/><D116/><U110/><E72/><V87/><F33/><W132/><G132/><T111/><D115/><U54/><E75/><V30/><F118/><W12/><G12/><T101/><D13/><N who="1" m="9551" /><E51/><V58/><F50/><W120/><G120/><T89/><D25/><U85/><E85/><V84/><F27/><W11/><G40/><RYUUKYOKU ba="0,0" sc="287,-10,255,30,229,-10,229,-10" hai1="1,5,10,53,54,93,98,100,109,110" /><INIT seed="1,1,0,1,0,108" ten="277,285,219,219" oya="1" hai0="42,73,36,83,63,64,76,58,34,85,21,1,24" hai1="70,121,92,44,109,7,84,100,54,3,127,8,128" hai2="6,86,113,57,60,77,45,25,69,114,110,79,112" hai3="103,37,88,99,48,87,68,47,71,38,5,75,39"/><U14/><E121/><V15/><F69/><W116/><G75/><T16/><D34/><U50/><E127/><V19/><F110/><W101/><G5/><T129/><D1/><U82/><E109/><V27/><F45/><W125/><G125/><T10/><D129/><U23/><E128/><V78/><F86/><W41/><G116/><T52/><D36/><U46/><E70/><V80/><F6/><W74/><G74/><T9/><D42/><U18/><E100/><V56/><F80/><W131/><G101/><T96/><D73/><U51/><E92/><V26/><F60/><W107/><REACH who="3" step="1"/><G131/><REACH who="3" ten="277,285,219,209" step="2"/><T115/><D115/><U134/><E134/><V53/><F53/><W98/><G98/><T11/><D96/><U13/><E3/><V49/><F49/><W124/><G124/><T35/><D35/><U97/><E97/><V65/><F65/><AGARI ba="1,1" hai="9,10,11,16,21,24,52,58,63,64,65,76,83,85" machi="65" ten="40,5200,0" yaku="8,1,54,2" doraHai="108" who="0" fromWho="2" sc="277,65,285,0,219,-55,209,0" /><INIT seed="2,0,0,2,0,46" ten="342,285,164,209" oya="2" hai0="103,74,7,8,70,112,64,9,73,57,21,27,4" hai1="34,135,38,101,134,81,93,55,49,133,58,42,39" hai2="130,68,83,63,108,107,13,127,80,10,105,30,132" hai3="28,11,124,96,51,26,60,131,22,54,100,52,119"/><V82/><F127/><W114/><G119/><T40/><D70/><U91/><E34/><V62/><F130/><W29/><G131/><T90/><D103/><U76/><E101/><V99/><F132/><W66/><G124/><T122/><D122/><U20/><E42/><V17/><F108/><W111/><G111/><T126/><D126/><U3/><E3/><V0/><F99/><W33/><G114/><T123/><D40/><U75/><REACH who="1" step="1"/><E20/><REACH who="1" ten="342,275,164,209" step="2"/><V78/><F0/><W97/><G100/><T117/><D21/><U95/><E95/><V45/><F105/><W102/><G102/><T106/><D106/><U32/><E32/><V41/><F107/><W67/><G33/><T94/><D94/><U69/><E69/><V116/><F116/><W36/><G36/><T1/><D1/><U61/><E61/><V2/><F2/><W16/><G60/><T110/><D117/><U72/><E72/><V113/><F113/><W77/><G22/><T79/><D74/><U89/><E89/><V19/><F68/><W47/><G77/><T43/><D90/><U25/><E25/><V15/><F78/><W121/><G26/><T37/><D27/><U71/><E71/><V104/><F104/><W65/><G121/><T109/><D73/><U59/><E59/><V129/><F129/><W88/><G88/><T23/><D57/><U86/><AGARI ba="0,1" hai="38,39,49,55,58,75,76,81,86,91,93,133,134,135" machi="86" ten="30,7900,0" yaku="1,1,0,1,20,1,52,1,53,0" doraHai="46" doraHaiUra="5" who="1" fromWho="1" sc="342,-20,275,89,164,-39,209,-20" /><INIT seed="3,0,0,0,0,53" ten="322,364,125,189" oya="3" hai0="31,6,57,99,75,109,103,95,59,119,48,32,10" hai1="23,60,39,30,64,41,127,55,98,105,120,71,67" hai2="66,104,80,46,3,78,132,74,128,45,38,11,116" hai3="19,20,110,13,21,130,97,50,126,123,54,93,79"/><W107/><G123/><T122/><D75/><U36/><E120/><V101/><F46/><W125/><G107/><T108/><D119/><U1/><E1/><V129/><F116/><W5/><G130/><N who="2" m="50281" /><F66/><W96/><G110/><T42/><D122/><U61/><E127/><N who="3" m="48650" /><G5/><T24/><D42/><U117/><E117/><V56/><F132/><W76/><G21/><T133/><D133/><U92/><E105/><V111/><F111/><N who="0" m="42570" /><D48/><U102/><E55/><V81/><F81/><W25/><G25/><T112/><D112/><U52/><E41/><N who="2" m="22711" /><F101/><N who="3" m="60559" /><G97/><T113/><D113/><U134/><E134/><V22/><F104/><W69/><G69/><T91/><D103/><U9/><E9/><V35/><F22/><W28/><G28/><T8/><D8/><U33/><E33/><V2/><F35/><W73/><G73/><T49/><D49/><U77/><E30/><V114/><F114/><W12/><G12/><AGARI ba="0,0" hai="6,10,12,24,31,32,57,59,91,95,99" m="42570" machi="12" ten="30,3900,0" yaku="14,1,52,2" doraHai="53" who="0" fromWho="3" sc="322,39,364,0,125,0,189,-39" /><INIT seed="4,0,0,2,2,22" ten="361,364,125,150" oya="0" hai0="109,135,39,113,130,119,127,92,66,123,106,121,6" hai1="55,75,118,37,35,27,62,14,1,5,57,29,73" hai2="86,50,89,101,26,107,40,34,117,131,80,79,12" hai3="36,31,48,78,91,74,124,9,23,24,72,95,87"/><T128/><D66/><U111/><E118/><V97/><F117/><W13/><G36/><T10/><D92/><U8/><E111/><V83/><F131/><W28/><G124/><T110/><D10/><U71/><E37/><V90/><F12/><W98/><G28/><T108/><D6/><U58/><E71/><V103/><F40/><W122/><G122/><T25/><D25/><U125/><E125/><V63/><F63/><W126/><G126/><T88/><D88/><U42/><E42/><V15/><F15/><W105/><G48/><T53/><D53/><U93/><E93/><V20/><F34/><W129/><G129/><T46/><D46/><U33/><E33/><V133/><F50/><W84/><G78/><T4/><D4/><U32/><E32/><V114/><F114/><W102/><REACH who="3" step="1"/><G84/><REACH who="3" ten="361,364,125,140" step="2"/><T7/><D123/><U77/><E77/><V51/><F51/><W21/><G21/><T49/><D49/><U65/><E1/><V59/><F20/><W99/><G99/><T82/><D110/><U116/><E116/><V100/><F86/><W38/><G38/><T67/><D109/><U76/><E76/><V85/><F79/><W0/><G0/><T60/><D108/><U2/><E2/><V47/><F85/><W61/><G61/><AGARI ba="0,1" hai="5,8,14,27,29,35,55,57,58,61,62,65,73,75" machi="61" ten="30,2000,0" yaku="7,1,52,1" doraHai="22" who="1" fromWho="3" sc="361,0,364,30,125,0,140,-20" /><INIT seed="5,0,0,0,3,86" ten="361,394,125,120" oya="1" hai0="49,7,38,102,0,93,55,22,47,11,116,97,105" hai1="20,41,76,53,126,13,24,4,27,23,30,92,50" hai2="14,82,81,39,28,35,37,103,56,57,73,18,119" hai3="111,8,42,83,10,40,61,106,1,84,3,46,104"/><U94/><E126/><V5/><F119/><W98/><G111/><T87/><D116/><U16/><E41/><V64/><F103/><W118/><G118/><T75/><D75/><U122/><E122/><V69/><F5/><W109/><G109/><T85/><D38/><U112/><E112/><V70/><F35/><W133/><G133/><T71/><D71/><U114/><E114/><V21/><F28/><W96/><G84/><T12/><D0/><U43/><E43/><V72/><F21/><W15/><G61/><T90/><D22/><U33/><E76/><V31/><F31/><W54/><G54/><T26/><D26/><U44/><REACH who="1" step="1"/><E33/><REACH who="1" ten="361,384,125,120" step="2"/><V135/><F135/><W101/><G42/><T117/><D117/><U108/><E108/><V134/><F134/><W45/><G40/><T123/><REACH who="0" step="1"/><D87/><REACH who="0" ten="351,384,125,120" step="2"/><U9/><AGARI ba="0,2" hai="4,9,13,16,20,23,24,27,30,44,50,53,92,94" machi="9" ten="30,11700,0" yaku="1,1,0,1,8,1,54,1,53,0" doraHai="86" doraHaiUra="120" who="1" fromWho="1" sc="351,-39,384,137,125,-39,120,-39" /><INIT seed="5,1,0,1,5,40" ten="312,521,86,81" oya="1" hai0="30,127,20,55,6,124,16,50,37,49,1,88,93" hai1="59,64,77,74,10,68,100,122,70,89,69,101,63" hai2="87,92,67,25,103,38,4,33,28,105,130,72,119" hai3="120,23,66,39,32,82,47,2,110,81,135,5,31"/><U84/><E122/><V29/><F119/><W106/><G120/><T60/><D37/><U27/><E74/><V117/><F72/><W13/><G110/><T90/><D30/><U97/><E77/><V65/><F117/><W118/><G106/><T44/><D6/><U36/><E36/><V7/><F38/><W15/><G118/><T126/><D1/><U58/><E10/><V109/><F105/><W94/><G135/><T11/><D11/><U121/><E121/><V85/><F103/><W0/><G66/><T116/><D116/><U128/><E128/><V34/><F25/><N who="3" m="18543" /><G94/><T43/><D60/><U12/><E12/><V125/><F125/><W112/><G15/><N who="0" m="9247" /><D93/><U18/><E18/><V24/><F24/><W107/><G107/><T129/><D129/><U54/><E27/><V99/><F92/><W56/><G2/><T73/><D73/><U83/><E70/><V86/><F99/><W95/><G95/><T17/><D17/><U14/><E14/><V78/><F87/><W79/><G0/><T21/><D21/><U48/><E101/><V80/><F130/><W26/><G5/><T131/><D131/><U98/><E97/><V115/><F78/><W108/><G79/><T114/><D114/><U45/><E69/><V57/><F115/><W75/><G112/><T42/><D42/><U104/><AGARI ba="1,0" hai="45,48,54,58,59,63,64,68,83,84,89,98,100,104" machi="104" ten="20,3900,0" yaku="0,1,7,1,52,1" doraHai="40" who="1" fromWho="1" sc="312,-14,521,42,86,-14,81,-14" /><INIT seed="5,2,0,5,3,17" ten="298,563,72,67" oya="1" hai0="124,38,102,78,28,107,60,75,87,44,128,131,97" hai1="112,55,51,54,103,62,65,2,4,14,30,110,130" hai2="105,108,95,63,117,53,24,26,125,99,132,127,133" hai3="52,86,57,25,92,29,126,20,76,35,37,85,40"/><U43/><E2/><V31/><F105/><W134/><G134/><N who="2" m="51817" /><F117/><W122/><G122/><T10/><D124/><N who="2" m="47690" /><F108/><W12/><G126/><T47/><D47/><U22/><E110/><V93/><F99/><W79/><G40/><T49/><D28/><U34/><E43/><V19/><F19/><W16/><G37/><T77/><D38/><U73/><E30/><V46/><F26/><W82/><G92/><T98/><D60/><U68/><E62/><V42/><F42/><W120/><G120/><T113/><D49/><U118/><E51/><N who="2" m="28919" /><F63/><N who="3" m="36263" /><G35/><AGARI ba="2,0" hai="24,31,35,93,95" m="28919,47690,51817" machi="35" ten="30,2000,0" yaku="20,1,18,1" doraHai="17" who="2" fromWho="3" sc="298,0,563,0,72,26,67,-26" /><INIT seed="6,0,0,1,0,24" ten="298,563,98,41" oya="2" hai0="110,99,113,62,71,75,64,84,89,41,128,124,3" hai1="68,37,26,77,103,5,66,0,18,83,121,72,109" hai2="116,50,78,74,38,132,63,88,97,108,40,58,119" hai3="21,125,129,47,12,98,53,117,131,15,19,51,61"/><V31/><F38/><W42/><G117/><T92/><D3/><U54/><E109/><V106/><F108/><W49/><G125/><T20/><D75/><U112/><E103/><V96/><F132/><W107/><G107/><T52/><D41/><U101/><E101/><V80/><F106/><W43/><G129/><T57/><D124/><U118/><E118/><V86/><F97/><W105/><G131/><T126/><D126/><U67/><E68/><V79/><F96/><W45/><G105/><T91/><D128/><U35/><E54/><V82/><F79/><W100/><G98/><T4/><D4/><U32/><E32/><V76/><F76/><W114/><G114/><T69/><D113/><U115/><E121/><V111/><F111/><W1/><G1/><T22/><D71/><U39/><E67/><V25/><F50/><W133/><G133/><T130/><D110/><U93/><E66/><V87/><F40/><W8/><G100/><T122/><D122/><U14/><E93/><V16/><F74/><W94/><G94/><T34/><D34/><U33/><E33/><V120/><F120/><W123/><G123/><T7/><D7/><U27/><E35/><V17/><F116/><W102/><G102/><T6/><D6/><U48/><E48/><V95/><F95/><W9/><REACH who="3" step="1"/><G15/><REACH who="3" ten="298,563,98,31" step="2"/><T127/><D127/><U44/><E115/><V46/><F119/><W36/><G36/><T85/><D99/><U28/><E39/><V104/><F104/><W29/><G29/><T90/><D130/><U11/><E112/><V10/><F31/><W134/><G134/><RYUUKYOKU ba="0,1" sc="298,-10,563,-10,98,-10,31,30" hai3="8,9,12,19,21,42,43,45,47,49,51,53,61" /><INIT seed="7,1,1,2,2,20" ten="288,553,88,61" oya="3" hai0="69,129,60,105,96,123,28,11,83,51,50,120,25" hai1="118,34,9,17,65,59,134,56,31,62,81,27,36" hai2="33,91,116,41,49,135,108,87,133,84,32,40,124" hai3="117,29,95,47,68,46,128,39,45,109,23,110,122"/><W26/><G122/><T13/><D129/><U86/><E36/><V104/><F104/><W73/><G117/><T89/><D51/><U119/><E134/><N who="2" m="51211" /><F124/><W78/><G68/><T67/><D50/><U38/><E38/><V77/><F108/><N who="3" m="41579" /><G128/><T114/><D114/><U99/><E99/><V18/><F116/><N who="1" m="44585" /><E17/><V85/><F77/><W10/><G39/><T107/><D83/><U44/><E9/><V3/><F3/><W70/><G70/><T106/><D89/><N who="1" m="51407" /><E44/><N who="3" m="11266" /><W6/><DORA hai="92" /><G95/><T130/><D130/><U80/><E80/><N who="2" m="49543" /><F49/><W90/><G90/><T101/><D123/><U2/><E2/><V30/><F87/><W4/><G78/><T103/><D103/><U7/><E7/><N who="3" m="2602" /><G10/><T76/><D76/><U113/><E113/><V131/><F131/><W115/><G115/><T121/><D121/><U63/><E63/><V112/><F85/><W19/><G73/><T58/><D120/><U5/><E5/><V75/><F75/><W61/><G61/><T93/><D69/><AGARI ba="1,1" hai="27,31,34,56,59,62,65,69" m="51407,44585" machi="69" ten="30,2000,0" yaku="12,1,52,1" doraHai="20,92" who="1" fromWho="0" sc="288,-23,553,33,88,0,61,0" owari="265,7.0,586,68.0,88,-31.0,61,-44.0" /></mjloggm>