<mjloggm ver="2.3"><GO type="41" lobby="0"/><UN n0="%E7%84%A1%E6%B4%97%E7%B1%B3" n1="%6D%69%6F" n2="%E8%8D%92%E5%B7%9D%E5%95%93%E5%90%BE" n3="%E5%B0%B1%E6%B4%BB%E7%94%9F%40%E5%B7%9D%E6%9D%91%E8%BB%8D%E5%9B%A3" dan="15,15,15,18" rate="1978.02,1970.08,1969.59,2243.19" sx="M,F,M,M"/><TAIKYOKU oya="0"/><INIT seed="0,0,0,4,0,28" ten="250,250,250,250" oya="0" hai0="14,126,76,67,92,72,65,66,19,37,81,123,107" hai1="110,1,24,84,52,9,57,117,82,18,86,33,95" hai2="46,128,13,130,44,22,77,16,112,88,103,21,87" hai3="43,2,68,61,48,71,59,32,132,8,51,39,30"/><T35/><D123/><U78/><E117/><V131/><F112/><W102/><G132/><T63/><D107/><U94/><E110/><V98/><F77/><W97/><G39/><T3/><D3/><U85/><E1/><V114/><F114/><W83/><G83/><T108/><D37/><U79/><E9/><V74/><F74/><W75/><G75/><T100/><D35/><U113/><E113/><V11/><F11/><W60/><G8/><T56/><D126/><U111/><E111/><V80/><REACH who="2" step="1"/><F22/><REACH who="2" ten="250,250,240,250" step="2"/><W133/><G2/><T25/><D108/><U23/><E79/><V106/><AGARI ba="0,1" hai="13,16,21,44,46,80,87,88,98,103,106,128,130,131" machi="106" ten="30,12000,2" yaku="1,1,2,1,0,1,19,1,54,2,53,0" doraHai="28" doraHaiUra="27" who="2" fromWho="2" sc="250,-60,250,-30,240,130,250,-30" /><INIT seed="1,0,0,1,1,87" ten="190,220,370,220" oya="1" hai0="114,61,93,67,98,22,53,2,96,42,134,109,34" hai1="11,69,9,72,51,17,50,129,19,131,80,95,88" hai2="64,130,119,120,1,125,118,0,133,16,15,106,115" hai3="107,27,66,52,4,60,35,24,20,55,103,81,8"/><U12/><E69/><V43/><F106/><W21/><G35/><T84/><D114/><U32/><E32/><V7/><F43/><W68/><G81/><T92/><D2/><N who="2" m="1130" /><F64/><W65/><G107/><T14/><D34/><U116/><E116/><V37/><F37/><W18/><G103/><T104/><D104/><U117/><E117/><V99/><F99/><W79/><G79/><T33/><D33/><U112/><E112/><V97/><F97/><W91/><G91/><N who="0" m="53351" /><D109/><U126/><E80/><V63/><F63/><W49/><G66/><T70/><D134/><U71/><E71/><V31/><F115/><W111/><G111/><T5/><D42/><U86/><E72/><V62/><F62/><W44/><G4/><T10/><D70/><U58/><E126/><V23/><F120/><W73/><G8/><T54/><D22/><U26/><E58/><V48/><F48/><W47/><G73/><T110/><D61/><U77/><E77/><V89/><F7/><W38/><G38/><T105/><D105/><U82/><E82/><V124/><F133/><W135/><G135/><T39/><D39/><U46/><E50/><V132/><F132/><W57/><G55/><T41/><D41/><U78/><E78/><V76/><F76/><W40/><G40/><T83/><D54/><U85/><E85/><V30/><F119/><W28/><AGARI ba="0,0" hai="18,20,21,24,27,28,44,47,49,52,57,60,65,68" machi="28" ten="20,2700,0" yaku="0,1,7,1,54,1" doraHai="87" who="3" fromWho="3" sc="190,-7,220,-13,370,-7,220,27" /><INIT seed="2,0,0,2,0,129" ten="183,207,363,247" oya="2" hai0="79,71,25,51,93,103,96,107,49,14,34,123,8" hai1="89,88,85,20,94,134,115,5,9,40,28,69,119" hai2="81,131,38,59,111,127,44,124,78,60,54,122,64" hai3="110,7,128,30,53,135,18,70,17,15,2,125,132"/><V35/><F35/><W32/><G70/><T23/><D123/><U6/><E115/><V113/><F113/><W62/><G128/><T74/><D71/><U48/><E69/><N who="2" m="42119" /><F131/><W84/><G110/><T13/><D34/><U116/><E89/><V121/><F81/><W80/><G125/><N who="2" m="48201" /><F78/><W90/><G2/><T114/><D114/><U56/><E6/><V98/><F111/><W31/><G7/><T66/><D79/><U16/><E28/><V108/><F108/><W75/><G75/><T26/><D74/><U97/><E85/><V68/><F68/><W86/><G86/><T55/><D107/><U39/><E116/><V41/><F98/><W126/><G126/><T1/><D1/><U0/><E119/><V61/><AGARI ba="0,0" hai="38,41,44,54,59,61,121,122" m="48201,42119" machi="61" ten="30,6000,0" yaku="18,1,34,2" doraHai="129" who="2" fromWho="2" sc="183,-20,207,-20,363,60,247,-20" /><INIT seed="2,1,0,0,2,94" ten="163,187,423,227" oya="2" hai0="22,100,66,83,84,109,129,114,48,25,107,46,53" hai1="65,73,30,112,32,116,38,98,4,126,105,61,60" hai2="90,29,123,101,3,95,13,64,11,16,10,92,15" hai3="93,67,39,120,89,57,63,91,127,86,41,133,55"/><V6/><F123/><W76/><G120/><T43/><D114/><U12/><E61/><V78/><F78/><W75/><G127/><T108/><D129/><U44/><E126/><V71/><F29/><W40/><G133/><T26/><D66/><U62/><E60/><V121/><F121/><W70/><G39/><T104/><D43/><U113/><E12/><V117/><F117/><W135/><G135/><T54/><D54/><U33/><E4/><V7/><F71/><W130/><G130/><T102/><D26/><U88/><E73/><V56/><F101/><N who="0" m="39018" /><D25/><U51/><E116/><V0/><F95/><W103/><G103/><T49/><D49/><U87/><E38/><V36/><F36/><W45/><G45/><T97/><D97/><U50/><E50/><V18/><F56/><W122/><G122/><T8/><D22/><U1/><E98/><V28/><F28/><W124/><G124/><T27/><D27/><U59/><E1/><V131/><F64/><W128/><G128/><T134/><D8/><U72/><E72/><V20/><F131/><W79/><G75/><T19/><D134/><U35/><E30/><V115/><F115/><W31/><G31/><T81/><D19/><U74/><E74/><V42/><F42/><N who="3" m="16491" /><G70/><T77/><D83/><U111/><E105/><V24/><REACH who="2" step="1"/><F18/><REACH who="2" ten="163,187,413,227" step="2"/><W96/><G67/><T2/><D107/><U47/><E112/><V17/><F17/><W5/><G57/><T14/><D104/><U106/><E106/><V119/><F119/><W125/><G125/><T21/><D21/><U85/><E113/><V69/><F69/><RYUUKYOKU ba="1,1" sc="163,-10,187,-10,413,30,227,-10" hai2="0,3,6,7,10,11,13,15,16,20,24,90,92" /><INIT seed="2,2,1,2,1,31" ten="153,177,443,217" oya="2" hai0="91,27,85,129,122,24,6,62,10,12,43,92,130" hai1="90,99,17,19,59,38,1,2,121,105,60,77,110" hai2="26,54,120,101,58,40,66,23,97,80,119,5,113" hai3="74,64,13,115,36,118,76,81,61,35,132,116,50"/><V70/><F119/><W112/><G36/><T15/><D122/><U88/><E38/><V18/><F120/><W9/><G132/><T114/><D114/><N who="3" m="43561" /><G50/><T133/><D133/><U41/><E41/><V32/><F113/><W102/><G102/><T127/><D127/><U94/><E110/><V75/><F40/><W135/><G135/><T125/><D125/><U111/><E111/><V79/><F5/><N who="3" m="3247" /><G35/><T21/><D62/><U68/><E68/><AGARI ba="2,1" hai="61,64,68,74,76,81,116,118" m="3247,43561" machi="68" ten="30,1000,0" yaku="11,1" doraHai="31" who="3" fromWho="1" sc="153,0,177,-16,443,0,217,26" /><INIT seed="3,0,0,3,5,48" ten="153,161,443,243" oya="3" hai0="26,66,46,68,85,16,50,69,1,119,43,80,59" hai1="116,31,92,4,101,96,113,20,130,121,128,127,15" hai2="112,114,131,71,124,106,44,95,21,13,62,58,125" hai3="126,78,47,39,82,3,40,34,55,11,89,56,12"/><W79/><G126/><N who="2" m="48745" /><F106/><W63/><G34/><T23/><D119/><U49/><E127/><V102/><F71/><W5/><G89/><T81/><D1/><U123/><E113/><V2/><F2/><W73/><G78/><T38/><D85/><U57/><E116/><V54/><F131/><N who="1" m="50217" /><E4/><V18/><F44/><W27/><G27/><T104/><D104/><U19/><E31/><V100/><F95/><W76/><G76/><T118/><D118/><U94/><E94/><V72/><F72/><W90/><G90/><T17/><D17/><U87/><E87/><V117/><F117/><W120/><REACH who="3" step="1"/><G12/><REACH who="3" ten="153,161,443,233" step="2"/><T122/><D122/><AGARI ba="0,1" hai="3,5,11,39,40,47,55,56,63,73,79,82,120,122" machi="122" ten="40,12000,1" yaku="1,1,2,1,25,2,52,1,53,0" doraHai="48" doraHaiUra="133" who="3" fromWho="0" sc="153,-120,161,0,443,0,233,130" /><INIT seed="3,1,0,3,4,127" ten="33,161,443,363" oya="3" hai0="56,44,63,134,84,82,21,27,6,92,132,43,99" hai1="80,20,89,45,60,7,73,87,90,55,107,133,97" hai2="131,68,62,36,124,66,49,4,101,119,59,38,103" hai3="74,39,130,128,53,33,118,48,67,100,79,83,125"/><W17/><G39/><T110/><D110/><U57/><E73/><V104/><F119/><W113/><G125/><T26/><D6/><U46/><E133/><V121/><F124/><W1/><G1/><T29/><D27/><U31/><E7/><V105/><F4/><W15/><G118/><T76/><D44/><U37/><E107/><V88/><F49/><W13/><G33/><T3/><D43/><U129/><E129/><N who="3" m="49770" /><G113/><T32/><D32/><U42/><E97/><V123/><F131/><W115/><G115/><T96/><D3/><U108/><E108/><V40/><F68/><W52/><G100/><N who="2" m="38473" /><F88/><W50/><G67/><T111/><D111/><U30/><E45/><N who="2" m="23687" /><F38/><W109/><G109/><T58/><D132/><U106/><E106/><V47/><F47/><N who="3" m="27679" /><G17/><T9/><D134/><U116/><E116/><V94/><F66/><W24/><G24/><T0/><D0/><U5/><E5/><V65/><F121/><W81/><G81/><T98/><D82/><U18/><E90/><V120/><F120/><W69/><G69/><T114/><D114/><U102/><E102/><V75/><F65/><W41/><G41/><T51/><D26/><AGARI ba="1,0" hai="18,20,26,30,31,37,42,46,55,57,60,80,87,89" machi="26" ten="30,1000,0" yaku="7,1" doraHai="127" who="1" fromWho="0" sc="33,-13,161,13,443,0,363,0" /><INIT seed="4,0,0,4,5,60" ten="20,174,443,363" oya="0" hai0="21,64,114,65,115,103,117,92,134,34,87,113,96" hai1="72,101,28,104,35,29,82,14,16,13,124,46,97" hai2="6,110,68,38,31,37,84,4,43,12,89,50,59" hai3="52,109,18,130,7,45,25,41,132,86,94,9,44"/><T76/><D117/><U26/><E124/><V85/><F68/><W125/><G109/><T39/><D39/><U67/><E46/><V112/><F110/><W48/><G130/><T56/><D134/><U42/><E42/><V63/><F31/><W49/><G125/><T75/><D75/><U57/><E13/><V77/><F112/><W116/><G116/><T81/><D34/><U127/><E28/><V23/><F77/><W32/><G132/><T24/><REACH who="0" step="1"/><D56/><REACH who="0" ten="10,174,443,363" step="2"/><U5/><E127/><V99/><F59/><W51/><G32/><T88/><D88/><U102/><E102/><V8/><F89/><W74/><G74/><T119/><D119/><U121/><E121/><V111/><F38/><W90/><G44/><T106/><D106/><U54/><E72/><V133/><F37/><W27/><G41/><T128/><D128/><U107/><E104/><V30/><F43/><W66/><G45/><T98/><D98/><U135/><E135/><V78/><F99/><W95/><G90/><T0/><D0/><U126/><E126/><V79/><F133/><W19/><G86/><T100/><D100/><U11/><E82/><V10/><F85/><W40/><G40/><T62/><D62/><U93/><E107/><V58/><F84/><W73/><G73/><T71/><D71/><U36/><E36/><V22/><F111/><W122/><G122/><T129/><D129/><U108/><E108/><V61/><F61/><W120/><G120/><T2/><D2/><U70/><E70/><V69/><F69/><W20/><G94/><T105/><D105/><U17/><E97/><RYUUKYOKU ba="0,1" sc="10,30,174,-10,443,-10,363,-10" hai0="21,24,64,65,76,81,87,92,96,103,113,114,115" /><INIT seed="4,1,1,4,5,12" ten="40,164,433,353" oya="0" hai0="53,11,108,25,128,18,134,49,48,43,129,63,85" hai1="33,16,127,99,132,87,34,67,6,35,96,107,27" hai2="103,61,3,111,9,5,125,1,118,130,46,0,73" hai3="133,10,77,23,39,100,68,13,102,65,81,79,92"/><T28/><D134/><U113/><E127/><V38/><F111/><W55/><G133/><T32/><D108/><U88/><E6/><V15/><F125/><W126/><G39/><T30/><D30/><U101/><E99/><V52/><F73/><W91/><G126/><T45/><D63/><U71/><E132/><V89/><F103/><W97/><G68/><T82/><D11/><U124/><E113/><V7/><F7/><W54/><G65/><T75/><D75/><U109/><E109/><V70/><F130/><N who="0" m="50282" /><D49/><U105/><E105/><V26/><F61/><W98/><G23/><T22/><D53/><U116/><E116/><V66/><F9/><W44/><G44/><T114/><D114/><U37/><E37/><V2/><F46/><W62/><G62/><T94/><D94/><U31/><E67/><V19/><F66/><W56/><G56/><T80/><D85/><U40/><E40/><V4/><F70/><W78/><G81/><T57/><D57/><U51/><E51/><V117/><F38/><W50/><G50/><T123/><D123/><U36/><E36/><V74/><F74/><W24/><G55/><T119/><D119/><U121/><E121/><V8/><F52/><W106/><G54/><T104/><D104/><U69/><E124/><V14/><F117/><W93/><G106/><T112/><D112/><U29/><E71/><V47/><F118/><W60/><G60/><T135/><D135/><U86/><E69/><V131/><F131/><W120/><G120/><T64/><D64/><U42/><E42/><V21/><F8/><W83/><G10/><RYUUKYOKU ba="1,1" sc="40,30,164,-10,433,-10,353,-10" hai0="18,22,25,28,32,43,45,48,80,82" /><INIT seed="4,2,1,1,2,126" ten="70,154,423,343" oya="0" hai0="134,99,57,54,107,127,123,43,98,133,65,81,1" hai1="113,19,2,59,14,33,102,132,79,26,71,3,94" hai2="62,88,108,97,35,24,51,115,13,7,12,96,55" hai3="103,92,89,39,17,85,40,37,116,114,45,32,38"/><T112/><D123/><U101/><E71/><V42/><F108/><W56/><G116/><T9/><D127/><U8/><E132/><N who="0" m="50793" /><D112/><U118/><E118/><V78/><F78/><W64/><G114/><T49/><D107/><U4/><E79/><V135/><F115/><W104/><G32/><T29/><D29/><U34/><E94/><V61/><F35/><N who="1" m="13321" /><E59/><V36/><F24/><W58/><G64/><T41/><D65/><U91/><E91/><V69/><F7/><W70/><G70/><T66/><D66/><U131/><E102/><V25/><F25/><W121/><G121/><T129/><D81/><U119/><E101/><V11/><F69/><W100/><G104/><T15/><D1/><N who="1" m="15" /><E119/><V18/><F135/><W83/><G103/><T10/><D98/><U130/><E26/><V82/><F97/><W87/><G100/><T93/><D99/><U16/><E19/><N who="2" m="8607" /><F36/><W21/><G38/><T53/><D93/><U125/><E125/><V124/><F42/><W74/><G39/><T44/><D43/><U48/><E48/><V46/><F124/><W122/><G122/><T128/><D41/><U90/><E90/><V111/><F96/><W5/><G74/><T84/><D84/><U77/><E77/><V110/><F110/><W0/><G87/><T72/><D72/><U27/><E27/><V31/><F111/><W117/><G92/><T67/><D67/><U86/><E86/><V22/><F82/><W106/><G106/><T109/><D109/><U63/><E113/><V28/><F88/><W23/><G117/><T95/><D95/><U60/><E3/><RYUUKYOKU ba="2,1" sc="70,-10,154,-10,423,30,343,-10" hai2="13,18,22,28,31,46,51,55,61,62" /><INIT seed="5,3,1,4,4,108" ten="60,144,453,333" oya="1" hai0="83,37,107,49,16,89,92,12,93,104,101,19,14" hai1="80,41,44,22,50,20,55,118,65,74,42,30,61" hai2="132,28,86,7,123,106,113,40,99,82,91,75,68" hai3="6,125,60,45,79,10,36,48,116,76,35,85,110"/><U103/><E118/><V115/><F123/><W124/><G110/><T120/><D120/><U98/><E80/><V57/><F68/><W126/><G36/><T133/><D37/><U97/><E97/><V54/><F132/><W88/><G35/><T94/><D133/><U71/><E74/><V90/><F40/><N who="3" m="24615" /><G60/><T32/><D32/><U66/><E66/><V72/><F28/><W84/><G116/><T127/><D127/><U64/><E64/><V13/><F7/><W67/><G67/><T62/><D62/><U39/><E30/><V129/><F13/><N who="0" m="5226" /><D49/><U53/><E53/><V117/><F129/><W8/><G85/><T70/><D70/><U73/><E73/><V29/><F29/><W46/><G46/><T109/><D109/><U23/><REACH who="1" step="1"/><E39/><REACH who="1" ten="60,134,453,333" step="2"/><V77/><F117/><W15/><G10/><T33/><D83/><AGARI ba="3,2" hai="6,8,15,76,79,83,84,88,124,125,126" m="24615" machi="83" ten="30,2000,0" yaku="18,1,54,1" doraHai="108" who="3" fromWho="0" sc="60,-29,134,0,453,0,333,49" /><INIT seed="6,0,0,2,4,77" ten="31,134,453,382" oya="2" hai0="94,18,17,30,134,98,16,1,112,83,89,132,85" hai1="67,88,43,86,87,47,111,75,0,46,58,95,44" hai2="7,35,29,135,99,102,133,80,72,100,63,31,108" hai3="25,41,48,91,49,9,131,26,128,124,40,81,62"/><V22/><F108/><W39/><G124/><T129/><D1/><U66/><E111/><V10/><F22/><W70/><G9/><T93/><D30/><U119/><E75/><V14/><F63/><W84/><G70/><T57/><D112/><U96/><E0/><V56/><F56/><W23/><G62/><T76/><D129/><N who="3" m="49737" /><G26/><T8/><D57/><U20/><E58/><V118/><F118/><W6/><G6/><T55/><D55/><U59/><E119/><V121/><F121/><W15/><G15/><T105/><D105/><U117/><E43/><N who="3" m="16458" /><G39/><T122/><D122/><U32/><E32/><V33/><F14/><W90/><G90/><T60/><D60/><U120/><E120/><V123/><F10/><W5/><G5/><T61/><D61/><U92/><E59/><V114/><F7/><W50/><G50/><T37/><D37/><U107/><E107/><V4/><F4/><W73/><G73/><T79/><D94/><U38/><E20/><V125/><F72/><W127/><G127/><T65/><D65/><U110/><E110/><V2/><F125/><W21/><G21/><T106/><D106/><U109/><E38/><V78/><F123/><W52/><G52/><T126/><D126/><U101/><E117/><V97/><F2/><W53/><G53/><T51/><D51/><U11/><E11/><V64/><F64/><N who="1" m="24617" /><E109/><V115/><F78/><N who="0" m="29738" /><D8/><U71/><E71/><V45/><F45/><W28/><AGARI ba="0,0" hai="23,25,28,48,49,81,84,91" m="16458,49737" machi="28" ten="30,2000,0" yaku="19,1,52,1" doraHai="77" who="3" fromWho="3" sc="31,-5,134,-5,453,-10,382,20" /><INIT seed="7,0,0,3,4,81" ten="26,129,443,402" oya="3" hai0="54,31,76,99,131,130,46,26,66,28,93,88,49" hai1="56,118,82,126,51,37,91,105,59,110,6,78,23" hai2="8,114,97,123,10,116,117,11,80,106,19,74,64" hai3="90,102,50,43,53,133,18,47,103,62,104,9,70"/><W45/><G133/><T72/><D66/><U21/><E105/><V39/><F39/><W98/><G103/><T4/><D4/><U124/><E37/><V14/><F64/><W129/><G129/><T29/><D130/><U42/><E110/><V132/><F132/><W77/><G77/><T1/><D1/><U38/><E91/><V79/><F123/><W111/><G111/><T115/><D131/><U44/><E6/><V89/><F114/><W75/><G75/><T84/><D72/><U71/><E71/><V57/><F57/><W113/><G113/><T67/><D115/><U128/><E118/><V101/><REACH who="2" step="1"/><F89/><REACH who="2" ten="26,129,433,402" step="2"/><W32/><G32/><T61/><D61/><U87/><E128/><V120/><F120/><W16/><G9/><AGARI ba="0,1" hai="8,9,10,11,14,19,74,79,80,97,101,106,116,117" machi="9" ten="40,1300,0" yaku="1,1,53,0" doraHai="81" doraHaiUra="83" who="2" fromWho="3" sc="26,0,129,0,433,23,402,-13" owari="26,-47.0,129,-27.0,456,55.0,389,19.0" /></mjloggm>