<mjloggm ver="2.3"><GO type="225" lobby="0"/><UN n0="%E3%81%90%E3%81%9D%E3%83%BC" n1="%E3%83%86%E3%82%A3%E3%82%AB%2D%CE%B3" n2="%E3%81%B1%E3%83%BC%E3%81%9D%E3%82%93" n3="%E5%B0%B1%E6%B4%BB%E7%94%9F%40%E5%B7%9D%E6%9D%91%E8%BB%8D%E5%9B%A3" dan="16,17,16,17" rate="2183.42,2164.28,2142.17,2180.55" sx="M,M,M,M"/><TAIKYOKU oya="0"/><INIT seed="0,0,0,1,0,102" ten="250,250,250,250" oya="0" hai0="42,118,103,17,56,124,12,69,62,77,78,26,20" hai1="95,53,7,41,79,93,47,92,122,59,131,111,109" hai2="6,66,29,96,9,24,90,28,31,34,64,2,5" hai3="33,125,121,65,126,128,97,83,115,91,89,100,113"/><T0/><D118/><U43/><E122/><V119/><F119/><W38/><G33/><T116/><D0/><U99/><E79/><V76/><F76/><W110/><G38/><T106/><D116/><U72/><E72/><V13/><F6/><W25/><G65/><T3/><D3/><U98/><E7/><V134/><F134/><W60/><G60/><T86/><D124/><N who="3" m="47721" /><G25/><T84/><D69/><U75/><E75/><V81/><F81/><W45/><G45/><T101/><D42/><N who="1" m="15883" /><E47/><V130/><F130/><W133/><G133/><T71/><D71/><U22/><E22/><V18/><F66/><W16/><G16/><N who="0" m="12551" /><D106/><U1/><E1/><V108/><F64/><W14/><G14/><T129/><D78/><U48/><E131/><V73/><F73/><W46/><G46/><T87/><D77/><U55/><E55/><V52/><F52/><W36/><G36/><T57/><D129/><U32/><E32/><V10/><F34/><W85/><G128/><T120/><D120/><U39/><E39/><V68/><F68/><W117/><G117/><T105/><D105/><U112/><E112/><N who="3" m="43082" /><G121/><T27/><D27/><U30/><E30/><V37/><F24/><W44/><G44/><T54/><D57/><U74/><E74/><V11/><F37/><W23/><G23/><AGARI ba="0,0" hai="12,17,23,54,56,62,84,86,87,101,103" m="12551" machi="23" ten="30,2900,0" yaku="8,1,54,1" doraHai="102" who="0" fromWho="3" sc="250,29,250,0,250,0,250,-29" /><INIT seed="0,1,0,2,4,32" ten="279,250,250,221" oya="0" hai0="127,99,100,85,34,70,62,73,120,16,91,12,95" hai1="22,93,112,76,74,82,37,42,45,67,69,110,52" hai2="13,119,98,54,66,83,90,64,21,44,50,3,79" hai3="101,134,30,88,109,124,56,9,68,121,106,75,71"/><T130/><D120/><U24/><E110/><V104/><F119/><W33/><G75/><T28/><D73/><U117/><E117/><V87/><F3/><W125/><G121/><T77/><D77/><U115/><E93/><N who="2" m="56631" /><F104/><W72/><G72/><T35/><D130/><U18/><E69/><V25/><F13/><W126/><G134/><T107/><D127/><U15/><E67/><V113/><F113/><N who="1" m="43593" /><E52/><V65/><F66/><W20/><G109/><T61/><D70/><U1/><E15/><V129/><F129/><W31/><G33/><T123/><D123/><U63/><E63/><V2/><F2/><AGARI ba="1,0" hai="1,2,18,22,24,37,42,45,74,76,82" m="43593" machi="2" ten="30,3900,0" yaku="11,1,52,2" doraHai="32" who="1" fromWho="2" sc="279,0,250,42,250,-42,221,0" /><INIT seed="1,0,0,2,0,82" ten="279,292,208,221" oya="1" hai0="38,34,77,96,22,94,69,55,42,97,70,113,100" hai1="36,39,123,40,16,125,28,19,115,116,20,93,92" hai2="67,66,84,89,129,48,5,119,86,63,52,0,4" hai3="126,118,68,122,61,9,101,11,15,85,7,80,43"/><U121/><E115/><V8/><F119/><W10/><G122/><T117/><D117/><U133/><E116/><V30/><F129/><W46/><G126/><T26/><D113/><U128/><E125/><V83/><F30/><W102/><G118/><T111/><D111/><U24/><E128/><V35/><F35/><W2/><G61/><T51/><D34/><U3/><E3/><V45/><F5/><W44/><G68/><T56/><D77/><U13/><E133/><V25/><F25/><W105/><G105/><T6/><D6/><U107/><E107/><V59/><REACH who="2" step="1"/><F86/><REACH who="2" ten="279,292,198,221" step="2"/><W47/><G43/><AGARI ba="0,1" hai="0,4,8,43,45,48,52,59,63,66,67,83,84,89" machi="43" ten="30,12000,2" yaku="1,1,2,1,7,1,52,1,54,1,53,2" doraHai="82" doraHaiUra="60" who="2" fromWho="3" sc="279,0,292,0,198,130,221,-120" /><INIT seed="2,0,0,1,0,91" ten="279,292,328,101" oya="2" hai0="22,118,135,98,130,19,51,50,30,87,81,94,11" hai1="78,58,84,121,132,32,124,67,134,55,76,33,42" hai2="74,97,125,52,103,122,18,5,38,127,68,31,69" hai3="65,16,23,61,90,111,117,37,46,107,112,80,72"/><V44/><F74/><W57/><G117/><T60/><D118/><U128/><E121/><V82/><F122/><W113/><G107/><T41/><D135/><N who="1" m="51755" /><E67/><V85/><F31/><W86/><G72/><T96/><D130/><U29/><E42/><N who="2" m="22615" /><F5/><W14/><REACH who="3" step="1"/><G111/><REACH who="3" ten="279,292,328,91" step="2"/><T114/><D114/><U36/><E128/><V3/><F127/><W8/><G8/><T62/><D11/><U2/><E124/><V34/><F125/><W47/><G47/><T66/><D41/><AGARI ba="0,1" hai="14,16,23,37,41,46,57,61,65,80,86,90,112,113" machi="41" ten="40,5200,0" yaku="1,1,54,1,53,1" doraHai="91" doraHaiUra="40" who="3" fromWho="0" sc="279,-52,292,0,328,0,91,62" /><INIT seed="3,0,0,5,0,27" ten="227,292,328,153" oya="3" hai0="92,75,108,6,83,129,128,33,46,55,34,14,73" hai1="54,5,11,130,62,102,78,52,48,3,66,42,61" hai2="72,121,16,39,49,94,106,58,45,56,37,112,38" hai3="65,122,63,60,104,26,50,114,127,100,41,135,40"/><W36/><G114/><T107/><D107/><U113/><E113/><V88/><F106/><W35/><G122/><T95/><D108/><U43/><E130/><N who="0" m="50281" /><D6/><U15/><E102/><V68/><F68/><N who="3" m="42023" /><G135/><T76/><D73/><U9/><E78/><V81/><F112/><W90/><G127/><T86/><D14/><U31/><E31/><V116/><F116/><W97/><G36/><T23/><D23/><U131/><E131/><V30/><F30/><N who="3" m="19927" /><G40/><T79/><D79/><U67/><E3/><V47/><F45/><N who="3" m="25903" /><G63/><T4/><D4/><U111/><E5/><V101/><F121/><W120/><G120/><T64/><D64/><U103/><E15/><V28/><F28/><W44/><G44/><T119/><D119/><U126/><E48/><V117/><F117/><W105/><G105/><T51/><D95/><U13/><E13/><V84/><F72/><W12/><G12/><T21/><D21/><U109/><E126/><V110/><F16/><W99/><G99/><T70/><D70/><U8/><E8/><V123/><F123/><W0/><G0/><T115/><D115/><U132/><E132/><V24/><F24/><W133/><G133/><T53/><D53/><U125/><E125/><V29/><F29/><W2/><G2/><T20/><D20/><U85/><E85/><V98/><F49/><W69/><G69/><T18/><D18/><U89/><E89/><AGARI ba="0,0" hai="89,90,97,100,104" m="25903,19927,42023" machi="89" ten="30,2900,0" yaku="25,1,52,1" doraHai="27" who="3" fromWho="1" sc="227,0,292,-29,328,0,153,29" /><AGARI ba="0,0" hai="33,34,46,51,55,75,76,83,86,89,92" m="50281" machi="89" ten="30,1000,0" yaku="19,1" doraHai="27" who="0" fromWho="1" sc="227,10,263,-10,328,0,182,0" /><INIT seed="3,1,0,3,4,68" ten="237,253,328,182" oya="3" hai0="100,135,29,38,7,39,20,128,103,46,50,82,13" hai1="22,16,111,75,58,90,131,108,96,127,86,95,78" hai2="125,30,92,11,37,47,81,36,67,6,28,53,9" hai3="18,69,120,73,116,77,3,99,87,94,4,32,123"/><W115/><G116/><T60/><D29/><U133/><E127/><V102/><F67/><W62/><G115/><T122/><D122/><U105/><E131/><V97/><F125/><W72/><G32/><T121/><D121/><U14/><E133/><V55/><F11/><W129/><G129/><T64/><D128/><U21/><E21/><V44/><F47/><W113/><G113/><T26/><D135/><U35/><E35/><V124/><F124/><W0/><G18/><T2/><D2/><U126/><E126/><V74/><F53/><W49/><G49/><T84/><D26/><U33/><E33/><V66/><F66/><W104/><G69/><T12/><D12/><U56/><E75/><N who="3" m="28746" /><G62/><T130/><D130/><U83/><E105/><V19/><F19/><W76/><G4/><T57/><D103/><U42/><E42/><V25/><F36/><W109/><G109/><AGARI ba="1,0" hai="14,16,22,56,58,78,83,86,90,95,96,108,109,111" machi="109" ten="40,2600,0" yaku="14,1,54,1" doraHai="68" who="1" fromWho="3" sc="237,0,253,29,328,0,182,-29" owari="237,-16.0,282,8.0,328,43.0,153,-35.0" /></mjloggm>