<mjloggm ver="2.3"><GO type="169" lobby="0"/><UN n0="%E5%B0%B1%E6%B4%BB%E7%94%9F%40%E5%B7%9D%E6%9D%91%E8%BB%8D%E5%9B%A3" n1="%40%75" n2="%E5%A4%A9%E9%9F%B3%E3%81%95%E3%82%93" n3="%E3%81%AD%E3%81%93%E3%81%A0%E3%81%BE" dan="18,16,16,16" rate="2226.78,2107.47,2121.23,2100.43" sx="M,F,F,M"/><TAIKYOKU oya="0"/><INIT seed="0,0,0,4,3,30" ten="250,250,250,250" oya="0" hai0="16,82,116,10,62,90,110,56,11,52,78,106,96" hai1="40,84,15,53,51,29,112,79,95,125,73,71,72" hai2="7,28,61,100,67,17,23,120,102,45,123,43,101" hai3="88,114,49,57,126,39,118,69,50,97,98,5,87"/><T76/><D116/><U80/><E125/><V35/><F7/><W32/><G69/><T19/><D110/><U129/><E71/><V133/><F133/><W94/><G39/><T33/><D33/><U92/><E129/><V24/><F17/><N who="0" m="6730" /><D106/><U119/><E40/><V134/><F134/><W86/><G114/><T8/><D96/><U99/><E119/><V31/><F31/><W54/><G118/><T2/><D2/><U6/><E29/><V20/><F123/><W111/><G111/><T124/><D124/><U14/><E95/><V127/><F120/><W26/><G5/><T12/><D12/><U18/><E112/><V41/><F41/><W44/><G126/><T113/><D113/><U135/><E6/><V104/><F104/><W46/><G26/><T68/><D68/><U103/><E15/><V108/><F108/><W122/><G32/><T107/><D107/><U34/><E34/><V21/><F127/><W3/><G3/><T70/><D70/><U4/><E4/><V131/><F131/><W89/><G57/><T22/><D22/><U64/><E135/><V1/><F1/><W42/><REACH who="3" step="1"/><G122/><REACH who="3" ten="250,250,250,240" step="2"/><T59/><D59/><N who="1" m="33215" /><E64/><V75/><F35/><W37/><G37/><T13/><D13/><U117/><E117/><V81/><F24/><W130/><G130/><T25/><D25/><U93/><E14/><V60/><F28/><W47/><G47/><T109/><D109/><U65/><E65/><V63/><F67/><W66/><G66/><T77/><D11/><U38/><E38/><V55/><F23/><W83/><AGARI ba="0,1" hai="42,44,46,49,50,54,83,86,87,88,89,94,97,98" machi="83" ten="20,8000,1" yaku="1,1,0,1,7,1,8,1,54,1,53,0" doraHai="30" doraHaiUra="128" who="3" fromWho="3" sc="250,-40,250,-20,250,-20,240,90" /><INIT seed="1,0,0,5,1,82" ten="210,230,230,330" oya="1" hai0="32,113,135,19,54,105,81,44,10,66,2,74,37" hai1="18,73,91,77,24,90,94,31,95,117,97,65,20" hai2="87,39,83,58,93,70,72,104,13,98,28,34,40" hai3="61,114,126,52,29,30,68,123,101,60,26,112,85"/><U49/><E117/><V6/><F70/><W131/><G123/><T25/><D66/><U107/><E107/><V38/><F40/><W119/><G101/><T134/><D105/><U1/><E1/><V129/><F129/><W122/><G122/><T102/><D102/><U111/><E111/><V46/><F46/><W45/><G126/><T127/><D127/><U118/><E118/><V80/><F80/><W41/><G131/><T128/><D128/><U9/><E65/><V71/><F71/><W69/><G119/><T75/><D75/><U51/><E77/><V92/><F92/><W15/><G15/><T84/><D74/><U88/><E73/><V86/><F104/><W99/><G99/><T47/><D37/><U42/><E42/><V12/><F72/><W0/><G0/><T8/><D8/><U53/><E95/><V124/><F58/><W35/><G30/><T67/><D67/><U50/><E53/><V43/><F43/><W89/><G68/><T78/><D54/><U100/><E9/><V120/><F120/><W55/><G69/><T48/><D48/><U59/><E59/><V62/><F62/><W33/><G61/><T7/><D113/><U96/><E96/><V5/><F39/><N who="3" m="21695" /><G52/><T16/><D32/><U63/><E63/><V22/><F34/><W14/><G35/><T133/><REACH who="0" step="1"/><D25/><REACH who="0" ten="200,230,230,330" step="2"/><U115/><E115/><V3/><F38/><W125/><G125/><T64/><D64/><U36/><E36/><V11/><F124/><W57/><G112/><T27/><D27/><U23/><E51/><V132/><F11/><W103/><G114/><RYUUKYOKU ba="0,1" sc="200,15,230,15,230,-15,330,-15" hai0="2,7,10,16,19,44,47,78,81,84,133,134,135" hai1="18,20,23,24,31,49,50,88,90,91,94,97,100" /><INIT seed="1,1,1,4,5,76" ten="215,245,215,315" oya="1" hai0="25,66,108,72,57,117,3,125,33,95,133,91,7" hai1="11,8,50,40,90,47,45,123,26,54,107,27,121" hai2="89,128,46,113,21,132,99,18,10,118,111,61,20" hai3="104,32,31,86,106,67,97,15,101,13,35,42,68"/><U77/><E107/><V4/><F118/><W134/><G106/><T120/><D72/><U71/><E71/><V2/><F111/><W48/><G35/><T41/><D117/><U65/><E123/><V34/><F128/><W122/><G134/><T130/><D108/><U38/><E121/><V92/><F34/><W94/><G122/><T73/><D73/><U100/><E65/><V39/><F132/><W126/><G126/><T14/><D3/><U58/><E100/><V79/><F113/><W12/><G48/><T9/><D41/><U62/><E77/><V102/><F61/><W124/><G42/><T43/><D43/><U69/><E69/><V114/><F46/><W98/><G86/><T53/><D133/><U82/><E27/><V105/><F39/><W1/><G1/><T30/><D120/><U96/><E26/><V127/><F114/><W84/><G84/><T119/><D119/><U135/><E135/><V85/><F127/><W44/><G44/><T80/><D66/><U87/><REACH who="1" step="1"/><E96/><REACH who="1" ten="215,235,215,315" step="2"/><V131/><F131/><W24/><G124/><T88/><D130/><U109/><E109/><V19/><F79/><W29/><G29/><T63/><D125/><U55/><AGARI ba="1,2" hai="8,11,38,40,45,47,50,54,55,58,62,82,87,90" machi="55" ten="20,12000,1" yaku="1,1,0,1,7,1,52,1,53,1" doraHai="76" doraHaiUra="37" who="1" fromWho="1" sc="215,-41,235,143,215,-41,315,-41" /><INIT seed="1,2,0,5,4,30" ten="174,378,174,274" oya="1" hai0="129,135,10,48,3,27,121,40,59,79,132,62,14" hai1="5,53,16,103,94,2,85,67,39,134,36,81,99" hai2="90,21,51,52,56,115,105,43,89,20,100,128,6" hai3="97,1,96,47,91,71,24,41,101,0,68,17,75"/><U54/><E134/><N who="0" m="51241" /><D3/><U88/><E67/><V116/><F116/><W82/><G91/><T34/><D79/><U95/><E39/><V35/><F35/><W60/><G17/><T113/><D113/><U76/><E36/><V9/><F128/><W70/><G60/><T61/><D129/><U15/><E5/><V133/><F133/><W86/><G97/><T19/><D121/><U22/><REACH who="1" step="1"/><E2/><REACH who="1" ten="174,368,174,274" step="2"/><V119/><F6/><W18/><G1/><T64/><D64/><U131/><E131/><V122/><F115/><W57/><G0/><T114/><D114/><U29/><E29/><V87/><F122/><W50/><G68/><T46/><D59/><U123/><E123/><V28/><F56/><W130/><G70/><T69/><D69/><U11/><E11/><V118/><F9/><W65/><G71/><T12/><D12/><U23/><E23/><V125/><F21/><W74/><G130/><T83/><D14/><U42/><E42/><V73/><F43/><W84/><G65/><T98/><D10/><U31/><E31/><V78/><F28/><W49/><G57/><T109/><D40/><U66/><E66/><V107/><F20/><W58/><G58/><T32/><D19/><U127/><E127/><V92/><F125/><W112/><G112/><T77/><D34/><U38/><E38/><V102/><F119/><W7/><G7/><T80/><D32/><U124/><E124/><V45/><F118/><W33/><G33/><T106/><D61/><U44/><E44/><V13/><F13/><W8/><G41/><N who="0" m="24655" /><D62/><U126/><E126/><V93/><F45/><RYUUKYOKU ba="2,1" sc="174,-10,368,30,174,-10,274,-10" hai1="15,16,22,53,54,76,81,85,88,94,95,99,103" /><INIT seed="1,3,1,5,2,23" ten="164,398,164,264" oya="1" hai0="102,121,87,130,40,3,92,13,108,10,27,52,36" hai1="33,123,21,63,70,62,101,8,46,82,59,125,66" hai2="11,0,25,57,68,72,73,4,115,120,20,65,54" hai3="51,86,127,34,124,48,114,37,89,60,49,128,47"/><U43/><E123/><V93/><F120/><W78/><G114/><T35/><D3/><U39/><E33/><V14/><F115/><W90/><G34/><T112/><D112/><U42/><E125/><N who="3" m="48202" /><G60/><T76/><D121/><U44/><E101/><V83/><F83/><N who="3" m="47479" /><G128/><T2/><D2/><U122/><E122/><V41/><F41/><AGARI ba="3,1" hai="37,41,47,48,49,51,89,90" m="47479,48202" machi="41" ten="30,1000,0" yaku="18,1" doraHai="23" who="3" fromWho="2" sc="164,0,398,0,164,-19,264,29" /><INIT seed="2,0,0,3,1,54" ten="164,398,145,293" oya="2" hai0="104,102,19,56,46,114,98,97,0,116,34,83,57" hai1="70,133,50,127,73,12,111,67,129,120,35,106,110" hai2="51,123,39,92,80,84,47,85,13,40,52,119,44" hai3="69,105,131,23,125,79,96,93,88,87,89,25,32"/><V59/><F119/><W112/><G69/><T36/><D114/><U21/><RYUUKYOKU type="yao9" ba="0,0" sc="164,0,398,0,145,0,293,0" hai1="12,21,35,50,67,70,73,106,110,111,120,127,129,133" /><INIT seed="2,1,0,1,1,53" ten="164,398,145,293" oya="2" hai0="118,84,40,125,105,46,11,22,117,52,44,111,123" hai1="43,87,32,94,88,86,36,110,134,76,34,72,75" hai2="8,61,30,128,55,7,64,98,83,20,2,101,62" hai3="45,28,114,18,133,129,121,119,4,74,69,79,132"/><V9/><F128/><W109/><G28/><T103/><D123/><U112/><E112/><V29/><F9/><W106/><G18/><T71/><D71/><U124/><E110/><V107/><F20/><W77/><G4/><T41/><D125/><U113/><E113/><V99/><F99/><W31/><G45/><T48/><D111/><U95/><E124/><V51/><F83/><W23/><G23/><T50/><D11/><U39/><E43/><V131/><F131/><W127/><G31/><T59/><D22/><U91/><REACH who="1" step="1"/><E76/><REACH who="1" ten="164,388,145,293" step="2"/><V68/><REACH who="2" step="1"/><F62/><REACH who="2" ten="164,388,135,293" step="2"/><W78/><G78/><T60/><D84/><U6/><E6/><V115/><F115/><W47/><G79/><T24/><D24/><U1/><E1/><V0/><F0/><W33/><G77/><T65/><D105/><U135/><AGARI ba="1,2" hai="32,34,36,39,72,75,86,87,88,91,94,95,134,135" machi="135" ten="25,8000,1" yaku="1,1,0,1,22,2,54,1,53,0" doraHai="53" doraHaiUra="96" who="1" fromWho="1" sc="164,-21,388,103,135,-41,293,-21" /><INIT seed="3,0,0,0,0,79" ten="143,491,94,272" oya="3" hai0="70,29,104,24,78,117,49,38,3,2,120,62,1" hai1="43,100,40,129,95,20,68,93,115,125,27,65,82" hai2="99,21,106,9,19,17,108,35,36,55,51,25,90" hai3="134,50,133,66,37,10,23,41,39,58,60,71,0"/><W122/><G23/><T111/><D117/><U102/><E115/><V101/><F36/><N who="3" m="13899" /><G10/><T73/><D120/><U22/><E65/><V131/><F108/><W6/><G6/><T11/><D49/><U33/><E68/><V30/><F131/><W92/><G92/><T91/><D91/><U124/><E33/><V89/><F9/><W54/><G0/><T98/><D38/><U5/><E5/><V53/><F17/><W57/><G41/><T56/><D11/><U31/><E31/><V110/><F110/><W130/><G122/><T74/><D56/><N who="3" m="21609" /><G130/><T34/><D111/><U69/><E129/><V64/><F90/><W4/><G4/><T15/><D15/><U80/><E69/><V85/><F89/><W109/><G109/><T13/><D13/><U97/><E97/><V75/><F99/><W46/><AGARI ba="0,0" hai="46,50,54,60,66,71,133,134" m="21609,13899" machi="46" ten="30,3000,0" yaku="34,2" doraHai="79" who="3" fromWho="3" sc="143,-10,491,-10,94,-10,272,30" /><INIT seed="3,1,0,2,3,135" ten="133,481,84,302" oya="3" hai0="20,55,107,77,12,131,40,58,115,1,90,84,49" hai1="37,104,88,91,43,83,113,28,112,10,92,60,126" hai2="82,65,53,62,125,3,56,57,79,98,54,2,117" hai3="19,128,85,8,105,69,14,30,95,130,124,106,33"/><W47/><G69/><T73/><D1/><U89/><E104/><V93/><F117/><W96/><G85/><T114/><D107/><U103/><E28/><V25/><F25/><N who="3" m="18639" /><G47/><T13/><D131/><N who="3" m="50217" /><G124/><T63/><D77/><U11/><E126/><V129/><F129/><W116/><G116/><T29/><D73/><U41/><E37/><V26/><F26/><W120/><G120/><T44/><D29/><U27/><E27/><V16/><F125/><W59/><G59/><T75/><D75/><U50/><E113/><N who="0" m="43017" /><D20/><U4/><E112/><V64/><F64/><W52/><G52/><T39/><D39/><U71/><E71/><V22/><F65/><W76/><G76/><T42/><D42/><U66/><E43/><V87/><F54/><W15/><G14/><T0/><D0/><U78/><E41/><V109/><F57/><W94/><G94/><AGARI ba="1,0" hai="12,13,40,44,49,55,58,63,84,90,94" m="43017" machi="94" ten="30,1000,0" yaku="11,1" doraHai="135" who="0" fromWho="3" sc="133,13,481,0,84,0,302,-13" /><INIT seed="4,0,0,2,5,52" ten="146,481,84,289" oya="0" hai0="100,34,56,102,32,119,90,115,5,10,31,101,85" hai1="45,105,107,26,7,23,19,6,4,83,131,134,77" hai2="17,79,128,124,55,73,84,58,16,109,51,121,63" hai3="91,122,69,22,65,88,97,53,87,133,112,9,106"/><T64/><D115/><U104/><E131/><V8/><F109/><W67/><G69/><T68/><D119/><U29/><E134/><V103/><F121/><W40/><G40/><T80/><D68/><U20/><E45/><V93/><F128/><W57/><G133/><T118/><D118/><U99/><E99/><N who="2" m="59887" /><F73/><W74/><G74/><T38/><D38/><U48/><E48/><V98/><F124/><W111/><G111/><T78/><D31/><U82/><REACH who="1" step="1"/><E77/><REACH who="1" ten="146,471,84,289" step="2"/><V95/><F79/><W24/><G122/><T39/><D78/><U33/><E33/><V18/><F51/><W130/><G130/><T96/><D96/><U125/><E125/><V108/><F108/><W30/><G112/><T54/><D39/><U36/><E36/><V47/><F47/><W132/><G132/><T86/><D34/><U71/><E71/><V42/><F42/><W116/><G116/><T15/><D32/><U114/><E114/><V81/><F98/><W76/><G97/><T89/><D64/><U44/><E44/><V72/><F72/><W60/><G65/><T126/><D126/><U135/><E135/><V13/><F81/><W62/><G67/><T25/><D86/><U0/><E0/><V50/><F50/><W1/><G76/><T14/><D85/><U41/><E41/><V66/><F66/><W110/><G1/><T3/><D80/><U117/><E117/><V35/><F35/><W120/><G87/><T11/><D3/><U129/><E129/><V21/><F21/><W28/><G22/><T70/><D70/><U2/><E2/><V49/><F49/><RYUUKYOKU ba="0,1" sc="146,-15,471,15,84,15,289,-15" hai1="4,6,7,19,20,23,26,29,82,83,104,105,107" hai2="8,13,16,17,18,55,58,63,84,95" /><INIT seed="5,1,1,4,5,82" ten="131,486,99,274" oya="1" hai0="18,80,114,86,105,35,89,103,108,135,88,28,5" hai1="119,40,44,29,10,110,64,81,126,106,11,52,132" hai2="120,97,73,60,69,51,6,87,107,128,13,32,31" hai3="68,23,22,65,118,7,9,62,43,3,4,83,131"/><U37/><E119/><V19/><F120/><W55/><G118/><T85/><D5/><U100/><E64/><N who="2" m="41095" /><F73/><W30/><G30/><T61/><D108/><U0/><E110/><V8/><F51/><W57/><G131/><T109/><D109/><U76/><E29/><V90/><F128/><W67/><G7/><T113/><D135/><U94/><E132/><V92/><F6/><W1/><G1/><T70/><D18/><U2/><E106/><V58/><F58/><W33/><G33/><T112/><D103/><U36/><E36/><V124/><F124/><W12/><G12/><T134/><D105/><U74/><E2/><V17/><F13/><W127/><G65/><N who="0" m="41263" /><D134/><U50/><E0/><V84/><F8/><W101/><G101/><T38/><D38/><U95/><E126/><V125/><F125/><W117/><G117/><T133/><D133/><U115/><E100/><N who="2" m="62863" /><F87/><N who="0" m="33290" /><D80/><U66/><E66/><V111/><F111/><W15/><G83/><T34/><D28/><U56/><E11/><V25/><AGARI ba="1,1" hai="17,19,25,31,32,84,90,92" m="62863,41095" machi="25" ten="30,2000,0" yaku="25,1,52,1" doraHai="82" who="2" fromWho="2" sc="131,-6,486,-11,99,33,274,-6" /><INIT seed="6,0,0,5,3,85" ten="125,475,132,268" oya="2" hai0="117,50,2,32,73,25,46,125,128,30,41,68,43" hai1="60,109,66,6,88,51,36,0,116,39,19,75,38" hai2="4,24,9,106,23,115,105,64,35,29,26,95,126" hai3="103,69,54,7,67,81,78,134,71,21,94,34,53"/><V130/><F115/><W76/><G7/><T92/><D73/><U55/><E109/><V45/><F130/><W110/><G21/><T112/><D2/><U8/><E75/><V27/><F126/><W97/><G34/><T61/><D112/><U20/><E116/><V132/><F132/><W40/><G40/><T89/><D117/><U57/><E88/><V131/><F131/><W12/><G12/><T80/><D128/><U79/><E79/><V87/><F64/><W86/><G110/><T90/><D125/><U101/><E101/><V59/><F59/><W3/><G3/><T63/><D43/><U123/><E123/><V91/><F45/><W104/><G78/><T72/><D68/><U99/><E99/><V119/><F119/><W133/><G94/><T102/><D102/><U17/><REACH who="1" step="1"/><E20/><REACH who="1" ten="125,465,132,268" step="2"/><V33/><F33/><W83/><G83/><T107/><D107/><U124/><E124/><V62/><F35/><W16/><G97/><T22/><D32/><U11/><E11/><V121/><F121/><W5/><G76/><T10/><D10/><U31/><E31/><V13/><F106/><W96/><G81/><T114/><D114/><U49/><E49/><V135/><F105/><W84/><G96/><N who="0" m="57359" /><D72/><U70/><AGARI ba="0,1" hai="0,6,8,17,19,36,38,39,51,55,57,60,66,70" machi="70" ten="30,2000,0" yaku="1,1,0,1,53,0" doraHai="85" doraHaiUra="93" who="1" fromWho="1" sc="125,-5,465,30,132,-10,268,-5" /><INIT seed="7,0,0,4,5,114" ten="120,495,122,263" oya="3" hai0="20,125,93,69,67,92,51,84,52,46,74,105,80" hai1="22,134,110,86,65,107,19,99,97,57,5,15,7" hai2="117,124,3,129,1,112,71,2,35,58,34,89,91" hai3="0,23,94,122,24,31,17,70,123,83,39,113,87"/><W56/><G70/><T41/><D105/><U103/><E110/><V101/><F117/><W63/><G39/><T77/><D125/><U16/><E134/><V49/><F71/><W27/><G0/><T59/><D74/><U42/><E42/><V60/><F101/><W43/><G43/><T64/><D20/><U13/><E86/><V8/><F8/><W133/><G113/><T96/><D69/><U126/><E126/><V104/><F104/><W47/><G47/><T48/><D93/><U61/><E99/><V115/><F124/><W29/><G17/><T75/><D75/><U130/><REACH who="1" step="1"/><E130/><REACH who="1" ten="120,485,122,263" step="2"/><V102/><F129/><W50/><G94/><T121/><REACH who="0" step="1"/><D121/><REACH who="0" ten="110,485,122,263" step="2"/><U73/><E73/><V45/><F115/><W120/><G23/><AGARI ba="0,2" hai="5,7,13,15,16,19,22,23,57,61,65,97,103,107" machi="23" ten="30,7700,0" yaku="1,1,7,1,9,1,54,1,53,0" doraHai="114" doraHaiUra="66" who="1" fromWho="3" sc="110,0,485,97,122,0,263,-77" owari="110,-39.0,582,68.0,122,-28.0,186,-1.0" /></mjloggm>