<mjloggm ver="2.3"><GO type="169" lobby="0"/><UN n0="%48%6F%67%65%4E%75%6C%6C" n1="%E4%B8%8A%E5%AE%B6%E3%81%AF%E6%80%AA%E3%81%97%E3%81%84%EF%BC%81%EF%BC%81" n2="%E5%B0%B1%E6%B4%BB%E7%94%9F%40%E5%B7%9D%E6%9D%91%E8%BB%8D%E5%9B%A3" n3="%53%61%62%75%52%75%6E" dan="16,18,17,16" rate="2065.35,2185.05,2182.31,2054.89" sx="M,M,M,M"/><TAIKYOKU oya="0"/><INIT seed="0,0,0,1,1,13" ten="250,250,250,250" oya="0" hai0="65,79,119,86,124,101,113,71,75,110,122,118,83" hai1="91,74,94,44,69,82,111,45,89,67,34,132,108" hai2="46,88,27,106,41,68,55,84,96,43,114,105,116" hai3="109,73,100,125,16,112,133,22,85,52,3,12,54"/><T77/><D65/><U17/><E132/><V14/><F114/><W20/><G73/><T50/><D71/><U39/><E34/><V127/><F68/><W57/><G3/><T56/><D56/><U7/><E7/><V31/><F127/><W99/><G112/><T81/><D50/><U26/><E39/><V37/><F41/><W97/><G133/><T87/><D113/><U5/><E5/><V62/><F14/><W134/><G134/><T10/><D10/><U78/><E67/><V11/><F11/><W23/><G109/><N who="1" m="42058" /><E69/><V28/><F96/><N who="3" m="36939" /><G100/><T80/><D110/><U107/><E107/><V117/><F55/><N who="3" m="21035" /><G125/><T115/><D115/><U42/><E42/><V40/><F62/><W104/><G104/><T64/><D64/><U2/><E2/><V90/><F46/><N who="1" m="18025" /><E94/><V24/><F37/><W49/><G49/><T51/><D51/><U95/><E95/><V76/><F43/><W6/><G6/><T59/><D124/><U18/><E26/><V102/><F40/><W129/><G129/><T1/><D1/><U58/><E58/><V36/><F36/><W21/><G57/><T32/><D59/><U47/><E47/><V60/><F60/><W33/><G33/><T30/><D75/><U93/><E93/><V48/><F48/><W29/><G85/><T9/><D32/><U72/><E72/><V35/><F102/><W61/><G61/><T15/><D101/><U8/><E8/><V92/><F35/><W128/><G128/><T25/><D9/><U70/><E70/><V66/><F105/><W53/><N who="3" m="21043" /><W131/><DORA hai="123" /><G131/><RYUUKYOKU ba="0,0" sc="250,-15,250,15,250,-15,250,15" hai1="17,18,74,78,82,89,91" hai3="12,16,20,21,22,23,29" /><INIT seed="1,1,0,1,3,73" ten="235,265,235,265" oya="1" hai0="102,19,40,86,101,109,95,37,63,134,69,135,128" hai1="105,2,27,131,70,38,71,13,94,99,8,60,79" hai2="122,49,45,44,21,72,55,76,50,39,54,3,20" hai3="81,133,108,22,47,123,91,115,59,5,43,67,83"/><U121/><E121/><V57/><F122/><W103/><G123/><T129/><D40/><U6/><E105/><V30/><F3/><W34/><G34/><T1/><D37/><U62/><E131/><N who="0" m="50249" /><D1/><U77/><E38/><V112/><F112/><W46/><G103/><N who="0" m="39435" /><D19/><U93/><E2/><V29/><F39/><W11/><G108/><T100/><D63/><N who="1" m="24107" /><E71/><V53/><F76/><N who="1" m="29257" /><E70/><V82/><F82/><W4/><G4/><T31/><D31/><N who="2" m="11786" /><F72/><W32/><G81/><T23/><D23/><N who="2" m="8778" /><F57/><W10/><G22/><T85/><D69/><U26/><E99/><V117/><F117/><W78/><G115/><T42/><D109/><U48/><E48/><AGARI ba="1,0" hai="44,45,48,49,50,53,54,55" m="8778,11786" machi="48" ten="30,3900,0" yaku="28,2,8,1" doraHai="73" who="2" fromWho="1" sc="235,0,265,-42,235,42,265,0" /><INIT seed="2,0,0,2,3,77" ten="235,223,277,265" oya="2" hai0="5,73,35,12,3,129,66,48,120,11,17,109,80" hai1="121,24,55,43,18,36,29,15,0,53,99,123,93" hai2="92,131,23,46,72,64,38,6,42,111,130,61,21" hai3="112,134,27,49,95,20,100,86,30,91,7,87,98"/><V119/><F119/><W63/><G134/><T105/><D109/><U82/><E0/><V107/><F107/><W101/><G112/><T59/><D129/><N who="2" m="49162" /><F6/><W133/><G133/><T40/><D120/><N who="1" m="46155" /><E36/><V50/><F72/><W96/><G7/><T1/><D105/><U128/><E43/><V51/><F92/><W22/><G49/><N who="2" m="18441" /><F111/><W97/><G86/><T52/><D35/><N who="1" m="20903" /><E128/><V45/><F45/><W28/><G63/><T54/><D1/><U41/><E41/><V94/><F94/><W81/><G95/><T124/><D40/><U67/><E93/><V104/><F104/><W4/><G4/><T102/><D73/><U113/><E113/><V79/><F79/><W65/><G65/><T37/><D66/><U84/><E99/><V68/><AGARI ba="0,0" hai="21,23,38,42,46,61,64,68" m="18441,49162" machi="68" ten="30,1500,0" yaku="19,1" doraHai="77" who="2" fromWho="2" sc="235,-5,223,-5,277,15,265,-5" /><INIT seed="2,1,0,1,3,118" ten="230,218,292,260" oya="2" hai0="46,90,82,19,23,69,126,130,86,84,79,111,92" hai1="80,13,128,25,122,110,71,15,28,60,67,97,12" hai2="58,16,100,68,96,64,104,42,48,121,49,81,1" hai3="47,62,56,93,78,11,107,105,127,87,33,55,18"/><V65/><F121/><W99/><G127/><T88/><D111/><U131/><E110/><V134/><F1/><W59/><G33/><T74/><D130/><N who="1" m="49707" /><E80/><V37/><F134/><W85/><G47/><T34/><D126/><U91/><E97/><V119/><F119/><W63/><G105/><T8/><D69/><U51/><E51/><V103/><F68/><W133/><G107/><T66/><D66/><U113/><E113/><V123/><F123/><W0/><G78/><T6/><D46/><U22/><E91/><V9/><F37/><W35/><G35/><T115/><D34/><U27/><E27/><V109/><F109/><W98/><G98/><T95/><D115/><U24/><E24/><V101/><F42/><W54/><G133/><T124/><D124/><U26/><E26/><V83/><F96/><W38/><G38/><T52/><D52/><U17/><E122/><V20/><F104/><W10/><G0/><T5/><REACH who="0" step="1"/><D8/><AGARI ba="1,0" hai="8,12,13,15,17,22,25,28,60,67,71" m="49707" machi="8" ten="30,1000,0" yaku="19,1" doraHai="118" who="1" fromWho="0" sc="230,-13,218,13,292,0,260,0" /><INIT seed="3,0,0,5,5,2" ten="217,231,292,260" oya="3" hai0="84,39,95,105,41,56,63,79,10,23,86,65,60" hai1="75,30,62,121,37,131,77,13,59,112,114,36,133" hai2="28,122,87,113,93,134,16,109,29,128,132,129,47" hai3="103,40,100,127,119,22,19,15,9,98,14,76,44"/><W99/><G119/><T61/><D105/><U73/><E121/><V35/><F113/><W66/><G127/><T55/><D39/><U43/><E131/><N who="2" m="50251" /><F109/><W106/><G66/><T51/><D41/><U33/><E133/><N who="2" m="51307" /><F35/><W118/><G76/><T130/><D130/><U110/><E110/><V90/><F122/><W117/><G99/><T101/><D23/><U6/><E114/><V71/><F71/><W70/><G103/><T123/><D123/><U8/><E112/><V38/><F38/><W120/><G70/><T18/><D79/><U82/><E73/><V20/><F47/><W81/><G81/><T126/><D126/><U89/><E43/><V32/><F32/><W78/><G78/><T5/><D18/><U3/><E89/><V46/><F46/><W48/><G120/><T26/><D26/><AGARI ba="0,0" hai="16,20,26,28,29,87,90,93" m="51307,50251" machi="26" ten="30,3900,0" yaku="19,1,20,1,54,1" doraHai="2" who="2" fromWho="0" sc="217,-39,231,0,292,39,260,0" /><INIT seed="4,0,0,4,1,70" ten="178,231,331,260" oya="0" hai0="59,78,105,81,39,47,77,58,106,66,57,34,5" hai1="87,38,129,122,104,6,1,20,8,40,95,49,126" hai2="4,24,107,64,68,33,113,41,2,52,13,7,30" hai3="114,43,10,26,85,109,35,65,103,97,31,131,111"/><T125/><D34/><U96/><E122/><V61/><F113/><W128/><G114/><T123/><D123/><U28/><E129/><N who="3" m="49738" /><G43/><T121/><D121/><U93/><E126/><V16/><F2/><W110/><G65/><T22/><D5/><U79/><E49/><V69/><F69/><W44/><G44/><T130/><D130/><U80/><E104/><V133/><F133/><W116/><G116/><T89/><D66/><U12/><E96/><V63/><F107/><W118/><G118/><T90/><D125/><U60/><E60/><V75/><F75/><W108/><G85/><T72/><D78/><U120/><E120/><V117/><F117/><W45/><G45/><T99/><D106/><U112/><E112/><V25/><F25/><W135/><G135/><T67/><D67/><U92/><E40/><V76/><F76/><W42/><G42/><T36/><D47/><U17/><REACH who="1" step="1"/><E28/><REACH who="1" ten="178,221,331,260" step="2"/><V29/><F30/><W100/><G97/><T18/><D105/><U124/><E124/><V71/><F41/><W53/><G111/><T98/><D98/><U73/><E73/><V0/><F71/><W127/><G127/><T62/><D62/><U86/><E86/><V94/><F61/><W19/><G110/><T82/><D99/><U37/><AGARI ba="0,1" hai="1,6,8,12,17,20,37,38,79,80,87,92,93,95" machi="37" ten="30,7900,0" yaku="1,1,0,1,52,2,53,0" doraHai="70" doraHaiUra="46" who="1" fromWho="1" sc="178,-39,221,89,331,-20,260,-20" /><INIT seed="5,0,0,1,0,98" ten="139,310,311,240" oya="1" hai0="8,46,94,39,124,43,115,50,61,71,72,74,92" hai1="119,68,51,66,127,101,42,9,128,15,19,126,36" hai2="114,5,118,103,23,100,49,27,77,11,31,104,112" hai3="41,134,17,69,131,40,83,63,26,57,88,76,1"/><U123/><E123/><V33/><F118/><W97/><G69/><T105/><D105/><U106/><E119/><V10/><F104/><W62/><G1/><T28/><D115/><N who="2" m="44074" /><F77/><W34/><G63/><T47/><D124/><N who="1" m="47659" /><E36/><V16/><F49/><W87/><G131/><T95/><D28/><U54/><E42/><V82/><F82/><W129/><G134/><T111/><D111/><U79/><E79/><V30/><F10/><W135/><G135/><T2/><D2/><U60/><E128/><V85/><F85/><W89/><G34/><T65/><REACH who="0" step="1"/><D8/><REACH who="0" ten="129,310,311,240" step="2"/><U84/><E106/><V37/><F31/><W48/><G129/><T108/><D108/><U113/><E113/><V56/><F37/><W45/><G40/><AGARI ba="0,1" hai="39,40,43,46,47,50,61,65,71,72,74,92,94,95" machi="40" ten="40,2600,0" yaku="1,1,53,1" doraHai="98" doraHaiUra="64" who="0" fromWho="3" sc="129,36,310,0,311,0,240,-26" /><INIT seed="6,0,0,4,1,64" ten="165,310,311,214" oya="2" hai0="70,22,1,61,91,126,11,115,78,83,94,3,97" hai1="16,42,0,65,30,23,35,104,60,18,4,86,74" hai2="6,72,123,10,48,66,40,109,129,51,76,75,110" hai3="128,57,55,101,113,32,92,36,79,58,52,95,25"/><V135/><F123/><W125/><G36/><T54/><D115/><U19/><E74/><V90/><F90/><W98/><G113/><T13/><D126/><U7/><E104/><V9/><F129/><W21/><G32/><T28/><D28/><U41/><E35/><V59/><F135/><W107/><G128/><T77/><D22/><U29/><E86/><V130/><F130/><W27/><G125/><T81/><D81/><U26/><E29/><V132/><F132/><W112/><G112/><T99/><D99/><U56/><REACH who="1" step="1"/><E0/><REACH who="1" ten="165,300,311,214" step="2"/><V131/><F131/><W67/><G107/><T68/><D3/><U12/><E12/><V106/><F106/><W49/><G27/><T71/><D1/><U33/><E33/><V73/><F72/><W120/><G120/><T53/><D61/><U69/><E69/><V20/><F73/><W85/><G85/><T2/><D2/><U43/><AGARI ba="0,1" hai="4,7,16,18,19,23,26,30,41,42,43,56,60,65" machi="43" ten="30,7900,0" yaku="1,1,0,1,8,1,54,1,53,0" doraHai="64" doraHaiUra="31" who="1" fromWho="1" sc="165,-20,300,89,311,-39,214,-20" /><INIT seed="7,0,0,1,5,32" ten="145,389,272,194" oya="3" hai0="17,77,124,44,92,113,78,109,35,39,120,26,94" hai1="79,105,61,73,5,103,29,110,28,108,121,42,37" hai2="6,49,111,116,129,58,98,45,57,75,10,123,53" hai3="102,93,118,54,64,95,106,62,131,18,33,20,67"/><W4/><G33/><T99/><D124/><U115/><E115/><V22/><F111/><W69/><G118/><T101/><D109/><U63/><E121/><V38/><F116/><W3/><G131/><T47/><D120/><U125/><E125/><V72/><F129/><W74/><G74/><T16/><D113/><U14/><E105/><V0/><F123/><W81/><G67/><T71/><D71/><U52/><E103/><V8/><F8/><W40/><G40/><T55/><D39/><U65/><E52/><V21/><F98/><W15/><G81/><T34/><D55/><U56/><E63/><V128/><F128/><W88/><G102/><T84/><D101/><U51/><E37/><V135/><F135/><W11/><G106/><T114/><D114/><U60/><E60/><V104/><F104/><W82/><G54/><T50/><D84/><U117/><E79/><V122/><F122/><W36/><G36/><T87/><D87/><U76/><E76/><V2/><F2/><W91/><G82/><T12/><D12/><U66/><E73/><V119/><F119/><W85/><G85/><T43/><D26/><U133/><E66/><V107/><F107/><W132/><G132/><T96/><D43/><U24/><E24/><V80/><F72/><W9/><G20/><N who="2" m="7785" /><F38/><W90/><AGARI ba="0,0" hai="3,4,9,11,15,18,62,64,69,88,90,91,93,95" machi="90" ten="30,6000,0" yaku="0,1,52,1,54,1" doraHai="32" who="3" fromWho="3" sc="145,-20,389,-20,272,-20,194,60" /><INIT seed="7,1,0,4,3,4" ten="125,369,252,254" oya="3" hai0="48,82,37,2,60,93,106,76,58,8,26,92,121" hai1="6,7,53,39,31,54,111,29,119,72,135,55,64" hai2="62,77,83,131,14,10,80,25,34,40,78,44,36" hai3="127,133,85,104,22,122,17,103,71,57,3,20,129"/><W118/><G122/><T15/><D121/><U120/><E120/><V81/><F131/><W65/><G71/><T33/><D106/><U75/><E111/><V43/><F43/><W18/><G3/><T69/><D69/><U84/><E39/><V66/><F25/><W59/><G118/><T0/><D37/><U51/><E135/><V110/><F34/><W113/><G127/><T105/><D105/><U87/><E64/><V134/><F134/><W114/><G85/><T41/><D33/><U49/><E54/><V115/><F115/><W126/><G65/><T46/><D26/><U32/><E32/><V86/><F110/><W90/><G90/><T108/><D0/><U128/><E128/><V23/><F23/><W70/><G103/><T1/><D2/><U56/><E56/><V30/><F30/><W52/><G104/><T45/><D45/><U132/><E132/><V79/><F66/><W5/><G126/><T94/><D1/><U130/><E130/><V96/><F62/><W109/><G129/><T63/><D108/><U9/><E119/><V89/><F96/><W47/><G70/><T124/><D124/><U28/><E28/><V12/><F12/><W99/><G99/><T13/><D13/><U117/><E117/><V24/><F24/><N who="3" m="14351" /><G114/><T11/><D63/><U100/><E100/><V74/><F74/><W125/><G113/><T102/><D102/><U50/><E50/><V27/><F27/><W16/><G125/><T38/><D38/><U116/><E116/><V107/><F107/><W95/><G109/><T21/><D60/><U88/><E75/><RYUUKYOKU ba="1,0" sc="125,-10,369,-10,252,30,254,-10" hai2="10,14,36,40,44,77,78,79,80,81,83,86,89" owari="115,-38.0,359,46.0,282,8.0,244,-16.0" /></mjloggm>