<mjloggm ver="2.3"><GO type="169" lobby="0"/><UN n0="%E3%83%9B%E3%83%BB%E3%82%B8%E3%83%A5%E3%83%B3" n1="%E3%82%8F%E3%81%9F%E5%9D%8A%E2%98%86" n2="%E3%82%84%E3%81%BE%E3%81%AA%E3%81%84%E9%9B%A8" n3="%E5%B0%B1%E6%B4%BB%E7%94%9F%40%E5%B7%9D%E6%9D%91%E8%BB%8D%E5%9B%A3" dan="17,16,16,16" rate="2222.62,2094.91,2084.34,2117.48" sx="M,M,F,M"/><TAIKYOKU oya="0"/><INIT seed="0,0,0,0,3,118" ten="250,250,250,250" oya="0" hai0="108,20,54,77,86,57,92,122,26,22,34,61,51" hai1="74,60,101,66,58,24,97,117,90,29,62,48,23" hai2="78,45,100,133,81,8,75,10,98,125,68,47,134" hai3="39,15,14,69,76,35,110,65,84,37,46,53,106"/><T96/><D122/><U7/><E117/><V135/><F68/><W91/><G35/><T95/><D108/><U111/><E74/><V3/><F125/><W88/><G106/><T50/><D34/><U128/><E111/><V55/><F55/><W30/><G30/><T63/><D63/><U112/><E128/><V94/><F3/><W19/><G14/><T113/><D113/><U103/><E112/><V5/><F5/><W52/><G76/><T41/><D22/><U4/><E48/><V72/><F72/><W2/><G2/><T40/><D51/><U17/><E29/><V67/><F67/><W124/><G124/><T49/><D49/><U64/><E90/><V131/><F131/><W36/><G110/><T129/><D129/><U102/><REACH who="1" step="1"/><E97/><REACH who="1" ten="250,240,250,250" step="2"/><V80/><F47/><W11/><G91/><N who="0" m="53367" /><D50/><U109/><E109/><V119/><F45/><W105/><G39/><T56/><D77/><U31/><E31/><V121/><F119/><W120/><G37/><T38/><D38/><U73/><E73/><V18/><F75/><W104/><G36/><T21/><D41/><U42/><E42/><V16/><F78/><W126/><G126/><T116/><D40/><U107/><E107/><V0/><F134/><W71/><G46/><T70/><D116/><U33/><E33/><V99/><F99/><W93/><G104/><T87/><D96/><U9/><E9/><V25/><F133/><W83/><G105/><T127/><D127/><U12/><E12/><V89/><F98/><W32/><G32/><T1/><D1/><U59/><AGARI ba="0,1" hai="4,7,17,23,24,58,59,60,62,64,66,101,102,103" machi="59" ten="30,7900,0" yaku="1,1,0,1,9,1,8,1,53,0" doraHai="118" doraHaiUra="6" who="1" fromWho="1" sc="250,-39,240,89,250,-20,250,-20" /><INIT seed="1,0,0,4,5,81" ten="211,329,230,230" oya="1" hai0="62,28,43,12,122,23,103,27,8,78,89,94,127" hai1="86,29,95,96,99,70,63,59,100,101,116,2,14" hai2="39,111,106,9,26,97,113,76,53,105,66,55,93" hai3="87,132,82,37,17,107,32,11,1,129,25,46,77"/><U31/><E116/><V10/><F39/><W73/><G107/><T58/><D127/><U50/><E2/><V4/><F66/><W13/><G129/><T6/><D122/><U121/><E121/><V83/><F111/><W135/><G1/><T7/><D43/><U16/><E70/><V71/><F71/><W72/><G46/><T61/><D78/><U130/><E50/><V48/><F26/><W79/><G79/><T3/><D103/><U88/><E130/><V91/><F55/><W19/><G37/><T119/><D119/><U57/><E57/><V22/><F22/><W18/><G32/><T84/><D61/><U112/><E112/><V120/><F120/><W42/><G42/><T69/><D69/><U134/><E134/><N who="3" m="51242" /><G25/><T44/><D44/><U117/><E117/><V54/><F54/><W56/><G56/><T51/><D51/><U41/><E41/><V45/><F113/><W108/><G108/><T85/><D3/><U52/><E100/><V128/><F128/><W40/><G40/><T98/><D7/><AGARI ba="0,0" hai="7,11,13,17,18,19,72,73,77,82,87" m="51242" machi="7" ten="30,2000,0" yaku="20,1,52,1" doraHai="81" who="3" fromWho="0" sc="211,-20,329,0,230,0,230,20" /><INIT seed="2,0,0,4,3,19" ten="191,329,230,250" oya="2" hai0="80,42,72,113,98,84,10,26,130,62,108,43,88" hai1="127,40,25,9,89,101,85,33,133,96,52,22,3" hai2="37,104,124,16,69,112,57,93,18,34,8,54,48" hai3="24,131,51,99,59,86,119,30,12,63,90,92,81"/><V100/><F112/><W114/><G119/><T83/><D113/><U31/><E133/><V115/><F34/><W78/><G114/><T109/><D130/><U135/><E135/><V58/><F69/><W21/><G131/><T20/><D10/><U38/><E127/><V56/><F37/><W47/><G12/><T95/><D72/><U77/><E77/><V11/><F104/><W41/><G59/><N who="2" m="22601" /><F124/><W2/><G2/><T76/><D83/><U97/><E38/><V91/><F100/><W103/><REACH who="3" step="1"/><G63/><REACH who="3" ten="191,329,230,240" step="2"/><T32/><D62/><U50/><E3/><V4/><F115/><W122/><G122/><T35/><D35/><U87/><E25/><V13/><F11/><W28/><G28/><T118/><D32/><U6/><E31/><V68/><F68/><W134/><G134/><T73/><D118/><U74/><E33/><V66/><F66/><W67/><G67/><T14/><D14/><U132/><E9/><V53/><F53/><W94/><G94/><T128/><D128/><U64/><E52/><V44/><F58/><W61/><G61/><T123/><D123/><U121/><E64/><V70/><F70/><W102/><AGARI ba="0,1" hai="21,24,30,41,47,51,78,81,86,90,92,99,102,103" machi="102" ten="30,7900,0" yaku="1,1,0,1,8,1,52,1,53,0" doraHai="19" doraHaiUra="117" who="3" fromWho="3" sc="191,-20,329,-20,230,-39,240,89" /><INIT seed="3,0,0,0,3,71" ten="171,309,191,329" oya="3" hai0="40,41,26,57,4,114,34,67,65,129,102,89,110" hai1="19,64,44,108,13,121,22,38,27,30,14,59,75" hai2="128,11,24,25,50,78,77,32,55,96,56,126,82" hai3="35,117,63,133,87,118,36,86,79,107,92,94,8"/><W84/><G36/><T131/><D102/><U68/><E68/><V53/><F128/><N who="0" m="49226" /><D110/><U99/><E108/><V45/><F126/><W39/><G39/><T33/><D114/><U23/><E121/><V74/><F78/><W29/><G29/><N who="0" m="19639" /><D34/><U73/><E99/><V6/><F96/><W3/><G35/><T134/><D134/><U9/><E59/><V66/><F66/><N who="0" m="25098" /><D4/><U58/><E58/><V103/><F32/><W125/><G63/><T16/><D57/><U95/><E64/><V122/><F122/><W97/><G8/><T76/><D76/><U81/><E95/><N who="3" m="36394" /><G3/><T93/><D16/><U17/><E81/><V12/><F103/><N who="3" m="62959" /><G125/><T104/><D104/><U116/><REACH who="1" step="1"/><E116/><REACH who="1" ten="171,299,191,329" step="2"/><N who="3" m="44650" /><G133/><T43/><D93/><U69/><E69/><V119/><F119/><W91/><G91/><AGARI ba="0,1" hai="40,41,43,89,91" m="25098,19639,49226" machi="91" ten="40,1300,0" yaku="19,1" doraHai="71" who="0" fromWho="3" sc="171,23,299,0,191,0,329,-13" /><INIT seed="4,0,0,0,4,99" ten="194,299,191,316" oya="0" hai0="36,53,73,95,77,65,51,105,35,129,97,126,33" hai1="52,38,135,43,69,61,37,29,58,115,122,131,89" hai2="12,3,123,42,16,132,103,13,50,109,117,72,98" hai3="84,85,4,54,27,26,66,45,78,111,5,60,17"/><T8/><D36/><N who="1" m="13931" /><E29/><V116/><F109/><W92/><G111/><T68/><D105/><U40/><E89/><V134/><F72/><W21/><G27/><T74/><D129/><U19/><E19/><V76/><F76/><W91/><G45/><T0/><D126/><U127/><E122/><V120/><F3/><W18/><G18/><T70/><D0/><U118/><E127/><V114/><F13/><W56/><G66/><T25/><D8/><U46/><E131/><V108/><F108/><W34/><G34/><T22/><D35/><U102/><E102/><V67/><F67/><W47/><G47/><T32/><D33/><U55/><E118/><N who="2" m="45675" /><F42/><N who="1" m="15913" /><E135/><N who="2" m="51755" /><F50/><W100/><G100/><T7/><D32/><U24/><E24/><V71/><F114/><W128/><G128/><T59/><D7/><U39/><E115/><V124/><F71/><W63/><G63/><T82/><D73/><U130/><E130/><V81/><F81/><AGARI ba="0,0" hai="4,5,17,21,26,54,56,60,78,81,84,85,91,92" machi="81" ten="40,1300,0" yaku="8,1" doraHai="99" who="3" fromWho="2" sc="194,0,299,0,191,-13,316,13" /><INIT seed="5,0,0,5,3,27" ten="194,299,178,329" oya="1" hai0="127,45,4,63,65,131,98,35,30,55,18,13,85" hai1="43,26,129,71,107,66,125,86,93,31,88,83,56" hai2="39,2,11,47,103,89,51,46,82,28,123,133,101" hai3="6,12,16,36,19,7,10,1,70,112,20,54,102"/><U25/><E107/><V73/><F123/><W77/><G70/><T59/><D127/><U23/><E71/><V115/><F133/><W21/><G36/><T8/><D131/><U29/><E129/><V100/><F46/><W57/><G112/><T69/><D45/><U134/><E134/><V120/><F120/><W108/><G108/><T87/><D98/><N who="1" m="57639" /><E125/><V95/><F39/><W92/><G77/><T117/><D117/><U44/><E43/><V67/><F67/><W81/><G81/><T50/><REACH who="0" step="1"/><D18/><REACH who="0" ten="184,299,178,329" step="2"/><N who="1" m="12535" /><E44/><V135/><F47/><W79/><G7/><T84/><D84/><U124/><E124/><V109/><F109/><W14/><G102/><T32/><D32/><U17/><E17/><V111/><F111/><W53/><G19/><T116/><D116/><U104/><E104/><V75/><F103/><W106/><G6/><T34/><D34/><U91/><E26/><AGARI ba="0,1" hai="4,8,13,26,30,35,50,55,59,63,65,69,85,87" machi="26" ten="40,5200,0" yaku="1,1,52,1,53,1" doraHai="27" doraHaiUra="52" who="0" fromWho="1" sc="184,62,299,-52,178,0,329,0" /><INIT seed="6,0,0,1,1,61" ten="246,247,178,329" oya="2" hai0="80,131,87,102,132,99,112,98,114,117,70,77,6" hai1="66,13,34,69,5,43,109,37,135,73,26,10,101" hai2="3,129,107,17,119,19,100,113,91,75,46,85,103" hai3="14,121,41,63,83,18,30,67,115,93,47,126,11"/><V29/><F3/><W96/><G121/><T16/><D6/><U1/><E109/><V35/><F119/><W134/><G126/><T15/><D117/><U44/><E135/><V133/><F75/><W8/><G115/><N who="0" m="44075" /><D132/><U56/><E56/><V118/><F118/><W54/><G134/><T31/><D131/><U81/><E101/><V51/><F113/><W122/><G122/><T62/><D31/><N who="1" m="19831" /><E13/><V22/><F133/><W84/><G30/><T58/><D70/><U94/><E94/><V79/><F129/><W72/><G72/><T9/><D102/><U4/><E4/><V7/><F7/><W65/><G11/><T57/><D57/><U97/><E97/><V55/><F107/><W86/><G63/><T116/><D116/><U36/><E36/><V68/><F68/><W128/><G128/><T25/><D25/><U42/><E42/><V89/><F35/><W23/><G8/><T125/><D125/><U88/><E88/><N who="2" m="33867" /><F103/><N who="3" m="60815" /><G41/><T105/><D105/><U52/><E73/><V110/><F100/><W124/><G124/><T40/><D40/><U49/><E81/><N who="2" m="47295" /><F110/><W48/><G84/><T45/><D45/><U33/><E33/><V123/><F123/><W78/><AGARI ba="0,0" hai="14,18,23,47,48,54,65,67,78,83,86" m="60815" machi="78" ten="30,4000,0" yaku="8,1,52,2" doraHai="61" who="3" fromWho="3" sc="246,-10,247,-10,178,-20,329,40" /><INIT seed="7,0,0,5,2,118" ten="236,237,158,369" oya="3" hai0="9,107,110,33,51,47,129,108,86,44,61,63,113" hai1="79,57,105,49,46,14,126,0,24,40,10,103,3" hai2="98,93,30,36,115,68,128,17,117,76,38,60,56" hai3="29,52,116,45,26,125,11,34,78,39,97,96,92"/><W31/><G116/><T83/><D33/><U133/><E133/><V16/><F117/><W88/><G31/><T102/><D129/><U50/><E126/><V135/><F135/><W95/><G78/><T37/><D37/><U7/><E79/><V1/><F128/><W22/><G34/><T122/><D122/><U114/><E114/><V58/><F115/><W69/><G69/><T90/><D113/><U82/><E82/><V67/><F1/><W119/><G125/><T41/><D47/><U19/><E105/><V124/><F124/><W91/><G119/><T66/><D63/><U77/><E77/><V80/><F30/><W5/><G39/><T43/><D43/><U72/><E72/><V54/><F68/><W123/><G123/><T23/><D23/><N who="1" m="13439" /><E0/><V99/><F99/><W120/><G120/><T53/><D41/><U111/><E3/><V112/><F112/><W109/><G109/><T101/><D9/><U74/><E74/><V85/><F38/><W25/><G25/><T73/><D73/><U4/><E111/><V8/><F8/><W81/><G81/><T70/><D102/><U18/><E103/><V48/><REACH who="2" step="1"/><F36/><REACH who="2" ten="236,237,148,369" step="2"/><W84/><G96/><N who="0" m="61863" /><D110/><U127/><E127/><V55/><F55/><AGARI ba="0,1" hai="4,7,10,14,18,40,46,49,50,55,57" m="13439" machi="55" ten="30,1000,0" yaku="8,1" doraHai="118" who="1" fromWho="2" sc="236,0,237,20,148,-10,369,0" owari="236,-16.0,257,6.0,138,-36.0,369,46.0" /></mjloggm>