<mjloggm ver="2.3"><GO type="169" lobby="0"/><UN n0="%E5%B0%B1%E6%B4%BB%E7%94%9F%40%E5%B7%9D%E6%9D%91%E8%BB%8D%E5%9B%A3" n1="%E5%AE%88%E6%9D%91%E6%A1%9C%E5%BC%A5" n2="%75%73%6B%31%31%31%35" n3="%E3%83%AC%E3%83%87%E3%82%B9%E3%83%9E" dan="18,16,16,17" rate="2219.13,2132.35,2157.25,2193.44" sx="M,M,M,M"/><TAIKYOKU oya="0"/><INIT seed="0,0,0,4,4,98" ten="250,250,250,250" oya="0" hai0="32,81,65,75,95,85,127,59,82,0,13,26,125" hai1="133,7,68,106,60,16,70,52,23,11,27,103,135" hai2="100,28,50,21,42,43,36,44,57,4,117,31,14" hai3="1,89,97,34,87,128,79,15,64,6,129,19,55"/><T18/><D0/><U48/><E60/><V124/><F124/><N who="0" m="47690" /><D75/><U5/><E106/><V92/><F117/><W104/><G34/><T67/><D59/><N who="1" m="33159" /><E103/><V25/><F31/><W113/><G113/><T131/><D131/><U111/><E111/><V46/><F57/><W30/><G1/><T74/><D74/><U71/><E11/><V10/><REACH who="2" step="1"/><F92/><REACH who="2" ten="250,250,240,250" step="2"/><W62/><G30/><N who="0" m="19543" /><D95/><U105/><E105/><V8/><F8/><W33/><G104/><T58/><D58/><U116/><E116/><V45/><F45/><W88/><G128/><T22/><D82/><U63/><E63/><V56/><F56/><W72/><G62/><T121/><D121/><U37/><E70/><V54/><F54/><W120/><G55/><T123/><D123/><U53/><E53/><V12/><F12/><W20/><G15/><T94/><D94/><U86/><E71/><V90/><F90/><AGARI ba="0,1" hai="13,18,22,65,67,81,85,90" m="19543,47690" machi="90" ten="30,1500,0" yaku="18,1" doraHai="98" who="0" fromWho="2" sc="250,25,250,0,240,-15,250,0" /><INIT seed="0,1,0,4,5,63" ten="275,250,225,250" oya="0" hai0="13,100,67,14,93,57,17,89,104,20,87,47,56" hai1="97,134,70,74,98,0,42,72,68,64,39,122,54" hai2="119,16,108,79,28,92,21,26,11,126,53,59,101" hai3="116,27,40,117,71,24,12,31,69,86,91,124,129"/><T5/><D104/><U4/><E122/><V18/><F108/><W25/><G31/><T58/><D100/><U82/><E54/><V22/><F126/><W113/><G113/><T99/><D47/><N who="1" m="24031" /><E134/><V107/><F107/><W36/><G124/><T112/><D112/><U19/><E19/><V23/><F119/><W135/><G135/><T9/><REACH who="0" step="1"/><D99/><REACH who="0" ten="265,250,225,250" step="2"/><U105/><E97/><N who="2" m="59559" /><F79/><W85/><G117/><T77/><D77/><U110/><E98/><V103/><F103/><W115/><G116/><T60/><AGARI ba="1,1" hai="5,9,13,14,17,20,56,57,58,60,67,87,89,93" machi="60" ten="30,12000,1" yaku="1,1,0,1,8,1,52,1,53,1" doraHai="63" doraHaiUra="7" who="0" fromWho="0" sc="265,133,250,-41,225,-41,250,-41" /><INIT seed="0,2,0,2,5,79" ten="398,209,184,209" oya="0" hai0="117,125,68,20,45,54,91,126,38,33,134,118,31" hai1="111,3,52,58,81,70,120,97,27,1,95,96,0" hai2="39,61,84,26,76,30,129,47,43,21,46,109,10" hai3="44,22,40,11,127,98,29,60,34,6,104,5,100"/><T71/><D33/><U72/><E120/><V115/><F115/><W48/><G127/><N who="0" m="48651" /><D31/><U105/><E111/><V112/><F112/><W77/><G34/><T131/><D20/><U87/><E72/><V113/><F113/><W14/><G77/><T108/><D91/><U82/><E70/><N who="0" m="26665" /><D131/><U41/><E41/><V18/><F129/><W57/><G22/><T121/><D121/><U114/><E27/><V69/><F109/><W89/><G29/><T67/><D67/><U78/><E105/><V64/><F47/><W12/><G89/><T65/><D65/><U124/><E114/><V4/><F76/><W92/><G104/><T73/><D73/><U88/><E124/><V9/><F84/><W93/><G93/><T119/><D108/><U86/><REACH who="1" step="1"/><E95/><REACH who="1" ten="398,199,184,209" step="2"/><V116/><F116/><W17/><REACH who="3" step="1"/><G12/><REACH who="3" ten="398,199,184,199" step="2"/><T123/><D123/><U50/><AGARI ba="2,2" hai="0,1,3,50,52,58,78,81,82,86,87,88,96,97" machi="50" ten="30,12000,2" yaku="1,1,2,1,0,1,52,2,54,2,53,0" doraHai="79" doraHaiUra="130" who="1" fromWho="1" sc="398,-62,199,146,184,-32,199,-32" /><INIT seed="1,0,0,2,1,92" ten="336,345,152,167" oya="1" hai0="57,96,101,68,52,9,120,127,111,72,102,56,37" hai1="35,131,38,47,40,121,23,45,31,36,12,25,104" hai2="58,46,73,80,1,110,93,105,125,97,8,41,53" hai3="32,82,29,66,69,77,7,118,3,126,62,48,133"/><U22/><E121/><V84/><F125/><W89/><G126/><T114/><D68/><U108/><E131/><V39/><F110/><W27/><G133/><T49/><D114/><U76/><E76/><V106/><F73/><W116/><G89/><T54/><D72/><U16/><E108/><V98/><F1/><W15/><G15/><T81/><D127/><U112/><E104/><V79/><F8/><W51/><G7/><T94/><D37/><U71/><E71/><V13/><F13/><W67/><G67/><T129/><D129/><U63/><E63/><V132/><F132/><W122/><G3/><T113/><D113/><U78/><E78/><V19/><F19/><W117/><REACH who="3" step="1"/><G122/><REACH who="3" ten="336,345,152,157" step="2"/><T24/><D120/><U99/><E112/><V95/><F95/><W20/><G20/><T90/><D111/><U123/><E123/><V74/><F106/><W6/><G6/><T11/><D24/><U42/><E23/><V135/><F105/><W130/><G130/><T18/><D81/><U64/><E64/><V4/><F135/><W87/><AGARI ba="0,1" hai="27,29,32,48,51,62,66,69,77,82,87,116,117,118" machi="87" ten="30,7900,0" yaku="1,1,0,1,12,1,53,1" doraHai="92" doraHaiUra="65" who="3" fromWho="3" sc="336,-20,345,-39,152,-20,157,89" /><INIT seed="2,0,0,0,5,113" ten="316,306,132,246" oya="2" hai0="31,35,45,57,66,38,114,0,116,62,5,53,33" hai1="47,14,95,115,84,96,10,104,87,75,11,13,125" hai2="37,112,44,61,24,59,102,108,56,58,63,4,135" hai3="26,81,18,7,8,80,86,19,41,51,88,30,124"/><V69/><F102/><W40/><G124/><T79/><D114/><U6/><E115/><V21/><F112/><W82/><G41/><T73/><D31/><U121/><E75/><V92/><F135/><W111/><G111/><T100/><D100/><U127/><E121/><V133/><F133/><W101/><G101/><T83/><D53/><U54/><E54/><V110/><F4/><W71/><G71/><T74/><D74/><U90/><E47/><V126/><F92/><W67/><G67/><T94/><D94/><U29/><E29/><V16/><F126/><N who="1" m="48137" /><E104/><V49/><F37/><W109/><G109/><N who="2" m="42089" /><F69/><W106/><G106/><T65/><D65/><U39/><E39/><V42/><AGARI ba="0,0" hai="16,21,24,42,44,49,56,58,59,61,63" m="42089" machi="42" ten="30,6000,0" yaku="14,1,10,1,54,1" doraHai="113" who="2" fromWho="2" sc="316,-20,306,-20,132,60,246,-20" /><INIT seed="2,1,0,4,4,29" ten="296,286,192,226" oya="2" hai0="45,91,52,121,72,123,87,99,57,107,84,113,62" hai1="67,131,7,37,80,28,0,58,36,53,44,108,32" hai2="71,81,49,117,30,94,42,111,15,86,1,55,38" hai3="75,112,127,115,110,35,23,26,100,60,13,90,22"/><V48/><F117/><W78/><G110/><T104/><D72/><U61/><E108/><V76/><F111/><W18/><G100/><T12/><D113/><N who="3" m="43593" /><G127/><T102/><D107/><U19/><E131/><V98/><F1/><W64/><G90/><T97/><D97/><U33/><E28/><V34/><F71/><N who="3" m="42375" /><G35/><T124/><D124/><U17/><E80/><V16/><F38/><W128/><G128/><T4/><D84/><U79/><E37/><V74/><F74/><W11/><G26/><T10/><REACH who="0" step="1"/><D45/><REACH who="0" ten="286,286,192,226" step="2"/><U105/><E105/><V92/><F98/><W77/><G75/><T130/><D130/><U21/><E44/><V8/><F42/><W3/><G78/><T39/><D39/><U65/><E36/><V134/><F134/><W6/><G77/><T116/><D116/><U46/><E79/><V25/><REACH who="2" step="1"/><F48/><REACH who="2" ten="286,286,182,226" step="2"/><W135/><G135/><T133/><D133/><U5/><E0/><V119/><F119/><W41/><G41/><T89/><D89/><U68/><E68/><V103/><F103/><W59/><G3/><T85/><D85/><U88/><E88/><V114/><F114/><W40/><G40/><T20/><D20/><U27/><E21/><V120/><F120/><W101/><G101/><T95/><AGARI ba="1,2" hai="4,10,12,52,57,62,87,91,95,99,102,104,121,123" machi="95" ten="20,5200,0" yaku="1,1,0,1,7,1,54,1,53,0" doraHai="29" doraHaiUra="69" who="0" fromWho="0" sc="286,75,286,-14,182,-27,226,-14" /><INIT seed="3,0,0,2,3,62" ten="361,272,155,212" oya="3" hai0="52,93,56,116,68,23,32,10,92,74,47,123,121" hai1="41,6,35,86,77,115,100,133,89,15,106,112,76" hai2="103,78,127,85,42,22,105,130,5,81,21,73,7" hai3="25,84,83,79,69,33,26,9,109,49,55,19,64"/><W91/><G109/><T27/><D68/><U110/><E35/><V98/><F127/><W31/><G69/><T2/><D32/><U48/><E110/><V28/><F130/><W122/><G122/><T80/><D116/><U87/><E41/><V45/><F73/><W61/><G61/><T36/><D92/><N who="1" m="54327" /><E15/><V13/><F28/><W131/><G131/><T29/><D29/><U107/><E6/><V65/><F65/><W94/><G64/><T117/><D93/><U114/><E48/><V59/><F59/><W113/><G113/><T57/><D57/><U24/><E24/><V54/><F54/><W14/><G26/><T135/><D135/><U129/><E129/><V58/><F58/><W66/><G66/><T4/><D23/><U99/><E133/><V134/><F134/><W82/><REACH who="3" step="1"/><G79/><REACH who="3" ten="361,272,155,202" step="2"/><N who="0" m="44151" /><D27/><U72/><E77/><V104/><F104/><W34/><G34/><T39/><D117/><U102/><E72/><V37/><F13/><W20/><G20/><T101/><D121/><U44/><E114/><V75/><F22/><W108/><G108/><T53/><D123/><U18/><E107/><V17/><F21/><W95/><G95/><T111/><D111/><U46/><E106/><V8/><F75/><W128/><G128/><T60/><D2/><U43/><E115/><V12/><AGARI ba="0,1" hai="5,7,8,12,17,37,42,45,78,81,85,98,103,105" machi="12" ten="30,1100,0" yaku="0,1" doraHai="62" who="2" fromWho="2" sc="361,-3,272,-3,155,21,202,-5" /><INIT seed="4,0,0,0,5,77" ten="358,269,176,197" oya="0" hai0="118,100,13,67,108,34,47,111,74,125,106,33,27" hai1="41,46,130,123,60,70,17,53,129,66,35,44,24" hai2="110,21,127,95,52,15,0,92,16,40,134,79,120" hai3="124,132,48,87,116,39,112,109,73,14,64,28,131"/><T38/><D118/><U82/><E123/><V69/><F120/><W81/><G39/><T86/><D74/><U50/><E17/><V42/><F110/><N who="0" m="42026" /><D125/><U72/><E24/><V55/><F0/><W113/><G109/><T71/><D13/><U88/><E35/><V36/><F69/><W91/><G116/><T96/><D86/><N who="1" m="50263" /><E72/><V117/><F117/><W30/><G124/><T23/><D23/><U99/><E99/><V59/><F127/><W133/><G131/><N who="1" m="50186" /><E44/><V119/><F134/><W103/><G73/><T128/><D128/><U94/><E94/><N who="2" m="35883" /><F36/><W122/><G122/><T19/><D19/><U61/><E61/><N who="2" m="36071" /><F119/><W5/><G133/><T20/><D47/><U6/><E6/><V10/><F79/><W90/><G132/><T85/><D38/><U105/><E105/><V80/><F55/><AGARI ba="0,0" hai="41,46,50,53,55,60,66,70" m="50186,50263" machi="55" ten="30,3900,0" yaku="19,1,52,1,54,1" doraHai="77" who="1" fromWho="2" sc="358,0,269,39,176,-39,197,0" /><INIT seed="5,0,0,0,2,116" ten="358,308,137,197" oya="1" hai0="108,135,37,32,113,91,24,107,15,51,34,4,63" hai1="102,133,134,127,53,128,10,59,54,78,114,65,132" hai2="46,89,0,95,66,13,39,11,75,84,92,6,62" hai3="26,14,80,90,44,81,85,101,61,28,121,126,82"/><U58/><E78/><V130/><F130/><W9/><G126/><T106/><D37/><U21/><E127/><V131/><F131/><W50/><G101/><T33/><D108/><U73/><E73/><V57/><F75/><W97/><G97/><T3/><D3/><U68/><E128/><V29/><F29/><W88/><G61/><T23/><D113/><U105/><E114/><V17/><F39/><W83/><G121/><T70/><D135/><U22/><E102/><V67/><F46/><W76/><G26/><T122/><D122/><U93/><E105/><V60/><F0/><W74/><G28/><T125/><D125/><U2/><E93/><V112/><F112/><W64/><G64/><T52/><D91/><U36/><E36/><V117/><F117/><W27/><G27/><T98/><D98/><U43/><E43/><V124/><F124/><W72/><G72/><T86/><D86/><U38/><E38/><V77/><F77/><W120/><G120/><T49/><D15/><U1/><E65/><V35/><F35/><W94/><G94/><T7/><D7/><N who="1" m="1391" /><E68/><V115/><F115/><W42/><REACH who="3" step="1"/><G74/><REACH who="3" ten="358,308,137,187" step="2"/><T8/><D106/><U5/><E133/><V55/><F95/><W47/><G47/><T119/><D107/><U103/><E103/><V31/><F31/><W25/><G25/><T111/><D119/><U110/><E134/><V19/><REACH who="2" step="1"/><F67/><REACH who="2" ten="358,308,127,187" step="2"/><W30/><G30/><T87/><D32/><U129/><E132/><V100/><F100/><W20/><G20/><T69/><D33/><U56/><E129/><V109/><F109/><W40/><G40/><RYUUKYOKU ba="0,2" sc="358,-15,308,-15,127,15,187,15" hai2="6,11,13,17,19,55,57,60,62,66,84,89,92" hai3="9,14,42,44,50,76,80,81,82,83,85,88,90" /><INIT seed="6,1,2,1,2,107" ten="343,293,142,202" oya="2" hai0="55,9,122,33,25,30,75,84,45,37,67,51,57" hai1="27,93,17,121,129,99,133,131,71,46,19,1,28" hai2="50,94,3,90,52,69,91,83,73,18,114,102,29" hai3="44,31,116,97,56,108,53,10,14,126,85,47,92"/><V120/><F120/><W40/><G108/><T117/><D75/><U20/><E121/><V64/><F3/><W63/><G116/><T124/><D122/><U43/><E71/><V62/><F29/><W59/><G126/><T11/><D124/><U49/><E1/><V7/><F7/><W112/><G112/><T80/><D117/><U78/><E78/><V130/><F130/><N who="1" m="49673" /><E133/><V100/><F114/><W119/><G119/><T23/><D33/><U118/><E118/><V109/><F109/><W4/><G31/><T89/><D37/><U41/><E43/><V24/><F24/><W95/><G40/><T86/><D86/><U13/><E13/><V81/><F18/><W58/><G85/><T12/><D12/><U111/><E111/><V82/><F73/><W22/><G22/><T0/><D0/><U26/><E26/><V110/><F110/><W16/><G4/><T5/><D5/><U21/><E21/><V96/><REACH who="2" step="1"/><F102/><AGARI ba="1,2" hai="17,19,20,27,28,41,46,49,93,99,102" m="49673" machi="102" ten="30,1000,0" yaku="19,1" doraHai="107" who="1" fromWho="2" sc="343,0,293,33,142,-13,202,0" /><INIT seed="7,0,0,3,5,69" ten="343,326,129,202" oya="3" hai0="111,91,97,88,128,104,79,93,116,1,33,37,36" hai1="11,122,63,74,119,47,38,126,92,21,56,118,40" hai2="28,8,81,78,7,107,117,3,70,115,60,57,75" hai3="12,80,18,72,54,52,73,23,94,135,68,24,16"/><W0/><G68/><T13/><D111/><U27/><E122/><V6/><F117/><N who="1" m="44553" /><E92/><V25/><F7/><W99/><G0/><T87/><D1/><U90/><E90/><V114/><F57/><W51/><G135/><T77/><D116/><U121/><E121/><V112/><F107/><W133/><G133/><T85/><D33/><U66/><E11/><V35/><REACH who="2" step="1"/><F60/><REACH who="2" ten="343,326,119,202" step="2"/><W34/><G73/><T131/><D104/><U130/><E74/><V110/><F110/><W45/><G72/><T19/><D128/><U98/><E126/><V9/><F9/><W61/><G61/><T64/><D131/><U129/><E98/><V53/><F53/><W105/><G54/><T82/><D64/><U44/><E44/><V84/><F84/><W46/><G105/><T58/><D58/><U15/><E15/><V124/><F124/><W71/><G99/><T106/><D106/><U26/><E26/><V134/><F134/><W30/><G52/><T50/><D50/><U43/><E43/><V10/><F10/><W95/><G51/><T120/><D120/><U113/><E113/><V31/><F31/><AGARI ba="0,1" hai="21,27,31,38,40,47,56,63,66,129,130" m="44553" machi="31" ten="30,2000,0" yaku="12,1,52,1" doraHai="69" who="1" fromWho="2" sc="343,0,326,30,119,-20,202,0" owari="343,14.0,356,46.0,99,-40.0,202,-20.0" /></mjloggm>