<mjloggm ver="2.3"><GO type="169" lobby="0"/><UN n0="%E3%83%88%E3%83%88%E3%83%AA%E5%85%88%E7%94%9F%31%39%E6%AD%B3" n1="%7A%61%74%74%6F" n2="%E9%A7%84%E5%A6%B9" n3="%E3%81%82%E3%83%BC%E3%81%BF%E3%82%93%E2%98%86" dan="18,16,17,17" rate="2194.67,2082.45,2130.81,2185.71" sx="F,M,F,F"/><TAIKYOKU oya="0"/><INIT seed="0,0,0,3,1,80" ten="250,250,250,250" oya="0" hai0="30,127,97,40,78,108,88,132,66,35,135,20,32" hai1="23,50,77,26,15,92,44,99,111,103,54,38,79" hai2="81,47,29,95,74,67,16,130,104,126,98,106,129" hai3="39,62,122,5,3,60,65,28,12,0,48,59,91"/><T34/><D127/><U68/><E111/><V109/><F109/><W112/><G39/><T43/><D108/><U116/><E68/><V71/><F126/><W42/><G112/><T75/><D66/><U18/><E116/><V31/><F47/><W58/><G28/><N who="2" m="10825" /><F71/><W27/><G27/><N who="0" m="16743" /><D78/><U64/><E64/><V101/><F67/><W76/><G76/><T17/><D17/><U2/><E2/><V125/><F74/><W85/><G122/><T90/><D75/><U120/><E38/><V61/><F61/><W82/><G60/><T110/><D110/><U70/><E70/><V55/><F55/><W46/><REACH who="3" step="1"/><G59/><REACH who="3" ten="250,250,250,240" step="2"/><T121/><D121/><U115/><E115/><V83/><F125/><W131/><G131/><T100/><D34/><U93/><E120/><V57/><F57/><W45/><G45/><T94/><D35/><U119/><E119/><V22/><F130/><W14/><G14/><T56/><D56/><U118/><E118/><V37/><F37/><W53/><G53/><T24/><D24/><U128/><E128/><V19/><F129/><W51/><G51/><T107/><D32/><U8/><REACH who="1" step="1"/><E93/><REACH who="1" ten="250,240,250,240" step="2"/><V73/><F95/><W13/><G13/><T33/><D33/><U49/><E49/><V7/><F106/><W9/><AGARI ba="0,2" hai="0,3,5,9,12,42,46,48,58,62,65,82,85,91" machi="9" ten="30,7900,0" yaku="1,1,0,1,52,1,53,1" doraHai="80" doraHaiUra="6" who="3" fromWho="3" sc="250,-39,240,-20,250,-20,240,99" /><INIT seed="1,0,0,0,5,101" ten="211,220,230,339" oya="1" hai0="18,48,20,2,11,82,17,58,126,55,0,24,9" hai1="91,95,96,85,97,61,25,49,75,35,133,118,115" hai2="36,83,121,64,54,99,93,52,28,109,22,86,87" hai3="12,132,30,72,29,33,71,124,15,68,122,100,3"/><U65/><E118/><V70/><F121/><W37/><G37/><T111/><D111/><U110/><E115/><V62/><F36/><W94/><G72/><T125/><D82/><U127/><E127/><N who="0" m="48649" /><D17/><U32/><E133/><V42/><F42/><W57/><G3/><AGARI ba="0,0" hai="0,2,3,9,11,18,20,24,48,55,58" m="48649" machi="3" ten="30,1000,0" yaku="18,1" doraHai="101" who="0" fromWho="3" sc="211,10,220,0,230,0,339,-10" /><INIT seed="2,0,0,1,3,127" ten="221,220,230,329" oya="2" hai0="9,125,118,56,65,111,22,108,104,1,29,113,51" hai1="19,58,68,70,97,15,74,105,27,73,7,88,126" hai2="100,5,23,45,39,133,40,110,57,35,25,59,14" hai3="48,16,60,134,62,66,17,84,81,44,94,30,33"/><V131/><F133/><W101/><G134/><T75/><D113/><U106/><E126/><V10/><F35/><W42/><G30/><T116/><D104/><U69/><E7/><V47/><F110/><N who="0" m="42026" /><D75/><U54/><E27/><V2/><F2/><W6/><G6/><N who="0" m="1231" /><D125/><U96/><E105/><V85/><F100/><W89/><G33/><T86/><D86/><U82/><E106/><V38/><F85/><W76/><G101/><T107/><D107/><U115/><E115/><V98/><F98/><W3/><G3/><T49/><D65/><U36/><E36/><V11/><F11/><W114/><G114/><T80/><D80/><U20/><E82/><V129/><F45/><W26/><G26/><N who="0" m="16599" /><D56/><U99/><REACH who="1" step="1"/><E88/><REACH who="1" ten="221,210,230,329" step="2"/><V95/><F95/><W55/><G89/><T64/><D118/><U90/><E90/><V46/><F38/><W63/><G94/><T121/><D116/><U91/><E91/><V128/><F47/><W119/><G119/><T122/><D122/><U12/><E12/><V77/><F77/><W103/><G103/><T13/><D121/><U67/><E67/><V71/><F71/><W21/><G66/><T135/><D64/><U52/><E52/><V83/><F83/><W61/><G55/><T28/><D13/><U87/><E87/><V109/><F109/><W123/><G123/><T112/><D135/><U41/><E41/><V53/><F53/><W92/><G92/><T24/><D112/><U117/><E117/><V130/><N who="2" m="32768" /><DORA hai="124" /><V102/><F102/><W78/><N who="3" m="15360" /><DORA hai="31" /><W37/><G37/><T120/><D120/><U79/><E79/><RYUUKYOKU ba="0,1" sc="221,10,210,10,230,10,329,-30" hai0="24,28,49,51" hai1="15,19,20,54,58,68,69,70,73,74,96,97,99" hai2="5,10,14,23,25,39,40,46,57,59" /><INIT seed="2,1,1,0,5,109" ten="231,220,240,299" oya="2" hai0="53,7,78,11,55,21,87,116,3,102,39,80,64" hai1="15,9,96,25,118,50,51,6,16,72,129,41,37" hai2="56,113,36,77,76,91,88,48,121,97,92,74,106" hai3="99,79,35,82,111,122,108,123,12,100,135,27,104"/><V20/><F121/><W93/><G12/><T105/><D39/><U17/><E72/><V71/><F71/><W43/><G43/><T59/><D116/><U75/><E75/><V134/><F36/><W44/><G44/><T117/><D117/><U84/><E118/><V89/><F134/><W101/><G35/><T126/><D126/><U110/><E110/><N who="3" m="42026" /><G27/><T57/><D64/><U103/><E129/><V22/><F113/><W33/><G33/><T124/><D124/><U34/><E37/><V133/><F133/><W2/><G2/><T28/><D102/><U67/><E67/><V90/><F106/><W23/><G23/><N who="2" m="8745" /><F74/><N who="3" m="43383" /><G135/><T119/><D105/><U4/><E41/><V65/><F48/><W19/><G19/><T10/><D10/><U13/><E84/><V132/><F132/><W45/><G45/><T81/><D119/><U61/><E61/><AGARI ba="1,1" hai="56,61,65,76,77,88,89,90,91,92,97" m="8745" machi="61" ten="30,2900,0" yaku="8,1,54,1" doraHai="109" who="2" fromWho="1" sc="231,0,220,-32,240,42,299,0" /><INIT seed="2,2,0,4,2,56" ten="231,188,282,299" oya="2" hai0="124,117,43,42,121,30,126,17,106,74,68,12,97" hai1="66,123,47,6,20,15,91,86,48,35,79,99,36" hai2="77,11,128,21,88,110,127,108,87,135,0,46,125" hai3="49,53,122,100,133,28,22,90,93,2,44,132,129"/><V96/><F128/><W105/><G2/><T24/><D121/><U109/><E35/><V4/><F135/><N who="3" m="51787" /><G122/><T41/><D74/><U27/><E36/><V75/><F96/><W81/><G81/><T72/><D72/><U8/><E109/><N who="2" m="42091" /><F21/><W67/><G105/><T102/><D68/><U32/><E32/><V78/><F46/><W70/><G100/><T18/><D117/><U119/><E119/><V5/><F5/><W104/><G104/><T83/><D83/><U115/><E115/><V112/><F75/><W131/><G28/><T14/><D18/><U7/><E99/><V1/><F1/><W37/><G37/><T51/><D51/><U16/><E66/><V64/><F64/><W103/><G103/><T40/><N who="0" m="10240" /><DORA hai="25" /><T82/><D82/><N who="1" m="47455" /><E91/><V130/><F130/><W55/><G55/><T10/><REACH who="0" step="1"/><D14/><REACH who="0" ten="221,188,282,299" step="2"/><U50/><E123/><V59/><F112/><W54/><G129/><T118/><D118/><U62/><E62/><V111/><F111/><W33/><G131/><T94/><D94/><U120/><E120/><V52/><F77/><W116/><G116/><T26/><D26/><U113/><E113/><V114/><F78/><W63/><G93/><T29/><D29/><N who="1" m="17639" /><E47/><V84/><F114/><W101/><G44/><T92/><D92/><U134/><E134/><V69/><F69/><W107/><G70/><T58/><D58/><U61/><E61/><N who="2" m="36071" /><F88/><W73/><G90/><T71/><D71/><U19/><E19/><V31/><F31/><W76/><G76/><T34/><AGARI ba="2,1" hai="10,12,17,24,30,34,97,102,106,124,126" m="10240" machi="34" ten="40,8000,1" yaku="1,1,0,1,52,1,53,1" doraHai="56,25" doraHaiUra="85,95" who="0" fromWho="0" sc="221,96,188,-22,282,-42,299,-22" /><INIT seed="3,0,0,1,5,89" ten="317,166,240,277" oya="3" hai0="63,52,1,56,69,130,26,41,68,22,48,72,61" hai1="9,109,47,103,76,128,38,25,16,65,21,77,118" hai2="85,18,124,33,127,49,43,62,51,4,102,28,45" hai3="30,116,5,73,66,44,57,58,53,110,60,19,3"/><W0/><G73/><T29/><D72/><U114/><E109/><V132/><F132/><W17/><G116/><T32/><D1/><U6/><E128/><V70/><F4/><W134/><G134/><T120/><D120/><U7/><E114/><V79/><F51/><W74/><G74/><T82/><D130/><U113/><E65/><V39/><F39/><W96/><G30/><T83/><D32/><U81/><E113/><V117/><F117/><W36/><G110/><T67/><D41/><U42/><E103/><V11/><F102/><W99/><G0/><T129/><D129/><U100/><E100/><V40/><F40/><W97/><G36/><T122/><D122/><U31/><E118/><V75/><F75/><W12/><G44/><T46/><REACH who="0" step="1"/><D63/><REACH who="0" ten="307,166,240,277" step="2"/><U133/><E133/><V131/><F131/><W93/><G3/><T95/><D95/><U23/><E81/><AGARI ba="0,1" hai="22,26,29,46,48,52,56,61,67,68,69,81,82,83" machi="81" ten="40,2600,0" yaku="1,1,54,1,53,0" doraHai="89" doraHaiUra="92" who="0" fromWho="1" sc="307,36,166,-26,240,0,277,0" /><INIT seed="4,0,0,0,1,51" ten="343,140,240,277" oya="0" hai0="133,23,83,60,101,17,39,88,62,99,115,59,66" hai1="65,34,14,22,116,120,10,57,95,25,49,5,63" hai2="109,129,0,28,11,97,64,1,134,56,84,85,50" hai3="132,113,121,119,12,86,47,124,91,82,81,52,8"/><T2/><D2/><U42/><E120/><V58/><F109/><W76/><G119/><T32/><D32/><U131/><E131/><V130/><F134/><W93/><G132/><T16/><D39/><U98/><E34/><V69/><F28/><W128/><G128/><T41/><D41/><U92/><E116/><V4/><F69/><W127/><G121/><T105/><D133/><U110/><E110/><V40/><F97/><W26/><G26/><T46/><D46/><U123/><E123/><V54/><F0/><W107/><G107/><T21/><D115/><U117/><E117/><V80/><F85/><W73/><G93/><N who="0" m="58607" /><D62/><U67/><E67/><V38/><F38/><W44/><G44/><T45/><D45/><U37/><E37/><V13/><F40/><W9/><G113/><T30/><D105/><U118/><E118/><V20/><F64/><W48/><REACH who="3" step="1"/><G8/><REACH who="3" ten="343,140,240,267" step="2"/><T6/><D23/><U89/><E95/><V33/><F33/><W35/><G35/><T31/><D31/><U111/><E111/><V71/><F20/><W29/><G29/><T72/><D30/><N who="1" m="17719" /><E42/><V19/><F130/><W68/><G68/><T103/><D21/><U114/><E114/><V75/><F71/><W70/><G70/><T36/><D36/><U90/><E90/><V135/><F135/><W100/><G100/><T27/><D103/><U126/><E126/><V122/><F129/><W108/><G108/><T61/><D88/><U43/><E43/><V104/><F122/><W78/><G78/><T79/><D79/><U18/><E5/><AGARI ba="0,1" hai="5,9,12,47,48,52,73,76,81,82,86,91,124,127" machi="5" ten="40,8000,1" yaku="1,1,52,1,54,1,53,1" doraHai="51" doraHaiUra="87" who="3" fromWho="1" sc="343,0,140,-80,240,0,267,90" /><INIT seed="5,0,0,2,5,69" ten="343,60,240,357" oya="1" hai0="74,61,43,93,0,41,95,68,27,78,40,54,14" hai1="31,97,130,50,26,117,21,53,37,11,47,7,36" hai2="58,52,83,121,82,19,18,79,55,3,80,33,134" hai3="92,118,56,99,16,29,128,87,45,10,70,89,5"/><U98/><E117/><V106/><F121/><W129/><G70/><T108/><D108/><U63/><E130/><N who="3" m="50282" /><G29/><T22/><D0/><U135/><E135/><V100/><F134/><W75/><G75/><T96/><D74/><U77/><E77/><V4/><F33/><W86/><G118/><T35/><D35/><U17/><E63/><V81/><F55/><W57/><G45/><T127/><D78/><U111/><E111/><V8/><F106/><W110/><G16/><N who="0" m="12743" /><D68/><U6/><E6/><V101/><F18/><W71/><G71/><T107/><D107/><U76/><E76/><V102/><F19/><W65/><G110/><T44/><D127/><U124/><E124/><V115/><F115/><W125/><G125/><T73/><D73/><U25/><E97/><V30/><F30/><W131/><G131/><T15/><D93/><U13/><REACH who="1" step="1"/><E98/><REACH who="1" ten="343,50,240,357" step="2"/><V51/><N who="2" m="20480" /><DORA hai="132" /><V133/><F79/><W88/><G99/><T120/><D61/><U109/><E109/><V23/><F133/><W116/><G116/><T114/><D114/><U90/><E90/><V85/><F85/><W123/><G89/><T113/><D113/><U59/><E59/><V94/><F102/><W46/><G57/><T119/><D119/><U91/><E91/><V12/><F101/><W84/><G87/><T112/><D112/><U28/><E28/><V126/><F126/><W122/><G86/><T1/><D96/><U20/><AGARI ba="0,1" hai="7,11,13,17,20,21,25,26,31,36,37,47,50,53" machi="20" ten="20,12000,1" yaku="1,1,0,1,7,1,52,2,53,0" doraHai="69,132" doraHaiUra="32,34" who="1" fromWho="1" sc="343,-40,50,130,240,-40,357,-40" /><INIT seed="5,1,0,1,4,31" ten="303,180,200,317" oya="1" hai0="114,40,93,104,131,102,106,98,112,29,82,52,45" hai1="109,134,59,79,83,117,34,36,12,89,46,113,1" hai2="85,61,10,66,76,9,68,57,49,105,94,38,87" hai3="23,111,80,50,13,54,14,63,135,64,27,70,74"/><U115/><E117/><V99/><F38/><W132/><G111/><T48/><D131/><U6/><E109/><V110/><F110/><W35/><G80/><T84/><D40/><N who="1" m="22791" /><E89/><V125/><F105/><W119/><G74/><T26/><D106/><U65/><E12/><V77/><F125/><W129/><G129/><T3/><D3/><U81/><E134/><N who="3" m="51242" /><G35/><T39/><D104/><U75/><E81/><V19/><F49/><W69/><G69/><T120/><D120/><U32/><E59/><V133/><F68/><W55/><G119/><T78/><REACH who="0" step="1"/><D39/><REACH who="0" ten="293,180,200,317" step="2"/><U25/><E65/><V126/><F133/><W124/><G55/><T73/><D73/><U7/><E7/><V107/><F107/><W95/><G54/><T122/><D122/><U44/><E44/><V5/><F66/><W21/><G64/><T24/><D24/><U2/><E25/><V92/><F126/><W128/><G27/><T62/><D62/><U11/><E2/><V108/><F61/><W116/><G124/><T51/><D51/><U101/><E101/><V15/><F108/><W53/><G116/><T43/><D43/><U118/><E118/><V30/><F15/><W130/><G128/><T28/><D28/><U8/><E8/><V33/><F30/><W4/><G130/><T22/><AGARI ba="1,1" hai="22,26,29,45,48,52,78,82,84,93,98,102,112,114" machi="22" ten="30,4000,0" yaku="1,1,0,1,54,1,53,0" doraHai="31" doraHaiUra="123" who="0" fromWho="0" sc="293,53,180,-21,200,-11,317,-11" /><INIT seed="6,0,0,1,2,109" ten="346,159,189,306" oya="2" hai0="88,41,100,94,59,16,5,23,76,56,97,81,113" hai1="46,103,38,20,85,63,92,6,121,51,42,34,31" hai2="12,19,50,86,117,48,82,14,43,66,123,25,44" hai3="29,40,99,47,80,30,124,119,78,79,60,125,91"/><V126/><F117/><W27/><G119/><T106/><D113/><U9/><E34/><V18/><F123/><W62/><G99/><T52/><D41/><U68/><E121/><V17/><F126/><N who="3" m="48747" /><G91/><T13/><D5/><U104/><E104/><V45/><F25/><W71/><G71/><T36/><D36/><U58/><E68/><V130/><F66/><W39/><G79/><T111/><D111/><U54/><E31/><N who="3" m="11786" /><G27/><T87/><REACH who="0" step="1"/><D52/><REACH who="0" ten="336,159,189,306" step="2"/><U90/><E38/><V112/><F112/><W26/><G40/><T120/><D120/><U122/><E122/><V1/><F1/><W49/><G39/><T93/><D93/><U118/><E118/><V107/><F107/><W8/><G62/><T101/><D101/><U131/><E103/><V114/><F114/><W70/><G60/><T33/><D33/><U28/><E131/><V128/><F128/><W89/><G49/><T2/><D2/><U35/><E35/><V75/><F130/><W73/><G47/><T77/><D77/><U134/><E134/><V7/><F7/><W37/><G37/><T22/><D22/><U0/><E20/><V83/><F48/><W32/><G32/><T108/><D108/><U98/><E28/><V4/><F45/><W95/><G95/><T84/><AGARI ba="0,1" hai="13,16,23,56,59,76,81,84,87,88,94,97,100,106" machi="84" ten="20,8000,1" yaku="1,1,0,1,7,1,54,2,53,0" doraHai="109" doraHaiUra="21" who="0" fromWho="0" sc="336,90,159,-20,189,-40,306,-20" /><INIT seed="7,0,0,3,0,57" ten="426,139,149,286" oya="3" hai0="123,89,114,83,75,129,23,95,51,8,90,100,29" hai1="55,122,27,44,125,67,34,0,12,4,117,38,10" hai2="111,18,35,134,48,68,49,84,11,98,53,19,91" hai3="99,50,71,113,120,3,110,124,79,92,28,128,52"/><W58/><G120/><T6/><D123/><U130/><E125/><V112/><F111/><W135/><G124/><T73/><D100/><U40/><E122/><V25/><F68/><W24/><G110/><T104/><D104/><U17/><E130/><V127/><F127/><W106/><G128/><T33/><D33/><U30/><E67/><V96/><F112/><W14/><G3/><T61/><D129/><U26/><E26/><V7/><F48/><W69/><G113/><T109/><D109/><U70/><E117/><V93/><F134/><W119/><G135/><T5/><D114/><U87/><E70/><V20/><F18/><W43/><G106/><T88/><D51/><U31/><E31/><V97/><F35/><W39/><G119/><T76/><D75/><U85/><E55/><V64/><F64/><W81/><G14/><T121/><D121/><U80/><E80/><V74/><F74/><W45/><G92/><T82/><D89/><U41/><E40/><V60/><F60/><W107/><G99/><T132/><D8/><AGARI ba="0,0" hai="0,4,8,10,12,17,27,30,34,38,41,44,85,87" machi="8" ten="30,1000,0" yaku="7,1" doraHai="57" who="1" fromWho="0" sc="426,-10,139,10,149,0,286,0" owari="416,51.0,149,-25.0,149,-35.0,286,9.0" /></mjloggm>