<mjloggm ver="2.3"><GO type="169" lobby="0"/><UN n0="%E3%81%92%E3%81%A3%E3%81%A1" n1="%E3%82%A6%E3%83%AB%E3%83%88%E3%83%A9%E7%AB%8B%E7%9B%B4" n2="%E3%82%82%E3%83%BC%E3%82%8A%E3%83%BC" n3="%28%E3%81%A3%27%E3%83%AE%27%63%29" dan="16,17,16,17" rate="2143.81,2159.12,2097.30,2179.08" sx="M,M,M,F"/><TAIKYOKU oya="0"/><INIT seed="0,0,0,1,1,42" ten="250,250,250,250" oya="0" hai0="1,99,8,22,70,53,73,87,28,20,29,32,13" hai1="127,85,90,26,15,21,76,60,119,0,79,48,108" hai2="103,111,83,68,77,118,133,102,61,47,71,128,72" hai3="120,130,113,91,43,117,67,14,112,75,4,49,109"/><T78/><D73/><U131/><E0/><V110/><F128/><W121/><G75/><T33/><D70/><U25/><E119/><V64/><F133/><W80/><G80/><T59/><D1/><U107/><E107/><V56/><F118/><W44/><G91/><T93/><D33/><U69/><E69/><V114/><F114/><W74/><G74/><T39/><D39/><U123/><E60/><V41/><F71/><W62/><G14/><T100/><D32/><U10/><E108/><N who="2" m="41515" /><F68/><N who="3" m="42103" /><G4/><T24/><D87/><U124/><E48/><AGARI ba="0,0" hai="41,47,48,56,61,64,72,77,83,102,103" m="41515" machi="48" ten="30,2000,0" yaku="14,1,52,1" doraHai="42" who="2" fromWho="1" sc="250,0,250,-20,250,20,250,0" /><INIT seed="1,0,0,2,4,93" ten="250,230,270,250" oya="1" hai0="84,129,58,13,133,80,4,113,87,128,86,111,62" hai1="124,60,119,27,89,96,106,114,31,74,45,63,117" hai2="26,118,72,29,135,21,42,12,112,92,116,132,79" hai3="100,64,46,23,57,68,49,19,108,126,90,83,130"/><U14/><E114/><V34/><F42/><W91/><G108/><T82/><D111/><U40/><E74/><V73/><F112/><W54/><G126/><T67/><D113/><U53/><E124/><V8/><F79/><W123/><G123/><T59/><D133/><N who="2" m="51274" /><F92/><W78/><G68/><T56/><D4/><U5/><E14/><V3/><F73/><W1/><G1/><T107/><D107/><U105/><E5/><N who="2" m="1087" /><F72/><W76/><G100/><T24/><D13/><U7/><E7/><V9/><F9/><W20/><G130/><N who="0" m="50283" /><D24/><U10/><E10/><V11/><F11/><W51/><G76/><T2/><D2/><U37/><E106/><V33/><F33/><W15/><G23/><T98/><D98/><U17/><E17/><AGARI ba="0,0" hai="12,17,21,26,29,34,116,118" m="1087,51274" machi="17" ten="30,7700,0" yaku="24,1,20,1,34,2" doraHai="93" who="2" fromWho="1" sc="250,0,230,-77,270,77,250,0" /><INIT seed="2,0,0,4,1,42" ten="250,153,347,250" oya="2" hai0="50,37,60,91,90,61,85,116,26,78,9,133,120" hai1="17,75,126,39,58,101,127,67,97,73,4,1,62" hai2="118,110,112,74,22,108,119,81,88,36,87,14,49" hai3="68,35,121,55,29,71,95,128,3,30,24,83,20"/><V56/><F36/><W113/><G121/><T132/><D37/><U65/><E39/><V52/><F112/><W53/><G3/><T59/><D120/><U80/><E4/><V18/><REACH who="2" step="1"/><F74/><REACH who="2" ten="250,153,337,250" step="2"/><W107/><G113/><T134/><D134/><U105/><E75/><V99/><F99/><W41/><G128/><T84/><D133/><U51/><E73/><V125/><F125/><W48/><G71/><T93/><D132/><U33/><E127/><V131/><F131/><W34/><G68/><T10/><D116/><AGARI ba="0,1" hai="14,18,22,49,52,56,81,87,88,108,110,116,118,119" machi="116" ten="40,7700,0" yaku="1,1,54,2,53,0" doraHai="42" doraHaiUra="72" who="2" fromWho="0" sc="250,-77,153,0,337,87,250,0" /><INIT seed="2,1,0,0,0,104" ten="173,153,424,250" oya="2" hai0="51,86,135,94,4,115,52,6,10,63,34,89,8" hai1="126,12,59,60,106,36,111,68,7,134,105,21,23" hai2="11,74,119,109,9,44,40,129,20,65,2,26,120" hai3="14,97,25,114,28,85,83,29,87,16,15,69,125"/><V116/><F120/><W123/><G123/><T48/><D34/><U113/><E68/><V107/><F107/><W128/><G69/><T96/><D115/><U32/><E32/><V24/><F65/><W127/><G114/><T76/><D135/><U122/><E59/><V73/><F129/><W18/><G97/><T110/><D110/><U121/><E60/><V54/><F54/><W49/><G49/><T30/><D30/><U50/><E50/><V124/><F124/><W102/><G102/><T103/><D76/><U13/><E7/><N who="0" m="2601" /><D63/><U62/><E62/><V35/><F35/><W1/><G83/><N who="0" m="49375" /><D48/><U81/><E81/><V75/><F109/><W78/><G78/><T38/><D38/><U45/><E113/><V57/><F57/><AGARI ba="1,0" hai="8,10,51,52,57,94,96,103" m="49375,2601" machi="57" ten="30,2000,0" yaku="8,1,54,1" doraHai="104" who="0" fromWho="2" sc="173,23,153,0,424,-23,250,0" /><INIT seed="3,0,0,3,4,80" ten="196,153,401,250" oya="3" hai0="119,75,129,53,131,134,11,87,73,13,8,40,33" hai1="91,2,59,57,104,29,77,51,96,67,93,88,37" hai2="115,43,52,120,34,85,17,117,31,39,25,10,116" hai3="98,83,24,63,76,123,20,118,103,0,109,132,21"/><W38/><G118/><T114/><D119/><U26/><E37/><V84/><F115/><W99/><G123/><T23/><D33/><U28/><E2/><V79/><F120/><W56/><G0/><T95/><D114/><U47/><E104/><V81/><F39/><W50/><G38/><T110/><D40/><U62/><E77/><V112/><F43/><W113/><G113/><T7/><D23/><U130/><E130/><N who="0" m="49673" /><D110/><U27/><E59/><V22/><F10/><W19/><G132/><T54/><D11/><U101/><E27/><V58/><F112/><W15/><G50/><T108/><D108/><U100/><E100/><V49/><REACH who="2" step="1"/><F85/><REACH who="2" ten="196,153,391,250" step="2"/><W36/><G36/><T18/><D134/><U68/><E68/><V4/><F4/><W78/><G109/><T92/><D7/><U105/><E105/><V46/><F46/><W30/><G103/><T55/><D87/><U135/><E135/><V89/><F89/><W133/><G133/><T42/><D42/><U12/><E91/><V122/><F122/><W5/><G5/><T9/><D9/><U32/><E101/><V127/><F127/><W16/><G76/><T65/><D75/><U41/><E41/><V71/><F71/><W6/><G6/><T72/><D73/><U86/><E47/><V35/><F35/><W107/><G78/><T3/><D72/><U102/><E32/><V90/><F90/><W14/><G56/><T1/><D1/><U74/><E57/><V44/><F44/><W128/><G128/><T94/><D3/><U70/><E102/><V126/><F126/><W106/><G106/><RYUUKYOKU ba="0,1" sc="196,15,153,-15,391,15,250,-15" hai0="8,13,18,53,54,55,65,92,94,95" hai2="17,22,25,31,34,49,52,58,79,81,84,116,117" /><INIT seed="4,1,1,3,2,43" ten="211,138,406,235" oya="0" hai0="18,94,22,78,9,133,83,34,103,88,36,67,81" hai1="100,129,52,50,90,56,114,79,11,0,20,110,48" hai2="127,107,33,68,73,116,60,91,49,30,45,85,17" hai3="58,47,41,14,44,32,130,93,23,82,10,132,61"/><T121/><D34/><U120/><E120/><V26/><F73/><W8/><G32/><T4/><D103/><U84/><E110/><V13/><F107/><W27/><G132/><T101/><D101/><U99/><E129/><V122/><F122/><W63/><G130/><T54/><D121/><U31/><E79/><V109/><F127/><W113/><G113/><T35/><D35/><U40/><E114/><V66/><F116/><W24/><G82/><T108/><D36/><U70/><E70/><V21/><F109/><W39/><G93/><T118/><D118/><U86/><E11/><V105/><F105/><W134/><G134/><T77/><D67/><U19/><E31/><V115/><F115/><W42/><G23/><T46/><D108/><U117/><E0/><V95/><F49/><W123/><G123/><T64/><D64/><U104/><E90/><V65/><F65/><W25/><G58/><T112/><D112/><U55/><E40/><N who="3" m="15466" /><G39/><T124/><D124/><U98/><E98/><V74/><F74/><W38/><G8/><T69/><D69/><U135/><E135/><V72/><F72/><W106/><G106/><T92/><D92/><U97/><E97/><V59/><F68/><W126/><G38/><T128/><D128/><U76/><E76/><V37/><F37/><W75/><G75/><T3/><D78/><U2/><E2/><V1/><F1/><W125/><G125/><T87/><D77/><U7/><E117/><V16/><F17/><N who="3" m="8407" /><G126/><T119/><D119/><U12/><E7/><V57/><F57/><AGARI ba="1,1" hai="12,19,20,48,50,52,55,56,57,84,86,99,100,104" machi="57" ten="30,3900,0" yaku="7,1,9,1,54,1" doraHai="43" who="1" fromWho="2" sc="211,0,138,52,406,-42,235,0" /><INIT seed="5,0,0,0,2,19" ten="211,190,364,235" oya="1" hai0="121,104,84,54,45,118,134,123,22,111,113,46,122" hai1="72,33,18,88,3,92,11,49,87,20,40,95,47" hai2="36,10,89,26,93,96,50,107,114,112,110,102,119" hai3="64,15,133,75,79,24,71,67,60,51,115,129,6"/><U59/><E33/><V2/><F36/><W127/><G115/><N who="2" m="44073" /><F110/><W44/><G127/><T108/><D113/><U132/><E72/><V14/><F119/><W76/><G133/><T25/><D104/><U117/><E132/><V81/><F2/><W13/><G129/><T128/><D118/><U124/><E124/><V78/><F26/><W28/><G67/><T38/><D128/><U105/><E105/><V9/><F50/><W98/><G75/><T131/><D131/><U34/><E34/><V120/><F14/><W90/><G76/><T52/><D84/><U99/><E117/><V30/><F30/><W101/><G90/><T48/><D134/><U65/><E3/><V85/><F120/><W55/><G79/><T97/><D97/><AGARI ba="0,0" hai="9,10,78,81,85,89,93,96,97,102,107" m="44073" machi="97" ten="30,2000,0" yaku="15,1,11,1" doraHai="19" who="2" fromWho="0" sc="211,-20,190,0,364,20,235,0" /><INIT seed="6,0,0,2,0,132" ten="191,190,384,235" oya="2" hai0="22,7,29,39,8,96,94,79,101,81,13,25,133" hai1="121,26,65,124,112,20,2,58,107,100,51,21,89" hai2="91,103,60,119,117,110,118,15,57,66,46,127,120" hai3="126,74,93,5,12,85,56,134,80,49,84,50,23"/><V122/><F103/><W4/><G74/><T59/><D39/><U99/><E2/><V52/><F91/><N who="3" m="53487" /><G126/><T33/><D133/><U34/><E112/><V48/><F15/><W111/><G111/><T73/><REACH who="0" step="1"/><D59/><REACH who="0" ten="181,190,384,235" step="2"/><U76/><E58/><N who="2" m="37143" /><F110/><W45/><G134/><T32/><AGARI ba="0,1" hai="7,8,13,22,25,29,32,33,73,79,81,94,96,101" machi="32" ten="30,2000,0" yaku="1,1,0,1,53,0" doraHai="132" doraHaiUra="102" who="0" fromWho="0" sc="181,30,190,-5,384,-10,235,-5" /><INIT seed="7,0,0,0,5,104" ten="211,185,374,230" oya="3" hai0="15,16,35,64,86,97,81,4,79,98,17,113,51" hai1="14,78,85,28,39,80,27,128,75,21,61,124,24" hai2="101,8,118,126,109,45,5,54,10,42,19,23,25" hai3="127,135,95,84,99,29,100,56,48,133,115,53,58"/><W1/><G1/><T11/><D35/><U70/><E128/><V107/><F109/><W43/><G115/><T18/><D113/><U13/><E124/><V57/><F126/><W66/><G127/><T46/><D64/><U71/><E39/><V94/><F107/><W74/><G43/><AGARI ba="0,0" hai="4,11,15,16,17,18,43,46,51,79,81,86,97,98" machi="43" ten="40,8000,1" yaku="25,2,8,1,54,1" doraHai="104" who="0" fromWho="3" sc="211,80,185,0,374,0,230,-80" owari="291,9.0,185,-21.0,374,47.0,150,-35.0" /></mjloggm>