<mjloggm ver="2.3"><GO type="169" lobby="0"/><UN n0="%E3%83%95%E3%83%AA%E3%83%86%E3%83%B3" n1="%E2%80%A0%73%74%72%61%77%E2%80%A0" n2="%E3%82%A6%E3%83%AB%E3%83%88%E3%83%A9%E7%AB%8B%E7%9B%B4" n3="%6B%6F%6A%69%6D%6F%6E%39" dan="18,16,18,16" rate="2153.74,2176.91,2190.28,2055.88" sx="M,M,M,M"/><TAIKYOKU oya="0"/><INIT seed="0,0,0,5,1,42" ten="250,250,250,250" oya="0" hai0="115,10,118,48,112,71,25,110,70,9,2,21,97" hai1="14,75,28,23,56,132,55,123,69,113,109,29,61" hai2="62,8,47,122,60,57,100,39,50,104,99,30,93" hai3="4,84,87,5,49,3,86,31,111,16,81,32,134"/><T126/><D118/><U89/><E123/><V106/><F122/><W125/><G134/><T17/><D126/><U76/><E132/><V6/><F39/><W45/><G111/><T103/><D110/><U114/><E109/><V63/><F30/><W43/><G125/><T20/><D10/><U66/><E89/><V67/><F104/><W131/><G131/><T44/><D2/><U37/><E37/><V101/><F101/><W130/><G130/><T116/><D116/><U73/><E14/><V135/><F106/><W33/><G32/><T74/><D74/><N who="1" m="28171" /><E76/><V7/><F7/><N who="3" m="2635" /><G31/><T120/><D9/><U64/><E23/><V51/><F51/><W59/><G59/><T53/><D120/><U92/><E92/><V72/><F72/><W58/><G58/><T107/><REACH who="0" step="1"/><D21/><REACH who="0" ten="240,250,250,250" step="2"/><U121/><E121/><V117/><F117/><W77/><G3/><T11/><D11/><U13/><E114/><AGARI ba="0,1" hai="17,20,25,44,48,53,70,71,97,103,107,112,114,115" machi="114" ten="40,3900,0" yaku="1,1,52,1,53,0" doraHai="42" doraHaiUra="119" who="0" fromWho="1" sc="240,49,250,-39,250,0,250,0" /><INIT seed="0,1,0,2,1,34" ten="289,211,250,250" oya="0" hai0="33,111,94,59,79,112,108,69,65,118,110,99,42" hai1="116,70,89,127,81,40,95,37,83,47,16,26,27" hai2="98,2,49,3,88,100,38,5,124,23,131,60,58" hai3="41,63,78,0,72,119,71,46,56,62,106,114,91"/><T51/><D33/><U21/><E116/><V84/><F38/><W130/><G106/><T29/><D29/><U9/><E70/><V135/><F49/><W57/><G78/><T125/><D118/><U11/><E127/><V73/><F73/><W44/><G72/><T32/><D32/><U87/><REACH who="1" step="1"/><E27/><REACH who="1" ten="289,201,250,250" step="2"/><V68/><F68/><W45/><G71/><T77/><D125/><U85/><E85/><V25/><F124/><W90/><G119/><T67/><D69/><U6/><E6/><V86/><F86/><W96/><G114/><T103/><D112/><U55/><E55/><V76/><F5/><W80/><G41/><T104/><D42/><U64/><E64/><N who="0" m="24649" /><D104/><U28/><E28/><V107/><F135/><W122/><G122/><T52/><AGARI ba="1,1" hai="51,52,59,77,79,94,99,103,108,110,111" m="24649" machi="52" ten="40,7800,0" yaku="14,1,10,1,54,1" doraHai="34" who="0" fromWho="0" sc="289,91,201,-27,250,-27,250,-27" /><INIT seed="0,2,0,0,5,109" ten="380,174,223,223" oya="0" hai0="95,28,116,27,2,104,0,17,81,128,127,87,120" hai1="99,43,97,110,54,113,30,58,117,1,15,105,19" hai2="80,101,90,39,25,61,63,126,82,45,36,60,18" hai3="59,56,133,74,10,40,49,24,68,98,94,103,88"/><T118/><D104/><U107/><E117/><V132/><F101/><W21/><G68/><T3/><D95/><U83/><E1/><V42/><F126/><W37/><G37/><T6/><D87/><U130/><E110/><V4/><F132/><W51/><G74/><T70/><D81/><U11/><E130/><V134/><F134/><W125/><G125/><T85/><D85/><U72/><E43/><V131/><F131/><W121/><G121/><T52/><D52/><U7/><E30/><V34/><F4/><W115/><G133/><T124/><D70/><U84/><E72/><V23/><F34/><W129/><G129/><T8/><D128/><U106/><E7/><V44/><F90/><W66/><G40/><AGARI ba="2,0" hai="18,23,25,36,39,40,42,44,45,60,61,63,80,82" machi="40" ten="40,1300,0" yaku="9,1" doraHai="109" who="2" fromWho="3" sc="380,0,174,0,223,19,223,-19" /><INIT seed="1,0,0,1,4,126" ten="380,174,242,204" oya="1" hai0="85,86,15,131,35,64,113,101,56,128,17,11,34" hai1="129,84,42,90,51,105,70,78,46,6,92,55,14" hai2="82,22,62,10,30,125,102,69,104,28,133,111,122" hai3="87,97,74,33,61,121,48,119,53,107,109,76,7"/><U49/><E105/><V120/><F62/><W37/><G33/><T130/><D113/><U60/><E78/><V24/><F82/><W112/><G74/><T71/><D71/><U73/><E73/><V88/><F88/><W106/><G37/><T29/><D101/><U39/><E129/><V41/><F41/><W118/><G7/><T91/><D29/><U40/><E40/><V23/><F102/><W3/><G3/><T66/><D85/><U2/><E2/><V81/><F81/><N who="3" m="47527" /><G112/><T94/><D56/><U77/><E77/><V38/><F38/><W72/><G72/><T95/><D95/><U19/><E6/><V75/><F75/><W13/><G97/><T50/><D50/><U83/><E83/><V0/><F69/><W20/><G61/><T96/><D96/><U5/><E5/><N who="2" m="1319" /><F104/><W4/><G121/><T135/><D135/><U58/><REACH who="1" step="1"/><E70/><REACH who="1" ten="380,164,242,204" step="2"/><V16/><F133/><W1/><G107/><T127/><D127/><U12/><E12/><N who="2" m="9479" /><F125/><W31/><G106/><T47/><D128/><U110/><E110/><V108/><F30/><W65/><G31/><T18/><D130/><U117/><E117/><V67/><F67/><W27/><G109/><AGARI ba="0,1" hai="23,24,28,108,109,111,120,122" m="9479,1319" machi="109" ten="30,7700,0" yaku="14,1,34,2,54,1" doraHai="126" who="2" fromWho="3" sc="380,0,164,0,242,87,204,-77" /><INIT seed="2,0,0,2,0,22" ten="380,164,329,127" oya="2" hai0="123,34,40,35,110,16,105,23,77,101,130,132,51" hai1="127,97,7,99,9,19,20,94,13,96,93,109,117" hai2="69,134,44,5,124,4,129,60,50,42,68,90,17" hai3="83,41,26,126,59,98,8,111,79,48,21,71,133"/><V27/><F124/><W73/><G126/><T103/><D123/><U64/><E117/><V38/><F129/><W47/><G73/><T37/><D37/><U121/><E109/><V131/><F131/><W3/><G71/><T45/><D130/><U2/><E127/><V74/><F74/><W89/><G111/><T84/><D110/><U56/><E121/><V85/><F134/><W70/><G133/><T57/><D132/><U100/><E94/><V115/><F115/><W104/><G70/><T36/><D77/><U24/><REACH who="1" step="1"/><E2/><REACH who="1" ten="380,154,329,127" step="2"/><V102/><F102/><N who="3" m="62551" /><G3/><T14/><D101/><U87/><E87/><V43/><F69/><W11/><G83/><T6/><D84/><U80/><E80/><V95/><F68/><W29/><G79/><T112/><D112/><U66/><E66/><V113/><F113/><W0/><G0/><T122/><D122/><U76/><E76/><V46/><F85/><W88/><G89/><T33/><D103/><U15/><E15/><V10/><F90/><W58/><G88/><T39/><D105/><U62/><AGARI ba="0,1" hai="7,9,13,19,20,24,56,62,64,93,96,97,99,100" machi="62" ten="30,7900,0" yaku="1,1,0,1,8,1,52,1,53,0" doraHai="22" doraHaiUra="30" who="1" fromWho="1" sc="380,-20,154,89,329,-39,127,-20" /><INIT seed="3,0,0,3,4,9" ten="360,243,290,107" oya="3" hai0="64,33,68,55,54,30,87,134,39,108,49,95,93" hai1="53,15,122,128,16,56,17,65,119,59,126,133,120" hai2="41,34,96,109,38,118,129,22,66,43,99,6,83" hai3="132,110,47,35,57,135,101,82,14,111,32,105,23"/><W84/><G47/><T78/><D39/><U71/><E126/><V20/><F34/><W107/><G57/><T79/><D33/><N who="3" m="12873" /><G101/><T97/><D30/><U51/><E71/><V61/><F61/><W11/><G23/><T102/><D68/><U85/><E133/><N who="3" m="51274" /><G84/><T86/><D134/><U2/><E2/><V63/><F22/><W28/><G28/><T130/><D102/><U70/><E70/><V48/><F20/><W12/><G82/><T10/><D87/><U116/><E128/><V7/><F83/><W98/><G98/><T37/><D97/><U125/><E125/><V50/><F63/><W5/><G14/><T18/><D86/><U121/><E85/><V26/><F96/><W123/><G123/><T88/><D130/><U62/><E15/><V91/><F129/><W4/><G4/><T69/><D69/><U21/><E21/><V90/><F6/><W60/><G60/><T124/><D124/><U131/><E131/><V1/><F7/><W25/><G25/><T44/><D44/><U40/><E40/><V24/><F99/><W113/><G113/><T80/><D80/><U45/><E45/><V76/><F26/><W104/><AGARI ba="0,0" hai="5,11,12,104,105,107,110,111" m="51274,12873" machi="104" ten="50,4800,0" yaku="20,1,52,1" doraHai="9" who="3" fromWho="3" sc="360,-16,243,-16,290,-16,107,48" /><INIT seed="3,1,0,5,3,118" ten="344,227,274,155" oya="3" hai0="56,10,41,42,63,103,2,106,76,24,69,65,85" hai1="73,44,64,129,133,45,61,33,31,117,16,17,13" hai2="113,91,70,98,131,120,109,1,90,32,78,35,51" hai3="93,67,111,54,40,116,105,8,52,19,125,114,30"/><W135/><G116/><T89/><D76/><U132/><E73/><V18/><F70/><W95/><G114/><T96/><D56/><N who="1" m="36903" /><E129/><V38/><F38/><W77/><G105/><T108/><D108/><U25/><E117/><V74/><F74/><W9/><G111/><T62/><D62/><U128/><E128/><V87/><F1/><W102/><G125/><T49/><D49/><U59/><E59/><V3/><F3/><W48/><G135/><N who="1" m="51786" /><E17/><V97/><F109/><W127/><G77/><T55/><D55/><U122/><E122/><V68/><F68/><W123/><G123/><T72/><D72/><U84/><E84/><V27/><F35/><W88/><G67/><T39/><D39/><U11/><AGARI ba="1,0" hai="11,13,16,25,31,33,44,45" m="51786,36903" machi="11" ten="30,2000,0" yaku="20,1,54,1" doraHai="118" who="1" fromWho="1" sc="344,-6,227,23,274,-6,155,-11" /><INIT seed="4,0,0,3,2,132" ten="338,250,268,144" oya="0" hai0="24,22,133,0,26,131,89,37,33,115,94,91,106" hai1="2,19,40,25,104,55,92,66,41,111,100,84,83" hai2="75,65,54,99,72,108,81,46,13,116,56,101,96" hai3="114,20,34,27,21,32,73,63,10,105,135,93,130"/><T53/><D115/><U12/><E2/><V102/><F108/><W4/><G105/><T97/><D0/><U112/><E111/><V31/><F81/><W3/><G73/><T128/><D133/><U8/><E104/><V58/><F31/><W39/><G39/><T7/><D7/><U15/><E66/><V80/><F80/><W64/><G135/><T60/><D37/><U49/><E25/><V29/><F29/><W109/><G114/><T78/><D33/><U79/><E112/><V9/><F46/><W117/><G117/><T134/><D134/><U122/><E122/><V103/><F65/><W42/><G42/><T107/><D78/><U129/><E129/><N who="0" m="49737" /><D26/><U113/><E113/><V69/><F69/><W35/><G130/><T47/><D91/><U125/><E15/><V118/><F13/><W45/><G109/><T43/><D43/><U1/><E1/><V62/><F9/><W87/><G27/><T30/><D47/><N who="1" m="28095" /><E41/><V71/><F71/><W52/><G45/><T5/><D30/><U110/><E40/><V48/><F118/><W50/><G35/><T17/><D24/><U59/><E59/><V38/><F38/><W126/><G34/><T68/><D68/><U82/><E110/><V23/><F116/><W95/><G32/><T36/><D36/><U76/><E79/><V121/><F121/><W119/><G119/><T70/><D70/><U74/><E74/><V123/><F123/><W14/><G3/><T124/><D53/><U85/><E76/><V51/><F54/><W6/><G52/><T77/><D77/><U90/><E90/><RYUUKYOKU ba="0,0" sc="338,0,250,0,268,0,144,0" /><INIT seed="5,1,0,1,3,70" ten="338,250,268,144" oya="1" hai0="58,24,39,131,12,62,103,10,73,37,128,29,1" hai1="95,27,18,9,55,87,88,3,69,121,97,80,129" hai2="2,125,111,102,124,134,65,118,7,4,117,63,114" hai3="47,30,99,57,123,13,42,83,77,94,115,89,53"/><U120/><E69/><V25/><F102/><W106/><G123/><T26/><D73/><U33/><E129/><N who="0" m="49737" /><D1/><U60/><E33/><V64/><F111/><W38/><G106/><T51/><D51/><U101/><E3/><V8/><F65/><W14/><G115/><T5/><D103/><U0/><E0/><V75/><F75/><W66/><G66/><N who="0" m="39255" /><D26/><U133/><E133/><V93/><F7/><W132/><G30/><T71/><D71/><U135/><E135/><V98/><F134/><W56/><G132/><T92/><D92/><U21/><REACH who="1" step="1"/><E9/><REACH who="1" ten="338,240,268,144" step="2"/><V107/><F8/><W20/><G20/><AGARI ba="1,1" hai="5,10,12,20,24,29,37,39" m="39255,49737" machi="20" ten="30,3900,0" yaku="19,1,52,2" doraHai="70" who="0" fromWho="3" sc="338,52,240,0,268,0,144,-42" /><INIT seed="6,0,0,4,4,97" ten="390,240,268,102" oya="2" hai0="124,117,125,31,37,129,61,27,17,47,34,29,105" hai1="67,128,85,32,38,113,58,94,43,74,44,73,95" hai2="92,57,50,65,4,24,107,116,9,118,78,79,28" hai3="71,112,63,33,62,120,100,86,49,130,114,82,111"/><V91/><F107/><W14/><G33/><T25/><D17/><U104/><E104/><V64/><F118/><W45/><G120/><T131/><D105/><U41/><E32/><V75/><F116/><W10/><G111/><T26/><D61/><U5/><E113/><N who="3" m="43626" /><G130/><N who="0" m="49675" /><D117/><U98/><E5/><V81/><F79/><N who="3" m="46431" /><G71/><T35/><D27/><U115/><E43/><AGARI ba="0,0" hai="25,26,29,31,34,35,37,43,47,124,125" m="49675" machi="43" ten="30,2000,0" yaku="19,1,23,1" doraHai="97" who="0" fromWho="1" sc="390,20,240,-20,268,0,102,0" /><INIT seed="7,0,0,0,1,129" ten="410,220,268,102" oya="3" hai0="32,11,83,17,15,67,63,106,74,110,109,135,19" hai1="103,36,57,46,41,54,64,27,78,91,93,47,60" hai2="70,29,59,10,99,79,37,88,75,24,112,33,55" hai3="71,105,126,120,20,50,111,95,94,90,28,53,16"/><W49/><G120/><T58/><D106/><U92/><E78/><V61/><F37/><W134/><G105/><T39/><D32/><U45/><E93/><V82/><F70/><W1/><G126/><T96/><D96/><U113/><E113/><V133/><F133/><W73/><G1/><T34/><D34/><U104/><E104/><V84/><F99/><W18/><G73/><T38/><D135/><U4/><E4/><V68/><F68/><W122/><G71/><T30/><D30/><U124/><E124/><V5/><F112/><W9/><G134/><T21/><D39/><U125/><E125/><V128/><F128/><W56/><G122/><T89/><D38/><U72/><E72/><V100/><F100/><W77/><G77/><T69/><D58/><U118/><E118/><V131/><F131/><W44/><G111/><T0/><D0/><U6/><E6/><V42/><F42/><W81/><G9/><T65/><D65/><U87/><E103/><V62/><F59/><W107/><G107/><T98/><D98/><U48/><E27/><V22/><F55/><N who="3" m="30119" /><G81/><T14/><D74/><U40/><E40/><V8/><F33/><W51/><G51/><T52/><D109/><U85/><E85/><V127/><F127/><W76/><G76/><T132/><D132/><U121/><E121/><V130/><F130/><W23/><G95/><T86/><D110/><U115/><E115/><V3/><F10/><W13/><G28/><T26/><D69/><AGARI ba="0,0" hai="36,41,45,46,47,48,54,57,60,64,69,87,91,92" machi="69" ten="30,3900,0" yaku="7,1,24,2" doraHai="129" who="1" fromWho="0" sc="410,-39,220,39,268,0,102,0" owari="371,47.0,259,-14.0,268,7.0,102,-40.0" /></mjloggm>