<mjloggm ver="2.3"><GO type="169" lobby="0"/><UN n0="%E3%83%95%E3%83%AA%E3%83%BC%E3%82%B6%E6%A7%98" n1="%E3%82%A6%E3%83%AB%E3%83%88%E3%83%A9%E7%AB%8B%E7%9B%B4" n2="%E3%81%B5%E3%81%8B%E3%81%98" n3="%E3%81%90%E3%82%8B%E3%81%90%E3%82%8B%E5%8D%98%E9%A8%8E" dan="17,17,16,16" rate="2199.48,2121.52,2076.22,2108.67" sx="M,M,M,M"/><TAIKYOKU oya="0"/><INIT seed="0,0,0,4,1,3" ten="250,250,250,250" oya="0" hai0="134,124,120,121,18,110,61,16,99,71,78,43,111" hai1="37,69,106,90,87,26,117,60,104,38,76,80,47" hai2="125,19,123,84,40,11,126,52,119,131,29,103,35" hai3="2,73,92,83,81,114,85,72,59,56,53,94,64"/><T34/><D34/><U112/><E117/><V105/><F119/><W91/><G114/><T62/><D78/><U129/><E112/><V58/><F123/><N who="0" m="47178" /><D134/><U107/><E129/><V25/><F40/><W9/><G64/><T135/><D135/><U15/><E69/><V32/><F131/><W41/><G41/><T113/><D113/><U102/><E102/><V63/><F35/><W77/><G59/><T33/><D33/><U48/><E60/><N who="0" m="23145" /><D71/><U133/><E133/><V13/><REACH who="2" step="1"/><F84/><REACH who="2" ten="250,250,240,250" step="2"/><W49/><REACH who="3" step="1"/><G73/><REACH who="3" ten="250,250,240,240" step="2"/><T4/><D43/><U132/><E132/><V20/><F20/><W89/><G89/><T31/><D111/><U93/><E90/><V130/><F130/><W46/><G46/><T118/><D110/><U54/><E47/><V27/><F27/><W6/><AGARI ba="0,2" hai="2,6,9,49,53,56,72,77,81,83,85,91,92,94" machi="6" ten="30,4000,0" yaku="1,1,0,1,52,1,53,0" doraHai="3" doraHaiUra="24" who="3" fromWho="3" sc="250,-20,250,-10,240,-10,240,60" /><INIT seed="1,0,0,4,4,82" ten="230,240,230,300" oya="1" hai0="85,132,98,95,121,94,42,69,67,135,2,76,40" hai1="48,80,128,126,52,107,13,129,120,4,115,78,26" hai2="46,71,122,51,65,25,3,106,123,18,56,74,55" hai3="24,92,134,11,63,32,125,127,104,93,1,5,6"/><U61/><E107/><V79/><F106/><W87/><G104/><T45/><D2/><U15/><E115/><V111/><F3/><W112/><G112/><T73/><D73/><U114/><E114/><V37/><F74/><W75/><G75/><T9/><D121/><N who="2" m="46090" /><F18/><W77/><G134/><T43/><D9/><U109/><E120/><V34/><F79/><W54/><G63/><N who="0" m="40191" /><D45/><U100/><E100/><V28/><F25/><W117/><G54/><T30/><D30/><U36/><E36/><V88/><F88/><N who="3" m="53279" /><G117/><T97/><D94/><U29/><E61/><N who="2" m="40367" /><F28/><N who="3" m="19463" /><G93/><T38/><D38/><U72/><E4/><V16/><F16/><W105/><G105/><T22/><D22/><U21/><E126/><N who="3" m="48138" /><G6/><T103/><D103/><U131/><REACH who="1" step="1"/><E109/><REACH who="1" ten="230,230,230,300" step="2"/><V62/><F111/><W101/><G101/><T116/><D135/><U0/><E0/><V39/><F34/><W17/><G17/><T53/><D132/><U31/><E31/><V33/><F33/><W91/><G91/><T89/><D89/><U86/><E86/><V8/><F8/><W35/><G35/><T110/><D110/><U96/><E96/><V44/><F62/><W60/><G60/><T124/><D124/><U59/><AGARI ba="0,1" hai="13,15,21,26,29,48,52,59,72,78,80,128,129,131" machi="59" ten="30,11700,0" yaku="1,1,0,1,19,1,54,1,53,0" doraHai="82" doraHaiUra="58" who="1" fromWho="1" sc="230,-39,230,127,230,-39,300,-39" /><INIT seed="1,1,0,0,3,108" ten="191,357,191,261" oya="1" hai0="61,118,77,90,96,89,1,42,12,107,26,78,80" hai1="75,120,124,53,92,32,97,94,16,40,59,14,9" hai2="71,58,68,34,18,15,17,2,46,8,135,0,73" hai3="84,102,41,63,29,123,70,60,98,111,48,99,35"/><U133/><E120/><V116/><F116/><W44/><G123/><T100/><D1/><U104/><E124/><V119/><F119/><W7/><G111/><T67/><D118/><U27/><E133/><V25/><F73/><W93/><G7/><T21/><D12/><U121/><E121/><V112/><F135/><W91/><G70/><T66/><D42/><U81/><E40/><V129/><F129/><W28/><G99/><T20/><D20/><U113/><E113/><V110/><F110/><W132/><G132/><T115/><D67/><U37/><E37/><V13/><F46/><W101/><G101/><T23/><D23/><U4/><E75/><V10/><F58/><W11/><G11/><T87/><D78/><U125/><E125/><V109/><F109/><W127/><G127/><T43/><D43/><U57/><E104/><V6/><F112/><W62/><REACH who="3" step="1"/><G35/><REACH who="3" ten="191,357,191,251" step="2"/><T47/><D115/><U117/><E97/><V69/><F69/><W49/><G49/><T5/><D5/><U122/><E122/><V65/><F68/><W114/><G114/><T31/><D96/><U88/><E117/><V54/><F71/><W45/><G45/><T19/><D47/><U30/><E4/><V39/><F6/><W128/><G128/><T36/><D36/><U85/><E59/><V103/><F39/><W105/><AGARI ba="1,1" hai="28,29,41,44,48,60,62,63,84,91,93,98,102,105" machi="105" ten="30,2000,0" yaku="1,1,0,1,53,0" doraHai="108" doraHaiUra="52" who="3" fromWho="3" sc="191,-6,357,-11,191,-6,251,33" /><INIT seed="2,0,0,4,1,21" ten="185,346,185,284" oya="2" hai0="92,106,96,68,93,52,110,84,5,128,46,14,130" hai1="77,9,16,120,27,131,66,59,67,114,118,38,124" hai2="89,15,103,99,108,45,125,11,47,88,19,51,29" hai3="20,56,53,3,105,10,25,62,18,80,0,55,71"/><V123/><F123/><W91/><G105/><T63/><D110/><U17/><E38/><V1/><F108/><W43/><G71/><T86/><D106/><U48/><E114/><V34/><F125/><W101/><G101/><T135/><D135/><U78/><E118/><V58/><F1/><W104/><G104/><T72/><D72/><U134/><E124/><V70/><F70/><W60/><G43/><T35/><D35/><U81/><E134/><V57/><F29/><W98/><G10/><N who="0" m="4431" /><D93/><U113/><E113/><V41/><F34/><W116/><G116/><T61/><D68/><U126/><E131/><N who="0" m="50217" /><D46/><U109/><E109/><V90/><REACH who="2" step="1"/><F47/><REACH who="2" ten="185,346,175,284" step="2"/><W122/><G0/><T30/><D30/><U83/><E126/><V127/><F127/><W74/><G3/><T54/><D63/><U65/><E120/><V50/><F50/><W49/><G122/><T2/><D2/><U26/><E48/><V75/><F75/><W117/><G74/><T28/><D28/><U7/><E59/><V13/><F13/><W129/><G129/><T111/><D111/><U8/><E67/><V40/><F40/><W85/><G117/><T4/><D61/><U87/><E66/><V102/><F102/><W39/><G60/><T12/><D54/><U97/><E65/><V37/><F37/><W23/><G39/><T24/><D52/><U115/><E115/><V44/><F44/><W73/><G73/><T121/><D121/><U36/><E36/><V31/><F31/><W32/><G62/><T132/><D12/><U100/><E100/><V64/><F64/><W112/><G55/><RYUUKYOKU ba="0,1" sc="185,-10,346,-10,175,30,284,-10" hai2="11,15,19,41,45,51,57,58,88,89,90,99,103" /><INIT seed="2,1,1,2,2,80" ten="175,336,205,274" oya="2" hai0="69,127,122,128,20,107,28,26,41,129,50,46,99" hai1="2,73,0,96,11,114,33,47,74,8,3,30,120" hai2="39,86,59,91,66,112,22,100,35,51,108,97,14" hai3="75,38,9,10,13,61,40,43,57,25,7,109,76"/><V12/><F112/><W68/><G68/><T52/><D122/><U62/><E114/><V101/><F35/><W135/><G109/><T32/><D127/><U70/><E120/><V21/><F39/><W110/><G110/><T116/><D116/><U92/><E33/><V132/><F132/><W79/><G135/><T103/><D20/><N who="2" m="7786" /><F108/><W24/><G75/><T118/><D118/><U131/><E30/><V117/><F117/><W42/><G38/><T71/><REACH who="0" step="1"/><D41/><REACH who="0" ten="165,336,205,274" step="2"/><U84/><E11/><V119/><F119/><W133/><G133/><T64/><D64/><U31/><E8/><V23/><F23/><W17/><G9/><T82/><D82/><U34/><E34/><V105/><F66/><W111/><G111/><T78/><D78/><U67/><E67/><V85/><F14/><W126/><G126/><T27/><D27/><N who="3" m="10313" /><G7/><T6/><D6/><U88/><E0/><V37/><F12/><W48/><G79/><T77/><D77/><U98/><E2/><V16/><F16/><N who="3" m="8247" /><G76/><T54/><D54/><U130/><E3/><V121/><F121/><W44/><G17/><T45/><D45/><U58/><E47/><V49/><F59/><W87/><G42/><T60/><D60/><U65/><E58/><V1/><F1/><W89/><G43/><T125/><D125/><U56/><E56/><V83/><F83/><N who="3" m="49407" /><G57/><T5/><D5/><U72/><E31/><V113/><F113/><W123/><G61/><T29/><D29/><U55/><E55/><V95/><F37/><W19/><G19/><T15/><D15/><U102/><E62/><V134/><F134/><RYUUKYOKU ba="1,2" sc="165,15,336,-15,205,-15,274,15" hai0="26,28,32,46,50,52,69,71,99,103,107,128,129" hai3="40,44,48,123" /><INIT seed="3,2,2,0,2,22" ten="180,321,190,289" oya="3" hai0="25,112,3,107,95,110,124,24,55,28,23,77,116" hai1="32,69,37,35,47,93,67,122,5,52,130,114,131" hai2="111,26,121,70,62,104,125,27,128,41,96,8,45" hai3="117,20,12,106,63,21,127,7,81,53,101,60,46"/><W105/><G117/><T118/><D107/><U92/><E122/><V11/><F121/><W103/><G127/><T132/><D3/><U88/><E114/><V135/><F125/><W57/><G46/><T14/><D124/><U134/><E5/><V120/><F120/><W17/><G7/><T75/><D112/><U68/><E134/><V87/><F135/><W4/><G4/><T15/><D132/><U89/><E67/><V36/><F111/><W42/><G42/><T119/><D110/><U74/><E74/><V129/><F87/><W65/><G81/><T18/><D95/><U2/><E2/><V19/><F11/><W78/><G78/><T30/><D55/><U86/><E37/><V43/><F43/><W48/><G106/><T115/><D115/><U64/><E64/><N who="2" m="41239" /><F8/><N who="3" m="6279" /><G105/><T90/><D90/><U133/><E133/><V1/><F19/><W99/><G99/><T94/><D94/><U38/><E38/><V40/><F40/><W98/><G98/><T80/><REACH who="0" step="1"/><D18/><REACH who="0" ten="170,321,190,289" step="2"/><U13/><E93/><V82/><F1/><W126/><G126/><T34/><AGARI ba="2,3" hai="14,15,23,24,25,28,30,34,75,77,80,116,118,119" machi="34" ten="30,8000,1" yaku="1,1,2,1,0,1,52,2,53,0" doraHai="22" doraHaiUra="49" who="0" fromWho="0" sc="170,116,321,-22,190,-22,289,-42" /><INIT seed="4,0,0,2,1,72" ten="286,299,168,247" oya="0" hai0="56,76,133,6,115,105,71,39,75,30,78,108,93" hai1="1,98,63,107,26,34,127,97,74,102,5,52,45" hai2="57,54,58,66,7,135,118,65,0,69,104,13,41" hai3="47,9,35,11,86,131,4,110,130,113,96,40,106"/><T62/><D105/><U114/><E127/><V64/><F0/><W50/><G110/><T90/><D39/><U36/><E114/><V85/><F104/><W21/><G35/><T49/><D75/><U109/><E109/><V20/><F69/><W82/><G113/><T83/><D115/><U124/><E124/><V48/><F41/><W22/><G11/><T3/><D83/><U122/><E122/><V17/><F135/><W95/><G106/><T112/><D112/><U116/><E116/><V134/><F134/><W99/><G99/><T61/><D108/><U128/><E26/><V91/><F118/><W27/><G27/><T33/><D133/><U89/><E34/><V84/><F7/><W119/><G119/><T42/><D71/><U129/><E74/><V60/><REACH who="2" step="1"/><F84/><REACH who="2" ten="286,299,158,247" step="2"/><W14/><G131/><T100/><D6/><U117/><E5/><V67/><F67/><W16/><G130/><T111/><D3/><U70/><E1/><V15/><F15/><W32/><G4/><T10/><D42/><N who="1" m="22727" /><E70/><V53/><F53/><W51/><G32/><T80/><D111/><U44/><E117/><V120/><F120/><W103/><REACH who="3" step="1"/><G51/><REACH who="3" ten="286,299,158,237" step="2"/><T18/><D49/><N who="1" m="28711" /><E129/><V37/><F37/><W38/><G38/><T94/><D33/><U8/><E128/><V88/><F88/><AGARI ba="0,2" hai="9,14,16,21,22,40,47,50,82,86,88,95,96,103" machi="88" ten="30,12000,2" yaku="1,1,7,1,8,1,54,2,53,1" doraHai="72" doraHaiUra="12" who="3" fromWho="2" sc="286,0,299,0,158,-120,237,140" /><INIT seed="5,0,0,2,5,11" ten="286,299,38,377" oya="1" hai0="54,45,13,26,117,101,5,2,87,122,36,90,93" hai1="109,85,29,10,4,34,43,80,21,82,17,0,96" hai2="77,124,88,118,35,126,110,74,107,64,125,70,33" hai3="92,67,56,30,37,32,75,135,60,98,15,25,63"/><U49/><E109/><V47/><F110/><W61/><G135/><T1/><D117/><U128/><E128/><V119/><F107/><W86/><G75/><T50/><D122/><U134/><E134/><V83/><F47/><W55/><G37/><T112/><D112/><U53/><E43/><V81/><F81/><W132/><G132/><T105/><D36/><U97/><E29/><V57/><F57/><W69/><G86/><T89/><D105/><U121/><E34/><V84/><F35/><W48/><G15/><T24/><D101/><AGARI ba="0,0" hai="25,30,32,48,55,56,60,61,63,67,69,92,98,101" machi="101" ten="30,1000,0" yaku="7,1" doraHai="11" who="3" fromWho="0" sc="286,-10,299,0,38,0,377,10" /><INIT seed="6,0,0,2,4,109" ten="276,299,38,387" oya="2" hai0="80,36,32,65,94,134,76,25,38,107,71,119,23" hai1="73,14,88,30,69,120,44,13,102,92,3,33,24" hai2="104,70,96,50,99,58,35,10,29,18,68,19,12" hai3="54,87,60,20,1,83,63,95,106,40,84,22,132"/><V118/><F118/><W21/><G106/><T122/><D94/><U123/><E69/><V86/><F19/><W124/><G1/><T45/><D23/><U133/><E133/><V112/><F112/><W117/><G117/><T48/><D48/><U31/><E73/><V52/><F86/><W62/><G124/><T67/><D67/><U75/><E75/><V135/><F135/><W8/><G132/><T110/><D107/><U130/><E130/><V98/><REACH who="2" step="1"/><F104/><REACH who="2" ten="276,299,28,387" step="2"/><W90/><G84/><T27/><D119/><U49/><E123/><V5/><F5/><W64/><G87/><T79/><D122/><U6/><E120/><V7/><F7/><W15/><G21/><T125/><D134/><U82/><E6/><V46/><F46/><W59/><G20/><T28/><D45/><U101/><E44/><V97/><N who="2" m="24576" /><DORA hai="115" /><V11/><F11/><W61/><G22/><T9/><D9/><U81/><E102/><V72/><F72/><W57/><G8/><T93/><D110/><U0/><E101/><V89/><F89/><W4/><G90/><T34/><D34/><U17/><E88/><V41/><F41/><W128/><G4/><T16/><D16/><U103/><E17/><V126/><F126/><W37/><G40/><T127/><D127/><U2/><E103/><V121/><F121/><W85/><G85/><N who="0" m="48263" /><D125/><U53/><E92/><V129/><F129/><W47/><G95/><T111/><D93/><U77/><E33/><V56/><F56/><W74/><G59/><T113/><D113/><U131/><E131/><V105/><F105/><W108/><G128/><RYUUKYOKU ba="0,1" sc="276,-10,299,-10,28,30,387,-10" hai2="10,12,18,29,35,50,52,58,68,70" /><INIT seed="6,1,1,3,0,17" ten="266,289,58,377" oya="2" hai0="46,36,39,79,88,86,125,102,80,40,41,75,122" hai1="82,56,49,121,84,126,50,99,132,3,70,94,25" hai2="60,104,111,97,119,34,10,87,29,13,14,20,71" hai3="27,77,55,108,54,11,109,65,83,98,127,42,61"/><V30/><F119/><W47/><G127/><T44/><D122/><U74/><E70/><V57/><F111/><W4/><G55/><T120/><D120/><U123/><E3/><V107/><F71/><W23/><G54/><T72/><D125/><U31/><E74/><V128/><F34/><W78/><G98/><T92/><D102/><U90/><E126/><V16/><F128/><W89/><G89/><T2/><D2/><U48/><E132/><V15/><F87/><AGARI ba="1,1" hai="36,39,40,41,44,46,72,75,79,80,86,87,88,92" machi="87" ten="30,3900,0" yaku="7,1,9,1,54,1" doraHai="17" who="0" fromWho="2" sc="266,52,289,0,58,-42,377,0" /><INIT seed="7,0,0,1,0,7" ten="318,289,16,377" oya="3" hai0="118,78,77,103,97,62,93,11,23,109,133,59,13" hai1="76,75,35,98,121,30,6,126,50,31,22,82,120" hai2="46,112,100,110,34,114,123,66,106,69,29,27,9" hai3="105,56,4,80,90,108,72,117,41,129,25,122,57"/><W94/><G122/><T44/><D109/><U116/><E126/><V74/><F46/><W84/><G117/><T113/><D118/><U92/><E116/><V43/><F43/><W2/><G105/><T21/><D133/><U79/><E35/><V132/><F9/><N who="3" m="2199" /><G25/><T12/><D44/><U32/><E32/><V54/><F54/><W20/><G20/><N who="0" m="7755" /><D113/><U33/><E33/><V48/><F48/><W45/><G129/><T19/><D13/><U125/><E125/><V68/><F66/><AGARI ba="0,0" hai="11,12,19,59,62,66,77,78,93,97,103" m="7755" machi="66" ten="30,2000,0" yaku="8,1,52,1" doraHai="7" who="0" fromWho="2" sc="318,20,289,0,16,-20,377,0" owari="338,14.0,289,-11.0,-4,-50.0,377,47.0" /></mjloggm>