<mjloggm ver="2.3"><GO type="169" lobby="0"/><UN n0="%E6%98%9F%E9%99%8D%E3%82%8B%E8%A1%97" n1="%E6%99%AE%E9%80%9A%E3%81%AE%E6%89%93%E3%81%A1%E6%89%8B" n2="%47%45%59%55" n3="%E3%83%88%E3%83%88%E3%83%AA%E5%85%88%E7%94%9F%31%39%E6%AD%B3" dan="18,16,16,19" rate="2123.03,2143.34,2129.99,2275.09" sx="F,M,M,F"/><TAIKYOKU oya="0"/><INIT seed="0,0,0,4,0,118" ten="250,250,250,250" oya="0" hai0="58,10,130,63,68,35,31,116,61,106,3,21,78" hai1="32,104,7,71,98,73,112,70,38,50,18,97,37" hai2="28,8,5,125,108,131,102,124,13,111,17,129,4" hai3="72,64,47,59,99,55,100,120,42,86,34,66,109"/><T76/><D35/><U105/><E32/><V15/><F102/><W67/><G72/><T135/><D106/><U95/><E73/><V121/><F28/><W49/><G34/><T80/><D116/><U96/><E95/><V19/><F8/><W6/><G109/><T51/><D68/><N who="1" m="26155" /><E50/><V43/><F43/><W25/><G120/><AGARI ba="0,0" hai="4,5,13,15,17,19,108,111,120,121,124,125,129,131" machi="120" ten="25,12000,2" yaku="22,2,34,3,52,2" doraHai="118" who="2" fromWho="3" sc="250,0,250,0,250,120,250,-120" /><INIT seed="1,0,0,5,2,126" ten="250,250,370,130" oya="1" hai0="127,118,19,103,92,88,96,121,4,6,57,26,87" hai1="62,90,36,133,10,20,85,16,22,2,63,84,25" hai2="12,15,86,70,113,11,131,14,122,132,47,112,119" hai3="80,37,134,41,94,123,30,120,129,110,34,75,78"/><U71/><E36/><V105/><F119/><W124/><G124/><T7/><D118/><U5/><E133/><V49/><F122/><W51/><G134/><T31/><D121/><U82/><E71/><V83/><F105/><W35/><G110/><T106/><D127/><U50/><E50/><V58/><F58/><W27/><G35/><T65/><D19/><U79/><REACH who="1" step="1"/><E22/><REACH who="1" ten="250,240,370,130" step="2"/><V97/><F70/><W135/><G51/><T18/><D18/><U9/><E9/><V128/><F11/><W117/><G135/><T29/><REACH who="0" step="1"/><D26/><REACH who="0" ten="240,240,370,130" step="2"/><U91/><E91/><N who="2" m="51679" /><F132/><W74/><G117/><T69/><D69/><U76/><E76/><V40/><F97/><W95/><G120/><T13/><D13/><U48/><E48/><V130/><AGARI ba="0,2" hai="12,14,15,40,47,49,112,113,128,130,131" m="51679" machi="130" ten="40,8000,1" yaku="19,1,52,3" doraHai="126" who="2" fromWho="2" sc="240,-20,240,-40,370,100,130,-20" /><INIT seed="2,0,0,0,4,108" ten="220,200,470,110" oya="2" hai0="5,68,122,73,3,62,28,89,109,59,98,116,125" hai1="54,127,53,115,71,110,104,96,90,15,112,21,43" hai2="88,32,117,44,18,97,30,40,25,87,50,24,124" hai3="46,35,126,70,55,48,52,31,135,41,121,26,102"/><V131/><F117/><W8/><G121/><T66/><D73/><U123/><E71/><V56/><F131/><W113/><G135/><T7/><D122/><U42/><E123/><V64/><F124/><W91/><G126/><T10/><D109/><U1/><E127/><V16/><F97/><W49/><G70/><T79/><D79/><U17/><E110/><V132/><F132/><W47/><G113/><T84/><D116/><U69/><E69/><V61/><REACH who="2" step="1"/><F24/><REACH who="2" ten="220,200,460,110" step="2"/><W12/><G102/><T83/><D98/><U86/><E96/><V107/><F107/><W51/><G91/><T77/><D89/><U95/><E104/><V80/><AGARI ba="0,1" hai="16,18,25,30,32,40,44,50,56,61,64,80,87,88" machi="80" ten="20,18000,2" yaku="1,1,0,1,7,1,54,2,53,1" doraHai="108" doraHaiUra="38" who="2" fromWho="2" sc="220,-60,200,-60,460,190,110,-60" /><INIT seed="2,1,0,5,4,51" ten="160,140,650,50" oya="2" hai0="45,86,43,99,64,48,114,20,62,56,96,117,0" hai1="54,35,110,70,112,14,130,116,103,115,121,124,128" hai2="52,76,131,119,59,32,46,109,105,98,85,17,100" hai3="31,129,106,120,90,2,77,36,26,65,11,12,80"/><V107/><F119/><W72/><G120/><T19/><D0/><U125/><E35/><V3/><F32/><W28/><G129/><N who="1" m="49770" /><E103/><V18/><F3/><W7/><G106/><T37/><D114/><N who="1" m="43563" /><E14/><V132/><F107/><W73/><G36/><T83/><D37/><U78/><E78/><V40/><F76/><W9/><G73/><T16/><D117/><U87/><E87/><V24/><F85/><W57/><G26/><T126/><D126/><N who="1" m="48747" /><E116/><V91/><F100/><W42/><G90/><N who="0" m="51551" /><D19/><U4/><E4/><V118/><F17/><W101/><G101/><T134/><D134/><U10/><E10/><V6/><F132/><W111/><G11/><T79/><D79/><U22/><E22/><V50/><F6/><W93/><G2/><T44/><D20/><U95/><E70/><V127/><F118/><W38/><G93/><T15/><D16/><U71/><E71/><V49/><F18/><W60/><G31/><T89/><D89/><U102/><E110/><V55/><F109/><W1/><G12/><T122/><D15/><U29/><E29/><V47/><F127/><W74/><G28/><T97/><D97/><N who="1" m="59711" /><E121/><V66/><F131/><W41/><G111/><T94/><D122/><U63/><E63/><V92/><F24/><W88/><G88/><N who="0" m="55367" /><D99/><U135/><E135/><V21/><F21/><W123/><G123/><T27/><D27/><U75/><E75/><N who="3" m="28714" /><G38/><T25/><D25/><U23/><E23/><V113/><F113/><W30/><G30/><T58/><D43/><N who="3" m="16393" /><G77/><T13/><D13/><U82/><E82/><V5/><F40/><W68/><G80/><RYUUKYOKU ba="1,0" sc="160,10,140,10,650,-30,50,10" hai0="44,45,48,56,58,62,64" hai1="54" hai3="1,7,9,57,60,65,68" /><INIT seed="3,2,0,1,0,81" ten="170,150,620,60" oya="3" hai0="45,39,104,20,109,91,68,71,107,48,15,103,93" hai1="99,76,27,54,75,23,4,26,21,49,102,108,18" hai2="47,56,14,11,8,111,28,22,17,120,12,64,44" hai3="53,97,129,119,96,19,41,65,38,7,69,124,31"/><W98/><G119/><T126/><D39/><U61/><E108/><V127/><F111/><W74/><G74/><T130/><D130/><U33/><E33/><V85/><F127/><W62/><G124/><T132/><D132/><U29/><E61/><N who="2" m="37927" /><F120/><W88/><G129/><T60/><D126/><U70/><E70/><V50/><F50/><W30/><G7/><T101/><D104/><U51/><E4/><N who="2" m="3079" /><F85/><W66/><G66/><T116/><D107/><U135/><E135/><V6/><F28/><W63/><G41/><T118/><D71/><U67/><E67/><V89/><F89/><W131/><G38/><T43/><D109/><U84/><E75/><V13/><AGARI ba="2,0" hai="6,11,13,14,17,22,44,47" m="3079,37927" machi="13" ten="30,1100,0" yaku="8,1" doraHai="81" who="2" fromWho="2" sc="170,-5,150,-5,620,17,60,-7" /><INIT seed="4,0,0,3,2,38" ten="165,145,637,53" oya="0" hai0="61,129,121,19,110,37,117,80,82,125,116,107,60" hai1="71,128,91,57,46,17,26,133,100,36,93,126,131" hai2="109,63,115,31,45,108,86,76,111,2,70,25,18" hai3="33,64,51,43,75,39,48,102,81,97,14,23,96"/><T114/><D107/><U94/><E126/><V35/><F2/><W52/><G33/><T105/><D105/><U54/><E133/><V88/><F115/><W66/><G39/><T89/><D37/><U29/><E71/><V28/><F76/><W132/><G132/><T15/><D121/><U40/><E17/><V32/><F18/><N who="3" m="10711" /><G75/><T103/><D103/><U0/><E100/><V113/><F45/><N who="3" m="25663" /><G81/><T41/><D110/><U92/><E0/><V124/><F113/><W65/><G102/><T127/><D114/><U68/><E68/><V123/><F124/><W119/><G119/><T49/><D82/><U74/><E74/><V9/><F9/><W98/><G98/><T44/><D117/><U77/><E77/><V6/><F6/><W130/><G130/><N who="1" m="49706" /><E91/><V79/><F79/><W85/><G85/><N who="0" m="50343" /><D116/><U11/><E11/><V7/><F123/><W24/><G24/><T56/><D129/><U47/><E26/><V134/><F25/><W58/><AGARI ba="0,0" hai="51,52,58,64,65,66,96,97" m="25663,10711" machi="58" ten="30,4000,0" yaku="8,1,52,1,54,1" doraHai="38" who="3" fromWho="3" sc="165,-20,145,-10,637,-10,53,40" /><INIT seed="5,0,0,2,5,80" ten="145,135,627,93" oya="1" hai0="56,113,68,72,108,65,54,99,6,75,18,91,11" hai1="53,62,77,57,61,123,25,71,129,50,135,66,133" hai2="13,97,95,12,119,33,14,104,5,102,74,46,73" hai3="30,17,121,101,90,64,15,3,98,111,87,109,45"/><U40/><E25/><V128/><F119/><W117/><G121/><T21/><D108/><U134/><E77/><V47/><F33/><W55/><G3/><T96/><D113/><U110/><E129/><V69/><F69/><W116/><G30/><T132/><D132/><U88/><E88/><V70/><F70/><W122/><G64/><T9/><D65/><N who="1" m="41399" /><E110/><V112/><F112/><W0/><G0/><T27/><D68/><N who="1" m="42063" /><E40/><V7/><F95/><W22/><G122/><AGARI ba="0,0" hai="50,53,57,122,123,133,134,135" m="42063,41399" machi="122" ten="30,5800,0" yaku="20,1,34,2" doraHai="80" who="1" fromWho="3" sc="145,0,135,58,627,0,93,-58" /><INIT seed="5,1,0,1,0,1" ten="145,193,627,35" oya="1" hai0="46,41,94,31,20,38,54,51,130,10,50,70,39" hai1="101,117,26,32,25,116,111,89,43,0,62,80,122" hai2="17,37,52,105,127,44,108,12,61,83,133,74,3" hai3="69,120,27,85,11,107,64,45,132,103,5,40,33"/><U53/><E122/><V47/><F108/><W16/><G120/><T125/><D70/><U18/><E0/><V93/><F105/><W13/><G132/><T72/><D72/><U71/><E43/><V96/><F3/><W128/><G128/><T29/><D130/><U91/><E101/><V87/><F74/><W22/><G33/><T129/><D129/><U2/><E2/><V124/><F133/><W115/><G115/><T56/><D125/><N who="2" m="48202" /><F37/><W19/><G85/><T102/><D10/><U65/><E53/><V118/><F118/><W73/><G73/><T24/><D29/><U131/><E80/><V126/><F61/><W121/><G121/><T84/><D102/><U92/><E65/><V4/><F52/><W135/><G135/><T30/><D30/><U113/><E113/><V123/><F123/><W35/><G35/><T99/><D99/><U15/><E62/><V59/><F59/><W23/><G64/><T79/><D79/><U67/><E67/><V86/><F87/><W90/><G69/><T77/><D39/><U8/><E71/><V14/><F86/><W63/><G63/><T104/><D104/><U95/><E111/><V49/><F83/><W34/><G34/><T28/><D38/><U100/><E32/><V55/><F55/><W114/><G114/><T42/><D42/><U88/><E131/><V98/><F49/><N who="3" m="26791" /><G90/><N who="0" m="53575" /><D77/><U6/><E100/><V81/><F126/><W78/><G78/><T48/><D51/><U97/><E116/><V82/><F81/><W21/><G27/><T66/><D66/><U106/><E117/><V109/><F109/><RYUUKYOKU ba="1,0" sc="145,15,193,-15,627,-15,35,15" hai0="20,24,28,31,41,46,48,50,54,56" hai3="5,11,13,16,19,21,22,23,103,107" /><INIT seed="6,2,0,5,0,131" ten="160,178,612,50" oya="2" hai0="111,21,42,37,28,122,117,46,23,80,103,26,87" hai1="34,30,17,32,133,93,54,65,59,134,97,83,61" hai2="81,15,123,7,132,48,45,69,101,91,76,51,10" hai3="102,22,115,86,104,12,41,24,25,73,1,5,64"/><V60/><F123/><W100/><G73/><T74/><D74/><U47/><E83/><V68/><F101/><W36/><G1/><T53/><D111/><U89/><E30/><V49/><F91/><W52/><G104/><T71/><D122/><U110/><E110/><V20/><F20/><W96/><G64/><T62/><D103/><U72/><E72/><V118/><F118/><W19/><G115/><T67/><D117/><U56/><E47/><V66/><F69/><W128/><G128/><T57/><D26/><U78/><E78/><V40/><F132/><N who="1" m="50793" /><E17/><V6/><F6/><W113/><G113/><T94/><D94/><U50/><AGARI ba="2,0" hai="32,34,50,54,56,59,61,65,89,93,97" m="50793" machi="50" ten="30,7900,0" yaku="20,1,52,3" doraHai="131" who="1" fromWho="1" sc="160,-22,178,85,612,-41,50,-22" /><INIT seed="7,0,0,0,1,111" ten="138,263,571,28" oya="3" hai0="99,29,115,39,85,36,20,7,40,79,103,37,67" hai1="48,8,73,5,12,98,69,45,89,97,100,121,21" hai2="78,81,55,101,56,76,11,52,113,84,34,72,50" hai3="53,9,62,123,38,74,31,104,58,35,92,59,114"/><W94/><G123/><T107/><D7/><U17/><E73/><V54/><F113/><W41/><G104/><T68/><D115/><U10/><E69/><V106/><F34/><W42/><G114/><T0/><D0/><U57/><E100/><V4/><F78/><W86/><G74/><T96/><D96/><N who="1" m="36971" /><E5/><V30/><F30/><W44/><G41/><T128/><D20/><U2/><E2/><V102/><F72/><W131/><G131/><T91/><D79/><U26/><E57/><V133/><F133/><W82/><G9/><T61/><D29/><U71/><E71/><V108/><F108/><W134/><G134/><T122/><D128/><U25/><E89/><V124/><F124/><W16/><G16/><T125/><D125/><U60/><E60/><V24/><F24/><N who="1" m="9321" /><E121/><V1/><F106/><W18/><G18/><T126/><D126/><U63/><E63/><V77/><F76/><W129/><G129/><T65/><D65/><U15/><E15/><V51/><F55/><AGARI ba="0,0" hai="8,10,12,17,21,45,48,55" m="9321,36971" machi="55" ten="30,1000,0" yaku="8,1" doraHai="111" who="1" fromWho="2" sc="138,0,263,10,571,-10,28,0" owari="138,-26.0,273,7.0,561,66.0,28,-47.0" /></mjloggm>