<mjloggm ver="2.3"><GO type="169" lobby="0"/><UN n0="%63%72%69%74%74%65%72" n1="%E5%B0%B1%E6%B4%BB%E7%94%9F%40%E5%B7%9D%E6%9D%91%E8%BB%8D%E5%9B%A3" n2="%E3%82%82%E3%82%84%E3%81%97%E3%82%82%E3%82%93" n3="%6D%61%73%61%73%69%6F" dan="16,17,16,16" rate="2042.23,2252.30,2125.51,2117.35" sx="M,M,F,F"/><TAIKYOKU oya="0"/><INIT seed="0,0,0,5,4,5" ten="250,250,250,250" oya="0" hai0="134,29,119,52,33,99,93,67,133,45,114,85,131" hai1="69,9,30,70,130,101,32,55,80,47,87,11,72" hai2="8,12,1,34,3,111,36,58,83,57,59,95,109" hai3="64,90,113,96,97,35,66,51,132,106,77,42,49"/><T41/><D114/><U43/><E72/><V61/><F36/><W100/><G113/><T16/><D119/><U40/><E130/><V127/><F127/><W37/><G35/><T123/><D123/><U129/><E129/><V44/><F34/><W108/><G108/><N who="2" m="41545" /><F44/><W103/><G132/><N who="0" m="50795" /><D131/><U31/><E32/><V2/><F83/><W81/><G90/><T25/><D67/><U13/><E101/><V115/><F95/><W120/><G120/><T112/><D112/><U53/><E13/><V4/><F115/><W118/><G118/><T68/><D68/><U94/><E94/><V82/><F82/><W98/><G37/><T79/><D79/><U116/><E80/><V63/><AGARI ba="0,0" hai="1,2,3,4,8,12,57,58,59,61,63" m="41545" machi="63" ten="40,2700,0" yaku="14,1,52,1" doraHai="5" who="2" fromWho="2" sc="250,-13,250,-7,250,27,250,-7" /><INIT seed="1,0,0,2,5,13" ten="237,243,277,243" oya="1" hai0="45,31,123,106,135,92,25,18,75,78,33,112,101" hai1="104,58,77,114,100,63,98,4,74,76,9,54,6" hai2="2,80,111,130,8,105,93,10,122,19,119,107,51" hai3="40,97,102,110,64,34,42,47,11,23,132,90,99"/><U57/><E114/><V68/><F119/><W117/><G34/><T36/><D112/><U35/><E35/><V3/><F122/><W24/><G110/><T85/><D123/><U82/><E76/><V5/><F111/><W134/><G117/><T79/><D135/><U55/><REACH who="1" step="1"/><E9/><REACH who="1" ten="237,233,277,243" step="2"/><V125/><F10/><W113/><G11/><T29/><D78/><U30/><E30/><V1/><F8/><W124/><G113/><T65/><D31/><U127/><E127/><V39/><F125/><W83/><G124/><T53/><D79/><U69/><E69/><V56/><F68/><W32/><G32/><T52/><D29/><U37/><E37/><V87/><F39/><W96/><G134/><T46/><D36/><U118/><E118/><V116/><F116/><W70/><G70/><T22/><D33/><U103/><E103/><V89/><F2/><W81/><G102/><T86/><D101/><U27/><E27/><V131/><F1/><W59/><G24/><T44/><D25/><U60/><AGARI ba="0,1" hai="4,6,54,55,57,58,60,63,74,77,82,98,100,104" machi="60" ten="20,18000,2" yaku="1,1,0,1,7,1,9,1,53,2" doraHai="13" doraHaiUra="48" who="1" fromWho="1" sc="237,-60,233,190,277,-60,243,-60" /><INIT seed="1,1,0,3,2,109" ten="177,423,217,183" oya="1" hai0="128,115,120,130,53,74,62,66,48,39,36,3,26" hai1="88,112,105,73,63,10,24,17,108,6,47,41,33" hai2="85,54,32,87,91,110,14,122,57,67,31,15,104" hai3="98,38,81,103,119,113,69,118,71,132,0,34,50"/><U70/><E105/><V96/><F110/><W51/><G34/><T20/><D3/><U59/><E73/><V1/><F122/><W16/><G0/><T121/><D74/><U79/><E70/><V89/><F1/><W18/><G38/><T95/><D115/><U86/><E108/><V125/><F125/><W107/><G132/><T114/><D114/><U106/><E106/><V92/><F67/><W131/><G131/><N who="0" m="50219" /><D95/><U4/><E79/><V84/><F104/><W13/><G113/><T93/><D93/><U56/><E112/><V80/><F31/><W21/><G81/><T37/><D26/><U127/><E127/><V83/><F32/><W76/><G76/><T30/><D20/><U2/><E4/><V124/><F124/><W44/><G18/><T49/><D30/><U42/><E47/><V35/><F35/><W43/><REACH who="3" step="1"/><G50/><REACH who="3" ten="177,423,217,173" step="2"/><N who="0" m="19563" /><D53/><U116/><E116/><AGARI ba="1,1" hai="13,16,21,43,44,51,69,71,98,103,107,116,118,119" machi="116" ten="40,5200,0" yaku="1,1,12,1,54,1,53,0" doraHai="109" doraHaiUra="78" who="3" fromWho="1" sc="177,0,423,-55,217,0,173,65" /><INIT seed="2,0,0,4,3,58" ten="177,368,217,238" oya="2" hai0="114,129,17,80,60,107,19,28,6,12,122,73,57" hai1="97,119,20,109,0,34,67,112,123,43,100,52,124" hai2="91,70,117,130,98,61,21,36,132,105,30,71,79" hai3="45,8,116,35,93,13,127,69,50,22,29,111,115"/><V25/><F117/><W92/><G111/><T87/><D114/><U82/><E34/><V78/><F130/><W120/><G115/><T47/><D122/><U94/><E0/><V64/><F132/><W49/><G35/><T75/><D107/><U102/><E112/><V56/><F36/><W42/><G120/><T7/><D129/><U86/><E123/><V135/><F135/><W74/><G74/><T33/><D47/><U1/><E1/><V134/><F134/><W85/><G69/><T5/><D28/><U10/><E43/><V95/><REACH who="2" step="1"/><F105/><REACH who="2" ten="177,368,207,238" step="2"/><W63/><G116/><T88/><D33/><U89/><E119/><V62/><F62/><W24/><G63/><T68/><D68/><AGARI ba="0,1" hai="21,25,30,56,61,64,68,70,71,78,79,91,95,98" machi="68" ten="40,3900,0" yaku="1,1,52,1,53,0" doraHai="58" doraHaiUra="131" who="2" fromWho="0" sc="177,-39,368,0,207,49,238,0" /><INIT seed="2,1,0,5,5,132" ten="138,368,256,238" oya="2" hai0="53,135,96,16,86,108,30,105,72,49,8,110,21" hai1="9,67,117,10,24,115,25,68,85,29,84,54,90" hai2="18,93,0,69,38,107,87,101,44,20,42,97,23" hai3="103,123,113,129,55,7,11,91,99,134,109,78,47"/><V75/><F69/><W114/><G134/><T50/><D135/><U32/><E115/><N who="3" m="44042" /><G109/><N who="0" m="42091" /><D72/><U2/><E117/><V3/><F75/><W66/><G66/><T116/><D116/><U102/><E102/><V41/><F42/><W89/><G129/><T45/><D30/><U126/><E25/><V98/><F87/><W122/><G78/><T128/><D128/><U111/><E84/><V5/><F5/><W35/><G35/><T133/><D133/><U13/><E2/><V80/><F80/><W83/><G83/><T61/><D8/><U15/><E54/><V48/><F38/><W36/><G89/><T73/><D73/><U106/><E106/><V94/><F107/><N who="3" m="63999" /><G91/><T56/><D86/><U79/><E79/><V112/><F112/><W100/><G100/><N who="0" m="62599" /><D45/><U28/><E67/><V40/><F40/><N who="3" m="22919" /><G55/><T127/><D49/><U12/><E90/><N who="2" m="55479" /><F0/><AGARI ba="1,0" hai="0,7,11,122,123" m="22919,63999,44042" machi="0" ten="30,2000,0" yaku="11,1,23,1" doraHai="132" who="3" fromWho="2" sc="138,0,368,0,256,-23,238,23" /><INIT seed="3,0,0,4,2,49" ten="138,368,233,261" oya="3" hai0="18,35,24,13,68,84,67,23,80,116,17,51,128" hai1="133,125,126,81,97,66,10,82,3,71,108,121,31" hai2="123,2,100,115,86,58,109,102,93,130,69,76,14" hai3="72,103,16,27,114,4,50,5,74,55,39,45,47"/><W113/><G103/><T8/><D116/><U54/><E121/><V110/><F69/><W85/><G85/><T44/><D128/><U15/><E3/><V120/><F2/><W22/><G74/><T131/><D131/><U30/><E133/><V117/><F130/><W6/><G72/><T59/><D35/><U61/><E97/><V26/><F14/><W9/><G39/><T94/><D68/><U41/><E41/><V70/><F70/><W38/><G38/><T101/><D101/><N who="2" m="39018" /><F26/><W12/><REACH who="3" step="1"/><G45/><REACH who="3" ten="138,368,233,251" step="2"/><T1/><D44/><U78/><E125/><V37/><F37/><W20/><G20/><T0/><D84/><U32/><E32/><V60/><F117/><W129/><G129/><T119/><D119/><U111/><E126/><V42/><F120/><W134/><G134/><T73/><D73/><U77/><E77/><V87/><F123/><W91/><G91/><T11/><D23/><U88/><E88/><N who="2" m="53399" /><F87/><W36/><G36/><T7/><D8/><U106/><E78/><V89/><F89/><W65/><G65/><T112/><D67/><U122/><E122/><V127/><F76/><W92/><G92/><T104/><D94/><U107/><E66/><N who="2" m="39191" /><F127/><W75/><G75/><T62/><D11/><U90/><E90/><V25/><F110/><W52/><G52/><T83/><D104/><U40/><E54/><V48/><F109/><W21/><G21/><T53/><D53/><U28/><E108/><V96/><F96/><W33/><G33/><T105/><D105/><U34/><E111/><V57/><F42/><W98/><G98/><T79/><D79/><RYUUKYOKU ba="0,1" sc="138,-10,368,-10,233,-10,251,30" hai3="4,5,6,9,12,16,22,27,47,50,55,113,114" /><INIT seed="3,1,1,4,5,82" ten="128,358,223,281" oya="3" hai0="37,55,97,112,33,30,128,102,86,47,48,118,63" hai1="130,56,29,31,16,38,83,15,109,60,127,70,133" hai2="19,104,57,51,81,59,89,71,66,68,7,67,110" hai3="92,106,8,125,27,87,21,11,105,123,93,95,99"/><W44/><G123/><T98/><D118/><U6/><E38/><V65/><F104/><W85/><G125/><T0/><D0/><U126/><E70/><N who="2" m="26667" /><F81/><W22/><G44/><T72/><D72/><U3/><E109/><V103/><F103/><W124/><G99/><T77/><D128/><U116/><E133/><V41/><F89/><W107/><G124/><N who="1" m="47658" /><E130/><V10/><F19/><W120/><G120/><T50/><D112/><U40/><E40/><V39/><F7/><W74/><G74/><T26/><D37/><U42/><E42/><V113/><F10/><N who="3" m="3627" /><G27/><T115/><D115/><U69/><E69/><V2/><F2/><W45/><G45/><T75/><D75/><U28/><E116/><V108/><F113/><W9/><N who="3" m="3635" /><W52/><DORA hai="111" /><G52/><T94/><D98/><U96/><E96/><V36/><F108/><W32/><G32/><T62/><REACH who="0" step="1"/><D50/><REACH who="0" ten="118,358,223,281" step="2"/><U79/><E3/><V80/><F110/><W5/><G5/><T100/><D100/><U20/><E6/><V1/><F1/><W119/><G119/><T12/><D12/><U46/><E15/><V134/><F36/><W88/><G88/><T122/><D122/><U129/><E129/><V34/><F39/><W49/><G49/><T18/><D18/><U24/><E16/><V23/><F51/><W61/><G61/><T73/><D73/><U78/><E60/><V132/><F132/><W114/><G114/><T53/><D53/><U135/><E135/><V14/><F134/><W54/><G54/><T131/><D131/><U76/><E24/><V13/><F14/><W90/><G90/><RYUUKYOKU ba="1,2" sc="118,15,358,-15,223,-15,281,15" hai0="26,30,33,47,48,55,62,63,77,86,94,97,102" hai3="21,22,85,87,92,93,95,105,106,107" /><INIT seed="3,2,2,0,3,19" ten="133,343,208,296" oya="3" hai0="4,58,98,78,86,134,10,107,62,97,118,117,83" hai1="52,54,95,127,60,44,14,9,99,74,16,27,124" hai2="22,33,119,80,120,82,34,45,88,135,49,6,20" hai3="48,79,13,15,57,11,131,93,91,32,37,130,23"/><W115/><G37/><T92/><D134/><U112/><E74/><V38/><F119/><W40/><G32/><T1/><D107/><U81/><E112/><V36/><F135/><W69/><G69/><T24/><D24/><U67/><E81/><V55/><F120/><W108/><G115/><T121/><D121/><U2/><E27/><V8/><F33/><W76/><G108/><T111/><D111/><U75/><E2/><V101/><F34/><W70/><G70/><T64/><REACH who="0" step="1"/><D98/><REACH who="0" ten="123,343,208,296" step="2"/><U50/><E75/><V31/><F31/><W30/><G131/><T18/><D18/><U65/><E124/><V42/><F101/><AGARI ba="2,3" hai="1,4,10,58,62,64,78,83,86,92,97,101,117,118" machi="101" ten="30,7700,0" yaku="1,1,7,1,53,2" doraHai="19" doraHaiUra="114" who="0" fromWho="2" sc="123,113,343,0,208,-83,296,0" /><INIT seed="4,0,0,0,0,57" ten="236,343,125,296" oya="0" hai0="70,127,118,24,87,6,72,13,19,14,132,29,107" hai1="66,95,121,110,55,0,68,38,11,92,102,69,41" hai2="88,47,128,3,98,96,83,22,25,99,28,82,77" hai3="91,17,50,43,33,59,31,12,20,23,135,111,52"/><T75/><D107/><U101/><E121/><V131/><F3/><W4/><G4/><T49/><BYE who="3" /><D118/><U85/><E110/><V93/><F47/><W86/><G86/><T46/><D70/><U108/><E108/><V61/><F61/><W67/><G67/><T27/><D127/><U1/><E55/><V56/><F56/><W115/><G115/><T129/><D132/><U60/><E68/><V35/><F35/><W18/><G18/><T71/><D71/><U63/><E69/><V58/><F58/><W5/><G5/><T105/><D105/><U37/><E85/><V81/><REACH who="2" step="1"/><F77/><REACH who="2" ten="236,343,115,296" step="2"/><W51/><G51/><T113/><D49/><U100/><E66/><V117/><F117/><W78/><G78/><T76/><D46/><U79/><E79/><V9/><F9/><W103/><G103/><T54/><D76/><U32/><E11/><V133/><F133/><W84/><G84/><AGARI ba="0,1" hai="22,25,28,81,82,83,84,88,93,96,98,99,128,131" machi="84" ten="40,2600,0" yaku="1,1,54,1,53,0" doraHai="57" doraHaiUra="134" who="2" fromWho="3" sc="236,0,343,0,115,36,296,-26" /><INIT seed="5,0,0,5,0,87" ten="236,343,151,270" oya="1" hai0="135,31,118,41,112,55,35,90,4,11,33,42,104" hai1="111,27,102,21,40,96,8,89,86,71,20,58,49" hai2="22,45,125,17,59,73,15,97,62,95,63,98,123" hai3="51,127,14,68,16,121,134,78,115,82,47,23,0"/><U36/><E71/><V5/><F125/><W61/><G61/><T107/><D118/><U124/><E124/><V66/><F123/><W43/><G43/><UN n3="%6D%61%73%61%73%69%6F" /><T128/><D112/><U52/><E111/><V44/><F73/><W53/><G68/><T67/><D128/><U81/><E8/><V133/><F133/><W1/><G121/><T6/><D135/><U69/><E69/><V92/><F5/><W109/><G127/><T38/><D67/><U19/><E36/><V119/><F119/><W32/><G109/><T57/><D38/><U64/><E40/><V130/><F130/><W94/><G32/><T120/><D120/><U132/><E132/><V84/><F84/><W85/><G134/><T48/><D31/><U46/><E64/><V18/><F18/><W129/><G115/><T99/><D33/><U25/><E46/><V88/><F63/><W83/><G129/><T131/><D35/><U60/><E60/><V113/><F113/><W105/><G105/><T77/><D77/><U37/><E37/><V54/><F66/><W76/><REACH who="3" step="1"/><G94/><REACH who="3" ten="236,343,151,260" step="2"/><N who="0" m="56791" /><D131/><U74/><E74/><AGARI ba="0,1" hai="0,1,14,16,23,47,51,53,74,76,78,82,83,85" machi="74" ten="30,3900,0" yaku="1,1,7,1,54,1,53,0" doraHai="87" doraHaiUra="30" who="3" fromWho="1" sc="236,0,343,-39,151,0,260,49" /><INIT seed="6,0,0,4,2,121" ten="236,304,151,309" oya="2" hai0="131,134,5,37,78,10,21,42,112,132,13,31,72" hai1="14,76,109,33,68,106,12,135,29,133,126,71,27" hai2="84,0,116,65,32,118,11,3,98,23,92,94,119" hai3="52,74,86,80,43,41,54,53,114,59,127,113,50"/><V18/><F32/><W15/><G74/><T99/><D112/><N who="3" m="43113" /><G127/><T82/><D131/><U1/><E1/><V46/><F65/><W6/><G6/><T91/><D37/><U17/><E106/><V60/><F60/><W66/><G15/><T89/><D42/><N who="3" m="15881" /><G66/><T102/><D21/><U83/><E109/><V2/><F11/><W77/><AGARI ba="0,0" hai="50,52,53,54,59,77,80,86" m="15881,43113" machi="77" ten="30,4000,0" yaku="15,1,11,1,54,1" doraHai="121" who="3" fromWho="3" sc="236,-10,304,-10,151,-20,309,40" /><INIT seed="7,0,0,4,5,53" ten="226,294,131,349" oya="3" hai0="47,98,59,91,84,34,117,102,100,55,109,35,127" hai1="36,118,30,18,63,10,69,8,38,25,39,83,4" hai2="125,103,57,134,132,124,75,51,27,86,49,19,115" hai3="122,13,66,22,99,15,43,77,26,104,116,111,88"/><W31/><G122/><T50/><D109/><U121/><E121/><V54/><F75/><W67/><G116/><T2/><D117/><U120/><E120/><V60/><F103/><W62/><G111/><T114/><D2/><U94/><E83/><V6/><F6/><W123/><G123/><T0/><D0/><U72/><E72/><V93/><F93/><N who="3" m="56743" /><G104/><T105/><D127/><N who="2" m="48714" /><F86/><W14/><G43/><T126/><D126/><U52/><E69/><V11/><F11/><W131/><G131/><T70/><D35/><U56/><E118/><V96/><F96/><W41/><G41/><T3/><D34/><U5/><E94/><V107/><F107/><W81/><G62/><T119/><D119/><U40/><E40/><V61/><F27/><W21/><G21/><T33/><D33/><U110/><E110/><V82/><F82/><W108/><G108/><T133/><D102/><U12/><E8/><V73/><F73/><W9/><G9/><T58/><D3/><U113/><E113/><V101/><F101/><W85/><AGARI ba="0,0" hai="13,14,15,22,26,31,66,67,77,81,85" m="56743" machi="85" ten="30,3000,0" yaku="8,1,54,1" doraHai="53" who="3" fromWho="3" sc="226,-10,294,-10,131,-10,349,30" owari="216,-18.0,284,8.0,121,-38.0,379,48.0" /></mjloggm>