<mjloggm ver="2.3"><GO type="169" lobby="0"/><UN n0="%E7%AA%93%E4%BB%98%E3%81%8D%2E" n1="%E3%82%82%E3%81%BF%E3%81%82%E3%81%92" n2="%E3%82%A6%E3%83%AB%E3%83%88%E3%83%A9%E7%AB%8B%E7%9B%B4" n3="%E4%B8%80%E9%83%8E%2E" dan="16,16,18,16" rate="2144.45,2033.77,2196.50,2106.43" sx="F,M,M,F"/><TAIKYOKU oya="0"/><INIT seed="0,0,0,3,1,16" ten="250,250,250,250" oya="0" hai0="17,96,87,35,83,38,95,45,22,79,20,76,102" hai1="129,132,46,122,126,11,82,94,125,47,62,101,119" hai2="41,19,56,81,26,112,90,57,61,21,31,58,134" hai3="111,9,54,93,69,40,10,67,115,32,99,77,72"/><T60/><D35/><U51/><E122/><V8/><F112/><W118/><G118/><T44/><D76/><U91/><E119/><V12/><F134/><W68/><G32/><T5/><D5/><U1/><E129/><V7/><F41/><W98/><G115/><T2/><D2/><U24/><E132/><V34/><F81/><W114/><G40/><T4/><D4/><N who="1" m="1423" /><E62/><V104/><F90/><W113/><G111/><T73/><D38/><U89/><E82/><V63/><REACH who="2" step="1"/><F104/><REACH who="2" ten="250,250,240,250" step="2"/><W135/><G135/><T48/><D73/><U88/><E91/><V74/><F74/><W130/><G114/><T84/><D83/><U52/><E88/><V3/><AGARI ba="0,1" hai="3,7,8,12,19,21,26,31,34,56,57,58,61,63" machi="3" ten="30,8000,1" yaku="1,1,0,1,24,2,52,1,53,0" doraHai="16" doraHaiUra="116" who="2" fromWho="2" sc="250,-40,250,-20,240,90,250,-20" /><INIT seed="1,0,0,5,5,135" ten="210,230,330,230" oya="1" hai0="129,26,0,45,32,55,57,81,49,34,120,58,100" hai1="112,62,94,113,73,37,65,105,108,124,88,8,6" hai2="50,27,39,87,29,23,96,101,24,125,84,63,28" hai3="128,121,54,80,13,30,44,89,90,77,16,95,106"/><U33/><E105/><V69/><F39/><W18/><G121/><T4/><D129/><U79/><E37/><V64/><F50/><W104/><G104/><T53/><D120/><U56/><E33/><V85/><F125/><W31/><G106/><T111/><D111/><U15/><E108/><V25/><REACH who="2" step="1"/><F23/><REACH who="2" ten="210,230,320,230" step="2"/><W42/><G128/><T71/><D49/><U35/><E124/><V67/><F67/><W92/><G42/><T17/><D34/><U3/><E35/><V78/><F78/><W51/><G77/><T82/><D32/><U70/><E79/><V7/><F7/><W43/><G43/><T75/><D4/><U76/><E76/><V97/><F97/><W134/><G134/><T19/><D75/><U74/><E74/><V123/><F123/><W48/><G54/><T60/><D60/><U40/><E73/><V1/><F1/><W132/><G132/><T20/><D20/><U38/><E38/><V83/><F83/><W36/><G80/><T66/><D81/><U86/><E3/><V5/><F5/><W99/><G36/><T68/><D82/><U103/><E40/><V10/><F10/><W93/><G48/><T127/><D0/><U52/><E103/><V9/><F9/><N who="3" m="6191" /><G51/><AGARI ba="0,1" hai="6,8,15,51,52,56,62,65,70,86,88,94,112,113" machi="51" ten="30,5800,0" yaku="7,1,54,2" doraHai="135" who="1" fromWho="3" sc="210,0,230,68,320,0,230,-58" /><INIT seed="1,1,0,2,2,74" ten="210,298,320,172" oya="1" hai0="27,84,85,9,129,105,41,19,56,33,11,17,130" hai1="94,132,14,16,135,13,120,49,117,106,46,8,125" hai2="53,18,52,6,70,118,34,67,122,51,25,126,5" hai3="92,101,76,112,54,80,77,108,71,111,59,81,23"/><U32/><E120/><V66/><F122/><W7/><G71/><T109/><D105/><U69/><E106/><V114/><F51/><N who="3" m="31199" /><G7/><T123/><D123/><U0/><E125/><V31/><F25/><W82/><G112/><T35/><D41/><U45/><E69/><V91/><F91/><W104/><G104/><T103/><D56/><U26/><E0/><V4/><F4/><W107/><G107/><T44/><D44/><U10/><E117/><V3/><F18/><N who="0" m="6666" /><D103/><U86/><E32/><N who="0" m="12361" /><D109/><N who="3" m="42057" /><G23/><T99/><D99/><AGARI ba="1,0" hai="76,77,80,81,82,92,99,101" m="42057,31199" machi="99" ten="30,3900,0" yaku="14,1,52,2" doraHai="74" who="3" fromWho="0" sc="210,-42,298,0,320,0,172,42" /><INIT seed="2,0,0,4,1,71" ten="168,298,320,214" oya="2" hai0="13,97,48,59,95,100,52,109,7,84,91,78,69" hai1="126,22,125,75,98,54,99,72,15,82,18,23,1" hai2="70,123,114,92,8,43,80,104,27,44,37,128,117" hai3="46,38,62,134,65,96,58,76,40,81,124,122,119"/><V57/><F104/><W116/><G122/><T6/><D69/><U93/><E1/><V101/><F123/><W16/><G134/><T53/><D109/><U30/><E54/><V3/><F70/><W61/><G124/><N who="1" m="47722" /><E82/><V67/><F117/><W106/><G62/><T29/><D29/><U108/><E108/><V5/><F128/><W50/><G50/><T135/><D135/><U25/><E99/><V51/><F114/><W36/><G36/><T132/><D132/><U19/><E19/><V55/><F67/><W33/><G33/><T129/><D129/><U111/><E111/><V115/><F115/><W90/><G90/><AGARI ba="0,0" hai="15,18,22,23,25,30,72,75,90,93,98" m="47722" machi="90" ten="30,1000,0" yaku="18,1" doraHai="71" who="1" fromWho="3" sc="168,0,298,10,320,0,214,-10" /><INIT seed="3,0,0,5,4,7" ten="168,308,320,204" oya="3" hai0="59,19,80,4,63,18,1,21,0,41,6,87,72" hai1="42,60,91,104,51,2,67,112,32,33,52,53,68" hai2="110,122,47,16,126,116,36,12,121,107,30,23,128" hai3="17,133,37,27,93,92,82,54,129,43,111,57,65"/><W134/><G129/><T45/><D72/><U125/><E112/><V85/><F107/><W28/><G111/><T14/><D0/><U29/><E104/><V38/><F116/><W44/><G65/><T71/><D71/><U48/><E125/><V79/><F126/><W100/><G17/><T108/><D108/><U66/><E2/><V84/><F110/><W69/><G69/><T35/><D35/><U55/><E67/><V113/><F113/><W120/><G82/><T15/><D1/><U130/><E130/><V109/><F109/><W8/><G8/><T49/><D59/><U119/><E119/><V58/><F128/><W131/><G100/><T94/><D63/><U75/><E75/><V89/><F47/><W10/><G10/><N who="0" m="6519" /><D94/><U56/><E42/><V127/><F58/><W96/><G96/><T3/><D3/><U95/><E68/><V24/><F127/><W115/><G115/><T31/><D31/><U90/><E32/><V62/><F62/><N who="3" m="36151" /><G120/><T81/><D81/><U50/><E33/><V105/><F105/><W9/><G9/><T74/><D74/><U78/><E29/><V83/><F122/><W97/><G97/><T13/><D13/><U88/><E78/><AGARI ba="0,0" hai="4,6,14,19,21,41,45,49,78,80,87" m="6519" machi="78" ten="30,2000,0" yaku="8,1,52,1" doraHai="7" who="0" fromWho="1" sc="168,20,308,-20,320,0,204,0" /><INIT seed="4,0,0,2,5,9" ten="188,288,320,204" oya="0" hai0="108,119,105,62,78,73,51,116,40,26,101,93,131" hai1="114,29,80,82,86,124,94,121,54,22,122,56,46" hai2="75,103,38,41,63,91,74,102,126,1,13,90,118" hai3="127,96,12,76,120,125,23,21,113,129,34,24,81"/><T6/><D105/><U39/><E124/><N who="3" m="47690" /><G113/><T48/><D131/><U42/><E114/><V83/><F63/><W37/><G37/><T87/><D108/><U71/><E71/><V47/><F47/><W69/><G69/><T106/><D6/><U64/><E64/><V14/><F83/><W60/><G60/><T84/><D62/><U132/><E132/><V28/><F28/><W20/><G129/><T45/><D26/><U25/><E94/><V57/><F57/><W18/><G96/><N who="0" m="61735" /><D84/><U117/><E117/><V130/><F41/><W32/><G120/><T112/><D51/><U35/><E35/><N who="3" m="13354" /><G24/><T8/><D112/><U79/><E82/><V92/><F126/><W97/><G97/><T72/><D72/><AGARI ba="0,0" hai="12,18,20,21,23,72,76,81" m="13354,47690" machi="72" ten="30,2000,0" yaku="18,1,52,1" doraHai="9" who="3" fromWho="0" sc="188,-20,288,0,320,0,204,20" /><INIT seed="5,0,0,1,2,43" ten="168,288,320,224" oya="1" hai0="82,67,15,57,46,113,26,62,12,70,84,124,117" hai1="86,18,99,7,17,9,54,24,106,91,55,72,110" hai2="115,4,118,60,65,75,68,122,98,77,51,93,32" hai3="52,112,126,80,47,2,127,100,45,58,101,134,22"/><U81/><E110/><V102/><F122/><W66/><G2/><T44/><D117/><U10/><E72/><V95/><F118/><W5/><G134/><T25/><D113/><U90/><E10/><V109/><F109/><W59/><G112/><T123/><D123/><U48/><E24/><N who="0" m="9321" /><D124/><N who="3" m="47657" /><G5/><T49/><D70/><U116/><E116/><V29/><F51/><N who="3" m="31007" /><G80/><T20/><D49/><U33/><E33/><V128/><F4/><W132/><G132/><T97/><D97/><U119/><E119/><V3/><F98/><W61/><G22/><T14/><D20/><U74/><E74/><V13/><F75/><W39/><G39/><T135/><D135/><U37/><E37/><V23/><F23/><W114/><G114/><T111/><D111/><U6/><E6/><V69/><F3/><W63/><G63/><T71/><D71/><U16/><E48/><V41/><F60/><W31/><G31/><T87/><D87/><N who="1" m="50543" /><E99/><V53/><F68/><W105/><G105/><T27/><N who="0" m="9329" /><T76/><AGARI ba="0,0" hai="12,14,15,44,46,57,62,67,76,82,84" m="9329" machi="76" ten="40,8000,1" yaku="4,1,8,1,52,2" doraHai="43" who="0" fromWho="0" sc="168,80,288,-40,320,-20,224,-20" /><INIT seed="6,0,0,0,5,103" ten="248,248,300,204" oya="2" hai0="57,120,4,92,33,116,9,29,6,1,96,121,20" hai1="53,130,81,85,24,135,65,90,44,51,27,46,62" hai2="124,109,36,72,75,89,127,66,16,128,61,7,67" hai3="84,132,101,14,63,93,30,122,55,86,78,70,10"/><V94/><F36/><W5/><G122/><T3/><D57/><U47/><E135/><V129/><F7/><W77/><G132/><T126/><D92/><U82/><E82/><V113/><F113/><W98/><G30/><T35/><D96/><U125/><E125/><V39/><F39/><W15/><G15/><T91/><D91/><U73/><E73/><V74/><F16/><W26/><G26/><N who="0" m="16583" /><D126/><N who="2" m="48170" /><F109/><W50/><G63/><T31/><D116/><U64/><E130/><N who="2" m="50283" /><F61/><W43/><G43/><T123/><D31/><U41/><E41/><V49/><F49/><W131/><G131/><T34/><D6/><U110/><E110/><V38/><F38/><W95/><G70/><T13/><AGARI ba="0,0" hai="1,3,4,9,13,33,34,35,120,121,123" m="16583" machi="13" ten="40,2700,0" yaku="34,2" doraHai="103" who="0" fromWho="0" sc="248,27,248,-7,300,-13,204,-7" /><INIT seed="7,0,0,2,5,71" ten="275,241,287,197" oya="3" hai0="107,14,64,66,92,30,25,80,8,100,52,41,86" hai1="91,39,42,0,13,62,51,36,125,16,40,20,47" hai2="103,89,35,57,2,129,112,119,53,85,7,127,114" hai3="113,116,104,87,68,108,134,98,60,26,12,120,43"/><W5/><G120/><T106/><D41/><U65/><E125/><V72/><F72/><W55/><G116/><T22/><D106/><U97/><E0/><V29/><F103/><W18/><G43/><T49/><D107/><U122/><E40/><V77/><F77/><W31/><G113/><T6/><D92/><U105/><E122/><V94/><F127/><W70/><G134/><T27/><D27/><U75/><E75/><V118/><F129/><W101/><G5/><T1/><D100/><U126/><E126/><V130/><F130/><W102/><G102/><T63/><D63/><U88/><E105/><V123/><F123/><W54/><G108/><T50/><D50/><U56/><REACH who="1" step="1"/><E97/><REACH who="1" ten="275,231,287,197" step="2"/><V34/><F2/><W132/><G132/><T79/><D1/><U4/><E4/><V9/><F119/><W121/><G121/><T48/><D49/><U61/><E61/><V82/><F118/><W124/><G124/><T133/><D133/><U115/><E115/><V33/><F114/><W99/><G99/><T3/><D3/><U23/><E23/><V59/><F35/><N who="3" m="20983" /><G87/><T32/><D32/><U109/><E109/><V58/><F34/><W44/><G44/><AGARI ba="0,1" hai="6,8,14,22,25,30,44,48,52,64,66,79,80,86" machi="44" ten="30,3900,0" yaku="7,1,8,1,54,1" doraHai="71" who="0" fromWho="3" sc="275,49,231,0,287,0,197,-39" owari="324,42.0,231,-17.0,287,9.0,158,-34.0" /></mjloggm>