<mjloggm ver="2.3"><GO type="169" lobby="0"/><UN n0="%E3%82%A6%E3%83%AB%E3%83%88%E3%83%A9%E7%AB%8B%E7%9B%B4" n1="%E3%81%86%E3%81%A0%E3%81%A3%E3%81%B7" n2="%E8%B1%86%E7%89%B9%EF%BC%A0%E6%B2%B3%E6%9D%91%E8%BB%8D%E5%9B%A3" n3="%E3%81%A8%E3%83%BC%E3%82%84%E3%82%93" dan="18,16,18,16" rate="2198.12,2125.83,2200.44,2135.63" sx="M,M,M,M"/><TAIKYOKU oya="0"/><INIT seed="0,0,0,5,3,105" ten="250,250,250,250" oya="0" hai0="56,135,93,120,89,122,26,39,54,78,52,106,47" hai1="134,2,110,121,103,100,125,133,107,58,14,19,119" hai2="98,128,74,126,69,91,34,9,18,50,48,5,32" hai3="72,109,40,71,118,130,94,23,108,75,46,11,44"/><T24/><D106/><U76/><E110/><N who="3" m="42602" /><G118/><T1/><D1/><U112/><E119/><V64/><F74/><N who="3" m="28203" /><G71/><T123/><D78/><U45/><E76/><V124/><F18/><W80/><G130/><T0/><D0/><U104/><E2/><V61/><F128/><W115/><G115/><T102/><D102/><U57/><E45/><N who="3" m="17514" /><G40/><T101/><D123/><U51/><E121/><V59/><F69/><W129/><G129/><T82/><D122/><U95/><E112/><V63/><F124/><W27/><G11/><T60/><D120/><U66/><E125/><V42/><F126/><W111/><G111/><T4/><D39/><U25/><E133/><V21/><F42/><W10/><G10/><T81/><D135/><U16/><E134/><V12/><F9/><W8/><G8/><T88/><D47/><U97/><E58/><V79/><F59/><W3/><G3/><T127/><D127/><U31/><E57/><V85/><F5/><W83/><G94/><T49/><D4/><U29/><E95/><V55/><F50/><W92/><G92/><T132/><D132/><U6/><E51/><V62/><F48/><W77/><G77/><T113/><D113/><U13/><E6/><V53/><F79/><W17/><AGARI ba="0,0" hai="17,23,27,80,83" m="17514,28203,42602" machi="17" ten="40,8000,1" yaku="14,1,52,3" doraHai="105" who="3" fromWho="3" sc="250,-40,250,-20,250,-20,250,80" /><INIT seed="1,0,0,3,5,74" ten="210,230,230,330" oya="1" hai0="122,58,115,15,30,17,101,114,83,93,42,52,123" hai1="105,133,92,2,78,0,103,71,104,67,14,21,77" hai2="89,79,121,3,85,120,55,90,25,23,117,88,107" hai3="33,108,31,127,81,45,5,128,36,102,76,75,129"/><U119/><E119/><V125/><F117/><W4/><G127/><T118/><D118/><U80/><E133/><V65/><F107/><W27/><G102/><T131/><D30/><U70/><E92/><V43/><F3/><W124/><G124/><T68/><D68/><U95/><E95/><V62/><F43/><W100/><G100/><T12/><D42/><U13/><E103/><V113/><F125/><W50/><G108/><T132/><D132/><U109/><E21/><V28/><F55/><W11/><G5/><T49/><D131/><U35/><E80/><V130/><F130/><W38/><G129/><T8/><D15/><U112/><E67/><V57/><REACH who="2" step="1"/><F113/><REACH who="2" ten="210,230,220,330" step="2"/><W64/><G128/><T29/><D115/><U86/><E112/><V47/><F47/><W63/><G45/><T16/><D114/><U37/><E109/><V134/><F134/><W66/><G64/><T59/><D123/><U9/><E37/><V94/><F94/><W126/><G126/><T10/><D122/><U111/><E111/><V73/><F73/><W46/><G46/><T53/><D93/><U99/><E105/><V98/><F98/><W19/><G38/><T106/><D106/><U87/><E104/><V97/><F97/><W18/><G36/><T32/><D101/><U56/><E99/><V40/><F40/><W60/><G66/><T41/><D41/><U20/><E0/><V44/><F44/><W61/><G75/><T54/><D53/><U72/><E72/><V6/><F6/><W7/><G4/><T39/><D54/><U51/><E2/><V48/><F48/><RYUUKYOKU ba="0,1" sc="210,-10,230,-10,220,30,330,-10" hai2="23,25,28,57,62,65,79,85,88,89,90,120,121" /><INIT seed="2,1,1,5,1,134" ten="200,220,250,320" oya="2" hai0="48,100,85,47,68,77,83,25,109,29,127,72,2" hai1="55,27,21,112,20,128,18,50,1,103,135,63,64" hai2="93,102,98,38,22,39,132,78,67,123,89,44,131" hai3="26,95,66,6,80,40,23,60,4,15,56,7,86"/><V35/><F123/><W76/><G40/><T24/><D68/><U36/><E112/><V17/><F35/><W92/><REACH who="3" step="1"/><G15/><REACH who="3" ten="200,220,250,310" step="2"/><T8/><D109/><U99/><E135/><V94/><F132/><W0/><G0/><T16/><D2/><U110/><E1/><V37/><F131/><W51/><G51/><T111/><D111/><U65/><E110/><V106/><F39/><W58/><G58/><T73/><D48/><U84/><E128/><V120/><F120/><W53/><G53/><T101/><D47/><U129/><E129/><V107/><F38/><W57/><G57/><T82/><D72/><U113/><E36/><V10/><F44/><W3/><G3/><T19/><D73/><U81/><E113/><V61/><F37/><W5/><N who="3" m="1024" /><DORA hai="71" /><W115/><G115/><T32/><D25/><U45/><E63/><V42/><F42/><W9/><G9/><T52/><D8/><U33/><E65/><V43/><F10/><W117/><G117/><T12/><D52/><U46/><E64/><V14/><F43/><W104/><G104/><T62/><D12/><U116/><E46/><V87/><REACH who="2" step="1"/><F78/><REACH who="2" ten="200,220,240,310" step="2"/><W13/><G13/><T125/><D77/><U79/><E116/><V133/><F133/><W75/><G75/><T118/><D118/><U121/><E79/><V90/><F90/><W70/><G70/><AGARI ba="1,3" hai="14,17,22,61,67,70,87,89,93,94,98,102,106,107" machi="70" ten="30,5800,0" yaku="1,1,7,1,53,1" doraHai="134,71" doraHaiUra="59,54" who="2" fromWho="3" sc="200,0,220,0,240,91,310,-61" /><INIT seed="2,2,0,4,0,65" ten="200,220,331,249" oya="2" hai0="91,49,10,129,80,89,63,81,94,72,102,108,127" hai1="66,123,47,16,84,107,18,69,32,34,125,59,37" hai2="122,7,46,116,105,0,20,13,118,35,86,82,104" hai3="112,130,24,56,25,128,15,40,45,2,57,76,83"/><V97/><F122/><W58/><G2/><T90/><D49/><U26/><E123/><V88/><F35/><W119/><G119/><T110/><D10/><U8/><E107/><V111/><F0/><W133/><G112/><T98/><D63/><U23/><E125/><V19/><F7/><W30/><G133/><T134/><D134/><U109/><E109/><N who="0" m="42089" /><D127/><U54/><E84/><V53/><F111/><W33/><G15/><T85/><D129/><U60/><E8/><N who="2" m="6567" /><F97/><W12/><G12/><T93/><D93/><U121/><E121/><V22/><F20/><W124/><G25/><T43/><D43/><N who="1" m="23023" /><E18/><V75/><F22/><W1/><G1/><T17/><D17/><U28/><E28/><V117/><F75/><W41/><G124/><T48/><D48/><AGARI ba="2,0" hai="16,23,26,32,34,48,54,59,60,66,69" m="23023" machi="48" ten="30,3900,0" yaku="24,1,52,1,54,1" doraHai="65" who="1" fromWho="0" sc="200,-45,220,45,331,0,249,0" /><AGARI ba="2,0" hai="46,48,53,82,86,88,104,105,116,117,118" m="6567" machi="48" ten="30,2900,0" yaku="25,1,54,1" doraHai="65" who="2" fromWho="0" sc="155,-29,265,0,331,29,249,0" /><INIT seed="2,3,0,2,2,52" ten="126,265,360,249" oya="2" hai0="21,35,106,96,91,116,110,39,10,79,4,102,5" hai1="76,43,118,130,50,83,7,19,9,14,16,66,18" hai2="120,69,134,33,40,125,0,25,29,56,99,64,77" hai3="101,131,115,78,103,28,108,20,44,15,6,87,104"/><V135/><F120/><W121/><G121/><T75/><D35/><U92/><E118/><V128/><F0/><W124/><G115/><T13/><D116/><U41/><E130/><V117/><F117/><W34/><G34/><T98/><D110/><U32/><E32/><V68/><F128/><W109/><G104/><T127/><D127/><U22/><E66/><V74/><F40/><W65/><G131/><T54/><D39/><U89/><E50/><V88/><F77/><W2/><G2/><T36/><D36/><U95/><E22/><V85/><F99/><W49/><G65/><T97/><D5/><U90/><E95/><N who="2" m="54671" /><F74/><W133/><G124/><T51/><D91/><U72/><REACH who="1" step="1"/><E90/><REACH who="1" ten="126,255,360,249" step="2"/><V80/><F125/><W119/><G119/><T55/><D21/><U114/><E114/><V113/><F113/><W111/><G109/><T112/><D112/><U1/><E1/><V23/><F23/><W60/><G108/><T42/><D42/><U122/><E122/><V107/><F107/><W86/><G20/><T31/><D55/><U132/><E132/><N who="2" m="50731" /><F80/><W62/><G133/><T82/><REACH who="0" step="1"/><D31/><REACH who="0" ten="116,255,360,249" step="2"/><U84/><AGARI ba="3,2" hai="7,9,14,16,18,19,41,43,72,76,83,84,89,92" machi="84" ten="30,4000,0" yaku="1,1,0,1,54,1,53,0" doraHai="52" doraHaiUra="61" who="1" fromWho="1" sc="116,-13,255,69,360,-23,249,-13" /><INIT seed="3,0,0,5,2,27" ten="103,324,337,236" oya="3" hai0="62,48,94,98,19,111,91,84,43,6,87,66,70" hai1="49,92,67,81,133,124,107,30,21,31,114,72,2" hai2="135,37,34,109,110,99,7,120,74,35,18,106,73" hai3="103,121,1,36,32,118,68,39,4,93,42,38,10"/><W112/><G121/><T69/><D111/><N who="2" m="42506" /><F120/><W59/><G118/><T100/><D6/><U28/><E114/><V20/><F37/><W76/><G112/><T65/><D48/><U60/><E107/><V115/><F115/><W29/><G68/><T13/><D43/><U85/><E2/><V15/><F135/><W83/><G59/><T80/><D87/><U51/><E133/><V75/><F7/><W127/><G93/><T53/><D53/><U89/><E124/><V117/><F117/><W113/><G103/><AGARI ba="0,0" hai="15,18,20,34,35,73,74,75,99,103,106" m="42506" machi="103" ten="40,1300,0" yaku="14,1" doraHai="27" who="2" fromWho="3" sc="103,0,324,0,337,13,236,-13" /><INIT seed="4,0,0,1,2,107" ten="103,324,350,223" oya="0" hai0="42,103,11,13,88,95,105,89,12,39,79,128,51" hai1="68,76,34,90,67,47,80,37,33,55,66,119,18" hai2="73,86,131,41,62,35,106,130,77,56,74,108,120" hai3="129,97,65,92,112,46,17,22,102,29,28,50,116"/><T15/><D128/><N who="2" m="49194" /><F108/><W24/><G129/><T63/><D39/><U20/><E119/><V70/><F35/><W109/><G109/><T19/><D79/><U133/><E133/><V122/><F106/><W94/><G112/><T1/><D1/><U111/><E111/><V83/><F41/><W117/><G65/><T82/><D105/><U16/><E90/><N who="0" m="34921" /><D82/><U7/><E7/><V5/><F5/><W21/><G92/><T101/><D63/><U4/><E4/><V40/><F40/><W98/><G97/><N who="0" m="59583" /><D103/><U64/><E68/><V27/><F27/><W44/><G46/><AGARI ba="0,0" hai="11,12,13,15,19,42,46,51" m="59583,34921" machi="46" ten="30,2900,0" yaku="8,1,54,1" doraHai="107" who="0" fromWho="3" sc="103,29,324,0,350,0,223,-29" /><INIT seed="4,1,0,5,1,31" ten="132,324,350,194" oya="0" hai0="99,66,119,48,129,78,130,55,107,65,121,76,4" hai1="128,85,34,104,52,135,9,124,86,132,84,29,75" hai2="57,13,5,112,15,115,41,17,38,43,21,88,71" hai3="42,103,53,32,56,131,101,69,26,22,45,83,8"/><T95/><D107/><U44/><E128/><N who="0" m="49257" /><D4/><U73/><E124/><V123/><F71/><W2/><G69/><T93/><D119/><U12/><E104/><V77/><F77/><N who="0" m="29802" /><D121/><U33/><E29/><V118/><F123/><W116/><G116/><T72/><D72/><N who="1" m="27723" /><E52/><V134/><F118/><W61/><G131/><T113/><D113/><U110/><E44/><V67/><F38/><W120/><G120/><T92/><D99/><U19/><E110/><V60/><F112/><W64/><G64/><N who="0" m="24683" /><D55/><U106/><E106/><V126/><F115/><W79/><G2/><T3/><D48/><U54/><E54/><V18/><F5/><W50/><G8/><T25/><D25/><U37/><E37/><V47/><F47/><W6/><G6/><T114/><D114/><U100/><E100/><V0/><F0/><AGARI ba="1,0" hai="0,3,92,93,95" m="24683,29802,49257" machi="0" ten="40,7700,0" yaku="28,2,19,1" doraHai="31" who="0" fromWho="2" sc="132,80,324,0,350,-80,194,0" /><INIT seed="4,2,0,2,2,53" ten="212,324,270,194" oya="0" hai0="55,27,37,73,8,17,69,97,59,107,127,87,41" hai1="57,78,61,26,131,99,135,16,48,2,129,112,117" hai2="1,51,103,113,52,128,92,3,21,67,75,64,9" hai3="101,4,77,47,108,15,49,74,111,70,62,86,124"/><T34/><D73/><U130/><E117/><V121/><F75/><W83/><G124/><T122/><D122/><U36/><E36/><V12/><F121/><W42/><G74/><T10/><D69/><U40/><E135/><V133/><F133/><W104/><G104/><T106/><D106/><U30/><E2/><V72/><F72/><W22/><G101/><T96/><D127/><U63/><E78/><V28/><F128/><W20/><G20/><T79/><D41/><U65/><E112/><V93/><F3/><W76/><G76/><T116/><D37/><U94/><E61/><V81/><F81/><W43/><G42/><T91/><D79/><U125/><E125/><V5/><F113/><W114/><G114/><T66/><D66/><U58/><E40/><V56/><F1/><W98/><G98/><N who="0" m="37995" /><D107/><U44/><E44/><V24/><F103/><W80/><G83/><N who="0" m="49663" /><D34/><U19/><E99/><V132/><F132/><W123/><G123/><T115/><D115/><U54/><E94/><AGARI ba="2,0" hai="5,9,12,21,24,28,51,52,56,64,67,92,93,94" machi="94" ten="40,5200,0" yaku="8,1,52,1,54,1" doraHai="53" who="2" fromWho="1" sc="212,0,324,-58,270,58,194,0" /><INIT seed="5,0,0,2,4,40" ten="212,266,328,194" oya="1" hai0="114,13,16,101,95,4,45,0,39,38,85,36,70" hai1="31,109,79,124,94,105,22,74,49,67,78,126,59" hai2="62,102,27,128,96,29,24,44,63,130,42,18,90" hai3="115,103,84,107,54,108,116,119,65,15,81,48,89"/><U125/><E105/><V43/><F90/><W91/><G65/><T135/><D70/><U47/><E109/><V25/><F29/><W113/><G15/><T21/><D135/><U66/><E94/><N who="2" m="58647" /><F18/><W110/><G54/><T35/><D114/><N who="3" m="43529" /><G48/><T60/><D35/><U121/><E121/><V111/><F43/><W120/><G103/><T9/><D60/><N who="1" m="38175" /><E67/><V2/><F2/><W3/><G107/><T75/><D75/><U112/><E74/><V53/><F111/><N who="3" m="42539" /><G3/><T129/><D129/><N who="2" m="49770" /><F53/><W8/><G8/><T19/><D19/><U34/><E112/><V76/><F76/><W32/><G32/><T72/><D72/><U127/><E34/><V92/><F92/><W83/><G120/><T82/><D95/><U12/><E127/><V73/><F73/><W71/><G71/><T55/><D101/><U30/><E79/><V7/><F7/><W104/><G104/><T100/><D100/><U61/><E78/><V10/><F10/><W93/><G81/><T131/><D131/><U51/><E51/><AGARI ba="0,0" hai="24,25,27,42,44,51,62,63" m="49770,58647" machi="51" ten="30,2000,0" yaku="19,1,52,1" doraHai="40" who="2" fromWho="1" sc="212,0,266,-20,328,20,194,0" /><INIT seed="6,0,0,3,2,129" ten="212,246,348,194" oya="2" hai0="1,80,13,50,49,101,133,111,128,125,99,6,27" hai1="4,134,115,97,114,67,69,126,98,2,93,38,96" hai2="88,40,56,44,124,102,83,53,22,112,36,39,87" hai3="63,131,17,92,42,106,45,30,68,76,59,52,71"/><V78/><F124/><W19/><G106/><T60/><D1/><U85/><E126/><V26/><F112/><N who="1" m="43049" /><E134/><V94/><F102/><W35/><G131/><T7/><D7/><U121/><E38/><V48/><F39/><W41/><G76/><T79/><D111/><U103/><E121/><V90/><REACH who="2" step="1"/><F94/><REACH who="2" ten="212,246,338,194" step="2"/><W47/><G92/><T58/><D101/><U127/><E127/><V113/><F113/><W107/><G107/><T11/><D125/><U31/><E103/><V89/><F89/><W75/><G75/><T74/><D74/><U62/><E93/><V33/><F33/><W66/><G35/><T16/><D128/><U3/><E98/><V82/><F82/><W81/><G81/><T54/><D99/><U61/><E97/><V10/><F10/><W104/><G104/><T84/><D133/><U51/><E96/><V117/><F117/><W57/><G30/><AGARI ba="0,1" hai="22,26,30,36,40,44,48,53,56,78,83,87,88,90" machi="30" ten="30,11600,0" yaku="1,1,7,1,54,1,53,1" doraHai="129" doraHaiUra="77" who="2" fromWho="3" sc="212,0,246,0,338,126,194,-116" /><INIT seed="6,1,0,2,5,118" ten="212,246,464,78" oya="2" hai0="124,117,46,130,88,80,108,77,94,69,100,127,12" hai1="112,10,13,70,105,97,107,98,56,126,60,81,20" hai2="40,79,131,102,3,6,36,24,71,75,95,73,121" hai3="43,4,68,116,89,38,86,82,18,65,1,72,42"/><V19/><F19/><W39/><G116/><T58/><D69/><U110/><E110/><V54/><F54/><W48/><G72/><T64/><D46/><U133/><E70/><V101/><F24/><W7/><G1/><T2/><D2/><U67/><E112/><V29/><F29/><W83/><G68/><T103/><D12/><U51/><E126/><N who="0" m="48169" /><D108/><U0/><E133/><V119/><F95/><W52/><G65/><T90/><D117/><U74/><E0/><V120/><F119/><W57/><G18/><T104/><D104/><U14/><E107/><V61/><F6/><W55/><G57/><T134/><D134/><U96/><E105/><V53/><F53/><W84/><REACH who="3" step="1"/><G89/><REACH who="3" ten="212,246,464,68" step="2"/><T132/><D90/><U91/><E91/><V47/><F3/><W66/><G66/><T50/><D64/><U123/><E56/><V16/><F16/><W122/><G122/><T93/><D88/><U23/><E123/><V49/><F121/><W5/><G5/><T115/><D58/><U125/><E74/><V99/><F75/><W37/><G37/><T45/><D132/><U27/><E67/><V34/><F73/><W128/><G128/><T111/><D130/><U59/><E125/><V129/><F131/><W22/><G22/><T17/><D17/><U63/><E23/><V28/><F36/><W31/><G31/><T8/><D111/><U109/><E109/><V30/><F28/><W21/><G21/><T87/><D8/><U113/><E10/><V62/><F30/><W41/><G41/><N who="0" m="24879" /><D115/><U92/><E113/><V35/><F120/><W26/><G26/><RYUUKYOKU ba="1,1" sc="212,15,246,-15,464,-15,68,15" hai0="77,80,87,93,94,100,103" hai3="4,7,38,39,42,43,48,52,55,82,83,84,86" /><INIT seed="7,2,1,5,0,90" ten="227,231,449,83" oya="3" hai0="55,93,0,51,89,41,115,120,73,63,50,26,17" hai1="35,29,13,39,10,14,91,116,59,65,45,129,28" hai2="133,130,96,97,105,127,108,83,3,33,16,36,132" hai3="125,92,42,46,62,74,69,103,85,66,44,53,124"/><W113/><G74/><T126/><D0/><U4/><E35/><V71/><F36/><W99/><G113/><T119/><D120/><U60/><E129/><V22/><F71/><W75/><G75/><T101/><D119/><U30/><E116/><V23/><F33/><W107/><G53/><T67/><D126/><U20/><E91/><V12/><F3/><W19/><G19/><T70/><D115/><U121/><E121/><V131/><F83/><W6/><G6/><T95/><D101/><U88/><E88/><V21/><F127/><N who="3" m="48715" /><G42/><T24/><D73/><U40/><REACH who="1" step="1"/><E13/><REACH who="1" ten="227,221,449,83" step="2"/><N who="2" m="9359" /><F131/><W2/><G2/><T102/><D17/><U15/><E15/><V32/><F130/><W104/><G104/><T8/><D41/><U57/><E57/><V27/><F105/><W86/><G107/><T52/><D8/><U43/><E43/><V48/><F12/><W114/><G114/><T128/><D128/><U100/><E100/><V106/><F106/><W118/><G118/><T11/><D11/><U76/><E76/><V112/><F112/><W82/><G82/><T5/><D5/><U98/><E98/><V68/><F97/><W117/><G117/><T61/><D102/><U110/><E110/><V77/><F108/><W7/><G7/><T58/><D89/><U134/><E134/><V72/><F133/><W84/><AGARI ba="2,2" hai="44,46,62,66,69,84,85,86,92,99,103" m="48715" machi="84" ten="30,3000,0" yaku="18,1,52,1" doraHai="90" who="3" fromWho="3" sc="227,-12,221,-12,449,-12,83,56" /><INIT seed="7,3,0,4,2,25" ten="215,209,437,139" oya="3" hai0="108,85,98,20,16,33,122,115,80,62,104,63,74" hai1="3,96,51,28,75,73,79,107,67,103,23,52,54" hai2="78,84,58,116,45,18,37,29,5,2,83,0,50" hai3="102,57,1,69,72,44,17,15,117,88,106,129,93"/><W111/><G117/><T114/><D33/><U26/><E3/><V38/><F38/><W59/><G69/><T65/><D74/><U4/><E4/><V9/><F37/><W49/><G1/><T112/><D108/><U127/><E127/><V47/><F47/><W126/><G72/><T86/><D122/><U8/><E8/><V76/><F58/><W77/><G77/><N who="0" m="46223" /><D86/><U24/><E67/><V22/><F116/><W87/><G111/><T121/><D65/><U124/><E124/><V31/><F78/><W55/><G126/><T128/><D128/><U105/><E105/><V71/><F71/><W100/><G129/><T64/><D64/><U82/><E73/><V130/><F0/><W35/><G35/><T39/><D39/><U90/><E51/><V119/><F119/><W81/><G106/><T21/><D21/><U134/><E134/><V91/><F76/><W14/><G14/><N who="0" m="9239" /><D121/><U7/><E7/><V94/><F130/><W99/><G102/><AGARI ba="3,0" hai="62,63,98,102,104,112,114,115" m="9239,46223" machi="102" ten="30,3900,0" yaku="15,1,11,1,54,1" doraHai="25" who="0" fromWho="3" sc="215,48,209,0,437,0,139,-48" owari="263,6.0,209,-19.0,437,54.0,91,-41.0" /></mjloggm>