<mjloggm ver="2.3"><GO type="169" lobby="0"/><UN n0="%73%61%6E%64%69%72%69%73" n1="%E3%81%BE%E3%83%BC%E3%81%95%EF%BC%A0%EF%BC%92%EF%BC%91" n2="%E3%82%A6%E3%83%AB%E3%83%88%E3%83%A9%E7%AB%8B%E7%9B%B4" n3="%63%75%6A%6F" dan="16,16,17,17" rate="2110.91,2119.26,2203.85,2165.43" sx="M,M,M,M"/><TAIKYOKU oya="0"/><INIT seed="0,0,0,2,3,38" ten="250,250,250,250" oya="0" hai0="91,73,44,32,103,26,97,3,128,21,54,85,87" hai1="118,1,109,52,69,47,12,110,67,64,80,61,79" hai2="133,19,114,126,78,7,56,68,43,111,48,116,18" hai3="14,58,122,98,94,25,123,115,2,105,74,23,39"/><T33/><D73/><U135/><E1/><V84/><F68/><W34/><G2/><T93/><D3/><U40/><E118/><V131/><F114/><W51/><G105/><T106/><D128/><U63/><E12/><V46/><F131/><W96/><G39/><T35/><D87/><U132/><E52/><V24/><F116/><W82/><G74/><T53/><REACH who="0" step="1"/><D44/><REACH who="0" ten="240,250,250,250" step="2"/><U112/><E112/><V107/><F84/><W95/><G115/><T72/><D72/><U77/><E47/><V120/><F46/><W134/><G123/><T81/><D81/><U124/><E80/><V6/><F120/><W108/><G122/><T17/><AGARI ba="0,1" hai="17,21,26,32,33,35,53,54,85,91,93,97,103,106" machi="17" ten="30,3000,0" yaku="1,1,0,1,53,0" doraHai="38" doraHaiUra="41" who="0" fromWho="0" sc="240,40,250,-10,250,-10,250,-10" /><INIT seed="0,1,0,5,2,90" ten="280,240,240,240" oya="0" hai0="62,111,129,20,87,103,108,94,63,42,122,25,109" hai1="58,44,11,50,101,115,38,76,39,13,102,2,79" hai2="72,121,46,55,22,106,75,64,126,52,10,7,4" hai3="43,33,73,54,135,92,49,14,67,66,128,97,133"/><T134/><D122/><U127/><E2/><V23/><F121/><W88/><G73/><T3/><D3/><U107/><E127/><V96/><F126/><W59/><G33/><T91/><D134/><N who="3" m="51209" /><G128/><T18/><D129/><U120/><E120/><V95/><F106/><W56/><G43/><T89/><D103/><U32/><E32/><V112/><F112/><W114/><G114/><T61/><D91/><U6/><E115/><V110/><F110/><W74/><G74/><T113/><D113/><U28/><E28/><V83/><F64/><N who="3" m="24619" /><G14/><T45/><REACH who="0" step="1"/><D63/><REACH who="0" ten="270,240,240,240" step="2"/><U53/><E102/><V48/><F83/><W77/><G77/><T15/><D15/><U131/><E79/><V35/><F75/><W86/><G86/><T9/><D9/><U80/><E131/><V40/><F72/><W70/><G70/><T5/><D5/><U47/><E80/><V36/><F10/><W1/><G1/><T29/><D29/><U34/><E76/><V12/><F12/><W26/><G26/><T123/><D123/><U27/><E101/><V51/><F4/><W31/><G31/><T100/><D100/><U0/><E0/><V99/><F7/><W8/><G8/><T41/><D41/><U69/><E6/><V125/><F40/><W117/><G117/><T37/><AGARI ba="1,1" hai="18,20,25,37,42,45,61,62,87,89,94,108,109,111" machi="37" ten="30,12000,1" yaku="1,1,0,1,14,1,10,1,52,1,53,0" doraHai="90" doraHaiUra="30" who="0" fromWho="0" sc="270,133,240,-41,240,-41,240,-41" /><INIT seed="0,2,0,2,1,36" ten="403,199,199,199" oya="0" hai0="72,13,110,106,76,29,26,18,78,4,115,109,7" hai1="20,122,87,118,39,86,21,8,34,94,40,2,65" hai2="47,130,9,135,104,19,93,23,3,134,74,90,89" hai3="24,103,96,131,52,62,85,10,97,82,99,12,38"/><T101/><D115/><U113/><E118/><V127/><F104/><W5/><G131/><T6/><D101/><U56/><E34/><V107/><F107/><W37/><G24/><T41/><D106/><U114/><E122/><V95/><F74/><W1/><G1/><T128/><D72/><U83/><E94/><V69/><F69/><W60/><G103/><T92/><D92/><U16/><E65/><V51/><F130/><W49/><G38/><T30/><D128/><U121/><E56/><V55/><F127/><W27/><G27/><T77/><D41/><U71/><E71/><V35/><F35/><W112/><G37/><T54/><D54/><U105/><E105/><V132/><F95/><W116/><G116/><T0/><D0/><U100/><E100/><V45/><F45/><N who="3" m="27695" /><G112/><T73/><D73/><U63/><E121/><V84/><F90/><AGARI ba="2,0" hai="5,10,12,60,62,82,85,90,96,97,99" m="27695" machi="90" ten="30,2000,0" yaku="8,1,54,1" doraHai="36" who="3" fromWho="2" sc="403,0,199,0,199,-26,199,26" /><INIT seed="1,0,0,3,1,58" ten="403,199,173,225" oya="1" hai0="125,89,28,64,34,72,126,18,79,105,32,121,30" hai1="73,70,110,75,123,86,22,31,25,56,104,67,84" hai2="133,120,55,116,7,48,2,124,99,50,132,52,127" hai3="66,19,59,103,42,10,74,11,109,106,77,118,3"/><U69/><E123/><V101/><F2/><W100/><G109/><T94/><D105/><U39/><E39/><V87/><F7/><W97/><G103/><T135/><D64/><U44/><E104/><V51/><F87/><W6/><G118/><T130/><D130/><U119/><E119/><V65/><F116/><W92/><G42/><T128/><D128/><U63/><E44/><V71/><F99/><W14/><G106/><T33/><D135/><N who="2" m="51786" /><F101/><W98/><G98/><T108/><D108/><U38/><E38/><V80/><F80/><W76/><G74/><T36/><D36/><U37/><E37/><V29/><F29/><W131/><G131/><T129/><D18/><U47/><E110/><V53/><F120/><W16/><G19/><T68/><D68/><U62/><E47/><V41/><F41/><W107/><G107/><T12/><D12/><U23/><E56/><V8/><F8/><W83/><G83/><N who="0" m="45543" /><D121/><U82/><E82/><V91/><F91/><W26/><G26/><T49/><D129/><U96/><E96/><V102/><F102/><W35/><G35/><T54/><D89/><U15/><E15/><V90/><F90/><W27/><G27/><T61/><D94/><U81/><E81/><V88/><F88/><W93/><G93/><T85/><D85/><N who="1" m="32875" /><E22/><V1/><F1/><W78/><G78/><T24/><D34/><U112/><E75/><V57/><F71/><W114/><G76/><T45/><D33/><U4/><E73/><V134/><N who="2" m="51794" /><V21/><DORA hai="122" /><F21/><W113/><G77/><T115/><D32/><U60/><E70/><RYUUKYOKU ba="0,0" sc="403,-15,199,-15,173,15,225,15" hai2="48,50,51,52,53,55,57,65,124,127" hai3="3,6,10,11,14,16,59,66,92,97,100,113,114" /><INIT seed="2,1,0,4,1,62" ten="388,184,188,240" oya="2" hai0="17,9,74,37,68,39,24,91,66,3,104,77,1" hai1="53,47,59,110,123,12,14,29,60,109,18,19,87" hai2="130,46,40,35,102,20,49,120,67,23,93,100,80" hai3="43,26,72,90,78,76,13,111,92,127,61,45,58"/><V75/><F120/><W97/><G111/><N who="1" m="42506" /><E123/><V11/><F35/><W84/><G127/><T70/><D104/><U21/><E29/><V32/><F32/><W89/><G72/><T131/><D131/><U31/><E31/><V36/><F130/><W113/><G113/><T99/><D74/><U133/><E133/><V115/><F115/><W132/><G132/><T122/><D77/><U4/><E4/><V27/><F36/><W81/><G26/><T22/><D70/><U56/><E87/><V28/><F23/><W135/><G13/><T0/><D122/><U65/><E47/><V54/><F67/><N who="3" m="39351" /><G135/><T71/><D71/><N who="1" m="42407" /><E53/><V83/><F75/><W7/><G7/><T33/><D33/><U96/><E96/><V63/><F11/><AGARI ba="1,0" hai="11,12,14,18,19,21,56,59" m="42407,42506" machi="11" ten="30,2000,0" yaku="14,1,52,1" doraHai="62" who="1" fromWho="2" sc="388,0,184,23,188,-23,240,0" /><INIT seed="3,0,0,2,0,51" ten="388,207,165,240" oya="3" hai0="127,9,31,133,45,44,6,1,54,88,58,24,81" hai1="40,79,73,7,46,66,68,89,63,70,117,90,107" hai2="65,18,26,25,35,38,28,85,98,16,39,123,29" hai3="126,2,19,93,125,124,72,55,20,114,67,91,52"/><W33/><G33/><T131/><D131/><U32/><E70/><V129/><F129/><W15/><G114/><T10/><D133/><U101/><E117/><V59/><F123/><W23/><G2/><T13/><D127/><U22/><E32/><V130/><F130/><W96/><G72/><T116/><D116/><U99/><E7/><V47/><F85/><W50/><G67/><T83/><D83/><U128/><E128/><V102/><F65/><W111/><G111/><T56/><D56/><U77/><E73/><V105/><F59/><W60/><G60/><T8/><D24/><U80/><E22/><N who="3" m="8234" /><G50/><N who="0" m="31063" /><D31/><U119/><E119/><V132/><F132/><W103/><G103/><T78/><D78/><U121/><E121/><V64/><F64/><W3/><G3/><T87/><D1/><U134/><E134/><V27/><F35/><W115/><G115/><T75/><D75/><U34/><E34/><V86/><F29/><W17/><G17/><T57/><D57/><U135/><E135/><V43/><F28/><W112/><G112/><T4/><D4/><U37/><E79/><V84/><F39/><W113/><G113/><T118/><D118/><U41/><E77/><V11/><REACH who="2" step="1"/><F18/><REACH who="2" ten="388,207,155,240" step="2"/><W120/><G120/><T5/><D5/><U74/><E74/><V21/><F21/><AGARI ba="0,1" hai="15,19,21,52,55,91,93,96,124,125,126" m="8234" machi="21" ten="30,11600,0" yaku="18,1,52,2,54,1" doraHai="51" who="3" fromWho="2" sc="388,0,207,0,155,-116,240,126" /><INIT seed="3,1,0,4,0,31" ten="388,207,39,366" oya="3" hai0="11,98,30,90,82,66,76,2,114,127,83,99,117" hai1="61,111,44,47,28,80,27,23,69,45,32,64,103" hai2="21,81,58,6,115,78,121,112,55,73,96,105,4" hai3="51,87,13,39,97,19,67,128,109,49,119,131,8"/><W50/><G119/><T43/><D117/><U92/><E111/><V129/><F121/><W116/><G116/><T89/><D30/><U14/><E80/><V86/><F129/><N who="3" m="49739" /><G39/><T54/><D43/><U134/><E134/><V91/><F21/><W100/><G87/><T24/><D24/><U52/><E14/><V7/><F58/><W25/><G67/><T38/><D66/><U135/><E135/><V18/><F55/><W34/><G109/><T16/><D2/><U130/><E130/><V107/><F18/><W1/><G1/><T59/><D38/><U40/><E52/><V102/><REACH who="2" step="1"/><F107/><REACH who="2" ten="388,207,29,366" step="2"/><N who="3" m="63887" /><G25/><T0/><D54/><U124/><E23/><V3/><F3/><W72/><G72/><T10/><D0/><U125/><E40/><V63/><F63/><W95/><G95/><AGARI ba="1,1" hai="4,6,7,73,78,81,86,91,95,96,102,105,112,115" machi="95" ten="40,5200,0" yaku="1,1,24,2,53,0" doraHai="31" doraHaiUra="62" who="2" fromWho="3" sc="388,0,207,0,29,65,366,-55" /><INIT seed="4,0,0,1,0,66" ten="388,207,94,311" oya="0" hai0="0,68,110,89,131,26,5,116,76,69,33,126,14" hai1="38,91,87,133,93,127,56,90,74,83,132,95,119" hai2="117,7,60,98,106,57,65,115,13,51,108,80,48" hai3="78,52,54,124,82,50,102,71,114,31,46,29,77"/><T99/><D116/><U121/><E38/><V53/><F108/><W55/><G102/><T18/><D76/><N who="1" m="44439" /><E56/><V129/><F117/><W2/><G2/><T105/><D131/><U81/><E119/><V27/><F129/><W125/><G78/><T12/><D126/><N who="3" m="48745" /><G71/><T134/><D134/><N who="1" m="51819" /><E127/><V1/><F115/><W97/><G97/><T19/><D110/><U101/><E121/><V32/><F1/><W37/><G37/><T39/><D39/><U20/><E20/><V9/><F80/><W16/><G16/><T112/><D112/><U88/><E101/><V94/><F106/><W4/><G4/><T72/><D72/><U62/><E62/><V25/><F32/><W135/><G114/><T128/><D128/><U6/><E6/><V21/><F21/><W3/><G3/><T17/><D0/><U42/><E42/><V35/><F35/><W64/><G64/><T85/><D5/><U86/><E86/><V84/><F84/><N who="3" m="48207" /><G135/><T96/><D33/><U41/><E41/><AGARI ba="0,0" hai="29,31,41,46,50,52,54,55" m="48207,48745" machi="41" ten="30,2000,0" yaku="18,1,54,1" doraHai="66" who="3" fromWho="1" sc="388,0,207,-20,94,0,311,20" /><INIT seed="5,0,0,1,1,72" ten="388,187,94,331" oya="1" hai0="15,73,24,12,41,14,122,109,37,76,44,88,9" hai1="118,89,60,32,126,33,23,43,0,45,16,111,55" hai2="4,53,10,133,13,5,7,91,48,51,69,39,101" hai3="110,22,108,38,125,90,36,28,77,82,75,66,57"/><U134/><E118/><V116/><F116/><W63/><G125/><T74/><D109/><U47/><E0/><V80/><F39/><W85/><G36/><T68/><D68/><U52/><E126/><V67/><F133/><W61/><G38/><T56/><D122/><U50/><E134/><V21/><F69/><W26/><REACH who="3" step="1"/><G63/><REACH who="3" ten="388,187,94,321" step="2"/><T71/><D37/><U11/><E111/><V78/><F51/><W117/><G117/><T120/><D120/><U8/><E33/><V107/><F48/><W19/><G19/><T62/><D62/><U1/><E32/><V99/><F4/><W105/><G105/><T103/><D9/><N who="1" m="3659" /><E60/><V100/><F5/><W30/><G30/><T113/><D113/><U102/><E1/><V131/><F107/><W31/><G31/><T83/><D71/><U104/><E104/><V58/><F10/><W135/><G135/><T127/><D127/><U79/><E45/><V18/><F7/><W59/><G59/><T64/><D56/><U6/><E6/><V112/><F112/><W94/><AGARI ba="0,1" hai="22,26,28,57,61,66,75,77,82,85,90,94,108,110" machi="94" ten="20,5200,0" yaku="1,1,0,1,7,1,52,1,53,0" doraHai="72" doraHaiUra="96" who="3" fromWho="3" sc="388,-13,187,-26,94,-13,321,62" /><INIT seed="6,0,0,0,3,59" ten="375,161,81,383" oya="2" hai0="6,94,134,123,111,49,92,87,129,55,8,95,118" hai1="7,14,135,98,36,96,71,72,116,28,32,9,48" hai2="65,89,114,41,67,83,35,47,20,54,75,91,61" hai3="22,45,131,60,15,126,3,130,117,29,2,125,121"/><V5/><F35/><W103/><G103/><T0/><D111/><U107/><E116/><V4/><F114/><W74/><G74/><T112/><D123/><U44/><E36/><V77/><F54/><W13/><G45/><T1/><D112/><U76/><E135/><V90/><F20/><W52/><G117/><T104/><D104/><U43/><E71/><V133/><F133/><W64/><G52/><T53/><D118/><U127/><E107/><V62/><F67/><W39/><G39/><T50/><D134/><U80/><REACH who="1" step="1"/><E127/><REACH who="1" ten="375,151,81,383" step="2"/><V19/><F19/><W68/><G125/><T110/><D110/><U17/><E17/><V79/><F79/><W27/><G126/><T10/><D129/><N who="3" m="49161" /><G121/><T12/><D50/><U109/><E109/><V88/><N who="2" m="22528" /><DORA hai="115" /><V105/><F105/><W86/><G86/><T33/><D87/><U85/><E85/><V25/><F25/><AGARI ba="0,1" hai="7,9,14,25,28,32,43,44,48,72,76,80,96,98" machi="25" ten="40,2600,0" yaku="1,1,53,1" doraHai="59,115" doraHaiUra="31,119" who="1" fromWho="2" sc="375,0,151,36,81,-26,383,0" /><INIT seed="7,0,0,0,1,65" ten="375,187,55,383" oya="3" hai0="13,14,126,91,109,43,124,38,35,3,28,22,55" hai1="41,100,5,93,135,103,21,20,26,127,106,88,57" hai2="79,81,90,131,133,107,0,86,108,51,134,12,69" hai3="16,72,130,36,95,64,34,11,61,15,39,44,113"/><W30/><G72/><T94/><D109/><U78/><E106/><V4/><F0/><W101/><G130/><T117/><D3/><U6/><E135/><V67/><F108/><W102/><G113/><T46/><D117/><U75/><E127/><N who="0" m="48681" /><D35/><U89/><E41/><V112/><F131/><W45/><G36/><T84/><D55/><U96/><E75/><V97/><F112/><W119/><G119/><T40/><D40/><U32/><E32/><V104/><F51/><W82/><G39/><T105/><D105/><U19/><E78/><V129/><F129/><W111/><G111/><T49/><D38/><U83/><E21/><V47/><F47/><N who="3" m="17995" /><G34/><T66/><D66/><U121/><E121/><V92/><F133/><W1/><G1/><T70/><D70/><U23/><E23/><V58/><F134/><W48/><G48/><T62/><D62/><U25/><E25/><AGARI ba="0,0" hai="13,14,22,25,28,43,46,49,84,91,94" m="48681" machi="25" ten="30,1000,0" yaku="18,1" doraHai="65" who="0" fromWho="1" sc="375,10,187,-10,55,0,383,0" owari="385,48.0,177,-22.0,55,-44.0,383,18.0" /></mjloggm>