<mjloggm ver="2.3"><GO type="225" lobby="0"/><UN n0="%E9%98%BF%E4%BF%AE%E7%BE%85%E4%BD%B3%E5%A5%88" n1="%E3%81%A9%E3%82%93%E3%82%88%E3%81%8F%4D%6B%2E%32" n2="%E3%83%88%E3%83%88%E3%83%AA%E5%85%88%E7%94%9F%31%39%E6%AD%B3" n3="%E3%82%A6%E3%83%92%E3%83%A7%E5%8A%A9" dan="17,17,17,16" rate="2171.30,2197.91,2176.90,2130.82" sx="F,M,F,M"/><TAIKYOKU oya="0"/><INIT seed="0,0,0,1,2,24" ten="250,250,250,250" oya="0" hai0="52,87,99,100,37,124,106,121,80,18,109,34,128" hai1="77,30,21,61,14,7,94,74,102,125,20,56,67" hai2="39,54,95,15,12,92,119,133,134,60,108,41,104" hai3="22,55,114,2,65,8,63,44,33,1,118,110,62"/><T9/><D121/><U16/><E125/><V81/><F104/><W3/><G118/><T64/><D37/><U86/><E74/><V83/><F119/><W35/><G114/><T111/><D34/><U84/><E7/><V29/><F108/><N who="0" m="41546" /><D64/><U85/><E77/><V31/><F39/><W68/><G110/><T45/><D124/><U88/><E102/><V115/><F54/><W13/><G22/><T113/><D113/><U0/><E0/><V117/><F115/><W5/><G44/><T112/><D112/><U79/><E79/><V42/><F117/><W130/><G130/><T89/><D128/><U27/><AGARI ba="0,0" hai="14,16,20,21,27,30,56,61,67,84,85,86,88,94" machi="27" ten="30,8000,1" yaku="0,1,8,1,52,1,54,2" doraHai="24" who="1" fromWho="1" sc="250,-40,250,80,250,-20,250,-20" /><INIT seed="1,0,0,3,4,51" ten="210,330,230,230" oya="1" hai0="33,65,135,77,115,56,2,131,130,90,52,112,91" hai1="128,101,13,87,69,7,41,63,118,78,122,70,117" hai2="133,86,103,95,21,64,18,124,96,57,53,68,8" hai3="15,55,104,31,116,35,74,10,58,71,83,0,106"/><U102/><E122/><V81/><F133/><W50/><G71/><T111/><D33/><U132/><E41/><V12/><F124/><W121/><G0/><T79/><D2/><U11/><E132/><V36/><F36/><W126/><G126/><T4/><D65/><U38/><E38/><V134/><F134/><W108/><G121/><T125/><D4/><U24/><E128/><N who="0" m="49193" /><D135/><U3/><E24/><V114/><F114/><N who="0" m="43562" /><D125/><U48/><E48/><N who="2" m="30887" /><F68/><W110/><G116/><T49/><D111/><N who="3" m="42537" /><G31/><T80/><D79/><U120/><E120/><V37/><F37/><W76/><G35/><T32/><D32/><U45/><E45/><V5/><F64/><W44/><G44/><T82/><D82/><U123/><E123/><V9/><F5/><AGARI ba="0,0" hai="5,10,15,50,55,58,74,76,83,104,106" m="42537" machi="5" ten="30,2000,0" yaku="14,1,52,1" doraHai="51" who="3" fromWho="2" sc="210,0,330,0,230,-20,230,20" /><INIT seed="2,0,0,5,3,44" ten="210,330,210,250" oya="2" hai0="36,3,39,37,61,121,15,129,60,6,134,57,5" hai1="122,65,14,29,40,119,26,47,131,83,126,41,22" hai2="130,92,21,87,2,18,75,118,7,107,53,31,108" hai3="117,35,76,77,11,110,38,124,12,98,45,32,24"/><V59/><F118/><W103/><G117/><T78/><D121/><U127/><E119/><V25/><F75/><W49/><G38/><T104/><D104/><U50/><E131/><V100/><F130/><W9/><G110/><T34/><D129/><U30/><E122/><V81/><F108/><W28/><G35/><T115/><D115/><U106/><E106/><V111/><F107/><W63/><G63/><T135/><D34/><U68/><E40/><V13/><F111/><W58/><G58/><T0/><D78/><U114/><E114/><V48/><F2/><N who="0" m="554" /><D15/><U62/><E14/><V73/><F73/><W86/><G86/><T105/><D105/><U123/><E123/><V97/><F7/><N who="0" m="2570" /><D57/><U93/><E93/><V8/><F87/><W52/><G124/><N who="1" m="47658" /><E83/><AGARI ba="0,0" hai="8,13,18,21,25,31,48,53,59,81,83,92,97,100" machi="83" ten="40,3900,0" yaku="8,1,52,1" doraHai="44" who="2" fromWho="1" sc="210,0,330,-39,210,39,250,0" /><INIT seed="2,1,0,3,0,6" ten="210,291,249,250" oya="2" hai0="31,73,116,102,92,120,51,132,14,83,0,97,11" hai1="107,77,54,33,75,24,68,94,115,58,93,46,91" hai2="99,118,65,66,130,127,69,49,76,129,95,63,59" hai3="32,29,61,79,85,48,64,67,110,7,103,90,72"/><V19/><F118/><W131/><G131/><N who="2" m="50185" /><F127/><W84/><G72/><T62/><D120/><U114/><E68/><V96/><F76/><W1/><G103/><T112/><D112/><U109/><E107/><V86/><F66/><W106/><G106/><T105/><D132/><U42/><E109/><V121/><F121/><W80/><G110/><T134/><D134/><U52/><E77/><V124/><F124/><W37/><G37/><T47/><D116/><U74/><E33/><V45/><F69/><W21/><G32/><T135/><D31/><U88/><E24/><V55/><F19/><W100/><G100/><T89/><D135/><U8/><E58/><V50/><F50/><W27/><G48/><T126/><D126/><U2/><E46/><V25/><F25/><W108/><G108/><T44/><D62/><U15/><E15/><V57/><F57/><W13/><G1/><T70/><D0/><U117/><E2/><V10/><F10/><N who="3" m="4319" /><G61/><T40/><D70/><U60/><E60/><V12/><F12/><W111/><G111/><T26/><D26/><U78/><E78/><V28/><F28/><W113/><G113/><T56/><D56/><U133/><E133/><V71/><F71/><W98/><G98/><T41/><D47/><U16/><E117/><V43/><F65/><W104/><G104/><T34/><D34/><U125/><E125/><V17/><F17/><W128/><G128/><T119/><D119/><U122/><E16/><V82/><F99/><W23/><G23/><T38/><D51/><U4/><E122/><V36/><F49/><W20/><G20/><RYUUKYOKU ba="1,0" sc="210,-10,291,-10,249,-10,250,30" hai3="21,27,29,64,67,79,80,84,85,90" /><INIT seed="3,2,0,5,3,120" ten="200,281,239,280" oya="3" hai0="44,119,9,59,68,91,107,40,128,11,7,101,132" hai1="109,25,112,53,104,74,65,93,61,95,8,135,27" hai2="105,80,113,46,42,122,83,3,111,118,30,100,78" hai3="19,52,62,38,75,77,28,125,131,26,106,102,0"/><W48/><G38/><T33/><D119/><U50/><E112/><V24/><F118/><W87/><G75/><T58/><D68/><U129/><E104/><V103/><F113/><W114/><G114/><T123/><D33/><U13/><E74/><V127/><F3/><W4/><G19/><T39/><D123/><U67/><E129/><V82/><F122/><W2/><G131/><T126/><D128/><U34/><E135/><V134/><F127/><W73/><G73/><T49/><D132/><U133/><E133/><V94/><F105/><W71/><G4/><T45/><D126/><U121/><E121/><V115/><F115/><W72/><G72/><T10/><D7/><U14/><E34/><V18/><F18/><W56/><G77/><T6/><D6/><U21/><E109/><V92/><F78/><W55/><G87/><T85/><D101/><U97/><E61/><V64/><F111/><W76/><G76/><T37/><D107/><U32/><E32/><V5/><F64/><N who="1" m="24649" /><E93/><V22/><F134/><W23/><G71/><T116/><D116/><U20/><E8/><V51/><F5/><W43/><G43/><T86/><D37/><U110/><E21/><V1/><F1/><W54/><G125/><T41/><REACH who="0" step="1"/><D86/><REACH who="0" ten="190,281,239,280" step="2"/><U98/><E98/><V84/><F84/><W81/><G106/><T88/><D88/><N who="1" m="55527" /><E110/><V60/><F100/><W66/><G102/><T130/><D130/><U90/><E90/><V99/><F92/><AGARI ba="2,1" hai="9,10,11,39,40,41,44,45,49,58,59,85,91,92" machi="92" ten="40,1300,0" yaku="1,1,53,0" doraHai="120" doraHaiUra="63" who="0" fromWho="2" sc="190,29,281,0,239,-19,280,0" /><INIT seed="4,0,0,4,0,82" ten="219,281,220,280" oya="0" hai0="111,71,132,14,87,80,16,94,126,49,117,102,38" hai1="60,59,96,124,39,56,8,101,17,93,97,9,4" hai2="133,52,53,13,85,29,32,45,88,127,24,50,21" hai3="35,70,12,54,118,90,79,98,135,110,69,0,58"/><T76/><D117/><U63/><E39/><V55/><F133/><W100/><G118/><T74/><D38/><U134/><E134/><V89/><F127/><W11/><G135/><T61/><D132/><U123/><E123/><V119/><F119/><W131/><G0/><T26/><D126/><U23/><E124/><V125/><F125/><W108/><G35/><T129/><D129/><U33/><E33/><V65/><F65/><W99/><G79/><T25/><D111/><U83/><E83/><N who="2" m="49215" /><F32/><W78/><G78/><T22/><D49/><U20/><E97/><V106/><F106/><W81/><G131/><T64/><REACH who="0" step="1"/><D87/><REACH who="0" ten="209,281,220,280" step="2"/><U18/><E60/><V121/><F121/><W92/><G110/><T10/><D10/><U68/><E63/><V115/><F115/><W5/><G108/><T103/><D103/><U42/><E9/><V72/><F72/><W15/><G100/><T104/><D104/><U28/><E8/><V2/><F2/><W27/><G11/><T1/><D1/><U84/><E84/><V95/><F13/><W6/><G12/><T77/><D77/><U86/><E86/><AGARI ba="0,1" hai="21,24,29,45,50,52,53,55,86,89,95" m="49215" machi="86" ten="30,8000,1" yaku="8,1,52,2,54,2" doraHai="82" who="2" fromWho="1" sc="209,0,281,-80,220,90,280,0" owari="209,-19.0,201,-30.0,310,41.0,280,8.0" /></mjloggm>