<mjloggm ver="2.3"><GO type="169" lobby="0"/><UN n0="%E5%A4%8F%E8%94%AD" n1="%E3%83%88%E3%83%88%E3%83%AA%E5%85%88%E7%94%9F%31%39%E6%AD%B3" n2="%E2%91%A3%E3%82%BB%E3%83%B3%E3%83%81" n3="%E2%80%A0%73%74%72%61%77%E2%80%A0" dan="16,19,18,16" rate="2116.63,2273.78,2148.47,2155.45" sx="M,F,M,M"/><TAIKYOKU oya="0"/><INIT seed="0,0,0,5,3,51" ten="250,250,250,250" oya="0" hai0="102,32,21,25,135,53,126,133,103,35,67,12,78" hai1="64,125,8,94,60,19,89,17,110,4,87,5,45" hai2="54,130,29,121,83,79,84,82,49,122,80,59,91" hai3="1,99,75,23,43,111,24,113,39,65,131,9,100"/><T30/><D126/><U6/><E125/><V93/><F130/><W96/><G75/><T128/><D128/><U98/><E110/><V3/><F3/><W47/><G113/><T61/><D78/><U14/><E45/><V56/><F29/><W108/><G131/><T116/><D116/><U40/><E40/><V41/><F41/><W58/><G1/><T114/><D114/><U106/><E19/><V15/><F79/><W46/><G46/><T11/><D53/><U36/><E36/><V105/><F105/><W31/><G9/><T50/><D50/><U16/><E17/><V69/><F69/><W90/><G90/><T62/><D35/><U132/><E132/><N who="0" m="50761" /><D32/><U86/><REACH who="1" step="1"/><E106/><REACH who="1" ten="250,240,250,250" step="2"/><V129/><F129/><W44/><G47/><T28/><D30/><U22/><E22/><V127/><F127/><W120/><G44/><T0/><D21/><U48/><E48/><V72/><F72/><W70/><G39/><T66/><D28/><U26/><E26/><V42/><F42/><W118/><G43/><T77/><D25/><U55/><E55/><V18/><REACH who="2" step="1"/><F59/><AGARI ba="0,1" hai="4,5,6,8,14,16,59,60,64,86,87,89,94,98" machi="59" ten="40,8000,1" yaku="1,1,8,1,54,1,53,1" doraHai="51" doraHaiUra="63" who="1" fromWho="2" sc="250,0,240,90,250,-80,250,0" /><INIT seed="1,0,0,4,5,22" ten="250,330,170,250" oya="1" hai0="51,52,112,11,69,105,36,46,57,134,10,58,9" hai1="127,47,61,96,20,55,82,23,80,60,79,27,48" hai2="87,50,29,92,99,63,0,84,31,93,30,28,70" hai3="117,33,18,21,54,100,32,104,98,107,76,64,16"/><U17/><E127/><V95/><F0/><W49/><G117/><T103/><D112/><U118/><E118/><V85/><N who="2" m="7168" /><DORA hai="131" /><V37/><F37/><W13/><G107/><T116/><D116/><U35/><E35/><V83/><F50/><W86/><G64/><T89/><D69/><U41/><E23/><V75/><F75/><W68/><G68/><T122/><D122/><U2/><E2/><V81/><F99/><W109/><G109/><T78/><D78/><U73/><E82/><V77/><F77/><W135/><G135/><T129/><D129/><U97/><E97/><V102/><F102/><W1/><G1/><T108/><D108/><U5/><E5/><V130/><F130/><W62/><G62/><T128/><D128/><U25/><E25/><V15/><F15/><W113/><G113/><T67/><D134/><U56/><REACH who="1" step="1"/><E96/><REACH who="1" ten="250,320,170,250" step="2"/><V94/><F94/><W123/><G123/><T53/><D105/><U125/><E125/><V40/><F40/><W114/><G114/><T19/><D10/><U111/><E111/><V71/><F71/><W8/><G76/><T12/><D11/><U66/><E66/><AGARI ba="0,1" hai="63,66,70,81,83,84,85,87,92,93,95" m="7168" machi="66" ten="60,3900,0" yaku="29,2" doraHai="22,131" who="2" fromWho="1" sc="250,0,320,-39,170,49,250,0" /><INIT seed="2,0,0,2,4,115" ten="250,281,219,250" oya="2" hai0="49,52,48,51,15,19,94,68,90,59,27,22,108" hai1="103,106,30,78,67,98,42,88,123,58,132,104,66" hai2="54,3,130,73,13,109,113,32,72,4,76,114,63" hai3="1,87,117,125,23,118,107,122,75,124,39,92,79"/><V2/><F32/><W102/><G39/><T40/><D68/><U37/><E106/><V29/><F29/><W86/><G1/><T82/><D108/><U133/><E123/><V44/><F13/><W38/><G38/><T35/><D35/><U131/><E131/><V33/><F33/><W31/><G122/><T135/><D135/><N who="1" m="51787" /><E78/><V18/><F18/><W101/><G23/><N who="0" m="11775" /><D82/><U120/><E120/><V61/><F76/><W21/><G21/><T62/><D40/><U91/><E30/><V110/><F44/><W95/><G31/><N who="0" m="17911" /><D62/><N who="1" m="38231" /><E67/><V134/><F134/><W41/><G41/><T99/><AGARI ba="0,0" hai="48,49,51,52,59,90,94,99" m="17911,11775" machi="99" ten="30,2000,0" yaku="8,1,54,1" doraHai="115" who="0" fromWho="0" sc="250,20,281,-5,219,-10,250,-5" /><INIT seed="3,0,0,5,5,62" ten="270,276,209,245" oya="3" hai0="5,52,31,18,35,70,9,15,67,12,30,0,104" hai1="27,103,112,64,3,11,47,7,82,106,79,72,20" hai2="114,124,4,84,100,85,1,122,107,75,113,128,74" hai3="130,116,89,48,92,77,115,60,26,54,57,80,33"/><W111/><G116/><T101/><D12/><U78/><E112/><N who="2" m="43115" /><F4/><W110/><G130/><T28/><D35/><U126/><E126/><V86/><F1/><W119/><G119/><T42/><D42/><U6/><E6/><V69/><F69/><W121/><G121/><T43/><D43/><U120/><E120/><V32/><F32/><W135/><G135/><T40/><D40/><U98/><E78/><V93/><F122/><W105/><G105/><T63/><D52/><U19/><REACH who="1" step="1"/><E47/><REACH who="1" ten="270,266,209,245" step="2"/><V87/><F124/><W49/><G115/><T41/><D41/><U58/><E58/><V108/><F128/><W73/><G111/><T61/><D5/><U91/><E91/><N who="2" m="53479" /><F108/><W133/><G110/><T45/><D45/><U25/><E25/><V66/><F66/><AGARI ba="0,1" hai="3,7,11,19,20,27,64,66,72,79,82,98,103,106" machi="66" ten="40,8000,1" yaku="1,1,52,2,53,1" doraHai="62" doraHaiUra="94" who="1" fromWho="2" sc="270,0,266,90,209,-80,245,0" /><INIT seed="4,0,0,3,2,27" ten="270,356,129,245" oya="0" hai0="93,37,75,41,111,103,76,134,60,66,98,31,38" hai1="131,11,117,70,55,122,119,64,24,30,73,14,126" hai2="4,71,102,112,88,105,129,53,52,1,74,9,110" hai3="5,79,19,44,33,85,133,0,104,128,118,26,115"/><T92/><D134/><U32/><E122/><V135/><F71/><W43/><G104/><T63/><D111/><U116/><E73/><V107/><F110/><W106/><G118/><T6/><D6/><U57/><E131/><V124/><F74/><W83/><G106/><T62/><D66/><U96/><E126/><V97/><F124/><W40/><G128/><T20/><D92/><U48/><E96/><V81/><F129/><W22/><G133/><T36/><D41/><U29/><E29/><V42/><F135/><W15/><G115/><T89/><D103/><U65/><REACH who="1" step="1"/><E70/><REACH who="1" ten="270,346,129,245" step="2"/><V127/><F127/><W21/><G44/><T34/><D75/><U46/><E46/><V54/><F112/><W49/><G33/><T45/><D34/><U61/><E61/><V125/><F125/><W47/><G47/><T23/><D45/><U120/><E120/><V7/><F42/><W16/><G43/><T56/><D31/><U108/><E108/><V3/><F107/><W87/><G40/><T82/><D62/><U2/><E2/><V67/><F67/><W39/><G39/><T121/><D63/><U25/><E25/><V84/><REACH who="2" step="1"/><F7/><AGARI ba="0,1" hai="7,11,14,24,30,32,48,55,57,64,65,116,117,119" machi="7" ten="40,2600,0" yaku="1,1,52,1,53,0" doraHai="27" doraHaiUra="77" who="1" fromWho="2" sc="270,0,346,36,129,-26,245,0" /><INIT seed="5,0,0,0,4,104" ten="270,382,103,245" oya="1" hai0="34,46,107,54,105,56,76,22,79,110,37,121,52" hai1="97,63,42,26,72,109,93,82,74,95,12,25,111" hai2="89,87,132,49,92,20,61,15,80,31,1,77,11" hai3="35,98,32,21,39,51,62,7,70,83,120,68,5"/><U16/><E42/><V130/><F130/><W71/><G39/><T101/><D34/><U75/><E63/><V102/><F132/><W96/><G120/><T118/><D110/><N who="1" m="41995" /><E82/><V43/><F1/><W85/><G21/><T66/><D118/><U18/><E93/><V78/><F102/><W122/><G122/><T17/><D121/><U69/><E69/><V33/><F33/><N who="3" m="12875" /><G51/><T84/><D66/><U28/><E28/><V27/><F61/><W23/><G23/><T59/><D37/><U48/><E48/><V131/><F131/><W55/><G83/><T30/><D30/><U100/><E16/><V6/><REACH who="2" step="1"/><F80/><REACH who="2" ten="270,382,93,245" step="2"/><W47/><G62/><T117/><D101/><U41/><E41/><V67/><F67/><W64/><G64/><T106/><D117/><U99/><E99/><V124/><F124/><W108/><G98/><T8/><D106/><U0/><E0/><V116/><F116/><W19/><G96/><T45/><D105/><U90/><E100/><V44/><AGARI ba="0,1" hai="6,11,15,20,27,31,43,44,49,77,78,87,89,92" machi="44" ten="30,4000,0" yaku="1,1,0,1,8,1,53,0" doraHai="104" doraHaiUra="133" who="2" fromWho="2" sc="270,-10,382,-20,93,50,245,-10" /><INIT seed="6,0,0,2,2,122" ten="260,362,143,235" oya="2" hai0="82,25,46,133,22,1,108,112,23,128,93,7,109" hai1="111,17,76,42,33,16,35,49,129,41,131,9,126" hai2="91,73,3,86,45,57,97,101,39,106,56,28,2" hai3="115,90,11,5,99,24,118,70,107,21,54,114,77"/><V85/><F73/><W119/><G70/><T38/><D112/><N who="3" m="43049" /><G77/><T132/><D93/><U96/><E111/><N who="0" m="42569" /><D82/><U53/><E126/><V94/><F28/><N who="3" m="17423" /><G54/><T95/><D95/><U79/><E9/><V102/><F102/><N who="3" m="62943" /><G90/><T6/><D128/><U15/><E53/><V81/><F2/><W125/><G125/><T113/><D113/><U71/><E96/><V55/><F3/><AGARI ba="0,0" hai="3,5,11,118,119" m="62943,17423,43049" machi="3" ten="30,2000,0" yaku="15,1,11,1" doraHai="122" who="3" fromWho="2" sc="260,0,362,0,143,-20,235,20" /><INIT seed="7,0,0,0,3,125" ten="260,362,123,255" oya="3" hai0="34,4,91,39,76,66,31,120,109,22,103,108,85" hai1="70,94,97,12,44,19,23,26,0,92,90,28,81" hai2="53,112,65,126,17,33,127,133,58,134,132,75,71" hai3="36,47,48,49,62,84,67,63,116,52,45,18,106"/><W88/><G106/><T29/><D120/><U46/><E70/><V113/><F33/><W2/><G2/><T68/><D34/><U27/><E0/><V54/><F75/><W115/><G116/><T24/><D39/><U11/><E81/><V135/><N who="2" m="33792" /><DORA hai="93" /><V105/><F105/><W51/><G115/><N who="2" m="44105" /><F17/><W21/><G36/><T102/><D76/><U69/><E69/><V6/><F6/><W96/><G96/><T37/><D37/><U118/><E118/><V35/><F35/><W13/><G67/><T16/><D4/><U38/><E38/><V131/><F131/><W25/><G25/><T59/><D16/><U15/><E27/><V78/><F78/><W128/><G128/><T57/><D24/><U130/><E130/><V122/><F122/><W72/><G72/><T14/><D108/><U43/><E15/><V10/><F10/><W30/><G30/><T8/><D29/><U95/><E11/><V55/><F71/><W80/><G49/><T121/><D68/><U79/><E26/><V129/><F129/><W101/><G101/><T3/><D102/><U123/><E28/><V77/><F77/><W98/><G98/><T5/><D103/><U117/><E79/><V110/><F110/><W87/><G87/><T99/><D31/><U74/><E74/><V86/><F86/><W111/><G111/><T41/><D85/><U9/><E123/><V64/><F58/><W61/><G47/><T114/><D59/><U40/><E46/><V119/><F119/><W104/><G104/><T32/><D109/><U100/><E117/><V60/><F65/><RYUUKYOKU ba="0,0" sc="260,-15,362,-15,123,15,255,15" hai2="53,54,55,60,64,126,127" hai3="13,18,21,45,48,51,52,61,62,63,80,84,88" /><INIT seed="7,1,0,5,4,112" ten="245,347,138,270" oya="3" hai0="113,5,64,21,68,66,122,11,69,48,40,30,25" hai1="54,110,44,50,49,55,22,96,86,100,58,119,99" hai2="12,35,38,103,27,90,33,134,51,89,123,63,59" hai3="31,133,85,71,9,52,16,74,130,0,4,18,91"/><W131/><G74/><T53/><D122/><U115/><E110/><V60/><F38/><W23/><G133/><T72/><D72/><U8/><E115/><V13/><F103/><W24/><G71/><T132/><D113/><U92/><E119/><V65/><F65/><W78/><G78/><T87/><D132/><U3/><E3/><V81/><F134/><W111/><G111/><T10/><D68/><U118/><E118/><V61/><F123/><W6/><G6/><T104/><D104/><U46/><E8/><V106/><F106/><W20/><G52/><T93/><D40/><U80/><E96/><V95/><F81/><W117/><G117/><T15/><D10/><U98/><E22/><V129/><F129/><N who="3" m="49163" /><G91/><N who="0" m="53503" /><D69/><U70/><E70/><V128/><F128/><W77/><G77/><T26/><D26/><U108/><E108/><V76/><F76/><W83/><G83/><T107/><D107/><U120/><E120/><V109/><F109/><W126/><G85/><T19/><D5/><U57/><E98/><V17/><F90/><AGARI ba="1,0" hai="44,46,49,50,54,55,57,58,80,86,90,92,99,100" machi="90" ten="30,3900,0" yaku="7,1,9,1,8,1" doraHai="112" who="1" fromWho="2" sc="245,0,347,42,138,-42,270,0" owari="245,-15.0,389,48.0,96,-40.0,270,7.0" /></mjloggm>