<mjloggm ver="2.3"><GO type="97" lobby="0"/><UN n0="%E3%83%95%E3%83%AA%E3%83%AB%E3%83%89%E3%83%BC%E3%83%AB" n1="%E5%B0%B1%E6%B4%BB%E7%94%9F%40%E5%B7%9D%E6%9D%91%E8%BB%8D%E5%9B%A3" n2="%E3%83%8D%E3%83%83%E3%83%88%E5%8A%9B%E5%A3%AB" n3="%73%75%72%69%6D%37%37" dan="16,17,13,14" rate="2063.03,2194.32,1854.39,2053.03" sx="F,M,M,M"/><TAIKYOKU oya="0"/><INIT seed="0,0,0,0,3,13" ten="250,250,250,250" oya="0" hai0="53,121,134,5,46,39,88,107,92,115,47,110,24" hai1="58,125,64,90,79,131,71,78,35,67,84,62,54" hai2="36,2,32,44,6,113,82,55,63,41,109,8,4" hai3="100,70,102,130,116,12,76,93,38,120,73,74,21"/><T86/><D121/><U66/><E35/><V16/><F113/><W31/><G116/><T129/><D115/><U25/><E125/><V119/><F119/><W104/><G38/><T132/><D107/><U19/><E131/><V135/><F32/><W34/><G70/><T95/><D5/><U11/><E71/><V45/><F135/><W112/><G130/><T80/><D129/><U65/><N who="1" m="16896" /><DORA hai="43" /><U3/><E3/><V85/><F109/><W72/><G34/><T108/><D24/><U29/><E29/><V97/><F97/><W48/><G120/><T7/><D7/><U20/><REACH who="1" step="1"/><E11/><REACH who="1" ten="250,240,250,250" step="2"/><V118/><F118/><W42/><G112/><T87/><D134/><U89/><E89/><N who="2" m="51383" /><F63/><W128/><G31/><T60/><D132/><U50/><E50/><N who="2" m="29135" /><F2/><W18/><G128/><T114/><D114/><U10/><E10/><V9/><F9/><W33/><G33/><T22/><D39/><U81/><AGARI ba="0,1" hai="19,20,25,54,58,62,78,79,81,84,90" m="16896" machi="81" ten="40,8000,1" yaku="1,1,0,1,8,1,52,1,53,0" doraHai="13,43" doraHaiUra="105,30" who="1" fromWho="1" sc="250,-40,240,90,250,-20,250,-20" /><INIT seed="1,0,0,2,3,129" ten="210,330,230,230" oya="1" hai0="105,75,1,11,48,45,42,107,12,51,63,121,127" hai1="88,41,18,130,114,57,10,84,65,100,99,125,43" hai2="44,106,89,71,118,26,126,113,21,122,55,3,76" hai3="134,117,103,66,19,73,83,28,50,9,59,81,101"/><U86/><E114/><V38/><F113/><W91/><G117/><T5/><D75/><U46/><E130/><V61/><F118/><W6/><G28/><T123/><D63/><N who="1" m="38127" /><E125/><V31/><F126/><W35/><G35/><T68/><D68/><U97/><E100/><V54/><F106/><W95/><G19/><T37/><D127/><U102/><E102/><V29/><F3/><W82/><G73/><T87/><D1/><U8/><E86/><V135/><F122/><W77/><G77/><T56/><D37/><U96/><E46/><V33/><F76/><W2/><G134/><T23/><D23/><U15/><E8/><V72/><F72/><W116/><G116/><T92/><D107/><U52/><E52/><V104/><F104/><W36/><G103/><T109/><D105/><U115/><E115/><V94/><F55/><W40/><G101/><T98/><D87/><U74/><E74/><V64/><F54/><N who="3" m="32215" /><G66/><T7/><D123/><U79/><E79/><V25/><F44/><W67/><G67/><T80/><D121/><U124/><E124/><V132/><REACH who="2" step="1"/><F38/><REACH who="2" ten="210,330,220,230" step="2"/><W13/><G36/><T49/><D45/><U78/><E78/><V24/><F24/><W14/><G2/><T53/><D42/><U119/><E119/><V22/><F22/><W27/><G27/><T20/><D20/><U69/><E69/><V90/><F90/><W30/><G40/><T110/><D49/><U4/><E41/><V39/><F39/><W111/><G14/><T58/><D51/><U47/><E15/><V93/><F93/><W70/><G70/><T128/><D48/><RYUUKYOKU ba="0,1" sc="210,-10,330,-10,220,30,230,-10" hai2="21,25,26,29,31,33,61,64,71,89,94,132,135" /><INIT seed="2,1,1,0,2,101" ten="200,320,250,220" oya="2" hai0="51,9,41,135,30,52,113,54,71,115,31,37,134" hai1="86,80,114,25,96,67,90,92,111,17,11,44,95" hai2="94,12,91,56,93,45,85,100,120,118,5,49,128" hai3="28,82,117,83,6,69,53,63,15,64,60,119,34"/><V110/><F120/><W58/><G34/><T16/><D71/><U121/><E111/><V65/><F118/><W132/><G132/><N who="0" m="50731" /><D41/><U24/><E114/><N who="0" m="43529" /><D37/><U50/><E67/><V79/><F128/><W131/><G131/><T1/><D1/><U8/><E121/><V127/><F79/><W98/><G98/><T107/><D107/><U13/><E11/><V62/><F127/><W47/><G28/><N who="0" m="10795" /><D51/><U105/><E105/><V129/><F129/><W33/><G33/><T66/><D66/><U75/><E75/><V32/><F32/><W42/><G119/><T40/><D40/><N who="1" m="24839" /><E92/><V87/><F110/><W36/><G117/><T46/><D46/><U122/><E122/><V104/><F104/><W21/><G6/><T43/><D43/><U18/><E18/><V7/><F12/><AGARI ba="1,1" hai="9,12,16,52,54" m="10795,43529,50731" machi="12" ten="40,5200,0" yaku="20,1,54,2" doraHai="101" who="0" fromWho="2" sc="200,65,320,0,250,-55,220,0" /><INIT seed="3,0,0,5,4,82" ten="265,320,195,220" oya="3" hai0="41,2,61,50,76,67,119,4,81,116,128,16,39" hai1="28,62,85,45,87,113,126,94,110,11,58,79,44" hai2="37,10,13,54,53,12,134,125,29,129,122,103,42" hai3="97,47,121,14,124,84,72,102,114,107,15,73,78"/><W101/><G47/><N who="1" m="17994" /><E110/><V9/><F122/><W22/><G121/><T130/><D50/><U131/><E131/><V127/><F103/><W7/><G114/><T71/><D41/><U92/><E126/><V8/><F42/><W57/><G57/><T86/><D39/><U60/><E79/><V64/><F37/><W123/><G123/><T23/><D4/><U25/><E11/><V70/><F29/><W30/><G72/><T96/><D96/><U66/><E60/><V80/><F80/><N who="3" m="47127" /><G73/><T33/><D33/><U111/><E111/><V108/><F108/><W118/><G118/><T31/><D31/><U95/><E113/><V120/><F120/><W91/><G107/><T115/><D2/><U105/><E105/><V63/><F129/><N who="0" m="49770" /><D115/><U74/><E74/><V34/><F34/><W6/><G124/><T52/><D52/><U38/><E38/><V43/><F10/><N who="3" m="4439" /><G97/><T135/><D135/><U69/><E69/><V117/><F117/><W3/><G3/><T98/><D98/><U27/><E28/><V17/><F43/><W93/><G30/><T132/><D132/><U32/><E32/><V40/><F134/><W65/><G65/><T21/><D21/><U104/><E104/><V59/><F40/><W18/><G7/><T100/><D100/><U26/><AGARI ba="0,0" hai="25,26,27,58,62,66,85,87,92,94,95" m="17994" machi="26" ten="40,5200,0" yaku="8,1,52,2" doraHai="82" who="1" fromWho="1" sc="265,-13,320,52,195,-13,220,-26" owari="252,5.0,372,48.0,182,-32.0,194,-21.0" /></mjloggm>