<mjloggm ver="2.3"><GO type="169" lobby="0"/><UN n0="%E6%89%8B%E5%BD%B9%E3%82%A2%E3%83%BC%E3%83%86%E3%82%A3%E3%82%B9%E3%83%88" n1="%E3%82%A6%E3%83%AB%E3%83%88%E3%83%A9%E7%AB%8B%E7%9B%B4" n2="%6D%61%73%79" n3="%E3%83%94%E3%82%AB%E5%90%BE%E9%83%8E" dan="16,18,16,17" rate="2087.81,2154.78,2014.45,2172.10" sx="M,M,M,M"/><TAIKYOKU oya="0"/><INIT seed="0,0,0,5,2,49" ten="250,250,250,250" oya="0" hai0="53,15,93,116,28,128,51,38,78,56,115,60,124" hai1="121,12,82,63,11,20,23,34,113,10,65,112,3" hai2="27,74,22,50,107,89,55,2,62,24,6,122,117" hai3="66,9,25,72,114,47,81,80,68,67,7,99,71"/><T30/><D115/><N who="1" m="44107" /><E34/><V92/><F122/><W84/><G114/><T120/><D120/><U102/><E102/><V100/><F74/><W18/><G72/><T21/><D116/><U37/><E37/><V98/><F117/><W126/><G126/><T17/><D124/><U95/><E82/><V127/><F127/><W5/><G99/><T77/><D128/><U70/><E95/><V90/><F62/><W101/><G101/><T32/><D38/><U76/><E76/><N who="0" m="29289" /><D32/><U0/><E121/><V8/><F27/><W57/><G25/><T45/><D93/><U33/><E33/><V75/><F75/><W106/><G106/><T14/><D15/><U83/><E83/><V54/><F107/><W79/><G80/><T130/><D130/><U94/><E94/><V91/><REACH who="2" step="1"/><F50/><REACH who="2" ten="250,250,240,250" step="2"/><W87/><G71/><T40/><AGARI ba="0,1" hai="14,17,21,28,30,40,45,51,53,56,60" m="29289" machi="40" ten="30,3000,0" yaku="8,1,52,1" doraHai="49" who="0" fromWho="0" sc="250,40,250,-10,240,-10,250,-10" /><INIT seed="0,1,0,2,0,21" ten="290,240,230,240" oya="0" hai0="68,72,94,18,28,56,35,129,2,108,16,95,51" hai1="116,55,47,98,13,37,121,87,89,79,17,48,10" hai2="52,85,96,69,124,119,27,75,29,120,118,131,81" hai3="14,125,109,82,130,107,66,76,9,100,12,110,26"/><T126/><D68/><U43/><E116/><N who="2" m="44587" /><F69/><W60/><G125/><T97/><D126/><U90/><E121/><V70/><F70/><N who="3" m="42311" /><G100/><T102/><D129/><U67/><E67/><V8/><F124/><W30/><G9/><T7/><D72/><U73/><E73/><V38/><F38/><W31/><G31/><T32/><D108/><N who="3" m="41577" /><G107/><T71/><D71/><U44/><E79/><V58/><F131/><W101/><G101/><T113/><D113/><U63/><E63/><N who="2" m="36295" /><F75/><N who="3" m="43295" /><G130/><T88/><D2/><U42/><E98/><V54/><F96/><W92/><G92/><T127/><D127/><U86/><E86/><V49/><F8/><W46/><G46/><T36/><D36/><U111/><E111/><V1/><F1/><W3/><G3/><T105/><D105/><U91/><REACH who="1" step="1"/><E43/><REACH who="1" ten="290,230,230,240" step="2"/><V64/><F120/><W6/><G6/><T128/><D128/><U40/><E40/><V106/><F64/><W80/><G80/><T114/><D114/><U41/><E41/><V74/><F74/><W22/><AGARI ba="1,1" hai="12,14,22,26,30" m="43295,41577,42311" machi="22" ten="30,2000,0" yaku="14,1,52,1" doraHai="21" who="3" fromWho="3" sc="290,-11,230,-6,230,-6,240,33" /><INIT seed="1,0,0,5,0,8" ten="279,224,224,273" oya="1" hai0="11,89,134,18,95,56,22,28,115,131,81,94,6" hai1="43,64,70,99,109,46,12,35,26,84,52,71,82" hai2="63,101,122,72,103,125,121,47,116,10,17,27,60" hai3="76,80,20,62,34,91,67,112,120,38,129,36,88"/><U66/><E109/><V50/><F116/><W107/><G34/><T61/><D115/><U133/><E133/><V106/><F72/><W104/><G112/><T33/><D131/><U98/><E26/><V93/><F106/><W0/><G0/><T100/><D134/><U9/><E35/><V42/><F125/><W3/><G3/><T79/><D100/><N who="2" m="38474" /><F122/><W16/><G120/><T126/><D28/><U30/><E30/><V130/><F130/><W97/><G129/><T23/><D126/><U92/><E70/><V21/><F121/><W51/><G51/><T69/><D69/><U111/><E71/><V118/><F118/><W117/><G117/><T119/><D119/><U123/><E123/><V128/><F128/><W65/><G107/><T57/><D33/><U19/><E111/><V75/><F75/><W49/><G38/><T25/><D22/><U29/><E29/><N who="2" m="17647" /><F93/><N who="3" m="56487" /><G36/><T1/><D89/><N who="1" m="55567" /><E43/><V85/><F85/><N who="3" m="50599" /><G104/><T59/><REACH who="0" step="1"/><D61/><REACH who="0" ten="269,224,224,273" step="2"/><U113/><E113/><V53/><F63/><W5/><G62/><T13/><D13/><U68/><E68/><V73/><F60/><W78/><G76/><T39/><D39/><U32/><E32/><V74/><F42/><W4/><G78/><T83/><D83/><U48/><E99/><V124/><F124/><W44/><G67/><T15/><D15/><U108/><E108/><V135/><F135/><W90/><G65/><T14/><D14/><U102/><E102/><V31/><F31/><W55/><G90/><AGARI ba="0,1" hai="9,12,19,46,48,52,64,66,82,84,90" m="55567" machi="90" ten="30,11600,0" yaku="25,1,8,1,52,1,54,1" doraHai="8" who="1" fromWho="3" sc="269,0,224,126,224,0,273,-116" /><INIT seed="1,1,0,5,3,92" ten="269,350,224,157" oya="1" hai0="62,129,75,88,128,21,65,51,27,8,46,133,1" hai1="57,124,55,58,53,60,85,45,96,126,63,67,42" hai2="69,95,7,9,111,44,37,105,123,103,29,122,13" hai3="14,39,134,132,112,107,61,74,64,2,91,117,33"/><U119/><E85/><V12/><F69/><W76/><G2/><T30/><D75/><U73/><E73/><V79/><F105/><W56/><G33/><T16/><D133/><N who="3" m="51305" /><G39/><T90/><D129/><U89/><E89/><V35/><F79/><W18/><G112/><T106/><D106/><U11/><E11/><V41/><F111/><W100/><G74/><T125/><D125/><N who="1" m="48235" /><E96/><V101/><F13/><W25/><G25/><T68/><D128/><U38/><E119/><V84/><F35/><W43/><G43/><T127/><D127/><U5/><E5/><V50/><F29/><W130/><G76/><T82/><D82/><U102/><E102/><V77/><F37/><W4/><G91/><T72/><D72/><U135/><E135/><V115/><F115/><W78/><G78/><T94/><D94/><U131/><E131/><V32/><F32/><W54/><G130/><T104/><D104/><U121/><E121/><N who="2" m="46091" /><F95/><W116/><G4/><T15/><REACH who="0" step="1"/><D1/><REACH who="0" ten="259,350,224,157" step="2"/><U93/><E93/><V20/><F103/><W66/><G100/><T71/><D71/><U49/><E38/><V0/><F101/><W120/><G107/><T110/><D110/><U108/><E108/><V48/><F0/><W36/><G36/><T19/><D19/><U34/><E34/><V22/><F84/><W23/><G120/><T24/><D24/><U98/><E98/><V86/><F86/><W47/><G116/><T26/><D26/><U81/><E81/><V40/><F77/><W59/><G117/><T3/><D3/><U80/><E80/><V109/><F109/><W6/><G18/><RYUUKYOKU ba="1,1" sc="259,10,350,10,224,10,157,-30" hai0="8,15,16,21,27,30,46,51,62,65,68,88,90" hai1="42,45,49,53,55,57,58,60,63,67" hai2="7,9,12,20,22,40,41,44,48,50" /><INIT seed="1,2,1,4,3,6" ten="269,360,234,127" oya="1" hai0="86,132,114,98,20,16,72,87,123,7,58,65,92" hai1="71,17,63,96,75,47,104,53,44,1,19,56,31" hai2="9,100,64,126,34,14,77,88,83,62,10,135,76" hai3="127,103,79,54,105,29,99,121,2,11,67,36,0"/><U111/><E75/><V116/><F116/><W49/><G36/><T101/><D114/><U82/><E1/><V70/><F34/><W5/><G121/><T28/><D72/><U115/><E115/><V43/><F135/><W21/><G79/><T112/><D112/><U41/><E111/><V81/><F126/><W119/><G127/><T109/><D109/><U30/><E71/><V48/><F100/><W128/><G67/><T93/><D132/><U50/><E82/><V35/><F35/><W61/><G61/><N who="0" m="38071" /><D7/><U118/><E118/><V23/><F83/><W80/><G80/><T25/><D123/><U131/><E131/><V13/><F23/><W39/><G39/><T68/><D68/><U133/><E133/><V134/><F134/><W94/><G119/><T102/><D28/><N who="1" m="10795" /><E104/><V57/><F70/><W124/><G124/><T37/><D37/><U8/><E96/><AGARI ba="2,1" hai="16,20,25,86,87,92,93,96,98,101,102" m="38071" machi="96" ten="30,2000,0" yaku="8,1,54,1" doraHai="6" who="0" fromWho="1" sc="269,36,360,-26,234,0,127,0" /><INIT seed="2,0,0,5,3,47" ten="305,334,234,127" oya="2" hai0="112,90,64,4,57,128,107,86,2,74,30,20,69" hai1="15,29,92,18,93,8,5,52,39,95,113,106,96" hai2="115,51,55,56,58,16,116,28,72,26,135,41,36" hai3="22,134,119,25,21,38,63,133,98,71,125,114,53"/><V60/><F115/><W85/><G38/><T45/><D74/><U83/><E39/><V87/><F72/><W100/><G119/><T31/><D107/><U122/><E122/><V13/><F116/><W17/><G114/><T14/><D2/><U121/><E113/><V33/><F135/><W131/><G125/><T34/><D34/><U108/><E108/><V75/><F75/><W35/><G35/><T10/><D128/><U89/><E121/><V19/><F36/><W67/><G131/><T77/><D77/><U23/><E29/><V7/><F41/><W102/><G85/><T99/><D99/><U130/><E130/><V12/><F87/><W43/><G43/><T37/><D69/><U110/><E106/><V91/><F91/><W103/><G98/><T66/><D112/><U129/><E83/><V124/><F124/><W48/><REACH who="3" step="1"/><G22/><REACH who="3" ten="305,334,234,117" step="2"/><T70/><D20/><U11/><E129/><V111/><F111/><W123/><G123/><T46/><D37/><U6/><E23/><V94/><F94/><W88/><G88/><T120/><D120/><U101/><E95/><V44/><F7/><W126/><G126/><T109/><D4/><U76/><E5/><V104/><F104/><W117/><G117/><T127/><D90/><U62/><E110/><V50/><F19/><W32/><G32/><T78/><D109/><U105/><E89/><V132/><F132/><W81/><G81/><T80/><D80/><U118/><E118/><V42/><F16/><W40/><G40/><T3/><D127/><U79/><E18/><V59/><F42/><W49/><G49/><RYUUKYOKU ba="0,1" sc="305,-10,334,-10,234,-10,117,30" hai3="17,21,25,48,53,63,67,71,100,102,103,133,134" /><INIT seed="3,1,1,3,1,88" ten="295,324,224,147" oya="3" hai0="113,12,96,101,118,77,27,8,79,60,1,121,76" hai1="41,85,59,46,31,20,14,45,84,94,54,23,128" hai2="47,115,112,134,21,80,74,40,92,64,78,17,32" hai3="28,71,119,129,49,123,34,42,90,33,39,114,68"/><W89/><G119/><T105/><D118/><U124/><E128/><V67/><F32/><W3/><G39/><T30/><D121/><U35/><E35/><V110/><F110/><W93/><G3/><T106/><D1/><U83/><E124/><V69/><F134/><W15/><G123/><T36/><D36/><U97/><E41/><V100/><F69/><W13/><G114/><T86/><D60/><N who="1" m="35959" /><E84/><V111/><F111/><W58/><G129/><T116/><D116/><U9/><E31/><V135/><F135/><W91/><G34/><T24/><D113/><U18/><E46/><V2/><F2/><W131/><G131/><T73/><D73/><U109/><E45/><V66/><F100/><W108/><G108/><T132/><D132/><U51/><E51/><V11/><F11/><W44/><G68/><T37/><D37/><U99/><E99/><V65/><F65/><W117/><G117/><T81/><D106/><U62/><E62/><V22/><F115/><W75/><G75/><T0/><D0/><U50/><E50/><N who="2" m="26983" /><F112/><W7/><G71/><T107/><D107/><U104/><E104/><V19/><F17/><W56/><G33/><T127/><D127/><U57/><E57/><N who="3" m="22122" /><G28/><T5/><D27/><U63/><E63/><V125/><F125/><W25/><G25/><T10/><D10/><U72/><E72/><V55/><F55/><W4/><G93/><T122/><D122/><U6/><E109/><V29/><F29/><W95/><G95/><T26/><D26/><U133/><E133/><V120/><F120/><W82/><G82/><T102/><D102/><RYUUKYOKU ba="1,1" sc="295,15,324,-15,224,-15,147,15" hai0="5,8,12,24,30,76,77,79,81,86,96,101,105" hai3="4,7,13,15,42,44,49,89,90,91" /><INIT seed="3,2,1,5,5,20" ten="310,309,209,162" oya="3" hai0="111,103,112,57,4,63,19,69,56,12,127,78,29" hai1="97,39,41,105,98,35,129,5,58,94,116,38,106" hai2="36,75,26,107,132,113,21,120,61,88,68,59,121" hai3="0,86,64,108,82,30,31,46,52,32,44,73,84"/><W135/><G0/><T96/><D111/><U131/><E5/><V8/><F107/><W100/><G73/><T124/><D112/><U55/><E35/><V99/><F75/><W2/><G2/><T60/><D78/><U125/><E125/><N who="0" m="48201" /><D4/><U133/><E133/><V9/><F36/><W42/><G64/><N who="0" m="41119" /><D29/><U109/><E109/><V123/><F68/><W80/><G108/><T93/><D60/><N who="1" m="35935" /><E98/><V91/><F113/><W90/><G135/><T128/><D128/><N who="1" m="49227" /><E116/><V48/><F48/><N who="3" m="26647" /><G32/><T67/><D67/><U10/><E10/><AGARI ba="2,1" hai="10,12,19,56,57,93,96,103" m="41119,48201" machi="10" ten="30,1000,0" yaku="18,1" doraHai="20" who="0" fromWho="1" sc="310,26,309,-16,209,0,162,0" /><INIT seed="4,0,0,1,4,14" ten="336,293,209,162" oya="0" hai0="25,34,115,71,59,108,67,50,96,37,105,44,94" hai1="72,87,119,48,129,101,32,125,114,86,23,113,107" hai2="89,88,49,117,0,76,43,79,123,46,106,28,134" hai3="78,118,5,33,4,10,51,47,20,85,111,90,95"/><T132/><D115/><N who="1" m="44043" /><E32/><V128/><F123/><W103/><G33/><T104/><D132/><U19/><E72/><V24/><F106/><W30/><G111/><T16/><D108/><U53/><E119/><V77/><F0/><W112/><G112/><T135/><D135/><U116/><E116/><V97/><F117/><W100/><G78/><T27/><D71/><U92/><E107/><V60/><F134/><W2/><G5/><T81/><D37/><U65/><E65/><V83/><F128/><W6/><G6/><T11/><D81/><U58/><E125/><V52/><F97/><W41/><G118/><T131/><D131/><U8/><E8/><V12/><F12/><W122/><G122/><T74/><D74/><U3/><E3/><V31/><F83/><W45/><G30/><N who="2" m="11305" /><F24/><W99/><G20/><T82/><D82/><U38/><E38/><V73/><F73/><W9/><G10/><T17/><D34/><U1/><E1/><V130/><F130/><W42/><REACH who="3" step="1"/><G99/><REACH who="3" ten="336,293,209,152" step="2"/><T18/><D11/><U36/><E129/><V22/><F22/><W64/><G64/><T66/><D66/><U127/><E127/><V69/><F69/><W56/><G56/><AGARI ba="0,1" hai="43,46,49,52,56,60,76,77,79,88,89" m="11305" machi="56" ten="30,3900,0" yaku="8,1,54,2" doraHai="14" who="2" fromWho="3" sc="336,0,293,0,209,49,152,-39" /><INIT seed="5,0,0,0,5,128" ten="336,293,258,113" oya="1" hai0="135,16,6,89,69,70,26,107,5,96,82,129,52" hai1="132,9,131,86,0,91,31,79,112,1,88,106,36" hai2="2,46,110,102,19,115,103,21,118,73,13,50,100" hai3="98,35,74,11,97,87,94,61,56,40,134,22,83"/><U72/><E131/><V120/><F118/><W29/><G35/><T125/><D129/><U116/><E116/><V84/><F73/><W108/><G108/><T30/><D125/><U15/><E36/><V4/><F110/><W123/><G74/><T127/><D127/><U99/><E31/><V49/><F120/><W38/><G123/><T14/><D135/><U34/><E34/><V8/><F115/><W93/><G38/><T104/><D69/><U58/><E58/><V75/><F75/><W55/><G40/><T43/><D43/><U121/><E91/><V92/><F50/><W80/><G87/><N who="0" m="50423" /><D70/><U53/><E53/><V95/><REACH who="2" step="1"/><F84/><REACH who="2" ten="336,293,248,113" step="2"/><W28/><G134/><T37/><D37/><U23/><E132/><V130/><F130/><W64/><G97/><T76/><D96/><U7/><E112/><V57/><F57/><W119/><G119/><T45/><D45/><U126/><E126/><V41/><AGARI ba="0,1" hai="2,4,8,13,19,21,41,46,49,92,95,100,102,103" machi="41" ten="30,4000,0" yaku="1,1,0,1,53,1" doraHai="128" doraHaiUra="44" who="2" fromWho="2" sc="336,-10,293,-20,248,50,113,-10" /><INIT seed="6,0,0,0,4,104" ten="326,273,298,103" oya="2" hai0="88,93,118,23,92,40,39,113,52,82,105,6,21" hai1="84,72,49,133,60,13,98,106,65,102,19,111,29" hai2="115,50,128,34,3,75,38,87,64,67,58,130,47" hai3="28,116,120,129,108,101,126,135,100,0,107,14,43"/><V25/><F75/><W70/><G28/><T22/><D105/><U16/><E111/><V78/><F3/><W18/><G43/><T5/><D113/><U56/><E133/><V132/><F132/><W44/><G44/><T114/><D114/><U110/><E110/><V20/><F34/><W7/><G101/><T30/><D30/><U122/><E122/><V51/><F38/><W66/><G14/><T62/><D40/><U81/><E29/><V41/><F115/><W8/><G18/><T91/><D39/><U95/><E49/><V37/><F37/><W55/><G55/><T86/><D118/><U79/><E13/><V69/><F87/><W131/><G108/><T90/><D82/><U80/><E80/><V73/><F69/><W63/><G135/><T53/><D62/><U119/><E119/><V61/><F51/><W35/><G35/><T117/><D117/><U1/><E1/><V76/><F67/><W31/><G31/><T15/><D15/><U45/><E45/><V59/><F59/><W32/><G32/><T77/><D77/><U33/><E33/><V46/><F46/><W24/><G24/><T96/><D90/><AGARI ba="0,0" hai="16,19,56,60,65,72,79,81,84,90,95,98,102,106" machi="90" ten="40,8000,1" yaku="24,2,52,1,54,1" doraHai="104" who="1" fromWho="0" sc="326,-80,273,80,298,0,103,0" /><INIT seed="7,0,0,0,2,108" ten="246,353,298,103" oya="3" hai0="20,0,84,122,125,46,117,107,57,89,92,115,44" hai1="30,54,118,6,41,38,131,34,91,120,45,61,129" hai2="75,17,81,95,79,53,70,35,2,77,4,116,74" hai3="73,55,126,1,58,29,87,69,18,123,16,19,109"/><W60/><G73/><T36/><D117/><U13/><E120/><V23/><F70/><W99/><G123/><T37/><D122/><U121/><E121/><V65/><F65/><W78/><G109/><T40/><D107/><U102/><E102/><V24/><F116/><W86/><G1/><T119/><D119/><U90/><E118/><V94/><F53/><W110/><G110/><T8/><D125/><U5/><E91/><V25/><F25/><W101/><G126/><T62/><D20/><U63/><E90/><V104/><F104/><W67/><G29/><T106/><D106/><U28/><E61/><V59/><F59/><W105/><REACH who="3" step="1"/><G78/><REACH who="3" ten="246,353,298,93" step="2"/><T133/><D133/><U3/><E3/><V83/><F35/><W51/><AGARI ba="0,1" hai="16,18,19,51,55,58,60,67,69,86,87,99,101,105" machi="51" ten="30,11700,0" yaku="1,1,2,1,0,1,54,1,53,0" doraHai="108" doraHaiUra="128" who="3" fromWho="3" sc="246,-39,353,-39,298,-39,93,127" /><INIT seed="7,1,0,5,5,68" ten="207,314,259,220" oya="3" hai0="123,59,84,37,116,29,99,26,3,135,81,21,67" hai1="106,100,125,7,72,120,85,126,66,132,39,8,118" hai2="30,122,128,35,69,134,124,73,49,79,115,82,83" hai3="51,20,96,111,57,117,12,121,25,31,47,104,15"/><W16/><G117/><T133/><D116/><U41/><E72/><V40/><F69/><W78/><G121/><T102/><D37/><U4/><E120/><V14/><F122/><W32/><G111/><T6/><D6/><U103/><E118/><V54/><F40/><W34/><G78/><N who="0" m="46135" /><D3/><U89/><E66/><V62/><F62/><W88/><G57/><T53/><D123/><U95/><E4/><V65/><F65/><W112/><G112/><T127/><D127/><N who="1" m="48651" /><E106/><V92/><F124/><W105/><G15/><T119/><D119/><U87/><E87/><V61/><F61/><W64/><G34/><T1/><D1/><N who="1" m="111" /><E132/><N who="0" m="50761" /><D67/><U22/><E22/><V129/><F134/><W58/><G64/><T0/><D0/><U33/><E33/><V27/><F83/><W36/><G58/><T19/><D29/><U10/><E10/><V48/><F115/><W2/><G2/><T44/><D44/><AGARI ba="1,0" hai="39,41,44,85,89,95,100,103" m="111,48651" machi="44" ten="30,2000,0" yaku="18,1,52,1" doraHai="68" who="1" fromWho="0" sc="207,-23,314,23,259,0,220,0" owari="184,-32.0,337,44.0,259,6.0,220,-18.0" /></mjloggm>