<mjloggm ver="2.3"><GO type="169" lobby="0"/><UN n0="%E3%82%B8%E3%82%A7%E3%83%B3%E3%83%88" n1="%E3%81%BE%E3%81%A4%E3%82%86%E3%81%8D" n2="%E3%82%A6%E3%83%AB%E3%83%88%E3%83%A9%E7%AB%8B%E7%9B%B4" n3="%E5%9B%A0%E5%B9%A1" dan="16,16,18,16" rate="2079.36,2197.96,2176.05,2083.68" sx="M,M,M,M"/><TAIKYOKU oya="0"/><INIT seed="0,0,0,4,1,54" ten="250,250,250,250" oya="0" hai0="39,25,18,132,103,48,135,119,94,69,126,46,98" hai1="52,42,38,23,6,7,92,109,65,97,73,85,19" hai2="71,76,118,60,113,99,88,24,114,20,40,117,86" hai3="121,107,91,31,45,0,75,93,102,36,27,13,95"/><T79/><D119/><N who="2" m="45578" /><F40/><W61/><G0/><T8/><D69/><U134/><E73/><V28/><F99/><W89/><G75/><T90/><D39/><U68/><E134/><N who="0" m="51241" /><D126/><U123/><E123/><V34/><F76/><W111/><G107/><T74/><D79/><U116/><E116/><V101/><F101/><W112/><G111/><T10/><D74/><U50/><E109/><V51/><F51/><W78/><G78/><T66/><D66/><U129/><E129/><V133/><F34/><W26/><G102/><T43/><D103/><U59/><E85/><V22/><F22/><AGARI ba="0,0" hai="8,10,18,22,25,43,46,48,90,94,98" m="51241" machi="22" ten="30,1500,0" yaku="20,1" doraHai="54" who="0" fromWho="2" sc="250,15,250,0,250,-15,250,0" /><INIT seed="0,1,0,0,5,69" ten="265,250,235,250" oya="0" hai0="64,54,67,6,18,124,17,107,42,57,74,95,82" hai1="0,127,52,35,34,77,30,104,33,10,75,83,39" hai2="81,48,16,88,118,103,14,43,32,115,76,128,85" hai3="24,96,46,55,4,72,38,105,41,106,31,84,110"/><T133/><D107/><U66/><E104/><V111/><F32/><W65/><G72/><T45/><D124/><U50/><E127/><V15/><F115/><W97/><G110/><T37/><D6/><U129/><E66/><V21/><F103/><W9/><G65/><T28/><D133/><U102/><E102/><V130/><F111/><W73/><G73/><T123/><D123/><U126/><E126/><V86/><F118/><W89/><G55/><T87/><D74/><U13/><E0/><V109/><F109/><W112/><G112/><T113/><D113/><U25/><E39/><V3/><F3/><W114/><G114/><T119/><D119/><U92/><E92/><V135/><F135/><W49/><G49/><T40/><D28/><U20/><E129/><V108/><F108/><W29/><G29/><T68/><D42/><U70/><E70/><V134/><F134/><W11/><G11/><T120/><D95/><U62/><E62/><V47/><REACH who="2" step="1"/><F14/><REACH who="2" ten="265,250,225,250" step="2"/><W27/><G106/><T44/><D120/><U61/><E34/><V60/><F60/><W58/><G105/><T23/><D68/><U79/><E61/><V7/><F7/><W99/><G27/><T2/><D2/><U36/><E35/><V22/><F22/><W63/><G4/><T80/><D23/><U59/><E33/><V78/><F78/><W56/><G9/><T12/><D12/><U100/><E77/><V26/><F26/><W116/><G116/><T101/><D101/><U5/><E100/><V94/><AGARI ba="1,1" hai="15,16,21,43,47,48,76,81,85,86,88,94,128,130" machi="94" ten="30,7900,0" yaku="1,1,0,1,54,2,53,0" doraHai="69" doraHaiUra="71" who="2" fromWho="2" sc="265,-40,250,-21,225,92,250,-21" /><INIT seed="1,0,0,1,5,36" ten="225,229,317,229" oya="1" hai0="75,74,4,130,119,89,122,73,123,76,111,16,120" hai1="121,42,57,79,13,35,17,109,9,21,46,93,116" hai2="61,47,106,90,62,27,118,25,60,56,18,19,105" hai3="6,14,110,7,104,100,92,29,20,128,108,71,64"/><U70/><E70/><V112/><F56/><W8/><G104/><T54/><D4/><U58/><E35/><V72/><F72/><W30/><G128/><T69/><D69/><U84/><E116/><V124/><F90/><W67/><G6/><T41/><D119/><U101/><E121/><V37/><F118/><W80/><G80/><T125/><D125/><U132/><E132/><V134/><F124/><W44/><G44/><T5/><D5/><U55/><E109/><N who="3" m="42090" /><G20/><T103/><D111/><U113/><E113/><V63/><F63/><N who="3" m="40351" /><G67/><T51/><D103/><U66/><E66/><V24/><F134/><W48/><G48/><T86/><D76/><U115/><E115/><V126/><F126/><W83/><G83/><T91/><D130/><U77/><E21/><V3/><F3/><W49/><G49/><T94/><D91/><N who="1" m="53479" /><E101/><V102/><F102/><W81/><G81/><T107/><D107/><U98/><E58/><V117/><F117/><W22/><G22/><T28/><D75/><U0/><E0/><V26/><F112/><W82/><G82/><T131/><D131/><U114/><E114/><V52/><F37/><W39/><G39/><T38/><D74/><U133/><E133/><V40/><F106/><W11/><G11/><T45/><D73/><U2/><E2/><V53/><N who="2" m="6144" /><DORA hai="87" /><V68/><F105/><W59/><G59/><N who="0" m="33247" /><D28/><U34/><E79/><V43/><F68/><W135/><G135/><T129/><D129/><U127/><E127/><V10/><F10/><W97/><AGARI ba="0,0" hai="7,8,14,29,30,92,97,100" m="40351,42090" machi="97" ten="30,1100,0" yaku="14,1" doraHai="36,87" who="3" fromWho="3" sc="225,-3,229,-5,317,-3,229,11" /><INIT seed="2,0,0,0,1,91" ten="222,224,314,240" oya="2" hai0="80,61,118,42,67,27,123,94,90,82,58,37,16" hai1="55,12,9,98,100,105,7,47,15,115,21,1,96" hai2="41,111,28,68,33,71,45,120,77,10,53,32,69" hai3="83,128,4,116,97,93,6,104,107,73,76,113,79"/><V50/><F120/><W49/><G116/><T119/><D123/><U48/><E115/><V24/><F111/><W51/><G113/><T121/><D121/><U132/><E132/><V75/><F10/><W78/><G128/><T26/><D118/><U99/><E1/><V70/><N who="2" m="17408" /><DORA hai="65" /><V13/><F13/><W17/><G73/><T131/><D131/><U124/><E124/><V8/><F8/><W72/><G72/><T89/><D37/><U14/><E14/><V134/><F134/><W60/><G60/><T110/><D110/><U127/><E127/><V29/><F29/><W81/><G17/><T63/><D42/><U5/><E5/><V0/><F0/><W88/><G104/><T130/><D63/><U23/><E12/><V52/><REACH who="2" step="1"/><F33/><REACH who="2" ten="222,224,304,240" step="2"/><W87/><G6/><T46/><D130/><U56/><E15/><V135/><F135/><W122/><G4/><T103/><D119/><U126/><E7/><V38/><F38/><W86/><G122/><T39/><D39/><U3/><E9/><V133/><F133/><W34/><G34/><T57/><D27/><U11/><E11/><V117/><F117/><W22/><G22/><T20/><D26/><U40/><E3/><V125/><F125/><W64/><G76/><T102/><D20/><U101/><E126/><V36/><F36/><W108/><G108/><T62/><D16/><U44/><E21/><V114/><F114/><W19/><G19/><T35/><D35/><U92/><E23/><V43/><F43/><W30/><G30/><T54/><D67/><U59/><E40/><V106/><F106/><RYUUKYOKU ba="0,1" sc="222,-10,224,-10,304,30,240,-10" hai2="24,28,32,41,45,50,52,53,75,77" /><INIT seed="2,1,1,5,3,53" ten="212,214,334,230" oya="2" hai0="71,80,69,113,73,16,57,3,65,118,115,47,110" hai1="121,108,126,92,50,8,63,20,135,109,79,68,106" hai2="4,120,52,84,117,14,49,105,124,93,38,76,25" hai3="44,72,55,34,29,62,122,64,111,60,91,131,0"/><V133/><F105/><W127/><G0/><T54/><D3/><U1/><E106/><V134/><F38/><W24/><G72/><T90/><D118/><U119/><E119/><V28/><F120/><W21/><G122/><T26/><D110/><U81/><E121/><V97/><F117/><W85/><G111/><T82/><D47/><U77/><E77/><V48/><F48/><N who="3" m="29063" /><G34/><T22/><D82/><U10/><E50/><V102/><F124/><W13/><G131/><T99/><D99/><U104/><E104/><V88/><F76/><W100/><G100/><T18/><D18/><U86/><E126/><V41/><F41/><W56/><G62/><T107/><D107/><U15/><E1/><V46/><F14/><W32/><G32/><T7/><D7/><U66/><E109/><V123/><F4/><W59/><G127/><T103/><D103/><U132/><E108/><V74/><F74/><W112/><G13/><T94/><D69/><U23/><E92/><V83/><REACH who="2" step="1"/><F123/><REACH who="2" ten="212,214,324,230" step="2"/><W128/><G128/><T31/><D73/><U9/><E15/><V78/><F78/><W75/><G75/><T27/><D113/><U89/><E79/><V33/><AGARI ba="1,2" hai="25,28,33,46,49,52,83,84,88,93,97,102,133,134" machi="33" ten="30,18000,2" yaku="1,1,0,1,54,2,53,2" doraHai="53" doraHaiUra="129" who="2" fromWho="2" sc="212,-61,214,-61,324,203,230,-61" /><INIT seed="2,2,0,2,1,48" ten="151,153,527,169" oya="2" hai0="2,118,65,96,26,44,73,58,41,108,62,4,37" hai1="21,124,20,16,121,88,132,90,56,54,27,14,115" hai2="91,53,116,35,59,13,122,134,110,30,23,71,89" hai3="120,49,105,83,64,34,119,125,9,81,127,12,85"/><V103/><F71/><W84/><G34/><T17/><D73/><U0/><E0/><V72/><F72/><W131/><G105/><T80/><D118/><U66/><E115/><V11/><F116/><W133/><G119/><T31/><D108/><U1/><E1/><V74/><F74/><W47/><G64/><T33/><D80/><N who="3" m="30793" /><G133/><T107/><D17/><U32/><E32/><V22/><F122/><W67/><G67/><T100/><D4/><U69/><E132/><V102/><F35/><W36/><G36/><T7/><D7/><U55/><E121/><V24/><F23/><W76/><G131/><T50/><D2/><U38/><E38/><V94/><F110/><W130/><G76/><T92/><D37/><U79/><E79/><V77/><F77/><W75/><G75/><T99/><REACH who="0" step="1"/><D99/><REACH who="0" ten="141,153,527,169" step="2"/><U15/><E124/><N who="3" m="47690" /><G120/><T70/><D70/><U123/><E69/><V25/><F134/><W78/><G130/><T3/><D3/><U128/><E128/><V5/><F25/><W101/><G78/><T106/><AGARI ba="2,1" hai="26,31,33,41,44,50,58,62,65,92,96,100,106,107" machi="106" ten="30,2000,0" yaku="1,1,0,1,53,0" doraHai="48" doraHaiUra="117" who="0" fromWho="0" sc="141,36,153,-7,527,-12,169,-7" /><INIT seed="3,0,0,2,4,40" ten="177,146,515,162" oya="3" hai0="15,78,93,39,98,108,0,6,14,22,76,111,24" hai1="102,58,62,19,36,134,13,69,23,3,41,132,105" hai2="133,113,115,83,51,29,28,128,5,106,84,33,55" hai3="42,26,82,1,86,96,94,89,66,10,126,53,112"/><W30/><G126/><T118/><D39/><U54/><E3/><V31/><F106/><W73/><G112/><T8/><D118/><U87/><E105/><V61/><F33/><W71/><G73/><T122/><D122/><U120/><E102/><V56/><F128/><W4/><G42/><T52/><D0/><U67/><E120/><V119/><F119/><W2/><G2/><T68/><D68/><U18/><E18/><V20/><F133/><W47/><G71/><T90/><D15/><U70/><E70/><V104/><F104/><W12/><G66/><T80/><D52/><U21/><E21/><V92/><F5/><W60/><G1/><T97/><D97/><U63/><REACH who="1" step="1"/><E87/><REACH who="1" ten="177,136,515,162" step="2"/><V32/><F20/><W72/><G72/><T59/><D22/><U77/><E77/><V95/><F32/><W11/><G11/><T135/><D78/><U103/><E103/><V27/><F29/><W48/><G30/><T50/><D135/><U64/><E64/><V100/><F31/><W81/><G26/><T35/><D35/><U99/><E99/><V123/><F27/><W46/><G96/><T38/><D24/><U125/><E125/><V101/><F28/><W43/><REACH who="3" step="1"/><G60/><REACH who="3" ten="177,136,515,152" step="2"/><T49/><D98/><U17/><E17/><V85/><F115/><W65/><G65/><T37/><D8/><U127/><E127/><V75/><F113/><W109/><G109/><T79/><D111/><U16/><E16/><V91/><F61/><W88/><G88/><T129/><D108/><U45/><AGARI ba="0,2" hai="13,19,23,36,41,45,54,58,62,63,67,69,132,134" machi="45" ten="30,4000,0" yaku="1,1,0,1,52,1,53,0" doraHai="40" doraHaiUra="116" who="1" fromWho="1" sc="177,-10,136,60,515,-10,152,-20" /><INIT seed="4,0,0,1,1,83" ten="167,196,505,132" oya="0" hai0="121,87,92,93,76,96,13,111,12,22,57,124,104" hai1="62,0,63,69,20,117,6,16,33,64,90,118,86" hai2="9,128,73,134,127,18,25,14,15,47,132,114,53" hai3="67,29,102,40,23,34,99,81,108,36,55,109,52"/><T37/><D121/><U50/><E33/><V84/><F73/><W60/><G36/><T78/><D37/><U1/><E63/><V19/><F25/><W131/><G40/><T44/><D104/><U71/><E71/><V66/><F66/><W133/><G131/><T35/><D35/><U74/><E74/><V5/><F128/><W54/><G81/><N who="0" m="47527" /><D124/><U110/><E50/><N who="2" m="28895" /><F127/><W119/><G133/><N who="2" m="51305" /><F114/><W7/><G7/><T10/><D78/><U65/><E65/><V3/><F84/><W58/><G119/><T75/><D75/><U24/><E110/><V112/><F112/><W89/><G89/><N who="0" m="55311" /><D44/><U46/><E46/><V11/><F5/><W8/><G34/><T105/><D105/><U17/><E6/><V28/><F28/><W2/><G2/><AGARI ba="0,0" hai="2,3,9,11,14,15,18,19" m="51305,28895" machi="2" ten="30,1000,0" yaku="20,1" doraHai="83" who="2" fromWho="3" sc="167,0,196,0,505,10,132,-10" /><INIT seed="5,0,0,5,0,110" ten="167,196,515,122" oya="1" hai0="57,109,14,77,132,78,128,28,83,122,6,35,26" hai1="19,13,27,30,107,68,12,47,50,34,108,90,112" hai2="41,20,37,99,100,38,64,25,135,121,10,46,119" hai3="120,4,116,66,86,101,43,65,87,88,91,133,111"/><U79/><E108/><V5/><F64/><W102/><G111/><T48/><D109/><U85/><E68/><V44/><F135/><W3/><G120/><T59/><D128/><U82/><E107/><V118/><F121/><W18/><G133/><T56/><D122/><U126/><E126/><V39/><F39/><W55/><G116/><T40/><D132/><U71/><E71/><V58/><F58/><W51/><G43/><T45/><D83/><U124/><E124/><V134/><F134/><W9/><G18/><T23/><D35/><U94/><E19/><V115/><F46/><W24/><G24/><T129/><D129/><U130/><E130/><V114/><F38/><W93/><G66/><T73/><D73/><U113/><E12/><V29/><F119/><W104/><G104/><T123/><D123/><U11/><E13/><V70/><F70/><W69/><G65/><T15/><D15/><U36/><E11/><AGARI ba="0,0" hai="6,11,14,23,26,28,40,45,48,56,57,59,77,78" machi="11" ten="40,1300,0" yaku="8,1" doraHai="110" who="0" fromWho="1" sc="167,13,196,-13,515,0,122,0" /><INIT seed="6,0,0,1,0,10" ten="180,183,515,122" oya="2" hai0="49,44,58,73,104,13,112,75,18,97,14,16,87" hai1="85,29,56,3,43,95,57,31,119,46,26,130,106" hai2="99,51,37,17,94,117,115,5,133,72,100,127,132" hai3="107,74,45,42,27,48,30,69,122,96,89,84,53"/><V20/><F37/><W86/><G74/><T12/><D112/><U92/><E106/><V79/><F117/><W50/><G122/><T82/><D58/><U114/><E119/><V41/><F115/><W71/><G86/><T25/><D25/><U70/><E114/><V129/><F129/><W68/><G96/><T116/><D116/><U47/><E3/><V34/><F34/><W77/><G107/><T109/><D109/><U59/><E70/><V80/><F127/><W23/><G77/><N who="0" m="46543" /><D75/><U36/><E130/><V90/><F5/><W123/><G123/><T55/><D73/><U62/><E62/><V60/><F60/><W6/><G6/><T9/><D104/><U121/><E121/><V33/><F33/><W24/><G24/><T83/><D83/><U125/><E125/><V124/><F124/><W134/><G134/><T120/><D120/><U40/><E85/><V93/><F93/><W54/><REACH who="3" step="1"/><G50/><REACH who="3" ten="180,183,515,112" step="2"/><T1/><D97/><U91/><E26/><V67/><F133/><W88/><G88/><T32/><D32/><U111/><E91/><V11/><F132/><W126/><G126/><T22/><D1/><U2/><E2/><V76/><F90/><W65/><G65/><T52/><D49/><N who="1" m="26823" /><E111/><V103/><F79/><W38/><G38/><T61/><D61/><U39/><E36/><V101/><F67/><W64/><G64/><T8/><D44/><U81/><E81/><AGARI ba="0,1" hai="23,27,30,42,45,48,53,54,68,69,71,81,84,89" machi="81" ten="40,1300,0" yaku="1,1,53,0" doraHai="10" doraHaiUra="63" who="3" fromWho="1" sc="180,0,183,-13,515,0,112,23" /><INIT seed="7,0,0,0,0,6" ten="180,170,515,135" oya="3" hai0="79,31,69,98,74,107,22,33,116,34,83,131,47" hai1="85,43,66,84,52,108,99,73,30,25,61,49,78" hai2="129,90,46,45,115,26,41,51,94,104,58,114,55" hai3="5,124,106,80,64,113,75,7,17,10,54,53,38"/><W50/><G38/><T15/><D116/><U95/><E43/><V130/><F26/><W77/><G106/><T132/><D69/><U110/><E73/><V117/><F117/><W128/><G113/><N who="2" m="43017" /><F104/><W3/><G128/><N who="2" m="49257" /><F41/><W29/><G124/><T125/><D125/><U23/><E110/><V92/><F92/><W1/><G29/><T21/><D132/><U87/><E108/><V119/><F119/><W91/><G64/><T56/><D34/><U102/><E78/><V103/><F103/><W97/><G17/><T32/><D32/><U42/><E42/><V100/><F100/><W44/><G54/><T19/><D107/><U2/><E2/><V123/><F123/><W89/><REACH who="3" step="1"/><G97/><AGARI ba="0,0" hai="45,46,51,55,58,90,94,97" m="49257,43017" machi="97" ten="30,2000,0" yaku="15,1,19,1" doraHai="6" who="2" fromWho="3" sc="180,0,170,0,515,20,135,-20" owari="180,-2.0,170,-23.0,535,63.0,115,-38.0" /></mjloggm>