<mjloggm ver="2.3"><GO type="225" lobby="0"/><UN n0="%E3%83%88%E3%83%88%E3%83%AA%E5%85%88%E7%94%9F%31%39%E6%AD%B3" n1="%53%65%6E%61%72" n2="%4D%4F%44" n3="%E3%81%8A%E3%81%98%E3%81%95%E3%82%93" dan="17,16,16,16" rate="2173.92,2146.74,2103.01,2168.33" sx="F,M,F,M"/><TAIKYOKU oya="0"/><INIT seed="0,0,0,1,1,2" ten="250,250,250,250" oya="0" hai0="54,38,74,120,21,23,89,117,66,124,46,39,15" hai1="40,114,98,123,113,94,111,91,80,131,100,7,11" hai2="84,135,3,81,92,32,56,6,41,106,45,118,1" hai3="68,4,82,76,8,37,134,79,36,96,27,105,49"/><T26/><D117/><U50/><E123/><V86/><F106/><W28/><G134/><T99/><D120/><U97/><E111/><V33/><F135/><W55/><G68/><T115/><D74/><U133/><E133/><V109/><F109/><W69/><G69/><T102/><D115/><N who="1" m="44043" /><E131/><V24/><F118/><W88/><G105/><T53/><D124/><U75/><E75/><V9/><F3/><W78/><G96/><T77/><D77/><U125/><E125/><V132/><F132/><W65/><G65/><T129/><D66/><U83/><E50/><V108/><F108/><W85/><G55/><T17/><D89/><U110/><E40/><V10/><F56/><W42/><G49/><T30/><D129/><U52/><E52/><V35/><F10/><W95/><G82/><T25/><D25/><U122/><E122/><V47/><F24/><W128/><G42/><T112/><D112/><U0/><E110/><V18/><F18/><W48/><G48/><T62/><D46/><U101/><E101/><V44/><F92/><AGARI ba="0,0" hai="0,7,11,80,83,91,92,94,97,98,100" m="44043" machi="92" ten="30,2000,0" yaku="11,1,52,1" doraHai="2" who="1" fromWho="2" sc="250,0,250,20,250,-20,250,0" /><INIT seed="1,0,0,5,5,107" ten="250,270,230,250" oya="1" hai0="40,51,87,75,9,79,35,6,38,54,84,133,4" hai1="62,102,100,42,89,103,105,7,72,22,52,21,50" hai2="85,101,39,106,97,119,15,48,99,98,82,53,83" hai3="44,112,16,33,94,61,27,30,66,36,95,45,80"/><U125/><E105/><V110/><F39/><W71/><G112/><T122/><D35/><U26/><E125/><V46/><F119/><W32/><G32/><T74/><D40/><U128/><E128/><V23/><F110/><W47/><G36/><T18/><D38/><U56/><E72/><N who="0" m="27689" /><D79/><U8/><E89/><V109/><F109/><W20/><REACH who="3" step="1"/><G80/><REACH who="3" ten="250,270,230,240" step="2"/><T81/><D81/><U60/><E42/><V92/><F83/><W25/><AGARI ba="0,1" hai="16,20,25,27,30,33,44,45,47,61,66,71,94,95" machi="25" ten="30,7900,0" yaku="1,1,2,1,0,1,54,1,53,0" doraHai="107" doraHaiUra="96" who="3" fromWho="3" sc="250,-20,270,-39,230,-20,240,89" /><INIT seed="2,0,0,4,2,12" ten="230,231,210,329" oya="2" hai0="42,114,18,116,44,19,24,101,96,35,2,57,113" hai1="86,62,87,56,134,133,78,121,99,4,118,50,66" hai2="82,28,94,76,61,123,7,69,11,88,92,27,25" hai3="71,45,111,135,51,106,16,5,0,21,48,37,89"/><V60/><F123/><W70/><G106/><T131/><D2/><U74/><E118/><V64/><F61/><W129/><G111/><T81/><D116/><U53/><E121/><V59/><F69/><W85/><G51/><T122/><D122/><U8/><E99/><V105/><F105/><W80/><G37/><T109/><D109/><U100/><E100/><V41/><F41/><W73/><G73/><T13/><D131/><U6/><E74/><V29/><F27/><W132/><G5/><T115/><D57/><U55/><E55/><V3/><F25/><N who="3" m="14503" /><G0/><T30/><D81/><U124/><E124/><V107/><F107/><W79/><G89/><T22/><D19/><U126/><E126/><V75/><REACH who="2" step="1"/><F94/><REACH who="2" ten="230,231,200,329" step="2"/><W36/><G129/><T15/><D114/><U63/><E63/><V95/><F95/><W39/><G71/><T32/><D115/><U58/><E62/><V68/><F68/><W77/><G70/><T46/><D113/><U90/><E133/><N who="3" m="51274" /><G77/><T31/><D42/><AGARI ba="0,1" hai="36,39,42,45,48,79,80,85" m="51274,14503" machi="42" ten="30,3900,0" yaku="20,1,52,1,54,1" doraHai="12" who="3" fromWho="0" sc="230,-39,231,0,200,0,329,49" /><INIT seed="3,0,0,4,0,104" ten="191,231,200,378" oya="3" hai0="70,35,10,60,110,79,80,44,127,95,21,27,122" hai1="6,120,33,101,29,113,129,81,106,16,114,26,31" hai2="63,118,71,34,38,99,62,66,117,37,116,58,130" hai3="20,23,105,134,131,90,28,85,39,68,124,42,82"/><W77/><G105/><T2/><D122/><U88/><E120/><V1/><F34/><W12/><G68/><T65/><D110/><U46/><E31/><V86/><F1/><W48/><G39/><N who="2" m="14857" /><F86/><W102/><G102/><T98/><D127/><U67/><E6/><V3/><F99/><W94/><G131/><T36/><D35/><U40/><E129/><V57/><F3/><W107/><G107/><T5/><D36/><U75/><E88/><V61/><F130/><W96/><G134/><T93/><D44/><U14/><E14/><V126/><F126/><W109/><G109/><T108/><D108/><U47/><E16/><V125/><F125/><W8/><G28/><T59/><D70/><U73/><E101/><V51/><F51/><W112/><G124/><T87/><D98/><U74/><E106/><V15/><F15/><W89/><G89/><T84/><D84/><U55/><E81/><V50/><F50/><W24/><G24/><T91/><D91/><U123/><E123/><V53/><F118/><W30/><G30/><AGARI ba="0,0" hai="2,5,10,21,27,30,59,60,65,79,80,87,93,95" machi="30" ten="30,1000,0" yaku="7,1" doraHai="104" who="0" fromWho="3" sc="191,10,231,0,200,0,378,-10" owari="201,-20.0,231,3.0,200,-30.0,368,47.0" /></mjloggm>