<mjloggm ver="2.3"><GO type="169" lobby="0"/><UN n0="%E7%B5%B6%E5%AF%BE%E4%B9%B1%E8%88%9E" n1="%E3%83%9F%E3%82%AF%E3%83%AD" n2="%74%61%6B%65%2D%79%6F%75" n3="%E3%82%A6%E3%83%AB%E3%83%88%E3%83%A9%E7%AB%8B%E7%9B%B4" dan="17,16,16,17" rate="2105.54,2100.53,2102.20,2215.91" sx="F,M,F,M"/><TAIKYOKU oya="0"/><INIT seed="0,0,0,4,3,38" ten="250,250,250,250" oya="0" hai0="27,42,24,2,120,122,36,119,4,15,3,128,7" hai1="10,80,28,46,41,93,48,30,102,55,87,16,44" hai2="59,105,101,62,0,47,110,66,72,33,45,31,104" hai3="49,78,54,9,71,12,88,6,40,20,108,107,121"/><T90/><D119/><U124/><E124/><V117/><F72/><W13/><G107/><T129/><D90/><U74/><E74/><V132/><F0/><N who="0" m="42" /><D36/><U29/><E102/><V22/><F33/><W134/><G71/><T106/><D106/><U100/><E100/><V64/><F117/><W86/><G121/><N who="0" m="46699" /><D15/><N who="1" m="7287" /><E93/><V79/><F79/><W115/><G78/><T5/><D42/><N who="1" m="24599" /><E30/><V70/><F31/><W56/><G40/><T130/><AGARI ba="0,0" hai="4,5,7,24,27,128,129,130" m="46699,42" machi="130" ten="50,12000,1" yaku="28,2,19,1,34,2" doraHai="38" who="0" fromWho="0" sc="250,120,250,-40,250,-40,250,-40" /><INIT seed="0,1,0,0,3,107" ten="370,210,210,210" oya="0" hai0="0,11,133,81,72,118,73,86,43,116,106,70,99" hai1="34,113,44,38,20,65,29,89,12,71,60,61,66" hai2="84,47,121,87,100,58,3,104,1,53,122,55,56" hai3="108,77,90,39,105,62,120,78,135,103,69,51,128"/><T132/><D70/><U26/><E113/><V50/><F104/><W126/><G39/><T102/><D43/><U42/><E89/><V114/><F100/><W134/><G51/><T101/><D101/><U64/><E64/><V14/><F14/><W15/><G15/><T83/><D11/><U32/><REACH who="1" step="1"/><E12/><REACH who="1" ten="370,200,210,210" step="2"/><V125/><F114/><W131/><G90/><N who="0" m="51535" /><D0/><U30/><E30/><V88/><F88/><W98/><G120/><T129/><D129/><N who="3" m="49737" /><G108/><T91/><D91/><U76/><E76/><N who="3" m="29290" /><G126/><T17/><D83/><U74/><E74/><N who="0" m="28777" /><D17/><U48/><E48/><V115/><F50/><W109/><G109/><T37/><D37/><U80/><E80/><V22/><F115/><W92/><G69/><AGARI ba="1,1" hai="20,26,29,32,34,38,42,44,60,61,65,66,69,71" machi="69" ten="30,3900,0" yaku="1,1,7,1,9,1,53,0" doraHai="107" doraHaiUra="35" who="1" fromWho="3" sc="370,0,200,52,210,0,210,-42" /><INIT seed="1,0,0,3,1,58" ten="370,252,210,168" oya="1" hai0="100,48,50,76,3,12,63,31,131,74,13,82,106" hai1="130,37,86,14,111,83,4,78,135,128,25,85,99" hai2="109,103,67,119,90,55,30,89,32,60,34,23,43" hai3="5,95,0,39,77,61,117,73,94,38,124,20,53"/><U19/><E37/><V8/><F119/><W87/><G73/><T101/><D3/><U68/><E135/><V22/><F109/><W51/><G117/><T47/><D31/><U52/><E111/><V107/><F43/><W112/><G112/><T45/><D131/><N who="1" m="50219" /><E68/><N who="2" m="42087" /><F55/><W126/><G20/><T27/><D27/><U41/><E41/><V93/><F8/><N who="3" m="2087" /><G77/><T59/><D106/><U91/><E25/><N who="2" m="18511" /><F34/><W57/><G51/><T108/><D108/><U44/><E4/><V17/><F93/><N who="3" m="35339" /><G87/><T127/><D74/><U46/><E99/><N who="2" m="61951" /><F23/><W56/><G56/><T80/><D59/><U96/><E96/><V72/><F72/><W92/><N who="3" m="35347" /><W6/><DORA hai="115" /><G6/><T104/><D104/><U16/><E19/><V42/><F42/><W33/><G33/><T24/><D24/><AGARI ba="0,0" hai="17,22,24,89,90" m="61951,18511,42087" machi="24" ten="30,2000,0" yaku="25,1,52,1" doraHai="58,115" who="2" fromWho="0" sc="370,-20,252,0,210,20,168,0" /><INIT seed="2,0,0,2,1,110" ten="350,252,230,168" oya="2" hai0="78,101,105,98,42,26,24,104,86,85,115,13,109" hai1="10,22,96,43,37,122,5,0,66,83,7,28,84" hai2="93,74,73,32,75,119,106,62,34,19,125,52,25" hai3="35,15,55,67,69,133,113,108,17,59,79,128,56"/><V30/><F119/><W134/><G35/><T120/><D42/><U107/><E122/><V4/><F106/><W99/><G79/><T11/><D120/><U118/><E118/><V3/><F125/><W27/><G27/><T103/><D109/><U100/><E7/><V45/><F32/><W49/><G108/><T29/><D115/><U64/><E43/><V16/><F93/><W33/><G33/><T68/><D68/><U117/><E37/><V94/><F94/><W50/><G99/><T44/><D44/><U126/><E126/><V90/><F90/><W51/><G128/><T77/><D13/><U97/><E97/><V54/><F54/><W71/><G113/><T9/><REACH who="0" step="1"/><D98/><REACH who="0" ten="340,252,230,168" step="2"/><U23/><E117/><V2/><F2/><W114/><G114/><T129/><D129/><U14/><E14/><V123/><F123/><W53/><G71/><T132/><D132/><U41/><E41/><V6/><F3/><W47/><G69/><T89/><D89/><U95/><E107/><V58/><REACH who="2" step="1"/><F45/><REACH who="2" ten="340,252,220,168" step="2"/><W31/><G47/><T72/><D72/><U76/><E0/><V36/><F36/><W70/><G134/><T111/><D111/><U112/><E112/><V38/><F38/><W40/><G133/><T81/><D81/><U80/><E83/><V57/><F57/><N who="3" m="32943" /><G70/><T124/><D124/><U127/><E127/><V130/><F130/><W48/><G59/><T121/><D121/><U91/><E91/><V20/><F20/><W116/><G56/><T39/><D39/><U18/><E23/><V102/><F102/><W131/><G131/><T1/><D1/><RYUUKYOKU ba="0,2" sc="340,15,252,-15,220,15,168,-15" hai0="9,11,24,26,29,77,78,85,86,101,103,104,105" hai2="4,6,16,19,25,30,34,52,58,62,73,74,75" /><INIT seed="2,1,2,0,0,111" ten="355,237,235,153" oya="2" hai0="110,36,39,37,0,101,62,65,133,27,85,78,76" hai1="32,33,21,83,105,86,31,30,121,73,119,45,35" hai2="118,120,34,60,42,109,57,80,103,15,38,135,96" hai3="12,129,123,2,132,113,51,108,82,53,77,22,28"/><V58/><F118/><W91/><G2/><T3/><D110/><U8/><E119/><V40/><F120/><W11/><G123/><T66/><D133/><U23/><E105/><V41/><F38/><W50/><G108/><T9/><D101/><U112/><E73/><V106/><F135/><W122/><G122/><T24/><D39/><U13/><E121/><V56/><F34/><N who="1" m="13417" /><E45/><V94/><F109/><W130/><G132/><T75/><D85/><U102/><E102/><V117/><F117/><W14/><G91/><T46/><D46/><U55/><E55/><V74/><F15/><W88/><G88/><T127/><D62/><U5/><E86/><V81/><F74/><W47/><G51/><T69/><D75/><U72/><E83/><N who="2" m="31819" /><F106/><W87/><G113/><T48/><D48/><U10/><E72/><V93/><F93/><W95/><G95/><T43/><D9/><N who="1" m="4271" /><E112/><V98/><F98/><W124/><G124/><T54/><D54/><AGARI ba="1,2" hai="40,41,42,54,56,57,58,60,94,96,103" m="31819" machi="54" ten="30,1500,0" yaku="8,1" doraHai="111" who="2" fromWho="0" sc="355,-18,237,0,235,38,153,0" /><INIT seed="2,2,0,5,0,101" ten="337,237,273,153" oya="2" hai0="26,48,106,84,25,52,51,71,58,42,79,92,33" hai1="120,56,9,70,98,115,83,50,126,134,43,32,91" hai2="97,87,23,107,129,18,14,2,16,12,17,47,77" hai3="99,88,105,21,11,113,111,41,57,68,37,127,38"/><V44/><F2/><W0/><G68/><T130/><D71/><U5/><E115/><V66/><F129/><W61/><G113/><T109/><D130/><U108/><E108/><V121/><F121/><W116/><G116/><T39/><D109/><U59/><E70/><V100/><F66/><W75/><G75/><T119/><D39/><U132/><E32/><V118/><F118/><W93/><G111/><T114/><D114/><U103/><E126/><V64/><F64/><W81/><G127/><T6/><D6/><U89/><E120/><V74/><F74/><W102/><G81/><T36/><D36/><U60/><E59/><V34/><F34/><W117/><G41/><T15/><D15/><N who="1" m="5551" /><E83/><V94/><F18/><W90/><G117/><T125/><D125/><U96/><E50/><V55/><F55/><W24/><G11/><T19/><D19/><U10/><E10/><N who="2" m="6167" /><F107/><W1/><G38/><T20/><D106/><N who="1" m="63847" /><E98/><V122/><F122/><W3/><G37/><T72/><D33/><U73/><E43/><V27/><F14/><W124/><G124/><T22/><D72/><U133/><E73/><V30/><F17/><W8/><G8/><T49/><D42/><U29/><E29/><V123/><F123/><W80/><G80/><AGARI ba="2,0" hai="23,27,30,44,47,77,80,87,94,97,100" m="6167" machi="80" ten="30,2900,0" yaku="8,1,54,1" doraHai="101" who="2" fromWho="3" sc="337,0,237,0,273,35,153,-35" /><INIT seed="2,3,0,5,2,91" ten="337,237,308,118" oya="2" hai0="77,33,111,63,56,51,68,117,124,37,69,57,92" hai1="104,24,40,38,93,76,16,74,30,36,135,100,133" hai2="65,43,15,35,46,99,19,7,127,129,108,120,66" hai3="80,112,53,1,109,128,11,119,125,50,5,55,84"/><V60/><F120/><W113/><G119/><T42/><D33/><U22/><E104/><V130/><F35/><W95/><G109/><T48/><D77/><U31/><E76/><V114/><F114/><N who="3" m="44139" /><G128/><N who="2" m="49257" /><F7/><W115/><N who="3" m="44147" /><W105/><DORA hai="98" /><G105/><T73/><D73/><U18/><E74/><V29/><F29/><W20/><G20/><T81/><D81/><U47/><E38/><N who="2" m="21879" /><F127/><W96/><G125/><T78/><D78/><U118/><E118/><V41/><F41/><W110/><G110/><T58/><D92/><U27/><E30/><V134/><F134/><N who="1" m="51209" /><E27/><V49/><F49/><N who="0" m="19018" /><D111/><U71/><E71/><N who="0" m="27209" /><D117/><U44/><E44/><V62/><F99/><AGARI ba="3,0" hai="16,18,22,24,31,36,40,47,93,99,100" m="51209" machi="99" ten="30,7700,0" yaku="20,1,52,2,54,1" doraHai="91,98" who="1" fromWho="2" sc="337,0,237,86,308,-86,118,0" /><INIT seed="3,0,0,4,0,39" ten="337,323,222,118" oya="3" hai0="83,110,108,3,131,24,9,84,46,30,79,82,127" hai1="129,19,68,32,64,130,26,27,91,98,99,45,118" hai2="25,48,50,135,97,58,12,133,7,100,106,69,94" hai3="56,112,53,23,80,44,126,42,65,52,123,96,89"/><W21/><G123/><T36/><D131/><N who="1" m="50187" /><E118/><V18/><F69/><W71/><G112/><T81/><D127/><U116/><E116/><V33/><F106/><W92/><G126/><T31/><D3/><U63/><E91/><V38/><F38/><W119/><G119/><T87/><D9/><U62/><E62/><V73/><F73/><W22/><G71/><T95/><D95/><U41/><E19/><V49/><F7/><W66/><G80/><T102/><D102/><U121/><E121/><V11/><REACH who="2" step="1"/><F58/><REACH who="2" ten="337,323,212,118" step="2"/><W88/><G89/><T10/><D108/><U17/><E32/><V72/><F72/><W101/><G101/><T55/><D110/><U113/><E113/><V54/><F54/><N who="3" m="21099" /><G56/><T8/><D36/><N who="1" m="21671" /><E17/><V128/><F128/><W60/><G60/><T107/><D107/><U35/><E35/><V76/><F76/><W61/><G61/><T124/><D79/><U70/><E70/><V16/><F16/><W132/><G132/><T1/><D124/><U111/><E111/><V47/><F47/><W105/><G105/><T117/><D46/><U40/><E40/><V86/><F86/><W109/><G109/><T85/><D87/><U114/><E114/><V13/><F13/><W120/><G120/><T74/><D85/><U78/><E78/><V6/><F6/><W122/><G122/><T37/><D84/><U103/><E98/><V93/><F93/><AGARI ba="0,1" hai="26,27,63,64,68,93,99,103" m="21671,50187" machi="93" ten="30,2000,0" yaku="19,1,52,1" doraHai="39" who="1" fromWho="2" sc="337,0,323,30,212,-20,118,0" /><INIT seed="4,0,0,5,0,91" ten="337,353,192,118" oya="0" hai0="100,6,122,82,36,47,8,105,65,103,25,129,126" hai1="38,72,28,87,123,128,127,130,14,71,18,76,116" hai2="45,67,70,84,124,110,89,119,132,24,50,49,86" hai3="134,3,99,42,35,60,43,90,5,40,88,12,15"/><T53/><D122/><U131/><E123/><V125/><F110/><W85/><G35/><T112/><D112/><U44/><E116/><V39/><F119/><W120/><G134/><T78/><D129/><U17/><E127/><N who="2" m="48715" /><F132/><W80/><G120/><T59/><D105/><U51/><E28/><V101/><F101/><W1/><G60/><T62/><D25/><U34/><E34/><V13/><F39/><W97/><G5/><T133/><D133/><U52/><E71/><V37/><F37/><W23/><G23/><T56/><D56/><U98/><E38/><V9/><F24/><W0/><REACH who="3" step="1"/><G99/><REACH who="3" ten="337,353,192,108" step="2"/><T68/><D126/><U7/><E98/><V74/><F9/><W69/><G69/><T75/><D8/><N who="1" m="4383" /><E72/><V77/><F74/><W26/><G26/><T4/><D4/><U94/><E76/><V20/><F77/><W48/><G48/><N who="0" m="31143" /><D6/><U108/><E108/><V21/><F49/><W66/><G66/><T79/><D79/><U102/><E130/><V61/><F13/><W73/><G73/><T33/><D33/><U106/><E131/><V83/><F84/><W114/><G114/><T31/><D31/><U57/><E128/><V81/><F21/><W96/><G96/><T121/><D121/><U10/><E10/><V117/><F20/><W11/><G11/><T135/><D135/><U95/><E87/><V104/><F117/><W64/><G64/><T63/><D63/><U109/><E109/><V41/><F61/><W2/><N who="3" m="0" /><DORA hai="107" /><W16/><G16/><T27/><D27/><U93/><E18/><V113/><F67/><W58/><G58/><RYUUKYOKU ba="0,1" sc="337,15,353,-15,192,-15,108,15" hai0="36,47,62,65,68,75,78,82,100,103" hai3="12,15,40,42,43,80,85,88,90,97" /><INIT seed="4,1,1,4,1,99" ten="352,338,177,123" oya="0" hai0="27,78,113,131,129,42,22,46,88,111,102,112,11" hai1="109,5,123,65,7,20,68,101,64,95,23,14,49" hai2="63,77,119,116,98,79,115,51,105,30,45,26,43" hai3="9,10,72,94,134,39,21,32,54,86,50,1,125"/><T12/><D78/><U62/><E123/><V8/><F8/><W24/><G39/><T61/><D61/><U71/><E109/><V37/><F63/><W36/><G36/><N who="0" m="21831" /><D111/><U66/><E68/><V85/><F37/><W3/><G72/><T25/><D102/><U69/><E69/><V31/><F115/><N who="0" m="44106" /><D88/><U40/><E62/><V89/><F31/><W55/><G94/><T80/><D80/><U34/><E34/><N who="2" m="20823" /><F98/><W135/><G32/><T18/><D25/><U29/><E71/><V41/><F105/><W74/><G24/><T75/><D75/><U48/><E65/><V132/><F79/><W59/><G74/><T128/><D128/><U118/><E40/><V57/><F77/><W0/><G86/><T35/><D35/><U82/><E82/><V70/><F41/><W122/><G122/><T124/><D124/><U127/><E127/><V60/><F70/><W73/><G125/><T13/><D13/><U83/><E14/><V100/><F100/><W133/><G73/><T108/><D108/><U87/><E83/><V107/><F107/><W97/><G97/><T19/><AGARI ba="1,1" hai="11,12,18,19,22,27,129,131" m="44106,21831" machi="19" ten="30,1500,0" yaku="15,1" doraHai="99" who="0" fromWho="0" sc="352,28,338,-6,177,-6,123,-6" /><INIT seed="4,2,0,2,0,104" ten="380,332,171,117" oya="0" hai0="132,50,108,61,127,107,38,89,34,46,15,126,52" hai1="28,113,19,2,62,122,118,90,63,3,94,36,114" hai2="64,75,9,0,58,72,45,56,37,12,83,121,70" hai3="71,115,43,91,86,53,102,97,18,22,57,20,59"/><T77/><D107/><U16/><E122/><V85/><F121/><W112/><G71/><T14/><D34/><U27/><E118/><V100/><F0/><N who="1" m="41" /><E36/><V80/><F100/><W33/><G43/><T44/><D132/><U98/><E62/><V5/><F70/><W78/><G78/><T106/><D106/><U35/><E63/><V79/><F64/><W134/><G33/><T51/><D38/><U130/><E130/><V31/><F31/><W125/><G134/><T117/><D117/><U129/><E129/><V87/><F45/><W55/><G97/><T131/><D131/><U65/><E65/><V82/><F37/><W95/><G102/><T66/><D77/><U49/><E49/><V103/><F103/><W68/><G68/><T21/><D89/><U23/><E35/><V17/><F5/><W40/><G40/><T29/><D108/><U1/><N who="1" m="49" /><U30/><DORA hai="76" /><E30/><V111/><F111/><W135/><G135/><T41/><D29/><U88/><E90/><V99/><F99/><W60/><G125/><N who="0" m="47627" /><D21/><U4/><E4/><V32/><F32/><W116/><G116/><T105/><D105/><U74/><E74/><V25/><F25/><W69/><G22/><T42/><D42/><U48/><E48/><V24/><F24/><W128/><G128/><T123/><D123/><U124/><E124/><V7/><F7/><W92/><G69/><AGARI ba="2,0" hai="14,15,41,44,46,50,51,52,61,66,69" m="47627" machi="69" ten="30,2900,0" yaku="18,1,54,1" doraHai="104,76" who="0" fromWho="3" sc="380,35,332,0,171,0,117,-35" /><INIT seed="4,3,0,2,4,78" ten="415,332,171,82" oya="0" hai0="29,112,70,98,116,94,39,77,14,38,60,3,19" hai1="97,101,72,85,67,117,135,91,0,12,31,47,48" hai2="57,100,54,1,34,64,49,89,26,121,9,37,45" hai3="58,111,102,71,88,105,61,107,16,68,133,11,119"/><T76/><D116/><U69/><E0/><V7/><F121/><W24/><G119/><T129/><D3/><U5/><E117/><V53/><F100/><W18/><G111/><T130/><D29/><U21/><E72/><V80/><F64/><W41/><G41/><T86/><D112/><U28/><E135/><V35/><F26/><W50/><G133/><T32/><D32/><U134/><E134/><V4/><F4/><W93/><G102/><T114/><D114/><U99/><E67/><V15/><F1/><W62/><G107/><T42/><D70/><U65/><E65/><V56/><F56/><W84/><G105/><T74/><D60/><N who="3" m="23145" /><G71/><T52/><D74/><U46/><E69/><V124/><F124/><W51/><G68/><T115/><D115/><U36/><E36/><V123/><F123/><W96/><G96/><N who="1" m="36938" /><E47/><V106/><F106/><W43/><G43/><T113/><D42/><U20/><E20/><V2/><F2/><W22/><G58/><T127/><D39/><U79/><E79/><V92/><F37/><W108/><G108/><T27/><D38/><U109/><E109/><V131/><F35/><W118/><G118/><T82/><D127/><U126/><E126/><V17/><F34/><W8/><G8/><T25/><D113/><U81/><E101/><V6/><F45/><W87/><G87/><T66/><D66/><U128/><BYE who="0" /><E21/><V103/><F57/><W75/><G75/><T30/><D30/><U13/><E31/><V59/><F59/><W132/><G132/><T33/><D33/><U55/><E28/><V40/><F103/><RYUUKYOKU ba="3,0" sc="415,-10,332,-10,171,-10,82,30" hai3="11,16,18,22,24,50,51,84,88,93" /><INIT seed="5,4,0,5,1,49" ten="405,322,161,112" oya="1" hai0="36,60,28,80,62,96,50,46,63,65,106,67,56" hai1="86,104,44,18,52,47,11,95,109,114,17,6,43" hai2="3,111,119,85,37,93,24,81,117,113,87,59,103" hai3="14,72,91,90,29,99,84,25,20,92,45,39,9"/><U53/><E104/><V127/><F37/><W76/><G72/><T23/><D23/><U38/><E114/><V133/><F3/><W0/><G0/><T118/><D118/><U34/><E34/><V100/><F24/><W31/><G39/><T78/><D78/><U102/><E109/><V115/><F59/><W108/><G108/><T73/><D73/><U126/><E126/><V101/><F111/><W66/><G66/><T128/><D128/><U77/><E47/><V74/><F127/><W58/><G45/><T112/><D112/><N who="2" m="43082" /><F133/><UN n0="%E7%B5%B6%E5%AF%BE%E4%B9%B1%E8%88%9E" /><W10/><G76/><T120/><D80/><U35/><E35/><V134/><F134/><W69/><G69/><N who="0" m="42151" /><D28/><U8/><E8/><V16/><F16/><N who="3" m="12423" /><G58/><N who="0" m="37335" /><D96/><U30/><E30/><N who="3" m="11274" /><G14/><T107/><D106/><U22/><E77/><N who="2" m="46255" /><F74/><W27/><G27/><T97/><D107/><U89/><E102/><V88/><AGARI ba="4,0" hai="87,88,93,100,101,103,117,119" m="46255,43082" machi="88" ten="40,8000,1" yaku="15,1,11,1,34,2,54,1" doraHai="49" who="2" fromWho="2" sc="405,-24,322,-44,161,92,112,-24" /><INIT seed="6,0,0,3,4,114" ten="381,278,253,88" oya="2" hai0="60,61,111,51,28,33,96,65,135,122,90,119,18" hai1="79,26,80,38,97,3,89,71,134,70,109,30,10" hai2="72,52,104,127,100,92,41,12,91,117,20,128,81" hai3="121,37,16,57,40,108,130,84,42,39,103,76,82"/><V88/><F117/><W44/><G121/><T78/><D119/><U56/><E109/><V43/><F127/><W17/><G108/><T21/><D122/><U74/><E38/><V15/><F128/><W31/><G130/><T55/><D135/><U95/><E134/><V32/><F32/><W53/><G31/><T98/><D78/><U50/><E10/><V25/><F104/><W24/><G103/><T113/><D113/><U124/><E124/><V19/><F100/><W116/><G116/><T73/><D73/><U125/><E125/><V1/><F1/><W93/><G93/><T87/><D28/><U45/><E56/><V49/><F72/><W132/><G132/><T69/><D61/><U54/><E3/><V63/><F63/><W9/><G24/><T62/><D62/><U59/><E59/><N who="2" m="33167" /><F81/><W94/><G94/><N who="0" m="54623" /><D33/><AGARI ba="0,0" hai="26,30,33,45,50,54,70,71,74,79,80,89,95,97" machi="33" ten="30,1000,0" yaku="7,1" doraHai="114" who="1" fromWho="0" sc="381,-10,278,10,253,0,88,0" /><INIT seed="7,0,0,5,0,35" ten="371,288,253,88" oya="3" hai0="123,85,52,44,7,59,116,14,73,82,19,111,41" hai1="70,64,128,5,86,78,49,17,12,104,6,53,96" hai2="60,65,114,40,15,38,109,61,100,22,13,90,80" hai3="130,66,131,119,30,2,87,67,74,27,29,88,57"/><W83/><G119/><T18/><D73/><U135/><E128/><N who="3" m="49194" /><G74/><T72/><D116/><U93/><E104/><V24/><F109/><W125/><G125/><T92/><D72/><U97/><E135/><V58/><F114/><W51/><G51/><N who="0" m="27023" /><D123/><U91/><E64/><N who="3" m="24618" /><G57/><T31/><D31/><N who="3" m="11785" /><G27/><T39/><D111/><U3/><E49/><V102/><F61/><W55/><G55/><T77/><D39/><U95/><E53/><V23/><F40/><W4/><G4/><T112/><D112/><U42/><E5/><V63/><F38/><W84/><G84/><T33/><D33/><U54/><E86/><N who="2" m="50503" /><F63/><W122/><G122/><T89/><D7/><U127/><E6/><V43/><F43/><W129/><N who="3" m="49202" /><W8/><DORA hai="117" /><G8/><T110/><D110/><U81/><E42/><V0/><F24/><W68/><G68/><T11/><D85/><U103/><E127/><V20/><F58/><W45/><G45/><T121/><D59/><U28/><E70/><V76/><F60/><W26/><G26/><T10/><D10/><U47/><E54/><V99/><F65/><W133/><G133/><T120/><D52/><U94/><E47/><V34/><F22/><W132/><G132/><T118/><D11/><U56/><E56/><V50/><F23/><W113/><G113/><T69/><D120/><U25/><E25/><V48/><F48/><W108/><G108/><T16/><D69/><U124/><E124/><V105/><F20/><W21/><G21/><T107/><D121/><U36/><E28/><V75/><F50/><W37/><G37/><T106/><D118/><RYUUKYOKU ba="0,0" sc="371,-10,288,-10,253,-10,88,30" hai3="2,83,87,88" /><INIT seed="7,1,0,4,1,59" ten="361,278,243,118" oya="3" hai0="76,60,95,128,67,65,73,5,48,40,1,57,29" hai1="66,8,113,23,102,71,69,45,114,122,94,133,9" hai2="68,83,74,61,118,130,26,103,25,123,119,127,14" hai3="125,78,108,44,27,42,109,81,124,22,86,70,47"/><W134/><G70/><T35/><D128/><U121/><E133/><V28/><F130/><W135/><G135/><T50/><D65/><U88/><E102/><V91/><F127/><N who="3" m="48715" /><G134/><T79/><D95/><U19/><E45/><N who="3" m="17482" /><G42/><T64/><D40/><U39/><E39/><V120/><F68/><W98/><G98/><T97/><D97/><U104/><E104/><V53/><F103/><W12/><G12/><T111/><D111/><U62/><E69/><V92/><F14/><W51/><G51/><T100/><D100/><U89/><E122/><V101/><F101/><W17/><AGARI ba="1,0" hai="17,22,27,78,81,86,108,109" m="17482,48715" machi="17" ten="30,1500,0" yaku="18,1" doraHai="59" who="3" fromWho="3" sc="361,-6,278,-6,243,-6,118,18" /><INIT seed="7,2,0,0,0,17" ten="355,272,237,136" oya="3" hai0="110,88,85,125,59,91,96,68,3,119,112,123,129" hai1="1,116,92,82,106,115,108,74,51,16,44,30,87" hai2="56,40,19,71,46,14,35,33,76,39,13,127,18" hai3="103,8,5,77,84,45,21,73,131,113,128,109,34"/><W60/><G34/><T97/><D68/><U83/><E108/><V93/><F71/><W100/><G73/><T54/><D110/><U27/><E1/><V78/><F127/><W89/><G77/><T126/><D119/><U99/><E116/><V32/><F93/><W124/><G109/><T57/><D123/><U72/><E16/><V107/><F107/><W64/><G45/><T133/><D3/><U117/><E117/><V94/><F94/><N who="3" m="54567" /><G124/><N who="0" m="47723" /><D112/><U75/><E115/><V10/><REACH who="2" step="1"/><F56/><REACH who="2" ten="355,272,227,136" step="2"/><N who="3" m="36871" /><G113/><T104/><D104/><U24/><E106/><V120/><F120/><W52/><G52/><T58/><D54/><U9/><E92/><V63/><F63/><W70/><G70/><T101/><D59/><U114/><E114/><V7/><F7/><W102/><G131/><T12/><D58/><U43/><E83/><V86/><F86/><W79/><G128/><T130/><D57/><U23/><E82/><V67/><F67/><W41/><G79/><T80/><D130/><U50/><E87/><V105/><F105/><W42/><G21/><AGARI ba="2,1" hai="10,13,14,18,19,21,32,33,35,39,40,46,76,78" machi="21" ten="40,2600,0" yaku="1,1,52,1,53,0" doraHai="17" doraHaiUra="2" who="2" fromWho="3" sc="355,0,272,0,227,42,136,-32" owari="355,46.0,272,7.0,269,-13.0,104,-40.0" /></mjloggm>