<mjloggm ver="2.3"><GO type="41" lobby="0"/><UN n0="%61%62%31%33%30%30%73%66" n1="%E5%B0%B1%E6%B4%BB%E7%94%9F%40%E5%B7%9D%E6%9D%91%E8%BB%8D%E5%9B%A3" n2="%6E%72" n3="%E5%91%82%E6%AF%94%E9%A0%88%E3%83%AF%E3%82%B0%E3%83%8A%E3%83%BC" dan="13,17,16,15" rate="1822.64,2178.01,2083.36,1965.23" sx="M,M,M,M"/><TAIKYOKU oya="0"/><INIT seed="0,0,0,1,3,72" ten="250,250,250,250" oya="0" hai0="34,81,28,45,106,95,110,8,2,0,59,19,39" hai1="63,20,100,103,22,53,35,108,11,134,48,51,101" hai2="37,73,67,9,87,132,23,1,42,124,104,61,26" hai3="65,116,29,107,84,12,7,131,41,13,44,123,113"/><T21/><D106/><U117/><E117/><V80/><F124/><W93/><G116/><T114/><D114/><U64/><E35/><V14/><F132/><W6/><G107/><T30/><D30/><U82/><E134/><V46/><F104/><W98/><G113/><T62/><D110/><U27/><E108/><V120/><F73/><W68/><G29/><T96/><D8/><U33/><E11/><V94/><F94/><W38/><G123/><T127/><D127/><U58/><E51/><V25/><F23/><W31/><G31/><T105/><D105/><U56/><E33/><V90/><F1/><W122/><G122/><T125/><D28/><U129/><E129/><V97/><F97/><W3/><G131/><T83/><D34/><U115/><E115/><V102/><F102/><W43/><G65/><T85/><D83/><U118/><E118/><V130/><F130/><W89/><G68/><T91/><D125/><U47/><E82/><V78/><F90/><W86/><G98/><T32/><D32/><U36/><E27/><V16/><REACH who="2" step="1"/><F120/><REACH who="2" ten="250,250,240,250" step="2"/><W55/><G3/><T4/><D2/><U75/><E75/><V15/><F15/><W112/><G93/><T17/><D0/><U121/><E121/><V74/><F74/><W119/><G89/><T133/><D21/><U5/><E22/><V66/><F66/><W135/><G112/><T128/><D133/><U52/><E20/><V92/><F92/><W77/><G135/><T99/><D128/><U76/><E100/><V24/><F24/><W126/><G126/><T10/><D91/><U60/><E101/><RYUUKYOKU ba="0,1" sc="250,-10,250,-10,240,30,250,-10" hai2="9,14,16,25,26,37,42,46,61,67,78,80,87" /><INIT seed="1,1,1,4,4,122" ten="240,240,270,240" oya="1" hai0="132,18,35,83,116,6,14,117,87,111,63,53,84" hai1="78,44,110,109,31,37,10,0,103,12,66,5,76" hai2="19,3,62,38,52,47,71,9,65,7,55,127,49" hai3="33,50,126,128,67,1,79,4,119,68,120,27,45"/><U75/><E66/><V2/><F127/><W108/><G120/><T69/><D35/><U88/><E103/><V86/><F19/><W94/><G126/><T73/><D6/><U51/><E31/><V107/><F107/><W20/><G33/><T80/><D73/><U26/><E26/><V57/><F86/><W124/><G124/><T129/><D129/><U115/><E115/><V114/><F114/><W42/><G128/><T113/><D113/><U123/><E123/><V11/><F11/><W46/><G119/><T64/><D132/><U39/><E0/><V98/><F98/><W13/><G1/><T56/><D111/><N who="1" m="42507" /><E88/><V130/><F130/><W29/><G108/><T112/><D112/><U58/><E58/><V24/><F24/><W32/><G32/><T82/><D117/><U15/><E15/><N who="2" m="5567" /><F55/><W104/><G104/><T93/><D116/><U25/><E25/><V121/><F121/><W74/><G67/><T106/><D106/><U43/><E75/><V81/><F81/><W22/><G74/><T134/><D134/><U101/><E101/><V23/><F23/><W89/><G22/><N who="0" m="11607" /><D93/><U90/><E90/><V105/><F105/><W54/><G89/><T59/><D69/><U96/><E96/><V91/><F91/><W61/><G68/><T135/><D135/><U34/><E34/><V97/><F97/><W99/><G99/><T125/><D125/><U16/><E5/><V92/><F92/><W118/><G94/><T30/><D30/><U133/><E133/><V36/><F71/><W100/><G118/><T21/><D21/><U17/><E17/><RYUUKYOKU ba="1,1" sc="240,10,240,10,270,10,240,-30" hai0="53,56,59,63,64,80,82,83,84,87" hai1="10,12,16,37,39,43,44,51,76,78" hai2="2,3,36,38,47,49,52,57,62,65" /><INIT seed="1,2,1,2,1,31" ten="250,250,280,210" oya="1" hai0="117,84,59,12,78,39,124,106,61,83,20,55,43" hai1="75,41,32,49,127,107,48,98,17,67,40,99,33" hai2="121,133,56,27,114,36,123,115,71,69,88,30,21" hai3="116,74,23,111,7,8,76,108,122,0,89,60,51"/><U104/><E17/><V72/><F72/><W57/><G122/><N who="2" m="46601" /><F36/><W134/><G134/><T45/><D106/><U3/><E75/><V94/><F56/><W15/><G116/><T54/><D117/><U53/><E53/><V105/><F105/><W103/><G103/><T102/><D102/><U125/><REACH who="1" step="1"/><E3/><REACH who="1" ten="250,240,280,210" step="2"/><V112/><F133/><W11/><G74/><T38/><D55/><U132/><E132/><V52/><F52/><W109/><G76/><T19/><D124/><U4/><E4/><V44/><F44/><W62/><G89/><T50/><AGARI ba="2,2" hai="12,19,20,38,39,43,45,50,54,59,61,78,83,84" machi="50" ten="20,1500,0" yaku="0,1,7,1" doraHai="31" who="0" fromWho="0" sc="250,41,240,-9,280,-6,210,-6" /><INIT seed="2,0,0,1,2,125" ten="291,231,274,204" oya="2" hai0="30,46,2,103,4,52,40,76,36,54,65,24,83" hai1="123,35,39,19,110,9,59,67,102,57,74,5,111" hai2="15,90,22,56,51,105,92,13,107,95,85,115,78" hai3="0,80,79,43,121,49,20,44,31,68,84,21,41"/><V3/><F115/><W16/><G68/><T1/><D103/><U70/><E74/><V99/><F3/><W28/><G0/><T100/><D100/><U134/><E39/><V25/><F105/><W63/><G121/><T93/><D93/><U14/><E123/><V112/><F107/><W61/><G43/><T38/><D38/><U124/><E124/><V32/><F32/><W109/><G20/><T50/><D65/><U101/><E35/><V37/><F37/><W27/><G109/><N who="1" m="41482" /><E134/><V117/><F117/><W87/><G87/><T11/><D2/><N who="1" m="183" /><E70/><V62/><F51/><W42/><G41/><T133/><D133/><U131/><E131/><V29/><F112/><W55/><REACH who="3" step="1"/><G42/><REACH who="3" ten="291,231,274,194" step="2"/><T71/><D71/><U10/><E59/><V104/><F104/><W72/><G72/><N who="0" m="43399" /><D50/><U75/><E75/><V12/><F78/><W81/><G81/><T82/><D82/><U126/><E126/><V60/><REACH who="2" step="1"/><F56/><REACH who="2" ten="291,231,264,194" step="2"/><W116/><G116/><T127/><D127/><U58/><E57/><V108/><F108/><W89/><G89/><AGARI ba="0,2" hai="12,13,15,22,25,29,60,62,85,89,90,92,95,99" machi="89" ten="40,3900,0" yaku="1,1,8,1,53,0" doraHai="125" doraHaiUra="130" who="2" fromWho="3" sc="291,0,231,0,264,59,194,-39" /><INIT seed="2,1,0,1,0,107" ten="291,231,323,155" oya="2" hai0="18,62,72,80,104,32,41,92,64,85,135,67,66" hai1="44,4,69,43,45,1,98,13,26,90,37,91,46" hai2="42,93,65,35,83,20,59,10,129,11,121,57,51" hai3="127,109,34,53,30,114,33,113,97,14,99,16,100"/><V75/><F35/><W133/><G109/><T6/><D104/><U110/><E110/><V28/><F121/><W22/><G133/><T63/><D32/><U21/><E69/><V108/><F129/><W126/><G53/><T17/><D135/><U25/><E1/><V58/><F108/><W112/><G97/><T19/><D6/><U3/><E3/><V31/><F65/><W23/><G99/><T118/><D72/><U101/><E37/><V0/><F93/><W9/><G100/><T61/><D118/><U15/><E43/><V125/><F125/><N who="3" m="47627" /><G33/><T56/><D41/><U76/><E76/><V82/><F75/><W5/><G5/><T79/><D92/><N who="1" m="58567" /><E25/><AGARI ba="1,0" hai="9,14,16,22,23,25,30,34,112,113,114" m="47627" machi="25" ten="40,8000,1" yaku="11,1,18,1,34,2,54,1" doraHai="107" who="3" fromWho="1" sc="291,0,231,-83,323,0,155,83" /><INIT seed="3,0,0,5,5,102" ten="291,148,323,238" oya="3" hai0="20,128,92,67,80,83,7,130,110,35,25,56,48" hai1="98,78,42,41,117,124,88,81,59,74,119,84,19" hai2="120,36,134,8,86,9,125,24,116,13,34,4,45" hai3="97,79,54,3,112,38,100,52,109,77,122,71,50"/><W87/><G3/><T51/><D7/><U55/><E124/><V95/><F116/><W101/><G122/><T99/><D35/><U53/><E98/><V32/><F134/><W127/><G127/><T18/><D110/><U37/><E55/><V115/><F115/><W63/><G109/><T133/><D133/><U131/><E131/><N who="0" m="50217" /><D51/><U111/><E111/><V65/><F65/><W85/><G38/><T16/><D18/><U114/><E114/><V64/><F64/><W113/><G50/><T44/><D56/><U62/><E19/><V5/><F125/><W60/><G97/><T118/><D67/><U11/><E11/><V61/><F61/><W82/><G82/><T73/><D73/><U69/><E69/><AGARI ba="0,0" hai="52,54,60,63,69,71,77,79,85,87,100,101,112,113" machi="69" ten="25,4800,0" yaku="22,2,54,1" doraHai="102" who="3" fromWho="1" sc="291,0,148,-48,323,0,238,48" /><INIT seed="3,1,0,0,1,91" ten="291,100,323,286" oya="3" hai0="102,124,49,93,76,45,44,116,52,108,112,24,38" hai1="34,107,133,6,121,22,21,105,71,115,117,111,101" hai2="51,73,61,20,30,27,104,80,131,127,56,79,10" hai3="11,41,23,17,0,81,42,114,32,39,36,50,60"/><W85/><G32/><T40/><D116/><U4/><E117/><V26/><F127/><W57/><G114/><T129/><D124/><U37/><E115/><V113/><F113/><W25/><G39/><T18/><D112/><U130/><E121/><V94/><F131/><W48/><G36/><T123/><D123/><U96/><E37/><V87/><F104/><W84/><G84/><T103/><D129/><U15/><E71/><V75/><F51/><W28/><G0/><T65/><D76/><U35/><E130/><V100/><F10/><W92/><G81/><T58/><D45/><U122/><E122/><V132/><F132/><W5/><G5/><T88/><D65/><U83/><E83/><V78/><F27/><W90/><G41/><T135/><D108/><U64/><E64/><N who="2" m="38951" /><F78/><W9/><G28/><T89/><D89/><U109/><E96/><AGARI ba="1,0" hai="20,26,30,73,75,79,80,87,94,96,100" m="38951" machi="96" ten="30,2000,0" yaku="25,1,52,1" doraHai="91" who="2" fromWho="1" sc="291,0,100,-23,323,23,286,0" /><INIT seed="4,0,0,1,5,110" ten="291,77,346,286" oya="0" hai0="71,55,108,23,123,63,9,116,125,75,72,24,114" hai1="53,56,43,18,5,130,94,133,106,17,98,86,83" hai2="131,96,49,88,30,91,2,57,102,70,95,12,54" hai3="28,65,32,48,104,118,50,25,112,29,135,93,89"/><T90/><D123/><U19/><E130/><V38/><F2/><W3/><G3/><T100/><D116/><U33/><E133/><V81/><F131/><W1/><G1/><T22/><D108/><U60/><E106/><V134/><F134/><W115/><G104/><T11/><D125/><U66/><E33/><V39/><F70/><W13/><G135/><T52/><D100/><U79/><E5/><V62/><F30/><W36/><G36/><T105/><D24/><U34/><E34/><V113/><F113/><N who="3" m="43595" /><G29/><T42/><D105/><U45/><E66/><V14/><F39/><W6/><G65/><T92/><D63/><U119/><E119/><V73/><F38/><W85/><G118/><T47/><D114/><U120/><E120/><V67/><F73/><W31/><G31/><T16/><D71/><U129/><E129/><V21/><F21/><W78/><G78/><T68/><D68/><U58/><E58/><N who="2" m="33103" /><F81/><W46/><G46/><T64/><D47/><U44/><REACH who="1" step="1"/><E43/><REACH who="1" ten="291,67,346,286" step="2"/><V10/><F12/><W20/><G20/><T59/><D64/><U40/><E40/><V126/><F126/><W77/><G77/><T61/><D42/><U82/><E82/><V74/><F74/><W7/><G7/><AGARI ba="0,1" hai="7,10,14,57,62,67,88,91,95,96,102" m="33103" machi="7" ten="30,2000,0" yaku="8,1,54,1" doraHai="110" who="2" fromWho="3" sc="291,0,67,0,346,30,286,-20" /><INIT seed="5,0,0,3,2,4" ten="291,67,376,266" oya="1" hai0="74,28,71,57,17,24,106,48,54,21,90,60,123" hai1="75,121,110,130,37,29,105,134,131,36,101,86,89" hai2="39,109,83,93,40,120,77,7,58,0,99,41,102" hai3="11,129,42,65,125,69,124,126,135,96,79,5,108"/><U76/><E121/><V62/><F120/><W104/><G79/><T87/><D74/><U23/><E110/><V12/><F109/><W133/><G108/><T53/><D106/><U19/><E29/><V26/><F0/><N who="3" m="423" /><G42/><T33/><D123/><U55/><E134/><N who="3" m="51210" /><G65/><T100/><D100/><U91/><E55/><V116/><F116/><W82/><G82/><T31/><D71/><U70/><E70/><V20/><F39/><W34/><G34/><T72/><D72/><U27/><E37/><V44/><F44/><W88/><G69/><T22/><D33/><U64/><E64/><N who="2" m="38999" /><F12/><W56/><G56/><N who="0" m="32807" /><D22/><U114/><E36/><V38/><F7/><W25/><G25/><T94/><AGARI ba="0,0" hai="17,21,24,28,31,54,57,60,87,90,94" m="32807" machi="94" ten="30,1100,0" yaku="8,1" doraHai="4" who="0" fromWho="0" sc="291,11,67,-5,376,-3,266,-3" /><INIT seed="6,0,0,1,1,83" ten="302,62,373,263" oya="2" hai0="119,92,99,100,66,108,11,107,126,9,25,120,53" hai1="41,63,0,8,87,31,65,64,15,60,128,37,38" hai2="101,74,90,76,40,43,32,44,3,13,46,36,47" hai3="104,18,1,33,39,84,105,4,129,86,127,29,135"/><V58/><F3/><W26/><G39/><T102/><D120/><U20/><E128/><V114/><F114/><W82/><G129/><T5/><D108/><U78/><E0/><V106/><F32/><W94/><G82/><T42/><D126/><U69/><E31/><V7/><F74/><W24/><G94/><T50/><D42/><U48/><E20/><V111/><F76/><W110/><G110/><T12/><D119/><U130/><E130/><V57/><F111/><W73/><G73/><T77/><D77/><U23/><E23/><V116/><F116/><W68/><G68/><T16/><D66/><U103/><E103/><V71/><F71/><W124/><G135/><T54/><D107/><U132/><E132/><V118/><F118/><W10/><G104/><T98/><D25/><U88/><E63/><V52/><F106/><W45/><G45/><T17/><D11/><U81/><E65/><V49/><F101/><N who="0" m="39018" /><D92/><U125/><E125/><N who="3" m="48202" /><G105/><T67/><D67/><U131/><E131/><V34/><F34/><N who="3" m="20775" /><G18/><N who="0" m="7275" /><D54/><U61/><E61/><V59/><F90/><W72/><G72/><T97/><D97/><U89/><E38/><V109/><F109/><W113/><G113/><T21/><D21/><U62/><E62/><N who="2" m="36135" /><F44/><AGARI ba="0,0" hai="5,9,12,44,50,53,98,99" m="7275,39018" machi="44" ten="30,2000,0" yaku="8,1,54,1" doraHai="83" who="0" fromWho="2" sc="302,20,62,0,373,-20,263,0" /><INIT seed="7,0,0,5,1,129" ten="322,62,353,263" oya="3" hai0="111,47,4,75,12,3,51,76,107,32,95,37,18" hai1="114,87,115,26,19,77,33,30,53,82,38,54,73" hai2="70,48,127,89,81,57,39,22,100,74,8,102,108" hai3="35,79,80,11,45,119,50,42,101,21,65,68,117"/><W131/><G35/><T23/><D107/><U85/><E38/><V98/><F108/><W55/><G131/><T134/><D111/><U56/><E19/><V99/><F70/><W94/><G65/><T2/><D32/><U132/><E73/><V93/><F39/><W128/><G68/><T104/><D104/><U116/><E116/><V67/><F127/><W126/><G126/><T60/><D2/><U84/><E82/><V78/><F8/><W105/><G105/><T34/><D34/><U62/><E77/><V17/><F99/><W31/><G128/><T135/><D37/><U120/><E120/><V66/><F66/><W40/><G119/><T36/><D60/><U83/><E83/><V41/><F67/><W90/><G101/><T71/><D95/><U122/><E122/><V97/><F97/><W44/><G44/><T92/><D92/><U1/><E1/><V0/><F0/><W5/><G21/><T63/><D63/><U25/><E33/><V59/><F59/><W112/><G31/><T43/><D51/><U96/><E96/><V61/><F61/><W123/><G123/><T64/><D64/><U49/><E30/><V72/><F72/><N who="3" m="43111" /><G112/><T58/><D71/><U14/><E14/><N who="2" m="9527" /><F41/><W16/><G5/><T13/><D58/><N who="1" m="33071" /><E132/><N who="0" m="50729" /><D76/><U125/><E125/><V86/><F74/><W9/><G117/><T113/><D75/><U52/><E54/><AGARI ba="0,0" hai="48,54,57,78,81,86,89,93,98,100,102" m="9527" machi="54" ten="30,1000,0" yaku="8,1" doraHai="129" who="2" fromWho="1" sc="322,0,62,-10,353,10,263,0" owari="322,12.0,52,-45.0,363,47.0,263,-14.0" /></mjloggm>