<mjloggm ver="2.3"><GO type="169" lobby="0"/><UN n0="%E5%B0%8F%E6%89%8B%E8%BF%94%E6%92%B2%E6%BB%85%E4%BC%9A%E9%95%B7" n1="%E3%82%88%E3%82%8D%E3%82%81%E3%81%8D%47%54%49" n2="%63%68%75%75%79%61%61%61" n3="%E5%B0%B1%E6%B4%BB%E7%94%9F%40%E5%B7%9D%E6%9D%91%E8%BB%8D%E5%9B%A3" dan="16,16,17,17" rate="2119.41,2079.23,2167.40,2229.67" sx="F,M,M,M"/><TAIKYOKU oya="0"/><INIT seed="0,0,0,2,4,98" ten="250,250,250,250" oya="0" hai0="63,49,54,86,69,89,58,82,35,85,113,106,64" hai1="2,108,60,40,84,55,14,65,117,91,66,46,47" hai2="33,90,28,79,125,17,112,22,20,70,99,37,31" hai3="44,27,104,131,74,38,9,94,124,121,127,10,4"/><T118/><D113/><U102/><E2/><V119/><F70/><W95/><G104/><T21/><D35/><U122/><E122/><V29/><F37/><W130/><G74/><T12/><D106/><U23/><E117/><V57/><F79/><W88/><G95/><T126/><D126/><N who="3" m="48169" /><G27/><T36/><D118/><U114/><E114/><V110/><F112/><W97/><G121/><T5/><D36/><U30/><E108/><V71/><F110/><W78/><G78/><T133/><D133/><U32/><E32/><V13/><F71/><W87/><G87/><T76/><D5/><U11/><E40/><V115/><F115/><W73/><G73/><T103/><D12/><U68/><E102/><V123/><F123/><W25/><G25/><T77/><D21/><U107/><E107/><V96/><F33/><W53/><G53/><T56/><D77/><U120/><E65/><V34/><F34/><W129/><G4/><T51/><D69/><U132/><E132/><V0/><F119/><W18/><G18/><T3/><D3/><U1/><E1/><V62/><F0/><W59/><G59/><T26/><D26/><N who="1" m="16735" /><E47/><V43/><F125/><W100/><G100/><T16/><D103/><U105/><E105/><V24/><F43/><AGARI ba="0,0" hai="9,10,38,43,44,88,94,97,129,130,131" m="48169" machi="43" ten="40,5200,0" yaku="19,1,18,1,54,1" doraHai="98" who="3" fromWho="2" sc="250,0,250,0,250,-52,250,52" /><INIT seed="1,0,0,0,3,99" ten="250,250,198,302" oya="1" hai0="128,123,70,38,23,28,49,111,79,90,96,13,57" hai1="72,63,78,27,74,127,124,109,42,83,56,54,132" hai2="82,17,35,131,73,95,43,108,76,41,20,34,32" hai3="45,97,44,12,101,69,98,102,29,36,24,93,91"/><U11/><E132/><V77/><F131/><W64/><G69/><T104/><D70/><U75/><E42/><V68/><F68/><W113/><G113/><T52/><D38/><U31/><E11/><V3/><F3/><W106/><G64/><T120/><D79/><U133/><E133/><V81/><F95/><W66/><G66/><T21/><D111/><U7/><E7/><V71/><F108/><W94/><G12/><T10/><D128/><U119/><E119/><V26/><REACH who="2" step="1"/><F71/><REACH who="2" ten="250,250,188,302" step="2"/><W25/><G36/><T59/><D104/><U0/><E0/><V55/><F55/><W84/><REACH who="3" step="1"/><G24/><REACH who="3" ten="250,250,188,292" step="2"/><N who="0" m="16399" /><D123/><U37/><E37/><V47/><F47/><W18/><G18/><N who="0" m="8503" /><D120/><U86/><REACH who="1" step="1"/><E109/><REACH who="1" ten="250,240,188,292" step="2"/><V1/><F1/><W115/><G115/><T58/><D23/><AGARI ba="0,3" hai="23,27,31,54,56,63,72,74,75,78,83,86,124,127" machi="23" ten="40,3900,0" yaku="1,1,2,1,53,0" doraHai="99" doraHaiUra="14" who="1" fromWho="0" sc="250,-39,240,69,188,0,292,0" /><AGARI ba="0,0" hai="23,25,29,44,45,84,91,93,94,97,98,101,102,106" machi="23" ten="30,7700,0" yaku="1,1,7,1,52,2,53,0" doraHai="99" doraHaiUra="14" who="3" fromWho="0" sc="211,-77,309,0,188,0,292,77" /><INIT seed="1,1,0,1,0,100" ten="134,309,188,369" oya="1" hai0="24,46,96,56,70,10,71,36,108,67,29,93,127" hai1="39,14,51,75,27,4,64,94,73,109,119,118,121" hai2="63,123,52,72,116,132,16,104,38,15,62,47,101" hai3="18,77,90,106,48,112,79,134,91,131,44,34,111"/><U92/><E121/><V89/><F123/><W20/><G34/><T122/><D108/><U57/><E39/><V86/><F116/><W80/><G106/><T128/><D127/><U11/><E118/><V103/><F72/><W105/><G105/><T125/><D128/><U37/><E37/><V87/><F132/><W13/><G112/><T22/><D125/><U68/><E68/><V43/><F87/><W30/><G131/><T49/><D36/><U107/><E107/><V102/><F104/><W6/><G6/><T124/><D124/><U98/><E119/><V26/><F26/><W114/><G114/><T50/><D10/><U115/><E115/><V85/><F85/><W35/><G79/><T110/><D110/><U21/><E109/><V88/><F89/><W42/><G134/><T12/><D12/><U19/><E92/><V117/><F52/><W25/><G111/><T8/><D8/><U33/><E33/><V1/><F1/><W58/><G58/><T41/><D122/><U99/><E99/><V83/><REACH who="2" step="1"/><F117/><REACH who="2" ten="134,309,178,369" step="2"/><W2/><G2/><T9/><D9/><AGARI ba="1,1" hai="9,15,16,38,43,47,62,63,83,86,88,101,102,103" machi="9" ten="40,8000,1" yaku="1,1,2,1,54,2,53,0" doraHai="100" doraHaiUra="53" who="2" fromWho="0" sc="134,-83,309,0,178,93,369,0" /><INIT seed="2,0,0,0,5,18" ten="51,309,271,369" oya="2" hai0="2,45,61,13,46,17,24,44,20,41,32,43,100" hai1="122,1,120,8,85,4,0,92,73,9,103,35,126" hai2="33,74,36,62,106,51,128,107,67,108,119,130,6" hai3="59,83,129,131,93,12,69,15,134,5,110,34,118"/><V101/><F36/><W60/><G34/><T109/><D109/><U27/><E73/><V121/><F121/><W90/><G118/><T66/><D2/><U63/><E63/><V19/><F119/><W22/><G69/><T78/><D78/><U16/><E85/><V87/><F74/><W55/><G134/><T91/><D100/><U133/><E92/><V50/><F33/><W68/><G68/><T135/><D135/><U102/><E133/><V71/><F6/><W97/><G110/><T10/><D91/><U115/><E115/><V42/><F108/><W14/><G83/><T23/><D32/><U40/><E40/><N who="0" m="15433" /><D24/><U79/><E79/><V99/><F107/><W25/><REACH who="3" step="1"/><G5/><REACH who="3" ten="51,309,271,359" step="2"/><T11/><D11/><U77/><E8/><V47/><F87/><W117/><G117/><T123/><D123/><U89/><E9/><V113/><F113/><W116/><G116/><T39/><D39/><U53/><E4/><V28/><F28/><AGARI ba="0,1" hai="12,14,15,22,25,28,55,59,60,90,93,97,129,131" machi="28" ten="40,8000,1" yaku="1,1,52,1,53,2" doraHai="18" doraHaiUra="127" who="3" fromWho="2" sc="51,0,309,0,271,-80,359,90" /><INIT seed="3,0,0,4,5,12" ten="51,309,191,449" oya="3" hai0="72,88,20,103,116,29,128,2,68,87,80,44,59" hai1="112,4,90,58,65,55,129,126,3,40,132,119,54" hai2="100,51,122,135,98,120,84,21,79,97,37,95,89" hai3="96,74,76,14,133,15,104,26,110,70,53,35,62"/><W45/><G74/><T127/><D68/><U56/><E4/><V42/><F37/><W93/><G104/><T82/><D116/><U99/><E3/><V0/><F0/><W105/><G105/><T16/><D2/><U10/><E10/><V109/><F109/><W108/><G76/><T18/><D128/><U33/><E33/><V114/><F114/><W92/><G133/><T27/><D127/><U9/><E9/><V131/><F135/><W11/><G70/><T46/><D103/><U39/><E99/><V49/><F131/><W124/><G124/><T48/><D80/><U23/><E90/><V1/><F1/><W130/><G130/><T6/><D6/><U22/><E65/><V31/><F79/><W60/><G35/><T47/><D72/><U125/><E129/><V94/><F98/><W102/><G26/><T115/><D115/><U28/><E112/><V25/><REACH who="2" step="1"/><F42/><REACH who="2" ten="51,309,181,449" step="2"/><W77/><G77/><T91/><D91/><U17/><E40/><V63/><F63/><W71/><G62/><T43/><D43/><U19/><E39/><V34/><F34/><W8/><G60/><T101/><D101/><U111/><E132/><V106/><F106/><W30/><G102/><T61/><D48/><AGARI ba="0,1" hai="21,25,31,48,49,51,84,89,94,95,97,100,120,122" machi="48" ten="40,1300,0" yaku="1,1,53,0" doraHai="12" doraHaiUra="57" who="2" fromWho="0" sc="51,-13,309,0,181,23,449,0" /><INIT seed="4,0,0,2,2,121" ten="38,309,204,449" oya="0" hai0="132,53,118,106,108,32,104,8,120,131,43,129,65" hai1="125,41,128,1,84,90,24,109,39,72,57,124,69" hai2="27,37,116,122,101,18,12,10,83,59,66,97,56" hai3="75,133,46,60,2,45,9,3,21,35,26,126,44"/><T123/><D43/><U7/><E69/><V20/><F37/><W73/><G35/><T31/><D65/><U67/><E72/><V91/><F116/><W52/><G126/><T135/><D8/><U110/><E41/><V28/><F122/><N who="0" m="46634" /><D53/><U34/><E39/><V98/><F66/><W130/><G130/><N who="0" m="49675" /><D118/><U85/><E128/><V100/><F91/><W117/><G117/><T80/><D80/><U17/><E85/><V50/><F83/><W6/><G3/><T13/><D13/><U63/><E7/><V16/><F18/><W51/><G60/><T14/><D14/><U68/><E1/><V114/><F114/><W111/><G9/><T70/><D70/><U40/><E40/><V81/><F81/><W112/><G6/><T38/><D38/><U78/><E68/><V96/><F56/><W19/><G2/><T92/><D92/><N who="1" m="54343" /><E78/><V82/><F82/><W102/><G46/><T64/><D64/><U54/><E67/><V76/><F76/><W11/><G45/><T107/><D108/><U15/><E34/><V30/><F30/><W94/><G111/><T58/><D58/><U74/><E24/><AGARI ba="0,0" hai="24,31,32,104,106,107,132,135" m="49675,46634" machi="24" ten="40,3900,0" yaku="19,1,23,1" doraHai="121" who="0" fromWho="1" sc="38,39,309,-39,204,0,449,0" /><INIT seed="4,1,0,0,2,16" ten="77,270,204,449" oya="0" hai0="6,103,18,37,46,19,48,95,90,112,66,55,13" hai1="89,14,22,38,53,81,109,65,56,104,49,117,88" hai2="86,116,28,1,108,58,51,57,7,9,74,54,100" hai3="113,67,34,111,21,96,78,125,72,120,44,2,42"/><T59/><D112/><U5/><E117/><V122/><F74/><W64/><G34/><T15/><D103/><U3/><E38/><V83/><F122/><W0/><G111/><T71/><D71/><U12/><E104/><V106/><F108/><W62/><G113/><T45/><D6/><U23/><E109/><V50/><F116/><W43/><G120/><T123/><D123/><U36/><E36/><V102/><F106/><W92/><G125/><T61/><D37/><U98/><E3/><V93/><F93/><W75/><G64/><T27/><D46/><U10/><E65/><V84/><F28/><W132/><G132/><T94/><D27/><U135/><E135/><V40/><F86/><W129/><G129/><T118/><D118/><U33/><E33/><V91/><F40/><W107/><G107/><T128/><D128/><U97/><E14/><N who="0" m="5129" /><D95/><N who="1" m="56551" /><E98/><AGARI ba="1,0" hai="18,19,45,48,55,59,61,66,90,94,98" m="5129" machi="98" ten="30,1500,0" yaku="8,1" doraHai="16" who="0" fromWho="1" sc="77,18,270,-18,204,0,449,0" /><INIT seed="4,2,0,0,4,28" ten="95,252,204,449" oya="0" hai0="5,60,115,73,29,38,93,27,104,83,4,90,135" hai1="79,63,48,21,25,67,102,54,64,17,105,53,61" hai2="98,77,36,31,100,78,6,34,88,75,114,133,124" hai3="131,112,122,126,40,118,128,120,19,39,109,85,127"/><T95/><D104/><U70/><E79/><V32/><F36/><W121/><G39/><T57/><D38/><U111/><E111/><V87/><F31/><W16/><G40/><T7/><D115/><U58/><E105/><V26/><F26/><W116/><G85/><T108/><D135/><U11/><E102/><V15/><F114/><W42/><G42/><T113/><D113/><U134/><E134/><V129/><F133/><W86/><G86/><T82/><D108/><U117/><E117/><N who="3" m="45162" /><G112/><T3/><D3/><U132/><E132/><V81/><F78/><W12/><G109/><T30/><D73/><U72/><E72/><V50/><F50/><W56/><G56/><T37/><D37/><U41/><REACH who="1" step="1"/><E11/><REACH who="1" ten="95,242,204,449" step="2"/><V0/><F124/><N who="3" m="47659" /><G12/><T47/><D90/><U103/><E103/><V74/><F0/><W106/><G106/><T20/><D83/><U69/><E69/><V91/><F75/><W9/><G9/><T84/><D82/><U96/><E96/><V68/><F68/><W130/><AGARI ba="2,1" hai="16,19,120,121,122,128,130,131" m="47659,45162" machi="130" ten="50,16000,3" yaku="28,2,13,1,19,1,18,1,34,2,54,1" doraHai="28" who="3" fromWho="3" sc="95,-82,242,-42,204,-42,449,176" /><INIT seed="5,0,0,4,3,20" ten="13,200,162,625" oya="1" hai0="106,79,131,77,98,36,104,12,76,84,26,86,110" hai1="99,127,2,112,25,55,126,47,81,119,6,103,31" hai2="38,68,41,111,63,115,65,52,54,107,128,101,118" hai3="8,121,94,7,66,61,24,50,33,32,64,105,21"/><U57/><E119/><V4/><F4/><W35/><G105/><N who="0" m="40555" /><D12/><U129/><E103/><V75/><F75/><W116/><G116/><T71/><D36/><U102/><E99/><V100/><F118/><W28/><G121/><T80/><D71/><U130/><E102/><V125/><F111/><W18/><G50/><T134/><D26/><U87/><E47/><V67/><F101/><W51/><G51/><T1/><D1/><U135/><E6/><V22/><F100/><W124/><G124/><N who="1" m="47658" /><E2/><V95/><F107/><W13/><G94/><T11/><D11/><U132/><E112/><V59/><F95/><W9/><G64/><T90/><D110/><U62/><E87/><N who="0" m="33321" /><D134/><N who="1" m="51243" /><E81/><V45/><F67/><W53/><G53/><N who="2" m="20585" /><F125/><W85/><G85/><N who="0" m="50471" /><D131/><N who="1" m="50187" /><E25/><V92/><F128/><W46/><G46/><T97/><AGARI ba="0,0" hai="76,77,79,97,98" m="50471,33321,40555" machi="97" ten="40,8000,1" yaku="35,5" doraHai="20" who="0" fromWho="0" sc="13,80,200,-40,162,-20,625,-20" /><INIT seed="6,0,0,2,2,98" ten="93,160,142,605" oya="2" hai0="81,108,19,93,105,65,8,41,61,34,85,31,45" hai1="5,83,128,10,53,91,37,7,49,95,125,54,57" hai2="17,77,43,23,102,116,103,6,126,87,2,101,79" hai3="67,78,13,63,132,29,72,135,52,60,0,28,55"/><V30/><F116/><W1/><G13/><T47/><D105/><U56/><E37/><V35/><F35/><W58/><G78/><T3/><D108/><U59/><E125/><V111/><F126/><W15/><G72/><T71/><D3/><N who="3" m="1097" /><G15/><T32/><D8/><U36/><E36/><V25/><F111/><W51/><G55/><T113/><D113/><U114/><E114/><V82/><F43/><W107/><G107/><T133/><D133/><N who="3" m="51273" /><G60/><T89/><D19/><U69/><E69/><AGARI ba="0,0" hai="28,29,51,52,58,63,67,69" m="51273,1097" machi="69" ten="30,2000,0" yaku="20,1,54,1" doraHai="98" who="3" fromWho="1" sc="93,0,160,-20,142,0,605,20" /><INIT seed="7,0,0,5,1,116" ten="93,140,142,625" oya="3" hai0="10,96,7,1,2,54,14,20,119,13,45,52,128" hai1="68,134,46,38,24,37,56,105,12,133,82,47,124" hai2="100,75,72,71,29,35,84,28,78,4,123,23,98" hai3="3,39,31,53,60,89,58,41,118,50,59,44,34"/><W51/><G3/><T107/><D119/><U22/><E68/><V111/><F35/><W6/><G6/><T77/><D128/><U80/><E105/><V81/><F71/><W32/><G118/><T126/><D126/><U43/><E124/><V62/><F111/><W95/><G31/><T110/><D110/><U64/><E12/><V104/><F4/><W86/><G50/><T27/><D77/><U117/><E117/><V79/><F62/><W122/><G122/><T19/><D1/><U74/><E74/><N who="2" m="43223" /><F23/><W70/><G70/><T113/><D113/><U97/><E97/><V61/><F61/><W15/><G15/><T131/><D131/><U83/><E56/><V115/><F29/><W73/><G73/><N who="2" m="28233" /><F28/><W127/><G127/><T66/><D66/><AGARI ba="0,0" hai="32,34,39,41,44,51,53,58,59,60,66,86,89,95" machi="66" ten="30,1500,0" yaku="7,1" doraHai="116" who="3" fromWho="0" sc="93,-15,140,0,142,0,625,15" owari="78,-42.0,140,-26.0,142,-6.0,640,74.0" /></mjloggm>