<mjloggm ver="2.3"><GO type="225" lobby="0"/><UN n0="%65%78%E6%B3%B0%E7%84%B6%E5%9E%8B" n1="%E3%82%A6%E3%83%AB%E3%83%88%E3%83%A9%E7%AB%8B%E7%9B%B4" n2="%6C%6F%4A%61%73%6B%69%6E" n3="%E5%AE%AE%E6%B0%B8%E7%85%A7%EF%BC%A0%E7%99%BD%E7%B3%B8%E5%8F%B0" dan="16,17,17,16" rate="2064.78,2156.15,2170.00,2070.60" sx="F,M,M,M"/><TAIKYOKU oya="0"/><INIT seed="0,0,0,0,0,126" ten="250,250,250,250" oya="0" hai0="120,98,63,107,85,17,112,131,106,102,0,81,32" hai1="24,35,65,45,48,61,99,116,30,113,68,105,31" hai2="59,4,69,71,125,80,64,78,10,39,74,60,84" hai3="18,29,34,55,2,67,101,8,97,42,46,6,79"/><T118/><D112/><U135/><E31/><V115/><F115/><W72/><G67/><T58/><D120/><U27/><E27/><V121/><F125/><W40/><G55/><T109/><D32/><U128/><E113/><V124/><F124/><W132/><G132/><T100/><D0/><U62/><E62/><V90/><F39/><W1/><G1/><T12/><D118/><U83/><E83/><V66/><F66/><W103/><G42/><T89/><D109/><U127/><E127/><V119/><F121/><W33/><G18/><T49/><D49/><U52/><E135/><V7/><F7/><W110/><G110/><T23/><D131/><U11/><E11/><V130/><F130/><W26/><G34/><T94/><REACH who="0" step="1"/><D102/><REACH who="0" ten="240,250,250,250" step="2"/><N who="1" m="62687" /><E116/><V70/><F119/><W123/><G123/><T57/><D57/><U41/><E41/><V96/><F59/><W51/><G103/><T73/><D73/><U86/><E86/><V129/><F129/><AGARI ba="0,1" hai="24,30,35,45,48,52,61,65,68,128,129" m="62687" machi="129" ten="30,7700,0" yaku="25,1,52,2,54,1" doraHai="126" who="1" fromWho="2" sc="240,0,250,87,250,-77,250,0" /><INIT seed="1,0,0,1,2,33" ten="240,337,173,250" oya="1" hai0="48,3,72,117,19,100,77,107,18,90,98,11,113" hai1="61,5,94,89,93,29,75,133,6,115,35,76,102" hai2="96,25,17,43,121,132,81,13,79,69,97,30,134" hai3="47,114,85,58,131,55,7,60,106,84,53,116,26"/><U40/><E115/><V78/><F69/><W12/><G114/><T95/><D113/><U104/><E133/><N who="2" m="51307" /><F121/><W10/><G131/><T92/><D117/><U87/><E40/><V99/><F43/><W16/><G106/><T50/><D19/><U88/><E29/><V44/><F44/><W63/><G116/><T45/><D45/><U105/><E61/><V51/><F51/><W49/><G63/><T34/><D34/><U109/><E35/><N who="2" m="20943" /><F81/><W74/><G74/><T52/><D50/><U80/><E109/><V28/><F28/><W71/><G71/><T56/><D77/><U82/><E82/><V2/><F2/><W64/><G64/><T86/><D72/><U24/><E105/><V4/><F4/><W27/><G7/><T119/><D119/><U126/><E5/><V59/><F59/><W1/><G1/><T14/><REACH who="0" step="1"/><D3/><REACH who="0" ten="230,337,173,250" step="2"/><U127/><E6/><V70/><F70/><W66/><G66/><T112/><D112/><U41/><E75/><V38/><F38/><W36/><G36/><T129/><D129/><U103/><E76/><V20/><AGARI ba="0,1" hai="13,17,20,78,79,96,97,99" m="20943,51307" machi="20" ten="30,1100,0" yaku="20,1" doraHai="33" who="2" fromWho="2" sc="230,-3,337,-5,173,21,250,-3" /><INIT seed="2,0,0,3,5,81" ten="227,332,194,247" oya="2" hai0="107,63,35,101,72,133,34,56,78,73,134,114,5" hai1="108,18,24,16,53,123,131,1,118,65,122,29,61" hai2="86,43,44,85,32,28,109,59,88,11,31,36,92" hai3="9,90,93,97,33,14,45,58,130,95,64,25,12"/><V104/><F104/><W52/><G130/><T42/><D114/><U38/><E1/><V79/><F32/><N who="0" m="12330" /><D42/><U41/><E118/><V132/><F132/><N who="0" m="50794" /><D5/><U68/><E108/><V89/><F79/><W23/><G33/><T46/><D46/><N who="1" m="23863" /><E131/><V106/><F106/><W76/><G76/><T17/><D17/><U71/><E71/><V105/><F105/><W87/><G64/><N who="0" m="39015" /><D78/><U10/><E10/><V7/><F59/><W57/><G45/><T69/><D69/><U40/><E40/><V112/><F109/><W127/><G127/><T22/><D22/><U98/><E18/><V30/><F112/><W2/><G2/><T3/><D3/><U111/><E16/><V8/><REACH who="2" step="1"/><F7/><REACH who="2" ten="227,332,184,247" step="2"/><N who="3" m="3135" /><G57/><T54/><D54/><U37/><E53/><V110/><F110/><W102/><G14/><T20/><D20/><U21/><E111/><V67/><F67/><W26/><G23/><T135/><D135/><U126/><E65/><V6/><F6/><W117/><G117/><T62/><D62/><AGARI ba="0,1" hai="25,26,52,58,62,87,90,93,95,97,102" m="3135" machi="62" ten="30,3900,0" yaku="8,1,52,1,54,1" doraHai="81" who="3" fromWho="0" sc="227,-39,332,0,184,0,247,49" /><INIT seed="3,0,0,2,2,41" ten="188,332,184,296" oya="3" hai0="92,68,133,50,1,7,39,101,83,118,62,116,57" hai1="47,46,124,28,33,3,70,8,114,29,11,96,112" hai2="90,49,24,102,76,122,129,91,69,115,132,23,98" hai3="9,94,13,43,37,12,61,35,84,48,32,38,65"/><W25/><G38/><T79/><D39/><U52/><E52/><V106/><F115/><W78/><G37/><T26/><D133/><U80/><E96/><V55/><F132/><W56/><G13/><T135/><D135/><U81/><E124/><V36/><F36/><W10/><G10/><T27/><D68/><U100/><E100/><V5/><F69/><W89/><G25/><T30/><D50/><U64/><E70/><V19/><F129/><W0/><G0/><T53/><D26/><U97/><E97/><V119/><F119/><W131/><G131/><T109/><D109/><U72/><E64/><V63/><F63/><W14/><G14/><T88/><D101/><U18/><E18/><V21/><F122/><W103/><G103/><T45/><D7/><U17/><E17/><V34/><F34/><W73/><G73/><T44/><D1/><U40/><E40/><V54/><F5/><W71/><G78/><T4/><D4/><U108/><E72/><V107/><F107/><W125/><G125/><T117/><D83/><U58/><E3/><V51/><F76/><W66/><G66/><T121/><D79/><U85/><E33/><V87/><F23/><W6/><G71/><T82/><D82/><U104/><E104/><V2/><F2/><W126/><G126/><T67/><D67/><U134/><E134/><V105/><F105/><W22/><G22/><N who="0" m="15735" /><D121/><U86/><E108/><V59/><F87/><W123/><G123/><T75/><D75/><U99/><E99/><V120/><F120/><W113/><G113/><T95/><D95/><U77/><E77/><RYUUKYOKU ba="0,0" sc="188,0,332,0,184,0,296,0" hai0="44,45,53,57,62,88,92,116,117,118" hai1="8,11,28,29,46,47,58,80,81,85,86,112,114" hai2="19,21,24,49,51,54,55,59,90,91,98,102,106" hai3="6,9,12,32,35,43,48,56,61,65,84,89,94" /><INIT seed="3,1,0,4,5,48" ten="188,332,184,296" oya="3" hai0="24,12,88,41,10,50,64,123,135,35,97,107,111" hai1="22,57,100,71,60,128,33,78,31,62,132,13,134" hai2="8,114,19,130,49,104,11,117,51,5,84,129,101" hai3="94,120,89,0,67,82,16,55,36,40,86,1,112"/><W58/><G120/><T68/><D123/><U93/><E33/><V116/><F114/><W63/><G112/><T21/><D111/><U32/><E32/><V59/><F19/><W37/><G67/><T72/><D72/><U92/><E128/><N who="2" m="49259" /><F84/><W30/><G30/><T115/><D35/><U126/><E71/><V85/><F85/><W74/><G74/><T25/><D115/><U38/><E62/><V98/><F11/><W131/><G131/><T27/><D135/><U95/><E13/><N who="2" m="5263" /><F59/><W109/><G109/><T73/><D73/><U53/><E100/><V2/><F2/><W44/><G37/><T66/><D68/><U6/><E38/><V65/><F65/><N who="0" m="25194" /><D107/><U122/><E122/><V90/><F90/><W118/><G118/><AGARI ba="1,0" hai="49,51,98,101,104,116,117,118" m="5263,49259" machi="118" ten="30,1000,0" yaku="19,1" doraHai="48" who="2" fromWho="3" sc="188,0,332,0,184,13,296,-13" owari="188,-31.0,332,43.0,197,-20.0,283,8.0" /></mjloggm>