<mjloggm ver="2.3"><GO type="169" lobby="0"/><UN n0="%68%6F%73%69%67%61%6D%69" n1="%E5%A4%A9%E7%A5%9E%E4%B9%83%E9%9B%80" n2="%E5%B0%B1%E6%B4%BB%E7%94%9F%40%E5%B7%9D%E6%9D%91%E8%BB%8D%E5%9B%A3" n3="%61%72%61%66%61%69" dan="17,16,18,16" rate="2171.52,2042.84,2217.52,2024.56" sx="M,M,M,F"/><TAIKYOKU oya="0"/><INIT seed="0,0,0,1,2,28" ten="250,250,250,250" oya="0" hai0="37,39,14,79,9,83,52,26,82,54,5,128,22" hai1="97,38,24,114,13,55,69,68,104,101,53,115,62" hai2="118,31,95,58,47,132,49,119,23,63,133,70,71" hai3="108,48,33,41,46,51,27,105,43,10,81,30,19"/><T99/><D128/><U72/><E72/><V131/><F95/><W1/><G105/><T110/><D110/><U120/><E120/><V90/><F90/><W111/><G81/><T6/><D6/><U106/><E38/><V2/><F31/><W3/><G19/><T78/><D99/><U134/><E134/><N who="2" m="51819" /><F23/><W34/><G10/><T56/><D83/><U100/><E13/><V29/><F29/><W88/><G30/><T84/><D79/><U76/><E76/><V15/><F15/><W135/><G135/><T42/><D42/><U124/><E24/><V16/><F16/><W8/><G8/><T66/><D66/><U107/><E107/><V75/><F2/><W32/><G27/><T74/><D74/><U36/><E36/><V86/><F86/><W112/><G112/><T44/><D44/><U129/><E97/><V109/><F75/><W7/><G88/><T60/><REACH who="0" step="1"/><D54/><REACH who="0" ten="240,250,250,250" step="2"/><U67/><E55/><N who="2" m="30143" /><F109/><N who="3" m="42059" /><G7/><T92/><D92/><U20/><E106/><V45/><F45/><AGARI ba="0,1" hai="1,3,32,33,34,41,43,45,46,48,51" m="42059" machi="45" ten="40,8000,1" yaku="14,1,52,3" doraHai="28" who="3" fromWho="2" sc="240,0,250,0,250,-80,250,90" /><INIT seed="1,0,0,0,5,85" ten="240,250,170,340" oya="1" hai0="4,77,59,27,61,113,91,45,94,41,114,36,9" hai1="134,120,125,54,55,30,111,37,60,117,32,1,108" hai2="11,116,84,29,89,56,135,105,40,110,8,34,73" hai3="35,81,122,93,90,106,82,39,121,63,86,127,31"/><U67/><E1/><V83/><F116/><W118/><G39/><T87/><D27/><N who="1" m="18527" /><E120/><V74/><F105/><W44/><G118/><T95/><D95/><U104/><E104/><V6/><F110/><N who="1" m="42025" /><E117/><V26/><F135/><W2/><G2/><T12/><REACH who="0" step="1"/><D77/><REACH who="0" ten="230,250,170,340" step="2"/><U13/><E134/><V123/><F123/><W97/><G93/><T68/><D68/><N who="1" m="42087" /><E125/><V33/><F33/><W78/><G35/><T24/><D24/><U103/><E103/><V51/><F8/><W70/><G127/><T64/><AGARI ba="0,1" hai="4,9,12,36,41,45,59,61,64,87,91,94,113,114" machi="64" ten="20,5200,0" yaku="1,1,0,1,7,1,52,1,53,0" doraHai="85" doraHaiUra="50" who="0" fromWho="0" sc="230,62,250,-26,170,-13,340,-13" /><INIT seed="2,0,0,0,3,129" ten="292,224,157,327" oya="2" hai0="2,131,18,25,77,121,67,86,53,105,118,30,111" hai1="65,100,43,112,119,8,47,75,79,11,93,132,73" hai2="81,76,115,29,12,104,106,122,27,57,68,126,39" hai3="36,63,134,89,62,38,44,42,71,87,123,15,31"/><V37/><F122/><W60/><G123/><T14/><D121/><U33/><E119/><V4/><F115/><W101/><G101/><T110/><D105/><U1/><E112/><V114/><F114/><W90/><G36/><T41/><D67/><U61/><E33/><V56/><F126/><W135/><G31/><T109/><D41/><U0/><E132/><N who="3" m="50730" /><G15/><T117/><D2/><U120/><E1/><V127/><F127/><W64/><G90/><T99/><D99/><U35/><E35/><V84/><F39/><W96/><G96/><T3/><D3/><U40/><E0/><V102/><F37/><W7/><G7/><T94/><D14/><U133/><E133/><V19/><F4/><W32/><G32/><T74/><D30/><U66/><E79/><V128/><F128/><W69/><G64/><T28/><D131/><U103/><E66/><V97/><F106/><W13/><G13/><T113/><D28/><U5/><E65/><V92/><F104/><W46/><G44/><T83/><D113/><U130/><E47/><V70/><F70/><W48/><G48/><T20/><D118/><U10/><E5/><V80/><F68/><W16/><G16/><T50/><D117/><U23/><E130/><V59/><F29/><W91/><G91/><N who="0" m="53623" /><D50/><U17/><E120/><V107/><F27/><W58/><G58/><T54/><AGARI ba="0,0" hai="18,20,25,53,54,74,77,83,109,110,111" m="53623" machi="54" ten="40,1500,0" yaku="14,1" doraHai="129" who="0" fromWho="0" sc="292,15,224,-4,157,-7,327,-4" /><INIT seed="3,0,0,3,1,119" ten="307,220,150,323" oya="3" hai0="45,52,25,78,4,82,108,53,66,132,115,109,16" hai1="36,33,11,89,2,35,96,84,73,7,122,38,56" hai2="113,1,120,20,49,103,27,118,13,116,86,37,127" hai3="40,114,106,87,129,91,59,123,29,54,99,125,58"/><W88/><G114/><T22/><D115/><U69/><E73/><V134/><F113/><W24/><G125/><T50/><D132/><U71/><E96/><V72/><F72/><W14/><G129/><T76/><D66/><U95/><E56/><V61/><F37/><W93/><G106/><T51/><D4/><U28/><E122/><V83/><F1/><W48/><G40/><T63/><D63/><U67/><E35/><V21/><F103/><W62/><G14/><T101/><D101/><U3/><E3/><V100/><F100/><W81/><G123/><T79/><REACH who="0" step="1"/><D82/><REACH who="0" ten="297,220,150,323" step="2"/><U23/><E7/><V94/><F83/><W44/><REACH who="3" step="1"/><G62/><REACH who="3" ten="297,220,150,313" step="2"/><T15/><D15/><U55/><E2/><V31/><F13/><W133/><G133/><T47/><AGARI ba="0,2" hai="16,22,25,45,47,50,51,52,53,76,78,79,108,109" machi="47" ten="30,12000,2" yaku="1,1,0,1,9,1,54,2,53,1" doraHai="119" doraHaiUra="18" who="0" fromWho="0" sc="297,140,220,-30,150,-30,313,-60" /><INIT seed="4,0,0,4,3,67" ten="437,190,120,253" oya="0" hai0="84,133,102,132,14,109,35,85,87,92,98,79,75" hai1="21,103,46,33,20,11,18,28,118,32,88,107,99" hai2="104,43,6,8,64,0,34,68,93,10,59,16,72" hai3="56,22,115,15,127,114,77,134,9,23,42,51,130"/><T38/><D38/><U116/><E46/><V1/><F104/><W13/><G127/><T58/><D35/><U97/><E11/><V90/><F72/><W41/><G130/><T124/><D58/><U89/><E18/><V54/><F34/><W113/><G134/><N who="0" m="51819" /><D14/><U126/><E126/><V96/><F43/><N who="3" m="16395" /><G77/><T25/><D25/><U71/><E107/><V45/><F45/><W36/><G36/><T2/><D2/><U80/><E80/><V128/><F128/><W100/><G100/><T47/><D47/><U69/><REACH who="1" step="1"/><E103/><REACH who="1" ten="437,180,120,253" step="2"/><V117/><F117/><W50/><G9/><T83/><D124/><U119/><E119/><V60/><F16/><W123/><G114/><T19/><D19/><U78/><E78/><V48/><REACH who="2" step="1"/><F10/><REACH who="2" ten="437,180,110,253" step="2"/><W37/><G115/><T101/><D109/><U7/><E7/><V112/><F112/><W29/><G113/><T62/><D75/><U106/><E106/><V63/><F63/><W131/><G131/><T135/><D62/><U44/><E44/><V95/><F95/><W57/><G50/><T73/><D135/><U74/><E74/><V82/><F82/><W120/><G37/><T52/><D73/><U40/><E40/><V86/><F86/><W12/><G51/><T31/><D87/><U17/><E17/><V30/><F30/><AGARI ba="0,2" hai="20,21,28,30,32,33,69,71,88,89,97,99,116,118" machi="30" ten="25,12000,2" yaku="1,1,22,2,52,2,54,1,53,0" doraHai="67" doraHaiUra="122" who="1" fromWho="2" sc="437,0,180,140,110,-120,253,0" owari="437,54.0,320,12.0,-10,-51.0,253,-15.0" /></mjloggm>