<mjloggm ver="2.3"><GO type="169" lobby="0"/><UN n0="%6B%69%79%6F%64%61%69" n1="%75%65%73%68%6F%77" n2="%E3%83%86%E3%83%AC%E3%83%93%E3%81%A3%E5%AD%90" n3="%E3%83%88%E3%83%88%E3%83%AA%E5%85%88%E7%94%9F%31%39%E6%AD%B3" dan="17,16,17,19" rate="2130.08,2154.58,2190.00,2284.99" sx="M,M,M,F"/><TAIKYOKU oya="0"/><INIT seed="0,0,0,2,0,132" ten="250,250,250,250" oya="0" hai0="62,81,48,100,30,25,10,5,61,43,46,27,63" hai1="22,50,24,17,82,89,97,38,60,13,58,73,47" hai2="79,55,122,85,69,6,98,117,101,134,18,44,129" hai3="39,32,71,42,94,96,130,72,90,4,102,109,75"/><T123/><D123/><U113/><E113/><V83/><F129/><W53/><G32/><T11/><D11/><U3/><E3/><V105/><F134/><W133/><G133/><T78/><D100/><U59/><E38/><V1/><F117/><W31/><G31/><T57/><D57/><U119/><E119/><V64/><F122/><W120/><G71/><T107/><D107/><U12/><E73/><V93/><F18/><W128/><G109/><T125/><D125/><U76/><E76/><V99/><F6/><W20/><G120/><T103/><D103/><U114/><E114/><V116/><F1/><W49/><G20/><T88/><D88/><U127/><E127/><V21/><F116/><W95/><G42/><T115/><D115/><U19/><E19/><V45/><F21/><W15/><G39/><T91/><D91/><U68/><E68/><V74/><F98/><N who="3" m="57687" /><G15/><T41/><D41/><N who="1" m="24943" /><E58/><V8/><F8/><W86/><G86/><T36/><D30/><U7/><E7/><V124/><F124/><W70/><G70/><T2/><REACH who="0" step="1"/><D48/><REACH who="0" ten="240,250,250,250" step="2"/><U33/><E97/><V92/><F105/><W110/><G102/><T9/><D9/><U65/><E33/><V16/><F101/><W118/><G96/><T77/><D77/><U56/><E56/><V111/><F99/><W67/><G118/><T112/><D112/><U26/><E89/><V104/><F104/><W126/><G126/><T51/><D51/><U80/><E59/><V37/><F79/><W23/><G49/><T106/><D106/><U35/><E35/><V87/><F69/><W84/><G128/><RYUUKYOKU ba="0,1" sc="240,30,250,-10,250,-10,250,-10" hai0="2,5,10,25,27,36,43,46,61,62,63,78,81" /><INIT seed="0,1,1,0,3,130" ten="270,240,240,240" oya="0" hai0="81,19,78,55,122,72,83,114,93,102,67,126,42" hai1="36,128,92,118,103,32,89,121,127,76,71,70,74" hai2="125,46,113,18,101,107,17,5,66,69,98,15,99" hai3="129,6,12,133,95,116,0,26,10,9,44,7,51"/><T108/><D114/><U39/><E32/><V104/><F113/><W85/><G129/><T97/><D122/><U134/><E128/><V124/><F46/><W112/><G112/><T75/><D67/><U91/><E121/><V13/><F5/><W24/><G116/><T3/><D3/><U90/><E118/><V22/><F66/><W63/><G133/><T84/><D42/><U50/><E76/><V105/><F69/><N who="1" m="26121" /><E92/><V119/><F119/><W16/><G63/><T20/><D126/><N who="2" m="48746" /><F101/><W23/><G85/><T30/><D30/><U120/><E74/><V52/><F52/><W1/><REACH who="3" step="1"/><G95/><REACH who="3" ten="270,240,240,230" step="2"/><T45/><D108/><U41/><E127/><V68/><F68/><W49/><G49/><T56/><D83/><U53/><E50/><V82/><F82/><W73/><G73/><T100/><D75/><U135/><E120/><V48/><F48/><W59/><G59/><T106/><D72/><U34/><E41/><AGARI ba="1,2" hai="0,1,6,7,9,10,12,16,23,24,26,41,44,51" machi="41" ten="30,7700,0" yaku="1,1,7,1,9,1,54,1,53,0" doraHai="130" doraHaiUra="54" who="3" fromWho="1" sc="270,0,240,-80,240,0,230,100" /><INIT seed="1,0,0,1,5,75" ten="270,160,240,330" oya="1" hai0="3,28,122,135,82,9,35,102,70,2,95,37,117" hai1="36,73,83,47,101,126,34,57,45,0,44,27,94" hai2="32,4,98,89,33,62,26,38,120,13,31,80,48" hai3="88,113,19,132,107,96,111,41,84,43,127,93,119"/><U71/><E71/><V63/><F38/><W65/><G113/><T5/><D95/><U21/><E34/><V39/><F39/><W86/><G111/><T99/><D117/><U92/><E0/><V53/><F120/><W17/><G119/><T79/><D122/><U105/><E36/><V131/><F33/><W52/><G132/><T61/><D37/><U90/><E126/><V129/><F4/><W100/><G127/><T125/><D125/><U55/><E105/><V64/><F13/><W85/><G65/><T12/><D12/><U56/><E101/><V97/><F63/><W59/><G100/><T7/><D7/><U81/><E73/><V25/><F25/><W46/><G46/><T11/><D11/><U72/><E72/><V104/><F104/><W112/><G112/><T118/><D118/><U10/><E92/><V29/><F29/><W91/><G91/><T24/><D99/><U128/><E10/><V42/><F42/><N who="3" m="15883" /><G107/><T77/><D102/><U109/><E128/><V23/><F32/><W40/><G40/><T66/><D135/><U106/><E106/><V103/><F103/><W49/><AGARI ba="0,0" hai="17,19,49,52,59,84,85,86,88,93,96" m="15883" machi="49" ten="30,4000,0" yaku="8,1,54,2" doraHai="75" who="3" fromWho="3" sc="270,-10,160,-20,240,-10,330,40" /><INIT seed="2,0,0,1,2,54" ten="260,140,230,370" oya="2" hai0="11,86,42,99,47,85,17,57,15,98,115,124,121" hai1="92,134,14,58,127,126,62,73,80,109,76,51,65" hai2="0,71,34,75,104,83,87,66,52,31,110,48,8" hai3="108,38,41,19,10,68,25,125,69,67,16,122,123"/><V35/><F104/><W131/><G108/><T60/><D115/><U111/><E134/><V64/><F75/><W28/><G131/><T59/><D124/><N who="1" m="47659" /><E51/><V119/><F119/><W116/><G116/><T133/><D121/><U40/><E40/><V114/><F114/><W89/><G125/><T84/><D133/><U70/><E70/><V113/><F113/><W105/><G105/><T112/><D112/><U22/><E92/><V97/><F97/><N who="0" m="36874" /><D60/><U13/><E22/><V39/><F39/><W72/><G72/><T30/><D30/><U33/><E33/><V32/><F110/><AGARI ba="0,0" hai="13,14,58,62,65,73,76,80,109,110,111" m="47659" machi="110" ten="30,3900,0" yaku="14,1,18,1,52,1" doraHai="54" who="1" fromWho="2" sc="260,0,140,39,230,-39,370,0" /><INIT seed="3,0,0,5,1,92" ten="260,179,191,370" oya="3" hai0="41,47,126,20,99,121,87,134,83,91,94,36,23" hai1="50,29,3,15,133,119,77,52,85,123,84,49,5" hai2="75,4,44,128,46,64,28,115,120,89,100,114,103" hai3="67,118,74,6,25,105,129,56,96,116,24,73,13"/><W132/><G129/><T131/><D131/><U10/><E123/><V79/><F128/><W1/><G1/><T51/><D121/><U90/><E119/><V32/><F120/><W18/><G6/><T108/><D108/><U82/><E133/><V98/><F64/><W27/><G132/><T7/><D134/><U40/><E3/><V0/><F0/><W59/><G118/><T33/><D33/><U111/><E111/><V42/><F4/><W58/><G67/><T2/><D126/><U104/><E104/><V11/><F11/><W12/><G116/><T110/><D110/><U16/><E29/><V14/><F14/><W68/><G68/><T34/><D34/><U86/><E77/><V97/><F32/><W30/><G30/><T55/><D7/><U66/><E66/><V107/><F28/><W60/><G60/><T62/><D2/><U80/><E80/><N who="2" m="45183" /><F46/><W69/><G69/><T71/><D71/><U65/><E65/><V102/><F44/><W72/><G18/><T127/><D127/><U70/><E70/><V22/><F22/><N who="0" m="8234" /><D36/><U112/><E112/><N who="2" m="43051" /><F42/><W53/><G53/><T8/><D8/><U113/><E113/><V31/><F31/><W57/><N who="3" m="14336" /><DORA hai="109" /><W19/><G19/><T35/><D35/><U61/><E61/><V54/><F54/><W37/><G37/><T95/><D62/><U117/><E117/><V106/><F89/><W93/><G12/><T21/><N who="0" m="8242" /><T130/><DORA hai="48" /><D130/><U124/><E5/><V76/><F76/><W101/><G13/><T9/><D9/><U122/><E10/><V17/><F17/><RYUUKYOKU ba="0,0" sc="260,-15,179,-15,191,15,370,15" hai2="97,98,100,102,103,106,107" hai3="24,25,27,72,73,74,93,96,101,105" /><INIT seed="3,1,0,3,2,47" ten="245,164,206,385" oya="3" hai0="6,50,78,129,38,45,61,71,85,23,107,117,10" hai1="53,65,48,134,27,68,74,135,69,99,20,96,24" hai2="120,109,128,100,92,16,66,56,90,15,83,101,72" hai3="9,70,2,19,0,11,132,98,102,63,58,125,88"/><W119/><G119/><T35/><D107/><U105/><E74/><V12/><F109/><W59/><G132/><N who="1" m="50730" /><E65/><V49/><F128/><W111/><G111/><T54/><D23/><U34/><E34/><V14/><F120/><W51/><G125/><T79/><D35/><U116/><E116/><V94/><F72/><W114/><G114/><T106/><D106/><U110/><E110/><V40/><F83/><W55/><G70/><N who="1" m="27242" /><E105/><V32/><F32/><W26/><G102/><N who="2" m="39529" /><F66/><N who="3" m="39287" /><G2/><T81/><D129/><U57/><E27/><V17/><F40/><W37/><G37/><T123/><D38/><U115/><E115/><V82/><F82/><W41/><G41/><T124/><D124/><U31/><AGARI ba="1,0" hai="20,24,31,48,53,57,96,99" m="27242,50730" machi="31" ten="30,2000,0" yaku="20,1,52,1" doraHai="47" who="1" fromWho="1" sc="245,-6,164,23,206,-6,385,-11" /><INIT seed="4,0,0,2,4,78" ten="239,187,200,374" oya="0" hai0="61,57,87,18,72,123,52,15,14,42,99,55,83" hai1="100,94,91,110,84,128,98,38,85,95,132,46,118" hai2="43,49,51,127,27,60,13,31,130,69,89,76,71" hai3="109,39,34,67,104,30,117,33,59,23,62,134,53"/><T12/><D72/><U2/><E2/><V24/><F130/><W125/><G117/><T108/><D123/><U26/><E118/><V0/><F0/><W73/><G39/><T35/><D35/><U86/><E128/><V102/><F127/><W66/><G104/><T81/><D108/><U41/><E110/><V22/><F102/><W32/><G125/><T80/><D42/><U11/><E132/><V126/><F126/><W120/><G109/><T17/><D87/><U101/><E11/><V44/><F89/><W97/><G73/><T135/><D135/><U74/><E74/><V133/><F133/><W5/><G5/><T116/><D116/><U75/><E75/><V29/><F76/><W28/><G134/><T21/><D99/><U77/><E77/><V56/><F13/><N who="0" m="5226" /><D17/><U6/><E6/><V131/><F131/><W129/><G129/><T20/><D55/><U3/><E3/><V63/><F71/><W40/><G40/><T113/><D113/><U36/><E36/><V119/><F69/><W45/><G97/><T82/><N who="0" m="20480" /><DORA hai="8" /><T47/><D47/><U92/><REACH who="1" step="1"/><E26/><REACH who="1" ten="239,177,200,374" step="2"/><V124/><F119/><W68/><G120/><T115/><D115/><U4/><E4/><V79/><F124/><W106/><G32/><T88/><D88/><U58/><E58/><V10/><F79/><W111/><G34/><T64/><D64/><U19/><E19/><V93/><F56/><W96/><G33/><T70/><D70/><U105/><E105/><V112/><F44/><W7/><G68/><T50/><D21/><U65/><E65/><V121/><F22/><RYUUKYOKU ba="0,1" sc="239,15,177,15,200,-15,374,-15" hai0="15,18,20,50,52,57,61" hai1="38,41,46,84,85,86,91,92,94,95,98,100,101" /><INIT seed="4,1,1,1,4,25" ten="254,192,185,359" oya="0" hai0="110,127,99,82,63,77,113,72,65,74,100,43,60" hai1="35,134,26,36,132,31,93,85,50,91,56,15,115" hai2="79,6,68,30,111,52,10,118,9,105,71,13,101" hai3="70,45,1,55,57,73,87,98,32,102,24,106,76"/><T130/><D113/><U78/><E36/><V128/><F111/><W116/><G116/><T81/><D110/><U20/><E115/><V67/><F118/><W84/><G70/><T58/><D127/><U129/><E78/><V114/><F128/><W38/><G1/><T126/><D126/><U16/><E129/><V28/><F114/><W66/><G66/><T0/><D0/><U112/><E112/><V21/><F79/><W131/><G131/><T51/><D82/><U37/><E37/><V49/><F21/><W103/><G103/><T95/><D130/><U88/><E91/><V12/><F101/><W46/><G73/><T44/><D63/><U54/><AGARI ba="1,1" hai="15,16,20,26,31,35,50,54,56,85,88,93,132,134" machi="54" ten="30,12000,2" yaku="0,1,25,2,52,1,54,2" doraHai="25" who="1" fromWho="1" sc="254,-61,192,133,185,-31,359,-31" /><INIT seed="5,0,0,5,0,101" ten="193,325,154,328" oya="1" hai0="29,100,35,133,74,95,55,82,85,63,5,6,73" hai1="20,121,89,0,118,130,50,92,36,103,106,4,27" hai2="91,16,94,86,110,17,93,112,122,79,67,18,12" hai3="19,44,128,69,11,33,53,14,107,7,58,8,97"/><U78/><E36/><V34/><F110/><W83/><G33/><T38/><D38/><U60/><E121/><V135/><F122/><W113/><G69/><T37/><D37/><U45/><E118/><V30/><F135/><W90/><G113/><T104/><D133/><U115/><E115/><V23/><F112/><W114/><G114/><T75/><D95/><U49/><E78/><V70/><F79/><W129/><G44/><T1/><D1/><U62/><E130/><N who="3" m="50282" /><G83/><T102/><D102/><U65/><E4/><V132/><F132/><W43/><G43/><T120/><D120/><U13/><E13/><V126/><F126/><W72/><G72/><T71/><D29/><U96/><E0/><V3/><F3/><W15/><G90/><T124/><D35/><U80/><E80/><V31/><F94/><W22/><G97/><T123/><D123/><U119/><E119/><V99/><F99/><W116/><G107/><T24/><D24/><U88/><E49/><V66/><F70/><W61/><G116/><T47/><D100/><U41/><E106/><V109/><F109/><W9/><AGARI ba="0,0" hai="7,8,9,11,14,15,19,22,53,58,61" m="50282" machi="9" ten="30,1100,0" yaku="19,1" doraHai="101" who="3" fromWho="3" sc="193,-3,325,-5,154,-3,328,11" /><INIT seed="6,0,0,3,5,0" ten="190,320,151,339" oya="2" hai0="20,19,48,13,57,69,26,2,78,33,120,59,17" hai1="53,47,45,125,30,104,103,3,52,32,107,66,99" hai2="25,85,10,130,49,83,61,51,60,126,67,122,28" hai3="88,97,18,129,123,1,58,22,133,89,102,50,118"/><V116/><F122/><W90/><G123/><T70/><D2/><U14/><E3/><V94/><F116/><W134/><G118/><T100/><D120/><U62/><E125/><V29/><F126/><W110/><G110/><T92/><D78/><U98/><E14/><V35/><F130/><W74/><G74/><T12/><D33/><U105/><E30/><V81/><F29/><W117/><G117/><T4/><D70/><U96/><E103/><V15/><F94/><W44/><G1/><T24/><D69/><U71/><REACH who="1" step="1"/><E32/><REACH who="1" ten="190,310,151,339" step="2"/><V135/><F135/><N who="3" m="51723" /><G129/><T106/><D13/><U43/><E43/><V9/><F35/><W101/><G97/><T27/><D12/><U119/><E119/><V68/><F28/><W11/><G11/><T64/><D100/><U16/><E16/><V55/><F25/><N who="3" m="14551" /><G58/><T7/><D59/><U54/><AGARI ba="0,1" hai="45,47,52,53,54,62,66,71,96,98,99,104,105,107" machi="54" ten="40,8000,1" yaku="1,1,0,1,29,2,54,1,53,0" doraHai="0" doraHaiUra="6" who="1" fromWho="1" sc="190,-20,310,90,151,-40,339,-20" /><INIT seed="7,0,0,3,1,54" ten="170,400,111,319" oya="3" hai0="53,99,35,50,103,107,31,7,116,122,77,26,32" hai1="119,0,56,42,109,88,36,71,69,95,67,51,70" hai2="125,90,46,24,73,128,112,5,85,58,25,124,21" hai3="13,12,29,8,49,57,10,100,37,79,93,115,75"/><W63/><G37/><T82/><D116/><U62/><E0/><V78/><F112/><W74/><G115/><T131/><D131/><U121/><E109/><V20/><F128/><W61/><G29/><T96/><D96/><U76/><E121/><V127/><F5/><W94/><G79/><T44/><D7/><U66/><E119/><V114/><F114/><W68/><G68/><T98/><D98/><U101/><E101/><V55/><F46/><W89/><G100/><T43/><D122/><U27/><E76/><V19/><F78/><W41/><G41/><T33/><D43/><U4/><E4/><V52/><F73/><AGARI ba="0,0" hai="26,31,32,33,35,44,50,53,73,77,82,99,103,107" machi="73" ten="30,1000,0" yaku="7,1" doraHai="54" who="0" fromWho="2" sc="170,10,400,0,111,-10,319,0" owari="180,-22.0,400,50.0,101,-40.0,319,12.0" /></mjloggm>