<mjloggm ver="2.3"><GO type="169" lobby="0"/><UN n0="%52%65%EF%BC%9B" n1="%E5%B0%B1%E6%B4%BB%E7%94%9F%40%E5%B7%9D%E6%9D%91%E8%BB%8D%E5%9B%A3" n2="%E3%83%8A%E3%82%AB%E3%83%9E%E3%82%B9%E3%83%86%E3%82%A3%E3%83%95" n3="%74%61%6B%65%2D%79%6F%75" dan="17,17,16,17" rate="2142.95,2180.29,2119.33,2163.03" sx="M,M,M,F"/><TAIKYOKU oya="0"/><INIT seed="0,0,0,3,4,3" ten="250,250,250,250" oya="0" hai0="45,42,77,52,33,46,71,118,90,44,12,72,10" hai1="24,63,13,23,126,60,30,73,111,54,117,127,29" hai2="119,87,100,2,74,97,4,80,120,94,81,91,38" hai3="57,76,9,69,104,99,114,58,86,115,107,16,116"/><T96/><D118/><U1/><E1/><V26/><F38/><W92/><G69/><T105/><D71/><U106/><E117/><V6/><F2/><W15/><G116/><T135/><D33/><U20/><E106/><V70/><F119/><W21/><G104/><T85/><D135/><U109/><E73/><V50/><F70/><W122/><G107/><T56/><D72/><U75/><E75/><V132/><F132/><W36/><G36/><T59/><D77/><U78/><E78/><V82/><F120/><W31/><G122/><T121/><D121/><U131/><E131/><V39/><F39/><W22/><G114/><T47/><D105/><U32/><E54/><V67/><F67/><W110/><G110/><N who="1" m="41994" /><E63/><V28/><F50/><W14/><G115/><T66/><D66/><U25/><E60/><V49/><F49/><W84/><G58/><N who="0" m="22059" /><D96/><U34/><E13/><V40/><F40/><W133/><G57/><T68/><D68/><U53/><E53/><V108/><F108/><W41/><G41/><T95/><D42/><U65/><E65/><V35/><REACH who="2" step="1"/><F74/><REACH who="2" ten="250,250,240,250" step="2"/><W43/><G43/><T83/><D52/><U130/><E130/><V103/><F103/><N who="3" m="60903" /><G133/><T64/><D64/><U11/><E11/><V128/><F128/><W37/><G37/><T8/><D8/><U27/><E27/><V19/><F19/><N who="3" m="10487" /><G76/><T0/><D0/><U129/><E129/><V5/><AGARI ba="0,1" hai="4,5,6,26,28,35,80,81,82,87,91,94,97,100" machi="5" ten="30,8000,1" yaku="1,1,0,1,52,3,53,0" doraHai="3" doraHaiUra="51" who="2" fromWho="2" sc="250,-40,250,-20,240,90,250,-20" /><INIT seed="1,0,0,4,4,74" ten="210,230,330,230" oya="1" hai0="114,124,65,93,82,41,78,121,107,129,42,59,54" hai1="113,70,55,16,134,31,106,40,50,76,26,20,101" hai2="89,118,126,53,52,73,71,102,29,5,80,62,1" hai3="14,32,36,112,56,12,49,3,122,97,120,72,111"/><U133/><E70/><V115/><F118/><W98/><G72/><T127/><D107/><U9/><E40/><V2/><F126/><N who="0" m="48170" /><D114/><U51/><E113/><V81/><F102/><W6/><G32/><T99/><D65/><U83/><E101/><V11/><F29/><W4/><G36/><T87/><D129/><U19/><E106/><V33/><F33/><W110/><G112/><T24/><D24/><U130/><E130/><V90/><F1/><W38/><G38/><T48/><D121/><N who="3" m="46697" /><G49/><T84/><D84/><N who="1" m="48231" /><E9/><V85/><F115/><W23/><G56/><T63/><D48/><N who="1" m="18475" /><E55/><V119/><F119/><W96/><G23/><T91/><AGARI ba="0,0" hai="41,42,54,59,63,78,82,87,91,93,99" m="48170" machi="91" ten="30,2000,0" yaku="18,1,52,1" doraHai="74" who="0" fromWho="0" sc="210,20,230,-10,330,-5,230,-5" /><INIT seed="2,0,0,2,5,79" ten="230,220,325,225" oya="2" hai0="75,23,29,52,66,129,114,14,40,9,11,31,46" hai1="80,122,85,104,126,33,20,10,102,89,92,68,63" hai2="123,15,2,35,93,1,77,5,135,19,116,99,115" hai3="28,38,62,95,119,81,21,42,53,98,97,24,48"/><V47/><F115/><W56/><G119/><T12/><D114/><U120/><E33/><V87/><F116/><W39/><G39/><T59/><D129/><U108/><E108/><V128/><F123/><N who="1" m="47145" /><E126/><V109/><F35/><W71/><G38/><T67/><D75/><U6/><E20/><V57/><F128/><W32/><G32/><T74/><D74/><U125/><E125/><V124/><F124/><W113/><G113/><T73/><D73/><U86/><E104/><V103/><F135/><W110/><G110/><T91/><D91/><U131/><E131/><V8/><F57/><W17/><G71/><T55/><D46/><U65/><E102/><V118/><F118/><W82/><G28/><N who="0" m="10827" /><D40/><U94/><E86/><V16/><F109/><W121/><G121/><T4/><D23/><U41/><E41/><V64/><F64/><N who="0" m="24618" /><D59/><U61/><E61/><V3/><REACH who="2" step="1"/><F47/><REACH who="2" ten="230,220,315,225" step="2"/><N who="3" m="25719" /><G98/><T27/><D27/><U84/><E68/><V70/><F70/><W18/><G18/><AGARI ba="0,1" hai="4,9,11,12,14,18,52,55" m="24618,10827" machi="18" ten="30,2000,0" yaku="8,1,54,1" doraHai="79" who="0" fromWho="3" sc="230,30,220,0,315,0,225,-20" /><INIT seed="3,0,0,5,5,0" ten="260,220,315,205" oya="3" hai0="79,126,106,119,107,8,23,89,83,62,130,123,11" hai1="48,70,120,69,81,49,127,31,38,59,10,132,55" hai2="12,99,103,72,125,67,88,116,121,110,52,133,58" hai3="134,16,109,6,66,18,34,94,45,44,41,77,82"/><W21/><G34/><T115/><D119/><U25/><E38/><V78/><F116/><W30/><G134/><T76/><D123/><U87/><E132/><V24/><F133/><W13/><G109/><T73/><D62/><U85/><E127/><V74/><F110/><W111/><G111/><T102/><D23/><U19/><E120/><V90/><F125/><W98/><G66/><T80/><D126/><U22/><E87/><V37/><F37/><W26/><G6/><T39/><D39/><U53/><E10/><V56/><F24/><W117/><G117/><T100/><D130/><U84/><E84/><V47/><F78/><W135/><G135/><T7/><D115/><U64/><E64/><V71/><F71/><W42/><G82/><T128/><D128/><U131/><E131/><V32/><F32/><W75/><G77/><T27/><D27/><U60/><E31/><V86/><F67/><W50/><G75/><T51/><D51/><U2/><E2/><V17/><F72/><W57/><G57/><N who="2" m="22121" /><F74/><W61/><G61/><T68/><D68/><U35/><E35/><V97/><F86/><W1/><G1/><T122/><D122/><U124/><E124/><V28/><F99/><W112/><G112/><T14/><D89/><N who="1" m="51375" /><E60/><V65/><F65/><W36/><REACH who="3" step="1"/><G13/><REACH who="3" ten="260,220,315,195" step="2"/><N who="0" m="5279" /><D79/><U101/><E70/><V29/><F121/><W15/><G15/><T33/><D33/><U91/><E69/><V104/><F12/><W9/><G9/><T114/><D83/><U3/><E3/><V118/><F118/><W43/><G43/><T95/><D80/><U96/><E59/><RYUUKYOKU ba="0,1" sc="260,-10,220,-10,315,-10,195,30" hai3="16,18,21,26,30,36,41,42,44,45,50,94,98" /><INIT seed="3,1,1,4,5,47" ten="250,210,305,225" oya="3" hai0="119,91,96,129,102,105,41,7,108,101,111,28,20" hai1="99,127,0,1,98,131,64,43,12,89,73,133,10" hai2="57,80,51,66,71,32,128,44,92,78,21,104,50" hai3="125,19,27,18,135,4,67,25,22,45,49,109,106"/><W120/><G106/><T17/><D119/><U35/><E73/><V26/><F32/><W36/><G36/><T13/><D129/><U123/><E123/><V81/><F104/><W93/><G120/><T11/><D41/><U116/><E35/><V122/><F71/><W15/><G125/><T88/><D28/><U95/><E64/><V46/><F122/><W84/><G135/><T114/><D102/><U23/><E23/><V40/><F128/><W5/><G67/><T59/><D59/><U3/><E131/><V8/><F8/><N who="3" m="6503" /><G109/><N who="0" m="42059" /><D114/><U62/><E62/><N who="2" m="38223" /><F92/><W76/><G27/><AGARI ba="1,1" hai="7,11,13,17,20,27,88,91,96,101,105" m="42059" machi="27" ten="30,2000,0" yaku="14,1,54,1" doraHai="47" who="0" fromWho="3" sc="250,33,210,0,305,0,225,-23" /><INIT seed="4,0,0,3,3,69" ten="283,210,305,202" oya="0" hai0="116,19,20,8,50,2,6,28,30,74,40,51,102" hai1="87,113,82,29,110,105,53,16,52,78,54,135,36" hai2="127,38,92,11,67,98,122,117,65,104,114,83,14" hai3="86,107,79,71,45,46,13,70,5,130,128,68,23"/><T10/><D116/><U109/><E105/><V132/><F117/><W106/><G79/><T42/><D74/><U26/><E135/><V57/><F122/><W31/><G86/><T94/><D10/><U77/><E113/><V90/><F114/><W63/><G63/><T129/><D129/><N who="3" m="49769" /><G5/><T72/><D72/><U22/><E77/><V44/><F104/><N who="3" m="39979" /><G31/><T24/><D42/><U85/><E85/><V21/><F65/><W108/><G108/><T32/><D40/><U41/><REACH who="1" step="1"/><E29/><REACH who="1" ten="283,200,305,202" step="2"/><V18/><F132/><W4/><G4/><T124/><D30/><U60/><E60/><V118/><F118/><W56/><G56/><T88/><D124/><U100/><E100/><V1/><F57/><W66/><G66/><T126/><D102/><U7/><E7/><V115/><F67/><W93/><G93/><T64/><D126/><U89/><E89/><V119/><F92/><W3/><G3/><T47/><D64/><U97/><E97/><V75/><F98/><W84/><G84/><T61/><D61/><U15/><E15/><V62/><F14/><W58/><G58/><T76/><D76/><U121/><E121/><V0/><F127/><W123/><G123/><T125/><D125/><U17/><E17/><AGARI ba="0,1" hai="13,17,23,45,46,68,70,71" m="39979,49769" machi="17" ten="40,1300,0" yaku="19,1" doraHai="69" who="3" fromWho="1" sc="283,0,200,-13,305,0,202,23" /><INIT seed="5,0,0,4,5,33" ten="283,187,305,225" oya="1" hai0="80,102,106,47,101,31,41,39,128,61,1,21,93" hai1="90,71,134,55,32,2,118,58,56,103,85,109,91" hai2="78,100,4,38,10,6,52,25,117,87,105,125,44" hai3="76,49,40,29,34,24,83,35,12,115,82,114,92"/><U132/><E71/><V60/><F117/><W42/><G35/><T45/><D106/><U126/><E118/><V50/><F125/><W0/><G0/><T107/><D107/><U123/><E123/><V57/><F38/><W27/><G92/><T26/><D80/><N who="3" m="30761" /><G27/><T22/><D128/><U8/><E32/><V88/><F78/><W74/><G76/><T11/><D47/><U110/><E103/><V104/><F25/><W84/><G84/><T86/><D61/><N who="1" m="35999" /><E58/><V119/><F4/><W113/><G74/><T67/><D67/><U135/><E126/><V18/><F18/><W131/><G131/><T66/><D66/><U108/><E85/><V51/><F51/><W133/><G133/><N who="1" m="34050" /><U73/><DORA hai="112" /><E73/><V28/><F28/><W30/><G30/><T37/><D37/><U14/><E2/><V69/><F69/><W13/><G49/><T122/><D39/><U48/><E48/><V36/><F100/><W81/><N who="3" m="30769" /><W17/><DORA hai="97" /><G12/><T23/><D1/><U64/><E64/><V121/><F119/><W116/><G116/><T72/><D72/><U79/><E79/><V9/><F36/><W94/><G94/><T5/><D93/><U129/><E129/><V127/><F127/><W20/><AGARI ba="0,0" hai="13,17,20,24,29,34,40,42,113,114,115" m="30769" machi="20" ten="40,1500,0" yaku="15,1" doraHai="33,112,97" who="3" fromWho="3" sc="283,-4,187,-7,305,-4,225,15" /><INIT seed="6,0,0,2,5,16" ten="279,180,301,240" oya="2" hai0="111,88,79,39,31,95,71,73,121,15,118,47,100" hai1="52,103,67,130,65,78,107,57,69,10,28,42,56" hai2="84,4,109,131,41,91,127,135,53,1,82,117,18" hai3="77,66,13,9,11,38,44,25,34,40,2,55,97"/><V96/><F117/><W132/><G66/><T110/><D121/><U14/><E130/><V68/><F68/><W64/><G64/><T87/><D71/><U3/><E3/><V7/><F127/><W89/><G2/><T114/><D118/><U50/><E42/><V36/><F135/><W134/><G77/><T74/><D31/><U75/><E69/><V49/><F1/><W123/><G55/><T8/><D100/><U119/><E119/><V63/><F131/><W85/><G97/><T116/><D116/><U29/><E103/><V20/><F63/><W120/><G34/><T70/><D70/><U0/><E0/><V115/><F115/><W62/><G62/><T98/><D98/><U54/><E107/><V80/><F41/><W112/><G25/><T23/><D23/><U30/><E78/><V122/><F36/><W124/><G9/><T61/><D61/><U58/><E75/><V43/><F43/><W24/><G124/><T5/><D114/><U12/><E10/><V128/><F128/><W81/><G112/><T45/><D74/><U92/><E92/><N who="2" m="56351" /><F82/><W129/><G129/><T51/><D39/><U106/><E106/><V37/><F37/><W83/><G83/><N who="0" m="45551" /><D111/><U46/><E54/><V21/><F109/><W94/><G81/><T59/><D110/><U27/><E27/><V76/><F122/><N who="3" m="46635" /><G24/><T26/><D26/><U126/><REACH who="1" step="1"/><E126/><REACH who="1" ten="279,170,301,240" step="2"/><V33/><F76/><W102/><G102/><T48/><D95/><U99/><E99/><V133/><F53/><W72/><G72/><T101/><D101/><U19/><E19/><V108/><F18/><RYUUKYOKU ba="0,1" sc="279,-15,170,15,301,-15,240,15" hai1="12,14,28,29,30,46,50,52,56,57,58,65,67" hai3="11,13,38,40,44,85,89,94,132,134" /><INIT seed="7,1,1,4,1,48" ten="264,185,286,255" oya="3" hai0="87,110,6,77,103,108,84,60,82,130,72,65,80" hai1="76,125,10,127,98,96,74,18,40,88,83,91,85" hai2="54,51,41,29,31,62,17,22,71,42,45,81,47" hai3="66,64,1,89,26,95,63,3,114,61,73,0,27"/><W37/><G73/><T135/><D6/><U92/><E40/><N who="2" m="15467" /><F71/><W111/><G37/><T56/><D135/><U44/><E44/><N who="2" m="16971" /><F62/><N who="3" m="23563" /><G95/><T101/><D130/><U100/><E18/><V2/><F2/><W123/><G89/><T97/><D72/><U75/><E10/><V46/><F81/><W86/><G86/><T55/><D65/><N who="3" m="25193" /><G123/><T33/><D33/><U109/><E109/><V23/><F23/><W49/><G49/><T19/><D19/><U69/><E69/><V124/><F124/><N who="1" m="47689" /><E76/><V67/><F67/><W14/><G14/><AGARI ba="1,1" hai="14,17,22,29,31,46,51,54" m="16971,15467" machi="14" ten="30,2000,0" yaku="8,1,52,1" doraHai="48" who="2" fromWho="3" sc="264,0,185,0,286,33,255,-23" owari="264,6.0,185,-31.0,319,42.0,232,-17.0" /></mjloggm>