<mjloggm ver="2.3"><GO type="169" lobby="0"/><UN n0="%79%75%67%75%61%6E" n1="%46%75%72%75%79%61" n2="%E5%B0%B1%E6%B4%BB%E7%94%9F%40%E5%B7%9D%E6%9D%91%E8%BB%8D%E5%9B%A3" n3="%E3%81%86%E3%81%83%E3%83%BC%E3%81%A1%E3%82%83%E3%82%93" dan="16,16,16,17" rate="2062.77,2117.11,2183.54,2197.40" sx="M,M,M,M"/><TAIKYOKU oya="0"/><INIT seed="0,0,0,4,1,87" ten="250,250,250,250" oya="0" hai0="86,71,69,39,67,21,20,117,124,72,36,55,19" hai1="70,45,59,44,30,92,25,28,88,93,41,80,99" hai2="24,79,111,53,108,115,3,16,42,31,131,40,46" hai3="103,27,5,119,100,116,73,135,52,13,123,62,48"/><T68/><D72/><U60/><E70/><V63/><F3/><W58/><G73/><T11/><D117/><U104/><E104/><V75/><F115/><W74/><G74/><T84/><D55/><U91/><E80/><V112/><F112/><W35/><G123/><T18/><D11/><U6/><E6/><V32/><F131/><W38/><G38/><T4/><D4/><U37/><E44/><V33/><F33/><W0/><G0/><T22/><D67/><U105/><E105/><V76/><F75/><W66/><G135/><T61/><D61/><U90/><E93/><V81/><F81/><W29/><G103/><T114/><D114/><U101/><REACH who="1" step="1"/><E25/><REACH who="1" ten="250,240,250,250" step="2"/><V128/><F46/><W83/><G83/><T8/><D124/><U120/><E120/><V97/><F24/><W89/><G119/><T7/><D7/><U34/><E34/><V118/><F32/><W98/><G116/><T102/><D102/><U15/><E15/><V65/><F118/><W94/><G100/><T51/><D19/><U96/><E96/><V56/><F97/><W95/><G95/><T26/><D26/><U43/><E43/><V106/><F42/><W1/><G1/><T64/><D18/><U134/><E134/><V122/><F40/><W125/><G125/><T127/><D127/><U130/><E130/><V121/><F16/><W126/><G126/><T132/><D132/><U110/><E110/><V57/><F108/><W109/><G109/><T107/><D107/><U2/><E2/><V12/><F111/><W54/><G5/><T77/><D69/><U113/><E113/><RYUUKYOKU ba="0,1" sc="250,-10,240,30,250,-10,250,-10" hai1="28,30,37,41,45,59,60,88,90,91,92,99,101" /><INIT seed="1,1,1,2,3,6" ten="240,270,240,240" oya="1" hai0="59,76,5,120,47,28,56,94,45,11,73,122,99" hai1="67,93,83,118,1,43,17,20,114,132,41,7,3" hai2="63,61,62,78,40,81,110,131,100,85,21,103,26" hai3="106,127,16,113,90,9,36,98,123,33,102,80,109"/><U12/><E118/><V70/><F70/><W84/><G127/><T105/><D105/><U71/><E114/><V51/><F131/><W130/><G36/><T8/><D28/><U42/><E132/><V133/><F133/><W79/><G130/><T74/><D5/><U121/><E121/><N who="0" m="46697" /><D76/><U48/><E83/><V49/><F110/><W38/><G38/><T23/><D23/><U64/><E48/><N who="2" m="18507" /><F40/><W2/><G123/><T13/><D13/><U22/><E22/><V54/><F54/><W101/><G109/><T128/><D128/><U115/><E115/><V97/><F97/><W108/><G108/><T82/><D82/><U88/><E71/><V135/><F135/><W24/><G113/><T37/><D56/><U35/><E35/><V39/><F39/><W58/><G58/><T46/><D59/><U32/><E32/><V77/><F77/><W125/><G125/><T57/><D57/><U15/><E15/><V4/><F4/><W66/><G66/><T52/><D52/><U116/><E116/><V34/><F34/><W119/><G119/><T68/><D37/><U19/><E19/><AGARI ba="1,1" hai="19,21,26,61,62,63,78,81,85,100,103" m="18507" machi="19" ten="30,1000,0" yaku="8,1" doraHai="6" who="2" fromWho="1" sc="240,0,270,-13,240,23,240,0" /><INIT seed="2,0,0,1,0,9" ten="240,257,263,240" oya="2" hai0="97,1,4,115,106,56,83,55,84,118,98,14,61" hai1="104,28,82,43,105,110,134,116,58,114,99,6,122" hai2="71,66,131,51,62,19,86,103,72,87,95,81,26" hai3="69,124,30,7,54,130,40,88,102,126,101,117,92"/><V15/><F131/><W0/><G69/><T78/><D115/><U48/><E28/><V65/><F65/><W27/><G117/><T96/><D118/><U35/><E6/><V89/><F26/><W23/><G40/><T25/><D1/><U113/><E43/><V11/><F51/><W133/><G7/><T32/><D106/><U10/><E10/><V67/><F67/><W107/><G0/><T29/><REACH who="0" step="1"/><D98/><REACH who="0" ten="230,257,263,240" step="2"/><U50/><E99/><V109/><F109/><W16/><G107/><T46/><D46/><U80/><E104/><V119/><F119/><W64/><G130/><T24/><D24/><U49/><E105/><V17/><F72/><W39/><G133/><T18/><D18/><U90/><E50/><V63/><F19/><W52/><G39/><T36/><D36/><U3/><E49/><V135/><F135/><W75/><G75/><T41/><D41/><U76/><E48/><V125/><F125/><N who="3" m="48235" /><G64/><T20/><D20/><U77/><E134/><V21/><F63/><W79/><G30/><T128/><D128/><U123/><E3/><V38/><F38/><W120/><G120/><T70/><D70/><U108/><E116/><V57/><F71/><W91/><G54/><T59/><D59/><U121/><E58/><V112/><F112/><N who="1" m="43113" /><E35/><V73/><F73/><W13/><G52/><T74/><D74/><U31/><E31/><V12/><F21/><W111/><G27/><T34/><D34/><U47/><E47/><V94/><F17/><W129/><G129/><T42/><D42/><U132/><E132/><V85/><F66/><W8/><G16/><RYUUKYOKU ba="0,1" sc="230,30,257,-10,263,-10,240,-10" hai0="4,14,25,29,32,55,56,61,78,83,84,96,97" /><INIT seed="3,1,1,4,3,31" ten="260,247,253,230" oya="3" hai0="126,81,11,69,87,35,103,76,130,133,63,90,122" hai1="41,55,64,0,28,89,23,115,19,49,85,107,18" hai2="52,45,53,1,112,91,24,12,59,124,51,70,50" hai3="78,102,100,32,74,33,25,110,104,22,134,88,20"/><W83/><G134/><T14/><D122/><U46/><E115/><V111/><F1/><W125/><G125/><T13/><D130/><U98/><E0/><V61/><F112/><W123/><G123/><T95/><D126/><U106/><E64/><V21/><F124/><W60/><G22/><T77/><D133/><U135/><E135/><V113/><F113/><W16/><G110/><T84/><D35/><U2/><E2/><V121/><F121/><W109/><G109/><T40/><D40/><U80/><E41/><V38/><F111/><W62/><G100/><T47/><D47/><U129/><E129/><V5/><F38/><W48/><G48/><T42/><D42/><U119/><E119/><V6/><F12/><W108/><G108/><T131/><D13/><U105/><E98/><V34/><F34/><W71/><G88/><N who="0" m="51215" /><D69/><U17/><REACH who="1" step="1"/><E28/><REACH who="1" ten="260,237,253,230" step="2"/><V27/><F70/><W97/><REACH who="3" step="1"/><G71/><REACH who="3" ten="260,237,253,220" step="2"/><T56/><D131/><U67/><E67/><V9/><F53/><W128/><G128/><T10/><D103/><U3/><E3/><V101/><F101/><W79/><G79/><T120/><D120/><U39/><E39/><V57/><F52/><W86/><G86/><T92/><D77/><U127/><E127/><V7/><F91/><W37/><G37/><T4/><D76/><U65/><E65/><V93/><F45/><W114/><G114/><T29/><D87/><U94/><E94/><V26/><F93/><W75/><G75/><T30/><D90/><U66/><E66/><V54/><F57/><W36/><G36/><T116/><D95/><U43/><E43/><RYUUKYOKU ba="1,3" sc="260,-15,237,15,253,-15,220,15" hai1="17,18,19,23,46,49,55,80,85,89,105,106,107" hai3="16,20,25,32,33,60,62,74,78,83,97,102,104" /><INIT seed="3,2,3,4,3,18" ten="245,252,238,235" oya="3" hai0="105,89,49,8,62,99,3,97,31,33,29,23,46" hai1="104,125,135,54,71,24,120,129,81,116,28,119,53" hai2="6,95,38,94,127,131,16,57,19,86,130,17,42" hai3="66,1,65,77,37,51,32,44,79,26,48,34,50"/><W96/><G1/><T39/><D33/><U2/><E120/><V25/><F127/><W82/><G77/><T55/><D39/><U112/><E81/><V45/><F6/><W36/><G34/><T15/><D3/><U100/><E2/><V80/><F57/><W126/><G126/><T114/><D114/><U67/><E112/><V20/><F94/><W115/><G115/><T124/><D124/><U91/><E125/><V118/><F95/><W74/><G37/><T5/><D105/><U128/><E91/><V133/><F133/><W92/><G32/><T60/><D29/><U73/><E73/><V88/><REACH who="2" step="1"/><F118/><REACH who="2" ten="245,252,228,235" step="2"/><W10/><G66/><T59/><D89/><U43/><E135/><V4/><F4/><W35/><G65/><N who="0" m="39071" /><D62/><U93/><E119/><V108/><F108/><W103/><G92/><T40/><D55/><U30/><E116/><V87/><F87/><W83/><G74/><T68/><D68/><U70/><E71/><V41/><F41/><W76/><G76/><T27/><AGARI ba="2,4" hai="5,8,15,23,27,31,40,46,49,97,99" m="39071" machi="27" ten="30,2000,0" yaku="8,1,52,1" doraHai="18" who="0" fromWho="0" sc="245,66,252,-7,228,-7,235,-12" /><INIT seed="4,0,0,5,0,95" ten="311,245,221,223" oya="0" hai0="133,43,75,58,21,34,47,45,18,64,104,129,31" hai1="37,93,28,82,83,90,2,46,110,54,74,122,89" hai2="100,26,15,103,55,69,132,5,22,62,118,19,67" hai3="44,65,128,10,35,130,86,9,135,108,72,126,8"/><T98/><D75/><U6/><E122/><V36/><F132/><W41/><G72/><T63/><D129/><N who="3" m="49769" /><G108/><T94/><D104/><U76/><E110/><V120/><F120/><W12/><G35/><T107/><D107/><U33/><E83/><V4/><F118/><W57/><G135/><T99/><D133/><U53/><E33/><V88/><F36/><W52/><G126/><T112/><D112/><U109/><E109/><V85/><F55/><W119/><G86/><T79/><D79/><U97/><E28/><V61/><F61/><N who="3" m="36007" /><G65/><T73/><D73/><U29/><E29/><V23/><F5/><N who="3" m="3087" /><G119/><T42/><D34/><U40/><E90/><V39/><F39/><AGARI ba="0,0" hai="9,10,39,41,44" m="3087,36007,49769" machi="39" ten="30,2000,0" yaku="19,1,54,1" doraHai="95" who="3" fromWho="2" sc="311,0,245,0,221,-20,223,20" /><INIT seed="5,0,0,3,1,80" ten="311,245,201,243" oya="1" hai0="17,54,98,134,77,111,125,121,109,29,19,27,120" hai1="122,11,5,49,38,0,47,63,78,70,48,118,97" hai2="83,86,106,99,44,10,93,105,33,21,16,25,88" hai3="79,30,76,9,119,132,13,129,39,114,66,133,59"/><U23/><E118/><V50/><F33/><W116/><G39/><T20/><D98/><U92/><E122/><N who="0" m="47209" /><D77/><U96/><E78/><V37/><F37/><W115/><G30/><T73/><D73/><U32/><E32/><V40/><REACH who="2" step="1"/><F10/><REACH who="2" ten="311,245,191,243" step="2"/><W31/><G116/><T90/><D111/><U3/><E11/><V108/><F108/><W60/><G119/><T62/><D109/><U135/><E38/><V131/><F131/><W110/><G129/><T42/><D134/><N who="3" m="51817" /><G110/><T12/><D125/><U56/><E135/><V124/><F124/><W127/><G127/><T28/><D42/><U123/><E123/><V104/><F104/><W36/><G36/><T65/><D29/><U69/><E0/><V35/><F35/><W34/><G31/><T7/><D28/><U117/><E3/><V14/><F14/><W64/><G34/><T22/><D12/><U101/><E117/><V45/><F45/><W43/><G43/><T1/><D1/><U82/><E47/><V41/><F41/><W95/><G13/><T91/><D27/><U87/><E23/><V128/><F128/><W58/><G9/><T8/><D22/><U126/><E126/><V15/><F15/><W103/><G115/><T130/><D20/><U74/><E5/><V107/><F107/><W100/><G114/><T52/><D130/><U24/><E24/><V72/><F72/><W26/><G26/><T81/><D7/><U112/><E74/><V61/><F61/><W55/><G60/><T102/><D62/><U53/><E63/><V46/><F46/><W89/><G66/><T113/><D65/><RYUUKYOKU ba="0,1" sc="311,-10,245,-10,191,30,243,-10" hai2="16,21,25,40,44,50,83,86,88,93,99,105,106" /><INIT seed="6,1,1,3,3,123" ten="301,235,221,233" oya="2" hai0="106,10,49,120,121,117,34,91,59,104,126,5,118" hai1="108,30,83,21,72,132,74,44,94,61,102,26,109" hai2="51,9,45,50,127,130,17,1,25,78,23,88,97" hai3="69,125,53,98,0,67,86,16,134,95,43,39,54"/><V110/><F127/><W111/><G0/><T63/><D34/><U79/><E132/><V65/><F130/><W36/><G111/><T135/><D135/><U56/><E74/><V129/><F129/><W114/><G134/><T87/><D49/><U12/><E44/><V112/><F112/><W32/><G32/><T46/><D46/><U70/><E70/><V11/><F1/><W113/><G86/><T119/><D126/><U20/><E20/><V4/><F78/><W13/><G125/><T38/><D38/><U33/><E12/><N who="2" m="5159" /><F65/><W6/><G6/><T124/><D124/><U68/><E68/><V15/><F45/><W80/><G80/><N who="0" m="49639" /><D121/><U96/><E33/><V131/><F110/><W133/><G133/><T27/><D27/><U73/><E73/><V99/><F131/><W42/><G36/><T76/><D76/><U2/><E2/><V77/><F77/><W22/><G39/><T66/><D120/><U55/><AGARI ba="1,1" hai="21,26,30,55,56,61,72,79,83,94,96,102,108,109" machi="55" ten="20,5200,0" yaku="0,1,7,1,52,2" doraHai="123" who="1" fromWho="1" sc="301,-14,235,65,221,-27,233,-14" /><INIT seed="7,0,0,3,2,13" ten="287,300,194,219" oya="3" hai0="73,41,131,113,102,125,44,39,135,82,50,46,66" hai1="24,116,104,9,2,107,53,114,25,67,43,105,16" hai2="59,40,10,14,103,133,47,98,93,130,11,56,30" hai3="92,128,96,7,115,51,117,85,84,109,15,68,72"/><W28/><G72/><T18/><D102/><U78/><E43/><V31/><F133/><W122/><G122/><T126/><D135/><U81/><E67/><V60/><F130/><W3/><G68/><T36/><D131/><U42/><E42/><V119/><F119/><W83/><G117/><T124/><D113/><U23/><E116/><V34/><F34/><W45/><G109/><T35/><D35/><U134/><E134/><V111/><F111/><W33/><G3/><T70/><D73/><U94/><E94/><V29/><F60/><W132/><G115/><T49/><D82/><U91/><E91/><V129/><F129/><W62/><G128/><T4/><D4/><U110/><E110/><V112/><F112/><W106/><G106/><T17/><D66/><U20/><E53/><V38/><REACH who="2" step="1"/><F11/><REACH who="2" ten="287,300,184,219" step="2"/><W75/><G132/><T121/><D121/><U127/><E114/><V27/><F27/><W48/><G62/><T26/><D26/><U21/><E9/><V88/><F88/><W95/><G33/><T12/><D70/><U101/><E24/><V65/><F65/><W57/><G28/><T64/><D64/><U37/><E25/><V80/><F80/><W89/><G89/><T87/><D125/><U52/><E81/><V74/><F74/><W55/><G83/><T58/><D124/><U118/><E127/><V86/><F86/><N who="3" m="33387" /><G75/><T77/><D87/><U63/><E118/><V71/><F71/><W19/><G96/><T54/><D126/><U22/><E63/><V1/><F1/><W108/><G108/><T0/><D0/><U123/><E2/><RYUUKYOKU ba="0,1" sc="287,-10,300,-10,184,30,219,-10" hai2="10,14,29,30,31,38,40,47,56,59,93,98,103" /><INIT seed="8,1,1,1,3,60" ten="277,290,214,209" oya="0" hai0="112,89,99,53,105,18,26,75,66,80,110,34,55" hai1="127,7,130,70,19,134,76,65,64,57,28,22,103" hai2="10,40,83,58,72,59,97,4,47,119,115,30,62" hai3="90,20,2,129,38,118,96,82,131,25,31,0,100"/><T33/><D112/><U17/><E130/><N who="3" m="49674" /><G38/><T48/><D110/><U84/><E70/><V11/><F115/><W8/><G118/><T74/><D34/><U39/><E134/><V67/><F30/><W121/><G121/><T5/><D5/><U27/><E39/><V35/><F35/><W32/><G32/><T21/><D33/><U43/><E127/><V1/><F119/><W16/><G82/><T94/><D66/><N who="1" m="25707" /><E43/><V45/><F11/><W86/><G86/><T14/><D105/><U93/><E7/><V68/><F97/><W87/><G87/><T85/><D74/><U9/><E9/><V37/><F47/><W91/><G31/><N who="0" m="17871" /><D48/><U120/><E120/><V113/><F113/><W102/><G102/><N who="0" m="60791" /><D75/><U125/><E125/><V44/><F44/><W98/><G98/><T13/><D13/><U106/><E106/><V3/><F3/><N who="3" m="1067" /><G8/><AGARI ba="1,1" hai="8,14,18,53,55,80,85,89" m="60791,17871" machi="8" ten="30,1500,0" yaku="8,1" doraHai="60" who="0" fromWho="3" sc="277,28,290,0,214,0,209,-18" owari="305,41.0,290,9.0,214,-19.0,191,-31.0" /></mjloggm>