<mjloggm ver="2.3"><GO type="169" lobby="0"/><UN n0="%E5%B0%B1%E6%B4%BB%E7%94%9F%40%E5%B7%9D%E6%9D%91%E8%BB%8D%E5%9B%A3" n1="%E5%9C%B0%E7%8D%84%E3%83%A2%E3%83%BC%E3%83%89%E5%B0%82%E7%94%A8" n2="%E3%83%AD%E3%83%9C%E3%82%B3%E3%83%97" n3="%E3%81%99%E3%81%9A%E3%82%81%E3%82%AF%E3%83%AC%E3%82%A4%E3%82%B8%E3%83%BC" dan="17,16,17,20" rate="2230.11,2111.57,2130.14,2251.49" sx="M,M,M,M"/><TAIKYOKU oya="0"/><INIT seed="0,0,0,1,5,83" ten="250,250,250,250" oya="0" hai0="23,102,3,0,66,134,9,94,97,63,93,115,87" hai1="61,133,80,59,113,95,2,31,47,44,19,78,6" hai2="37,128,24,126,122,35,57,58,76,100,118,14,46" hai3="48,91,135,45,124,32,65,5,82,75,36,29,69"/><T13/><D115/><U114/><E133/><V60/><F122/><W18/><G124/><T54/><D134/><U111/><E111/><V42/><F126/><W26/><G36/><T30/><D54/><U64/><E31/><V10/><F118/><W11/><G69/><T56/><D93/><U43/><E95/><V110/><F110/><W104/><G65/><T33/><D33/><U109/><E109/><V88/><F76/><W117/><G104/><T1/><D87/><U74/><E19/><V81/><F100/><W21/><G117/><T130/><D130/><U98/><E98/><V132/><F132/><W39/><G39/><T25/><REACH who="0" step="1"/><D0/><REACH who="0" ten="240,250,250,250" step="2"/><U52/><E52/><V92/><F128/><W50/><G135/><T112/><D112/><N who="1" m="43115" /><E43/><V131/><F42/><W68/><G75/><T34/><D34/><U119/><E119/><V38/><F35/><W127/><G127/><T70/><D70/><U96/><E96/><V7/><F92/><W84/><G68/><T123/><D123/><U106/><E106/><V121/><F121/><W107/><G107/><T77/><D77/><U28/><E74/><V90/><F131/><W16/><G32/><T79/><D79/><U55/><E55/><V103/><F81/><W12/><G45/><T27/><D27/><U4/><E2/><V67/><F24/><W17/><AGARI ba="0,1" hai="5,11,12,16,17,18,21,26,29,48,50,82,84,91" machi="17" ten="30,7900,0" yaku="0,1,8,1,52,1,54,1" doraHai="83" who="3" fromWho="3" sc="240,-39,250,-20,250,-20,250,89" /><INIT seed="1,0,0,3,1,27" ten="201,230,230,339" oya="1" hai0="72,107,118,126,128,108,90,124,58,110,122,19,117" hai1="121,20,50,120,99,29,113,1,0,94,14,69,111" hai2="7,64,11,92,86,32,3,30,84,18,67,75,104" hai3="97,35,76,70,52,15,9,116,43,28,24,125,109"/><U71/><E113/><V26/><F75/><W77/><G109/><N who="0" m="42091" /><D72/><U39/><E39/><V63/><F104/><W37/><G125/><N who="0" m="48235" /><D107/><U115/><E111/><V36/><F36/><W101/><G70/><T112/><D112/><U91/><E115/><V119/><F119/><W66/><G66/><T44/><D90/><U56/><E69/><V17/><F64/><W62/><G116/><T10/><D10/><U132/><E71/><V47/><F47/><W134/><G43/><T65/><D19/><U40/><E132/><V57/><F92/><W21/><G134/><T103/><D103/><U38/><E38/><V33/><F33/><W60/><G37/><T61/><D122/><U41/><E120/><V25/><F18/><W82/><G77/><T135/><D135/><U123/><E123/><V31/><F17/><W55/><G76/><T53/><D128/><U127/><E0/><V42/><REACH who="2" step="1"/><F42/><REACH who="2" ten="201,230,220,339" step="2"/><W73/><G73/><T74/><D74/><U6/><E127/><V45/><F45/><W95/><G82/><T87/><D87/><U68/><E121/><V85/><F85/><W93/><G95/><T23/><D23/><U133/><E133/><V80/><F80/><W105/><G105/><T2/><D2/><U16/><E1/><V114/><F114/><W79/><G35/><T49/><AGARI ba="0,1" hai="44,49,53,58,61,65,117,118" m="48235,42091" machi="49" ten="40,8000,1" yaku="14,1,18,1,34,2" doraHai="27" who="0" fromWho="0" sc="201,90,230,-40,220,-20,339,-20" /><INIT seed="2,0,0,1,1,128" ten="291,190,200,319" oya="2" hai0="5,21,125,23,24,127,57,84,22,59,92,16,2" hai1="8,95,9,7,28,89,114,131,58,11,13,81,65" hai2="72,61,14,48,102,117,134,88,52,26,133,86,6" hai3="91,67,110,119,79,34,41,56,116,99,30,31,18"/><V76/><F117/><W113/><G79/><T78/><D2/><U49/><E131/><V118/><F118/><W97/><G41/><T94/><D5/><U73/><E114/><V132/><F102/><W3/><G3/><T44/><D44/><U105/><E105/><V32/><F61/><W90/><G110/><T20/><D78/><U36/><E36/><V38/><F38/><W12/><G12/><T15/><D15/><U60/><E73/><V64/><F64/><W47/><G47/><T46/><D46/><U42/><E81/><N who="2" m="45191" /><F14/><W82/><G82/><T68/><D68/><U130/><E130/><V40/><F40/><W66/><G56/><N who="0" m="21579" /><D84/><N who="1" m="52647" /><E28/><N who="2" m="19479" /><F6/><W129/><G129/><T75/><D75/><U53/><E42/><V85/><F86/><W109/><G109/><T63/><D63/><U33/><E33/><V39/><F39/><W83/><G34/><T111/><D111/><U25/><E25/><V124/><F124/><AGARI ba="0,0" hai="16,20,21,22,23,24,92,94,124,125,127" m="21579" machi="124" ten="30,2000,0" yaku="18,1,54,1" doraHai="128" who="0" fromWho="2" sc="291,20,190,0,200,-20,319,0" /><INIT seed="3,0,0,5,4,16" ten="311,190,180,319" oya="3" hai0="90,35,118,135,56,134,69,97,13,4,96,36,39" hai1="64,78,34,82,30,9,106,129,76,107,38,6,51" hai2="112,72,12,89,130,45,41,27,66,3,122,123,46" hai3="28,2,24,75,23,73,67,83,93,59,5,17,43"/><W125/><G125/><T111/><D111/><U94/><E38/><V80/><F3/><W92/><G43/><T101/><D69/><U108/><E108/><V68/><F112/><W15/><G67/><T77/><D35/><U14/><E129/><V22/><F45/><W0/><G59/><T37/><D77/><U121/><E121/><V54/><F12/><W33/><G0/><T124/><D124/><U48/><E76/><V110/><F110/><W26/><G26/><T113/><D113/><U119/><E106/><V53/><F130/><W32/><G33/><T131/><D131/><U132/><E107/><V20/><F68/><W74/><G83/><T57/><D90/><U105/><E64/><V18/><F66/><W109/><G109/><T98/><D101/><U117/><E105/><V95/><F80/><W63/><G63/><T104/><D104/><U21/><E34/><V10/><F72/><W116/><G116/><N who="1" m="44618" /><E94/><V11/><F123/><W127/><G127/><T102/><D102/><U88/><E132/><N who="0" m="50729" /><D118/><U8/><E8/><AGARI ba="0,0" hai="2,5,8,15,17,23,24,28,32,73,74,75,92,93" machi="8" ten="40,7700,0" yaku="24,2,52,1" doraHai="16" who="3" fromWho="1" sc="311,0,190,-77,180,0,319,77" /><AGARI ba="0,0" hai="4,8,13,36,37,39,56,57,96,97,98" m="50729" machi="8" ten="40,1300,0" yaku="20,1" doraHai="16" who="0" fromWho="1" sc="311,13,113,-13,180,0,396,0" /><INIT seed="3,1,0,1,0,104" ten="324,100,180,396" oya="3" hai0="113,95,69,116,114,0,49,22,43,15,61,132,24" hai1="53,3,131,20,52,117,86,56,93,73,42,26,127" hai2="128,129,11,124,38,91,23,105,77,51,17,29,81" hai3="66,19,103,14,6,48,108,126,96,67,45,41,78"/><W110/><G126/><T97/><D0/><U87/><E3/><V28/><F38/><W102/><G6/><T82/><D116/><U36/><E127/><V59/><F105/><W63/><G78/><T12/><D132/><U5/><E5/><V134/><F124/><W33/><G33/><T112/><D82/><U100/><E117/><V85/><F11/><W18/><G67/><N who="0" m="41199" /><D49/><U58/><E131/><N who="2" m="50251" /><F134/><W123/><G123/><T133/><D133/><U70/><E70/><V8/><F8/><W74/><G74/><T39/><D43/><U125/><E125/><V109/><F109/><N who="3" m="42091" /><G14/><T54/><D54/><U25/><E42/><V64/><F77/><W130/><G130/><T50/><D50/><U119/><E119/><V98/><F51/><W60/><G60/><T31/><D39/><U122/><E36/><V46/><F64/><W115/><G115/><T13/><D12/><U40/><E40/><V1/><F1/><W88/><G102/><AGARI ba="1,0" hai="13,15,22,24,31,95,97,102,112,113,114" m="41199" machi="102" ten="30,1000,0" yaku="11,1" doraHai="104" who="0" fromWho="3" sc="324,13,100,0,180,0,396,-13" /><INIT seed="4,0,0,5,2,43" ten="337,100,180,383" oya="0" hai0="64,49,66,52,90,18,26,36,102,122,96,119,114" hai1="54,92,42,12,115,83,99,89,27,110,93,50,25" hai2="45,67,105,58,65,101,77,30,3,76,79,88,100" hai3="129,84,133,11,128,71,51,113,53,14,73,56,131"/><T22/><D119/><U103/><E110/><V108/><F3/><W28/><G73/><T111/><D122/><U23/><E115/><V1/><F1/><W130/><G113/><T75/><D114/><U2/><E2/><V24/><F105/><W55/><G71/><T29/><D36/><U34/><E42/><V38/><F108/><W48/><G28/><T132/><D132/><U97/><E83/><V126/><F126/><W78/><G133/><T120/><D120/><U13/><E34/><V40/><F58/><W47/><G130/><T121/><D121/><U85/><E97/><V19/><F19/><W74/><G74/><T118/><D118/><U59/><REACH who="1" step="1"/><E27/><REACH who="1" ten="337,90,180,383" step="2"/><V15/><F24/><W17/><G84/><T134/><D111/><U124/><E124/><V41/><F41/><W125/><G125/><T95/><D134/><U94/><E94/><V57/><F40/><W6/><G78/><T4/><D75/><U10/><E10/><V107/><F77/><W91/><G91/><T63/><D90/><U39/><E39/><V46/><F38/><W68/><G131/><T60/><D4/><U106/><E106/><V7/><F88/><W81/><G81/><T5/><D5/><U0/><E0/><V20/><F7/><W127/><G127/><T80/><D80/><U82/><E82/><V87/><F107/><W16/><G129/><T69/><D95/><U104/><E104/><V8/><F8/><W61/><G128/><T70/><D96/><U109/><E109/><V32/><F32/><W35/><G35/><T98/><D98/><U116/><E116/><RYUUKYOKU ba="0,1" sc="337,-15,90,15,180,-15,383,15" hai1="12,13,23,25,50,54,59,85,89,92,93,99,103" hai3="6,11,14,16,17,47,48,51,53,55,56,61,68" /><INIT seed="5,1,1,0,2,28" ten="322,105,165,398" oya="1" hai0="23,9,115,103,108,16,38,63,73,65,62,60,44" hai1="8,36,114,61,129,22,39,131,82,31,105,87,95" hai2="48,34,53,104,33,122,12,0,64,112,89,11,67" hai3="109,98,25,76,17,2,37,118,29,80,84,132,127"/><U91/><E105/><V135/><F122/><W79/><G109/><T68/><D108/><U92/><E114/><V6/><F104/><W120/><G2/><T77/><D115/><U35/><E22/><V56/><F112/><W107/><G37/><N who="1" m="14410" /><E8/><V46/><F135/><W74/><G132/><T133/><D133/><U59/><E31/><V30/><F30/><W96/><G17/><T18/><D103/><U21/><E21/><V119/><F119/><W88/><G25/><T130/><D77/><U100/><E100/><V83/><F0/><W26/><G26/><T90/><D73/><U4/><E4/><V93/><F83/><W55/><G29/><T85/><D9/><U19/><E19/><V47/><F47/><W27/><G118/><T24/><D18/><U52/><E35/><V70/><F70/><W97/><G79/><T72/><D72/><U3/><E3/><V116/><F116/><W66/><G107/><T101/><D101/><U111/><E111/><V134/><F134/><W15/><G76/><T117/><D117/><U106/><E106/><V121/><F121/><W41/><G80/><T5/><D5/><U57/><E59/><V110/><F110/><W42/><G74/><T58/><D68/><U99/><E99/><N who="2" m="57775" /><F56/><W45/><G97/><T128/><D85/><U123/><E123/><V43/><F34/><W49/><G84/><T13/><D13/><U124/><E124/><V126/><F33/><W125/><G125/><T81/><D81/><U86/><E86/><V7/><F126/><W75/><G127/><T51/><D58/><U1/><E1/><RYUUKYOKU ba="1,1" sc="322,-10,105,30,165,-10,398,-10" hai1="52,57,61,82,87,91,92,95,129,131" /><INIT seed="5,2,1,4,0,65" ten="312,135,155,388" oya="1" hai0="120,43,128,94,5,92,15,69,10,84,70,118,52" hai1="100,34,37,82,121,32,8,49,102,3,80,1,63" hai2="36,64,31,77,76,125,7,71,24,87,28,19,72" hai3="97,126,109,22,51,96,114,41,111,29,122,101,21"/><U13/><E37/><V16/><F72/><W86/><G86/><T44/><D118/><U27/><E121/><V91/><F36/><W56/><G51/><T26/><D120/><U33/><E27/><V59/><F71/><W23/><G56/><T45/><D128/><U110/><E110/><V58/><F7/><W11/><G11/><T98/><D26/><U112/><E112/><V54/><F64/><W117/><G101/><T20/><D20/><U131/><E131/><V119/><F119/><W30/><G126/><T39/><D84/><U103/><E49/><N who="2" m="31055" /><F59/><W2/><G22/><T116/><D116/><U6/><REACH who="1" step="1"/><E63/><REACH who="1" ten="312,125,155,388" step="2"/><V14/><F125/><W106/><G122/><T81/><D39/><U127/><E127/><V83/><F24/><W115/><G117/><T107/><D43/><U132/><E132/><V38/><F38/><W12/><G41/><T90/><D45/><U50/><E50/><V85/><F19/><W62/><G111/><T4/><D44/><U135/><E135/><V113/><F113/><W134/><G62/><T66/><D4/><U53/><E53/><V55/><F55/><W124/><G109/><T99/><D52/><U74/><E74/><V104/><F104/><W67/><G106/><T73/><D107/><U0/><AGARI ba="2,2" hai="0,1,3,6,8,13,32,33,34,80,82,100,102,103" machi="0" ten="50,12000,1" yaku="1,1,0,1,29,2,53,0" doraHai="65" doraHaiUra="60" who="1" fromWho="1" sc="312,-42,125,146,155,-42,388,-42" /><INIT seed="5,3,0,2,5,114" ten="270,271,113,346" oya="1" hai0="107,135,2,86,37,55,44,100,94,16,78,88,1" hai1="122,73,14,76,90,15,62,17,105,29,53,118,71" hai2="79,91,48,64,24,10,60,80,25,99,108,129,101" hai3="40,36,58,57,97,50,54,109,117,61,19,63,52"/><U0/><E0/><V56/><F108/><W113/><G109/><T46/><D135/><U6/><E122/><V65/><F129/><W30/><G113/><T35/><D35/><U11/><E105/><V28/><F91/><W96/><G36/><T116/><D116/><U67/><E118/><V124/><F124/><W70/><G117/><T77/><D46/><U26/><E53/><V39/><F39/><W134/><G30/><T21/><D107/><U127/><E127/><V32/><F25/><W4/><G4/><T45/><D45/><U128/><E128/><V41/><F10/><W102/><G70/><T3/><D100/><U12/><E17/><V121/><F121/><W34/><G34/><T9/><D9/><U31/><E31/><V84/><F41/><W51/><G40/><T22/><D22/><U98/><E76/><V72/><F48/><N who="3" m="18475" /><G102/><T13/><REACH who="0" step="1"/><D55/><REACH who="0" ten="260,271,113,346" step="2"/><U42/><E42/><AGARI ba="3,1" hai="1,2,3,13,16,21,37,42,44,77,78,86,88,94" machi="42" ten="40,8000,1" yaku="1,1,2,1,54,2,53,0" doraHai="114" doraHaiUra="119" who="0" fromWho="1" sc="260,99,271,-89,113,0,346,0" /><INIT seed="6,0,0,0,5,123" ten="359,182,113,346" oya="2" hai0="14,11,32,105,4,96,58,110,41,90,86,17,116" hai1="130,74,54,21,129,134,51,37,15,100,115,48,65" hai2="73,18,25,69,93,10,119,98,99,88,23,45,7" hai3="16,67,95,1,124,94,87,5,3,79,122,8,108"/><V84/><F69/><W36/><G36/><T76/><D110/><U78/><E37/><V44/><F119/><W120/><G108/><T107/><D32/><U70/><E115/><V126/><F73/><W72/><G67/><T113/><D113/><U22/><E134/><V0/><F126/><W81/><G124/><T56/><D116/><U64/><E100/><V52/><REACH who="2" step="1"/><F44/><REACH who="2" ten="359,182,103,346" step="2"/><W6/><G72/><T106/><D56/><N who="1" m="32863" /><E74/><V12/><F12/><W9/><G122/><T43/><D58/><U132/><E70/><V28/><F28/><W83/><G120/><T38/><D38/><U29/><E29/><V117/><F117/><W121/><G121/><T80/><D4/><U26/><E15/><V135/><F135/><W33/><G1/><T77/><D14/><U42/><E132/><V46/><F46/><W62/><G3/><T31/><D31/><U111/><E129/><V109/><F109/><W40/><G5/><T53/><D17/><U127/><E111/><V103/><F103/><W91/><G16/><T128/><D128/><U85/><E127/><V60/><F60/><W2/><G62/><T34/><D34/><U20/><E130/><V112/><F112/><W118/><G33/><T68/><D68/><U50/><E26/><V13/><F13/><W59/><G59/><T71/><D71/><U24/><E24/><V47/><F47/><W131/><G118/><T39/><D39/><U63/><E63/><V35/><F35/><W49/><G131/><T114/><D114/><U102/><E102/><V82/><F82/><W66/><G2/><T30/><D80/><RYUUKYOKU ba="0,1" sc="359,-10,182,-10,103,30,346,-10" hai2="0,7,10,18,23,25,45,52,84,88,93,98,99" /><INIT seed="6,1,1,0,5,123" ten="349,172,133,336" oya="2" hai0="89,77,132,35,73,100,11,37,103,129,99,43,130" hai1="10,88,135,46,44,115,2,53,32,51,107,48,20" hai2="52,23,40,62,92,49,12,4,5,15,113,91,98" hai3="57,122,13,97,0,64,31,58,3,102,47,42,117"/><V27/><F113/><W71/><G117/><T116/><D35/><U75/><E32/><V25/><F40/><W1/><G31/><T121/><D121/><U59/><E115/><V134/><F134/><W106/><G122/><T21/><D132/><U105/><E135/><V61/><F27/><W45/><G45/><T125/><D125/><U34/><E34/><V66/><F12/><W127/><G127/><T85/><D43/><U79/><E59/><N who="2" m="37183" /><F62/><W7/><G71/><T126/><D37/><U109/><E109/><V39/><F15/><W55/><G64/><T124/><D21/><U119/><E119/><V93/><F93/><W110/><G110/><T128/><D11/><U68/><E68/><V50/><F39/><W114/><G114/><T72/><D103/><U63/><E63/><V111/><F111/><W9/><REACH who="3" step="1"/><G55/><REACH who="3" ten="349,172,133,326" step="2"/><T94/><D116/><U83/><E53/><V29/><F50/><AGARI ba="1,2" hai="0,1,3,7,9,13,42,47,50,57,58,97,102,106" machi="50" ten="40,2600,0" yaku="1,1,2,1,53,0" doraHai="123" doraHaiUra="67" who="3" fromWho="2" sc="349,0,172,0,133,-29,326,49" /><INIT seed="7,0,0,0,0,119" ten="349,172,104,375" oya="3" hai0="129,86,19,27,2,116,14,54,57,64,60,21,80" hai1="76,91,1,38,100,41,112,128,93,79,117,88,11" hai2="4,29,20,55,31,46,115,94,53,8,103,82,110" hai3="3,37,9,15,75,72,24,134,97,83,114,99,74"/><W130/><G37/><T42/><D116/><U104/><E117/><V47/><F110/><W67/><G3/><T98/><D129/><U56/><E128/><V18/><F115/><W58/><G130/><T7/><D42/><U26/><E112/><V25/><F82/><W30/><G114/><T121/><D121/><U131/><E131/><V35/><F29/><W90/><G134/><T48/><D2/><U43/><E104/><V68/><F68/><W39/><G39/><T106/><D106/><U23/><E11/><V50/><F103/><W85/><G58/><T78/><D98/><N who="1" m="59471" /><E56/><V66/><F94/><W59/><G59/><T133/><D133/><U127/><E1/><V32/><F66/><W124/><G124/><T5/><REACH who="0" step="1"/><D27/><REACH who="0" ten="339,172,104,375" step="2"/><U113/><E113/><V70/><F70/><AGARI ba="0,1" hai="5,7,14,19,21,48,54,57,60,64,70,78,80,86" machi="70" ten="30,7700,0" yaku="1,1,2,1,7,1,53,1" doraHai="119" doraHaiUra="77" who="0" fromWho="2" sc="339,87,172,0,104,-77,375,0" owari="426,52.0,172,-23.0,27,-47.0,375,18.0" /></mjloggm>