<mjloggm ver="2.3"><GO type="225" lobby="0"/><UN n0="%E3%83%88%E3%83%88%E3%83%AA%E5%85%88%E7%94%9F%31%39%E6%AD%B3" n1="%65%69%6B%31" n2="%E9%98%BF%E4%BF%AE%E7%BE%85%E4%BD%B3%E5%A5%88" n3="%E3%82%B4%E3%83%9F%E3%82%AF%E3%82%BA%E4%B8%83%E6%AE%B5" dan="17,18,17,16" rate="2194.89,2200.69,2175.19,2199.79" sx="F,M,F,M"/><TAIKYOKU oya="0"/><INIT seed="0,0,0,4,5,10" ten="250,250,250,250" oya="0" hai0="90,129,69,47,126,57,106,52,73,5,67,114,27" hai1="26,53,29,135,11,112,21,128,113,88,84,62,125" hai2="78,54,74,79,49,98,111,68,42,16,94,33,97" hai3="55,45,108,31,105,35,77,56,96,17,63,119,12"/><T34/><D114/><U24/><E128/><V1/><F1/><W134/><G119/><T8/><D73/><U22/><E135/><V93/><F33/><W59/><G134/><T107/><D129/><U37/><E37/><V86/><F68/><W20/><G108/><T60/><D126/><U118/><E118/><V44/><F111/><W85/><G45/><T15/><D47/><U28/><E125/><V81/><F54/><W75/><G75/><T66/><D90/><U133/><E133/><V102/><F74/><W124/><G124/><T41/><D41/><U50/><E11/><V65/><F65/><W120/><G120/><T130/><D130/><U100/><E62/><V58/><F58/><W80/><G59/><T89/><D89/><U131/><E100/><N who="2" m="60463" /><F16/><W14/><G105/><T13/><D13/><U19/><E19/><V71/><F71/><W82/><G96/><T132/><D132/><U121/><E121/><V36/><F36/><W91/><G12/><T39/><D39/><U0/><E0/><V104/><F104/><W25/><REACH who="3" step="1"/><G77/><AGARI ba="0,0" hai="42,44,49,77,78,79,81,86,94,98,102" m="60463" machi="77" ten="30,1000,0" yaku="8,1" doraHai="10" who="2" fromWho="3" sc="250,0,250,0,250,10,250,-10" /><INIT seed="1,0,0,5,2,4" ten="250,250,260,240" oya="1" hai0="34,78,6,130,95,88,11,100,21,14,113,30,123" hai1="107,117,57,48,121,42,2,73,92,129,12,62,124" hai2="132,126,94,133,116,15,3,81,128,8,25,82,54" hai3="40,47,9,80,59,109,1,26,18,61,99,58,45"/><U35/><E107/><V97/><F116/><W118/><G118/><T39/><D113/><U20/><E117/><V86/><F3/><W71/><G109/><T105/><D39/><U108/><E35/><V111/><F111/><W27/><G71/><T89/><D34/><U96/><E2/><V63/><F25/><W66/><G1/><T83/><D105/><U60/><E73/><V90/><F126/><W56/><G80/><T106/><D106/><U87/><E121/><V102/><F128/><W72/><G72/><T98/><D130/><U0/><E0/><V114/><F114/><W68/><G99/><T24/><REACH who="0" step="1"/><D123/><REACH who="0" ten="240,250,260,240" step="2"/><U120/><E120/><V43/><F133/><W69/><G69/><T85/><AGARI ba="0,1" hai="6,11,14,21,24,30,78,83,85,88,89,95,98,100" machi="85" ten="20,12000,2" yaku="1,1,2,1,0,1,7,1,8,1,52,1,54,1,53,0" doraHai="4" doraHaiUra="31" who="0" fromWho="0" sc="240,130,250,-60,260,-30,240,-30" /><INIT seed="2,0,0,3,5,13" ten="370,190,230,210" oya="2" hai0="50,131,30,80,46,86,83,94,133,28,116,43,121" hai1="10,39,68,85,40,117,66,3,91,115,55,103,84" hai2="57,49,111,51,89,90,70,109,75,71,81,97,76" hai3="120,42,38,92,64,125,21,2,95,6,41,19,96"/><V31/><F31/><N who="0" m="11818" /><D121/><U15/><E117/><V4/><F4/><W134/><G120/><T108/><D108/><N who="2" m="41546" /><F57/><W7/><G125/><T17/><D131/><U135/><E115/><V77/><F77/><W73/><G73/><T62/><D133/><U93/><E3/><V44/><F51/><W118/><G118/><T119/><D17/><U126/><E126/><V132/><F132/><W24/><G134/><T11/><D11/><U99/><E135/><V114/><F114/><W104/><G2/><T56/><D116/><U47/><E55/><N who="2" m="30119" /><F97/><W110/><G110/><T5/><D5/><U74/><E74/><V72/><F72/><W22/><G6/><T53/><D119/><U59/><E68/><AGARI ba="0,0" hai="68,70,71,75,76,81,89,90" m="30119,41546" machi="68" ten="30,2900,0" yaku="14,1,10,1" doraHai="13" who="2" fromWho="1" sc="370,0,190,-29,230,29,210,0" /><INIT seed="2,1,0,3,5,50" ten="370,161,259,210" oya="2" hai0="134,19,41,17,126,60,92,117,96,3,36,109,124" hai1="61,81,119,47,53,49,93,95,48,35,9,77,123" hai2="12,59,40,80,26,131,4,114,24,66,8,98,54" hai3="13,133,79,112,122,118,33,43,70,101,5,46,103"/><V58/><F114/><W75/><G33/><T74/><D74/><U2/><E119/><V16/><F131/><W99/><G70/><T72/><D72/><U44/><E35/><V55/><F40/><W94/><G118/><T104/><D117/><U82/><E123/><V65/><F98/><W30/><G30/><T62/><D3/><U6/><E61/><N who="0" m="23657" /><D104/><U89/><E77/><V57/><F80/><W83/><G122/><T78/><D78/><U102/><E102/><V22/><F24/><W10/><G133/><T45/><D109/><U28/><E28/><V29/><F4/><W108/><G108/><T21/><D21/><U97/><REACH who="1" step="1"/><E95/><REACH who="1" ten="370,151,259,210" step="2"/><V84/><F84/><W127/><G112/><T64/><D92/><U68/><E68/><V110/><F110/><W32/><G32/><T113/><D96/><U121/><E121/><V25/><F29/><W105/><G127/><T42/><D113/><U111/><E111/><V34/><F34/><W14/><G105/><T107/><D107/><U116/><E116/><V1/><F66/><W27/><G103/><T73/><D64/><U125/><E125/><V69/><F65/><W63/><G63/><T67/><D67/><U11/><E11/><V0/><F69/><W90/><G101/><T38/><D124/><U56/><E56/><V52/><F8/><W39/><G27/><T18/><D126/><U135/><E135/><V130/><F130/><W129/><G129/><T15/><D134/><U132/><E132/><V115/><F115/><W71/><G71/><T51/><D73/><U87/><E87/><V128/><F128/><RYUUKYOKU ba="1,1" sc="370,-30,151,10,259,10,210,10" hai1="2,6,9,44,47,48,49,53,81,82,89,93,97" hai2="0,1,12,16,22,25,26,52,54,55,57,58,59" hai3="5,10,13,14,39,43,46,75,79,83,90,94,99" /><INIT seed="2,2,1,4,3,14" ten="340,161,269,220" oya="2" hai0="93,116,90,101,57,79,114,31,69,33,55,17,86" hai1="42,117,58,71,119,19,121,100,113,40,29,2,64" hai2="20,61,96,81,47,27,84,3,52,97,63,85,88" hai3="129,120,34,77,44,125,135,51,22,70,68,130,122"/><V102/><F3/><W111/><G34/><T112/><D69/><N who="3" m="26729" /><G77/><T7/><D116/><U53/><E2/><V15/><F15/><W127/><G22/><T41/><D41/><N who="1" m="15979" /><E100/><V74/><F74/><W128/><G111/><T67/><D67/><U104/><E104/><V62/><F85/><W60/><G60/><N who="2" m="23145" /><F102/><W21/><G21/><T65/><D65/><U131/><E29/><N who="2" m="17639" /><F47/><W39/><G39/><T115/><D7/><U89/><E119/><V133/><F133/><W118/><G118/><T48/><D101/><U107/><E117/><V66/><F66/><W92/><G92/><T75/><D31/><U80/><E64/><V1/><F1/><W36/><G36/><T91/><D33/><U98/><E71/><V132/><F132/><W110/><G110/><T37/><D37/><U4/><E107/><V32/><F32/><W72/><G72/><T105/><D105/><U94/><E80/><V106/><F106/><W24/><G24/><T56/><D75/><U49/><E94/><V123/><F123/><N who="3" m="47147" /><G135/><T46/><D93/><U126/><E121/><V50/><F50/><W35/><G35/><T76/><D112/><U5/><E113/><V82/><F81/><W73/><G73/><T23/><D114/><U25/><E49/><V134/><F134/><W8/><G8/><T13/><D115/><U59/><E25/><V38/><F38/><W54/><AGARI ba="2,1" hai="44,51,54,125,127,128,129,130" m="47147,26729" machi="54" ten="40,5200,0" yaku="19,1,34,2" doraHai="14" who="3" fromWho="3" sc="340,-15,161,-15,269,-28,220,68" /><INIT seed="3,0,0,1,5,47" ten="325,146,241,288" oya="3" hai0="109,128,50,90,103,30,112,75,123,132,19,86,65" hai1="111,83,37,77,88,25,93,45,15,28,89,61,122" hai2="98,73,70,8,39,23,131,49,18,33,66,38,16" hai3="134,119,64,46,121,106,22,79,110,107,24,57,52"/><W17/><G119/><T55/><D123/><U127/><E122/><V34/><F73/><W48/><G121/><T41/><D75/><U125/><E111/><V11/><F66/><W62/><G110/><T91/><D109/><U113/><E113/><V96/><F70/><W94/><G134/><T53/><D132/><U84/><E15/><V78/><F78/><W43/><G79/><T1/><D1/><U58/><E37/><V80/><F23/><W71/><G94/><N who="0" m="54615" /><D65/><U14/><E14/><V135/><F135/><W4/><REACH who="3" step="1"/><G4/><REACH who="3" ten="325,146,241,278" step="2"/><T115/><D112/><U133/><E133/><V126/><F131/><W129/><G129/><T7/><D115/><U56/><E127/><V12/><F12/><W101/><G101/><T32/><D103/><U60/><E125/><V105/><F126/><W59/><G59/><T67/><D7/><U21/><E45/><V31/><F105/><W99/><G99/><T20/><D128/><U82/><E82/><V6/><F6/><W27/><G27/><T97/><D97/><U120/><E120/><V95/><F95/><W3/><G3/><T69/><D91/><U68/><E68/><V81/><F31/><W74/><G74/><T116/><D30/><U54/><REACH who="1" step="1"/><E93/><REACH who="1" ten="325,136,241,278" step="2"/><V10/><F10/><W87/><G87/><T9/><D9/><U35/><E35/><V100/><F100/><W13/><G13/><N who="0" m="9327" /><D32/><U85/><E85/><V44/><F44/><W29/><G29/><T0/><D0/><U92/><E92/><V104/><F104/><W130/><G130/><T118/><D69/><U26/><E26/><V42/><F33/><RYUUKYOKU ba="0,2" sc="325,-15,136,15,241,-15,278,15" hai1="21,25,28,54,56,58,60,61,77,83,84,88,89" hai3="17,22,24,43,46,48,52,57,62,64,71,106,107" /><INIT seed="3,1,2,2,2,46" ten="310,151,226,293" oya="3" hai0="51,12,40,59,77,28,54,120,68,81,7,8,69" hai1="99,63,61,44,33,107,23,24,125,75,66,133,52" hai2="113,45,124,94,38,127,11,109,35,134,21,32,27" hai3="131,42,76,74,91,102,15,132,65,130,56,128,0"/><W83/><G132/><T114/><D120/><U53/><E75/><V105/><F105/><W41/><G0/><T129/><D129/><U22/><E133/><V104/><F104/><W72/><G102/><T16/><D114/><U43/><E125/><N who="2" m="48203" /><F134/><W121/><G121/><T1/><D28/><U14/><E33/><N who="2" m="12875" /><F113/><W119/><G119/><T50/><D51/><N who="1" m="27039" /><E107/><V95/><F109/><W10/><G91/><T84/><D40/><N who="3" m="15465" /><G65/><T82/><D82/><U97/><E97/><V9/><F38/><W55/><G83/><T112/><D112/><U96/><E96/><V18/><F45/><W62/><G76/><T108/><D108/><U89/><E14/><N who="2" m="7503" /><F11/><AGARI ba="1,2" hai="1,7,8,11,12,16,50,54,59,68,69,77,81,84" machi="11" ten="30,3900,0" yaku="7,1,52,1,54,1" doraHai="46" who="0" fromWho="2" sc="310,62,151,0,226,-42,293,0" owari="372,48.0,151,-35.0,184,-22.0,293,9.0" /></mjloggm>