<mjloggm ver="2.3"><GO type="169" lobby="0"/><UN n0="%6F%6E%65%73%74%61%72" n1="%47%4F%4B%49%47%45%4E" n2="%E5%B0%B1%E6%B4%BB%E7%94%9F%40%E5%B7%9D%E6%9D%91%E8%BB%8D%E5%9B%A3" n3="%E5%8D%88%E5%89%8D%E9%9B%B6%E6%99%82" dan="17,16,17,16" rate="2128.44,2146.46,2177.50,2051.38" sx="M,M,M,M"/><TAIKYOKU oya="0"/><INIT seed="0,0,0,2,3,74" ten="250,250,250,250" oya="0" hai0="14,49,127,84,36,68,27,94,98,9,30,17,76" hai1="105,42,66,8,109,19,134,70,132,41,34,85,38" hai2="77,110,33,60,65,39,92,80,25,100,91,123,93" hai3="131,53,97,122,96,86,113,63,88,10,75,26,133"/><T128/><D127/><U23/><E105/><V115/><F39/><W28/><G113/><T56/><D36/><U116/><E34/><V16/><F123/><W4/><G75/><T104/><D128/><U58/><E116/><V43/><F43/><W103/><G131/><T12/><D68/><U120/><E70/><V20/><F115/><W24/><G133/><N who="1" m="51306" /><E38/><V117/><F117/><W114/><G114/><T15/><D104/><U71/><E71/><V106/><F33/><W79/><G122/><T48/><D48/><U3/><E109/><V40/><F40/><W1/><G79/><T124/><D124/><U99/><E99/><V13/><F106/><W111/><G111/><T22/><D49/><U0/><E85/><N who="2" m="48271" /><F110/><W95/><G28/><T52/><D84/><U107/><E107/><V62/><F65/><W89/><G96/><T35/><D35/><U7/><E0/><V2/><F2/><W78/><G78/><T69/><D76/><U64/><E64/><V126/><F126/><W129/><G129/><T72/><D72/><U135/><N who="1" m="51314" /><U73/><DORA hai="81" /><E73/><V29/><F100/><W87/><G87/><T57/><D69/><U101/><E101/><V44/><F92/><W125/><G125/><T108/><D108/><U112/><E112/><V67/><F67/><W59/><G89/><N who="0" m="55631" /><D52/><U50/><E120/><V31/><F91/><W18/><G18/><T45/><D17/><U51/><E51/><V55/><F93/><AGARI ba="0,0" hai="1,4,10,24,26,53,59,63,86,88,93,95,97,103" machi="93" ten="30,3900,0" yaku="7,1,52,1,54,1" doraHai="74,81" who="3" fromWho="2" sc="250,0,250,0,250,-39,250,39" /><INIT seed="1,0,0,4,3,89" ten="250,250,211,289" oya="1" hai0="78,35,74,90,53,68,71,116,9,107,96,92,58" hai1="64,115,86,93,98,118,112,34,66,79,55,46,97" hai2="30,94,135,103,44,81,39,32,24,91,27,119,126" hai3="128,21,123,12,83,84,133,85,124,73,61,122,67"/><U5/><E34/><V63/><F119/><W49/><G73/><T31/><D116/><U69/><E118/><V29/><F135/><W88/><G133/><T41/><D41/><U38/><E112/><V33/><F126/><W57/><G124/><T104/><D9/><U10/><E115/><V109/><F109/><W105/><G105/><T125/><D125/><U47/><E69/><V87/><F63/><W129/><G49/><T75/><D107/><U28/><E28/><V100/><F39/><W23/><G23/><T16/><D104/><U26/><E26/><V99/><REACH who="2" step="1"/><F44/><REACH who="2" ten="250,250,201,289" step="2"/><W14/><G122/><T132/><D132/><U77/><E38/><V13/><F13/><W120/><G120/><T25/><D71/><U4/><E46/><V54/><F54/><W36/><G36/><T15/><D68/><U19/><E47/><V3/><F3/><W11/><G123/><T7/><D53/><U102/><E55/><V111/><F111/><W110/><G110/><T134/><D15/><N who="1" m="7671" /><E64/><V59/><F59/><W43/><G57/><T121/><D58/><U17/><E66/><V130/><F130/><W80/><G67/><T22/><D134/><U0/><E0/><V6/><F6/><W42/><G128/><T52/><D121/><U101/><E4/><V48/><F48/><W76/><G129/><T18/><D7/><U131/><E5/><V60/><F60/><W114/><G61/><T117/><D117/><U45/><E45/><V95/><F95/><W113/><G113/><T108/><D108/><U37/><E37/><V50/><F50/><W2/><G2/><RYUUKYOKU ba="0,1" sc="250,-10,250,-10,201,30,289,-10" hai2="24,27,29,30,32,33,81,87,91,94,99,100,103" /><INIT seed="2,1,1,1,4,58" ten="240,240,231,279" oya="2" hai0="11,123,132,55,98,2,91,95,27,88,8,127,89" hai1="16,46,18,113,12,97,114,87,115,109,125,19,35" hai2="52,72,34,76,93,47,7,43,105,20,1,111,59" hai3="0,10,112,100,32,75,29,49,96,41,69,39,13"/><V31/><F105/><W85/><G75/><T56/><D123/><U66/><E35/><V33/><F93/><W131/><G0/><T118/><D132/><U73/><E73/><V44/><F44/><W67/><G39/><T135/><D135/><U92/><E109/><V116/><F116/><W94/><G131/><T130/><D130/><U62/><E125/><V102/><F102/><W129/><G129/><T117/><D127/><U63/><E46/><V134/><F20/><W106/><G112/><T54/><D27/><U25/><E25/><V68/><F68/><W60/><G49/><T65/><D65/><U80/><E12/><V82/><F31/><W110/><G110/><T23/><D23/><U45/><E45/><V53/><F134/><W84/><G41/><T5/><D11/><U122/><E66/><V28/><F28/><W121/><G121/><T124/><D55/><N who="2" m="21066" /><F59/><W128/><G128/><T15/><D2/><U22/><E22/><V48/><F111/><W3/><G3/><T126/><D126/><U79/><REACH who="1" step="1"/><E122/><REACH who="1" ten="240,230,231,279" step="2"/><V17/><F34/><W9/><G32/><T21/><D21/><U133/><E133/><V108/><F33/><W70/><G13/><T107/><D124/><U71/><E71/><V57/><F108/><W51/><G70/><T30/><D30/><U37/><E37/><V64/><F64/><W42/><G69/><T86/><D117/><U103/><AGARI ba="1,2" hai="16,18,19,62,63,79,80,87,92,97,103,113,114,115" machi="103" ten="40,12000,2" yaku="1,1,0,1,52,2,54,1,53,1" doraHai="58" doraHaiUra="99" who="1" fromWho="1" sc="240,-31,230,143,231,-61,279,-31" /><INIT seed="3,0,0,5,0,7" ten="209,373,170,248" oya="3" hai0="103,35,32,39,75,17,15,134,133,47,106,82,48" hai1="68,117,110,36,34,18,10,126,131,28,116,31,30" hai2="83,14,55,120,112,92,24,111,21,95,71,80,58" hai3="105,72,127,45,132,89,109,130,119,87,91,43,56"/><W61/><G119/><N who="1" m="45642" /><E68/><V25/><F71/><W11/><G72/><T125/><D39/><U124/><E36/><V70/><F70/><W69/><G69/><T74/><D125/><N who="1" m="48235" /><E110/><V114/><F120/><W98/><G127/><T22/><D103/><U135/><E135/><N who="0" m="51721" /><D106/><U85/><E85/><V78/><F111/><W97/><G87/><T42/><D74/><U118/><N who="1" m="45650" /><U64/><DORA hai="23" /><E64/><V104/><F104/><W46/><G105/><T73/><D75/><U8/><E131/><V101/><F112/><W96/><G130/><T99/><D99/><U2/><E2/><V94/><F101/><W128/><G97/><T52/><D42/><U123/><E123/><V90/><F90/><W65/><G91/><T1/><D1/><U63/><E63/><N who="2" m="36319" /><F114/><W79/><G89/><T50/><D50/><U113/><E113/><V93/><N who="2" m="24064" /><DORA hai="5" /><V66/><F66/><W20/><G65/><T115/><D115/><U107/><E107/><V100/><F100/><W67/><G109/><T49/><D48/><U40/><E40/><V41/><F41/><W27/><G43/><T38/><D38/><U44/><E44/><V19/><F78/><AGARI ba="0,0" hai="15,17,22,32,35,47,49,52,73,78,82" m="51721" machi="78" ten="30,2000,0" yaku="20,1,54,1" doraHai="7,23,5" who="0" fromWho="2" sc="209,20,373,0,170,-20,248,0" /><INIT seed="4,0,0,4,3,16" ten="229,373,150,248" oya="0" hai0="88,134,39,100,12,126,97,108,127,10,17,53,125" hai1="78,20,40,87,79,68,130,131,51,9,27,7,21" hai2="1,37,121,103,2,64,47,114,90,120,15,25,124" hai3="49,84,112,91,83,34,29,44,63,133,61,118,22"/><T38/><D134/><U18/><E68/><V43/><F114/><W48/><G118/><T86/><D53/><U89/><E40/><V31/><F124/><W66/><G34/><T52/><D52/><U55/><E9/><V76/><F76/><W69/><G112/><T94/><REACH who="0" step="1"/><D108/><REACH who="0" ten="219,373,150,248" step="2"/><U45/><E130/><V4/><F64/><W30/><G133/><T41/><D41/><U102/><E131/><V0/><F120/><W26/><G66/><T106/><AGARI ba="0,1" hai="10,12,17,38,39,86,88,94,97,100,106,125,126,127" machi="106" ten="30,11700,0" yaku="1,1,0,1,18,1,54,1,53,0" doraHai="16" doraHaiUra="109" who="0" fromWho="0" sc="219,127,373,-39,150,-39,248,-39" /><INIT seed="4,1,0,1,2,123" ten="346,334,111,209" oya="0" hai0="23,125,72,36,88,57,73,34,87,84,129,52,43" hai1="75,93,62,135,79,96,33,131,35,15,0,98,115" hai2="55,24,128,63,31,5,77,66,99,124,112,17,117" hai3="41,9,8,133,60,85,39,29,113,132,105,51,127"/><T50/><D34/><U89/><E0/><V104/><F117/><W101/><G39/><T107/><D107/><U2/><E2/><V53/><F128/><W20/><G60/><T106/><D106/><U100/><E131/><V94/><F124/><W28/><G85/><T71/><D129/><U68/><E135/><N who="3" m="51786" /><G127/><T21/><D71/><U7/><E79/><V90/><F112/><W97/><G113/><T74/><D125/><U86/><E75/><V42/><F42/><W22/><G29/><T103/><D103/><U58/><E68/><V83/><F5/><W108/><G108/><T64/><D64/><U32/><E115/><V130/><F130/><W92/><G105/><T13/><D87/><U114/><E114/><V80/><F104/><W14/><G28/><T78/><D78/><U61/><E61/><V19/><F19/><N who="3" m="10359" /><G22/><T25/><D25/><U45/><E98/><V48/><F17/><W81/><G81/><T59/><D13/><U120/><E120/><V46/><F55/><W91/><G91/><T65/><D36/><U67/><E15/><V116/><F116/><W111/><BYE who="2" /><G111/><UN n2="%E5%B0%B1%E6%B4%BB%E7%94%9F%40%E5%B7%9D%E6%9D%91%E8%BB%8D%E5%9B%A3" /><T118/><D43/><U44/><E7/><V121/><F77/><W109/><G109/><T26/><D26/><U47/><REACH who="1" step="1"/><E86/><REACH who="1" ten="346,324,111,209" step="2"/><V70/><REACH who="2" step="1"/><F121/><REACH who="2" ten="346,324,101,209" step="2"/><W119/><G119/><T4/><D118/><U49/><E49/><V76/><F76/><W95/><G51/><T126/><D4/><U37/><E37/><V18/><F18/><W69/><G97/><T134/><D134/><U110/><E110/><V38/><F38/><W3/><G41/><T10/><D126/><RYUUKYOKU ba="1,2" sc="346,-15,324,15,101,15,209,-15" hai1="32,33,35,44,45,47,58,62,67,89,93,96,100" hai2="24,31,46,48,53,63,66,70,80,83,90,94,99" /><INIT seed="5,2,2,3,2,23" ten="331,339,116,194" oya="1" hai0="38,60,53,99,29,24,33,39,125,11,21,84,134" hai1="55,71,92,49,46,121,129,116,90,25,117,122,73" hai2="50,86,112,57,105,118,96,69,56,76,42,131,9" hai3="62,31,52,85,30,81,27,34,75,15,83,45,109"/><U113/><E73/><V7/><F69/><W79/><G109/><T6/><D125/><U88/><E71/><V40/><F118/><W107/><G107/><T110/><D110/><U74/><E74/><V98/><F131/><W80/><G75/><T44/><D134/><U8/><E129/><V3/><F112/><W135/><G135/><T5/><D5/><U59/><E113/><V48/><F105/><W61/><G15/><T77/><D99/><U93/><E8/><V28/><F28/><N who="3" m="10795" /><G34/><T16/><D84/><U87/><E25/><V17/><F17/><W47/><G27/><T65/><D77/><U78/><E78/><V22/><F22/><W26/><G26/><T128/><D128/><U63/><E117/><V130/><F130/><W14/><G14/><N who="0" m="9367" /><D53/><U36/><E36/><V12/><F3/><W120/><G120/><T20/><D44/><N who="3" m="16969" /><G62/><T32/><D20/><U70/><E70/><V1/><F1/><W41/><G41/><N who="2" m="15977" /><F98/><W18/><G18/><T13/><D13/><U51/><E116/><V111/><F96/><W124/><G124/><T97/><D97/><N who="1" m="57479" /><E122/><V54/><F111/><W43/><G43/><T58/><D33/><U67/><E121/><V114/><F114/><W68/><G68/><T19/><D19/><U119/><E119/><V37/><F37/><W4/><G4/><T102/><D102/><U126/><E126/><V64/><F64/><W89/><G79/><T115/><D115/><U0/><E0/><V2/><F2/><W91/><G85/><T66/><D66/><U35/><E35/><V127/><F127/><W10/><G10/><RYUUKYOKU ba="2,2" sc="331,10,339,10,116,-30,194,10" hai0="6,11,24,29,32,38,39,58,60,65" hai1="46,49,51,55,59,63,67,87,90,93" hai3="52,61,80,81,83,89,91" /><INIT seed="5,3,2,5,1,39" ten="341,349,86,204" oya="1" hai0="105,128,108,85,82,102,107,69,5,123,4,38,84" hai1="72,62,24,37,0,104,65,40,127,30,11,1,93" hai2="19,109,99,61,50,59,67,110,60,32,42,28,46" hai3="13,121,119,97,92,79,49,114,89,74,94,6,88"/><U16/><E104/><V117/><F117/><W41/><G121/><T52/><D38/><U134/><E72/><V22/><F32/><W122/><G122/><T98/><D123/><U47/><E127/><V75/><F75/><W29/><G119/><T26/><D108/><U35/><E134/><V21/><F99/><N who="3" m="57735" /><G74/><T14/><D69/><U118/><E93/><V71/><F28/><W70/><G70/><T53/><D26/><U87/><E87/><V101/><F101/><W64/><G114/><T36/><D36/><U78/><E78/><V44/><F22/><W48/><G29/><T76/><D128/><U80/><E80/><V83/><F83/><W103/><G79/><T63/><D105/><U81/><E81/><V96/><F96/><W90/><G64/><T112/><D85/><U31/><E31/><V95/><F95/><W125/><G125/><T73/><D112/><U56/><REACH who="1" step="1"/><E118/><REACH who="1" ten="341,339,86,204" step="2"/><V66/><REACH who="2" step="1"/><F44/><REACH who="2" ten="341,339,76,204" step="2"/><W120/><G94/><T2/><D73/><U100/><E100/><V91/><F91/><W129/><G90/><T20/><D102/><U113/><E113/><V23/><F23/><W116/><G89/><T54/><D20/><U34/><E34/><V17/><F17/><W51/><G116/><T10/><D98/><U132/><E132/><V106/><F106/><W3/><G97/><T58/><D107/><U135/><E135/><V55/><F55/><W86/><G103/><T57/><D53/><U27/><E27/><AGARI ba="3,4" hai="19,21,27,42,46,50,59,60,61,66,67,71,109,110" machi="27" ten="30,3900,0" yaku="1,1,7,1,52,1,53,0" doraHai="39" doraHaiUra="126" who="2" fromWho="1" sc="341,0,339,-48,76,88,204,0" /><INIT seed="6,0,0,3,0,79" ten="341,291,164,204" oya="2" hai0="108,83,70,96,99,72,31,48,71,36,63,42,101" hai1="106,37,80,105,60,21,43,46,129,89,128,19,100" hai2="82,81,133,59,68,125,44,120,111,110,32,124,121" hai3="117,116,123,102,8,3,95,131,35,15,67,40,126"/><V88/><F32/><W114/><G3/><T132/><D108/><N who="2" m="41514" /><F68/><W12/><G123/><N who="2" m="47177" /><F133/><W127/><G35/><T85/><D72/><U54/><E100/><V90/><F44/><W6/><G40/><T65/><D42/><U74/><E60/><V122/><N who="2" m="47185" /><V57/><DORA hai="113" /><F57/><W104/><G104/><T1/><D101/><U109/><E54/><V27/><F27/><W16/><G67/><T91/><D63/><U47/><E46/><V98/><F59/><W17/><G114/><T23/><D70/><U93/><E109/><V66/><F66/><W51/><G51/><T25/><D48/><U39/><E39/><V134/><F134/><W86/><G131/><N who="1" m="50250" /><E19/><N who="3" m="7242" /><G102/><T24/><D132/><U41/><E21/><V84/><F98/><W107/><G107/><T11/><D99/><N who="1" m="57775" /><E41/><V135/><F135/><W28/><G28/><T9/><D31/><U5/><E5/><V103/><F103/><W2/><G95/><T87/><D65/><U50/><E37/><V130/><F130/><W14/><G86/><AGARI ba="0,0" hai="81,82,84,86,88,90,124,125" m="47185,41514" machi="86" ten="50,18000,2" yaku="10,1,34,2,52,2,54,1" doraHai="79,113" who="2" fromWho="3" sc="341,0,291,0,164,180,204,-180" /><INIT seed="6,1,0,4,1,132" ten="341,291,344,24" oya="2" hai0="71,103,81,39,125,115,64,6,29,8,11,24,116" hai1="44,43,87,26,52,36,121,111,47,117,74,3,57" hai2="49,30,114,119,38,130,55,85,77,107,28,25,53" hai3="83,9,127,126,124,27,65,129,66,82,105,50,51"/><V22/><F38/><W45/><G105/><T7/><D39/><U102/><E111/><V32/><F107/><W112/><G27/><T14/><D115/><U59/><E74/><V67/><F67/><N who="3" m="25611" /><G9/><T88/><D116/><U58/><E117/><V4/><F119/><W68/><G68/><T131/><D103/><U56/><E3/><V101/><F101/><W96/><G96/><T104/><D131/><U120/><E102/><V17/><F114/><W84/><G112/><T90/><D104/><U122/><E87/><V100/><F100/><W13/><G13/><T113/><D113/><U0/><E26/><V106/><F106/><W135/><G84/><T62/><D81/><N who="3" m="30729" /><G45/><T86/><D86/><U2/><E2/><V70/><F70/><W15/><G15/><T20/><D90/><U133/><E0/><V76/><F85/><W23/><G23/><T46/><D88/><U10/><E10/><V16/><F130/><W118/><G129/><T5/><D46/><N who="1" m="23911" /><E133/><V73/><F73/><W98/><G118/><T72/><D72/><U108/><E108/><V21/><F32/><W109/><G135/><T63/><D8/><U54/><N who="1" m="14848" /><DORA hai="18" /><U80/><E80/><V123/><F123/><W33/><G109/><T91/><D91/><U75/><E75/><V1/><F1/><W93/><G33/><T95/><D11/><U94/><E44/><V34/><F34/><W60/><G60/><T41/><D14/><U97/><E47/><V19/><F4/><W42/><G42/><T40/><D7/><U92/><E97/><V99/><F99/><W48/><G98/><RYUUKYOKU ba="1,0" sc="341,-15,291,15,344,-15,24,15" hai1="52,54,92,94,120,121,122" hai3="48,50,51,93,124,126,127" /><INIT seed="7,2,0,3,4,109" ten="326,306,329,39" oya="3" hai0="23,110,41,7,49,104,92,20,132,3,94,26,57" hai1="106,76,44,95,10,108,68,11,81,24,134,87,97" hai2="126,43,59,91,30,118,66,103,88,45,6,79,19" hai3="36,102,122,35,50,51,56,14,67,54,82,77,64"/><W1/><G122/><T116/><D110/><U111/><E68/><V61/><F118/><W46/><G1/><T114/><D116/><U47/><E106/><V52/><F126/><W75/><G35/><T69/><D104/><U58/><E111/><V89/><F103/><W86/><G36/><T55/><D69/><U65/><E108/><V4/><F30/><W121/><G121/><T5/><D132/><U62/><E134/><V131/><F131/><W129/><G129/><T9/><D114/><U80/><E80/><V105/><F105/><W31/><G31/><T63/><D7/><N who="2" m="2602" /><F79/><W17/><G75/><T32/><D32/><U115/><E115/><V85/><F19/><W37/><G37/><T42/><D23/><U21/><E10/><V120/><F120/><W98/><G98/><T28/><REACH who="0" step="1"/><D63/><REACH who="0" ten="316,306,329,39" step="2"/><U127/><E127/><V73/><F73/><W119/><G119/><T2/><D2/><U128/><E128/><V135/><F135/><W39/><G39/><T15/><D15/><U112/><E112/><V123/><F123/><W83/><G83/><T8/><D8/><U38/><E11/><V117/><F117/><W130/><G130/><T0/><D0/><U100/><E38/><V84/><F43/><AGARI ba="2,1" hai="3,5,9,20,26,28,41,42,43,49,55,57,92,94" machi="43" ten="40,1300,0" yaku="1,1,53,0" doraHai="109" doraHaiUra="107" who="0" fromWho="2" sc="316,29,306,0,329,-19,39,0" owari="345,44.0,306,-9.0,310,11.0,39,-46.0" /></mjloggm>