<mjloggm ver="2.3"><GO type="97" lobby="0"/><UN n0="%E3%81%9F%E3%81%AA%E3%81%A8%E3%81%99%E3%81%9F%E3%82%83%E3%82%93" n1="%E5%B0%B1%E6%B4%BB%E7%94%9F%40%E5%B7%9D%E6%9D%91%E8%BB%8D%E5%9B%A3" n2="%E7%94%B0%E4%B8%AD%E7%94%B0%E4%B8%AD" n3="%55%52%41%53%48%49%4D%41" dan="13,16,14,13" rate="1870.02,2138.46,1932.87,1873.78" sx="F,M,M,F"/><TAIKYOKU oya="0"/><INIT seed="0,0,0,0,3,18" ten="250,250,250,250" oya="0" hai0="119,32,125,130,88,10,19,93,83,129,56,95,26" hai1="39,120,102,70,25,79,76,84,64,0,43,82,20" hai2="17,62,98,99,22,4,15,63,65,6,5,23,94" hai3="14,90,29,12,108,3,31,87,54,30,104,78,42"/><T121/><D119/><U105/><E120/><V135/><F135/><W67/><G3/><T51/><D121/><U128/><E0/><V13/><F99/><W68/><G108/><T28/><D125/><U109/><E109/><V124/><F124/><W59/><G68/><T46/><D56/><U127/><E127/><V8/><F65/><W116/><G116/><T91/><D83/><U126/><E126/><V131/><F131/><N who="0" m="50186" /><D10/><U118/><E118/><V80/><F80/><W58/><G42/><N who="0" m="25047" /><D19/><U73/><E128/><V114/><F114/><W74/><G104/><T50/><D50/><U48/><E39/><V134/><F134/><W103/><G103/><T52/><D52/><U44/><E73/><V1/><F1/><W61/><G74/><T71/><D71/><U89/><E64/><V36/><F36/><W47/><G47/><T115/><D115/><U40/><E70/><V86/><F86/><W16/><G78/><T81/><D81/><U57/><E43/><V38/><F38/><W7/><G7/><N who="2" m="2633" /><F23/><W97/><G97/><T55/><D55/><U33/><E33/><V122/><F122/><W66/><G67/><T75/><D75/><U72/><E72/><V117/><F117/><W77/><G66/><T85/><D95/><U123/><E123/><V41/><F41/><W27/><G77/><T53/><D53/><U111/><E111/><V96/><F96/><W69/><G69/><T113/><D113/><U133/><E133/><V101/><AGARI ba="0,0" hai="6,8,13,15,17,22,62,63,94,98,101" m="2633" machi="101" ten="30,2000,0" yaku="8,1,52,1" doraHai="18" who="2" fromWho="2" sc="250,-10,250,-5,250,20,250,-5" /><INIT seed="1,0,0,0,2,37" ten="240,245,270,245" oya="1" hai0="5,97,106,78,12,96,38,85,94,18,128,13,90" hai1="22,79,31,63,76,26,36,104,123,28,9,40,74" hai2="107,81,112,56,52,113,120,70,83,49,129,3,53" hai3="35,115,15,10,66,41,131,47,101,84,82,50,92"/><U0/><E123/><V72/><F3/><W75/><G115/><N who="2" m="44105" /><F70/><W108/><G75/><T46/><D128/><U6/><E104/><V110/><F120/><W30/><G108/><T132/><D132/><U48/><E36/><V67/><F110/><W25/><G131/><T23/><D106/><U32/><E74/><V88/><F107/><W87/><G66/><T98/><D78/><U55/><E31/><V54/><F129/><W11/><G84/><T102/><D102/><U116/><E116/><V2/><F2/><W124/><G124/><T29/><D29/><U21/><E21/><V130/><F130/><W80/><G11/><N who="0" m="4207" /><D38/><U109/><E109/><V34/><F34/><W103/><G92/><T43/><D46/><U77/><E32/><V135/><F135/><W127/><G127/><T117/><D117/><U60/><REACH who="1" step="1"/><E40/><AGARI ba="0,0" hai="13,18,23,40,43,85,90,94,96,97,98" m="4207" machi="40" ten="30,3900,0" yaku="8,1,52,2" doraHai="37" who="0" fromWho="1" sc="240,39,245,-39,270,0,245,0" /><INIT seed="2,0,0,1,4,130" ten="279,206,270,245" oya="2" hai0="29,67,51,128,30,54,34,127,111,33,101,60,15" hai1="0,63,92,39,20,22,69,14,77,42,109,106,86" hai2="10,35,48,9,68,131,5,76,21,96,71,103,78" hai3="8,28,79,107,50,55,26,81,3,94,18,47,85"/><V65/><F131/><W38/><G107/><T112/><D128/><U84/><E0/><V7/><F35/><W88/><G38/><T122/><D122/><U120/><E106/><V13/><F21/><W115/><G115/><T32/><D112/><U6/><E120/><V61/><F68/><W1/><G18/><T132/><D101/><U4/><E109/><V59/><F48/><W70/><G70/><T37/><D37/><U53/><E42/><V46/><F46/><W123/><G123/><T125/><D111/><U108/><E39/><V100/><F71/><W62/><G62/><T44/><D15/><U12/><E108/><V56/><F56/><W113/><G113/><T52/><D54/><U91/><E69/><V2/><F103/><W36/><G36/><T83/><D83/><U93/><E63/><V17/><F17/><W129/><G8/><T95/><D95/><AGARI ba="0,0" hai="2,5,7,9,10,13,59,61,65,76,78,95,96,100" machi="95" ten="30,1500,0" yaku="7,1" doraHai="130" who="2" fromWho="0" sc="279,-15,206,0,270,15,245,0" /><INIT seed="2,1,0,0,0,58" ten="264,206,285,245" oya="2" hai0="86,122,127,96,128,40,114,70,4,27,130,19,105" hai1="77,89,113,48,108,54,31,23,17,0,125,22,112" hai2="45,99,12,131,49,61,87,79,73,5,51,85,133" hai3="126,100,80,16,103,33,56,46,124,95,15,119,69"/><V21/><F131/><N who="0" m="50218" /><D70/><U29/><E0/><V64/><F133/><W106/><G119/><T90/><D114/><U68/><E68/><V134/><F134/><W65/><G69/><T78/><D122/><U30/><E125/><N who="3" m="48234" /><G106/><T92/><D127/><U63/><E108/><V14/><F99/><W83/><G33/><T28/><D40/><U36/><E36/><V42/><F73/><W97/><G100/><N who="0" m="62599" /><D4/><U26/><E77/><V47/><F79/><W107/><G107/><T81/><D19/><U8/><E8/><V74/><F74/><W1/><G46/><T37/><D37/><U115/><E89/><V111/><F111/><W88/><G103/><T60/><D28/><U67/><E23/><V101/><F101/><W135/><G135/><T62/><D27/><U121/><E121/><V59/><F21/><N who="3" m="11423" /><G1/><T32/><D32/><U76/><E76/><V116/><F116/><W72/><G72/><AGARI ba="1,0" hai="60,62,72,78,81,86,90,92" m="62599,50218" machi="72" ten="30,7700,0" yaku="24,1,19,1,52,2" doraHai="58" who="0" fromWho="3" sc="264,80,206,0,285,0,245,-80" /><INIT seed="3,0,0,2,2,19" ten="344,206,285,165" oya="3" hai0="5,21,126,107,69,8,48,80,128,4,57,108,89" hai1="54,82,105,20,30,106,66,26,16,75,32,104,135" hai2="42,114,59,1,124,112,7,40,58,46,38,97,39" hai3="101,18,78,27,117,73,28,84,127,12,68,24,64"/><W103/><G117/><T25/><D69/><U17/><E135/><V13/><F7/><W11/><G73/><T123/><D107/><U87/><E75/><V45/><F13/><W23/><G127/><T43/><D123/><U67/><E54/><V2/><REACH who="2" step="1"/><F97/><REACH who="2" ten="344,206,275,165" step="2"/><W60/><REACH who="3" step="1"/><G27/><REACH who="3" ten="344,206,275,155" step="2"/><T98/><D25/><U29/><E26/><V6/><F6/><W113/><G113/><T35/><D4/><U96/><E32/><V95/><F95/><W14/><G14/><T0/><D35/><U100/><E105/><V70/><F70/><W130/><G130/><T15/><D5/><U47/><E106/><V52/><F52/><W90/><G90/><T83/><D89/><U51/><E67/><V41/><F41/><W111/><G111/><T79/><D108/><U53/><E66/><V55/><F55/><W33/><G33/><T102/><D126/><AGARI ba="0,2" hai="1,2,38,39,40,42,45,46,58,59,112,114,124,126" machi="126" ten="25,3200,0" yaku="1,1,22,2,53,0" doraHai="19" doraHaiUra="131" who="2" fromWho="0" sc="344,-32,206,0,275,52,155,0" owari="312,11.0,206,-19.0,327,42.0,155,-34.0" /></mjloggm>