<mjloggm ver="2.3"><GO type="41" lobby="0"/><UN n0="%7A%75%62%6F%73%68%69" n1="%E3%81%AF%E3%82%93%E3%81%A1" n2="%E5%B0%B1%E6%B4%BB%E7%94%9F%40%E5%B7%9D%E6%9D%91%E8%BB%8D%E5%9B%A3" n3="%E9%B7%B9%E6%9C%88%E3%82%B1%E3%82%A4" dan="14,14,17,13" rate="1936.54,2021.03,2179.23,1915.90" sx="M,M,M,M"/><TAIKYOKU oya="0"/><INIT seed="0,0,0,5,4,53" ten="250,250,250,250" oya="0" hai0="28,29,96,16,0,11,6,117,112,9,32,79,97" hai1="83,103,119,84,1,62,127,110,77,13,20,89,52" hai2="124,50,45,27,101,7,115,61,48,113,18,74,87" hai3="131,42,99,118,106,60,57,126,123,86,8,108,21"/><T44/><D117/><U49/><E1/><V133/><F74/><W93/><G118/><T116/><D116/><U30/><E119/><V90/><F124/><W55/><G126/><T100/><D112/><U56/><E127/><V71/><F133/><W22/><G123/><T64/><D79/><U105/><E110/><V120/><F7/><W68/><G108/><T80/><D80/><U19/><E105/><V70/><F101/><W135/><G135/><T85/><D85/><N who="1" m="48367" /><E103/><V98/><F98/><W2/><G106/><T82/><D82/><N who="1" m="49303" /><E30/><V134/><F134/><W132/><G86/><T40/><D64/><U33/><E33/><V78/><F78/><W26/><G68/><T43/><D97/><U95/><E95/><V15/><F27/><W128/><G42/><T81/><D81/><U107/><E107/><V38/><F38/><W25/><G25/><T66/><D66/><U14/><E14/><V46/><F87/><W102/><G132/><T31/><D43/><U73/><E73/><V67/><F90/><W39/><G39/><T72/><D72/><U58/><E62/><V54/><F120/><W35/><G35/><T37/><D32/><U109/><E109/><V88/><F88/><W47/><G26/><T10/><REACH who="0" step="1"/><D16/><REACH who="0" ten="240,250,250,250" step="2"/><U24/><E24/><V92/><F92/><AGARI ba="0,1" hai="0,6,9,10,11,28,29,31,37,40,44,92,96,100" machi="92" ten="40,3900,0" yaku="1,1,2,1,53,0" doraHai="53" doraHaiUra="125" who="0" fromWho="2" sc="240,49,250,0,250,-39,250,0" /><INIT seed="0,1,0,0,1,58" ten="289,250,211,250" oya="0" hai0="85,40,115,12,75,84,111,79,28,20,123,88,14" hai1="43,65,103,24,47,94,112,59,78,1,26,32,117" hai2="53,126,107,10,70,98,134,93,23,74,105,46,15" hai3="125,13,118,64,86,55,80,108,91,110,129,133,121"/><T99/><D123/><U62/><E117/><V41/><F74/><W39/><G118/><T8/><D115/><U77/><E112/><V38/><F126/><W30/><G121/><T29/><D40/><U37/><E1/><V57/><F70/><W101/><G125/><T61/><D111/><U9/><E9/><V87/><F134/><W18/><G133/><T81/><D28/><U27/><REACH who="1" step="1"/><E32/><REACH who="1" ten="289,240,211,250" step="2"/><V21/><F105/><W109/><G109/><T73/><D8/><U36/><E36/><V100/><F107/><W106/><G39/><T22/><D22/><U97/><AGARI ba="1,1" hai="24,26,27,37,43,47,59,62,65,77,78,94,97,103" machi="97" ten="30,4000,0" yaku="1,1,0,1,52,1,53,0" doraHai="58" doraHaiUra="45" who="1" fromWho="1" sc="289,-21,240,53,211,-11,250,-11" /><INIT seed="1,0,0,3,5,75" ten="268,293,200,239" oya="1" hai0="117,69,40,85,13,76,89,133,103,100,5,112,4" hai1="66,60,28,46,50,53,42,51,41,106,18,62,25" hai2="129,107,26,134,123,126,15,48,81,124,45,21,29" hai3="109,14,64,110,115,78,128,74,17,130,82,39,135"/><U132/><E106/><V2/><F107/><W1/><G115/><T98/><D69/><U59/><E132/><V71/><F71/><W121/><G135/><T108/><D108/><N who="3" m="41577" /><G121/><T120/><D120/><U90/><E90/><V8/><F134/><W102/><G1/><T122/><D122/><U61/><E18/><V111/><F123/><W99/><G64/><T77/><D117/><U27/><E27/><V24/><F111/><W88/><G88/><T57/><D112/><U73/><E73/><V31/><F2/><W33/><G33/><T34/><D34/><U87/><E87/><V56/><F129/><W105/><G39/><T55/><D40/><N who="1" m="15467" /><E25/><V43/><F56/><W104/><G104/><T94/><D103/><U20/><E20/><AGARI ba="0,0" hai="14,17,20,74,78,82,99,102,105,128,130" m="41577" machi="20" ten="30,2000,0" yaku="14,1,52,1" doraHai="75" who="3" fromWho="1" sc="268,0,293,-20,200,0,239,20" /><INIT seed="2,0,0,5,3,24" ten="268,273,200,259" oya="2" hai0="80,96,47,100,111,101,134,0,1,129,2,6,83" hai1="130,118,90,62,14,89,115,38,94,86,64,18,78" hai2="112,7,74,77,53,70,12,88,15,116,29,76,55" hai3="3,34,127,4,121,67,110,93,10,133,63,128,104"/><V30/><F112/><W36/><G93/><T51/><D111/><U39/><E118/><V91/><F74/><W37/><G110/><T23/><D134/><U108/><E130/><V98/><F70/><W87/><G87/><T5/><D129/><U82/><E90/><N who="2" m="34347" /><F98/><W107/><G128/><T19/><D101/><U49/><E49/><V25/><F116/><W17/><G17/><T61/><D61/><U52/><E115/><V33/><F33/><W120/><G133/><T123/><D123/><N who="3" m="47177" /><G34/><T11/><D5/><U135/><E108/><V114/><F25/><W113/><G127/><T109/><D109/><U21/><E135/><V54/><F114/><W103/><G113/><T125/><D125/><U20/><E20/><V117/><F117/><W105/><G103/><T95/><D0/><U44/><E64/><V79/><F7/><W131/><G131/><T75/><D2/><U124/><E124/><V32/><F32/><W35/><G35/><T99/><D99/><U57/><REACH who="1" step="1"/><E44/><REACH who="1" ten="268,263,200,259" step="2"/><V72/><F72/><AGARI ba="0,1" hai="14,18,21,38,39,52,57,62,72,78,82,86,89,94" machi="72" ten="30,8000,1" yaku="1,1,2,1,7,1,54,1,53,1" doraHai="24" doraHaiUra="73" who="1" fromWho="2" sc="268,0,263,90,200,-80,259,0" /><INIT seed="3,0,0,1,2,0" ten="268,353,120,259" oya="3" hai0="119,47,16,28,89,48,61,127,91,97,42,22,81" hai1="63,12,109,93,111,87,88,67,20,11,84,29,62" hai2="70,85,65,96,35,33,102,90,110,32,4,9,113" hai3="59,36,8,41,69,73,135,7,27,21,52,80,56"/><W76/><G69/><T38/><D119/><U99/><E29/><V92/><F113/><W60/><G135/><T18/><D127/><U3/><E3/><V68/><F65/><W124/><G124/><T117/><D117/><U133/><E20/><V129/><F110/><N who="1" m="41993" /><E133/><V37/><F37/><W128/><G128/><T132/><D132/><U94/><E94/><V108/><F108/><W50/><G36/><T31/><D38/><U98/><E98/><V6/><F129/><W49/><G41/><T105/><D105/><U39/><E39/><V14/><REACH who="2" step="1"/><F6/><REACH who="2" ten="268,353,110,259" step="2"/><W131/><G131/><T64/><D64/><U46/><E67/><V95/><AGARI ba="0,1" hai="4,9,14,32,33,35,68,70,85,90,92,95,96,102" machi="95" ten="30,7900,0" yaku="1,1,2,1,0,1,52,1,53,0" doraHai="0" doraHaiUra="106" who="2" fromWho="2" sc="268,-20,353,-20,110,89,259,-39" /><INIT seed="4,0,0,0,4,32" ten="248,333,199,220" oya="0" hai0="55,79,124,72,19,123,46,31,77,130,116,96,11" hai1="67,48,37,29,13,127,94,41,102,112,83,122,108" hai2="81,106,2,100,45,20,25,5,39,104,33,43,121" hai3="16,8,0,86,50,111,129,91,10,40,24,42,3"/><T21/><D123/><U47/><E122/><V63/><F121/><W57/><G111/><T92/><D116/><U131/><E108/><V98/><F20/><W73/><G73/><T117/><D117/><U49/><E131/><V132/><F132/><W34/><G129/><T62/><D130/><U71/><E127/><V125/><F125/><W68/><G68/><T107/><D107/><U90/><E112/><V65/><F106/><W14/><G40/><T44/><D124/><U54/><E29/><N who="2" m="19631" /><F5/><W23/><G34/><T35/><D35/><U38/><E102/><V89/><F89/><W99/><G99/><T6/><D31/><U105/><E105/><V101/><F81/><W36/><G36/><T28/><D28/><U15/><E83/><V113/><F101/><W51/><G51/><T61/><D72/><U93/><E48/><V12/><F12/><W74/><G74/><T30/><D30/><U95/><E90/><V97/><F97/><W114/><G114/><T69/><D69/><U80/><E80/><V109/><F109/><W115/><G115/><T103/><D46/><U59/><REACH who="1" step="1"/><E37/><REACH who="1" ten="248,323,199,220" step="2"/><V87/><F113/><W75/><G75/><T27/><D77/><U52/><E52/><V66/><F87/><W78/><G78/><T88/><D79/><U110/><E110/><V76/><F76/><W128/><G128/><T26/><D103/><U133/><E133/><V134/><F134/><W82/><G42/><T18/><D55/><U135/><E135/><V70/><F66/><W1/><G14/><N who="0" m="5495" /><D44/><U85/><E85/><V53/><F53/><N who="3" m="31927" /><G82/><T118/><D118/><RYUUKYOKU ba="0,1" sc="248,0,323,0,199,0,220,0" hai0="18,19,21,26,27,61,62,88,92,96" hai1="13,15,38,41,47,49,54,59,67,71,93,94,95" hai2="2,39,43,45,63,65,70,98,100,104" hai3="0,1,3,8,10,16,23,24,86,91" /><INIT seed="4,1,1,3,3,26" ten="248,323,199,220" oya="0" hai0="102,105,125,20,2,119,1,87,83,92,82,54,29" hai1="106,110,39,24,63,41,19,16,43,129,81,55,14" hai2="100,78,79,117,61,53,109,130,5,44,28,64,7" hai3="134,11,94,4,45,31,97,17,107,60,89,76,65"/><T116/><D125/><U37/><E110/><V118/><F109/><W74/><G31/><T86/><D105/><U124/><E106/><V46/><F100/><W25/><G107/><T35/><D35/><U70/><E124/><V69/><F130/><W127/><G127/><T80/><D54/><U132/><E129/><V3/><F28/><W42/><G134/><T72/><D72/><U93/><E132/><V126/><F126/><W23/><G76/><N who="2" m="29225" /><F3/><W120/><G74/><T49/><D49/><U95/><E81/><V12/><F12/><W59/><G120/><T75/><D75/><U58/><E70/><V68/><F53/><W88/><G89/><T33/><D33/><U40/><E39/><V121/><F121/><W99/><G99/><T34/><D34/><U0/><E0/><V73/><F73/><W27/><G27/><T128/><D128/><U104/><E37/><V57/><F57/><W32/><G32/><T36/><D36/><U114/><E114/><V98/><F98/><W111/><G111/><T91/><D102/><U38/><E38/><V50/><F50/><W9/><REACH who="3" step="1"/><G4/><REACH who="3" ten="248,323,199,210" step="2"/><T51/><D91/><U115/><E104/><V135/><F135/><W67/><G67/><T90/><D90/><U10/><E115/><V15/><F7/><W77/><G77/><T18/><D29/><U48/><E48/><AGARI ba="1,2" hai="9,11,17,23,25,42,45,48,59,60,65,88,94,97" machi="48" ten="30,7700,0" yaku="1,1,7,1,8,1,54,1,53,0" doraHai="26" doraHaiUra="71" who="3" fromWho="1" sc="248,0,323,-80,199,0,210,100" /><INIT seed="5,0,0,3,5,36" ten="248,243,199,310" oya="1" hai0="46,72,19,96,121,58,117,120,13,125,29,131,74" hai1="122,108,114,1,5,25,69,99,62,85,111,28,17" hai2="132,11,67,87,93,82,26,100,16,40,81,56,127" hai3="44,21,54,37,78,95,41,52,12,94,18,53,34"/><U23/><E99/><V0/><F132/><W33/><REACH who="3" step="1"/><G78/><REACH who="3" ten="248,243,199,300" step="2"/><T49/><D120/><U84/><E122/><V9/><F127/><W71/><G71/><T48/><D125/><U3/><E114/><V77/><F82/><W50/><G50/><T133/><D49/><U57/><E69/><V42/><F0/><W2/><G2/><T106/><D48/><U109/><E3/><V66/><F11/><W83/><G83/><T98/><D121/><U118/><E118/><V89/><F100/><W38/><G38/><T128/><D117/><U90/><E90/><V27/><F27/><W105/><G105/><T112/><D106/><U110/><E110/><V86/><F67/><W123/><G123/><T70/><D112/><U65/><E28/><V119/><F119/><W61/><G61/><T59/><D70/><U8/><AGARI ba="0,1" hai="1,5,8,17,23,25,57,62,65,84,85,108,109,111" machi="8" ten="40,3900,0" yaku="0,1,10,1" doraHai="36" who="1" fromWho="1" sc="248,-13,243,49,199,-13,300,-13" /><INIT seed="5,1,0,5,5,58" ten="235,292,186,287" oya="1" hai0="106,29,102,89,16,2,78,101,5,34,27,90,81" hai1="17,33,85,67,25,74,124,104,94,86,44,60,128" hai2="53,133,103,96,134,39,99,135,21,77,52,111,55" hai3="119,92,41,45,19,73,10,121,43,18,97,26,72"/><U46/><E104/><V12/><F111/><W49/><G121/><T125/><D125/><U126/><E74/><V28/><F39/><W115/><G119/><T62/><D2/><U65/><E128/><V130/><F130/><W61/><G115/><T118/><D5/><U56/><E67/><V40/><F40/><W112/><G112/><T3/><D3/><U0/><E0/><V123/><F123/><W8/><G43/><T11/><D118/><U23/><E33/><V107/><F77/><W66/><G72/><T13/><D106/><U108/><E108/><V79/><F79/><W32/><G73/><T87/><D102/><U4/><E4/><V20/><F99/><W22/><G32/><T64/><REACH who="0" step="1"/><D101/><REACH who="0" ten="225,292,186,287" step="2"/><U84/><E126/><V37/><F37/><W105/><G105/><T71/><AGARI ba="1,1" hai="11,13,16,27,29,34,62,64,71,78,81,87,89,90" machi="71" ten="20,12000,2" yaku="1,1,2,1,0,1,7,1,52,1,54,1,53,1" doraHai="58" doraHaiUra="75" who="0" fromWho="0" sc="225,133,292,-61,186,-31,287,-31" /><INIT seed="6,0,0,1,1,6" ten="358,231,155,256" oya="2" hai0="76,61,75,16,94,110,114,95,47,42,131,68,24" hai1="21,74,71,33,130,46,44,119,54,72,115,127,11" hai2="45,133,91,116,104,23,58,32,41,129,5,132,37" hai3="82,35,109,122,73,123,118,88,13,70,128,31,96"/><V67/><F32/><W1/><G118/><T101/><D110/><U111/><E33/><V99/><F116/><W9/><G109/><T108/><D114/><U85/><E119/><V80/><F129/><W0/><G70/><T43/><D108/><U121/><E111/><V87/><F23/><W64/><G64/><T79/><D131/><U30/><E71/><V120/><F120/><W28/><G128/><T10/><D68/><U117/><E130/><V26/><F26/><W22/><G96/><N who="0" m="59543" /><D75/><U93/><E117/><V36/><F36/><W39/><G88/><T103/><D24/><U124/><E121/><N who="3" m="46090" /><G82/><T78/><D61/><U34/><E34/><V60/><REACH who="2" step="1"/><F5/><REACH who="2" ten="358,231,145,256" step="2"/><N who="3" m="3247" /><G73/><T100/><D47/><U29/><E74/><V56/><F56/><W81/><G39/><T17/><D100/><AGARI ba="0,1" hai="37,41,45,58,60,67,80,87,91,99,100,104,132,133" machi="100" ten="40,2000,0" yaku="1,1,53,0" doraHai="6" doraHaiUra="107" who="2" fromWho="0" sc="358,-20,231,0,145,30,256,0" /><INIT seed="6,1,0,5,1,68" ten="338,231,175,256" oya="2" hai0="106,3,46,96,48,55,108,23,103,133,132,10,107" hai1="87,64,17,134,110,85,105,126,30,104,51,50,90" hai2="112,72,19,111,79,121,25,97,45,98,74,125,113" hai3="130,43,60,47,114,116,109,28,95,77,65,128,15"/><V67/><F121/><W124/><G77/><T118/><D108/><U57/><E110/><V88/><F111/><W36/><G109/><T127/><D107/><U117/><E117/><V131/><F67/><W76/><G76/><T5/><D118/><U82/><E134/><N who="0" m="51817" /><D23/><U91/><E126/><AGARI ba="1,0" hai="3,5,10,46,48,55,96,103,106,126,127" m="51817" machi="126" ten="30,1000,0" yaku="20,1" doraHai="68" who="0" fromWho="1" sc="338,13,231,-13,175,0,256,0" /><INIT seed="7,0,0,2,5,101" ten="351,218,175,256" oya="3" hai0="13,90,86,35,110,56,135,50,92,93,88,94,4" hai1="82,16,28,113,1,96,107,34,108,134,114,59,14" hai2="58,103,68,124,123,22,95,98,76,23,46,33,43" hai3="47,2,20,85,120,131,53,45,121,126,31,52,63"/><W117/><G2/><T77/><D110/><U7/><E108/><V79/><F68/><W10/><G10/><N who="0" m="4295" /><D135/><U129/><E134/><V37/><F33/><W125/><G20/><T8/><D35/><U104/><E129/><V18/><F123/><N who="3" m="47179" /><G31/><T41/><D8/><N who="1" m="2159" /><E96/><V32/><F32/><W60/><G131/><T24/><D24/><N who="1" m="18695" /><E59/><V38/><F124/><N who="3" m="47723" /><G117/><T109/><D109/><U75/><E82/><V87/><F38/><W97/><G97/><T49/><D49/><U54/><E54/><N who="3" m="21098" /><G85/><T83/><D41/><U133/><E75/><V12/><F87/><W84/><G84/><T69/><D69/><U81/><E81/><V26/><REACH who="2" step="1"/><F58/><REACH who="2" ten="351,218,165,256" step="2"/><W57/><G57/><T116/><D116/><U3/><E133/><V89/><F89/><W42/><G42/><T48/><D56/><U91/><E91/><V44/><F44/><AGARI ba="0,1" hai="44,45,47,60,63" m="21098,47723,47179" machi="44" ten="40,18000,2" yaku="28,2,18,1,34,2,54,1" doraHai="101" who="3" fromWho="2" sc="351,0,218,0,165,-180,256,190" owari="351,15.0,218,-18.0,-15,-52.0,446,55.0" /></mjloggm>