<mjloggm ver="2.3"><GO type="41" lobby="0"/><UN n0="%6D%79%5F" n1="%6D%6F%75%73%65" n2="%E5%B0%B1%E6%B4%BB%E7%94%9F%40%E5%B7%9D%E6%9D%91%E8%BB%8D%E5%9B%A3" n3="%E3%81%BE%E3%81%AA%E3%81%84%E3%81%9F%E3%82%88%E3%81%86%E3%81%98%E3%82%87" dan="15,13,16,15" rate="1962.70,1863.96,2149.33,2042.96" sx="F,M,M,M"/><TAIKYOKU oya="0"/><INIT seed="0,0,0,3,4,85" ten="250,250,250,250" oya="0" hai0="110,17,0,57,126,114,34,40,31,44,105,132,61" hai1="16,88,8,6,41,77,64,100,28,39,96,97,5" hai2="46,70,99,80,113,23,43,91,103,50,121,12,89" hai3="84,29,55,20,58,111,72,62,129,95,81,120,82"/><T125/><D114/><U135/><E28/><V75/><F70/><W112/><G112/><T14/><D0/><U52/><E77/><V30/><F113/><W38/><G111/><T67/><D105/><U127/><E127/><N who="0" m="48649" /><D110/><U2/><E5/><V74/><F121/><W35/><G120/><T66/><D132/><U133/><E64/><V122/><F122/><W60/><G129/><T83/><D83/><U128/><E128/><V123/><F123/><W1/><G1/><T59/><D34/><U86/><E41/><V106/><F12/><W32/><G38/><N who="0" m="21527" /><D31/><U51/><E39/><V13/><F13/><W79/><G95/><T109/><D109/><U3/><E3/><V25/><REACH who="2" step="1"/><F80/><REACH who="2" ten="250,250,240,250" step="2"/><W63/><G82/><T18/><D14/><U22/><E133/><V130/><F130/><W124/><G124/><T19/><D67/><U108/><E108/><V87/><F87/><W69/><G69/><AGARI ba="0,1" hai="17,18,19,57,59,61,66,69" m="21527,48649" machi="69" ten="30,1500,0" yaku="18,1" doraHai="85" who="0" fromWho="3" sc="250,25,250,0,240,0,250,-15" /><INIT seed="0,1,0,2,0,37" ten="275,250,240,235" oya="0" hai0="28,122,33,47,101,103,90,126,116,118,104,44,71" hai1="86,48,114,8,117,105,19,36,85,133,34,81,49" hai2="107,35,25,109,0,63,12,95,128,76,98,5,1" hai3="83,24,74,68,110,15,60,31,119,93,70,82,56"/><T20/><D71/><U73/><E34/><V131/><F107/><W87/><G119/><T61/><D33/><U57/><E105/><V92/><F76/><W94/><G110/><T130/><D122/><U43/><E117/><V45/><F109/><W26/><G74/><T39/><D61/><U23/><E114/><V3/><F63/><W134/><G134/><T6/><D6/><U79/><E133/><V4/><F45/><W91/><G15/><T89/><D28/><U112/><E8/><V80/><F80/><W30/><G60/><T72/><D20/><U75/><E112/><V52/><F52/><W69/><G56/><T135/><D135/><U77/><E57/><V84/><F84/><W54/><G54/><T115/><D115/><U132/><E132/><V13/><F98/><W7/><G7/><N who="2" m="2633" /><F92/><W78/><G78/><T32/><D32/><U106/><E106/><V27/><F95/><W29/><REACH who="3" step="1"/><G93/><REACH who="3" ten="275,250,240,225" step="2"/><T59/><D59/><U11/><E77/><V51/><F13/><W65/><G65/><T64/><D64/><U18/><E75/><V55/><F12/><W62/><G62/><T40/><D72/><U99/><E73/><V9/><F9/><W124/><G124/><T96/><D126/><U46/><E79/><V14/><F14/><W102/><G102/><N who="0" m="62535" /><D130/><N who="2" m="49706" /><F1/><W120/><G120/><T16/><D116/><U42/><E11/><V125/><F125/><W67/><G67/><T113/><D113/><U129/><E129/><V50/><F3/><W17/><G17/><T111/><D118/><U38/><E18/><V21/><F0/><W58/><G58/><RYUUKYOKU ba="1,1" sc="275,-10,250,-10,240,-10,225,30" hai3="24,26,29,30,31,68,69,70,82,83,87,91,94" /><INIT seed="1,2,1,3,1,51" ten="265,240,230,255" oya="1" hai0="29,20,88,69,42,127,105,4,11,131,99,71,22" hai1="82,17,133,61,24,26,111,70,16,74,92,3,10" hai2="119,78,9,34,135,18,112,64,23,25,35,37,57" hai3="122,55,53,110,84,49,98,2,43,46,114,81,28"/><U66/><E133/><V67/><F119/><W14/><G114/><T120/><D105/><U91/><E111/><V58/><F37/><W47/><G122/><T27/><D120/><U101/><E101/><V30/><F112/><W80/><G2/><T103/><D103/><U6/><E82/><V72/><F135/><W19/><G110/><T44/><D131/><U32/><E74/><V7/><F72/><W38/><G28/><T50/><D22/><U95/><E95/><V96/><F78/><W129/><G129/><T123/><D123/><U21/><E32/><V115/><F115/><W100/><G84/><T48/><D48/><U121/><E121/><V56/><F96/><W60/><G60/><T8/><D127/><U128/><E128/><V63/><F64/><W33/><G33/><T62/><D62/><U108/><E108/><V134/><F134/><W89/><G89/><T117/><D117/><U75/><E75/><V125/><F125/><W52/><G46/><T45/><D45/><U79/><E79/><V113/><F113/><W31/><G31/><T86/><D99/><U93/><E91/><V76/><F76/><W124/><G38/><T132/><D132/><U41/><E41/><V13/><REACH who="2" step="1"/><F35/><REACH who="2" ten="265,240,220,255" step="2"/><W54/><N who="3" m="13312" /><DORA hai="0" /><W36/><G36/><T5/><D71/><U12/><REACH who="1" step="1"/><E3/><AGARI ba="2,2" hai="3,7,9,13,18,23,25,30,34,56,57,58,63,67" machi="3" ten="30,12000,2" yaku="1,1,7,1,24,2,52,1,53,1" doraHai="51,0" doraHaiUra="126,59" who="2" fromWho="1" sc="265,0,240,-126,220,146,255,0" /><INIT seed="2,0,0,0,5,6" ten="265,114,366,255" oya="2" hai0="8,58,18,43,133,114,80,5,23,112,14,7,89" hai1="28,25,49,128,53,42,32,131,79,132,121,19,68" hai2="3,65,17,108,78,45,118,115,77,38,106,85,67" hai3="84,83,34,98,92,64,39,127,40,96,29,97,13"/><V87/><F106/><W12/><G127/><T31/><D43/><U101/><E68/><V55/><F3/><W81/><G64/><T52/><D133/><U70/><E70/><V135/><F118/><W50/><G39/><T44/><D44/><U75/><E42/><V99/><F115/><W123/><G123/><T117/><D117/><U82/><E121/><V126/><F135/><W2/><G2/><T48/><D31/><U111/><E132/><V27/><F126/><W91/><G29/><T16/><D112/><U110/><E101/><V57/><F45/><N who="3" m="25895" /><G34/><T62/><D62/><U69/><E19/><V21/><F38/><W109/><G109/><T88/><D114/><U33/><E69/><V47/><F47/><W0/><G0/><T35/><D35/><U10/><E10/><V116/><F116/><W61/><G61/><T93/><D80/><AGARI ba="0,0" hai="12,13,80,81,83,84,91,92,96,97,98" m="25895" machi="80" ten="30,1000,0" yaku="8,1" doraHai="6" who="3" fromWho="0" sc="265,-10,114,0,366,0,255,10" /><INIT seed="3,0,0,0,4,57" ten="255,114,366,265" oya="3" hai0="39,64,78,102,34,80,76,47,114,105,115,126,27" hai1="56,131,134,75,94,16,54,113,66,132,0,36,23" hai2="58,38,71,24,135,95,14,69,90,74,127,120,13" hai3="116,59,112,20,41,107,128,82,68,96,29,42,30"/><W122/><G122/><T87/><D126/><U35/><E0/><V51/><F74/><W65/><G116/><T37/><D64/><U121/><E36/><V109/><F38/><N who="0" m="14346" /><D47/><U89/><E75/><V31/><F109/><W49/><G112/><N who="0" m="43051" /><D105/><U97/><E121/><V73/><F73/><W60/><G128/><T1/><D102/><U6/><E6/><V81/><F81/><W63/><G82/><T111/><D1/><U11/><E11/><V28/><F120/><W119/><G119/><T18/><D111/><U43/><E43/><V72/><F72/><W5/><G5/><T25/><D34/><U22/><E35/><V100/><F100/><W44/><G42/><T33/><D33/><U79/><E79/><V84/><F127/><W117/><G117/><T124/><D124/><U17/><E131/><V26/><F135/><N who="1" m="51753" /><E66/><V46/><F71/><W10/><G10/><T83/><D18/><N who="1" m="7275" /><E113/><V108/><F69/><W19/><G107/><T32/><D32/><U98/><E98/><V2/><F2/><W12/><REACH who="3" step="1"/><G96/><REACH who="3" ten="255,114,366,255" step="2"/><T88/><D78/><U4/><E4/><V45/><F108/><W52/><AGARI ba="0,1" hai="12,19,20,29,30,41,44,49,52,59,60,63,65,68" machi="52" ten="20,24000,3" yaku="1,1,2,1,0,1,7,1,52,2,54,1,53,1" doraHai="57" doraHaiUra="50" who="3" fromWho="3" sc="255,-80,114,-80,366,-80,255,250" /><INIT seed="3,1,0,4,5,93" ten="175,34,286,505" oya="3" hai0="131,100,117,29,32,99,34,57,127,1,90,55,47" hai1="67,68,85,129,60,72,49,97,19,12,87,82,135" hai2="30,44,16,121,83,80,56,95,125,50,98,107,8" hai3="11,79,43,112,96,48,132,0,39,38,123,65,51"/><W73/><G123/><T28/><D1/><U40/><E72/><V94/><F107/><W7/><G112/><T92/><D117/><U54/><E129/><V78/><F125/><W64/><G132/><T46/><D127/><U109/><E135/><V111/><F111/><W10/><G51/><T77/><D77/><U59/><E109/><V108/><F108/><W42/><G48/><T2/><D2/><U122/><E122/><V23/><F56/><W101/><G11/><T88/><D34/><U76/><E40/><V27/><F121/><W120/><G42/><T126/><D126/><U69/><E85/><N who="2" m="48279" /><F83/><N who="3" m="45551" /><G39/><T61/><D131/><U74/><E74/><V53/><F94/><N who="3" m="58519" /><G120/><T58/><D58/><U105/><E105/><V5/><F5/><W33/><G33/><T17/><D32/><U110/><E110/><V89/><F8/><W86/><G86/><T134/><D134/><U24/><E24/><V25/><F25/><W114/><G114/><T124/><D124/><U130/><E130/><V103/><F30/><N who="0" m="11882" /><D17/><U41/><E41/><V36/><F36/><W84/><G84/><T22/><D22/><U21/><REACH who="1" step="1"/><E69/><REACH who="1" ten="175,24,286,505" step="2"/><V119/><F27/><W3/><G43/><T118/><D118/><U71/><E71/><V115/><F115/><W75/><G75/><T6/><D6/><U63/><E63/><V9/><F50/><W45/><G7/><T20/><D61/><U62/><E62/><V106/><F106/><W37/><G37/><T13/><D47/><U70/><E70/><V102/><F44/><W31/><G45/><T35/><D46/><U4/><E4/><RYUUKYOKU ba="1,1" sc="175,-10,24,30,286,-10,505,-10" hai1="12,19,21,49,54,59,60,67,68,76,82,87,97" /><INIT seed="4,2,1,1,2,57" ten="165,54,276,495" oya="0" hai0="114,40,19,88,27,38,71,74,123,106,15,14,127" hai1="107,121,37,18,90,102,35,100,25,126,75,117,10" hai2="51,21,5,26,3,92,32,119,24,28,34,84,135" hai3="124,67,64,66,50,101,33,46,29,7,2,52,6"/><T72/><D106/><U86/><E37/><V30/><F51/><W20/><G33/><N who="2" m="12905" /><F92/><W83/><G124/><T55/><D123/><U131/><E121/><V8/><F84/><W77/><G101/><T68/><D38/><U42/><E75/><V11/><F135/><W70/><G70/><T22/><D40/><U49/><E107/><V125/><F125/><W115/><G115/><T111/><D127/><U45/><E126/><V116/><F8/><W39/><G39/><T98/><D114/><U58/><E117/><N who="2" m="45131" /><F26/><N who="3" m="16583" /><G2/><T89/><D74/><U80/><E131/><V43/><F43/><W112/><G112/><T47/><D72/><U63/><E35/><V17/><AGARI ba="2,1" hai="3,5,11,17,21,24,28,30" m="45131,12905" machi="17" ten="30,4000,0" yaku="12,1,34,2" doraHai="57" who="2" fromWho="2" sc="165,-22,54,-12,276,56,495,-12" /><INIT seed="5,0,0,3,3,58" ten="143,42,332,483" oya="1" hai0="15,104,91,75,61,68,6,110,20,38,116,28,78" hai1="98,3,129,44,67,43,2,128,64,133,21,132,14" hai2="80,125,31,42,45,53,70,121,92,34,57,59,26" hai3="16,7,0,115,71,51,87,62,36,124,123,90,107"/><U102/><E21/><V120/><F70/><W94/><G123/><T100/><D38/><U9/><E3/><V79/><F125/><W81/><G107/><T96/><D91/><U106/><E2/><V55/><F92/><W13/><G36/><T113/><D116/><U10/><E43/><V37/><F59/><W66/><G124/><T130/><D110/><U5/><E44/><V109/><F55/><W84/><G115/><T33/><D33/><U101/><E10/><V93/><F93/><W22/><G7/><T24/><D75/><U73/><E73/><V19/><F19/><W56/><G0/><T74/><D74/><U30/><E30/><V119/><F109/><W17/><G17/><T50/><D78/><U65/><REACH who="1" step="1"/><E102/><REACH who="1" ten="143,32,332,483" step="2"/><V118/><F118/><W18/><G22/><T52/><D28/><U35/><E35/><V85/><F119/><W40/><G40/><T114/><D20/><U60/><E60/><AGARI ba="0,1" hai="26,31,34,37,42,45,53,57,60,79,80,85,120,121" machi="60" ten="30,2000,0" yaku="7,1,52,1" doraHai="58" who="2" fromWho="1" sc="143,0,32,-20,332,30,483,0" /><INIT seed="6,0,0,5,2,66" ten="143,12,362,483" oya="2" hai0="123,80,112,50,105,35,31,82,98,7,44,33,26" hai1="101,83,46,104,77,49,54,111,38,110,9,107,81" hai2="53,29,95,57,106,135,114,102,85,118,94,39,96" hai3="113,99,89,64,74,76,131,36,3,67,68,25,109"/><V48/><F118/><W28/><G109/><T18/><D7/><U20/><E38/><V41/><F114/><W30/><G36/><T91/><D123/><U92/><E9/><V61/><F135/><W45/><G3/><T15/><D112/><U134/><E134/><V126/><F126/><W12/><G113/><T62/><D105/><U16/><E111/><V63/><F29/><W51/><G131/><T4/><D4/><U0/><E0/><V88/><F39/><W32/><G28/><T14/><D14/><U87/><E110/><V100/><F41/><W75/><G76/><T133/><D98/><U60/><E101/><V34/><F34/><W6/><G6/><T27/><D62/><U10/><E10/><V8/><F100/><W58/><G58/><T84/><D133/><U22/><E22/><V23/><F23/><W47/><G12/><T69/><D69/><U121/><E121/><V37/><F37/><W124/><G47/><T129/><D129/><U103/><E83/><V40/><F40/><W97/><G68/><T90/><D35/><U19/><E19/><V52/><F8/><W132/><G124/><T125/><D125/><U43/><E43/><V122/><F122/><W128/><G132/><T93/><D27/><U71/><E103/><V73/><F73/><W120/><G120/><T79/><D79/><U127/><E127/><V65/><F61/><W119/><G128/><T21/><D91/><U56/><E60/><V17/><F17/><W5/><G75/><T130/><D130/><U70/><E16/><V55/><F106/><W115/><G74/><RYUUKYOKU ba="0,0" sc="143,15,12,-15,362,15,483,-15" hai0="15,18,21,26,31,33,44,50,80,82,84,90,93" hai2="48,52,53,55,57,63,65,85,88,94,95,96,102" owari="158,-24.0,-3,-50.0,377,18.0,468,56.0" /></mjloggm>