<mjloggm ver="2.3"><GO type="225" lobby="0"/><UN n0="%E3%81%BF%E3%81%99%E3%81%A1%E3%82%87" n1="%E6%9D%BE%E5%AE%9F%E7%8E%84%E3%81%98%E3%82%83%E3%81%AA%E3%81%84" n2="%E3%82%A6%E3%83%AB%E3%83%88%E3%83%A9%E7%AB%8B%E7%9B%B4" n3="%E9%B3%B3%E6%9D%B1%E3%81%AE%E5%A5%B3%E7%A5%9E" dan="16,17,17,17" rate="2060.44,2186.01,2148.63,2144.66" sx="M,F,M,F"/><TAIKYOKU oya="0"/><INIT seed="0,0,0,0,1,120" ten="250,250,250,250" oya="0" hai0="85,109,71,68,124,27,32,3,60,83,80,123,7" hai1="69,64,54,34,98,10,17,91,23,49,110,14,4" hai2="20,57,13,104,63,122,101,126,89,135,19,130,107" hai3="61,77,28,93,5,79,131,35,15,84,8,36,67"/><T99/><D123/><U31/><E69/><V47/><F122/><W111/><G36/><T6/><D124/><U114/><E64/><V133/><F101/><W46/><G131/><T119/><D119/><U75/><E75/><V87/><F47/><W44/><G111/><T128/><D128/><U82/><E110/><V16/><F19/><W81/><G77/><T29/><D109/><U51/><E114/><V102/><F102/><W88/><G28/><T127/><D127/><U95/><E82/><N who="2" m="49399" /><F130/><W116/><G35/><T92/><D3/><N who="1" m="287" /><E54/><N who="2" m="34231" /><F126/><W118/><G118/><T117/><D117/><U33/><E33/><V125/><F125/><W132/><G132/><AGARI ba="0,0" hai="13,16,20,104,107,132,133,135" m="34231,49399" machi="132" ten="30,2000,0" yaku="20,1,54,1" doraHai="120" who="2" fromWho="3" sc="250,0,250,0,250,20,250,-20" /><INIT seed="1,0,0,4,4,27" ten="250,250,270,230" oya="1" hai0="7,68,13,134,124,69,93,110,112,55,56,31,30" hai1="3,32,65,127,114,129,118,38,52,48,15,26,102" hai2="119,131,1,39,81,123,44,34,128,37,47,42,11" hai3="67,33,132,70,80,54,18,122,17,19,51,49,116"/><U97/><E114/><V75/><F34/><W45/><G122/><T101/><D112/><U5/><E118/><V92/><F92/><W108/><G108/><T72/><D72/><U87/><E38/><V98/><F98/><W91/><G132/><T21/><D110/><U99/><E3/><V53/><F123/><W64/><G116/><T16/><D134/><U24/><E65/><V85/><F119/><W133/><G133/><T63/><D124/><U76/><E129/><V36/><F53/><W103/><G33/><T95/><D68/><U62/><E62/><V58/><F58/><W2/><G2/><T90/><D69/><U94/><E99/><V84/><F84/><N who="3" m="50567" /><G103/><T79/><D79/><U22/><E32/><V120/><F120/><W86/><G70/><T106/><D106/><U71/><E71/><V28/><F75/><W115/><G115/><T89/><D101/><U100/><E127/><V8/><F37/><W25/><G86/><N who="0" m="52407" /><D7/><U111/><E111/><V125/><F1/><W135/><G135/><T4/><D4/><U105/><E105/><V73/><F73/><W9/><G25/><T113/><D113/><U0/><E0/><V121/><F125/><W109/><G109/><T77/><D77/><U61/><E102/><V88/><F121/><W59/><G9/><N who="2" m="3657" /><F131/><W117/><G117/><T82/><D82/><U66/><E100/><V43/><F128/><W20/><G20/><T74/><D74/><U46/><E22/><V96/><F96/><AGARI ba="0,0" hai="13,16,21,30,31,55,56,63,90,95,96" m="52407" machi="96" ten="30,7700,0" yaku="8,1,52,2,54,1" doraHai="27" who="0" fromWho="2" sc="250,77,250,0,270,-77,230,0" /><INIT seed="2,0,0,4,5,115" ten="327,250,193,230" oya="2" hai0="124,69,41,23,37,42,5,108,25,66,2,112,33" hai1="57,130,113,19,109,134,52,84,131,50,26,121,45" hai2="29,61,27,103,135,74,14,96,126,12,107,128,15" hai3="8,31,67,129,55,99,58,21,86,79,82,133,30"/><V51/><F126/><W88/><G129/><N who="1" m="49162" /><E113/><V24/><F128/><W70/><G133/><T116/><D33/><U20/><E134/><V28/><F135/><W100/><G70/><T13/><D108/><U101/><E109/><V36/><F36/><W120/><G67/><T92/><D2/><U44/><E121/><V54/><F74/><W87/><G120/><T71/><D112/><U16/><E101/><V83/><F83/><N who="3" m="49279" /><G8/><T22/><D42/><U47/><E84/><V98/><F61/><N who="3" m="36063" /><G21/><T85/><D23/><U34/><E34/><V40/><F40/><W119/><G119/><T39/><D22/><U91/><E91/><V118/><F118/><W3/><G3/><T110/><D116/><U62/><E19/><V94/><F98/><W97/><G100/><T78/><D66/><AGARI ba="0,0" hai="16,20,26,44,45,47,50,52,57,62,66" m="49162" machi="66" ten="30,3900,0" yaku="19,1,54,2" doraHai="115" who="1" fromWho="0" sc="327,-39,250,39,193,0,230,0" /><INIT seed="3,0,0,4,1,9" ten="288,289,193,230" oya="3" hai0="110,28,104,77,61,24,50,11,47,74,120,53,45" hai1="65,133,35,15,89,66,17,132,55,109,73,34,49" hai2="131,123,116,33,2,25,84,91,113,111,39,115,117" hai3="98,29,6,23,100,38,12,126,96,97,0,90,64"/><W112/><G112/><N who="2" m="43081" /><F39/><W26/><G38/><T95/><D104/><U10/><E73/><V68/><F68/><W129/><G129/><T48/><D120/><U52/><E109/><V105/><F2/><W78/><G126/><T103/><D110/><U107/><E107/><V20/><F111/><W8/><G78/><T102/><D61/><U42/><E42/><V46/><F46/><W31/><G64/><N who="1" m="24682" /><E89/><V4/><F105/><W5/><G100/><T121/><D121/><U67/><E67/><V81/><F33/><N who="1" m="12297" /><E49/><V86/><F4/><N who="3" m="3079" /><G0/><T127/><D127/><U16/><E17/><V14/><F123/><W92/><G31/><T18/><D77/><U62/><E62/><V82/><F25/><W76/><G76/><T130/><D74/><U93/><E93/><N who="2" m="54503" /><F20/><W118/><G118/><N who="2" m="45673" /><F14/><W79/><G5/><T85/><D11/><U83/><E83/><N who="2" m="31755" /><F86/><W36/><G6/><T51/><D18/><U57/><E57/><V119/><N who="2" m="45681" /><V58/><DORA hai="56" /><F58/><W22/><G36/><T87/><D50/><U75/><E75/><V60/><F60/><W1/><G22/><T70/><D70/><U94/><E55/><V3/><F3/><W13/><G1/><T122/><D53/><U88/><E52/><V40/><F40/><W54/><G79/><T32/><D122/><U134/><E134/><V63/><F63/><W106/><G106/><T80/><D32/><U71/><E71/><V124/><F124/><W99/><G54/><T125/><D28/><U69/><E69/><V135/><F135/><W7/><G7/><T37/><D125/><U72/><E72/><RYUUKYOKU ba="0,0" sc="288,-30,289,10,193,10,230,10" hai1="10,15,16,88,94,132,133" hai2="131" hai3="13,23,26,29,90,92,96,97,98,99" /><INIT seed="3,1,0,5,2,74" ten="258,299,203,240" oya="3" hai0="134,72,132,60,53,95,104,82,130,128,113,44,10" hai1="83,94,89,101,47,7,24,80,63,69,4,115,91" hai2="120,103,43,61,108,127,78,67,96,16,9,15,62" hai3="0,90,76,86,58,66,100,31,122,52,40,57,70"/><W41/><G122/><T55/><D104/><U3/><E3/><V114/><F114/><W124/><G0/><T125/><D113/><U93/><E101/><V19/><F120/><W131/><G70/><T77/><D125/><U6/><E69/><V33/><F33/><W112/><G112/><T133/><D10/><U25/><E63/><V37/><F127/><W116/><G116/><T30/><D30/><U110/><E110/><V29/><F108/><W1/><G1/><T81/><D95/><N who="1" m="36363" /><E47/><V2/><F2/><W36/><G124/><T11/><D11/><U32/><E32/><V75/><F29/><W135/><G135/><T54/><D82/><N who="1" m="31275" /><E115/><V27/><F78/><W109/><G76/><T126/><D126/><U39/><E39/><V107/><F75/><W46/><G109/><T50/><D60/><U123/><E123/><V28/><F67/><W51/><G100/><T79/><D79/><U119/><E119/><V59/><F59/><W102/><G102/><T42/><AGARI ba="1,0" hai="42,44,50,53,54,55,72,77,81,128,130,132,133,134" machi="42" ten="40,5200,0" yaku="0,1,20,1,52,1" doraHai="74" who="0" fromWho="0" sc="258,55,299,-14,203,-14,240,-27" owari="313,41.0,285,9.0,189,-31.0,213,-19.0" /></mjloggm>