<mjloggm ver="2.3"><GO type="169" lobby="0"/><UN n0="%E7%A2%BA%E8%AA%8D%E4%BA%8B%E9%A0%85" n1="%E3%81%98%E3%82%83%E3%81%B3%E3%81%A3%E3%81%A8" n2="%E5%B0%B1%E6%B4%BB%E7%94%9F%40%E5%B7%9D%E6%9D%91%E8%BB%8D%E5%9B%A3" n3="%E3%82%AA%E3%82%A2%E3%83%AA%E3%83%A0%E3%81%AE%E8%A9%A0%E5%94%B1" dan="16,16,18,16" rate="2145.68,2091.63,2163.90,2121.65" sx="M,M,M,M"/><TAIKYOKU oya="0"/><INIT seed="0,0,0,4,5,90" ten="250,250,250,250" oya="0" hai0="130,43,120,133,57,22,5,94,49,77,31,82,38" hai1="78,34,59,109,32,55,100,96,7,8,17,65,54" hai2="18,131,33,111,121,134,21,76,92,2,37,101,46" hai3="117,62,53,47,42,56,6,95,4,35,50,3,85"/><T112/><D112/><U132/><E109/><V127/><F33/><W99/><G117/><T119/><D119/><U105/><E132/><V52/><F2/><W28/><G85/><T81/><D120/><U128/><E128/><V67/><F111/><W106/><G106/><T107/><D107/><U26/><E78/><V23/><F23/><W89/><REACH who="3" step="1"/><G3/><REACH who="3" ten="250,250,250,240" step="2"/><T41/><D130/><U79/><E105/><V45/><F131/><W39/><G39/><T29/><D38/><U88/><E96/><V87/><F37/><W80/><G80/><T58/><D82/><U30/><E79/><V104/><F104/><W13/><G13/><T115/><D81/><U68/><E26/><AGARI ba="0,1" hai="4,6,26,28,35,42,47,50,53,56,62,89,95,99" machi="26" ten="40,2600,0" yaku="1,1,52,1,53,0" doraHai="90" doraHaiUra="9" who="3" fromWho="1" sc="250,0,250,-26,250,0,240,36" /><INIT seed="1,0,0,2,2,125" ten="250,224,250,276" oya="1" hai0="105,22,91,49,7,106,3,92,27,17,120,107,70" hai1="58,47,126,108,93,59,55,6,128,68,28,127,89" hai2="84,96,1,39,81,54,78,31,131,0,115,69,24" hai3="113,135,42,51,38,90,124,48,11,61,37,80,103"/><U132/><E68/><V44/><F69/><W129/><G113/><T23/><D120/><U99/><E132/><V133/><F133/><W116/><G135/><T10/><D70/><U46/><E108/><V109/><F109/><W65/><G124/><N who="1" m="47658" /><E6/><V41/><F115/><W14/><G116/><T53/><D23/><U119/><E119/><V121/><F121/><W76/><G103/><T66/><D66/><U114/><E114/><V102/><F54/><W64/><G90/><T87/><REACH who="0" step="1"/><D107/><REACH who="0" ten="240,224,250,276" step="2"/><U18/><E28/><V26/><F26/><W33/><G65/><T16/><D16/><U79/><E18/><V123/><F123/><W122/><G122/><T60/><D60/><U130/><E79/><V36/><F24/><W97/><G61/><T111/><D111/><U20/><E20/><V2/><F31/><W117/><G64/><T15/><D15/><U21/><E21/><V4/><F4/><W72/><G14/><T85/><D85/><U40/><E55/><V83/><F1/><W86/><G76/><T43/><D43/><U118/><E118/><V25/><F25/><W5/><G42/><T98/><D98/><U77/><E77/><V82/><F0/><W9/><G97/><T52/><D52/><U94/><E94/><V34/><F2/><W8/><G117/><T101/><D101/><U95/><E93/><V74/><F96/><W104/><G5/><T73/><D73/><U56/><E40/><V67/><F41/><W12/><G72/><T57/><AGARI ba="0,1" hai="3,7,10,17,22,27,49,53,57,87,91,92,105,106" machi="57" ten="20,8000,1" yaku="1,1,0,1,7,1,53,2" doraHai="125" doraHaiUra="100" who="0" fromWho="0" sc="240,90,224,-40,250,-20,276,-20" /><INIT seed="2,0,0,0,3,95" ten="330,184,230,256" oya="2" hai0="47,94,28,79,57,2,8,12,4,48,125,124,52" hai1="56,100,130,39,90,101,111,3,20,75,14,105,68" hai2="13,53,7,131,63,46,109,33,103,121,15,45,82" hai3="118,104,11,74,134,110,119,89,42,43,88,58,34"/><V112/><F121/><W72/><G34/><T92/><D79/><U123/><E3/><V25/><F112/><W116/><G116/><T55/><D28/><U41/><E68/><V37/><F131/><W60/><G110/><T19/><D124/><U49/><E75/><V117/><F117/><W67/><G134/><T32/><D32/><U91/><E39/><V83/><F109/><W80/><G118/><T78/><D78/><U115/><E115/><V40/><F103/><W70/><G104/><T5/><D125/><U86/><E111/><V50/><F63/><W65/><G119/><T135/><D135/><U76/><E130/><V44/><F46/><W132/><G132/><T120/><D120/><U31/><E123/><V29/><F7/><N who="0" m="2634" /><D2/><U6/><E105/><V22/><F33/><W9/><G60/><AGARI ba="0,0" hai="8,12,19,47,48,52,55,57,60,92,94" m="2634" machi="60" ten="30,2000,0" yaku="8,1,54,1" doraHai="95" who="0" fromWho="3" sc="330,20,184,0,230,0,256,-20" /><INIT seed="3,0,0,4,4,76" ten="350,184,230,236" oya="3" hai0="13,78,65,26,61,75,29,126,50,74,135,22,99" hai1="102,80,10,121,114,56,17,122,1,104,41,4,123" hai2="128,19,100,51,58,110,23,71,60,40,82,14,47" hai3="98,101,69,133,24,130,52,38,106,134,127,118,34"/><W124/><G118/><T57/><D135/><N who="3" m="51721" /><G38/><T49/><D126/><N who="3" m="48169" /><G69/><T87/><D75/><U6/><E114/><V62/><F128/><W97/><G97/><T44/><D74/><U88/><E41/><V46/><F110/><W8/><G8/><T70/><D70/><U68/><E68/><V83/><F100/><W32/><G24/><T85/><D13/><U42/><E42/><V0/><F0/><W94/><G94/><T43/><D78/><U91/><E6/><V30/><F30/><W120/><G120/><T12/><D49/><U105/><E17/><V16/><F19/><W117/><G117/><T31/><D31/><U109/><E109/><V108/><F108/><W113/><G113/><T35/><D35/><N who="3" m="13353" /><G52/><T2/><D12/><U53/><E104/><V27/><F27/><W18/><G18/><T64/><D99/><U28/><E105/><V131/><F71/><W7/><G7/><T59/><D26/><U84/><E28/><V81/><F131/><AGARI ba="0,0" hai="98,101,106,130,131" m="13353,48169,51721" machi="131" ten="40,12000,1" yaku="30,2,20,1,18,1,23,1" doraHai="76" who="3" fromWho="2" sc="350,0,184,0,230,-120,236,120" /><INIT seed="3,1,0,2,2,116" ten="350,184,110,356" oya="3" hai0="132,24,40,1,49,102,41,10,104,134,129,17,131" hai1="97,71,12,70,73,28,67,89,74,111,94,35,108" hai2="66,36,46,7,135,79,80,29,13,26,55,122,59" hai3="125,4,32,60,92,126,6,31,113,14,8,91,103"/><W90/><G113/><T93/><D104/><U21/><E35/><V15/><F135/><N who="0" m="51754" /><D102/><U39/><E39/><V65/><F36/><W123/><G103/><T50/><D93/><U18/><E28/><V2/><F2/><W57/><G6/><T30/><D1/><U64/><E67/><V25/><F46/><W105/><G105/><T117/><D117/><U86/><E64/><V112/><F112/><W33/><G123/><T52/><D49/><U61/><E61/><V109/><F109/><N who="1" m="42057" /><E86/><V9/><F122/><W68/><G68/><AGARI ba="1,0" hai="12,18,21,68,70,71,73,74,89,94,97" m="42057" machi="68" ten="30,1000,0" yaku="14,1" doraHai="116" who="1" fromWho="3" sc="350,0,184,13,110,0,356,-13" /><INIT seed="4,0,0,0,4,62" ten="350,197,110,343" oya="0" hai0="12,61,74,67,102,70,96,25,88,5,115,45,83" hai1="52,122,94,35,39,117,0,17,72,50,98,20,130" hai2="21,64,123,22,133,41,26,104,80,10,89,108,14" hai3="66,7,128,43,27,54,11,63,33,93,28,76,78"/><T6/><D115/><U112/><E117/><V106/><F108/><W110/><G110/><T23/><D45/><U129/><E122/><V92/><F123/><W34/><G128/><N who="1" m="49258" /><E35/><V109/><F109/><W60/><G34/><T97/><D12/><N who="1" m="9255" /><E39/><V36/><F133/><W56/><G43/><T65/><D74/><U38/><E38/><V85/><F41/><W81/><G93/><N who="0" m="58671" /><D70/><U75/><E0/><V86/><F36/><W44/><G81/><T127/><D127/><U73/><E112/><V3/><F3/><W53/><G44/><T134/><D134/><U87/><E87/><V95/><F26/><W30/><G30/><N who="0" m="17727" /><D61/><U69/><E69/><V55/><F104/><W131/><G131/><T121/><D121/><U18/><E18/><V135/><F106/><W118/><G118/><T77/><D77/><U126/><E126/><V16/><F135/><W32/><G32/><T100/><D100/><N who="1" m="60503" /><E75/><V79/><F92/><W13/><REACH who="3" step="1"/><G54/><REACH who="3" ten="350,197,110,333" step="2"/><T132/><D132/><U46/><AGARI ba="0,1" hai="46,50,52,72,73" m="60503,9255,49258" machi="46" ten="30,2000,0" yaku="19,1,54,1" doraHai="62" who="1" fromWho="1" sc="350,-10,197,30,110,-5,333,-5" /><INIT seed="5,0,0,4,3,58" ten="340,227,105,328" oya="1" hai0="82,119,40,51,121,61,16,36,78,130,2,123,127" hai1="7,97,131,17,76,41,23,19,98,120,102,4,91" hai2="71,96,114,129,94,49,132,62,107,39,35,104,88" hai3="86,65,79,20,77,29,90,32,128,89,22,110,15"/><U12/><E120/><N who="0" m="46153" /><D2/><U87/><E131/><V100/><F39/><W31/><G110/><T52/><D119/><U14/><E41/><V50/><F129/><W18/><G128/><T111/><D130/><U81/><E76/><V27/><F132/><W73/><G32/><T64/><D127/><U133/><E133/><V124/><F124/><W13/><G73/><T126/><D126/><U54/><E54/><V105/><F114/><W48/><G48/><T103/><D103/><U101/><E97/><V69/><F69/><W55/><G55/><T85/><D111/><U45/><E45/><V37/><F37/><W70/><G70/><N who="0" m="42255" /><D16/><U25/><E25/><V125/><F125/><W83/><G65/><T21/><D21/><U30/><E30/><V95/><F27/><W80/><G86/><T135/><D135/><U11/><REACH who="1" step="1"/><E102/><REACH who="1" ten="340,217,105,328" step="2"/><V116/><F35/><W122/><G122/><T53/><D36/><U6/><E6/><V43/><F43/><W1/><G18/><T59/><D53/><U112/><E112/><V56/><F116/><W109/><G109/><T66/><D40/><U3/><E3/><AGARI ba="0,1" hai="1,3,13,15,20,22,29,31,77,79,80,83,89,90" machi="3" ten="25,1600,0" yaku="22,2" doraHai="58" who="3" fromWho="1" sc="340,0,217,-16,105,0,328,26" /><INIT seed="6,0,0,2,3,24" ten="340,201,105,354" oya="2" hai0="123,101,119,53,5,27,120,86,57,64,99,92,34" hai1="130,42,113,89,72,78,116,46,45,105,97,58,135" hai2="54,75,115,52,74,12,43,39,76,2,104,47,127" hai3="110,20,41,22,18,59,4,61,83,56,48,90,111"/><V1/><F104/><W79/><G4/><T134/><D64/><U62/><E113/><V7/><F115/><W63/><G90/><T29/><D134/><U26/><E130/><V93/><F127/><W31/><G31/><T91/><D5/><U13/><E78/><V117/><F117/><W6/><G6/><T30/><D30/><U80/><E72/><V49/><F93/><W70/><G70/><T109/><D109/><U16/><E135/><V69/><F69/><W122/><G122/><T51/><REACH who="0" step="1"/><D119/><REACH who="0" ten="330,201,105,354" step="2"/><U132/><E132/><V32/><F32/><W0/><G0/><T102/><D102/><U33/><E116/><V17/><F7/><W44/><G111/><T121/><D121/><U77/><E33/><V84/><F1/><W124/><G110/><T128/><D128/><U112/><E112/><V107/><F2/><W37/><G124/><T73/><D73/><U38/><E16/><V118/><F118/><W108/><G108/><T67/><D67/><U88/><E38/><V40/><F107/><AGARI ba="0,1" hai="27,29,34,51,53,57,86,91,92,99,101,107,120,123" machi="107" ten="30,3900,0" yaku="1,1,7,1,52,1,53,0" doraHai="24" doraHaiUra="66" who="0" fromWho="2" sc="330,49,201,0,105,-39,354,0" /><INIT seed="7,0,0,5,4,95" ten="379,201,66,354" oya="3" hai0="37,78,65,92,117,19,103,68,102,99,9,109,88" hai1="111,130,20,87,93,126,75,36,39,96,11,86,70" hai2="106,121,12,76,34,131,69,42,100,61,22,108,89" hai3="113,125,26,29,118,71,110,132,98,8,6,133,13"/><W127/><G71/><T72/><D109/><U62/><E75/><V21/><F89/><W56/><G56/><T104/><D37/><U46/><E130/><V115/><F42/><W7/><G110/><T25/><D117/><U51/><E126/><N who="3" m="48138" /><G118/><T41/><D41/><U91/><E70/><V15/><F76/><W24/><G113/><T105/><D103/><U40/><E62/><V52/><F108/><W129/><G129/><T4/><D65/><U30/><E111/><V16/><F131/><W48/><G48/><T114/><D68/><U134/><E134/><N who="3" m="51818" /><G7/><T54/><D54/><U47/><E36/><V3/><F115/><W73/><G73/><T112/><D72/><U58/><E58/><V1/><F121/><W107/><G29/><T23/><D78/><U27/><E39/><V85/><F85/><W28/><G28/><T43/><D43/><U35/><E86/><V10/><F69/><W67/><G67/><T38/><D38/><U123/><E87/><V32/><F61/><W17/><G6/><T49/><D49/><U119/><E30/><V128/><F128/><W122/><G122/><T80/><D80/><U57/><E51/><V77/><F77/><W116/><G116/><T82/><D82/><U33/><E119/><V59/><F59/><W18/><G18/><T53/><D53/><U0/><E57/><V66/><F66/><W31/><G31/><T84/><REACH who="0" step="1"/><D105/><REACH who="0" ten="369,201,66,354" step="2"/><U44/><E123/><V101/><F52/><W5/><G5/><T60/><D60/><U97/><E40/><V50/><F50/><W14/><G14/><AGARI ba="0,1" hai="4,9,14,19,23,25,84,88,92,99,102,104,112,114" machi="14" ten="40,8000,1" yaku="1,1,52,1,54,1,53,1" doraHai="95" doraHaiUra="94" who="0" fromWho="3" sc="369,90,201,0,66,0,354,-80" owari="459,56.0,201,-20.0,66,-43.0,274,7.0" /></mjloggm>