<mjloggm ver="2.3"><GO type="41" lobby="0"/><UN n0="%61%67%72%6F%62%61%6B%75" n1="%E3%81%AF%E3%82%80%E3%81%99" n2="%E5%B0%B1%E6%B4%BB%E7%94%9F%40%E5%B7%9D%E6%9D%91%E8%BB%8D%E5%9B%A3" n3="%E3%81%8F%E3%83%BC%E3%82%84" dan="14,14,18,15" rate="1941.27,1962.79,2214.75,2038.13" sx="M,M,M,M"/><TAIKYOKU oya="0"/><INIT seed="0,0,0,2,0,11" ten="250,250,250,250" oya="0" hai0="27,53,73,12,71,59,13,6,134,25,124,118,123" hai1="49,61,74,63,28,76,99,19,39,127,108,114,91" hai2="38,51,56,115,121,55,109,44,100,89,131,46,8" hai3="43,16,111,110,54,18,101,94,105,60,9,116,79"/><T5/><D118/><U57/><E39/><V45/><F121/><W119/><G105/><T75/><D71/><U1/><E1/><V72/><F72/><W81/><G43/><T104/><D104/><U126/><E28/><V37/><F100/><W2/><G101/><T4/><D123/><U122/><E122/><V35/><F35/><W125/><G94/><T15/><D124/><N who="1" m="47659" /><E74/><V64/><F89/><W20/><G125/><T50/><D134/><U40/><E76/><V102/><F102/><W41/><G41/><T14/><N who="0" m="3072" /><DORA hai="90" /><T112/><D112/><U97/><E19/><V34/><F34/><W10/><G20/><T70/><D70/><U36/><E114/><V47/><F8/><W96/><G96/><N who="1" m="36938" /><E91/><V30/><F30/><W135/><G81/><T120/><REACH who="0" step="1"/><D120/><REACH who="0" ten="240,250,250,250" step="2"/><U83/><E108/><V106/><F106/><W107/><G135/><T87/><D87/><U24/><E24/><AGARI ba="0,1" hai="4,5,6,24,25,27,50,53,59,73,75" m="3072" machi="24" ten="60,12000,1" yaku="1,1,52,4,53,0" doraHai="11,90" doraHaiUra="85,17" who="0" fromWho="1" sc="240,130,250,-120,250,0,250,0" /><INIT seed="0,1,0,2,1,56" ten="370,130,250,250" oya="0" hai0="122,37,94,75,65,107,23,129,133,106,38,44,131" hai1="0,30,6,135,79,82,76,113,10,20,52,16,42" hai2="105,22,50,57,21,3,124,17,121,60,35,116,100" hai3="34,91,84,1,111,114,125,123,98,88,71,64,29"/><T89/><D122/><U61/><E30/><V15/><F35/><W130/><G123/><T48/><D75/><U9/><E9/><V43/><F121/><W120/><G120/><T97/><D133/><U78/><E42/><V47/><F3/><W85/><G29/><T87/><D65/><U103/><E103/><V90/><F124/><W115/><G34/><T4/><D4/><U62/><E135/><V72/><F72/><W36/><G1/><T45/><D23/><U14/><E113/><V102/><F105/><W5/><G5/><T80/><D107/><U132/><E132/><V2/><F2/><W73/><G64/><T118/><D106/><U99/><E99/><V39/><F39/><N who="0" m="14858" /><D48/><U19/><E19/><V127/><F127/><W11/><G36/><T51/><D51/><U27/><E0/><V18/><F90/><W24/><G71/><T81/><D81/><U101/><E101/><V53/><REACH who="2" step="1"/><F116/><REACH who="2" ten="370,130,240,250" step="2"/><W12/><G88/><N who="0" m="51303" /><D118/><U74/><E74/><V8/><F8/><W69/><G73/><T95/><D89/><U55/><REACH who="1" step="1"/><E82/><REACH who="1" ten="370,120,240,250" step="2"/><V58/><F58/><W108/><G115/><T128/><D95/><U40/><E40/><V67/><F67/><W66/><G114/><T93/><D94/><U28/><E28/><V41/><F41/><W25/><G66/><T7/><D93/><U96/><E96/><V77/><F77/><W117/><G98/><T109/><D97/><U46/><E46/><V110/><F110/><W49/><G111/><T32/><D109/><U112/><E112/><V70/><F70/><W119/><G108/><T26/><D45/><RYUUKYOKU ba="1,2" sc="370,-15,120,15,240,15,250,-15" hai1="6,10,14,16,20,27,52,55,61,62,76,78,79" hai2="15,17,18,21,22,43,47,50,53,57,60,100,102" /><INIT seed="1,2,2,4,5,12" ten="355,135,255,235" oya="1" hai0="105,31,42,96,133,59,33,10,115,50,91,74,4" hai1="15,23,83,131,44,57,43,130,27,84,62,86,95" hai2="89,108,18,53,39,82,55,49,71,101,19,75,103" hai3="87,109,35,113,127,104,41,65,81,0,85,107,112"/><U73/><E73/><V128/><F39/><W110/><G0/><T114/><D74/><U106/><E106/><N who="3" m="40490" /><G35/><T118/><D118/><U70/><E70/><V61/><F108/><N who="3" m="41579" /><G41/><T56/><D31/><U97/><E15/><V20/><F128/><N who="1" m="49193" /><E83/><V100/><F20/><W26/><G26/><T40/><D33/><U111/><E111/><V38/><F38/><W119/><G65/><T32/><D32/><U116/><E44/><N who="2" m="27815" /><F71/><W92/><G119/><T51/><D42/><U34/><E43/><V2/><F2/><W14/><G14/><T21/><D40/><U11/><E11/><V52/><F75/><W47/><G47/><T1/><D10/><U9/><E9/><V123/><F123/><W58/><G58/><T8/><D8/><U80/><E80/><V13/><F13/><W64/><G64/><T69/><D69/><U24/><E34/><V132/><F132/><W78/><G127/><T102/><D59/><U66/><E116/><V25/><F25/><N who="1" m="9801" /><E23/><V72/><F72/><W48/><G48/><T60/><D1/><U77/><E77/><V88/><F61/><W125/><G125/><T67/><D51/><U46/><E46/><V22/><F22/><W45/><G45/><T129/><D50/><U54/><E66/><V99/><F55/><W121/><G121/><T94/><D129/><U90/><AGARI ba="2,2" hai="54,57,62,84,86,90,95,97" m="9801,49193" machi="90" ten="30,1500,0" yaku="19,1" doraHai="12" who="1" fromWho="1" sc="355,-7,135,41,255,-7,235,-7" /><INIT seed="1,3,0,4,1,109" ten="348,176,248,228" oya="1" hai0="25,100,108,51,132,91,40,81,94,64,92,114,135" hai1="105,107,59,38,119,43,45,65,124,122,69,53,93" hai2="62,15,63,133,39,85,68,0,129,32,123,117,24" hai3="31,55,2,73,16,83,120,42,50,26,71,20,37"/><U97/><E119/><V67/><F0/><W23/><G71/><T29/><D108/><U52/><E122/><V115/><F39/><W96/><G120/><T41/><D64/><U14/><E69/><V6/><F117/><W66/><G2/><T8/><D8/><U127/><E65/><V116/><F116/><W30/><G66/><T13/><D13/><U10/><E105/><V33/><F63/><W87/><G73/><T47/><D41/><U77/><E77/><V88/><F123/><W19/><G96/><T126/><D126/><N who="1" m="48171" /><E59/><V82/><F129/><W70/><G70/><T48/><D48/><U34/><E107/><V76/><F133/><W56/><G42/><T9/><D9/><U101/><E34/><V11/><F24/><W49/><G49/><T12/><D12/><U57/><E57/><V61/><F61/><W4/><G4/><AGARI ba="3,0" hai="4,10,14,38,43,45,52,53,93,97,101" m="48171" machi="4" ten="30,2900,0" yaku="18,1,54,1" doraHai="109" who="1" fromWho="3" sc="348,0,176,38,248,0,228,-38" /><INIT seed="1,4,0,0,3,24" ten="348,214,248,190" oya="1" hai0="133,135,5,127,32,9,117,107,53,34,88,74,14" hai1="26,2,30,93,56,8,23,76,33,35,90,68,77" hai2="41,58,112,16,59,129,60,125,4,42,131,67,80" hai3="18,120,27,19,99,82,15,94,70,72,12,92,85"/><U75/><E68/><V48/><F4/><W98/><G70/><T10/><D117/><U81/><E76/><V97/><F125/><W69/><G69/><T20/><D74/><U3/><E56/><V123/><F123/><W87/><G120/><T21/><D107/><U7/><REACH who="1" step="1"/><E2/><REACH who="1" ten="348,204,248,190" step="2"/><V132/><F59/><W71/><G71/><T106/><D127/><U116/><E116/><V1/><F1/><W103/><G72/><T101/><D135/><U126/><E126/><V6/><F58/><W55/><G55/><T31/><D133/><U54/><E54/><V73/><F132/><W96/><G27/><T122/><D122/><U111/><E111/><V119/><F119/><W40/><G40/><T83/><D53/><U36/><E36/><V49/><F42/><W25/><G25/><T45/><D34/><U79/><E79/><V64/><F41/><W134/><G134/><T66/><D32/><U62/><E62/><V130/><F60/><W28/><G103/><T104/><D101/><U86/><AGARI ba="4,1" hai="3,7,8,23,26,30,33,35,75,77,81,86,90,93" machi="86" ten="20,7800,0" yaku="1,1,0,1,7,1,52,1,53,0" doraHai="24" doraHaiUra="50" who="1" fromWho="1" sc="348,-30,204,100,248,-30,190,-30" /><INIT seed="1,5,0,1,2,74" ten="318,304,218,160" oya="1" hai0="129,110,8,12,66,46,108,131,21,57,96,24,94" hai1="97,16,48,20,69,68,1,98,58,4,120,121,50" hai2="39,3,118,119,127,36,78,63,6,134,111,107,19" hai3="92,34,81,70,84,59,15,125,61,128,25,5,132"/><U37/><E37/><N who="2" m="14411" /><F19/><W73/><G70/><T86/><D46/><U9/><E121/><V11/><F111/><N who="0" m="42538" /><D66/><U0/><E0/><V99/><F63/><W38/><G38/><T123/><D57/><U104/><E120/><V29/><F127/><W103/><G125/><T88/><D123/><U124/><E124/><V55/><F55/><W65/><G128/><T52/><D52/><U95/><E69/><V32/><F78/><W30/><G132/><T76/><D96/><U10/><E10/><V122/><F122/><W109/><G109/><T126/><D76/><U117/><E117/><V18/><F18/><W54/><G73/><T45/><D45/><U31/><E31/><V87/><F87/><W43/><G43/><T23/><D126/><U102/><E58/><V91/><F91/><W33/><G54/><T89/><D89/><U62/><E62/><V100/><F134/><W35/><G15/><T28/><D23/><U79/><E68/><V101/><F101/><W105/><G5/><AGARI ba="5,0" hai="5,8,12,21,24,28,86,88,94,129,131" m="42538" machi="5" ten="30,2000,0" yaku="14,1,54,1" doraHai="74" who="0" fromWho="3" sc="318,35,304,0,218,0,160,-35" /><INIT seed="2,0,0,5,5,125" ten="353,304,218,125" oya="2" hai0="90,21,110,24,22,33,5,94,65,16,104,40,46" hai1="59,60,29,15,36,84,61,87,0,67,31,49,123" hai2="38,128,115,121,88,41,81,98,135,77,131,130,122" hai3="44,105,108,64,134,117,7,34,68,103,17,45,2"/><V82/><F38/><W69/><G17/><T50/><D104/><U37/><E0/><V100/><F41/><W93/><G7/><T91/><D33/><U52/><E36/><V127/><F127/><W111/><G93/><T118/><D110/><U83/><E37/><V70/><F70/><W11/><G11/><T85/><D118/><U27/><E123/><V76/><F115/><W19/><G19/><T58/><D5/><U51/><E15/><V74/><F135/><W119/><G103/><T30/><D65/><U86/><E83/><V116/><F116/><W120/><G34/><T112/><D58/><N who="1" m="37271" /><E27/><V56/><F56/><W28/><G28/><AGARI ba="0,0" hai="28,29,31,49,51,52,59,61,84,86,87" m="37271" machi="28" ten="30,2000,0" yaku="8,1,54,1" doraHai="125" who="1" fromWho="3" sc="353,0,304,20,218,0,125,-20" /><INIT seed="3,0,0,3,4,14" ten="353,324,218,105" oya="3" hai0="75,54,66,84,69,30,77,113,23,9,72,29,92" hai1="94,4,27,7,12,11,107,70,86,103,51,102,85" hai2="17,83,5,62,34,67,116,32,73,0,98,47,48" hai3="81,88,111,31,52,15,89,56,18,112,37,120,64"/><W43/><G120/><T22/><D69/><U93/><E70/><V65/><F116/><W91/><G112/><T33/><D66/><U42/><E107/><V13/><F5/><W50/><G31/><T132/><D33/><U101/><E4/><V74/><F0/><W100/><G100/><T10/><D54/><U135/><E135/><V90/><F67/><W38/><G111/><T44/><D44/><N who="1" m="26007" /><E27/><V104/><F73/><W117/><G117/><T55/><D75/><U1/><E1/><V2/><F2/><W25/><G25/><T16/><D72/><U6/><E7/><V49/><F49/><W118/><G118/><T128/><D128/><U97/><E97/><V106/><F74/><W20/><G64/><T40/><D55/><U121/><E121/><V131/><F131/><W60/><REACH who="3" step="1"/><G81/><REACH who="3" ten="353,324,218,95" step="2"/><T87/><D113/><U123/><E123/><V19/><F83/><W59/><G59/><T80/><D30/><U134/><E134/><V126/><F65/><W114/><G114/><T79/><D29/><U68/><E68/><V129/><F129/><W36/><G36/><T99/><D80/><U78/><E103/><V127/><F34/><W58/><G58/><T124/><D132/><U82/><E102/><V115/><F32/><W3/><G3/><T71/><D71/><U26/><E26/><V8/><F115/><W119/><G119/><T110/><D110/><U46/><E101/><V133/><F133/><W108/><G108/><T21/><D92/><U95/><E95/><V122/><F106/><W130/><G130/><T28/><D28/><U63/><E94/><RYUUKYOKU ba="0,1" sc="353,-10,324,-10,218,-10,95,30" hai3="15,18,20,37,38,43,50,52,56,60,88,89,91" /><INIT seed="3,1,1,4,3,15" ten="343,314,208,125" oya="3" hai0="33,6,91,19,123,104,1,130,82,99,129,108,112" hai1="126,133,31,24,80,25,0,28,57,90,79,106,45" hai2="8,68,81,67,92,113,73,74,37,105,107,83,115" hai3="127,60,128,55,103,100,98,11,50,27,52,118,84"/><W121/><G121/><T20/><D123/><U70/><E70/><V5/><F37/><W9/><G118/><T49/><D33/><U124/><E0/><V12/><F68/><W4/><G128/><N who="0" m="49259" /><D108/><U102/><E133/><V111/><F67/><W94/><G127/><N who="1" m="48682" /><E45/><V71/><F71/><W58/><G103/><T86/><D112/><U64/><E90/><V78/><F111/><W69/><G84/><T42/><D6/><U72/><E102/><V53/><F92/><W96/><G96/><T3/><D104/><U17/><E106/><V2/><F53/><W46/><G69/><T116/><D99/><U62/><E25/><V47/><F47/><W134/><G134/><T97/><D97/><U51/><E51/><V34/><F2/><W10/><REACH who="3" step="1"/><G27/><REACH who="3" ten="343,314,208,115" step="2"/><N who="0" m="14751" /><D116/><U77/><E24/><V132/><F132/><W16/><G16/><T85/><D85/><U18/><E17/><V87/><F113/><W63/><G63/><T23/><D86/><U35/><E18/><V109/><F115/><W76/><G76/><T7/><D91/><U120/><E77/><V135/><F135/><W48/><G48/><T122/><D49/><U41/><E79/><V40/><F87/><W36/><G36/><T44/><D122/><U14/><E120/><V131/><F78/><W30/><G30/><T101/><D101/><U59/><E28/><V117/><F131/><W29/><G29/><T119/><D119/><U114/><E31/><V13/><F117/><W54/><G54/><T93/><D82/><U88/><E114/><V89/><F83/><W110/><G110/><T125/><D125/><RYUUKYOKU ba="1,2" sc="343,-10,314,-10,208,-10,115,30" hai3="4,9,10,11,46,50,52,55,58,60,94,98,100" /><INIT seed="3,2,2,2,4,113" ten="333,304,198,145" oya="3" hai0="60,34,36,21,93,78,114,128,69,51,58,125,89" hai1="90,27,8,12,124,43,109,108,76,91,45,32,35" hai2="118,5,117,134,62,20,44,37,127,112,11,18,13" hai3="31,75,4,53,110,79,111,87,66,38,59,115,100"/><W22/><G38/><T54/><D34/><U65/><E76/><V9/><F112/><W70/><G115/><T47/><D114/><U3/><E3/><V2/><F127/><W101/><G75/><T81/><D125/><U33/><E27/><V135/><F62/><N who="3" m="40279" /><G4/><T63/><D128/><U1/><E65/><V19/><F44/><W50/><G31/><T116/><D21/><U30/><E30/><V123/><F37/><W29/><G29/><T74/><D116/><N who="2" m="44650" /><F123/><W80/><G22/><T83/><D83/><U122/><E1/><V95/><F95/><W104/><G104/><T106/><D106/><U64/><E122/><V24/><AGARI ba="2,2" hai="2,5,9,11,13,18,19,20,24,134,135" m="44650" machi="24" ten="30,8000,1" yaku="34,2,52,3" doraHai="113" who="2" fromWho="2" sc="333,-22,304,-22,198,106,145,-42" /><INIT seed="4,0,0,4,4,119" ten="311,282,304,103" oya="0" hai0="13,44,39,43,48,28,19,6,125,82,55,97,87" hai1="89,29,105,37,24,107,93,61,35,91,71,103,62" hai2="129,114,131,49,26,54,79,76,72,101,12,86,121" hai3="120,96,63,40,47,32,122,81,85,15,56,59,112"/><T116/><D116/><U42/><E107/><V95/><F72/><W17/><G32/><T111/><D125/><U90/><E61/><V4/><F26/><W20/><G96/><T11/><D111/><U8/><E8/><N who="2" m="4103" /><F121/><N who="3" m="46699" /><G112/><T74/><D28/><U31/><E31/><V109/><F109/><W83/><G83/><T9/><D74/><U77/><E77/><V92/><F114/><W135/><G135/><T102/><D39/><U30/><E30/><V34/><F34/><W2/><G2/><T21/><D43/><U23/><E42/><V33/><F33/><W115/><G63/><T127/><D127/><U52/><E37/><V18/><F101/><W41/><G41/><T134/><D134/><U113/><E113/><V98/><F98/><W5/><G5/><T128/><D128/><U99/><E35/><V118/><F118/><W69/><G69/><T38/><D38/><U78/><E105/><V45/><F92/><W70/><G70/><T7/><D7/><U126/><E71/><V104/><F104/><W57/><G115/><T60/><D60/><U106/><E106/><V50/><F95/><W132/><G132/><T25/><D97/><U64/><E126/><V80/><F79/><N who="3" m="46271" /><G59/><T36/><D102/><U3/><E3/><V94/><F94/><W110/><G110/><T130/><D6/><U124/><E93/><V27/><F129/><W88/><G88/><N who="0" m="51319" /><D130/><U10/><E99/><V117/><F117/><W65/><G65/><T0/><D0/><U68/><E103/><V58/><F131/><W108/><G108/><T16/><D36/><AGARI ba="0,0" hai="15,17,20,36,40,47,56,57" m="46271,46699" machi="36" ten="30,7700,0" yaku="13,1,52,3" doraHai="119" who="3" fromWho="0" sc="311,-77,282,0,304,0,103,77" /><INIT seed="5,0,0,0,2,75" ten="234,282,304,180" oya="1" hai0="1,113,41,73,3,72,32,101,69,36,62,116,51" hai1="65,33,31,18,47,22,29,115,17,24,48,135,59" hai2="103,52,82,7,44,58,37,57,78,84,93,10,50" hai3="35,21,89,91,96,92,87,86,64,66,105,46,54"/><U83/><E115/><V80/><F37/><W25/><G35/><T112/><D51/><U60/><E135/><V71/><F71/><W124/><G124/><T106/><D116/><U126/><E126/><V26/><F26/><W98/><G105/><T68/><D32/><U2/><E2/><N who="0" m="521" /><D101/><U122/><E122/><V15/><F82/><W88/><G46/><N who="0" m="23847" /><D106/><U12/><E33/><V121/><F121/><W128/><G128/><T127/><D127/><U40/><REACH who="1" step="1"/><E83/><REACH who="1" ten="234,272,304,180" step="2"/><V74/><F74/><W102/><G98/><AGARI ba="0,1" hai="7,10,15,44,50,52,57,58,78,80,84,93,98,103" machi="98" ten="40,5200,0" yaku="8,1,52,1,54,1" doraHai="75" who="2" fromWho="3" sc="234,0,272,0,304,62,180,-52" /><INIT seed="6,0,0,1,4,132" ten="234,272,366,128" oya="2" hai0="3,70,74,43,5,83,108,45,131,23,124,104,89" hai1="11,117,48,16,20,25,101,97,42,57,10,121,98" hai2="110,80,133,122,9,82,113,56,107,47,84,92,130" hai3="69,32,0,13,88,71,18,111,119,125,8,54,2"/><V112/><F47/><W21/><G119/><T96/><D70/><U128/><E117/><V36/><F36/><W120/><G120/><T75/><D23/><U58/><E98/><V81/><F56/><W52/><G111/><T77/><D75/><U41/><E128/><V118/><F9/><W4/><G125/><T100/><D108/><U86/><E86/><V73/><F110/><W15/><G32/><T37/><D131/><U24/><E24/><V106/><F118/><W93/><G71/><T28/><D28/><U72/><E72/><V31/><F31/><W134/><G69/><T68/><D68/><U38/><E57/><V61/><F61/><W40/><G40/><T87/><D5/><U51/><E38/><V85/><F73/><W22/><G22/><T1/><REACH who="0" step="1"/><D124/><REACH who="0" ten="224,272,366,128" step="2"/><U123/><E123/><V30/><F30/><W135/><G134/><T35/><D35/><U66/><E121/><V60/><F130/><W59/><G135/><T115/><D115/><U55/><E10/><V29/><F29/><W91/><G91/><T126/><D126/><U105/><E11/><V17/><F133/><W79/><G79/><T50/><D50/><U46/><REACH who="1" step="1"/><E66/><REACH who="1" ten="224,262,366,128" step="2"/><V39/><F122/><W53/><REACH who="3" step="1"/><G59/><REACH who="3" ten="224,262,366,118" step="2"/><T78/><D78/><U90/><E90/><N who="2" m="53319" /><F112/><W6/><G6/><T127/><D127/><U116/><E116/><V102/><F113/><W67/><G67/><T12/><D12/><U94/><E94/><AGARI ba="0,3" hai="1,3,37,43,45,74,77,83,87,89,94,96,100,104" machi="94" ten="30,7700,0" yaku="1,1,7,1,24,2,53,0" doraHai="132" doraHaiUra="27" who="0" fromWho="1" sc="224,107,262,-77,366,0,118,0" /><INIT seed="7,0,0,0,0,102" ten="331,185,366,118" oya="3" hai0="7,84,60,75,11,65,47,15,119,82,61,24,46" hai1="2,77,52,114,74,79,116,99,95,68,120,62,19" hai2="83,29,94,16,43,104,49,117,113,51,67,73,134" hai3="18,55,80,23,85,106,39,108,4,63,28,131,3"/><W5/><G39/><T91/><D119/><U37/><E120/><V9/><F104/><W121/><G121/><T118/><D118/><U27/><E37/><V110/><F110/><W56/><G108/><T125/><D75/><U41/><E116/><V123/><F117/><W48/><G106/><T44/><D125/><U100/><E2/><V64/><F29/><W89/><G131/><T86/><D65/><U92/><E68/><V21/><F9/><W87/><G28/><T81/><REACH who="0" step="1"/><D24/><REACH who="0" ten="321,185,366,118" step="2"/><U10/><E74/><V124/><F124/><W57/><G3/><T35/><D35/><U13/><E27/><V14/><F123/><W101/><G101/><T70/><D70/><U34/><E34/><V90/><F134/><W20/><G87/><T1/><D1/><U6/><E100/><V17/><F67/><N who="3" m="39399" /><G23/><T45/><N who="0" m="11264" /><DORA hai="53" /><T115/><D115/><U132/><E114/><V98/><F64/><W71/><G71/><T126/><D126/><U128/><E132/><V97/><F43/><W33/><G33/><T31/><D31/><U32/><E41/><V0/><F0/><W130/><G130/><T25/><D25/><AGARI ba="0,1" hai="4,5,18,20,25,48,55,57,80,85,89" m="39399" machi="25" ten="30,5800,0" yaku="8,1,52,2" doraHai="102,53" who="3" fromWho="0" sc="321,-58,185,0,366,0,118,68" /><INIT seed="7,1,0,2,2,70" ten="263,185,366,186" oya="3" hai0="87,10,104,115,116,119,57,13,94,90,46,108,36" hai1="112,110,128,123,0,83,72,54,118,126,60,127,41" hai2="45,30,43,84,96,92,7,17,135,48,14,27,6" hai3="22,98,86,32,20,9,25,100,1,63,2,71,73"/><W47/><G73/><T11/><D108/><U95/><E123/><V23/><F135/><W69/><G47/><T37/><D104/><U103/><E110/><V39/><F39/><W101/><G86/><T130/><D130/><U77/><E128/><V117/><F117/><W122/><G122/><T24/><D37/><U107/><E107/><V67/><F67/><W133/><G133/><T97/><D115/><U12/><E0/><V93/><F84/><W78/><G78/><T62/><D24/><U75/><E41/><V58/><F58/><W68/><G63/><T106/><D10/><U109/><E109/><V52/><F43/><W31/><G101/><T16/><D106/><U53/><E112/><V79/><F79/><W55/><G55/><T88/><D46/><U132/><E132/><V56/><F45/><W8/><G8/><T124/><D36/><U5/><E72/><V34/><F92/><W105/><REACH who="3" step="1"/><G9/><REACH who="3" ten="263,185,366,176" step="2"/><T44/><D44/><U113/><E60/><V65/><F65/><W66/><G66/><T19/><D87/><U28/><E113/><V40/><F40/><W51/><G51/><T102/><D11/><U21/><E54/><V99/><F99/><W74/><G74/><T15/><D97/><N who="1" m="59839" /><E53/><V81/><F81/><W42/><G42/><T3/><D102/><AGARI ba="1,1" hai="6,7,14,17,23,27,30,34,48,52,56,93,96,102" machi="102" ten="30,2000,0" yaku="7,1,54,1" doraHai="70" who="2" fromWho="0" sc="263,-23,185,0,366,33,176,0" owari="240,4.0,185,-21.0,399,49.0,176,-32.0" /></mjloggm>