<mjloggm ver="2.3"><GO type="169" lobby="0"/><UN n0="%E3%83%A9%E3%83%A0%E3%83%80%E3%81%95%E3%82%93" n1="%E3%82%A6%E3%83%AB%E3%83%88%E3%83%A9%E7%AB%8B%E7%9B%B4" n2="%64%6F%6E%63%68%61%6E%33" n3="%6A%75%6D%70%2D%75%70" dan="16,17,16,16" rate="2094.31,2208.87,2174.94,2075.90" sx="M,M,M,M"/><TAIKYOKU oya="0"/><INIT seed="0,0,0,4,1,69" ten="250,250,250,250" oya="0" hai0="91,4,67,98,9,47,89,29,105,22,48,59,26" hai1="14,84,102,44,54,73,94,45,100,93,70,66,46" hai2="86,118,57,97,117,35,107,124,25,108,49,71,33" hai3="115,77,7,95,1,56,62,127,85,20,101,90,114"/><T39/><D105/><U99/><E73/><V82/><F71/><W121/><G121/><T126/><D126/><U132/><E132/><V41/><F108/><W125/><G20/><T42/><D98/><U133/><E133/><V58/><F124/><N who="3" m="47691" /><G1/><T17/><D29/><U43/><E70/><V130/><F130/><W18/><G18/><T0/><REACH who="0" step="1"/><D48/><REACH who="0" ten="240,250,250,250" step="2"/><U120/><E99/><V75/><F97/><N who="3" m="59583" /><G7/><T31/><D31/><U19/><E120/><V119/><F107/><W128/><G128/><T12/><D12/><U123/><E14/><V36/><F49/><W10/><G114/><T106/><D106/><U53/><E123/><V3/><F119/><W38/><G115/><T63/><AGARI ba="0,1" hai="0,4,9,17,22,26,39,42,47,59,63,67,89,91" machi="63" ten="30,6000,0" yaku="1,1,0,1,52,1,53,0" doraHai="69" doraHaiUra="51" who="0" fromWho="0" sc="240,70,250,-20,250,-20,250,-20" /><INIT seed="0,1,0,0,3,95" ten="310,230,230,230" oya="0" hai0="35,100,132,10,15,118,84,16,4,126,113,14,43" hai1="55,80,20,67,48,42,2,79,125,0,97,17,93" hai2="103,34,12,62,45,22,104,19,135,61,124,69,24" hai3="114,57,63,32,128,25,86,54,83,109,121,117,9"/><T49/><D118/><U41/><E67/><V116/><F135/><W13/><G114/><T129/><D113/><U36/><E125/><V110/><F124/><W23/><G128/><T81/><D126/><U51/><E36/><V65/><F110/><W60/><G121/><T82/><D35/><U44/><E2/><V112/><F112/><W64/><G109/><T38/><D38/><U105/><E105/><V120/><F120/><W88/><G32/><T59/><D129/><U5/><E5/><V85/><F116/><W75/><G75/><T134/><D100/><U31/><E31/><V7/><F85/><W53/><G63/><T28/><D28/><U11/><E11/><V99/><F61/><W18/><REACH who="3" step="1"/><G117/><REACH who="3" ten="310,230,230,220" step="2"/><T27/><D134/><U94/><E0/><V96/><F34/><W87/><G87/><T70/><D132/><U92/><E48/><V78/><F78/><W21/><G21/><T98/><D84/><N who="1" m="48159" /><E97/><V46/><REACH who="2" step="1"/><F96/><REACH who="2" ten="310,230,220,220" step="2"/><W37/><G37/><T119/><D98/><U58/><E44/><V71/><F71/><W33/><G33/><T107/><D70/><U89/><E89/><V77/><F77/><W3/><G3/><T30/><D119/><U73/><E73/><V102/><F102/><W122/><G122/><T50/><D50/><U127/><E127/><V26/><F26/><AGARI ba="1,2" hai="17,20,26,41,42,51,55,58,92,93,94" m="48159" machi="26" ten="30,1000,0" yaku="8,1" doraHai="95" who="1" fromWho="2" sc="310,0,230,33,220,-13,220,0" /><INIT seed="1,0,0,2,0,131" ten="310,263,207,220" oya="1" hai0="98,45,38,132,96,112,110,116,24,31,21,51,65" hai1="118,30,68,106,54,16,56,1,103,125,39,10,113" hai2="36,58,126,78,69,42,85,102,111,76,5,127,73" hai3="128,105,35,49,34,9,93,17,119,52,32,134,114"/><U25/><E68/><V120/><F69/><W100/><G114/><T8/><D112/><U62/><E113/><V70/><F70/><W55/><G128/><T75/><D116/><U40/><E118/><V11/><F120/><W41/><G105/><T2/><D38/><U107/><E125/><V109/><F102/><W99/><G119/><T37/><D37/><U90/><E103/><V91/><F58/><W129/><G129/><T12/><D75/><U117/><E117/><V61/><F61/><W135/><G41/><T19/><D110/><N who="2" m="41994" /><F42/><W27/><G49/><T97/><D65/><U124/><E124/><N who="2" m="47659" /><F36/><W3/><G3/><T59/><D59/><U74/><E74/><V94/><F73/><W92/><G92/><T22/><D2/><AGARI ba="0,0" hai="2,5,11,76,78,85,91,94" m="47659,41994" machi="2" ten="30,2000,0" yaku="14,1,18,1" doraHai="131" who="2" fromWho="0" sc="310,-20,263,0,207,20,220,0" /><INIT seed="2,0,0,3,4,45" ten="290,263,227,220" oya="2" hai0="59,35,126,4,71,42,64,76,7,44,66,98,108" hai1="99,114,93,115,90,38,120,9,51,58,131,69,107" hai2="127,33,103,6,81,8,55,62,95,3,26,68,40" hai3="79,19,46,105,72,74,106,60,97,39,65,111,0"/><V52/><F127/><W12/><G111/><T118/><D35/><U125/><E69/><V16/><F40/><W20/><G0/><T124/><D71/><U5/><E38/><V121/><F121/><W21/><G97/><T13/><D108/><U75/><E75/><V123/><F123/><W94/><G94/><T116/><D76/><U34/><E34/><V122/><F122/><W67/><G79/><T10/><D98/><U86/><E120/><V43/><F43/><W85/><G85/><T82/><D82/><U130/><E125/><N who="0" m="48233" /><D4/><U117/><E117/><N who="0" m="45161" /><D59/><U57/><E57/><V80/><F103/><W24/><G72/><T41/><D41/><U15/><E99/><V102/><F102/><W47/><G74/><T104/><D104/><U88/><E90/><V1/><F95/><W30/><G106/><T28/><D28/><U2/><E107/><V56/><F68/><W129/><G105/><T17/><D7/><U128/><E2/><V31/><F1/><W49/><G129/><T89/><D89/><U61/><E115/><V53/><REACH who="2" step="1"/><F16/><REACH who="2" ten="290,263,217,220" step="2"/><W96/><G19/><T119/><D119/><U11/><E114/><V109/><F109/><W110/><G110/><T77/><D77/><U83/><E93/><V87/><F87/><W29/><G96/><T84/><D84/><U101/><E101/><V133/><F133/><W18/><G18/><T54/><D42/><U25/><E130/><V23/><F23/><W100/><G21/><T113/><D113/><U92/><E131/><V63/><F63/><W91/><G20/><T135/><D135/><U27/><E128/><RYUUKYOKU ba="0,1" sc="290,15,263,-15,217,15,220,-15" hai0="10,13,17,44,54,64,66" hai2="3,6,8,26,31,33,52,53,55,56,62,80,81" /><INIT seed="2,1,1,1,3,51" ten="305,248,232,205" oya="2" hai0="52,20,13,102,45,50,19,120,37,3,65,30,77" hai1="31,7,130,125,63,81,5,72,119,23,134,11,126" hai2="97,111,66,86,116,101,54,103,90,35,25,122,4" hai3="133,100,78,67,8,14,58,129,33,43,83,29,6"/><V62/><F116/><W57/><G133/><T10/><D120/><U128/><E119/><V104/><F122/><W27/><G129/><N who="1" m="49770" /><E63/><V53/><F103/><W112/><G112/><T124/><D124/><N who="1" m="47723" /><E72/><V17/><F4/><N who="1" m="1609" /><E81/><V106/><F106/><W127/><G127/><T69/><D69/><U76/><E76/><V82/><F111/><W2/><G67/><T9/><D77/><U41/><E41/><V42/><F42/><W92/><G43/><T117/><D65/><U118/><E118/><V107/><F107/><W110/><G110/><T109/><D109/><U95/><E95/><V80/><F80/><W55/><G58/><T24/><D117/><U114/><E114/><V26/><F17/><W34/><G92/><T60/><D60/><U75/><E75/><V87/><F87/><W48/><G100/><T0/><D102/><U46/><E46/><V88/><F90/><W94/><G94/><T105/><D105/><U18/><E134/><V74/><F74/><W121/><G121/><T96/><D96/><U61/><E61/><V56/><REACH who="2" step="1"/><F25/><REACH who="2" ten="305,248,222,205" step="2"/><W39/><G83/><T21/><D24/><N who="1" m="16799" /><E18/><V91/><F91/><W99/><G78/><T40/><D19/><U132/><E132/><V131/><F131/><W47/><G99/><T44/><D40/><U135/><E135/><V22/><F22/><W79/><G79/><T36/><D21/><U49/><E11/><V123/><F123/><W84/><G84/><T85/><D9/><U93/><E93/><V98/><F98/><W28/><G8/><T73/><D10/><U12/><E12/><V64/><F64/><RYUUKYOKU ba="1,2" sc="305,-15,248,15,222,15,205,-15" hai1="49" hai2="26,35,53,54,56,62,66,82,86,88,97,101,104" /><INIT seed="2,2,2,5,3,34" ten="290,263,237,190" oya="2" hai0="93,64,128,135,129,53,48,119,8,86,27,87,26" hai1="7,11,63,78,103,131,133,44,101,39,31,110,60" hai2="107,112,92,96,50,117,4,99,5,73,6,77,28" hai3="51,58,116,102,30,70,85,106,62,74,127,95,1"/><V38/><F117/><W120/><G127/><T94/><D119/><U18/><E31/><V52/><F112/><W83/><G120/><T79/><D64/><U3/><E131/><N who="0" m="50249" /><D135/><U121/><E133/><V45/><F38/><W100/><G116/><T130/><D130/><U49/><E121/><V72/><F77/><W89/><G106/><T66/><D66/><U24/><E110/><V82/><F82/><W0/><G70/><T67/><D67/><U37/><E78/><V115/><F115/><W43/><G62/><T15/><D94/><U2/><E18/><V126/><F126/><W123/><G123/><T21/><D93/><U46/><E11/><V61/><F28/><W57/><G57/><N who="0" m="32935" /><D79/><U113/><E113/><V36/><F36/><W71/><G71/><T56/><D56/><U32/><E49/><V33/><F33/><W65/><G65/><T10/><D10/><U111/><E32/><V84/><F61/><W114/><G114/><T97/><D97/><U122/><E122/><V88/><REACH who="2" step="1"/><F107/><REACH who="2" ten="290,263,227,190" step="2"/><W40/><G83/><T81/><D81/><U23/><E111/><V20/><F20/><W68/><G74/><AGARI ba="2,3" hai="4,5,6,45,50,52,72,73,74,84,88,92,96,99" machi="74" ten="40,7700,0" yaku="1,1,54,2,53,0" doraHai="34" doraHaiUra="75" who="2" fromWho="3" sc="290,0,263,0,227,113,190,-83" /><INIT seed="2,3,0,1,1,62" ten="290,263,340,107" oya="2" hai0="22,75,106,11,37,21,12,94,91,63,57,110,95" hai1="69,122,4,73,103,45,38,43,19,77,34,39,50" hai2="89,59,119,114,104,133,78,125,117,120,109,127,46" hai3="105,131,51,101,121,44,68,96,86,41,108,8,85"/><V80/><F46/><W0/><G131/><T2/><D106/><U15/><E34/><V102/><F59/><W55/><G121/><T84/><D37/><U82/><E122/><V61/><F61/><W47/><G108/><T18/><D75/><U30/><E30/><V70/><F70/><W93/><G68/><T31/><D110/><U83/><E69/><V49/><F49/><W33/><G33/><T53/><D2/><U16/><E103/><V107/><F120/><W52/><G105/><N who="2" m="40521" /><F102/><W99/><G99/><T116/><D116/><N who="2" m="44618" /><F109/><W90/><G55/><T66/><D31/><U9/><E19/><V118/><F118/><W92/><G8/><T88/><D53/><U76/><REACH who="1" step="1"/><E4/><REACH who="1" ten="290,253,340,107" step="2"/><V48/><F114/><W65/><G0/><T129/><D129/><U26/><E26/><V17/><F17/><W23/><G23/><T126/><D126/><U28/><E28/><V24/><F24/><W58/><G86/><AGARI ba="3,1" hai="11,12,18,21,22,57,63,66,84,86,88,91,94,95" machi="86" ten="30,8000,1" yaku="7,1,9,1,8,1,52,1,54,1" doraHai="62" who="0" fromWho="3" sc="290,99,253,0,340,0,107,-89" /><AGARI ba="3,0" hai="9,15,16,38,39,43,45,50,73,76,77,82,83,86" machi="86" ten="30,3900,0" yaku="1,1,7,1,54,1,53,0" doraHai="62" doraHaiUra="115" who="1" fromWho="3" sc="389,0,253,39,340,0,18,-39" owari="389,49.0,292,-11.0,340,14.0,-21,-52.0" /></mjloggm>