<mjloggm ver="2.3"><GO type="169" lobby="0"/><UN n0="%E3%83%88%E3%83%88%E3%83%AA%E5%85%88%E7%94%9F%31%39%E6%AD%B3" n1="%E3%81%82%E3%81%8A%E3%81%8D%E3%82%93%E3%81%90" n2="%E3%82%A4%E3%82%AB%E5%A8%98" n3="%E7%88%BD%E6%B5%B7" dan="18,16,16,17" rate="2243.95,2097.15,2111.68,2093.79" sx="F,M,M,F"/><TAIKYOKU oya="0"/><INIT seed="0,0,0,5,5,11" ten="250,250,250,250" oya="0" hai0="67,63,114,61,35,51,93,135,58,37,92,102,98" hai1="118,9,70,91,121,68,87,39,21,59,124,26,75" hai2="34,13,107,48,101,8,131,56,71,72,119,113,106" hai3="88,52,54,43,12,55,77,134,128,115,50,85,110"/><T127/><D127/><U66/><E124/><V10/><F113/><W33/><G115/><T17/><D135/><U1/><E39/><V19/><F34/><W30/><G134/><T80/><D37/><U73/><E118/><V27/><F71/><W103/><G103/><T82/><D114/><U38/><E121/><V83/><F131/><W15/><G128/><T28/><D28/><U96/><E96/><V100/><F119/><W62/><G77/><T41/><D35/><U123/><E38/><V6/><F72/><W42/><G110/><T64/><D93/><U120/><E59/><V126/><F83/><N who="3" m="49215" /><G33/><T32/><D32/><U76/><E76/><V125/><F125/><W116/><G30/><T130/><D130/><U105/><E1/><V47/><F56/><N who="3" m="35103" /><G116/><T74/><D74/><U20/><E68/><V97/><F126/><W3/><G3/><T57/><D41/><N who="3" m="15369" /><G54/><T129/><D129/><U4/><E73/><V112/><F112/><W90/><G90/><T69/><D69/><U46/><E91/><V29/><F101/><W133/><G133/><T86/><D51/><U16/><E75/><V40/><F106/><W24/><G24/><T78/><D82/><U0/><E70/><V65/><F27/><W53/><G53/><T109/><D109/><U23/><E26/><V108/><F108/><W122/><G122/><T95/><D95/><U5/><E105/><V22/><F29/><W2/><G2/><T36/><D36/><U14/><E120/><V84/><F107/><W49/><G49/><T89/><D102/><U132/><E123/><V117/><F100/><RYUUKYOKU ba="0,0" sc="250,15,250,-15,250,-15,250,15" hai0="17,57,58,61,63,64,67,78,80,86,89,92,98" hai3="12,15,50,52" /><INIT seed="0,1,0,3,5,125" ten="265,235,235,265" oya="0" hai0="24,28,96,25,2,104,14,47,18,26,74,46,17" hai1="122,34,5,83,23,113,118,53,38,15,129,97,85" hai2="50,93,49,35,20,86,33,22,112,65,30,54,37" hai3="11,126,94,66,121,44,29,55,40,124,4,72,132"/><T108/><D2/><U45/><E118/><V80/><F37/><W10/><G72/><T133/><D74/><U100/><E122/><V69/><F112/><W76/><G76/><T79/><D79/><U127/><E34/><V67/><F93/><W6/><G121/><T57/><D133/><U61/><E113/><V32/><F69/><W51/><G66/><T101/><D108/><U89/><E127/><N who="3" m="48682" /><G29/><T71/><D71/><U91/><E91/><V58/><F49/><N who="3" m="26759" /><G94/><T90/><D28/><U109/><E109/><V41/><F41/><W98/><G98/><T78/><D78/><U7/><E97/><V0/><F0/><W27/><G27/><T42/><D14/><U107/><E15/><V87/><F87/><W60/><G60/><T21/><D47/><U116/><E45/><V102/><F30/><W117/><G117/><T64/><D90/><U103/><E89/><N who="2" m="51399" /><F102/><W75/><G75/><T81/><D81/><U9/><E100/><V16/><F65/><W77/><G77/><T48/><REACH who="0" step="1"/><D21/><REACH who="0" ten="255,235,235,265" step="2"/><U95/><E23/><V92/><F22/><W135/><G132/><T123/><D123/><U120/><E83/><V131/><F20/><W39/><G135/><T62/><AGARI ba="1,1" hai="17,18,24,25,26,42,46,48,57,62,64,96,101,104" machi="62" ten="30,3000,0" yaku="1,1,0,1,53,0" doraHai="125" doraHaiUra="134" who="0" fromWho="0" sc="255,43,235,-11,235,-11,265,-11" /><INIT seed="0,2,0,1,4,35" ten="298,224,224,254" oya="0" hai0="20,74,85,18,45,135,67,126,73,130,17,86,43" hai1="31,128,65,5,93,122,36,103,94,69,55,64,76" hai2="107,99,120,119,48,28,80,102,109,16,91,8,59" hai3="121,1,127,116,39,110,79,0,70,61,38,11,44"/><T83/><D130/><U75/><E128/><V89/><F120/><W105/><G116/><T113/><D113/><U111/><E111/><V37/><F37/><N who="3" m="13835" /><G121/><T12/><D135/><U53/><E122/><V21/><F109/><W51/><G51/><T117/><D117/><U77/><E36/><V4/><F28/><W72/><G44/><T123/><D123/><U87/><E75/><V125/><F125/><W30/><G110/><T13/><D126/><U49/><E69/><V96/><F119/><W118/><G118/><T66/><D45/><U23/><E5/><V124/><F124/><W52/><G52/><N who="1" m="20042" /><E49/><V25/><F48/><W47/><G47/><T132/><D20/><U32/><E32/><V92/><F59/><W27/><G11/><T82/><REACH who="0" step="1"/><D132/><REACH who="0" ten="288,224,224,254" step="2"/><U108/><E23/><V95/><F21/><W54/><G127/><T104/><D104/><U71/><E108/><V9/><F107/><W129/><G129/><T58/><D58/><U26/><E71/><V57/><F57/><W62/><G105/><T29/><D29/><U2/><E31/><V7/><F8/><W101/><G70/><T84/><D84/><U114/><E87/><V42/><F9/><W106/><G106/><T56/><D56/><U60/><E114/><V63/><F25/><W97/><G27/><T133/><D133/><U3/><E26/><V78/><F96/><W10/><G30/><T81/><D81/><U14/><E64/><V40/><F99/><W131/><G97/><T88/><D88/><U41/><E65/><V134/><F80/><N who="3" m="45159" /><G131/><T15/><D15/><U90/><E14/><RYUUKYOKU ba="2,1" sc="288,30,224,-10,224,-10,254,-10" hai0="12,13,17,18,43,66,67,73,74,82,83,85,86" /><INIT seed="0,3,1,0,5,16" ten="318,214,214,244" oya="0" hai0="53,89,120,64,73,134,128,70,41,71,103,133,106" hai1="94,86,11,12,10,56,7,108,67,17,25,82,2" hai2="122,102,85,79,69,87,49,127,21,132,96,118,100" hai3="18,5,119,8,30,104,107,54,97,130,129,43,19"/><T75/><D120/><U110/><E94/><V45/><F122/><W35/><G119/><T58/><D128/><U62/><REACH who="1" step="1"/><E25/><REACH who="1" ten="318,204,214,244" step="2"/><V9/><F118/><W125/><G129/><T59/><D106/><U124/><E124/><V24/><F127/><W66/><G130/><T50/><D134/><U76/><AGARI ba="3,2" hai="2,7,10,11,12,17,56,62,67,76,82,86,108,110" machi="76" ten="30,4000,0" yaku="1,1,0,1,53,1" doraHai="16" doraHaiUra="33" who="1" fromWho="1" sc="318,-23,204,69,214,-13,244,-13" /><INIT seed="1,0,0,4,3,22" ten="295,273,201,231" oya="1" hai0="25,87,89,83,82,15,117,16,125,110,97,78,106" hai1="43,2,135,130,118,79,12,40,36,34,131,105,116" hai2="17,134,29,64,68,119,88,91,7,20,67,45,100" hai3="10,37,9,93,90,85,5,115,120,66,23,26,55"/><U11/><E105/><V95/><F119/><W84/><G120/><T48/><D117/><U63/><E2/><V75/><F75/><W86/><G115/><T65/><D110/><U101/><E101/><V71/><F134/><W74/><G74/><T31/><D125/><U80/><E34/><V73/><F73/><W32/><G32/><T4/><D4/><U58/><E135/><V49/><F7/><W61/><G37/><T127/><D127/><U72/><E36/><V51/><F29/><W54/><G9/><T121/><D121/><U132/><E132/><V109/><F109/><W41/><G41/><T76/><D83/><U107/><E107/><V112/><F112/><W0/><G85/><T96/><D65/><N who="2" m="25162" /><F71/><W57/><REACH who="3" step="1"/><G86/><REACH who="3" ten="295,273,201,221" step="2"/><T52/><D78/><U103/><E72/><V104/><F68/><W124/><G124/><T92/><D76/><U62/><E79/><V18/><F104/><W77/><G77/><T14/><D106/><U27/><E116/><V3/><F3/><W56/><G56/><N who="0" m="32775" /><D82/><U13/><E80/><V99/><F45/><W60/><G60/><T1/><D1/><U113/><E63/><V129/><F49/><W6/><G6/><T81/><D81/><U35/><E118/><V94/><F51/><W24/><G24/><T53/><D14/><U69/><E13/><V19/><F20/><W42/><G42/><T70/><D70/><U133/><E69/><V30/><F99/><W126/><G126/><T98/><D15/><U111/><E113/><V50/><F50/><W47/><G47/><T114/><D114/><U38/><E133/><RYUUKYOKU ba="0,1" sc="295,-10,273,-10,201,-10,221,30" hai3="0,5,10,23,26,54,55,57,61,66,84,90,93" /><INIT seed="2,1,1,5,3,82" ten="285,263,191,251" oya="2" hai0="39,48,26,60,116,1,111,0,132,84,8,25,45" hai1="135,12,50,115,72,63,80,13,85,56,37,47,57" hai2="17,103,91,79,55,58,77,69,5,68,117,129,62" hai3="7,53,88,94,122,127,118,22,19,97,81,125,31"/><V126/><F117/><W33/><G118/><T92/><D39/><U34/><E135/><V20/><F126/><N who="3" m="48139" /><G122/><T78/><D116/><U130/><E130/><V23/><F129/><W75/><G7/><T105/><D105/><U42/><E115/><V28/><F5/><W30/><G33/><T133/><D111/><U99/><E34/><V4/><F4/><W96/><G96/><T40/><D60/><U71/><E72/><V66/><F103/><W113/><G113/><T98/><D8/><U27/><E27/><N who="0" m="10249" /><D84/><U101/><E57/><V100/><F100/><W76/><G53/><T61/><D78/><U16/><E37/><V18/><F28/><W83/><G83/><T64/><D92/><N who="1" m="58599" /><E71/><V54/><F91/><W24/><AGARI ba="1,1" hai="19,22,24,30,31,75,76,81,88,94,97" m="48139" machi="24" ten="30,2000,0" yaku="18,1,54,1" doraHai="82" who="3" fromWho="3" sc="285,-6,263,-6,191,-11,251,33" /><INIT seed="3,0,0,2,4,132" ten="279,257,180,284" oya="3" hai0="4,123,114,42,8,68,112,81,98,115,14,40,121" hai1="48,23,134,70,95,30,2,85,92,73,66,54,94" hai2="35,72,20,106,128,7,71,75,12,37,120,46,91" hai3="58,65,18,129,53,111,6,79,45,135,55,13,15"/><W52/><G135/><T116/><D116/><U113/><E113/><V49/><F91/><W89/><G79/><T26/><D68/><U126/><E2/><V109/><F49/><W108/><G129/><T19/><D81/><U78/><E73/><V3/><F46/><W130/><G130/><T80/><D80/><U50/><E134/><V107/><F20/><W105/><G105/><T77/><D77/><U69/><E94/><V119/><F12/><W47/><G89/><T17/><D98/><U127/><E78/><V104/><F7/><W82/><G82/><T90/><D90/><U25/><E23/><V100/><F100/><W51/><G65/><T131/><D131/><U122/><E25/><V41/><F41/><N who="0" m="15978" /><D26/><U101/><E122/><AGARI ba="0,0" hai="4,8,14,17,19,112,114,115,121,122,123" m="15978" machi="122" ten="40,1300,0" yaku="11,1" doraHai="132" who="0" fromWho="1" sc="279,13,257,-13,180,0,284,0" /><INIT seed="4,0,0,0,5,89" ten="292,244,180,284" oya="0" hai0="41,95,35,39,127,71,10,25,94,128,5,24,61" hai1="123,19,11,53,115,110,133,77,108,102,55,48,8" hai2="96,105,91,29,125,2,86,85,23,36,64,82,107" hai3="129,130,122,90,101,0,15,20,32,76,52,104,12"/><T28/><D128/><U111/><E133/><V131/><F2/><W116/><G116/><T38/><D127/><U63/><E123/><V119/><F36/><W50/><G32/><T49/><D25/><U59/><E115/><V43/><F43/><W57/><G0/><T40/><D39/><U73/><E102/><V118/><F125/><W47/><G76/><T98/><D38/><U132/><E132/><V106/><F64/><W14/><G122/><T6/><D49/><U58/><REACH who="1" step="1"/><E19/><REACH who="1" ten="292,234,180,284" step="2"/><V88/><F131/><W100/><G129/><T13/><D6/><U80/><AGARI ba="0,1" hai="8,11,48,53,55,58,59,63,73,77,80,108,110,111" machi="80" ten="40,8000,1" yaku="1,1,2,1,0,1,53,1" doraHai="89" doraHaiUra="56" who="1" fromWho="1" sc="292,-40,234,90,180,-20,284,-20" /><INIT seed="5,0,0,1,3,77" ten="252,324,160,264" oya="1" hai0="37,16,97,71,124,73,65,80,44,89,13,68,81" hai1="115,104,105,2,5,78,64,92,21,112,23,135,125" hai2="46,76,43,55,131,88,10,91,133,50,34,69,57" hai3="66,122,31,49,129,102,9,126,130,35,25,128,60"/><U48/><E135/><V59/><F131/><W110/><G110/><T75/><D124/><U26/><E125/><V14/><F133/><W95/><G126/><T24/><D24/><U3/><E64/><V8/><F34/><W117/><G122/><T100/><D89/><U107/><E23/><V116/><F116/><W98/><G117/><T27/><D27/><U63/><E63/><V101/><F69/><W79/><G49/><T38/><D75/><U114/><E5/><V87/><F101/><W17/><G79/><T1/><D1/><U42/><E78/><V72/><F72/><W96/><G96/><T52/><D73/><U18/><REACH who="1" step="1"/><E92/><REACH who="1" ten="252,314,160,264" step="2"/><V67/><F67/><W90/><G60/><T74/><D65/><U56/><E56/><V113/><F113/><W39/><G66/><T15/><D68/><U51/><E51/><N who="2" m="30975" /><F59/><W53/><G129/><T6/><D71/><U118/><E118/><V32/><F32/><W123/><G35/><T22/><D37/><U94/><E94/><V61/><F61/><W134/><G39/><T45/><D38/><U47/><AGARI ba="0,1" hai="2,3,18,21,26,42,47,48,104,105,107,112,114,115" machi="47" ten="40,12000,1" yaku="1,1,0,1,15,1,53,1" doraHai="77" doraHaiUra="41" who="1" fromWho="1" sc="252,-40,314,130,160,-40,264,-40" /><INIT seed="5,1,0,3,2,75" ten="212,444,120,224" oya="1" hai0="82,8,23,41,52,87,124,133,110,16,58,1,5" hai1="38,64,93,134,88,7,39,98,61,29,51,18,36" hai2="57,49,20,10,44,26,4,14,6,107,103,127,30" hai3="37,47,95,80,27,55,31,90,99,106,53,109,34"/><U28/><E134/><V71/><F127/><W135/><G135/><T60/><D133/><U92/><E7/><V120/><F71/><W11/><G109/><T70/><D124/><U3/><E3/><V115/><F120/><W85/><G106/><T81/><D110/><U102/><E51/><V113/><F57/><W112/><G112/><N who="2" m="43081" /><F103/><W94/><G94/><T9/><D9/><U125/><E18/><N who="2" m="8535" /><F107/><W119/><G119/><T33/><D33/><U111/><E125/><V32/><F44/><W69/><G69/><T67/><D87/><U46/><E46/><V56/><F56/><W91/><G11/><T117/><D117/><U101/><E111/><V104/><F104/><W114/><G114/><T25/><REACH who="0" step="1"/><D41/><REACH who="0" ten="202,444,120,224" step="2"/><U48/><E98/><V62/><F62/><AGARI ba="1,1" hai="1,5,8,16,23,25,52,58,60,62,67,70,81,82" machi="62" ten="30,12000,2" yaku="1,1,2,1,7,1,54,2,53,2" doraHai="75" doraHaiUra="76" who="0" fromWho="2" sc="202,133,444,0,120,-123,224,0" owari="335,14.0,444,54.0,-3,-50.0,224,-18.0" /></mjloggm>