<mjloggm ver="2.3"><GO type="169" lobby="0"/><UN n0="%E5%B0%B1%E6%B4%BB%E7%94%9F%40%E5%B7%9D%E6%9D%91%E8%BB%8D%E5%9B%A3" n1="%6D%61%74%69%6F%73%61%6E" n2="%E5%87%BA%E6%B0%B4" n3="%4A%57%35%35" dan="17,17,16,18" rate="2192.51,2149.64,2060.60,2190.08" sx="M,M,M,M"/><TAIKYOKU oya="0"/><INIT seed="0,0,0,2,2,104" ten="250,250,250,250" oya="0" hai0="126,78,48,12,131,15,113,72,19,84,63,54,98" hai1="59,106,16,38,68,130,102,116,45,1,114,65,31" hai2="7,33,108,14,2,86,3,73,95,49,35,29,10" hai3="93,41,134,129,90,82,46,67,36,88,117,24,50"/><T5/><D113/><U100/><E1/><V123/><F108/><W118/><G134/><T77/><D126/><U4/><E4/><V40/><F123/><W13/><G129/><T8/><D131/><U0/><E0/><V111/><F111/><W56/><G24/><T79/><D63/><U76/><E31/><V34/><F73/><W128/><G128/><T124/><D124/><U47/><E106/><V109/><F109/><W101/><G101/><T110/><D110/><U27/><E116/><V87/><F29/><W89/><G93/><T103/><D72/><U122/><E68/><V105/><F105/><W32/><G32/><T30/><D30/><U9/><E38/><V23/><F23/><W61/><G82/><T85/><D103/><U132/><E132/><V66/><F66/><W39/><G39/><T96/><D84/><U57/><E130/><V97/><F40/><W133/><G133/><T83/><D12/><N who="1" m="7183" /><E122/><V17/><F49/><W22/><G36/><T44/><REACH who="0" step="1"/><D5/><REACH who="0" ten="240,250,250,250" step="2"/><U107/><E102/><V43/><F86/><W94/><G118/><T80/><D80/><U58/><E114/><V81/><F87/><N who="3" m="52511" /><G117/><T28/><D28/><U71/><E100/><V18/><F81/><W119/><G119/><T127/><D127/><U91/><E107/><V115/><F115/><W52/><G67/><T74/><D74/><U25/><E76/><AGARI ba="0,1" hai="8,15,19,44,48,54,76,77,78,79,83,85,96,98" machi="76" ten="40,3900,0" yaku="1,1,8,1,53,0" doraHai="104" doraHaiUra="70" who="0" fromWho="1" sc="240,49,250,-39,250,0,250,0" /><INIT seed="0,1,0,5,1,109" ten="289,211,250,250" oya="0" hai0="58,61,106,25,75,59,120,89,54,126,17,82,44" hai1="18,132,40,65,98,125,35,55,76,94,77,124,104" hai2="134,26,97,122,119,51,70,95,34,64,49,116,12" hai3="50,42,1,73,113,129,100,79,84,121,31,57,63"/><T45/><D106/><U6/><E104/><V46/><F122/><W38/><G1/><T103/><D120/><U3/><E35/><V28/><F134/><W33/><G121/><T32/><D103/><U67/><E132/><V11/><F70/><W102/><G129/><T27/><D126/><U60/><E40/><V92/><F64/><W5/><G5/><T48/><D32/><U86/><E3/><V111/><F111/><W131/><G73/><T13/><D45/><U62/><E6/><N who="2" m="3191" /><F97/><W128/><G38/><T30/><D30/><U39/><E39/><V22/><F34/><W20/><G33/><T110/><D110/><U7/><E7/><V24/><F24/><W41/><G50/><N who="2" m="18953" /><F46/><W80/><G42/><T90/><D75/><U37/><E37/><V133/><F133/><W56/><G41/><T91/><D82/><U93/><E55/><V23/><F23/><W29/><G20/><N who="0" m="11311" /><D44/><U14/><E124/><V4/><F4/><W78/><G80/><T99/><D99/><U71/><E125/><V117/><AGARI ba="1,0" hai="22,26,28,92,95,116,117,119" m="18953,3191" machi="117" ten="40,1500,0" yaku="12,1" doraHai="109" who="2" fromWho="2" sc="289,-8,211,-5,250,18,250,-5" /><INIT seed="1,0,0,2,2,30" ten="281,206,268,245" oya="1" hai0="55,104,133,52,110,123,88,118,111,7,79,47,17" hai1="1,14,6,107,4,16,15,116,92,0,42,39,87" hai2="108,120,96,61,48,51,69,36,24,101,89,115,95" hai3="124,131,10,33,25,13,100,134,129,91,26,83,106"/><U35/><E107/><V127/><F108/><N who="0" m="41514" /><D118/><U93/><E39/><V80/><F120/><W113/><G113/><T20/><D104/><U77/><E42/><V11/><F127/><W135/><G100/><T103/><D103/><U28/><E77/><V84/><F36/><W5/><G106/><T62/><D133/><N who="3" m="50697" /><G91/><T9/><D79/><U19/><E87/><V73/><F115/><W27/><G83/><T99/><D47/><U49/><E49/><V2/><F73/><W81/><G81/><T90/><D62/><U37/><E37/><V85/><F85/><W102/><G102/><T65/><D65/><U119/><REACH who="1" step="1"/><E28/><REACH who="1" ten="281,196,268,245" step="2"/><V29/><F29/><N who="3" m="19631" /><G124/><T3/><D123/><U44/><E44/><V32/><F84/><W105/><G105/><T132/><D132/><U31/><E31/><V43/><F101/><W34/><G34/><AGARI ba="0,1" hai="0,1,4,6,14,15,16,19,34,35,92,93,116,119" machi="34" ten="25,18000,2" yaku="1,1,22,2,52,2,54,1,53,0" doraHai="30" doraHaiUra="46" who="1" fromWho="3" sc="281,0,196,190,268,0,245,-180" /><INIT seed="1,1,0,1,1,111" ten="281,386,268,65" oya="1" hai0="53,70,94,122,46,1,131,68,6,121,29,75,82" hai1="134,132,78,51,99,47,85,48,72,58,117,113,34" hai2="109,101,123,15,43,52,23,105,89,24,74,39,63" hai3="22,32,86,98,28,18,56,119,45,84,9,37,106"/><U35/><E117/><V41/><F109/><W81/><G119/><T133/><D133/><N who="1" m="51307" /><E72/><V38/><F123/><N who="0" m="47114" /><D131/><U71/><E71/><V59/><F89/><W17/><G32/><T21/><D1/><U91/><E99/><V33/><F74/><W66/><G84/><T118/><D6/><U20/><E78/><V10/><F33/><W64/><G28/><T27/><D94/><U112/><E20/><V12/><F105/><W13/><G56/><T116/><D116/><U76/><E76/><V3/><F101/><W77/><G98/><T61/><D118/><U62/><E35/><V40/><F3/><W54/><G106/><T107/><D107/><U7/><E7/><V30/><REACH who="2" step="1"/><F15/><REACH who="2" ten="281,386,258,65" step="2"/><N who="3" m="7407" /><G37/><T11/><D75/><U60/><E34/><V79/><F79/><W14/><G13/><T19/><D82/><N who="1" m="49591" /><E62/><V16/><AGARI ba="1,1" hai="10,12,16,23,24,30,38,39,40,41,43,52,59,63" machi="16" ten="30,7900,0" yaku="1,1,0,1,54,2,53,0" doraHai="111" doraHaiUra="88" who="2" fromWho="2" sc="281,-21,386,-40,258,92,65,-21" /><INIT seed="2,0,0,3,0,102" ten="260,346,350,44" oya="2" hai0="134,38,94,122,34,97,76,23,16,42,9,79,120" hai1="119,13,106,18,103,135,56,32,44,51,15,118,91" hai2="64,37,52,114,107,3,41,116,65,36,70,75,101" hai3="4,71,90,33,8,40,105,63,74,73,12,14,115"/><V130/><F116/><W95/><G33/><T19/><D34/><U55/><E32/><V124/><F114/><W6/><G115/><T45/><D134/><U68/><E68/><V121/><F3/><W46/><G105/><T112/><D112/><U125/><E135/><V50/><F75/><W47/><G71/><T132/><D132/><U2/><E2/><V87/><F121/><W67/><G67/><T80/><D9/><U88/><E15/><V99/><F124/><W96/><G63/><T11/><D11/><U100/><E125/><V31/><F130/><W86/><G46/><T53/><D53/><U126/><E126/><V109/><F109/><W28/><G28/><T78/><D19/><U82/><E118/><V30/><F87/><W85/><G85/><T117/><D117/><U133/><E133/><V0/><F0/><W128/><G128/><T110/><D110/><U84/><E106/><V77/><F77/><W22/><G6/><T72/><D122/><U7/><E7/><V61/><F65/><W5/><G5/><T54/><D54/><N who="1" m="30055" /><E91/><V98/><F98/><W89/><G22/><T66/><D66/><U62/><E119/><V69/><F69/><W60/><G14/><T57/><D57/><U43/><E43/><V127/><F127/><W25/><G25/><N who="0" m="14567" /><D120/><U49/><E62/><V48/><F48/><N who="3" m="26727" /><G60/><T1/><D1/><U26/><E26/><V39/><REACH who="2" step="1"/><F41/><REACH who="2" ten="260,346,340,44" step="2"/><W81/><G74/><T93/><D97/><U10/><AGARI ba="0,1" hai="10,13,18,49,55,56,82,84,88,100,103" m="30055" machi="10" ten="30,4000,0" yaku="25,1,8,1,54,1" doraHai="102" who="1" fromWho="1" sc="260,-10,346,50,340,-20,44,-10" /><INIT seed="3,0,0,4,0,15" ten="250,396,320,34" oya="3" hai0="44,116,108,16,7,125,120,86,101,58,37,48,71" hai1="93,79,111,1,97,27,115,8,21,62,130,91,61" hai2="73,28,119,50,57,46,60,127,35,22,36,54,29" hai3="25,131,24,135,133,134,121,2,53,3,68,104,112"/><W34/><G68/><T45/><D71/><U32/><E32/><V72/><F119/><W31/><G104/><T118/><D120/><U82/><E115/><V110/><F110/><W109/><G112/><T98/><D108/><U17/><E111/><V128/><F128/><W129/><G109/><T102/><D7/><U76/><E130/><N who="3" m="49674" /><G53/><T96/><D125/><U19/><E1/><N who="3" m="10" /><G25/><T87/><D48/><U4/><E4/><V92/><F36/><W0/><N who="3" m="18" /><W124/><DORA hai="75" /><G121/><T67/><D37/><U114/><E114/><V94/><F127/><AGARI ba="0,0" hai="24,31,34,124,127,133,134,135" m="18,49674" machi="127" ten="60,18000,2" yaku="30,2,20,1,19,1,23,1,34,2" doraHai="15,75" who="3" fromWho="2" sc="250,0,396,0,320,-180,34,180" /><INIT seed="3,1,0,3,5,23" ten="250,396,140,214" oya="3" hai0="125,95,61,47,0,9,90,104,64,19,133,2,59" hai1="26,117,46,135,55,48,49,56,38,72,108,12,60" hai2="34,114,36,96,4,5,81,63,15,70,79,123,120" hai3="31,129,109,74,71,116,62,25,119,65,103,121,39"/><W53/><G121/><N who="2" m="46665" /><F114/><W89/><G74/><T51/><D104/><U113/><E113/><V14/><F36/><W82/><G129/><T28/><D125/><U84/><E72/><N who="2" m="43239" /><F96/><W110/><G39/><T24/><D133/><U7/><E108/><N who="3" m="41578" /><G103/><T58/><D58/><U94/><E135/><V111/><F111/><W50/><G89/><T93/><D19/><U6/><E117/><V92/><F92/><W13/><G13/><N who="2" m="4617" /><F34/><N who="3" m="20847" /><G82/><T3/><D9/><U42/><E38/><V17/><F17/><W78/><G78/><T132/><D132/><U100/><E100/><V101/><F101/><W107/><G107/><T29/><D90/><N who="1" m="53575" /><E12/><V102/><F102/><W130/><G130/><T32/><REACH who="0" step="1"/><D28/><REACH who="0" ten="240,396,140,214" step="2"/><U87/><E6/><V67/><AGARI ba="1,1" hai="4,5,63,67,70" m="4617,43239,46665" machi="67" ten="30,1100,0" yaku="13,1" doraHai="23" who="2" fromWho="2" sc="240,-4,396,-4,140,24,214,-6" /><INIT seed="4,0,0,0,3,112" ten="236,392,164,208" oya="0" hai0="93,122,5,98,106,118,113,51,102,29,8,86,107" hai1="63,2,49,18,124,58,104,123,55,116,125,73,101" hai2="120,109,84,75,92,20,115,30,65,47,40,94,38" hai3="14,54,76,4,70,53,11,105,33,68,52,3,28"/><T111/><D113/><U134/><E73/><V80/><F109/><W69/><G105/><T46/><D122/><U132/><E2/><V114/><F120/><W64/><G76/><T1/><D111/><U110/><E110/><V42/><F42/><W15/><REACH who="3" step="1"/><G64/><REACH who="3" ten="236,392,164,198" step="2"/><T60/><D118/><U67/><E123/><V0/><F65/><W59/><G59/><T6/><D6/><U121/><E121/><V21/><F115/><W27/><AGARI ba="0,1" hai="3,4,11,14,15,27,28,33,52,53,54,68,69,70" machi="27" ten="40,5200,0" yaku="1,1,0,1,54,1,53,0" doraHai="112" doraHaiUra="37" who="3" fromWho="3" sc="236,-26,392,-13,164,-13,198,62" /><INIT seed="5,0,0,3,5,65" ten="210,379,151,260" oya="1" hai0="122,42,27,121,59,14,84,88,0,51,99,12,74" hai1="4,117,116,94,33,15,41,48,70,29,86,25,92" hai2="105,47,3,78,118,9,132,127,71,97,45,16,11" hai3="104,40,113,31,49,98,28,69,20,133,57,5,115"/><U93/><E86/><V135/><F118/><W72/><G72/><T91/><D74/><U34/><E34/><V46/><F127/><W6/><G133/><N who="2" m="51273" /><F78/><W102/><G69/><T30/><D0/><U73/><E73/><V62/><F3/><W50/><G50/><T8/><D99/><U7/><E70/><V56/><F105/><W109/><G109/><T19/><D14/><U61/><E61/><V68/><F97/><W60/><G49/><T87/><D87/><U85/><E85/><V35/><F35/><W112/><G40/><T82/><D91/><U107/><E107/><V39/><F39/><W100/><G100/><T76/><D76/><U130/><E130/><V44/><N who="2" m="11776" /><DORA hai="120" /><V125/><F125/><W124/><G124/><T54/><REACH who="0" step="1"/><D42/><REACH who="0" ten="200,379,151,260" step="2"/><U90/><E41/><V95/><F95/><W24/><G98/><T38/><D38/><U108/><E94/><V26/><F26/><N who="3" m="16455" /><G104/><T110/><D110/><U55/><E93/><V83/><F83/><W53/><G102/><T66/><D66/><U114/><E108/><V75/><F75/><W131/><G131/><T101/><D101/><U13/><E92/><V21/><F21/><AGARI ba="0,1" hai="5,6,21,24,31,53,57,60,112,113,115" m="16455" machi="21" ten="30,1000,0" yaku="15,1" doraHai="65,120" who="3" fromWho="2" sc="200,0,379,0,151,-10,260,20" /><AGARI ba="0,0" hai="8,12,19,21,27,30,51,54,59,82,84,88,121,122" machi="21" ten="40,8000,1" yaku="1,1,54,1,53,2" doraHai="65,120" doraHaiUra="22,10" who="0" fromWho="2" sc="200,80,379,0,141,-80,280,0" /><INIT seed="6,0,0,2,0,70" ten="280,379,61,280" oya="2" hai0="50,5,99,42,30,98,129,18,17,76,104,77,102" hai1="27,20,110,114,24,36,65,26,28,89,133,96,115" hai2="90,135,40,32,117,100,91,95,58,10,72,21,82" hai3="15,119,83,47,60,33,43,31,122,127,64,63,112"/><V51/><F117/><W85/><G122/><T105/><D5/><U79/><E110/><V125/><F125/><W61/><G119/><T45/><D30/><U37/><E133/><V94/><F135/><W46/><G127/><T19/><D129/><U101/><E89/><N who="2" m="33803" /><F32/><W118/><G118/><T48/><D48/><U69/><E79/><N who="2" m="44391" /><F21/><W93/><G93/><N who="2" m="35337" /><F40/><W92/><G31/><T8/><D8/><U75/><E69/><V130/><F10/><W87/><G33/><T54/><D42/><U108/><E65/><V25/><F25/><N who="1" m="9833" /><E108/><V68/><F68/><W3/><G43/><T78/><D78/><U128/><E128/><V86/><F58/><W120/><G3/><T38/><D38/><U73/><E73/><V1/><F1/><W7/><G64/><T131/><D131/><U111/><E75/><V56/><F130/><W132/><G132/><T74/><D74/><U11/><E111/><V49/><F100/><AGARI ba="0,0" hai="17,18,19,45,50,54,76,77,98,99,100,102,104,105" machi="100" ten="40,1300,0" yaku="9,1" doraHai="70" who="0" fromWho="2" sc="280,13,379,0,61,-13,280,0" /><INIT seed="7,0,0,4,0,37" ten="293,379,48,280" oya="3" hai0="4,51,44,7,103,38,99,74,128,121,72,123,54" hai1="46,20,90,50,66,98,18,6,12,85,15,133,23" hai2="55,77,40,88,102,101,57,93,117,27,39,118,97" hai3="134,63,13,132,33,86,112,127,131,104,126,78,9"/><W129/><G104/><T47/><D128/><N who="3" m="49225" /><G33/><T124/><D124/><N who="3" m="47657" /><G112/><T11/><D74/><U14/><E133/><N who="3" m="51306" /><G63/><T53/><D72/><U62/><E62/><V113/><F113/><W59/><G59/><T130/><D130/><U65/><E6/><V16/><F16/><N who="3" m="8239" /><G86/><T67/><D67/><N who="1" m="25611" /><E98/><V1/><F97/><W42/><G42/><T105/><D7/><U125/><E125/><V114/><F40/><W115/><G115/><T108/><D4/><U52/><E18/><V111/><F114/><W61/><G61/><T49/><D38/><U116/><E116/><V25/><F39/><W76/><AGARI ba="0,0" hai="76,78" m="8239,51306,47657,49225" machi="76" ten="40,48000,5" yakuman="39" doraHai="37" who="3" fromWho="3" paoWho="1" sc="293,0,379,-480,48,0,280,480" owari="293,9.0,-101,-60.0,48,-35.0,760,86.0" /></mjloggm>