<mjloggm ver="2.3"><GO type="169" lobby="0"/><UN n0="%68%61%7A%75%6B%69%38%39" n1="%79%6F%79%75%75%37%37" n2="%E5%B0%B1%E6%B4%BB%E7%94%9F%40%E5%B7%9D%E6%9D%91%E8%BB%8D%E5%9B%A3" n3="%E3%81%A8%E3%81%A9%E3%81%8C" dan="16,16,18,16" rate="2178.17,2080.52,2235.57,2090.48" sx="F,M,M,M"/><TAIKYOKU oya="0"/><INIT seed="0,0,0,3,5,51" ten="250,250,250,250" oya="0" hai0="23,17,13,103,86,35,107,120,0,64,129,98,73" hai1="22,75,83,99,114,41,135,46,8,56,47,53,82" hai2="70,24,77,34,6,76,101,91,10,105,16,25,1" hai3="110,90,15,58,84,63,30,37,72,133,59,65,130"/><T52/><D120/><U19/><E135/><V115/><F115/><W54/><G133/><T21/><D73/><U49/><E114/><V27/><F70/><W36/><G130/><T14/><D0/><U127/><E127/><V2/><F2/><W96/><G110/><T87/><D129/><U38/><E75/><V3/><F3/><W29/><G72/><T117/><D117/><U50/><E99/><V125/><F125/><W12/><G96/><T43/><D35/><U112/><E8/><V60/><F34/><W81/><G37/><T69/><D43/><U113/><E113/><V106/><F101/><W104/><G104/><T40/><D40/><U33/><E33/><V4/><F4/><W57/><G59/><T126/><D126/><U9/><E9/><V62/><F91/><W80/><G81/><T20/><D64/><U131/><E131/><V79/><REACH who="2" step="1"/><F16/><REACH who="2" ten="250,250,240,250" step="2"/><W122/><G122/><T67/><D14/><U44/><E112/><V61/><AGARI ba="0,1" hai="1,6,10,24,25,27,60,61,62,76,77,79,105,106" machi="61" ten="40,8000,1" yaku="1,1,2,1,0,1,29,2,53,0" doraHai="51" doraHaiUra="134" who="2" fromWho="2" sc="250,-40,250,-20,240,90,250,-20" /><INIT seed="1,0,0,4,4,61" ten="210,230,330,230" oya="1" hai0="115,100,20,118,87,92,50,9,1,98,22,47,77" hai1="126,13,33,55,85,43,26,71,45,48,101,10,2" hai2="58,70,132,83,114,112,28,21,69,105,3,72,4" hai3="25,56,68,34,5,0,128,81,6,123,134,18,109"/><U65/><E126/><V120/><F105/><W95/><G123/><T64/><D115/><U111/><E2/><V37/><F120/><W103/><G81/><T110/><D110/><U104/><E111/><V36/><F132/><W41/><G109/><T119/><D119/><U117/><E117/><V42/><F28/><W125/><G134/><T135/><D135/><U19/><E85/><V96/><F21/><W82/><G82/><T129/><D129/><U124/><E124/><V60/><F96/><W15/><G128/><T73/><D73/><U99/><E43/><V84/><F4/><W127/><G68/><N who="2" m="26217" /><F72/><W29/><G41/><T90/><D77/><U78/><E78/><V66/><F3/><W108/><G6/><T31/><D9/><U133/><E133/><V49/><F84/><W16/><G108/><T52/><D1/><U35/><REACH who="1" step="1"/><E26/><REACH who="1" ten="210,220,330,230" step="2"/><V74/><F74/><W53/><G125/><T24/><D118/><U94/><E94/><V12/><F83/><W54/><G127/><T63/><D24/><U131/><E131/><V75/><F75/><W62/><G0/><T17/><D31/><U39/><E39/><N who="2" m="14923" /><F12/><W38/><G29/><T46/><D87/><U44/><E44/><AGARI ba="0,1" hai="42,44,49,58,60,66,112,114" m="14923,26217" machi="44" ten="40,5200,0" yaku="34,2,52,1" doraHai="61" who="2" fromWho="1" sc="210,0,220,-52,330,62,230,0" /><INIT seed="2,0,0,3,1,46" ten="210,168,392,230" oya="2" hai0="0,20,135,115,56,95,32,38,105,72,37,75,117" hai1="18,80,48,111,128,50,14,87,68,25,130,134,65" hai2="123,79,121,36,116,47,126,12,63,81,42,131,66" hai3="57,84,40,44,22,39,114,9,83,61,92,58,108"/><V78/><F116/><W67/><G108/><T73/><D20/><U127/><E111/><V96/><F126/><W112/><G92/><T62/><D95/><U94/><E94/><V19/><F131/><N who="1" m="50217" /><E127/><V132/><F132/><W11/><G22/><T53/><D115/><N who="3" m="44073" /><G58/><T86/><D135/><U17/><E134/><V101/><F79/><AGARI ba="0,0" hai="9,11,39,40,44,57,61,67,79,83,84" m="44073" machi="79" ten="30,1000,0" yaku="11,1" doraHai="46" who="3" fromWho="2" sc="210,0,168,0,392,-10,230,10" /><INIT seed="3,0,0,5,4,116" ten="210,168,382,240" oya="3" hai0="31,128,125,111,135,57,132,26,100,133,113,79,95" hai1="97,3,54,94,76,2,29,70,10,74,108,40,16" hai2="71,6,127,69,52,122,81,121,50,45,48,25,61" hai3="5,35,1,15,8,46,67,68,30,88,41,78,18"/><W119/><G119/><T66/><D79/><U24/><E70/><N who="2" m="26635" /><F6/><W86/><G78/><T64/><D111/><U17/><E108/><V72/><F25/><W106/><G106/><T124/><D113/><U105/><E105/><V60/><F72/><W91/><G68/><T28/><D57/><U85/><E74/><V12/><F12/><W107/><G67/><N who="0" m="25643" /><D95/><U47/><E54/><N who="2" m="29967" /><F81/><W4/><G107/><T112/><D100/><U22/><E76/><V21/><F21/><N who="3" m="11487" /><G86/><T114/><D26/><U75/><E85/><V62/><F127/><N who="0" m="48714" /><D112/><U131/><E131/><V43/><F43/><W27/><G5/><T58/><D58/><AGARI ba="0,0" hai="50,52,58,60,61,62,121,122" m="29967,26635" machi="58" ten="30,8000,1" yaku="34,2,52,2,54,1" doraHai="116" who="2" fromWho="0" sc="210,-80,168,0,382,80,240,0" /><INIT seed="4,0,0,2,0,118" ten="130,168,462,240" oya="0" hai0="3,87,46,114,32,124,12,97,82,2,51,102,30" hai1="10,106,65,24,23,111,45,29,13,121,93,104,58" hai2="86,50,125,95,20,27,44,128,122,75,35,108,69" hai3="17,80,117,84,53,15,59,85,113,43,134,25,66"/><T116/><D116/><U89/><E121/><V9/><F75/><W5/><G117/><T72/><D72/><U56/><E111/><V61/><F35/><W28/><G113/><T127/><D114/><U57/><E65/><V135/><F125/><N who="0" m="48202" /><D30/><U110/><E110/><V39/><F39/><W107/><G134/><T49/><D32/><U78/><E78/><V103/><F9/><W0/><G107/><N who="0" m="63951" /><D12/><U101/><E101/><V7/><F7/><W55/><G5/><T129/><D129/><U74/><E74/><V92/><F61/><N who="3" m="38207" /><G0/><N who="0" m="43" /><D46/><U14/><E45/><V41/><F27/><W77/><G25/><T11/><D11/><U90/><E14/><V91/><F20/><W115/><G28/><T37/><D37/><U99/><REACH who="1" step="1"/><E90/><AGARI ba="0,0" hai="49,51,82,87,90" m="43,63951,48202" machi="90" ten="30,1500,0" yaku="18,1" doraHai="118" who="0" fromWho="1" sc="130,15,168,-15,462,0,240,0" /><INIT seed="4,1,0,4,4,38" ten="145,153,462,240" oya="0" hai0="9,109,134,89,27,36,62,65,5,45,47,123,71" hai1="55,30,66,92,118,57,132,42,60,129,95,3,8" hai2="117,63,135,10,127,91,28,93,26,4,15,112,68" hai3="37,58,103,106,54,124,46,85,20,32,99,64,122"/><T19/><D123/><U6/><E118/><V79/><F117/><W69/><G122/><T17/><D134/><U74/><E132/><V11/><F135/><W73/><G73/><T16/><D109/><U35/><E129/><V41/><F127/><W22/><G124/><T80/><D27/><U34/><E74/><V82/><F112/><W43/><G32/><T116/><D116/><U86/><E30/><V39/><F11/><W52/><G54/><T59/><D71/><U84/><E55/><V56/><F68/><W13/><G13/><T110/><D110/><U113/><E113/><V25/><F41/><W50/><REACH who="3" step="1"/><G85/><REACH who="3" ten="145,153,462,230" step="2"/><N who="0" m="50343" /><D36/><U102/><E34/><V125/><F125/><W12/><G12/><AGARI ba="1,1" hai="5,9,12,16,17,19,45,47,59,62,65" m="50343" machi="12" ten="30,2900,0" yaku="8,1,54,1" doraHai="38" who="0" fromWho="3" sc="145,42,153,0,462,0,230,-32" /><INIT seed="4,2,0,2,4,126" ten="187,153,462,198" oya="0" hai0="93,114,97,65,120,128,34,66,45,59,84,77,127" hai1="110,25,103,96,133,19,112,115,61,46,43,74,119" hai2="53,55,92,113,28,123,18,22,132,10,134,31,109" hai3="3,86,107,88,5,111,71,99,131,122,54,9,44"/><T24/><D120/><U116/><E110/><V6/><F113/><N who="1" m="43593" /><E74/><V63/><F92/><W78/><G111/><T80/><D114/><U100/><E133/><N who="2" m="51307" /><F123/><W26/><G122/><T2/><D2/><U94/><E103/><V33/><F33/><W72/><G71/><T8/><D127/><U85/><E85/><V15/><F109/><W14/><G26/><T11/><D45/><U12/><E25/><N who="2" m="14551" /><F63/><W21/><G107/><T73/><D73/><U130/><E61/><V117/><F117/><W41/><G72/><T89/><D11/><N who="1" m="6559" /><E130/><V30/><AGARI ba="2,0" hai="6,10,15,28,30,31,53,55" m="14551,51307" machi="30" ten="30,1100,0" yaku="20,1" doraHai="126" who="2" fromWho="2" sc="187,-7,153,-5,462,17,198,-5" /><INIT seed="5,0,0,5,4,29" ten="180,148,479,193" oya="1" hai0="78,43,12,103,130,128,18,81,119,112,32,83,52" hai1="28,53,117,116,80,42,87,71,16,27,51,50,45" hai2="10,113,62,19,44,46,55,122,38,0,102,59,97" hai3="49,90,5,89,99,25,70,57,6,82,11,48,30"/><U85/><E71/><V1/><F122/><W9/><G70/><T61/><D119/><U41/><E85/><V93/><F113/><W96/><G82/><T22/><D43/><U3/><E3/><V36/><F1/><W105/><G105/><T108/><D108/><U123/><E123/><V7/><F46/><W88/><G30/><T54/><D103/><U23/><E28/><V74/><F74/><W33/><G25/><T94/><D94/><U86/><E86/><V109/><F109/><W118/><G118/><T8/><D83/><U107/><E107/><V104/><F104/><W60/><G60/><T68/><D112/><U110/><E110/><V20/><F44/><W4/><G33/><T121/><D22/><U67/><E67/><V135/><F135/><W95/><G57/><T77/><D32/><U47/><REACH who="1" step="1"/><E53/><REACH who="1" ten="180,138,479,193" step="2"/><N who="0" m="20585" /><D121/><U126/><E126/><V76/><F76/><AGARI ba="0,1" hai="16,23,27,41,42,45,47,50,51,76,80,87,116,117" machi="76" ten="30,11600,0" yaku="1,1,7,1,9,1,54,1,53,0" doraHai="29" doraHaiUra="98" who="1" fromWho="2" sc="180,0,138,126,479,-116,193,0" /><INIT seed="5,1,0,2,0,34" ten="180,264,363,193" oya="1" hai0="80,32,55,86,68,109,85,16,134,42,22,93,13" hai1="11,62,12,87,112,33,84,52,63,119,108,77,54" hai2="122,9,82,66,38,69,105,29,72,90,17,40,94" hai3="57,20,5,28,15,2,114,48,88,115,113,21,19"/><U65/><E119/><V51/><F105/><W133/><G133/><T45/><D109/><U35/><E112/><V64/><F38/><W8/><G57/><T110/><D110/><U124/><E108/><V18/><F69/><W6/><G48/><T25/><D134/><U49/><E124/><V30/><F82/><W50/><G50/><T135/><D68/><U43/><E43/><V99/><F72/><W1/><G88/><N who="0" m="53399" /><D135/><U70/><E63/><V104/><F104/><W36/><G36/><T31/><D32/><U47/><E54/><V53/><F40/><W61/><G61/><T100/><D100/><U59/><E70/><V60/><F60/><W26/><G21/><N who="0" m="11407" /><D42/><U125/><E125/><V67/><F122/><W10/><G10/><T3/><D3/><AGARI ba="1,0" hai="1,2,3,5,6,8,15,19,20,26,28,113,114,115" machi="3" ten="50,12000,2" yaku="15,1,34,3,52,3" doraHai="34" who="3" fromWho="0" sc="180,-123,264,0,363,0,193,123" /><INIT seed="6,0,0,2,1,86" ten="57,264,363,316" oya="2" hai0="117,24,50,74,109,53,94,105,10,41,87,119,132" hai1="88,127,107,14,78,106,27,21,11,121,122,123,82" hai2="40,47,15,89,33,98,62,3,84,69,0,52,104" hai3="128,38,64,22,63,73,81,71,58,110,2,90,20"/><V101/><F33/><W95/><G110/><T79/><D109/><U45/><E127/><V67/><F15/><W30/><G2/><T72/><D41/><U13/><E45/><V80/><REACH who="2" step="1"/><F52/><REACH who="2" ten="57,264,353,316" step="2"/><W111/><G111/><T66/><D66/><U49/><E13/><V31/><F31/><W126/><G30/><T17/><D117/><U57/><E14/><V97/><F97/><W61/><G126/><T6/><D119/><U103/><E121/><V19/><F19/><W42/><G63/><T83/><D17/><U113/><E122/><V48/><AGARI ba="0,1" hai="0,3,40,47,48,62,67,69,80,84,89,98,101,104" machi="48" ten="20,7800,0" yaku="1,1,0,1,7,1,52,1,53,0" doraHai="86" doraHaiUra="1" who="2" fromWho="2" sc="57,-26,264,-26,353,88,316,-26" /><INIT seed="6,1,0,1,2,66" ten="31,238,441,290" oya="2" hai0="82,55,10,101,21,64,132,61,38,24,63,103,128" hai1="59,130,105,57,62,22,111,65,122,131,96,135,74" hai2="95,104,72,67,48,6,68,39,36,31,42,124,91" hai3="69,44,83,7,94,120,25,73,14,129,108,43,56"/><V100/><F72/><W1/><G108/><T35/><D38/><U54/><E111/><V71/><F6/><W33/><G120/><T77/><D132/><U93/><E74/><V12/><F12/><W52/><G129/><T134/><D134/><U15/><E105/><V102/><F31/><W110/><G110/><T5/><D128/><N who="1" m="49195" /><E135/><V117/><F104/><W119/><G119/><T107/><D63/><U121/><E15/><V97/><F67/><W18/><G94/><T50/><D35/><U16/><E22/><V90/><F117/><W133/><G133/><T28/><D107/><U78/><E78/><V47/><F124/><W45/><G33/><T87/><D55/><U81/><E81/><V76/><F76/><W60/><G83/><T9/><D50/><N who="1" m="30935" /><E16/><V0/><F0/><W23/><G73/><T116/><D116/><U79/><E79/><V92/><F100/><AGARI ba="1,0" hai="59,62,65,93,96,100,121,122" m="30935,49195" machi="100" ten="30,1000,0" yaku="19,1" doraHai="66" who="1" fromWho="2" sc="31,0,238,13,441,-13,290,0" /><INIT seed="7,0,0,2,4,105" ten="31,251,428,290" oya="3" hai0="65,18,131,15,60,111,85,39,125,38,96,95,92" hai1="130,99,134,47,97,31,54,16,98,52,33,32,46" hai2="73,10,66,51,107,103,93,11,4,118,55,45,135" hai3="78,28,67,75,41,109,117,132,63,90,53,29,71"/><W101/><G117/><T89/><D111/><U104/><E104/><V58/><F73/><W8/><G109/><T127/><D60/><U87/><E130/><V23/><F107/><W82/><G132/><T122/><D65/><U124/><E134/><V64/><F135/><W79/><G41/><T36/><D122/><U20/><E124/><V35/><F35/><W106/><G79/><T14/><D131/><U86/><E31/><V17/><F118/><W69/><G69/><T102/><D18/><U50/><E32/><V76/><F76/><W37/><G37/><T116/><D116/><U68/><E33/><V40/><F93/><W57/><G90/><T114/><D102/><U77/><E68/><V24/><F103/><W13/><G101/><T3/><D3/><U123/><E123/><V7/><F11/><W121/><G106/><T5/><D5/><N who="2" m="2122" /><F10/><W30/><G121/><T22/><D22/><U9/><E9/><V19/><F19/><W56/><REACH who="3" step="1"/><G53/><REACH who="3" ten="31,251,428,280" step="2"/><N who="1" m="20586" /><E77/><V48/><AGARI ba="0,1" hai="17,23,24,40,45,48,51,55,58,64,66" m="2122" machi="48" ten="30,1100,0" yaku="8,1" doraHai="105" who="2" fromWho="2" sc="31,-3,251,-3,428,21,280,-5" owari="28,-47.0,248,-15.0,449,54.0,275,8.0" /></mjloggm>