<mjloggm ver="2.3"><GO type="225" lobby="0"/><UN n0="%E5%B0%B1%E6%B4%BB%E7%94%9F%40%E5%B7%9D%E6%9D%91%E8%BB%8D%E5%9B%A3" n1="%E3%81%8F%E3%81%A0%E3%81%8A" n2="%79%75%69%79%75%69%30%30" n3="%E6%9C%80%E5%BC%B7%E6%9C%80%E5%BE%8C" dan="17,17,16,16" rate="2222.79,2149.69,2070.00,2066.11" sx="M,M,M,M"/><TAIKYOKU oya="0"/><INIT seed="0,0,0,5,5,1" ten="250,250,250,250" oya="0" hai0="118,66,27,85,119,49,12,97,26,108,43,6,64" hai1="131,116,104,87,23,91,109,3,22,50,4,29,17" hai2="34,88,96,38,35,36,10,55,90,95,70,106,16" hai3="117,57,103,80,9,123,120,41,39,74,86,30,11"/><T92/><D108/><U62/><E116/><V56/><F70/><W60/><G117/><T79/><D118/><U67/><E104/><V121/><F121/><N who="3" m="46667" /><G74/><T82/><D119/><U52/><E109/><V77/><F106/><W53/><G30/><T5/><D43/><U105/><E105/><V133/><F133/><W18/><G103/><N who="0" m="60839" /><D49/><U2/><E131/><V44/><F77/><N who="3" m="46351" /><G18/><T61/><D12/><U73/><E73/><V98/><F35/><W13/><G13/><T28/><D61/><U81/><E29/><V107/><F34/><W37/><G41/><T40/><D40/><U128/><E128/><V25/><F107/><W71/><G71/><T14/><D14/><U75/><E75/><V58/><F38/><AGARI ba="0,0" hai="9,11,37,38,39,53,57,60" m="46351,46667" machi="38" ten="30,1000,0" yaku="13,1" doraHai="1" who="3" fromWho="2" sc="250,0,250,0,250,-10,250,10" /><INIT seed="1,0,0,0,2,117" ten="250,250,240,260" oya="1" hai0="40,135,39,55,59,100,46,93,72,45,83,31,12" hai1="8,69,28,54,35,33,111,110,98,87,109,125,65" hai2="36,74,134,76,0,119,61,106,20,103,16,132,64" hai3="11,7,127,10,67,89,91,27,131,70,94,130,22"/><U13/><E125/><V42/><F0/><W56/><G127/><T126/><D135/><N who="2" m="51754" /><F119/><W37/><G37/><T96/><D126/><U17/><E28/><V92/><F74/><W60/><G70/><T53/><D31/><U108/><N who="1" m="27648" /><DORA hai="6" /><U97/><E87/><V19/><F76/><W78/><G91/><T26/><D26/><U43/><E43/><V101/><F106/><W85/><G78/><T23/><D46/><U99/><REACH who="1" step="1"/><E54/><REACH who="1" ten="250,240,240,260" step="2"/><V44/><F92/><W133/><G133/><T34/><D53/><U116/><E116/><V112/><F112/><W52/><G52/><T1/><D72/><U104/><E104/><V63/><F64/><W77/><G67/><T32/><D83/><U114/><E114/><V2/><F42/><W113/><G85/><T48/><D1/><U124/><E124/><V88/><F2/><W57/><G113/><T51/><D39/><U58/><E58/><V120/><F44/><W25/><G57/><T15/><D34/><U73/><E73/><V102/><F36/><W80/><G56/><T5/><D32/><U118/><E118/><V129/><F129/><W86/><G131/><T30/><D30/><U105/><E105/><V128/><F128/><W41/><G130/><T49/><D59/><U68/><E68/><V84/><F63/><AGARI ba="0,1" hai="8,13,17,33,35,63,65,69,97,98,99" m="27648" machi="63" ten="70,24000,3" yaku="1,1,14,1,10,1,52,1,53,5" doraHai="117,6" doraHaiUra="122,14" who="1" fromWho="2" sc="250,0,240,250,240,-240,260,0" /><INIT seed="1,1,0,2,5,39" ten="250,490,0,260" oya="1" hai0="101,43,40,45,82,88,67,103,37,124,72,134,96" hai1="4,0,99,120,78,75,15,104,117,112,30,109,91" hai2="130,42,14,26,123,57,74,5,81,118,119,95,89" hai3="34,85,92,71,126,94,13,53,61,76,84,1,100"/><U35/><E91/><V116/><F123/><W8/><G1/><T125/><D134/><U16/><E117/><V11/><F130/><W105/><G34/><T133/><D133/><U18/><E18/><V129/><F129/><W2/><G126/><N who="0" m="48747" /><D67/><U113/><E120/><V44/><F57/><W68/><G2/><T7/><D7/><U6/><E6/><V24/><F81/><W58/><G105/><T110/><D110/><U128/><E109/><V65/><F74/><W31/><G31/><T19/><D19/><U135/><E128/><V102/><F102/><W51/><G71/><T77/><D40/><U20/><E135/><V87/><F65/><W9/><G68/><T10/><D10/><N who="1" m="2311" /><E78/><V33/><F33/><W70/><G70/><T86/><D96/><U54/><E75/><V56/><F56/><N who="3" m="32831" /><G9/><T98/><D98/><U32/><E32/><V114/><F114/><W63/><G58/><T52/><D52/><U90/><E54/><V3/><F3/><W21/><G21/><T50/><D37/><U17/><E104/><V47/><F47/><W25/><G25/><T41/><D41/><U46/><E46/><V69/><F69/><W111/><G111/><T127/><N who="0" m="48755" /><T106/><DORA hai="36" /><D106/><U97/><E17/><V60/><F60/><N who="3" m="23115" /><G100/><T122/><D122/><U79/><E35/><V28/><F28/><W115/><G115/><T108/><D108/><U107/><E113/><V22/><F22/><W83/><G85/><T48/><D48/><U80/><E112/><V66/><F66/><W55/><G55/><T29/><D29/><U59/><E107/><RYUUKYOKU ba="1,0" sc="250,10,490,-30,0,10,260,10" hai0="43,45,50,72,77,82,86,88,101,103" hai2="5,11,14,24,26,42,44,87,89,95,116,118,119" hai3="8,13,76,83,84,92,94" /><INIT seed="2,2,0,1,3,86" ten="260,460,10,270" oya="2" hai0="100,76,21,16,105,2,129,4,38,31,79,131,83" hai1="97,59,122,18,30,113,81,58,132,114,125,24,57" hai2="108,77,60,7,112,22,14,124,62,12,11,127,85" hai3="116,61,39,56,70,50,17,64,49,8,87,45,67"/><V82/><F112/><W65/><G116/><T123/><D38/><U48/><E125/><N who="2" m="48203" /><F108/><W93/><G17/><AGARI ba="2,0" hai="7,11,12,14,17,22,60,62,77,82,85" m="48203" machi="17" ten="30,1500,0" yaku="18,1" doraHai="86" who="2" fromWho="3" sc="260,0,460,0,10,21,270,-21" /><INIT seed="2,3,0,3,2,61" ten="260,460,31,249" oya="2" hai0="2,87,88,94,112,3,43,65,118,90,84,125,123" hai1="113,26,49,133,21,108,130,15,8,114,135,4,30" hai2="131,73,92,27,72,19,40,97,119,18,67,6,77" hai3="5,81,80,106,7,38,47,107,44,95,63,103,48"/><V57/><F131/><W51/><G95/><T13/><D112/><N who="1" m="43115" /><E49/><V54/><F119/><W126/><G63/><T110/><D125/><U75/><E75/><V33/><F33/><W39/><REACH who="3" step="1"/><G103/><REACH who="3" ten="260,460,31,239" step="2"/><T59/><D110/><U121/><E108/><V134/><F134/><W20/><G20/><T10/><D123/><U100/><E100/><V89/><F77/><W74/><G74/><T22/><D118/><U71/><E121/><V28/><F73/><W36/><G36/><T78/><D22/><U41/><E135/><V105/><F72/><W132/><G132/><T16/><D78/><U86/><E21/><N who="2" m="15471" /><F105/><W101/><G101/><T120/><D120/><U12/><E133/><V129/><F129/><W109/><G109/><T60/><D43/><U122/><E41/><V0/><F40/><W52/><G52/><T82/><AGARI ba="3,1" hai="2,3,10,13,16,59,60,65,82,84,87,88,90,94" machi="82" ten="20,8000,1" yaku="0,1,7,1,52,1,54,2" doraHai="61" who="0" fromWho="0" sc="260,99,460,-23,31,-43,239,-23" owari="359,16.0,437,53.0,-12,-51.0,216,-18.0" /></mjloggm>