<mjloggm ver="2.3"><GO type="169" lobby="0"/><UN n0="%E3%82%A6%E3%83%AB%E3%83%88%E3%83%A9%E7%AB%8B%E7%9B%B4" n1="%E7%A7%81%E3%81%AF%E3%81%8C%E3%81%A1%E3%81%BB%E3%82%82" n2="%63%75%72%65%74%61%70%65" n3="%68%61%7A%75%6B%69%38%39" dan="17,18,16,16" rate="2195.08,2239.30,2108.02,2165.11" sx="M,M,M,F"/><TAIKYOKU oya="0"/><INIT seed="0,0,0,1,5,34" ten="250,250,250,250" oya="0" hai0="107,41,38,112,5,74,132,23,83,32,21,79,58" hai1="134,75,7,94,3,81,31,45,101,95,123,33,19" hai2="121,54,100,4,77,53,90,116,68,10,73,57,80" hai3="115,108,59,114,11,69,64,84,102,88,12,29,97"/><T128/><D112/><U78/><E123/><V15/><F121/><W60/><G108/><T61/><D32/><U70/><E70/><V135/><F68/><W99/><G99/><T36/><D107/><U52/><E101/><V25/><F135/><W30/><G69/><T51/><D132/><U46/><E134/><V118/><F100/><W111/><G111/><T129/><D51/><U56/><E19/><V125/><F125/><W48/><G48/><T20/><D5/><U122/><E31/><V50/><F54/><W1/><G1/><T35/><D35/><U110/><E33/><V27/><REACH who="2" step="1"/><F90/><REACH who="2" ten="250,250,240,250" step="2"/><W105/><G115/><T104/><D104/><U49/><E122/><V17/><F17/><W8/><G114/><T42/><D42/><U124/><E124/><V6/><F6/><W98/><G30/><T9/><D41/><U47/><REACH who="1" step="1"/><E110/><REACH who="1" ten="250,240,240,250" step="2"/><V55/><F55/><W117/><G29/><T39/><REACH who="0" step="1"/><D9/><AGARI ba="0,2" hai="3,7,9,45,46,47,49,52,56,75,78,81,94,95" machi="9" ten="40,8000,1" yaku="1,1,2,1,52,1,54,1,53,0" doraHai="34" doraHaiUra="26" who="1" fromWho="0" sc="250,-80,240,100,240,0,250,0" /><INIT seed="1,0,0,3,4,57" ten="170,340,240,250" oya="1" hai0="121,111,97,109,34,110,108,96,52,77,113,71,28" hai1="130,105,122,26,61,125,128,99,23,44,15,132,98" hai2="80,19,129,0,75,14,18,100,59,60,32,69,3" hai3="37,48,64,29,17,89,30,81,16,116,20,9,135"/><U90/><E122/><V43/><F32/><W70/><G37/><T84/><D113/><U103/><E125/><V133/><F69/><W1/><G135/><T66/><N who="0" m="27648" /><DORA hai="72" /><T22/><D34/><U40/><E132/><V47/><F129/><W33/><G116/><T27/><D121/><U91/><E15/><V63/><F100/><W67/><G33/><T92/><D66/><U73/><E73/><V53/><F19/><W56/><G70/><T117/><D71/><U106/><E61/><V107/><F107/><W68/><G68/><T5/><D117/><U42/><E23/><V8/><F63/><N who="3" m="37991" /><G67/><T79/><D5/><U101/><REACH who="1" step="1"/><E44/><REACH who="1" ten="170,330,240,250" step="2"/><V51/><REACH who="2" step="1"/><F133/><REACH who="2" ten="170,330,230,250" step="2"/><W31/><G1/><T6/><D6/><U11/><E11/><V39/><F39/><W104/><G104/><T127/><D127/><U58/><E58/><V112/><F112/><W119/><G119/><T83/><D22/><U85/><E85/><V74/><F74/><W93/><G9/><T7/><D7/><U87/><E87/><V35/><F35/><W118/><G20/><N who="0" m="15463" /><D97/><U21/><E21/><V45/><F45/><W86/><G118/><T24/><D24/><AGARI ba="0,2" hai="24,26,40,42,90,91,98,99,101,103,105,106,128,130" machi="24" ten="25,4800,0" yaku="1,1,22,2,53,0" doraHai="57,72" doraHaiUra="65,76" who="1" fromWho="0" sc="170,-48,330,68,230,0,250,0" /><INIT seed="1,1,0,5,1,1" ten="122,398,230,250" oya="1" hai0="54,41,70,119,100,120,67,64,11,132,81,0,125" hai1="112,60,109,110,57,18,14,36,102,96,50,115,20" hai2="135,40,45,5,55,65,130,48,4,74,6,69,58" hai3="68,131,3,24,17,25,99,31,47,23,61,98,72"/><U15/><E36/><V94/><F74/><W106/><G131/><T84/><D119/><U75/><E75/><V56/><F130/><W12/><G72/><T126/><D41/><U44/><E60/><N who="2" m="38039" /><F69/><W34/><G3/><T42/><D42/><U53/><E44/><V88/><F135/><W105/><G47/><T49/><D132/><U26/><E115/><V29/><F29/><W9/><G105/><T30/><D30/><U38/><E38/><V111/><F111/><N who="1" m="42505" /><E112/><V22/><F22/><W73/><G73/><T28/><D100/><U134/><E134/><V43/><F56/><W7/><REACH who="3" step="1"/><G106/><AGARI ba="1,0" hai="14,15,18,20,26,50,53,57,96,102,106" m="42505" machi="106" ten="30,2900,0" yaku="14,1,10,1" doraHai="1" who="1" fromWho="3" sc="122,0,398,32,230,0,250,-32" /><INIT seed="1,2,0,4,3,57" ten="122,430,230,218" oya="1" hai0="34,67,12,78,82,108,111,8,30,110,10,3,64" hai1="53,37,66,101,14,2,130,113,63,11,6,24,86" hai2="15,18,131,35,72,22,16,44,70,69,59,95,121" hai3="56,88,93,65,1,119,71,17,62,39,107,58,49"/><U42/><E113/><V51/><F121/><W5/><G107/><T98/><D3/><U38/><E42/><V106/><F106/><W105/><G105/><T21/><D34/><U90/><E101/><V23/><F35/><W94/><G94/><T120/><D120/><U91/><E91/><V97/><F72/><W76/><G39/><T129/><D129/><U127/><E130/><V41/><F59/><W87/><G119/><T135/><D135/><U115/><E115/><V28/><F28/><W48/><G5/><T103/><D21/><U73/><E73/><V50/><F51/><W13/><G1/><T81/><D30/><U74/><E74/><V124/><F124/><W7/><G7/><T25/><D25/><U116/><E127/><V68/><F131/><W104/><G104/><N who="0" m="63607" /><D8/><U27/><E53/><V133/><F133/><W77/><G71/><T132/><D132/><U79/><E79/><N who="3" m="30282" /><G56/><T52/><D52/><U128/><E128/><V31/><F31/><W33/><G33/><T84/><D81/><N who="1" m="49487" /><E116/><V45/><F44/><W134/><G134/><T19/><AGARI ba="2,0" hai="10,12,19,64,67,78,82,84,108,110,111" m="63607" machi="19" ten="30,1100,0" yaku="14,1" doraHai="57" who="0" fromWho="0" sc="122,17,430,-7,230,-5,218,-5" /><INIT seed="2,0,0,0,2,99" ten="139,423,225,213" oya="2" hai0="120,53,32,129,43,73,22,24,8,81,18,29,15" hai1="33,125,107,52,83,80,109,91,3,103,35,14,70" hai2="94,64,30,20,19,23,75,119,31,106,118,50,2" hai3="63,51,0,108,134,61,82,86,113,49,121,21,105"/><V84/><F2/><W112/><G121/><T34/><D120/><U62/><E3/><V68/><F75/><W48/><G105/><T93/><D129/><U13/><E70/><V66/><F106/><W25/><G0/><T127/><D127/><U100/><E107/><V130/><F130/><W59/><G108/><T115/><D115/><N who="3" m="44105" /><G134/><T110/><D110/><U122/><E122/><V95/><F50/><W58/><G58/><T39/><D43/><U38/><E38/><V104/><F104/><W116/><G116/><T85/><D39/><U40/><E40/><V117/><F84/><W67/><G61/><T135/><D135/><U47/><E109/><V126/><F126/><W79/><G49/><T27/><D73/><U4/><E62/><V133/><F133/><W87/><G86/><T76/><D53/><U77/><E52/><V16/><REACH who="2" step="1"/><F118/><REACH who="2" ten="139,423,215,213" step="2"/><W17/><AGARI ba="0,1" hai="17,21,25,48,51,59,63,67,79,82,87" m="44105" machi="17" ten="30,1100,0" yaku="11,1" doraHai="99" who="3" fromWho="3" sc="139,-3,423,-3,215,-5,213,21" /><INIT seed="3,0,0,1,1,127" ten="136,420,210,234" oya="3" hai0="82,93,38,116,49,96,63,9,26,112,75,71,20" hai1="131,42,103,12,67,27,17,2,115,8,123,83,55" hai2="59,70,53,56,44,104,39,72,41,30,77,16,51" hai3="99,107,40,90,34,121,119,18,76,48,118,79,130"/><W73/><G121/><T120/><D38/><U125/><E42/><V23/><F104/><W68/><G68/><T91/><D120/><U33/><E67/><V62/><F30/><W32/><G18/><T52/><D116/><U5/><E103/><V13/><F77/><W102/><G48/><T108/><D108/><U35/><E123/><V126/><F72/><W122/><G122/><T117/><D117/><U14/><E83/><V10/><F126/><W69/><G90/><T129/><D112/><U64/><E64/><V85/><F85/><W110/><G79/><T61/><D71/><U11/><E55/><V135/><F135/><W60/><G40/><T88/><D129/><U78/><E131/><V22/><REACH who="2" step="1"/><F70/><REACH who="2" ten="136,420,200,234" step="2"/><W86/><G86/><N who="0" m="50263" /><D75/><U25/><E78/><V6/><F6/><W134/><G134/><T124/><D124/><U92/><E125/><V109/><F109/><W132/><G132/><T81/><D81/><U24/><E92/><V100/><F100/><W58/><G110/><T66/><D66/><AGARI ba="0,1" hai="10,13,16,22,23,39,41,44,51,53,56,59,62,66" machi="66" ten="30,8000,1" yaku="1,1,7,1,54,1,53,2" doraHai="127" doraHaiUra="19" who="2" fromWho="0" sc="136,-80,420,0,200,90,234,0" /><INIT seed="4,0,0,1,0,27" ten="56,420,290,234" oya="0" hai0="125,123,128,101,48,118,7,92,86,13,61,98,109" hai1="18,40,88,74,26,115,93,38,16,124,120,53,114" hai2="119,55,91,107,54,15,112,113,117,87,76,8,20" hai3="44,37,68,51,59,25,102,41,99,135,103,97,78"/><T30/><D123/><U67/><E74/><V108/><F107/><W69/><G135/><T4/><D118/><N who="2" m="45066" /><F108/><W57/><G78/><T106/><D109/><U134/><E67/><V36/><F20/><W131/><G131/><T132/><D128/><U116/><E116/><V80/><F36/><W31/><G57/><T71/><D132/><U72/><E72/><V64/><F64/><W77/><G77/><T35/><D125/><U65/><E65/><V42/><F42/><W24/><G24/><T43/><D71/><U52/><E124/><V62/><F91/><W133/><G133/><T84/><D35/><U56/><E120/><V22/><F22/><W50/><G50/><T111/><D111/><U6/><E6/><N who="0" m="2089" /><D106/><U130/><E130/><V73/><F73/><W45/><G59/><T1/><D1/><U21/><E18/><N who="2" m="8551" /><F62/><W60/><G60/><T46/><D61/><U0/><E56/><V82/><F82/><W9/><G51/><T58/><D58/><U11/><E11/><V19/><F19/><W85/><G45/><T90/><D13/><U2/><E134/><V100/><F100/><W89/><G69/><T126/><D126/><U110/><E110/><V121/><F121/><W12/><G68/><T122/><D122/><U75/><E75/><V34/><F34/><W17/><G103/><T79/><D79/><U47/><E0/><V70/><F70/><W23/><G102/><T129/><D129/><U83/><E2/><V39/><F39/><W49/><G37/><T96/><D30/><U3/><E3/><V95/><F76/><W127/><G127/><RYUUKYOKU ba="0,0" sc="56,15,420,-15,290,-15,234,15" hai0="43,46,48,84,86,90,92,96,98,101" hai3="9,12,17,23,25,31,41,44,49,85,89,97,99" /><INIT seed="4,1,0,5,5,97" ten="71,405,275,249" oya="0" hai0="5,9,54,67,28,95,71,81,10,3,63,127,39" hai1="131,44,120,109,79,16,107,34,72,33,64,83,102" hai2="37,119,130,43,48,65,101,62,15,135,12,38,113" hai3="103,36,11,42,93,132,56,133,23,116,128,19,94"/><T106/><D106/><U73/><E73/><V96/><F113/><W108/><G108/><T30/><D39/><U50/><E131/><V98/><F135/><N who="3" m="51787" /><G116/><T25/><D127/><U77/><E77/><V4/><F119/><W20/><G128/><T8/><D30/><U104/><E104/><V32/><F32/><W99/><G56/><T82/><D95/><U118/><E64/><V84/><F98/><N who="3" m="59855" /><G42/><T117/><D117/><U91/><E91/><V74/><F74/><W78/><G78/><T76/><D54/><U53/><E120/><V58/><F130/><W29/><G29/><T129/><D129/><U115/><E115/><V7/><F84/><W122/><G36/><T60/><D60/><U100/><E107/><V27/><F43/><W2/><G122/><T55/><D55/><U70/><E70/><V123/><F48/><W112/><G19/><T35/><REACH who="0" step="1"/><D82/><REACH who="0" ten="61,405,275,249" step="2"/><U6/><E118/><V59/><F123/><W24/><G112/><T47/><D47/><U121/><E121/><V75/><F38/><W41/><G41/><T49/><D49/><U61/><E61/><V124/><F124/><W126/><G126/><T114/><D114/><U85/><E44/><V92/><F37/><W86/><G94/><T66/><D66/><U89/><E50/><V110/><F65/><W69/><G99/><T88/><D88/><U52/><E53/><V80/><F80/><W68/><G68/><T40/><D40/><U17/><E83/><V22/><F62/><W1/><G69/><T111/><D111/><U125/><E109/><V18/><F110/><W90/><G90/><RYUUKYOKU ba="1,1" sc="61,30,405,-10,275,-10,249,-10" hai0="3,5,8,9,10,25,28,35,63,67,71,76,81" /><INIT seed="4,2,1,0,0,36" ten="91,395,265,239" oya="0" hai0="34,88,80,86,50,96,110,55,40,11,23,47,45" hai1="122,127,107,20,103,5,116,65,87,56,123,120,8" hai2="48,54,53,129,85,102,98,125,113,9,69,135,132" hai3="121,28,35,43,1,90,109,16,33,93,73,39,29"/><T25/><D110/><U89/><E116/><V70/><F113/><W115/><G109/><T95/><D11/><U24/><E127/><V30/><F129/><W13/><G73/><T31/><D34/><U66/><E103/><V91/><F30/><W124/><G1/><T126/><D126/><U133/><E107/><V52/><F48/><W92/><G124/><T57/><REACH who="0" step="1"/><D40/><REACH who="0" ten="81,395,265,239" step="2"/><U94/><E123/><V68/><F9/><W27/><G121/><T99/><D99/><U75/><E122/><V37/><F125/><W119/><G119/><T21/><D21/><U112/><E120/><V49/><F98/><W59/><G115/><T14/><D14/><U38/><E112/><V97/><F97/><W83/><G13/><T44/><D44/><U118/><E20/><V67/><F135/><W79/><G35/><T61/><D61/><U22/><E22/><V82/><F132/><W6/><G43/><T3/><D3/><U108/><E8/><V41/><F41/><W62/><G62/><T77/><AGARI ba="2,2" hai="23,25,31,45,47,50,55,57,77,80,86,88,95,96" machi="77" ten="20,12000,1" yaku="1,1,0,1,7,1,8,1,54,1,53,0" doraHai="36" doraHaiUra="117" who="0" fromWho="0" sc="81,146,395,-42,265,-42,239,-42" /><INIT seed="4,3,0,4,3,43" ten="227,353,223,197" oya="0" hai0="60,36,35,0,71,52,17,47,51,89,12,117,125" hai1="67,91,64,15,14,13,90,123,92,25,70,124,96" hai2="118,10,94,78,5,66,69,19,82,44,56,48,126" hai3="33,38,100,129,7,105,28,112,61,103,3,87,131"/><T58/><D0/><U11/><E123/><V63/><F126/><W40/><G112/><T86/><D35/><U46/><E124/><V128/><F128/><W16/><G87/><T53/><D125/><U41/><E70/><V68/><F118/><W9/><G61/><T22/><D71/><U39/><E11/><V76/><F19/><W72/><G16/><T101/><D101/><U119/><E119/><V132/><F94/><W111/><G111/><T24/><D36/><U108/><E108/><V127/><F132/><W75/><G103/><T20/><D117/><U106/><E106/><V133/><F78/><W97/><G129/><T30/><D86/><U4/><E4/><V114/><F114/><W2/><G2/><T99/><REACH who="0" step="1"/><D89/><REACH who="0" ten="217,353,223,197" step="2"/><U88/><E90/><V120/><F133/><W57/><G131/><T29/><D29/><U77/><E91/><V65/><F127/><W107/><G107/><T134/><D134/><U83/><E77/><V130/><F130/><W6/><G28/><T116/><D116/><U110/><E110/><V102/><F69/><W104/><G33/><T62/><D62/><U27/><E83/><V74/><F102/><W122/><G105/><T93/><D93/><U98/><E98/><AGARI ba="3,1" hai="12,17,20,22,24,30,47,51,52,53,58,60,98,99" machi="98" ten="40,12000,1" yaku="1,1,8,1,52,1,54,1,53,0" doraHai="43" doraHaiUra="31" who="0" fromWho="1" sc="217,139,353,-129,223,0,197,0" /><INIT seed="4,4,0,4,3,12" ten="356,224,223,197" oya="0" hai0="24,73,26,14,107,40,123,66,54,42,94,4,61" hai1="111,51,58,7,0,29,39,32,16,125,86,100,110" hai2="72,34,28,99,87,11,122,101,105,119,47,121,82" hai3="69,113,22,130,114,116,1,52,53,20,84,43,45"/><T71/><D107/><U5/><E39/><V78/><F119/><W91/><G1/><T15/><D73/><U132/><E100/><V124/><F124/><W128/><G69/><T55/><D123/><U92/><E125/><V37/><F87/><W60/><G116/><T98/><D42/><U50/><E29/><V97/><F99/><W35/><G35/><T120/><D40/><U57/><E32/><V126/><F126/><W81/><G60/><T74/><D74/><U80/><E0/><V106/><F106/><W108/><G108/><T77/><D77/><U68/><E68/><V85/><F85/><W59/><G59/><N who="1" m="22538" /><E111/><V67/><F67/><W30/><G30/><T41/><D41/><U2/><E2/><V112/><F112/><N who="3" m="43115" /><G20/><T13/><D4/><N who="1" m="1611" /><E92/><V135/><F135/><W90/><G22/><T33/><D120/><U70/><E132/><V75/><F11/><W127/><G127/><T131/><D33/><U96/><E96/><V129/><F75/><W76/><G76/><T115/><D115/><U49/><E70/><V65/><F65/><W6/><G6/><T109/><D66/><U103/><E110/><V63/><F122/><W44/><G91/><T8/><D71/><U27/><E51/><V134/><F121/><W38/><G45/><T25/><D109/><U46/><E103/><V18/><F134/><W3/><G3/><T88/><D61/><U21/><E46/><V23/><F63/><W104/><G104/><T89/><D98/><U56/><E56/><V133/><F133/><W79/><G79/><AGARI ba="4,0" hai="16,21,27,49,50,79,80,86" m="1611,22538" machi="79" ten="30,3900,0" yaku="8,1,52,1,54,1" doraHai="12" who="1" fromWho="3" sc="356,0,224,51,223,0,197,-51" /><INIT seed="5,0,0,0,5,75" ten="356,275,223,146" oya="1" hai0="28,129,27,90,82,31,125,4,104,115,118,74,87" hai1="86,49,84,35,127,29,48,58,80,114,88,52,110" hai2="42,132,43,83,56,69,59,5,111,17,77,135,128" hai3="55,25,13,26,39,7,96,71,40,124,91,64,109"/><U33/><E114/><V15/><F111/><W70/><G109/><T98/><D118/><U50/><E110/><V20/><F69/><W117/><G124/><T41/><D115/><U18/><E127/><V14/><F128/><W116/><G55/><T66/><D125/><U51/><E29/><V53/><F59/><W19/><G7/><T10/><D129/><U134/><E134/><V72/><F15/><W120/><G120/><T121/><D121/><U73/><E73/><V63/><REACH who="2" step="1"/><F5/><REACH who="2" ten="356,275,213,146" step="2"/><W32/><G70/><T45/><D4/><U95/><REACH who="1" step="1"/><E18/><REACH who="1" ten="356,265,213,146" step="2"/><V54/><F54/><W108/><G108/><T107/><D28/><U113/><E113/><V36/><F36/><W100/><G116/><T57/><D31/><U3/><E3/><V126/><F126/><W0/><G0/><T61/><D66/><U94/><E94/><V2/><F2/><W101/><G64/><T97/><D107/><U12/><E12/><V11/><F11/><W106/><G13/><T46/><D10/><U62/><E62/><V44/><F44/><W102/><G19/><T1/><D1/><U92/><E92/><V21/><F21/><W81/><G117/><T99/><D104/><U119/><E119/><V93/><F93/><W16/><G16/><T89/><D46/><U22/><E22/><V112/><F112/><W68/><G106/><T105/><D105/><U23/><E23/><V123/><F123/><W34/><G39/><T47/><D47/><U6/><E6/><V65/><F65/><W78/><G34/><T30/><D45/><U122/><E122/><V38/><F38/><RYUUKYOKU ba="0,2" sc="356,-15,265,15,213,15,146,-15" hai1="33,35,48,49,50,51,52,58,80,84,86,88,95" hai2="14,17,20,42,43,53,56,63,72,77,83,132,135" /><INIT seed="5,1,2,2,0,53" ten="341,280,228,131" oya="1" hai0="96,1,68,31,116,67,22,87,4,39,0,18,110" hai1="113,127,90,80,51,109,57,79,98,126,55,61,60" hai2="64,73,13,134,5,10,50,70,41,72,85,17,43" hai3="88,97,124,66,30,119,78,112,14,37,131,125,25"/><U95/><E113/><V42/><F134/><W104/><G119/><T16/><D39/><U121/><E121/><V135/><F135/><W93/><G37/><T99/><D68/><U20/><E20/><V82/><F64/><W89/><G112/><T91/><D110/><U26/><E26/><V86/><F70/><W32/><G131/><T38/><D38/><U133/><E133/><V111/><F111/><W56/><G78/><T12/><D31/><U46/><E109/><V77/><F86/><W8/><G104/><T23/><D67/><U81/><E61/><V92/><F92/><W123/><G123/><T75/><D75/><U47/><E47/><V29/><F29/><W107/><G107/><T101/><D116/><U62/><E62/><V102/><F102/><W76/><G76/><T6/><D101/><U58/><E80/><V33/><F33/><W84/><G66/><T105/><D105/><U36/><E36/><V34/><F34/><W28/><G28/><T108/><D108/><U115/><E115/><V49/><F73/><W83/><REACH who="3" step="1"/><G56/><REACH who="3" ten="341,280,228,121" step="2"/><T120/><D120/><U100/><E79/><V54/><F77/><W63/><G63/><T45/><D45/><U2/><E60/><V48/><F48/><W35/><G35/><T128/><D128/><U27/><E57/><V65/><F65/><W117/><G117/><T52/><D0/><U21/><E58/><V11/><F50/><W19/><AGARI ba="1,3" hai="8,14,19,25,30,32,83,84,88,89,93,97,124,125" machi="19" ten="30,8000,1" yaku="1,1,0,1,54,1,53,2" doraHai="53" doraHaiUra="132" who="3" fromWho="3" sc="341,-21,280,-41,228,-21,121,113" /><INIT seed="6,0,0,3,1,129" ten="320,239,207,234" oya="2" hai0="0,95,46,5,121,65,113,39,71,134,19,69,73" hai1="91,130,135,62,68,101,88,34,4,54,22,9,102" hai2="31,122,120,96,59,47,81,28,23,3,57,11,114" hai3="106,42,123,125,18,80,74,94,66,17,33,67,112"/><V119/><F119/><W12/><G106/><T53/><D19/><U116/><E116/><V87/><F114/><W99/><G123/><T61/><D95/><U90/><E34/><V76/><F47/><W41/><G33/><T124/><D53/><U117/><E117/><V77/><F96/><W92/><G125/><T10/><D121/><U2/><E130/><V79/><F23/><W15/><G80/><T29/><D29/><U109/><E109/><V8/><F3/><W132/><G74/><T100/><D100/><U26/><E135/><V50/><F50/><W56/><G56/><T36/><D134/><U83/><E83/><V75/><F87/><W98/><G112/><T30/><D30/><U48/><E62/><V78/><F78/><W107/><G107/><T16/><D113/><U43/><E68/><V70/><F79/><W131/><G131/><T20/><D71/><U85/><E43/><V82/><REACH who="2" step="1"/><F70/><REACH who="2" ten="320,239,197,234" step="2"/><W97/><REACH who="3" step="1"/><G98/><REACH who="3" ten="320,239,197,224" step="2"/><T127/><D46/><U55/><E85/><V35/><F35/><W63/><G63/><T84/><D84/><U108/><E108/><V6/><F6/><W104/><G104/><T49/><D61/><U110/><E110/><V37/><F37/><W118/><G118/><T64/><D39/><U25/><E48/><V133/><F133/><AGARI ba="0,2" hai="12,15,17,18,41,42,66,67,92,94,97,99,132,133" machi="133" ten="25,8000,1" yaku="1,1,22,2,52,2,53,0" doraHai="129" doraHaiUra="21" who="3" fromWho="2" sc="320,0,239,0,197,-80,224,100" /><INIT seed="7,0,0,1,3,134" ten="320,239,117,324" oya="3" hai0="102,111,109,2,30,11,62,75,28,114,0,99,91" hai1="48,4,57,73,26,36,12,3,37,122,79,78,15" hai2="67,60,45,16,126,31,86,96,82,129,84,108,110" hai3="107,6,131,38,80,103,29,76,115,90,92,125,83"/><W9/><G38/><T94/><D75/><U64/><E73/><V133/><F133/><W25/><G115/><T42/><D114/><U87/><E26/><V97/><F129/><W34/><G131/><T53/><D42/><U119/><E48/><V14/><F31/><W70/><G125/><T41/><D41/><U54/><E54/><V50/><F86/><W88/><G70/><T135/><D135/><U117/><E57/><V105/><F105/><W43/><G43/><T121/><D121/><U17/><E17/><V89/><F110/><W95/><G83/><T58/><D2/><U18/><E18/><V40/><F108/><W63/><G63/><T72/><D72/><U39/><E64/><V7/><F7/><W101/><G107/><T1/><D111/><U33/><E33/><V8/><REACH who="2" step="1"/><F126/><REACH who="2" ten="320,239,107,324" step="2"/><W116/><G6/><T61/><D109/><U113/><E87/><V59/><AGARI ba="0,1" hai="8,14,16,40,45,50,59,60,67,82,84,89,96,97" machi="59" ten="20,12000,2" yaku="1,1,2,1,0,1,7,1,8,1,54,1,53,0" doraHai="134" doraHaiUra="32" who="2" fromWho="2" sc="320,-30,239,-30,107,130,324,-60" /><INIT seed="8,0,0,3,3,71" ten="290,209,237,264" oya="0" hai0="28,43,46,126,22,48,75,91,70,83,39,58,69" hai1="62,33,64,73,97,120,49,51,104,89,123,99,85" hai2="125,87,94,135,133,41,9,134,63,77,86,129,11" hai3="132,109,108,24,74,59,105,67,80,29,21,131,35"/><T53/><D126/><U76/><E33/><V44/><F125/><W102/><G132/><T25/><REACH who="0" step="1"/><D91/><REACH who="0" ten="280,209,237,264" step="2"/><U117/><E117/><V8/><F134/><W100/><G109/><T10/><D10/><U18/><E123/><V68/><F9/><W88/><G108/><T17/><D17/><U37/><E120/><V110/><F110/><W16/><G88/><T115/><D115/><U60/><E18/><V78/><F135/><W27/><G131/><T13/><D13/><U56/><E37/><V79/><F129/><W31/><G16/><T65/><D65/><U118/><E118/><V47/><F133/><W103/><G67/><T124/><D124/><U23/><E23/><V90/><F11/><W40/><G102/><T96/><D96/><U4/><E4/><V82/><F8/><W14/><G100/><T101/><D101/><N who="1" m="62511" /><E99/><V95/><F90/><W38/><G103/><T15/><D15/><U12/><E12/><V130/><F130/><W54/><G14/><T57/><D57/><N who="1" m="36879" /><E76/><AGARI ba="0,1" hai="22,25,28,39,43,46,48,53,58,69,70,75,76,83" machi="76" ten="40,3900,0" yaku="1,1,52,1,53,0" doraHai="71" doraHaiUra="98" who="0" fromWho="1" sc="280,49,209,-39,237,0,264,0" owari="329,43.0,170,-33.0,237,-16.0,264,6.0" /></mjloggm>