<mjloggm ver="2.3"><GO type="169" lobby="0"/><UN n0="%E3%81%AE%E3%81%B3%E3%81%97%E3%82%8D%E2%99%82" n1="%66%75%6B%75%30%32" n2="%E3%81%B9%E3%81%91%E3%82%93" n3="%E5%B0%B1%E6%B4%BB%E7%94%9F%40%E5%B7%9D%E6%9D%91%E8%BB%8D%E5%9B%A3" dan="16,17,16,17" rate="2123.18,2151.14,2128.08,2170.09" sx="M,M,M,M"/><TAIKYOKU oya="0"/><INIT seed="0,0,0,5,1,40" ten="250,250,250,250" oya="0" hai0="89,0,8,115,134,108,6,59,133,96,58,36,20" hai1="109,17,86,45,80,14,85,62,126,75,91,48,63" hai2="71,122,9,24,82,99,25,5,10,70,47,117,64" hai3="132,97,22,73,129,43,44,83,55,84,77,26,11"/><T90/><D115/><U104/><E104/><V15/><F122/><W92/><G129/><T61/><D36/><U78/><E109/><V102/><F117/><W111/><G111/><T121/><D108/><U93/><E75/><V31/><F82/><W30/><G132/><T118/><D121/><U41/><REACH who="1" step="1"/><E126/><REACH who="1" ten="250,240,250,250" step="2"/><V12/><F70/><W60/><G73/><T42/><D133/><U94/><E94/><V28/><F71/><W38/><G11/><AGARI ba="0,1" hai="11,14,17,41,45,48,62,63,78,80,85,86,91,93" machi="11" ten="30,8000,1" yaku="1,1,7,1,8,1,52,1,53,1" doraHai="40" doraHaiUra="88" who="1" fromWho="3" sc="250,0,240,90,250,0,250,-80" /><INIT seed="1,0,0,0,4,124" ten="250,330,250,170" oya="1" hai0="37,105,72,108,10,66,35,50,47,117,8,131,56" hai1="51,90,42,58,125,74,99,60,54,32,94,122,57" hai2="96,75,91,48,110,127,103,98,33,53,65,23,7" hai3="24,93,19,104,78,67,6,113,44,129,27,59,97"/><U22/><E32/><V101/><F33/><W40/><G104/><T5/><D72/><U14/><E74/><V106/><F110/><W128/><G113/><T68/><D105/><U88/><E122/><V118/><F118/><W17/><G78/><T52/><D117/><U134/><E125/><V89/><F127/><W38/><G6/><T87/><D35/><U82/><E134/><V46/><F75/><W85/><G85/><T1/><D108/><U123/><E123/><V20/><F65/><W4/><G4/><T16/><D131/><N who="3" m="50249" /><G67/><T126/><D87/><U111/><E111/><V30/><F7/><W107/><G107/><T29/><D66/><U80/><E80/><V83/><F83/><W61/><G61/><T69/><D5/><U34/><E82/><V15/><F106/><W3/><G3/><T71/><D1/><U76/><E76/><V12/><F96/><W102/><G59/><T63/><D56/><U81/><E58/><V11/><F98/><W133/><G133/><T73/><D63/><U41/><E60/><V55/><F46/><W121/><G121/><T135/><D47/><U9/><E99/><V84/><F84/><W112/><G112/><T31/><D135/><U130/><E130/><V36/><F91/><W62/><G62/><T43/><D126/><U86/><E90/><V0/><F89/><W119/><G119/><T25/><D73/><U92/><E88/><V18/><F0/><W116/><G116/><T45/><D45/><U13/><E86/><V95/><F95/><W70/><G70/><T79/><D71/><U21/><E57/><RYUUKYOKU ba="0,0" sc="250,-10,330,-10,250,-10,170,30" hai3="17,19,24,27,38,40,44,93,97,102" /><INIT seed="2,1,0,0,5,83" ten="240,320,240,200" oya="2" hai0="135,128,26,93,76,69,49,120,132,54,78,60,68" hai1="11,50,12,22,16,42,79,123,85,36,41,58,51" hai2="129,9,84,17,29,7,89,77,48,30,75,73,40" hai3="122,39,43,114,35,28,20,95,74,117,3,80,124"/><V113/><F113/><W57/><G122/><T92/><D120/><U47/><E123/><V37/><F37/><W6/><G117/><T15/><D128/><U18/><E42/><V65/><F129/><W101/><G114/><T62/><D15/><U56/><E36/><V33/><F65/><W23/><G124/><T81/><D81/><N who="1" m="47295" /><E51/><V119/><F119/><W121/><G121/><T71/><D71/><U59/><E59/><V87/><F73/><W111/><G111/><T125/><D49/><U70/><E70/><V109/><F75/><W90/><G101/><T86/><D26/><AGARI ba="1,0" hai="11,12,16,18,22,26,41,47,50,56,58" m="47295" machi="26" ten="30,3900,0" yaku="8,1,52,1,54,1" doraHai="83" who="1" fromWho="0" sc="240,-42,320,42,240,0,200,0" /><INIT seed="3,0,0,5,1,121" ten="198,362,240,200" oya="3" hai0="127,46,124,42,108,30,135,134,65,128,63,79,33" hai1="31,26,56,131,89,102,82,1,13,109,105,2,21" hai2="92,45,98,125,88,60,77,113,18,73,53,129,69" hai3="78,6,93,90,95,84,97,5,76,3,99,36,71"/><W48/><G36/><N who="0" m="21831" /><D30/><U75/><E131/><V9/><F113/><W38/><G38/><T81/><D33/><U40/><E40/><V20/><F129/><W34/><G71/><N who="0" m="42431" /><D128/><U35/><E105/><V41/><F125/><N who="0" m="48202" /><D108/><U50/><E109/><V27/><F9/><W24/><G3/><T14/><D14/><U22/><E102/><V111/><F73/><AGARI ba="0,0" hai="73,79,81,134,135" m="48202,42431,21831" machi="73" ten="30,2000,0" yaku="18,1,23,1" doraHai="121" who="0" fromWho="2" sc="198,20,362,0,240,-20,200,0" /><INIT seed="4,0,0,4,0,46" ten="218,362,220,200" oya="0" hai0="63,99,12,31,36,132,126,68,33,119,54,135,45" hai1="121,0,10,65,100,95,7,110,83,92,30,19,48" hai2="128,50,112,73,55,79,62,87,107,122,102,14,64" hai3="32,42,70,133,52,91,134,115,120,41,24,43,38"/><T113/><D119/><U44/><E121/><V61/><F122/><W80/><G115/><T93/><D113/><U53/><E110/><V39/><F112/><W81/><G70/><T23/><D126/><U85/><E30/><V111/><F111/><W78/><G120/><T90/><D33/><U98/><E65/><V5/><F39/><W58/><G38/><T34/><D34/><U117/><E117/><V109/><F109/><W16/><G91/><T101/><D101/><U97/><E19/><V86/><F128/><W22/><G32/><T105/><D105/><U129/><E129/><V123/><F123/><W17/><G17/><T60/><D68/><U9/><E9/><N who="2" m="4399" /><F73/><W96/><G96/><T82/><D82/><U57/><E57/><N who="2" m="36911" /><F107/><W35/><G35/><T74/><D74/><U125/><E125/><V18/><F102/><W130/><G130/><T2/><D2/><U127/><E127/><V49/><F18/><W77/><G81/><T13/><D13/><U88/><REACH who="1" step="1"/><E98/><REACH who="1" ten="218,352,220,200" step="2"/><V76/><F87/><W51/><REACH who="3" step="1"/><G80/><AGARI ba="0,1" hai="0,7,10,44,48,53,80,83,85,88,92,95,97,100" machi="80" ten="40,8000,1" yaku="1,1,2,1,52,1,54,1,53,0" doraHai="46" doraHaiUra="104" who="1" fromWho="3" sc="218,0,352,90,220,0,200,-80" /><INIT seed="5,0,0,2,1,60" ten="218,442,220,120" oya="1" hai0="91,48,108,88,114,37,3,61,107,33,11,58,103" hai1="128,39,135,86,119,80,20,27,40,67,34,113,50" hai2="72,84,38,85,13,94,109,66,126,111,129,93,121" hai3="65,75,15,69,82,36,54,120,101,52,134,47,122"/><U117/><E39/><V62/><F121/><N who="3" m="46699" /><G101/><T22/><D114/><U45/><E34/><V21/><F72/><W57/><G75/><T23/><D37/><U115/><E128/><V81/><F38/><W131/><G82/><T76/><D108/><U1/><E1/><V132/><F129/><W116/><G15/><T17/><D48/><U106/><E106/><V28/><F84/><W42/><G131/><T30/><D76/><U125/><E125/><V133/><F93/><W83/><G83/><T68/><D68/><U87/><E135/><N who="2" m="51787" /><F94/><W9/><G9/><T70/><D70/><U35/><E35/><V89/><F126/><W6/><G6/><T74/><D74/><U26/><E87/><V31/><F13/><W77/><G77/><T14/><D23/><U118/><E67/><V73/><F73/><W29/><G29/><N who="2" m="11337" /><F21/><W24/><G24/><N who="0" m="18631" /><D103/><U97/><E27/><V64/><F64/><W0/><G0/><T16/><D17/><N who="1" m="12559" /><E115/><V7/><F7/><W98/><G98/><T49/><D107/><U78/><E113/><V63/><F66/><W102/><G102/><T100/><D100/><U5/><E97/><V112/><F112/><W71/><G134/><T10/><D10/><U90/><E5/><V2/><F2/><W95/><G95/><T41/><D11/><U43/><E78/><V25/><F25/><W124/><G124/><T53/><D3/><U127/><E127/><V96/><F96/><W130/><G130/><T56/><D41/><N who="1" m="24879" /><E119/><V110/><AGARI ba="0,0" hai="62,63,81,85,89,109,110,111" m="11337,51787" machi="110" ten="40,1500,0" yaku="20,1" doraHai="60" who="2" fromWho="2" sc="218,-4,442,-7,220,15,120,-4" /><INIT seed="6,0,0,0,2,65" ten="214,435,235,116" oya="2" hai0="61,4,56,63,88,105,92,95,101,62,20,67,123" hai1="33,55,112,12,116,109,87,16,82,68,89,53,78" hai2="1,49,17,84,50,79,81,108,10,59,100,13,133" hai3="114,36,0,25,28,107,85,7,115,113,52,18,98"/><V94/><F133/><W11/><G36/><T125/><D125/><U8/><E33/><V14/><F108/><W47/><G107/><T34/><D123/><U26/><E109/><V132/><F132/><W44/><G98/><T3/><D34/><U121/><E116/><V96/><F1/><W19/><G85/><T135/><D135/><U45/><E121/><V2/><F2/><W37/><G37/><T120/><D120/><U60/><E112/><V128/><F128/><W90/><G90/><T74/><D74/><U58/><E68/><V73/><F73/><W106/><G106/><T127/><D127/><U119/><E119/><V51/><REACH who="2" step="1"/><F14/><REACH who="2" ten="214,435,225,116" step="2"/><W29/><G47/><T43/><D3/><U129/><E129/><V130/><F130/><W72/><G72/><T103/><D105/><U64/><E45/><V54/><AGARI ba="0,1" hai="10,13,17,49,50,51,54,59,79,81,84,94,96,100" machi="54" ten="30,6000,0" yaku="1,1,0,1,8,1,53,0" doraHai="65" doraHaiUra="31" who="2" fromWho="2" sc="214,-20,435,-20,225,70,116,-20" /><INIT seed="6,1,0,3,2,87" ten="194,415,295,96" oya="2" hai0="43,91,124,126,55,72,109,108,9,105,75,36,104" hai1="79,16,74,96,99,84,8,62,42,130,11,90,94" hai2="89,121,13,85,3,26,40,129,31,116,128,46,4" hai3="64,73,101,45,27,100,30,112,65,66,39,35,12"/><V37/><F116/><W57/><G73/><N who="0" m="28235" /><D55/><U106/><E130/><N who="2" m="50283" /><F121/><W86/><G112/><T123/><D9/><N who="1" m="3659" /><E74/><V52/><F3/><W17/><G57/><T60/><D60/><U61/><E106/><N who="0" m="41065" /><D43/><U23/><E42/><V28/><F4/><W58/><G58/><T6/><D6/><U67/><E79/><V53/><F13/><W1/><G1/><T92/><D36/><U95/><E67/><V14/><F14/><W114/><G114/><T110/><D123/><U125/><E125/><N who="0" m="48233" /><D110/><U2/><E2/><V119/><F28/><W24/><G24/><T127/><N who="0" m="48241" /><T111/><DORA hai="115" /><D111/><U113/><E113/><V97/><F26/><W68/><G68/><T5/><D5/><U18/><E62/><V83/><F31/><W56/><G56/><T7/><D7/><U20/><E61/><V81/><F53/><W49/><G39/><T51/><D51/><U10/><E10/><V19/><F52/><W34/><G34/><T25/><D25/><U135/><E20/><V0/><F19/><W93/><G17/><T78/><D78/><U102/><E18/><V118/><F0/><W48/><G12/><T21/><D21/><U22/><E16/><V47/><F47/><W59/><G59/><T29/><D29/><U41/><E22/><V131/><F131/><W71/><G71/><T32/><D32/><U80/><E23/><V77/><F77/><W122/><G122/><T54/><D54/><U120/><E120/><V133/><F46/><W63/><G63/><T44/><D44/><U76/><E41/><V50/><F40/><N who="3" m="24615" /><G49/><T33/><D33/><RYUUKYOKU ba="1,0" sc="194,10,415,10,295,-30,96,10" hai0="91,92,108,109" hai1="76,80,84,90,94,95,96,99,102,135" hai3="27,30,35,64,65,66,86,93,100,101" /><INIT seed="7,2,0,2,5,26" ten="204,425,265,106" oya="3" hai0="15,20,74,82,130,133,107,22,110,127,52,35,62" hai1="89,8,13,126,65,77,86,125,124,43,109,66,2" hai2="79,135,68,84,69,11,59,63,27,48,112,90,131" hai3="54,113,0,10,70,132,80,103,58,46,100,92,3"/><W105/><G70/><T94/><D110/><U42/><E2/><V106/><F106/><W9/><G105/><T123/><D123/><U104/><E104/><V78/><F112/><W75/><G113/><T38/><D107/><U24/><E77/><V53/><F131/><W128/><G128/><T72/><D35/><U12/><E24/><V102/><F135/><W30/><G132/><T81/><D133/><U91/><E109/><V88/><F102/><W33/><G46/><T14/><D130/><U93/><E91/><V119/><F119/><W16/><G75/><T98/><D38/><U37/><E13/><N who="0" m="4617" /><D127/><U83/><E83/><N who="0" m="31753" /><D74/><U28/><E28/><V64/><F11/><W67/><G67/><N who="1" m="25610" /><E37/><V50/><F69/><W17/><G80/><T31/><D31/><U115/><E115/><V60/><F27/><W118/><G118/><T41/><D41/><U71/><E71/><V55/><F90/><W7/><G92/><T101/><D72/><U23/><E23/><V5/><F5/><AGARI ba="2,0" hai="5,8,12,42,43,86,89,93,124,125,126" m="25610" machi="5" ten="30,1000,0" yaku="18,1" doraHai="26" who="1" fromWho="2" sc="204,0,425,16,265,-16,106,0" owari="204,-20.0,441,54.0,249,5.0,106,-39.0" /></mjloggm>