<mjloggm ver="2.3"><GO type="169" lobby="0"/><UN n0="%E7%9C%9F%E5%86%AC%E3%81%AE%E5%90%91%E6%97%A5%E8%91%B5" n1="%6A%69%6E%6B%61%69" n2="%E3%82%A6%E3%83%AB%E3%83%88%E3%83%A9%E7%AB%8B%E7%9B%B4" n3="%E3%81%A8%E3%81%A9%E3%81%8C" dan="16,16,17,16" rate="2068.25,2067.48,2200.93,2117.77" sx="M,M,M,M"/><TAIKYOKU oya="0"/><INIT seed="0,0,0,5,4,130" ten="250,250,250,250" oya="0" hai0="19,5,42,49,128,73,53,79,64,4,66,35,47" hai1="119,40,8,71,100,50,72,122,29,45,70,22,78" hai2="93,92,98,127,108,36,0,9,118,114,111,61,81" hai3="13,99,74,77,59,43,58,125,90,2,110,116,109"/><T3/><D35/><U62/><E119/><V56/><F36/><W113/><G116/><T21/><D128/><U10/><E122/><V103/><F118/><W126/><G2/><T51/><D73/><U32/><E32/><V23/><F114/><W48/><G113/><T112/><D79/><U1/><E100/><V115/><F115/><W102/><G90/><T65/><D3/><U104/><E104/><V131/><F131/><W34/><G34/><T82/><D82/><U85/><E72/><V135/><F81/><W67/><G77/><T26/><REACH who="0" step="1"/><D112/><REACH who="0" ten="240,250,250,250" step="2"/><U41/><E78/><V44/><F0/><W27/><G74/><T16/><D16/><U96/><E1/><V107/><F127/><W87/><G125/><T121/><D121/><U30/><E29/><V124/><F124/><W83/><G126/><T57/><AGARI ba="0,1" hai="4,5,19,21,26,42,47,49,51,53,57,64,65,66" machi="57" ten="30,6000,0" yaku="1,1,0,1,8,1,53,0" doraHai="130" doraHaiUra="101" who="0" fromWho="0" sc="240,70,250,-20,250,-20,250,-20" /><INIT seed="0,1,0,1,0,51" ten="310,230,230,230" oya="0" hai0="67,54,29,87,133,113,58,98,3,40,30,45,135" hai1="9,71,100,33,6,101,73,20,82,77,72,130,84" hai2="17,125,126,93,112,21,48,59,95,8,31,89,37" hai3="121,18,118,27,44,46,106,97,65,7,83,104,11"/><T22/><D113/><U43/><E33/><V2/><F37/><W4/><G118/><T94/><D3/><U49/><E71/><V66/><F112/><W131/><G65/><T78/><D67/><U42/><E130/><V16/><F95/><W115/><G115/><T41/><D87/><U52/><E20/><V91/><F31/><N who="0" m="11786" /><D22/><U19/><E72/><V13/><F66/><W99/><G121/><T105/><D78/><U81/><E19/><V68/><F68/><W74/><G74/><T55/><D105/><U34/><E34/><V107/><F107/><W14/><G131/><T85/><D85/><U80/><E100/><V103/><F103/><W10/><G83/><N who="1" m="31818" /><E101/><V60/><F60/><W75/><G75/><T123/><D123/><U56/><E73/><V1/><F1/><W122/><G122/><T70/><D70/><U108/><E108/><V57/><F91/><W102/><G102/><N who="0" m="60759" /><D58/><U35/><E35/><V63/><F59/><W5/><G104/><T12/><D12/><AGARI ba="1,0" hai="6,9,12,42,43,49,52,56,77,82,84" m="31818" machi="12" ten="30,3900,0" yaku="8,1,52,1,54,1" doraHai="51" who="1" fromWho="0" sc="310,-42,230,42,230,0,230,0" /><INIT seed="1,0,0,5,0,63" ten="268,272,230,230" oya="1" hai0="70,29,48,91,98,68,64,117,95,116,128,14,105" hai1="36,135,121,101,52,46,112,51,115,79,122,100,11" hai2="78,84,58,65,67,8,0,2,75,7,114,86,66" hai3="119,134,40,103,76,16,131,53,69,47,118,126,43"/><U87/><E135/><V33/><F33/><W130/><G134/><T42/><D128/><N who="3" m="49193" /><G126/><T124/><D124/><U80/><E36/><V111/><F111/><W1/><G1/><T81/><D105/><U72/><E72/><V57/><F114/><W26/><G76/><T113/><D113/><U96/><E11/><V37/><F37/><W85/><G85/><T20/><D81/><U44/><E100/><V71/><F71/><W82/><G82/><T27/><D14/><U133/><E133/><V12/><F75/><W9/><G103/><T50/><D70/><U132/><E132/><V77/><F0/><W120/><G120/><T6/><D6/><U73/><E112/><V45/><F2/><W22/><G69/><T31/><D31/><U110/><E115/><V109/><F109/><W55/><G9/><T104/><D104/><U39/><E110/><V23/><F23/><W17/><G17/><T88/><D91/><U94/><REACH who="1" step="1"/><E73/><REACH who="1" ten="268,262,230,230" step="2"/><V21/><F8/><W28/><G118/><T41/><D117/><U15/><E15/><V106/><F7/><W4/><G4/><T102/><D116/><U5/><E5/><V59/><F106/><W56/><G119/><T3/><D102/><U99/><E99/><V83/><F12/><W30/><G43/><AGARI ba="0,1" hai="39,43,44,46,51,52,79,80,87,94,96,101,121,122" machi="43" ten="40,3900,0" yaku="1,1,54,1,53,0" doraHai="63" doraHaiUra="108" who="1" fromWho="3" sc="268,0,262,49,230,0,230,-39" /><INIT seed="1,1,0,3,1,133" ten="268,311,230,191" oya="1" hai0="18,9,109,67,5,120,57,94,11,52,91,105,60" hai1="77,63,47,118,4,20,6,116,121,125,35,44,85" hai2="108,112,15,95,79,98,33,16,92,24,74,48,111" hai3="130,101,87,64,43,72,89,82,73,104,3,25,62"/><U106/><E35/><V134/><F134/><W128/><G3/><T23/><D105/><U49/><E125/><V21/><F112/><W54/><G43/><T19/><D109/><U123/><E106/><V131/><F131/><W34/><G54/><T99/><D120/><U36/><E63/><V7/><F74/><W78/><G73/><T110/><D110/><U45/><E20/><V115/><F79/><W97/><G25/><T13/><D5/><N who="1" m="2155" /><E85/><V122/><F122/><N who="1" m="46601" /><E77/><V113/><F92/><W76/><G34/><T56/><REACH who="0" step="1"/><D19/><REACH who="0" ten="258,311,230,191" step="2"/><U46/><E116/><V61/><F111/><W50/><G72/><T29/><D29/><U135/><E118/><V132/><F108/><W124/><G124/><T55/><D55/><U12/><E36/><V126/><F126/><W88/><G128/><T96/><D96/><U53/><E135/><V58/><F132/><W22/><G130/><T2/><D2/><U127/><E127/><V117/><F117/><W68/><G76/><T32/><D32/><U129/><E129/><V75/><F75/><W71/><G50/><AGARI ba="1,1" hai="9,11,13,18,23,50,52,56,57,60,67,91,94,99" machi="50" ten="30,7700,0" yaku="1,1,7,1,8,1,54,1,53,0" doraHai="133" doraHaiUra="41" who="0" fromWho="3" sc="258,90,311,0,230,0,191,-80" /><INIT seed="2,0,0,5,5,129" ten="348,311,230,111" oya="2" hai0="57,64,127,73,120,13,96,97,98,122,81,58,124" hai1="130,2,99,70,116,34,46,106,103,61,14,111,9" hai2="35,86,1,132,76,92,19,63,43,91,21,28,94" hai3="89,44,131,53,29,56,67,55,104,118,85,7,101"/><V113/><F1/><W36/><G131/><T12/><D81/><U74/><E111/><V16/><F113/><W42/><G118/><T24/><D24/><U37/><E130/><V15/><F76/><W38/><G7/><T49/><D64/><N who="1" m="41231" /><E14/><N who="0" m="5737" /><D73/><U41/><E116/><V68/><F19/><W100/><G38/><T83/><D83/><U33/><E74/><V45/><F132/><W72/><G72/><T40/><D40/><U93/><E93/><V25/><F94/><W3/><G3/><T31/><D31/><U107/><E107/><V26/><F26/><W69/><G29/><T6/><D6/><AGARI ba="0,0" hai="2,6,9,33,34,37,41,46,99,103,106" m="41231" machi="6" ten="30,2000,0" yaku="33,2" doraHai="129" who="1" fromWho="0" sc="348,-20,311,20,230,0,111,0" /><INIT seed="3,0,0,1,1,89" ten="328,331,230,111" oya="3" hai0="25,47,90,32,15,86,72,29,81,116,19,7,38" hai1="106,114,98,108,67,99,113,77,78,101,4,43,18" hai2="2,55,58,31,94,9,24,131,103,62,117,20,23" hai3="45,74,10,34,65,59,60,56,13,42,53,109,28"/><W5/><G74/><T66/><D116/><U120/><E120/><V57/><F117/><W84/><G34/><T21/><D66/><U126/><E67/><V118/><F118/><W112/><G112/><N who="1" m="43114" /><E43/><V16/><F131/><W110/><G28/><T27/><D72/><U50/><E50/><V132/><F132/><W51/><REACH who="3" step="1"/><G84/><REACH who="3" ten="328,331,230,101" step="2"/><T92/><D32/><U93/><E126/><V104/><F31/><W134/><G134/><T0/><D29/><U82/><E99/><V39/><F39/><AGARI ba="0,1" hai="5,10,13,39,42,45,51,53,56,59,60,65,109,110" machi="39" ten="40,2000,0" yaku="1,1,53,0" doraHai="89" doraHaiUra="135" who="3" fromWho="2" sc="328,0,331,0,230,-20,101,30" /><INIT seed="3,1,0,3,0,115" ten="328,331,210,131" oya="3" hai0="1,54,91,70,107,3,102,15,14,109,111,43,13" hai1="46,92,73,86,99,30,120,132,112,44,69,34,131" hai2="7,135,85,6,103,25,60,21,26,89,97,33,96" hai3="23,17,116,110,53,47,72,18,22,38,11,5,101"/><W82/><G101/><T64/><D43/><U93/><E69/><V105/><F135/><W28/><G23/><T83/><D64/><U31/><E73/><V45/><F96/><W124/><G53/><T36/><D36/><U117/><E132/><V125/><F125/><W32/><G32/><T4/><D70/><U94/><E34/><V29/><F45/><N who="1" m="17513" /><E112/><V87/><F60/><W121/><G121/><T20/><D54/><U65/><E65/><V95/><REACH who="2" step="1"/><F87/><REACH who="2" ten="328,331,200,131" step="2"/><W74/><G124/><T130/><D111/><U48/><E86/><V58/><F58/><W10/><G110/><T134/><D109/><U55/><E99/><V129/><F129/><W78/><G74/><T104/><D130/><U75/><E131/><V71/><F71/><W39/><G39/><T128/><D128/><U98/><E75/><V106/><F106/><W42/><G10/><T8/><D8/><U57/><E98/><V76/><F76/><W2/><G116/><T9/><D9/><U114/><E114/><V68/><F68/><W88/><G88/><T127/><D91/><U79/><E120/><V19/><AGARI ba="1,1" hai="6,7,19,21,25,26,29,33,85,89,95,97,103,105" machi="19" ten="20,5200,0" yaku="1,1,0,1,7,1,53,1" doraHai="115" doraHaiUra="12" who="2" fromWho="2" sc="328,-14,331,-14,200,65,131,-27" /><INIT seed="4,0,0,1,0,135" ten="314,317,265,104" oya="0" hai0="63,65,37,109,86,49,38,104,73,83,110,129,18" hai1="33,105,74,60,4,78,134,72,66,13,115,1,41" hai2="9,112,67,84,89,91,107,52,120,131,22,47,61" hai3="95,24,32,14,116,75,122,124,106,12,35,55,16"/><T21/><D73/><N who="1" m="28267" /><E13/><V44/><F120/><W6/><G116/><T117/><D104/><U39/><E78/><V51/><F112/><W133/><G75/><T103/><D103/><U17/><E17/><V128/><F107/><W125/><G106/><T70/><D49/><U31/><E134/><V59/><F9/><N who="3" m="4151" /><G133/><T127/><D117/><U54/><E54/><V96/><F96/><W53/><G95/><T28/><D28/><U48/><E48/><V100/><F100/><W46/><G122/><T42/><D129/><U25/><E115/><V79/><F79/><W97/><G97/><T8/><D8/><N who="1" m="2063" /><E105/><V50/><F22/><N who="3" m="11543" /><G46/><T77/><D42/><U101/><E41/><V0/><F0/><W40/><G40/><T132/><D132/><U43/><E43/><N who="2" m="24863" /><F84/><W58/><G58/><T11/><D11/><U123/><E101/><V111/><F111/><N who="0" m="42506" /><D37/><U45/><E45/><V26/><F131/><W57/><G57/><T81/><D38/><U87/><E39/><V68/><F128/><W69/><G69/><T93/><D93/><U90/><E123/><V56/><F68/><W15/><G53/><T34/><D83/><N who="1" m="49535" /><E66/><V27/><F59/><W29/><G55/><T98/><D70/><U99/><E99/><V92/><F92/><W130/><G130/><T2/><D98/><U71/><E71/><V113/><F113/><W10/><G35/><T36/><D34/><U7/><E60/><V118/><F118/><W119/><G119/><T19/><D36/><U126/><E33/><V23/><F23/><W114/><G114/><T76/><D21/><N who="1" m="15791" /><E7/><AGARI ba="0,0" hai="7,10,15,24,29,32,124,125" m="11543,4151" machi="7" ten="30,8000,1" yaku="34,2,52,2,54,1" doraHai="135" who="3" fromWho="1" sc="314,0,317,-80,265,0,104,80" /><INIT seed="5,0,0,0,2,22" ten="314,237,265,184" oya="1" hai0="120,117,83,135,9,1,57,61,121,100,30,93,106" hai1="54,29,5,35,55,67,109,25,108,70,24,104,88" hai2="28,76,91,92,15,127,2,13,126,26,56,69,96" hai3="114,50,79,43,36,48,115,131,38,90,60,64,134"/><U71/><E104/><V42/><F69/><N who="1" m="26121" /><E67/><V12/><F2/><W116/><G79/><T98/><D117/><U53/><E5/><V68/><F68/><N who="3" m="41991" /><G116/><T78/><D135/><U41/><E41/><V86/><F42/><W124/><G134/><T52/><D30/><U122/><E122/><V128/><F56/><W112/><G131/><T82/><D106/><U95/><E29/><V47/><F47/><N who="3" m="25727" /><G124/><T8/><D83/><U119/><E35/><V34/><REACH who="2" step="1"/><F128/><REACH who="2" ten="314,237,255,184" step="2"/><W27/><G50/><T130/><D130/><U14/><E119/><V107/><F107/><W118/><G118/><T74/><D1/><U20/><E54/><V97/><F97/><W85/><G38/><T113/><D121/><U40/><E55/><V125/><F125/><W111/><G36/><T19/><D120/><U23/><E53/><V133/><F133/><W49/><G49/><T66/><D52/><U51/><E51/><V102/><F102/><W63/><G63/><T129/><D129/><U37/><E40/><V46/><F46/><W16/><G111/><N who="1" m="42570" /><E37/><V84/><F84/><W11/><G85/><T110/><D110/><U105/><E105/><V99/><F99/><W65/><G65/><T10/><D98/><N who="1" m="57703" /><E14/><V58/><F58/><W81/><G115/><T59/><D113/><U4/><E4/><V32/><F32/><W45/><G45/><T6/><D66/><U103/><E103/><V44/><F44/><W17/><G114/><T3/><D6/><U62/><E62/><V39/><F39/><W101/><G112/><T89/><D100/><U33/><E33/><V123/><F123/><RYUUKYOKU ba="0,1" sc="314,-15,237,15,255,15,184,-15" hai1="20,23,24,25" hai2="12,13,15,26,28,34,76,86,91,92,96,126,127" /><INIT seed="5,1,1,2,3,98" ten="299,252,270,169" oya="1" hai0="133,119,65,126,52,129,41,46,111,132,70,100,15" hai1="80,59,109,1,66,106,40,78,28,117,27,113,24" hai2="14,77,32,64,88,57,92,114,134,110,96,130,19" hai3="29,94,123,11,127,118,101,105,2,36,26,5,13"/><U31/><E1/><V61/><F110/><W17/><G36/><T7/><D111/><U107/><E117/><V104/><F32/><W18/><G123/><T69/><D119/><U87/><E109/><V51/><F130/><W83/><G118/><T82/><D129/><U9/><E40/><V42/><F134/><N who="0" m="51818" /><D126/><U8/><E113/><V0/><F0/><W45/><G127/><T37/><D65/><U35/><E106/><V72/><F114/><W103/><G83/><T20/><D100/><N who="3" m="38473" /><G105/><T121/><D121/><U102/><E102/><V30/><F72/><W74/><G74/><T10/><D20/><U76/><E76/><V75/><F75/><W112/><G112/><T23/><D23/><U4/><E4/><V3/><F3/><W67/><G2/><T124/><D124/><U21/><E107/><V90/><F77/><W33/><G33/><T85/><D52/><U116/><E116/><V95/><F104/><W63/><G45/><T135/><D135/><U34/><E34/><V43/><F90/><AGARI ba="1,1" hai="7,10,15,37,41,46,69,70,82,85,90" m="51818" machi="90" ten="30,1000,0" yaku="20,1" doraHai="98" who="0" fromWho="2" sc="299,23,252,0,270,-13,169,0" /><INIT seed="6,0,0,1,4,133" ten="322,252,257,169" oya="2" hai0="24,29,67,80,116,54,73,74,65,125,107,40,82" hai1="14,93,39,25,129,131,22,36,92,61,20,28,99" hai2="83,2,15,26,75,100,85,118,123,32,30,128,38" hai3="64,114,115,88,71,52,18,109,59,10,117,8,72"/><V51/><F123/><W46/><G72/><T103/><D40/><U95/><E99/><V112/><F118/><W91/><G109/><T7/><D7/><U63/><E14/><V13/><F38/><N who="1" m="14377" /><E22/><V33/><F75/><W90/><G117/><T9/><D9/><U44/><E44/><V134/><F2/><W119/><G119/><T69/><D54/><U1/><E1/><V122/><F122/><W43/><G18/><T126/><D116/><U89/><E89/><V101/><F33/><W68/><G10/><T96/><D74/><U78/><E78/><V87/><F134/><W97/><G8/><T94/><D94/><N who="1" m="24067" /><U127/><DORA hai="108" /><E127/><N who="0" m="48649" /><D69/><U106/><E106/><V31/><F87/><W135/><G135/><T19/><D19/><U34/><E34/><V17/><F32/><W50/><G97/><T79/><D82/><U66/><E66/><V76/><F83/><W11/><G11/><T57/><D57/><U12/><E12/><V56/><F13/><W121/><G121/><T124/><D124/><U81/><E81/><V49/><F15/><W55/><G64/><T105/><D105/><U104/><E104/><V3/><F56/><W130/><G55/><T113/><D65/><U16/><E28/><V60/><F31/><W111/><G111/><T41/><D67/><U42/><E42/><V0/><F30/><W77/><G71/><T35/><D41/><U21/><E21/><V120/><F0/><W45/><G68/><T4/><D4/><U58/><E58/><V37/><F3/><W47/><G43/><T84/><D73/><U5/><E5/><RYUUKYOKU ba="0,0" sc="322,15,252,15,257,-15,169,-15" hai0="24,29,35,79,80,84,96,103,107,113" hai1="16,20,25,61,63,129,131" /><INIT seed="7,1,0,0,4,31" ten="337,267,242,154" oya="3" hai0="96,73,98,125,50,1,53,8,12,87,9,65,109" hai1="132,57,15,41,129,93,48,90,45,21,72,95,66" hai2="55,76,89,40,120,94,39,54,60,46,80,32,20" hai3="133,111,19,103,82,2,70,127,115,121,116,119,134"/><W79/><G70/><T131/><D73/><U74/><E93/><V10/><F32/><W23/><G2/><T68/><D1/><U44/><E129/><V43/><F120/><W85/><G121/><T49/><D49/><U42/><E132/><N who="3" m="50794" /><G115/><T13/><D109/><U67/><E15/><N who="0" m="5705" /><D68/><U104/><E21/><V86/><F10/><N who="0" m="4202" /><D65/><U3/><E3/><V11/><F11/><W135/><N who="3" m="50802" /><W37/><DORA hai="64" /><G37/><T83/><D125/><U26/><E26/><V92/><F43/><W38/><G38/><T34/><D34/><U112/><E104/><V84/><F20/><W75/><G127/><T101/><D101/><U99/><E112/><V63/><F55/><W71/><G71/><T25/><D25/><U52/><E72/><V5/><F5/><W22/><G111/><T105/><D105/><U33/><E33/><V18/><F54/><W4/><G4/><T124/><D131/><U81/><E74/><V77/><F39/><W128/><G128/><T0/><D0/><U35/><E35/><V62/><F18/><W28/><G75/><T126/><D126/><U117/><E117/><N who="3" m="45130" /><G103/><T107/><D124/><U114/><E114/><V61/><N who="2" m="15360" /><DORA hai="14" /><V122/><F122/><W16/><G23/><T30/><D53/><U123/><E123/><V7/><F7/><W47/><G47/><N who="1" m="17994" /><E67/><V59/><F46/><W106/><G106/><T91/><D107/><U24/><E66/><V110/><F40/><W17/><G22/><T36/><D36/><U29/><E42/><V56/><F110/><W6/><G6/><T27/><D50/><U113/><E41/><RYUUKYOKU ba="1,0" sc="337,15,267,-15,242,-15,154,15" hai0="27,30,83,87,91,96,98" hai3="16,17,19,28,79,82,85" /><INIT seed="7,2,0,2,5,52" ten="352,252,227,169" oya="3" hai0="55,88,3,107,9,30,83,47,25,8,112,78,1" hai1="91,51,131,26,24,73,44,97,89,129,56,12,62" hai2="87,14,5,116,68,111,33,43,128,21,108,130,53" hai3="39,117,80,40,57,110,18,94,84,134,86,127,11"/><W27/><G117/><T64/><D107/><U45/><E73/><V104/><F33/><W120/><G120/><T71/><D71/><U70/><E70/><V123/><F116/><W2/><G39/><T75/><D64/><N who="1" m="38983" /><E12/><V102/><F68/><W49/><G2/><T20/><D112/><U105/><E45/><V101/><F43/><W121/><G121/><T132/><D132/><U34/><E105/><V95/><F123/><W65/><G134/><T77/><D77/><U23/><E34/><V36/><F36/><W48/><G110/><T85/><D47/><U133/><E97/><V17/><F5/><W122/><G122/><T124/><D55/><N who="1" m="30183" /><E26/><V100/><F104/><W113/><G113/><T67/><D67/><U35/><E35/><V38/><F38/><W16/><G127/><T103/><D103/><U54/><E54/><V69/><F69/><W92/><G40/><T32/><D32/><U60/><E60/><V10/><F53/><N who="3" m="31911" /><G65/><T106/><D106/><U96/><E96/><V81/><F111/><W61/><G49/><T42/><D42/><U66/><E66/><V93/><F108/><W126/><G126/><T98/><D98/><U90/><E133/><V22/><F130/><N who="1" m="49673" /><E91/><N who="2" m="51695" /><F128/><W58/><G27/><T72/><D124/><U63/><E63/><V99/><F102/><W41/><G41/><T15/><D75/><U76/><E76/><V135/><F135/><W119/><G119/><T46/><D46/><U29/><AGARI ba="2,0" hai="23,24,29,89,90" m="49673,30183,38983" machi="29" ten="30,2000,0" yaku="19,1,52,1" doraHai="52" who="1" fromWho="1" sc="352,-7,252,26,227,-7,169,-12" owari="345,44.0,278,8.0,220,-18.0,157,-34.0" /></mjloggm>