<mjloggm ver="2.3"><GO type="169" lobby="0"/><UN n0="%E3%83%94%E3%82%AB%E5%90%BE%E9%83%8E" n1="%E3%81%9D%E3%81%AE%E4%B8%80%E6%96%B9%E3%81%AA%E3%81%84%E3%82%8F%EF%BD%9E" n2="%E3%82%A6%E3%83%AB%E3%83%88%E3%83%A9%E7%AB%8B%E7%9B%B4" n3="%E5%A8%98%E3%80%82" dan="16,16,18,16" rate="2139.16,2034.77,2167.33,2054.72" sx="M,M,M,M"/><TAIKYOKU oya="0"/><INIT seed="0,0,0,5,3,14" ten="250,250,250,250" oya="0" hai0="26,118,75,9,68,121,126,0,101,90,51,53,135" hai1="71,87,109,81,56,89,12,33,23,2,127,40,32" hai2="39,27,104,4,92,123,13,54,116,69,77,30,48" hai3="18,113,70,122,85,96,110,59,29,78,41,37,17"/><T132/><D68/><U6/><E71/><V11/><F104/><W105/><G70/><T99/><D75/><U25/><E109/><V64/><F39/><W112/><G110/><T21/><D121/><U83/><E127/><V129/><F123/><W49/><G122/><T1/><D90/><U15/><E40/><V130/><F116/><W98/><G29/><T38/><D38/><U20/><E56/><V80/><F92/><W84/><G37/><T117/><D126/><U34/><E83/><V76/><F64/><W60/><G105/><T42/><D42/><U94/><E81/><V107/><F107/><W88/><G113/><T120/><D120/><U5/><E87/><N who="3" m="33354" /><G112/><T66/><D66/><U119/><E94/><V131/><F80/><W108/><G108/><T47/><D99/><N who="3" m="37929" /><G88/><T61/><D117/><U103/><E89/><V3/><F3/><W79/><G49/><T125/><D125/><U58/><E119/><V102/><F102/><W124/><G41/><T19/><D101/><U50/><E103/><V73/><F73/><W57/><G57/><N who="0" m="34991" /><D1/><U133/><E2/><V111/><F111/><W35/><G35/><T134/><D118/><U62/><E34/><N who="2" m="20831" /><F69/><W45/><G45/><AGARI ba="0,0" hai="4,11,13,45,48,54,76,77,129,130,131" m="20831" machi="45" ten="30,1000,0" yaku="19,1" doraHai="14" who="2" fromWho="3" sc="250,0,250,0,250,10,250,-10" /><INIT seed="1,0,0,2,4,7" ten="250,250,260,240" oya="1" hai0="102,55,65,20,10,111,23,35,135,85,72,130,81" hai1="27,64,94,84,1,5,9,75,121,34,70,133,112" hai2="117,129,131,54,107,46,108,28,97,8,82,29,49" hai3="125,25,90,105,109,91,96,71,100,52,4,123,134"/><U92/><E121/><V44/><F117/><W104/><G71/><T18/><D35/><U118/><E112/><V110/><F82/><W30/><G123/><T116/><D72/><U119/><E75/><V80/><F80/><W128/><G105/><T62/><D116/><U124/><E124/><V78/><F78/><W21/><G109/><N who="2" m="42089" /><F46/><W13/><G125/><T60/><D111/><U32/><E84/><V48/><F48/><W26/><G26/><T98/><D55/><U68/><E64/><V51/><F51/><W14/><G134/><T39/><D39/><U53/><E53/><V50/><F50/><W76/><G76/><T11/><D23/><U19/><E133/><V93/><F107/><W120/><G120/><T41/><D130/><N who="2" m="49674" /><F8/><N who="0" m="3114" /><D41/><U87/><E119/><V0/><F0/><W126/><G104/><T58/><D135/><U59/><E118/><V83/><F83/><W57/><G128/><T95/><D58/><U16/><E59/><V86/><F54/><W12/><G52/><T56/><D56/><U122/><E122/><V22/><F22/><W66/><G57/><T38/><D38/><U114/><E68/><V99/><F49/><W6/><G126/><T103/><D103/><U127/><E70/><V74/><F74/><W115/><G100/><T106/><D106/><U42/><E42/><V101/><F101/><W3/><G3/><T2/><D2/><U89/><E127/><V43/><F43/><W40/><G40/><T24/><D65/><U73/><E73/><V77/><F44/><W61/><G66/><T33/><D33/><U63/><E34/><RYUUKYOKU ba="0,0" sc="250,30,250,-10,260,-10,240,-10" hai0="18,20,24,60,62,81,85,95,98,102" /><INIT seed="2,1,0,2,5,16" ten="280,240,250,230" oya="2" hai0="105,115,78,97,73,122,74,107,102,83,62,70,79" hai1="9,65,123,32,87,106,94,86,5,15,22,89,3" hai2="101,64,60,116,114,124,80,109,23,37,98,45,91" hai3="13,26,20,27,135,8,118,41,108,24,2,47,55"/><V66/><F116/><W35/><G118/><T63/><D63/><U110/><E106/><V131/><F114/><W0/><G108/><T68/><D115/><U48/><E110/><V111/><F124/><W10/><G135/><T90/><D107/><U69/><E32/><V52/><F131/><W34/><G55/><T46/><D122/><U127/><E127/><V113/><F113/><W28/><G34/><T134/><D134/><U72/><E72/><V49/><F37/><W54/><G54/><T18/><D62/><U84/><E123/><V12/><F91/><W120/><G120/><T82/><D46/><U76/><E76/><V77/><F66/><W39/><G26/><T93/><REACH who="0" step="1"/><D18/><REACH who="0" ten="270,240,250,230" step="2"/><U36/><E69/><V19/><F60/><W59/><G59/><T67/><D67/><U112/><E65/><V17/><F64/><W53/><G53/><T61/><D61/><U95/><E112/><V132/><F132/><W30/><REACH who="3" step="1"/><G10/><REACH who="3" ten="270,240,250,220" step="2"/><T81/><D81/><U40/><E9/><V119/><F119/><W4/><AGARI ba="1,2" hai="0,2,4,8,13,20,24,27,28,30,35,39,41,47" machi="4" ten="20,8000,1" yaku="1,1,2,1,0,1,7,1,52,1,53,0" doraHai="16" doraHaiUra="129" who="3" fromWho="3" sc="270,-21,240,-21,250,-41,220,103" /><INIT seed="3,0,0,2,4,97" ten="249,219,209,323" oya="3" hai0="11,89,2,9,57,61,101,21,6,72,95,129,106" hai1="8,49,50,98,76,12,102,113,131,134,74,100,31" hai2="22,25,119,29,107,87,48,135,110,34,64,77,56" hai3="47,127,124,59,120,132,10,26,121,45,116,40,19"/><W92/><G116/><T75/><D129/><U52/><E113/><V46/><F119/><W96/><G132/><T51/><D51/><U81/><E131/><V115/><F115/><W68/><G68/><T99/><D21/><U36/><E36/><V73/><F110/><W105/><G105/><T13/><D89/><U62/><E134/><V3/><F3/><W91/><G59/><T133/><D106/><U24/><E62/><V65/><F73/><W111/><G47/><T112/><D133/><U17/><E98/><V5/><F5/><W18/><G18/><T42/><D42/><U108/><E50/><V104/><F34/><W7/><G26/><T70/><D70/><U41/><E41/><V66/><F135/><W71/><G19/><T35/><D35/><U93/><E93/><V1/><F1/><W27/><G27/><T130/><D130/><U23/><E108/><V37/><F37/><W83/><G83/><T78/><D78/><U0/><E0/><V32/><F32/><W14/><G71/><T38/><D38/><U128/><E128/><V28/><F28/><W20/><G111/><T60/><D60/><U94/><E94/><V79/><F56/><AGARI ba="0,0" hai="8,12,17,23,24,31,49,52,56,74,76,81,100,102" machi="56" ten="30,7700,0" yaku="7,1,52,2,54,1" doraHai="97" who="1" fromWho="2" sc="249,0,219,77,209,-77,323,0" /><INIT seed="4,0,0,3,2,55" ten="249,296,132,323" oya="0" hai0="82,86,85,62,75,43,118,70,60,81,95,106,80" hai1="110,28,66,24,37,46,115,120,97,45,21,31,89" hai2="49,105,48,128,50,117,30,42,51,84,108,59,35" hai3="12,17,87,20,15,33,96,8,13,1,16,63,69"/><T103/><D75/><U40/><E110/><V88/><F105/><W29/><G96/><N who="0" m="59807" /><D70/><U0/><E120/><V83/><F108/><W65/><G87/><N who="0" m="33291" /><D118/><U61/><E0/><V14/><F128/><W58/><G69/><T126/><D106/><U113/><E46/><V25/><F117/><W104/><G104/><T72/><D72/><U90/><E31/><V91/><F91/><W121/><G121/><T119/><D126/><U5/><E5/><V57/><N who="2" m="12288" /><DORA hai="68" /><V10/><REACH who="2" step="1"/><F42/><REACH who="2" ten="249,296,122,323" step="2"/><W92/><G92/><T134/><D119/><U6/><E90/><V100/><F100/><W9/><G9/><T39/><D43/><U41/><E41/><V32/><F32/><W36/><G8/><T4/><D82/><U112/><E89/><V52/><F52/><W11/><G11/><T127/><D81/><U71/><E40/><V94/><F94/><W53/><G33/><T44/><D80/><U130/><E130/><V22/><F22/><W79/><G53/><T78/><D44/><U132/><E45/><V23/><F23/><W73/><G20/><T47/><D47/><U101/><E101/><V107/><F107/><W76/><G76/><T116/><D78/><U129/><E129/><V64/><F64/><W3/><G79/><T131/><D116/><U98/><E21/><V114/><F114/><W133/><G65/><T2/><D131/><U38/><E115/><V7/><AGARI ba="0,1" hai="7,10,14,25,30,35,57,59,83,84,88" m="12288" machi="7" ten="40,8000,1" yaku="1,1,0,1,52,2,54,1,53,0" doraHai="55,68" doraHaiUra="93,135" who="2" fromWho="2" sc="249,-40,296,-20,122,90,323,-20" /><INIT seed="5,0,0,5,4,41" ten="209,276,212,303" oya="1" hai0="69,89,68,86,106,48,104,82,13,99,43,54,72" hai1="31,33,93,58,25,37,59,95,38,12,0,133,23" hai2="29,53,36,28,21,62,127,87,4,17,115,27,110" hai3="30,134,61,5,92,124,117,114,94,39,112,60,26"/><U101/><E133/><V8/><F110/><W123/><G123/><T66/><D43/><U102/><E0/><V70/><F36/><W9/><G134/><T67/><D69/><U130/><E130/><V96/><F127/><W71/><G39/><T73/><D73/><U100/><E12/><V129/><F129/><W107/><G107/><T98/><D104/><U84/><E33/><V132/><F115/><N who="3" m="44075" /><G124/><T45/><D68/><U105/><E105/><V35/><F96/><N who="0" m="36906" /><D72/><U83/><E38/><V125/><F125/><W78/><G78/><T126/><D106/><U3/><E3/><V75/><F75/><W120/><G120/><T135/><D135/><U1/><E1/><V76/><F35/><N who="3" m="20951" /><G117/><T56/><D126/><U122/><E122/><V57/><F70/><W52/><G71/><T91/><D89/><N who="1" m="51359" /><E37/><V116/><F116/><W10/><G61/><T65/><D13/><U90/><E90/><V24/><F132/><W64/><G64/><T113/><D113/><U74/><E74/><V18/><F76/><W44/><G60/><AGARI ba="0,0" hai="45,48,54,56,60,65,66,67,82,86,91" m="36906" machi="60" ten="30,2000,0" yaku="8,1,52,1" doraHai="41" who="0" fromWho="3" sc="209,20,276,0,212,0,303,-20" /><INIT seed="6,0,0,3,1,59" ten="229,276,212,283" oya="2" hai0="7,118,83,55,102,52,1,78,134,37,41,94,30" hai1="79,61,46,4,32,135,115,67,31,23,12,87,131" hai2="14,104,63,51,11,65,22,5,27,64,71,70,56" hai3="66,108,69,98,68,40,76,38,3,9,16,129,100"/><V28/><F104/><W44/><G108/><T58/><D30/><U36/><E32/><V20/><F65/><W6/><G129/><T35/><D35/><U89/><E79/><V125/><F125/><W113/><G113/><T103/><D134/><U95/><E135/><V86/><F86/><W101/><G101/><T119/><D41/><U24/><E115/><V39/><F39/><W29/><G29/><T120/><D55/><U34/><E131/><V128/><F128/><W72/><G72/><T132/><D37/><U93/><E36/><V122/><F122/><W109/><G76/><T21/><D21/><U0/><E46/><V92/><F92/><W62/><G109/><T126/><D94/><U45/><E45/><V33/><REACH who="2" step="1"/><F51/><REACH who="2" ten="229,276,202,283" step="2"/><W15/><G38/><T42/><D126/><U10/><E95/><V54/><F54/><W106/><G66/><T112/><D42/><U127/><E127/><V97/><F97/><W50/><G98/><T91/><D120/><U90/><E67/><V110/><F110/><W88/><G106/><T74/><D112/><U25/><E87/><V75/><F75/><W77/><G50/><N who="0" m="30999" /><D132/><U105/><E105/><V43/><F43/><W114/><G40/><T85/><D74/><U48/><E48/><V2/><F2/><W117/><G3/><T18/><D1/><U19/><E93/><V17/><F17/><W60/><G114/><T81/><D18/><U96/><E96/><V123/><F123/><W13/><G16/><T47/><D7/><U80/><E0/><V107/><F107/><W124/><G6/><T84/><D47/><RYUUKYOKU ba="0,1" sc="229,15,276,-15,202,15,283,-15" hai0="78,81,83,84,85,91,102,103,118,119" hai2="5,11,14,20,22,27,28,33,56,63,64,70,71" /><INIT seed="6,1,1,2,0,88" ten="244,261,217,268" oya="2" hai0="38,32,55,122,63,125,8,77,107,106,78,91,20" hai1="134,118,119,46,47,131,130,84,86,83,115,4,10" hai2="49,50,3,127,85,26,54,105,113,114,34,56,40" hai3="67,37,64,45,135,117,25,61,43,123,75,65,101"/><V112/><F3/><W12/><G123/><T92/><D32/><U108/><E108/><V110/><F105/><W103/><G117/><N who="1" m="44554" /><E115/><N who="2" m="29443" /><V102/><DORA hai="66" /><F110/><W30/><G135/><T121/><D38/><U14/><E134/><V51/><F127/><W18/><G75/><T39/><D39/><U90/><E86/><V28/><F102/><W15/><G61/><T62/><D125/><U24/><E24/><V27/><F40/><W89/><G89/><T53/><D91/><U93/><E83/><V133/><F133/><W120/><G12/><T104/><D104/><U57/><E57/><V76/><F27/><W16/><G18/><T73/><D73/><U59/><E59/><V74/><F74/><W132/><G120/><T6/><D106/><U98/><E98/><V41/><F41/><W0/><G0/><T22/><D107/><U35/><E35/><V42/><F42/><W23/><REACH who="3" step="1"/><G132/><REACH who="3" ten="244,261,217,258" step="2"/><T1/><D122/><U17/><E17/><V70/><F70/><W97/><G97/><T128/><D1/><U58/><E14/><V44/><F44/><W99/><G99/><T72/><D72/><U81/><E47/><V33/><F76/><W87/><G87/><T94/><D121/><U7/><E46/><V111/><F85/><W48/><G48/><N who="2" m="18537" /><F111/><W109/><G109/><T124/><D124/><U52/><E84/><V95/><F95/><W11/><AGARI ba="1,2" hai="11,15,16,23,25,30,37,43,45,64,65,67,101,103" machi="11" ten="30,7900,0" yaku="1,1,0,1,54,1,53,1" doraHai="88,66" doraHaiUra="13,126" who="3" fromWho="3" sc="244,-21,261,-21,217,-40,258,102" /><INIT seed="7,0,0,3,0,41" ten="223,240,177,360" oya="3" hai0="105,43,38,115,96,70,128,47,25,29,94,112,50" hai1="49,17,4,65,97,60,20,86,30,42,77,67,13" hai2="36,130,119,134,99,103,51,52,80,83,46,23,28" hai3="108,129,123,84,1,58,18,31,10,21,100,126,5"/><W69/><G69/><T91/><D70/><U113/><E113/><N who="0" m="43593" /><D105/><U61/><E30/><V57/><F119/><W0/><G0/><T22/><D128/><U11/><E97/><V33/><F33/><W26/><G123/><T14/><D14/><U127/><E127/><V9/><F130/><W114/><G114/><T45/><D45/><N who="1" m="25783" /><E77/><V19/><F134/><W34/><G126/><T63/><D63/><N who="1" m="24139" /><E86/><V62/><F36/><AGARI ba="0,0" hai="22,25,29,36,38,43,47,50,91,94,96" m="43593" machi="36" ten="30,3900,0" yaku="15,1,11,1,52,1" doraHai="41" who="0" fromWho="2" sc="223,39,240,0,177,-39,360,0" owari="262,6.0,240,-16.0,138,-36.0,360,46.0" /></mjloggm>