<mjloggm ver="2.3"><GO type="169" lobby="0"/><UN n0="%E3%81%A1%E3%82%83%E3%82%93%E3%81%9F%E3%81%A3%E3%81%9F" n1="%43%50%30%33" n2="%E3%82%A6%E3%83%AB%E3%83%88%E3%83%A9%E7%AB%8B%E7%9B%B4" n3="%E3%81%92%E3%81%A3%E3%81%A1" dan="16,16,17,17" rate="2038.43,2157.06,2152.38,2170.49" sx="M,M,M,M"/><TAIKYOKU oya="0"/><INIT seed="0,0,0,2,1,111" ten="250,250,250,250" oya="0" hai0="57,127,114,24,90,74,93,36,63,118,14,88,71" hai1="91,79,4,40,77,115,48,135,26,44,110,43,33" hai2="53,105,133,76,112,119,0,130,61,81,35,51,20" hai3="58,28,68,128,64,62,82,15,11,97,87,102,45"/><T129/><D118/><U10/><E110/><V1/><F35/><W132/><G128/><T49/><D36/><U23/><E33/><V18/><F119/><W67/><G28/><T6/><D74/><U12/><E135/><V80/><F105/><W122/><G132/><T37/><D37/><U92/><E43/><V73/><F133/><W42/><G122/><T84/><D129/><U101/><E101/><V25/><F130/><W27/><G27/><T98/><D71/><U96/><REACH who="1" step="1"/><E115/><REACH who="1" ten="250,240,250,250" step="2"/><V126/><F112/><W95/><G68/><T103/><D114/><U31/><AGARI ba="0,1" hai="4,10,12,23,26,31,40,44,48,77,79,91,92,96" machi="31" ten="20,12000,2" yaku="1,1,2,1,0,1,7,1,8,1,53,1" doraHai="111" doraHaiUra="89" who="1" fromWho="1" sc="250,-60,240,130,250,-30,250,-30" /><INIT seed="1,0,0,1,2,90" ten="190,370,220,220" oya="1" hai0="117,59,82,95,29,109,128,38,134,27,32,104,122" hai1="69,115,11,129,130,23,101,133,6,43,108,77,51" hai2="42,79,9,58,127,67,12,86,118,65,0,14,92" hai3="61,4,50,72,44,105,121,91,55,126,28,31,74"/><U33/><E33/><V60/><F118/><W88/><G121/><T52/><D117/><U80/><E115/><V94/><F127/><W110/><G126/><T26/><D122/><U68/><E23/><V34/><F34/><W53/><G105/><T106/><D38/><U107/><E108/><V66/><F0/><W93/><G4/><T84/><D134/><U62/><E62/><V85/><F42/><W54/><G110/><T22/><D128/><N who="1" m="49259" /><E107/><V78/><F60/><W125/><G125/><T119/><D119/><U111/><E101/><V75/><F58/><W63/><G74/><T20/><D109/><U46/><E133/><V30/><F30/><N who="3" m="11307" /><G91/><T64/><D64/><U100/><E100/><V49/><F75/><W13/><G72/><T97/><D104/><U3/><E111/><V5/><F49/><N who="3" m="28839" /><G13/><T25/><D106/><U8/><E8/><V48/><F48/><W47/><G55/><T15/><D15/><U19/><E19/><V99/><F14/><W57/><G47/><T40/><D40/><U73/><AGARI ba="0,0" hai="3,6,11,43,46,51,68,69,73,77,80" m="49259" machi="73" ten="30,1500,0" yaku="19,1" doraHai="90" who="1" fromWho="1" sc="190,-5,370,15,220,-5,220,-5" /><INIT seed="1,1,0,0,0,46" ten="185,385,215,215" oya="1" hai0="84,112,102,18,15,64,113,34,89,2,50,37,69" hai1="76,58,26,100,57,131,88,83,13,111,61,4,0" hai2="47,8,90,1,48,81,117,121,49,54,103,59,51" hai3="39,123,98,40,44,6,5,132,41,129,45,11,73"/><U55/><E100/><V87/><F121/><W114/><G123/><T12/><D37/><U66/><E0/><V38/><F117/><W56/><G129/><T118/><D34/><U91/><E131/><V86/><F103/><W62/><G73/><T24/><D2/><U133/><E133/><V3/><F3/><W29/><G132/><T78/><D78/><U17/><E111/><V79/><F38/><W16/><G29/><T80/><D118/><U19/><E76/><V109/><F109/><W120/><G114/><T122/><D122/><U21/><E4/><V97/><F97/><W134/><G134/><T42/><D102/><U72/><E83/><V9/><F47/><W105/><G98/><T36/><D36/><U93/><E93/><N who="2" m="54487" /><F1/><W63/><G105/><T7/><D7/><U60/><E72/><V14/><F9/><AGARI ba="1,0" hai="9,13,17,19,21,26,55,57,58,60,61,66,88,91" machi="9" ten="30,5800,0" yaku="7,1,8,1,54,1" doraHai="46" who="1" fromWho="2" sc="185,0,385,61,215,-61,215,0" /><INIT seed="1,2,0,0,5,101" ten="185,446,154,215" oya="1" hai0="32,130,44,41,27,134,77,43,103,37,42,55,86" hai1="108,82,76,128,126,112,85,107,81,124,53,15,8" hai2="61,94,69,7,118,23,18,5,62,79,90,96,11" hai3="113,10,63,106,87,1,51,80,70,99,13,36,33"/><U131/><E112/><V22/><F118/><W132/><G36/><T28/><D130/><N who="1" m="49707" /><E53/><V65/><F79/><W84/><G132/><T109/><D134/><U59/><E59/><V45/><F45/><W2/><G33/><T49/><D109/><U38/><E38/><V83/><F23/><W116/><G113/><T72/><D72/><N who="1" m="43143" /><E107/><V105/><F105/><W115/><G116/><T75/><D75/><U58/><E58/><V6/><F83/><W100/><G51/><T91/><D77/><N who="1" m="46287" /><E108/><V24/><REACH who="2" step="1"/><F62/><REACH who="2" ten="185,446,144,215" step="2"/><W127/><G63/><T21/><D32/><U56/><E56/><V110/><F110/><W73/><G73/><T67/><D21/><U19/><AGARI ba="2,1" hai="8,15,19,124,126" m="46287,43143,49707" machi="19" ten="30,1500,0" yaku="19,1" doraHai="101" who="1" fromWho="1" sc="185,-7,446,31,144,-7,215,-7" /><INIT seed="1,3,0,0,3,109" ten="178,477,137,208" oya="1" hai0="36,74,17,4,105,77,14,24,127,38,37,49,41" hai1="50,58,20,64,63,90,34,2,81,102,80,96,95" hai2="39,103,44,46,131,114,113,35,72,13,12,101,23" hai3="27,59,40,107,98,31,48,70,119,132,133,79,94"/><U47/><E34/><V75/><F35/><W1/><G70/><T66/><D105/><U69/><E2/><V68/><F68/><W53/><G107/><T26/><D66/><U128/><E128/><V15/><F23/><W108/><G108/><T18/><D4/><U5/><E5/><V73/><F131/><W32/><G32/><T134/><BYE who="3" /><D134/><U111/><E111/><V126/><F126/><W123/><G123/><T88/><D127/><U0/><E0/><V87/><F87/><UN n3="%E3%81%92%E3%81%A3%E3%81%A1" /><W86/><G40/><T30/><D77/><U54/><E69/><V60/><F60/><W129/><G1/><T115/><D74/><U10/><E10/><V61/><F61/><W122/><G129/><T97/><D115/><N who="2" m="44042" /><F39/><W124/><G124/><T121/><D121/><U45/><E45/><AGARI ba="3,0" hai="12,13,15,44,45,46,72,73,75,101,103" m="44042" machi="45" ten="40,12000,2" yaku="28,2,11,1,52,3" doraHai="109" who="2" fromWho="1" sc="178,0,477,-129,137,129,208,0" /><INIT seed="2,0,0,3,2,77" ten="178,348,266,208" oya="2" hai0="103,128,67,125,71,69,58,64,41,32,70,83,7" hai1="68,19,98,99,119,59,56,82,109,21,88,25,6" hai2="16,8,132,29,101,89,124,31,115,28,27,122,114" hai3="87,42,93,10,61,15,133,50,11,54,79,113,43"/><V121/><F101/><W102/><G133/><T81/><D32/><U45/><E68/><V127/><F89/><W118/><G118/><T97/><D7/><U108/><E119/><V35/><F35/><W52/><G113/><N who="2" m="43017" /><F132/><W5/><G10/><T22/><D125/><N who="2" m="48202" /><F27/><W49/><G61/><T74/><D74/><U57/><E6/><V0/><F16/><W112/><G102/><T84/><D41/><N who="3" m="15369" /><G112/><T30/><D128/><U13/><E25/><V105/><F105/><W17/><G17/><T129/><D129/><U135/><E135/><V72/><F72/><W120/><G120/><N who="2" m="46185" /><F8/><W91/><G79/><T131/><D131/><U96/><E45/><V63/><F63/><W65/><G11/><T117/><D117/><U116/><E116/><V39/><F39/><W9/><G5/><T73/><D73/><U78/><E78/><V80/><F80/><W94/><G9/><T106/><D22/><U60/><E60/><V33/><F33/><W95/><G15/><T36/><D30/><U14/><E14/><V66/><F66/><W47/><G65/><T37/><D67/><U26/><E13/><V3/><AGARI ba="0,0" hai="0,3,28,29,31" m="46185,48202,43017" machi="3" ten="40,12000,1" yaku="28,2,18,1,34,2" doraHai="77" who="2" fromWho="2" sc="178,-40,348,-40,266,120,208,-40" /><INIT seed="2,1,0,2,5,29" ten="138,308,386,168" oya="2" hai0="131,92,60,75,105,26,59,41,55,13,70,68,42" hai1="40,69,27,9,85,66,12,88,53,124,64,134,16" hai2="108,57,63,50,3,11,58,77,31,47,98,96,49" hai3="35,56,97,89,52,23,2,34,101,95,1,28,127"/><V99/><F108/><W130/><G130/><T121/><D105/><U123/><E123/><V83/><F31/><W82/><G127/><T129/><D121/><U54/><E124/><V32/><F32/><W36/><G36/><T67/><D75/><U135/><E40/><N who="0" m="15465" /><D13/><U116/><E27/><V81/><F47/><W80/><G2/><T38/><D92/><U4/><E4/><V17/><F3/><W33/><G1/><T72/><D72/><U79/><E79/><V106/><F106/><W20/><G28/><T115/><D26/><U37/><E37/><V61/><F17/><W78/><G101/><T110/><D38/><U103/><E103/><V118/><F11/><W111/><G111/><T51/><D110/><U109/><E109/><V65/><F118/><W73/><REACH who="3" step="1"/><G80/><REACH who="3" ten="138,308,386,158" step="2"/><T102/><D102/><U126/><E126/><V113/><F113/><W62/><AGARI ba="1,1" hai="20,23,33,34,35,52,56,62,73,78,82,89,95,97" machi="62" ten="30,12000,2" yaku="1,1,2,1,0,1,52,3,54,1,53,0" doraHai="29" doraHaiUra="128" who="3" fromWho="3" sc="138,-31,308,-31,386,-61,158,133" /><INIT seed="3,0,0,3,0,118" ten="107,277,325,291" oya="3" hai0="79,80,95,82,125,70,57,81,121,10,42,132,72" hai1="98,60,16,115,88,31,64,41,17,66,2,69,24" hai2="97,4,37,26,109,56,84,47,19,55,134,120,77" hai3="78,9,123,1,96,87,62,13,21,117,119,116,135"/><W23/><G1/><T8/><D70/><U25/><E2/><V110/><F4/><W100/><G135/><T34/><D34/><U112/><E41/><V93/><F47/><W5/><G123/><T20/><D132/><U83/><E66/><V124/><F37/><W102/><G62/><T101/><D42/><U94/><E83/><V0/><F0/><W22/><REACH who="3" step="1"/><G96/><REACH who="3" ten="107,277,325,281" step="2"/><T29/><D121/><U65/><E115/><V76/><F134/><W89/><G89/><T53/><D101/><U75/><E112/><V18/><F120/><W86/><G86/><T43/><D72/><U6/><E75/><V107/><F84/><W40/><G40/><T103/><D43/><U15/><E60/><V129/><F97/><W71/><G71/><T108/><D103/><U36/><E69/><V14/><F77/><W99/><G99/><T49/><D79/><U127/><E36/><V130/><F76/><W48/><G48/><T73/><D73/><U7/><E88/><V3/><F3/><W59/><G59/><T68/><D68/><U126/><E98/><V58/><F56/><W30/><G30/><T32/><D29/><U113/><E113/><V111/><F58/><W74/><G74/><T46/><D57/><U12/><E31/><V61/><F61/><W106/><G106/><T114/><D114/><U85/><E85/><V27/><F107/><W45/><G45/><T39/><D46/><U38/><E38/><V63/><F63/><W131/><G131/><T92/><D49/><U52/><E52/><V50/><F55/><W28/><G28/><T33/><D53/><RYUUKYOKU ba="0,1" sc="107,-15,277,15,325,-15,281,15" hai1="6,7,12,15,16,17,24,25,64,65,94,126,127" hai3="5,9,13,21,22,23,78,87,100,102,116,117,119" /><INIT seed="3,1,1,4,0,71" ten="92,292,310,296" oya="3" hai0="39,24,47,25,60,7,116,37,63,78,40,36,102" hai1="31,121,122,106,94,30,109,129,81,38,118,127,20" hai2="12,45,111,92,56,53,33,48,65,75,79,0,6" hai3="54,18,126,5,100,49,52,28,101,34,70,96,112"/><W84/><G112/><T66/><D7/><U80/><E106/><V9/><F33/><W26/><G70/><T105/><D78/><U113/><E113/><V1/><F111/><W22/><G5/><T35/><D116/><U104/><E104/><V46/><F92/><W95/><G126/><T59/><D35/><U117/><E109/><V85/><F85/><W120/><G120/><N who="1" m="46186" /><E94/><V123/><F123/><W42/><G84/><T51/><REACH who="0" step="1"/><D63/><REACH who="0" ten="82,292,310,296" step="2"/><U50/><E118/><V91/><F79/><W19/><G34/><T128/><D128/><U21/><E129/><V88/><F6/><W83/><G101/><T55/><D55/><U13/><E117/><V110/><F53/><W115/><G54/><T76/><D76/><U2/><E2/><V29/><F0/><W15/><G52/><T67/><D67/><U114/><E114/><V16/><F1/><W41/><G115/><T133/><D133/><U73/><E73/><V124/><F75/><W27/><G100/><T135/><D135/><U119/><E119/><V44/><F65/><W8/><G41/><T11/><D11/><U57/><E21/><V86/><F110/><W61/><G22/><T62/><D62/><U14/><E20/><V74/><F74/><W130/><G61/><T32/><D32/><U131/><E131/><V89/><F9/><W23/><G8/><T98/><AGARI ba="1,2" hai="24,25,36,37,39,40,47,51,59,60,66,98,102,105" machi="98" ten="40,8000,1" yaku="1,1,0,1,52,3,53,0" doraHai="71" doraHaiUra="3" who="0" fromWho="0" sc="82,103,292,-21,310,-21,296,-41" /><INIT seed="4,0,0,4,2,56" ten="185,271,289,255" oya="0" hai0="111,65,43,63,103,70,57,3,120,72,49,76,114" hai1="48,53,109,130,121,118,134,133,41,73,17,112,98" hai2="4,66,83,119,24,91,95,20,77,16,128,92,36" hai3="47,81,30,39,69,62,52,8,67,97,93,55,90"/><T38/><D3/><U113/><E73/><V102/><F36/><W127/><G127/><T117/><D103/><U59/><E121/><V46/><F119/><W6/><G30/><T129/><D76/><U54/><E118/><V124/><F124/><W10/><G81/><T2/><D2/><U19/><E130/><V116/><F116/><W84/><G84/><T104/><D72/><U11/><E41/><V87/><F128/><W29/><G29/><T89/><D104/><U37/><E37/><V45/><F4/><W132/><G132/><N who="1" m="50794" /><E109/><V28/><F66/><W21/><G21/><T122/><D117/><U99/><E54/><V34/><F102/><W94/><G94/><T107/><D107/><U18/><E11/><V80/><F95/><W15/><REACH who="3" step="1"/><G8/><REACH who="3" ten="185,271,289,245" step="2"/><T85/><D129/><U22/><E22/><V101/><F83/><W106/><G106/><T0/><D111/><U96/><AGARI ba="0,1" hai="17,18,19,48,53,59,96,98,99,112,113" m="50794" machi="96" ten="40,1500,0" yaku="20,1" doraHai="56" who="1" fromWho="1" sc="185,-7,271,25,289,-4,245,-4" /><INIT seed="5,0,0,0,0,90" ten="178,296,285,241" oya="1" hai0="26,92,33,109,114,97,40,123,50,115,83,52,3" hai1="85,82,108,1,34,43,42,77,24,14,73,2,81" hai2="25,9,102,120,119,15,129,62,68,58,95,84,56" hai3="66,59,32,111,113,100,5,6,127,39,76,7,75"/><U99/><E14/><V133/><F120/><W91/><G111/><T72/><D109/><U98/><E108/><V116/><F129/><W22/><G32/><T10/><D40/><U37/><E37/><V4/><F133/><W74/><G39/><T131/><D131/><U63/><E63/><V124/><F124/><W11/><G113/><N who="0" m="43019" /><D123/><U16/><E43/><V132/><F132/><W48/><G100/><T28/><D72/><U38/><E42/><V65/><F25/><W94/><G11/><T88/><D83/><U78/><E34/><V41/><F41/><W130/><G130/><T30/><D30/><U112/><E38/><V103/><F103/><W60/><G76/><T86/><D10/><U29/><E29/><V27/><F27/><W61/><G22/><T19/><D19/><U125/><E112/><V23/><F23/><W128/><G128/><T64/><D64/><U57/><E16/><V122/><F122/><W106/><G106/><T36/><D36/><U13/><E24/><V51/><F119/><W101/><G127/><T67/><D67/><U0/><E13/><V21/><F116/><W18/><G18/><T117/><D117/><U53/><E125/><V8/><F21/><W96/><G101/><T54/><D3/><U104/><E104/><V118/><F9/><W126/><G126/><T55/><D50/><U70/><E70/><V105/><F51/><W17/><G17/><T45/><D45/><U69/><E69/><V44/><F44/><W46/><G61/><T71/><D71/><U31/><E31/><V107/><F118/><W35/><G35/><RYUUKYOKU ba="0,0" sc="178,10,296,10,285,-30,241,10" hai0="26,28,33,52,54,55,86,88,92,97" hai1="0,1,2,53,57,73,77,78,81,82,85,98,99" hai3="5,6,7,46,48,59,60,66,74,75,91,94,96" /><INIT seed="5,1,0,4,1,123" ten="188,306,255,251" oya="1" hai0="82,119,30,27,79,107,108,44,85,100,16,23,113" hai1="116,40,25,9,78,5,73,28,71,51,103,43,77" hai2="75,34,37,53,126,112,57,132,68,29,102,63,125" hai3="47,120,74,91,76,0,93,106,18,39,72,99,111"/><U19/><E71/><V117/><F75/><W129/><G120/><T60/><D119/><U49/><E103/><V13/><F117/><W97/><G129/><T31/><D113/><U87/><E73/><V21/><F112/><W7/><G18/><T88/><D108/><U90/><E43/><V133/><F102/><W127/><G111/><T62/><D44/><U92/><E19/><N who="2" m="10479" /><F37/><W35/><G127/><N who="2" m="48649" /><F68/><W8/><G35/><T38/><D38/><U130/><E130/><V59/><F59/><W135/><G135/><N who="2" m="51785" /><F29/><W81/><G72/><T84/><D31/><U46/><E51/><V65/><F34/><W58/><G58/><T48/><D48/><U95/><E116/><V3/><F3/><W50/><G106/><T124/><D124/><U20/><E95/><V110/><F110/><W64/><G64/><AGARI ba="1,0" hai="53,57,63,64,65" m="51785,48649,10479" machi="64" ten="30,2000,0" yaku="18,1,20,1" doraHai="123" who="2" fromWho="3" sc="188,0,306,0,255,23,251,-23" /><INIT seed="6,0,0,1,1,61" ten="188,306,278,228" oya="2" hai0="77,112,64,123,52,42,34,29,68,48,96,47,10" hai1="91,0,23,3,119,50,104,82,115,88,79,54,22" hai2="105,1,69,16,73,18,36,87,14,6,56,12,92" hai3="132,133,9,59,33,102,90,98,111,41,131,72,103"/><V8/><F69/><W21/><G33/><T11/><D123/><U106/><E119/><V58/><F73/><W75/><G111/><T74/><D112/><U99/><E115/><V83/><F105/><W45/><G131/><T13/><D96/><U84/><E3/><V28/><F36/><W57/><G72/><T2/><D2/><U44/><E0/><V24/><F92/><N who="3" m="56599" /><G75/><T110/><D110/><U17/><E23/><N who="2" m="15391" /><F1/><W71/><G71/><T19/><D10/><U94/><E91/><N who="2" m="51711" /><F6/><W76/><G76/><T125/><D125/><U65/><E65/><V85/><F85/><W114/><G114/><T86/><D74/><U67/><E67/><V126/><F126/><W80/><G80/><T25/><D86/><U135/><E135/><N who="3" m="51786" /><G9/><AGARI ba="0,0" hai="8,9,12,14,16,18,56,58" m="51711,15391" machi="9" ten="30,2900,0" yaku="8,1,54,1" doraHai="61" who="2" fromWho="3" sc="188,0,306,0,278,29,228,-29" /><INIT seed="6,1,0,3,1,48" ten="188,306,307,199" oya="2" hai0="51,2,55,50,47,14,119,36,71,84,31,41,80" hai1="100,49,6,121,68,15,90,42,25,98,43,10,102" hai2="106,130,95,85,118,88,38,69,46,67,131,109,112" hai3="12,33,26,101,94,96,92,77,59,91,70,17,123"/><V133/><F106/><W64/><G77/><T9/><D71/><U58/><E68/><V62/><F118/><W75/><G75/><T5/><D119/><U128/><E128/><N who="2" m="49195" /><F112/><W1/><G1/><T107/><D107/><U111/><E111/><V65/><F133/><W117/><G123/><T73/><D31/><U127/><E127/><V125/><F125/><W29/><G70/><T18/><D73/><U79/><E79/><V21/><F21/><W30/><G30/><T81/><D84/><U27/><E121/><V72/><F72/><W28/><G28/><T83/><REACH who="0" step="1"/><D55/><REACH who="0" ten="178,306,307,199" step="2"/><N who="1" m="32111" /><E43/><N who="2" m="22903" /><F67/><W104/><G117/><T86/><D86/><U103/><E42/><V89/><F109/><W16/><G104/><T76/><D76/><U45/><E45/><V54/><F54/><W22/><G64/><T134/><D134/><U19/><E6/><V74/><F74/><W60/><G59/><T110/><D110/><U23/><E23/><AGARI ba="1,1" hai="2,5,9,14,18,23,36,41,47,50,51,80,81,83" machi="23" ten="40,1300,0" yaku="1,1,53,0" doraHai="48" doraHaiUra="82" who="0" fromWho="1" sc="178,26,306,-16,307,0,199,0" /><INIT seed="7,0,0,4,0,95" ten="204,290,307,199" oya="3" hai0="30,76,59,98,64,7,103,69,129,65,20,25,113" hai1="92,19,131,128,22,90,97,115,72,130,63,96,10" hai2="34,9,120,132,108,91,83,78,114,13,104,62,111" hai3="8,12,117,107,123,29,16,94,2,54,52,49,81"/><W127/><G107/><T121/><D121/><U85/><E72/><V50/><F34/><W42/><G123/><T79/><D129/><U134/><E115/><V58/><F120/><W61/><G117/><T55/><D113/><U66/><E134/><V33/><F33/><W47/><G127/><T119/><D7/><U46/><E10/><V75/><F104/><W1/><G29/><T67/><D69/><N who="1" m="42207" /><E46/><V71/><F71/><W18/><G81/><T26/><D26/><AGARI ba="0,0" hai="19,22,26,85,90,92,96,97,128,130,131" m="42207" machi="26" ten="30,3900,0" yaku="19,1,52,2" doraHai="95" who="1" fromWho="0" sc="204,-39,290,39,307,0,199,0" owari="165,-33.0,329,42.0,307,11.0,199,-20.0" /></mjloggm>