<mjloggm ver="2.3"><GO type="169" lobby="0"/><UN n0="%E8%B5%A4%E8%A3%8F%E3%83%9B%E3%82%B7%E3%83%BC%E3%83%8E" n1="%7A%6F%6F%31%39%36%34" n2="%E3%82%A6%E3%83%AB%E3%83%88%E3%83%A9%E7%AB%8B%E7%9B%B4" n3="%E3%81%BE%E3%81%93%E3%81%95%E3%81%A8%76%65%72%32" dan="16,17,18,17" rate="2134.98,2199.83,2235.62,2205.76" sx="M,M,M,M"/><TAIKYOKU oya="0"/><INIT seed="0,0,0,4,2,66" ten="250,250,250,250" oya="0" hai0="65,83,90,50,81,35,72,86,25,28,101,52,17" hai1="48,94,30,23,12,20,102,8,92,105,125,44,31" hai2="107,61,126,82,104,127,87,68,115,123,89,93,1" hai3="99,80,29,15,121,103,111,38,88,47,124,5,34"/><T24/><D101/><U118/><E125/><N who="2" m="47627" /><F1/><W40/><G124/><T78/><D65/><U84/><E105/><N who="2" m="40523" /><F61/><W128/><G103/><T6/><D6/><U76/><E118/><V9/><F9/><W58/><G111/><T41/><D41/><U45/><E102/><V91/><F68/><W62/><G128/><T135/><D135/><U70/><E70/><V11/><F11/><W73/><G121/><T37/><D37/><U59/><E59/><V108/><F123/><W77/><G15/><T55/><D50/><U0/><E0/><V10/><F10/><W64/><G5/><T119/><D119/><U106/><E106/><V117/><F117/><W18/><G18/><T97/><D97/><U132/><E132/><V114/><F108/><W130/><G130/><T109/><REACH who="0" step="1"/><D109/><REACH who="0" ten="240,250,250,250" step="2"/><U113/><E48/><V75/><F75/><W7/><G7/><T98/><D98/><AGARI ba="0,1" hai="82,87,89,91,93,98,114,115" m="40523,47627" machi="98" ten="30,3900,0" yaku="18,1,34,2" doraHai="66" who="2" fromWho="0" sc="240,-39,250,0,250,49,250,0" /><INIT seed="1,0,0,5,3,57" ten="201,250,299,250" oya="1" hai0="60,95,25,16,14,96,68,12,61,87,130,102,45" hai1="44,0,111,52,13,91,3,47,118,65,56,104,86" hai2="49,135,41,29,121,100,42,28,9,81,119,4,97" hai3="89,17,103,70,134,83,129,122,90,23,123,80,62"/><U77/><E118/><V36/><F121/><W21/><G134/><T78/><D130/><U27/><E104/><V37/><F119/><W6/><G6/><T74/><D74/><U72/><E0/><V69/><F135/><W34/><G34/><T127/><D127/><U107/><E3/><V22/><F69/><W15/><G103/><T124/><D68/><U116/><E107/><V93/><F37/><W50/><G129/><T5/><D124/><U101/><E101/><V26/><F36/><W79/><G50/><T54/><D25/><U8/><E65/><V33/><F33/><W32/><G32/><T7/><D54/><U51/><E27/><V125/><F125/><W48/><G48/><T2/><D45/><N who="1" m="17483" /><E72/><V75/><F49/><W84/><G89/><T117/><D117/><U94/><E116/><V106/><F106/><W1/><G1/><T73/><D73/><U63/><E111/><V114/><F29/><W76/><G76/><T85/><D85/><U38/><E38/><V30/><F30/><W64/><REACH who="3" step="1"/><G21/><REACH who="3" ten="201,250,299,240" step="2"/><N who="0" m="11399" /><D2/><U58/><E77/><V20/><F20/><W35/><G35/><T67/><D67/><U109/><E109/><V24/><F22/><W133/><G133/><T11/><D5/><N who="1" m="3215" /><E51/><V88/><F28/><W108/><G108/><T53/><D53/><U46/><E46/><V71/><F4/><W66/><G66/><T131/><D131/><U113/><E113/><V82/><F114/><W59/><G59/><AGARI ba="0,1" hai="52,56,58,59,63,86,91,94" m="3215,17483" machi="59" ten="30,5800,0" yaku="8,1,52,1,54,1" doraHai="57" who="1" fromWho="3" sc="201,0,250,68,299,0,240,-58" /><INIT seed="1,1,0,3,0,3" ten="201,318,299,182" oya="1" hai0="79,20,8,127,123,44,43,96,6,54,68,24,92" hai1="63,47,106,35,80,16,25,116,23,97,85,86,94" hai2="36,114,2,28,111,52,107,104,46,73,65,27,70" hai3="19,93,132,82,77,113,26,59,4,33,56,88,99"/><U95/><E116/><V37/><F52/><W91/><G132/><T128/><D68/><U90/><E35/><V34/><F111/><W119/><G113/><T7/><D128/><U133/><E133/><V29/><F114/><W60/><G119/><T50/><D127/><U5/><E106/><V83/><F29/><W105/><G105/><T13/><D123/><U115/><E115/><V55/><F55/><W75/><G91/><T112/><D79/><U108/><E108/><V87/><F87/><W126/><G126/><T135/><D135/><U129/><E129/><V124/><F124/><W76/><G76/><T49/><D112/><U12/><E47/><V0/><F65/><W14/><G60/><T58/><D13/><U11/><E63/><V109/><F70/><W30/><REACH who="3" step="1"/><G4/><REACH who="3" ten="201,318,299,172" step="2"/><T71/><D71/><U67/><E67/><V62/><F62/><W45/><G45/><T89/><REACH who="0" step="1"/><D8/><AGARI ba="1,1" hai="8,14,19,26,30,33,56,59,75,77,82,88,93,99" machi="8" ten="30,3900,0" yaku="1,1,7,1,54,1,53,0" doraHai="3" doraHaiUra="117" who="3" fromWho="0" sc="201,-42,318,0,299,0,172,52" /><INIT seed="2,0,0,2,1,118" ten="159,318,299,224" oya="2" hai0="98,127,21,91,135,2,115,5,28,20,124,96,79" hai1="108,23,120,100,88,131,114,12,60,68,71,99,31" hai2="27,132,10,45,110,3,8,49,113,52,54,84,89" hai3="48,76,55,43,86,90,87,0,30,26,29,106,129"/><V22/><F113/><W102/><G0/><T38/><D38/><U7/><E114/><V11/><F132/><W117/><G117/><T128/><D128/><U116/><E131/><V78/><F110/><W41/><G129/><T34/><D34/><U133/><E120/><V59/><F78/><W109/><G109/><T66/><D66/><U70/><E133/><V122/><F122/><W119/><G102/><T111/><D111/><U107/><E108/><V74/><F74/><W33/><G106/><T58/><D58/><U72/><E72/><V125/><F125/><W15/><G119/><T73/><D73/><U80/><E116/><V18/><F3/><W112/><G112/><T35/><D35/><U17/><E7/><V19/><F19/><W101/><G101/><T104/><D104/><U65/><REACH who="1" step="1"/><E31/><REACH who="1" ten="159,308,299,224" step="2"/><V51/><REACH who="2" step="1"/><F10/><REACH who="2" ten="159,308,289,224" step="2"/><W123/><G29/><T13/><D124/><U82/><E82/><AGARI ba="0,2" hai="8,11,18,22,27,45,49,51,52,54,59,82,84,89" machi="82" ten="30,12000,1" yaku="1,1,2,1,7,1,8,1,54,1,53,0" doraHai="118" doraHaiUra="93" who="2" fromWho="1" sc="159,0,308,-120,289,140,224,0" /><INIT seed="2,1,0,3,1,112" ten="159,188,429,224" oya="2" hai0="91,86,78,108,111,87,83,98,41,16,73,131,85" hai1="36,69,118,3,5,38,10,133,116,101,61,24,46" hai2="27,53,59,31,63,113,11,124,39,55,42,49,105" hai3="44,96,77,8,95,40,4,50,26,128,89,109,110"/><V104/><F113/><W132/><G128/><T54/><D41/><U129/><E129/><V17/><F124/><W52/><G132/><T84/><D54/><U106/><E133/><V93/><F42/><W134/><G134/><T92/><D131/><U114/><E114/><V20/><F93/><W60/><G77/><T121/><D121/><U33/><E46/><V88/><F88/><W29/><G60/><T79/><D16/><U18/><E18/><V123/><F39/><N who="1" m="14889" /><E101/><V115/><F115/><W90/><G90/><T2/><D2/><U13/><E13/><V74/><F74/><W135/><G135/><T102/><REACH who="0" step="1"/><D79/><REACH who="0" ten="149,188,429,224" step="2"/><U62/><E62/><V119/><F55/><W82/><G40/><T25/><D25/><U97/><E61/><V1/><F63/><W127/><G127/><T32/><D32/><U45/><E45/><V80/><F53/><W23/><REACH who="3" step="1"/><G82/><AGARI ba="1,1" hai="73,78,82,83,84,85,86,87,91,92,98,102,108,111" machi="82" ten="40,16000,3" yaku="1,1,34,3,53,4" doraHai="112" doraHaiUra="81" who="0" fromWho="3" sc="149,173,188,0,429,0,224,-163" /><INIT seed="3,0,0,2,3,101" ten="322,188,429,61" oya="3" hai0="51,14,133,53,62,32,68,125,28,82,3,72,109" hai1="36,79,30,122,10,119,25,111,44,4,23,16,47" hai2="104,83,52,54,35,26,21,107,17,135,56,76,69" hai3="81,31,50,57,118,108,120,67,75,71,38,78,91"/><W99/><G120/><T48/><D3/><U19/><E122/><V29/><F69/><W55/><G118/><T94/><D28/><U2/><E119/><V70/><F70/><W84/><G108/><T0/><D32/><U95/><E111/><V12/><F135/><W88/><G38/><T130/><D0/><U98/><E79/><V96/><F96/><W41/><G41/><T58/><D94/><U77/><E77/><V92/><F92/><W20/><G99/><T45/><D82/><U124/><E124/><V1/><F1/><W40/><G40/><T128/><D14/><U61/><E61/><V117/><F117/><W89/><G71/><T127/><D72/><U106/><E106/><V63/><F54/><W90/><G67/><N who="0" m="41079" /><D109/><U129/><E129/><N who="0" m="49769" /><D133/><U13/><E36/><V110/><F110/><W131/><G131/><T27/><D27/><U39/><E39/><V126/><F126/><N who="0" m="48138" /><D51/><U115/><E19/><V66/><F35/><W123/><G123/><T113/><D113/><U43/><E115/><V134/><F134/><W60/><G50/><T9/><D9/><U102/><REACH who="1" step="1"/><E43/><REACH who="1" ten="322,178,429,61" step="2"/><V87/><F17/><W15/><G31/><T33/><D33/><AGARI ba="0,1" hai="2,4,10,13,16,23,25,30,33,44,47,95,98,102" machi="33" ten="30,12000,2" yaku="1,1,2,1,7,1,24,2,54,1,53,0" doraHai="101" doraHaiUra="100" who="1" fromWho="0" sc="322,-120,178,130,429,0,61,0" /><INIT seed="4,0,0,2,4,85" ten="202,308,429,61" oya="0" hai0="93,25,64,88,54,32,112,90,49,82,47,22,117" hai1="68,7,46,119,97,43,118,28,56,108,34,42,130" hai2="24,17,75,107,45,66,10,122,71,58,120,37,31" hai3="15,133,77,4,110,27,116,44,125,50,67,103,98"/><T124/><D112/><U91/><E68/><V99/><F58/><W106/><G110/><T36/><D124/><U30/><E108/><V78/><F17/><W13/><G125/><T5/><D117/><U70/><E70/><V1/><F24/><W18/><G133/><T81/><D32/><U21/><E7/><N who="2" m="1391" /><F31/><W60/><G116/><T74/><D74/><U127/><E127/><V123/><F66/><W73/><G77/><T14/><D36/><U9/><E9/><V2/><F2/><W12/><G73/><T86/><D64/><U132/><E34/><V51/><F51/><W11/><G27/><T94/><D14/><U80/><E56/><V131/><F71/><W55/><REACH who="3" step="1"/><G4/><REACH who="3" ten="202,308,429,51" step="2"/><T65/><D5/><U87/><E119/><V92/><F78/><W52/><G52/><T41/><D54/><U76/><E118/><V89/><F75/><W113/><G113/><T128/><D128/><U105/><E130/><V109/><F131/><W121/><G121/><T19/><D65/><U135/><E76/><V95/><F109/><W111/><G111/><T79/><REACH who="0" step="1"/><D79/><REACH who="0" ten="192,308,429,51" step="2"/><U115/><E115/><V38/><F123/><W59/><AGARI ba="0,2" hai="11,12,13,15,18,44,50,55,59,60,67,98,103,106" machi="59" ten="20,5200,0" yaku="1,1,0,1,7,1,53,1" doraHai="85" doraHaiUra="40" who="3" fromWho="3" sc="192,-26,308,-13,429,-13,51,72" /><INIT seed="5,0,0,4,5,63" ten="166,295,416,123" oya="1" hai0="89,11,53,20,4,26,59,97,60,1,87,40,31" hai1="86,3,131,116,133,126,109,35,10,2,84,57,67" hai2="75,122,102,128,107,34,0,28,130,42,56,98,37" hai3="100,99,62,76,30,46,85,17,120,82,12,24,33"/><U124/><E116/><V14/><F0/><W71/><G120/><T51/><D97/><U108/><E35/><V54/><F75/><W129/><G129/><N who="2" m="49769" /><F122/><W104/><G46/><T48/><REACH who="0" step="1"/><D40/><REACH who="0" ten="156,295,416,123" step="2"/><U39/><E131/><V90/><F98/><W77/><G77/><T15/><D15/><U112/><E2/><V55/><F14/><W43/><G43/><T25/><D25/><U29/><E3/><V103/><F42/><W74/><G74/><T8/><D8/><U125/><E10/><V80/><F107/><W19/><REACH who="3" step="1"/><G12/><REACH who="3" ten="156,295,416,113" step="2"/><T6/><D6/><U32/><E125/><V121/><F121/><W96/><G96/><T18/><D18/><U111/><E126/><V93/><F28/><W23/><G23/><T79/><D79/><U22/><E124/><V45/><F34/><W69/><G69/><T7/><D7/><U44/><E22/><V58/><F37/><W5/><G5/><T41/><D41/><N who="1" m="22591" /><E29/><V83/><F45/><W73/><G73/><T118/><D118/><U119/><E32/><V27/><F27/><W61/><G61/><T106/><D106/><U95/><E119/><V88/><F58/><W117/><G117/><T16/><D16/><U81/><E57/><V91/><F56/><W135/><G135/><T94/><AGARI ba="0,2" hai="1,4,11,20,26,31,48,51,53,59,60,87,89,94" machi="94" ten="20,2700,0" yaku="1,1,0,1,7,1,53,0" doraHai="63" doraHaiUra="36" who="0" fromWho="0" sc="156,47,295,-13,416,-7,113,-7" /><INIT seed="6,0,0,2,0,97" ten="203,282,409,106" oya="2" hai0="66,11,99,55,82,88,120,29,25,109,70,117,4" hai1="65,79,86,98,95,33,6,67,28,103,108,37,113" hai2="40,119,118,81,48,1,9,116,126,68,20,107,0" hai3="93,10,89,110,19,85,71,76,43,44,114,115,56"/><V24/><F68/><W15/><G71/><T41/><D109/><U53/><E37/><V73/><F107/><W7/><G110/><T60/><D120/><U38/><E108/><V112/><F48/><W125/><G125/><T31/><D117/><U32/><E38/><V111/><F40/><W121/><G121/><T13/><D41/><U61/><E113/><V92/><F92/><W26/><G76/><T91/><D31/><U16/><E6/><V101/><F81/><W74/><G74/><T42/><D42/><U133/><E133/><V83/><F101/><W63/><G26/><T12/><D12/><U94/><E28/><N who="2" m="17415" /><F83/><W52/><REACH who="3" step="1"/><G7/><REACH who="3" ten="203,282,409,96" step="2"/><T105/><D55/><U77/><E53/><V58/><F73/><W131/><G131/><T8/><D82/><U132/><E79/><V36/><F126/><W123/><G123/><T90/><D4/><U102/><E132/><V34/><F111/><W21/><G21/><T62/><D13/><U39/><E77/><V129/><F119/><W78/><G78/><T96/><D62/><U23/><E61/><V80/><F118/><W2/><G2/><T127/><D127/><U45/><E23/><V51/><F0/><W3/><G3/><T49/><D49/><AGARI ba="0,1" hai="10,15,19,43,44,49,52,56,63,85,89,93,114,115" machi="49" ten="40,5200,0" yaku="1,1,54,1,53,1" doraHai="97" doraHaiUra="84" who="3" fromWho="0" sc="203,-52,282,0,409,0,96,62" /><INIT seed="7,0,0,3,1,99" ten="151,282,409,158" oya="3" hai0="8,1,96,33,101,124,13,91,55,18,34,72,97" hai1="17,119,125,74,21,19,15,24,46,81,133,65,43" hai2="53,73,38,83,134,7,60,31,58,84,62,129,106" hai3="48,80,10,104,95,132,123,69,44,47,93,28,77"/><W0/><G69/><T35/><D72/><U70/><E119/><V57/><F106/><W67/><G104/><T109/><D109/><U102/><E133/><V36/><F73/><W20/><G67/><T112/><D124/><U107/><E125/><V2/><F31/><W52/><G123/><T63/><D1/><U110/><E110/><V11/><F129/><W32/><G32/><T29/><D112/><U6/><E6/><V130/><F130/><W71/><G71/><T25/><D91/><U87/><E74/><V76/><F134/><W5/><G132/><T54/><D96/><U40/><E46/><V9/><F9/><W100/><G100/><T85/><D85/><U23/><E102/><V61/><F61/><W68/><G68/><T88/><D88/><U51/><E51/><V111/><F111/><W127/><G127/><T115/><D115/><U128/><E107/><V116/><F116/><W42/><G20/><T117/><D117/><U12/><E128/><V126/><F126/><W82/><G28/><T89/><D89/><N who="1" m="51439" /><E70/><V131/><F131/><W121/><G121/><T90/><D90/><U92/><E65/><AGARI ba="0,0" hai="2,7,11,36,38,53,57,58,60,62,65,76,83,84" machi="65" ten="30,1000,0" yaku="7,1" doraHai="99" who="2" fromWho="1" sc="151,0,282,-10,409,10,158,0" owari="151,-35.0,272,7.0,419,52.0,158,-24.0" /></mjloggm>