<mjloggm ver="2.3"><GO type="225" lobby="0"/><UN n0="%E2%80%A0%58%54%45%4E%44%E2%80%A0" n1="%E3%82%A6%E3%83%AB%E3%83%88%E3%83%A9%E7%AB%8B%E7%9B%B4" n2="%E7%99%BD%E9%B9%BF%E6%84%9B%E8%8E%89" n3="%6E%65%73%32%33%33" dan="17,17,18,16" rate="2129.72,2154.93,2256.10,2047.45" sx="F,M,F,M"/><TAIKYOKU oya="0"/><INIT seed="0,0,0,5,5,98" ten="250,250,250,250" oya="0" hai0="2,121,36,103,26,5,42,31,79,62,104,41,81" hai1="3,72,59,73,76,119,7,18,35,129,29,9,65" hai2="87,19,48,67,112,20,61,50,16,95,90,113,123" hai3="56,53,54,100,84,11,68,43,45,4,132,60,114"/><T97/><D121/><U130/><E119/><V17/><F123/><W116/><G116/><T94/><D62/><U12/><E76/><V125/><F125/><W88/><G114/><T69/><D94/><U122/><E122/><V70/><REACH who="2" step="1"/><F20/><REACH who="2" ten="250,250,240,250" step="2"/><W85/><G132/><T131/><D131/><U49/><E130/><V107/><F107/><W105/><G68/><T108/><D69/><U115/><E129/><V24/><F24/><W40/><G105/><T14/><D26/><N who="1" m="18871" /><E115/><AGARI ba="0,1" hai="16,17,19,48,50,61,67,70,87,90,95,112,113,115" machi="115" ten="40,2600,0" yaku="1,1,54,1,53,0" doraHai="98" doraHaiUra="38" who="2" fromWho="1" sc="250,0,250,-26,240,36,250,0" /><INIT seed="1,0,0,2,1,36" ten="250,224,276,250" oya="1" hai0="61,106,39,14,60,107,108,85,68,113,117,99,89" hai1="29,49,8,13,72,46,11,124,90,88,15,35,69" hai2="103,77,4,19,67,96,104,53,18,122,74,40,118" hai3="127,32,109,73,9,21,0,3,91,51,64,52,65"/><U10/><E72/><V38/><F118/><W48/><G32/><T102/><D117/><U45/><E69/><V22/><F67/><W114/><G114/><T116/><D116/><U126/><E29/><V37/><F18/><W43/><G73/><T66/><D113/><U41/><E35/><V78/><F4/><W93/><G109/><T59/><D108/><U26/><E26/><V63/><F38/><W132/><G132/><T76/><D76/><U16/><E46/><V27/><F122/><W47/><G127/><N who="1" m="48682" /><E11/><V84/><F84/><N who="3" m="52455" /><G3/><T5/><D39/><U86/><E86/><V34/><F34/><W110/><G0/><T70/><D107/><U128/><E128/><V98/><F98/><W54/><G110/><T44/><D44/><U101/><E101/><V25/><F27/><W81/><G9/><T24/><D24/><U134/><E134/><V55/><F74/><W131/><G131/><T94/><D70/><U17/><AGARI ba="0,0" hai="8,10,13,15,16,17,41,45,49,88,90" m="48682" machi="17" ten="30,11700,0" yaku="18,1,52,1,54,2" doraHai="36" who="1" fromWho="1" sc="250,-39,224,117,276,-39,250,-39" /><INIT seed="1,1,0,5,3,16" ten="211,341,237,211" oya="1" hai0="120,109,36,62,64,47,66,113,67,134,20,58,17" hai1="26,60,130,132,34,121,45,85,52,103,48,82,59" hai2="94,79,40,41,29,122,46,30,105,39,6,14,28" hai3="31,100,73,77,54,18,3,8,43,119,44,123,22"/><U110/><E121/><V75/><F105/><W38/><G123/><T112/><D120/><U72/><E72/><V83/><F41/><W10/><G31/><T55/><D109/><U133/><E103/><V63/><F122/><W92/><G119/><T9/><D134/><N who="1" m="51819" /><E110/><V76/><F76/><W101/><G54/><T4/><D36/><U23/><E34/><V19/><F6/><N who="3" m="1119" /><G10/><T115/><D47/><U12/><E12/><V99/><F63/><W96/><G92/><T107/><D107/><U135/><E135/><V131/><F131/><W70/><G96/><T56/><D9/><U25/><E25/><V118/><F118/><W2/><G70/><T84/><D84/><U126/><E130/><V106/><F106/><W1/><G101/><T7/><REACH who="0" step="1"/><D56/><REACH who="0" ten="201,341,237,211" step="2"/><U49/><E45/><V111/><F111/><W128/><G128/><T68/><D68/><U74/><E74/><V98/><REACH who="2" step="1"/><F94/><REACH who="2" ten="201,341,227,211" step="2"/><W57/><G43/><T89/><D89/><N who="1" m="51383" /><E126/><V27/><F27/><AGARI ba="1,2" hai="4,7,17,20,27,55,58,62,64,66,67,112,113,115" machi="27" ten="50,6400,0" yaku="1,1,52,1,53,1" doraHai="16" doraHaiUra="51" who="0" fromWho="2" sc="201,87,341,0,227,-67,211,0" /><INIT seed="2,0,0,5,5,26" ten="288,341,160,211" oya="2" hai0="64,2,25,3,8,89,63,40,74,54,60,6,110" hai1="29,70,135,12,32,24,121,88,106,103,73,59,129" hai2="21,13,118,86,5,77,95,96,107,130,15,35,132" hai3="113,22,75,114,67,58,72,125,101,41,104,99,16"/><V93/><F35/><W10/><G10/><T82/><D110/><U83/><E59/><V50/><F118/><W14/><G41/><T56/><D40/><U18/><E70/><V94/><F132/><W102/><G125/><T105/><D105/><U124/><E124/><V97/><F130/><W51/><G101/><T0/><D25/><U1/><E1/><V37/><F37/><W79/><G79/><T120/><D120/><U45/><E45/><V80/><F107/><W52/><REACH who="3" step="1"/><G67/><REACH who="3" ten="288,341,160,201" step="2"/><T85/><D74/><AGARI ba="0,1" hai="14,16,22,51,52,58,72,74,75,99,102,104,113,114" machi="74" ten="40,8000,1" yaku="1,1,2,1,54,2,53,0" doraHai="26" doraHaiUra="61" who="3" fromWho="0" sc="288,-80,341,0,160,0,201,90" /><INIT seed="3,0,0,5,3,130" ten="208,341,160,291" oya="3" hai0="9,72,97,47,55,58,8,20,17,75,111,66,119" hai1="51,60,37,38,13,15,82,22,114,94,90,39,132" hai2="116,107,7,129,106,43,1,33,44,23,30,87,104" hai3="31,109,62,59,49,2,65,11,92,110,4,63,10"/><W133/><G31/><T99/><D119/><U135/><E114/><V121/><F116/><W86/><G49/><N who="0" m="29119" /><D75/><U88/><E51/><V76/><F129/><W26/><G26/><N who="0" m="14607" /><D72/><U89/><E22/><V73/><F121/><W103/><G11/><N who="0" m="4171" /><D111/><N who="3" m="42505" /><G63/><AGARI ba="0,0" hai="58,63,66,97,99" m="4171,14607,29119" machi="63" ten="30,1000,0" yaku="8,1" doraHai="130" who="0" fromWho="3" sc="208,10,341,0,160,0,291,-10" owari="218,-18.0,341,44.0,160,-34.0,281,8.0" /></mjloggm>