<mjloggm ver="2.3"><GO type="169" lobby="0"/><UN n0="%E3%82%A6%E3%83%AB%E3%83%88%E3%83%A9%E7%AB%8B%E7%9B%B4" n1="%E3%81%AE%E3%81%86%E3%81%AA%E3%82%81%E3%82%8D%E3%82%93" n2="%E5%A4%A9%E9%9F%B3%E3%81%95%E3%82%93" n3="%E7%82%8E%E3%81%AE%E3%82%B7%E3%83%A5%E3%83%AC%E3%83%B3" dan="17,17,16,17" rate="2209.04,2157.15,2111.61,2163.36" sx="M,M,F,M"/><TAIKYOKU oya="0"/><INIT seed="0,0,0,2,1,111" ten="250,250,250,250" oya="0" hai0="55,134,4,89,48,44,101,131,27,37,92,6,31" hai1="69,26,16,120,76,66,61,81,3,124,107,73,25" hai2="24,23,12,112,8,104,1,93,105,84,74,34,72" hai3="43,21,2,98,80,94,42,114,91,132,113,126,10"/><T49/><D37/><U87/><E120/><V75/><F84/><W54/><G132/><T123/><D123/><U56/><E3/><V51/><F93/><W108/><G108/><T40/><D101/><U5/><E5/><N who="2" m="1071" /><F51/><W88/><G126/><T41/><D131/><U116/><E116/><V121/><F121/><W117/><G117/><T83/><D83/><U64/><E107/><V30/><F112/><W118/><G118/><T7/><D134/><U62/><E124/><V35/><F35/><W52/><G21/><T71/><D71/><U135/><E135/><V38/><F38/><W11/><G2/><T77/><D77/><U57/><E69/><V46/><F46/><W22/><G22/><N who="0" m="15863" /><D49/><U19/><REACH who="1" step="1"/><E73/><REACH who="1" ten="250,240,250,250" step="2"/><V50/><F105/><W95/><G80/><T122/><D122/><U67/><E67/><V36/><F104/><W17/><G17/><AGARI ba="0,1" hai="16,17,19,25,26,56,57,61,62,64,66,76,81,87" machi="17" ten="40,8000,1" yaku="1,1,9,1,8,1,54,1,53,0" doraHai="111" doraHaiUra="33" who="1" fromWho="3" sc="250,0,240,90,250,0,250,-80" /><INIT seed="1,0,0,1,1,127" ten="250,330,250,170" oya="1" hai0="70,114,47,24,13,41,67,112,111,74,51,20,57" hai1="8,77,9,7,52,76,80,0,12,115,6,28,14" hai2="130,17,109,116,61,106,22,101,36,44,31,133,60" hai3="54,59,118,48,62,123,110,72,58,124,122,68,10"/><U104/><E115/><V66/><F116/><W43/><G72/><T98/><D74/><U128/><E104/><V23/><F106/><W117/><G10/><T1/><D1/><U134/><E134/><V82/><F101/><W45/><G124/><T92/><D70/><U95/><E128/><V53/><F31/><W5/><G5/><T64/><D111/><U19/><E28/><V33/><F33/><W85/><G85/><T108/><D108/><U97/><E80/><V131/><F109/><W46/><G68/><T86/><D13/><U63/><E19/><V16/><F82/><W42/><G110/><T11/><D86/><U35/><E35/><V81/><F81/><W126/><G126/><T99/><D11/><U50/><E63/><N who="2" m="24139" /><F66/><W69/><G69/><T129/><D67/><U94/><E0/><V65/><F65/><W103/><G103/><T113/><D64/><U96/><E50/><N who="2" m="28871" /><F36/><W107/><G107/><T38/><D38/><U119/><E119/><V21/><F133/><W32/><G32/><T91/><D98/><U56/><E56/><V4/><F4/><W105/><G105/><T34/><D57/><U73/><E73/><V132/><F132/><W87/><G62/><T102/><D34/><U88/><E52/><V26/><F26/><W15/><G54/><T90/><D114/><U30/><E30/><V93/><F93/><W25/><G25/><T27/><D113/><U39/><E39/><V120/><F120/><W84/><G48/><T49/><D51/><U78/><E95/><V29/><F29/><W89/><G15/><T55/><D112/><RYUUKYOKU ba="0,0" sc="250,-30,330,10,250,10,170,10" hai1="6,7,8,9,12,14,76,77,78,88,94,96,97" hai2="16,17,21,22,23,130,131" hai3="42,43,45,46,58,59,84,87,89,117,118,122,123" /><INIT seed="1,1,0,5,2,49" ten="220,340,260,180" oya="1" hai0="48,53,11,77,45,81,39,132,47,19,33,86,69" hai1="58,35,123,115,55,65,125,110,122,133,78,66,111" hai2="107,120,54,42,18,106,88,109,79,8,28,59,51" hai3="129,76,56,30,128,103,84,32,130,121,5,93,108"/><U117/><E35/><V118/><F120/><N who="1" m="46121" /><E78/><V41/><F118/><W4/><G121/><T113/><D113/><U75/><E75/><V43/><F79/><W44/><G108/><N who="1" m="41514" /><E133/><V126/><F109/><W12/><G44/><T25/><D132/><U82/><E82/><V74/><F74/><W38/><G38/><T15/><D69/><U40/><E125/><V127/><F28/><W6/><G56/><T23/><D33/><U89/><E117/><V64/><F64/><N who="1" m="24681" /><E89/><V100/><F88/><N who="3" m="53383" /><G76/><T52/><D39/><U92/><E92/><V24/><F126/><W131/><G131/><T2/><D2/><U17/><E17/><V29/><F18/><W9/><G103/><T22/><D25/><AGARI ba="1,0" hai="4,5,6,9,12,25,30,32,128,129,130" m="53383" machi="25" ten="30,2000,0" yaku="19,1,54,1" doraHai="49" who="3" fromWho="0" sc="220,-23,340,0,260,0,180,23" /><INIT seed="2,0,0,3,4,130" ten="197,340,260,203" oya="2" hai0="133,65,40,45,59,107,124,24,70,5,34,1,7" hai1="49,16,91,4,39,82,126,43,114,122,10,25,17" hai2="33,94,115,18,100,116,62,60,109,0,111,35,131" hai3="74,22,90,69,23,21,92,98,31,106,80,3,108"/><V2/><F100/><W6/><G69/><T19/><D59/><U57/><E114/><V76/><F76/><W55/><G108/><N who="2" m="41545" /><F94/><W112/><G112/><T44/><D19/><U118/><E118/><V84/><F84/><W120/><G120/><T15/><D15/><U48/><E126/><V129/><F115/><W83/><G31/><N who="0" m="19815" /><D45/><U68/><E122/><V29/><F116/><W117/><G117/><T85/><D85/><U101/><E101/><V78/><F78/><W119/><G119/><T93/><D93/><U63/><E91/><V86/><F86/><W103/><G74/><T11/><D5/><U71/><E82/><V105/><F105/><W54/><G6/><T97/><D124/><U13/><E39/><V42/><F42/><W61/><G3/><N who="2" m="1065" /><F29/><W66/><G106/><T132/><D97/><U51/><E43/><V53/><F53/><N who="3" m="19979" /><G90/><T125/><D107/><U88/><E88/><V12/><F62/><W14/><G61/><N who="0" m="40239" /><D125/><U30/><E30/><V36/><F36/><AGARI ba="0,0" hai="1,7,11,36,40,44,132,133" m="40239,19815" machi="36" ten="30,3900,0" yaku="23,1,52,2" doraHai="130" who="0" fromWho="2" sc="197,39,340,0,260,-39,203,0" /><INIT seed="3,0,0,1,5,97" ten="236,340,221,203" oya="3" hai0="19,77,55,67,72,14,0,106,99,23,80,7,36" hai1="17,92,51,69,78,63,8,124,49,128,101,53,66" hai2="16,64,75,87,18,1,102,122,60,117,46,135,58" hai3="24,95,56,6,40,27,84,113,33,38,132,48,59"/><W39/><G39/><T62/><D55/><U12/><E128/><V68/><F117/><W129/><G113/><T126/><D126/><U28/><E124/><V70/><F75/><W47/><G129/><T74/><D36/><U73/><E28/><V89/><F1/><W31/><G132/><T90/><D0/><U123/><E123/><V111/><F135/><W22/><G6/><T134/><D7/><U115/><E115/><V32/><F32/><W121/><G121/><T118/><D118/><U105/><E105/><V3/><F3/><W20/><G33/><T130/><D130/><U65/><E65/><V37/><F122/><W104/><G104/><T26/><D134/><U125/><E125/><V50/><F111/><W133/><G38/><T109/><D109/><U114/><E114/><V30/><F30/><N who="3" m="17671" /><G133/><T91/><D74/><U81/><E53/><N who="2" m="32055" /><F70/><W34/><G34/><T4/><D4/><U45/><E45/><V82/><F102/><W21/><G22/><T100/><REACH who="0" step="1"/><D26/><REACH who="0" ten="226,340,221,203" step="2"/><U96/><AGARI ba="0,1" hai="8,12,17,49,51,63,66,69,73,78,81,92,96,101" machi="96" ten="30,2000,0" yaku="0,1,52,1" doraHai="97" who="1" fromWho="1" sc="226,-5,340,30,221,-5,203,-10" /><INIT seed="4,0,0,4,1,69" ten="221,370,216,193" oya="0" hai0="39,19,129,127,80,119,116,103,82,18,124,30,93" hai1="44,87,72,99,33,58,102,76,29,0,47,10,63" hai2="98,37,109,57,118,53,79,97,91,108,48,66,21" hai3="31,11,42,120,111,101,26,89,17,20,38,46,117"/><T1/><D1/><U13/><E72/><V106/><F79/><W94/><G111/><T135/><D30/><U60/><E0/><V92/><F118/><W123/><G117/><T74/><D74/><U132/><E132/><V16/><F66/><W27/><G101/><T95/><D103/><U115/><E115/><V131/><F131/><W70/><G70/><T45/><D45/><U7/><E33/><V96/><F37/><W41/><G41/><T24/><D24/><U84/><E29/><V75/><F75/><W59/><G59/><T49/><D49/><U78/><E78/><V2/><F2/><W100/><G100/><T88/><D88/><U15/><E15/><N who="2" m="9375" /><F106/><W9/><G9/><T28/><D28/><U65/><E63/><V128/><F128/><W112/><G112/><T14/><D14/><U122/><E122/><N who="3" m="46634" /><G11/><T81/><D129/><U68/><E68/><V6/><F6/><W113/><G113/><T50/><D119/><U86/><REACH who="1" step="1"/><E76/><REACH who="1" ten="221,360,216,193" step="2"/><V67/><F67/><W121/><G121/><T54/><D116/><U55/><E55/><V104/><F104/><AGARI ba="0,1" hai="7,10,13,44,47,58,60,65,84,86,87,99,102,104" machi="104" ten="40,1300,0" yaku="1,1,53,0" doraHai="69" doraHaiUra="25" who="1" fromWho="2" sc="221,0,360,23,216,-13,193,0" /><INIT seed="5,0,0,2,2,114" ten="221,383,203,193" oya="1" hai0="39,117,124,66,65,54,132,31,16,118,102,68,111" hai1="86,105,129,73,121,97,52,36,0,89,126,75,113" hai2="49,26,42,84,119,87,43,11,47,91,131,90,115" hai3="77,34,76,74,64,122,120,133,40,30,51,23,53"/><U99/><E36/><V98/><F131/><W100/><G34/><T79/><D39/><U62/><E0/><V112/><F98/><W5/><G133/><T9/><D31/><U109/><E121/><V45/><F26/><W116/><G116/><T92/><D79/><U4/><E4/><V33/><F11/><W7/><G100/><T82/><D82/><U108/><E126/><V95/><F33/><W38/><G64/><T93/><D54/><U83/><E113/><N who="2" m="43595" /><F119/><W110/><G110/><N who="1" m="42602" /><E129/><V25/><F25/><W46/><G5/><T123/><D9/><U63/><E63/><V128/><F128/><W107/><G107/><T15/><D15/><U71/><E71/><V1/><F1/><W32/><G32/><T14/><D68/><U18/><E18/><V127/><F127/><W56/><G7/><T81/><D14/><U67/><E67/><V85/><F95/><W134/><G134/><T130/><D93/><U78/><E105/><V55/><F55/><W80/><G30/><T10/><D92/><U12/><E12/><V8/><F8/><W125/><G125/><T28/><D10/><U29/><E29/><V135/><F135/><W17/><REACH who="3" step="1"/><G76/><REACH who="3" ten="221,383,203,183" step="2"/><T94/><D132/><U21/><E78/><V103/><F103/><W2/><G2/><T24/><D124/><U70/><E89/><V88/><F91/><W20/><G20/><T44/><D111/><U48/><E21/><V22/><F22/><W27/><AGARI ba="0,1" hai="17,23,27,38,40,46,51,53,56,74,77,80,120,122" machi="27" ten="20,2700,0" yaku="1,1,0,1,7,1,53,0" doraHai="114" doraHaiUra="57" who="3" fromWho="3" sc="221,-7,383,-13,203,-7,183,37" /><INIT seed="6,0,0,0,5,130" ten="214,370,196,220" oya="2" hai0="133,115,98,51,44,117,126,85,97,72,74,5,129" hai1="47,86,58,96,118,127,14,11,2,36,29,33,41" hai2="25,69,61,24,31,88,68,79,0,1,56,54,109" hai3="70,89,108,76,106,110,122,30,8,13,55,82,19"/><V100/><F109/><W80/><G122/><T135/><D129/><U120/><E2/><V39/><F39/><W50/><G106/><T53/><D115/><U113/><E118/><V94/><F79/><W116/><G116/><T21/><D117/><U26/><E127/><V17/><F100/><W48/><G70/><T121/><D121/><U95/><E113/><V66/><F17/><W101/><G101/><T28/><D5/><U92/><E120/><V105/><F105/><W102/><G102/><T78/><D85/><U7/><E96/><N who="0" m="36969" /><D78/><U20/><E86/><V125/><F125/><W22/><G89/><T81/><D81/><U62/><E33/><V15/><F15/><W18/><G30/><T134/><D126/><U57/><E57/><V124/><F124/><W87/><G82/><T60/><D60/><U73/><E73/><V111/><F111/><W6/><G19/><T67/><D67/><AGARI ba="0,0" hai="7,11,14,20,26,29,36,41,47,58,62,67,92,95" machi="67" ten="30,1000,0" yaku="7,1" doraHai="130" who="1" fromWho="0" sc="214,-10,370,10,196,0,220,0" /><INIT seed="7,0,0,4,0,55" ten="204,380,196,220" oya="3" hai0="111,97,123,89,63,107,98,86,71,93,11,131,17" hai1="132,39,103,75,62,134,36,88,128,120,26,33,13" hai2="4,73,49,3,7,9,40,76,67,18,78,106,126" hai3="41,135,82,61,2,44,74,125,119,47,69,77,115"/><W31/><G119/><T102/><D111/><U90/><E75/><V58/><F106/><W95/><G115/><T70/><D123/><U52/><E103/><V81/><F126/><W57/><G135/><T100/><D131/><U0/><E0/><V19/><F78/><W10/><G125/><T32/><D32/><U8/><E90/><V6/><F3/><W87/><G69/><T56/><D17/><U91/><E91/><V127/><F127/><W129/><G129/><T14/><D14/><U113/><E88/><V105/><F105/><W38/><G47/><T112/><D11/><U64/><E52/><V117/><F117/><W1/><G87/><T65/><D112/><U121/><E113/><V51/><F40/><W60/><G95/><AGARI ba="0,0" hai="56,63,65,70,71,86,89,93,95,97,98,100,102,107" machi="95" ten="30,2000,0" yaku="7,1,52,1" doraHai="55" who="0" fromWho="3" sc="204,20,380,0,196,0,220,-20" owari="224,2.0,380,48.0,196,-30.0,200,-20.0" /></mjloggm>