<mjloggm ver="2.3"><GO type="169" lobby="0"/><UN n0="%E3%82%AD%E3%83%A9%E3%83%BC%E3%83%9E%E3%82%B8%E3%83%B3%E3%82%AC%E6%A7%98" n1="%E3%83%88%E3%83%88%E3%83%AA%E5%85%88%E7%94%9F%31%39%E6%AD%B3" n2="%E5%A4%A7%E6%AD%A3%E7%BE%A9%E9%87%8E%E7%90%83%E5%A8%98" n3="%EF%BC%B7%EF%BD%81%EF%BD%8C%EF%BD%8C%EF%BD%99" dan="17,18,16,17" rate="2190.74,2235.11,2118.01,2181.88" sx="F,F,F,M"/><TAIKYOKU oya="0"/><INIT seed="0,0,0,5,2,16" ten="250,250,250,250" oya="0" hai0="117,57,53,129,77,112,76,55,105,90,17,93,108" hai1="119,56,39,110,81,2,123,83,130,6,58,29,31" hai2="133,38,99,65,18,70,91,74,48,7,126,61,11" hai3="10,22,46,116,118,79,124,113,59,49,28,134,85"/><T0/><D112/><U106/><E119/><V71/><F38/><W114/><G79/><T131/><D117/><N who="3" m="45161" /><G85/><T63/><D0/><U26/><E123/><V23/><F74/><W54/><G10/><T13/><D105/><U45/><E106/><V122/><F122/><W43/><G28/><T82/><D53/><U127/><E110/><V44/><F126/><W3/><G22/><N who="0" m="11567" /><D82/><U66/><E130/><N who="0" m="49673" /><D108/><U80/><E127/><V72/><F72/><W1/><G1/><T64/><D55/><U4/><E2/><V94/><F133/><W51/><G3/><T101/><D101/><U20/><E31/><V98/><F11/><W86/><G86/><AGARI ba="0,0" hai="57,63,64,76,77,86,90,93" m="49673,11567" machi="86" ten="30,2900,0" yaku="19,1,52,1" doraHai="16" who="0" fromWho="3" sc="250,29,250,0,250,0,250,-29" /><INIT seed="0,1,0,5,5,42" ten="279,250,250,221" oya="0" hai0="50,30,90,132,57,77,36,116,92,55,89,94,82" hai1="12,58,16,109,127,105,84,101,135,43,1,119,33" hai2="81,27,28,110,124,10,64,112,18,40,52,76,69" hai3="74,17,78,121,130,24,67,15,80,22,108,20,88"/><T49/><D116/><U71/><E119/><V29/><F112/><W98/><G108/><T120/><D120/><U4/><E71/><V46/><F110/><W54/><G130/><T95/><D36/><U13/><E109/><V61/><F124/><W103/><G121/><T125/><D125/><U115/><E127/><V91/><F91/><W47/><G67/><T68/><D68/><U99/><E33/><V45/><F40/><W25/><G25/><T0/><D0/><U134/><E115/><V87/><F29/><W128/><G128/><T23/><D50/><U107/><E107/><V21/><F10/><W44/><G54/><T11/><D11/><N who="1" m="2447" /><E84/><V60/><REACH who="2" step="1"/><F28/><REACH who="2" ten="279,250,240,221" step="2"/><W131/><G131/><T106/><D30/><U34/><E43/><V9/><F9/><W3/><G3/><T70/><D90/><U63/><E134/><V86/><F86/><W97/><G88/><T93/><D132/><U31/><E135/><V35/><F35/><W65/><G98/><T73/><D89/><U113/><E113/><V41/><F41/><W2/><G2/><T114/><D114/><U85/><E85/><V26/><F26/><W59/><G24/><T100/><D23/><N who="1" m="11655" /><E13/><V96/><F96/><W32/><G22/><T5/><D73/><U8/><E8/><V56/><AGARI ba="1,1" hai="18,21,27,45,46,52,56,60,61,64,69,76,81,87" machi="56" ten="30,8000,1" yaku="1,1,0,1,52,2,54,1,53,0" doraHai="42" doraHaiUra="122" who="2" fromWho="2" sc="279,-41,250,-21,240,93,221,-21" /><INIT seed="1,0,0,0,3,43" ten="238,229,333,200" oya="1" hai0="2,92,9,57,93,63,64,85,86,22,36,95,90" hai1="65,123,78,133,116,108,73,89,27,29,17,70,19" hai2="99,16,127,117,53,26,91,42,77,103,72,15,102" hai3="1,101,48,13,110,68,10,46,126,107,49,41,40"/><U87/><E116/><V71/><F71/><W96/><G110/><T12/><D2/><U30/><E123/><V74/><F117/><W59/><G126/><T97/><D36/><U76/><E108/><V54/><F26/><W33/><G1/><T130/><D130/><U39/><E39/><V88/><F42/><W66/><G33/><T98/><D22/><U58/><E70/><V50/><F127/><W111/><G111/><T0/><D0/><U109/><E133/><V119/><F119/><W24/><G24/><T118/><D118/><U104/><E104/><V45/><F103/><W18/><G68/><T35/><D35/><U38/><E38/><V120/><F54/><W5/><G5/><T94/><REACH who="0" step="1"/><D98/><REACH who="0" ten="228,229,333,200" step="2"/><U34/><E109/><V80/><F120/><W25/><G25/><T20/><D20/><U55/><E30/><V7/><F72/><W11/><G11/><T112/><D112/><U135/><E73/><V14/><F15/><W115/><G115/><T134/><D134/><U81/><E135/><V44/><F7/><AGARI ba="0,1" hai="7,9,12,57,63,64,85,86,90,92,93,94,95,97" machi="7" ten="40,5200,0" yaku="1,1,8,1,53,1" doraHai="43" doraHaiUra="62" who="0" fromWho="2" sc="228,62,229,0,333,-52,200,0" /><INIT seed="2,0,0,2,2,8" ten="290,229,281,200" oya="2" hai0="60,82,35,77,23,78,37,40,103,36,22,117,132" hai1="9,69,98,62,6,93,105,26,34,41,64,112,106" hai2="65,49,10,19,73,13,100,32,55,80,122,0,123" hai3="24,114,70,48,99,12,89,15,59,45,135,113,129"/><V14/><F32/><W81/><G70/><T97/><D35/><U94/><E112/><N who="3" m="43114" /><G129/><T58/><D78/><U119/><E119/><V44/><F0/><W51/><G135/><T4/><D132/><U61/><E41/><V120/><F100/><W68/><G68/><T39/><D40/><U50/><E50/><N who="3" m="18986" /><G45/><T28/><D28/><U57/><E26/><V118/><F65/><W128/><G128/><T91/><D91/><U110/><E34/><V92/><F118/><W101/><G59/><T20/><D4/><U83/><E83/><V38/><F92/><N who="3" m="58599" /><G24/><T47/><D47/><U104/><E110/><V96/><F96/><W17/><G17/><T71/><D71/><U107/><E98/><V31/><F31/><W88/><G89/><T29/><D29/><U126/><E126/><V27/><F38/><W52/><G52/><T87/><D117/><U3/><N who="1" m="26624" /><DORA hai="16" /><U30/><REACH who="1" step="1"/><E30/><REACH who="1" ten="290,219,281,200" step="2"/><V121/><F121/><W86/><AGARI ba="0,1" hai="12,15,81,86,88" m="58599,18986,43114" machi="86" ten="30,7900,0" yaku="11,1,52,2,54,1" doraHai="8,16" who="3" fromWho="3" sc="290,-20,219,-20,281,-39,200,89" /><INIT seed="3,0,0,1,1,52" ten="270,199,242,289" oya="3" hai0="17,107,11,89,78,104,116,46,133,112,21,7,25" hai1="42,134,129,32,29,122,6,77,15,101,38,120,118" hai2="72,121,135,76,39,36,91,30,96,59,57,9,8" hai3="102,105,124,34,16,132,95,27,19,98,67,48,93"/><W37/><G124/><T71/><D116/><U65/><E129/><V108/><F30/><W66/><G37/><T47/><D133/><U53/><E118/><V26/><F26/><W109/><G132/><T18/><D71/><U123/><E134/><V69/><F69/><W41/><G109/><T50/><D112/><U10/><E101/><V43/><F135/><W56/><G105/><T117/><D117/><U87/><E65/><N who="3" m="24586" /><G34/><T81/><D89/><U86/><E77/><V70/><F70/><W110/><G110/><T103/><D18/><N who="3" m="6697" /><G93/><T49/><D107/><U130/><E130/><V0/><F108/><W5/><G5/><T83/><D104/><U100/><E29/><V99/><F0/><W20/><G41/><T128/><D7/><U1/><E32/><V54/><F43/><W73/><G73/><T14/><D128/><U3/><E42/><V33/><F72/><W64/><G48/><T80/><D49/><U31/><E38/><V68/><F68/><W23/><G27/><T94/><D50/><U63/><E3/><V22/><F33/><W4/><G4/><T58/><D25/><U82/><E1/><V75/><F75/><W13/><G13/><T111/><D111/><U84/><E31/><V28/><F28/><W126/><G126/><T106/><D106/><U44/><E15/><V74/><F74/><W127/><G127/><T92/><D14/><U79/><E6/><V115/><F39/><W55/><G55/><T61/><D92/><U60/><E122/><V62/><F36/><W97/><G97/><T12/><D94/><U2/><E2/><RYUUKYOKU ba="0,0" sc="270,-10,199,-10,242,-10,289,30" hai3="20,23,56,64,95,98,102" /><INIT seed="3,1,0,2,2,94" ten="260,189,232,319" oya="3" hai0="134,11,32,26,126,84,18,49,7,115,98,58,24" hai1="15,12,21,111,36,63,117,116,88,47,119,52,6" hai2="10,53,103,106,17,102,76,65,44,19,22,124,50" hai3="129,54,68,29,132,81,120,69,97,74,122,127,113"/><W95/><G29/><T25/><D134/><U1/><E111/><V78/><F124/><W4/><G4/><T31/><D126/><U37/><E1/><V13/><F65/><W82/><G127/><T86/><D115/><U99/><E21/><V108/><F108/><W123/><G113/><T38/><D38/><N who="1" m="14955" /><E6/><V56/><F44/><W55/><G132/><T90/><D84/><U70/><E70/><V39/><F39/><W130/><G74/><T93/><D18/><U33/><E33/><V107/><F107/><W61/><G82/><T83/><D49/><N who="1" m="28735" /><E63/><V8/><F8/><W121/><G81/><T51/><D51/><U23/><E23/><V2/><F2/><W125/><G125/><T92/><D92/><AGARI ba="1,0" hai="12,15,88,92,99,116,117,119" m="28735,14955" machi="92" ten="40,8000,1" yaku="12,1,52,1,54,2" doraHai="94" who="1" fromWho="0" sc="260,-83,189,83,232,0,319,0" /><INIT seed="4,0,0,3,3,88" ten="177,272,232,319" oya="0" hai0="111,100,54,130,36,31,60,106,85,123,135,114,116" hai1="99,18,33,133,44,91,96,86,42,125,8,69,92" hai2="89,5,83,94,16,30,43,47,74,126,40,35,24" hai3="82,121,0,115,13,72,87,66,107,84,10,15,117"/><T93/><D116/><U75/><E75/><V64/><F126/><W38/><G38/><T45/><D123/><U32/><E69/><V39/><F5/><W11/><G107/><T48/><D114/><U65/><E65/><V29/><F64/><W49/><G49/><T41/><D135/><U7/><E133/><V103/><F43/><W109/><G66/><T105/><D130/><U28/><E125/><V81/><F103/><W3/><G72/><T98/><D111/><U132/><E132/><V76/><F81/><W20/><G20/><T52/><D31/><U120/><E120/><V4/><F4/><W101/><G82/><T34/><D34/><U124/><E18/><V58/><F58/><W119/><G101/><T134/><D134/><U17/><E17/><V104/><F104/><W67/><G67/><T62/><D54/><U80/><E99/><V23/><REACH who="2" step="1"/><F35/><REACH who="2" ten="177,272,222,319" step="2"/><W73/><G121/><T122/><D122/><U9/><E124/><V51/><F51/><W61/><G115/><T21/><D106/><U14/><E33/><V22/><F22/><W108/><G73/><T127/><D127/><U46/><E9/><V55/><F55/><W68/><G61/><T57/><REACH who="0" step="1"/><D21/><REACH who="0" ten="167,272,222,319" step="2"/><U71/><E42/><V12/><F12/><W1/><G1/><T6/><D6/><U128/><E32/><V53/><F53/><W78/><G68/><T95/><D95/><U63/><E71/><V97/><AGARI ba="0,2" hai="16,23,24,29,30,39,40,47,74,76,83,89,94,97" machi="97" ten="20,8000,1" yaku="1,1,0,1,7,1,52,1,54,1,53,0" doraHai="88" doraHaiUra="50" who="2" fromWho="2" sc="167,-40,272,-20,222,100,319,-20" /><INIT seed="5,0,0,4,1,44" ten="127,252,322,299" oya="1" hai0="108,7,119,28,131,116,40,16,48,130,91,83,8" hai1="73,87,21,120,62,63,18,39,14,118,132,106,127" hai2="32,67,38,86,112,31,113,133,77,47,122,72,71" hai3="79,43,75,0,37,110,88,20,125,94,129,61,69"/><U107/><E118/><N who="0" m="45097" /><D83/><U64/><E120/><V26/><F122/><W41/><G0/><T6/><D91/><U85/><E73/><V54/><F133/><W25/><G110/><T5/><D108/><U51/><E39/><V98/><F86/><W134/><G134/><T102/><D102/><U70/><E132/><V92/><F67/><W111/><G111/><T33/><D40/><U66/><E127/><V17/><F71/><W1/><G1/><T82/><D82/><U103/><E51/><V76/><F17/><W49/><G79/><T56/><D56/><U68/><E103/><V124/><F124/><W3/><G3/><T12/><D48/><U29/><REACH who="1" step="1"/><E29/><REACH who="1" ten="127,242,322,299" step="2"/><V90/><F72/><W80/><G75/><T126/><D126/><U117/><E117/><V97/><F38/><W34/><G125/><T100/><D100/><U36/><E36/><V65/><F31/><W59/><G37/><T128/><D28/><U58/><E58/><V123/><F123/><W52/><G69/><T24/><D33/><U46/><E46/><V35/><F35/><W93/><G34/><T115/><D115/><U53/><E53/><V22/><F32/><W89/><G49/><T74/><D74/><U84/><AGARI ba="0,1" hai="14,18,21,62,63,64,66,68,70,84,85,87,106,107" machi="84" ten="30,6000,0" yaku="1,1,0,1,9,1,53,0" doraHai="44" doraHaiUra="50" who="1" fromWho="1" sc="127,-20,242,70,322,-20,299,-20" /><INIT seed="5,1,0,1,0,28" ten="107,312,302,279" oya="1" hai0="12,46,9,47,48,131,10,120,81,55,2,101,114" hai1="73,21,34,113,121,99,83,112,17,15,87,67,85" hai2="77,25,127,69,59,23,63,111,117,56,96,68,13" hai3="52,40,135,119,130,29,91,49,129,133,44,126,41"/><U61/><E121/><V31/><F111/><W125/><G29/><T51/><D120/><U122/><E122/><V16/><F117/><W116/><G91/><T110/><D110/><U105/><E73/><V8/><F127/><N who="3" m="48651" /><G40/><T38/><D38/><U103/><E34/><V86/><F56/><W108/><G41/><T82/><D114/><N who="1" m="44139" /><E83/><V100/><F77/><W75/><G75/><T26/><D131/><N who="3" m="50185" /><G108/><T24/><D2/><U30/><E30/><V123/><F86/><W5/><G5/><T80/><D101/><U42/><E42/><V18/><F18/><W62/><G62/><T4/><REACH who="0" step="1"/><D10/><REACH who="0" ten="97,312,302,279" step="2"/><U134/><E103/><V11/><F11/><W93/><G93/><T53/><AGARI ba="1,1" hai="4,9,12,24,26,46,47,48,51,53,55,80,81,82" machi="53" ten="30,8000,1" yaku="1,1,2,1,0,1,9,1,8,1,53,0" doraHai="28" doraHaiUra="32" who="0" fromWho="0" sc="97,93,312,-41,302,-21,279,-21" /><INIT seed="6,0,0,2,4,8" ten="190,271,281,258" oya="2" hai0="71,100,94,54,73,130,5,28,36,87,47,74,27" hai1="29,77,69,43,126,72,80,111,128,92,48,18,101" hai2="58,12,67,33,41,134,10,66,109,76,115,88,46" hai3="84,3,121,106,7,6,20,39,44,26,63,37,14"/><V114/><F33/><W132/><G106/><T110/><D110/><U31/><E111/><V135/><F109/><W56/><G121/><T22/><D130/><U124/><E69/><V81/><F76/><W16/><G3/><T129/><D129/><U93/><E128/><V96/><F58/><W104/><G104/><T85/><D71/><U17/><E43/><V42/><F42/><W112/><G132/><N who="2" m="50729" /><F96/><W55/><G112/><N who="2" m="43049" /><F88/><W60/><G60/><T113/><D113/><U35/><E48/><N who="2" m="26703" /><F81/><W13/><G39/><T30/><D36/><U21/><E35/><V91/><F91/><W97/><G97/><T34/><D34/><U15/><E101/><V125/><F125/><N who="1" m="48233" /><E93/><V45/><F45/><W90/><G44/><T19/><D100/><U83/><E92/><V79/><F79/><W64/><G37/><T120/><D94/><U99/><E99/><V70/><F70/><W131/><G131/><T117/><D47/><U65/><E83/><V1/><F1/><W133/><G133/><T51/><D74/><U103/><E65/><V9/><F9/><W23/><G64/><T116/><D73/><U108/><E103/><V32/><F32/><W118/><G90/><T24/><D120/><U105/><E105/><V59/><F59/><W49/><G56/><N who="0" m="32863" /><D117/><U0/><E0/><V127/><F127/><W25/><G118/><T107/><D107/><U4/><E108/><V61/><F61/><W82/><G63/><T95/><D116/><U2/><E2/><V89/><F89/><W11/><G82/><T119/><D119/><U98/><E98/><V68/><F68/><RYUUKYOKU ba="0,0" sc="190,-10,271,-10,281,30,258,-10" hai2="10,12,66,67" /><INIT seed="6,1,0,4,4,43" ten="180,261,311,248" oya="2" hai0="27,73,120,104,130,112,30,52,78,6,59,39,50" hai1="95,40,123,57,114,70,69,55,105,99,106,60,62" hai2="74,21,7,100,35,89,34,121,38,117,103,48,26" hai3="71,101,118,96,5,2,108,72,0,82,94,31,22"/><V41/><F38/><W93/><G71/><T92/><D104/><U45/><E114/><V135/><F74/><W3/><G118/><T11/><D120/><U49/><E123/><V125/><F117/><W18/><G108/><T47/><D112/><U86/><E86/><V110/><F121/><W13/><G31/><T122/><D122/><U85/><E85/><V76/><F76/><W44/><G93/><T53/><D130/><U91/><E69/><V51/><F7/><W109/><G109/><T14/><D92/><U61/><REACH who="1" step="1"/><E70/><REACH who="1" ten="180,251,311,248" step="2"/><V67/><F110/><W129/><G129/><T98/><D98/><U79/><E79/><V42/><F135/><W97/><G97/><T88/><D78/><U37/><AGARI ba="1,1" hai="37,40,45,49,55,57,60,61,62,91,95,99,105,106" machi="37" ten="30,4000,0" yaku="1,1,0,1,52,1,53,0" doraHai="43" doraHaiUra="8" who="1" fromWho="1" sc="180,-11,251,53,311,-21,248,-11" /><INIT seed="7,0,0,4,0,73" ten="169,304,290,237" oya="3" hai0="84,3,47,70,105,46,0,102,134,113,63,83,97" hai1="100,125,55,66,128,132,117,121,53,23,7,38,88" hai2="118,116,91,59,19,30,41,44,72,2,78,64,103" hai3="51,99,37,68,20,94,90,36,13,25,1,9,75"/><W28/><G68/><T79/><D134/><U109/><E109/><V24/><F2/><W42/><G75/><T29/><D29/><U34/><E34/><V126/><F103/><W130/><G130/><T52/><D113/><U85/><E121/><V26/><F19/><W22/><G22/><T86/><D86/><U11/><E38/><V21/><F24/><W49/><G1/><T14/><D3/><U32/><E32/><V127/><F91/><W39/><REACH who="3" step="1"/><G42/><REACH who="3" ten="169,304,290,227" step="2"/><T27/><D0/><U92/><E23/><V40/><F40/><W57/><G57/><T58/><D27/><U89/><E128/><V17/><F116/><W124/><G124/><N who="2" m="47657" /><F118/><W81/><G81/><T104/><D104/><U62/><E117/><V16/><F59/><W119/><G119/><T6/><REACH who="0" step="1"/><D70/><REACH who="0" ten="159,304,290,227" step="2"/><U93/><E125/><V8/><F72/><W65/><G65/><T112/><D112/><U74/><E66/><V129/><F64/><W15/><G15/><T31/><D31/><U87/><E74/><V80/><F129/><W110/><G110/><T108/><D108/><U123/><E132/><V96/><F30/><W60/><G60/><T56/><D56/><U120/><E62/><V111/><F111/><W10/><G10/><AGARI ba="0,2" hai="6,10,14,46,47,52,58,63,79,83,84,97,102,105" machi="10" ten="40,5200,0" yaku="1,1,52,1,54,1,53,0" doraHai="73" doraHaiUra="33" who="0" fromWho="3" sc="159,72,304,0,290,0,227,-52" owari="231,-17.0,304,40.0,290,9.0,175,-32.0" /></mjloggm>