<mjloggm ver="2.3"><GO type="169" lobby="0"/><UN n0="%4A%2E%63%6F%6D%40%4B%31" n1="%68%6F%6C%6D%65%73" n2="%E3%83%88%E3%83%88%E3%83%AA%E5%85%88%E7%94%9F%31%39%E6%AD%B3" n3="%6A%75%6D%70%2D%75%70" dan="16,17,18,17" rate="2129.03,2142.85,2210.17,2161.23" sx="F,M,F,M"/><TAIKYOKU oya="0"/><INIT seed="0,0,0,4,2,99" ten="250,250,250,250" oya="0" hai0="2,83,72,53,80,66,8,113,11,4,131,21,52" hai1="47,55,73,108,5,82,123,87,45,121,63,68,111" hai2="18,38,75,122,57,61,71,107,124,14,95,16,3" hai3="25,6,118,67,43,44,94,109,62,96,32,120,103"/><T105/><D113/><U89/><E73/><V77/><F122/><W20/><G120/><T31/><D131/><U85/><E5/><V78/><F107/><W1/><G109/><N who="1" m="42058" /><E87/><V37/><F3/><W42/><G32/><T125/><D66/><N who="1" m="41055" /><E47/><V26/><F71/><W76/><G118/><T112/><D125/><U35/><E35/><V41/><F124/><W90/><G1/><T134/><D134/><U33/><E33/><V79/><F75/><W132/><G6/><T97/><D72/><U48/><AGARI ba="0,0" hai="45,48,55,82,85,89,121,123" m="41055,42058" machi="48" ten="30,1100,0" yaku="14,1" doraHai="99" who="1" fromWho="1" sc="250,-5,250,11,250,-3,250,-3" /><INIT seed="1,0,0,0,3,20" ten="245,261,247,247" oya="1" hai0="112,103,24,57,121,61,132,84,3,85,104,66,33" hai1="98,133,120,54,51,116,9,126,67,43,32,60,122" hai2="22,80,74,82,10,93,105,72,89,45,30,94,110" hai3="119,117,49,48,109,39,73,11,131,77,88,31,12"/><U6/><E116/><N who="3" m="44618" /><G39/><T13/><D112/><U56/><E133/><V0/><F105/><W23/><G73/><T34/><D3/><U90/><E126/><V70/><F70/><W47/><G77/><T129/><D132/><U75/><E75/><V25/><F110/><W35/><G35/><T26/><D129/><U16/><E32/><V27/><F74/><W81/><G109/><T135/><D135/><U44/><E122/><V65/><F65/><W83/><G83/><T97/><D34/><U102/><E120/><V1/><F45/><W59/><G59/><T106/><D106/><U68/><E90/><V8/><F72/><W15/><G47/><T41/><D33/><U63/><E16/><N who="2" m="12487" /><F1/><W7/><G15/><T95/><D121/><U87/><E87/><N who="0" m="33353" /><D104/><U36/><E98/><N who="2" m="57647" /><F94/><W124/><G124/><T125/><D125/><U86/><E86/><V71/><F71/><W79/><G79/><T111/><D111/><U115/><E115/><V4/><F0/><W14/><G81/><N who="2" m="31337" /><F4/><W107/><G107/><T18/><D41/><U130/><E130/><V29/><F27/><N who="3" m="16895" /><G131/><T118/><D118/><U55/><E102/><V114/><F114/><W46/><G88/><T5/><D5/><U127/><E127/><V21/><F21/><AGARI ba="0,0" hai="13,18,21,24,26,57,61,66,95,97,103" m="33353" machi="21" ten="30,3900,0" yaku="8,1,52,2" doraHai="20" who="0" fromWho="2" sc="245,39,261,0,247,-39,247,0" /><INIT seed="2,0,0,4,1,73" ten="284,261,208,247" oya="2" hai0="18,50,85,38,39,13,59,119,61,1,7,83,129" hai1="128,37,6,70,79,88,29,2,75,113,45,44,34" hai2="103,47,80,14,124,28,109,64,116,132,46,33,77" hai3="27,117,54,5,68,25,0,12,32,31,36,127,125"/><V112/><F112/><W62/><G36/><T17/><D1/><U9/><E113/><V16/><F116/><W23/><G117/><T43/><D7/><U51/><E70/><V100/><F132/><W76/><G76/><T53/><D129/><U81/><E128/><V114/><F114/><W22/><G54/><T71/><D119/><U63/><E63/><V58/><F124/><W98/><G98/><T110/><D110/><U82/><E34/><V89/><F109/><W123/><G62/><T52/><D43/><N who="1" m="22639" /><E29/><V94/><F28/><N who="3" m="19471" /><G68/><T3/><D3/><U101/><E101/><N who="2" m="38987" /><F33/><W106/><G106/><T111/><D17/><U122/><E122/><V131/><F131/><W121/><G0/><T40/><D40/><N who="1" m="24999" /><E81/><V87/><F58/><W118/><G118/><T55/><D71/><U26/><E26/><V19/><F64/><W66/><G66/><N who="0" m="39231" /><D39/><U126/><E88/><V69/><F69/><W95/><G95/><T4/><D38/><U11/><E11/><N who="2" m="6239" /><F19/><N who="3" m="10599" /><G5/><T104/><D4/><U30/><E30/><V102/><N who="2" m="38995" /><V99/><AGARI ba="0,0" hai="46,47,77,80,87,89,94,99" m="6239,38995" machi="99" ten="30,11700,0" yaku="4,1,8,1,52,1,54,1" doraHai="73" who="2" fromWho="2" sc="284,-39,261,-39,208,117,247,-39" /><INIT seed="2,1,0,3,1,78" ten="245,222,325,208" oya="2" hai0="88,114,72,83,37,58,27,132,56,65,61,16,70" hai1="118,96,94,13,7,77,31,42,0,111,35,50,113" hai2="25,41,46,97,73,15,130,22,2,9,20,44,119" hai3="19,40,54,68,81,121,123,89,21,3,104,43,64"/><V134/><F119/><W108/><G104/><T30/><D114/><U87/><E111/><V127/><F2/><W129/><G129/><T52/><D37/><U29/><E113/><V18/><F130/><W48/><G3/><T39/><D39/><U47/><E0/><V75/><F134/><W53/><G53/><T71/><D132/><U98/><E118/><V57/><F127/><W49/><G49/><T12/><D27/><U11/><E35/><V112/><F112/><W62/><G108/><T84/><D30/><N who="1" m="11275" /><E94/><V36/><F46/><W32/><G32/><T10/><REACH who="0" step="1"/><D72/><REACH who="0" ten="235,222,325,208" step="2"/><U103/><E103/><V126/><F25/><W99/><G121/><T60/><AGARI ba="1,1" hai="10,12,16,52,56,58,60,61,65,70,71,83,84,88" machi="60" ten="20,16000,3" yaku="1,1,2,1,0,1,7,1,52,1,54,3,53,0" doraHai="78" doraHaiUra="33" who="0" fromWho="0" sc="235,173,222,-41,325,-81,208,-41" /><INIT seed="3,0,0,5,1,52" ten="408,181,244,167" oya="3" hai0="67,134,126,76,8,12,74,90,23,16,18,92,10" hai1="46,60,94,73,1,133,83,118,111,0,43,108,6" hai2="75,29,22,114,4,40,100,77,61,130,17,39,28" hai3="96,88,30,79,68,19,95,42,3,15,21,57,71"/><W20/><G3/><T26/><D134/><U11/><E133/><V123/><F114/><W37/><G79/><T51/><D126/><U110/><E118/><V25/><F130/><W41/><G37/><T78/><D74/><U122/><E122/><V55/><F123/><W84/><G68/><T47/><D67/><U109/><E109/><V121/><F121/><W91/><G71/><T82/><D82/><U80/><E94/><V125/><F125/><W119/><G119/><T104/><D8/><U63/><E1/><V97/><F4/><W132/><G132/><T87/><D104/><U49/><E83/><V65/><F55/><AGARI ba="0,0" hai="10,12,16,18,23,26,47,51,55,76,78,87,90,92" machi="55" ten="30,3900,0" yaku="7,1,8,1,54,1" doraHai="52" who="0" fromWho="2" sc="408,39,181,0,244,-39,167,0" /><INIT seed="4,0,0,2,4,108" ten="447,181,205,167" oya="0" hai0="115,95,9,111,103,3,60,54,124,51,13,74,46" hai1="40,110,6,127,17,97,112,32,43,36,58,47,8" hai2="2,14,22,119,29,120,125,55,84,134,100,61,37" hai3="121,62,135,107,105,39,65,0,49,86,70,25,16"/><T28/><D74/><U10/><E110/><V1/><F120/><W106/><G39/><T56/><D3/><U20/><E32/><V113/><F37/><W96/><G0/><T128/><D28/><U133/><E43/><V73/><F73/><W4/><G4/><T114/><D124/><U26/><E133/><V34/><F34/><W21/><G135/><T59/><D128/><U31/><E127/><V15/><F125/><W80/><G49/><T68/><D68/><U93/><E58/><V82/><F134/><W57/><G121/><T69/><D69/><U5/><E31/><V66/><F100/><W71/><REACH who="3" step="1"/><G96/><REACH who="3" ten="447,181,205,157" step="2"/><N who="0" m="59807" /><D111/><U35/><E5/><V130/><F1/><W42/><G42/><T109/><D109/><U53/><E6/><V117/><F2/><W7/><G7/><N who="0" m="3263" /><D60/><U91/><E36/><V118/><F61/><W83/><G83/><T12/><D12/><U77/><E26/><V132/><F15/><W102/><G102/><T30/><D30/><U23/><E40/><V38/><F132/><W85/><G85/><T19/><D19/><U72/><E17/><N who="2" m="10551" /><F29/><W126/><G126/><T79/><D79/><AGARI ba="0,1" hai="16,21,25,57,62,65,70,71,79,80,86,105,106,107" machi="79" ten="40,8000,1" yaku="1,1,54,1,53,3" doraHai="108" doraHaiUra="101" who="3" fromWho="0" sc="447,-80,181,0,205,0,157,90" /><INIT seed="5,0,0,1,5,118" ten="367,181,205,247" oya="1" hai0="54,34,32,1,121,48,82,94,46,53,91,13,101" hai1="49,30,59,38,35,25,74,78,14,63,124,21,80" hai2="31,111,11,47,66,39,76,125,132,40,8,61,29" hai3="114,102,6,68,55,95,0,56,57,50,23,99,134"/><U89/><E124/><V27/><F111/><W16/><G68/><T43/><D1/><U75/><E38/><V28/><F125/><W33/><G33/><T122/><D101/><U112/><E112/><V83/><F132/><W130/><G114/><T113/><D82/><U108/><E108/><V100/><F100/><W128/><G134/><T26/><D113/><U81/><E49/><V51/><F39/><W77/><G77/><T10/><D53/><U103/><E103/><V45/><F45/><W15/><G57/><T19/><D43/><U106/><E106/><V115/><F27/><W92/><G92/><T22/><D91/><U109/><E109/><V60/><F115/><W5/><REACH who="3" step="1"/><G0/><REACH who="3" ten="367,181,205,237" step="2"/><T86/><D94/><U84/><E35/><V98/><F76/><W104/><G104/><T7/><D32/><U87/><REACH who="1" step="1"/><E14/><REACH who="1" ten="367,171,205,237" step="2"/><V79/><F51/><W110/><G110/><T135/><D34/><U64/><AGARI ba="0,2" hai="21,25,30,59,63,64,74,75,78,80,81,84,87,89" machi="64" ten="20,7800,0" yaku="1,1,2,1,0,1,7,1,53,0" doraHai="118" doraHaiUra="119" who="1" fromWho="1" sc="367,-26,171,98,205,-26,237,-26" /><INIT seed="5,1,0,4,5,27" ten="341,269,179,211" oya="1" hai0="55,102,22,95,58,25,21,43,100,41,110,30,23" hai1="107,129,98,76,73,120,0,3,33,97,15,123,119" hai2="77,46,5,79,105,50,63,53,7,83,112,117,34" hai3="42,128,49,14,134,99,60,31,118,115,47,4,24"/><U56/><E119/><V106/><F117/><W52/><G115/><T57/><D110/><U6/><E129/><V20/><F34/><W12/><G134/><T87/><D87/><U131/><E131/><V104/><F112/><W66/><G128/><T122/><D122/><U67/><E33/><V81/><F63/><W45/><G118/><T111/><D111/><U51/><E73/><V64/><F64/><W82/><G99/><N who="0" m="59519" /><D102/><U65/><E76/><V93/><F93/><W69/><G82/><T59/><D55/><U48/><E15/><V29/><F81/><W28/><G28/><N who="0" m="17471" /><D22/><U8/><E8/><V85/><REACH who="2" step="1"/><F77/><REACH who="2" ten="341,269,169,211" step="2"/><W38/><REACH who="3" step="1"/><G4/><REACH who="3" ten="341,269,169,201" step="2"/><T78/><D78/><U88/><E6/><V116/><F116/><W62/><G62/><T103/><D30/><U125/><E120/><V39/><F39/><W72/><G72/><T1/><D1/><U126/><E123/><V92/><F92/><W130/><G130/><T80/><D80/><U70/><E3/><V121/><F121/><W19/><G19/><T32/><D32/><AGARI ba="1,2" hai="12,14,24,31,32,38,42,45,47,49,52,60,66,69" machi="32" ten="30,7700,0" yaku="1,1,7,1,52,1,54,1,53,0" doraHai="27" doraHaiUra="96" who="3" fromWho="0" sc="341,-80,269,0,169,0,201,100" /><INIT seed="6,0,0,0,3,9" ten="261,269,169,301" oya="2" hai0="95,54,88,60,61,40,15,76,105,120,121,57,118" hai1="6,1,52,115,10,21,45,37,94,55,31,24,33" hai2="116,78,49,122,12,96,34,72,85,99,82,128,135" hai3="25,4,28,39,47,110,56,104,23,29,86,101,90"/><V123/><F116/><W50/><G110/><T75/><D105/><U26/><E115/><V73/><F34/><W42/><G4/><T16/><D118/><U11/><E11/><V59/><F59/><W131/><G131/><T32/><D32/><U43/><REACH who="1" step="1"/><E94/><REACH who="1" ten="261,259,169,301" step="2"/><V74/><F128/><W134/><G104/><T97/><D121/><N who="2" m="46090" /><F49/><W126/><G50/><T53/><D120/><U107/><E107/><V87/><F12/><W91/><G39/><T84/><D15/><U112/><E112/><V103/><F135/><W129/><G134/><T38/><D38/><U102/><E102/><V44/><F44/><W113/><G101/><T66/><D95/><U27/><E27/><V106/><F99/><W71/><G129/><T77/><D97/><U58/><E58/><V13/><F13/><W5/><G56/><T119/><D57/><U35/><E35/><V3/><F3/><W63/><G113/><T20/><D119/><U22/><E22/><V8/><F8/><W62/><G23/><T7/><D20/><U79/><E79/><N who="2" m="46303" /><F87/><W41/><G86/><T69/><D84/><U48/><E48/><V0/><F0/><W83/><G47/><T30/><D76/><AGARI ba="0,1" hai="72,73,74,76,78,96,103,106" m="46303,46090" machi="76" ten="40,3900,0" yaku="34,2" doraHai="9" who="2" fromWho="0" sc="261,-39,259,0,169,49,301,0" /><INIT seed="6,1,0,0,4,5" ten="222,259,218,301" oya="2" hai0="73,82,118,133,13,17,92,109,60,115,1,0,29" hai1="86,98,16,120,94,7,122,89,63,42,97,102,24" hai2="130,37,103,25,21,47,114,26,125,34,48,131,30" hai3="135,87,113,96,59,100,14,112,52,44,6,57,107"/><V129/><F37/><W58/><G135/><T104/><D109/><U53/><E42/><V90/><F114/><N who="3" m="44139" /><G87/><T27/><D104/><U85/><E7/><V61/><F125/><W38/><G44/><T12/><D115/><U67/><E120/><V95/><F103/><W66/><G66/><T127/><D133/><U36/><E36/><V111/><F61/><N who="3" m="36007" /><G38/><T76/><D127/><U28/><E53/><N who="2" m="29855" /><F111/><W77/><G77/><T55/><D118/><U41/><E41/><V80/><F80/><W88/><G88/><T51/><D60/><U8/><E122/><V2/><F2/><W117/><G117/><T18/><D55/><U110/><E110/><V72/><F72/><W33/><G33/><T62/><D51/><U35/><E63/><V79/><F79/><W39/><G39/><T22/><D62/><U65/><E67/><V124/><F124/><W9/><AGARI ba="1,0" hai="6,9,14,58,59,96,100,107" m="36007,44139" machi="9" ten="30,7900,0" yaku="15,1,11,1,52,1,54,1" doraHai="5" who="3" fromWho="3" sc="222,-21,259,-21,218,-40,301,82" /><INIT seed="7,0,0,1,0,87" ten="201,238,178,383" oya="3" hai0="77,117,31,101,78,116,84,105,21,124,98,127,111" hai1="2,66,82,24,14,130,52,11,76,65,25,67,40" hai2="10,39,51,81,129,120,74,30,49,18,122,22,55" hai3="99,45,83,103,9,56,27,106,95,6,36,50,29"/><W112/><G112/><T89/><D21/><U113/><E2/><V8/><F39/><W72/><G56/><T115/><D31/><U68/><E68/><V69/><F69/><W19/><G19/><T114/><D111/><U17/><E130/><V38/><F38/><W4/><G36/><T62/><D62/><U125/><E125/><N who="0" m="48201" /><D114/><U135/><E135/><V126/><F126/><W134/><G106/><T23/><D23/><U64/><E64/><V48/><F30/><W41/><G134/><T92/><D115/><U93/><E40/><V20/><F129/><W13/><G83/><T58/><D58/><U133/><E133/><V128/><F128/><W96/><G96/><T132/><D132/><U88/><E52/><V60/><F20/><W102/><G72/><T53/><D53/><U109/><E109/><V71/><F74/><W121/><G121/><T100/><D100/><U94/><E94/><V0/><F81/><W59/><G59/><T54/><D54/><U110/><E110/><V35/><F35/><W1/><G102/><T15/><D15/><U28/><E28/><V97/><F97/><W26/><G29/><T75/><D75/><U123/><E113/><V42/><F42/><W119/><G119/><AGARI ba="0,0" hai="77,78,84,89,92,98,101,105,116,117,119" m="48201" machi="119" ten="30,7700,0" yaku="18,1,34,2,52,1" doraHai="87" who="0" fromWho="3" sc="201,77,238,0,178,0,383,-77" owari="278,8.0,238,-16.0,178,-32.0,306,40.0" /></mjloggm>