<mjloggm ver="2.3"><GO type="169" lobby="0"/><UN n0="%E5%B0%B1%E6%B4%BB%E7%94%9F%40%E5%B7%9D%E6%9D%91%E8%BB%8D%E5%9B%A3" n1="%E3%83%A8%E3%82%B3%E3%83%A8%E3%82%B3" n2="%E3%83%8D%E3%83%BC%E3%83%A0%E3%83%AC%E3%82%B9%EF%BC%97" n3="%E3%81%A8%E3%82%82%E3%81%8D%E3%82%85%E3%82%93%E2%99%AA" dan="17,16,16,17" rate="2224.03,2065.08,2151.59,2138.85" sx="M,M,M,F"/><TAIKYOKU oya="0"/><INIT seed="0,0,0,2,0,34" ten="250,250,250,250" oya="0" hai0="47,28,89,16,74,65,61,135,10,59,110,88,75" hai1="31,39,78,12,109,70,0,125,64,112,50,25,92" hai2="106,13,82,120,35,57,48,29,66,20,113,2,19" hai3="26,63,22,87,42,9,23,84,128,11,54,102,14"/><T94/><D135/><U80/><E39/><V86/><F120/><W69/><G128/><T131/><D131/><U81/><E109/><V132/><F113/><W98/><G42/><T118/><D118/><U104/><E104/><V103/><F132/><W126/><G126/><T96/><D110/><U116/><E112/><V6/><F103/><W119/><G119/><T85/><D28/><U105/><E105/><V8/><F106/><W71/><G71/><T77/><D77/><U73/><E125/><V24/><F48/><W53/><G69/><T7/><D47/><U4/><E12/><V41/><F41/><W115/><G115/><T114/><D114/><U33/><E92/><V30/><F30/><W91/><G102/><T60/><D61/><N who="1" m="40207" /><E50/><V100/><F100/><W5/><G98/><T117/><D117/><U97/><E97/><V45/><F45/><W68/><G68/><T18/><D75/><U21/><E81/><V90/><F57/><W124/><G124/><T44/><D44/><U111/><E116/><V129/><F66/><W36/><G36/><T62/><D62/><U55/><E55/><N who="3" m="21002" /><G63/><T107/><D74/><U95/><E95/><V46/><F46/><W76/><G26/><T101/><D89/><U27/><E27/><V37/><F37/><W123/><G123/><T99/><D96/><U72/><E111/><V130/><AGARI ba="0,0" hai="2,6,8,13,19,20,24,29,35,82,86,90,129,130" machi="130" ten="30,7900,0" yaku="0,1,24,2,52,1" doraHai="34" who="2" fromWho="2" sc="250,-39,250,-20,250,79,250,-20" /><INIT seed="1,0,0,5,5,33" ten="211,230,329,230" oya="1" hai0="64,53,134,5,11,133,6,109,35,22,84,71,106" hai1="108,52,102,115,103,40,107,101,17,77,70,2,68" hai2="104,24,131,21,81,100,110,83,89,117,95,127,29" hai3="124,30,132,105,51,85,99,126,43,67,129,38,27"/><U86/><E115/><V50/><F117/><W4/><G38/><T121/><D106/><U123/><E123/><V0/><F110/><W72/><G72/><T130/><D35/><U8/><E107/><V3/><F131/><W113/><G113/><T73/><D73/><U96/><E108/><V93/><F127/><W28/><G129/><T55/><D109/><U14/><E40/><V128/><F128/><W31/><G132/><N who="0" m="50795" /><D130/><U42/><E42/><V61/><F104/><W65/><G4/><T111/><D111/><U45/><E96/><V74/><F100/><N who="3" m="62623" /><G85/><T75/><D75/><U49/><REACH who="1" step="1"/><E2/><REACH who="1" ten="211,220,329,230" step="2"/><V90/><F0/><W37/><G43/><T25/><D121/><U118/><E118/><V13/><F3/><W114/><G114/><T98/><D98/><U15/><E15/><V46/><F13/><W116/><G116/><T57/><D55/><U32/><E32/><V7/><F7/><W76/><G27/><T120/><D6/><U87/><E87/><V63/><F74/><W54/><G37/><T119/><D84/><U78/><E78/><V97/><F97/><W66/><G76/><T47/><D119/><U125/><E125/><V34/><F34/><W41/><G41/><T23/><D120/><U9/><E9/><V82/><F24/><W12/><G12/><T122/><D122/><U91/><E91/><V94/><F89/><W88/><G88/><T79/><D79/><U48/><E48/><V20/><F90/><W59/><G124/><T92/><D11/><U16/><E16/><V62/><F29/><W135/><G126/><T60/><D5/><RYUUKYOKU ba="0,1" sc="211,-30,220,10,329,10,230,10" hai1="8,14,17,45,49,52,68,70,77,86,101,102,103" hai2="20,21,46,50,61,62,63,81,82,83,93,94,95" hai3="28,30,31,51,54,59,65,66,67,135" /><INIT seed="1,1,1,2,4,71" ten="181,230,339,240" oya="1" hai0="116,4,68,96,16,121,22,85,90,25,51,57,131" hai1="119,123,108,10,124,65,76,80,97,78,89,28,12" hai2="35,42,5,27,48,129,75,19,20,128,111,70,110" hai3="66,53,14,56,127,21,7,45,74,135,2,40,54"/><U34/><E119/><V39/><F75/><W83/><G127/><T26/><D68/><U99/><E124/><V41/><F70/><W81/><G135/><T0/><D116/><U44/><E123/><V115/><F115/><W109/><G109/><T86/><D121/><U117/><E117/><V118/><F118/><W72/><G66/><T105/><D131/><U122/><E122/><V59/><F35/><W112/><G112/><T63/><D0/><U130/><E130/><N who="2" m="50283" /><F5/><W29/><G74/><T18/><D4/><U55/><E108/><N who="2" m="41515" /><F39/><W100/><G72/><T8/><D51/><N who="1" m="29159" /><E28/><V87/><F87/><W69/><G29/><T37/><D37/><U9/><E34/><V113/><F113/><W77/><G7/><T6/><D105/><U132/><E65/><V23/><F59/><W95/><G56/><T103/><D6/><U32/><E32/><V50/><F50/><W82/><G69/><T79/><D79/><U49/><E49/><V64/><F64/><W17/><G77/><T92/><D103/><U3/><E76/><V24/><F48/><N who="3" m="26663" /><G2/><T84/><D8/><U13/><E3/><V134/><F134/><W94/><G100/><T104/><D104/><U11/><E132/><V114/><F114/><W46/><G46/><T52/><D18/><AGARI ba="1,1" hai="18,19,20,23,24,27,41,42" m="41515,50283" machi="18" ten="30,2000,0" yaku="19,1,14,1" doraHai="71" who="2" fromWho="0" sc="181,-23,230,0,339,33,240,0" /><INIT seed="2,0,0,0,1,77" ten="158,230,372,240" oya="2" hai0="116,85,92,127,35,48,29,0,20,104,98,102,125" hai1="11,53,14,44,81,2,87,65,39,36,129,17,73" hai2="122,110,52,40,103,112,134,9,74,133,24,45,3" hai3="51,101,56,135,132,1,47,123,19,33,131,25,26"/><V54/><F112/><W46/><G123/><T30/><D0/><U75/><E129/><V16/><F122/><W91/><G1/><T42/><D35/><U94/><E2/><V28/><F74/><W15/><G101/><T50/><D116/><U64/><E73/><V22/><F103/><W100/><G100/><T124/><D20/><U27/><E75/><V80/><F110/><W63/><G131/><T118/><D118/><U49/><E94/><V111/><F111/><W4/><G4/><T6/><D6/><U97/><E97/><V130/><F80/><W67/><G91/><T34/><D34/><U69/><E27/><V119/><F119/><W10/><G33/><T83/><D104/><U8/><E8/><V32/><F9/><W82/><G82/><T106/><D106/><U78/><REACH who="1" step="1"/><E69/><REACH who="1" ten="158,220,372,240" step="2"/><V60/><F3/><W68/><G68/><T31/><REACH who="0" step="1"/><D42/><REACH who="0" ten="148,220,372,240" step="2"/><U66/><AGARI ba="0,2" hai="11,14,17,36,39,44,49,53,64,65,66,78,81,87" machi="66" ten="30,8000,1" yaku="1,1,2,1,0,1,52,1,53,1" doraHai="77" doraHaiUra="76" who="1" fromWho="1" sc="148,-20,220,100,372,-40,240,-20" /><INIT seed="3,0,0,4,1,67" ten="128,320,332,220" oya="3" hai0="35,85,72,62,3,23,117,115,20,129,118,80,101" hai1="113,27,135,121,96,45,17,70,73,90,106,43,16" hai2="56,39,52,66,68,108,86,93,64,34,1,92,30" hai3="63,31,110,21,42,2,97,36,28,5,7,40,6"/><W123/><G123/><T128/><D35/><U125/><E121/><V19/><F39/><W84/><G2/><T127/><D3/><U53/><E73/><V54/><F1/><W124/><G124/><T25/><D72/><U131/><E125/><V116/><F116/><W111/><G84/><T57/><D127/><U33/><E113/><V4/><F4/><W105/><G63/><T83/><D115/><U109/><E109/><N who="3" m="41482" /><G36/><T95/><D117/><U55/><E135/><V132/><F86/><W12/><G12/><T100/><D118/><U120/><E120/><V88/><F108/><W9/><G9/><T60/><D85/><U48/><E131/><V75/><F75/><W119/><G119/><T29/><D57/><U103/><E70/><V10/><F56/><W8/><G8/><T77/><D25/><U15/><E90/><V69/><F10/><W102/><G21/><T126/><D126/><U112/><E112/><V51/><F51/><W114/><G114/><T26/><D26/><U37/><E15/><V130/><F130/><W81/><G81/><T59/><D59/><U61/><E61/><V122/><F122/><W32/><G32/><T18/><D95/><U87/><E87/><V24/><F24/><W44/><G44/><T99/><D99/><U104/><E104/><V50/><F34/><W46/><G46/><T38/><D38/><U107/><E107/><V134/><F50/><W11/><G11/><T79/><D29/><AGARI ba="0,0" hai="5,6,7,28,29,31,40,42,97,102,105" m="41482" machi="29" ten="30,2900,0" yaku="14,1,10,1" doraHai="67" who="3" fromWho="0" sc="128,-29,320,0,332,0,220,29" /><INIT seed="3,1,0,3,3,119" ten="99,320,332,249" oya="3" hai0="29,59,102,28,124,127,30,6,63,74,54,120,73" hai1="103,108,9,130,104,26,87,84,134,5,44,99,116" hai2="51,21,121,4,78,69,92,37,133,38,128,42,125" hai3="27,89,76,111,25,3,11,107,1,34,106,16,17"/><W93/><G76/><T15/><D102/><U75/><E116/><V129/><F69/><W79/><G79/><T94/><D94/><U71/><E71/><V123/><F4/><W98/><G111/><T55/><D120/><N who="2" m="46154" /><F78/><W39/><G39/><N who="2" m="14857" /><F133/><W14/><G27/><T114/><D114/><U88/><E108/><V36/><F36/><W80/><G80/><T110/><D110/><U126/><E134/><V117/><F117/><W61/><G61/><T40/><D40/><U57/><E130/><V112/><F112/><W109/><G109/><T72/><D15/><U60/><E126/><V91/><F125/><N who="0" m="48202" /><D6/><U52/><E75/><N who="0" m="19201" /><T115/><DORA hai="18" /><D115/><U41/><E26/><V43/><F21/><W35/><G35/><T8/><D8/><U131/><E131/><N who="2" m="50251" /><F51/><W70/><G70/><T33/><D33/><U20/><E20/><V24/><F24/><W90/><G34/><T31/><N who="0" m="7168" /><DORA hai="22" /><T67/><AGARI ba="1,0" hai="54,55,59,63,67" m="7168,19201,48202" machi="67" ten="60,4000,0" yaku="4,1,18,1" doraHai="119,18,22" who="0" fromWho="0" sc="99,43,320,-11,332,-11,249,-21" /><INIT seed="4,0,0,4,1,10" ten="142,309,321,228" oya="0" hai0="121,63,50,53,20,94,39,37,16,112,43,33,89" hai1="4,96,99,64,26,12,80,98,117,67,21,129,46" hai2="57,115,123,92,93,45,119,58,29,103,3,68,5" hai3="74,122,55,40,109,18,91,61,56,32,76,75,90"/><T65/><D121/><U66/><E117/><V78/><F123/><W60/><G109/><T69/><D33/><U133/><E133/><V108/><F108/><W30/><G122/><T48/><D112/><U132/><E132/><V114/><F68/><W52/><G40/><T6/><D6/><U15/><E129/><V128/><F128/><W19/><G32/><T35/><D35/><U104/><E104/><V70/><F70/><W73/><G30/><T83/><D83/><U62/><E4/><V130/><F130/><W25/><G76/><T47/><D50/><U38/><E62/><N who="3" m="24170" /><G25/><T111/><D111/><U23/><E23/><V135/><F29/><W11/><G11/><T126/><D126/><U113/><E113/><V134/><F78/><W120/><G56/><N who="2" m="21609" /><F45/><W110/><G120/><T7/><D7/><U2/><E2/><V44/><F44/><W86/><G86/><T105/><D105/><U1/><E1/><V31/><F31/><W77/><G77/><T14/><REACH who="0" step="1"/><D43/><REACH who="0" ten="132,309,321,228" step="2"/><U95/><E80/><V118/><F5/><W36/><G110/><T0/><D0/><U71/><E95/><N who="2" m="36427" /><F3/><W8/><G73/><T87/><AGARI ba="0,1" hai="14,16,20,37,39,47,48,53,63,65,69,87,89,94" machi="87" ten="20,12000,1" yaku="1,1,0,1,7,1,52,1,54,1,53,0" doraHai="10" doraHaiUra="124" who="0" fromWho="0" sc="132,130,309,-40,321,-40,228,-40" /><INIT seed="4,1,0,2,4,54" ten="262,269,281,188" oya="0" hai0="18,39,99,116,52,2,109,25,33,24,68,64,60" hai1="65,46,118,112,78,105,15,124,11,41,96,87,66" hai2="133,93,120,44,29,26,61,100,27,128,45,127,111" hai3="123,72,55,102,12,1,42,114,108,103,38,86,129"/><T17/><D116/><U132/><E118/><V75/><F111/><W77/><G108/><T104/><D2/><U117/><E117/><V20/><F120/><W34/><G34/><T47/><D109/><U40/><E124/><V121/><F121/><W97/><G1/><T73/><D73/><U84/><E132/><V70/><F75/><W90/><G38/><T59/><D25/><U71/><E112/><V51/><F128/><W57/><G42/><N who="0" m="23007" /><D24/><U32/><E32/><V69/><F45/><W119/><G119/><T16/><D33/><U106/><E41/><V125/><F61/><W89/><G123/><T6/><D6/><U101/><E106/><V21/><F93/><W13/><G114/><T76/><D76/><U81/><E87/><V58/><F58/><W134/><G134/><T92/><D104/><U23/><E23/><V98/><F98/><W53/><G129/><T67/><D67/><U74/><E71/><N who="2" m="27147" /><F100/><W126/><G103/><N who="0" m="60903" /><D18/><U56/><E74/><V115/><F115/><W43/><G77/><T48/><AGARI ba="1,0" hai="16,17,48,52,59,60,64,68" m="60903,23007" machi="48" ten="30,11700,0" yaku="24,1,52,1,54,2" doraHai="54" who="0" fromWho="0" sc="262,120,269,-40,281,-40,188,-40" /><INIT seed="4,2,0,0,4,126" ten="382,229,241,148" oya="0" hai0="50,4,30,41,32,28,1,20,66,79,11,134,113" hai1="75,96,83,118,3,121,51,19,71,36,10,13,24" hai2="34,116,98,100,128,40,81,115,95,90,56,72,21" hai3="73,102,33,18,107,60,67,135,101,58,131,69,123"/><T133/><D79/><U22/><E36/><V77/><F34/><W127/><G73/><T108/><D66/><U80/><E121/><V94/><F115/><W48/><G127/><T92/><D41/><U44/><E118/><V47/><F116/><W65/><G123/><T105/><D105/><U104/><E71/><V53/><F21/><W25/><G135/><N who="0" m="51723" /><D50/><U91/><E75/><V26/><F26/><W124/><G18/><T78/><D92/><U14/><E3/><V76/><F76/><W55/><G102/><T82/><D82/><U45/><E45/><V39/><F128/><W103/><G103/><T46/><D46/><U111/><E111/><V9/><F9/><W57/><G67/><T86/><D86/><U2/><E2/><V16/><F16/><W61/><G124/><T132/><D78/><U37/><E37/><V63/><REACH who="2" step="1"/><F90/><REACH who="2" ten="382,229,231,148" step="2"/><W64/><G25/><N who="0" m="18447" /><D132/><U31/><E91/><V122/><F122/><W119/><G119/><T84/><D113/><U97/><E13/><V93/><AGARI ba="2,1" hai="39,40,47,53,56,63,72,77,81,93,94,95,98,100" machi="93" ten="20,2700,0" yaku="1,1,0,1,7,1,53,0" doraHai="126" doraHaiUra="27" who="2" fromWho="2" sc="382,-15,229,-9,231,43,148,-9" /><INIT seed="5,0,0,0,4,134" ten="367,220,274,139" oya="1" hai0="11,80,42,90,27,105,116,30,32,17,10,4,38" hai1="12,108,26,92,16,45,96,95,48,128,109,133,88" hai2="77,115,127,15,36,73,69,74,39,75,21,23,46" hai3="93,97,47,104,29,52,3,70,24,54,6,31,0"/><U84/><E128/><V41/><F69/><W78/><G70/><T57/><D116/><U91/><E133/><V131/><F131/><W18/><G104/><T37/><D105/><U49/><E26/><V82/><F115/><W40/><G78/><T83/><D42/><U20/><REACH who="1" step="1"/><E49/><REACH who="1" ten="367,210,274,139" step="2"/><V76/><F39/><W112/><G112/><T7/><D38/><U110/><E110/><V129/><F129/><W103/><G31/><T117/><D37/><U44/><E44/><V113/><F113/><W114/><G114/><T101/><D27/><U79/><E79/><V123/><F76/><W107/><G47/><T89/><D30/><U59/><E59/><V14/><F46/><W33/><G40/><AGARI ba="0,1" hai="12,16,20,40,45,48,84,88,91,92,95,96,108,109" machi="40" ten="40,12000,1" yaku="1,1,54,2,53,1" doraHai="134" doraHaiUra="19" who="1" fromWho="3" sc="367,0,210,130,274,0,139,-120" /><INIT seed="5,1,0,4,2,43" ten="367,340,274,19" oya="1" hai0="52,122,80,119,65,10,116,26,27,67,92,36,13" hai1="110,84,69,93,8,48,22,86,51,100,11,112,55" hai2="76,14,124,54,42,96,102,58,94,32,111,82,33" hai3="60,123,17,129,108,40,59,101,34,3,130,113,44"/><U5/><E69/><V91/><F111/><W81/><G3/><T133/><D36/><U135/><E110/><V105/><F124/><W114/><G34/><T2/><D2/><U71/><E71/><V20/><F42/><W39/><G17/><T85/><D122/><U121/><E121/><V131/><F131/><N who="3" m="50187" /><G81/><T118/><D133/><U70/><E70/><V125/><F125/><W132/><G101/><T23/><D92/><U64/><E64/><V99/><F20/><W115/><G123/><T74/><D74/><U31/><E135/><V61/><F14/><W37/><G108/><T109/><D109/><U21/><E112/><N who="3" m="28674" /><W12/><DORA hai="95" /><G12/><T1/><D1/><U57/><E48/><V90/><REACH who="2" step="1"/><F90/><REACH who="2" ten="367,340,264,19" step="2"/><W107/><G132/><T46/><D23/><N who="1" m="8715" /><E31/><V73/><AGARI ba="1,1" hai="32,33,54,58,61,73,76,82,91,94,96,99,102,105" machi="73" ten="20,8000,1" yaku="1,1,0,1,7,1,52,2,53,0" doraHai="43,95" doraHaiUra="15,66" who="2" fromWho="2" sc="367,-21,340,-41,264,93,19,-21" owari="346,15.0,299,-10.0,357,45.0,-2,-50.0" /></mjloggm>