<mjloggm ver="2.3"><GO type="169" lobby="0"/><UN n0="%E3%82%A6%E3%83%AB%E3%83%88%E3%83%A9%E7%AB%8B%E7%9B%B4" n1="%6E%61%63%6F%6D%61%69%69" n2="%75%65%73%68%6F%77" n3="%E3%83%A1%E3%83%AB%E3%82%AB%E3%83%88%E3%83%AB%E3%81%8F%E3%82%93" dan="18,16,16,17" rate="2213.48,2093.46,2118.43,2148.88" sx="M,F,M,M"/><TAIKYOKU oya="0"/><INIT seed="0,0,0,4,5,80" ten="250,250,250,250" oya="0" hai0="133,100,87,27,7,3,103,56,28,18,72,63,93" hai1="112,67,13,85,46,71,12,21,70,98,1,61,36" hai2="134,24,22,118,131,42,88,59,86,90,44,129,79" hai3="97,89,5,49,105,116,96,130,95,113,126,8,123"/><T35/><D72/><U58/><E1/><V109/><F109/><W121/><G116/><T107/><D133/><U108/><E112/><V81/><F118/><W92/><G105/><T39/><D39/><U106/><E108/><V110/><F134/><W55/><G113/><T78/><D107/><U120/><E120/><N who="3" m="46154" /><G130/><N who="2" m="49673" /><F59/><N who="3" m="33263" /><G126/><T60/><D60/><U41/><E98/><N who="3" m="37994" /><G89/><T111/><D111/><U101/><E101/><V57/><F57/><W124/><G124/><T9/><D18/><U34/><E106/><V4/><F4/><W122/><N who="3" m="46162" /><W119/><DORA hai="37" /><G119/><T6/><D6/><U65/><E70/><V82/><F82/><W2/><AGARI ba="0,0" hai="2,5,8,92,95" m="37994,33263,46162" machi="2" ten="40,1500,0" yaku="13,1" doraHai="80,37" who="3" fromWho="3" sc="250,-7,250,-4,250,-4,250,15" /><INIT seed="1,0,0,1,0,122" ten="243,246,246,265" oya="1" hai0="127,14,118,123,68,2,76,49,78,20,116,97,16" hai1="41,66,72,30,61,91,77,13,111,0,10,99,39" hai2="26,117,70,21,28,17,132,96,134,87,50,73,110" hai3="23,55,18,6,133,40,57,38,94,67,120,83,65"/><U107/><E0/><V4/><F73/><W86/><G120/><T90/><D123/><U115/><E115/><V112/><F70/><W5/><G133/><N who="2" m="51305" /><F117/><W29/><G29/><T75/><D68/><U128/><E30/><V44/><F96/><W119/><G119/><T69/><D69/><U24/><E128/><V85/><F4/><N who="3" m="1643" /><G94/><T131/><D2/><U63/><E24/><N who="2" m="14383" /><F110/><W62/><G40/><T60/><D75/><U93/><E66/><V80/><F80/><W1/><G38/><T79/><D131/><U101/><E41/><N who="2" m="24847" /><F112/><W135/><G1/><T88/><D118/><U42/><E42/><V100/><F100/><W34/><G34/><AGARI ba="0,0" hai="26,28,34,85,87" m="24847,14383,51305" machi="34" ten="30,1000,0" yaku="20,1" doraHai="122" who="2" fromWho="3" sc="243,0,246,0,246,10,265,-10" /><INIT seed="2,0,0,3,3,14" ten="243,246,256,255" oya="2" hai0="121,4,68,34,8,48,79,38,93,80,64,61,84" hai1="9,117,56,10,28,62,126,103,96,71,32,104,102" hai2="115,1,67,50,40,39,110,18,92,95,106,35,5" hai3="24,16,27,54,21,13,43,88,129,87,134,59,74"/><V86/><F39/><W36/><G74/><T124/><D121/><U51/><E126/><V97/><F35/><W76/><G129/><T55/><D34/><U127/><E103/><V85/><F106/><W114/><G134/><T91/><D38/><U83/><E117/><V73/><F73/><W7/><G114/><T75/><D124/><U30/><E127/><V133/><F1/><W78/><G43/><T60/><D64/><U53/><E83/><V17/><F115/><W82/><G36/><T70/><D70/><U123/><E28/><V131/><F5/><W122/><G122/><T6/><D6/><U130/><E130/><V12/><F131/><W81/><G7/><T63/><D68/><U44/><E123/><V77/><F110/><W108/><G108/><T31/><D31/><U52/><REACH who="1" step="1"/><E71/><REACH who="1" ten="243,236,256,255" step="2"/><V45/><F133/><W128/><G128/><T99/><D75/><U42/><E42/><V90/><F77/><N who="3" m="29803" /><G81/><T107/><D107/><U22/><E22/><N who="2" m="11559" /><F67/><W15/><G27/><AGARI ba="0,1" hai="9,10,27,30,32,44,51,52,53,56,62,96,102,104" machi="27" ten="40,5200,0" yaku="1,1,54,1,53,1" doraHai="14" doraHaiUra="46" who="1" fromWho="3" sc="243,0,236,62,256,0,255,-52" /><INIT seed="3,0,0,2,3,97" ten="243,298,256,203" oya="3" hai0="57,86,127,8,54,106,110,100,73,56,45,38,7" hai1="5,111,53,80,79,63,74,6,64,22,35,50,72" hai2="28,10,92,1,61,31,13,81,130,36,76,65,87" hai3="108,19,128,20,91,99,66,95,134,126,26,125,84"/><W60/><G128/><T32/><D73/><U113/><E35/><V90/><F36/><W51/><G134/><T47/><D32/><U3/><E113/><V131/><F1/><W40/><G108/><T89/><D110/><U105/><E105/><V102/><F131/><W117/><G117/><T59/><D127/><U115/><E111/><V14/><F14/><W122/><G122/><T70/><D70/><U85/><E3/><V68/><F130/><W120/><G120/><T114/><D114/><U44/><E72/><V98/><REACH who="2" step="1"/><F76/><REACH who="2" ten="243,298,246,203" step="2"/><W96/><G126/><T93/><D38/><U123/><E115/><V43/><F43/><W103/><G125/><T69/><D54/><U71/><E123/><V12/><F12/><W104/><G40/><T112/><D112/><U16/><E74/><V121/><F121/><W39/><G39/><T30/><D7/><AGARI ba="0,1" hai="7,10,13,28,31,61,65,68,81,87,90,92,98,102" machi="7" ten="30,7700,0" yaku="1,1,7,1,52,1,53,1" doraHai="97" doraHaiUra="11" who="2" fromWho="0" sc="243,-77,298,0,246,87,203,0" /><INIT seed="4,0,0,4,2,84" ten="166,298,333,203" oya="0" hai0="60,108,36,113,32,12,47,31,115,124,30,81,128" hai1="110,75,70,56,3,69,132,74,5,24,15,10,73" hai2="64,20,40,62,118,89,103,109,112,23,33,93,99" hai3="111,63,46,55,41,43,18,19,120,86,134,119,83"/><T135/><D124/><U17/><E110/><V25/><F109/><W131/><G111/><T96/><D108/><U14/><E132/><V100/><F33/><W38/><G119/><T92/><D135/><U22/><E14/><V50/><F112/><N who="0" m="43082" /><D128/><U95/><E56/><N who="2" m="36935" /><F118/><W42/><G134/><T58/><D81/><U126/><E126/><V13/><F13/><W82/><G131/><T44/><D12/><U77/><E77/><V105/><F105/><W51/><G120/><T72/><D72/><U21/><REACH who="1" step="1"/><E95/><REACH who="1" ten="166,288,333,203" step="2"/><V7/><F7/><W9/><G9/><T122/><D122/><U54/><E54/><V29/><F20/><W67/><G38/><T16/><D32/><U101/><E101/><V27/><F27/><W76/><REACH who="3" step="1"/><G83/><REACH who="3" ten="166,288,333,193" step="2"/><T4/><D36/><U104/><E104/><V1/><F1/><W127/><G127/><T98/><D4/><U68/><E68/><AGARI ba="0,2" hai="18,19,41,42,43,46,51,55,63,67,68,76,82,86" machi="68" ten="40,2600,0" yaku="1,1,53,1" doraHai="84" doraHaiUra="61" who="3" fromWho="1" sc="166,0,288,-26,333,0,193,46" /><INIT seed="5,0,0,5,5,63" ten="166,262,333,239" oya="1" hai0="25,74,11,82,12,77,104,1,23,120,81,10,6" hai1="9,97,33,31,56,39,76,118,58,84,132,91,135" hai2="102,30,80,26,101,103,86,45,127,57,38,51,41" hai3="79,21,125,130,3,22,73,2,44,36,109,128,110"/><U100/><E76/><V17/><F127/><W93/><G93/><T90/><D104/><U119/><E39/><V85/><F17/><W19/><G73/><T59/><D120/><U46/><E46/><V62/><F38/><W37/><G79/><T112/><D112/><U124/><E124/><V78/><F85/><W27/><G125/><T20/><D25/><U121/><E31/><V89/><F89/><W54/><G44/><T94/><D82/><N who="1" m="49559" /><E9/><V114/><F114/><W69/><G69/><T13/><D59/><N who="1" m="22571" /><E33/><V117/><F117/><W96/><G54/><T123/><D123/><U15/><E15/><V4/><F4/><W116/><G116/><T43/><D43/><U126/><E126/><V107/><F107/><W122/><G122/><T68/><D68/><U61/><E61/><V92/><F92/><W108/><G37/><T32/><D32/><U75/><E75/><V52/><REACH who="2" step="1"/><F102/><REACH who="2" ten="166,262,323,239" step="2"/><W65/><G36/><T111/><D111/><U67/><E121/><V40/><F40/><W14/><G96/><T60/><D1/><U70/><E119/><V95/><F95/><W88/><G88/><T5/><REACH who="0" step="1"/><D60/><REACH who="0" ten="156,262,323,239" step="2"/><N who="1" m="40295" /><E118/><V55/><F55/><W71/><G2/><T16/><D16/><U131/><E131/><V64/><F64/><W8/><G65/><T105/><D105/><U29/><E29/><V98/><F98/><AGARI ba="0,2" hai="5,6,10,11,12,13,20,23,74,77,81,90,94,98" machi="98" ten="30,3900,0" yaku="1,1,7,1,9,1,53,0" doraHai="63" doraHaiUra="28" who="0" fromWho="2" sc="156,59,262,0,323,-39,239,0" /><INIT seed="6,0,0,4,2,22" ten="215,262,284,239" oya="2" hai0="117,104,135,76,35,55,126,84,1,12,11,25,106" hai1="45,78,100,2,14,68,43,70,85,118,48,128,91" hai2="8,125,16,99,44,73,97,15,46,59,134,7,26" hai3="119,83,86,64,105,127,30,114,32,38,123,47,49"/><V108/><F73/><W80/><G119/><T94/><D1/><U111/><E111/><V66/><F134/><W21/><G123/><T116/><D135/><U89/><E118/><V28/><F125/><W69/><G38/><T88/><D126/><U34/><E34/><V60/><F108/><W96/><G127/><T41/><D117/><U37/><E2/><V65/><F65/><W82/><G21/><T129/><D116/><U102/><E37/><V40/><F7/><W130/><G130/><T61/><D129/><U67/><E70/><V77/><F77/><W53/><G114/><T5/><D41/><U29/><E29/><V101/><F40/><W17/><G17/><T39/><D39/><U113/><E68/><V51/><F51/><W79/><G64/><T74/><D74/><U13/><E67/><V4/><F4/><W81/><G69/><T54/><D76/><U27/><E91/><V121/><F121/><W23/><G32/><T62/><D106/><U103/><E78/><V132/><F132/><W122/><G122/><T72/><D104/><U19/><E113/><V0/><F0/><W107/><REACH who="3" step="1"/><G96/><REACH who="3" ten="215,262,284,229" step="2"/><T3/><D35/><U110/><E128/><V52/><F66/><W90/><G90/><T75/><D88/><U98/><E98/><N who="2" m="37387" /><F101/><W31/><G31/><T24/><D5/><U36/><E36/><V33/><F33/><W131/><G131/><T71/><D71/><U112/><E112/><V58/><F28/><W92/><G92/><T9/><D94/><N who="1" m="54575" /><E110/><V115/><F115/><W93/><G93/><T120/><D120/><U50/><E103/><RYUUKYOKU ba="0,1" sc="215,-10,262,-10,284,-10,229,30" hai3="23,30,47,49,53,79,80,81,82,83,86,105,107" /><INIT seed="7,1,1,1,0,87" ten="205,252,274,259" oya="3" hai0="53,61,59,100,80,83,7,84,29,43,99,11,31" hai1="129,106,37,78,25,133,10,81,27,113,112,5,72" hai2="98,66,124,18,65,79,39,38,19,0,42,2,60" hai3="108,26,17,93,56,73,50,20,85,49,95,55,110"/><W76/><G73/><T3/><D43/><U118/><E37/><V94/><F79/><W40/><G76/><T14/><D3/><U35/><E106/><V131/><F131/><W54/><G40/><T125/><D125/><U44/><E129/><V71/><F66/><W107/><G107/><T16/><D7/><U70/><E70/><V92/><F92/><W115/><G115/><N who="1" m="44106" /><E133/><V21/><F19/><W75/><G75/><T104/><REACH who="0" step="1"/><D83/><REACH who="0" ten="195,252,274,259" step="2"/><U6/><E5/><V101/><F124/><W96/><G85/><T116/><D116/><U117/><E44/><V33/><F42/><W91/><REACH who="3" step="1"/><G95/><REACH who="3" ten="195,252,274,249" step="2"/><T58/><D58/><AGARI ba="1,3" hai="17,20,26,49,50,54,55,56,58,91,93,96,108,110" machi="58" ten="40,12000,1" yaku="1,1,2,1,9,1,52,1,53,1" doraHai="87" doraHaiUra="13" who="3" fromWho="0" sc="195,-123,252,0,274,0,249,153" owari="72,-43.0,252,-15.0,274,7.0,402,51.0" /></mjloggm>