<mjloggm ver="2.3"><GO type="169" lobby="0"/><UN n0="%E3%81%92%E3%81%A3%E3%81%A1" n1="%E3%82%A6%E3%83%AB%E3%83%88%E3%83%A9%E7%AB%8B%E7%9B%B4" n2="%E4%B8%AD%E5%A0%85%EF%BC%A0%E3%83%8F%E3%83%BC%E3%83%99%E3%82%B9%E3%83%88" n3="%E6%9D%BE%E5%B1%8B%E3%81%8A%E3%81%98%E3%81%95%E3%82%93" dan="16,17,16,16" rate="2128.55,2200.11,2126.45,2084.23" sx="M,M,F,M"/><TAIKYOKU oya="0"/><INIT seed="0,0,0,0,5,22" ten="250,250,250,250" oya="0" hai0="110,53,52,71,35,65,93,77,131,97,114,3,69" hai1="123,112,67,5,40,85,2,43,80,94,59,91,78" hai2="19,47,6,10,39,82,56,23,104,133,25,31,28" hai3="64,111,83,126,129,66,134,30,120,107,26,51,34"/><T48/><D114/><U132/><E123/><V37/><F104/><W116/><G116/><T84/><D3/><U88/><E112/><V113/><F113/><W100/><G111/><T115/><D115/><U27/><E132/><V57/><F133/><W58/><G134/><T106/><D106/><U125/><E125/><V119/><F119/><W135/><G135/><T70/><D131/><U102/><E102/><V96/><F96/><W12/><G126/><T15/><D110/><U87/><E5/><V103/><F103/><W121/><G129/><T98/><D65/><U42/><E2/><V76/><F39/><W4/><G83/><T128/><D128/><U33/><E33/><V32/><F31/><W1/><G1/><T7/><D35/><U108/><E108/><V124/><F124/><W90/><G90/><T54/><D48/><U55/><E67/><V105/><F105/><W122/><G12/><T62/><D62/><U81/><E27/><V45/><F45/><W130/><G4/><T101/><D97/><U73/><REACH who="1" step="1"/><E40/><REACH who="1" ten="250,240,250,250" step="2"/><V109/><F109/><W36/><G130/><T24/><D24/><U72/><E72/><V86/><F6/><W11/><G66/><T41/><D41/><U21/><E21/><V68/><F32/><W44/><G64/><T29/><D7/><U117/><E117/><V18/><F10/><W16/><G120/><T49/><D101/><U75/><E75/><V13/><F13/><N who="3" m="7231" /><G100/><T0/><D69/><U99/><E99/><V20/><F68/><W38/><G107/><T14/><D70/><U95/><E95/><V17/><F23/><RYUUKYOKU ba="0,1" sc="250,-15,240,15,250,15,250,-15" hai1="42,43,55,59,73,78,80,81,85,87,88,91,94" hai2="17,18,19,20,25,28,37,47,56,57,76,82,86" /><INIT seed="1,1,1,1,1,70" ten="235,255,265,235" oya="1" hai0="71,1,49,56,13,81,75,89,27,67,62,102,40" hai1="11,87,116,96,131,93,4,17,6,60,55,46,77" hai2="123,135,2,119,31,80,82,50,115,105,10,22,94" hai3="84,44,38,26,118,25,36,23,130,91,52,88,114"/><U14/><E116/><V112/><F105/><W63/><G114/><T59/><D1/><U34/><E34/><V47/><F123/><W95/><G118/><T43/><D102/><U113/><E113/><N who="2" m="43595" /><F119/><W110/><G110/><T0/><D0/><U54/><E131/><V121/><F121/><W101/><G101/><T41/><D49/><N who="1" m="28983" /><E87/><V28/><F135/><W42/><G130/><T79/><D89/><N who="1" m="55343" /><E77/><V51/><F51/><W78/><G78/><T12/><D27/><U3/><E3/><V134/><F134/><W106/><G106/><T111/><REACH who="0" step="1"/><D111/><REACH who="0" ten="225,255,265,235" step="2"/><U39/><E39/><V74/><F50/><W15/><G36/><T117/><D117/><U8/><E8/><V35/><F10/><W65/><G91/><T99/><D99/><U61/><E61/><V132/><F2/><W100/><G100/><T66/><D66/><U64/><E64/><V85/><F132/><W58/><REACH who="3" step="1"/><G65/><REACH who="3" ten="225,255,265,225" step="2"/><T127/><D127/><U5/><E60/><V32/><F47/><W133/><G133/><T73/><D73/><U126/><E126/><V9/><F74/><W125/><G125/><T124/><D124/><U120/><E120/><V69/><F69/><W7/><G7/><T45/><D45/><U37/><E37/><V107/><F107/><W122/><G122/><T19/><D19/><AGARI ba="1,3" hai="15,19,23,25,26,38,42,44,52,58,63,84,88,95" machi="19" ten="40,8000,1" yaku="1,1,52,1,54,2,53,0" doraHai="70" doraHaiUra="92" who="3" fromWho="0" sc="225,-83,255,0,265,0,225,113" /><INIT seed="2,0,0,2,2,93" ten="142,255,265,338" oya="2" hai0="75,115,28,92,27,94,120,80,116,82,73,40,71" hai1="89,36,126,31,15,118,49,50,131,104,134,67,125" hai2="122,107,29,23,35,42,53,123,91,97,30,113,25" hai3="117,96,68,64,72,41,85,38,63,98,54,16,100"/><V39/><F113/><W45/><G72/><T102/><D71/><U133/><E31/><V90/><F53/><W132/><G117/><T70/><D70/><U111/><E104/><V114/><F114/><W6/><G6/><T11/><D115/><U3/><E3/><V0/><F0/><W52/><G132/><T66/><D66/><U106/><E106/><V86/><F30/><W76/><G100/><T18/><D116/><U128/><E118/><V51/><F39/><W62/><G16/><T79/><D40/><U26/><E89/><V60/><F60/><W83/><REACH who="3" step="1"/><G54/><REACH who="3" ten="142,255,265,328" step="2"/><T46/><D102/><U21/><E67/><V34/><F123/><W87/><G87/><T61/><D18/><U33/><E134/><V77/><F122/><W129/><G129/><T69/><D75/><U58/><E133/><V78/><F35/><W17/><G17/><T37/><D73/><U74/><E33/><V127/><F34/><W103/><G103/><T109/><D120/><U43/><E74/><V84/><F107/><W24/><G24/><T121/><D27/><U12/><E26/><V112/><F112/><W32/><G32/><T48/><D121/><U47/><E131/><V124/><F86/><W2/><G2/><T14/><D28/><U56/><E128/><V8/><F84/><W5/><G5/><T110/><D11/><U101/><E101/><V59/><F8/><W44/><G44/><T10/><D46/><U105/><E47/><V88/><F29/><W9/><G9/><T135/><D10/><U1/><E105/><V108/><F25/><W119/><G119/><RYUUKYOKU ba="0,1" sc="142,-10,255,-10,265,-10,328,30" hai3="38,41,45,52,62,63,64,68,76,83,85,96,98" /><INIT seed="3,1,1,5,5,19" ten="132,245,255,358" oya="3" hai0="58,27,37,132,23,100,90,82,122,60,88,108,128" hai1="97,25,115,2,12,65,11,22,91,67,17,38,121" hai2="55,94,110,72,46,35,85,89,96,73,31,93,64" hai3="34,8,5,102,80,26,98,120,69,33,87,59,7"/><W74/><G74/><T111/><D122/><U135/><E115/><V50/><F110/><N who="0" m="42026" /><D132/><U118/><E121/><V107/><F107/><W131/><G69/><T77/><D37/><U21/><E38/><V30/><F64/><N who="1" m="24649" /><E2/><V119/><F119/><W32/><G131/><T52/><D100/><U3/><E3/><V114/><F114/><W83/><G59/><T78/><D128/><U15/><E135/><V70/><F70/><W81/><G120/><T113/><D113/><U49/><E49/><V4/><F4/><W95/><G26/><T125/><D125/><U76/><E76/><N who="0" m="29289" /><D82/><U47/><E47/><V48/><F48/><W99/><G87/><T112/><D112/><U63/><E63/><V133/><F133/><W29/><G102/><T68/><D68/><U44/><E44/><V105/><F105/><W129/><G81/><T24/><D24/><U18/><E118/><V40/><F40/><W28/><G83/><T130/><D130/><U61/><E61/><V92/><F92/><W54/><G95/><T36/><D36/><U86/><E97/><V51/><F51/><W53/><G129/><T62/><D62/><U10/><E25/><V14/><F14/><W79/><G79/><T16/><AGARI ba="1,1" hai="16,23,27,52,58,60,88,90" m="29289,42026" machi="16" ten="30,8000,1" yaku="14,1,52,1,54,3" doraHai="19" who="0" fromWho="0" sc="132,93,245,-21,255,-21,358,-41" /><INIT seed="4,0,0,3,0,133" ten="225,224,234,317" oya="0" hai0="99,40,49,113,132,20,120,67,38,29,17,2,61" hai1="1,56,98,108,129,74,109,101,50,124,88,28,104" hai2="19,95,79,60,43,103,122,72,76,46,107,5,116" hai3="39,9,121,54,14,77,105,96,127,75,114,27,8"/><T7/><D120/><U47/><E1/><V91/><F122/><W89/><G121/><T11/><D132/><U10/><E129/><V94/><F116/><W73/><G39/><T90/><D38/><U125/><E28/><V115/><F115/><W0/><G0/><T21/><D29/><U24/><E24/><V86/><F5/><W35/><G8/><T58/><D113/><U33/><E33/><V131/><F131/><W119/><G119/><T92/><REACH who="0" step="1"/><D17/><REACH who="0" ten="215,224,234,317" step="2"/><U13/><E109/><V6/><F19/><W53/><G114/><T135/><D135/><U85/><E108/><V16/><F16/><W118/><G118/><T71/><D71/><U51/><E74/><V63/><F72/><W65/><G73/><T110/><D110/><U111/><E111/><V83/><F6/><W102/><G75/><T126/><D126/><N who="1" m="48747" /><E56/><V4/><F4/><W37/><G37/><T84/><D84/><U62/><E47/><AGARI ba="0,1" hai="2,7,11,20,21,40,47,49,58,61,67,90,92,99" machi="47" ten="40,2000,0" yaku="1,1,53,0" doraHai="133" doraHaiUra="30" who="0" fromWho="1" sc="215,30,224,-20,234,0,317,0" /><INIT seed="4,1,0,5,1,0" ten="245,204,234,317" oya="0" hai0="11,120,41,101,108,55,36,95,133,113,8,109,106" hai1="90,19,61,132,48,81,21,50,40,24,126,12,32" hai2="69,123,23,68,77,65,75,13,82,15,51,72,96" hai3="118,103,78,112,114,97,67,33,59,74,58,3,6"/><T57/><D120/><U88/><E132/><V84/><F123/><W44/><G33/><T89/><D133/><U63/><E126/><V66/><F51/><N who="1" m="19497" /><E32/><V26/><F96/><W99/><G99/><T5/><D101/><U9/><E40/><V18/><F66/><W91/><G91/><N who="1" m="34858" /><E81/><V134/><F134/><W110/><G44/><T135/><D106/><U86/><E86/><V94/><F94/><W10/><G110/><T92/><D135/><U85/><E85/><V105/><F105/><W76/><G118/><T125/><D125/><U60/><E60/><V35/><F15/><W46/><G46/><T93/><D89/><U37/><E37/><V1/><F1/><W7/><G3/><T31/><D41/><U30/><AGARI ba="1,0" hai="9,12,19,21,24,30,61,63" m="34858,19497" machi="30" ten="30,2000,0" yaku="8,1,54,1" doraHai="0" who="1" fromWho="1" sc="245,-11,204,23,234,-6,317,-6" /><INIT seed="5,0,0,1,1,65" ten="234,227,228,311" oya="1" hai0="24,60,29,88,75,87,89,130,1,83,96,70,94" hai1="17,113,58,122,119,7,52,82,51,73,134,47,62" hai2="111,28,133,50,45,41,14,125,11,118,100,74,123" hai3="126,64,105,69,23,27,72,55,76,39,19,78,63"/><U108/><E122/><V21/><F123/><W2/><G2/><T91/><D130/><U22/><E119/><V90/><F111/><W103/><G39/><T117/><D117/><U54/><E108/><V16/><F74/><W71/><G71/><T8/><D75/><U5/><E113/><V9/><F118/><W20/><G72/><T79/><D1/><U86/><E73/><V66/><F133/><W109/><G109/><T84/><D96/><U34/><E34/><V102/><F125/><W68/><G68/><T106/><D8/><U59/><E47/><V46/><F66/><W4/><G4/><T135/><D106/><U99/><E99/><V107/><F107/><W13/><G126/><T132/><D60/><U15/><REACH who="1" step="1"/><E134/><REACH who="1" ten="234,217,228,311" step="2"/><N who="0" m="51241" /><D70/><U121/><E121/><V44/><F44/><W25/><G69/><T33/><AGARI ba="0,1" hai="24,29,33,79,83,84,87,88,89,91,94" m="51241" machi="33" ten="30,2000,0" yaku="20,1,54,1" doraHai="65" who="0" fromWho="0" sc="234,30,217,-10,228,-5,311,-5" /><INIT seed="6,0,0,1,5,131" ten="264,207,223,306" oya="2" hai0="6,121,106,23,84,86,38,78,71,1,5,44,93" hai1="4,9,63,72,51,29,95,20,85,92,65,68,118" hai2="133,2,123,14,37,49,73,128,62,27,22,94,87" hai3="100,69,101,42,52,45,115,12,80,10,75,105,99"/><V125/><F123/><W81/><G69/><T127/><D106/><U24/><E72/><V16/><F128/><W76/><G101/><T89/><D121/><U7/><E118/><V15/><F73/><W31/><G81/><T3/><D71/><U48/><E7/><V64/><F37/><W122/><G122/><T113/><D113/><U97/><E85/><V111/><F2/><W110/><G110/><T35/><D35/><U134/><E134/><V124/><F111/><W104/><G31/><T11/><D127/><N who="2" m="48714" /><F49/><W83/><G83/><T8/><D23/><U46/><E46/><V36/><F36/><W26/><G26/><T58/><D58/><U28/><E28/><V103/><F133/><W120/><G120/><T60/><D60/><U79/><E79/><V57/><F87/><W33/><G115/><T56/><D56/><U47/><E47/><V55/><F64/><W130/><G130/><T43/><D78/><U30/><E30/><V19/><F19/><W67/><G67/><T13/><D84/><U126/><E126/><V107/><F107/><W40/><G105/><T0/><AGARI ba="0,0" hai="0,1,3,5,6,8,11,13,38,43,44,86,89,93" machi="0" ten="20,1500,0" yaku="0,1,7,1" doraHai="131" who="0" fromWho="0" sc="264,15,207,-4,223,-7,306,-4" /><INIT seed="7,0,0,4,2,126" ten="279,203,216,302" oya="3" hai0="117,6,58,107,95,60,3,8,123,56,61,72,31" hai1="94,89,17,81,132,5,106,11,78,120,69,97,121" hai2="114,43,68,127,50,29,62,28,18,22,111,1,67" hai3="14,88,39,70,75,133,4,59,119,52,90,125,83"/><W20/><G70/><T76/><D107/><U27/><E69/><V32/><F111/><W66/><G66/><T33/><D117/><U109/><E109/><V82/><F1/><W112/><G39/><T64/><D123/><U129/><E132/><V9/><F127/><W118/><G125/><T16/><D31/><U73/><E129/><V84/><F114/><W65/><G65/><T54/><D33/><U12/><E106/><V53/><F43/><W79/><G112/><T49/><D95/><U77/><E77/><V113/><F32/><W85/><G133/><T34/><D34/><U13/><REACH who="1" step="1"/><E27/><REACH who="1" ten="279,193,216,302" step="2"/><V92/><F113/><W24/><G24/><T38/><D76/><U19/><E19/><V46/><F92/><W96/><G79/><T74/><D16/><U35/><E35/><V21/><F21/><AGARI ba="0,1" hai="5,11,12,13,17,21,73,78,81,89,94,97,120,121" machi="21" ten="30,2000,0" yaku="1,1,7,1,53,0" doraHai="126" doraHaiUra="108" who="1" fromWho="2" sc="279,0,193,30,216,-20,302,0" owari="279,8.0,223,-18.0,196,-30.0,302,40.0" /></mjloggm>