<mjloggm ver="2.3"><GO type="169" lobby="0"/><UN n0="%E7%88%BD%E6%B5%B7" n1="%E5%B0%B1%E6%B4%BB%E7%94%9F%40%E5%B7%9D%E6%9D%91%E8%BB%8D%E5%9B%A3" n2="%70%63%63%61%62%63" n3="%E3%81%8D%E3%81%BE%E3%81%99" dan="16,17,16,17" rate="2081.09,2191.56,2104.29,2194.78" sx="F,M,M,M"/><TAIKYOKU oya="0"/><INIT seed="0,0,0,3,5,72" ten="250,250,250,250" oya="0" hai0="129,29,31,59,14,35,114,55,61,87,54,133,106" hai1="98,25,0,37,39,126,65,8,32,86,33,82,112" hai2="3,19,5,110,100,108,99,2,97,71,10,20,27" hai3="135,1,121,128,60,92,42,34,15,109,36,127,101"/><T11/><D114/><U9/><E126/><V7/><F71/><W96/><G127/><T132/><D106/><U46/><E112/><V67/><F67/><W57/><G1/><T50/><D129/><U115/><E115/><V66/><F66/><W41/><G34/><T38/><D38/><U113/><E65/><V64/><F64/><W30/><G121/><T83/><D35/><U93/><E113/><V130/><F130/><W107/><G128/><T58/><D133/><U13/><E0/><N who="2" m="295" /><F99/><W125/><G125/><T88/><REACH who="0" step="1"/><D132/><REACH who="0" ten="240,250,250,250" step="2"/><U102/><E33/><V44/><F110/><W21/><G109/><T6/><AGARI ba="0,1" hai="6,11,14,29,31,50,54,55,58,59,61,83,87,88" machi="6" ten="20,18000,2" yaku="1,1,2,1,0,1,7,1,8,1,54,1,53,0" doraHai="72" doraHaiUra="91" who="0" fromWho="0" sc="240,190,250,-60,250,-60,250,-60" /><INIT seed="0,1,0,1,5,14" ten="430,190,190,190" oya="0" hai0="60,76,46,103,41,50,98,116,135,12,2,119,107" hai1="26,11,97,24,34,79,83,1,47,52,37,55,29" hai2="86,123,122,93,32,109,43,49,99,90,105,134,70" hai3="72,19,91,0,10,73,88,38,133,94,45,75,131"/><T17/><D2/><U9/><E26/><V111/><F70/><W57/><G131/><T125/><D125/><U117/><E117/><V13/><F32/><W114/><G114/><T84/><D135/><U74/><E97/><V68/><F68/><W124/><G124/><T4/><D4/><U130/><E130/><V27/><F27/><W108/><G108/><N who="2" m="41545" /><F43/><W23/><G133/><T87/><D60/><U102/><E102/><N who="2" m="62687" /><F49/><W118/><G118/><T120/><D120/><N who="2" m="46122" /><F13/><W64/><G0/><T18/><D119/><U21/><E21/><V8/><F8/><W16/><G38/><T25/><D116/><U67/><E67/><V31/><F31/><W51/><G64/><T42/><D42/><N who="1" m="22991" /><E11/><V80/><F80/><W106/><G57/><T115/><D25/><U59/><E59/><V15/><F15/><W77/><G10/><T6/><D12/><U7/><AGARI ba="1,0" hai="1,7,9,24,29,34,52,55,74,79,83" m="22991" machi="7" ten="30,2000,0" yaku="25,1,54,1" doraHai="14" who="1" fromWho="1" sc="430,-11,190,23,190,-6,190,-6" /><INIT seed="1,0,0,2,2,44" ten="419,213,184,184" oya="1" hai0="115,37,52,71,89,93,95,126,97,82,54,68,96" hai1="8,47,35,83,100,55,23,111,25,36,91,72,15" hai2="26,21,109,63,46,53,41,42,120,134,80,108,130" hai3="45,94,0,7,67,61,3,124,129,90,117,133,17"/><U60/><E35/><V12/><F120/><W98/><G124/><T135/><D115/><U112/><E112/><V87/><F130/><W9/><G133/><T113/><D113/><U105/><E36/><V32/><F134/><W40/><G129/><T22/><D135/><U102/><E111/><V77/><F32/><W38/><G117/><T70/><D126/><U27/><E105/><V122/><F122/><W34/><G34/><T131/><D131/><U114/><E114/><V50/><F12/><W39/><G38/><T14/><D82/><U59/><E47/><V103/><F103/><W85/><G17/><T104/><D104/><U28/><E25/><V73/><F73/><W101/><G3/><T106/><D106/><U2/><E2/><V19/><REACH who="2" step="1"/><F63/><REACH who="2" ten="419,213,174,184" step="2"/><W57/><G101/><T16/><D14/><U5/><E72/><V116/><F116/><W118/><G118/><T78/><D70/><U74/><E74/><V64/><F64/><W1/><G0/><T79/><D68/><U43/><E43/><AGARI ba="0,1" hai="19,21,26,41,42,43,46,50,53,77,80,87,108,109" machi="43" ten="40,2600,0" yaku="1,1,52,1,53,0" doraHai="44" doraHaiUra="132" who="2" fromWho="1" sc="419,0,213,-26,174,36,184,0" /><INIT seed="2,0,0,5,5,82" ten="419,187,210,184" oya="2" hai0="92,12,53,39,114,122,55,51,48,66,71,116,133" hai1="29,17,27,117,15,38,50,130,112,128,85,80,16" hai2="78,35,132,1,60,118,59,25,54,26,9,79,73" hai3="28,124,69,90,99,103,121,31,32,131,129,41,125"/><V45/><F118/><W102/><G69/><T87/><D116/><U88/><E38/><V11/><F73/><W72/><G41/><T120/><D39/><U40/><E117/><V135/><F35/><W97/><G72/><T111/><D114/><U70/><E70/><V13/><F1/><W115/><G32/><T134/><D111/><U61/><E112/><V126/><F126/><N who="3" m="48747" /><G115/><T37/><D37/><U123/><E61/><V5/><F45/><W93/><G121/><N who="0" m="46699" /><D87/><U101/><E101/><N who="3" m="38410" /><G31/><T127/><D92/><U91/><E91/><V36/><F36/><W7/><G7/><T83/><D83/><U18/><E123/><V42/><F42/><W77/><G28/><T107/><D12/><U96/><E96/><N who="3" m="36938" /><G77/><T119/><D119/><U21/><REACH who="1" step="1"/><E15/><REACH who="1" ten="419,177,210,184" step="2"/><V2/><F78/><W76/><G76/><T100/><D71/><U67/><E67/><V56/><F79/><W0/><G0/><T64/><D66/><U24/><E24/><V65/><F26/><W46/><G46/><AGARI ba="0,1" hai="16,17,18,21,27,29,40,46,50,80,85,88,128,130" machi="46" ten="40,8000,1" yaku="1,1,52,1,54,2,53,0" doraHai="82" doraHaiUra="89" who="1" fromWho="3" sc="419,0,177,90,210,0,184,-80" /><INIT seed="3,0,0,2,1,20" ten="419,267,210,104" oya="3" hai0="118,65,68,87,38,99,78,11,90,29,94,63,1" hai1="21,27,54,106,19,84,135,24,67,122,91,112,14" hai2="71,104,114,12,62,10,44,129,127,97,79,60,58" hai3="51,117,23,2,33,85,80,7,131,66,128,123,72"/><W133/><G33/><T52/><D118/><U49/><E112/><V134/><F114/><W56/><G72/><T95/><D38/><U73/><E73/><V46/><F129/><N who="3" m="49739" /><G117/><T13/><D1/><U6/><E106/><V108/><F108/><W50/><G123/><T107/><D107/><U76/><E122/><V119/><F119/><W101/><G101/><T59/><D29/><U109/><E109/><V16/><F134/><W4/><G133/><T105/><D105/><U35/><E35/><V100/><F127/><W9/><G7/><N who="0" m="3327" /><D68/><U0/><E76/><V125/><F125/><W74/><G23/><T55/><D78/><U28/><E135/><V36/><F36/><W113/><G74/><T77/><D77/><U96/><E96/><V57/><F79/><N who="3" m="46239" /><G113/><T8/><D8/><N who="1" m="4375" /><E67/><V93/><F104/><W22/><G22/><T115/><D115/><U34/><E0/><V102/><F102/><AGARI ba="0,0" hai="52,55,59,63,65,87,90,94,95,99,102" m="3327" machi="102" ten="30,2000,0" yaku="8,1,54,1" doraHai="20" who="0" fromWho="2" sc="419,20,267,0,210,-20,104,0" /><INIT seed="4,0,0,4,2,24" ten="439,267,190,104" oya="0" hai0="127,35,105,89,78,63,60,114,77,83,37,108,101" hai1="17,81,5,122,1,92,135,130,66,11,65,62,41" hai2="12,46,29,102,104,126,70,84,72,80,133,50,20" hai3="71,57,14,107,112,131,25,59,28,95,47,38,111"/><T21/><D35/><U97/><E122/><V121/><F121/><W22/><G111/><T134/><D108/><U75/><E130/><V15/><F133/><W56/><G107/><T51/><D134/><U67/><E135/><V32/><F32/><W23/><G71/><T118/><D118/><U100/><E41/><V79/><F70/><W9/><G131/><T0/><D37/><U120/><E120/><V64/><F64/><W53/><G112/><T58/><D114/><U93/><E93/><V16/><F126/><W87/><G23/><T110/><D110/><U34/><E34/><V52/><F104/><W132/><G132/><T48/><D0/><U90/><E17/><V82/><F102/><W129/><G129/><T61/><D58/><U45/><E45/><V117/><F117/><W91/><G47/><T8/><D8/><U103/><E103/><V76/><REACH who="2" step="1"/><F29/><REACH who="2" ten="439,267,180,104" step="2"/><W69/><G69/><T26/><D127/><U31/><E31/><V49/><F49/><W123/><G123/><T68/><D101/><U125/><E125/><V73/><F73/><W99/><G38/><T42/><D68/><U54/><E100/><V74/><F74/><W18/><REACH who="3" step="1"/><G99/><REACH who="3" ten="439,267,180,94" step="2"/><T43/><D105/><U6/><E97/><V44/><F44/><W85/><G85/><T36/><D36/><U94/><E75/><V128/><F128/><W3/><G3/><T7/><D48/><AGARI ba="0,2" hai="9,14,18,22,25,28,48,53,56,57,59,87,91,95" machi="48" ten="30,8000,1" yaku="1,1,7,1,8,1,52,1,53,1" doraHai="24" doraHaiUra="4" who="3" fromWho="0" sc="439,-80,267,0,180,0,94,100" /><INIT seed="5,0,0,3,1,72" ten="359,267,180,194" oya="1" hai0="97,86,21,4,73,89,23,58,12,94,102,112,69" hai1="101,26,96,32,45,60,46,52,127,67,24,51,114" hai2="111,99,85,104,11,63,131,34,31,80,48,40,1" hai3="64,53,110,125,28,29,121,91,66,35,77,100,61"/><U109/><E109/><V36/><F111/><W55/><G110/><T83/><D69/><U17/><E127/><V62/><F36/><W2/><G100/><T90/><D112/><U20/><E114/><V74/><F74/><W84/><G2/><T5/><D73/><U10/><E10/><V126/><F131/><W123/><G125/><T135/><D135/><U6/><E6/><N who="0" m="2665" /><D58/><U54/><E32/><V8/><F1/><W57/><G35/><T49/><D49/><U65/><E24/><V75/><F75/><W129/><G129/><T3/><D3/><U22/><E22/><N who="0" m="8201" /><D12/><U98/><E98/><V15/><F11/><W132/><G123/><T19/><D19/><U27/><E27/><V115/><F115/><W39/><G121/><T108/><D108/><U130/><E130/><V59/><F34/><W33/><G39/><T107/><D107/><U42/><E60/><V88/><F31/><W128/><G33/><T70/><D70/><U95/><REACH who="1" step="1"/><E54/><REACH who="1" ten="359,257,180,194" step="2"/><N who="2" m="32199" /><F126/><W87/><G128/><T71/><D71/><U82/><E82/><V103/><F40/><W16/><G53/><T41/><D41/><U79/><E79/><AGARI ba="0,1" hai="79,83,86,89,90,94,97,102" m="8201,2665" machi="79" ten="30,2000,0" yaku="8,1,52,1" doraHai="72" who="0" fromWho="1" sc="359,30,257,-20,180,0,194,0" /><INIT seed="6,0,0,1,3,14" ten="389,237,180,194" oya="2" hai0="135,72,119,77,48,56,88,102,125,44,94,104,92" hai1="87,51,54,42,107,47,57,32,132,117,7,82,62" hai2="16,99,100,17,5,133,34,41,63,25,26,40,18" hai3="128,115,103,66,78,69,46,49,127,113,106,52,74"/><V58/><F133/><W9/><G128/><T71/><D135/><U2/><E117/><V109/><F5/><W3/><G127/><T11/><D71/><U19/><E107/><V6/><F6/><W126/><G126/><T12/><D125/><U118/><E118/><V20/><F34/><W96/><G9/><T121/><D121/><U114/><E114/><N who="3" m="43530" /><G3/><T76/><D119/><U59/><E132/><V0/><F0/><W21/><G21/><T70/><D56/><U36/><E32/><V10/><F10/><W80/><G66/><T68/><D104/><U50/><E7/><V37/><F37/><W79/><G78/><T81/><D81/><U73/><E73/><V130/><F130/><W29/><G29/><T86/><D72/><U93/><E2/><V129/><F109/><W97/><G96/><N who="0" m="59671" /><D68/><AGARI ba="0,0" hai="46,49,52,68,69,74,79,80,97,103,106" m="43530" machi="68" ten="30,3900,0" yaku="15,1,11,1,54,1" doraHai="14" who="3" fromWho="0" sc="389,-39,237,0,180,0,194,39" /><INIT seed="7,0,0,0,5,22" ten="350,237,180,233" oya="3" hai0="3,69,0,110,115,33,89,5,128,122,56,129,72" hai1="13,35,38,102,68,71,82,85,134,39,112,80,40" hai2="29,94,14,46,61,9,117,30,131,26,74,31,83" hai3="28,79,95,126,59,97,103,34,96,55,7,87,27"/><W107/><G126/><T8/><D122/><U111/><E111/><V42/><F117/><W63/><G7/><T124/><D110/><U92/><E35/><V11/><F131/><N who="0" m="50250" /><D69/><U114/><E134/><V60/><F94/><W106/><REACH who="3" step="1"/><G96/><REACH who="3" ten="350,237,180,223" step="2"/><T24/><D124/><U32/><E112/><V75/><F75/><W113/><G113/><T44/><D115/><U127/><E114/><V84/><F74/><W45/><G45/><T21/><D72/><U130/><E127/><V70/><F70/><W98/><G98/><T43/><D56/><U109/><E71/><V118/><F118/><W2/><G2/><N who="0" m="55" /><D33/><U125/><E68/><V12/><F46/><W4/><G4/><T62/><D0/><U90/><E32/><V105/><F42/><W47/><G47/><T78/><D3/><U6/><E40/><V76/><F105/><W64/><G64/><T1/><D1/><U121/><E130/><V58/><F58/><W17/><G17/><T48/><D44/><U73/><E125/><V23/><F31/><W37/><G37/><T65/><D43/><U41/><E41/><V135/><F30/><W16/><G16/><T36/><D65/><U20/><E39/><V116/><F116/><W18/><G18/><T101/><D36/><U104/><E38/><V93/><F135/><W49/><G49/><T99/><D48/><U50/><E50/><V19/><F93/><W67/><G67/><T77/><D99/><N who="1" m="61535" /><E6/><AGARI ba="0,1" hai="6,9,11,12,14,19,23,26,29,60,61,76,83,84" machi="6" ten="30,3900,0" yaku="7,1,8,1,52,1" doraHai="22" who="2" fromWho="1" sc="350,0,237,-39,180,49,223,0" owari="350,45.0,198,-30.0,229,3.0,223,-18.0" /></mjloggm>