<mjloggm ver="2.3"><GO type="169" lobby="0"/><UN n0="%E5%B0%B1%E6%B4%BB%E7%94%9F%40%E5%B7%9D%E6%9D%91%E8%BB%8D%E5%9B%A3" n1="%E4%BC%8A%E8%A3%8F%E9%87%8E%E5%8A%A0%E5%A5%88" n2="%69%6E%66%6F%31%32%33" n3="%E3%81%B5%E3%81%98%E3%81%8A" dan="18,16,16,16" rate="2220.94,2093.82,2084.97,2118.38" sx="M,M,M,M"/><TAIKYOKU oya="0"/><INIT seed="0,0,0,4,3,70" ten="250,250,250,250" oya="0" hai0="65,46,110,97,104,73,28,37,50,13,80,100,49" hai1="99,38,51,31,122,30,115,134,0,64,130,129,19" hai2="128,91,36,117,8,2,60,124,96,62,39,135,12" hai3="40,133,23,53,15,32,68,87,42,10,56,1,4"/><T126/><D126/><U7/><E122/><V61/><F2/><W71/><G133/><T21/><D65/><U67/><E134/><V57/><F135/><W107/><G107/><T22/><D110/><U83/><E115/><V123/><F123/><W24/><G71/><T55/><D28/><U45/><E99/><V29/><F124/><W20/><G20/><T41/><D49/><U131/><E83/><V18/><F128/><W54/><G68/><T103/><D103/><U76/><E76/><V16/><F117/><W5/><G5/><T82/><D73/><U125/><E125/><V63/><F29/><N who="1" m="10761" /><E51/><V43/><F43/><W127/><G1/><T78/><D78/><U77/><E77/><V111/><F111/><W72/><G72/><T34/><D34/><U6/><E19/><V101/><F91/><W17/><G32/><T44/><REACH who="0" step="1"/><D21/><REACH who="0" ten="240,250,250,250" step="2"/><U119/><E119/><V98/><F101/><W58/><G127/><T93/><D93/><U11/><E7/><V118/><F118/><W59/><G4/><T105/><D105/><U25/><E64/><V95/><F18/><AGARI ba="0,1" hai="13,18,22,37,41,44,46,50,55,80,82,97,100,104" machi="18" ten="40,3900,0" yaku="1,1,52,1,53,0" doraHai="70" doraHaiUra="88" who="0" fromWho="2" sc="240,49,250,0,250,-39,250,0" /><INIT seed="0,1,0,3,4,131" ten="289,250,211,250" oya="0" hai0="124,52,48,76,68,43,112,27,1,111,84,67,90" hai1="77,21,65,15,34,94,51,7,96,55,74,0,41" hai2="47,120,9,100,4,20,107,130,134,39,79,126,13" hai3="102,80,95,37,110,62,46,12,70,121,63,17,133"/><T24/><D112/><U59/><E34/><V118/><F120/><W26/><G121/><T91/><D1/><U35/><E35/><V19/><F130/><W106/><G106/><T89/><D124/><U104/><E104/><V61/><F126/><W69/><G80/><T72/><D72/><U98/><E41/><V119/><F79/><W116/><G116/><T82/><D43/><U114/><E114/><V29/><F29/><W18/><G37/><T108/><D67/><U32/><E32/><V83/><F83/><W40/><G40/><T125/><D68/><U58/><E0/><V78/><F78/><W127/><G46/><N who="0" m="27671" /><D125/><U115/><E115/><V71/><F47/><W16/><G127/><T38/><D38/><U60/><E74/><V22/><F39/><W105/><G105/><T56/><D56/><U123/><E77/><V99/><F71/><W49/><G70/><T109/><AGARI ba="1,0" hai="24,27,76,82,84,89,90,91,108,109,111" m="27671" machi="109" ten="40,7800,0" yaku="14,1,10,1,54,1" doraHai="131" who="0" fromWho="0" sc="289,81,250,-27,211,-27,250,-27" /><INIT seed="0,2,0,3,3,26" ten="370,223,184,223" oya="0" hai0="65,29,73,81,82,95,1,75,15,17,107,112,46" hai1="119,79,28,41,7,83,58,123,97,34,45,111,53" hai2="60,61,74,21,67,66,31,124,51,104,11,33,6" hai3="90,94,4,68,2,130,86,40,9,32,134,25,56"/><T54/><D107/><U8/><E119/><V10/><F74/><W132/><G68/><T78/><D1/><U16/><E123/><V57/><F104/><W100/><G40/><T80/><D112/><U129/><E111/><V113/><F113/><W37/><G37/><T63/><D95/><U38/><E129/><V14/><F124/><W42/><G42/><T105/><D105/><U99/><E28/><V18/><F51/><W91/><G130/><T0/><D0/><U93/><E93/><V19/><F33/><W125/><G125/><T20/><D73/><U48/><E34/><V127/><F127/><W102/><G56/><T108/><D108/><U55/><E55/><V43/><F43/><W22/><G91/><T24/><D54/><U27/><E27/><N who="2" m="16879" /><F11/><W110/><G32/><T23/><REACH who="0" step="1"/><D46/><REACH who="0" ten="360,223,184,223" step="2"/><U12/><REACH who="1" step="1"/><E7/><REACH who="1" ten="360,213,184,223" step="2"/><V133/><F133/><N who="3" m="51307" /><G110/><T122/><D122/><U13/><E13/><V76/><F6/><W71/><G4/><T50/><D50/><U3/><E3/><V70/><F14/><W62/><G2/><T117/><D117/><U88/><E88/><V109/><F109/><W89/><G90/><T114/><D114/><U30/><E30/><V98/><F67/><W118/><G89/><T87/><D87/><AGARI ba="2,2" hai="8,12,16,38,41,45,48,53,58,79,83,87,97,99" machi="87" ten="30,3900,0" yaku="1,1,7,1,54,1,53,0" doraHai="26" doraHaiUra="101" who="1" fromWho="0" sc="360,-45,213,65,184,0,223,0" /><INIT seed="1,0,0,0,3,122" ten="315,278,184,223" oya="1" hai0="41,18,55,76,108,48,17,114,132,52,86,64,95" hai1="60,99,57,8,90,134,22,69,34,79,91,109,24" hai2="15,19,82,117,6,94,9,113,67,4,93,58,123" hai3="68,103,83,128,120,102,81,116,31,87,21,3,88"/><U14/><E69/><V46/><BYE who="0" /><F123/><UN n0="%E5%B0%B1%E6%B4%BB%E7%94%9F%40%E5%B7%9D%E6%9D%91%E8%BB%8D%E5%9B%A3" /><W73/><G68/><T29/><D114/><U28/><E134/><V26/><F117/><W20/><G3/><T127/><D132/><U121/><E121/><V71/><F71/><W59/><G120/><T7/><D7/><N who="2" m="2602" /><F113/><W70/><G70/><T37/><D37/><U115/><E115/><V105/><F105/><W111/><G116/><T77/><D29/><U16/><E109/><V96/><F26/><W44/><G128/><T72/><D72/><U27/><E79/><V47/><F82/><W25/><G44/><N who="2" m="16937" /><F96/><W42/><G42/><T135/><D41/><U39/><E39/><V110/><F110/><W130/><G111/><T56/><D108/><U40/><E40/><V75/><F75/><W65/><G130/><T101/><D135/><U100/><E27/><V36/><F36/><W74/><G20/><T119/><D119/><U78/><E78/><V32/><F32/><W98/><G81/><T85/><D77/><U53/><REACH who="1" step="1"/><E34/><REACH who="1" ten="315,268,184,223" step="2"/><V30/><F30/><W10/><G31/><T97/><D76/><U126/><E126/><V80/><F80/><W51/><G83/><T2/><D127/><U107/><AGARI ba="0,1" hai="8,14,16,22,24,28,53,57,60,90,91,99,100,107" machi="107" ten="20,7800,0" yaku="1,1,0,1,7,1,54,1,53,0" doraHai="122" doraHaiUra="104" who="1" fromWho="1" sc="315,-26,268,88,184,-26,223,-26" /><INIT seed="1,1,0,5,3,27" ten="289,356,158,197" oya="1" hai0="118,131,22,135,28,53,105,42,73,48,11,19,63" hai1="100,60,70,33,66,21,101,6,79,26,86,96,45" hai2="98,87,56,52,132,50,128,30,116,81,20,54,134" hai3="40,49,74,47,44,103,78,10,71,93,39,68,43"/><U61/><E6/><V58/><F116/><W95/><G10/><T94/><D118/><U16/><E33/><V0/><F0/><W57/><G57/><T83/><D105/><U121/><E121/><V130/><F98/><W64/><G103/><T75/><D131/><N who="2" m="50218" /><F20/><W8/><G8/><T109/><D109/><U133/><E133/><N who="2" m="51307" /><F30/><W13/><G13/><T90/><D135/><U76/><E86/><V3/><F3/><W125/><G64/><T37/><D83/><U23/><E100/><V111/><F111/><W2/><G2/><T5/><D5/><U115/><E23/><V92/><F92/><W80/><G95/><T15/><D11/><U119/><E79/><N who="2" m="46527" /><F54/><W55/><G93/><T84/><D28/><U9/><E96/><V123/><F58/><W124/><REACH who="3" step="1"/><G55/><REACH who="3" ten="289,356,158,187" step="2"/><T91/><D94/><U34/><E101/><V1/><F1/><W85/><G85/><T127/><D53/><U117/><E9/><V126/><F123/><W106/><G106/><T51/><D84/><U7/><E119/><V46/><F56/><W82/><G82/><T17/><D15/><U107/><E117/><V113/><F113/><W110/><G110/><T72/><D72/><U122/><E122/><V102/><F102/><W99/><G99/><T38/><D75/><U31/><E107/><V25/><F25/><W88/><G88/><T112/><D90/><U12/><E115/><V59/><F59/><W129/><G129/><T67/><D91/><U108/><E108/><V29/><F29/><W35/><G35/><T97/><D73/><U114/><E114/><V41/><F52/><RYUUKYOKU ba="1,1" sc="289,-15,356,-15,158,15,187,15" hai2="41,46,50,126" hai3="39,40,43,44,47,49,68,71,74,78,80,124,125" /><INIT seed="2,2,1,3,2,80" ten="274,341,173,202" oya="2" hai0="75,31,57,3,133,47,112,51,71,131,83,50,98" hai1="5,27,129,91,99,52,2,63,117,13,127,68,128" hai2="49,29,41,110,100,88,12,61,28,107,56,66,82" hai3="14,32,113,86,34,8,85,74,20,44,35,94,81"/><V84/><F110/><W90/><G113/><T135/><D3/><U25/><E117/><V0/><F0/><W102/><G74/><T101/><D71/><U7/><E127/><V115/><F115/><W55/><G20/><T58/><D112/><U21/><E2/><V18/><F100/><W108/><G108/><T40/><D131/><N who="1" m="50251" /><E68/><V65/><F65/><W121/><G121/><T123/><D123/><U89/><E25/><V105/><F107/><W116/><G102/><T37/><D31/><U1/><E1/><V38/><F38/><W120/><G116/><T26/><D26/><U36/><E36/><V76/><F105/><W87/><G120/><T19/><D19/><N who="1" m="12735" /><E13/><V45/><REACH who="2" step="1"/><F76/><REACH who="2" ten="274,341,163,202" step="2"/><W118/><G118/><T124/><D124/><U73/><E91/><V39/><F39/><W17/><G94/><T62/><D37/><U54/><E89/><V119/><F119/><W122/><G122/><T64/><D101/><U33/><E33/><V93/><F93/><W30/><G30/><T104/><D104/><U109/><E109/><V6/><F6/><W11/><G11/><AGARI ba="2,2" hai="11,12,18,28,29,41,45,49,56,61,66,82,84,88" machi="11" ten="30,12000,1" yaku="1,1,7,1,8,1,52,1,54,1,53,0" doraHai="80" doraHaiUra="23" who="2" fromWho="3" sc="274,0,341,0,163,146,202,-126" /><INIT seed="2,3,0,0,4,98" ten="274,341,309,76" oya="2" hai0="26,93,124,5,89,47,53,84,56,41,86,130,102" hai1="99,82,21,24,118,60,46,80,115,39,117,135,134" hai2="90,77,128,54,31,37,12,73,11,63,113,18,111" hai3="109,42,76,83,131,78,71,35,36,132,38,120,34"/><V2/><F113/><W122/><G83/><N who="1" m="31786" /><E115/><V103/><F37/><W64/><G64/><T100/><D130/><U32/><E32/><V13/><F2/><W81/><G81/><T40/><D124/><U7/><E7/><V116/><F116/><W96/><G96/><T4/><D86/><U85/><E85/><V22/><F73/><W1/><G42/><N who="0" m="16491" /><D47/><U74/><E74/><V68/><F90/><W133/><G71/><T50/><D26/><U92/><E60/><V14/><F77/><W0/><REACH who="3" step="1"/><G109/><REACH who="3" ten="274,341,309,66" step="2"/><T59/><D5/><U101/><E39/><V57/><F111/><W104/><G104/><T48/><D4/><U28/><E46/><V125/><F68/><W58/><G58/><T108/><D108/><U94/><E118/><V121/><F121/><W45/><G45/><T17/><D17/><U25/><E117/><V67/><F125/><W88/><G88/><T33/><D56/><U8/><E94/><V49/><F128/><AGARI ba="3,1" hai="0,1,34,35,36,38,76,78,120,122,128,131,132,133" machi="128" ten="25,3200,0" yaku="1,1,22,2,53,0" doraHai="98" doraHaiUra="110" who="3" fromWho="2" sc="274,0,341,0,309,-41,66,51" /><INIT seed="3,0,0,1,1,2" ten="274,341,268,117" oya="3" hai0="124,66,34,127,116,18,4,20,67,5,37,24,121" hai1="7,91,92,135,101,59,72,42,79,27,94,43,22" hai2="31,98,19,35,60,104,8,80,129,77,38,73,64" hai3="58,96,123,61,23,128,21,57,118,6,10,47,93"/><W74/><G123/><T88/><D37/><U115/><E115/><V40/><F129/><W33/><G118/><T105/><D105/><U119/><E135/><V54/><F54/><W87/><G33/><T89/><D34/><U117/><E101/><N who="2" m="62519" /><F19/><W81/><G74/><T108/><D108/><U114/><E114/><V125/><F8/><W134/><G134/><T102/><D102/><U82/><E59/><V50/><F50/><W75/><G75/><T120/><D116/><N who="1" m="44619" /><E7/><N who="0" m="2633" /><D120/><U55/><E55/><V130/><F130/><W84/><G128/><T71/><D121/><U132/><E132/><V25/><F40/><N who="1" m="15401" /><E91/><N who="0" m="34889" /><D71/><U109/><E109/><V83/><F38/><W63/><G81/><T15/><D127/><U46/><E46/><V90/><F80/><W69/><G47/><T65/><D124/><U49/><E49/><V107/><F90/><N who="3" m="55351" /><G63/><T62/><D62/><U26/><E94/><V28/><F107/><W3/><G69/><T45/><D45/><U70/><E70/><N who="2" m="42247" /><F125/><W41/><G41/><T78/><D78/><U17/><E92/><V51/><F51/><W32/><G61/><T97/><D97/><U68/><E68/><V9/><F83/><W56/><G32/><T133/><D133/><U48/><E48/><V12/><F77/><W106/><G106/><T0/><D0/><U30/><E82/><V39/><F39/><W1/><G3/><T16/><D67/><U112/><E112/><V100/><F73/><W110/><G110/><T122/><D122/><U126/><E126/><V29/><F100/><W44/><G44/><T95/><D95/><U11/><E79/><RYUUKYOKU ba="0,0" sc="274,10,341,-30,268,10,117,10" hai0="15,16,18,20,24,65,66" hai2="9,12,25,28,29,31,35" hai3="1,6,10,21,23,56,57,58,84,87" /><INIT seed="3,1,0,0,4,16" ten="284,311,278,127" oya="3" hai0="69,20,112,10,46,37,29,55,93,91,50,51,52" hai1="44,78,74,35,106,43,114,41,121,96,49,39,11" hai2="59,108,123,34,130,129,28,53,47,24,9,57,94" hai3="26,105,30,85,15,127,62,7,86,17,27,98,81"/><W58/><G127/><T4/><D69/><U67/><E35/><V125/><F108/><W23/><G7/><T79/><D37/><U117/><E114/><V110/><F110/><W119/><G119/><T75/><D112/><U90/><E121/><V33/><F33/><W48/><G48/><T40/><D75/><U133/><E133/><V71/><F71/><W66/><G81/><T18/><D79/><U8/><E117/><V113/><F113/><W0/><G0/><T128/><D29/><U131/><E131/><N who="2" m="50187" /><F125/><W100/><REACH who="3" step="1"/><G27/><REACH who="3" ten="284,311,278,117" step="2"/><T13/><D128/><U109/><E109/><V82/><F82/><W73/><G73/><T6/><D51/><U116/><E116/><V38/><F123/><W118/><G118/><T104/><D6/><U21/><E49/><N who="2" m="28863" /><F38/><W124/><G124/><T14/><D104/><U1/><E106/><V42/><F42/><W54/><G54/><T5/><D5/><U12/><E43/><V68/><F94/><W76/><G76/><T61/><D61/><U134/><E78/><V80/><F80/><W95/><G95/><T3/><D3/><U89/><E74/><V31/><F24/><W107/><G107/><T65/><D65/><U126/><E126/><V63/><F63/><W84/><G84/><AGARI ba="1,1" hai="4,10,13,14,18,20,40,46,50,52,55,84,91,93" machi="84" ten="30,7700,0" yaku="7,1,8,1,52,1,54,1" doraHai="16" who="0" fromWho="3" sc="284,90,311,0,278,0,117,-80" /><INIT seed="4,0,0,5,5,116" ten="374,311,278,37" oya="0" hai0="53,56,99,47,74,52,15,73,106,79,70,107,125" hai1="71,42,111,35,124,48,110,67,46,109,76,85,29" hai2="28,117,23,83,14,126,62,88,44,37,91,123,133" hai3="96,58,51,104,45,114,22,54,121,134,16,40,30"/><T92/><D70/><U43/><E124/><V128/><F126/><W18/><G114/><T12/><D125/><U122/><E29/><V77/><F128/><W49/><G134/><T120/><D120/><U100/><E100/><V68/><F123/><W55/><G40/><N who="1" m="15402" /><E35/><V78/><F133/><W97/><G104/><T94/><D47/><U119/><E122/><V21/><F44/><W2/><G121/><T81/><D81/><U27/><E27/><V33/><F37/><W31/><G2/><T8/><D8/><U57/><E76/><V7/><F78/><W75/><G75/><T20/><D79/><U131/><E131/><V130/><F117/><W82/><G82/><T32/><D32/><U4/><E4/><V6/><F6/><W93/><G18/><T89/><D89/><U39/><E85/><V36/><F36/><W61/><G49/><T1/><D1/><U34/><E34/><V25/><F7/><W105/><G105/><T63/><D99/><U115/><E115/><V41/><F41/><W103/><REACH who="3" step="1"/><G97/><REACH who="3" ten="374,311,278,27" step="2"/><T59/><D106/><U24/><E119/><V86/><F130/><W60/><G60/><T10/><D63/><N who="1" m="38383" /><E39/><V19/><F83/><W69/><G69/><T135/><D107/><U129/><E129/><V0/><F68/><W113/><G113/><T118/><D74/><U87/><E87/><V50/><F0/><W101/><G101/><T98/><D73/><U112/><E112/><V17/><F86/><W5/><G5/><T11/><D98/><U84/><E84/><V72/><F72/><W26/><AGARI ba="0,1" hai="16,22,26,30,31,45,51,54,55,58,61,93,96,103" machi="26" ten="20,8000,1" yaku="1,1,0,1,7,1,8,1,54,1,53,0" doraHai="116" doraHaiUra="64" who="3" fromWho="3" sc="374,-40,311,-20,278,-20,27,90" /><INIT seed="5,0,0,5,1,17" ten="334,291,258,117" oya="1" hai0="6,1,28,125,118,31,71,126,92,102,35,74,111" hai1="83,11,64,25,98,123,22,23,38,4,45,36,117" hai2="77,53,43,63,3,20,67,69,119,9,94,44,116" hai3="82,124,37,59,129,33,95,86,128,0,62,89,132"/><U60/><E117/><V54/><F77/><W55/><G0/><T84/><D74/><U21/><E123/><V131/><F94/><W72/><G33/><T70/><D111/><U47/><E38/><V49/><F131/><W78/><G132/><T110/><D110/><U27/><E36/><V108/><F108/><W109/><G109/><T91/><D118/><U29/><E83/><V81/><F81/><W107/><G124/><N who="0" m="47723" /><D102/><U122/><E122/><V10/><F10/><W104/><REACH who="3" step="1"/><G37/><REACH who="3" ten="334,291,258,107" step="2"/><T79/><D35/><U105/><E105/><AGARI ba="0,1" hai="55,59,62,72,78,82,86,89,95,104,105,107,128,129" machi="105" ten="40,8000,1" yaku="1,1,2,1,53,3" doraHai="17" doraHaiUra="100" who="3" fromWho="1" sc="334,0,291,-80,258,0,107,90" /><INIT seed="6,0,0,5,4,117" ten="334,211,258,197" oya="2" hai0="121,31,96,125,39,66,130,30,129,54,79,13,92" hai1="48,35,124,109,114,73,62,72,78,47,123,0,2" hai2="46,8,10,37,94,44,22,61,63,52,24,41,28" hai3="65,99,111,33,70,91,89,7,16,60,87,104,23"/><V59/><F94/><W36/><G33/><T107/><D121/><U132/><E62/><V6/><F44/><W101/><G111/><T116/><D107/><U77/><E48/><V25/><F6/><W49/><G36/><T84/><D39/><U102/><E47/><V81/><F81/><W93/><G7/><T95/><D125/><U12/><E12/><V88/><F88/><W113/><G113/><T20/><D66/><U76/><E35/><V9/><F63/><W103/><G49/><T57/><D116/><U115/><E109/><V75/><REACH who="2" step="1"/><F24/><REACH who="2" ten="334,211,248,197" step="2"/><W56/><G70/><T127/><D127/><U97/><E124/><V14/><F14/><N who="3" m="9623" /><G104/><T1/><D92/><AGARI ba="0,1" hai="56,60,65,87,89,91,92,93,99,101,103" m="9623" machi="92" ten="30,2000,0" yaku="8,1,54,1" doraHai="117" who="3" fromWho="0" sc="334,-20,211,0,248,0,197,30" /><INIT seed="7,0,0,5,5,132" ten="314,211,248,227" oya="3" hai0="63,0,5,11,57,67,121,72,31,32,100,14,58" hai1="20,17,19,42,16,102,126,53,43,135,18,30,87" hai2="23,122,123,40,48,25,39,50,47,13,94,120,82" hai3="75,83,105,112,77,8,3,74,125,116,96,78,15"/><W65/><G116/><T101/><D121/><U68/><E68/><V38/><F13/><W97/><G3/><T76/><D72/><U115/><E135/><V103/><F82/><W36/><G36/><T109/><D109/><U29/><E115/><V106/><F106/><W41/><G41/><N who="1" m="15370" /><E126/><V85/><F39/><W64/><G112/><T90/><D76/><U9/><E102/><V111/><F111/><W131/><G131/><T92/><D0/><U69/><E69/><V84/><F103/><W56/><G105/><T134/><D134/><U81/><E53/><V1/><F1/><W118/><G118/><T61/><D31/><N who="1" m="11787" /><E9/><V127/><F127/><W4/><G125/><T89/><D32/><U54/><E54/><V117/><F117/><W99/><REACH who="3" step="1"/><G56/><REACH who="3" ten="314,211,248,217" step="2"/><T51/><D58/><U86/><E81/><AGARI ba="0,1" hai="4,8,15,64,65,74,75,77,78,81,83,96,97,99" machi="81" ten="40,7700,0" yaku="1,1,2,1,9,1,53,0" doraHai="132" doraHaiUra="110" who="3" fromWho="1" sc="314,0,211,-77,248,0,217,87" /><INIT seed="7,1,0,4,3,120" ten="314,134,248,304" oya="3" hai0="98,131,36,6,62,34,82,73,2,3,135,25,83" hai1="132,48,18,88,112,31,65,59,72,80,106,109,76" hai2="74,97,94,27,39,134,26,49,114,38,105,58,4" hai3="95,24,102,19,104,13,1,22,130,10,16,56,30"/><W52/><G104/><T128/><D36/><U71/><E71/><V28/><F74/><W108/><G108/><T124/><D124/><U51/><E109/><V110/><F110/><W55/><G130/><N who="0" m="49707" /><D135/><U91/><E132/><V53/><F105/><W121/><G121/><T96/><D62/><U85/><E112/><V99/><F114/><W69/><G69/><T60/><D60/><U33/><E106/><V57/><F4/><N who="3" m="3271" /><G1/><N who="0" m="11" /><D6/><U100/><E100/><V103/><F99/><N who="0" m="37930" /><D73/><U42/><E18/><N who="3" m="6698" /><G56/><T32/><D32/><U23/><E33/><V67/><F134/><W122/><G122/><T118/><D118/><U21/><E72/><V70/><F70/><W5/><G5/><T125/><D125/><U35/><E35/><V89/><F103/><W14/><G14/><T93/><D93/><U107/><E107/><V63/><F27/><W87/><G102/><T45/><D45/><U119/><E119/><V54/><F67/><W61/><G61/><T133/><D133/><U40/><E65/><V17/><F17/><W116/><G116/><T117/><D117/><U7/><E7/><V15/><F15/><W20/><G20/><AGARI ba="1,0" hai="20,26,28,38,39,49,53,54,57,58,63,89,94,97" machi="20" ten="30,1000,0" yaku="7,1" doraHai="120" who="2" fromWho="3" sc="314,0,134,0,248,13,304,-13" owari="314,42.0,134,-37.0,261,-14.0,291,9.0" /></mjloggm>