<mjloggm ver="2.3"><GO type="169" lobby="0"/><UN n0="%E5%B0%B1%E6%B4%BB%E7%94%9F%40%E5%B7%9D%E6%9D%91%E8%BB%8D%E5%9B%A3" n1="%E3%82%84%E3%81%BE%E3%83%BC%E3%82%93" n2="%6D%61%73%61%73%69%6F" n3="%E3%83%8D%E3%82%AA%E3%81%91%E3%82%8D%E3%81%A3%E3%81%A1%E3%82%87" dan="18,17,16,16" rate="2318.10,2186.85,2132.81,2125.54" sx="M,M,M,M"/><TAIKYOKU oya="0"/><INIT seed="0,0,0,0,2,55" ten="250,250,250,250" oya="0" hai0="7,127,76,21,111,75,51,12,123,103,114,16,110" hai1="46,52,112,85,64,18,116,25,59,10,24,135,11" hai2="56,29,13,83,86,49,81,2,47,78,62,115,44" hai3="129,79,122,41,34,58,65,106,100,82,125,1,95"/><T31/><D123/><U70/><E116/><V117/><F2/><W97/><G1/><T89/><D114/><U92/><E135/><V67/><F117/><W14/><G34/><T72/><D127/><U22/><E112/><V68/><F115/><W48/><G125/><T33/><D103/><U8/><E70/><V60/><F29/><W73/><G129/><T77/><D7/><U37/><E64/><V50/><F13/><W133/><G133/><T132/><D132/><U118/><E118/><V101/><F101/><W0/><G0/><T124/><D124/><U91/><E37/><V28/><F28/><W119/><G119/><T26/><D89/><U17/><E46/><V32/><F32/><W38/><G38/><T23/><D33/><U69/><E69/><V128/><F128/><W40/><G14/><T35/><D35/><U53/><E59/><V42/><F81/><W80/><G80/><T74/><REACH who="0" step="1"/><D51/><REACH who="0" ten="240,250,250,250" step="2"/><U130/><E130/><V121/><F121/><W87/><G122/><T30/><D30/><U99/><E99/><V54/><REACH who="2" step="1"/><F62/><REACH who="2" ten="240,250,240,250" step="2"/><N who="3" m="38103" /><G48/><T4/><D4/><U96/><E96/><V19/><F19/><W57/><G100/><T6/><D6/><U9/><N who="1" m="2048" /><DORA hai="63" /><U84/><E84/><V15/><F15/><W102/><G87/><T36/><D36/><U93/><E18/><V94/><F94/><W66/><G95/><T109/><AGARI ba="0,2" hai="12,16,21,23,26,31,72,74,75,76,77,109,110,111" machi="109" ten="40,12000,1" yaku="1,1,0,1,14,1,10,1,54,1,53,0" doraHai="55,63" doraHaiUra="90,71" who="0" fromWho="0" sc="240,140,250,-40,240,-40,250,-40" /><INIT seed="0,1,0,4,2,129" ten="380,210,200,210" oya="0" hai0="90,123,78,102,87,27,113,58,127,17,71,12,61" hai1="133,11,116,101,20,132,29,135,28,10,76,15,119" hai2="13,55,48,89,88,105,4,37,131,117,60,104,74" hai3="115,9,97,109,77,50,42,86,32,128,54,23,18"/><T100/><D123/><U41/><E76/><V3/><F37/><W26/><G115/><T19/><D113/><U67/><E67/><V14/><F74/><W70/><G109/><T39/><D39/><U124/><E41/><V6/><F60/><W64/><G42/><T35/><D71/><U40/><E40/><V93/><F93/><W7/><G97/><T111/><D78/><U49/><E49/><V5/><F3/><W83/><G128/><T0/><D0/><U75/><E75/><V106/><F131/><W53/><G32/><T22/><D127/><U51/><E51/><V33/><F33/><W69/><G64/><T16/><D35/><U96/><E124/><V31/><F31/><N who="1" m="11849" /><E20/><V1/><F1/><W130/><G130/><T95/><D111/><U91/><E91/><V73/><F73/><W8/><G8/><N who="1" m="3114" /><E15/><V92/><F117/><W121/><G121/><T108/><D108/><U56/><E56/><V80/><F80/><W45/><REACH who="3" step="1"/><G54/><REACH who="3" ten="380,210,200,200" step="2"/><N who="0" m="34007" /><D12/><AGARI ba="1,1" hai="7,9,12,18,23,26,45,50,53,69,70,77,83,86" machi="12" ten="30,2000,0" yaku="1,1,7,1,53,0" doraHai="129" doraHaiUra="68" who="3" fromWho="0" sc="380,-23,210,0,200,0,200,33" /><INIT seed="1,0,0,1,0,13" ten="357,210,200,233" oya="1" hai0="112,89,115,130,104,55,64,113,75,76,1,86,99" hai1="135,87,56,36,95,24,33,131,66,103,32,41,82" hai2="114,52,17,125,7,38,102,60,27,85,107,63,94" hai3="116,39,10,134,72,91,22,71,119,79,122,77,121"/><U73/><E131/><V98/><F38/><W58/><G71/><T12/><D1/><U50/><E36/><V23/><F125/><W117/><G39/><T78/><D64/><U51/><E135/><V127/><F127/><W80/><G58/><T132/><D55/><U69/><E69/><V49/><F7/><W57/><G57/><T30/><D30/><U19/><E73/><V97/><F85/><W43/><G43/><T0/><D0/><U15/><E32/><V133/><F114/><W118/><G10/><T21/><D75/><U62/><E33/><V26/><F26/><W92/><G22/><T105/><D21/><N who="1" m="11519" /><E24/><V123/><F123/><W6/><G6/><T96/><D12/><U101/><E95/><V100/><REACH who="2" step="1"/><F133/><REACH who="2" ten="357,210,190,233" step="2"/><W106/><G134/><T31/><D132/><U126/><E126/><V37/><F37/><W111/><G117/><T53/><D115/><U44/><E50/><V88/><F88/><AGARI ba="0,1" hai="41,44,51,56,62,66,82,87,88,101,103" m="11519" machi="88" ten="30,5800,0" yaku="8,1,52,1,54,1" doraHai="13" who="1" fromWho="2" sc="357,0,210,68,190,-58,233,0" /><INIT seed="1,1,0,2,1,24" ten="357,278,132,233" oya="1" hai0="132,27,12,89,54,4,52,103,55,33,79,34,23" hai1="121,87,74,97,16,67,95,10,35,118,61,133,113" hai2="30,5,8,69,47,78,14,60,48,39,124,64,104" hai3="91,86,102,111,84,46,3,117,7,66,38,100,114"/><U80/><E118/><V22/><F104/><W73/><G114/><T36/><D36/><U90/><E121/><V130/><F130/><W50/><G73/><T49/><D132/><U122/><E122/><V94/><F124/><W115/><G115/><T45/><D103/><U21/><E35/><V29/><F39/><W125/><G38/><T135/><D135/><U13/><E133/><V109/><F109/><W42/><G66/><T19/><D79/><U26/><E74/><V2/><F78/><W43/><G43/><T18/><D4/><U20/><E26/><V82/><F82/><W63/><G63/><T93/><D34/><U25/><E25/><V40/><REACH who="2" step="1"/><F94/><REACH who="2" ten="357,278,122,233" step="2"/><W6/><G111/><T126/><D126/><U70/><REACH who="1" step="1"/><E113/><REACH who="1" ten="357,268,122,233" step="2"/><V1/><F1/><W134/><G3/><T92/><D33/><U44/><E44/><V9/><F9/><W11/><G11/><N who="0" m="6431" /><D93/><U105/><E105/><V15/><F15/><W58/><G134/><T108/><D108/><U81/><E81/><V77/><F77/><AGARI ba="1,2" hai="10,13,16,20,21,61,67,70,77,80,87,90,95,97" machi="77" ten="30,5800,0" yaku="1,1,7,1,54,1,53,0" doraHai="24" doraHaiUra="31" who="1" fromWho="2" sc="357,0,268,81,122,-61,233,0" /><INIT seed="1,2,0,3,0,88" ten="357,349,61,233" oya="1" hai0="87,111,67,90,14,51,128,40,49,26,37,104,77" hai1="115,59,7,125,114,52,75,120,108,80,110,113,127" hai2="25,96,31,134,63,84,118,60,64,9,57,81,23" hai3="99,68,95,130,32,0,29,39,38,5,3,135,129"/><U124/><E7/><V97/><F118/><W2/><G68/><T62/><D104/><U79/><REACH who="1" step="1"/><E120/><REACH who="1" ten="357,339,61,233" step="2"/><V85/><F134/><W107/><G5/><T86/><D128/><U119/><E119/><V78/><F9/><W13/><G135/><T12/><D111/><U98/><E98/><V131/><F131/><W17/><G107/><T76/><D87/><U30/><E30/><V58/><REACH who="2" step="1"/><F85/><REACH who="2" ten="357,339,51,233" step="2"/><W94/><G129/><T70/><D86/><U133/><E133/><V122/><F122/><W24/><G130/><T92/><D77/><U93/><E93/><V43/><F43/><W28/><G95/><T123/><D76/><U65/><E65/><AGARI ba="2,2" hai="23,25,31,57,58,60,63,64,65,78,81,84,96,97" machi="65" ten="30,7700,0" yaku="1,1,7,1,9,1,8,1,53,0" doraHai="88" doraHaiUra="33" who="2" fromWho="1" sc="357,0,339,-83,51,103,233,0" /><INIT seed="2,0,0,1,4,100" ten="357,256,154,233" oya="2" hai0="48,35,120,107,15,67,128,131,6,134,68,22,85" hai1="110,93,39,99,126,8,23,81,70,52,75,27,124" hai2="53,133,79,115,36,55,20,71,2,105,54,82,106" hai3="80,5,64,113,7,42,43,51,11,58,73,14,86"/><V28/><F115/><W114/><G73/><T72/><D35/><U122/><E70/><V94/><F2/><W19/><G64/><T34/><D34/><U62/><E39/><V83/><F36/><W60/><G60/><T50/><D72/><U69/><E110/><V92/><F71/><W111/><G111/><T3/><D3/><U104/><E122/><V84/><F133/><W102/><G102/><T125/><D120/><U59/><E69/><V87/><F20/><W29/><G29/><T21/><D68/><U65/><E8/><V40/><F40/><W46/><G58/><T97/><D67/><U90/><E104/><N who="2" m="40043" /><F79/><W24/><G24/><T30/><D22/><U1/><E1/><V57/><F57/><W127/><G127/><T45/><D21/><U108/><E65/><V44/><F44/><W96/><G96/><T25/><D97/><U4/><E108/><V56/><F56/><W61/><G61/><T95/><D45/><U17/><E4/><V31/><F87/><W13/><G43/><T88/><D134/><U116/><E116/><V101/><F84/><W77/><REACH who="3" step="1"/><G7/><REACH who="3" ten="357,256,154,223" step="2"/><T16/><D6/><U109/><E109/><V117/><F101/><W112/><G112/><T49/><D25/><U37/><E37/><V66/><F66/><W41/><G41/><T129/><D125/><U26/><E26/><V0/><F117/><W135/><G135/><T18/><D30/><N who="2" m="11306" /><F0/><W12/><G12/><T74/><D74/><U121/><E121/><V130/><F130/><W76/><G76/><AGARI ba="0,1" hai="17,23,27,52,59,62,75,76,81,90,93,99,124,126" machi="76" ten="40,5200,0" yaku="25,2,54,1" doraHai="100" who="1" fromWho="3" sc="357,0,256,62,154,0,223,-52" /><INIT seed="3,0,0,3,1,6" ten="357,318,154,171" oya="3" hai0="70,105,94,51,124,28,90,7,79,8,93,26,127" hai1="52,21,125,69,119,115,77,126,53,43,62,27,38" hai2="12,104,75,17,40,128,14,130,133,60,120,46,121" hai3="117,107,55,98,36,88,11,13,41,65,108,81,66"/><W102/><G117/><T78/><D105/><U71/><E115/><V132/><F75/><W3/><G3/><T91/><D70/><N who="1" m="26635" /><E77/><N who="0" m="29193" /><D51/><U22/><E119/><V83/><F83/><W31/><G31/><T45/><D45/><N who="1" m="23799" /><E62/><V33/><F104/><W49/><G41/><T58/><D58/><U118/><E118/><V109/><F33/><W92/><G36/><T110/><D110/><U76/><E76/><V135/><F60/><W57/><G81/><T111/><D111/><U30/><E22/><V23/><F109/><W68/><G68/><T54/><D54/><U47/><E47/><V122/><REACH who="2" step="1"/><F12/><REACH who="2" ten="357,318,144,171" step="2"/><W80/><G80/><T96/><D94/><U86/><E125/><V59/><F59/><W82/><G82/><T95/><D124/><U84/><E126/><V18/><F18/><W19/><REACH who="3" step="1"/><G108/><REACH who="3" ten="357,318,144,161" step="2"/><T35/><D127/><U16/><E30/><V67/><F67/><W113/><G113/><T89/><D28/><U39/><E39/><AGARI ba="0,2" hai="14,17,23,39,40,46,120,121,122,128,130,132,133,135" machi="39" ten="50,6400,0" yaku="1,1,13,1,20,1,53,0" doraHai="6" doraHaiUra="134" who="2" fromWho="1" sc="357,0,318,-64,144,84,161,0" /><INIT seed="4,0,0,0,3,44" ten="357,254,228,161" oya="0" hai0="71,52,35,121,73,47,117,104,27,32,8,133,134" hai1="93,49,48,113,102,33,50,92,64,20,43,100,106" hai2="127,109,105,82,70,25,84,83,39,132,28,99,63" hai3="130,77,115,9,36,0,38,11,125,124,23,26,31"/><T51/><D117/><U4/><E33/><N who="2" m="20623" /><F39/><W59/><G77/><T112/><D121/><U57/><E113/><V74/><F84/><W67/><G115/><T54/><D104/><U79/><E106/><V108/><F82/><W30/><G67/><T12/><D73/><U60/><E43/><V101/><F132/><N who="0" m="50794" /><D71/><U122/><E122/><V7/><F7/><N who="3" m="1255" /><G59/><T61/><D27/><U97/><E4/><V96/><F96/><W86/><G86/><T5/><D112/><U3/><E3/><V24/><F24/><N who="3" m="16671" /><G36/><T72/><D72/><U34/><E34/><N who="0" m="12841" /><D61/><U15/><E79/><N who="2" m="44535" /><F127/><N who="3" m="48715" /><G38/><T56/><D56/><U78/><E78/><V76/><F76/><W45/><G45/><T119/><D119/><U131/><E57/><V62/><F62/><W126/><N who="3" m="48723" /><W55/><DORA hai="110" /><G55/><AGARI ba="0,0" hai="5,8,12,47,51,52,54,55" m="12841,50794" machi="55" ten="30,5800,0" yaku="20,1,52,1,54,1" doraHai="44,110" who="0" fromWho="3" sc="357,58,254,0,228,0,161,-58" /><INIT seed="4,1,0,0,4,53" ten="415,254,228,103" oya="0" hai0="110,6,43,3,25,28,125,29,102,48,72,59,41" hai1="63,111,71,5,23,45,2,106,131,10,67,91,85" hai2="123,12,98,127,15,90,57,93,62,35,117,61,132" hai3="101,70,0,95,104,92,129,89,19,83,38,134,114"/><T130/><D72/><U87/><E111/><V49/><F35/><W1/><G70/><T46/><D110/><U47/><E131/><V81/><F123/><W116/><G38/><T78/><D125/><U126/><E126/><V58/><F132/><W55/><G19/><T26/><D130/><U37/><E106/><V17/><F117/><W80/><G129/><T88/><D102/><U128/><E128/><V16/><F127/><W115/><G55/><T79/><D6/><U86/><E23/><N who="2" m="11655" /><F81/><W11/><G11/><T13/><D13/><U105/><E105/><V21/><F49/><W18/><G18/><T44/><D3/><U84/><REACH who="1" step="1"/><E37/><REACH who="1" ten="415,244,228,103" step="2"/><V20/><F21/><W73/><G104/><T52/><D29/><U51/><E51/><V7/><F7/><W33/><G116/><T8/><D28/><U94/><AGARI ba="1,1" hai="2,5,10,45,47,63,67,71,84,85,86,87,91,94" machi="94" ten="30,2000,0" yaku="1,1,0,1,53,0" doraHai="53" doraHaiUra="96" who="1" fromWho="1" sc="415,-11,244,33,228,-6,103,-6" /><INIT seed="5,0,0,0,0,32" ten="404,277,222,97" oya="1" hai0="61,38,113,54,48,126,22,45,35,52,57,94,103" hai1="95,36,37,72,124,8,55,110,76,75,71,93,80" hai2="3,107,12,15,13,59,24,109,17,90,92,116,11" hai3="88,102,125,62,10,60,130,20,1,51,16,73,128"/><U82/><E124/><V68/><F68/><W2/><G102/><T99/><D35/><U30/><E71/><V46/><F107/><W115/><G10/><T67/><D126/><U43/><E110/><V131/><F109/><W132/><G125/><T84/><D113/><U112/><E112/><V122/><F122/><W91/><G115/><T65/><D38/><U6/><E30/><V47/><F131/><N who="3" m="50219" /><G51/><T27/><D84/><U0/><E55/><V50/><F116/><W33/><G33/><T81/><D81/><U44/><E37/><V29/><F59/><W26/><G73/><T79/><D79/><AGARI ba="0,0" hai="0,6,8,36,43,44,72,75,76,79,80,82,93,95" machi="79" ten="40,12000,1" yaku="9,1,25,2,52,1" doraHai="32" who="1" fromWho="0" sc="404,-120,277,120,222,0,97,0" /><INIT seed="5,1,0,5,5,127" ten="284,397,222,97" oya="1" hai0="50,19,55,44,9,66,69,114,130,119,24,91,81" hai1="87,14,16,105,117,70,85,37,3,88,13,107,18" hai2="49,21,108,0,65,39,27,43,1,74,28,118,56" hai3="2,42,93,129,132,10,45,51,59,7,20,46,104"/><U98/><E117/><V78/><F108/><W63/><G104/><T40/><D119/><U125/><E3/><V12/><F39/><W68/><G132/><T47/><D114/><U126/><E70/><V86/><F74/><W71/><G46/><T17/><D69/><U4/><E37/><V82/><F118/><W84/><G129/><T67/><D130/><U116/><E116/><V133/><F133/><W58/><G59/><T111/><D111/><U113/><E113/><V34/><F43/><W97/><G84/><N who="0" m="50575" /><D17/><U62/><E62/><V31/><F31/><W101/><REACH who="3" step="1"/><G20/><REACH who="3" ten="284,397,222,87" step="2"/><N who="0" m="13343" /><D9/><U92/><E105/><V25/><F21/><W76/><G76/><T11/><D11/><N who="1" m="4327" /><E107/><V22/><F22/><W110/><G110/><T57/><D44/><U30/><E30/><V29/><F28/><W6/><G6/><T96/><D96/><U5/><E125/><V38/><F29/><W73/><G73/><T72/><D72/><U94/><E126/><V75/><F75/><W106/><G106/><T60/><AGARI ba="1,1" hai="40,47,50,55,57,60,66,67" m="13343,50575" machi="60" ten="30,1100,0" yaku="8,1" doraHai="127" who="0" fromWho="0" sc="284,24,397,-6,222,-4,87,-4" /><INIT seed="6,0,0,3,5,133" ten="308,391,218,83" oya="2" hai0="92,43,96,98,4,86,129,134,49,122,97,112,19" hai1="30,99,60,28,38,46,40,128,34,16,18,3,37" hai2="77,36,5,12,125,109,113,116,80,27,35,110,9" hai3="78,54,21,39,70,72,23,104,114,41,87,22,66"/><V2/><F116/><W119/><G119/><T127/><D122/><U81/><E3/><V25/><F36/><W62/><G104/><T124/><D134/><U24/><E37/><V51/><F113/><W59/><G72/><T15/><D4/><U52/><E128/><V6/><F51/><W76/><G114/><T121/><D129/><U42/><E42/><V33/><F80/><W73/><G87/><T95/><D121/><U20/><E81/><V1/><F77/><W103/><G103/><T63/><D63/><U75/><E75/><V53/><F53/><W11/><G11/><T56/><D86/><U118/><E118/><V115/><F115/><W111/><G111/><N who="2" m="42505" /><F125/><N who="0" m="48202" /><D112/><U55/><E60/><V74/><F74/><W32/><G32/><N who="2" m="12361" /><F6/><W17/><G17/><T94/><D43/><U100/><E18/><V67/><F67/><W83/><G83/><T106/><D106/><U102/><E30/><V47/><F47/><W48/><REACH who="3" step="1"/><G73/><REACH who="3" ten="308,391,218,73" step="2"/><T61/><D98/><U90/><E102/><V123/><F123/><W84/><G84/><T64/><D49/><U85/><E100/><V101/><F101/><W131/><G131/><T7/><D7/><U68/><E99/><V0/><AGARI ba="0,1" hai="0,1,2,5,9,12,25,27" m="12361,42505" machi="0" ten="40,7800,0" yaku="10,1,34,2" doraHai="133" who="2" fromWho="2" sc="308,-26,391,-26,218,88,73,-26" /><INIT seed="6,1,0,4,2,111" ten="282,365,306,47" oya="2" hai0="74,77,132,118,14,91,84,127,94,103,107,16,45" hai1="23,92,46,13,82,20,104,116,31,51,125,64,113" hai2="72,29,37,11,126,47,53,131,18,42,102,7,65" hai3="86,96,55,87,80,76,112,97,63,100,6,28,24"/><V8/><F72/><W12/><G6/><T39/><D118/><U56/><E116/><V95/><F131/><W130/><G130/><T26/><D127/><U99/><E125/><V15/><F126/><W68/><G12/><T134/><D26/><U43/><E104/><V73/><F73/><W101/><G55/><T62/><D62/><N who="1" m="37959" /><E113/><V114/><F114/><W83/><G112/><T122/><D122/><U5/><E31/><V40/><F65/><W27/><G68/><T133/><D45/><U89/><E82/><V21/><F29/><W25/><G63/><T10/><D39/><U2/><E2/><V135/><F135/><W60/><G60/><T19/><D74/><U119/><E119/><V58/><F42/><W44/><G44/><T109/><D109/><U120/><E120/><V3/><F95/><W88/><G28/><T38/><D38/><U78/><E78/><V48/><REACH who="2" step="1"/><F102/><REACH who="2" ten="282,365,296,47" step="2"/><W52/><REACH who="3" step="1"/><G52/><REACH who="3" ten="282,365,296,37" step="2"/><T49/><D133/><U115/><E115/><V59/><F59/><W85/><G85/><T9/><D132/><U35/><E35/><V34/><F34/><W36/><G36/><T75/><D134/><U79/><E92/><V70/><F70/><W90/><G90/><T0/><D75/><U110/><E89/><V121/><F121/><W67/><G67/><T105/><D103/><AGARI ba="1,2" hai="24,25,27,76,80,83,86,87,88,96,97,100,101,103" machi="103" ten="40,5200,0" yaku="1,1,8,1,54,1,53,0" doraHai="111" doraHaiUra="69" who="3" fromWho="0" sc="282,-55,365,0,296,0,37,75" /><INIT seed="7,0,0,4,2,8" ten="227,365,296,112" oya="3" hai0="133,90,24,123,130,30,56,16,4,65,59,55,110" hai1="47,62,64,113,116,18,5,6,25,46,21,134,27" hai2="128,112,51,58,114,35,126,124,103,80,72,1,15" hai3="60,41,97,10,20,95,7,120,14,99,32,86,17"/><W34/><G120/><T70/><D123/><U36/><E116/><V13/><F1/><W81/><G41/><T84/><D110/><U66/><E113/><N who="2" m="43627" /><F35/><W22/><G60/><T135/><D70/><U89/><E66/><V53/><F103/><W91/><G22/><T38/><D38/><U117/><E25/><V105/><F105/><W101/><REACH who="3" step="1"/><G99/><REACH who="3" ten="227,365,296,102" step="2"/><T111/><D111/><U129/><E21/><V26/><F126/><W37/><G37/><T87/><D133/><U118/><E36/><V28/><F124/><W121/><G121/><T82/><D135/><U77/><E134/><V57/><F51/><W76/><G76/><T73/><D130/><U23/><E77/><V63/><F128/><W0/><AGARI ba="0,1" hai="0,7,10,14,17,20,32,34,81,86,91,95,97,101" machi="0" ten="20,12000,1" yaku="1,1,0,1,7,1,52,1,53,1" doraHai="8" doraHaiUra="12" who="3" fromWho="3" sc="227,-40,365,-40,296,-40,102,130" /><INIT seed="7,1,0,0,0,64" ten="187,325,256,232" oya="3" hai0="82,0,67,77,102,122,109,28,9,130,99,131,8" hai1="76,34,97,79,68,120,15,57,103,44,81,111,78" hai2="27,53,11,124,121,100,39,85,49,87,46,75,47" hai3="128,72,63,62,129,119,93,70,106,48,4,42,88"/><W132/><G119/><T33/><D109/><U32/><E111/><V107/><F75/><W101/><G72/><T5/><D122/><U118/><E68/><V55/><F124/><W69/><G101/><T58/><D9/><U25/><E120/><V2/><F27/><W41/><G106/><T94/><D33/><U40/><E57/><V6/><F39/><W17/><G4/><T30/><D58/><U92/><E15/><V18/><F18/><W3/><G3/><T20/><D67/><U19/><E19/><V127/><F127/><W24/><G132/><T84/><REACH who="0" step="1"/><D20/><REACH who="0" ten="177,325,256,232" step="2"/><U105/><E32/><V126/><F121/><W43/><G128/><AGARI ba="1,1" hai="0,5,8,28,30,77,82,84,94,99,102,128,130,131" machi="128" ten="40,5200,0" yaku="1,1,2,1,19,1,53,0" doraHai="64" doraHaiUra="60" who="0" fromWho="3" sc="177,65,325,0,256,0,232,-55" owari="242,-16.0,325,42.0,256,6.0,177,-32.0" /></mjloggm>