<mjloggm ver="2.3"><GO type="41" lobby="0"/><UN n0="%61%74%73%75%6D%6F%34" n1="%E7%99%BD%E3%83%90%E3%83%AA%E3%82%A2" n2="%E5%B0%B1%E6%B4%BB%E7%94%9F%40%E5%B7%9D%E6%9D%91%E8%BB%8D%E5%9B%A3" n3="%E3%82%A8%E3%83%AB%E3%83%89%E3%83%A9%E3%83%89" dan="14,13,16,15" rate="1848.77,1841.79,2139.09,1966.33" sx="F,M,M,M"/><TAIKYOKU oya="0"/><INIT seed="0,0,0,4,2,93" ten="250,250,250,250" oya="0" hai0="122,101,33,3,31,17,99,36,104,109,79,5,59" hai1="57,108,107,115,77,72,12,78,37,34,47,117,86" hai2="7,11,114,80,110,89,135,60,64,56,134,19,73" hai3="16,44,58,45,76,30,20,0,52,28,68,92,25"/><T129/><D122/><U29/><E117/><V119/><F114/><W131/><G68/><T41/><D129/><U71/><E115/><V121/><F121/><W85/><G0/><T88/><D79/><U35/><E107/><V130/><F130/><W125/><G125/><T24/><D36/><U1/><E1/><V75/><F119/><W4/><G4/><T94/><D41/><U84/><E12/><V13/><F110/><W67/><G67/><T126/><D126/><U100/><E100/><V118/><F118/><W65/><G65/><T69/><D109/><U61/><E86/><V42/><F42/><W9/><G131/><T111/><D111/><U83/><E84/><N who="2" m="50311" /><F7/><W82/><G92/><T98/><D69/><U127/><E83/><V62/><F62/><W54/><G54/><T106/><D17/><U38/><E61/><V27/><F27/><W91/><G76/><T6/><D106/><U14/><E77/><V123/><F123/><W81/><G81/><T15/><D3/><U90/><E78/><V74/><F74/><W49/><G9/><T70/><D70/><U43/><E72/><V113/><F113/><W8/><G8/><T48/><D15/><U51/><E14/><V40/><F40/><W50/><G50/><T116/><D116/><U124/><E51/><V55/><F64/><W53/><G53/><T96/><REACH who="0" step="1"/><D96/><REACH who="0" ten="240,250,250,250" step="2"/><U10/><E127/><V128/><F128/><W22/><G30/><T21/><D21/><U97/><E29/><V105/><F105/><W95/><G22/><T46/><D46/><U102/><E124/><V133/><AGARI ba="0,1" hai="11,13,19,55,56,60,73,75,133,134,135" m="50311" machi="133" ten="30,2000,0" yaku="5,1,20,1" doraHai="93" who="2" fromWho="2" sc="240,-10,250,-5,250,30,250,-5" /><INIT seed="1,0,0,3,0,93" ten="230,245,280,245" oya="1" hai0="60,127,12,101,94,129,50,32,123,31,133,135,128" hai1="103,99,71,39,78,79,28,36,64,115,24,23,92" hai2="88,81,91,47,120,95,1,3,22,110,43,84,10" hai3="134,33,65,111,19,61,30,107,54,62,9,4,102"/><U46/><E115/><V48/><F120/><W27/><G111/><T125/><D123/><U121/><E121/><V106/><F106/><W132/><G54/><T98/><D50/><U124/><E124/><N who="0" m="47689" /><D60/><U126/><E126/><V18/><F10/><W77/><G19/><T45/><D45/><U85/><E85/><V73/><F110/><W90/><G77/><T34/><D12/><U21/><E21/><V0/><F73/><W119/><G90/><T52/><D52/><U76/><REACH who="1" step="1"/><E46/><REACH who="1" ten="230,235,280,245" step="2"/><V57/><F57/><W8/><G119/><T35/><D31/><U122/><E122/><V5/><F5/><W108/><G8/><T118/><D118/><U44/><E44/><V69/><F69/><W37/><G9/><T13/><D13/><U72/><E72/><V114/><F114/><W53/><G4/><T80/><D80/><U66/><E66/><V112/><F112/><W100/><G65/><T68/><D68/><U67/><E67/><V74/><F74/><W56/><G56/><T51/><D51/><U7/><E7/><V41/><F41/><W70/><G70/><T117/><D117/><U116/><E116/><V113/><F113/><W26/><G33/><T97/><D98/><U11/><E11/><V17/><REACH who="2" step="1"/><F22/><REACH who="2" ten="230,235,270,245" step="2"/><W15/><G132/><AGARI ba="0,2" hai="32,34,35,94,97,101,128,129,132,133,135" m="47689" machi="132" ten="40,8000,1" yaku="30,2,20,1,18,1,52,1" doraHai="93" who="0" fromWho="3" sc="230,100,235,0,270,0,245,-80" /><INIT seed="2,0,0,2,4,32" ten="330,235,270,165" oya="2" hai0="38,135,105,107,0,53,74,33,14,55,83,96,48" hai1="86,73,24,101,35,22,4,15,62,7,111,116,82" hai2="128,36,113,23,108,12,106,43,47,124,104,112,119" hai3="18,46,118,81,9,94,84,85,78,31,123,67,34"/><V19/><F119/><W30/><G118/><T114/><D114/><U6/><E116/><V65/><F128/><W69/><G123/><T8/><D38/><U117/><E117/><V25/><F124/><W93/><G34/><T2/><D33/><U90/><E111/><V102/><F108/><W133/><G133/><T42/><D42/><U11/><E35/><V95/><F65/><W44/><G67/><T92/><D135/><U5/><E73/><V76/><F76/><W88/><G69/><T20/><D20/><U1/><E101/><V27/><F27/><W134/><G134/><T50/><D74/><U68/><E68/><V37/><F37/><W110/><G110/><T16/><D83/><U26/><REACH who="1" step="1"/><E62/><REACH who="1" ten="330,225,270,165" step="2"/><V51/><F104/><W70/><G70/><T125/><D125/><U120/><E120/><V28/><F106/><W40/><G94/><T61/><D107/><U75/><E75/><V54/><F95/><W39/><G46/><T131/><D61/><U64/><E64/><V80/><F102/><W29/><G44/><T72/><D72/><U52/><E52/><V98/><F54/><W10/><G40/><T99/><D105/><U13/><E13/><V45/><F45/><W79/><G39/><T71/><D71/><U60/><E60/><V59/><F36/><W129/><G129/><T3/><D131/><U132/><E132/><V56/><F113/><W91/><REACH who="3" step="1"/><G9/><REACH who="3" ten="330,225,270,155" step="2"/><T17/><D92/><U109/><E109/><V58/><F112/><W77/><G77/><T130/><D130/><U126/><E126/><V21/><F80/><W66/><G66/><RYUUKYOKU ba="0,2" sc="330,-30,225,10,270,10,155,10" hai1="1,4,5,6,7,11,15,22,24,26,82,86,90" hai2="12,19,21,23,25,28,43,47,51,56,58,59,98" hai3="10,18,29,30,31,78,79,81,84,85,88,91,93" /><INIT seed="2,1,2,3,0,117" ten="300,235,280,165" oya="2" hai0="83,98,23,80,106,19,20,49,78,119,52,7,8" hai1="68,95,115,45,48,41,132,120,99,1,128,30,14" hai2="34,74,0,42,59,73,21,28,108,64,10,5,44" hai3="126,70,13,67,46,135,18,134,94,86,79,90,103"/><V31/><F34/><W55/><G103/><T11/><D119/><U109/><E115/><V58/><F108/><W105/><G105/><T84/><D106/><U43/><E109/><V62/><F58/><W125/><G79/><T129/><D129/><U131/><E1/><V96/><F96/><W110/><G110/><T33/><D33/><U124/><E68/><V104/><F104/><W69/><G55/><T133/><D133/><N who="3" m="50697" /><G46/><T6/><D98/><U102/><E132/><V111/><F111/><W35/><G35/><T12/><D83/><U4/><E124/><N who="3" m="47722" /><G67/><T114/><D114/><U87/><E30/><V76/><F76/><W88/><G90/><T60/><D60/><U118/><E118/><V51/><F31/><W32/><G32/><T72/><D72/><U100/><E100/><V91/><F91/><W36/><G36/><T24/><D23/><AGARI ba="1,2" hai="13,18,23,69,70,86,88,94" m="47722,50697" machi="23" ten="30,3900,0" yaku="20,1,18,1,54,1" doraHai="117" who="3" fromWho="0" sc="300,-42,235,0,280,0,165,62" /><INIT seed="3,0,0,1,4,23" ten="258,235,280,227" oya="3" hai0="49,55,57,50,118,31,105,70,16,25,14,77,20" hai1="116,18,66,97,110,128,92,115,64,48,41,72,73" hai2="32,0,124,22,47,96,127,33,90,113,13,54,114" hai3="12,93,121,34,79,81,95,30,67,2,7,35,112"/><W108/><G121/><T65/><D118/><U27/><E115/><N who="2" m="44043" /><F96/><W69/><G112/><T119/><D119/><U60/><E116/><V94/><F94/><W37/><G37/><T87/><D105/><U132/><E132/><V76/><F76/><W24/><G35/><N who="2" m="13385" /><F90/><W80/><G2/><T78/><D70/><U36/><E128/><V4/><F54/><W42/><G42/><T17/><D65/><U111/><E36/><V40/><F47/><W134/><G134/><T131/><D131/><U29/><E18/><N who="2" m="10575" /><F40/><W82/><G79/><T125/><D125/><N who="2" m="48202" /><F0/><W89/><G67/><T122/><D17/><U51/><E51/><V117/><F117/><W102/><G69/><T99/><D99/><U63/><E63/><V62/><F62/><W135/><G102/><T130/><D130/><U44/><E66/><V43/><F43/><W8/><G135/><T11/><D122/><U109/><E64/><V5/><AGARI ba="0,0" hai="4,5" m="48202,10575,13385,44043" machi="5" ten="40,5200,0" yaku="18,1,34,2" doraHai="23" who="2" fromWho="2" sc="258,-13,235,-13,280,52,227,-26" /><INIT seed="4,0,0,1,1,35" ten="245,222,332,201" oya="0" hai0="32,101,127,94,116,63,67,16,0,38,117,62,109" hai1="129,85,48,96,36,41,23,131,119,20,40,13,42" hai2="2,31,75,134,72,124,19,86,27,91,125,126,55" hai3="34,57,56,30,3,65,26,104,43,77,37,7,52"/><T84/><D38/><U79/><E119/><V44/><F134/><W70/><G104/><T74/><D74/><U9/><E36/><V112/><F112/><W8/><G77/><T92/><D32/><U64/><E64/><V118/><F118/><W80/><G80/><T95/><D117/><U29/><E29/><V103/><F103/><W93/><G70/><T99/><D116/><U76/><E48/><N who="2" m="29063" /><F19/><W66/><G57/><T6/><D63/><U83/><E96/><V50/><F50/><W132/><G132/><T45/><D45/><U73/><E73/><V107/><F2/><W49/><REACH who="3" step="1"/><G93/><REACH who="3" ten="245,222,332,191" step="2"/><T68/><D94/><U113/><E76/><V59/><F59/><W102/><G102/><T135/><D135/><U120/><E113/><V5/><F107/><W58/><G58/><T115/><D115/><U14/><E120/><V15/><F75/><W46/><AGARI ba="0,1" hai="3,7,8,26,30,34,37,43,46,49,52,56,65,66" machi="46" ten="30,7900,0" yaku="1,1,0,1,52,1,54,1,53,0" doraHai="35" doraHaiUra="88" who="3" fromWho="3" sc="245,-39,222,-20,332,-20,191,89" /><INIT seed="5,0,0,4,5,12" ten="206,202,312,280" oya="1" hai0="2,44,124,58,29,40,70,120,117,121,65,72,56" hai1="62,16,33,17,23,105,60,38,84,46,87,51,108" hai2="27,22,85,122,75,111,68,69,54,25,77,0,53" hai3="96,114,26,39,4,7,110,49,74,64,36,43,47"/><U8/><E33/><V48/><F0/><W100/><G74/><T11/><D29/><U128/><E105/><V35/><F75/><W32/><G110/><T82/><D58/><U76/><E108/><V116/><F111/><W109/><G109/><T129/><D56/><U28/><E38/><V125/><F116/><W106/><G64/><T78/><D117/><U123/><E123/><V92/><F122/><W9/><G114/><T41/><D41/><U34/><E34/><V81/><F125/><W5/><REACH who="3" step="1"/><G9/><REACH who="3" ten="206,202,312,270" step="2"/><T67/><D67/><U133/><E133/><V52/><F69/><W113/><G113/><T20/><D124/><U59/><E128/><V119/><F68/><W112/><G112/><T89/><D129/><U24/><E62/><V99/><F119/><W126/><G126/><T91/><D121/><U50/><E50/><V104/><F48/><W132/><G132/><T93/><D120/><U55/><E76/><V127/><F127/><W30/><AGARI ba="0,1" hai="4,5,7,26,30,32,36,39,43,47,49,96,100,106" machi="30" ten="30,4000,0" yaku="1,1,0,1,53,1" doraHai="12" doraHaiUra="37" who="3" fromWho="3" sc="206,-10,202,-20,312,-10,270,50" /><INIT seed="6,0,0,2,1,38" ten="196,182,302,320" oya="2" hai0="85,31,101,27,86,77,134,34,111,15,11,90,63" hai1="105,54,62,102,42,81,98,74,1,79,87,22,8" hai2="122,83,131,96,40,114,127,117,45,106,97,14,26" hai3="41,52,43,35,12,66,59,82,6,120,78,100,115"/><V33/><F122/><W65/><G35/><T119/><D111/><U128/><E128/><V76/><F117/><W23/><G120/><T5/><D119/><U124/><E124/><V60/><F114/><W132/><G100/><T91/><D134/><U53/><E22/><V93/><F131/><W88/><G132/><T104/><D63/><U7/><E62/><V21/><F127/><W18/><G6/><T32/><D77/><U103/><E103/><V29/><F60/><N who="3" m="35943" /><G78/><T17/><D104/><U118/><E118/><V129/><F129/><W70/><G70/><T37/><D37/><U55/><E54/><V125/><F125/><W28/><G28/><T10/><D101/><U9/><E8/><V4/><F106/><W47/><G115/><T24/><D86/><U68/><E68/><V30/><F30/><W13/><G13/><N who="0" m="7351" /><D85/><U2/><E2/><V113/><F113/><W92/><G82/><T44/><D44/><U89/><REACH who="1" step="1"/><E42/><REACH who="1" ten="196,172,302,320" step="2"/><N who="3" m="15882" /><G47/><T57/><D34/><U95/><AGARI ba="0,1" hai="1,7,9,53,55,74,79,81,87,89,95,98,102,105" machi="95" ten="20,12000,2" yaku="1,1,0,1,7,1,24,2,53,2" doraHai="38" doraHaiUra="49" who="1" fromWho="1" sc="196,-30,172,130,302,-60,320,-30" /><INIT seed="7,0,0,5,3,16" ten="166,302,242,290" oya="3" hai0="29,20,41,35,40,47,14,5,106,32,110,120,61" hai1="63,109,24,18,36,107,82,111,11,37,131,8,96" hai2="48,98,51,81,71,19,116,33,13,7,62,100,121" hai3="126,27,2,119,108,23,4,117,112,129,57,113,86"/><W66/><G126/><T65/><D110/><U43/><E131/><V74/><F121/><W77/><G129/><T56/><D120/><U132/><E132/><V135/><F33/><W114/><G108/><T22/><D106/><U42/><E82/><V53/><F135/><W92/><G4/><T88/><D35/><U31/><E18/><V80/><F7/><W39/><G39/><T76/><D76/><U127/><E127/><V79/><F81/><N who="3" m="47407" /><G2/><T67/><D32/><U49/><E49/><V34/><F34/><W21/><G92/><T9/><D29/><U72/><E72/><V69/><F62/><N who="3" m="38223" /><G27/><T28/><D28/><U38/><E38/><V89/><F89/><W55/><G55/><T52/><D88/><U60/><E24/><V133/><F133/><W84/><G84/><T83/><D83/><U124/><E124/><V70/><F116/><AGARI ba="0,0" hai="21,23,112,113,114,116,117,119" m="38223,47407" machi="116" ten="40,7700,0" yaku="15,1,52,2" doraHai="16" who="3" fromWho="2" sc="166,0,302,0,242,-77,290,77" owari="166,-23.0,302,10.0,165,-33.0,367,46.0" /></mjloggm>