<mjloggm ver="2.3"><GO type="41" lobby="0"/><UN n0="%E3%82%AA%E3%82%AC%E3%83%8E%E3%83%AB%E3%83%BC%E3%83%88" n1="%4E%54%47" n2="%E5%AF%8C%E7%94%B7%E3%81%A7%E3%81%99" n3="%E5%B0%B1%E6%B4%BB%E7%94%9F%40%E5%B7%9D%E6%9D%91%E8%BB%8D%E5%9B%A3" dan="14,13,15,18" rate="1925.55,1818.76,1938.86,2246.21" sx="M,M,M,M"/><TAIKYOKU oya="0"/><INIT seed="0,0,0,4,0,24" ten="250,250,250,250" oya="0" hai0="12,111,80,88,130,123,33,120,58,105,26,62,94" hai1="99,92,90,126,83,101,72,1,34,124,37,31,55" hai2="129,50,89,69,106,121,15,117,44,60,131,16,104" hai3="73,35,110,57,68,21,8,5,77,45,134,0,23"/><T32/><D130/><N who="2" m="49674" /><F121/><W39/><G68/><T70/><D105/><U48/><E37/><V47/><F117/><W133/><G35/><T7/><D70/><U82/><E1/><V67/><F89/><W56/><G110/><T25/><D111/><U108/><E108/><V65/><F65/><W109/><G109/><T98/><D33/><U115/><E115/><V19/><F47/><W2/><G2/><T3/><D3/><U40/><E40/><N who="2" m="24839" /><F19/><W46/><G57/><T93/><D123/><U6/><E6/><V116/><F116/><W128/><G56/><T91/><D120/><U13/><E13/><V4/><F4/><W107/><G128/><T84/><D32/><U76/><E34/><V79/><F79/><W63/><G46/><T10/><D80/><U18/><E18/><V61/><F61/><W95/><G63/><T59/><D59/><U127/><E31/><V132/><F132/><W119/><G119/><T53/><AGARI ba="0,0" hai="7,10,12,25,26,53,58,62,84,88,91,93,94,98" machi="53" ten="20,7800,0" yaku="0,1,7,1,8,1,54,1" doraHai="24" who="0" fromWho="0" sc="250,78,250,-26,250,-26,250,-26" /><INIT seed="0,1,0,0,3,70" ten="328,224,224,224" oya="0" hai0="119,124,129,14,118,5,85,51,107,133,62,86,93" hai1="34,44,50,117,13,2,15,36,116,102,61,73,132" hai2="77,8,40,19,58,33,1,66,42,105,69,18,94" hai3="75,22,114,37,26,32,16,68,76,41,103,56,106"/><T64/><D5/><U11/><E73/><V38/><F69/><W30/><G68/><T63/><D14/><U88/><E34/><V122/><F33/><W84/><G114/><T65/><D107/><U79/><E79/><V9/><F105/><W82/><G56/><T48/><D124/><U97/><E132/><V89/><F77/><W91/><G106/><T52/><D93/><U128/><E128/><V113/><F122/><W92/><G103/><T111/><D133/><U109/><E109/><V60/><F113/><W81/><G81/><T100/><D100/><U59/><E2/><V125/><F125/><W3/><G3/><T45/><D129/><U110/><E110/><V72/><F72/><W71/><G71/><T31/><D31/><U99/><E15/><V24/><F1/><W49/><G49/><T131/><D131/><U25/><E25/><V6/><F6/><W87/><G32/><T98/><D98/><U135/><E97/><V96/><F38/><W120/><G120/><T55/><D45/><U4/><E102/><V17/><REACH who="2" step="1"/><F24/><REACH who="2" ten="328,224,214,224" step="2"/><W90/><G37/><T134/><D134/><U39/><E135/><V95/><F95/><W57/><G76/><T112/><D112/><U21/><E39/><V108/><F108/><AGARI ba="1,1" hai="48,51,52,55,62,63,64,65,85,86,108,111,118,119" machi="108" ten="25,4800,0" yaku="22,2,54,1" doraHai="70" who="0" fromWho="2" sc="328,61,224,0,214,-51,224,0" /><INIT seed="0,2,0,1,2,17" ten="389,224,163,224" oya="0" hai0="117,133,24,67,111,101,15,99,36,14,78,94,13" hai1="97,61,129,91,87,53,107,105,26,55,73,92,41" hai2="79,128,37,63,18,83,32,45,96,8,7,29,89" hai3="48,0,42,108,10,34,9,125,116,1,64,22,58"/><T120/><D117/><U122/><E122/><V74/><F128/><W72/><G34/><T65/><D120/><U127/><E129/><V56/><F18/><W112/><G72/><T44/><D133/><U19/><E41/><V104/><F32/><W135/><G116/><T5/><D111/><U119/><E119/><V23/><F104/><W85/><G85/><T16/><D78/><U6/><E6/><V25/><F96/><W31/><G42/><T110/><D110/><U82/><E127/><V95/><F45/><W27/><G64/><N who="0" m="24651" /><D36/><U134/><E134/><V68/><F37/><W62/><G62/><T33/><D33/><U50/><E55/><V114/><F114/><W124/><G48/><T11/><D44/><U77/><E61/><V20/><F29/><W81/><G58/><T126/><D126/><N who="3" m="48745" /><G81/><T60/><D60/><U100/><E107/><V113/><F113/><W12/><G108/><T80/><D80/><U102/><E102/><V66/><F68/><W35/><G135/><T109/><D109/><U39/><E39/><V70/><F70/><W69/><G69/><T106/><D106/><U75/><E75/><V57/><F57/><W43/><G43/><T76/><D76/><U28/><E19/><V51/><F51/><W38/><G38/><T115/><D115/><U4/><E50/><V2/><REACH who="2" step="1"/><F25/><REACH who="2" ten="389,224,153,224" step="2"/><N who="3" m="18927" /><G112/><T46/><D46/><U49/><E49/><V131/><F131/><W123/><G123/><T118/><D118/><U21/><E4/><V121/><F121/><W59/><G59/><T40/><D40/><U54/><AGARI ba="2,1" hai="21,26,28,53,54,73,77,82,87,91,92,97,100,105" machi="54" ten="30,7900,0" yaku="0,1,24,2,52,1" doraHai="17" who="1" fromWho="1" sc="389,-41,224,95,153,-22,224,-22" /><INIT seed="1,0,0,0,5,111" ten="348,319,131,202" oya="1" hai0="17,71,26,5,72,96,67,21,88,8,90,125,53" hai1="104,50,92,84,94,3,15,102,77,87,131,97,93" hai2="73,64,23,16,112,82,103,65,1,133,113,79,75" hai3="66,10,81,100,49,38,39,107,31,41,62,33,59"/><U95/><E3/><V110/><F1/><W114/><G10/><T0/><D72/><U6/><E6/><V40/><F110/><W108/><G108/><T127/><D53/><U105/><E15/><V28/><F133/><W120/><G81/><T91/><REACH who="0" step="1"/><D96/><REACH who="0" ten="338,319,131,202" step="2"/><U99/><E131/><V134/><F134/><W60/><G120/><T54/><D54/><U32/><E50/><V121/><F75/><W68/><G49/><T9/><D9/><U122/><E122/><V30/><F121/><W47/><G39/><T83/><D83/><N who="1" m="47215" /><E32/><V14/><F40/><W76/><G41/><T124/><D124/><U119/><E119/><V123/><F123/><W63/><G38/><T51/><D51/><U57/><E57/><V27/><F103/><W7/><G59/><T43/><D43/><U29/><E29/><V36/><F36/><W74/><G74/><T132/><D132/><U128/><E128/><V86/><F30/><W25/><G100/><T126/><D126/><U11/><E11/><N who="2" m="6239" /><F73/><W34/><G31/><T45/><D45/><U56/><E56/><V58/><F58/><W130/><G47/><T48/><D48/><U37/><E37/><V35/><F35/><W12/><G130/><T20/><D20/><U109/><E109/><V4/><F4/><W19/><G7/><T42/><D42/><U46/><E46/><V118/><F118/><W80/><G34/><T116/><D116/><U52/><E52/><V2/><F2/><W22/><G33/><T85/><D85/><U61/><E61/><AGARI ba="0,1" hai="0,5,8,17,21,26,61,67,71,88,90,91,125,127" machi="61" ten="40,2600,0" yaku="1,1,54,1,53,0" doraHai="111" doraHaiUra="89" who="0" fromWho="1" sc="338,36,319,-26,131,0,202,0" /><INIT seed="2,0,0,5,3,18" ten="374,293,131,202" oya="2" hai0="84,81,127,31,113,11,105,34,65,131,23,64,42" hai1="71,125,126,15,59,9,107,132,115,85,43,46,0" hai2="29,52,67,128,27,135,134,104,76,102,60,86,79" hai3="55,99,44,89,87,70,14,39,8,12,53,83,24"/><V35/><F128/><W47/><G70/><T116/><D113/><U122/><E85/><V94/><F104/><W21/><G99/><T90/><D131/><U73/><E59/><N who="2" m="34919" /><F67/><W120/><G120/><T121/><D121/><U109/><E46/><N who="3" m="17450" /><G39/><T74/><D34/><U103/><E43/><V56/><F56/><W30/><G12/><T25/><D105/><U5/><E103/><V75/><F75/><W7/><AGARI ba="0,0" hai="7,8,14,21,24,30,53,55,83,87,89" m="17450" machi="7" ten="30,2000,0" yaku="8,1,52,1" doraHai="18" who="3" fromWho="3" sc="374,-5,293,-5,131,-10,202,20" /><INIT seed="3,0,0,2,3,103" ten="369,288,121,222" oya="3" hai0="29,4,88,31,85,33,74,114,12,62,81,126,110" hai1="41,124,102,53,89,16,121,43,135,72,116,46,56" hai2="105,54,84,134,122,67,132,3,119,60,97,17,108" hai3="123,68,7,120,115,129,104,66,30,131,58,25,106"/><W32/><G115/><T64/><D126/><U130/><E121/><N who="3" m="46666" /><G7/><T6/><D110/><U107/><E124/><V42/><F122/><W52/><G66/><T100/><D114/><U61/><E135/><N who="2" m="51755" /><F119/><W45/><G45/><T99/><D74/><U128/><E72/><V40/><F3/><W86/><G68/><T35/><D29/><U47/><E89/><V51/><F108/><W71/><G71/><T15/><D35/><U95/><E95/><V27/><F84/><W36/><G36/><T75/><D75/><U28/><E28/><V93/><F27/><W20/><G32/><T125/><D125/><U10/><E116/><V24/><F24/><W39/><G39/><T90/><D90/><U77/><E77/><V8/><F8/><W111/><G111/><T69/><D6/><U2/><E2/><V92/><F17/><W18/><G30/><T59/><D59/><U19/><E10/><V55/><F55/><W22/><G20/><T70/><D70/><U91/><E43/><N who="2" m="16427" /><F54/><W37/><G37/><T117/><D4/><U13/><E41/><V83/><F51/><N who="3" m="31007" /><G86/><T11/><D11/><U78/><E53/><V5/><F83/><W118/><G118/><T82/><D82/><U127/><E127/><V87/><F87/><W38/><G38/><T1/><D1/><U79/><E47/><V48/><F48/><W57/><G57/><T65/><D65/><U63/><E46/><V44/><F44/><W73/><G73/><T112/><D112/><U0/><E56/><N who="2" m="37255" /><F5/><W21/><G21/><T9/><D117/><U76/><E0/><V80/><F80/><RYUUKYOKU ba="0,0" sc="369,-15,288,-15,121,15,222,15" hai2="92,93,97,105" hai3="18,22,25,104,106,129,131" /><INIT seed="3,1,0,2,3,90" ten="354,273,136,237" oya="3" hai0="49,22,76,42,25,96,88,110,124,98,74,44,95" hai1="6,69,79,12,32,13,97,112,18,117,129,134,15" hai2="85,89,43,46,105,16,8,132,75,123,2,131,116" hai3="94,67,45,59,64,103,101,58,11,51,135,111,128"/><W26/><G128/><T113/><D110/><U33/><E69/><V37/><F116/><W102/><G135/><T91/><D124/><U114/><E79/><V72/><F132/><W107/><G107/><T83/><D113/><U126/><E134/><V24/><F105/><W10/><G26/><T38/><D38/><U109/><E97/><V30/><F131/><W108/><G94/><T7/><D7/><U80/><E80/><V5/><F123/><W55/><G11/><T47/><D47/><U20/><E129/><V36/><F36/><W9/><G9/><T40/><D40/><U54/><E54/><V70/><F70/><W3/><G3/><T29/><D98/><U19/><E126/><V99/><F99/><W4/><G10/><T106/><D106/><U77/><E77/><V87/><F87/><W73/><G73/><T50/><D50/><U31/><E109/><N who="3" m="42058" /><G4/><T127/><D127/><U52/><E52/><V86/><F86/><W121/><G121/><T35/><D35/><U133/><E133/><V27/><F27/><W104/><G104/><T125/><D125/><U66/><E117/><V57/><F16/><W21/><G21/><T48/><D48/><U34/><E66/><AGARI ba="1,0" hai="45,51,55,58,59,64,66,67,101,102,103" m="42058" machi="66" ten="30,2900,0" yaku="14,1,10,1" doraHai="90" who="3" fromWho="1" sc="354,0,273,-32,136,0,237,32" /><INIT seed="3,2,0,1,1,30" ten="354,241,136,269" oya="3" hai0="4,99,86,70,85,71,6,87,96,82,112,120,46" hai1="66,62,1,51,117,72,60,108,44,49,130,127,53" hai2="74,16,77,11,91,17,78,55,104,92,105,32,75" hai3="69,21,73,9,114,111,95,131,50,29,109,116,68"/><W103/><G116/><T126/><D120/><U26/><E72/><V40/><F40/><W79/><G114/><T14/><D112/><U81/><E1/><V83/><F55/><W89/><G103/><T76/><D126/><U132/><E81/><V48/><F48/><W97/><G131/><T122/><D122/><U22/><E108/><N who="3" m="41546" /><G9/><T54/><D71/><U0/><E0/><V94/><F11/><W23/><G50/><N who="0" m="29015" /><D70/><N who="3" m="27241" /><G29/><T37/><D37/><U129/><E117/><V113/><F113/><W34/><G34/><T25/><D25/><U64/><E22/><N who="3" m="8202" /><G79/><T13/><D76/><U134/><E26/><V80/><F91/><W107/><G73/><T31/><D31/><U61/><E127/><V42/><F42/><W52/><G52/><T88/><D4/><U8/><E8/><V56/><F56/><W19/><G19/><T39/><D39/><U36/><E36/><V124/><F124/><W3/><G107/><T15/><D6/><U2/><E2/><AGARI ba="2,0" hai="2,3,89,95,97" m="8202,27241,41546" machi="2" ten="40,3900,0" yaku="14,1,10,1" doraHai="30" who="3" fromWho="1" sc="354,0,241,-45,136,0,269,45" /><INIT seed="3,3,0,1,2,75" ten="354,196,136,314" oya="3" hai0="107,68,85,128,93,90,53,37,80,17,19,16,15" hai1="133,36,60,81,129,28,94,120,112,24,72,117,65" hai2="118,89,95,109,50,33,100,73,20,67,63,102,41" hai3="105,108,12,26,25,43,9,0,55,38,34,32,51"/><W54/><G105/><T87/><D68/><U30/><E28/><V56/><F33/><W61/><G0/><T48/><D37/><U11/><E94/><V3/><F3/><W99/><G38/><T124/><D107/><U119/><E11/><V69/><F118/><W76/><G108/><T91/><D128/><U84/><E84/><V35/><F35/><W2/><G2/><T77/><D124/><U125/><E81/><V78/><F109/><W110/><G110/><T29/><D29/><U22/><E60/><V132/><F20/><W21/><G99/><T1/><D1/><U79/><E65/><V104/><F132/><W66/><G43/><T86/><D86/><U96/><E72/><V116/><F116/><W45/><G55/><T18/><D18/><U122/><E36/><V121/><F121/><W114/><G114/><T44/><D90/><U126/><E30/><V101/><F104/><W82/><G32/><T70/><D70/><U106/><E106/><V88/><F95/><W39/><G34/><T4/><D4/><U134/><E96/><V47/><REACH who="2" step="1"/><F69/><REACH who="2" ten="354,196,126,314" step="2"/><W131/><G21/><AGARI ba="3,1" hai="15,16,17,19,21,44,48,53,77,80,85,87,91,93" machi="21" ten="30,7700,0" yaku="7,1,8,1,52,1,54,1" doraHai="75" who="0" fromWho="3" sc="354,96,196,0,126,0,314,-86" /><INIT seed="4,0,0,5,2,87" ten="450,196,126,228" oya="0" hai0="29,19,24,69,26,134,30,120,61,1,98,128,88" hai1="103,112,74,124,79,12,71,101,107,54,66,122,48" hai2="15,116,58,68,111,127,32,20,9,94,4,33,67" hai3="45,84,7,91,46,38,44,21,0,105,93,25,114"/><T80/><D120/><U63/><E122/><V34/><F68/><W97/><G114/><T72/><D134/><U118/><E118/><V5/><F116/><W129/><G129/><T28/><D1/><U100/><E124/><V82/><F127/><W119/><G119/><T42/><D128/><U86/><E74/><V131/><F131/><W8/><G38/><T77/><D42/><U76/><E112/><V99/><F82/><W130/><G130/><T35/><D19/><U133/><E133/><V49/><F111/><W2/><G2/><T110/><D110/><U55/><E12/><V59/><F4/><W78/><G78/><T113/><D113/><U62/><E107/><V39/><F39/><W60/><G60/><T31/><D69/><U102/><E63/><V125/><F125/><W121/><G121/><T123/><D61/><U43/><E43/><V132/><F67/><W16/><REACH who="3" step="1"/><G105/><REACH who="3" ten="450,196,126,218" step="2"/><T41/><D123/><U27/><E79/><V106/><F106/><W3/><G3/><T23/><REACH who="0" step="1"/><D41/><REACH who="0" ten="440,196,126,218" step="2"/><U47/><E27/><V13/><F132/><W56/><G56/><T40/><D40/><U57/><N who="1" m="26112" /><DORA hai="115" /><U126/><E126/><V104/><F58/><W92/><G92/><AGARI ba="0,2" hai="23,24,26,28,29,30,31,35,72,77,80,88,92,98" machi="92" ten="40,12000,1" yaku="1,1,52,1,54,1,53,1" doraHai="87,115" doraHaiUra="89,108" who="0" fromWho="3" sc="440,140,196,0,126,0,218,-120" /><INIT seed="4,1,0,5,2,23" ten="580,196,126,98" oya="0" hai0="40,16,3,81,18,100,20,111,101,62,53,104,75" hai1="79,28,83,17,21,35,134,77,107,85,113,68,93" hai2="52,70,128,86,12,130,99,69,10,123,98,55,45" hai3="48,66,91,117,36,88,47,7,37,108,92,4,58"/><T106/><D3/><U126/><E107/><V32/><F123/><W14/><G108/><T135/><D111/><U74/><E68/><N who="2" m="26219" /><F32/><W11/><G117/><T115/><D40/><U67/><E67/><V110/><F86/><W80/><G36/><T124/><D124/><U39/><E39/><V31/><F31/><W72/><G37/><T89/><D135/><U133/><E126/><V109/><F110/><W50/><G72/><T24/><D115/><U41/><E41/><V76/><F76/><W60/><G4/><T22/><D75/><U29/><E113/><V5/><F109/><W46/><G80/><T49/><D62/><U0/><E0/><V30/><F30/><W56/><G56/><N who="0" m="32815" /><D106/><U71/><E71/><V54/><F45/><N who="3" m="16907" /><G91/><T2/><D2/><U132/><E35/><V131/><AGARI ba="1,0" hai="5,10,12,52,54,55,98,99,128,130,131" m="26219" machi="131" ten="40,2700,0" yaku="19,1,54,1" doraHai="23" who="2" fromWho="2" sc="580,-14,196,-8,126,30,98,-8" /><INIT seed="5,0,0,2,3,125" ten="566,188,156,90" oya="1" hai0="35,118,72,47,2,87,133,77,57,11,130,39,103" hai1="50,99,90,106,78,124,62,24,98,22,40,28,113" hai2="19,36,63,3,104,108,66,42,54,14,16,132,8" hai3="126,127,83,75,88,20,114,1,68,48,34,9,80"/><U58/><E113/><V65/><F104/><W60/><G34/><T79/><D118/><U135/><E124/><N who="3" m="47658" /><G75/><T70/><D133/><U129/><E78/><V10/><F132/><W95/><G114/><T13/><D79/><U45/><E135/><V6/><F108/><W96/><G48/><T69/><D57/><U123/><E123/><V12/><F54/><W73/><G73/><T86/><D103/><U41/><E99/><V29/><F29/><W105/><G105/><T17/><D35/><U109/><E109/><V84/><F84/><W102/><G102/><T111/><D111/><U94/><E106/><V116/><F116/><W81/><G20/><T27/><D27/><U67/><REACH who="1" step="1"/><E129/><REACH who="1" ten="566,178,156,90" step="2"/><V122/><F122/><W101/><G101/><T0/><D130/><U112/><E112/><V120/><F120/><W49/><G49/><T59/><D77/><U110/><E110/><V7/><F63/><W76/><G76/><T119/><D119/><U21/><E21/><V51/><F51/><W56/><G9/><T4/><D11/><U115/><E115/><V44/><REACH who="2" step="1"/><F3/><REACH who="2" ten="566,178,146,90" step="2"/><W107/><G1/><T64/><D0/><U53/><AGARI ba="0,2" hai="22,24,28,40,41,45,50,53,58,62,67,90,94,98" machi="53" ten="20,18000,2" yaku="1,1,0,1,7,1,8,1,53,2" doraHai="125" doraHaiUra="38" who="1" fromWho="1" sc="566,-60,178,200,146,-60,90,-60" /><INIT seed="5,1,0,3,1,3" ten="506,378,86,30" oya="1" hai0="11,55,81,96,79,133,113,80,49,42,87,17,34" hai1="118,28,30,73,109,33,46,114,57,84,63,106,90" hai2="44,47,52,131,102,23,37,60,120,116,92,45,59" hai3="98,31,7,112,14,39,129,15,72,4,41,70,25"/><U10/><E118/><V91/><F116/><W108/><G70/><T111/><D34/><U105/><E73/><V62/><F120/><W119/><G72/><T110/><D113/><U66/><E114/><V38/><F131/><W51/><G119/><T35/><D133/><U115/><E115/><V32/><F32/><W93/><G112/><T13/><D35/><U65/><E109/><V107/><F107/><W29/><G39/><T54/><D96/><U8/><E46/><V12/><F62/><W24/><G108/><T6/><D80/><U5/><E33/><V18/><REACH who="2" step="1"/><F102/><REACH who="2" ten="506,378,76,30" step="2"/><N who="3" m="60751" /><G129/><T135/><D135/><U9/><E106/><V20/><F20/><W22/><G51/><T125/><D111/><U130/><E105/><V74/><F74/><W40/><G40/><T97/><D110/><U48/><E130/><V132/><F132/><W117/><G41/><T21/><D125/><U123/><E123/><V50/><F50/><W36/><G36/><T75/><D75/><U0/><E48/><V101/><F101/><W128/><G128/><T88/><D42/><U58/><E10/><V89/><F89/><W134/><G134/><T67/><D49/><U27/><E9/><V127/><F127/><W64/><G117/><T95/><D67/><U100/><E100/><V124/><F124/><W126/><G64/><T103/><D103/><U2/><E66/><V56/><F56/><W26/><G126/><T69/><D69/><U122/><E65/><V61/><F61/><W99/><G22/><T83/><D21/><U1/><E63/><V53/><F53/><W86/><G31/><RYUUKYOKU ba="1,1" sc="506,-10,378,-10,76,30,30,-10" hai2="12,18,23,37,38,44,45,47,52,59,60,91,92" /><INIT seed="6,2,1,1,0,71" ten="496,368,106,20" oya="2" hai0="51,64,76,66,128,95,5,74,17,39,63,101,56" hai1="97,93,102,75,124,29,30,19,13,115,107,61,117" hai2="2,25,42,109,53,105,130,49,135,122,114,48,110" hai3="85,27,80,58,77,106,14,134,1,57,9,45,89"/><V44/><F105/><W112/><G1/><T4/><D128/><U15/><E75/><V7/><F122/><W100/><G134/><T6/><D39/><U0/><E0/><V116/><F116/><W127/><G127/><T67/><D74/><U21/><E124/><V37/><F130/><W22/><G112/><T126/><D126/><U91/><E115/><V90/><F135/><W86/><G106/><T118/><D118/><U125/><E117/><V113/><F25/><W103/><G45/><T123/><D123/><U34/><E34/><V40/><F90/><W65/><G65/><N who="0" m="39143" /><D76/><U35/><E35/><V47/><F7/><W12/><G58/><T72/><D72/><U133/><E133/><V88/><F88/><W62/><G57/><T104/><D104/><U59/><E15/><V8/><F8/><W52/><G62/><T33/><D33/><U18/><E19/><V120/><F2/><W55/><G100/><T26/><D51/><U70/><E70/><V24/><F24/><W41/><G41/><T73/><D73/><U82/><E82/><V83/><F83/><N who="3" m="49343" /><G103/><T46/><D46/><U31/><E125/><V16/><F120/><W68/><G68/><T87/><D87/><U96/><E30/><V11/><F37/><W108/><G108/><N who="2" m="41577" /><F42/><W69/><G69/><T3/><D3/><U81/><E81/><V119/><F119/><W132/><G132/><T92/><D101/><U94/><E107/><V23/><F11/><W28/><G12/><T20/><AGARI ba="2,1" hai="4,5,6,17,20,26,64,66,67,92,95" m="39143" machi="20" ten="40,1500,0" yaku="8,1" doraHai="71" who="0" fromWho="0" sc="496,31,368,-6,106,-9,20,-6" /><INIT seed="7,0,0,1,0,75" ten="527,362,97,14" oya="3" hai0="106,56,0,113,54,101,22,49,111,42,67,24,65" hai1="66,58,79,27,5,114,128,121,61,103,122,102,124" hai2="23,126,93,1,52,35,63,15,116,125,33,12,8" hai3="62,133,11,44,69,78,83,43,32,77,40,39,28"/><W21/><G133/><T135/><D111/><U51/><E114/><V7/><F116/><W129/><G32/><N who="2" m="12361" /><F93/><W98/><G129/><T115/><D0/><U57/><E128/><V47/><F47/><W3/><G43/><T104/><D135/><U87/><E124/><N who="2" m="47723" /><F23/><W50/><G39/><T55/><D42/><U71/><E71/><V92/><F92/><W10/><G3/><T19/><D54/><U20/><E5/><V91/><F91/><W90/><G69/><T68/><D68/><U6/><E6/><V60/><F52/><W29/><G62/><AGARI ba="0,0" hai="1,7,8,12,15,60,62,63" m="47723,12361" machi="62" ten="30,1000,0" yaku="18,1" doraHai="75" who="2" fromWho="3" sc="527,0,362,0,97,10,14,-10" owari="527,63.0,362,16.0,107,-29.0,4,-50.0" /></mjloggm>