<mjloggm ver="2.3"><GO type="225" lobby="0"/><UN n0="%E5%B0%B1%E6%B4%BB%E7%94%9F%40%E5%B7%9D%E6%9D%91%E8%BB%8D%E5%9B%A3" n1="%E9%87%98%E5%AE%AE%E7%97%85%E6%82%A3%E8%80%85" n2="%E9%8C%AF%E4%B9%B1%E3%82%AB%E3%83%AB%E3%83%94%E3%82%B9" n3="%E9%AD%82%E9%AD%84%E5%A6%96%E5%A4%A2%2A" dan="17,17,18,16" rate="2215.95,2204.81,2221.69,2138.20" sx="M,F,F,F"/><TAIKYOKU oya="0"/><INIT seed="0,0,0,4,5,119" ten="250,250,250,250" oya="0" hai0="6,78,52,49,111,80,35,101,4,14,121,75,116" hai1="103,125,51,66,20,61,74,58,92,90,24,115,2" hai2="45,56,0,130,46,55,39,33,95,88,60,85,53" hai3="71,110,134,118,68,41,98,42,22,17,9,73,10"/><T102/><D116/><U112/><E74/><V54/><F0/><W59/><G118/><T104/><D35/><U30/><E2/><V129/><F33/><W32/><G32/><T83/><D121/><U13/><E125/><V50/><F39/><W135/><G73/><T87/><D111/><U7/><E51/><AGARI ba="0,0" hai="45,46,50,51,53,54,55,56,60,85,88,95,129,130" machi="51" ten="40,2600,0" yaku="9,1,54,1" doraHai="119" who="2" fromWho="1" sc="250,0,250,-26,250,26,250,0" /><INIT seed="1,0,0,1,1,130" ten="250,224,276,250" oya="1" hai0="115,75,100,50,95,5,30,46,120,35,125,41,128" hai1="133,55,135,53,48,86,77,119,8,98,16,2,22" hai2="94,103,129,68,31,63,29,17,64,12,21,122,97" hai3="83,73,111,25,69,18,65,32,34,33,81,51,56"/><U45/><E119/><V101/><F129/><W37/><G37/><T82/><D115/><U80/><E98/><V87/><F122/><W72/><G69/><T105/><D125/><U74/><E74/><V10/><F103/><W113/><G113/><T89/><D128/><U93/><E93/><V110/><F110/><W117/><G111/><T84/><D120/><U47/><E2/><V109/><F109/><W61/><G51/><T1/><D1/><U60/><E8/><V66/><F66/><W7/><G7/><T62/><D5/><U112/><E112/><V27/><REACH who="2" step="1"/><F87/><REACH who="2" ten="250,224,266,250" step="2"/><W57/><G65/><T38/><D100/><U90/><E77/><V134/><F134/><N who="1" m="51209" /><E60/><V54/><F54/><N who="1" m="20489" /><E48/><V6/><AGARI ba="0,1" hai="6,10,12,17,21,27,29,31,63,64,68,94,97,101" machi="6" ten="20,5200,0" yaku="1,1,0,1,7,1,53,1" doraHai="130" doraHaiUra="58" who="2" fromWho="2" sc="250,-13,224,-26,266,62,250,-13" /><INIT seed="2,0,0,4,4,30" ten="237,198,328,237" oya="2" hai0="108,76,78,116,27,122,118,107,37,20,17,86,124" hai1="81,34,83,103,32,36,125,12,85,126,74,28,98" hai2="90,93,8,69,132,134,128,96,15,51,46,42,67" hai3="60,2,119,117,120,48,64,10,56,25,54,24,71"/><V95/><F128/><W73/><G120/><T135/><D122/><U100/><E36/><V53/><F42/><W18/><G73/><T68/><D124/><N who="1" m="47723" /><E28/><V91/><F67/><W75/><G75/><T11/><D135/><N who="2" m="51754" /><F69/><W97/><G97/><T19/><D108/><U0/><E0/><V113/><F113/><W45/><G2/><T109/><D107/><N who="1" m="63895" /><E103/><N who="2" m="60815" /><F95/><W131/><G131/><T29/><D109/><U79/><E12/><V58/><F58/><W110/><G110/><T127/><D68/><U62/><E62/><V102/><F102/><W52/><G117/><T55/><D37/><U89/><AGARI ba="0,0" hai="32,34,74,79,81,83,85,89" m="63895,47723" machi="89" ten="30,4000,0" yaku="18,1,52,2" doraHai="30" who="1" fromWho="1" sc="237,-10,198,40,328,-20,237,-10" /><INIT seed="3,0,0,3,3,45" ten="227,238,308,227" oya="3" hai0="11,13,20,58,96,33,38,46,12,73,37,52,92" hai1="2,119,113,132,69,60,95,14,74,66,42,109,76" hai2="129,125,57,102,0,77,124,1,47,67,100,27,36" hai3="128,39,97,64,103,79,70,62,98,89,15,90,40"/><W25/><G128/><T16/><D73/><U108/><E2/><N who="2" m="1131" /><F77/><W34/><G79/><T23/><D33/><U123/><E132/><V111/><F111/><N who="1" m="42569" /><E113/><V5/><F5/><W18/><G40/><T84/><D84/><U48/><E95/><V131/><F27/><W51/><G39/><T78/><D78/><U21/><E123/><V55/><F67/><W83/><G51/><N who="0" m="28791" /><D38/><U85/><E74/><V61/><F47/><W24/><G98/><T44/><D44/><N who="1" m="25623" /><E119/><V50/><F36/><W87/><G90/><N who="0" m="55319" /><D37/><U63/><E63/><V133/><F61/><W135/><G135/><T41/><D41/><U104/><E104/><V134/><F134/><W93/><REACH who="3" step="1"/><G34/><REACH who="3" ten="227,238,308,217" step="2"/><T86/><D86/><U91/><E76/><V35/><F35/><W22/><AGARI ba="0,1" hai="15,18,22,24,25,62,64,70,83,87,89,93,97,103" machi="22" ten="20,7800,0" yaku="1,1,2,1,0,1,7,1,53,0" doraHai="45" doraHaiUra="26" who="3" fromWho="3" sc="227,-26,238,-26,308,-26,217,88" owari="201,-30.0,212,-19.0,282,8.0,305,41.0" /></mjloggm>