<mjloggm ver="2.3"><GO type="225" lobby="0"/><UN n0="%E6%84%9B%E5%AE%95%E3%83%8D%E3%82%AD%E3%80%82" n1="%E5%A6%82%E6%9C%88%E3%82%AB%E3%83%AB%E3%83%8A" n2="%E3%80%93%E4%B9%9D%E6%9D%A1%E3%82%AB%E3%83%AC%E3%83%B3%E3%80%93" n3="%E3%82%A6%E3%83%AB%E3%83%88%E3%83%A9%E7%AB%8B%E7%9B%B4" dan="17,16,16,17" rate="2169.14,2085.37,2077.84,2204.00" sx="M,M,F,M"/><TAIKYOKU oya="0"/><INIT seed="0,0,0,3,0,112" ten="250,250,250,250" oya="0" hai0="8,91,13,105,85,27,104,76,75,98,116,62,12" hai1="23,21,95,92,6,11,19,115,123,57,9,53,55" hai2="117,41,20,126,131,44,87,122,39,42,72,33,34" hai3="94,71,89,7,113,67,15,127,14,1,46,99,73"/><T108/><D108/><U119/><E123/><V86/><F122/><W52/><G113/><T56/><D116/><U32/><E32/><V102/><F72/><W3/><G127/><T35/><D13/><U111/><E111/><V50/><F102/><W130/><G130/><T36/><D36/><U24/><E115/><V16/><F131/><W106/><G73/><T17/><D76/><U125/><E125/><V120/><F120/><W103/><G71/><T40/><D40/><U132/><E132/><V25/><F117/><W121/><G67/><T49/><D75/><U78/><E78/><V88/><F87/><W64/><G64/><T107/><D49/><U69/><E69/><V30/><F126/><W22/><G15/><T134/><D134/><U96/><E6/><V2/><F2/><W29/><G121/><T109/><D109/><U128/><E128/><V81/><REACH who="2" step="1"/><F30/><REACH who="2" ten="250,250,240,250" step="2"/><W37/><G29/><T66/><D98/><U5/><E119/><V38/><F38/><W80/><G37/><T61/><D105/><U114/><E114/><V4/><F4/><W48/><G106/><T68/><D107/><U82/><E5/><V70/><F70/><W58/><G3/><T83/><D104/><U59/><E96/><V77/><F77/><W100/><G1/><T31/><D68/><U129/><E129/><V74/><F74/><W133/><G133/><T79/><D79/><U93/><E19/><V26/><F26/><W90/><G7/><T51/><D66/><U0/><E24/><V110/><F110/><W28/><G28/><T135/><D135/><U84/><E0/><RYUUKYOKU ba="0,1" sc="250,15,250,-15,240,15,250,-15" hai0="8,12,17,27,31,35,51,56,61,62,83,85,91" hai2="16,20,25,33,34,39,41,42,44,50,81,86,88" /><INIT seed="0,1,1,2,1,90" ten="265,235,255,235" oya="0" hai0="134,42,29,101,74,51,63,127,48,99,28,125,26" hai1="19,113,33,21,17,69,55,39,35,54,93,45,61" hai2="25,52,7,115,59,109,23,53,4,6,128,121,43" hai3="9,133,24,78,12,111,131,65,3,67,108,8,84"/><T96/><D74/><U40/><E113/><V1/><F109/><N who="3" m="42059" /><G131/><T117/><D117/><U22/><E22/><V5/><F121/><W62/><G133/><T58/><D134/><U47/><E19/><V56/><F115/><W105/><G105/><T106/><D99/><U81/><E81/><V30/><F128/><W116/><G116/><T13/><D13/><U120/><E120/><V14/><F43/><W75/><G75/><T112/><D112/><U46/><E46/><V10/><F1/><W122/><G122/><T50/><D42/><U60/><E93/><V37/><REACH who="2" step="1"/><F37/><REACH who="2" ten="265,235,245,235" step="2"/><W49/><G3/><T88/><D125/><U20/><E39/><V97/><F97/><W100/><G8/><T130/><D127/><U31/><E40/><V57/><AGARI ba="1,2" hai="4,5,6,7,10,14,23,25,30,52,53,56,57,59" machi="57" ten="30,7900,0" yaku="1,1,0,1,8,1,54,1,53,0" doraHai="90" doraHaiUra="107" who="2" fromWho="2" sc="265,-40,235,-21,245,102,235,-21" /><INIT seed="1,0,0,0,3,109" ten="225,214,347,214" oya="1" hai0="36,114,12,33,48,96,126,15,118,46,93,47,38" hai1="26,81,125,39,41,87,122,37,16,13,112,59,107" hai2="127,60,82,70,133,11,6,68,120,53,61,58,132" hai3="78,99,95,74,130,62,86,45,3,9,101,89,135"/><U105/><E122/><V128/><F120/><W23/><G130/><T110/><D118/><U0/><E0/><V18/><F128/><W20/><G135/><N who="2" m="51785" /><F127/><W51/><G62/><T113/><D33/><U84/><E125/><V72/><F18/><W90/><G90/><T66/><D126/><U67/><E112/><V98/><F61/><W71/><G71/><T115/><D110/><U76/><E26/><V54/><F54/><W1/><G1/><T131/><D66/><U85/><E67/><V124/><F98/><W22/><G9/><T30/><D30/><U17/><E59/><V80/><F124/><W64/><G3/><T100/><D131/><U108/><E108/><V117/><F117/><W19/><G64/><T63/><D63/><U134/><E17/><V106/><F106/><W123/><G123/><T97/><D97/><U73/><E134/><V102/><F102/><W28/><G28/><T24/><D24/><U55/><E55/><V10/><F10/><W121/><G121/><T111/><D111/><U44/><REACH who="1" step="1"/><E37/><REACH who="1" ten="225,204,347,214" step="2"/><V21/><F53/><W2/><G2/><T129/><D129/><U104/><E104/><V94/><F68/><W32/><G19/><T35/><D36/><U75/><E75/><V5/><F72/><W40/><G74/><T83/><D38/><U77/><E77/><V8/><F70/><W27/><G78/><T65/><D115/><U14/><E14/><V119/><F58/><W31/><REACH who="3" step="1"/><G32/><REACH who="3" ten="225,204,347,204" step="2"/><T91/><D35/><U88/><E88/><V52/><F60/><W43/><G43/><N who="0" m="24703" /><D113/><U29/><E29/><V56/><F52/><RYUUKYOKU ba="0,2" sc="225,-15,204,15,347,-15,204,15" hai1="13,16,39,41,44,73,76,81,84,85,87,105,107" hai3="20,22,23,27,31,40,45,51,86,89,95,99,101" /><INIT seed="1,1,2,4,0,126" ten="210,219,332,219" oya="1" hai0="1,77,44,135,120,86,124,92,88,109,80,89,104" hai1="11,37,3,106,125,45,114,76,68,67,102,47,29" hai2="100,6,93,59,94,35,60,2,26,4,57,111,98" hai3="53,58,13,55,90,12,81,20,21,50,32,116,105"/><U17/><E114/><V83/><F111/><W117/><G32/><T65/><D1/><U96/><E125/><V48/><F2/><W115/><G105/><T22/><D124/><U28/><E76/><V79/><F48/><N who="3" m="31015" /><G115/><T23/><D104/><U99/><E99/><V130/><F59/><N who="3" m="33271" /><G90/><N who="0" m="34923" /><D109/><U43/><E47/><V30/><F94/><W0/><G0/><T69/><D69/><U36/><E36/><V85/><F130/><W10/><G81/><T108/><D108/><U110/><E110/><V15/><F15/><N who="3" m="5707" /><G10/><T82/><D135/><U132/><E132/><V84/><F84/><W16/><G16/><T52/><D120/><U9/><E17/><V64/><AGARI ba="1,2" hai="4,6,26,30,35,57,60,64,79,83,85,93,98,100" machi="64" ten="20,1500,0" yaku="0,1,7,1" doraHai="126" who="2" fromWho="2" sc="210,-5,219,-8,332,38,219,-5" /><INIT seed="2,0,0,5,3,118" ten="205,211,370,214" oya="2" hai0="23,24,121,112,102,37,9,41,81,14,82,77,16" hai1="114,110,122,36,27,101,71,2,94,42,10,87,97" hai2="48,88,33,29,4,129,0,76,92,106,60,111,125" hai3="134,132,65,120,123,59,44,17,95,35,61,21,51"/><V100/><F129/><W20/><G35/><T55/><D112/><U15/><E114/><V83/><F106/><W1/><G95/><T34/><D34/><U57/><E71/><V119/><F119/><W69/><G1/><T91/><D121/><U131/><E131/><V12/><F0/><W58/><G21/><T70/><D70/><U126/><E2/><V30/><F100/><W135/><G135/><T31/><D102/><U40/><E36/><V93/><F125/><W52/><G59/><T64/><D64/><U113/><E113/><V107/><F107/><W18/><G18/><T53/><D91/><U47/><E47/><V56/><F48/><W78/><G78/><T124/><D124/><U7/><E126/><V130/><F93/><W5/><G5/><T84/><REACH who="0" step="1"/><D82/><REACH who="0" ten="195,211,370,214" step="2"/><U63/><E122/><V105/><F33/><W133/><G69/><T89/><D89/><U46/><E101/><V19/><F83/><W90/><G90/><T62/><D62/><U3/><E63/><V11/><F88/><W68/><G68/><T99/><D99/><U50/><E97/><V117/><F60/><W127/><G127/><T116/><D116/><U73/><E94/><V38/><F92/><W72/><G72/><T109/><D109/><U66/><E73/><V103/><F111/><W96/><G96/><T39/><D39/><U13/><E110/><V49/><F38/><W128/><G128/><T108/><D108/><U85/><E85/><V45/><F130/><W43/><G65/><T79/><D79/><U98/><E66/><V67/><F67/><W22/><G133/><RYUUKYOKU ba="0,1" sc="195,30,211,-10,370,-10,214,-10" hai0="9,14,16,23,24,31,37,41,53,55,77,81,84" /><INIT seed="3,1,1,1,3,45" ten="225,201,360,204" oya="3" hai0="18,33,32,127,103,63,67,6,105,20,122,28,95" hai1="131,110,129,22,23,4,37,112,5,86,70,83,39" hai2="61,85,73,27,91,100,116,13,132,120,15,0,114" hai3="7,74,47,52,26,109,118,62,84,53,11,46,65"/><W24/><G74/><T101/><D122/><U125/><E112/><V75/><F0/><W115/><G115/><T35/><D6/><N who="1" m="2667" /><E70/><V79/><F116/><W49/><G118/><T60/><D127/><U81/><E125/><V108/><F108/><W133/><G109/><T119/><D119/><U80/><E86/><V21/><F100/><W9/><G133/><T97/><D103/><U51/><E51/><V16/><F132/><W42/><G84/><T107/><D60/><U77/><E77/><V104/><F104/><W10/><G7/><T57/><REACH who="0" step="1"/><D28/><REACH who="0" ten="215,201,360,204" step="2"/><U111/><E111/><V135/><F61/><W106/><G106/><T34/><N who="0" m="8192" /><DORA hai="69" /><T50/><D50/><U58/><E110/><V128/><F120/><W96/><G96/><T134/><D134/><U121/><E121/><V113/><F135/><W71/><REACH who="3" step="1"/><G53/><REACH who="3" ten="215,201,360,194" step="2"/><T66/><D66/><U17/><E129/><V43/><F128/><W117/><G117/><T92/><D92/><U98/><E131/><V38/><F114/><W102/><G102/><T36/><D36/><AGARI ba="1,3" hai="9,10,11,24,26,36,42,46,47,49,52,62,65,71" machi="36" ten="40,12000,1" yaku="1,1,52,2,54,1,53,1" doraHai="45,69" doraHaiUra="44,89" who="3" fromWho="0" sc="215,-123,201,0,360,0,194,153" /><INIT seed="3,2,0,1,3,24" ten="92,201,360,347" oya="3" hai0="88,4,112,29,65,73,39,89,78,104,85,20,70" hai1="8,10,32,69,66,13,28,23,83,111,19,45,41" hai2="99,46,67,93,63,120,135,74,86,98,76,134,81" hai3="21,33,124,60,38,18,128,35,97,50,108,12,14"/><W113/><G38/><T90/><D104/><U131/><E111/><V110/><F110/><W79/><G108/><T25/><D39/><U102/><E131/><V96/><F120/><W2/><G79/><T11/><D112/><U27/><E102/><V75/><F46/><W95/><G2/><T130/><D130/><U84/><E66/><V91/><REACH who="2" step="1"/><F75/><REACH who="2" ten="92,201,350,347" step="2"/><W6/><G113/><T82/><D65/><U31/><E69/><AGARI ba="2,1" hai="63,67,69,74,76,81,86,91,93,96,98,99,134,135" machi="69" ten="40,5200,0" yaku="1,1,2,1,53,1" doraHai="24" doraHaiUra="72" who="2" fromWho="1" sc="92,0,201,-58,350,68,347,0" owari="92,-41.0,143,-26.0,418,52.0,347,15.0" /></mjloggm>