<mjloggm ver="2.3"><GO type="169" lobby="0"/><UN n0="%68%6F%6C%6D%65%73" n1="%E3%82%A6%E3%83%AB%E3%83%88%E3%83%A9%E7%AB%8B%E7%9B%B4" n2="%E7%AB%8B%E8%8F%AF%E5%A5%8F" n3="%E3%81%AD%E3%81%93%E3%81%AB%E3%82%83%E3%82%93" dan="17,17,17,16" rate="2181.74,2156.45,2187.73,2068.90" sx="M,M,F,F"/><TAIKYOKU oya="0"/><INIT seed="0,0,0,3,3,73" ten="250,250,250,250" oya="0" hai0="117,52,47,78,28,118,108,11,131,64,113,96,21" hai1="67,135,51,40,74,95,5,103,115,7,90,77,70" hai2="1,114,42,97,65,22,84,38,106,49,130,31,44" hai3="66,68,109,12,85,6,25,119,86,35,53,129,94"/><T30/><D113/><U0/><E115/><V27/><F114/><W87/><G119/><T18/><D131/><U34/><E34/><V50/><F130/><W26/><G129/><T3/><D64/><U17/><E103/><V60/><F1/><W62/><G109/><T81/><D108/><U2/><E135/><V132/><F132/><W41/><G41/><T33/><D33/><U56/><E70/><V133/><F133/><W104/><G104/><T9/><D96/><U23/><E7/><V88/><F97/><W112/><G112/><T110/><D110/><U45/><E5/><V59/><REACH who="2" step="1"/><F106/><REACH who="2" ten="250,250,240,250" step="2"/><W57/><G35/><T100/><D3/><U123/><E0/><V128/><F128/><W13/><G94/><AGARI ba="0,1" hai="22,27,31,38,42,44,49,50,59,60,65,84,88,94" machi="94" ten="30,7700,0" yaku="1,1,7,1,54,1,53,1" doraHai="73" doraHaiUra="39" who="2" fromWho="3" sc="250,0,250,0,240,87,250,-77" /><INIT seed="1,0,0,4,2,57" ten="250,250,327,173" oya="1" hai0="61,12,43,92,134,28,106,53,83,68,40,10,91" hai1="70,97,17,19,78,35,49,37,113,2,22,29,69" hai2="16,6,67,59,74,14,33,98,13,52,109,45,101" hai3="3,36,55,125,95,110,128,114,99,90,48,135,103"/><U42/><E37/><V38/><F109/><W11/><G36/><T31/><D134/><U85/><E113/><V93/><F33/><W112/><G110/><T86/><D106/><U126/><E2/><V73/><F67/><W81/><G135/><T87/><D68/><U104/><E126/><V131/><F131/><W115/><G128/><T94/><D94/><U102/><E35/><V24/><F6/><W133/><G133/><T64/><D53/><U96/><E29/><N who="0" m="11337" /><D64/><U21/><E96/><V123/><F123/><W8/><G3/><T4/><D61/><U116/><E116/><V15/><F38/><W132/><G125/><T105/><D105/><U56/><E85/><V34/><F45/><W62/><G132/><T124/><D124/><U30/><E78/><AGARI ba="0,0" hai="4,10,12,40,43,78,83,86,87,91,92" m="11337" machi="78" ten="30,1000,0" yaku="8,1" doraHai="57" who="0" fromWho="1" sc="250,10,250,-10,327,0,173,0" /><INIT seed="2,0,0,5,2,55" ten="260,240,327,173" oya="2" hai0="40,97,119,131,5,93,36,74,89,110,44,0,21" hai1="34,20,87,133,60,98,129,61,84,123,15,81,102" hai2="85,45,48,92,56,29,12,88,17,39,28,96,11" hai3="99,2,31,79,100,124,126,121,10,115,103,4,33"/><V90/><F39/><W114/><G79/><T75/><D110/><U30/><E133/><V35/><F35/><W107/><G103/><T78/><D131/><U113/><E129/><V58/><F28/><W25/><REACH who="3" step="1"/><G121/><REACH who="3" ten="260,240,327,163" step="2"/><T104/><D78/><U73/><E102/><V127/><F127/><AGARI ba="0,1" hai="2,4,10,25,31,33,99,100,107,114,115,124,126,127" machi="127" ten="40,8000,1" yaku="1,1,2,1,18,1,23,2,53,0" doraHai="55" doraHaiUra="68" who="3" fromWho="2" sc="260,0,240,0,327,-80,163,90" /><INIT seed="3,0,0,4,4,76" ten="260,240,247,253" oya="3" hai0="83,77,97,102,133,10,130,57,95,46,40,86,71" hai1="114,64,49,93,17,4,24,21,121,82,25,81,103" hai2="47,70,0,8,35,94,15,92,12,98,34,26,88" hai3="53,135,59,99,73,134,126,112,44,79,80,23,124"/><W85/><G44/><T11/><D71/><U45/><E114/><V61/><F0/><W110/><G23/><T22/><D133/><N who="3" m="50697" /><G112/><T115/><D130/><U31/><E121/><V39/><F26/><W16/><G16/><T129/><D129/><U54/><E4/><V120/><F120/><W118/><G118/><T27/><D115/><U33/><REACH who="1" step="1"/><E64/><REACH who="1" ten="260,230,247,253" step="2"/><V55/><F34/><W9/><G110/><T66/><D66/><U51/><E51/><V6/><F35/><W117/><G117/><T13/><D10/><U14/><E14/><V87/><F12/><W20/><G9/><T19/><D11/><U111/><E111/><V107/><F39/><W50/><G20/><T89/><D13/><U41/><E41/><V2/><F15/><W42/><G42/><T84/><D40/><U104/><E104/><V67/><F107/><W78/><G99/><AGARI ba="0,1" hai="17,21,24,25,31,33,45,49,54,81,82,93,99,103" machi="99" ten="40,5200,0" yaku="1,1,52,2,53,0" doraHai="76" doraHaiUra="65" who="1" fromWho="3" sc="260,0,230,62,247,0,253,-52" /><INIT seed="4,0,0,2,0,4" ten="260,292,247,201" oya="0" hai0="44,36,94,88,85,32,80,2,74,105,104,38,20" hai1="109,75,69,45,118,5,48,99,71,68,14,76,114" hai2="64,93,46,49,102,50,82,116,0,29,113,35,86" hai3="97,95,66,43,60,96,62,12,65,91,115,17,55"/><T59/><D32/><U70/><E118/><V23/><F116/><W27/><G43/><T25/><D2/><U103/><E109/><V117/><F117/><W79/><G79/><T19/><D59/><U30/><E30/><V22/><F0/><W54/><G96/><T58/><D58/><U89/><E114/><V63/><F113/><W52/><G27/><T39/><REACH who="0" step="1"/><D44/><REACH who="0" ten="250,292,247,201" step="2"/><U100/><E71/><V135/><F35/><W129/><G115/><T127/><D127/><U121/><E45/><V123/><F46/><W21/><G129/><T83/><D83/><U128/><E69/><V18/><F82/><W33/><G33/><T107/><D107/><U77/><E70/><V126/><F126/><W87/><G62/><T125/><D125/><U31/><E68/><V84/><F63/><W51/><G60/><T56/><D56/><U73/><E128/><V78/><F93/><W28/><G65/><T16/><D16/><U90/><E5/><V34/><F18/><W101/><G66/><T3/><D3/><U7/><E7/><V98/><F64/><W10/><G28/><T111/><D111/><U124/><E31/><V47/><F29/><W72/><G72/><T57/><D57/><U119/><E75/><V53/><F47/><W24/><G51/><T40/><D40/><U61/><E48/><V11/><F49/><W134/><G134/><T42/><D42/><U6/><E73/><V110/><F50/><W13/><G55/><T131/><D131/><U26/><E124/><V133/><F135/><W9/><G54/><T8/><D8/><N who="3" m="3177" /><G52/><T122/><D122/><RYUUKYOKU ba="0,1" sc="250,15,292,-15,247,-15,201,15" hai0="19,20,25,36,38,39,74,80,85,88,94,104,105" hai3="12,13,17,21,24,87,91,95,97,101" /><INIT seed="4,1,1,4,5,55" ten="265,277,232,216" oya="0" hai0="93,20,115,122,31,81,77,73,17,0,130,64,40" hai1="25,2,111,86,120,91,70,119,29,68,96,43,80" hai2="41,131,129,69,102,98,62,65,56,128,78,123,126" hai3="118,3,71,67,15,42,121,21,89,90,19,7,117"/><T66/><D115/><U49/><E119/><V84/><F123/><W34/><G34/><T108/><D122/><U23/><E120/><V75/><F75/><W48/><G121/><T109/><D0/><U101/><E2/><V127/><F41/><W26/><G3/><T74/><D130/><U132/><E111/><N who="0" m="42569" /><D31/><U104/><REACH who="1" step="1"/><E132/><REACH who="1" ten="265,267,232,216" step="2"/><V53/><F78/><W33/><G117/><T113/><D113/><U16/><E16/><V45/><F84/><W105/><G19/><T100/><D73/><U95/><E95/><N who="2" m="58719" /><F45/><AGARI ba="1,2" hai="23,25,29,43,45,49,68,70,80,86,91,96,101,104" machi="45" ten="40,1300,0" yaku="1,1,53,0" doraHai="55" doraHaiUra="30" who="1" fromWho="2" sc="265,0,267,36,232,-16,216,0" /><INIT seed="5,0,0,4,5,93" ten="265,303,216,216" oya="1" hai0="61,3,79,91,38,48,104,131,34,63,134,101,82" hai1="58,75,52,77,11,57,122,51,80,85,55,111,4" hai2="21,60,106,1,115,119,72,118,92,13,100,69,43" hai3="17,84,39,25,103,86,112,14,59,27,133,105,97"/><U0/><E111/><V121/><F1/><W6/><G39/><T117/><D38/><U94/><E122/><V135/><F121/><W7/><G133/><T78/><D117/><U36/><E36/><V5/><F135/><W88/><G86/><T125/><D134/><U70/><E70/><V23/><F72/><W20/><G112/><T126/><D34/><U2/><E2/><V67/><F106/><W53/><G7/><T16/><D3/><U31/><E31/><V28/><F43/><W116/><G6/><T96/><D131/><U132/><E132/><V66/><F115/><W42/><G42/><T41/><D91/><U40/><E40/><V110/><F110/><W76/><G76/><N who="0" m="29227" /><D82/><U129/><E129/><V37/><F37/><W130/><G116/><T81/><D81/><U12/><E0/><V24/><F66/><W95/><REACH who="3" step="1"/><G130/><REACH who="3" ten="265,303,216,206" step="2"/><T74/><D74/><U26/><E75/><V56/><F5/><W45/><G45/><T89/><D41/><U8/><E4/><V114/><F114/><W18/><G18/><T32/><D16/><U33/><E77/><V71/><F119/><W15/><G15/><T9/><D125/><U124/><E12/><V68/><F118/><W108/><G108/><T50/><D126/><U35/><E124/><V87/><F87/><W107/><G107/><T49/><D104/><U102/><E85/><V30/><F13/><W29/><G29/><T98/><D98/><U99/><E99/><N who="2" m="59495" /><F28/><W113/><G113/><T44/><D44/><U123/><E123/><V128/><F128/><W19/><G19/><T90/><D96/><RYUUKYOKU ba="0,1" sc="265,-15,303,-15,216,15,206,15" hai2="21,23,24,30,56,60,67,68,69,71" hai3="14,17,20,25,27,53,59,84,88,95,97,103,105" /><INIT seed="6,1,1,0,2,23" ten="250,288,231,221" oya="2" hai0="80,106,89,4,52,58,10,90,40,25,124,115,108" hai1="77,65,44,83,16,47,81,107,37,70,120,91,11" hai2="110,62,12,27,74,114,131,86,43,79,87,32,49" hai3="134,92,113,8,121,105,100,19,54,132,127,55,122"/><V125/><F110/><W17/><G105/><T66/><D108/><U18/><E107/><V38/><F38/><W97/><G127/><T84/><D106/><U57/><E70/><V15/><F125/><W69/><G69/><T1/><D124/><U29/><E29/><V35/><F114/><W0/><G113/><T3/><D66/><U104/><E104/><V22/><F74/><W103/><G0/><T67/><D67/><U118/><E118/><V99/><F131/><W109/><G109/><T36/><D115/><U93/><E37/><V64/><F99/><W76/><G76/><T61/><D25/><U123/><E57/><N who="2" m="36943" /><F32/><W31/><G31/><T96/><D3/><U5/><E65/><V119/><F35/><W59/><G103/><T128/><D128/><U72/><E81/><N who="2" m="47423" /><F87/><W88/><G100/><T21/><D96/><U2/><E44/><N who="2" m="25759" /><F119/><W102/><G102/><T14/><D36/><U39/><E47/><V28/><AGARI ba="1,1" hai="12,15,22,27,28" m="25759,47423,36943" machi="28" ten="30,3000,0" yaku="8,1,52,1" doraHai="23" who="2" fromWho="2" sc="250,-11,288,-11,231,43,221,-11" /><INIT seed="6,2,0,4,0,48" ten="239,277,274,210" oya="2" hai0="50,6,85,100,131,14,26,125,122,79,57,106,132" hai1="9,30,115,70,41,126,31,129,101,40,73,61,8" hai2="53,2,63,81,99,67,120,69,7,78,21,47,54" hai3="72,65,75,28,74,16,90,15,107,36,20,112,80"/><V89/><F120/><W24/><G36/><T113/><D122/><U22/><E73/><V95/><F21/><W111/><G111/><T98/><D113/><U114/><E101/><V105/><F105/><W93/><G107/><T0/><D0/><U86/><E86/><V25/><F25/><W39/><G39/><T35/><D132/><U46/><E22/><V58/><F47/><W60/><G80/><T102/><D102/><U13/><E46/><V38/><F38/><W64/><G60/><T117/><D117/><U76/><E61/><V109/><F109/><W32/><REACH who="3" step="1"/><G112/><REACH who="3" ten="239,277,274,200" step="2"/><T130/><D106/><U96/><E115/><V127/><F69/><W116/><G116/><T88/><D130/><U45/><E70/><V44/><F81/><W62/><G62/><T43/><D131/><U29/><E129/><V108/><F63/><W1/><G1/><T83/><D83/><U34/><E114/><V56/><F2/><W17/><G17/><T123/><D123/><U37/><E37/><V87/><F108/><W121/><G121/><T92/><D6/><U4/><E4/><V12/><F7/><W77/><G77/><T23/><D79/><U66/><E76/><V71/><F78/><W52/><G52/><T11/><D43/><U118/><E41/><V51/><F53/><W55/><G55/><N who="0" m="31991" /><D125/><U82/><E40/><V3/><F127/><W42/><G42/><T84/><D92/><U103/><E126/><V10/><F95/><W110/><G110/><T119/><D119/><U19/><E118/><V5/><F3/><W94/><G94/><T27/><D35/><RYUUKYOKU ba="2,1" sc="239,-10,277,-10,274,-10,200,30" hai3="15,16,20,24,28,32,64,65,72,74,75,90,93" /><INIT seed="7,3,1,3,4,133" ten="229,267,264,230" oya="3" hai0="45,28,118,27,3,73,62,49,1,29,128,70,61" hai1="67,9,15,18,120,10,108,8,111,0,63,22,83" hai2="104,65,36,107,17,14,20,86,127,23,71,88,55" hai3="53,40,12,126,80,24,69,135,113,13,79,46,130"/><W117/><G117/><T44/><D118/><U7/><E120/><V78/><F36/><W92/><G69/><T11/><D73/><U101/><E101/><V94/><F78/><W38/><G135/><T119/><D119/><U60/><E60/><V21/><F71/><W50/><G130/><T77/><D77/><U98/><E98/><V112/><F65/><W114/><G24/><T100/><D128/><U66/><E66/><V25/><F112/><N who="3" m="43115" /><G92/><T26/><D49/><U110/><REACH who="1" step="1"/><E83/><REACH who="1" ten="229,257,264,230" step="2"/><V116/><F116/><W102/><G102/><T59/><D62/><U72/><E72/><V52/><F104/><W33/><G33/><T48/><D61/><U5/><E5/><V54/><F107/><W2/><G2/><T89/><D100/><U31/><E31/><V106/><F106/><W42/><G126/><T39/><D3/><U131/><E131/><V4/><F127/><W58/><G42/><T41/><D41/><U125/><E125/><V99/><F99/><W68/><G68/><AGARI ba="3,2" hai="0,7,8,9,10,15,18,22,63,67,68,108,110,111" machi="68" ten="40,1300,0" yaku="1,1,53,0" doraHai="133" doraHaiUra="81" who="1" fromWho="3" sc="229,0,257,42,264,0,230,-22" /><INIT seed="8,0,0,1,3,92" ten="229,299,264,208" oya="0" hai0="36,48,10,112,12,123,61,31,2,54,135,111,49" hai1="90,50,95,9,53,25,101,44,63,59,131,37,74" hai2="114,69,127,22,14,79,89,1,40,72,60,124,21" hai3="26,68,3,43,97,57,30,86,51,41,35,98,7"/><T106/><D123/><U75/><E101/><V80/><F114/><W42/><G68/><T87/><D36/><U70/><E131/><V47/><F1/><W110/><G110/><T117/><D117/><U58/><E9/><V27/><F14/><W65/><G3/><T134/><D2/><U82/><E25/><V113/><F113/><W104/><G7/><T96/><D31/><U105/><E105/><V76/><F76/><W132/><G104/><T66/><D112/><U133/><E82/><V130/><F130/><W16/><G132/><N who="0" m="50731" /><D87/><N who="1" m="52703" /><E58/><V78/><F78/><W118/><G118/><T91/><D54/><U45/><E45/><V4/><F4/><W13/><G86/><T23/><D23/><U126/><E126/><N who="2" m="48171" /><F89/><W19/><G19/><N who="0" m="8599" /><D111/><U100/><E133/><V17/><F21/><W24/><G24/><T122/><D122/><U84/><E84/><V73/><F73/><W20/><REACH who="3" step="1"/><G65/><REACH who="3" ten="229,299,264,198" step="2"/><T18/><D106/><U71/><E75/><V55/><F69/><W34/><G34/><T52/><D66/><U129/><E74/><V5/><F5/><W93/><G93/><N who="0" m="56383" /><D18/><U28/><E71/><V125/><F125/><W119/><G119/><T85/><D85/><U83/><E70/><V62/><F72/><W15/><G15/><T8/><D8/><U39/><E129/><V116/><F17/><W120/><G120/><T33/><D33/><U67/><E83/><V81/><F81/><W102/><G102/><T115/><D115/><U56/><E100/><V103/><F80/><W38/><G38/><N who="1" m="14346" /><E28/><V32/><F116/><W77/><G77/><T88/><D88/><RYUUKYOKU ba="0,1" sc="229,10,299,10,264,-30,198,10" hai0="48,49,52,61" hai1="44,50,53,56,59,63,67" hai3="13,16,20,26,30,35,41,42,43,51,57,97,98" /><INIT seed="8,1,1,3,3,113" ten="239,309,234,208" oya="0" hai0="107,8,63,133,61,13,4,45,112,14,123,129,111" hai1="77,105,121,53,25,132,120,0,19,15,49,3,2" hai2="71,114,12,79,44,23,70,124,98,108,116,42,56" hai3="64,39,92,30,65,119,122,103,99,38,9,100,80"/><T109/><D123/><U10/><E105/><V130/><F108/><N who="0" m="41546" /><D112/><U67/><E67/><V75/><F114/><W27/><G122/><T73/><D73/><U36/><E36/><V46/><F124/><W57/><G65/><T72/><D72/><U31/><E77/><V22/><F130/><W84/><G100/><T33/><D33/><U29/><E29/><V20/><F98/><W34/><G9/><N who="0" m="4263" /><D107/><U104/><E104/><V81/><F56/><W102/><G102/><T135/><D45/><U51/><E132/><N who="0" m="50761" /><D129/><U54/><E120/><V48/><F44/><W93/><G93/><T40/><D40/><U106/><E106/><V52/><F42/><W76/><REACH who="3" step="1"/><G119/><REACH who="3" ten="239,309,234,198" step="2"/><T94/><D94/><U24/><E121/><V62/><F116/><W1/><G1/><T59/><D59/><U131/><E0/><V50/><F70/><W21/><G21/><T47/><D47/><U88/><E2/><V125/><F71/><W101/><G101/><T83/><D83/><U126/><E3/><V60/><F81/><W97/><G97/><T16/><AGARI ba="1,2" hai="8,14,16,61,63" m="50761,4263,41546" machi="16" ten="30,6000,0" yaku="10,1,20,1,54,1" doraHai="113" who="0" fromWho="0" sc="239,83,309,-21,234,-21,198,-21" owari="322,42.0,288,9.0,213,-19.0,177,-32.0" /></mjloggm>