<mjloggm ver="2.3"><GO type="233" lobby="0"/><UN n0="%E3%81%BF%E3%81%BF%E3%81%9A" n1="%E4%BF%BA%54%55%45%45%45%45%45" n2="%4D%6F%67%65%72%61" n3="%E3%82%A6%E3%83%AB%E3%83%88%E3%83%A9%E7%AB%8B%E7%9B%B4" dan="16,17,16,17" rate="2117.63,2124.86,2066.65,2211.57" sx="M,F,F,M"/><TAIKYOKU oya="0"/><INIT seed="0,0,0,1,5,41" ten="250,250,250,250" oya="0" hai0="73,86,3,37,19,115,95,125,21,60,4,88,67" hai1="25,9,120,64,43,32,101,99,81,65,117,107,97" hai2="135,36,94,46,130,69,87,38,18,124,57,105,30" hai3="116,44,56,106,24,42,84,48,79,134,2,85,49"/><T11/><D115/><U45/><E117/><V52/><F105/><W103/><G116/><T129/><D125/><U122/><E97/><V34/><F124/><W8/><G134/><T74/><D37/><U123/><E81/><V68/><F135/><W28/><G106/><T61/><D129/><U22/><E9/><V128/><F18/><W133/><G103/><T100/><D100/><U131/><E32/><V102/><F102/><W72/><G133/><T92/><D92/><U91/><E91/><N who="2" m="53631" /><F30/><W127/><G127/><T0/><D0/><U62/><E62/><N who="2" m="36135" /><F34/><W17/><G79/><T93/><D93/><U54/><E54/><V90/><F90/><W82/><G82/><T53/><D53/><U98/><E98/><V110/><F110/><W13/><G72/><T12/><REACH who="0" step="1"/><D61/><REACH who="0" ten="240,250,250,250" step="2"/><U108/><E131/><N who="2" m="50219" /><F38/><W5/><G2/><T39/><D39/><U70/><E107/><V59/><F59/><AGARI ba="0,1" hai="3,4,11,12,19,21,59,60,67,73,74,86,88,95" machi="59" ten="30,5800,0" yaku="1,1,7,1,54,1,53,0" doraHai="41" doraHaiUra="27" who="0" fromWho="2" sc="240,68,250,0,250,-58,250,0" /><INIT seed="0,1,0,5,4,93" ten="308,250,192,250" oya="0" hai0="58,71,67,110,94,114,98,69,26,127,29,45,116" hai1="48,35,99,75,19,121,5,59,104,38,80,113,14" hai2="53,86,73,105,125,68,24,63,134,111,4,118,100" hai3="23,88,135,126,66,28,96,40,7,13,32,55,72"/><T122/><D114/><U76/><E121/><V0/><F118/><W3/><G72/><T101/><D116/><U52/><E113/><V90/><F111/><W47/><G126/><T25/><D122/><U81/><E38/><V15/><F125/><W50/><G66/><T103/><D127/><U46/><E35/><V133/><F73/><W42/><G32/><T87/><D110/><U18/><E81/><V65/><F0/><W115/><G3/><T2/><D2/><U91/><E46/><V123/><F123/><W60/><G135/><T51/><D87/><U20/><E5/><V108/><F108/><W95/><G115/><T64/><D26/><U37/><E37/><V21/><F53/><W56/><G40/><T30/><D71/><U39/><E39/><V27/><F4/><W12/><G7/><T129/><D69/><U85/><E19/><V57/><F57/><W89/><G89/><N who="0" m="55631" /><D129/><U112/><E112/><V16/><F100/><N who="0" m="38474" /><D58/><U84/><E104/><V119/><F105/><W77/><G77/><T79/><D79/><U74/><REACH who="1" step="1"/><E99/><REACH who="1" ten="308,240,192,250" step="2"/><V62/><F119/><W17/><G28/><N who="0" m="10859" /><D25/><AGARI ba="1,1" hai="12,13,17,23,25,42,47,50,55,56,60,88,95,96" machi="25" ten="30,12000,2" yaku="7,1,25,2,8,1,52,1,54,1" doraHai="93" who="3" fromWho="0" sc="308,-123,240,0,192,0,250,133" /><INIT seed="1,0,0,5,4,32" ten="185,240,192,383" oya="1" hai0="48,16,115,26,46,22,83,73,78,119,101,95,102" hai1="45,5,86,88,85,42,65,7,6,24,43,64,129" hai2="121,107,67,124,126,11,91,111,132,8,98,131,112" hai3="38,44,128,53,103,108,93,122,92,76,66,130,116"/><U74/><E74/><V21/><F111/><W55/><G122/><T57/><D115/><U15/><E129/><V127/><F121/><W36/><G108/><T54/><D119/><U62/><E15/><V96/><F67/><N who="1" m="25673" /><E62/><V75/><F75/><W35/><G35/><T60/><REACH who="0" step="1"/><D95/><REACH who="0" ten="175,240,192,383" step="2"/><N who="1" m="54671" /><E24/><V117/><F112/><W27/><G27/><T56/><D56/><U80/><E45/><V106/><F117/><W30/><G44/><T97/><D97/><U40/><E40/><AGARI ba="0,1" hai="16,22,26,40,46,48,54,57,60,73,78,83,101,102" machi="40" ten="30,7700,0" yaku="1,1,7,1,54,1,53,1" doraHai="32" doraHaiUra="39" who="0" fromWho="1" sc="175,87,240,-77,192,0,383,0" /><INIT seed="2,0,0,0,5,8" ten="262,163,192,383" oya="2" hai0="17,135,42,12,106,70,93,47,9,122,73,75,102" hai1="27,35,25,79,84,86,36,127,52,128,5,96,118" hai2="19,78,101,2,31,21,81,14,44,56,55,134,15" hai3="13,92,58,60,65,124,99,90,22,24,0,16,133"/><V112/><F112/><W1/><G124/><T51/><D122/><U39/><E118/><V49/><F2/><W119/><G119/><T123/><D123/><U109/><E127/><V132/><F101/><W105/><G133/><N who="2" m="51305" /><F31/><W53/><G105/><T29/><D135/><U71/><E71/><V18/><F44/><W40/><G40/><T32/><D70/><U107/><E35/><V45/><F45/><W3/><G65/><T38/><D106/><U67/><E67/><V89/><F89/><W59/><G59/><T113/><D113/><U100/><E100/><V120/><F120/><W37/><G37/><T76/><D38/><U74/><E36/><V116/><F116/><W20/><G1/><T77/><D32/><U131/><E107/><V88/><F88/><W111/><G111/><T7/><D29/><AGARI ba="0,0" hai="0,3,13,16,20,22,24,29,53,58,60,90,92,99" machi="29" ten="30,3900,0" yaku="7,1,52,1,54,1" doraHai="8" who="3" fromWho="0" sc="262,-39,163,0,192,0,383,39" /><INIT seed="3,0,0,0,0,90" ten="223,163,192,422" oya="3" hai0="75,135,4,35,32,79,77,3,121,78,17,113,128" hai1="88,61,12,47,0,21,110,16,115,41,87,59,81" hai2="83,131,13,103,132,119,114,28,11,57,34,97,58" hai3="5,39,133,1,66,52,125,106,93,108,2,126,86"/><W117/><G106/><T76/><D121/><U129/><E115/><V107/><F119/><W37/><G66/><T98/><D113/><U15/><E110/><V73/><F114/><W67/><G117/><T29/><D17/><U89/><E129/><V55/><F131/><W25/><G67/><T64/><D128/><U48/><E0/><V30/><F34/><W6/><G25/><T100/><D64/><N who="1" m="38975" /><E12/><V54/><F132/><W85/><G52/><T94/><D135/><U96/><E96/><V109/><F109/><W7/><G133/><T120/><D120/><U130/><E130/><V23/><F23/><W33/><G33/><T122/><D122/><U70/><E70/><V111/><F111/><W18/><G18/><T44/><D29/><U22/><E22/><V62/><F83/><W104/><G104/><T49/><N who="0" m="19456" /><DORA hai="40" /><T43/><REACH who="0" step="1"/><D75/><REACH who="0" ten="213,163,192,422" step="2"/><U68/><E68/><V95/><F73/><W102/><G108/><T116/><D116/><U50/><E89/><V9/><F28/><W63/><G6/><T27/><D27/><U91/><E91/><V124/><F30/><W118/><G118/><T92/><D92/><U105/><E105/><V20/><F107/><W71/><G93/><T65/><D65/><U51/><AGARI ba="0,1" hai="15,16,21,41,47,48,50,51,81,87,88" m="38975" machi="51" ten="30,7900,0" yaku="8,1,52,1,54,2" doraHai="90,40" who="1" fromWho="1" sc="213,-20,163,89,192,-20,422,-39" /><INIT seed="4,0,0,1,1,114" ten="193,252,172,383" oya="0" hai0="123,3,22,115,82,27,28,129,109,24,7,125,130" hai1="121,47,69,23,99,44,86,57,31,52,91,73,126" hai2="12,110,120,30,19,9,14,89,53,34,100,13,11" hai3="135,80,70,29,58,134,83,108,43,66,131,119,0"/><T46/><D123/><U67/><E121/><V8/><F100/><W127/><G108/><T6/><D115/><U72/><E126/><V10/><F120/><W59/><G119/><T33/><D46/><U76/><E69/><V63/><F63/><N who="3" m="40287" /><G0/><T93/><D93/><U122/><E122/><V21/><F53/><W60/><G127/><T2/><D125/><U85/><E67/><V20/><F89/><W118/><G118/><T18/><D82/><N who="1" m="47303" /><E99/><V106/><F106/><W35/><G43/><T71/><D109/><U133/><E73/><V51/><F51/><W49/><G49/><T40/><D40/><U75/><E72/><V117/><F110/><W95/><G59/><T1/><REACH who="0" step="1"/><D71/><REACH who="0" ten="183,252,172,383" step="2"/><U107/><E44/><V103/><F117/><W37/><G95/><T41/><D41/><U84/><E47/><V111/><F111/><W77/><G83/><T56/><D56/><U48/><E57/><V113/><F113/><W36/><G58/><T104/><D104/><U116/><E107/><V102/><F102/><W16/><G80/><T74/><D74/><U26/><E75/><V78/><F103/><W64/><G37/><T98/><D98/><U15/><E116/><V42/><F42/><W54/><G36/><T96/><D96/><U25/><E86/><V39/><F39/><W45/><G45/><T94/><D94/><U50/><E84/><V61/><F78/><W112/><G77/><T81/><D81/><U124/><E124/><V128/><F128/><AGARI ba="0,1" hai="1,2,3,6,7,18,22,24,27,28,33,128,129,130" machi="128" ten="50,12000,1" yaku="1,1,19,1,34,3,53,0" doraHai="114" doraHaiUra="4" who="0" fromWho="2" sc="183,130,252,0,172,-120,383,0" /><INIT seed="4,1,0,1,1,113" ten="313,252,52,383" oya="0" hai0="83,9,63,30,44,56,123,72,50,111,19,66,8" hai1="91,49,126,64,1,96,79,69,51,76,15,93,52" hai2="48,116,117,20,46,112,90,55,132,11,131,22,21" hai3="78,16,109,68,80,106,3,35,135,26,81,95,92"/><T121/><D30/><U23/><E1/><V74/><F74/><W29/><G109/><T103/><D103/><U7/><E126/><V57/><F112/><W34/><G106/><T86/><D72/><U118/><E118/><N who="2" m="45675" /><F132/><W25/><G3/><T77/><D111/><U122/><E51/><V119/><N who="2" m="45683" /><V100/><DORA hai="97" /><F100/><W40/><G40/><T41/><D121/><U4/><E49/><V33/><F33/><W70/><G78/><T75/><D123/><U60/><E76/><V31/><F131/><W127/><G16/><T89/><REACH who="0" step="1"/><D19/><REACH who="0" ten="303,252,52,383" step="2"/><U32/><E122/><V87/><F31/><W84/><G29/><T110/><D110/><U88/><E32/><V17/><F11/><W61/><G35/><T105/><D105/><U104/><E104/><V67/><F67/><W54/><G34/><T128/><D128/><U102/><E64/><V65/><F65/><W43/><G135/><T125/><D125/><U108/><E102/><V42/><F17/><W85/><G127/><T18/><D18/><U124/><E108/><V53/><F57/><W38/><G26/><T36/><D36/><U82/><E124/><V10/><F10/><W24/><G38/><T73/><D73/><U120/><E120/><V129/><F129/><W94/><G25/><T107/><D107/><U62/><E69/><V101/><F101/><W115/><G24/><T27/><D27/><U13/><E13/><V98/><F98/><W59/><G70/><T130/><D130/><U58/><E15/><V37/><F37/><W134/><G68/><T39/><D39/><U12/><E96/><RYUUKYOKU ba="1,1" sc="303,15,252,-15,52,15,383,-15" hai0="8,9,41,44,50,56,63,66,75,77,83,86,89" hai2="20,21,22,42,46,48,53,55,87,90" /><INIT seed="4,2,1,0,4,104" ten="318,237,67,368" oya="0" hai0="88,107,57,112,1,59,111,123,13,37,132,117,100" hai1="130,21,20,129,41,7,128,31,119,15,34,118,91" hai2="86,2,102,69,114,75,5,26,99,66,89,110,93" hai3="23,79,3,17,12,63,122,4,44,115,51,11,92"/><T39/><D1/><U95/><E41/><V105/><F110/><W97/><G115/><T58/><D123/><U45/><E45/><V70/><F114/><W83/><G63/><T38/><D112/><U85/><E34/><V108/><F108/><W55/><G122/><T125/><D111/><U120/><E120/><V28/><F66/><W10/><G4/><T29/><D117/><N who="1" m="44555" /><E31/><V72/><F5/><W60/><G60/><T46/><D125/><U0/><E0/><V96/><F2/><W80/><G3/><T42/><D132/><U134/><E134/><V73/><REACH who="2" step="1"/><F96/><REACH who="2" ten="318,237,57,368" step="2"/><W81/><G79/><T62/><D62/><U40/><E7/><V9/><F9/><W22/><G10/><T103/><D107/><U131/><E131/><V8/><F8/><W32/><G32/><AGARI ba="2,2" hai="26,28,32,69,70,72,73,75,86,89,93,99,102,105" machi="32" ten="40,8000,1" yaku="1,1,52,3,53,1" doraHai="104" doraHaiUra="98" who="2" fromWho="3" sc="318,0,237,0,57,106,368,-86" /><INIT seed="5,0,0,3,5,116" ten="318,237,163,282" oya="1" hai0="73,26,74,127,6,109,95,83,51,11,111,22,78" hai1="37,20,32,5,49,118,101,21,60,126,10,114,0" hai2="104,129,92,64,57,130,99,45,31,135,8,38,75" hai3="90,112,23,122,7,97,18,102,100,3,62,77,125"/><U13/><E37/><V41/><F75/><W54/><G112/><T71/><D71/><U106/><E118/><V117/><F117/><W39/><G39/><T17/><D127/><U80/><E32/><V124/><F104/><W35/><G35/><T42/><D74/><U96/><E126/><V133/><F31/><W12/><G77/><T105/><D105/><U33/><E33/><V19/><F19/><W43/><G43/><T113/><D113/><U123/><E123/><V46/><F8/><W87/><G122/><T76/><D76/><U110/><E114/><V52/><F99/><W69/><G97/><T4/><D4/><U55/><E110/><V134/><F92/><W50/><G62/><T61/><D61/><U131/><E131/><N who="2" m="50187" /><F46/><W103/><G69/><T15/><D95/><U94/><E106/><V65/><F124/><W86/><G125/><T81/><D81/><U128/><E80/><V28/><F28/><W107/><G107/><T68/><D68/><U72/><E72/><V56/><F56/><W36/><G3/><T25/><D25/><U53/><E0/><V29/><F29/><W121/><G7/><T93/><D93/><U89/><E101/><V47/><F47/><W108/><G102/><T82/><D82/><U98/><E96/><V59/><F59/><W14/><G103/><T40/><D51/><AGARI ba="0,0" hai="38,41,45,51,52,57,64,65,133,134,135" m="50187" machi="51" ten="40,8000,1" yaku="20,1,19,1,34,2,54,1" doraHai="116" who="2" fromWho="0" sc="318,-80,237,0,163,80,282,0" /><INIT seed="6,0,0,2,0,27" ten="238,237,243,282" oya="2" hai0="95,134,69,52,109,31,36,18,48,66,34,83,130" hai1="80,93,129,107,71,41,22,28,0,2,120,128,39" hai2="33,101,67,60,94,97,58,40,57,38,126,76,90" hai3="1,29,43,122,53,85,13,115,113,100,6,54,119"/><V63/><F126/><W68/><G68/><T62/><D109/><U87/><E107/><V98/><F33/><W96/><G1/><T104/><D130/><N who="1" m="50283" /><E71/><V4/><F4/><W7/><G43/><T117/><D134/><U12/><E120/><V25/><F25/><W65/><G65/><T88/><D117/><U45/><E93/><V26/><F26/><W30/><G85/><T20/><D104/><U135/><E135/><V102/><F76/><W9/><G6/><T56/><D34/><U133/><E133/><V99/><F40/><W82/><G82/><T79/><D36/><U125/><E125/><V24/><F24/><W132/><G132/><T78/><D83/><U116/><E28/><N who="3" m="10858" /><G122/><T72/><D72/><U50/><E39/><V21/><F38/><W105/><G119/><T110/><D110/><U106/><E106/><V70/><F70/><W123/><G123/><T124/><D124/><U111/><E116/><V16/><F102/><W55/><G105/><T114/><D114/><N who="3" m="43529" /><G96/><T23/><D31/><U127/><E111/><V19/><F101/><AGARI ba="0,0" hai="7,9,13,53,54,55,100,101" m="43529,10858" machi="101" ten="40,8000,1" yaku="15,1,11,1,52,3" doraHai="27" who="3" fromWho="2" sc="238,0,237,0,243,-80,282,80" /><INIT seed="7,0,0,1,2,93" ten="238,237,163,362" oya="3" hai0="45,25,42,132,114,22,10,68,128,53,122,1,82" hai1="133,92,88,59,51,90,118,48,129,0,31,85,23" hai2="67,8,43,71,86,12,35,9,66,19,36,64,84" hai3="56,109,4,78,89,135,20,55,52,102,29,104,87"/><W108/><G78/><T72/><D122/><U50/><E0/><V44/><F35/><W30/><G4/><N who="0" m="1295" /><D68/><U57/><E129/><V120/><F120/><W6/><G135/><T62/><D128/><U11/><E118/><V91/><F71/><W80/><G6/><T58/><D22/><U34/><E34/><V96/><REACH who="2" step="1"/><F9/><REACH who="2" ten="238,237,153,362" step="2"/><W27/><G109/><T81/><D132/><U63/><E11/><V110/><F110/><W113/><G108/><T32/><D32/><U37/><E133/><V18/><F18/><W16/><G16/><T61/><D114/><U74/><E31/><V134/><F134/><W98/><G113/><T123/><D123/><U100/><E23/><V99/><F99/><W7/><G98/><T79/><D82/><U76/><E59/><V111/><F111/><W15/><G56/><T105/><D81/><U125/><E57/><V130/><F130/><W77/><G20/><T101/><D58/><U95/><E63/><V17/><F17/><W28/><G30/><T47/><D62/><U121/><E121/><V112/><F112/><W24/><G29/><T127/><D61/><U2/><E125/><V21/><F21/><W13/><G28/><T97/><D127/><U5/><E5/><V54/><F54/><W65/><G52/><T116/><D53/><U117/><E117/><V41/><F41/><W115/><G55/><T46/><D42/><U3/><E74/><V38/><F38/><W83/><G7/><T124/><D124/><U40/><E37/><V107/><F107/><W14/><G104/><T73/><D116/><U75/><E40/><RYUUKYOKU ba="0,1" sc="238,-10,237,-10,153,30,362,-10" hai2="8,12,19,36,43,44,64,66,67,84,86,91,96" owari="228,3.0,227,-17.0,183,-32.0,362,46.0" /></mjloggm>