<mjloggm ver="2.3"><GO type="169" lobby="0"/><UN n0="%E5%B0%B1%E6%B4%BB%E7%94%9F%40%E5%B7%9D%E6%9D%91%E8%BB%8D%E5%9B%A3" n1="%E3%81%B5%E3%81%8B%E3%81%98" n2="%E5%A4%9C%E6%98%8E%E3%81%91%E3%81%AE%42%45%41%54" n3="%E3%81%8F%E3%82%89%E3%81%BE%E3%82%82%E3%82%93" dan="17,17,17,16" rate="2171.06,2132.90,2134.70,2081.00" sx="M,M,M,M"/><TAIKYOKU oya="0"/><INIT seed="0,0,0,3,5,89" ten="250,250,250,250" oya="0" hai0="14,54,50,101,62,135,52,132,66,0,130,10,2" hai1="84,71,124,32,35,118,38,104,39,63,83,25,72" hai2="119,51,75,115,58,24,108,21,56,45,125,15,9" hai3="16,68,55,111,37,13,26,76,67,30,41,57,90"/><T61/><D130/><U6/><E118/><V87/><F115/><W116/><G116/><T107/><D107/><U11/><E104/><V34/><F75/><W94/><G111/><T127/><D101/><U43/><E124/><V1/><F34/><W31/><G76/><T27/><D27/><U40/><E40/><V28/><F1/><N who="0" m="618" /><D127/><U120/><E120/><V18/><F108/><W85/><G37/><T96/><D96/><U8/><E72/><V5/><F125/><W69/><G41/><T3/><D3/><U103/><E103/><V110/><F110/><W48/><G67/><T60/><D66/><U36/><E43/><V23/><F119/><W133/><G133/><N who="0" m="51275" /><D50/><U102/><E102/><V86/><F21/><N who="3" m="11407" /><G30/><T134/><N who="0" m="51283" /><T46/><DORA hai="65" /><D46/><U92/><E32/><AGARI ba="0,0" hai="26,31,32,48,55,57,68,69,85,90,94" m="11407" machi="32" ten="30,8000,1" yaku="25,1,52,3,54,1" doraHai="89,65" who="3" fromWho="1" sc="250,0,250,-80,250,0,250,80" /><INIT seed="1,0,0,2,2,102" ten="250,170,250,330" oya="1" hai0="52,71,3,128,101,116,74,90,27,1,84,109,88" hai1="19,69,89,105,97,59,118,67,0,98,40,26,92" hai2="78,80,30,50,34,104,62,113,12,87,65,124,134" hai3="120,6,106,81,29,130,10,76,51,4,103,55,68"/><U114/><E118/><V70/><F124/><W56/><G120/><T43/><D74/><U135/><E114/><V129/><F134/><W64/><G130/><T47/><D71/><U60/><E0/><V93/><F113/><W79/><G29/><T99/><D116/><U9/><E135/><V123/><F123/><W53/><G68/><T127/><D127/><U7/><E40/><V108/><F108/><W82/><G64/><T18/><D109/><U66/><E69/><V31/><F129/><W28/><G28/><T23/><D90/><U33/><E66/><V5/><F34/><W20/><G20/><T41/><D41/><U132/><E132/><V58/><F104/><W46/><G106/><T22/><D23/><U110/><E110/><V48/><F70/><W39/><G103/><T115/><D115/><U21/><E33/><V15/><F93/><W17/><G17/><T13/><D27/><U63/><E63/><V61/><F61/><W8/><G39/><T111/><D111/><U2/><REACH who="1" step="1"/><E105/><REACH who="1" ten="250,160,250,330" step="2"/><V25/><F65/><W35/><G35/><T73/><D43/><U32/><E32/><V125/><F62/><W100/><G53/><T96/><D3/><U75/><E75/><V45/><F125/><W44/><G55/><T72/><D1/><U49/><E49/><V11/><F50/><W83/><G51/><T16/><D52/><U107/><E107/><V38/><F48/><W36/><G36/><T131/><D131/><U122/><E122/><V54/><F38/><W57/><G46/><T112/><D128/><U24/><E24/><V86/><F25/><RYUUKYOKU ba="0,1" sc="250,-10,160,30,250,-10,330,-10" hai1="2,7,9,19,21,26,59,60,67,89,92,97,98" /><INIT seed="1,1,1,3,2,130" ten="240,190,240,320" oya="1" hai0="94,76,79,96,93,66,132,74,44,135,104,49,107" hai1="128,123,60,69,24,63,81,0,126,88,77,72,27" hai2="9,18,56,37,1,31,52,73,84,131,14,91,40" hai3="121,133,16,129,21,99,120,124,105,61,55,29,62"/><U25/><E123/><V109/><F73/><W75/><G75/><T110/><D66/><U108/><E0/><V30/><F131/><W116/><G29/><T46/><D110/><U20/><E128/><V39/><F109/><W23/><G129/><T98/><D74/><U57/><E108/><V119/><F119/><W59/><G116/><T38/><REACH who="0" step="1"/><D49/><REACH who="0" ten="230,190,240,320" step="2"/><U95/><E126/><V48/><F39/><AGARI ba="1,2" hai="38,39,44,46,76,79,93,94,96,98,104,107,132,135" machi="39" ten="25,12000,2" yaku="1,1,2,1,22,2,52,2,53,0" doraHai="130" doraHaiUra="5" who="0" fromWho="2" sc="230,143,190,0,240,-123,320,0" /><INIT seed="2,0,0,5,4,82" ten="373,190,117,320" oya="2" hai0="7,96,91,60,8,104,21,4,68,1,71,42,2" hai1="70,24,27,90,38,14,127,95,114,106,49,98,85" hai2="73,130,93,119,126,74,59,31,48,105,51,32,12" hai3="86,45,117,52,16,23,50,125,80,62,109,20,26"/><V115/><F119/><W84/><G117/><T123/><D123/><U13/><E114/><V25/><F105/><W15/><G109/><T29/><D42/><U11/><E38/><V47/><F115/><W133/><G133/><T122/><D122/><U79/><E70/><V92/><F126/><W57/><G80/><T113/><D113/><U54/><E127/><V18/><F130/><W5/><G125/><T131/><D131/><U46/><E13/><V35/><F35/><W103/><G103/><T97/><D29/><U30/><E30/><V120/><F120/><W22/><G5/><T33/><D21/><N who="3" m="8297" /><G26/><T69/><D33/><U3/><E3/><V19/><F73/><W107/><G107/><T40/><D40/><AGARI ba="0,0" hai="15,16,23,40,45,50,52,57,62,84,86" m="8297" machi="40" ten="30,8000,1" yaku="8,1,52,2,54,2" doraHai="82" who="3" fromWho="0" sc="373,-80,190,0,117,0,320,80" /><INIT seed="3,0,0,4,5,63" ten="293,190,117,400" oya="3" hai0="24,41,134,30,73,72,39,101,10,116,99,124,104" hai1="46,62,132,107,1,51,28,122,90,25,105,92,13" hai2="80,106,112,56,49,12,11,103,91,8,117,26,100" hai3="108,119,110,35,84,20,42,61,131,130,17,93,127"/><W123/><G35/><T118/><D124/><U43/><E122/><V57/><F117/><W71/><G42/><T94/><D134/><U60/><E1/><V81/><F112/><W125/><G123/><T14/><D72/><U129/><E132/><V59/><F106/><W38/><G38/><T82/><D41/><U5/><E129/><N who="3" m="49162" /><G119/><T126/><D126/><N who="3" m="48137" /><G93/><T32/><D39/><U31/><E107/><V21/><F49/><W88/><G61/><T45/><D45/><U66/><E105/><V27/><F21/><W19/><G71/><T74/><D74/><U22/><E31/><V65/><F65/><W75/><G75/><T52/><D104/><U6/><E13/><V54/><F54/><W4/><G4/><T33/><D52/><U44/><E44/><V83/><F91/><W85/><G19/><T67/><D67/><U70/><REACH who="1" step="1"/><E60/><REACH who="1" ten="293,180,117,400" step="2"/><V55/><F12/><W37/><G108/><T95/><D14/><U87/><AGARI ba="0,1" hai="5,6,22,25,28,43,46,51,62,66,70,87,90,92" machi="87" ten="20,8000,1" yaku="1,1,2,1,0,1,7,1,52,1,53,0" doraHai="63" doraHaiUra="115" who="1" fromWho="1" sc="293,-20,180,90,117,-20,400,-40" /><INIT seed="4,0,0,4,3,16" ten="273,270,97,360" oya="0" hai0="112,51,83,95,116,58,125,29,54,96,82,31,35" hai1="2,131,36,106,41,4,55,71,91,108,34,123,14" hai2="38,57,27,88,124,42,100,133,32,93,61,107,132" hai3="65,43,117,126,119,26,68,59,3,33,72,67,85"/><T46/><D116/><U90/><E123/><V44/><F124/><W10/><G72/><T129/><D112/><U1/><E108/><V122/><F122/><W64/><G68/><T94/><D125/><U99/><E34/><V23/><F32/><W73/><G73/><T110/><D110/><U45/><E71/><V25/><F100/><W22/><G126/><T7/><D7/><U20/><E131/><V127/><F107/><W13/><G43/><T47/><D35/><U40/><E40/><V24/><F127/><W121/><G121/><T60/><D95/><U104/><E55/><V62/><F62/><W74/><G74/><T75/><D75/><U52/><E52/><V79/><F79/><W30/><G59/><T37/><D37/><U15/><E41/><V5/><F5/><N who="3" m="1343" /><G85/><T66/><D47/><U114/><E4/><V48/><F38/><W118/><G65/><T18/><D18/><AGARI ba="0,0" hai="13,18,22,26,30,33,64,67,117,118,119" m="1343" machi="18" ten="30,2000,0" yaku="24,1,52,1" doraHai="16" who="3" fromWho="0" sc="273,-20,270,0,97,0,360,20" /><INIT seed="5,0,0,5,4,130" ten="253,270,97,380" oya="1" hai0="13,57,68,17,117,28,6,55,26,121,106,34,29" hai1="111,9,36,18,11,43,113,115,30,25,86,114,131" hai2="48,92,82,19,59,72,60,64,2,110,83,56,108" hai3="119,8,70,95,16,100,91,5,65,80,78,88,14"/><U128/><E86/><V22/><F2/><W40/><G40/><T103/><D68/><U50/><E36/><V35/><F35/><W112/><G65/><T125/><D117/><U58/><E43/><V101/><F72/><W10/><G70/><T71/><D71/><U31/><E50/><V63/><F108/><W98/><G112/><T109/><D109/><U33/><E58/><V122/><F122/><W102/><G91/><T126/><D6/><U90/><E90/><V62/><F110/><W97/><G97/><T77/><D29/><N who="1" m="19631" /><E111/><V27/><F48/><W24/><G119/><T1/><D77/><U21/><E30/><V49/><F49/><W94/><G94/><T74/><D74/><U69/><E31/><V41/><F41/><W75/><G24/><T73/><D73/><U133/><E69/><V15/><F15/><AGARI ba="0,0" hai="5,8,10,14,15,16,75,78,80,88,95,98,100,102" machi="15" ten="30,3900,0" yaku="7,1,54,2" doraHai="130" who="3" fromWho="2" sc="253,0,270,0,97,-39,380,39" /><INIT seed="6,0,0,3,4,111" ten="253,270,58,419" oya="2" hai0="7,68,65,125,5,29,115,100,113,64,6,119,91" hai1="106,31,118,93,57,39,127,120,92,80,87,36,75" hai2="90,52,85,96,107,24,72,44,40,42,134,23,89" hai3="108,27,48,99,129,84,123,49,135,132,28,104,16"/><V131/><F72/><W116/><G123/><T59/><D68/><U34/><E118/><V78/><F134/><W112/><G116/><T21/><D100/><U67/><E106/><V22/><F131/><W0/><G0/><T81/><D119/><U73/><E120/><V4/><F4/><W2/><G84/><N who="0" m="50575" /><D59/><U9/><E127/><V33/><F33/><W124/><G49/><T77/><D77/><U25/><E9/><V101/><F78/><W53/><G48/><T86/><D86/><U45/><E75/><V133/><F133/><W47/><G53/><T117/><D125/><U98/><E73/><V14/><F14/><W79/><G27/><N who="0" m="16623" /><D117/><U1/><E1/><V3/><F3/><W103/><G79/><T83/><D83/><U19/><E80/><V8/><F8/><W51/><G2/><T43/><D43/><U82/><E82/><V61/><F22/><W95/><G104/><T20/><D20/><U30/><E36/><V62/><F62/><W58/><G129/><T71/><D71/><U109/><E34/><V26/><F26/><W54/><G124/><T12/><D12/><U37/><E39/><V105/><F105/><W13/><G13/><T130/><D130/><U46/><E37/><V63/><F63/><W97/><G132/><T110/><D110/><U38/><E38/><V56/><F44/><W102/><G108/><T18/><D18/><U74/><E109/><V15/><F15/><W94/><G16/><T55/><D55/><U32/><E19/><N who="2" m="12415" /><F85/><W41/><G135/><T128/><D128/><U76/><E32/><V60/><F60/><RYUUKYOKU ba="0,0" sc="253,15,270,-15,58,15,419,-15" hai0="5,6,7,64,65,113,115" hai2="40,42,52,56,61,89,90,96,101,107" /><INIT seed="6,1,0,1,3,101" ten="268,255,73,404" oya="2" hai0="5,85,28,52,47,38,49,118,65,87,84,88,27" hai1="26,29,72,131,100,125,130,62,126,109,90,71,97" hai2="63,9,21,35,4,18,70,127,30,76,31,78,61" hai3="81,114,48,135,99,82,112,103,75,16,36,2,58"/><V20/><F4/><W60/><G36/><T124/><D124/><N who="1" m="47723" /><E90/><V22/><F127/><W10/><G48/><T64/><D38/><U7/><E72/><V13/><F35/><W12/><G2/><T69/><D5/><U19/><E19/><V74/><F74/><W44/><G44/><T121/><D121/><U54/><E7/><V111/><F111/><W132/><G75/><T79/><D79/><N who="2" m="30250" /><F70/><W95/><G81/><N who="0" m="49167" /><D69/><U102/><E109/><V41/><F41/><W8/><G8/><T122/><D122/><U77/><E77/><V46/><F46/><W86/><G86/><N who="0" m="32779" /><D118/><U110/><E110/><V93/><F93/><W108/><G82/><T94/><D94/><N who="1" m="58423" /><E102/><V50/><F50/><W25/><G108/><T55/><D55/><U134/><E134/><V105/><F105/><W23/><G132/><T34/><D34/><N who="1" m="20791" /><E54/><V67/><F67/><AGARI ba="1,0" hai="62,67,71,130,131" m="20791,58423,47723" machi="67" ten="30,1000,0" yaku="18,1" doraHai="101" who="1" fromWho="2" sc="268,0,255,13,73,-13,404,0" /><INIT seed="7,0,0,1,3,87" ten="268,268,60,404" oya="3" hai0="133,115,14,44,134,58,7,10,59,66,3,105,45" hai1="9,33,129,78,123,39,56,101,12,84,79,122,65" hai2="111,71,19,62,99,38,22,126,95,35,81,108,132" hai3="76,94,1,127,47,67,25,102,109,53,119,36,28"/><W128/><G1/><T118/><D105/><U80/><E33/><V23/><F38/><W51/><G119/><T131/><D118/><U103/><E39/><V73/><F35/><W64/><G36/><T37/><D131/><U90/><E129/><V50/><F126/><W68/><G76/><N who="1" m="29226" /><E123/><V34/><F34/><W26/><G67/><T104/><D104/><U16/><E122/><V106/><F106/><W41/><G64/><T61/><D115/><U77/><E77/><V70/><F73/><W85/><G53/><T32/><D32/><U83/><E83/><V27/><F132/><N who="0" m="50794" /><D3/><U75/><E75/><V5/><F81/><W74/><G94/><T91/><D58/><U88/><E90/><V98/><F5/><W15/><G74/><T43/><D45/><U96/><E96/><V117/><F117/><W69/><G47/><T21/><D21/><U57/><E57/><V121/><F121/><W54/><G68/><T20/><D20/><U114/><E114/><V135/><F135/><W30/><G69/><T100/><D91/><U86/><E86/><V63/><F63/><AGARI ba="0,0" hai="9,12,16,56,63,65,80,84,88,101,103" m="29226" machi="63" ten="30,7700,0" yaku="8,1,52,1,54,2" doraHai="87" who="1" fromWho="2" sc="268,0,268,77,60,-77,404,0" owari="268,-13.0,345,15.0,-17,-52.0,404,50.0" /></mjloggm>