<mjloggm ver="2.3"><GO type="169" lobby="0"/><UN n0="%E5%B9%BB%E3%81%AB%E8%B3%AD%E3%81%91%E3%82%8D" n1="%E3%81%A9%E3%82%93%E3%82%88%E3%81%8F" n2="%E3%81%86%E3%81%83%E3%83%BC%E3%81%A1%E3%82%83%E3%82%93" n3="%E3%83%88%E3%83%88%E3%83%AA%E5%85%88%E7%94%9F%31%39%E6%AD%B3" dan="16,19,18,18" rate="2090.00,2304.50,2240.64,2203.86" sx="M,M,M,F"/><TAIKYOKU oya="0"/><INIT seed="0,0,0,5,3,85" ten="250,250,250,250" oya="0" hai0="30,40,102,20,57,99,19,42,45,0,32,72,77" hai1="129,108,4,113,44,66,94,122,67,105,7,109,35" hai2="92,114,112,36,131,21,48,3,90,24,9,63,106" hai3="37,58,101,135,84,88,52,65,28,5,18,120,134"/><T25/><D0/><U91/><E105/><V73/><F73/><W17/><G37/><T82/><D57/><U27/><E122/><V41/><F106/><W75/><G75/><T16/><D32/><U51/><E129/><V46/><F131/><W26/><G65/><T86/><D72/><U76/><E76/><V132/><F132/><N who="3" m="50731" /><G5/><T117/><D117/><U38/><E38/><V126/><F126/><W127/><G101/><T15/><D15/><U47/><E113/><V43/><F63/><N who="3" m="36295" /><G127/><T119/><D119/><U118/><E118/><V39/><F39/><W68/><G68/><T55/><D55/><U8/><E35/><V95/><F43/><N who="0" m="16426" /><D45/><U89/><E94/><AGARI ba="0,0" hai="16,19,20,25,30,77,82,86,94,99,102" m="16426" machi="94" ten="30,2900,0" yaku="8,1,54,1" doraHai="85" who="0" fromWho="1" sc="250,29,250,-29,250,0,250,0" /><INIT seed="0,1,0,0,5,114" ten="279,221,250,250" oya="0" hai0="126,11,123,108,79,6,10,78,119,105,1,56,122" hai1="91,129,120,92,8,66,83,30,130,0,90,77,65" hai2="28,98,87,22,113,69,135,112,74,17,25,29,23" hai3="52,48,55,124,128,103,14,101,57,62,24,2,109"/><T44/><D105/><U46/><E120/><V39/><F39/><W58/><G2/><T42/><D126/><U12/><E0/><V20/><F69/><W34/><G124/><T117/><D108/><U95/><E30/><V121/><F74/><W59/><G109/><T81/><D56/><U86/><E46/><V88/><F121/><N who="0" m="46090" /><D11/><U38/><E38/><V118/><F118/><W93/><G128/><T70/><D79/><U94/><E129/><V47/><F135/><W67/><G34/><T31/><D31/><U7/><REACH who="1" step="1"/><E130/><REACH who="1" ten="279,211,250,250" step="2"/><V97/><F113/><W73/><G48/><T72/><D70/><U43/><E43/><V37/><F112/><W45/><G45/><T131/><D131/><U13/><E13/><V102/><F47/><W110/><G14/><T35/><D35/><U89/><AGARI ba="1,1" hai="7,8,12,65,66,77,83,86,89,90,91,92,94,95" machi="89" ten="30,4000,0" yaku="1,1,0,1,8,1,53,0" doraHai="114" doraHaiUra="99" who="1" fromWho="1" sc="279,-21,211,53,250,-11,250,-11" /><INIT seed="1,0,0,1,0,52" ten="258,264,239,239" oya="1" hai0="130,1,8,44,0,18,53,120,24,83,41,81,78" hai1="54,74,126,106,63,62,101,91,124,119,43,111,94" hai2="92,93,129,3,72,16,48,122,115,121,2,57,90" hai3="67,113,109,14,31,26,36,42,23,110,70,69,134"/><U60/><E119/><V13/><F72/><W15/><G113/><T22/><D120/><U4/><E74/><V68/><F68/><W56/><G134/><T11/><D130/><U49/><E43/><V27/><F115/><W64/><G42/><T103/><D103/><U17/><E4/><V108/><F129/><W95/><G36/><T114/><D83/><U125/><E106/><V10/><F93/><W35/><G95/><T30/><D41/><U88/><E111/><N who="3" m="42506" /><G67/><T47/><D114/><U51/><E17/><V123/><F108/><W118/><G118/><T71/><D71/><N who="3" m="27145" /><G35/><T85/><D1/><U65/><E65/><V66/><F27/><W76/><G76/><T107/><D0/><U98/><REACH who="1" step="1"/><E49/><REACH who="1" ten="258,254,239,239" step="2"/><V40/><F66/><W116/><G116/><T86/><D107/><U32/><E32/><V38/><F38/><W75/><G75/><T58/><D78/><U33/><E33/><V79/><F79/><W128/><G128/><T87/><D81/><U28/><E28/><V112/><F112/><W89/><G31/><T55/><D30/><U45/><AGARI ba="0,1" hai="45,51,54,60,62,63,88,91,94,98,101,124,125,126" machi="45" ten="40,12000,1" yaku="1,1,0,1,18,1,54,1,53,0" doraHai="52" doraHaiUra="77" who="1" fromWho="1" sc="258,-40,254,130,239,-40,239,-40" /><INIT seed="1,1,0,4,1,85" ten="218,384,199,199" oya="1" hai0="21,58,35,44,61,24,45,15,93,40,59,62,135" hai1="4,68,80,96,49,83,106,0,11,36,118,13,76" hai2="66,64,122,99,120,14,101,31,111,50,110,33,2" hai3="105,117,113,12,100,73,112,19,119,10,104,82,89"/><U54/><E118/><N who="3" m="45066" /><G73/><T63/><D35/><U128/><E36/><V7/><F2/><W129/><G129/><T115/><D15/><U29/><E128/><V39/><F39/><W126/><G126/><T71/><D71/><U97/><E68/><V125/><F125/><W102/><G82/><T8/><D8/><U133/><E133/><V46/><F122/><W84/><G84/><T38/><D115/><N who="3" m="44105" /><G89/><T1/><D135/><U134/><E134/><V108/><F120/><W3/><G3/><T17/><D1/><U23/><E83/><V28/><F14/><W123/><G123/><T32/><D32/><U5/><E106/><AGARI ba="1,0" hai="10,12,19,100,102,104,105,106" m="44105,45066" machi="106" ten="40,1300,0" yaku="12,1" doraHai="85" who="3" fromWho="1" sc="218,0,384,-16,199,0,199,16" /><INIT seed="2,0,0,3,5,5" ten="218,368,199,215" oya="2" hai0="25,129,12,28,70,83,65,69,82,105,41,108,84" hai1="48,107,39,109,16,55,96,18,38,4,63,13,100" hai2="67,51,66,20,40,60,120,17,79,98,134,75,24" hai3="123,10,130,57,115,104,50,45,32,42,68,133,124"/><V110/><F120/><W35/><G123/><T44/><D105/><U46/><E109/><V90/><F134/><W49/><G68/><T81/><D70/><U7/><E63/><V0/><F0/><W127/><G104/><T36/><D65/><U30/><E30/><V21/><F110/><W64/><G133/><T8/><D69/><U56/><E18/><V14/><F79/><W27/><G130/><T37/><D129/><U118/><E118/><V78/><F78/><W3/><G115/><T23/><D108/><U113/><E113/><V126/><F75/><W99/><G99/><T97/><D97/><U29/><E29/><V102/><F90/><W11/><G3/><T135/><D135/><U128/><E128/><V111/><F126/><N who="3" m="48171" /><G27/><T85/><REACH who="0" step="1"/><D37/><REACH who="0" ten="208,368,199,215" step="2"/><U2/><E39/><V61/><F111/><W26/><G64/><T116/><D116/><U88/><E38/><V112/><F112/><W76/><G35/><T52/><D52/><U93/><E2/><V72/><F66/><W103/><G32/><T54/><D54/><U80/><E56/><V6/><F67/><W77/><G57/><T1/><D1/><U33/><E33/><V43/><F98/><W47/><G47/><T62/><D62/><U53/><E53/><V71/><F71/><W114/><G114/><T34/><D34/><U74/><E107/><V15/><F61/><W73/><G45/><T94/><D94/><U117/><E117/><V106/><F60/><W121/><G121/><T91/><D91/><U125/><E125/><V86/><F106/><W95/><G95/><T9/><D9/><RYUUKYOKU ba="0,1" sc="208,30,368,-10,199,-10,215,-10" hai0="8,12,23,25,28,36,41,44,81,82,83,84,85" /><INIT seed="3,1,1,3,1,104" ten="238,358,189,205" oya="3" hai0="18,75,62,109,20,78,133,35,125,14,51,23,19" hai1="26,79,76,126,92,59,42,13,93,10,122,111,132" hai2="103,38,58,71,66,63,73,82,33,44,45,134,34" hai3="135,22,96,37,46,84,61,11,123,57,56,6,5"/><W118/><G118/><T83/><D109/><U114/><E111/><V129/><F129/><W128/><G123/><T3/><D3/><U105/><E105/><V7/><F134/><W131/><G135/><T36/><D36/><U127/><E132/><V101/><F44/><W4/><G96/><T8/><D35/><U15/><E122/><V91/><F7/><W54/><G37/><T49/><D125/><U28/><E42/><V124/><F124/><N who="1" m="47657" /><E114/><V70/><F70/><W77/><G46/><T95/><D95/><N who="1" m="36427" /><E59/><V47/><F47/><W107/><G107/><T85/><D133/><U117/><E117/><V88/><F103/><W60/><G22/><T50/><D62/><U39/><E39/><V89/><F101/><W112/><G112/><T69/><D69/><U27/><E27/><V17/><F71/><W94/><G11/><T55/><D8/><U108/><E108/><V98/><F98/><W21/><G21/><T2/><D2/><U65/><E65/><V43/><REACH who="2" step="1"/><F17/><REACH who="2" ten="238,358,179,205" step="2"/><W81/><REACH who="3" step="1"/><G94/><REACH who="3" ten="238,358,179,195" step="2"/><T97/><D97/><U116/><E116/><V40/><F40/><W30/><G30/><T24/><REACH who="0" step="1"/><D55/><AGARI ba="1,3" hai="4,5,6,54,55,56,57,60,61,77,81,84,128,131" machi="55" ten="40,3900,0" yaku="1,1,9,1,53,0" doraHai="104" doraHaiUra="32" who="3" fromWho="0" sc="238,-42,358,0,179,0,195,72" /><INIT seed="3,2,0,5,0,102" ten="196,358,179,267" oya="3" hai0="88,22,44,111,116,67,68,51,76,32,28,132,75" hai1="52,120,40,8,80,114,105,33,87,7,48,24,69" hai2="17,89,135,122,71,6,34,125,31,61,115,26,13" hai3="37,63,110,70,20,29,4,59,23,73,21,15,92"/><W127/><G73/><T35/><D22/><N who="3" m="8809" /><G37/><T14/><D14/><U57/><E69/><V50/><F115/><W126/><G70/><T78/><D51/><U94/><E120/><V58/><F122/><W65/><G110/><T106/><D68/><U41/><E114/><V5/><F71/><W119/><G119/><T103/><D103/><U79/><E105/><V123/><F123/><W124/><G92/><T25/><D25/><U95/><E33/><V3/><F135/><W1/><G1/><T118/><D28/><U30/><E24/><V10/><F125/><W55/><G4/><T12/><D12/><N who="1" m="5151" /><E30/><V60/><F89/><W112/><G112/><T43/><D88/><U9/><E9/><V77/><F77/><W62/><G62/><T117/><D117/><U74/><E74/><V27/><F6/><W98/><G98/><T101/><D75/><U2/><E2/><V86/><F26/><N who="3" m="16607" /><G15/><T45/><D101/><U134/><E134/><V85/><F3/><W64/><AGARI ba="2,0" hai="55,59,63,64,65,124,126,127" m="16607,8809" machi="64" ten="40,2100,0" yaku="18,1" doraHai="102" who="3" fromWho="3" sc="196,-9,358,-9,179,-9,267,27" /><INIT seed="3,3,0,4,0,15" ten="187,349,170,294" oya="3" hai0="125,94,26,81,21,86,25,135,14,115,126,120,13" hai1="101,65,31,0,102,88,29,119,48,89,99,118,62" hai2="55,2,131,22,32,76,54,117,116,129,38,70,127" hai3="64,134,7,110,103,3,57,114,100,109,34,112,10"/><W24/><G57/><T23/><D94/><U59/><E0/><V123/><F2/><W49/><G49/><T18/><D120/><U69/><E69/><V43/><F32/><W106/><G64/><T68/><D68/><U73/><E73/><V78/><F22/><W124/><G100/><N who="1" m="38506" /><E48/><V5/><F5/><W20/><G134/><T58/><D58/><U41/><E41/><V63/><F78/><W93/><G124/><N who="0" m="47723" /><D135/><U130/><E130/><N who="2" m="49675" /><F76/><W83/><G83/><T72/><D72/><U111/><E111/><N who="3" m="42506" /><G34/><T9/><D86/><U28/><E99/><V96/><F96/><N who="3" m="59791" /><G106/><T1/><D81/><U46/><E46/><N who="2" m="23927" /><F123/><W108/><N who="3" m="42514" /><W121/><DORA hai="90" /><G121/><T97/><D97/><U85/><E85/><V42/><F42/><W79/><G79/><T128/><D128/><U92/><E92/><V51/><F127/><W36/><G36/><T19/><D115/><U87/><E87/><V113/><F113/><W71/><G71/><T11/><D1/><U27/><E27/><AGARI ba="3,0" hai="9,11,13,14,18,19,21,23,25,26,27" m="47723" machi="27" ten="30,8000,1" yaku="18,1,34,2,52,2" doraHai="15,90" who="0" fromWho="1" sc="187,89,349,-89,170,0,294,0" /><INIT seed="4,0,0,1,1,39" ten="276,260,170,294" oya="0" hai0="96,30,126,76,81,108,6,83,17,125,98,77,122" hai1="78,53,63,73,23,135,124,34,66,116,26,132,44" hai2="110,40,87,123,103,93,50,104,75,41,64,28,99" hai3="25,57,117,71,95,97,65,118,5,113,69,133,12"/><T43/><D122/><U20/><E116/><V16/><F75/><W114/><G133/><T42/><D108/><U89/><E89/><V32/><F110/><W27/><G57/><T14/><D6/><U67/><E124/><N who="0" m="47721" /><D30/><U100/><E100/><V36/><F36/><W74/><G74/><N who="0" m="43159" /><D96/><U129/><E129/><V130/><F123/><W10/><G118/><T70/><D98/><U115/><E115/><N who="3" m="44042" /><G117/><T128/><D70/><N who="3" m="26633" /><G65/><T79/><D128/><U85/><E73/><V68/><F64/><W55/><G55/><T8/><D79/><U7/><E7/><V121/><F68/><W37/><G37/><T13/><D14/><U105/><E53/><V2/><F130/><W127/><G127/><T35/><D35/><U84/><E66/><V131/><F131/><W51/><G51/><T46/><D46/><U11/><E78/><V102/><F50/><W82/><G82/><T24/><D24/><U94/><E34/><V54/><F32/><W107/><G107/><T21/><D21/><U101/><E105/><V59/><F121/><W9/><G9/><T56/><D56/><N who="1" m="37351" /><E11/><V90/><F59/><W48/><G48/><T134/><D134/><N who="1" m="51243" /><E20/><V72/><F104/><W120/><G120/><T52/><D52/><U45/><E45/><V22/><F54/><W4/><G4/><T109/><D109/><U58/><E44/><V112/><F112/><W15/><G15/><T29/><D29/><U86/><E58/><V38/><F38/><W18/><G5/><T49/><D49/><U91/><E101/><AGARI ba="0,0" hai="10,12,18,25,27,95,97,101" m="26633,44042" machi="101" ten="30,1000,0" yaku="15,1" doraHai="39" who="3" fromWho="1" sc="276,0,260,-10,170,0,294,10" /><INIT seed="5,0,0,4,3,134" ten="276,250,170,304" oya="1" hai0="91,97,65,47,89,23,26,16,77,17,2,94,133" hai1="103,99,50,10,86,74,49,116,40,44,122,34,64" hai2="66,7,42,43,126,128,48,107,32,30,119,78,129" hai3="110,70,36,41,1,88,25,132,53,102,45,57,113"/><U81/><E116/><V84/><F107/><W98/><G110/><T95/><D2/><U121/><E74/><V19/><F119/><W118/><G118/><T5/><D133/><U35/><E64/><V101/><F101/><W112/><G132/><T71/><D77/><U111/><E111/><V73/><F73/><W87/><G70/><T21/><D5/><U56/><E10/><V60/><F7/><W51/><G1/><T8/><D8/><U90/><E56/><V67/><F19/><W109/><G25/><N who="0" m="14503" /><D71/><U62/><E62/><V125/><F66/><W76/><G76/><T39/><D39/><U54/><E54/><V29/><F84/><W124/><G124/><N who="2" m="47721" /><F78/><W55/><G55/><T105/><D105/><U4/><E4/><V115/><F115/><W127/><G109/><T37/><D65/><U82/><E82/><V61/><F61/><W6/><G127/><T63/><D63/><U33/><REACH who="1" step="1"/><E50/><REACH who="1" ten="276,240,170,304" step="2"/><V130/><F48/><W68/><G6/><T27/><D37/><U28/><E28/><N who="2" m="10859" /><F32/><W46/><G68/><AGARI ba="0,1" hai="42,43,60,67,68,128,129,130" m="10859,47721" machi="68" ten="40,8000,1" yaku="19,1,18,1,52,3" doraHai="134" who="2" fromWho="3" sc="276,0,240,0,170,90,304,-80" /><INIT seed="6,0,0,1,2,96" ten="276,240,260,224" oya="2" hai0="93,12,116,63,4,18,131,24,45,115,8,33,61" hai1="122,11,10,86,80,102,43,27,6,101,44,70,89" hai2="134,114,79,78,68,108,1,91,5,65,110,30,23" hai3="67,47,94,60,103,124,40,113,22,95,2,90,119"/><V84/><F134/><W83/><G119/><T9/><D115/><U107/><E107/><V37/><F37/><W34/><G34/><T46/><D131/><U35/><E70/><V98/><F98/><N who="3" m="59871" /><G2/><T111/><D111/><U129/><E129/><V48/><F114/><W31/><G113/><T55/><D33/><U21/><E35/><V66/><F68/><W7/><G7/><T100/><D116/><U87/><E122/><V99/><F99/><N who="3" m="57815" /><G124/><T19/><D100/><N who="1" m="38507" /><E87/><V51/><F5/><W112/><G112/><T123/><D93/><U54/><E6/><V57/><F84/><W121/><G121/><T28/><D123/><U50/><E43/><V97/><F97/><W13/><G83/><T58/><D4/><U73/><E73/><V105/><F105/><W71/><G71/><T127/><D127/><U56/><E56/><V3/><F57/><N who="3" m="37263" /><G13/><T77/><D12/><U130/><E130/><V82/><F3/><W20/><G31/><AGARI ba="0,0" hai="10,11,21,27,31,44,50,54,80,86,89" m="38507" machi="31" ten="30,7700,0" yaku="8,1,52,3" doraHai="96" who="1" fromWho="3" sc="276,0,240,77,260,0,224,-77" /><INIT seed="7,0,0,4,2,21" ten="276,317,260,147" oya="3" hai0="38,133,7,105,43,50,52,115,122,123,19,82,111" hai1="36,64,95,51,78,108,89,44,34,0,117,100,130" hai2="68,128,23,32,94,1,16,91,98,93,73,28,70" hai3="57,114,2,81,127,104,24,49,80,88,125,103,20"/><W129/><G2/><T46/><D105/><U56/><E36/><V74/><F1/><W120/><G120/><N who="0" m="46123" /><D82/><U45/><E0/><V63/><F128/><W8/><G129/><T4/><D19/><U53/><E108/><V97/><F28/><W109/><G114/><T83/><D83/><U101/><E117/><V35/><F70/><W107/><G109/><T72/><D72/><U121/><E121/><V110/><F110/><W77/><G8/><T26/><D26/><U85/><E130/><V90/><F63/><W33/><G33/><T86/><D86/><N who="1" m="52663" /><E34/><V134/><F134/><W39/><G39/><N who="0" m="21887" /><D7/><U37/><E37/><V102/><F68/><W79/><G81/><T41/><D4/><U113/><E113/><V29/><F35/><W27/><G88/><T118/><D111/><U12/><E12/><V18/><F18/><W116/><G116/><T106/><D106/><N who="3" m="40489" /><G103/><N who="1" m="39498" /><E64/><V61/><F102/><W126/><G20/><T11/><D11/><U62/><E62/><V124/><F61/><W96/><G96/><T71/><D115/><U67/><E67/><V22/><F32/><W5/><G5/><T25/><D118/><U55/><E85/><V59/><F16/><W48/><G79/><T112/><D112/><U6/><E6/><V17/><F17/><W58/><G58/><N who="0" m="33047" /><D71/><U15/><E78/><V54/><F29/><W30/><G30/><T69/><D69/><U99/><E99/><V131/><F131/><W47/><G57/><T76/><D76/><U119/><E119/><V66/><F59/><W10/><G10/><T40/><D38/><U14/><E56/><RYUUKYOKU ba="0,0" sc="276,-10,317,30,260,-10,147,-10" hai1="14,15,44,45,51,53,55" owari="266,7.0,347,44.0,250,-15.0,137,-36.0" /></mjloggm>