<mjloggm ver="2.3"><GO type="169" lobby="0"/><UN n0="%E3%83%9E%E3%82%B8%E3%81%8D%E3%82%8C%E3%81%9D%E3%81%86%EF%BC%81" n1="%E7%A7%81%E3%81%AF%E3%81%8C%E3%81%A1%E3%81%BB%E3%82%82" n2="%E5%B0%B1%E6%B4%BB%E7%94%9F%40%E5%B7%9D%E6%9D%91%E8%BB%8D%E5%9B%A3" n3="%E6%AF%94%E5%98%89%E7%A7%80%E4%BB%81" dan="16,17,18,16" rate="2181.48,2174.35,2234.49,2098.64" sx="M,M,M,M"/><TAIKYOKU oya="0"/><INIT seed="0,0,0,2,5,104" ten="250,250,250,250" oya="0" hai0="44,27,79,52,114,13,20,53,85,28,43,59,56" hai1="116,0,55,45,121,73,12,130,3,100,120,134,65" hai2="6,25,72,32,81,9,42,29,68,30,37,50,83" hai3="24,108,119,95,125,58,112,133,117,86,36,89,75"/><T123/><D114/><U54/><E100/><V98/><F29/><W84/><G36/><T135/><D123/><U107/><E107/><V1/><F50/><W63/><G112/><T103/><D135/><U131/><E65/><V124/><F124/><W7/><G133/><T38/><D103/><U74/><E134/><V111/><F111/><W88/><G125/><T16/><D79/><U22/><E22/><V21/><F21/><W49/><G108/><T8/><REACH who="0" step="1"/><D85/><REACH who="0" ten="240,250,250,250" step="2"/><U64/><E116/><V23/><F98/><W40/><G119/><T17/><D17/><U110/><E110/><V87/><F87/><W80/><G117/><T126/><D126/><U128/><E128/><V113/><F113/><W34/><G7/><T10/><D10/><U97/><E97/><V33/><F9/><W96/><G86/><T2/><D2/><U90/><E90/><V76/><F1/><W47/><G75/><T122/><D122/><U18/><E18/><V61/><F72/><W39/><G89/><T106/><D106/><U31/><E31/><V93/><F30/><W4/><G4/><T51/><D51/><U78/><E78/><V48/><F76/><W105/><G105/><T109/><D109/><U46/><E64/><V19/><F48/><W35/><G49/><T129/><D129/><U101/><E101/><V5/><F5/><W115/><G115/><T60/><D60/><U41/><E41/><V82/><F42/><W14/><G84/><T69/><D69/><U67/><E67/><V102/><F68/><W91/><G91/><T70/><D70/><U118/><E118/><RYUUKYOKU ba="0,1" sc="240,15,250,15,250,-15,250,-15" hai0="8,13,16,20,27,28,38,43,44,52,53,56,59" hai1="0,3,12,45,46,54,55,73,74,120,121,130,131" /><INIT seed="0,1,1,5,0,42" ten="255,265,235,235" oya="0" hai0="112,77,40,85,96,26,22,46,9,80,100,20,75" hai1="108,99,122,71,25,135,8,121,88,44,106,102,58" hai2="10,89,54,87,11,113,14,90,105,18,128,79,59" hai3="64,34,94,28,131,5,39,74,130,93,63,116,125"/><T21/><D112/><U51/><E108/><V7/><F105/><W109/><G116/><T126/><D126/><U43/><E135/><V92/><F113/><W98/><G125/><T73/><D9/><U48/><E71/><V41/><F128/><W35/><G74/><T101/><D26/><U16/><E58/><V95/><F41/><W27/><G109/><T65/><D65/><U33/><E51/><V133/><F133/><W119/><G119/><T36/><REACH who="0" step="1"/><D101/><REACH who="0" ten="245,265,235,235" step="2"/><U29/><E122/><V52/><F79/><W76/><G76/><T134/><D134/><U37/><E121/><V60/><F10/><W81/><G131/><T124/><D124/><U72/><E37/><V114/><F114/><W6/><G39/><T68/><D68/><U2/><E2/><V15/><F14/><W123/><G130/><T115/><D115/><U0/><E0/><V61/><F7/><W50/><G123/><T66/><D66/><U13/><E72/><V38/><F38/><W120/><G120/><T17/><D17/><U49/><E102/><V129/><F129/><W70/><G6/><T82/><D82/><U91/><E8/><V110/><F110/><W107/><G5/><T24/><D24/><U30/><E13/><V4/><F4/><W127/><G127/><T111/><D111/><U55/><E16/><V12/><F12/><W19/><G81/><T117/><D117/><U104/><E30/><V84/><F15/><W47/><G19/><T31/><D31/><U78/><E78/><V53/><F18/><W32/><G27/><T56/><D56/><N who="1" m="32871" /><E91/><V69/><F11/><RYUUKYOKU ba="1,2" sc="245,10,265,10,235,10,235,-30" hai0="20,21,22,36,40,46,73,75,77,80,85,96,100" hai1="25,29,33,43,44,49,88,99,104,106" hai2="52,53,54,59,60,61,69,84,87,89,90,92,95" /><INIT seed="0,2,2,5,2,118" ten="255,275,245,205" oya="0" hai0="115,111,50,26,116,132,67,37,4,51,92,75,99" hai1="107,72,102,30,82,90,117,53,120,34,15,88,125" hai2="54,123,69,56,12,119,105,29,130,49,3,109,8" hai3="101,62,48,40,22,45,24,47,114,31,98,20,65"/><T55/><D116/><U21/><E117/><V133/><F119/><W14/><G114/><T33/><D115/><U108/><E108/><V0/><F105/><W6/><G47/><T18/><D37/><U7/><E125/><V93/><F109/><W86/><G86/><T68/><D75/><U13/><E34/><V79/><F69/><W81/><G81/><T135/><D111/><U25/><E120/><V42/><F130/><W32/><G6/><T5/><D67/><U91/><E7/><V96/><F133/><N who="0" m="51274" /><D50/><U35/><E35/><V70/><F70/><N who="3" m="42295" /><G14/><T64/><D64/><U104/><E53/><V113/><F113/><W121/><G121/><T71/><D71/><U17/><E102/><V78/><F42/><W23/><G23/><N who="0" m="13687" /><D33/><U11/><REACH who="1" step="1"/><E15/><REACH who="1" ten="255,265,245,205" step="2"/><V122/><F0/><W95/><G32/><T83/><D68/><U134/><E134/><V94/><F3/><W76/><G24/><T36/><D5/><U2/><E2/><V39/><F12/><W110/><G110/><T128/><D4/><U16/><E16/><V10/><F29/><W38/><G31/><T100/><D128/><U1/><E1/><V46/><F54/><W63/><G101/><T19/><D19/><U106/><E106/><V84/><F10/><W87/><G20/><T60/><D55/><U66/><E66/><V112/><F8/><W97/><G22/><T126/><D126/><U61/><E61/><V44/><F112/><W89/><G63/><T58/><D60/><U124/><E124/><V129/><F122/><W131/><G131/><T28/><D100/><U103/><E103/><RYUUKYOKU ba="2,3" sc="255,-10,265,30,245,-10,205,-10" hai1="11,13,17,21,25,30,72,82,88,90,91,104,107" /><INIT seed="1,3,3,4,5,109" ten="245,295,235,195" oya="1" hai0="57,55,80,35,26,71,41,107,8,106,18,73,15" hai1="82,27,103,87,5,21,133,94,113,132,111,23,125" hai2="33,20,25,38,116,85,134,102,120,56,112,59,10" hai3="54,46,68,101,14,115,104,79,77,37,93,81,90"/><U62/><E5/><V49/><F120/><W28/><G68/><T88/><D71/><U47/><E111/><V100/><F116/><W51/><G37/><T126/><D41/><U39/><E125/><V6/><F38/><W22/><G104/><T122/><D126/><U58/><E113/><V17/><F134/><N who="1" m="51817" /><E94/><V92/><F33/><W84/><G115/><T89/><D122/><U52/><E103/><N who="2" m="39467" /><F112/><W30/><G14/><T117/><D117/><U13/><E13/><N who="2" m="5335" /><F49/><W119/><G119/><T75/><D107/><U95/><E95/><V86/><F86/><W78/><REACH who="3" step="1"/><G22/><REACH who="3" ten="245,295,235,185" step="2"/><T96/><D106/><U108/><E108/><V105/><F105/><W9/><G9/><T110/><D110/><U91/><E27/><V34/><F34/><W31/><G31/><T99/><D35/><U42/><AGARI ba="3,4" hai="21,23,39,42,47,52,58,62,82,87,91" m="51817" machi="42" ten="30,3000,0" yaku="20,1,54,1" doraHai="109" who="1" fromWho="1" sc="245,-13,295,79,235,-13,185,-13" /><INIT seed="1,4,0,5,2,24" ten="232,374,222,172" oya="1" hai0="2,44,9,111,99,20,121,63,93,126,69,100,85" hai1="48,127,70,131,80,12,83,31,101,96,0,33,56" hai2="89,114,1,38,116,129,26,68,36,64,108,86,50" hai3="34,46,4,41,82,40,65,58,61,59,91,113,78"/><U67/><E0/><V103/><F1/><W43/><G113/><T18/><D111/><U107/><E131/><V10/><F116/><W102/><G34/><T66/><D126/><U13/><E127/><V30/><F108/><W53/><G4/><T62/><D121/><U110/><E110/><V16/><F129/><W125/><G125/><T90/><D44/><U17/><E12/><V22/><F103/><W106/><G106/><T3/><D62/><U11/><E48/><V118/><F118/><W35/><G35/><T23/><D23/><U37/><E37/><V135/><F135/><W57/><G102/><T112/><D9/><U52/><E52/><V39/><F50/><N who="3" m="28887" /><G78/><T124/><D112/><U60/><REACH who="1" step="1"/><E56/><REACH who="1" ten="232,364,222,172" step="2"/><N who="3" m="21610" /><G82/><T28/><D124/><U133/><E133/><V29/><F114/><W87/><G87/><T42/><D2/><U5/><E5/><V27/><F27/><AGARI ba="4,1" hai="11,13,17,27,31,33,60,67,70,80,83,96,101,107" machi="27" ten="40,12000,1" yaku="1,1,25,2,52,1,53,1" doraHai="24" doraHaiUra="15" who="1" fromWho="2" sc="232,0,364,142,222,-132,172,0" /><INIT seed="1,5,0,0,4,111" ten="232,506,90,172" oya="1" hai0="0,54,81,108,35,134,63,24,86,119,33,36,104" hai1="27,1,61,102,34,125,98,10,80,92,115,97,4" hai2="79,22,40,124,128,74,46,94,50,95,135,78,83" hai3="122,126,113,89,112,57,85,68,123,12,32,114,11"/><U101/><E125/><V71/><F128/><W133/><G126/><T70/><D104/><U117/><E117/><V62/><F124/><W26/><G68/><T110/><D0/><U84/><E115/><V121/><F121/><N who="3" m="46091" /><G57/><N who="0" m="35255" /><D36/><U64/><E27/><V43/><F135/><W41/><G41/><T55/><D119/><U53/><E53/><V3/><F3/><W5/><G89/><T29/><D55/><U17/><E17/><V65/><F78/><W39/><G85/><T129/><D70/><U99/><E34/><V7/><F43/><W52/><G52/><T72/><D72/><U90/><E102/><V116/><F116/><W106/><G106/><T47/><D47/><U127/><E127/><V93/><F7/><W88/><G88/><N who="0" m="51279" /><D129/><U23/><E23/><V105/><F105/><W60/><G60/><T130/><D134/><U107/><E107/><V18/><REACH who="2" step="1"/><F95/><REACH who="2" ten="232,506,80,172" step="2"/><W48/><G133/><T132/><D132/><U56/><AGARI ba="5,1" hai="1,4,10,56,61,64,80,84,90,92,97,98,99,101" machi="56" ten="20,2100,0" yaku="0,1,7,1" doraHai="111" who="1" fromWho="1" sc="232,-12,506,46,80,-12,172,-12" /><INIT seed="1,6,0,5,0,79" ten="220,552,68,160" oya="1" hai0="69,103,12,55,34,83,23,89,25,28,128,68,6" hai1="90,98,3,101,21,117,133,81,118,33,4,29,76" hai2="109,0,96,14,95,36,129,44,46,132,57,40,30" hai3="122,54,56,130,71,114,116,38,104,41,97,100,134"/><U47/><E133/><V73/><F0/><W127/><RYUUKYOKU type="yao9" ba="6,0" sc="220,0,552,0,68,0,160,0" hai3="38,41,54,56,71,97,100,104,114,116,122,127,130,134" /><INIT seed="1,7,0,4,0,67" ten="220,552,68,160" oya="1" hai0="18,105,123,106,96,10,97,95,74,79,100,24,93" hai1="115,117,55,113,80,130,88,25,77,98,102,26,82" hai2="135,83,29,114,19,122,35,44,61,109,37,42,34" hai3="69,129,56,32,86,0,57,63,73,124,49,9,87"/><U110/><E117/><V131/><F122/><W47/><G73/><T50/><D123/><U60/><E130/><V15/><F114/><W58/><G129/><T31/><D50/><U41/><E41/><V128/><F109/><W1/><G32/><T103/><D79/><U81/><E110/><V4/><F135/><W71/><G124/><T132/><D74/><U21/><E115/><V75/><F4/><W39/><G39/><T111/><D132/><U107/><E113/><V5/><F5/><W134/><G134/><T13/><REACH who="0" step="1"/><D111/><REACH who="0" ten="210,552,68,160" step="2"/><U8/><E77/><V23/><F61/><W108/><G108/><T36/><D36/><U101/><E60/><V94/><F75/><W118/><G118/><T99/><D99/><U133/><E98/><V27/><F35/><AGARI ba="7,1" hai="10,13,18,24,31,35,93,95,96,97,100,103,105,106" machi="35" ten="30,7700,0" yaku="1,1,7,1,9,1,53,1" doraHai="67" doraHaiUra="20" who="0" fromWho="2" sc="210,108,552,0,68,-98,160,0" owari="318,12.0,552,65.0,-30,-53.0,160,-24.0" /></mjloggm>