<mjloggm ver="2.3"><GO type="169" lobby="0"/><UN n0="%E5%B9%BD%E9%9C%8A%E3%81%AE%E8%BB%8C%E8%B7%A1" n1="%E3%83%86%E3%83%AC%E3%83%93%E3%81%A3%E5%AD%90" n2="%61%69%73%79%6F" n3="%E3%82%A6%E3%83%AB%E3%83%88%E3%83%A9%E7%AB%8B%E7%9B%B4" dan="16,17,17,17" rate="2015.18,2138.60,2156.66,2146.68" sx="M,M,M,M"/><TAIKYOKU oya="0"/><INIT seed="0,0,0,1,5,59" ten="250,250,250,250" oya="0" hai0="1,48,16,5,73,52,97,53,134,26,78,123,17" hai1="98,86,57,82,46,2,125,18,69,64,68,60,15" hai2="66,120,79,23,56,77,51,130,47,106,50,61,74" hai3="72,58,94,43,25,105,44,21,108,118,93,90,103"/><T80/><D123/><U29/><E125/><V132/><F120/><W42/><G118/><T9/><D134/><U102/><E2/><V54/><F106/><W38/><G108/><T13/><D97/><U75/><E75/><V107/><F107/><W39/><G72/><T55/><D26/><U135/><E135/><V101/><F101/><W114/><G114/><T117/><D117/><U92/><E29/><V35/><F35/><W113/><G113/><T110/><D110/><U91/><REACH who="1" step="1"/><E46/><REACH who="1" ten="250,240,250,250" step="2"/><V100/><F132/><W11/><G44/><T95/><D1/><U96/><E96/><V84/><F74/><W126/><G126/><T8/><D8/><AGARI ba="0,1" hai="8,15,18,57,60,64,68,69,82,86,91,92,98,102" machi="8" ten="30,3900,0" yaku="1,1,7,1,52,1,53,0" doraHai="59" doraHaiUra="22" who="1" fromWho="0" sc="250,-39,240,49,250,0,250,0" /><INIT seed="1,0,0,5,3,67" ten="211,289,250,250" oya="1" hai0="65,78,46,33,43,22,74,95,88,101,93,116,38" hai1="12,94,37,19,100,85,59,98,80,63,108,53,135" hai2="73,50,134,118,27,115,128,72,13,105,99,2,14" hai3="28,51,9,61,58,106,117,109,121,70,68,39,26"/><U24/><E37/><V79/><F2/><W42/><G106/><T36/><D33/><U49/><E135/><V71/><F118/><W130/><G9/><T84/><D116/><U107/><E108/><V45/><F128/><W124/><G117/><T6/><D6/><U133/><E133/><V87/><F115/><W111/><G39/><T60/><D38/><U29/><E107/><V41/><F14/><W47/><G130/><T81/><D101/><U25/><E49/><V52/><F27/><W4/><G4/><T16/><D78/><U11/><REACH who="1" step="1"/><E29/><REACH who="1" ten="211,279,250,250" step="2"/><V31/><F50/><W7/><G121/><T97/><D74/><U129/><E129/><V131/><F31/><W20/><G124/><T86/><D93/><U104/><E104/><V48/><F105/><W120/><G120/><T89/><D81/><U34/><E34/><V103/><F72/><W96/><G111/><T10/><D89/><AGARI ba="0,1" hai="11,12,19,24,25,53,59,63,80,85,89,94,98,100" machi="89" ten="30,5800,0" yaku="1,1,7,1,8,1,53,0" doraHai="67" doraHaiUra="132" who="1" fromWho="0" sc="211,-58,279,68,250,0,250,0" /><INIT seed="1,1,0,4,2,126" ten="153,347,250,250" oya="1" hai0="80,53,89,106,78,33,49,101,75,95,19,84,57" hai1="50,6,54,26,128,13,63,119,98,105,52,56,115" hai2="123,8,69,91,21,15,71,72,42,118,2,14,29" hai3="5,16,7,121,130,68,64,40,83,36,76,70,22"/><U0/><E119/><V45/><F118/><W65/><G121/><T94/><D33/><U113/><E0/><V31/><F123/><W17/><G40/><T87/><D19/><U122/><E122/><V82/><F15/><W10/><G36/><T81/><REACH who="0" step="1"/><D75/><REACH who="0" ten="143,347,250,250" step="2"/><U111/><E115/><V102/><F72/><W117/><G117/><T67/><D67/><U39/><E113/><V132/><F31/><W62/><G17/><T124/><D124/><U116/><E116/><V44/><F29/><W43/><G16/><T55/><D55/><U88/><E54/><V58/><F42/><W25/><G43/><T28/><D28/><U20/><E52/><V27/><F27/><W18/><G65/><T41/><D41/><U86/><E26/><V131/><F21/><W79/><G22/><T125/><D125/><U109/><E20/><V134/><F134/><W48/><G25/><T35/><D35/><U96/><E39/><V59/><F132/><W1/><G64/><T3/><D3/><U34/><E34/><V129/><F2/><W74/><G18/><T61/><D61/><U100/><E63/><V37/><F37/><W127/><G62/><T114/><D114/><U107/><E6/><V12/><F12/><W77/><G127/><T135/><D135/><U51/><E13/><V66/><F14/><W133/><G133/><T93/><D93/><U30/><E30/><V46/><F66/><W9/><G7/><T97/><AGARI ba="1,1" hai="49,53,57,78,80,81,84,87,89,94,95,97,101,106" machi="97" ten="30,4000,0" yaku="1,1,0,1,53,1" doraHai="126" doraHaiUra="85" who="0" fromWho="0" sc="143,53,347,-21,250,-11,250,-11" /><INIT seed="2,0,0,3,5,34" ten="196,326,239,239" oya="2" hai0="85,59,116,35,66,0,113,38,124,31,41,120,58" hai1="49,96,100,101,9,83,94,40,126,20,18,77,117" hai2="68,80,98,30,8,45,91,123,52,97,1,132,76" hai3="119,106,54,93,65,37,21,90,60,114,82,51,104"/><V115/><F115/><W22/><G119/><T23/><D120/><U62/><E117/><V88/><F68/><W69/><G114/><T36/><D113/><U135/><E126/><V19/><F123/><W79/><G37/><T95/><D116/><U6/><E135/><V103/><F30/><W39/><G39/><T5/><D124/><U121/><E121/><V13/><F132/><W10/><G10/><T7/><D35/><U134/><E134/><V43/><F1/><W72/><G106/><T118/><D118/><U105/><E62/><V3/><F3/><W4/><G104/><T15/><D38/><U32/><E32/><V127/><F43/><W57/><REACH who="3" step="1"/><G4/><REACH who="3" ten="196,326,239,229" step="2"/><T26/><D36/><U92/><E9/><V86/><F127/><W53/><G53/><T46/><D5/><U102/><E6/><V70/><F70/><W107/><G107/><T24/><D7/><U63/><E105/><V25/><F25/><W131/><G131/><T2/><D26/><U42/><E40/><V129/><F129/><W44/><G44/><T130/><D130/><U67/><E42/><V128/><F128/><W81/><G81/><T73/><D46/><U33/><E83/><V78/><F45/><W48/><G48/><T14/><D41/><U109/><E49/><V61/><F52/><W27/><G27/><T56/><D66/><U87/><E67/><V108/><F8/><W50/><G50/><T75/><D73/><U64/><E64/><V84/><F80/><W29/><G29/><T12/><D75/><U110/><E18/><V125/><F19/><W133/><G133/><RYUUKYOKU ba="0,1" sc="196,15,326,-15,239,-15,229,15" hai0="0,2,12,14,15,23,24,31,56,58,59,85,95" hai3="21,22,51,54,57,60,65,69,72,79,82,90,93" /><INIT seed="3,1,1,3,2,132" ten="211,311,224,244" oya="3" hai0="18,105,85,37,2,118,55,17,56,5,102,61,121" hai1="20,120,43,76,63,26,103,112,49,45,8,82,111" hai2="68,16,64,46,110,72,135,39,109,106,40,22,3" hai3="52,83,107,81,99,131,10,93,9,127,60,31,123"/><W90/><G123/><T71/><D121/><U23/><E120/><V4/><F72/><W35/><G107/><T24/><D37/><U75/><E112/><V69/><F106/><W19/><G35/><T89/><D118/><U51/><E111/><N who="2" m="42507" /><F64/><W67/><G131/><T41/><D41/><U86/><E103/><V129/><F129/><W53/><G31/><T122/><D122/><U58/><E8/><N who="3" m="3178" /><G127/><T73/><D73/><U34/><E34/><V87/><F135/><W124/><G124/><T119/><D119/><U92/><E49/><V33/><F33/><W115/><G115/><T113/><D113/><U25/><E92/><V11/><F87/><W21/><G67/><T100/><D5/><U125/><E125/><V126/><F126/><W30/><G30/><T1/><D71/><U65/><E75/><V95/><F95/><W134/><G134/><T32/><D32/><U117/><REACH who="1" step="1"/><E117/><REACH who="1" ten="211,301,224,244" step="2"/><V114/><F114/><W101/><G101/><T15/><D105/><U44/><E44/><V104/><F104/><W130/><G130/><T0/><D100/><U36/><E36/><V80/><F46/><W29/><G29/><T70/><D102/><U97/><E97/><V79/><F39/><W48/><G48/><T57/><D2/><U7/><E7/><V98/><F4/><W12/><G60/><T91/><D61/><U96/><E96/><V128/><F3/><W62/><G62/><T38/><D1/><U50/><E50/><V6/><F6/><W77/><G83/><T27/><D38/><U59/><E59/><V108/><N who="2" m="42515" /><V94/><DORA hai="74" /><F128/><RYUUKYOKU ba="1,2" sc="211,-15,301,15,224,-15,244,15" hai1="20,23,25,26,43,45,51,58,63,65,76,82,86" hai3="12,19,21,52,53,77,81,90,93,99" /><INIT seed="3,2,2,4,4,40" ten="196,316,209,259" oya="3" hai0="8,69,118,36,25,26,82,16,61,49,9,32,134" hai1="80,66,65,130,115,109,86,102,78,74,48,113,133" hai2="92,88,128,37,31,12,21,70,43,89,10,17,6" hai3="116,87,97,135,46,127,7,22,2,47,33,101,110"/><W38/><G116/><T52/><D118/><U112/><E109/><V64/><F128/><W11/><G33/><T27/><D134/><U76/><E130/><V106/><F106/><W58/><G38/><T24/><D36/><U119/><E119/><V125/><F125/><W71/><G71/><T131/><D131/><U23/><E133/><V18/><F70/><W100/><G135/><T30/><D82/><U28/><E102/><V41/><F64/><W126/><G110/><T5/><D69/><U54/><E28/><V57/><F31/><W104/><G100/><T56/><D61/><U14/><E76/><V95/><F57/><W42/><G58/><T83/><D83/><U91/><E23/><V124/><F37/><W62/><G62/><T3/><REACH who="0" step="1"/><D8/><REACH who="0" ten="186,316,209,259" step="2"/><U85/><E80/><V44/><F10/><W81/><G126/><T60/><D60/><U1/><E115/><V105/><F124/><W29/><G127/><T77/><D77/><U0/><E78/><V123/><F123/><W59/><G81/><T72/><D72/><U53/><E74/><V98/><F105/><W67/><G104/><T19/><AGARI ba="2,3" hai="3,5,9,16,19,24,25,26,27,30,32,49,52,56" machi="19" ten="30,7900,0" yaku="1,1,0,1,54,2,53,0" doraHai="40" doraHaiUra="107" who="0" fromWho="0" sc="186,115,316,-22,209,-22,259,-41" /><INIT seed="4,0,0,0,4,69" ten="301,294,187,218" oya="0" hai0="45,61,38,37,87,13,128,57,99,92,88,103,56" hai1="127,7,27,112,35,86,85,49,80,4,30,109,75" hai2="55,122,20,84,8,115,59,60,66,10,111,106,62" hai3="94,39,118,63,123,79,108,5,34,104,82,114,32"/><T36/><D128/><U102/><E109/><V18/><F115/><W16/><G5/><T31/><D31/><U71/><E75/><V12/><F106/><W91/><G104/><T21/><D45/><U107/><E112/><V96/><F122/><W76/><G114/><T6/><D6/><U44/><E71/><V33/><F33/><W135/><G108/><T29/><D29/><U70/><E70/><V121/><F121/><W95/><G118/><T65/><D13/><U120/><E120/><V0/><F111/><W67/><G123/><T105/><REACH who="0" step="1"/><D21/><REACH who="0" ten="291,294,187,218" step="2"/><U17/><E4/><V22/><F22/><W1/><G34/><T23/><D23/><U52/><E7/><V68/><F0/><W93/><G32/><T43/><D43/><U14/><E14/><V130/><F130/><W2/><G2/><T98/><D98/><U25/><E30/><V51/><F96/><W48/><G1/><T131/><D131/><U133/><E35/><V15/><F15/><W28/><G28/><T41/><D41/><U74/><E27/><V81/><F20/><W129/><G129/><T3/><D3/><U78/><E25/><V124/><F10/><W100/><G16/><T77/><D77/><U9/><E17/><V58/><F8/><W125/><G79/><T132/><D132/><U119/><E9/><V126/><F12/><W64/><G76/><T24/><D24/><U101/><E133/><V97/><F18/><W89/><G135/><T90/><D90/><U117/><E78/><N who="2" m="46135" /><F97/><W11/><G11/><T42/><D42/><U53/><E44/><V46/><F46/><RYUUKYOKU ba="0,1" sc="291,15,294,-15,187,15,218,-15" hai0="36,37,38,56,57,61,65,87,88,92,99,103,105" hai2="51,55,58,59,60,62,66,68,124,126" /><INIT seed="4,1,1,4,1,125" ten="306,279,202,203" oya="0" hai0="68,78,74,105,64,19,87,13,123,51,134,59,77" hai1="45,10,32,111,95,48,6,7,131,109,42,58,22" hai2="80,3,103,23,119,44,14,83,96,25,30,61,37" hai3="108,33,75,133,107,118,47,106,120,15,63,66,36"/><T127/><D123/><U116/><E32/><V52/><F3/><W117/><G15/><T98/><D127/><U11/><E116/><N who="3" m="44650" /><G108/><T20/><D134/><U5/><E131/><V76/><F119/><W99/><G133/><T53/><D74/><U69/><E69/><V101/><F101/><N who="3" m="62783" /><G107/><T12/><D12/><U114/><E114/><V85/><F80/><W135/><G135/><T60/><REACH who="0" step="1"/><D87/><REACH who="0" ten="296,279,202,203" step="2"/><U121/><E121/><V84/><F14/><W92/><G75/><T97/><D97/><U2/><E111/><V126/><F126/><W18/><G120/><T110/><D110/><U46/><E109/><V70/><F84/><W1/><G1/><T17/><D17/><U49/><E2/><V82/><F85/><W21/><G18/><T90/><D90/><U34/><E6/><V29/><F96/><W91/><G91/><T100/><AGARI ba="1,2" hai="13,19,20,51,53,59,60,64,68,77,78,98,100,105" machi="100" ten="30,6000,0" yaku="1,1,0,1,53,1" doraHai="125" doraHaiUra="8" who="0" fromWho="0" sc="296,83,279,-21,202,-21,203,-21" /><INIT seed="4,2,0,2,3,22" ten="379,258,181,182" oya="0" hai0="49,10,76,72,3,47,23,77,30,115,38,109,87" hai1="13,20,128,90,0,88,106,56,93,48,55,6,53" hai2="40,35,86,134,43,50,112,63,28,95,114,117,92" hai3="58,21,44,37,107,1,125,12,81,101,75,17,82"/><T52/><D115/><N who="2" m="44074" /><F134/><W132/><G125/><T67/><D109/><U97/><E128/><V98/><F117/><W36/><G132/><T120/><D120/><U26/><E106/><V25/><F50/><W46/><G1/><T51/><D67/><U62/><E0/><V34/><F34/><W68/><G68/><T4/><D38/><U32/><E32/><V39/><F39/><W133/><G133/><T11/><D11/><U80/><E6/><V60/><F92/><W54/><G101/><T91/><D72/><U83/><E13/><V94/><F95/><W45/><G107/><T15/><D3/><U130/><E90/><N who="2" m="53591" /><F98/><W105/><G105/><T99/><D99/><U74/><E74/><V69/><F69/><W14/><G75/><T71/><D71/><U119/><E130/><V121/><F121/><W96/><G96/><T57/><D23/><U61/><E119/><V31/><F31/><W64/><G37/><T126/><D30/><N who="1" m="17735" /><E62/><AGARI ba="2,0" hai="25,28,35,40,43,60,62,63" m="53591,44074" machi="62" ten="30,2000,0" yaku="15,1,52,1" doraHai="22" who="2" fromWho="1" sc="379,0,258,-26,181,26,182,0" /><INIT seed="5,0,0,2,1,19" ten="379,232,207,182" oya="1" hai0="117,78,99,20,24,115,132,29,124,9,48,23,70" hai1="40,108,3,16,107,126,89,84,73,55,13,120,77" hai2="63,97,122,18,75,49,94,129,27,105,15,106,64" hai3="65,128,80,111,79,74,81,90,14,102,133,71,62"/><U109/><E120/><V101/><F75/><W66/><G111/><N who="1" m="42570" /><E107/><V127/><F122/><W121/><G121/><T110/><D110/><U10/><E126/><V51/><F127/><W103/><G128/><T22/><D124/><U119/><E119/><V93/><F129/><W36/><G36/><T60/><D117/><U56/><E40/><V114/><F27/><W5/><G133/><T38/><D38/><U113/><E113/><V72/><F72/><W2/><G90/><T37/><D37/><U6/><E73/><V82/><F82/><W125/><G81/><T87/><D115/><U76/><E89/><V32/><F32/><W46/><G125/><T69/><D132/><U95/><E95/><V131/><F114/><W116/><G116/><T130/><D130/><U58/><E84/><V28/><F94/><W12/><G103/><T47/><D99/><U0/><E58/><N who="2" m="36983" /><F106/><W53/><G102/><T91/><D9/><N who="1" m="2247" /><E3/><V67/><F105/><W88/><G2/><T17/><D78/><U45/><E45/><V26/><F131/><W123/><G123/><T54/><D60/><AGARI ba="0,0" hai="10,13,16,55,56,60,76,77" m="2247,42570" machi="60" ten="30,2900,0" yaku="10,1,54,1" doraHai="19" who="1" fromWho="0" sc="379,-29,232,29,207,0,182,0" /><INIT seed="5,1,0,5,1,84" ten="350,261,207,182" oya="1" hai0="52,102,17,38,113,131,15,0,112,83,53,128,4" hai1="23,11,90,120,14,97,27,3,56,79,118,13,132" hai2="55,57,127,87,50,36,46,70,12,29,133,64,115" hai3="24,86,49,71,111,91,22,42,121,126,30,72,61"/><U109/><E120/><V45/><F29/><W134/><G111/><T124/><D38/><U93/><E118/><V73/><F73/><W47/><G121/><T65/><D65/><U80/><E109/><V40/><F133/><W41/><G72/><T16/><D102/><U106/><E132/><V34/><F34/><W1/><G1/><T103/><D103/><U99/><E106/><V63/><F127/><W8/><G126/><T62/><D124/><U110/><E110/><V114/><F12/><W88/><G134/><T89/><D0/><U76/><E99/><V125/><F125/><W104/><G104/><T44/><D4/><U7/><E56/><V105/><F105/><W122/><G122/><T74/><D74/><U129/><E129/><N who="0" m="49737" /><D62/><U123/><E123/><V21/><F21/><W82/><G71/><T28/><D28/><U48/><E48/><V100/><F100/><W6/><G61/><T119/><D119/><U37/><E37/><V25/><F25/><W130/><G130/><T75/><D75/><U81/><E14/><V59/><F87/><N who="3" m="50295" /><G6/><T54/><D44/><U58/><E58/><AGARI ba="1,0" hai="36,40,45,46,50,55,57,58,59,63,64,70,114,115" machi="58" ten="40,5200,0" yaku="34,3" doraHai="84" who="2" fromWho="1" sc="350,0,261,-55,207,55,182,0" /><INIT seed="6,0,0,3,5,106" ten="350,206,262,182" oya="2" hai0="65,125,91,122,11,75,107,21,87,120,63,129,20" hai1="108,128,59,13,88,32,1,4,69,29,77,44,94" hai2="41,95,33,135,24,46,89,114,116,119,49,109,67" hai3="10,80,121,31,3,9,70,112,47,52,74,96,81"/><V43/><F114/><W60/><G121/><T25/><D107/><U131/><E69/><V92/><F135/><W53/><G112/><T17/><D129/><N who="1" m="49739" /><E108/><V15/><F109/><W93/><G31/><T6/><D125/><U98/><E44/><V105/><F105/><W50/><G3/><T7/><D75/><U73/><E1/><V86/><F67/><W54/><G70/><T23/><D122/><U26/><E59/><V115/><F115/><W76/><G80/><T123/><D120/><U30/><E30/><V36/><F41/><W101/><REACH who="3" step="1"/><G60/><REACH who="3" ten="350,206,262,172" step="2"/><T97/><D63/><U42/><E42/><AGARI ba="0,1" hai="9,10,42,47,50,52,53,54,74,76,81,93,96,101" machi="42" ten="40,8000,1" yaku="1,1,2,1,52,1,54,1,53,0" doraHai="106" doraHaiUra="56" who="3" fromWho="1" sc="350,0,206,-80,262,0,172,90" /><INIT seed="7,0,0,4,1,13" ten="350,126,262,262" oya="3" hai0="32,55,61,3,50,28,91,44,1,10,90,70,102" hai1="0,134,16,118,111,97,98,27,103,107,122,93,65" hai2="117,24,29,77,7,5,112,11,43,57,9,72,34" hai3="100,20,126,135,130,64,63,129,127,116,99,39,18"/><W73/><G39/><T123/><D123/><U82/><E122/><V37/><F112/><W94/><G73/><T121/><D121/><U80/><E111/><V46/><F117/><W12/><G116/><T96/><D10/><U8/><E118/><V92/><F92/><W108/><G108/><T36/><D36/><U110/><E110/><V75/><F57/><W23/><G135/><T74/><D74/><U14/><E134/><V60/><F60/><W54/><G54/><T22/><D22/><U79/><E0/><N who="2" m="167" /><F77/><W89/><G89/><T86/><D91/><U58/><E27/><V30/><F30/><W84/><G84/><T25/><D61/><U87/><E82/><V38/><F38/><W51/><G51/><T33/><D33/><U49/><E65/><V41/><F41/><W4/><G4/><T115/><D70/><U106/><REACH who="1" step="1"/><E98/><REACH who="1" ten="350,116,262,262" step="2"/><V19/><F24/><W2/><G2/><T56/><D1/><U78/><E78/><V114/><F114/><W15/><G129/><T59/><D3/><U69/><E69/><V119/><F119/><W40/><G130/><T52/><D115/><U113/><E113/><V85/><F75/><W48/><G126/><T133/><D96/><U17/><E17/><V105/><F19/><N who="3" m="10343" /><G127/><T95/><D133/><U131/><E131/><V53/><F72/><W21/><G18/><T71/><D71/><U66/><E66/><V68/><F68/><N who="3" m="42015" /><G15/><T132/><D132/><U81/><E81/><V35/><F85/><W31/><G31/><T76/><D28/><U128/><E128/><V104/><F29/><W62/><G99/><RYUUKYOKU ba="0,1" sc="350,-10,116,30,262,-10,262,-10" hai1="8,14,16,49,58,79,80,87,93,97,103,106,107" owari="350,45.0,146,-35.0,252,5.0,252,-15.0" /></mjloggm>