<mjloggm ver="2.3"><GO type="169" lobby="0"/><UN n0="%E3%82%A6%E3%83%AB%E3%83%88%E3%83%A9%E7%AB%8B%E7%9B%B4" n1="%E9%87%8C%E4%B8%AD%E4%BA%9C%E7%9F%A2%E5%AD%90" n2="%65%76%61%63%61%6E%69%61" n3="%E3%81%84%E3%81%91%E3%81%9F%E3%82%93" dan="18,16,16,16" rate="2222.72,2052.84,2051.69,2097.98" sx="M,F,M,M"/><TAIKYOKU oya="0"/><INIT seed="0,0,0,5,1,46" ten="250,250,250,250" oya="0" hai0="92,15,106,34,68,21,99,59,74,20,83,119,52" hai1="77,115,79,85,76,36,9,96,37,43,10,117,123" hai2="131,63,133,94,105,114,22,19,14,44,118,45,66" hai3="23,18,75,28,69,82,65,67,16,112,121,60,40"/><T124/><D34/><U27/><E123/><V101/><F114/><W120/><G112/><T58/><D68/><U0/><E115/><V86/><F131/><W78/><G65/><T125/><D106/><U1/><E85/><V32/><F133/><W62/><G62/><T97/><D119/><U25/><E43/><V91/><F118/><W30/><G40/><T13/><D83/><U81/><E96/><V128/><F128/><W135/><G135/><T8/><D74/><U57/><E57/><V110/><F110/><W134/><G134/><T70/><D70/><U12/><E12/><N who="0" m="4681" /><D8/><N who="1" m="3179" /><E81/><V90/><F32/><W42/><G42/><T48/><D97/><U38/><E117/><V7/><F7/><W53/><G53/><N who="0" m="32039" /><D125/><U73/><E73/><V72/><F72/><W35/><G35/><T33/><D124/><U87/><E87/><N who="2" m="52575" /><F101/><W126/><G126/><T2/><D2/><AGARI ba="0,0" hai="0,1,2,25,27,36,37,38,76,77,79" m="3179" machi="2" ten="40,2600,0" yaku="28,2" doraHai="46" who="1" fromWho="0" sc="250,-26,250,26,250,0,250,0" /><INIT seed="1,0,0,1,2,32" ten="224,276,250,250" oya="1" hai0="10,133,46,54,12,18,37,24,91,99,15,109,94" hai1="1,28,50,78,132,71,5,23,83,8,52,19,110" hai2="17,115,55,34,93,26,73,100,31,13,60,135,70" hai3="107,108,49,87,84,3,41,128,66,62,105,113,16"/><U118/><E71/><V80/><F135/><W21/><G113/><T81/><D133/><U77/><E118/><V101/><F115/><W74/><G74/><T51/><D109/><U67/><E132/><V111/><F111/><W48/><G108/><T29/><D37/><U88/><E110/><V97/><F80/><W42/><G128/><T6/><D81/><U102/><E102/><V104/><F73/><W53/><G3/><T65/><D65/><U72/><E28/><V96/><F55/><W58/><G48/><T7/><REACH who="0" step="1"/><D15/><REACH who="0" ten="214,276,250,250" step="2"/><U59/><E67/><N who="2" m="41319" /><F13/><N who="3" m="9359" /><G107/><T90/><D90/><U121/><E121/><V120/><F17/><W61/><G105/><T129/><D129/><U39/><E39/><V95/><F95/><W14/><G14/><T82/><D82/><U11/><E88/><V106/><F93/><W40/><G66/><T98/><D98/><U36/><E36/><V38/><F38/><W114/><G114/><T122/><D122/><AGARI ba="0,1" hai="26,31,34,96,97,100,101,104,106,120,122" m="41319" machi="122" ten="30,2000,0" yaku="25,1,23,1" doraHai="32" who="2" fromWho="0" sc="214,-20,276,0,250,30,250,0" /><INIT seed="2,0,0,0,2,58" ten="194,276,280,250" oya="2" hai0="125,51,46,38,104,54,127,81,108,47,118,29,113" hai1="135,115,71,91,78,102,65,50,35,77,7,16,21" hai2="2,119,61,67,56,19,106,132,130,49,37,134,110" hai3="43,111,24,48,55,73,133,90,109,82,30,89,126"/><V42/><F2/><W45/><G126/><N who="0" m="48139" /><D104/><U121/><E35/><V92/><F106/><W86/><G133/><N who="2" m="51305" /><F19/><W75/><G43/><N who="0" m="22903" /><D29/><U124/><E135/><V10/><F10/><W117/><G90/><T33/><D33/><U70/><E91/><V129/><F92/><W15/><G15/><T95/><D95/><U40/><E102/><V25/><F25/><W79/><G117/><T80/><D113/><U22/><E7/><V68/><F119/><W53/><G53/><T107/><D107/><U72/><E72/><V8/><F8/><W18/><G18/><T66/><D118/><U112/><E124/><V39/><F110/><N who="3" m="41995" /><G89/><T85/><D108/><U44/><E115/><V5/><F5/><W97/><G97/><T12/><D85/><U11/><E112/><V59/><F59/><W28/><G28/><T20/><D12/><U93/><E93/><V3/><F3/><W114/><G114/><T62/><D20/><AGARI ba="0,0" hai="20,24,30,45,48,55,73,75,79,82,86" m="41995" machi="20" ten="30,1000,0" yaku="14,1" doraHai="58" who="3" fromWho="0" sc="194,-10,276,0,280,0,250,10" /><INIT seed="3,0,0,5,1,55" ten="184,276,280,260" oya="3" hai0="96,19,68,110,107,32,26,30,64,89,17,113,77" hai1="14,21,81,71,108,131,22,37,88,50,93,115,83" hai2="54,12,123,105,130,102,0,66,80,8,129,20,41" hai3="49,60,45,31,69,7,112,5,106,118,24,75,27"/><W85/><G75/><T97/><D113/><U28/><E37/><V39/><F123/><W40/><G112/><T92/><D77/><U76/><E115/><V3/><F66/><W135/><G118/><T46/><D46/><U127/><E71/><V56/><F20/><W43/><G106/><T6/><D6/><U62/><E131/><N who="2" m="50187" /><F41/><W18/><G43/><T128/><D128/><U34/><E34/><V116/><F39/><W63/><G135/><T11/><D11/><U78/><E62/><N who="3" m="23594" /><G69/><T16/><D110/><U103/><E103/><V133/><F116/><W90/><G31/><T99/><D68/><U72/><E28/><V13/><F133/><W38/><G38/><T101/><REACH who="0" step="1"/><D64/><REACH who="0" ten="174,276,280,260" step="2"/><U23/><E76/><V117/><F8/><W126/><G5/><T9/><D9/><U25/><E78/><V73/><F0/><W82/><G7/><T36/><D36/><U61/><E72/><V51/><F3/><W86/><G45/><T33/><D33/><U70/><E70/><V122/><F117/><W114/><G114/><T1/><D1/><U10/><E10/><V35/><F35/><W132/><G132/><T53/><D53/><U67/><E67/><V111/><F111/><W121/><G40/><T119/><D119/><U95/><E108/><V100/><F54/><W91/><G121/><T58/><D58/><U74/><E74/><V47/><F56/><W29/><G126/><T124/><D124/><U104/><E127/><V120/><F122/><W59/><G59/><T94/><D94/><U42/><E93/><V87/><F120/><W98/><G82/><RYUUKYOKU ba="0,1" sc="174,30,276,-10,280,-10,260,-10" hai0="16,17,19,26,30,32,89,92,96,97,99,101,107" /><INIT seed="4,1,1,4,1,130" ten="204,266,270,250" oya="0" hai0="114,47,92,89,59,58,76,35,16,65,31,18,103" hai1="10,74,27,62,108,60,134,54,53,111,84,1,22" hai2="38,52,57,40,91,87,96,15,82,50,20,77,68" hai3="61,49,55,100,14,132,81,51,80,0,5,70,106"/><T121/><D121/><U43/><E74/><V110/><F68/><W36/><G36/><T8/><D114/><U129/><E43/><V133/><F110/><W119/><G119/><T17/><D103/><U45/><E129/><V105/><F133/><W83/><G0/><T79/><D35/><U107/><E107/><V127/><F127/><W63/><G106/><T4/><D31/><U94/><E134/><V64/><F64/><W12/><G132/><T128/><D128/><U95/><E10/><V25/><F15/><N who="3" m="5675" /><G70/><T34/><D34/><U2/><E27/><V11/><F11/><W99/><G5/><T28/><D28/><U116/><E45/><N who="2" m="25895" /><F38/><W93/><G49/><T86/><D47/><AGARI ba="1,1" hai="47,51,55,61,63,80,81,83,93,99,100" m="5675" machi="47" ten="30,1000,0" yaku="8,1" doraHai="130" who="3" fromWho="0" sc="204,-13,266,0,270,0,250,23" /><INIT seed="5,0,0,3,1,126" ten="191,266,270,273" oya="1" hai0="6,42,58,129,20,110,14,80,73,59,104,48,125" hai1="102,24,65,127,81,123,32,128,18,2,108,37,21" hai2="92,121,39,38,76,63,35,85,71,69,60,26,113" hai3="55,95,96,77,45,124,67,10,83,109,23,79,134"/><U57/><E123/><V135/><BYE who="0" /><F121/><UN n0="%E3%82%A6%E3%83%AB%E3%83%88%E3%83%A9%E7%AB%8B%E7%9B%B4" /><W47/><G109/><T5/><D110/><U11/><E108/><V130/><F76/><W40/><G124/><T111/><D125/><U22/><E127/><V16/><F35/><W31/><G134/><T120/><D111/><U56/><E37/><V46/><F85/><N who="3" m="48367" /><G67/><T117/><D117/><U9/><E102/><V114/><F92/><W133/><G133/><T7/><D120/><U70/><E70/><N who="2" m="26635" /><F16/><W61/><G79/><T112/><D129/><U122/><E122/><V84/><F84/><W94/><G40/><T49/><D112/><N who="2" m="43114" /><F26/><N who="3" m="16863" /><G10/><T64/><D104/><U12/><E128/><V4/><F4/><W43/><G95/><T98/><D73/><U115/><E115/><V74/><F74/><W1/><G1/><T25/><D80/><U54/><E2/><V107/><F107/><W68/><G94/><T86/><D86/><U100/><E32/><V118/><F135/><W82/><G96/><T131/><D98/><U28/><E100/><V44/><F130/><W0/><G82/><T75/><D131/><U53/><E65/><V36/><F118/><W66/><G66/><T89/><D64/><U132/><E132/><V119/><F119/><W116/><G0/><T99/><D75/><U78/><E78/><V27/><F27/><W51/><G68/><T87/><D14/><U90/><E90/><V30/><F30/><W72/><G72/><T62/><D25/><U97/><E97/><V105/><F105/><W103/><G103/><T91/><D99/><U29/><E81/><V93/><F93/><W8/><G116/><RYUUKYOKU ba="0,0" sc="191,-10,266,-10,270,30,273,-10" hai2="36,38,39,44,46,60,63" /><INIT seed="6,1,0,0,1,79" ten="181,256,300,263" oya="2" hai0="4,73,67,120,91,110,56,95,116,49,32,5,83" hai1="76,51,13,75,10,15,135,3,45,33,54,25,11" hai2="68,52,134,29,94,57,39,1,128,104,18,41,19" hai3="60,78,8,9,22,71,96,61,38,129,133,131,6"/><V34/><F104/><W26/><G38/><T123/><D110/><U102/><E135/><V21/><F1/><W40/><G40/><T46/><D32/><U53/><E102/><V130/><F68/><W106/><G133/><T119/><D56/><U86/><E75/><V109/><F134/><W72/><G106/><T70/><D67/><U65/><E65/><V69/><F69/><W2/><G96/><N who="0" m="57471" /><D70/><U24/><E33/><V122/><F34/><W98/><G98/><T37/><D37/><U124/><E124/><V118/><F122/><N who="0" m="46634" /><D49/><U23/><E3/><V7/><F7/><W88/><G61/><T55/><D55/><U16/><E54/><V43/><F52/><W100/><G60/><T85/><D46/><U42/><E53/><V82/><F57/><W93/><G71/><T48/><D48/><U117/><E117/><N who="0" m="45129" /><D73/><U59/><E59/><V12/><F39/><W89/><G72/><T35/><D35/><U27/><E13/><V105/><F118/><W87/><G2/><T77/><AGARI ba="1,0" hai="4,5,77,83,85" m="45129,46634,57471" machi="77" ten="30,2000,0" yaku="12,1,52,1" doraHai="79" who="0" fromWho="0" sc="181,23,256,-6,300,-11,263,-6" /><INIT seed="7,0,0,5,0,88" ten="204,250,289,257" oya="3" hai0="73,35,39,105,27,96,125,130,2,132,20,111,65" hai1="80,29,76,50,17,99,108,1,106,16,43,52,14" hai2="69,86,101,63,0,32,120,49,23,40,119,44,87" hai3="118,72,31,74,126,3,79,109,46,121,124,45,10"/><W26/><G118/><T75/><RYUUKYOKU type="yao9" ba="0,0" sc="204,0,250,0,289,0,257,0" hai0="2,20,27,35,39,65,73,75,96,105,111,125,130,132" /><INIT seed="7,1,0,3,1,91" ten="204,250,289,257" oya="3" hai0="21,3,22,115,72,70,85,66,86,71,38,36,0" hai1="119,112,2,110,84,111,62,127,103,44,120,107,63" hai2="45,96,46,88,6,9,122,25,134,114,132,76,53" hai3="5,51,28,34,69,30,104,42,78,20,100,54,33"/><W52/><G69/><T128/><D66/><U18/><E2/><V124/><F114/><W105/><G42/><T13/><D13/><U73/><E73/><V49/><F124/><W61/><G5/><T47/><D47/><U58/><E127/><V74/><F122/><W79/><G20/><T32/><D32/><U121/><E112/><V37/><F25/><W59/><G59/><T48/><D48/><U14/><E107/><V16/><F16/><W1/><G51/><T97/><D72/><U92/><E119/><V64/><F64/><W106/><G106/><T56/><D56/><U108/><E44/><V116/><F116/><W93/><G1/><T90/><D90/><N who="1" m="53319" /><E103/><V26/><F26/><W83/><G100/><T29/><D97/><U11/><E63/><V57/><F88/><W77/><G77/><T117/><D117/><U129/><E129/><V82/><F96/><W80/><G93/><T89/><D89/><U123/><E62/><AGARI ba="1,0" hai="28,30,33,34,52,54,61,62,78,79,80,83,104,105" machi="62" ten="25,4800,0" yaku="22,2,54,1" doraHai="91" who="3" fromWho="1" sc="204,0,250,-51,289,0,257,51" owari="204,-20.0,199,-30.0,289,9.0,308,41.0" /></mjloggm>