<mjloggm ver="2.3"><GO type="233" lobby="0"/><UN n0="%E3%82%A6%E3%83%AB%E3%83%88%E3%83%A9%E7%AB%8B%E7%9B%B4" n1="%67%61%72%75%63%69%61" n2="%E5%B0%8F%E9%98%AA%E3%81%A1%E3%81%B2%E3%82%8D" n3="%E3%81%8A%E7%9F%A5%E3%82%89%E3%81%9B" dan="17,17,16,17" rate="2178.03,2164.64,2093.15,2137.24" sx="M,M,F,M"/><TAIKYOKU oya="0"/><INIT seed="0,0,0,4,3,111" ten="250,250,250,250" oya="0" hai0="62,47,116,24,99,50,74,112,100,19,8,31,89" hai1="33,21,134,104,128,11,125,23,64,103,38,53,12" hai2="97,37,96,18,60,9,113,80,7,63,72,133,0" hai3="119,52,92,124,70,126,43,131,117,57,22,58,71"/><T42/><D116/><N who="3" m="44617" /><G92/><T4/><D74/><U67/><E38/><V102/><F133/><W76/><G76/><T68/><D19/><U84/><E33/><V94/><F37/><W54/><G43/><T3/><D89/><U115/><E134/><V55/><F113/><W90/><G90/><T10/><D10/><U132/><E132/><V26/><F96/><W51/><G131/><T65/><D112/><U114/><E128/><V45/><F72/><W13/><G13/><T14/><D3/><U46/><E104/><V79/><F79/><W98/><G22/><T83/><D83/><U1/><E1/><V48/><F80/><W16/><G16/><T34/><D99/><U6/><E103/><V15/><REACH who="2" step="1"/><F26/><REACH who="2" ten="250,250,240,250" step="2"/><W107/><G98/><T77/><D77/><U56/><E115/><V36/><F36/><W2/><G107/><T82/><D82/><U5/><E114/><V73/><F73/><W101/><G101/><T91/><D100/><U49/><E125/><N who="3" m="48234" /><G2/><T118/><D118/><U130/><E130/><V78/><F78/><W106/><G106/><T121/><REACH who="0" step="1"/><D91/><REACH who="0" ten="240,250,240,250" step="2"/><U127/><E127/><V20/><AGARI ba="0,2" hai="0,7,9,15,18,20,45,48,55,60,63,94,97,102" machi="20" ten="20,5200,0" yaku="1,1,0,1,7,1,53,1" doraHai="111" doraHaiUra="35" who="2" fromWho="2" sc="240,-26,250,-13,240,72,250,-13" /><INIT seed="1,0,0,0,5,43" ten="214,237,312,237" oya="1" hai0="7,5,70,21,83,8,75,2,89,73,14,47,111" hai1="129,131,108,72,45,121,85,63,3,34,69,26,54" hai2="123,4,52,122,101,119,29,94,78,90,125,55,1" hai3="30,77,97,53,62,51,106,18,66,81,113,13,115"/><U31/><E72/><V134/><F119/><W49/><G30/><T71/><D111/><U92/><E121/><V32/><F134/><W102/><G62/><T41/><D75/><U128/><E3/><V68/><F68/><W59/><G66/><T46/><D46/><U120/><E120/><V25/><F125/><W27/><G51/><T11/><D21/><U0/><E0/><V86/><F101/><W105/><G27/><T116/><D116/><U114/><E114/><V79/><F123/><W109/><G105/><T56/><D56/><U118/><E118/><V104/><F104/><W6/><G6/><T98/><D98/><U135/><E135/><V130/><F130/><W9/><REACH who="3" step="1"/><G109/><REACH who="3" ten="214,237,312,227" step="2"/><T28/><D28/><U107/><E107/><V84/><F122/><W15/><G15/><T88/><D71/><U133/><E133/><V87/><F4/><W12/><G12/><T33/><D70/><U57/><E108/><V91/><F1/><W36/><G36/><N who="0" m="21927" /><D33/><U82/><E69/><V60/><F60/><W124/><G124/><T37/><D37/><U99/><E45/><V65/><F65/><W10/><G10/><T132/><D132/><U38/><E38/><V64/><F64/><W48/><G48/><T40/><D40/><U58/><E58/><V93/><REACH who="2" step="1"/><F86/><AGARI ba="0,1" hai="9,13,18,49,53,59,77,81,86,97,102,106,113,115" machi="86" ten="30,3900,0" yaku="1,1,7,1,53,1" doraHai="43" doraHaiUra="74" who="3" fromWho="2" sc="214,0,237,0,312,-39,227,49" /><INIT seed="2,0,0,1,5,64" ten="214,237,273,276" oya="2" hai0="9,86,53,107,91,114,126,115,36,52,130,104,61" hai1="11,5,63,67,82,90,13,47,105,22,85,19,45" hai2="127,62,128,26,68,81,133,71,100,108,69,33,87" hai3="112,34,134,79,35,3,96,46,76,43,18,113,95"/><V122/><F122/><W41/><G3/><T57/><D36/><U25/><REACH who="1" step="1"/><E105/><REACH who="1" ten="214,227,273,276" step="2"/><V97/><F133/><W44/><G134/><T40/><D107/><U59/><AGARI ba="0,1" hai="5,11,13,19,22,25,45,47,59,63,67,82,85,90" machi="59" ten="20,12000,2" yaku="21,2,2,1,0,1,7,1,8,1,53,0" doraHai="64" doraHaiUra="117" who="1" fromWho="1" sc="214,-30,227,130,273,-60,276,-30" /><INIT seed="3,0,0,4,2,65" ten="184,357,213,246" oya="3" hai0="7,86,68,117,58,64,9,31,60,20,42,8,103" hai1="124,123,40,75,46,22,39,84,134,47,70,11,69" hai2="126,115,110,5,99,92,82,21,49,71,129,94,0" hai3="23,14,119,50,36,56,135,51,73,91,27,67,109"/><W57/><G36/><T66/><D117/><U78/><E123/><V105/><F115/><W101/><G73/><T132/><D132/><U95/><E124/><V18/><F126/><W98/><G119/><T59/><D9/><U13/><E134/><V28/><F129/><W83/><G135/><T33/><D33/><U76/><E75/><V4/><F28/><W48/><G109/><T102/><D42/><U61/><E22/><V26/><F110/><W12/><G83/><T128/><D86/><U89/><E47/><V87/><F105/><W114/><G91/><T79/><D79/><U116/><E116/><V17/><F71/><W113/><G113/><T34/><D34/><U52/><E76/><V81/><F0/><W118/><G118/><T111/><D111/><U112/><E112/><V24/><F49/><W55/><G67/><T100/><D128/><U16/><REACH who="1" step="1"/><E78/><REACH who="1" ten="184,347,213,246" step="2"/><V54/><F21/><W1/><G114/><T104/><D20/><U3/><E3/><V30/><F30/><W96/><G1/><T6/><D31/><U106/><E106/><V97/><REACH who="2" step="1"/><F87/><REACH who="2" ten="184,347,203,246" step="2"/><W37/><G23/><T121/><D104/><U2/><E2/><V35/><F35/><W15/><G27/><T41/><D121/><U88/><E88/><V44/><F44/><W127/><G127/><T120/><D120/><U130/><E130/><V122/><F122/><W32/><G32/><T80/><D103/><U10/><E10/><V85/><F85/><W72/><G101/><T43/><D8/><U131/><E131/><V38/><F38/><W77/><G37/><T90/><D100/><RYUUKYOKU ba="0,2" sc="184,-15,347,15,203,15,246,-15" hai1="11,13,16,39,40,46,52,61,69,70,84,89,95" hai2="4,5,17,18,24,26,54,81,82,92,94,97,99" /><INIT seed="4,1,2,2,2,97" ten="169,362,218,231" oya="0" hai0="91,130,98,1,85,45,9,99,70,58,121,114,96" hai1="128,117,134,47,64,35,80,123,49,55,21,135,33" hai2="113,76,108,101,77,132,84,69,112,104,110,38,27" hai3="52,42,71,67,131,29,43,126,5,53,116,4,26"/><T106/><D70/><U75/><E123/><V95/><F69/><W54/><G116/><T24/><D121/><U12/><E117/><V115/><F38/><W51/><G131/><T56/><D106/><U65/><E128/><V94/><F27/><W34/><G126/><T50/><D130/><U100/><E21/><V92/><F132/><N who="1" m="50729" /><E12/><V19/><F19/><W23/><G34/><N who="1" m="12810" /><E100/><V73/><F73/><W109/><G109/><N who="2" m="42089" /><F84/><W11/><G51/><T28/><D114/><U86/><E75/><V90/><F90/><AGARI ba="1,2" hai="47,49,55,64,65,80,86,90" m="12810,50729" machi="90" ten="30,1000,0" yaku="20,1" doraHai="97" who="1" fromWho="2" sc="169,0,362,33,218,-13,231,0" /><INIT seed="5,0,0,3,2,88" ten="169,395,205,231" oya="1" hai0="34,120,17,54,22,128,21,112,11,53,79,33,61" hai1="74,36,24,114,65,25,48,3,30,37,77,115,15" hai2="113,57,29,125,122,123,116,119,7,63,8,4,47" hai3="42,121,18,2,71,59,35,117,78,72,64,0,99"/><U41/><E3/><N who="2" m="31" /><F47/><W101/><G121/><N who="2" m="46089" /><F57/><W131/><G42/><T135/><D120/><U126/><E126/><V124/><F63/><W10/><G35/><T60/><D11/><U90/><E65/><V13/><F29/><W9/><G71/><T45/><D79/><U80/><E90/><V85/><F85/><W12/><G64/><T129/><D45/><N who="1" m="25647" /><E15/><V38/><F38/><N who="1" m="14953" /><E30/><V81/><F81/><W87/><G12/><T102/><D102/><U49/><E49/><V96/><F96/><W19/><G99/><T70/><D70/><U28/><E28/><V1/><F13/><W84/><G101/><T132/><REACH who="0" step="1"/><D17/><REACH who="0" ten="159,395,205,231" step="2"/><U104/><E104/><V69/><F69/><W26/><G18/><T91/><D91/><U127/><E127/><N who="2" m="48715" /><F113/><AGARI ba="0,1" hai="21,22,33,34,53,54,60,61,112,113,128,129,132,135" machi="113" ten="25,3200,0" yaku="1,1,22,2,53,0" doraHai="88" doraHaiUra="68" who="0" fromWho="2" sc="159,42,395,0,205,-32,231,0" /><AGARI ba="0,0" hai="24,25,74,77,80,113,114,115" m="14953,25647" machi="113" ten="30,1500,0" yaku="15,1" doraHai="88" who="1" fromWho="2" sc="201,0,395,15,173,-15,231,0" /><INIT seed="5,1,0,4,0,32" ten="201,410,158,231" oya="1" hai0="31,56,50,11,118,23,1,17,34,119,51,46,55" hai1="127,93,107,47,20,104,8,103,78,115,126,3,99" hai2="64,84,53,75,135,58,101,73,10,16,92,129,113" hai3="95,9,109,19,128,97,40,122,102,41,18,116,48"/><U24/><E115/><V49/><F129/><W60/><G122/><T87/><D34/><U114/><E114/><V110/><F110/><W2/><G109/><T77/><D77/><U21/><E78/><V81/><F113/><W61/><G128/><T96/><D96/><U43/><E20/><V4/><F135/><W134/><G134/><T42/><D87/><U22/><E22/><V67/><F73/><W90/><G116/><T12/><REACH who="0" step="1"/><D31/><REACH who="0" ten="191,410,158,231" step="2"/><U79/><E79/><N who="2" m="46143" /><F75/><W52/><G97/><T111/><D111/><U125/><E21/><V59/><F4/><AGARI ba="1,1" hai="1,4,11,12,17,23,42,46,50,51,55,56,118,119" machi="4" ten="40,5200,0" yaku="1,1,52,1,53,1" doraHai="32" doraHaiUra="0" who="0" fromWho="2" sc="191,65,410,0,158,-55,231,0" /><INIT seed="6,0,0,3,2,65" ten="256,410,103,231" oya="2" hai0="7,134,90,0,14,123,52,13,131,69,100,72,79" hai1="24,55,6,110,125,11,9,38,117,135,19,122,93" hai2="61,70,50,43,83,15,22,51,3,4,42,16,57" hai3="107,133,53,48,59,132,128,17,63,121,30,106,12"/><V39/><F39/><W81/><G121/><T62/><D123/><U27/><E38/><V32/><F32/><W74/><G30/><T104/><D90/><U29/><E110/><V87/><F3/><W60/><G128/><T73/><D52/><U71/><E71/><V88/><F4/><W49/><G81/><T36/><D14/><U75/><E75/><V78/><F70/><W33/><G33/><T8/><D13/><U119/><E93/><V66/><F78/><W113/><G74/><T115/><D115/><U18/><E55/><V46/><F51/><N who="3" m="19531" /><G63/><T103/><D103/><U130/><E130/><V82/><F82/><W40/><G40/><AGARI ba="0,0" hai="15,16,22,40,42,43,46,50,57,61,66,83,87,88" machi="40" ten="30,11600,0" yaku="7,1,8,1,54,2" doraHai="65" who="2" fromWho="3" sc="256,0,410,0,103,116,231,-116" /><INIT seed="6,1,0,1,0,54" ten="256,410,219,115" oya="2" hai0="7,103,44,51,60,81,39,46,26,125,133,9,33" hai1="127,134,130,113,29,76,31,42,106,95,1,4,87" hai2="110,120,84,66,112,85,97,5,27,109,0,57,114" hai3="59,86,124,78,25,41,93,99,72,128,36,116,68"/><V43/><F43/><W62/><G116/><T108/><D108/><N who="2" m="41578" /><F5/><W52/><G124/><T22/><D133/><U45/><E106/><V16/><F0/><W38/><G128/><T12/><D33/><U67/><E67/><V135/><F120/><W107/><G72/><T35/><D35/><U88/><E127/><V75/><F75/><W132/><G132/><T77/><D125/><U63/><E63/><N who="2" m="38255" /><F97/><W115/><G115/><N who="2" m="44073" /><F135/><W102/><G41/><T11/><D44/><U8/><E134/><V64/><F64/><W61/><G25/><T117/><D46/><U74/><E130/><V6/><F6/><W37/><G68/><T49/><D26/><U50/><E113/><V32/><F32/><W48/><REACH who="3" step="1"/><G107/><REACH who="3" ten="256,410,219,105" step="2"/><T3/><D117/><U18/><E42/><V34/><F34/><W2/><G2/><T71/><D3/><U100/><E74/><V92/><F92/><W96/><G96/><T55/><D71/><U58/><E1/><V21/><AGARI ba="1,1" hai="16,21,27,84,85" m="44073,38255,41578" machi="21" ten="40,12000,1" yaku="10,1,15,1,52,1,54,1" doraHai="54" who="2" fromWho="2" sc="256,-41,410,-41,219,133,105,-41" /><INIT seed="6,2,0,2,3,98" ten="215,369,352,64" oya="2" hai0="43,123,105,0,18,81,50,83,112,115,78,131,38" hai1="87,125,3,93,89,44,39,11,63,92,7,104,46" hai2="88,25,91,64,79,107,6,77,31,56,110,26,24" hai3="4,58,68,53,99,61,16,66,124,134,59,33,12"/><V94/><F107/><W29/><G134/><T41/><D0/><U54/><E104/><V85/><F110/><W90/><G124/><T13/><D105/><U130/><E125/><V120/><F120/><W40/><G4/><T48/><D38/><U15/><E130/><V102/><F102/><W45/><G29/><T101/><D18/><U135/><E135/><V23/><F6/><W42/><G33/><T74/><D13/><U21/><E39/><V96/><F64/><W84/><G99/><T118/><D78/><N who="2" m="29706" /><F56/><W8/><G45/><T60/><D60/><U109/><E109/><V106/><F106/><W1/><G1/><T122/><D118/><U14/><E3/><V108/><F108/><W37/><G37/><T30/><D30/><U49/><E63/><V113/><F113/><W114/><G68/><T133/><D133/><U82/><E44/><V132/><F132/><W95/><REACH who="3" step="1"/><G114/><REACH who="3" ten="215,369,352,54" step="2"/><T117/><D115/><U119/><E119/><V62/><F31/><W67/><G67/><T5/><D112/><U97/><E97/><V116/><F116/><W19/><G19/><AGARI ba="2,1" hai="7,11,14,15,19,21,46,49,54,82,87,89,92,93" machi="19" ten="40,1300,0" yaku="8,1" doraHai="98" who="1" fromWho="3" sc="215,0,369,29,352,0,54,-19" /><INIT seed="7,0,0,4,2,53" ten="215,398,352,35" oya="3" hai0="102,112,39,107,90,42,10,19,116,49,41,80,133" hai1="99,52,12,127,0,38,36,64,100,6,97,66,3" hai2="118,92,31,58,119,57,44,25,67,21,115,48,23" hai3="14,81,105,110,131,71,40,62,17,15,29,27,98"/><W13/><G131/><T1/><D90/><U28/><E28/><V96/><F115/><W125/><G125/><T123/><D80/><U8/><E127/><V9/><F118/><W59/><G110/><T43/><D49/><U4/><E12/><V75/><F75/><W46/><G81/><T18/><D19/><U11/><E52/><N who="2" m="29703" /><F119/><W45/><G71/><T50/><D10/><U111/><E100/><N who="2" m="60423" /><F67/><W69/><G69/><T61/><D50/><U79/><E79/><V113/><F113/><W85/><G85/><T94/><D102/><U7/><E7/><V83/><F83/><W2/><G2/><T117/><D42/><U73/><E73/><V5/><F21/><W76/><G76/><T77/><D18/><U24/><E24/><V32/><F32/><W101/><G17/><T134/><D77/><U55/><E55/><V37/><F37/><W106/><G106/><T129/><D107/><U16/><E16/><V65/><F65/><W22/><REACH who="3" step="1"/><G40/><REACH who="3" ten="215,398,352,25" step="2"/><T87/><D43/><U122/><E122/><V84/><F84/><W132/><G132/><T91/><D87/><U78/><E78/><V128/><F128/><W104/><G104/><T89/><D1/><U108/><AGARI ba="0,1" hai="0,3,4,6,8,11,36,38,64,66,97,99,108,111" machi="108" ten="25,3200,0" yaku="0,1,22,2" doraHai="53" who="1" fromWho="1" sc="215,-8,398,42,352,-8,25,-16" owari="207,-19.0,440,54.0,344,14.0,9,-49.0" /></mjloggm>