<mjloggm ver="2.3"><GO type="169" lobby="0"/><UN n0="%E3%82%A6%E3%83%AB%E3%83%88%E3%83%A9%E7%AB%8B%E7%9B%B4" n1="%70%6F%6E%5F%6B%61%73%75" n2="%E7%AC%AC%E4%BA%8C%E9%9F%B3%E6%A5%BD%E5%AE%A4" n3="%63%67%66%35%34%38%35%38" dan="17,16,16,16" rate="2173.34,2077.93,2096.42,2144.46" sx="M,M,F,M"/><TAIKYOKU oya="0"/><INIT seed="0,0,0,0,3,133" ten="250,250,250,250" oya="0" hai0="119,127,81,24,82,124,15,88,1,71,49,20,118" hai1="131,63,54,107,108,102,78,111,129,58,84,29,53" hai2="44,2,86,3,121,101,0,31,18,7,125,41,99" hai3="122,120,51,97,117,8,89,45,100,134,114,61,60"/><T110/><D1/><U132/><E132/><V32/><F121/><W76/><G114/><T116/><D71/><U39/><E29/><V22/><F86/><W64/><G117/><T21/><D110/><N who="1" m="42027" /><E39/><V115/><F115/><W13/><G89/><T16/><D49/><U40/><E40/><V104/><F31/><W112/><G76/><T23/><D88/><U65/><E107/><V10/><F32/><W96/><G112/><T98/><D98/><N who="3" m="37993" /><G100/><T92/><D92/><U11/><E11/><V77/><F77/><W56/><G134/><T95/><D95/><U6/><E6/><V34/><F34/><W113/><G113/><T90/><D90/><U62/><E102/><V28/><F28/><W35/><G35/><T105/><D105/><U46/><E84/><V103/><F103/><W14/><G61/><T75/><D75/><U17/><E17/><V30/><F30/><W72/><G72/><T109/><D109/><U42/><E78/><V27/><F10/><W83/><G83/><N who="0" m="31755" /><D24/><U128/><E63/><V135/><F7/><W73/><G73/><T123/><D123/><N who="3" m="47145" /><G8/><T43/><D43/><AGARI ba="0,0" hai="13,14,43,45,51,56,60,64" m="47145,37993" machi="43" ten="30,1000,0" yaku="13,1" doraHai="133" who="3" fromWho="0" sc="250,-10,250,0,250,0,250,10" /><INIT seed="1,0,0,1,4,13" ten="240,250,250,260" oya="1" hai0="127,65,63,123,12,85,8,132,115,109,71,135,36" hai1="4,130,17,73,30,24,76,103,20,91,110,106,69" hai2="49,92,58,66,54,38,5,98,77,39,21,10,55" hai3="2,42,52,34,90,94,62,114,87,113,56,101,45"/><U89/><E69/><V134/><F66/><W1/><G34/><T116/><D115/><U70/><E70/><V57/><F77/><W99/><G114/><T7/><D116/><U44/><E130/><V128/><F128/><W41/><G113/><T72/><D72/><U124/><E124/><V9/><F21/><W18/><G42/><T37/><D127/><U131/><E131/><V125/><F134/><N who="0" m="51242" /><D109/><U19/><E110/><V11/><F5/><W16/><G1/><T14/><D123/><U48/><E4/><V121/><F121/><W25/><G2/><N who="0" m="119" /><D85/><U95/><E106/><V61/><REACH who="2" step="1"/><F125/><REACH who="2" ten="240,250,240,260" step="2"/><W81/><REACH who="3" step="1"/><G25/><REACH who="3" ten="240,250,240,250" step="2"/><T126/><D126/><U3/><E3/><V26/><F26/><W102/><G102/><AGARI ba="0,2" hai="9,10,11,38,39,49,54,55,57,58,61,92,98,102" machi="102" ten="40,1300,0" yaku="1,1,53,0" doraHai="13" doraHaiUra="67" who="2" fromWho="3" sc="240,0,250,0,240,33,250,-13" /><INIT seed="2,0,0,5,4,46" ten="240,250,273,237" oya="2" hai0="88,113,107,21,1,126,128,119,92,43,114,117,105" hai1="55,24,32,12,135,103,13,106,4,8,31,77,130" hai2="131,61,82,69,3,99,25,86,9,17,96,50,102" hai3="63,16,18,94,73,129,6,66,37,132,40,118,54"/><V93/><F131/><W10/><G118/><N who="0" m="45067" /><D1/><U15/><E135/><V42/><F3/><W71/><G129/><T70/><D70/><U121/><E77/><N who="2" m="46415" /><F69/><W83/><G132/><T134/><D128/><U125/><E121/><V100/><F61/><W47/><G94/><T59/><D134/><U76/><E125/><V84/><F84/><W85/><G54/><T74/><D74/><U115/><E115/><N who="0" m="44041" /><D126/><U90/><E130/><V58/><F25/><W27/><G27/><T97/><D43/><U35/><E76/><V29/><F29/><W33/><G33/><T0/><D0/><U64/><E35/><V89/><F99/><W56/><G71/><T111/><D111/><U72/><E72/><V60/><F17/><W11/><G73/><T124/><D124/><U110/><E31/><V49/><F9/><W7/><G10/><T36/><D36/><U52/><E8/><V78/><F42/><W30/><G30/><T51/><D21/><U67/><E110/><V65/><F78/><W62/><G62/><T75/><D75/><U79/><E79/><V38/><F38/><W109/><G109/><T28/><D28/><U53/><E32/><V123/><F123/><W41/><G41/><T34/><D34/><U2/><E2/><V120/><F120/><W20/><G20/><T112/><D112/><U22/><E22/><V108/><F108/><W39/><G39/><T101/><D101/><AGARI ba="0,0" hai="49,50,58,60,65,89,93,96,100,101,102" m="46415" machi="101" ten="30,5800,0" yaku="8,1,52,2" doraHai="46" who="2" fromWho="0" sc="240,-58,250,0,273,58,237,0" /><INIT seed="2,1,0,0,1,123" ten="182,250,331,237" oya="2" hai0="107,1,70,124,91,120,89,22,115,62,100,59,108" hai1="110,117,26,93,97,75,53,50,32,86,90,130,98" hai2="133,52,113,103,131,74,33,73,6,17,46,37,105" hai3="87,38,15,11,79,72,13,104,101,88,16,9,25"/><V102/><F113/><W65/><G38/><T99/><D115/><U30/><E117/><V4/><F37/><W7/><G65/><T112/><D120/><U23/><E130/><V92/><F33/><W80/><G25/><T128/><D112/><U106/><E75/><V31/><F31/><W0/><G0/><T135/><D70/><U122/><E122/><V64/><F64/><W66/><G66/><T2/><D135/><U8/><E106/><V48/><F17/><W127/><G127/><T134/><D134/><U41/><E41/><V18/><F18/><W57/><G57/><T68/><D68/><U114/><E114/><V78/><F133/><W14/><G14/><T83/><D124/><U5/><E32/><V76/><F105/><W47/><G47/><T129/><D2/><U20/><E20/><V39/><F39/><W54/><G54/><T82/><D1/><U77/><E77/><V55/><F46/><W42/><G42/><T61/><D107/><U35/><E35/><V12/><F12/><W34/><G34/><T19/><D129/><U84/><E98/><V29/><F131/><W96/><G72/><T118/><D118/><U36/><E36/><V58/><F58/><W28/><REACH who="3" step="1"/><G79/><REACH who="3" ten="182,250,331,227" step="2"/><T3/><D3/><N who="1" m="63" /><E26/><V81/><F78/><W119/><G119/><T125/><D128/><U95/><E53/><V45/><F52/><W40/><G40/><T51/><D125/><U116/><E116/><V49/><F73/><W56/><G56/><T71/><D59/><U67/><E67/><V132/><F74/><W24/><G24/><N who="0" m="14431" /><D71/><U85/><E30/><AGARI ba="1,1" hai="7,9,11,13,15,16,28,30,80,87,88,96,101,104" machi="30" ten="40,8000,1" yaku="1,1,6,1,54,2,53,0" doraHai="123" doraHaiUra="126" who="3" fromWho="1" sc="182,0,250,-83,331,0,227,93" /><INIT seed="3,0,0,3,1,124" ten="182,167,331,320" oya="3" hai0="79,10,129,75,90,122,19,12,70,42,99,126,0" hai1="80,78,103,83,45,123,29,97,72,92,50,87,111" hai2="1,107,40,84,44,49,115,37,8,56,112,108,11" hai3="21,125,113,61,71,47,26,132,93,94,9,131,118"/><W135/><G113/><T96/><D122/><U73/><E123/><V114/><F107/><W43/><G118/><T77/><D70/><U74/><E29/><V22/><F108/><W25/><G125/><T116/><D126/><U100/><E50/><V110/><F110/><W27/><G21/><T20/><D116/><U86/><E45/><V16/><F84/><W88/><G9/><T105/><D42/><U104/><E111/><V66/><F1/><W55/><G55/><T64/><D64/><U14/><E14/><V35/><F35/><W121/><G121/><T18/><D75/><U128/><E128/><V48/><F48/><N who="3" m="26751" /><G131/><T85/><D129/><U60/><E60/><V127/><F127/><W23/><G23/><T117/><D117/><U33/><E33/><V51/><F51/><W28/><G28/><T58/><D58/><U120/><E120/><V34/><F34/><W17/><G17/><T101/><D0/><U6/><E6/><V102/><F102/><W95/><G61/><T36/><D36/><U63/><E63/><V13/><F66/><W38/><G38/><T3/><D3/><U57/><E57/><V4/><F4/><W7/><G7/><T5/><D5/><U2/><E2/><V30/><F30/><W89/><G71/><T109/><D109/><U41/><E41/><V54/><AGARI ba="0,0" hai="8,11,13,16,22,37,40,44,49,54,56,112,114,115" machi="54" ten="40,2700,0" yaku="0,1,54,1" doraHai="124" who="2" fromWho="2" sc="182,-7,167,-7,331,27,320,-13" /><INIT seed="4,0,0,0,4,84" ten="175,160,358,307" oya="0" hai0="126,49,132,4,74,10,130,107,50,21,121,32,109" hai1="129,56,70,127,52,117,0,93,96,76,66,3,71" hai2="9,92,61,57,86,124,128,89,41,67,14,30,59" hai3="77,94,133,116,68,44,97,113,7,120,119,85,102"/><T40/><D32/><U43/><E117/><V106/><F124/><W1/><G68/><T108/><D121/><U100/><E127/><V28/><F128/><W47/><G120/><T48/><D126/><U5/><E129/><V6/><F106/><W55/><G133/><T83/><D107/><U87/><E43/><V115/><F115/><W15/><G1/><T42/><D130/><U23/><E66/><N who="2" m="39215" /><F41/><W65/><G113/><T75/><D21/><U2/><E5/><V98/><F98/><W111/><G65/><T17/><D17/><U63/><REACH who="1" step="1"/><E23/><REACH who="1" ten="175,150,358,307" step="2"/><V80/><F67/><W36/><G7/><T112/><D112/><U73/><E73/><N who="0" m="27657" /><D132/><U53/><E53/><V35/><F35/><W123/><G55/><T39/><D39/><U24/><E24/><V26/><F26/><W25/><G36/><T99/><D40/><U79/><E79/><N who="2" m="46367" /><F59/><W16/><G25/><T51/><D42/><U72/><E72/><V110/><F6/><W20/><G123/><T45/><D45/><U8/><E8/><V103/><F9/><W22/><G119/><T13/><D109/><U125/><E125/><V114/><F110/><W12/><G111/><T118/><D108/><U46/><E46/><N who="3" m="17450" /><G116/><T88/><D118/><U27/><E27/><V29/><F114/><W34/><G34/><T31/><N who="0" m="12288" /><DORA hai="33" /><T11/><D11/><U81/><AGARI ba="0,1" hai="0,2,3,52,56,63,70,71,76,81,87,93,96,100" machi="81" ten="40,16000,3" yaku="1,1,0,1,52,3,54,1,53,2" doraHai="84,33" doraHaiUra="91,54" who="1" fromWho="1" sc="175,-80,150,170,358,-40,307,-40" /><INIT seed="5,0,0,0,1,16" ten="95,320,318,267" oya="1" hai0="98,19,73,92,101,100,74,69,134,86,89,128,112" hai1="116,62,59,64,54,76,126,56,4,51,35,109,50" hai2="23,5,10,130,29,30,118,63,127,14,119,48,45" hai3="133,125,113,88,94,6,36,34,121,61,78,83,96"/><U124/><E35/><V102/><F130/><W9/><G121/><T49/><D69/><N who="1" m="42135" /><E4/><V65/><F127/><N who="1" m="48681" /><E76/><V97/><F119/><W108/><G125/><T58/><D49/><N who="1" m="30799" /><E116/><V135/><F118/><W87/><G34/><T72/><D58/><U1/><E1/><V13/><F97/><W115/><G36/><T0/><D0/><U8/><E8/><V37/><F102/><N who="0" m="39530" /><D19/><U105/><E105/><V21/><F37/><W46/><G96/><T91/><D128/><U132/><E109/><V71/><F14/><W17/><G108/><T90/><D134/><U25/><E25/><V32/><F135/><W111/><G133/><T28/><D28/><U22/><E22/><V40/><REACH who="2" step="1"/><F30/><REACH who="2" ten="95,320,308,267" step="2"/><W41/><G111/><T7/><D7/><U67/><E132/><V42/><F42/><W129/><G41/><T33/><D33/><U75/><E75/><V55/><F55/><W114/><G129/><T79/><D112/><U84/><E84/><V106/><F106/><W122/><G87/><T20/><D20/><U3/><E3/><V44/><F44/><W24/><G46/><T39/><D39/><U57/><E67/><V53/><F53/><W95/><G115/><T117/><D117/><U2/><E2/><V104/><F104/><W12/><G114/><T52/><D52/><U70/><E50/><V107/><F107/><W11/><G113/><T85/><D86/><U80/><E51/><V66/><F66/><W123/><G12/><T81/><AGARI ba="0,1" hai="72,73,74,79,81,85,89,90,91,92,98" m="39530" machi="81" ten="40,8000,1" yaku="35,5" doraHai="16" who="0" fromWho="0" sc="95,90,320,-40,308,-20,267,-20" /><INIT seed="6,0,0,5,2,133" ten="185,280,288,247" oya="2" hai0="18,52,75,60,30,54,47,38,33,118,112,53,94" hai1="122,17,104,61,86,32,91,37,106,111,50,76,121" hai2="101,1,64,95,57,15,97,119,107,24,2,72,77" hai3="21,109,27,55,12,63,93,0,10,13,39,80,43"/><V81/><F119/><W124/><G109/><T129/><D118/><U16/><E111/><V62/><F24/><W59/><G124/><T87/><D75/><U90/><E37/><V84/><REACH who="2" step="1"/><F15/><REACH who="2" ten="185,280,278,247" step="2"/><W45/><G0/><T102/><D129/><U48/><E122/><V96/><F96/><W115/><G115/><T128/><D128/><U25/><E121/><V83/><F83/><W65/><G80/><T85/><D112/><U130/><E25/><V103/><F103/><W35/><G35/><T82/><D82/><U108/><E32/><V67/><F67/><W105/><G65/><T73/><D102/><U70/><E130/><V3/><F3/><W117/><G117/><T42/><D33/><U40/><E108/><V69/><F69/><W11/><G13/><T126/><D126/><U132/><E70/><V127/><F127/><W51/><G12/><T8/><D30/><U28/><E28/><V22/><F22/><W31/><G105/><T79/><D94/><U99/><E104/><V34/><F34/><W131/><G131/><T19/><D8/><U116/><E99/><V88/><AGARI ba="0,1" hai="1,2,57,62,64,72,77,81,84,88,95,97,101,107" machi="88" ten="30,18000,2" yaku="1,1,0,1,24,2,54,1,53,1" doraHai="133" doraHaiUra="92" who="2" fromWho="2" sc="185,-60,280,-60,278,190,247,-60" /><INIT seed="6,1,0,1,3,115" ten="125,220,468,187" oya="2" hai0="18,9,10,85,77,102,62,55,40,48,132,128,124" hai1="53,1,118,60,50,70,65,123,108,21,34,117,84" hai2="26,122,68,51,57,44,11,111,25,73,133,16,38" hai3="93,120,104,61,101,28,78,14,106,98,29,109,47"/><V2/><F111/><W30/><G109/><T86/><D124/><U95/><E34/><V39/><F68/><W36/><G120/><T88/><D128/><U135/><E1/><V89/><F73/><W83/><G61/><T4/><D132/><U6/><E6/><V31/><F57/><W67/><G67/><T5/><D102/><U75/><E75/><V0/><F89/><W134/><G134/><T23/><D62/><U63/><E63/><V3/><F122/><W113/><G113/><T66/><D66/><U42/><E42/><V22/><F133/><W112/><G112/><T20/><D40/><U56/><E108/><V69/><F69/><W100/><G100/><T82/><D23/><U126/><E126/><V12/><F26/><W59/><G59/><N who="0" m="33255" /><D4/><U79/><E79/><V72/><F72/><W96/><G47/><T92/><D5/><U121/><E135/><V43/><AGARI ba="1,0" hai="0,2,3,11,12,16,22,25,31,38,39,43,44,51" machi="43" ten="30,3000,0" yaku="0,1,54,1" doraHai="115" who="2" fromWho="2" sc="125,-11,220,-11,468,33,187,-11" /><INIT seed="6,2,0,0,5,44" ten="114,209,501,176" oya="2" hai0="132,105,0,29,111,89,107,98,4,79,133,130,14" hai1="58,54,101,112,115,62,28,66,72,53,61,21,23" hai2="5,10,11,56,63,30,85,74,91,81,70,40,119" hai3="92,43,126,106,135,82,69,19,97,65,117,17,46"/><V78/><F119/><W129/><G117/><T95/><D111/><U121/><E121/><V32/><F70/><W49/><G106/><T114/><D0/><U96/><E72/><V2/><F40/><W68/><G129/><T90/><D29/><U39/><E39/><V84/><F11/><W12/><G135/><N who="0" m="51787" /><D4/><U73/><E73/><V18/><F18/><W3/><G3/><T87/><D14/><U99/><E99/><V123/><F123/><W55/><G126/><T120/><D120/><U93/><E54/><V15/><F2/><W9/><G65/><T37/><D37/><U16/><E28/><V110/><F110/><W76/><G55/><T127/><D127/><U25/><REACH who="1" step="1"/><E23/><REACH who="1" ten="114,199,501,176" step="2"/><V109/><F30/><W80/><G69/><AGARI ba="2,1" hai="16,21,25,53,58,61,62,66,69,93,96,101,112,115" machi="69" ten="40,5200,0" yaku="1,1,2,1,54,1,53,0" doraHai="44" doraHaiUra="102" who="1" fromWho="3" sc="114,0,199,68,501,0,176,-58" /><INIT seed="7,0,0,2,5,81" ten="114,267,501,118" oya="3" hai0="127,1,84,76,34,99,120,37,43,24,39,71,60" hai1="66,104,116,45,68,108,125,33,131,35,126,54,65" hai2="8,21,90,70,4,117,79,123,129,102,50,82,30" hai3="0,62,83,105,134,49,13,121,3,59,27,87,92"/><W85/><G121/><T29/><D120/><U42/><E131/><V69/><F90/><W96/><G105/><T22/><D43/><U73/><E108/><V55/><F102/><W47/><G134/><T14/><D84/><N who="3" m="32329" /><G0/><T98/><D76/><U20/><E54/><V91/><F55/><N who="3" m="34175" /><G3/><T9/><D127/><U111/><E111/><V88/><F123/><W6/><G27/><T63/><D63/><U95/><E33/><V5/><F70/><W122/><G122/><T32/><D32/><U130/><E35/><V86/><F69/><W101/><G83/><T135/><D135/><U128/><E104/><V74/><F82/><W25/><G25/><T11/><D60/><U133/><E68/><V89/><F74/><W97/><G97/><N who="0" m="36875" /><D71/><U16/><E73/><V48/><F117/><W23/><G23/><T64/><D64/><U118/><E65/><V132/><F21/><W94/><G94/><T26/><D1/><U46/><E95/><V112/><F132/><W109/><G109/><T113/><D113/><U19/><E20/><V41/><F112/><W52/><G13/><T57/><D57/><U61/><E133/><V115/><F115/><W107/><G107/><T119/><D119/><U18/><E118/><V100/><F129/><W93/><G93/><T10/><D14/><U31/><E116/><V106/><F106/><W17/><G17/><N who="0" m="12367" /><D37/><U38/><E38/><V44/><F8/><N who="0" m="2050" /><T15/><DORA hai="12" /><D15/><U124/><E130/><V51/><F5/><AGARI ba="0,0" hai="5,6,47,49,52,92,96,101" m="34175,32329" machi="5" ten="30,12000,1" yaku="8,1,52,3,54,1" doraHai="81,12" who="3" fromWho="2" sc="114,0,267,0,501,-120,118,120" /><INIT seed="7,1,0,0,2,89" ten="114,267,381,238" oya="3" hai0="38,53,21,107,68,80,129,101,115,116,42,96,70" hai1="1,73,63,134,18,5,86,77,110,43,58,26,99" hai2="65,31,25,46,22,128,41,98,20,72,103,0,69" hai3="44,130,10,83,105,102,78,2,135,32,79,45,117"/><W131/><G117/><T122/><D116/><U12/><E134/><V14/><F0/><W40/><G32/><T48/><D122/><U4/><E110/><V125/><F125/><W61/><G135/><T124/><D124/><U95/><E1/><V27/><F72/><N who="3" m="43463" /><G79/><T112/><D129/><N who="3" m="49161" /><G61/><T85/><D21/><N who="1" m="13623" /><E73/><V109/><F109/><W29/><G29/><T75/><D75/><U94/><E43/><V60/><F128/><W6/><G40/><T37/><D42/><U93/><E99/><AGARI ba="1,0" hai="2,6,10,44,45,99,102,105" m="49161,43463" machi="99" ten="30,1500,0" yaku="19,1" doraHai="89" who="3" fromWho="1" sc="114,0,267,-18,381,0,238,18" /><INIT seed="7,2,0,5,5,4" ten="114,249,381,256" oya="3" hai0="89,17,111,128,112,98,45,22,107,24,92,131,40" hai1="116,59,76,88,97,2,86,13,62,66,119,1,106" hai2="5,90,8,105,125,42,132,67,80,31,35,14,29" hai3="63,46,93,21,122,75,102,64,71,114,65,28,82"/><W73/><G122/><T26/><D111/><U113/><E113/><V120/><F105/><W18/><G114/><T58/><D112/><U51/><E76/><V78/><F35/><W135/><G135/><T133/><D133/><U38/><E38/><V87/><F132/><W10/><G64/><T61/><D107/><U33/><E33/><V41/><F67/><W20/><G21/><T60/><D60/><U57/><E13/><V79/><F125/><W69/><G69/><T27/><D128/><U53/><E97/><V68/><F68/><W15/><G46/><T54/><REACH who="0" step="1"/><D131/><REACH who="0" ten="104,249,381,256" step="2"/><U127/><E106/><V23/><F120/><W118/><G118/><N who="1" m="45098" /><E127/><V96/><F78/><W101/><G63/><T55/><D55/><U32/><E32/><V115/><F79/><W110/><G110/><T81/><D81/><AGARI ba="2,1" hai="1,2,51,53,57,59,62,66,81,86,88" m="45098" machi="81" ten="30,2000,0" yaku="12,1,54,1" doraHai="4" who="1" fromWho="0" sc="104,-26,249,36,381,0,256,0" owari="78,-42.0,285,9.0,381,47.0,256,-14.0" /></mjloggm>