<mjloggm ver="2.3"><GO type="169" lobby="0"/><UN n0="%E2%98%86%EF%BC%B2%EF%BC%8E%EF%BC%A4%EF%BC%8E%E2%98%85" n1="%E6%9A%97%E3%81%84%E7%AC%A6" n2="%E3%83%88%E3%83%88%E3%83%AA%E5%85%88%E7%94%9F%31%39%E6%AD%B3" n3="%72%61%74%74%61%74%74%61" dan="17,16,19,18" rate="2161.00,2125.01,2286.83,2200.59" sx="M,M,F,M"/><TAIKYOKU oya="0"/><INIT seed="0,0,0,0,4,79" ten="250,250,250,250" oya="0" hai0="5,119,71,125,107,74,70,69,76,29,105,52,66" hai1="87,50,128,113,104,98,6,130,59,88,3,95,108" hai2="60,35,116,91,96,32,122,33,61,121,110,26,8" hai3="2,21,1,47,73,4,129,42,100,58,17,38,16"/><T83/><D119/><U68/><E68/><V7/><F116/><W55/><G129/><N who="1" m="49770" /><E6/><V15/><F110/><W84/><G73/><T82/><D125/><U65/><E3/><V23/><F96/><W123/><G123/><T124/><D124/><U10/><E10/><V12/><F12/><W18/><G21/><T103/><D66/><U64/><E108/><V75/><F75/><W120/><G120/><T13/><D29/><U22/><E22/><V39/><F39/><W97/><G84/><T117/><D117/><U106/><E113/><V99/><F61/><W11/><G2/><T118/><D118/><U14/><E14/><V57/><F91/><W78/><G78/><T27/><D27/><U80/><E50/><V115/><F99/><W126/><G126/><T37/><D37/><U40/><E40/><V93/><F93/><W85/><G85/><T133/><D133/><U90/><E59/><V43/><F43/><W30/><G30/><T54/><D103/><U77/><E77/><V62/><F62/><W48/><REACH who="3" step="1"/><G18/><REACH who="3" ten="250,250,250,240" step="2"/><T101/><D74/><U102/><E102/><V114/><F121/><W67/><G67/><AGARI ba="0,1" hai="64,65,67,80,87,88,90,95,98,104,106" m="49770" machi="67" ten="30,3900,0" yaku="19,1,52,1,54,1" doraHai="79" who="1" fromWho="3" sc="250,0,250,49,250,0,240,-39" /><INIT seed="1,0,0,4,0,4" ten="250,299,250,201" oya="1" hai0="46,118,60,42,67,64,95,94,55,12,100,65,87" hai1="78,111,127,119,93,82,22,25,106,99,43,124,97" hai2="0,45,34,71,57,13,62,77,7,91,30,75,33" hai3="27,102,14,35,104,28,47,38,92,68,48,66,134"/><U125/><E43/><V26/><F71/><W90/><G38/><T115/><D115/><U131/><E119/><V130/><F130/><W108/><G108/><T21/><D118/><U85/><E131/><V135/><F135/><W9/><G134/><T96/><D55/><U20/><E111/><V29/><F0/><W80/><G104/><T114/><D114/><U116/><E116/><V5/><F91/><W81/><G102/><T11/><D21/><U44/><E44/><V32/><F45/><W112/><G112/><T50/><D60/><U58/><E58/><V88/><F77/><W73/><G73/><T120/><D120/><U53/><E53/><V52/><F75/><W1/><G1/><T128/><D128/><U6/><E6/><V113/><F113/><W54/><G66/><T24/><D24/><U103/><REACH who="1" step="1"/><E25/><REACH who="1" ten="250,289,250,201" step="2"/><V117/><F7/><W49/><G68/><T8/><D8/><U101/><AGARI ba="0,1" hai="20,22,78,82,85,93,97,99,101,103,106,124,125,127" machi="101" ten="40,12000,1" yaku="1,1,2,1,0,1,18,1,53,0" doraHai="4" doraHaiUra="105" who="1" fromWho="1" sc="250,-40,289,130,250,-40,201,-40" /><INIT seed="1,1,0,5,3,63" ten="210,419,210,161" oya="1" hai0="17,12,84,14,10,132,28,79,86,2,108,29,127" hai1="76,115,31,20,45,15,53,27,90,69,52,50,93" hai2="39,135,83,92,60,72,38,104,120,97,68,3,67" hai3="80,23,117,13,78,35,36,64,55,95,126,5,131"/><U106/><E106/><V18/><F120/><W73/><G35/><T30/><D108/><U66/><E115/><V61/><F135/><W119/><G36/><T77/><D132/><U125/><E76/><N who="0" m="29257" /><D2/><U70/><E125/><V56/><F83/><W114/><G114/><T46/><D127/><U82/><E82/><V110/><F72/><W47/><G131/><T130/><D130/><U19/><E53/><V62/><F62/><W0/><G0/><T71/><D71/><U87/><REACH who="1" step="1"/><E66/><REACH who="1" ten="210,409,210,161" step="2"/><V21/><F104/><W43/><G55/><T32/><D32/><AGARI ba="1,1" hai="15,19,20,27,31,32,45,50,52,69,70,87,90,93" machi="32" ten="30,11600,0" yaku="1,1,2,1,7,1,54,1,53,0" doraHai="63" doraHaiUra="112" who="1" fromWho="0" sc="210,-119,409,129,210,0,161,0" /><INIT seed="1,2,0,3,1,132" ten="91,538,210,161" oya="1" hai0="86,46,81,96,16,0,15,95,60,6,40,135,28" hai1="65,11,41,7,47,56,26,12,50,102,27,75,68" hai2="19,52,99,127,36,9,54,119,35,91,66,44,116" hai3="77,111,30,103,22,101,32,134,124,100,33,10,25"/><U74/><E102/><V122/><F122/><W120/><G120/><T3/><D135/><U78/><E68/><V114/><F35/><W104/><G104/><T72/><D28/><U45/><E78/><V20/><F114/><W5/><G134/><T67/><D72/><U4/><E75/><V34/><F34/><W113/><G113/><T58/><D6/><U62/><E74/><V85/><F127/><W82/><G111/><T23/><D95/><U125/><E4/><V90/><F66/><W69/><G69/><T83/><D83/><U55/><REACH who="1" step="1"/><E125/><REACH who="1" ten="91,528,210,161" step="2"/><V57/><F116/><W51/><G124/><T71/><D71/><U17/><E17/><V70/><F19/><W98/><G101/><T84/><D0/><U13/><E13/><V80/><F119/><W133/><G103/><T131/><D3/><U130/><E130/><V21/><F70/><W87/><G133/><T64/><D131/><U1/><E1/><V18/><F18/><W128/><G128/><T118/><D118/><U115/><E115/><V38/><F91/><W105/><G5/><T126/><D126/><U106/><E106/><V29/><F90/><W14/><G14/><T61/><D15/><U37/><AGARI ba="2,1" hai="7,11,12,26,27,37,41,45,47,50,55,56,62,65" machi="37" ten="20,7800,0" yaku="1,1,0,1,7,1,53,1" doraHai="132" doraHaiUra="8" who="1" fromWho="1" sc="91,-28,528,94,210,-28,161,-28" /><INIT seed="1,3,0,4,1,133" ten="63,622,182,133" oya="1" hai0="128,97,25,27,61,4,37,119,3,123,18,22,87" hai1="34,51,39,32,105,75,9,86,43,31,130,55,21" hai2="35,70,60,54,52,110,1,23,50,26,12,122,112" hai3="2,116,113,90,65,67,121,16,103,80,98,47,72"/><U107/><E75/><V117/><F122/><W127/><G2/><T33/><D119/><U24/><E130/><V100/><F117/><W85/><G121/><T5/><D123/><U48/><E39/><V78/><F1/><W41/><G113/><T96/><D37/><U49/><E9/><V125/><F112/><W30/><G30/><T15/><D128/><U89/><E43/><V20/><F110/><W40/><G40/><T59/><D87/><U58/><E107/><V95/><F78/><W88/><G116/><T79/><D79/><U131/><E105/><V77/><F77/><W53/><G72/><T82/><D82/><U109/><E131/><V92/><F35/><W126/><G53/><N who="0" m="34031" /><D33/><U120/><E120/><V76/><F76/><W114/><G90/><T71/><D71/><U29/><E109/><V7/><F100/><W118/><G16/><N who="0" m="12487" /><D27/><U66/><E66/><V68/><F26/><W6/><G114/><T45/><D45/><U42/><E42/><V0/><F68/><W69/><G118/><T91/><D3/><U115/><E115/><V84/><F70/><W134/><G69/><T102/><D102/><U8/><E8/><V11/><F0/><W38/><G6/><N who="0" m="2667" /><D91/><U17/><E34/><V64/><F11/><AGARI ba="3,0" hai="11,15,18,96,97" m="2667,12487,34031" machi="11" ten="30,2000,0" yaku="8,1,54,1" doraHai="133" who="0" fromWho="2" sc="63,29,622,0,182,-29,133,0" /><INIT seed="2,0,0,0,0,82" ten="92,622,153,133" oya="2" hai0="8,64,132,35,81,3,122,88,59,78,68,53,73" hai1="32,19,65,131,112,125,107,96,9,71,31,55,83" hai2="14,87,126,89,66,128,94,127,118,79,38,36,134" hai3="91,46,10,80,48,54,41,43,116,60,69,123,100"/><V56/><F118/><W26/><G123/><T77/><D122/><U105/><E112/><V42/><F128/><W115/><G116/><T119/><D119/><U11/><E55/><V86/><F134/><W40/><G100/><T17/><D132/><U0/><E19/><V93/><F42/><W34/><G34/><T39/><D35/><U6/><E11/><V120/><F120/><W24/><G10/><T110/><D110/><U129/><E83/><N who="2" m="47487" /><F14/><W49/><G49/><T99/><D39/><U57/><E57/><V106/><F106/><W113/><G60/><T18/><D77/><U92/><E125/><N who="2" m="47627" /><F94/><W90/><G69/><T23/><D68/><U28/><E107/><V102/><F102/><W130/><G130/><N who="1" m="49674" /><E105/><V44/><F44/><W29/><G113/><T121/><D121/><U135/><E32/><V104/><F104/><W133/><G133/><T63/><D64/><U2/><E2/><V74/><F74/><W75/><G115/><T108/><D108/><U13/><E0/><V16/><F16/><W103/><G103/><T114/><D114/><U124/><E135/><V12/><F12/><W51/><G75/><T22/><D17/><U25/><E124/><V45/><F45/><N who="3" m="28015" /><G29/><T7/><REACH who="0" step="1"/><D18/><REACH who="0" ten="82,622,153,133" step="2"/><N who="1" m="8495" /><E31/><V52/><F66/><W4/><G24/><T58/><D58/><U47/><E25/><V95/><F38/><W15/><G26/><T27/><D27/><U33/><E65/><V50/><F36/><W30/><G30/><T84/><D84/><U72/><E71/><V111/><F111/><W21/><G46/><T70/><D70/><U85/><E28/><RYUUKYOKU ba="0,1" sc="82,15,622,-15,153,15,133,-15" hai0="3,7,8,22,23,53,59,63,73,78,81,88,99" hai2="50,52,56,87,89,93,95" /><INIT seed="2,1,1,2,5,28" ten="97,607,168,118" oya="2" hai0="5,121,133,32,35,40,63,103,135,38,80,66,134" hai1="127,100,77,75,92,69,115,56,62,37,10,27,132" hai2="64,106,17,4,0,123,9,94,67,22,51,112,110" hai3="34,131,117,7,109,102,47,130,3,42,8,118,55"/><V101/><F112/><W53/><G109/><T12/><D121/><U16/><E37/><V31/><F123/><W95/><G34/><N who="0" m="12843" /><D103/><U25/><E69/><V19/><F110/><W119/><G102/><T60/><D80/><U86/><E75/><V13/><F106/><W111/><G111/><T89/><D89/><U71/><E71/><V125/><F125/><W96/><G96/><T129/><D129/><N who="3" m="49161" /><G95/><T128/><D128/><U15/><E115/><V23/><F31/><W46/><G46/><N who="0" m="23831" /><D66/><U43/><E43/><V29/><F29/><W83/><G83/><T20/><D20/><U81/><E127/><V45/><F94/><W126/><G126/><T122/><D122/><U91/><E100/><V98/><F98/><W44/><G44/><T57/><D57/><U93/><E92/><V24/><F101/><W11/><G11/><AGARI ba="1,1" hai="5,11,12,60,63,133,134,135" m="23831,12843" machi="11" ten="40,8000,1" yaku="20,1,52,3" doraHai="28" who="0" fromWho="3" sc="97,93,607,0,168,0,118,-83" /><INIT seed="3,0,0,2,3,41" ten="190,607,168,35" oya="3" hai0="44,90,28,115,68,4,105,110,53,30,130,95,23" hai1="93,86,1,21,96,0,73,15,60,52,75,133,127" hai2="2,64,18,80,40,84,104,122,46,67,57,47,55" hai3="39,16,83,49,81,34,87,129,17,98,112,26,89"/><W50/><G112/><T108/><D105/><U121/><E1/><V27/><F104/><W71/><G39/><T43/><D115/><U114/><E0/><V128/><F2/><W65/><G129/><T38/><D130/><U66/><E121/><V14/><F128/><W6/><G6/><T48/><D68/><U70/><E114/><V10/><F122/><W5/><G5/><T62/><D62/><U111/><E127/><V116/><F116/><W58/><G71/><T82/><D82/><U22/><E133/><V120/><F27/><W56/><G34/><T107/><D107/><U79/><E111/><N who="0" m="42537" /><D23/><U13/><E75/><V97/><F97/><W85/><G98/><N who="0" m="57719" /><D4/><U113/><E73/><V99/><F99/><W36/><G36/><T69/><D69/><U19/><E113/><V91/><F120/><W20/><G17/><T24/><D24/><U123/><E123/><V135/><F135/><W94/><G94/><T33/><D33/><U63/><E79/><V100/><F100/><W42/><G65/><N who="2" m="25161" /><F40/><W35/><G35/><T9/><D9/><U134/><E134/><V76/><F76/><N who="3" m="46247" /><G42/><T7/><D7/><U126/><E126/><V102/><F102/><W59/><AGARI ba="0,0" hai="16,20,26,49,50,56,58,59,83,87,89" m="46247" machi="59" ten="30,3000,0" yaku="8,1,54,1" doraHai="41" who="3" fromWho="3" sc="190,-10,607,-10,168,-10,35,30" /><INIT seed="3,1,0,3,2,82" ten="180,597,158,65" oya="3" hai0="34,7,0,67,50,35,86,100,5,93,47,104,8" hai1="84,101,124,62,15,73,89,77,61,57,96,3,107" hai2="128,119,20,49,106,76,56,81,130,46,37,99,6" hai3="88,36,109,63,71,16,103,9,64,54,85,74,98"/><W133/><G36/><T108/><D108/><U111/><E3/><V13/><F119/><W83/><G74/><T118/><D118/><U91/><E111/><V66/><F37/><W125/><G125/><T135/><D135/><U72/><E124/><V122/><F122/><W134/><G54/><T115/><D115/><U105/><E15/><V94/><F106/><W39/><G39/><T114/><D114/><U78/><E57/><V48/><F66/><W41/><G41/><T55/><D104/><U10/><E10/><N who="2" m="4311" /><F56/><W80/><G80/><T87/><D5/><U23/><E23/><V65/><F20/><W120/><G120/><T79/><D67/><U51/><E51/><V45/><F49/><W121/><G121/><T33/><REACH who="0" step="1"/><D79/><REACH who="0" ten="170,597,158,65" step="2"/><U112/><E112/><V68/><F76/><W69/><G109/><T17/><D17/><U1/><E107/><V38/><F65/><W52/><G71/><T44/><D44/><U132/><E132/><V116/><F116/><W11/><G134/><T24/><D24/><U25/><E25/><V27/><F68/><W131/><G133/><T126/><D126/><U43/><E73/><V60/><F45/><W117/><G117/><T53/><D53/><U123/><E105/><V29/><F46/><W12/><G52/><T21/><D21/><U58/><E78/><V75/><F75/><W31/><G31/><T129/><D129/><U2/><E77/><V14/><F130/><W70/><G131/><T30/><D30/><U97/><E72/><V32/><F128/><W40/><G69/><T42/><D42/><U22/><E43/><RYUUKYOKU ba="1,1" sc="170,30,597,-10,158,-10,65,-10" hai0="0,7,8,33,34,35,47,50,55,86,87,93,100" /><INIT seed="4,2,1,3,3,73" ten="200,587,148,55" oya="0" hai0="4,46,17,134,45,70,26,126,99,69,82,92,22" hai1="83,81,27,98,102,25,116,12,107,63,61,121,44" hai2="128,42,108,37,106,101,58,5,57,39,97,47,89" hai3="29,7,51,10,133,0,104,131,105,93,74,77,14"/><T75/><D4/><U114/><E116/><V127/><F108/><W35/><G133/><T124/><D134/><U87/><E121/><V9/><F39/><W65/><G131/><T130/><D130/><U132/><E132/><V49/><F128/><W32/><G93/><T64/><D64/><U50/><E61/><V60/><F127/><N who="0" m="48682" /><D82/><U96/><E63/><V38/><F89/><W123/><G123/><T30/><D30/><U23/><E83/><V3/><REACH who="2" step="1"/><F58/><REACH who="2" ten="200,587,138,55" step="2"/><W48/><G32/><T119/><D119/><U31/><E114/><V86/><F86/><W41/><G35/><T85/><D85/><U94/><E98/><V88/><F88/><W54/><G74/><T43/><D75/><U6/><E107/><V115/><F115/><W28/><G104/><T117/><D117/><U100/><E100/><V122/><F122/><W72/><G105/><T11/><D69/><U79/><E31/><V34/><F34/><W68/><G68/><T2/><D70/><U125/><E125/><V120/><F120/><W62/><G29/><T67/><D99/><U52/><E6/><V66/><AGARI ba="2,2" hai="3,5,9,37,38,42,47,49,57,60,66,97,101,106" machi="66" ten="20,2700,0" yaku="1,1,0,1,7,1,53,0" doraHai="73" doraHaiUra="90" who="2" fromWho="2" sc="200,-15,587,-9,138,53,55,-9" /><INIT seed="5,0,0,0,4,21" ten="185,578,191,46" oya="1" hai0="63,18,132,19,76,52,115,127,118,64,50,28,133" hai1="98,134,56,109,91,35,29,71,117,107,126,122,37" hai2="73,84,25,41,0,78,49,113,32,40,36,30,14" hai3="119,33,65,103,20,116,108,94,130,26,13,124,23"/><U104/><RYUUKYOKU type="yao9" ba="0,0" sc="185,0,578,0,191,0,46,0" hai1="29,35,37,56,71,91,98,104,107,109,117,122,126,134" /><INIT seed="5,1,0,2,0,83" ten="185,578,191,46" oya="1" hai0="37,93,4,120,77,75,32,112,105,88,129,85,61" hai1="125,41,70,119,78,47,15,116,108,17,118,50,86" hai2="103,79,121,58,54,19,111,1,72,115,109,66,67" hai3="81,60,87,84,43,128,29,24,122,48,33,36,101"/><U96/><E70/><V42/><F121/><W45/><G122/><T126/><D120/><U5/><E96/><V21/><F1/><W130/><G101/><T71/><D37/><U28/><E28/><V39/><F115/><W46/><G60/><T10/><D32/><U27/><E27/><V11/><F11/><W99/><G99/><T56/><D112/><U55/><E125/><V80/><F103/><W12/><G12/><T132/><D126/><U40/><E108/><V62/><F42/><W131/><REACH who="3" step="1"/><G81/><REACH who="3" ten="185,578,191,36" step="2"/><T7/><D61/><U35/><E119/><V26/><F109/><W104/><G104/><T127/><D105/><U123/><E118/><V114/><F111/><W113/><G113/><T135/><D135/><U14/><E123/><V90/><F114/><W94/><G94/><T100/><D93/><U6/><E116/><V117/><F117/><W69/><G69/><T52/><D71/><U30/><E15/><V63/><F63/><W65/><G65/><T76/><D100/><U3/><E3/><V22/><F67/><W8/><G8/><T57/><D10/><U107/><E107/><V89/><F66/><W49/><G49/><T82/><D82/><N who="1" m="47447" /><E6/><V23/><F39/><W13/><G13/><T110/><D4/><U0/><E5/><V95/><F89/><W92/><G92/><N who="0" m="54287" /><D7/><U73/><E0/><V53/><F95/><W68/><G68/><T134/><D134/><U38/><E38/><V106/><F106/><W44/><G44/><T18/><D132/><U91/><E91/><V102/><F90/><W9/><G9/><T31/><D110/><RYUUKYOKU ba="1,1" sc="185,-10,578,-10,191,-10,36,30" hai3="24,29,33,36,43,45,46,48,84,87,128,130,131" /><INIT seed="6,2,1,1,0,86" ten="175,568,181,66" oya="2" hai0="27,80,93,124,61,105,46,13,74,24,44,70,99" hai1="95,123,39,87,50,69,64,132,8,38,134,119,56" hai2="114,68,88,131,5,21,51,127,103,85,1,104,115" hai3="96,14,31,49,55,6,62,60,94,71,0,52,107"/><V15/><F68/><W133/><G107/><T128/><D105/><U35/><E35/><V23/><F1/><W82/><G0/><T65/><D124/><U66/><E119/><V75/><F75/><W125/><G125/><T2/><D2/><U45/><E8/><N who="2" m="4495" /><F127/><W112/><G133/><N who="1" m="51306" /><E69/><V73/><F73/><W19/><G6/><T26/><D13/><U47/><E123/><V37/><F37/><W63/><G112/><N who="2" m="43049" /><F131/><W20/><G31/><T54/><D128/><U113/><E38/><V79/><F79/><W34/><G34/><T48/><D44/><U110/><E39/><V129/><F129/><W22/><G71/><T29/><D74/><U25/><E56/><V101/><F51/><W16/><G82/><T77/><D77/><U72/><E45/><V28/><F104/><W7/><G49/><T78/><D78/><U30/><E72/><V33/><F33/><W90/><G7/><T100/><REACH who="0" step="1"/><D80/><REACH who="0" ten="165,568,181,66" step="2"/><U84/><E113/><V121/><F121/><W98/><G98/><T40/><D40/><U111/><E50/><V118/><F118/><W126/><G126/><T53/><D53/><U91/><E47/><V9/><F9/><W57/><G55/><T108/><D108/><U122/><E111/><V43/><F43/><W18/><G18/><T81/><D81/><N who="1" m="49551" /><E110/><V58/><F28/><AGARI ba="2,2" hai="24,26,27,28,29,46,48,54,61,65,70,93,99,100" machi="28" ten="40,1300,0" yaku="1,1,53,0" doraHai="86" doraHaiUra="17" who="0" fromWho="2" sc="165,39,568,0,181,-19,66,0" /><INIT seed="7,0,0,0,4,84" ten="204,568,162,66" oya="3" hai0="41,49,97,4,108,55,127,114,47,131,31,68,44" hai1="36,5,7,3,110,76,70,111,13,59,35,96,81" hai2="80,52,129,87,115,38,20,116,117,135,105,23,128" hai3="67,77,21,106,75,32,104,39,1,83,16,57,103"/><W95/><G32/><T12/><D108/><U92/><E70/><V102/><F38/><W25/><G39/><T66/><D31/><U29/><E3/><V19/><F115/><W6/><G1/><T130/><D114/><U9/><E36/><V28/><F135/><W30/><G6/><T14/><D127/><U73/><E5/><V112/><F112/><W124/><G124/><T2/><D97/><U40/><E40/><V134/><F134/><W122/><G122/><T91/><D91/><U33/><E33/><V123/><F123/><W98/><REACH who="3" step="1"/><G16/><REACH who="3" ten="204,568,162,56" step="2"/><T74/><D2/><U89/><E35/><V27/><F19/><W94/><G94/><T65/><D4/><U118/><E29/><V64/><F20/><W43/><G43/><T69/><D41/><U90/><E118/><V17/><F17/><W56/><G56/><T125/><D125/><U109/><E59/><V132/><F132/><W48/><G48/><T72/><D49/><U26/><E26/><V46/><F117/><W50/><G50/><T54/><AGARI ba="0,1" hai="12,14,44,47,54,55,65,66,68,69,72,74,130,131" machi="54" ten="25,3200,0" yaku="0,1,22,2" doraHai="84" who="0" fromWho="0" sc="204,42,568,-8,162,-8,56,-16" owari="246,5.0,560,66.0,154,-25.0,40,-46.0" /></mjloggm>