<mjloggm ver="2.3"><GO type="169" lobby="0"/><UN n0="%76%65%74%6F%6F" n1="%E3%82%A6%E3%83%AB%E3%83%88%E3%83%A9%E7%AB%8B%E7%9B%B4" n2="%E2%91%A3%E3%82%BB%E3%83%B3%E3%83%81" n3="%4A%6F%75%72%6E%65%79" dan="16,17,18,16" rate="2078.15,2214.07,2252.84,2130.59" sx="M,M,M,M"/><TAIKYOKU oya="0"/><INIT seed="0,0,0,4,4,104" ten="250,250,250,250" oya="0" hai0="18,100,50,89,128,57,119,96,93,27,105,0,115" hai1="106,60,88,3,54,86,109,2,95,43,63,53,101" hai2="98,65,21,127,120,8,113,34,39,72,112,29,82" hai3="125,76,30,84,7,77,111,13,87,59,91,58,49"/><T116/><D115/><U42/><E109/><V75/><F21/><W124/><G111/><T56/><D128/><U31/><E31/><V22/><F22/><W14/><G30/><T41/><D0/><U15/><E15/><N who="3" m="5642" /><G7/><T69/><D69/><U66/><E106/><V38/><F82/><W134/><G134/><T74/><D27/><U11/><E101/><V26/><F120/><W6/><G6/><T121/><D121/><U110/><E110/><V80/><F80/><N who="3" m="47119" /><G76/><T16/><D74/><N who="2" m="28202" /><F127/><N who="3" m="48715" /><G49/><T68/><D68/><U28/><E28/><V67/><F67/><W71/><G71/><T135/><D135/><U118/><E66/><V17/><F17/><W32/><G32/><T5/><D5/><U122/><E122/><V92/><F92/><AGARI ba="0,0" hai="58,59,87,91,92" m="48715,47119,5642" machi="92" ten="30,1000,0" yaku="18,1" doraHai="104" who="3" fromWho="2" sc="250,0,250,0,250,-10,250,10" /><INIT seed="1,0,0,2,0,26" ten="250,250,240,260" oya="1" hai0="21,72,93,46,15,1,95,60,70,17,43,54,71" hai1="66,28,2,113,128,92,91,30,124,101,44,126,85" hai2="129,56,68,78,123,8,25,81,83,45,10,39,112" hai3="6,35,63,16,19,73,117,97,109,40,27,7,3"/><U88/><E2/><V75/><F68/><W14/><G73/><T132/><D132/><U96/><E113/><V106/><F123/><W55/><G40/><T105/><D105/><U77/><E77/><V107/><F112/><W48/><G63/><T50/><D72/><U111/><E66/><V122/><F122/><W18/><G109/><T127/><D127/><N who="1" m="48683" /><E111/><V74/><F129/><W76/><G76/><T134/><D134/><U110/><E110/><V23/><F56/><W24/><G97/><T4/><D1/><U37/><E128/><V33/><F23/><N who="3" m="13439" /><G48/><T64/><D4/><N who="3" m="1577" /><G55/><T67/><D54/><U103/><E91/><V84/><F75/><W11/><G3/><T114/><D114/><U108/><E108/><V65/><F65/><W22/><G117/><T100/><D100/><N who="1" m="38475" /><E96/><V102/><F102/><W89/><G89/><T118/><D118/><U116/><E116/><V121/><F121/><W0/><G0/><T9/><D67/><U47/><E47/><V52/><F107/><W86/><G86/><T41/><D71/><U80/><E80/><V120/><F106/><W61/><G61/><T135/><D135/><U69/><E69/><V104/><F104/><W36/><G36/><T13/><D41/><AGARI ba="0,0" hai="28,30,37,41,44,85,88,92" m="38475,48683" machi="41" ten="30,11600,0" yaku="18,1,52,2,54,1" doraHai="26" who="1" fromWho="0" sc="250,-116,250,116,240,0,260,0" /><INIT seed="1,1,0,1,1,120" ten="134,366,240,260" oya="1" hai0="3,92,8,118,18,10,2,4,132,30,33,88,130" hai1="73,26,108,61,95,102,71,76,22,38,21,63,84" hai2="115,49,51,17,43,106,65,35,0,75,68,6,96" hai3="7,34,25,58,93,66,100,128,117,40,36,80,50"/><U74/><E38/><V99/><F35/><W15/><G128/><T53/><D118/><U121/><E121/><V60/><F75/><W101/><G117/><T56/><D130/><U23/><E26/><V13/><F115/><W14/><G36/><T133/><D33/><U78/><E23/><V48/><F43/><W54/><G40/><T135/><D30/><U20/><E20/><V64/><F64/><W5/><G66/><T9/><D18/><U16/><E95/><V46/><F46/><W104/><G104/><T129/><D129/><U111/><E84/><V52/><F106/><W131/><G131/><T83/><D83/><U72/><E72/><V123/><F123/><W91/><G80/><T39/><D39/><U110/><E110/><V114/><F114/><W69/><G69/><T11/><N who="0" m="2048" /><DORA hai="89" /><T45/><D45/><U19/><E102/><N who="3" m="39530" /><G25/><T124/><D124/><U57/><E57/><V86/><F6/><N who="3" m="2059" /><G34/><T47/><D47/><U31/><E31/><V127/><F0/><W82/><G82/><T1/><D4/><U134/><E71/><V126/><F126/><W81/><G81/><T90/><D92/><U12/><E12/><V44/><F127/><W41/><G41/><T32/><REACH who="0" step="1"/><D32/><REACH who="0" ten="124,366,240,260" step="2"/><U55/><E19/><V105/><F17/><W122/><G122/><T59/><D59/><U27/><E16/><V79/><F13/><W107/><G107/><T112/><D112/><U116/><E116/><V97/><F105/><W24/><G24/><T85/><D85/><AGARI ba="1,1" hai="14,15,50,54,58,85,91,93" m="2059,39530" machi="85" ten="30,2000,0" yaku="8,1,52,1" doraHai="120,89" who="3" fromWho="0" sc="124,-23,366,0,240,0,260,33" /><INIT seed="2,0,0,4,1,82" ten="101,366,240,293" oya="2" hai0="35,114,113,64,131,22,99,66,76,126,122,74,2" hai1="56,8,70,19,32,67,54,93,110,26,36,62,71" hai2="123,75,65,96,20,0,94,98,45,12,135,58,87" hai3="102,51,57,21,109,59,47,77,119,112,86,101,16"/><V132/><F75/><W92/><G119/><T79/><D35/><U72/><E72/><V85/><F0/><W42/><G109/><T117/><D2/><U18/><E36/><V95/><F123/><W25/><G112/><T103/><D122/><U52/><E110/><V91/><F45/><W68/><G68/><T106/><D117/><U10/><E32/><V4/><F65/><W55/><G59/><T41/><D41/><U53/><E71/><V34/><F34/><W80/><REACH who="3" step="1"/><G92/><REACH who="3" ten="101,366,240,283" step="2"/><T84/><D131/><U133/><E70/><V121/><F121/><W39/><AGARI ba="0,1" hai="16,21,25,39,42,47,51,55,57,77,80,86,101,102" machi="39" ten="20,12000,2" yaku="1,1,2,1,0,1,7,1,52,1,54,1,53,0" doraHai="82" doraHaiUra="115" who="3" fromWho="3" sc="101,-30,366,-30,240,-60,283,130" /><INIT seed="3,0,0,1,2,12" ten="71,336,180,413" oya="3" hai0="45,57,63,36,1,132,70,85,79,130,74,94,20" hai1="126,100,40,111,21,58,120,34,99,32,25,104,76" hai2="51,8,110,27,44,87,56,78,102,123,37,62,129" hai3="119,52,114,23,103,29,96,7,92,80,4,39,31"/><W50/><G114/><T49/><D1/><U81/><E120/><V116/><F116/><W22/><G39/><T18/><D132/><U28/><E111/><V97/><F37/><W35/><G35/><T105/><D105/><U54/><E40/><V68/><F68/><W133/><G119/><T93/><D130/><U108/><E108/><V128/><F110/><W3/><G3/><T24/><D74/><U86/><REACH who="1" step="1"/><E126/><REACH who="1" ten="71,326,180,413" step="2"/><V134/><F123/><W66/><G133/><T67/><D36/><U46/><E46/><V59/><F44/><N who="3" m="27719" /><G31/><T10/><D70/><U98/><E98/><V83/><F97/><W90/><G29/><T6/><D6/><U118/><E118/><V125/><F125/><W71/><G7/><T121/><D121/><U75/><E75/><V41/><F41/><W113/><G4/><T60/><D10/><U73/><E73/><V11/><F11/><W84/><G113/><T124/><D124/><U131/><E131/><V14/><F8/><W117/><G117/><T127/><D127/><U122/><E122/><V48/><F134/><W2/><G2/><T16/><D45/><U42/><E42/><V55/><F129/><W106/><G106/><T38/><D38/><U53/><E53/><V112/><F55/><W19/><G71/><T88/><D67/><U13/><E13/><V61/><F14/><N who="3" m="9591" /><G66/><T109/><D109/><U65/><E65/><V33/><F112/><W135/><G135/><T43/><D43/><U107/><E107/><V72/><F72/><W30/><G30/><T64/><D64/><U115/><E115/><V47/><F128/><RYUUKYOKU ba="0,1" sc="71,-15,326,15,180,-15,413,15" hai1="21,25,28,32,34,54,58,76,81,86,99,100,104" hai3="23,80,84,90,92,96,103" /><INIT seed="3,1,1,0,4,28" ten="56,341,165,428" oya="3" hai0="59,38,64,7,89,130,119,127,114,90,22,85,67" hai1="31,25,102,58,43,118,19,62,35,131,128,96,74" hai2="37,113,91,11,68,73,71,13,49,93,97,24,109" hai3="0,86,20,29,111,88,92,66,129,2,132,124,82"/><W112/><G112/><T95/><D114/><U79/><E43/><V17/><F113/><W61/><G129/><N who="1" m="49738" /><E19/><V32/><F37/><W55/><G132/><T75/><D130/><U76/><E74/><V52/><F73/><W34/><G124/><T78/><D38/><U110/><E110/><V46/><REACH who="2" step="1"/><F109/><REACH who="2" ten="56,341,155,428" step="2"/><W27/><G111/><T39/><D75/><U83/><E118/><V5/><F5/><W26/><G2/><T57/><D39/><U123/><E123/><V54/><F54/><W60/><G0/><T51/><D119/><U9/><E9/><V72/><F72/><W40/><G40/><T47/><D127/><U4/><E4/><V135/><F135/><W108/><G108/><T14/><D7/><U133/><E133/><V80/><F80/><W87/><G55/><T81/><D64/><N who="1" m="38999" /><E83/><V16/><F16/><W122/><G122/><T36/><D67/><U10/><E10/><V103/><F103/><W56/><G66/><T48/><D36/><U70/><E70/><V107/><F107/><AGARI ba="1,2" hai="25,31,35,76,79,96,102,107" m="38999,49738" machi="107" ten="30,2000,0" yaku="19,1,52,1" doraHai="28" who="1" fromWho="2" sc="56,0,341,43,155,-23,428,0" /><INIT seed="4,0,0,3,1,120" ten="56,384,132,428" oya="0" hai0="5,86,19,92,64,106,108,18,22,123,115,105,77" hai1="48,67,28,109,50,125,11,10,116,40,6,13,7" hai2="12,74,78,21,121,131,75,100,126,29,41,107,79" hai3="25,24,99,2,32,36,37,55,98,1,71,33,49"/><T59/><D123/><U9/><E116/><V122/><F41/><W81/><G81/><T42/><D115/><U76/><E125/><V103/><F12/><W60/><G49/><T83/><D42/><U39/><E109/><V26/><F21/><W16/><G60/><T35/><D35/><U128/><E128/><V87/><F26/><W20/><G20/><T93/><D5/><U66/><E76/><V134/><F29/><W23/><G23/><T8/><D108/><U43/><E11/><V94/><F94/><W96/><G96/><T17/><D8/><U45/><E28/><V91/><F126/><W102/><G55/><T68/><D68/><U72/><E72/><V56/><F56/><W61/><G61/><N who="0" m="37951" /><D106/><U84/><E84/><V73/><F73/><W0/><G2/><T112/><D105/><U135/><E135/><V82/><F107/><W57/><G71/><T53/><D112/><U124/><E124/><V69/><F69/><W85/><G37/><T130/><D130/><U110/><E110/><V30/><F131/><W119/><G119/><T47/><D22/><U97/><E39/><V90/><F30/><W4/><G0/><T70/><D70/><U114/><E114/><V129/><F129/><W88/><G1/><T46/><D53/><U58/><E40/><V104/><F104/><W133/><G36/><T63/><D63/><U52/><E97/><V132/><F87/><W34/><G33/><T89/><D93/><U27/><E27/><V54/><F54/><W15/><G34/><T118/><D118/><U117/><E117/><V38/><F38/><RYUUKYOKU ba="0,0" sc="56,10,384,10,132,10,428,-30" hai0="17,18,19,46,47,77,83,86,89,92" hai1="6,7,9,10,13,43,45,48,50,52,58,66,67" hai2="74,75,78,79,82,90,91,100,103,121,122,132,134" /><INIT seed="4,1,0,5,3,31" ten="66,394,142,398" oya="0" hai0="71,80,104,93,118,19,15,8,69,98,79,90,115" hai1="134,76,47,66,42,45,56,125,18,108,13,4,109" hai2="105,95,117,2,84,121,82,107,114,96,52,132,124" hai3="37,83,63,122,129,55,72,25,64,119,130,101,14"/><T131/><D118/><U97/><E4/><V43/><F2/><W73/><G119/><T46/><D131/><N who="3" m="50185" /><G37/><T106/><D115/><U87/><E134/><V0/><F0/><W94/><G55/><T20/><D46/><U59/><E59/><V38/><F117/><W99/><G122/><T40/><D40/><U110/><E125/><V57/><F121/><W48/><G48/><T77/><D77/><U27/><E27/><V28/><F114/><W30/><G14/><T33/><D33/><U7/><E7/><V58/><F132/><W11/><G83/><T35/><D35/><U16/><E97/><V9/><F9/><W91/><G91/><T92/><D92/><U44/><E42/><V123/><F123/><W67/><G11/><T24/><D106/><U128/><E128/><V39/><F28/><W1/><G67/><T112/><D104/><U127/><E127/><V26/><F26/><W65/><G65/><T49/><D49/><U103/><E103/><N who="2" m="60831" /><F58/><N who="3" m="36983" /><G1/><T135/><D135/><U23/><E56/><V50/><F124/><W111/><G111/><T34/><D34/><AGARI ba="1,0" hai="25,30,34,72,73,94,99,101" m="36983,50185" machi="34" ten="30,2000,0" yaku="19,1,52,1" doraHai="31" who="3" fromWho="0" sc="66,-23,394,0,142,0,398,23" /><INIT seed="5,0,0,5,1,125" ten="43,394,142,421" oya="1" hai0="57,111,126,30,85,122,104,127,70,124,59,71,133" hai1="56,14,81,7,89,46,28,78,37,62,27,32,19" hai2="21,10,131,67,17,5,26,43,73,134,44,77,48" hai3="61,38,8,23,39,123,65,3,135,45,87,63,29"/><U51/><E7/><V83/><F134/><W0/><G123/><T53/><D104/><U76/><E37/><V4/><F67/><W120/><G120/><T55/><D122/><U18/><E89/><V79/><F79/><W128/><G135/><T102/><D102/><U118/><E118/><V116/><F116/><W6/><G3/><T41/><D133/><U60/><E56/><N who="0" m="21577" /><D30/><U11/><E19/><V34/><F34/><W31/><G63/><T66/><D85/><U47/><E78/><V117/><F117/><W105/><G105/><T129/><D111/><U25/><E25/><V50/><F4/><W112/><G112/><T109/><D109/><U119/><E119/><V90/><F90/><W36/><G45/><T92/><D92/><U82/><E82/><V75/><F131/><W101/><G128/><T121/><D121/><U80/><E80/><V42/><F42/><W64/><G101/><T98/><D98/><U95/><E95/><V72/><REACH who="2" step="1"/><F50/><REACH who="2" ten="43,394,132,421" step="2"/><W22/><G64/><T107/><D66/><U99/><E51/><V132/><F132/><W1/><G38/><T15/><D41/><U88/><E60/><V96/><F96/><W86/><G61/><T130/><D107/><U69/><E62/><V114/><F114/><W100/><G65/><T115/><D115/><U13/><E69/><N who="0" m="26121" /><D15/><AGARI ba="0,1" hai="5,10,15,17,21,26,43,44,48,72,73,75,77,83" machi="15" ten="30,2000,0" yaku="1,1,7,1,53,0" doraHai="125" doraHaiUra="93" who="2" fromWho="0" sc="43,-20,394,0,132,30,421,0" /><INIT seed="6,0,0,1,1,10" ten="23,394,162,421" oya="2" hai0="91,106,126,1,17,134,82,92,3,129,51,37,93" hai1="78,105,19,68,44,11,96,50,55,74,23,59,65" hai2="132,60,4,34,131,2,27,52,0,101,118,45,57" hai3="12,30,31,20,9,16,77,122,98,43,76,94,87"/><V63/><F118/><W79/><G122/><T33/><D37/><U64/><E68/><V117/><F117/><W109/><G109/><T21/><D106/><U123/><E123/><V83/><F131/><W108/><G108/><T13/><D33/><U48/><E74/><V29/><F132/><W86/><G43/><T119/><D119/><U42/><E78/><V80/><F101/><N who="3" m="60631" /><G9/><T25/><D134/><U90/><E11/><V103/><F103/><W88/><G86/><T115/><D129/><U40/><E40/><V53/><F4/><W110/><G110/><T111/><D111/><U62/><E50/><V130/><F130/><W46/><G46/><T28/><D126/><U89/><E105/><V41/><F0/><W61/><G61/><T32/><D115/><U8/><E8/><V114/><F2/><W81/><AGARI ba="0,0" hai="12,16,20,30,31,76,77,79,81,87,88" m="60631" machi="81" ten="30,7900,0" yaku="8,1,52,1,54,2" doraHai="10" who="3" fromWho="3" sc="23,-20,394,-20,162,-39,421,79" /><INIT seed="7,0,0,3,4,46" ten="3,374,123,500" oya="3" hai0="113,47,5,90,109,100,33,116,17,6,88,0,111" hai1="70,50,14,24,20,9,117,108,89,49,19,94,3" hai2="4,62,18,112,132,32,71,38,65,126,55,135,44" hai3="106,41,125,80,30,60,82,127,124,118,128,120,119"/><W59/><G120/><T97/><D116/><N who="3" m="44585" /><G106/><T63/><D113/><U76/><E117/><V51/><F32/><W87/><G128/><T95/><D33/><U83/><E108/><V27/><F112/><W61/><G61/><T1/><D111/><U31/><E70/><V85/><F126/><W93/><G41/><T36/><D109/><U37/><E37/><V91/><F4/><W12/><G30/><T8/><D63/><U115/><E3/><V64/><F64/><N who="3" m="38943" /><G12/><T98/><D17/><U81/><E115/><V129/><F129/><W22/><G22/><T99/><D100/><U75/><REACH who="1" step="1"/><E83/><REACH who="1" ten="3,364,123,500" step="2"/><V92/><F38/><W68/><G68/><T77/><D1/><U121/><E121/><V84/><F71/><W66/><G82/><T53/><D36/><U123/><E123/><V57/><F135/><W39/><G39/><T79/><D5/><U11/><E11/><V23/><F132/><W26/><G80/><T78/><D90/><U25/><E25/><V86/><AGARI ba="0,1" hai="18,23,27,44,51,55,57,62,65,84,85,86,91,92" machi="86" ten="20,5200,0" yaku="0,1,7,1,8,1,52,1" doraHai="46" who="2" fromWho="2" sc="3,-13,364,-13,123,62,500,-26" owari="-10,-51.0,351,15.0,185,-21.0,474,57.0" /></mjloggm>