<mjloggm ver="2.3"><GO type="41" lobby="0"/><UN n0="%E5%B0%B1%E6%B4%BB%E7%94%9F%40%E5%B7%9D%E6%9D%91%E8%BB%8D%E5%9B%A3" n1="%EF%BD%9E%E5%A4%A7%E9%80%B2%E6%92%83%EF%BD%9E" n2="%E3%81%86%E3%81%9F%E3%81%B2%E3%82%81" n3="%E3%83%89%E3%83%A9%E6%AC%A1%E9%83%8E" dan="17,14,16,13" rate="2171.64,1871.60,2051.66,1900.28" sx="M,M,M,M"/><TAIKYOKU oya="0"/><INIT seed="0,0,0,3,2,52" ten="250,250,250,250" oya="0" hai0="134,117,40,128,93,103,44,21,33,135,13,63,77" hai1="92,121,9,43,51,90,119,18,94,122,82,35,114" hai2="83,104,24,127,15,56,60,74,116,73,26,48,61" hai3="133,69,25,99,62,91,76,115,3,38,7,22,78"/><T34/><D117/><U50/><E119/><V65/><F104/><W125/><G115/><T58/><D77/><U106/><E106/><V97/><F116/><W37/><G133/><N who="0" m="50699" /><D128/><U96/><E35/><V111/><F111/><W4/><G125/><T28/><D103/><U70/><E70/><V132/><F132/><W11/><G7/><T2/><D2/><U105/><E105/><V118/><F127/><W45/><G78/><T6/><D93/><U84/><E114/><V39/><F48/><W20/><G76/><T110/><D6/><U101/><E43/><V27/><F15/><W71/><G22/><T19/><D28/><U8/><E122/><V64/><F39/><W47/><G38/><N who="0" m="21527" /><D110/><U124/><E124/><V12/><F12/><W49/><G37/><T88/><D88/><N who="1" m="51223" /><E121/><V95/><F83/><W75/><G75/><T108/><D108/><U53/><E18/><V85/><F85/><W100/><G91/><T42/><D42/><U41/><E41/><V54/><F118/><W0/><G0/><T86/><D86/><N who="1" m="52311" /><E51/><V126/><F126/><W57/><G71/><T109/><D109/><U112/><E112/><V107/><F107/><W36/><G69/><T130/><D130/><U10/><E10/><V46/><F74/><W120/><G49/><T72/><D72/><U30/><E30/><V66/><F73/><W5/><G36/><T98/><D98/><U16/><E16/><V14/><F14/><W17/><G5/><T131/><D131/><U87/><E87/><V55/><F61/><W59/><G4/><T68/><D68/><U79/><E79/><RYUUKYOKU ba="0,0" sc="250,15,250,15,250,-15,250,-15" hai0="13,19,21,33,34,58,63" hai1="8,9,50,53,94,96,101" /><INIT seed="0,1,0,3,1,51" ten="265,265,235,235" oya="0" hai0="69,75,36,110,1,21,113,92,67,103,65,76,30" hai1="24,84,22,25,120,58,43,78,44,52,17,108,4" hai2="121,117,53,127,112,83,27,15,64,10,6,124,70" hai3="98,119,82,14,5,104,68,80,0,33,128,71,81"/><T101/><D113/><U72/><E72/><V91/><F112/><W107/><G119/><T123/><D36/><U100/><E120/><V28/><F117/><W109/><G0/><T54/><D1/><U19/><E108/><V49/><F121/><W105/><G33/><T125/><D69/><U47/><E100/><V62/><F83/><W38/><G38/><T55/><D123/><U35/><E4/><V3/><F91/><W40/><G40/><T97/><D125/><U45/><E43/><V12/><F12/><W89/><G109/><T50/><D110/><U8/><E35/><V9/><F27/><N who="1" m="10313" /><E8/><V88/><F88/><W23/><G128/><T93/><D30/><U79/><E22/><V57/><REACH who="2" step="1"/><F28/><REACH who="2" ten="265,265,225,235" step="2"/><W37/><G89/><T34/><D76/><N who="1" m="29227" /><E84/><V61/><F61/><AGARI ba="1,1" hai="17,19,44,45,47,52,58,61" m="29227,10313" machi="61" ten="30,3900,0" yaku="8,1,52,1,54,1" doraHai="51" who="1" fromWho="2" sc="265,0,265,52,225,-42,235,0" /><INIT seed="1,0,0,4,0,20" ten="265,317,183,235" oya="1" hai0="26,108,75,0,16,125,39,106,57,115,104,102,110" hai1="17,61,43,133,83,27,77,89,132,130,33,56,66" hai2="44,23,65,31,129,100,113,69,6,78,59,122,15" hai3="19,112,80,128,18,64,34,134,58,55,71,54,28"/><U29/><E130/><V24/><F69/><W86/><G112/><T119/><D75/><U1/><E1/><V90/><F122/><W14/><G128/><T107/><D115/><U98/><E43/><V46/><F113/><W127/><G134/><N who="1" m="51818" /><E17/><V120/><F120/><W25/><G127/><T72/><D72/><N who="1" m="43431" /><E98/><V95/><F78/><W111/><G111/><N who="0" m="42539" /><D119/><U60/><E60/><N who="2" m="38047" /><F100/><W10/><G71/><T81/><D0/><U103/><E89/><V92/><F129/><W5/><G64/><T114/><D39/><U121/><E121/><V50/><F50/><W76/><REACH who="3" step="1"/><G55/><REACH who="3" ten="265,317,183,225" step="2"/><T88/><D125/><U91/><E66/><V8/><F95/><W96/><G96/><AGARI ba="0,1" hai="6,8,15,23,24,31,44,46,90,92,96" m="38047" machi="96" ten="30,2000,0" yaku="8,1,52,1" doraHai="20" who="2" fromWho="3" sc="265,0,317,0,183,30,225,-20" /><INIT seed="2,0,0,1,4,118" ten="265,317,213,205" oya="2" hai0="63,134,112,91,79,58,24,113,1,53,103,128,127" hai1="41,90,38,133,51,105,18,110,114,77,22,11,5" hai2="9,35,109,70,39,80,92,121,132,125,99,94,111" hai3="59,45,98,93,7,124,104,68,32,101,33,84,83"/><V15/><F35/><W26/><G68/><T13/><D1/><U100/><E114/><V64/><F39/><W95/><G124/><T73/><D128/><U88/><E133/><V8/><F132/><W65/><G7/><T67/><D127/><U108/><E38/><V97/><F125/><W126/><G126/><T42/><D134/><U44/><E77/><V12/><F80/><W62/><G45/><T16/><D42/><U89/><E100/><V6/><F70/><W61/><G61/><T29/><D103/><U0/><REACH who="1" step="1"/><E105/><REACH who="1" ten="265,307,213,205" step="2"/><V21/><F64/><W55/><G65/><T19/><D79/><U72/><E72/><V75/><F75/><W54/><G54/><T47/><D73/><U123/><E123/><V117/><F117/><W31/><REACH who="3" step="1"/><G33/><REACH who="3" ten="265,307,213,195" step="2"/><T60/><D53/><U17/><E17/><V120/><F21/><W78/><AGARI ba="0,2" hai="26,31,32,55,59,62,78,83,84,93,95,98,101,104" machi="78" ten="20,5200,0" yaku="1,1,2,1,0,1,7,1,53,0" doraHai="118" doraHaiUra="106" who="3" fromWho="3" sc="265,-13,307,-13,213,-26,195,72" /><INIT seed="3,0,0,0,0,16" ten="252,294,187,267" oya="3" hai0="131,71,73,62,2,61,4,79,117,68,114,38,46" hai1="129,100,75,83,109,106,0,60,47,18,74,25,1" hai2="120,105,104,37,134,22,14,110,13,26,132,10,58" hai3="111,56,118,8,36,44,112,102,55,84,82,98,126"/><W122/><G122/><T69/><D117/><U94/><E129/><V130/><F37/><W35/><G118/><T57/><D73/><U128/><E128/><V48/><F120/><W29/><G112/><T133/><D79/><U124/><E124/><V34/><F34/><W23/><G35/><T12/><D2/><U66/><E94/><V27/><F130/><W31/><G126/><T7/><D12/><N who="2" m="4714" /><F10/><W30/><G8/><T3/><D3/><U65/><E109/><V43/><F43/><W108/><G44/><T49/><D7/><U53/><E100/><V77/><F77/><W85/><G36/><T92/><D92/><U107/><E47/><V33/><F33/><W32/><G32/><T93/><D93/><U40/><E40/><V70/><F70/><W96/><G85/><T24/><D24/><N who="2" m="9258" /><F110/><N who="3" m="42027" /><G23/><T41/><D4/><U5/><E5/><V80/><F80/><W135/><G102/><T39/><D131/><U45/><E83/><V86/><F86/><W89/><G135/><N who="2" m="51753" /><F22/><W11/><G11/><T50/><D133/><U28/><E45/><V67/><F48/><AGARI ba="0,0" hai="29,30,31,48,55,56,82,84,89,96,98" m="42027" machi="48" ten="30,2900,0" yaku="14,1,10,1" doraHai="16" who="3" fromWho="2" sc="252,0,294,0,187,-29,267,29" /><INIT seed="3,1,0,5,3,122" ten="252,294,158,296" oya="3" hai0="46,110,56,60,125,9,115,75,8,82,50,124,72" hai1="49,98,61,117,128,18,33,26,114,135,55,95,30" hai2="38,31,78,92,81,53,17,101,40,104,77,107,73" hai3="42,12,64,76,23,70,89,106,7,59,134,16,28"/><W66/><G106/><N who="2" m="40489" /><F31/><W45/><G70/><T32/><D32/><U58/><E114/><V90/><F53/><W126/><G134/><T13/><D115/><U51/><E135/><V0/><F0/><W118/><G118/><T37/><D37/><U88/><E117/><V79/><F17/><W71/><G71/><T54/><D110/><U48/><E128/><V80/><F40/><W15/><G126/><N who="0" m="48747" /><D82/><N who="2" m="31850" /><F38/><W47/><G76/><T62/><D62/><U57/><REACH who="1" step="1"/><E18/><REACH who="1" ten="252,284,158,296" step="2"/><V5/><F5/><W25/><G89/><T22/><D75/><U93/><E93/><V132/><F132/><W120/><G120/><T10/><D72/><U108/><E108/><V68/><F73/><W11/><G59/><AGARI ba="1,1" hai="26,30,33,48,49,51,55,57,58,59,61,88,95,98" machi="59" ten="40,2600,0" yaku="1,1,54,1,53,0" doraHai="122" doraHaiUra="14" who="1" fromWho="3" sc="252,0,284,39,158,0,296,-29" /><INIT seed="4,0,0,2,1,119" ten="252,323,158,267" oya="0" hai0="5,29,91,39,94,55,27,102,101,128,65,30,17" hai1="79,8,116,61,89,23,99,123,46,58,80,105,11" hai2="68,62,52,24,133,129,59,97,64,15,47,74,56" hai3="104,132,86,41,77,45,34,40,54,95,63,50,114"/><T35/><D39/><U38/><E116/><V71/><F74/><W14/><G104/><T92/><D128/><U0/><E123/><V31/><F129/><W126/><G34/><T78/><D78/><U72/><E0/><V49/><F133/><W131/><G131/><T103/><D30/><U81/><E105/><V96/><F15/><W28/><G28/><T37/><D37/><U83/><E23/><V51/><F71/><W93/><G132/><T84/><D65/><U3/><E11/><V33/><REACH who="2" step="1"/><F68/><REACH who="2" ten="252,323,148,267" step="2"/><W73/><G73/><T36/><D5/><U43/><E3/><V100/><F100/><W75/><G75/><T107/><D107/><U48/><E72/><V98/><F98/><W110/><G110/><T19/><D36/><U20/><E38/><V112/><F112/><W66/><G114/><T82/><D94/><U106/><E106/><V67/><F67/><W88/><G126/><T7/><D7/><U118/><E99/><V108/><F108/><W121/><G95/><T90/><D92/><U111/><E118/><V32/><F32/><W18/><G77/><T127/><D127/><U122/><E79/><V120/><F120/><W26/><G121/><T4/><D4/><U9/><E122/><V87/><F87/><W76/><G76/><T1/><D1/><U60/><E111/><V44/><F44/><W69/><REACH who="3" step="1"/><G26/><REACH who="3" ten="252,323,148,257" step="2"/><T22/><D35/><U42/><E83/><V12/><F12/><W53/><G53/><AGARI ba="0,2" hai="24,31,33,47,49,51,52,53,56,59,62,64,96,97" machi="53" ten="30,7700,0" yaku="1,1,7,1,54,1,53,1" doraHai="119" doraHaiUra="25" who="2" fromWho="3" sc="252,0,323,0,148,97,257,-77" /><INIT seed="5,0,0,0,2,60" ten="252,323,245,180" oya="1" hai0="23,57,134,17,20,16,3,103,108,0,67,65,1" hai1="73,102,133,64,48,31,24,98,59,120,47,121,128" hai2="13,129,132,75,14,87,78,34,27,46,41,76,119" hai3="107,29,112,99,44,118,97,131,96,53,63,109,123"/><U2/><E133/><V18/><F75/><W35/><G123/><T71/><D108/><U79/><E128/><V19/><F119/><W122/><G109/><T21/><D134/><U43/><E2/><V117/><F117/><W54/><G122/><T28/><D28/><U91/><E79/><V38/><F129/><W125/><G118/><T12/><D71/><U126/><E73/><V94/><F132/><W45/><G131/><T68/><D68/><U111/><E91/><V39/><F27/><W70/><G107/><T130/><D130/><U89/><E89/><V84/><F46/><W66/><G112/><T104/><D57/><U40/><E111/><V127/><F41/><W85/><G125/><T105/><D103/><U100/><E43/><V135/><F135/><W10/><G45/><T51/><D51/><U95/><E102/><V37/><F127/><W49/><G35/><T50/><D50/><U9/><E9/><V62/><F62/><W52/><G29/><T5/><D5/><U81/><E81/><V6/><F6/><W74/><G74/><T8/><REACH who="0" step="1"/><D17/><REACH who="0" ten="242,323,245,180" step="2"/><U25/><E126/><V77/><F34/><W33/><G33/><T80/><D80/><U93/><E121/><V56/><F56/><W113/><G113/><T92/><D92/><U61/><E120/><V82/><F94/><W106/><G106/><AGARI ba="0,1" hai="0,1,3,8,12,16,20,21,23,65,67,104,105,106" machi="106" ten="50,8000,1" yaku="1,1,52,2,54,1,53,0" doraHai="60" doraHaiUra="86" who="0" fromWho="3" sc="242,90,323,0,245,0,180,-80" /><INIT seed="6,0,0,4,4,125" ten="332,323,245,100" oya="2" hai0="13,78,81,32,14,24,69,118,100,135,99,65,96" hai1="11,72,110,3,90,75,95,127,102,91,10,132,94" hai2="0,121,115,97,105,133,103,53,40,68,49,43,27" hai3="58,109,66,60,88,64,62,119,89,44,80,42,67"/><V8/><F121/><W20/><G109/><T55/><D118/><U85/><E110/><V84/><F68/><W57/><G119/><T76/><D135/><U134/><E102/><V7/><F133/><N who="1" m="51305" /><E127/><V2/><F2/><W5/><G5/><T59/><D69/><U45/><E45/><V31/><F115/><W26/><G80/><T23/><D32/><U39/><E39/><V6/><F6/><W15/><G15/><N who="0" m="5643" /><D65/><U126/><E126/><V129/><F84/><W34/><G34/><T47/><D47/><U104/><E104/><V22/><REACH who="2" step="1"/><F129/><REACH who="2" ten="332,323,235,100" step="2"/><W79/><G79/><N who="0" m="30251" /><D81/><U54/><E3/><V87/><F87/><W19/><REACH who="3" step="1"/><G67/><REACH who="3" ten="332,323,235,90" step="2"/><T16/><D100/><U92/><E75/><V33/><F33/><W36/><AGARI ba="0,2" hai="19,20,26,36,42,44,57,58,60,62,64,66,88,89" machi="36" ten="20,12000,2" yaku="1,1,2,1,0,1,7,1,9,1,54,1,53,0" doraHai="125" doraHaiUra="73" who="3" fromWho="3" sc="332,-30,323,-30,235,-60,90,140" /><INIT seed="7,0,0,2,3,26" ten="302,293,175,230" oya="3" hai0="56,25,106,0,67,118,39,73,126,49,93,17,110" hai1="90,53,131,78,40,50,100,94,28,95,87,55,134" hai2="113,60,69,27,101,77,6,57,44,88,1,33,102" hai3="35,130,105,65,37,128,72,19,41,18,92,43,71"/><W48/><G105/><T32/><D106/><U31/><E134/><V16/><F69/><W61/><G37/><T114/><D39/><U123/><E123/><V46/><F77/><W96/><G72/><T51/><D73/><U11/><E131/><N who="3" m="50218" /><G35/><T115/><D0/><U42/><E78/><V76/><F76/><W97/><G97/><T116/><D110/><U64/><E64/><V104/><F104/><W98/><G98/><T103/><D126/><U125/><E125/><V109/><F109/><W22/><G48/><N who="0" m="18507" /><D93/><U15/><E100/><V62/><F6/><W21/><G21/><N who="0" m="13487" /><D32/><U12/><E95/><V91/><F1/><W38/><G38/><T24/><D24/><U23/><E55/><V59/><F27/><N who="3" m="14807" /><G19/><T117/><D103/><AGARI ba="0,0" hai="41,43,61,65,71,92,96,103" m="14807,50218" machi="103" ten="30,1500,0" yaku="19,1" doraHai="26" who="3" fromWho="0" sc="302,-15,293,0,175,0,230,15" /><INIT seed="7,1,0,2,0,124" ten="287,293,175,245" oya="3" hai0="120,12,70,134,72,39,47,49,56,126,67,19,80" hai1="17,37,4,83,90,88,109,44,111,98,86,14,130" hai2="131,60,87,32,129,123,77,6,107,22,34,82,93" hai3="64,118,102,65,48,5,35,116,54,114,27,99,106"/><W29/><G114/><T92/><D120/><U63/><E130/><N who="2" m="49675" /><F123/><W78/><G78/><T89/><D126/><U18/><E111/><V9/><F107/><W128/><G128/><T26/><D134/><U127/><E109/><V15/><F60/><W66/><REACH who="3" step="1"/><G5/><REACH who="3" ten="287,293,175,235" step="2"/><T81/><D72/><U79/><E127/><V8/><F93/><W36/><G36/><T3/><D81/><U7/><E79/><V91/><F77/><W121/><G121/><T24/><D80/><U50/><E37/><V76/><F76/><W75/><G75/><T69/><D39/><U68/><E7/><N who="2" m="3487" /><F22/><W113/><G113/><T112/><D112/><U101/><E4/><V119/><F119/><W74/><G74/><T61/><D92/><U133/><E133/><V31/><F31/><W23/><G23/><T55/><D89/><U96/><E90/><V125/><F125/><W103/><G103/><T51/><D70/><U42/><E101/><V57/><F57/><AGARI ba="1,1" hai="27,29,35,48,54,57,64,65,66,99,102,106,116,118" machi="57" ten="40,2000,0" yaku="1,1,53,0" doraHai="124" doraHaiUra="59" who="3" fromWho="2" sc="287,0,293,0,175,-23,235,33" /><INIT seed="7,2,0,3,3,99" ten="287,293,152,268" oya="3" hai0="62,82,85,134,121,19,89,103,123,117,72,94,23" hai1="86,92,16,28,132,131,68,27,20,98,44,6,133" hai2="41,38,107,14,77,51,40,0,39,119,33,135,97" hai3="61,48,100,109,7,84,73,130,42,65,115,13,71"/><W59/><G73/><T74/><D117/><U26/><E68/><V113/><F119/><W63/><G130/><T35/><D35/><N who="1" m="20887" /><E6/><V79/><F33/><W4/><G115/><T110/><D110/><U58/><E86/><V15/><F113/><W49/><G109/><T2/><D2/><U22/><E22/><V91/><F51/><W45/><G49/><T21/><D134/><N who="1" m="51819" /><E58/><V114/><F135/><W125/><G125/><T56/><D23/><U25/><E44/><V43/><F114/><W105/><G13/><N who="2" m="4617" /><F0/><W34/><G34/><T69/><D69/><U54/><E54/><V106/><F91/><W93/><G105/><N who="2" m="39945" /><F97/><W24/><G24/><N who="0" m="14399" /><D74/><U124/><E124/><V88/><F88/><W87/><G87/><T112/><D72/><U75/><E75/><V102/><F102/><W18/><G18/><T76/><D112/><U8/><E8/><V80/><F80/><W64/><REACH who="3" step="1"/><G84/><REACH who="3" ten="287,293,152,258" step="2"/><N who="0" m="48199" /><D123/><U12/><E131/><V50/><F50/><W122/><G122/><T118/><D121/><U90/><AGARI ba="2,1" hai="12,16,20,25,27,90,92,98" m="51819,20887" machi="90" ten="30,2000,0" yaku="20,1,54,1" doraHai="99" who="1" fromWho="1" sc="287,-7,293,36,152,-7,258,-12" owari="280,8.0,329,42.0,145,-35.0,246,-15.0" /></mjloggm>