<mjloggm ver="2.3"><GO type="169" lobby="0"/><UN n0="%6B%62%37%37%37" n1="%E3%81%BC%E3%81%A3%E3%81%A1%E5%85%9A%E5%93%A1" n2="%E5%B0%B1%E6%B4%BB%E7%94%9F%40%E5%B7%9D%E6%9D%91%E8%BB%8D%E5%9B%A3" n3="%66%65%65%73" dan="16,16,16,16" rate="2090.95,2056.89,2113.57,2131.02" sx="M,F,M,M"/><TAIKYOKU oya="0"/><INIT seed="0,0,0,3,0,11" ten="250,250,250,250" oya="0" hai0="85,104,18,34,77,131,117,60,32,126,1,61,79" hai1="134,36,100,22,64,92,7,68,95,62,50,98,47" hai2="20,46,132,65,49,106,118,13,24,53,56,135,48" hai3="10,110,113,58,35,63,25,44,76,23,133,130,87"/><T19/><D117/><U67/><E134/><V93/><F106/><W51/><G35/><T80/><D126/><U30/><E36/><V57/><F118/><W89/><G113/><T31/><D1/><U17/><E7/><V8/><F93/><W69/><G110/><T124/><D124/><U127/><E127/><V52/><F65/><W78/><G130/><T84/><D104/><U38/><E38/><V16/><REACH who="2" step="1"/><F46/><REACH who="2" ten="250,250,240,250" step="2"/><W72/><G44/><T112/><D80/><U6/><E67/><V75/><F75/><W74/><G72/><T94/><D94/><U96/><E95/><V41/><F41/><W66/><G74/><T59/><D59/><U81/><E92/><V9/><F9/><W2/><G58/><T121/><D121/><U111/><E64/><V86/><F86/><W70/><G69/><T54/><D131/><U21/><E68/><V90/><F90/><W14/><G66/><T39/><D54/><U99/><E100/><V97/><F97/><W37/><G89/><T91/><D91/><U73/><E98/><V123/><F123/><W129/><G87/><T120/><D120/><U27/><E96/><V108/><F108/><W29/><G129/><T122/><D122/><U33/><E111/><V105/><F105/><W45/><G70/><T4/><D85/><U114/><E99/><V42/><F42/><W115/><G45/><T0/><D84/><U82/><E73/><V15/><F15/><W128/><G128/><T55/><D0/><U116/><E116/><V107/><F107/><W28/><G2/><T125/><D125/><U5/><E47/><RYUUKYOKU ba="0,1" sc="250,-10,250,-10,240,30,250,-10" hai2="8,13,16,20,24,48,49,52,53,56,57,132,135" /><INIT seed="1,1,1,3,5,33" ten="240,240,270,240" oya="1" hai0="38,10,112,74,92,42,63,25,104,59,135,75,81" hai1="48,134,43,29,19,56,30,9,54,39,35,44,126" hai2="28,46,109,98,62,85,5,110,108,86,1,87,17" hai3="61,11,113,45,65,68,2,67,107,100,69,120,72"/><U41/><E134/><V101/><F28/><W64/><G113/><T60/><D104/><U24/><E126/><V31/><F31/><W32/><G65/><T14/><D112/><U111/><E111/><V114/><F114/><W26/><G120/><T96/><D135/><U91/><E30/><V97/><F17/><W83/><G45/><T71/><D81/><U132/><E132/><V94/><F62/><N who="3" m="39959" /><G26/><T70/><D25/><U125/><E125/><V131/><F131/><W23/><G23/><T20/><D20/><U117/><E117/><V128/><F128/><W12/><G12/><T82/><D82/><U105/><E105/><V37/><F98/><N who="3" m="61847" /><G32/><T22/><D22/><U50/><E91/><V52/><F37/><W18/><G18/><T73/><D63/><U115/><E115/><V27/><F27/><W89/><G89/><T47/><D60/><U103/><E103/><V90/><F101/><W121/><G121/><T95/><D59/><U57/><E39/><V55/><REACH who="2" step="1"/><F46/><REACH who="2" ten="240,240,260,240" step="2"/><W4/><G83/><T77/><D77/><U58/><E50/><V84/><N who="2" m="22016" /><DORA hai="106" /><V76/><F76/><W15/><G15/><T78/><D78/><U53/><E19/><V99/><F99/><W51/><G51/><T124/><D124/><U6/><E48/><V118/><F118/><W13/><G13/><T80/><D80/><U102/><E44/><V116/><F116/><W119/><G119/><T93/><REACH who="0" step="1"/><D96/><REACH who="0" ten="230,240,260,240" step="2"/><U130/><E130/><V7/><F7/><AGARI ba="1,3" hai="7,10,14,38,42,47,70,71,73,74,75,92,93,95" machi="7" ten="50,12000,2" yaku="1,1,2,1,52,3,53,1" doraHai="33,106" doraHaiUra="129,0" who="0" fromWho="2" sc="230,153,240,0,260,-123,240,0" /><INIT seed="2,0,0,0,2,91" ten="383,240,137,240" oya="2" hai0="92,129,82,69,54,56,9,26,61,133,116,68,90" hai1="52,19,50,53,132,25,36,55,27,125,121,95,45" hai2="110,64,24,33,4,87,21,113,42,118,93,120,103" hai3="96,97,1,122,38,65,47,31,49,58,15,41,10"/><V124/><F118/><W85/><G1/><T111/><D116/><U112/><E112/><V37/><F120/><W134/><G134/><T104/><D104/><U0/><E132/><V30/><F113/><W126/><G126/><T32/><D133/><U119/><E119/><V105/><F124/><W66/><G31/><T77/><D129/><U81/><E125/><V34/><F64/><W62/><G122/><T29/><D9/><U94/><E0/><V101/><F4/><W71/><G85/><T75/><REACH who="0" step="1"/><D111/><REACH who="0" ten="373,240,137,240" step="2"/><U117/><E117/><V73/><F110/><W44/><G66/><T99/><AGARI ba="0,1" hai="26,29,32,54,56,61,68,69,75,77,82,90,92,99" machi="99" ten="20,12000,2" yaku="1,1,2,1,0,1,7,1,52,1,53,1" doraHai="91" doraHaiUra="20" who="0" fromWho="0" sc="373,130,240,-30,137,-60,240,-30" /><INIT seed="3,0,0,3,4,48" ten="503,210,77,210" oya="3" hai0="63,28,21,98,9,128,107,7,105,4,62,108,58" hai1="124,39,45,90,127,86,37,11,67,6,114,43,27" hai2="118,42,64,57,36,85,2,103,135,93,53,77,76" hai3="55,8,75,10,106,13,46,81,3,51,129,119,35"/><W59/><G119/><T94/><D128/><U133/><E133/><V116/><F2/><W125/><G35/><T126/><D126/><N who="1" m="48171" /><E67/><V117/><F135/><W74/><G106/><T134/><D134/><U100/><E100/><V29/><F29/><W47/><G129/><T84/><D108/><U131/><E131/><V78/><F64/><W38/><G47/><T89/><D63/><U73/><E73/><V65/><F65/><W95/><G95/><T20/><D107/><U87/><E39/><V109/><F109/><W41/><G125/><T104/><D104/><U12/><E114/><V115/><F115/><W102/><G102/><T132/><D132/><U60/><E60/><V61/><F42/><W56/><G81/><T19/><D21/><U111/><E111/><V123/><F123/><W79/><G79/><T52/><D28/><U54/><E27/><V50/><F36/><W32/><G32/><T25/><D9/><U70/><E70/><V26/><F26/><W83/><G83/><N who="0" m="49311" /><D105/><U14/><E90/><AGARI ba="0,0" hai="4,7,19,20,25,52,58,62,90,94,98" m="49311" machi="90" ten="30,7700,0" yaku="25,1,8,1,52,1,54,1" doraHai="48" who="0" fromWho="1" sc="503,77,210,-77,77,0,210,0" /><INIT seed="4,0,0,5,2,8" ten="580,133,77,210" oya="0" hai0="49,89,9,127,14,26,106,55,56,34,1,97,32" hai1="123,84,28,44,5,4,114,103,124,61,7,133,6" hai2="2,104,76,54,50,22,113,85,125,119,107,41,21" hai3="59,115,31,117,99,19,70,29,112,68,15,88,37"/><T92/><D127/><U78/><E123/><V135/><F2/><W30/><G37/><T129/><D129/><U72/><E124/><V58/><F125/><W12/><G117/><T96/><D1/><U3/><E133/><V77/><F135/><W102/><G59/><T16/><D26/><U91/><E114/><N who="3" m="43562" /><G88/><T128/><D128/><U130/><E130/><V40/><F113/><W110/><G110/><T48/><D106/><U62/><E103/><V118/><F85/><W10/><G15/><T116/><D116/><U39/><E28/><V81/><F81/><W63/><G63/><T108/><D108/><U60/><E3/><V67/><F67/><W79/><G79/><T46/><D97/><U35/><E35/><V109/><F109/><W51/><G51/><T100/><D89/><U20/><E20/><V131/><F131/><W47/><G47/><T17/><D17/><U82/><N who="1" m="1024" /><DORA hai="74" /><U73/><REACH who="1" step="1"/><E78/><REACH who="1" ten="580,123,77,210" step="2"/><N who="2" m="30315" /><F107/><AGARI ba="0,1" hai="10,12,19,29,30,31,68,70,99,102,107" m="43562" machi="107" ten="30,2000,0" yaku="15,1,52,1" doraHai="8,74" who="3" fromWho="2" sc="580,0,123,0,77,-20,210,30" /><INIT seed="5,0,0,0,5,41" ten="580,123,57,240" oya="1" hai0="28,25,87,80,77,59,73,57,89,42,112,126,49" hai1="50,74,16,22,132,109,76,95,94,21,53,18,71" hai2="19,37,54,130,24,111,97,75,135,101,29,6,38" hai3="118,2,108,39,7,32,13,43,1,119,88,3,45"/><U63/><E132/><V121/><F121/><W81/><G108/><T40/><D112/><U90/><E109/><V55/><F111/><W123/><G32/><T9/><D126/><U66/><E76/><V124/><F75/><W129/><G129/><T15/><D42/><U72/><E22/><V12/><F135/><W99/><G123/><T30/><D30/><U64/><E64/><V20/><F124/><W83/><G13/><T133/><D133/><U35/><E35/><V61/><F130/><W11/><G11/><T116/><D116/><N who="3" m="44585" /><G7/><T69/><D69/><U26/><E18/><V33/><F6/><W134/><G134/><T106/><D106/><U5/><E5/><V65/><F38/><W60/><G60/><T17/><D40/><U113/><E113/><V107/><REACH who="2" step="1"/><F37/><REACH who="2" ten="580,123,47,240" step="2"/><W114/><G114/><T68/><D73/><U8/><E74/><V47/><F47/><W27/><G45/><T23/><D68/><AGARI ba="0,1" hai="12,19,20,24,29,33,54,55,61,65,68,97,101,107" machi="68" ten="30,8000,1" yaku="1,1,7,1,25,2,53,1" doraHai="41" doraHaiUra="93" who="2" fromWho="0" sc="580,-80,123,0,47,90,240,0" /><INIT seed="6,0,0,2,4,69" ten="500,123,137,240" oya="2" hai0="93,120,133,36,26,91,101,30,49,5,85,60,124" hai1="48,122,40,89,44,108,4,41,6,78,74,73,103" hai2="52,27,19,56,35,86,32,82,114,39,117,119,94" hai3="83,68,115,123,63,90,75,13,50,25,53,58,51"/><V125/><F125/><W76/><G123/><T23/><D36/><U131/><E108/><V84/><F114/><W132/><G68/><T121/><D133/><U97/><E122/><V18/><F39/><W113/><G132/><T38/><D38/><U71/><E131/><V9/><F94/><W66/><G66/><T111/><D111/><U112/><E112/><N who="3" m="43082" /><G13/><T127/><D60/><U34/><E34/><V55/><F27/><W45/><G45/><T54/><D101/><U99/><E71/><V31/><F82/><W135/><G135/><T104/><D104/><U110/><E110/><V2/><F9/><W37/><G37/><T81/><D5/><U57/><E40/><V77/><F56/><W126/><G126/><N who="0" m="48171" /><D93/><U116/><E116/><V28/><REACH who="2" step="1"/><F77/><REACH who="2" ten="500,123,127,240" step="2"/><W1/><G25/><T10/><D10/><U46/><E57/><AGARI ba="0,1" hai="23,26,30,49,54,57,81,85,91,120,121" m="48171" machi="57" ten="30,1000,0" yaku="18,1" doraHai="69" who="0" fromWho="1" sc="500,20,123,-10,127,0,240,0" /><INIT seed="7,0,0,3,3,81" ten="520,113,127,240" oya="3" hai0="31,110,88,124,76,39,73,5,1,52,65,107,80" hai1="53,99,0,50,98,130,25,135,43,100,35,36,4" hai2="85,89,33,101,93,94,42,8,51,15,37,95,118" hai3="7,44,91,84,46,28,14,113,122,114,20,112,16"/><W27/><G122/><T104/><D110/><U19/><E135/><V34/><F37/><W128/><G128/><T75/><D75/><U17/><E130/><V106/><F118/><W56/><G56/><T111/><D111/><U38/><E99/><V22/><F34/><W11/><REACH who="3" step="1"/><G7/><REACH who="3" ten="520,113,127,230" step="2"/><T49/><D5/><U82/><E4/><N who="2" m="3463" /><F33/><W121/><G121/><T134/><D134/><U70/><E35/><V24/><F101/><W63/><G63/><T71/><D71/><U120/><E70/><V131/><F131/><W12/><G12/><T54/><D1/><U123/><E0/><V60/><F60/><W62/><G62/><T132/><D132/><U69/><E69/><V45/><F106/><W3/><G3/><T6/><D107/><U30/><E120/><V68/><F68/><W74/><G74/><T2/><D104/><U64/><E123/><V125/><F125/><W9/><G9/><T18/><D124/><U117/><E117/><V126/><F126/><W109/><G109/><T102/><D2/><U77/><E100/><V72/><F72/><W26/><G26/><T87/><D102/><U58/><E25/><V115/><F115/><W103/><G103/><T23/><D6/><U59/><E59/><V55/><F24/><W10/><G10/><T32/><D73/><U96/><E58/><V48/><F22/><W79/><G79/><T13/><D76/><U29/><E77/><V86/><F89/><W92/><AGARI ba="0,1" hai="11,14,16,20,27,28,44,46,84,91,92,112,113,114" machi="92" ten="30,12000,1" yaku="1,1,0,1,15,1,52,1,54,1,53,0" doraHai="81" doraHaiUra="67" who="3" fromWho="3" sc="520,-40,113,-40,127,-40,230,130" /><INIT seed="7,1,0,2,4,6" ten="480,73,87,360" oya="3" hai0="37,15,135,127,40,52,62,1,71,14,80,13,128" hai1="34,59,73,45,82,86,77,21,84,111,130,94,17" hai2="19,96,9,48,91,3,116,22,88,121,90,64,20" hai3="39,2,38,7,60,106,54,11,92,99,63,27,33"/><W114/><G114/><T120/><D120/><U98/><E111/><V115/><F116/><W43/><G106/><T93/><D135/><U30/><E130/><V44/><F115/><W66/><G43/><T25/><D1/><U51/><E59/><V117/><F117/><W83/><G83/><T49/><D128/><U47/><E30/><V131/><F131/><W89/><G54/><T69/><D127/><U16/><E34/><V61/><F96/><W78/><G78/><T125/><D125/><U134/><E134/><V26/><F22/><W31/><REACH who="3" step="1"/><G63/><REACH who="3" ten="480,73,87,350" step="2"/><T50/><D62/><U67/><E67/><V65/><F61/><W129/><G129/><T57/><D80/><U18/><E47/><V24/><F65/><W4/><G4/><T123/><D123/><U10/><E10/><V108/><F64/><W87/><G87/><T42/><D71/><AGARI ba="1,1" hai="2,7,11,27,31,33,38,39,60,66,71,89,92,99" machi="71" ten="30,11600,0" yaku="1,1,7,1,52,1,53,1" doraHai="6" doraHaiUra="23" who="3" fromWho="0" sc="480,-119,73,0,87,0,350,129" owari="361,16.0,73,-43.0,87,-31.0,479,58.0" /></mjloggm>