<mjloggm ver="2.3"><GO type="169" lobby="0"/><UN n0="%E2%80%BB%34%33%33%E2%80%BB" n1="%E3%81%AC%E3%81%8F%E3%82%82%E3%82%8A" n2="%E5%B0%B1%E6%B4%BB%E7%94%9F%40%E5%B7%9D%E6%9D%91%E8%BB%8D%E5%9B%A3" n3="%E3%83%88%E3%83%88%E3%83%AA%E5%85%88%E7%94%9F%31%39%E6%AD%B3" dan="16,16,17,18" rate="2113.86,2165.07,2144.62,2201.51" sx="M,M,M,F"/><TAIKYOKU oya="0"/><INIT seed="0,0,0,3,1,109" ten="250,250,250,250" oya="0" hai0="82,86,134,2,91,89,77,0,12,85,100,112,111" hai1="15,19,23,87,57,32,8,105,117,132,52,92,29" hai2="75,34,30,127,88,24,14,68,49,16,53,44,28" hai3="95,72,51,119,65,124,36,13,20,1,6,90,84"/><T63/><D111/><U38/><E117/><V133/><F75/><W41/><G119/><T40/><D134/><U96/><E132/><V5/><F133/><W129/><G72/><T130/><D130/><U3/><E38/><V135/><F135/><W64/><G36/><T128/><D128/><U61/><E105/><V114/><F68/><W126/><G1/><T56/><D40/><U25/><E87/><V120/><F127/><W71/><G129/><T67/><D100/><U79/><E79/><V33/><F120/><W59/><G71/><T70/><D70/><U94/><REACH who="1" step="1"/><E96/><REACH who="1" ten="250,240,250,250" step="2"/><V17/><F114/><W131/><G131/><T118/><D77/><U78/><E78/><V121/><F121/><W101/><G84/><T11/><D118/><U104/><E104/><V102/><F102/><W43/><G101/><T122/><D122/><U18/><E18/><V7/><F17/><W125/><G125/><T54/><D112/><U123/><E123/><V76/><F76/><W97/><G126/><T80/><D67/><U66/><E66/><V110/><F110/><W48/><G65/><T99/><D99/><U98/><E98/><V107/><F107/><W113/><G113/><T45/><D45/><U50/><E50/><V60/><F88/><W31/><G124/><T55/><D55/><U4/><AGARI ba="0,1" hai="3,4,8,15,19,23,25,29,32,52,57,61,92,94" machi="4" ten="30,8000,1" yaku="1,1,0,1,24,2,54,1,53,0" doraHai="109" doraHaiUra="108" who="1" fromWho="1" sc="250,-40,240,90,250,-20,250,-20" /><INIT seed="1,0,0,3,3,61" ten="210,330,230,230" oya="1" hai0="11,63,48,54,38,106,16,132,46,79,98,78,35" hai1="89,12,134,73,90,85,84,67,6,42,7,32,69" hai2="29,57,47,94,68,88,121,114,13,101,81,120,41" hai3="59,5,75,74,124,129,80,21,14,122,60,45,2"/><U133/><E73/><V72/><F68/><W9/><G122/><T0/><D35/><U44/><E32/><V65/><F114/><W20/><G129/><T50/><D132/><N who="1" m="50795" /><E12/><V3/><F3/><W115/><G115/><T15/><D0/><U53/><E53/><V77/><F101/><W112/><G124/><T62/><D38/><N who="1" m="21591" /><E85/><V24/><F13/><W91/><G112/><T25/><D25/><U102/><E102/><V83/><F83/><W96/><G45/><N who="0" m="27919" /><D106/><U18/><E18/><V37/><F24/><W99/><G2/><T58/><D98/><N who="3" m="37417" /><G75/><T135/><D135/><U130/><E130/><V36/><F29/><W107/><G74/><T43/><D62/><N who="1" m="40183" /><E90/><V116/><F36/><W117/><G107/><T31/><D31/><U110/><E110/><V64/><F116/><W28/><G117/><T30/><D30/><U23/><E23/><V39/><F39/><W87/><G28/><T34/><D34/><U56/><E56/><V125/><F57/><W119/><G119/><T22/><D22/><U4/><E7/><V113/><F113/><W100/><G100/><T103/><D103/><U27/><E27/><V126/><F120/><W93/><G21/><T108/><D108/><U105/><E105/><V95/><F121/><W40/><G20/><T49/><D49/><U123/><E123/><V131/><F131/><W104/><G104/><T92/><D92/><AGARI ba="0,0" hai="4,6,84,89,92" m="40183,21591,50795" machi="92" ten="30,2900,0" yaku="20,1,52,1" doraHai="61" who="1" fromWho="0" sc="210,-29,330,29,230,0,230,0" /><INIT seed="1,1,0,1,0,39" ten="181,359,230,230" oya="1" hai0="19,0,126,86,21,119,42,71,4,94,116,81,17" hai1="125,120,13,5,35,87,85,106,78,72,98,63,107" hai2="130,97,123,41,131,47,59,128,32,1,40,51,36" hai3="50,88,69,52,18,112,57,2,77,127,105,102,20"/><U76/><E35/><V44/><F32/><W22/><G112/><T61/><D126/><U45/><E120/><V82/><F1/><W80/><G69/><T65/><D94/><U9/><E125/><V34/><F34/><W73/><G127/><T7/><D19/><U104/><E98/><V53/><F97/><W83/><G2/><T49/><D0/><U96/><E96/><V25/><F25/><W30/><G102/><T90/><D4/><U115/><E115/><V14/><F14/><W100/><G100/><T133/><D7/><U62/><E72/><V99/><F99/><W29/><G105/><T31/><D31/><U56/><E45/><N who="2" m="23687" /><F82/><W27/><REACH who="3" step="1"/><G20/><REACH who="3" ten="181,359,230,220" step="2"/><T33/><D33/><U124/><E124/><V113/><F113/><W111/><G111/><T43/><D133/><U93/><E104/><V15/><F123/><W132/><G132/><T37/><D119/><U46/><E106/><V67/><F15/><W10/><G10/><T16/><D116/><U6/><E13/><V54/><F47/><W64/><G64/><T26/><D37/><U79/><E46/><V109/><F109/><W118/><G118/><T70/><D70/><U28/><E107/><V68/><F68/><W95/><G95/><T134/><D134/><U11/><E93/><V8/><F8/><W12/><G12/><T92/><D92/><U129/><E11/><V89/><F89/><W55/><G55/><T117/><D117/><U60/><E9/><V84/><F84/><AGARI ba="1,1" hai="18,22,27,29,30,50,52,57,73,77,80,83,84,88" machi="84" ten="40,8000,1" yaku="1,1,54,2,53,1" doraHai="39" doraHaiUra="48" who="3" fromWho="2" sc="181,0,359,0,230,-83,220,93" /><INIT seed="2,0,0,3,2,107" ten="181,359,147,313" oya="2" hai0="111,21,120,45,92,6,100,51,103,34,62,116,133" hai1="101,130,26,98,15,74,35,65,19,83,91,14,69" hai2="36,88,81,41,12,82,64,105,54,79,102,16,1" hai3="27,40,55,46,109,93,131,2,135,61,33,20,39"/><V7/><F64/><W112/><G2/><T31/><D34/><U95/><E130/><V85/><F1/><W42/><G33/><T18/><D116/><U114/><E114/><V25/><F7/><W106/><G106/><T72/><D120/><U115/><E115/><V32/><F54/><W104/><G104/><T49/><D133/><U86/><E69/><V4/><F4/><W10/><G112/><T128/><D128/><U13/><E65/><V11/><F105/><W28/><G135/><T17/><D72/><U3/><E3/><V129/><F129/><W77/><G109/><T78/><D6/><U43/><E74/><V94/><F102/><W108/><G108/><T60/><D78/><U67/><E67/><V110/><F110/><W50/><G10/><T124/><D111/><U71/><E71/><V121/><F121/><W99/><G131/><T89/><D124/><U118/><E118/><V122/><F122/><W30/><G77/><T97/><D31/><U84/><E43/><V48/><F36/><W75/><G75/><T113/><D113/><U23/><E35/><V22/><F32/><W56/><G30/><T70/><D70/><U63/><E63/><N who="0" m="24105" /><D51/><U37/><E37/><V59/><F79/><W9/><G9/><T58/><D58/><U66/><E66/><V53/><REACH who="2" step="1"/><F41/><REACH who="2" ten="181,359,137,313" step="2"/><N who="3" m="24911" /><G39/><T125/><D125/><U80/><E101/><AGARI ba="0,1" hai="20,27,28,40,42,55,56,61,93,99,101" m="24911" machi="101" ten="30,1000,0" yaku="8,1" doraHai="107" who="3" fromWho="1" sc="181,0,359,-10,137,0,313,20" /><INIT seed="3,0,0,1,0,43" ten="181,349,137,333" oya="3" hai0="87,14,118,104,127,6,25,68,67,82,65,17,71" hai1="38,121,35,112,44,37,18,84,95,90,30,21,57" hai2="63,42,88,135,103,130,27,10,55,99,76,75,111" hai3="114,5,117,129,110,74,51,2,97,61,116,122,125"/><W96/><G61/><T124/><D118/><N who="3" m="45673" /><G51/><T33/><D104/><U131/><E121/><V34/><F111/><W1/><G5/><T108/><D108/><U126/><E112/><V47/><F130/><W58/><G110/><T54/><D6/><U60/><E131/><V123/><F135/><W12/><G129/><T85/><D33/><U8/><E126/><N who="0" m="48169" /><D25/><U28/><E8/><V107/><F123/><W59/><G125/><T101/><D101/><U119/><E119/><V56/><F10/><W16/><G122/><T92/><D92/><U102/><E102/><V53/><F53/><W9/><G9/><N who="0" m="6351" /><D87/><U80/><E35/><V3/><F3/><N who="3" m="1035" /><G12/><T39/><D39/><U11/><E37/><V7/><F7/><W79/><G16/><T13/><D13/><U41/><E11/><V134/><F134/><W93/><G93/><T115/><D115/><U31/><E95/><V72/><F76/><W64/><G114/><T40/><D40/><U23/><REACH who="1" step="1"/><E18/><REACH who="1" ten="181,339,137,333" step="2"/><V26/><F34/><W81/><G97/><T73/><D82/><U120/><E120/><V91/><F75/><W106/><G96/><T15/><D73/><U49/><E49/><V70/><F72/><W48/><G48/><T94/><D85/><U46/><E46/><V86/><F86/><W83/><G83/><T19/><D19/><U89/><E89/><V24/><REACH who="2" step="1"/><F70/><REACH who="2" ten="181,339,127,333" step="2"/><W29/><G74/><T36/><D71/><U109/><E109/><V66/><F66/><AGARI ba="0,2" hai="21,23,28,30,31,38,41,44,57,60,66,80,84,90" machi="66" ten="40,2600,0" yaku="1,1,52,1,53,0" doraHai="43" doraHaiUra="98" who="1" fromWho="2" sc="181,0,339,46,127,-26,333,0" /><INIT seed="4,0,0,3,3,114" ten="181,385,101,333" oya="0" hai0="35,132,87,109,51,92,32,95,55,120,105,123,48" hai1="100,102,21,71,75,126,77,116,94,19,89,65,130" hai2="52,72,83,64,30,96,81,127,15,63,24,28,0" hai3="119,1,53,135,23,2,45,39,107,110,5,37,104"/><T111/><D105/><U57/><E71/><V26/><F0/><W50/><G110/><T131/><D87/><U121/><E121/><V59/><F127/><W3/><G135/><T47/><D55/><U41/><E126/><V67/><F96/><W82/><G5/><T31/><D47/><U115/><E115/><V134/><F134/><W108/><G108/><T133/><REACH who="0" step="1"/><D31/><REACH who="0" ten="171,385,101,333" step="2"/><U34/><E75/><V118/><F72/><W84/><G104/><T128/><AGARI ba="0,1" hai="32,35,48,51,92,95,109,111,120,123,128,131,132,133" machi="128" ten="25,12000,1" yaku="1,1,2,1,0,1,22,2,53,0" doraHai="114" doraHaiUra="14" who="0" fromWho="0" sc="171,130,385,-40,101,-40,333,-40" /><INIT seed="4,1,0,2,4,112" ten="301,345,61,293" oya="0" hai0="57,85,131,23,70,16,61,32,126,93,83,1,48" hai1="11,81,25,117,21,58,69,125,53,50,92,118,10" hai2="17,68,82,127,33,3,99,24,80,18,9,71,119" hai3="94,78,87,103,96,130,74,115,91,51,40,84,114"/><T129/><D32/><U90/><E69/><V22/><F127/><W89/><G40/><T64/><D1/><U101/><E125/><V66/><F33/><W19/><G51/><T128/><D126/><U121/><E121/><V133/><F133/><W38/><G38/><T34/><D34/><U123/><E123/><V14/><F3/><W111/><G19/><T56/><D93/><U39/><E39/><V4/><F4/><W0/><G0/><T109/><D48/><U95/><E81/><V102/><F68/><W55/><G55/><T135/><D109/><U45/><E101/><V79/><F71/><W31/><G31/><T26/><D135/><U8/><E45/><V63/><F63/><W27/><G27/><T15/><D26/><U104/><E104/><V67/><F119/><W35/><G35/><T62/><D62/><U107/><E107/><V37/><F37/><W73/><G111/><T13/><D13/><U77/><E77/><AGARI ba="1,0" hai="15,16,23,56,57,61,64,70,77,83,85,128,129,131" machi="77" ten="40,3900,0" yaku="19,1,54,1" doraHai="112" who="0" fromWho="1" sc="301,42,345,-42,61,0,293,0" /><INIT seed="4,2,0,5,1,121" ten="343,303,61,293" oya="0" hai0="58,44,108,41,37,83,56,90,63,85,33,134,13" hai1="3,52,130,86,28,132,53,27,105,79,7,97,66" hai2="9,98,125,65,124,17,39,42,106,126,23,30,133" hai3="38,51,68,67,16,129,109,122,78,127,34,5,117"/><T43/><D134/><U54/><E132/><V0/><F133/><W82/><G117/><T48/><D33/><U22/><E130/><V46/><F65/><W81/><G38/><T21/><D58/><U94/><E66/><V92/><F106/><W115/><G34/><T93/><D37/><U59/><E105/><V6/><F30/><W24/><G5/><T99/><D108/><U20/><E3/><V110/><F110/><W87/><G109/><T62/><D41/><U128/><E128/><V35/><F35/><W75/><G129/><T74/><D74/><U84/><E7/><V135/><F135/><W10/><G115/><T103/><D56/><U116/><E116/><V113/><F113/><W80/><G127/><T11/><D21/><U101/><E79/><V95/><REACH who="2" step="1"/><F98/><REACH who="2" ten="343,303,51,293" step="2"/><W14/><G67/><T118/><D118/><U12/><REACH who="1" step="1"/><E59/><REACH who="1" ten="343,293,51,293" step="2"/><V89/><F89/><W112/><G112/><T50/><D90/><U32/><E32/><V91/><F91/><W77/><G77/><T29/><D103/><U1/><E1/><V70/><F70/><W114/><G68/><T18/><D44/><U131/><E131/><V49/><F49/><W36/><G114/><T2/><D50/><U64/><E64/><V57/><F57/><W71/><G71/><T55/><D48/><U15/><E15/><AGARI ba="2,2" hai="0,6,9,15,17,23,39,42,46,92,95,124,125,126" machi="15" ten="40,2600,0" yaku="1,1,18,1,53,0" doraHai="121" doraHaiUra="31" who="2" fromWho="1" sc="343,0,293,-32,51,52,293,0" /><INIT seed="5,0,0,1,3,63" ten="343,261,103,293" oya="1" hai0="48,75,52,10,59,6,106,86,126,27,37,98,117" hai1="99,17,21,111,76,14,88,24,31,45,94,38,87" hai2="57,35,51,90,50,92,110,12,54,49,74,22,114" hai3="7,65,23,70,42,83,133,46,25,81,108,80,78"/><U36/><E111/><V15/><F74/><W109/><G133/><T119/><D75/><U58/><E45/><V132/><F35/><W93/><G78/><T130/><D37/><U2/><E2/><V124/><F110/><W77/><G77/><T122/><D122/><U60/><E76/><V118/><F118/><W96/><G7/><T95/><D106/><U16/><E87/><V116/><F116/><W135/><G135/><T79/><D130/><U71/><E71/><V68/><F132/><W43/><G43/><T55/><D126/><U47/><E47/><V28/><F124/><W125/><G125/><T134/><D134/><U67/><E17/><V13/><F68/><W128/><G128/><T1/><D27/><U5/><E5/><V39/><F39/><W29/><G46/><T30/><D30/><U120/><E120/><V89/><F114/><W72/><G42/><T26/><D26/><U129/><E129/><V0/><F0/><W41/><G41/><T105/><D105/><U66/><E67/><V40/><F40/><W73/><G73/><T33/><D33/><AGARI ba="0,0" hai="14,16,21,24,31,33,36,38,58,60,66,88,94,99" machi="33" ten="30,11600,0" yaku="7,1,52,1,54,2" doraHai="63" who="1" fromWho="0" sc="343,-116,261,116,103,0,293,0" /><INIT seed="5,1,0,5,4,108" ten="227,377,103,293" oya="1" hai0="58,94,100,48,51,1,26,50,126,106,62,3,124" hai1="84,134,37,123,8,64,117,120,5,56,63,22,23" hai2="69,7,132,102,52,43,105,71,49,27,101,125,57" hai3="19,38,128,91,29,83,109,133,68,28,12,87,34"/><U95/><E117/><V116/><F116/><W66/><G109/><T21/><D106/><U89/><E37/><V93/><F105/><W107/><G38/><T115/><D115/><U73/><E73/><V76/><F132/><W60/><G133/><T15/><D15/><U92/><E134/><V114/><F125/><N who="0" m="48234" /><D94/><U129/><E129/><V61/><F76/><W77/><G128/><T32/><D100/><U16/><E92/><V54/><F7/><W17/><G107/><T118/><D32/><U39/><E39/><V70/><F43/><W81/><G34/><T41/><D118/><U86/><E86/><V6/><F6/><W40/><G40/><T131/><D41/><U25/><REACH who="1" step="1"/><E23/><REACH who="1" ten="227,367,103,293" step="2"/><V4/><F93/><W65/><G87/><T44/><D131/><U30/><E30/><V121/><F121/><W45/><G29/><N who="0" m="17615" /><D44/><U24/><E24/><V53/><F27/><W78/><G45/><T59/><D59/><U130/><E130/><V98/><F98/><W14/><G28/><T75/><D75/><U36/><E36/><V11/><F114/><W112/><G112/><T99/><D99/><U80/><E80/><V2/><REACH who="2" step="1"/><F49/><REACH who="2" ten="227,367,93,293" step="2"/><W74/><G83/><T33/><D33/><U46/><E46/><V0/><F0/><AGARI ba="1,2" hai="0,5,8,16,22,25,56,63,64,84,89,95,120,123" machi="0" ten="30,11600,0" yaku="1,1,7,1,54,1,53,1" doraHai="108" doraHaiUra="85" who="1" fromWho="2" sc="227,0,367,139,93,-119,293,0" owari="227,-17.0,506,61.0,-26,-53.0,293,9.0" /></mjloggm>