<mjloggm ver="2.3"><GO type="169" lobby="0"/><UN n0="%E3%81%BD%E3%81%BF%E3%82%85" n1="%50%69%73%68%6F" n2="%E3%83%AD%E3%83%83%E3%83%86%E9%9B%80%E7%90%83" n3="%E5%B0%B1%E6%B4%BB%E7%94%9F%40%E5%B7%9D%E6%9D%91%E8%BB%8D%E5%9B%A3" dan="16,16,18,17" rate="2042.47,2016.49,2200.19,2188.08" sx="F,M,M,M"/><TAIKYOKU oya="0"/><INIT seed="0,0,0,1,2,33" ten="250,250,250,250" oya="0" hai0="64,11,72,48,78,39,15,46,0,128,35,117,132" hai1="96,133,44,26,52,55,120,61,73,111,129,91,121" hai2="108,106,27,8,99,104,36,2,107,93,5,102,53" hai3="122,65,98,63,88,29,87,62,110,118,66,43,49"/><T6/><D117/><U19/><E73/><V85/><F108/><W14/><G118/><T20/><D132/><U60/><E111/><V134/><F134/><W105/><G110/><T41/><D128/><U34/><E133/><V90/><F36/><W38/><G38/><T31/><D64/><U92/><E129/><V84/><F53/><W82/><G29/><T21/><D15/><U40/><E120/><V81/><REACH who="2" step="1"/><F27/><REACH who="2" ten="250,250,240,250" step="2"/><W75/><G122/><T115/><D115/><U45/><E55/><V51/><F51/><W79/><G49/><T125/><D48/><U124/><E121/><V95/><F95/><W28/><G43/><T58/><D125/><U50/><E40/><V116/><F116/><W59/><G105/><T103/><D58/><U25/><E124/><V57/><F57/><W24/><G66/><T131/><D131/><U67/><E26/><V37/><F37/><W56/><G56/><T77/><D39/><U76/><E25/><V109/><F109/><W80/><G63/><T94/><D41/><U83/><E61/><V89/><AGARI ba="0,1" hai="2,5,8,81,84,85,89,90,93,99,102,104,106,107" machi="89" ten="20,8000,1" yaku="1,1,0,1,7,1,52,1,53,1" doraHai="33" doraHaiUra="1" who="2" fromWho="2" sc="250,-40,250,-20,240,90,250,-20" /><INIT seed="1,0,0,2,5,5" ten="210,230,330,230" oya="1" hai0="125,102,41,112,69,82,99,62,21,37,29,52,15" hai1="80,104,60,79,76,129,47,6,75,122,72,108,28" hai2="128,116,111,66,133,24,26,1,83,61,132,84,59" hai3="58,49,22,11,88,48,134,9,70,94,101,65,103"/><U78/><E122/><V50/><F111/><W110/><G110/><T113/><D125/><U32/><E108/><V38/><F38/><W89/><G70/><T20/><D37/><U120/><E120/><V123/><F123/><W18/><G134/><N who="2" m="51817" /><F128/><W4/><G4/><T10/><D41/><U39/><E104/><V95/><F1/><W44/><G65/><T126/><D126/><U87/><E129/><V14/><F95/><W0/><G0/><T115/><D82/><U31/><E6/><V109/><F109/><W64/><G64/><T135/><D135/><U34/><E60/><V33/><F33/><W25/><G58/><T77/><D77/><U40/><E34/><V23/><F50/><N who="3" m="19563" /><G89/><T98/><D69/><U67/><E67/><V121/><F116/><W107/><G107/><T97/><D102/><N who="3" m="38921" /><G44/><T85/><D115/><U55/><E55/><V74/><F74/><W81/><G81/><T51/><D113/><U117/><E117/><V17/><F121/><W119/><G119/><T90/><D112/><U19/><E32/><V96/><F96/><AGARI ba="0,0" hai="9,11,18,22,25,88,94,96" m="38921,19563" machi="96" ten="30,7700,0" yaku="8,1,52,2,54,1" doraHai="5" who="3" fromWho="2" sc="210,0,230,0,330,-77,230,77" /><INIT seed="2,0,0,5,5,120" ten="210,230,253,307" oya="2" hai0="106,125,19,126,87,67,76,116,7,37,29,89,115" hai1="66,118,43,128,109,45,68,6,60,97,33,84,104" hai2="53,44,134,21,14,52,77,4,64,26,75,55,101" hai3="100,80,42,16,32,11,132,96,58,127,12,108,110"/><V105/><F134/><W79/><G32/><T24/><D115/><U78/><E118/><V74/><F64/><W15/><G132/><T121/><D121/><U103/><E128/><V90/><F44/><W0/><G0/><T82/><D106/><U124/><E124/><N who="0" m="47721" /><D37/><U133/><E133/><V122/><F122/><W111/><G127/><T17/><D116/><U112/><E112/><V2/><F2/><W5/><G42/><T86/><D67/><U85/><E6/><V30/><F90/><W63/><G63/><T57/><D57/><U56/><E56/><V73/><F77/><W88/><G58/><T35/><D7/><U130/><E130/><V113/><F113/><W81/><G79/><T22/><D35/><U123/><E123/><V102/><REACH who="2" step="1"/><F105/><REACH who="2" ten="210,230,243,307" step="2"/><N who="3" m="63623" /><G88/><T107/><D107/><U20/><E104/><V95/><F95/><AGARI ba="0,1" hai="17,19,22,24,29,76,82,86,87,89,95" m="47721" machi="95" ten="30,1000,0" yaku="18,1" doraHai="120" who="0" fromWho="2" sc="210,20,230,0,243,-10,307,0" /><INIT seed="3,0,0,0,0,7" ten="230,230,233,307" oya="3" hai0="3,94,28,15,52,1,69,79,0,26,97,115,116" hai1="16,64,106,96,59,127,90,33,8,44,91,110,86" hai2="31,22,88,35,40,78,32,93,20,4,9,129,74" hai3="39,130,85,99,104,87,34,30,60,67,113,81,135"/><W121/><G113/><T68/><D116/><U36/><E33/><V134/><F134/><W114/><G130/><T122/><D122/><U76/><E110/><V123/><F129/><W82/><G39/><T102/><D115/><U98/><E127/><V45/><F123/><W2/><G2/><T62/><D79/><U80/><E106/><V19/><F31/><W120/><G135/><T38/><D38/><U5/><E36/><V111/><F111/><W27/><G114/><T84/><D84/><U50/><E64/><V51/><F78/><W101/><G85/><T118/><D118/><U21/><E59/><V72/><F72/><W47/><G47/><T70/><D15/><N who="1" m="5519" /><E91/><V41/><F41/><W131/><G82/><T73/><D73/><U48/><E76/><V23/><F19/><W53/><G53/><T95/><D95/><U65/><E65/><V11/><F74/><W126/><G126/><T108/><D108/><U49/><E44/><V119/><F119/><W56/><G131/><T128/><D128/><U71/><E71/><V89/><F89/><AGARI ba="0,0" hai="27,30,34,56,60,67,81,87,89,99,101,104,120,121" machi="89" ten="30,1500,0" yaku="7,1" doraHai="7" who="3" fromWho="2" sc="230,0,230,0,233,-15,307,15" /><INIT seed="3,1,0,4,0,29" ten="230,230,218,322" oya="3" hai0="40,2,24,34,104,17,49,51,134,127,115,38,65" hai1="66,121,57,42,77,80,64,118,4,9,22,53,5" hai2="81,101,19,135,15,89,14,61,8,76,97,6,124" hai3="44,70,54,112,62,56,100,90,21,16,94,7,50"/><W91/><G70/><T37/><D104/><U131/><E121/><V27/><F135/><W35/><G35/><T82/><D2/><U48/><E131/><V52/><F124/><W28/><G28/><T117/><D117/><U110/><E110/><V87/><F27/><W98/><G7/><T30/><D127/><U123/><E123/><V45/><F76/><W63/><G63/><T73/><D134/><U0/><E5/><V108/><F108/><W88/><G112/><T59/><D115/><U119/><E42/><V106/><F61/><W95/><G95/><T69/><D69/><U18/><E118/><V93/><F106/><W109/><G109/><T99/><D99/><U86/><REACH who="1" step="1"/><E119/><REACH who="1" ten="230,220,218,322" step="2"/><V32/><F32/><W20/><REACH who="3" step="1"/><G16/><REACH who="3" ten="230,220,218,312" step="2"/><T75/><D17/><U43/><E43/><AGARI ba="1,2" hai="20,21,43,44,50,54,56,62,88,90,91,94,98,100" machi="43" ten="40,12000,1" yaku="1,1,2,1,8,1,54,1,53,0" doraHai="29" doraHaiUra="133" who="3" fromWho="1" sc="230,0,220,-123,218,0,312,143" /><INIT seed="3,2,0,2,4,35" ten="230,97,218,455" oya="3" hai0="13,82,17,94,126,14,132,128,92,20,127,58,49" hai1="101,46,72,32,3,10,11,81,43,107,90,26,130" hai2="114,102,78,16,56,24,73,22,85,84,103,47,110" hai3="125,87,57,1,25,117,121,119,61,83,95,120,66"/><W133/><G125/><N who="0" m="47627" /><D132/><U129/><E107/><V68/><F68/><W44/><G133/><T40/><D128/><N who="1" m="49259" /><E101/><V89/><F114/><W28/><G95/><N who="0" m="36395" /><D82/><U99/><E99/><V86/><F110/><W41/><G1/><T33/><D33/><U112/><E112/><V91/><F73/><W29/><G120/><T134/><D134/><U51/><E3/><V53/><F47/><W124/><G124/><T80/><D80/><U115/><E115/><V2/><F2/><W4/><G4/><T36/><D36/><U39/><E39/><V64/><F64/><W75/><G75/><T59/><D14/><U123/><E123/><V5/><F5/><W30/><G121/><T37/><D37/><U77/><E90/><N who="2" m="34315" /><F78/><W34/><G119/><T45/><AGARI ba="2,0" hai="13,17,20,40,45,49,58,59" m="36395,47627" machi="45" ten="30,1100,0" yaku="18,1" doraHai="35" who="0" fromWho="0" sc="230,17,97,-5,218,-5,455,-7" /><INIT seed="4,0,0,1,1,4" ten="247,92,213,448" oya="0" hai0="12,58,96,100,42,11,80,82,30,102,16,124,90" hai1="67,57,41,45,109,89,79,98,20,63,22,91,126" hai2="35,14,127,51,59,43,133,18,111,50,54,65,125" hai3="129,32,37,39,130,99,134,131,44,116,2,21,40"/><T75/><D124/><N who="2" m="47690" /><F35/><W83/><G32/><T107/><D100/><U36/><E109/><V120/><F120/><W128/><G134/><T93/><D75/><U10/><E79/><V123/><F123/><W60/><G116/><T55/><D42/><U6/><E126/><V101/><F111/><W23/><G128/><T117/><D30/><U66/><E66/><V46/><F101/><W77/><G2/><T121/><D117/><U7/><E7/><V19/><F133/><W135/><G135/><T104/><D121/><U31/><E98/><V113/><F113/><W95/><G60/><T29/><D29/><U74/><E74/><V5/><F65/><W106/><G39/><T122/><D122/><U114/><E114/><V87/><F87/><N who="3" m="48623" /><G106/><T0/><D0/><U26/><REACH who="1" step="1"/><E22/><REACH who="1" ten="247,82,213,448" step="2"/><V132/><F132/><W105/><G105/><T103/><D107/><U34/><E34/><V15/><F5/><W73/><G73/><T48/><D103/><AGARI ba="0,1" hai="21,23,37,40,44,95,99,103,129,130,131" m="48623" machi="103" ten="30,1000,0" yaku="19,1" doraHai="4" who="3" fromWho="0" sc="247,-10,82,0,213,0,448,20" /><INIT seed="5,0,0,2,4,85" ten="237,82,213,468" oya="1" hai0="12,66,40,8,123,6,106,101,46,107,52,11,82" hai1="50,111,96,17,91,18,24,59,129,15,93,14,42" hai2="120,10,31,122,113,134,48,56,1,99,69,7,13" hai3="58,53,100,27,62,43,19,97,68,29,34,81,119"/><U45/><E129/><V75/><F69/><W109/><G109/><T51/><D123/><U72/><E72/><V84/><F75/><W21/><G119/><T47/><D66/><U77/><E111/><V5/><F134/><W30/><G68/><T92/><D82/><U130/><E77/><V49/><F31/><W86/><G43/><T57/><D47/><U39/><E130/><V54/><F113/><W124/><G124/><T104/><D11/><U83/><E83/><V88/><F99/><W102/><G34/><T63/><REACH who="0" step="1"/><D92/><REACH who="0" ten="227,82,213,468" step="2"/><U35/><E35/><V36/><F122/><W126/><G126/><T26/><D26/><U94/><E93/><V132/><F10/><W9/><G9/><T28/><D28/><U41/><E41/><V135/><F120/><W112/><G30/><T127/><D127/><U25/><E39/><V64/><F36/><W78/><G29/><T71/><D71/><U103/><E59/><V98/><F56/><W116/><G116/><T55/><D55/><U95/><E24/><V121/><F54/><W22/><G112/><T61/><D61/><U128/><E128/><V23/><F121/><W44/><G44/><T76/><D76/><U73/><E73/><V0/><F135/><W108/><G108/><T70/><D70/><U67/><E67/><V90/><F64/><W118/><G118/><T2/><D2/><U114/><E114/><V89/><F0/><W16/><G53/><T79/><D79/><U110/><E110/><V133/><F1/><W4/><G58/><T60/><D60/><U117/><E117/><V32/><F133/><RYUUKYOKU ba="0,1" sc="227,30,82,-10,213,-10,468,-10" hai0="6,8,12,40,46,51,52,57,63,101,104,106,107" /><INIT seed="6,1,1,1,2,74" ten="257,72,203,458" oya="2" hai0="38,71,124,40,93,117,94,120,116,14,6,78,9" hai1="15,106,52,132,105,44,126,13,108,76,80,7,25" hai2="72,2,22,47,30,115,39,46,75,64,79,53,91" hai3="85,45,134,16,110,63,128,11,48,8,83,65,118"/><V23/><F2/><W123/><G110/><T101/><D120/><U69/><E108/><V103/><F103/><W102/><G123/><T96/><D71/><U130/><E69/><V51/><F115/><W90/><G118/><N who="0" m="45675" /><D124/><U122/><E130/><V114/><F114/><W109/><G134/><T112/><D112/><U121/><E122/><V97/><F64/><W62/><G128/><T129/><D129/><U34/><E121/><V66/><F66/><W50/><G102/><T131/><D131/><U31/><E132/><V119/><F119/><W70/><G63/><T92/><D78/><U56/><E126/><V104/><F104/><W10/><G109/><T41/><D38/><U133/><E44/><V77/><F75/><W55/><G50/><T17/><D6/><U125/><E125/><V81/><F77/><W61/><G61/><T27/><D27/><U57/><E57/><V36/><F30/><W28/><G28/><T87/><D87/><U68/><E68/><V1/><F1/><W100/><G100/><T86/><D86/><U127/><E127/><V19/><F47/><W20/><G10/><T58/><D58/><U111/><E111/><V84/><F97/><W3/><G3/><T33/><D33/><U89/><E133/><V37/><REACH who="2" step="1"/><F19/><REACH who="2" ten="257,72,193,458" step="2"/><W99/><G99/><T35/><D35/><U67/><E67/><V24/><F24/><AGARI ba="1,2" hai="8,11,16,20,24,45,48,55,62,65,70,83,85,90" machi="24" ten="30,2000,0" yaku="7,1,54,1" doraHai="74" who="3" fromWho="2" sc="257,0,72,0,193,-23,458,43" /><INIT seed="7,0,0,0,2,89" ten="257,72,170,501" oya="3" hai0="28,4,86,133,111,132,75,25,99,20,106,13,92" hai1="8,45,125,16,40,131,21,50,97,18,67,34,24" hai2="55,71,62,19,51,3,12,76,80,42,90,5,122" hai3="83,95,53,120,93,32,108,104,85,15,102,81,57"/><W33/><G104/><T118/><D75/><U10/><E131/><V1/><F5/><W77/><G120/><T91/><D111/><U110/><E110/><V82/><F122/><W73/><G108/><T68/><D68/><U49/><E125/><V58/><F90/><W129/><G129/><T46/><D118/><U124/><E124/><V66/><F42/><W103/><G32/><T52/><D4/><U107/><E67/><V72/><F82/><N who="3" m="47311" /><G33/><T41/><D13/><U87/><E34/><V0/><F0/><W98/><G73/><T2/><D2/><U96/><E87/><V54/><F54/><W116/><G116/><T128/><D128/><U74/><E74/><V38/><F38/><W36/><G36/><T123/><D123/><U59/><E18/><V101/><F101/><N who="3" m="38411" /><G15/><T9/><D9/><AGARI ba="0,0" hai="1,3,9,12,19,51,55,58,62,66,71,72,76,80" machi="9" ten="30,1000,0" yaku="7,1" doraHai="89" who="2" fromWho="0" sc="257,-10,72,0,170,10,501,0" owari="247,5.0,72,-43.0,180,-22.0,501,60.0" /></mjloggm>