<mjloggm ver="2.3"><GO type="169" lobby="0"/><UN n0="%E9%8C%AF%E4%B9%B1%E3%82%AB%E3%83%AB%E3%83%94%E3%82%B9" n1="%E3%81%AA%E3%81%A3%E3%81%8D%E3%82%8A" n2="%E3%81%9B%E3%81%95%E3%81%BF%E3%82%93%E2%99%AA" n3="%E3%82%A6%E3%83%AB%E3%83%88%E3%83%A9%E7%AB%8B%E7%9B%B4" dan="18,17,17,18" rate="2243.91,2226.55,2151.51,2204.78" sx="F,M,F,M"/><TAIKYOKU oya="0"/><INIT seed="0,0,0,5,4,20" ten="250,250,250,250" oya="0" hai0="93,4,7,17,133,22,58,87,116,79,8,59,60" hai1="62,92,35,23,48,34,135,130,108,5,127,57,124" hai2="114,10,129,15,74,82,68,6,73,78,104,30,84" hai3="38,0,97,1,117,11,111,21,13,32,52,42,66"/><T86/><D116/><U125/><E108/><V14/><F114/><W85/><G66/><T75/><D75/><U29/><E5/><N who="0" m="2121" /><D8/><U91/><E135/><V83/><F129/><W128/><G32/><T88/><D133/><U16/><E48/><V9/><F104/><W105/><G11/><T103/><D103/><U43/><E43/><V107/><F107/><W95/><G38/><T51/><D51/><U2/><E29/><V25/><F68/><W80/><G0/><T19/><D19/><U37/><E37/><V119/><F119/><W55/><G105/><T113/><D113/><U101/><E101/><V120/><F120/><W71/><G71/><T131/><D131/><U99/><E130/><V81/><F73/><W89/><G1/><T98/><D79/><U50/><E50/><V63/><F74/><W41/><G111/><T121/><D58/><U77/><E77/><V24/><F63/><W27/><G128/><T122/><D122/><U46/><E46/><V39/><F39/><W123/><G123/><T33/><D33/><U106/><E2/><V134/><F134/><W12/><G117/><T90/><D90/><U100/><E100/><V94/><F78/><N who="3" m="46231" /><G42/><T18/><D18/><U96/><E96/><V28/><F9/><W53/><G41/><T36/><D36/><U115/><E106/><V45/><F10/><W126/><G126/><T109/><D109/><U67/><E115/><V61/><F6/><W69/><G69/><T64/><D121/><U72/><E72/><V132/><F132/><W26/><G26/><AGARI ba="0,0" hai="17,22,26,59,60,64,86,87,88,93,98" m="2121" machi="26" ten="30,5800,0" yaku="8,1,52,1,54,1" doraHai="20" who="0" fromWho="3" sc="250,58,250,0,250,0,250,-58" /><AGARI ba="0,0" hai="16,23,26,34,35,57,62,67,91,92,99,124,125,127" machi="26" ten="40,5200,0" yaku="18,1,52,1,54,1" doraHai="20" who="1" fromWho="3" sc="308,0,250,52,250,0,192,-52" /><INIT seed="0,1,0,2,1,3" ten="308,302,250,140" oya="0" hai0="27,125,120,50,9,76,31,36,81,60,11,77,55" hai1="21,4,39,13,126,131,37,0,43,118,124,42,72" hai2="17,96,49,23,108,15,57,82,78,93,33,19,38" hai3="7,40,109,22,113,26,114,127,71,103,99,116,41"/><T63/><D120/><U133/><E118/><V104/><F108/><W94/><G116/><T95/><D36/><N who="1" m="13899" /><E72/><V73/><F38/><W8/><G71/><T64/><D125/><N who="1" m="48235" /><E133/><V101/><F33/><W30/><G127/><T52/><D95/><U102/><E102/><V92/><F57/><W2/><REACH who="3" step="1"/><G109/><REACH who="3" ten="308,302,250,130" step="2"/><T56/><D64/><U98/><E131/><V28/><F28/><W47/><G47/><T87/><D31/><U107/><E0/><V24/><REACH who="2" step="1"/><F49/><REACH who="2" ten="308,302,240,130" step="2"/><W5/><G5/><T74/><D50/><U91/><E4/><V12/><F12/><W14/><G14/><T58/><D27/><U1/><E13/><V18/><F18/><W46/><G46/><T117/><D117/><U68/><E1/><V100/><F100/><W66/><G66/><T128/><D128/><U129/><E68/><V44/><F44/><W70/><G70/><T97/><D58/><U34/><E129/><V48/><F48/><W115/><AGARI ba="1,2" hai="2,7,8,22,26,30,40,41,94,99,103,113,114,115" machi="115" ten="30,4000,0" yaku="1,1,0,1,52,1,53,0" doraHai="3" doraHaiUra="86" who="3" fromWho="3" sc="308,-21,302,-11,240,-11,130,63" /><INIT seed="1,0,0,4,3,61" ten="287,291,229,193" oya="1" hai0="63,16,45,113,106,4,27,46,41,77,99,128,70" hai1="28,72,10,95,87,85,39,3,97,125,66,44,107" hai2="104,90,92,96,86,73,93,24,62,58,21,133,124" hai3="56,123,112,81,103,129,105,50,59,132,108,49,94"/><U109/><E72/><V20/><F133/><W101/><G105/><T120/><D113/><U55/><E107/><V119/><F119/><W69/><G69/><T126/><D46/><U84/><E28/><V54/><F124/><W91/><G123/><T19/><D4/><U130/><E125/><V75/><F104/><W31/><G129/><T47/><D47/><U34/><E34/><V26/><F21/><W78/><G108/><T76/><D76/><U6/><E109/><V121/><F121/><W30/><G132/><T74/><D126/><U131/><E66/><V89/><REACH who="2" step="1"/><F26/><REACH who="2" ten="287,291,219,193" step="2"/><W17/><G112/><T8/><D27/><U118/><E118/><V33/><F33/><W11/><G11/><T2/><D120/><U116/><E116/><V67/><F67/><W117/><G117/><T122/><D122/><U83/><E83/><V135/><F135/><W37/><G81/><N who="0" m="45239" /><D106/><U82/><E82/><V65/><F65/><W134/><G134/><T100/><D128/><U5/><E131/><V38/><F38/><W110/><G37/><T36/><D8/><U18/><E130/><V13/><F13/><W51/><G110/><T71/><D2/><U25/><E39/><V12/><F12/><W7/><G94/><T127/><D127/><U22/><E3/><V115/><F115/><W23/><G23/><T79/><D36/><U29/><E10/><V64/><F64/><W0/><G0/><T68/><D68/><U9/><E9/><V102/><F102/><W52/><G103/><T80/><D70/><U53/><E25/><V48/><F48/><W32/><G49/><RYUUKYOKU ba="0,1" sc="287,-10,291,-10,219,30,193,-10" hai2="20,24,54,58,62,73,75,86,89,90,92,93,96" /><INIT seed="2,1,1,5,5,68" ten="277,281,249,183" oya="2" hai0="98,65,102,49,80,54,44,113,111,0,18,93,84" hai1="63,95,129,131,13,90,35,112,3,91,15,52,6" hai2="43,92,78,105,36,26,60,42,127,25,132,124,120" hai3="73,126,88,96,109,103,38,76,4,47,115,55,39"/><V117/><F117/><W10/><G109/><T108/><D113/><U134/><E35/><V79/><F120/><W89/><G126/><N who="2" m="48169" /><F105/><W2/><G115/><T133/><D133/><U62/><E112/><V34/><F60/><W40/><G55/><T74/><D74/><U56/><E134/><V51/><F132/><W114/><G39/><T97/><D0/><U21/><E90/><V9/><F9/><W33/><G33/><T28/><D28/><U5/><E3/><V119/><F119/><W125/><G125/><T99/><D18/><N who="1" m="10447" /><E15/><V61/><F61/><W19/><G19/><T81/><D65/><U16/><E16/><V11/><F11/><W83/><G114/><T71/><D71/><U14/><E14/><V50/><F92/><AGARI ba="1,1" hai="2,4,10,38,40,47,73,76,83,88,89,92,96,103" machi="92" ten="30,8000,1" yaku="7,1,25,2,52,1,54,1" doraHai="68" who="3" fromWho="2" sc="277,0,281,0,249,-83,183,93" /><INIT seed="3,0,0,4,4,65" ten="277,281,166,276" oya="3" hai0="39,42,34,103,45,108,25,116,68,61,78,107,85" hai1="23,19,63,30,53,15,77,84,105,40,98,135,4" hai2="3,75,11,21,134,58,44,122,126,97,120,62,14" hai3="132,52,24,55,70,66,36,49,113,16,12,124,115"/><W20/><G36/><T59/><D59/><N who="1" m="35311" /><E105/><V127/><F75/><W121/><G121/><T83/><D116/><U114/><E114/><V90/><F44/><W10/><G124/><N who="2" m="47657" /><F134/><W110/><G132/><T74/><D85/><U8/><E135/><V31/><F97/><W69/><G110/><T82/><D82/><N who="1" m="47183" /><E30/><V81/><F81/><W0/><G0/><T26/><D108/><U41/><E98/><V5/><F90/><W9/><G9/><T88/><D34/><U91/><E91/><V37/><F37/><W94/><G94/><T101/><D107/><U7/><E7/><V111/><F111/><W28/><G55/><T43/><D74/><U6/><E6/><V117/><F117/><W131/><G131/><T71/><D39/><U50/><E50/><V48/><F48/><W129/><G129/><T51/><D51/><U76/><E76/><V67/><F3/><W29/><G29/><T123/><D78/><U133/><E133/><V46/><F46/><W33/><G33/><T57/><D88/><U100/><E100/><V93/><F93/><W112/><REACH who="3" step="1"/><G66/><REACH who="3" ten="277,281,166,266" step="2"/><T35/><D35/><U130/><E130/><V106/><F106/><W56/><AGARI ba="0,1" hai="10,12,16,20,24,28,49,52,56,69,70,112,113,115" machi="56" ten="30,18000,2" yaku="1,1,2,1,0,1,52,2,54,2,53,0" doraHai="65" doraHaiUra="79" who="3" fromWho="3" sc="277,-60,281,-60,166,-60,266,190" /><INIT seed="3,1,0,1,0,73" ten="217,221,106,456" oya="3" hai0="3,90,131,112,70,32,109,117,21,106,26,49,114" hai1="40,64,55,122,33,47,56,133,98,23,113,124,102" hai2="7,120,36,85,14,16,99,60,77,28,103,34,135" hai3="134,53,86,71,83,128,82,18,63,79,101,30,52"/><W121/><G121/><T88/><D106/><U27/><E33/><V8/><F135/><W42/><G134/><T10/><D117/><U96/><E122/><V38/><F120/><W129/><G30/><N who="0" m="19543" /><D49/><N who="1" m="26855" /><E124/><V20/><F60/><W95/><G42/><T69/><D109/><U29/><E113/><N who="0" m="43625" /><D131/><N who="3" m="50249" /><G18/><T66/><D21/><U132/><E132/><V11/><F11/><W81/><G81/><T105/><D105/><U108/><E108/><V127/><F127/><W6/><G6/><N who="0" m="1375" /><D66/><U0/><E0/><V125/><F125/><W116/><G116/><T93/><D90/><U45/><E133/><V74/><F74/><N who="3" m="43383" /><G95/><T110/><D110/><U39/><E39/><V89/><F28/><W92/><G92/><T57/><D93/><U72/><E72/><V67/><F34/><W115/><G101/><T4/><D4/><U104/><E104/><V123/><F123/><W130/><G115/><T75/><D75/><U58/><E102/><V62/><F89/><N who="3" m="51423" /><G130/><T17/><D17/><U46/><E98/><V54/><F99/><W24/><G24/><T35/><D35/><U68/><E96/><V80/><F103/><W15/><G15/><T50/><D88/><U87/><E87/><V37/><F54/><AGARI ba="1,0" hai="50,54,57,69,70" m="1375,43625,19543" machi="54" ten="30,1000,0" yaku="11,1" doraHai="73" who="0" fromWho="2" sc="217,13,221,0,106,-13,456,0" /><INIT seed="4,0,0,4,5,117" ten="230,221,93,456" oya="0" hai0="42,118,33,112,135,28,2,110,89,65,61,115,127" hai1="99,51,86,105,102,111,123,37,132,130,74,126,109" hai2="97,50,95,124,120,67,52,101,10,14,56,19,125" hai3="78,27,94,21,66,58,57,31,133,107,55,5,43"/><T116/><D89/><U121/><E37/><V90/><F67/><W0/><G107/><T122/><D42/><U80/><E130/><V13/><F13/><W45/><G133/><T77/><D77/><N who="1" m="44087" /><E132/><V59/><F59/><W91/><G78/><T64/><D64/><U24/><E51/><V15/><F15/><W36/><G66/><T96/><D135/><U87/><E126/><V32/><F32/><W129/><G129/><T40/><D127/><N who="2" m="48714" /><F101/><W16/><G55/><T48/><D40/><U53/><E53/><V1/><F1/><W38/><G38/><T128/><D48/><U39/><E24/><V11/><F11/><W104/><G58/><T70/><D128/><U92/><E39/><V73/><F73/><W44/><G57/><T68/><D68/><U9/><E9/><V82/><F82/><W22/><G45/><T103/><D2/><U108/><E105/><V93/><F93/><W106/><G104/><N who="0" m="63591" /><D110/><U62/><E62/><V46/><F46/><W8/><G106/><T131/><D131/><U134/><E134/><V88/><F90/><W114/><G91/><T49/><D49/><U6/><E6/><V113/><F113/><N who="0" m="43594" /><D118/><U7/><E7/><V35/><F35/><W83/><G114/><T119/><D119/><U69/><E69/><V47/><F47/><W25/><G94/><T72/><D72/><U84/><AGARI ba="0,0" hai="84,86,87,92,99,102,108,109,111,121,123" m="44087" machi="84" ten="40,8000,1" yaku="34,2,52,2" doraHai="117" who="1" fromWho="1" sc="230,-40,221,80,93,-20,456,-20" /><INIT seed="5,0,0,3,5,1" ten="190,301,73,436" oya="1" hai0="56,61,131,30,57,127,76,47,9,116,5,27,128" hai1="70,59,58,8,19,88,40,34,106,132,65,21,110" hai2="18,84,33,39,91,96,77,121,129,32,118,16,87" hai3="52,74,78,28,50,31,22,2,108,3,83,62,109"/><U79/><E34/><V23/><F118/><W14/><G62/><T13/><D116/><U117/><E106/><V42/><F129/><N who="0" m="49738" /><D127/><U93/><E117/><V94/><F121/><W111/><G28/><T44/><D76/><U120/><E120/><V86/><F33/><W68/><G14/><T104/><D104/><U51/><E79/><V29/><F32/><W11/><G11/><T17/><D17/><U35/><E35/><V63/><F39/><W71/><G71/><T20/><D56/><U134/><E110/><V133/><F133/><N who="1" m="51305" /><E8/><V85/><F42/><W55/><G68/><T115/><D115/><U41/><E70/><V122/><F122/><W66/><G66/><AGARI ba="0,0" hai="5,9,13,20,27,30,44,47,57,61,66" m="49738" machi="66" ten="30,2000,0" yaku="19,1,52,1" doraHai="1" who="0" fromWho="3" sc="190,20,301,0,73,0,436,-20" /><INIT seed="6,0,0,1,4,108" ten="210,301,73,416" oya="2" hai0="21,117,36,79,123,64,31,99,107,17,2,71,129" hai1="33,122,109,16,7,114,55,73,113,20,126,86,62" hai2="135,43,130,39,14,1,27,3,127,102,84,69,87" hai3="121,81,6,37,120,119,22,49,105,106,96,45,124"/><V50/><F102/><W12/><G49/><T29/><D17/><U48/><E33/><V132/><F39/><W70/><G81/><T131/><D21/><U13/><E109/><V0/><F130/><N who="0" m="49674" /><D123/><U10/><E73/><V18/><F69/><W23/><G106/><T75/><D36/><U56/><E122/><V74/><F27/><W76/><G96/><T72/><D2/><U9/><E126/><V8/><F74/><N who="0" m="28202" /><D79/><U128/><E128/><V30/><F30/><W54/><G70/><T15/><D15/><U11/><E86/><V26/><F26/><W90/><G54/><T52/><D52/><U53/><REACH who="1" step="1"/><E7/><REACH who="1" ten="210,291,73,416" step="2"/><V118/><F118/><W68/><G6/><T58/><D117/><U51/><E51/><V98/><F127/><W60/><G124/><T35/><D35/><U28/><E28/><V67/><F98/><W42/><G119/><T111/><D111/><U80/><E80/><V59/><F43/><W40/><G42/><T93/><D29/><U83/><E83/><V112/><F112/><W91/><G40/><T25/><D31/><U82/><E82/><V88/><F84/><W19/><G121/><T57/><D99/><U24/><E24/><V34/><F34/><W47/><G120/><T46/><D25/><U65/><E65/><V38/><F38/><W103/><G37/><T89/><D64/><U77/><E77/><V78/><F78/><W110/><G76/><T66/><D66/><U97/><E97/><V5/><F5/><W133/><G110/><T94/><D71/><U32/><E32/><V100/><F67/><W63/><G68/><RYUUKYOKU ba="0,1" sc="210,-10,291,30,73,-10,416,-10" hai1="9,10,11,13,16,20,48,53,55,56,62,113,114" /><INIT seed="7,1,1,2,1,50" ten="200,321,63,406" oya="3" hai0="123,25,55,113,124,121,62,3,81,34,104,39,133" hai1="71,73,75,60,114,45,43,15,97,61,23,31,13" hai2="96,41,63,32,0,70,84,1,131,79,28,6,42" hai3="132,65,20,56,87,69,126,112,49,77,105,10,67"/><W27/><G56/><T92/><D104/><U59/><E71/><V40/><F131/><W17/><G49/><T35/><D92/><U99/><E73/><V30/><F6/><W22/><G17/><T98/><D62/><U128/><E75/><V130/><F130/><W8/><G27/><T21/><D25/><U58/><E128/><V72/><F72/><W80/><G22/><T7/><D21/><U38/><E114/><V48/><F32/><W100/><G8/><T88/><D98/><U66/><E31/><V57/><F48/><W111/><G20/><T103/><D88/><U53/><REACH who="1" step="1"/><E13/><REACH who="1" ten="200,311,63,406" step="2"/><V2/><F70/><W109/><G69/><T116/><D103/><U11/><E11/><V85/><F96/><N who="3" m="61575" /><G10/><T122/><D7/><U51/><E51/><V68/><F68/><W46/><G112/><T129/><D81/><U16/><AGARI ba="1,2" hai="15,16,23,38,43,45,53,58,59,60,61,66,97,99" machi="16" ten="30,7900,0" yaku="1,1,0,1,52,1,54,1,53,0" doraHai="50" doraHaiUra="74" who="1" fromWho="1" sc="200,-21,311,102,63,-21,406,-40" owari="179,-22.0,413,51.0,42,-46.0,366,17.0" /></mjloggm>