<mjloggm ver="2.3"><GO type="169" lobby="0"/><UN n0="%E3%81%A9%E3%82%93%E3%82%88%E3%81%8F" n1="%E6%8E%A8%E7%A9%BA%EF%BC%B0" n2="%E5%B0%B1%E6%B4%BB%E7%94%9F%40%E5%B7%9D%E6%9D%91%E8%BB%8D%E5%9B%A3" n3="%E3%81%90%E3%82%8B%E3%81%90%E3%82%8B%E5%8D%98%E9%A8%8E" dan="19,16,18,16" rate="2279.44,2172.90,2238.28,2148.03" sx="M,F,M,M"/><TAIKYOKU oya="0"/><INIT seed="0,0,0,2,3,74" ten="250,250,250,250" oya="0" hai0="37,39,69,110,102,103,22,80,40,111,99,25,91" hai1="15,67,55,33,117,82,134,42,123,31,17,10,57" hai2="38,28,64,46,68,120,89,135,76,77,79,118,104" hai3="32,129,21,16,84,24,105,72,60,93,34,85,78"/><T4/><D69/><U109/><E123/><V122/><F104/><W51/><G105/><T59/><D4/><U126/><E117/><V86/><F118/><W0/><G0/><T98/><D59/><U6/><E134/><V5/><F135/><W8/><G129/><T97/><D40/><U14/><E126/><V63/><F5/><W13/><G72/><T107/><D37/><U75/><E109/><N who="0" m="41481" /><D39/><U36/><E67/><V7/><F7/><W116/><G116/><T19/><D107/><U2/><E31/><V1/><F28/><W92/><G60/><T18/><D18/><U11/><E33/><V121/><F1/><W113/><G32/><T119/><D119/><U90/><E42/><V101/><F101/><N who="0" m="38410" /><D80/><U106/><E36/><V12/><F38/><W114/><G34/><T30/><D30/><U131/><E106/><V94/><F46/><W132/><G51/><T45/><D45/><U108/><E108/><V87/><REACH who="2" step="1"/><F12/><REACH who="2" ten="250,250,240,250" step="2"/><W100/><G132/><T35/><D35/><U41/><E14/><V26/><F26/><W127/><G24/><T58/><D58/><U52/><E57/><V71/><F71/><W115/><G13/><T88/><AGARI ba="0,1" hai="19,22,25,88,91,97,98,99" m="38410,41481" machi="88" ten="40,7800,0" yaku="14,1,10,1,54,1" doraHai="74" who="0" fromWho="0" sc="250,88,250,-26,240,-26,250,-26" /><INIT seed="0,1,0,5,2,34" ten="338,224,214,224" oya="0" hai0="62,97,46,90,93,27,103,114,92,11,56,36,73" hai1="18,126,25,128,66,61,110,106,127,100,29,104,33" hai2="96,8,43,0,74,112,50,89,135,115,88,118,132" hai3="130,122,28,131,3,79,123,21,111,31,108,41,40"/><T75/><D114/><N who="2" m="43562" /><F74/><W116/><G79/><T67/><D11/><U10/><E110/><V57/><F96/><W60/><G60/><T86/><D36/><U24/><E128/><N who="3" m="49194" /><G21/><T38/><REACH who="0" step="1"/><D27/><REACH who="0" ten="328,224,214,224" step="2"/><U30/><E25/><V58/><F8/><W85/><G116/><T55/><D55/><U98/><E29/><V5/><F118/><W19/><G28/><T119/><D119/><U49/><E10/><V76/><F43/><AGARI ba="1,1" hai="38,43,46,56,62,67,73,75,86,90,92,93,97,103" machi="43" ten="40,3900,0" yaku="1,1,53,1" doraHai="34" doraHaiUra="83" who="0" fromWho="2" sc="328,52,224,0,214,-42,224,0" /><INIT seed="0,2,0,4,4,76" ten="380,224,172,224" oya="0" hai0="38,117,5,51,44,95,45,86,109,111,112,84,65" hai1="26,14,120,106,4,42,79,124,50,36,48,107,71" hai2="89,7,104,108,0,115,132,25,37,82,72,88,83" hai3="127,130,43,75,11,30,125,61,1,8,135,69,81"/><T128/><D112/><U98/><E120/><V46/><F115/><W56/><G69/><T52/><D117/><U131/><E71/><V99/><F132/><W49/><G30/><T116/><D116/><U134/><E26/><V105/><F108/><W91/><G135/><T47/><D65/><U60/><E134/><V16/><F72/><W93/><G130/><T129/><D5/><U53/><E60/><V13/><F0/><W114/><G114/><T123/><D123/><U62/><E62/><V35/><F104/><W102/><G102/><T58/><D38/><U113/><E113/><V2/><F2/><W31/><G31/><T110/><D95/><U90/><E79/><V70/><F70/><W15/><G1/><T78/><D78/><U28/><E28/><V27/><F105/><W59/><G75/><T10/><D10/><U73/><E73/><V18/><F46/><N who="3" m="25823" /><G93/><T40/><D40/><U6/><E42/><V63/><F37/><W32/><G32/><T119/><D119/><U92/><E36/><V103/><F103/><W24/><G24/><N who="2" m="9289" /><F35/><W3/><G3/><T122/><D122/><U54/><E124/><N who="3" m="47690" /><G61/><T87/><AGARI ba="2,0" hai="44,45,47,51,52,58,84,86,87,109,110,111,128,129" machi="87" ten="40,18000,2" yaku="0,1,29,2,14,1,10,1,54,1" doraHai="76" who="0" fromWho="0" sc="380,186,224,-62,172,-62,224,-62" /><INIT seed="0,3,0,5,4,81" ten="566,162,110,162" oya="0" hai0="111,122,21,115,91,27,93,17,55,14,22,128,59" hai1="95,110,2,60,131,98,119,73,79,134,80,45,15" hai2="86,33,125,114,71,75,67,39,107,118,77,0,102" hai3="25,89,48,1,56,19,72,100,7,58,76,46,101"/><T94/><D115/><U106/><E2/><V13/><RYUUKYOKU type="yao9" ba="3,0" sc="566,0,162,0,110,0,162,0" hai2="0,13,33,39,67,71,75,77,86,102,107,114,118,125" /><INIT seed="0,4,0,4,1,61" ten="566,162,110,162" oya="0" hai0="75,121,37,35,134,11,71,58,130,82,120,101,1" hai1="53,32,56,20,46,74,69,115,103,8,68,117,25" hai2="5,7,111,77,131,60,88,0,126,135,93,90,59" hai3="24,129,14,86,119,55,72,6,23,48,18,112,102"/><T43/><D58/><U38/><E117/><V65/><F0/><W9/><G72/><T127/><D101/><U78/><E115/><V113/><F113/><W84/><G112/><T31/><D31/><U133/><E133/><V125/><F111/><W29/><G129/><T76/><D35/><U63/><E103/><V109/><F109/><W87/><G119/><T124/><D130/><U108/><E108/><V104/><F104/><W85/><G102/><T89/><D89/><U33/><E8/><V132/><F77/><W34/><N who="3" m="21504" /><DORA hai="12" /><W95/><G95/><T4/><D71/><U123/><E123/><V114/><F114/><W27/><G27/><T100/><D100/><U110/><E110/><V98/><F90/><W57/><REACH who="3" step="1"/><G34/><REACH who="3" ten="566,162,110,152" step="2"/><T15/><D134/><N who="2" m="51242" /><F131/><W16/><AGARI ba="4,1" hai="6,9,14,16,18,23,24,29,48,55,57" m="21504" machi="16" ten="40,12000,2" yaku="1,1,0,1,8,1,52,2,54,1,53,0" doraHai="61,12" doraHaiUra="96,41" who="3" fromWho="3" sc="566,-64,162,-34,110,-34,152,142" /><INIT seed="1,0,0,2,3,16" ten="502,128,76,294" oya="1" hai0="89,10,96,134,39,32,44,70,59,52,64,90,45" hai1="94,61,29,50,99,118,108,55,24,100,31,2,60" hai2="9,56,1,8,123,110,46,26,84,77,67,128,66" hai3="120,83,63,58,18,105,106,126,53,28,20,3,30"/><U88/><E118/><V5/><F123/><W25/><G120/><T71/><D32/><U97/><E2/><V23/><F110/><W79/><G126/><T115/><D115/><U125/><E125/><V76/><F128/><W87/><REACH who="3" step="1"/><G3/><REACH who="3" ten="502,128,76,284" step="2"/><T133/><D133/><U104/><E108/><V6/><F46/><W7/><G7/><T107/><D134/><U124/><E124/><V78/><F56/><W69/><G69/><T12/><D44/><U111/><E111/><V127/><F127/><W37/><G37/><T122/><D122/><U21/><E31/><AGARI ba="0,1" hai="18,20,25,28,30,31,53,58,63,79,83,87,105,106" machi="31" ten="40,5200,0" yaku="1,1,52,1,53,1" doraHai="16" doraHaiUra="73" who="3" fromWho="1" sc="502,0,128,-52,76,0,284,62" /><INIT seed="2,0,0,4,0,60" ten="502,76,76,346" oya="2" hai0="75,84,129,33,96,20,7,118,19,131,42,55,121" hai1="94,117,111,27,88,23,124,78,58,103,65,85,120" hai2="76,81,0,25,16,1,22,113,68,77,12,9,132" hai3="52,67,112,82,102,54,57,35,126,14,44,115,105"/><V50/><F113/><N who="3" m="43595" /><G35/><T6/><D75/><U127/><E117/><V29/><F132/><W28/><G126/><N who="1" m="48170" /><E111/><V79/><F68/><W91/><G28/><T90/><D118/><U13/><E120/><V53/><REACH who="2" step="1"/><F81/><REACH who="2" ten="502,76,66,346" step="2"/><W119/><G119/><T89/><D121/><U49/><E103/><V87/><F87/><W45/><G82/><T93/><D84/><U62/><E78/><V4/><F4/><W74/><G74/><T41/><D6/><U56/><E13/><V101/><F101/><W97/><G91/><T24/><D7/><U99/><E85/><V8/><F8/><W51/><G102/><T70/><D70/><N who="1" m="42295" /><E49/><V135/><F135/><W11/><G97/><T109/><D89/><U122/><E122/><V59/><AGARI ba="0,1" hai="0,1,9,12,16,22,25,29,50,53,59,76,77,79" machi="59" ten="30,6000,0" yaku="1,1,0,1,54,1,53,0" doraHai="60" doraHaiUra="43" who="2" fromWho="2" sc="502,-20,76,-20,66,70,346,-20" /><INIT seed="2,1,0,1,1,91" ten="482,56,136,326" oya="2" hai0="7,10,90,132,98,88,73,134,32,62,9,25,19" hai1="5,120,2,58,130,108,84,129,48,87,70,13,106" hai2="82,111,35,80,47,3,122,34,110,67,36,26,96" hai3="43,27,39,50,14,52,113,99,89,116,102,4,72"/><V54/><F122/><W93/><G72/><T63/><D73/><U65/><E2/><V100/><F3/><W109/><G116/><T11/><D7/><U78/><E106/><V29/><F35/><W117/><G117/><T33/><D19/><U125/><E70/><V44/><F67/><W46/><G109/><N who="2" m="41481" /><F54/><W119/><G119/><T77/><D77/><U45/><E108/><V85/><F36/><W118/><G118/><T28/><D33/><U133/><E120/><V86/><F86/><W12/><G113/><T101/><D62/><U97/><E97/><V53/><F53/><W16/><G4/><T127/><D63/><U131/><E58/><V115/><F115/><W68/><G68/><T24/><D24/><U107/><E65/><V71/><F71/><W135/><G135/><N who="0" m="51755" /><D127/><U64/><E64/><V76/><F82/><W128/><G128/><T103/><D103/><U1/><E133/><V41/><F41/><W75/><G75/><T0/><D0/><U69/><E69/><V104/><AGARI ba="1,0" hai="26,29,34,44,47,76,80,85,96,100,104" m="41481" machi="104" ten="30,3000,0" yaku="14,1,10,1" doraHai="91" who="2" fromWho="2" sc="482,-11,56,-11,136,33,326,-11" /><INIT seed="2,2,0,1,1,66" ten="471,45,169,315" oya="2" hai0="62,69,76,2,133,115,89,63,19,99,132,42,48" hai1="116,120,102,88,103,8,46,60,45,55,68,13,84" hai2="79,83,7,17,26,43,37,50,58,57,110,126,29" hai3="54,25,38,101,134,121,52,0,73,81,94,18,82"/><V90/><F37/><W51/><G121/><T64/><D2/><U12/><E116/><V3/><F126/><W10/><G38/><T70/><D115/><U44/><E120/><V92/><F110/><W4/><G134/><N who="0" m="51819" /><D76/><U129/><E129/><V39/><F17/><W15/><G73/><T34/><D34/><U125/><E125/><V135/><F135/><W87/><G25/><T36/><D36/><U47/><E12/><V124/><F124/><W104/><G104/><T95/><D19/><U16/><E68/><N who="0" m="26217" /><D64/><U93/><N who="1" m="11264" /><DORA hai="9" /><U123/><REACH who="1" step="1"/><E123/><REACH who="1" ten="471,35,169,315" step="2"/><V35/><F3/><W53/><G0/><T24/><D42/><U91/><E91/><V71/><F43/><W11/><G15/><T20/><D48/><U119/><E119/><V49/><F39/><W6/><G51/><T118/><D118/><U21/><E21/><V85/><F50/><W41/><G41/><T56/><D56/><AGARI ba="2,1" hai="8,13,16,55,56,60,84,88,93,102,103" m="11264" machi="56" ten="50,8000,1" yaku="1,1,8,1,52,1,54,2,53,0" doraHai="66,9" doraHaiUra="109,131" who="1" fromWho="0" sc="471,-86,35,96,169,0,315,0" /><INIT seed="3,0,0,1,4,83" ten="385,131,169,315" oya="3" hai0="134,110,35,46,1,36,31,97,41,113,9,43,135" hai1="67,105,75,13,88,100,120,55,42,48,117,116,123" hai2="69,49,61,5,76,86,91,26,119,104,122,11,47" hai3="62,111,27,124,72,15,8,29,22,78,37,53,16"/><W59/><G124/><T51/><D113/><U44/><E75/><V74/><F119/><N who="1" m="45641" /><E13/><V99/><F122/><N who="1" m="46633" /><E100/><V109/><F109/><W132/><G132/><T133/><D110/><U128/><E105/><V54/><F74/><W87/><G37/><T73/><D73/><U38/><E88/><V85/><F26/><W2/><G111/><T23/><D35/><U95/><E95/><V115/><F115/><W101/><G101/><T18/><D31/><U20/><E20/><V81/><F61/><W77/><G72/><T106/><D1/><U4/><E4/><V90/><F69/><W6/><REACH who="3" step="1"/><G87/><REACH who="3" ten="385,131,169,305" step="2"/><T71/><D36/><U92/><E92/><V40/><F86/><W65/><G65/><T30/><D106/><U25/><E67/><V28/><F99/><W12/><G12/><N who="0" m="7439" /><D97/><U93/><E93/><V60/><F104/><W121/><G121/><T84/><D84/><U66/><E66/><V96/><F96/><W125/><G125/><T64/><D64/><U14/><E14/><N who="2" m="5487" /><F28/><W45/><G45/><T118/><D118/><U57/><E25/><V3/><F3/><W98/><G98/><T10/><D30/><U19/><E19/><V107/><F107/><W32/><AGARI ba="0,1" hai="2,6,8,15,16,22,27,29,32,53,59,62,77,78" machi="32" ten="20,18000,2" yaku="1,1,0,1,7,1,24,2,54,1,53,0" doraHai="83" doraHaiUra="68" who="3" fromWho="3" sc="385,-60,131,-60,169,-60,305,190" /><INIT seed="3,1,0,2,3,100" ten="325,71,109,495" oya="3" hai0="41,131,47,133,71,127,66,129,5,45,18,121,13" hai1="50,74,44,23,61,84,49,15,90,57,98,102,116" hai2="85,77,97,101,63,82,68,42,123,105,9,80,27" hai3="16,81,8,122,20,64,96,86,115,126,43,110,76"/><W37/><G122/><T29/><D29/><U36/><E74/><V94/><F123/><W130/><G115/><T104/><D5/><U79/><E79/><V65/><F42/><W52/><G64/><T58/><D121/><U83/><E116/><V40/><F40/><W62/><G126/><T17/><D127/><U111/><E36/><V114/><F114/><W108/><G130/><T6/><D6/><U11/><E23/><V38/><F38/><W32/><G32/><T113/><D113/><U39/><E39/><V72/><F27/><N who="3" m="14727" /><G96/><T1/><D1/><U24/><E24/><V59/><F9/><W128/><G128/><N who="0" m="49227" /><D71/><U93/><E111/><N who="3" m="42538" /><G8/><T88/><D41/><U95/><E44/><V103/><F103/><W73/><G43/><T55/><D66/><U33/><E33/><V134/><F134/><W26/><G26/><T14/><D133/><U124/><E124/><V69/><F94/><W51/><G37/><T120/><D120/><U46/><E95/><V4/><F4/><W119/><G119/><T89/><D17/><N who="1" m="8447" /><E46/><V106/><F106/><W21/><G21/><T54/><D104/><U19/><E19/><V10/><F10/><W99/><G99/><T78/><D45/><U117/><E117/><V135/><F135/><W53/><G62/><T70/><D18/><U87/><E61/><V48/><F48/><N who="1" m="18537" /><E57/><V28/><F28/><W3/><G3/><T25/><D25/><U35/><E35/><V22/><F22/><W31/><G31/><T0/><D0/><U109/><E109/><V2/><F2/><W30/><G30/><T60/><D60/><RYUUKYOKU ba="1,0" sc="325,-15,71,15,109,15,495,-15" hai1="83,84,87,90,93,98,102" hai2="59,63,65,68,69,72,77,80,82,85,97,101,105" /><INIT seed="4,2,0,2,5,110" ten="310,86,124,480" oya="0" hai0="21,60,126,27,31,16,106,4,22,36,94,128,10" hai1="45,80,11,124,107,30,34,132,66,12,15,99,131" hai2="54,48,32,90,133,127,46,101,130,95,61,51,77" hai3="73,81,7,115,26,56,63,125,112,28,116,109,68"/><T13/><D106/><U6/><E131/><V44/><F32/><W105/><G105/><T9/><D36/><U69/><E132/><V111/><F111/><W65/><G109/><T55/><D128/><U38/><E124/><V96/><F130/><W135/><G116/><T120/><D120/><U3/><E80/><V113/><F127/><W39/><G125/><T70/><D126/><U100/><E45/><V75/><F133/><W23/><G7/><T64/><D55/><U19/><E19/><V47/><F113/><N who="3" m="43595" /><G39/><T43/><D43/><U129/><E129/><V93/><F77/><N who="3" m="44207" /><G135/><T24/><D94/><U14/><E38/><V40/><F75/><W78/><G78/><T17/><REACH who="0" step="1"/><D10/><REACH who="0" ten="300,86,124,480" step="2"/><U92/><E92/><V2/><F95/><W123/><G123/><T87/><D87/><U1/><E11/><V25/><F93/><W114/><G114/><T88/><D88/><U72/><E72/><V102/><F90/><W134/><G134/><T76/><D76/><U122/><E122/><V18/><F40/><W117/><G117/><T58/><D58/><AGARI ba="2,1" hai="23,26,28,56,58,63,65,68" m="44207,43595" machi="58" ten="30,7700,0" yaku="15,1,52,3" doraHai="110" who="3" fromWho="0" sc="300,-83,86,0,124,0,480,93" /><INIT seed="5,0,0,0,1,106" ten="217,86,124,573" oya="1" hai0="110,10,13,67,71,88,90,46,39,52,22,55,37" hai1="85,87,47,6,124,9,82,126,26,27,3,96,45" hai2="98,105,57,4,50,109,84,119,12,65,61,19,21" hai3="36,113,7,15,1,99,40,44,20,74,76,41,34"/><U100/><E85/><V53/><F109/><W93/><G34/><T49/><D110/><U86/><E87/><V132/><F132/><W48/><G113/><T51/><D22/><U122/><E122/><V111/><F111/><W18/><G74/><T17/><D67/><U72/><E45/><V62/><F119/><W102/><G76/><T11/><D71/><U135/><E47/><V5/><F62/><W14/><G1/><T77/><D77/><N who="1" m="44327" /><E86/><V129/><F129/><W83/><G36/><T95/><D10/><U80/><E80/><V81/><F98/><W16/><G7/><T115/><D115/><U128/><E128/><V89/><REACH who="2" step="1"/><F105/><REACH who="2" ten="217,86,114,573" step="2"/><W33/><G99/><T66/><D66/><U101/><E135/><V134/><F134/><W123/><G123/><T118/><D118/><U116/><E116/><V2/><F2/><W127/><G102/><N who="1" m="39530" /><E96/><V8/><F8/><W70/><G70/><AGARI ba="0,1" hai="4,5,12,19,21,50,53,57,61,65,70,81,84,89" machi="70" ten="30,2000,0" yaku="1,1,7,1,53,0" doraHai="106" doraHaiUra="133" who="2" fromWho="3" sc="217,0,86,0,114,30,573,-20" /><INIT seed="6,0,0,0,4,84" ten="217,86,144,553" oya="2" hai0="29,64,75,103,33,19,101,91,48,3,17,51,35" hai1="39,46,66,96,22,83,59,128,49,8,1,16,109" hai2="58,62,92,18,6,88,54,50,130,42,27,117,121" hai3="65,23,122,86,133,69,89,98,11,7,53,28,2"/><V13/><F121/><W129/><G98/><T95/><D75/><U115/><E109/><V52/><F117/><W106/><G106/><T34/><D3/><U24/><E39/><V135/><F135/><W76/><G76/><T26/><D64/><U80/><E128/><V85/><F130/><W123/><G133/><T9/><D34/><U97/><E115/><V111/><F111/><W4/><G4/><T60/><D35/><U61/><E1/><V40/><F27/><W124/><G129/><T100/><D60/><U87/><E8/><N who="2" m="6439" /><F6/><W55/><G55/><T56/><D56/><AGARI ba="0,0" hai="40,42,50,52,54,56,58,62,85,88,92" m="6439" machi="56" ten="30,11600,0" yaku="8,1,52,1,54,2" doraHai="84" who="2" fromWho="0" sc="217,-116,86,0,144,116,553,0" /><INIT seed="6,1,0,4,2,60" ten="101,86,260,553" oya="2" hai0="123,95,131,20,74,50,72,2,7,135,36,43,4" hai1="117,122,75,24,93,134,84,16,48,30,3,99,11" hai2="109,103,96,21,83,35,82,73,58,91,13,97,66" hai3="81,47,9,0,14,116,27,28,56,79,10,15,63"/><V59/><F35/><W115/><G116/><T64/><D123/><U42/><E75/><V32/><F32/><W17/><G47/><T68/><D36/><U52/><E117/><V70/><F73/><W29/><G0/><T45/><D2/><U40/><E122/><V90/><F109/><W110/><G115/><T106/><D106/><U12/><E134/><V89/><F70/><W77/><G110/><T130/><D135/><U127/><E84/><V25/><F13/><W6/><G27/><T120/><D120/><U76/><E76/><N who="3" m="29258" /><G81/><N who="2" m="30729" /><F103/><W113/><G113/><T86/><D20/><N who="1" m="15623" /><E127/><V104/><F104/><W62/><G62/><N who="0" m="39959" /><D72/><U132/><E132/><V37/><F37/><W107/><G107/><T88/><D74/><U125/><E125/><V34/><F34/><W5/><G5/><T101/><D101/><N who="1" m="60655" /><E3/><V87/><F87/><W51/><G51/><T61/><D61/><U46/><AGARI ba="1,0" hai="11,12,16,40,42,46,48,52" m="60655,15623" machi="46" ten="30,4000,0" yaku="8,1,54,2" doraHai="60" who="1" fromWho="1" sc="101,-11,86,43,260,-21,553,-11" /><INIT seed="7,0,0,1,1,4" ten="90,129,239,542" oya="3" hai0="131,102,115,117,57,56,64,82,134,130,128,99,90" hai1="123,85,0,87,14,74,69,97,22,38,125,43,109" hai2="89,55,20,65,30,94,114,83,45,40,76,122,54" hai3="21,10,88,60,105,23,132,101,77,39,112,111,29"/><W62/><G39/><T50/><D117/><U116/><E74/><V35/><F114/><W53/><G77/><T11/><D134/><U126/><E0/><V28/><F35/><W59/><G132/><T133/><D133/><U2/><E2/><V63/><F83/><W79/><G79/><T26/><D26/><U96/><E69/><V41/><F41/><W18/><G101/><T48/><D115/><U24/><E109/><V92/><F92/><W103/><G103/><T3/><D82/><U84/><E123/><V61/><F61/><W124/><G21/><T51/><D90/><U100/><E14/><V13/><F20/><W95/><G59/><T47/><D47/><N who="1" m="24055" /><E100/><V67/><F45/><W75/><G75/><T110/><D110/><U104/><E104/><V119/><F119/><W32/><G124/><N who="1" m="47722" /><E116/><V1/><F94/><W42/><G95/><T19/><D64/><U7/><E7/><V120/><F65/><W12/><G23/><T118/><D118/><U70/><E70/><V9/><F67/><W78/><G60/><T8/><D19/><AGARI ba="0,0" hai="19,22,24,84,85,87,96,97" m="47722,24055" machi="19" ten="30,1000,0" yaku="18,1" doraHai="4" who="1" fromWho="0" sc="90,-10,129,10,239,0,542,0" owari="80,-42.0,139,-26.0,239,4.0,542,64.0" /></mjloggm>