<mjloggm ver="2.3"><GO type="169" lobby="0"/><UN n0="%E3%82%A6%E3%83%AB%E3%83%88%E3%83%A9%E7%AB%8B%E7%9B%B4" n1="%74%61%6B%61%79%79%79%79" n2="%E3%82%84%E3%81%BE%E3%83%BC%E3%82%93" n3="%6E%69%63%6B%2E" dan="17,16,16,17" rate="2216.24,2061.61,2114.16,2254.71" sx="M,M,M,M"/><TAIKYOKU oya="0"/><INIT seed="0,0,0,2,5,7" ten="250,250,250,250" oya="0" hai0="135,68,67,76,57,29,113,81,62,127,58,119,77" hai1="38,70,36,107,125,55,82,109,129,56,45,21,48" hai2="92,89,79,131,130,114,30,103,69,24,47,10,8" hai3="49,32,15,94,71,91,41,124,126,93,51,78,61"/><T3/><D119/><U6/><E107/><V85/><F114/><W111/><G78/><T64/><D113/><U1/><E109/><V122/><F122/><W83/><G111/><T2/><D127/><N who="3" m="48681" /><G32/><T108/><D108/><U116/><E125/><V65/><F47/><N who="3" m="25839" /><G51/><T4/><D135/><U118/><E129/><N who="2" m="49163" /><F103/><W39/><G39/><T110/><D110/><U17/><E70/><V72/><F72/><W12/><G83/><T23/><D68/><U75/><E38/><V28/><F79/><W54/><G93/><T60/><D76/><U27/><E75/><V9/><F24/><W5/><G5/><T25/><REACH who="0" step="1"/><D4/><REACH who="0" ten="240,250,250,250" step="2"/><U80/><E118/><V123/><F123/><W96/><G71/><T34/><D34/><U105/><E116/><V100/><F100/><W50/><G61/><AGARI ba="0,1" hai="8,9,10,28,30,61,65,69,85,89,92" m="49163" machi="61" ten="30,7700,0" yaku="19,1,52,3" doraHai="7" who="2" fromWho="3" sc="240,0,250,0,250,87,250,-77" /><INIT seed="1,0,0,2,3,94" ten="240,250,337,173" oya="1" hai0="58,19,115,120,113,128,80,123,69,114,33,7,77" hai1="68,47,30,110,16,99,35,36,49,5,135,129,32" hai2="42,74,27,78,118,109,2,54,111,104,79,43,0" hai3="67,24,48,116,117,52,46,131,11,97,75,107,89"/><U124/><E36/><V28/><F104/><W25/><G75/><T72/><D69/><U3/><E135/><V9/><F54/><W122/><G122/><N who="0" m="46635" /><D33/><U45/><E129/><V130/><F118/><N who="3" m="45675" /><G131/><T55/><D7/><U40/><E124/><V38/><F130/><W92/><G67/><T20/><D128/><U73/><E68/><V29/><F9/><W125/><G125/><T34/><D34/><U1/><E73/><V31/><F74/><W105/><G11/><T88/><D88/><U76/><E76/><N who="2" m="29227" /><F27/><AGARI ba="0,0" hai="24,25,27,46,48,52,89,92,97,105,107" m="45675" machi="27" ten="30,3900,0" yaku="12,1,52,1,54,1" doraHai="94" who="3" fromWho="2" sc="240,0,250,0,337,-39,173,39" /><INIT seed="2,0,0,4,0,119" ten="240,250,298,212" oya="2" hai0="46,115,100,23,116,130,32,68,49,121,5,78,2" hai1="43,67,95,90,1,36,65,106,79,7,88,24,53" hai2="118,26,104,8,16,9,83,82,34,39,134,40,103" hai3="71,47,131,64,10,72,61,13,11,58,38,76,3"/><V33/><F33/><W91/><G131/><T70/><D32/><U112/><E106/><V44/><F118/><W54/><G3/><T92/><D115/><U22/><E112/><V81/><F134/><W60/><G91/><T29/><D116/><U69/><E79/><V59/><F34/><W37/><G47/><T120/><D78/><U56/><E69/><V87/><F87/><W25/><G25/><T105/><D105/><U75/><E75/><V126/><F126/><W85/><G72/><T66/><D5/><U129/><E129/><V30/><F30/><W101/><G101/><T35/><D2/><U94/><E43/><V50/><F103/><W62/><G62/><T55/><D35/><U15/><E36/><V108/><F104/><W21/><G21/><T41/><D130/><U27/><E1/><V63/><F39/><W4/><REACH who="3" step="1"/><G11/><REACH who="3" ten="240,250,298,202" step="2"/><T127/><D127/><U77/><E22/><N who="2" m="13639" /><F108/><W122/><G122/><T96/><D23/><U31/><E24/><V123/><F123/><W0/><G0/><T110/><D110/><U102/><E27/><V114/><F114/><W117/><G117/><T14/><D29/><U111/><E31/><V45/><F45/><W17/><G17/><T12/><D121/><U97/><E111/><V20/><F20/><W19/><G19/><T132/><D120/><U6/><E6/><V98/><F98/><W107/><G107/><T133/><D133/><U51/><E7/><V113/><F113/><W128/><G128/><T18/><D132/><U48/><E97/><V125/><F125/><W109/><G109/><T84/><D96/><RYUUKYOKU ba="0,1" sc="240,-15,250,-15,298,15,202,15" hai2="8,9,40,44,50,59,63,81,82,83" hai3="4,10,13,37,38,54,58,60,61,64,71,76,85" /><INIT seed="2,1,1,0,1,55" ten="225,235,313,217" oya="2" hai0="124,100,71,23,13,46,117,6,126,10,119,118,38" hai1="108,14,41,35,96,134,99,104,7,111,89,0,36" hai2="102,97,48,43,128,90,83,8,132,103,53,64,62" hai3="67,31,51,29,116,135,113,78,72,70,56,77,106"/><V125/><F125/><N who="0" m="48234" /><D71/><U73/><E73/><V50/><F128/><W93/><G116/><T44/><D38/><U22/><E35/><V47/><F132/><W87/><G106/><T28/><D100/><U61/><E134/><V109/><F8/><W60/><G135/><T16/><D28/><U121/><E121/><V4/><F4/><W5/><G5/><T110/><D110/><U92/><E0/><AGARI ba="1,1" hai="0,6,10,13,16,23,44,46,117,118,119" m="48234" machi="0" ten="40,5200,0" yaku="12,1,18,1,54,1" doraHai="55" who="0" fromWho="1" sc="225,65,235,-55,313,0,217,0" /><INIT seed="3,0,0,4,4,74" ten="290,180,313,217" oya="3" hai0="13,133,14,41,95,35,25,23,87,97,71,33,53" hai1="57,20,76,37,102,92,80,59,50,129,113,117,81" hai2="29,63,73,68,96,109,65,135,111,48,24,26,52" hai3="128,56,90,84,106,61,11,114,6,101,125,94,115"/><W18/><G128/><T119/><D71/><U105/><E113/><V3/><F135/><W89/><G125/><T75/><D75/><U10/><E105/><V85/><F73/><W70/><G70/><T40/><D133/><U49/><E37/><V79/><F3/><W120/><G120/><T116/><D87/><N who="1" m="48519" /><E129/><V5/><F5/><W45/><G18/><T91/><D53/><U60/><E117/><V69/><F69/><W103/><G45/><T34/><D14/><U51/><E10/><V28/><F96/><W121/><G121/><T43/><REACH who="0" step="1"/><D13/><REACH who="0" ten="280,180,313,217" step="2"/><U36/><E81/><V122/><F68/><W130/><G114/><T2/><D2/><U124/><E124/><V110/><F122/><W62/><G130/><T38/><D38/><U134/><E36/><V4/><F109/><W131/><G115/><T16/><AGARI ba="0,1" hai="16,23,25,33,34,35,40,41,43,91,95,97,116,119" machi="16" ten="40,8000,1" yaku="1,1,0,1,54,1,53,1" doraHai="74" doraHaiUra="93" who="0" fromWho="0" sc="280,90,180,-20,313,-20,217,-40" /><INIT seed="4,0,0,4,3,0" ten="370,160,293,177" oya="0" hai0="84,97,69,111,105,5,14,77,1,28,16,89,4" hai1="21,29,38,35,120,10,32,133,39,31,75,134,60" hai2="122,126,116,88,73,85,94,57,93,46,92,17,15" hai3="25,44,71,62,27,66,113,49,51,79,83,121,81"/><T8/><D69/><U6/><E120/><V13/><F122/><W72/><G121/><T61/><D111/><U80/><E75/><V22/><F73/><W128/><G113/><T42/><D1/><N who="1" m="335" /><E80/><V109/><F109/><W104/><G104/><T114/><D114/><U118/><E118/><V23/><F126/><W59/><G128/><T117/><D117/><U34/><E60/><V43/><F57/><W70/><G81/><T100/><D77/><U2/><E2/><V11/><F116/><W24/><REACH who="3" step="1"/><G51/><REACH who="3" ten="370,160,293,167" step="2"/><T7/><D105/><U65/><E38/><V64/><F92/><W119/><G119/><T129/><D129/><U33/><E39/><V90/><F93/><W103/><G103/><T98/><D100/><U40/><E134/><V12/><F94/><W18/><G18/><T67/><D28/><U53/><E31/><V78/><F17/><W9/><G9/><T52/><D67/><U107/><E29/><V115/><F11/><W68/><G68/><T125/><D125/><U108/><E65/><V74/><F64/><W130/><G130/><T127/><D127/><U101/><E107/><V123/><F115/><W112/><G112/><T91/><D91/><U87/><E101/><V47/><F90/><W110/><G110/><T19/><D19/><U135/><E108/><V55/><F88/><W45/><G45/><T48/><D89/><U106/><E135/><V76/><F47/><W86/><G86/><T102/><D84/><U37/><E87/><V26/><F46/><W56/><G56/><N who="0" m="34951" /><D102/><U124/><E133/><V30/><F123/><W82/><G82/><RYUUKYOKU ba="0,1" sc="370,15,160,-15,293,-15,167,15" hai0="4,5,7,8,14,16,42,48,97,98" hai3="24,25,27,44,49,59,62,66,70,71,72,79,83" /><INIT seed="4,1,1,1,1,36" ten="385,145,278,182" oya="0" hai0="107,125,38,83,10,56,0,91,123,111,49,117,133" hai1="73,33,100,62,9,116,88,50,4,22,18,24,110" hai2="103,132,97,92,59,47,81,98,57,28,45,70,7" hai3="121,15,76,26,63,2,39,120,106,35,126,53,17"/><T82/><D107/><U131/><E116/><V87/><F70/><W99/><G2/><T32/><D32/><U61/><E73/><V58/><F132/><W108/><G108/><T11/><D38/><U48/><E110/><V89/><F7/><W5/><G39/><T86/><D123/><N who="3" m="47177" /><G76/><T75/><D117/><U68/><E131/><V119/><F119/><W64/><G5/><T8/><D111/><U84/><E100/><V90/><REACH who="2" step="1"/><F28/><REACH who="2" ten="385,145,268,182" step="2"/><N who="3" m="19863" /><G126/><T40/><D125/><U102/><E68/><V130/><F130/><W54/><G106/><AGARI ba="1,2" hai="45,47,57,58,59,81,87,89,90,92,97,98,103,106" machi="106" ten="40,1300,0" yaku="1,1,53,0" doraHai="36" doraHaiUra="128" who="2" fromWho="3" sc="385,0,145,0,268,36,182,-16" /><INIT seed="5,0,0,4,3,123" ten="385,145,304,166" oya="1" hai0="126,66,125,93,81,91,110,118,94,76,87,55,13" hai1="117,63,9,102,113,122,85,61,11,53,38,0,14" hai2="62,1,124,6,114,45,7,74,42,69,71,2,64" hai3="116,16,49,27,29,109,103,57,56,26,54,3,79"/><U39/><E122/><V135/><F124/><W131/><G3/><T120/><D66/><U128/><E117/><V97/><F135/><W44/><G116/><T112/><D120/><U96/><E128/><V72/><F71/><W119/><G119/><T98/><D118/><U12/><E113/><V30/><F97/><W82/><G131/><T5/><D55/><U46/><E0/><V127/><F127/><N who="0" m="48650" /><D110/><U51/><E85/><V17/><F17/><W105/><G109/><T134/><D134/><U50/><E53/><V108/><F30/><W132/><G132/><T95/><D112/><U33/><E33/><V22/><F22/><W35/><G103/><T32/><D32/><U83/><E102/><V88/><F108/><W70/><G70/><T41/><D41/><U37/><E37/><N who="2" m="21711" /><F88/><W15/><G105/><T20/><D20/><U115/><E115/><V86/><F86/><W19/><G27/><T84/><D84/><U104/><E104/><V43/><F43/><W80/><G80/><T25/><D25/><U21/><E21/><V67/><F67/><W4/><G4/><T34/><D34/><U121/><E121/><V60/><F114/><W92/><G92/><T47/><D47/><U23/><E23/><V73/><F7/><W133/><G133/><T8/><AGARI ba="0,0" hai="5,8,13,76,81,87,91,93,94,95,98" m="48650" machi="8" ten="30,1100,0" yaku="18,1" doraHai="123" who="0" fromWho="0" sc="385,11,145,-5,304,-3,166,-3" /><INIT seed="6,0,0,3,5,59" ten="396,140,301,163" oya="2" hai0="39,62,99,82,3,72,51,81,65,37,21,43,23" hai1="75,2,103,79,123,121,113,54,57,56,60,67,110" hai2="93,124,24,50,100,86,40,89,114,119,20,68,106" hai3="1,105,98,83,33,8,129,47,130,108,7,52,34"/><V30/><F119/><W11/><G108/><T111/><D3/><U116/><E110/><V135/><F114/><W85/><G11/><T120/><D111/><U91/><E113/><V118/><F118/><W31/><G98/><T94/><D39/><U78/><E116/><V71/><F124/><W15/><G105/><T76/><D37/><U95/><E103/><V13/><F135/><W88/><G15/><T74/><D120/><N who="1" m="46155" /><E2/><V122/><F122/><W41/><G52/><T35/><D35/><U126/><E126/><V61/><F13/><W9/><G9/><T10/><D51/><N who="1" m="30815" /><E75/><V0/><F0/><W66/><G66/><T80/><D43/><U133/><E133/><V6/><F6/><W109/><G109/><T29/><D10/><U77/><E77/><V48/><F106/><W14/><G1/><T53/><D53/><U28/><E28/><V17/><F100/><W132/><G132/><T58/><D29/><U70/><E70/><V26/><F68/><W16/><G7/><T117/><D117/><U90/><E90/><V102/><F102/><W69/><G69/><T42/><D42/><U4/><E4/><V84/><F40/><W55/><G55/><T22/><D74/><U49/><E49/><V104/><F104/><W46/><G41/><T112/><D112/><U32/><E32/><N who="3" m="12394" /><G31/><T97/><D97/><AGARI ba="0,0" hai="57,60,67,78,79,91,95,97" m="30815,46155" machi="97" ten="30,2000,0" yaku="13,1,52,1" doraHai="59" who="1" fromWho="0" sc="396,-20,140,20,301,0,163,0" /><INIT seed="7,0,0,3,4,129" ten="376,160,301,163" oya="3" hai0="38,78,120,84,47,60,92,44,116,100,49,61,22" hai1="90,9,20,85,32,87,58,89,15,104,64,53,133" hai2="132,69,10,105,3,23,8,123,97,46,96,76,29" hai3="68,99,42,41,86,81,35,114,4,101,121,122,31"/><W63/><G114/><T72/><D72/><U74/><E74/><V54/><F69/><W94/><G4/><T57/><D38/><U113/><E104/><V1/><F76/><W6/><G6/><T95/><D47/><U73/><E73/><V13/><F105/><W33/><G68/><T88/><D78/><U11/><E32/><V0/><F46/><W108/><G108/><T135/><D135/><U66/><E133/><V106/><F54/><W91/><G63/><T118/><D120/><U16/><E113/><V80/><F80/><W124/><G124/><T39/><D39/><U71/><E71/><V52/><F52/><W26/><REACH who="3" step="1"/><G35/><REACH who="3" ten="376,160,301,153" step="2"/><T83/><D61/><N who="1" m="36047" /><E64/><V110/><F110/><W79/><G79/><T65/><D118/><U40/><E66/><V127/><F127/><W37/><G37/><T18/><D116/><U36/><E36/><V126/><F126/><W115/><G115/><T7/><D7/><U134/><E134/><V55/><F132/><W28/><G28/><T131/><D131/><U51/><E51/><V93/><F29/><W117/><G117/><T45/><D49/><U107/><E40/><AGARI ba="0,1" hai="26,31,33,40,41,42,81,86,91,94,99,101,121,122" machi="40" ten="40,2000,0" yaku="1,1,53,0" doraHai="129" doraHaiUra="59" who="3" fromWho="1" sc="376,0,160,-20,301,0,153,30" /><INIT seed="7,1,0,3,5,72" ten="376,140,301,183" oya="3" hai0="48,55,27,42,62,1,61,127,100,123,105,132,63" hai1="86,128,85,47,121,49,131,34,54,59,16,102,126" hai2="2,81,107,33,79,9,80,35,46,99,109,41,76" hai3="18,77,98,40,106,125,117,93,95,78,64,101,4"/><W124/><G4/><T22/><D1/><U87/><E121/><V122/><F109/><W17/><G40/><T60/><D123/><U74/><E34/><V66/><F122/><W69/><G117/><T129/><D105/><U30/><E30/><V32/><F66/><W120/><G120/><T7/><D7/><U88/><E74/><V135/><F135/><W112/><G112/><T13/><D13/><U92/><E126/><N who="3" m="48746" /><G69/><T71/><D71/><U50/><E102/><V90/><F2/><W8/><G64/><T24/><D24/><U28/><E28/><V110/><F110/><W57/><G57/><N who="0" m="34879" /><D129/><U51/><E128/><V43/><F9/><W58/><G58/><T108/><D132/><U97/><E131/><V45/><F35/><W133/><G133/><T91/><D100/><U38/><E38/><V118/><F107/><W89/><G106/><T73/><D108/><U15/><E47/><V19/><F19/><N who="3" m="7179" /><G8/><AGARI ba="1,0" hai="8,15,16,49,50,51,54,59,85,86,87,88,92,97" machi="8" ten="40,5200,0" yaku="8,1,54,2" doraHai="72" who="1" fromWho="3" sc="376,0,140,55,301,0,183,-55" owari="376,47.0,195,-20.0,301,10.0,128,-37.0" /></mjloggm>