<mjloggm ver="2.3"><GO type="169" lobby="0"/><UN n0="%E6%A5%A0%E5%B9%B8%E6%9D%91" n1="%E3%81%86%E3%81%AA%E3%81%8E" n2="%E6%97%85%E4%BA%BA%E3%81%A1%E3%82%88%E3%81%99%E3%81%91" n3="%E3%82%A6%E3%83%AB%E3%83%88%E3%83%A9%E7%AB%8B%E7%9B%B4" dan="17,16,17,18" rate="2152.45,2081.52,2132.50,2201.91" sx="F,M,M,M"/><TAIKYOKU oya="0"/><INIT seed="0,0,0,5,3,35" ten="250,250,250,250" oya="0" hai0="50,31,78,107,38,6,54,132,99,48,76,126,117" hai1="1,9,51,41,115,34,105,67,85,47,119,74,21" hai2="114,22,58,18,12,110,100,65,72,42,130,49,0" hai3="26,134,79,30,66,16,14,101,43,109,44,28,37"/><T59/><D117/><U69/><E74/><V19/><F114/><W91/><G109/><T113/><D113/><U23/><E34/><V123/><F123/><W63/><G134/><T70/><D38/><U118/><E115/><V13/><F72/><W62/><G79/><T15/><D70/><U55/><E105/><V98/><F110/><W95/><G101/><T88/><D132/><U56/><E85/><V121/><F121/><W2/><G2/><T80/><D126/><U71/><E1/><V135/><F130/><W73/><G73/><T77/><D31/><U90/><E9/><V75/><F75/><W52/><G26/><T39/><D39/><U128/><E90/><V10/><F0/><W124/><G124/><T33/><D33/><U40/><E21/><V4/><F135/><W81/><G81/><T116/><D116/><N who="1" m="44587" /><E23/><V24/><F100/><W133/><G133/><T131/><D131/><U84/><E84/><V7/><F98/><W83/><G83/><T106/><D50/><U97/><E97/><V87/><F87/><W29/><G66/><T112/><D112/><U36/><E128/><V61/><REACH who="2" step="1"/><F24/><REACH who="2" ten="250,250,240,250" step="2"/><W120/><G120/><T11/><REACH who="0" step="1"/><D80/><REACH who="0" ten="240,250,240,250" step="2"/><U25/><E36/><V64/><F64/><W89/><G37/><T111/><D111/><U82/><E82/><V3/><F3/><W122/><G122/><T108/><D108/><U5/><E67/><V46/><AGARI ba="0,2" hai="4,7,10,12,13,18,19,22,42,46,49,58,61,65" machi="46" ten="30,4000,0" yaku="1,1,0,1,8,1,53,0" doraHai="35" doraHaiUra="68" who="2" fromWho="2" sc="240,-20,250,-10,240,60,250,-10" /><INIT seed="1,0,0,2,1,64" ten="220,240,300,240" oya="1" hai0="134,34,106,90,86,15,6,80,5,135,30,128,2" hai1="112,51,83,36,32,21,119,3,114,79,60,94,59" hai2="8,13,81,1,58,46,39,126,125,92,85,43,20" hai3="118,130,16,115,49,37,50,105,99,75,28,14,97"/><U27/><E119/><V65/><F1/><W101/><G115/><T22/><D106/><U127/><E3/><V29/><F92/><W23/><G130/><T117/><D117/><U120/><E120/><V132/><F132/><N who="0" m="50730" /><D128/><U67/><E36/><V53/><F65/><W61/><G75/><T24/><D2/><U4/><E4/><N who="0" m="1641" /><D15/><U45/><E32/><AGARI ba="0,0" hai="22,24,30,32,34,80,86,90" m="1641,50730" machi="32" ten="30,1000,0" yaku="20,1" doraHai="64" who="0" fromWho="1" sc="220,10,240,-10,300,0,240,0" /><INIT seed="2,0,0,0,0,42" ten="230,230,300,240" oya="2" hai0="9,120,91,1,127,54,52,4,39,110,35,112,34" hai1="0,109,45,28,43,128,18,53,116,104,64,40,67" hai2="17,13,78,92,77,97,37,124,61,7,75,6,30" hai3="60,62,47,3,29,79,63,19,105,25,108,82,51"/><V125/><F37/><W46/><G105/><T84/><D120/><U102/><E116/><V33/><F61/><W2/><G19/><T38/><D112/><U8/><E28/><V15/><F30/><W95/><G95/><T99/><D127/><N who="2" m="48714" /><F33/><W123/><G123/><T121/><D121/><U118/><E118/><V58/><F58/><W21/><G108/><T135/><D135/><U41/><E109/><V26/><F26/><W31/><G31/><T103/><D110/><U133/><E133/><V107/><F107/><W86/><REACH who="3" step="1"/><G51/><REACH who="3" ten="230,230,300,230" step="2"/><T70/><D38/><U132/><E104/><V83/><F17/><W93/><G93/><T14/><D39/><U129/><E18/><V72/><F7/><W57/><G57/><T71/><D4/><U49/><E132/><V115/><F6/><W16/><G16/><T69/><D69/><U27/><E128/><V111/><F111/><W12/><G12/><T106/><D14/><U100/><E129/><V90/><F115/><W96/><G96/><T126/><D70/><U55/><E0/><AGARI ba="0,1" hai="0,2,3,21,25,29,46,47,60,62,63,79,82,86" machi="0" ten="40,8000,1" yaku="1,1,52,2,53,1" doraHai="42" doraHaiUra="73" who="3" fromWho="1" sc="230,0,230,-80,300,0,230,90" /><INIT seed="3,0,0,3,1,94" ten="230,150,300,320" oya="3" hai0="30,50,113,114,64,128,87,40,58,95,129,16,105" hai1="38,56,46,101,8,118,48,84,122,2,9,65,26" hai2="102,119,20,15,63,22,80,36,130,81,3,75,47" hai3="29,134,116,27,11,24,135,90,34,82,106,0,100"/><W35/><G90/><N who="0" m="53727" /><D105/><U131/><E122/><V18/><F119/><W92/><G92/><T78/><D78/><U93/><E38/><V14/><F3/><W124/><G82/><T51/><D30/><U72/><E72/><V39/><F130/><N who="0" m="50282" /><D40/><U110/><E110/><V107/><F63/><W74/><G74/><T57/><D64/><U10/><E131/><V52/><F75/><W45/><G45/><T112/><D16/><U12/><E2/><V85/><F39/><W73/><G73/><T21/><D21/><U86/><E118/><V55/><F36/><W111/><G116/><T69/><D69/><U83/><E26/><V33/><F47/><W42/><G42/><T132/><D132/><U61/><E12/><V60/><F20/><W71/><G71/><T6/><D6/><U32/><E32/><V31/><F14/><W66/><G66/><T76/><D76/><U4/><E4/><V67/><F33/><W125/><G27/><T28/><D28/><U17/><E17/><V120/><F31/><W109/><G35/><T103/><D103/><U97/><REACH who="1" step="1"/><E83/><REACH who="1" ten="230,140,300,320" step="2"/><V89/><F81/><W88/><G0/><T108/><D108/><N who="3" m="41545" /><G24/><T7/><D112/><U123/><E123/><V99/><REACH who="2" step="1"/><F120/><REACH who="2" ten="230,140,290,320" step="2"/><W13/><G34/><T133/><D113/><U41/><AGARI ba="0,2" hai="8,9,10,41,46,48,56,61,65,84,86,93,97,101" machi="41" ten="30,8000,1" yaku="1,1,0,1,8,1,52,1,53,1" doraHai="94" doraHaiUra="53" who="1" fromWho="1" sc="230,-20,140,100,290,-20,320,-40" /><INIT seed="4,0,0,4,2,12" ten="210,240,270,280" oya="0" hai0="64,44,55,63,132,97,108,25,29,41,81,33,124" hai1="74,60,69,106,76,99,16,71,93,65,38,22,100" hai2="58,122,86,102,112,75,80,3,72,4,32,77,129" hai3="40,101,7,96,82,57,1,18,50,42,53,98,118"/><T78/><D132/><U0/><E38/><V95/><F112/><W109/><G109/><T120/><D124/><U105/><E0/><V48/><F122/><W35/><G35/><T27/><D108/><U13/><REACH who="1" step="1"/><E69/><REACH who="1" ten="210,230,270,280" step="2"/><V47/><F3/><W83/><G1/><T67/><D120/><U127/><E127/><V128/><F128/><W104/><G118/><T88/><D25/><U92/><E92/><V28/><F95/><W51/><G104/><T62/><D27/><U79/><E79/><V114/><F77/><W116/><G116/><T17/><D78/><U34/><E34/><V61/><F32/><W21/><G83/><AGARI ba="0,1" hai="13,16,22,60,65,71,74,76,83,93,99,100,105,106" machi="83" ten="40,8000,1" yaku="1,1,52,1,54,1,53,1" doraHai="12" doraHaiUra="94" who="1" fromWho="3" sc="210,0,230,90,270,0,280,-80" /><INIT seed="5,0,0,5,0,20" ten="210,320,270,200" oya="1" hai0="89,127,18,99,17,81,1,40,95,135,43,106,92" hai1="19,125,124,88,9,120,103,32,63,5,80,113,96" hai2="85,77,108,102,117,90,22,82,52,41,2,71,86" hai3="65,112,4,101,129,51,84,70,114,16,91,64,15"/><U105/><E120/><V61/><F108/><W7/><G101/><T48/><D1/><U36/><E36/><V111/><F111/><W100/><G100/><N who="0" m="60543" /><D106/><U35/><E63/><V119/><F2/><W128/><G51/><T122/><D122/><U67/><E67/><V38/><F102/><W37/><G37/><T46/><D135/><U11/><E113/><N who="3" m="43626" /><G70/><T13/><D127/><N who="1" m="48715" /><E19/><N who="0" m="7177" /><D13/><N who="1" m="5295" /><E11/><V50/><F71/><W107/><G107/><T21/><D81/><U126/><E126/><V74/><F38/><W0/><G0/><T79/><D79/><U3/><E3/><V131/><F131/><N who="3" m="50251" /><G7/><T83/><D48/><U109/><E109/><V118/><F50/><W130/><N who="3" m="50259" /><W57/><DORA hai="31" /><G4/><T39/><D39/><U58/><E58/><V44/><F118/><W28/><G57/><T23/><D46/><U94/><E80/><V30/><F44/><W75/><G28/><T72/><D83/><U56/><E56/><V49/><F82/><N who="3" m="49559" /><G75/><T34/><D72/><U27/><E105/><V33/><F74/><W133/><G133/><T45/><D45/><U110/><E110/><V12/><F49/><W121/><G121/><T123/><D123/><U69/><E69/><V60/><F60/><W54/><G54/><T97/><D40/><U55/><E55/><V93/><F41/><W76/><G76/><T47/><D43/><U26/><E103/><V87/><F77/><W6/><G6/><T24/><D47/><U25/><AGARI ba="0,0" hai="25,26,27,32,35,88,94,96" m="5295,48715" machi="25" ten="30,18000,2" yaku="18,1,52,5,54,1" doraHai="20,31" who="1" fromWho="1" sc="210,-60,320,180,270,-60,200,-60" /><INIT seed="5,1,0,2,2,87" ten="150,500,210,140" oya="1" hai0="78,115,39,22,122,70,104,35,121,118,124,106,20" hai1="54,102,97,24,80,84,94,28,38,127,52,6,41" hai2="44,9,40,59,5,17,128,4,92,66,112,69,55" hai3="25,51,56,88,86,99,111,105,33,32,48,74,31"/><U21/><E6/><V16/><F128/><W90/><G74/><T123/><D118/><U43/><E127/><V45/><F69/><W116/><G111/><T50/><D124/><U77/><E38/><V125/><F66/><W114/><G114/><T73/><D115/><U53/><AGARI ba="1,0" hai="21,24,28,41,43,52,53,54,77,80,84,94,97,102" machi="53" ten="30,6000,0" yaku="0,1,8,1,54,1" doraHai="87" who="1" fromWho="1" sc="150,-21,500,63,210,-21,140,-21" /><INIT seed="5,2,0,0,5,8" ten="129,563,189,119" oya="1" hai0="9,56,118,58,74,29,17,104,135,28,129,10,82" hai1="132,97,54,78,116,25,80,53,65,112,117,1,110" hai2="7,38,3,39,103,55,60,87,126,128,95,79,61" hai3="91,47,23,70,49,108,13,40,125,123,73,4,51"/><U115/><E1/><V83/><F128/><W75/><G70/><T89/><D118/><U46/><E132/><V122/><F122/><W102/><G108/><T41/><D104/><U98/><E65/><V77/><F77/><W27/><G123/><T50/><D135/><U36/><E110/><V24/><F126/><W19/><G125/><T37/><D37/><U35/><E35/><V31/><F3/><W62/><G102/><T85/><D74/><U59/><E25/><V134/><F7/><W0/><G62/><T16/><D129/><U86/><E53/><V131/><F61/><W133/><G133/><T52/><D41/><U20/><E20/><V14/><F131/><W33/><G91/><T68/><D68/><U21/><E21/><V45/><F103/><W107/><G107/><T100/><D100/><U113/><E46/><V43/><F38/><W32/><G51/><T124/><D58/><U119/><E36/><V99/><F134/><W93/><G93/><T22/><D124/><U81/><E81/><V11/><F95/><W92/><G92/><T18/><D28/><U44/><E44/><V101/><F31/><N who="3" m="19583" /><G33/><T127/><D127/><U106/><E106/><V64/><F39/><W90/><G90/><T94/><D94/><U66/><E66/><V72/><F64/><W105/><G105/><T57/><D57/><U114/><E114/><V76/><F101/><W42/><G42/><T67/><D67/><U88/><E78/><V120/><F43/><W84/><G84/><T121/><D121/><U15/><E116/><V12/><F120/><W63/><G63/><RYUUKYOKU ba="2,0" sc="129,15,563,-15,189,-15,119,15" hai0="9,10,16,17,18,22,29,50,52,56,82,85,89" hai3="0,4,13,19,23,40,47,49,73,75" /><INIT seed="6,3,0,0,5,38" ten="144,548,174,134" oya="2" hai0="63,91,72,75,125,73,55,103,107,33,4,120,43" hai1="106,113,121,27,83,2,64,74,77,37,0,79,39" hai2="14,95,90,56,114,78,122,47,111,20,18,54,80" hai3="13,98,12,50,8,10,132,58,40,100,135,89,131"/><V118/><F118/><W15/><G89/><T93/><D120/><U87/><E106/><V130/><F122/><W67/><G131/><T66/><D125/><U68/><E121/><V126/><F114/><W26/><G26/><T128/><D128/><U81/><E113/><V105/><F130/><W34/><G34/><T5/><D33/><U44/><E27/><V19/><F105/><W49/><G67/><T127/><D127/><U21/><E21/><V23/><F126/><W108/><G108/><T41/><D55/><U104/><E104/><V88/><F47/><N who="3" m="25831" /><G58/><T42/><D103/><U71/><E44/><V112/><F112/><W117/><G50/><T65/><D107/><U32/><E32/><V61/><F111/><W46/><G46/><T30/><D30/><U24/><E24/><V11/><F95/><N who="3" m="58463" /><G117/><T60/><D60/><U86/><E64/><V94/><F94/><W124/><G124/><T99/><REACH who="0" step="1"/><D65/><REACH who="0" ten="134,548,174,134" step="2"/><U134/><E74/><V102/><F102/><W45/><G45/><T6/><D6/><U123/><E123/><V119/><F119/><W101/><G101/><T115/><D115/><U17/><E17/><V35/><F35/><W97/><G97/><T25/><D25/><U31/><E31/><V29/><F29/><W9/><G135/><AGARI ba="3,1" hai="0,2,37,39,68,71,77,79,81,83,86,87,134,135" machi="135" ten="25,1600,0" yaku="22,2" doraHai="38" who="1" fromWho="3" sc="134,0,548,35,174,0,134,-25" /><INIT seed="7,0,0,5,4,81" ten="134,583,174,109" oya="3" hai0="135,39,37,52,116,41,91,73,94,77,49,26,112" hai1="104,15,68,134,5,103,13,69,126,102,28,87,45" hai2="74,109,11,83,58,21,60,105,36,51,12,29,101" hai3="17,7,10,44,16,62,57,119,129,127,75,124,32"/><W133/><G119/><T106/><D116/><U70/><E134/><V72/><F109/><W8/><G75/><T89/><D106/><U125/><E45/><V86/><F36/><W132/><G32/><T31/><D135/><N who="3" m="51785" /><G44/><T107/><D107/><U78/><E28/><V113/><F113/><W20/><G129/><T35/><D112/><U19/><E5/><V117/><F117/><W61/><G61/><T100/><D100/><N who="1" m="38443" /><E19/><N who="3" m="7242" /><G20/><T18/><D18/><U80/><E104/><V46/><F74/><W120/><G120/><T111/><D111/><U2/><E2/><V122/><F72/><W40/><G40/><T1/><D1/><U65/><E65/><V130/><F122/><W23/><G23/><T56/><D41/><U42/><E42/><V96/><F130/><W55/><G8/><T27/><D27/><U3/><E3/><AGARI ba="0,0" hai="3,7,10,55,57,62,124,127" m="7242,51785" machi="3" ten="30,2900,0" yaku="20,1,54,1" doraHai="81" who="3" fromWho="1" sc="134,0,583,-29,174,0,109,29" /><INIT seed="7,1,0,2,5,125" ten="134,554,174,138" oya="3" hai0="47,51,58,39,30,101,94,29,38,54,109,33,50" hai1="24,108,64,71,70,111,49,105,13,20,128,107,19" hai2="55,88,103,14,91,57,117,60,110,32,126,127,84" hai3="12,129,134,10,72,5,102,53,113,92,85,95,120"/><W79/><G120/><T100/><D109/><U93/><E128/><V132/><F110/><W46/><G129/><T96/><D100/><U62/><E71/><V22/><F117/><W75/><G134/><T1/><D1/><U2/><E2/><V98/><F32/><W67/><G113/><T11/><D11/><U52/><E93/><N who="3" m="35914" /><G75/><T27/><D29/><U130/><E130/><V43/><F132/><W112/><G72/><T25/><D27/><U34/><E107/><V26/><F14/><W31/><G112/><T40/><AGARI ba="1,0" hai="25,30,33,38,39,40,47,50,51,54,58,94,96,101" machi="40" ten="20,1500,0" yaku="0,1,7,1" doraHai="125" who="0" fromWho="0" sc="134,18,554,-5,174,-5,138,-8" owari="152,-25.0,549,65.0,169,-3.0,130,-37.0" /></mjloggm>