<mjloggm ver="2.3"><GO type="225" lobby="0"/><UN n0="%E2%98%86%E9%BB%84%E7%80%AC%E3%82%84%E3%82%88%E3%81%84%E2%98%86" n1="%E5%B0%B1%E6%B4%BB%E7%94%9F%40%E5%B7%9D%E6%9D%91%E8%BB%8D%E5%9B%A3" n2="%E6%9C%AC%E3%81%AE%E8%99%AB" n3="%E3%81%BF%E3%81%BF%E3%81%9A" dan="16,16,16,17" rate="2042.50,2103.08,2035.35,2165.60" sx="F,M,M,M"/><TAIKYOKU oya="0"/><INIT seed="0,0,0,4,4,121" ten="250,250,250,250" oya="0" hai0="58,66,68,80,111,99,82,74,129,75,33,50,52" hai1="98,97,51,48,89,106,92,70,69,90,91,43,105" hai2="114,109,35,79,83,36,2,30,77,0,85,6,19" hai3="76,126,23,84,1,132,25,107,96,34,53,127,86"/><T113/><D113/><U59/><E59/><V123/><F123/><W120/><G34/><T22/><D33/><U56/><E56/><V17/><F114/><W72/><G1/><T117/><D117/><U7/><E7/><V104/><F104/><N who="1" m="40041" /><E43/><V11/><F36/><W131/><G53/><T65/><D129/><U130/><E92/><V93/><F2/><W100/><G120/><T14/><D99/><N who="1" m="37899" /><E130/><V73/><F93/><W94/><G131/><T60/><D66/><U64/><E64/><V61/><F61/><W31/><G132/><T9/><D22/><U124/><E124/><N who="3" m="47658" /><G94/><T21/><D21/><U78/><E78/><V44/><F77/><W81/><AGARI ba="0,0" hai="23,25,31,72,76,81,84,86,96,100,107" m="47658" machi="81" ten="30,1100,0" yaku="18,1" doraHai="121" who="3" fromWho="3" sc="250,-5,250,-3,250,-3,250,11" /><INIT seed="1,0,0,4,3,61" ten="245,247,247,261" oya="1" hai0="127,67,29,134,83,5,119,34,79,55,50,4,109" hai1="133,9,121,90,26,122,45,128,77,125,71,101,59" hai2="100,117,8,51,87,115,126,13,86,31,93,106,18" hai3="69,102,1,94,131,92,53,68,11,113,17,49,36"/><U88/><E71/><V120/><F120/><W0/><G36/><T84/><D119/><U20/><E128/><V19/><F117/><W130/><G113/><T81/><D127/><U66/><E125/><V72/><F126/><W108/><G108/><T30/><D109/><U32/><E32/><V135/><F72/><W62/><G17/><T73/><D134/><U57/><E133/><V37/><F37/><W2/><G11/><T89/><D67/><U38/><E77/><V43/><F135/><W110/><G110/><T58/><REACH who="0" step="1"/><D34/><REACH who="0" ten="235,247,247,261" step="2"/><U35/><E35/><V78/><F115/><W25/><G131/><T97/><D97/><U111/><E66/><V40/><F106/><W12/><G130/><T85/><D85/><U27/><E111/><V3/><F86/><W15/><G69/><T112/><D112/><U41/><E121/><V76/><F87/><W56/><G68/><T70/><D70/><U48/><E122/><V104/><F104/><W52/><G102/><T63/><D63/><U98/><E38/><V118/><F100/><W96/><G96/><T54/><D54/><U114/><E114/><V16/><F118/><W129/><G129/><T91/><D91/><U47/><E98/><V132/><F132/><W75/><G75/><T14/><D14/><U6/><E101/><V42/><F13/><N who="3" m="5195" /><G25/><T60/><D60/><U124/><E124/><V24/><F24/><W28/><G28/><AGARI ba="0,1" hai="4,5,28,29,30,50,55,58,73,79,81,83,84,89" machi="28" ten="40,1300,0" yaku="1,1,53,0" doraHai="61" doraHaiUra="99" who="0" fromWho="3" sc="235,23,247,0,247,0,261,-13" /><INIT seed="2,0,0,1,3,73" ten="258,247,247,248" oya="2" hai0="88,110,60,1,124,54,86,66,89,115,35,10,134" hai1="12,113,14,135,21,36,105,71,72,93,85,25,111" hai2="119,39,95,83,112,49,62,26,82,117,96,69,11" hai3="67,122,109,114,16,68,97,6,121,7,42,127,37"/><V123/><F39/><W92/><G109/><T8/><D115/><U56/><E105/><V29/><F112/><W94/><G114/><T43/><D110/><U64/><E72/><V59/><F69/><W57/><G68/><T17/><D35/><U87/><E71/><V46/><F123/><W48/><G37/><T80/><D124/><U2/><E2/><V47/><F11/><W30/><G30/><T3/><D43/><U31/><E36/><V52/><F47/><N who="3" m="25719" /><G127/><T91/><D54/><U5/><E111/><V33/><F117/><W44/><G121/><T19/><D134/><U15/><E135/><V76/><F119/><W61/><G122/><T50/><D50/><U74/><E74/><V38/><F76/><W65/><G44/><T98/><D3/><U130/><E130/><V13/><F13/><N who="1" m="5225" /><E93/><N who="3" m="35946" /><G97/><T58/><D98/><U125/><E125/><V63/><F38/><W28/><G28/><T32/><D32/><U51/><E113/><V107/><F107/><W41/><G41/><T70/><D70/><U77/><E77/><V55/><REACH who="2" step="1"/><F63/><REACH who="2" ten="258,247,237,248" step="2"/><W99/><G99/><T133/><D133/><U24/><E24/><V104/><F104/><W129/><G129/><T20/><D1/><U79/><E79/><V126/><F126/><W103/><G103/><AGARI ba="0,1" hai="26,29,33,46,49,52,55,59,62,82,83,95,96,103" machi="103" ten="30,5800,0" yaku="1,1,7,1,54,1,53,0" doraHai="73" doraHaiUra="101" who="2" fromWho="3" sc="258,0,247,0,237,68,248,-58" /><INIT seed="2,1,0,1,4,116" ten="258,247,305,190" oya="2" hai0="41,72,90,94,112,67,45,81,97,53,16,54,8" hai1="56,74,21,129,107,9,30,124,0,87,109,62,132" hai2="95,17,77,82,115,64,101,91,106,75,131,34,29" hai3="104,28,102,79,36,76,57,3,121,105,58,99,1"/><V51/><F115/><W46/><G28/><T108/><D112/><U130/><E74/><V65/><F131/><N who="1" m="50185" /><E107/><V71/><F71/><W61/><G36/><T134/><D67/><U135/><E87/><V111/><F111/><W42/><G42/><T38/><D108/><U123/><E109/><V113/><F113/><W118/><G118/><T92/><D134/><N who="1" m="51243" /><E30/><V40/><F17/><W52/><G46/><T86/><D72/><U98/><E98/><V14/><F14/><W127/><G127/><T27/><D94/><U43/><E43/><V85/><F29/><W59/><G59/><T22/><REACH who="0" step="1"/><D8/><REACH who="0" ten="248,247,305,190" step="2"/><U24/><E9/><V120/><F65/><W18/><G105/><T7/><D7/><U31/><E0/><V133/><F64/><W10/><G3/><T84/><D84/><U89/><E124/><V100/><F85/><W110/><G110/><T37/><D37/><U69/><E69/><V93/><F93/><W35/><G35/><T26/><D26/><U44/><E24/><V33/><F95/><W4/><G121/><T23/><D23/><U49/><E21/><V12/><F120/><W119/><G119/><T2/><D2/><U125/><E123/><V73/><F33/><W5/><G5/><T70/><D70/><U80/><E125/><V117/><F34/><W25/><REACH who="3" step="1"/><G58/><REACH who="3" ten="248,247,305,180" step="2"/><T122/><D122/><U13/><E56/><V114/><F106/><W39/><G39/><T47/><D47/><U63/><E44/><V11/><F117/><W128/><G128/><T32/><D32/><U103/><E31/><V50/><F133/><W55/><G55/><RYUUKYOKU ba="1,2" sc="248,15,247,-15,305,-15,180,15" hai0="16,22,27,38,41,45,53,54,81,86,90,92,97" hai3="1,4,10,18,25,52,57,61,76,79,99,102,104" /><INIT seed="3,2,2,1,3,31" ten="263,232,290,195" oya="3" hai0="135,22,20,102,43,95,61,91,7,53,106,39,72" hai1="92,87,78,9,114,68,12,93,60,124,77,23,58" hai2="80,52,0,13,117,73,103,5,69,76,88,51,44" hai3="108,131,99,37,109,62,41,19,125,11,132,25,1"/><W40/><G131/><T2/><D72/><U110/><E68/><V57/><F69/><W96/><G125/><T66/><D135/><U104/><E104/><V67/><F117/><W56/><G132/><T47/><D53/><N who="1" m="33871" /><E114/><V6/><F0/><W21/><G1/><T42/><D42/><N who="3" m="16489" /><G37/><T45/><D45/><U18/><E110/><N who="3" m="42602" /><G11/><T65/><D2/><U8/><E124/><V55/><F67/><AGARI ba="2,2" hai="19,21,25,56,62,67,96,99" m="42602,16489" machi="67" ten="30,2900,0" yaku="14,1,10,1" doraHai="31" who="3" fromWho="2" sc="263,0,232,0,290,-35,195,55" /><INIT seed="3,3,0,0,0,117" ten="263,232,255,250" oya="3" hai0="0,3,115,4,72,9,85,48,78,84,30,61,50" hai1="7,65,126,135,82,100,76,116,124,123,35,99,80" hai2="131,132,120,16,62,10,112,41,21,118,24,43,34" hai3="121,67,79,45,125,68,119,122,64,8,70,29,49"/><W90/><G79/><T113/><D3/><U66/><E35/><V28/><F112/><W130/><G29/><T88/><D30/><U75/><E116/><V52/><F118/><W2/><G90/><T86/><D61/><U40/><E40/><V14/><F131/><W96/><G96/><T13/><D0/><U38/><E38/><V59/><F132/><W46/><G8/><T58/><D58/><U37/><E37/><V93/><F120/><N who="3" m="46187" /><G2/><T103/><D103/><U114/><E123/><V6/><F93/><W83/><G83/><N who="0" m="47223" /><D86/><U20/><E80/><V55/><F55/><N who="3" m="30127" /><G119/><T47/><D72/><U11/><E135/><V110/><F110/><W56/><G130/><T104/><D104/><N who="1" m="63519" /><E114/><V69/><F69/><N who="3" m="26731" /><G125/><N who="1" m="48234" /><E20/><V26/><AGARI ba="3,0" hai="6,10,14,16,21,24,26,28,34,41,43,52,59,62" machi="26" ten="20,5200,0" yaku="0,1,7,1,54,2" doraHai="117" who="2" fromWho="2" sc="263,-16,232,-16,255,61,250,-29" owari="247,5.0,216,-28.0,316,41.0,221,-18.0" /></mjloggm>