<mjloggm ver="2.3"><GO type="169" lobby="0"/><UN n0="%E3%81%AE%E3%81%86%E3%81%AA%E3%82%81%E3%82%8D%E3%82%93" n1="%E3%82%A6%E3%83%AB%E3%83%88%E3%83%A9%E7%AB%8B%E7%9B%B4" n2="%E6%88%A6%E3%81%86%E3%83%91%E3%83%B3%E5%B1%8B" n3="%72%61%74%74%61%74%74%61" dan="16,17,16,17" rate="2130.82,2157.71,2089.57,2158.24" sx="M,M,M,M"/><TAIKYOKU oya="0"/><INIT seed="0,0,0,0,0,89" ten="250,250,250,250" oya="0" hai0="68,100,126,103,24,135,118,14,65,29,104,86,72" hai1="122,84,98,50,20,3,78,28,35,94,9,0,49" hai2="13,91,106,123,6,80,22,5,32,125,96,75,132" hai3="39,44,11,23,107,67,90,120,58,42,37,25,114"/><T134/><D118/><U40/><E35/><V113/><F123/><W19/><G114/><T43/><D72/><U101/><E122/><V7/><F113/><W8/><G107/><T64/><D126/><U60/><E60/><V21/><F32/><W56/><G39/><T129/><D129/><U59/><E49/><V76/><F125/><W2/><G120/><T105/><D43/><U88/><E78/><V48/><F132/><W1/><G67/><T30/><D14/><U92/><E9/><V133/><F133/><N who="0" m="50698" /><D86/><U83/><E83/><V53/><F13/><W111/><G111/><T124/><D124/><U79/><E79/><V117/><F117/><W71/><G71/><T130/><D130/><U51/><E51/><V15/><F15/><W81/><G8/><T36/><D36/><U102/><E3/><V128/><F128/><W112/><G112/><T70/><D70/><U34/><E0/><V85/><F96/><W115/><G115/><T99/><D68/><U61/><E34/><V17/><F106/><N who="0" m="41066" /><D99/><U54/><E102/><N who="0" m="38953" /><D24/><N who="1" m="16391" /><E40/><V95/><REACH who="2" step="1"/><F17/><REACH who="2" ten="250,250,240,250" step="2"/><W4/><G1/><T119/><D119/><U55/><E50/><V16/><F16/><W47/><G2/><T45/><D45/><AGARI ba="0,1" hai="5,6,7,21,22,45,48,53,75,76,80,85,91,95" machi="45" ten="40,2600,0" yaku="1,1,52,1,53,0" doraHai="89" doraHaiUra="62" who="2" fromWho="0" sc="250,-26,250,0,240,36,250,0" /><INIT seed="1,0,0,5,5,23" ten="224,250,276,250" oya="1" hai0="115,49,97,47,41,18,114,2,14,63,101,74,105" hai1="56,124,29,46,68,10,78,88,50,6,86,91,53" hai2="76,103,34,4,116,9,58,64,75,89,109,96,110" hai3="22,61,35,135,123,104,102,12,127,48,57,99,19"/><U11/><E68/><V43/><F116/><W25/><G123/><T37/><D74/><U82/><E124/><V8/><F34/><W62/><G127/><T72/><D72/><U90/><E29/><V95/><F43/><W100/><G100/><T32/><D2/><U126/><E126/><V39/><F39/><W20/><G135/><T121/><D121/><U106/><E106/><V1/><F9/><W128/><G128/><T83/><D83/><U52/><REACH who="1" step="1"/><E6/><REACH who="1" ten="224,240,276,250" step="2"/><V69/><F69/><W42/><G35/><T27/><D32/><U28/><E28/><V120/><F4/><W45/><REACH who="3" step="1"/><G57/><REACH who="3" ten="224,240,276,240" step="2"/><T111/><D105/><U87/><E87/><V113/><F58/><W24/><G24/><T51/><D27/><U15/><E15/><V131/><F120/><W112/><G112/><T134/><D14/><U3/><E3/><V33/><F1/><W13/><G13/><T93/><D114/><U132/><E132/><V7/><F113/><W133/><G133/><T65/><D115/><U40/><E40/><V44/><F75/><W38/><G38/><T70/><D134/><U67/><E67/><V55/><F64/><W119/><G119/><T98/><D37/><U108/><E108/><V79/><F110/><W73/><G73/><T130/><D111/><U71/><E71/><V107/><F109/><W59/><G59/><T125/><D125/><U129/><E129/><V81/><F131/><W60/><G60/><AGARI ba="0,2" hai="10,11,46,50,52,53,56,60,78,82,86,88,90,91" machi="60" ten="40,12000,1" yaku="1,1,8,1,54,2,53,0" doraHai="23" doraHaiUra="30" who="1" fromWho="3" sc="224,0,240,140,276,0,240,-120" /><INIT seed="1,1,0,3,1,96" ten="224,380,276,120" oya="1" hai0="5,130,102,79,9,26,101,33,67,122,75,20,85" hai1="58,4,35,61,99,97,64,38,3,114,84,21,60" hai2="100,23,70,121,65,126,24,55,91,69,83,39,6" hai3="14,88,41,98,112,68,128,2,71,115,81,133,125"/><U37/><E35/><V110/><F121/><W89/><G2/><T36/><D36/><U124/><E114/><V25/><F39/><W92/><G41/><T50/><D75/><U123/><E123/><V127/><F110/><W93/><G128/><T40/><D122/><U31/><E124/><V1/><F25/><W59/><G125/><T80/><D33/><U74/><E74/><V34/><F34/><W111/><G111/><T131/><D67/><U32/><E32/><V132/><F132/><W72/><G133/><T62/><D62/><U49/><E3/><V87/><F69/><W44/><G44/><N who="0" m="25863" /><D131/><U0/><E0/><V134/><F134/><W95/><G59/><T117/><D117/><U22/><E49/><V43/><F43/><W103/><G14/><N who="0" m="5423" /><D130/><U78/><E60/><V116/><F65/><W63/><G63/><T16/><AGARI ba="1,0" hai="16,20,26,79,80,85,101,102" m="5423,25863" machi="16" ten="30,8000,1" yaku="25,1,8,1,52,2,54,1" doraHai="96" who="0" fromWho="0" sc="224,83,380,-41,276,-21,120,-21" /><INIT seed="2,0,0,3,5,15" ten="307,339,255,99" oya="2" hai0="23,43,102,47,9,83,84,134,131,117,39,93,81" hai1="24,106,65,64,66,4,42,50,116,114,68,1,63" hai2="62,46,51,3,126,28,40,74,67,78,37,95,104" hai3="2,97,130,76,0,35,13,16,108,33,34,21,80"/><V135/><F104/><W73/><G108/><T88/><D131/><U52/><E106/><V119/><F119/><W7/><G130/><T36/><D36/><U105/><E105/><V96/><F135/><W6/><REACH who="3" step="1"/><G97/><REACH who="3" ten="307,339,255,89" step="2"/><T133/><D134/><U121/><E116/><V100/><F126/><W101/><G101/><T38/><D133/><U128/><E128/><V90/><F3/><AGARI ba="0,1" hai="0,2,3,6,7,13,16,21,33,34,35,73,76,80" machi="3" ten="50,6400,0" yaku="1,1,52,1,54,1,53,0" doraHai="15" doraHaiUra="86" who="3" fromWho="2" sc="307,0,339,0,255,-64,89,74" /><INIT seed="3,0,0,4,5,112" ten="307,339,191,163" oya="3" hai0="77,73,9,119,76,7,120,64,129,16,25,29,39" hai1="72,59,40,116,14,18,127,24,105,128,66,32,38" hai2="126,88,45,35,51,123,52,22,53,70,41,122,100" hai3="61,103,75,15,65,131,78,82,108,90,60,20,57"/><W63/><G131/><T43/><D120/><N who="2" m="46122" /><F35/><W118/><G103/><T114/><D129/><U130/><E59/><V54/><F100/><W3/><G3/><T81/><D64/><U96/><E40/><V33/><F33/><W58/><G118/><T26/><D119/><U5/><E18/><V125/><F22/><W47/><G47/><T30/><D114/><U93/><E14/><V13/><F13/><W79/><G108/><T68/><D68/><U132/><E93/><V87/><F70/><W121/><G121/><T71/><D71/><U0/><E96/><V134/><F134/><W89/><G78/><T23/><D76/><U49/><E49/><V111/><F111/><W113/><G113/><T37/><D37/><U48/><E38/><V8/><F8/><W92/><G92/><AGARI ba="0,0" hai="41,45,51,52,53,54,87,88,92,125,126" m="46122" machi="92" ten="30,3900,0" yaku="13,1,54,2" doraHai="112" who="2" fromWho="3" sc="307,0,339,0,191,39,163,-39" /><INIT seed="4,0,0,0,4,124" ten="307,339,230,124" oya="0" hai0="102,88,95,91,65,112,60,21,119,133,5,114,63" hai1="80,24,28,130,83,82,25,103,62,81,69,4,36" hai2="98,7,61,41,118,20,106,56,38,1,73,117,134" hai3="26,129,18,3,30,66,42,2,43,75,55,93,120"/><T23/><D119/><U74/><E36/><V12/><F134/><W100/><G75/><T47/><D133/><U0/><E103/><V39/><F1/><W29/><G120/><T123/><D123/><U34/><E25/><V51/><F73/><W15/><G66/><T33/><D33/><U115/><E115/><N who="0" m="44073" /><D5/><U87/><E74/><V79/><F79/><W105/><G93/><T128/><D128/><U19/><E19/><V14/><F14/><W13/><G18/><T131/><D131/><U71/><E130/><V76/><F76/><W78/><G78/><T32/><D32/><U35/><E35/><V85/><F85/><W52/><G129/><T58/><D47/><U135/><E135/><V16/><F7/><W70/><G100/><T121/><D121/><U96/><E96/><V10/><F98/><W108/><G108/><T127/><D127/><U54/><E4/><V99/><F99/><W40/><G40/><T84/><D102/><U9/><E0/><V72/><F41/><W53/><G53/><N who="0" m="33871" /><D91/><U116/><E116/><V77/><F118/><W50/><G50/><T68/><AGARI ba="0,0" hai="21,23,63,65,68,84,88,95" m="33871,44073" machi="68" ten="30,3000,0" yaku="15,1,54,1" doraHai="124" who="0" fromWho="0" sc="307,30,339,-10,230,-10,124,-10" /><INIT seed="4,1,0,2,2,54" ten="337,329,220,114" oya="0" hai0="73,36,133,37,70,16,114,95,116,6,62,47,120" hai1="41,28,128,23,26,105,80,107,119,55,88,74,51" hai2="34,111,60,12,93,24,101,11,67,13,130,49,9" hai3="87,98,59,86,68,3,22,57,25,117,131,112,52"/><T1/><D73/><U46/><E119/><V134/><F111/><W135/><G68/><T94/><D116/><U65/><E128/><V78/><F130/><W64/><G117/><T45/><D120/><U125/><E125/><V97/><F134/><W84/><G131/><T21/><D133/><U81/><E65/><V124/><F124/><W121/><G135/><T83/><D83/><U92/><E74/><V17/><F78/><W110/><G110/><T61/><D1/><U100/><E100/><V85/><F85/><W27/><G3/><T50/><D6/><U19/><E107/><V102/><F49/><N who="3" m="30863" /><G121/><T29/><D29/><U103/><E103/><V109/><F109/><W0/><G0/><T82/><D82/><U31/><E105/><V66/><F101/><W99/><G112/><T123/><D123/><U69/><E69/><V42/><F34/><W122/><G122/><T53/><D114/><U72/><E72/><V75/><F75/><W7/><G7/><T76/><D76/><U108/><E108/><V8/><F42/><W33/><G33/><T44/><D70/><U96/><E31/><V129/><F129/><W71/><G71/><T40/><D37/><U35/><E41/><V5/><F5/><W106/><G106/><T127/><D127/><U32/><E32/><V10/><N who="2" m="2560" /><DORA hai="48" /><V115/><F115/><W132/><G132/><T113/><D113/><U58/><E46/><V91/><F102/><W89/><G89/><T79/><D79/><U56/><E35/><V2/><F2/><W30/><G27/><N who="0" m="14759" /><D40/><U126/><E126/><V43/><F43/><RYUUKYOKU ba="1,0" sc="337,-10,329,-10,220,-10,114,30" hai3="22,25,30,59,64,84,86,87,98,99" /><INIT seed="5,2,0,5,5,45" ten="327,319,210,144" oya="1" hai0="77,85,79,36,48,133,130,57,70,106,6,128,107" hai1="118,131,69,89,117,127,91,59,122,87,8,0,93" hai2="90,49,63,75,38,31,104,83,95,101,4,19,113" hai3="32,126,119,3,11,43,35,96,124,110,108,99,92"/><U78/><E69/><V98/><F38/><W72/><G43/><T116/><D116/><U16/><E122/><V58/><F31/><W46/><G46/><T12/><D70/><U86/><E127/><N who="3" m="48682" /><G72/><T61/><D36/><U20/><E131/><V76/><F4/><N who="3" m="1439" /><G92/><T24/><D24/><U51/><E78/><V74/><F74/><W109/><G99/><T123/><D133/><U14/><E0/><V132/><F132/><W18/><G96/><T73/><D73/><U15/><E15/><V30/><F30/><W41/><G41/><T22/><D12/><U23/><E118/><V68/><F68/><W21/><G119/><T111/><D79/><U33/><E33/><V82/><F82/><W105/><G105/><T9/><D77/><U84/><E117/><V53/><F113/><W29/><G29/><T39/><D39/><U112/><E112/><V129/><F129/><W25/><AGARI ba="2,0" hai="18,21,25,32,35,108,109,110" m="1439,48682" machi="25" ten="40,5200,0" yaku="18,1,34,2" doraHai="45" who="3" fromWho="3" sc="327,-15,319,-28,210,-15,144,58" /><INIT seed="6,0,0,1,2,52" ten="312,291,195,202" oya="2" hai0="89,66,79,80,48,17,45,25,125,61,51,14,24" hai1="97,47,115,33,46,13,117,62,65,129,55,121,53" hai2="134,41,116,22,126,78,7,98,58,39,40,93,30" hai3="29,100,59,73,69,92,99,18,3,75,70,111,42"/><V103/><F116/><W104/><G111/><T50/><D125/><U56/><E33/><V57/><F126/><W124/><G3/><T49/><D89/><U4/><E117/><V88/><F134/><W132/><G124/><T31/><D31/><U68/><E115/><V118/><F118/><W54/><G132/><T101/><D101/><U28/><E28/><V8/><F78/><W113/><G42/><N who="2" m="16489" /><F39/><W6/><G6/><T110/><D110/><U108/><E108/><V36/><F36/><W67/><G113/><T123/><D123/><U12/><E68/><V106/><F106/><W127/><G127/><T35/><D35/><U131/><E121/><V37/><F37/><W77/><G29/><T43/><D61/><U26/><E129/><V23/><F103/><W2/><G2/><T84/><D66/><U87/><E65/><V95/><F95/><W44/><G104/><T60/><D60/><U112/><E62/><V130/><F130/><W64/><G70/><T86/><D86/><U63/><E63/><V11/><F23/><AGARI ba="0,0" hai="14,17,23,24,25,43,45,48,49,50,51,79,80,84" machi="23" ten="40,1300,0" yaku="8,1" doraHai="52" who="0" fromWho="2" sc="312,13,291,0,195,-13,202,0" /><INIT seed="7,0,0,4,0,119" ten="325,291,182,202" oya="3" hai0="94,30,50,37,17,36,29,54,89,111,132,120,33" hai1="79,12,58,25,21,64,103,28,41,81,45,35,104" hai2="57,6,77,67,127,47,73,128,46,65,55,75,109" hai3="91,39,32,14,9,71,99,93,88,80,126,85,13"/><W110/><G39/><T96/><D120/><U117/><E117/><V7/><F109/><W113/><G71/><T124/><D111/><U125/><E125/><V18/><F127/><W40/><G32/><T5/><D124/><U49/><E104/><V95/><F128/><W26/><G126/><T61/><D5/><U11/><E103/><V78/><F95/><W44/><G113/><T135/><D61/><U129/><E129/><V123/><F18/><W27/><G110/><T84/><D17/><U52/><E64/><V66/><F75/><W51/><REACH who="3" step="1"/><G14/><REACH who="3" ten="325,291,182,192" step="2"/><T1/><D33/><U10/><E12/><V59/><F73/><W112/><G112/><T86/><D37/><U114/><E35/><V100/><F100/><W3/><G3/><T38/><D1/><U131/><E114/><V53/><REACH who="2" step="1"/><F67/><REACH who="2" ten="325,291,172,192" step="2"/><W106/><G106/><T130/><D130/><U15/><E131/><V2/><F2/><W82/><G82/><T122/><D135/><U31/><E15/><V105/><F105/><W98/><G98/><T76/><D132/><U101/><E101/><V56/><F56/><W22/><G22/><T19/><D96/><U108/><E108/><V92/><F92/><W115/><G115/><T121/><D94/><U116/><E116/><V107/><F107/><W16/><AGARI ba="0,2" hai="9,13,16,26,27,40,44,51,80,85,88,91,93,99" machi="16" ten="20,18000,2" yaku="1,1,0,1,7,1,8,1,54,2,53,0" doraHai="119" doraHaiUra="70" who="3" fromWho="3" sc="325,-60,291,-60,172,-60,192,200" owari="265,7.0,231,-17.0,112,-39.0,392,49.0" /></mjloggm>