<mjloggm ver="2.3"><GO type="41" lobby="0"/><UN n0="%E3%82%81%E3%81%8C%E3%81%AD%E3%81%95%E3%82%93" n1="%E3%81%98%E3%82%87%E3%83%BC%E3%81%98%E3%81%82" n2="%64%61%69%6F" n3="%E5%B0%B1%E6%B4%BB%E7%94%9F%40%E5%B7%9D%E6%9D%91%E8%BB%8D%E5%9B%A3" dan="13,14,15,18" rate="1930.77,1952.47,2021.37,2216.90" sx="M,M,M,M"/><TAIKYOKU oya="0"/><INIT seed="0,0,0,1,1,132" ten="250,250,250,250" oya="0" hai0="73,25,4,123,28,23,53,126,71,59,85,46,22" hai1="3,21,54,109,36,133,72,39,99,61,35,65,95" hai2="11,77,128,113,27,15,100,83,96,10,6,98,41" hai3="0,92,14,16,117,20,64,87,106,47,116,19,134"/><T26/><D73/><U38/><E35/><V89/><F113/><W45/><G106/><T82/><D71/><U118/><E3/><V90/><F41/><W101/><G134/><T32/><D123/><U67/><E72/><V78/><F27/><W127/><G0/><T75/><D75/><U7/><E7/><V93/><F128/><W120/><G120/><T114/><D114/><U55/><E67/><V33/><F33/><W40/><G64/><T131/><D131/><U86/><E118/><V107/><F83/><W18/><G47/><T102/><D102/><U122/><E122/><V29/><F29/><W112/><G112/><T74/><D74/><U110/><E86/><V129/><F129/><W81/><G92/><T30/><D46/><U108/><E21/><V125/><F90/><W130/><G101/><T50/><D32/><U49/><E49/><V79/><REACH who="2" step="1"/><F11/><REACH who="2" ten="250,250,240,250" step="2"/><W42/><G130/><T135/><D135/><U60/><E133/><V105/><F105/><W44/><G42/><T115/><D115/><U121/><E121/><V62/><F62/><W56/><G40/><T124/><D4/><U76/><E60/><V70/><F70/><W1/><G81/><T97/><D97/><U69/><E76/><AGARI ba="0,1" hai="22,23,25,26,28,30,50,53,59,76,82,85,124,126" machi="76" ten="40,7700,0" yaku="9,1,52,2" doraHai="132" who="0" fromWho="1" sc="250,87,250,-77,240,0,250,0" /><INIT seed="0,1,0,5,1,125" ten="337,173,240,250" oya="0" hai0="123,33,87,134,121,111,38,85,19,101,71,120,9" hai1="56,58,41,113,78,130,26,106,1,70,103,126,107" hai2="100,17,74,53,67,2,76,90,51,94,49,62,104" hai3="77,66,32,29,48,95,3,18,28,109,23,52,31"/><T89/><D38/><U57/><E1/><V132/><F2/><W99/><G3/><T20/><D33/><U75/><E126/><V7/><F7/><W108/><G77/><T135/><D71/><U79/><E70/><V124/><F124/><W81/><G81/><T46/><D46/><U44/><E113/><V11/><F49/><W127/><G66/><T6/><D101/><U25/><E75/><V91/><F91/><W59/><G127/><T82/><D85/><U40/><E103/><V55/><F55/><W69/><G32/><T119/><D119/><U21/><E58/><V24/><F104/><W36/><G69/><T114/><D114/><U96/><E96/><V110/><F100/><W39/><G95/><T92/><D82/><U15/><E15/><V65/><F62/><W72/><G72/><T83/><D83/><U13/><E13/><V131/><F76/><W42/><G42/><T88/><D89/><U45/><E21/><V115/><F90/><W102/><G102/><T12/><REACH who="0" step="1"/><D111/><REACH who="0" ten="327,173,240,250" step="2"/><N who="3" m="42569" /><G99/><T61/><D61/><U50/><E50/><V43/><F51/><W10/><G39/><T68/><D68/><U86/><E86/><V105/><F110/><W80/><G80/><T0/><AGARI ba="1,1" hai="0,6,9,12,19,20,87,88,92,120,121,123,134,135" machi="0" ten="40,12000,1" yaku="1,1,0,1,54,1,53,1" doraHai="125" doraHaiUra="8" who="0" fromWho="0" sc="327,133,173,-41,240,-41,250,-41" /><INIT seed="0,2,0,1,1,33" ten="460,132,199,209" oya="0" hai0="3,49,70,100,25,110,14,60,96,7,105,71,121" hai1="127,91,104,113,106,135,16,101,24,41,48,27,15" hai2="73,57,131,83,119,23,98,97,54,51,20,43,9" hai3="108,94,122,30,13,40,5,92,87,10,59,114,120"/><T65/><D121/><N who="3" m="46697" /><G114/><T12/><D70/><U63/><E113/><V118/><F43/><W124/><G124/><T66/><D66/><U125/><E135/><V64/><F64/><W45/><G108/><T129/><D129/><U123/><E123/><V2/><F131/><W93/><G30/><T47/><D110/><U50/><E63/><V77/><F97/><W11/><G59/><T74/><D74/><U44/><E50/><V53/><F98/><W72/><G72/><T18/><D25/><U76/><E76/><V130/><F53/><W38/><G11/><T55/><D7/><U95/><E101/><V0/><F9/><W56/><G56/><T6/><D6/><U39/><E39/><V28/><F130/><W90/><AGARI ba="2,0" hai="5,10,13,38,40,45,87,90,92,93,94" m="46697" machi="90" ten="30,1100,0" yaku="13,1" doraHai="33" who="3" fromWho="3" sc="460,-7,132,-5,199,-5,209,17" /><INIT seed="1,0,0,1,0,59" ten="453,127,194,226" oya="1" hai0="104,113,37,98,17,19,54,24,53,79,114,129,69" hai1="41,55,0,11,42,68,102,67,109,127,126,93,31" hai2="10,56,57,33,44,107,96,81,103,18,97,87,43" hai3="27,108,60,123,121,48,47,38,22,78,35,76,20"/><U3/><E31/><V73/><F73/><W74/><G38/><T34/><D37/><U7/><E0/><V9/><F33/><W92/><G108/><T21/><D79/><U119/><E119/><V71/><F71/><W65/><G35/><T111/><D111/><U90/><E102/><V72/><F72/><W77/><G74/><T52/><D129/><U66/><E55/><V32/><F32/><W133/><G92/><T50/><D50/><U6/><E6/><V46/><F97/><W29/><G22/><T135/><D135/><U112/><E112/><V61/><F57/><W25/><G25/><T116/><D116/><U62/><E67/><V132/><F132/><W82/><G82/><T45/><D45/><U49/><E49/><V89/><F18/><W5/><G5/><T8/><D34/><U122/><E122/><V26/><F26/><W115/><G115/><T39/><D39/><U131/><E131/><V23/><F23/><W14/><G14/><T4/><D69/><U91/><E91/><V16/><F43/><W95/><G95/><T110/><D19/><U70/><E68/><V28/><F28/><W86/><G86/><T15/><REACH who="0" step="1"/><D110/><REACH who="0" ten="443,127,194,226" step="2"/><U80/><E109/><V101/><F16/><W120/><G133/><T99/><D99/><U124/><E80/><V130/><F130/><W64/><G48/><T36/><D36/><U128/><E128/><V84/><F44/><W118/><G47/><T94/><D94/><U12/><E3/><V85/><F46/><W63/><G118/><T117/><D117/><U88/><E93/><V51/><F51/><RYUUKYOKU ba="0,1" sc="443,10,127,10,194,-30,226,10" hai0="4,8,15,17,21,24,52,53,54,98,104,113,114" hai1="7,11,12,41,42,62,66,70,88,90,124,126,127" hai3="20,27,29,60,63,64,65,76,77,78,120,121,123" /><INIT seed="1,1,1,1,5,52" ten="453,137,164,236" oya="1" hai0="3,12,25,46,44,54,85,92,21,16,103,30,28" hai1="69,110,74,19,53,18,47,121,20,112,132,64,26" hai2="108,65,129,128,32,133,87,41,61,131,82,36,134" hai3="11,59,71,5,43,66,35,120,117,113,124,91,94"/><U62/><E121/><V8/><F32/><W31/><G120/><T90/><D3/><U50/><E112/><V42/><F8/><W22/><G71/><T13/><D103/><U86/><E74/><V17/><F17/><W105/><G105/><T24/><D54/><U51/><E132/><N who="2" m="50795" /><F36/><W57/><G35/><T33/><REACH who="0" step="1"/><D13/><REACH who="0" ten="443,137,164,236" step="2"/><U73/><E110/><V1/><F1/><W6/><G113/><T72/><D72/><U88/><E73/><V96/><F108/><W118/><G118/><T9/><AGARI ba="1,2" hai="9,12,16,21,24,25,28,30,33,44,46,85,90,92" machi="9" ten="20,5200,0" yaku="1,1,0,1,7,1,54,1,53,0" doraHai="52" doraHaiUra="130" who="0" fromWho="0" sc="443,75,137,-27,164,-14,236,-14" /><INIT seed="2,0,0,0,1,129" ten="518,110,150,222" oya="2" hai0="95,88,8,86,90,64,9,124,65,133,2,109,43" hai1="5,7,31,123,121,130,72,38,132,32,73,91,102" hai2="57,33,80,84,113,108,56,94,19,30,81,93,76" hai3="12,82,29,120,114,77,74,20,47,119,14,66,54"/><V35/><F113/><W4/><G119/><T16/><D124/><U118/><E38/><V60/><F30/><W26/><G120/><T23/><D133/><U71/><E71/><V127/><F127/><W92/><G4/><T24/><D109/><U110/><E110/><V89/><F108/><W52/><G114/><T11/><D2/><U134/><E118/><V83/><F57/><W96/><G66/><T75/><D75/><N who="1" m="28747" /><E102/><V100/><F76/><W45/><G45/><T97/><D43/><U40/><E40/><V36/><F36/><W126/><G126/><T67/><D67/><U51/><E51/><V135/><F135/><N who="1" m="51753" /><E130/><V58/><F58/><W105/><G105/><T50/><D50/><U55/><E55/><V6/><F6/><N who="1" m="2057" /><E91/><V101/><F19/><W17/><G47/><T116/><D116/><U117/><E117/><V122/><F122/><N who="1" m="46601" /><E31/><V128/><F128/><W107/><G107/><T25/><D65/><U125/><E125/><V48/><F48/><W98/><G98/><T34/><D64/><U62/><E32/><V68/><F68/><W112/><G54/><T27/><D34/><U79/><E62/><V28/><F28/><W18/><G52/><T1/><D25/><U13/><E13/><V53/><F100/><W0/><G14/><T63/><D63/><U41/><E41/><V115/><F115/><W69/><G12/><T106/><D24/><U59/><E79/><V78/><F78/><W42/><G77/><T15/><D27/><U21/><E59/><V61/><F61/><W49/><G74/><T3/><D90/><U111/><E111/><RYUUKYOKU ba="0,0" sc="518,10,110,10,150,10,222,-30" hai0="1,3,8,9,11,15,16,23,86,88,95,97,106" hai1="21" hai2="33,35,53,56,60,80,81,83,84,89,93,94,101" /><INIT seed="2,1,0,2,1,36" ten="528,120,160,192" oya="2" hai0="93,17,74,76,104,4,65,113,80,53,115,40,1" hai1="23,97,90,50,68,134,66,114,130,42,77,117,44" hai2="100,39,84,45,3,22,127,15,37,28,58,10,16" hai3="51,71,70,89,14,29,73,120,46,125,72,24,121"/><V20/><F100/><W126/><G14/><T54/><D104/><U116/><E114/><V60/><F127/><N who="3" m="48651" /><G89/><T11/><D65/><U122/><E122/><N who="3" m="47210" /><G51/><T81/><D17/><U75/><E130/><V95/><F3/><W92/><G92/><T64/><D64/><U119/><E134/><V109/><F109/><W19/><G19/><T12/><D12/><U99/><E23/><V86/><F37/><W41/><G41/><T112/><D93/><U79/><E90/><V108/><F108/><W8/><G8/><T38/><D81/><U129/><E129/><V88/><F86/><W49/><G49/><T103/><D103/><U91/><E91/><V55/><REACH who="2" step="1"/><F28/><REACH who="2" ten="528,120,150,192" step="2"/><W21/><G72/><T85/><D85/><U111/><E111/><V107/><F107/><W7/><G73/><T82/><D82/><U33/><E75/><V13/><F13/><W128/><G128/><T56/><D115/><U6/><E119/><V135/><F135/><W69/><G7/><T118/><D113/><U34/><E6/><V31/><F31/><W2/><G2/><T63/><D112/><U57/><E116/><V110/><F110/><W132/><G132/><T26/><D118/><U105/><E117/><V52/><F52/><W133/><G133/><T96/><D54/><U94/><E105/><V87/><F87/><W106/><G106/><T9/><D96/><U18/><E97/><V0/><F0/><W48/><G29/><T102/><D1/><U62/><E18/><V98/><F98/><W25/><G25/><T30/><D26/><U101/><E68/><N who="3" m="26218" /><G24/><T35/><D30/><RYUUKYOKU ba="1,1" sc="528,-15,120,15,150,15,192,-15" hai1="33,34,42,44,50,57,62,66,77,79,94,99,101" hai2="10,15,16,20,22,39,45,55,58,60,84,88,95" /><INIT seed="2,2,1,5,0,60" ten="513,135,165,177" oya="2" hai0="74,109,62,21,75,125,110,78,70,50,64,58,93" hai1="15,121,132,29,10,18,112,131,94,57,77,69,8" hai2="52,48,85,43,51,19,124,133,99,80,89,12,128" hai3="84,42,7,16,118,95,2,26,130,83,17,53,33"/><V67/><F128/><W34/><G118/><T119/><D119/><U98/><E112/><V20/><F133/><W61/><G130/><T106/><D106/><U54/><E131/><V65/><F124/><W76/><G42/><T114/><D114/><U134/><E69/><V31/><F31/><W0/><G7/><T30/><D125/><U46/><E46/><N who="2" m="25695" /><F99/><W4/><G4/><T116/><D116/><U122/><E77/><V55/><F55/><W72/><G2/><T96/><D50/><N who="1" m="30935" /><E10/><V117/><F117/><W97/><G0/><T14/><D70/><U1/><E1/><V45/><AGARI ba="2,1" hai="12,19,20,45,51,52,65,67,80,85,89" m="25695" machi="45" ten="30,11700,0" yaku="8,1,52,2,54,1" doraHai="60" who="2" fromWho="2" sc="513,-41,135,-41,165,133,177,-41" /><INIT seed="2,3,0,0,0,107" ten="472,94,298,136" oya="2" hai0="113,58,104,36,69,68,4,2,75,106,12,11,119" hai1="45,43,127,85,128,118,126,132,103,88,84,100,114" hai2="0,16,50,129,15,18,133,55,56,80,57,78,29" hai3="97,8,54,52,86,112,124,63,30,17,37,21,24"/><V77/><F0/><W121/><G121/><T94/><D113/><U40/><E114/><V87/><F29/><W71/><G37/><T64/><D94/><U130/><E45/><V120/><F120/><W91/><G112/><T74/><D58/><U101/><E118/><V1/><F1/><W96/><G124/><N who="1" m="47658" /><E132/><V38/><F38/><W72/><G72/><N who="0" m="27691" /><D12/><U90/><E43/><V25/><F133/><W125/><G125/><T28/><D119/><U82/><E40/><V111/><F25/><W6/><G71/><N who="0" m="27211" /><D64/><U135/><E135/><V66/><F18/><W32/><G63/><T73/><N who="0" m="27699" /><T9/><DORA hai="99" /><D9/><U122/><E122/><V108/><F66/><W44/><G44/><T83/><D83/><AGARI ba="3,0" hai="82,83,84,85,88,90,100,101,103,128,130" m="47658" machi="83" ten="30,12000,2" yaku="18,1,34,2,52,3,54,1" doraHai="107,99" who="1" fromWho="0" sc="472,-129,94,129,298,0,136,0" /><INIT seed="3,0,0,3,3,30" ten="343,223,298,136" oya="3" hai0="60,130,84,63,123,114,101,121,134,119,74,17,89" hai1="20,49,100,13,93,104,33,23,131,125,51,76,109" hai2="15,27,85,94,26,9,12,42,135,41,75,16,38" hai3="79,29,96,40,77,72,127,62,3,19,48,87,82"/><W7/><G127/><T25/><D119/><U45/><E104/><V43/><F75/><W21/><G29/><T83/><D74/><U10/><E109/><V24/><F135/><W58/><G96/><T73/><D73/><U99/><E33/><V39/><F94/><W57/><G3/><T0/><D0/><U88/><E131/><V103/><F85/><W108/><G7/><T37/><D37/><U2/><E2/><V6/><REACH who="2" step="1"/><F103/><REACH who="2" ten="343,223,288,136" step="2"/><W46/><G108/><T28/><D134/><U4/><E100/><V126/><F126/><W59/><G72/><T61/><D84/><U55/><E125/><V80/><F80/><W133/><G133/><T71/><D83/><U50/><E76/><V31/><F31/><W117/><G117/><T95/><D101/><U34/><E93/><V54/><F54/><W68/><G77/><T64/><D95/><U66/><E55/><V44/><F44/><W14/><REACH who="3" step="1"/><G68/><REACH who="3" ten="343,223,288,126" step="2"/><T118/><D71/><U91/><E99/><V115/><F115/><W105/><G105/><T98/><D114/><U116/><E116/><V132/><F132/><W65/><AGARI ba="0,2" hai="14,19,21,40,46,48,57,58,59,62,65,79,82,87" machi="65" ten="20,7800,0" yaku="1,1,0,1,7,1,8,1,53,0" doraHai="30" doraHaiUra="97" who="3" fromWho="3" sc="343,-26,223,-26,288,-26,126,98" /><INIT seed="3,1,0,2,5,104" ten="317,197,262,224" oya="3" hai0="99,114,98,133,7,126,115,11,129,75,77,25,63" hai1="21,82,4,57,110,128,91,30,130,46,131,33,1" hai2="40,102,78,38,9,120,14,28,26,53,72,85,32" hai3="117,10,43,100,81,34,76,87,22,107,79,20,13"/><W18/><G34/><T50/><D129/><U29/><E110/><V92/><F120/><W36/><G117/><T61/><D133/><U88/><E33/><V109/><F109/><W116/><G116/><T125/><D50/><U23/><E46/><V73/><F40/><W60/><G60/><N who="0" m="23115" /><D25/><U74/><E57/><V86/><F38/><W16/><G79/><T111/><D111/><U105/><E105/><V93/><F53/><W65/><G65/><T55/><D55/><U94/><E4/><V132/><F132/><W62/><G62/><T69/><D69/><U118/><E1/><V101/><F92/><W64/><G64/><T134/><D134/><U52/><E52/><V51/><F51/><W6/><G100/><T0/><D98/><U97/><E118/><V71/><F71/><W17/><REACH who="3" step="1"/><G107/><REACH who="3" ten="317,197,262,214" step="2"/><T3/><D77/><N who="1" m="44343" /><E91/><V35/><F101/><W83/><G83/><T84/><D125/><U103/><E103/><V45/><F35/><W27/><G27/><T127/><D126/><U95/><E95/><V59/><F102/><W41/><G41/><T44/><D127/><U90/><E90/><V48/><F78/><W70/><G70/><T19/><D115/><U37/><E128/><V24/><F93/><W49/><G49/><T121/><D114/><U108/><E108/><V2/><F26/><W80/><G80/><T56/><D121/><U12/><E130/><V42/><F24/><W15/><G15/><T89/><D89/><U135/><E88/><V39/><F14/><W68/><G68/><T119/><D119/><U31/><E131/><V124/><F124/><RYUUKYOKU ba="1,1" sc="317,-10,197,-10,262,-10,214,30" hai3="6,10,13,16,17,18,20,22,36,43,76,81,87" /><INIT seed="3,2,1,2,2,57" ten="307,187,252,244" oya="3" hai0="33,75,29,87,102,78,25,47,18,24,9,46,112" hai1="90,125,6,5,85,97,134,99,28,56,96,95,107" hai2="2,100,13,17,94,114,127,8,92,38,101,22,52" hai3="42,109,44,62,45,115,106,116,68,35,129,84,128"/><W135/><G116/><T79/><D75/><U83/><E134/><V89/><F38/><W131/><G115/><T34/><D112/><U16/><E125/><V81/><F127/><W23/><G35/><T73/><D73/><U53/><E28/><V121/><F121/><W3/><G3/><T67/><D102/><U117/><E117/><V132/><F132/><W65/><G135/><T37/><D37/><U69/><E69/><V4/><F81/><W76/><G106/><T71/><D9/><U119/><E107/><V61/><F94/><W77/><G109/><T70/><D87/><U26/><E83/><V60/><F114/><W36/><G45/><T103/><D103/><U19/><E119/><V104/><F104/><W118/><G118/><T72/><D72/><U21/><E19/><V55/><F55/><W43/><G43/><T111/><D18/><U27/><E26/><V110/><F110/><W0/><G0/><T86/><D86/><U32/><E32/><V91/><F91/><W10/><G10/><T74/><D74/><U40/><E40/><V105/><F105/><W108/><G108/><T39/><D39/><U15/><E27/><V1/><F1/><W122/><G122/><T66/><REACH who="0" step="1"/><D111/><REACH who="0" ten="297,187,252,244" step="2"/><U59/><E5/><V64/><F101/><W12/><G84/><T51/><D51/><U41/><E6/><V120/><F100/><W133/><G133/><T31/><AGARI ba="2,2" hai="24,25,29,31,33,34,46,47,66,67,70,71,78,79" machi="31" ten="25,6400,0" yaku="1,1,0,1,22,2,53,0" doraHai="57" doraHaiUra="123" who="0" fromWho="0" sc="297,90,187,-18,252,-18,244,-34" /><INIT seed="4,0,0,1,4,112" ten="387,169,234,210" oya="0" hai0="117,66,49,107,48,31,23,135,134,69,11,21,28" hai1="97,85,96,3,19,121,119,120,123,58,29,71,34" hai2="38,76,131,61,44,106,42,33,52,39,30,109,126" hai3="75,68,82,55,88,59,125,13,129,94,57,47,116"/><T22/><D107/><U14/><E71/><V87/><F109/><W130/><G68/><T102/><D102/><U25/><E3/><V95/><F106/><W114/><G114/><T36/><D36/><U12/><E85/><V20/><F33/><W63/><G125/><T16/><D69/><U122/><E58/><V0/><F0/><W74/><G47/><T46/><D66/><U98/><N who="1" m="31232" /><DORA hai="43" /><U35/><E35/><V86/><F39/><W10/><G59/><T89/><D89/><U113/><E113/><V1/><F1/><W111/><G116/><T7/><D117/><U99/><E119/><V62/><F87/><W73/><G82/><T79/><D79/><U67/><E67/><V92/><F86/><W110/><G88/><T56/><D56/><U104/><E104/><V32/><F32/><W84/><G94/><T27/><D48/><U2/><E2/><V53/><F76/><W124/><G84/><T40/><D7/><U54/><E54/><V90/><F90/><W8/><G8/><T24/><D11/><U70/><E70/><V60/><F126/><W115/><G115/><T50/><D50/><U15/><N who="1" m="25088" /><DORA hai="6" /><U45/><REACH who="1" step="1"/><E45/><REACH who="1" ten="387,159,234,210" step="2"/><V17/><F53/><W83/><G124/><T9/><D46/><U64/><E64/><V78/><F52/><W133/><G111/><T26/><D40/><U80/><E80/><V105/><F105/><W101/><G83/><T118/><D118/><U81/><E81/><V91/><F42/><W72/><G110/><T4/><D49/><U77/><E77/><V103/><F44/><W127/><G55/><RYUUKYOKU ba="0,1" sc="387,15,159,15,234,-15,210,-15" hai0="4,9,16,21,22,23,24,26,27,28,31,134,135" hai1="12,14,15,19,25,29,34" /><INIT seed="4,1,1,4,1,114" ten="402,174,219,195" oya="0" hai0="118,9,106,94,25,131,122,107,111,70,121,49,78" hai1="37,75,97,104,54,56,93,33,36,28,79,63,99" hai2="113,26,95,40,62,32,17,16,65,100,46,14,13" hai3="68,11,64,71,72,73,117,59,41,112,3,22,82"/><T76/><D70/><U66/><E104/><V57/><F113/><W12/><G112/><T38/><D38/><U126/><E126/><V98/><F32/><W35/><G35/><T29/><D49/><U127/><E127/><V130/><F130/><W88/><G117/><T119/><D9/><U83/><E99/><V1/><F1/><W74/><G41/><T10/><D10/><U60/><E28/><V48/><REACH who="2" step="1"/><F26/><REACH who="2" ten="402,174,209,195" step="2"/><W50/><G3/><T4/><D25/><U109/><E33/><V55/><F55/><W19/><G64/><T2/><D2/><U96/><E54/><V24/><F24/><W81/><G72/><T91/><D131/><U120/><E66/><V30/><F30/><W133/><G73/><T105/><D29/><U84/><E75/><V89/><F89/><W116/><G74/><T129/><D129/><U87/><E120/><N who="0" m="46185" /><D4/><U86/><E109/><V47/><F47/><W31/><G31/><T58/><D111/><U67/><E67/><V90/><F90/><W18/><G88/><T6/><D6/><U108/><E108/><V110/><F110/><W39/><G19/><AGARI ba="1,2" hai="13,14,16,17,19,40,46,48,57,62,65,95,98,100" machi="19" ten="40,8000,1" yaku="1,1,8,1,54,1,53,1" doraHai="114" doraHaiUra="44" who="2" fromWho="3" sc="402,0,174,0,209,103,195,-83" /><INIT seed="5,0,0,4,2,94" ten="402,174,312,112" oya="1" hai0="42,80,72,62,40,44,104,7,21,133,41,16,67" hai1="110,59,0,125,46,35,75,119,27,8,17,32,90" hai2="51,14,122,100,126,103,106,47,24,9,34,127,68" hai3="39,117,63,128,81,134,76,45,52,5,112,135,83"/><U23/><E119/><V29/><F68/><W113/><G5/><T70/><D133/><N who="3" m="50697" /><G117/><T1/><D104/><U95/><E75/><V88/><F122/><W43/><G128/><T120/><D120/><U2/><E125/><V6/><F106/><W71/><G76/><T66/><D66/><U12/><E110/><V22/><F34/><W98/><G98/><T28/><D28/><U93/><E93/><V89/><F103/><W105/><G105/><T132/><D132/><U109/><E109/><V129/><F100/><W97/><G97/><T85/><D72/><U79/><E79/><V61/><F61/><W101/><G101/><T38/><D7/><U49/><E59/><V123/><F129/><W57/><G71/><T26/><D1/><U108/><E108/><V15/><F14/><W58/><G83/><T118/><D118/><U92/><E92/><V4/><F6/><W96/><G96/><T69/><D69/><U31/><E35/><V99/><F99/><W102/><G81/><T74/><D74/><U13/><E32/><V53/><F123/><W91/><G91/><AGARI ba="0,0" hai="16,21,26,38,40,41,42,44,62,67,70,80,85,91" machi="91" ten="30,2000,0" yaku="7,1,54,1" doraHai="94" who="0" fromWho="3" sc="402,20,174,0,312,0,112,-20" /><INIT seed="6,0,0,2,5,114" ten="422,174,312,92" oya="2" hai0="45,65,132,33,125,8,82,126,39,97,83,112,67" hai1="120,135,107,19,36,16,95,68,91,85,75,119,37" hai2="18,31,7,46,72,28,81,70,43,109,10,55,118" hai3="113,110,11,108,99,103,12,69,71,131,116,2,49"/><V23/><F70/><W34/><G34/><T4/><D112/><U60/><E107/><V3/><F55/><W90/><G113/><T14/><D33/><U122/><E75/><V38/><F109/><W100/><G2/><T124/><D132/><U15/><E135/><V77/><REACH who="2" step="1"/><F118/><REACH who="2" ten="422,174,302,92" step="2"/><W92/><G116/><T51/><D39/><U1/><E119/><V52/><F52/><W129/><G71/><T104/><D65/><U0/><E36/><V6/><F6/><W17/><G69/><T98/><D67/><U59/><E68/><V30/><F30/><W111/><REACH who="3" step="1"/><G49/><REACH who="3" ten="422,174,302,82" step="2"/><T50/><D51/><U26/><E37/><V32/><F32/><W87/><G87/><T121/><D50/><U123/><E85/><V22/><F22/><W42/><G42/><T84/><D84/><U101/><E123/><V127/><F127/><W106/><G106/><T24/><D121/><U128/><E122/><V41/><F41/><W47/><G47/><T27/><D45/><U115/><E115/><V64/><F64/><W78/><G78/><T13/><D104/><U105/><E105/><V21/><F21/><W48/><G48/><T25/><D13/><AGARI ba="0,2" hai="3,7,10,13,18,23,28,31,38,43,46,72,77,81" machi="13" ten="30,12000,1" yaku="1,1,7,1,25,2,53,1" doraHai="114" doraHaiUra="5" who="2" fromWho="0" sc="422,-120,174,0,302,140,82,0" /><INIT seed="6,1,0,5,0,45" ten="302,174,442,82" oya="2" hai0="91,89,8,38,15,24,110,95,10,96,101,9,123" hai1="77,112,40,0,93,133,111,1,46,31,134,23,87" hai2="16,97,78,118,122,39,130,109,41,2,116,69,11" hai3="20,73,12,56,22,106,135,119,99,70,68,66,53"/><V107/><F78/><W64/><G119/><T102/><D38/><U100/><E111/><V88/><F69/><W30/><G73/><T51/><D110/><U131/><E131/><V43/><F2/><W62/><G135/><T28/><D123/><U18/><E31/><V115/><F107/><W128/><G128/><T52/><D15/><U29/><E29/><V33/><F33/><W105/><G30/><T90/><D101/><U19/><E19/><V3/><F3/><W74/><G74/><T132/><D132/><U83/><E0/><V94/><F122/><W58/><G99/><T108/><D108/><U63/><E1/><V129/><F109/><W79/><G12/><T72/><D72/><U80/><E112/><V4/><F4/><W98/><G98/><T6/><D6/><U61/><E83/><V85/><F97/><W75/><G75/><T35/><REACH who="0" step="1"/><D10/><REACH who="0" ten="292,174,442,82" step="2"/><U117/><E100/><V27/><F39/><W32/><G32/><T44/><AGARI ba="1,1" hai="8,9,24,28,35,44,51,52,89,90,91,95,96,102" machi="44" ten="30,8000,1" yaku="1,1,2,1,0,1,52,1,54,1,53,0" doraHai="45" doraHaiUra="55" who="0" fromWho="0" sc="292,93,174,-21,442,-41,82,-21" /><INIT seed="7,0,0,4,3,42" ten="385,153,401,61" oya="3" hai0="95,54,50,69,86,13,90,12,85,70,19,107,75" hai1="60,25,129,24,21,135,62,45,51,7,46,118,119" hai2="128,100,114,102,74,20,48,68,103,93,96,76,9" hai3="120,92,78,108,32,66,33,81,16,133,43,8,111"/><W89/><G120/><T22/><D75/><U37/><E129/><V11/><F68/><W55/><G66/><T115/><D115/><U53/><E7/><V35/><F35/><W126/><G126/><T4/><D107/><U49/><E37/><V5/><F114/><W1/><G133/><T15/><D86/><U61/><E135/><V26/><F128/><W130/><G130/><T80/><D80/><U29/><E25/><V34/><F34/><W3/><G43/><T59/><D13/><U58/><E49/><V77/><F74/><W122/><G122/><T125/><D125/><U88/><E88/><N who="2" m="55335" /><F48/><W47/><G78/><N who="2" m="30313" /><F5/><W132/><G132/><T57/><D57/><U117/><AGARI ba="0,0" hai="21,24,29,45,46,51,53,58,60,61,62,117,118,119" machi="117" ten="40,8000,1" yaku="0,1,12,1,52,2" doraHai="42" who="1" fromWho="1" sc="385,-20,153,80,401,-20,61,-40" owari="365,17.0,233,-17.0,381,48.0,21,-48.0" /></mjloggm>