<mjloggm ver="2.3"><GO type="169" lobby="0"/><UN n0="%E3%81%97%E3%82%85%E3%81%86%E3%83%BC%E3%80%82" n1="%E3%81%BE%E3%82%8B%E3%81%9F%E3%82%8D%E3%81%86" n2="%6A%75%6E%6F%6E" n3="%E5%B0%B1%E6%B4%BB%E7%94%9F%40%E5%B7%9D%E6%9D%91%E8%BB%8D%E5%9B%A3" dan="18,17,17,17" rate="2299.40,2123.89,2189.17,2235.31" sx="M,M,M,M"/><TAIKYOKU oya="0"/><INIT seed="0,0,0,5,2,69" ten="250,250,250,250" oya="0" hai0="94,46,58,99,134,18,40,27,5,108,37,23,77" hai1="110,114,55,20,7,41,84,44,22,38,60,52,103" hai2="17,116,112,96,86,106,75,6,91,132,12,0,82" hai3="90,62,117,120,133,68,66,109,78,97,11,31,71"/><T70/><D70/><U1/><E110/><V36/><F112/><W124/><G31/><T45/><D134/><U13/><E114/><V47/><F132/><W59/><G78/><T42/><D108/><U33/><E33/><V119/><F75/><W35/><G11/><T54/><D77/><U49/><E1/><V95/><F106/><W2/><G90/><T76/><D76/><U121/><E121/><V28/><F28/><W10/><G97/><T115/><D115/><U16/><E7/><V100/><F6/><W56/><G10/><T111/><D111/><U92/><E60/><V122/><F0/><W127/><G35/><T51/><D5/><U63/><E63/><V29/><F29/><W131/><G2/><T135/><D135/><U93/><E93/><V43/><REACH who="2" step="1"/><F122/><REACH who="2" ten="250,250,240,250" step="2"/><W98/><G120/><T67/><D67/><U19/><E19/><V129/><F129/><W74/><G74/><T102/><REACH who="0" step="1"/><D42/><REACH who="0" ten="240,250,240,250" step="2"/><U39/><E41/><V89/><F89/><W3/><G66/><T25/><D25/><U30/><E55/><V34/><F34/><W87/><G109/><T73/><D73/><U113/><E52/><V125/><F125/><W79/><G127/><T24/><D24/><U80/><E113/><V48/><F48/><W50/><G124/><T9/><D9/><AGARI ba="0,2" hai="9,12,17,36,43,47,82,86,91,95,96,100,116,119" machi="9" ten="40,5200,0" yaku="1,1,52,1,53,1" doraHai="69" doraHaiUra="8" who="2" fromWho="0" sc="240,-52,250,0,240,72,250,0" /><INIT seed="1,0,0,0,4,10" ten="188,250,312,250" oya="1" hai0="4,3,99,59,123,89,37,66,120,52,90,93,0" hai1="50,48,82,5,18,78,16,55,60,125,36,56,91" hai2="118,95,122,33,129,19,35,114,32,21,92,100,133" hai3="64,94,112,53,113,69,97,126,70,83,23,31,87"/><U116/><E116/><V96/><F118/><W20/><G126/><T8/><D37/><U119/><E119/><V13/><F122/><W61/><G70/><T104/><D104/><U81/><E36/><V74/><F133/><W101/><G53/><T86/><D66/><U128/><E128/><V9/><F129/><W132/><G132/><T110/><D110/><U109/><E125/><V24/><F74/><W105/><G94/><T40/><D40/><U15/><E91/><V124/><F124/><W130/><G130/><T58/><D0/><U2/><E2/><V115/><REACH who="2" step="1"/><F95/><REACH who="2" ten="188,250,302,250" step="2"/><W88/><REACH who="3" step="1"/><G31/><AGARI ba="0,1" hai="9,13,19,21,24,31,32,33,35,92,96,100,114,115" machi="31" ten="40,5200,0" yaku="1,1,2,1,52,1,53,0" doraHai="10" doraHaiUra="68" who="2" fromWho="3" sc="188,0,250,0,302,62,250,-52" /><INIT seed="2,0,0,0,5,26" ten="188,250,364,198" oya="2" hai0="100,8,82,94,108,74,44,119,65,25,3,19,41" hai1="99,88,10,11,66,114,132,12,68,1,34,86,6" hai2="43,92,21,42,49,75,129,5,111,60,35,113,46" hai3="93,59,37,72,71,32,84,54,83,123,29,73,52"/><V85/><F35/><W110/><G37/><T90/><D108/><U81/><E114/><V4/><F75/><W47/><G71/><T7/><D119/><U77/><E132/><V18/><F111/><W124/><G123/><T38/><D65/><U101/><E34/><V67/><F129/><W57/><G110/><T39/><D100/><U22/><E22/><V2/><F2/><W115/><G115/><T97/><D38/><U117/><E117/><V64/><F43/><W27/><G124/><T33/><D19/><U103/><E66/><N who="2" m="25131" /><F60/><W98/><G47/><T55/><D55/><U53/><E68/><V87/><F113/><W78/><G57/><T133/><D133/><U131/><E131/><V104/><F104/><W14/><G14/><T9/><D9/><U63/><E63/><V23/><F23/><W80/><G59/><T107/><D107/><U69/><E69/><V0/><F0/><W106/><G106/><T48/><D48/><U20/><E20/><V120/><F120/><W127/><G127/><T96/><D96/><U125/><E53/><V40/><F42/><W112/><G112/><T62/><D62/><U17/><E125/><V122/><F122/><W95/><G73/><T70/><D70/><U58/><E58/><V13/><F92/><W89/><G95/><T56/><D56/><U30/><E1/><V130/><F130/><W61/><G61/><T31/><D74/><U118/><E118/><V79/><F87/><W105/><G105/><T135/><D135/><U45/><E86/><V109/><F109/><W15/><G15/><T28/><D82/><AGARI ba="0,0" hai="4,5,13,18,21,40,46,49,79,82,85" m="25131" machi="82" ten="30,2900,0" yaku="6,1,8,1" doraHai="26" who="2" fromWho="0" sc="188,-29,250,0,364,29,198,0" /><INIT seed="2,1,0,2,5,113" ten="159,250,393,198" oya="2" hai0="10,112,17,95,42,30,43,117,106,82,69,119,126" hai1="90,114,131,87,34,64,60,74,91,105,101,54,15" hai2="50,49,26,107,134,27,75,24,31,53,12,38,18" hai3="76,67,61,77,133,47,94,59,92,125,52,13,108"/><V72/><F38/><W104/><G104/><T48/><D106/><U4/><E34/><V28/><F107/><W115/><G115/><T40/><D112/><U0/><E0/><V45/><F134/><W8/><G108/><T127/><D69/><U71/><E74/><V68/><F68/><W85/><G125/><N who="0" m="47627" /><D30/><U37/><E37/><V120/><F120/><W93/><G133/><T121/><D121/><U128/><E114/><V35/><F75/><W16/><G85/><T83/><D48/><AGARI ba="1,0" hai="8,13,16,47,48,52,59,61,67,76,77,92,93,94" machi="48" ten="40,5200,0" yaku="8,1,54,2" doraHai="113" who="3" fromWho="0" sc="159,-55,250,0,393,0,198,55" /><INIT seed="3,0,0,1,1,46" ten="104,250,393,253" oya="3" hai0="47,90,78,5,122,3,84,109,34,119,44,115,121" hai1="0,92,70,8,108,15,10,62,106,48,91,58,42" hai2="74,55,23,65,7,35,24,99,117,77,110,124,39" hai3="134,17,127,86,49,50,79,41,56,61,4,82,28"/><W33/><G134/><T96/><D119/><U21/><E106/><V88/><F117/><W111/><G4/><T2/><D34/><U57/><E108/><V45/><F35/><W85/><G111/><T66/><D109/><U22/><E70/><V64/><F7/><W53/><G127/><T113/><D66/><U105/><E105/><V83/><F124/><W94/><G41/><T36/><D96/><U68/><E68/><V69/><F69/><W97/><G85/><T51/><D78/><U100/><E100/><V13/><F13/><W54/><G54/><N who="0" m="30055" /><D5/><U14/><E0/><V12/><F99/><W104/><G104/><T40/><D3/><U135/><E135/><V129/><F77/><W25/><REACH who="3" step="1"/><G17/><REACH who="3" ten="104,250,393,243" step="2"/><T1/><D1/><U30/><E42/><V26/><F110/><W114/><G114/><N who="0" m="43531" /><D2/><U123/><E123/><V133/><F133/><W18/><G18/><T112/><N who="0" m="43539" /><T63/><DORA hai="73" /><D63/><U60/><E60/><V67/><F55/><W81/><G81/><AGARI ba="0,1" hai="36,40,47,81,84,90,121,122" m="43539,30055" machi="81" ten="40,2600,0" yaku="11,1,52,1" doraHai="46,73" who="0" fromWho="3" sc="104,36,250,0,393,0,243,-26" /><INIT seed="4,0,0,3,4,133" ten="140,250,393,217" oya="0" hai0="47,112,52,12,75,113,128,91,82,125,93,84,97" hai1="77,43,106,70,100,23,67,60,94,34,21,11,59" hai2="19,86,54,103,57,127,37,31,18,5,38,3,64" hai3="28,76,41,48,114,26,122,96,81,32,36,40,130"/><T95/><D75/><U118/><E118/><V24/><F64/><W88/><G114/><N who="0" m="44139" /><D128/><U66/><E106/><V7/><F127/><W51/><G122/><T46/><D12/><U44/><E34/><V132/><F132/><W74/><G130/><T89/><D125/><U123/><E123/><V53/><F103/><W4/><G4/><T135/><D135/><U92/><E77/><V120/><F86/><W39/><G48/><N who="0" m="28695" /><D47/><U107/><E43/><V61/><F120/><W116/><G116/><T9/><D9/><U126/><E44/><V45/><F45/><W65/><G65/><T58/><D58/><U111/><E11/><V15/><F38/><W115/><G115/><T16/><D95/><U85/><E94/><V102/><F37/><W49/><G49/><T98/><D98/><U63/><E92/><V0/><F15/><W27/><G27/><T108/><D108/><U1/><E111/><V8/><F57/><W104/><G104/><T6/><D6/><U99/><E126/><V56/><F5/><W29/><G39/><T87/><D87/><U69/><E85/><V13/><F13/><W72/><G36/><T22/><D22/><N who="1" m="8203" /><E59/><V83/><F56/><W50/><G74/><T30/><D30/><U80/><E1/><V110/><F0/><W131/><G29/><T62/><D62/><U25/><E25/><V90/><F61/><W134/><G131/><T2/><D2/><U129/><E129/><V10/><F110/><W78/><G134/><T73/><D73/><U117/><E117/><V55/><F8/><W14/><G72/><T101/><D101/><RYUUKYOKU ba="0,0" sc="140,15,250,15,393,-15,217,-15" hai0="16,82,84,89,91,93,97" hai1="60,63,66,67,69,70,80,99,100,107" /><INIT seed="4,1,0,3,2,97" ten="155,265,378,202" oya="0" hai0="90,113,64,14,103,68,88,86,29,59,13,102,25" hai1="54,77,69,81,100,17,10,26,41,105,118,45,80" hai2="108,74,20,125,124,109,111,129,49,131,4,94,55" hai3="32,117,78,24,0,56,132,120,2,83,82,12,1"/><T112/><D68/><U87/><E118/><V99/><F4/><W36/><G117/><T73/><D73/><U122/><E69/><V89/><F20/><W92/><G36/><T57/><D64/><U5/><E54/><V23/><F23/><W3/><G132/><T47/><D47/><U79/><E105/><V38/><F38/><W76/><G120/><T65/><D65/><U18/><E100/><N who="0" m="38441" /><D29/><U27/><E122/><V104/><F104/><W16/><G56/><N who="0" m="21579" /><D25/><U110/><E45/><N who="2" m="28079" /><F74/><W63/><G63/><T98/><D98/><U127/><E26/><V28/><F28/><W60/><G60/><T91/><D86/><U30/><E87/><V134/><F134/><W6/><G24/><T35/><D35/><U119/><E119/><V62/><F62/><W107/><G32/><T128/><D128/><AGARI ba="1,0" hai="89,94,99,108,109,111,124,125,128,129,131" m="28079" machi="128" ten="40,1300,0" yaku="19,1" doraHai="97" who="2" fromWho="0" sc="155,-16,265,0,378,16,202,0" /><INIT seed="5,0,0,0,2,31" ten="139,265,394,202" oya="1" hai0="40,74,70,121,100,61,23,3,113,110,120,91,118" hai1="2,63,22,20,12,71,49,58,19,135,28,89,90" hai2="101,10,44,59,112,51,76,85,41,108,1,39,57" hai3="84,106,62,73,50,67,64,130,93,33,129,82,81"/><U128/><E2/><V60/><F108/><W109/><G106/><T55/><D3/><U66/><E128/><N who="3" m="49258" /><G109/><T43/><D110/><U80/><E135/><V46/><F112/><W119/><G119/><T14/><D74/><U123/><E123/><N who="0" m="47177" /><D100/><U124/><E124/><V48/><F101/><W105/><G105/><T107/><D107/><U102/><E102/><V53/><F1/><W99/><G33/><T25/><D14/><U30/><E22/><V86/><F10/><W32/><G32/><T116/><D91/><U117/><E117/><N who="0" m="45161" /><D25/><U65/><E90/><V54/><F76/><N who="3" m="44175" /><G50/><T17/><D17/><U21/><E49/><V96/><F96/><W87/><G62/><T103/><D23/><U26/><E30/><V134/><REACH who="2" step="1"/><F134/><REACH who="2" ten="139,265,384,202" step="2"/><W79/><G87/><T72/><D72/><U126/><E89/><AGARI ba="0,1" hai="64,67,79,82,84,89,93,99" m="44175,49258" machi="89" ten="30,1000,0" yaku="19,1" doraHai="31" who="3" fromWho="1" sc="139,0,265,-10,384,0,202,20" /><INIT seed="6,0,0,1,0,64" ten="139,255,384,222" oya="2" hai0="26,51,103,48,124,91,18,5,129,81,2,131,7" hai1="57,58,119,36,43,82,115,123,34,94,88,108,42" hai2="14,65,133,62,100,31,4,98,121,41,49,52,116" hai3="126,59,68,16,134,93,67,25,85,15,53,102,118"/><V135/><F41/><W89/><G118/><T111/><D111/><U11/><E108/><V21/><F121/><W83/><G134/><T92/><D103/><U3/><E34/><V117/><F4/><W61/><G126/><T97/><D124/><U0/><E119/><V105/><F117/><W6/><G6/><T32/><D81/><U120/><E82/><V86/><F86/><W23/><G102/><T84/><D97/><U73/><E73/><V13/><F116/><W114/><G114/><T113/><D113/><U101/><E101/><V125/><F125/><W28/><G83/><T71/><D7/><N who="1" m="1511" /><E3/><V30/><F135/><W127/><G127/><T54/><D5/><U8/><E8/><V122/><F122/><N who="1" m="46633" /><E115/><V56/><F133/><W104/><G104/><T60/><D2/><U46/><E43/><V35/><F35/><W112/><G112/><T109/><D109/><U27/><E27/><V37/><F37/><W75/><G75/><T9/><D32/><U55/><E55/><V87/><F87/><AGARI ba="0,0" hai="36,42,46,57,58,87,88,94" m="46633,1511" machi="87" ten="30,2000,0" yaku="13,1,54,1" doraHai="64" who="1" fromWho="2" sc="139,0,255,20,384,-20,222,0" /><INIT seed="7,0,0,4,3,41" ten="139,275,364,222" oya="3" hai0="92,27,1,42,46,6,83,128,103,106,108,21,121" hai1="133,80,126,104,98,37,19,25,79,7,90,86,130" hai2="132,94,71,32,127,23,49,56,102,39,111,118,116" hai3="124,30,35,40,123,85,20,65,134,61,107,12,38"/><W77/><G107/><T97/><D108/><U51/><E37/><V48/><F32/><W70/><G35/><T99/><D121/><U109/><E109/><V74/><F39/><W34/><G34/><T13/><D128/><U54/><E7/><V119/><F71/><W120/><G124/><T60/><D1/><U44/><E130/><V36/><F36/><W2/><G2/><T5/><D83/><U84/><E133/><V47/><F132/><W31/><G134/><T11/><D60/><U110/><E110/><V93/><F111/><W3/><G3/><T4/><D99/><U95/><E104/><V0/><F0/><W55/><G55/><T52/><D106/><U76/><E126/><V113/><F127/><W26/><G31/><T18/><REACH who="0" step="1"/><D42/><REACH who="0" ten="129,275,364,222" step="2"/><N who="1" m="24983" /><E98/><V105/><F105/><W100/><G40/><T64/><D64/><U66/><E66/><V17/><F119/><W16/><G65/><T29/><D29/><U68/><E80/><V88/><F118/><W81/><G61/><T73/><D73/><U112/><E95/><V45/><F74/><W63/><G63/><T114/><D114/><U82/><E82/><V91/><F116/><W15/><G30/><T50/><AGARI ba="0,1" hai="4,5,6,11,13,18,21,27,46,50,52,92,97,103" machi="50" ten="30,8000,1" yaku="1,1,0,1,8,1,52,1,54,1,53,0" doraHai="41" doraHaiUra="58" who="0" fromWho="0" sc="129,90,275,-20,364,-20,222,-40" owari="219,-18.0,255,6.0,344,44.0,182,-32.0" /></mjloggm>