<mjloggm ver="2.3"><GO type="169" lobby="0"/><UN n0="%E3%83%88%E3%83%88%E3%83%AA%E5%85%88%E7%94%9F%31%39%E6%AD%B3" n1="%E3%83%8B%E3%83%A3%E3%83%83%E3%83%94%E3%83%BC%E5%A4%8F%E7%9B%AE" n2="%E4%B8%80%E9%83%8E%2E" n3="%E3%83%95%E3%83%AB%E3%82%BC%E3%83%B3%E3%83%84" dan="18,16,17,18" rate="2228.95,2136.06,2160.75,2209.61" sx="F,M,F,M"/><TAIKYOKU oya="0"/><INIT seed="0,0,0,0,3,85" ten="250,250,250,250" oya="0" hai0="57,107,80,50,42,64,72,89,23,99,128,69,83" hai1="49,91,73,17,92,108,35,54,56,67,52,82,32" hai2="21,40,44,36,90,133,87,37,58,88,70,14,121" hai3="120,59,61,0,38,6,46,94,129,26,124,134,41"/><T122/><D122/><U96/><E108/><V125/><F121/><W77/><G120/><T3/><D3/><U79/><E67/><V130/><F70/><W102/><G124/><T39/><D128/><U93/><E17/><V84/><F125/><W33/><G129/><T15/><D72/><U31/><E31/><V103/><F37/><W127/><G127/><T110/><D110/><U29/><E29/><V18/><F130/><W114/><G114/><T106/><D39/><U55/><REACH who="1" step="1"/><E93/><REACH who="1" ten="250,240,250,250" step="2"/><V48/><F133/><W60/><G134/><T75/><D64/><U111/><E111/><V98/><F36/><W2/><G94/><T7/><D106/><U115/><E115/><V109/><F109/><W51/><G38/><T9/><D107/><U66/><E66/><V63/><F103/><W118/><G102/><T68/><D69/><U43/><E43/><V95/><REACH who="2" step="1"/><F90/><REACH who="2" ten="250,240,240,250" step="2"/><W113/><G113/><T28/><D89/><U4/><E4/><V11/><F11/><W135/><G6/><T1/><D9/><U131/><E131/><V19/><F19/><W62/><G135/><T13/><D68/><U132/><E132/><V25/><F25/><W81/><G26/><T24/><D7/><U117/><E117/><V47/><F47/><W16/><G118/><T34/><D24/><U8/><E8/><V105/><F105/><W12/><G16/><T86/><D28/><U126/><E126/><V20/><F20/><W100/><G46/><T30/><D23/><U45/><E45/><V123/><F123/><W53/><G100/><T27/><D30/><U97/><E97/><RYUUKYOKU ba="0,2" sc="250,-15,240,15,240,15,250,-15" hai1="32,35,49,52,54,55,56,73,79,82,91,92,96" hai2="14,18,21,40,44,48,58,63,84,87,88,95,98" /><INIT seed="1,1,2,3,5,26" ten="235,255,255,235" oya="1" hai0="127,30,48,28,3,62,125,34,102,44,95,73,7" hai1="129,118,133,92,111,56,106,112,82,23,21,57,17" hai2="123,2,120,94,46,105,88,96,61,8,109,99,68" hai3="25,79,32,31,63,104,43,9,86,11,108,113,80"/><U51/><E106/><V10/><F109/><W52/><G104/><T77/><D34/><U132/><E112/><V98/><F46/><W27/><G113/><T6/><D73/><U91/><E118/><V131/><F131/><W15/><G108/><T64/><D77/><U19/><E111/><V71/><F105/><W5/><G43/><T0/><D95/><U59/><E82/><V121/><F61/><W39/><G39/><T93/><D93/><U116/><E116/><V22/><F22/><N who="1" m="8201" /><E129/><V4/><REACH who="2" step="1"/><F10/><REACH who="2" ten="235,255,245,235" step="2"/><W29/><G9/><T20/><D20/><U122/><E122/><V85/><AGARI ba="1,3" hai="2,4,8,68,71,85,88,94,96,98,99,120,121,123" machi="85" ten="40,8000,1" yaku="1,1,2,1,0,1,54,1,53,0" doraHai="26" doraHaiUra="100" who="2" fromWho="2" sc="235,-21,255,-41,245,113,235,-21" /><INIT seed="2,0,0,4,4,101" ten="214,214,358,214" oya="2" hai0="129,2,0,37,115,25,40,106,86,100,54,117,4" hai1="74,62,53,90,44,1,3,75,51,66,91,85,92" hai2="67,70,56,20,134,47,22,96,132,135,5,127,29" hai3="35,9,107,30,89,7,108,126,103,63,17,111,26"/><V88/><F127/><W15/><G126/><T95/><D115/><U79/><E91/><V43/><F70/><W21/><G89/><T124/><D124/><U39/><E39/><N who="2" m="22015" /><F5/><W99/><REACH who="3" step="1"/><G63/><REACH who="3" ten="214,214,358,204" step="2"/><T31/><D117/><U61/><E61/><N who="2" m="38311" /><F29/><W27/><AGARI ba="0,1" hai="7,9,15,17,21,26,27,30,35,99,103,107,108,111" machi="27" ten="30,4000,0" yaku="1,1,0,1,52,1,53,0" doraHai="101" doraHaiUra="49" who="3" fromWho="3" sc="214,-10,214,-10,358,-20,204,50" /><INIT seed="3,0,0,3,5,11" ten="204,204,338,254" oya="3" hai0="0,96,38,121,97,119,114,76,80,9,78,53,92" hai1="116,104,88,124,71,108,26,7,2,32,107,48,27" hai2="60,82,20,21,56,43,46,37,64,129,12,122,34" hai3="57,125,40,118,13,51,1,22,123,6,126,115,95"/><W109/><G115/><T94/><D38/><U110/><E71/><V106/><F34/><W133/><G118/><T18/><D119/><U112/><E112/><V98/><F129/><W31/><G123/><T85/><D114/><U134/><E116/><V81/><F122/><W63/><G133/><T68/><D121/><U75/><E75/><V5/><F5/><W89/><G1/><T101/><D68/><U28/><E26/><V103/><REACH who="2" step="1"/><F21/><REACH who="2" ten="204,204,328,254" step="2"/><W91/><G6/><T42/><D0/><U4/><E7/><V55/><F55/><W102/><G126/><T67/><D53/><U36/><E4/><V35/><F35/><W50/><G125/><T105/><D9/><U83/><E124/><V58/><F58/><W29/><G40/><T131/><D42/><U74/><E2/><V93/><F93/><W44/><G57/><T73/><D131/><U62/><E32/><V99/><F99/><W111/><G111/><T69/><D69/><U45/><E110/><V77/><F77/><W30/><G109/><T16/><D67/><U59/><E59/><V127/><F127/><W120/><G120/><T47/><D105/><U10/><E107/><V25/><F25/><W132/><G22/><T86/><D78/><U79/><E104/><V49/><F49/><W14/><G51/><T61/><D94/><U100/><E79/><V17/><AGARI ba="0,1" hai="12,17,20,37,43,46,56,60,64,81,82,98,103,106" machi="17" ten="30,4000,0" yaku="1,1,0,1,52,1,53,0" doraHai="11" doraHaiUra="72" who="2" fromWho="2" sc="204,-10,204,-10,328,50,254,-20" /><INIT seed="4,0,0,3,5,63" ten="194,194,378,234" oya="0" hai0="2,33,86,90,112,13,6,60,98,69,72,43,109" hai1="127,36,74,7,83,123,101,28,102,130,100,48,41" hai2="1,117,39,71,29,122,76,78,89,16,126,26,105" hai3="51,45,68,95,108,124,61,42,47,11,91,77,73"/><T0/><D72/><U34/><E123/><V66/><F1/><W84/><G108/><T119/><D119/><U56/><E130/><V46/><F122/><W20/><G124/><T10/><D33/><U129/><E129/><V133/><F133/><W24/><G11/><T120/><D120/><U37/><E127/><V53/><F105/><W59/><G68/><T35/><D35/><U65/><E7/><V14/><F89/><W79/><G47/><T49/><D109/><U113/><E113/><V93/><F93/><W9/><G9/><T38/><D38/><U19/><E19/><V104/><F104/><W18/><REACH who="3" step="1"/><G73/><REACH who="3" ten="194,194,378,224" step="2"/><T96/><D112/><U54/><E74/><V88/><F71/><W97/><G97/><T31/><D98/><U80/><E37/><V128/><F39/><W92/><G92/><T57/><D96/><U118/><E36/><V8/><F8/><W32/><G32/><T114/><D69/><U25/><E118/><V107/><F107/><W94/><G94/><N who="0" m="54615" /><D114/><U64/><REACH who="1" step="1"/><E41/><REACH who="1" ten="194,184,378,224" step="2"/><V106/><F117/><W12/><G12/><T27/><D13/><U23/><E23/><V115/><F14/><W52/><AGARI ba="0,2" hai="18,20,24,42,45,51,52,59,61,77,79,84,91,95" machi="52" ten="20,12000,2" yaku="1,1,0,1,7,1,8,1,54,1,53,1" doraHai="63" doraHaiUra="50" who="3" fromWho="3" sc="194,-60,184,-30,378,-30,224,140" /><INIT seed="5,0,0,1,3,117" ten="134,154,348,364" oya="1" hai0="25,66,35,64,99,115,107,36,24,65,106,112,76" hai1="127,69,133,82,114,46,34,63,62,70,125,73,113" hai2="108,57,93,43,45,88,5,12,94,120,74,3,77" hai3="21,6,8,83,134,100,22,71,56,89,2,17,9"/><U31/><E31/><V51/><F120/><W80/><G71/><N who="1" m="27146" /><E34/><V28/><F108/><W87/><G134/><T119/><D119/><U104/><E104/><N who="0" m="39977" /><D36/><U79/><E133/><V33/><F94/><W29/><G100/><T116/><D116/><U30/><E30/><V95/><F95/><W97/><G97/><T72/><D99/><U90/><E90/><V60/><F3/><W1/><G29/><T78/><D72/><U37/><E63/><V132/><F132/><W129/><G22/><T128/><D128/><U59/><E46/><V52/><F28/><W13/><G129/><T75/><D75/><U67/><E37/><V86/><F33/><W111/><G111/><T91/><D91/><U32/><E32/><V19/><F5/><W44/><G44/><T81/><D81/><U84/><E73/><V40/><F74/><W48/><G83/><T27/><D35/><U42/><E42/><N who="2" m="25015" /><F77/><AGARI ba="0,0" hai="24,25,27,64,65,66,76,77,78,112,115" m="39977" machi="77" ten="40,2600,0" yaku="28,2" doraHai="117" who="0" fromWho="2" sc="134,26,154,0,348,-26,364,0" /><INIT seed="6,0,0,5,3,4" ten="160,154,322,364" oya="2" hai0="70,13,87,34,46,5,134,108,120,14,121,118,40" hai1="124,60,51,30,116,132,74,110,93,42,6,98,31" hai2="19,75,81,78,128,24,69,43,35,101,11,85,123" hai3="9,109,130,131,115,8,3,63,57,100,96,97,126"/><V106/><F43/><W62/><G109/><T53/><D108/><U47/><E110/><V114/><F114/><W67/><G115/><T48/><D34/><U79/><E116/><V59/><F59/><N who="3" m="37343" /><G3/><T37/><D134/><U17/><E132/><V104/><F69/><W84/><G84/><T38/><D118/><U23/><E124/><V83/><F101/><W44/><G44/><T45/><D70/><U135/><E135/><V77/><F128/><N who="3" m="49195" /><G126/><T127/><D127/><U28/><E6/><V15/><REACH who="2" step="1"/><F123/><REACH who="2" ten="160,154,312,364" step="2"/><W88/><G100/><T7/><D121/><U64/><E64/><V68/><F68/><W41/><G41/><T39/><D120/><U32/><E60/><V0/><F0/><W71/><G71/><T82/><D39/><U86/><E32/><V129/><F129/><W55/><G97/><T54/><D38/><U76/><E86/><V73/><F73/><W112/><G112/><T111/><D111/><U36/><E74/><V22/><F22/><W20/><G20/><T25/><D37/><U103/><REACH who="1" step="1"/><E36/><REACH who="1" ten="160,144,312,364" step="2"/><V125/><F125/><W133/><G133/><T18/><D40/><U107/><E107/><V66/><F66/><W105/><G105/><T1/><D87/><U92/><E92/><AGARI ba="0,2" hai="8,9,55,57,63,88,92,96" m="49195,37343" machi="92" ten="30,7700,0" yaku="19,1,52,2,54,1" doraHai="4" who="3" fromWho="1" sc="160,0,144,-77,312,0,364,97" /><INIT seed="7,0,0,1,5,63" ten="160,67,312,461" oya="3" hai0="106,69,73,60,54,59,85,42,27,78,44,3,98" hai1="134,110,115,87,40,10,51,101,17,19,25,11,79" hai2="24,20,105,50,121,118,37,21,6,97,117,88,5" hai3="89,2,131,26,0,116,126,55,129,80,113,100,132"/><W90/><G116/><T4/><D73/><U1/><E110/><V18/><F50/><W7/><G113/><T86/><D78/><U35/><E115/><V95/><F105/><W67/><G90/><T114/><D114/><U32/><E101/><V102/><F37/><W16/><G0/><T127/><D127/><U15/><E40/><V57/><F121/><W13/><G26/><T34/><D3/><U52/><E134/><V14/><F117/><W93/><G100/><N who="0" m="62743" /><D4/><U112/><E112/><V28/><F118/><W53/><G67/><N who="0" m="41191" /><D54/><U43/><E43/><V91/><F57/><W122/><G129/><T68/><D59/><U31/><E1/><V120/><F120/><W130/><G89/><AGARI ba="0,0" hai="5,6,14,18,20,21,24,28,88,89,91,95,97,102" machi="89" ten="40,2600,0" yaku="8,1,54,1" doraHai="63" who="2" fromWho="3" sc="160,0,67,0,312,26,461,-26" owari="160,-24.0,67,-43.0,338,14.0,435,53.0" /></mjloggm>