<mjloggm ver="2.3"><GO type="169" lobby="0"/><UN n0="%E4%B8%89%E9%BA%BB%E4%BA%AD%E3%81%97%E3%81%BC%E3%82%8A" n1="%67%6F%75%73%69" n2="%E5%B0%B1%E6%B4%BB%E7%94%9F%40%E5%B7%9D%E6%9D%91%E8%BB%8D%E5%9B%A3" n3="%43%2E%43%2E%E3%82%B5%E3%83%90%E3%82%B7%E3%82%A2" dan="16,17,17,16" rate="2077.14,2146.57,2131.78,2058.24" sx="M,M,M,F"/><TAIKYOKU oya="0"/><INIT seed="0,0,0,1,5,89" ten="250,250,250,250" oya="0" hai0="27,15,109,41,8,125,112,55,102,110,72,2,17" hai1="25,129,20,22,132,10,53,4,68,92,52,3,58" hai2="31,131,39,13,87,35,18,118,96,12,75,43,60" hai3="100,71,49,105,80,61,91,50,99,32,117,119,104"/><T48/><D112/><U51/><E68/><V98/><F75/><W97/><G105/><T116/><D116/><U85/><E132/><V54/><F13/><W108/><G108/><T69/><D72/><U33/><E129/><V37/><F131/><W7/><G7/><T66/><D41/><U57/><E33/><V9/><F87/><W83/><G83/><T130/><D130/><U81/><E25/><V107/><F107/><W95/><G80/><T101/><D2/><U56/><E92/><V77/><F77/><W59/><G32/><T30/><D66/><U121/><E121/><V11/><F11/><W0/><G0/><T120/><D69/><U63/><REACH who="1" step="1"/><E56/><REACH who="1" ten="250,240,250,250" step="2"/><V82/><F35/><W16/><G71/><T84/><D120/><U86/><E86/><V36/><F96/><W73/><G73/><T106/><D84/><U128/><E128/><V111/><F98/><W76/><G117/><T23/><D125/><U44/><E44/><V115/><F118/><W124/><G119/><T126/><D126/><U90/><AGARI ba="0,1" hai="3,4,10,20,22,51,52,53,57,58,63,81,85,90" machi="90" ten="20,8000,1" yaku="1,1,0,1,7,1,54,1,53,1" doraHai="89" doraHaiUra="47" who="1" fromWho="1" sc="250,-40,240,90,250,-20,250,-20" /><INIT seed="1,0,0,5,3,84" ten="210,330,230,230" oya="1" hai0="28,98,76,81,9,15,59,125,45,60,127,1,83" hai1="117,23,34,92,128,102,88,106,97,39,10,29,48" hai2="118,121,71,17,110,47,130,73,104,56,5,7,96" hai3="91,35,52,6,40,64,42,70,43,54,114,68,24"/><U124/><E39/><V75/><F71/><W53/><G114/><T126/><D1/><U86/><E117/><V63/><F118/><W77/><G77/><T116/><D116/><U65/><E124/><V13/><F121/><W112/><G112/><T74/><D83/><U66/><E34/><V49/><F130/><W119/><G119/><T122/><D122/><U18/><E128/><V61/><F110/><W79/><G79/><T95/><D28/><U120/><E120/><V32/><F32/><W107/><G107/><T123/><D45/><U50/><E29/><V44/><F44/><W135/><G6/><T14/><D123/><U78/><E10/><V82/><F61/><W85/><G135/><T33/><D33/><U55/><E78/><V99/><F82/><W12/><G12/><T69/><D69/><U131/><E50/><V30/><F30/><W27/><G35/><T11/><D15/><U105/><E105/><V51/><F51/><W115/><G115/><T19/><D9/><U20/><E20/><V133/><F75/><W3/><G3/><T108/><D108/><U0/><E0/><V4/><F73/><W21/><G21/><T26/><D26/><N who="3" m="9769" /><G64/><T46/><D46/><N who="1" m="28055" /><E131/><V89/><F104/><W134/><G134/><T67/><REACH who="0" step="1"/><D127/><REACH who="0" ten="200,330,230,230" step="2"/><U31/><E31/><V57/><F47/><W25/><G25/><T100/><AGARI ba="0,1" hai="11,14,19,59,60,67,74,76,81,95,98,100,125,126" machi="100" ten="30,7900,0" yaku="1,1,2,1,0,1,53,1" doraHai="84" doraHaiUra="8" who="0" fromWho="0" sc="200,89,330,-39,230,-20,230,-20" /><INIT seed="2,0,0,5,1,117" ten="289,291,210,210" oya="2" hai0="109,92,47,127,113,115,46,131,124,25,41,23,83" hai1="58,111,38,22,36,132,104,27,15,26,50,11,54" hai2="59,118,14,77,99,21,0,123,8,84,116,69,74" hai3="71,96,61,10,133,35,70,20,34,126,80,42,60"/><V13/><F123/><W28/><G126/><N who="0" m="48171" /><D109/><U43/><E104/><V51/><F69/><W5/><G42/><T101/><D131/><U12/><E111/><V91/><F74/><W45/><G45/><N who="0" m="16907" /><D41/><U85/><E132/><V129/><F129/><W78/><G20/><T31/><D83/><U63/><E43/><V6/><F77/><W103/><G60/><T105/><D105/><U67/><E15/><V39/><F99/><AGARI ba="0,0" hai="23,25,31,92,99,101,113,115" m="16907,48171" machi="99" ten="30,1000,0" yaku="18,1" doraHai="117" who="0" fromWho="2" sc="289,10,291,0,210,-10,210,0" /><INIT seed="3,0,0,2,5,46" ten="299,291,200,210" oya="3" hai0="13,113,85,6,50,80,37,100,134,123,78,61,79" hai1="65,99,31,11,58,43,83,3,14,62,71,131,81" hai2="109,41,73,101,135,69,119,88,124,115,23,133,10" hai3="38,4,33,95,17,90,35,29,59,53,5,121,24"/><W97/><G121/><T34/><D123/><U68/><E3/><V126/><F69/><W86/><G38/><T9/><D37/><U32/><E43/><V15/><F73/><W30/><G17/><T87/><D34/><U0/><E0/><V82/><F101/><W107/><G107/><T112/><D100/><U132/><E31/><V116/><F41/><W102/><G30/><T28/><D61/><U110/><E32/><V47/><F47/><W122/><G35/><T27/><D134/><N who="2" m="51210" /><F115/><W91/><G122/><T56/><D27/><U114/><E114/><V51/><F51/><W54/><G54/><T39/><D28/><U7/><E132/><V76/><F23/><W89/><REACH who="3" step="1"/><G86/><REACH who="3" ten="299,291,200,200" step="2"/><T125/><D39/><U21/><E65/><V129/><F116/><W1/><G1/><T108/><D113/><U22/><E7/><N who="2" m="3551" /><F119/><W55/><G55/><T105/><D105/><U127/><E110/><V104/><F104/><W70/><G70/><T12/><D108/><U120/><E68/><V19/><F19/><W36/><G36/><T74/><D112/><U72/><E71/><V67/><F67/><W40/><G40/><T26/><D87/><U52/><E52/><V48/><F109/><W98/><G98/><T96/><D96/><U44/><E99/><V49/><F129/><W111/><G111/><T57/><D85/><U18/><E131/><V8/><F8/><W117/><G117/><T25/><D9/><U92/><E11/><V106/><F106/><W60/><AGARI ba="0,1" hai="4,5,24,29,33,53,59,60,89,90,91,95,97,102" machi="60" ten="30,3000,0" yaku="1,1,0,1,53,0" doraHai="46" doraHaiUra="128" who="3" fromWho="3" sc="299,-10,291,-10,200,-10,200,40" /><INIT seed="3,1,0,0,1,10" ten="289,281,190,240" oya="3" hai0="111,45,56,13,104,29,106,118,123,127,47,120,105" hai1="109,8,75,43,72,89,73,70,103,46,86,6,130" hai2="55,19,110,2,34,82,57,126,66,38,95,16,35" hai3="52,36,65,91,133,42,119,23,60,15,32,124,3"/><W26/><G119/><T74/><D118/><U50/><E70/><V69/><F2/><W108/><G3/><T107/><N who="0" m="27136" /><DORA hai="9" /><T58/><D74/><U1/><E103/><V98/><F38/><W12/><G32/><T5/><D29/><U80/><REACH who="1" step="1"/><E109/><REACH who="1" ten="289,271,190,240" step="2"/><V100/><F110/><W31/><G108/><T79/><D111/><U24/><E24/><V87/><F126/><W64/><G124/><T0/><D127/><U37/><E37/><V121/><F121/><W77/><G36/><T59/><D0/><U49/><E49/><V84/><F35/><W115/><G26/><T96/><D123/><U48/><E48/><V101/><F34/><W14/><G115/><T28/><D120/><U135/><E135/><V81/><F101/><W71/><G133/><T76/><D28/><U83/><E83/><V114/><F114/><W78/><G31/><T90/><D13/><U62/><E62/><V88/><F69/><W67/><G71/><T18/><D18/><U30/><E30/><V25/><F25/><W85/><G23/><T116/><D5/><U33/><E33/><V17/><F82/><N who="3" m="49591" /><G42/><T68/><D116/><U113/><E113/><V93/><F81/><W134/><G134/><T7/><D7/><U132/><E132/><V27/><F27/><W53/><G60/><T22/><D22/><U4/><E4/><V129/><F129/><AGARI ba="1,1" hai="1,6,8,43,46,50,72,73,75,80,86,89,129,130" machi="129" ten="50,1600,0" yaku="1,1,53,0" doraHai="10,9" doraHaiUra="117,102" who="1" fromWho="2" sc="289,0,271,29,190,-19,240,0" /><INIT seed="4,0,0,5,3,34" ten="289,300,171,240" oya="0" hai0="77,88,125,4,127,115,109,102,106,78,76,45,92" hai1="10,35,73,50,126,104,13,24,80,124,18,71,114" hai2="111,1,31,130,113,67,42,90,14,118,87,6,63" hai3="21,26,68,7,52,93,98,5,135,121,133,122,23"/><T75/><D4/><N who="3" m="1609" /><G68/><T85/><D45/><U74/><E71/><V9/><F111/><W131/><G131/><T27/><D27/><U69/><E69/><V134/><F130/><W107/><G107/><T12/><D12/><U43/><E104/><V58/><F134/><N who="3" m="51211" /><G52/><T61/><D61/><U101/><E101/><V120/><F120/><N who="3" m="46187" /><G26/><T51/><D51/><U129/><E50/><V86/><F118/><W33/><G33/><T96/><D109/><U53/><E53/><V110/><F110/><W112/><G112/><T28/><D28/><U22/><E35/><V99/><F113/><W123/><G123/><T54/><D115/><U17/><E129/><V84/><F31/><W64/><G64/><T20/><D54/><U100/><E114/><V38/><F38/><W41/><G41/><T103/><D20/><U105/><E43/><V91/><F42/><W39/><G39/><T119/><D119/><U62/><E62/><V40/><F40/><W132/><G132/><T70/><D70/><U2/><E24/><V19/><REACH who="2" step="1"/><F99/><REACH who="2" ten="289,300,161,240" step="2"/><W60/><G60/><T30/><D30/><U32/><E32/><V48/><F48/><W82/><G82/><N who="0" m="45343" /><D102/><AGARI ba="0,1" hai="21,23,93,98,102" m="46187,51211,1609" machi="102" ten="30,2000,0" yaku="20,1,13,1" doraHai="34" who="3" fromWho="0" sc="289,-20,300,0,161,0,240,30" /><INIT seed="5,0,0,1,0,114" ten="269,300,161,270" oya="1" hai0="104,5,13,72,85,135,99,31,29,89,82,12,126" hai1="30,81,131,128,100,66,10,127,65,111,124,59,95" hai2="118,36,38,52,120,62,46,90,92,116,8,110,64" hai3="74,130,22,102,96,108,115,94,49,9,43,79,32"/><U67/><E30/><V91/><F110/><W63/><G32/><T56/><D126/><N who="1" m="48171" /><E10/><V17/><F120/><W14/><G108/><T103/><D135/><U40/><E81/><V16/><F8/><W60/><G115/><T112/><D112/><U105/><E105/><V117/><F38/><W51/><G130/><N who="1" m="49706" /><E95/><V35/><F35/><W55/><G43/><T0/><D0/><U113/><E100/><V101/><F101/><W106/><G51/><T19/><D5/><U3/><E3/><V21/><F92/><W119/><G22/><T44/><D72/><U39/><E113/><V87/><F87/><W57/><G106/><T6/><D6/><U69/><E111/><V71/><F17/><W97/><G97/><T42/><D12/><U23/><E23/><V48/><REACH who="2" step="1"/><F36/><REACH who="2" ten="269,300,151,270" step="2"/><W132/><G102/><T18/><D18/><U125/><E125/><V107/><F107/><W75/><G94/><T122/><D122/><U73/><E73/><V76/><F76/><W86/><G75/><T2/><D2/><U58/><E69/><V7/><F7/><W41/><G74/><T68/><D68/><U11/><E11/><V98/><F98/><W134/><G96/><T47/><D19/><U25/><E25/><AGARI ba="0,1" hai="16,21,25,46,48,52,62,64,71,90,91,116,117,118" machi="25" ten="40,12000,2" yaku="1,1,52,3,54,2,53,1" doraHai="114" doraHaiUra="20" who="2" fromWho="1" sc="269,0,300,-120,151,130,270,0" /><INIT seed="6,0,0,3,5,115" ten="269,180,281,270" oya="2" hai0="128,81,68,88,79,15,3,98,87,113,95,54,58" hai1="48,55,94,75,20,4,105,106,31,73,67,24,30" hai2="2,47,77,97,38,89,93,9,21,39,33,25,28" hai3="42,29,111,43,10,121,19,78,130,51,11,120,41"/><V8/><F77/><W69/><G111/><T36/><D113/><U46/><E105/><V131/><F131/><W135/><G69/><T23/><D128/><U92/><E106/><V64/><F64/><W124/><G130/><T32/><D68/><U14/><E73/><V132/><F132/><W90/><G29/><T34/><D3/><U57/><E75/><V107/><F107/><W84/><G78/><T6/><D36/><U133/><E133/><V7/><F9/><W13/><G135/><T86/><D98/><U16/><E4/><V22/><F47/><W72/><G72/><T50/><REACH who="0" step="1"/><D6/><REACH who="0" ten="259,180,281,270" step="2"/><U62/><REACH who="1" step="1"/><E30/><REACH who="1" ten="259,170,281,270" step="2"/><V63/><F28/><W27/><G120/><T40/><D40/><U117/><E117/><V122/><F122/><W103/><G121/><T101/><D101/><U56/><E56/><V70/><F7/><W35/><G103/><T110/><D110/><U118/><E118/><V125/><F70/><W0/><G43/><T100/><D100/><U123/><E123/><V44/><F44/><W104/><G42/><T109/><D109/><U96/><E96/><V17/><F97/><W66/><G41/><T12/><D12/><U37/><E37/><V99/><F38/><W71/><G71/><T119/><D119/><U85/><E85/><V65/><F39/><W52/><G13/><T127/><D127/><U26/><E26/><V114/><F125/><W45/><G84/><T76/><D76/><U1/><E1/><V126/><F126/><W5/><G0/><T83/><D83/><U60/><E60/><V53/><F2/><W116/><G124/><RYUUKYOKU ba="0,2" sc="259,15,170,15,281,-15,270,-15" hai0="15,23,32,34,50,54,58,79,81,86,87,88,95" hai1="14,16,20,24,31,46,48,55,57,62,67,92,94" /><INIT seed="7,1,2,3,3,43" ten="274,185,266,255" oya="3" hai0="102,122,71,24,14,29,12,134,97,10,52,42,15" hai1="3,80,104,103,86,50,132,61,11,39,63,105,128" hai2="47,58,59,38,20,13,28,55,60,99,51,76,108" hai3="79,40,8,107,1,77,90,67,75,135,133,110,101"/><W54/><G110/><T18/><D122/><U82/><E39/><V95/><F108/><W70/><G40/><T109/><D109/><U81/><E128/><V85/><F38/><W41/><G41/><T6/><D71/><U121/><E121/><V94/><F60/><N who="3" m="40295" /><G90/><T129/><D129/><U111/><E111/><V5/><F5/><N who="3" m="1071" /><G54/><T65/><D65/><U120/><E120/><V92/><F99/><N who="3" m="61887" /><G79/><T35/><D134/><U4/><E132/><V88/><F76/><W0/><G0/><N who="0" m="327" /><D52/><U69/><E50/><V131/><F131/><W57/><G57/><N who="2" m="21513" /><F13/><W45/><G45/><T19/><D42/><U22/><E86/><V89/><F89/><W72/><G72/><T56/><D56/><U27/><E103/><V31/><F20/><W112/><G112/><T118/><D97/><U68/><E68/><V116/><F116/><W66/><G66/><T114/><D102/><U87/><E87/><V26/><F26/><W124/><G124/><T30/><D114/><U49/><E49/><V36/><F36/><W96/><G96/><T23/><D118/><U117/><E117/><V91/><F91/><W125/><G125/><T78/><D78/><U119/><E119/><V100/><F100/><W123/><G123/><T126/><D126/><U130/><E130/><V53/><F53/><W33/><G33/><T25/><AGARI ba="1,2" hai="12,14,15,18,19,23,24,25,29,30,35" m="327" machi="25" ten="30,8000,1" yaku="35,5" doraHai="43" who="0" fromWho="0" sc="274,103,185,-21,266,-21,255,-41" owari="377,48.0,164,-34.0,245,5.0,214,-19.0" /></mjloggm>