<mjloggm ver="2.3"><GO type="169" lobby="0"/><UN n0="%E3%81%9F%E3%81%8C%E3%81%BF%E5%89%9B" n1="%E7%99%BD%E9%B9%BF%E6%84%9B%E8%8E%89" n2="%E7%94%9F%E8%82%89%E3%81%A7%E3%81%99%E3%82%88" n3="%E3%82%A6%E3%83%AB%E3%83%88%E3%83%A9%E7%AB%8B%E7%9B%B4" dan="16,16,17,17" rate="2067.15,2142.15,2161.35,2206.32" sx="M,F,M,M"/><TAIKYOKU oya="0"/><INIT seed="0,0,0,4,3,84" ten="250,250,250,250" oya="0" hai0="115,45,50,23,22,123,25,75,6,128,101,76,11" hai1="134,78,27,2,93,99,35,10,87,51,41,61,40" hai2="56,106,89,26,104,114,24,98,17,21,58,64,90" hai3="91,49,9,4,126,135,67,80,46,65,117,20,66"/><T63/><D123/><U116/><E116/><V108/><F114/><W0/><G117/><T52/><D115/><U129/><E129/><V28/><F108/><W72/><G135/><T73/><D128/><U74/><E74/><V16/><F98/><W109/><G109/><T81/><D101/><U70/><E51/><V100/><F100/><W120/><G126/><T37/><D63/><U132/><E87/><V118/><F118/><W110/><G110/><T119/><D119/><U42/><E78/><V130/><F21/><W15/><G120/><T30/><D37/><U133/><E2/><V85/><F85/><N who="3" m="50599" /><G0/><T103/><D103/><N who="1" m="60911" /><E10/><V95/><F95/><W13/><G72/><T43/><D75/><U97/><E97/><V86/><F86/><W29/><G29/><T59/><D23/><U55/><E27/><V34/><F130/><W19/><G66/><T79/><D81/><U3/><E3/><V127/><F127/><W82/><G82/><T54/><D73/><U48/><E35/><V47/><F64/><W83/><G83/><T62/><REACH who="0" step="1"/><D43/><AGARI ba="0,0" hai="4,9,13,15,19,20,43,46,49,65,67" m="50599" machi="43" ten="30,2000,0" yaku="8,1,52,1" doraHai="84" who="3" fromWho="0" sc="250,-20,250,0,250,0,250,20" /><INIT seed="1,0,0,5,2,79" ten="230,250,250,270" oya="1" hai0="99,83,106,63,42,100,66,70,67,89,125,23,41" hai1="8,81,101,69,5,98,118,25,50,117,121,77,33" hai2="1,120,132,29,90,85,55,24,19,110,107,124,112" hai3="131,109,74,46,15,88,40,82,91,113,28,133,38"/><U14/><E121/><V57/><F1/><W37/><G113/><T3/><D3/><U97/><E69/><V122/><F112/><W135/><G37/><T51/><D125/><U128/><E128/><V22/><F107/><W9/><G28/><T49/><D67/><U123/><E123/><V0/><F0/><W10/><G131/><T64/><D64/><U6/><E5/><V48/><F124/><W61/><G61/><T65/><D65/><U80/><E98/><V129/><F129/><W43/><G43/><T92/><D23/><U115/><E115/><V78/><F78/><N who="3" m="44375" /><G9/><T32/><D32/><U36/><E36/><V72/><F72/><W76/><G76/><T39/><D42/><U126/><E126/><V60/><F132/><N who="3" m="50763" /><G109/><T56/><D70/><U119/><E77/><V111/><F60/><W134/><N who="3" m="50771" /><W108/><DORA hai="18" /><G108/><N who="2" m="41513" /><F29/><W96/><G96/><T54/><D39/><U114/><E50/><V62/><F62/><W16/><AGARI ba="0,0" hai="10,15,16,38,40,46,88,91" m="50771,44375" machi="16" ten="40,8000,1" yaku="20,1,52,1,54,2" doraHai="79,18" who="3" fromWho="3" sc="230,-20,250,-40,250,-20,270,80" /><INIT seed="2,0,0,1,2,19" ten="210,210,230,350" oya="2" hai0="54,94,107,56,81,43,79,133,77,11,103,119,22" hai1="17,96,8,125,47,83,60,61,6,23,14,30,104" hai2="12,21,44,114,41,62,93,92,109,80,102,89,75" hai3="122,106,29,27,117,31,53,105,40,99,110,3,127"/><V34/><F34/><W38/><G122/><T82/><D119/><U70/><E125/><V49/><F114/><W72/><G53/><T5/><D107/><U95/><E104/><V37/><F109/><W20/><G3/><T42/><D133/><U57/><E70/><V87/><F75/><W126/><G72/><T78/><D103/><U15/><E83/><V26/><F37/><W63/><G63/><T113/><D94/><U64/><E60/><V25/><F62/><W90/><G117/><T135/><D113/><U76/><E76/><V13/><F26/><W85/><G99/><T4/><D135/><U24/><E47/><V50/><F50/><W123/><G31/><T33/><D33/><U45/><E45/><V1/><F1/><W52/><G123/><T98/><D98/><U97/><REACH who="1" step="1"/><E95/><REACH who="1" ten="210,200,230,350" step="2"/><N who="2" m="36427" /><F102/><W130/><G106/><T65/><D78/><U91/><E91/><V2/><F2/><W28/><G105/><T120/><D79/><U121/><E121/><V74/><F74/><W112/><G112/><T115/><D115/><U71/><E71/><V35/><F35/><AGARI ba="0,1" hai="6,8,14,15,17,23,24,30,35,57,61,64,96,97" machi="35" ten="30,3900,0" yaku="1,1,7,1,52,1,53,0" doraHai="19" doraHaiUra="32" who="1" fromWho="2" sc="210,0,200,49,230,-39,350,0" /><INIT seed="3,0,0,5,1,123" ten="210,249,191,350" oya="3" hai0="20,6,25,29,96,51,32,102,131,18,109,61,46" hai1="56,19,26,5,84,63,33,23,125,42,59,3,95" hai2="50,79,36,38,134,37,119,15,41,2,30,101,113" hai3="64,9,66,28,62,94,58,104,13,129,88,39,12"/><W4/><G129/><T45/><D131/><U57/><E33/><V80/><F2/><W75/><G104/><T133/><D133/><U124/><E42/><V112/><F134/><W130/><G130/><T72/><D72/><U47/><E47/><V117/><F101/><W90/><G39/><T114/><D114/><N who="2" m="44138" /><F80/><W14/><G75/><T127/><D127/><N who="1" m="48715" /><E5/><V40/><F15/><W120/><G120/><T93/><D6/><U118/><E3/><V70/><F30/><W54/><G28/><T68/><D68/><U74/><E74/><V1/><F1/><W86/><G90/><T116/><D116/><N who="2" m="44618" /><F79/><W126/><G126/><T78/><D78/><U22/><E118/><V24/><F24/><W108/><G14/><T21/><D32/><U132/><E23/><V16/><F16/><W81/><G13/><T98/><D98/><U48/><E132/><V121/><F121/><W76/><G76/><T17/><D29/><U106/><E106/><V122/><F122/><W128/><G81/><T43/><D46/><U31/><E31/><V67/><F50/><W97/><G97/><T60/><D21/><U73/><E48/><V135/><F135/><W8/><G128/><T105/><D17/><U100/><E73/><V82/><F82/><W34/><G34/><T107/><D105/><U99/><E84/><V35/><F35/><W11/><G11/><T115/><D107/><U92/><E95/><V87/><F87/><W89/><G9/><T55/><D115/><U71/><E63/><AGARI ba="0,0" hai="36,37,38,40,41,63,67,70" m="44618,44138" machi="63" ten="40,2600,0" yaku="34,2" doraHai="123" who="2" fromWho="1" sc="210,0,249,-26,191,26,350,0" /><INIT seed="4,0,0,0,0,109" ten="210,223,217,350" oya="0" hai0="90,85,43,5,31,29,103,79,81,72,101,78,118" hai1="25,56,45,100,76,62,73,11,65,110,8,36,53" hai2="7,121,16,116,135,28,34,83,104,22,12,87,70" hai3="48,42,33,10,112,97,18,75,89,124,57,6,108"/><T15/><D118/><U106/><E110/><V123/><F116/><W86/><G75/><T64/><D72/><U113/><E113/><V46/><F135/><W60/><G33/><T3/><D3/><U1/><E1/><V133/><F133/><W52/><G108/><T114/><D114/><U35/><E76/><N who="0" m="29225" /><D64/><U94/><E73/><V59/><F70/><W96/><G112/><T99/><D43/><U134/><E134/><V55/><F104/><W41/><G124/><T126/><D126/><U0/><E0/><V58/><F7/><W20/><G6/><T107/><D107/><U93/><E106/><V74/><F74/><W21/><G42/><T105/><D105/><U115/><E115/><V26/><F46/><N who="3" m="25679" /><G10/><N who="1" m="3626" /><E36/><V32/><F32/><W13/><G21/><T69/><D69/><U44/><E35/><V49/><REACH who="2" step="1"/><F59/><REACH who="2" ten="210,223,207,350" step="2"/><W80/><AGARI ba="0,1" hai="13,18,20,52,57,60,80,86,89,96,97" m="25679" machi="80" ten="30,2000,0" yaku="8,1,54,1" doraHai="109" who="3" fromWho="3" sc="210,-10,223,-5,207,-5,350,30" /><INIT seed="5,0,0,4,5,3" ten="200,218,202,380" oya="1" hai0="10,68,55,33,125,85,122,22,129,51,60,25,35" hai1="65,112,6,84,24,36,116,16,15,97,83,13,52" hai2="26,56,77,40,108,12,66,44,88,74,70,102,111" hai3="62,31,72,135,43,131,17,90,104,92,18,117,115"/><U53/><E116/><V46/><F70/><W101/><G31/><T20/><D122/><U4/><E36/><V8/><F102/><W30/><G30/><T34/><D129/><U0/><E0/><V123/><F123/><W64/><G43/><T57/><D125/><U50/><E65/><V47/><F40/><W81/><G117/><T87/><D20/><N who="1" m="13319" /><E97/><V67/><F26/><W49/><G49/><T59/><D68/><U109/><E112/><V75/><F88/><W107/><G107/><T134/><D134/><U9/><E109/><V79/><F56/><W23/><G104/><T48/><D10/><N who="1" m="4311" /><E50/><V14/><F47/><W63/><G64/><T11/><D11/><AGARI ba="0,0" hai="8,11,12,14,44,46,66,67,74,75,77,79,108,111" machi="11" ten="25,1600,0" yaku="22,2" doraHai="3" who="2" fromWho="0" sc="200,-16,218,0,202,16,380,0" /><INIT seed="6,0,0,0,2,83" ten="184,218,218,380" oya="2" hai0="0,54,37,9,51,79,111,72,65,35,61,108,1" hai1="49,57,14,90,99,22,131,86,101,28,24,10,121" hai2="64,27,8,3,112,36,126,128,88,13,119,41,19" hai3="38,115,94,92,85,67,31,74,116,104,62,78,97"/><V16/><F119/><W120/><G38/><T11/><D35/><U58/><E131/><V122/><F122/><W69/><G116/><T118/><D118/><U55/><E121/><V113/><F126/><W130/><G74/><T68/><D37/><U89/><E58/><V32/><F128/><W124/><G130/><T73/><D79/><U53/><E53/><V2/><F64/><W125/><G120/><T127/><D127/><N who="3" m="48713" /><G31/><T52/><D51/><U44/><E57/><V91/><F41/><W23/><G23/><T80/><D80/><U133/><E133/><V42/><F42/><W76/><G115/><N who="2" m="44105" /><F36/><W48/><G48/><T75/><D9/><U20/><E20/><N who="2" m="13703" /><F32/><W103/><G104/><T40/><D40/><U30/><E30/><V135/><F135/><W63/><G63/><T98/><D98/><U39/><E39/><V56/><F56/><W34/><G34/><T60/><D60/><U77/><E99/><V106/><F106/><W26/><G26/><T18/><D1/><AGARI ba="0,0" hai="1,2,3,8,13,19,88,91" m="13703,44105" machi="1" ten="30,5800,0" yaku="15,1,54,2" doraHai="83" who="2" fromWho="0" sc="184,-58,218,0,218,58,380,0" /><INIT seed="6,1,0,1,3,2" ten="126,218,276,380" oya="2" hai0="85,43,20,75,10,76,89,8,21,31,25,91,127" hai1="133,108,82,81,39,107,60,87,6,53,13,96,29" hai2="46,61,83,0,52,73,120,122,104,37,38,95,77" hai3="80,55,51,42,88,135,124,67,110,101,18,98,9"/><V28/><F104/><W74/><G110/><T57/><D75/><U44/><E108/><V54/><F0/><W111/><G111/><T26/><D43/><U40/><E133/><V12/><F28/><W58/><G135/><T16/><D127/><U117/><E117/><V23/><F95/><W24/><G124/><T106/><D106/><U132/><E29/><V36/><F46/><W33/><G33/><T71/><D71/><U100/><E132/><V114/><F114/><W90/><G67/><T130/><D130/><U49/><E60/><V5/><F23/><W64/><G64/><T125/><D125/><U70/><E70/><V48/><F48/><W84/><G74/><T34/><D34/><U121/><E121/><V86/><F73/><W7/><G42/><T35/><D35/><U41/><E39/><V131/><F131/><W109/><G109/><T78/><D57/><U27/><E27/><V65/><F120/><W4/><G90/><T62/><D62/><U1/><E82/><V94/><F94/><N who="3" m="58583" /><G24/><T68/><D68/><U112/><E1/><V17/><F122/><W56/><G56/><T15/><D91/><N who="1" m="51695" /><E112/><V47/><F47/><W72/><G72/><T19/><D8/><N who="1" m="4247" /><E107/><V129/><F129/><W93/><G93/><AGARI ba="1,0" hai="10,15,16,19,20,21,25,26,31,76,78,85,89,93" machi="93" ten="30,3900,0" yaku="7,1,8,1,54,1" doraHai="2" who="0" fromWho="3" sc="126,42,218,0,276,0,380,-42" /><INIT seed="7,0,0,3,5,70" ten="168,218,276,338" oya="3" hai0="79,33,102,78,5,82,6,92,3,103,76,34,18" hai1="49,45,89,21,115,107,108,2,14,132,118,47,25" hai2="17,4,72,88,44,128,117,99,110,62,122,1,68" hai3="10,23,85,111,125,126,31,131,91,19,73,15,65"/><W67/><G73/><T24/><D3/><U98/><E2/><V135/><F72/><W58/><G58/><T42/><D82/><U124/><E108/><V121/><F110/><W93/><G111/><T94/><D42/><U75/><E75/><V112/><F112/><W40/><G40/><T133/><D24/><U129/><E115/><V52/><F117/><W57/><G57/><T61/><D61/><U134/><E118/><V119/><F119/><W22/><G131/><T105/><D105/><U96/><E124/><N who="3" m="47722" /><G31/><T41/><D41/><U87/><E129/><V27/><F128/><W64/><AGARI ba="0,0" hai="10,15,19,22,23,64,65,67,85,91,93" m="47722" machi="64" ten="30,1500,0" yaku="18,1" doraHai="70" who="3" fromWho="3" sc="168,-5,218,-5,276,-5,338,15" owari="163,-34.0,213,-19.0,271,7.0,353,46.0" /></mjloggm>