<mjloggm ver="2.3"><GO type="225" lobby="0"/><UN n0="%74%61%6B%75%61%6B%61" n1="%E3%83%98%E3%82%AF%E3%82%B5%E3%83%BC" n2="%E3%83%BB%E3%80%82%EF%BC%BE" n3="%E3%82%A6%E3%83%AB%E3%83%88%E3%83%A9%E7%AB%8B%E7%9B%B4" dan="17,17,16,17" rate="2209.84,2155.98,2111.26,2198.61" sx="M,M,F,M"/><TAIKYOKU oya="0"/><INIT seed="0,0,0,0,5,42" ten="250,250,250,250" oya="0" hai0="77,84,19,3,109,65,98,36,64,125,63,59,113" hai1="92,0,20,129,54,78,83,105,85,127,107,86,14" hai2="123,124,72,61,120,114,132,10,96,35,97,11,52" hai3="24,130,60,37,135,34,133,7,23,126,94,55,46"/><T100/><D113/><U6/><E129/><V2/><F114/><W39/><G34/><T131/><D131/><U122/><E122/><V5/><F72/><W103/><G7/><T45/><D3/><U16/><E127/><V32/><F132/><W110/><G110/><T8/><D125/><U67/><E67/><V104/><F61/><W80/><G80/><T81/><D109/><U13/><E0/><V91/><F91/><W26/><G26/><T56/><D8/><U38/><E38/><V12/><F12/><W74/><G74/><T88/><D19/><U41/><E41/><V82/><F82/><W25/><G25/><T33/><D33/><U118/><E118/><V87/><F87/><W17/><G130/><T40/><D77/><U21/><E54/><V71/><F2/><W90/><G103/><T121/><D121/><U111/><E111/><V30/><F30/><W4/><G4/><T73/><D73/><U117/><E117/><V93/><F5/><W18/><G18/><T112/><D112/><U95/><E20/><V51/><F32/><W27/><G27/><T101/><D98/><U44/><E44/><V1/><F35/><W47/><G126/><T106/><D106/><U134/><E134/><N who="3" m="51210" /><G39/><T9/><D9/><N who="1" m="4279" /><E95/><V115/><F1/><W66/><G37/><T116/><D116/><U57/><E57/><V50/><F124/><W49/><G47/><T108/><D108/><U43/><E43/><V29/><F123/><W69/><G94/><T75/><D75/><U102/><E102/><V62/><F120/><W28/><G28/><T22/><D22/><RYUUKYOKU ba="0,0" sc="250,10,250,10,250,-30,250,10" hai0="36,40,45,56,59,63,64,65,81,84,88,100,101" hai1="14,16,21,78,83,85,86,92,105,107" hai3="17,23,24,46,49,55,60,66,69,90" /><INIT seed="0,1,0,3,0,7" ten="260,260,220,260" oya="0" hai0="74,61,116,103,11,132,0,32,85,2,92,34,134" hai1="99,119,23,5,117,6,20,59,38,88,1,98,101" hai2="94,30,21,15,47,109,126,26,96,113,100,133,97" hai3="33,8,22,81,13,66,107,129,111,31,51,82,36"/><T71/><D116/><U67/><E38/><V16/><F113/><W45/><G33/><N who="0" m="12907" /><D74/><U127/><E127/><V120/><F120/><W78/><G107/><T76/><D76/><U29/><E1/><N who="0" m="617" /><D85/><U87/><E119/><V55/><F109/><W110/><G36/><T130/><D92/><N who="1" m="58567" /><E99/><N who="2" m="59511" /><F133/><N who="0" m="51306" /><D103/><U54/><E117/><V124/><F124/><W4/><G66/><N who="0" m="41423" /><D130/><U106/><E67/><V102/><F102/><W112/><G129/><T35/><N who="0" m="12915" /><T77/><DORA hai="108" /><D77/><U43/><E43/><V70/><F126/><W64/><G64/><T14/><D14/><U58/><E106/><V68/><F68/><W62/><G62/><T122/><D11/><U128/><E128/><V72/><F70/><W10/><G10/><T89/><D89/><U80/><E59/><V37/><F72/><W65/><G65/><T46/><D46/><U12/><E29/><V118/><F118/><W83/><G111/><T24/><D24/><U48/><E6/><V57/><F47/><W105/><G110/><T50/><D50/><U84/><E84/><V90/><F90/><W135/><G135/><T79/><D79/><U60/><E48/><N who="2" m="30951" /><F37/><W125/><G125/><T86/><D86/><U91/><E91/><V115/><F97/><W63/><G78/><T53/><D53/><U25/><E25/><V44/><F44/><W93/><G63/><T73/><D73/><U17/><E5/><V40/><F96/><W39/><G39/><T95/><D95/><U49/><E49/><V121/><F26/><N who="3" m="16855" /><G93/><T131/><D131/><U9/><AGARI ba="1,0" hai="9,12,17,20,23,54,58,60,80,87,88" m="58567" machi="9" ten="30,4000,0" yaku="8,1,52,1,54,1" doraHai="7,108" who="1" fromWho="1" sc="260,-21,260,43,220,-11,260,-11" /><INIT seed="1,0,0,2,1,65" ten="239,303,209,249" oya="1" hai0="124,100,60,117,115,80,27,131,81,40,21,70,116" hai1="67,19,22,89,108,128,104,122,102,14,72,6,34" hai2="88,31,133,97,0,29,9,121,99,10,92,49,48" hai3="93,25,123,33,109,44,3,62,91,1,32,38,57"/><U132/><E122/><V126/><F121/><W71/><G123/><T56/><D115/><U50/><E132/><V127/><F133/><W74/><G74/><T134/><D134/><U87/><E128/><V47/><F0/><W118/><G109/><T54/><D131/><U85/><E72/><V119/><F119/><W58/><G58/><T18/><D124/><N who="2" m="47658" /><F99/><W53/><G71/><T55/><D70/><U78/><E108/><V84/><F97/><W86/><G118/><T36/><D100/><U45/><E34/><V39/><F39/><W12/><G33/><T68/><D68/><U111/><E111/><V51/><F47/><W107/><G107/><T64/><D40/><U75/><E104/><V73/><F73/><W103/><G103/><T69/><D36/><U77/><E102/><V129/><F129/><W5/><G38/><T2/><D2/><U101/><E75/><V112/><F112/><W28/><G44/><T13/><D117/><U98/><E101/><V4/><F4/><W130/><G130/><T17/><D116/><U43/><E6/><V96/><F96/><W52/><G53/><T63/><REACH who="0" step="1"/><D54/><REACH who="0" ten="229,303,209,249" step="2"/><U8/><E43/><V16/><F9/><AGARI ba="0,1" hai="9,13,17,18,21,27,55,56,60,63,64,69,80,81" machi="9" ten="30,7700,0" yaku="1,1,2,1,7,1,52,1,53,0" doraHai="65" doraHaiUra="37" who="0" fromWho="2" sc="229,87,303,0,209,-77,249,0" /><INIT seed="2,0,0,0,3,117" ten="316,303,132,249" oya="2" hai0="11,56,29,34,68,66,39,13,44,7,97,103,81" hai1="106,28,89,122,16,92,131,21,10,30,128,83,31" hai2="86,71,118,79,78,46,85,119,57,95,91,108,50" hai3="41,48,116,23,27,37,133,125,18,121,69,2,3"/><V102/><F71/><W96/><G37/><T65/><D81/><U62/><E122/><V1/><F1/><W109/><G69/><T67/><D56/><U33/><E106/><V63/><F102/><W14/><G116/><T61/><D44/><U110/><E110/><V60/><F60/><W124/><G109/><T87/><D39/><U130/><E10/><V101/><F108/><W104/><G104/><N who="0" m="63599" /><D87/><N who="1" m="50431" /><E92/><V17/><F118/><W126/><G96/><T94/><D94/><U72/><E72/><V54/><F119/><W8/><G133/><T82/><D82/><U132/><E132/><V26/><F86/><W43/><G121/><T99/><D99/><U111/><E111/><V32/><F101/><W47/><REACH who="3" step="1"/><G43/><REACH who="3" ten="316,303,132,239" step="2"/><T49/><D61/><U84/><E62/><V113/><F113/><W107/><G107/><T74/><D68/><U73/><E130/><V123/><F123/><W40/><G40/><T64/><D64/><U100/><E131/><V4/><F4/><AGARI ba="0,1" hai="2,3,4,8,14,18,23,27,41,47,48,124,125,126" machi="4" ten="40,5200,0" yaku="1,1,18,1,53,1" doraHai="117" doraHaiUra="45" who="3" fromWho="2" sc="316,0,303,0,132,-52,239,62" /><INIT seed="3,0,0,1,3,63" ten="316,303,80,301" oya="3" hai0="56,114,68,1,119,96,39,78,86,113,118,35,108" hai1="34,131,85,11,74,109,132,37,8,77,129,65,12" hai2="5,122,79,26,3,89,83,72,59,44,95,31,42" hai3="9,134,54,101,73,93,128,99,19,87,38,115,20"/><W18/><G73/><T47/><D68/><U92/><E109/><V28/><F122/><W32/><G32/><T94/><D35/><U91/><E132/><V133/><F133/><W60/><G134/><T64/><D1/><U22/><E34/><V117/><F117/><N who="0" m="44554" /><D56/><U80/><E37/><V84/><F26/><N who="3" m="14615" /><G38/><T2/><D64/><U15/><E22/><V97/><F59/><N who="3" m="34935" /><G128/><N who="1" m="49226" /><E65/><V107/><F5/><W135/><G135/><T123/><D2/><U36/><E36/><V98/><F98/><W40/><G115/><N who="0" m="44043" /><D108/><U33/><E33/><V10/><F10/><AGARI ba="0,0" hai="8,10,11,12,15,74,77,80,85,91,92" m="49226" machi="10" ten="30,1000,0" yaku="19,1" doraHai="63" who="1" fromWho="2" sc="316,0,303,10,80,-10,301,0" owari="316,42.0,313,11.0,70,-43.0,301,-10.0" /></mjloggm>