<mjloggm ver="2.3"><GO type="169" lobby="0"/><UN n0="%E3%82%B7%E3%83%A3%E3%82%AD%E3%82%AA%E3%83%8B" n1="%E3%82%AB%E3%83%84%E3%82%AA%E6%AD%A6%E5%A3%AB" n2="%E5%B0%B1%E6%B4%BB%E7%94%9F%40%E5%B7%9D%E6%9D%91%E8%BB%8D%E5%9B%A3" n3="%E3%83%97%E3%83%83%E3%82%B7%E3%83%A5%E6%8A%BC%E3%81%99%E5%83%A7" dan="16,16,17,18" rate="2087.71,2091.56,2172.23,2213.81" sx="M,M,M,M"/><TAIKYOKU oya="0"/><INIT seed="0,0,0,1,4,109" ten="250,250,250,250" oya="0" hai0="62,96,21,118,106,56,49,9,76,115,71,94,58" hai1="70,60,120,11,40,32,50,45,34,105,134,31,104" hai2="135,27,81,3,33,68,121,6,13,82,123,55,110" hai3="42,67,15,41,59,26,47,87,91,63,22,128,122"/><T16/><D115/><U44/><E120/><V113/><F110/><W23/><G122/><T79/><D118/><U18/><E134/><V73/><F68/><W2/><G2/><T83/><D106/><U117/><E117/><V84/><F3/><W24/><G128/><T66/><D9/><U95/><E31/><V14/><F135/><W54/><G15/><T37/><D37/><U48/><E34/><V29/><F73/><W53/><G23/><T97/><D97/><U52/><E32/><V127/><F127/><W130/><G26/><T85/><D49/><U20/><E11/><V132/><F132/><W129/><G129/><T65/><D76/><U17/><E17/><V80/><F113/><W7/><G7/><T25/><REACH who="0" step="1"/><D66/><REACH who="0" ten="240,250,250,250" step="2"/><U10/><E10/><V102/><F121/><W114/><G114/><T116/><D116/><U111/><E111/><V133/><F123/><W64/><G64/><T101/><AGARI ba="0,1" hai="16,21,25,56,58,62,65,71,79,83,85,94,96,101" machi="101" ten="20,7800,0" yaku="1,1,0,1,7,1,54,1,53,0" doraHai="109" doraHaiUra="38" who="0" fromWho="0" sc="240,88,250,-26,250,-26,250,-26" /><INIT seed="0,1,0,1,1,96" ten="328,224,224,224" oya="0" hai0="128,21,103,63,106,12,112,26,98,100,19,76,134" hai1="40,68,116,37,0,45,125,10,92,3,53,74,8" hai2="57,56,51,131,18,104,39,97,69,1,109,43,124" hai3="89,123,107,84,31,83,49,88,85,101,78,30,114"/><T94/><D112/><U35/><E35/><V23/><F69/><W73/><G114/><T90/><D134/><U132/><E132/><V54/><F1/><W121/><G49/><T60/><D128/><U5/><E116/><V75/><F75/><W9/><G9/><N who="0" m="6543" /><D76/><U126/><E68/><V33/><F33/><W117/><G31/><N who="0" m="17871" /><D106/><U82/><E53/><V24/><F124/><W44/><G44/><T64/><D64/><U65/><E92/><V119/><F109/><W80/><G30/><T58/><D58/><U61/><E61/><AGARI ba="1,0" hai="60,61,63,90,94,98,100,103" m="17871,6543" machi="61" ten="30,5800,0" yaku="8,1,52,2" doraHai="96" who="0" fromWho="1" sc="328,61,224,-61,224,0,224,0" /><INIT seed="0,2,0,1,4,116" ten="389,163,224,224" oya="0" hai0="13,15,3,83,69,68,14,102,76,85,108,0,94" hai1="34,84,124,73,92,122,66,103,10,5,33,70,12" hai2="105,26,98,121,112,55,49,24,54,71,86,107,23" hai3="106,47,30,2,79,8,51,78,38,89,11,131,125"/><T43/><D43/><U115/><E73/><V48/><F112/><W40/><G106/><T118/><D118/><U120/><E115/><V6/><F71/><W32/><G125/><T88/><D102/><U119/><E124/><V114/><F114/><W62/><G131/><T99/><REACH who="0" step="1"/><D108/><REACH who="0" ten="379,163,224,224" step="2"/><U58/><E119/><V132/><F132/><W81/><G40/><T117/><D117/><U65/><E103/><V72/><F105/><W22/><G38/><T46/><D46/><U1/><E1/><AGARI ba="2,1" hai="0,1,3,13,14,15,68,69,76,83,85,88,94,99" machi="1" ten="40,7700,0" yaku="1,1,54,1,53,1" doraHai="116" doraHaiUra="82" who="0" fromWho="1" sc="379,93,163,-83,224,0,224,0" /><INIT seed="0,3,0,2,3,29" ten="472,80,224,224" oya="0" hai0="90,22,15,98,118,109,108,135,69,130,134,111,114" hai1="54,23,102,66,14,107,17,51,117,61,64,101,5" hai2="106,33,85,131,9,6,24,30,34,96,79,125,31" hai3="13,2,77,18,59,47,104,21,41,92,16,52,99"/><T35/><D114/><U25/><E117/><V89/><F125/><W87/><G104/><T91/><D118/><U126/><E126/><V45/><F131/><W119/><G2/><T103/><D69/><U10/><E66/><V73/><F73/><W49/><G119/><T46/><D130/><U110/><E110/><V11/><F79/><W70/><G70/><T57/><D46/><U27/><E107/><V12/><F45/><W84/><G18/><N who="0" m="10591" /><D57/><U112/><E112/><V113/><F113/><W80/><G99/><T86/><D35/><U65/><E65/><V76/><F76/><W43/><G47/><T28/><D28/><U37/><E37/><V55/><F55/><W3/><G3/><T74/><D74/><U1/><E27/><V4/><F96/><W19/><G19/><T0/><D0/><U42/><E42/><V75/><F75/><W116/><G116/><T78/><D78/><U94/><E94/><V56/><F56/><W120/><G120/><T71/><D71/><U40/><E40/><V132/><F106/><W50/><G50/><T127/><D127/><U115/><E115/><V38/><F38/><W8/><G8/><T105/><D86/><U36/><E36/><V62/><F62/><W63/><G63/><T48/><D48/><U93/><E93/><V7/><F11/><W121/><G121/><T129/><D129/><U81/><E81/><V60/><F60/><W124/><G124/><T39/><D39/><U58/><REACH who="1" step="1"/><E1/><REACH who="1" ten="472,70,224,224" step="2"/><V97/><F24/><W67/><G67/><T133/><AGARI ba="3,1" hai="90,91,98,103,105,108,109,111,133,134,135" m="10591" machi="133" ten="40,7800,0" yaku="14,1,10,1,20,1" doraHai="29" who="0" fromWho="0" sc="472,97,70,-29,224,-29,224,-29" /><INIT seed="0,4,0,2,3,111" ten="569,41,195,195" oya="0" hai0="4,54,48,115,8,98,97,120,36,57,88,22,85" hai1="80,37,51,52,126,74,124,96,60,50,46,125,7" hai2="55,118,3,81,27,127,31,45,26,67,68,34,42" hai3="92,9,16,114,91,112,75,86,33,108,103,6,64"/><T90/><D115/><U102/><E7/><V129/><F3/><W117/><G33/><T71/><D120/><U79/><E60/><V95/><F127/><W32/><G32/><T59/><D71/><U82/><E82/><V21/><F129/><W38/><G38/><T25/><D36/><U78/><E78/><V119/><F81/><W12/><G117/><N who="2" m="44553" /><F95/><W123/><G75/><T69/><D69/><U5/><E51/><N who="2" m="27063" /><F55/><W30/><G30/><T76/><D76/><U62/><E62/><N who="2" m="40055" /><F26/><W0/><G123/><T15/><D59/><U73/><E37/><V18/><F34/><W35/><G35/><T87/><D87/><U104/><REACH who="1" step="1"/><E5/><REACH who="1" ten="569,31,195,195" step="2"/><V133/><F133/><W116/><G116/><T113/><D48/><U135/><E135/><V41/><F41/><W105/><G108/><T77/><D77/><U110/><E110/><V134/><F134/><W1/><G64/><T63/><D63/><U20/><E20/><V61/><F61/><W132/><G132/><T89/><D22/><U101/><E101/><V19/><AGARI ba="4,1" hai="18,19,21,27,31" m="40055,27063,44553" machi="19" ten="30,1100,0" yaku="12,1" doraHai="111" who="2" fromWho="2" sc="569,-9,31,-7,195,33,195,-7" /><INIT seed="1,0,0,4,3,111" ten="560,24,228,188" oya="1" hai0="32,127,43,88,70,20,133,118,46,35,115,120,21" hai1="91,19,104,113,81,54,56,112,60,83,40,117,129" hai2="122,78,31,42,73,23,119,106,36,84,8,116,13" hai3="74,108,53,57,97,61,38,98,135,12,114,17,2"/><U1/><E117/><V90/><F106/><W109/><G74/><T105/><D70/><U124/><E1/><V52/><F122/><W79/><G79/><T95/><D105/><U65/><E104/><V130/><F130/><W49/><G17/><T121/><D115/><U9/><E129/><V11/><F36/><W131/><G38/><T126/><D21/><U77/><E124/><N who="0" m="47657" /><D20/><U24/><E40/><V125/><F42/><W45/><G2/><T86/><D133/><U39/><E39/><V58/><F125/><W80/><G80/><T101/><D101/><U51/><E91/><V63/><F78/><W47/><G114/><T75/><D75/><U62/><E62/><V64/><F73/><W3/><G3/><T18/><D18/><U99/><E99/><V82/><F64/><W10/><G135/><T134/><D134/><U4/><E83/><V7/><REACH who="2" step="1"/><F8/><REACH who="2" ten="560,24,218,188" step="2"/><W6/><G131/><T15/><D121/><U5/><E9/><V76/><F76/><W94/><G109/><T92/><D43/><U41/><E41/><V34/><F34/><W72/><G72/><T71/><D35/><U28/><E5/><V96/><F96/><W66/><G108/><T100/><D32/><N who="1" m="20487" /><E4/><V48/><F48/><W33/><G33/><T68/><D120/><U59/><E19/><V25/><AGARI ba="0,1" hai="7,11,13,23,25,31,52,58,63,82,84,90,116,119" machi="25" ten="30,4000,0" yaku="1,1,0,1,54,1,53,0" doraHai="111" doraHaiUra="67" who="2" fromWho="2" sc="560,-10,24,-20,218,50,188,-10" /><INIT seed="2,0,0,2,3,46" ten="550,4,268,178" oya="2" hai0="7,44,72,19,38,124,117,24,68,129,120,32,94" hai1="100,36,22,66,107,48,81,40,54,103,3,105,131" hai2="27,89,18,39,0,21,95,135,88,113,87,133,15" hai3="30,63,14,82,33,35,56,10,2,52,93,106,79"/><V12/><F39/><W57/><G106/><T69/><D120/><U42/><E3/><V43/><F113/><W110/><G110/><T80/><D19/><U128/><E66/><V67/><F0/><W58/><G2/><T61/><D94/><U8/><E8/><V75/><F75/><W45/><G93/><T55/><D55/><U70/><E70/><V108/><F108/><W59/><G45/><T20/><D20/><U28/><E81/><V98/><F67/><W78/><G30/><T11/><D80/><U126/><E126/><V49/><F49/><W85/><REACH who="3" step="1"/><G79/><REACH who="3" ten="550,4,268,168" step="2"/><T104/><D44/><N who="1" m="27911" /><E105/><V115/><F115/><W34/><G34/><T92/><D32/><U119/><E119/><V1/><F1/><W62/><G62/><T83/><D61/><U99/><E36/><V112/><F112/><W90/><G90/><T17/><D92/><U23/><E103/><V77/><F89/><W16/><AGARI ba="0,1" hai="10,14,16,33,35,52,56,57,58,59,63,78,82,85" machi="16" ten="30,8000,1" yaku="1,1,0,1,54,2,53,1" doraHai="46" doraHaiUra="50" who="3" fromWho="3" sc="550,-20,4,-20,268,-40,168,90" owari="530,63.0,-16,-52.0,228,-17.0,258,6.0" /></mjloggm>