<mjloggm ver="2.3"><GO type="169" lobby="0"/><UN n0="%63%75%6A%6F" n1="%E3%82%A6%E3%83%AB%E3%83%88%E3%83%A9%E7%AB%8B%E7%9B%B4" n2="%E6%96%B0%E5%AE%BF%E6%96%B9%E9%9D%A2" n3="%E3%83%95%E3%83%AA%E3%83%BC%E3%82%B6%E6%A7%98" dan="17,17,16,18" rate="2126.99,2176.81,2162.54,2177.87" sx="M,M,M,M"/><TAIKYOKU oya="0"/><INIT seed="0,0,0,2,1,28" ten="250,250,250,250" oya="0" hai0="42,65,38,78,5,51,34,73,116,13,89,121,88" hai1="83,12,57,104,22,119,40,129,27,110,115,72,105" hai2="75,123,31,17,30,19,111,117,96,64,66,97,61" hai3="46,101,23,94,15,85,36,118,99,128,92,0,135"/><T32/><D121/><U76/><E119/><V70/><F75/><W79/><G118/><T6/><D116/><U125/><E110/><V113/><F117/><W24/><G0/><T67/><D38/><U35/><E129/><V2/><F2/><W58/><G128/><T69/><D69/><U53/><E125/><V59/><F70/><W62/><G135/><T120/><D120/><U56/><E40/><V48/><F123/><W126/><G126/><T16/><D73/><U4/><E115/><V80/><F48/><W55/><G36/><T87/><D78/><U3/><E3/><V90/><F111/><W127/><G127/><T33/><D65/><U37/><E37/><V60/><F59/><W1/><G1/><T45/><D67/><U26/><E57/><V50/><F50/><W9/><G46/><T8/><REACH who="0" step="1"/><D88/><REACH who="0" ten="240,250,250,250" step="2"/><U7/><E76/><V10/><F90/><N who="3" m="53327" /><G79/><T109/><D109/><U39/><E72/><V108/><F108/><W86/><G86/><T131/><D131/><U18/><E39/><V77/><F77/><W107/><G99/><T47/><D47/><U68/><E68/><V95/><F113/><W106/><G58/><T91/><D91/><U124/><E56/><V20/><F80/><AGARI ba="0,1" hai="5,6,8,13,16,32,33,34,42,45,51,80,87,89" machi="80" ten="40,12000,1" yaku="1,1,52,3,54,1,53,0" doraHai="28" doraHaiUra="100" who="0" fromWho="2" sc="240,130,250,0,250,-120,250,0" /><INIT seed="0,1,0,3,1,122" ten="370,250,130,250" oya="0" hai0="2,32,10,7,0,40,20,19,125,14,63,22,79" hai1="67,106,70,24,93,25,66,6,1,13,103,84,90" hai2="21,127,73,37,51,16,135,110,132,9,116,12,118" hai3="114,77,45,54,39,102,38,33,59,94,120,49,64"/><T126/><D40/><U85/><E1/><N who="0" m="617" /><D63/><U15/><E106/><V88/><F37/><N who="3" m="13835" /><G33/><T111/><D32/><U82/><E70/><V52/><F73/><W75/><G94/><T71/><D71/><U97/><E85/><V18/><F127/><N who="0" m="48650" /><D79/><U119/><E119/><N who="2" m="45611" /><F110/><W44/><G77/><T57/><D57/><U29/><E25/><N who="2" m="14519" /><F88/><W80/><G59/><AGARI ba="1,0" hai="9,12,16,51,52,59,132,135" m="14519,45611" machi="59" ten="30,3900,0" yaku="12,1,54,2" doraHai="122" who="2" fromWho="3" sc="370,0,250,0,130,42,250,-42" /><INIT seed="1,0,0,4,2,51" ten="370,250,172,208" oya="1" hai0="134,3,93,17,88,116,31,2,90,4,83,133,8" hai1="105,39,82,131,54,132,62,47,38,21,20,86,84" hai2="110,10,77,50,114,103,74,98,32,109,37,71,12" hai3="122,108,129,118,67,66,107,22,111,75,48,24,72"/><U60/><E105/><V40/><F37/><W78/><G122/><T26/><D116/><U27/><E131/><V53/><F32/><W95/><G107/><T117/><D117/><U49/><E132/><N who="0" m="50793" /><D17/><U115/><E115/><V68/><F40/><W6/><G118/><T126/><D126/><U13/><E39/><V52/><F114/><W79/><G129/><T41/><D41/><U45/><E38/><V0/><F50/><W70/><G6/><T11/><D83/><U25/><E13/><V100/><F0/><W106/><G106/><T16/><D90/><U7/><E7/><N who="2" m="3167" /><F77/><W34/><G34/><N who="0" m="20855" /><D16/><N who="1" m="12423" /><E47/><V61/><F100/><W104/><G104/><T69/><D69/><U113/><E113/><V64/><F71/><W29/><G70/><T92/><D92/><U58/><E82/><V15/><F15/><W124/><G95/><T44/><D44/><U43/><E62/><V99/><F103/><W56/><G79/><T120/><D120/><U91/><E91/><V35/><F35/><W28/><G78/><T85/><D4/><U63/><E63/><V33/><F33/><W127/><G127/><T19/><D19/><AGARI ba="0,0" hai="19,21,27,43,45,49,54,58,60,84,86" m="12423" machi="19" ten="30,5800,0" yaku="8,1,52,1,54,1" doraHai="51" who="1" fromWho="0" sc="370,-58,250,58,172,0,208,0" /><INIT seed="1,1,0,2,0,98" ten="312,308,172,208" oya="1" hai0="39,80,92,2,103,8,3,111,100,16,26,19,71" hai1="35,43,74,37,22,135,60,44,95,72,49,81,91" hai2="63,55,133,101,115,56,33,64,94,84,47,70,102" hai3="131,113,107,68,40,15,120,41,132,88,21,17,117"/><U6/><E35/><V20/><F33/><W134/><G120/><T124/><D71/><U25/><E135/><N who="3" m="51754" /><G113/><T52/><D39/><U89/><E6/><V99/><F133/><W51/><G68/><T7/><D3/><U106/><E106/><V86/><F115/><W125/><G131/><T24/><D111/><U45/><E60/><V123/><F123/><W65/><G65/><T30/><D124/><U12/><E12/><V61/><F101/><W73/><G73/><T76/><D52/><U14/><E14/><V62/><F62/><W96/><G125/><T13/><D19/><U5/><E5/><V87/><F20/><W31/><G31/><T97/><D100/><U110/><E110/><V38/><F38/><W32/><G32/><T42/><D42/><U29/><E81/><V83/><REACH who="2" step="1"/><F47/><REACH who="2" ten="312,308,162,208" step="2"/><W50/><G21/><T116/><D116/><U4/><E45/><V108/><F108/><W130/><G117/><T121/><D121/><U93/><E37/><V9/><F9/><W59/><G51/><T36/><D36/><U11/><E11/><V78/><AGARI ba="1,1" hai="55,56,61,63,64,70,78,83,84,86,87,94,99,102" machi="78" ten="20,5200,0" yaku="1,1,0,1,7,1,52,1,53,0" doraHai="98" doraHaiUra="129" who="2" fromWho="2" sc="312,-14,308,-27,162,65,208,-14" /><INIT seed="2,0,0,4,3,116" ten="298,281,227,194" oya="2" hai0="84,115,62,11,67,1,103,75,21,110,0,60,48" hai1="112,90,127,32,44,119,19,128,95,50,26,126,98" hai2="94,130,18,109,121,12,111,17,88,107,125,52,77" hai3="53,86,40,27,97,65,132,78,14,57,25,80,101"/><V54/><F107/><W87/><G132/><T124/><D75/><U118/><E112/><V83/><F130/><W63/><G40/><T68/><D115/><U114/><E114/><V6/><F6/><W69/><G86/><T38/><D38/><U134/><E134/><V45/><F125/><N who="1" m="47625" /><E128/><V59/><F45/><W5/><G5/><T24/><D124/><U43/><E19/><N who="2" m="7179" /><F12/><W37/><G14/><T8/><D103/><U33/><E26/><V106/><F106/><W82/><G82/><T89/><D1/><U108/><E108/><N who="2" m="41547" /><F121/><W74/><G74/><T104/><D104/><U31/><E31/><V34/><F34/><AGARI ba="0,0" hai="32,33,34,43,44,50,90,95,98,118,119" m="47625" machi="34" ten="30,1000,0" yaku="18,1" doraHai="116" who="1" fromWho="2" sc="298,0,281,10,227,-10,194,0" /><INIT seed="3,0,0,5,3,114" ten="298,291,217,194" oya="3" hai0="99,43,4,34,89,84,27,81,8,45,15,7,105" hai1="28,72,100,110,108,59,56,68,95,80,91,11,92" hai2="12,87,3,116,126,115,30,40,118,71,85,13,2" hai3="58,66,131,46,49,73,76,19,102,125,111,62,51"/><W44/><G102/><T134/><D134/><U101/><E68/><V70/><F40/><N who="3" m="24711" /><G73/><T63/><D63/><U107/><E28/><V109/><F30/><W52/><G76/><T32/><D7/><U38/><E11/><V129/><F115/><W10/><G10/><T42/><D42/><U106/><E38/><V47/><F47/><W133/><G19/><T21/><D105/><U17/><E17/><V97/><F97/><W128/><G133/><T123/><D123/><U16/><E16/><V61/><F61/><N who="3" m="36039" /><G125/><T65/><D99/><U37/><E91/><V132/><F132/><W88/><G88/><T113/><D113/><U103/><E103/><V54/><F126/><W55/><G111/><T20/><D20/><U104/><E104/><V69/><F109/><W130/><G131/><T93/><D32/><U124/><E124/><V14/><F129/><W25/><G25/><T41/><D34/><U29/><E29/><V33/><F33/><W0/><G0/><N who="2" m="41" /><F54/><W48/><G48/><T86/><D27/><U79/><E101/><V26/><F26/><W67/><G67/><T18/><D65/><U5/><E100/><V60/><F60/><W122/><G122/><T39/><D21/><U112/><E110/><V31/><F31/><W82/><G82/><T1/><D1/><U75/><E80/><V57/><F57/><AGARI ba="0,0" hai="46,51,55,57,62,66,128,130" m="36039,24711" machi="57" ten="30,5800,0" yaku="34,2,54,1" doraHai="114" who="3" fromWho="2" sc="298,0,291,0,217,-58,194,58" /><INIT seed="3,1,0,4,3,46" ten="298,291,159,252" oya="3" hai0="35,70,25,115,33,62,124,110,80,116,123,106,99" hai1="12,31,100,74,85,91,132,28,121,84,1,73,69" hai2="128,32,68,104,117,118,7,14,103,34,67,3,126" hai3="37,111,120,77,107,10,9,98,4,54,47,64,113"/><W21/><G120/><T50/><D123/><U52/><E1/><V42/><F14/><W114/><G64/><T29/><D116/><U30/><E69/><V41/><F7/><W96/><G77/><T26/><D110/><U88/><E100/><V36/><F3/><W45/><G21/><T66/><D80/><U19/><E121/><V78/><F78/><W83/><G83/><T48/><D124/><U2/><E2/><V102/><F67/><W65/><G65/><T44/><D44/><U59/><E132/><V0/><F0/><W49/><G111/><T93/><D115/><U57/><E57/><V72/><F128/><W97/><G107/><T90/><D106/><U133/><E133/><V127/><F104/><W63/><G63/><T125/><D125/><U56/><E56/><V15/><F15/><W82/><G82/><T94/><D93/><U95/><E91/><V119/><F68/><W122/><G122/><T81/><D81/><U87/><E74/><V22/><F72/><W89/><G89/><T76/><D76/><U134/><E73/><V131/><F118/><W60/><G60/><T11/><D11/><N who="3" m="4105" /><G4/><T75/><D75/><U58/><E134/><V112/><F22/><W24/><G24/><T55/><D55/><U105/><E52/><V101/><F101/><W20/><G20/><T40/><D40/><U38/><E105/><V71/><F71/><W16/><G16/><T13/><D13/><U43/><E43/><V51/><F127/><W135/><G135/><T109/><D109/><U92/><E12/><V27/><F126/><W18/><G18/><RYUUKYOKU ba="1,0" sc="298,15,291,-15,159,-15,252,15" hai0="25,26,29,33,35,48,50,62,66,70,90,94,99" hai3="37,45,47,49,54,96,97,98,113,114" /><INIT seed="3,2,0,3,5,120" ten="313,276,144,267" oya="3" hai0="90,72,14,56,47,76,22,84,5,25,69,64,61" hai1="8,15,111,6,3,35,96,79,85,73,0,4,75" hai2="130,13,33,18,27,1,89,26,51,91,58,116,71" hai3="110,39,74,95,21,104,115,42,16,124,135,53,52"/><W87/><G115/><T57/><D72/><U31/><E85/><V121/><F121/><W101/><G74/><T54/><D76/><U134/><E96/><V17/><F71/><W78/><G135/><T62/><D5/><U66/><E66/><V70/><F70/><W37/><G124/><T7/><D69/><U36/><E36/><V114/><F114/><W41/><G104/><T43/><D7/><U49/><E49/><V9/><F116/><W44/><G110/><T107/><D107/><U10/><E15/><V20/><F130/><W92/><G101/><T77/><D77/><U100/><E100/><V46/><F1/><W128/><G128/><T65/><D14/><U63/><E63/><V131/><F131/><W67/><G67/><T55/><D47/><U80/><E75/><V98/><F98/><W133/><G133/><T97/><D43/><N who="3" m="16393" /><G37/><T32/><D97/><U38/><E38/><V11/><F11/><W93/><G39/><T102/><D102/><U113/><E113/><V82/><F33/><W118/><G44/><T122/><D32/><U68/><E68/><V2/><F2/><W34/><G34/><T127/><D127/><U59/><E59/><V23/><F58/><W30/><G30/><N who="0" m="17719" /><D122/><U99/><E99/><V60/><F82/><AGARI ba="2,0" hai="54,55,56,57,61,62,64,65,82,84,90" m="17719" machi="82" ten="30,1000,0" yaku="8,1" doraHai="120" who="0" fromWho="2" sc="313,16,276,0,144,-16,267,0" /><INIT seed="4,0,0,4,3,106" ten="329,276,128,267" oya="0" hai0="120,7,11,118,52,8,89,72,66,3,111,60,104" hai1="78,79,121,46,108,33,87,99,101,82,76,115,32" hai2="133,107,21,75,124,42,128,63,131,95,41,132,34" hai3="109,0,67,96,54,20,83,36,97,37,24,56,74"/><T94/><D104/><U90/><E108/><V17/><F107/><W81/><G0/><T19/><D120/><U10/><E121/><V26/><F95/><W1/><G1/><T122/><D122/><U65/><E115/><V45/><F75/><W126/><G109/><T64/><D118/><U69/><E69/><V134/><F34/><W30/><G67/><T116/><D116/><U53/><E65/><V12/><F63/><W38/><G126/><T123/><D123/><U130/><E130/><N who="2" m="49707" /><F26/><W129/><G129/><T27/><D72/><U18/><E101/><V22/><F22/><W39/><N who="3" m="9216" /><DORA hai="98" /><W50/><REACH who="3" step="1"/><G83/><REACH who="3" ten="329,276,128,257" step="2"/><T51/><D111/><U85/><E82/><V100/><F124/><W48/><G48/><T117/><D117/><U43/><E79/><AGARI ba="0,1" hai="20,24,30,50,54,56,74,79,81,96,97" m="9216" machi="79" ten="70,4500,0" yaku="1,1,52,1,53,0" doraHai="106,98" doraHaiUra="80,114" who="3" fromWho="1" sc="329,0,276,-45,128,0,257,55" /><INIT seed="5,0,0,4,0,60" ten="329,231,128,312" oya="1" hai0="67,77,52,62,15,93,91,16,58,104,59,13,33" hai1="0,8,71,6,113,88,118,54,19,31,117,70,123" hai2="38,73,74,95,79,14,46,90,82,64,48,47,86" hai3="11,3,99,5,78,34,41,23,112,66,7,4,122"/><U69/><E123/><V111/><F111/><W49/><G34/><T127/><D104/><U2/><E2/><V37/><F73/><W57/><G122/><T103/><D33/><U43/><E31/><V36/><F14/><W28/><G78/><T27/><D103/><U17/><E43/><V83/><F83/><W50/><G112/><T135/><D77/><U32/><E32/><V30/><F30/><W61/><G99/><N who="0" m="57791" /><D127/><U106/><E106/><V100/><F100/><W44/><G49/><N who="0" m="30991" /><D135/><U124/><E113/><V56/><REACH who="2" step="1"/><F48/><REACH who="2" ten="329,231,118,312" step="2"/><W87/><G28/><T65/><D13/><U89/><E124/><V35/><F35/><W130/><G50/><T125/><D125/><U132/><E132/><V29/><F29/><W55/><G3/><T109/><D109/><U126/><E126/><V105/><F105/><W80/><G80/><T84/><D27/><U133/><E133/><V134/><F134/><W24/><G24/><T72/><D72/><U115/><E115/><V94/><F94/><W81/><G81/><T39/><D39/><U53/><E89/><V21/><F21/><W63/><G23/><N who="0" m="11679" /><D84/><U120/><E88/><V25/><F25/><W107/><G87/><T12/><D12/><U22/><E120/><V18/><F18/><W42/><G107/><T101/><D101/><U110/><E110/><V98/><F98/><W51/><G4/><T97/><D97/><U119/><E19/><V10/><F10/><W96/><G11/><T102/><D102/><U40/><E17/><V108/><F108/><W85/><G5/><T26/><D26/><U121/><E6/><RYUUKYOKU ba="0,1" sc="329,15,231,-15,118,15,312,-15" hai0="59,62,65,67" hai2="36,37,38,46,47,56,64,74,79,82,86,90,95" /><INIT seed="6,1,1,0,3,106" ten="344,216,133,297" oya="2" hai0="57,29,73,130,24,112,100,33,21,122,6,65,125" hai1="1,32,17,78,126,85,5,12,131,133,70,66,10" hai2="58,124,105,34,120,82,40,123,7,62,79,37,135" hai3="19,56,114,109,92,63,72,97,60,101,28,121,42"/><V128/><F34/><W52/><G109/><T117/><D122/><U38/><E38/><V134/><F105/><W53/><G121/><N who="2" m="46665" /><F7/><W20/><G114/><T93/><D112/><U11/><E32/><V55/><F82/><W90/><G72/><T87/><D73/><U113/><E85/><V0/><F0/><W46/><G28/><T71/><D71/><U94/><E78/><V35/><F79/><W8/><G8/><T69/><D69/><U68/><E94/><V50/><F35/><W103/><G53/><T61/><D33/><U9/><E11/><V86/><F86/><W81/><G63/><T116/><D6/><U96/><E10/><V36/><F128/><W27/><G81/><T16/><D130/><U132/><E9/><V39/><F124/><W14/><G14/><T107/><D107/><U49/><E5/><V119/><F119/><N who="0" m="45642" /><D125/><U102/><E126/><V51/><F40/><W26/><G26/><T110/><D87/><U76/><E131/><V74/><F74/><W84/><G84/><T98/><D110/><U48/><E1/><V115/><F115/><W75/><G75/><T104/><D104/><U23/><E113/><V108/><F108/><W67/><G67/><T111/><D111/><U83/><E96/><V47/><F62/><W59/><G59/><T3/><D3/><U91/><E76/><V129/><F129/><W4/><G4/><T89/><D29/><U43/><E83/><V41/><AGARI ba="1,1" hai="36,37,39,41,47,50,51,55,58,134,135" m="46665" machi="41" ten="40,3900,0" yaku="34,2" doraHai="106" who="2" fromWho="2" sc="344,-14,216,-14,133,52,297,-14" /><INIT seed="6,2,0,2,5,100" ten="330,202,185,283" oya="2" hai0="9,32,106,103,38,131,69,42,124,71,121,101,65" hai1="57,27,34,86,36,132,66,20,117,73,46,78,134" hai2="13,39,135,108,122,127,1,60,97,31,8,83,41" hai3="98,26,30,19,2,79,126,130,15,93,59,0,70"/><V5/><F122/><W55/><G70/><T116/><D121/><U61/><E117/><V56/><F135/><N who="1" m="51753" /><E73/><V92/><F127/><W95/><G79/><T47/><D32/><U110/><E110/><V50/><F108/><W85/><G85/><T104/><D124/><U67/><E34/><V7/><F39/><W37/><G95/><T40/><D40/><N who="1" m="22791" /><E86/><V51/><F41/><W84/><G84/><T33/><D33/><U14/><E78/><V21/><F83/><W48/><G130/><T80/><D80/><U4/><E4/><V96/><F96/><W18/><G37/><T94/><D131/><U133/><N who="1" m="51761" /><U118/><DORA hai="35" /><E14/><V11/><F31/><W44/><G30/><T115/><D116/><U17/><E118/><V12/><F21/><N who="3" m="13631" /><G126/><T43/><D43/><U64/><AGARI ba="2,0" hai="17,20,27,57,61,64,66,67" m="22791,51761" machi="64" ten="40,1500,0" yaku="20,1" doraHai="100,35" who="1" fromWho="1" sc="330,-6,202,21,185,-9,283,-6" /><INIT seed="7,0,0,3,4,38" ten="324,223,176,277" oya="3" hai0="67,71,68,72,135,107,83,132,28,2,100,59,106" hai1="36,117,34,76,85,70,129,43,111,108,112,94,23" hai2="25,110,73,9,47,21,10,74,22,80,69,60,30" hai3="95,78,54,20,55,53,121,126,12,98,27,99,46"/><W134/><G121/><T33/><D2/><U130/><E34/><V15/><F110/><W1/><G1/><T97/><D107/><U127/><E70/><N who="0" m="26665" /><D59/><U44/><E112/><V131/><F131/><N who="1" m="50185" /><E127/><V118/><F118/><W104/><G134/><T90/><D67/><U3/><E3/><V133/><F133/><N who="0" m="51274" /><D90/><N who="1" m="53583" /><E117/><V51/><F80/><W58/><G126/><T6/><D6/><U79/><E23/><V62/><F22/><W31/><G78/><AGARI ba="0,0" hai="36,43,44,76,78,79,108,111" m="53583,50185" machi="78" ten="30,2000,0" yaku="19,1,52,1" doraHai="38" who="1" fromWho="3" sc="324,0,223,20,176,0,277,-20" owari="324,42.0,243,-16.0,176,-32.0,257,6.0" /></mjloggm>