<mjloggm ver="2.3"><GO type="169" lobby="0"/><UN n0="%6F%6F%6F%6F%6D%6F%72%69" n1="%E6%AF%94%E5%98%89%E7%A7%80%E4%BB%81" n2="%E3%83%A9%E3%83%83%E3%82%AD%E3%83%BC%E3%83%89%E3%83%83%E3%82%B0" n3="%E5%B0%B1%E6%B4%BB%E7%94%9F%40%E5%B7%9D%E6%9D%91%E8%BB%8D%E5%9B%A3" dan="16,16,16,17" rate="2069.18,2085.29,2122.69,2163.22" sx="M,M,M,M"/><TAIKYOKU oya="0"/><INIT seed="0,0,0,5,1,118" ten="250,250,250,250" oya="0" hai0="53,64,72,130,112,128,1,90,111,71,4,28,35" hai1="38,106,18,77,33,87,8,43,62,133,12,125,11" hai2="60,85,0,117,24,101,123,76,82,9,116,126,97" hai3="108,27,109,21,78,44,92,107,23,75,39,119,132"/><T113/><D72/><U89/><E106/><V98/><F123/><W134/><G107/><T104/><D104/><U47/><E33/><V110/><F110/><N who="3" m="42603" /><G119/><N who="2" m="45641" /><F126/><W80/><G92/><T36/><D36/><U131/><E125/><V91/><F60/><W54/><G54/><T88/><D111/><U20/><E133/><N who="3" m="51306" /><G27/><N who="0" m="18847" /><D53/><U25/><E131/><N who="0" m="50217" /><D64/><U51/><E62/><V37/><F37/><W67/><G67/><T114/><D71/><U121/><E121/><V120/><F24/><W46/><G46/><T59/><D59/><U61/><E61/><V10/><F0/><W100/><G100/><T127/><D127/><U86/><E38/><V70/><F70/><W15/><G15/><T84/><D84/><U57/><E57/><V135/><F135/><W42/><AGARI ba="0,0" hai="21,23,39,42,44,75,78,80" m="51306,42603" machi="42" ten="40,2700,0" yaku="14,1,20,1" doraHai="118" who="3" fromWho="3" sc="250,-13,250,-7,250,-7,250,27" /><INIT seed="1,0,0,1,5,5" ten="237,243,243,277" oya="1" hai0="120,77,63,20,62,22,78,135,18,132,111,51,26" hai1="125,116,128,54,86,60,27,91,9,98,23,106,39" hai2="68,75,61,17,131,83,99,110,4,88,92,66,71" hai3="97,133,69,34,55,11,53,122,42,102,100,93,124"/><U47/><E116/><V79/><F110/><W32/><G122/><T108/><D120/><U3/><E128/><V29/><F131/><W101/><G69/><T118/><D51/><U105/><E125/><V2/><F17/><W87/><G124/><T21/><D18/><U67/><E98/><V115/><F115/><W10/><G133/><N who="0" m="51275" /><D26/><U59/><E39/><V104/><F29/><W113/><G113/><T40/><D40/><U24/><E24/><V48/><F48/><W0/><G0/><T49/><D49/><U130/><E47/><V96/><F71/><W73/><G73/><T72/><D72/><U36/><E36/><V56/><F68/><W45/><G42/><T37/><D37/><U12/><E3/><V103/><F2/><W43/><G43/><T52/><D52/><N who="3" m="20041" /><G45/><T46/><D46/><U95/><E67/><V109/><F109/><N who="0" m="42058" /><D118/><U30/><REACH who="1" step="1"/><E130/><REACH who="1" ten="237,233,243,277" step="2"/><V57/><F57/><W112/><G112/><T6/><D6/><AGARI ba="0,1" hai="6,9,12,23,27,30,54,59,60,86,91,95,105,106" machi="6" ten="30,11600,0" yaku="1,1,2,1,7,1,52,1,53,0" doraHai="5" doraHaiUra="33" who="1" fromWho="0" sc="237,-116,233,126,243,0,277,0" /><INIT seed="1,1,0,5,5,21" ten="121,359,243,277" oya="1" hai0="76,108,135,63,8,71,24,52,99,13,40,87,42" hai1="131,56,44,15,102,3,96,129,121,39,31,112,83" hai2="25,109,85,14,134,68,75,101,93,57,62,61,114" hai3="37,64,41,103,20,110,48,55,113,33,118,53,73"/><U91/><E121/><V46/><F75/><W1/><G33/><T116/><D116/><U11/><E3/><V50/><F109/><W28/><G1/><T27/><D108/><U95/><E112/><V0/><F0/><W128/><G73/><T12/><D135/><U66/><E31/><V47/><F134/><W84/><G103/><T122/><D122/><U78/><E102/><V6/><F114/><W35/><G35/><T38/><D71/><U77/><E39/><V79/><F68/><W92/><G92/><T16/><D38/><U65/><E44/><V70/><F70/><W32/><G32/><T126/><D126/><U5/><E78/><V34/><F34/><W100/><G100/><T18/><D99/><U4/><E4/><V30/><F46/><N who="3" m="23855" /><G20/><N who="0" m="11279" /><D76/><U81/><E81/><V117/><F117/><W74/><G74/><T111/><D111/><U125/><E125/><V94/><F101/><W88/><G28/><T22/><D87/><N who="1" m="48623" /><E56/><V59/><F85/><W115/><G110/><T54/><D27/><U86/><E86/><V9/><F79/><W23/><G84/><T133/><D133/><U127/><E127/><V104/><F104/><W2/><G2/><T29/><D63/><N who="2" m="24074" /><F30/><W36/><G36/><T80/><D80/><U106/><E106/><V67/><F67/><W7/><G64/><T120/><D120/><U58/><E58/><N who="2" m="22027" /><F93/><W132/><G132/><T43/><AGARI ba="1,0" hai="8,12,18,22,24,29,40,42,43,52,54" m="11279" machi="43" ten="30,7900,0" yaku="8,1,52,1,54,2" doraHai="21" who="0" fromWho="0" sc="121,82,359,-40,243,-21,277,-21" /><INIT seed="2,0,0,5,3,37" ten="203,319,222,256" oya="2" hai0="87,118,60,6,134,12,79,55,58,127,63,53,11" hai1="133,111,86,126,22,66,81,23,1,34,65,122,32" hai2="21,59,88,2,16,13,131,94,102,76,73,29,7" hai3="75,68,62,49,119,77,28,92,80,129,40,43,120"/><V3/><F131/><W47/><G120/><T51/><D127/><U115/><E122/><V112/><F112/><W74/><G119/><T91/><D118/><U9/><E126/><V125/><F125/><W108/><G129/><T20/><D134/><U52/><E115/><V104/><F29/><W70/><G108/><T113/><D79/><U105/><E105/><V50/><F7/><W78/><G28/><T19/><D55/><U10/><E133/><V4/><F4/><W135/><G135/><T110/><D110/><U5/><E111/><V82/><F59/><W45/><G92/><T117/><D117/><U69/><E69/><V42/><F50/><W107/><G62/><T30/><D30/><U83/><E5/><V36/><F42/><W56/><G56/><T116/><D116/><U27/><E27/><V46/><F46/><W67/><G67/><T71/><D71/><U121/><E86/><N who="2" m="52503" /><F36/><W44/><G107/><T103/><D113/><U90/><E121/><V8/><F8/><W72/><G80/><T93/><REACH who="0" step="1"/><D103/><REACH who="0" ten="193,319,222,256" step="2"/><U41/><E66/><V33/><F33/><W38/><G68/><T96/><D96/><AGARI ba="0,1" hai="2,3,13,16,21,73,76,82,96,102,104" m="52503" machi="96" ten="30,5800,0" yaku="24,1,54,2" doraHai="37" who="2" fromWho="0" sc="193,-58,319,0,222,68,256,0" /><INIT seed="2,1,0,2,4,61" ten="135,319,290,256" oya="2" hai0="13,0,64,99,79,100,117,106,5,41,128,22,31" hai1="67,42,45,33,6,98,129,50,103,84,107,60,124" hai2="112,70,74,95,91,92,110,26,82,17,35,19,127" hai3="130,80,93,29,51,102,16,54,7,65,44,8,52"/><V134/><F112/><W11/><G130/><T37/><D128/><U62/><E129/><V59/><F70/><W39/><G39/><T40/><D117/><U86/><E124/><V10/><F127/><W28/><G80/><T133/><D133/><U24/><E6/><V135/><F110/><W87/><G65/><T120/><D120/><U83/><E83/><V3/><F74/><W131/><G131/><T36/><D79/><U123/><E60/><V101/><F82/><W9/><G7/><T108/><D0/><U53/><E42/><V25/><F59/><W57/><G16/><N who="2" m="6217" /><F101/><W121/><G121/><T55/><D37/><U23/><E123/><V34/><F91/><N who="3" m="53503" /><G102/><T15/><D36/><U27/><E27/><N who="2" m="10251" /><F3/><W68/><G68/><T69/><D108/><U12/><E12/><V94/><F10/><N who="3" m="2563" /><W63/><AGARI ba="1,0" hai="28,29,44,51,52,54,57,63" m="2563,53503" machi="63" ten="30,4000,0" yaku="4,1,8,1,54,1" doraHai="61" who="3" fromWho="3" sc="135,-11,319,-11,290,-21,256,43" /><INIT seed="3,0,0,1,3,102" ten="124,308,269,299" oya="3" hai0="18,54,53,122,127,106,12,59,80,43,67,26,87" hai1="27,81,50,78,4,71,13,21,46,135,108,70,7" hai2="79,88,52,85,97,92,74,116,113,110,105,134,89" hai3="73,114,63,64,117,49,36,112,65,24,124,25,5"/><W0/><G117/><T31/><D122/><U129/><E108/><V56/><F116/><W41/><G124/><T60/><D43/><U133/><E129/><V33/><F33/><W115/><G64/><T131/><D131/><U57/><E57/><V28/><F28/><W126/><G126/><T22/><D106/><U75/><E71/><V35/><F35/><W30/><G49/><T23/><REACH who="0" step="1"/><D127/><REACH who="0" ten="114,308,269,299" step="2"/><U55/><E135/><V77/><F105/><W17/><G41/><T32/><D32/><U69/><E133/><V48/><F134/><W132/><G132/><T128/><D128/><U62/><E70/><V47/><F110/><W84/><G114/><T99/><D99/><U20/><E69/><V3/><F113/><W118/><G112/><T104/><D104/><U61/><E61/><V98/><F3/><W8/><G63/><T58/><D58/><U86/><E62/><N who="2" m="36103" /><F74/><W11/><G73/><T94/><D94/><U91/><E75/><V123/><F123/><W15/><G115/><T111/><D111/><U1/><E1/><V83/><F97/><W10/><G36/><T51/><D51/><U121/><E121/><V93/><F92/><W40/><G40/><AGARI ba="0,1" hai="40,47,48,77,79,83,85,88,89,93,98" m="36103" machi="40" ten="30,3900,0" yaku="8,1,54,2" doraHai="102" who="2" fromWho="3" sc="114,0,308,0,269,49,299,-39" /><INIT seed="4,0,0,5,2,55" ten="114,308,318,260" oya="0" hai0="81,43,63,108,127,83,87,125,11,57,32,48,45" hai1="41,61,10,78,25,56,35,131,130,132,26,105,96" hai2="50,99,23,75,73,58,20,36,77,102,5,134,37" hai3="53,118,1,60,91,65,31,89,49,92,113,79,13"/><T38/><D108/><U114/><E132/><V84/><F134/><W126/><G1/><T104/><D104/><U123/><E123/><V68/><F68/><W15/><G118/><T59/><D32/><U93/><E105/><V22/><F5/><W133/><G133/><T34/><D34/><U28/><E114/><V100/><F84/><W129/><G113/><T9/><D38/><U82/><E26/><V119/><F119/><W47/><G126/><N who="0" m="48139" /><D83/><U19/><E96/><V117/><F117/><W7/><G129/><N who="1" m="49162" /><E93/><V122/><F122/><W124/><G124/><T29/><D29/><U69/><E69/><V17/><F17/><W40/><G31/><T51/><D51/><U14/><E41/><V27/><F27/><W85/><G79/><N who="0" m="46527" /><D59/><U121/><E121/><V2/><F2/><W30/><G30/><T116/><D116/><U98/><E98/><V42/><F42/><W101/><G101/><T120/><D120/><U110/><E110/><V54/><F102/><W72/><G72/><T18/><D18/><U0/><E0/><V16/><F75/><W112/><G7/><T70/><D70/><U115/><E115/><V33/><F33/><W66/><G112/><T24/><D24/><U111/><E111/><V44/><F16/><W39/><G91/><T4/><D4/><U109/><E109/><V90/><F90/><W46/><G66/><AGARI ba="0,0" hai="9,11,43,45,48,57,63,66" m="46527,48139" machi="66" ten="30,2900,0" yaku="18,1,52,1" doraHai="55" who="0" fromWho="3" sc="114,29,308,0,318,0,260,-29" /><INIT seed="4,1,0,3,3,74" ten="143,308,318,231" oya="0" hai0="64,72,123,29,109,49,94,135,22,99,98,38,17" hai1="20,92,100,85,58,125,34,9,97,41,23,76,54" hai2="105,124,75,117,27,116,113,62,119,106,44,91,128" hai3="61,4,16,40,130,24,30,18,112,133,31,73,120"/><T82/><D38/><U111/><E111/><V71/><F113/><W26/><G73/><T55/><D123/><U46/><E125/><V115/><F115/><W11/><G120/><T126/><D126/><U45/><E34/><V10/><F124/><W14/><G112/><T60/><D109/><U3/><E3/><V19/><F75/><W32/><G40/><T104/><D135/><U108/><E9/><V131/><F44/><N who="1" m="17001" /><E41/><V68/><F91/><W129/><G61/><T6/><D6/><U121/><E121/><V89/><F89/><W13/><G133/><T37/><D29/><U101/><E101/><V63/><F10/><N who="3" m="6231" /><G4/><T57/><D37/><U87/><E108/><V7/><F7/><W107/><G107/><N who="2" m="40969" /><F19/><W52/><G52/><T127/><D127/><U33/><E33/><AGARI ba="1,0" hai="11,13,18,24,26,30,31,32,33,129,130" m="6231" machi="33" ten="30,3900,0" yaku="34,2,54,1" doraHai="74" who="3" fromWho="1" sc="143,0,308,-42,318,0,231,42" /><INIT seed="5,0,0,1,3,118" ten="143,266,318,273" oya="1" hai0="74,7,105,53,16,72,30,132,127,131,124,78,67" hai1="121,36,83,25,31,1,57,79,69,99,59,125,89" hai2="34,49,119,134,122,28,130,12,117,42,80,48,21" hai3="97,104,112,98,110,35,91,0,135,82,126,43,113"/><U54/><E121/><V115/><F115/><N who="3" m="44107" /><G35/><T85/><D105/><U68/><E36/><V102/><F134/><W51/><G0/><T18/><D132/><U86/><E1/><V2/><F2/><W88/><G135/><T38/><D38/><U6/><E6/><V45/><F130/><W75/><G43/><T44/><D67/><U26/><E125/><N who="0" m="48201" /><D131/><U9/><E9/><V3/><F3/><W103/><G126/><T55/><D30/><U116/><E116/><V96/><F122/><W128/><G51/><N who="0" m="28903" /><D55/><U17/><E17/><N who="0" m="6761" /><D7/><U111/><E111/><V52/><F28/><W62/><G62/><T23/><D23/><U108/><E108/><V76/><F34/><W60/><G60/><T8/><D8/><U81/><E26/><V100/><F119/><W70/><G70/><T71/><D71/><U29/><E29/><V77/><F117/><W27/><G27/><T66/><D66/><U39/><E39/><V20/><F20/><W73/><G128/><T109/><D109/><U61/><E59/><N who="2" m="33159" /><F21/><W87/><G110/><T133/><D133/><U15/><E69/><V92/><F12/><W10/><G10/><T14/><D14/><U5/><E68/><V47/><F47/><W64/><G64/><T56/><D56/><U123/><E15/><V94/><F42/><W50/><G50/><T114/><D114/><U58/><E58/><V65/><F49/><W93/><AGARI ba="0,0" hai="73,75,82,87,88,91,93,97,98,103,104" m="44107" machi="93" ten="30,7900,0" yaku="15,1,34,2,54,1" doraHai="118" who="3" fromWho="3" sc="143,-20,266,-39,318,-20,273,79" /><INIT seed="6,0,0,5,0,69" ten="123,227,298,352" oya="2" hai0="41,5,47,77,49,114,72,105,107,52,55,19,104" hai1="131,132,1,63,2,71,110,76,27,36,106,120,84" hai2="8,56,134,6,30,37,80,34,62,43,83,68,3" hai3="97,127,32,42,51,40,124,95,102,87,67,38,96"/><V109/><F109/><W79/><G32/><T93/><D114/><U74/><E27/><V133/><F68/><W10/><G38/><T108/><D108/><U119/><E84/><V98/><F98/><W61/><G10/><T126/><D126/><N who="3" m="48169" /><G51/><T113/><D113/><U53/><E53/><V123/><F123/><W58/><G96/><T15/><D5/><U116/><E76/><V129/><F129/><W88/><G79/><T33/><D33/><U0/><E63/><V20/><F34/><W16/><G16/><T11/><REACH who="0" step="1"/><D93/><AGARI ba="0,0" hai="40,42,58,61,67,87,88,93,95,97,102" m="48169" machi="93" ten="30,2000,0" yaku="18,1,54,1" doraHai="69" who="3" fromWho="0" sc="123,-20,227,0,298,0,352,20" /><INIT seed="7,0,0,4,4,107" ten="103,227,298,372" oya="3" hai0="11,116,73,1,30,125,103,66,86,26,41,123,32" hai1="127,67,46,31,25,108,57,121,44,15,38,128,34" hai2="56,129,120,62,68,35,87,106,60,54,88,43,131" hai3="48,109,130,20,132,28,51,77,29,80,70,40,49"/><W5/><G70/><T16/><D41/><U12/><E121/><V101/><F35/><W47/><G109/><T104/><D66/><U115/><E108/><V124/><F124/><W50/><G130/><T37/><D37/><U112/><E128/><V79/><F79/><W94/><G132/><T126/><D86/><U13/><E127/><V93/><F43/><W69/><G69/><T71/><D71/><U19/><E19/><V39/><F39/><W61/><G5/><T9/><D103/><U100/><E100/><V105/><F120/><W27/><G94/><T134/><D104/><U6/><E6/><V33/><F33/><W72/><G61/><T45/><D45/><U74/><E74/><V90/><F90/><W85/><G72/><T111/><D73/><U98/><E98/><V117/><F117/><W53/><G29/><T14/><D123/><U95/><E95/><V81/><F93/><W10/><G10/><T83/><D83/><U7/><E7/><V114/><F114/><N who="1" m="43561" /><E38/><V64/><F106/><W97/><G97/><T75/><D75/><U2/><E2/><V0/><F0/><W59/><AGARI ba="0,0" hai="20,27,28,40,47,48,49,50,51,53,59,77,80,85" machi="59" ten="20,3900,0" yaku="0,1,7,1,8,1" doraHai="107" who="3" fromWho="3" sc="103,-13,227,-13,298,-13,372,39" owari="90,-41.0,214,-19.0,285,9.0,411,51.0" /></mjloggm>