<mjloggm ver="2.3"><GO type="169" lobby="0"/><UN n0="%E9%96%A2%E4%B8%83%E6%B5%B7" n1="%54%53%55%42%41%53%41" n2="%E9%9B%80%E3%82%B7%E3%83%AD%E5%AD%90" n3="%E3%82%A6%E3%83%AB%E3%83%88%E3%83%A9%E7%AB%8B%E7%9B%B4" dan="17,16,16,18" rate="2167.42,2074.52,2096.83,2212.94" sx="M,M,M,M"/><TAIKYOKU oya="0"/><INIT seed="0,0,0,1,2,104" ten="250,250,250,250" oya="0" hai0="57,133,82,18,44,42,76,13,7,135,113,24,22" hai1="33,77,81,106,52,43,54,27,105,98,51,0,111" hai2="122,50,14,46,96,132,49,47,88,35,108,63,79" hai3="93,21,95,94,23,127,34,2,58,80,130,36,112"/><T102/><D113/><U103/><E111/><V19/><F35/><W17/><G34/><T55/><D102/><U72/><E0/><V12/><F122/><W37/><G112/><T126/><D126/><U62/><E43/><V39/><F39/><W61/><G2/><T1/><D57/><U48/><E106/><V28/><F28/><W129/><G127/><T4/><D55/><U100/><E100/><V90/><F108/><W40/><G80/><T38/><D24/><U115/><E115/><V15/><F63/><W116/><G116/><T3/><D3/><U73/><E62/><V25/><F79/><W75/><G75/><N who="0" m="43295" /><D7/><U68/><E68/><V87/><F132/><W5/><G5/><T31/><D31/><U110/><E110/><V128/><F128/><N who="3" m="49259" /><G40/><T107/><D107/><U124/><E124/><V65/><F65/><N who="3" m="39095" /><G23/><T30/><D30/><U114/><E114/><V16/><F19/><W8/><G8/><AGARI ba="0,0" hai="1,4,8,13,18,22,38,42,44,133,135" m="43295" machi="8" ten="30,2900,0" yaku="25,1,52,1" doraHai="104" who="0" fromWho="3" sc="250,29,250,0,250,0,250,-29" /><INIT seed="0,1,0,3,4,106" ten="279,250,250,221" oya="0" hai0="32,113,47,37,28,135,86,9,36,49,88,105,21" hai1="17,130,65,121,89,58,46,34,122,120,68,73,77" hai2="71,99,66,25,95,119,31,70,38,75,96,33,4" hai3="57,85,22,91,97,41,81,55,56,92,109,14,67"/><T62/><D113/><U115/><E34/><V114/><F114/><W79/><G109/><T116/><D105/><U60/><E17/><V1/><F119/><W3/><G3/><T6/><D32/><U15/><E15/><V19/><F38/><W80/><G41/><T18/><D135/><U39/><E115/><V123/><F123/><W102/><G67/><T134/><D134/><U13/><E13/><V76/><F99/><W50/><G14/><T51/><D62/><U64/><E89/><V44/><F44/><W59/><REACH who="3" step="1"/><G22/><REACH who="3" ten="279,250,250,211" step="2"/><T117/><D21/><U127/><E65/><V53/><F66/><W112/><G112/><T48/><D117/><U126/><E68/><V101/><F1/><W61/><G61/><T83/><D116/><U128/><E77/><V72/><F76/><W35/><G35/><T107/><D37/><U84/><E84/><AGARI ba="1,1" hai="50,55,56,57,59,79,80,81,84,85,91,92,97,102" machi="84" ten="30,3900,0" yaku="1,1,7,1,8,1,53,0" doraHai="106" doraHaiUra="16" who="3" fromWho="1" sc="279,0,250,-42,250,0,211,52" /><INIT seed="1,0,0,3,2,9" ten="279,208,250,263" oya="1" hai0="21,11,30,115,52,22,16,75,32,77,110,98,107" hai1="127,20,39,15,0,118,28,34,74,6,94,73,3" hai2="44,99,133,35,103,123,4,104,1,23,125,13,65" hai3="92,25,45,82,89,117,79,97,109,131,48,113,14"/><U64/><E39/><V66/><F123/><W37/><G117/><T56/><D110/><U130/><E74/><V54/><F35/><W40/><G113/><T101/><D115/><U85/><E73/><V33/><F33/><W5/><G131/><T8/><D32/><U38/><E38/><V61/><F133/><W87/><G109/><T120/><D30/><U69/><E64/><V67/><F125/><W106/><G106/><T36/><D36/><U7/><E85/><V88/><F1/><N who="1" m="585" /><E94/><V124/><F124/><W76/><G37/><T91/><D91/><U134/><E69/><V108/><F108/><W17/><G25/><T49/><D120/><U60/><E60/><V72/><F72/><W29/><G29/><T42/><D42/><U111/><E127/><V81/><F61/><W132/><G132/><T24/><REACH who="0" step="1"/><D22/><REACH who="0" ten="269,208,250,263" step="2"/><U84/><E111/><V102/><F23/><N who="3" m="11703" /><G5/><N who="1" m="1546" /><E134/><V95/><F4/><W100/><AGARI ba="0,1" hai="40,45,48,76,79,82,87,89,92,97,100" m="11703" machi="100" ten="30,2000,0" yaku="8,1,52,1" doraHai="9" who="3" fromWho="3" sc="269,-5,208,-10,250,-5,263,30" /><INIT seed="2,0,0,4,1,101" ten="264,198,245,293" oya="2" hai0="112,53,76,40,33,36,50,88,56,58,107,70,124" hai1="116,68,82,31,109,75,30,72,123,110,4,32,54" hai2="99,59,115,106,10,90,17,34,84,39,114,9,86" hai3="62,26,46,98,93,65,51,79,94,47,38,66,133"/><V91/><F39/><W7/><G133/><T8/><D33/><U108/><E116/><V103/><F34/><W0/><G79/><T118/><D112/><U81/><E68/><V92/><F59/><W5/><G0/><T83/><D124/><U41/><E41/><V113/><REACH who="2" step="1"/><F17/><REACH who="2" ten="264,198,235,293" step="2"/><W111/><G38/><T35/><D35/><U3/><E32/><V74/><F74/><N who="1" m="28201" /><E123/><V13/><F13/><W6/><G47/><T102/><D58/><U24/><E3/><V134/><F134/><W89/><G46/><T2/><D36/><U77/><E4/><V45/><F45/><W105/><G5/><T14/><D2/><U104/><E24/><V95/><AGARI ba="0,1" hai="9,10,84,86,90,91,92,95,99,103,106,113,114,115" machi="95" ten="30,11700,0" yaku="1,1,0,1,9,1,52,1,53,0" doraHai="101" doraHaiUra="57" who="2" fromWho="2" sc="264,-39,198,-39,235,127,293,-39" /><INIT seed="2,1,0,2,4,73" ten="225,159,362,254" oya="2" hai0="29,122,27,116,41,62,66,134,109,22,94,0,60" hai1="46,20,35,58,38,26,105,7,48,64,135,21,39" hai2="57,28,85,131,40,43,54,125,89,76,12,13,1" hai3="50,19,37,129,63,23,68,86,49,100,107,112,59"/><V11/><F125/><W121/><G121/><T30/><D122/><U127/><E35/><V123/><F123/><W93/><G37/><T34/><D109/><U108/><E108/><V103/><F131/><W79/><G68/><T124/><D124/><U67/><E105/><V47/><F103/><W32/><G32/><T75/><D134/><U119/><E127/><V56/><F56/><W115/><G107/><T84/><D75/><U117/><E7/><V14/><F28/><W120/><G129/><T81/><D94/><U33/><E33/><V101/><F101/><W80/><G120/><T18/><D0/><U61/><E135/><V70/><F70/><W104/><G104/><T9/><D9/><U51/><E26/><V2/><F11/><W99/><G115/><T82/><D82/><U52/><E20/><V132/><F132/><W83/><G83/><T72/><D72/><U71/><E21/><V91/><F2/><W98/><G98/><T97/><D97/><U31/><E31/><V10/><F10/><W90/><G100/><T25/><D116/><U15/><E15/><V45/><F1/><W118/><G118/><T110/><D110/><U36/><E51/><V111/><F111/><W3/><G3/><T5/><D30/><U74/><E74/><V95/><F43/><W130/><G130/><T17/><D5/><U4/><E4/><V78/><F40/><W24/><G112/><T133/><D41/><U128/><E128/><V92/><F45/><W96/><G96/><T65/><D133/><U87/><E87/><N who="2" m="52287" /><F47/><W102/><G102/><T114/><D114/><RYUUKYOKU ba="1,0" sc="225,-30,159,10,362,10,254,10" hai1="36,38,39,46,48,52,58,61,64,67,71,117,119" hai2="12,13,14,54,57,76,78,85,91,95" hai3="19,23,24,49,50,59,63,79,80,86,90,93,99" /><INIT seed="2,2,0,1,0,97" ten="195,169,372,264" oya="2" hai0="132,109,83,106,101,17,36,80,95,69,37,113,18" hai1="56,16,15,102,42,118,40,114,57,31,7,88,67" hai2="72,23,135,91,93,29,104,27,30,21,33,74,130" hai3="41,6,39,65,8,44,129,28,71,131,79,26,119"/><V32/><F104/><W108/><G119/><T4/><D113/><U45/><E118/><V123/><F123/><W107/><G107/><T52/><D109/><U134/><E134/><V75/><F135/><W64/><G79/><T20/><D69/><U77/><E31/><V124/><F130/><N who="3" m="49675" /><G71/><T126/><D132/><U12/><E77/><V1/><F124/><W38/><G38/><T116/><D126/><U68/><E68/><V76/><F76/><W43/><G43/><T62/><D116/><U133/><E133/><V96/><F1/><N who="3" m="79" /><G108/><T51/><D106/><U73/><E73/><V86/><F96/><W110/><G110/><T47/><D4/><U59/><E67/><V112/><F112/><W81/><G81/><T0/><D0/><U34/><E34/><AGARI ba="2,0" hai="26,28,34,39,41,44,64,65" m="79,49675" machi="34" ten="30,1000,0" yaku="19,1" doraHai="97" who="3" fromWho="1" sc="195,0,169,-16,372,0,264,16" /><INIT seed="3,0,0,1,3,7" ten="195,153,372,280" oya="3" hai0="45,113,115,132,28,99,68,119,15,104,52,19,126" hai1="134,103,10,123,97,20,30,65,60,44,106,59,32" hai2="116,5,111,87,112,36,23,47,54,78,27,56,125" hai3="55,105,77,114,83,95,18,61,133,96,72,73,94"/><W22/><G114/><N who="0" m="43531" /><D119/><U66/><E123/><V26/><F116/><W58/><G133/><T46/><D68/><U74/><E134/><V90/><F111/><W93/><G105/><T124/><D28/><U107/><E74/><V75/><F112/><W92/><G73/><T100/><D132/><U31/><E32/><V109/><F109/><W57/><G57/><T122/><D122/><U131/><E131/><V9/><F125/><N who="0" m="48234" /><D52/><U86/><E107/><V40/><F78/><W35/><G35/><T101/><D100/><U50/><E66/><V62/><F75/><W130/><G130/><T69/><D69/><U14/><E86/><V21/><F27/><W64/><G64/><T39/><D39/><U118/><E20/><AGARI ba="0,0" hai="15,19,20,45,46,99,101,104" m="48234,43531" machi="20" ten="30,2000,0" yaku="11,1,18,1" doraHai="7" who="0" fromWho="1" sc="195,20,153,-20,372,0,280,0" /><INIT seed="4,0,0,2,1,48" ten="215,133,372,280" oya="0" hai0="76,93,120,18,51,127,13,55,111,118,124,43,90" hai1="119,97,8,4,121,1,46,15,23,62,5,84,59" hai2="7,26,30,88,112,123,64,31,104,20,132,85,63" hai3="24,29,10,129,78,61,74,79,68,83,73,105,47"/><T131/><D118/><U125/><E125/><N who="0" m="48201" /><D120/><U128/><E128/><V34/><F123/><W96/><G129/><T100/><D131/><U65/><E121/><V77/><F132/><W133/><G133/><T86/><D111/><U17/><E119/><V54/><F112/><W35/><G10/><N who="0" m="6455" /><D100/><U103/><E84/><V71/><F104/><W81/><G47/><N who="0" m="28159" /><D76/><U12/><E46/><V38/><F77/><W45/><G45/><T41/><AGARI ba="0,0" hai="41,43,86,90,93" m="28159,6455,48201" machi="41" ten="30,3000,0" yaku="18,1,52,1" doraHai="48" who="0" fromWho="0" sc="215,30,133,-10,372,-10,280,-10" /><INIT seed="4,1,0,0,4,38" ten="245,123,362,270" oya="0" hai0="66,95,84,127,21,36,115,55,15,96,99,98,18" hai1="61,131,106,14,34,69,48,31,101,122,35,105,71" hai2="28,39,120,30,20,133,67,83,104,19,90,37,118" hai3="119,56,114,109,81,68,132,16,117,3,43,58,123"/><T25/><D115/><U41/><E14/><V54/><F104/><N who="1" m="40041" /><E101/><V53/><F118/><W80/><G68/><N who="1" m="26186" /><E61/><V42/><F39/><W22/><G3/><T13/><D36/><U79/><E79/><V74/><F120/><W47/><G114/><T8/><D127/><U91/><E31/><V112/><F67/><W32/><G32/><N who="1" m="12330" /><E91/><V72/><F112/><W102/><G102/><T128/><D66/><U100/><E100/><V124/><F124/><W65/><G65/><T135/><D15/><U6/><E6/><V108/><F90/><W5/><G5/><T23/><D23/><U33/><N who="1" m="12338" /><U130/><DORA hai="63" /><E122/><V24/><F20/><W103/><G22/><T52/><D84/><U126/><E126/><V92/><F54/><W60/><G103/><T78/><D78/><U73/><E73/><V45/><F53/><W121/><G121/><T77/><D77/><U88/><E88/><V97/><F74/><W11/><G123/><T111/><D95/><U134/><E134/><V49/><F92/><W1/><G132/><T26/><D135/><U93/><E93/><V9/><F72/><W110/><G60/><T0/><D55/><U59/><E59/><V12/><F12/><W64/><G58/><T2/><D52/><U57/><E57/><V87/><F133/><W125/><G56/><T70/><D21/><U86/><E86/><V51/><F87/><W107/><G107/><T82/><D70/><U50/><E41/><V116/><F42/><W94/><G43/><T113/><D13/><U40/><E40/><V10/><F30/><W89/><G125/><RYUUKYOKU ba="1,0" sc="245,-10,123,30,362,-10,270,-10" hai1="48,50,130,131" /><INIT seed="5,2,0,4,1,20" ten="235,153,352,260" oya="1" hai0="54,131,79,66,13,96,28,64,84,105,4,93,40" hai1="94,110,68,35,75,120,89,58,126,118,47,18,73" hai2="103,39,19,91,128,51,101,92,46,57,21,50,133" hai3="63,135,37,76,122,70,67,27,117,102,55,112,104"/><U3/><E73/><V10/><F128/><W5/><G122/><T86/><D105/><U15/><E68/><V29/><F133/><W97/><G135/><T49/><D40/><U33/><E75/><V130/><F130/><W121/><G121/><T41/><D41/><U115/><E3/><V59/><F29/><W30/><G37/><T134/><D134/><U43/><E120/><V60/><F39/><W26/><G112/><T48/><D131/><U53/><E115/><V45/><F45/><W77/><G117/><T61/><D28/><U32/><E118/><V90/><F10/><W87/><G5/><T62/><D79/><U0/><E0/><V36/><F91/><W71/><G71/><T38/><D38/><U23/><E110/><V111/><F36/><W11/><G11/><N who="0" m="4327" /><D86/><U125/><E47/><V83/><F111/><W31/><G55/><T42/><D84/><U14/><E14/><V6/><F83/><W17/><G87/><T7/><D7/><U22/><E22/><V119/><F6/><W69/><G17/><T52/><D42/><U116/><E43/><V108/><F19/><W78/><G70/><T129/><D129/><U99/><REACH who="1" step="1"/><E116/><REACH who="1" ten="235,143,352,260" step="2"/><V2/><F2/><W109/><G109/><T98/><D61/><AGARI ba="2,1" hai="15,18,23,32,33,35,53,58,61,89,94,99,125,126" machi="61" ten="40,7700,0" yaku="1,1,2,1,53,1" doraHai="20" doraHaiUra="85" who="1" fromWho="0" sc="235,-83,143,93,352,0,260,0" /><INIT seed="5,3,0,1,4,21" ten="152,236,352,260" oya="1" hai0="50,46,130,132,66,68,67,25,87,79,15,114,10" hai1="44,117,5,58,131,98,16,109,86,126,31,33,60" hai2="32,73,45,113,103,13,48,62,8,37,129,116,23" hai3="99,63,134,127,12,101,4,47,112,28,77,97,49"/><U119/><E109/><V122/><F116/><W43/><G112/><T100/><D114/><U91/><E126/><V57/><F122/><W88/><G127/><T27/><D130/><U94/><E131/><V36/><F32/><W84/><G134/><T6/><D132/><U108/><E5/><V107/><F73/><W61/><G77/><T111/><D100/><U14/><E108/><V72/><F72/><W54/><G28/><T124/><D124/><U9/><E44/><V105/><F113/><W55/><G43/><T2/><D2/><U22/><E33/><V64/><F23/><W65/><G55/><T42/><D111/><U93/><E31/><V3/><F3/><W70/><G63/><T39/><D39/><U30/><E30/><V118/><F118/><W110/><G110/><T40/><D40/><U96/><E9/><V38/><F103/><W0/><G0/><T81/><D68/><U82/><E94/><V41/><F129/><W29/><G29/><T26/><AGARI ba="3,0" hai="6,10,15,25,26,27,42,46,50,66,67,79,81,87" machi="26" ten="30,12000,2" yaku="0,1,25,2,8,1,52,3" doraHai="21" who="0" fromWho="0" sc="152,129,236,-63,352,-33,260,-33" /><INIT seed="6,0,0,3,5,111" ten="281,173,319,227" oya="2" hai0="11,36,44,58,7,24,121,94,134,1,13,39,95" hai1="85,78,28,80,52,116,81,49,106,12,66,107,46" hai2="82,57,118,90,119,93,59,130,21,73,87,114,10" hai3="125,75,5,126,131,45,2,38,113,127,115,61,108"/><V25/><F130/><W20/><G108/><T42/><D121/><U35/><E116/><V55/><F10/><N who="3" m="2359" /><G131/><T23/><D134/><U53/><E66/><V3/><F3/><W17/><G75/><T27/><D39/><U9/><E28/><V77/><F59/><W105/><G105/><T48/><D58/><U60/><E35/><V43/><F43/><N who="3" m="22775" /><G61/><T99/><D36/><U89/><E60/><V40/><F40/><W26/><AGARI ba="0,0" hai="17,20,26,113,115,125,126,127" m="22775,2359" machi="26" ten="40,5200,0" yaku="18,1,52,2" doraHai="111" who="3" fromWho="3" sc="281,-13,173,-13,319,-26,227,52" /><INIT seed="7,0,0,5,4,55" ten="268,160,293,279" oya="3" hai0="64,10,27,25,133,43,117,63,85,102,59,12,97" hai1="22,41,34,17,35,122,8,135,14,18,42,111,89" hai2="62,113,5,98,1,109,3,108,126,20,33,72,124" hai3="49,30,38,2,70,69,83,128,53,127,13,15,39"/><W74/><G2/><T131/><D117/><U65/><E122/><V77/><F33/><W88/><G30/><T48/><D131/><U76/><E111/><V19/><F113/><W106/><G106/><T91/><D133/><U110/><E110/><V23/><F23/><W119/><G119/><T67/><D67/><U118/><E118/><V129/><F129/><W61/><G128/><T107/><D48/><U36/><E135/><V29/><F29/><W60/><G127/><N who="2" m="48681" /><F3/><W79/><G88/><T134/><D43/><U0/><E65/><V90/><F62/><W132/><G132/><T112/><D112/><U4/><E36/><V78/><F78/><W96/><G61/><T94/><REACH who="0" step="1"/><D134/><REACH who="0" ten="258,160,293,279" step="2"/><U120/><E42/><V81/><F108/><W54/><G38/><T52/><D52/><U73/><E41/><V71/><F109/><W92/><G39/><T40/><D40/><U44/><E44/><V125/><F125/><W115/><G115/><T46/><D46/><U80/><E120/><V121/><F121/><W116/><G116/><T16/><AGARI ba="0,1" hai="10,12,16,25,27,59,63,64,85,91,94,97,102,107" machi="16" ten="20,12000,2" yaku="1,1,0,1,7,1,52,1,54,1,53,1" doraHai="55" doraHaiUra="56" who="0" fromWho="0" sc="258,130,160,-30,293,-30,279,-60" owari="388,49.0,130,-37.0,263,6.0,219,-18.0" /></mjloggm>