<mjloggm ver="2.3"><GO type="169" lobby="0"/><UN n0="%61%71%75%61%72%69%75%73" n1="%E3%82%8A%E3%82%81%E3%82%8D" n2="%E3%82%A6%E3%83%AB%E3%83%88%E3%83%A9%E7%AB%8B%E7%9B%B4" n3="%43%6F%43%6F%4E%61%6E" dan="17,16,17,16" rate="2191.70,2101.88,2186.21,2076.45" sx="M,M,M,M"/><TAIKYOKU oya="0"/><INIT seed="0,0,0,2,1,85" ten="250,250,250,250" oya="0" hai0="84,81,42,37,114,41,46,10,59,93,103,19,24" hai1="95,75,80,133,108,90,55,104,26,86,9,5,70" hai2="116,109,105,6,91,14,83,47,49,0,134,36,129" hai3="123,7,40,12,54,28,88,118,106,119,68,52,38"/><T122/><D122/><U48/><E108/><V131/><F105/><W29/><G106/><T17/><D114/><U13/><E104/><V79/><F0/><W11/><G68/><T115/><D115/><U120/><E133/><V126/><F36/><W124/><G123/><T77/><D42/><U99/><E120/><V107/><F107/><W82/><G124/><T25/><D59/><U121/><E121/><V111/><F126/><W57/><G54/><T2/><D19/><U44/><E70/><V3/><F3/><W98/><G40/><T62/><D62/><U31/><E75/><V135/><F14/><W61/><G38/><T128/><D128/><N who="2" m="49226" /><F6/><W67/><G67/><T15/><D2/><U113/><E113/><V18/><F18/><W27/><G29/><T22/><D10/><U130/><E130/><V101/><F101/><W66/><G66/><T69/><D69/><U64/><E64/><V132/><F116/><W8/><G8/><T71/><D71/><U97/><REACH who="1" step="1"/><E80/><REACH who="1" ten="250,240,250,250" step="2"/><V51/><F111/><W30/><G82/><T127/><D127/><U87/><E87/><N who="2" m="48639" /><F109/><W74/><G74/><T72/><D72/><U56/><E56/><V34/><F47/><W32/><REACH who="3" step="1"/><G30/><REACH who="3" ten="250,240,250,240" step="2"/><T4/><D81/><U39/><E39/><V21/><F135/><W102/><G102/><T60/><D103/><U73/><E73/><V100/><F100/><W96/><G96/><T110/><D37/><U35/><AGARI ba="0,2" hai="5,9,13,26,31,35,44,48,55,86,90,95,97,99" machi="35" ten="20,5200,0" yaku="1,1,0,1,7,1,52,1,53,0" doraHai="85" doraHaiUra="53" who="1" fromWho="1" sc="250,-26,240,72,250,-13,240,-13" /><INIT seed="1,0,0,4,5,35" ten="224,312,237,227" oya="1" hai0="134,33,65,56,133,0,53,77,8,83,125,108,90" hai1="91,63,69,22,105,61,13,50,58,118,59,115,113" hai2="9,60,49,54,70,31,19,120,121,36,95,97,67" hai3="21,20,127,86,1,5,104,23,94,92,62,103,81"/><U64/><E105/><V82/><F31/><W124/><G104/><T11/><D33/><U7/><E118/><V37/><F82/><W102/><G62/><T34/><D34/><U15/><E50/><V85/><F85/><W46/><G46/><T76/><D65/><U122/><E122/><V109/><F19/><W51/><G51/><T79/><D125/><N who="3" m="48201" /><G5/><N who="0" m="1447" /><D8/><U25/><E69/><V30/><F30/><W72/><G72/><T32/><D32/><U84/><E115/><V14/><F14/><W52/><G52/><T17/><D17/><N who="1" m="12495" /><E7/><V47/><F9/><W100/><G1/><T43/><D43/><U116/><E116/><V39/><REACH who="2" step="1"/><F109/><REACH who="2" ten="224,312,227,227" step="2"/><W57/><G81/><T38/><D83/><N who="1" m="49567" /><E113/><V107/><F107/><W112/><G112/><T6/><D79/><U128/><E13/><V10/><F10/><W129/><G86/><T96/><D76/><U24/><E15/><V88/><AGARI ba="0,1" hai="36,37,39,47,49,54,60,67,70,88,95,97,120,121" machi="88" ten="30,7900,0" yaku="1,1,0,1,54,1,53,1" doraHai="35" doraHaiUra="45" who="2" fromWho="2" sc="224,-20,312,-39,227,89,227,-20" /><INIT seed="2,0,0,1,5,112" ten="204,273,316,207" oya="2" hai0="126,20,80,32,95,121,84,50,117,134,18,39,53" hai1="37,133,52,124,93,135,62,25,56,28,63,82,114" hai2="35,3,59,51,12,24,48,66,81,109,17,97,41" hai3="8,47,102,118,110,125,23,43,55,101,21,64,7"/><V31/><F109/><W40/><G110/><T9/><D39/><U60/><E114/><V91/><F3/><W15/><G125/><T106/><D106/><U98/><E37/><V69/><F69/><W4/><G64/><T113/><D121/><U127/><E82/><V44/><F66/><W85/><G118/><T105/><D105/><U76/><E76/><V46/><F59/><W57/><G7/><T70/><D70/><U36/><E36/><V115/><F115/><W87/><G21/><T19/><D32/><U88/><E25/><V2/><F2/><W26/><G47/><T14/><D113/><U77/><E77/><V16/><F12/><W42/><G101/><T1/><D126/><N who="1" m="48171" /><E28/><V38/><F38/><W34/><G102/><T5/><D134/><AGARI ba="0,0" hai="52,56,60,62,63,88,93,98,133,134,135" m="48171" machi="134" ten="30,7700,0" yaku="20,1,18,1,54,2" doraHai="112" who="1" fromWho="0" sc="204,-77,273,77,316,0,207,0" /><INIT seed="3,0,0,5,2,100" ten="127,350,316,207" oya="3" hai0="93,70,3,76,1,12,11,37,65,86,106,80,50" hai1="81,30,6,94,104,90,62,120,8,119,49,98,52" hai2="127,56,25,110,51,79,16,41,115,134,55,85,29" hai3="14,135,15,9,36,125,24,123,105,91,69,48,99"/><W54/><G123/><T7/><D106/><U72/><E120/><V43/><F115/><W42/><G69/><T33/><D33/><U38/><E38/><V133/><F110/><W132/><G125/><T66/><D37/><U129/><E129/><V116/><F116/><W35/><G42/><T128/><D128/><U60/><E119/><V114/><F114/><W103/><G36/><T108/><D108/><U67/><E30/><V131/><F131/><W4/><G15/><T17/><D93/><U75/><E104/><V130/><F130/><W61/><G61/><T32/><D32/><U92/><E92/><V113/><F113/><W40/><G40/><T95/><D95/><U121/><E121/><V73/><F73/><W118/><G91/><T64/><D70/><U84/><E67/><V74/><F74/><W23/><G35/><T22/><REACH who="0" step="1"/><D50/><REACH who="0" ten="117,350,316,207" step="2"/><U53/><E49/><V97/><F51/><W83/><G118/><T31/><D31/><U0/><E62/><V71/><F29/><W13/><G83/><T78/><D78/><U26/><E60/><V58/><F79/><W96/><G96/><T39/><D39/><U59/><E98/><V27/><F97/><W88/><G88/><T111/><D111/><U45/><E81/><V126/><F71/><W117/><G117/><T109/><D109/><U63/><E90/><V89/><F89/><W34/><G34/><T77/><D77/><U46/><E94/><V101/><F127/><W18/><REACH who="3" step="1"/><G24/><AGARI ba="0,1" hai="1,3,7,11,12,17,22,24,64,65,66,76,80,86" machi="24" ten="40,1300,0" yaku="1,1,53,0" doraHai="100" doraHaiUra="28" who="0" fromWho="3" sc="117,23,350,0,316,0,207,-13" /><INIT seed="4,0,0,0,2,18" ten="140,350,316,194" oya="0" hai0="125,69,40,38,115,79,107,99,28,118,45,30,39" hai1="129,64,97,101,52,41,135,77,91,15,67,128,78" hai2="114,83,120,88,20,126,6,112,23,102,14,123,47" hai3="11,117,13,87,116,109,96,25,29,49,31,34,132"/><T85/><D69/><U76/><E135/><V26/><F102/><W63/><G132/><T89/><D118/><U33/><E33/><V10/><F47/><W46/><G109/><T92/><D39/><U90/><E41/><V2/><F126/><W54/><G31/><T124/><D115/><N who="2" m="44074" /><F2/><W43/><G96/><T61/><D61/><U130/><E15/><V84/><F26/><W119/><G87/><T53/><D53/><U73/><E73/><V75/><F75/><W1/><G1/><T21/><D79/><U8/><E8/><V122/><AGARI ba="0,0" hai="6,10,14,20,23,83,84,88,120,122,123" m="44074" machi="122" ten="40,8000,1" yaku="15,1,52,2,54,1" doraHai="18" who="2" fromWho="2" sc="140,-40,350,-20,316,80,194,-20" /><INIT seed="5,0,0,1,3,13" ten="100,330,396,174" oya="1" hai0="43,25,120,50,15,6,29,67,101,37,102,32,88" hai1="30,116,1,14,90,11,51,9,111,103,124,55,96" hai2="83,44,21,17,42,105,92,52,16,53,18,68,49" hai3="4,135,66,56,125,33,126,134,64,27,91,104,5"/><U59/><E116/><V114/><F105/><W121/><G104/><T133/><D133/><N who="3" m="50697" /><G121/><T130/><D130/><U8/><E124/><N who="3" m="47722" /><G91/><T63/><D120/><U98/><E111/><V75/><F68/><W46/><G46/><T24/><D37/><U2/><E30/><V79/><F114/><W28/><G56/><T57/><D25/><U123/><E123/><V89/><REACH who="2" step="1"/><F21/><REACH who="2" ten="100,330,386,174" step="2"/><W58/><G58/><T113/><D113/><U54/><E1/><V117/><F117/><W62/><G62/><T129/><D57/><U39/><E2/><V19/><N who="2" m="4096" /><DORA hai="108" /><V80/><F80/><W131/><G131/><T82/><D63/><U26/><E59/><V20/><F20/><W97/><G66/><T85/><D67/><U71/><E14/><V7/><F7/><W73/><G64/><T86/><D6/><U118/><E71/><V22/><F22/><W81/><G4/><T23/><D23/><U72/><E118/><V106/><F106/><W132/><G5/><T77/><D15/><U76/><E11/><V70/><F70/><W31/><G132/><T84/><D129/><U94/><E8/><V34/><F34/><W65/><G65/><T115/><D115/><U36/><E9/><V47/><F47/><W45/><G45/><T99/><D32/><U100/><E26/><V93/><F93/><W48/><G27/><T119/><D24/><U128/><E128/><V41/><F41/><W109/><G33/><T95/><D43/><U10/><E10/><V122/><F122/><W74/><G28/><T112/><D29/><U12/><E12/><V60/><F60/><RYUUKYOKU ba="0,1" sc="100,-10,330,-10,386,30,174,-10" hai2="42,44,49,52,53,75,79,83,89,92" /><INIT seed="6,1,1,0,1,20" ten="90,320,416,164" oya="2" hai0="34,89,63,39,6,79,57,134,129,22,17,106,70" hai1="40,100,52,8,72,83,105,23,135,4,61,93,64" hai2="95,11,85,15,117,9,44,47,43,127,94,10,12" hai3="90,65,98,27,51,60,7,122,91,67,75,126,74"/><V88/><F127/><W38/><G126/><T86/><D106/><U58/><E105/><V102/><F117/><W42/><G38/><T19/><D39/><U111/><E111/><V3/><F3/><W45/><G122/><T108/><D134/><U0/><E135/><V116/><F116/><W87/><G75/><T33/><D129/><U46/><E64/><V48/><F47/><W54/><G74/><T73/><D6/><U77/><E23/><V120/><F120/><W97/><G7/><T37/><D37/><U124/><E124/><V56/><F56/><N who="3" m="34839" /><G90/><T110/><D70/><U21/><E21/><V71/><F71/><W99/><G27/><T31/><D73/><U59/><E59/><V92/><F102/><W32/><G32/><T62/><D79/><U114/><E114/><V131/><F131/><W121/><G121/><T25/><D33/><U13/><E0/><V133/><F133/><W104/><G104/><T69/><D69/><U109/><E109/><V78/><F78/><W96/><N who="3" m="24576" /><DORA hai="24" /><W76/><G76/><T115/><D115/><U103/><E93/><AGARI ba="1,1" hai="9,10,11,12,15,43,44,48,85,88,92,93,94,95" machi="93" ten="40,3900,0" yaku="8,1,54,1" doraHai="20,24" who="2" fromWho="1" sc="90,0,320,-42,416,52,164,0" /><AGARI ba="1,0" hai="42,45,51,65,67,87,91,93" m="24576,34839" machi="93" ten="40,1300,0" yaku="8,1" doraHai="20,24" who="3" fromWho="1" sc="90,0,278,-13,468,0,164,13" /><INIT seed="6,2,0,1,5,100" ten="90,265,468,177" oya="2" hai0="69,68,11,84,42,123,25,96,58,20,0,65,37" hai1="34,54,62,89,132,72,19,85,98,47,26,118,3" hai2="56,82,88,83,101,79,106,77,114,21,74,46,9" hai3="4,50,17,40,125,67,122,111,90,10,109,86,92"/><V55/><F114/><W59/><G122/><T30/><D123/><U53/><E72/><V44/><F9/><W70/><G125/><T32/><D84/><U12/><E118/><V51/><F21/><W78/><G70/><T124/><D124/><U14/><E3/><V13/><F13/><W73/><G17/><T128/><D128/><U63/><E98/><V1/><F1/><W43/><G43/><T94/><D37/><U133/><E47/><V135/><F135/><N who="1" m="51785" /><E34/><V91/><F44/><W38/><G38/><T131/><D42/><U117/><E26/><V48/><F101/><W60/><G50/><T113/><D32/><U66/><E66/><V52/><F106/><W8/><G40/><T116/><D116/><U18/><E14/><V87/><AGARI ba="2,0" hai="46,48,51,52,55,56,74,77,79,82,83,87,88,91" machi="87" ten="20,7800,0" yaku="0,1,7,1,54,2" doraHai="100" who="2" fromWho="2" sc="90,-28,265,-28,468,84,177,-28" /><INIT seed="6,3,0,0,3,123" ten="62,237,552,149" oya="2" hai0="26,10,107,112,129,28,109,90,0,132,121,4,135" hai1="80,1,81,22,82,71,33,92,68,86,102,62,7" hai2="57,74,66,40,91,116,46,13,5,14,11,70,58" hai3="20,8,100,49,122,93,31,75,131,89,61,125,108"/><V60/><F116/><W72/><G122/><T19/><D107/><U114/><E33/><V134/><F134/><N who="0" m="51242" /><D90/><U56/><E114/><V30/><F74/><W111/><G100/><T32/><D121/><U105/><E105/><V126/><F126/><W25/><G125/><T37/><D37/><U85/><E1/><V65/><F30/><W127/><G127/><T110/><D112/><U103/><E7/><V133/><F133/><W38/><G38/><T119/><D119/><U94/><E68/><V67/><F91/><W79/><G131/><T35/><D129/><U99/><E22/><V15/><F70/><W88/><G89/><T9/><D35/><U47/><E47/><V101/><F101/><W53/><G61/><T59/><D59/><U104/><E71/><V124/><F124/><W16/><G79/><T130/><D130/><U41/><E56/><V2/><REACH who="2" step="1"/><F58/><REACH who="2" ten="62,237,542,149" step="2"/><W52/><G72/><T48/><D48/><AGARI ba="3,1" hai="2,5,11,13,14,15,40,46,48,57,60,65,66,67" machi="48" ten="40,3900,0" yaku="1,1,2,1,53,0" doraHai="123" doraHaiUra="50" who="2" fromWho="0" sc="62,-48,237,0,542,58,149,0" /><INIT seed="6,4,0,4,2,1" ten="14,237,600,149" oya="2" hai0="114,18,61,96,48,86,8,29,13,77,87,127,124" hai1="71,133,129,84,100,34,111,30,32,104,72,5,135" hai2="28,130,0,83,115,44,93,106,27,55,91,38,66" hai3="20,132,14,64,19,42,117,45,43,123,107,16,22"/><V52/><F106/><W92/><G123/><T6/><D114/><U80/><E71/><V108/><F115/><W119/><G107/><T53/><D29/><U47/><E72/><V49/><F130/><W134/><G64/><T10/><D61/><U40/><E129/><V110/><F66/><W11/><G92/><T122/><D96/><U126/><E111/><V26/><F83/><W73/><G73/><T97/><D97/><U128/><E128/><V69/><F69/><W78/><G78/><T50/><D122/><U36/><E126/><V85/><F38/><W56/><G56/><T70/><D70/><U121/><E121/><V54/><F0/><W60/><G60/><T25/><D77/><U112/><E112/><V95/><F95/><W21/><G19/><T103/><D103/><U74/><E74/><V90/><F90/><W41/><REACH who="3" step="1"/><G45/><REACH who="3" ten="14,237,600,139" step="2"/><T105/><D105/><U102/><E104/><V62/><F62/><W4/><G4/><T116/><D116/><AGARI ba="4,1" hai="11,14,16,20,21,22,41,42,43,116,117,119,132,134" machi="116" ten="50,3200,0" yaku="1,1,54,1,53,0" doraHai="1" doraHaiUra="125" who="3" fromWho="0" sc="14,-44,237,0,600,0,139,54" owari="-30,-53.0,237,4.0,600,70.0,193,-21.0" /></mjloggm>