<mjloggm ver="2.3"><GO type="169" lobby="0"/><UN n0="%E3%82%8F%E3%83%BC%E3%81%BF%E3%83%BC" n1="%E5%B0%B1%E6%B4%BB%E7%94%9F%40%E5%B7%9D%E6%9D%91%E8%BB%8D%E5%9B%A3" n2="%66%65%65%73" n3="%E3%81%90%E3%81%BF%E3%82%83%E3%81%99" dan="16,16,16,16" rate="2002.87,2116.54,2146.91,2064.50" sx="M,M,M,M"/><TAIKYOKU oya="0"/><INIT seed="0,0,0,2,3,124" ten="250,250,250,250" oya="0" hai0="88,13,101,30,99,49,64,47,83,126,39,3,15" hai1="82,81,29,78,10,86,106,59,24,36,71,31,115" hai2="69,87,22,109,112,108,46,33,135,42,96,125,37" hai3="118,73,53,113,70,18,102,105,92,75,131,117,84"/><T12/><D126/><U72/><E71/><V19/><F112/><W107/><G70/><T119/><D119/><N who="3" m="45577" /><G53/><T90/><D3/><U2/><E106/><N who="3" m="40458" /><G18/><T25/><D39/><U17/><E36/><V129/><F33/><W89/><G113/><T127/><D127/><U51/><E115/><V76/><F125/><W116/><N who="3" m="45585" /><W121/><DORA hai="48" /><G121/><T77/><D64/><U21/><E2/><V35/><F69/><W50/><G50/><T122/><D122/><U54/><REACH who="1" step="1"/><E10/><REACH who="1" ten="250,240,250,250" step="2"/><V79/><F109/><W66/><G131/><T58/><D58/><U11/><E11/><V63/><F129/><W26/><G66/><T91/><D49/><U110/><E110/><V100/><F108/><W74/><G26/><T23/><D47/><U32/><E32/><V80/><F35/><W1/><G1/><T130/><D130/><U85/><E85/><V20/><F87/><W27/><G27/><T14/><N who="0" m="3072" /><DORA hai="57" /><T44/><D44/><U98/><E98/><V0/><F96/><N who="3" m="59655" /><G74/><T128/><D99/><U95/><E95/><AGARI ba="0,1" hai="73,75,84,89,95" m="59655,40458,45585" machi="95" ten="40,2600,0" yaku="34,2" doraHai="124,48,57" who="3" fromWho="1" sc="250,0,240,-26,250,0,250,36" /><INIT seed="1,0,0,0,3,32" ten="250,214,250,286" oya="1" hai0="3,0,80,109,112,119,84,30,77,81,11,54,65" hai1="12,34,20,43,69,57,9,59,66,55,128,87,105" hai2="110,33,104,113,48,120,70,101,111,71,91,15,74" hai3="86,107,96,58,45,115,53,24,94,27,117,129,75"/><U7/><E34/><V135/><F120/><W31/><G75/><T123/><D119/><U29/><E105/><V124/><F33/><W93/><G107/><T102/><D112/><U103/><E128/><V132/><F74/><W37/><G115/><T95/><D109/><N who="2" m="41482" /><F113/><W13/><G129/><T98/><D123/><U28/><E69/><V41/><F91/><W44/><G13/><T73/><D11/><U5/><E43/><V1/><F15/><W116/><G86/><T52/><D30/><U126/><E126/><V8/><F101/><W6/><G24/><T36/><D65/><U127/><E127/><V79/><F79/><W49/><G6/><T40/><D40/><U121/><E121/><V50/><F104/><W76/><G76/><T14/><D14/><U17/><E103/><V64/><F124/><W35/><G93/><T51/><D36/><U130/><E130/><V134/><F64/><W19/><G116/><T67/><D67/><U23/><E87/><V25/><F25/><W42/><G117/><T90/><REACH who="0" step="1"/><D54/><REACH who="0" ten="240,214,250,286" step="2"/><U85/><E29/><V68/><F41/><W99/><G42/><T83/><D83/><U46/><E66/><V131/><F131/><W122/><G37/><T82/><D82/><U133/><E28/><V47/><F8/><W61/><G122/><T97/><D97/><U4/><E23/><V106/><F134/><W60/><G99/><T16/><D16/><U21/><E133/><V56/><F135/><W63/><G19/><T10/><D10/><U114/><E114/><V78/><F132/><W18/><G18/><T2/><D2/><RYUUKYOKU ba="0,1" sc="240,15,214,-15,250,-15,286,15" hai0="0,3,51,52,73,77,80,81,84,90,95,98,102" hai3="27,31,35,44,45,49,53,58,60,61,63,94,96" /><INIT seed="2,1,1,0,2,26" ten="255,199,235,301" oya="2" hai0="133,16,85,64,56,8,23,57,52,42,127,104,81" hai1="13,24,135,37,10,29,35,122,123,21,129,131,130" hai2="121,117,18,111,77,90,50,103,88,36,15,28,126" hai3="95,89,17,93,83,74,43,82,34,100,19,72,60"/><V108/><F36/><W107/><G34/><T92/><D104/><U116/><E37/><V70/><F70/><W118/><G43/><T12/><D127/><U109/><E109/><N who="2" m="42059" /><F121/><N who="1" m="46089" /><E135/><V3/><F3/><W125/><G60/><N who="0" m="37903" /><D133/><U105/><E105/><V49/><F117/><W78/><G19/><T98/><D42/><U76/><E76/><V1/><F1/><W110/><G17/><T99/><D92/><N who="3" m="35401" /><G110/><T106/><D23/><U73/><E73/><N who="3" m="28266" /><G118/><T80/><D106/><U4/><E116/><V48/><F103/><W71/><G71/><T53/><D53/><U27/><E27/><V55/><F77/><W113/><G113/><T44/><D44/><U22/><AGARI ba="1,1" hai="4,10,13,21,22,24,29,35,129,130,131" m="46089" machi="22" ten="40,8000,1" yaku="19,1,13,1,34,2,52,1" doraHai="26" who="1" fromWho="1" sc="255,-21,199,93,235,-41,301,-21" /><INIT seed="3,0,0,4,0,48" ten="234,292,194,280" oya="3" hai0="73,27,74,82,124,45,34,83,71,53,61,111,134" hai1="133,80,132,51,119,32,104,125,7,20,21,65,92" hai2="66,29,102,120,36,85,75,96,35,16,128,90,46" hai3="87,30,37,109,81,38,95,13,12,130,58,101,121"/><W59/><G121/><T11/><D111/><U50/><E32/><V99/><F75/><W123/><G123/><T112/><D124/><U114/><E104/><V8/><F120/><W131/><G30/><T22/><D34/><U129/><E114/><V31/><F66/><W79/><G101/><T23/><D112/><U40/><E125/><V41/><F128/><N who="3" m="49195" /><G95/><T70/><D134/><N who="1" m="51819" /><E7/><V60/><F60/><W89/><G79/><T91/><D11/><U108/><E108/><V122/><F122/><W63/><G58/><T47/><D61/><U62/><E119/><V33/><F33/><W10/><G109/><T14/><D91/><U68/><E80/><V77/><F77/><W127/><G127/><T117/><D117/><U6/><E6/><V4/><F35/><W72/><G72/><T52/><REACH who="0" step="1"/><D14/><REACH who="0" ten="224,292,194,280" step="2"/><N who="3" m="5737" /><G10/><T28/><D28/><U42/><E129/><V86/><F8/><W18/><G18/><T55/><D55/><AGARI ba="0,1" hai="37,38,55,59,63,81,87,89" m="5737,49195" machi="55" ten="30,2900,0" yaku="19,1,52,1" doraHai="48" who="3" fromWho="0" sc="224,-29,292,0,194,0,280,39" /><INIT seed="3,1,0,1,4,100" ten="195,292,194,319" oya="3" hai0="61,33,133,101,124,53,112,72,48,39,110,119,111" hai1="57,92,120,54,74,25,115,63,129,35,114,4,122" hai2="13,71,59,83,94,12,96,70,47,103,69,7,56" hai3="67,46,27,123,130,98,15,43,14,93,107,37,125"/><W84/><G123/><T126/><D72/><U31/><E74/><V60/><F56/><W26/><G130/><T10/><D33/><U24/><E129/><V18/><F7/><W34/><G125/><N who="0" m="48235" /><D101/><U41/><E41/><V3/><F3/><W55/><G67/><T88/><D10/><U68/><E68/><V32/><F32/><W36/><G36/><T19/><D19/><U128/><E128/><V23/><F47/><W95/><G95/><T64/><D88/><U38/><E38/><V105/><F83/><W102/><G55/><T2/><D2/><U30/><E4/><V11/><F11/><W5/><G5/><T66/><D39/><U86/><E120/><V51/><F51/><W82/><G93/><T75/><D75/><U0/><E0/><V81/><F81/><W108/><G27/><T76/><D76/><U106/><E122/><V8/><F8/><W85/><G85/><T131/><D131/><U21/><E106/><V99/><F99/><W16/><G34/><T29/><D29/><U89/><AGARI ba="1,0" hai="21,24,25,30,31,35,54,57,63,86,89,92,114,115" machi="89" ten="30,1100,0" yaku="0,1" doraHai="100" who="1" fromWho="1" sc="195,-4,292,14,194,-4,319,-6" /><INIT seed="4,0,0,4,4,82" ten="191,306,190,313" oya="0" hai0="63,73,15,122,129,37,62,9,103,1,46,55,120" hai1="39,38,23,54,121,90,6,100,117,14,20,135,25" hai2="80,131,110,79,67,64,5,27,85,124,101,60,0" hai3="47,97,11,114,42,48,44,32,66,107,84,8,10"/><T116/><D116/><U40/><E121/><V88/><F110/><W86/><G32/><T7/><D129/><U29/><E117/><V59/><F131/><W115/><G66/><T51/><D73/><U65/><E65/><V69/><F124/><W126/><G126/><T98/><D37/><U109/><E100/><V106/><F0/><W93/><G107/><T104/><REACH who="0" step="1"/><D1/><REACH who="0" ten="181,306,190,313" step="2"/><U33/><E39/><V78/><F69/><W30/><G115/><T111/><D111/><U76/><E38/><V112/><F112/><W105/><G114/><T132/><D132/><U17/><E109/><V45/><F67/><W81/><G11/><T125/><D125/><U102/><E135/><V41/><F5/><W68/><G8/><T134/><D134/><U99/><E6/><V13/><F13/><W133/><G10/><T24/><D24/><U92/><E14/><V19/><F27/><W36/><G68/><T130/><D130/><U87/><E25/><V53/><F64/><W12/><G12/><T50/><D50/><U35/><E35/><V28/><F28/><W61/><G30/><T95/><D95/><U26/><E33/><V119/><F119/><W34/><G34/><T52/><D52/><U75/><E54/><V89/><F19/><W58/><G133/><T49/><D49/><U43/><E29/><V83/><F41/><W31/><G31/><T21/><D21/><U123/><E23/><V127/><F127/><W108/><G42/><T56/><D56/><U72/><E72/><N who="2" m="43079" /><F45/><W2/><G47/><T96/><D96/><U4/><E43/><V22/><F22/><RYUUKYOKU ba="0,1" sc="181,15,306,-15,190,15,313,-15" hai0="7,9,15,46,51,55,62,63,98,103,104,120,122" hai2="53,59,60,79,83,85,88,89,101,106" /><INIT seed="4,1,1,3,3,124" ten="196,291,205,298" oya="0" hai0="1,122,66,12,96,19,115,64,60,40,131,114,55" hai1="56,94,22,80,97,112,42,90,100,127,71,119,30" hai2="59,98,120,33,15,132,39,83,8,107,69,128,24" hai3="21,58,13,130,34,116,53,4,110,29,45,52,37"/><T121/><D1/><U70/><E127/><V108/><F108/><W47/><G110/><T23/><D96/><U86/><E119/><V106/><F120/><W105/><G105/><T85/><D85/><U95/><E42/><V129/><F39/><W54/><G34/><T44/><D55/><N who="3" m="21065" /><G37/><N who="0" m="21519" /><D66/><U46/><E46/><V88/><F132/><W10/><G130/><N who="2" m="50281" /><F69/><W6/><G6/><T25/><D25/><U62/><E112/><N who="0" m="43049" /><D131/><U2/><E2/><V63/><F24/><N who="3" m="16527" /><G116/><T43/><D43/><U102/><E71/><AGARI ba="1,1" hai="12,19,23,60,64,71,121,122" m="43049,21519" machi="71" ten="30,1500,0" yaku="15,1" doraHai="124" who="0" fromWho="1" sc="196,28,291,-18,205,0,298,0" /><INIT seed="4,2,0,0,0,5" ten="224,273,205,298" oya="0" hai0="50,44,119,66,47,65,131,118,77,33,0,19,73" hai1="13,122,91,102,10,21,49,127,111,103,63,132,23" hai2="57,62,101,67,120,95,41,20,88,69,11,134,80" hai3="79,24,28,53,61,89,87,60,126,36,27,58,70"/><T116/><D131/><U72/><E72/><V6/><F134/><W45/><G79/><T4/><D33/><U59/><E111/><V108/><F108/><W55/><G126/><T81/><D44/><U56/><E122/><V1/><F120/><W32/><G24/><T7/><D19/><N who="1" m="8631" /><E132/><V54/><F101/><N who="1" m="38409" /><E127/><V100/><F100/><W48/><G36/><T37/><D7/><U25/><E91/><V68/><F41/><W125/><G125/><T46/><D46/><U17/><E49/><V15/><F80/><W133/><G70/><T82/><D82/><U86/><E86/><V96/><REACH who="2" step="1"/><F67/><REACH who="2" ten="224,273,195,298" step="2"/><W8/><G133/><T35/><D66/><U18/><E63/><V110/><F110/><W78/><G61/><T29/><D65/><U106/><E106/><V124/><F124/><W104/><G104/><T129/><D116/><U84/><E84/><V16/><AGARI ba="2,1" hai="1,6,11,15,16,20,54,57,62,68,69,88,95,96" machi="16" ten="30,8000,1" yaku="1,1,0,1,52,1,54,2,53,0" doraHai="5" doraHaiUra="113" who="2" fromWho="2" sc="224,-42,273,-22,195,96,298,-22" /><INIT seed="5,0,0,2,0,70" ten="182,251,291,276" oya="1" hai0="29,130,62,103,38,74,41,124,15,55,122,16,10" hai1="9,61,100,72,64,92,13,21,4,94,126,131,39" hai2="17,106,56,97,66,63,76,116,108,86,88,127,82" hai3="99,78,81,120,54,32,112,48,35,113,53,23,36"/><U104/><E72/><V5/><F5/><W89/><G120/><T30/><D122/><U28/><E126/><V87/><F108/><W14/><G54/><T135/><D124/><U107/><E131/><V83/><F127/><W109/><G109/><T102/><D130/><U8/><E8/><V24/><F106/><W134/><G134/><T121/><D121/><U65/><E39/><V46/><F97/><W128/><G128/><T118/><D118/><U47/><E47/><V77/><F46/><W25/><G14/><T1/><D74/><U0/><E65/><V51/><F51/><W43/><G89/><T40/><D135/><U93/><E100/><N who="0" m="38441" /><D38/><U111/><E111/><V2/><F2/><W79/><G99/><T95/><D95/><U69/><REACH who="1" step="1"/><E13/><REACH who="1" ten="182,241,291,276" step="2"/><V110/><F110/><W45/><G36/><T96/><D15/><U50/><E50/><V7/><F116/><W119/><G119/><T52/><D10/><U115/><E115/><V71/><F66/><W22/><G113/><T19/><D1/><U26/><AGARI ba="0,1" hai="0,4,9,21,26,28,61,64,69,92,93,94,104,107" machi="26" ten="30,3000,0" yaku="1,1,0,1,53,0" doraHai="70" doraHaiUra="84" who="1" fromWho="1" sc="182,-10,241,40,291,-10,276,-10" /><INIT seed="5,1,0,5,3,5" ten="172,281,281,266" oya="1" hai0="102,6,121,132,41,81,92,90,89,95,117,23,46" hai1="115,126,49,61,18,19,104,134,1,78,99,66,116" hai2="120,127,74,28,47,133,48,94,56,65,34,39,80" hai3="21,109,4,38,37,17,32,44,72,54,113,73,103"/><U11/><E116/><V31/><F120/><W130/><G32/><T135/><D117/><U75/><E115/><V119/><F119/><W79/><G103/><T105/><D121/><U36/><E36/><V98/><F39/><W3/><G109/><T15/><D105/><U33/><E33/><V68/><F68/><W97/><G97/><T16/><D6/><U30/><E30/><V57/><F34/><W96/><G96/><T25/><D102/><U13/><E1/><V84/><F74/><W114/><G54/><T128/><D128/><U40/><E126/><V9/><F9/><N who="3" m="2207" /><G79/><T76/><D25/><U53/><E134/><N who="0" m="51241" /><D95/><U63/><E40/><V100/><F127/><W43/><G37/><N who="0" m="21807" /><D92/><U118/><E118/><V60/><F57/><W111/><G130/><T42/><D42/><U55/><E99/><V131/><F131/><W10/><G111/><T124/><D124/><U77/><E104/><V50/><F133/><W129/><G129/><T123/><D123/><U108/><E108/><V70/><F94/><W107/><G107/><T82/><D82/><U26/><E75/><AGARI ba="1,0" hai="15,16,23,75,76,81,89,90" m="21807,51241" machi="75" ten="30,2000,0" yaku="20,1,54,1" doraHai="5" who="0" fromWho="1" sc="172,23,281,-23,281,0,266,0" /><INIT seed="6,0,0,5,3,50" ten="195,258,281,266" oya="2" hai0="3,98,8,89,44,104,51,116,13,67,15,70,75" hai1="121,38,86,49,46,69,26,102,77,43,4,107,40" hai2="36,39,78,80,83,2,111,117,32,57,90,96,135" hai3="84,60,113,109,66,68,105,52,112,62,99,22,29"/><V27/><F117/><W45/><G109/><T17/><D116/><U131/><E69/><V20/><F32/><W103/><G84/><T0/><D75/><U108/><E108/><V21/><F2/><W124/><G124/><T47/><D47/><U134/><E134/><V1/><F1/><W92/><G105/><T34/><D34/><U94/><E131/><V130/><F111/><W61/><G66/><T41/><D15/><U18/><E4/><V42/><F20/><W119/><G68/><T23/><D8/><U120/><E38/><V88/><F42/><W30/><G119/><T14/><D14/><U16/><E43/><V59/><F39/><W74/><G74/><T76/><D76/><U115/><E115/><N who="3" m="44106" /><G22/><T65/><D65/><U79/><E107/><V82/><F36/><W58/><G45/><T95/><REACH who="0" step="1"/><D104/><REACH who="0" ten="185,258,281,266" step="2"/><U97/><E77/><V118/><F78/><W85/><G85/><T133/><D133/><U123/><E26/><V125/><F27/><W100/><G100/><T31/><D31/><AGARI ba="0,1" hai="29,30,31,52,58,60,61,62,92,99,103" m="44106" machi="31" ten="30,7700,0" yaku="15,1,11,1,52,1,54,1" doraHai="50" who="3" fromWho="0" sc="185,-77,258,0,281,0,266,87" /><INIT seed="7,0,0,1,1,68" ten="108,258,281,353" oya="3" hai0="79,129,113,10,41,11,67,69,7,9,50,101,54" hai1="123,18,30,99,15,81,83,40,25,85,98,102,88" hai2="110,96,121,74,59,76,61,112,82,0,91,133,134" hai3="87,32,46,58,119,33,2,100,132,34,115,126,26"/><W31/><G119/><T135/><D135/><N who="2" m="51722" /><F0/><W93/><G2/><T42/><D129/><U52/><E123/><V64/><F112/><W128/><G132/><T73/><D113/><U23/><E40/><V53/><F110/><W45/><G115/><T57/><D7/><U118/><E118/><V71/><F91/><W75/><G75/><T43/><D101/><U6/><E6/><V108/><F96/><W17/><G17/><T95/><D95/><U63/><E83/><V122/><F108/><W55/><G126/><T65/><D79/><U92/><E99/><V56/><F71/><W14/><G128/><T36/><D73/><U27/><E30/><V109/><F109/><W12/><G31/><T107/><D107/><U19/><E19/><V70/><F70/><W51/><G100/><T13/><D13/><U8/><E23/><V84/><F74/><W3/><G3/><T94/><D94/><U1/><E1/><V21/><F21/><W20/><G33/><T35/><D35/><U60/><E60/><AGARI ba="0,0" hai="53,56,59,60,61,64,76,82,84,121,122" m="51722" machi="60" ten="30,1000,0" yaku="20,1" doraHai="68" who="2" fromWho="1" sc="108,0,258,-10,281,10,353,0" owari="108,-39.0,248,-15.0,291,9.0,353,45.0" /></mjloggm>