<mjloggm ver="2.3"><GO type="169" lobby="0"/><UN n0="%63%72%69%74%74%65%72" n1="%E7%A8%B2%E4%BD%9C%E3%83%B4%E3%82%A9%E3%83%AB%E3%82%B1%E3%82%A4%E3%83%8E" n2="%33%31%6A%69%6E" n3="%E5%B0%B1%E6%B4%BB%E7%94%9F%40%E5%B7%9D%E6%9D%91%E8%BB%8D%E5%9B%A3" dan="16,17,17,16" rate="2050.64,2108.37,2123.51,2127.22" sx="M,M,F,M"/><TAIKYOKU oya="0"/><INIT seed="0,0,0,1,5,120" ten="250,250,250,250" oya="0" hai0="84,135,12,29,101,23,88,32,110,86,102,105,95" hai1="115,73,124,27,96,4,92,6,107,87,129,125,49" hai2="39,46,70,89,127,58,21,114,63,116,122,10,85" hai3="74,7,35,53,26,90,1,111,55,45,123,97,131"/><T0/><D0/><U80/><E129/><V16/><F122/><W66/><G74/><T77/><D32/><U65/><E115/><V103/><F114/><W25/><G123/><T38/><D38/><U68/><E107/><V22/><F127/><N who="1" m="48713" /><E73/><V75/><F75/><W82/><G131/><T99/><D29/><U34/><E49/><V54/><F103/><W11/><G66/><T24/><D12/><U20/><E34/><V126/><F126/><W18/><G26/><T128/><D128/><U13/><E13/><N who="2" m="7223" /><F70/><W3/><G3/><T48/><D48/><U112/><E112/><V132/><F132/><W56/><G45/><T130/><D130/><U47/><E47/><V79/><F79/><W118/><G118/><T108/><D135/><U109/><E109/><N who="0" m="42089" /><D105/><U40/><E40/><V83/><F39/><W91/><G111/><T98/><D77/><N who="1" m="46479" /><E27/><V42/><F116/><W72/><G18/><N who="0" m="12407" /><D84/><U43/><E20/><V14/><F14/><W41/><G25/><T59/><D59/><U36/><E36/><V37/><F37/><W5/><G56/><T121/><D121/><U117/><E117/><V134/><F134/><W52/><G35/><T19/><D19/><U113/><E113/><V64/><F42/><W33/><G41/><T67/><D67/><U69/><E43/><V61/><F64/><W133/><G33/><T51/><D51/><U93/><E65/><V60/><F46/><W106/><G133/><T15/><D15/><U50/><E50/><AGARI ba="0,0" hai="21,22,50,54,58,60,61,63,83,85,89" m="7223" machi="50" ten="30,2000,0" yaku="8,1,54,1" doraHai="120" who="2" fromWho="1" sc="250,0,250,-20,250,20,250,0" /><INIT seed="1,0,0,4,5,32" ten="250,230,270,250" oya="1" hai0="125,91,53,34,12,114,118,129,84,95,128,109,93" hai1="112,29,69,33,10,14,82,0,115,113,85,73,102" hai2="96,122,133,51,4,42,8,106,70,1,46,103,107" hai3="62,52,61,97,67,105,16,20,86,54,57,99,23"/><U21/><E69/><V89/><F122/><W24/><G105/><T3/><D34/><U77/><E102/><V131/><F131/><N who="0" m="50250" /><D114/><U50/><E33/><V37/><F133/><W127/><G127/><T124/><D53/><U117/><E117/><V55/><F89/><W83/><G23/><T132/><D12/><U81/><E50/><V68/><REACH who="2" step="1"/><F107/><REACH who="2" ten="250,230,260,250" step="2"/><W98/><REACH who="3" step="1"/><G61/><REACH who="3" ten="250,230,260,240" step="2"/><T18/><D124/><U40/><E113/><V130/><F130/><W87/><G87/><T134/><D125/><U101/><E115/><V7/><F7/><W116/><G116/><T6/><D118/><U75/><E112/><V5/><F5/><W44/><G44/><AGARI ba="0,2" hai="1,4,8,37,42,44,46,51,55,68,70,96,103,106" machi="44" ten="30,3900,0" yaku="1,1,7,1,52,1,53,0" doraHai="32" doraHaiUra="25" who="2" fromWho="3" sc="250,0,230,0,260,59,240,-39" /><INIT seed="2,0,0,4,4,118" ten="250,230,319,201" oya="2" hai0="108,134,113,133,70,51,84,126,73,105,7,23,111" hai1="69,18,35,103,53,44,87,75,0,98,9,94,37" hai2="59,80,45,16,104,106,63,1,82,72,89,25,48" hai3="33,125,29,39,67,60,61,119,42,6,124,92,107"/><V114/><F114/><W78/><G107/><T24/><D73/><U49/><E75/><V21/><F1/><W13/><G119/><T54/><D70/><U129/><E129/><V43/><F89/><W50/><G39/><T46/><D113/><U5/><E69/><V135/><F135/><N who="0" m="51722" /><D105/><U121/><E35/><V28/><F82/><W120/><G78/><T128/><D128/><U57/><E18/><V116/><F116/><W66/><G33/><T81/><D7/><U86/><REACH who="1" step="1"/><E121/><REACH who="1" ten="250,220,319,201" step="2"/><V90/><F72/><W127/><G120/><T79/><D126/><U95/><E95/><V52/><REACH who="2" step="1"/><F28/><AGARI ba="0,1" hai="23,24,28,46,51,54,79,81,84,108,111" m="51722" machi="28" ten="30,1000,0" yaku="20,1" doraHai="118" who="0" fromWho="2" sc="250,20,220,0,319,-10,201,0" /><INIT seed="3,0,0,3,5,82" ten="270,220,309,201" oya="3" hai0="27,124,126,132,87,45,63,28,62,116,80,112,117" hai1="8,94,43,36,101,134,37,40,123,99,54,49,89" hai2="29,125,53,92,24,23,111,84,133,3,102,100,12" hai3="2,118,52,38,7,56,21,11,105,15,131,96,128"/><W109/><G38/><T88/><D132/><U122/><E134/><V22/><F133/><W42/><G118/><N who="0" m="45675" /><D45/><U85/><E36/><V25/><F111/><W4/><G42/><T95/><D95/><U71/><E71/><V20/><F3/><W81/><G109/><T135/><D135/><U14/><E37/><V59/><F125/><N who="0" m="48234" /><D112/><U35/><E35/><AGARI ba="0,0" hai="27,28,35,62,63,80,87,88" m="48234,45675" machi="35" ten="30,3900,0" yaku="18,1,52,1,54,1" doraHai="82" who="0" fromWho="1" sc="270,39,220,-39,309,0,201,0" /><INIT seed="4,0,0,2,2,126" ten="309,181,309,201" oya="0" hai0="79,132,74,124,65,12,107,31,61,135,7,117,13" hai1="125,51,94,113,129,73,123,33,59,41,88,1,57" hai2="111,3,52,76,75,14,109,100,81,119,0,86,67" hai3="35,50,25,46,93,37,26,28,2,6,128,71,78"/><T39/><D117/><U105/><E123/><V83/><F67/><W114/><G71/><T72/><D39/><U27/><E105/><V47/><F119/><W90/><G37/><T21/><D124/><U44/><E125/><V10/><F100/><W104/><G104/><T34/><D107/><U18/><E73/><V45/><F45/><W110/><G78/><T106/><D106/><U22/><E1/><V92/><F92/><W131/><G110/><T77/><D34/><U5/><E33/><V70/><F70/><W43/><G114/><T116/><D116/><U68/><E68/><V4/><F3/><W54/><G43/><T49/><D49/><U133/><E133/><N who="0" m="51273" /><D7/><U127/><E127/><V108/><F0/><W130/><G2/><T55/><D55/><U9/><E113/><V17/><F4/><W95/><G6/><T48/><D48/><U60/><E129/><V121/><F121/><W69/><G69/><N who="0" m="42159" /><D31/><U97/><E60/><V118/><F118/><W96/><G26/><T89/><D89/><U91/><E91/><N who="2" m="51663" /><F111/><W40/><G40/><T112/><D112/><U58/><E5/><V134/><F134/><W42/><G42/><T80/><D21/><U56/><N who="1" m="14336" /><DORA hai="102" /><U15/><REACH who="1" step="1"/><E27/><REACH who="1" ten="309,171,309,201" step="2"/><V82/><F108/><W85/><REACH who="3" step="1"/><G131/><REACH who="3" ten="309,171,309,191" step="2"/><T16/><D13/><U101/><E101/><AGARI ba="0,2" hai="25,28,35,46,50,54,85,90,93,95,96,101,128,130" machi="101" ten="40,8000,1" yaku="1,1,2,1,52,2,53,1" doraHai="126,102" doraHaiUra="53,84" who="3" fromWho="1" sc="309,0,171,-80,309,0,191,100" /><INIT seed="5,0,0,2,5,38" ten="309,91,309,291" oya="1" hai0="14,71,40,2,44,130,106,7,134,90,98,74,16" hai1="83,119,13,11,107,67,33,76,9,37,68,36,80" hai2="35,133,59,41,70,15,23,87,126,56,62,95,1" hai3="121,29,92,112,60,5,49,58,45,93,117,57,86"/><U46/><E119/><V85/><F35/><W24/><G112/><T84/><D71/><U21/><E33/><V104/><F1/><W39/><G39/><T105/><D74/><U30/><E107/><V12/><F104/><W132/><G132/><T131/><D134/><U4/><E9/><V10/><F70/><W43/><G121/><T32/><D32/><U20/><E83/><V111/><F111/><W81/><G5/><T69/><D69/><U125/><E125/><V94/><F23/><N who="3" m="15519" /><G117/><T120/><D120/><U99/><E99/><V3/><F62/><W109/><G109/><T102/><D7/><U78/><E36/><V128/><F3/><W123/><G123/><T124/><D2/><U0/><E30/><V51/><F51/><W89/><G57/><T63/><D63/><N who="1" m="40063" /><E78/><V122/><F122/><W72/><G72/><T61/><D124/><U118/><E13/><V79/><F133/><W100/><G100/><T31/><D31/><U73/><E118/><V19/><F10/><W53/><AGARI ba="0,0" hai="43,45,49,53,58,60,81,86,89,92,93" m="15519" machi="53" ten="30,2000,0" yaku="8,1,52,1" doraHai="38" who="3" fromWho="3" sc="309,-5,91,-10,309,-5,291,20" /><INIT seed="6,0,0,1,1,119" ten="304,81,304,311" oya="2" hai0="26,101,75,17,61,62,123,118,90,46,129,131,11" hai1="102,9,130,36,60,37,57,92,114,16,126,99,73" hai2="80,106,74,35,22,2,54,108,34,8,127,29,78" hai3="66,111,68,113,49,41,50,87,51,117,18,21,97"/><V19/><F127/><W6/><G111/><T121/><D75/><U124/><E73/><V32/><F106/><W103/><G117/><T110/><D118/><U38/><E114/><V84/><F108/><W3/><G113/><T82/><D110/><U52/><REACH who="1" step="1"/><E130/><REACH who="1" ten="304,71,304,311" step="2"/><V10/><F74/><W53/><G41/><T59/><D129/><U39/><N who="1" m="9216" /><DORA hai="4" /><U72/><E72/><V85/><F2/><W58/><G3/><T64/><D131/><U42/><E42/><V76/><F54/><W12/><G53/><T40/><D40/><U135/><E135/><V96/><F96/><W133/><G133/><T63/><D64/><U55/><E55/><V45/><F84/><W125/><G66/><T79/><D63/><U5/><E5/><V122/><F85/><W1/><G87/><T69/><D62/><U47/><E47/><V44/><F45/><W30/><G97/><T98/><D98/><U43/><E43/><V65/><F44/><W15/><G6/><T104/><D46/><U134/><E134/><V23/><F65/><W116/><G1/><T105/><D61/><U120/><E120/><V94/><F122/><W20/><G116/><T33/><D121/><U83/><E83/><V128/><F80/><W132/><G132/><T100/><D82/><U89/><E89/><V67/><F128/><W31/><G125/><T71/><D90/><U115/><E115/><V13/><F67/><W14/><G50/><T56/><D123/><U88/><E88/><V112/><F112/><W91/><G91/><T28/><D69/><U95/><E95/><V107/><F94/><RYUUKYOKU ba="0,1" sc="304,-10,71,30,304,-10,311,-10" hai1="9,16,52,57,60,92,99,102,124,126" /><INIT seed="7,1,1,2,3,10" ten="294,101,294,301" oya="3" hai0="86,95,101,122,98,55,63,110,85,48,88,20,124" hai1="102,80,119,32,74,53,83,12,78,117,104,71,123" hai2="34,133,26,132,37,42,60,92,128,109,103,31,23" hai3="120,19,28,11,52,79,44,89,126,94,33,82,30"/><W49/><G120/><T87/><D110/><U113/><E123/><V99/><F109/><W108/><G33/><T90/><D122/><U76/><E32/><V50/><F37/><W1/><G108/><T67/><D124/><U105/><E71/><V62/><F128/><W73/><G126/><T93/><D93/><U57/><E113/><V130/><F130/><W29/><G19/><T40/><D40/><U13/><E102/><V2/><F2/><W69/><G69/><T129/><D129/><U9/><E9/><V77/><F77/><W125/><G125/><T107/><D107/><U56/><REACH who="1" step="1"/><E53/><REACH who="1" ten="294,91,294,301" step="2"/><V59/><F34/><W45/><G11/><T115/><D115/><U111/><E111/><V72/><F72/><AGARI ba="1,2" hai="12,13,56,57,72,74,76,78,80,83,104,105,117,119" machi="72" ten="25,8000,1" yaku="1,1,22,2,52,2,53,0" doraHai="10" doraHaiUra="116" who="1" fromWho="2" sc="294,0,91,103,294,-83,301,0" owari="294,9.0,194,-31.0,211,-19.0,301,41.0" /></mjloggm>