<mjloggm ver="2.3"><GO type="169" lobby="0"/><UN n0="%7A%6F%6F%31%39%36%34" n1="%E6%B0%B7%E6%9F%B1" n2="%E9%A7%84%E5%A6%B9" n3="%E3%83%88%E3%83%88%E3%83%AA%E5%85%88%E7%94%9F%31%39%E6%AD%B3" dan="18,16,17,18" rate="2202.20,2165.37,2116.89,2224.38" sx="M,M,F,F"/><TAIKYOKU oya="0"/><INIT seed="0,0,0,1,1,109" ten="250,250,250,250" oya="0" hai0="125,102,124,56,110,117,69,62,80,60,19,99,1" hai1="53,16,20,7,28,63,14,41,46,0,85,108,127" hai2="94,83,34,76,9,44,101,5,87,70,29,73,59" hai3="58,84,27,50,130,68,81,104,52,51,25,132,43"/><T120/><D120/><U93/><E108/><V26/><F70/><W79/><G68/><T42/><D110/><U15/><E127/><N who="0" m="48713" /><D117/><U2/><E28/><V12/><F59/><W77/><G130/><T57/><D1/><U37/><E63/><N who="0" m="24105" /><D69/><U71/><E71/><V98/><REACH who="2" step="1"/><F44/><REACH who="2" ten="250,250,240,250" step="2"/><W4/><G58/><T36/><D80/><U118/><E118/><V13/><F13/><W18/><G81/><T126/><D126/><U47/><E2/><V92/><F92/><W107/><G107/><N who="0" m="63967" /><D19/><U6/><E0/><V30/><F30/><W82/><G18/><T39/><D39/><U40/><E15/><V55/><F55/><W97/><G52/><T106/><D106/><U113/><E53/><V119/><F119/><W65/><G104/><T10/><D10/><U100/><E41/><V90/><F90/><W135/><G82/><T31/><D31/><U49/><E40/><V11/><F11/><W66/><G43/><T54/><D54/><U105/><E105/><V95/><F95/><W131/><G65/><T115/><D57/><U112/><E47/><V32/><F32/><W67/><G66/><T111/><D111/><U114/><E46/><V35/><F35/><W3/><G67/><T122/><D56/><U48/><E37/><V103/><F103/><W22/><G3/><T133/><D36/><U61/><E61/><V75/><AGARI ba="0,1" hai="5,9,12,26,29,34,73,75,76,83,87,94,98,101" machi="75" ten="30,2000,0" yaku="1,1,0,1,53,0" doraHai="109" doraHaiUra="86" who="2" fromWho="2" sc="250,-10,250,-5,240,30,250,-5" /><INIT seed="1,0,0,0,3,107" ten="240,245,270,245" oya="1" hai0="115,111,51,20,33,52,67,22,129,77,73,66,131" hai1="71,135,98,17,80,92,81,46,122,72,3,27,16" hai2="104,43,99,63,97,41,117,39,49,7,76,30,44" hai3="55,74,82,25,4,29,91,127,130,35,113,102,134"/><U65/><E122/><V114/><F117/><W6/><G113/><T12/><D33/><U53/><E3/><V108/><F108/><W26/><G130/><N who="0" m="49675" /><D111/><U75/><E71/><V28/><F114/><W93/><G134/><T86/><D86/><U58/><E65/><N who="0" m="24585" /><D12/><U128/><E46/><V54/><F7/><W61/><G127/><T50/><D50/><U2/><E2/><V78/><F63/><W119/><G119/><T56/><D115/><U121/><E121/><V79/><F104/><W45/><G26/><T123/><D123/><U40/><E40/><N who="2" m="15435" /><F39/><W90/><G4/><T38/><D38/><U101/><E135/><V11/><F11/><W24/><G6/><T96/><D96/><AGARI ba="0,0" hai="28,30,44,49,54,76,78,79,96,97,99" m="15435" machi="96" ten="30,1000,0" yaku="8,1" doraHai="107" who="2" fromWho="0" sc="240,-10,245,0,270,10,245,0" /><INIT seed="2,0,0,2,0,39" ten="230,245,280,245" oya="2" hai0="116,121,40,18,49,124,96,12,46,72,15,100,59" hai1="1,78,47,58,119,26,94,104,84,132,95,11,68" hai2="102,93,24,70,98,74,50,69,32,6,9,10,44" hai3="129,34,82,29,92,28,37,60,56,126,107,2,21"/><V110/><F74/><W99/><G2/><T35/><D121/><U113/><E104/><V77/><F77/><W118/><G118/><T101/><D116/><U45/><E68/><V3/><F110/><W27/><G37/><T109/><D109/><U97/><E113/><V134/><F134/><W112/><G129/><T105/><D35/><U111/><E111/><V123/><F123/><W62/><G126/><T133/><D124/><U135/><E58/><V81/><F81/><W5/><G5/><T19/><D72/><U63/><E63/><V128/><F10/><W131/><G131/><T71/><D71/><U86/><E26/><V73/><F73/><W36/><G36/><T66/><D133/><N who="1" m="51275" /><E78/><V64/><F64/><W48/><G107/><T103/><D96/><U53/><E53/><V55/><REACH who="2" step="1"/><F128/><REACH who="2" ten="230,245,270,245" step="2"/><W20/><G112/><T127/><D127/><U65/><E65/><V88/><F88/><W87/><G82/><T79/><D79/><U125/><E11/><V43/><F43/><W85/><G34/><T108/><D108/><U57/><E125/><V13/><F13/><W80/><G80/><T38/><D66/><U61/><E1/><V30/><AGARI ba="0,1" hai="3,6,9,24,30,32,44,50,55,69,70,93,98,102" machi="30" ten="30,6000,0" yaku="1,1,0,1,53,1" doraHai="39" doraHaiUra="90" who="2" fromWho="2" sc="230,-20,245,-20,270,70,245,-20" /><INIT seed="2,1,0,3,1,34" ten="210,225,340,225" oya="2" hai0="68,96,78,48,107,43,0,14,45,91,113,101,121" hai1="80,24,53,76,23,123,88,79,3,97,7,106,124" hai2="36,13,1,28,49,81,69,56,132,2,129,39,50" hai3="41,55,32,12,38,85,122,92,102,116,27,37,87"/><V75/><F69/><W117/><G122/><T60/><D113/><U31/><E123/><V16/><F28/><W100/><G32/><T131/><D121/><U90/><E106/><V98/><F129/><W25/><G92/><T57/><D131/><U95/><E124/><V6/><F6/><W71/><G12/><T54/><D78/><U33/><E33/><V127/><F98/><W119/><G71/><T35/><D35/><U86/><REACH who="1" step="1"/><E53/><REACH who="1" ten="210,215,340,225" step="2"/><V99/><F127/><W21/><G55/><T42/><D68/><U29/><E29/><V109/><F132/><W15/><G117/><T133/><D133/><U70/><E70/><V77/><F109/><W114/><G119/><T105/><D105/><U8/><AGARI ba="1,1" hai="3,7,8,23,24,31,76,79,80,86,88,90,95,97" machi="8" ten="30,12000,2" yaku="1,1,0,1,52,1,54,1,53,2" doraHai="34" doraHaiUra="74" who="1" fromWho="1" sc="210,-31,215,133,340,-61,225,-31" /><INIT seed="3,0,0,3,5,119" ten="179,348,279,194" oya="3" hai0="132,73,24,52,37,17,28,42,19,58,69,32,111" hai1="100,13,20,66,112,78,39,134,70,3,97,76,56" hai2="16,99,75,79,123,21,30,106,126,71,64,98,113" hai3="31,11,63,51,25,47,120,54,129,34,81,1,50"/><W9/><G129/><T48/><D73/><U44/><E112/><V43/><F113/><W130/><G130/><T125/><D111/><U101/><E3/><V95/><F30/><W53/><G120/><T65/><D132/><U91/><E70/><V67/><F71/><W40/><G1/><T27/><D125/><U103/><E39/><V26/><F43/><W92/><G63/><T8/><D8/><U62/><E44/><V46/><F46/><W7/><G51/><T131/><D131/><U114/><E134/><V104/><F98/><W84/><G92/><T90/><D90/><U38/><E38/><V110/><F110/><W72/><G72/><T5/><D5/><U49/><E49/><V15/><F26/><W36/><G36/><T121/><D27/><U14/><E14/><V86/><F75/><W108/><G108/><T93/><D93/><N who="1" m="56511" /><E114/><V33/><F106/><W57/><G57/><T29/><D29/><U105/><E105/><V118/><F104/><W10/><REACH who="3" step="1"/><G7/><REACH who="3" ten="179,348,279,184" step="2"/><T41/><D121/><U116/><E116/><V61/><F123/><W2/><G2/><T133/><D133/><U88/><E56/><V117/><F61/><W18/><G18/><T77/><D37/><U23/><E62/><V122/><F122/><W83/><G83/><T12/><D19/><U45/><E45/><V115/><F118/><W74/><G74/><T96/><D17/><U85/><E66/><V80/><F117/><W0/><G0/><T89/><D65/><U127/><E127/><V60/><F126/><W94/><G94/><T82/><D48/><U107/><E107/><RYUUKYOKU ba="0,1" sc="179,-10,348,-10,279,-10,184,30" hai3="9,10,11,25,31,34,40,47,50,53,54,81,84" /><INIT seed="3,1,1,3,1,47" ten="169,338,269,214" oya="3" hai0="30,99,87,11,12,71,55,112,64,6,76,15,130" hai1="39,119,103,65,29,84,57,115,66,131,80,96,85" hai2="93,97,92,105,101,19,58,9,124,36,121,28,41" hai3="51,73,61,33,126,50,132,110,49,20,21,0,1"/><W114/><G114/><T48/><D112/><U26/><E115/><V135/><F124/><W25/><G73/><T43/><D130/><U82/><E39/><V38/><F135/><W127/><G132/><T14/><D30/><U17/><E17/><V100/><F28/><N who="3" m="19599" /><G61/><T7/><D71/><U34/><E131/><V107/><F9/><W129/><G129/><T94/><D64/><U69/><E57/><V72/><F19/><W13/><G110/><T31/><D31/><U70/><E66/><V113/><F58/><W56/><G56/><T52/><D43/><U42/><E42/><V78/><F41/><W86/><G86/><N who="1" m="33386" /><E70/><V23/><F113/><W98/><G98/><T45/><D55/><U90/><E90/><V83/><F97/><W75/><G75/><T122/><D122/><U74/><E74/><V4/><F72/><W108/><G108/><T104/><D7/><U35/><E119/><V128/><F4/><W102/><G102/><N who="0" m="60791" /><D104/><N who="1" m="63591" /><E35/><V89/><F128/><W134/><G134/><T40/><D40/><U59/><E59/><V10/><F121/><W116/><G116/><T106/><D106/><U8/><E8/><V5/><F10/><W123/><G123/><T3/><D3/><N who="3" m="1097" /><G13/><T79/><D79/><U125/><E125/><AGARI ba="1,1" hai="20,21,49,50,51,125,126,127" m="1097,19599" machi="125" ten="40,12000,1" yaku="18,1,52,3" doraHai="47" who="3" fromWho="1" sc="169,0,338,-123,269,0,214,133" /><INIT seed="3,2,0,4,1,118" ten="169,215,269,347" oya="3" hai0="13,7,32,54,83,33,36,47,107,11,39,121,38" hai1="58,101,113,91,23,63,120,110,0,22,84,31,41" hai2="102,104,74,108,34,62,65,59,115,1,46,20,6" hai3="124,61,89,125,50,73,79,72,71,97,37,85,100"/><W16/><G37/><T133/><D121/><U105/><E113/><V44/><F34/><W122/><G122/><T94/><D107/><U117/><E120/><V66/><F115/><W131/><G131/><T88/><D83/><U14/><E0/><V35/><F35/><W12/><G50/><T43/><D54/><U24/><E41/><V95/><F104/><N who="3" m="63503" /><G61/><T99/><REACH who="0" step="1"/><D133/><REACH who="0" ten="159,215,269,347" step="2"/><U132/><E105/><V15/><F108/><W111/><G111/><T103/><D103/><U128/><E132/><V130/><F102/><W96/><G72/><T8/><D8/><U67/><E110/><V5/><F74/><W40/><G73/><T135/><D135/><U42/><E117/><V29/><F130/><W48/><G40/><T119/><D119/><U80/><E42/><V126/><F66/><W129/><G129/><T57/><D57/><U134/><E134/><V55/><F55/><W9/><G71/><T51/><AGARI ba="2,1" hai="7,11,13,32,33,36,38,39,43,47,51,88,94,99" machi="51" ten="30,4000,0" yaku="1,1,0,1,54,1,53,0" doraHai="118" doraHaiUra="21" who="0" fromWho="0" sc="159,56,215,-12,269,-12,347,-22" /><INIT seed="4,0,0,2,2,18" ten="215,203,257,325" oya="0" hai0="85,11,37,88,89,14,121,86,19,7,128,74,103" hai1="65,57,97,61,15,0,51,2,54,83,40,62,110" hai2="35,92,29,34,49,20,104,124,81,93,45,68,95" hai3="108,134,1,52,43,79,36,135,33,38,77,120,70"/><T58/><D74/><U56/><E110/><V42/><F104/><W8/><G33/><T82/><D37/><U129/><E129/><V30/><F68/><W80/><G108/><T46/><D128/><U13/><E97/><V100/><F124/><W94/><G70/><T71/><D71/><U111/><E111/><V96/><F35/><W112/><G112/><T59/><D121/><U99/><E99/><V69/><F69/><W76/><G120/><T17/><D103/><U23/><E83/><V75/><F34/><W6/><G80/><T10/><D46/><N who="1" m="26055" /><E2/><V117/><F117/><W114/><G114/><T32/><D32/><U113/><E0/><V24/><REACH who="2" step="1"/><F29/><REACH who="2" ten="215,203,247,325" step="2"/><W105/><G105/><T5/><D82/><U91/><E113/><V22/><F22/><W25/><G134/><T64/><REACH who="0" step="1"/><D14/><REACH who="0" ten="205,203,247,325" step="2"/><U122/><E122/><V119/><F119/><W101/><G1/><T123/><D123/><U118/><E118/><V12/><F12/><W132/><G135/><T109/><D109/><U44/><E15/><V127/><F127/><W60/><G132/><T115/><D115/><U107/><E13/><V48/><F48/><W90/><G38/><T84/><D84/><U31/><E107/><V130/><F130/><W125/><G36/><T41/><D41/><U39/><E39/><V16/><F16/><W87/><G43/><T106/><D106/><U4/><E4/><V9/><F9/><W67/><G8/><T116/><D116/><U27/><E44/><V98/><F98/><N who="3" m="59607" /><G6/><T47/><D47/><U78/><E78/><AGARI ba="0,2" hai="20,24,30,42,45,49,75,78,81,92,93,95,96,100" machi="78" ten="40,5200,0" yaku="1,1,52,1,53,1" doraHai="18" doraHaiUra="26" who="2" fromWho="1" sc="205,0,203,-52,247,72,325,0" /><INIT seed="5,0,0,0,5,39" ten="205,151,319,325" oya="1" hai0="102,68,18,86,31,29,124,103,90,119,15,72,91" hai1="36,115,55,12,32,6,22,42,108,128,49,134,126" hai2="122,117,65,82,94,2,38,25,113,84,135,14,123" hai3="9,60,19,131,83,69,101,92,30,26,130,70,57"/><U3/><E32/><V64/><F2/><W33/><G83/><T66/><D72/><U27/><E3/><V21/><F117/><W125/><G125/><T100/><D124/><U50/><E126/><V111/><F111/><W106/><G106/><T35/><D119/><U7/><E108/><V74/><F38/><W41/><G41/><T23/><D35/><U45/><E115/><V110/><F110/><W107/><G107/><T61/><REACH who="0" step="1"/><D91/><REACH who="0" ten="195,151,319,325" step="2"/><U73/><E73/><V112/><F74/><W96/><G33/><T67/><D67/><U47/><E134/><V52/><F65/><W51/><G130/><T114/><D114/><U129/><E36/><V80/><F64/><W127/><G131/><N who="1" m="50250" /><E12/><V54/><F135/><W116/><G116/><T120/><D120/><U37/><E37/><V89/><F14/><W99/><G127/><T40/><D40/><U98/><E98/><V11/><F112/><W93/><G99/><T13/><D13/><U43/><E55/><V24/><F113/><W77/><G96/><T56/><D56/><U34/><E34/><V46/><F54/><W62/><G57/><T58/><D58/><U28/><AGARI ba="0,1" hai="6,7,22,27,28,42,43,45,47,49,50" m="50250" machi="28" ten="30,6000,0" yaku="19,1,52,2" doraHai="39" who="1" fromWho="1" sc="195,-20,151,70,319,-20,325,-20" /><INIT seed="5,1,0,4,5,9" ten="175,221,299,305" oya="1" hai0="84,79,112,16,102,33,49,120,3,62,109,11,92" hai1="41,82,53,98,78,45,20,83,94,90,37,18,65" hai2="6,87,30,127,61,114,7,124,44,113,59,8,101" hai3="51,24,99,70,126,36,55,75,131,52,97,43,96"/><U40/><E65/><V85/><F30/><W71/><G75/><T107/><D33/><U60/><E60/><V118/><F44/><W28/><G131/><T22/><D109/><U54/><E41/><V31/><F31/><W129/><G129/><T81/><D112/><N who="2" m="43114" /><F101/><W76/><G76/><T66/><D107/><U4/><E4/><N who="2" m="1579" /><F8/><W72/><G126/><N who="2" m="48169" /><F118/><W57/><G43/><T1/><D11/><U116/><E116/><V21/><F21/><W125/><G125/><T23/><D23/><U10/><E10/><V50/><F50/><W68/><G36/><T2/><D49/><U5/><E5/><V111/><F111/><W46/><G46/><T128/><D128/><U27/><E37/><V95/><F95/><W69/><G51/><T86/><D120/><U64/><E45/><V89/><F89/><W110/><G110/><T38/><D38/><U73/><E40/><V100/><F100/><W47/><G47/><T122/><D122/><U108/><E108/><V0/><F0/><W42/><G42/><T48/><D48/><U19/><E90/><V15/><F15/><W56/><G28/><T134/><D102/><U14/><E94/><V88/><F88/><W29/><G29/><T105/><D105/><U77/><E14/><V132/><F132/><W103/><G103/><T34/><D92/><U32/><E78/><V13/><F13/><W25/><G25/><T91/><D134/><U117/><E77/><V119/><F119/><W26/><G26/><N who="0" m="14663" /><D1/><U93/><E117/><V67/><AGARI ba="1,0" hai="59,61,67,85,87" m="48169,1579,43114" machi="67" ten="40,5200,0" yaku="15,1,11,1,18,1" doraHai="9" who="2" fromWho="2" sc="175,-14,221,-27,299,55,305,-14" /><INIT seed="6,0,0,2,2,59" ten="161,194,354,291" oya="2" hai0="108,113,99,72,130,16,23,50,88,78,126,39,124" hai1="83,63,13,32,127,47,66,49,111,9,121,97,26" hai2="51,133,40,119,42,6,73,105,98,132,92,106,79" hai3="36,64,20,84,122,116,46,75,102,68,14,17,28"/><V12/><F119/><W135/><G116/><T134/><D39/><U44/><E111/><V21/><F79/><W109/><G75/><T120/><D108/><U93/><E127/><N who="0" m="48681" /><D120/><U86/><E121/><V117/><F73/><W114/><G122/><T54/><D134/><U2/><E2/><V89/><F117/><W10/><G109/><T1/><D1/><U0/><E0/><V81/><F81/><W5/><G135/><N who="2" m="51785" /><F51/><W112/><G102/><T95/><D113/><N who="3" m="43625" /><G28/><T96/><D130/><U18/><E32/><V94/><F94/><W22/><G84/><N who="0" m="52615" /><D78/><N who="1" m="46455" /><E26/><V67/><F12/><W15/><G15/><N who="0" m="9631" /><D72/><U3/><E3/><V115/><F115/><W118/><G118/><T100/><D100/><U45/><E93/><V8/><F92/><W33/><G36/><T43/><D43/><N who="1" m="24735" /><E97/><V11/><F98/><W27/><G14/><T77/><D77/><U125/><E125/><V57/><F40/><W65/><G10/><T30/><D30/><U71/><E18/><V101/><F101/><W41/><G17/><T60/><D60/><U70/><E9/><V34/><F8/><W74/><G74/><T123/><D123/><U53/><E63/><V35/><F11/><W55/><G41/><T80/><D80/><U91/><E91/><V61/><F42/><W25/><G5/><T87/><D87/><U103/><E103/><V129/><F6/><W58/><G25/><T7/><D7/><U62/><E13/><V82/><F89/><W90/><G27/><T128/><D128/><U110/><E110/><V107/><F129/><W19/><G90/><T56/><AGARI ba="0,0" hai="50,54,56,96,99" m="9631,52615,48681" machi="56" ten="30,8000,1" yaku="5,1,25,1,18,1,54,2" doraHai="59" who="0" fromWho="0" sc="161,80,194,-20,354,-40,291,-20" /><INIT seed="7,0,0,3,5,45" ten="241,174,314,271" oya="3" hai0="93,8,23,112,89,0,106,24,4,107,83,135,15" hai1="17,72,22,26,19,44,115,29,99,82,60,10,98" hai2="13,64,87,14,25,20,36,123,32,58,88,47,117" hai3="61,81,51,5,41,63,90,125,27,16,48,103,39"/><W43/><G125/><T78/><D135/><U84/><E72/><V53/><F117/><W46/><G39/><T9/><D112/><U94/><E115/><V55/><F32/><W79/><G5/><T101/><D101/><U70/><E70/><V97/><F97/><W75/><G103/><T124/><D124/><U116/><E116/><V56/><F47/><N who="3" m="25727" /><G79/><T74/><D9/><U91/><E60/><N who="2" m="37895" /><F36/><W118/><G75/><T2/><D2/><U54/><E10/><V59/><F53/><W28/><G28/><T120/><D0/><U122/><E122/><V80/><F58/><W109/><G109/><T113/><D113/><U68/><E68/><V102/><F102/><W18/><G118/><T6/><D6/><U108/><E108/><V100/><F100/><W104/><G104/><T69/><D69/><U71/><E71/><V31/><F123/><W34/><G34/><T128/><D128/><U105/><E105/><V121/><F121/><W33/><G33/><T95/><D120/><U119/><E119/><V50/><AGARI ba="0,0" hai="13,14,20,25,31,50,55,59,80,87,88" m="37895" machi="50" ten="30,4000,0" yaku="8,1,52,1,54,1" doraHai="45" who="2" fromWho="2" sc="241,-10,174,-10,314,40,271,-20" owari="231,-17.0,164,-34.0,354,46.0,251,5.0" /></mjloggm>