<mjloggm ver="2.3"><GO type="169" lobby="0"/><UN n0="%3D%4A%61%6D" n1="%E5%B0%B1%E6%B4%BB%E7%94%9F%40%E5%B7%9D%E6%9D%91%E8%BB%8D%E5%9B%A3" n2="%E3%83%80%E3%83%9C" n3="%4F%69%E3%81%AE%E3%81%B6%E5%AD%90" dan="17,17,16,16" rate="2181.28,2201.40,2139.40,2071.59" sx="M,M,M,M"/><TAIKYOKU oya="0"/><INIT seed="0,0,0,3,2,66" ten="250,250,250,250" oya="0" hai0="56,48,89,106,21,117,84,3,4,90,115,33,104" hai1="135,25,103,19,82,22,113,29,45,130,134,23,88" hai2="60,110,41,64,78,24,79,0,87,26,6,96,83" hai3="37,98,7,46,57,5,65,95,133,91,17,76,8"/><T127/><D33/><U42/><E130/><V71/><F110/><W13/><G133/><N who="1" m="50698" /><E103/><V58/><F6/><N who="3" m="2059" /><G37/><T132/><D132/><U109/><E109/><V35/><F0/><W54/><G76/><T30/><D117/><U126/><E126/><V18/><F26/><W63/><G46/><T77/><D115/><U131/><E131/><V128/><F128/><W86/><G65/><T105/><D127/><U40/><E113/><V9/><F41/><N who="1" m="15977" /><E45/><V44/><F44/><W55/><G54/><T108/><D108/><U34/><E19/><V10/><F78/><W121/><G121/><T69/><D77/><U73/><E73/><V14/><F58/><W36/><G36/><T114/><D114/><U59/><E59/><V52/><F35/><W68/><G68/><T1/><D69/><U62/><E62/><V72/><F72/><W39/><G39/><T112/><D112/><U93/><E82/><V75/><F75/><W15/><G13/><T122/><D122/><U50/><E50/><V94/><F24/><W129/><G129/><T123/><D123/><U85/><AGARI ba="0,0" hai="22,23,25,29,34,85,88,93" m="15977,50698" machi="85" ten="30,2000,0" yaku="20,1,54,1" doraHai="66" who="1" fromWho="1" sc="250,-10,250,20,250,-5,250,-5" /><INIT seed="1,0,0,3,1,4" ten="240,270,245,245" oya="1" hai0="38,45,79,100,112,122,115,75,29,46,74,132,68" hai1="77,65,82,71,67,119,34,10,2,97,36,118,130" hai2="14,49,57,18,37,1,110,90,81,39,80,22,104" hai3="94,113,95,107,88,0,12,72,11,101,15,121,93"/><U120/><E120/><V105/><F1/><W3/><G121/><T17/><D122/><U123/><E123/><V99/><F110/><W27/><G72/><T43/><D68/><U24/><E130/><V96/><F49/><W133/><G113/><T48/><D132/><U7/><E36/><V103/><F57/><W35/><G133/><T47/><D47/><U102/><E67/><V117/><F117/><W62/><G62/><T30/><D100/><U86/><E65/><V129/><F129/><W52/><G107/><T54/><D79/><U44/><E44/><V56/><F56/><W109/><G109/><T135/><D135/><U5/><E5/><V63/><F63/><W25/><G101/><T116/><D116/><U131/><E71/><V13/><F103/><W134/><G134/><T28/><REACH who="0" step="1"/><D17/><REACH who="0" ten="230,270,245,245" step="2"/><U16/><E131/><V51/><F18/><N who="3" m="8479" /><G0/><T108/><D108/><U64/><E64/><V21/><F90/><W83/><G3/><T127/><D127/><U69/><E69/><V8/><F51/><W31/><G52/><T126/><D126/><U41/><E41/><V111/><F111/><W60/><G60/><T32/><D32/><U92/><REACH who="1" step="1"/><E34/><REACH who="1" ten="230,260,245,245" step="2"/><V53/><F53/><W42/><G42/><T66/><D66/><U73/><E73/><AGARI ba="0,2" hai="28,29,30,38,43,45,46,48,54,73,74,75,112,115" machi="73" ten="40,1300,0" yaku="1,1,53,0" doraHai="4" doraHaiUra="98" who="0" fromWho="1" sc="230,33,260,-13,245,0,245,0" /><INIT seed="2,0,0,3,3,52" ten="263,247,245,245" oya="2" hai0="121,73,95,29,2,68,128,81,6,133,3,84,48" hai1="42,124,72,60,64,98,65,47,34,32,87,17,67" hai2="14,75,76,99,61,22,0,108,19,90,70,123,77" hai3="120,43,53,109,110,55,122,31,30,71,24,4,100"/><V97/><F0/><W79/><G71/><T46/><D121/><N who="3" m="46697" /><G100/><T94/><D68/><U83/><E124/><V36/><F36/><W134/><G134/><T49/><D73/><U44/><E72/><V10/><F123/><W27/><G79/><T7/><D133/><U92/><E17/><V38/><F38/><W41/><G4/><T88/><D128/><U118/><E118/><V20/><F108/><N who="3" m="41579" /><G27/><T1/><D29/><N who="3" m="10761" /><G24/><T58/><D7/><U28/><E28/><V12/><F75/><W40/><AGARI ba="0,0" hai="40,41,43,53,55" m="10761,41579,46697" machi="40" ten="40,5200,0" yaku="28,2,14,1" doraHai="52" who="3" fromWho="3" sc="263,-13,247,-13,245,-26,245,52" /><INIT seed="3,0,0,2,4,61" ten="250,234,219,297" oya="3" hai0="117,10,19,54,65,125,99,88,89,91,3,25,5" hai1="107,104,9,128,6,8,7,79,70,121,21,105,37" hai2="116,82,24,97,131,100,113,4,127,45,36,11,59" hai3="38,71,51,39,17,18,14,123,102,50,114,31,87"/><W53/><G123/><T29/><D117/><U90/><E121/><V67/><F116/><W12/><G71/><T72/><D72/><U92/><E37/><N who="3" m="13834" /><G102/><T20/><D125/><U103/><E70/><V112/><F127/><W23/><G23/><T34/><D54/><U126/><E128/><V2/><F131/><W15/><G53/><T85/><D99/><U57/><E126/><V86/><F24/><W93/><G93/><T49/><D49/><N who="3" m="18441" /><G31/><T108/><D108/><U109/><E103/><V75/><F75/><W77/><G77/><T133/><D133/><U30/><E109/><V63/><F45/><W101/><G101/><T94/><REACH who="0" step="1"/><D65/><REACH who="0" ten="240,234,219,297" step="2"/><U122/><E122/><V119/><F119/><W43/><G43/><T55/><D55/><U56/><E105/><V120/><F120/><W95/><G95/><T80/><D80/><U0/><E104/><V83/><F83/><W41/><G41/><T46/><D46/><U35/><E107/><V44/><F44/><W66/><G66/><T111/><D111/><U22/><E92/><V68/><F67/><W132/><G132/><T98/><D98/><U118/><E118/><V76/><F97/><W135/><G135/><T42/><D42/><U64/><E64/><V106/><F82/><W96/><G96/><T115/><D115/><U13/><E57/><V73/><F112/><W74/><G74/><T60/><D60/><U62/><E56/><V130/><F113/><W124/><G114/><T58/><D58/><U28/><E62/><V129/><F59/><W1/><G124/><T40/><D40/><U78/><E78/><RYUUKYOKU ba="0,1" sc="240,30,234,-10,219,-10,297,-10" hai0="3,5,10,19,20,25,29,34,85,88,89,91,94" /><INIT seed="4,1,1,5,5,29" ten="270,224,209,287" oya="0" hai0="20,68,108,4,111,63,46,97,116,48,96,133,65" hai1="100,80,7,30,93,134,70,101,81,94,64,79,72" hai2="43,54,104,98,27,73,58,126,34,5,89,56,13" hai3="66,128,3,55,17,106,14,35,47,123,23,84,38"/><T28/><D116/><U85/><E7/><V99/><F73/><W31/><G128/><T53/><D4/><U113/><E30/><V105/><F126/><W45/><G106/><T107/><D133/><U19/><E19/><V91/><F43/><W41/><G123/><T78/><D78/><N who="1" m="44103" /><E64/><V86/><F5/><W103/><G3/><T1/><D1/><U0/><E70/><V110/><F13/><W76/><G66/><T24/><REACH who="0" step="1"/><D107/><REACH who="0" ten="260,224,209,287" step="2"/><U22/><E0/><V49/><F105/><W131/><G131/><T124/><D124/><U16/><E134/><V69/><F104/><W10/><G103/><T122/><D122/><U125/><E125/><V60/><F110/><AGARI ba="1,2" hai="20,24,28,46,48,53,63,65,68,96,97,108,110,111" machi="110" ten="40,7700,0" yaku="1,1,10,1,53,1" doraHai="29" doraHaiUra="18" who="0" fromWho="2" sc="260,100,224,0,209,-80,287,0" /><INIT seed="4,2,0,1,1,31" ten="360,224,129,287" oya="0" hai0="25,34,113,96,72,122,4,2,47,95,30,89,46" hai1="73,39,68,78,134,48,87,123,104,111,18,97,53" hai2="24,29,17,36,126,57,132,35,101,65,26,14,120" hai3="85,20,69,41,38,43,63,109,75,98,42,133,21"/><T62/><D122/><U22/><E39/><V107/><F36/><W49/><G75/><T102/><D72/><U37/><E37/><V135/><F120/><W0/><G38/><T84/><D113/><U125/><E123/><V52/><F65/><W105/><G109/><T121/><D121/><U32/><E111/><V5/><F5/><W58/><G0/><T83/><REACH who="0" step="1"/><D62/><REACH who="0" ten="350,224,129,287" step="2"/><U117/><E73/><V119/><F119/><W94/><G133/><T92/><D92/><U10/><E104/><V118/><F118/><W67/><G105/><T131/><D131/><U33/><E117/><V91/><F126/><W54/><REACH who="3" step="1"/><G85/><REACH who="3" ten="350,224,129,277" step="2"/><T106/><D106/><U130/><E87/><V100/><F107/><W74/><G74/><T66/><D66/><U60/><E134/><V61/><F135/><W59/><G59/><T1/><D1/><U108/><E130/><V23/><F132/><W8/><G8/><AGARI ba="2,2" hai="2,4,8,25,30,34,46,47,83,84,89,95,96,102" machi="8" ten="40,7700,0" yaku="1,1,52,1,53,1" doraHai="31" doraHaiUra="77" who="0" fromWho="3" sc="350,103,224,0,129,0,277,-83" /><INIT seed="4,3,0,2,4,39" ten="453,224,129,194" oya="0" hai0="59,112,38,35,49,1,18,8,41,16,3,60,70" hai1="92,55,30,24,119,31,42,93,28,85,27,121,50" hai2="53,83,73,132,96,125,72,115,47,133,90,105,68" hai3="45,40,128,110,86,58,52,99,74,118,108,2,126"/><T51/><D35/><U94/><E121/><V62/><F68/><W22/><G74/><T82/><D112/><U13/><E119/><V36/><F62/><N who="3" m="36167" /><G2/><T57/><D82/><U20/><E42/><N who="2" m="22983" /><F53/><W129/><G86/><T0/><D38/><U65/><E65/><V111/><F111/><N who="3" m="42539" /><G99/><T113/><D113/><U102/><E102/><N who="2" m="62663" /><F115/><W75/><G75/><T25/><D70/><U80/><E13/><V103/><F103/><W4/><G22/><T11/><D0/><U7/><E7/><V12/><F12/><W34/><G4/><T127/><D60/><U37/><E37/><V88/><F125/><W26/><G26/><T135/><D25/><U84/><E80/><V44/><F72/><W33/><G118/><T76/><D76/><U61/><E61/><V77/><F44/><W54/><G54/><T32/><D32/><U71/><E71/><V23/><F23/><W130/><G126/><T114/><D114/><U87/><E20/><V101/><F101/><W116/><G116/><T134/><D127/><U78/><E78/><V46/><F46/><AGARI ba="3,0" hai="24,27,28,30,31,46,50,55,84,85,87,92,93,94" machi="46" ten="50,6400,0" yaku="29,2,8,1" doraHai="39" who="1" fromWho="2" sc="453,0,224,73,129,-73,194,0" /><INIT seed="5,0,0,5,5,102" ten="453,297,56,194" oya="1" hai0="0,127,83,68,58,21,2,118,115,129,96,97,78" hai1="123,9,67,49,124,51,41,18,39,85,64,126,130" hai2="110,125,42,5,77,27,56,100,33,38,80,79,69" hai3="26,7,11,45,52,88,92,63,86,32,122,59,128"/><U109/><E9/><V20/><F69/><W54/><G122/><T119/><D68/><U40/><E18/><V108/><F33/><W81/><G128/><T104/><D97/><U135/><E85/><V111/><F5/><W98/><G32/><T1/><D129/><U134/><E130/><V62/><F125/><N who="1" m="48233" /><E39/><V101/><F42/><N who="1" m="16489" /><E109/><V31/><F38/><W91/><G26/><T8/><D8/><U113/><E113/><V4/><F4/><W25/><G25/><T71/><D127/><U99/><E99/><V112/><F112/><W103/><G45/><T37/><D37/><U6/><E6/><V133/><F133/><N who="1" m="50697" /><E123/><V114/><F114/><W107/><G54/><T55/><D96/><U74/><E74/><V120/><F120/><W93/><REACH who="3" step="1"/><G91/><REACH who="3" ten="453,297,56,184" step="2"/><T70/><D55/><U46/><E46/><V3/><F111/><W48/><G48/><AGARI ba="0,1" hai="48,49,51,64,67" m="50697,16489,48233" machi="48" ten="40,18000,2" yaku="28,2,18,1,20,1,34,2" doraHai="102" who="1" fromWho="3" sc="453,0,297,190,56,0,184,-180" /><INIT seed="5,1,0,3,0,2" ten="453,487,56,4" oya="1" hai0="86,105,36,24,28,106,119,8,23,122,98,120,121" hai1="64,30,0,40,35,18,60,118,123,108,87,9,117" hai2="31,111,27,15,85,100,126,55,82,33,68,32,79" hai3="101,43,34,44,65,131,112,53,56,91,14,81,5"/><U132/><E123/><V22/><F111/><W48/><G34/><T130/><D119/><U58/><E108/><V73/><F68/><W37/><G112/><T92/><D36/><U109/><E109/><V76/><F126/><W99/><G131/><T3/><D130/><U83/><E132/><V104/><F79/><W61/><G81/><T54/><D54/><U102/><E102/><V70/><F70/><N who="3" m="42287" /><G91/><T69/><D86/><U135/><E135/><V128/><F128/><W94/><G14/><T51/><D51/><U7/><E40/><V72/><F33/><W107/><G5/><T114/><D114/><U110/><E110/><V125/><F125/><W11/><G11/><T67/><D67/><U52/><E64/><V127/><F127/><W93/><AGARI ba="1,0" hai="37,43,44,48,53,56,93,94,99,101,107" m="42287" machi="93" ten="30,1100,0" yaku="24,1" doraHai="2" who="3" fromWho="3" sc="453,-4,487,-6,56,-4,4,14" /><INIT seed="6,0,0,5,3,26" ten="449,481,52,18" oya="2" hai0="20,96,62,107,135,25,79,2,94,126,133,44,83" hai1="21,86,60,100,90,71,27,125,4,109,106,103,91" hai2="17,102,132,43,22,130,58,14,77,66,32,105,8" hai3="23,122,120,39,1,11,123,38,59,41,74,51,45"/><V82/><F32/><W65/><G74/><T57/><D2/><U127/><E109/><V15/><F130/><W124/><G23/><T28/><D107/><U101/><E4/><V31/><F132/><W119/><G119/><T48/><D126/><N who="1" m="48139" /><E106/><V55/><F66/><W113/><G124/><T111/><D111/><U63/><E71/><V47/><F102/><W85/><G113/><T78/><D135/><U18/><E91/><V98/><F98/><W76/><G1/><T3/><D3/><U99/><E99/><V89/><F89/><W46/><G11/><T114/><D114/><U5/><E5/><V30/><F105/><W6/><G6/><T9/><D9/><U0/><E0/><V69/><F69/><W34/><G34/><T56/><D133/><U64/><E64/><V128/><F128/><W87/><G76/><T7/><D7/><U40/><E40/><V67/><F67/><W108/><G108/><T72/><D79/><U16/><E18/><N who="2" m="10591" /><F47/><N who="3" m="26095" /><G87/><T116/><D116/><U112/><E112/><V50/><F43/><W10/><G85/><AGARI ba="0,0" hai="8,14,17,30,31,50,55,58,77,82,85" m="10591" machi="85" ten="30,5800,0" yaku="8,1,52,2" doraHai="26" who="2" fromWho="3" sc="449,0,481,0,52,58,18,-58" owari="449,25.0,481,58.0,110,-29.0,-40,-54.0" /></mjloggm>