<mjloggm ver="2.3"><GO type="169" lobby="0"/><UN n0="%E5%A4%AA%E3%81%8F%E3%81%AA%E3%81%84%E3%81%8A" n1="%E3%82%A6%E3%83%AB%E3%83%88%E3%83%A9%E7%AB%8B%E7%9B%B4" n2="%E3%83%AF%E3%82%A4%E3%83%AB%E3%83%89" n3="%E3%82%AB%E3%83%9D%E3%83%8D%E5%9B%A3%E3%81%AE%E5%85%84%E8%B2%B4" dan="19,17,16,16" rate="2341.26,2151.53,2132.71,2077.80" sx="F,M,M,M"/><TAIKYOKU oya="0"/><INIT seed="0,0,0,2,1,19" ten="250,250,250,250" oya="0" hai0="121,76,5,127,134,72,15,78,39,101,75,124,82" hai1="68,67,6,116,119,32,99,128,89,97,23,58,51" hai2="25,29,21,120,131,96,50,123,130,7,35,115,79" hai3="133,41,95,80,56,46,42,88,57,47,13,77,31"/><T45/><D121/><U125/><E32/><V109/><F79/><W43/><G133/><T83/><D134/><U10/><E125/><V63/><F63/><W8/><G31/><T2/><D15/><U11/><E128/><N who="2" m="49195" /><F50/><W55/><G80/><T126/><D101/><U27/><E68/><V103/><F96/><N who="3" m="57447" /><G77/><T1/><D5/><U86/><E11/><V111/><F103/><W70/><G70/><T12/><D12/><U36/><E36/><V135/><F135/><W3/><G3/><T30/><D30/><U37/><E37/><V54/><F54/><W98/><G98/><T33/><D33/><U34/><E99/><V64/><F64/><W108/><G56/><T4/><D4/><U113/><E97/><V66/><F66/><W90/><G90/><T94/><D94/><U62/><E34/><V110/><F115/><W71/><G71/><T129/><D129/><U14/><E113/><V69/><F69/><W49/><G108/><T17/><D17/><AGARI ba="0,0" hai="8,13,17,41,42,43,46,47,49,55,57" m="57447" machi="17" ten="30,2000,0" yaku="8,1,54,1" doraHai="19" who="3" fromWho="0" sc="250,-20,250,0,250,0,250,20" /><INIT seed="1,0,0,3,3,12" ten="230,250,250,270" oya="1" hai0="105,67,90,72,51,96,28,13,130,128,17,23,66" hai1="29,85,56,101,42,11,81,54,24,36,77,126,135" hai2="10,30,43,103,106,107,64,79,122,89,88,46,25" hai3="102,16,74,0,109,14,82,98,60,63,97,3,1"/><U58/><E126/><V65/><F122/><W133/><G109/><T119/><D119/><U80/><E135/><V123/><F123/><W129/><G133/><T124/><D72/><U33/><E101/><V87/><F79/><W112/><G112/><T75/><D75/><U84/><E11/><V2/><F89/><W37/><G37/><T40/><D124/><U6/><E6/><V127/><F127/><W15/><G15/><T73/><D73/><U38/><E42/><V114/><F114/><W47/><G47/><N who="0" m="26087" /><D28/><U92/><E92/><V50/><F103/><W132/><G132/><T100/><D90/><U117/><E117/><V111/><F111/><W22/><G129/><AGARI ba="0,0" hai="13,17,23,66,67,96,100,105,128,129,130" m="26087" machi="129" ten="30,2000,0" yaku="19,1,52,1" doraHai="12" who="0" fromWho="3" sc="230,20,250,0,250,0,270,-20" /><INIT seed="2,0,0,3,3,21" ten="250,250,250,250" oya="2" hai0="51,87,119,54,61,131,26,25,90,39,118,122,36" hai1="11,114,55,24,67,105,6,85,106,8,59,16,93" hai2="97,91,10,23,44,4,96,72,89,78,135,68,126" hai3="45,13,75,102,124,33,17,53,42,62,116,98,29"/><V76/><F68/><W95/><G116/><N who="0" m="44587" /><D122/><U130/><E114/><V48/><F135/><W63/><G75/><T132/><D132/><U1/><E67/><V27/><F126/><W57/><G124/><T28/><D61/><U35/><E130/><V66/><F66/><W100/><G62/><T3/><D3/><U73/><E73/><V7/><F72/><W92/><G33/><N who="0" m="20623" /><D26/><U86/><E11/><V49/><F27/><W109/><G29/><T101/><D101/><U31/><E16/><V74/><F74/><W14/><G109/><T94/><D131/><U58/><E58/><AGARI ba="0,0" hai="36,39,51,54,58,87,90,94" m="20623,44587" machi="58" ten="30,2000,0" yaku="12,1,52,1" doraHai="21" who="0" fromWho="1" sc="250,20,250,-20,250,0,250,0" /><INIT seed="3,0,0,0,5,60" ten="270,230,250,250" oya="3" hai0="84,44,43,94,78,109,89,19,116,62,121,4,75" hai1="118,128,8,130,68,104,101,107,115,72,56,57,92" hai2="22,122,66,133,119,79,87,77,34,30,135,36,108" hai3="10,24,6,95,113,126,99,134,7,129,90,93,65"/><W112/><G134/><N who="2" m="51209" /><F34/><W127/><G129/><T15/><D116/><U125/><E68/><V88/><F36/><W13/><G24/><T74/><D121/><U83/><E8/><V26/><F119/><W20/><G20/><T45/><D109/><U96/><E56/><V106/><F106/><N who="1" m="40489" /><E57/><V110/><F122/><W53/><G53/><T54/><D4/><U40/><E40/><V14/><F14/><W55/><G55/><T9/><D78/><N who="2" m="29706" /><F66/><W81/><G65/><T0/><D0/><U58/><E58/><V71/><F71/><W111/><G111/><T3/><D3/><U69/><E69/><V63/><F63/><W47/><G47/><T91/><D62/><U38/><E38/><V37/><F37/><W103/><G7/><T131/><D131/><N who="1" m="50219" /><E118/><V100/><F100/><W98/><REACH who="3" step="1"/><G81/><AGARI ba="0,0" hai="22,26,30,81,87,88,108,110" m="29706,51209" machi="81" ten="30,2000,0" yaku="20,1,54,1" doraHai="60" who="2" fromWho="3" sc="270,0,230,0,250,20,250,-20" /><INIT seed="4,0,0,4,2,56" ten="270,230,270,230" oya="0" hai0="28,80,65,79,45,15,54,90,64,113,77,44,37" hai1="13,81,74,85,34,67,61,133,88,18,76,57,86" hai2="132,107,36,71,99,3,25,103,40,134,95,47,12" hai3="19,111,42,87,41,120,117,51,75,84,89,6,110"/><T58/><D113/><U119/><E34/><V4/><F12/><W50/><G75/><T131/><D131/><U21/><E133/><V68/><F95/><W73/><G73/><T112/><D112/><U29/><E119/><V9/><REACH who="2" step="1"/><F25/><REACH who="2" ten="270,230,260,230" step="2"/><W49/><G117/><T97/><D15/><U109/><E109/><V16/><F16/><W69/><G19/><T78/><D28/><U130/><E29/><V126/><F126/><W124/><G124/><T121/><D121/><U46/><E130/><V128/><F128/><W27/><G27/><T33/><D33/><U24/><E13/><V101/><F101/><W10/><G120/><T104/><D104/><U125/><E125/><V52/><F52/><W60/><G110/><T94/><D80/><U114/><E114/><V23/><F23/><W105/><G105/><T127/><D127/><U70/><E21/><V83/><F83/><W91/><G111/><T63/><REACH who="0" step="1"/><D37/><REACH who="0" ten="260,230,260,230" step="2"/><U17/><E81/><V20/><F20/><W31/><G31/><T59/><D59/><U92/><E57/><V35/><F35/><W14/><G14/><T22/><D22/><U26/><E26/><V30/><F30/><W123/><G123/><T38/><D38/><U102/><E24/><V1/><F1/><W122/><G122/><T66/><AGARI ba="0,2" hai="44,45,54,58,63,64,65,66,77,78,79,90,94,97" machi="66" ten="30,18000,2" yaku="1,1,0,1,8,1,52,1,53,3" doraHai="56" doraHaiUra="72" who="0" fromWho="0" sc="260,200,230,-60,260,-60,230,-60" /><INIT seed="4,1,0,4,3,22" ten="460,170,200,170" oya="0" hai0="134,21,8,45,112,92,11,98,123,24,39,29,13" hai1="86,80,64,19,46,69,106,14,74,67,52,120,32" hai2="18,131,59,95,132,3,114,41,65,37,128,53,75" hai3="76,61,103,35,85,124,117,54,73,130,82,118,97"/><T10/><D123/><U17/><E74/><V63/><F75/><W121/><G35/><T23/><D112/><U0/><E0/><V25/><F3/><W79/><G61/><T68/><D68/><U110/><E110/><V7/><F7/><W133/><G54/><T93/><D134/><U15/><E106/><V66/><F95/><W33/><G33/><T122/><D122/><U111/><E69/><V109/><F18/><W81/><G121/><T96/><D39/><U107/><E107/><V127/><F25/><W100/><G133/><T55/><D45/><U84/><E32/><V12/><F12/><W135/><G135/><T116/><D55/><U50/><E111/><V113/><F132/><W62/><G62/><T99/><D116/><U90/><E86/><V104/><F104/><W2/><G2/><T87/><D87/><U48/><E48/><V28/><F28/><W43/><G43/><T119/><D119/><U71/><E71/><V9/><F9/><N who="0" m="3690" /><D23/><N who="1" m="11703" /><E120/><V49/><F109/><W4/><G4/><AGARI ba="1,0" hai="4,11,13,21,24,29,92,93,96,98,99" m="3690" machi="4" ten="30,2900,0" yaku="8,1,52,1" doraHai="22" who="0" fromWho="3" sc="460,32,170,0,200,0,170,-32" /><INIT seed="4,2,0,1,0,4" ten="492,170,200,138" oya="0" hai0="13,47,10,38,125,131,100,17,84,121,124,48,51" hai1="53,101,113,105,57,41,39,96,24,61,76,102,77" hai2="40,28,134,72,49,6,14,110,65,83,128,68,9" hai3="0,87,54,88,111,90,27,74,92,120,56,132,12"/><T115/><D121/><U36/><E113/><V116/><F110/><W59/><G0/><T126/><D115/><U29/><E102/><V127/><F128/><W73/><G111/><T79/><D131/><U81/><E41/><V26/><F134/><W5/><G132/><T2/><D100/><U52/><E53/><V108/><F108/><W44/><G44/><T30/><D30/><U130/><E130/><V78/><F127/><W18/><G56/><T50/><D2/><U15/><E15/><V91/><F116/><W60/><G120/><T104/><D104/><U93/><E105/><V135/><F135/><W122/><G122/><T32/><D32/><U95/><E95/><V66/><F68/><W21/><G5/><T45/><D38/><U69/><E69/><V55/><F91/><W129/><G129/><T37/><D37/><U119/><E119/><V11/><F40/><W109/><G109/><T94/><D94/><U67/><E77/><V23/><REACH who="2" step="1"/><F11/><REACH who="2" ten="492,170,190,138" step="2"/><W85/><REACH who="3" step="1"/><G27/><REACH who="3" ten="492,170,190,128" step="2"/><T34/><D125/><U117/><E117/><V82/><F82/><AGARI ba="2,2" hai="12,18,21,54,59,60,73,74,82,85,87,88,90,92" machi="82" ten="30,12000,2" yaku="1,1,2,1,7,1,54,1,53,2" doraHai="4" doraHaiUra="106" who="3" fromWho="2" sc="492,0,170,0,190,-126,128,146" /><INIT seed="5,0,0,4,1,93" ten="492,170,64,274" oya="1" hai0="83,47,80,41,2,112,43,122,87,34,29,32,103" hai1="64,62,85,48,45,17,26,100,44,95,36,108,37" hai2="99,116,22,128,114,31,75,113,63,115,56,12,11" hai3="124,118,53,33,73,16,82,50,25,130,8,129,81"/><U105/><E105/><V69/><F69/><W106/><G124/><T52/><D2/><U9/><E108/><V14/><F75/><W117/><G106/><T123/><D103/><U131/><E131/><N who="3" m="50186" /><G33/><T61/><D112/><U42/><E45/><V86/><F128/><W133/><G133/><T5/><D5/><U51/><E51/><V126/><F116/><N who="3" m="44651" /><G73/><T38/><D43/><U67/><E67/><V40/><F126/><W30/><G30/><T10/><D10/><U28/><E17/><V13/><F40/><W19/><G19/><T72/><D72/><U76/><E9/><V68/><F68/><W134/><G134/><T66/><D32/><U104/><E104/><V78/><F31/><W97/><G97/><T96/><D34/><U70/><E76/><V132/><F132/><W110/><G110/><T135/><D29/><U89/><REACH who="1" step="1"/><E100/><REACH who="1" ten="492,160,64,274" step="2"/><V109/><F109/><W71/><G8/><T18/><D66/><U127/><E127/><V60/><F11/><W125/><G125/><T91/><D18/><U4/><E4/><V7/><F7/><W57/><G71/><T111/><D111/><U15/><E15/><V35/><F14/><W58/><G58/><T84/><D135/><U119/><E119/><V23/><F56/><W101/><G101/><T49/><D49/><U88/><E88/><V65/><F78/><W3/><G3/><T79/><D91/><U55/><E55/><V46/><F65/><W39/><G39/><T74/><D79/><U20/><AGARI ba="0,1" hai="20,26,28,36,37,42,44,48,62,64,70,85,89,95" machi="20" ten="20,3900,0" yaku="1,1,0,1,7,1,53,0" doraHai="93" doraHaiUra="102" who="1" fromWho="1" sc="492,-13,160,49,64,-13,274,-13" /><INIT seed="5,1,0,3,0,128" ten="479,209,51,261" oya="1" hai0="18,52,84,113,12,38,2,131,54,36,1,102,25" hai1="27,115,94,13,48,103,44,78,122,41,34,55,60" hai2="99,82,90,87,10,133,112,127,74,32,37,129,96" hai3="31,57,100,4,16,29,98,6,114,91,92,107,23"/><U93/><E122/><V7/><F32/><W132/><G114/><T45/><D102/><U65/><E115/><V120/><F112/><W68/><G68/><T0/><D113/><U11/><E78/><V71/><F71/><W59/><G132/><T105/><D105/><U85/><E103/><V134/><F120/><W61/><G57/><T124/><D25/><U97/><E97/><V117/><F37/><W119/><G119/><T56/><D131/><U77/><E34/><V76/><F129/><W104/><G104/><T8/><D124/><U20/><E55/><V9/><F9/><W108/><G108/><T110/><D110/><U62/><E65/><V89/><F127/><W116/><G116/><T69/><D69/><U86/><E86/><V81/><F117/><W39/><G39/><T80/><D54/><U83/><E62/><V106/><F10/><W135/><G135/><N who="2" m="51721" /><F7/><N who="3" m="2603" /><G100/><T63/><D36/><U46/><E60/><V49/><F49/><W66/><G107/><T19/><D38/><U126/><E126/><V3/><F3/><W26/><AGARI ba="1,0" hai="16,23,26,29,31,59,61,66,91,92,98" m="2603" machi="26" ten="30,2000,0" yaku="8,1,54,1" doraHai="128" who="3" fromWho="3" sc="479,-6,209,-11,51,-6,261,23" /><INIT seed="6,0,0,0,0,110" ten="473,198,45,284" oya="2" hai0="118,2,17,34,15,52,32,72,53,13,21,69,1" hai1="88,89,126,100,78,59,123,26,90,121,133,58,116" hai2="35,109,4,84,128,42,50,122,6,5,127,37,39" hai3="71,132,7,60,86,96,79,105,44,93,125,115,0"/><V16/><F122/><N who="1" m="46601" /><E116/><V64/><F35/><W124/><G7/><T103/><D103/><U10/><E126/><N who="3" m="48746" /><G44/><T51/><D15/><U28/><E133/><V119/><F127/><W131/><G0/><T40/><D53/><U43/><E78/><V18/><F119/><W98/><G60/><T120/><D51/><U83/><E83/><V27/><F109/><W45/><G45/><T134/><D21/><N who="1" m="15439" /><E43/><V57/><F128/><W8/><G8/><T97/><D32/><U112/><E112/><V36/><F84/><W82/><G71/><T76/><D69/><U113/><E113/><V31/><F42/><W56/><G56/><T14/><D1/><U111/><E111/><V23/><REACH who="2" step="1"/><F50/><REACH who="2" ten="473,198,35,284" step="2"/><W54/><G131/><T70/><D40/><U63/><E63/><AGARI ba="0,1" hai="4,5,6,16,18,23,27,31,36,37,39,57,63,64" machi="63" ten="50,9600,0" yaku="1,1,2,1,54,1,53,0" doraHai="110" doraHaiUra="48" who="2" fromWho="1" sc="473,0,198,-96,35,106,284,0" /><INIT seed="6,1,0,3,2,87" ten="473,102,141,284" oya="2" hai0="103,66,88,97,89,18,33,53,107,6,104,134,113" hai1="125,39,4,68,91,96,82,70,3,15,22,108,16" hai2="69,11,46,129,75,122,63,81,117,116,36,57,12" hai3="8,118,100,83,59,95,28,67,105,130,54,60,0"/><V109/><F122/><W85/><G118/><T92/><D33/><U123/><E108/><V40/><F109/><W38/><G38/><T58/><D6/><U110/><E110/><V101/><F129/><W106/><G130/><T99/><D66/><U34/><E123/><V27/><F101/><W42/><G42/><T86/><D113/><U98/><E39/><V80/><F69/><W9/><G28/><T25/><D134/><U77/><E34/><V1/><F12/><W37/><G37/><T49/><D18/><U21/><E125/><V35/><F81/><W56/><G105/><T73/><D73/><U93/><E22/><V10/><F10/><W71/><G106/><T47/><D25/><U135/><E135/><V51/><F51/><W133/><G71/><T120/><D120/><U20/><E20/><V62/><F62/><N who="3" m="36215" /><G0/><T64/><D104/><U114/><E114/><V112/><F112/><W79/><G133/><T78/><D78/><U127/><E98/><AGARI ba="1,0" hai="8,9,56,60,67,79,83,85,95,98,100" m="36215" machi="98" ten="30,1000,0" yaku="8,1" doraHai="87" who="3" fromWho="1" sc="473,0,102,-13,141,0,284,13" /><INIT seed="7,0,0,3,3,75" ten="473,89,141,297" oya="3" hai0="121,135,95,28,98,125,88,43,49,54,61,78,5" hai1="17,25,36,83,71,21,123,65,63,122,23,91,44" hai2="82,117,0,18,129,118,1,132,69,127,51,20,8" hai3="120,14,80,32,114,59,22,119,2,99,116,87,134"/><W112/><G32/><T27/><D121/><U56/><E91/><V67/><F51/><W115/><G2/><T38/><D5/><U93/><E93/><V7/><F82/><W48/><G134/><T46/><D125/><U4/><E4/><V35/><F67/><W33/><G33/><T84/><D135/><U104/><E104/><V86/><F86/><W108/><G99/><T42/><D38/><U106/><E106/><V109/><F69/><W11/><G22/><N who="0" m="15479" /><D61/><U30/><E71/><V105/><F105/><W10/><G120/><T124/><D124/><U76/><E44/><V24/><F132/><W52/><G108/><T133/><D133/><U37/><E123/><V94/><F94/><W62/><G62/><T39/><D39/><U90/><E90/><V57/><F57/><W68/><G68/><T41/><D78/><U92/><E92/><V15/><F127/><W110/><G110/><T6/><D6/><U131/><E131/><V50/><F50/><W102/><G102/><T103/><D84/><U126/><E126/><V60/><F60/><W47/><G59/><T113/><D113/><U107/><E107/><V13/><F109/><W53/><G53/><T96/><D96/><U31/><E122/><V100/><F100/><AGARI ba="0,0" hai="41,42,43,46,49,54,88,95,98,100,103" m="15479" machi="100" ten="30,2000,0" yaku="8,1,54,1" doraHai="75" who="0" fromWho="2" sc="473,20,89,0,141,-20,297,0" owari="493,59.0,89,-41.0,121,-28.0,297,10.0" /></mjloggm>