<mjloggm ver="2.3"><GO type="169" lobby="0"/><UN n0="%E5%B0%B1%E6%B4%BB%E7%94%9F%40%E5%B7%9D%E6%9D%91%E8%BB%8D%E5%9B%A3" n1="%63%65%73%39" n2="%E8%97%A4%E3%82%84%E3%82%93" n3="%E3%82%AE%E3%82%AC%E3%83%9E%E3%82%A4%E3%83%B3" dan="16,17,18,16" rate="2117.06,2142.65,2262.49,2146.86" sx="M,M,M,M"/><TAIKYOKU oya="0"/><INIT seed="0,0,0,1,4,58" ten="250,250,250,250" oya="0" hai0="47,75,98,16,106,93,48,56,91,104,127,6,17" hai1="130,88,85,118,54,66,11,1,125,135,8,52,23" hai2="103,42,32,72,131,107,132,77,120,13,113,57,90" hai3="129,87,3,95,26,27,105,24,71,20,83,31,46"/><T62/><D75/><U4/><E118/><V121/><F32/><W76/><G129/><T128/><D127/><U74/><E74/><V63/><F113/><W5/><G105/><T22/><D128/><U133/><E130/><V65/><F131/><W109/><G109/><T97/><D6/><U84/><E84/><V81/><F132/><N who="1" m="50761" /><E125/><V55/><F90/><W41/><G71/><T126/><D126/><U36/><E36/><V15/><F42/><W117/><G117/><T119/><D119/><U33/><E33/><V115/><F115/><W89/><G5/><T29/><D104/><U102/><E102/><V30/><F30/><W25/><G3/><T40/><D106/><U18/><E66/><V80/><F80/><W7/><G7/><T51/><D51/><U101/><E11/><V50/><F103/><W122/><G122/><T73/><D73/><U69/><E69/><V19/><F107/><W60/><G27/><N who="0" m="16631" /><D98/><U21/><E101/><V79/><F79/><W2/><G2/><T70/><D70/><U110/><E110/><V49/><F49/><W61/><G26/><T43/><D43/><U112/><E112/><V114/><F114/><W94/><G25/><T53/><AGARI ba="0,0" hai="16,17,40,47,48,53,56,62,91,93,97" m="16631" machi="53" ten="30,6000,0" yaku="8,1,52,1,54,1" doraHai="58" who="0" fromWho="0" sc="250,60,250,-20,250,-20,250,-20" /><INIT seed="0,1,0,3,5,113" ten="310,230,230,230" oya="0" hai0="68,63,25,134,71,91,18,21,74,60,54,0,133" hai1="10,2,5,43,37,6,9,16,61,116,46,81,22" hai2="83,126,15,117,72,34,24,125,127,19,114,23,94" hai3="14,11,122,17,42,52,40,7,49,120,55,87,41"/><T26/><D0/><U67/><E81/><V118/><F114/><W69/><G69/><T32/><D74/><U66/><E116/><N who="2" m="44651" /><F94/><W47/><G55/><T100/><D100/><U105/><E105/><V50/><F50/><W73/><G73/><T31/><D91/><U79/><E79/><N who="2" m="44519" /><F34/><W51/><G51/><T4/><D63/><U27/><REACH who="1" step="1"/><E61/><REACH who="1" ten="310,220,230,230" step="2"/><V124/><F124/><W1/><REACH who="3" step="1"/><G87/><REACH who="3" ten="310,220,230,220" step="2"/><T78/><D60/><U86/><E86/><V28/><F28/><W88/><G88/><T56/><D31/><U132/><E132/><V107/><F107/><W45/><G45/><T97/><D133/><U108/><E108/><V53/><F53/><W90/><G90/><T39/><D54/><U98/><E98/><V95/><F95/><W58/><G58/><T135/><D56/><U84/><E84/><V33/><F33/><W62/><G62/><T85/><D97/><U30/><E30/><V103/><F103/><W13/><G13/><AGARI ba="1,2" hai="2,5,6,9,10,13,16,22,27,37,43,46,66,67" machi="13" ten="30,3900,0" yaku="1,1,7,1,54,1,53,0" doraHai="113" doraHaiUra="130" who="1" fromWho="3" sc="310,0,220,62,230,0,220,-42" /><AGARI ba="1,0" hai="13,15,19,23,24,125,126,127" m="44519,44651" machi="13" ten="40,8000,1" yaku="18,1,12,1,52,3" doraHai="113" who="2" fromWho="3" sc="310,0,282,0,230,80,178,-80" /><INIT seed="1,0,0,0,4,129" ten="310,282,310,98" oya="1" hai0="87,17,66,124,58,47,30,78,107,102,13,16,1" hai1="126,79,104,9,23,28,61,114,8,6,70,93,101" hai2="10,39,60,55,38,68,106,25,120,119,7,32,35" hai3="135,18,116,19,11,45,89,5,4,57,85,128,3"/><U69/><E114/><V49/><F119/><W62/><G128/><T29/><D1/><U130/><E104/><V127/><F120/><W14/><G116/><T54/><D124/><U56/><E79/><V134/><F127/><W84/><G4/><T110/><D110/><U132/><E130/><V92/><F106/><W20/><G45/><T42/><D107/><U59/><E59/><V97/><F68/><W71/><G71/><T95/><D66/><U22/><E22/><V80/><F80/><W31/><G19/><T83/><D95/><U108/><E8/><V15/><F60/><W99/><G31/><T27/><D102/><U105/><E105/><V53/><F53/><W46/><G46/><T73/><D73/><U133/><E108/><V64/><F64/><W41/><G41/><T0/><D0/><U109/><E109/><V65/><F65/><W90/><G135/><N who="1" m="51786" /><E126/><V67/><F134/><W121/><G121/><T40/><D47/><U26/><E101/><V50/><F35/><W100/><G100/><T91/><D78/><U37/><E93/><V2/><F10/><W112/><G112/><T94/><D94/><U122/><E37/><V36/><F36/><W72/><G72/><T82/><D82/><U103/><E103/><V48/><F92/><N who="3" m="56727" /><G89/><T77/><D91/><U131/><E131/><V51/><F38/><W24/><G3/><T75/><D75/><U117/><E117/><V98/><F2/><W86/><G57/><T44/><D58/><U12/><E122/><V43/><F39/><W81/><G81/><T111/><D83/><U115/><E115/><RYUUKYOKU ba="0,0" sc="310,-15,282,15,310,-15,98,15" hai1="6,9,12,23,26,28,56,61,69,70" hai3="5,11,14,18,20,24,62,84,85,86" /><INIT seed="1,1,0,3,1,104" ten="295,297,295,113" oya="1" hai0="127,80,24,72,95,11,46,77,44,5,3,13,116" hai1="89,33,69,133,111,0,129,83,48,73,18,58,108" hai2="28,49,117,119,70,110,130,61,134,37,82,68,39" hai3="79,109,121,132,38,31,88,29,102,78,51,96,75"/><U52/><E69/><V25/><F82/><W4/><G121/><T74/><D116/><U56/><E0/><V84/><F84/><W7/><G38/><N who="2" m="14345" /><F25/><W91/><G109/><N who="1" m="42058" /><E33/><V97/><F97/><W19/><G132/><T42/><D127/><U86/><E129/><V21/><F21/><W57/><G57/><T66/><D66/><U40/><E40/><V71/><F28/><W126/><G51/><T63/><D63/><U10/><E133/><V87/><F87/><W22/><G126/><T45/><D42/><U112/><E112/><V53/><F110/><W122/><G122/><T30/><D95/><U92/><E58/><N who="2" m="33071" /><F134/><W100/><G22/><T67/><D67/><U99/><E18/><V123/><F123/><W103/><G19/><T120/><D120/><U12/><E12/><V105/><F105/><W6/><G96/><T93/><D93/><U101/><E10/><V32/><F32/><W36/><G36/><T113/><D113/><U9/><E9/><V124/><F130/><W106/><G106/><T131/><D131/><U114/><E114/><V115/><F115/><W34/><G34/><T55/><D3/><U118/><E118/><N who="2" m="45067" /><F124/><W41/><G75/><AGARI ba="1,0" hai="48,52,56,73,75,83,86,89,92,99,101" m="42058" machi="75" ten="30,12000,1" yaku="14,1,10,1,52,2,54,1" doraHai="104" who="1" fromWho="3" sc="295,0,297,123,295,0,113,-123" owari="295,10.0,420,51.0,295,-10.0,-10,-51.0" /></mjloggm>