<mjloggm ver="2.3"><GO type="169" lobby="0"/><UN n0="%E3%83%88%E3%83%88%E3%83%AA%E5%85%88%E7%94%9F%31%39%E6%AD%B3" n1="%E3%81%92%E3%82%93%E3%81%8D%E3%81%A1" n2="%EF%BC%B3%E3%81%9E%E3%81%88%E2%98%86" n3="%E3%83%A8%E3%82%B3%E3%83%A8%E3%82%B3" dan="18,16,16,16" rate="2214.36,2038.51,2020.69,2099.76" sx="F,M,M,M"/><TAIKYOKU oya="0"/><INIT seed="0,0,0,4,4,76" ten="250,250,250,250" oya="0" hai0="92,104,64,51,83,27,5,84,94,77,133,119,50" hai1="113,63,55,107,95,101,44,25,26,120,89,21,125" hai2="29,6,74,86,12,93,42,99,40,56,87,96,28" hai3="15,62,122,41,80,128,108,58,131,61,23,66,18"/><T1/><D119/><U81/><E120/><V121/><F74/><W134/><G122/><T127/><D104/><U98/><E125/><V8/><F121/><W79/><G108/><T4/><D127/><U75/><E113/><V46/><F56/><W22/><G134/><T88/><D133/><U118/><E118/><V60/><F60/><W106/><G106/><T124/><D124/><U32/><E32/><V73/><F73/><W20/><G41/><N who="2" m="15977" /><F46/><W16/><G62/><T11/><D64/><U59/><E44/><V117/><F117/><W45/><G45/><T36/><D36/><U111/><E111/><V69/><F69/><W38/><G38/><T48/><D4/><U3/><E3/><V82/><F87/><W129/><G15/><T100/><D100/><U35/><E35/><V49/><F49/><W78/><G78/><T72/><REACH who="0" step="1"/><D27/><REACH who="0" ten="240,250,250,250" step="2"/><U57/><E26/><V54/><F6/><W37/><G37/><T115/><D115/><U47/><E107/><V17/><F29/><W43/><REACH who="3" step="1"/><G43/><REACH who="3" ten="240,250,250,240" step="2"/><T97/><D97/><U102/><E47/><V52/><F99/><W65/><G65/><T53/><D53/><U116/><E116/><V109/><F109/><W132/><G132/><T135/><D135/><U30/><E57/><V71/><F54/><W33/><G33/><T2/><D2/><U85/><REACH who="1" step="1"/><E75/><AGARI ba="0,2" hai="16,18,20,22,23,58,61,66,75,79,80,128,129,131" machi="75" ten="50,8000,1" yaku="1,1,19,1,52,1,54,1,53,0" doraHai="76" doraHaiUra="70" who="3" fromWho="1" sc="240,0,250,-80,250,0,240,100" /><INIT seed="1,0,0,3,4,24" ten="240,170,250,340" oya="1" hai0="83,116,45,119,115,81,71,8,31,109,19,127,53" hai1="89,50,86,33,110,9,123,7,64,111,56,14,120" hai2="82,122,61,68,107,37,11,35,105,28,25,135,75" hai3="23,74,40,4,12,77,73,102,63,58,124,18,88"/><U52/><E33/><V106/><F122/><W29/><G102/><T79/><D115/><U96/><E96/><V41/><F11/><W54/><G124/><T130/><D71/><U129/><E64/><N who="2" m="40975" /><F135/><W118/><G118/><T93/><D127/><U30/><E30/><V117/><F117/><W66/><G4/><T98/><D109/><N who="1" m="41483" /><E129/><V1/><F1/><W128/><G128/><T78/><D130/><U2/><E2/><V112/><F112/><W49/><G40/><T21/><D116/><U94/><AGARI ba="0,0" hai="7,9,14,50,52,56,86,89,94,120,123" m="41483" machi="94" ten="30,6000,0" yaku="14,1,10,1,54,1" doraHai="24" who="1" fromWho="1" sc="240,-20,170,60,250,-20,340,-20" /><INIT seed="1,1,0,2,2,42" ten="220,230,230,320" oya="1" hai0="20,70,112,39,19,4,31,113,13,27,98,99,34" hai1="21,30,1,51,120,125,74,134,71,0,128,49,82" hai2="76,131,102,10,135,64,107,86,43,15,2,95,109" hai3="6,57,50,22,94,35,127,92,119,83,81,12,32"/><U69/><E120/><V33/><F2/><W79/><G127/><T23/><D70/><U124/><E128/><V85/><F33/><W29/><G119/><T130/><D130/><U126/><E134/><V5/><F135/><W60/><G50/><N who="1" m="18954" /><E30/><V40/><F109/><W48/><G48/><T28/><D39/><U121/><E21/><V58/><F107/><W63/><G29/><T105/><D105/><U108/><E121/><V54/><F64/><W87/><G22/><T26/><D98/><U110/><E74/><V116/><F116/><W56/><G12/><T75/><D99/><U73/><E71/><V111/><F111/><N who="1" m="42537" /><E69/><V78/><F131/><W18/><G18/><T68/><D75/><U104/><E104/><V62/><F40/><W46/><G87/><N who="2" m="33289" /><F43/><W17/><G17/><T72/><D68/><U117/><E117/><V93/><F102/><W133/><G133/><T53/><D72/><U84/><E73/><V11/><F11/><W96/><G96/><T89/><D34/><U106/><E106/><V114/><F114/><W122/><G122/><T44/><D113/><U3/><E3/><V45/><F10/><W52/><G79/><AGARI ba="1,0" hai="0,1,79,82,84,124,125,126" m="42537,18954" machi="79" ten="40,7700,0" yaku="18,1,14,1,10,1" doraHai="42" who="1" fromWho="3" sc="220,0,230,80,230,0,320,-80" /><INIT seed="1,2,0,0,1,0" ten="220,310,230,240" oya="1" hai0="61,92,106,4,24,128,9,125,104,87,135,119,10" hai1="126,56,82,120,59,19,39,27,105,77,52,96,36" hai2="38,127,124,35,93,30,131,122,121,101,41,49,116" hai3="71,110,42,53,13,54,98,40,51,89,2,11,31"/><U80/><E120/><V12/><F38/><W90/><G2/><T60/><D119/><U17/><E126/><N who="2" m="48171" /><F116/><W15/><G71/><T66/><D128/><U20/><E105/><V109/><F109/><W7/><G110/><T113/><D113/><U65/><E96/><N who="2" m="59535" /><F131/><W100/><G31/><T18/><D135/><U83/><E77/><V23/><F35/><W115/><G115/><T81/><D125/><U73/><E73/><V62/><F62/><W88/><G15/><T16/><D92/><U57/><E65/><V118/><F118/><W21/><G21/><T64/><D87/><U132/><E132/><V50/><F50/><W29/><G29/><T5/><D81/><U34/><E34/><V129/><F129/><W58/><REACH who="3" step="1"/><G54/><REACH who="3" ten="220,310,230,230" step="2"/><T14/><D14/><U84/><E52/><V79/><F12/><W3/><G3/><T133/><D133/><U78/><E19/><V32/><F23/><W76/><G76/><T1/><D1/><U22/><E22/><V75/><F30/><W108/><G108/><T48/><REACH who="0" step="1"/><D48/><REACH who="0" ten="210,310,230,230" step="2"/><U69/><E78/><V99/><F49/><W85/><G85/><T45/><D45/><U107/><E84/><V117/><F79/><W97/><G97/><T47/><D47/><U68/><E39/><V134/><F99/><W37/><G37/><T43/><D43/><U130/><E36/><V28/><F41/><W86/><G86/><T123/><D123/><U46/><E46/><V33/><F122/><W111/><G111/><T44/><D44/><U67/><E130/><V70/><F121/><W94/><AGARI ba="2,2" hai="7,11,13,40,42,51,53,58,88,89,90,94,98,100" machi="94" ten="30,8000,1" yaku="1,1,0,1,8,1,52,1,54,1,53,0" doraHai="0" doraHaiUra="25" who="3" fromWho="3" sc="210,-22,310,-42,230,-22,230,106" /><INIT seed="2,0,0,5,4,79" ten="188,268,208,336" oya="2" hai0="58,40,1,27,107,44,116,128,117,134,67,84,85" hai1="70,8,24,118,22,66,9,43,105,109,80,7,132" hai2="94,59,36,75,77,88,108,72,26,126,124,131,78" hai3="55,82,49,68,121,115,100,95,37,89,65,135,93"/><V87/><F36/><W120/><G37/><T16/><D107/><U122/><E118/><N who="0" m="45673" /><D1/><U106/><E43/><V39/><F39/><W19/><G135/><T83/><D134/><U10/><E132/><V71/><F71/><W25/><G115/><T28/><D85/><U56/><E7/><V119/><F119/><W62/><G100/><T97/><D97/><U92/><E70/><V103/><F59/><W60/><G62/><N who="0" m="38359" /><D128/><U91/><E106/><V63/><F63/><W32/><G121/><T112/><D112/><U113/><E113/><V133/><F133/><W102/><G120/><T69/><D69/><U48/><E105/><V4/><F131/><W76/><G102/><T130/><D130/><U2/><E122/><V52/><F103/><W53/><G32/><T20/><D40/><U41/><E2/><V15/><F75/><W30/><G30/><T5/><D5/><U17/><E41/><V96/><F72/><W0/><G0/><T90/><D44/><U111/><E92/><V73/><F73/><W50/><G95/><T35/><D35/><U46/><E46/><V42/><F42/><W81/><G93/><T51/><D51/><U12/><E48/><V110/><F96/><W38/><G49/><T11/><D11/><U13/><E10/><N who="2" m="4551" /><F26/><W74/><G50/><T129/><D129/><U21/><E9/><V34/><F34/><W31/><G38/><T101/><D101/><U29/><E8/><V6/><F6/><W14/><G68/><T54/><D54/><U99/><E99/><V64/><F52/><W123/><G53/><T18/><AGARI ba="0,0" hai="16,18,20,27,28,83,84,90" m="38359,45673" machi="18" ten="30,7900,0" yaku="5,1,12,1,52,1,54,1" doraHai="79" who="0" fromWho="0" sc="188,79,268,-20,208,-39,336,-20" /><INIT seed="3,0,0,4,0,49" ten="267,248,169,316" oya="3" hai0="78,96,104,35,20,34,65,114,111,90,32,124,44" hai1="16,33,87,25,112,22,3,67,120,27,79,134,1" hai2="28,30,130,2,80,14,19,121,86,37,99,21,10" hai3="23,85,119,7,123,71,47,74,66,52,18,81,95"/><W103/><G123/><T70/><D111/><U83/><E120/><V129/><F37/><W11/><G119/><T133/><D133/><U110/><E134/><V24/><F121/><W68/><G74/><T64/><D124/><U5/><E110/><V105/><F105/><W26/><G66/><T82/><D114/><U29/><E112/><V115/><F115/><W4/><G103/><T8/><D8/><U92/><E67/><V51/><F99/><W118/><G118/><T89/><D104/><U61/><E5/><N who="2" m="1335" /><F51/><W128/><G128/><N who="2" m="49257" /><F86/><W131/><G95/><T54/><D96/><U132/><E132/><V69/><F80/><W76/><G131/><T55/><D44/><U50/><E61/><V59/><F59/><W41/><G4/><T6/><D6/><U88/><REACH who="1" step="1"/><E50/><REACH who="1" ten="267,238,169,316" step="2"/><V60/><F60/><W98/><G71/><T75/><D70/><U48/><E48/><V13/><F69/><W102/><G68/><T45/><D45/><U36/><E36/><V100/><F100/><W38/><G47/><T117/><D117/><U84/><AGARI ba="0,1" hai="1,3,16,22,25,27,29,33,79,83,84,87,88,92" machi="84" ten="20,8000,1" yaku="1,1,0,1,7,1,54,2,53,0" doraHai="49" doraHaiUra="43" who="1" fromWho="1" sc="267,-20,238,90,169,-20,316,-40" /><INIT seed="4,0,0,0,5,27" ten="247,328,149,276" oya="0" hai0="32,39,36,126,122,107,40,118,7,29,101,42,8" hai1="92,134,73,31,3,49,95,65,62,47,61,58,37" hai2="124,69,59,33,129,14,87,10,1,50,68,99,75" hai3="9,111,82,21,125,51,96,16,91,41,132,44,121"/><T64/><D118/><U80/><E3/><V12/><F75/><W30/><G111/><T24/><D122/><U11/><E134/><V4/><F129/><W84/><G132/><T63/><D126/><U13/><E37/><V104/><F124/><W70/><G125/><T103/><D42/><U20/><E62/><V78/><F33/><W106/><G121/><T28/><D28/><U48/><E73/><V23/><F69/><W88/><G70/><N who="0" m="42271" /><D101/><U131/><E131/><V127/><F68/><W6/><G30/><T76/><D76/><U60/><E60/><V93/><F104/><W89/><G106/><T115/><D40/><N who="1" m="24679" /><E80/><V120/><F120/><W18/><G96/><N who="0" m="61927" /><D115/><U2/><E2/><AGARI ba="0,0" hai="2,7,8,24,29,32,36,39" m="61927,42271" machi="2" ten="30,11600,0" yaku="25,1,33,2,52,1" doraHai="27" who="0" fromWho="1" sc="247,116,328,-116,149,0,276,0" /><INIT seed="4,1,0,2,4,55" ten="363,212,149,276" oya="0" hai0="63,72,126,33,68,53,117,25,93,35,41,86,58" hai1="28,61,115,47,29,90,81,98,12,96,64,79,119" hai2="44,60,0,83,88,109,128,65,24,66,45,135,92" hai3="129,54,39,52,108,70,32,22,37,114,17,120,89"/><T67/><D117/><U11/><E119/><V101/><F109/><W124/><G108/><T73/><D126/><U100/><E115/><V91/><F0/><W87/><G124/><T107/><D107/><U15/><E90/><V16/><F128/><W71/><G114/><T23/><D41/><U42/><E29/><V57/><F66/><W133/><G133/><T94/><D35/><U30/><E30/><V59/><F59/><W38/><G129/><T102/><D33/><U40/><E15/><V27/><F27/><W97/><G120/><T21/><D21/><U95/><E28/><V99/><F135/><W113/><G32/><T49/><D86/><U69/><E96/><V104/><F83/><W18/><G97/><T43/><D102/><U132/><E132/><V36/><F104/><W48/><G113/><T2/><D2/><U106/><E106/><V10/><F36/><W110/><G110/><T1/><D1/><U31/><E31/><V116/><F116/><W103/><G103/><T3/><D3/><U121/><E121/><V85/><F85/><W20/><G54/><T77/><D43/><U56/><E69/><V118/><F118/><W19/><G71/><T13/><D25/><U14/><E42/><V75/><F75/><N who="0" m="28746" /><D77/><U82/><E79/><V127/><F127/><W62/><G70/><T78/><D78/><U6/><REACH who="1" step="1"/><E14/><REACH who="1" ten="363,202,149,276" step="2"/><N who="2" m="7255" /><F24/><W130/><G130/><T34/><D34/><U76/><E76/><V9/><F9/><W80/><REACH who="3" step="1"/><G62/><REACH who="3" ten="363,202,149,266" step="2"/><T5/><D68/><U7/><E7/><V134/><F134/><W8/><G8/><N who="0" m="4239" /><D23/><U46/><E46/><AGARI ba="1,2" hai="44,45,46,57,60,65,88,91,92,99,101" m="7255" machi="46" ten="30,8000,1" yaku="6,1,8,1,52,1,54,2" doraHai="55" who="2" fromWho="1" sc="363,0,202,-83,149,103,266,0" /><AGARI ba="1,0" hai="17,18,19,20,22,37,38,39,46,48,52,80,87,89" machi="46" ten="50,6400,0" yaku="1,1,6,1,54,1,53,0" doraHai="55" doraHaiUra="123" who="3" fromWho="1" sc="363,0,119,-64,252,0,266,64" /><INIT seed="5,0,0,3,1,1" ten="363,55,252,330" oya="1" hai0="4,44,84,34,104,116,30,128,61,66,7,105,15" hai1="130,57,54,48,81,63,0,126,74,53,80,90,122" hai2="96,8,133,46,60,75,16,62,55,131,102,26,20" hai3="127,119,73,118,47,88,21,68,37,100,31,65,11"/><U10/><E122/><V125/><F75/><W103/><G73/><T45/><D116/><N who="3" m="44585" /><G127/><T2/><D2/><U27/><E130/><V69/><F125/><W110/><G110/><T29/><D128/><U25/><E126/><V92/><F131/><W59/><G68/><T97/><D15/><U72/><E72/><V108/><F108/><W13/><G88/><T91/><D104/><U124/><E124/><V28/><F133/><W78/><G78/><T14/><D14/><U22/><E74/><V18/><F69/><W114/><G114/><T67/><D97/><U87/><E80/><V83/><F83/><W77/><G77/><T95/><D105/><U111/><E111/><V64/><F64/><N who="0" m="24618" /><D61/><N who="2" m="23658" /><F8/><W12/><G65/><T98/><D34/><U56/><REACH who="1" step="1"/><E22/><REACH who="1" ten="363,45,252,330" step="2"/><V82/><F82/><W50/><G21/><T42/><D84/><U41/><E41/><V99/><F96/><W5/><G103/><T35/><D42/><U106/><E106/><V52/><F102/><W76/><G100/><T112/><D35/><U23/><E23/><V36/><F99/><W6/><G76/><T19/><D98/><U49/><E49/><V129/><F92/><W79/><G79/><T32/><D95/><U117/><E117/><V39/><F129/><W58/><G37/><T109/><D109/><U40/><E40/><V9/><F39/><W70/><G50/><T94/><D32/><U120/><E120/><V17/><F36/><W107/><G107/><T132/><D94/><U121/><E121/><V134/><F20/><W24/><G11/><T71/><D71/><U33/><E33/><RYUUKYOKU ba="0,1" sc="363,-10,45,30,252,-10,330,-10" hai1="0,10,25,27,48,53,54,56,57,63,81,87,90" /><INIT seed="5,1,1,4,3,99" ten="353,75,242,320" oya="1" hai0="125,126,40,69,13,21,115,127,14,36,2,0,78" hai1="9,105,114,1,74,20,128,38,111,49,82,72,62" hai2="112,35,103,32,42,94,64,65,30,133,37,116,8" hai3="48,130,4,22,121,18,87,17,68,31,16,124,66"/><U10/><E38/><V90/><F116/><W79/><G121/><T75/><D69/><U119/><E119/><V91/><F133/><W109/><G109/><T46/><D115/><U15/><E105/><V27/><F112/><W70/><G130/><T89/><D89/><U33/><E114/><V60/><F35/><W11/><G124/><T76/><D14/><U53/><E33/><V110/><F110/><W95/><G66/><T118/><D118/><U47/><E111/><V59/><F65/><W55/><G31/><T26/><D13/><U122/><E122/><V57/><F57/><W44/><G22/><T71/><D71/><U113/><E113/><V73/><F73/><N who="1" m="28265" /><E82/><V93/><F8/><N who="1" m="3177" /><E1/><N who="0" m="617" /><D75/><U117/><E117/><V25/><F25/><W97/><G79/><T120/><D120/><U101/><E128/><V123/><F123/><W102/><REACH who="3" step="1"/><G87/><REACH who="3" ten="353,75,242,310" step="2"/><T29/><AGARI ba="1,2" hai="21,26,29,36,40,46,76,78,125,126,127" m="617" machi="29" ten="40,1500,0" yaku="18,1" doraHai="99" who="0" fromWho="0" sc="353,38,75,-8,242,-5,310,-5" /><INIT seed="6,0,0,0,4,23" ten="391,67,237,305" oya="2" hai0="79,44,75,108,118,43,22,61,113,16,1,11,8" hai1="69,126,87,131,68,5,63,29,103,34,47,20,10" hai2="83,53,129,49,115,116,58,96,19,26,65,104,36" hai3="92,25,111,122,127,114,9,73,71,100,55,15,90"/><V28/><F116/><W57/><G122/><T112/><D108/><U45/><E131/><V107/><F129/><W54/><G111/><T60/><D118/><U84/><E126/><V88/><F36/><W86/><G127/><T70/><D79/><U40/><E34/><V31/><F115/><N who="0" m="44106" /><D75/><U134/><E134/><V24/><F107/><W42/><G71/><T72/><D72/><U56/><E103/><V135/><F104/><W94/><G73/><T80/><D80/><U41/><E68/><V27/><F135/><W117/><G117/><T62/><D1/><U82/><E69/><V7/><F7/><W14/><G114/><T6/><D6/><U123/><E123/><V95/><F83/><W120/><G120/><T74/><D74/><U99/><E99/><V91/><F65/><W128/><G128/><T106/><D106/><U39/><E29/><N who="2" m="11339" /><F19/><W81/><G42/><T78/><D78/><U59/><E20/><V48/><F48/><W33/><G33/><T76/><D76/><U102/><E102/><AGARI ba="0,0" hai="24,26,27,49,53,58,88,91,95,96,102" m="11339" machi="102" ten="30,12000,1" yaku="8,1,52,3,54,1" doraHai="23" who="2" fromWho="1" sc="391,0,67,-120,237,120,305,0" owari="391,48.0,-53,-55.0,357,16.0,305,-9.0" /></mjloggm>