<mjloggm ver="2.3"><GO type="169" lobby="0"/><UN n0="%E6%8E%A8%E7%A9%BA%EF%BC%B0" n1="%6F%68%6E%6F%79%75%6B%69" n2="%E3%81%A1%E3%81%AA%E3%81%A4%E7%84%A1%E5%8F%8C%EF%BC%81" n3="%E5%B0%B1%E6%B4%BB%E7%94%9F%40%E5%B7%9D%E6%9D%91%E8%BB%8D%E5%9B%A3" dan="17,16,16,16" rate="2190.45,2122.55,2068.57,2148.85" sx="F,M,M,M"/><TAIKYOKU oya="0"/><INIT seed="0,0,0,5,2,121" ten="250,250,250,250" oya="0" hai0="23,39,32,35,87,98,6,19,94,124,24,11,131" hai1="54,88,10,114,64,62,103,0,78,118,86,110,2" hai2="66,119,55,27,25,37,48,93,73,76,75,44,84" hai3="30,109,5,112,101,99,61,43,91,49,46,97,13"/><T21/><D39/><U81/><E118/><V85/><F119/><W102/><G112/><T116/><D116/><U100/><E114/><V74/><F37/><W111/><G30/><T65/><D131/><U57/><E57/><V29/><F66/><W70/><G70/><T28/><D124/><U126/><E126/><V107/><F107/><W104/><G91/><T15/><D65/><U80/><E64/><V135/><F135/><W22/><G61/><T117/><D87/><N who="1" m="50279" /><E54/><V53/><F53/><W12/><G22/><T50/><D50/><U89/><E62/><V51/><F51/><W77/><G77/><T90/><REACH who="0" step="1"/><D117/><REACH who="0" ten="240,250,250,250" step="2"/><U128/><E86/><V123/><F85/><W8/><REACH who="3" step="1"/><G12/><AGARI ba="0,1" hai="6,11,12,15,19,21,23,24,28,32,35,90,94,98" machi="12" ten="30,5800,0" yaku="1,1,2,1,7,1,53,0" doraHai="121" doraHaiUra="82" who="0" fromWho="3" sc="240,68,250,0,250,0,250,-58" /><INIT seed="0,1,0,2,2,105" ten="308,250,250,192" oya="0" hai0="1,22,26,16,134,110,48,91,113,95,81,55,4" hai1="132,100,28,50,43,117,36,45,120,47,10,64,116" hai2="53,122,33,93,118,114,52,18,103,60,58,107,59" hai3="23,17,126,51,86,101,98,121,92,99,111,9,66"/><T70/><D113/><U14/><E120/><V42/><F122/><W89/><G121/><T123/><D123/><U68/><E132/><V130/><F114/><W34/><G34/><T71/><D134/><U24/><E100/><V125/><F107/><W96/><G126/><T62/><D110/><U0/><E0/><V102/><F33/><W40/><G111/><T61/><D81/><U38/><E64/><V84/><F125/><W108/><G108/><T77/><D77/><U8/><E68/><V104/><F104/><W31/><G66/><T124/><D124/><U56/><E56/><V69/><F69/><W88/><G31/><T78/><D78/><U37/><E47/><V72/><F72/><W3/><G3/><T13/><D1/><U131/><E131/><V2/><F42/><W75/><G75/><T39/><D39/><U54/><E43/><V49/><F130/><W135/><G135/><T19/><D4/><U7/><REACH who="1" step="1"/><E10/><REACH who="1" ten="308,240,250,192" step="2"/><V57/><F2/><W106/><G9/><N who="0" m="6191" /><D70/><U6/><E6/><V44/><F59/><W79/><G40/><T35/><D71/><U129/><E129/><V94/><F44/><W27/><G51/><T21/><D35/><AGARI ba="1,1" hai="7,8,14,24,28,35,36,37,38,45,50,54,116,117" machi="35" ten="40,2600,0" yaku="1,1,53,1" doraHai="105" doraHaiUra="20" who="1" fromWho="0" sc="308,-29,240,39,250,0,192,0" /><INIT seed="1,0,0,5,3,120" ten="279,279,250,192" oya="1" hai0="131,102,114,112,19,27,86,101,32,41,33,14,21" hai1="85,122,63,2,83,54,82,103,13,135,62,30,93" hai2="99,57,40,10,48,25,36,125,71,3,119,17,117" hai3="38,75,22,100,77,111,81,84,51,65,74,52,0"/><U42/><E2/><V128/><F71/><W8/><G38/><T5/><D41/><U6/><E122/><V89/><F36/><W58/><G100/><T53/><D131/><U45/><E135/><V107/><F128/><W113/><G113/><T104/><D101/><U134/><E134/><V70/><F70/><W96/><G96/><T44/><D86/><U55/><E30/><V31/><F125/><W39/><G39/><T116/><D116/><U73/><E73/><V130/><F130/><W133/><G133/><T108/><D104/><U126/><E126/><V20/><F40/><W94/><G65/><T18/><D102/><U88/><E6/><V91/><F48/><W64/><G64/><T46/><D53/><U69/><E13/><V43/><F43/><W26/><G94/><T76/><D76/><U34/><E34/><N who="0" m="13417" /><D46/><U23/><E23/><V61/><F3/><W9/><G111/><T35/><D44/><U50/><E69/><V115/><F115/><N who="0" m="44074" /><D5/><U29/><E29/><V47/><F47/><W7/><REACH who="3" step="1"/><G8/><REACH who="3" ten="279,279,250,182" step="2"/><N who="0" m="6471" /><D35/><U106/><E106/><V92/><F107/><W66/><G66/><T78/><D78/><U127/><E127/><V67/><F91/><W123/><G123/><T129/><D129/><U11/><E103/><V28/><F28/><AGARI ba="0,1" hai="0,7,9,22,26,28,51,52,58,74,75,77,81,84" machi="28" ten="30,3900,0" yaku="1,1,7,1,54,1,53,0" doraHai="120" doraHaiUra="12" who="3" fromWho="2" sc="279,0,279,0,250,-39,182,49" /><INIT seed="2,0,0,3,2,11" ten="279,279,211,231" oya="2" hai0="116,69,81,123,7,95,48,100,121,93,65,99,127" hai1="28,135,90,45,42,26,35,56,27,92,15,6,134" hai2="62,61,98,94,129,20,55,133,40,54,130,82,47" hai3="117,77,112,126,16,12,105,33,21,72,9,34,49"/><V58/><F133/><W63/><G105/><T14/><D116/><U111/><E111/><V3/><F3/><W103/><G103/><T74/><D48/><U57/><E26/><V51/><F82/><W1/><G72/><T39/><D39/><U36/><E15/><V2/><F2/><W104/><G104/><T84/><D65/><U79/><E6/><V118/><F118/><W4/><G77/><T131/><D69/><U64/><E79/><V52/><F20/><W38/><G38/><T125/><D14/><U41/><E41/><V23/><F23/><W29/><G117/><T89/><D7/><U119/><E119/><V108/><F108/><W8/><G63/><N who="2" m="24073" /><F94/><W115/><G49/><T128/><D74/><U96/><REACH who="1" step="1"/><E64/><REACH who="1" ten="279,269,211,231" step="2"/><V80/><F80/><W101/><G126/><N who="0" m="48139" /><D81/><U73/><E73/><V25/><F25/><N who="3" m="16559" /><G101/><T17/><D17/><U22/><E22/><V114/><F114/><AGARI ba="0,1" hai="1,4,8,9,12,16,33,34,112,114,115" m="16559" machi="114" ten="30,8000,1" yaku="11,1,34,2,52,1,54,1" doraHai="11" who="3" fromWho="2" sc="279,0,269,0,211,-80,231,90" /><INIT seed="3,0,0,5,0,69" ten="279,269,131,321" oya="3" hai0="134,65,5,2,117,13,86,94,27,100,0,62,58" hai1="30,133,44,23,16,121,6,107,50,37,8,72,98" hai2="21,114,42,57,110,31,33,83,66,32,56,109,95" hai3="34,9,64,85,22,106,28,67,135,79,52,10,17"/><W99/><G34/><T20/><D117/><U43/><E121/><V108/><F114/><W103/><G28/><T41/><D134/><U40/><E133/><V125/><F125/><W130/><G135/><T89/><D41/><U11/><E72/><V122/><F122/><W25/><G130/><T1/><D100/><U128/><E128/><V127/><F127/><W118/><G118/><T15/><REACH who="0" step="1"/><D5/><REACH who="0" ten="269,269,131,321" step="2"/><U35/><E43/><V102/><F42/><W70/><G70/><T119/><D119/><U19/><E6/><V88/><F102/><W4/><G4/><T71/><D71/><U112/><E40/><V60/><F108/><W53/><G67/><T77/><D77/><U92/><E112/><V105/><F109/><W87/><G64/><T39/><D39/><U115/><E37/><V91/><F110/><W59/><G53/><T55/><D55/><U132/><E115/><V104/><F66/><W46/><G46/><T126/><D126/><U49/><E44/><V61/><F57/><W18/><G79/><T12/><D12/><U68/><E68/><V97/><F56/><W78/><G78/><T51/><D51/><U74/><E50/><V101/><F101/><W90/><G52/><T73/><D73/><U7/><E74/><V47/><F47/><W38/><G59/><T131/><D131/><U82/><E49/><V75/><F75/><W129/><G38/><T26/><D26/><U54/><E7/><V36/><F36/><W76/><G129/><T24/><D24/><N who="1" m="16671" /><E54/><V124/><F124/><W14/><G25/><T63/><D63/><U81/><E132/><RYUUKYOKU ba="0,1" sc="269,30,269,-10,131,-10,321,-10" hai0="0,1,2,13,15,20,27,58,62,65,86,89,94" /><INIT seed="4,1,1,1,1,82" ten="299,259,121,311" oya="0" hai0="42,64,2,128,39,37,125,47,116,104,118,83,16" hai1="5,110,115,23,112,81,98,121,33,75,85,132,0" hai2="133,19,24,22,69,38,114,108,52,9,96,122,18" hai3="101,126,50,68,12,4,31,10,59,99,89,8,66"/><T92/><D104/><U15/><E33/><V25/><F38/><W87/><G126/><T11/><D125/><U105/><E121/><V28/><F69/><W20/><G68/><T73/><D64/><U30/><E110/><V14/><F122/><W130/><G130/><T44/><D128/><U93/><E75/><V94/><F108/><W111/><G111/><T41/><D92/><U123/><E123/><V45/><F114/><N who="1" m="43561" /><E105/><V54/><F133/><W49/><G10/><T65/><D65/><U103/><E132/><V35/><REACH who="2" step="1"/><F45/><REACH who="2" ten="299,259,111,311" step="2"/><W113/><G113/><T102/><D102/><AGARI ba="1,2" hai="9,14,18,19,22,24,25,28,35,52,54,94,96,102" machi="102" ten="30,8000,1" yaku="1,1,2,1,7,1,54,1,53,1" doraHai="82" doraHaiUra="6" who="2" fromWho="0" sc="299,-83,259,0,111,103,311,0" /><INIT seed="5,0,0,2,5,32" ten="216,259,214,311" oya="1" hai0="60,124,77,94,26,45,8,117,74,67,96,87,59" hai1="93,30,83,71,2,37,111,126,1,110,115,24,109" hai2="28,6,62,122,76,34,82,106,104,31,86,5,52" hai3="79,129,119,73,102,41,127,9,44,27,48,58,89"/><U11/><E71/><V38/><F122/><W69/><G69/><T70/><D117/><U75/><E37/><V65/><F38/><W61/><G102/><T72/><D124/><U42/><E126/><V14/><F34/><W17/><G127/><T33/><D8/><U81/><E42/><V46/><F106/><W66/><G119/><T92/><D45/><U55/><E115/><V123/><F104/><W133/><G133/><T114/><D114/><U68/><E68/><V134/><F134/><W99/><G129/><T91/><D70/><U22/><E11/><V80/><F123/><W101/><G101/><T53/><D67/><U113/><E113/><V63/><F14/><W43/><G79/><T107/><D107/><U131/><E131/><V132/><F132/><W56/><G73/><T35/><D35/><U3/><E75/><V13/><F13/><N who="3" m="7343" /><G56/><T25/><D33/><U120/><E120/><V21/><F76/><W108/><G27/><T78/><D74/><U112/><E112/><V130/><F130/><W116/><G108/><T103/><REACH who="0" step="1"/><D78/><REACH who="0" ten="206,259,214,311" step="2"/><U98/><REACH who="1" step="1"/><E55/><REACH who="1" ten="206,249,214,311" step="2"/><V125/><F52/><N who="3" m="29703" /><G116/><T97/><D97/><U10/><E10/><V135/><F125/><W23/><G23/><T90/><D90/><AGARI ba="0,2" hai="1,2,3,22,24,30,81,83,90,93,98,109,110,111" machi="90" ten="50,12000,1" yaku="1,1,10,1,52,3,53,0" doraHai="32" doraHaiUra="100" who="1" fromWho="0" sc="206,-120,249,140,214,0,311,0" /><INIT seed="5,1,0,5,3,70" ten="86,389,214,311" oya="1" hai0="96,15,64,39,81,112,29,65,69,80,28,6,41" hai1="105,84,32,22,25,86,72,132,71,122,111,108,57" hai2="52,82,7,113,116,67,48,104,119,76,40,0,51" hai3="27,114,12,124,62,88,46,100,121,125,47,95,21"/><U4/><E71/><V31/><F104/><W74/><G74/><T8/><D112/><U50/><E122/><V134/><F113/><W106/><G121/><T109/><D109/><U37/><E72/><V98/><F134/><W20/><G114/><T11/><D96/><U54/><E105/><V92/><F31/><W75/><G75/><T23/><D69/><U35/><E132/><V18/><F67/><W85/><G62/><T24/><D29/><U120/><E37/><V42/><F7/><W17/><G100/><T91/><D80/><U133/><E4/><V33/><F0/><W89/><G106/><T53/><D53/><U10/><E10/><V103/><F33/><W135/><G135/><T1/><D91/><U79/><E120/><V77/><F77/><W94/><G124/><T44/><REACH who="0" step="1"/><D81/><REACH who="0" ten="76,389,214,311" step="2"/><N who="1" m="47167" /><E133/><V117/><F117/><W93/><G125/><T101/><D101/><U60/><E111/><V102/><F102/><W127/><G127/><T38/><D38/><U129/><E108/><V97/><F97/><N who="3" m="57511" /><G95/><T61/><D61/><U99/><E99/><V58/><F119/><W131/><G131/><T78/><D78/><U30/><E129/><V126/><F116/><W83/><G83/><T2/><D2/><U14/><E32/><V66/><F126/><W26/><G94/><T9/><D9/><U115/><E115/><V63/><F82/><W73/><G89/><T56/><D56/><N who="1" m="32855" /><E35/><V87/><F98/><W118/><G118/><T3/><D3/><U34/><E34/><V49/><F103/><W45/><G73/><T128/><D128/><U13/><E86/><RYUUKYOKU ba="1,1" sc="76,15,389,15,214,-15,311,-15" hai0="1,6,8,11,15,23,24,28,39,41,44,64,65" hai1="13,14,22,25,30,57,60" /><INIT seed="5,2,1,3,3,17" ten="91,404,199,296" oya="1" hai0="73,130,56,13,82,72,120,3,111,40,91,31,105" hai1="26,135,2,52,131,35,80,77,133,4,9,6,46" hai2="62,53,81,75,97,33,48,51,12,64,38,19,103" hai3="71,115,68,114,20,113,122,59,96,99,30,107,90"/><U34/><E131/><V60/><F38/><W49/><G122/><T84/><D3/><U123/><E123/><V18/><F33/><W129/><G129/><T14/><D120/><U11/><E46/><V1/><F1/><W54/><G90/><T7/><D130/><U101/><E101/><V74/><F81/><W45/><G59/><T24/><D111/><U93/><E93/><V37/><F37/><W28/><G28/><T61/><D105/><U89/><E89/><V132/><F132/><N who="1" m="50761" /><E52/><V22/><F62/><W32/><G32/><N who="1" m="12330" /><E26/><V76/><F76/><W109/><G109/><T66/><D40/><U47/><E47/><V50/><F53/><W95/><G95/><T43/><D43/><U41/><E41/><V85/><F64/><W27/><G99/><T16/><D7/><N who="1" m="2603" /><E2/><V65/><F65/><W55/><G55/><T21/><REACH who="0" step="1"/><D14/><REACH who="0" ten="81,404,199,296" step="2"/><U121/><E121/><V94/><F12/><W100/><AGARI ba="2,2" hai="20,27,30,45,49,54,68,71,96,100,107,113,114,115" machi="100" ten="40,5200,0" yaku="0,1,15,1,52,1" doraHai="17" who="3" fromWho="3" sc="81,-15,404,-28,199,-15,296,78" /><INIT seed="6,0,0,2,5,65" ten="66,376,184,374" oya="2" hai0="88,54,105,131,87,126,132,64,81,101,69,31,21" hai1="26,1,104,51,55,2,43,23,41,82,33,42,120" hai2="77,135,22,47,134,127,11,114,25,45,129,97,20" hai3="30,46,95,109,121,13,0,89,130,78,6,52,93"/><V94/><F114/><W124/><G0/><T84/><D131/><U5/><E104/><V92/><F129/><W16/><G109/><T115/><D115/><U27/><E120/><V74/><F127/><W123/><G130/><T110/><D110/><U53/><E33/><V56/><F11/><W68/><G68/><T37/><D37/><U111/><E111/><V122/><F122/><W91/><G78/><T62/><D126/><U9/><E2/><V50/><F56/><W79/><G79/><T107/><D132/><U72/><E72/><V10/><F10/><W128/><G128/><T96/><D54/><U80/><E55/><V49/><F77/><W14/><G30/><T28/><D107/><U76/><E76/><V48/><F74/><W35/><G35/><T99/><D99/><U36/><E36/><V106/><F106/><W70/><G70/><T119/><D119/><U116/><E116/><V7/><F7/><W133/><G133/><N who="2" m="50697" /><F92/><N who="3" m="35403" /><G124/><T19/><REACH who="0" step="1"/><D87/><REACH who="0" ten="56,376,184,374" step="2"/><U44/><REACH who="1" step="1"/><E27/><AGARI ba="0,1" hai="19,21,27,28,31,62,64,69,81,84,88,96,101,105" machi="27" ten="30,12000,2" yaku="1,1,2,1,7,1,52,1,54,1,53,1" doraHai="65" doraHaiUra="15" who="0" fromWho="1" sc="56,130,376,-120,184,0,374,0" /><INIT seed="7,0,0,3,2,12" ten="186,256,184,374" oya="3" hai0="129,51,35,111,131,22,115,28,107,42,10,18,88" hai1="126,124,134,118,66,121,36,48,53,14,47,99,49" hai2="110,16,26,70,67,60,127,33,24,123,91,3,94" hai3="59,71,106,34,85,130,38,120,68,25,109,87,72"/><W98/><G59/><T104/><D111/><U112/><E121/><V65/><F110/><W29/><G85/><T56/><D10/><U73/><E73/><V58/><F3/><W78/><G87/><T43/><D104/><U96/><E118/><V101/><F127/><N who="1" m="48681" /><E36/><V116/><F116/><W64/><G109/><T63/><D107/><U128/><E134/><V114/><F114/><W9/><G9/><T54/><D115/><U7/><E112/><V31/><F101/><W92/><G92/><T117/><D117/><U4/><E128/><N who="0" m="49225" /><D35/><U80/><E80/><V1/><F1/><W102/><G25/><N who="0" m="14551" /><D28/><U135/><E135/><V0/><F0/><W6/><G64/><N who="0" m="39015" /><D88/><U23/><E66/><V77/><F77/><W50/><G72/><T125/><D125/><U44/><E23/><V119/><F119/><W41/><G38/><T97/><D97/><N who="1" m="37451" /><E14/><V45/><F123/><W93/><G50/><N who="1" m="19562" /><E53/><V61/><F45/><AGARI ba="0,0" hai="42,43,45,51,54" m="39015,14551,49225" machi="45" ten="30,2000,0" yaku="19,1,52,1" doraHai="12" who="0" fromWho="2" sc="186,20,256,0,184,-20,374,0" /><AGARI ba="0,0" hai="4,7,44,45,47" m="19562,37451,48681" machi="45" ten="30,3900,0" yaku="28,2,18,1" doraHai="12" who="1" fromWho="2" sc="206,0,256,39,164,-39,374,0" owari="206,-19.0,295,10.0,125,-37.0,374,46.0" /></mjloggm>