<mjloggm ver="2.3"><GO type="169" lobby="0"/><UN n0="%6A%64%75%68%67%72%79%32" n1="%E5%B0%B1%E6%B4%BB%E7%94%9F%40%E5%B7%9D%E6%9D%91%E8%BB%8D%E5%9B%A3" n2="%EF%BD%9E%E5%8E%9F%E6%9D%91%E5%92%8C%EF%BD%9E" n3="%6E%6F%70%70%6F%73%61%6E" dan="16,17,16,16" rate="2102.61,2212.38,2105.21,2076.86" sx="M,M,F,M"/><TAIKYOKU oya="0"/><INIT seed="0,0,0,4,1,49" ten="250,250,250,250" oya="0" hai0="38,85,119,110,68,24,118,116,135,78,27,43,34" hai1="125,29,80,15,6,106,3,41,31,98,133,129,22" hai2="19,115,86,66,50,32,111,72,20,128,100,63,36" hai3="107,82,104,114,59,35,8,0,109,11,58,92,30"/><T131/><D68/><U65/><E41/><V89/><F72/><W97/><G35/><T18/><D135/><U53/><E65/><V17/><F111/><W39/><G39/><T46/><D110/><U55/><E3/><V13/><F36/><W127/><G30/><N who="1" m="11274" /><E106/><V84/><F128/><W16/><G109/><T52/><D131/><U75/><E75/><V74/><F74/><W113/><G82/><T40/><D40/><U126/><E129/><V99/><F32/><W5/><G127/><N who="1" m="48650" /><E133/><V23/><F50/><W83/><G83/><T56/><D34/><U77/><E98/><V88/><F86/><W1/><G97/><T70/><D70/><U69/><E69/><V132/><F84/><W14/><G92/><T91/><D78/><U61/><E61/><V7/><F7/><W47/><G47/><T25/><D18/><N who="1" m="10591" /><E6/><V134/><F134/><W54/><G5/><T124/><D124/><U94/><E94/><V117/><F132/><W73/><G73/><T81/><REACH who="0" step="1"/><D118/><REACH who="0" ten="240,250,250,250" step="2"/><U12/><E77/><V87/><F117/><W42/><G42/><T28/><D28/><U123/><E123/><V120/><F120/><W121/><G121/><T103/><D103/><U67/><E67/><V95/><F66/><W122/><G122/><T130/><D130/><U60/><E80/><V71/><F71/><W79/><G79/><T96/><D96/><U90/><E90/><V48/><F99/><W9/><G0/><T45/><D45/><U93/><E93/><V21/><F95/><W76/><G76/><T26/><N who="0" m="6656" /><DORA hai="64" /><T2/><D2/><U51/><E12/><RYUUKYOKU ba="0,1" sc="240,30,250,-10,250,-10,250,-10" hai0="38,43,46,52,56,81,85,91,116,119" /><INIT seed="0,1,1,5,4,118" ten="270,240,240,240" oya="0" hai0="5,20,67,98,69,17,105,81,73,97,95,63,124" hai1="22,39,129,121,91,28,42,7,27,107,106,3,40" hai2="41,113,56,131,72,77,25,128,110,31,45,29,49" hai3="71,70,12,46,126,24,53,58,84,30,120,112,132"/><T18/><D124/><U76/><E129/><N who="2" m="49739" /><F113/><W119/><G112/><T13/><D5/><U50/><E39/><V15/><F110/><W62/><G119/><T6/><D6/><U57/><E76/><V2/><F2/><W103/><G126/><T65/><D65/><U87/><E121/><V123/><F123/><W86/><G120/><T44/><D44/><U79/><E79/><V78/><F72/><W93/><G12/><T111/><D111/><U35/><E35/><N who="2" m="20911" /><F31/><W88/><G103/><T1/><D1/><U114/><E114/><V101/><F101/><W47/><G132/><T48/><D48/><U66/><E7/><V43/><F43/><W21/><REACH who="3" step="1"/><G84/><REACH who="3" ten="270,240,240,230" step="2"/><T36/><D13/><U82/><E3/><V100/><F100/><W61/><G61/><T16/><D63/><U115/><E115/><V10/><F56/><W34/><G34/><T80/><D73/><U19/><E57/><V94/><F15/><W130/><G130/><T51/><D105/><U54/><E106/><V37/><F10/><W33/><G33/><T85/><D85/><U102/><E107/><V52/><F77/><W89/><G89/><T64/><D98/><U83/><E102/><V11/><F78/><W90/><G90/><T74/><D97/><U133/><E133/><V59/><F11/><W55/><G55/><T99/><D99/><U14/><E66/><V75/><F75/><W38/><G38/><T23/><D36/><U127/><E127/><V108/><F108/><W134/><G134/><T0/><D67/><U109/><E109/><V117/><F117/><W32/><G32/><RYUUKYOKU ba="1,2" sc="270,-15,240,-15,240,15,230,15" hai2="37,41,45,49,52,59,94" hai3="21,24,30,46,47,53,58,62,70,71,86,88,93" /><INIT seed="1,2,2,2,4,47" ten="255,225,255,245" oya="1" hai0="55,23,121,119,21,4,91,15,89,99,129,25,41" hai1="43,0,53,124,101,67,59,113,22,125,46,63,50" hai2="82,33,69,126,96,72,83,10,13,48,65,7,28" hai3="100,29,94,135,24,130,75,98,39,64,12,120,97"/><U95/><E0/><V107/><F126/><N who="1" m="48745" /><E22/><V78/><F83/><W109/><G39/><T37/><D119/><U40/><E113/><V85/><F72/><W9/><G120/><T116/><D116/><U11/><E11/><V106/><F96/><AGARI ba="2,2" hai="40,43,46,50,53,59,63,67,95,96,101" m="48745" machi="96" ten="30,2900,0" yaku="18,1,52,1" doraHai="47" who="1" fromWho="2" sc="255,0,225,55,255,-35,245,0" /><INIT seed="1,3,0,4,1,97" ten="255,280,220,245" oya="1" hai0="67,63,89,72,112,116,126,12,78,13,45,8,35" hai1="77,128,110,95,44,125,84,53,1,109,52,2,0" hai2="81,129,64,37,21,5,98,7,101,51,115,61,100" hai3="34,48,50,65,24,33,91,6,10,31,90,131,92"/><U79/><E128/><V111/><F37/><W134/><G134/><T58/><D112/><U26/><E125/><V76/><F129/><W94/><G131/><T41/><D116/><U47/><E26/><V46/><F111/><N who="1" m="42505" /><E95/><V22/><F115/><W130/><G130/><T54/><D126/><U59/><E84/><N who="2" m="48167" /><F98/><W9/><G65/><T71/><D35/><U38/><E38/><V121/><F121/><W108/><G108/><T4/><D89/><U74/><E74/><V83/><F83/><W28/><G6/><N who="2" m="2057" /><F64/><W127/><G127/><T17/><D72/><U11/><E11/><V36/><F61/><W120/><REACH who="3" step="1"/><G24/><REACH who="3" ten="255,280,220,235" step="2"/><T42/><D71/><U66/><E66/><V16/><F36/><W122/><AGARI ba="3,1" hai="9,10,28,31,33,34,48,50,90,91,92,94,120,122" machi="122" ten="25,8000,1" yaku="1,1,2,1,0,1,22,2,53,0" doraHai="97" doraHaiUra="107" who="3" fromWho="3" sc="255,-23,280,-43,220,-23,235,99" /><INIT seed="2,0,0,2,5,57" ten="232,237,197,334" oya="2" hai0="125,51,69,95,135,111,127,73,74,133,20,80,131" hai1="64,0,92,107,33,101,62,65,99,35,25,119,109" hai2="87,94,48,105,29,54,67,63,8,115,124,2,42" hai3="36,43,10,130,7,53,128,59,61,37,47,30,22"/><V45/><F105/><W91/><G36/><T82/><D69/><N who="1" m="42135" /><E119/><V68/><F124/><N who="0" m="47690" /><D51/><U134/><E0/><V6/><F115/><W34/><G34/><T4/><D4/><U88/><E65/><V110/><F110/><W60/><G91/><T38/><D38/><U21/><E21/><V11/><F11/><W1/><G30/><T28/><D111/><U106/><E106/><V129/><F129/><N who="3" m="49771" /><G22/><T120/><D131/><U75/><E75/><N who="0" m="28681" /><D120/><U93/><E109/><V41/><REACH who="2" step="1"/><F29/><REACH who="2" ten="232,237,187,334" step="2"/><W15/><G1/><T24/><D135/><U84/><E134/><V70/><F70/><W78/><G78/><T90/><D133/><U23/><E35/><V49/><F49/><AGARI ba="0,1" hai="7,10,15,37,43,47,49,53,59,60,61" m="49771" machi="49" ten="30,3900,0" yaku="19,1,52,2" doraHai="57" who="3" fromWho="2" sc="232,0,237,0,187,-39,334,49" /><INIT seed="3,0,0,1,2,31" ten="232,237,148,383" oya="3" hai0="30,73,11,72,24,13,100,39,87,34,61,120,83" hai1="46,81,90,64,115,27,55,125,129,67,59,132,109" hai2="127,25,32,48,110,71,84,133,50,82,116,126,93" hai3="53,41,58,36,130,19,3,62,29,123,7,119,79"/><W8/><G119/><T131/><D120/><U4/><E115/><V108/><F71/><W15/><G130/><T85/><D131/><U22/><E129/><V98/><F116/><W10/><G79/><T54/><D39/><U33/><E33/><V99/><F133/><W77/><G77/><T117/><D117/><U45/><E109/><N who="2" m="42091" /><F25/><W113/><G113/><T28/><D100/><U75/><E4/><V57/><F32/><W40/><G123/><T95/><D30/><N who="1" m="17783" /><E75/><V66/><F66/><N who="1" m="25129" /><E132/><V16/><F16/><W65/><G36/><T9/><D95/><U60/><E125/><N who="2" m="47627" /><F57/><W101/><G29/><T68/><D87/><AGARI ba="0,0" hai="45,46,55,59,60,81,87,90" m="25129,17783" machi="87" ten="30,1000,0" yaku="8,1" doraHai="31" who="1" fromWho="0" sc="232,-10,237,10,148,0,383,0" /><INIT seed="4,0,0,2,0,131" ten="222,247,148,383" oya="0" hai0="112,77,26,80,15,29,44,27,19,123,102,116,7" hai1="59,135,25,118,2,79,21,60,98,83,81,93,71" hai2="32,122,67,35,48,9,75,134,18,41,22,64,104" hai3="72,127,4,87,119,33,50,106,66,126,24,88,13"/><T47/><D116/><U82/><E118/><V37/><F37/><W133/><G106/><T10/><D123/><U56/><E2/><V6/><F104/><W12/><G133/><T45/><D112/><U55/><E135/><V36/><F36/><W89/><G72/><T28/><D102/><U70/><E59/><V100/><F100/><W120/><G120/><T114/><D114/><U105/><E105/><V51/><F75/><W76/><G66/><T40/><D40/><U85/><E70/><V73/><F73/><W110/><G110/><T1/><D27/><U92/><E71/><V91/><F91/><W109/><G50/><T63/><D63/><U78/><E78/><V58/><F58/><W0/><G109/><T61/><D61/><U125/><E125/><V108/><F22/><W23/><G33/><T68/><D68/><U54/><E54/><V11/><F18/><W39/><G39/><T99/><D99/><U96/><E98/><V3/><F6/><W97/><G76/><T17/><D26/><U95/><REACH who="1" step="1"/><E96/><REACH who="1" ten="222,237,148,383" step="2"/><V111/><F3/><W132/><G132/><T86/><REACH who="0" step="1"/><D19/><AGARI ba="0,1" hai="19,21,25,55,56,60,79,81,82,83,85,92,93,95" machi="19" ten="40,5200,0" yaku="1,1,2,1,8,1,53,0" doraHai="131" doraHaiUra="34" who="1" fromWho="0" sc="222,-52,237,62,148,0,383,0" /><INIT seed="5,0,0,5,2,132" ten="170,299,148,383" oya="1" hai0="54,28,77,49,124,47,51,114,130,4,55,66,42" hai1="96,84,83,116,41,26,33,135,69,95,131,17,0" hai2="105,32,7,21,3,25,115,92,5,129,74,34,58" hai3="59,72,68,128,93,46,88,107,20,19,10,119,110"/><U40/><E0/><V90/><F105/><W14/><G68/><T108/><D114/><U35/><E116/><V63/><F74/><W39/><G110/><T37/><D4/><U123/><E69/><V30/><F129/><W56/><G72/><T2/><D2/><U1/><E123/><V64/><F115/><W87/><G128/><T73/><D108/><U18/><E1/><V82/><F82/><W134/><G134/><T98/><D130/><U99/><E135/><V109/><F109/><W67/><G107/><T78/><D28/><U100/><E131/><V57/><F5/><W11/><G67/><T75/><D66/><U102/><E26/><V133/><F133/><W62/><G62/><T76/><D75/><U22/><E22/><V15/><F3/><W16/><G119/><T91/><D73/><U81/><E95/><V113/><F113/><W125/><G10/><T27/><D27/><U24/><E24/><V29/><F58/><W118/><G118/><T45/><D124/><U50/><E50/><V126/><F126/><W43/><G125/><T8/><D8/><U97/><E97/><V53/><F30/><W112/><G112/><T85/><D98/><U36/><E84/><N who="2" m="52295" /><F64/><W106/><G106/><T94/><D37/><AGARI ba="0,0" hai="17,18,33,35,36,37,40,41,81,83,96,99,100,102" machi="37" ten="25,2400,0" yaku="22,2" doraHai="132" who="1" fromWho="0" sc="170,-24,299,24,148,0,383,0" /><INIT seed="5,1,0,1,3,27" ten="146,323,148,383" oya="1" hai0="87,42,43,45,22,53,76,51,61,72,134,92,0" hai1="9,123,24,4,33,55,5,37,100,130,13,57,68" hai2="38,59,56,108,11,88,29,3,47,133,104,95,85" hai3="128,94,18,101,119,129,15,69,127,96,84,107,111"/><U31/><E68/><V78/><F108/><W77/><G111/><T25/><D134/><U19/><E130/><N who="3" m="50282" /><G69/><T21/><D0/><U74/><E123/><V34/><F104/><W118/><G127/><T6/><D6/><U105/><E74/><V70/><F70/><W115/><G115/><T125/><D125/><U112/><E37/><V26/><F133/><W40/><G40/><T80/><D22/><U20/><E112/><V93/><F78/><W49/><G49/><T97/><D72/><U110/><E110/><V14/><F3/><W1/><G1/><T132/><D61/><U89/><E89/><V114/><F114/><W124/><G124/><T32/><D32/><U82/><E82/><V86/><F38/><W46/><G46/><T99/><D132/><U113/><E113/><V23/><F47/><W102/><G102/><T83/><D83/><U135/><E135/><V67/><F67/><W44/><G44/><T116/><D116/><U106/><E100/><V62/><F62/><W90/><G77/><T39/><D39/><U12/><REACH who="1" step="1"/><E4/><REACH who="1" ten="146,313,148,383" step="2"/><V2/><F88/><W91/><G90/><N who="0" m="55447" /><D99/><U10/><E10/><AGARI ba="1,1" hai="10,15,18,84,91,94,96,101,107,118,119" m="50282" machi="10" ten="30,1000,0" yaku="19,1" doraHai="27" who="3" fromWho="1" sc="146,0,313,-13,148,0,383,23" /><INIT seed="6,0,0,1,5,28" ten="146,300,148,406" oya="2" hai0="8,42,73,20,56,93,60,41,52,63,97,2,107" hai1="5,33,54,35,6,101,68,82,59,67,43,124,123" hai2="11,4,29,75,132,24,62,111,34,37,38,10,7" hai3="25,122,47,44,128,103,87,89,61,14,113,100,70"/><V134/><F75/><W50/><G122/><T96/><D73/><U1/><E123/><V18/><F62/><W78/><G78/><T112/><D112/><U120/><E120/><V46/><F46/><W45/><G128/><T32/><D32/><U85/><E124/><V99/><F99/><W39/><G39/><T91/><D63/><U80/><E43/><V115/><F115/><W65/><G25/><T110/><D110/><U0/><E101/><V98/><F98/><W13/><G50/><T108/><D108/><U84/><E59/><V114/><F114/><W77/><G77/><T74/><D74/><U17/><E17/><V31/><F111/><W72/><G72/><T104/><D20/><U15/><E15/><V53/><F53/><W40/><G40/><T127/><D127/><U106/><E106/><V86/><F86/><W30/><G30/><T95/><D107/><U66/><REACH who="1" step="1"/><E54/><REACH who="1" ten="146,290,148,406" step="2"/><V3/><F18/><W48/><G103/><T131/><D104/><U26/><E26/><N who="2" m="18807" /><F38/><W129/><G100/><T51/><D131/><U55/><E55/><V12/><F37/><W117/><G129/><T23/><D60/><U21/><E21/><AGARI ba="0,1" hai="3,4,7,10,11,12,21,24,29,132,134" m="18807" machi="21" ten="30,5800,0" yaku="34,2,52,1" doraHai="28" who="2" fromWho="1" sc="146,0,290,-58,148,68,406,0" /><INIT seed="6,1,0,2,3,84" ten="146,232,216,406" oya="2" hai0="91,89,19,90,106,98,114,44,14,96,118,3,81" hai1="42,117,71,28,109,93,133,102,75,115,54,73,31" hai2="37,15,32,80,18,111,88,65,129,50,26,83,6" hai3="12,59,70,9,72,7,30,27,46,17,21,61,40"/><V34/><F37/><W63/><G72/><T4/><D114/><U38/><E71/><V5/><F34/><W134/><G134/><T123/><D123/><U105/><E105/><V11/><F65/><W62/><G70/><T66/><D118/><U79/><E73/><V2/><F6/><W122/><G122/><T119/><D119/><U74/><E74/><V104/><F104/><W60/><G60/><T121/><D121/><U128/><E42/><V33/><F33/><W69/><G69/><T110/><D110/><U58/><E38/><V48/><F129/><W103/><G103/><T39/><D66/><U8/><E79/><V57/><F83/><W52/><G17/><T67/><D67/><U29/><E75/><V130/><F57/><W120/><G120/><T131/><D131/><U95/><E109/><V132/><F132/><W82/><G82/><T51/><D39/><AGARI ba="1,0" hai="7,9,12,21,27,30,39,40,46,52,59,61,62,63" machi="39" ten="30,2000,0" yaku="7,1,54,1" doraHai="84" who="3" fromWho="0" sc="146,-23,232,0,216,0,406,23" /><INIT seed="7,0,0,1,4,88" ten="123,232,216,429" oya="3" hai0="32,73,134,81,99,71,135,124,34,20,83,30,66" hai1="93,86,15,76,16,14,37,112,29,39,79,40,108" hai2="125,38,70,68,22,90,24,104,26,43,82,33,123" hai3="132,121,61,97,6,74,44,106,10,103,57,118,49"/><W102/><G132/><T80/><D124/><U130/><E108/><V100/><F125/><W64/><G74/><T119/><D119/><U105/><E105/><V95/><F33/><W36/><G36/><T2/><D73/><U1/><E1/><V35/><F35/><W131/><G131/><T45/><D2/><U84/><E29/><V60/><F24/><W5/><G102/><T23/><D34/><U126/><E112/><V78/><F60/><W13/><G121/><T58/><D71/><U113/><E40/><V47/><F100/><W96/><G96/><T89/><D32/><U107/><E107/><V111/><F104/><W31/><G31/><T56/><D45/><U3/><E3/><V52/><F52/><W53/><G118/><T12/><D30/><U129/><E113/><V42/><F42/><W77/><G77/><T4/><D135/><U91/><E126/><V117/><F111/><W75/><G75/><T55/><D134/><U109/><E109/><V120/><F117/><W128/><G128/><N who="1" m="49258" /><E15/><V63/><F63/><W69/><G69/><T87/><D99/><U62/><E62/><V133/><F133/><W114/><G61/><T11/><D66/><U54/><E54/><V27/><F123/><W85/><G64/><T122/><D122/><U18/><E18/><N who="2" m="12631" /><F120/><W67/><G67/><T115/><D115/><U41/><E41/><V0/><F0/><W9/><G53/><T46/><D46/><U19/><E19/><V98/><F27/><W65/><G114/><T21/><D55/><U25/><E25/><V17/><F17/><W116/><G65/><RYUUKYOKU ba="0,0" sc="123,15,232,-15,216,15,429,-15" hai0="4,11,12,20,21,23,56,58,80,81,83,87,89" hai2="38,43,47,68,70,78,82,90,95,98" owari="138,-36.0,217,-18.0,231,3.0,414,51.0" /></mjloggm>