<mjloggm ver="2.3"><GO type="169" lobby="0"/><UN n0="%64%33%76%64%72" n1="%E5%B0%B1%E6%B4%BB%E7%94%9F%40%E5%B7%9D%E6%9D%91%E8%BB%8D%E5%9B%A3" n2="%E3%81%AE%E3%81%B3%E3%81%97%E3%82%8D%E2%99%82" n3="%41%79%6F%75%46" dan="16,16,16,17" rate="2128.54,2093.59,2087.47,2100.41" sx="M,M,M,M"/><TAIKYOKU oya="0"/><INIT seed="0,0,0,4,2,56" ten="250,250,250,250" oya="0" hai0="127,63,38,85,107,98,86,33,78,25,123,133,70" hai1="83,19,22,113,91,128,68,71,106,69,114,37,121" hai2="32,96,126,102,10,73,9,115,87,12,80,67,16" hai3="26,15,84,118,89,120,5,132,50,55,3,131,60"/><T75/><D86/><N who="1" m="50655" /><E37/><V110/><F110/><W40/><G118/><T74/><D85/><U39/><E39/><V134/><F126/><W4/><G3/><T0/><D127/><U64/><E106/><V29/><F134/><W125/><G125/><T135/><D38/><U48/><E48/><V93/><F115/><N who="1" m="44041" /><E121/><V119/><F73/><N who="0" m="27658" /><D78/><U81/><E81/><V47/><F119/><W54/><G132/><N who="0" m="50763" /><D0/><U52/><E128/><V51/><F67/><W61/><G131/><T21/><D123/><U77/><E77/><V88/><F32/><W124/><G124/><T58/><D33/><U101/><E101/><V44/><F29/><W108/><G108/><T14/><D70/><U24/><E52/><N who="3" m="20010" /><G26/><T72/><D14/><U103/><E103/><V92/><F51/><W66/><G66/><AGARI ba="0,0" hai="19,22,24,64,66,68,69,71" m="44041,50655" machi="66" ten="40,1300,0" yaku="11,1" doraHai="56" who="1" fromWho="3" sc="250,0,250,13,250,0,250,-13" /><INIT seed="1,0,0,2,2,41" ten="250,263,250,237" oya="1" hai0="11,12,3,40,63,25,104,107,86,33,10,110,80" hai1="46,17,134,38,19,27,62,21,117,71,100,34,109" hai2="82,2,32,128,45,61,116,55,124,35,22,133,28" hai3="131,13,77,98,121,126,53,123,54,50,31,90,15"/><U83/><E117/><V112/><F133/><W18/><G77/><T96/><D3/><U113/><E113/><V115/><F116/><W127/><G31/><T24/><D110/><U108/><E34/><V26/><F2/><W93/><G131/><T102/><D107/><U52/><E134/><V20/><F128/><W47/><G54/><T84/><D11/><U135/><E135/><V59/><F124/><W57/><G57/><T91/><D33/><U0/><E0/><V103/><F35/><W16/><G15/><T76/><D63/><U106/><E83/><V14/><F103/><W64/><G64/><T75/><D40/><U130/><E130/><V125/><F125/><N who="3" m="47627" /><G18/><T49/><D49/><U30/><E71/><V120/><F120/><W73/><G73/><T132/><D132/><U94/><E106/><V68/><F68/><W72/><G72/><T79/><D79/><U9/><E38/><V67/><F82/><W42/><G42/><T118/><D118/><U29/><E29/><V74/><F74/><W111/><G111/><N who="1" m="42570" /><E9/><AGARI ba="0,0" hai="9,13,16,47,50,53,90,93,98,121,123" m="47627" machi="9" ten="30,3900,0" yaku="18,1,52,1,54,1" doraHai="41" who="3" fromWho="1" sc="250,0,263,-39,250,0,237,39" /><INIT seed="2,0,0,3,1,45" ten="250,224,250,276" oya="2" hai0="106,84,127,23,102,24,50,15,65,14,21,114,35" hai1="37,22,9,19,20,3,96,83,43,36,133,81,63" hai2="66,31,5,12,11,29,123,73,132,33,128,99,62" hai3="92,88,105,28,86,80,72,91,64,25,107,78,129"/><V109/><F132/><W69/><G129/><T54/><D114/><U89/><E133/><V108/><F128/><W1/><G1/><T101/><D35/><U131/><E131/><V130/><F130/><W34/><G64/><T119/><D119/><U135/><E135/><V56/><F123/><W98/><REACH who="3" step="1"/><G69/><REACH who="3" ten="250,224,250,266" step="2"/><T75/><D65/><U52/><E3/><V82/><F33/><W125/><G125/><T77/><D127/><U71/><E71/><V95/><F109/><W111/><G111/><T32/><D32/><U115/><E115/><V94/><F108/><W113/><G113/><T0/><D0/><U121/><E121/><V70/><F70/><W17/><G17/><T51/><D106/><U26/><E19/><V100/><REACH who="2" step="1"/><F95/><AGARI ba="0,1" hai="25,28,34,72,78,80,86,88,91,92,95,98,105,107" machi="95" ten="30,8000,1" yaku="1,1,7,1,54,1,53,2" doraHai="45" doraHaiUra="85" who="3" fromWho="2" sc="250,0,224,0,250,-80,266,90" /><INIT seed="3,0,0,3,4,68" ten="250,224,170,356" oya="3" hai0="62,121,105,66,24,108,72,11,25,37,38,8,54" hai1="97,58,88,107,89,67,0,133,31,48,80,83,96" hai2="35,95,19,44,49,114,75,34,73,6,50,84,18" hai3="57,132,9,36,46,15,90,123,63,127,10,45,101"/><W98/><G123/><T92/><D105/><U129/><E0/><V82/><F95/><W120/><G120/><T4/><D121/><U117/><E117/><V22/><F6/><W135/><G90/><N who="1" m="34922" /><E107/><V47/><F22/><W2/><G2/><T14/><D72/><U51/><E31/><V134/><F84/><W20/><G20/><T93/><D54/><U113/><E113/><V29/><F29/><W125/><G98/><N who="1" m="37994" /><E133/><N who="3" m="51274" /><G101/><T17/><D108/><U100/><E100/><V3/><F134/><W12/><G57/><T110/><D110/><U69/><E69/><V55/><F3/><W64/><G63/><T71/><D93/><U23/><E23/><V21/><F21/><W77/><G64/><T1/><REACH who="0" step="1"/><D92/><REACH who="0" ten="240,224,170,356" step="2"/><U43/><E129/><V112/><REACH who="2" step="1"/><F55/><REACH who="2" ten="240,224,160,356" step="2"/><W115/><G115/><T103/><D103/><U124/><E124/><V32/><F32/><W94/><G94/><T33/><D33/><U26/><E67/><V102/><F102/><W99/><G99/><T59/><D59/><U118/><E58/><V61/><F61/><W122/><G127/><T119/><D119/><U111/><E118/><V106/><F106/><W56/><G125/><T40/><D40/><U30/><E43/><V7/><F7/><W27/><G56/><T87/><D87/><U39/><E111/><V28/><F28/><W79/><G122/><T128/><D128/><U104/><E30/><V76/><F76/><W109/><G109/><T42/><D42/><U13/><E104/><V5/><F5/><W130/><G79/><T53/><D53/><U81/><E81/><AGARI ba="0,2" hai="18,19,34,35,44,47,49,50,73,75,81,82,112,114" machi="81" ten="25,3200,0" yaku="1,1,22,2,53,0" doraHai="68" doraHaiUra="131" who="2" fromWho="1" sc="240,0,224,-32,160,52,356,0" /><INIT seed="4,0,0,2,2,15" ten="240,192,212,356" oya="0" hai0="111,43,42,1,45,129,9,2,24,39,13,87,22" hai1="71,113,30,62,16,101,126,19,112,37,85,105,110" hai2="8,32,34,4,44,60,97,46,10,66,134,54,74" hai3="88,36,65,75,50,61,119,93,11,125,12,49,132"/><T40/><D129/><U133/><E37/><V70/><F134/><W104/><G104/><T7/><D111/><U73/><E73/><V76/><F10/><W26/><G36/><T80/><D2/><U20/><E133/><V103/><F76/><W127/><G75/><T95/><D95/><U78/><E110/><V53/><F74/><W5/><G119/><T102/><D102/><U118/><E118/><V68/><F68/><W82/><G82/><T122/><D1/><U117/><E117/><V67/><F67/><W116/><G116/><T91/><REACH who="0" step="1"/><D122/><REACH who="0" ten="230,192,212,356" step="2"/><U56/><E101/><V123/><F103/><W14/><G132/><T57/><D57/><U84/><E105/><V81/><F123/><W28/><G127/><T77/><D77/><U99/><E126/><V18/><F70/><W94/><G94/><T59/><D59/><U58/><E58/><V120/><F120/><W31/><G125/><T52/><D52/><N who="1" m="34055" /><E71/><V72/><F54/><W3/><G65/><T128/><D128/><U33/><E99/><V115/><F53/><W124/><G124/><T21/><D21/><U23/><E78/><V130/><F97/><W83/><G3/><T90/><D90/><U100/><E100/><V114/><F130/><W131/><G88/><T27/><D27/><N who="1" m="18655" /><E23/><V47/><F34/><W96/><G131/><T35/><D35/><U55/><E20/><V48/><F32/><W51/><G96/><T79/><D79/><U25/><E55/><V41/><F72/><W69/><G26/><T135/><D135/><U38/><E25/><V6/><F66/><W0/><G69/><RYUUKYOKU ba="0,1" sc="230,30,192,-10,212,-10,356,-10" hai0="7,9,13,22,24,39,40,42,43,45,80,87,91" /><INIT seed="4,1,1,0,4,62" ten="260,182,202,346" oya="0" hai0="110,103,124,8,78,27,123,44,18,20,67,95,37" hai1="77,54,49,24,59,129,43,111,69,81,47,65,0" hai2="3,13,87,14,29,51,30,80,34,42,132,131,109" hai3="5,115,112,60,7,74,70,2,35,125,4,94,58"/><T130/><D123/><U121/><E0/><V50/><F132/><W97/><G70/><T16/><D110/><U40/><E121/><V117/><F131/><W75/><G35/><T133/><D130/><U61/><E111/><V114/><F109/><W36/><G36/><T25/><D133/><U126/><E129/><V21/><F3/><W1/><G125/><T119/><D124/><U41/><E24/><V17/><F117/><W66/><G2/><T56/><D78/><U23/><E23/><V108/><F108/><W64/><G1/><T57/><D57/><U107/><E107/><V72/><F72/><W39/><G39/><T84/><D119/><U101/><E101/><V96/><F114/><N who="3" m="43563" /><G66/><T46/><D37/><N who="1" m="21903" /><E126/><V118/><F118/><W82/><G82/><T9/><D9/><U71/><E71/><V32/><F42/><N who="1" m="15881" /><E81/><V104/><F21/><W11/><G11/><T28/><D25/><U52/><E77/><V106/><F80/><W63/><G63/><N who="0" m="38375" /><D8/><U55/><AGARI ba="1,1" hai="49,52,54,55,59,61,65,69" m="15881,21903" machi="55" ten="30,16000,3" yaku="24,1,35,5,52,1,54,1" doraHai="62" who="1" fromWho="1" sc="260,-81,182,173,202,-41,346,-41" /><INIT seed="5,0,0,2,5,28" ten="179,355,161,305" oya="1" hai0="82,111,122,115,36,9,107,135,45,46,116,21,43" hai1="5,74,50,56,123,118,33,64,2,90,58,91,125" hai2="55,40,18,80,61,100,76,6,37,130,106,68,96" hai3="88,20,60,22,110,119,65,103,69,112,79,39,102"/><U63/><E74/><V132/><F132/><W66/><G110/><T62/><D107/><U120/><E118/><V12/><F130/><W83/><G39/><T0/><D111/><U49/><E125/><V54/><F6/><W121/><G121/><T98/><D116/><U131/><E131/><V124/><F124/><W16/><G119/><T114/><D135/><U3/><E5/><V26/><F26/><W97/><G22/><T48/><D98/><U117/><E117/><V25/><F25/><W109/><G109/><T89/><D21/><U78/><E78/><V128/><F128/><W77/><G112/><N who="0" m="43051" /><D89/><U129/><E129/><V1/><F1/><W86/><G66/><T31/><D82/><U105/><E105/><V27/><F27/><W7/><G7/><N who="0" m="1255" /><D31/><U75/><E75/><V92/><F106/><W14/><G103/><T11/><D11/><U30/><E30/><V59/><F68/><W38/><G38/><T104/><D104/><AGARI ba="0,0" hai="14,16,20,60,65,69,77,79,83,86,88,97,102,104" machi="104" ten="30,3900,0" yaku="7,1,54,2" doraHai="28" who="3" fromWho="0" sc="179,-39,355,0,161,0,305,39" /><INIT seed="6,0,0,5,0,91" ten="140,355,161,344" oya="2" hai0="7,94,100,32,60,81,5,116,13,27,133,84,56" hai1="130,47,122,26,131,79,87,9,123,21,69,65,48" hai2="77,98,114,118,110,104,31,108,126,2,93,64,95" hai3="53,120,96,113,18,85,54,117,6,17,57,78,42"/><V71/><F118/><W135/><G117/><T61/><D32/><U58/><E9/><V22/><F2/><W88/><G120/><N who="1" m="46122" /><E79/><V23/><F77/><W68/><G68/><T24/><D116/><U124/><E87/><V40/><F40/><W1/><G42/><T128/><D133/><U86/><E86/><V70/><F114/><W51/><G135/><T62/><D128/><N who="1" m="49195" /><E69/><N who="2" m="26123" /><F64/><W0/><G113/><T74/><D74/><U107/><E107/><V15/><F126/><W35/><G35/><T28/><D56/><U92/><E92/><N who="2" m="35403" /><F15/><W105/><G78/><N who="0" m="46135" /><D13/><U39/><E39/><V20/><F31/><W67/><G6/><N who="0" m="2059" /><D28/><N who="1" m="17487" /><E124/><V83/><F83/><W119/><G119/><T36/><D36/><U106/><E106/><V63/><F63/><N who="0" m="16130" /><T89/><DORA hai="43" /><D100/><U41/><E58/><V132/><F132/><W73/><G57/><T38/><D38/><U90/><E90/><V8/><F8/><W14/><G88/><T50/><D50/><U66/><AGARI ba="0,0" hai="41,47,48,65,66" m="17487,49195,46122" machi="66" ten="40,5200,0" yaku="13,1,19,1,52,1" doraHai="91,43" who="1" fromWho="1" sc="140,-13,355,52,161,-26,344,-13" /><INIT seed="7,0,0,1,2,26" ten="127,407,135,331" oya="3" hai0="77,110,116,87,135,79,34,131,109,32,106,62,102" hai1="12,132,92,33,9,75,97,115,54,50,23,105,4" hai2="86,69,37,63,52,39,18,36,59,67,58,24,47" hai3="123,125,113,5,114,13,31,51,76,89,64,111,83"/><W112/><G123/><T70/><D116/><U2/><E33/><V93/><F93/><W82/><G125/><T73/><D79/><U101/><E75/><V27/><F86/><N who="3" m="50399" /><G64/><N who="0" m="41239" /><D87/><U108/><E108/><N who="0" m="41577" /><D131/><U122/><E115/><V25/><F18/><W98/><G111/><T120/><D120/><U100/><E132/><V85/><F85/><N who="3" m="48327" /><G51/><T41/><D135/><U90/><E122/><V88/><F88/><W20/><G98/><N who="0" m="61783" /><D41/><U19/><E105/><V49/><AGARI ba="0,0" hai="24,25,27,36,37,39,47,49,52,58,59,63,67,69" machi="49" ten="40,2700,0" yaku="0,1,54,1" doraHai="26" who="2" fromWho="2" sc="127,-7,407,-7,135,27,331,-13" owari="120,-38.0,400,50.0,162,-24.0,318,12.0" /></mjloggm>