<mjloggm ver="2.3"><GO type="97" lobby="0"/><UN n0="%6D%75%6B%65%6D%69%6E%67" n1="%E5%B0%B1%E6%B4%BB%E7%94%9F%40%E5%B7%9D%E6%9D%91%E8%BB%8D%E5%9B%A3" n2="%EF%BC%88%EF%BC%BE%E2%88%80%EF%BC%BE%EF%BC%89" n3="%4C%4D%41%62%61%63%75%73" dan="14,17,14,14" rate="1973.99,2147.21,1962.85,1967.93" sx="M,M,M,M"/><TAIKYOKU oya="0"/><INIT seed="0,0,0,4,4,131" ten="250,250,250,250" oya="0" hai0="123,48,61,74,6,26,11,24,20,99,66,51,3" hai1="35,55,77,128,102,124,122,45,21,7,28,38,22" hai2="120,14,114,78,117,81,52,62,96,43,127,65,50" hai3="49,132,31,92,121,67,54,64,87,17,115,12,53"/><T100/><D74/><U42/><E128/><V110/><F120/><W71/><G132/><T46/><D123/><U72/><E122/><V94/><F114/><W118/><G115/><T41/><D51/><U8/><E102/><V13/><F117/><W116/><G71/><T9/><D26/><U68/><E68/><V133/><F43/><W23/><G31/><T79/><D79/><U101/><E101/><V19/><F133/><W134/><G134/><T129/><D129/><U34/><E55/><V39/><F39/><W111/><G54/><T0/><D0/><U104/><E104/><V125/><F14/><W40/><G111/><T135/><D135/><U88/><E88/><V107/><F107/><W98/><G40/><T83/><D83/><U75/><E75/><V25/><F25/><W108/><G108/><T10/><D3/><U1/><E124/><V2/><F2/><W103/><G121/><T76/><D76/><U130/><E130/><V56/><F110/><W18/><G18/><T91/><D6/><U4/><E4/><V30/><F30/><W60/><G87/><T82/><D91/><U85/><E85/><V47/><F19/><W105/><G105/><T44/><D82/><N who="1" m="45351" /><E28/><V36/><F13/><W73/><G73/><T33/><D33/><AGARI ba="0,0" hai="1,7,8,21,22,33,34,35,38,42,45" m="45351" machi="33" ten="30,1000,0" yaku="25,1" doraHai="131" who="1" fromWho="0" sc="250,-10,250,10,250,0,250,0" /><INIT seed="1,0,0,5,2,114" ten="240,260,250,250" oya="1" hai0="42,102,34,7,125,10,1,98,84,96,101,118,110" hai1="54,9,87,64,36,112,94,69,104,16,58,130,82" hai2="13,46,126,22,65,88,113,106,115,71,103,122,47" hai3="3,5,85,28,127,23,95,30,55,135,67,133,31"/><U43/><E104/><V62/><F122/><W40/><G67/><T83/><D110/><U92/><E112/><N who="2" m="43083" /><F126/><W38/><G127/><T100/><D125/><U80/><E130/><V78/><F78/><W68/><G68/><T91/><D34/><U15/><E69/><V49/><F49/><W21/><G38/><T79/><D42/><U25/><E64/><V90/><F103/><N who="0" m="39498" /><D10/><U128/><E128/><V41/><F106/><W108/><G55/><T6/><D1/><U111/><E111/><V93/><F41/><W89/><G40/><T132/><D7/><U129/><E80/><V70/><F70/><W66/><G66/><T52/><D6/><U73/><E73/><V61/><F61/><W39/><G39/><T29/><D29/><U105/><E105/><V12/><F90/><W81/><G81/><N who="0" m="49551" /><D52/><U119/><E43/><V75/><F75/><W109/><G109/><T60/><D60/><U117/><E36/><V57/><F71/><W45/><G108/><T72/><D132/><N who="3" m="50761" /><G45/><N who="2" m="16905" /><F22/><W18/><G23/><T97/><D118/><U76/><E129/><V44/><N who="2" m="16913" /><V20/><DORA hai="59" /><F20/><W86/><G21/><T26/><D26/><U131/><E131/><V124/><F124/><W51/><G3/><T99/><D99/><AGARI ba="0,0" hai="12,13,57,62,65,88,93,99" m="16913,43083" machi="99" ten="40,5200,0" yaku="11,1,52,1,54,1" doraHai="114,59" who="2" fromWho="0" sc="240,-52,260,0,250,52,250,0" /><INIT seed="2,0,0,1,4,87" ten="188,260,302,250" oya="2" hai0="11,69,84,47,39,102,74,92,113,117,90,4,5" hai1="8,15,41,75,81,42,121,91,134,98,133,128,66" hai2="23,57,70,30,101,126,45,65,17,35,115,119,123" hai3="71,31,64,16,32,127,14,78,96,29,88,38,135"/><V61/><F115/><W56/><G71/><T27/><D69/><U68/><E128/><V51/><F119/><W67/><G38/><T114/><D117/><U2/><E2/><V103/><F123/><W60/><G135/><N who="1" m="51722" /><E121/><V129/><F129/><W107/><G107/><T125/><D125/><U12/><E75/><V18/><F126/><W112/><G127/><T49/><D39/><U53/><E53/><V104/><F104/><W52/><G78/><T99/><D74/><U20/><E20/><V40/><F70/><W58/><G112/><T73/><D73/><U48/><E48/><V111/><F111/><W83/><G32/><T86/><D114/><U9/><E66/><N who="3" m="25130" /><G58/><T122/><D122/><U93/><E81/><V44/><F44/><W19/><G19/><T3/><D113/><U13/><E68/><V22/><F35/><W77/><G77/><T6/><D84/><U120/><E120/><V105/><F105/><W106/><G106/><T76/><D27/><U55/><E55/><V7/><F40/><AGARI ba="0,0" hai="8,9,12,13,15,40,41,42,91,93,98" m="51722" machi="40" ten="30,2000,0" yaku="20,1,52,1" doraHai="87" who="1" fromWho="2" sc="188,0,260,20,302,-20,250,0" /><INIT seed="3,0,0,2,5,108" ten="188,280,282,250" oya="3" hai0="45,72,13,59,24,119,126,10,120,29,77,87,61" hai1="71,127,94,58,52,56,113,129,123,102,55,38,66" hai2="115,88,112,21,133,79,17,28,92,1,107,96,12" hai3="3,111,80,121,30,73,41,37,49,48,131,39,83"/><W128/><G30/><T6/><D120/><U8/><E113/><V19/><F1/><W116/><G3/><T18/><D119/><U44/><E123/><V78/><F107/><W53/><G121/><T90/><D72/><U50/><E129/><N who="3" m="49738" /><G116/><T2/><D126/><U67/><E71/><V74/><F133/><W75/><G111/><T70/><D70/><U11/><E38/><N who="3" m="14346" /><G41/><T25/><D77/><U103/><E127/><V132/><F132/><W33/><G33/><T26/><D45/><U23/><E23/><V84/><F74/><N who="3" m="28171" /><G53/><T4/><D2/><U27/><E55/><V91/><F28/><W64/><G64/><T54/><REACH who="0" step="1"/><D29/><REACH who="0" ten="178,280,282,250" step="2"/><U7/><E44/><V76/><REACH who="2" step="1"/><F19/><REACH who="2" ten="178,280,272,250" step="2"/><W14/><G14/><T34/><D34/><U86/><E7/><V89/><F89/><W51/><AGARI ba="0,2" hai="48,49,51,80,83" m="28171,14346,49738" machi="51" ten="40,7800,0" yaku="28,2,19,1" doraHai="108" who="3" fromWho="3" sc="178,-26,280,-26,272,-26,250,98" owari="152,-35.0,254,5.0,246,-15.0,348,45.0" /></mjloggm>