<mjloggm ver="2.3"><GO type="169" lobby="0"/><UN n0="%E3%82%A6%E3%83%AB%E3%83%88%E3%83%A9%E7%AB%8B%E7%9B%B4" n1="%E3%81%9C%E3%82%8D%E3%82%81%E3%81%90" n2="%E3%81%86%E3%82%8B%E3%81%95%E3%81%84%E3%81%AF%E8%A4%92%E3%82%81%E8%A9%9E" n3="%E3%83%90%E3%83%90%E3%82%A2%E3%81%AE%E6%97%A5%E5%82%98" dan="18,16,16,17" rate="2212.63,2140.16,2112.88,2188.18" sx="M,F,M,F"/><TAIKYOKU oya="0"/><INIT seed="0,0,0,5,0,20" ten="250,250,250,250" oya="0" hai0="70,60,75,30,47,62,125,7,69,36,94,22,39" hai1="2,28,61,9,115,114,96,133,46,111,49,74,109" hai2="10,124,83,3,120,102,76,38,11,13,31,85,66" hai3="33,54,0,113,126,65,55,52,91,84,48,110,53"/><T130/><D75/><U107/><E74/><V50/><F38/><N who="0" m="14378" /><D94/><U41/><E133/><V16/><F120/><W37/><G113/><N who="1" m="43018" /><E61/><N who="0" m="23657" /><D22/><U4/><E28/><V24/><F66/><W43/><G0/><T119/><D7/><U77/><E77/><V105/><F102/><AGARI ba="0,0" hai="2,4,9,41,46,49,96,102,107,109,111" m="43018" machi="102" ten="30,1000,0" yaku="11,1" doraHai="20" who="1" fromWho="2" sc="250,0,250,10,250,-10,250,0" /><INIT seed="1,0,0,5,2,63" ten="250,260,240,250" oya="1" hai0="69,57,79,128,91,10,100,60,37,5,111,33,70" hai1="93,46,74,44,38,113,48,114,2,73,56,59,119" hai2="132,42,97,98,12,58,115,61,64,75,14,54,13" hai3="110,18,118,55,89,68,107,105,96,90,122,62,130"/><U88/><E119/><V22/><F115/><W8/><G110/><T104/><D37/><U109/><E109/><V20/><F75/><W78/><G122/><T106/><D33/><U126/><E126/><V24/><F132/><W102/><G107/><T26/><D79/><U94/><E2/><V4/><F4/><W123/><G123/><T32/><D128/><U117/><E117/><V11/><F11/><W72/><G72/><T35/><D91/><U23/><E23/><N who="2" m="8747" /><F42/><W92/><G78/><T116/><D116/><U95/><E95/><V36/><F36/><W99/><G89/><T50/><D50/><U19/><E38/><V16/><F54/><W124/><G124/><T127/><D127/><U9/><E9/><V85/><F85/><W30/><G30/><T29/><D35/><U65/><E19/><V27/><F24/><W112/><G130/><T131/><D131/><U21/><E21/><AGARI ba="0,0" hai="12,13,14,16,21,27,58,61,64,97,98" m="8747" machi="21" ten="30,3900,0" yaku="8,1,52,1,54,1" doraHai="63" who="2" fromWho="1" sc="250,0,260,-39,240,39,250,0" /><INIT seed="2,0,0,5,2,19" ten="250,221,279,250" oya="2" hai0="110,111,96,39,1,23,95,43,70,79,102,74,109" hai1="22,103,5,18,123,49,6,115,132,36,83,34,100" hai2="127,51,63,24,89,54,106,47,40,56,97,90,8" hai3="94,130,71,15,14,98,104,31,133,26,4,37,86"/><V50/><F127/><W0/><G104/><T87/><D70/><U99/><E36/><V41/><F8/><W114/><G71/><T121/><D1/><U65/><E34/><V135/><F135/><W32/><G37/><T10/><D10/><U9/><E115/><V11/><F11/><W45/><G0/><T25/><D121/><U105/><E132/><V68/><F68/><W12/><G133/><T29/><D74/><U53/><E123/><V108/><F108/><W113/><G86/><T91/><D79/><U42/><E42/><V28/><F97/><W134/><G134/><T76/><D76/><U2/><E6/><V17/><F17/><W73/><G73/><T80/><D43/><U52/><E103/><V27/><F27/><W118/><G130/><T85/><D85/><U30/><E30/><V116/><F106/><W67/><G67/><T125/><D39/><U122/><E122/><V64/><F116/><W77/><G77/><T129/><REACH who="0" step="1"/><D125/><REACH who="0" ten="240,221,279,250" step="2"/><U59/><E2/><V82/><F41/><W81/><G113/><T69/><D69/><U101/><E9/><V117/><F40/><W88/><G114/><T93/><D93/><U107/><E107/><V128/><F82/><W60/><G81/><T16/><D16/><U7/><E83/><V84/><F84/><W72/><G72/><T55/><D55/><U57/><E65/><V21/><F64/><W126/><G126/><T66/><D66/><U48/><E101/><V58/><F54/><W131/><G94/><T62/><D62/><U35/><E35/><V78/><F63/><W120/><G60/><RYUUKYOKU ba="0,1" sc="240,15,221,15,279,-15,250,-15" hai0="23,25,29,80,87,91,95,96,102,109,110,111,129" hai1="5,7,18,22,48,49,52,53,57,59,99,100,105" /><INIT seed="3,1,1,3,3,18" ten="255,236,264,235" oya="3" hai0="69,13,133,24,89,68,92,115,116,28,23,19,78" hai1="37,43,7,72,103,76,106,65,48,67,70,57,90" hai2="4,44,96,85,62,128,66,40,41,127,36,5,93" hai3="117,81,97,56,73,34,124,33,38,60,3,95,61"/><W31/><G3/><T109/><D116/><U53/><E7/><V111/><F111/><W63/><G38/><T119/><D119/><U17/><E76/><V86/><F127/><W110/><G117/><T64/><D109/><U39/><E72/><V83/><F128/><W11/><G110/><T108/><D108/><U74/><E74/><V25/><F41/><W55/><G124/><T135/><D78/><U50/><E90/><V8/><F25/><W15/><G73/><T20/><D115/><U98/><E17/><V47/><F47/><W132/><G81/><T26/><D13/><U16/><E70/><V59/><F5/><W77/><G77/><T35/><D35/><U122/><E122/><V32/><F32/><W80/><G80/><T100/><D100/><U29/><E29/><V131/><F83/><W6/><G132/><N who="0" m="50763" /><D64/><U102/><E102/><V104/><F104/><W134/><G134/><T42/><D42/><U113/><E113/><V112/><F112/><W123/><G123/><T52/><D52/><U105/><E67/><V30/><F131/><W130/><G130/><T9/><D9/><U71/><E65/><V91/><F30/><W10/><G11/><T99/><AGARI ba="1,1" hai="19,20,23,24,26,28,68,69,89,92,99" m="50763" machi="99" ten="30,4000,0" yaku="20,1,52,2" doraHai="18" who="0" fromWho="0" sc="255,53,236,-11,264,-11,235,-21" /><INIT seed="4,0,0,3,3,92" ten="308,225,253,214" oya="0" hai0="50,98,67,26,44,121,86,62,110,7,29,76,104" hai1="69,61,90,11,119,99,118,85,53,112,66,18,40" hai2="108,134,16,14,129,106,28,97,45,55,94,74,83" hai3="75,25,9,19,20,105,78,82,115,35,17,48,89"/><T54/><D121/><U4/><E112/><V126/><F108/><W58/><G35/><T21/><D7/><U95/><E40/><V32/><F106/><W60/><G115/><T103/><D110/><U70/><E70/><V132/><F28/><W15/><G105/><T10/><D10/><U41/><E41/><V23/><F32/><W73/><G48/><T51/><D51/><U120/><E120/><V56/><F45/><W46/><G46/><T88/><D76/><U81/><E18/><V80/><F126/><W38/><G38/><T100/><D100/><U64/><E53/><V96/><F129/><W36/><G36/><T33/><D21/><U109/><E66/><V71/><F71/><W8/><G89/><T13/><D13/><U24/><E24/><V102/><F96/><W63/><G63/><T87/><D88/><U124/><E124/><V135/><F74/><W12/><G73/><T1/><D1/><U6/><E6/><V77/><F77/><W68/><G68/><AGARI ba="0,0" hai="26,29,33,44,50,54,62,67,68,86,87,98,103,104" machi="68" ten="30,11600,0" yaku="7,1,25,2,52,1" doraHai="92" who="0" fromWho="3" sc="308,116,225,0,253,0,214,-116" /><INIT seed="4,1,0,1,5,122" ten="424,225,253,98" oya="0" hai0="126,41,84,127,119,46,105,98,29,34,83,103,68" hai1="90,16,87,72,133,42,64,55,117,7,0,129,85" hai2="20,1,54,32,76,88,23,93,132,2,26,96,95" hai3="5,8,22,75,134,125,48,74,19,121,56,116,15"/><T113/><D68/><U131/><E72/><V92/><F132/><W44/><G125/><T99/><D119/><U38/><E117/><V110/><F110/><W118/><G121/><T86/><D113/><U111/><E111/><V62/><F76/><W35/><G35/><T43/><D29/><U50/><E133/><V135/><F32/><W115/><G134/><T28/><D28/><U97/><E64/><V61/><F135/><W21/><G115/><T79/><D34/><U60/><E60/><N who="2" m="23147" /><F2/><W57/><G116/><T25/><D25/><U70/><E70/><V102/><F1/><W52/><G118/><T82/><D98/><U73/><E73/><V3/><F3/><W31/><G75/><T120/><D120/><U51/><E38/><V6/><F6/><W100/><G74/><T114/><D114/><U49/><E97/><N who="2" m="57479" /><F54/><W47/><G100/><T124/><REACH who="0" step="1"/><D46/><REACH who="0" ten="414,225,253,98" step="2"/><U45/><E45/><V65/><F26/><N who="3" m="16855" /><G44/><T130/><D130/><U104/><E131/><V11/><F96/><W107/><G107/><T27/><D27/><AGARI ba="1,1" hai="5,8,15,19,21,27,47,48,52,56,57" m="16855" machi="27" ten="30,2000,0" yaku="8,1,54,1" doraHai="122" who="3" fromWho="0" sc="414,-23,225,0,253,0,98,33" /><INIT seed="5,0,0,5,4,108" ten="391,225,253,131" oya="1" hai0="110,9,33,64,88,39,84,83,35,58,76,47,42" hai1="128,67,12,90,17,106,134,29,132,82,77,32,7" hai2="72,59,28,123,85,97,69,36,2,13,118,43,25" hai3="131,53,81,60,1,49,114,95,116,117,27,102,79"/><U40/><E128/><V48/><F72/><W20/><G1/><T11/><D110/><U5/><E106/><V37/><F69/><W101/><G60/><T92/><D11/><U54/><E67/><V4/><F2/><W21/><G131/><T30/><D30/><U91/><E40/><V73/><F73/><W57/><G20/><T63/><D9/><U100/><E100/><V8/><F118/><W125/><G125/><T68/><D68/><U45/><E5/><V133/><F133/><W16/><G114/><T115/><REACH who="0" step="1"/><D115/><REACH who="0" ten="381,225,253,131" step="2"/><U129/><E29/><V98/><F8/><W61/><G116/><T135/><D135/><U103/><E129/><V107/><F28/><W96/><G117/><T56/><D56/><U111/><E111/><V22/><F59/><W41/><G41/><T65/><D65/><U14/><E134/><V119/><F43/><W50/><REACH who="3" step="1"/><G102/><REACH who="3" ten="381,225,253,121" step="2"/><T75/><AGARI ba="0,2" hai="33,35,39,42,47,58,63,64,75,76,83,84,88,92" machi="75" ten="20,5200,0" yaku="1,1,0,1,7,1,54,1,53,0" doraHai="108" doraHaiUra="0" who="0" fromWho="0" sc="381,72,225,-26,253,-13,121,-13" /><INIT seed="6,0,0,3,3,11" ten="453,199,240,108" oya="2" hai0="98,99,75,19,124,111,127,0,54,86,84,6,77" hai1="76,39,42,18,26,38,72,92,132,123,8,106,40" hai2="20,63,30,116,5,122,78,10,17,53,44,83,81" hai3="45,100,59,71,22,131,117,31,27,113,23,46,48"/><V58/><F116/><W35/><G71/><T126/><D111/><U12/><E106/><V125/><F122/><W121/><G131/><T7/><D19/><U82/><E123/><V109/><F109/><W104/><G117/><T97/><D54/><U114/><E42/><V24/><F125/><W13/><G121/><T89/><D0/><U74/><E74/><V80/><F44/><W130/><G130/><T9/><D89/><U115/><E132/><V28/><REACH who="2" step="1"/><F78/><REACH who="2" ten="453,199,230,108" step="2"/><W50/><G113/><T16/><D77/><U118/><E118/><V85/><F85/><N who="0" m="32874" /><D75/><U67/><E115/><V112/><F112/><W110/><G110/><T4/><D99/><U69/><E114/><V107/><F107/><W79/><G79/><T52/><D98/><U32/><E72/><V101/><F101/><W91/><G100/><T62/><D97/><U25/><E76/><V49/><F49/><W134/><G104/><T133/><D127/><U90/><E39/><V37/><F37/><W73/><G73/><T87/><D87/><U66/><E38/><V47/><F47/><W1/><G134/><T21/><D133/><U96/><E96/><V65/><F65/><W57/><G91/><T120/><D120/><U15/><E90/><V43/><F43/><W128/><G128/><T64/><D64/><U94/><E67/><V135/><F135/><W36/><G36/><T68/><D126/><U33/><E66/><V93/><F93/><W60/><G46/><T119/><D124/><U95/><E40/><V103/><F103/><W55/><G50/><T3/><D119/><U88/><E88/><RYUUKYOKU ba="0,1" sc="453,-10,199,-10,230,30,108,-10" hai2="5,10,17,20,24,28,30,53,58,63,80,81,83" /><INIT seed="6,1,1,2,1,27" ten="443,189,260,98" oya="2" hai0="22,21,10,58,103,3,129,78,90,56,98,119,76" hai1="108,93,96,83,81,55,123,48,12,35,40,95,36" hai2="44,18,50,104,65,51,1,49,125,130,84,127,91" hai3="14,24,23,57,37,45,80,46,17,99,29,41,31"/><V79/><F104/><W135/><G135/><T54/><D90/><U110/><E123/><V97/><F1/><W111/><G111/><T53/><D10/><U73/><E35/><V126/><F65/><W2/><G2/><T0/><D98/><U9/><E40/><V120/><F120/><W132/><G132/><T69/><D103/><U118/><E36/><V112/><F112/><W115/><G115/><T109/><D69/><U105/><E118/><V34/><F34/><W28/><G46/><T107/><D107/><U61/><E105/><V71/><F71/><W25/><G99/><T16/><D16/><U102/><E61/><V11/><F79/><W87/><REACH who="3" step="1"/><G57/><REACH who="3" ten="443,189,260,88" step="2"/><T15/><D109/><U42/><E110/><V4/><F97/><W59/><G59/><T121/><D58/><U101/><E108/><V67/><F44/><W89/><AGARI ba="1,2" hai="14,17,23,24,25,28,29,31,37,41,45,80,87,89" machi="89" ten="30,8000,1" yaku="1,1,0,1,52,3,53,0" doraHai="27" doraHaiUra="117" who="3" fromWho="3" sc="443,-21,189,-21,260,-41,88,103" /><INIT seed="7,0,0,5,2,83" ten="422,168,219,191" oya="3" hai0="47,113,14,34,105,21,50,4,40,110,112,55,85" hai1="131,39,52,109,120,82,44,25,36,70,29,68,130" hai2="74,7,67,107,133,12,18,108,16,91,64,35,121" hai3="86,89,99,10,26,98,56,84,128,6,28,59,69"/><W58/><G128/><N who="1" m="49194" /><E109/><V76/><F107/><W124/><G124/><T43/><D34/><N who="1" m="20783" /><E120/><V5/><F35/><W41/><G69/><N who="1" m="26730" /><E82/><V42/><F67/><W31/><G41/><T102/><D85/><N who="3" m="32873" /><G26/><T49/><D49/><U71/><N who="1" m="26738" /><U96/><DORA hai="132" /><E96/><N who="3" m="36906" /><G89/><T23/><D43/><U17/><E17/><V60/><F64/><W3/><G3/><T87/><D87/><U72/><E72/><V27/><F74/><W61/><G61/><T123/><D113/><U111/><E111/><V48/><F60/><W80/><G80/><T24/><D112/><U114/><E114/><V11/><F91/><W81/><G81/><T75/><D110/><U93/><E93/><V0/><F121/><W106/><G106/><T119/><D105/><U117/><E117/><V62/><F62/><W95/><G95/><T2/><D119/><U126/><E126/><V66/><F108/><W129/><G129/><T54/><D2/><U118/><E118/><V15/><F0/><W32/><G32/><T1/><D1/><U53/><E36/><V78/><F42/><AGARI ba="0,0" hai="39,42,44,52,53" m="26738,20783,49194" machi="42" ten="50,3200,0" yaku="19,1,54,1" doraHai="83,132" who="1" fromWho="2" sc="422,0,168,32,219,-32,191,0" owari="422,52.0,200,0.0,187,-31.0,191,-21.0" /></mjloggm>