<mjloggm ver="2.3"><GO type="169" lobby="0"/><UN n0="%E3%81%BE%E3%81%AA%E3%81%84%E3%81%9F%E3%82%88%E3%81%86%E3%81%98%E3%82%87" n1="%67%75%73%68" n2="%E5%B0%B1%E6%B4%BB%E7%94%9F%40%E5%B7%9D%E6%9D%91%E8%BB%8D%E5%9B%A3" n3="%70%63%63%61%62%63" dan="16,16,17,16" rate="2082.49,2166.67,2192.69,2088.90" sx="M,M,M,M"/><TAIKYOKU oya="0"/><INIT seed="0,0,0,3,4,80" ten="250,250,250,250" oya="0" hai0="96,2,101,79,24,13,76,65,4,45,18,47,55" hai1="54,59,85,86,10,71,42,69,60,126,64,135,110" hai2="17,5,109,37,118,83,81,12,104,23,133,100,56" hai3="82,107,27,89,36,127,48,16,95,90,103,33,72"/><T15/><D65/><U125/><E110/><V14/><F37/><W108/><G36/><T32/><D76/><U51/><E135/><V112/><F112/><W67/><G108/><T105/><D79/><U92/><E69/><V8/><F109/><W124/><G67/><T20/><D55/><U130/><E130/><V30/><F133/><W88/><G33/><T97/><D97/><U31/><E31/><V84/><F118/><W34/><G34/><T111/><D111/><U123/><E123/><V120/><F120/><W7/><G7/><T57/><D57/><U11/><E42/><V53/><F30/><W39/><G39/><T121/><D121/><U94/><E94/><V52/><F83/><W114/><G114/><T122/><D122/><U99/><E10/><V87/><F81/><W131/><G131/><T6/><D6/><U43/><E11/><V62/><F104/><W38/><G38/><T134/><D134/><U49/><E49/><N who="2" m="30735" /><F100/><W63/><G63/><T35/><D35/><U22/><E22/><V3/><F3/><W113/><G48/><T91/><D91/><N who="1" m="55711" /><E43/><V1/><F1/><W21/><G107/><T29/><REACH who="0" step="1"/><D13/><REACH who="0" ten="240,250,250,250" step="2"/><U61/><E61/><V19/><F5/><W115/><G115/><T102/><D102/><U46/><E59/><AGARI ba="0,1" hai="8,12,14,17,19,23,53,59,62,84,87" m="30735" machi="59" ten="30,7700,0" yaku="8,1,52,2,54,1" doraHai="80" who="2" fromWho="1" sc="240,0,250,-77,250,87,250,0" /><INIT seed="1,0,0,1,3,118" ten="240,173,337,250" oya="1" hai0="122,74,3,5,19,85,117,103,21,84,86,12,110" hai1="78,15,34,45,72,125,51,24,64,120,107,43,31" hai2="17,13,126,88,73,14,59,35,90,111,7,87,32" hai3="56,48,47,128,1,28,109,55,101,20,52,63,69"/><U42/><E107/><V33/><F73/><W25/><G1/><T95/><D117/><U115/><E115/><V76/><F126/><W119/><G109/><T66/><D110/><U70/><E125/><V6/><F111/><W53/><G119/><T96/><D74/><U30/><E30/><V89/><F59/><W41/><G128/><T11/><REACH who="0" step="1"/><D66/><REACH who="0" ten="230,173,337,250" step="2"/><U130/><E64/><V65/><F65/><W39/><G69/><T104/><D104/><U92/><E70/><V2/><F2/><W108/><G108/><T10/><D10/><U44/><E72/><V98/><F98/><W0/><G0/><T8/><D8/><U22/><E130/><V71/><F71/><W82/><G39/><T36/><D36/><U67/><E67/><V124/><F124/><W127/><G127/><T106/><D106/><U57/><E34/><V18/><F87/><W80/><REACH who="3" step="1"/><G101/><REACH who="3" ten="230,173,337,240" step="2"/><T68/><D68/><U97/><E97/><V116/><F116/><W100/><G100/><T132/><D132/><U4/><E22/><V27/><F35/><W46/><G46/><T62/><D62/><U114/><E44/><V99/><F33/><W113/><G113/><T121/><AGARI ba="0,2" hai="3,5,11,12,19,21,84,85,86,95,96,103,121,122" machi="121" ten="30,7900,0" yaku="1,1,0,1,52,2,53,0" doraHai="118" doraHaiUra="38" who="0" fromWho="0" sc="230,99,173,-39,337,-20,240,-20" /><INIT seed="2,0,0,1,2,66" ten="329,134,317,220" oya="2" hai0="83,9,61,33,102,82,112,43,79,122,110,62,59" hai1="17,47,67,64,123,105,89,75,6,60,40,49,93" hai2="58,96,51,70,92,26,81,11,127,100,120,115,91" hai3="94,71,111,23,128,10,7,68,32,108,117,45,119"/><V126/><F120/><W56/><G32/><T74/><D112/><U87/><E123/><V46/><F115/><W53/><G128/><T38/><D122/><U80/><E105/><V22/><F11/><W130/><G130/><T129/><D33/><U109/><E109/><N who="3" m="42058" /><G45/><T78/><D129/><U13/><E6/><V35/><F58/><W5/><G23/><T57/><D102/><U44/><E44/><V90/><F35/><W55/><G94/><T86/><D110/><U84/><E75/><V14/><F14/><N who="3" m="5455" /><G7/><T131/><D131/><U77/><REACH who="1" step="1"/><E60/><REACH who="1" ten="329,124,317,220" step="2"/><V52/><F126/><W76/><G119/><T135/><D61/><U12/><E12/><V18/><F127/><W104/><G104/><T37/><D62/><U39/><E39/><V121/><F121/><W125/><G125/><T114/><D38/><U65/><E65/><V3/><F3/><W0/><G0/><T88/><D37/><U113/><E113/><V107/><F107/><W103/><G117/><T41/><D114/><U72/><E72/><V63/><F63/><W30/><G55/><T25/><D74/><U106/><E106/><V48/><F48/><W19/><G53/><T99/><D41/><U98/><E98/><V85/><REACH who="2" step="1"/><F70/><REACH who="2" ten="329,124,307,220" step="2"/><W4/><G68/><T20/><D57/><U118/><E118/><V2/><F2/><W97/><G71/><T36/><D59/><U124/><E124/><V27/><F27/><W132/><G56/><T116/><D25/><U15/><E15/><V16/><F16/><W29/><G19/><T95/><D36/><U50/><E50/><V31/><F31/><RYUUKYOKU ba="0,2" sc="329,-15,124,15,307,15,220,-15" hai1="13,17,40,47,49,64,67,77,80,84,87,89,93" hai2="18,22,26,46,51,52,81,85,90,91,92,96,100" /><INIT seed="2,1,2,3,0,63" ten="314,139,322,205" oya="2" hai0="21,117,76,6,47,55,52,28,9,101,5,30,35" hai1="56,121,90,70,57,116,16,83,80,104,51,29,39" hai2="40,115,126,96,98,81,17,23,33,67,11,64,102" hai3="84,110,124,60,26,38,133,74,103,113,59,120,49"/><V22/><F33/><W111/><G74/><T88/><D117/><U19/><E116/><V119/><F115/><W131/><G103/><T41/><D101/><U114/><E39/><V8/><F119/><W31/><G120/><T75/><D35/><U135/><E70/><V79/><F40/><W24/><G38/><N who="0" m="21943" /><D5/><U129/><E104/><V45/><F45/><W48/><G131/><T13/><D88/><U27/><E114/><V42/><F42/><W66/><G124/><T3/><D13/><U125/><E125/><V58/><F58/><W25/><G133/><T2/><D2/><U134/><E129/><V118/><F126/><W1/><G1/><T127/><D127/><U61/><E121/><V132/><F132/><W65/><G113/><T68/><D68/><U71/><E71/><V89/><F23/><W107/><G107/><T123/><D123/><U100/><E100/><V54/><F54/><N who="0" m="20522" /><D21/><N who="1" m="15599" /><E135/><V20/><F20/><W122/><G122/><T92/><D92/><U78/><E134/><V10/><F89/><W32/><G32/><T62/><D62/><U99/><E51/><N who="3" m="19530" /><G31/><T53/><D53/><N who="1" m="33935" /><E57/><V43/><F43/><W86/><G59/><T36/><D36/><U108/><E78/><V15/><F118/><W97/><G60/><T72/><D72/><U91/><E91/><V94/><F98/><W18/><G97/><T34/><D34/><U112/><E112/><V82/><F82/><AGARI ba="1,2" hai="3,6,9,28,30,75,76,82" m="20522,21943" machi="82" ten="30,2000,0" yaku="25,1,54,1" doraHai="63" who="0" fromWho="2" sc="314,43,139,0,322,-23,205,0" /><INIT seed="3,0,0,1,4,100" ten="357,139,299,205" oya="3" hai0="117,101,128,20,121,21,47,3,95,13,106,31,24" hai1="124,40,1,10,8,59,17,54,108,94,7,65,12" hai2="116,56,103,107,91,39,87,118,43,115,123,62,29" hai3="33,69,73,14,58,135,109,99,97,79,102,30,46"/><W90/><G69/><T52/><D117/><U49/><E108/><V71/><F115/><W19/><G135/><T22/><D121/><U114/><E114/><V66/><F123/><W64/><G33/><T55/><D3/><U105/><E124/><V63/><F43/><W60/><G30/><T77/><D128/><U83/><E105/><V23/><F39/><W82/><G46/><T25/><D106/><U74/><E40/><V120/><F120/><W34/><G34/><T113/><D113/><U51/><E65/><V57/><F23/><W70/><G70/><T61/><D77/><U93/><E74/><V2/><F2/><W89/><G109/><T45/><D13/><U41/><E83/><V131/><F29/><W27/><G27/><N who="0" m="10315" /><D31/><U104/><E104/><V76/><F76/><W53/><G64/><T84/><D101/><U38/><E38/><V15/><F15/><W75/><G75/><T42/><D42/><U44/><REACH who="1" step="1"/><E49/><REACH who="1" ten="357,129,299,205" step="2"/><V26/><F107/><W37/><G37/><T36/><D36/><U16/><E16/><V0/><F66/><W6/><G6/><T125/><D125/><U86/><E86/><V50/><F71/><W126/><G126/><T132/><D55/><U67/><E67/><V92/><F116/><W119/><G119/><T110/><D110/><U122/><E122/><V72/><F72/><W98/><REACH who="3" step="1"/><G102/><REACH who="3" ten="357,129,299,195" step="2"/><T4/><D4/><U28/><E28/><V133/><F103/><W81/><G81/><T88/><D132/><U78/><E78/><V9/><F118/><W35/><G35/><T80/><D80/><U11/><E11/><AGARI ba="0,2" hai="11,14,19,53,58,60,73,79,82,89,90,97,98,99" machi="11" ten="40,7700,0" yaku="1,1,6,1,53,1" doraHai="100" doraHaiUra="48" who="3" fromWho="1" sc="357,0,129,-77,299,0,195,97" /><INIT seed="3,1,0,5,5,119" ten="357,52,299,292" oya="3" hai0="28,10,111,76,109,37,71,51,133,131,65,25,22" hai1="48,116,67,126,7,35,128,89,121,17,3,129,31" hai2="59,79,0,1,73,36,74,70,66,134,96,44,97" hai3="40,26,87,120,24,98,8,9,100,106,61,52,127"/><W101/><G127/><T75/><D37/><U124/><E116/><V80/><F74/><W81/><G120/><T123/><D123/><U78/><E121/><V11/><F134/><W34/><G40/><T95/><D133/><U92/><E78/><V91/><F91/><W46/><G101/><T38/><D38/><U102/><E102/><V55/><F70/><W20/><G34/><T47/><D131/><N who="1" m="50251" /><E67/><V90/><F90/><W77/><G26/><T54/><D71/><U56/><E17/><V15/><F66/><W41/><G41/><T57/><D65/><U112/><E112/><V108/><F108/><W82/><G82/><N who="0" m="45343" /><D10/><N who="1" m="2431" /><E31/><V99/><F44/><W33/><G33/><T12/><D12/><U42/><E35/><V14/><F14/><W114/><G114/><T107/><D107/><U64/><E42/><V85/><F36/><W58/><REACH who="3" step="1"/><G46/><REACH who="3" ten="357,52,299,282" step="2"/><T105/><D47/><U43/><E43/><V60/><REACH who="2" step="1"/><F73/><REACH who="2" ten="357,52,289,282" step="2"/><W72/><G72/><T5/><D25/><U50/><E126/><V19/><AGARI ba="1,2" hai="0,1,11,15,19,55,59,60,79,80,85,96,97,99" machi="19" ten="30,4000,0" yaku="1,1,2,1,0,1,53,0" doraHai="119" doraHaiUra="118" who="2" fromWho="2" sc="357,-11,52,-11,289,63,282,-21" /><INIT seed="4,0,0,0,3,108" ten="346,41,352,261" oya="0" hai0="0,62,21,4,82,37,54,8,79,19,14,113,55" hai1="124,22,12,46,31,133,63,57,106,52,18,16,77" hai2="84,66,50,117,93,68,41,38,104,13,51,67,15" hai3="64,91,61,49,45,120,36,128,29,23,65,40,123"/><T32/><D37/><U95/><E106/><V3/><F104/><W27/><G128/><T114/><D32/><U28/><E133/><V60/><F3/><W115/><G115/><N who="0" m="44043" /><D62/><U78/><E124/><V56/><F117/><W10/><G10/><T39/><D39/><U7/><E7/><V11/><F68/><W53/><G91/><T2/><D2/><U119/><E119/><V94/><F38/><W42/><G40/><T98/><D98/><U71/><E71/><V90/><F67/><W74/><G74/><AGARI ba="0,0" hai="0,4,8,14,19,21,54,55,74,79,82" m="44043" machi="74" ten="30,11600,0" yaku="15,1,52,3" doraHai="108" who="0" fromWho="3" sc="346,116,41,0,352,0,261,-116" /><INIT seed="4,1,0,0,1,111" ten="462,41,352,145" oya="0" hai0="79,130,49,40,109,87,102,77,116,76,48,104,25" hai1="6,37,133,35,131,105,93,118,98,88,16,132,128" hai2="27,42,100,80,97,43,22,44,10,126,24,32,64" hai3="9,117,60,19,94,69,15,39,26,33,7,119,66"/><T3/><D116/><U12/><E37/><V17/><F126/><W29/><G39/><T30/><D109/><U20/><E35/><V107/><F64/><W120/><G120/><T101/><D130/><N who="1" m="49707" /><E118/><V73/><F10/><W85/><G85/><T72/><D72/><U71/><E71/><V36/><F43/><W125/><G125/><T41/><D3/><U45/><E45/><V21/><F32/><W61/><G94/><T83/><D41/><U11/><E105/><V122/><F122/><W75/><G75/><T18/><D18/><U78/><E78/><N who="0" m="30313" /><D104/><U112/><E112/><V113/><F80/><W51/><G51/><N who="0" m="19531" /><D40/><U63/><E63/><V46/><F73/><W74/><G74/><T0/><D0/><AGARI ba="1,0" hai="0,6,11,12,16,20,88,93,98,132,133" m="49707" machi="0" ten="30,3900,0" yaku="19,1,54,2" doraHai="111" who="1" fromWho="0" sc="462,-42,41,42,352,0,145,0" /><INIT seed="5,0,0,4,3,134" ten="420,83,352,145" oya="1" hai0="63,29,49,40,82,42,91,111,8,101,50,56,52" hai1="100,3,31,27,102,122,6,94,133,119,2,73,28" hai2="113,98,110,35,118,132,36,86,4,38,10,61,65" hai3="115,93,16,39,45,104,124,20,37,78,77,131,21"/><U81/><E119/><V64/><F110/><W108/><G108/><T7/><D111/><U67/><E122/><V87/><F118/><W88/><G104/><T14/><D101/><U66/><E133/><V84/><F35/><W9/><G131/><T114/><D114/><U112/><E112/><V72/><F132/><W125/><G115/><T17/><D29/><U43/><E43/><N who="0" m="16425" /><D7/><U76/><E31/><V58/><F72/><W121/><G9/><T59/><D59/><U33/><E102/><V74/><F74/><W103/><G103/><T129/><D129/><U126/><E126/><N who="3" m="48746" /><G121/><T107/><D107/><U55/><E55/><V25/><F113/><W130/><G130/><T106/><D106/><U135/><E135/><V23/><F98/><N who="3" m="57639" /><G45/><T79/><D79/><N who="3" m="30217" /><G21/><T1/><D1/><U11/><REACH who="1" step="1"/><E2/><REACH who="1" ten="420,73,352,145" step="2"/><V70/><F65/><W12/><AGARI ba="0,1" hai="12,16,20,37,39" m="30217,57639,48746" machi="12" ten="30,12000,2" yaku="18,1,52,3,54,2" doraHai="134" who="3" fromWho="3" sc="420,-30,73,-60,352,-30,145,130" /><INIT seed="6,0,0,0,1,129" ten="390,13,322,275" oya="2" hai0="42,94,9,122,100,80,105,103,131,99,78,64,60" hai1="53,49,18,113,126,71,104,1,32,46,63,93,120" hai2="39,107,61,59,125,106,79,74,10,2,114,92,96" hai3="102,28,57,51,35,135,127,133,23,50,97,110,5"/><V112/><F39/><W66/><G127/><T58/><D122/><U81/><E104/><V124/><F2/><W37/><G37/><T25/><D131/><U56/><E1/><V89/><F10/><W134/><G35/><T21/><D42/><U82/><E32/><V116/><F59/><W67/><G5/><T38/><D9/><U90/><E126/><N who="2" m="48747" /><F61/><N who="3" m="38191" /><G110/><T95/><D38/><U3/><E3/><V36/><F36/><W98/><G67/><T45/><D45/><U4/><E4/><V17/><F17/><W13/><G98/><T111/><D111/><U15/><E71/><V84/><F116/><W16/><G28/><T128/><D103/><U29/><E29/><V117/><F117/><W87/><G87/><T108/><D128/><U27/><E120/><V62/><F62/><W132/><N who="3" m="33792" /><DORA hai="68" /><W123/><G123/><T8/><D108/><U11/><E27/><V75/><F75/><W7/><G7/><T73/><D8/><U12/><E12/><V115/><F74/><W6/><G6/><T101/><D101/><U0/><E0/><V88/><F79/><W85/><G85/><T109/><D109/><U70/><E70/><V72/><F72/><W52/><G52/><T118/><D118/><U31/><E31/><AGARI ba="0,0" hai="21,25,31,58,60,64,73,78,80,94,95,99,100,105" machi="31" ten="30,1000,0" yaku="7,1" doraHai="129,68" who="0" fromWho="1" sc="390,10,13,-10,322,0,275,0" /><INIT seed="7,0,0,2,1,71" ten="400,3,322,275" oya="3" hai0="132,109,96,27,63,101,10,49,82,77,64,39,34" hai1="133,26,32,100,130,15,104,28,79,73,127,11,47" hai2="54,41,37,29,2,20,117,134,19,35,13,94,103" hai3="72,62,93,24,40,128,122,95,46,45,69,52,88"/><W123/><G72/><T50/><D10/><U90/><E90/><V106/><F106/><W5/><G128/><T4/><D4/><U87/><E87/><V86/><F117/><W110/><G110/><T58/><D132/><U115/><E100/><V42/><F2/><W105/><G105/><N who="0" m="63655" /><D58/><U124/><E79/><V91/><F37/><W22/><G5/><T70/><D39/><U114/><E47/><V12/><F12/><W85/><G95/><T107/><D109/><U60/><E60/><V16/><F19/><W7/><G7/><T23/><D23/><U131/><E73/><V113/><F113/><W92/><G92/><T108/><D108/><U51/><E51/><V102/><F134/><W21/><G21/><T61/><D61/><U118/><E104/><V18/><F18/><W66/><G46/><T38/><D38/><U17/><E118/><V125/><F125/><W81/><G93/><T89/><D89/><U97/><E97/><V43/><F29/><W31/><REACH who="3" step="1"/><G52/><REACH who="3" ten="400,3,322,265" step="2"/><T67/><D107/><U78/><E133/><V14/><F35/><W119/><G119/><T8/><D34/><U59/><E59/><V129/><F129/><N who="1" m="49161" /><E78/><V76/><F76/><W9/><G9/><T99/><D8/><U53/><E53/><V74/><F74/><W3/><G3/><T0/><D0/><U57/><E57/><V84/><F54/><W80/><G80/><T98/><D77/><U30/><E30/><V121/><F94/><W83/><G83/><T112/><D82/><U33/><E33/><V55/><F103/><W25/><G25/><T120/><D27/><RYUUKYOKU ba="0,1" sc="400,-15,3,15,322,-15,265,15" hai1="11,15,17,26,28,32,114,115,124,127" hai3="22,24,31,40,45,62,66,69,81,85,88,122,123" /><INIT seed="7,1,1,5,4,46" ten="385,18,307,280" oya="3" hai0="15,12,38,132,121,119,31,48,133,103,49,67,112" hai1="19,78,88,108,101,41,123,42,21,114,104,33,6" hai2="113,53,131,9,100,20,70,61,7,64,76,118,110" hai3="54,62,77,52,128,129,22,83,72,99,127,91,86"/><W10/><G127/><T58/><D112/><U122/><E33/><V84/><F110/><W125/><G125/><T60/><D121/><U34/><E34/><V92/><F118/><W90/><G22/><T5/><D119/><U11/><E78/><V94/><F131/><N who="3" m="50251" /><G62/><T32/><D38/><U47/><E41/><V36/><F36/><W68/><G68/><T73/><D73/><U106/><E101/><V80/><F113/><W8/><G99/><T98/><D31/><U57/><E57/><V89/><F100/><W115/><G115/><T39/><D39/><U87/><E114/><V50/><F20/><W37/><G37/><T0/><D32/><U45/><E45/><V74/><F94/><N who="3" m="54615" /><G91/><T44/><D98/><U95/><E108/><V69/><F69/><W135/><G135/><N who="0" m="51787" /><D103/><U14/><E123/><V4/><REACH who="2" step="1"/><F9/><AGARI ba="1,1" hai="8,9,10,52,54,72,77,83" m="54615,50251" machi="9" ten="30,2900,0" yaku="19,1,54,1" doraHai="46" who="3" fromWho="2" sc="385,0,18,0,307,-32,280,42" /><INIT seed="7,2,0,4,5,33" ten="385,18,275,322" oya="3" hai0="11,42,107,6,40,102,111,72,69,108,47,79,132" hai1="98,2,75,94,0,121,56,86,62,96,38,25,66" hai2="58,74,114,106,21,17,5,7,43,95,77,44,120" hai3="129,29,10,130,125,89,65,37,41,131,22,122,12"/><W27/><G122/><T100/><D132/><U123/><E75/><V3/><F106/><W31/><G65/><T104/><D69/><U135/><E38/><V15/><F120/><W9/><G37/><N who="0" m="21903" /><D42/><U52/><E135/><V113/><F95/><W115/><G115/><T76/><D76/><U119/><E119/><V92/><F92/><W36/><G31/><T73/><D102/><U103/><E123/><V16/><F58/><W82/><G125/><T83/><D72/><U90/><E121/><V93/><F93/><W46/><G12/><T19/><D19/><U59/><E96/><V87/><F87/><AGARI ba="2,0" hai="9,10,22,27,29,36,41,46,82,87,89,129,130,131" machi="87" ten="40,2000,0" yaku="19,1" doraHai="33" who="3" fromWho="2" sc="385,0,18,0,275,-26,322,26" /><INIT seed="7,3,0,0,3,41" ten="385,18,249,348" oya="3" hai0="21,28,25,87,106,111,128,54,71,108,73,122,47" hai1="55,112,76,115,72,84,48,42,38,124,13,105,110" hai2="46,90,121,94,75,39,89,59,5,62,114,77,79" hai3="18,10,83,74,51,82,14,68,43,88,69,97,26"/><W135/><G135/><T120/><D73/><U104/><E13/><V107/><F107/><W53/><G43/><T56/><D71/><U11/><E11/><V40/><F114/><W36/><G36/><T23/><D106/><U132/><E105/><V102/><F121/><W98/><G74/><T92/><D47/><U119/><E104/><V117/><F117/><W8/><G8/><T70/><D70/><U61/><E84/><V45/><F102/><W57/><G69/><T99/><D87/><U22/><E22/><V2/><F90/><W95/><G68/><T60/><D128/><U35/><E76/><V116/><F116/><W127/><G127/><T58/><D21/><U64/><E72/><V85/><F75/><W31/><G97/><T109/><REACH who="0" step="1"/><D56/><REACH who="0" ten="375,18,249,348" step="2"/><U30/><E35/><AGARI ba="3,1" hai="10,14,18,26,31,35,51,53,57,82,83,88,95,98" machi="35" ten="30,2900,0" yaku="7,1,54,1" doraHai="41" who="3" fromWho="1" sc="375,0,18,-38,249,0,348,48" owari="375,18.0,-20,-52.0,249,-15.0,396,49.0" /></mjloggm>