<mjloggm ver="2.3"><GO type="169" lobby="0"/><UN n0="%E4%BD%90%E5%80%89%E7%80%AC%E6%B4%A5%E7%BE%8E" n1="%E6%99%82%E3%82%92%E5%88%BB%E3%82%80%E5%94%84" n2="%E5%B0%B1%E6%B4%BB%E7%94%9F%40%E5%B7%9D%E6%9D%91%E8%BB%8D%E5%9B%A3" n3="%4B%E3%80%82" dan="16,18,17,18" rate="2069.43,2220.05,2146.78,2242.14" sx="F,F,M,M"/><TAIKYOKU oya="0"/><INIT seed="0,0,0,4,2,37" ten="250,250,250,250" oya="0" hai0="58,80,42,132,120,22,71,68,133,13,18,81,125" hai1="36,109,17,19,106,3,27,107,110,121,21,128,4" hai2="84,112,35,5,102,88,77,104,96,47,130,114,63" hai3="93,53,65,123,52,90,117,55,108,6,116,30,111"/><T9/><D120/><U2/><E121/><V24/><F130/><W89/><G123/><T122/><D122/><U40/><E128/><V15/><F77/><W67/><G30/><T48/><D125/><U43/><E36/><V1/><F1/><W131/><G6/><T41/><D9/><U7/><E21/><V11/><F63/><W38/><G38/><T60/><D48/><U79/><E79/><V134/><F134/><N who="0" m="51818" /><D80/><U99/><E99/><V135/><F135/><W20/><G20/><T46/><D46/><U14/><E14/><V45/><F24/><AGARI ba="0,0" hai="2,3,4,7,17,19,24,27,40,43,106,107,109,110" machi="24" ten="25,6400,0" yaku="22,2,52,2" doraHai="37" who="1" fromWho="2" sc="250,0,250,64,250,-64,250,0" /><INIT seed="1,0,0,3,3,19" ten="250,314,186,250" oya="1" hai0="32,40,77,60,100,15,67,51,127,13,35,45,4" hai1="11,122,109,119,48,43,17,133,113,59,65,114,8" hai2="75,55,93,89,84,74,68,5,112,104,106,22,92" hai3="18,46,1,96,30,98,80,99,62,26,83,66,111"/><U31/><E122/><V101/><F68/><W79/><G111/><T120/><D127/><U6/><E119/><V61/><F5/><W47/><G1/><T125/><D120/><U81/><E31/><V102/><F61/><W34/><G18/><T39/><D125/><U128/><E128/><V87/><F55/><W90/><G90/><T12/><D100/><U37/><E37/><V85/><F22/><W70/><REACH who="3" step="1"/><G83/><REACH who="3" ten="250,314,186,240" step="2"/><T76/><D4/><U2/><E81/><V116/><F116/><W108/><G108/><T3/><D3/><U27/><E2/><V33/><F112/><W36/><G36/><T10/><D10/><U69/><E11/><V107/><F33/><W135/><G135/><T25/><D76/><U97/><E133/><V64/><F64/><W54/><G54/><T29/><D77/><U21/><E109/><V20/><F20/><W9/><G9/><T95/><D35/><U16/><E114/><V105/><N who="2" m="27136" /><DORA hai="129" /><V41/><F41/><W63/><G63/><T88/><D88/><U103/><E113/><V14/><F14/><W73/><AGARI ba="0,1" hai="26,30,34,46,47,62,66,70,73,79,80,96,98,99" machi="73" ten="30,4000,0" yaku="1,1,0,1,53,1" doraHai="19,129" doraHaiUra="115,24" who="3" fromWho="3" sc="250,-10,314,-20,186,-10,240,50" /><INIT seed="2,0,0,5,1,100" ten="240,294,176,290" oya="2" hai0="117,18,39,73,121,52,12,65,123,84,115,44,60" hai1="67,28,124,58,125,92,64,91,112,122,5,120,96" hai2="72,126,24,66,41,130,26,131,4,48,1,20,51" hai3="107,85,79,133,93,95,33,9,101,89,88,106,62"/><V132/><F72/><W134/><G33/><T57/><D115/><U47/><E112/><V23/><F66/><N who="1" m="25129" /><E28/><N who="2" m="17415" /><F41/><W31/><G31/><T54/><D73/><U34/><E34/><V29/><F126/><N who="1" m="48745" /><E5/><V119/><F119/><W87/><G62/><T63/><D117/><U16/><E58/><V127/><F127/><W46/><G79/><T19/><D123/><U81/><E47/><V82/><F82/><W36/><G9/><T102/><D102/><U2/><E2/><V27/><F132/><N who="3" m="50795" /><G101/><T3/><D3/><U35/><E35/><N who="2" m="20919" /><F48/><W110/><G110/><T68/><D121/><U109/><E109/><V75/><F51/><W25/><G25/><T55/><D39/><U10/><E81/><V30/><F75/><W99/><G87/><T22/><D44/><U113/><E113/><V69/><F69/><W129/><G129/><N who="2" m="49161" /><F1/><W97/><G85/><T7/><D84/><U103/><E103/><V90/><F90/><W135/><G135/><T78/><D78/><U32/><E32/><V13/><F4/><W56/><G56/><N who="0" m="37095" /><D7/><U40/><E40/><AGARI ba="0,0" hai="36,40,46,88,89,93,95,97,99,106,107" m="50795" machi="40" ten="30,7700,0" yaku="20,1,52,2,54,1" doraHai="100" who="3" fromWho="1" sc="240,0,294,-77,176,0,290,77" /><INIT seed="3,0,0,3,5,11" ten="240,217,176,367" oya="3" hai0="12,39,46,93,89,3,22,110,37,47,130,62,123" hai1="135,43,23,41,65,48,74,72,114,70,38,124,21" hai2="97,68,28,109,8,91,125,67,36,49,27,98,61" hai3="85,33,9,112,104,118,122,20,116,25,127,95,101"/><W56/><G122/><T71/><D3/><U66/><E48/><V4/><F36/><W121/><G121/><T94/><D123/><U40/><E38/><V69/><F109/><W87/><G112/><T50/><D110/><U58/><E58/><V15/><F125/><W54/><G33/><T105/><D105/><U2/><E2/><V134/><F134/><W79/><G127/><T30/><D130/><U78/><E124/><V18/><F69/><W75/><G87/><T82/><D39/><U10/><E10/><V120/><F120/><W92/><G92/><T1/><D1/><U73/><E78/><V53/><F91/><W24/><G24/><T0/><D0/><U52/><E70/><V29/><F29/><W77/><G77/><T102/><D37/><U55/><E135/><V99/><F4/><W32/><G32/><T5/><D71/><U103/><E103/><V59/><REACH who="2" step="1"/><F99/><REACH who="2" ten="240,217,166,367" step="2"/><W111/><G111/><T42/><D89/><U117/><E114/><V113/><F113/><W57/><G116/><T45/><D5/><U16/><E117/><V19/><F19/><W126/><G118/><T133/><D30/><U131/><E16/><V83/><F83/><W26/><G126/><T81/><D82/><U35/><E131/><V31/><F31/><W34/><G79/><T88/><D81/><U80/><E80/><V119/><F119/><W90/><G90/><T128/><D88/><U51/><E73/><V84/><F84/><W96/><G75/><T60/><D102/><U13/><E74/><V86/><F86/><W106/><G101/><T132/><D128/><RYUUKYOKU ba="0,1" sc="240,-10,217,-10,166,30,367,-10" hai2="8,15,18,27,28,49,53,59,61,67,68,97,98" /><INIT seed="4,1,1,3,3,6" ten="230,207,196,357" oya="0" hai0="109,12,2,22,83,48,130,9,36,7,129,33,15" hai1="116,19,54,100,25,41,122,35,4,101,132,119,60" hai2="89,42,10,64,87,127,20,8,113,79,46,121,47" hai3="65,91,123,103,50,43,98,118,49,115,81,124,131"/><T21/><D36/><U45/><E122/><V1/><F1/><W97/><G118/><T75/><D75/><U126/><E126/><V66/><F121/><W17/><G123/><T99/><D83/><U105/><E4/><V135/><F135/><W85/><G115/><T80/><D80/><U26/><E26/><V32/><F32/><W44/><G131/><N who="0" m="50187" /><D99/><U14/><E132/><V74/><F74/><W16/><G124/><T29/><D48/><U92/><E105/><V112/><F20/><N who="0" m="7786" /><D109/><U56/><E92/><N who="2" m="54335" /><F79/><W59/><G97/><T96/><D96/><U40/><E119/><V107/><F107/><W70/><G70/><T78/><D78/><U52/><E116/><V133/><F133/><W63/><G50/><T69/><D69/><U90/><E90/><V18/><F127/><W86/><G86/><T5/><D5/><U102/><E102/><V77/><F77/><W73/><G73/><T108/><D108/><U134/><E100/><V24/><F24/><AGARI ba="1,1" hai="2,7,9,12,15,24,29,33" m="7786,50187" machi="24" ten="30,11600,0" yaku="19,1,34,2,52,1" doraHai="6" who="0" fromWho="2" sc="230,129,207,0,196,-119,357,0" /><INIT seed="4,2,0,1,2,92" ten="359,207,77,357" oya="0" hai0="104,6,107,97,106,40,27,2,132,32,115,63,45" hai1="117,130,35,91,56,116,66,52,93,89,10,135,47" hai2="118,86,75,84,112,16,11,59,42,98,28,124,68" hai3="67,69,41,78,114,134,122,128,80,64,31,26,23"/><T108/><D108/><U96/><E35/><V85/><F68/><W123/><G114/><T15/><D132/><U24/><E135/><V60/><F75/><W129/><G41/><T38/><D115/><U121/><E121/><N who="3" m="46090" /><G134/><T25/><D15/><U74/><E74/><V12/><F112/><W70/><G70/><T54/><D27/><U53/><E24/><V51/><F118/><W14/><G14/><T5/><D63/><N who="1" m="38247" /><E117/><V46/><F124/><W125/><G125/><T29/><D54/><N who="1" m="21099" /><E116/><V87/><N who="2" m="22016" /><DORA hai="13" /><V101/><F28/><W8/><G8/><N who="0" m="2103" /><D6/><U133/><E133/><V126/><F126/><W100/><G100/><AGARI ba="2,0" hai="25,29,32,38,40,45,97,100,104,106,107" m="2103" machi="100" ten="30,5800,0" yaku="33,2,52,1" doraHai="92,13" who="0" fromWho="3" sc="359,64,207,0,77,0,357,-64" /><INIT seed="4,3,0,4,3,87" ten="423,207,77,293" oya="0" hai0="61,38,108,81,94,49,75,71,46,98,69,17,59" hai1="70,114,14,134,129,122,125,5,83,126,48,2,78" hai2="74,35,100,111,40,65,102,72,67,93,27,77,43" hai3="106,34,25,13,7,62,115,91,18,130,19,101,6"/><T76/><D108/><U89/><E122/><V26/><F35/><W127/><G115/><T30/><D38/><U128/><E70/><V20/><F20/><W79/><G79/><T53/><D30/><U123/><E123/><V22/><F22/><W24/><G130/><T1/><D17/><U103/><E2/><V99/><F77/><W33/><G106/><T12/><D12/><U117/><E117/><V95/><REACH who="2" step="1"/><F99/><REACH who="2" ten="423,207,67,293" step="2"/><W116/><G34/><T42/><D1/><U29/><E78/><V113/><F113/><W11/><G33/><T64/><D76/><U54/><E114/><V120/><F120/><W28/><G116/><T56/><D98/><U41/><E128/><V119/><F119/><W50/><G11/><T32/><D75/><U0/><E129/><V82/><F82/><W109/><G109/><AGARI ba="3,1" hai="26,27,40,43,65,67,72,74,93,95,100,102,109,111" machi="109" ten="25,8000,1" yaku="1,1,22,2,53,2" doraHai="87" doraHaiUra="107" who="2" fromWho="3" sc="423,0,207,0,67,99,293,-89" /><INIT seed="5,0,0,3,2,37" ten="423,207,166,204" oya="1" hai0="100,65,19,12,41,5,11,127,38,133,123,135,59" hai1="117,81,35,9,116,77,114,51,98,42,102,108,67" hai2="130,54,43,4,64,103,121,60,74,25,52,30,84" hai3="87,48,92,68,107,24,120,20,118,22,115,99,82"/><U61/><E35/><V62/><F74/><W2/><G120/><T125/><D123/><U105/><E114/><V3/><F121/><W33/><G2/><T28/><D100/><U8/><E108/><V112/><F130/><W66/><G115/><T96/><D28/><U57/><E116/><V6/><F103/><N who="3" m="62975" /><G48/><T109/><D96/><U17/><E17/><V63/><F112/><W111/><G92/><T26/><D109/><U104/><E117/><V50/><F64/><W46/><G46/><N who="0" m="23863" /><D26/><U91/><E91/><V131/><F131/><W124/><G124/><N who="0" m="47691" /><D5/><N who="2" m="2154" /><F3/><W101/><G101/><T78/><D78/><U69/><E105/><V85/><F25/><W71/><G71/><T86/><D86/><N who="2" m="33386" /><F30/><N who="3" m="19655" /><G111/><T126/><D126/><U97/><E97/><V23/><F23/><W15/><G15/><T40/><D40/><U134/><E69/><V73/><F73/><W76/><G118/><T31/><D31/><U58/><E42/><V119/><F119/><W16/><G16/><T45/><D45/><AGARI ba="0,0" hai="43,45,50,52,54,60,62,63" m="33386,2154" machi="45" ten="30,3900,0" yaku="8,1,52,1,54,1" doraHai="37" who="2" fromWho="0" sc="423,-39,207,0,166,39,204,0" /><INIT seed="6,0,0,5,4,18" ten="384,207,205,204" oya="2" hai0="105,9,52,40,54,36,78,135,25,123,126,96,33" hai1="101,87,88,17,46,106,42,134,112,122,31,125,117" hai2="47,131,69,23,56,61,86,76,129,0,103,50,21" hai3="81,6,32,121,82,66,5,43,4,24,29,102,67"/><V108/><F0/><W74/><G121/><T97/><D123/><U15/><E122/><V13/><F69/><W27/><G43/><T118/><D118/><U83/><E117/><V28/><F103/><W111/><G111/><T73/><D135/><U39/><E112/><V127/><F127/><W116/><G116/><T84/><D126/><U114/><E114/><V8/><F108/><W1/><G1/><T3/><D73/><U91/><E31/><V34/><F34/><W119/><G119/><T38/><D38/><U35/><E35/><V95/><F28/><W45/><G45/><T30/><D40/><U51/><E125/><V75/><F75/><W7/><N who="3" m="1024" /><DORA hai="79" /><W71/><G74/><T98/><D105/><U22/><E134/><V80/><F95/><W14/><G14/><T48/><D36/><U55/><E101/><V128/><F8/><W16/><G102/><T11/><D3/><U124/><E106/><V99/><F13/><W62/><REACH who="3" step="1"/><G67/><REACH who="3" ten="384,207,205,194" step="2"/><T37/><D37/><U59/><E124/><V85/><F99/><W89/><G89/><AGARI ba="0,1" hai="15,17,22,39,42,46,51,55,59,83,87,88,89,91" machi="89" ten="30,7700,0" yaku="7,1,52,2,54,1" doraHai="18,79" who="1" fromWho="3" sc="384,0,207,87,205,0,194,-77" /><INIT seed="7,0,0,2,1,8" ten="384,294,205,117" oya="3" hai0="70,57,97,101,45,4,51,102,68,72,107,121,46" hai1="77,116,105,126,83,0,16,62,85,49,111,76,73" hai2="13,89,5,40,33,132,115,63,36,90,67,64,93" hai3="58,104,129,133,81,42,134,20,125,106,92,28,30"/><W66/><G129/><T37/><D72/><U80/><E111/><V94/><F33/><W1/><G125/><T23/><D121/><U53/><E0/><V35/><F35/><W119/><G119/><T99/><D4/><U22/><E126/><V109/><F109/><W79/><G1/><T74/><D74/><U124/><E124/><V91/><F132/><N who="3" m="50795" /><G42/><T65/><D23/><U88/><E105/><N who="3" m="40554" /><G92/><T25/><D25/><U56/><E116/><V96/><F115/><W117/><G117/><T55/><D107/><U44/><E83/><V128/><F128/><W11/><G11/><T82/><D82/><U31/><E31/><V118/><F118/><W123/><G123/><T9/><D9/><U10/><E73/><V3/><F3/><W86/><G20/><T17/><D37/><U95/><E95/><V78/><F40/><W39/><G39/><T43/><D43/><U52/><E10/><N who="2" m="4303" /><F36/><W29/><G58/><T108/><D108/><U15/><AGARI ba="0,0" hai="15,16,22,44,49,52,53,56,62,76,77,80,85,88" machi="15" ten="20,12000,2" yaku="0,1,7,1,8,1,52,1,54,3" doraHai="8" who="1" fromWho="1" sc="384,-30,294,120,205,-30,117,-60" owari="354,15.0,414,51.0,175,-22.0,57,-44.0" /></mjloggm>