<mjloggm ver="2.3"><GO type="169" lobby="0"/><UN n0="%73%68%6F%6F%74%33%39" n1="%E3%83%A1%E3%83%AB%E3%82%AB%E3%83%88%E3%83%AB%E3%81%8F%E3%82%93" n2="%E3%82%A6%E3%83%AB%E3%83%88%E3%83%A9%E7%AB%8B%E7%9B%B4" n3="%6A%6F%72%6F%6A%69" dan="18,18,17,16" rate="2152.15,2223.05,2146.38,2059.15" sx="M,M,M,M"/><TAIKYOKU oya="0"/><INIT seed="0,0,0,5,3,69" ten="250,250,250,250" oya="0" hai0="43,67,23,27,51,22,5,92,124,109,54,6,121" hai1="60,86,83,103,95,97,29,82,38,133,98,80,35" hai2="4,100,108,129,0,19,75,68,15,36,55,104,112" hai3="113,61,41,105,59,48,2,99,127,115,76,49,72"/><T37/><D121/><U64/><E133/><V8/><F112/><W101/><G2/><T39/><D67/><U90/><E35/><V91/><F129/><W128/><G128/><T78/><D43/><U106/><E29/><V96/><F108/><W9/><G9/><T30/><D109/><U17/><E17/><V58/><F68/><W65/><G127/><T119/><D119/><U16/><E16/><V1/><F75/><W21/><G21/><T134/><D78/><U89/><E38/><V107/><F36/><W77/><G77/><T34/><D134/><U47/><E47/><V3/><F91/><N who="1" m="34825" /><E60/><V50/><REACH who="2" step="1"/><F107/><REACH who="2" ten="250,250,240,250" step="2"/><W71/><G71/><T118/><D39/><U52/><E64/><V26/><F26/><W63/><G115/><T12/><D37/><U56/><E106/><V20/><AGARI ba="0,1" hai="0,1,3,4,8,15,19,20,50,55,58,96,100,104" machi="20" ten="20,2700,0" yaku="1,1,0,1,7,1,53,0" doraHai="69" doraHaiUra="31" who="2" fromWho="2" sc="250,-13,250,-7,240,37,250,-7" /><INIT seed="1,0,0,4,2,67" ten="237,243,277,243" oya="1" hai0="24,48,131,6,22,55,32,57,94,81,97,44,35" hai1="83,96,66,47,20,56,54,37,77,91,109,98,114" hai2="86,95,31,129,117,121,60,119,93,61,34,16,104" hai3="79,120,18,87,101,46,8,4,102,123,51,38,122"/><U40/><E114/><V89/><F104/><W88/><G38/><T41/><D131/><U15/><E66/><V100/><F121/><W103/><G79/><T50/><D81/><U133/><E133/><V72/><F72/><W106/><G106/><T29/><REACH who="0" step="1"/><D6/><REACH who="0" ten="227,243,277,243" step="2"/><U5/><E5/><V113/><F129/><W52/><G4/><T27/><D27/><U36/><E109/><V43/><F113/><W135/><G123/><T11/><D11/><U65/><E36/><V21/><F119/><W28/><G135/><T63/><D63/><U64/><E83/><V78/><F117/><W127/><G127/><T92/><D92/><U12/><E37/><V132/><F132/><W10/><G10/><T84/><D84/><U1/><E98/><V75/><F95/><W45/><G122/><T108/><D108/><U76/><E96/><V39/><F93/><N who="3" m="54431" /><G120/><T25/><D25/><U71/><E77/><V74/><F78/><W128/><G128/><T7/><D7/><U69/><E76/><V19/><F61/><W17/><G8/><T130/><D130/><U30/><E12/><V58/><F60/><W53/><G28/><T70/><D70/><U62/><E30/><V59/><F31/><W124/><G124/><T134/><D134/><U125/><E125/><V2/><F39/><W90/><G90/><AGARI ba="0,1" hai="22,24,29,32,35,41,44,48,50,55,57,90,94,97" machi="90" ten="30,2000,0" yaku="1,1,7,1,53,0" doraHai="67" doraHaiUra="111" who="0" fromWho="3" sc="227,30,243,0,277,0,243,-20" /><INIT seed="2,0,0,3,3,7" ten="257,243,277,223" oya="2" hai0="66,102,81,41,59,62,125,23,130,21,19,65,36" hai1="48,14,24,91,30,96,11,39,78,10,94,113,15" hai2="5,55,52,26,120,127,124,84,85,28,3,61,122" hai3="22,119,128,132,18,4,71,44,89,129,35,101,100"/><V29/><F5/><W108/><G35/><T9/><D130/><N who="3" m="50281" /><G71/><T63/><D125/><N who="2" m="48202" /><F3/><W73/><G73/><T45/><D102/><N who="3" m="39529" /><G119/><T64/><D81/><U70/><E39/><V82/><F61/><W46/><G108/><T121/><D121/><N who="2" m="46698" /><F29/><W53/><G89/><T105/><D105/><U54/><E78/><N who="2" m="46167" /><F85/><W58/><G4/><T13/><REACH who="0" step="1"/><D66/><REACH who="0" ten="247,243,277,223" step="2"/><U106/><E106/><V20/><AGARI ba="0,1" hai="20,26,28,52,55" m="46167,46698,48202" machi="20" ten="30,3000,0" yaku="18,1,54,1" doraHai="7" who="2" fromWho="2" sc="247,-10,243,-10,277,40,223,-10" /><INIT seed="2,1,0,5,1,125" ten="237,233,317,213" oya="2" hai0="131,40,3,124,33,52,85,108,120,134,56,28,79" hai1="97,4,116,34,50,73,121,68,101,100,122,36,8" hai2="80,13,109,107,44,23,128,117,42,78,82,62,94" hai3="9,21,115,43,135,81,32,132,113,11,84,37,77"/><V74/><F107/><W6/><G32/><T18/><D120/><N who="1" m="46187" /><E36/><V87/><F117/><W49/><G37/><T48/><D3/><U47/><E116/><V72/><F109/><W92/><G92/><T39/><D124/><U98/><E73/><V46/><F94/><W130/><G21/><T63/><D108/><U29/><E68/><V102/><F102/><N who="1" m="39529" /><E29/><V16/><F128/><W61/><G61/><T96/><D96/><U93/><E34/><V123/><F123/><W110/><G110/><T5/><D5/><U24/><E24/><V14/><F74/><W75/><G75/><T15/><D39/><U0/><E93/><V54/><F42/><AGARI ba="1,0" hai="0,4,8,42,47,50,97,98" m="39529,46187" machi="42" ten="30,1000,0" yaku="13,1" doraHai="125" who="1" fromWho="2" sc="237,0,233,13,317,-13,213,0" /><INIT seed="3,0,0,4,1,31" ten="237,246,304,213" oya="3" hai0="72,97,0,33,21,22,13,116,8,105,135,127,44" hai1="88,102,2,25,39,57,56,62,15,84,119,93,121" hai2="112,63,85,6,126,91,132,96,98,61,115,78,89" hai3="131,46,36,99,101,95,10,7,76,32,86,11,47"/><W104/><G131/><T107/><D116/><U19/><E2/><V27/><F6/><W118/><G118/><T59/><D72/><U71/><E119/><V73/><F85/><W83/><G36/><T125/><D0/><U42/><E121/><V41/><F78/><W66/><G66/><T94/><D44/><U53/><E71/><V114/><F73/><W129/><G129/><T74/><D74/><U108/><E108/><V1/><F1/><W122/><G122/><T40/><D40/><U70/><E70/><V92/><F41/><W20/><G20/><T34/><D59/><U24/><E102/><V79/><F79/><W48/><G32/><N who="0" m="12395" /><D22/><U12/><E12/><V17/><F114/><W18/><G18/><N who="0" m="8487" /><D21/><N who="1" m="11519" /><E42/><V65/><F27/><W52/><G47/><T110/><D110/><U64/><E39/><V16/><F65/><W3/><REACH who="3" step="1"/><G11/><REACH who="3" ten="237,246,304,203" step="2"/><T58/><D58/><U38/><E38/><V4/><F115/><W50/><G50/><AGARI ba="0,1" hai="24,25,50,53,56,57,62,64,84,88,93" m="11519" machi="50" ten="30,3900,0" yaku="25,1,8,1,54,1" doraHai="31" who="1" fromWho="3" sc="237,0,246,49,304,0,203,-39" /><INIT seed="4,0,0,3,0,28" ten="237,295,304,164" oya="0" hai0="117,59,41,73,90,97,105,93,91,131,67,106,104" hai1="35,37,95,23,94,111,87,15,112,47,113,110,25" hai2="119,27,84,44,71,116,120,99,88,103,52,48,124" hai3="9,19,61,53,3,18,132,135,31,134,80,56,92"/><T70/><D117/><N who="2" m="45130" /><F71/><W118/><G118/><T68/><D73/><U98/><E87/><V8/><F8/><W115/><G80/><T43/><D131/><U109/><E37/><V45/><F27/><W129/><G129/><T5/><D5/><U10/><E47/><N who="2" m="27679" /><F124/><W82/><G82/><T107/><N who="0" m="26624" /><DORA hai="7" /><T26/><D26/><U11/><E15/><V66/><F66/><W32/><G115/><N who="1" m="44106" /><E35/><V54/><F54/><W34/><G92/><N who="1" m="35370" /><E98/><V49/><F120/><W6/><G31/><AGARI ba="0,0" hai="10,11,23,25,31,109,110,111" m="35370,44106" machi="31" ten="40,8000,1" yaku="15,1,11,1,52,2" doraHai="28,7" who="1" fromWho="3" sc="237,0,295,80,304,0,164,-80" /><INIT seed="5,0,0,2,0,84" ten="237,375,304,84" oya="1" hai0="124,38,36,22,101,88,66,34,1,132,21,120,97" hai1="85,8,95,9,113,110,23,114,107,28,7,43,112" hai2="116,90,133,20,70,87,55,59,119,54,111,15,10" hai3="105,72,46,32,93,30,74,44,83,80,19,41,115"/><U96/><E110/><V26/><F70/><W118/><G105/><T108/><D34/><U86/><E107/><V76/><F111/><W52/><G118/><T89/><D1/><U68/><E68/><V123/><F123/><W6/><G6/><T99/><D108/><U77/><E43/><V109/><F76/><W91/><G115/><T62/><D120/><U130/><E130/><V13/><F109/><W31/><G19/><T126/><D132/><U67/><E67/><V42/><F42/><W98/><G32/><T82/><D82/><N who="3" m="31273" /><G74/><T53/><D53/><U134/><E77/><V17/><F133/><W40/><G72/><T16/><D101/><U65/><E65/><V51/><F55/><W73/><G73/><T0/><D0/><N who="1" m="103" /><E9/><V60/><F60/><W122/><G122/><T75/><D75/><U50/><E50/><V4/><REACH who="2" step="1"/><F15/><REACH who="2" ten="237,375,294,84" step="2"/><W3/><G41/><T12/><D66/><U100/><E134/><V35/><F35/><W47/><G40/><T25/><D62/><U57/><E57/><V33/><F33/><W79/><G79/><T14/><D25/><AGARI ba="0,1" hai="23,25,28,85,86,95,96,100,112,113,114" m="103" machi="25" ten="30,1500,0" yaku="15,1" doraHai="84" who="1" fromWho="0" sc="237,-15,375,25,294,0,84,0" /><INIT seed="5,1,0,5,0,127" ten="222,400,294,84" oya="1" hai0="95,33,93,79,91,71,27,117,37,62,51,32,123" hai1="77,20,90,103,124,87,58,0,105,44,115,22,97" hai2="3,65,21,102,57,43,5,104,26,70,126,59,12" hai3="125,109,31,28,82,15,54,100,24,66,30,107,108"/><U133/><E124/><V119/><F119/><W64/><G125/><T128/><D117/><U78/><E0/><V98/><F126/><W18/><G24/><T101/><D37/><U81/><E115/><V129/><F3/><W49/><G82/><T16/><D79/><U89/><E133/><V46/><F70/><W74/><G74/><T29/><D123/><U85/><E44/><V131/><F12/><W134/><G134/><T55/><D128/><N who="2" m="49226" /><F5/><W47/><G100/><T38/><D38/><U135/><E135/><V42/><F65/><W8/><REACH who="3" step="1"/><G107/><REACH who="3" ten="222,400,294,74" step="2"/><T1/><D27/><U130/><E130/><V121/><F121/><W73/><G73/><T9/><D101/><U83/><E105/><V34/><F34/><W113/><G113/><T23/><D32/><U69/><E103/><V17/><F43/><W88/><G88/><T56/><D91/><U116/><E116/><V50/><AGARI ba="1,1" hai="17,21,26,42,46,50,57,59,98,102,104" m="49226" machi="50" ten="30,7900,0" yaku="19,1,52,3" doraHai="127" who="2" fromWho="2" sc="222,-21,400,-40,294,92,74,-21" /><INIT seed="6,0,0,4,5,57" ten="201,360,386,53" oya="2" hai0="44,127,18,110,84,48,28,36,92,71,24,26,68" hai1="12,97,42,33,31,27,74,101,82,132,58,52,122" hai2="134,39,78,86,29,73,94,50,99,125,38,121,5" hai3="111,4,15,13,69,51,107,3,70,100,119,106,104"/><V118/><F118/><W62/><G119/><T0/><D110/><U130/><E130/><V6/><F73/><W114/><G111/><T34/><D36/><U90/><E132/><V129/><F121/><W54/><G100/><T53/><D127/><U89/><E122/><V40/><F125/><W83/><G83/><T60/><D0/><U43/><E12/><V41/><F29/><W32/><G32/><T49/><D49/><U65/><E65/><V35/><F35/><W46/><G114/><T23/><D84/><U87/><E89/><V61/><F50/><W14/><G3/><T105/><D105/><U75/><E75/><V9/><F9/><W17/><G4/><T95/><D71/><U76/><E76/><V45/><F129/><W126/><G126/><T47/><D47/><U131/><E74/><V133/><F61/><W56/><REACH who="3" step="1"/><G17/><REACH who="3" ten="201,360,386,43" step="2"/><T37/><D18/><U66/><E131/><V7/><F7/><W123/><G123/><T98/><D34/><U11/><E101/><N who="2" m="60663" /><F5/><W19/><G19/><T22/><D95/><U63/><E33/><V67/><F6/><W21/><G21/><T120/><D92/><U25/><E82/><V8/><F8/><W117/><G117/><T79/><D22/><U85/><E11/><V109/><F109/><W72/><G72/><T64/><D23/><U93/><E93/><V88/><F134/><W2/><G2/><T16/><D120/><U91/><E97/><V108/><F133/><W1/><G1/><T77/><D98/><U135/><E135/><V102/><F108/><W128/><G128/><T81/><D81/><RYUUKYOKU ba="0,1" sc="201,-10,360,-10,386,-10,43,30" hai3="13,14,15,46,51,54,56,62,69,70,104,106,107" /><INIT seed="7,1,1,0,0,123" ten="191,350,376,73" oya="3" hai0="1,17,98,103,74,91,42,101,26,49,59,93,64" hai1="56,110,4,128,126,2,88,5,120,12,43,106,89" hai2="60,125,8,47,45,16,13,90,10,48,32,37,72" hai3="46,77,132,61,111,70,36,130,21,3,81,0,79"/><W127/><G130/><T131/><D1/><U38/><E110/><V15/><F32/><W55/><G132/><T86/><D74/><U82/><E120/><V134/><F72/><W35/><G35/><T73/><D73/><U22/><E106/><V50/><F134/><W87/><G127/><T44/><D131/><U105/><E105/><V14/><F125/><W118/><G118/><T121/><D121/><U75/><E128/><V23/><F37/><W102/><G79/><T63/><D86/><U107/><E107/><V62/><F90/><W53/><G102/><T57/><D57/><U52/><E126/><V68/><F68/><W78/><G78/><T94/><D94/><U71/><E71/><V33/><F33/><W40/><G21/><AGARI ba="1,1" hai="17,21,26,42,44,49,59,63,64,91,93,98,101,103" machi="21" ten="40,1300,0" yaku="8,1" doraHai="123" who="0" fromWho="3" sc="191,26,350,0,376,0,73,-16" owari="217,-18.0,350,15.0,376,47.0,57,-44.0" /></mjloggm>