<mjloggm ver="2.3"><GO type="169" lobby="0"/><UN n0="%E5%B0%B1%E6%B4%BB%E7%94%9F%40%E5%B7%9D%E6%9D%91%E8%BB%8D%E5%9B%A3" n1="%E6%B0%B4%E6%9C%AC%E3%82%86%E3%81%8B%E3%82%8A" n2="%E7%88%86%E5%BC%BE%E4%BA%94%E9%83%8E%EF%BC%92" n3="%6D%69%6E%61%72%63%68%79" dan="16,16,17,16" rate="2105.29,2152.66,2164.96,2066.43" sx="M,F,M,M"/><TAIKYOKU oya="0"/><INIT seed="0,0,0,4,5,114" ten="250,250,250,250" oya="0" hai0="84,29,135,123,126,91,43,12,131,49,61,31,115" hai1="13,8,133,110,80,20,111,33,132,101,128,28,74" hai2="56,23,26,62,47,79,17,70,55,37,106,58,34" hai3="129,42,105,48,4,9,27,83,76,117,65,30,121"/><T108/><D123/><U67/><E101/><V109/><F106/><W95/><G117/><T127/><D115/><U18/><E67/><V22/><F34/><W130/><G105/><T87/><D131/><N who="3" m="50185" /><G121/><T86/><D135/><N who="1" m="51787" /><E74/><V25/><F70/><W113/><G95/><T6/><D91/><U69/><E80/><V118/><F79/><W68/><G68/><T119/><D119/><U16/><E69/><V5/><F5/><W90/><G90/><T82/><D82/><U98/><E98/><V0/><F0/><N who="3" m="135" /><G65/><T78/><D78/><U2/><E128/><V44/><F118/><W3/><G3/><T99/><D99/><U102/><E102/><V36/><F109/><N who="1" m="41481" /><E2/><V85/><F85/><W15/><G42/><T122/><D122/><U97/><E97/><V53/><F36/><W39/><G39/><T72/><D72/><U107/><E107/><V21/><F37/><W41/><G41/><T75/><D75/><U81/><E81/><V50/><F47/><W103/><G48/><T94/><D94/><U64/><E64/><V14/><REACH who="2" step="1"/><F44/><REACH who="2" ten="250,250,240,250" step="2"/><W92/><G76/><T134/><D108/><U54/><E33/><V120/><F120/><W100/><G113/><T93/><D134/><U32/><E32/><V60/><F60/><W11/><G103/><T88/><D61/><U45/><E45/><V57/><F57/><W1/><G100/><T52/><D87/><U112/><E112/><V73/><F73/><W125/><G83/><T19/><D86/><U59/><E59/><V51/><F51/><W63/><G63/><T40/><D84/><U24/><E54/><RYUUKYOKU ba="0,1" sc="250,-15,250,15,240,15,250,-15" hai1="8,13,16,18,20,24,28" hai2="14,17,21,22,23,25,26,50,53,55,56,58,62" /><INIT seed="1,1,1,3,1,81" ten="235,265,255,235" oya="1" hai0="94,111,20,58,12,10,53,38,124,22,31,108,89" hai1="2,92,73,35,91,118,80,132,129,107,135,83,8" hai2="25,4,3,125,42,85,86,14,57,51,15,9,75" hai3="100,126,90,99,32,78,34,133,1,76,113,131,54"/><U30/><E35/><V119/><F75/><W93/><G1/><T134/><D38/><U61/><E30/><V28/><F119/><W115/><G133/><N who="1" m="51274" /><E107/><V18/><F125/><W60/><G131/><T39/><D39/><U49/><E118/><V55/><F42/><W62/><G126/><T102/><D102/><U114/><E114/><V70/><F70/><W56/><G60/><T16/><D124/><U77/><E129/><V122/><F122/><W63/><G63/><T96/><D134/><U84/><E61/><V79/><F79/><W27/><G34/><T24/><REACH who="0" step="1"/><D10/><REACH who="0" ten="225,265,255,235" step="2"/><U5/><E49/><AGARI ba="1,2" hai="12,16,20,22,24,31,49,53,58,89,94,96,108,111" machi="49" ten="40,5200,0" yaku="1,1,2,1,54,1,53,0" doraHai="81" doraHaiUra="130" who="0" fromWho="1" sc="225,75,265,-55,255,0,235,0" /><INIT seed="2,0,0,2,1,123" ten="300,210,255,235" oya="2" hai0="67,73,115,77,127,104,22,79,95,75,106,89,114" hai1="42,43,47,96,59,86,58,16,109,117,33,53,74" hai2="120,20,29,100,66,81,125,17,49,48,82,122,30" hai3="94,41,3,39,69,40,101,135,112,83,98,128,90"/><V126/><F66/><W50/><G39/><T70/><D70/><U26/><E74/><N who="0" m="28169" /><D67/><U8/><E117/><V1/><F100/><W9/><G135/><T102/><D22/><N who="1" m="13639" /><E33/><V85/><F1/><W78/><G128/><T36/><D36/><U60/><E47/><V131/><F17/><W34/><G112/><N who="0" m="43051" /><D127/><U113/><E113/><V108/><F85/><W46/><G34/><T134/><D102/><U130/><E130/><V5/><F131/><W37/><G69/><T11/><D11/><U45/><E45/><V88/><F20/><W27/><G27/><T21/><D21/><U64/><E8/><V0/><F0/><W91/><G37/><T61/><D61/><U32/><E32/><V56/><F5/><W35/><G35/><T72/><D134/><U68/><E68/><V6/><F6/><W55/><G3/><T76/><N who="0" m="28177" /><T92/><DORA hai="103" /><D89/><N who="3" m="33801" /><G9/><T7/><D7/><U62/><E43/><V2/><F2/><W28/><G28/><T65/><D65/><U80/><E42/><V54/><F88/><W71/><G71/><T10/><D10/><U15/><E15/><V132/><F132/><W31/><G31/><T24/><D24/><U110/><E96/><V124/><F126/><W119/><G40/><T97/><D97/><U118/><E118/><V25/><F25/><W19/><G119/><T18/><D18/><U105/><E60/><V51/><F51/><W93/><G41/><T121/><D121/><U129/><E129/><V84/><F125/><W99/><G99/><T23/><D23/><U57/><E62/><V133/><F124/><RYUUKYOKU ba="0,0" sc="300,30,210,-10,255,-10,235,-10" hai0="76,77,79,92,95,104,106" /><INIT seed="3,1,0,5,5,116" ten="330,200,245,225" oya="3" hai0="110,64,69,24,45,42,10,17,16,7,71,53,121" hai1="37,34,67,92,35,101,83,120,93,76,28,98,38" hai2="54,25,33,75,51,12,5,82,91,115,22,89,131" hai3="32,13,26,14,70,123,102,97,44,117,40,129,90"/><W119/><G70/><T88/><D121/><U78/><E67/><V6/><F115/><W106/><G123/><T4/><D110/><U74/><E78/><V21/><F33/><W60/><G129/><T46/><D64/><U84/><E120/><V127/><F131/><W49/><G60/><T109/><D109/><U77/><E77/><V2/><F2/><W23/><G32/><T31/><D53/><U11/><E11/><V59/><F127/><W61/><G61/><T19/><D46/><U113/><E113/><V108/><F108/><W133/><G133/><T57/><D57/><U20/><E35/><V48/><F75/><W41/><G41/><T104/><D104/><U55/><E34/><V135/><F135/><W43/><G43/><T9/><D88/><N who="2" m="33866" /><F82/><W58/><G58/><T95/><D95/><U81/><E81/><V125/><F125/><W103/><G103/><T87/><D87/><U80/><E80/><V1/><F1/><W112/><G112/><T30/><D45/><U0/><E0/><V111/><F111/><W29/><REACH who="3" step="1"/><G90/><REACH who="3" ten="330,200,245,215" step="2"/><T94/><D42/><U8/><E101/><V105/><F59/><W132/><G132/><T65/><D71/><U62/><E76/><V100/><F100/><W27/><G27/><T114/><D24/><U52/><E83/><V68/><F25/><W124/><G124/><T99/><D114/><U3/><E84/><V79/><F68/><W39/><G39/><T86/><D69/><U122/><E38/><V63/><F63/><W50/><G50/><T134/><D134/><U128/><E37/><V118/><F51/><RYUUKYOKU ba="1,1" sc="330,-10,200,-10,245,-10,215,30" hai3="13,14,23,26,29,40,44,49,97,102,106,117,119" /><INIT seed="3,2,1,0,2,20" ten="320,190,235,245" oya="3" hai0="81,1,39,67,56,36,28,9,112,66,109,62,129" hai1="50,128,14,134,12,68,91,97,130,93,92,101,54" hai2="102,65,22,90,120,21,89,108,52,126,19,123,98" hai3="80,15,8,32,46,31,133,86,61,17,70,74,35"/><W94/><G133/><T103/><D109/><U114/><E68/><V3/><F108/><W18/><G74/><T59/><D103/><U51/><E114/><V78/><F3/><W57/><G70/><T10/><D129/><N who="1" m="49771" /><E134/><V13/><F65/><W53/><G94/><T100/><D100/><U60/><E60/><V117/><F78/><W131/><G131/><T37/><D1/><U105/><E105/><V24/><F117/><W71/><G71/><T79/><D28/><U2/><E2/><V55/><F126/><W75/><G75/><T72/><D112/><U107/><E107/><V125/><F125/><W27/><G46/><T119/><D119/><U83/><E83/><V47/><F90/><W135/><G135/><T5/><D5/><U96/><E50/><V44/><F89/><W30/><G30/><T34/><D34/><U23/><E23/><V118/><F118/><W110/><G110/><T124/><D124/><U77/><E77/><V106/><F47/><AGARI ba="2,1" hai="12,14,47,51,54,91,92,93,96,97,101" m="49771" machi="47" ten="30,1000,0" yaku="19,1" doraHai="20" who="1" fromWho="2" sc="320,0,190,26,235,-16,245,0" /><INIT seed="4,0,0,1,0,56" ten="320,216,219,245" oya="0" hai0="85,23,135,12,32,134,70,6,67,47,109,94,4" hai1="42,86,79,48,68,69,50,13,59,0,40,54,7" hai2="25,88,37,46,66,21,19,51,10,120,87,63,72" hai3="133,26,122,131,114,113,118,11,57,60,90,5,8"/><T14/><D32/><U52/><E0/><V18/><F72/><W101/><G118/><T29/><D47/><U75/><E75/><V15/><F37/><W44/><G133/><T2/><D2/><U126/><E7/><V62/><F66/><N who="3" m="39183" /><G131/><T30/><D94/><U34/><E34/><V45/><F120/><W71/><G71/><N who="1" m="27210" /><E13/><V39/><F39/><W9/><G122/><T116/><D70/><U119/><E79/><V74/><F74/><W129/><G129/><T97/><D97/><U41/><E86/><V123/><F123/><W127/><G127/><T89/><D89/><U80/><E80/><N who="2" m="49255" /><F46/><W36/><G101/><T128/><D85/><U16/><E16/><V55/><AGARI ba="0,0" hai="10,15,18,19,21,25,45,51,55,62,63" m="49255" machi="55" ten="30,8000,1" yaku="25,1,8,1,52,2,54,1" doraHai="56" who="2" fromWho="2" sc="320,-40,216,-20,219,80,245,-20" /><INIT seed="5,0,0,3,1,126" ten="280,196,299,225" oya="1" hai0="109,20,13,73,112,101,95,17,132,133,42,28,32" hai1="91,34,63,51,92,44,45,6,127,72,134,36,110" hai2="47,82,81,55,85,69,122,0,68,14,89,35,38" hai3="26,131,7,61,113,40,4,23,128,50,43,103,65"/><U64/><E127/><V59/><F0/><W83/><G113/><T41/><D73/><U123/><E123/><V25/><F122/><W100/><G83/><T27/><D112/><U21/><E34/><V18/><F81/><W3/><G103/><T115/><D115/><U76/><E134/><N who="0" m="51817" /><D109/><U37/><E110/><V8/><F38/><W30/><G100/><T74/><D74/><U58/><E76/><V39/><F39/><W99/><G99/><AGARI ba="0,0" hai="13,17,20,27,28,32,41,42,95,99,101" m="51817" machi="99" ten="30,1000,0" yaku="20,1" doraHai="126" who="0" fromWho="3" sc="280,10,196,0,299,0,225,-10" /><INIT seed="6,0,0,1,0,15" ten="290,196,299,215" oya="2" hai0="35,90,66,27,20,54,38,107,30,77,4,134,17" hai1="131,132,91,31,99,7,41,118,86,85,117,75,89" hai2="60,64,25,67,2,126,6,111,59,122,23,12,32" hai3="58,88,53,113,124,116,13,42,21,104,94,98,120"/><V82/><F122/><W50/><G116/><T127/><D107/><U84/><E31/><V48/><F32/><W14/><G120/><T9/><D38/><U39/><E7/><V22/><F2/><W45/><G124/><T105/><D105/><U29/><E29/><V96/><F126/><W18/><G113/><T49/><D77/><U102/><E41/><V128/><F111/><W34/><G104/><T101/><D101/><U112/><E39/><V108/><F108/><W93/><G93/><T97/><D66/><U0/><E0/><V37/><F67/><W73/><G73/><T70/><D70/><U92/><E112/><V10/><F128/><W56/><G34/><T133/><D127/><U119/><E131/><V3/><F23/><W36/><G58/><T26/><D90/><N who="1" m="34315" /><E132/><N who="0" m="50793" /><D97/><U16/><E16/><N who="2" m="12487" /><F3/><W68/><G68/><T8/><D4/><U57/><E57/><AGARI ba="0,0" hai="8,9,17,20,26,27,30,35,49,54,57" m="50793" machi="57" ten="30,2000,0" yaku="20,1,52,1" doraHai="15" who="0" fromWho="1" sc="290,20,196,-20,299,0,215,0" /><INIT seed="7,0,0,2,5,48" ten="310,176,299,215" oya="3" hai0="101,77,86,127,14,87,55,81,68,69,123,41,134" hai1="16,13,3,82,99,89,129,49,1,131,50,20,19" hai2="105,61,37,26,113,119,31,36,114,80,39,29,91" hai3="117,47,51,5,12,124,115,111,46,18,35,34,60"/><W107/><G117/><T125/><D123/><U66/><E66/><V43/><F105/><W74/><G115/><N who="2" m="44041" /><F119/><W58/><G124/><N who="0" m="47691" /><D41/><U44/><E49/><V21/><F61/><W83/><G107/><T42/><D42/><U45/><E45/><N who="2" m="23783" /><F31/><W92/><G111/><T130/><D130/><N who="1" m="49675" /><E19/><V67/><F67/><W11/><G92/><T27/><D101/><U64/><E64/><V30/><F30/><W79/><G18/><T23/><D134/><U8/><E20/><V70/><F70/><N who="0" m="27242" /><D55/><N who="1" m="30151" /><E99/><V104/><F104/><W32/><REACH who="3" step="1"/><G51/><REACH who="3" ten="310,176,299,205" step="2"/><T52/><D81/><U118/><E118/><V128/><F128/><W56/><G56/><T25/><D25/><U71/><E71/><V94/><F80/><W0/><G0/><T120/><D27/><U88/><E82/><V95/><F94/><W53/><AGARI ba="0,1" hai="5,11,12,32,34,35,46,47,53,58,60,74,79,83" machi="53" ten="30,6000,0" yaku="1,1,0,1,52,1,53,0" doraHai="48" doraHaiUra="33" who="3" fromWho="3" sc="310,-20,176,-20,299,-20,205,70" /><INIT seed="7,1,0,3,0,32" ten="290,156,279,275" oya="3" hai0="58,13,66,68,111,122,11,77,86,63,50,49,112" hai1="2,73,62,98,3,0,90,43,127,45,55,34,1" hai2="125,110,17,60,117,84,30,25,7,19,103,4,64" hai3="26,91,124,47,38,80,46,83,105,36,88,85,15"/><W134/><G105/><T74/><D111/><U94/><N who="1" m="0" /><DORA hai="39" /><U78/><E34/><V10/><F117/><W104/><G104/><T29/><D112/><U133/><E133/><V20/><F110/><W61/><G124/><T70/><D74/><U93/><E127/><V114/><F114/><W81/><G134/><T97/><D70/><U119/><E119/><V24/><F103/><W9/><G26/><T65/><D29/><U95/><E73/><V69/><F19/><W41/><G61/><T100/><D68/><U108/><E78/><V53/><F125/><W130/><G130/><T99/><D66/><U118/><E118/><V129/><F129/><W37/><G47/><T79/><D79/><U123/><E108/><V44/><F84/><W23/><G23/><T18/><D122/><U67/><E55/><V75/><F75/><W33/><G33/><T126/><D126/><U12/><E123/><V40/><F53/><W59/><G59/><T82/><D99/><U106/><E106/><AGARI ba="1,0" hai="11,13,18,49,50,58,63,65,77,82,86,97,100,106" machi="106" ten="30,1000,0" yaku="7,1" doraHai="32,39" who="0" fromWho="1" sc="290,13,156,-13,279,0,275,0" owari="303,40.0,143,-36.0,279,8.0,275,-12.0" /></mjloggm>