<mjloggm ver="2.3"><GO type="225" lobby="0"/><UN n0="%E3%82%A6%E3%83%AB%E3%83%88%E3%83%A9%E7%AB%8B%E7%9B%B4" n1="%43%46%76%E6%9D%8F%E6%9D%8F" n2="%E3%83%8D%E3%82%B8%E3%82%AD" n3="%4D%72%2E%6E%69%6B%75%39" dan="17,16,17,17" rate="2126.76,2080.24,2145.72,2201.07" sx="M,F,M,M"/><TAIKYOKU oya="0"/><INIT seed="0,0,0,3,4,58" ten="250,250,250,250" oya="0" hai0="114,21,49,81,24,5,12,135,6,83,62,122,115" hai1="110,14,66,19,124,63,78,82,29,89,106,102,26" hai2="116,9,104,91,36,46,88,72,34,47,65,98,129" hai3="60,61,74,70,40,134,2,0,119,75,27,20,105"/><T45/><D122/><U32/><E110/><V79/><F34/><W1/><G119/><T117/><D117/><U94/><E124/><V90/><F116/><W132/><G105/><T77/><D135/><N who="3" m="51753" /><G40/><T113/><D12/><U121/><E121/><V56/><F129/><W39/><G39/><T95/><D95/><U76/><E82/><V51/><F36/><W118/><G118/><T112/><N who="0" m="28672" /><DORA hai="31" /><T15/><D15/><U54/><E54/><N who="2" m="31839" /><F72/><N who="3" m="27691" /><G70/><T64/><D6/><U123/><E123/><V125/><F125/><W18/><AGARI ba="0,0" hai="0,1,2,18,20,27,60,61" m="27691,51753" machi="18" ten="40,5200,0" yaku="20,1,52,2" doraHai="58,31" who="3" fromWho="3" sc="250,-26,250,-13,250,-13,250,52" /><INIT seed="1,0,0,2,4,10" ten="224,237,237,302" oya="1" hai0="48,63,85,45,35,73,97,1,9,36,98,122,30" hai1="25,46,128,72,39,2,112,57,67,89,77,68,74" hai2="34,120,133,94,8,114,101,7,70,124,99,53,16" hai3="87,110,50,130,55,44,91,95,43,24,92,83,33"/><U23/><E112/><V61/><F120/><W117/><G110/><T27/><D122/><U15/><E2/><V103/><F114/><W100/><G130/><T22/><D73/><U93/><E68/><V75/><F34/><W29/><G117/><T80/><D36/><U32/><E77/><V88/><F75/><W134/><G134/><T86/><D35/><U12/><E32/><V41/><F133/><W129/><G129/><T76/><D1/><U62/><E128/><V115/><F115/><W125/><G125/><T123/><D123/><U126/><E126/><V18/><F41/><W78/><G100/><N who="2" m="38473" /><F70/><W14/><G14/><T26/><D26/><U4/><E4/><V19/><F124/><W96/><REACH who="3" step="1"/><G92/><REACH who="3" ten="224,237,237,292" step="2"/><T11/><D27/><U58/><E12/><N who="2" m="7175" /><F7/><W65/><G65/><T102/><D9/><U21/><E67/><V38/><F38/><W31/><G31/><T84/><D30/><U54/><E39/><V56/><AGARI ba="0,1" hai="18,19,53,56,61,88,94,99" m="7175,38473" machi="56" ten="30,7900,0" yaku="8,1,52,1,54,2" doraHai="10" who="2" fromWho="2" sc="224,-20,237,-39,237,89,292,-20" /><INIT seed="2,0,0,1,4,55" ten="204,198,326,272" oya="2" hai0="104,50,107,29,54,69,115,53,113,100,92,88,83" hai1="75,79,122,36,18,30,47,12,123,15,44,25,90" hai2="80,98,57,78,39,119,120,65,14,74,27,23,16" hai3="135,71,1,102,105,41,89,125,96,10,111,59,13"/><V93/><F119/><W34/><G71/><T97/><D69/><U8/><E90/><V87/><F39/><W32/><G1/><T63/><D29/><U110/><E110/><V26/><F120/><N who="1" m="46121" /><E36/><V84/><F74/><W37/><G111/><T33/><D33/><N who="1" m="20687" /><E15/><V101/><F84/><W9/><G9/><T118/><D118/><U67/><E67/><V24/><F14/><W17/><G125/><T108/><D108/><U21/><E21/><V85/><F85/><W77/><G77/><T60/><D83/><AGARI ba="0,0" hai="8,12,18,44,47,75,79,83" m="20687,46121" machi="83" ten="30,1000,0" yaku="13,1" doraHai="55" who="1" fromWho="0" sc="204,-10,198,10,326,0,272,0" /><INIT seed="3,0,0,4,5,119" ten="194,208,326,272" oya="3" hai0="61,18,118,84,114,130,60,121,1,73,112,2,41" hai1="34,16,44,24,54,7,36,104,133,9,127,37,57" hai2="93,86,111,31,75,113,132,78,96,52,71,77,109" hai3="70,80,124,91,5,134,14,40,106,26,81,21,6"/><W4/><G106/><T27/><D73/><U126/><E104/><V122/><F71/><W115/><G115/><N who="0" m="44075" /><D118/><U83/><E133/><V19/><F31/><W103/><G70/><T10/><D41/><U98/><E98/><V131/><F113/><W22/><G134/><T69/><D130/><U66/><E66/><V88/><F131/><W116/><G116/><T39/><D39/><U63/><E44/><V99/><F132/><W76/><G103/><T43/><D43/><U135/><E135/><V79/><F19/><W67/><G124/><N who="1" m="47658" /><E83/><N who="2" m="45503" /><F52/><W62/><G40/><T50/><D50/><U108/><E108/><N who="2" m="41547" /><F122/><W92/><G14/><N who="0" m="7511" /><D121/><U0/><E16/><V28/><F28/><AGARI ba="0,0" hai="0,7,9,24,28,34,36,37,54,57,63" m="47658" machi="28" ten="30,1000,0" yaku="18,1" doraHai="119" who="1" fromWho="2" sc="194,0,208,10,326,-10,272,0" owari="194,-31.0,218,-18.0,316,42.0,272,7.0" /></mjloggm>