<mjloggm ver="2.3"><GO type="169" lobby="0"/><UN n0="%E5%AE%88%E6%9D%91%E6%A1%9C%E5%BC%A5" n1="%E2%80%A0%E5%9C%92%E5%9F%8E%E5%AF%BA%E6%80%9C%E2%80%A0" n2="%E5%B0%B1%E6%B4%BB%E7%94%9F%40%E5%B7%9D%E6%9D%91%E8%BB%8D%E5%9B%A3" n3="%7A%61%63%63" dan="16,16,18,17" rate="2130.17,2058.07,2268.29,2181.61" sx="M,F,M,F"/><TAIKYOKU oya="0"/><INIT seed="0,0,0,1,5,27" ten="250,250,250,250" oya="0" hai0="54,99,18,105,57,92,0,100,112,60,120,20,58" hai1="113,69,87,86,130,53,103,12,50,95,111,41,91" hai2="127,21,75,116,81,72,31,13,77,47,22,10,39" hai3="17,124,51,118,8,104,68,73,38,11,23,15,126"/><T108/><D120/><U1/><E1/><V59/><F127/><N who="3" m="48683" /><G38/><T96/><D0/><U110/><E69/><V88/><F72/><W49/><G104/><T64/><D112/><U28/><E41/><V5/><F116/><W80/><G68/><T79/><D79/><U109/><E113/><V117/><F117/><W9/><G118/><T85/><D85/><U71/><E71/><V132/><F132/><W82/><G82/><T102/><D108/><U129/><E103/><V46/><F39/><W62/><G62/><T2/><D2/><U98/><E12/><V44/><F31/><W121/><G121/><T29/><D29/><U76/><E28/><V133/><F133/><W134/><G134/><T61/><D20/><U56/><REACH who="1" step="1"/><E76/><AGARI ba="0,0" hai="8,9,11,15,17,23,49,51,73,76,80" m="48683" machi="76" ten="30,1000,0" yaku="18,1" doraHai="27" who="3" fromWho="1" sc="250,0,250,-10,250,0,250,10" /><INIT seed="1,0,0,0,0,34" ten="250,240,250,260" oya="1" hai0="49,72,109,0,97,135,96,126,53,84,6,104,131" hai1="133,102,86,48,117,68,52,3,30,107,121,4,50" hai2="134,113,124,105,130,18,94,78,11,40,106,63,35" hai3="73,64,2,54,114,60,79,69,26,58,129,100,20"/><U36/><E121/><V24/><F124/><W39/><G114/><T119/><D119/><U56/><E117/><V8/><F130/><W71/><G39/><T7/><D126/><U15/><E36/><V70/><F134/><W123/><G123/><T44/><D72/><U33/><E133/><V46/><F113/><W77/><G129/><T111/><D135/><U38/><E38/><V1/><F94/><W116/><G2/><T66/><D66/><U29/><E68/><V27/><F78/><W87/><G73/><T47/><D131/><U103/><E3/><V5/><F46/><W9/><G9/><N who="0" m="2247" /><D7/><U13/><E33/><V45/><F45/><W81/><G79/><T122/><D122/><U108/><E108/><N who="0" m="41545" /><D104/><U67/><E67/><V14/><F40/><W128/><G128/><T51/><D84/><U57/><E107/><V43/><F43/><AGARI ba="0,0" hai="43,44,47,49,51,53,96,97" m="41545,2247" machi="43" ten="30,2000,0" yaku="14,1,52,1" doraHai="34" who="0" fromWho="2" sc="250,20,240,0,250,-20,260,0" /><INIT seed="2,0,0,3,1,36" ten="270,240,230,260" oya="2" hai0="7,128,116,134,60,106,5,84,16,66,41,63,27" hai1="59,115,94,64,8,120,26,124,129,122,135,109,69" hai2="4,88,81,102,97,15,30,113,13,33,49,68,72" hai3="50,85,48,74,45,20,110,55,62,86,111,119,89"/><V76/><F113/><W12/><G74/><T98/><D128/><U100/><E115/><V28/><F68/><W1/><G1/><T82/><D134/><U127/><E69/><V58/><F4/><W130/><G119/><T99/><D116/><U21/><E8/><V38/><F38/><W52/><G62/><N who="0" m="23595" /><D106/><U83/><E64/><V2/><F2/><W75/><G75/><T77/><D66/><U93/><E59/><V56/><F56/><W43/><G130/><T25/><D41/><U78/><E129/><V126/><F126/><N who="1" m="48169" /><E135/><V34/><F30/><W92/><G85/><T90/><D77/><U9/><E9/><V57/><F57/><N who="3" m="32903" /><G55/><T95/><D82/><U123/><E109/><N who="3" m="41482" /><G20/><N who="0" m="13447" /><D27/><U108/><E108/><V44/><F34/><W47/><G47/><T121/><D121/><U105/><E26/><V71/><F71/><W67/><G12/><T35/><D35/><U3/><E3/><V65/><F33/><W24/><G24/><T87/><D87/><N who="1" m="48631" /><E21/><V131/><F131/><W70/><G70/><T6/><AGARI ba="0,0" hai="5,6,7,84,90,95,98,99" m="13447,23595" machi="6" ten="30,2000,0" yaku="8,1,54,1" doraHai="36" who="0" fromWho="0" sc="270,20,240,-5,230,-10,260,-5" /><INIT seed="3,0,0,1,3,75" ten="290,235,220,255" oya="3" hai0="64,4,110,103,69,52,7,100,109,102,125,126,23" hai1="8,96,82,87,74,38,113,55,133,22,36,59,72" hai2="12,20,117,76,62,66,114,41,14,99,37,112,95" hai3="97,86,24,104,46,33,10,90,57,101,124,130,118"/><W88/><G118/><T19/><D69/><U13/><E113/><V135/><F117/><W122/><G122/><T50/><D64/><U21/><E133/><V17/><F135/><W111/><G130/><T58/><D19/><U15/><E96/><V91/><F37/><W134/><G134/><T27/><D27/><U71/><E71/><V80/><F41/><W18/><G124/><N who="0" m="47723" /><D23/><U3/><E3/><V53/><F53/><W5/><G57/><T49/><D50/><U93/><E93/><V42/><F42/><W48/><G111/><AGARI ba="0,0" hai="4,7,49,52,58,100,102,103,109,110,111" m="47723" machi="111" ten="40,5200,0" yaku="14,1,18,1,54,1" doraHai="75" who="0" fromWho="3" sc="290,52,235,0,220,0,255,-52" /><INIT seed="4,0,0,0,3,29" ten="342,235,220,203" oya="0" hai0="49,94,129,97,82,14,3,30,100,83,52,40,35" hai1="72,73,126,39,118,105,78,10,46,76,55,1,69" hai2="43,121,120,19,23,102,18,32,101,27,74,104,98" hai3="0,116,8,90,109,56,112,117,110,17,133,84,79"/><T15/><D3/><U57/><E69/><V92/><F74/><W115/><G56/><T22/><D129/><U5/><E118/><N who="3" m="45674" /><G17/><T88/><D35/><U60/><E126/><V131/><F131/><W9/><G0/><T24/><D40/><N who="1" m="22815" /><E76/><V20/><F43/><W125/><G9/><T135/><D135/><U70/><E72/><V68/><F68/><W11/><G8/><T36/><D36/><U33/><E70/><V124/><F124/><W61/><G11/><T95/><D83/><N who="1" m="45519" /><E105/><V7/><F32/><AGARI ba="0,0" hai="1,5,10,32,33,55,57,60" m="45519,22815" machi="32" ten="30,3900,0" yaku="25,1,52,2" doraHai="29" who="1" fromWho="2" sc="342,0,235,39,220,-39,203,0" /><INIT seed="5,0,0,5,3,86" ten="342,274,181,203" oya="1" hai0="134,5,49,106,114,88,16,40,17,6,81,100,118" hai1="44,1,11,79,121,9,31,127,28,130,54,72,15" hai2="48,10,47,101,34,2,30,19,26,41,97,32,131" hai3="132,53,105,14,45,125,80,120,56,55,123,57,109"/><U68/><E121/><V87/><F131/><W12/><G105/><T23/><D118/><U43/><E130/><V50/><F34/><W51/><G109/><T111/><D111/><U62/><E127/><V90/><F2/><W102/><G132/><T60/><D106/><U22/><E22/><V117/><F117/><W39/><G102/><T115/><D100/><U70/><E54/><V8/><F19/><N who="0" m="7242" /><D23/><U65/><E70/><V61/><F61/><W42/><G125/><T95/><D81/><N who="1" m="45287" /><E15/><V91/><F50/><W112/><G112/><N who="0" m="43051" /><D134/><U119/><E11/><V103/><F8/><W67/><G80/><T98/><D60/><U13/><E13/><V99/><F10/><W104/><G104/><T128/><D128/><U58/><E58/><V18/><F18/><W27/><G27/><T113/><D113/><U59/><E68/><V74/><F74/><W78/><G78/><T133/><D133/><U76/><E76/><V64/><F64/><W107/><G107/><T126/><D126/><U38/><E119/><V129/><F129/><W124/><G124/><T7/><D7/><AGARI ba="0,0" hai="1,7,9,28,31,38,43,44,59,62,65" m="45287" machi="7" ten="30,1500,0" yaku="25,1" doraHai="86" who="1" fromWho="0" sc="342,-15,274,15,181,0,203,0" /><INIT seed="5,1,0,5,1,64" ten="327,289,181,203" oya="1" hai0="25,3,18,102,30,109,54,39,94,45,80,72,59" hai1="21,43,92,68,50,89,90,74,97,95,22,135,6" hai2="35,86,10,66,123,16,69,61,0,9,2,70,128" hai3="58,125,120,93,52,119,37,41,105,13,88,38,76"/><U17/><E74/><V114/><F123/><W121/><G105/><T20/><D3/><U127/><E127/><V75/><F75/><W85/><G125/><T91/><D109/><U133/><E6/><V31/><F10/><W126/><G126/><T134/><D134/><N who="1" m="51211" /><E43/><V14/><F128/><W111/><G111/><T33/><D102/><U36/><E50/><V87/><F114/><W96/><G119/><T122/><D122/><U117/><E117/><V4/><F70/><W24/><G41/><T19/><D39/><U118/><E36/><V131/><F131/><W55/><G55/><T124/><D45/><U12/><E118/><V46/><F46/><W108/><G108/><T48/><D124/><U82/><E82/><V129/><F129/><W81/><G121/><T107/><D107/><U47/><E47/><V83/><F83/><W8/><G24/><T84/><REACH who="0" step="1"/><D33/><REACH who="0" ten="317,289,181,203" step="2"/><U11/><E68/><V101/><F101/><W112/><G120/><T53/><D53/><U98/><AGARI ba="1,1" hai="11,12,17,21,22,89,90,92,95,97,98" m="51211" machi="98" ten="30,1500,0" yaku="20,1" doraHai="64" who="1" fromWho="1" sc="317,-6,289,28,181,-6,203,-6" /><INIT seed="5,2,0,4,0,99" ten="311,317,175,197" oya="1" hai0="120,41,62,125,115,67,47,131,77,71,97,117,78" hai1="12,28,26,85,5,37,15,80,56,70,59,17,116" hai2="21,40,121,24,93,129,6,89,53,126,73,103,25" hai3="49,19,130,61,52,22,65,42,54,92,46,31,8"/><U27/><E116/><V91/><F121/><W95/><G130/><T107/><D117/><U105/><E105/><V57/><F73/><W76/><G31/><T55/><D115/><U118/><E70/><V63/><F126/><W72/><G76/><T83/><D125/><U66/><E37/><V86/><F129/><W133/><G72/><T106/><D120/><U119/><E5/><V44/><F6/><W84/><G8/><T94/><D55/><U98/><E98/><N who="2" m="59855" /><F86/><W102/><G133/><T123/><D78/><U75/><E75/><V109/><F109/><W36/><G84/><T81/><D81/><U64/><E85/><V108/><F108/><W30/><G30/><T114/><D114/><U50/><E28/><N who="2" m="17423" /><F25/><W34/><G34/><T110/><D110/><U39/><E80/><V135/><F135/><W128/><G128/><T20/><D20/><U134/><E134/><V7/><F7/><W68/><G102/><T96/><D96/><U88/><E39/><V18/><F18/><W32/><G32/><T2/><D2/><U1/><E1/><V23/><F23/><W9/><G9/><T112/><D112/><U113/><E113/><V3/><F3/><W29/><G29/><T10/><D10/><U13/><E13/><V51/><AGARI ba="2,0" hai="40,44,51,53,57,63,89,91" m="17423,59855" machi="51" ten="30,2000,0" yaku="8,1,52,1" doraHai="99" who="2" fromWho="2" sc="311,-7,317,-12,175,26,197,-7" /><INIT seed="6,0,0,1,1,134" ten="304,305,201,190" oya="2" hai0="126,99,50,46,123,54,81,26,131,94,16,41,53" hai1="40,83,84,34,24,79,13,133,93,6,104,38,88" hai2="107,58,74,129,28,127,5,52,114,39,108,75,119" hai3="95,106,132,121,60,23,4,111,66,17,68,65,27"/><V61/><F119/><W109/><G132/><T82/><D126/><U69/><E69/><V87/><F39/><W22/><G121/><T113/><D123/><U73/><E133/><V89/><F107/><W56/><G106/><T15/><D26/><U14/><E34/><V122/><F122/><W18/><G4/><T67/><D67/><U37/><E24/><V63/><F114/><W105/><G105/><T117/><D113/><U62/><E62/><V8/><F108/><W70/><G95/><T128/><D117/><U10/><E104/><V91/><F129/><N who="0" m="49738" /><D81/><U76/><E76/><V85/><F127/><W12/><REACH who="3" step="1"/><G66/><REACH who="3" ten="304,305,201,180" step="2"/><T49/><D82/><U1/><E38/><V72/><F28/><W11/><G11/><T51/><D94/><U130/><E130/><V116/><F116/><W0/><G0/><T124/><D124/><U33/><E33/><V36/><F36/><W97/><G97/><T55/><D99/><U80/><E80/><V3/><F87/><W77/><G77/><T135/><D135/><U57/><E93/><V98/><F98/><W32/><G32/><T21/><AGARI ba="0,1" hai="15,16,21,41,46,49,50,51,53,54,55" m="49738" machi="21" ten="30,2000,0" yaku="19,1,54,1" doraHai="134" who="0" fromWho="0" sc="304,30,305,-5,201,-10,180,-5" /><INIT seed="7,0,0,0,1,42" ten="334,300,191,175" oya="3" hai0="52,93,58,24,41,14,67,92,50,22,36,35,81" hai1="110,3,85,39,46,47,63,132,116,33,101,15,123" hai2="18,1,124,62,29,55,20,112,115,19,76,28,79" hai3="8,57,97,127,134,94,43,54,38,73,9,95,6"/><W32/><G32/><T60/><D36/><U131/><E123/><V129/><F1/><W102/><G73/><T69/><D35/><U100/><E39/><V48/><F62/><W0/><G134/><T118/><D118/><U49/><E3/><V34/><F124/><W109/><G127/><T111/><D111/><U90/><E110/><V17/><F129/><W96/><G109/><T10/><D41/><U53/><E33/><V59/><F34/><W121/><G121/><T11/><D81/><N who="1" m="49455" /><E132/><V84/><F20/><W44/><G9/><T82/><D82/><U114/><E114/><N who="2" m="43563" /><F84/><W98/><REACH who="3" step="1"/><G94/><REACH who="3" ten="334,300,191,165" step="2"/><T119/><D11/><U37/><E116/><V135/><F135/><W130/><G130/><T75/><D75/><U133/><E133/><V80/><F80/><W99/><G99/><T30/><D119/><U5/><E131/><V105/><F105/><W72/><G72/><T51/><D92/><U61/><E101/><V91/><F91/><W23/><G23/><T87/><D93/><U25/><E100/><V2/><F2/><W68/><G68/><T108/><D108/><U12/><E12/><V65/><F65/><W16/><G16/><T107/><D107/><U21/><E15/><V45/><F59/><W126/><G126/><T64/><D64/><U40/><E5/><V78/><AGARI ba="0,1" hai="17,18,19,28,29,45,48,55,76,78,79" m="43563" machi="78" ten="40,2700,0" yaku="15,1,52,1" doraHai="42" who="2" fromWho="2" sc="334,-7,300,-7,191,37,165,-13" owari="327,43.0,293,9.0,228,-17.0,152,-35.0" /></mjloggm>