<mjloggm ver="2.3"><GO type="169" lobby="0"/><UN n0="%E3%83%AD%E3%83%83%E3%83%86%E9%9B%80%E7%90%83" n1="%75%65%73%68%6F%77" n2="%E6%9C%88%E3%83%9F%E7%85%A7%E2%98%86" n3="%E3%82%A6%E3%83%AB%E3%83%88%E3%83%A9%E7%AB%8B%E7%9B%B4" dan="16,16,17,18" rate="2164.07,2106.17,2192.37,2214.80" sx="M,M,M,M"/><TAIKYOKU oya="0"/><INIT seed="0,0,0,2,3,1" ten="250,250,250,250" oya="0" hai0="87,98,112,8,63,0,31,107,27,21,120,80,116" hai1="102,58,132,95,54,61,104,86,16,77,111,13,94" hai2="34,38,9,11,118,99,5,12,74,36,51,72,2" hai3="92,62,88,41,134,57,135,19,44,59,42,133,23"/><T10/><D112/><U17/><E132/><V123/><F123/><W79/><G79/><T67/><D120/><U106/><E111/><V100/><F34/><W56/><G62/><T91/><D116/><U24/><E106/><V129/><F129/><W37/><G42/><T68/><REACH who="0" step="1"/><D0/><REACH who="0" ten="240,250,250,250" step="2"/><U75/><E75/><V108/><F118/><W96/><REACH who="3" step="1"/><G59/><REACH who="3" ten="240,250,250,240" step="2"/><T30/><D30/><U47/><E58/><V78/><F108/><W127/><G127/><T76/><D76/><U28/><E77/><V83/><F78/><W113/><G113/><T73/><D73/><U3/><E47/><V22/><F74/><W103/><G103/><AGARI ba="0,2" hai="8,10,21,27,31,63,67,68,80,87,91,98,103,107" machi="103" ten="40,2000,0" yaku="1,1,53,0" doraHai="1" doraHaiUra="126" who="0" fromWho="3" sc="240,40,250,0,250,0,240,-20" /><INIT seed="0,1,0,5,0,66" ten="280,250,250,220" oya="0" hai0="125,112,50,79,100,104,14,78,31,94,68,43,113" hai1="11,72,133,8,105,115,87,25,13,96,77,107,27" hai2="99,121,7,119,65,30,86,53,120,52,122,42,10" hai3="128,93,48,71,54,85,88,62,35,17,3,114,91"/><T39/><D39/><U21/><E72/><V32/><F119/><W41/><G114/><T130/><D104/><U45/><E115/><V49/><F65/><W9/><G35/><T110/><D68/><U118/><E118/><V129/><F129/><W126/><G128/><T15/><D130/><U23/><E133/><V90/><F99/><W20/><G126/><T57/><D125/><U123/><E123/><V131/><F131/><W40/><G3/><T67/><D110/><U55/><E107/><V82/><F42/><W81/><G62/><N who="0" m="38351" /><D31/><N who="1" m="17839" /><E96/><V63/><F63/><W132/><G71/><T101/><D113/><U34/><E34/><V97/><F97/><W70/><G70/><T117/><D94/><U108/><E108/><V116/><F116/><W124/><G132/><T111/><D111/><U98/><E98/><V16/><F30/><W44/><G124/><T106/><D106/><U36/><E36/><V75/><F32/><W61/><G61/><T102/><D112/><U83/><E105/><V1/><F75/><W46/><G93/><T28/><D28/><N who="1" m="17535" /><E13/><N who="0" m="4617" /><D117/><U37/><E37/><V2/><F2/><W38/><G38/><T26/><D26/><U29/><E29/><V47/><REACH who="2" step="1"/><F53/><REACH who="2" ten="280,250,240,220" step="2"/><W60/><G54/><T92/><D43/><U56/><E56/><V4/><F4/><W109/><G41/><T5/><D5/><U33/><E33/><V74/><F74/><W76/><G109/><T19/><D19/><AGARI ba="1,1" hai="1,7,10,16,19,47,49,52,82,86,90,120,121,122" machi="19" ten="40,5200,0" yaku="1,1,54,2,53,0" doraHai="66" doraHaiUra="95" who="2" fromWho="0" sc="280,-55,250,0,240,65,220,0" /><INIT seed="1,0,0,2,0,24" ten="225,250,305,220" oya="1" hai0="80,116,50,30,53,90,100,79,103,4,11,49,130" hai1="102,107,37,109,106,82,59,94,39,9,40,85,3" hai2="92,61,51,0,38,33,105,8,135,73,13,117,113" hai3="124,10,36,87,101,57,84,2,56,67,70,83,69"/><U35/><E35/><V122/><RYUUKYOKU type="yao9" ba="0,0" sc="225,0,250,0,305,0,220,0" hai2="0,8,13,33,38,51,61,73,92,105,113,117,122,135" /><INIT seed="1,1,0,5,1,8" ten="225,250,305,220" oya="1" hai0="63,53,34,70,72,73,91,66,104,109,62,126,21" hai1="76,9,122,2,14,101,47,41,28,51,18,38,4" hai2="83,15,89,117,1,33,60,88,52,29,113,80,99" hai3="125,30,45,105,118,96,124,42,128,108,106,16,68"/><U81/><E122/><V130/><F117/><W64/><G118/><T20/><D34/><U114/><E114/><V69/><F1/><W26/><G108/><T48/><D109/><U116/><E116/><V129/><F113/><W85/><G85/><T5/><D126/><N who="3" m="48745" /><G96/><T135/><D135/><U13/><E28/><V111/><F111/><W82/><G82/><N who="2" m="31273" /><F33/><N who="3" m="20695" /><G128/><N who="2" m="49257" /><F29/><W19/><G64/><T55/><D66/><U3/><E101/><V65/><F99/><W40/><G40/><T78/><D78/><U67/><E67/><V50/><F15/><W120/><G68/><T7/><D70/><U54/><E38/><V12/><F12/><W36/><G120/><T46/><D91/><U0/><E41/><V31/><F31/><W43/><G43/><T27/><D27/><U23/><REACH who="1" step="1"/><E0/><REACH who="1" ten="225,240,305,220" step="2"/><V22/><F22/><W35/><G35/><T103/><D21/><U10/><E10/><V79/><F79/><W75/><G75/><AGARI ba="1,1" hai="2,3,4,9,13,14,18,23,47,51,54,75,76,81" machi="75" ten="30,11600,0" yaku="1,1,7,1,52,2,53,0" doraHai="8" doraHaiUra="133" who="1" fromWho="3" sc="225,0,240,129,305,0,220,-119" /><INIT seed="1,2,0,4,1,116" ten="225,369,305,101" oya="1" hai0="58,70,22,86,129,15,16,62,65,71,110,133,18" hai1="40,124,94,33,68,10,1,64,85,50,60,91,28" hai2="74,29,78,37,27,95,92,114,84,105,107,35,119" hai3="32,109,34,106,57,12,125,90,132,5,83,42,17"/><U25/><E124/><V69/><F37/><W19/><G106/><T122/><D110/><U98/><E40/><V135/><F69/><W118/><G118/><T14/><D133/><U26/><E50/><V67/><F67/><W51/><G109/><T61/><D129/><U75/><E75/><V36/><F36/><W126/><G132/><T39/><D39/><U9/><E1/><V7/><F135/><W52/><G42/><T96/><D122/><U49/><E49/><V63/><F63/><W13/><G5/><T97/><D86/><U73/><E73/><V88/><F119/><W66/><G66/><T120/><D120/><U11/><E26/><V80/><F114/><W117/><G117/><T108/><D108/><U55/><E55/><V81/><F7/><W48/><G83/><T20/><REACH who="0" step="1"/><D71/><REACH who="0" ten="215,369,305,101" step="2"/><U113/><E113/><V130/><F130/><W104/><G126/><T8/><D8/><U123/><REACH who="1" step="1"/><E85/><REACH who="1" ten="215,359,305,101" step="2"/><V121/><F121/><AGARI ba="2,2" hai="9,10,11,25,28,33,60,64,68,91,94,98,121,123" machi="121" ten="40,12000,1" yaku="1,1,2,1,52,2,53,0" doraHai="116" doraHaiUra="41" who="1" fromWho="2" sc="215,0,359,146,305,-126,101,0" /><INIT seed="1,3,0,5,5,111" ten="215,505,179,101" oya="1" hai0="58,21,94,93,85,80,70,75,113,65,103,77,1" hai1="8,131,37,109,9,17,11,106,122,34,48,20,86" hai2="28,125,24,51,31,52,42,47,72,56,68,112,83" hai3="36,38,115,3,133,13,61,134,110,118,124,123,104"/><U44/><E106/><V95/><F68/><W74/><G13/><T39/><D70/><U18/><E37/><V54/><F125/><W71/><G61/><N who="0" m="38071" /><D113/><U105/><E105/><V76/><F112/><W89/><G89/><T87/><D75/><U92/><E122/><V35/><F31/><W97/><G97/><N who="0" m="59823" /><D1/><U101/><E34/><V120/><F120/><W84/><G84/><N who="0" m="48143" /><D39/><U98/><E109/><V102/><F102/><W4/><G4/><T114/><D114/><U117/><E131/><V29/><F29/><W99/><G99/><T26/><D94/><U130/><E117/><V90/><REACH who="2" step="1"/><F56/><REACH who="2" ten="215,505,169,101" step="2"/><W63/><G134/><T0/><D0/><U88/><E130/><V27/><F27/><W49/><G63/><T15/><D15/><U69/><E69/><V135/><F135/><W100/><G100/><T96/><D96/><AGARI ba="3,1" hai="24,28,35,42,47,51,52,54,72,76,83,90,95,96" machi="96" ten="30,3900,0" yaku="1,1,7,1,54,1,53,0" doraHai="111" doraHaiUra="6" who="2" fromWho="0" sc="215,-48,505,0,169,58,101,0" /><INIT seed="2,0,0,3,1,57" ten="167,505,227,101" oya="2" hai0="22,18,0,76,48,104,106,95,55,21,94,73,132" hai1="33,110,41,46,3,129,65,14,119,89,134,36,83" hai2="68,74,127,78,17,70,1,79,71,133,88,16,38" hai3="82,43,69,98,92,63,128,34,2,23,58,107,39"/><V53/><F127/><W81/><G128/><T30/><D0/><U112/><E14/><V91/><F38/><W125/><G125/><T62/><D132/><U27/><E89/><N who="2" m="34379" /><F1/><W109/><G109/><T105/><D30/><U31/><E110/><V47/><F47/><W42/><G34/><T25/><D25/><U11/><E134/><V114/><F133/><W66/><G107/><T115/><D115/><U56/><E119/><V97/><F53/><W100/><G2/><T77/><D73/><U12/><E129/><V102/><F102/><W19/><G69/><T44/><D77/><N who="2" m="29194" /><F97/><W64/><G64/><T72/><D76/><U131/><E131/><V108/><F108/><W87/><G87/><T93/><D72/><U49/><E3/><V40/><F74/><W28/><G39/><T67/><REACH who="0" step="1"/><D18/><REACH who="0" ten="157,505,227,101" step="2"/><N who="2" m="7274" /><F40/><N who="3" m="15403" /><G28/><T7/><D7/><U45/><E36/><V8/><F8/><W86/><G86/><T52/><D52/><U20/><E41/><V126/><F126/><W85/><G85/><T32/><D32/><U120/><E33/><V111/><F111/><W6/><G6/><T60/><D60/><U90/><E31/><V135/><F135/><W4/><G4/><T50/><D50/><U26/><E49/><V123/><F114/><W75/><G75/><T54/><D54/><U59/><E112/><V15/><F123/><W130/><G130/><T113/><D113/><U103/><E120/><V80/><F80/><W118/><G118/><T37/><D37/><U84/><E83/><V101/><F15/><AGARI ba="0,1" hai="15,19,23,58,63,66,81,82,92,98,100" m="15403" machi="15" ten="30,2000,0" yaku="8,1,52,1" doraHai="57" who="3" fromWho="2" sc="157,0,505,0,227,-20,101,30" /><INIT seed="3,0,0,4,3,45" ten="157,505,207,131" oya="3" hai0="93,88,118,6,28,104,85,16,80,44,42,37,32" hai1="3,87,20,98,83,74,113,97,91,1,133,50,110" hai2="23,39,102,82,12,56,26,123,27,100,2,43,77" hai3="90,114,101,73,126,36,78,61,13,132,109,72,103"/><W21/><G36/><T121/><D121/><U68/><E68/><V55/><F2/><W54/><G114/><T4/><D118/><U5/><E74/><V19/><F123/><W24/><G72/><T69/><D104/><U128/><E128/><V95/><F39/><W96/><G126/><T115/><D69/><U30/><E110/><V0/><F0/><W62/><G109/><T38/><D38/><U18/><E30/><V117/><F117/><W67/><G132/><T49/><D115/><U35/><E35/><V119/><F43/><W34/><G34/><T94/><D37/><U17/><E113/><V125/><F125/><W11/><G78/><T76/><D94/><U131/><E131/><V33/><F33/><W22/><G73/><T99/><REACH who="0" step="1"/><D16/><REACH who="0" ten="147,505,207,131" step="2"/><U86/><E18/><V124/><F119/><W41/><G24/><AGARI ba="0,1" hai="4,6,24,28,32,42,44,49,76,80,85,88,93,99" machi="24" ten="40,8000,1" yaku="1,1,2,1,52,1,54,1,53,0" doraHai="45" doraHaiUra="60" who="0" fromWho="3" sc="147,90,505,0,207,0,131,-80" /><INIT seed="4,0,0,2,0,115" ten="237,505,207,51" oya="0" hai0="60,67,85,47,77,72,95,64,28,17,8,62,80" hai1="133,51,78,132,20,110,114,122,57,113,7,6,49" hai2="92,30,1,111,109,68,21,27,75,100,34,74,101" hai3="117,18,46,127,22,39,107,70,103,108,26,106,29"/><T4/><D28/><U90/><E78/><V119/><F68/><W126/><G70/><T135/><D135/><N who="1" m="51787" /><E110/><V89/><F1/><W104/><G108/><T128/><D128/><U84/><E20/><V35/><F21/><W59/><G103/><T124/><D124/><N who="3" m="47657" /><G59/><T73/><D17/><U88/><E90/><V13/><F13/><W81/><G81/><T2/><D47/><U12/><E122/><V11/><F89/><W37/><G18/><T102/><D102/><U94/><E6/><V125/><F125/><W9/><G9/><T76/><D95/><U25/><E25/><V129/><F27/><W65/><G65/><T41/><D67/><U31/><E31/><V93/><F30/><W87/><G87/><T45/><D77/><U82/><E82/><V3/><F11/><W121/><G121/><T131/><D131/><U79/><E79/><V98/><F129/><W48/><G48/><N who="1" m="18506" /><E57/><V32/><F32/><N who="3" m="20535" /><G46/><T83/><D83/><U54/><E54/><V56/><F56/><W24/><G22/><T38/><D62/><U33/><E33/><V36/><F35/><W55/><G55/><T44/><D44/><U50/><E50/><V105/><F34/><W10/><G10/><AGARI ba="0,0" hai="7,10,12,84,88,94,113,114" m="18506,51787" machi="10" ten="40,2600,0" yaku="20,1,54,1" doraHai="115" who="1" fromWho="3" sc="237,0,505,26,207,0,51,-26" /><INIT seed="5,0,0,3,5,81" ten="237,531,207,25" oya="1" hai0="71,93,68,58,114,78,89,105,51,18,118,23,54" hai1="92,29,43,39,37,5,108,95,123,17,107,8,45" hai2="84,55,69,47,131,130,25,106,40,14,101,19,3" hai3="94,129,103,41,60,20,15,77,34,52,100,44,74"/><U42/><E107/><V96/><F3/><W86/><G34/><T85/><D118/><U134/><E123/><V109/><F109/><W33/><G33/><T97/><D114/><U35/><E35/><V113/><F69/><W26/><G129/><N who="2" m="49161" /><F113/><W116/><G116/><T36/><D36/><U50/><E29/><V115/><F115/><W90/><G15/><N who="0" m="9695" /><D78/><U67/><E67/><V59/><F25/><W16/><G77/><T0/><D0/><U75/><E17/><V126/><F126/><W2/><G74/><T76/><D76/><U91/><E75/><V49/><F84/><W30/><G30/><T112/><D112/><U83/><E134/><V11/><F59/><N who="3" m="34919" /><G2/><T38/><D38/><U28/><E28/><V48/><F48/><W121/><G121/><T61/><D61/><U135/><E135/><V4/><F4/><W128/><G128/><T98/><D105/><U56/><E37/><V13/><F13/><W132/><G132/><T82/><D71/><U73/><E108/><V63/><F63/><W31/><G31/><T66/><D68/><U117/><E117/><V124/><F124/><W57/><G57/><T65/><D98/><U102/><E73/><V99/><F99/><W9/><G9/><T104/><D104/><U133/><E133/><V6/><F6/><W24/><G24/><T110/><D110/><U10/><E10/><V64/><F64/><W79/><G79/><T72/><D72/><U53/><E102/><V32/><F32/><W1/><G1/><T70/><D70/><U46/><E39/><V87/><F40/><W111/><G111/><RYUUKYOKU ba="0,0" sc="237,10,531,-30,207,10,25,10" hai0="51,54,58,65,66,82,85,89,93,97" hai2="11,14,19,47,49,55,87,96,101,106" hai3="16,20,26,41,44,86,90,94,100,103" /><INIT seed="6,1,0,1,3,10" ten="247,501,217,35" oya="2" hai0="94,127,108,131,65,35,78,31,24,42,60,25,17" hai1="87,27,74,123,55,113,38,114,124,54,40,102,67" hai2="84,128,72,70,21,46,107,99,33,61,48,71,96" hai3="13,0,76,120,77,12,53,135,92,62,111,63,126"/><V79/><F33/><W52/><G0/><T19/><D108/><U105/><E74/><V1/><F72/><W4/><G4/><T57/><D127/><U16/><E124/><V82/><F1/><W133/><G126/><T106/><D106/><U88/><E67/><V100/><F128/><W56/><G92/><T8/><D131/><U121/><E40/><V36/><F36/><W44/><G111/><T73/><D42/><U132/><E38/><V15/><F99/><W83/><G83/><T115/><D115/><N who="1" m="44043" /><E132/><N who="3" m="50762" /><G120/><N who="1" m="46154" /><E102/><V98/><F98/><W23/><G23/><T18/><D94/><N who="1" m="54559" /><E105/><V66/><F71/><W7/><G7/><T104/><D104/><U75/><E75/><V58/><F70/><W129/><G129/><T80/><REACH who="0" step="1"/><D25/><REACH who="0" ten="237,501,217,35" step="2"/><U32/><E32/><V37/><F107/><W95/><G95/><T89/><D89/><U90/><E90/><V9/><F100/><W22/><G77/><T5/><D5/><U86/><E86/><V118/><F84/><W41/><G76/><T20/><D20/><AGARI ba="1,1" hai="16,20,27,54,55" m="54559,46154,44043" machi="20" ten="30,7700,0" yaku="15,1,13,1,54,2" doraHai="10" who="1" fromWho="0" sc="237,-80,501,90,217,0,35,0" /><INIT seed="7,0,0,0,4,87" ten="157,591,217,35" oya="3" hai0="103,47,107,19,69,126,118,127,68,11,120,119,110" hai1="73,130,125,113,86,35,6,25,44,41,111,74,94" hai2="30,0,131,58,9,32,7,45,106,84,71,135,33" hai3="29,48,54,3,122,40,98,55,1,83,100,53,101"/><W37/><G122/><T104/><D110/><U16/><E111/><V27/><F71/><N who="0" m="27210" /><D47/><U128/><E125/><N who="0" m="47625" /><D103/><U43/><E113/><V63/><F106/><N who="0" m="40490" /><D120/><U76/><E44/><V105/><F105/><W70/><G70/><T15/><AGARI ba="0,0" hai="11,15,19,118,119" m="40490,47625,27210" machi="15" ten="40,1500,0" yaku="18,1" doraHai="87" who="0" fromWho="0" sc="157,15,591,-4,217,-4,35,-7" owari="172,-23.0,587,69.0,213,1.0,28,-47.0" /></mjloggm>