<mjloggm ver="2.3"><GO type="169" lobby="0"/><UN n0="%E3%82%A6%E3%83%AB%E3%83%88%E3%83%A9%E7%AB%8B%E7%9B%B4" n1="%E6%9A%97%E3%81%84%E7%AC%A6" n2="%49%65%74%74%61" n3="%E6%B0%B4%E5%93%89%E3%81%AE%E3%83%AC%E3%82%B8%E3%82%A7%E3%83%B3%E3%83%89" dan="17,17,16,16" rate="2219.51,2178.13,2088.12,2097.64" sx="M,M,M,M"/><TAIKYOKU oya="0"/><INIT seed="0,0,0,0,5,125" ten="250,250,250,250" oya="0" hai0="55,89,128,73,80,4,88,8,71,109,13,130,82" hai1="9,85,78,0,36,105,46,25,116,119,63,91,38" hai2="115,30,18,87,79,31,110,33,24,37,74,121,64" hai3="134,60,112,107,100,68,101,34,45,75,131,96,61"/><T124/><D71/><U102/><E63/><V127/><F74/><W7/><G112/><T77/><D124/><U135/><E25/><V66/><F37/><W72/><G134/><T86/><D109/><U133/><E9/><V32/><F115/><W108/><G108/><T65/><D65/><U43/><E0/><V118/><F121/><W40/><G101/><T114/><D114/><U22/><E22/><V44/><F44/><W122/><G122/><T67/><D67/><U103/><E78/><V106/><F106/><W48/><G7/><T57/><REACH who="0" step="1"/><D89/><REACH who="0" ten="240,250,250,250" step="2"/><U113/><E113/><V53/><F66/><W12/><G68/><T120/><D120/><U35/><E91/><V5/><F64/><W21/><G100/><T69/><D69/><U111/><E103/><V59/><F110/><W23/><G61/><AGARI ba="0,1" hai="4,8,13,55,57,61,73,77,80,82,86,88,128,130" machi="61" ten="40,12000,1" yaku="1,1,52,2,54,1,53,0" doraHai="125" doraHaiUra="39" who="0" fromWho="3" sc="240,130,250,0,250,0,250,-120" /><INIT seed="0,1,0,5,5,115" ten="370,250,250,130" oya="0" hai0="113,101,75,133,70,19,3,69,96,58,114,17,9" hai1="80,90,26,54,120,100,36,94,121,110,30,82,127" hai2="105,41,83,129,109,15,10,52,86,132,32,93,14" hai3="50,67,27,73,71,89,46,107,2,111,135,87,22"/><T55/><D75/><U43/><E43/><V116/><F105/><W128/><G73/><T16/><D133/><U98/><E36/><V72/><F32/><W18/><G2/><T124/><D124/><U117/><E127/><V25/><F41/><W68/><G107/><T29/><D29/><U51/><E110/><V106/><F106/><W62/><G111/><T126/><D126/><U130/><E130/><V131/><F72/><W6/><G6/><T97/><D9/><U47/><E82/><V63/><F25/><W95/><G135/><T13/><D13/><U31/><E31/><V23/><F23/><W8/><G8/><T61/><D3/><U103/><E103/><V134/><F93/><W37/><G37/><T123/><D123/><U118/><E80/><V34/><F15/><W39/><G39/><T48/><D101/><U49/><E51/><V99/><F99/><W104/><G104/><T91/><D91/><U21/><REACH who="1" step="1"/><E100/><REACH who="1" ten="370,240,250,130" step="2"/><V24/><F132/><W4/><G128/><T77/><D77/><U74/><E74/><V53/><F134/><W33/><G50/><T119/><D114/><U38/><E38/><V85/><F109/><W0/><G62/><T66/><D113/><U7/><E7/><V112/><F63/><W125/><G4/><T79/><D79/><U42/><E42/><V45/><F112/><W122/><G125/><T81/><D81/><U60/><E60/><V88/><F83/><W65/><G122/><AGARI ba="1,1" hai="21,26,30,47,49,54,90,94,98,117,118,120,121,122" machi="122" ten="40,5200,0" yaku="1,1,52,2,53,0" doraHai="115" doraHaiUra="11" who="1" fromWho="3" sc="370,0,240,65,250,0,130,-55" /><INIT seed="1,0,0,4,2,120" ten="370,305,250,75" oya="1" hai0="36,43,3,118,90,50,23,40,132,101,47,49,121" hai1="32,70,58,111,20,68,44,66,64,130,22,45,72" hai2="56,27,106,39,113,115,74,85,53,125,127,9,17" hai3="134,55,92,38,18,98,128,122,41,126,87,86,29"/><U84/><E72/><V19/><F106/><W10/><G122/><T114/><D101/><U14/><E32/><V15/><F74/><W52/><G128/><T93/><D3/><U11/><E130/><V25/><F39/><W97/><G134/><T4/><D4/><U77/><E70/><V2/><F85/><W30/><G126/><N who="2" m="48137" /><F56/><W80/><G38/><T91/><D36/><U108/><E68/><V88/><F2/><W133/><G41/><T119/><D132/><U129/><E129/><V67/><F67/><N who="1" m="25641" /><E58/><V34/><F53/><N who="3" m="20555" /><G133/><T61/><D121/><U112/><E84/><N who="3" m="32298" /><G80/><T24/><D118/><U82/><E82/><V99/><F99/><N who="3" m="37899" /><G92/><T31/><D93/><U100/><E100/><V131/><F131/><W12/><AGARI ba="0,0" hai="10,12,18,29,30" m="37899,32298,20555" machi="12" ten="30,2000,0" yaku="8,1,54,1" doraHai="120" who="3" fromWho="3" sc="370,-5,305,-10,250,-5,75,20" /><INIT seed="2,0,0,0,0,62" ten="365,295,245,95" oya="2" hai0="93,76,21,68,109,129,114,120,19,63,90,11,132" hai1="127,40,95,83,133,16,72,64,37,92,51,104,98" hai2="131,12,97,134,56,113,130,121,24,82,128,38,61" hai3="123,55,33,30,115,58,41,125,34,42,29,45,116"/><V10/><F38/><W70/><G123/><T87/><D114/><U59/><E37/><V18/><F121/><W101/><G116/><T118/><D120/><U124/><E72/><V39/><F39/><W66/><G115/><T119/><D129/><U8/><E83/><V111/><F113/><W135/><G135/><T36/><D36/><U31/><E31/><V17/><F134/><W91/><G125/><N who="1" m="48202" /><E51/><V50/><F50/><W102/><G58/><T94/><D11/><U13/><E40/><V110/><F97/><W103/><G91/><T88/><D76/><U126/><E133/><V122/><F82/><W46/><G102/><T26/><D109/><N who="2" m="41482" /><F24/><W112/><G112/><T4/><D4/><U27/><E27/><V5/><F122/><W20/><G55/><AGARI ba="0,0" hai="5,10,12,17,18,55,56,61,128,130,131" m="41482" machi="55" ten="40,7700,0" yaku="19,1,14,1,10,1" doraHai="62" who="2" fromWho="3" sc="365,0,295,0,245,77,95,-77" /><INIT seed="2,1,0,5,0,50" ten="365,295,322,18" oya="2" hai0="4,129,92,29,46,122,58,52,43,40,44,33,28" hai1="65,94,132,19,34,81,48,102,27,25,109,12,128" hai2="123,47,15,56,88,84,76,111,61,66,77,22,53" hai3="124,89,99,113,36,108,86,35,82,39,54,59,83"/><V18/><F123/><W114/><G35/><T62/><D122/><U5/><E5/><V80/><F111/><W64/><G108/><T120/><D120/><U55/><E34/><V30/><F30/><N who="0" m="11882" /><D33/><U32/><E32/><V67/><F47/><N who="0" m="17962" /><D129/><U1/><E1/><V107/><F107/><W73/><G64/><AGARI ba="1,0" hai="15,18,22,53,56,61,64,66,67,76,77,80,84,88" machi="64" ten="40,7700,0" yaku="8,1,52,1,54,1" doraHai="50" who="2" fromWho="3" sc="365,0,295,0,322,80,18,-80" owari="365,17.0,295,-10.0,402,49.0,-62,-56.0" /></mjloggm>