<mjloggm ver="2.3"><GO type="169" lobby="0"/><UN n0="%E7%82%8E%E3%81%AE%E3%82%B7%E3%83%A5%E3%83%AC%E3%83%B3" n1="%74%61%74%73%75%37%30%32" n2="%E3%83%88%E3%83%88%E3%83%AA%E5%85%88%E7%94%9F%31%39%E6%AD%B3" n3="%75%73%6B%31%31%31%35" dan="16,16,18,16" rate="2135.10,2156.42,2187.91,2155.53" sx="M,M,F,M"/><TAIKYOKU oya="0"/><INIT seed="0,0,0,5,3,19" ten="250,250,250,250" oya="0" hai0="101,124,76,2,95,132,79,117,14,73,26,10,15" hai1="0,6,21,89,42,84,105,103,96,131,80,29,122" hai2="115,8,98,16,31,81,24,4,134,30,67,3,23" hai3="51,123,33,97,72,133,82,100,11,28,77,55,20"/><T93/><D117/><U9/><E131/><V112/><F67/><W1/><G133/><T27/><D2/><U129/><E129/><V60/><F60/><W37/><G37/><T53/><D132/><U116/><E116/><V39/><F39/><W130/><G130/><T90/><D124/><U83/><E42/><V50/><F134/><W94/><G123/><T113/><D113/><N who="2" m="43594" /><F50/><W111/><G111/><T32/><D101/><U110/><E110/><V47/><F47/><W12/><G1/><T5/><D73/><U78/><E122/><V41/><F81/><W17/><G33/><T88/><D32/><U109/><E109/><V22/><F98/><W104/><G28/><T135/><D135/><U87/><E29/><N who="2" m="17559" /><F41/><W107/><REACH who="3" step="1"/><G11/><REACH who="3" ten="250,250,250,240" step="2"/><T48/><D10/><U43/><E9/><V62/><F62/><W46/><AGARI ba="0,1" hai="12,17,20,46,51,55,72,77,82,94,97,100,104,107" machi="46" ten="20,12000,2" yaku="1,1,2,1,0,1,7,1,52,1,53,1" doraHai="19" doraHaiUra="18" who="3" fromWho="3" sc="250,-60,250,-30,250,-30,240,130" /><INIT seed="1,0,0,1,5,0" ten="190,220,220,370" oya="1" hai0="77,111,55,7,8,21,114,67,59,76,113,99,126" hai1="23,63,27,26,88,83,70,29,105,30,37,53,123" hai2="66,64,38,14,129,44,68,32,115,80,112,50,51" hai3="19,20,34,46,11,1,98,42,28,128,4,97,132"/><U82/><E123/><V101/><F32/><W31/><G132/><T25/><D111/><U117/><E105/><V9/><F129/><W94/><G128/><T72/><D126/><U54/><E37/><V52/><F101/><W12/><G34/><T130/><D67/><U36/><E36/><V125/><F125/><W35/><G35/><T62/><D99/><U41/><E41/><V24/><F38/><W60/><G60/><T61/><D130/><U103/><E103/><V133/><F133/><W116/><G116/><T78/><D72/><U33/><E117/><V87/><F24/><W65/><G65/><T106/><D62/><U56/><E70/><V102/><F102/><W48/><REACH who="3" step="1"/><G98/><REACH who="3" ten="190,220,220,360" step="2"/><T107/><D114/><N who="2" m="43562" /><F68/><W22/><G22/><T81/><D113/><U96/><REACH who="1" step="1"/><E54/><REACH who="1" ten="190,210,220,360" step="2"/><V58/><F66/><W86/><G86/><T2/><REACH who="0" step="1"/><D81/><REACH who="0" ten="180,210,220,360" step="2"/><U131/><E131/><V84/><F80/><W5/><G5/><T121/><D121/><U119/><E119/><V135/><F64/><W6/><G6/><T47/><D47/><U120/><E120/><V79/><F44/><W15/><G15/><T100/><D100/><AGARI ba="0,3" hai="1,4,11,12,19,20,28,31,42,46,48,94,97,100" machi="100" ten="30,7700,0" yaku="1,1,7,1,52,1,53,1" doraHai="0" doraHaiUra="92" who="3" fromWho="0" sc="180,-77,210,0,220,0,360,107" /><INIT seed="2,0,0,2,0,25" ten="103,210,220,467" oya="2" hai0="43,110,98,111,84,120,88,89,100,53,72,112,38" hai1="132,81,29,135,9,3,35,59,56,20,87,45,70" hai2="99,42,19,16,55,92,71,26,6,14,104,48,1" hai3="93,67,66,62,96,40,90,126,24,65,50,8,85"/><V30/><F104/><W68/><G126/><T97/><D43/><U13/><E70/><V36/><F71/><W109/><G109/><N who="0" m="41483" /><D38/><U121/><E45/><V10/><F36/><W102/><G8/><T82/><D53/><U44/><E44/><V58/><F1/><W133/><G133/><T31/><D31/><U131/><E131/><V115/><F115/><W27/><G68/><T117/><D112/><U18/><E121/><V116/><F116/><W64/><G62/><T80/><D120/><U79/><E135/><V108/><F42/><W103/><G103/><T22/><D22/><U113/><E132/><V127/><F127/><W94/><N who="3" m="16384" /><DORA hai="37" /><W122/><REACH who="3" step="1"/><G122/><REACH who="3" ten="103,210,220,457" step="2"/><T105/><D117/><U130/><E113/><V34/><F108/><W123/><G123/><T60/><D60/><U118/><E118/><V107/><F107/><W39/><G39/><T106/><D100/><AGARI ba="0,1" hai="6,10,14,16,19,26,30,34,48,55,58,92,99,100" machi="100" ten="30,5800,0" yaku="7,1,52,1,54,1" doraHai="25,37" who="2" fromWho="0" sc="103,-58,210,0,220,68,457,0" /><INIT seed="2,1,0,3,0,55" ten="45,210,288,457" oya="2" hai0="85,83,109,99,94,119,87,103,39,133,90,62,114" hai1="81,21,88,30,135,11,107,2,15,18,70,69,129" hai2="53,118,100,26,63,101,12,120,5,132,121,123,77" hai3="91,96,37,116,115,130,4,127,108,95,124,22,61"/><V43/><F118/><W102/><G116/><T51/><D39/><U9/><E107/><V10/><F132/><W13/><G37/><T110/><D62/><U80/><E135/><V134/><F134/><W32/><G32/><T49/><D133/><U105/><E105/><V84/><F43/><W35/><G35/><T46/><D119/><U66/><E129/><V36/><F36/><W45/><G130/><T86/><D114/><U117/><E117/><V6/><F6/><W97/><G115/><T27/><D27/><U74/><E66/><V8/><F8/><W16/><G4/><T79/><D51/><U89/><E21/><V50/><F63/><W28/><G28/><T52/><REACH who="0" step="1"/><D86/><REACH who="0" ten="35,210,288,457" step="2"/><U78/><E74/><V31/><F26/><W122/><G61/><T72/><D72/><U60/><E60/><V58/><F31/><W104/><G122/><T113/><D113/><U41/><E30/><V34/><F34/><W98/><G108/><T24/><D24/><U128/><E128/><V57/><F84/><W131/><G131/><T29/><D29/><U20/><E70/><V56/><REACH who="2" step="1"/><F77/><REACH who="2" ten="35,210,278,457" step="2"/><W111/><G111/><T68/><D68/><U0/><E69/><V106/><F106/><AGARI ba="1,2" hai="46,49,52,79,83,85,87,90,94,99,103,106,109,110" machi="106" ten="40,8000,1" yaku="1,1,54,1,53,2" doraHai="55" doraHaiUra="82" who="0" fromWho="2" sc="35,103,210,0,278,-83,457,0" /><INIT seed="3,0,0,0,5,86" ten="138,210,195,457" oya="3" hai0="134,30,49,23,85,48,43,14,33,72,41,52,128" hai1="107,16,53,78,106,130,68,89,105,35,117,103,135" hai2="26,70,24,65,116,42,91,76,112,10,129,25,67" hai3="56,13,6,75,90,51,80,64,20,74,111,39,1"/><W122/><G122/><T69/><D72/><U38/><E35/><V0/><F116/><W77/><G39/><T29/><D69/><U61/><E38/><V19/><F112/><W44/><G111/><T101/><D128/><U94/><E78/><V97/><F129/><W93/><G1/><T125/><D134/><U110/><E130/><V99/><F42/><W12/><G75/><T82/><D101/><U123/><E123/><V81/><F70/><W62/><G6/><T45/><D125/><U71/><E103/><V3/><F76/><W73/><G73/><T37/><D37/><U55/><E135/><V17/><F26/><W34/><G20/><T88/><D33/><U95/><E95/><V131/><F131/><W102/><G102/><T66/><D66/><U15/><E110/><V47/><F47/><W21/><G21/><T108/><D108/><U84/><E117/><V54/><F54/><W11/><G11/><T50/><D50/><U27/><E27/><V92/><F92/><W115/><G115/><T59/><D43/><U2/><E2/><V40/><F40/><W121/><G34/><T83/><D83/><U63/><E63/><V22/><F22/><W133/><G133/><T87/><D87/><U96/><E96/><V119/><F119/><W9/><G9/><T100/><D100/><U7/><E7/><V98/><F10/><W5/><G5/><T60/><D60/><U8/><REACH who="1" step="1"/><E71/><REACH who="1" ten="138,200,195,457" step="2"/><V28/><F0/><W118/><G118/><T114/><D114/><U120/><E120/><V36/><F3/><W104/><G121/><T126/><D126/><RYUUKYOKU ba="0,1" sc="138,15,200,15,195,-15,457,-15" hai0="14,23,29,30,41,45,48,49,52,59,82,85,88" hai1="8,15,16,53,55,61,68,84,89,94,105,106,107" /><INIT seed="4,1,1,2,3,8" ten="153,215,180,442" oya="0" hai0="19,120,79,129,22,77,34,67,3,134,21,10,95" hai1="128,114,104,94,106,90,91,45,40,29,99,107,70" hai2="36,93,96,102,56,89,130,92,133,51,118,100,38" hai3="119,30,20,37,32,109,5,86,1,85,42,13,46"/><T71/><D120/><U55/><E70/><V11/><F130/><W110/><G119/><T61/><D34/><U31/><E128/><V48/><F133/><W65/><G65/><T131/><D134/><U69/><E69/><V121/><F121/><W27/><G85/><T26/><D131/><U81/><E55/><V98/><F118/><W66/><G86/><T123/><D129/><U44/><E44/><V68/><F68/><W75/><G66/><T7/><D123/><U113/><E91/><V103/><F56/><W76/><G76/><T33/><D33/><U50/><REACH who="1" step="1"/><E81/><REACH who="1" ten="153,205,180,442" step="2"/><V23/><F89/><W132/><G132/><T52/><D52/><U117/><E117/><V0/><F103/><W115/><G110/><T28/><REACH who="0" step="1"/><D95/><REACH who="0" ten="143,205,180,442" step="2"/><U16/><E16/><V54/><F54/><W73/><G109/><T125/><D125/><U124/><E124/><V112/><F93/><W135/><G135/><T47/><D47/><U2/><E2/><V126/><F92/><W57/><G46/><T15/><AGARI ba="1,3" hai="3,7,10,15,19,21,22,26,28,61,67,71,77,79" machi="15" ten="20,7800,0" yaku="1,1,0,1,7,1,52,1,53,0" doraHai="8" doraHaiUra="87" who="0" fromWho="0" sc="143,111,205,-27,180,-27,442,-27" /><INIT seed="4,2,0,2,5,19" ten="254,178,153,415" oya="0" hai0="111,15,127,39,8,121,82,71,53,78,131,52,57" hai1="64,107,21,87,103,23,129,4,46,135,45,32,61" hai2="114,59,115,90,14,28,81,91,119,68,50,30,118" hai3="130,1,7,95,9,112,49,67,48,116,36,133,122"/><T41/><D71/><U13/><E32/><V105/><F68/><W40/><G116/><N who="2" m="44585" /><F105/><W79/><G133/><T31/><D121/><U73/><E73/><V102/><F102/><W66/><G130/><T22/><D131/><U47/><E129/><V75/><F14/><W54/><G112/><N who="2" m="43049" /><F75/><W11/><G11/><T125/><D111/><U25/><E135/><V86/><F90/><W27/><G40/><T38/><D41/><U108/><E108/><V94/><F81/><W58/><G36/><T99/><D99/><U56/><E103/><V117/><N who="2" m="44593" /><V113/><N who="2" m="43057" /><DORA hai="128" /><V26/><DORA hai="12" /><F26/><W101/><G27/><N who="0" m="16887" /><D53/><AGARI ba="2,0" hai="28,30,50,53,59,86,91,94" m="43057,44593" machi="53" ten="60,3900,0" yaku="12,1,15,1" doraHai="19,128,12" who="2" fromWho="0" sc="254,-45,178,0,153,45,415,0" /><INIT seed="5,0,0,4,0,86" ten="209,178,198,415" oya="1" hai0="82,110,104,79,52,74,124,7,21,38,85,73,92" hai1="75,128,106,118,67,53,60,88,133,35,130,36,81" hai2="25,122,2,11,47,3,12,126,63,107,131,105,14" hai3="135,58,127,45,108,91,22,17,40,61,42,121,51"/><U46/><E106/><V23/><F122/><W116/><G121/><T78/><D38/><U84/><E118/><V48/><F131/><N who="1" m="50217" /><E133/><V56/><F126/><W95/><G108/><T5/><D110/><U69/><E75/><V71/><F71/><W72/><G72/><T28/><D104/><U102/><E102/><V15/><F107/><W103/><G103/><T24/><D124/><U0/><E0/><V125/><F105/><W13/><G127/><T87/><D74/><U77/><E35/><V101/><F101/><W34/><G34/><T132/><D132/><U10/><E10/><V134/><F134/><W39/><G135/><T109/><D109/><U98/><E98/><V30/><F125/><W27/><G116/><T33/><D73/><U64/><E64/><N who="2" m="39015" /><F3/><W111/><G111/><T44/><D33/><U80/><E80/><V68/><F68/><W90/><G27/><T113/><D113/><U32/><E32/><V112/><F2/><W70/><G70/><T65/><D65/><U6/><E6/><N who="2" m="3191" /><F112/><W37/><G37/><T89/><D78/><U94/><E36/><V16/><F30/><W18/><G39/><T55/><D55/><AGARI ba="0,0" hai="14,15,16,23,25,47,48,55" m="3191,39015" machi="55" ten="30,2000,0" yaku="8,1,54,1" doraHai="86" who="2" fromWho="0" sc="209,-20,178,0,198,20,415,0" /><INIT seed="6,0,0,5,4,14" ten="189,178,218,415" oya="2" hai0="21,79,67,89,74,115,57,12,58,19,100,95,78" hai1="113,102,92,106,4,40,29,20,33,36,70,49,83" hai2="54,31,8,30,112,6,110,5,10,3,128,118,1" hai3="111,84,69,64,62,73,123,2,129,44,59,51,103"/><V16/><F54/><W39/><G73/><T116/><D115/><U82/><E70/><V98/><F112/><W120/><G111/><T60/><D116/><U17/><E113/><V86/><F118/><W87/><G2/><N who="2" m="521" /><F86/><N who="3" m="32811" /><G103/><T130/><D130/><U38/><E106/><V50/><F50/><W121/><G129/><T11/><D74/><U55/><E4/><N who="2" m="1643" /><F98/><W96/><G96/><N who="0" m="57455" /><D100/><U114/><E114/><V108/><F128/><W126/><G126/><T46/><D46/><U91/><E102/><V88/><F88/><W90/><G90/><T63/><D11/><N who="2" m="4138" /><F16/><W34/><G123/><T117/><D117/><U26/><E38/><V133/><F133/><W94/><G121/><T122/><D122/><U107/><E36/><V35/><F35/><W27/><G120/><T85/><D85/><N who="1" m="52335" /><E40/><V61/><F61/><W22/><G34/><T65/><AGARI ba="0,0" hai="12,19,21,57,58,60,63,65,67,78,79" m="57455" machi="65" ten="30,2000,0" yaku="8,1,52,1" doraHai="14" who="0" fromWho="0" sc="189,20,178,-5,218,-10,415,-5" /><INIT seed="7,0,0,0,3,33" ten="209,173,208,410" oya="3" hai0="8,131,85,10,1,126,45,116,54,64,94,52,107" hai1="55,9,43,113,88,93,27,110,99,112,101,66,103" hai2="100,31,40,86,81,56,133,63,20,102,111,104,36" hai3="96,89,23,4,73,115,19,62,12,48,124,2,65"/><W11/><G73/><T61/><D116/><U16/><E110/><V121/><F111/><W127/><G115/><N who="1" m="44106" /><E43/><V82/><F133/><W0/><G48/><T77/><D107/><U13/><E66/><N who="2" m="39271" /><F36/><W26/><G89/><T50/><D131/><U97/><E55/><V78/><F104/><W67/><G96/><T3/><D126/><N who="3" m="48169" /><G67/><T80/><D94/><N who="1" m="58615" /><E27/><N who="2" m="16871" /><F121/><W21/><G21/><T83/><D83/><U91/><AGARI ba="0,0" hai="9,13,16,88,91,93,97,103" m="58615,44106" machi="91" ten="30,4000,0" yaku="15,1,54,2" doraHai="33" who="1" fromWho="1" sc="209,-10,173,40,208,-10,410,-20" owari="199,-20.0,213,1.0,198,-30.0,390,49.0" /></mjloggm>