<mjloggm ver="2.3"><GO type="169" lobby="0"/><UN n0="%74%61%6E%61%4B%61" n1="%E3%82%A6%E3%83%AB%E3%83%88%E3%83%A9%E7%AB%8B%E7%9B%B4" n2="%E3%83%87%E3%83%87%E3%82%AD%E3%83%B3%E3%83%88" n3="%E6%AD%A6%E8%A3%85%E5%95%86%E8%88%B9%E5%9B%A3" dan="16,17,17,18" rate="2116.46,2205.40,2227.89,2281.47" sx="M,M,M,M"/><TAIKYOKU oya="0"/><INIT seed="0,0,0,0,1,107" ten="250,250,250,250" oya="0" hai0="79,67,96,98,27,124,78,126,65,103,82,100,38" hai1="74,11,49,15,119,71,1,4,10,33,105,108,113" hai2="48,120,51,104,26,122,115,0,30,133,14,63,77" hai3="29,32,76,97,21,61,101,56,12,88,18,75,41"/><T69/><D38/><U34/><E71/><V99/><F0/><W2/><G2/><T62/><D27/><U55/><E105/><V22/><F115/><W83/><G41/><T31/><D31/><U52/><E119/><V50/><F133/><W93/><G29/><T39/><D39/><U127/><E113/><V111/><F111/><W36/><G36/><T42/><D42/><U60/><E108/><V72/><F63/><W59/><G32/><T84/><D65/><U131/><E74/><V43/><F43/><W135/><G135/><T7/><D7/><U46/><E127/><N who="0" m="48681" /><D78/><U118/><E118/><V25/><F25/><W66/><REACH who="3" step="1"/><G101/><AGARI ba="0,0" hai="62,67,69,79,82,84,96,98,100,101,103" m="48681" machi="101" ten="30,1500,0" yaku="18,1" doraHai="107" who="0" fromWho="3" sc="250,15,250,0,250,0,250,-15" /><INIT seed="0,1,0,5,1,20" ten="265,250,250,235" oya="0" hai0="72,17,71,127,9,98,77,78,131,32,105,36,124" hai1="97,11,75,111,39,59,112,46,117,27,2,14,22" hai2="130,92,66,23,116,82,51,10,67,1,80,47,54" hai3="37,113,65,53,108,34,110,125,120,115,45,64,63"/><T134/><D36/><U50/><E117/><V101/><F130/><W49/><G34/><T122/><D71/><U133/><E111/><N who="3" m="42538" /><G125/><N who="0" m="48203" /><D122/><U106/><E133/><V58/><F116/><W7/><G7/><T35/><D134/><U55/><E75/><V104/><F104/><W119/><G119/><T5/><D131/><U99/><E112/><N who="3" m="43082" /><G120/><T95/><D105/><U73/><E73/><V60/><F66/><N who="3" m="25707" /><G63/><T135/><D135/><U16/><E2/><V84/><F1/><W90/><G90/><N who="0" m="55671" /><D17/><U15/><E106/><V107/><F107/><W21/><G21/><T62/><D62/><U89/><E89/><N who="2" m="53287" /><F101/><W12/><G12/><N who="0" m="5167" /><D72/><U19/><E15/><V24/><F10/><W118/><G118/><T102/><D102/><U76/><E76/><AGARI ba="1,0" hai="32,35,76,77,78" m="5167,55671,48203" machi="76" ten="30,1500,0" yaku="18,1" doraHai="20" who="0" fromWho="1" sc="265,18,250,-18,250,0,235,0" /><INIT seed="0,2,0,4,4,8" ten="283,232,250,235" oya="0" hai0="104,122,90,88,40,27,118,53,84,109,30,68,78" hai1="26,135,126,21,107,101,55,80,15,12,102,91,103" hai2="24,58,119,13,48,44,17,3,28,132,66,7,54" hai3="46,49,70,4,56,47,131,39,71,105,111,16,99"/><T64/><D122/><U77/><E126/><V117/><F132/><W115/><G115/><T29/><D118/><N who="2" m="45066" /><F7/><W85/><G131/><T14/><D104/><U2/><E2/><V93/><F3/><W23/><G111/><T95/><D109/><U98/><E135/><V123/><F123/><W20/><G4/><T130/><D130/><U57/><E107/><V73/><F73/><W69/><G39/><T120/><D120/><U6/><E6/><V42/><F93/><W63/><G85/><T67/><D40/><U110/><E110/><V38/><F66/><W86/><G86/><T125/><D125/><U89/><E89/><V22/><F28/><W33/><G33/><T74/><D68/><U81/><E81/><V34/><F34/><W32/><G32/><T43/><D43/><U133/><E133/><V37/><F24/><W10/><G10/><T76/><D74/><U1/><E1/><V112/><F112/><W128/><G23/><T52/><D27/><U0/><E0/><V116/><N who="2" m="45074" /><V94/><DORA hai="121" /><F94/><W25/><G128/><T92/><REACH who="0" step="1"/><D84/><REACH who="0" ten="273,232,250,235" step="2"/><N who="1" m="50567" /><E98/><V41/><F41/><W134/><G134/><T113/><D113/><U127/><E127/><V83/><F38/><W106/><G106/><T31/><D31/><N who="1" m="17871" /><E77/><V124/><F124/><W35/><G105/><T87/><D87/><U114/><E114/><V129/><F129/><W5/><G99/><T108/><D108/><U45/><E45/><V60/><F37/><W9/><G47/><T100/><D100/><U61/><AGARI ba="2,1" hai="12,15,55,57,61,101,102,103" m="17871,50567" machi="61" ten="30,4000,0" yaku="8,1,52,2" doraHai="8,121" who="1" fromWho="1" sc="273,-22,232,56,250,-12,235,-12" /><INIT seed="1,0,0,5,2,16" ten="251,288,238,223" oya="1" hai0="17,9,47,81,76,102,117,65,38,104,130,103,39" hai1="54,21,66,0,71,91,19,46,2,45,134,127,13" hai2="113,51,30,114,115,108,96,135,79,69,89,50,63" hai3="64,119,15,75,57,73,43,78,5,111,37,87,32"/><U40/><E127/><V20/><F108/><W31/><G111/><T28/><D117/><U107/><E107/><V41/><F135/><W67/><G119/><T62/><D130/><U3/><E134/><V100/><F89/><W112/><G112/><T22/><D28/><U83/><E54/><V23/><F79/><W1/><G1/><T109/><D109/><U118/><E118/><V72/><F72/><W128/><G128/><T14/><D104/><U33/><E33/><V93/><F30/><W26/><G87/><T6/><D102/><U48/><E46/><N who="2" m="25935" /><F51/><W133/><G133/><T110/><D103/><U60/><REACH who="1" step="1"/><E91/><REACH who="1" ten="251,278,238,223" step="2"/><V80/><F80/><AGARI ba="0,1" hai="0,2,3,13,19,21,40,45,48,60,66,71,80,83" machi="80" ten="40,7700,0" yaku="1,1,2,1,52,1,53,0" doraHai="16" doraHaiUra="27" who="1" fromWho="2" sc="251,0,278,87,238,-77,223,0" /><INIT seed="1,1,0,1,2,117" ten="251,365,161,223" oya="1" hai0="24,64,34,120,28,93,9,80,3,126,26,100,74" hai1="46,87,23,53,131,104,123,52,96,103,129,82,32" hai2="47,21,94,61,133,33,85,62,97,107,122,77,44" hai3="118,4,99,91,110,50,49,115,66,81,11,0,65"/><U7/><E32/><V98/><F33/><W30/><G115/><T63/><D126/><U35/><E35/><V68/><F107/><W89/><G118/><T71/><D24/><U48/><E7/><V41/><F133/><W55/><G110/><T101/><D93/><U18/><E53/><V135/><F135/><W76/><G30/><T51/><D51/><U88/><REACH who="1" step="1"/><E123/><REACH who="1" ten="251,355,161,223" step="2"/><V57/><F122/><W60/><G55/><T113/><D120/><U45/><E45/><V79/><F47/><W69/><G4/><N who="0" m="1183" /><D113/><U58/><E58/><V128/><F44/><W40/><G69/><T8/><D101/><U83/><E83/><V125/><F68/><W111/><G81/><T14/><D100/><U6/><E6/><V67/><F57/><W84/><G111/><T105/><D80/><U13/><AGARI ba="1,1" hai="13,18,23,46,48,52,82,87,88,96,103,104,129,131" machi="13" ten="30,11700,0" yaku="1,1,0,1,54,2,53,0" doraHai="117" doraHaiUra="29" who="1" fromWho="1" sc="251,-40,355,130,161,-40,223,-40" /><INIT seed="1,2,0,1,4,2" ten="211,485,121,183" oya="1" hai0="102,96,39,7,77,118,120,130,21,119,58,71,70" hai1="121,57,16,101,43,115,42,0,31,11,76,91,90" hai2="108,79,106,69,55,110,41,117,75,1,35,56,18" hai3="78,22,47,13,135,52,87,134,132,67,49,9,82"/><U103/><E121/><V125/><F117/><W100/><G100/><T127/><D120/><U54/><E115/><V45/><F106/><W86/><G67/><T37/><D130/><U32/><E76/><V104/><F104/><W95/><G22/><T46/><D127/><U10/><E31/><V92/><F35/><W48/><G48/><T109/><D109/><N who="2" m="42090" /><F92/><W81/><G95/><T88/><D77/><U24/><E32/><V19/><F69/><W3/><G3/><T111/><D111/><U17/><E0/><V128/><F1/><W112/><G112/><T15/><D102/><U83/><E24/><V94/><F94/><W53/><G53/><T44/><D96/><U6/><E54/><V68/><F68/><W30/><G30/><T85/><D70/><U33/><E33/><V29/><F29/><W28/><G28/><T129/><D71/><U113/><E113/><V14/><F125/><W12/><REACH who="3" step="1"/><G9/><REACH who="3" ten="211,485,121,173" step="2"/><T40/><D119/><U98/><E11/><V116/><F116/><W5/><G5/><T62/><D7/><U60/><E6/><V26/><F128/><W8/><G8/><T61/><D129/><U72/><E10/><V131/><F131/><W107/><G107/><T73/><D118/><U133/><E103/><V38/><F26/><W25/><G25/><T124/><D124/><U84/><E101/><V126/><F126/><W59/><G59/><T63/><D58/><U80/><E57/><V50/><F14/><W4/><G4/><T122/><D21/><U27/><E27/><V23/><F23/><W93/><G93/><N who="0" m="54415" /><D122/><U89/><E89/><AGARI ba="2,1" hai="12,13,47,49,52,78,81,82,86,87,89,132,134,135" machi="89" ten="40,8000,1" yaku="1,1,6,1,20,1,54,1,53,0" doraHai="2" doraHaiUra="36" who="3" fromWho="1" sc="211,0,485,-86,121,0,173,96" /><INIT seed="2,0,0,1,3,86" ten="211,399,121,269" oya="2" hai0="130,108,134,125,15,72,112,62,47,98,68,88,117" hai1="92,38,42,56,51,40,101,25,90,35,113,45,70" hai2="118,99,109,39,27,55,10,31,54,12,2,18,132" hai3="76,78,69,20,22,74,75,131,5,110,57,77,64"/><V50/><F118/><W122/><G122/><T1/><RYUUKYOKU type="yao9" ba="0,0" sc="211,0,399,0,121,0,269,0" hai0="1,15,47,62,68,72,88,98,108,112,117,125,130,134" /><INIT seed="2,1,0,5,3,50" ten="211,399,121,269" oya="2" hai0="59,108,31,1,117,133,15,8,84,44,83,96,88" hai1="98,101,68,49,103,47,7,14,123,4,76,93,67" hai2="72,94,55,120,87,73,42,78,75,18,39,89,126" hai3="56,19,33,2,11,41,43,127,34,121,128,38,20"/><V32/><F120/><W81/><G121/><T135/><D1/><U13/><E123/><V116/><F116/><W53/><G127/><T110/><D31/><U22/><E76/><V5/><F126/><W132/><G132/><N who="0" m="50763" /><D117/><U66/><E103/><V114/><F114/><W104/><G128/><T107/><D44/><U119/><E119/><V100/><F32/><W27/><G104/><T60/><D96/><U21/><E68/><V122/><F122/><W113/><G113/><T40/><D40/><U92/><E92/><V9/><F18/><W28/><G81/><T45/><D45/><U111/><E111/><V134/><F134/><W79/><G79/><T99/><D99/><U71/><E71/><V115/><F115/><W23/><G34/><T86/><D86/><U102/><E102/><V25/><F25/><W16/><G38/><T48/><D48/><U46/><E46/><N who="2" m="23903" /><F100/><W131/><G131/><T85/><D85/><U36/><E36/><V125/><F125/><W69/><G69/><T63/><D107/><U57/><E57/><V77/><F55/><W58/><G58/><T29/><D29/><U6/><E14/><V95/><F95/><W62/><G33/><T109/><D59/><U70/><E13/><V61/><F61/><W130/><G130/><T80/><D80/><U118/><E118/><V30/><F30/><W97/><G97/><T74/><D74/><N who="2" m="18946" /><V65/><DORA hai="35" /><F65/><W26/><G28/><T105/><D105/><U51/><E51/><V129/><F129/><W10/><G2/><T82/><D82/><U54/><E67/><V17/><F17/><AGARI ba="1,0" hai="8,15,17,60,63,83,84,88,108,109,110" m="50763" machi="17" ten="40,8000,1" yaku="6,1,14,1,20,1,54,1" doraHai="50,35" who="0" fromWho="2" sc="211,83,399,0,121,-83,269,0" /><INIT seed="3,0,0,0,2,126" ten="294,399,38,269" oya="3" hai0="95,102,127,0,67,108,100,59,56,109,118,18,75" hai1="70,5,16,69,133,87,2,38,105,103,66,114,49" hai2="22,14,77,121,101,19,60,29,46,39,96,85,76" hai3="83,93,53,98,27,73,71,91,86,43,89,84,78"/><W21/><G71/><T115/><D118/><U117/><E38/><V54/><F121/><W82/><G43/><T35/><D75/><U51/><E5/><V111/><F111/><N who="0" m="42570" /><D35/><U123/><E16/><V64/><F29/><W132/><G132/><T40/><D0/><U110/><E87/><V131/><F85/><W120/><G120/><T50/><D127/><U97/><E51/><V112/><F112/><W12/><G12/><T129/><D115/><U99/><E49/><V17/><F39/><W124/><G124/><T57/><D67/><U130/><E103/><N who="0" m="39465" /><D95/><U13/><E66/><V90/><F90/><W106/><G106/><T47/><D18/><U45/><E2/><V11/><F131/><AGARI ba="0,0" hai="40,47,50,56,57,59,129,131" m="39465,42570" machi="131" ten="40,5200,0" yaku="14,1,52,2" doraHai="126" who="0" fromWho="2" sc="294,52,399,0,38,-52,269,0" owari="346,15.0,399,49.0,-14,-51.0,269,-13.0" /></mjloggm>