<mjloggm ver="2.3"><GO type="169" lobby="0"/><UN n0="%68%69%6E%61%6A%69%6E%6E" n1="%E2%98%86%E3%82%BF%E3%82%B9%E3%83%9E%E3%83%8B%E3%82%A2" n2="%E3%83%88%E3%83%88%E3%83%AA%E5%85%88%E7%94%9F%31%39%E6%AD%B3" n3="%E3%81%8A%E3%81%98%E3%81%95%E3%82%93" dan="16,16,18,17" rate="2121.66,2075.50,2199.51,2199.34" sx="M,M,F,M"/><TAIKYOKU oya="0"/><INIT seed="0,0,0,2,5,62" ten="250,250,250,250" oya="0" hai0="67,135,30,14,1,94,119,110,98,128,58,3,132" hai1="116,10,47,117,59,111,103,81,101,36,118,28,4" hai2="52,85,114,72,112,69,109,39,26,9,108,90,8" hai3="102,113,60,134,12,131,32,51,71,46,65,45,40"/><T35/><D119/><U23/><E111/><N who="2" m="42571" /><F39/><W92/><G32/><T127/><D110/><U19/><E28/><V107/><F107/><W48/><G113/><N who="2" m="43625" /><F72/><W83/><G131/><T44/><D128/><U57/><E57/><V104/><F104/><W63/><G134/><N who="0" m="51243" /><D14/><U56/><E56/><V84/><F69/><W125/><G125/><T18/><D127/><U95/><E81/><N who="2" m="49423" /><F85/><W93/><G83/><T2/><D44/><U82/><E82/><V122/><F122/><W74/><G74/><T105/><D105/><U133/><E133/><V54/><F26/><W20/><G102/><T42/><D42/><U100/><E95/><V126/><F126/><W106/><G106/><T37/><D37/><U115/><E115/><V29/><F29/><W22/><G12/><T33/><D30/><U5/><E59/><V121/><F121/><W124/><G124/><T70/><D70/><U43/><REACH who="1" step="1"/><E10/><AGARI ba="0,0" hai="8,9,10,52,54" m="49423,43625,42571" machi="10" ten="30,2000,0" yaku="14,1,54,1" doraHai="62" who="2" fromWho="1" sc="250,0,250,-20,250,20,250,0" /><INIT seed="1,0,0,2,4,61" ten="250,230,270,250" oya="1" hai0="65,72,100,69,94,86,98,14,34,68,125,10,54" hai1="119,56,64,83,44,33,101,6,18,67,45,90,62" hai2="77,87,16,85,41,40,42,9,17,129,97,29,5" hai3="4,89,36,92,134,59,49,79,60,27,21,118,133"/><U19/><E119/><V80/><F129/><W55/><G36/><T57/><D34/><U116/><E33/><V108/><F108/><W38/><G38/><T109/><D72/><U78/><E116/><V135/><F135/><N who="3" m="51723" /><G79/><T28/><D28/><U39/><E39/><V46/><F29/><N who="3" m="17647" /><G4/><T0/><D109/><U99/><E90/><V113/><F113/><W35/><G35/><T93/><D0/><U15/><E6/><V112/><F112/><W32/><G32/><T114/><D114/><U43/><E18/><V73/><F46/><W51/><G118/><T105/><D69/><U115/><E115/><V76/><F97/><AGARI ba="0,0" hai="49,51,55,59,60,89,92,97" m="17647,51723" machi="97" ten="30,1000,0" yaku="20,1" doraHai="61" who="3" fromWho="2" sc="250,0,230,0,270,-10,250,10" /><INIT seed="2,0,0,0,2,131" ten="250,230,260,260" oya="2" hai0="18,97,58,40,30,99,20,48,130,17,104,45,87" hai1="94,3,82,33,16,8,63,85,6,114,118,88,44" hai2="106,134,53,129,124,49,133,105,135,0,2,89,101" hai3="32,52,12,43,59,113,111,9,64,120,72,73,37"/><V22/><F129/><W46/><G120/><T14/><D130/><U19/><E114/><V77/><F124/><W78/><G113/><T103/><D30/><U128/><E128/><V10/><F77/><W47/><G32/><T50/><D87/><U55/><E118/><V92/><F22/><W102/><G111/><T132/><D99/><U24/><E33/><V4/><F101/><W127/><G127/><T121/><D121/><U65/><E24/><V100/><F100/><W126/><G126/><T29/><D29/><U60/><E60/><V79/><F79/><W75/><G102/><T42/><D18/><U112/><E112/><V13/><F49/><W108/><G108/><T70/><D70/><U125/><E125/><V51/><F51/><W81/><G64/><T71/><D71/><U84/><E55/><V98/><REACH who="2" step="1"/><F53/><REACH who="2" ten="250,230,250,260" step="2"/><W69/><G47/><T41/><D48/><U38/><E44/><V7/><F7/><W68/><G72/><T109/><D45/><U76/><REACH who="1" step="1"/><E38/><REACH who="1" ten="250,220,250,260" step="2"/><V62/><F62/><W57/><G73/><T34/><D50/><U123/><E123/><V31/><F31/><W28/><G28/><T116/><D34/><U122/><E122/><V27/><F27/><W21/><G52/><T115/><D115/><U91/><E91/><V86/><F86/><W93/><G46/><T119/><D116/><U80/><E80/><V15/><F15/><W35/><G37/><T36/><D36/><U110/><E110/><V117/><F117/><W11/><G35/><T67/><D109/><U95/><E95/><V90/><F90/><W26/><G93/><RYUUKYOKU ba="0,2" sc="250,-15,220,15,250,15,260,-15" hai1="3,6,8,16,19,63,65,76,82,84,85,88,94" hai2="0,2,4,10,13,89,92,98,105,106,133,134,135" /><INIT seed="2,1,2,3,4,1" ten="235,235,265,245" oya="2" hai0="134,23,46,95,122,63,26,49,64,38,8,3,20" hai1="79,57,107,47,30,96,5,6,24,13,65,87,22" hai2="104,68,71,131,83,117,121,61,90,58,98,50,92" hai3="33,18,44,59,120,133,106,88,84,14,62,128,132"/><V35/><F117/><W28/><G120/><T102/><D134/><N who="3" m="51817" /><G128/><T97/><D122/><U36/><E13/><V54/><F121/><W67/><G106/><T66/><D64/><U100/><E79/><V55/><F35/><W111/><G111/><T21/><D38/><U4/><E87/><V0/><F131/><W101/><G101/><T56/><D3/><U16/><E36/><V11/><F104/><W15/><G44/><T113/><D8/><U70/><E70/><V127/><F127/><W74/><G74/><T129/><D129/><U103/><E47/><V39/><F39/><W82/><G18/><T119/><D113/><U40/><E40/><V115/><F115/><W76/><G76/><T93/><D93/><N who="1" m="58383" /><E103/><V118/><F83/><W37/><G37/><T31/><D119/><U130/><E107/><V91/><F91/><W116/><G116/><T43/><AGARI ba="1,2" hai="20,21,23,26,31,43,46,49,56,63,66,95,97,102" machi="43" ten="20,8000,1" yaku="0,1,7,1,25,2,8,1" doraHai="1" who="0" fromWho="0" sc="235,103,235,-21,265,-41,245,-21" /><INIT seed="3,0,0,0,4,73" ten="338,214,224,224" oya="3" hai0="57,89,74,15,104,2,23,65,115,77,14,61,52" hai1="13,119,132,54,21,3,96,120,29,50,42,58,63" hai2="37,131,81,56,116,94,87,27,68,28,106,110,36" hai3="86,8,111,83,60,40,12,16,128,76,79,31,80"/><W24/><G128/><T91/><D2/><U4/><E3/><V70/><F116/><W100/><G111/><T133/><D104/><U0/><E0/><V105/><F110/><W22/><G100/><T1/><D1/><U117/><E120/><V122/><F122/><W10/><G60/><T118/><D118/><N who="1" m="45067" /><E132/><V35/><F131/><W98/><G98/><T38/><D38/><U93/><E4/><V67/><F56/><W88/><G40/><T123/><D123/><U7/><E7/><V33/><F94/><W25/><G25/><T5/><D14/><U18/><E29/><V102/><F35/><W121/><G121/><T90/><D5/><U75/><E75/><V19/><F19/><W113/><G113/><T103/><D103/><N who="1" m="60815" /><E42/><V41/><F41/><W39/><G39/><T97/><D115/><U46/><E63/><N who="2" m="40063" /><F106/><W84/><G88/><T69/><D133/><U125/><E125/><V108/><F108/><W64/><G64/><T30/><D30/><U53/><E53/><V45/><F102/><W6/><G6/><T51/><D97/><U124/><E124/><V9/><F105/><W85/><G85/><T55/><D55/><U47/><AGARI ba="0,0" hai="13,18,21,46,47,50,54,58" m="60815,45067" machi="47" ten="30,1100,0" yaku="12,1" doraHai="73" who="1" fromWho="1" sc="338,-3,214,11,224,-3,224,-5" /><INIT seed="4,0,0,1,4,8" ten="335,225,221,219" oya="0" hai0="129,102,58,134,2,24,47,78,27,65,29,114,81" hai1="51,20,117,80,94,41,32,31,88,54,16,19,83" hai2="91,110,77,98,95,0,14,123,112,103,84,124,12" hai3="57,25,35,22,131,18,55,33,87,36,105,119,128"/><T132/><D2/><U104/><E104/><V79/><F123/><W106/><G36/><T7/><D114/><U76/><E117/><V96/><F0/><W133/><G119/><T53/><D102/><U40/><E32/><N who="3" m="12362" /><G87/><T135/><D7/><U75/><E83/><V120/><F120/><W61/><G133/><T11/><D11/><U69/><E31/><V68/><F68/><W17/><G17/><T125/><D125/><U116/><E19/><V82/><F110/><W43/><G43/><T64/><D47/><U48/><E48/><V89/><F112/><W67/><G55/><T30/><D129/><AGARI ba="0,0" hai="18,22,25,57,61,67,105,106,128,129,131" m="12362" machi="129" ten="30,1000,0" yaku="19,1" doraHai="8" who="3" fromWho="0" sc="335,-10,225,0,221,0,219,10" /><INIT seed="5,0,0,2,2,32" ten="325,225,221,229" oya="1" hai0="105,61,81,104,64,38,17,91,88,128,59,122,57" hai1="27,42,29,121,108,5,114,20,79,90,48,44,118" hai2="50,23,76,58,6,19,124,63,86,111,15,95,10" hai3="16,53,77,45,109,43,98,71,69,36,84,0,18"/><U7/><E121/><V130/><F130/><W55/><G109/><T39/><D128/><U70/><E118/><V123/><F123/><W41/><G98/><T24/><D17/><U89/><E108/><V54/><F124/><W25/><G25/><T31/><D122/><U60/><E114/><V46/><F111/><W56/><G84/><T68/><D57/><U103/><E103/><V74/><F74/><W106/><G77/><T21/><D68/><N who="3" m="26185" /><G16/><T87/><REACH who="0" step="1"/><D91/><REACH who="0" ten="315,225,221,229" step="2"/><U135/><E79/><V3/><F76/><W133/><G18/><T37/><AGARI ba="0,1" hai="21,24,31,37,38,39,59,61,64,81,87,88,104,105" machi="37" ten="30,7900,0" yaku="1,1,2,1,0,1,54,1,53,0" doraHai="32" doraHaiUra="51" who="0" fromWho="0" sc="315,89,225,-39,221,-20,229,-20" /><INIT seed="6,0,0,1,3,107" ten="404,186,201,209" oya="2" hai0="8,78,20,41,100,22,17,105,7,99,132,119,10" hai1="58,92,21,104,72,89,47,2,80,84,113,19,55" hai2="128,4,118,85,96,14,125,12,29,25,102,115,93" hai3="63,83,26,90,123,39,34,24,129,111,54,112,103"/><V13/><F118/><W95/><G111/><T48/><D132/><U65/><E104/><V28/><F115/><W56/><G112/><T1/><D78/><U31/><E113/><V79/><F128/><W18/><G123/><T33/><D33/><U27/><E2/><V67/><F125/><W15/><G129/><T87/><D87/><U130/><E130/><V43/><F43/><W46/><G34/><T50/><D119/><U126/><E126/><V42/><F42/><W98/><G39/><T73/><D73/><U77/><E47/><V5/><F67/><W106/><G46/><T36/><D36/><U35/><E65/><V114/><F114/><W40/><G40/><T44/><D50/><U76/><E76/><V82/><REACH who="2" step="1"/><F28/><REACH who="2" ten="404,186,191,209" step="2"/><W74/><G106/><T133/><D105/><U75/><E31/><V61/><F61/><W88/><G74/><T108/><D41/><U122/><E122/><V30/><F30/><W57/><G57/><T97/><D48/><U124/><E124/><V68/><F68/><W70/><G70/><T117/><D117/><U109/><E109/><V81/><F81/><W60/><G60/><T110/><D44/><U127/><E127/><V94/><F94/><W134/><G134/><T135/><D133/><U86/><E35/><AGARI ba="0,1" hai="4,5,12,13,14,25,29,35,79,82,85,93,96,102" machi="35" ten="40,2000,0" yaku="1,1,53,0" doraHai="107" doraHaiUra="64" who="2" fromWho="1" sc="404,0,186,-20,191,30,209,0" /><INIT seed="6,1,0,0,3,31" ten="404,166,221,209" oya="2" hai0="90,27,49,77,92,10,54,125,41,70,113,1,64" hai1="97,51,75,25,68,48,18,40,11,117,46,65,35" hai2="116,82,21,58,6,99,67,42,127,80,63,9,135" hai3="57,118,72,56,12,47,50,89,22,102,95,37,38"/><V120/><F116/><W36/><G72/><T122/><D122/><U119/><E75/><V30/><F120/><W86/><G118/><T115/><D41/><U74/><E74/><V76/><F135/><W106/><G106/><T53/><D77/><U101/><E51/><V39/><F127/><W105/><G105/><T15/><D1/><U73/><E73/><V134/><F134/><W60/><G102/><T62/><D27/><U112/><E112/><N who="0" m="43081" /><D49/><U45/><E45/><V88/><F76/><W126/><G126/><T52/><D125/><U20/><E35/><V71/><F71/><W128/><G128/><T91/><D92/><U83/><E83/><N who="2" m="31787" /><F42/><W79/><G79/><T8/><D8/><U114/><E114/><V103/><F39/><W43/><G60/><T24/><D24/><U29/><E65/><V32/><F103/><W104/><G104/><T28/><D28/><U55/><E68/><V33/><F33/><W94/><G94/><T19/><AGARI ba="1,0" hai="10,15,19,52,53,54,62,64,70,90,91" m="43081" machi="19" ten="30,2000,0" yaku="15,1,54,1" doraHai="31" who="0" fromWho="0" sc="404,23,166,-6,221,-11,209,-6" /><INIT seed="7,0,0,5,4,33" ten="427,160,210,203" oya="3" hai0="116,57,99,38,22,135,78,63,88,89,21,36,121" hai1="118,90,128,91,64,7,97,122,73,82,69,131,100" hai2="111,28,93,41,120,96,87,12,0,104,130,23,65" hai3="106,76,80,42,117,60,53,86,45,56,72,35,25"/><W101/><G117/><T59/><D78/><N who="1" m="44367" /><E7/><V49/><F87/><W34/><G25/><T5/><D135/><U48/><E48/><V133/><F65/><W40/><G40/><T108/><D99/><U92/><E64/><V95/><F12/><W114/><G114/><T98/><D98/><N who="1" m="57623" /><E69/><V43/><F23/><W18/><G18/><T58/><D116/><U52/><E52/><V11/><F28/><W67/><G101/><T1/><D89/><U2/><E2/><V110/><F0/><W102/><G102/><T71/><D121/><U81/><E118/><V83/><F41/><W27/><G27/><T85/><D85/><U62/><E62/><V51/><F43/><W31/><G31/><T112/><D112/><U79/><E91/><V20/><F20/><W54/><G34/><T9/><D88/><U44/><E44/><V68/><F68/><W29/><G35/><T4/><D4/><U14/><E14/><V105/><F49/><W32/><G32/><T125/><D125/><U103/><E122/><V26/><F51/><W134/><G29/><T119/><D119/><U15/><E15/><V6/><F26/><W16/><G54/><T3/><D3/><U30/><E30/><V8/><F6/><W10/><G53/><T115/><D115/><U126/><E126/><V24/><F24/><W39/><G45/><T13/><D13/><U17/><E17/><V77/><F120/><W50/><G50/><T66/><D108/><U37/><E37/><V94/><F110/><W75/><G39/><T70/><D70/><U107/><E103/><V132/><F111/><RYUUKYOKU ba="0,0" sc="427,15,160,15,210,-15,203,-15" hai0="1,5,9,21,22,36,38,57,58,59,63,66,71" hai1="79,81,97,100,107,128,131" owari="442,53.0,175,-32.0,195,0.0,188,-21.0" /></mjloggm>