<mjloggm ver="2.3"><GO type="169" lobby="0"/><UN n0="%E3%83%88%E3%83%88%E3%83%AA%E5%85%88%E7%94%9F%31%39%E6%AD%B3" n1="%67%6F%75%73%69" n2="%E3%81%9F%E3%81%91%E3%81%93%E3%81%9E%E3%83%BC" n3="%E5%AF%A1%E4%BA%BA" dan="18,17,16,16" rate="2201.04,2128.73,2100.69,2070.19" sx="F,M,M,M"/><TAIKYOKU oya="0"/><INIT seed="0,0,0,5,4,105" ten="250,250,250,250" oya="0" hai0="42,91,54,73,28,5,84,6,26,49,66,53,129" hai1="71,107,134,58,116,3,44,113,24,30,0,72,70" hai2="65,106,43,108,18,1,29,86,92,25,63,50,45" hai3="47,122,64,109,4,85,35,90,119,93,38,83,27"/><T127/><D129/><U16/><E107/><V61/><F106/><W78/><G119/><T39/><D127/><U20/><E116/><V56/><F1/><W131/><G131/><T104/><D104/><U33/><E113/><V114/><F114/><W68/><G109/><T87/><D73/><U55/><E72/><V77/><F18/><W82/><G122/><T14/><D66/><U110/><E134/><V79/><F108/><W118/><G118/><T67/><D67/><U32/><E44/><V21/><REACH who="2" step="1"/><F63/><REACH who="2" ten="250,250,240,250" step="2"/><W51/><G4/><T76/><D6/><U69/><E110/><V135/><F135/><W8/><G51/><T41/><D49/><U115/><E115/><V74/><F74/><W98/><G38/><T37/><D5/><U111/><E111/><V19/><F19/><W81/><G8/><T23/><D39/><U12/><REACH who="1" step="1"/><E32/><REACH who="1" ten="250,240,240,250" step="2"/><V7/><F7/><W75/><G35/><T11/><D37/><U99/><E99/><V52/><F52/><W94/><G98/><T10/><D53/><U125/><E125/><V133/><F133/><W103/><G75/><T128/><D54/><U34/><E34/><V62/><F62/><AGARI ba="0,2" hai="0,3,12,16,20,24,30,33,55,58,62,69,70,71" machi="62" ten="40,2600,0" yaku="1,1,54,1,53,0" doraHai="105" doraHaiUra="112" who="1" fromWho="2" sc="250,0,240,46,240,-26,250,0" /><INIT seed="1,0,0,1,2,85" ten="250,286,214,250" oya="1" hai0="128,6,100,32,15,73,41,46,69,9,86,72,34" hai1="131,88,119,44,66,19,84,98,64,56,3,125,124" hai2="59,13,21,43,95,18,83,78,27,113,14,97,57" hai3="47,22,121,25,11,63,30,60,16,133,116,120,103"/><U135/><E119/><V93/><F113/><W2/><G116/><T48/><D69/><U109/><E3/><V106/><F43/><W80/><G133/><T29/><D128/><U96/><E135/><V55/><F106/><W115/><G115/><T0/><D100/><U126/><E131/><V105/><F105/><W61/><G103/><T26/><D34/><U65/><E109/><V33/><F33/><W112/><G112/><T4/><D4/><U8/><E44/><V28/><F93/><W123/><G47/><T58/><D58/><U94/><E56/><V39/><F39/><W90/><G2/><T108/><D108/><U77/><E77/><V40/><F40/><W67/><G11/><T36/><D36/><U87/><E87/><V23/><F55/><W5/><G5/><T53/><D41/><U82/><E94/><V17/><F27/><W79/><G30/><T107/><D107/><U117/><E117/><V104/><F28/><W89/><REACH who="3" step="1"/><G67/><REACH who="3" ten="250,286,214,240" step="2"/><T92/><D0/><U10/><E19/><V35/><F104/><W7/><G7/><T54/><D6/><U52/><E52/><V50/><F35/><W12/><G12/><T1/><D1/><U38/><E38/><V37/><F37/><W132/><G132/><T45/><D45/><U81/><E81/><V31/><F31/><W122/><N who="3" m="30720" /><DORA hai="76" /><W110/><G110/><T75/><D54/><U42/><E42/><V118/><F118/><W99/><G99/><AGARI ba="0,1" hai="8,10,64,65,66,82,84,88,96,98,99,124,125,126" machi="99" ten="50,12000,1" yaku="18,1,52,2,54,1" doraHai="85,76" who="1" fromWho="3" sc="250,0,286,130,214,0,240,-120" /><INIT seed="1,1,0,4,4,58" ten="250,416,214,120" oya="1" hai0="57,22,16,64,134,50,17,61,1,87,66,56,108" hai1="45,68,53,72,106,42,109,116,6,33,52,51,113" hai2="117,34,128,112,133,49,96,59,4,84,89,69,107" hai3="86,115,35,121,20,54,39,76,119,5,77,99,67"/><U94/><E106/><V62/><F117/><W13/><G35/><T7/><D108/><U63/><E33/><V3/><F34/><W93/><G39/><T135/><D87/><U74/><E113/><V26/><F69/><W48/><G121/><T130/><D130/><U14/><E116/><V132/><F112/><W98/><G119/><T101/><D101/><U9/><E109/><V111/><F128/><W32/><G32/><T95/><D95/><U55/><REACH who="1" step="1"/><E94/><REACH who="1" ten="250,406,214,120" step="2"/><V8/><F111/><W43/><G115/><T29/><D135/><U24/><E24/><V88/><F107/><W81/><G93/><T114/><D134/><U38/><E38/><V31/><F132/><W23/><G81/><T18/><D114/><U27/><E27/><V36/><F36/><W131/><G131/><T110/><D110/><U127/><E127/><V2/><F133/><W78/><G78/><T79/><D79/><U91/><E91/><V124/><F89/><W92/><G92/><T85/><D1/><U100/><E100/><V70/><F124/><W122/><G77/><T123/><D123/><U71/><E71/><V47/><F70/><W19/><G76/><T37/><D37/><U12/><E12/><V125/><F2/><W118/><G122/><T120/><D120/><U44/><E44/><V41/><F125/><W28/><G118/><T97/><D97/><U73/><E73/><V83/><F96/><W65/><G99/><T0/><D0/><U90/><E90/><V82/><F88/><W105/><G98/><T15/><D15/><U10/><E10/><V126/><F8/><RYUUKYOKU ba="1,1" sc="250,-10,406,30,214,-10,120,-10" hai1="6,9,14,42,45,51,52,53,55,63,68,72,74" /><INIT seed="1,2,1,1,4,69" ten="240,436,204,110" oya="1" hai0="95,93,25,92,63,111,41,85,109,28,50,125,98" hai1="39,24,17,124,36,119,52,74,75,67,19,15,123" hai2="94,9,126,114,43,55,26,131,84,96,65,16,113" hai3="77,122,7,18,51,100,88,76,110,68,38,71,104"/><U22/><E123/><V5/><F131/><W87/><G122/><T115/><D115/><U10/><E119/><V79/><F65/><W56/><G110/><N who="0" m="41995" /><D125/><U134/><E134/><V89/><F126/><W44/><G7/><T4/><D4/><U13/><E124/><V127/><F127/><W48/><G104/><T117/><D117/><U132/><E67/><V91/><F79/><W62/><G100/><T20/><D85/><U81/><E132/><V130/><F130/><W34/><G34/><T121/><D121/><U1/><E1/><V107/><F55/><W86/><G71/><T29/><D63/><U32/><E52/><V42/><F107/><W135/><G135/><T129/><D129/><U45/><E45/><V82/><F26/><W21/><G68/><T120/><D120/><U23/><E32/><V8/><F8/><W27/><G87/><T31/><D98/><U30/><REACH who="1" step="1"/><E81/><REACH who="1" ten="240,426,204,110" step="2"/><V2/><F82/><W11/><G44/><AGARI ba="2,2" hai="20,25,28,29,31,41,44,50,92,93,95" m="41995" machi="44" ten="30,1000,0" yaku="14,1" doraHai="69" who="0" fromWho="3" sc="240,36,426,0,204,0,110,-16" /><INIT seed="2,0,0,2,0,68" ten="276,426,204,94" oya="2" hai0="53,90,100,61,25,24,55,50,103,7,75,92,2" hai1="127,69,74,125,132,18,78,45,13,19,135,121,30" hai2="58,14,85,10,52,3,101,6,76,26,79,95,89" hai3="34,84,5,59,62,134,15,87,91,107,51,124,120"/><V21/><F101/><W83/><G120/><T130/><D75/><U118/><E69/><V54/><F3/><W60/><G107/><T12/><D2/><U0/><E78/><V123/><F123/><W49/><G34/><T28/><D130/><U11/><E74/><V114/><F114/><W23/><G134/><N who="1" m="51242" /><E45/><V39/><F39/><W41/><G124/><N who="1" m="47690" /><E121/><V117/><F117/><W108/><G108/><T88/><D61/><U93/><E93/><V36/><F36/><W70/><G70/><T48/><D92/><U82/><E82/><V44/><F44/><W37/><G62/><T94/><D94/><U81/><E81/><V106/><F106/><W32/><G32/><T131/><D50/><U80/><E80/><V42/><F42/><W122/><G122/><T86/><D48/><U57/><E57/><V72/><F72/><W35/><G35/><T4/><D86/><U119/><E0/><V17/><REACH who="2" step="1"/><F54/><REACH who="2" ten="276,426,194,94" step="2"/><W8/><G41/><T43/><D43/><U105/><E105/><V38/><F38/><W112/><G37/><T66/><D100/><U73/><E73/><V96/><F96/><W40/><G40/><T63/><D103/><U27/><E118/><V29/><F29/><W65/><G112/><T129/><D28/><U111/><E119/><V104/><F104/><W67/><G67/><T116/><D116/><U115/><E30/><V133/><F133/><W110/><G110/><T56/><D66/><U33/><E111/><V113/><F113/><W109/><G109/><T64/><D64/><U102/><E115/><V31/><F31/><W46/><G65/><RYUUKYOKU ba="0,1" sc="276,-10,426,-10,194,30,94,-10" hai2="6,10,14,17,21,26,52,58,76,79,85,89,95" /><INIT seed="2,1,1,5,3,119" ten="266,416,224,84" oya="2" hai0="36,98,78,124,121,54,15,122,40,130,83,64,56" hai1="57,70,111,126,47,59,87,102,55,10,97,66,44" hai2="62,106,41,6,74,51,93,29,13,18,22,109,5" hai3="46,91,89,129,27,120,103,112,17,115,32,110,100"/><V114/><F106/><W31/><G110/><T92/><D64/><U75/><E75/><V116/><F116/><W80/><G129/><T28/><D130/><U35/><E35/><V21/><F74/><W3/><G3/><T26/><D124/><U84/><E70/><V23/><F114/><N who="3" m="43563" /><G46/><T24/><D15/><U131/><E131/><V104/><F104/><W79/><G17/><T96/><D40/><U125/><E10/><N who="2" m="6455" /><F29/><W0/><G0/><T63/><D36/><U50/><E111/><V67/><F109/><W20/><G32/><T105/><D105/><U34/><E34/><V90/><F67/><W128/><G128/><T135/><D96/><U52/><E66/><V71/><F62/><W61/><G61/><T19/><D135/><U25/><E25/><V14/><F14/><W117/><G117/><T82/><D19/><U65/><E65/><V30/><F30/><W48/><G48/><T77/><D26/><U86/><E125/><V72/><F72/><N who="3" m="43111" /><G120/><T38/><D38/><U76/><E76/><V49/><F71/><W9/><G9/><T73/><D24/><U94/><E126/><V11/><F11/><W69/><G69/><T33/><D28/><U113/><E113/><V39/><F39/><W8/><G8/><T68/><D33/><U134/><E134/><V58/><F41/><W12/><G12/><T118/><D68/><U42/><E42/><V16/><F16/><W88/><AGARI ba="1,1" hai="20,27,31,88,89,91,100,103" m="43111,43563" machi="88" ten="30,2000,0" yaku="11,1,54,1" doraHai="119" who="3" fromWho="3" sc="266,-6,416,-6,224,-11,84,33" /><INIT seed="3,0,0,4,0,58" ten="260,410,213,117" oya="3" hai0="16,34,62,56,124,65,120,33,104,40,7,29,13" hai1="25,96,92,86,73,68,66,91,55,42,50,4,57" hai2="15,11,132,134,119,60,125,129,95,108,47,18,122" hai3="75,106,85,52,67,72,103,53,46,19,37,45,24"/><W81/><G67/><T49/><D120/><U87/><E73/><V39/><F119/><W116/><G116/><T59/><D104/><U32/><E4/><V115/><F115/><W1/><G1/><T130/><D130/><U78/><E78/><V100/><F129/><W2/><G2/><T94/><D124/><U90/><E42/><V6/><F125/><W84/><G106/><T9/><D29/><U64/><E68/><V97/><F108/><W38/><G24/><T30/><D30/><U17/><E96/><V44/><F122/><W126/><G126/><T93/><D7/><U76/><E76/><V102/><F102/><W82/><REACH who="3" step="1"/><G19/><REACH who="3" ten="260,410,213,107" step="2"/><T105/><D105/><U80/><E32/><V118/><F118/><W61/><G61/><N who="0" m="38055" /><D33/><U131/><E131/><V77/><F18/><W110/><G110/><T79/><D34/><U3/><E3/><V54/><F60/><W0/><G0/><T12/><D12/><U123/><E123/><V109/><F109/><W36/><G36/><T26/><D26/><U8/><E25/><V135/><F39/><W27/><G27/><T41/><D49/><U69/><E69/><V48/><F132/><W113/><G113/><T74/><D16/><U133/><E64/><V14/><F14/><W10/><G10/><T71/><D13/><N who="1" m="7335" /><E66/><V63/><F15/><W43/><G43/><N who="0" m="16459" /><D9/><U89/><E133/><V101/><F135/><W107/><G107/><T114/><D71/><U99/><E50/><V70/><F48/><W83/><G83/><N who="0" m="45559" /><D114/><U117/><E117/><V35/><F134/><W112/><G112/><T23/><D23/><RYUUKYOKU ba="0,1" sc="260,15,410,-15,213,-15,107,15" hai0="59,62,93,94" hai3="37,38,45,46,52,53,72,75,81,82,84,85,103" /><INIT seed="3,1,1,5,5,61" ten="275,395,198,122" oya="3" hai0="58,1,80,7,9,95,46,99,20,18,32,111,106" hai1="103,79,21,17,131,12,11,115,28,3,10,41,109" hai2="117,127,47,33,81,75,65,19,110,36,31,92,126" hai3="42,130,114,8,123,37,55,112,85,101,30,132,4"/><W16/><G123/><T38/><D111/><U125/><E41/><N who="2" m="22951" /><F110/><W82/><G30/><T102/><D32/><U43/><E43/><V107/><F107/><W40/><G101/><T124/><D124/><U72/><E103/><V122/><F117/><W52/><G114/><T54/><D80/><U45/><E45/><V50/><F50/><W59/><G112/><T68/><D68/><U74/><E79/><N who="2" m="44287" /><F122/><W51/><G37/><T133/><D133/><U83/><E83/><V78/><F19/><W100/><G130/><T44/><D106/><U0/><E131/><V66/><F92/><W91/><G132/><T113/><D38/><U13/><E17/><V27/><F78/><W119/><G119/><T128/><D128/><U87/><E87/><V63/><F63/><N who="3" m="36327" /><G100/><T90/><D102/><U71/><E71/><V129/><F129/><W98/><G4/><T67/><D113/><U48/><E115/><V120/><F120/><W86/><G86/><T15/><D7/><U6/><E6/><V14/><F14/><N who="3" m="7239" /><G98/><T76/><D99/><U105/><E105/><V49/><F49/><W93/><G93/><T29/><D95/><U62/><E48/><V97/><F97/><W24/><G24/><T56/><D29/><U39/><E39/><V60/><F60/><W84/><G84/><T135/><D135/><U88/><E62/><V134/><F134/><W53/><G53/><T26/><D54/><U25/><E109/><V108/><F108/><W69/><G69/><T35/><D26/><U77/><E25/><V34/><F34/><W89/><G89/><T96/><D90/><RYUUKYOKU ba="1,1" sc="275,-15,395,-15,198,15,122,15" hai2="27,31,33,65,66,126,127" hai3="40,42,51,55,82,85,91" /><INIT seed="3,2,1,2,5,126" ten="260,380,213,137" oya="3" hai0="49,104,47,11,99,113,75,71,33,100,89,27,0" hai1="124,23,90,98,107,101,73,121,109,36,6,91,57" hai2="13,95,31,67,48,14,74,60,7,69,132,45,116" hai3="61,131,65,128,125,24,5,39,115,120,88,83,53"/><W129/><G125/><T41/><D71/><U26/><E121/><V87/><F74/><W78/><G120/><T70/><D70/><U80/><E109/><V133/><F116/><W43/><G115/><T1/><D113/><U63/><E36/><V114/><F114/><W122/><G122/><T29/><D75/><U105/><E105/><V38/><F38/><W127/><G127/><T93/><REACH who="0" step="1"/><D11/><REACH who="0" ten="250,380,213,137" step="2"/><U96/><E73/><V59/><F69/><W51/><G131/><T16/><D16/><U82/><E6/><V64/><F132/><W28/><G5/><T134/><D134/><U52/><E124/><V50/><F7/><W10/><G10/><T19/><D19/><N who="1" m="12671" /><E91/><V106/><F133/><W135/><G135/><T34/><D34/><U108/><E108/><V4/><F4/><W118/><G118/><T46/><D46/><U18/><E18/><V76/><F45/><W20/><G88/><T44/><D44/><U54/><E90/><V35/><F35/><W55/><G39/><T9/><D9/><U68/><E68/><V117/><F117/><W81/><G129/><T21/><D21/><U37/><E37/><V66/><F59/><N who="3" m="37055" /><G128/><T112/><D112/><U103/><E57/><V97/><F76/><W3/><G3/><T12/><D12/><U15/><E15/><V92/><F13/><W77/><G77/><T102/><D102/><U84/><E103/><V56/><F14/><W86/><G83/><T8/><D8/><U25/><E82/><V2/><F2/><W111/><G111/><T17/><D17/><U62/><E80/><V32/><F32/><RYUUKYOKU ba="2,2" sc="250,15,380,-15,213,-15,137,15" hai0="0,1,27,29,33,41,47,49,89,93,99,100,104" hai3="20,24,28,43,51,53,55,78,81,86" /><INIT seed="3,3,2,2,1,54" ten="265,365,198,152" oya="3" hai0="101,19,32,18,27,40,73,3,125,113,55,70,103" hai1="133,94,84,43,2,77,66,33,39,41,88,93,15" hai2="112,109,69,60,61,64,65,49,128,76,115,104,108" hai3="12,95,47,79,96,4,85,72,9,100,6,30,1"/><W48/><G30/><T134/><D73/><U129/><E2/><V7/><F7/><W105/><G1/><T37/><D3/><U91/><E33/><V130/><F76/><W98/><G72/><T51/><D70/><U71/><E39/><V24/><F24/><W63/><G63/><T67/><D67/><U10/><E133/><V36/><F104/><W26/><G26/><T13/><D134/><U121/><E121/><V59/><F36/><W99/><G6/><T75/><D75/><U56/><E71/><V116/><F49/><W46/><G46/><T53/><D125/><U131/><E77/><V111/><F116/><W118/><G118/><T35/><D37/><U11/><E66/><V20/><F20/><W83/><REACH who="3" step="1"/><G105/><REACH who="3" ten="265,365,198,142" step="2"/><T8/><D27/><U87/><E15/><V14/><F14/><W16/><G16/><T45/><D19/><U92/><E129/><AGARI ba="3,3" hai="59,60,61,64,65,69,108,109,111,112,115,128,129,130" machi="129" ten="50,12000,2" yaku="14,1,19,1,34,3,52,1" doraHai="54" who="2" fromWho="1" sc="265,0,365,-129,198,159,142,0" /><INIT seed="4,0,0,2,3,14" ten="265,236,357,142" oya="0" hai0="6,124,41,10,116,134,95,81,38,87,75,92,125" hai1="78,107,88,22,72,108,11,99,1,45,21,120,101" hai2="118,127,9,128,74,83,84,18,113,73,131,47,123" hai3="53,25,63,55,98,102,82,33,56,66,29,103,2"/><T76/><D116/><U71/><E71/><V100/><F118/><W58/><G2/><N who="0" m="343" /><D134/><U135/><E108/><V122/><F113/><W67/><G82/><T44/><D87/><U39/><E120/><V114/><F114/><W86/><G86/><T97/><D92/><U32/><E32/><V15/><F127/><W126/><G126/><T115/><D115/><U90/><E22/><V61/><F61/><W60/><REACH who="3" step="1"/><G103/><AGARI ba="0,0" hai="38,41,44,75,76,81,95,97,103,124,125" m="343" machi="103" ten="30,1500,0" yaku="25,1" doraHai="14" who="0" fromWho="3" sc="265,15,236,0,357,0,142,-15" /><INIT seed="4,1,0,0,0,64" ten="280,236,357,127" oya="0" hai0="67,22,107,115,98,125,109,48,58,114,91,69,123" hai1="113,4,119,34,41,87,59,134,106,131,8,71,56" hai2="47,3,85,63,32,2,118,16,30,97,68,35,43" hai3="21,24,96,39,51,78,111,117,28,83,15,101,76"/><T55/><D123/><U127/><E34/><V6/><F118/><W81/><G39/><T105/><D125/><U120/><E106/><V110/><F110/><W19/><G117/><T50/><D109/><U0/><E119/><V128/><F128/><W90/><G111/><T27/><D50/><U57/><E120/><V89/><F97/><W66/><G66/><T135/><D135/><U103/><E103/><V84/><F84/><W45/><G90/><T36/><D36/><U46/><E127/><V17/><F3/><W80/><G96/><T132/><D132/><U99/><E99/><V42/><F42/><W40/><REACH who="3" step="1"/><G101/><REACH who="3" ten="280,236,357,117" step="2"/><T53/><D91/><U20/><E134/><V11/><F89/><W65/><G65/><T37/><D98/><U23/><E131/><V70/><F32/><AGARI ba="1,1" hai="15,19,21,24,28,32,40,45,51,76,78,80,81,83" machi="32" ten="40,1300,0" yaku="1,1,53,0" doraHai="64" doraHaiUra="116" who="3" fromWho="2" sc="280,0,236,0,357,-16,117,26" /><INIT seed="5,0,0,1,0,104" ten="280,236,341,143" oya="1" hai0="64,43,99,87,103,89,33,27,10,42,29,21,130" hai1="11,119,101,2,28,37,108,131,16,38,0,48,132" hai2="75,18,126,45,107,50,40,111,128,117,66,44,22" hai3="79,31,61,19,78,23,54,93,59,32,53,124,8"/><U9/><E119/><V39/><F117/><W127/><G127/><T47/><D130/><U92/><E28/><V15/><F107/><W133/><G133/><T88/><D64/><U105/><E105/><V36/><F126/><W63/><G124/><T24/><D10/><U83/><E101/><V84/><F111/><W41/><G41/><T52/><D103/><U26/><E92/><V30/><F66/><W55/><G32/><T115/><D115/><U91/><E48/><V76/><F30/><W116/><G116/><T34/><D99/><U113/><E83/><V62/><F62/><W110/><G110/><T80/><D89/><U60/><E91/><V65/><F65/><W72/><G31/><T82/><D82/><U70/><E60/><V112/><F128/><W6/><G93/><T77/><D77/><U121/><E121/><V17/><F112/><W109/><G109/><T13/><D27/><U67/><E26/><V85/><F39/><W96/><G96/><T68/><D68/><U102/><E70/><V46/><F46/><W3/><G72/><T98/><D98/><U94/><E132/><V106/><F106/><W7/><G7/><T123/><D123/><U49/><E131/><V122/><F122/><W12/><REACH who="3" step="1"/><G53/><REACH who="3" ten="280,236,341,133" step="2"/><T118/><D118/><U1/><E94/><V125/><F125/><W86/><G86/><T57/><D34/><U95/><E95/><V71/><F84/><W73/><G73/><T129/><D129/><U97/><E108/><V74/><F74/><W114/><G114/><T51/><D33/><U120/><E113/><V25/><F75/><RYUUKYOKU ba="0,1" sc="280,-10,236,-10,341,-10,133,30" hai3="3,6,8,12,19,23,54,55,59,61,63,78,79" /><INIT seed="6,1,1,1,4,63" ten="270,226,331,163" oya="2" hai0="99,27,104,85,10,126,79,68,130,133,114,20,58" hai1="49,3,121,13,32,23,34,98,6,113,115,132,84" hai2="57,24,86,111,4,31,82,101,106,19,28,2,61" hai3="38,30,47,5,124,51,17,15,77,65,80,102,107"/><V29/><F111/><W1/><G124/><T0/><D68/><U59/><E3/><V116/><F116/><W89/><G30/><T43/><D126/><U55/><E132/><V97/><F2/><W127/><G127/><T7/><D133/><U122/><E98/><V91/><F4/><W71/><G107/><T52/><D130/><U9/><E23/><V128/><F19/><W131/><G102/><T135/><D135/><U35/><REACH who="1" step="1"/><E84/><REACH who="1" ten="270,216,331,163" step="2"/><V120/><F128/><W90/><G131/><T88/><D99/><U60/><E60/><V25/><REACH who="2" step="1"/><F120/><AGARI ba="1,2" hai="6,9,13,32,34,35,49,55,59,113,115,120,121,122" machi="120" ten="50,3200,0" yaku="1,1,13,1,53,0" doraHai="63" doraHaiUra="64" who="1" fromWho="2" sc="270,0,216,55,331,-35,163,0" /><INIT seed="7,0,0,0,4,89" ten="270,271,296,163" oya="3" hai0="69,109,10,68,85,87,82,118,47,8,0,7,126" hai1="71,112,59,114,134,102,35,106,12,55,13,108,75" hai2="57,74,65,56,73,49,41,98,52,90,45,44,113" hai3="84,86,103,38,42,93,11,131,26,120,43,4,23"/><W31/><G120/><T6/><D118/><U91/><E71/><V130/><F65/><W125/><G131/><T88/><D109/><U132/><E35/><V53/><F130/><W78/><G125/><T81/><D47/><U16/><E75/><V119/><F119/><W30/><G30/><T28/><D28/><U94/><E12/><V135/><F113/><N who="1" m="43625" /><E102/><V104/><F135/><W72/><G72/><T46/><D46/><U51/><E106/><V101/><F90/><W123/><G123/><T40/><D40/><U80/><E80/><V122/><F122/><W58/><G38/><T117/><D117/><U77/><E77/><V14/><F14/><N who="3" m="5479" /><G58/><T128/><D128/><U124/><E108/><V92/><F44/><W95/><G103/><T50/><D50/><U39/><E124/><V36/><F104/><W24/><G24/><T129/><D129/><U116/><E39/><V25/><F25/><W64/><G64/><T133/><D126/><U63/><E63/><AGARI ba="0,0" hai="36,41,45,49,52,53,56,57,63,73,74,92,98,101" machi="63" ten="30,3900,0" yaku="7,1,52,1,54,1" doraHai="89" who="2" fromWho="1" sc="270,0,271,-39,296,39,163,0" owari="270,7.0,232,-17.0,335,44.0,163,-34.0" /></mjloggm>