<mjloggm ver="2.3"><GO type="169" lobby="0"/><UN n0="%E3%83%94%E3%82%AB%E5%90%BE%E9%83%8E" n1="%E3%83%88%E3%83%88%E3%83%AA%E5%85%88%E7%94%9F%31%39%E6%AD%B3" n2="%E6%81%8B%E6%96%87" n3="%E2%80%A0%41%71%75%61%E2%80%A0" dan="17,19,16,16" rate="2128.28,2297.52,2171.71,2141.37" sx="M,F,M,M"/><TAIKYOKU oya="0"/><INIT seed="0,0,0,0,3,17" ten="250,250,250,250" oya="0" hai0="127,132,65,55,69,54,71,44,98,76,80,38,78" hai1="33,120,63,51,73,85,35,83,134,34,57,124,21" hai2="8,91,133,105,13,53,114,5,9,42,89,30,102" hai3="96,97,26,60,47,29,10,109,111,82,72,94,93"/><T108/><D127/><U74/><E120/><V68/><F114/><W19/><G60/><T129/><D129/><U103/><E124/><V126/><F68/><W2/><G47/><T16/><D132/><U0/><E0/><V115/><F115/><W121/><G121/><T11/><D78/><U100/><E51/><V125/><F30/><W113/><G113/><T117/><D117/><U77/><E134/><V62/><F42/><W24/><G72/><T52/><D65/><U50/><E50/><V123/><F123/><W87/><G2/><T112/><D98/><N who="3" m="37993" /><G10/><T84/><D112/><U128/><E128/><V118/><F118/><W130/><G19/><T110/><D44/><U41/><E41/><V23/><F62/><W12/><G12/><N who="0" m="7199" /><D38/><U20/><E74/><V40/><F133/><W18/><G18/><T131/><D131/><U59/><E73/><V37/><F126/><W116/><G116/><T61/><D61/><U92/><E59/><V119/><F37/><W31/><G130/><T99/><D99/><U135/><E135/><V36/><F36/><W3/><G3/><T79/><D79/><U122/><E122/><V88/><F125/><W86/><G87/><T101/><D101/><N who="1" m="38987" /><E57/><V4/><F102/><W15/><G31/><T28/><D28/><U67/><E63/><V27/><F119/><W70/><G70/><T107/><D107/><U25/><E67/><V58/><F105/><W95/><G15/><T45/><D45/><U6/><E35/><V43/><F13/><W90/><G29/><T7/><D7/><U66/><E33/><V46/><F5/><RYUUKYOKU ba="0,0" sc="250,15,250,-15,250,-15,250,15" hai0="52,54,55,69,71,76,80,84,108,110" hai3="24,26,82,86,90,93,94,95,109,111" /><INIT seed="0,1,0,3,1,84" ten="265,235,235,265" oya="0" hai0="25,17,94,105,76,70,63,1,97,26,28,49,111" hai1="46,108,98,36,38,73,106,85,4,32,72,60,117" hai2="86,113,30,21,87,20,67,18,102,54,56,52,116" hai3="120,58,124,11,65,22,127,68,2,75,101,31,95"/><T118/><D1/><U82/><E117/><V55/><F113/><W90/><G68/><T130/><D118/><U109/><E32/><V10/><F116/><W135/><G75/><N who="1" m="28746" /><E4/><V103/><F10/><W123/><G101/><N who="2" m="38409" /><F30/><W96/><G135/><T0/><D76/><U48/><E60/><N who="2" m="38279" /><F21/><W78/><G78/><T100/><D0/><U29/><E98/><V35/><F35/><W79/><G79/><T133/><D133/><U16/><E29/><V23/><F20/><W128/><G128/><T89/><D130/><U14/><E106/><V8/><F8/><W43/><G22/><T129/><D129/><U59/><E59/><V44/><F44/><W93/><G31/><T110/><D17/><U61/><E61/><V99/><F99/><W107/><G107/><T126/><D49/><U71/><E71/><V57/><F57/><W64/><G58/><T119/><D119/><U80/><E48/><V91/><F91/><N who="3" m="55359" /><G64/><N who="0" m="41247" /><D105/><U42/><E38/><V19/><F19/><W134/><G65/><T88/><D26/><AGARI ba="1,0" hai="18,23,26,52,54,55,86,87" m="38279,38409" machi="26" ten="30,2000,0" yaku="8,1,54,1" doraHai="84" who="2" fromWho="0" sc="265,-23,235,0,235,23,265,0" /><INIT seed="1,0,0,1,0,69" ten="242,235,258,265" oya="1" hai0="46,73,82,127,22,17,129,24,65,47,119,77,133" hai1="79,71,122,20,93,63,128,125,39,28,78,70,62" hai2="87,30,16,51,19,98,18,10,117,131,88,60,75" hai3="52,105,34,99,91,94,42,118,120,25,48,124,57"/><U3/><E122/><V89/><F75/><W59/><G120/><T55/><D119/><U43/><E3/><V5/><F117/><W12/><G118/><T85/><D129/><U21/><E128/><V84/><F131/><W7/><G124/><T37/><D65/><U53/><E125/><V15/><F30/><W101/><G42/><T86/><D127/><U116/><E116/><V109/><F109/><W36/><G36/><T96/><D133/><U72/><E93/><V14/><F60/><W113/><G113/><T83/><D96/><U90/><E90/><N who="2" m="34923" /><F98/><W1/><G1/><T45/><D55/><U11/><E53/><V106/><F106/><W126/><G126/><T134/><D134/><U44/><E28/><V66/><F66/><W27/><G34/><T8/><D8/><U54/><E11/><N who="2" m="4463" /><F51/><W132/><G132/><T56/><D73/><U41/><E72/><V95/><F95/><W31/><G31/><T104/><D104/><U49/><E54/><V114/><F114/><W107/><G59/><T29/><D56/><U35/><E49/><V38/><F38/><W2/><G2/><T74/><D29/><U110/><E39/><V23/><F23/><W67/><G67/><T121/><D121/><U50/><E50/><V58/><F58/><W6/><G107/><T64/><D64/><U130/><E130/><V4/><AGARI ba="0,0" hai="4,10,15,16,18,19,84,87" m="4463,34923" machi="4" ten="30,4000,0" yaku="8,1,54,2" doraHai="69" who="2" fromWho="2" sc="242,-10,235,-20,258,40,265,-10" /><INIT seed="2,0,0,4,5,40" ten="232,215,298,255" oya="2" hai0="124,95,115,111,63,70,68,109,89,93,10,49,50" hai1="31,39,110,60,57,16,101,91,0,126,72,135,88" hai2="83,103,55,78,25,131,46,98,61,20,54,37,105" hai3="14,12,121,7,96,114,48,130,28,132,19,106,120"/><V86/><F131/><W58/><G130/><T100/><D115/><U123/><E72/><V30/><REACH who="2" step="1"/><F61/><REACH who="2" ten="232,215,288,255" step="2"/><W127/><G120/><T113/><D63/><U119/><E60/><V17/><F17/><W116/><G19/><T122/><D122/><U42/><E16/><V36/><F36/><W107/><G121/><T23/><D113/><U45/><E39/><V2/><F2/><W8/><G114/><T65/><D70/><U38/><E0/><V82/><F82/><W9/><G116/><T15/><D68/><U47/><E38/><V87/><F87/><W94/><G7/><T102/><D65/><U71/><E71/><V92/><F92/><W90/><G94/><T77/><D95/><U74/><E119/><V112/><F112/><W53/><G106/><T4/><D93/><U33/><E123/><V29/><F29/><W99/><G107/><T64/><D64/><U44/><E31/><V51/><F51/><W56/><G28/><T85/><D50/><U73/><E73/><V24/><F24/><W13/><G48/><T3/><D49/><U108/><E74/><V22/><F22/><W129/><G129/><T81/><D23/><U76/><E110/><V97/><F97/><W84/><G96/><T35/><D3/><U41/><E108/><V128/><F128/><W52/><G99/><T11/><D111/><U21/><E21/><V59/><F59/><W1/><G1/><T26/><D109/><U79/><E57/><V118/><F118/><W134/><G58/><T32/><D4/><U6/><E6/><V5/><F5/><W104/><G56/><RYUUKYOKU ba="0,1" sc="232,-10,215,-10,288,30,255,-10" hai2="20,25,30,37,46,54,55,78,83,86,98,103,105" /><INIT seed="2,1,1,5,3,79" ten="222,205,318,245" oya="2" hai0="30,23,43,85,52,68,75,120,89,3,107,73,27" hai1="112,127,31,123,82,19,0,67,126,24,55,50,32" hai2="12,14,54,40,11,18,63,99,100,59,84,76,83" hai3="114,61,37,26,94,115,36,97,93,121,72,103,90"/><V106/><REACH who="2" step="1"/><F14/><REACH who="2" ten="222,205,308,245" step="2"/><W92/><G115/><T117/><D3/><U116/><E112/><V38/><F38/><W57/><G114/><T64/><D117/><U1/><E0/><V10/><F10/><W135/><G37/><T5/><D120/><U111/><E1/><V109/><F109/><W95/><G36/><T4/><D4/><U56/><E116/><V110/><F110/><W6/><G121/><T66/><D5/><U21/><E111/><V29/><F29/><W105/><G6/><T13/><D13/><U98/><E123/><V113/><F113/><W128/><G128/><T22/><D30/><U20/><E31/><V118/><F118/><W78/><G135/><T62/><D27/><U70/><E24/><V45/><F45/><W69/><G26/><T86/><D23/><U87/><E21/><V58/><F58/><W48/><G69/><T91/><D22/><U131/><E131/><V74/><F74/><W129/><G129/><T65/><D73/><U132/><E132/><V60/><F60/><W28/><G28/><T16/><D75/><U41/><E20/><V130/><F130/><W81/><G61/><T39/><D62/><U8/><E8/><V7/><F7/><W17/><G57/><T96/><D68/><U33/><E70/><V44/><F44/><W42/><G72/><T124/><D39/><U71/><E71/><V46/><F46/><W47/><G47/><T15/><D15/><U122/><E56/><V80/><F80/><W49/><G81/><T125/><D43/><AGARI ba="1,2" hai="11,12,18,40,43,54,59,63,76,83,84,99,100,106" machi="43" ten="40,12000,1" yaku="21,2,52,1,53,1" doraHai="79" doraHaiUra="101" who="2" fromWho="0" sc="222,-123,205,0,308,143,245,0" /><INIT seed="2,2,0,5,2,70" ten="99,205,451,245" oya="2" hai0="67,123,59,64,97,66,39,22,50,6,88,74,114" hai1="9,79,49,107,99,23,77,80,115,1,44,5,0" hai2="24,105,78,103,110,2,128,68,47,100,101,28,130" hai3="111,31,55,102,91,125,34,29,129,71,120,35,118"/><V10/><F110/><W109/><G71/><T112/><D74/><U93/><E115/><V62/><F78/><W43/><G120/><T95/><D123/><U12/><E107/><V116/><F116/><W133/><G118/><T72/><D72/><U73/><E23/><V37/><F10/><W16/><G102/><T46/><D6/><U57/><E57/><V106/><F2/><W131/><G43/><T119/><D119/><U83/><E93/><V87/><F87/><W21/><G55/><T36/><D59/><U104/><E99/><V54/><F54/><W89/><G125/><T8/><D8/><U25/><E25/><V84/><F84/><W134/><G21/><T60/><D60/><U19/><E19/><AGARI ba="2,0" hai="16,19,29,31,34,35,89,91,109,111,129,131,133,134" machi="19" ten="25,3200,0" yaku="22,2,54,1" doraHai="70" who="3" fromWho="1" sc="99,0,205,-38,451,0,245,38" /><INIT seed="3,0,0,1,1,60" ten="99,167,451,283" oya="3" hai0="66,47,87,105,64,109,35,23,56,116,133,112,122" hai1="70,83,6,94,11,123,90,86,115,119,68,89,3" hai2="101,125,82,55,5,67,52,26,50,98,42,97,95" hai3="13,49,29,1,41,51,113,25,9,20,131,118,58"/><W37/><G118/><T127/><D35/><U76/><E123/><V69/><F125/><W78/><G113/><T74/><D74/><U59/><E115/><V134/><F134/><W135/><G135/><T92/><D105/><U75/><E119/><V33/><F5/><W54/><G131/><T45/><D112/><U34/><E34/><V30/><F82/><W18/><G37/><T63/><D116/><U96/><REACH who="1" step="1"/><E59/><REACH who="1" ten="99,157,451,283" step="2"/><V21/><F33/><W10/><G78/><T128/><D122/><U53/><E53/><V28/><F55/><W129/><G129/><T110/><D128/><U124/><E124/><V73/><F52/><W48/><G41/><T91/><D127/><U81/><AGARI ba="0,1" hai="3,6,11,68,70,75,76,81,83,86,89,90,94,96" machi="81" ten="20,5200,0" yaku="1,1,0,1,7,1,53,1" doraHai="60" doraHaiUra="7" who="1" fromWho="1" sc="99,-13,157,62,451,-13,283,-26" /><INIT seed="4,0,0,1,0,33" ten="86,219,438,257" oya="0" hai0="119,72,49,109,95,126,20,53,92,52,63,129,76" hai1="115,114,3,35,21,9,97,24,41,116,85,93,42" hai2="103,30,123,130,128,106,29,135,60,56,70,17,100" hai3="83,127,5,22,66,94,19,71,28,61,96,40,38"/><T101/><D119/><U58/><E116/><V55/><F123/><W107/><G107/><T91/><D126/><U105/><E105/><V79/><F135/><W68/><G127/><T86/><D129/><N who="2" m="49770" /><F79/><W102/><G28/><N who="2" m="10857" /><F70/><W108/><G108/><T47/><D109/><U13/><E35/><V99/><F17/><W6/><G71/><T134/><D134/><U111/><E111/><V67/><F67/><W15/><G38/><T65/><D72/><U89/><E58/><V23/><F23/><W39/><G39/><T87/><D20/><U11/><E97/><V81/><F81/><W18/><G40/><N who="0" m="24807" /><D101/><AGARI ba="0,0" hai="55,56,60,99,100,101,103,106" m="10857,49770" machi="101" ten="30,1000,0" yaku="19,1" doraHai="33" who="2" fromWho="0" sc="86,-10,219,0,438,10,257,0" /><INIT seed="5,0,0,0,3,83" ten="76,219,448,257" oya="1" hai0="93,131,80,72,116,28,94,5,33,20,14,89,74" hai1="35,123,98,71,82,42,130,44,1,76,46,19,60" hai2="45,88,29,36,16,106,34,79,128,68,12,102,56" hai3="78,95,62,2,118,65,40,58,73,27,59,53,10"/><U49/><E123/><V37/><F68/><W61/><G118/><T113/><D33/><U7/><E130/><V77/><F128/><W119/><G119/><T11/><D116/><U0/><E35/><V84/><F56/><W90/><G40/><T17/><D131/><U132/><E132/><V63/><F63/><W51/><G73/><T8/><D28/><U22/><E7/><V43/><F37/><W81/><G27/><T103/><D11/><U97/><E46/><V75/><F75/><W66/><G2/><T48/><D113/><U30/><E30/><V110/><F110/><W129/><G129/><T38/><D38/><U47/><E47/><V105/><F106/><W101/><G10/><T69/><D69/><U124/><E124/><V134/><F102/><W133/><G133/><T126/><D126/><U9/><E71/><V115/><F105/><W127/><G127/><T112/><D112/><U31/><E60/><V4/><F4/><W111/><G111/><T85/><D93/><U92/><E31/><V135/><F115/><W15/><G15/><T25/><REACH who="0" step="1"/><D48/><REACH who="0" ten="66,219,448,257" step="2"/><N who="1" m="26647" /><E92/><N who="2" m="54279" /><F135/><W104/><G95/><T117/><D117/><U96/><E49/><N who="2" m="26815" /><F134/><W109/><G51/><T121/><D121/><U87/><E9/><N who="2" m="6159" /><F36/><W114/><G114/><T21/><D21/><U86/><E1/><V125/><F125/><W57/><G109/><T120/><D120/><U122/><E0/><V100/><F29/><W99/><G104/><T108/><D108/><U55/><E122/><V50/><F50/><W91/><G62/><T107/><D107/><U18/><E22/><V54/><F34/><RYUUKYOKU ba="0,1" sc="66,30,219,-10,448,-10,257,-10" hai0="5,8,14,17,20,25,72,74,80,85,89,94,103" /><INIT seed="6,1,1,0,5,72" ten="96,209,438,247" oya="2" hai0="107,110,82,41,53,102,125,130,43,68,21,50,96" hai1="92,46,31,14,74,25,6,71,101,73,134,3,86" hai2="37,24,60,2,52,67,100,80,124,76,9,133,47" hai3="115,5,105,114,129,63,69,58,16,54,75,106,45"/><V19/><F100/><W87/><G75/><T119/><D110/><U128/><E71/><V61/><F133/><W27/><G5/><T12/><D68/><U65/><E65/><V111/><F111/><W117/><G117/><T93/><D125/><U29/><E3/><V112/><F124/><W1/><G1/><T70/><D70/><U39/><E31/><V85/><F112/><N who="3" m="43051" /><G69/><T56/><D130/><U81/><E128/><V48/><F37/><W126/><G126/><T122/><D122/><U20/><E134/><V94/><F2/><W127/><G127/><T13/><D119/><U103/><E92/><V8/><F94/><W108/><G129/><T116/><D116/><U40/><E74/><V18/><F67/><W22/><G108/><T104/><D104/><U66/><E73/><V91/><F91/><W55/><G87/><T89/><D82/><U32/><E66/><V83/><F83/><W135/><G135/><T49/><D50/><AGARI ba="1,1" hai="16,22,27,45,50,54,55,58,63,105,106" m="43051" machi="50" ten="30,3900,0" yaku="15,1,11,1,54,1" doraHai="72" who="3" fromWho="0" sc="96,-42,209,0,438,0,247,52" /><INIT seed="7,0,0,1,3,30" ten="54,209,438,299" oya="3" hai0="109,31,72,64,82,25,78,76,33,37,88,80,77" hai1="22,124,6,18,8,130,101,34,38,99,128,49,135" hai2="65,90,53,32,114,92,75,100,9,133,132,117,134" hai3="69,120,57,119,0,105,4,17,45,125,28,66,35"/><W131/><G119/><T108/><D37/><U67/><E38/><V102/><F114/><W50/><G69/><T106/><D106/><U1/><E135/><V97/><F117/><W26/><G120/><T68/><D77/><U126/><E67/><V47/><F32/><W93/><G105/><T13/><D13/><U48/><E99/><V52/><F75/><W94/><G125/><N who="1" m="48234" /><E48/><N who="2" m="28703" /><F65/><W61/><G131/><N who="1" m="50218" /><E49/><V27/><F27/><W19/><G0/><T12/><D12/><N who="1" m="9543" /><E101/><N who="2" m="39019" /><F53/><W103/><G4/><T7/><D7/><U58/><E58/><V111/><F9/><W112/><G112/><T15/><D15/><U21/><E34/><V118/><F118/><W14/><G103/><T98/><D64/><U70/><E70/><V91/><F91/><W86/><G86/><T96/><D96/><U39/><E39/><V113/><F113/><W121/><G121/><T10/><D10/><U43/><E43/><V11/><F11/><W110/><G50/><T20/><D20/><U23/><AGARI ba="0,0" hai="1,6,8,21,23" m="9543,50218,48234" machi="23" ten="40,8000,1" yaku="18,1,19,1,34,2" doraHai="30" who="1" fromWho="1" sc="54,-20,209,80,438,-20,299,-40" owari="34,-47.0,289,9.0,418,52.0,259,-14.0" /></mjloggm>