<mjloggm ver="2.3"><GO type="169" lobby="0"/><UN n0="%E3%83%88%E3%83%88%E3%83%AA%E5%85%88%E7%94%9F%31%39%E6%AD%B3" n1="%72%79%6F%E2%80%A6%31%35" n2="%E3%83%AB%E3%82%BF%E3%82%B9%E3%82%B1" n3="%E6%97%A5%E6%9B%9C%E6%97%A5%E3%82%88%E3%82%8A%E3%81%AE%E4%BD%BF%E8%80%85" dan="19,17,16,17" rate="2271.69,2173.51,2039.64,2203.42" sx="F,M,M,M"/><TAIKYOKU oya="0"/><INIT seed="0,0,0,5,2,59" ten="250,250,250,250" oya="0" hai0="66,82,43,26,115,48,114,54,12,0,123,36,92" hai1="68,33,77,35,3,113,5,72,112,69,65,120,17" hai2="133,79,57,63,13,2,40,95,55,105,42,75,53" hai3="98,85,31,130,16,50,111,64,60,22,30,51,94"/><T27/><D123/><U128/><E120/><V20/><F2/><W39/><G39/><T100/><D0/><U18/><E77/><V97/><F133/><W19/><G111/><T117/><D117/><U116/><E72/><V80/><F105/><W49/><G85/><T107/><D107/><U25/><E116/><V41/><F53/><W9/><G9/><T58/><D82/><U10/><E65/><V56/><F56/><N who="3" m="36871" /><G130/><T76/><D76/><U21/><E68/><V131/><F131/><W34/><G34/><N who="1" m="12810" /><E69/><V110/><F110/><W103/><G19/><N who="1" m="7178" /><E128/><V102/><REACH who="2" step="1"/><F20/><REACH who="2" ten="250,250,240,250" step="2"/><W67/><G67/><T45/><D66/><U86/><E21/><V88/><F88/><W23/><G23/><T109/><D109/><U99/><E112/><V101/><F101/><W47/><G47/><T32/><D32/><U70/><E113/><V125/><F125/><W44/><G44/><T134/><D134/><U87/><E70/><V11/><F11/><W129/><G129/><T84/><D115/><U28/><E10/><V4/><F4/><W61/><G61/><T132/><D132/><U62/><E62/><V124/><F124/><W121/><G121/><T7/><D114/><U8/><E8/><V93/><F93/><W135/><G135/><T74/><D100/><U122/><E122/><V104/><F104/><W37/><G37/><T14/><D7/><U24/><E5/><V29/><F29/><W73/><G73/><T119/><D74/><U118/><E3/><V91/><F91/><W106/><G106/><T127/><D127/><U126/><E126/><V1/><F1/><RYUUKYOKU ba="0,1" sc="250,-15,250,-15,240,15,250,15" hai2="13,40,41,42,55,57,63,75,79,80,95,97,102" hai3="16,22,30,31,49,50,51,94,98,103" /><INIT seed="1,1,1,5,0,17" ten="235,235,255,265" oya="1" hai0="16,45,43,44,51,68,14,118,60,115,28,80,34" hai1="114,110,101,59,130,55,64,23,90,73,46,3,0" hai2="32,82,94,58,47,71,84,109,88,104,72,48,103" hai3="91,113,83,2,5,36,122,74,19,8,40,134,7"/><U119/><E119/><V24/><F71/><W63/><G7/><T124/><D118/><U50/><E114/><V35/><F109/><W132/><G113/><T70/><D115/><U106/><E73/><V30/><F58/><W96/><G122/><T49/><D124/><U42/><E130/><V105/><F35/><W57/><G96/><T29/><D80/><U38/><E110/><V86/><F72/><W65/><G19/><T79/><D79/><U102/><E90/><V41/><REACH who="2" step="1"/><F103/><REACH who="2" ten="235,235,245,265" step="2"/><W22/><G74/><T89/><D34/><U54/><E102/><V67/><F67/><W15/><G65/><T108/><D108/><U75/><E75/><V26/><F26/><W131/><G57/><T37/><D68/><U62/><E101/><V56/><F56/><W25/><G25/><T53/><D70/><U93/><E64/><V52/><F52/><W77/><G134/><T125/><D125/><U99/><E55/><V117/><F117/><W18/><G132/><T121/><D121/><U27/><E62/><V100/><F100/><W33/><G33/><T10/><D60/><U98/><E59/><V78/><AGARI ba="1,2" hai="24,30,32,41,47,48,78,82,84,86,88,94,104,105" machi="78" ten="20,8000,1" yaku="1,1,0,1,7,1,54,1,53,1" doraHai="17" doraHaiUra="76" who="2" fromWho="2" sc="235,-21,235,-41,245,103,265,-21" /><INIT seed="2,0,0,2,5,26" ten="214,194,348,244" oya="2" hai0="108,81,104,29,33,66,96,52,39,121,73,78,46" hai1="43,79,100,83,76,87,6,67,71,84,24,133,44" hai2="64,98,28,10,131,13,85,86,21,62,11,113,1" hai3="0,38,57,5,8,102,103,112,59,25,70,23,99"/><V124/><F113/><W77/><G70/><T20/><D121/><U45/><E133/><V9/><F131/><W111/><G38/><T134/><D33/><U89/><E100/><V55/><F55/><W58/><G112/><T128/><D134/><U91/><E67/><V116/><F116/><W126/><G126/><T114/><D114/><U7/><E71/><V127/><F1/><W125/><G125/><N who="2" m="48201" /><F98/><W2/><G111/><T106/><D108/><U69/><E69/><V135/><F135/><W118/><G118/><T75/><D66/><U3/><E24/><N who="2" m="16399" /><F13/><W53/><G2/><T80/><D96/><U30/><E3/><V31/><F31/><W50/><G77/><T90/><D128/><U49/><E30/><V19/><F19/><W68/><G68/><AGARI ba="0,0" hai="9,10,11,62,64,68,85,86" m="16399,48201" machi="68" ten="30,2900,0" yaku="18,1,52,1" doraHai="26" who="2" fromWho="3" sc="214,0,194,0,348,29,244,-29" /><INIT seed="2,1,0,5,5,107" ten="214,194,377,215" oya="2" hai0="102,88,72,101,74,134,5,126,76,131,50,78,79" hai1="132,62,56,103,83,21,75,38,98,49,106,127,36" hai2="99,11,112,52,92,82,104,64,123,25,81,93,84" hai3="95,6,46,9,16,39,120,89,35,17,3,110,41"/><V60/><F123/><W28/><G120/><T94/><D5/><U113/><E113/><V42/><F112/><W116/><G116/><T115/><D115/><U114/><E114/><V100/><F42/><W27/><REACH who="3" step="1"/><G110/><REACH who="3" ten="214,194,377,205" step="2"/><T0/><D134/><U71/><E132/><V31/><F81/><W45/><G45/><T44/><D131/><U53/><E127/><V40/><F40/><W57/><G57/><T65/><D126/><U54/><E71/><V55/><F104/><W69/><G69/><T4/><D65/><U19/><E83/><V105/><F105/><W77/><G77/><T47/><D47/><U130/><E130/><V67/><F92/><W23/><G23/><T15/><D78/><U7/><E21/><V59/><F11/><W2/><G2/><T70/><D76/><U118/><E118/><V129/><F129/><W51/><G51/><T117/><D79/><U10/><E38/><V68/><F68/><W122/><G122/><T12/><D70/><U26/><E36/><V108/><F108/><W73/><G73/><T96/><D117/><U86/><E75/><V63/><F67/><W32/><G32/><T97/><D74/><U111/><E111/><V33/><F60/><W135/><G135/><T66/><D66/><U90/><E62/><V61/><F63/><W8/><G8/><N who="0" m="2055" /><D72/><U37/><E37/><V14/><F64/><W124/><G124/><T133/><D133/><U29/><E49/><V1/><F1/><W24/><G24/><T85/><D50/><U121/><E121/><V13/><F55/><N who="1" m="21001" /><E106/><V119/><F119/><W80/><G80/><RYUUKYOKU ba="1,1" sc="214,-15,194,-15,377,15,205,15" hai2="13,14,25,31,33,52,59,61,82,84,93,99,100" hai3="3,6,9,16,17,27,28,35,39,41,46,89,95" /><INIT seed="2,2,1,3,0,100" ten="199,179,392,220" oya="2" hai0="46,65,24,112,99,30,35,92,93,133,101,6,19" hai1="20,17,121,125,44,25,64,91,132,120,114,107,127" hai2="45,14,72,0,106,71,102,1,78,60,9,135,97" hai3="88,7,58,37,31,43,75,90,11,86,27,38,129"/><V4/><F135/><W53/><G75/><T95/><D112/><U84/><E114/><V42/><F78/><W111/><G111/><T57/><D133/><U79/><E132/><V73/><F14/><W104/><G129/><T110/><D110/><U130/><E130/><V76/><F76/><W124/><G124/><N who="1" m="47690" /><E79/><V116/><F0/><W118/><G118/><T10/><D19/><U69/><E44/><V49/><F116/><W67/><G67/><T5/><D5/><U80/><E107/><V36/><F49/><W28/><G104/><T70/><D70/><U59/><E69/><V62/><F62/><AGARI ba="2,1" hai="17,20,25,59,62,64,80,84,91,120,121" m="47690" machi="62" ten="30,1000,0" yaku="18,1" doraHai="100" who="1" fromWho="2" sc="199,0,179,26,392,-16,220,0" /><INIT seed="3,0,0,3,3,13" ten="199,205,376,220" oya="3" hai0="125,50,130,64,133,73,122,32,128,80,102,48,37" hai1="34,92,81,23,115,35,85,106,1,8,117,104,131" hai2="46,98,127,14,29,11,111,91,0,119,135,77,40" hai3="124,78,25,116,63,9,18,58,7,66,83,20,54"/><W47/><G124/><T28/><D122/><U84/><E115/><V55/><F127/><W87/><G116/><T79/><D125/><U39/><E39/><V26/><F119/><W5/><G47/><T90/><D37/><U74/><E74/><V72/><F0/><W17/><G66/><T94/><D133/><U70/><E70/><V123/><F135/><W21/><G9/><T44/><D102/><U121/><E117/><V109/><F123/><W97/><G97/><T118/><D118/><U62/><E62/><V57/><F77/><W2/><G2/><T96/><D64/><U126/><E121/><V67/><F72/><W105/><G105/><T45/><D28/><U33/><E126/><V103/><F91/><W99/><G99/><T31/><D31/><U112/><E112/><V93/><F67/><W60/><G63/><T61/><D32/><U56/><E35/><V15/><F46/><N who="0" m="18026" /><D61/><U88/><E34/><N who="2" m="20791" /><F40/><W129/><G129/><AGARI ba="0,0" hai="48,50,73,79,80,90,94,96,128,129,130" m="18026" machi="129" ten="30,1000,0" yaku="19,1" doraHai="13" who="0" fromWho="3" sc="199,10,205,0,376,0,220,-10" /><INIT seed="4,0,0,0,3,92" ten="209,205,376,210" oya="0" hai0="79,65,12,59,0,101,2,127,124,125,1,4,68" hai1="27,130,102,20,37,87,67,95,108,41,94,44,62" hai2="107,34,71,74,15,24,16,63,23,77,123,109,40" hai3="120,22,100,111,48,115,134,30,106,46,47,58,89"/><T11/><D79/><U8/><E108/><V54/><F123/><W105/><G111/><T56/><REACH who="0" step="1"/><D101/><REACH who="0" ten="199,205,376,210" step="2"/><U97/><E130/><V53/><F77/><W78/><G78/><T17/><D17/><U60/><E8/><V81/><F109/><W64/><G100/><T91/><D91/><U39/><E39/><V45/><F16/><W80/><G89/><T112/><D112/><U21/><E87/><V43/><F74/><W135/><G115/><T13/><D13/><U55/><E27/><V69/><F24/><W96/><G135/><T121/><D121/><U7/><E7/><V82/><F15/><W10/><G134/><T129/><D129/><U133/><E133/><V25/><F25/><W19/><G120/><T93/><D93/><U126/><E95/><V118/><F107/><W76/><G106/><T38/><D38/><U42/><E37/><V32/><F34/><W84/><G10/><T116/><D116/><U33/><E94/><V119/><F32/><W99/><G105/><T9/><D9/><U104/><E33/><V75/><F75/><W61/><G30/><T35/><D35/><U73/><E73/><V113/><F113/><W31/><G31/><T28/><D28/><U83/><E104/><V26/><F26/><N who="3" m="14687" /><G47/><T18/><D18/><U5/><E44/><V128/><F45/><W51/><G46/><T131/><D131/><U90/><E102/><V36/><F128/><W132/><G132/><T70/><D70/><U85/><E90/><V72/><F72/><W103/><G103/><T52/><D52/><U88/><E55/><V3/><F54/><RYUUKYOKU ba="0,1" sc="199,15,205,-15,376,-15,210,15" hai0="0,1,2,4,11,12,56,59,65,68,124,125,127" hai3="48,51,58,61,64,76,80,84,96,99" /><INIT seed="4,1,1,5,4,112" ten="214,190,361,225" oya="0" hai0="129,55,90,38,63,104,111,13,100,7,133,113,107" hai1="18,93,81,61,86,34,110,88,19,42,11,82,97" hai2="0,123,99,68,122,35,94,32,95,80,28,22,12" hai3="87,17,26,45,120,91,85,1,76,51,23,29,64"/><T2/><D2/><U73/><E34/><V24/><F68/><W77/><G1/><T96/><D113/><U106/><E110/><V126/><F80/><N who="3" m="49639" /><G120/><T105/><D111/><U60/><E42/><V6/><F94/><W108/><G108/><T132/><D38/><U69/><E106/><V4/><F126/><W74/><G74/><T67/><D129/><U121/><E121/><V59/><F59/><W65/><G29/><T103/><D55/><U25/><E73/><V39/><F35/><W57/><G57/><T127/><D127/><U89/><E69/><V83/><F83/><N who="3" m="47335" /><G77/><T15/><D90/><U66/><E82/><V31/><F31/><W92/><G92/><N who="0" m="58375" /><D103/><U109/><E109/><V49/><F39/><W114/><G114/><T27/><D104/><U46/><E66/><V119/><F0/><W14/><G26/><T75/><D75/><U72/><E72/><V125/><F125/><W70/><G70/><N who="0" m="42367" /><D27/><U8/><E25/><V44/><F32/><W33/><G33/><T134/><D15/><N who="1" m="7527" /><E46/><V118/><F123/><W41/><AGARI ba="1,1" hai="14,17,23,41,45,51,64,65" m="47335,49639" machi="41" ten="30,1100,0" yaku="8,1" doraHai="112" who="3" fromWho="3" sc="214,-6,190,-4,361,-4,225,24" /><INIT seed="5,0,0,2,3,115" ten="208,186,357,249" oya="1" hai0="12,128,96,123,102,16,61,58,91,109,83,17,101" hai1="15,127,81,93,65,27,113,44,14,85,57,28,111" hai2="22,59,92,51,108,25,129,94,95,8,29,13,126" hai3="82,60,86,53,47,68,90,45,18,104,4,124,46"/><U43/><E113/><V37/><F37/><W54/><G104/><T97/><D109/><U121/><E121/><V106/><F106/><W48/><G124/><T63/><D123/><U31/><E111/><V88/><F108/><W134/><G134/><T107/><D128/><U67/><E127/><V3/><F3/><W99/><G4/><T42/><D42/><U9/><E93/><N who="2" m="35947" /><F129/><W11/><G99/><N who="0" m="37963" /><D107/><U125/><E125/><V77/><F77/><W122/><G122/><T41/><D41/><U49/><E15/><V55/><F126/><W70/><G70/><T23/><D63/><U114/><E114/><V40/><F40/><W84/><G84/><N who="0" m="50591" /><D17/><U66/><E57/><V20/><F29/><W116/><G116/><T7/><D7/><N who="1" m="3391" /><E27/><V69/><F69/><W112/><G112/><T21/><D21/><U35/><E35/><V5/><F25/><W2/><G2/><T87/><D87/><AGARI ba="0,0" hai="5,8,13,20,22,51,55,59,87,88,95" m="35947" machi="87" ten="30,2000,0" yaku="8,1,54,1" doraHai="115" who="2" fromWho="0" sc="208,-20,186,0,357,20,249,0" /><INIT seed="6,0,0,2,1,100" ten="188,186,377,249" oya="2" hai0="73,125,13,104,134,114,4,116,30,36,122,10,26" hai1="91,85,32,43,86,84,72,117,120,19,129,87,123" hai2="50,33,126,39,61,106,45,0,62,5,67,118,16" hai3="133,111,35,9,79,60,75,107,70,128,7,8,89"/><V51/><F106/><W109/><G89/><T63/><D122/><N who="1" m="46635" /><E32/><V105/><F105/><W99/><G9/><T34/><D36/><U112/><E72/><V83/><F33/><W59/><G59/><T115/><D73/><U42/><E117/><V96/><F96/><W131/><G35/><T40/><D116/><U22/><E112/><N who="0" m="43049" /><D104/><U48/><E48/><V97/><F97/><W54/><G133/><T113/><N who="0" m="43057" /><T14/><DORA hai="15" /><D134/><U119/><E119/><V25/><F126/><W68/><G75/><T44/><D125/><U132/><E132/><V65/><F61/><W94/><G60/><T18/><D63/><U124/><E129/><V130/><F130/><W121/><G107/><T82/><D82/><N who="1" m="49559" /><E124/><V77/><F62/><W29/><G121/><T110/><D110/><U41/><E41/><N who="2" m="22719" /><F51/><W2/><G111/><T28/><D40/><U64/><E64/><V81/><F50/><W66/><G109/><T78/><D44/><U57/><E57/><V3/><F65/><W31/><G66/><T74/><D74/><U71/><E71/><V98/><F67/><W1/><G70/><T101/><D78/><U93/><E93/><V95/><F95/><W38/><G79/><T24/><D101/><U47/><E47/><V6/><F77/><W46/><G68/><T108/><D108/><U11/><E11/><V88/><F81/><W21/><G131/><T103/><D103/><U56/><E56/><V17/><F83/><W76/><G128/><T12/><D4/><U53/><E53/><V92/><F6/><W69/><G7/><T23/><AGARI ba="0,0" hai="10,12,13,14,18,23,24,26,28,30,34" m="43057" machi="23" ten="40,8000,1" yaku="5,1,15,1,34,2,52,1" doraHai="100,15" who="0" fromWho="0" sc="188,80,186,-20,377,-40,249,-20" /><INIT seed="7,0,0,4,3,132" ten="268,166,337,229" oya="3" hai0="20,57,90,28,71,80,104,101,72,95,118,77,11" hai1="45,67,93,30,84,52,15,107,6,35,16,32,123" hai2="58,120,56,39,24,135,74,41,69,5,18,134,125" hai3="50,97,19,126,105,63,62,55,89,103,122,37,87"/><W33/><G122/><T54/><D118/><U121/><E107/><V8/><F69/><W113/><G37/><T116/><D116/><U4/><E121/><V64/><F74/><W81/><G33/><T34/><D71/><U102/><E123/><V43/><F120/><W106/><G106/><T92/><D34/><U14/><E67/><V12/><F125/><W130/><G126/><T60/><D104/><U94/><E32/><V99/><F99/><W75/><G130/><T111/><D111/><U66/><E66/><V91/><F64/><W96/><G96/><T85/><D101/><U124/><E124/><V0/><F24/><W79/><G19/><T40/><D40/><N who="2" m="15434" /><F91/><W70/><G113/><T61/><D11/><U25/><E102/><V127/><F39/><W86/><G86/><N who="0" m="48399" /><D92/><U31/><E31/><V110/><F110/><W114/><G114/><T133/><D133/><N who="2" m="50698" /><F127/><W29/><G29/><T9/><D9/><AGARI ba="0,0" hai="0,5,8,9,12,18,56,58" m="50698,15434" machi="9" ten="30,1000,0" yaku="20,1" doraHai="132" who="2" fromWho="0" sc="268,-10,166,0,337,10,229,0" owari="258,6.0,166,-33.0,347,44.0,229,-17.0" /></mjloggm>