<mjloggm ver="2.3"><GO type="169" lobby="0"/><UN n0="%E3%82%82%E3%82%84%E3%81%97%E3%82%82%E3%82%93" n1="%E3%82%A6%E3%83%AB%E3%83%88%E3%83%A9%E7%AB%8B%E7%9B%B4" n2="%E7%B5%B6%E5%AF%BE%E4%B8%8D%E5%8F%AF%E4%BE%B5%E9%A0%98%E5%9F%9F" n3="%E3%82%82%E3%81%A3%E3%81%A1%E3%82%87" dan="16,18,16,16" rate="2149.12,2169.50,2123.68,2020.52" sx="F,M,M,M"/><TAIKYOKU oya="0"/><INIT seed="0,0,0,0,0,104" ten="250,250,250,250" oya="0" hai0="6,43,92,135,3,107,4,18,74,1,11,23,51" hai1="77,134,111,42,78,48,21,55,39,116,16,35,62" hai2="70,19,80,124,106,115,37,12,83,9,61,100,97" hai3="26,117,118,129,69,47,102,29,126,131,99,30,44"/><T28/><D107/><U32/><E116/><V121/><F115/><W0/><G69/><T58/><D135/><U122/><E122/><V89/><F121/><W96/><G102/><T24/><D74/><U64/><E134/><V86/><F37/><W15/><G15/><N who="0" m="7551" /><D92/><U103/><E103/><V34/><F34/><W66/><G66/><T109/><D58/><U13/><E111/><V49/><F124/><W2/><REACH who="3" step="1"/><G26/><REACH who="3" ten="250,250,250,240" step="2"/><T40/><D109/><U130/><E130/><V114/><F114/><W127/><AGARI ba="0,1" hai="0,2,29,30,44,47,96,99,117,118,126,127,129,131" machi="127" ten="25,8000,1" yaku="1,1,2,1,0,1,22,2,53,0" doraHai="104" doraHaiUra="123" who="3" fromWho="3" sc="250,-40,250,-20,250,-20,240,90" /><INIT seed="1,0,0,0,5,93" ten="210,230,230,330" oya="1" hai0="119,102,98,55,129,21,106,97,76,104,22,121,113" hai1="57,75,111,23,103,92,6,5,31,44,100,94,82" hai2="131,3,127,14,24,71,133,110,45,61,118,77,135" hai3="1,95,89,19,50,91,28,112,35,49,117,79,42"/><U116/><E116/><V65/><F118/><W10/><G112/><T25/><D119/><U30/><E75/><V16/><F3/><W40/><G79/><T69/><D113/><U46/><E57/><V36/><F110/><W83/><G35/><T70/><D76/><U33/><E23/><V96/><F77/><W114/><G28/><T120/><D55/><U18/><E18/><V86/><F86/><N who="3" m="50399" /><G1/><T78/><D78/><U122/><E82/><V38/><F24/><W124/><G114/><T4/><D4/><U11/><E11/><N who="2" m="6239" /><F131/><W48/><G124/><T87/><D87/><U32/><REACH who="1" step="1"/><E111/><REACH who="1" ten="210,220,230,330" step="2"/><V56/><F56/><W80/><G80/><T15/><D129/><U34/><E34/><V9/><F9/><W128/><G128/><T73/><D73/><U88/><E88/><V109/><F109/><W17/><G117/><T63/><D63/><U53/><E53/><V37/><F96/><N who="3" m="57471" /><G19/><N who="0" m="10495" /><D22/><U115/><E115/><V72/><F72/><W84/><G17/><T51/><D69/><U126/><E126/><V62/><F62/><W107/><G10/><T20/><D70/><U2/><E2/><V60/><F127/><W52/><G52/><T108/><D108/><U74/><E74/><V54/><F61/><W41/><G84/><T68/><D68/><U26/><E26/><V39/><F54/><W101/><G41/><T99/><D20/><U12/><E12/><V130/><F130/><W29/><G29/><T67/><D25/><U43/><E43/><V0/><F0/><W90/><G90/><T59/><D59/><U66/><E66/><V58/><F71/><RYUUKYOKU ba="0,1" sc="210,-30,220,10,230,10,330,10" hai1="5,6,30,31,32,33,44,46,92,94,100,103,122" hai2="36,37,38,39,45,58,60,65,133,135" hai3="40,42,48,49,50,101,107" /><INIT seed="1,1,1,3,5,65" ten="180,230,240,340" oya="1" hai0="14,37,18,21,16,4,110,27,34,115,29,55,60" hai1="66,102,24,85,87,25,135,10,50,94,6,9,67" hai2="134,91,46,93,0,76,100,61,98,39,70,17,114" hai3="101,130,129,121,71,2,68,83,28,72,38,20,45"/><U82/><E135/><V31/><F134/><W44/><G2/><T22/><D37/><U108/><E108/><V128/><F0/><W77/><G121/><T78/><D110/><U5/><E50/><V32/><F76/><W30/><G101/><T40/><D40/><U23/><E94/><V80/><F114/><W53/><G53/><T125/><D78/><U42/><E102/><V75/><F128/><N who="3" m="49259" /><G20/><N who="0" m="7787" /><D55/><U92/><E92/><V19/><F75/><W35/><G38/><T36/><D60/><U105/><E23/><V84/><F46/><N who="3" m="18027" /><G35/><T109/><D36/><U88/><E88/><N who="2" m="53383" /><F80/><W57/><G57/><T111/><D115/><U86/><E82/><V41/><F91/><W1/><G1/><T58/><D58/><U99/><E42/><V97/><F41/><W95/><G95/><T43/><D43/><U79/><E79/><V74/><F39/><W64/><G64/><N who="1" m="24618" /><E105/><V104/><F98/><W89/><G89/><T113/><D113/><U119/><E99/><V117/><F74/><W96/><G96/><T3/><D3/><U120/><E120/><V123/><F123/><W15/><G15/><T90/><D90/><U13/><E119/><V48/><F117/><W59/><G59/><T112/><D112/><U126/><E126/><V33/><F48/><W107/><G107/><T131/><D125/><U122/><E122/><V8/><F104/><W56/><G56/><T54/><D54/><U132/><E132/><V49/><F49/><W127/><G127/><T51/><D51/><U116/><E116/><V69/><F97/><W118/><G118/><T63/><D131/><RYUUKYOKU ba="1,1" sc="180,-15,230,15,240,-15,340,15" hai1="5,6,9,10,13,24,25,85,86,87" hai3="28,30,68,71,72,77,83" /><INIT seed="1,2,1,4,5,81" ten="165,245,225,355" oya="1" hai0="75,64,132,57,14,87,88,72,1,98,47,69,102" hai1="36,41,106,108,56,78,21,25,19,92,79,40,8" hai2="96,32,110,76,53,45,65,83,116,15,127,71,93" hai3="128,59,103,35,12,6,26,37,135,111,60,125,7"/><U42/><E106/><V115/><F116/><W68/><G37/><T46/><D1/><U2/><E36/><V58/><F32/><W97/><G111/><T129/><D69/><U114/><E114/><V44/><F110/><W100/><G100/><T38/><D129/><U10/><E108/><V20/><F71/><W17/><G128/><T52/><D132/><U22/><E2/><V18/><F127/><W9/><G135/><T70/><D70/><U50/><E92/><V134/><F65/><N who="3" m="40999" /><G125/><T3/><D3/><U91/><E91/><V66/><F66/><W112/><G59/><T51/><D64/><U82/><E22/><V24/><F115/><W107/><G112/><T23/><D38/><U67/><E79/><V5/><F134/><W84/><G84/><T4/><D72/><U80/><E80/><V118/><F5/><W34/><G34/><T119/><D75/><U109/><E109/><V33/><F118/><W13/><G12/><T105/><D119/><U49/><E49/><N who="2" m="31023" /><F15/><W99/><G99/><T124/><D124/><U121/><E121/><V29/><F33/><W31/><AGARI ba="2,1" hai="6,7,9,13,17,26,31,35,97,103,107" m="40999" machi="31" ten="30,1100,0" yaku="25,1" doraHai="81" who="3" fromWho="3" sc="165,-5,245,-7,225,-5,355,27" /><INIT seed="2,0,0,3,2,96" ten="160,238,220,382" oya="2" hai0="125,84,38,36,19,57,102,65,37,60,95,110,82" hai1="27,10,5,12,42,59,130,41,61,131,121,79,105" hai2="54,52,30,17,47,44,45,116,21,120,9,123,86" hai3="48,129,94,22,43,64,93,20,63,91,32,62,68"/><V33/><F116/><W29/><G129/><N who="1" m="49162" /><E105/><V75/><F75/><W40/><G32/><T18/><D110/><U71/><E71/><V25/><F9/><W100/><G62/><T14/><D125/><U81/><E27/><V73/><F73/><W3/><G3/><T88/><REACH who="0" step="1"/><D14/><REACH who="0" ten="150,238,220,382" step="2"/><U26/><E121/><V55/><REACH who="2" step="1"/><F86/><REACH who="2" ten="150,238,210,382" step="2"/><W117/><G117/><T15/><D15/><AGARI ba="0,2" hai="15,17,21,25,30,33,44,45,47,52,54,55,120,123" machi="15" ten="40,12000,1" yaku="1,1,2,1,54,1,53,1" doraHai="96" doraHaiUra="16" who="2" fromWho="0" sc="150,-120,238,0,210,140,382,0" /><INIT seed="2,1,0,1,3,4" ten="30,238,350,382" oya="2" hai0="94,115,61,77,26,97,129,34,74,6,1,27,81" hai1="25,19,104,47,69,67,132,36,37,108,82,45,64" hai2="106,48,30,120,58,52,100,78,44,114,84,33,105" hai3="31,16,3,35,40,121,128,63,5,87,99,112,53"/><V73/><F114/><W71/><G121/><T89/><D129/><U131/><E19/><V126/><F120/><W83/><G112/><T96/><D115/><U7/><E25/><V43/><F73/><W23/><G128/><T50/><D61/><U86/><E86/><V80/><F126/><W79/><G40/><T91/><D34/><U103/><E82/><V133/><F133/><W13/><G99/><T70/><D70/><U24/><E24/><V75/><F100/><W122/><G122/><T127/><D127/><U134/><E7/><V65/><F65/><W111/><G71/><T17/><D50/><U0/><E0/><V59/><F59/><W32/><G53/><T85/><D17/><U2/><E2/><V95/><F33/><W102/><G63/><T116/><D116/><U18/><E18/><V68/><F30/><W60/><G60/><T62/><D62/><U20/><E20/><V125/><F68/><W135/><G102/><T9/><REACH who="0" step="1"/><D97/><REACH who="0" ten="20,238,350,382" step="2"/><U90/><E69/><V56/><F125/><W118/><G118/><T88/><D88/><U22/><E90/><V15/><F48/><W29/><G32/><T130/><D130/><U11/><E131/><V117/><F117/><W8/><G31/><T92/><AGARI ba="1,1" hai="1,6,9,26,27,74,77,81,85,89,91,92,94,96" machi="92" ten="20,5200,0" yaku="1,1,0,1,7,1,52,1,53,0" doraHai="4" doraHaiUra="113" who="0" fromWho="0" sc="20,65,238,-14,350,-27,382,-14" /><INIT seed="3,0,0,2,0,103" ten="85,224,323,368" oya="3" hai0="60,40,123,98,91,85,42,35,133,19,23,0,20" hai1="100,41,51,15,64,52,65,130,2,50,27,113,32" hai2="96,34,90,31,131,93,12,95,83,16,18,48,121" hai3="66,29,88,10,38,79,49,118,99,46,82,74,125"/><W114/><G114/><T116/><D133/><U115/><E2/><V68/><F131/><W69/><G118/><T117/><D123/><U54/><E100/><V80/><F68/><W6/><G29/><T128/><D128/><U63/><E15/><V135/><F135/><W129/><G125/><T97/><D35/><U92/><E92/><V37/><F37/><W55/><G38/><T112/><D0/><U75/><E27/><V47/><F121/><W14/><G129/><T36/><D112/><U109/><E75/><V87/><F31/><W106/><G106/><T22/><D19/><U30/><E30/><V53/><F34/><W70/><REACH who="3" step="1"/><G66/><REACH who="3" ten="85,224,323,358" step="2"/><T39/><D116/><U26/><E65/><V5/><F5/><W8/><G8/><T45/><D117/><U101/><E64/><V107/><F107/><W7/><G7/><T73/><D39/><U61/><E130/><V28/><F28/><W3/><G3/><T111/><D36/><U44/><E115/><V13/><F18/><W119/><G119/><T71/><D22/><U57/><E113/><V24/><F24/><W84/><G84/><T127/><D20/><U120/><E26/><V110/><F13/><W9/><G9/><T122/><D23/><U4/><E4/><V94/><F12/><W33/><G33/><T67/><D127/><U43/><E32/><V81/><F16/><W76/><G76/><T86/><D85/><U77/><E77/><V62/><F87/><W108/><G108/><T102/><D111/><U17/><E109/><V11/><F110/><W134/><G134/><T78/><D86/><RYUUKYOKU ba="0,1" sc="85,-10,224,-10,323,-10,358,30" hai3="6,10,14,46,49,55,69,70,74,79,82,88,99" /><INIT seed="3,1,1,5,4,132" ten="75,214,313,388" oya="3" hai0="119,7,109,112,21,36,126,13,125,124,94,78,52" hai1="84,46,116,12,90,76,67,43,55,134,5,59,28" hai2="18,19,34,24,111,14,32,49,122,23,65,82,115" hai3="53,131,56,128,73,123,97,104,87,110,92,50,83"/><W135/><G123/><T120/><D119/><U30/><E134/><V8/><F65/><W102/><G135/><T54/><D120/><U69/><E76/><V85/><F122/><W64/><G110/><T68/><D109/><U1/><E1/><V11/><F115/><W31/><G31/><T95/><D112/><U60/><E116/><V106/><F106/><W29/><G29/><T0/><D68/><U62/><E12/><V99/><F99/><W121/><G64/><T47/><D78/><U22/><E22/><N who="2" m="13407" /><F49/><W77/><G121/><T9/><D36/><U16/><E16/><N who="2" m="10647" /><F111/><W2/><G2/><T17/><D47/><U44/><E5/><V79/><F34/><W96/><G96/><T48/><D48/><U61/><E61/><V33/><F33/><W15/><G15/><T4/><D4/><U3/><E3/><V93/><F32/><W81/><G81/><T71/><D71/><U101/><E101/><V37/><F37/><W103/><G103/><T86/><D86/><U25/><E25/><V66/><F18/><W41/><G41/><T114/><D114/><U26/><E26/><V117/><F117/><W45/><G45/><T133/><D133/><U107/><E107/><V91/><F66/><W127/><G73/><T98/><D94/><N who="1" m="54599" /><E46/><V63/><F63/><W35/><G35/><T74/><D74/><U108/><E108/><V72/><F72/><W88/><G104/><T40/><REACH who="0" step="1"/><D40/><REACH who="0" ten="65,214,313,388" step="2"/><U39/><E62/><V58/><F58/><W129/><G77/><T105/><D105/><U20/><E20/><V89/><F79/><W80/><G80/><RYUUKYOKU ba="1,2" sc="65,0,214,0,313,0,388,0" hai0="0,7,9,13,17,21,52,54,95,98,124,125,126" hai1="28,30,39,43,44,55,59,60,67,69" hai2="8,11,82,85,89,91,93" hai3="50,53,56,83,87,88,92,97,102,127,128,129,131" /><INIT seed="3,2,2,0,1,38" ten="65,214,313,388" oya="3" hai0="33,30,1,4,34,55,111,47,71,29,125,16,134" hai1="37,79,90,87,6,65,58,96,18,32,94,20,46" hai2="75,92,74,129,62,41,123,121,81,113,83,21,10" hai3="36,23,54,11,60,35,63,28,8,115,84,22,57"/><W97/><G36/><T77/><D71/><U0/><E32/><N who="0" m="12393" /><D55/><U128/><E0/><V56/><F41/><W27/><G115/><T3/><D47/><U51/><E37/><V131/><F113/><W72/><G72/><N who="2" m="27689" /><F10/><W130/><G97/><T15/><D77/><U76/><E6/><V89/><F21/><W98/><G98/><T127/><D111/><U42/><E128/><N who="2" m="49227" /><F56/><W117/><G84/><T105/><D105/><U50/><E87/><N who="2" m="52287" /><F62/><W2/><G63/><T112/><D112/><U49/><E51/><V108/><F108/><W61/><G54/><T24/><D134/><U124/><E124/><N who="0" m="47689" /><D4/><U44/><E58/><V104/><F104/><W12/><G61/><T7/><D7/><U43/><E65/><V120/><AGARI ba="2,2" hai="81,83,120,121,123" m="52287,49227,27689" machi="120" ten="40,8000,1" yaku="13,1,19,1,34,2" doraHai="38" who="2" fromWho="2" sc="65,-22,214,-22,313,106,388,-42" /><INIT seed="4,0,0,5,4,126" ten="43,192,419,346" oya="0" hai0="62,116,8,73,46,43,76,17,81,96,127,85,20" hai1="79,40,31,84,47,68,12,41,4,34,3,5,50" hai2="9,53,49,39,45,119,107,61,121,109,72,87,99" hai3="44,100,6,112,67,89,64,57,83,66,113,36,77"/><T11/><D116/><U74/><E68/><V101/><F72/><W133/><G133/><T26/><D127/><U135/><E3/><V22/><F109/><W7/><G89/><T122/><D122/><U124/><E74/><V134/><F121/><W130/><G100/><T14/><D96/><U35/><E5/><V38/><F134/><W108/><G57/><T58/><D73/><U27/><E41/><V105/><F105/><W115/><G108/><T80/><D80/><N who="1" m="47135" /><E135/><V110/><F110/><W120/><G120/><T32/><D32/><N who="1" m="20607" /><E124/><V59/><F9/><AGARI ba="0,0" hai="4,9,12,34,35,40,47,50" m="20607,47135" machi="9" ten="30,1000,0" yaku="25,1" doraHai="126" who="1" fromWho="2" sc="43,0,192,10,419,-10,346,0" /><INIT seed="5,0,0,5,1,60" ten="43,202,409,346" oya="1" hai0="130,107,95,112,35,116,128,37,61,126,80,99,39" hai1="8,102,132,86,65,21,113,125,51,81,0,92,18" hai2="93,19,109,110,43,66,135,42,96,133,98,118,77" hai3="67,34,48,28,71,13,134,103,106,57,6,20,11"/><U75/><E75/><V97/><F66/><W83/><G134/><N who="2" m="51209" /><F118/><W131/><G131/><N who="0" m="50219" /><D116/><U104/><E104/><V17/><F77/><W62/><G83/><T68/><D35/><U123/><E0/><V88/><F19/><W70/><G48/><T74/><D68/><U46/><E8/><V105/><F17/><W108/><G108/><N who="2" m="41577" /><F105/><W33/><G106/><T58/><D58/><U38/><E38/><V10/><F10/><W24/><G103/><N who="0" m="62975" /><D61/><U7/><E132/><V115/><F115/><W124/><G124/><T52/><D52/><N who="1" m="29815" /><E125/><V4/><F4/><W101/><G101/><T45/><D37/><U129/><E113/><V5/><F5/><W30/><G20/><T100/><D39/><U117/><E7/><V3/><F3/><W121/><G121/><T114/><D45/><U91/><E117/><V76/><F76/><W127/><G127/><T82/><D126/><U29/><E123/><V72/><F72/><W59/><G71/><T15/><D74/><U89/><E129/><V64/><F64/><W23/><G23/><T63/><D63/><U31/><E65/><V73/><F73/><W25/><AGARI ba="0,0" hai="6,11,13,24,25,28,30,33,34,57,59,62,67,70" machi="25" ten="30,4000,0" yaku="0,1,9,1,52,1" doraHai="60" who="3" fromWho="3" sc="43,-10,202,-20,409,-10,346,40" /><INIT seed="6,0,0,1,0,97" ten="33,182,399,386" oya="2" hai0="46,61,4,53,132,130,20,58,19,74,66,72,15" hai1="18,135,8,117,105,73,6,128,133,114,0,33,11" hai2="5,121,85,50,77,52,98,76,118,88,110,34,90" hai3="31,24,102,91,92,42,89,93,48,30,12,107,69"/><V116/><F121/><W17/><G69/><T36/><D130/><U45/><E45/><V101/><F34/><W81/><G107/><T71/><D132/><U43/><E43/><V123/><F123/><W68/><G68/><T65/><D4/><U96/><E96/><V134/><F134/><W64/><G64/><T109/><D109/><U54/><E54/><V94/><F110/><W113/><G113/><T125/><D125/><U40/><E40/><V57/><F90/><W63/><G63/><T56/><D65/><U2/><E18/><V99/><F99/><N who="3" m="59751" /><G24/><T103/><D58/><U115/><E105/><V126/><F126/><W119/><G81/><T14/><D14/><U38/><E73/><V35/><F35/><W26/><G26/><T78/><D78/><U55/><E38/><V25/><F25/><W59/><G93/><T79/><D79/><N who="2" m="30282" /><F118/><W104/><G104/><T29/><D29/><U67/><E117/><V37/><F116/><W10/><G30/><T86/><D86/><U129/><E67/><V108/><F37/><W49/><G31/><T106/><D106/><U13/><E33/><V16/><F108/><W120/><G120/><T84/><D84/><U1/><E1/><V27/><F5/><W75/><G75/><T23/><D23/><U111/><E6/><V95/><F27/><W83/><G119/><T39/><D103/><U70/><E111/><V131/><F131/><W122/><G122/><T80/><D80/><U41/><E129/><V21/><F16/><W3/><G83/><T32/><D32/><U22/><E128/><V9/><F21/><RYUUKYOKU ba="0,0" sc="33,-10,182,-10,399,30,386,-10" hai2="9,50,52,57,85,88,94,95,98,101" /><INIT seed="6,1,0,4,1,96" ten="23,172,429,376" oya="2" hai0="108,117,121,90,33,71,64,115,98,93,26,36,3" hai1="50,100,99,24,5,59,122,80,37,74,12,106,118" hai2="124,6,130,76,0,123,113,4,127,22,32,7,13" hai3="65,85,129,38,56,11,119,41,20,79,135,97,111"/><V83/><F123/><W44/><G111/><T40/><D108/><U27/><E37/><V52/><F32/><W2/><G119/><T87/><D121/><U132/><E118/><V84/><F0/><W82/><G135/><T28/><D117/><U1/><E1/><V35/><F35/><W55/><G129/><T51/><D115/><U88/><E74/><V60/><F113/><W39/><G65/><T30/><D3/><U75/><E75/><V112/><F112/><W17/><G97/><T125/><D125/><N who="2" m="48202" /><F130/><W18/><G39/><T47/><D30/><U46/><E59/><N who="2" m="34919" /><F22/><W43/><G20/><T54/><D64/><U77/><E132/><V92/><F92/><W78/><G11/><AGARI ba="1,0" hai="4,6,7,11,13,76,83,84" m="34919,48202" machi="11" ten="30,2900,0" yaku="18,1,54,1" doraHai="96" who="2" fromWho="3" sc="23,0,172,0,429,32,376,-32" /><INIT seed="6,2,0,4,1,25" ten="23,172,461,344" oya="2" hai0="104,46,16,123,128,13,15,32,50,14,58,65,109" hai1="87,132,79,121,66,67,116,44,75,40,86,126,77" hai2="33,60,18,21,39,107,20,3,81,8,91,12,54" hai3="112,103,4,133,90,17,64,129,62,31,135,80,30"/><V120/><F120/><W36/><G36/><T24/><D123/><U106/><E106/><V130/><F107/><W0/><G129/><T127/><D128/><U28/><E75/><V101/><F130/><W61/><G103/><T102/><D127/><U114/><E44/><V134/><F33/><W73/><G17/><T98/><D109/><U99/><E99/><V5/><F39/><W119/><G119/><T78/><D78/><U125/><E40/><V43/><F43/><W82/><G4/><T69/><D69/><U118/><E121/><V35/><F35/><W38/><G0/><T96/><D96/><U41/><E41/><V100/><F3/><W56/><G112/><T34/><D65/><U117/><E114/><V95/><F81/><N who="3" m="31339" /><G90/><T42/><REACH who="0" step="1"/><D58/><REACH who="0" ten="13,172,461,344" step="2"/><U49/><E118/><V131/><F131/><W84/><G56/><T1/><D1/><U70/><E70/><V52/><F134/><W89/><G64/><T74/><D74/><U37/><E132/><V122/><F122/><W88/><G73/><T92/><D92/><U124/><E124/><V94/><F94/><W57/><G57/><T55/><D55/><U97/><E97/><V26/><F60/><W111/><G61/><T59/><D59/><U48/><E125/><V2/><F54/><W45/><G62/><T71/><D71/><U113/><E126/><V63/><F63/><W83/><G111/><T10/><D10/><U29/><E113/><V19/><F52/><W85/><G135/><T7/><D7/><U115/><E115/><V23/><F26/><W108/><N who="3" m="31347" /><W105/><DORA hai="93" /><G133/><RYUUKYOKU ba="2,1" sc="13,15,172,15,461,-15,344,-15" hai0="13,14,15,16,24,32,34,42,46,50,98,102,104" hai1="28,29,37,48,49,66,67,77,79,86,87,116,117" /><INIT seed="7,3,1,3,1,45" ten="28,187,446,329" oya="3" hai0="28,105,126,93,26,38,101,30,0,50,80,94,128" hai1="82,54,25,34,129,23,135,124,64,22,114,131,40" hai2="97,111,9,4,132,42,3,92,31,2,75,119,117" hai3="116,71,121,84,95,57,127,11,12,90,115,103,44"/><W32/><G71/><T109/><D38/><U6/><E40/><V56/><F111/><W120/><G32/><T108/><D0/><U134/><E64/><V47/><F3/><W61/><G116/><T18/><D26/><U125/><E114/><V62/><F31/><W112/><G127/><N who="1" m="48714" /><E6/><V69/><F69/><W67/><G44/><T88/><D126/><U5/><E5/><V78/><F132/><N who="1" m="50729" /><E54/><N who="2" m="34071" /><F92/><W16/><G103/><T76/><D18/><U133/><E82/><N who="2" m="45407" /><F97/><W65/><G67/><T21/><D21/><N who="1" m="7691" /><E133/><V123/><F123/><W53/><G65/><T99/><D128/><N who="1" m="49227" /><E25/><V73/><F73/><W96/><G115/><T89/><D50/><U17/><E17/><V100/><F100/><W10/><G112/><T36/><D36/><AGARI ba="3,1" hai="2,4,9,36,42,47,117,119" m="45407,34071" machi="36" ten="30,1000,0" yaku="25,1" doraHai="45" who="2" fromWho="0" sc="28,-19,187,0,446,29,329,0" owari="9,-49.0,187,-21.0,475,57.0,329,13.0" /></mjloggm>