<mjloggm ver="2.3"><GO type="97" lobby="0"/><UN n0="%E3%81%BA%E4%B8%B8" n1="%6E%6F%2D%30%39%31%38" n2="%41%5A%55%4D%49" n3="%E5%B0%B1%E6%B4%BB%E7%94%9F%40%E5%B7%9D%E6%9D%91%E8%BB%8D%E5%9B%A3" dan="14,14,14,16" rate="1867.67,1889.19,1935.33,2112.20" sx="M,M,M,M"/><TAIKYOKU oya="0"/><INIT seed="0,0,0,1,4,29" ten="250,250,250,250" oya="0" hai0="75,15,58,79,99,111,31,76,128,118,92,103,49" hai1="77,22,72,47,37,53,32,87,89,5,78,25,84" hai2="101,124,27,68,127,18,66,16,8,52,93,73,26" hai3="125,7,117,12,50,43,42,17,113,63,100,6,110"/><T9/><D118/><U120/><E120/><V90/><F73/><W56/><G117/><T114/><D114/><U74/><E74/><V80/><F101/><W132/><G113/><T70/><D70/><U57/><E72/><V130/><F130/><W121/><G125/><N who="2" m="48201" /><F80/><W88/><G132/><T36/><D36/><U64/><E5/><N who="3" m="1546" /><G100/><T81/><D128/><U115/><E115/><V60/><F52/><N who="3" m="34183" /><G110/><T46/><D111/><U86/><E37/><V28/><F8/><N who="3" m="6279" /><G121/><T105/><D31/><U96/><E64/><V133/><F133/><W38/><G38/><T108/><D108/><U11/><E11/><V107/><F107/><W59/><G59/><T83/><D58/><U112/><E112/><V94/><F94/><W30/><G30/><T48/><D105/><U35/><E47/><V21/><F27/><W19/><G19/><T131/><D131/><U104/><E77/><V126/><N who="2" m="48209" /><V123/><DORA hai="34" /><F123/><W20/><G20/><T39/><D39/><U102/><E78/><N who="0" m="29737" /><D75/><U44/><E44/><V14/><F14/><W0/><G0/><T41/><D48/><U55/><E89/><V71/><F71/><W13/><G13/><T98/><D98/><AGARI ba="0,0" hai="16,18,21,26,28,60,66,68,90,93,98" m="48209" machi="98" ten="40,2600,0" yaku="18,1,54,1" doraHai="29,34" who="2" fromWho="0" sc="250,-26,250,0,250,26,250,0" /><INIT seed="1,0,0,1,1,36" ten="224,250,276,250" oya="1" hai0="60,135,115,12,74,93,99,106,129,132,5,54,0" hai1="7,89,27,6,51,119,103,22,47,2,28,8,10" hai2="126,72,127,29,123,66,57,88,24,63,9,33,3" hai3="134,53,38,131,104,20,110,133,62,69,122,82,39"/><U128/><E128/><V120/><F72/><W55/><G104/><T100/><D115/><U95/><E103/><V46/><F46/><W48/><G82/><T17/><D74/><U84/><E119/><V130/><F130/><W52/><G20/><T70/><D129/><U108/><E108/><V14/><F3/><W18/><G18/><T81/><D81/><U43/><E2/><V4/><REACH who="2" step="1"/><F88/><REACH who="2" ten="224,250,266,250" step="2"/><W31/><G131/><T50/><D0/><U85/><E85/><V59/><F59/><W41/><G39/><T90/><D70/><U13/><E10/><V102/><F102/><W34/><G38/><T76/><D76/><U11/><E11/><V75/><F75/><W116/><G116/><T15/><D100/><U32/><E32/><V111/><F111/><W77/><G110/><T71/><D71/><U125/><E125/><AGARI ba="0,1" hai="4,9,14,24,29,33,57,63,66,120,123,125,126,127" machi="125" ten="40,2600,0" yaku="1,1,18,1,53,0" doraHai="36" doraHaiUra="109" who="2" fromWho="1" sc="224,0,250,-26,266,36,250,0" /><INIT seed="2,0,0,4,1,21" ten="224,224,302,250" oya="2" hai0="70,32,36,55,87,22,10,62,102,135,134,104,72" hai1="107,18,13,30,19,126,83,89,57,29,0,88,99" hai2="4,54,112,128,41,98,11,20,65,75,124,68,131" hai3="5,60,12,74,24,34,120,45,67,80,26,14,114"/><V133/><F75/><W105/><G34/><T109/><D109/><U127/><E0/><V110/><F112/><W92/><G105/><T96/><D22/><U9/><E19/><V44/><F20/><W51/><G120/><T27/><D55/><U111/><E111/><V42/><F98/><W101/><G74/><T91/><D10/><U6/><E6/><V115/><F110/><W82/><G101/><T31/><D36/><U58/><E107/><V38/><F115/><W43/><G92/><N who="0" m="54399" /><D72/><U40/><E40/><V103/><F103/><W125/><G125/><N who="1" m="47626" /><E99/><V23/><F124/><W108/><G108/><T59/><D59/><N who="1" m="22539" /><E83/><N who="3" m="31786" /><G5/><T50/><D50/><U28/><AGARI ba="0,0" hai="9,13,18,28,29,30,88,89" m="22539,47626" machi="28" ten="40,2700,0" yaku="18,1,54,1" doraHai="21" who="1" fromWho="1" sc="224,-7,224,27,302,-13,250,-7" /><INIT seed="3,0,0,1,0,115" ten="217,251,289,243" oya="3" hai0="105,123,107,130,40,133,26,100,134,48,68,112,52" hai1="102,51,108,15,20,27,7,96,34,24,70,82,12" hai2="13,42,49,32,17,58,95,22,111,92,59,85,69" hai3="72,57,81,19,36,61,38,77,2,117,8,44,126"/><W116/><G126/><T63/><D123/><U109/><E70/><V33/><F69/><W118/><G44/><T53/><D112/><U97/><E82/><V47/><F111/><N who="1" m="42569" /><E51/><V75/><F75/><W113/><G113/><T31/><D130/><U122/><E122/><V41/><F41/><W54/><REACH who="3" step="1"/><G19/><REACH who="3" ten="217,251,289,233" step="2"/><T65/><D40/><U124/><E124/><V79/><F33/><W91/><G91/><T29/><D100/><U83/><E7/><AGARI ba="0,1" hai="2,7,8,36,38,54,57,61,72,77,81,116,117,118" machi="7" ten="40,12000,1" yaku="1,1,52,3,53,0" doraHai="115" doraHaiUra="21" who="3" fromWho="1" sc="217,0,251,-120,289,0,233,130" owari="217,-18.0,131,-37.0,289,9.0,363,46.0" /></mjloggm>