<mjloggm ver="2.3"><GO type="225" lobby="0"/><UN n0="%E3%83%AD%E3%83%9C%E3%82%B3%E3%83%97" n1="%E3%82%A6%E3%83%AB%E3%83%88%E3%83%A9%E7%AB%8B%E7%9B%B4" n2="%6C%65%74%69%74%62%65" n3="%E5%85%AC%E5%8B%99%E5%93%A1%E3%81%8F%E3%82%93" dan="16,17,16,16" rate="2119.94,2168.20,2098.72,2139.00" sx="M,M,F,F"/><TAIKYOKU oya="0"/><INIT seed="0,0,0,4,5,98" ten="250,250,250,250" oya="0" hai0="100,78,7,87,95,112,132,6,54,117,4,74,56" hai1="122,85,125,70,30,72,99,91,3,111,39,9,120" hai2="8,73,50,14,58,33,38,64,124,107,80,81,134" hai3="0,1,102,92,75,93,116,131,13,26,66,133,118"/><T108/><D117/><U119/><E70/><V128/><F38/><W46/><G75/><T90/><D112/><U89/><E39/><V52/><F33/><W129/><G66/><T121/><D121/><U49/><E72/><V42/><F73/><W105/><G133/><T68/><D68/><U37/><E37/><V36/><F134/><W86/><G46/><T62/><D132/><U22/><E119/><V69/><F107/><W45/><G45/><T84/><D108/><U77/><E111/><V65/><F124/><W43/><G43/><T27/><D74/><U88/><E125/><V55/><F69/><W18/><G26/><T19/><D100/><U34/><E34/><V15/><F128/><W17/><G86/><N who="0" m="52695" /><D78/><U97/><E9/><V29/><F42/><W71/><G71/><T126/><D126/><U104/><E3/><V79/><F36/><W103/><G13/><T21/><AGARI ba="0,0" hai="4,6,7,19,21,27,54,56,62,84,87" m="52695" machi="21" ten="30,1500,0" yaku="8,1" doraHai="98" who="0" fromWho="0" sc="250,15,250,-5,250,-5,250,-5" /><INIT seed="0,1,0,4,3,124" ten="265,245,245,245" oya="0" hai0="57,98,118,91,106,108,14,97,31,67,102,101,49" hai1="54,15,5,115,68,26,135,47,113,120,7,16,130" hai2="51,99,10,121,129,30,112,32,77,60,40,56,20" hai3="22,96,107,104,46,88,63,52,131,125,81,9,37"/><T65/><D118/><U25/><E68/><V83/><F32/><W126/><G9/><T6/><D108/><U36/><E120/><V33/><F33/><W92/><G131/><T133/><D133/><U59/><E135/><V1/><F112/><N who="1" m="43081" /><E130/><V93/><F121/><W72/><G22/><T21/><D91/><U41/><E26/><N who="2" m="16711" /><F10/><W128/><G128/><T95/><D6/><U86/><E25/><V27/><F27/><W127/><G37/><T105/><D95/><U29/><E29/><V123/><F1/><W44/><G44/><T103/><D103/><U23/><E86/><N who="2" m="48495" /><F123/><W53/><G46/><T82/><D82/><U66/><E66/><V85/><F85/><W74/><G81/><T78/><D78/><U3/><E3/><V79/><F79/><W0/><G0/><T100/><D100/><U48/><AGARI ba="1,0" hai="5,7,15,16,23,36,41,47,48,54,59" m="43081" machi="48" ten="30,2000,0" yaku="11,1,54,1" doraHai="124" who="1" fromWho="1" sc="265,-11,245,23,245,-6,245,-6" /><INIT seed="1,0,0,2,0,34" ten="254,268,239,239" oya="1" hai0="35,20,37,116,5,106,69,1,80,100,57,52,40" hai1="7,134,118,86,102,85,132,16,104,111,46,119,114" hai2="98,65,91,96,77,18,126,30,14,42,19,38,50" hai3="17,83,78,27,62,74,49,32,51,81,61,82,22"/><U0/><E114/><V26/><F38/><W9/><G32/><T53/><D35/><U58/><E111/><V87/><F77/><W2/><G74/><T124/><D116/><U110/><E110/><V76/><F76/><W123/><G78/><T11/><D69/><U94/><E58/><V39/><F39/><W105/><G105/><T92/><D124/><U12/><E46/><N who="2" m="25943" /><F65/><W75/><G75/><T109/><D106/><U15/><E104/><V23/><F18/><W36/><G36/><T84/><D109/><U25/><E25/><V121/><F121/><W59/><G123/><T95/><D100/><U101/><E16/><N who="2" m="12647" /><F126/><W122/><G122/><T4/><D4/><U43/><E7/><V41/><F41/><W117/><G117/><T99/><D40/><U73/><E43/><V133/><F30/><W129/><G129/><T67/><D37/><U90/><E73/><V48/><F48/><W6/><REACH who="3" step="1"/><G62/><REACH who="3" ten="254,268,239,229" step="2"/><T127/><D127/><U107/><E107/><V89/><F133/><W72/><G72/><T21/><D57/><U31/><E119/><V120/><F120/><W28/><G28/><T112/><D112/><U55/><E31/><V13/><F89/><W115/><G115/><T44/><D44/><U79/><E118/><V103/><F103/><W71/><G71/><T47/><D47/><U93/><E102/><V68/><F68/><W130/><G130/><T54/><D67/><AGARI ba="0,1" hai="2,6,9,17,22,27,49,51,59,61,67,81,82,83" machi="67" ten="40,5200,0" yaku="1,1,52,1,53,1" doraHai="34" doraHaiUra="33" who="3" fromWho="0" sc="254,-52,268,0,239,0,229,62" /><INIT seed="2,0,0,5,5,106" ten="202,268,239,291" oya="2" hai0="26,46,31,40,51,27,103,13,133,96,36,2,116" hai1="71,18,48,56,104,21,130,55,7,93,127,94,92" hai2="122,5,88,76,84,57,110,67,100,53,126,91,108" hai3="128,77,99,3,81,59,117,72,114,8,60,16,102"/><V4/><F122/><W34/><G117/><T85/><D2/><U39/><E104/><V109/><F126/><W121/><G128/><T69/><D116/><U37/><E71/><V9/><F67/><W90/><G34/><T28/><D133/><U86/><E130/><V123/><F100/><W14/><G114/><T11/><D69/><U74/><E74/><V80/><F123/><W1/><G90/><N who="2" m="34345" /><F9/><W115/><G121/><T29/><D85/><U58/><E39/><V30/><F30/><W45/><G45/><T22/><D36/><U101/><E37/><V98/><F98/><W6/><G6/><T73/><D73/><U33/><E33/><V129/><F129/><W64/><G115/><T82/><D82/><U107/><E107/><AGARI ba="0,0" hai="1,3,8,14,16,59,60,64,72,77,81,99,102,107" machi="107" ten="30,3900,0" yaku="7,1,52,1,54,1" doraHai="106" who="3" fromWho="1" sc="202,0,268,-39,239,0,291,39" /><INIT seed="3,0,0,1,3,63" ten="202,229,239,330" oya="3" hai0="45,24,90,18,130,68,56,112,103,74,99,47,55" hai1="58,125,95,51,14,52,106,34,36,123,48,46,9" hai2="77,53,61,124,73,81,40,131,122,70,32,108,101" hai3="82,78,85,57,4,104,49,19,117,133,26,98,5"/><W79/><G104/><T44/><D68/><U43/><E106/><V87/><F32/><W120/><G78/><T132/><D130/><U126/><E34/><V7/><F101/><W83/><G83/><T16/><D112/><U59/><E123/><V111/><F131/><W118/><G57/><N who="1" m="21514" /><E95/><V62/><F40/><W114/><G49/><T97/><D74/><U60/><E60/><N who="2" m="23147" /><F53/><W100/><G98/><N who="0" m="37387" /><D132/><U33/><E52/><V1/><F70/><W38/><G38/><T67/><D103/><U8/><E33/><V39/><F39/><W11/><G11/><N who="1" m="4170" /><E14/><V91/><F124/><AGARI ba="0,0" hai="36,43,46,48,51,124,125,126" m="4170,21514" machi="124" ten="30,1000,0" yaku="18,1" doraHai="63" who="1" fromWho="2" sc="202,0,229,10,239,-10,330,0" owari="202,-30.0,239,4.0,229,-17.0,330,43.0" /></mjloggm>