<mjloggm ver="2.3"><GO type="169" lobby="0"/><UN n0="%E3%82%A6%E3%83%AB%E3%83%88%E3%83%A9%E7%AB%8B%E7%9B%B4" n1="%E3%83%A9%E3%83%83%E3%82%AD%E3%83%BC%E3%83%89%E3%83%83%E3%82%B0" n2="%E9%98%BF%E4%BF%AE%E7%BE%85%E4%BD%B3%E5%A5%88" n3="%E3%83%97%E3%83%83%E3%82%B7%E3%83%A5%E6%8A%BC%E3%81%99%E5%83%A7" dan="17,17,17,16" rate="2184.12,2163.69,2170.64,2138.35" sx="M,M,F,M"/><TAIKYOKU oya="0"/><INIT seed="0,0,0,1,2,130" ten="250,250,250,250" oya="0" hai0="97,77,43,34,131,75,92,109,65,102,57,59,81" hai1="11,47,35,83,107,19,24,122,123,9,94,42,100" hai2="87,82,125,31,119,89,55,98,8,48,120,117,28" hai3="71,39,0,36,1,56,113,54,80,26,128,49,112"/><T85/><D131/><U90/><E83/><V99/><F120/><W135/><G71/><T12/><D34/><U129/><E129/><V6/><F125/><W16/><G128/><T5/><D109/><U53/><E53/><V104/><F104/><W84/><G39/><T73/><D73/><U101/><E9/><V2/><F99/><W37/><G37/><T21/><D65/><U61/><E61/><V96/><F98/><W70/><G70/><T79/><D79/><U72/><E72/><V38/><F38/><W116/><G36/><T14/><D75/><U66/><E66/><V95/><F31/><W20/><G116/><T108/><D108/><U25/><E25/><V64/><F28/><W52/><G54/><T33/><D33/><U78/><E78/><V45/><REACH who="2" step="1"/><F64/><REACH who="2" ten="250,250,240,250" step="2"/><W74/><G113/><T44/><D14/><N who="1" m="7647" /><E107/><V76/><AGARI ba="0,1" hai="2,6,8,45,48,55,76,82,87,89,95,96,117,119" machi="76" ten="30,2000,0" yaku="1,1,0,1,53,0" doraHai="130" doraHaiUra="126" who="2" fromWho="2" sc="250,-10,250,-5,240,30,250,-5" /><INIT seed="1,0,0,5,2,23" ten="240,245,270,245" oya="1" hai0="114,14,12,86,93,55,104,90,7,73,78,19,83" hai1="89,82,46,45,21,122,120,80,56,1,103,118,85" hai2="92,50,84,87,51,66,99,126,64,75,109,98,100" hai3="54,94,4,69,32,79,22,88,40,61,13,95,81"/><U63/><E118/><V47/><F75/><W119/><G32/><T124/><D124/><U116/><E1/><V59/><F109/><W36/><G119/><T96/><D114/><U39/><E116/><V53/><F126/><W0/><G95/><T18/><D55/><U74/><E103/><V38/><F38/><W2/><G36/><T77/><D77/><U9/><E9/><V24/><F99/><W101/><G40/><T33/><D33/><U5/><E5/><V60/><F51/><W11/><G101/><T15/><REACH who="0" step="1"/><D7/><REACH who="0" ten="230,245,270,245" step="2"/><U110/><E110/><V58/><F66/><W17/><G54/><T123/><D123/><U134/><E122/><V41/><F53/><W62/><G2/><T44/><D44/><U132/><E120/><V105/><F59/><W108/><G108/><T28/><D28/><U10/><E45/><V16/><F105/><W130/><G69/><T117/><D117/><U30/><E46/><V68/><F68/><W128/><G128/><T52/><D52/><U135/><E39/><V42/><F41/><W121/><G130/><T48/><D48/><U25/><E132/><V67/><F84/><W26/><G0/><T37/><D37/><U133/><E135/><V111/><F111/><W72/><G121/><T76/><D76/><N who="1" m="44055" /><E134/><V3/><F87/><AGARI ba="0,1" hai="4,11,13,17,22,26,61,62,72,79,81,87,88,94" machi="87" ten="30,3900,0" yaku="7,1,52,1,54,1" doraHai="23" who="3" fromWho="2" sc="230,0,245,0,270,-39,245,49" /><INIT seed="2,0,0,3,4,131" ten="230,245,231,294" oya="2" hai0="127,2,30,133,87,49,54,93,79,7,67,65,95" hai1="114,50,10,20,59,109,105,39,12,6,132,103,102" hai2="18,45,32,100,104,89,4,25,19,129,60,56,86" hai3="80,68,8,51,120,94,29,90,15,78,74,55,58"/><V52/><F129/><W108/><G108/><T27/><D127/><U9/><E39/><V81/><F4/><W97/><G68/><T21/><D2/><U53/><E109/><V42/><F100/><W128/><G128/><T34/><D34/><U44/><E114/><V40/><F104/><W33/><G29/><T57/><D7/><U91/><E132/><V16/><F32/><W107/><G107/><T37/><D37/><U13/><E20/><N who="2" m="13447" /><F45/><W61/><G120/><T43/><D43/><AGARI ba="0,0" hai="18,19,40,42,43,52,56,60,81,86,89" m="13447" machi="43" ten="30,5800,0" yaku="8,1,54,2" doraHai="131" who="2" fromWho="0" sc="230,-58,245,0,231,58,294,0" /><INIT seed="2,1,0,4,3,92" ten="172,245,289,294" oya="2" hai0="83,8,4,103,77,43,114,112,12,115,72,64,24" hai1="15,13,106,118,66,2,97,23,20,130,11,132,95" hai2="131,18,19,39,81,91,29,70,82,105,123,59,124" hai3="65,30,84,99,38,44,74,37,25,34,68,50,119"/><V129/><F123/><W78/><G119/><T6/><D64/><U52/><E118/><V57/><F70/><W56/><G74/><T88/><D103/><N who="1" m="60863" /><E106/><V108/><F39/><W55/><G68/><T71/><D71/><U128/><E66/><V7/><F7/><W16/><G84/><T117/><D117/><U134/><E2/><V126/><F29/><W63/><G78/><T36/><D4/><N who="1" m="3303" /><E52/><V104/><REACH who="2" step="1"/><F91/><REACH who="2" ten="172,245,279,294" step="2"/><W89/><G38/><T35/><D88/><U47/><E128/><V3/><F3/><W101/><G37/><T22/><D36/><U110/><E130/><V9/><F9/><W33/><G89/><T49/><D112/><U109/><E132/><V32/><F32/><W125/><G30/><T96/><D35/><U93/><E134/><V116/><F116/><W27/><G34/><T48/><D114/><U69/><E69/><V73/><F73/><W75/><G75/><T41/><D115/><U102/><E20/><V107/><F107/><W122/><G33/><T61/><D72/><U42/><E23/><V45/><F45/><W90/><G90/><T40/><D22/><U62/><E47/><V5/><F5/><W135/><G122/><T21/><D21/><U94/><E109/><AGARI ba="1,1" hai="18,19,57,59,81,82,104,105,108,109,124,126,129,131" machi="109" ten="25,4800,0" yaku="1,1,22,2,53,0" doraHai="92" doraHaiUra="26" who="2" fromWho="1" sc="172,0,245,-51,279,61,294,0" /><INIT seed="2,2,0,1,3,21" ten="172,194,340,294" oya="2" hai0="36,113,120,74,112,6,124,71,110,52,38,101,39" hai1="85,2,95,49,105,119,35,15,25,0,128,103,109" hai2="43,75,121,48,32,44,89,46,73,114,59,117,90" hai3="134,19,55,29,69,24,94,47,66,5,133,3,84"/><V100/><F117/><W27/><G3/><T122/><D101/><U30/><E109/><V20/><F32/><W77/><G5/><T64/><D6/><U80/><E119/><V76/><F100/><W42/><G55/><T104/><D74/><U102/><E128/><V67/><F75/><W34/><G66/><T45/><D104/><U56/><E105/><V26/><F114/><N who="0" m="44138" /><D110/><U126/><E126/><V87/><F73/><W61/><G61/><N who="0" m="40335" /><D124/><U13/><E0/><V23/><F23/><N who="3" m="13439" /><G69/><T118/><D118/><U1/><E1/><V72/><F72/><W63/><G63/><T98/><D98/><U57/><E2/><V116/><F116/><W7/><G7/><T91/><D91/><U40/><E102/><V9/><F76/><W60/><G60/><T93/><D93/><U111/><E111/><V62/><F90/><N who="3" m="53575" /><G77/><T129/><D129/><U97/><E56/><V17/><F9/><W65/><G65/><T50/><AGARI ba="2,0" hai="36,38,39,45,50,52,120,122" m="40335,44138" machi="50" ten="40,5200,0" yaku="34,2,54,1" doraHai="21" who="0" fromWho="0" sc="172,58,194,-15,340,-28,294,-15" /><INIT seed="3,0,0,2,5,78" ten="230,179,312,279" oya="3" hai0="72,88,63,7,55,86,90,23,27,106,13,1,101" hai1="120,133,91,42,93,21,94,10,47,9,65,50,115" hai2="2,58,82,31,97,22,18,85,35,54,83,34,95" hai3="14,41,59,118,3,131,26,48,53,124,25,123,126"/><W44/><G118/><T57/><D72/><U107/><E107/><V122/><F2/><W28/><G3/><T102/><D1/><U29/><E120/><V33/><F31/><W77/><G123/><T12/><D106/><U69/><E115/><V98/><F85/><W134/><G134/><T20/><D90/><U52/><E133/><V0/><F0/><W61/><G131/><T15/><D7/><U36/><E29/><V135/><F135/><W16/><G77/><T64/><D64/><U116/><E21/><V45/><F45/><W49/><G61/><T113/><D113/><U19/><E116/><V43/><F43/><W99/><G99/><T46/><D46/><U62/><E19/><V76/><F76/><W4/><G4/><T125/><D125/><N who="3" m="48233" /><G28/><N who="0" m="17511" /><D23/><AGARI ba="0,0" hai="14,16,23,25,26,41,44,48,49,53,59" m="48233" machi="23" ten="30,2900,0" yaku="18,1,54,1" doraHai="78" who="3" fromWho="0" sc="230,-29,179,0,312,0,279,29" /><INIT seed="3,1,0,2,0,52" ten="201,179,312,308" oya="3" hai0="134,81,102,88,133,34,50,27,3,32,96,125,121" hai1="47,12,124,114,6,61,41,26,127,14,113,75,20" hai2="107,130,109,45,67,68,92,74,131,24,46,98,16" hai3="65,7,105,110,108,42,35,122,51,2,48,17,86"/><W36/><G105/><T66/><D3/><U59/><E75/><V44/><F74/><W8/><G122/><T116/><D116/><U11/><E12/><V43/><F107/><W69/><G35/><T28/><D121/><U33/><E33/><V39/><F109/><N who="3" m="42091" /><G17/><T57/><D34/><U0/><E0/><V19/><F39/><W1/><G1/><T84/><D125/><N who="1" m="48203" /><E47/><V60/><F43/><W111/><G65/><T128/><D128/><N who="2" m="49194" /><F24/><W56/><G69/><T78/><D78/><U83/><E83/><V118/><F118/><W90/><G36/><T54/><REACH who="0" step="1"/><D66/><REACH who="0" ten="191,179,312,308" step="2"/><N who="1" m="39231" /><E41/><V132/><F132/><W71/><G42/><T30/><D30/><AGARI ba="1,1" hai="6,11,14,20,26,30,113,114" m="39231,48203" machi="30" ten="30,2000,0" yaku="18,1,52,1" doraHai="52" who="1" fromWho="0" sc="191,-23,179,33,312,0,308,0" /><INIT seed="4,0,0,2,1,30" ten="168,212,312,308" oya="0" hai0="103,40,111,58,45,63,81,102,8,108,1,129,15" hai1="104,68,18,134,5,65,44,99,55,77,37,112,98" hai2="54,126,64,41,73,3,21,71,76,75,113,29,74" hai3="57,48,130,66,69,70,23,116,32,105,6,20,131"/><T72/><D129/><N who="3" m="49161" /><G105/><T34/><D1/><U35/><E5/><V82/><F3/><W127/><G6/><T61/><D81/><U96/><E77/><V106/><F41/><W59/><G32/><T97/><D72/><U42/><E104/><V125/><F106/><W128/><G127/><N who="2" m="48649" /><F113/><W114/><G114/><T79/><D79/><U122/><E122/><V14/><F54/><N who="3" m="31943" /><G116/><T31/><D31/><U25/><E134/><V13/><F13/><W83/><G83/><T119/><D34/><U117/><E117/><V47/><F47/><W26/><G23/><T16/><D119/><U121/><E121/><V118/><F118/><W100/><G100/><T93/><D102/><U62/><E112/><V78/><F78/><W95/><G95/><T36/><REACH who="0" step="1"/><D63/><REACH who="0" ten="158,212,312,308" step="2"/><U0/><E0/><V89/><F29/><N who="3" m="17607" /><G128/><T39/><D39/><U19/><E35/><V88/><F76/><W86/><G86/><T67/><AGARI ba="0,1" hai="8,15,16,36,40,45,58,61,67,93,97,103,108,111" machi="67" ten="30,11700,0" yaku="1,1,0,1,54,1,53,1" doraHai="30" doraHaiUra="91" who="0" fromWho="0" sc="158,127,212,-39,312,-39,308,-39" /><INIT seed="4,1,0,3,0,7" ten="285,173,273,269" oya="0" hai0="46,34,75,98,124,103,17,123,113,120,39,76,82" hai1="117,71,21,99,89,87,114,18,111,29,66,93,100" hai2="49,112,90,51,73,62,15,28,84,45,9,14,47" hai3="50,13,108,104,61,27,96,101,86,33,79,56,5"/><T41/><D124/><U59/><E117/><V95/><F73/><W36/><G36/><T97/><D113/><U42/><E111/><V110/><F110/><W125/><G125/><T54/><D34/><U58/><E114/><V48/><F112/><W135/><G135/><T52/><D97/><U132/><E132/><V8/><F28/><W37/><G37/><T26/><D26/><U94/><E42/><V80/><F62/><W23/><G33/><T55/><REACH who="0" step="1"/><D17/><REACH who="0" ten="275,173,273,269" step="2"/><U53/><E18/><N who="2" m="8519" /><F80/><W122/><G27/><T91/><D91/><U0/><E89/><V12/><F12/><W92/><G13/><T88/><D88/><U81/><E99/><V105/><F105/><AGARI ba="1,1" hai="39,41,46,52,54,55,75,76,82,98,103,105,120,123" machi="105" ten="40,3900,0" yaku="1,1,54,1,53,0" doraHai="7" doraHaiUra="63" who="0" fromWho="2" sc="275,52,173,0,273,-42,269,0" /><INIT seed="4,2,0,2,2,115" ten="327,173,231,269" oya="0" hai0="44,31,56,112,73,64,9,36,95,51,66,42,101" hai1="102,121,129,133,15,23,28,116,60,109,126,25,128" hai2="14,59,91,17,79,111,18,10,13,63,21,52,84" hai3="16,98,132,81,93,131,71,33,62,119,58,104,105"/><T3/><D112/><U85/><E121/><V97/><F111/><W8/><G33/><T26/><D73/><U47/><E109/><V4/><F79/><W76/><G71/><T83/><D83/><U114/><E114/><V54/><F97/><W35/><G35/><T19/><D36/><U30/><E102/><V48/><F4/><W86/><G132/><T89/><D101/><U49/><E60/><V124/><F124/><W46/><G46/><T70/><D70/><U39/><E39/><V57/><F84/><W38/><G38/><T6/><D56/><U24/><E126/><V43/><F43/><W65/><G131/><N who="1" m="50250" /><E85/><V34/><F34/><W32/><G32/><T72/><D72/><U55/><E15/><V37/><F37/><W100/><REACH who="3" step="1"/><G119/><REACH who="3" ten="327,173,231,259" step="2"/><T0/><D44/><U20/><E133/><V45/><F45/><W68/><G68/><T99/><D42/><U29/><E116/><V125/><F125/><W135/><G135/><T12/><D0/><U130/><N who="1" m="50258" /><U118/><DORA hai="50" /><E118/><V127/><F127/><W103/><G103/><T22/><D3/><U2/><E2/><V113/><F113/><W53/><G53/><T78/><D66/><U106/><E106/><V69/><F69/><W88/><G88/><AGARI ba="2,1" hai="10,13,14,17,18,21,48,52,54,57,59,63,88,91" machi="88" ten="40,8000,1" yaku="8,1,52,2,54,2" doraHai="115,50" who="2" fromWho="3" sc="327,0,173,0,231,96,259,-86" /><INIT seed="5,0,0,4,3,67" ten="327,173,327,173" oya="1" hai0="109,41,62,127,52,56,113,123,50,15,17,5,77" hai1="105,91,6,11,12,68,9,43,94,103,58,25,8" hai2="90,26,83,76,54,120,0,29,42,40,98,93,1" hai3="125,55,110,28,92,116,129,48,126,21,32,122,27"/><U35/><E43/><V47/><F120/><W37/><G37/><T131/><D109/><U30/><E58/><V60/><F42/><W134/><G110/><T4/><D113/><U130/><E130/><V89/><F89/><W36/><G36/><T18/><D131/><U31/><E31/><V19/><F19/><W46/><G122/><T96/><D127/><N who="3" m="48649" /><G134/><T65/><D123/><U87/><REACH who="1" step="1"/><E68/><REACH who="1" ten="327,163,327,173" step="2"/><V117/><F40/><W115/><G129/><T49/><D41/><U135/><E135/><V61/><F29/><W124/><G115/><T107/><D56/><U63/><E63/><V3/><F61/><W38/><G124/><T13/><D62/><U45/><E45/><V2/><F60/><W73/><G116/><T82/><D65/><U16/><E16/><V86/><F117/><W102/><G38/><T44/><D44/><U51/><E51/><V74/><F47/><W119/><G119/><T33/><D18/><U111/><E111/><V128/><F128/><W59/><G59/><T100/><D17/><U24/><E24/><V14/><F26/><W81/><G46/><T95/><D50/><U75/><E75/><V79/><F74/><W7/><G48/><T72/><D49/><U88/><E88/><V104/><F90/><W84/><G73/><T34/><D72/><U118/><E118/><V23/><F79/><W106/><G28/><T114/><D77/><U112/><E112/><V69/><F69/><W70/><G27/><T97/><D114/><U133/><E133/><V101/><N who="2" m="512" /><DORA hai="121" /><V132/><F132/><W71/><G71/><T85/><D5/><RYUUKYOKU ba="0,1" sc="327,-10,163,30,327,-10,173,-10" hai1="6,8,9,11,12,25,30,35,87,91,94,103,105" /><INIT seed="5,1,1,3,2,120" ten="317,193,317,163" oya="1" hai0="81,133,57,22,66,15,34,85,130,4,7,50,10" hai1="122,62,55,1,90,19,111,36,18,119,65,110,109" hai2="41,47,127,53,64,8,93,24,105,44,101,95,121" hai3="108,132,98,30,103,32,75,21,114,74,99,84,134"/><U13/><E122/><V11/><F121/><W6/><G32/><T123/><D34/><U35/><E119/><V107/><F64/><W102/><G6/><T88/><D123/><U25/><E1/><V61/><F24/><W58/><G58/><T5/><D130/><U9/><E36/><V129/><F61/><W104/><G21/><T76/><D133/><N who="3" m="51305" /><G30/><T63/><D22/><N who="1" m="13535" /><E35/><V56/><F101/><W69/><G69/><T42/><REACH who="0" step="1"/><D88/><REACH who="0" ten="307,193,317,163" step="2"/><U83/><E90/><V77/><F129/><W87/><G114/><T106/><D106/><U40/><E83/><V37/><F105/><N who="3" m="63703" /><G108/><T72/><D72/><AGARI ba="1,2" hai="72,74,75,84,87,99,103,104" m="63703,51305" machi="72" ten="30,3900,0" yaku="20,1,34,2" doraHai="120" who="3" fromWho="0" sc="307,-42,193,0,317,0,163,62" /><INIT seed="6,0,0,0,1,86" ten="265,193,317,225" oya="2" hai0="106,134,124,26,92,40,29,130,52,11,32,82,73" hai1="10,19,110,120,48,135,64,50,4,126,127,122,49" hai2="28,132,115,117,78,119,66,13,47,60,31,88,85" hai3="105,76,94,30,20,77,44,39,5,79,24,12,14"/><V21/><F115/><W67/><G105/><T70/><D106/><U17/><E64/><V72/><F132/><W118/><G118/><T95/><D70/><U25/><E110/><V121/><F121/><N who="1" m="46697" /><E135/><V3/><F3/><W7/><G67/><T116/><D134/><U62/><E62/><V16/><F47/><W59/><G59/><T89/><D40/><U133/><E133/><V38/><F38/><W15/><REACH who="3" step="1"/><G94/><REACH who="3" ten="265,193,317,215" step="2"/><T57/><D95/><U41/><E41/><AGARI ba="0,1" hai="5,7,12,14,15,20,24,30,39,41,44,76,77,79" machi="41" ten="40,5200,0" yaku="1,1,2,1,53,1" doraHai="86" doraHaiUra="42" who="3" fromWho="1" sc="265,0,193,-52,317,0,215,62" /><INIT seed="7,0,0,3,3,86" ten="265,141,317,277" oya="3" hai0="3,42,121,74,21,85,116,133,131,9,14,1,107" hai1="101,25,104,132,64,114,68,70,62,16,84,6,33" hai2="76,119,87,36,118,18,28,32,45,67,128,44,4" hai3="113,15,43,31,47,11,5,126,66,51,111,129,123"/><W10/><G113/><T38/><D116/><U92/><E114/><V103/><F103/><W93/><G126/><T57/><D121/><U12/><E132/><V50/><F67/><W82/><G123/><T95/><D107/><U97/><E70/><V54/><F28/><W83/><G111/><T134/><D74/><U90/><E6/><V108/><F32/><W55/><G66/><T102/><D131/><U22/><REACH who="1" step="1"/><E33/><REACH who="1" ten="265,131,317,277" step="2"/><V96/><F4/><W77/><G129/><T122/><D134/><U130/><E130/><V34/><F128/><W106/><G5/><T60/><D133/><U40/><E40/><V72/><F34/><W29/><G43/><T89/><D42/><U124/><E124/><V2/><F118/><W69/><G69/><T17/><D122/><U110/><E110/><V26/><F119/><W41/><G41/><T53/><D38/><U56/><E56/><V65/><F36/><W117/><G117/><T27/><REACH who="0" step="1"/><D102/><REACH who="0" ten="255,131,317,277" step="2"/><U46/><E46/><V94/><F45/><W80/><G47/><T135/><D135/><U98/><E98/><V112/><F44/><W73/><G73/><T39/><D39/><U58/><E58/><V61/><F96/><W49/><G31/><AGARI ba="0,2" hai="1,3,9,14,17,21,27,31,53,57,60,85,89,95" machi="31" ten="30,3900,0" yaku="1,1,7,1,52,1,53,0" doraHai="86" doraHaiUra="127" who="0" fromWho="3" sc="255,59,131,0,317,0,277,-39" owari="314,11.0,131,-37.0,317,42.0,238,-16.0" /></mjloggm>