<mjloggm ver="2.3"><GO type="169" lobby="0"/><UN n0="%6D%61%63%6A%72" n1="%E3%82%8C%E3%81%A3%E3%81%A9%E3%81%82%E3%81%84" n2="%E6%97%A5%E6%9B%9C%E6%97%A5%E3%82%88%E3%82%8A%E3%81%AE%E4%BD%BF%E8%80%85" n3="%E3%83%88%E3%83%88%E3%83%AA%E5%85%88%E7%94%9F%31%39%E6%AD%B3" dan="18,17,17,19" rate="2203.44,2162.49,2212.11,2233.57" sx="M,M,M,F"/><TAIKYOKU oya="0"/><INIT seed="0,0,0,1,0,4" ten="250,250,250,250" oya="0" hai0="67,94,31,42,60,111,29,100,8,124,55,105,66" hai1="54,34,104,65,35,118,86,135,7,131,72,117,109" hai2="17,88,127,6,126,32,81,92,14,120,99,48,28" hai3="49,41,11,0,13,56,40,128,93,110,87,27,12"/><T1/><D105/><U95/><E65/><V33/><F120/><W52/><G110/><T115/><D115/><U16/><E54/><V43/><F6/><W106/><G106/><T47/><D111/><U119/><E7/><V102/><F28/><W50/><G128/><T57/><D1/><U3/><E86/><N who="2" m="50255" /><F43/><W68/><G68/><T58/><D124/><N who="2" m="47658" /><F48/><W84/><G13/><T22/><D8/><AGARI ba="0,0" hai="8,14,17,32,33,92,99,102" m="47658,50255" machi="8" ten="30,3900,0" yaku="18,1,52,1,54,1" doraHai="4" who="2" fromWho="0" sc="250,-39,250,0,250,39,250,0" /><INIT seed="1,0,0,2,3,49" ten="211,250,289,250" oya="1" hai0="109,6,76,112,110,60,126,50,80,7,2,15,61" hai1="56,51,30,59,40,46,117,38,93,64,86,36,132" hai2="35,43,8,123,16,42,91,130,23,34,85,25,113" hai3="17,124,100,57,32,97,20,128,18,58,71,19,74"/><U28/><E117/><V84/><F123/><W92/><G32/><T11/><D112/><U53/><E132/><V114/><F130/><W81/><G71/><T27/><D126/><U116/><E116/><V121/><F121/><W69/><G69/><T127/><D127/><U98/><E86/><V94/><F85/><W79/><G124/><T133/><D133/><U21/><E21/><V119/><F119/><W63/><G58/><T41/><D27/><U65/><E65/><V47/><F8/><W120/><G128/><T131/><D6/><U96/><E96/><V1/><F1/><W37/><G37/><T29/><D29/><U99/><E99/><V70/><F70/><W135/><G120/><T88/><D2/><U103/><REACH who="1" step="1"/><E36/><REACH who="1" ten="211,240,289,250" step="2"/><V102/><F102/><W89/><G135/><T111/><D131/><U72/><E72/><V105/><F35/><W122/><G122/><T118/><D118/><U90/><E90/><V13/><F34/><W87/><G74/><N who="0" m="43031" /><D88/><U10/><E10/><V106/><F114/><W129/><G129/><T82/><D82/><U31/><E31/><V108/><F113/><W95/><G100/><T26/><D26/><U14/><E14/><V48/><F25/><N who="3" m="14479" /><G95/><T67/><D67/><AGARI ba="0,1" hai="18,19,57,63,67,79,81,87,89,92,97" m="14479" machi="67" ten="30,1000,0" yaku="8,1" doraHai="49" who="3" fromWho="0" sc="211,-10,240,0,289,0,250,20" /><INIT seed="2,0,0,0,2,58" ten="201,240,289,270" oya="2" hai0="16,59,130,55,61,38,67,87,17,129,9,73,123" hai1="68,114,107,83,92,48,10,29,120,76,70,41,31" hai2="112,132,96,77,60,99,88,135,119,30,126,125,51" hai3="45,7,43,90,56,5,75,20,2,72,52,39,62"/><V105/><F112/><W53/><G53/><T95/><D73/><U100/><E107/><V128/><F119/><W63/><G63/><T32/><D32/><U1/><E120/><V37/><F37/><W66/><G66/><T74/><D74/><U3/><E100/><N who="2" m="62599" /><F77/><W33/><G33/><T113/><D113/><U111/><E111/><V79/><F79/><W0/><G20/><T28/><D123/><U85/><E92/><N who="2" m="56711" /><F30/><W71/><G71/><T49/><D38/><U93/><E76/><V35/><F35/><W84/><G75/><T25/><D28/><U106/><E70/><V117/><F51/><W102/><G102/><T134/><D25/><U133/><E48/><V81/><F81/><W8/><G72/><T94/><D94/><U23/><E93/><V47/><F47/><W104/><G104/><T34/><D34/><U127/><E83/><V124/><F117/><W54/><G54/><T18/><D9/><U110/><E10/><V24/><F24/><W97/><G97/><T89/><REACH who="0" step="1"/><D134/><REACH who="0" ten="191,240,289,270" step="2"/><N who="2" m="51242" /><F60/><W6/><G0/><T14/><D14/><U46/><E1/><V21/><F21/><W44/><G44/><AGARI ba="0,1" hai="16,17,18,44,49,55,59,61,67,87,89,95,129,130" machi="44" ten="40,8000,1" yaku="1,1,52,1,54,1,53,1" doraHai="58" doraHaiUra="50" who="0" fromWho="3" sc="191,90,240,0,289,0,270,-80" /><INIT seed="3,0,0,3,5,52" ten="281,240,289,190" oya="3" hai0="65,84,63,79,53,75,58,16,4,120,48,55,91" hai1="41,49,22,92,11,76,9,82,15,3,33,26,90" hai2="89,34,102,100,37,135,23,45,94,24,80,133,21" hai3="93,132,47,134,61,71,101,30,98,127,39,32,83"/><W97/><G127/><T122/><D4/><U20/><E33/><V67/><F34/><W86/><G97/><T111/><D111/><U119/><E119/><V25/><F67/><W125/><G125/><T131/><D131/><U77/><E3/><V96/><F37/><W81/><G39/><T103/><D103/><N who="2" m="39466" /><F80/><W123/><G123/><T8/><D75/><U43/><E26/><N who="2" m="10347" /><F45/><W36/><G30/><T68/><D79/><U10/><E15/><V110/><F110/><W62/><G32/><T66/><D66/><U56/><E82/><V6/><F6/><W13/><G81/><T121/><D121/><U29/><E29/><V78/><F78/><W73/><G73/><T105/><D105/><U1/><E1/><V51/><F51/><W64/><G62/><T104/><D104/><U46/><E43/><V17/><F17/><W113/><G113/><T87/><D55/><U112/><E112/><V70/><F70/><W124/><G124/><T60/><D60/><U118/><E118/><V107/><F107/><W38/><G13/><N who="0" m="7207" /><D122/><U31/><E31/><V59/><F59/><W69/><G69/><T72/><D72/><U44/><E56/><V108/><F108/><W2/><G2/><T57/><D120/><U126/><E126/><V5/><F5/><W109/><G109/><T116/><D116/><U50/><E76/><V88/><F89/><N who="3" m="51423" /><G38/><T18/><D68/><U7/><E77/><V42/><F42/><N who="3" m="22983" /><G71/><T28/><D28/><U128/><E7/><V106/><F106/><W19/><G19/><T12/><D91/><U114/><E114/><V40/><F40/><RYUUKYOKU ba="0,0" sc="281,10,240,-30,289,10,190,10" hai0="12,18,48,53,57,58,63,65,84,87" hai2="21,23,88,94,96,133,135" hai3="61,64,93,98,101,132,134" /><INIT seed="3,1,0,5,2,98" ten="291,210,299,200" oya="3" hai0="123,130,103,39,49,19,50,27,32,4,133,128,30" hai1="135,97,109,67,70,78,80,60,13,68,74,47,119" hai2="18,118,25,90,106,52,99,81,44,36,16,1,82" hai3="12,101,92,61,51,93,124,8,38,115,35,45,69"/><W10/><G115/><T14/><D39/><U41/><E109/><V105/><F1/><W75/><G35/><T21/><D123/><U121/><E135/><V96/><F118/><W56/><G75/><T26/><D103/><U127/><E127/><V17/><F36/><W37/><G69/><T73/><D73/><U108/><E108/><V95/><F25/><W20/><G38/><T6/><D50/><U64/><E121/><V114/><F114/><W23/><G37/><T24/><D49/><U59/><E67/><V28/><F28/><W107/><G107/><T11/><D133/><U102/><E119/><V5/><F5/><N who="0" m="2154" /><D24/><U40/><E13/><V33/><F33/><W63/><G124/><T48/><D48/><U116/><E116/><V77/><F99/><N who="3" m="59623" /><G93/><T31/><AGARI ba="1,0" hai="11,14,19,21,26,27,30,31,32,128,130" m="2154" machi="31" ten="30,2000,0" yaku="34,2" doraHai="98" who="0" fromWho="0" sc="291,23,210,-6,299,-6,200,-11" /><INIT seed="4,0,0,0,2,134" ten="314,204,293,189" oya="0" hai0="6,81,112,109,71,125,73,27,8,37,60,115,34" hai1="24,39,101,19,88,43,105,121,75,103,131,28,25" hai2="2,45,129,117,85,50,68,5,1,96,116,10,132" hai3="90,133,66,15,97,52,54,99,104,26,53,12,40"/><T63/><D37/><U123/><E131/><V55/><F68/><W69/><G133/><T65/><D60/><U49/><E39/><V36/><F132/><W64/><G40/><T77/><D109/><U21/><E75/><V128/><F36/><W31/><G104/><T9/><D9/><U108/><E108/><V106/><F1/><W51/><G51/><T86/><D86/><U83/><E105/><V42/><F85/><W82/><G82/><T94/><D94/><U87/><E123/><V110/><F110/><W130/><G130/><N who="2" m="50281" /><F55/><W100/><G90/><T46/><D46/><N who="1" m="25823" /><E121/><V0/><F0/><W48/><G48/><T76/><D76/><U35/><E35/><V107/><F96/><N who="3" m="36939" /><G69/><T32/><D27/><N who="1" m="10315" /><E28/><V111/><F111/><W14/><G100/><T127/><D32/><U120/><E120/><V79/><F79/><W3/><G3/><N who="0" m="95" /><D34/><U98/><E98/><V67/><F67/><N who="3" m="25643" /><G26/><AGARI ba="0,0" hai="19,21,26,83,87,88,101,103" m="10315,25823" machi="26" ten="30,2000,0" yaku="8,1,54,1" doraHai="134" who="1" fromWho="3" sc="314,0,204,20,293,0,189,-20" /><INIT seed="5,0,0,3,3,110" ten="314,224,293,169" oya="1" hai0="90,55,124,102,10,65,74,35,123,132,67,21,133" hai1="128,53,121,108,118,79,101,11,104,2,50,40,88" hai2="103,120,54,83,109,32,22,115,8,34,66,56,86" hai3="12,106,28,3,52,96,70,63,116,57,94,89,117"/><U6/><E121/><V131/><F120/><W113/><G3/><T27/><D35/><U73/><E118/><N who="3" m="45674" /><G70/><T127/><D123/><U112/><E108/><V125/><F109/><W85/><G28/><T64/><D74/><U20/><E128/><V0/><F125/><W29/><G29/><N who="0" m="17647" /><D102/><U60/><E20/><V51/><F131/><W72/><G72/><T80/><D55/><U45/><E73/><V37/><F37/><W33/><G33/><T61/><D61/><U47/><E79/><V14/><F103/><N who="3" m="62823" /><G12/><T59/><D59/><U76/><E76/><V30/><F66/><W58/><G58/><T19/><D65/><U105/><E60/><V111/><F111/><W23/><G23/><T16/><D67/><U5/><E5/><V93/><F0/><W71/><G71/><T4/><D64/><U107/><E101/><V92/><F32/><W39/><G39/><T62/><D62/><U99/><E45/><V75/><F34/><W129/><G129/><T15/><D19/><U100/><E40/><V84/><F75/><W48/><G63/><T17/><D17/><U31/><E31/><V77/><F30/><W24/><G24/><T95/><D4/><U69/><E69/><V13/><F22/><W122/><G122/><T38/><D38/><U119/><E119/><V82/><F14/><W68/><G68/><T114/><D124/><U87/><E100/><V49/><F13/><W41/><G41/><T36/><D127/><U9/><E2/><V42/><F42/><W135/><G135/><T26/><D132/><U81/><E6/><V98/><F56/><RYUUKYOKU ba="0,0" sc="314,-10,224,-10,293,-10,169,30" hai3="48,52,57,85,89,94,113" /><INIT seed="6,1,0,3,0,106" ten="304,214,283,199" oya="2" hai0="35,36,70,4,97,117,16,15,115,78,8,11,24" hai1="37,17,69,28,121,113,101,53,76,68,47,51,135" hai2="91,103,86,71,107,92,19,3,77,63,89,131,128" hai3="87,46,59,125,102,126,25,9,74,66,20,18,43"/><V130/><F3/><W54/><G66/><T33/><D70/><U64/><E28/><V14/><F77/><W67/><G67/><T122/><D36/><U80/><E113/><V95/><F103/><W123/><G123/><T62/><D62/><U83/><E121/><V61/><F107/><W26/><G102/><T12/><D122/><U94/><E135/><V84/><REACH who="2" step="1"/><F71/><REACH who="2" ten="304,214,273,199" step="2"/><W111/><G125/><T129/><D78/><U44/><E69/><V2/><F2/><W110/><G126/><T40/><D115/><U93/><E68/><V30/><F30/><W52/><G111/><T116/><D117/><U29/><E29/><V109/><F109/><W58/><G110/><T90/><D116/><U127/><E76/><V55/><F55/><W0/><G0/><T32/><D32/><U65/><E101/><V88/><F88/><W57/><G54/><T81/><D33/><U75/><E127/><V82/><F82/><W72/><G52/><T73/><D35/><U79/><E79/><V13/><F13/><N who="3" m="7471" /><G26/><T119/><D24/><U41/><E53/><V34/><F34/><W118/><G118/><T21/><D119/><U60/><E83/><V45/><F45/><W38/><G72/><T23/><D73/><U48/><E75/><V49/><F49/><W56/><G74/><T133/><D81/><U50/><E80/><V120/><F120/><W104/><G104/><T10/><D12/><U6/><E51/><V99/><F99/><W100/><G100/><T5/><D15/><U124/><E124/><V42/><F42/><W31/><N who="3" m="14336" /><DORA hai="39" /><W22/><G87/><RYUUKYOKU ba="1,1" sc="304,-15,214,-15,273,15,199,15" hai2="14,19,61,63,84,86,89,91,92,95,128,130,131" hai3="20,22,25,31,38,43,46" /><INIT seed="6,2,1,0,0,75" ten="289,199,288,214" oya="2" hai0="59,62,119,33,101,51,34,26,131,91,121,48,64" hai1="107,109,29,65,38,28,49,56,102,122,105,72,23" hai2="100,50,82,90,120,63,8,21,45,18,66,27,30" hai3="0,11,14,127,40,68,24,103,57,2,115,46,117"/><V135/><F120/><W112/><G117/><T128/><D121/><U9/><E38/><V84/><F135/><W4/><G68/><T17/><D119/><U132/><E122/><V111/><F111/><W114/><G127/><T60/><D101/><U47/><E109/><V126/><F126/><W110/><G110/><T42/><D60/><U97/><E132/><V96/><F8/><W94/><G57/><T129/><D91/><U7/><E72/><V16/><F100/><W125/><G125/><T44/><D48/><U80/><E80/><V106/><F106/><W123/><G123/><T39/><D39/><U37/><E37/><V88/><F96/><N who="3" m="59799" /><G24/><T133/><D133/><U1/><E23/><AGARI ba="2,1" hai="17,23,26,33,34,42,44,51,59,62,64,128,129,131" machi="23" ten="40,1300,0" yaku="19,1" doraHai="75" who="0" fromWho="1" sc="289,29,199,-19,288,0,214,0" /><INIT seed="7,0,0,5,3,118" ten="318,180,288,214" oya="3" hai0="50,63,113,10,79,69,19,40,15,134,109,13,27" hai1="33,120,87,103,36,60,49,45,28,61,135,37,62" hai2="55,46,68,9,115,24,66,104,125,77,56,93,75" hai3="128,81,78,83,14,101,117,1,47,41,22,95,12"/><W122/><G117/><T86/><D109/><U74/><E74/><V73/><F104/><W98/><G1/><T3/><D3/><U20/><E135/><V11/><F115/><W130/><G122/><T25/><D69/><U96/><E120/><V51/><F125/><W84/><G83/><N who="0" m="47487" /><D113/><U102/><E33/><V72/><F68/><W112/><G112/><T52/><D134/><U58/><E87/><V31/><F77/><W38/><REACH who="3" step="1"/><G22/><REACH who="3" ten="318,180,288,204" step="2"/><N who="0" m="11647" /><D40/><U48/><E20/><V94/><F9/><W7/><G7/><N who="0" m="3295" /><D63/><U124/><E124/><V21/><F11/><W59/><G59/><AGARI ba="0,1" hai="25,27,50,52,59" m="3295,11647,47487" machi="59" ten="30,2000,0" yaku="8,1,54,1" doraHai="118" who="0" fromWho="3" sc="318,30,180,0,288,0,204,-20" owari="348,45.0,180,-32.0,288,9.0,184,-22.0" /></mjloggm>