<mjloggm ver="2.3"><GO type="225" lobby="0"/><UN n0="%E3%81%8D%E3%82%8A%E3%81%B5%E3%81%A0" n1="%E3%82%A6%E3%83%AB%E3%83%88%E3%83%A9%E7%AB%8B%E7%9B%B4" n2="%4B%52%65%72%65%65%65%4E" n3="%E3%81%BF%E3%81%BF%E3%81%9A" dan="16,17,16,17" rate="2110.60,2192.04,2136.04,2221.45" sx="M,M,M,M"/><TAIKYOKU oya="0"/><INIT seed="0,0,0,3,3,90" ten="250,250,250,250" oya="0" hai0="17,11,34,117,46,54,79,84,60,96,67,123,23" hai1="81,65,18,55,39,92,56,102,115,135,58,89,69" hai2="134,112,51,72,38,120,45,14,105,75,36,3,12" hai3="121,78,100,125,124,103,83,86,30,8,130,47,27"/><T87/><D34/><U73/><E39/><V2/><F112/><W25/><G130/><T13/><D123/><U77/><E115/><V93/><F120/><W116/><G121/><T42/><D117/><U82/><E135/><V108/><F105/><W98/><G116/><T113/><D113/><U35/><E35/><V6/><F134/><W43/><G8/><T76/><D54/><U24/><E102/><V52/><F108/><W28/><G27/><T53/><D53/><U80/><E69/><V33/><F33/><W64/><G64/><T132/><D132/><U126/><E126/><N who="3" m="48746" /><G25/><T97/><D79/><U127/><E58/><V62/><F62/><W85/><G85/><T49/><D84/><U122/><E65/><V29/><F29/><N who="3" m="11371" /><G98/><T15/><D87/><U26/><E26/><V110/><F110/><W44/><G44/><T20/><D76/><U4/><E127/><V94/><F45/><W101/><G103/><T107/><D107/><U114/><E122/><V16/><F6/><W91/><G78/><T63/><D23/><N who="1" m="13431" /><E114/><V131/><F131/><W0/><G0/><T71/><REACH who="0" step="1"/><D63/><REACH who="0" ten="240,250,250,250" step="2"/><N who="1" m="36255" /><E4/><AGARI ba="0,1" hai="4,11,13,15,17,20,42,46,49,60,67,71,96,97" machi="4" ten="30,2900,0" yaku="1,1,7,1,53,0" doraHai="90" doraHaiUra="32" who="0" fromWho="1" sc="240,39,250,-29,250,0,250,0" /><INIT seed="0,1,0,3,5,48" ten="279,221,250,250" oya="0" hai0="34,116,66,70,87,61,24,2,118,44,77,101,18" hai1="85,17,26,12,35,13,30,1,76,16,125,40,52" hai2="90,103,56,120,64,46,38,5,91,80,39,14,133" hai3="43,7,49,36,54,117,60,129,100,9,59,134,126"/><T135/><D135/><U3/><E40/><V113/><F120/><W62/><G117/><T31/><D2/><N who="1" m="523" /><E76/><V93/><F113/><W32/><G32/><T121/><D121/><U45/><E52/><V95/><F133/><W72/><G72/><T15/><D44/><U102/><E85/><V89/><F46/><N who="3" m="25823" /><G36/><T96/><D87/><U111/><E102/><V47/><F47/><W84/><G134/><T42/><D77/><U99/><E99/><V65/><F80/><W68/><G68/><T23/><REACH who="0" step="1"/><D42/><REACH who="0" ten="269,221,250,250" step="2"/><U55/><E45/><V57/><F39/><W27/><G84/><T69/><D69/><U119/><E119/><V86/><F38/><W106/><G59/><T82/><D82/><U0/><E0/><V10/><F86/><W124/><G124/><T110/><D110/><U114/><E111/><V37/><F37/><W112/><G126/><T20/><D20/><U53/><E125/><V131/><F57/><W105/><G112/><T79/><D79/><U41/><E114/><V107/><F56/><W98/><G9/><T108/><D108/><U50/><E41/><V74/><F74/><W122/><G122/><T4/><D4/><U67/><E35/><V63/><F5/><W97/><G7/><T109/><D109/><U75/><E75/><V22/><F10/><W132/><G132/><T33/><D33/><U25/><E50/><V130/><F22/><W28/><G60/><T88/><D88/><U81/><E81/><V6/><F63/><W128/><G62/><T29/><D29/><U58/><E30/><V94/><F90/><W21/><G54/><RYUUKYOKU ba="1,1" sc="269,15,221,-15,250,-15,250,15" hai0="15,18,23,24,31,34,61,66,70,96,101,116,118" hai3="21,27,28,97,98,100,105,106,128,129" /><INIT seed="0,2,1,3,5,62" ten="284,206,235,265" oya="0" hai0="135,68,7,26,55,132,25,127,52,54,72,76,134" hai1="46,67,94,126,10,50,112,121,31,2,13,103,61" hai2="42,70,57,104,28,44,89,27,36,24,74,123,49" hai3="34,109,125,9,105,130,22,17,73,59,69,88,71"/><T18/><D127/><U15/><E121/><V20/><F123/><W99/><G34/><T47/><D68/><U11/><E126/><V5/><F5/><W100/><G73/><T35/><D7/><U107/><E107/><V101/><F74/><W66/><G125/><T1/><D1/><U79/><E79/><V83/><F70/><W119/><G119/><T75/><D35/><U0/><E31/><V124/><F124/><W133/><G109/><T6/><D6/><U131/><E131/><V84/><F36/><W98/><G130/><T43/><D76/><U106/><E106/><V32/><F57/><W93/><G133/><T40/><D18/><U37/><E37/><V19/><F104/><W16/><G9/><N who="1" m="3082" /><E112/><V97/><F97/><W4/><G4/><T86/><D86/><U128/><E128/><V60/><F60/><W58/><G17/><T116/><D116/><U8/><N who="1" m="3090" /><U3/><DORA hai="114" /><E3/><V45/><F45/><W14/><REACH who="3" step="1"/><G71/><REACH who="3" ten="284,206,235,255" step="2"/><T96/><D72/><U129/><E129/><V122/><F122/><W41/><G41/><T63/><D75/><U12/><E0/><V48/><F32/><W113/><G113/><T80/><D43/><N who="1" m="24927" /><E2/><V90/><F42/><W110/><G110/><T39/><D40/><U77/><E13/><V21/><F27/><W30/><G30/><T115/><D25/><U82/><E12/><V56/><F28/><W108/><G108/><T23/><D26/><U64/><E15/><V87/><F24/><W92/><G92/><T29/><D135/><U120/><E94/><N who="2" m="54567" /><F19/><W117/><G117/><T78/><D134/><RYUUKYOKU ba="2,2" sc="284,-10,206,-10,235,-10,255,30" hai3="14,16,22,58,59,66,69,88,93,98,99,100,105" /><INIT seed="1,3,2,5,5,127" ten="274,196,225,285" oya="1" hai0="12,63,73,18,16,4,7,24,114,59,20,78,71" hai1="10,64,133,107,35,17,32,80,131,47,8,121,53" hai2="87,126,88,14,123,134,100,57,68,26,82,54,93" hai3="6,46,128,97,103,90,79,77,2,38,11,135,91"/><U60/><E121/><V25/><F123/><W40/><G135/><T70/><D114/><U52/><E107/><V122/><F68/><W23/><G128/><T92/><D71/><U74/><E74/><V111/><F122/><W31/><G79/><T115/><D70/><U61/><E133/><V34/><F111/><W98/><G98/><T94/><D73/><U86/><E131/><V116/><F116/><W22/><G77/><T55/><D78/><U65/><E47/><V28/><F134/><W3/><G3/><T39/><D39/><U66/><E17/><V117/><F117/><W108/><G108/><T109/><D115/><U132/><E132/><V49/><F126/><W58/><G58/><T41/><D41/><U89/><E35/><V106/><F25/><W125/><G125/><T43/><D43/><U37/><E32/><V19/><F106/><W27/><G22/><N who="0" m="11527" /><D109/><U72/><E72/><V50/><F100/><W76/><G76/><T69/><D69/><U5/><E5/><AGARI ba="3,2" hai="4,5,7,18,20,24,55,59,63,92,94" m="11527" machi="5" ten="30,2000,0" yaku="8,1,54,1" doraHai="127" who="0" fromWho="1" sc="274,49,196,-29,225,0,285,0" /><INIT seed="2,0,0,4,1,130" ten="323,167,225,285" oya="2" hai0="41,84,50,29,72,76,42,133,110,1,108,71,64" hai1="37,75,32,63,8,31,73,132,57,105,26,65,69" hai2="77,49,25,123,94,115,43,96,36,10,15,62,78" hai3="102,59,104,9,79,114,87,122,30,97,44,134,118"/><V23/><F115/><W13/><G118/><T98/><D72/><U83/><E57/><V68/><F36/><W54/><G122/><T93/><D1/><U135/><E105/><V21/><F123/><W60/><G30/><T61/><D29/><U5/><E37/><V3/><F3/><W18/><G114/><T53/><D84/><U17/><E17/><V99/><F68/><W81/><REACH who="3" step="1"/><G44/><REACH who="3" ten="323,167,225,275" step="2"/><T39/><D108/><U11/><E11/><V14/><F10/><W24/><G24/><T82/><D110/><U103/><E103/><V112/><F25/><W74/><G74/><N who="1" m="28170" /><E83/><V86/><F112/><W33/><G33/><T45/><D82/><U35/><E35/><V106/><F78/><W113/><G113/><T128/><D76/><U117/><E117/><V6/><F77/><W58/><G58/><T38/><D128/><U85/><E85/><V124/><F86/><W51/><G51/><T2/><D38/><U88/><E88/><V48/><F49/><W89/><G89/><T46/><D39/><U120/><E120/><V67/><F48/><W47/><G47/><T129/><D46/><U16/><E16/><V0/><F96/><W70/><G70/><T119/><D98/><U125/><E125/><V56/><F99/><W34/><G34/><T19/><D45/><U22/><E22/><V20/><F124/><W121/><G121/><T91/><D71/><U127/><E127/><V52/><F23/><W131/><G131/><T109/><D129/><U55/><E55/><V111/><F21/><W40/><G40/><T107/><D119/><U101/><E101/><RYUUKYOKU ba="0,1" sc="323,-15,167,15,225,-15,275,15" hai1="5,8,26,31,32,63,65,69,132,135" hai3="9,13,18,54,59,60,79,81,87,97,102,104,134" /><INIT seed="3,1,1,1,3,72" ten="308,182,210,290" oya="3" hai0="14,135,134,84,122,59,131,5,8,22,23,112,9" hai1="32,27,114,116,60,75,50,20,66,55,58,30,6" hai2="13,123,43,1,42,108,107,95,65,77,126,57,67" hai3="90,61,86,18,26,124,35,118,91,4,41,68,10"/><W79/><G118/><T81/><D122/><U106/><E114/><V70/><F1/><W105/><G105/><T82/><D131/><U80/><E116/><V113/><F107/><W88/><G41/><T101/><D101/><U2/><E106/><V85/><F113/><W111/><G111/><T69/><D69/><U11/><E75/><V71/><F108/><W36/><G36/><T92/><D92/><U56/><REACH who="1" step="1"/><E80/><REACH who="1" ten="308,172,210,290" step="2"/><N who="2" m="47247" /><F123/><W96/><G124/><T21/><D112/><U37/><E37/><V7/><F126/><W64/><G96/><T125/><D125/><U62/><E62/><N who="2" m="38095" /><F71/><W38/><G38/><T129/><D129/><U54/><E54/><V97/><F70/><W29/><G86/><T132/><D84/><U83/><E83/><V12/><F67/><W102/><G68/><T130/><D130/><U94/><E94/><V49/><F49/><W120/><G120/><T24/><D82/><U87/><E87/><V34/><F34/><AGARI ba="1,2" hai="2,6,11,20,27,30,32,34,50,55,56,58,60,66" machi="34" ten="40,2600,0" yaku="1,1,53,1" doraHai="72" doraHaiUra="3" who="1" fromWho="2" sc="308,0,172,49,210,-29,290,0" owari="308,41.0,221,-18.0,181,-32.0,290,9.0" /></mjloggm>