<mjloggm ver="2.3"><GO type="169" lobby="0"/><UN n0="%E6%89%8B%E5%BD%B9%E3%82%A2%E3%83%BC%E3%83%86%E3%82%A3%E3%82%B9%E3%83%88" n1="%E3%83%8A%E3%83%A9" n2="%E3%83%8D%E3%83%BC%E3%83%A0%E3%83%AC%E3%82%B9%EF%BC%97" n3="%E5%B0%B1%E6%B4%BB%E7%94%9F%40%E5%B7%9D%E6%9D%91%E8%BB%8D%E5%9B%A3" dan="16,17,17,17" rate="2108.40,2118.40,2155.96,2241.76" sx="M,M,M,M"/><TAIKYOKU oya="0"/><INIT seed="0,0,0,0,1,132" ten="250,250,250,250" oya="0" hai0="133,9,82,40,59,89,0,117,17,19,106,85,2" hai1="56,60,61,113,76,71,41,101,95,48,134,30,72" hai2="39,32,118,87,111,107,8,109,128,131,37,6,24" hai3="16,108,94,84,14,69,74,62,96,97,120,99,11"/><T51/><D117/><U52/><E134/><V53/><F107/><W68/><G74/><T35/><D133/><U33/><E113/><V10/><F118/><W70/><G108/><N who="2" m="41545" /><F87/><W91/><REACH who="3" step="1"/><G120/><REACH who="3" ten="250,250,250,240" step="2"/><T49/><D35/><U47/><E72/><V105/><F32/><W88/><G88/><T5/><D106/><U81/><E33/><V31/><F105/><W86/><G86/><T55/><REACH who="0" step="1"/><D2/><REACH who="0" ten="240,250,250,240" step="2"/><U75/><E30/><V129/><F31/><W36/><G36/><T54/><D54/><U79/><E52/><V104/><F104/><W58/><G58/><T80/><D80/><U130/><E56/><V25/><F53/><W93/><G93/><T116/><D116/><U124/><E95/><V90/><F39/><W27/><G27/><T34/><D34/><U63/><E81/><V42/><F37/><W12/><G12/><T38/><D38/><U15/><E15/><V102/><F25/><W126/><G126/><T22/><D22/><U45/><E124/><V50/><F24/><W110/><G110/><T127/><D127/><U103/><E47/><AGARI ba="0,2" hai="0,5,9,17,19,40,47,49,51,55,59,82,85,89" machi="47" ten="40,2000,0" yaku="1,1,53,0" doraHai="132" doraHaiUra="66" who="0" fromWho="1" sc="240,40,250,-20,250,0,240,0" /><INIT seed="0,1,0,0,3,19" ten="280,230,250,240" oya="0" hai0="46,87,80,96,74,38,61,92,0,12,53,95,134" hai1="126,131,93,36,77,20,128,55,58,5,32,99,91" hai2="69,2,48,4,105,115,102,23,129,110,41,62,109" hai3="94,106,26,97,6,121,60,1,84,27,44,133,116"/><T8/><D134/><U67/><E126/><V33/><F33/><W107/><G116/><T25/><D74/><U119/><E119/><V75/><F115/><W63/><G1/><T52/><D0/><U40/><E32/><V15/><F75/><W113/><G6/><T49/><D38/><U16/><E77/><V78/><F78/><W22/><G113/><T118/><D118/><U59/><E5/><V34/><F34/><W83/><G133/><T56/><D96/><U73/><E73/><V125/><F2/><W127/><G127/><T70/><D70/><U14/><E67/><V98/><F125/><W64/><G27/><T37/><D37/><U65/><E65/><V72/><F72/><W43/><G106/><T81/><D25/><U9/><E9/><V24/><F129/><N who="1" m="49737" /><E55/><V51/><F69/><W132/><G107/><T66/><D53/><U114/><E114/><V89/><F62/><W29/><G132/><T120/><D120/><U50/><E50/><V47/><F51/><N who="3" m="27039" /><G64/><T112/><D112/><U45/><AGARI ba="1,0" hai="14,16,20,36,40,45,58,59,91,93,99" m="49737" machi="45" ten="30,4000,0" yaku="19,1,52,1,54,1" doraHai="19" who="1" fromWho="1" sc="280,-21,230,43,250,-11,240,-11" /><INIT seed="1,0,0,1,1,22" ten="259,273,239,229" oya="1" hai0="34,112,12,38,33,111,120,56,43,69,31,20,129" hai1="89,35,39,83,11,103,5,104,0,88,92,4,107" hai2="95,126,105,71,110,29,50,45,99,17,51,64,93" hai3="3,10,67,128,21,72,119,8,133,78,81,76,55"/><U132/><E132/><V36/><F110/><W94/><G128/><T25/><D112/><U59/><E39/><V118/><F118/><W98/><G3/><T30/><D111/><U7/><E35/><V100/><F126/><W77/><G133/><T125/><D69/><U109/><E109/><V91/><F29/><W116/><G67/><T62/><D125/><U60/><E103/><V13/><F36/><W27/><G81/><T66/><D129/><U131/><E131/><V86/><F105/><W2/><G72/><T122/><D12/><U47/><E47/><V6/><F6/><W32/><G32/><T58/><D58/><U14/><E0/><V102/><F102/><W97/><G55/><T74/><D74/><U106/><E83/><V117/><F117/><N who="3" m="45131" /><G2/><T96/><D96/><N who="3" m="36969" /><G94/><T80/><D80/><U41/><E41/><V9/><REACH who="2" step="1"/><F45/><REACH who="2" ten="259,273,229,229" step="2"/><W26/><G21/><T40/><D38/><U63/><E5/><V87/><F87/><W75/><G75/><T134/><D134/><U79/><E4/><V44/><F44/><W108/><G108/><T121/><D20/><U115/><E104/><V65/><F65/><W57/><G57/><T68/><D56/><U70/><E106/><V82/><F82/><W130/><G130/><T113/><D113/><U28/><E115/><V85/><F85/><W15/><G10/><T124/><D124/><U73/><E107/><V135/><F135/><W37/><G37/><T54/><D31/><U23/><E59/><V42/><F42/><N who="0" m="15914" /><D33/><U19/><E28/><V84/><F84/><W46/><G46/><T114/><D114/><RYUUKYOKU ba="0,1" sc="259,10,273,-30,229,10,229,10" hai0="25,30,34,54,62,66,68,120,121,122" hai2="9,13,17,50,51,64,71,86,91,93,95,99,100" hai3="8,15,26,27,76,77,78" /><INIT seed="2,1,1,1,0,102" ten="269,243,239,239" oya="2" hai0="61,130,38,49,104,114,79,125,4,18,117,73,47" hai1="129,16,121,127,0,12,77,60,132,30,7,48,128" hai2="135,113,65,78,106,86,68,50,51,31,19,8,72" hai3="41,91,84,14,32,75,22,122,85,36,46,134,112"/><V83/><F113/><W107/><G32/><T6/><D114/><U33/><E121/><V71/><F106/><W111/><G75/><T10/><D38/><U96/><E132/><V74/><F135/><W70/><G112/><T2/><D130/><U59/><E127/><V40/><F31/><W109/><G70/><T11/><D125/><U87/><E48/><V103/><F103/><W62/><G134/><T64/><D18/><U39/><E39/><V116/><F116/><W89/><G62/><T42/><D117/><U95/><E7/><V69/><F65/><W93/><G107/><T21/><D21/><U99/><E0/><V58/><F50/><W23/><G122/><T56/><D104/><U88/><E30/><V97/><F97/><W57/><G57/><T67/><D79/><U115/><E33/><V29/><F29/><W45/><G14/><T133/><D73/><U76/><E115/><V80/><F80/><N who="3" m="49287" /><G46/><T17/><D17/><U98/><E128/><V123/><F123/><W82/><G82/><T5/><D133/><U100/><E100/><V27/><F58/><W43/><G43/><T110/><D110/><AGARI ba="1,1" hai="22,23,36,41,45,85,91,93,109,110,111" m="49287" machi="110" ten="30,1000,0" yaku="14,1" doraHai="102" who="3" fromWho="0" sc="269,-13,243,0,239,0,239,23" /><INIT seed="3,0,0,3,5,131" ten="256,243,239,262" oya="3" hai0="62,88,54,108,33,19,111,65,16,102,53,18,80" hai1="55,0,39,43,115,28,105,42,70,96,3,32,74" hai2="34,87,121,110,82,27,25,100,79,133,132,44,7" hai3="4,83,117,13,51,26,81,75,116,29,2,114,91"/><W123/><G123/><T112/><D33/><U122/><E115/><V106/><F121/><W57/><G114/><T67/><D102/><U120/><E55/><N who="0" m="21001" /><D112/><U126/><E126/><V40/><F110/><N who="0" m="42026" /><D62/><U86/><E43/><V113/><F113/><W61/><G2/><N who="1" m="554" /><E86/><AGARI ba="0,0" hai="16,18,19,65,67,80,86,88" m="42026,21001" machi="86" ten="40,5200,0" yaku="14,1,54,2" doraHai="131" who="0" fromWho="1" sc="256,52,243,-52,239,0,262,0" /><INIT seed="4,0,0,0,3,73" ten="308,191,239,262" oya="0" hai0="83,36,116,5,85,102,101,21,97,94,78,26,117" hai1="107,50,125,58,35,124,42,34,10,95,105,46,37" hai2="122,28,106,123,7,18,88,112,84,71,127,104,1" hai3="89,131,20,93,14,64,57,63,128,8,45,3,130"/><T4/><D36/><U90/><E10/><V81/><F71/><W17/><G45/><T76/><D102/><U118/><E118/><V65/><F65/><W0/><REACH who="3" step="1"/><G8/><REACH who="3" ten="308,191,239,252" step="2"/><T129/><D129/><U25/><E124/><V103/><F127/><W82/><G82/><T32/><D117/><U126/><E125/><V59/><F123/><W60/><G60/><T49/><D116/><U24/><E126/><V109/><F122/><W23/><G23/><T91/><D32/><U68/><E34/><V13/><F81/><W16/><G16/><N who="0" m="12583" /><D49/><U33/><E33/><V12/><F18/><W27/><G27/><T75/><D75/><U41/><E25/><V99/><F109/><W19/><G19/><T47/><D47/><U38/><E35/><V67/><F112/><W86/><AGARI ba="0,1" hai="0,3,14,17,20,57,63,64,86,89,93,128,130,131" machi="86" ten="30,4000,0" yaku="1,1,0,1,19,1,53,0" doraHai="73" doraHaiUra="39" who="3" fromWho="3" sc="308,-20,191,-10,239,-10,252,50" /><INIT seed="5,0,0,5,2,56" ten="288,181,229,302" oya="1" hai0="49,62,30,106,0,117,23,28,101,94,71,127,29" hai1="40,97,50,51,66,70,116,130,131,86,133,41,21" hai2="7,109,1,59,122,17,20,107,80,5,8,121,124" hai3="54,92,82,42,27,45,24,38,57,125,37,96,123"/><U10/><E116/><V118/><F118/><W103/><G123/><T34/><D117/><U47/><E133/><V79/><F109/><W88/><G37/><T119/><D119/><U111/><E111/><V26/><F107/><W16/><G125/><T67/><D0/><U102/><E10/><V105/><F105/><W120/><G120/><T104/><D127/><U4/><E4/><V113/><F124/><W91/><G82/><T108/><D108/><U61/><E86/><V93/><F113/><W72/><G72/><T31/><D34/><U126/><E126/><V60/><F7/><W19/><G24/><T63/><D49/><U69/><E21/><V112/><F93/><W132/><G132/><T3/><D3/><U25/><E25/><V128/><F128/><N who="1" m="49193" /><E97/><V53/><REACH who="2" step="1"/><F112/><REACH who="2" ten="288,181,219,302" step="2"/><W74/><G74/><AGARI ba="0,1" hai="1,5,8,17,20,26,53,59,60,74,79,80,121,122" machi="74" ten="30,8000,1" yaku="1,1,2,1,7,1,52,1,53,1" doraHai="56" doraHaiUra="52" who="2" fromWho="3" sc="288,0,181,0,219,90,302,-80" /><INIT seed="6,0,0,0,1,37" ten="288,181,309,222" oya="2" hai0="61,39,21,56,92,38,87,28,79,110,70,101,23" hai1="1,49,116,129,131,25,22,53,64,29,86,84,47" hai2="4,69,59,106,108,15,88,132,73,78,40,35,10" hai3="82,103,58,6,63,75,121,81,26,112,91,18,80"/><V85/><F69/><W5/><G121/><T83/><D110/><U30/><E116/><V2/><F35/><W46/><G75/><T54/><D70/><U13/><E1/><V119/><F106/><W105/><G105/><T89/><D101/><U31/><E64/><V104/><F119/><W74/><G74/><T20/><REACH who="0" step="1"/><D28/><REACH who="0" ten="278,181,309,222" step="2"/><U102/><E102/><V124/><F108/><W135/><G103/><T67/><D67/><U96/><E96/><AGARI ba="0,1" hai="20,21,23,38,39,54,56,61,79,83,87,89,92,96" machi="96" ten="40,2600,0" yaku="1,1,53,1" doraHai="37" doraHaiUra="77" who="0" fromWho="1" sc="278,36,181,-26,309,0,222,0" /><INIT seed="7,0,0,1,2,72" ten="314,155,309,222" oya="3" hai0="100,34,35,15,76,31,120,91,14,114,54,87,41" hai1="117,97,60,82,1,24,92,29,20,95,39,121,101" hai2="7,59,33,84,55,109,86,69,79,105,75,44,113" hai3="134,4,81,115,93,106,40,50,11,70,5,112,17"/><W90/><G106/><T28/><D120/><U12/><E121/><V128/><F109/><W65/><G134/><T78/><D114/><U118/><E1/><V3/><F69/><W71/><G17/><T64/><D64/><U80/><E39/><V73/><F105/><W42/><G81/><T116/><D116/><U21/><E60/><V131/><F33/><W51/><G11/><T13/><D41/><U27/><E12/><V124/><F113/><W62/><G93/><T2/><D2/><U46/><E46/><V85/><F124/><W58/><G90/><T52/><D100/><U26/><E26/><V67/><F67/><W102/><G102/><T89/><D14/><U25/><E25/><V104/><F104/><W45/><G5/><T108/><D87/><U103/><REACH who="1" step="1"/><E29/><REACH who="1" ten="314,145,309,222" step="2"/><V8/><F44/><N who="3" m="25863" /><G4/><T9/><D108/><U30/><E30/><V47/><F47/><W10/><G112/><T37/><D37/><U125/><E125/><V63/><F3/><W56/><G115/><T111/><D111/><U77/><E77/><V126/><F126/><W74/><G62/><T57/><D28/><U110/><E110/><V53/><F79/><W83/><G45/><T66/><D31/><U0/><E0/><V32/><F7/><W107/><G42/><T130/><D76/><U38/><E38/><V19/><F32/><W23/><G51/><T94/><D78/><U88/><E88/><V96/><F63/><W18/><G70/><T36/><D91/><U49/><E49/><V129/><F129/><W122/><G71/><T132/><D130/><N who="2" m="49706" /><F75/><W99/><G122/><RYUUKYOKU ba="0,1" sc="314,-10,145,30,309,-10,222,-10" hai1="20,21,24,27,80,82,92,95,97,101,103,117,118" owari="314,41.0,175,-32.0,299,10.0,212,-19.0" /></mjloggm>