<mjloggm ver="2.3"><GO type="169" lobby="0"/><UN n0="%E3%82%A6%E3%83%AB%E3%83%88%E3%83%A9%E7%AB%8B%E7%9B%B4" n1="%68%61%79%61%74%6F%E2%98%86" n2="%7A%65%52%6F" n3="%E3%81%97%E3%82%8D%E3%81%9F%E3%82%93%E3%81%8C%E3%81%84%E3%81%84%E3%81%8A" dan="18,16,16,16" rate="2199.60,2162.01,2103.22,2111.54" sx="M,M,M,F"/><TAIKYOKU oya="0"/><INIT seed="0,0,0,2,5,109" ten="250,250,250,250" oya="0" hai0="76,59,98,1,86,22,26,121,24,83,27,120,13" hai1="54,35,81,91,96,8,134,89,85,10,92,113,44" hai2="12,30,75,66,43,62,39,87,15,40,118,52,67" hai3="97,36,95,135,23,84,131,70,94,130,17,38,34"/><T119/><D1/><U11/><E35/><V29/><F75/><W31/><G70/><T41/><D119/><U127/><E127/><V100/><F100/><W51/><G34/><T45/><D59/><U107/><E107/><V116/><F87/><W60/><G31/><T57/><D57/><U106/><E106/><V71/><F62/><W9/><G9/><T110/><D110/><U104/><E104/><V82/><F82/><W61/><G51/><T33/><D33/><U19/><E134/><V111/><F111/><W126/><G135/><T73/><D73/><U125/><E125/><V112/><F71/><W65/><G126/><T58/><D58/><U105/><E105/><V80/><F80/><W28/><G28/><T124/><D124/><U0/><E0/><V77/><F77/><W128/><G84/><T18/><REACH who="0" step="1"/><D98/><REACH who="0" ten="240,250,250,250" step="2"/><U47/><E96/><V42/><F118/><W93/><G97/><T7/><D7/><U5/><E5/><V63/><F116/><W101/><G101/><T64/><D64/><U50/><E47/><V72/><F67/><W25/><G61/><T74/><D74/><U53/><E44/><V16/><F72/><W117/><G117/><T32/><D32/><U21/><E85/><V103/><F103/><W3/><G3/><T68/><D68/><U78/><E92/><V46/><F46/><W114/><G60/><T56/><D56/><U99/><E99/><V122/><F63/><W49/><G65/><T133/><D133/><U108/><E108/><V90/><F66/><W20/><G94/><T2/><D2/><U88/><E81/><RYUUKYOKU ba="0,1" sc="240,30,250,-10,250,-10,250,-10" hai0="13,18,22,24,26,27,41,45,76,83,86,120,121" /><INIT seed="0,1,1,5,0,90" ten="270,240,240,240" oya="0" hai0="17,71,9,12,92,76,52,123,104,47,88,32,25" hai1="126,27,135,114,49,68,97,59,33,67,108,94,70" hai2="99,109,118,128,11,78,19,127,60,38,81,75,39" hai3="7,62,100,131,3,24,124,45,80,133,5,106,72"/><T26/><D104/><U54/><E114/><V63/><F118/><W112/><G24/><N who="0" m="9323" /><D71/><U66/><E126/><V119/><F119/><W91/><G45/><T98/><D32/><U18/><E135/><V16/><F127/><W8/><G62/><T31/><D123/><U61/><E108/><V34/><F34/><W53/><G53/><T37/><D37/><U85/><E85/><V120/><F120/><W116/><G7/><T110/><D110/><U56/><E66/><V41/><F109/><W96/><G91/><T40/><D76/><U134/><E134/><V130/><F41/><W22/><G22/><T29/><D40/><U105/><E105/><V23/><F23/><W65/><G65/><T129/><D129/><N who="2" m="49770" /><F39/><W102/><G131/><T95/><D95/><U51/><E51/><AGARI ba="1,1" hai="9,12,17,29,31,47,51,52,88,92,98" m="9323" machi="51" ten="30,11600,0" yaku="8,1,52,1,54,2" doraHai="90" who="0" fromWho="1" sc="270,129,240,-119,240,0,240,0" /><INIT seed="0,2,0,0,3,129" ten="399,121,240,240" oya="0" hai0="52,28,5,84,81,11,6,61,71,41,58,34,12" hai1="104,16,60,82,21,9,86,18,80,66,90,72,75" hai2="62,121,127,23,78,79,32,114,57,8,19,15,68" hai3="96,107,101,76,13,123,100,54,3,73,116,87,39"/><T49/><D34/><U83/><E104/><V40/><F32/><W45/><G3/><T42/><D28/><U132/><E75/><V95/><F114/><W64/><G116/><T131/><D131/><U27/><E72/><V31/><F121/><W26/><G123/><T93/><D93/><U53/><E53/><V67/><F127/><W25/><G101/><T135/><D135/><U74/><E74/><V1/><F40/><W134/><G134/><T118/><D118/><U47/><E47/><V108/><F108/><W119/><G119/><T43/><D71/><U30/><E132/><V94/><F68/><W113/><G73/><T63/><REACH who="0" step="1"/><D6/><REACH who="0" ten="389,121,240,240" step="2"/><U98/><E98/><V109/><F109/><W10/><G113/><T33/><D33/><U115/><E115/><V128/><F94/><W0/><G107/><T37/><D37/><U124/><E124/><V110/><F110/><W77/><G96/><T102/><D102/><U36/><E36/><V70/><F70/><W35/><G39/><T29/><D29/><U117/><E117/><V111/><F128/><W56/><G35/><T59/><D59/><U88/><E30/><V97/><F111/><W106/><G56/><T7/><D7/><U20/><E83/><V133/><F133/><W126/><G106/><T50/><D50/><U46/><E82/><V2/><F95/><W105/><G105/><T44/><D44/><U65/><E46/><V14/><F97/><W17/><G45/><T51/><D51/><U122/><E80/><V89/><F57/><W91/><G126/><T103/><D103/><U69/><E69/><RYUUKYOKU ba="2,1" sc="389,30,121,-10,240,-10,240,-10" hai0="5,11,12,41,42,43,49,52,58,61,63,81,84" /><INIT seed="0,3,1,5,2,83" ten="419,111,230,230" oya="0" hai0="70,16,135,39,44,104,55,47,22,118,133,105,23" hai1="4,9,64,61,99,54,57,125,87,94,40,108,111" hai2="90,36,96,1,77,18,129,95,3,56,117,126,68" hai3="86,107,42,10,38,130,32,29,80,132,69,79,78"/><T41/><D70/><U71/><E125/><V45/><F68/><W25/><G107/><T53/><D118/><U33/><E33/><V62/><F126/><W112/><G112/><T113/><D113/><U27/><E27/><V5/><F77/><W97/><G69/><T76/><D76/><U123/><E40/><V127/><F127/><W11/><G130/><T34/><D34/><U35/><E35/><V116/><F129/><W85/><G132/><N who="0" m="50763" /><D23/><U101/><E123/><V48/><F36/><W12/><G97/><T114/><D114/><U128/><E128/><V20/><F5/><W60/><G60/><T50/><D55/><U24/><E24/><AGARI ba="3,1" hai="16,22,24,39,41,44,47,50,53,104,105" m="50763" machi="24" ten="30,2900,0" yaku="20,1,54,1" doraHai="83" who="0" fromWho="1" sc="419,48,111,-38,230,0,230,0" /><INIT seed="0,4,0,5,1,58" ten="467,73,230,230" oya="0" hai0="61,78,81,9,3,54,68,71,0,27,112,28,115" hai1="90,109,12,92,128,70,74,63,62,94,93,10,103" hai2="75,1,6,33,108,91,39,60,42,83,20,45,99" hai3="82,37,101,118,117,85,23,125,133,29,56,24,86"/><T49/><D112/><U116/><E74/><V2/><F33/><W73/><G37/><T14/><D115/><U95/><E116/><V134/><F134/><W59/><G133/><T72/><D3/><U96/><E70/><V30/><F108/><W107/><G125/><T119/><D0/><U4/><E109/><V111/><F111/><W88/><G73/><T123/><D123/><U16/><E128/><V40/><F40/><W21/><G117/><T26/><D119/><U64/><E64/><V129/><F129/><W51/><G118/><T17/><D61/><N who="1" m="23051" /><E4/><V19/><F6/><W57/><G101/><AGARI ba="4,0" hai="10,12,16,90,92,93,94,95,96,101,103" m="23051" machi="101" ten="30,8000,1" yaku="8,1,52,3,54,1" doraHai="58" who="1" fromWho="3" sc="467,0,73,92,230,0,230,-92" /><INIT seed="1,0,0,1,5,81" ten="467,165,230,138" oya="1" hai0="75,129,55,4,45,66,86,76,48,35,130,37,94" hai1="124,135,89,52,113,44,127,51,18,83,7,74,119" hai2="16,20,102,46,98,80,92,22,50,125,19,122,108" hai3="23,126,114,26,73,132,63,103,85,31,107,91,47"/><U53/><E119/><V71/><F122/><W58/><G73/><T72/><D35/><U87/><E113/><V60/><F125/><N who="1" m="48201" /><E135/><V21/><F108/><W57/><G126/><T88/><D4/><U12/><E7/><V97/><F71/><W3/><G132/><T10/><D10/><N who="1" m="6423" /><E74/><V120/><F120/><W61/><G3/><T131/><D66/><U68/><E68/><V111/><F111/><W128/><G114/><T115/><D115/><U104/><E104/><V90/><F60/><W116/><G116/><T110/><D110/><U106/><E106/><V93/><REACH who="2" step="1"/><F80/><REACH who="2" ten="467,165,220,138" step="2"/><W33/><G128/><T28/><D131/><U105/><E105/><V101/><F101/><W62/><G107/><T11/><D130/><U0/><E0/><V109/><F109/><W123/><G103/><T79/><D129/><U118/><E118/><V32/><F32/><W84/><G123/><T112/><D112/><U2/><E2/><V99/><F99/><W36/><G33/><T34/><D34/><U1/><E1/><V78/><F78/><W54/><G63/><T17/><D79/><U56/><E56/><V38/><F38/><W27/><G91/><T40/><D76/><U42/><AGARI ba="0,1" hai="42,44,51,52,53,83,87,89" m="6423,48201" machi="42" ten="30,6000,0" yaku="18,1,52,1,54,1" doraHai="81" who="1" fromWho="1" sc="467,-20,165,70,220,-20,138,-20" /><INIT seed="1,1,0,4,4,67" ten="447,235,200,118" oya="1" hai0="47,73,4,80,58,71,111,74,98,64,75,94,117" hai1="37,61,8,124,82,131,109,27,25,22,66,119,130" hai2="68,63,93,19,79,85,86,105,92,21,12,16,9" hai3="40,115,49,106,2,81,33,26,118,125,89,127,6"/><U55/><E119/><V128/><F105/><W46/><G106/><T36/><D117/><U133/><E37/><V14/><F128/><N who="1" m="49193" /><E55/><V11/><F63/><W34/><G118/><T87/><D4/><U44/><E44/><V32/><F32/><W41/><G115/><T132/><D58/><U102/><E102/><V51/><F68/><W53/><G6/><T65/><D71/><U91/><E109/><V56/><F21/><W31/><G2/><T135/><D111/><U100/><E100/><V17/><F17/><W24/><G81/><T23/><D47/><U50/><E50/><V120/><F120/><W69/><G69/><T88/><D36/><U121/><E121/><V13/><F13/><W126/><REACH who="3" step="1"/><G89/><REACH who="3" ten="447,235,200,108" step="2"/><T29/><D80/><U129/><E82/><V84/><F79/><W76/><G76/><T7/><D88/><U15/><E91/><V101/><F101/><W18/><G18/><T43/><D7/><U112/><E112/><V107/><F107/><W114/><G114/><T90/><D90/><U54/><E129/><V83/><F83/><W20/><G20/><T38/><D23/><U1/><E22/><V97/><F97/><W123/><G123/><T62/><D98/><U5/><E1/><V95/><F86/><W39/><G39/><T77/><D87/><U10/><E5/><V72/><F72/><W42/><G42/><T108/><D75/><U116/><E116/><V48/><F93/><W45/><G45/><T3/><D74/><U28/><E10/><V113/><F113/><W104/><G104/><T52/><D73/><U70/><E8/><RYUUKYOKU ba="1,1" sc="447,-15,235,-15,200,15,108,15" hai2="9,11,12,14,16,19,48,51,56,84,85,92,95" hai3="24,26,31,33,34,40,41,46,49,53,125,126,127" /><INIT seed="2,2,1,4,1,115" ten="432,220,215,123" oya="2" hai0="132,84,19,13,32,45,61,94,41,68,5,63,77" hai1="35,56,47,0,28,50,43,58,95,92,102,75,111" hai2="54,51,121,103,8,79,2,18,86,7,131,57,16" hai3="98,24,37,126,34,59,67,25,36,127,72,9,97"/><V101/><F121/><W135/><G72/><T90/><D32/><U71/><E71/><V83/><REACH who="2" step="1"/><F131/><REACH who="2" ten="432,220,205,123" step="2"/><W21/><G135/><T80/><D132/><U12/><E111/><V124/><F124/><W109/><G127/><T117/><D68/><U99/><E75/><V112/><F112/><W118/><G126/><T85/><D5/><U62/><E0/><V27/><F27/><W105/><G24/><T116/><D116/><U15/><E35/><V88/><F88/><W107/><G25/><T73/><D117/><U30/><E15/><V4/><F4/><W39/><G34/><T129/><D73/><U26/><E12/><V119/><F119/><W128/><G118/><T114/><D129/><U40/><E26/><V46/><F46/><W82/><G128/><T3/><D3/><U76/><E76/><V29/><F29/><W17/><G109/><T48/><D114/><U11/><E30/><V122/><F122/><W66/><G105/><T93/><D13/><U133/><E28/><V96/><F96/><W125/><G98/><T106/><D106/><U120/><E133/><V31/><F31/><W42/><G97/><T1/><D1/><U130/><E120/><V38/><F38/><W20/><G107/><T6/><D6/><U55/><E130/><V113/><F113/><W14/><G37/><T123/><D123/><U22/><E99/><V60/><F60/><N who="0" m="23114" /><D19/><AGARI ba="2,2" hai="2,7,8,16,18,19,51,54,57,79,83,86,101,103" machi="19" ten="40,3900,0" yaku="1,1,54,1,53,0" doraHai="115" doraHaiUra="10" who="2" fromWho="0" sc="432,-45,220,0,205,65,123,0" /><INIT seed="2,3,0,5,2,61" ten="387,220,270,123" oya="2" hai0="57,107,111,109,37,21,69,99,16,18,2,108,101" hai1="73,89,45,38,28,128,125,123,59,62,134,10,44" hai2="114,22,92,51,82,4,17,93,25,129,13,133,64" hai3="124,47,78,75,91,70,84,52,96,65,46,100,68"/><V132/><F114/><W23/><G124/><T112/><D69/><U103/><E73/><V53/><F129/><W40/><G78/><T43/><D2/><U6/><E123/><V7/><F82/><W71/><G75/><T135/><D112/><U0/><E125/><V9/><F4/><W27/><G96/><T119/><D135/><N who="2" m="51786" /><F64/><W5/><G100/><T102/><D102/><U86/><E134/><V58/><AGARI ba="3,0" hai="7,9,13,17,22,25,51,53,58,92,93" m="51786" machi="58" ten="30,1500,0" yaku="20,1" doraHai="61" who="2" fromWho="2" sc="387,-8,220,-8,270,24,123,-8" /><INIT seed="2,4,0,1,2,75" ten="379,212,294,115" oya="2" hai0="40,16,103,6,12,116,119,1,19,5,125,89,77" hai1="56,34,38,68,24,100,11,60,131,110,123,32,80" hai2="23,9,29,54,43,92,69,102,27,95,41,3,127" hai3="121,72,50,48,82,126,15,8,74,67,28,78,71"/><V87/><F69/><W55/><G121/><T122/><D103/><U90/><E68/><V63/><F127/><W135/><G126/><T30/><D40/><U134/><E38/><V46/><F3/><W70/><G135/><T98/><D122/><U17/><E123/><V39/><F102/><W101/><G101/><T107/><D30/><U124/><E124/><V105/><F105/><W88/><G72/><T81/><D19/><U22/><E100/><V44/><F9/><W36/><G36/><T14/><D14/><U21/><E134/><V117/><F117/><N who="0" m="45130" /><D1/><U104/><E104/><V106/><F106/><W96/><G28/><T58/><D58/><U128/><E11/><V113/><F113/><W86/><G96/><T13/><D13/><U73/><E22/><V76/><F43/><W79/><G50/><T112/><D112/><U64/><E110/><V35/><F23/><W108/><G108/><T118/><D107/><U53/><E64/><V129/><F129/><N who="1" m="49737" /><E90/><V120/><F120/><W91/><G91/><T115/><D115/><U37/><E37/><V25/><F25/><W109/><G109/><T65/><D65/><U52/><E53/><V42/><F42/><W93/><G79/><AGARI ba="4,0" hai="17,21,24,32,34,52,56,60,73,79,80" m="49737" machi="79" ten="30,3900,0" yaku="19,1,52,1,54,1" doraHai="75" who="1" fromWho="3" sc="379,0,212,51,294,0,115,-51" /><INIT seed="3,0,0,4,4,86" ten="379,263,294,64" oya="3" hai0="46,81,114,23,106,125,16,116,14,89,135,87,95" hai1="52,15,7,45,36,111,97,62,105,39,109,6,71" hai2="37,41,51,133,30,121,112,67,131,77,68,76,59" hai3="53,34,26,82,98,58,101,75,32,123,60,63,28"/><W102/><G123/><T25/><D106/><U19/><E71/><V43/><F112/><W3/><G3/><T80/><D116/><U94/><E105/><V110/><F121/><W4/><G34/><T0/><D0/><U49/><E62/><V74/><F68/><W108/><G108/><N who="1" m="41546" /><E6/><V33/><F37/><W127/><G127/><T91/><D135/><U31/><E31/><V130/><F110/><W5/><G102/><T44/><D114/><U10/><E7/><V40/><F74/><W17/><G63/><T90/><D125/><U35/><E35/><V9/><F9/><W21/><G82/><N who="0" m="31851" /><D14/><U24/><E24/><N who="2" m="18631" /><F133/><W117/><G75/><T38/><D38/><U55/><E55/><N who="2" m="32255" /><F67/><W42/><G42/><T50/><D46/><U22/><E10/><V61/><F61/><W8/><G8/><T70/><D70/><U29/><E29/><V69/><F69/><W20/><G117/><T47/><D47/><U64/><E64/><V119/><F119/><W48/><G60/><T134/><D134/><U96/><E39/><V27/><F27/><N who="3" m="14735" /><G32/><T12/><D25/><U1/><E1/><V54/><F54/><AGARI ba="0,0" hai="12,16,23,44,50,54,87,89,90,91,95" m="31851" machi="54" ten="30,8000,1" yaku="8,1,52,3,54,1" doraHai="86" who="0" fromWho="2" sc="379,80,263,0,294,-80,64,0" /><INIT seed="4,0,0,2,3,6" ten="459,263,214,64" oya="0" hai0="34,21,11,73,123,67,71,63,114,0,23,97,80" hai1="91,8,76,35,2,22,15,132,36,18,84,92,95" hai2="38,130,37,14,83,24,50,77,107,133,70,19,121" hai3="66,52,55,87,89,33,122,13,64,116,78,9,20"/><T125/><D123/><U43/><E35/><V49/><F70/><W81/><G122/><T30/><D114/><U25/><E2/><V126/><F121/><W27/><G33/><T120/><D23/><U7/><E132/><V118/><F118/><W46/><G116/><T17/><D120/><U39/><E43/><V60/><F107/><W106/><G106/><T115/><D115/><U31/><E76/><V44/><F60/><W105/><G105/><T82/><D97/><U124/><E124/><V90/><F90/><W99/><G99/><T26/><D73/><U10/><E95/><V96/><F96/><W56/><G78/><T48/><D48/><U119/><E119/><V42/><F50/><N who="3" m="28759" /><G20/><T69/><D69/><U58/><E58/><V74/><F126/><W88/><G89/><T79/><D79/><U53/><E53/><V104/><F104/><W1/><G27/><T94/><D125/><U68/><E68/><V113/><F24/><W16/><G1/><T135/><D135/><U93/><E93/><V98/><F98/><W59/><G59/><T101/><D94/><U29/><E29/><V12/><F133/><W40/><G40/><T57/><D101/><U54/><E54/><V131/><F113/><W28/><G28/><T5/><D71/><U111/><E111/><V72/><F72/><W112/><G112/><T47/><D47/><U3/><AGARI ba="0,0" hai="3,7,8,10,15,18,22,25,31,36,39,84,91,92" machi="3" ten="20,5200,0" yaku="0,1,7,1,52,2" doraHai="6" who="1" fromWho="1" sc="459,-26,263,52,214,-13,64,-13" /><INIT seed="5,0,0,2,2,44" ten="433,315,201,51" oya="1" hai0="129,100,83,71,62,85,110,69,99,119,75,126,21" hai1="104,17,26,24,78,90,3,49,77,92,97,23,79" hai2="87,114,106,57,31,37,74,0,82,120,61,112,7" hai3="125,46,122,98,55,52,135,43,111,73,68,38,58"/><U102/><E3/><V132/><F120/><W134/><G73/><T2/><D2/><U59/><E104/><V32/><F37/><W93/><G122/><T30/><D75/><U10/><E10/><V101/><F74/><W70/><G98/><T33/><D33/><U1/><E1/><V76/><F132/><N who="3" m="50731" /><G93/><T72/><D72/><U115/><E115/><N who="2" m="44075" /><F101/><W86/><G86/><T103/><D126/><U116/><E116/><V130/><F106/><W28/><G28/><T47/><D129/><U20/><E102/><V80/><F80/><W11/><G11/><T91/><D83/><U53/><REACH who="1" step="1"/><E79/><REACH who="1" ten="433,305,201,51" step="2"/><V39/><F0/><W48/><G125/><T66/><D103/><U41/><E41/><V15/><F76/><W89/><G89/><T42/><D91/><U4/><E4/><V12/><F7/><W13/><G13/><T6/><D6/><U34/><E34/><V124/><F12/><W105/><G105/><T9/><D100/><U94/><E94/><V128/><F15/><W118/><G118/><T51/><D9/><U29/><AGARI ba="0,1" hai="17,20,23,24,26,29,49,53,59,77,78,90,92,97" machi="29" ten="20,12000,1" yaku="1,1,0,1,7,1,8,1,52,1,53,0" doraHai="44" doraHaiUra="8" who="1" fromWho="1" sc="433,-40,305,130,201,-40,51,-40" /><INIT seed="5,1,0,4,1,102" ten="393,435,161,11" oya="1" hai0="14,116,105,93,123,30,92,76,128,12,26,66,88" hai1="6,91,62,59,46,104,109,98,47,125,118,29,20" hai2="111,15,112,85,53,3,49,32,31,127,64,132,37" hai3="107,10,99,106,41,57,51,120,68,9,4,135,18"/><U122/><E118/><V1/><F37/><W40/><G120/><T43/><D116/><U86/><E122/><V55/><F111/><W34/><G34/><T17/><D123/><U121/><E121/><V70/><F127/><W0/><G68/><T28/><D105/><U94/><E109/><V54/><F132/><W103/><G135/><T126/><D126/><U65/><E6/><V101/><F101/><W69/><G69/><T13/><D128/><U42/><E125/><V7/><F49/><W56/><G106/><T96/><D76/><U131/><E131/><V129/><F129/><W63/><G51/><T38/><D66/><U95/><E104/><V27/><F112/><W24/><G57/><T110/><D110/><U83/><E42/><V5/><F5/><W2/><G2/><T72/><D72/><U58/><E58/><V25/><F25/><W39/><G39/><T23/><REACH who="0" step="1"/><D93/><REACH who="0" ten="383,435,161,11" step="2"/><U114/><E114/><V115/><F64/><W82/><G82/><T130/><D130/><U73/><E73/><V74/><F74/><W50/><G50/><T8/><D8/><U45/><E98/><V52/><F115/><W100/><G100/><T71/><D71/><U78/><E78/><V19/><F70/><W61/><G61/><T80/><D80/><U119/><E119/><V97/><F97/><W79/><G79/><T22/><D22/><U35/><E35/><V113/><F32/><W134/><G134/><T89/><D89/><U33/><E33/><V60/><N who="2" m="13312" /><DORA hai="77" /><V11/><F113/><W84/><G84/><T90/><D90/><U87/><E87/><RYUUKYOKU ba="1,1" sc="383,15,435,15,161,-15,11,-15" hai0="12,13,14,17,23,26,28,30,38,43,88,92,96" hai1="20,29,45,46,47,59,62,65,83,86,91,94,95" owari="398,20.0,460,55.0,146,-25.0,-4,-50.0" /></mjloggm>