<mjloggm ver="2.3"><GO type="169" lobby="0"/><UN n0="%E5%B0%B1%E6%B4%BB%E7%94%9F%40%E5%B7%9D%E6%9D%91%E8%BB%8D%E5%9B%A3" n1="%EF%BC%A1%E3%83%9D%E3%82%B1" n2="%E8%81%96%E7%87%90" n3="%7A%6B%75%72%74" dan="16,16,16,17" rate="2125.59,2129.35,2030.90,2157.12" sx="M,M,F,M"/><TAIKYOKU oya="0"/><INIT seed="0,0,0,3,1,106" ten="250,250,250,250" oya="0" hai0="74,129,98,111,14,81,25,57,126,109,13,105,49" hai1="131,88,86,53,21,54,9,130,128,75,83,68,82" hai2="38,112,85,90,102,134,91,29,39,51,40,127,121" hai3="95,94,34,33,72,89,41,123,125,73,0,31,17"/><T46/><D126/><U133/><E68/><V118/><F127/><W16/><G125/><T37/><D129/><U101/><E101/><V100/><F134/><W44/><G0/><T3/><D3/><U63/><E63/><V26/><F121/><W120/><G31/><T119/><D119/><U96/><E96/><V76/><F76/><W1/><G1/><T24/><D57/><U59/><E133/><V8/><F8/><W47/><G89/><T23/><D37/><U92/><E9/><V11/><F11/><W61/><G61/><T135/><D135/><U5/><E5/><V114/><F85/><W104/><G41/><T67/><D67/><U56/><E21/><V107/><F40/><W48/><G48/><T69/><D69/><U116/><E116/><V122/><F51/><W20/><G20/><T113/><D113/><U43/><E43/><V32/><F122/><W87/><G87/><T117/><D117/><U22/><E22/><V99/><F118/><W65/><G104/><T78/><D105/><U19/><E83/><V35/><F99/><W36/><G65/><T66/><D66/><U52/><E19/><V77/><F77/><AGARI ba="0,0" hai="52,53,54,56,59,75,77,82,86,88,92,128,130,131" machi="77" ten="50,8000,1" yaku="19,1,52,1,54,2" doraHai="106" who="1" fromWho="2" sc="250,0,250,80,250,-80,250,0" /><INIT seed="1,0,0,1,2,17" ten="250,330,170,250" oya="1" hai0="118,122,116,107,9,131,109,85,126,105,56,63,98" hai1="82,79,94,48,5,25,58,49,119,124,44,92,74" hai2="127,1,104,89,39,23,88,65,32,2,68,55,52" hai3="19,33,50,10,135,34,120,117,134,62,4,90,26"/><U28/><E119/><V76/><F32/><W96/><G120/><T101/><D107/><U45/><E124/><V0/><F39/><W35/><G117/><T38/><D38/><U84/><E5/><V81/><F104/><W111/><G111/><T60/><D60/><U87/><E74/><V71/><F127/><W18/><G50/><T43/><D109/><U70/><E70/><V46/><F46/><W69/><G90/><T121/><D43/><U16/><E58/><V24/><F65/><W78/><G78/><T27/><D85/><U99/><E87/><V80/><F76/><W67/><G96/><T47/><D47/><N who="1" m="17995" /><E28/><V42/><F0/><W129/><G129/><T125/><D131/><U100/><E94/><V36/><F24/><W115/><G115/><T83/><D27/><U59/><E59/><V57/><F57/><W93/><G93/><T61/><D61/><U8/><E8/><V86/><F86/><W41/><G41/><T114/><D9/><U110/><E110/><V112/><F112/><W113/><G113/><T66/><D114/><U30/><E30/><V37/><F42/><W51/><G51/><T3/><D3/><U128/><E128/><V15/><F15/><N who="3" m="5575" /><G26/><T130/><D130/><U22/><AGARI ba="0,0" hai="16,22,25,48,49,79,82,84,92,99,100" m="17995" machi="22" ten="30,6000,0" yaku="8,1,52,1,54,1" doraHai="17" who="1" fromWho="1" sc="250,-20,330,60,170,-20,250,-20" /><INIT seed="1,1,0,1,0,97" ten="230,390,150,230" oya="1" hai0="76,108,50,93,81,15,125,102,89,32,61,36,16" hai1="39,78,84,120,12,73,69,58,10,112,103,123,110" hai2="62,121,117,38,127,122,53,3,55,115,47,0,21" hai3="134,80,60,114,92,126,71,34,7,30,45,98,25"/><U20/><E69/><V23/><F117/><W14/><G114/><T72/><D36/><U48/><E39/><V68/><F38/><W41/><G134/><T13/><D32/><U105/><E73/><V29/><F47/><W17/><G126/><T54/><D125/><U56/><E112/><V33/><F127/><W111/><G111/><T129/><D129/><U28/><E110/><V22/><F33/><W79/><G7/><T107/><D108/><U87/><E123/><V90/><F29/><W133/><G133/><T88/><D61/><U83/><E87/><V77/><F77/><W31/><G31/><T1/><D1/><U132/><E120/><V124/><F124/><W100/><G60/><T95/><D15/><U4/><E132/><V86/><F62/><W49/><G71/><T85/><D107/><U59/><E48/><V35/><F68/><W75/><G14/><T128/><D128/><U94/><E105/><V63/><F63/><W37/><G37/><T91/><D102/><U5/><E5/><V42/><F35/><W2/><REACH who="3" step="1"/><G17/><REACH who="3" ten="230,390,150,220" step="2"/><T64/><D64/><U104/><E28/><V44/><F115/><W40/><G40/><T118/><D118/><U130/><E130/><V19/><F19/><W27/><G27/><T11/><REACH who="0" step="1"/><D72/><REACH who="0" ten="220,390,150,220" step="2"/><U82/><E12/><V96/><F122/><W24/><G24/><T57/><AGARI ba="1,2" hai="11,13,16,50,54,57,76,81,85,88,89,91,93,95" machi="57" ten="30,12000,2" yaku="1,1,2,1,0,1,8,1,54,2,53,1" doraHai="97" doraHaiUra="6" who="0" fromWho="0" sc="220,143,390,-61,150,-31,220,-31" /><INIT seed="2,0,0,4,1,72" ten="363,329,119,189" oya="2" hai0="35,62,108,71,107,129,128,101,105,93,44,65,15" hai1="60,47,78,24,117,96,30,124,20,125,114,126,13" hai2="10,103,118,55,106,9,6,122,40,91,74,82,85" hai3="81,134,79,95,98,110,18,46,0,4,111,42,73"/><V68/><F122/><W58/><G134/><T25/><D108/><U56/><E117/><V23/><F68/><W14/><G58/><T67/><D67/><U92/><E114/><V59/><F40/><W2/><G18/><T112/><D112/><U130/><E130/><N who="0" m="50281" /><D15/><U36/><E13/><V38/><F38/><W64/><G64/><T83/><D83/><U86/><E36/><V12/><F74/><W77/><G77/><T34/><D44/><U63/><E47/><V37/><F37/><N who="3" m="21839" /><G14/><T43/><D43/><U127/><N who="1" m="32256" /><DORA hai="21" /><U75/><E75/><V1/><F118/><W7/><G7/><T45/><D45/><U50/><E50/><V16/><F103/><N who="3" m="60895" /><G2/><T27/><D93/><U90/><E56/><V121/><F106/><N who="0" m="40458" /><D101/><U99/><E99/><V61/><F121/><W119/><G119/><T123/><D123/><U54/><E54/><V102/><F102/><W76/><G76/><T132/><D132/><U84/><REACH who="1" step="1"/><E78/><REACH who="1" ten="363,319,119,189" step="2"/><V133/><REACH who="2" step="1"/><F133/><REACH who="2" ten="363,319,109,189" step="2"/><W28/><G111/><T89/><D89/><U26/><E26/><AGARI ba="0,2" hai="25,26,27,34,35,62,65,71" m="40458,50281" machi="26" ten="30,7700,0" yaku="19,1,52,3" doraHai="72,21" who="0" fromWho="1" sc="363,97,319,-77,109,0,189,0" /><INIT seed="3,0,0,5,4,7" ten="460,242,109,189" oya="3" hai0="90,69,9,20,116,103,91,118,101,77,84,126,18" hai1="82,61,36,109,117,25,38,105,5,4,73,47,3" hai2="120,97,56,8,57,43,125,129,106,79,123,74,0" hai3="49,107,76,15,71,40,16,10,12,1,19,93,62"/><W110/><G107/><T35/><D35/><U28/><E5/><V66/><F125/><W6/><G110/><T95/><D69/><U128/><E109/><V14/><F0/><W65/><G76/><T113/><D126/><U60/><E128/><V53/><F43/><W46/><G1/><T100/><D113/><U122/><E122/><N who="2" m="46635" /><F66/><W55/><G93/><T75/><D9/><N who="1" m="2207" /><E117/><N who="0" m="45161" /><D20/><U70/><E105/><V102/><F129/><W85/><G85/><N who="0" m="52687" /><D18/><U134/><E61/><V64/><F64/><W29/><G29/><T98/><D77/><N who="1" m="44335" /><E60/><V17/><F79/><W108/><G108/><T130/><D130/><U58/><E58/><V121/><N who="2" m="46643" /><V41/><DORA hai="26" /><F57/><W11/><G6/><T80/><D75/><U132/><E70/><V44/><F74/><W23/><G23/><T68/><D68/><U78/><E78/><V45/><F41/><AGARI ba="0,0" hai="10,11,12,15,16,19,40,41,46,49,55,62,65,71" machi="41" ten="40,12000,1" yaku="9,1,52,2,54,1" doraHai="7,26" who="3" fromWho="2" sc="460,0,242,0,109,-120,189,120" owari="460,56.0,242,-16.0,-11,-51.0,309,11.0" /></mjloggm>