<mjloggm ver="2.3"><GO type="169" lobby="0"/><UN n0="%E3%83%95%E3%82%A7%E3%83%AB%E3%83%8A%E3%83%B3%E3%83%89" n1="%E3%81%84%E3%81%97%E3%82%82%E3%82%8A" n2="%E3%82%A6%E3%83%AB%E3%83%88%E3%83%A9%E7%AB%8B%E7%9B%B4" n3="%E5%B0%8F%E5%A4%9C%E5%81%A5%E5%A4%AA" dan="17,16,17,16" rate="2194.53,2082.21,2170.27,2035.03" sx="M,M,M,M"/><TAIKYOKU oya="0"/><INIT seed="0,0,0,5,4,3" ten="250,250,250,250" oya="0" hai0="29,11,70,13,131,33,40,128,34,22,37,0,92" hai1="95,46,100,64,93,66,103,77,15,111,62,26,44" hai2="85,6,42,75,54,68,45,5,1,124,121,10,87" hai3="82,127,2,114,59,19,58,50,126,71,52,36,98"/><T119/><D70/><U80/><E111/><V118/><F121/><W79/><G114/><T25/><D37/><U116/><E116/><V32/><F32/><W78/><G71/><T16/><D40/><U76/><E26/><V60/><F118/><W39/><G2/><T35/><D92/><U112/><E112/><V23/><F75/><N who="3" m="43359" /><G79/><T129/><D119/><U24/><E24/><V132/><F124/><N who="3" m="47659" /><G19/><T94/><D94/><U21/><E80/><V48/><F132/><W17/><G17/><T9/><D9/><U102/><E102/><V106/><F106/><W30/><G30/><T12/><D0/><U14/><REACH who="1" step="1"/><E62/><REACH who="1" ten="250,240,250,250" step="2"/><V134/><F134/><W123/><G123/><T27/><REACH who="0" step="1"/><D25/><REACH who="0" ten="240,240,250,250" step="2"/><U63/><E63/><V88/><F60/><W53/><G98/><T84/><D84/><U99/><E99/><V108/><F87/><W96/><G96/><T105/><D105/><U38/><E38/><V86/><F85/><W20/><G36/><T120/><D120/><U81/><E81/><V69/><F86/><W31/><G39/><T55/><D55/><U110/><E110/><V91/><F54/><W43/><G52/><T115/><D115/><U107/><E107/><V67/><F108/><W8/><G53/><T109/><D109/><U133/><E133/><V65/><F42/><W57/><G43/><T56/><D56/><U4/><E4/><AGARI ba="0,2" hai="4,11,12,13,16,22,27,29,33,34,35,128,129,131" machi="4" ten="40,18000,2" yaku="1,1,19,1,34,3,52,1,54,1,53,0" doraHai="3" doraHaiUra="83" who="0" fromWho="1" sc="240,200,240,-180,250,0,250,0" /><INIT seed="0,1,0,0,2,31" ten="440,60,250,250" oya="0" hai0="10,12,21,87,122,80,134,75,29,109,131,130,32" hai1="64,86,92,78,0,36,73,38,125,97,102,33,83" hai2="71,129,119,63,19,57,9,49,41,121,22,50,126" hai3="114,43,8,40,56,108,88,107,69,13,96,53,104"/><T26/><D75/><U17/><E125/><V44/><F121/><W39/><G114/><T127/><D122/><U135/><E135/><V24/><F126/><W79/><G69/><T30/><D127/><U76/><E0/><V5/><F129/><N who="0" m="49162" /><D87/><U132/><E132/><V128/><F128/><W67/><G67/><T7/><D80/><U98/><E64/><V74/><F74/><W18/><G79/><T20/><D134/><U51/><E51/><V35/><F71/><W61/><G108/><T85/><D85/><U133/><E133/><V82/><F82/><W110/><G110/><T58/><D58/><U93/><E17/><V48/><F35/><W23/><G39/><T11/><D109/><U59/><E33/><V3/><REACH who="2" step="1"/><F119/><REACH who="2" ten="440,60,240,250" step="2"/><W16/><G107/><T105/><D105/><U112/><E112/><V65/><AGARI ba="1,1" hai="3,5,9,19,22,24,41,44,48,49,50,57,63,65" machi="65" ten="20,5200,0" yaku="1,1,2,1,0,1,7,1,53,0" doraHai="31" doraHaiUra="116" who="2" fromWho="2" sc="440,-27,60,-14,240,65,250,-14" /><INIT seed="1,0,0,0,1,48" ten="413,46,305,236" oya="1" hai0="74,40,9,85,20,115,25,55,24,94,106,42,70" hai1="118,122,112,121,86,13,127,10,105,101,7,0,103" hai2="75,110,67,46,30,108,116,39,32,76,114,71,117" hai3="132,98,35,51,62,83,93,23,52,60,38,131,1"/><U34/><E34/><V18/><F18/><W125/><G1/><T17/><D74/><U68/><E68/><V61/><F76/><W22/><G35/><T53/><D106/><U64/><E64/><V19/><F19/><W128/><G38/><T59/><D70/><U16/><E112/><V28/><F75/><W6/><G6/><T69/><D69/><U4/><E118/><V41/><F30/><W97/><G83/><T29/><D115/><U104/><E86/><V102/><F102/><W14/><G125/><T73/><D73/><U130/><E127/><V5/><F5/><W123/><G132/><T135/><D135/><U81/><E81/><V120/><F120/><W100/><G98/><T12/><D25/><U84/><E84/><V3/><F3/><W107/><G107/><T27/><D27/><U77/><E77/><V79/><F79/><W49/><G49/><N who="0" m="31151" /><D55/><U129/><E0/><V47/><F114/><W56/><G123/><T111/><D111/><N who="2" m="42538" /><F47/><N who="3" m="27775" /><G14/><T63/><D63/><N who="3" m="24105" /><G56/><T31/><D31/><U44/><E44/><V50/><F28/><W37/><G37/><T2/><D2/><U96/><E121/><V91/><F32/><W113/><G113/><T109/><D109/><U36/><E36/><V45/><F45/><W80/><G80/><T95/><D95/><U99/><E122/><V87/><F39/><W54/><G100/><T134/><D134/><U58/><E58/><V15/><F15/><W88/><G54/><T78/><D78/><U89/><E89/><AGARI ba="0,0" hai="9,12,17,20,24,29,40,42,85,89,94" m="31151" machi="89" ten="30,2000,0" yaku="8,1,52,1" doraHai="48" who="0" fromWho="1" sc="413,20,46,-20,305,0,236,0" /><INIT seed="2,0,0,5,1,58" ten="433,26,305,236" oya="2" hai0="57,69,28,89,115,96,86,19,101,81,131,0,16" hai1="77,59,33,70,45,76,87,106,8,20,18,72,92" hai2="120,30,62,95,24,23,118,105,134,49,56,80,31" hai3="55,102,4,74,119,10,128,116,109,83,88,35,73"/><V63/><F105/><W124/><G35/><T94/><D69/><U121/><E70/><V129/><F120/><W61/><G102/><T9/><D115/><U79/><E106/><V36/><F36/><W50/><G61/><N who="2" m="23049" /><F118/><W103/><G109/><T99/><D131/><U39/><E33/><V67/><F129/><W108/><G124/><T110/><D110/><U90/><E72/><V25/><F134/><W46/><G103/><T97/><D28/><N who="2" m="10794" /><F67/><W66/><G128/><T113/><D113/><U107/><E107/><V104/><F104/><W52/><G108/><T15/><D57/><U14/><E121/><V93/><F80/><W112/><G66/><T133/><D0/><U38/><E59/><V2/><F2/><W17/><G83/><T47/><D133/><U82/><E82/><V13/><F13/><W3/><G119/><T98/><D81/><U65/><E65/><V117/><F117/><W48/><G116/><T37/><D37/><U12/><REACH who="1" step="1"/><E45/><REACH who="1" ten="433,16,305,236" step="2"/><V22/><F56/><W40/><G112/><T41/><D101/><U43/><E43/><V132/><F132/><W26/><G40/><T135/><D135/><U123/><E123/><V5/><F5/><AGARI ba="0,1" hai="5,8,12,14,18,20,38,39,76,77,79,87,90,92" machi="5" ten="40,8000,1" yaku="1,1,53,3" doraHai="58" doraHaiUra="75" who="1" fromWho="2" sc="433,0,16,90,305,-80,236,0" /><INIT seed="3,0,0,1,3,119" ten="433,106,225,236" oya="3" hai0="114,75,28,77,127,12,85,17,41,81,36,72,30" hai1="132,66,82,130,91,84,135,110,107,50,115,87,126" hai2="48,117,65,15,10,123,44,95,29,38,69,23,16" hai3="13,11,71,51,118,34,53,83,56,5,25,18,46"/><W64/><G118/><T7/><D127/><U96/><E66/><V88/><F38/><W52/><G71/><T47/><D114/><U124/><E50/><V78/><F117/><W105/><G105/><T49/><D36/><U109/><E115/><V70/><F78/><W92/><G83/><T128/><D128/><U62/><E62/><V40/><F123/><W9/><G34/><T97/><D97/><U3/><E3/><V93/><F65/><W42/><G92/><T35/><D35/><U67/><E67/><V90/><F93/><W86/><G86/><T21/><D30/><U125/><E130/><V121/><F90/><W116/><G25/><N who="0" m="16431" /><D17/><U106/><E87/><V104/><F121/><W6/><G6/><T102/><D102/><N who="1" m="62791" /><E107/><V33/><F104/><W58/><G116/><T133/><D133/><AGARI ba="0,0" hai="82,84,91,109,110,124,125,126,132,133,135" m="62791" machi="133" ten="40,8000,1" yaku="18,1,20,1,34,2" doraHai="119" who="1" fromWho="0" sc="433,-80,106,80,225,0,236,0" /><INIT seed="4,0,0,5,3,91" ten="353,186,225,236" oya="0" hai0="48,70,131,19,49,27,92,88,114,45,20,15,25" hai1="112,76,1,69,100,39,115,103,96,35,127,28,78" hai2="122,107,72,134,82,26,125,121,46,109,54,50,113" hai3="66,24,132,77,130,79,110,75,94,120,87,126,124"/><T13/><D70/><U80/><E69/><V41/><F107/><W42/><G110/><T32/><D114/><N who="1" m="43563" /><E1/><V73/><F113/><W74/><G66/><T56/><D131/><U44/><E35/><V83/><F109/><W135/><G24/><T99/><D32/><U12/><E28/><V81/><F125/><N who="3" m="48235" /><G42/><N who="0" m="24631" /><D27/><U98/><E12/><V47/><F26/><W95/><G130/><T3/><D3/><U61/><E61/><V89/><F89/><N who="3" m="53567" /><G95/><T31/><D31/><U52/><E127/><V85/><F85/><W23/><G23/><T62/><D49/><N who="1" m="28711" /><E39/><V18/><F18/><W90/><G120/><T30/><D30/><U111/><E111/><V51/><REACH who="2" step="1"/><F134/><REACH who="2" ten="353,186,215,236" step="2"/><W58/><G132/><T11/><D11/><U129/><E129/><V133/><F133/><W57/><G135/><T118/><D118/><U10/><E10/><V22/><F22/><W14/><G75/><AGARI ba="0,1" hai="41,46,47,50,51,54,72,73,75,81,82,83,121,122" machi="75" ten="40,1300,0" yaku="1,1,53,0" doraHai="91" doraHaiUra="6" who="2" fromWho="3" sc="353,0,186,0,215,23,236,-13" /><INIT seed="5,0,0,0,4,19" ten="353,186,238,223" oya="1" hai0="87,6,55,105,118,57,102,114,127,36,60,109,92" hai1="80,84,12,17,15,103,49,119,42,51,16,122,82" hai2="29,88,98,100,22,135,77,64,75,69,81,45,54" hai3="90,124,32,108,104,111,47,78,11,113,120,20,133"/><U115/><E119/><V44/><F135/><W18/><G32/><T27/><D118/><U28/><E115/><V26/><F54/><W110/><G120/><T68/><D109/><U96/><E122/><V91/><F64/><W13/><G104/><T48/><D36/><U61/><E28/><V63/><F63/><W25/><G78/><T123/><D123/><U4/><E61/><V117/><F69/><W130/><G113/><T94/><D114/><U72/><E72/><V41/><F117/><W76/><G76/><T125/><D6/><U58/><E4/><V9/><F9/><W66/><G66/><T50/><D68/><U73/><E73/><V24/><F24/><W2/><G133/><T39/><D39/><U95/><E58/><V53/><F53/><W1/><G47/><T8/><D105/><U46/><E51/><V34/><F34/><W106/><G90/><N who="0" m="53343" /><D8/><N who="1" m="6151" /><E84/><V59/><F59/><W116/><G106/><T30/><D127/><U112/><E112/><V65/><F45/><W85/><G116/><T97/><D125/><U134/><E134/><V128/><F65/><W101/><G124/><T33/><D33/><U23/><AGARI ba="0,0" hai="15,17,23,42,46,49,80,82,95,96,103" m="6151" machi="23" ten="30,6000,0" yaku="8,1,52,1,54,1" doraHai="19" who="1" fromWho="1" sc="353,-20,186,60,238,-20,223,-20" /><INIT seed="5,1,0,1,2,130" ten="333,246,218,203" oya="1" hai0="68,97,132,73,53,48,88,15,109,112,36,108,45" hai1="67,94,23,84,81,29,79,11,51,50,117,86,85" hai2="103,90,93,5,17,27,58,71,76,35,64,56,107" hai3="9,33,65,114,111,116,95,37,135,63,49,28,40"/><U10/><E117/><V6/><F76/><W87/><G111/><T120/><D68/><U82/><E67/><V124/><F124/><W25/><G116/><T19/><D73/><U123/><E123/><V98/><F58/><W70/><G114/><T83/><D112/><U7/><E94/><V126/><F56/><W14/><G37/><T106/><D120/><U55/><E51/><V118/><F118/><W3/><G3/><T134/><D36/><U113/><E113/><V102/><F102/><W44/><G135/><N who="0" m="51755" /><D106/><U131/><E131/><V39/><F17/><W59/><G95/><N who="0" m="56551" /><D83/><U75/><E75/><V128/><F126/><W54/><G87/><T129/><D129/><U91/><E85/><V78/><F39/><W4/><G70/><T1/><D1/><U8/><E7/><V101/><F107/><W52/><AGARI ba="1,0" hai="4,9,14,25,28,33,40,44,49,52,54,59,63,65" machi="52" ten="30,2000,0" yaku="0,1,54,1" doraHai="130" who="3" fromWho="3" sc="333,-6,246,-11,218,-6,203,23" /><INIT seed="6,0,0,4,2,129" ten="327,235,212,226" oya="2" hai0="20,96,34,16,60,30,25,56,54,121,7,104,131" hai1="52,13,125,36,58,73,109,89,101,81,110,114,35" hai2="15,130,18,97,10,14,5,51,39,62,9,83,32" hai3="66,93,24,48,6,17,61,122,27,117,90,46,0"/><V28/><F39/><W22/><G117/><T91/><D121/><U70/><E70/><V41/><F130/><W111/><G111/><T77/><D131/><U1/><E1/><V23/><F32/><W43/><G122/><T82/><D7/><U99/><E36/><V45/><F97/><W74/><G74/><T135/><D135/><U87/><E35/><V112/><F112/><W2/><G6/><T38/><D38/><U29/><E29/><V134/><F134/><W4/><G4/><T65/><D104/><U124/><E114/><V103/><F103/><W94/><G27/><T11/><D11/><U67/><E13/><V59/><F83/><W71/><G94/><N who="0" m="56415" /><D65/><U132/><E67/><V63/><REACH who="2" step="1"/><F59/><REACH who="2" ten="327,235,202,226" step="2"/><W47/><G46/><T69/><D34/><U120/><E132/><V3/><F3/><W76/><G76/><T44/><D82/><U31/><E120/><V105/><F105/><W79/><G79/><T115/><D77/><U40/><E110/><V12/><F12/><W68/><G71/><T85/><D69/><U33/><E109/><V37/><F37/><W80/><G80/><T95/><D44/><U128/><E128/><V64/><F64/><W78/><G78/><T126/><D115/><U127/><E73/><V50/><F50/><W86/><AGARI ba="0,1" hai="0,2,17,22,24,43,47,48,61,66,68,86,90,93" machi="86" ten="20,1500,0" yaku="0,1,7,1" doraHai="129" who="3" fromWho="3" sc="327,-4,235,-4,202,-7,226,25" /><INIT seed="7,0,0,3,5,32" ten="323,231,195,251" oya="3" hai0="25,13,57,62,33,59,8,92,117,91,90,107,46" hai1="67,83,88,9,104,130,127,121,43,36,97,134,0" hai2="110,39,128,23,111,38,120,80,60,86,109,102,52" hai3="26,44,66,53,19,48,10,17,54,12,34,98,70"/><W3/><G3/><T68/><D107/><U50/><E36/><V135/><F135/><W45/><G70/><T1/><D1/><U31/><E67/><V108/><N who="2" m="27648" /><DORA hai="51" /><V72/><F72/><W116/><G66/><T94/><D117/><U85/><E134/><V21/><F128/><W40/><G34/><T133/><D133/><U27/><E130/><V69/><F69/><W81/><G45/><T47/><D68/><U96/><E104/><V58/><F120/><W131/><G116/><T119/><D119/><U77/><E121/><V113/><F113/><W7/><G7/><T24/><D33/><U89/><E77/><V11/><F102/><W129/><G129/><T87/><D47/><U2/><E43/><V49/><F11/><W124/><G124/><T64/><D59/><U14/><E127/><V100/><F100/><W112/><G112/><T41/><D46/><U74/><E74/><V99/><F99/><W84/><G98/><N who="0" m="57623" /><D41/><U79/><E96/><V95/><F95/><W35/><G131/><T78/><D78/><U42/><E97/><V106/><F106/><W93/><G93/><T30/><D30/><U65/><E79/><V56/><F38/><W6/><G6/><AGARI ba="0,0" hai="6,8,13,24,25,57,62,64,87,91,94" m="57623" machi="6" ten="30,1000,0" yaku="8,1" doraHai="32,51" who="0" fromWho="3" sc="323,10,231,0,195,0,251,-10" owari="333,43.0,231,-17.0,195,-30.0,241,4.0" /></mjloggm>