<mjloggm ver="2.3"><GO type="169" lobby="0"/><UN n0="%E3%83%88%E3%83%88%E3%83%AA%E5%85%88%E7%94%9F%31%39%E6%AD%B3" n1="%E3%83%94%E3%83%BC%E3%83%81%E3%83%BB%E3%83%9E%E3%82%AD" n2="%E9%81%8A%E8%B5%B0" n3="%65%67%69%73%68%6F%32" dan="18,16,18,17" rate="2204.95,2125.89,2235.21,2216.46" sx="F,F,M,M"/><TAIKYOKU oya="0"/><INIT seed="0,0,0,1,5,55" ten="250,250,250,250" oya="0" hai0="71,85,130,9,1,108,13,125,79,39,36,135,5" hai1="69,63,30,129,48,11,35,32,38,51,31,25,113" hai2="97,10,43,28,90,121,29,23,22,89,47,33,19" hai3="103,88,37,3,82,98,122,45,109,64,96,59,127"/><T87/><D71/><U133/><E113/><V91/><F121/><W65/><G3/><T49/><D130/><U61/><E129/><V126/><F126/><W128/><G128/><T111/><D125/><U41/><E133/><V15/><F97/><W92/><G127/><T42/><D135/><U106/><E11/><V74/><F74/><W62/><G122/><T57/><D1/><U105/><E38/><V86/><F86/><W80/><G109/><N who="0" m="42059" /><D85/><U26/><REACH who="1" step="1"/><E41/><REACH who="1" ten="250,240,250,250" step="2"/><V84/><F33/><W81/><G37/><T50/><D42/><U21/><E21/><V66/><F23/><W46/><REACH who="3" step="1"/><G65/><REACH who="3" ten="250,240,250,240" step="2"/><T100/><D39/><U52/><E52/><V112/><F66/><W12/><G12/><T58/><D36/><U118/><E118/><V53/><F53/><W40/><G40/><T102/><D13/><U104/><E104/><AGARI ba="0,2" hai="45,46,59,62,64,80,81,82,88,92,96,98,103,104" machi="104" ten="40,5200,0" yaku="1,1,52,1,54,1,53,0" doraHai="55" doraHaiUra="17" who="3" fromWho="1" sc="250,0,240,-52,250,0,240,72" /><INIT seed="1,0,0,4,1,31" ten="250,188,250,312" oya="1" hai0="114,111,41,122,27,77,33,112,49,127,0,71,57" hai1="48,85,76,94,56,11,23,105,9,92,40,95,35" hai2="125,68,18,50,46,16,26,39,110,38,5,65,109" hai3="119,126,43,129,58,82,25,70,72,64,42,55,83"/><U108/><E105/><V124/><F5/><W120/><G120/><T75/><D71/><U89/><E35/><V34/><F65/><W107/><G107/><T131/><D0/><U45/><E108/><N who="2" m="41579" /><F68/><W93/><G93/><T128/><D111/><U130/><E130/><N who="0" m="49705" /><D77/><U10/><E76/><V99/><F99/><W91/><G25/><T15/><D75/><U116/><E116/><V81/><F81/><W14/><G83/><T117/><D117/><U135/><E135/><V51/><F51/><W24/><G24/><T102/><D102/><U67/><REACH who="1" step="1"/><E23/><REACH who="1" ten="250,178,250,312" step="2"/><N who="2" m="13671" /><F34/><W86/><G119/><T28/><D33/><U32/><E32/><V69/><F125/><W53/><G126/><T133/><D127/><U96/><E96/><V123/><F123/><W22/><G22/><T80/><D122/><U12/><E12/><V21/><F124/><W47/><G14/><T87/><D133/><U36/><E36/><V115/><F115/><W59/><G129/><T79/><D15/><U73/><E73/><V29/><F39/><W6/><G72/><T8/><D114/><U104/><E104/><V88/><F38/><W20/><G20/><T121/><D112/><U19/><E19/><V61/><F18/><W62/><G6/><T7/><D121/><U52/><E52/><N who="2" m="29783" /><F21/><W97/><G97/><T54/><D28/><U118/><E118/><V37/><F37/><N who="3" m="21967" /><G43/><T100/><D27/><U78/><E78/><V1/><F29/><W66/><G64/><T134/><D41/><U74/><E74/><V44/><F1/><W63/><G53/><T30/><D30/><U101/><E101/><RYUUKYOKU ba="0,1" sc="250,-15,178,15,250,-15,312,15" hai1="9,10,11,40,45,48,56,67,85,89,92,94,95" hai3="55,58,59,62,63,66,70,82,86,91" /><INIT seed="1,1,1,5,1,118" ten="235,193,235,327" oya="1" hai0="122,123,30,92,47,104,68,10,126,34,121,3,133" hai1="42,59,50,18,63,114,72,94,85,33,111,22,49" hai2="79,90,113,48,127,107,81,24,57,75,8,119,45" hai3="131,37,1,35,66,26,97,135,101,78,14,43,87"/><U0/><E114/><V108/><F119/><W21/><G1/><T4/><D104/><U31/><E72/><V29/><F113/><W82/><G66/><T76/><D68/><U99/><E0/><V105/><F108/><W115/><G115/><T7/><D133/><U64/><E111/><V62/><F90/><W46/><G135/><T51/><D126/><U112/><E112/><V36/><F8/><W109/><G109/><T6/><D76/><U65/><E65/><V91/><F91/><W25/><G131/><T19/><D92/><U27/><E85/><V84/><F84/><W86/><G35/><T17/><D30/><U69/><E69/><V38/><F127/><W9/><G21/><T71/><D34/><U80/><E80/><V70/><F70/><W40/><G40/><T67/><D67/><U125/><E42/><V88/><F88/><W56/><G56/><T100/><D100/><U106/><E106/><V39/><F57/><W95/><G86/><T11/><D71/><U58/><E58/><V116/><F62/><W74/><G74/><T134/><D134/><U77/><E77/><V96/><F96/><W2/><G2/><N who="0" m="279" /><D7/><AGARI ba="1,1" hai="7,9,14,25,26,37,43,46,78,82,87,95,97,101" machi="7" ten="30,1000,0" yaku="7,1" doraHai="118" who="3" fromWho="0" sc="235,-13,193,0,235,0,327,23" /><INIT seed="2,0,0,4,0,44" ten="222,193,235,350" oya="2" hai0="3,84,43,89,50,22,5,132,32,26,7,81,124" hai1="1,70,96,111,40,125,109,39,79,76,74,60,12" hai2="55,93,91,110,61,17,113,36,38,48,49,115,71" hai3="62,121,0,131,133,80,57,37,87,69,83,95,126"/><V103/><F103/><W92/><G69/><T34/><D132/><U51/><E1/><V16/><F110/><N who="1" m="41993" /><E39/><V35/><F35/><W82/><G37/><T41/><D124/><U73/><E96/><V101/><F101/><W18/><G0/><T105/><D105/><U77/><E12/><V42/><F42/><W10/><G131/><T59/><D34/><U6/><E6/><N who="0" m="2057" /><D32/><U99/><E99/><V128/><F128/><W28/><G28/><N who="0" m="17495" /><D3/><U8/><E8/><V19/><F38/><W4/><G4/><T67/><D67/><N who="1" m="41319" /><E125/><V88/><F36/><W118/><G10/><T116/><D116/><U2/><E2/><V31/><F31/><W104/><G18/><T90/><D90/><U47/><AGARI ba="0,0" hai="40,47,51,73,74,76,77,79" m="41319,41993" machi="47" ten="40,2700,0" yaku="14,1,52,1" doraHai="44" who="1" fromWho="1" sc="222,-7,193,27,235,-13,350,-7" /><INIT seed="3,0,0,0,0,59" ten="215,220,222,343" oya="3" hai0="61,42,123,124,116,108,36,94,37,14,38,58,69" hai1="119,78,56,2,19,65,33,109,9,106,1,133,26" hai2="135,114,64,86,89,39,30,31,53,72,81,52,21" hai3="24,34,4,54,75,70,131,115,93,71,16,99,68"/><W67/><G75/><T5/><D116/><U50/><E106/><V0/><F0/><W90/><G115/><T15/><D123/><U84/><E119/><V29/><F114/><W11/><G131/><T47/><D108/><U96/><E109/><V55/><F39/><W28/><G54/><T97/><D69/><U117/><E96/><V85/><F135/><W18/><REACH who="3" step="1"/><G67/><REACH who="3" ten="215,220,222,333" step="2"/><T98/><D42/><U105/><E65/><V92/><F72/><W132/><G132/><T83/><D38/><U126/><E133/><V49/><F64/><W102/><G102/><T62/><D37/><U51/><E117/><V27/><REACH who="2" step="1"/><F49/><REACH who="2" ten="215,220,212,333" step="2"/><W32/><G32/><T43/><D36/><U107/><E33/><V134/><F134/><W57/><G57/><T6/><D58/><U20/><E56/><V77/><AGARI ba="0,2" hai="21,27,29,30,31,52,53,55,77,81,85,86,89,92" machi="77" ten="30,7900,0" yaku="1,1,0,1,8,1,54,1,53,0" doraHai="59" doraHaiUra="40" who="2" fromWho="2" sc="215,-20,220,-20,212,99,333,-39" /><INIT seed="4,0,0,4,1,107" ten="195,200,311,294" oya="0" hai0="30,34,36,35,66,92,106,84,39,98,26,102,104" hai1="55,77,13,37,50,24,134,95,115,114,85,121,131" hai2="103,87,49,90,17,113,76,81,15,86,109,52,116" hai3="54,125,128,29,101,68,31,45,93,69,123,11,124"/><T111/><D111/><U132/><E121/><V23/><F109/><W79/><G123/><T0/><D35/><U27/><E37/><V74/><F116/><W122/><G122/><T42/><D0/><U1/><E1/><V8/><F113/><N who="1" m="43017" /><E131/><V43/><F103/><W65/><G128/><T75/><D75/><U99/><E13/><V14/><F43/><W64/><G79/><T88/><D104/><U97/><E85/><V89/><F74/><W21/><G11/><T20/><D42/><U117/><E77/><V83/><F76/><W19/><G45/><T73/><D73/><U22/><E117/><V53/><F49/><W48/><G48/><T61/><REACH who="0" step="1"/><D20/><REACH who="0" ten="185,200,311,294" step="2"/><U126/><E22/><V133/><F133/><W47/><G21/><T3/><D3/><U71/><E134/><V127/><REACH who="2" step="1"/><F127/><REACH who="2" ten="185,200,301,294" step="2"/><W91/><G124/><T94/><D94/><U80/><E95/><V9/><F9/><W10/><G93/><T129/><D129/><U62/><E126/><V110/><F110/><W16/><G10/><T41/><D41/><U25/><E132/><V72/><F72/><W100/><G125/><T6/><D6/><AGARI ba="0,2" hai="6,8,14,15,17,23,52,53,81,83,86,87,89,90" machi="6" ten="30,12000,2" yaku="1,1,7,1,9,1,8,1,54,1,53,1" doraHai="107" doraHaiUra="12" who="2" fromWho="0" sc="185,-120,200,0,301,140,294,0" /><INIT seed="5,0,0,4,3,5" ten="65,200,441,294" oya="1" hai0="19,59,125,83,81,86,130,36,2,12,89,53,15" hai1="113,79,119,52,131,18,24,108,29,64,60,106,6" hai2="45,90,103,85,10,33,55,124,91,127,32,66,104" hai3="109,28,71,61,128,30,78,35,26,97,40,135,116"/><U110/><E119/><V43/><F66/><W115/><G28/><T94/><D130/><U72/><E6/><V105/><F55/><W118/><G78/><T56/><D125/><N who="2" m="48202" /><F10/><W4/><G40/><T47/><D2/><U54/><E106/><N who="2" m="41067" /><F103/><W39/><G4/><T48/><D36/><U102/><E102/><V73/><F73/><W7/><G7/><T82/><REACH who="0" step="1"/><D15/><REACH who="0" ten="55,200,441,294" step="2"/><U41/><E131/><V9/><F33/><W98/><G39/><T74/><D74/><U63/><E72/><V27/><F32/><W21/><G35/><T126/><D126/><U69/><E110/><V17/><F27/><W76/><G26/><T3/><D3/><U49/><E24/><V80/><F80/><W121/><G109/><T112/><D112/><U0/><E113/><V101/><F101/><W16/><G115/><T34/><D34/><U14/><E0/><V99/><F99/><W70/><G97/><T114/><D114/><U75/><E75/><V87/><F87/><W129/><G98/><T25/><D25/><U67/><E108/><V100/><F100/><W11/><G129/><T51/><D51/><U38/><E49/><N who="2" m="26815" /><F85/><W122/><G128/><T93/><D93/><U58/><E38/><V13/><AGARI ba="0,1" hai="9,13,17,90,91" m="26815,41067,48202" machi="13" ten="40,2700,0" yaku="18,1,52,1" doraHai="5" who="2" fromWho="2" sc="55,-7,200,-13,441,37,294,-7" /><INIT seed="6,0,0,2,0,122" ten="48,187,478,287" oya="2" hai0="133,94,90,56,15,62,59,92,31,111,100,126,36" hai1="74,83,85,29,32,58,88,115,39,0,107,17,131" hai2="106,93,21,41,53,18,70,80,45,117,1,95,84" hai3="9,89,104,46,119,123,6,47,121,57,105,96,116"/><V129/><F117/><W79/><G79/><T103/><D36/><U40/><E107/><V30/><F106/><W43/><G57/><T110/><D15/><U25/><E0/><V99/><F70/><W130/><G96/><T77/><D77/><U23/><E131/><V7/><F129/><W71/><G9/><T102/><D133/><U68/><E68/><V52/><F30/><W69/><G89/><T50/><D126/><U124/><E58/><V33/><F33/><W113/><G130/><T72/><D72/><U42/><E115/><V60/><F7/><W11/><G11/><T51/><D102/><U4/><E4/><V135/><F1/><W63/><G63/><T37/><D37/><U27/><E124/><V109/><F109/><W127/><G6/><T24/><D31/><U38/><E74/><V14/><F135/><W35/><G127/><T28/><D28/><U118/><E118/><V34/><F34/><W76/><G76/><T22/><D22/><U12/><E39/><V16/><F18/><W13/><G13/><T66/><D90/><U91/><E38/><V55/><F60/><W112/><G43/><T125/><D125/><U98/><E12/><V86/><F80/><W97/><G97/><T44/><D62/><U132/><E132/><V5/><F5/><W134/><G134/><T128/><D128/><U19/><E19/><V82/><F82/><W26/><G35/><T87/><D87/><N who="2" m="33322" /><F99/><W78/><G78/><T75/><D75/><U3/><E3/><V65/><F65/><W10/><G26/><T2/><D2/><U61/><E61/><RYUUKYOKU ba="0,0" sc="48,-30,187,10,478,10,287,10" hai1="17,23,25,27,29,32,40,42,83,85,88,91,98" hai2="14,16,21,41,45,52,53,55,93,95" hai3="10,46,47,69,71,104,105,112,113,116,119,121,123" /><INIT seed="6,1,0,2,5,89" ten="18,197,488,297" oya="2" hai0="88,125,91,24,67,128,120,68,11,27,75,15,107" hai1="33,87,129,81,109,14,74,46,6,47,102,57,56" hai2="22,112,55,86,123,98,20,73,43,49,106,48,34" hai3="64,35,61,9,62,97,7,77,25,21,108,124,13"/><V132/><F123/><W118/><G124/><T70/><D125/><U63/><E33/><V52/><F34/><W50/><G108/><T133/><D120/><U122/><E109/><V69/><F73/><W95/><G118/><T101/><D75/><U79/><E129/><V29/><F69/><W40/><G35/><T4/><D128/><U121/><E102/><V135/><F86/><W58/><G77/><T94/><D133/><N who="2" m="51274" /><F112/><W130/><G130/><T18/><D91/><U103/><E103/><N who="2" m="62839" /><F43/><W113/><G113/><T41/><D41/><U1/><E87/><V71/><F71/><W30/><G62/><T42/><D101/><U115/><E63/><V31/><F49/><W131/><G131/><T51/><D107/><U80/><E115/><V32/><F55/><W59/><G59/><T92/><D68/><U78/><E57/><N who="2" m="32903" /><F32/><W84/><G84/><T28/><D67/><U16/><E74/><V110/><F110/><W12/><G40/><T104/><D104/><U66/><E66/><V10/><F10/><W54/><G50/><T127/><D70/><U37/><E121/><V76/><F76/><W38/><G38/><T82/><D127/><U39/><E39/><V119/><F119/><W19/><G54/><T36/><D36/><U53/><E37/><V126/><F126/><W105/><G105/><T96/><D82/><U90/><E80/><V72/><F72/><W60/><G61/><T44/><D92/><U2/><E122/><V93/><F93/><W111/><G111/><T116/><D116/><U5/><E81/><V114/><F114/><W17/><G95/><RYUUKYOKU ba="1,0" sc="18,-10,197,-10,488,30,297,-10" hai2="20,22,29,31" /><INIT seed="6,2,0,5,0,91" ten="8,187,518,287" oya="2" hai0="128,59,105,25,8,85,131,44,26,46,21,80,62" hai1="132,82,55,22,74,34,110,92,78,81,60,125,52" hai2="16,6,4,57,10,56,58,54,109,72,40,98,93" hai3="5,14,28,32,134,15,84,64,118,77,99,18,104"/><V9/><F72/><W79/><G118/><T133/><D105/><U41/><E34/><V38/><F38/><W61/><G134/><T75/><D75/><U101/><E110/><V3/><F109/><W71/><G5/><T100/><D133/><U66/><E125/><V69/><F69/><W124/><G124/><T119/><D119/><U51/><E41/><V129/><F129/><W114/><G114/><T76/><D128/><U96/><E51/><V31/><F40/><W29/><G14/><T113/><D113/><U73/><E22/><V43/><F43/><W37/><G37/><T86/><D131/><U63/><E63/><V11/><F31/><W95/><G104/><T24/><D8/><U50/><E50/><V116/><F116/><W39/><G39/><T36/><D36/><U120/><E120/><V0/><F16/><W102/><G32/><T47/><D21/><U122/><E122/><V121/><F121/><W48/><G48/><T90/><D100/><U42/><E42/><V126/><F126/><W49/><G49/><T94/><D26/><U127/><E127/><V19/><F19/><W70/><G70/><T123/><D123/><U65/><E132/><V130/><F130/><W1/><G1/><N who="2" m="585" /><F54/><AGARI ba="2,0" hai="24,25,44,46,47,54,59,62,76,80,85,86,90,94" machi="54" ten="40,2600,0" yaku="8,1,52,1" doraHai="91" who="0" fromWho="2" sc="8,32,187,0,518,-32,287,0" /><INIT seed="7,0,0,5,0,100" ten="40,187,486,287" oya="3" hai0="93,35,124,30,89,22,91,16,63,26,31,60,14" hai1="75,123,61,87,113,55,2,106,51,44,66,47,33" hai2="108,52,1,17,28,13,15,83,54,119,94,10,49" hai3="3,115,73,84,11,12,62,102,29,32,133,130,67"/><W70/><G73/><T43/><D124/><U122/><E75/><V69/><F69/><W46/><G115/><T58/><D43/><U129/><E2/><V78/><F119/><W134/><G3/><T109/><D109/><U111/><E111/><V116/><F116/><W114/><G114/><T126/><D126/><U90/><E129/><V38/><F108/><W48/><G130/><T76/><D76/><U41/><E106/><V95/><F38/><W5/><G102/><T81/><D35/><U36/><E33/><V18/><F28/><W20/><G32/><T97/><D60/><U24/><E24/><V125/><F1/><W77/><G29/><T92/><D81/><U127/><E127/><V65/><F65/><W128/><G20/><T45/><D45/><U80/><E113/><V85/><F125/><W112/><G128/><T6/><D6/><U86/><E86/><V56/><F54/><W103/><G103/><T59/><D59/><AGARI ba="0,0" hai="36,41,44,47,51,55,59,61,66,80,87,90,122,123" machi="59" ten="30,1000,0" yaku="7,1" doraHai="100" who="1" fromWho="0" sc="40,-10,187,10,486,0,287,0" owari="30,-47.0,197,-20.0,486,58.0,287,9.0" /></mjloggm>