<mjloggm ver="2.3"><GO type="169" lobby="0"/><UN n0="%4E%61%62%62%79" n1="%E5%B0%B1%E6%B4%BB%E7%94%9F%40%E5%B7%9D%E6%9D%91%E8%BB%8D%E5%9B%A3" n2="%70%67%61%69%6E" n3="%E3%81%91%E3%81%84%E3%81%99%E3%81%91%EF%BC%A0%EF%BC%AB%EF%BC%B5" dan="16,17,17,16" rate="2051.14,2183.67,2155.09,2041.39" sx="M,M,M,M"/><TAIKYOKU oya="0"/><INIT seed="0,0,0,0,0,4" ten="250,250,250,250" oya="0" hai0="43,50,97,51,53,12,10,127,101,54,48,61,83" hai1="106,52,9,3,7,130,20,25,107,98,8,26,32" hai2="113,37,116,59,112,128,46,76,64,86,103,110,19" hai3="123,18,29,104,30,70,24,28,94,1,129,79,126"/><T121/><D121/><U85/><E130/><V68/><F103/><W73/><G104/><T87/><D127/><U115/><E115/><V114/><F76/><W95/><G70/><T122/><D122/><U39/><E39/><V90/><F110/><W60/><G123/><T5/><D61/><U89/><E32/><V105/><F105/><W84/><G129/><T65/><D65/><U91/><E25/><V14/><F128/><W93/><G1/><T47/><D50/><U66/><E66/><V96/><F96/><W124/><G73/><T35/><D51/><U31/><E52/><V132/><F68/><W88/><G60/><T108/><D35/><U109/><E109/><V0/><F0/><W41/><G41/><T2/><D2/><U117/><E117/><V11/><F132/><W69/><G79/><T120/><D108/><U45/><E45/><V131/><F131/><W78/><G78/><N who="0" m="46583" /><D120/><U16/><E98/><V38/><F116/><W82/><G69/><T67/><D67/><U134/><E134/><V17/><F46/><W62/><G62/><T58/><D58/><U49/><E49/><V63/><REACH who="2" step="1"/><F19/><REACH who="2" ten="250,250,240,250" step="2"/><W40/><G40/><T102/><D102/><U15/><REACH who="1" step="1"/><E91/><REACH who="1" ten="250,240,240,250" step="2"/><V125/><F125/><N who="3" m="48235" /><G18/><T72/><D72/><U71/><E71/><V44/><F44/><W23/><AGARI ba="0,2" hai="23,24,28,29,30,82,84,88,93,94,95" m="48235" machi="23" ten="30,2000,0" yaku="18,1,54,1" doraHai="4" who="3" fromWho="3" sc="250,-10,240,-5,240,-5,250,40" /><INIT seed="1,0,0,2,0,89" ten="240,235,235,290" oya="1" hai0="76,55,118,11,21,68,79,83,63,53,70,124,81" hai1="116,82,13,133,111,9,105,23,119,8,61,78,122" hai2="101,75,115,74,3,56,16,57,46,97,120,33,42" hai3="84,77,104,128,60,103,40,30,18,113,88,110,39"/><U109/><E105/><V1/><F33/><W66/><G113/><T58/><D118/><N who="1" m="45099" /><E61/><V15/><F120/><W35/><G77/><T135/><D135/><U51/><E51/><V69/><F69/><N who="3" m="42183" /><G18/><T10/><D63/><U43/><E43/><V52/><F115/><W117/><G110/><N who="1" m="41994" /><E122/><V7/><F57/><W54/><G128/><T48/><D48/><U5/><E133/><V130/><F130/><W121/><G121/><T92/><D58/><U114/><E114/><V34/><F34/><W123/><G123/><T28/><D28/><U65/><E65/><V127/><F127/><W99/><G54/><T102/><D124/><U37/><E37/><V24/><F75/><W90/><G117/><T106/><D106/><U50/><E50/><V17/><F74/><W4/><G40/><T44/><D102/><U12/><E82/><V31/><F42/><W107/><G39/><T73/><D73/><U20/><E78/><V2/><F46/><W32/><G107/><T85/><D44/><U98/><E98/><V126/><F126/><W72/><G72/><T71/><D71/><U38/><E38/><V49/><F97/><W6/><G90/><T19/><D85/><U87/><E87/><V131/><F101/><W94/><G35/><T129/><D129/><U112/><E112/><V125/><F125/><W93/><G93/><T29/><D92/><U45/><E45/><V27/><F131/><W108/><G108/><T132/><D132/><U86/><E86/><V25/><F31/><W0/><G104/><T36/><D36/><U95/><E95/><V41/><F41/><RYUUKYOKU ba="0,0" sc="240,-15,235,15,235,15,290,-15" hai1="5,8,9,12,13,20,23" hai2="1,2,3,7,15,16,17,24,25,27,49,52,56" /><INIT seed="1,1,0,4,1,102" ten="225,250,250,275" oya="1" hai0="73,15,83,24,23,135,58,53,132,37,104,123,22" hai1="127,16,92,106,61,81,32,39,70,31,89,74,54" hai2="118,112,10,56,117,99,122,107,57,36,17,79,80" hai3="18,85,111,101,98,71,55,108,67,42,49,66,2"/><U63/><E106/><V115/><F36/><W25/><G2/><T95/><D37/><U133/><E39/><V12/><F122/><W26/><G42/><T94/><D123/><U45/><E127/><V0/><F0/><W120/><G120/><T59/><D73/><U77/><E133/><V121/><F121/><W34/><G85/><T48/><D83/><U47/><E70/><V87/><F57/><W7/><G7/><T6/><D104/><U43/><E43/><V29/><F29/><W60/><G67/><T64/><D22/><U129/><E129/><V8/><F8/><W11/><G11/><T110/><D110/><N who="3" m="42025" /><G18/><T131/><D131/><U62/><E54/><V35/><F35/><W90/><G90/><T40/><D40/><U41/><E41/><V78/><F78/><W128/><G34/><T114/><D132/><U13/><E31/><V14/><F14/><W28/><G28/><T97/><D135/><U21/><REACH who="1" step="1"/><E32/><REACH who="1" ten="225,240,250,275" step="2"/><V27/><F115/><W51/><G128/><T96/><D114/><U4/><E4/><V109/><F112/><W126/><G126/><T134/><D134/><U69/><E69/><V93/><F109/><W65/><G65/><T68/><D68/><U91/><E91/><V130/><F130/><W52/><G55/><T72/><D53/><U100/><E100/><V84/><F118/><W103/><G103/><T113/><D6/><U30/><E30/><V50/><F117/><W119/><G119/><T5/><D113/><U75/><E75/><V124/><F124/><W19/><G52/><N who="0" m="32007" /><D5/><U105/><E105/><V88/><F107/><RYUUKYOKU ba="1,1" sc="225,-10,240,30,250,-10,275,-10" hai1="13,16,21,45,47,61,62,63,74,77,81,89,92" /><INIT seed="1,2,1,4,3,6" ten="215,270,240,265" oya="1" hai0="13,20,121,94,49,7,32,65,95,10,41,76,46" hai1="45,26,80,67,83,105,115,42,34,29,118,120,43" hai2="133,11,73,130,60,92,116,110,56,19,9,132,125" hai3="135,114,78,74,93,12,23,108,44,70,22,124,33"/><U107/><E115/><V123/><F110/><W96/><G114/><T58/><D32/><U82/><E118/><V31/><F116/><W112/><G112/><T37/><D121/><U27/><E120/><V134/><F123/><W36/><G33/><T79/><D20/><U47/><E67/><V97/><F130/><W69/><G108/><T126/><D126/><U68/><E68/><V18/><F125/><W30/><G124/><T119/><D119/><U77/><E77/><V128/><F128/><W16/><G135/><T117/><D117/><U50/><REACH who="1" step="1"/><E26/><REACH who="1" ten="215,260,240,265" step="2"/><V14/><F134/><W21/><G70/><T87/><D79/><U1/><E1/><V2/><F2/><W99/><G69/><T39/><D39/><AGARI ba="2,2" hai="27,29,34,39,42,43,45,47,50,80,82,83,105,107" machi="39" ten="40,2000,0" yaku="1,1,53,0" doraHai="6" doraHaiUra="104" who="1" fromWho="0" sc="215,-26,260,46,240,0,265,0" /><INIT seed="1,3,0,0,3,124" ten="189,306,240,265" oya="1" hai0="79,102,76,99,35,56,83,123,70,14,109,86,126" hai1="129,48,50,58,84,91,69,113,46,94,27,93,28" hai2="25,63,87,38,23,92,4,100,24,134,62,95,133" hai3="116,114,89,3,60,127,103,118,17,0,131,85,88"/><U6/><E69/><V90/><F38/><W20/><G127/><T59/><D126/><U130/><E113/><V5/><F100/><W73/><G73/><T80/><D109/><U10/><E93/><V31/><F95/><N who="3" m="54671" /><G103/><T125/><D125/><U82/><E58/><V98/><F98/><W42/><G42/><T117/><D117/><N who="3" m="45161" /><G114/><T21/><D35/><U72/><E72/><V74/><F25/><N who="3" m="14479" /><G131/><N who="1" m="50186" /><E46/><V71/><F74/><W104/><G104/><T36/><D36/><U16/><E94/><V52/><F71/><W97/><G60/><T49/><D123/><U78/><E78/><V81/><F63/><W54/><G54/><T53/><D70/><U26/><E16/><V61/><F92/><AGARI ba="3,0" hai="0,3,89,92,97" m="14479,45161,54671" machi="92" ten="30,2000,0" yaku="12,1,54,1" doraHai="124" who="3" fromWho="2" sc="189,0,306,0,240,-29,265,29" /><INIT seed="2,0,0,1,3,28" ten="189,306,211,294" oya="2" hai0="11,127,0,74,70,86,9,114,14,135,76,13,63" hai1="90,132,7,102,3,81,16,53,94,72,128,5,123" hai2="34,56,105,12,19,98,4,78,96,1,131,89,113" hai3="6,23,40,111,44,30,109,62,67,133,79,85,84"/><V21/><F113/><W46/><G6/><T36/><D114/><U51/><E3/><V97/><F131/><W59/><G133/><T33/><D135/><U75/><E128/><V88/><F105/><W24/><G79/><T121/><D121/><U29/><E29/><V25/><F78/><W126/><G126/><T26/><D74/><U15/><E75/><V38/><F38/><W35/><G23/><T42/><D127/><U8/><E123/><V66/><F66/><W68/><G68/><T101/><D101/><U106/><E106/><V32/><F56/><W91/><G84/><T43/><D63/><U22/><E132/><V104/><F104/><W80/><REACH who="3" step="1"/><G40/><REACH who="3" ten="189,306,211,284" step="2"/><T61/><D43/><U116/><E72/><V107/><F107/><W119/><G119/><T110/><D86/><N who="1" m="50511" /><E22/><V2/><F2/><W17/><G17/><T60/><D42/><U69/><E69/><V48/><F1/><W49/><G49/><T18/><D0/><U83/><E116/><V41/><F48/><W82/><G82/><T45/><D70/><U77/><E83/><V55/><F41/><W71/><G71/><T64/><D76/><U112/><E77/><V95/><F95/><W58/><G58/><T57/><D61/><U10/><E10/><V129/><F129/><W54/><G54/><T103/><D36/><U120/><E112/><V124/><F55/><W87/><G87/><T134/><D134/><U27/><E120/><V122/><F124/><W117/><G117/><T73/><D73/><U130/><E51/><V31/><F122/><W65/><G65/><T20/><D64/><RYUUKYOKU ba="0,1" sc="189,-10,306,-10,211,-10,284,30" hai3="24,30,35,44,46,59,62,67,80,85,91,109,111" /><INIT seed="3,1,1,3,3,40" ten="179,296,201,314" oya="3" hai0="74,37,102,76,47,26,85,65,116,62,88,82,3" hai1="58,93,11,112,134,79,99,64,16,83,90,133,49" hai2="92,53,123,59,117,84,87,52,33,56,22,80,126" hai3="18,69,135,13,20,23,131,1,27,67,73,124,50"/><W10/><G73/><T130/><D116/><U55/><E112/><V127/><F33/><W72/><G72/><T34/><D130/><U101/><E64/><V118/><F92/><W4/><G131/><T121/><D121/><U48/><E48/><V19/><F22/><W108/><G67/><T6/><D102/><U107/><E11/><V7/><F7/><W71/><G135/><T21/><D34/><U15/><E79/><V132/><F19/><W111/><G124/><T43/><D21/><N who="1" m="11423" /><E83/><V24/><F80/><W89/><G89/><T31/><D26/><U86/><AGARI ba="1,1" hai="49,55,58,86,90,93,99,101,107,133,134" m="11423" machi="86" ten="30,2000,0" yaku="25,1,54,1" doraHai="40" who="1" fromWho="1" sc="179,-6,296,33,201,-6,314,-11" /><INIT seed="4,0,0,1,1,54" ten="173,329,195,303" oya="0" hai0="105,67,46,63,50,38,43,117,66,55,112,130,122" hai1="93,118,127,126,33,25,111,79,123,11,134,81,92" hai2="75,125,26,78,124,61,31,19,129,119,56,73,82" hai3="12,20,28,48,32,1,114,94,53,89,35,59,45"/><T104/><D104/><U74/><E111/><V7/><F7/><W91/><G1/><T57/><D105/><U85/><E118/><V77/><F19/><W39/><G114/><T29/><D29/><N who="1" m="19631" /><E123/><V71/><F129/><W80/><G80/><T96/><D96/><U5/><E85/><V107/><F107/><W113/><G113/><T21/><D21/><U135/><E92/><V86/><F71/><W58/><G89/><T44/><D112/><U98/><E98/><V27/><F27/><W3/><G3/><T121/><D117/><U34/><E93/><V6/><F6/><W64/><G35/><T52/><D130/><U106/><E34/><N who="2" m="20855" /><F78/><W109/><G32/><T128/><D128/><U68/><E106/><V116/><F116/><W23/><G109/><T30/><D30/><U115/><E68/><V72/><F119/><W110/><G110/><T76/><D76/><U17/><E17/><V10/><F10/><W36/><G28/><T14/><D14/><N who="1" m="5487" /><E115/><V88/><F77/><W65/><G94/><T13/><D13/><U37/><E37/><V62/><F62/><W100/><G100/><T41/><D41/><U18/><E18/><V60/><F60/><W4/><G91/><T103/><D103/><U47/><E47/><V133/><F133/><AGARI ba="0,0" hai="74,79,81,126,127,133,134,135" m="5487,19631" machi="133" ten="30,1000,0" yaku="20,1" doraHai="54" who="1" fromWho="2" sc="173,0,329,10,195,-10,303,0" /><INIT seed="5,0,0,4,0,97" ten="173,339,185,303" oya="1" hai0="128,60,58,93,37,96,84,73,55,83,75,132,117" hai1="114,50,103,16,123,105,131,26,68,88,56,52,63" hai2="25,111,76,78,32,98,130,91,121,118,95,113,29" hai3="120,22,129,7,100,38,104,53,47,28,8,2,27"/><U5/><E123/><V51/><F111/><W59/><G120/><T102/><D132/><U81/><E114/><V90/><F121/><W110/><G129/><T124/><D128/><U39/><E39/><V45/><F130/><W20/><G110/><T10/><D124/><U101/><E105/><V30/><F118/><W109/><G109/><T74/><D117/><U48/><E5/><V133/><F30/><W92/><G104/><T77/><D10/><U115/><E115/><V1/><F1/><W13/><G47/><T41/><D41/><U87/><E131/><V9/><F113/><W135/><G135/><T23/><D23/><N who="1" m="13671" /><E68/><V44/><F44/><W49/><G38/><T12/><D12/><U46/><E50/><V126/><F133/><W71/><G71/><T125/><D125/><U54/><AGARI ba="0,0" hai="46,48,52,54,56,63,81,87,88,101,103" m="13671" machi="54" ten="30,18000,2" yaku="8,1,52,2,54,3" doraHai="97" who="1" fromWho="1" sc="173,-60,339,180,185,-60,303,-60" /><INIT seed="5,1,0,1,5,135" ten="113,519,125,243" oya="1" hai0="6,83,21,59,55,41,75,39,57,66,112,48,104" hai1="108,85,93,11,52,132,14,97,131,7,67,46,122" hai2="54,121,64,81,99,118,38,71,113,31,15,61,78" hai3="92,42,73,53,72,49,68,76,13,96,106,94,110"/><U86/><E122/><V80/><F121/><W8/><G68/><T9/><D104/><U127/><E132/><V16/><F38/><W129/><G110/><T0/><D112/><U134/><E134/><V116/><F31/><W45/><G129/><T124/><D21/><U109/><E131/><V56/><F113/><W69/><G69/><T79/><D66/><U44/><E67/><V90/><F99/><W60/><G106/><T117/><D59/><U114/><E114/><V125/><F125/><W4/><G76/><T128/><D128/><U51/><E44/><V34/><F34/><W126/><G92/><T24/><D24/><U43/><E43/><V5/><F5/><W74/><G126/><T36/><D36/><U107/><E107/><V100/><F100/><W25/><G25/><T95/><D95/><U103/><REACH who="1" step="1"/><E127/><REACH who="1" ten="113,509,125,243" step="2"/><V115/><F115/><W133/><G133/><T84/><D124/><U105/><E105/><V101/><F64/><W2/><G42/><T3/><D117/><U26/><E26/><V98/><F118/><W82/><G45/><N who="0" m="23743" /><D3/><U17/><E17/><V91/><F16/><W37/><G2/><T119/><D119/><U1/><E1/><V35/><F116/><W23/><G37/><T47/><D47/><U63/><E63/><V120/><F61/><W18/><G60/><T30/><D30/><U10/><E10/><V29/><F29/><W65/><G65/><T130/><D130/><U87/><AGARI ba="1,1" hai="7,11,14,46,51,52,85,86,87,93,97,103,108,109" machi="87" ten="30,6000,0" yaku="1,1,0,1,54,1,53,0" doraHai="135" doraHaiUra="22" who="1" fromWho="1" sc="113,-21,509,73,125,-21,243,-21" /><INIT seed="5,2,0,4,5,64" ten="92,582,104,222" oya="1" hai0="12,1,82,96,10,21,45,94,13,37,120,121,8" hai1="108,101,99,46,84,85,124,91,111,28,35,68,63" hai2="26,49,131,122,128,6,77,34,70,105,87,88,129" hai3="33,71,118,66,20,39,29,109,58,4,27,102,60"/><U22/><E124/><V42/><F122/><N who="0" m="47210" /><D82/><U104/><E46/><N who="2" m="25815" /><F105/><W115/><G109/><N who="1" m="42058" /><E22/><V114/><F114/><W125/><G115/><T74/><D74/><U32/><E91/><V119/><F119/><W59/><G39/><T55/><D1/><U95/><E95/><V135/><F77/><W31/><G118/><T98/><D98/><U132/><E132/><V57/><F135/><W100/><G4/><T25/><D37/><U51/><E51/><V92/><F6/><W2/><G2/><T93/><D45/><U30/><E30/><N who="2" m="19799" /><F57/><W61/><G125/><T36/><D36/><U5/><E5/><V113/><F113/><W17/><G58/><T67/><D67/><N who="1" m="41087" /><E35/><V89/><F89/><W130/><G31/><N who="0" m="17839" /><D55/><U110/><E110/><V52/><F52/><W103/><G29/><T90/><D93/><U83/><E83/><V80/><F80/><W41/><G33/><T86/><D86/><U47/><E47/><V44/><F44/><W19/><G41/><T53/><D53/><U38/><E38/><V123/><F123/><W0/><G0/><T7/><D8/><U127/><E127/><V14/><F14/><W65/><REACH who="3" step="1"/><G17/><REACH who="3" ten="92,582,104,212" step="2"/><T43/><D43/><U11/><E28/><V72/><F72/><W117/><G117/><T78/><D78/><U24/><E32/><V73/><F73/><W107/><G107/><T79/><D79/><U97/><E104/><V23/><F23/><W54/><G54/><T15/><AGARI ba="2,1" hai="7,10,12,13,15,90,94,96" m="17839,47210" machi="15" ten="30,1100,0" yaku="13,1" doraHai="64" who="0" fromWho="0" sc="92,27,582,-7,104,-5,212,-5" /><INIT seed="6,0,0,2,5,5" ten="119,575,99,207" oya="2" hai0="55,65,62,24,39,108,135,50,92,4,74,22,99" hai1="31,111,57,125,46,84,133,95,18,132,70,49,131" hai2="120,19,113,42,36,45,66,82,118,123,21,27,130" hai3="15,56,52,16,128,87,67,126,127,75,117,121,35"/><V54/><F118/><W77/><G121/><T104/><D108/><U43/><E70/><V115/><F130/><W48/><G117/><T98/><D39/><U28/><E111/><V1/><F66/><W37/><G128/><T78/><D104/><U61/><E131/><V60/><F82/><N who="3" m="47567" /><G35/><T23/><D135/><N who="1" m="51787" /><E125/><N who="3" m="47626" /><G67/><T51/><D4/><U109/><E109/><V124/><F124/><W71/><G75/><T103/><D99/><U68/><E68/><V83/><F1/><W20/><G37/><T8/><D8/><U47/><E47/><V11/><F83/><W32/><G32/><T102/><D102/><U112/><E18/><V58/><REACH who="2" step="1"/><F11/><REACH who="2" ten="119,575,89,207" step="2"/><W40/><G71/><T79/><D74/><U105/><E112/><AGARI ba="0,1" hai="19,21,27,36,42,45,54,58,60,112,113,115,120,123" machi="112" ten="40,7700,0" yaku="1,1,2,1,15,1,53,0" doraHai="5" doraHaiUra="86" who="2" fromWho="1" sc="119,0,575,-77,89,87,207,0" /><INIT seed="6,1,0,3,4,22" ten="119,498,176,207" oya="2" hai0="97,12,134,82,24,35,122,13,127,57,36,109,21" hai1="9,58,105,53,15,112,102,47,113,108,80,38,94" hai2="85,25,88,67,84,90,135,91,133,60,79,32,93" hai3="118,28,117,116,98,74,120,89,37,125,126,49,41"/><V23/><F32/><W0/><G0/><T65/><D109/><U130/><E105/><V107/><F107/><W64/><G74/><T92/><D122/><U46/><E108/><V121/><F121/><W2/><G2/><T100/><D134/><N who="2" m="51210" /><F79/><W30/><G120/><T77/><D36/><U6/><E38/><V103/><F103/><W104/><G37/><T4/><D35/><U68/><E68/><N who="2" m="42087" /><F93/><N who="3" m="56623" /><G64/><T39/><D39/><U114/><E130/><V19/><AGARI ba="1,0" hai="19,23,25,84,85,88,90,91" m="42087,51210" machi="19" ten="30,6000,0" yaku="20,1,52,1,54,1" doraHai="22" who="2" fromWho="2" sc="119,-21,498,-21,176,63,207,-21" /><INIT seed="6,2,0,5,4,18" ten="98,477,239,186" oya="2" hai0="26,32,107,84,105,79,42,90,28,116,97,60,44" hai1="59,63,15,56,95,49,106,24,91,98,6,99,78" hai2="35,23,89,22,130,110,37,111,41,123,87,75,101" hai3="20,124,103,69,4,64,30,135,68,36,125,74,27"/><V70/><F75/><W122/><G36/><T132/><D132/><U127/><E127/><N who="3" m="48714" /><G122/><T76/><D116/><U108/><E108/><V46/><F123/><W39/><G135/><T112/><D112/><U38/><E38/><V120/><F120/><W100/><G39/><T54/><D105/><U113/><E78/><V85/><F35/><W131/><G131/><T51/><D107/><U114/><E24/><V11/><F101/><N who="3" m="38987" /><G74/><T43/><D97/><U34/><E34/><V129/><F11/><W67/><G4/><T33/><D33/><U72/><E72/><V52/><F52/><W29/><G29/><T48/><D60/><U47/><E99/><V19/><F19/><W128/><G128/><N who="2" m="49257" /><F70/><AGARI ba="2,0" hai="20,27,30,64,67,68,69,70" m="38987,48714" machi="70" ten="30,2000,0" yaku="18,1,52,1" doraHai="18" who="3" fromWho="2" sc="98,0,477,0,239,-26,186,26" /><INIT seed="7,0,0,0,0,2" ten="98,477,213,212" oya="3" hai0="63,48,32,40,84,127,38,62,123,98,135,115,19" hai1="111,122,72,4,21,110,61,49,6,60,70,33,101" hai2="95,114,126,90,113,87,128,14,78,13,34,121,29" hai3="36,106,73,92,116,76,22,15,64,51,37,130,17"/><W5/><G116/><T129/><D123/><U3/><E33/><V16/><F128/><W79/><G130/><T11/><D129/><U69/><E72/><V31/><F126/><W7/><G106/><T107/><D127/><U80/><E3/><V125/><F125/><W91/><G64/><T100/><D38/><U103/><E21/><V26/><F31/><W86/><G37/><T35/><D135/><U105/><E49/><V12/><F78/><N who="3" m="29739" /><G73/><T102/><D84/><U39/><E39/><V30/><F30/><W77/><G36/><T45/><D100/><U81/><REACH who="1" step="1"/><E105/><REACH who="1" ten="98,467,213,212" step="2"/><V53/><F34/><W57/><N who="3" m="29747" /><W119/><DORA hai="66" /><G119/><T41/><D41/><U89/><E89/><V131/><F114/><W67/><G67/><T47/><D47/><U55/><E55/><AGARI ba="0,1" hai="5,7,15,17,22,51,55,57,86,91,92" m="29747" machi="55" ten="30,11600,0" yaku="25,1,8,1,52,2" doraHai="2,66" who="3" fromWho="1" sc="98,0,467,-116,213,0,212,126" /><INIT seed="7,1,0,3,1,118" ten="98,351,213,338" oya="3" hai0="22,57,49,64,97,101,18,5,31,47,129,41,76" hai1="124,72,62,93,104,61,130,78,52,90,69,79,135" hai2="28,96,120,11,43,127,21,29,70,86,85,42,63" hai3="68,128,77,13,119,103,131,37,99,134,123,38,133"/><W50/><G119/><T91/><D129/><N who="3" m="49737" /><G123/><T51/><D5/><U80/><E104/><V105/><F21/><W7/><G68/><T84/><D76/><N who="1" m="29227" /><E72/><V58/><F58/><W59/><G77/><T98/><D31/><U111/><E69/><V108/><F96/><W8/><G59/><T6/><D6/><U40/><E111/><V20/><F43/><W110/><G50/><T89/><D101/><U33/><E33/><V27/><F27/><W65/><G65/><T3/><D3/><U44/><E130/><V55/><F105/><N who="3" m="63743" /><G110/><T125/><D125/><U16/><E124/><V113/><F70/><W71/><G71/><T48/><D48/><N who="1" m="28679" /><E135/><AGARI ba="1,0" hai="7,8,13,37,38,133,134,135" m="63743,49737" machi="135" ten="30,2900,0" yaku="20,1,19,1" doraHai="118" who="3" fromWho="1" sc="98,0,351,-32,213,0,338,32" owari="98,-40.0,319,12.0,213,-19.0,370,47.0" /></mjloggm>