<mjloggm ver="2.3"><GO type="169" lobby="0"/><UN n0="%E5%B0%B1%E6%B4%BB%E7%94%9F%40%E5%B7%9D%E6%9D%91%E8%BB%8D%E5%9B%A3" n1="%E3%83%AC%E3%83%87%E3%82%B9%E3%83%9E" n2="%EF%BC%8A%E7%B4%97%E5%BC%A5%E8%8F%AF%EF%BC%8A" n3="%E5%A5%B3%E5%AD%90%E5%8A%9B%E2%98%86%E3%81%94%E3%82%8A%E3%82%89" dan="17,17,16,16" rate="2232.56,2171.83,2095.88,2154.25" sx="M,M,F,M"/><TAIKYOKU oya="0"/><INIT seed="0,0,0,1,5,16" ten="250,250,250,250" oya="0" hai0="53,61,22,70,18,133,82,10,117,91,78,14,19" hai1="89,15,3,92,118,7,79,33,67,73,132,123,103" hai2="72,24,46,52,122,50,55,109,11,100,94,43,26" hai3="134,5,104,13,84,30,108,130,23,95,106,58,119"/><T126/><D117/><U101/><E118/><V60/><F122/><W41/><G119/><T56/><D133/><U21/><E33/><V65/><F72/><W76/><G108/><T47/><D126/><U27/><E3/><V85/><F11/><N who="3" m="4335" /><G130/><T112/><D112/><U114/><E123/><V36/><F109/><W54/><G106/><T40/><D70/><U127/><E127/><V125/><F125/><W59/><G104/><T107/><D107/><U77/><E67/><V1/><F1/><W44/><G41/><T51/><D91/><U105/><E105/><V35/><F35/><W25/><G134/><T28/><D28/><U6/><E132/><V90/><F100/><N who="1" m="38473" /><E73/><V83/><F83/><N who="3" m="47207" /><G95/><T124/><D124/><U74/><E74/><V69/><REACH who="2" step="1"/><F55/><REACH who="2" ten="250,250,240,250" step="2"/><W9/><G9/><T111/><D111/><U37/><E114/><V128/><F128/><W93/><G93/><T2/><D2/><U0/><E0/><V121/><F121/><W97/><G97/><T68/><D68/><U39/><E92/><V87/><F87/><W102/><G102/><T4/><D22/><U113/><E21/><V120/><F120/><W64/><G64/><T116/><D116/><U38/><E113/><V29/><F29/><W45/><G54/><T17/><D17/><U66/><E66/><V31/><F31/><W62/><G62/><T12/><D12/><U49/><E15/><V86/><F86/><AGARI ba="0,1" hai="4,10,14,18,19,40,47,51,53,56,61,78,82,86" machi="86" ten="30,11600,0" yaku="7,1,25,2,8,1" doraHai="16" who="0" fromWho="2" sc="250,126,250,0,240,-116,250,0" /><INIT seed="0,1,0,3,1,46" ten="376,250,124,250" oya="0" hai0="92,6,100,88,95,131,9,103,10,29,16,5,60" hai1="77,118,25,53,90,37,48,18,15,135,63,108,123" hai2="28,69,66,74,82,81,47,36,2,13,27,19,1" hai3="73,80,107,117,39,132,59,130,62,22,51,61,31"/><T83/><D131/><U91/><E123/><V11/><F66/><W94/><G39/><T75/><D75/><U26/><E118/><V89/><F69/><W40/><G107/><T33/><D33/><U111/><E37/><V43/><F89/><W65/><G117/><T79/><D29/><U93/><E77/><V34/><F74/><W20/><G130/><T57/><D79/><U125/><E63/><V116/><F116/><W105/><G105/><T84/><D95/><U119/><E119/><V124/><F124/><W67/><G31/><T110/><D110/><N who="1" m="42027" /><E135/><V113/><F113/><W97/><G80/><T114/><D114/><U109/><E125/><V4/><REACH who="2" step="1"/><F1/><REACH who="2" ten="376,250,114,250" step="2"/><W128/><G73/><T102/><D83/><U129/><E129/><V115/><F115/><W14/><G128/><T64/><D9/><AGARI ba="1,1" hai="2,4,9,11,13,19,27,28,34,36,43,47,81,82" machi="9" ten="30,3900,0" yaku="1,1,7,1,53,1" doraHai="46" doraHaiUra="38" who="2" fromWho="0" sc="376,-42,250,0,114,52,250,0" /><INIT seed="1,0,0,0,1,103" ten="334,250,166,250" oya="1" hai0="94,79,97,70,33,61,127,10,99,122,67,104,40" hai1="83,59,24,28,72,129,50,36,118,76,1,96,107" hai2="100,126,49,117,42,27,45,95,134,46,29,89,73" hai3="112,16,37,80,48,86,30,19,116,78,60,90,58"/><U25/><E118/><V31/><F117/><W130/><G112/><T54/><D127/><U41/><E1/><V98/><F73/><W38/><G116/><T120/><D33/><U14/><E129/><V66/><F134/><W68/><G130/><T92/><D40/><U132/><E132/><V51/><F126/><W108/><G108/><T57/><D79/><U56/><E36/><V115/><F115/><W65/><G30/><T8/><D8/><U20/><E14/><V135/><F135/><W0/><G0/><T88/><D10/><U128/><E128/><V106/><F66/><W84/><G68/><T82/><D82/><U63/><E25/><V23/><F31/><W39/><REACH who="3" step="1"/><G48/><REACH who="3" ten="334,250,166,240" step="2"/><T34/><D34/><U12/><E50/><V2/><F2/><W43/><G43/><T93/><D120/><U64/><E41/><V44/><REACH who="2" step="1"/><F51/><REACH who="2" ten="334,250,156,240" step="2"/><W109/><G109/><T69/><D122/><U75/><E28/><V32/><F32/><W91/><G91/><T133/><D133/><U105/><E76/><V6/><F6/><W7/><G7/><T77/><D77/><U125/><E125/><V101/><F101/><W21/><G21/><T111/><D111/><U55/><E20/><V102/><F102/><W3/><G3/><T47/><D69/><U121/><E121/><V119/><F119/><W5/><G5/><T15/><D70/><U35/><E35/><V114/><F114/><W81/><AGARI ba="0,2" hai="16,19,37,38,39,58,60,65,78,80,81,84,86,90" machi="81" ten="40,8000,1" yaku="1,1,0,1,54,1,53,1" doraHai="103" doraHaiUra="53" who="3" fromWho="3" sc="334,-20,250,-40,156,-20,240,100" /><INIT seed="2,0,0,5,3,87" ten="314,210,136,340" oya="2" hai0="6,61,22,66,112,47,77,7,73,123,14,31,68" hai1="108,75,116,40,69,133,37,8,135,88,131,76,130" hai2="124,119,99,121,30,57,53,28,127,34,106,81,82" hai3="101,64,94,103,56,54,9,42,105,72,96,114,113"/><V125/><F121/><W0/><G72/><T23/><D112/><N who="3" m="43113" /><G64/><T62/><D123/><U134/><E108/><V104/><F119/><W41/><G103/><T12/><D47/><N who="1" m="23951" /><E116/><V89/><F34/><W115/><G115/><T46/><D46/><U1/><E69/><V55/><F28/><W86/><G0/><T98/><D31/><U71/><E71/><V27/><F55/><W18/><G9/><T36/><D68/><U91/><E76/><V110/><F110/><W13/><G13/><T17/><D77/><U4/><E75/><V78/><F78/><W19/><G42/><T97/><D17/><N who="3" m="6153" /><G41/><T21/><D66/><U32/><E32/><N who="2" m="20575" /><F99/><W51/><G86/><T63/><D73/><U83/><E83/><N who="2" m="31755" /><F89/><AGARI ba="0,0" hai="1,4,8,88,89,91,130,131,133,134,135" m="23951" machi="89" ten="40,8000,1" yaku="20,1,52,3,54,1" doraHai="87" who="1" fromWho="2" sc="314,0,210,80,136,-80,340,0" /><INIT seed="3,0,0,4,3,24" ten="314,290,56,340" oya="3" hai0="65,0,45,93,110,94,17,87,85,91,58,96,33" hai1="82,27,34,115,134,41,120,112,47,108,132,42,50" hai2="5,103,21,63,69,131,66,6,80,105,83,35,135" hai3="128,92,100,22,7,36,49,25,89,60,95,113,54"/><W11/><G113/><T102/><D0/><U59/><E120/><V43/><F135/><N who="1" m="51753" /><E108/><V106/><F131/><W32/><G36/><T84/><D33/><U73/><E59/><V2/><F21/><W104/><G32/><T30/><D110/><U76/><E42/><V127/><F127/><W57/><G104/><T29/><D45/><U81/><E81/><V13/><F2/><W71/><G100/><T70/><D70/><U51/><E51/><V28/><F43/><W116/><G116/><T77/><D17/><U8/><E8/><V101/><F13/><N who="3" m="5375" /><G71/><T46/><D46/><U44/><E44/><V124/><F124/><W79/><G79/><T118/><D118/><U38/><E50/><V99/><F5/><W20/><G128/><T55/><D65/><U15/><E15/><V68/><F6/><W98/><G95/><T125/><D125/><U129/><E129/><V121/><F69/><W123/><G123/><T56/><D77/><U130/><E130/><V12/><F12/><W61/><G20/><T107/><D107/><U90/><E90/><V53/><F53/><W72/><G72/><T67/><D67/><U78/><E78/><V19/><F19/><AGARI ba="0,0" hai="19,22,25,49,54,57,60,61,89,92,98" m="5375" machi="19" ten="30,1500,0" yaku="8,1" doraHai="24" who="3" fromWho="2" sc="314,0,290,0,56,-15,340,15" /><INIT seed="3,1,0,5,0,61" ten="314,290,41,355" oya="3" hai0="35,66,109,67,51,34,38,45,68,56,65,37,96" hai1="97,120,122,4,12,93,107,110,126,84,131,1,91" hai2="2,88,115,92,114,100,48,116,80,13,113,74,32" hai3="15,71,49,6,8,108,23,29,59,121,52,14,64"/><W24/><G121/><T25/><D68/><U11/><E110/><V30/><F2/><W44/><G108/><T123/><D109/><U117/><E117/><V21/><F116/><W130/><G130/><T86/><D123/><U83/><E131/><V9/><F32/><W89/><G71/><T125/><D125/><U132/><E126/><V43/><F100/><W106/><G106/><T112/><D112/><U27/><E132/><V133/><F133/><W134/><G134/><T119/><D119/><U101/><E27/><V82/><F74/><W46/><G89/><T85/><D96/><U53/><E1/><V31/><F48/><W0/><REACH who="3" step="1"/><G46/><REACH who="3" ten="314,290,41,345" step="2"/><T102/><D56/><U39/><E120/><V26/><F31/><W47/><G47/><T87/><D102/><U111/><E122/><V42/><F43/><W99/><G99/><T94/><D94/><U128/><E111/><V129/><F42/><W18/><G18/><T69/><D69/><U10/><E128/><V118/><F129/><W103/><G103/><T17/><D17/><U78/><E107/><V70/><F70/><W33/><G33/><T75/><D35/><U73/><E101/><V40/><F40/><W60/><AGARI ba="1,1" hai="0,6,8,14,15,23,24,29,44,49,52,59,60,64" machi="60" ten="30,12000,1" yaku="1,1,0,1,52,1,54,1,53,1" doraHai="61" doraHaiUra="63" who="3" fromWho="3" sc="314,-41,290,-41,41,-41,345,133" /><INIT seed="3,2,0,4,1,113" ten="273,249,0,478" oya="3" hai0="108,56,49,48,8,1,13,26,17,77,60,47,58" hai1="6,34,64,80,87,20,16,65,69,94,33,91,3" hai2="52,22,2,131,101,114,66,82,74,71,57,73,40" hai3="68,122,29,41,115,109,81,35,61,125,70,85,0"/><W24/><G0/><T7/><D108/><U97/><E6/><V39/><F2/><W28/><G115/><T127/><D127/><U43/><E3/><V96/><F114/><W55/><G41/><T86/><D26/><U23/><E43/><V129/><F22/><W132/><G29/><T99/><D99/><U112/><E112/><V76/><F73/><W116/><G116/><T44/><D1/><U111/><E111/><V135/><F135/><W98/><G98/><T126/><D17/><U90/><E23/><V121/><F121/><W72/><G72/><T75/><D75/><U63/><REACH who="1" step="1"/><E65/><REACH who="1" ten="273,239,0,478" step="2"/><V123/><F123/><W50/><G122/><T133/><D133/><U130/><E130/><N who="2" m="49675" /><F66/><W89/><G109/><T105/><D126/><U5/><E5/><V59/><F71/><W118/><G70/><T100/><D7/><U27/><AGARI ba="2,1" hai="16,20,27,33,34,63,64,69,80,87,90,91,94,97" machi="27" ten="20,8000,1" yaku="1,1,0,1,7,1,54,1,53,1" doraHai="113" doraHaiUra="95" who="1" fromWho="1" sc="273,-22,239,96,0,-22,478,-42" owari="251,-15.0,335,14.0,-22,-52.0,436,53.0" /></mjloggm>