<mjloggm ver="2.3"><GO type="225" lobby="0"/><UN n0="%E3%82%AB%E3%83%A9%E3%82%B9%E3%81%AE%E5%AD%90" n1="%E3%82%A6%E3%83%AB%E3%83%88%E3%83%A9%E7%AB%8B%E7%9B%B4" n2="%E5%AE%89%E6%9C%AC%E5%BD%A9%E8%8A%B1" n3="%74%61%6B%75%61%6B%61" dan="16,17,16,18" rate="2090.76,2136.38,2053.85,2181.68" sx="M,M,F,M"/><TAIKYOKU oya="0"/><INIT seed="0,0,0,4,2,71" ten="250,250,250,250" oya="0" hai0="96,91,103,22,16,70,115,23,58,9,81,126,79" hai1="114,101,1,116,129,118,89,36,123,39,128,97,106" hai2="2,63,98,62,6,14,125,12,90,65,31,32,119" hai3="121,84,57,29,74,64,69,110,73,68,42,10,20"/><T107/><D115/><U102/><E123/><V26/><F125/><W34/><G34/><T18/><D126/><U99/><E89/><V112/><F112/><W19/><G29/><T86/><D70/><U53/><E53/><V35/><F32/><W132/><G73/><T4/><D58/><U40/><E40/><V120/><F63/><W44/><G74/><T135/><D135/><U30/><E30/><V92/><F120/><W47/><G47/><T13/><D23/><U46/><E46/><V85/><F119/><N who="1" m="45609" /><E1/><V11/><REACH who="2" step="1"/><F98/><REACH who="2" ten="250,250,240,250" step="2"/><W51/><G121/><T93/><REACH who="0" step="1"/><D22/><REACH who="0" ten="240,250,240,250" step="2"/><U50/><E114/><V45/><F45/><W108/><G20/><T66/><D66/><U82/><E129/><V41/><F41/><W52/><G42/><T94/><D94/><U113/><E128/><V109/><F109/><W38/><G108/><T133/><D133/><U28/><E113/><V104/><F104/><W27/><G110/><T77/><D77/><U83/><E106/><V78/><F78/><W5/><G132/><T56/><D56/><AGARI ba="0,2" hai="2,6,11,12,14,26,31,35,56,62,65,85,90,92" machi="56" ten="30,2000,0" yaku="1,1,7,1,53,0" doraHai="71" doraHaiUra="131" who="2" fromWho="0" sc="240,-20,250,0,240,40,250,0" /><INIT seed="1,0,0,4,5,35" ten="220,250,280,250" oya="1" hai0="5,17,71,94,2,21,130,79,97,100,40,83,29" hai1="67,110,3,116,18,6,98,45,122,87,90,119,69" hai2="4,93,30,134,84,20,109,89,112,25,85,27,58" hai3="14,41,72,75,125,56,121,118,32,51,113,24,133"/><U107/><E122/><V16/><F134/><W102/><G121/><T124/><D71/><U103/><E110/><V82/><F109/><W28/><G113/><T43/><D130/><U126/><E126/><V115/><F4/><W48/><G133/><T104/><D124/><U8/><E18/><V74/><F74/><W96/><G125/><T120/><D120/><U131/><E131/><V65/><F65/><W37/><G37/><T59/><D29/><U117/><E45/><V63/><F63/><W44/><G14/><T11/><D104/><U23/><E23/><V7/><F7/><W77/><G77/><T60/><D83/><U34/><E34/><V76/><REACH who="2" step="1"/><F58/><REACH who="2" ten="220,250,270,250" step="2"/><W128/><G128/><T80/><D59/><U47/><E67/><V68/><F68/><W81/><G75/><T73/><REACH who="0" step="1"/><D60/><REACH who="0" ten="210,250,270,250" step="2"/><U1/><E69/><V9/><F9/><W57/><G118/><T99/><D99/><U52/><E117/><V108/><F108/><W22/><G57/><T61/><D61/><U31/><E119/><V127/><F127/><W111/><G111/><T114/><D114/><U88/><E116/><V92/><F92/><W101/><G96/><T46/><D46/><U78/><E47/><V53/><F53/><W123/><G123/><T62/><D62/><U64/><E52/><V95/><F95/><W0/><G56/><T13/><AGARI ba="0,2" hai="2,5,11,13,17,21,40,43,73,79,80,94,97,100" machi="13" ten="20,5200,0" yaku="1,1,0,1,7,1,52,1,53,0" doraHai="35" doraHaiUra="54" who="0" fromWho="0" sc="210,72,250,-26,270,-13,250,-13" /><INIT seed="2,0,0,4,4,43" ten="282,224,257,237" oya="2" hai0="46,101,7,60,126,38,14,22,20,62,59,133,118" hai1="103,0,32,97,98,19,85,2,40,83,95,45,17" hai2="65,82,10,123,5,106,16,15,115,79,72,11,129" hai3="70,3,41,76,34,114,99,122,127,116,8,102,61"/><V1/><F115/><W26/><G122/><T48/><D38/><U134/><E32/><V88/><F106/><N who="3" m="63839" /><G76/><T6/><D133/><U104/><E134/><V94/><F129/><W92/><G92/><T35/><D35/><U42/><E42/><V81/><F123/><W37/><G116/><T96/><D126/><U80/><E2/><V113/><F113/><W21/><G21/><N who="0" m="8299" /><D118/><U121/><E0/><V23/><F81/><W50/><G50/><T51/><D51/><U69/><E69/><V13/><F65/><N who="3" m="41263" /><G127/><T56/><D62/><U111/><E111/><V44/><F44/><N who="3" m="23599" /><G114/><T89/><D101/><U54/><E121/><V36/><F36/><W87/><G87/><T132/><D132/><U30/><E54/><V71/><F71/><W74/><G74/><T108/><D108/><U12/><E85/><V107/><F107/><W63/><G63/><T18/><D96/><U120/><E120/><V77/><F77/><W9/><G3/><T24/><D24/><U49/><E83/><V68/><F68/><W112/><G112/><T58/><D89/><U109/><E80/><V86/><F1/><W4/><G4/><T93/><D93/><U125/><E125/><V135/><F135/><W27/><G27/><T100/><D60/><U67/><E109/><V73/><F23/><W64/><G64/><T29/><D100/><U78/><E67/><V110/><F110/><W33/><G33/><T28/><D6/><U105/><E105/><V128/><F73/><W90/><G90/><T84/><D7/><U52/><E104/><V53/><F53/><W55/><G55/><RYUUKYOKU ba="0,0" sc="282,-15,224,-15,257,15,237,15" hai2="5,10,11,13,15,16,72,79,82,86,88,94,128" hai3="8,9,26,34" /><INIT seed="2,1,0,4,1,65" ten="267,209,272,252" oya="2" hai0="66,125,94,63,28,119,52,35,1,20,118,34,77" hai1="126,46,89,4,70,13,59,8,132,11,75,88,56" hai2="86,83,0,58,124,12,79,54,120,114,6,53,71" hai3="128,107,122,106,40,31,98,73,60,22,61,84,36"/><V135/><F114/><W30/><G122/><T129/><D1/><U117/><E75/><V134/><F0/><W109/><G73/><T10/><D10/><U24/><E117/><N who="0" m="44553" /><D77/><U2/><E126/><V81/><F124/><W62/><G109/><T112/><D112/><U74/><E74/><V23/><F71/><W42/><G128/><T9/><D9/><U41/><E70/><V33/><F33/><N who="0" m="12298" /><D125/><U21/><E132/><N who="2" m="50731" /><F6/><W100/><G36/><T91/><D129/><U25/><E11/><V95/><F120/><W96/><G84/><T19/><D28/><N who="3" m="10793" /><G22/><T131/><D131/><U85/><E2/><V26/><F23/><W113/><G100/><T80/><D80/><U29/><E25/><V102/><F83/><W27/><G27/><T5/><D5/><U69/><E69/><V38/><F81/><W127/><G113/><T105/><D105/><N who="3" m="39945" /><G127/><T101/><D101/><U39/><REACH who="1" step="1"/><E89/><REACH who="1" ten="267,199,272,252" step="2"/><V45/><F26/><W16/><G16/><T103/><D91/><U3/><E3/><V76/><F79/><W115/><G115/><T90/><D90/><U99/><E99/><AGARI ba="1,1" hai="40,42,60,61,62,96,98,99" m="39945,10793" machi="99" ten="40,2600,0" yaku="28,2" doraHai="65" who="3" fromWho="1" sc="267,0,199,-29,272,0,252,39" /><INIT seed="3,0,0,2,1,22" ten="267,170,272,291" oya="3" hai0="132,55,50,29,30,130,80,77,15,117,31,71,37" hai1="32,42,102,7,51,134,25,81,35,5,4,121,8" hai2="67,92,69,39,44,45,75,11,63,93,43,66,99" hai3="26,129,0,74,103,65,12,18,79,68,23,135,24"/><W106/><G0/><T53/><D117/><U62/><E121/><V131/><F75/><W17/><G129/><T133/><D71/><U114/><E114/><V89/><F131/><W41/><G41/><T73/><D37/><U27/><E102/><V64/><F44/><W28/><G74/><T104/><D130/><U113/><E113/><V83/><F83/><W96/><G79/><T52/><D104/><U14/><E62/><V61/><F11/><W105/><G105/><T85/><D73/><U115/><E115/><V6/><F6/><N who="1" m="2665" /><E81/><V21/><F21/><W78/><G78/><T20/><D50/><U47/><E134/><N who="0" m="51817" /><D15/><U86/><E32/><V122/><F122/><W128/><G135/><T46/><D46/><U111/><E35/><V94/><F67/><W33/><G128/><T88/><D77/><U16/><E111/><V9/><F9/><W95/><G95/><T70/><D70/><AGARI ba="0,0" hai="39,43,45,61,63,64,66,69,70,89,92,93,94,99" machi="70" ten="30,2000,0" yaku="7,1,9,1" doraHai="22" who="2" fromWho="0" sc="267,-20,170,0,272,20,291,0" /><INIT seed="4,0,0,5,5,0" ten="247,170,292,291" oya="0" hai0="26,83,53,91,77,79,119,134,56,127,48,106,67" hai1="36,5,60,51,58,8,116,101,61,11,114,52,94" hai2="45,118,100,107,81,69,124,85,30,22,105,80,28" hai3="135,65,41,14,126,19,121,3,17,40,113,68,18"/><T88/><D119/><U25/><E116/><V59/><F118/><W98/><G3/><T47/><D106/><U133/><E36/><V43/><F59/><W92/><G113/><T9/><D134/><U104/><E133/><V110/><F69/><W72/><G72/><T1/><D127/><U103/><E114/><V10/><F110/><W90/><G135/><T129/><D129/><U128/><E128/><V123/><F10/><N who="3" m="6359" /><G68/><T86/><D26/><U89/><E104/><V35/><F81/><W7/><G7/><T112/><D112/><U2/><E25/><V50/><F35/><W23/><G126/><T6/><REACH who="0" step="1"/><D79/><REACH who="0" ten="237,170,292,291" step="2"/><U93/><E11/><V62/><F124/><W96/><G121/><T108/><D108/><U87/><REACH who="1" step="1"/><E103/><REACH who="1" ten="237,160,292,291" step="2"/><V102/><F100/><W33/><G33/><T75/><D75/><U46/><E46/><V76/><F102/><W37/><G37/><T42/><D42/><U66/><E66/><V16/><F107/><W32/><G32/><T97/><D97/><AGARI ba="0,2" hai="2,5,8,51,52,58,60,61,87,89,93,94,97,101" machi="97" ten="40,8000,1" yaku="1,1,52,1,54,1,53,1" doraHai="0" doraHaiUra="84" who="1" fromWho="0" sc="237,-80,160,100,292,0,291,0" /><INIT seed="5,0,0,0,3,62" ten="157,260,292,291" oya="1" hai0="10,40,129,80,69,72,19,104,57,7,109,1,90" hai1="117,76,16,86,89,87,18,123,98,37,115,114,106" hai2="15,45,77,29,75,103,63,110,3,126,121,105,47" hai3="81,131,67,73,127,36,50,43,130,42,49,134,93"/><U133/><E37/><V111/><F3/><W78/><G127/><T4/><D109/><U23/><E123/><V122/><F29/><W41/><G134/><T6/><D69/><U9/><E117/><V92/><F15/><W88/><G67/><T5/><D129/><N who="3" m="49161" /><G36/><T128/><D128/><U71/><E71/><V64/><F92/><W68/><G68/><T55/><D104/><U112/><E133/><V0/><F77/><W135/><G135/><T54/><D40/><U26/><E76/><V91/><F103/><W85/><AGARI ba="0,0" hai="41,42,43,49,50,73,78,81,85,88,93" m="49161" machi="85" ten="30,2000,0" yaku="19,1,54,1" doraHai="62" who="3" fromWho="3" sc="157,-5,260,-10,292,-5,291,20" owari="152,-35.0,250,-15.0,287,9.0,311,41.0" /></mjloggm>