<mjloggm ver="2.3"><GO type="169" lobby="0"/><UN n0="%6D%61%74%69%6F%73%61%6E" n1="%41%2E%4B%39%6D%65%63" n2="%30%30%73%61%69" n3="%E3%83%88%E3%83%88%E3%83%AA%E5%85%88%E7%94%9F%31%39%E6%AD%B3" dan="16,16,17,19" rate="2033.41,2119.33,2108.46,2253.01" sx="M,M,M,F"/><TAIKYOKU oya="0"/><INIT seed="0,0,0,3,2,130" ten="250,250,250,250" oya="0" hai0="96,29,31,24,103,34,99,47,3,75,37,22,85" hai1="135,107,108,60,116,35,81,119,98,115,5,1,26" hai2="57,84,66,97,64,124,8,120,55,18,117,126,129" hai3="33,104,4,17,48,121,122,89,111,128,11,46,13"/><T43/><D75/><U52/><E81/><V78/><F120/><N who="3" m="46187" /><G128/><T82/><D3/><U105/><E108/><V106/><F117/><W50/><G111/><T67/><D67/><U90/><E115/><V109/><F109/><W16/><G33/><T6/><D6/><U125/><E125/><N who="2" m="48235" /><F84/><W100/><G50/><T118/><D118/><U77/><E77/><V56/><F56/><W68/><G68/><T65/><D65/><U62/><E116/><V28/><F28/><W92/><G100/><T21/><D31/><U76/><E76/><V54/><F54/><N who="3" m="29975" /><G104/><T15/><D15/><U58/><E105/><V39/><F39/><W133/><G133/><T10/><D10/><U79/><E135/><V69/><F69/><W36/><G36/><T112/><D112/><U30/><E119/><V87/><F106/><W7/><G17/><T38/><D38/><U86/><E107/><V131/><F66/><W49/><G49/><T40/><D40/><U27/><E62/><N who="2" m="36159" /><F64/><W32/><G32/><T19/><D103/><U80/><E35/><V113/><F113/><W25/><G25/><T44/><D44/><U123/><E123/><V102/><F102/><W0/><G0/><T9/><D34/><U114/><E114/><V127/><F127/><W73/><G73/><T91/><REACH who="0" step="1"/><D9/><REACH who="0" ten="240,250,250,250" step="2"/><N who="1" m="2223" /><E30/><V42/><F42/><W45/><G45/><T134/><D134/><U83/><E26/><V41/><F41/><W70/><G70/><T88/><D88/><U101/><E27/><V63/><F129/><W110/><G110/><T23/><D23/><U51/><E90/><V2/><F131/><RYUUKYOKU ba="0,1" sc="240,15,250,-15,250,-15,250,15" hai0="19,21,22,24,29,37,43,47,82,85,91,96,99" hai3="4,7,11,13,16,89,92" /><INIT seed="0,1,1,5,0,106" ten="255,235,235,265" oya="0" hai0="31,33,20,50,55,120,46,124,104,83,110,17,126" hai1="88,86,130,32,118,84,54,123,82,93,28,9,35" hai2="1,95,5,40,96,79,43,15,30,108,132,60,10" hai3="6,47,51,125,102,58,94,116,73,27,8,122,112"/><T121/><D104/><U119/><E123/><V3/><F108/><W48/><G112/><T53/><D110/><U76/><E130/><V25/><F132/><W67/><G116/><T90/><D31/><U74/><E9/><V131/><F131/><W36/><G125/><N who="0" m="48235" /><D33/><U115/><E115/><V129/><F129/><W18/><G122/><T87/><D55/><U80/><E54/><V98/><F98/><W22/><G73/><T39/><D39/><U91/><REACH who="1" step="1"/><E28/><REACH who="1" ten="255,225,235,265" step="2"/><V59/><F1/><W133/><G8/><T29/><D29/><U0/><E0/><V26/><F3/><W2/><G2/><T64/><D64/><U19/><E19/><V34/><F30/><W21/><G18/><T41/><D53/><U103/><E103/><V77/><F34/><AGARI ba="1,2" hai="32,34,35,74,76,80,82,84,86,88,91,93,118,119" machi="34" ten="40,5200,0" yaku="1,1,52,1,54,1,53,0" doraHai="106" doraHaiUra="62" who="1" fromWho="2" sc="255,0,225,75,235,-55,265,0" /><INIT seed="1,0,0,2,0,14" ten="255,300,180,265" oya="1" hai0="112,99,85,21,0,111,116,57,55,17,72,80,94" hai1="126,61,15,33,67,39,115,5,26,105,109,122,134" hai2="123,51,96,6,119,97,16,98,130,87,78,49,31" hai3="118,131,121,41,28,19,42,79,103,133,29,93,32"/><U117/><RYUUKYOKU type="yao9" ba="0,0" sc="255,0,300,0,180,0,265,0" hai1="5,15,26,33,39,61,67,105,109,115,117,122,126,134" /><INIT seed="1,1,0,0,0,2" ten="255,300,180,265" oya="1" hai0="119,83,99,121,92,113,98,118,15,67,134,133,96" hai1="100,91,128,57,18,55,124,28,132,21,41,50,62" hai2="65,29,70,3,14,51,56,10,71,44,72,9,101" hai3="46,58,77,20,48,89,90,94,117,82,63,8,80"/><U45/><E128/><V25/><F72/><W43/><G117/><T97/><D67/><U60/><E132/><N who="0" m="50793" /><D15/><U11/><E124/><V26/><F101/><W78/><G20/><T129/><D129/><U135/><E135/><V27/><F29/><W86/><G8/><T103/><D113/><U127/><E127/><V114/><F114/><W81/><REACH who="3" step="1"/><G90/><REACH who="3" ten="255,300,180,255" step="2"/><T36/><D121/><U93/><E100/><V68/><F10/><W33/><G33/><T37/><D119/><U125/><E125/><V40/><F3/><W5/><G5/><T52/><D118/><U6/><E28/><V84/><F9/><W23/><G23/><T69/><D69/><U123/><E123/><V19/><F70/><W12/><G12/><T79/><D103/><U104/><E11/><N who="2" m="6623" /><F71/><W105/><G105/><T66/><D79/><U115/><E104/><V22/><F68/><W61/><G61/><T106/><D106/><U31/><E115/><V87/><F22/><W42/><G42/><T47/><D99/><N who="1" m="57791" /><E31/><V107/><F107/><W16/><G16/><T24/><D98/><U30/><E30/><V88/><F88/><W1/><G1/><T38/><D97/><U95/><E95/><V131/><F131/><W35/><G35/><T34/><D96/><U49/><E6/><V130/><F130/><W111/><G111/><T39/><D92/><U126/><E126/><V76/><F76/><W64/><AGARI ba="1,1" hai="43,46,48,58,63,64,77,78,80,81,82,86,89,94" machi="64" ten="30,4000,0" yaku="1,1,0,1,8,1,53,0" doraHai="2" doraHaiUra="0" who="3" fromWho="3" sc="255,-11,300,-21,180,-11,255,53" /><INIT seed="2,0,0,2,4,32" ten="244,279,169,308" oya="2" hai0="120,19,7,108,4,26,2,29,41,102,75,0,114" hai1="112,58,106,81,28,100,103,3,126,22,15,110,70" hai2="48,10,122,52,94,50,59,17,99,40,20,57,53" hai3="30,38,63,132,130,49,101,90,45,84,61,104,105"/><V92/><F122/><W62/><G38/><T18/><D75/><U33/><E112/><V98/><F10/><W97/><G130/><T23/><D114/><U14/><E70/><V87/><F40/><W135/><G30/><T24/><D120/><U121/><E121/><V124/><F124/><W65/><G105/><T72/><D72/><U93/><E126/><V115/><F115/><W36/><G36/><T78/><D78/><U91/><E106/><V88/><F94/><W68/><G135/><T134/><D102/><U89/><E33/><V118/><F118/><W113/><G132/><T86/><D86/><N who="1" m="50383" /><E3/><N who="0" m="1065" /><D41/><U83/><E83/><V71/><F71/><W80/><G113/><T21/><D134/><U129/><E129/><V116/><F116/><W128/><G128/><T82/><D82/><U60/><E14/><AGARI ba="0,0" hai="14,17,20,48,50,52,53,57,59,87,88,92,98,99" machi="14" ten="30,18000,2" yaku="7,1,9,1,25,2,8,1,54,2" doraHai="32" who="2" fromWho="1" sc="244,0,279,-180,169,180,308,0" /><INIT seed="2,1,0,2,5,86" ten="244,99,349,308" oya="2" hai0="114,16,116,92,119,118,72,40,70,6,66,63,83" hai1="84,87,85,28,33,69,57,113,111,109,75,79,60" hai2="26,98,127,78,38,4,59,71,21,34,17,76,130" hai3="100,39,52,117,55,73,104,133,64,47,41,25,37"/><V29/><F71/><W108/><G117/><T54/><D114/><U123/><E113/><V80/><F38/><W58/><G73/><T99/><D6/><U94/><E69/><V62/><F130/><W131/><G131/><T31/><D31/><U129/><E129/><V93/><F4/><W77/><G77/><N who="0" m="44455" /><D40/><U49/><E49/><V96/><F127/><W7/><G7/><T103/><D54/><N who="3" m="20521" /><G25/><T56/><D16/><U105/><E105/><V20/><F34/><W30/><G100/><T43/><D43/><U24/><E123/><V124/><F124/><W126/><G104/><T61/><D61/><U11/><E11/><V12/><F80/><W42/><G30/><T19/><D19/><U101/><E75/><V44/><F44/><N who="3" m="23599" /><G126/><T18/><D18/><U134/><E79/><N who="2" m="30251" /><F93/><W128/><G128/><T135/><D70/><U45/><E45/><V82/><F82/><W88/><G64/><AGARI ba="1,0" hai="12,17,20,21,26,29,59,62,64,96,98" m="30251" machi="64" ten="30,1500,0" yaku="8,1" doraHai="86" who="2" fromWho="3" sc="244,0,99,0,349,18,308,-18" /><INIT seed="2,2,0,5,4,104" ten="244,99,367,290" oya="2" hai0="29,67,79,90,43,127,123,93,33,115,97,81,88" hai1="108,39,49,128,13,129,6,25,68,133,122,107,4" hai2="84,86,30,23,19,103,95,18,7,37,89,132,54" hai3="114,21,109,110,100,112,120,31,1,75,82,83,125"/><V38/><F38/><W69/><G69/><T14/><D115/><N who="3" m="44073" /><G1/><T126/><D123/><U10/><E39/><V55/><F37/><W56/><G120/><T57/><D43/><U73/><E107/><V91/><F132/><W76/><G125/><N who="0" m="47627" /><D14/><U41/><E68/><V130/><F103/><W102/><G56/><T58/><D67/><U5/><E122/><V119/><F119/><W113/><N who="3" m="44081" /><W121/><DORA hai="20" /><G121/><T85/><D90/><U52/><E41/><V47/><F47/><W101/><G83/><T3/><D3/><U51/><E51/><V9/><F55/><W98/><G98/><T96/><D97/><U134/><E108/><V94/><F54/><W77/><G77/><T24/><AGARI ba="2,0" hai="24,29,33,57,58,79,81,85,88,93,96" m="47627" machi="24" ten="30,4000,0" yaku="18,1,52,1,54,1" doraHai="104,20" who="0" fromWho="0" sc="244,46,99,-12,367,-22,290,-12" /><INIT seed="3,0,0,2,4,2" ten="290,87,345,278" oya="3" hai0="50,60,126,72,28,130,70,65,68,51,110,134,41" hai1="13,42,38,47,111,124,73,88,97,94,49,103,82" hai2="62,25,30,120,46,132,14,85,114,96,123,16,44" hai3="99,22,135,29,117,98,129,35,0,24,104,113,55"/><W6/><G113/><T61/><D72/><U81/><E111/><V67/><F96/><W37/><G117/><T66/><D28/><U11/><E124/><V108/><F85/><W40/><G129/><T87/><D87/><U125/><E125/><V1/><F1/><W133/><G55/><T106/><D106/><U32/><E32/><V20/><F114/><W69/><G69/><T39/><D126/><U12/><E73/><V77/><F77/><W36/><G22/><T4/><D4/><U86/><E13/><V78/><F78/><W33/><G33/><T115/><D110/><U127/><E127/><V100/><F100/><N who="3" m="62487" /><G99/><T107/><D107/><U93/><REACH who="1" step="1"/><E38/><REACH who="1" ten="290,77,345,278" step="2"/><N who="3" m="14954" /><G40/><T80/><D115/><U52/><E52/><V8/><F108/><W15/><G15/><T79/><D130/><U64/><E64/><V118/><F67/><W56/><G56/><T45/><D134/><U121/><E121/><V10/><F132/><W119/><G119/><T21/><D21/><U71/><E71/><V26/><F118/><W63/><G135/><T75/><AGARI ba="0,1" hai="39,41,45,50,51,60,61,65,66,68,70,75,79,80" machi="75" ten="20,2700,0" yaku="0,1,7,1,9,1" doraHai="2" who="0" fromWho="0" sc="290,37,77,-7,345,-7,278,-13" /><INIT seed="4,0,0,0,1,13" ten="327,70,338,265" oya="0" hai0="37,50,66,94,121,93,106,82,67,77,36,118,53" hai1="102,34,4,73,130,64,15,110,39,32,105,81,75" hai2="44,43,107,1,8,115,58,29,38,126,71,100,117" hai3="135,14,11,17,122,3,114,92,31,70,113,20,18"/><T132/><D106/><U23/><E110/><V9/><F9/><W111/><G70/><T41/><D118/><U91/><E39/><V95/><F95/><W16/><G111/><T60/><D121/><U65/><E105/><V0/><F58/><W40/><G122/><T46/><D132/><U22/><E102/><V45/><F45/><W96/><G135/><T24/><D36/><U116/><E81/><V76/><F115/><N who="3" m="44043" /><G40/><T63/><D24/><U47/><E47/><V88/><F117/><W127/><G127/><T28/><D28/><U112/><E112/><V52/><F126/><W78/><G78/><T101/><D41/><U30/><E116/><V128/><F76/><W21/><G3/><T124/><D37/><U90/><E15/><V68/><F100/><N who="3" m="60423" /><G31/><T79/><D124/><U134/><E30/><V104/><F29/><W119/><G119/><T61/><D101/><U12/><E12/><V54/><F43/><W51/><G51/><T85/><REACH who="0" step="1"/><D79/><REACH who="0" ten="317,70,338,265" step="2"/><U129/><REACH who="1" step="1"/><E134/><REACH who="1" ten="317,60,338,265" step="2"/><V69/><F104/><W97/><G11/><T59/><D59/><U6/><AGARI ba="0,2" hai="4,6,22,23,32,34,64,65,73,75,90,91,129,130" machi="6" ten="25,12000,2" yaku="1,1,2,1,0,1,22,2,53,2" doraHai="13" doraHaiUra="84" who="1" fromWho="1" sc="317,-60,60,140,338,-30,265,-30" /><INIT seed="5,0,0,5,4,122" ten="257,200,308,235" oya="1" hai0="10,27,85,72,67,54,103,59,130,88,95,104,108" hai1="43,118,98,26,91,126,36,79,80,24,22,102,7" hai2="28,17,12,90,21,52,115,74,105,4,66,50,0" hai3="133,29,35,106,1,86,128,132,9,49,111,40,3"/><U83/><E118/><V42/><F74/><W73/><G106/><T30/><D130/><U34/><E126/><V63/><F105/><W82/><G73/><T110/><D72/><U125/><E125/><V120/><F42/><W45/><G128/><T113/><D10/><U33/><E7/><V19/><F0/><W60/><G111/><T53/><D67/><U11/><E11/><V116/><F116/><W23/><G35/><T31/><D113/><U96/><E91/><V121/><F4/><W100/><G100/><T76/><D76/><U37/><E43/><V119/><F28/><W68/><G9/><T75/><D75/><U2/><E22/><V41/><F41/><W114/><G114/><T16/><D54/><U112/><E112/><V13/><F90/><N who="3" m="51543" /><G60/><T8/><D31/><U18/><E18/><V81/><F19/><W32/><G68/><T51/><D104/><U99/><E99/><V129/><F13/><W47/><G47/><T46/><D103/><U107/><E107/><V14/><F14/><W61/><G61/><T39/><D46/><U70/><E102/><V101/><F101/><W6/><G32/><T20/><REACH who="0" step="1"/><D39/><REACH who="0" ten="247,200,308,235" step="2"/><U123/><E79/><V84/><F115/><W93/><G6/><T87/><D87/><U78/><E78/><N who="2" m="46135" /><F129/><W48/><G40/><T89/><D89/><U127/><E127/><V25/><F66/><W55/><G55/><T97/><D97/><U58/><E70/><V5/><F52/><W131/><G29/><T56/><D56/><U109/><E58/><V44/><F44/><W94/><G45/><T69/><D69/><RYUUKYOKU ba="0,1" sc="247,30,200,-10,308,-10,235,-10" hai0="8,16,20,27,30,51,53,59,85,88,95,108,110" /><INIT seed="6,1,1,2,5,21" ten="277,190,298,225" oya="2" hai0="32,71,69,9,59,112,63,99,125,115,44,28,15" hai1="19,57,5,8,124,84,66,131,17,40,34,127,6" hai2="65,26,77,50,91,11,0,106,73,113,47,24,76" hai3="85,75,51,18,83,37,22,23,60,92,49,134,48"/><V110/><F106/><W79/><G37/><T90/><D125/><N who="1" m="48203" /><E40/><V68/><F68/><W96/><G134/><T39/><D28/><U56/><E84/><V135/><F0/><W61/><G23/><T130/><D32/><U35/><E66/><V120/><F73/><W53/><G75/><T2/><D130/><U128/><E57/><V46/><F65/><W82/><G82/><T1/><D71/><U97/><E56/><V114/><F11/><W93/><G53/><T121/><D69/><U102/><E97/><V122/><F135/><W14/><REACH who="3" step="1"/><G93/><REACH who="3" ten="277,190,298,215" step="2"/><N who="0" m="56759" /><D121/><U12/><E102/><AGARI ba="1,2" hai="14,18,22,48,49,51,60,61,79,83,85,92,96,102" machi="102" ten="40,2600,0" yaku="1,1,8,1,53,0" doraHai="21" doraHaiUra="126" who="3" fromWho="1" sc="277,0,190,-29,298,0,215,49" /><INIT seed="7,0,0,2,5,70" ten="277,161,298,264" oya="3" hai0="135,8,63,51,37,76,90,5,59,115,16,29,97" hai1="11,30,131,78,35,60,66,69,133,71,33,12,6" hai2="17,108,89,105,46,58,21,124,121,85,68,57,7" hai3="79,4,128,134,104,83,119,91,87,52,122,9,67"/><W127/><G119/><T102/><D76/><U28/><E71/><V61/><F108/><W56/><G122/><T40/><D29/><U130/><E78/><V81/><F105/><W110/><G104/><T74/><D74/><U95/><E133/><V72/><F72/><W101/><G101/><T73/><D73/><U24/><REACH who="1" step="1"/><E95/><REACH who="1" ten="277,151,298,264" step="2"/><V64/><F68/><W88/><G134/><T34/><D135/><U117/><E117/><V3/><F121/><W116/><G116/><T93/><D115/><U31/><E31/><V53/><F81/><W84/><G110/><T1/><D93/><U107/><E107/><V22/><F124/><W45/><G127/><T80/><D80/><U111/><E111/><V32/><F32/><W54/><G128/><T120/><D34/><U114/><E114/><V14/><F22/><W49/><G67/><T106/><D120/><U44/><E44/><V48/><F46/><W10/><G4/><T47/><D106/><U38/><E38/><V39/><F39/><W20/><G20/><T62/><D37/><U113/><E113/><V92/><F7/><W129/><G129/><T26/><D47/><U112/><E112/><V132/><F132/><W118/><G118/><T13/><D5/><U18/><E18/><V36/><F36/><W43/><G43/><T25/><D40/><U82/><E82/><V103/><F3/><W75/><G75/><T2/><D1/><U94/><E94/><V96/><F96/><W27/><G79/><T98/><D2/><U100/><E100/><AGARI ba="0,1" hai="14,17,21,48,53,57,58,61,64,85,89,92,100,103" machi="100" ten="40,5200,0" yaku="25,2,8,1" doraHai="70" who="2" fromWho="1" sc="277,0,151,-52,298,62,264,0" owari="277,8.0,99,-40.0,360,46.0,264,-14.0" /></mjloggm>