<mjloggm ver="2.3"><GO type="169" lobby="0"/><UN n0="%73%61%69%72%61%73%75" n1="%E5%B0%B1%E6%B4%BB%E7%94%9F%40%E5%B7%9D%E6%9D%91%E8%BB%8D%E5%9B%A3" n2="%E3%83%8F%E3%82%A4%E3%83%86%E3%83%B3%E3%83%9C%E3%83%BC" n3="%E5%8D%97%E8%A9%A9%E4%B9%83" dan="17,17,16,16" rate="2153.93,2197.53,2136.44,2064.14" sx="M,M,M,F"/><TAIKYOKU oya="0"/><INIT seed="0,0,0,5,1,38" ten="250,250,250,250" oya="0" hai0="85,51,1,99,129,64,112,42,15,76,33,61,82" hai1="116,24,115,71,77,119,16,5,132,3,65,80,63" hai2="101,102,27,131,50,92,111,12,32,23,35,37,49" hai3="29,54,14,6,41,83,58,107,48,44,36,19,73"/><T122/><D122/><U86/><E115/><V75/><F37/><W40/><G107/><T20/><D112/><U60/><E132/><V28/><F75/><W10/><G29/><T47/><D1/><U103/><E103/><V30/><F131/><W114/><G114/><T26/><D129/><U4/><E63/><V113/><F113/><W123/><G123/><T118/><D118/><U105/><E105/><V7/><F111/><W91/><G91/><T87/><D33/><U97/><E97/><V104/><F104/><W94/><G94/><T95/><D15/><U127/><E127/><V17/><F7/><W0/><G19/><T39/><D39/><U106/><E106/><V59/><F92/><W117/><G117/><T21/><D26/><U120/><E120/><V109/><F109/><W135/><G135/><T62/><D87/><U11/><REACH who="1" step="1"/><E4/><REACH who="1" ten="250,240,250,250" step="2"/><V43/><F102/><W130/><G130/><T67/><D62/><U45/><E45/><V84/><F101/><W121/><G121/><T89/><REACH who="0" step="1"/><D64/><REACH who="0" ten="240,240,250,250" step="2"/><U81/><E81/><V9/><F35/><W13/><REACH who="3" step="1"/><G40/><REACH who="3" ten="240,240,250,240" step="2"/><T100/><D100/><U2/><E2/><V72/><F43/><W8/><G8/><T93/><D93/><U53/><E53/><V56/><F32/><W79/><AGARI ba="0,3" hai="0,6,10,13,14,36,41,44,48,54,58,73,79,83" machi="79" ten="30,8000,1" yaku="1,1,0,1,25,2,52,1,53,0" doraHai="38" doraHaiUra="57" who="3" fromWho="3" sc="240,-40,240,-20,250,-20,240,110" /><INIT seed="1,0,0,0,1,134" ten="200,220,230,350" oya="1" hai0="87,6,113,84,96,90,53,107,5,19,129,64,62" hai1="108,120,121,98,100,46,9,81,66,128,94,43,16" hai2="79,28,124,18,72,20,132,54,45,116,85,104,133" hai3="131,67,70,127,82,68,75,103,13,52,73,7,39"/><U110/><E66/><V31/><F116/><W56/><G39/><T50/><D113/><U38/><E128/><V88/><F104/><W122/><G131/><T30/><D129/><U42/><E43/><V126/><F79/><W58/><G103/><T27/><D19/><U22/><E9/><V48/><F72/><W60/><G122/><T32/><D87/><U0/><E0/><V23/><F31/><W44/><G7/><T112/><D112/><U15/><REACH who="1" step="1"/><E81/><REACH who="1" ten="200,210,230,350" step="2"/><N who="2" m="49199" /><F28/><W36/><G82/><T12/><D64/><U92/><E92/><V115/><F115/><W47/><G73/><T135/><D107/><U77/><E77/><V111/><F111/><AGARI ba="0,1" hai="15,16,22,38,42,46,94,98,100,108,110,111,120,121" machi="111" ten="40,12000,1" yaku="1,1,14,1,10,1,54,1,53,0" doraHai="134" doraHaiUra="55" who="1" fromWho="2" sc="200,0,210,130,230,-120,350,0" /><INIT seed="1,1,0,2,4,19" ten="200,340,110,350" oya="1" hai0="17,134,84,77,56,125,68,108,57,74,37,4,30" hai1="12,70,102,43,60,64,116,99,50,13,11,32,67" hai2="82,16,34,120,15,1,89,33,69,80,81,121,86" hai3="62,72,23,24,112,38,63,40,122,111,18,90,49"/><U6/><E116/><V35/><F69/><W31/><G72/><T104/><D4/><U100/><E67/><V87/><F1/><W48/><G112/><T127/><D68/><U135/><E135/><V46/><F46/><W54/><G122/><T20/><D104/><U132/><E132/><V42/><F42/><W117/><G111/><T22/><D134/><U93/><E32/><V36/><F36/><W28/><G117/><T5/><D74/><U26/><E26/><V27/><F27/><W71/><G71/><T39/><D5/><U133/><E133/><V53/><F53/><W107/><G107/><T78/><D30/><N who="3" m="11305" /><G38/><T14/><D108/><U110/><E110/><V3/><F3/><W52/><G40/><T59/><D84/><U2/><E102/><V9/><REACH who="2" step="1"/><F80/><REACH who="2" ten="200,340,100,350" step="2"/><W95/><G54/><T7/><D39/><U58/><E43/><V0/><F0/><W21/><G49/><T92/><D37/><U118/><E118/><V91/><AGARI ba="1,1" hai="9,15,16,33,34,35,81,82,86,87,89,91,120,121" machi="91" ten="30,7900,0" yaku="1,1,0,1,9,1,54,1,53,0" doraHai="19" doraHaiUra="88" who="2" fromWho="2" sc="200,-21,340,-40,100,92,350,-21" /><INIT seed="2,0,0,4,5,92" ten="179,300,192,329" oya="2" hai0="97,91,94,18,84,7,0,121,100,105,63,20,25" hai1="134,83,95,19,104,86,29,106,129,130,120,6,71" hai2="93,52,119,82,107,122,34,36,116,57,69,128,131" hai3="53,1,68,10,15,32,39,78,17,88,2,54,62"/><V33/><F107/><W65/><G39/><T64/><D121/><U133/><E71/><V30/><F69/><W13/><G32/><T66/><REACH who="0" step="1"/><D63/><REACH who="0" ten="169,300,192,329" step="2"/><U61/><E120/><V80/><F122/><W47/><G78/><T77/><D77/><N who="1" m="46447" /><E61/><V115/><F115/><W102/><G102/><T42/><D42/><U112/><E19/><V50/><F36/><W27/><G2/><T5/><D5/><U59/><E29/><V79/><F30/><W74/><G1/><T108/><D108/><U72/><E6/><V56/><F119/><W38/><G27/><T127/><D127/><U87/><E112/><V37/><F116/><W46/><G15/><T16/><D16/><U45/><E59/><V9/><F57/><W124/><G124/><T12/><D12/><U110/><E45/><V28/><F28/><W41/><G47/><T135/><D135/><N who="1" m="51723" /><E110/><V14/><F37/><W3/><G3/><T11/><AGARI ba="0,1" hai="0,7,11,18,20,25,64,66,84,91,94,97,100,105" machi="11" ten="30,4000,0" yaku="1,1,0,1,52,1,53,0" doraHai="92" doraHaiUra="55" who="0" fromWho="0" sc="169,50,300,-10,192,-20,329,-10" /><INIT seed="3,0,0,1,3,33" ten="219,290,172,319" oya="3" hai0="116,8,91,10,73,74,78,20,63,28,105,16,130" hai1="81,68,121,59,3,120,93,92,83,60,18,85,90" hai2="37,17,71,113,86,14,108,109,123,95,87,62,54" hai3="65,34,43,5,53,97,32,2,129,133,122,51,35"/><W40/><G122/><T132/><D116/><U36/><E68/><V98/><F113/><W19/><G65/><T125/><D105/><U135/><E135/><V119/><F37/><W131/><G19/><T58/><D132/><U118/><E118/><V39/><F39/><W29/><G29/><T55/><D130/><N who="3" m="49673" /><G97/><T102/><D125/><U25/><E36/><V15/><F119/><W23/><G23/><T27/><D102/><U6/><E6/><V72/><F72/><W12/><G12/><T124/><D74/><U128/><E3/><V24/><F24/><W127/><G127/><T44/><D78/><U61/><E128/><V11/><F14/><W114/><G114/><T22/><D73/><U99/><E120/><V76/><F123/><W100/><G100/><T77/><D77/><U117/><E117/><V69/><F76/><W1/><G5/><T47/><D91/><U66/><E61/><V7/><F7/><W64/><G64/><T82/><D82/><U57/><E57/><N who="2" m="35127" /><F71/><W4/><G4/><T70/><D124/><U31/><E121/><V0/><F0/><N who="3" m="107" /><G133/><T104/><D70/><U46/><E18/><V103/><F69/><W96/><G96/><T26/><D104/><U75/><E31/><V49/><F49/><W48/><G48/><T84/><D84/><U56/><E85/><V101/><F101/><W111/><G111/><AGARI ba="0,0" hai="11,15,17,86,87,95,98,103,108,109,111" m="35127" machi="111" ten="30,1000,0" yaku="14,1" doraHai="33" who="2" fromWho="3" sc="219,0,290,0,172,10,319,-10" /><INIT seed="4,0,0,0,1,110" ten="219,290,182,309" oya="0" hai0="67,69,14,15,50,26,75,117,128,120,125,85,70" hai1="89,60,33,52,90,87,106,56,39,58,31,63,48" hai2="64,83,8,97,5,2,40,27,53,65,73,0,80" hai3="72,11,92,41,74,66,119,25,76,123,17,114,20"/><T61/><D120/><U98/><E39/><V7/><F40/><W130/><G119/><T28/><D117/><U54/><E33/><V51/><F27/><W9/><G114/><T13/><D75/><U6/><E31/><V55/><F97/><W23/><G130/><T133/><D128/><U116/><E116/><V32/><F32/><W100/><G41/><T77/><D133/><U22/><E22/><V108/><F108/><W111/><G111/><T99/><D125/><U45/><E6/><V134/><F134/><W4/><G20/><T42/><D70/><U131/><E131/><V118/><F118/><W18/><G18/><T132/><D132/><U107/><E98/><V24/><F24/><W46/><G46/><T94/><D85/><U16/><E16/><V127/><F127/><W12/><G11/><T62/><D77/><U19/><E19/><V43/><F43/><W124/><G124/><T115/><D115/><U105/><REACH who="1" step="1"/><E87/><REACH who="1" ten="219,280,182,309" step="2"/><V68/><F73/><W122/><G122/><T59/><D28/><U37/><E37/><V126/><F126/><W30/><G123/><T44/><D26/><U81/><E81/><V57/><F8/><W103/><G4/><T1/><D1/><U104/><N who="1" m="27136" /><DORA hai="135" /><U38/><E38/><V29/><F29/><W93/><G72/><T95/><REACH who="0" step="1"/><D99/><REACH who="0" ten="209,280,182,309" step="2"/><U102/><E102/><V101/><F101/><W49/><G74/><T82/><D82/><U88/><E88/><V47/><F2/><W96/><G100/><T79/><D79/><U10/><E10/><V3/><F3/><W21/><G76/><T84/><D84/><RYUUKYOKU ba="0,2" sc="209,15,280,15,182,-15,309,-15" hai0="13,14,15,42,44,50,59,61,62,67,69,94,95" hai1="45,48,52,54,56,58,60,63,89,90" /><INIT seed="4,1,2,3,5,11" ten="224,295,167,294" oya="0" hai0="97,86,28,75,110,37,49,118,36,114,96,111,5" hai1="135,80,103,93,129,87,41,53,64,60,59,127,32" hai2="99,92,70,133,58,108,20,115,19,51,122,95,47" hai3="66,77,21,104,14,131,63,130,69,4,16,18,68"/><T29/><D114/><U15/><E32/><V35/><F70/><W46/><G104/><T40/><D118/><U57/><E129/><N who="3" m="49162" /><G46/><N who="0" m="25799" /><D75/><U120/><E120/><V85/><F35/><W67/><G4/><T54/><D5/><U7/><E135/><V26/><F108/><N who="0" m="41514" /><D54/><U94/><E41/><V79/><F122/><W90/><G77/><T56/><D56/><U48/><E103/><V81/><F115/><W33/><G33/><T24/><D29/><U43/><E43/><V116/><F116/><W45/><G45/><T42/><D86/><U83/><E127/><V119/><F119/><W62/><G18/><T109/><N who="0" m="41522" /><T1/><DORA hai="9" /><D1/><U65/><E65/><V132/><F58/><W112/><G90/><T12/><D12/><U126/><E126/><V124/><F124/><W44/><G44/><N who="0" m="23623" /><D37/><U100/><E100/><V134/><F99/><W52/><G52/><AGARI ba="1,2" hai="19,20,26,47,51,52,79,81,85,92,95,132,133,134" machi="52" ten="40,2600,0" yaku="20,1,54,1" doraHai="11,9" who="2" fromWho="3" sc="224,0,295,0,167,49,294,-29" /><INIT seed="5,0,0,5,1,111" ten="224,295,216,265" oya="1" hai0="49,14,128,130,7,40,129,67,52,102,5,69,79" hai1="135,28,55,126,103,10,89,98,116,44,1,112,84" hai2="127,78,4,86,60,58,30,68,47,119,80,132,43" hai3="115,100,45,64,19,63,92,120,35,32,113,123,22"/><U73/><E116/><V0/><F119/><W109/><G45/><T26/><D40/><U48/><E73/><V38/><F132/><W46/><G46/><N who="0" m="27703" /><D102/><U106/><E126/><V101/><F127/><W53/><G53/><T59/><D79/><U75/><E75/><V81/><F68/><N who="3" m="42015" /><G92/><T74/><D74/><U82/><E135/><V95/><F81/><W85/><G85/><T118/><D118/><U27/><E10/><V54/><F30/><W91/><G91/><T66/><D26/><U12/><E12/><V51/><F0/><W90/><G90/><T37/><D37/><U105/><E105/><V61/><REACH who="2" step="1"/><F4/><REACH who="2" ten="224,295,206,265" step="2"/><W2/><G2/><T41/><D7/><U25/><E1/><V114/><F114/><N who="3" m="43531" /><G100/><T39/><D129/><U34/><E112/><V87/><F87/><W107/><G107/><T131/><D128/><U97/><E97/><AGARI ba="0,1" hai="38,43,47,51,54,58,60,61,78,80,86,95,97,101" machi="97" ten="40,1300,0" yaku="1,1,53,0" doraHai="111" doraHaiUra="117" who="2" fromWho="1" sc="224,0,295,-13,206,23,265,0" /><INIT seed="6,0,0,5,0,21" ten="224,282,229,265" oya="2" hai0="102,44,63,123,33,52,72,45,120,65,130,60,10" hai1="93,78,40,103,99,25,110,90,55,32,94,39,83" hai2="117,128,106,7,125,76,14,3,127,28,43,16,50" hai3="19,17,5,121,22,97,51,35,24,2,75,111,62"/><V114/><F106/><W26/><G75/><T98/><D72/><U107/><E110/><V15/><F117/><W41/><G111/><T86/><D10/><U20/><E32/><V133/><F3/><W108/><G108/><T18/><D86/><U12/><E12/><V0/><F0/><W38/><G38/><T134/><D18/><U85/><E55/><V13/><F114/><W115/><G121/><T70/><D134/><U113/><E113/><V56/><F133/><W81/><G81/><T64/><D33/><U71/><E71/><V73/><F128/><W46/><G115/><T27/><D27/><U69/><E69/><V9/><F28/><W31/><G97/><T42/><D102/><U89/><E89/><V59/><F76/><W57/><G2/><T135/><D98/><U48/><E39/><V132/><F73/><W104/><G5/><T105/><D105/><U101/><E94/><V58/><F132/><W49/><G104/><T88/><D88/><U54/><E40/><V87/><F87/><W79/><G79/><T23/><D23/><U84/><E84/><V124/><F7/><W77/><G77/><T61/><D130/><U92/><E92/><V11/><F16/><W118/><G118/><T6/><D6/><U34/><E34/><V80/><F80/><W53/><G19/><T109/><D109/><U67/><E107/><V116/><F116/><W47/><G47/><AGARI ba="0,0" hai="9,11,13,14,15,43,47,50,56,58,59,124,125,127" machi="47" ten="50,9600,0" yaku="29,2,18,1" doraHai="21" who="2" fromWho="3" sc="224,0,282,0,229,96,265,-96" /><INIT seed="6,1,0,0,3,60" ten="224,282,325,169" oya="2" hai0="65,88,117,18,131,79,106,51,95,86,26,5,107" hai1="52,133,36,35,7,27,102,68,66,129,101,34,96" hai2="121,90,64,54,85,2,62,33,48,16,134,70,71" hai3="114,13,32,14,47,3,61,112,1,8,46,126,116"/><V40/><F121/><W30/><G116/><T45/><D131/><U29/><E36/><V84/><F134/><W67/><G32/><T89/><D79/><U80/><E133/><V72/><F72/><W118/><G30/><T83/><D5/><U22/><E129/><V122/><F122/><W63/><G118/><T17/><D65/><U59/><E7/><V50/><F2/><N who="3" m="523" /><G126/><T10/><D117/><U12/><E80/><V78/><F33/><W49/><G49/><T81/><D26/><U105/><E102/><V91/><F78/><W115/><G8/><T108/><D108/><U109/><E109/><V127/><F127/><W123/><G123/><T56/><D56/><U28/><E28/><V82/><F71/><W94/><G94/><N who="0" m="54551" /><D107/><U44/><E44/><N who="3" m="16938" /><G67/><T99/><D106/><U124/><E124/><V120/><F120/><W57/><G57/><T19/><D10/><U73/><E73/><V111/><F111/><W69/><G69/><T25/><D25/><U0/><E0/><V92/><F40/><AGARI ba="1,0" hai="17,18,19,40,45,51,81,83,89,95,99" m="54551" machi="40" ten="30,2000,0" yaku="8,1,54,1" doraHai="60" who="0" fromWho="2" sc="224,23,282,0,325,-23,169,0" /><INIT seed="7,0,0,2,4,76" ten="247,282,302,169" oya="3" hai0="112,67,69,9,124,95,81,50,56,77,63,0,58" hai1="36,33,64,34,91,102,70,19,98,117,114,43,25" hai2="62,89,92,2,46,84,99,127,12,120,59,55,90" hai3="130,6,74,134,105,41,45,75,10,97,132,53,8"/><W71/><G71/><T24/><D124/><U87/><E114/><V125/><F2/><W135/><G53/><T21/><D112/><U60/><E117/><V122/><F12/><W80/><G130/><T49/><D9/><N who="3" m="3689" /><G6/><T18/><D0/><U111/><E111/><V4/><F46/><W72/><G97/><T13/><D13/><U94/><E43/><V128/><F4/><W26/><G26/><T109/><D109/><U115/><E36/><V38/><F38/><N who="3" m="21687" /><G105/><T119/><D119/><U54/><E115/><V48/><F62/><W73/><G73/><T20/><D20/><U31/><E54/><V66/><F66/><W86/><G86/><N who="0" m="48431" /><D69/><U93/><E19/><V14/><F14/><W52/><G52/><N who="0" m="31759" /><D95/><U113/><E113/><V11/><F11/><W47/><G47/><T78/><D78/><AGARI ba="0,0" hai="72,74,75,78,80,132,134,135" m="21687,3689" machi="78" ten="40,3900,0" yaku="20,1,52,1" doraHai="76" who="3" fromWho="0" sc="247,-39,282,0,302,0,169,39" /><INIT seed="7,1,0,1,4,99" ten="208,282,302,208" oya="3" hai0="21,48,88,53,7,42,107,4,2,29,25,114,95" hai1="67,35,92,40,71,9,110,50,58,82,46,22,62" hai2="20,115,38,63,86,87,130,124,37,0,61,75,19" hai3="104,6,11,5,45,69,14,116,108,131,125,129,103"/><W39/><G116/><T13/><D114/><U28/><E110/><V76/><F0/><W89/><G69/><T15/><D107/><U133/><E133/><V77/><F75/><W52/><G108/><T128/><D128/><N who="3" m="49225" /><G125/><T33/><D42/><U84/><E35/><V79/><F130/><W119/><G119/><T109/><D33/><U93/><E9/><V3/><F3/><W96/><G89/><T83/><D83/><U16/><E28/><V134/><F124/><W68/><G68/><T55/><D109/><U60/><E60/><V27/><F134/><W65/><G65/><T135/><D135/><U111/><E111/><V32/><F32/><W106/><G106/><T66/><D66/><U73/><E73/><V91/><F115/><W90/><G90/><T80/><D80/><U97/><E97/><V105/><F105/><W112/><G112/><T49/><D2/><U1/><E1/><V72/><F72/><W56/><G39/><T8/><D13/><N who="1" m="9487" /><E71/><V51/><F87/><W100/><G100/><T17/><D88/><AGARI ba="1,0" hai="40,46,50,58,62,67,82,84,88,92,93" m="9487" machi="88" ten="30,3900,0" yaku="8,1,54,2" doraHai="99" who="1" fromWho="0" sc="208,-42,282,42,302,0,208,0" owari="166,-33.0,324,42.0,302,10.0,208,-19.0" /></mjloggm>