<mjloggm ver="2.3"><GO type="169" lobby="0"/><UN n0="%E3%83%8B%E3%83%A3%E3%83%83%E3%83%94%E3%83%BC%E5%A4%8F%E7%9B%AE" n1="%E5%B0%B1%E6%B4%BB%E7%94%9F%40%E5%B7%9D%E6%9D%91%E8%BB%8D%E5%9B%A3" n2="%E3%81%B5%E3%81%8B%E3%81%A4%E3%81%81%E3%83%BC" n3="%33%31%6A%69%6E" dan="16,17,16,17" rate="2154.78,2185.33,2088.53,2127.53" sx="M,M,M,F"/><TAIKYOKU oya="0"/><INIT seed="0,0,0,2,4,13" ten="250,250,250,250" oya="0" hai0="65,23,57,32,127,45,9,73,108,53,26,15,76" hai1="96,131,46,72,55,114,120,81,8,35,70,0,123" hai2="19,68,77,69,110,67,119,134,80,109,130,58,129" hai3="44,84,90,62,74,118,93,3,28,95,24,7,49"/><T116/><D32/><U20/><E131/><N who="2" m="50187" /><F134/><W87/><G118/><T128/><D116/><U75/><E20/><V48/><F119/><W102/><G74/><T103/><D128/><U122/><E114/><V18/><F48/><W27/><G62/><T115/><D115/><U40/><E55/><V78/><F58/><W125/><G125/><T71/><D127/><U37/><E35/><V111/><F77/><W100/><G3/><T64/><D45/><U117/><E117/><V30/><F30/><W135/><G7/><T38/><D38/><U33/><E33/><V126/><F126/><W98/><G135/><T54/><D103/><N who="3" m="39465" /><G28/><T5/><D71/><N who="2" m="27210" /><F67/><W104/><G104/><T59/><D108/><U112/><E112/><V132/><F132/><W89/><G98/><T42/><D42/><AGARI ba="0,0" hai="24,27,42,44,49,84,87,89,90,93,95" m="39465" machi="42" ten="30,1000,0" yaku="8,1" doraHai="13" who="3" fromWho="0" sc="250,-10,250,0,250,0,250,10" /><INIT seed="1,0,0,4,1,119" ten="240,250,250,260" oya="1" hai0="85,82,19,50,11,69,131,101,17,116,102,48,68" hai1="0,46,40,88,41,99,81,64,124,49,117,76,42" hai2="132,39,109,36,97,134,108,7,94,35,34,63,78" hai3="103,77,56,67,93,6,112,57,127,74,30,104,44"/><U14/><E117/><V90/><F78/><W66/><G112/><T12/><D116/><U91/><E0/><V113/><F7/><W61/><G104/><T22/><D131/><U25/><E124/><V130/><F130/><W10/><G127/><T72/><D72/><U31/><E64/><V32/><F113/><W51/><G30/><T65/><D69/><U125/><E125/><V9/><F9/><W107/><G107/><T89/><D65/><U70/><E70/><V5/><F5/><W27/><G27/><N who="0" m="14799" /><D68/><U1/><E1/><V122/><F122/><W83/><G93/><T62/><D62/><U84/><E14/><V52/><F39/><W110/><G103/><AGARI ba="0,0" hai="11,12,19,48,50,82,85,89,101,102,103" m="14799" machi="103" ten="30,1000,0" yaku="8,1" doraHai="119" who="0" fromWho="3" sc="240,10,250,0,250,0,260,-10" /><INIT seed="2,0,0,4,2,19" ten="250,250,250,250" oya="2" hai0="67,62,79,24,101,110,97,66,38,111,77,46,93" hai1="125,131,108,103,118,128,48,12,90,26,22,122,5" hai2="42,123,87,82,16,121,92,119,129,2,127,69,73" hai3="88,91,109,27,54,60,132,61,0,72,44,78,85"/><V52/><F119/><W36/><G132/><T6/><D6/><U40/><E103/><V14/><F2/><W86/><G109/><N who="0" m="41483" /><D67/><U18/><E108/><V124/><F69/><W53/><G0/><T65/><D65/><U114/><E118/><V30/><F129/><N who="1" m="49737" /><E114/><V9/><F73/><W32/><G72/><T89/><D101/><U11/><E90/><V33/><F42/><W130/><G130/><T81/><D81/><U47/><E125/><N who="2" m="48203" /><F92/><W95/><G78/><T34/><D46/><U70/><E70/><V21/><F33/><W64/><G44/><T126/><D38/><U106/><E106/><V76/><F52/><N who="3" m="20075" /><G36/><T133/><D133/><U13/><E122/><N who="2" m="46603" /><F30/><W115/><G115/><T75/><D75/><U4/><E4/><V56/><F56/><N who="3" m="36871" /><G32/><T113/><D113/><U105/><E105/><V68/><F68/><W94/><G61/><T10/><D126/><U100/><E100/><V135/><F135/><W43/><G43/><T59/><D34/><U7/><E7/><V120/><N who="2" m="46611" /><V84/><DORA hai="29" /><F84/><N who="3" m="52487" /><G27/><AGARI ba="0,0" hai="5,11,12,13,18,22,26,27,40,47,48" m="49737" machi="27" ten="30,2000,0" yaku="19,1,52,1" doraHai="19,29" who="1" fromWho="3" sc="250,0,250,20,250,0,250,-20" /><INIT seed="3,0,0,1,0,1" ten="250,270,250,230" oya="3" hai0="104,115,70,92,83,118,77,107,100,22,48,24,135" hai1="88,84,132,131,112,79,86,127,12,126,31,51,73" hai2="35,87,64,8,119,61,101,59,50,75,38,36,11" hai3="102,68,122,67,71,113,14,55,43,128,46,66,13"/><W20/><G122/><T82/><D118/><U40/><E112/><V58/><F75/><W49/><G113/><T33/><D115/><U121/><E121/><V3/><F35/><W62/><G128/><T103/><D33/><U56/><E131/><V106/><F119/><W114/><G114/><T37/><D37/><U26/><E132/><V54/><F87/><W60/><G102/><T123/><D123/><U2/><E2/><V30/><F30/><W98/><G98/><T111/><D135/><U89/><E73/><V110/><F110/><W91/><G91/><T99/><D70/><U116/><E116/><V90/><F90/><W29/><REACH who="3" step="1"/><G43/><REACH who="3" ten="250,270,250,220" step="2"/><T78/><D103/><U25/><E40/><V15/><F101/><W95/><G95/><T10/><D92/><U133/><E133/><V9/><F106/><W81/><G81/><T53/><D107/><U21/><E89/><V32/><F3/><W69/><G69/><T5/><D83/><U27/><E88/><V72/><F72/><W80/><G80/><T129/><D82/><U19/><E86/><V45/><F32/><W96/><G96/><T4/><D129/><U93/><E84/><V18/><F38/><W125/><G125/><T7/><D111/><U117/><E93/><V6/><F36/><W57/><G57/><N who="0" m="32935" /><D78/><U65/><E79/><V23/><REACH who="2" step="1"/><F58/><REACH who="2" ten="250,270,240,220" step="2"/><W124/><G124/><T44/><D104/><U28/><E117/><V41/><F41/><W39/><G39/><T0/><D100/><U97/><E126/><V108/><F108/><W42/><G42/><T134/><D99/><U94/><E97/><RYUUKYOKU ba="0,2" sc="250,-15,270,-15,240,15,220,15" hai2="6,8,9,11,15,18,23,45,50,54,59,61,64" hai3="13,14,20,29,46,49,55,60,62,66,67,68,71" /><INIT seed="3,1,2,5,5,29" ten="235,255,255,235" oya="3" hai0="62,73,88,32,79,27,75,4,115,101,20,22,89" hai1="109,10,28,64,111,105,114,103,49,0,122,23,8" hai2="104,107,131,78,48,97,72,77,134,123,106,55,93" hai3="135,45,58,5,18,47,112,16,65,31,116,6,125"/><W9/><G116/><T63/><D115/><U46/><E114/><V94/><F48/><W37/><G112/><T1/><D101/><U15/><E122/><V98/><F55/><W117/><G117/><T54/><D32/><U76/><E76/><N who="2" m="29291" /><F134/><W39/><G31/><T66/><D54/><U74/><E74/><V86/><F131/><W2/><G135/><T25/><D4/><N who="3" m="1641" /><G2/><T108/><D1/><U50/><E64/><V84/><F123/><W100/><G125/><T53/><D53/><U7/><E10/><V68/><F72/><W51/><G100/><T41/><D41/><U128/><E128/><V99/><F68/><W3/><G3/><T38/><D38/><U67/><E67/><V60/><F60/><N who="3" m="38039" /><G37/><T85/><D75/><U19/><E28/><V80/><F84/><W95/><G39/><T59/><D108/><N who="1" m="41547" /><E46/><N who="3" m="17418" /><G9/><T130/><D73/><U110/><E110/><V36/><F36/><W92/><G51/><T133/><D63/><U44/><E44/><V21/><F21/><W26/><G18/><N who="0" m="12439" /><D133/><U42/><E42/><V43/><F43/><W96/><G96/><AGARI ba="1,2" hai="0,7,8,15,19,23,49,50,96,103,105" m="41547" machi="96" ten="30,1000,0" yaku="14,1" doraHai="29" who="1" fromWho="3" sc="235,0,255,33,255,0,235,-13" /><INIT seed="4,0,0,1,4,38" ten="235,288,255,222" oya="0" hai0="64,122,22,103,126,124,37,3,58,30,0,87,36" hai1="55,86,111,107,47,75,66,98,83,16,127,21,24" hai2="110,93,59,72,53,117,130,115,78,14,120,121,81" hai3="89,48,74,6,28,52,60,97,119,108,61,1,54"/><T104/><D122/><U69/><E111/><V23/><F110/><W39/><G119/><T67/><D87/><U112/><E75/><V45/><F115/><W134/><G108/><T2/><D103/><U92/><E112/><V90/><F130/><W96/><G134/><T27/><D104/><U56/><E127/><N who="0" m="48681" /><D67/><U44/><E107/><V133/><F133/><W19/><G74/><T10/><D10/><U68/><E68/><V35/><F35/><W128/><G39/><T106/><D106/><U15/><E15/><V109/><F109/><W105/><G28/><T26/><D26/><U25/><E25/><V101/><F101/><W79/><G128/><T17/><D17/><U57/><E66/><V102/><F102/><W46/><G79/><T73/><D73/><U8/><E69/><V116/><F45/><W43/><G105/><T7/><D7/><U82/><E56/><V118/><F23/><W100/><G100/><T62/><AGARI ba="0,0" hai="0,2,3,22,27,30,36,37,58,62,64" m="48681" machi="62" ten="40,2100,0" yaku="18,1" doraHai="38" who="0" fromWho="0" sc="235,21,288,-7,255,-7,222,-7" /><INIT seed="4,1,0,0,3,2" ten="256,281,248,215" oya="0" hai0="130,131,3,126,57,27,99,55,79,91,8,56,117" hai1="98,84,37,53,41,81,32,4,80,107,25,19,92" hai2="109,38,46,1,9,65,66,83,31,129,0,44,43" hai3="123,88,54,48,100,39,58,21,95,86,20,35,93"/><T36/><D36/><U76/><E107/><V67/><F109/><W71/><G123/><T22/><D117/><U106/><E106/><V94/><F129/><N who="0" m="49162" /><D126/><U13/><E37/><V7/><F31/><W6/><G35/><T77/><D57/><U16/><E41/><V120/><F120/><W17/><G39/><T97/><D8/><N who="1" m="4231" /><E32/><V112/><F112/><W61/><G6/><T63/><D3/><U47/><E81/><V82/><F94/><W108/><G108/><T14/><D14/><U60/><E25/><V42/><F0/><W11/><G71/><T122/><D122/><U45/><E60/><V101/><F101/><W18/><G61/><T23/><D23/><N who="3" m="8777" /><G11/><T26/><D26/><U90/><E53/><V96/><F96/><AGARI ba="1,0" hai="17,18,48,54,58,86,88,93,95,96,100" m="8777" machi="96" ten="30,2000,0" yaku="8,1,54,1" doraHai="2" who="3" fromWho="2" sc="256,0,281,0,248,-23,215,23" /><INIT seed="5,0,0,4,3,31" ten="256,281,225,238" oya="1" hai0="81,97,117,36,121,3,45,129,71,59,99,47,94" hai1="25,21,33,0,92,37,7,79,23,93,76,12,89" hai2="44,30,62,40,131,80,5,107,60,10,48,119,109" hai3="65,120,43,122,66,130,58,63,116,32,49,84,134"/><U6/><E37/><V98/><F119/><W108/><G32/><T126/><D71/><U4/><E0/><V64/><F109/><W67/><G84/><T34/><D34/><U56/><E92/><V28/><F131/><W22/><G22/><T132/><D3/><U68/><E68/><V91/><F62/><N who="3" m="38103" /><G116/><T82/><D117/><U54/><E33/><V104/><F104/><W85/><G85/><T75/><D75/><U14/><E23/><V46/><F80/><W70/><G108/><T128/><D121/><N who="3" m="46697" /><G130/><T19/><D19/><U123/><E123/><V8/><F8/><W16/><G16/><T51/><D94/><U96/><E14/><V87/><F87/><W73/><G73/><T113/><D129/><U114/><E114/><V133/><F133/><W110/><G110/><T29/><D132/><U102/><E102/><V83/><F83/><W127/><G134/><T2/><D29/><N who="1" m="17583" /><E12/><V55/><F107/><W125/><G67/><T17/><D2/><U135/><E135/><V50/><F98/><W112/><G112/><T13/><D113/><U42/><E42/><V74/><F74/><W69/><G69/><T111/><D13/><U38/><E38/><V88/><F30/><W105/><G105/><T11/><D36/><U124/><E124/><N who="3" m="47690" /><G43/><T1/><D126/><U95/><E95/><V24/><F28/><W78/><G78/><T52/><D1/><U118/><E118/><V61/><F24/><W90/><G90/><N who="2" m="34345" /><F64/><W53/><G53/><T106/><D128/><U77/><E79/><V101/><F101/><W18/><G18/><T26/><D111/><RYUUKYOKU ba="0,0" sc="256,-30,281,10,225,10,238,10" hai1="4,6,7,54,56,76,77,89,93,96" hai2="5,10,40,44,46,48,50,55,60,61" hai3="49,63,66,70" /><INIT seed="5,1,0,1,1,99" ten="226,291,235,248" oya="1" hai0="17,0,59,33,119,62,58,89,69,19,70,83,134" hai1="34,125,110,107,104,61,121,87,106,1,103,135,25" hai2="71,44,41,114,48,50,72,94,31,24,38,126,37" hai3="47,11,43,32,67,10,13,68,112,8,131,100,122"/><U66/><E121/><V120/><F72/><W23/><G122/><T128/><D119/><U88/><E1/><V91/><F120/><W111/><G111/><T102/><D33/><U132/><E110/><V127/><F71/><W14/><G131/><T75/><D0/><U90/><E125/><N who="2" m="47627" /><F114/><W98/><G112/><T79/><D128/><U64/><E34/><N who="2" m="20839" /><F48/><W123/><G68/><T35/><D35/><U45/><E45/><V7/><F7/><W93/><G123/><T95/><D134/><N who="1" m="51243" /><E25/><V15/><F15/><W118/><G67/><N who="1" m="25642" /><E61/><V40/><F40/><W60/><G118/><T92/><D69/><U116/><E116/><V27/><F27/><W51/><G60/><T108/><D70/><U29/><E29/><V84/><AGARI ba="1,0" hai="37,38,41,44,50,84,91,94" m="20839,47627" machi="84" ten="30,1100,0" yaku="18,1" doraHai="99" who="2" fromWho="2" sc="226,-4,291,-6,235,14,248,-4" /><INIT seed="6,0,0,1,2,2" ten="222,285,249,244" oya="2" hai0="89,19,41,14,107,5,123,77,117,63,20,52,75" hai1="61,40,22,46,9,106,82,130,114,43,134,76,58" hai2="15,78,99,37,29,80,108,94,87,113,125,36,16" hai3="34,6,103,23,27,64,131,49,122,132,84,104,13"/><V53/><F113/><W83/><G122/><T28/><D123/><U115/><E106/><V91/><F125/><W71/><G132/><T97/><D117/><U111/><E111/><V135/><F135/><W102/><G131/><T79/><D41/><U68/><E68/><V110/><F29/><W0/><G104/><T25/><D75/><U93/><E130/><V56/><F110/><W81/><G71/><T1/><D107/><U67/><E134/><V54/><F108/><W7/><G64/><T4/><D1/><U44/><E93/><V92/><F92/><W119/><G34/><T90/><D79/><U98/><E98/><V47/><F47/><N who="1" m="17961" /><E22/><V128/><F128/><W72/><G0/><T48/><D63/><U24/><E24/><V21/><REACH who="2" step="1"/><F54/><REACH who="2" ten="222,285,239,244" step="2"/><W32/><G119/><T116/><D116/><U39/><E114/><V73/><F73/><W45/><G72/><T38/><D38/><U10/><E115/><V18/><F18/><N who="3" m="10703" /><G83/><T59/><D77/><U30/><E39/><V26/><F26/><W121/><G27/><T86/><D97/><U109/><E109/><V12/><F12/><W42/><G121/><T74/><D74/><U62/><E76/><V112/><F112/><W124/><G124/><T105/><D105/><U118/><E82/><V3/><F3/><W17/><G17/><T50/><D28/><U55/><E30/><V120/><F120/><W96/><G45/><N who="0" m="27663" /><D25/><U69/><E118/><V8/><F8/><N who="1" m="3177" /><E40/><V133/><F133/><W129/><G42/><T100/><D19/><U57/><E43/><V88/><F88/><N who="3" m="51215" /><G129/><T65/><D90/><RYUUKYOKU ba="0,1" sc="222,-15,285,15,239,15,244,-15" hai1="55,57,58,61,62,67,69" hai2="15,16,21,36,37,53,56,78,80,87,91,94,99" /><INIT seed="6,1,1,0,0,72" ten="207,300,254,229" oya="2" hai0="57,98,44,51,19,7,121,43,6,1,62,25,64" hai1="41,61,106,68,84,116,21,32,73,101,132,26,129" hai2="38,58,109,42,125,130,55,133,127,48,78,0,94" hai3="23,54,74,135,20,8,131,47,15,66,5,110,86"/><V117/><F0/><W134/><G110/><T82/><D121/><U14/><E73/><V16/><F117/><W112/><G74/><T85/><D1/><U89/><E116/><V91/><F109/><W3/><G112/><T53/><D98/><U83/><E41/><V97/><F133/><N who="3" m="50699" /><G131/><T77/><D25/><U102/><E132/><V60/><F130/><W28/><G66/><T40/><D19/><U24/><E129/><V12/><F38/><W90/><G28/><T104/><D104/><U50/><E106/><V108/><F108/><W99/><G99/><T2/><D2/><U95/><E32/><V33/><F33/><W46/><G3/><T126/><D126/><N who="2" m="48138" /><F42/><AGARI ba="1,1" hai="6,7,40,42,43,44,51,53,57,62,64,77,82,85" machi="42" ten="40,2600,0" yaku="8,1,52,1" doraHai="72" who="0" fromWho="2" sc="207,39,300,0,254,-29,229,0" /><INIT seed="7,0,0,3,0,4" ten="246,300,225,229" oya="3" hai0="6,122,17,123,100,126,52,24,54,96,19,41,68" hai1="92,118,25,85,79,8,98,60,56,114,129,62,88" hai2="64,120,66,35,31,110,119,50,109,45,71,101,63" hai3="53,89,15,37,107,87,97,40,49,29,90,28,11"/><W47/><G107/><T117/><D117/><U103/><E114/><V3/><F119/><W34/><G97/><T80/><D68/><U18/><E129/><V30/><F120/><W36/><G34/><T95/><D126/><U113/><E113/><V93/><F3/><W76/><G76/><T7/><D123/><U22/><E118/><V14/><F66/><W51/><G37/><T38/><D41/><U5/><E79/><V99/><F14/><W125/><G125/><T111/><D38/><U83/><E56/><V12/><F12/><AGARI ba="0,0" hai="5,8,12,18,22,25,60,62,83,85,88,92,98,103" machi="12" ten="30,7700,0" yaku="7,1,8,1,52,1,54,1" doraHai="4" who="1" fromWho="2" sc="246,0,300,77,225,-77,229,0" owari="246,5.0,377,47.0,148,-35.0,229,-17.0" /></mjloggm>