<mjloggm ver="2.3"><GO type="169" lobby="0"/><UN n0="%E3%82%B9%E3%82%B1%E3%83%BC%E3%82%BF%E3%83%BC" n1="%EF%BC%98%EF%BC%99%EF%BC%91%EF%BC%90" n2="%E3%81%BF%E3%81%99%E3%81%A1%E3%82%87" n3="%E3%82%A6%E3%83%AB%E3%83%88%E3%83%A9%E7%AB%8B%E7%9B%B4" dan="16,16,16,17" rate="2196.65,2016.13,2105.12,2152.26" sx="M,M,M,M"/><TAIKYOKU oya="0"/><INIT seed="0,0,0,5,4,55" ten="250,250,250,250" oya="0" hai0="134,59,64,69,50,19,41,126,92,63,60,83,3" hai1="119,39,131,58,32,70,62,104,99,34,8,133,11" hai2="40,61,105,93,9,77,44,71,74,49,86,43,35" hai3="125,17,112,10,31,33,57,118,25,48,91,37,87"/><T108/><D3/><U16/><E119/><V110/><F105/><W97/><G37/><T7/><D7/><U53/><E131/><V79/><F74/><W109/><G118/><T121/><D83/><U30/><E133/><V96/><F110/><W117/><G117/><T114/><D92/><U46/><E70/><V130/><F130/><W89/><G112/><T80/><D80/><U13/><E30/><V132/><F132/><W100/><G125/><T106/><D19/><U90/><E8/><V129/><F129/><W51/><G109/><T14/><D14/><U68/><E68/><V128/><F35/><W107/><G89/><T98/><D98/><U2/><E2/><V27/><F27/><W115/><G115/><T81/><D81/><U26/><E26/><V38/><F86/><W113/><G113/><T88/><D88/><U0/><E0/><V102/><F128/><W67/><G91/><T127/><D106/><U94/><REACH who="1" step="1"/><E104/><REACH who="1" ten="250,240,250,250" step="2"/><V84/><F71/><W23/><G10/><T18/><D114/><U120/><E120/><V6/><F9/><W36/><G31/><T95/><D121/><U54/><E54/><V135/><F135/><W45/><G25/><T52/><D134/><U75/><E75/><V4/><F43/><AGARI ba="0,1" hai="11,13,16,32,34,39,43,46,53,58,62,90,94,99" machi="43" ten="40,5200,0" yaku="1,1,52,1,54,1,53,0" doraHai="55" doraHaiUra="20" who="1" fromWho="2" sc="250,0,240,62,250,-52,250,0" /><INIT seed="1,0,0,0,4,124" ten="250,302,198,250" oya="1" hai0="62,6,65,36,73,58,67,63,26,93,101,22,84" hai1="15,76,0,107,130,74,48,72,18,106,133,57,98" hai2="129,50,87,10,115,80,43,105,38,128,83,85,125" hai3="104,118,113,97,114,110,92,49,91,108,103,5,82"/><U12/><E0/><V89/><F38/><W16/><G5/><T35/><D36/><U42/><E133/><V132/><F132/><W47/><G16/><T25/><D73/><U78/><E42/><V69/><F69/><W134/><G134/><T90/><D35/><U1/><E1/><V60/><F125/><W70/><G70/><T44/><D44/><U24/><E48/><V112/><F60/><W96/><G118/><T102/><D6/><U109/><E57/><V88/><F10/><W53/><REACH who="3" step="1"/><G82/><REACH who="3" ten="250,302,198,240" step="2"/><T61/><D26/><U9/><E24/><V19/><F19/><W126/><G126/><T29/><D63/><U21/><E18/><V4/><F4/><W8/><G8/><T71/><AGARI ba="0,1" hai="22,25,29,58,61,62,65,67,71,84,90,93,101,102" machi="71" ten="20,1500,0" yaku="0,1,7,1" doraHai="124" who="0" fromWho="0" sc="250,25,302,-7,198,-4,240,-4" /><INIT seed="2,0,0,0,2,23" ten="275,295,194,236" oya="2" hai0="100,17,98,4,30,68,121,0,13,88,96,113,25" hai1="56,114,1,76,122,124,74,29,60,46,11,78,130" hai2="120,84,64,52,54,19,26,47,102,81,51,90,41" hai3="119,94,8,44,112,10,21,134,67,132,99,118,92"/><V28/><F120/><W127/><G67/><T66/><D113/><U73/><E114/><V69/><F102/><W91/><G112/><T9/><D121/><U125/><E122/><V128/><F128/><W110/><G127/><N who="1" m="48714" /><E130/><V59/><F69/><W14/><G110/><T33/><D88/><U34/><E46/><V83/><F19/><N who="3" m="10487" /><G44/><T61/><REACH who="0" step="1"/><D100/><REACH who="0" ten="265,295,194,236" step="2"/><U62/><E76/><V32/><REACH who="2" step="1"/><F83/><REACH who="2" ten="265,295,184,236" step="2"/><W117/><G119/><T79/><D79/><U106/><E78/><V86/><F86/><W16/><G118/><T15/><D15/><U5/><E1/><V57/><F57/><W75/><G117/><T42/><D42/><U7/><E56/><V38/><F38/><W37/><G37/><T101/><D101/><U49/><E73/><V71/><F71/><W40/><G75/><T27/><D27/><U123/><E74/><V104/><F104/><W43/><G43/><T20/><AGARI ba="0,2" hai="0,4,9,13,17,20,25,30,33,61,66,68,96,98" machi="20" ten="20,12000,2" yaku="1,1,0,1,7,1,24,2,52,1,53,0" doraHai="23" doraHaiUra="109" who="0" fromWho="0" sc="265,140,295,-30,184,-60,236,-30" /><INIT seed="3,0,0,0,3,5" ten="405,265,124,206" oya="3" hai0="113,93,88,11,92,132,55,99,133,130,13,74,111" hai1="95,32,89,14,115,31,17,64,91,56,39,119,72" hai2="2,76,8,18,105,37,127,135,43,49,78,117,12" hai3="0,120,57,107,41,70,84,85,52,21,131,3,109"/><W106/><G70/><T35/><D74/><U112/><E39/><V27/><F117/><W124/><G120/><T128/><D35/><U134/><E119/><V65/><F127/><W101/><G41/><T81/><D111/><U114/><E134/><N who="0" m="51817" /><D81/><U60/><E72/><V50/><F135/><W45/><G45/><T129/><D55/><U73/><E73/><V123/><F123/><W4/><G124/><T36/><D36/><U80/><E80/><V28/><F2/><W20/><G109/><T54/><D54/><U25/><REACH who="1" step="1"/><E95/><REACH who="1" ten="405,255,124,206" step="2"/><V116/><F37/><W90/><G107/><T38/><D38/><U15/><E15/><V97/><F116/><W29/><G106/><T59/><D113/><U122/><E122/><V126/><F126/><W30/><G0/><T9/><D13/><U40/><E40/><V7/><F105/><W66/><G3/><T87/><D59/><U23/><AGARI ba="0,1" hai="14,17,23,25,31,32,56,60,64,89,91,112,114,115" machi="23" ten="30,4000,0" yaku="1,1,0,1,53,1" doraHai="5" doraHaiUra="24" who="1" fromWho="1" sc="405,-10,255,50,124,-10,206,-20" /><INIT seed="4,0,0,3,3,126" ten="395,305,114,186" oya="0" hai0="70,103,128,4,28,114,73,39,134,22,75,78,125" hai1="34,66,19,13,36,27,111,94,71,44,107,31,84" hai2="26,18,115,2,60,10,62,8,54,24,61,68,109" hai3="98,85,63,12,76,104,59,42,101,122,83,37,82"/><T97/><D39/><U11/><E111/><V1/><F115/><W108/><G108/><T93/><D70/><U20/><E107/><V99/><F109/><W132/><G122/><T95/><D4/><U91/><E66/><V0/><F68/><W121/><G121/><T41/><D41/><U113/><E71/><V5/><F54/><W112/><G112/><T3/><D22/><U33/><E113/><V90/><F18/><W105/><G132/><T67/><D28/><U32/><E36/><V131/><F131/><W57/><G105/><T65/><D3/><U123/><E123/><V119/><F119/><W74/><G12/><T14/><D14/><U16/><REACH who="1" step="1"/><E44/><REACH who="1" ten="395,295,114,186" step="2"/><V89/><F5/><AGARI ba="0,1" hai="5,11,13,16,19,20,27,31,32,33,34,84,91,94" machi="5" ten="40,5200,0" yaku="1,1,2,1,54,1,53,0" doraHai="126" doraHaiUra="53" who="1" fromWho="2" sc="395,0,295,62,114,-52,186,0" /><INIT seed="5,0,0,2,0,14" ten="395,357,62,186" oya="1" hai0="48,72,98,30,49,25,4,66,39,110,40,61,43" hai1="60,16,119,91,45,122,64,80,132,100,1,17,83" hai2="5,84,79,89,133,35,9,26,94,58,90,129,93" hai3="41,23,21,81,120,65,92,76,57,78,134,117,27"/><U102/><E119/><V8/><F133/><W86/><G120/><T124/><D72/><U114/><E1/><V3/><F129/><W126/><G126/><T75/><D75/><U11/><E122/><V109/><F109/><W46/><G134/><T7/><D110/><U12/><E132/><V6/><F79/><W13/><G92/><T88/><D124/><U104/><E114/><V116/><F116/><W127/><G127/><T125/><D125/><U69/><E104/><V29/><F58/><W59/><G76/><T54/><D49/><U96/><E45/><V56/><F56/><W113/><G65/><T50/><D48/><U20/><E91/><V131/><F131/><W70/><G70/><T51/><D50/><U121/><E121/><V38/><F38/><W97/><G97/><T63/><D63/><U55/><E55/><V85/><F8/><W33/><G33/><T44/><D43/><U108/><E108/><V15/><REACH who="2" step="1"/><F5/><REACH who="2" ten="395,357,52,186" step="2"/><W123/><G59/><T53/><D7/><U10/><E10/><V99/><F99/><W71/><G57/><T105/><D4/><U95/><E102/><V42/><F42/><W87/><G78/><T112/><D39/><U73/><E73/><V18/><F18/><W77/><G41/><T107/><D40/><U135/><E135/><V52/><F52/><W28/><G77/><T115/><D54/><U68/><E69/><V67/><F67/><W34/><G71/><T31/><D53/><U36/><E36/><V24/><F24/><AGARI ba="0,1" hai="11,12,16,17,20,24,60,64,68,80,83,95,96,100" machi="24" ten="30,11600,0" yaku="7,1,52,2,54,1" doraHai="14" who="1" fromWho="2" sc="395,0,357,126,52,-116,186,0" owari="395,20.0,483,57.0,-64,-56.0,186,-21.0" /></mjloggm>