<mjloggm ver="2.3"><GO type="169" lobby="0"/><UN n0="%E4%BF%A1%E6%BF%83%E3%81%AE%E8%8D%92%E6%B3%95%E5%B8%AB" n1="%E3%82%A6%E3%83%AB%E3%83%88%E3%83%A9%E7%AB%8B%E7%9B%B4" n2="%E3%81%B5%E3%81%8F%E3%82%84%E3%82%93" n3="%E3%81%9C%E3%82%8D%E3%82%81%E3%81%90" dan="17,16,17,16" rate="2176.69,2172.57,2138.53,2118.58" sx="M,M,F,F"/><TAIKYOKU oya="0"/><INIT seed="0,0,0,5,4,17" ten="250,250,250,250" oya="0" hai0="126,57,90,120,98,26,25,55,64,37,23,13,104" hai1="14,45,32,10,101,100,51,24,59,21,85,87,99" hai2="106,119,110,82,73,9,41,135,34,121,12,47,80" hai3="63,94,127,114,74,117,27,61,97,38,52,112,72"/><T33/><D120/><U88/><E59/><V0/><F106/><W77/><G117/><T68/><D37/><U36/><E32/><V67/><F34/><W11/><G38/><T108/><D68/><U133/><E133/><V18/><F121/><W69/><G127/><T62/><D126/><U123/><E36/><V131/><F135/><W31/><G11/><T5/><D33/><U134/><E134/><V128/><F119/><W42/><G42/><T86/><D108/><U56/><E56/><V66/><F0/><W16/><G63/><T46/><D98/><U102/><E123/><V29/><F29/><W40/><G40/><T53/><D104/><U91/><E14/><V71/><F110/><W93/><G93/><T20/><D5/><U35/><E10/><V84/><F73/><W115/><G77/><T30/><D13/><U81/><E35/><V7/><F7/><W124/><G31/><N who="0" m="17831" /><D46/><U129/><E129/><N who="2" m="49739" /><F80/><AGARI ba="0,0" hai="23,26,30,53,55,57,62,64,80,86,90" m="17831" machi="80" ten="30,5800,0" yaku="8,1,52,2" doraHai="17" who="0" fromWho="2" sc="250,58,250,0,250,-58,250,0" /><INIT seed="0,1,0,2,1,113" ten="308,250,192,250" oya="0" hai0="19,8,74,38,20,70,2,71,80,5,30,67,69" hai1="68,88,97,72,23,21,77,116,83,100,53,119,41" hai2="60,9,22,49,58,132,133,47,25,16,134,131,117" hai3="123,32,33,18,128,111,106,15,44,48,112,45,50"/><T102/><D38/><U98/><E68/><V90/><F131/><W103/><G112/><T75/><D102/><U79/><E41/><N who="2" m="24815" /><F9/><W107/><G128/><T55/><D55/><U56/><E79/><V65/><F90/><W85/><G111/><T6/><D6/><U94/><E21/><V104/><F104/><W34/><G123/><T121/><D121/><U84/><E23/><V115/><F115/><W27/><G85/><T61/><D30/><U14/><E14/><V12/><F12/><W17/><G27/><T31/><D31/><U76/><E76/><V66/><F66/><W7/><G7/><T127/><D127/><U78/><E78/><V110/><F110/><W3/><G3/><T108/><D80/><U122/><E122/><V1/><F1/><W130/><G130/><T29/><D29/><U105/><E98/><V26/><F26/><W37/><G34/><T36/><D36/><U40/><E40/><V95/><F95/><W43/><G37/><T13/><D108/><U4/><E4/><V96/><F96/><W10/><G18/><T57/><AGARI ba="1,0" hai="2,5,8,13,19,20,57,61,67,69,70,71,74,75" machi="57" ten="30,1500,0" yaku="0,1" doraHai="113" who="0" fromWho="0" sc="308,18,250,-6,192,-6,250,-6" /><INIT seed="0,2,0,3,2,13" ten="326,244,186,244" oya="0" hai0="85,19,31,99,0,58,45,70,34,78,112,27,33" hai1="81,135,3,21,53,40,30,7,56,82,74,28,120" hai2="16,115,14,94,43,104,17,100,38,46,132,89,116" hai3="2,106,84,101,55,86,122,105,107,114,88,37,69"/><T72/><D112/><U50/><E120/><V71/><F115/><W131/><G2/><T39/><D70/><U11/><E135/><V60/><F132/><W110/><G37/><T90/><D0/><U127/><E127/><V49/><F116/><W62/><G114/><T48/><D39/><U5/><E5/><V47/><F100/><W63/><G122/><T91/><D34/><U8/><E8/><V124/><F104/><W23/><G110/><T36/><D72/><U102/><E102/><V113/><F124/><W73/><G73/><T129/><D129/><U35/><E35/><V80/><F80/><W123/><G123/><T92/><D58/><U76/><E82/><V20/><F113/><W10/><G131/><T9/><D78/><U32/><E32/><V77/><F77/><W111/><G111/><T54/><D36/><U51/><E51/><V133/><F133/><W108/><G107/><T75/><D75/><U134/><E134/><V128/><F128/><W65/><G106/><T12/><D85/><U83/><E83/><V29/><F60/><W42/><G69/><T25/><D25/><U52/><E40/><N who="2" m="24775" /><F71/><W22/><G105/><T79/><D79/><U68/><E68/><V125/><F125/><W64/><G108/><T44/><D91/><U57/><REACH who="1" step="1"/><E21/><REACH who="1" ten="326,234,186,244" step="2"/><V59/><F20/><W18/><G22/><T103/><D103/><U67/><E67/><V130/><F130/><W6/><G101/><T95/><D95/><U126/><E126/><V98/><F94/><W24/><G23/><T15/><D15/><U26/><E26/><V87/><F14/><RYUUKYOKU ba="2,1" sc="326,15,234,15,186,-15,244,-15" hai0="9,12,19,27,31,33,44,45,48,54,90,92,99" hai1="3,7,11,28,30,50,52,53,56,57,74,76,81" /><INIT seed="0,3,1,1,0,120" ten="341,249,171,229" oya="0" hai0="25,89,58,10,31,38,30,107,26,68,27,20,119" hai1="98,65,99,6,126,109,34,83,17,75,84,54,108" hai2="8,2,92,43,79,1,36,56,97,61,87,96,51" hai3="78,45,15,133,64,33,39,28,88,115,71,128,95"/><T22/><D68/><U24/><E75/><V60/><F36/><W29/><G115/><T11/><D38/><U52/><E6/><V41/><F8/><N who="0" m="3114" /><D107/><U59/><E65/><V21/><F21/><N who="0" m="8298" /><D58/><U117/><E117/><V93/><F56/><W67/><G71/><T131/><D89/><N who="1" m="51359" /><E17/><V76/><F87/><W40/><G133/><T19/><D131/><U77/><E77/><V5/><REACH who="2" step="1"/><F51/><REACH who="2" ten="341,249,161,229" step="2"/><W3/><G39/><T132/><D132/><U72/><E72/><V14/><F14/><W100/><G15/><T53/><D27/><U55/><E59/><V91/><F91/><W74/><G88/><T44/><D26/><U129/><E129/><V62/><F62/><W112/><G128/><T94/><D25/><U4/><E4/><AGARI ba="3,2" hai="1,2,4,5,41,43,60,61,76,79,92,93,96,97" machi="4" ten="25,3200,0" yaku="1,1,22,2,53,0" doraHai="120" doraHaiUra="124" who="2" fromWho="1" sc="341,0,249,-41,161,61,229,0" /><INIT seed="1,0,0,4,4,43" ten="341,208,222,229" oya="1" hai0="39,82,15,89,45,129,84,122,133,134,27,56,55" hai1="22,105,46,98,4,100,60,41,135,86,115,85,118" hai2="91,78,132,32,128,113,64,7,58,17,112,127,114" hai3="1,108,72,31,29,3,34,94,13,5,63,102,106"/><U66/><E118/><V126/><F78/><W109/><G106/><T44/><D39/><U21/><E115/><V54/><F32/><W103/><G72/><T40/><D40/><U59/><E135/><N who="0" m="51721" /><D129/><U25/><E4/><V20/><F132/><W104/><G104/><T124/><D124/><N who="2" m="47658" /><F7/><W51/><G63/><N who="0" m="36255" /><D122/><U74/><E74/><V30/><F64/><W76/><G76/><T61/><D15/><U95/><E105/><V75/><F128/><W6/><G13/><T14/><D27/><U2/><E2/><V18/><F75/><W83/><G34/><T90/><D61/><U11/><E11/><V37/><F37/><W69/><G51/><T99/><D14/><U23/><REACH who="1" step="1"/><E25/><REACH who="1" ten="341,198,222,229" step="2"/><N who="2" m="16679" /><F91/><W9/><G1/><T35/><D35/><U50/><AGARI ba="0,1" hai="21,22,23,41,46,50,59,60,66,85,86,95,98,100" machi="50" ten="30,11700,0" yaku="1,1,0,1,8,1,52,1,53,0" doraHai="43" doraHaiUra="117" who="1" fromWho="1" sc="341,-39,198,127,222,-39,229,-39" /><INIT seed="1,1,0,2,2,89" ten="302,325,183,190" oya="1" hai0="8,57,43,6,49,103,42,33,62,108,107,51,135" hai1="100,115,54,111,32,123,40,58,95,63,134,27,22" hai2="73,86,34,12,126,92,133,87,101,47,53,93,124" hai3="21,94,9,36,45,99,20,28,114,59,84,109,2"/><U55/><E123/><V75/><F34/><W74/><G74/><N who="2" m="28169" /><F12/><W110/><G114/><T68/><D33/><U41/><E115/><V77/><F133/><W85/><G59/><T91/><D68/><U67/><E32/><V46/><F101/><W120/><G120/><T82/><D135/><U56/><E111/><N who="3" m="42506" /><G2/><T97/><D108/><U127/><E127/><N who="2" m="48683" /><F53/><N who="1" m="19977" /><E56/><V132/><F132/><W35/><G9/><T19/><D19/><N who="1" m="12767" /><E134/><V17/><F17/><W61/><G35/><T131/><D131/><U13/><E13/><V81/><F86/><N who="3" m="33387" /><G28/><T113/><D113/><U37/><E37/><V129/><F129/><W66/><G61/><T79/><D62/><U98/><AGARI ba="1,0" hai="40,41,58,63,67,95,98,100" m="12767,19977" machi="98" ten="30,3000,0" yaku="8,1,52,1" doraHai="89" who="1" fromWho="1" sc="302,-11,325,33,183,-11,190,-11" /><INIT seed="1,2,0,0,1,129" ten="291,358,172,179" oya="1" hai0="133,6,10,11,119,9,20,25,109,73,66,29,14" hai1="45,135,68,85,32,126,7,76,49,75,112,87,82" hai2="97,31,89,72,101,24,55,37,58,67,8,19,0" hai3="23,56,33,17,88,38,123,44,74,130,83,93,120"/><U39/><E68/><V41/><F72/><W110/><G33/><T5/><D73/><U40/><E32/><V125/><F67/><W1/><G130/><T79/><D79/><U134/><E112/><V77/><F77/><W81/><G1/><T16/><D66/><U65/><E65/><V115/><F89/><W53/><G110/><T103/><D103/><U131/><E131/><V13/><F125/><W70/><G70/><T3/><D119/><U102/><E102/><V113/><F0/><W106/><G106/><T15/><D133/><N who="1" m="50699" /><E126/><V132/><F132/><W2/><G123/><T122/><D109/><U59/><E7/><V61/><F113/><W92/><G120/><AGARI ba="2,0" hai="3,5,6,9,10,11,14,15,16,20,25,29,120,122" machi="120" ten="40,8000,1" yaku="34,3,54,1" doraHai="129" who="0" fromWho="3" sc="291,86,358,0,172,0,179,-86" /><INIT seed="2,0,0,4,5,18" ten="377,358,172,93" oya="2" hai0="78,108,116,26,62,93,114,117,115,82,30,96,47" hai1="75,53,22,34,23,39,95,43,72,6,133,17,46" hai2="124,12,57,81,120,15,123,80,3,102,132,41,79" hai3="87,94,19,77,131,29,99,61,65,7,86,127,69"/><V130/><F3/><W64/><G127/><T49/><D62/><U1/><E34/><V67/><F41/><W25/><G131/><T105/><D105/><U27/><E133/><V2/><F2/><W106/><G7/><T88/><D108/><U135/><E135/><V45/><F45/><W8/><G65/><T54/><D26/><U119/><E119/><N who="0" m="45641" /><D30/><U0/><E95/><V76/><F132/><W52/><G106/><T84/><AGARI ba="0,0" hai="47,49,54,78,82,84,88,93,96,114,115" m="45641" machi="84" ten="30,2000,0" yaku="12,1,54,1" doraHai="18" who="0" fromWho="0" sc="377,20,358,-5,172,-10,93,-5" /><INIT seed="3,0,0,5,3,1" ten="397,353,162,88" oya="3" hai0="83,90,63,19,35,113,91,135,10,107,62,44,2" hai1="121,108,31,58,54,40,13,66,18,29,89,24,28" hai2="26,122,80,21,88,74,59,71,84,61,133,123,15" hai3="12,27,110,20,81,115,129,94,22,130,55,48,4"/><W102/><G115/><T97/><D35/><U47/><E121/><N who="2" m="46091" /><F71/><W134/><G134/><T100/><D135/><U85/><E108/><V16/><F74/><W95/><G110/><T67/><D63/><U125/><E66/><N who="2" m="39231" /><F133/><W38/><G38/><T70/><D113/><U25/><E125/><V64/><F64/><W23/><G81/><T72/><D44/><U36/><E58/><V42/><F42/><W78/><G78/><T53/><D53/><U68/><E54/><V45/><F45/><W118/><G118/><T7/><D72/><U39/><E68/><V9/><F26/><W120/><G27/><T51/><D51/><U109/><E39/><V96/><F96/><W117/><G117/><T101/><D101/><U92/><REACH who="1" step="1"/><E109/><REACH who="1" ten="397,343,162,88" step="2"/><V131/><F131/><N who="3" m="50187" /><G120/><T6/><D70/><U41/><E41/><V32/><F32/><W124/><G124/><T34/><D34/><U3/><E3/><V46/><F46/><N who="3" m="28055" /><G102/><T37/><D37/><U111/><E111/><V52/><F52/><W99/><G99/><T127/><D127/><U114/><E114/><V119/><F119/><W104/><G104/><T49/><D49/><U103/><E103/><V82/><F82/><W77/><G77/><T57/><D83/><U60/><E60/><V17/><F80/><W116/><G116/><T73/><D73/><U126/><E126/><V65/><F65/><W14/><G14/><N who="0" m="7639" /><D2/><U56/><E56/><V8/><F84/><W50/><G50/><T93/><D107/><U132/><E132/><V98/><F98/><W0/><G0/><T69/><D69/><U128/><E128/><RYUUKYOKU ba="0,1" sc="397,10,343,10,162,-30,88,10" hai0="6,7,57,62,67,90,91,93,97,100" hai1="13,18,24,25,28,29,31,36,40,47,85,89,92" hai3="4,12,20,22,23,94,95" /><INIT seed="3,1,1,5,1,38" ten="407,353,132,98" oya="3" hai0="111,61,48,97,84,21,91,95,129,90,116,109,7" hai1="60,89,22,112,110,33,121,8,57,28,115,134,14" hai2="54,79,98,50,31,56,18,133,76,25,118,74,113" hai3="117,43,11,87,99,73,71,26,127,24,135,62,30"/><W69/><G73/><T17/><D7/><U29/><E121/><V9/><F113/><W126/><G117/><T67/><D48/><U92/><E33/><V4/><F118/><W68/><G135/><T105/><D116/><U27/><E110/><N who="0" m="41993" /><D105/><U125/><E125/><N who="3" m="47626" /><G11/><T55/><D55/><U2/><E2/><V130/><F74/><W120/><G120/><T65/><D61/><U16/><E134/><V49/><F133/><W78/><G99/><T94/><D129/><U37/><E37/><V132/><F98/><W131/><G131/><T66/><D67/><U107/><E107/><V81/><F130/><W6/><G6/><T36/><D36/><U40/><E40/><V23/><F132/><W82/><G43/><T64/><D66/><U53/><E29/><V32/><F49/><W104/><G104/><T63/><D63/><U108/><E108/><V20/><F4/><W123/><G123/><T12/><AGARI ba="1,1" hai="12,17,21,64,65,84,90,91,94,95,97" m="41993" machi="12" ten="30,1100,0" yaku="14,1" doraHai="38" who="0" fromWho="0" sc="407,24,353,-4,132,-4,98,-6" /><INIT seed="4,0,0,4,2,95" ten="431,349,128,92" oya="0" hai0="67,98,70,117,128,10,72,131,32,130,35,46,126" hai1="17,57,85,91,59,30,15,121,12,13,8,63,96" hai2="132,20,37,62,22,9,41,68,61,107,1,64,73" hai3="129,118,82,134,38,26,51,92,125,43,58,114,99"/><T115/><D117/><U116/><E121/><V113/><F113/><W25/><G118/><T66/><D115/><U71/><E116/><V2/><F132/><W87/><G114/><T16/><D126/><U94/><E71/><V39/><F107/><W65/><G125/><T27/><D72/><U86/><E30/><V110/><F73/><W93/><G134/><T48/><D98/><U104/><E57/><V80/><F80/><W53/><G129/><T49/><D49/><U14/><REACH who="1" step="1"/><E104/><REACH who="1" ten="431,339,128,92" step="2"/><V135/><F68/><W76/><G65/><AGARI ba="0,1" hai="8,12,13,14,15,17,59,63,65,85,86,91,94,96" machi="65" ten="40,8000,1" yaku="1,1,2,1,8,1,52,1,53,1" doraHai="95" doraHaiUra="84" who="1" fromWho="3" sc="431,0,339,90,128,0,92,-80" /><INIT seed="5,0,0,4,5,37" ten="431,429,128,12" oya="1" hai0="123,3,23,71,53,40,49,22,12,88,115,126,80" hai1="114,125,92,62,32,131,116,14,108,54,91,46,52" hai2="20,72,117,111,51,63,95,127,129,119,31,33,15" hai3="16,25,66,89,87,104,10,100,77,2,59,26,18"/><U9/><E116/><V69/><F72/><W122/><G122/><T73/><D3/><U45/><E32/><V6/><F69/><W67/><G77/><T17/><D71/><U8/><E114/><V79/><F63/><W36/><G36/><T130/><D115/><U85/><E131/><V128/><F79/><W113/><G113/><T5/><D130/><N who="2" m="50282" /><F95/><W4/><G26/><T68/><D5/><U43/><E125/><V50/><F50/><W60/><G66/><T135/><D68/><U28/><E28/><V7/><F51/><W75/><G75/><T42/><D135/><U94/><E108/><V134/><F111/><W64/><G64/><T27/><D126/><U102/><E9/><N who="2" m="4535" /><F7/><W0/><G0/><T112/><D112/><U90/><E102/><V110/><F110/><W81/><REACH who="3" step="1"/><G25/><REACH who="3" ten="431,429,128,2" step="2"/><T30/><D73/><U121/><E121/><V133/><F127/><W118/><G118/><N who="2" m="45065" /><F33/><W48/><G48/><T84/><D123/><U98/><E62/><V97/><F134/><W96/><AGARI ba="0,1" hai="2,4,10,16,18,59,60,67,81,87,89,96,100,104" machi="96" ten="30,4000,0" yaku="1,1,0,1,54,1,53,0" doraHai="37" doraHaiUra="39" who="3" fromWho="3" sc="431,-10,429,-20,128,-10,2,50" /><INIT seed="6,0,0,2,0,89" ten="421,409,118,52" oya="2" hai0="128,81,126,74,120,124,65,75,87,135,52,94,18" hai1="53,59,63,111,68,79,113,103,85,7,67,115,131" hai2="57,45,6,38,107,66,119,122,112,12,134,76,125" hai3="116,37,35,95,36,2,0,133,47,92,25,102,39"/><V49/><F122/><W96/><G116/><T105/><D105/><U121/><E7/><V101/><F119/><W109/><G109/><T11/><D65/><U130/><E85/><V30/><F38/><W46/><G133/><T51/><D94/><U55/><E79/><V41/><F134/><W69/><G69/><T1/><D128/><N who="1" m="49195" /><E103/><V17/><F125/><N who="0" m="48234" /><D120/><U100/><E100/><V20/><F112/><N who="1" m="43081" /><E121/><V91/><F76/><W82/><G82/><T78/><D135/><U58/><E111/><V31/><F6/><W16/><G95/><T48/><D1/><U97/><E97/><V8/><F8/><W118/><G118/><T13/><D51/><N who="1" m="31039" /><E55/><V104/><F104/><W29/><G0/><T40/><D52/><U84/><E84/><V117/><F117/><W108/><G2/><T34/><D34/><U64/><E64/><V60/><F91/><W3/><G3/><T110/><D110/><U56/><AGARI ba="0,0" hai="56,59,63,67,68" m="31039,43081,49195" machi="56" ten="40,8000,1" yaku="19,1,15,1,34,2" doraHai="89" who="1" fromWho="1" sc="421,-20,409,80,118,-40,52,-20" /><INIT seed="7,0,0,5,0,97" ten="401,489,78,32" oya="3" hai0="87,100,78,50,28,76,77,74,86,109,81,119,64" hai1="25,52,90,128,94,67,38,44,42,17,98,73,84" hai2="39,14,104,20,120,129,135,37,27,56,101,126,121" hai3="36,70,69,134,85,125,63,13,55,131,40,35,80"/><W68/><G35/><T93/><D64/><U26/><E73/><V51/><F126/><W79/><G125/><T96/><D28/><U117/><E67/><V34/><F129/><W106/><G131/><T7/><D7/><U21/><E128/><V102/><F135/><W95/><G106/><N who="0" m="63751" /><D50/><U4/><E117/><V105/><F34/><W123/><G123/><N who="2" m="47177" /><F14/><W8/><G134/><T118/><D109/><U33/><E4/><V3/><F3/><W72/><G40/><T0/><D0/><U31/><E52/><N who="2" m="31775" /><F105/><W108/><G36/><N who="2" m="13897" /><F104/><W91/><G108/><T88/><D74/><U103/><E84/><V89/><F89/><W124/><G124/><T46/><D46/><U111/><E90/><AGARI ba="0,0" hai="76,77,78,81,86,87,88,90,93,118,119" m="63751" machi="90" ten="30,7700,0" yaku="34,2,52,1,54,1" doraHai="97" who="0" fromWho="1" sc="401,77,489,-77,78,0,32,0" owari="478,58.0,412,21.0,78,-32.0,32,-47.0" /></mjloggm>