<mjloggm ver="2.3"><GO type="169" lobby="0"/><UN n0="%E5%8D%9A%E9%BA%97%E3%82%86%E3%81%8B%E3%82%8A" n1="%E3%82%A6%E3%83%AB%E3%83%88%E3%83%A9%E7%AB%8B%E7%9B%B4" n2="%E3%81%A1%E3%82%83%E3%81%9D%E2%98%86" n3="%EF%BC%93%E7%95%AA%EF%BC%A4%EF%BC%A8%E4%BA%95%E7%AB%AF" dan="16,18,16,16" rate="2100.62,2178.94,2080.47,2038.60" sx="M,M,M,M"/><TAIKYOKU oya="0"/><INIT seed="0,0,0,0,5,38" ten="250,250,250,250" oya="0" hai0="117,49,61,30,8,104,52,103,125,129,53,92,113" hai1="69,3,118,12,27,99,110,39,29,97,120,131,114" hai2="18,54,115,124,1,13,17,107,63,9,105,43,55" hai3="67,31,34,6,102,42,76,83,46,65,15,23,56"/><T58/><D117/><U41/><E12/><V112/><F124/><W122/><G122/><T91/><D113/><U48/><E48/><V0/><F13/><W134/><G102/><T135/><D125/><U85/><E85/><V81/><F81/><W11/><G134/><T71/><D71/><U119/><E27/><V79/><F79/><W50/><G34/><T37/><D37/><U93/><E93/><V94/><F94/><W98/><G98/><T121/><D121/><U90/><E29/><V60/><REACH who="2" step="1"/><F9/><REACH who="2" ten="250,250,240,250" step="2"/><W5/><G83/><T95/><D8/><U40/><E120/><V20/><F20/><W78/><G78/><T21/><BYE who="3" /><D92/><U100/><E119/><V22/><F22/><W4/><G4/><T14/><D14/><U106/><E118/><V2/><F2/><W126/><G126/><T51/><D21/><U77/><E3/><V73/><F73/><W96/><G96/><T16/><D95/><U19/><E77/><V7/><F7/><W26/><G26/><T72/><D72/><UN n3="%EF%BC%93%E7%95%AA%EF%BC%A4%EF%BC%A8%E4%BA%95%E7%AB%AF" /><U57/><E99/><V24/><F24/><N who="3" m="16799" /><G76/><T108/><D104/><U35/><E97/><V64/><F64/><W127/><G5/><T123/><D123/><U74/><E106/><V132/><F132/><W133/><G133/><T82/><D135/><U44/><E74/><V84/><F84/><W109/><G127/><T88/><D82/><U62/><E100/><V70/><F70/><W116/><G116/><T130/><D103/><U25/><E69/><V80/><F80/><W10/><G10/><T101/><D101/><U32/><E25/><V75/><F75/><RYUUKYOKU ba="0,1" sc="250,-10,250,-10,240,30,250,-10" hai2="0,1,17,18,43,54,55,60,63,105,107,112,115" /><INIT seed="1,1,1,3,3,40" ten="240,240,270,240" oya="1" hai0="88,81,100,111,104,44,85,65,95,131,11,34,115" hai1="43,71,4,93,38,117,75,21,50,12,29,66,26" hai2="132,118,39,10,78,92,77,79,23,16,119,41,67" hai3="114,74,42,25,89,127,3,73,122,121,96,13,27"/><U87/><E75/><V18/><F132/><W126/><G3/><T130/><D115/><U60/><E117/><V68/><F10/><W107/><G114/><T99/><D34/><U2/><E38/><V123/><F123/><N who="3" m="47115" /><G42/><T101/><D65/><U54/><E43/><V91/><F18/><W80/><G13/><T103/><D44/><U0/><E87/><V30/><F30/><W98/><G27/><T56/><D56/><U86/><E86/><V82/><F82/><W62/><G62/><T22/><D22/><U63/><E93/><V51/><F39/><W19/><G19/><T116/><D11/><U46/><REACH who="1" step="1"/><E63/><REACH who="1" ten="240,230,270,240" step="2"/><V59/><F119/><W32/><G73/><T84/><D116/><U135/><E135/><V15/><F118/><W94/><G74/><T129/><REACH who="0" step="1"/><D111/><REACH who="0" ten="230,230,270,240" step="2"/><U48/><E48/><V133/><F133/><W8/><G8/><AGARI ba="1,3" hai="0,2,4,8,12,21,26,29,46,50,54,60,66,71" machi="8" ten="40,7700,0" yaku="1,1,52,1,53,1" doraHai="40" doraHaiUra="64" who="1" fromWho="3" sc="230,0,230,110,270,0,240,-80" /><INIT seed="1,2,0,2,4,133" ten="230,340,270,160" oya="1" hai0="134,77,105,4,32,125,104,9,81,51,72,57,112" hai1="63,50,11,95,33,123,64,96,76,38,22,93,94" hai2="37,89,99,21,67,35,70,39,43,8,86,61,13" hai3="6,31,130,68,62,132,69,18,88,0,71,110,111"/><U54/><E33/><V47/><F35/><W100/><G132/><T103/><D112/><U14/><E38/><V49/><F99/><W56/><G130/><T44/><D134/><U53/><E76/><V126/><F126/><W128/><G128/><T16/><D32/><U58/><E123/><V52/><F21/><W83/><G100/><T28/><D28/><U98/><E22/><V12/><F43/><W41/><G41/><T23/><D57/><U90/><E50/><V109/><F109/><N who="3" m="41483" /><G31/><T117/><D103/><U65/><E65/><V97/><F97/><N who="1" m="37481" /><E90/><V1/><F1/><W42/><G42/><T120/><D117/><U92/><N who="1" m="23552" /><DORA hai="2" /><U55/><E55/><V107/><F107/><W124/><G88/><T82/><D120/><U45/><E45/><V59/><F59/><W34/><G83/><T122/><D82/><U129/><E129/><V108/><F108/><W25/><G34/><T36/><D122/><U60/><E60/><V26/><F37/><W116/><G116/><T29/><D36/><U7/><AGARI ba="2,0" hai="7,11,14,53,54,58,63,64" m="23552,37481" machi="7" ten="40,3900,0" yaku="8,1,52,1" doraHai="133,2" who="1" fromWho="1" sc="230,-15,340,45,270,-15,160,-15" /><INIT seed="1,3,0,4,5,113" ten="215,385,255,145" oya="1" hai0="15,88,128,41,48,69,29,32,120,103,51,52,81" hai1="115,16,8,20,50,80,37,27,0,18,11,94,12" hai2="89,78,30,135,5,99,33,122,126,44,63,1,111" hai3="79,47,61,107,91,114,57,24,26,22,82,10,84"/><U105/><E105/><V35/><F78/><W34/><G114/><T109/><D69/><U72/><E37/><V17/><F44/><W110/><G110/><T125/><D109/><U116/><E94/><N who="2" m="56783" /><F63/><W4/><G107/><T43/><D128/><U23/><E50/><V83/><F83/><W106/><G106/><T85/><D125/><U100/><E80/><V133/><F30/><W87/><G47/><N who="0" m="27679" /><D103/><U54/><E54/><V74/><F74/><W25/><G34/><T38/><D32/><U131/><E100/><V95/><F111/><W118/><G22/><T129/><D120/><U108/><E72/><V92/><F126/><W3/><G118/><T55/><D38/><U53/><E53/><V134/><F122/><W71/><G71/><T132/><D29/><N who="1" m="17639" /><E115/><V36/><F36/><W112/><G112/><T117/><D132/><U127/><E127/><V60/><F60/><W6/><G61/><T7/><D117/><U42/><E42/><V104/><F104/><W64/><G64/><T130/><D129/><U75/><E75/><V31/><F35/><W67/><G67/><T101/><D130/><U96/><E108/><V2/><F95/><W14/><G57/><N who="0" m="33023" /><D101/><U98/><E131/><V124/><F124/><W68/><G68/><T45/><D45/><U28/><E28/><V19/><F31/><W86/><G79/><T119/><D119/><U77/><E77/><V123/><F123/><W40/><G40/><T102/><D102/><U66/><E116/><V21/><F33/><W65/><G65/><T121/><D121/><U58/><E66/><V46/><F135/><RYUUKYOKU ba="3,0" sc="215,15,385,-15,255,-15,145,15" hai0="7,15,41,43,81,85,88" hai3="3,4,6,10,14,24,25,26,82,84,86,87,91" /><INIT seed="2,4,0,0,5,102" ten="230,370,240,160" oya="2" hai0="23,3,114,127,2,66,86,94,116,73,97,98,30" hai1="54,22,4,39,0,104,61,120,77,38,48,71,95" hai2="42,11,47,12,112,43,121,122,99,84,53,106,65" hai3="76,60,68,131,130,6,135,7,113,29,58,67,19"/><V9/><F112/><W115/><G135/><T49/><D114/><N who="3" m="43529" /><G29/><T34/><D34/><U78/><E4/><N who="3" m="1578" /><G76/><T69/><D127/><U1/><E71/><V64/><F84/><W57/><G19/><T46/><D73/><U62/><E22/><V41/><F53/><W15/><G15/><T88/><D116/><U133/><E54/><V105/><F47/><W90/><G90/><T5/><D5/><U51/><E95/><V123/><F99/><W100/><G100/><T13/><D2/><U44/><E44/><V10/><F12/><W134/><G134/><T28/><D3/><U103/><E103/><V59/><REACH who="2" step="1"/><F59/><AGARI ba="4,0" hai="57,58,59,60,67,68,130,131" m="1578,43529" machi="59" ten="30,1000,0" yaku="11,1" doraHai="102" who="3" fromWho="2" sc="230,0,370,0,240,-22,160,22" /><INIT seed="3,0,0,5,4,130" ten="230,370,218,182" oya="3" hai0="0,82,122,55,30,113,117,91,54,16,57,20,131" hai1="123,120,124,69,56,125,80,50,71,25,15,2,95" hai2="4,97,127,68,107,5,64,83,27,93,81,78,67" hai3="59,13,7,12,111,73,126,84,75,92,108,102,110"/><W21/><G126/><T89/><D122/><U76/><E2/><V86/><F127/><N who="1" m="48713" /><E15/><N who="3" m="5706" /><G7/><N who="2" m="2633" /><F107/><W17/><G59/><T52/><D117/><U51/><E95/><V70/><F70/><N who="1" m="26633" /><E25/><V88/><F68/><W11/><G11/><T79/><D131/><U105/><E105/><V31/><F83/><W135/><G135/><T77/><D30/><U28/><E28/><V103/><F103/><W35/><G35/><T53/><D0/><U72/><E56/><V85/><F97/><N who="3" m="59687" /><G84/><N who="0" m="48207" /><D113/><U134/><E134/><V8/><F8/><W42/><G42/><T10/><D10/><U121/><AGARI ba="0,0" hai="50,51,72,76,80,120,121,123" m="26633,48713" machi="121" ten="40,1500,0" yaku="18,1" doraHai="130" who="1" fromWho="1" sc="230,-4,370,15,218,-4,182,-7" /><INIT seed="4,0,0,1,5,130" ten="226,385,214,175" oya="0" hai0="0,95,69,52,80,45,42,41,17,56,28,40,111" hai1="102,90,78,57,123,132,107,18,120,67,126,114,133" hai2="15,46,60,72,104,3,54,122,89,24,12,100,44" hai3="81,51,8,64,4,88,74,118,79,128,9,47,22"/><T58/><D0/><U1/><E18/><V103/><F3/><W71/><G128/><T38/><D69/><U101/><E1/><V134/><F72/><W25/><G118/><T31/><D111/><U113/><E78/><V110/><F110/><W98/><G64/><T21/><D80/><U70/><E70/><V27/><F104/><W93/><G4/><T7/><D7/><U125/><E57/><N who="0" m="22121" /><D95/><U16/><E16/><V61/><F122/><W76/><G76/><T30/><D38/><U14/><E14/><V35/><F54/><W62/><G62/><T77/><D77/><U94/><E67/><V135/><F89/><W75/><G75/><T36/><D36/><U82/><E82/><V53/><F53/><W65/><G65/><T10/><D10/><U84/><E107/><V108/><F108/><W99/><G99/><T121/><D121/><U116/><E116/><V68/><F35/><W117/><G117/><T87/><D87/><U63/><E63/><V127/><F127/><N who="1" m="48649" /><E123/><V26/><F26/><W43/><REACH who="3" step="1"/><G71/><AGARI ba="0,0" hai="12,15,24,27,44,46,60,61,68,71,100,103,134,135" machi="71" ten="25,6400,0" yaku="22,2,52,2" doraHai="130" who="2" fromWho="3" sc="226,0,385,0,214,64,175,-64" /><INIT seed="5,0,0,1,0,64" ten="226,385,278,111" oya="1" hai0="25,50,7,62,22,104,20,17,67,99,91,45,75" hai1="43,41,115,81,58,127,24,123,4,29,35,3,113" hai2="71,112,32,57,51,10,86,117,85,87,79,129,101" hai3="37,44,118,15,34,26,38,80,42,33,121,65,27"/><U128/><E123/><V135/><F117/><W28/><G121/><T6/><D75/><U60/><E127/><V124/><F124/><W61/><G118/><T92/><D104/><U21/><E128/><V105/><F32/><W134/><G134/><T131/><D22/><U2/><E81/><V9/><F129/><W96/><G15/><T77/><D77/><U109/><E35/><V111/><F135/><W76/><G96/><T52/><REACH who="0" step="1"/><D131/><REACH who="0" ten="216,385,278,111" step="2"/><U126/><E21/><V18/><F105/><W54/><G33/><T55/><D55/><U12/><E126/><V130/><F79/><W108/><G108/><T106/><D106/><U89/><E109/><V31/><F130/><W39/><G54/><T122/><D122/><U40/><E40/><V16/><F111/><W70/><G27/><T114/><D114/><U73/><E43/><V93/><F112/><W78/><REACH who="3" step="1"/><G76/><REACH who="3" ten="216,385,278,101" step="2"/><T11/><D11/><U59/><E24/><V14/><F10/><W46/><G46/><T103/><D103/><U19/><E115/><V83/><F101/><W84/><AGARI ba="0,2" hai="26,28,34,37,38,39,42,44,61,65,70,78,80,84" machi="84" ten="20,5200,0" yaku="1,1,0,1,7,1,52,1,53,0" doraHai="64" doraHaiUra="49" who="3" fromWho="3" sc="216,-13,385,-26,278,-13,101,72" /><INIT seed="6,0,0,5,4,87" ten="203,359,265,173" oya="2" hai0="37,16,31,53,7,90,105,56,107,85,74,83,67" hai1="73,115,45,41,109,24,1,6,120,126,76,38,30" hai2="9,60,133,121,66,84,46,58,96,86,0,108,122" hai3="118,127,97,114,106,104,78,55,102,100,49,20,39"/><V129/><F129/><W94/><G118/><T44/><D74/><U11/><E109/><V101/><F133/><W110/><G110/><T3/><D31/><U10/><E10/><V40/><F108/><W2/><G39/><T48/><D7/><U134/><E134/><V103/><F103/><W23/><G2/><T32/><D32/><U5/><E5/><V47/><F9/><W33/><G33/><T77/><D3/><U19/><E19/><V42/><F0/><W65/><G65/><T50/><D67/><U82/><E126/><V117/><F117/><W72/><G127/><T71/><D71/><U128/><E115/><V131/><F131/><W52/><G114/><T36/><D77/><U91/><E91/><V34/><F34/><W98/><G94/><T119/><D119/><U68/><E68/><V21/><F21/><W59/><REACH who="3" step="1"/><G55/><REACH who="3" ten="203,359,265,163" step="2"/><T111/><D111/><U51/><E128/><V25/><F66/><W69/><G69/><T27/><D37/><U93/><E93/><V80/><F122/><W18/><G18/><T125/><D36/><U135/><E135/><V22/><F121/><W79/><G79/><T113/><D125/><U12/><E120/><V70/><F70/><W116/><G116/><T99/><D113/><U75/><E38/><V54/><F54/><W17/><G17/><T26/><D16/><U81/><E1/><V63/><F40/><W92/><G92/><N who="0" m="56727" /><D105/><U4/><E4/><V15/><F42/><W95/><G95/><T62/><D107/><U8/><E6/><V88/><F101/><W29/><G29/><T89/><D62/><RYUUKYOKU ba="0,1" sc="203,15,359,-15,265,-15,163,15" hai0="26,27,44,48,50,53,56,83,85,89" hai3="20,23,49,52,59,72,78,97,98,100,102,104,106" /><INIT seed="7,1,1,5,4,109" ten="218,344,250,178" oya="3" hai0="57,68,30,61,101,85,17,103,135,54,42,74,52" hai1="105,87,58,78,98,63,11,10,8,79,123,110,106" hai2="89,45,81,20,29,26,37,94,62,125,127,88,33" hai3="6,72,70,22,51,7,15,24,73,102,115,0,112"/><W124/><G70/><T111/><D74/><U23/><E106/><V65/><F81/><W96/><G0/><T122/><D111/><U108/><E123/><V107/><F107/><W86/><G124/><N who="2" m="47689" /><F94/><W76/><G86/><T12/><D122/><U69/><E69/><N who="2" m="42167" /><F20/><W113/><G51/><T18/><D135/><U49/><E49/><V83/><F83/><N who="3" m="45447" /><G73/><T56/><D42/><AGARI ba="1,1" hai="26,29,33,37,42,45,88,89" m="42167,47689" machi="42" ten="30,2000,0" yaku="18,1,54,1" doraHai="109" who="2" fromWho="0" sc="218,-23,344,0,250,33,178,0" owari="195,-20.0,344,44.0,283,8.0,178,-32.0" /></mjloggm>