<mjloggm ver="2.3"><GO type="169" lobby="0"/><UN n0="%E6%A1%9C%E4%BA%95%E3%81%95%E3%82%93" n1="%E7%94%9F%E7%B2%8B%E3%81%AE%E7%85%BD%E3%83%A9%E3%83%BC%E2%99%AA" n2="%E5%82%B7%E3%81%AF%E6%B5%85%E3%81%84%E3%81%86%E3%81%A1%E3%81%AB" n3="%E5%B0%B1%E6%B4%BB%E7%94%9F%40%E5%B7%9D%E6%9D%91%E8%BB%8D%E5%9B%A3" dan="17,17,16,16" rate="2212.47,2183.79,2160.61,2165.67" sx="M,M,M,M"/><TAIKYOKU oya="0"/><INIT seed="0,0,0,5,2,123" ten="250,250,250,250" oya="0" hai0="105,26,35,60,8,65,10,85,50,64,100,102,130" hai1="107,86,126,13,74,37,29,110,121,9,57,133,98" hai2="92,99,2,70,129,62,43,111,113,73,19,91,120" hai3="125,16,80,127,58,41,112,51,68,55,38,44,132"/><T89/><D130/><U27/><E74/><V34/><F34/><W94/><G80/><T119/><D119/><U93/><E121/><V20/><F113/><W116/><G116/><T36/><D36/><U71/><E71/><V23/><F120/><W42/><G94/><T3/><D50/><U135/><E37/><V117/><F117/><W4/><G4/><T124/><D124/><N who="3" m="47689" /><G16/><T0/><D35/><U103/><E126/><V53/><F2/><W81/><G81/><T114/><D26/><U25/><E57/><V109/><F129/><W28/><G28/><T11/><D114/><U14/><E27/><V128/><F128/><W83/><G83/><T15/><D15/><U79/><E13/><V75/><F43/><N who="3" m="22647" /><G112/><T33/><D33/><U12/><E12/><N who="2" m="9319" /><F23/><W115/><G115/><T97/><D102/><U6/><E79/><V134/><F134/><N who="1" m="51209" /><E86/><V67/><F53/><W46/><G132/><T96/><D96/><N who="1" m="61927" /><E25/><V69/><F69/><W54/><G68/><T101/><D101/><N who="1" m="60623" /><E29/><V61/><F61/><AGARI ba="0,0" hai="41,42,46,51,54,55,58,61" m="22647,47689" machi="61" ten="30,3900,0" yaku="18,1,34,2" doraHai="123" who="3" fromWho="2" sc="250,0,250,0,250,-39,250,39" /><INIT seed="1,0,0,1,1,110" ten="250,250,211,289" oya="1" hai0="57,31,77,86,35,63,3,80,17,94,89,97,133" hai1="95,128,12,47,7,61,96,1,74,37,50,113,106" hai2="119,114,131,98,40,103,135,129,24,33,44,81,123" hai3="76,25,124,64,69,92,121,49,126,84,105,100,45"/><U112/><E74/><V71/><F71/><W34/><G121/><T79/><D3/><U11/><E106/><V8/><F119/><W22/><G76/><T134/><D35/><U42/><E128/><N who="2" m="49227" /><F123/><W16/><G34/><T27/><D77/><U120/><E120/><V117/><F117/><W66/><G105/><T68/><D68/><U130/><E130/><V10/><F81/><W15/><G25/><T19/><D31/><U65/><E37/><N who="2" m="21519" /><F135/><N who="0" m="51722" /><D27/><U109/><E109/><V5/><F5/><W127/><G69/><T28/><D28/><U70/><REACH who="1" step="1"/><E1/><REACH who="1" ten="250,240,211,289" step="2"/><V23/><F33/><W53/><G84/><T51/><D51/><U9/><E9/><V67/><F8/><W43/><G43/><T56/><D63/><U46/><E46/><V52/><F10/><W58/><G45/><T125/><D125/><U13/><E13/><V104/><F23/><W72/><G72/><T88/><D79/><U30/><E30/><V2/><F2/><W93/><G124/><T26/><D26/><U91/><AGARI ba="0,1" hai="7,11,12,42,47,50,61,65,70,91,95,96,112,113" machi="91" ten="20,18000,2" yaku="1,1,0,1,7,1,52,2,53,1" doraHai="110" doraHaiUra="60" who="1" fromWho="1" sc="250,-60,240,190,211,-60,289,-60" /><INIT seed="1,1,0,2,5,68" ten="190,430,151,229" oya="1" hai0="104,103,76,45,24,125,42,59,62,38,12,64,32" hai1="65,91,19,81,134,20,18,60,34,71,126,2,96" hai2="110,87,14,26,25,84,8,48,99,61,83,92,130" hai3="133,41,63,4,107,93,117,77,129,53,27,116,46"/><U56/><E34/><V69/><F110/><W101/><G107/><T5/><D125/><U106/><E134/><V1/><F130/><W44/><G133/><T127/><D127/><U49/><E2/><V50/><F1/><W58/><G4/><T35/><D76/><U124/><E124/><V31/><F69/><W132/><G77/><T43/><D43/><U128/><E128/><V21/><F26/><W78/><G78/><T90/><D90/><U30/><E126/><V119/><F119/><N who="3" m="45643" /><G129/><T66/><D66/><U33/><E20/><V98/><F98/><N who="3" m="59599" /><G132/><T113/><D113/><U74/><E74/><V47/><F61/><W3/><G3/><T73/><D73/><U22/><E22/><V131/><F131/><W115/><G115/><T16/><D5/><U94/><E81/><V72/><F72/><W29/><G41/><T6/><D6/><U11/><E11/><V89/><F47/><W75/><G75/><T10/><REACH who="0" step="1"/><D24/><REACH who="0" ten="180,430,151,229" step="2"/><U121/><E65/><V122/><F122/><W15/><G15/><T86/><D86/><N who="2" m="32810" /><F83/><W17/><G17/><AGARI ba="1,1" hai="8,14,17,21,25,31,48,50,89,92,99" m="32810" machi="17" ten="30,1000,0" yaku="8,1" doraHai="68" who="2" fromWho="3" sc="180,0,430,0,151,23,229,-13" /><INIT seed="2,0,0,3,1,77" ten="180,430,174,216" oya="2" hai0="76,31,75,18,99,132,71,54,62,100,109,15,79" hai1="55,69,27,133,57,105,135,11,28,50,1,113,106" hai2="126,33,13,22,59,88,104,123,93,134,32,8,20" hai3="95,127,125,81,114,35,115,7,117,68,86,24,124"/><V70/><F70/><W96/><G68/><T85/><D75/><U43/><E69/><V110/><F123/><W36/><G36/><T3/><D3/><U63/><E113/><N who="3" m="43018" /><G7/><T121/><D121/><U73/><E73/><V87/><F104/><W10/><G10/><T119/><D31/><U49/><E1/><V122/><F122/><W12/><G12/><T38/><D38/><U98/><E11/><V44/><F44/><W89/><G24/><T41/><D41/><U65/><E43/><V78/><F33/><W94/><G35/><T84/><D109/><U30/><E30/><V45/><F32/><W19/><G19/><T6/><D6/><U112/><E112/><V91/><F45/><W26/><G26/><T23/><D132/><N who="1" m="50763" /><E55/><V74/><F110/><W64/><G64/><T4/><D4/><U52/><E65/><V90/><F134/><W61/><G61/><T66/><D119/><U108/><E108/><V67/><F126/><W0/><G0/><T102/><D54/><U51/><E98/><V9/><F9/><W83/><G117/><T2/><D2/><U118/><E118/><V16/><F74/><W29/><G29/><T37/><D37/><U80/><E80/><N who="2" m="47511" /><F93/><W56/><G56/><T14/><D71/><U48/><N who="1" m="12288" /><DORA hai="129" /><U5/><E5/><V34/><F34/><AGARI ba="0,0" hai="27,28,34,52,57,63,105,106" m="12288,50763" machi="34" ten="40,8000,1" yaku="20,1,52,3,54,1" doraHai="77,129" who="1" fromWho="2" sc="180,0,430,80,174,-80,216,0" /><INIT seed="3,0,0,4,0,48" ten="180,510,94,216" oya="3" hai0="96,75,58,114,8,7,84,106,23,73,28,30,62" hai1="102,37,83,61,104,95,90,112,21,10,25,4,33" hai2="66,89,132,91,42,19,86,94,111,60,92,99,32" hai3="93,115,133,135,117,81,97,116,22,65,127,55,68"/><W26/><G115/><T53/><D114/><U78/><E112/><V39/><F111/><W122/><G122/><T63/><D84/><U31/><E37/><V54/><F132/><W103/><G127/><T40/><D40/><U41/><E41/><V44/><F32/><W20/><G68/><T29/><D23/><U71/><E104/><V77/><F77/><W109/><G65/><T70/><D70/><U18/><E102/><V107/><F107/><W120/><G120/><T14/><REACH who="0" step="1"/><D63/><REACH who="0" ten="170,510,94,216" step="2"/><U13/><E61/><V134/><F134/><W12/><G133/><T43/><D43/><U110/><E71/><V45/><F66/><W130/><G135/><T129/><D129/><U108/><E110/><V56/><F42/><W121/><G109/><T79/><D79/><U6/><E108/><V67/><F39/><W36/><G36/><T3/><D3/><U27/><E78/><V101/><F67/><W119/><G130/><T72/><D72/><U50/><E50/><V35/><F35/><W88/><G121/><T24/><D24/><U128/><E128/><V2/><F2/><W126/><G126/><T5/><D5/><U100/><E4/><V82/><REACH who="2" step="1"/><F19/><REACH who="2" ten="170,510,84,216" step="2"/><N who="3" m="10343" /><G119/><T131/><D131/><U118/><E33/><V47/><F47/><W98/><G117/><T69/><D69/><U124/><E124/><V87/><AGARI ba="0,2" hai="44,45,54,56,60,82,86,87,89,91,92,94,99,101" machi="87" ten="20,8000,1" yaku="1,1,0,1,7,1,8,1,52,1,53,0" doraHai="48" doraHaiUra="46" who="2" fromWho="2" sc="170,-20,510,-20,84,100,216,-40" /><INIT seed="4,0,0,0,1,4" ten="150,490,184,176" oya="0" hai0="115,92,107,59,86,105,103,133,11,109,89,84,46" hai1="120,18,10,49,48,102,67,55,63,54,28,53,116" hai2="75,110,73,80,50,71,101,2,35,51,38,95,20" hai3="90,83,29,43,104,8,121,45,79,69,52,36,30"/><T56/><D115/><U82/><E116/><V40/><F35/><W22/><G104/><T129/><D133/><U68/><E120/><V65/><F2/><W132/><G69/><T42/><D129/><U131/><E131/><V27/><F38/><W19/><G132/><T97/><D109/><U123/><E123/><V70/><F70/><W125/><G125/><T0/><D107/><U127/><E102/><V25/><F25/><W114/><G114/><T1/><D84/><U108/><E108/><V57/><F71/><W21/><G90/><T119/><D119/><U41/><E28/><N who="2" m="17511" /><F40/><W66/><G66/><T112/><D112/><U124/><E82/><V99/><F110/><W3/><G121/><T113/><D113/><U32/><E32/><V15/><F15/><W24/><G22/><T47/><D0/><U122/><E122/><V88/><F88/><W37/><G37/><T128/><D128/><U91/><E91/><V34/><F34/><W126/><G126/><N who="1" m="48170" /><E41/><V5/><F80/><W13/><G3/><T134/><D134/><U23/><E10/><V39/><F39/><W64/><G64/><T60/><D42/><U33/><E33/><V12/><F75/><W98/><G98/><T6/><REACH who="0" step="1"/><D59/><REACH who="0" ten="140,490,184,176" step="2"/><U16/><E18/><V96/><F73/><W44/><G30/><T87/><D87/><U106/><E106/><V117/><F117/><W111/><G111/><T62/><D62/><U85/><E85/><V81/><F99/><W9/><G29/><T94/><D94/><U118/><E118/><V58/><F81/><W93/><G83/><T135/><D135/><RYUUKYOKU ba="0,1" sc="140,15,490,15,184,-15,176,-15" hai0="1,6,11,46,47,56,60,86,89,92,97,103,105" hai1="16,23,48,49,53,54,55,63,67,68" /><INIT seed="4,1,1,0,5,4" ten="155,505,169,161" oya="0" hai0="53,40,67,13,20,29,9,116,132,15,39,25,90" hai1="7,63,43,80,75,30,46,48,99,49,118,102,82" hai2="16,27,133,50,120,6,117,12,93,18,128,79,42" hai3="68,72,22,109,111,14,28,83,96,74,127,134,32"/><T58/><D116/><U98/><E118/><V2/><F120/><W95/><G68/><T8/><D132/><U69/><E49/><V129/><F117/><W35/><G134/><T123/><D123/><U85/><E75/><V26/><F79/><W115/><G115/><T41/><D67/><U110/><E30/><V107/><F107/><W31/><G127/><T135/><D135/><U1/><E110/><V71/><F71/><W61/><G61/><N who="0" m="36047" /><D39/><U100/><E63/><V5/><F93/><W62/><G62/><T59/><D59/><U66/><E66/><V88/><F88/><W57/><G57/><T91/><D91/><U108/><E69/><V37/><F37/><W87/><G32/><T54/><D54/><U86/><E108/><V44/><F2/><W112/><G112/><T10/><D90/><N who="1" m="51495" /><E7/><N who="2" m="2571" /><F18/><W11/><G35/><T51/><D51/><U21/><E21/><N who="2" m="11399" /><F133/><W81/><G109/><T45/><D45/><U36/><E1/><V106/><F106/><W113/><G113/><T125/><D125/><U33/><E33/><V76/><F76/><N who="3" m="46503" /><G74/><T121/><D121/><U92/><E36/><V77/><F77/><W47/><G72/><T65/><D65/><U34/><E34/><V17/><F17/><N who="3" m="8415" /><G111/><T97/><D97/><N who="1" m="59431" /><E102/><V94/><F94/><W105/><G105/><T101/><D101/><U130/><E99/><V124/><F124/><W56/><G83/><T114/><D114/><U104/><E104/><V122/><F122/><W103/><G95/><T52/><D52/><U126/><E126/><V131/><AGARI ba="1,1" hai="26,27,42,44,50,128,129,131" m="11399,2571" machi="131" ten="40,2700,0" yaku="19,1,54,1" doraHai="4" who="2" fromWho="2" sc="155,-14,505,-8,169,40,161,-8" /><INIT seed="5,0,0,1,5,92" ten="141,497,209,153" oya="1" hai0="88,17,73,118,107,100,3,124,50,16,93,75,21" hai1="23,74,130,133,84,67,108,134,69,115,36,125,20" hai2="33,29,103,44,26,37,80,132,58,81,72,114,31" hai3="51,119,78,112,53,116,55,45,105,90,97,62,79"/><U22/><E36/><V129/><F129/><W57/><G112/><T117/><D3/><U48/><E74/><V135/><F31/><W85/><G105/><T111/><D111/><U40/><E115/><V2/><F2/><W60/><G60/><T19/><D21/><U86/><E130/><V87/><F114/><W10/><G10/><T66/><D66/><U34/><E34/><V13/><F72/><W71/><G71/><T43/><D75/><U83/><E108/><V82/><F103/><W106/><G106/><T14/><D73/><U18/><E125/><V65/><F13/><W63/><G63/><T49/><D14/><U91/><E67/><V56/><F87/><W38/><G38/><T28/><D28/><U104/><E104/><V42/><REACH who="2" step="1"/><F65/><REACH who="2" ten="141,497,199,153" step="2"/><W39/><G85/><T95/><D124/><U47/><E86/><V122/><F122/><W98/><G116/><T64/><D64/><U120/><E120/><V15/><F15/><W54/><G119/><T128/><D128/><U35/><E35/><V59/><AGARI ba="0,1" hai="26,29,33,37,42,44,56,58,59,80,81,82,132,135" machi="59" ten="40,2700,0" yaku="1,1,0,1,53,0" doraHai="92" doraHaiUra="61" who="2" fromWho="2" sc="141,-7,497,-13,199,37,153,-7" /><INIT seed="6,0,0,2,0,41" ten="134,484,236,146" oya="2" hai0="61,124,66,79,2,6,62,98,74,52,89,104,22" hai1="28,32,56,3,132,102,73,127,108,112,13,101,25" hai2="135,125,129,110,26,78,131,86,33,17,77,90,7" hai3="88,82,43,94,1,63,65,49,113,81,21,119,59"/><V100/><F7/><W116/><G1/><T14/><D2/><U92/><E73/><V23/><F125/><W27/><G113/><T42/><D42/><U16/><E108/><V128/><F135/><W64/><G64/><T133/><D133/><U55/><E132/><V134/><F110/><W87/><G116/><T10/><D124/><U38/><E127/><V84/><F84/><W19/><G119/><T80/><D22/><U9/><E38/><V40/><F134/><W44/><AGARI ba="0,0" hai="19,21,27,43,44,49,59,63,65,81,82,87,88,94" machi="44" ten="30,7900,0" yaku="0,1,8,1,52,1,54,1" doraHai="41" who="3" fromWho="3" sc="134,-20,484,-20,236,-39,146,79" /><INIT seed="7,0,0,2,2,121" ten="114,464,197,225" oya="3" hai0="18,100,54,82,97,47,72,134,24,109,56,20,89" hai1="133,116,104,6,88,55,10,32,115,65,106,103,36" hai2="25,58,76,40,83,108,0,15,90,67,16,119,38" hai3="122,27,49,91,127,70,66,73,53,79,12,61,102"/><W98/><G122/><T118/><D134/><U117/><E32/><V131/><F108/><W114/><G114/><T51/><D118/><N who="1" m="45675" /><E103/><V87/><F0/><W80/><G127/><T44/><D72/><U52/><E115/><V94/><F131/><W113/><G113/><T39/><D39/><U46/><E65/><V75/><F25/><W4/><G27/><T41/><D41/><N who="1" m="22823" /><E133/><V84/><F119/><W57/><G91/><T34/><D34/><U128/><E88/><V31/><F31/><W50/><G12/><T110/><D82/><U11/><E11/><V14/><F14/><W22/><G22/><T105/><REACH who="0" step="1"/><D89/><REACH who="0" ten="104,464,197,225" step="2"/><U74/><E74/><V120/><F40/><W9/><G80/><T42/><D42/><U69/><E69/><V23/><F38/><W5/><G70/><T33/><D33/><U37/><E37/><V125/><F120/><W112/><G73/><T107/><D107/><N who="1" m="41003" /><E128/><V68/><F68/><W7/><G79/><T26/><D26/><U13/><AGARI ba="0,1" hai="6,10,13,52,55" m="41003,22823,45675" machi="13" ten="30,2000,0" yaku="12,1,54,1" doraHai="121" who="1" fromWho="1" sc="104,-5,464,30,197,-5,225,-10" owari="99,-40.0,494,59.0,192,-21.0,215,2.0" /></mjloggm>