<mjloggm ver="2.3"><GO type="169" lobby="0"/><UN n0="%E3%83%A1%E3%82%A4%E3%82%A2%E3%82%AF%E3%83%88" n1="%E3%83%A4%E3%82%AD%E3%83%B3" n2="%E5%B0%B1%E6%B4%BB%E7%94%9F%40%E5%B7%9D%E6%9D%91%E8%BB%8D%E5%9B%A3" n3="%E4%B8%96%E7%95%8C%E3%81%AE%E9%9D%92%E6%9C%A8" dan="16,18,18,16" rate="2136.83,2208.47,2237.99,2166.64" sx="M,M,M,M"/><TAIKYOKU oya="0"/><INIT seed="0,0,0,2,5,3" ten="250,250,250,250" oya="0" hai0="41,115,106,79,126,46,4,112,131,119,65,8,28" hai1="40,92,104,7,55,13,9,45,127,29,58,12,83" hai2="27,43,30,96,84,125,87,120,121,23,108,94,47" hai3="50,33,17,35,11,98,116,10,134,128,90,102,64"/><T61/><D106/><U63/><E104/><V1/><F1/><W53/><G64/><T57/><D119/><U122/><E122/><V20/><F108/><W34/><G90/><T118/><D118/><U100/><E127/><V76/><F125/><W42/><G42/><T89/><D126/><U69/><E29/><V0/><F0/><W135/><G17/><T109/><D28/><U88/><E69/><V54/><F23/><W130/><G116/><T93/><D131/><N who="3" m="50217" /><G53/><T5/><D109/><U59/><E59/><V99/><F99/><W24/><G50/><T81/><D93/><U114/><E114/><V25/><F25/><W22/><G98/><T132/><D89/><U16/><E83/><V105/><F54/><W77/><G77/><T70/><D57/><U103/><E45/><V67/><F67/><W129/><G102/><T74/><D5/><U48/><E40/><V110/><F110/><W95/><G95/><T107/><D107/><U80/><E80/><V21/><F105/><W75/><G75/><T31/><D31/><U101/><E63/><V111/><F111/><W82/><G82/><T26/><D26/><U51/><E51/><N who="2" m="27135" /><F76/><W124/><G124/><T123/><D123/><U37/><E37/><V39/><F39/><W52/><G129/><T66/><D66/><U86/><E103/><N who="2" m="60823" /><F121/><W113/><G113/><T44/><D115/><U36/><E36/><V68/><F68/><W60/><G34/><T38/><D112/><U15/><E15/><V62/><F120/><W91/><G35/><T73/><D73/><U14/><E14/><V19/><F62/><RYUUKYOKU ba="0,0" sc="250,-15,250,15,250,15,250,-15" hai1="7,9,12,13,16,48,55,58,86,88,92,100,101" hai2="19,20,21,27,30,84,87" /><INIT seed="1,1,0,2,0,125" ten="235,265,265,235" oya="1" hai0="39,38,23,25,22,74,93,73,86,54,31,34,67" hai1="13,35,94,62,105,97,28,106,3,57,82,88,78" hai2="12,112,30,116,134,128,68,24,109,119,80,37,76" hai3="111,91,2,79,131,0,98,81,5,118,72,10,40"/><U7/><E3/><V120/><F68/><W110/><G0/><T50/><D67/><U43/><E43/><V16/><F37/><W19/><G19/><T113/><D113/><U47/><E47/><V36/><F36/><W26/><G26/><T21/><D39/><U103/><E13/><V53/><F120/><W45/><G118/><T101/><D38/><U55/><E7/><V127/><F127/><W41/><G45/><T49/><D54/><U133/><E133/><V6/><F6/><W130/><G91/><T92/><D86/><U85/><REACH who="1" step="1"/><E103/><REACH who="1" ten="235,255,265,235" step="2"/><V9/><F134/><W95/><G41/><T59/><D101/><U117/><E117/><V17/><F12/><W65/><G40/><T32/><D25/><AGARI ba="1,1" hai="25,28,35,55,57,62,78,82,85,88,94,97,105,106" machi="25" ten="40,7700,0" yaku="1,1,54,1,53,1" doraHai="125" doraHaiUra="56" who="1" fromWho="0" sc="235,-80,255,90,265,0,235,0" /><INIT seed="1,2,0,3,3,127" ten="155,345,265,235" oya="1" hai0="30,76,49,60,47,84,85,25,126,123,99,125,62" hai1="22,8,5,35,3,112,100,17,52,116,37,128,120" hai2="77,68,59,71,9,10,97,93,7,119,1,134,109" hai3="107,83,124,70,66,69,0,108,41,12,104,15,23"/><U61/><E37/><V105/><F119/><W4/><G23/><T98/><D123/><U81/><E116/><V33/><F33/><W28/><G83/><T130/><D76/><U73/><E35/><V132/><F105/><W94/><G94/><T92/><D92/><U95/><E112/><V36/><F36/><W129/><G66/><T44/><D49/><U42/><E42/><V43/><F77/><W110/><G4/><T63/><D25/><U21/><E120/><V6/><F43/><W14/><G41/><T79/><D79/><U18/><E81/><V24/><F24/><W40/><G40/><T27/><D27/><U46/><E73/><V117/><F59/><W16/><G69/><T2/><D63/><U118/><E22/><V26/><F26/><W57/><G110/><T34/><D34/><U38/><E38/><V31/><F31/><W131/><G28/><T74/><D30/><U88/><E100/><V78/><F78/><W82/><G124/><T50/><D50/><U20/><E118/><V106/><F106/><W115/><G107/><T32/><D32/><U29/><E29/><V48/><F117/><W56/><G104/><T86/><D86/><U101/><E101/><V113/><F109/><W39/><G108/><T19/><D2/><U67/><E46/><V111/><F111/><W91/><G0/><T133/><D74/><U103/><E103/><V64/><F93/><W87/><G115/><T80/><D80/><U102/><E95/><V96/><F96/><W58/><G39/><T54/><D126/><U13/><E3/><V55/><F1/><RYUUKYOKU ba="2,0" sc="155,0,345,0,265,0,235,0" /><INIT seed="2,3,0,5,1,98" ten="155,345,265,235" oya="2" hai0="80,64,38,84,4,51,96,112,78,31,79,47,106" hai1="87,10,111,27,115,100,50,18,24,46,17,76,20" hai2="39,35,131,1,68,45,30,0,116,103,58,28,44" hai3="61,66,5,23,126,83,2,109,91,19,134,60,102"/><V130/><F68/><W33/><G33/><T7/><D38/><U90/><E115/><V65/><F116/><W105/><G61/><T3/><D112/><U75/><E111/><V99/><F65/><W95/><G83/><T125/><D125/><U56/><E76/><V74/><F74/><W16/><G134/><T124/><D124/><U34/><E56/><V128/><F58/><W43/><G43/><T129/><D31/><N who="2" m="11818" /><F35/><W123/><G60/><T11/><D7/><U55/><E75/><V104/><F39/><W110/><G66/><T54/><D64/><U42/><E34/><V81/><F81/><W120/><G19/><T135/><D135/><U59/><E27/><V89/><F89/><W93/><G5/><T72/><D79/><U52/><E100/><V108/><F108/><W41/><G2/><AGARI ba="3,0" hai="0,1,2,44,45,99,103,104,128,130,131" m="11818" machi="2" ten="40,3900,0" yaku="19,1,52,1" doraHai="98" who="2" fromWho="3" sc="155,0,345,0,265,48,235,-48" /><INIT seed="2,4,0,1,0,117" ten="155,345,313,187" oya="2" hai0="66,31,67,103,105,18,127,38,112,116,34,74,130" hai1="104,24,5,84,83,9,22,12,17,87,93,96,118" hai2="25,101,6,88,11,77,70,73,120,114,122,110,124" hai3="125,108,71,56,81,43,86,37,46,89,30,20,14"/><V135/><F70/><W16/><G108/><T90/><D38/><U41/><E118/><V48/><F114/><W54/><G125/><T13/><D112/><U19/><E104/><V64/><F64/><W1/><G1/><T80/><D116/><U45/><E83/><V133/><F101/><W62/><G71/><T75/><D75/><U131/><E131/><V59/><F124/><W85/><G86/><T98/><D130/><U32/><E32/><V28/><F77/><W107/><G107/><T79/><D127/><U102/><REACH who="1" step="1"/><E19/><REACH who="1" ten="155,335,313,187" step="2"/><V26/><F110/><W57/><G30/><T27/><REACH who="0" step="1"/><D90/><REACH who="0" ten="145,335,313,187" step="2"/><U78/><E78/><V95/><F88/><W115/><G115/><T123/><D123/><U113/><E113/><V21/><F120/><W7/><G89/><T91/><D91/><U8/><E8/><AGARI ba="4,2" hai="8,13,18,27,31,34,66,67,74,79,80,98,103,105" machi="8" ten="30,2000,0" yaku="1,1,7,1,53,0" doraHai="117" doraHaiUra="58" who="0" fromWho="1" sc="145,52,335,-32,313,0,187,0" /><INIT seed="3,0,0,3,1,130" ten="197,303,313,187" oya="3" hai0="36,41,79,116,3,58,97,15,59,102,88,134,32" hai1="128,62,95,65,77,12,66,91,54,45,72,115,74" hai2="75,5,33,132,90,96,8,94,20,126,23,92,19" hai3="14,1,107,78,38,61,104,86,67,82,35,17,7"/><W52/><G38/><T117/><D3/><U6/><E115/><V53/><F33/><W119/><G119/><T11/><D32/><U135/><E128/><V89/><F75/><W71/><G35/><T47/><D79/><U110/><E110/><V64/><F64/><W70/><G70/><T76/><D76/><U37/><E77/><V122/><F126/><W68/><G68/><T57/><D134/><U49/><E37/><V118/><F118/><W127/><G127/><T113/><D113/><U60/><E135/><V93/><F122/><W51/><G7/><T133/><D133/><U27/><E27/><V111/><F111/><W24/><G24/><T46/><D46/><U4/><E74/><V83/><F132/><W129/><G1/><T131/><D131/><U29/><E29/><V124/><F124/><W121/><G121/><T87/><D97/><U9/><E6/><V31/><F31/><W30/><G30/><T40/><D40/><U56/><E72/><V43/><F43/><W98/><G98/><T34/><D102/><U16/><E4/><V26/><F23/><W55/><G129/><T123/><D123/><U2/><E2/><V100/><F53/><N who="3" m="20555" /><G51/><T21/><D21/><U42/><E62/><V108/><F108/><W112/><G112/><T106/><D106/><U13/><E13/><V120/><F120/><W48/><G48/><T109/><D109/><U80/><E80/><V114/><F114/><W105/><G105/><T99/><D34/><U81/><E81/><V50/><F50/><W63/><G63/><T25/><D117/><U10/><E49/><RYUUKYOKU ba="0,0" sc="197,-10,303,-10,313,-10,187,30" hai3="14,17,61,67,71,78,82,86,104,107" /><INIT seed="3,1,0,0,3,125" ten="187,293,303,217" oya="3" hai0="26,37,19,134,9,61,16,25,119,127,87,97,35" hai1="6,113,46,60,38,30,20,128,11,45,82,51,2" hai2="28,10,72,7,70,130,122,22,129,62,68,18,42" hai3="21,49,4,3,48,71,65,56,83,102,69,67,123"/><W96/><G123/><T52/><D37/><U63/><E113/><V12/><F72/><W23/><G3/><T79/><D119/><U112/><E112/><V118/><F118/><W54/><G4/><T114/><D114/><U57/><E38/><V99/><F122/><W59/><G83/><T15/><D127/><U8/><E8/><V29/><F99/><W89/><G89/><T105/><D35/><U132/><E132/><V78/><F78/><W5/><G5/><T131/><D134/><U41/><E46/><V32/><F42/><W33/><G33/><T135/><D135/><U121/><E121/><V115/><F115/><W31/><G31/><N who="2" m="11849" /><F62/><W100/><G96/><T77/><D105/><U106/><E106/><V43/><F43/><W40/><G40/><T101/><D19/><U81/><E63/><V39/><F39/><W108/><REACH who="3" step="1"/><G54/><REACH who="3" ten="187,293,303,207" step="2"/><T95/><D79/><U117/><E117/><V27/><F32/><W91/><G91/><T36/><D36/><U50/><E82/><V133/><F133/><W111/><AGARI ba="1,1" hai="21,23,48,49,56,59,65,67,69,71,100,102,108,111" machi="111" ten="25,9600,0" yaku="1,1,0,1,22,2,53,0" doraHai="125" doraHaiUra="107" who="3" fromWho="3" sc="187,-33,293,-33,303,-33,207,109" /><INIT seed="3,2,0,5,4,40" ten="154,260,270,316" oya="3" hai0="42,65,128,54,15,109,118,89,13,73,51,126,95" hai1="87,12,112,52,20,77,44,121,107,84,14,0,57" hai2="80,11,98,105,48,78,113,33,123,50,119,81,111" hai3="131,56,103,36,70,79,22,91,104,116,82,67,38"/><W17/><G70/><T49/><D73/><U127/><E0/><V135/><F33/><W39/><G104/><T93/><D118/><U63/><E121/><V69/><F69/><W133/><G91/><T35/><D35/><U6/><E112/><V74/><F113/><W27/><G103/><T108/><D128/><U30/><E107/><V5/><F111/><W55/><G67/><T68/><D68/><U29/><E127/><V75/><F123/><W66/><G66/><T117/><D65/><U32/><E32/><V71/><F71/><W132/><G116/><T46/><D117/><U19/><E44/><V99/><F135/><N who="3" m="51787" /><G131/><T88/><D126/><U45/><E45/><V106/><F119/><W1/><G1/><T85/><D109/><U43/><E43/><V125/><F125/><W61/><G38/><T34/><D34/><U3/><E3/><V92/><F105/><W102/><G102/><T58/><D108/><U41/><E41/><V129/><F129/><W25/><G27/><T10/><D10/><N who="1" m="4183" /><E77/><V2/><F106/><W18/><G17/><T124/><D124/><U130/><E130/><V62/><F78/><W47/><G47/><T100/><D100/><U110/><E110/><V96/><F2/><W86/><AGARI ba="2,0" hai="18,22,25,36,39,55,56,61,79,82,86" m="51787" machi="86" ten="30,1500,0" yaku="20,1" doraHai="40" who="3" fromWho="3" sc="154,-7,260,-7,270,-7,316,21" /><INIT seed="3,3,0,5,2,50" ten="147,253,263,337" oya="3" hai0="80,121,15,18,61,58,23,3,108,33,48,124,77" hai1="135,16,99,75,102,42,51,127,89,13,11,22,32" hai2="45,20,113,86,34,59,93,98,132,104,76,56,44" hai3="126,101,92,67,74,57,26,64,0,31,83,9,134"/><W114/><G57/><N who="2" m="22089" /><F34/><W72/><G92/><T97/><D3/><U87/><E32/><V28/><F104/><W105/><G26/><T65/><D33/><U100/><E75/><V66/><F66/><W106/><G9/><T29/><D121/><U49/><E127/><V94/><F132/><W79/><G83/><T68/><D124/><U123/><E123/><V117/><F117/><W84/><G84/><T39/><D39/><U37/><E135/><V14/><F113/><W8/><G8/><T40/><D108/><U17/><E37/><V90/><F76/><W107/><G101/><T12/><D29/><U6/><E42/><V128/><F128/><W70/><G105/><T109/><D109/><U46/><E46/><V35/><F35/><W25/><G79/><T122/><D122/><U88/><E17/><N who="2" m="10295" /><F28/><W36/><G31/><T52/><D40/><U10/><E10/><V78/><F78/><W69/><G36/><T131/><D131/><U19/><E19/><V111/><F111/><W55/><G0/><T54/><D15/><N who="1" m="9503" /><E49/><V73/><F73/><W81/><G134/><T43/><D43/><U63/><E63/><V130/><F130/><W125/><G114/><T27/><D12/><U71/><E71/><V96/><F96/><W118/><G118/><T7/><D97/><U1/><E1/><V21/><F21/><W60/><G25/><T120/><D120/><U38/><E38/><V133/><F133/><W129/><G129/><T4/><REACH who="0" step="1"/><D54/><REACH who="0" ten="137,253,263,337" step="2"/><U91/><E99/><V112/><F112/><W82/><G55/><T24/><D24/><U62/><E13/><RYUUKYOKU ba="3,1" sc="137,10,253,-30,263,10,337,10" hai0="4,7,18,23,27,48,52,58,61,65,68,77,80" hai2="44,45,86,90,93,94,98" hai3="60,64,67,69,70,72,74,81,82,106,107,125,126" /><INIT seed="3,4,1,1,0,68" ten="147,223,273,347" oya="3" hai0="29,98,76,92,20,130,70,120,97,82,74,99,34" hai1="101,31,95,127,27,7,0,109,25,32,48,33,5" hai2="128,81,18,132,64,4,15,104,96,106,36,84,125" hai3="112,14,8,56,51,6,135,124,83,114,12,118,46"/><W116/><G56/><T121/><D70/><U105/><E105/><V39/><F64/><W133/><G83/><T90/><D34/><U91/><E101/><V38/><F4/><W21/><G51/><T52/><D29/><U28/><E109/><V69/><F69/><W26/><G14/><T103/><D20/><U23/><E127/><V40/><F40/><W123/><G124/><T108/><D108/><U19/><E48/><V72/><F72/><W117/><G46/><T42/><D42/><U61/><E61/><V85/><F85/><W88/><G88/><N who="0" m="55431" /><D52/><U13/><E95/><V78/><F125/><W122/><G21/><T115/><D130/><U44/><E91/><V63/><F63/><W22/><G123/><T58/><D58/><U93/><E93/><V37/><F128/><W3/><G3/><T11/><D11/><N who="1" m="2471" /><E44/><V86/><F132/><N who="3" m="50763" /><G122/><N who="0" m="47211" /><D90/><U73/><E73/><V89/><N who="2" m="9728" /><DORA hai="35" /><V111/><F111/><W67/><G67/><T79/><D79/><U49/><E49/><V134/><F134/><W131/><G131/><T2/><D2/><U24/><E7/><V50/><F50/><W10/><G10/><T107/><D99/><U17/><E17/><AGARI ba="4,1" hai="6,8,12,17,22,26,112,114,116,117,118" m="50763" machi="17" ten="40,7700,0" yaku="20,1,34,2" doraHai="68,35" who="3" fromWho="1" sc="147,0,223,-89,273,0,347,99" /><INIT seed="3,5,0,5,4,49" ten="147,134,273,446" oya="3" hai0="81,107,54,68,71,36,77,103,78,80,115,67,9" hai1="10,42,65,11,38,60,28,14,19,50,58,32,22" hai2="108,26,106,129,125,94,75,92,128,70,134,96,98" hai3="120,84,113,87,21,40,118,15,63,2,29,110,57"/><W95/><G2/><T121/><D36/><U23/><E38/><V123/><F70/><W124/><G40/><T90/><D121/><U102/><E32/><V135/><F26/><W17/><G87/><T72/><D67/><U62/><E62/><V61/><F61/><W85/><G84/><T56/><D90/><U132/><E132/><N who="2" m="50731" /><F108/><W16/><G17/><T89/><D89/><U13/><E102/><N who="2" m="62791" /><F125/><W133/><G124/><T12/><D115/><U4/><REACH who="1" step="1"/><E28/><REACH who="1" ten="147,124,273,446" step="2"/><V51/><F123/><W79/><G63/><T24/><D103/><U66/><E66/><V52/><F75/><W99/><G29/><T27/><D71/><U119/><E119/><V73/><F73/><W117/><G118/><T93/><D68/><U97/><E97/><V64/><F64/><W43/><G117/><T18/><D107/><U69/><E69/><V53/><F98/><W130/><G113/><T122/><D122/><U37/><E37/><V6/><F129/><W104/><G99/><T101/><D101/><U33/><E33/><V34/><F34/><W82/><G130/><T47/><D72/><U41/><E41/><V1/><F128/><W111/><G120/><T100/><D100/><U112/><E112/><V126/><F126/><W44/><G133/><T20/><D93/><N who="2" m="35946" /><F51/><W55/><G104/><T116/><D116/><U30/><E30/><V5/><F1/><W59/><G95/><T8/><D81/><U76/><E76/><V3/><F3/><W0/><G0/><T91/><D80/><U83/><E83/><V86/><F86/><W48/><G43/><T88/><D78/><RYUUKYOKU ba="5,1" sc="147,-30,124,10,273,10,446,10" hai1="4,10,11,13,14,19,22,23,42,50,58,60,65" hai2="5,6,52,53" hai3="15,16,21,44,48,55,57,59,79,82,85,110,111" /><INIT seed="3,6,1,0,0,61" ten="117,134,283,456" oya="3" hai0="59,103,17,69,25,135,20,18,77,24,14,74,51" hai1="71,118,19,108,78,36,46,119,95,131,98,111,83" hai2="68,120,92,107,13,49,47,104,73,80,97,117,32" hai3="84,91,66,127,115,12,5,96,121,129,3,87,50"/><W53/><G3/><T65/><D69/><U126/><E71/><V22/><F32/><W40/><G121/><T60/><D135/><U102/><E19/><V39/><F39/><W94/><G115/><T105/><D74/><U109/><E126/><V106/><F68/><W54/><G129/><T128/><D128/><U33/><E33/><V43/><F117/><N who="1" m="44553" /><E131/><V0/><F0/><W70/><G87/><T64/><D77/><U79/><E83/><V76/><F120/><W116/><G127/><T90/><D105/><U113/><E113/><V10/><F22/><W55/><G116/><T100/><D25/><U7/><E7/><V81/><F81/><W38/><G38/><T124/><D124/><U56/><E56/><V29/><F29/><W88/><G12/><T35/><D35/><U4/><E4/><V45/><F45/><W123/><G5/><T23/><D51/><U114/><E114/><V15/><REACH who="2" step="1"/><F10/><REACH who="2" ten="117,134,273,456" step="2"/><W30/><G30/><T133/><D133/><U31/><E31/><V9/><F9/><W125/><G123/><T6/><D23/><U62/><E46/><V41/><F41/><W1/><G1/><T89/><D20/><U132/><E36/><V8/><F8/><W34/><G125/><T42/><D42/><U99/><E132/><V26/><F26/><W134/><G134/><T85/><D24/><U112/><E112/><V48/><F48/><W21/><G21/><T86/><D14/><U72/><E111/><V37/><F37/><W122/><G34/><T63/><D6/><U52/><E109/><V75/><F75/><W130/><G122/><RYUUKYOKU ba="6,2" sc="117,15,134,-15,273,15,456,-15" hai0="17,18,59,60,63,64,65,85,86,89,90,100,103" hai2="13,15,43,47,49,73,76,80,92,97,104,106,107" /><INIT seed="4,7,2,1,0,81" ten="132,119,288,441" oya="0" hai0="52,8,55,80,98,87,40,44,134,3,60,95,24" hai1="68,54,112,74,82,6,116,135,84,31,13,64,132" hai2="114,124,103,42,57,49,93,50,29,105,7,85,20" hai3="2,113,16,15,67,72,77,119,71,0,96,99,130"/><T28/><D134/><N who="1" m="51243" /><E116/><V106/><F114/><W1/><G67/><T53/><D3/><U79/><E31/><V41/><F124/><W45/><G45/><T129/><D129/><U65/><E68/><V94/><F7/><W122/><G96/><T117/><D117/><U32/><E32/><V123/><F123/><W101/><G77/><T63/><D8/><N who="1" m="4247" /><E112/><V115/><F115/><W10/><G72/><T133/><D133/><U33/><E33/><V110/><F110/><W120/><G71/><T19/><D19/><U56/><E74/><V97/><F105/><W36/><G113/><T38/><D24/><U66/><E54/><N who="2" m="31951" /><F106/><W4/><G130/><T58/><D28/><U70/><E70/><V92/><F50/><W37/><G4/><T39/><D39/><U17/><E17/><V46/><F46/><W11/><G11/><T22/><D22/><U73/><E73/><V34/><F34/><W5/><G5/><T107/><D107/><U35/><E35/><V108/><F108/><W121/><G119/><T89/><REACH who="0" step="1"/><D63/><AGARI ba="7,2" hai="56,63,64,65,66,79,82,84" m="4247,51243" machi="63" ten="30,2000,0" yaku="20,1,52,1" doraHai="81" who="1" fromWho="0" sc="132,-41,119,61,288,0,441,0" /><INIT seed="5,0,0,5,3,83" ten="91,180,288,441" oya="1" hai0="128,113,99,1,98,85,90,134,112,97,69,94,104" hai1="111,33,15,55,65,103,75,61,87,78,123,21,121" hai2="135,122,40,53,126,6,88,115,131,66,110,47,129" hai3="25,93,79,62,82,46,28,63,106,105,30,116,86"/><U50/><E75/><V60/><F110/><W22/><G62/><T37/><D37/><U58/><E33/><V17/><F122/><W24/><G116/><T101/><D69/><U130/><E111/><V42/><F6/><W73/><G46/><T108/><D1/><U52/><E130/><V119/><F119/><W127/><G127/><T54/><D108/><U57/><E103/><V5/><F5/><W125/><G125/><T20/><D20/><U109/><E109/><V76/><F76/><W102/><G63/><T68/><D68/><U95/><E65/><V133/><F17/><W118/><G118/><T74/><D54/><U120/><E78/><V96/><F115/><N who="0" m="44106" /><D128/><N who="2" m="49226" /><F53/><W2/><G2/><T38/><D38/><U13/><REACH who="1" step="1"/><E21/><REACH who="1" ten="91,170,288,441" step="2"/><V19/><F126/><W10/><G102/><N who="0" m="62559" /><D74/><U35/><E35/><V84/><F133/><W43/><G22/><T31/><D31/><U48/><E48/><V100/><F135/><W44/><G30/><T29/><D29/><U64/><E64/><V32/><F32/><W4/><G28/><T67/><D67/><U51/><E51/><V81/><F66/><W89/><G73/><T92/><D134/><U70/><E70/><V45/><F60/><W114/><G114/><T132/><D132/><U12/><E12/><V11/><F100/><W18/><G43/><T80/><D98/><U72/><E72/><V117/><F96/><W71/><G25/><T36/><D36/><U49/><E49/><V77/><F77/><W8/><G79/><T23/><D23/><U0/><E0/><V16/><F40/><W34/><G71/><RYUUKYOKU ba="0,1" sc="91,15,170,15,288,-15,441,-15" hai0="80,85,90,92,94,97,101" hai1="13,15,50,52,55,57,58,61,87,95,120,121,123" /><INIT seed="5,1,1,2,0,66" ten="106,185,273,426" oya="1" hai0="112,100,107,104,0,80,57,58,1,30,114,24,131" hai1="18,101,99,17,23,38,48,61,12,41,132,75,50" hai2="39,70,9,52,92,64,6,109,72,68,108,79,47" hai3="95,82,115,43,35,123,10,36,19,96,94,20,51"/><U78/><E38/><V26/><F92/><W98/><G35/><T71/><D80/><U11/><E132/><V97/><F97/><W87/><G36/><T118/><D118/><U133/><E133/><V44/><F26/><W117/><G10/><T45/><D45/><U31/><E31/><V88/><F88/><W111/><G115/><T126/><D131/><U59/><E75/><V128/><F128/><W56/><G56/><T77/><D100/><U37/><E37/><V89/><F89/><W129/><G51/><T29/><D126/><U32/><E32/><V62/><F79/><W60/><G60/><T103/><D103/><U34/><E34/><V73/><F9/><W67/><G43/><T3/><D3/><U63/><E78/><V54/><F6/><W76/><G67/><T14/><D77/><U135/><E135/><V16/><F16/><W83/><G19/><T122/><D14/><U121/><E121/><V105/><F105/><W134/><G20/><T116/><D122/><U4/><E18/><V69/><F39/><W65/><G82/><T85/><D116/><U2/><E99/><V40/><F40/><W28/><G117/><T127/><D127/><U120/><E101/><V49/><F72/><W13/><G98/><T91/><D91/><U113/><E120/><V5/><F5/><W33/><G123/><T81/><D81/><U119/><E41/><V124/><F73/><N who="3" m="43407" /><G134/><T74/><D74/><U125/><E125/><V130/><F130/><W55/><G129/><T53/><D85/><U102/><E119/><V106/><F124/><W46/><G96/><RYUUKYOKU ba="1,1" sc="106,0,185,0,273,0,426,0" /><INIT seed="6,2,1,4,3,78" ten="106,185,273,426" oya="2" hai0="44,33,73,76,35,8,93,21,116,82,135,42,134" hai1="61,81,85,15,69,54,79,30,74,117,104,129,96" hai2="36,55,92,9,98,1,132,6,115,39,120,111,10" hai3="95,19,114,77,17,100,2,118,80,94,126,72,14"/><V71/><F120/><W106/><G2/><T4/><D21/><U43/><E117/><V87/><F71/><W11/><G118/><T105/><D116/><U124/><E43/><V34/><F34/><W84/><G126/><T16/><D16/><U46/><E124/><V57/><F115/><W40/><G40/><T131/><D93/><U122/><E30/><V3/><F132/><N who="0" m="50730" /><D105/><U103/><E122/><V67/><F67/><W28/><G28/><T22/><D22/><U64/><E129/><V38/><F87/><W24/><G114/><T18/><D18/><U60/><E15/><V70/><F70/><W41/><G41/><T58/><D58/><U125/><E125/><V99/><F92/><W88/><G24/><T45/><D45/><U83/><E46/><V86/><F86/><W66/><G95/><T128/><D128/><U108/><E108/><V52/><F111/><W49/><G100/><T29/><D29/><U113/><E113/><V121/><F57/><W32/><G106/><T20/><D20/><U31/><E31/><V62/><F121/><W133/><G32/><T26/><D26/><U23/><E23/><V109/><F109/><W59/><G133/><T97/><D97/><U7/><E7/><V53/><F62/><W13/><G49/><N who="0" m="26775" /><D131/><U68/><E68/><V63/><F63/><N who="3" m="38271" /><G72/><T37/><D37/><U65/><E61/><V0/><F6/><N who="3" m="3319" /><G14/><AGARI ba="2,1" hai="4,8,14,33,35,73,76,82" m="26775,50730" machi="14" ten="30,2000,0" yaku="20,1,52,1" doraHai="78" who="0" fromWho="3" sc="106,36,185,0,273,0,426,-26" /><INIT seed="7,0,0,4,5,102" ten="142,185,273,400" oya="3" hai0="113,1,51,15,4,56,120,62,11,118,3,40,77" hai1="34,121,92,112,133,32,6,73,101,27,64,79,82" hai2="39,124,132,128,122,114,17,85,91,7,9,43,108" hai3="2,126,125,12,33,115,66,38,60,18,127,0,30"/><W90/><G90/><T5/><D120/><U72/><E72/><V45/><F114/><W119/><G38/><T83/><D118/><U31/><E121/><V57/><F124/><W59/><G119/><T135/><D135/><U134/><E112/><V16/><F128/><W103/><G115/><T70/><D70/><U123/><E6/><V65/><F108/><W117/><G117/><T88/><D113/><U107/><E123/><V53/><F65/><W111/><G111/><T21/><D5/><U80/><E80/><V46/><F46/><W110/><G110/><T8/><D8/><U14/><E14/><V116/><F116/><W67/><G66/><T130/><D130/><U41/><E41/><V104/><F104/><W94/><G94/><T98/><D21/><U109/><E109/><V25/><F25/><N who="3" m="18639" /><G103/><T89/><D98/><N who="1" m="61879" /><E92/><V23/><F23/><AGARI ba="0,0" hai="0,2,12,18,23,59,60,67,125,126,127" m="18639" machi="23" ten="30,1500,0" yaku="18,1" doraHai="102" who="3" fromWho="2" sc="142,0,185,0,273,-15,400,15" owari="142,-36.0,185,-21.0,258,6.0,415,51.0" /></mjloggm>