<mjloggm ver="2.3"><GO type="169" lobby="0"/><UN n0="%E3%83%8B%E3%82%B7%E3%83%A0%E3%83%BC%E3%83%B3" n1="%E3%83%A2%E3%82%B1%E3%83%BC%E3%83%AC%E3%83%A0%E3%83%99%E3%83%B3%E3%83%99" n2="%6A%75%6D%70%2D%75%70" n3="%E3%82%A6%E3%83%AB%E3%83%88%E3%83%A9%E7%AB%8B%E7%9B%B4" dan="16,16,17,17" rate="2111.81,2067.72,2170.13,2181.00" sx="F,F,M,M"/><TAIKYOKU oya="0"/><INIT seed="0,0,0,1,4,79" ten="250,250,250,250" oya="0" hai0="105,128,103,129,21,93,15,43,3,89,65,73,1" hai1="57,26,113,24,18,121,7,87,114,30,107,11,70" hai2="68,83,20,60,14,50,91,53,31,25,123,110,82" hai3="108,109,78,16,23,41,17,95,102,42,27,84,32"/><T111/><D111/><N who="3" m="42569" /><G32/><T0/><D73/><U118/><E70/><V135/><F135/><W47/><G102/><T94/><D43/><U48/><E118/><V5/><F123/><W66/><G66/><T2/><D65/><U71/><E71/><V86/><F110/><W72/><G72/><T88/><D105/><U58/><E121/><V64/><F14/><W77/><G42/><T10/><N who="0" m="0" /><DORA hai="130" /><T81/><D21/><N who="1" m="13367" /><E107/><V119/><F5/><W112/><G112/><N who="1" m="43114" /><E48/><V36/><F36/><N who="3" m="21927" /><G17/><T132/><D103/><U75/><E87/><V22/><F22/><W67/><G67/><T4/><D132/><U117/><E75/><V76/><F119/><W80/><G95/><T51/><D51/><U133/><E133/><V97/><F97/><W6/><G6/><T38/><D38/><U69/><E69/><V62/><F64/><W85/><G85/><N who="0" m="50223" /><D89/><AGARI ba="0,0" hai="16,23,27,77,78,80,84,89" m="21927,42569" machi="89" ten="30,3900,0" yaku="14,1,52,1,54,1" doraHai="79,130" who="3" fromWho="0" sc="250,-39,250,0,250,0,250,39" /><INIT seed="1,0,0,5,4,121" ten="211,250,250,289" oya="1" hai0="22,4,52,80,19,105,50,83,34,109,111,84,85" hai1="26,100,76,12,73,6,8,21,119,20,78,24,120" hai2="77,102,17,14,99,45,113,68,3,63,33,127,60" hai3="106,28,62,38,47,36,128,115,103,126,95,27,98"/><U0/><E120/><V81/><F127/><W90/><G115/><T56/><D34/><U96/><E119/><V57/><F113/><W101/><G126/><T117/><D105/><U91/><E91/><V25/><F3/><W54/><G128/><T59/><D117/><U104/><E0/><V82/><F45/><W132/><G132/><T79/><D4/><U2/><E2/><V134/><F134/><W55/><G62/><T118/><D59/><U42/><E42/><V94/><F63/><W64/><G64/><T40/><D40/><U135/><E73/><V66/><F68/><W74/><G74/><T43/><D43/><U7/><E7/><V122/><F122/><W97/><G90/><T75/><D118/><U93/><E104/><V108/><F108/><N who="0" m="41546" /><D80/><U58/><E58/><V114/><F114/><W46/><G46/><T71/><D71/><U131/><E131/><V1/><F1/><W123/><G123/><T107/><D107/><U51/><E51/><V31/><F77/><W13/><G47/><T32/><D32/><U112/><E112/><V65/><F65/><W39/><G55/><T133/><D133/><U23/><E135/><V11/><AGARI ba="0,0" hai="11,14,17,25,31,33,57,60,66,81,82,94,99,102" machi="11" ten="20,1500,0" yaku="0,1,7,1" doraHai="121" who="2" fromWho="2" sc="211,-4,250,-7,250,15,289,-4" /><INIT seed="2,0,0,2,2,82" ten="207,243,265,285" oya="2" hai0="44,92,10,6,68,74,95,103,122,15,34,43,67" hai1="127,118,50,39,0,21,13,1,79,84,22,65,126" hai2="89,96,41,99,37,132,17,7,119,121,116,23,105" hai3="47,135,108,120,87,25,110,71,130,72,8,100,124"/><V36/><F121/><W48/><G72/><T29/><D122/><U26/><E39/><V77/><F132/><W62/><G120/><T61/><D74/><U134/><E118/><V112/><F112/><W114/><G100/><T83/><D103/><U86/><E79/><V129/><F77/><W31/><G135/><T81/><D81/><U24/><E134/><V60/><F129/><W70/><G130/><T5/><D5/><U133/><E133/><V85/><F7/><W3/><G3/><T109/><D109/><N who="3" m="42089" /><G8/><T9/><D9/><U128/><E128/><V38/><F41/><W45/><G124/><T35/><D35/><U113/><E50/><V42/><F42/><W101/><G101/><T91/><D29/><U80/><E80/><V107/><F107/><W104/><G104/><T46/><D34/><U75/><E65/><V30/><F30/><W20/><G62/><T73/><D73/><U54/><E75/><V32/><F32/><W58/><G87/><N who="1" m="33322" /><E113/><V14/><F105/><W57/><G47/><T28/><D46/><U33/><E1/><V16/><F60/><W117/><G117/><T125/><D61/><U2/><E0/><V66/><F66/><W59/><G114/><T49/><D67/><U12/><E2/><V123/><F116/><W111/><N who="3" m="42097" /><W78/><DORA hai="11" /><G78/><T98/><D44/><U19/><E127/><V52/><F119/><W90/><G90/><T106/><D91/><U55/><E126/><V4/><F123/><W63/><G63/><T115/><D125/><U53/><E33/><V76/><F89/><W131/><G131/><RYUUKYOKU ba="0,0" sc="207,-15,243,15,265,-15,285,15" hai1="12,13,19,21,22,24,26,53,54,55" hai3="20,25,31,45,48,57,58,59,70,71" /><INIT seed="3,1,0,5,3,57" ten="192,258,250,300" oya="3" hai0="71,11,110,122,30,26,43,44,70,125,68,123,21" hai1="47,86,28,45,75,54,105,135,124,89,100,129,62" hai2="92,77,8,0,103,107,20,16,48,72,53,80,66" hai3="88,38,108,116,6,131,84,74,59,13,82,7,113"/><W46/><G113/><T115/><D115/><U12/><E75/><V25/><F107/><W22/><G116/><T90/><D110/><U79/><E79/><V37/><F37/><W65/><G74/><T31/><D125/><U29/><E105/><V64/><F103/><W81/><G108/><T18/><D90/><U87/><E100/><V104/><F104/><W15/><G131/><T34/><D11/><U3/><E3/><V2/><F92/><W69/><G69/><T35/><D18/><U109/><E109/><V121/><F121/><W94/><G38/><T1/><D1/><U27/><E27/><V106/><F106/><W24/><G46/><N who="1" m="17418" /><E86/><V119/><F119/><W118/><G118/><T40/><D40/><U76/><E76/><V112/><F112/><W127/><G127/><T50/><REACH who="0" step="1"/><D31/><REACH who="0" ten="182,258,250,300" step="2"/><U128/><E124/><V49/><F2/><W96/><G7/><T51/><D51/><U111/><E111/><V99/><F48/><W5/><G6/><T101/><D101/><U102/><E102/><V42/><F42/><W98/><G5/><T32/><AGARI ba="1,1" hai="21,26,30,32,34,35,43,44,50,68,70,71,122,123" machi="32" ten="40,2700,0" yaku="1,1,0,1,53,0" doraHai="57" doraHaiUra="130" who="0" fromWho="0" sc="182,40,258,-8,250,-8,300,-14" /><INIT seed="4,0,0,0,1,25" ten="222,250,242,286" oya="0" hai0="6,46,0,125,10,22,76,106,47,122,109,23,73" hai1="42,66,102,116,33,61,93,95,118,113,56,132,131" hai2="123,58,21,54,59,36,135,9,82,40,16,7,45" hai3="103,24,28,18,65,77,11,99,108,49,20,86,71"/><T98/><D122/><U133/><E131/><V129/><F129/><W78/><G108/><T126/><D109/><U90/><E113/><V44/><F135/><N who="1" m="51785" /><E33/><V14/><F123/><W112/><G112/><T87/><D73/><U110/><E110/><V15/><F82/><W1/><G71/><T104/><D76/><U105/><E42/><V43/><REACH who="2" step="1"/><F54/><REACH who="2" ten="222,250,232,286" step="2"/><W94/><G77/><T29/><D125/><U19/><E118/><V111/><F111/><W4/><G65/><T39/><D126/><U57/><E116/><V41/><F41/><W62/><G78/><T69/><D69/><U88/><E66/><V17/><F17/><W31/><G62/><T50/><D6/><U48/><E61/><V74/><F74/><W26/><G18/><T83/><D83/><U120/><E120/><V79/><F79/><W8/><G4/><T107/><D39/><AGARI ba="0,1" hai="7,9,14,15,16,21,36,39,40,43,44,45,58,59" machi="39" ten="30,7700,0" yaku="1,1,7,1,9,1,54,1,53,0" doraHai="25" doraHaiUra="72" who="2" fromWho="0" sc="222,-77,250,0,232,87,286,0" /><INIT seed="5,0,0,4,3,113" ten="145,250,319,286" oya="1" hai0="122,128,103,13,0,47,16,129,123,54,86,120,73" hai1="115,3,92,45,46,112,44,38,81,66,109,130,99" hai2="26,25,111,127,118,60,95,55,50,24,22,27,106" hai3="30,133,17,14,12,19,20,43,18,34,96,37,32"/><U58/><E130/><N who="0" m="50281" /><D73/><U79/><E3/><V70/><F118/><W98/><G43/><T93/><D0/><U101/><E109/><V90/><F127/><W56/><G56/><T78/><D103/><U68/><E68/><V135/><F106/><W132/><G37/><T7/><D7/><U116/><E116/><V28/><F135/><N who="3" m="51787" /><G98/><T40/><D54/><U4/><E4/><V114/><F114/><N who="1" m="43561" /><E38/><V89/><F111/><W110/><G96/><T75/><D75/><N who="1" m="43263" /><E46/><V35/><F35/><N who="3" m="13355" /><G110/><T8/><D78/><U31/><E31/><V15/><F70/><W29/><G19/><T49/><D86/><U85/><E85/><V117/><F60/><AGARI ba="0,0" hai="44,45,58,60,66,92,99,101" m="43263,43561" machi="60" ten="30,1500,0" yaku="15,1" doraHai="113" who="1" fromWho="2" sc="145,0,250,15,319,-15,286,0" /><INIT seed="5,1,0,1,2,120" ten="145,265,304,286" oya="1" hai0="57,121,33,25,94,55,46,65,124,2,127,8,123" hai1="3,18,95,109,72,133,70,41,98,45,89,79,118" hai2="75,88,90,81,51,37,64,125,82,115,73,122,31" hai3="71,49,128,13,66,5,16,38,47,12,117,14,17"/><U50/><E118/><V93/><F37/><W96/><G117/><T126/><D94/><U134/><E70/><V110/><F31/><W24/><G38/><T119/><D119/><U15/><E3/><V85/><F64/><W99/><G128/><T7/><D65/><U23/><E79/><N who="2" m="46271" /><F51/><W58/><G71/><T102/><D46/><U56/><E72/><N who="2" m="27723" /><F122/><N who="0" m="46602" /><D57/><U44/><E44/><V87/><F125/><N who="0" m="32002" /><T91/><DORA hai="92" /><D91/><U0/><E0/><V52/><F52/><N who="3" m="29759" /><G5/><T1/><D102/><U28/><E28/><V105/><F115/><W84/><G84/><T43/><D55/><U35/><E35/><V135/><F110/><W20/><G17/><T103/><D103/><U76/><E109/><V111/><F111/><W114/><G114/><T132/><D43/><U36/><E76/><V97/><F135/><N who="1" m="51721" /><E56/><V67/><F67/><W61/><AGARI ba="1,0" hai="12,13,14,16,20,24,58,61,66,96,99" m="29759" machi="61" ten="30,8000,1" yaku="8,1,52,2,54,2" doraHai="120,92" who="3" fromWho="3" sc="145,-21,265,-41,304,-21,286,83" /><INIT seed="6,0,0,2,2,87" ten="124,224,283,369" oya="2" hai0="49,8,14,45,81,103,119,129,67,74,55,15,84" hai1="132,12,46,85,108,16,112,50,1,114,52,10,122" hai2="116,83,88,43,31,11,33,42,109,92,124,22,40" hai3="13,3,27,63,68,134,76,80,79,17,89,5,126"/><V104/><F104/><W2/><G79/><T62/><D129/><U98/><E108/><V110/><F33/><W60/><G60/><T26/><D74/><U20/><E132/><V73/><F124/><W96/><G27/><T41/><D119/><U24/><E122/><V133/><F133/><W97/><G134/><T65/><D103/><U34/><E98/><V106/><F106/><W72/><G126/><T58/><D26/><U94/><E1/><V123/><F123/><W18/><G18/><T86/><D86/><U75/><E75/><V57/><F11/><W51/><G51/><T117/><D117/><U128/><E34/><V78/><F22/><W111/><G97/><T69/><D14/><U82/><E94/><V23/><F23/><W61/><G61/><T25/><D25/><U127/><E128/><V100/><F100/><W47/><G47/><T30/><D30/><U93/><E93/><V66/><F31/><W107/><G5/><T21/><D21/><U91/><REACH who="1" step="1"/><E127/><REACH who="1" ten="124,214,283,369" step="2"/><V90/><F116/><W70/><G3/><T71/><D69/><U29/><AGARI ba="0,1" hai="10,12,16,20,24,29,46,50,52,82,85,91,112,114" machi="29" ten="30,16000,3" yaku="1,1,2,1,0,1,25,2,52,1,54,2,53,0" doraHai="87" doraHaiUra="35" who="1" fromWho="1" sc="124,-40,214,170,283,-80,369,-40" /><INIT seed="7,0,0,5,5,75" ten="84,384,203,329" oya="3" hai0="94,74,10,18,121,103,45,35,49,63,52,134,80" hai1="21,76,5,65,57,28,47,119,89,30,114,55,78" hai2="53,108,31,37,88,101,123,82,96,109,1,85,67" hai3="87,43,19,4,69,99,129,81,115,79,23,105,77"/><W124/><G69/><T98/><D35/><U73/><E73/><V128/><F37/><W91/><G4/><T7/><D121/><U41/><E114/><V95/><F1/><W12/><G115/><T40/><D134/><U127/><E65/><V102/><F67/><W50/><G129/><T104/><D104/><U113/><E113/><V90/><F31/><W135/><G135/><T100/><D100/><N who="2" m="38506" /><F53/><W59/><G105/><T46/><D74/><U15/><E89/><N who="2" m="55407" /><F128/><W110/><G110/><N who="2" m="42601" /><F123/><W131/><G131/><T29/><D29/><U9/><E119/><V24/><F24/><W54/><G124/><T2/><D18/><U48/><E127/><V86/><F86/><W42/><G99/><T126/><D126/><U16/><E30/><V26/><F26/><W36/><G36/><T58/><D46/><U111/><E28/><V8/><F8/><W32/><G32/><T106/><REACH who="0" step="1"/><D94/><REACH who="0" ten="74,384,203,329" step="2"/><U25/><E111/><V34/><F34/><W117/><G117/><T112/><D112/><U70/><E70/><V13/><F13/><W107/><G107/><T33/><D33/><U133/><E133/><V6/><F6/><W14/><G14/><T71/><D71/><U116/><E116/><V61/><F61/><AGARI ba="0,1" hai="5,9,15,16,21,25,41,47,48,55,57,61,76,78" machi="61" ten="30,8000,1" yaku="7,1,8,1,52,2,54,1" doraHai="75" who="1" fromWho="2" sc="74,0,384,90,203,-80,329,0" owari="74,-43.0,474,58.0,123,-28.0,329,13.0" /></mjloggm>