<mjloggm ver="2.3"><GO type="169" lobby="0"/><UN n0="%4D%49%40%34%32%38" n1="%74%61%74%73%75%37%30%32" n2="%6D%61%74%69%6F%73%61%6E" n3="%E3%83%88%E3%83%88%E3%83%AA%E5%85%88%E7%94%9F%31%39%E6%AD%B3" dan="18,16,16,19" rate="2241.43,2119.31,2122.41,2281.60" sx="M,M,M,F"/><TAIKYOKU oya="0"/><INIT seed="0,0,0,0,4,118" ten="250,250,250,250" oya="0" hai0="38,17,87,130,5,134,20,88,28,108,21,25,70" hai1="111,57,54,16,74,53,39,72,30,60,47,94,106" hai2="123,75,115,37,40,86,48,0,29,18,78,91,67" hai3="24,83,27,112,99,69,63,129,45,133,35,13,125"/><T50/><D38/><U15/><E111/><V49/><F115/><W96/><G112/><T34/><D70/><U11/><E106/><V105/><F105/><W64/><G129/><T81/><D130/><U36/><E30/><V22/><F0/><W42/><G133/><T132/><D108/><U12/><E39/><V119/><F67/><W23/><G125/><T92/><D5/><U117/><E117/><V6/><F6/><W103/><G83/><T121/><D121/><U98/><E15/><V1/><F29/><W26/><G13/><T7/><D7/><U102/><REACH who="1" step="1"/><E54/><REACH who="1" ten="250,240,250,250" step="2"/><V95/><F119/><W8/><G27/><T82/><D34/><U71/><E71/><V32/><F32/><W90/><G26/><T61/><D132/><U4/><E4/><V113/><F113/><W93/><G35/><T19/><D134/><U55/><E55/><V114/><F114/><W73/><G24/><T89/><D28/><U51/><E51/><V127/><F37/><W131/><G131/><T76/><D50/><U97/><E97/><V109/><F109/><W101/><G99/><T110/><D110/><U85/><E85/><V46/><F1/><W66/><G96/><N who="0" m="57351" /><D61/><U43/><AGARI ba="0,1" hai="11,12,16,36,43,47,53,57,60,72,74,94,98,102" machi="43" ten="30,4000,0" yaku="1,1,0,1,54,1,53,0" doraHai="118" doraHaiUra="79" who="1" fromWho="1" sc="250,-20,240,50,250,-10,250,-10" /><INIT seed="1,0,0,0,3,55" ten="230,290,240,240" oya="1" hai0="65,41,129,126,127,21,34,94,19,54,24,53,67" hai1="115,12,130,1,134,28,79,75,78,109,44,96,20" hai2="37,14,117,120,97,72,100,86,61,26,17,5,74" hai3="132,50,108,4,98,25,38,27,47,64,30,8,46"/><U40/><E115/><V121/><F117/><W62/><G108/><T48/><D129/><U49/><E130/><V76/><F37/><W133/><G38/><T93/><D41/><U124/><E1/><V135/><F135/><N who="3" m="51787" /><G98/><T33/><D48/><U128/><E128/><V85/><F5/><W87/><G87/><T123/><D24/><N who="3" m="9289" /><G50/><T9/><D123/><U95/><E124/><V102/><F26/><W101/><G101/><T7/><D7/><U116/><E116/><V107/><F61/><W29/><G47/><T90/><D9/><U35/><E35/><V18/><F14/><N who="3" m="5383" /><G46/><T104/><D104/><U99/><E28/><V122/><F122/><W131/><G131/><T73/><D73/><U6/><E99/><V111/><F97/><W70/><AGARI ba="0,0" hai="29,30,62,64,70" m="5383,9289,51787" machi="70" ten="30,1100,0" yaku="20,1" doraHai="55" who="3" fromWho="3" sc="230,-3,290,-5,240,-3,240,11" /><INIT seed="2,0,0,4,4,10" ten="227,285,237,251" oya="2" hai0="38,46,44,53,80,51,70,9,82,88,18,99,7" hai1="74,103,17,133,102,19,91,33,2,60,57,5,67" hai2="62,22,116,115,112,101,111,119,3,106,20,32,124" hai3="47,31,66,6,118,52,121,30,36,123,93,134,76"/><V113/><F106/><W54/><G118/><N who="2" m="45097" /><F101/><W117/><G117/><T71/><D18/><U122/><E122/><V21/><F62/><W108/><G76/><T58/><D80/><U135/><E33/><V114/><N who="2" m="28672" /><DORA hai="65" /><V90/><F90/><W110/><G6/><T86/><D99/><U34/><E34/><V132/><F32/><W96/><G66/><T23/><D23/><U81/><E103/><V35/><F35/><W68/><G96/><T129/><D129/><U50/><E102/><V78/><F78/><W12/><G47/><T49/><D38/><U94/><E74/><V73/><F73/><W130/><G36/><T39/><D39/><U126/><E81/><V104/><F104/><W120/><G120/><T97/><D97/><U13/><E50/><V109/><F132/><W107/><G107/><T69/><REACH who="0" step="1"/><D51/><REACH who="0" ten="217,285,237,251" step="2"/><U26/><E135/><V37/><F37/><W14/><G134/><T56/><D56/><U11/><E133/><V48/><F48/><W64/><G123/><T8/><D8/><U42/><E57/><V15/><F124/><W63/><G121/><T89/><D89/><U75/><E126/><V27/><F27/><W98/><G98/><T105/><D105/><U45/><E26/><V16/><F3/><AGARI ba="0,1" hai="3,7,9,44,46,49,53,58,69,70,71,82,86,88" machi="3" ten="40,12000,2" yaku="1,1,52,3,54,1,53,1" doraHai="10,65" doraHaiUra="92,83" who="0" fromWho="2" sc="217,130,285,0,237,-120,251,0" /><INIT seed="3,0,0,0,5,119" ten="347,285,117,251" oya="3" hai0="48,66,91,12,93,17,55,109,124,133,99,15,117" hai1="100,40,67,108,98,123,44,97,102,79,106,74,22" hai2="129,71,30,77,127,58,11,1,76,53,85,118,81" hai3="29,135,126,86,14,95,114,8,45,68,88,89,84"/><W43/><G114/><T37/><D117/><U54/><E108/><V20/><F118/><W132/><G68/><T115/><D37/><U34/><E54/><V35/><F71/><W59/><G126/><T41/><D41/><U104/><E67/><V24/><F127/><W3/><G3/><T4/><D124/><U0/><E22/><V131/><F76/><W72/><G72/><T18/><D109/><U65/><E65/><V50/><F35/><W125/><G125/><T6/><D115/><U70/><E70/><V122/><F122/><W46/><G29/><T105/><D105/><U19/><E19/><V120/><F120/><W56/><G132/><T101/><D101/><U64/><E64/><V57/><F1/><W128/><G128/><T94/><D94/><U27/><E0/><V31/><F31/><W2/><G2/><T16/><D66/><U36/><E27/><V90/><F58/><N who="3" m="22059" /><G43/><T47/><REACH who="0" step="1"/><D133/><REACH who="0" ten="337,285,117,251" step="2"/><U32/><E123/><V10/><REACH who="2" step="1"/><F77/><REACH who="2" ten="337,285,107,251" step="2"/><W28/><G135/><T5/><AGARI ba="0,2" hai="4,5,6,12,15,16,17,18,47,48,55,91,93,99" machi="5" ten="30,8000,1" yaku="1,1,2,1,0,1,8,1,54,1,53,0" doraHai="119" doraHaiUra="62" who="0" fromWho="0" sc="337,100,285,-20,107,-20,251,-40" /><INIT seed="4,0,0,5,4,9" ten="437,265,87,211" oya="0" hai0="50,94,105,108,34,3,39,27,121,63,44,120,47" hai1="60,103,86,16,10,126,37,23,128,19,41,74,119" hai2="1,18,73,114,5,42,110,29,12,99,102,36,89" hai3="91,106,51,49,54,87,17,24,88,26,22,109,40"/><T53/><D105/><U46/><E74/><V84/><F114/><W25/><G109/><T97/><D3/><U131/><E119/><V71/><F71/><W77/><G106/><T104/><D104/><U59/><E103/><V48/><F73/><W85/><G77/><T31/><D108/><U79/><E126/><V65/><F65/><W15/><G40/><T133/><D133/><U127/><E127/><V72/><F72/><W4/><G4/><T82/><D82/><U67/><E79/><V64/><F110/><W76/><G76/><T122/><D122/><U55/><E86/><N who="3" m="32778" /><G51/><T98/><D98/><U6/><E67/><V66/><F29/><W69/><G69/><T101/><D63/><U56/><E56/><AGARI ba="0,0" hai="15,17,22,24,25,26,49,54,56,88,91" m="32778" machi="56" ten="30,3900,0" yaku="8,1,52,1,54,1" doraHai="9" who="3" fromWho="1" sc="437,0,265,-39,87,0,211,39" /><INIT seed="5,0,0,5,0,31" ten="437,226,87,250" oya="1" hai0="95,103,34,96,85,74,22,125,18,110,93,7,62" hai1="37,56,21,47,10,33,1,114,102,40,134,128,19" hai2="5,86,27,129,50,63,79,58,78,42,83,41,117" hai3="101,44,84,126,90,9,71,109,68,69,113,12,106"/><U107/><E114/><V35/><F117/><W87/><G109/><T39/><D74/><U108/><E108/><V112/><F112/><W0/><G0/><T76/><D110/><U98/><E33/><V135/><F135/><W66/><G113/><T8/><D34/><U65/><E134/><V132/><F132/><W54/><G126/><T105/><D39/><U48/><E128/><V60/><F129/><W64/><G87/><T82/><D62/><U13/><E65/><V43/><F5/><W17/><G101/><T70/><D70/><U23/><REACH who="1" step="1"/><E1/><REACH who="1" ten="437,216,87,250" step="2"/><V75/><F35/><W61/><G66/><T92/><D125/><U38/><E38/><V55/><REACH who="2" step="1"/><F27/><REACH who="2" ten="437,216,77,250" step="2"/><W80/><G69/><T11/><D7/><U89/><E89/><V81/><AGARI ba="0,2" hai="41,42,43,50,55,58,60,63,75,78,79,81,83,86" machi="81" ten="30,4000,0" yaku="1,1,2,1,0,1,53,0" doraHai="31" doraHaiUra="14" who="2" fromWho="2" sc="437,-10,216,-20,77,60,250,-10" /><INIT seed="6,0,0,5,3,64" ten="427,196,137,240" oya="2" hai0="19,95,109,44,22,128,51,127,85,135,114,91,117" hai1="116,63,79,99,62,133,100,94,13,131,112,17,75" hai2="110,68,26,33,119,122,89,73,118,102,31,130,69" hai3="41,78,11,105,9,65,72,103,82,4,66,46,37"/><V101/><F89/><W3/><G11/><T29/><D109/><U21/><E116/><N who="2" m="44587" /><F102/><W16/><G16/><T96/><D117/><U45/><E112/><V40/><F122/><W54/><G54/><T92/><D114/><U76/><E131/><V121/><F121/><W113/><G113/><T56/><D128/><U32/><E133/><V42/><F42/><W39/><G39/><T28/><D135/><U25/><E45/><V84/><F84/><W61/><G61/><N who="1" m="23050" /><E75/><V70/><F73/><W132/><G132/><T10/><D127/><U8/><E32/><V83/><F83/><W43/><G43/><N who="0" m="24991" /><D10/><U14/><E14/><V36/><F130/><W59/><G59/><T97/><D56/><U52/><E52/><V58/><F58/><W81/><G81/><T5/><D5/><AGARI ba="0,0" hai="5,8,13,17,21,25,76,79,94,99,100" m="23050" machi="5" ten="30,1000,0" yaku="8,1" doraHai="64" who="1" fromWho="0" sc="427,-10,196,10,137,0,240,0" /><INIT seed="7,0,0,4,4,102" ten="417,206,137,240" oya="3" hai0="14,10,66,55,88,22,100,56,103,28,2,27,48" hai1="85,46,73,61,107,108,131,5,118,60,45,65,43" hai2="127,90,93,91,89,72,6,58,23,101,32,114,76" hai3="1,68,84,62,15,128,42,121,98,71,133,80,113"/><W92/><G121/><T81/><D2/><U41/><E108/><V67/><F32/><W38/><G1/><T130/><D130/><U35/><E131/><V117/><F117/><W20/><G113/><T74/><D66/><U79/><E73/><V16/><F114/><W17/><G133/><T109/><D109/><U94/><E107/><V86/><F127/><W87/><G87/><N who="0" m="50287" /><D74/><U112/><E112/><V34/><F34/><W78/><G128/><T0/><D0/><U111/><E35/><V77/><F6/><AGARI ba="0,0" hai="6,10,14,22,27,28,48,55,56,100,103" m="50287" machi="6" ten="30,2000,0" yaku="8,1,54,1" doraHai="102" who="0" fromWho="2" sc="417,20,206,0,137,-20,240,0" owari="437,53.0,206,-19.0,117,-38.0,240,4.0" /></mjloggm>