<mjloggm ver="2.3"><GO type="225" lobby="0"/><UN n0="%E4%B8%8B%E6%AE%B5%E3%83%81%E3%82%A7%E3%83%AA%E3%83%BC" n1="%4D%49%40%34%32%38" n2="%E8%B6%B3%E3%81%AE%E8%B8%8F%E3%81%BF%E5%A0%B4%E3%82%82%E3%81%AA%E3%81%84" n3="%E5%B0%B1%E6%B4%BB%E7%94%9F%40%E5%B7%9D%E6%9D%91%E8%BB%8D%E5%9B%A3" dan="16,17,16,17" rate="2049.70,2226.45,2124.01,2147.24" sx="M,M,M,M"/><TAIKYOKU oya="0"/><INIT seed="0,0,0,0,4,135" ten="250,250,250,250" oya="0" hai0="56,33,26,107,68,15,97,124,117,36,54,123,60" hai1="18,52,125,30,2,82,130,127,8,74,31,111,122" hai2="22,5,62,47,83,34,133,109,38,85,11,95,3" hai3="67,50,25,37,44,42,28,17,114,29,46,45,96"/><T71/><D117/><U118/><E122/><V106/><F106/><W78/><G114/><T112/><D123/><U16/><E118/><V23/><F34/><W21/><G67/><T43/><D112/><U99/><E111/><V92/><F109/><W113/><G113/><T0/><D0/><U61/><E130/><V89/><F133/><W75/><G96/><T88/><D124/><N who="1" m="47691" /><E99/><V121/><F121/><W116/><G116/><T12/><D71/><U72/><E2/><V53/><F38/><W59/><G59/><T57/><D68/><U9/><E9/><V134/><F134/><W6/><G6/><T93/><D107/><U115/><E115/><V98/><F95/><W35/><G37/><T19/><D33/><U76/><E72/><V79/><F47/><W20/><G35/><T80/><D80/><U70/><E70/><V94/><F94/><W41/><G41/><T64/><D36/><U51/><E61/><V120/><F120/><W81/><G29/><N who="1" m="10762" /><E8/><V77/><F11/><W69/><G69/><T90/><D43/><U32/><E32/><V10/><F98/><W49/><G42/><T27/><D90/><U104/><E104/><V119/><F119/><W63/><G63/><N who="0" m="37999" /><D19/><U87/><E74/><V39/><F3/><W66/><G66/><T48/><D60/><U4/><E4/><V110/><F5/><W131/><G131/><T102/><D102/><U7/><E7/><V103/><F110/><W100/><G100/><T126/><D126/><U13/><E13/><AGARI ba="0,0" hai="12,13,15,26,27,48,54,56,88,93,97" m="37999" machi="13" ten="30,2900,0" yaku="8,1,54,1" doraHai="135" who="0" fromWho="1" sc="250,29,250,-29,250,0,250,0" /><INIT seed="0,1,0,5,4,40" ten="279,221,250,250" oya="0" hai0="89,73,51,87,54,74,8,17,120,118,129,93,39" hai1="21,69,77,92,16,101,134,83,31,102,0,24,100" hai2="104,10,18,108,119,55,97,99,47,72,52,117,59" hai3="19,135,38,80,71,94,86,23,1,2,91,62,11"/><T65/><D118/><N who="2" m="45066" /><F72/><W25/><G135/><T66/><D39/><U32/><E69/><V27/><F108/><W12/><G38/><T64/><D120/><U53/><E0/><V112/><F112/><W110/><G110/><T3/><D129/><U114/><E134/><V4/><F104/><W133/><G133/><T109/><D109/><U56/><E114/><V81/><F81/><W35/><G35/><T106/><D106/><U78/><E92/><V22/><F55/><W90/><G62/><T95/><D95/><U13/><REACH who="1" step="1"/><E83/><REACH who="1" ten="279,211,250,250" step="2"/><V96/><F96/><W125/><G71/><T5/><REACH who="0" step="1"/><D17/><REACH who="0" ten="269,211,250,250" step="2"/><U130/><E130/><V126/><F18/><W28/><G125/><T49/><D49/><AGARI ba="1,2" hai="13,16,21,24,31,32,49,53,56,77,78,100,101,102" machi="49" ten="40,5200,0" yaku="1,1,54,1,53,1" doraHai="40" doraHaiUra="20" who="1" fromWho="0" sc="269,-55,211,75,250,0,250,0" /><INIT seed="1,0,0,3,4,88" ten="214,286,250,250" oya="1" hai0="36,18,131,72,16,59,3,5,125,10,117,0,62" hai1="45,122,112,19,84,48,133,15,27,91,56,43,85" hai2="50,58,29,118,38,65,44,99,20,32,73,77,93" hai3="110,49,119,41,28,66,25,113,76,31,135,12,30"/><U82/><E112/><V129/><F32/><W126/><G113/><T103/><D117/><U26/><E122/><V104/><F104/><W57/><G119/><T123/><D123/><U115/><E115/><V8/><F118/><W78/><G110/><T116/><D116/><U1/><E1/><V81/><F129/><W108/><G126/><T11/><D72/><U17/><E133/><V89/><F38/><W46/><G135/><T124/><D36/><U107/><E107/><V114/><F114/><W60/><G108/><T86/><D103/><U102/><E102/><V92/><F8/><W68/><G25/><T42/><D42/><U7/><E56/><V96/><F29/><W21/><G68/><T39/><D39/><U14/><E7/><V105/><F105/><W90/><G90/><T111/><D111/><U51/><E51/><V71/><F20/><W120/><G120/><T6/><D86/><U130/><E130/><V53/><F71/><W35/><G35/><T52/><D131/><U121/><E121/><V24/><F24/><W22/><G22/><T101/><D101/><U63/><E63/><V97/><REACH who="2" step="1"/><F89/><REACH who="2" ten="214,286,240,250" step="2"/><W87/><G21/><T79/><D79/><U128/><E128/><V127/><F127/><AGARI ba="0,1" hai="0,3,5,6,10,11,16,18,52,59,62,124,125,127" machi="127" ten="40,8000,1" yaku="9,1,18,1,54,2" doraHai="88" who="0" fromWho="2" sc="214,90,286,0,240,-80,250,0" /><INIT seed="2,0,0,5,5,14" ten="304,286,160,250" oya="2" hai0="62,61,22,9,49,119,5,90,65,127,68,110,78" hai1="16,15,50,114,122,72,97,33,73,106,45,29,1" hai2="69,109,115,67,56,92,55,58,87,134,111,10,64" hai3="79,101,133,39,66,124,59,27,118,23,12,116,88"/><V81/><F115/><W0/><G0/><T42/><D119/><U135/><E114/><V112/><F112/><W98/><G39/><T26/><D127/><U100/><E1/><V18/><F134/><W96/><G124/><T108/><D78/><U63/><E135/><V53/><F92/><W125/><G125/><T21/><D62/><U130/><E130/><V131/><F69/><W19/><G133/><T128/><D128/><U51/><E122/><V121/><F121/><W113/><G113/><T82/><D82/><U25/><E63/><V107/><F107/><W35/><G79/><T80/><D80/><U77/><E77/><V32/><F32/><W43/><G43/><T37/><D37/><U103/><E103/><V28/><F28/><W117/><G88/><T83/><D83/><U89/><E89/><N who="2" m="51439" /><F131/><W71/><G71/><T85/><D85/><U41/><REACH who="1" step="1"/><E51/><REACH who="1" ten="304,276,160,250" step="2"/><N who="2" m="30783" /><F111/><W123/><G123/><T94/><D110/><U102/><E102/><V54/><F109/><W93/><G98/><T2/><D108/><U20/><AGARI ba="0,1" hai="15,16,20,25,29,33,41,45,50,72,73,97,100,106" machi="20" ten="20,8000,1" yaku="1,1,0,1,7,1,52,1,54,1,53,0" doraHai="14" doraHaiUra="91" who="1" fromWho="1" sc="304,-20,276,90,160,-40,250,-20" /><INIT seed="3,0,0,3,4,41" ten="284,366,120,230" oya="3" hai0="35,47,75,117,30,97,6,124,92,89,4,7,87" hai1="0,82,49,121,72,78,106,54,63,133,102,2,48" hai2="100,81,53,79,26,66,31,104,129,3,55,62,91" hai3="113,51,56,95,21,17,112,22,38,11,65,67,71"/><W123/><G123/><T1/><D75/><U74/><E121/><V103/><F3/><W98/><G38/><T12/><D117/><U13/><E74/><V45/><F91/><W93/><G71/><T33/><D124/><U68/><E133/><V59/><F129/><W70/><G70/><T34/><D1/><U127/><E127/><V114/><F114/><W24/><G11/><T118/><D118/><U99/><E48/><V5/><F5/><W16/><G112/><T110/><D110/><U8/><E63/><V58/><F104/><W40/><G113/><T18/><D30/><U101/><E101/><V85/><F66/><W23/><G23/><T25/><D25/><U125/><E68/><V115/><F115/><W132/><G132/><T120/><D120/><U50/><E50/><V131/><F131/><W39/><G39/><T105/><D105/><U88/><E88/><V83/><F83/><W86/><G86/><T9/><D87/><U37/><E37/><V20/><REACH who="2" step="1"/><F45/><REACH who="2" ten="284,366,110,230" step="2"/><N who="3" m="26023" /><G56/><T52/><D47/><U27/><E125/><V134/><F134/><W108/><G108/><T64/><D64/><N who="3" m="24649" /><G95/><T80/><D80/><U19/><E27/><V111/><F111/><W135/><G135/><T94/><D94/><U119/><E119/><V29/><F29/><W28/><G28/><T96/><D6/><U126/><E126/><V32/><F32/><W43/><G93/><N who="0" m="56367" /><D4/><U109/><E109/><V42/><F42/><W116/><G116/><T46/><D7/><U76/><E76/><V44/><F44/><AGARI ba="0,1" hai="0,2,8,13,19,44,49,54,72,78,82,99,102,106" machi="44" ten="30,2000,0" yaku="7,1,52,1" doraHai="41" who="1" fromWho="2" sc="284,0,366,30,110,-20,230,0" owari="284,8.0,396,50.0,90,-41.0,230,-17.0" /></mjloggm>