<mjloggm ver="2.3"><GO type="169" lobby="0"/><UN n0="%4A%55%4E%4B%45%52%53" n1="%E3%83%8F%E3%83%A0%E3%81%95%E3%81%84%E3%81%A6%E3%82%87" n2="%E3%82%84%E3%81%9F%E3%82%B1%E3%83%B3" n3="%E3%83%88%E3%83%88%E3%83%AA%E5%85%88%E7%94%9F%31%39%E6%AD%B3" dan="18,16,17,18" rate="2252.18,2100.18,2186.95,2258.49" sx="M,M,M,F"/><TAIKYOKU oya="0"/><INIT seed="0,0,0,5,5,90" ten="250,250,250,250" oya="0" hai0="85,74,3,31,119,45,121,73,58,77,23,104,132" hai1="124,41,15,57,122,34,4,111,27,92,11,28,101" hai2="26,30,51,75,20,107,129,105,64,0,70,2,61" hai3="59,93,42,112,84,6,48,25,110,71,33,53,49"/><T89/><D121/><U43/><E122/><V118/><F129/><W8/><G112/><T116/><D104/><U125/><E111/><V19/><F75/><W88/><G71/><T13/><D3/><U14/><E14/><V97/><F118/><W24/><G110/><T128/><D128/><U126/><REACH who="1" step="1"/><E57/><REACH who="1" ten="250,240,250,250" step="2"/><V10/><F2/><W99/><G33/><T83/><D58/><U65/><E65/><V5/><F51/><W7/><G48/><T114/><D13/><U108/><E108/><V17/><F107/><W78/><G42/><T94/><D114/><U102/><E102/><V32/><F20/><W131/><G131/><T36/><D23/><U62/><E62/><V81/><F81/><N who="3" m="47159" /><G8/><T134/><D36/><U40/><E40/><V96/><F96/><AGARI ba="0,1" hai="4,11,15,27,28,34,41,43,92,96,101,124,125,126" machi="96" ten="40,5200,0" yaku="1,1,18,1,52,1,53,0" doraHai="90" doraHaiUra="69" who="1" fromWho="2" sc="250,0,240,62,250,-52,250,0" /><INIT seed="1,0,0,4,1,21" ten="250,302,198,250" oya="1" hai0="29,126,120,119,97,88,66,107,80,122,61,59,95" hai1="64,92,13,6,60,43,121,51,96,76,56,27,135" hai2="55,106,101,38,72,24,18,0,105,98,54,68,124" hai3="134,71,99,40,69,35,62,93,128,22,39,45,49"/><U46/><E121/><N who="0" m="46697" /><D119/><U14/><E135/><V112/><F0/><W117/><G117/><T48/><D126/><U74/><E74/><V7/><F7/><W108/><G35/><T129/><D129/><U52/><E76/><V47/><F124/><W110/><G128/><T1/><D1/><U77/><E77/><V10/><F72/><W104/><G104/><T32/><D107/><U116/><E116/><V115/><F68/><W30/><G134/><T78/><D48/><U102/><E6/><V67/><F67/><W5/><G5/><T100/><D32/><U127/><E127/><V90/><F106/><W19/><G30/><T37/><D37/><U125/><E125/><V34/><F90/><W53/><G62/><T16/><D29/><U73/><E73/><V111/><F111/><N who="3" m="42539" /><G40/><T123/><N who="0" m="46705" /><T130/><DORA hai="70" /><D130/><U25/><REACH who="1" step="1"/><E43/><REACH who="1" ten="250,292,198,250" step="2"/><N who="2" m="23031" /><F10/><W86/><G69/><T94/><D78/><U12/><AGARI ba="0,1" hai="12,13,14,25,27,46,51,52,56,60,64,92,96,102" machi="12" ten="30,24000,3" yaku="1,1,0,1,8,1,52,2,54,1,53,2" doraHai="21,70" doraHaiUra="23,113" who="1" fromWho="1" sc="250,-80,292,250,198,-80,250,-80" /><INIT seed="1,1,0,5,3,48" ten="170,542,118,170" oya="1" hai0="77,26,65,14,47,92,122,43,85,121,52,0,80" hai1="106,22,42,82,62,133,58,51,87,115,20,96,13" hai2="46,117,100,126,6,63,104,39,11,64,90,16,18" hai3="68,130,81,131,111,2,44,19,91,105,66,33,35"/><U124/><E115/><V127/><F117/><W12/><G2/><T59/><D0/><U95/><E106/><V61/><F90/><W10/><G105/><T15/><D65/><U79/><E133/><V23/><F100/><W128/><G111/><T41/><D26/><U3/><E3/><V57/><F104/><W24/><G66/><T74/><D74/><U135/><E135/><V119/><F119/><W118/><G68/><T36/><D92/><U107/><E107/><V89/><F89/><W1/><G118/><T69/><D69/><U8/><E124/><N who="2" m="47659" /><F63/><W129/><G1/><T76/><D43/><U134/><E134/><V109/><F109/><W75/><N who="3" m="32768" /><DORA hai="67" /><W125/><G125/><T83/><D83/><U17/><E51/><V21/><F6/><W54/><G24/><T113/><D77/><U73/><E42/><N who="2" m="22879" /><F11/><W88/><G91/><T94/><D94/><U9/><E73/><V71/><F57/><W101/><G101/><T78/><D78/><U86/><E86/><V32/><F32/><W34/><G75/><T112/><D112/><U28/><E96/><V29/><F29/><W116/><G116/><T31/><D31/><U40/><E40/><V25/><F25/><W132/><G132/><T72/><D72/><U102/><E95/><V45/><F45/><W4/><G4/><T27/><D27/><N who="1" m="16487" /><E102/><V49/><F49/><N who="3" m="28967" /><G34/><T56/><D113/><U98/><E98/><V55/><F55/><AGARI ba="1,0" hai="8,9,13,17,22,55,58,62,79,82,87" m="16487" machi="55" ten="30,2900,0" yaku="8,1,52,1" doraHai="48,67" who="1" fromWho="2" sc="170,0,542,32,118,-32,170,0" /><INIT seed="1,2,0,3,2,31" ten="170,574,86,170" oya="1" hai0="70,93,130,94,20,78,30,9,42,120,122,49,51" hai1="131,81,104,11,53,50,41,40,111,99,75,22,91" hai2="132,129,114,59,6,92,4,118,14,57,23,96,1" hai3="82,32,113,107,84,8,60,125,16,0,128,33,65"/><U86/><E131/><V83/><F129/><W98/><G113/><T43/><D130/><U100/><E111/><V46/><F114/><W109/><G128/><T3/><D70/><U44/><E22/><V21/><F118/><W102/><G109/><T68/><D68/><U69/><E69/><V71/><F71/><W79/><G125/><T12/><D78/><U112/><E112/><V95/><F1/><W37/><G37/><T5/><D51/><U127/><E127/><V56/><F132/><W54/><G65/><T108/><D108/><U13/><REACH who="1" step="1"/><E75/><REACH who="1" ten="170,564,86,170" step="2"/><V87/><F23/><W116/><G116/><T119/><D20/><U19/><AGARI ba="2,1" hai="11,13,19,40,41,44,50,53,81,86,91,99,100,104" machi="19" ten="20,18000,2" yaku="1,1,2,1,0,1,7,1,25,2,53,0" doraHai="31" doraHaiUra="58" who="1" fromWho="1" sc="170,-62,564,196,86,-62,170,-62" /><INIT seed="1,3,0,0,2,54" ten="108,760,24,108" oya="1" hai0="113,64,69,92,35,61,118,22,107,98,77,19,49" hai1="82,42,85,122,63,75,96,128,24,103,111,48,10" hai2="106,37,99,66,14,84,74,86,20,16,115,51,88" hai3="129,112,56,8,126,59,44,29,120,12,3,34,108"/><U7/><BYE who="2" /><E75/><V68/><F68/><W79/><G120/><T123/><D113/><U91/><E122/><V133/><F133/><W39/><G112/><T55/><D123/><U65/><E111/><V13/><F13/><W33/><G3/><T4/><D35/><U101/><E128/><V2/><F2/><W132/><G108/><UN n2="%E3%82%84%E3%81%9F%E3%82%B1%E3%83%B3" /><T45/><D4/><U73/><E73/><V95/><F37/><W58/><G129/><T81/><D107/><U57/><E24/><V26/><F115/><W46/><G132/><T1/><D1/><U62/><E62/><V89/><F74/><W23/><G126/><T25/><D118/><U38/><E38/><V0/><F0/><W130/><G79/><T30/><D30/><U31/><E31/><N who="2" m="17863" /><F106/><W117/><G130/><T15/><D15/><N who="1" m="5599" /><E96/><N who="2" m="57447" /><F66/><W32/><G117/><T9/><D9/><U114/><E114/><V41/><F99/><W80/><G39/><T135/><D135/><U5/><E5/><V43/><F51/><W71/><G71/><T36/><D36/><U90/><E90/><V127/><F127/><W93/><G80/><T97/><D92/><U53/><E103/><V104/><F104/><W11/><G93/><T125/><D125/><U67/><E101/><V121/><F121/><W94/><G94/><T124/><D124/><U109/><E109/><V100/><F100/><W70/><G70/><T78/><D78/><U72/><E72/><AGARI ba="3,0" hai="19,22,25,45,49,55,61,64,69,72,77,81,97,98" machi="72" ten="30,1000,0" yaku="7,1" doraHai="54" who="0" fromWho="1" sc="108,19,760,-19,24,0,108,0" /><INIT seed="2,0,0,3,2,100" ten="127,741,24,108" oya="2" hai0="90,1,15,104,29,40,119,105,95,30,106,16,2" hai1="56,37,54,69,84,48,107,134,117,66,94,33,65" hai2="64,39,80,102,20,24,46,127,101,25,78,63,7" hai3="3,128,55,62,0,70,31,82,115,88,124,61,86"/><V4/><F127/><W45/><G124/><T116/><D40/><U87/><E107/><V14/><F39/><W22/><G128/><T96/><D29/><U42/><E33/><V126/><F126/><W21/><G115/><T103/><D30/><U8/><E117/><N who="0" m="45129" /><D90/><U12/><E134/><V53/><F25/><W98/><G70/><T131/><D131/><U71/><E71/><V89/><F64/><W76/><G3/><T85/><D85/><U10/><E94/><V34/><F34/><W83/><G0/><T5/><D5/><N who="2" m="2122" /><F14/><W18/><G31/><T6/><D6/><N who="1" m="3095" /><E10/><AGARI ba="0,0" hai="1,2,10,15,16,95,96,103,104,105,106" m="45129" machi="10" ten="40,8000,1" yaku="12,1,52,3,54,1" doraHai="100" who="0" fromWho="1" sc="127,80,741,-80,24,0,108,0" /><INIT seed="3,0,0,5,0,75" ten="207,661,24,108" oya="3" hai0="56,132,121,71,59,66,21,33,61,110,73,11,70" hai1="22,78,102,55,101,129,112,134,50,105,104,35,135" hai2="131,89,86,114,58,13,88,34,53,60,100,77,54" hai3="20,118,31,43,115,84,40,4,9,47,92,106,1"/><W65/><G115/><T108/><D33/><U120/><E35/><V81/><F34/><W83/><G118/><T44/><D73/><U93/><E22/><V48/><F114/><W17/><G106/><T68/><D11/><U2/><E55/><V10/><F131/><W12/><G65/><T126/><D21/><U3/><E2/><V123/><F100/><W119/><G119/><T15/><D15/><U113/><E50/><V49/><F123/><W111/><G111/><N who="0" m="42539" /><D121/><U42/><E42/><V57/><REACH who="2" step="1"/><F60/><REACH who="2" ten="207,661,14,108" step="2"/><W37/><G31/><T79/><D61/><U117/><E129/><V45/><F45/><W74/><G47/><T63/><D44/><U95/><E117/><V125/><F125/><W85/><G37/><T28/><D28/><U51/><E120/><V27/><F27/><W52/><G43/><T16/><D63/><U133/><E135/><V72/><F72/><W64/><G40/><T32/><D32/><U26/><E26/><V82/><F82/><W23/><G74/><T127/><D132/><U97/><E51/><V25/><F25/><W46/><G83/><T87/><D127/><U130/><E130/><V91/><F91/><W122/><G122/><T29/><D29/><U30/><E30/><V98/><F98/><W80/><G80/><T96/><D96/><U109/><E97/><V38/><F38/><W94/><G46/><T62/><D126/><U18/><E113/><V76/><F76/><W90/><G90/><T5/><D79/><U107/><E78/><V6/><AGARI ba="0,1" hai="6,10,13,48,49,53,54,57,58,77,81,86,88,89" machi="6" ten="20,16000,3" yaku="1,1,0,1,7,1,9,1,8,1,52,1,54,1,53,1" doraHai="75" doraHaiUra="8" who="2" fromWho="2" sc="207,-40,661,-40,14,170,108,-80" /><INIT seed="4,0,0,1,5,93" ten="167,621,184,28" oya="0" hai0="122,98,128,54,67,114,20,61,125,107,70,79,110" hai1="55,39,40,77,100,81,45,94,69,72,132,87,13" hai2="58,35,74,53,11,86,65,73,30,95,116,102,117" hai3="80,38,118,121,8,16,104,21,23,120,99,34,127"/><T68/><D122/><N who="3" m="47209" /><G118/><N who="2" m="45673" /><F65/><W63/><G34/><T91/><D114/><U103/><E132/><V62/><F11/><W133/><G38/><T9/><D128/><U71/><E71/><V28/><F86/><W135/><G127/><T60/><D125/><U96/><E69/><V15/><F15/><N who="3" m="7271" /><G63/><T64/><D110/><U75/><E55/><V88/><F102/><N who="3" m="62559" /><G80/><T119/><D61/><U25/><E25/><N who="2" m="18831" /><F30/><W42/><G42/><T92/><D60/><U19/><E103/><V59/><F59/><W49/><G49/><T115/><D68/><U109/><E109/><V130/><F130/><W134/><AGARI ba="0,0" hai="21,23,133,134,135" m="62559,7271,47209" machi="134" ten="40,8000,1" yaku="20,1,13,1,52,1,54,1" doraHai="93" who="3" fromWho="3" sc="167,-40,621,-20,184,-20,28,80" /><INIT seed="5,0,0,5,4,74" ten="127,601,164,108" oya="1" hai0="62,134,43,123,67,96,130,105,6,70,103,2,50" hai1="90,101,121,5,115,47,26,125,104,29,127,108,80" hai2="71,30,58,106,131,17,14,10,12,19,32,99,92" hai3="111,18,64,16,84,11,69,124,114,110,93,52,85"/><U28/><E121/><V45/><F71/><W31/><G114/><T15/><D123/><U49/><E108/><V78/><F106/><W53/><G124/><N who="1" m="47690" /><E115/><V112/><F112/><W51/><G31/><N who="1" m="11850" /><E26/><V27/><F45/><W59/><G110/><T7/><D130/><U116/><E5/><V66/><F131/><W122/><G111/><T76/><D134/><U87/><E116/><V75/><F75/><W72/><G72/><T39/><D15/><U102/><E104/><V65/><F78/><W79/><G122/><T128/><D128/><U88/><E90/><V34/><F34/><W113/><G113/><T95/><D105/><U63/><E63/><V36/><F36/><W46/><G69/><T41/><D39/><U91/><E91/><V60/><F27/><W117/><G64/><T54/><D76/><U0/><E0/><V42/><F30/><W38/><G117/><T83/><D2/><U129/><E129/><V57/><F32/><W68/><G68/><T35/><D35/><U9/><E9/><N who="2" m="6287" /><F65/><W40/><G11/><T97/><D67/><U21/><E21/><V22/><F10/><W56/><G79/><T98/><D70/><U107/><E107/><V77/><F77/><W109/><G109/><T126/><D126/><U118/><E118/><V119/><F119/><W81/><G93/><T20/><D95/><U44/><E44/><V55/><F66/><W61/><REACH who="3" step="1"/><G81/><REACH who="3" ten="127,601,164,98" step="2"/><T25/><D83/><U100/><E100/><V1/><F92/><W120/><G120/><T48/><D103/><U13/><E102/><V132/><F22/><W4/><G4/><RYUUKYOKU ba="0,1" sc="127,-10,601,-10,164,-10,98,30" hai3="16,18,38,40,46,51,52,53,56,59,61,84,85" /><INIT seed="6,1,1,0,0,111" ten="117,591,154,128" oya="2" hai0="103,94,132,86,9,26,115,27,10,35,48,23,114" hai1="6,98,110,29,100,58,112,41,107,39,82,14,67" hai2="92,99,135,120,85,34,24,63,60,113,62,8,30" hai3="12,68,101,71,105,129,42,52,133,13,131,65,119"/><V19/><F120/><W124/><G119/><T78/><D132/><U40/><E29/><V64/><F135/><W118/><G118/><T88/><D35/><U46/><E41/><V18/><F85/><W134/><G42/><T128/><D128/><N who="3" m="49225" /><G124/><T72/><D103/><U36/><E36/><V53/><F53/><W2/><G2/><T22/><D72/><U57/><E67/><V69/><F113/><N who="0" m="43018" /><D78/><U0/><E0/><V3/><F19/><W31/><G101/><T49/><D26/><U73/><E100/><V121/><F121/><W45/><G105/><T5/><D22/><U108/><E73/><V55/><F55/><W66/><G133/><T127/><D127/><U83/><E40/><V75/><F75/><W50/><G31/><N who="0" m="17919" /><D10/><U87/><E112/><V7/><F18/><W91/><G134/><T28/><D28/><U1/><E107/><V96/><F96/><W109/><G109/><T84/><D84/><U21/><E87/><V43/><F43/><W70/><G91/><AGARI ba="1,1" hai="3,7,8,24,30,34,60,62,63,64,69,91,92,99" machi="91" ten="30,1500,0" yaku="7,1" doraHai="111" who="2" fromWho="3" sc="117,0,591,0,154,28,128,-18" /><INIT seed="6,2,0,0,2,112" ten="117,591,182,110" oya="2" hai0="36,49,40,31,103,102,82,76,98,2,89,62,85" hai1="67,35,54,17,73,14,11,75,99,134,8,123,53" hai2="37,125,95,12,58,55,118,34,51,68,70,90,24" hai3="119,61,57,135,22,74,117,84,6,43,25,72,121"/><V26/><F37/><W97/><G121/><T79/><D36/><U10/><E35/><V66/><F125/><W59/><G135/><T110/><D110/><U44/><E123/><V115/><F115/><W78/><G43/><T21/><D2/><U15/><E134/><V92/><F118/><W87/><G6/><T133/><D133/><U114/><E99/><V101/><F34/><W127/><G127/><T18/><D31/><U4/><E67/><V96/><F68/><W23/><G97/><T16/><D62/><U30/><E30/><V39/><F39/><W1/><G61/><T128/><D128/><U42/><E10/><V83/><F83/><W9/><G9/><T108/><D108/><U107/><E107/><V65/><F12/><W116/><G1/><T13/><D18/><U3/><E3/><V41/><F41/><W126/><G126/><T130/><D130/><U64/><E64/><N who="2" m="24683" /><F70/><W5/><G5/><T86/><D98/><AGARI ba="2,0" hai="24,26,51,55,58,90,92,95,96,98,101" m="24683" machi="98" ten="30,1500,0" yaku="8,1" doraHai="112" who="2" fromWho="0" sc="117,-21,591,0,182,21,110,0" /><INIT seed="6,3,0,2,2,88" ten="96,591,203,110" oya="2" hai0="12,41,79,1,117,45,78,54,44,132,53,135,16" hai1="26,56,72,126,93,27,67,25,55,38,3,98,23" hai2="115,102,123,34,13,133,33,81,10,134,108,0,74" hai3="35,119,114,9,97,122,19,90,86,75,94,61,59"/><V29/><F74/><W21/><G119/><T95/><D1/><U127/><E38/><V131/><F81/><W68/><G122/><T92/><D117/><U128/><E3/><V83/><F83/><W64/><G75/><T49/><D135/><N who="2" m="51722" /><F102/><W47/><G35/><N who="2" m="13321" /><F123/><W46/><G114/><T118/><D132/><U24/><E72/><V2/><F115/><W62/><G9/><N who="0" m="6159" /><D118/><U100/><E67/><V129/><F29/><W70/><G86/><T37/><D37/><U18/><REACH who="1" step="1"/><E128/><REACH who="1" ten="96,581,203,110" step="2"/><N who="2" m="49227" /><F108/><W5/><G68/><T15/><D15/><U42/><E42/><V40/><F40/><W87/><G70/><T65/><D65/><U52/><E52/><N who="0" m="20073" /><D45/><U125/><E125/><V6/><AGARI ba="3,1" hai="0,2,6,10,13" m="49227,13321,51722" machi="6" ten="40,12000,1" yaku="20,1,19,1,34,2" doraHai="88" who="2" fromWho="2" sc="96,-43,581,-43,203,139,110,-43" /><INIT seed="6,4,0,4,2,88" ten="53,538,342,67" oya="2" hai0="78,91,113,22,30,11,40,51,54,0,115,73,82" hai1="126,112,21,55,44,102,114,9,96,41,107,4,83" hai2="17,124,58,120,121,129,133,10,111,1,53,61,132" hai3="99,36,19,59,68,97,93,89,110,105,31,15,39"/><V84/><F1/><W135/><G110/><T37/><D37/><U123/><E123/><N who="2" m="47179" /><F10/><W49/><G68/><T57/><D40/><U64/><E126/><V28/><F28/><W128/><G128/><T92/><D30/><U130/><E130/><V13/><F13/><W8/><G135/><N who="2" m="51785" /><F17/><W98/><G105/><T16/><D11/><U3/><E21/><V100/><F129/><W26/><G39/><T85/><REACH who="0" step="1"/><D0/><REACH who="0" ten="43,538,342,67" step="2"/><U48/><E9/><V109/><F124/><W2/><G36/><T46/><D46/><U94/><E44/><V81/><F100/><W25/><G2/><T32/><D32/><U108/><E102/><V29/><F29/><W80/><G31/><T23/><D23/><U5/><E3/><V118/><F118/><W67/><G80/><T134/><D134/><U45/><E45/><V103/><F103/><W76/><G76/><AGARI ba="4,1" hai="53,58,61,76,81,84,109,111" m="51785,47179" machi="76" ten="30,1500,0" yaku="20,1" doraHai="88" who="2" fromWho="3" sc="43,0,538,0,342,37,67,-27" /><INIT seed="6,5,0,2,0,5" ten="43,538,379,40" oya="2" hai0="97,105,77,120,37,34,134,3,87,101,118,56,107" hai1="128,75,67,11,123,98,54,43,13,59,70,90,93" hai2="71,60,41,62,30,66,27,2,40,110,53,91,129" hai3="85,9,26,44,68,111,36,79,81,106,125,64,14"/><V28/><F2/><W127/><G111/><T24/><D37/><U126/><E75/><V1/><F1/><W103/><G26/><T69/><D69/><U131/><E126/><N who="3" m="48138" /><G68/><T25/><D120/><U114/><E123/><V92/><F110/><W39/><G64/><T95/><D3/><U63/><E43/><V72/><F72/><W52/><G103/><T76/><D134/><U17/><REACH who="1" step="1"/><E114/><REACH who="1" ten="43,528,379,40" step="2"/><V132/><F132/><W82/><G106/><T49/><D107/><U121/><E121/><V23/><F129/><W6/><G82/><T94/><D105/><U20/><E20/><V124/><F124/><W104/><G104/><T29/><D34/><U33/><E33/><V113/><F113/><W78/><G78/><T116/><D77/><U65/><E65/><V61/><F71/><W0/><G0/><T15/><D76/><U122/><E122/><V112/><F112/><W119/><G119/><T4/><D118/><U73/><E73/><V42/><F66/><W12/><G12/><T55/><D116/><U16/><E16/><N who="2" m="12775" /><F53/><W7/><G7/><T130/><D130/><U89/><E89/><V100/><F100/><W80/><G80/><T96/><D29/><U57/><E57/><V117/><F117/><W48/><AGARI ba="5,1" hai="6,9,14,36,39,44,48,52,79,81,85" m="48138" machi="48" ten="30,4000,0" yaku="18,1,52,1,54,1" doraHai="5" who="3" fromWho="3" sc="43,-15,528,-15,379,-25,40,65" /><INIT seed="7,0,0,4,1,127" ten="28,513,354,105" oya="3" hai0="14,23,0,26,13,25,118,36,56,90,45,37,86" hai1="59,88,104,58,123,27,1,20,99,44,93,24,125" hai2="108,42,119,131,73,114,50,106,15,71,84,18,55" hai3="105,51,97,79,85,120,21,68,6,76,8,100,64"/><W101/><G120/><T4/><D118/><U34/><E123/><V98/><F73/><W17/><G100/><T49/><D0/><U94/><E104/><V113/><F119/><W81/><G51/><T61/><D37/><U107/><E107/><V57/><F71/><W126/><G126/><T133/><D36/><U116/><E1/><V109/><F42/><W48/><G48/><T3/><D3/><U52/><E116/><V67/><F67/><W121/><G121/><T80/><D133/><U12/><E125/><V39/><F39/><W63/><G6/><T40/><D4/><U134/><E134/><V69/><F69/><W92/><G8/><T87/><D87/><U95/><E34/><V54/><F84/><W83/><G105/><T130/><D130/><U66/><E66/><V117/><F131/><W112/><G85/><T78/><D78/><U35/><E35/><V129/><F129/><W22/><G68/><T46/><D46/><U16/><E44/><V75/><F75/><W89/><G79/><T111/><D111/><U30/><E59/><V72/><F72/><W7/><G7/><T38/><D38/><U132/><E132/><V32/><F32/><W19/><G97/><T11/><D11/><N who="1" m="6175" /><E27/><V74/><F74/><W77/><G77/><T53/><REACH who="0" step="1"/><D26/><REACH who="0" ten="18,513,354,105" step="2"/><U124/><E124/><V9/><F117/><W103/><G76/><T2/><D2/><U31/><E31/><AGARI ba="0,1" hai="13,14,23,25,31,40,45,49,53,56,61,80,86,90" machi="31" ten="30,3900,0" yaku="1,1,7,1,8,1,53,0" doraHai="127" doraHaiUra="135" who="0" fromWho="1" sc="18,49,513,-39,354,0,105,0" owari="67,-43.0,474,57.0,354,15.0,105,-29.0" /></mjloggm>