<mjloggm ver="2.3"><GO type="169" lobby="0"/><UN n0="%74%6E%66%73%68%32%30%34" n1="%E3%82%A6%E3%83%AB%E3%83%88%E3%83%A9%E7%AB%8B%E7%9B%B4" n2="%E3%80%93%E4%B9%9D%E6%9D%A1%E3%82%AB%E3%83%AC%E3%83%B3%E3%80%93" n3="%E6%98%9F%E3%81%AE%E3%81%8A%E3%81%98%E3%81%84%E6%A7%98" dan="17,18,16,16" rate="2165.03,2196.64,2038.27,2146.89" sx="M,M,F,F"/><TAIKYOKU oya="0"/><INIT seed="0,0,0,2,2,22" ten="250,250,250,250" oya="0" hai0="20,105,10,24,21,8,127,123,15,111,128,81,129" hai1="122,43,53,121,98,100,18,110,131,80,67,28,61" hai2="68,96,78,25,52,71,49,88,87,90,120,130,125" hai3="29,69,74,37,115,64,26,104,39,44,13,38,124"/><T113/><D105/><U47/><E110/><V94/><F120/><W12/><G74/><T62/><D123/><U54/><E131/><N who="0" m="50249" /><D113/><U126/><E126/><V112/><F130/><W93/><G104/><T33/><D127/><U75/><E18/><V55/><F112/><W2/><G2/><T14/><D81/><U119/><E119/><V72/><F125/><W35/><G115/><T3/><D62/><U63/><E28/><V85/><F72/><W16/><G124/><T135/><D111/><U11/><E11/><N who="0" m="4137" /><D3/><U17/><E80/><N who="2" m="47255" /><F71/><W34/><G34/><T89/><D89/><U65/><E75/><V27/><F68/><W107/><G107/><T99/><D99/><U46/><E98/><V57/><F55/><W45/><G93/><AGARI ba="0,0" hai="25,27,49,52,57,87,88,90,93,94,96" m="47255" machi="93" ten="30,8000,1" yaku="8,1,52,2,54,2" doraHai="22" who="2" fromWho="3" sc="250,0,250,0,250,80,250,-80" /><INIT seed="1,0,0,0,3,70" ten="250,250,330,170" oya="1" hai0="133,98,91,120,135,54,97,128,96,119,122,116,127" hai1="73,129,101,23,18,39,114,68,7,20,81,88,17" hai2="52,109,66,35,8,25,87,10,21,94,130,5,107" hai3="65,3,15,62,64,32,9,37,121,103,58,46,11"/><U79/><E114/><V0/><F109/><W82/><G32/><T75/><D54/><U60/><E129/><V26/><F130/><W28/><G28/><T41/><D41/><U31/><E101/><V132/><F107/><W123/><G103/><T90/><D128/><U80/><E7/><V59/><F66/><W112/><G112/><T84/><D75/><U30/><E39/><V34/><F132/><N who="0" m="50762" /><D127/><U76/><E60/><V24/><F21/><W50/><G37/><T117/><D84/><U6/><E6/><V118/><F10/><W78/><G64/><T100/><D100/><U106/><E106/><V95/><F118/><W108/><G3/><T110/><D110/><U55/><E55/><V115/><F115/><W49/><G9/><T67/><D67/><U74/><REACH who="1" step="1"/><E88/><AGARI ba="0,0" hai="88,90,91,96,97,98,116,117,119,120,122" m="50762" machi="88" ten="40,12000,2" yaku="28,2,20,1,34,2,54,1" doraHai="70" who="0" fromWho="1" sc="250,120,250,-120,330,0,170,0" /><INIT seed="2,0,0,3,4,1" ten="370,130,330,170" oya="2" hai0="14,86,109,132,16,87,4,134,46,34,95,50,125" hai1="97,37,72,133,3,75,62,70,73,44,116,10,40" hai2="43,94,45,49,17,38,108,53,15,59,110,5,88" hai3="39,52,114,76,66,71,30,68,80,25,123,9,101"/><V107/><F107/><W103/><G123/><T23/><D34/><U0/><E116/><V102/><F102/><W65/><G114/><T131/><D109/><N who="2" m="42090" /><F5/><W42/><G39/><T127/><D95/><U41/><E133/><N who="0" m="51305" /><D4/><U93/><E41/><V113/><F113/><W90/><G42/><N who="0" m="24919" /><D131/><U60/><E70/><V6/><F6/><W63/><G90/><T12/><D12/><U69/><E69/><V48/><F59/><W79/><G9/><T78/><D78/><U51/><E37/><V128/><F53/><W117/><G117/><T130/><D130/><U81/><E81/><V92/><F92/><W27/><G52/><T89/><D89/><U129/><E129/><V8/><F128/><W96/><G30/><T36/><D36/><U31/><E31/><V83/><F83/><W26/><G80/><T119/><D119/><U98/><E10/><V54/><F54/><W126/><G25/><T7/><D7/><U47/><E47/><V57/><F57/><W82/><G82/><T105/><D105/><U122/><E122/><V13/><F13/><W29/><G29/><T99/><D99/><AGARI ba="0,0" hai="8,15,17,38,43,45,48,49,88,94,99" m="42090" machi="99" ten="30,5800,0" yaku="14,1,10,1,54,1" doraHai="1" who="2" fromWho="0" sc="370,-58,130,0,330,58,170,0" /><INIT seed="2,1,0,3,2,37" ten="312,130,388,170" oya="2" hai0="130,87,42,45,47,124,13,27,102,6,115,44,1" hai1="39,134,65,20,90,73,0,34,133,119,103,126,14" hai2="26,107,75,99,29,94,77,98,52,76,9,92,71" hai3="112,100,74,86,114,32,125,55,24,97,50,79,15"/><V132/><F132/><W120/><G74/><T22/><D115/><U62/><E34/><V84/><F75/><W113/><G120/><T131/><D1/><U30/><E0/><V19/><F107/><W21/><G32/><T35/><D35/><U58/><E119/><V128/><F71/><W78/><G86/><T51/><D102/><U108/><E108/><V11/><F128/><N who="0" m="49194" /><D124/><U36/><E126/><V69/><F69/><W83/><G15/><T38/><D87/><U82/><E39/><V81/><F77/><W135/><G83/><T48/><D13/><U80/><E36/><V49/><F29/><N who="3" m="17551" /><G135/><T60/><D6/><U31/><E134/><V72/><F72/><W46/><G125/><T88/><D88/><U57/><E133/><V25/><F94/><AGARI ba="1,0" hai="46,50,55,78,79,94,97,100,112,113,114" m="17551" machi="94" ten="30,1000,0" yaku="11,1" doraHai="37" who="3" fromWho="2" sc="312,0,130,0,388,-13,170,13" /><INIT seed="3,0,0,5,5,97" ten="312,130,375,183" oya="3" hai0="12,8,43,134,110,25,22,37,127,55,81,34,118" hai1="45,87,50,133,107,92,31,73,70,4,1,7,114" hai2="109,51,18,54,10,86,14,30,79,64,58,113,33" hai3="13,96,128,66,56,117,62,108,82,61,100,59,24"/><W85/><G117/><T75/><D118/><U112/><E70/><V65/><F109/><W5/><G108/><T88/><D110/><U125/><E73/><V0/><F113/><W19/><G128/><T77/><D34/><U29/><E107/><V38/><F38/><W9/><G24/><T131/><D131/><U17/><E1/><V26/><F0/><W124/><G124/><T35/><D35/><U39/><E39/><V69/><F69/><W90/><G5/><T67/><D127/><U116/><E125/><V123/><F123/><W129/><G129/><T135/><D67/><U115/><E116/><V104/><F104/><W47/><G47/><T11/><D55/><U126/><E126/><V78/><F78/><W121/><G121/><T20/><D43/><U103/><E133/><V132/><F132/><N who="0" m="50730" /><D37/><U111/><E111/><V36/><F36/><W48/><G48/><T101/><D101/><U72/><E72/><V74/><F74/><W63/><REACH who="3" step="1"/><G56/><REACH who="3" ten="312,130,375,173" step="2"/><T119/><D119/><U71/><E115/><V106/><F58/><W105/><AGARI ba="0,1" hai="9,13,19,59,61,62,63,66,82,85,90,96,100,105" machi="105" ten="20,12000,1" yaku="1,1,2,1,0,1,7,1,52,1,53,0" doraHai="97" doraHaiUra="44" who="3" fromWho="3" sc="312,-40,130,-40,375,-40,173,130" /><INIT seed="3,1,0,5,1,3" ten="272,90,335,303" oya="3" hai0="26,20,79,38,130,128,90,39,65,41,124,103,119" hai1="83,77,9,27,106,37,53,114,59,105,55,112,7" hai2="81,64,73,52,19,25,0,95,17,50,34,72,121" hai3="82,21,99,32,28,84,126,15,80,96,23,62,117"/><W89/><G32/><T101/><D119/><U70/><E70/><V104/><F104/><W76/><G117/><T43/><D79/><U1/><E37/><V11/><F121/><W46/><G126/><T63/><D124/><U13/><E106/><V133/><F64/><W2/><G2/><T110/><D110/><U56/><E105/><V120/><F120/><W102/><G102/><T111/><D111/><U44/><E1/><V30/><F133/><W47/><G62/><T122/><D90/><U5/><E44/><N who="3" m="16938" /><G82/><T51/><D51/><U118/><E27/><V87/><F95/><W35/><G35/><T16/><D122/><U48/><E118/><V93/><F93/><W107/><G107/><T69/><D39/><U61/><REACH who="1" step="1"/><E7/><REACH who="1" ten="272,80,335,303" step="2"/><V66/><F0/><W14/><G15/><T131/><D38/><U98/><E98/><V125/><F125/><W132/><G132/><T100/><AGARI ba="1,1" hai="16,20,26,41,43,63,65,69,100,101,103,128,130,131" machi="100" ten="40,5200,0" yaku="0,1,19,1,54,1" doraHai="3" who="0" fromWho="0" sc="272,65,80,-14,335,-14,303,-27" /><INIT seed="4,0,0,3,0,65" ten="337,66,321,276" oya="0" hai0="39,27,62,56,74,63,132,72,81,53,70,0,12" hai1="75,128,114,101,92,59,54,109,4,11,44,35,49" hai2="73,47,117,28,7,9,21,115,29,32,23,43,84" hai3="135,134,25,1,118,55,68,10,5,45,112,102,120"/><T119/><D119/><U106/><E109/><V3/><F117/><W13/><G118/><T14/><D39/><U122/><E122/><V123/><F123/><W64/><G120/><T82/><D0/><U57/><E106/><V77/><F115/><W34/><G112/><T48/><D132/><U103/><E114/><V46/><F84/><W24/><G102/><T121/><D121/><U86/><E75/><V79/><F47/><W18/><G45/><T8/><D27/><U58/><E35/><V41/><F41/><W83/><G83/><T85/><D81/><U94/><E128/><V99/><F99/><W98/><G98/><T91/><D14/><U96/><E86/><V52/><F52/><W89/><G89/><T2/><D2/><U22/><E22/><N who="2" m="8203" /><F32/><W50/><G34/><T111/><D111/><U6/><REACH who="1" step="1"/><E11/><REACH who="1" ten="337,56,321,276" step="2"/><V17/><F73/><W116/><G116/><T104/><D104/><U93/><E93/><V38/><F9/><N who="3" m="6447" /><G135/><T107/><D107/><U67/><E67/><V61/><F29/><W113/><G134/><T131/><D131/><U40/><E40/><V133/><F28/><W110/><G113/><T100/><D74/><U78/><E78/><V87/><F133/><W15/><G110/><T129/><D72/><U37/><E37/><V33/><F33/><W97/><G97/><AGARI ba="0,1" hai="4,6,44,49,54,57,58,59,92,94,96,97,101,103" machi="97" ten="40,5200,0" yaku="1,1,9,1,8,1,53,0" doraHai="65" doraHaiUra="60" who="1" fromWho="3" sc="337,0,56,62,321,0,276,-52" /><INIT seed="5,0,0,2,5,26" ten="337,118,321,224" oya="1" hai0="72,94,73,65,1,101,121,86,30,32,18,24,29" hai1="127,122,133,66,114,107,8,7,10,132,57,41,93" hai2="37,53,42,98,69,25,33,103,104,48,3,80,96" hai3="78,11,83,126,60,52,113,90,16,56,97,71,82"/><U124/><E107/><V35/><F3/><W95/><G126/><N who="1" m="48170" /><E122/><V135/><F69/><W102/><G113/><T74/><D121/><U9/><E114/><V105/><F135/><N who="1" m="51785" /><E41/><V89/><F42/><W34/><G34/><T77/><D1/><N who="1" m="111" /><E93/><V40/><F40/><W91/><G71/><T125/><D125/><U51/><E51/><V2/><F48/><W100/><G100/><T61/><D101/><U54/><E54/><V31/><F53/><W119/><G119/><T20/><D32/><U118/><E118/><V21/><F35/><W23/><G11/><N who="1" m="4106" /><E57/><V39/><F104/><W4/><G4/><T22/><D94/><U55/><E55/><V84/><F105/><W49/><G49/><T13/><D61/><U70/><E66/><V19/><F103/><W62/><G62/><T6/><D65/><U92/><E92/><V0/><F96/><W134/><G134/><T117/><D117/><U47/><E47/><V106/><F98/><W12/><G83/><T67/><D67/><U28/><E70/><V17/><F106/><W44/><G44/><T79/><D6/><U112/><E112/><V50/><F50/><W45/><G45/><T76/><REACH who="0" step="1"/><D86/><AGARI ba="0,0" hai="12,16,23,52,56,60,78,82,86,90,91,95,97,102" machi="86" ten="30,7700,0" yaku="7,1,8,1,54,2" doraHai="26" who="3" fromWho="0" sc="337,-77,118,0,321,0,224,77" /><INIT seed="6,0,0,0,3,69" ten="260,118,321,301" oya="2" hai0="23,3,89,32,76,24,74,65,45,80,51,53,109" hai1="98,59,31,78,108,135,114,115,11,105,68,37,91" hai2="50,44,130,20,127,112,4,62,86,60,110,77,96" hai3="92,123,125,116,54,97,13,7,75,81,111,70,90"/><V48/><F112/><N who="1" m="43049" /><E68/><V122/><F122/><W61/><G116/><T71/><D109/><U5/><E78/><V83/><F110/><W27/><G125/><T63/><D3/><N who="1" m="447" /><E108/><V107/><F130/><W6/><G123/><T88/><REACH who="0" step="1"/><D32/><REACH who="0" ten="250,118,321,301" step="2"/><U43/><E135/><V2/><F2/><W99/><G111/><T56/><D56/><U124/><E124/><V26/><F127/><W8/><G70/><T95/><D95/><N who="1" m="56703" /><E59/><V16/><F107/><W25/><G92/><T106/><D106/><U39/><E105/><V47/><F96/><W67/><G99/><T41/><D41/><U113/><N who="1" m="43057" /><U79/><DORA hai="126" /><E43/><N who="2" m="24607" /><F4/><W18/><G6/><T87/><D87/><U0/><E0/><V64/><F64/><W72/><G7/><T55/><D55/><AGARI ba="0,1" hai="16,20,26,47,50,55,60,62,77,83,86" m="24607" machi="55" ten="30,2900,0" yaku="8,1,54,1" doraHai="69,126" who="2" fromWho="0" sc="250,-29,118,0,321,39,301,0" /><INIT seed="6,1,0,2,5,81" ten="221,118,360,301" oya="2" hai0="23,64,101,127,16,114,100,55,7,35,61,97,76" hai1="45,130,32,88,15,28,63,129,48,122,86,110,121" hai2="78,96,82,72,37,108,26,73,128,6,39,117,111" hai3="113,135,1,24,131,50,46,31,62,34,51,54,89"/><V102/><F117/><W124/><G1/><T36/><D36/><U27/><E63/><V58/><F72/><W93/><G131/><N who="1" m="50186" /><E15/><V87/><F73/><W67/><G135/><T75/><D35/><U79/><E79/><V17/><F6/><W120/><G124/><T94/><D127/><U9/><E9/><V8/><F128/><W132/><G132/><T118/><D118/><U80/><E110/><N who="2" m="42027" /><F58/><W40/><G120/><N who="1" m="46186" /><E48/><V44/><F44/><AGARI ba="1,0" hai="27,28,32,44,45,80,86,88" m="46186,50186" machi="44" ten="30,7700,0" yaku="19,1,13,1,52,1,54,1" doraHai="81" who="1" fromWho="2" sc="221,0,118,80,360,-80,301,0" /><INIT seed="7,0,0,1,0,100" ten="221,198,280,301" oya="3" hai0="14,20,43,77,104,5,94,72,23,107,92,17,117" hai1="66,15,74,83,114,110,80,50,121,54,73,91,103" hai2="31,75,88,95,3,40,132,47,8,44,119,51,39" hai3="1,85,120,11,128,58,84,7,109,56,38,67,34"/><W101/><G38/><T62/><D117/><U69/><E121/><V123/><F119/><W32/><G120/><T89/><D43/><U55/><E110/><V57/><F123/><W48/><G32/><T78/><D5/><U52/><E103/><V25/><F75/><N who="1" m="28681" /><E50/><V12/><F132/><W4/><G34/><T115/><D115/><U130/><E91/><V9/><F3/><W129/><G109/><T53/><D72/><U105/><E15/><V24/><F57/><W134/><G134/><T126/><D126/><U116/><E116/><V127/><F127/><W82/><G101/><T27/><D78/><U41/><E41/><V46/><F39/><W26/><G26/><N who="2" m="10345" /><F31/><W59/><G7/><T102/><D77/><U61/><E105/><V29/><F29/><W2/><G2/><T37/><D37/><U131/><E114/><V125/><F125/><W13/><G1/><T86/><D102/><U36/><E36/><V99/><F9/><W30/><G30/><T33/><D33/><U112/><E112/><V22/><F22/><W124/><G124/><T60/><D94/><U90/><E90/><V98/><F99/><W135/><G135/><T16/><REACH who="0" step="1"/><D53/><REACH who="0" ten="211,198,280,301" step="2"/><N who="1" m="13571" /><U108/><DORA hai="113" /><E108/><V81/><F81/><W68/><G82/><T63/><AGARI ba="0,1" hai="14,16,17,20,23,27,60,62,63,86,89,92,104,107" machi="63" ten="30,8000,1" yaku="1,1,0,1,52,2,54,1,53,0" doraHai="100,113" doraHaiUra="70,45" who="0" fromWho="0" sc="211,90,198,-20,280,-20,301,-40" owari="301,40.0,178,-32.0,260,-14.0,261,6.0" /></mjloggm>