<mjloggm ver="2.3"><GO type="169" lobby="0"/><UN n0="%E3%83%92%E3%81%A8%E3%82%B7" n1="%E3%81%AC%E3%81%8F%E3%82%82%E3%82%8A" n2="%E5%B0%B1%E6%B4%BB%E7%94%9F%40%E5%B7%9D%E6%9D%91%E8%BB%8D%E5%9B%A3" n3="%E6%98%9F%E9%99%8D%E3%82%8B%E8%A1%97" dan="17,16,18,18" rate="2145.34,2166.81,2220.24,2237.45" sx="M,M,M,F"/><TAIKYOKU oya="0"/><INIT seed="0,0,0,3,0,22" ten="250,250,250,250" oya="0" hai0="50,53,27,54,4,30,38,21,66,74,104,24,114" hai1="52,69,107,68,58,83,26,42,40,125,56,131,6" hai2="133,12,118,109,100,57,127,91,19,48,39,67,115" hai3="45,3,0,88,77,71,89,44,11,94,55,122,130"/><T79/><D114/><U78/><E107/><V96/><F115/><W113/><G113/><T87/><D74/><U63/><E131/><V5/><F118/><W124/><G71/><T85/><D38/><U117/><E117/><V99/><F39/><W72/><G124/><T112/><D112/><U90/><E125/><V13/><F127/><W49/><G130/><T41/><D104/><U23/><E90/><V76/><F76/><W129/><G122/><T64/><D4/><U86/><E6/><V61/><F109/><W36/><G129/><T60/><D41/><U65/><E68/><V80/><F133/><W98/><G11/><T93/><D79/><U95/><E95/><V126/><F126/><W7/><G7/><T17/><D93/><U47/><E47/><V103/><F48/><W92/><G77/><T73/><D73/><U35/><E35/><V119/><F119/><W37/><G72/><T20/><D54/><U105/><E105/><V75/><F75/><W111/><G111/><T51/><D51/><N who="1" m="30751" /><E69/><V102/><F5/><W2/><REACH who="3" step="1"/><G45/><REACH who="3" ten="250,250,250,240" step="2"/><N who="0" m="27855" /><D60/><U121/><E121/><V28/><F61/><W62/><G62/><T10/><D10/><U25/><E23/><V70/><F70/><W81/><G81/><T32/><D32/><U110/><E110/><V15/><F80/><W120/><G120/><T8/><D8/><U135/><E135/><V43/><F57/><W29/><G29/><T46/><D46/><U123/><E123/><V9/><F28/><W116/><G116/><T33/><D33/><U34/><E34/><V16/><F9/><W106/><G106/><RYUUKYOKU ba="0,1" sc="250,10,250,10,250,-30,240,10" hai0="17,20,21,24,27,30,64,66,85,87" hai1="25,26,40,42,58,63,65,78,83,86" hai3="0,2,3,36,37,44,49,55,88,89,92,94,98" /><INIT seed="0,1,1,1,4,102" ten="260,260,220,250" oya="0" hai0="97,47,86,68,63,25,4,88,3,90,128,45,41" hai1="112,123,16,38,111,78,57,23,69,77,7,40,50" hai2="24,53,56,22,8,1,29,117,91,37,122,92,94" hai3="34,104,87,101,60,71,129,125,118,96,43,46,55"/><T79/><D128/><U110/><E123/><V83/><F122/><W99/><G118/><T115/><D115/><U21/><E69/><V28/><F37/><W26/><G129/><T31/><D79/><U98/><E112/><V54/><F117/><W109/><G87/><T105/><D4/><U73/><E38/><V51/><F29/><N who="3" m="19767" /><G96/><T131/><D3/><U70/><E70/><V80/><F92/><W65/><G55/><T58/><D131/><U42/><E7/><V30/><F30/><W64/><G64/><T2/><D2/><U113/><E113/><V6/><REACH who="2" step="1"/><F53/><REACH who="2" ten="260,260,210,250" step="2"/><W27/><G109/><T103/><D41/><U11/><E42/><V134/><F134/><W35/><G125/><T39/><D39/><U85/><E40/><V48/><F48/><N who="3" m="26719" /><G35/><T106/><D68/><U15/><E111/><V9/><F9/><W32/><G32/><T82/><D106/><U36/><E36/><V89/><F89/><W10/><G10/><T81/><D90/><U114/><E110/><V19/><F19/><W62/><G71/><T0/><D81/><U14/><E11/><V100/><F100/><W121/><G121/><T67/><D0/><U61/><E50/><V95/><F95/><W12/><G104/><T75/><D75/><U135/><E73/><V66/><F66/><W59/><G65/><T126/><D126/><U72/><E72/><V76/><F76/><W116/><G101/><T107/><D107/><U127/><E78/><V18/><F18/><W20/><G116/><T33/><AGARI ba="1,2" hai="25,31,33,45,47,58,63,67,82,86,88,97,103,105" machi="33" ten="20,7800,0" yaku="0,1,7,1,52,1,54,1" doraHai="102" who="0" fromWho="0" sc="260,101,260,-27,210,-27,250,-27" /><INIT seed="0,2,0,5,1,126" ten="361,233,183,223" oya="0" hai0="36,29,113,1,79,24,125,86,14,94,57,31,47" hai1="58,51,6,62,22,65,40,64,116,96,12,60,95" hai2="99,59,123,111,68,133,90,25,115,17,4,50,74" hai3="48,120,3,105,18,34,21,88,63,101,127,83,33"/><T98/><D1/><U106/><E116/><V78/><F68/><W61/><G3/><T27/><D113/><U103/><E106/><V46/><F115/><W5/><G5/><T92/><D125/><U129/><E129/><V49/><F123/><W43/><G127/><T52/><D14/><U109/><E109/><V72/><F4/><W42/><G120/><T30/><D47/><U73/><E73/><V89/><F111/><W35/><G101/><T104/><D104/><U26/><E40/><V71/><F71/><W82/><G105/><T100/><D36/><U76/><E76/><V32/><F32/><W114/><G114/><T19/><D19/><U37/><E37/><V69/><F69/><W107/><G107/><T131/><D131/><U117/><E51/><V20/><F133/><W87/><G82/><N who="0" m="47455" /><D92/><U41/><E41/><V13/><F13/><W38/><G38/><T7/><D7/><U16/><E117/><V11/><F11/><W10/><G10/><T93/><D93/><U67/><E58/><V15/><F15/><W91/><G42/><T102/><D102/><U39/><E39/><V75/><F78/><W28/><G91/><T132/><D132/><U54/><E54/><N who="2" m="32207" /><F99/><W112/><G112/><T8/><D8/><AGARI ba="2,0" hai="6,8,12,16,22,26,60,62,64,65,67,95,96,103" machi="8" ten="40,2600,0" yaku="8,1,54,1" doraHai="126" who="1" fromWho="0" sc="361,-32,233,32,183,0,223,0" /><INIT seed="1,0,0,4,3,95" ten="329,265,183,223" oya="1" hai0="115,120,71,87,73,32,93,49,9,74,19,134,63" hai1="1,64,31,44,5,84,101,2,94,111,77,47,50" hai2="3,33,60,96,104,61,124,40,65,14,79,131,56" hai3="24,129,41,80,22,108,38,43,55,8,85,62,90"/><U59/><E111/><V70/><F3/><W116/><G108/><T6/><D19/><U119/><E119/><V13/><F131/><W46/><G129/><T81/><D115/><U27/><E5/><V0/><F0/><W128/><G128/><T34/><D49/><U98/><E77/><V29/><F124/><W83/><G116/><T106/><D93/><U52/><E84/><V72/><F40/><W16/><G41/><T109/><D109/><U117/><E117/><V86/><F86/><W10/><REACH who="3" step="1"/><G80/><REACH who="3" ten="329,265,183,213" step="2"/><T133/><D81/><U66/><E66/><V127/><F127/><W102/><G102/><T135/><D135/><U118/><E118/><V132/><F132/><W100/><G100/><T91/><D133/><U30/><E30/><V35/><F29/><W48/><G48/><T23/><D134/><U51/><E64/><V82/><F70/><W112/><G112/><T54/><D120/><U20/><E59/><AGARI ba="0,1" hai="8,10,16,22,24,38,43,46,55,59,62,83,85,90" machi="59" ten="40,2600,0" yaku="1,1,54,1,53,0" doraHai="95" doraHaiUra="25" who="3" fromWho="1" sc="329,0,265,-26,183,0,213,36" /><INIT seed="2,0,0,1,2,54" ten="329,239,183,249" oya="2" hai0="95,113,124,41,65,87,99,33,2,21,42,135,66" hai1="31,104,114,85,127,25,55,81,63,9,91,119,82" hai2="132,40,72,13,12,77,93,50,130,67,76,29,48" hai3="26,53,69,34,49,117,121,112,56,118,19,111,58"/><V128/><F67/><W47/><G34/><T90/><D33/><U10/><E114/><V134/><F29/><W11/><G121/><T105/><D2/><U70/><E119/><V79/><F93/><W39/><G26/><T86/><D113/><U37/><E37/><V101/><F101/><W120/><G19/><T84/><D105/><U15/><E104/><V98/><F98/><W122/><G11/><T110/><D110/><U108/><E108/><V30/><F30/><W100/><G100/><T18/><D124/><U57/><E127/><V5/><F5/><W89/><G89/><T1/><D1/><U116/><E116/><N who="3" m="44650" /><G111/><T51/><D135/><N who="2" m="51754" /><F72/><W23/><G23/><T96/><D96/><U115/><E70/><V83/><F83/><W133/><G112/><T75/><D75/><U3/><E115/><V4/><F40/><N who="0" m="15466" /><D51/><N who="2" m="19498" /><F4/><W24/><G133/><T28/><D28/><U71/><E71/><V0/><F0/><W7/><G7/><T62/><D62/><U61/><E61/><V78/><N who="2" m="19968" /><DORA hai="64" /><V92/><F92/><W14/><G69/><T94/><D94/><U44/><E82/><V106/><F106/><W46/><G122/><T59/><D66/><N who="1" m="39279" /><E3/><V60/><F60/><W8/><G120/><T123/><D123/><U45/><E81/><V35/><F35/><W43/><G43/><T52/><D65/><U88/><E31/><V38/><F38/><W32/><G39/><T97/><D95/><U68/><E68/><V74/><F74/><W125/><G125/><T17/><D99/><U129/><E85/><V80/><F80/><W20/><G32/><RYUUKYOKU ba="0,0" sc="329,-10,239,-10,183,30,249,-10" hai2="12,13,128,130" /><INIT seed="2,1,0,4,1,70" ten="319,229,213,239" oya="2" hai0="45,105,24,21,4,95,25,36,53,23,39,22,129" hai1="111,135,99,48,82,90,13,5,46,14,89,112,87" hai2="30,0,41,123,43,107,8,93,54,116,88,119,11" hai3="42,65,79,108,29,103,68,69,72,3,66,73,2"/><V75/><F107/><W127/><G29/><T71/><D105/><U17/><E112/><V81/><F123/><W1/><G42/><T7/><D71/><U84/><E111/><V106/><F106/><W109/><G1/><T97/><D53/><U128/><E128/><V40/><F30/><W92/><G92/><T98/><D45/><U28/><E135/><V47/><F0/><W58/><G58/><T86/><D86/><U35/><E5/><N who="0" m="2121" /><D95/><U133/><E133/><V15/><F75/><W9/><G9/><T115/><D115/><U94/><E28/><V80/><F116/><W91/><G91/><T134/><D129/><U100/><E35/><V49/><F119/><W118/><G118/><T18/><D18/><U122/><E122/><V64/><F64/><W12/><G12/><T121/><D121/><U38/><E17/><N who="2" m="8423" /><F11/><W52/><G79/><T132/><D132/><U77/><E38/><N who="0" m="14377" /><D134/><U102/><E102/><V62/><F62/><W19/><G19/><T131/><D131/><U60/><E60/><V124/><F124/><W110/><G110/><T16/><D16/><U56/><E100/><V57/><F47/><W32/><G103/><T20/><N who="0" m="5120" /><DORA hai="59" /><T67/><D67/><U34/><E46/><V51/><F51/><W78/><G78/><T27/><AGARI ba="1,0" hai="24,25,27,97,98" m="5120,14377,2121" machi="27" ten="50,8000,1" yaku="28,2,52,3" doraHai="70,59" who="0" fromWho="0" sc="319,83,229,-21,213,-41,239,-21" /><INIT seed="3,0,0,5,5,91" ten="402,208,172,218" oya="3" hai0="88,130,98,126,37,124,119,40,122,63,123,132,47" hai1="57,96,81,110,54,72,129,64,115,69,11,78,87" hai2="106,134,58,93,131,27,17,104,85,102,107,79,34" hai3="97,3,62,60,100,16,82,90,68,118,4,92,36"/><W113/><G118/><T105/><D119/><U65/><E115/><V59/><F131/><W66/><G36/><T20/><D130/><U61/><E129/><V127/><F127/><N who="0" m="48682" /><D132/><U101/><E110/><V28/><F134/><W112/><G62/><T49/><D49/><U13/><E72/><V45/><F45/><W117/><G117/><T32/><D32/><U116/><E116/><V33/><F33/><W6/><G6/><T56/><D20/><U15/><E69/><V2/><F2/><W23/><G4/><T51/><D51/><U1/><E1/><V55/><F17/><W5/><G5/><T94/><D105/><U50/><E50/><V71/><F71/><W108/><G3/><T53/><AGARI ba="0,0" hai="37,40,47,53,56,63,88,94,98,122,123" m="48682" machi="53" ten="30,4000,0" yaku="18,1,52,1,54,1" doraHai="91" who="0" fromWho="0" sc="402,40,208,-10,172,-10,218,-20" /><INIT seed="4,0,0,1,1,106" ten="442,198,162,198" oya="0" hai0="27,83,53,15,77,58,47,132,20,93,12,70,74" hai1="108,102,85,29,109,23,6,123,36,34,49,135,110" hai2="31,71,13,39,117,22,120,61,126,9,92,111,7" hai3="8,68,73,98,11,104,78,86,55,95,128,62,105"/><T30/><D70/><U17/><E36/><V114/><F111/><W116/><G116/><T84/><D47/><U43/><E123/><V101/><F120/><W94/><G55/><T1/><D1/><U26/><E102/><V91/><F126/><W40/><G62/><T63/><D132/><U44/><E135/><V81/><F114/><W124/><G40/><T46/><D46/><U90/><E6/><V50/><F39/><W118/><G68/><T28/><D28/><U88/><REACH who="1" step="1"/><E85/><REACH who="1" ten="442,188,162,198" step="2"/><V16/><F101/><W54/><G86/><T48/><D84/><U129/><E129/><V32/><F117/><W87/><G87/><T76/><D76/><U100/><E100/><V66/><F92/><W134/><G95/><T59/><D93/><U119/><E119/><V130/><F130/><W57/><G94/><T10/><D77/><U79/><E79/><V75/><F91/><W41/><G78/><T51/><D83/><U65/><E65/><V133/><F133/><W112/><G134/><T103/><D103/><U56/><E56/><V18/><F81/><W127/><G57/><T125/><D59/><U80/><E80/><V42/><F75/><W19/><G73/><T14/><D74/><U52/><E52/><V69/><F69/><W45/><G118/><T82/><D82/><U72/><E72/><V24/><F32/><W2/><G128/><T122/><D122/><U96/><E96/><V37/><F37/><W121/><G121/><T60/><D125/><U115/><E115/><V21/><F21/><W3/><G127/><T0/><D51/><U33/><E33/><RYUUKYOKU ba="0,1" sc="442,10,188,10,162,10,198,-30" hai0="0,10,12,14,15,20,27,30,48,53,58,60,63" hai1="17,23,26,29,34,43,44,49,88,90,108,109,110" hai2="7,9,13,16,18,22,24,31,42,50,61,66,71" /><INIT seed="4,1,1,2,2,112" ten="452,198,172,168" oya="0" hai0="77,105,134,48,131,104,126,19,94,71,78,39,82" hai1="7,45,12,6,55,22,129,110,16,15,5,133,135" hai2="49,28,8,31,18,130,57,41,128,72,107,42,30" hai3="127,81,95,14,51,124,85,108,17,120,38,29,121"/><T21/><D39/><U10/><E55/><N who="2" m="31983" /><F72/><W118/><G38/><T89/><D71/><U1/><E45/><V33/><F107/><W65/><G108/><T52/><D126/><N who="3" m="48169" /><G65/><T0/><D131/><N who="2" m="50218" /><F33/><W114/><G114/><T68/><D134/><N who="1" m="51211" /><E129/><V59/><F59/><W11/><G29/><N who="2" m="7425" /><V91/><DORA hai="109" /><F91/><N who="3" m="51631" /><G51/><T97/><D68/><U111/><E1/><V117/><F117/><W98/><G118/><T3/><D0/><U63/><E63/><V13/><AGARI ba="1,1" hai="8,13,18,41,42" m="7425,50218,31983" machi="13" ten="40,1500,0" yaku="19,1" doraHai="112,109" who="2" fromWho="2" sc="452,-8,198,-5,172,28,168,-5" /><INIT seed="5,0,0,4,1,109" ten="444,193,200,163" oya="1" hai0="79,39,122,61,45,99,127,117,84,118,19,78,32" hai1="85,126,123,68,48,14,96,13,129,110,63,21,114" hai2="102,101,4,28,46,115,132,73,43,105,104,35,130" hai3="40,125,8,31,69,15,1,56,0,20,131,6,67"/><U116/><E116/><V86/><F73/><W81/><G69/><T65/><D127/><U50/><E123/><V27/><F130/><W87/><G131/><T52/><D122/><U71/><E129/><V90/><F132/><W72/><G72/><T77/><D32/><U24/><E126/><V29/><F4/><W10/><G125/><T134/><D134/><U83/><E110/><V103/><F28/><W22/><G40/><T97/><D84/><U30/><E114/><V62/><F62/><W76/><G31/><T37/><D19/><U100/><E71/><V91/><F115/><W17/><REACH who="3" step="1"/><G1/><REACH who="3" ten="444,193,200,153" step="2"/><T7/><D118/><U16/><E68/><V51/><REACH who="2" step="1"/><F91/><REACH who="2" ten="444,193,190,153" step="2"/><W111/><G111/><T5/><D117/><U25/><E30/><V135/><F135/><W112/><G112/><T120/><D120/><U38/><E63/><AGARI ba="0,2" hai="0,6,8,10,15,17,20,22,56,63,67,76,81,87" machi="63" ten="40,2600,0" yaku="1,1,53,1" doraHai="109" doraHaiUra="12" who="3" fromWho="1" sc="444,0,193,-26,190,0,153,46" /><INIT seed="6,0,0,2,5,107" ten="444,167,190,199" oya="2" hai0="111,127,101,68,131,87,121,81,31,65,103,25,77" hai1="30,93,82,47,95,1,38,113,49,12,112,75,76" hai2="135,60,4,46,124,91,43,6,66,56,26,104,126" hai3="83,88,100,2,74,130,117,123,5,116,48,72,73"/><V9/><F104/><W97/><G48/><T27/><D127/><U96/><E1/><V98/><F135/><W118/><G5/><T17/><D131/><U128/><E128/><V41/><F26/><W36/><G36/><T84/><D65/><U33/><E38/><V86/><F98/><W67/><G67/><T24/><D68/><U0/><E0/><V129/><F129/><W13/><G13/><T62/><D62/><U89/><E12/><V105/><F105/><N who="3" m="63631" /><G2/><T94/><D31/><U125/><E125/><N who="2" m="48235" /><F9/><W69/><G69/><T8/><D111/><U10/><E10/><V42/><F46/><W50/><G50/><T133/><D133/><U85/><E30/><V132/><F132/><W19/><G19/><T55/><D8/><U78/><E33/><V23/><F23/><W71/><G71/><T92/><D17/><U61/><E61/><V7/><F7/><W18/><G18/><T119/><D24/><U102/><REACH who="1" step="1"/><E78/><REACH who="1" ten="444,157,190,199" step="2"/><V22/><F22/><W80/><G130/><T58/><D77/><U32/><E32/><V70/><F70/><W34/><G34/><T59/><D25/><U90/><E90/><V11/><F11/><W16/><G16/><T120/><D27/><U108/><E108/><V115/><F115/><W35/><G35/><T15/><D15/><U39/><E39/><V114/><F114/><W3/><G3/><T21/><D21/><U109/><E109/><V45/><F45/><W57/><G88/><T79/><D79/><U52/><AGARI ba="0,1" hai="47,49,52,75,76,82,85,89,93,95,96,102,112,113" machi="52" ten="30,7900,0" yaku="1,1,0,1,52,1,54,1,53,0" doraHai="107" doraHaiUra="64" who="1" fromWho="1" sc="444,-20,157,89,190,-39,199,-20" /><INIT seed="7,0,0,5,0,17" ten="424,246,151,179" oya="3" hai0="121,97,14,63,73,101,114,95,100,24,47,76,38" hai1="96,82,52,3,44,58,5,113,18,106,39,40,120" hai2="21,124,4,1,19,43,119,127,81,31,88,42,55" hai3="133,0,128,134,48,10,116,102,98,99,92,131,25"/><W61/><G116/><T110/><D110/><U2/><E120/><V125/><F119/><W80/><G61/><T13/><D114/><U28/><E113/><V41/><F31/><W51/><G80/><T77/><D100/><U26/><E18/><V74/><F55/><W59/><G98/><T20/><D73/><U75/><E5/><V53/><F53/><N who="3" m="32167" /><G51/><T87/><D63/><U117/><E117/><V56/><F56/><W94/><G94/><T90/><D47/><U93/><E106/><V33/><F33/><W9/><G25/><T65/><D65/><U109/><E82/><V83/><F74/><W16/><G10/><T7/><D38/><U37/><E37/><V22/><F19/><W130/><G16/><N who="0" m="12295" /><D7/><AGARI ba="0,0" hai="0,7,9,92,99,102,128,130,131,133,134" m="32167" machi="7" ten="40,2000,0" yaku="19,1" doraHai="17" who="3" fromWho="0" sc="424,-20,246,0,151,0,179,20" /><INIT seed="7,1,0,3,1,91" ten="404,246,151,199" oya="3" hai0="133,68,64,88,40,71,81,13,80,117,69,107,100" hai1="39,21,76,24,33,1,31,98,43,38,131,35,79" hai2="3,34,51,27,49,127,56,8,114,66,32,30,101" hai3="42,87,94,65,85,135,17,46,54,110,124,59,106"/><W57/><G106/><T72/><D40/><U77/><E1/><V12/><F127/><W67/><G124/><T63/><D133/><U96/><E131/><V108/><F108/><W118/><G118/><T97/><D117/><U47/><E39/><V84/><F114/><W10/><G135/><T105/><D105/><U60/><E60/><V90/><F3/><W20/><G10/><T121/><D121/><U9/><E9/><V111/><F111/><W102/><G110/><T95/><D13/><U103/><E96/><V28/><F101/><W11/><G11/><T52/><D52/><U23/><E23/><V16/><F32/><W58/><G54/><T37/><D37/><U36/><E36/><V116/><F116/><W18/><G18/><T125/><D125/><U41/><E41/><V53/><F28/><W75/><G75/><T19/><D19/><U130/><E130/><V14/><F14/><N who="3" m="9271" /><G46/><T74/><D74/><U48/><E38/><V2/><F2/><W5/><G5/><T15/><D15/><U70/><E70/><V109/><F109/><W50/><G50/><T22/><D22/><U62/><E62/><V120/><F120/><W6/><G42/><T44/><D44/><U99/><E35/><V26/><F26/><W119/><G6/><T92/><D107/><N who="1" m="63991" /><E33/><V45/><F66/><N who="3" m="25099" /><G119/><T134/><D134/><U89/><E31/><V4/><F4/><W129/><G129/><T82/><D72/><U113/><E24/><V104/><F104/><W128/><G128/><T61/><D64/><U86/><E43/><N who="2" m="24767" /><F90/><W132/><G102/><T7/><D7/><RYUUKYOKU ba="1,0" sc="404,15,246,-15,151,15,199,-15" hai0="61,63,68,69,71,80,81,82,88,92,95,97,100" hai2="8,12,16,27,30,34,51,53,56,84" owari="419,52.0,231,3.0,166,-33.0,184,-22.0" /></mjloggm>