<mjloggm ver="2.3"><GO type="169" lobby="0"/><UN n0="%E2%97%8E%E2%86%90%4F%EF%BD%9E" n1="%E3%83%84%E3%83%AC%E3%82%AA" n2="%E5%B0%B1%E6%B4%BB%E7%94%9F%40%E5%B7%9D%E6%9D%91%E8%BB%8D%E5%9B%A3" n3="%E3%81%99%E3%81%BF%E3%82%84%E3%81%AB" dan="17,17,18,19" rate="2102.26,2209.71,2263.45,2271.17" sx="M,M,M,M"/><TAIKYOKU oya="0"/><INIT seed="0,0,0,0,2,30" ten="250,250,250,250" oya="0" hai0="7,105,111,131,125,68,80,8,46,104,121,123,89" hai1="122,65,13,115,54,78,1,5,55,109,134,120,39" hai2="57,4,128,14,48,6,38,76,91,130,82,17,21" hai3="101,49,66,50,71,98,113,93,16,100,97,9,63"/><T60/><D125/><U99/><E1/><V27/><F38/><W25/><G113/><T41/><D131/><N who="2" m="50218" /><F91/><W88/><G101/><T85/><D111/><U18/><E5/><V74/><F14/><W69/><G69/><T33/><D33/><U103/><E39/><V62/><F48/><W20/><REACH who="3" step="1"/><G9/><REACH who="3" ten="250,250,250,240" step="2"/><T94/><D68/><U51/><E103/><V11/><F11/><W2/><G2/><T72/><D121/><U107/><E115/><V12/><F12/><W73/><G73/><T32/><D123/><U114/><E13/><V127/><F127/><W52/><G52/><AGARI ba="0,1" hai="4,6,17,21,27,52,57,62,74,76,82" m="50218" machi="52" ten="30,2000,0" yaku="19,1,54,1" doraHai="30" who="2" fromWho="3" sc="250,0,250,0,250,30,240,-20" /><INIT seed="1,0,0,1,3,118" ten="250,250,280,220" oya="1" hai0="41,24,111,88,23,90,29,10,21,135,127,20,117" hai1="71,70,66,130,73,100,0,119,109,108,19,115,61" hai2="131,120,126,97,27,39,86,124,57,7,96,122,44" hai3="32,64,33,116,56,34,89,133,1,95,46,75,43"/><U12/><E115/><V81/><F7/><W125/><G75/><T67/><D117/><U52/><E119/><V60/><F131/><W54/><G116/><T35/><D111/><N who="1" m="42571" /><E0/><V99/><F27/><W101/><G1/><T38/><D127/><N who="2" m="48682" /><F44/><W92/><G125/><T51/><D38/><U113/><E113/><V15/><F15/><W50/><G133/><T53/><D41/><U5/><E5/><V22/><F22/><W94/><G64/><T83/><D67/><U72/><E130/><V4/><F4/><W106/><G106/><T69/><D69/><N who="1" m="42191" /><E100/><V25/><F25/><W105/><G105/><T112/><D135/><U84/><E84/><V16/><F16/><W134/><G134/><T79/><D112/><U132/><E132/><V107/><F39/><W63/><REACH who="3" step="1"/><G101/><REACH who="3" ten="250,250,280,210" step="2"/><T78/><D78/><U103/><E103/><V114/><F107/><W28/><G28/><T91/><D79/><U48/><E71/><V11/><F114/><W36/><G36/><T40/><D90/><AGARI ba="0,1" hai="32,33,34,43,46,50,54,56,63,89,90,92,94,95" machi="90" ten="50,1600,0" yaku="1,1,53,0" doraHai="118" doraHaiUra="123" who="3" fromWho="0" sc="250,-16,250,0,280,0,210,26" /><INIT seed="2,0,0,2,0,105" ten="234,250,280,236" oya="2" hai0="124,70,134,50,107,2,5,24,56,122,79,131,85" hai1="35,97,23,64,132,31,66,116,0,135,125,22,13" hai2="112,36,95,109,73,25,7,14,93,76,102,133,65" hai3="90,127,6,114,39,75,98,110,26,88,101,20,84"/><V28/><F36/><W43/><G110/><T100/><D56/><U54/><E0/><V46/><F112/><W59/><G114/><T77/><D50/><U21/><E116/><V94/><F109/><W119/><G119/><T130/><D70/><U55/><E31/><V11/><F133/><N who="1" m="51273" /><E35/><V80/><F65/><N who="1" m="25193" /><E97/><V63/><F63/><W120/><G120/><T15/><D2/><U16/><E125/><V37/><F37/><W12/><G127/><T51/><D124/><U19/><E13/><V106/><F46/><W3/><G3/><T4/><D24/><U123/><E123/><V32/><REACH who="2" step="1"/><F106/><REACH who="2" ten="234,250,270,236" step="2"/><W18/><G39/><T104/><D134/><U92/><E92/><V61/><F61/><W42/><G59/><T82/><D122/><U9/><E9/><V69/><F69/><W47/><G47/><T27/><D104/><U52/><AGARI ba="0,1" hai="16,19,21,22,23,52,54,55" m="25193,51273" machi="52" ten="40,8000,1" yaku="28,2,20,1,54,2" doraHai="105" who="1" fromWho="1" sc="234,-20,250,90,270,-40,236,-20" /><INIT seed="3,0,0,3,4,11" ten="214,340,230,216" oya="3" hai0="8,70,57,61,53,19,22,7,34,21,10,5,52" hai1="64,119,72,76,55,4,81,86,125,85,101,114,95" hai2="3,42,40,73,97,78,130,60,93,33,56,16,128" hai3="116,48,45,88,106,105,32,121,123,27,112,58,94"/><W1/><G112/><T83/><D34/><U89/><E64/><V47/><F33/><W87/><G116/><T91/><D70/><U37/><E37/><V43/><F3/><W6/><G1/><T100/><D100/><U90/><E4/><V63/><F78/><W65/><G6/><N who="0" m="2059" /><D53/><U80/><E55/><V120/><F73/><W122/><G32/><T98/><D22/><U107/><E114/><V68/><F120/><W24/><G106/><T23/><D23/><U113/><E113/><V124/><F124/><W96/><G105/><T134/><D134/><U29/><E29/><V115/><F115/><W62/><REACH who="3" step="1"/><G96/><REACH who="3" ten="214,340,230,206" step="2"/><T20/><D98/><N who="1" m="61879" /><E125/><V50/><F128/><W9/><G9/><T13/><D21/><U59/><E119/><V84/><F130/><W131/><G131/><T67/><D8/><U99/><E59/><V129/><F129/><W25/><G25/><T31/><D10/><U111/><E111/><V102/><F68/><W132/><G132/><T39/><D31/><U36/><E36/><V26/><F56/><W110/><G110/><T133/><D39/><U75/><AGARI ba="0,1" hai="72,75,76,80,81,85,86,89,90,95,99" m="61879" machi="75" ten="30,8000,1" yaku="35,5" doraHai="11" who="1" fromWho="1" sc="214,-20,340,90,230,-20,206,-40" /><INIT seed="4,0,0,0,3,29" ten="194,430,210,166" oya="0" hai0="56,116,92,77,5,86,80,109,8,61,95,27,127" hai1="35,31,83,131,25,55,37,91,103,124,130,123,23" hai2="2,49,57,1,133,71,70,87,117,111,17,119,34" hai3="73,32,14,28,76,104,24,63,97,59,107,101,36"/><T50/><D116/><N who="2" m="44618" /><F111/><W135/><G135/><T11/><D109/><U26/><E123/><V51/><F133/><W112/><G112/><T81/><D127/><U67/><E124/><V58/><F17/><W102/><G36/><T64/><D50/><N who="2" m="18954" /><F87/><W44/><G44/><T62/><D62/><U7/><E37/><V47/><F34/><W4/><G73/><T45/><D45/><U20/><E67/><V10/><F10/><W84/><G84/><T38/><D38/><U110/><E110/><V93/><F93/><W54/><G76/><T100/><D100/><U126/><E103/><V43/><F43/><W18/><G4/><T48/><D48/><U96/><E55/><V113/><F113/><W105/><REACH who="3" step="1"/><G102/><REACH who="3" ten="194,430,210,156" step="2"/><T85/><D5/><U69/><E7/><V79/><F79/><W53/><G53/><T12/><D85/><U68/><E126/><V128/><F47/><W78/><G78/><T46/><D46/><U74/><E74/><V120/><F120/><W98/><G98/><T115/><D115/><U16/><E96/><V3/><F128/><W118/><G118/><T41/><D41/><U21/><E131/><V39/><F39/><W90/><G90/><T6/><D81/><U108/><E130/><V33/><F3/><W13/><G13/><T52/><D64/><U15/><E108/><V66/><F66/><W134/><G134/><T0/><D27/><N who="1" m="18943" /><E91/><V122/><F122/><W129/><G129/><T88/><D77/><U106/><E83/><V9/><F2/><W82/><G82/><T72/><D72/><U94/><E26/><V121/><F121/><RYUUKYOKU ba="0,1" sc="194,15,430,-15,210,-15,156,15" hai0="0,6,8,11,12,52,56,61,80,86,88,92,95" hai3="14,18,24,28,32,54,59,63,97,101,104,105,107" /><INIT seed="4,1,1,1,3,80" ten="209,415,195,171" oya="0" hai0="24,63,87,129,30,64,45,90,29,103,28,84,47" hai1="111,128,125,37,67,61,12,100,77,70,134,49,102" hai2="23,110,14,104,72,97,16,133,27,94,38,98,99" hai3="39,20,56,10,130,36,78,19,69,73,58,6,7"/><T53/><D103/><U57/><E111/><V26/><F110/><W48/><G69/><T101/><D101/><U119/><E119/><V65/><F72/><W42/><G130/><T4/><D129/><U54/><E128/><V113/><F38/><W106/><G106/><T131/><D131/><U18/><E134/><V33/><F104/><W75/><G39/><T132/><D132/><U15/><E125/><V115/><F65/><W62/><G36/><T66/><D24/><N who="2" m="9258" /><F33/><W118/><G118/><T31/><D4/><U120/><E120/><V2/><F2/><W43/><G78/><T74/><D74/><U85/><E37/><V108/><F108/><W116/><G75/><T126/><D31/><U41/><E41/><V121/><F121/><W34/><G34/><T92/><D126/><U79/><E79/><V122/><F122/><W86/><G73/><T91/><D53/><U127/><E127/><V76/><F76/><W60/><G116/><T5/><D5/><U123/><E123/><V13/><F13/><N who="3" m="5343" /><G6/><T0/><D0/><U96/><E12/><V50/><F50/><W114/><G48/><T21/><D21/><U25/><E25/><V105/><F105/><W32/><G32/><T117/><D117/><U52/><E54/><V109/><F109/><W135/><G135/><T68/><REACH who="0" step="1"/><D64/><REACH who="0" ten="199,415,195,171" step="2"/><U40/><E40/><V112/><F133/><W88/><G43/><T83/><AGARI ba="1,2" hai="28,29,30,45,47,63,66,68,83,84,87,90,91,92" machi="83" ten="30,12000,1" yaku="1,1,2,1,0,1,52,2,53,0" doraHai="80" doraHaiUra="22" who="0" fromWho="0" sc="199,143,415,-41,195,-41,171,-41" /><INIT seed="4,2,0,4,2,112" ten="342,374,154,130" oya="0" hai0="89,103,105,95,76,12,9,44,116,17,128,27,24" hai1="119,67,118,104,2,124,93,74,36,94,11,49,45" hai2="42,135,77,20,66,18,63,71,81,122,15,38,43" hai3="19,50,110,120,35,72,7,88,86,108,100,133,73"/><T0/><D0/><U47/><E104/><V40/><F135/><W29/><G7/><T107/><D76/><U64/><E74/><V92/><F122/><W52/><G133/><T55/><D128/><U4/><E124/><V84/><REACH who="2" step="1"/><F92/><REACH who="2" ten="342,374,144,130" step="2"/><W30/><G120/><T3/><D95/><U101/><E94/><V61/><F61/><W60/><G60/><T14/><D105/><U32/><E93/><V8/><F8/><W33/><G110/><T97/><D9/><U113/><E101/><V121/><F121/><W59/><G108/><T87/><D103/><U98/><E98/><V69/><F69/><W5/><G100/><T25/><D97/><U48/><E11/><V129/><F129/><W58/><G73/><T80/><D107/><U123/><E123/><V102/><F102/><W132/><G72/><T51/><D3/><U78/><E2/><V13/><F13/><W83/><G132/><T131/><D131/><U125/><E125/><V109/><F109/><W34/><G5/><T56/><D12/><U65/><E4/><V96/><F96/><W39/><G39/><AGARI ba="2,1" hai="15,18,20,38,39,40,42,43,63,66,71,77,81,84" machi="39" ten="40,1300,0" yaku="1,1,53,0" doraHai="112" doraHaiUra="90" who="2" fromWho="3" sc="342,0,374,0,144,29,130,-19" /><INIT seed="5,0,0,4,4,25" ten="342,374,173,111" oya="1" hai0="76,67,110,112,26,40,90,125,30,80,120,47,51" hai1="31,117,52,106,27,89,85,126,29,108,10,38,100" hai2="14,24,5,16,116,59,54,22,119,75,66,96,113" hai3="68,57,131,60,73,17,0,69,2,3,35,1,123"/><U50/><E38/><V12/><F75/><W121/><G73/><T93/><D110/><U56/><E117/><V95/><F66/><W39/><G39/><T111/><D111/><U55/><E108/><V7/><F113/><W101/><G131/><T53/><D67/><U33/><E126/><V6/><F116/><W32/><N who="3" m="0" /><DORA hai="43" /><W19/><G101/><T130/><D130/><U36/><E36/><V115/><F115/><W23/><G57/><T70/><D70/><U84/><E84/><V118/><F118/><W91/><G91/><T104/><D104/><U18/><E106/><V88/><REACH who="2" step="1"/><F119/><REACH who="2" ten="342,374,163,111" step="2"/><W81/><G69/><T74/><D112/><U92/><E100/><V15/><F15/><W42/><G68/><T114/><D114/><U21/><E33/><V128/><F128/><W105/><G35/><T127/><D127/><U65/><E65/><V78/><F78/><W49/><G32/><T107/><D125/><U37/><E37/><V124/><F124/><W41/><G123/><T71/><D120/><U103/><E103/><V64/><F64/><W61/><G121/><T79/><D71/><U77/><E77/><V58/><F58/><W44/><G44/><T94/><D76/><U87/><E87/><V102/><F102/><W28/><G105/><T20/><D107/><U4/><E55/><V129/><F129/><W122/><G122/><T97/><D53/><U132/><E132/><V99/><F99/><W34/><G34/><T109/><D109/><U83/><E83/><V72/><F72/><W135/><G81/><N who="0" m="45303" /><D97/><U86/><E86/><V134/><F134/><RYUUKYOKU ba="0,1" sc="342,10,374,10,163,10,111,-30" hai0="20,26,30,40,47,51,80,90,93,94" hai1="4,10,18,21,27,29,31,50,52,56,85,89,92" hai2="5,6,7,12,14,16,22,24,54,59,88,95,96" /><INIT seed="5,1,1,3,2,80" ten="352,384,173,81" oya="1" hai0="74,51,132,38,52,98,8,116,93,134,11,135,106" hai1="118,58,10,79,64,96,2,131,42,55,67,97,35" hai2="73,83,62,39,60,92,40,105,36,17,90,85,121" hai3="47,94,43,21,69,115,70,41,99,61,48,108,5"/><U13/><E118/><V123/><F105/><W120/><G120/><T26/><D38/><U7/><E35/><V126/><F126/><W103/><G108/><T0/><D106/><U86/><E131/><V104/><F104/><W33/><G33/><T54/><D116/><U50/><E42/><V3/><F3/><W125/><G125/><T109/><D109/><U122/><E2/><V124/><F124/><W4/><G115/><T46/><D74/><U91/><E79/><V15/><F39/><W133/><G133/><T22/><D54/><U44/><E122/><V88/><F40/><W20/><G43/><T112/><D0/><U30/><E30/><V23/><F36/><W84/><G70/><T75/><D75/><U27/><E27/><V71/><F62/><W49/><G49/><T114/><D114/><U68/><E68/><V53/><F73/><W78/><G69/><T101/><REACH who="0" step="1"/><D112/><REACH who="0" ten="342,384,173,81" step="2"/><U1/><E1/><V129/><F129/><W59/><G5/><T16/><AGARI ba="1,2" hai="8,11,16,22,26,46,51,52,93,98,101,132,134,135" machi="16" ten="30,12000,2" yaku="1,1,2,1,0,1,20,1,54,2,53,0" doraHai="80" doraHaiUra="117" who="0" fromWho="0" sc="342,143,384,-61,173,-31,81,-31" /><INIT seed="6,0,0,1,1,129" ten="485,323,142,50" oya="2" hai0="98,24,36,135,2,95,62,29,6,125,101,72,84" hai1="57,26,81,110,45,7,91,41,48,46,16,93,69" hai2="32,78,104,107,76,103,74,131,120,49,37,13,105" hai3="115,19,56,58,118,4,68,14,67,27,96,127,122"/><V21/><F37/><W23/><G118/><T22/><D72/><U17/><E69/><V33/><F131/><W100/><G122/><T15/><D62/><U77/><E7/><V88/><F103/><W52/><G68/><T50/><D50/><U63/><E46/><V79/><F74/><W51/><G127/><T64/><D64/><U123/><E110/><V132/><F120/><W28/><G115/><T25/><D25/><U11/><E11/><V133/><F49/><W70/><G70/><T83/><D2/><U121/><E123/><V71/><F71/><W61/><G4/><T34/><D34/><U18/><E121/><V116/><F116/><W54/><G54/><T39/><D125/><U8/><E8/><V66/><F66/><W112/><G112/><T86/><D86/><U55/><E81/><V124/><F124/><W109/><G109/><T117/><D117/><U44/><E44/><V53/><F53/><W119/><G119/><T10/><D135/><N who="2" m="51786" /><F88/><AGARI ba="0,0" hai="6,10,15,22,24,29,36,39,83,84,88,95,98,101" machi="88" ten="30,2000,0" yaku="7,1,54,1" doraHai="129" who="0" fromWho="2" sc="485,20,323,0,142,-20,50,0" /><INIT seed="7,0,0,1,1,135" ten="505,323,122,50" oya="3" hai0="126,4,109,113,12,60,83,58,76,52,133,18,100" hai1="14,68,33,67,66,3,130,17,7,54,103,1,69" hai2="34,89,48,81,38,57,63,125,55,8,0,31,95" hai3="120,134,40,20,23,124,112,26,110,10,64,118,106"/><W119/><G106/><T79/><D4/><U96/><E33/><V129/><F125/><W128/><G64/><T116/><D100/><U61/><E130/><V77/><F38/><W123/><G40/><T70/><D83/><U15/><E7/><V73/><F129/><W62/><G62/><T16/><D16/><U22/><E15/><V93/><F89/><W2/><G128/><T122/><D52/><U9/><E9/><V88/><F88/><W98/><G98/><T85/><D58/><U43/><E43/><V37/><F37/><W53/><G53/><T21/><D21/><U30/><E30/><V132/><F132/><W36/><G36/><T117/><D60/><U102/><E102/><V28/><F63/><W107/><G107/><T45/><D45/><U75/><E68/><V92/><REACH who="2" step="1"/><F34/><REACH who="2" ten="505,323,112,50" step="2"/><W24/><G134/><T114/><D70/><U25/><E67/><V6/><AGARI ba="0,1" hai="0,6,8,28,31,48,55,57,73,77,81,92,93,95" machi="6" ten="30,4000,0" yaku="1,1,2,1,0,1,53,0" doraHai="135" doraHaiUra="121" who="2" fromWho="2" sc="505,-10,323,-10,112,50,50,-20" owari="495,60.0,313,11.0,162,-24.0,30,-47.0" /></mjloggm>