<mjloggm ver="2.3"><GO type="169" lobby="0"/><UN n0="%73%73%74%61%72%6F" n1="%E3%81%93%E3%81%98%E3%81%BE%E3%82%82%E3%82%93" n2="%E5%B0%B1%E6%B4%BB%E7%94%9F%40%E5%B7%9D%E6%9D%91%E8%BB%8D%E5%9B%A3" n3="%E5%91%82%E5%A7%AB" dan="18,17,17,18" rate="2169.90,2170.80,2202.46,2286.24" sx="M,M,M,F"/><TAIKYOKU oya="0"/><INIT seed="0,0,0,2,2,14" ten="250,250,250,250" oya="0" hai0="108,20,123,75,62,26,119,127,48,93,4,135,56" hai1="132,15,74,124,80,10,72,44,52,110,53,101,71" hai2="32,30,61,47,54,18,45,102,99,103,28,96,111" hai3="117,78,86,82,8,19,134,88,6,90,5,66,35"/><T92/><D123/><U73/><E71/><V107/><F111/><W27/><G134/><T38/><D38/><U1/><E1/><V98/><F32/><W67/><G117/><T31/><D119/><U81/><E110/><V13/><F61/><W68/><G68/><T115/><D108/><U60/><E132/><V130/><F130/><W112/><G112/><T120/><D115/><U133/><E133/><V79/><F79/><W39/><G39/><T126/><D120/><U51/><E101/><N who="2" m="38411" /><F107/><W58/><G35/><T55/><D75/><U89/><E124/><N who="0" m="47657" /><D135/><U17/><REACH who="1" step="1"/><E89/><REACH who="1" ten="250,240,250,250" step="2"/><V49/><F45/><W9/><G90/><T2/><D2/><U24/><E24/><V3/><F3/><W104/><G58/><AGARI ba="0,1" hai="10,15,17,44,51,52,53,58,60,72,73,74,80,81" machi="58" ten="40,8000,1" yaku="1,1,52,1,54,1,53,2" doraHai="14" doraHaiUra="77" who="1" fromWho="3" sc="250,0,240,90,250,0,250,-80" /><INIT seed="1,0,0,3,2,8" ten="250,330,250,170" oya="1" hai0="93,131,115,47,73,50,32,7,54,114,37,19,103" hai1="118,116,39,126,61,133,59,17,132,75,134,78,52" hai2="119,129,105,109,45,29,97,33,5,124,48,120,122" hai3="135,20,63,12,41,46,123,0,104,51,111,69,18"/><U27/><E39/><V30/><F119/><W72/><G123/><T67/><D131/><U42/><E42/><V22/><F33/><W87/><G72/><T43/><D73/><U113/><E113/><V117/><F117/><W13/><G0/><T55/><D32/><U125/><E116/><V96/><F129/><W53/><G104/><T86/><D7/><U121/><E121/><V66/><F66/><W15/><G111/><T58/><D67/><U82/><E118/><V100/><F109/><W91/><G135/><T64/><D64/><U6/><E6/><V1/><F124/><N who="1" m="47721" /><E27/><V38/><F38/><W92/><G69/><T34/><D34/><U35/><E35/><V60/><F60/><W44/><G63/><T2/><D2/><U130/><E17/><V56/><F5/><W95/><G95/><T40/><D40/><U62/><E130/><V57/><F1/><W98/><G98/><T83/><D19/><U25/><E25/><V108/><F97/><W81/><G92/><T31/><D93/><U26/><E26/><V76/><F108/><W65/><G65/><T71/><D71/><U70/><E70/><V128/><F128/><W79/><G79/><T3/><D3/><U23/><E23/><V80/><F22/><W14/><G14/><T99/><D115/><U74/><E75/><N who="2" m="43039" /><F122/><W9/><G20/><T107/><D114/><U90/><E90/><V4/><F120/><W106/><G106/><T112/><D112/><U110/><E110/><V84/><F4/><W94/><G94/><T16/><D107/><U21/><E21/><V36/><F105/><RYUUKYOKU ba="0,0" sc="250,-15,330,15,250,-15,170,15" hai1="52,59,61,62,74,78,82,132,133,134" hai3="9,12,13,15,18,41,44,46,51,53,81,87,91" /><INIT seed="1,1,0,3,1,9" ten="235,345,235,185" oya="1" hai0="63,90,87,35,93,66,132,105,25,131,122,13,31" hai1="22,19,70,59,14,15,83,40,48,109,114,75,18" hai2="51,8,39,29,30,115,125,98,111,82,42,74,4" hai3="53,52,126,81,79,26,102,120,73,64,34,11,67"/><U134/><E70/><V56/><F115/><W88/><G120/><T16/><D131/><U10/><E114/><V38/><F125/><W92/><G102/><T130/><D130/><U110/><E134/><V116/><F116/><W65/><G126/><T55/><D122/><U21/><E10/><V127/><F127/><W85/><REACH who="3" step="1"/><G11/><REACH who="3" ten="235,345,235,175" step="2"/><T99/><D132/><U118/><E118/><V28/><F111/><W0/><G0/><T44/><D105/><U45/><E109/><V6/><F8/><W78/><G78/><T68/><D99/><U36/><E110/><V41/><F98/><W77/><G77/><T17/><D13/><U43/><E14/><V95/><F6/><W57/><G57/><T89/><D89/><U23/><E59/><V20/><F4/><W69/><G69/><T100/><D100/><U62/><E15/><V49/><F56/><W91/><G91/><T86/><D90/><U133/><E133/><V135/><F135/><W32/><G32/><T106/><D35/><U76/><E22/><V107/><F20/><W5/><G5/><T128/><D106/><U96/><E23/><V72/><F107/><W101/><G101/><T58/><D68/><U7/><E7/><V60/><F95/><W112/><G112/><T33/><D128/><U129/><E21/><V61/><F30/><AGARI ba="1,1" hai="26,30,34,52,53,64,65,67,73,79,81,85,88,92" machi="30" ten="40,5200,0" yaku="1,1,54,2,53,0" doraHai="9" doraHaiUra="97" who="3" fromWho="2" sc="235,0,345,0,235,-55,175,65" /><INIT seed="2,0,0,0,2,58" ten="235,345,180,240" oya="2" hai0="40,51,45,135,77,53,15,9,63,11,119,85,103" hai1="92,71,80,107,111,52,4,82,112,96,134,115,131" hai2="122,10,13,18,66,37,36,0,24,1,35,86,79" hai3="6,118,44,126,42,129,60,22,68,72,26,70,83"/><V93/><F122/><W127/><G118/><T95/><D119/><U117/><E117/><V41/><F66/><W38/><G129/><T16/><D135/><U61/><E107/><V56/><F56/><W99/><G6/><T87/><D77/><U94/><E111/><V8/><F8/><W81/><G99/><N who="0" m="59903" /><D11/><U106/><E4/><V102/><F102/><W84/><G72/><T124/><D124/><N who="3" m="47657" /><G60/><T91/><D91/><U32/><E61/><V125/><F125/><W20/><G20/><T114/><D114/><U59/><E96/><V23/><F35/><W101/><G101/><T110/><D110/><U19/><E71/><N who="3" m="27178" /><G84/><N who="0" m="32331" /><D63/><U100/><E100/><V113/><F113/><W98/><G98/><T48/><D48/><U108/><E108/><V27/><F36/><W65/><G65/><T105/><D105/><U21/><E106/><V3/><F10/><W89/><G89/><T5/><D5/><U33/><E33/><V28/><F28/><AGARI ba="0,0" hai="22,26,28,38,42,44,81,83" m="27178,47657" machi="28" ten="30,1000,0" yaku="18,1" doraHai="58" who="3" fromWho="2" sc="235,0,345,0,180,-10,240,10" /><INIT seed="3,0,0,4,0,110" ten="235,345,170,250" oya="3" hai0="102,40,5,7,35,130,79,106,6,8,48,53,111" hai1="33,17,83,2,85,98,43,89,18,19,42,34,96" hai2="65,55,131,20,27,116,12,30,25,70,94,82,62" hai3="118,59,1,72,21,63,64,86,100,66,90,92,101"/><W105/><G118/><T9/><D111/><U31/><E2/><V56/><F116/><W93/><G1/><T39/><D35/><U88/><E31/><V57/><F131/><W126/><G72/><T84/><D130/><U87/><E18/><V61/><F82/><AGARI ba="0,0" hai="17,19,33,34,42,43,82,83,85,87,88,89,96,98" machi="82" ten="25,3200,0" yaku="22,2,54,1" doraHai="110" who="1" fromWho="2" sc="235,0,345,32,170,-32,250,0" /><INIT seed="4,0,0,2,4,53" ten="235,377,138,250" oya="0" hai0="93,28,130,2,105,37,127,34,75,22,107,27,109" hai1="122,102,5,10,57,112,129,77,108,91,83,38,39" hai2="80,8,42,29,111,84,52,61,99,0,36,95,65" hai3="17,44,11,32,21,35,64,106,113,3,90,25,12"/><T132/><RYUUKYOKU type="yao9" ba="0,0" sc="235,0,377,0,138,0,250,0" hai0="2,22,27,28,34,37,75,93,105,107,109,127,130,132" /><INIT seed="4,1,0,4,3,1" ten="235,377,138,250" oya="0" hai0="107,79,18,0,35,78,128,115,52,43,16,51,91" hai1="2,130,5,87,93,131,95,99,88,70,92,7,86" hai2="63,125,61,66,77,46,129,47,53,114,83,41,105" hai3="10,39,135,56,89,24,38,31,103,96,122,76,62"/><T11/><D107/><U75/><E70/><V80/><F105/><W29/><G135/><T42/><D35/><U34/><E34/><V57/><F114/><W120/><G89/><T69/><D69/><U121/><E121/><N who="3" m="46698" /><G76/><N who="0" m="29227" /><D115/><U40/><E75/><V102/><F125/><W71/><G71/><T84/><D0/><U106/><E40/><N who="0" m="15401" /><D11/><U100/><E2/><V94/><F129/><N who="1" m="49161" /><E86/><V118/><F118/><W98/><G10/><T3/><D3/><U111/><E111/><V82/><F77/><W50/><G50/><T90/><D128/><U48/><E48/><V123/><F123/><W67/><G98/><T133/><D133/><U108/><E108/><V68/><REACH who="2" step="1"/><F41/><REACH who="2" ten="235,377,128,250" step="2"/><W126/><G126/><T55/><D55/><U110/><E110/><V58/><F58/><W21/><G38/><T25/><D25/><U127/><E127/><V60/><F60/><W13/><G39/><T44/><D91/><U49/><E49/><V85/><F85/><W37/><G37/><T64/><D64/><U116/><E116/><V6/><F6/><AGARI ba="1,1" hai="5,6,7,87,88,92,93,95,99,100,106" m="49161" machi="6" ten="30,8000,1" yaku="19,1,52,3,54,1" doraHai="1" who="1" fromWho="2" sc="235,0,377,93,128,-83,250,0" /><INIT seed="5,0,0,4,0,66" ten="235,470,45,250" oya="1" hai0="123,74,124,121,7,41,57,18,46,78,43,25,2" hai1="85,3,38,42,12,0,110,5,53,111,90,24,21" hai2="80,36,132,23,34,51,40,82,87,108,126,76,35" hai3="52,19,47,95,11,32,20,37,17,68,54,28,10"/><U64/><E64/><V93/><F36/><W104/><G104/><T131/><D131/><U70/><E70/><V29/><F108/><W61/><G32/><T59/><D124/><U65/><E65/><V33/><F126/><W6/><G68/><T114/><D114/><U81/><E42/><V112/><F132/><W102/><G28/><T92/><D92/><U39/><E39/><V133/><F133/><W26/><G19/><T113/><D113/><U69/><E69/><V77/><F112/><W48/><G37/><N who="0" m="21807" /><D43/><U13/><E38/><V94/><F29/><W91/><G102/><T115/><D115/><U88/><E53/><V105/><F105/><W14/><G11/><N who="0" m="2551" /><D18/><U31/><E90/><V129/><F129/><W118/><G118/><T4/><D25/><U63/><E63/><V9/><F23/><W120/><G120/><N who="0" m="46155" /><D4/><U122/><E122/><V86/><REACH who="2" step="1"/><F9/><REACH who="2" ten="235,470,35,250" step="2"/><W127/><G127/><T98/><D98/><U134/><E134/><V103/><F103/><W84/><G61/><T16/><D16/><U58/><E110/><V135/><F135/><W96/><G96/><T62/><D62/><U101/><E101/><V107/><F107/><W72/><G17/><T15/><D15/><U130/><E12/><V8/><F8/><W49/><G20/><T117/><D117/><U89/><E13/><V44/><AGARI ba="0,1" hai="33,34,35,40,44,51,76,77,80,82,86,87,93,94" machi="44" ten="40,12000,2" yaku="1,1,0,1,9,1,53,3" doraHai="66" doraHaiUra="30" who="2" fromWho="2" sc="235,-30,470,-60,35,130,250,-30" /><INIT seed="6,0,0,0,2,17" ten="205,410,165,220" oya="2" hai0="20,89,130,90,113,88,76,75,59,102,40,22,31" hai1="15,0,101,109,79,24,71,92,110,122,93,37,53" hai2="120,57,66,50,35,97,61,72,45,30,131,96,100" hai3="6,103,46,87,69,115,47,81,42,5,85,112,63"/><V58/><F120/><W129/><G129/><T62/><D130/><U12/><E0/><V108/><F72/><W26/><G103/><T33/><D113/><N who="3" m="43593" /><G47/><T111/><D111/><U28/><E37/><V48/><F131/><W104/><G104/><T13/><D102/><U123/><E71/><V77/><F108/><W65/><G26/><N who="0" m="16855" /><D33/><U1/><E1/><V16/><F35/><W83/><G85/><T23/><D75/><U27/><E101/><V94/><F30/><W7/><G87/><T128/><D128/><U116/><E79/><V4/><F77/><W68/><G68/><T44/><D13/><U8/><E28/><V86/><F86/><W32/><G32/><T127/><D127/><U135/><E8/><V34/><F34/><W78/><G78/><T25/><D25/><U43/><E43/><N who="2" m="24639" /><F96/><W3/><G3/><T99/><D99/><U67/><E116/><V10/><F97/><W117/><G117/><T106/><D106/><U125/><E125/><V107/><F107/><W29/><G29/><T84/><D84/><U2/><E2/><N who="2" m="279" /><F100/><W56/><G69/><T49/><D76/><U118/><E118/><V18/><F94/><W36/><AGARI ba="0,0" hai="5,6,7,36,42,46,56,63,65,81,83" m="43593" machi="36" ten="30,2000,0" yaku="15,1,11,1" doraHai="17" who="3" fromWho="3" sc="205,-5,410,-5,165,-10,220,20" /><INIT seed="7,0,0,1,1,62" ten="200,405,155,240" oya="3" hai0="84,15,123,83,132,110,108,77,57,7,55,96,71" hai1="23,78,94,9,36,121,99,72,91,104,105,30,128" hai2="41,47,131,86,109,126,100,11,50,65,88,25,19" hai3="3,115,46,32,40,74,81,52,69,70,22,53,2"/><W66/><G32/><T102/><D71/><U111/><E121/><V31/><F109/><W125/><G22/><T103/><D123/><U113/><E111/><V54/><F131/><W95/><G95/><T35/><D35/><U79/><E36/><V117/><F117/><W59/><G81/><T34/><D34/><U14/><E113/><V21/><F126/><W24/><G24/><T45/><D45/><U8/><E128/><V82/><F100/><W119/><G74/><T129/><D129/><U92/><E72/><V29/><F11/><W101/><G101/><T118/><D118/><U97/><E104/><V20/><F65/><W134/><G70/><T63/><D103/><N who="1" m="60855" /><E105/><V51/><REACH who="2" step="1"/><F20/><REACH who="2" ten="200,405,145,240" step="2"/><W127/><G66/><T64/><D64/><U38/><E8/><V112/><F112/><W39/><G115/><T48/><D108/><U43/><E30/><V130/><F130/><W116/><G116/><T107/><D110/><U6/><E14/><V85/><F85/><W80/><G119/><T60/><D132/><U61/><E9/><V106/><F106/><W89/><G134/><T49/><D15/><U28/><E23/><V12/><F12/><W0/><G127/><T68/><D7/><U93/><E6/><V1/><F1/><W135/><G125/><T13/><D13/><U16/><E28/><V44/><AGARI ba="0,1" hai="19,21,25,29,31,41,44,47,50,51,54,82,86,88" machi="44" ten="20,8000,1" yaku="1,1,0,1,7,1,8,1,54,1,53,0" doraHai="62" doraHaiUra="124" who="2" fromWho="2" sc="200,-20,405,-20,145,90,240,-40" owari="180,-32.0,385,48.0,235,4.0,200,-20.0" /></mjloggm>