<mjloggm ver="2.3"><GO type="169" lobby="0"/><UN n0="%E3%83%9A%E3%83%81%E3%83%A7%E3%83%BC%E3%83%AA%E3%83%B3" n1="%E6%93%8D" n2="%E3%82%A6%E3%83%AB%E3%83%88%E3%83%A9%E7%AB%8B%E7%9B%B4" n3="%E9%9B%80%E5%A3%AB%E3%81%AC%E3%82%8B%E3%82%8A%E3%82%93" dan="16,16,17,16" rate="2107.47,2074.47,2155.51,2134.07" sx="M,M,M,M"/><TAIKYOKU oya="0"/><INIT seed="0,0,0,3,0,30" ten="250,250,250,250" oya="0" hai0="12,68,49,2,43,72,91,56,53,1,31,117,35" hai1="23,60,116,25,97,0,96,135,16,100,107,47,64" hai2="14,65,109,44,5,19,40,17,27,88,28,37,74" hai3="33,57,94,8,99,127,42,58,124,101,122,70,10"/><T115/><D115/><U85/><BYE who="0" /><E0/><UN n0="%E3%83%9A%E3%83%81%E3%83%A7%E3%83%BC%E3%83%AA%E3%83%B3" /><V90/><F109/><W22/><G70/><T130/><D117/><U29/><E116/><V26/><F74/><W86/><G122/><T52/><D68/><U63/><E135/><V133/><F133/><W73/><G73/><T41/><D72/><U126/><E126/><V69/><F5/><W6/><G42/><T39/><D130/><U121/><E121/><V7/><F7/><W110/><G110/><T114/><D114/><U125/><E125/><N who="3" m="48202" /><G33/><T32/><D31/><U76/><E47/><V24/><F28/><W78/><G22/><T81/><D12/><U106/><E64/><V4/><F4/><W113/><G113/><T34/><D53/><U98/><E100/><V112/><F112/><W84/><G10/><T38/><D43/><U18/><E107/><V62/><REACH who="2" step="1"/><F19/><REACH who="2" ten="250,250,240,250" step="2"/><W45/><G45/><T120/><D120/><U102/><E18/><V3/><F3/><N who="3" m="95" /><G78/><T36/><REACH who="0" step="1"/><D41/><REACH who="0" ten="240,250,240,250" step="2"/><U50/><E29/><V104/><F104/><W20/><G20/><AGARI ba="0,2" hai="14,17,20,24,26,27,37,40,44,62,65,69,88,90" machi="20" ten="40,8000,1" yaku="1,1,54,1,53,2" doraHai="30" doraHaiUra="87" who="2" fromWho="3" sc="240,0,250,0,240,100,250,-80" /><INIT seed="1,0,0,2,5,20" ten="240,250,340,170" oya="1" hai0="117,78,48,72,59,100,36,129,61,41,102,40,74" hai1="53,7,67,131,35,92,99,121,24,19,44,108,54" hai2="8,101,60,83,42,37,51,5,109,23,134,65,50" hai3="28,10,86,132,133,115,69,34,111,16,6,33,87"/><U93/><E121/><V125/><F109/><W70/><G115/><T1/><D1/><U62/><E131/><V73/><F125/><W91/><G111/><T110/><D110/><U76/><E76/><N who="2" m="44431" /><F23/><W17/><G91/><T29/><D29/><U57/><E7/><V88/><F88/><W4/><G28/><T97/><D117/><U89/><E108/><V98/><F98/><W107/><G10/><T85/><D129/><U39/><E39/><V64/><F101/><W68/><G68/><T95/><D100/><U12/><E44/><N who="2" m="23631" /><F64/><W126/><REACH who="3" step="1"/><G107/><REACH who="3" ten="240,250,340,160" step="2"/><T66/><D36/><U11/><E35/><V49/><F134/><W32/><G32/><T104/><D104/><U55/><E93/><V30/><F30/><W25/><G25/><AGARI ba="0,1" hai="11,12,19,24,25,53,54,55,57,62,67,89,92,99" machi="25" ten="40,7700,0" yaku="8,1,52,2" doraHai="20" who="1" fromWho="3" sc="240,0,250,87,340,0,160,-77" /><INIT seed="1,1,0,4,1,108" ten="240,337,340,83" oya="1" hai0="94,4,92,54,59,73,26,122,82,127,39,93,17" hai1="43,90,115,104,62,102,96,20,38,52,34,24,109" hai2="132,123,61,71,6,41,128,72,119,76,68,100,12" hai3="126,51,105,53,8,18,42,10,99,118,32,44,56"/><U47/><E115/><V19/><F6/><W36/><G126/><T48/><D127/><U101/><E34/><V116/><F12/><W46/><G118/><T45/><D4/><U98/><E109/><V69/><F19/><W57/><G32/><T130/><D130/><U0/><E0/><V84/><F84/><W29/><G29/><T74/><D122/><U60/><E90/><V23/><F23/><W81/><G105/><T135/><D135/><U107/><REACH who="1" step="1"/><E52/><REACH who="1" ten="240,327,340,83" step="2"/><V87/><F123/><W89/><G53/><T133/><D133/><U131/><E131/><V25/><F128/><W30/><G89/><T77/><D54/><U70/><E70/><V125/><F71/><W64/><G56/><T78/><D59/><U110/><E110/><V21/><F69/><W79/><G57/><T75/><D45/><U40/><E40/><V124/><F41/><W37/><G42/><T2/><D2/><U112/><E112/><V117/><F132/><W27/><G64/><T86/><D77/><U103/><E103/><V28/><F100/><W22/><G79/><T134/><D134/><U3/><E3/><V106/><F125/><W31/><G46/><T49/><D39/><U1/><E1/><V5/><F124/><W13/><G37/><T113/><D113/><U97/><E97/><V33/><F117/><W16/><G36/><T14/><D49/><U58/><E58/><V65/><F119/><W83/><G99/><T121/><D48/><U114/><E114/><V11/><F116/><W7/><G51/><T120/><D78/><U95/><E95/><V9/><F76/><RYUUKYOKU ba="1,1" sc="240,-10,327,30,340,-10,83,-10" hai1="20,24,38,43,47,60,62,96,98,101,102,104,107" /><INIT seed="1,2,1,0,4,38" ten="230,357,330,73" oya="1" hai0="44,41,49,27,17,77,15,96,30,54,52,31,120" hai1="132,107,20,81,35,67,26,98,32,12,74,135,131" hai2="117,34,84,23,28,121,106,39,1,119,3,22,105" hai3="123,87,109,58,110,2,14,66,21,127,118,102,24"/><U50/><E67/><V78/><F84/><W18/><G2/><N who="2" m="521" /><F78/><W70/><G123/><T29/><D120/><U76/><E12/><V33/><F121/><W69/><G127/><T95/><D77/><U60/><E60/><V86/><F86/><W62/><G118/><N who="2" m="45065" /><F28/><N who="3" m="17423" /><G102/><N who="0" m="60703" /><D27/><U79/><E98/><V108/><F108/><N who="3" m="41579" /><G87/><T133/><D133/><U124/><E124/><V125/><F125/><W89/><G89/><T42/><D54/><U55/><E79/><V94/><F94/><W116/><G116/><T73/><D73/><U25/><E135/><V100/><F100/><W99/><G99/><T36/><D36/><U4/><E132/><V45/><F23/><AGARI ba="2,1" hai="14,18,23,58,62,66,69,70" m="41579,17423" machi="23" ten="30,1000,0" yaku="14,1" doraHai="38" who="3" fromWho="2" sc="230,0,357,0,330,-16,73,26" /><AGARI ba="2,0" hai="15,17,23,29,30,31,41,42,44,49,52" m="60703" machi="23" ten="30,7700,0" yaku="8,1,52,2,54,1" doraHai="38" who="0" fromWho="2" sc="230,77,357,0,314,-77,99,0" /><INIT seed="2,0,0,2,1,69" ten="307,357,237,99" oya="2" hai0="79,65,0,124,87,52,2,122,37,77,94,63,29" hai1="71,4,57,45,68,132,44,14,43,70,30,75,61" hai2="5,84,80,76,92,106,126,40,111,11,82,133,83" hai3="39,18,50,3,38,81,103,115,58,105,60,118,6"/><V35/><F106/><W13/><G118/><T42/><D122/><U23/><E75/><V100/><F35/><W120/><G120/><T129/><D129/><U98/><E98/><V1/><F126/><W78/><G50/><T59/><D124/><U102/><E102/><V22/><F133/><W117/><G117/><T85/><D29/><U128/><E30/><V72/><F111/><W62/><G62/><T131/><D131/><U21/><E132/><V53/><F22/><W123/><G123/><T10/><D65/><U107/><E107/><V127/><F127/><W121/><G121/><T8/><D8/><U26/><E26/><V101/><F53/><W7/><G115/><T25/><D25/><U99/><E99/><V67/><F67/><W66/><G103/><T17/><D2/><U16/><E23/><V114/><F114/><W110/><G110/><T89/><D87/><U27/><E128/><V24/><F24/><W108/><G105/><T15/><REACH who="0" step="1"/><D0/><REACH who="0" ten="297,357,237,99" step="2"/><U55/><E27/><V135/><F135/><W96/><G108/><T49/><D49/><U33/><E33/><V36/><F83/><W97/><G97/><T28/><D28/><U125/><E125/><V95/><F92/><W54/><G96/><T112/><D112/><U73/><E73/><V113/><F95/><W31/><G31/><T90/><D90/><U64/><E64/><V51/><F51/><W134/><G134/><T46/><AGARI ba="0,1" hai="10,15,17,37,42,46,52,59,63,77,79,85,89,94" machi="46" ten="30,8000,1" yaku="1,1,0,1,52,1,54,1,53,1" doraHai="69" doraHaiUra="12" who="0" fromWho="0" sc="297,90,357,-20,237,-40,99,-20" /><INIT seed="3,0,0,3,1,41" ten="387,337,197,79" oya="3" hai0="17,95,68,57,129,7,58,80,27,21,36,30,125" hai1="92,119,13,90,53,29,114,124,8,74,19,79,96" hai2="113,52,66,135,93,97,37,77,38,51,46,131,20" hai3="5,89,42,99,122,134,49,14,12,10,78,81,43"/><W108/><G122/><T106/><D106/><U120/><E120/><V60/><F113/><W84/><G134/><T115/><D68/><U31/><E114/><V50/><F135/><W63/><G108/><T117/><D36/><U101/><E124/><V6/><F131/><W33/><G33/><T61/><D7/><U22/><E79/><V112/><F112/><W54/><G63/><T123/><D115/><U23/><E74/><V45/><F6/><W116/><G116/><T2/><D2/><U72/><E72/><V85/><F20/><W75/><G14/><T34/><D117/><U32/><E32/><V133/><F85/><W59/><REACH who="3" step="1"/><G99/><REACH who="3" ten="387,337,197,69" step="2"/><T65/><D34/><U64/><E119/><V48/><F133/><W70/><G70/><T18/><D61/><U11/><E13/><V121/><F121/><W86/><G86/><T102/><D123/><U67/><E96/><V3/><F3/><W15/><G15/><T110/><D110/><U132/><E132/><V88/><F77/><W1/><G1/><T62/><D62/><U126/><E126/><V69/><REACH who="2" step="1"/><F51/><REACH who="2" ten="387,337,187,69" step="2"/><W91/><G91/><T4/><D129/><U98/><E90/><V109/><F109/><W130/><G130/><T111/><D111/><U87/><E87/><V71/><F71/><W118/><G118/><T83/><D125/><U0/><E0/><V76/><F76/><W105/><G105/><T16/><D4/><U127/><E127/><V94/><F94/><AGARI ba="0,2" hai="5,10,12,42,43,49,54,59,75,78,81,84,89,94" machi="94" ten="30,5800,0" yaku="1,1,7,1,53,1" doraHai="41" doraHaiUra="107" who="3" fromWho="2" sc="387,0,337,0,187,-58,69,78" /><INIT seed="3,1,0,3,1,29" ten="387,337,129,147" oya="3" hai0="7,59,94,89,68,109,128,123,103,2,107,116,100" hai1="96,112,81,73,30,18,134,34,35,90,67,57,126" hai2="98,6,60,47,48,108,106,28,122,71,23,76,42" hai3="16,17,39,20,101,92,129,118,135,53,70,32,36"/><W8/><BYE who="2" /><G118/><T38/><D68/><U37/><E37/><UN n2="%E3%82%A6%E3%83%AB%E3%83%88%E3%83%A9%E7%AB%8B%E7%9B%B4" /><V83/><F108/><W15/><G70/><T125/><D38/><U54/><E67/><V19/><F122/><W91/><G101/><T55/><D7/><U110/><E30/><V51/><F28/><W26/><G135/><T25/><D2/><U78/><E110/><V45/><F6/><W43/><G129/><T58/><D58/><U113/><E134/><V46/><F71/><W117/><G117/><T132/><D25/><U74/><E74/><V40/><F60/><W93/><G93/><T97/><D59/><U24/><E126/><V130/><F130/><W114/><G114/><N who="1" m="44138" /><E18/><V49/><F98/><W133/><G133/><T5/><D5/><U9/><E9/><V13/><REACH who="2" step="1"/><F106/><REACH who="2" ten="387,337,119,147" step="2"/><W22/><G17/><T33/><D107/><U12/><E96/><V3/><F3/><W69/><G69/><T72/><D109/><U27/><E73/><AGARI ba="1,1" hai="13,19,23,40,42,45,46,47,48,49,51,73,76,83" machi="73" ten="40,2600,0" yaku="1,1,53,1" doraHai="29" doraHaiUra="11" who="2" fromWho="1" sc="387,0,337,-29,119,39,147,0" /><INIT seed="4,0,0,5,2,4" ten="387,308,158,147" oya="0" hai0="96,64,97,135,73,84,14,23,41,52,120,86,131" hai1="29,124,109,75,114,33,16,3,48,51,46,21,132" hai2="107,45,11,30,134,20,26,76,54,98,80,12,44" hai3="55,50,34,79,69,92,88,127,123,105,100,89,68"/><T40/><D120/><U83/><E109/><V101/><F134/><W32/><G79/><T49/><D73/><U82/><E29/><V22/><F22/><W13/><G123/><T94/><D64/><U35/><E132/><V18/><REACH who="2" step="1"/><F54/><REACH who="2" ten="387,308,148,147" step="2"/><W72/><G34/><T2/><D135/><U37/><E35/><V85/><AGARI ba="0,1" hai="11,12,18,20,26,30,44,45,76,80,85,98,101,107" machi="85" ten="20,8000,1" yaku="1,1,2,1,0,1,7,1,52,1,53,0" doraHai="4" doraHaiUra="129" who="2" fromWho="2" sc="387,-40,308,-20,148,90,147,-20" /><INIT seed="5,0,0,0,2,32" ten="347,288,238,127" oya="1" hai0="118,10,50,61,71,22,26,43,91,94,41,87,7" hai1="112,33,132,39,5,30,53,128,108,36,113,129,14" hai2="85,133,67,63,19,109,56,46,110,117,47,0,75" hai3="54,55,12,82,59,65,72,130,95,102,104,11,125"/><U77/><E77/><V15/><F75/><W78/><G130/><N who="1" m="50282" /><E30/><V21/><F117/><W60/><G125/><T120/><D118/><U131/><E33/><V29/><F133/><W52/><G104/><T13/><D120/><U70/><E70/><V79/><F29/><W6/><G102/><T116/><D116/><U97/><E97/><V62/><F0/><W37/><G37/><T24/><D24/><U98/><E98/><V101/><F101/><W103/><G103/><T68/><D68/><U127/><E108/><V74/><F74/><W100/><G100/><T51/><D61/><U121/><E121/><V40/><F63/><W3/><G95/><T134/><D71/><U73/><E73/><V8/><F79/><W45/><REACH who="3" step="1"/><G12/><REACH who="3" ten="347,288,238,117" step="2"/><T81/><D134/><U4/><E14/><V115/><F15/><W86/><G86/><T66/><D94/><U126/><E131/><V122/><F85/><W84/><G84/><T49/><D66/><U44/><E39/><V28/><F122/><W88/><G88/><T38/><D38/><U114/><E36/><V80/><F67/><W27/><G27/><T123/><D123/><U124/><E132/><V18/><F110/><W111/><G111/><T48/><N who="0" m="12288" /><DORA hai="23" /><T76/><D91/><U135/><E135/><V42/><F109/><W17/><G17/><AGARI ba="0,1" hai="7,10,13,17,22,26,41,43,76,81,87" m="12288" machi="17" ten="50,3200,0" yaku="8,1,52,1" doraHai="32,23" who="0" fromWho="3" sc="347,42,288,0,238,0,117,-32" /><INIT seed="6,0,0,1,5,57" ten="389,288,238,85" oya="2" hai0="104,82,56,41,133,30,85,95,17,90,63,6,15" hai1="1,14,13,72,18,36,58,93,88,74,52,121,120" hai2="73,118,35,24,128,37,4,33,16,59,20,44,83" hai3="80,109,9,110,60,26,77,135,49,62,61,53,98"/><V71/><F71/><W132/><G98/><T108/><D104/><U81/><E36/><V38/><F118/><W124/><G26/><T125/><D108/><U11/><E14/><V76/><F128/><W106/><G106/><T100/><D41/><U48/><E1/><V2/><F38/><W119/><G9/><T127/><D30/><U99/><REACH who="1" step="1"/><E81/><REACH who="1" ten="389,278,238,85" step="2"/><V29/><F2/><W51/><G119/><T70/><D15/><U68/><E68/><V50/><F4/><W122/><G122/><AGARI ba="0,1" hai="11,13,18,48,52,58,72,74,88,93,99,120,121,122" machi="122" ten="40,8000,1" yaku="1,1,13,1,54,2,53,0" doraHai="57" doraHaiUra="114" who="1" fromWho="3" sc="389,0,278,90,238,0,85,-80" /><INIT seed="7,0,0,4,1,114" ten="389,368,238,5" oya="3" hai0="49,75,29,64,97,55,9,57,116,126,54,34,130" hai1="117,78,46,39,27,63,89,69,127,60,131,85,31" hai2="74,35,36,115,104,98,56,108,93,84,95,109,18" hai3="5,86,53,123,79,70,23,77,80,25,112,11,28"/><W24/><G112/><T111/><D75/><U62/><E78/><V10/><F35/><W129/><G123/><T12/><D111/><U101/><E101/><V119/><F36/><W135/><G70/><T7/><D126/><U92/><E127/><V87/><F56/><W37/><G37/><T120/><D120/><U82/><E131/><V91/><F18/><W100/><G129/><T20/><D34/><U59/><E69/><V66/><F10/><W99/><G135/><T8/><D8/><U125/><E125/><V90/><F66/><W22/><G53/><T14/><D130/><U107/><E107/><V2/><F2/><W110/><G110/><T44/><D64/><U51/><E39/><V50/><F50/><W21/><G77/><T122/><D122/><U73/><E73/><V103/><F115/><W43/><G43/><T128/><D128/><U94/><E59/><V40/><F40/><W81/><G81/><T33/><D33/><U121/><E121/><V15/><F15/><N who="3" m="5615" /><G28/><T58/><D29/><U134/><E134/><V26/><F26/><W76/><G76/><T132/><D132/><U3/><E3/><V13/><F13/><W65/><G65/><T47/><D54/><U105/><E105/><V102/><F74/><W124/><G124/><T52/><D55/><U16/><E31/><V71/><F71/><W1/><G1/><T88/><D52/><N who="1" m="29815" /><E117/><V6/><F119/><W41/><G41/><T133/><D116/><U45/><E45/><V67/><F67/><W61/><G61/><N who="1" m="15618" /><U48/><DORA hai="19" /><E48/><V30/><F30/><W68/><G68/><RYUUKYOKU ba="0,0" sc="389,-15,368,15,238,-15,5,15" hai1="16,27,82,85,89,92,94" hai3="21,22,23,24,25,79,80,86,99,100" /><INIT seed="7,1,0,3,0,31" ten="374,383,223,20" oya="3" hai0="109,134,42,77,121,120,56,122,70,83,132,131,30" hai1="119,92,63,133,74,79,46,27,12,107,35,73,91" hai2="100,58,126,17,66,26,61,5,68,29,44,7,108" hai3="24,28,13,4,101,112,3,96,75,78,43,23,55"/><W67/><G112/><T54/><D70/><U80/><E107/><V49/><F108/><W71/><G3/><T115/><D109/><U34/><E74/><V81/><F126/><W106/><G43/><T114/><D42/><U39/><E39/><V51/><F17/><W0/><G55/><T22/><D22/><U117/><E46/><V124/><F124/><W111/><G111/><T32/><D30/><U99/><E27/><V50/><F44/><W62/><G0/><T18/><D18/><U38/><E38/><V1/><F58/><W8/><G78/><T16/><D16/><U14/><E63/><V97/><F81/><W15/><G75/><N who="0" m="43455" /><D32/><N who="1" m="12331" /><E133/><N who="0" m="51305" /><D131/><U128/><E128/><V19/><F19/><W33/><G23/><T82/><D82/><U59/><E59/><V94/><F1/><W53/><G53/><T48/><AGARI ba="1,0" hai="48,54,56,114,115,120,121,122" m="51305,43455" machi="48" ten="40,1500,0" yaku="20,1" doraHai="31" who="0" fromWho="0" sc="374,18,383,-5,223,-5,20,-8" owari="392,49.0,378,18.0,218,-18.0,12,-49.0" /></mjloggm>