<mjloggm ver="2.3"><GO type="169" lobby="0"/><UN n0="%68%61%72%75%72%75%39%31" n1="%E3%83%AB%E3%83%8D%E3%82%B9%E3%82%BF" n2="%E5%B0%B1%E6%B4%BB%E7%94%9F%40%E5%B7%9D%E6%9D%91%E8%BB%8D%E5%9B%A3" n3="%64%6F%6E%63%68%61%6E%33" dan="16,16,17,16" rate="2064.96,2088.68,2210.93,2114.29" sx="M,M,M,M"/><TAIKYOKU oya="0"/><INIT seed="0,0,0,1,2,19" ten="250,250,250,250" oya="0" hai0="111,82,78,63,53,47,95,109,10,115,14,113,112" hai1="8,106,40,91,39,31,27,131,92,118,70,114,21" hai2="49,43,58,25,122,59,107,46,24,22,20,125,127" hai3="11,23,54,26,33,57,94,85,1,83,77,37,116"/><T73/><D95/><U79/><E118/><V41/><F107/><W4/><G116/><T88/><D88/><U51/><E39/><V135/><F135/><W69/><G69/><T29/><D29/><U132/><E70/><V71/><F71/><W0/><G37/><T80/><D80/><U5/><E106/><V35/><F35/><W108/><G108/><N who="0" m="41547" /><D47/><N who="1" m="26087" /><E132/><V61/><F122/><W62/><G33/><T133/><D133/><U74/><E74/><V56/><F61/><W96/><G96/><T6/><D115/><U36/><E36/><V117/><F43/><W52/><G94/><T101/><D101/><U32/><E32/><V89/><F89/><W134/><G134/><T99/><D99/><N who="1" m="57759" /><E114/><V16/><REACH who="2" step="1"/><F117/><REACH who="2" ten="250,250,240,250" step="2"/><W110/><G110/><T17/><D6/><U129/><E79/><V103/><F103/><W119/><G119/><T2/><D2/><U86/><E131/><V128/><F128/><W30/><REACH who="3" step="1"/><G0/><REACH who="3" ten="250,250,240,240" step="2"/><T75/><D112/><U104/><E129/><V45/><F45/><W76/><G76/><T42/><D113/><U28/><E104/><V97/><F97/><W55/><AGARI ba="0,2" hai="1,4,11,23,26,30,52,54,55,57,62,77,83,85" machi="55" ten="20,8000,1" yaku="1,1,0,1,7,1,52,1,54,1,53,0" doraHai="19" doraHaiUra="64" who="3" fromWho="3" sc="250,-40,250,-20,240,-20,240,100" /><INIT seed="1,0,0,1,5,107" ten="210,230,220,340" oya="1" hai0="75,19,33,25,2,119,134,127,100,39,79,112,42" hai1="89,15,58,88,115,53,113,7,8,111,31,32,35" hai2="122,65,6,106,129,93,132,51,97,126,95,130,98" hai3="5,125,47,17,69,120,16,63,128,117,4,26,62"/><U103/><E113/><V0/><F0/><W86/><G120/><T80/><D19/><U12/><E115/><V108/><F6/><W73/><G73/><T60/><D60/><U44/><E111/><V85/><F65/><W81/><G128/><T3/><D112/><U55/><E103/><V68/><F68/><W61/><G125/><T64/><D64/><U20/><E35/><V77/><F51/><W57/><G117/><T121/><D121/><U133/><E32/><V9/><F9/><W76/><G69/><T131/><D131/><N who="2" m="50186" /><F122/><W36/><G36/><T48/><D48/><N who="1" m="28807" /><E133/><V109/><F132/><W13/><G47/><N who="0" m="24031" /><D119/><U105/><E105/><V74/><F74/><W70/><G70/><T27/><D100/><U84/><E84/><V22/><F22/><N who="3" m="13647" /><G57/><T96/><D127/><U38/><E38/><V34/><F34/><W124/><G124/><T56/><D134/><U49/><E15/><V116/><F116/><W37/><G37/><T29/><D27/><AGARI ba="0,0" hai="7,8,12,20,27,31,49,55,58,88,89" m="28807" machi="27" ten="30,2900,0" yaku="8,1,54,1" doraHai="107" who="1" fromWho="0" sc="210,-29,230,29,220,0,340,0" /><INIT seed="1,1,0,0,3,31" ten="181,259,220,340" oya="1" hai0="109,66,1,83,118,36,52,110,37,91,2,92,8" hai1="98,89,79,105,46,0,21,42,4,24,67,114,27" hai2="44,10,117,102,68,75,57,127,76,63,62,103,14" hai3="81,78,116,12,88,19,7,112,104,15,115,43,107"/><U108/><E114/><V39/><F117/><W113/><G116/><T129/><D118/><U41/><E27/><V65/><F127/><W80/><G43/><T6/><D129/><U82/><E108/><N who="0" m="41577" /><D1/><U17/><E67/><V40/><F76/><W51/><G51/><T71/><D71/><U120/><E120/><V128/><F75/><W90/><G7/><T23/><D23/><U106/><E89/><V29/><F29/><W96/><G15/><T74/><D66/><U77/><E42/><V56/><F128/><W11/><G80/><T121/><D121/><U134/><E134/><V132/><F132/><W16/><G19/><T125/><D125/><U133/><E133/><V48/><F39/><W26/><G26/><T20/><D20/><U13/><E98/><V93/><F93/><W28/><G28/><T54/><D83/><U135/><E135/><V100/><REACH who="2" step="1"/><F62/><REACH who="2" ten="181,259,210,340" step="2"/><W85/><REACH who="3" step="1"/><G104/><REACH who="3" ten="181,259,210,330" step="2"/><T61/><D74/><U49/><E105/><V60/><F60/><W33/><G33/><T22/><D61/><U84/><E106/><V55/><F55/><N who="0" m="21034" /><D22/><U86/><E21/><V131/><F131/><W123/><G123/><T50/><D50/><U32/><E49/><V111/><F111/><W3/><G3/><T64/><D64/><U99/><E32/><V45/><F45/><W97/><G97/><AGARI ba="1,2" hai="2,6,8,36,37,91,92,97" m="21034,41577" machi="97" ten="30,2000,0" yaku="14,1,54,1" doraHai="31" who="0" fromWho="3" sc="181,43,259,0,210,0,330,-23" /><INIT seed="2,0,0,4,1,129" ten="224,259,210,307" oya="2" hai0="55,47,25,127,101,2,15,82,63,94,132,60,58" hai1="32,13,113,118,117,119,108,24,62,109,72,97,123" hai2="41,0,130,80,67,61,92,104,59,112,11,10,131" hai3="105,5,39,90,96,81,124,16,14,46,76,35,4"/><V111/><F104/><W66/><G35/><T100/><D2/><U103/><E72/><V1/><F112/><W133/><G124/><T110/><D110/><N who="1" m="42603" /><E113/><V88/><F111/><W91/><G133/><T17/><D132/><U18/><E123/><V125/><F41/><W51/><G39/><T68/><D82/><U44/><E44/><V33/><F33/><W98/><G66/><T74/><D74/><U28/><E62/><V135/><F80/><W43/><G105/><T42/><D25/><U65/><E65/><V6/><F135/><W116/><G116/><T85/><D85/><U40/><E40/><V78/><F78/><W50/><G50/><T49/><D94/><N who="1" m="58807" /><E119/><V87/><REACH who="2" step="1"/><F125/><REACH who="2" ten="224,259,200,307" step="2"/><W12/><G76/><T45/><D127/><U95/><E95/><V56/><F56/><W134/><G81/><T75/><D68/><U19/><E19/><V106/><F106/><W38/><G134/><T73/><D42/><U69/><E69/><V34/><F34/><W27/><G38/><T53/><D58/><U120/><E120/><V9/><F9/><AGARI ba="0,1" hai="9,13,18,24,28,32,117,118" m="58807,42603" machi="9" ten="30,1000,0" yaku="14,1" doraHai="129" who="1" fromWho="2" sc="224,0,259,20,200,-10,307,0" /><INIT seed="3,0,0,5,2,10" ten="224,279,190,307" oya="3" hai0="67,37,132,52,122,19,38,107,60,18,111,121,133" hai1="97,114,13,2,94,8,72,113,39,47,71,27,50" hai2="109,66,21,91,110,24,15,16,81,119,61,82,26" hai3="31,1,30,9,118,75,117,79,5,32,35,63,57"/><W53/><G75/><T120/><D107/><U33/><E72/><V41/><F119/><W56/><G79/><T98/><D98/><U77/><E77/><V126/><F41/><W51/><G31/><T83/><D83/><N who="2" m="31754" /><F91/><W100/><G100/><T7/><D7/><U43/><E2/><V116/><F126/><W86/><G86/><T128/><D128/><U48/><E71/><V80/><N who="2" m="31762" /><V64/><DORA hai="76" /><F116/><W87/><G87/><T44/><D111/><N who="2" m="42506" /><F66/><W90/><G90/><T92/><D92/><U70/><E70/><AGARI ba="0,0" hai="15,16,21,24,26,61,64,70" m="42506,31762" machi="70" ten="40,12000,2" yaku="14,1,52,5,54,1" doraHai="10,76" who="2" fromWho="1" sc="224,0,279,-120,190,120,307,0" /><INIT seed="4,0,0,2,4,56" ten="224,159,310,307" oya="0" hai0="6,130,61,55,18,81,20,67,51,66,89,39,88" hai1="24,31,26,50,13,77,59,64,73,132,109,19,42" hai2="95,97,131,8,45,104,119,5,93,37,60,2,82" hai3="106,14,36,63,113,7,48,76,53,3,52,110,38"/><T112/><D39/><U90/><E109/><V85/><F131/><W114/><G106/><T74/><D130/><U41/><E132/><V135/><F135/><W111/><G3/><T127/><D112/><N who="3" m="43113" /><G76/><T105/><D127/><U117/><E117/><V47/><F119/><W46/><G14/><T91/><D105/><U40/><E73/><V108/><F108/><N who="3" m="41515" /><G7/><T121/><D121/><U102/><E77/><V86/><F86/><W125/><G125/><T65/><D6/><U28/><E102/><V33/><F33/><W10/><G10/><T72/><D81/><U99/><E99/><V58/><F104/><W25/><G25/><N who="1" m="9834" /><E90/><V78/><F37/><N who="3" m="14443" /><G63/><T35/><D35/><U4/><E4/><V23/><F23/><W107/><G107/><T87/><D87/><U27/><E27/><V129/><F129/><W11/><G11/><T115/><D115/><U70/><E13/><V68/><F68/><W0/><G0/><T1/><D1/><U17/><E70/><V100/><REACH who="2" step="1"/><F93/><REACH who="2" ten="224,159,300,307" step="2"/><W9/><G9/><T128/><D128/><U12/><E31/><V80/><F80/><W120/><G120/><T94/><D94/><U62/><E28/><V92/><F92/><W84/><G84/><T96/><D72/><U30/><E30/><V71/><F71/><W124/><G124/><T98/><D74/><U32/><E32/><V22/><F22/><W15/><G15/><T122/><D122/><U29/><E29/><V69/><F69/><W103/><G103/><T57/><D20/><N who="1" m="11303" /><E19/><V133/><F133/><W83/><G83/><T118/><D118/><U43/><E43/><AGARI ba="0,1" hai="43,46,48,52,53" m="14443,41515,43113" machi="43" ten="40,8000,1" yaku="6,1,15,1,34,2,54,1" doraHai="56" who="3" fromWho="1" sc="224,0,159,-80,300,0,307,90" /><INIT seed="5,0,0,5,2,22" ten="224,79,300,397" oya="1" hai0="123,114,5,81,43,112,39,100,30,77,56,15,48" hai1="68,57,31,113,108,117,89,74,35,59,130,62,28" hai2="50,95,93,129,1,76,133,75,79,105,60,20,122" hai3="127,101,21,72,84,47,10,104,26,34,80,96,40"/><U29/><E117/><V70/><F1/><W82/><G34/><T124/><D124/><U83/><E108/><V126/><F105/><W118/><G127/><T107/><D123/><U116/><E116/><V36/><F36/><W44/><G118/><T97/><D39/><U49/><E130/><V63/><F122/><W99/><G99/><T17/><D5/><U120/><E120/><V125/><F20/><W41/><G10/><T88/><D30/><U3/><E3/><V110/><F110/><W0/><G0/><T2/><D2/><U91/><E113/><V18/><F18/><W19/><G72/><T12/><D56/><U98/><E68/><V66/><F133/><W119/><G119/><T45/><D88/><U4/><E4/><V86/><F129/><W7/><G7/><T42/><D42/><U90/><E35/><V32/><F32/><W37/><G84/><T69/><D69/><U6/><E6/><V38/><F38/><AGARI ba="0,0" hai="19,21,26,37,38,40,41,44,47,80,82,96,101,104" machi="38" ten="30,3900,0" yaku="7,1,9,1,52,1" doraHai="22" who="3" fromWho="2" sc="224,0,79,0,300,-39,397,39" /><INIT seed="6,0,0,4,3,66" ten="224,79,261,436" oya="2" hai0="72,60,42,41,49,51,115,20,36,23,131,47,130" hai1="0,63,116,59,132,84,109,2,6,69,117,62,65" hai2="34,79,96,46,133,74,111,77,25,40,29,122,21" hai3="22,82,44,15,128,101,18,86,27,100,99,85,134"/><V88/><F122/><W48/><G134/><T78/><D115/><U76/><E109/><V28/><F111/><W57/><G128/><N who="0" m="49195" /><D78/><U87/><E132/><V91/><F133/><W53/><G99/><T73/><D60/><U71/><E76/><V32/><F74/><N who="0" m="28778" /><D36/><U92/><E92/><V55/><F55/><N who="3" m="30087" /><G27/><T17/><D17/><U43/><E6/><V67/><F67/><W3/><G3/><T105/><D105/><U104/><E65/><V16/><F34/><W121/><G121/><T52/><D42/><U24/><E59/><AGARI ba="0,0" hai="20,23,41,47,49,51,52,59" m="28778,49195" machi="59" ten="30,2000,0" yaku="19,1,54,1" doraHai="66" who="0" fromWho="1" sc="224,20,79,-20,261,0,436,0" /><INIT seed="7,0,0,2,3,111" ten="244,59,261,436" oya="3" hai0="128,62,126,25,43,3,133,57,91,134,23,86,17" hai1="75,13,58,63,68,95,19,66,50,42,102,40,38" hai2="16,132,120,74,7,87,104,41,34,71,14,125,105" hai3="99,98,12,78,54,80,72,118,83,29,96,32,56"/><W77/><G29/><T113/><D3/><U10/><E75/><V9/><F74/><W121/><G32/><T114/><D43/><U52/><E102/><V33/><F71/><W76/><G72/><T123/><D123/><U53/><E95/><V51/><F120/><W106/><G106/><T115/><D126/><U60/><E19/><V49/><F125/><W90/><G90/><T21/><D21/><U94/><E94/><V11/><F132/><N who="0" m="50794" /><D128/><U39/><E13/><V26/><F87/><W100/><G100/><T24/><D24/><U131/><E10/><V0/><F49/><W88/><G88/><T85/><D91/><U101/><E101/><V89/><F89/><W4/><G4/><T122/><D122/><U48/><E131/><V47/><REACH who="2" step="1"/><F26/><REACH who="2" ten="244,59,251,436" step="2"/><W30/><G121/><T112/><D112/><U36/><REACH who="1" step="1"/><E50/><REACH who="1" ten="244,49,251,436" step="2"/><V109/><F109/><W67/><G77/><T69/><D69/><U103/><E103/><V81/><F81/><W119/><G76/><T135/><D135/><U31/><E31/><V55/><F55/><AGARI ba="0,2" hai="17,23,25,55,57,62,85,86,113,114,115" m="50794" machi="55" ten="40,12000,2" yaku="15,1,11,1,20,1,52,3" doraHai="111" who="0" fromWho="2" sc="244,140,49,0,251,-120,436,0" owari="384,18.0,49,-45.0,131,-27.0,436,54.0" /></mjloggm>