<mjloggm ver="2.3"><GO type="169" lobby="0"/><UN n0="%E3%82%A6%E3%83%AB%E3%83%88%E3%83%A9%E7%AB%8B%E7%9B%B4" n1="%E3%81%BE%E3%81%AA%E3%81%84%E3%81%9F%E3%82%88%E3%81%86%E3%81%98%E3%82%87" n2="%E3%81%B2%79%6B%6F%6B%6F%72%6F" n3="%E3%81%8A%E3%81%BE%E3%81%A4%E3%82%8A" dan="17,16,16,16" rate="2160.67,2161.48,2010.39,2065.05" sx="M,M,F,M"/><TAIKYOKU oya="0"/><INIT seed="0,0,0,0,1,121" ten="250,250,250,250" oya="0" hai0="89,62,79,28,34,112,25,12,17,8,101,54,93" hai1="29,1,91,71,35,50,20,36,10,19,46,83,127" hai2="88,18,98,16,63,94,108,122,124,82,43,102,133" hai3="70,22,96,125,24,107,4,129,49,64,26,3,69"/><T67/><D112/><U104/><E71/><V130/><F122/><W57/><G129/><T38/><D38/><U21/><E104/><V97/><F130/><W52/><G125/><T31/><D79/><U119/><E119/><V66/><F124/><W103/><G64/><T81/><D81/><U74/><E36/><V114/><F114/><W45/><G24/><T40/><D40/><U59/><E59/><V111/><F43/><W105/><G105/><T65/><D31/><U86/><E74/><V27/><F133/><W42/><G4/><T87/><D101/><U75/><E75/><V120/><F120/><W131/><G3/><T73/><D73/><U115/><E127/><V134/><F134/><W109/><G131/><T15/><REACH who="0" step="1"/><D12/><REACH who="0" ten="240,250,250,250" step="2"/><N who="1" m="7575" /><E1/><V56/><F82/><W95/><G103/><T100/><D100/><U30/><E115/><V13/><F27/><W33/><G26/><T128/><D128/><U118/><E118/><V132/><F132/><W60/><G42/><T6/><D6/><U55/><E35/><V78/><F78/><W113/><G33/><T85/><D85/><U41/><E41/><V99/><F99/><W135/><G113/><T53/><D53/><U9/><E30/><V92/><REACH who="2" step="1"/><F18/><REACH who="2" ten="240,250,240,250" step="2"/><W76/><G135/><T48/><D48/><U110/><E29/><V47/><F47/><W106/><G76/><T80/><D80/><U72/><E83/><V11/><AGARI ba="0,2" hai="11,13,16,56,63,66,88,92,94,97,98,102,108,111" machi="11" ten="30,16000,3" yaku="1,1,0,1,52,2,54,2,53,2" doraHai="121" doraHaiUra="90" who="2" fromWho="2" sc="240,-80,250,-40,240,180,250,-40" /><INIT seed="1,0,0,5,0,15" ten="160,210,420,210" oya="1" hai0="118,104,39,60,95,128,67,31,37,11,8,81,16" hai1="90,83,44,117,72,19,85,115,65,107,2,14,92" hai2="101,84,21,110,69,79,119,5,49,18,71,12,6" hai3="7,91,53,40,32,76,114,121,47,29,51,58,57"/><U50/><E115/><V120/><F110/><W48/><G32/><T113/><D104/><U9/><E117/><V135/><F119/><W112/><G29/><T93/><D118/><U74/><E107/><V22/><F120/><W30/><G30/><T126/><D113/><N who="3" m="43625" /><G76/><T106/><D106/><U102/><E65/><V0/><F0/><W130/><G7/><T3/><D126/><U127/><E127/><V23/><F101/><W42/><G91/><T125/><D125/><U73/><E2/><V98/><F98/><W10/><G10/><T66/><D128/><U116/><E116/><V108/><F108/><W35/><G35/><T27/><D81/><U4/><E4/><V63/><F6/><W89/><G89/><T52/><D3/><U80/><REACH who="1" step="1"/><E102/><REACH who="1" ten="160,200,420,210" step="2"/><V82/><F5/><W1/><G1/><T86/><D67/><U105/><E105/><V59/><F71/><W26/><G121/><T17/><D66/><U100/><E100/><V123/><F123/><W43/><G130/><T54/><D39/><U129/><E129/><V94/><F69/><W131/><G131/><T122/><D37/><U99/><E99/><V109/><F109/><W64/><G64/><T70/><D122/><U103/><E103/><V97/><F97/><W96/><G96/><T75/><D70/><U34/><E34/><V124/><F124/><W46/><G26/><T61/><D27/><U68/><E68/><V25/><F25/><W13/><G13/><T88/><D75/><U87/><E87/><V56/><F84/><W77/><G77/><T36/><D86/><U78/><E78/><RYUUKYOKU ba="0,1" sc="160,-15,200,15,420,-15,210,15" hai1="9,14,19,44,50,72,73,74,80,83,85,90,92" hai3="40,42,43,46,47,48,51,53,57,58" /><INIT seed="1,1,1,4,3,92" ten="145,215,405,225" oya="1" hai0="9,59,8,105,12,11,64,60,80,123,37,87,133" hai1="73,113,17,65,100,93,104,5,77,44,124,102,53" hai2="41,90,55,14,51,19,23,91,126,20,66,70,119" hai3="76,75,13,132,83,130,106,27,134,89,81,78,29"/><U101/><E113/><V40/><F119/><W47/><G13/><T61/><D133/><U33/><E33/><V128/><F128/><W99/><G47/><T111/><D111/><U3/><E104/><V94/><F126/><W95/><G130/><T112/><D112/><U109/><E124/><V16/><F70/><W7/><G7/><T82/><D123/><U2/><E65/><V121/><F66/><W25/><G25/><T36/><D105/><U118/><E118/><V96/><F90/><W49/><G49/><T131/><D131/><U22/><E109/><V34/><F34/><W74/><REACH who="3" step="1"/><G106/><REACH who="3" ten="145,215,405,215" step="2"/><T88/><D12/><U120/><E5/><V108/><F108/><W58/><G58/><T79/><REACH who="0" step="1"/><D61/><REACH who="0" ten="135,215,405,215" step="2"/><U15/><E15/><N who="2" m="9247" /><F121/><W21/><AGARI ba="1,3" hai="21,27,29,74,75,76,78,81,83,89,95,99,132,134" machi="21" ten="30,12000,2" yaku="1,1,0,1,9,1,52,1,53,2" doraHai="92" doraHaiUra="107" who="3" fromWho="3" sc="135,-31,215,-61,405,-31,215,153" /><INIT seed="2,0,0,2,3,123" ten="104,154,374,368" oya="2" hai0="88,104,109,35,77,1,120,10,113,58,95,66,93" hai1="32,40,65,34,19,53,80,76,36,100,112,128,29" hai2="45,28,90,25,114,115,125,4,16,83,38,101,30" hai3="5,46,9,102,122,131,134,15,70,52,72,24,31"/><V96/><F125/><W37/><G122/><T55/><D35/><U23/><E112/><V22/><F4/><W67/><G72/><T117/><D104/><U103/><E65/><V126/><F126/><W133/><G131/><T7/><D120/><U62/><E128/><V132/><F132/><W11/><G102/><T47/><D113/><U81/><E40/><V78/><F90/><W27/><G37/><T97/><D117/><U20/><E36/><V69/><F69/><W33/><G27/><T48/><D77/><U84/><E32/><V41/><F30/><W26/><G26/><T71/><D71/><U44/><E34/><V82/><F82/><W107/><G107/><T18/><D18/><U73/><E29/><V106/><REACH who="2" step="1"/><F28/><REACH who="2" ten="104,154,364,368" step="2"/><N who="3" m="19591" /><G70/><T110/><REACH who="0" step="1"/><D95/><REACH who="0" ten="94,154,364,368" step="2"/><U2/><E81/><V87/><AGARI ba="0,2" hai="16,22,25,38,41,45,78,83,87,96,101,106,114,115" machi="87" ten="20,7800,0" yaku="1,1,0,1,7,1,54,1,53,0" doraHai="123" doraHaiUra="51" who="2" fromWho="2" sc="94,-26,154,-26,364,98,368,-26" /><INIT seed="2,1,0,1,2,52" ten="68,128,462,342" oya="2" hai0="123,5,127,36,101,113,79,87,63,16,110,62,14" hai1="3,131,108,128,126,43,41,28,2,61,80,92,100" hai2="78,48,130,34,86,50,95,88,73,69,7,40,116" hai3="66,23,109,17,134,33,83,68,38,120,115,74,105"/><V30/><F69/><W8/><RYUUKYOKU type="yao9" ba="1,0" sc="68,0,128,0,462,0,342,0" hai3="8,17,23,33,38,66,68,74,83,105,109,115,120,134" /><INIT seed="2,2,0,1,5,42" ten="68,128,462,342" oya="2" hai0="37,14,109,80,132,64,17,66,114,107,0,49,93" hai1="59,67,88,83,21,27,100,77,26,56,116,51,45" hai2="24,65,28,120,70,84,69,124,34,13,16,110,86" hai3="102,61,3,95,25,40,57,106,50,55,20,46,111"/><V73/><F73/><W12/><G111/><T91/><D107/><U128/><E116/><V126/><F120/><W1/><G106/><T121/><D37/><U53/><E128/><V36/><F36/><W44/><G12/><T81/><D121/><U74/><E100/><V29/><F29/><W35/><G35/><T82/><D114/><U43/><E67/><V63/><F70/><W133/><G133/><T99/><D109/><U98/><E59/><V41/><F41/><W101/><G1/><T94/><D132/><U22/><E22/><V54/><F54/><W71/><G3/><T115/><D115/><U19/><E27/><V7/><F7/><W23/><G71/><T10/><D0/><U89/><REACH who="1" step="1"/><E98/><REACH who="1" ten="68,118,462,342" step="2"/><V72/><F110/><W32/><G32/><T79/><D79/><U135/><E135/><V125/><F72/><W130/><G130/><T76/><D76/><U11/><E11/><AGARI ba="2,1" hai="11,13,16,24,28,34,63,65,69,84,86,124,125,126" machi="11" ten="40,3900,0" yaku="18,1,54,1" doraHai="42" who="2" fromWho="1" sc="68,0,118,-45,462,55,342,0" /><INIT seed="2,3,0,4,4,132" ten="68,73,517,342" oya="2" hai0="92,103,58,7,37,22,28,83,89,108,106,63,4" hai1="90,53,23,60,135,121,24,26,117,59,13,100,30" hai2="18,50,33,44,97,20,73,81,40,5,87,32,104" hai3="45,112,12,85,6,79,69,11,56,86,110,82,55"/><V54/><F5/><W77/><G110/><T66/><D37/><U126/><E117/><V16/><F73/><W19/><G112/><T0/><D0/><U105/><E135/><V38/><F97/><W76/><G69/><T99/><D106/><U101/><E121/><V2/><F2/><W113/><G113/><T35/><D35/><U122/><E122/><V21/><F104/><W46/><G6/><T102/><D108/><U95/><E105/><V14/><F40/><W68/><G68/><T130/><D130/><U61/><E126/><V41/><F41/><W84/><REACH who="3" step="1"/><G82/><REACH who="3" ten="68,73,517,332" step="2"/><T64/><D7/><U49/><E13/><V134/><F14/><W74/><G74/><T118/><D4/><U15/><E15/><V52/><F81/><W25/><G25/><N who="0" m="16439" /><D118/><U127/><E24/><V10/><F134/><W31/><G31/><T57/><D83/><U119/><E119/><V62/><F33/><W98/><G98/><T129/><D129/><U29/><E29/><V1/><F32/><W123/><G123/><T128/><D128/><U96/><E127/><V34/><F34/><W47/><G47/><T91/><D103/><AGARI ba="3,1" hai="23,26,30,49,53,59,60,61,90,95,96,100,101,103" machi="103" ten="40,1300,0" yaku="8,1" doraHai="132" who="1" fromWho="0" sc="68,-22,73,32,517,0,332,0" /><INIT seed="3,0,0,4,5,90" ten="46,105,517,332" oya="3" hai0="50,84,112,117,57,133,9,126,37,85,5,69,111" hai1="86,31,94,128,52,48,42,10,59,88,13,68,22" hai2="43,32,109,121,76,56,91,104,25,23,116,54,87" hai3="72,2,20,44,16,24,97,60,36,120,125,55,115"/><W93/><G115/><T64/><D117/><U61/><E128/><V7/><F116/><W51/><G125/><T63/><D111/><U119/><E119/><V45/><F109/><W127/><G127/><T83/><D126/><U108/><E108/><V73/><F104/><W123/><G72/><T110/><D110/><U114/><E114/><V75/><F32/><W129/><G129/><T131/><D112/><U74/><E74/><V118/><F7/><W113/><G113/><T95/><D131/><U67/><E42/><V102/><F102/><W134/><G134/><T49/><D37/><U77/><E77/><V107/><F76/><W4/><G36/><T96/><D133/><U3/><E3/><V71/><F71/><W6/><G2/><T41/><D69/><U105/><E105/><V62/><F107/><W130/><G130/><T47/><D50/><U122/><E122/><V135/><F121/><W38/><G38/><T132/><D83/><U81/><E81/><V12/><F135/><W78/><G78/><T15/><REACH who="0" step="1"/><D132/><REACH who="0" ten="36,105,517,332" step="2"/><U11/><E31/><V26/><F118/><W66/><G120/><T98/><D98/><U39/><E39/><V18/><F62/><W79/><G123/><T92/><D92/><U106/><E106/><V21/><F75/><W8/><G93/><T103/><AGARI ba="0,1" hai="5,9,15,41,47,49,57,63,64,84,85,95,96,103" machi="103" ten="20,12000,2" yaku="1,1,0,1,7,1,8,1,52,1,53,1" doraHai="90" doraHaiUra="89" who="0" fromWho="0" sc="36,130,105,-30,517,-30,332,-60" /><INIT seed="4,0,0,4,0,8" ten="166,75,487,272" oya="0" hai0="17,16,109,80,77,18,55,63,32,104,54,100,25" hai1="65,84,51,50,91,99,23,9,40,107,81,59,64" hai2="36,108,130,34,132,24,3,20,117,134,96,49,0" hai3="15,121,113,87,31,105,6,125,115,89,11,128,92"/><T21/><D32/><U13/><E107/><V58/><F36/><W35/><G105/><T68/><D109/><U61/><E65/><V86/><F108/><W38/><G38/><T67/><D100/><U56/><E40/><V69/><F69/><W37/><G37/><T110/><D104/><U19/><E59/><V114/><F34/><W70/><G70/><T4/><D4/><U10/><E99/><V131/><F96/><W120/><G125/><T103/><D103/><U90/><E90/><V46/><F58/><W62/><G62/><T79/><D110/><U85/><REACH who="1" step="1"/><E84/><REACH who="1" ten="166,65,487,272" step="2"/><V122/><F86/><W124/><G124/><T45/><D45/><U57/><E57/><V73/><F130/><W75/><G128/><T71/><D71/><U127/><E127/><V52/><F131/><W60/><G87/><T83/><D55/><U76/><E76/><V28/><F52/><W26/><G89/><T43/><D43/><U42/><E42/><V5/><F46/><W82/><G60/><T78/><REACH who="0" step="1"/><D54/><REACH who="0" ten="156,65,487,272" step="2"/><U47/><E47/><V72/><F132/><W111/><G111/><T102/><D102/><U133/><E133/><V129/><F134/><W7/><G35/><T112/><D112/><U22/><E22/><V97/><F129/><W123/><G113/><T88/><D88/><U94/><E94/><V41/><F114/><W1/><G115/><T14/><D14/><U93/><E93/><V101/><F20/><N who="3" m="15815" /><G92/><T33/><D33/><U74/><E74/><V135/><F72/><W27/><G75/><T48/><D48/><AGARI ba="0,2" hai="9,10,13,19,23,48,50,51,56,61,64,81,85,91" machi="48" ten="40,5200,0" yaku="1,1,8,1,52,1,53,0" doraHai="8" doraHaiUra="116" who="1" fromWho="0" sc="156,-52,65,72,487,0,272,0" /><INIT seed="5,0,0,2,2,123" ten="104,137,487,272" oya="1" hai0="109,40,106,133,121,41,44,98,79,111,47,81,51" hai1="84,12,85,134,11,90,125,128,5,82,38,101,55" hai2="119,118,89,17,8,3,72,76,18,105,31,23,28" hai3="20,21,108,66,71,113,53,2,91,7,16,97,27"/><U132/><E128/><V1/><F105/><W131/><G71/><T68/><D68/><U112/><E112/><V4/><F89/><W32/><G66/><T104/><D133/><U135/><E125/><V73/><F76/><W34/><G53/><T92/><D121/><U116/><E116/><V15/><F73/><W74/><G74/><T70/><D70/><U29/><E38/><V87/><F87/><W42/><G42/><T25/><D25/><U6/><E29/><N who="2" m="11339" /><F72/><W60/><G60/><T0/><D0/><N who="2" m="74" /><F18/><W126/><G91/><T52/><D52/><U37/><E37/><V94/><F94/><W14/><G97/><T45/><D45/><U24/><E101/><V88/><F88/><W83/><G83/><T56/><D56/><U65/><E65/><V62/><F62/><W69/><G69/><T129/><D129/><U19/><E84/><V26/><AGARI ba="0,0" hai="4,8,15,17,23,26,118,119" m="74,11339" machi="26" ten="30,2000,0" yaku="34,2" doraHai="123" who="2" fromWho="2" sc="104,-5,137,-10,487,20,272,-5" /><INIT seed="6,0,0,1,5,132" ten="99,127,507,267" oya="2" hai0="6,7,50,116,94,72,35,80,97,30,135,62,114" hai1="60,66,39,41,134,64,108,38,56,71,77,126,120" hai2="103,58,79,112,133,128,109,63,32,15,28,99,23" hai3="92,81,19,68,57,52,78,46,115,67,44,29,84"/><V43/><F128/><W33/><G115/><T36/><D36/><U1/><E77/><V70/><F133/><W5/><G5/><T104/><D104/><U121/><E1/><V101/><F70/><W59/><G68/><T49/><D135/><U18/><E18/><V122/><F122/><N who="1" m="47209" /><E134/><V47/><F109/><W3/><G3/><T129/><D114/><U106/><E106/><V127/><F32/><W9/><G33/><T11/><D129/><U16/><E16/><V88/><F79/><W40/><G29/><T98/><D116/><U100/><E100/><V93/><F15/><W87/><G67/><T34/><D30/><U37/><E108/><V61/><F61/><W118/><G59/><T91/><D11/><U73/><E73/><V74/><F74/><W89/><G40/><T124/><D72/><U130/><E130/><V96/><F101/><W20/><G9/><T125/><D62/><N who="1" m="40343" /><E126/><N who="0" m="48745" /><D80/><U42/><AGARI ba="0,0" hai="37,38,39,41,42,56,60,66" m="40343,47209" machi="42" ten="40,5200,0" yaku="13,1,34,2" doraHai="132" who="1" fromWho="1" sc="99,-13,127,52,507,-26,267,-13" /><INIT seed="7,0,0,2,3,18" ten="86,179,481,254" oya="3" hai0="3,8,113,117,100,12,106,76,17,45,5,73,125" hai1="24,31,89,130,41,129,95,65,32,85,27,30,123" hai2="21,107,11,70,84,61,128,64,75,34,40,29,15" hai3="88,121,99,104,102,80,0,38,68,16,25,14,96"/><W46/><G121/><T71/><D117/><U109/><E109/><V49/><F75/><W42/><G68/><T97/><D125/><U98/><E123/><V36/><F36/><W63/><G0/><T135/><D135/><U122/><E122/><V101/><F128/><W35/><G63/><T43/><D71/><U81/><E41/><V60/><F60/><W115/><G115/><T74/><D113/><U2/><E2/><V78/><F78/><W13/><G35/><T52/><D76/><U33/><E65/><V92/><F84/><W28/><G28/><T120/><D120/><U10/><E10/><V116/><F116/><W133/><G133/><T126/><D126/><U44/><E44/><V132/><F92/><W105/><G105/><T56/><D45/><U19/><E19/><V111/><F111/><W22/><REACH who="3" step="1"/><G80/><REACH who="3" ten="86,179,481,244" step="2"/><T50/><REACH who="0" step="1"/><D43/><REACH who="0" ten="76,179,481,244" step="2"/><U114/><E114/><V131/><F107/><W20/><G20/><AGARI ba="0,2" hai="3,5,8,12,17,20,50,52,56,73,74,97,100,106" machi="20" ten="30,8000,1" yaku="1,1,2,1,7,1,52,1,54,1,53,0" doraHai="18" doraHaiUra="62" who="0" fromWho="3" sc="76,100,179,0,481,0,244,-80" owari="176,-22.0,179,-2.0,481,58.0,164,-34.0" /></mjloggm>