<mjloggm ver="2.3"><GO type="225" lobby="0"/><UN n0="%E3%82%A6%E3%83%AB%E3%83%88%E3%83%A9%E7%AB%8B%E7%9B%B4" n1="%E3%82%8A%E3%82%81%E3%82%8D" n2="%E3%82%B4%E3%83%9F%E3%82%AF%E3%82%BA%E4%B8%83%E6%AE%B5" n3="%E5%B1%B1%E6%9C%AC%E5%BA%97%E9%95%B7" dan="17,16,16,16" rate="2161.02,2161.19,2174.61,2077.73" sx="M,M,F,M"/><TAIKYOKU oya="0"/><INIT seed="0,0,0,4,1,105" ten="250,250,250,250" oya="0" hai0="9,74,107,95,42,72,28,86,80,7,90,98,121" hai1="133,81,83,16,47,23,82,93,75,116,89,59,46" hai2="128,21,91,37,67,70,0,122,130,40,53,15,8" hai3="62,52,31,112,135,58,20,3,92,103,100,17,126"/><T24/><D107/><U64/><E133/><V127/><F122/><W5/><G112/><T4/><D42/><U85/><E116/><V120/><F120/><W39/><G39/><T77/><D121/><U79/><E64/><V38/><F127/><W96/><G135/><T117/><D117/><U99/><E59/><V113/><F113/><W87/><G126/><T109/><D109/><U123/><E123/><V30/><F0/><W49/><G31/><T25/><D25/><U41/><E41/><V108/><F108/><W10/><G87/><T11/><D9/><U35/><E35/><V118/><F118/><W54/><G103/><T19/><D19/><U125/><E125/><V76/><F76/><W18/><REACH who="3" step="1"/><G20/><REACH who="3" ten="250,250,250,240" step="2"/><T33/><REACH who="0" step="1"/><D4/><REACH who="0" ten="240,250,250,240" step="2"/><U65/><E23/><V32/><F21/><W84/><G84/><T106/><D106/><U114/><E85/><V60/><F37/><W104/><G104/><T71/><D71/><U29/><E114/><V26/><F38/><W134/><G134/><T63/><D63/><U129/><E29/><V48/><F70/><W34/><G34/><T110/><D110/><U78/><E16/><V27/><F60/><W69/><G69/><T50/><D50/><U45/><E99/><V6/><F48/><W12/><G12/><AGARI ba="0,2" hai="7,11,12,24,28,33,72,74,77,80,86,90,95,98" machi="12" ten="30,12000,1" yaku="1,1,7,1,52,2,53,1" doraHai="105" doraHaiUra="2" who="0" fromWho="3" sc="240,140,250,0,250,0,240,-120" /><INIT seed="0,1,0,5,2,7" ten="380,250,250,120" oya="0" hai0="90,70,40,105,125,73,108,0,114,28,18,54,106" hai1="101,127,94,39,126,42,61,3,84,121,15,2,89" hai2="41,112,17,36,93,133,104,16,58,117,20,116,45" hai3="113,119,6,60,47,14,9,29,50,52,120,134,97"/><T55/><D40/><U23/><E121/><V135/><F112/><W109/><G113/><T34/><D28/><U130/><E130/><V44/><F104/><W38/><G119/><N who="2" m="45641" /><F44/><W46/><G109/><T43/><D43/><U51/><E39/><V123/><F123/><W122/><G134/><N who="2" m="51209" /><F20/><W66/><G29/><T64/><D34/><U107/><E107/><V78/><F78/><W12/><G97/><T85/><D108/><U4/><E23/><V74/><F74/><W88/><G38/><T53/><D73/><U86/><E42/><V99/><F58/><N who="3" m="37143" /><G120/><T10/><D114/><U128/><E128/><V56/><F56/><N who="3" m="32791" /><G122/><T115/><D115/><U1/><E126/><V48/><F48/><W67/><G67/><T30/><D125/><U59/><E51/><V80/><F80/><W129/><G129/><T25/><D64/><U82/><E127/><V103/><AGARI ba="1,0" hai="16,17,36,41,45,93,99,103" m="51209,45641" machi="103" ten="30,4000,0" yaku="12,1,20,1,54,1" doraHai="7" who="2" fromWho="2" sc="380,-21,250,-11,250,43,120,-11" /><INIT seed="1,0,0,4,4,92" ten="359,239,293,109" oya="1" hai0="36,132,72,12,69,118,45,47,114,64,52,7,26" hai1="31,107,20,74,128,51,113,13,57,95,116,96,56" hai2="111,117,68,122,33,22,119,16,130,81,55,39,101" hai3="34,125,19,40,32,46,79,28,11,27,66,75,60"/><U0/><E0/><V129/><F122/><W115/><G115/><T102/><D72/><U53/><E113/><V29/><F111/><W100/><G125/><T25/><D118/><U67/><E116/><V9/><F39/><W21/><G100/><T108/><D69/><U94/><E107/><V73/><F68/><W89/><G89/><T93/><D64/><U83/><E95/><V109/><F109/><W3/><G79/><T99/><D114/><U120/><E120/><V88/><F9/><W38/><G75/><T77/><D77/><U124/><E124/><V90/><F101/><W86/><G86/><T41/><D132/><U131/><E74/><V71/><F71/><W37/><G37/><T76/><D76/><U17/><E83/><V14/><F73/><W2/><G11/><T48/><D108/><U98/><E31/><V35/><F55/><W134/><G134/><T135/><D135/><U127/><E127/><V43/><F43/><W121/><G121/><T50/><D36/><U24/><E24/><N who="2" m="18855" /><F33/><W10/><G10/><AGARI ba="0,0" hai="7,10,12,25,26,41,45,47,48,50,52,93,99,102" machi="10" ten="40,5200,0" yaku="8,1,52,1,54,1" doraHai="92" who="0" fromWho="3" sc="359,52,239,0,293,0,109,-52" /><INIT seed="2,0,0,5,0,55" ten="411,239,293,57" oya="2" hai0="37,46,39,118,21,44,109,75,31,91,77,126,0" hai1="52,127,111,63,117,96,25,80,81,38,19,57,20" hai2="99,88,50,100,128,124,2,122,17,12,78,14,16" hai3="62,101,135,64,82,123,3,74,90,23,6,97,11"/><V66/><F122/><W32/><G32/><T58/><D0/><U86/><E117/><V49/><F2/><W132/><G123/><T94/><D77/><U72/><E72/><V102/><F124/><W10/><G23/><T130/><D75/><U70/><E38/><V24/><F128/><W4/><G90/><T68/><D68/><U56/><E111/><V114/><F114/><W18/><G18/><N who="2" m="7273" /><F78/><N who="3" m="44375" /><G6/><T87/><D39/><U84/><E70/><V134/><F134/><N who="3" m="51243" /><G4/><T105/><D37/><U69/><E69/><V108/><F66/><W110/><G3/><T36/><D36/><U34/><E34/><V35/><F108/><W15/><G15/><N who="2" m="5673" /><F24/><W8/><G110/><T79/><D105/><U27/><E127/><V7/><F7/><W61/><G64/><T104/><D104/><AGARI ba="0,0" hai="8,10,11,61,62,97,101,104" m="51243,44375" machi="104" ten="30,1000,0" yaku="20,1" doraHai="55" who="3" fromWho="0" sc="411,-10,239,0,293,0,57,10" /><INIT seed="3,0,0,1,1,118" ten="401,239,293,67" oya="3" hai0="105,132,95,14,67,13,58,76,32,124,29,84,72" hai1="25,80,112,114,123,93,21,0,18,99,59,66,5" hai2="69,119,63,1,30,27,110,135,37,134,133,53,46" hai3="43,73,19,33,64,101,103,128,31,117,77,35,127"/><W15/><G117/><T16/><D105/><U2/><E80/><V92/><F110/><W88/><G128/><T71/><D71/><U26/><E26/><V54/><F119/><W56/><G127/><T60/><D32/><U83/><E83/><V125/><F1/><W62/><G43/><T131/><D29/><U82/><E82/><V57/><F125/><W79/><G73/><T17/><D72/><U74/><E74/><V49/><F69/><W52/><G33/><T113/><D132/><U47/><E47/><V9/><F9/><N who="3" m="6639" /><G35/><T51/><D76/><N who="3" m="29257" /><G31/><T61/><D113/><U121/><E112/><V4/><F4/><W41/><G41/><T107/><D17/><U8/><E114/><V129/><F129/><W65/><G88/><T91/><D16/><U96/><E0/><V85/><F37/><W98/><G98/><T106/><D91/><U108/><E96/><V45/><F30/><W44/><G44/><T34/><D107/><U122/><E108/><V90/><F45/><W102/><AGARI ba="0,0" hai="52,56,62,64,65,101,102,103" m="29257,6639" machi="102" ten="30,3000,0" yaku="8,1,54,1" doraHai="118" who="3" fromWho="3" sc="401,-10,239,-10,293,-10,67,30" /><INIT seed="3,1,0,0,3,45" ten="391,229,283,97" oya="3" hai0="14,112,75,47,39,130,32,5,2,133,11,8,121" hai1="73,102,86,15,22,134,13,33,59,104,7,115,124" hai2="97,70,34,95,10,77,78,80,126,127,38,89,109" hai3="18,88,114,36,72,48,56,57,26,117,44,125,71"/><W24/><G117/><T51/><D32/><U66/><E73/><V12/><F38/><W35/><G114/><T68/><D68/><U58/><E33/><V21/><F109/><W20/><G36/><T122/><D112/><U46/><E115/><V43/><F34/><W81/><G71/><T92/><D75/><U83/><E124/><N who="2" m="47659" /><F70/><W79/><G125/><T100/><D39/><U103/><E13/><V37/><F21/><W113/><G113/><T91/><D100/><U74/><E59/><V94/><F80/><W55/><G35/><T96/><D130/><U0/><E103/><N who="2" m="60855" /><F43/><W4/><G4/><T52/><D133/><U50/><E46/><V28/><F28/><W131/><G131/><T118/><D118/><U119/><E15/><V54/><F54/><W98/><REACH who="3" step="1"/><G24/><REACH who="3" ten="391,229,283,87" step="2"/><T116/><D116/><U69/><E7/><AGARI ba="1,1" hai="2,5,7,8,11,14,47,51,52,91,92,96,121,122" machi="7" ten="30,3900,0" yaku="7,1,52,1,54,1" doraHai="45" who="0" fromWho="1" sc="391,52,229,-42,283,0,87,0" owari="443,54.0,187,-21.0,283,8.0,87,-41.0" /></mjloggm>