<mjloggm ver="2.3"><GO type="169" lobby="0"/><UN n0="%E3%81%90%E3%81%9C%E3%82%93%40%4C%69%42" n1="%E6%9F%90%41%56%E5%A5%B3%E5%84%AA" n2="%E3%82%A6%E3%83%AB%E3%83%88%E3%83%A9%E7%AB%8B%E7%9B%B4" n3="%E3%83%8A%E3%82%AB%E3%83%9E%E3%82%B9%E3%83%86%E3%82%A3%E3%83%95" dan="18,16,17,16" rate="2218.10,2090.67,2229.25,2084.30" sx="M,F,M,M"/><TAIKYOKU oya="0"/><INIT seed="0,0,0,1,4,83" ten="250,250,250,250" oya="0" hai0="69,132,42,54,123,121,107,96,101,17,122,78,45" hai1="59,23,32,0,16,24,73,39,87,108,134,55,125" hai2="31,99,36,88,80,52,3,84,60,116,110,95,15" hai3="47,56,94,51,98,129,49,85,63,105,117,131,30"/><T58/><D69/><U5/><E39/><V61/><F3/><W70/><G117/><T20/><D132/><U4/><E73/><V43/><F110/><W127/><G70/><T71/><D71/><U82/><E108/><V92/><F116/><W79/><G105/><T14/><D78/><N who="1" m="46551" /><E32/><V114/><F114/><W46/><G30/><T130/><D130/><N who="3" m="49673" /><G127/><T81/><D81/><U65/><E0/><V75/><F75/><W19/><G19/><T135/><D135/><U126/><E134/><V109/><F109/><W66/><G85/><T9/><D20/><U27/><E65/><V111/><F111/><W86/><G86/><T102/><D102/><U128/><E128/><V77/><F31/><W2/><G2/><T38/><REACH who="0" step="1"/><D122/><REACH who="0" ten="240,250,250,250" step="2"/><U103/><E103/><V133/><F133/><W120/><G120/><T21/><D21/><N who="1" m="13351" /><E126/><V68/><F68/><W118/><G79/><T44/><D44/><N who="3" m="16937" /><G118/><T91/><D91/><AGARI ba="0,1" hai="49,51,56,63,66,91,94,98" m="16937,49673" machi="91" ten="30,1000,0" yaku="19,1" doraHai="83" who="3" fromWho="0" sc="240,-10,250,0,250,0,250,20" /><INIT seed="1,0,0,1,1,57" ten="230,250,250,270" oya="1" hai0="118,23,91,102,85,11,26,121,80,104,78,53,27" hai1="24,119,13,61,109,106,77,83,58,46,73,72,5" hai2="74,16,7,42,127,94,133,60,52,40,82,2,25" hai3="29,31,134,101,66,63,105,65,81,110,70,117,69"/><U67/><E119/><V56/><F127/><W17/><G110/><T125/><D125/><U84/><E106/><V87/><F133/><W20/><G134/><T75/><D121/><U12/><E109/><V130/><F130/><W128/><G128/><T47/><D118/><U48/><E24/><V99/><F74/><W76/><G117/><T6/><D27/><U8/><REACH who="1" step="1"/><E13/><REACH who="1" ten="230,240,250,270" step="2"/><V4/><F2/><W36/><G105/><T92/><D104/><U71/><E71/><V123/><F123/><W98/><G69/><T93/><D26/><U122/><E122/><V79/><F42/><AGARI ba="0,1" hai="5,8,12,42,46,48,58,61,67,72,73,77,83,84" machi="42" ten="30,12000,1" yaku="1,1,7,1,25,2,52,1,53,0" doraHai="57" doraHaiUra="30" who="1" fromWho="2" sc="230,0,240,130,250,-120,270,0" /><INIT seed="1,1,0,1,2,132" ten="230,370,130,270" oya="1" hai0="47,1,36,13,110,51,90,41,92,101,106,40,33" hai1="62,18,74,11,49,58,115,116,68,131,114,31,55" hai2="0,34,102,26,8,61,50,76,78,124,134,82,120" hai3="25,45,86,85,24,79,35,17,93,6,46,109,118"/><U28/><E116/><V104/><F50/><W42/><G118/><T94/><D110/><U133/><E74/><N who="2" m="43287" /><F78/><W127/><G6/><T60/><D1/><U87/><E133/><V72/><F72/><W39/><G45/><T67/><D106/><U2/><E131/><V123/><F61/><W7/><G7/><T77/><D77/><U89/><E2/><V97/><F134/><W32/><G109/><T129/><D33/><U70/><E70/><V53/><F53/><W57/><G57/><T65/><D40/><U88/><E89/><V22/><F22/><W95/><G17/><T12/><D101/><U59/><E68/><V64/><F64/><W108/><G108/><T14/><D67/><N who="1" m="39383" /><E115/><V20/><F20/><W3/><G3/><T81/><D129/><U48/><E48/><V54/><F54/><W111/><G111/><T73/><D73/><U105/><E105/><V113/><F113/><W16/><G39/><T27/><D36/><U119/><E119/><V44/><F44/><W4/><G46/><T80/><D94/><N who="1" m="54559" /><E114/><V112/><F112/><W125/><G79/><T69/><REACH who="0" step="1"/><D27/><REACH who="0" ten="220,370,130,270" step="2"/><U91/><E91/><V103/><F103/><W52/><G24/><T56/><D56/><U117/><E117/><V19/><F34/><W100/><G25/><T122/><D122/><N who="2" m="46634" /><F26/><W15/><G42/><T83/><D83/><U5/><E59/><V29/><F29/><W21/><G32/><T66/><D66/><U38/><E28/><V135/><F135/><W63/><G35/><T43/><D43/><U107/><E31/><V126/><F0/><W128/><G128/><RYUUKYOKU ba="1,1" sc="220,15,370,-15,130,15,270,-15" hai0="12,13,14,41,47,51,60,65,69,80,81,90,92" hai2="8,19,97,102,104,124,126" /><INIT seed="2,2,1,5,1,3" ten="235,355,145,255" oya="2" hai0="85,100,73,31,49,86,19,26,97,62,87,12,128" hai1="126,9,6,105,60,112,103,55,48,110,96,43,38" hai2="25,36,101,10,118,18,124,94,77,33,133,61,95" hai3="27,79,98,92,30,89,64,46,29,69,68,116,90"/><V2/><F118/><W67/><G116/><T99/><D73/><U16/><E110/><V56/><F36/><W42/><G79/><T21/><D128/><U13/><E126/><V129/><F124/><W71/><G90/><T88/><D97/><U104/><E112/><V65/><F129/><W125/><G125/><T15/><D62/><U119/><E119/><V83/><F133/><W75/><G75/><T34/><D49/><U17/><E60/><V135/><F135/><W45/><G29/><T102/><REACH who="0" step="1"/><D12/><REACH who="0" ten="225,355,145,255" step="2"/><U131/><E131/><V117/><F117/><W72/><G72/><T37/><D37/><U8/><E38/><V5/><F101/><W14/><G14/><T59/><D59/><U66/><E96/><V53/><F65/><W91/><G64/><T51/><D51/><U50/><E103/><V39/><F39/><W23/><G67/><T132/><D132/><U78/><E48/><V58/><F58/><W76/><G68/><T113/><D113/><U57/><E50/><V20/><REACH who="2" step="1"/><F33/><REACH who="2" ten="225,355,135,255" step="2"/><W11/><G69/><T114/><D114/><U80/><E57/><V122/><F122/><W28/><G71/><T109/><D109/><U24/><E66/><V0/><F0/><W70/><G70/><T32/><D32/><U84/><E43/><V111/><F111/><W54/><G42/><T107/><D107/><U74/><E105/><V81/><F81/><W7/><G46/><T106/><D106/><U1/><E104/><V63/><F63/><W41/><G45/><T108/><D108/><U44/><E44/><V130/><F130/><W40/><G41/><RYUUKYOKU ba="2,3" sc="225,15,355,-15,135,15,255,-15" hai0="15,19,21,26,31,34,85,86,87,88,99,100,102" hai2="2,5,10,18,20,25,53,56,61,77,83,94,95" /><INIT seed="2,3,3,1,5,56" ten="240,340,150,240" oya="2" hai0="47,77,41,124,29,85,54,129,101,102,37,20,13" hai1="61,98,72,59,18,9,113,75,26,120,38,108,1" hai2="32,57,3,7,15,12,119,53,107,126,104,69,55" hai3="65,68,30,22,92,110,62,123,14,34,6,76,88"/><V78/><F69/><W86/><G123/><T17/><D129/><U103/><E113/><V131/><F119/><W130/><G110/><T91/><D124/><U111/><E38/><V5/><F32/><W67/><G130/><T45/><D29/><U116/><E116/><V127/><F131/><W99/><G34/><T93/><D45/><U43/><E43/><V44/><F44/><W28/><G65/><T31/><D54/><U35/><E120/><V97/><F78/><W106/><G6/><T42/><D42/><U87/><E87/><V73/><F73/><W50/><G50/><T58/><D58/><U21/><E35/><V117/><F117/><W2/><G2/><T23/><D77/><U71/><E9/><V125/><F55/><W33/><G33/><T89/><D89/><U115/><E1/><V94/><F3/><W64/><G64/><T105/><D105/><N who="2" m="40522" /><F7/><W36/><G36/><T100/><D31/><U70/><E75/><V90/><F5/><W95/><G106/><T10/><AGARI ba="3,3" hai="10,13,17,20,23,37,41,47,85,91,93,100,101,102" machi="10" ten="30,1100,0" yaku="0,1" doraHai="56" who="0" fromWho="0" sc="240,50,340,-6,150,-8,240,-6" /><INIT seed="3,0,0,4,1,117" ten="290,334,142,234" oya="3" hai0="57,19,35,64,70,89,79,123,76,32,111,9,20" hai1="90,67,75,129,34,98,52,78,12,40,128,60,121" hai2="120,50,116,74,39,97,101,51,27,41,95,86,108" hai3="4,107,115,112,126,30,23,17,91,14,43,15,37"/><W3/><G107/><T22/><D123/><U135/><E34/><V127/><F116/><W58/><G58/><T85/><D111/><U7/><E135/><V55/><F74/><W94/><G126/><T104/><D104/><U81/><E40/><V106/><F108/><W49/><G37/><T1/><D22/><U46/><E121/><V63/><F127/><W28/><G3/><T24/><D70/><U47/><E52/><V33/><F120/><W109/><G109/><T130/><D130/><N who="1" m="50283" /><E7/><V26/><F39/><W18/><G4/><T10/><D1/><U77/><E12/><V25/><F41/><W56/><G115/><T110/><D110/><U61/><E78/><N who="0" m="29737" /><D32/><U69/><E61/><V96/><F33/><W62/><G112/><T132/><D35/><U31/><E31/><V0/><F0/><W113/><G113/><T93/><D132/><U21/><E21/><V99/><F63/><AGARI ba="0,0" hai="9,10,19,20,24,57,63,64,85,89,93" m="29737" machi="63" ten="30,1000,0" yaku="8,1" doraHai="117" who="0" fromWho="2" sc="290,10,334,0,142,-10,234,0" /><INIT seed="4,0,0,4,3,25" ten="300,334,132,234" oya="0" hai0="89,65,39,61,22,41,15,81,73,33,56,100,78" hai1="40,38,132,60,4,24,32,79,106,94,102,117,54" hai2="2,45,1,112,116,83,82,0,48,66,72,63,57" hai3="47,93,50,95,69,59,114,6,127,88,76,14,107"/><T62/><D33/><U36/><E132/><V110/><F110/><W29/><G69/><T17/><D100/><U99/><E117/><V35/><F112/><W20/><G107/><T71/><D39/><U3/><E79/><V128/><F116/><W46/><G76/><T37/><D37/><U135/><E40/><V44/><F72/><W51/><G114/><T49/><D41/><U84/><E135/><V16/><F128/><W70/><G70/><T125/><D125/><U97/><E84/><V103/><F103/><W19/><G127/><T123/><D123/><U113/><E113/><V86/><F35/><W26/><G6/><T21/><D49/><N who="3" m="18441" /><G93/><T119/><D119/><U91/><E4/><V90/><F82/><W75/><G59/><T133/><D133/><U118/><E3/><V30/><F48/><W104/><G75/><T122/><D122/><U80/><E80/><V109/><F109/><W58/><G58/><T120/><D120/><U108/><E108/><V55/><F55/><W42/><G42/><T74/><D89/><U134/><E134/><V77/><F77/><W13/><G104/><T11/><D73/><U67/><E54/><AGARI ba="0,0" hai="11,15,17,21,22,54,56,61,62,65,71,74,78,81" machi="54" ten="30,1500,0" yaku="7,1" doraHai="25" who="0" fromWho="1" sc="300,15,334,-15,132,0,234,0" /><INIT seed="4,1,0,4,3,87" ten="315,319,132,234" oya="0" hai0="104,57,38,78,39,5,106,59,128,129,19,101,52" hai1="40,45,22,112,116,67,56,10,110,1,34,126,49" hai2="92,4,70,50,121,69,79,82,41,118,8,66,113" hai3="94,43,28,32,103,53,76,133,37,95,71,109,11"/><T68/><D68/><U31/><E110/><V135/><F121/><W97/><G71/><T65/><D101/><U16/><E116/><V54/><F135/><W114/><G109/><T102/><D78/><U44/><E126/><V132/><F132/><W96/><G76/><T93/><D5/><U100/><E100/><V23/><F118/><W80/><G80/><T111/><D111/><U17/><E112/><V9/><F113/><W25/><G133/><T119/><D119/><U63/><E34/><V123/><F123/><W130/><G130/><N who="0" m="50283" /><D59/><U27/><E1/><V33/><F33/><W46/><G114/><T48/><D19/><U36/><REACH who="1" step="1"/><E10/><REACH who="1" ten="315,309,132,234" step="2"/><V125/><F9/><W77/><G11/><T7/><D102/><U88/><E88/><V86/><F125/><W134/><G134/><T21/><D106/><U51/><E51/><V131/><F131/><W18/><G77/><T127/><D48/><U73/><E73/><V90/><F50/><W26/><G103/><T60/><D104/><U84/><E84/><V35/><F35/><W72/><G72/><T55/><D38/><U89/><E89/><V115/><F115/><W58/><G37/><T0/><D39/><U117/><E117/><V13/><F79/><W85/><G85/><T99/><D127/><U62/><E62/><V47/><F8/><W107/><G107/><T29/><D0/><U124/><E124/><V12/><F86/><W61/><G61/><T83/><D7/><U2/><E2/><V122/><F4/><W24/><G32/><T14/><D60/><U91/><E91/><V120/><F90/><RYUUKYOKU ba="1,1" sc="315,-10,309,30,132,-10,234,-10" hai1="16,17,22,27,31,36,40,44,45,49,56,63,67" /><INIT seed="5,2,1,5,4,48" ten="305,339,122,224" oya="1" hai0="46,13,72,55,26,71,88,44,74,56,118,133,124" hai1="41,69,64,119,7,16,129,91,105,17,103,15,94" hai2="84,96,120,3,58,27,132,130,85,5,112,102,49" hai3="23,117,54,70,47,83,92,75,29,68,20,135,33"/><U125/><E119/><V9/><F120/><W79/><G135/><T78/><D71/><U38/><E125/><V22/><F132/><W50/><G117/><T53/><D118/><U134/><E134/><V104/><F130/><W60/><G33/><T131/><D124/><U66/><E129/><V111/><F112/><W14/><G29/><T32/><D131/><U93/><E105/><V73/><F73/><W110/><G110/><T61/><D133/><U4/><E17/><V21/><F111/><W106/><G106/><T28/><D13/><U52/><E69/><V87/><REACH who="2" step="1"/><F27/><REACH who="2" ten="305,339,112,224" step="2"/><W76/><G75/><T51/><D74/><U116/><E116/><V34/><F34/><W108/><G108/><T86/><D72/><U30/><E66/><V90/><F90/><W35/><G35/><T77/><D46/><U37/><E91/><V1/><F1/><W81/><G47/><T0/><D0/><U59/><E64/><V24/><F24/><W8/><G76/><T40/><D40/><U122/><E41/><V80/><F80/><AGARI ba="2,2" hai="26,28,32,44,51,53,55,56,61,77,78,80,86,88" machi="80" ten="30,7700,0" yaku="7,1,52,2,54,1" doraHai="48" who="0" fromWho="2" sc="305,103,339,0,112,-83,224,0" /><INIT seed="6,0,0,3,5,34" ten="408,339,29,224" oya="2" hai0="73,28,7,101,65,112,110,129,2,86,84,95,81" hai1="35,21,59,69,16,9,42,72,29,67,99,108,107" hai2="87,48,75,98,5,70,131,66,124,6,106,88,15" hai3="82,60,68,55,79,118,111,64,128,40,102,54,11"/><V85/><F75/><W14/><G118/><T109/><D129/><U93/><E108/><V43/><F131/><W58/><G111/><T125/><D65/><U50/><E107/><V115/><F115/><W92/><G128/><T135/><D112/><U44/><E9/><V39/><F39/><W78/><G40/><T49/><D28/><U121/><E72/><V26/><F124/><W91/><G102/><T104/><D84/><U0/><E0/><V37/><F37/><W127/><G127/><T89/><D49/><U61/><E35/><V83/><F26/><W132/><G132/><T17/><D17/><U8/><E8/><V46/><F15/><W105/><G105/><T47/><D47/><U12/><E29/><V90/><F70/><W103/><G103/><T33/><D33/><U113/><E121/><V52/><F66/><W3/><G3/><T133/><D125/><U74/><E74/><V13/><F13/><W130/><G130/><T100/><D2/><U71/><E113/><V134/><F134/><N who="0" m="51210" /><D7/><U53/><E67/><V62/><F98/><N who="3" m="57631" /><G68/><T120/><D120/><U126/><E126/><V4/><F106/><W51/><G64/><T22/><D101/><AGARI ba="0,0" hai="12,16,21,42,44,50,53,59,61,69,71,93,99,101" machi="101" ten="30,2000,0" yaku="7,1,54,1" doraHai="34" who="1" fromWho="0" sc="408,-20,339,20,29,0,224,0" /><INIT seed="7,0,0,5,0,2" ten="388,359,29,224" oya="3" hai0="85,90,27,94,49,86,123,108,19,113,42,64,93" hai1="69,47,75,22,72,9,96,48,110,79,84,83,0" hai2="68,24,52,80,126,26,53,128,8,114,134,87,14" hai3="95,100,18,38,74,41,105,124,50,112,5,3,29"/><W4/><G3/><T34/><D108/><U36/><E110/><V55/><F68/><W97/><G38/><T101/><D123/><U118/><E69/><V73/><F73/><W58/><G112/><T116/><D113/><U98/><E36/><V51/><F114/><W20/><G74/><T59/><D116/><U13/><E118/><V12/><F126/><W132/><G132/><T70/><D70/><U40/><E22/><V32/><F32/><W45/><G124/><T111/><D111/><U60/><E60/><V30/><F134/><W135/><G135/><T71/><D71/><U106/><E0/><V17/><F128/><W82/><G29/><T35/><D64/><U66/><E66/><V7/><F30/><W77/><G105/><T61/><D61/><U107/><E96/><V88/><F53/><W117/><G117/><T16/><D101/><U21/><E21/><V121/><F55/><W56/><G56/><T37/><D59/><U57/><E57/><V78/><F78/><W23/><G23/><T125/><D37/><U99/><E99/><V115/><F115/><W54/><G82/><T81/><D81/><U122/><E122/><V102/><F102/><W1/><G1/><T25/><D125/><U120/><E120/><V62/><F62/><W11/><G11/><T109/><D109/><U127/><E127/><V28/><F28/><W129/><G77/><T92/><D92/><U43/><E43/><V46/><F121/><W119/><G129/><T63/><D63/><U76/><E76/><V33/><F33/><W103/><G100/><T10/><D34/><RYUUKYOKU ba="0,0" sc="388,-10,359,-10,29,30,224,-10" hai2="7,8,12,14,17,24,26,46,51,52,80,87,88" owari="378,48.0,349,15.0,59,-44.0,214,-19.0" /></mjloggm>