<mjloggm ver="2.3"><GO type="169" lobby="0"/><UN n0="%41%54%4D%31%34%32%39" n1="%E5%B0%B1%E6%B4%BB%E7%94%9F%40%E5%B7%9D%E6%9D%91%E8%BB%8D%E5%9B%A3" n2="%E6%B0%B4%E6%9C%AC%E3%82%86%E3%81%8B%E3%82%8A" n3="%E7%88%86%E5%BC%BE%E4%BA%94%E9%83%8E%EF%BC%92" dan="16,17,16,17" rate="2057.30,2193.83,2099.53,2138.43" sx="M,M,F,M"/><TAIKYOKU oya="0"/><INIT seed="0,0,0,1,0,116" ten="250,250,250,250" oya="0" hai0="124,110,95,79,11,75,113,65,25,115,82,55,98" hai1="8,54,97,127,114,128,93,41,6,47,48,15,91" hai2="108,20,33,70,118,37,46,100,120,21,86,60,5" hai3="105,69,0,74,9,96,32,83,103,2,13,31,80"/><T119/><D119/><U88/><E128/><V58/><F33/><W52/><G69/><T49/><D124/><U131/><E131/><V38/><F70/><W39/><G39/><T84/><D65/><U106/><E127/><V50/><F118/><W56/><G31/><T132/><D132/><U72/><E72/><V121/><F5/><W42/><G42/><T4/><D25/><U35/><E35/><V89/><F100/><W63/><G32/><T16/><D75/><U133/><E133/><V14/><F108/><W10/><G10/><T122/><D122/><U3/><E114/><V71/><F71/><W43/><G43/><T87/><D87/><U29/><E29/><V77/><F77/><W125/><G125/><T27/><D110/><U24/><E24/><V76/><F76/><W90/><G90/><T73/><D73/><U7/><E106/><V51/><F14/><W126/><G126/><T26/><D4/><U129/><E129/><V19/><F19/><W30/><G30/><T107/><D107/><U78/><E78/><V36/><F21/><W61/><G74/><T53/><D113/><U101/><E6/><V59/><F20/><W135/><G135/><T94/><D26/><U66/><E3/><V45/><F37/><W102/><G102/><T34/><D34/><U22/><E22/><V17/><F17/><N who="3" m="8367" /><G63/><T81/><D27/><U92/><E66/><V1/><F60/><W117/><G117/><T130/><D130/><U12/><E12/><V68/><F68/><W134/><G134/><T104/><D115/><U123/><E101/><V64/><F64/><RYUUKYOKU ba="0,0" sc="250,-10,250,-10,250,-10,250,30" hai3="0,2,52,56,61,80,83,96,103,105" /><INIT seed="1,1,0,2,3,20" ten="240,240,240,280" oya="1" hai0="6,27,129,26,41,61,68,2,3,45,77,103,22" hai1="108,8,49,15,111,88,92,25,84,44,106,128,56" hai2="12,38,126,59,11,4,5,72,34,0,115,87,82" hai3="70,105,89,21,62,98,40,53,114,83,36,51,1"/><U18/><E106/><V78/><F126/><W73/><G1/><T109/><D109/><N who="1" m="42059" /><E128/><V101/><F115/><W29/><G114/><T94/><D77/><U54/><E25/><V43/><F34/><W24/><G36/><T80/><D80/><U39/><E39/><V10/><F101/><W60/><G70/><T42/><D27/><U107/><E107/><V117/><F117/><W118/><G40/><T55/><D41/><U93/><E56/><V32/><F32/><W23/><G118/><T58/><D6/><U67/><E67/><V47/><F59/><N who="3" m="33215" /><G73/><T135/><D68/><U96/><E96/><V37/><F37/><W97/><G21/><T119/><D129/><U120/><E120/><V132/><REACH who="2" step="1"/><F87/><REACH who="2" ten="240,240,230,280" step="2"/><N who="3" m="50431" /><G105/><T90/><D119/><U124/><E124/><V81/><F81/><AGARI ba="1,1" hai="8,15,18,44,49,54,81,84,88,92,93" m="42059" machi="81" ten="30,11600,0" yaku="25,1,14,1,10,1,54,1" doraHai="20" who="1" fromWho="2" sc="240,0,240,129,230,-119,280,0" /><INIT seed="1,2,0,3,3,102" ten="240,369,111,280" oya="1" hai0="94,107,87,42,100,58,111,63,114,84,119,83,11" hai1="126,45,23,91,125,68,12,101,98,3,5,122,71" hai2="121,44,18,82,55,37,6,41,27,80,32,115,14" hai3="88,19,134,25,2,1,112,86,135,92,17,76,123"/><U116/><E116/><V53/><F121/><W128/><G123/><T30/><D111/><U110/><E122/><V96/><F115/><W51/><G112/><T127/><D127/><U132/><E3/><V130/><F130/><W29/><G76/><T62/><D42/><U34/><E34/><V103/><F6/><W7/><G51/><T95/><D87/><U106/><E132/><N who="3" m="50730" /><G128/><T52/><D119/><U33/><E33/><V89/><F32/><N who="3" m="20527" /><G7/><T99/><D30/><U38/><E110/><V79/><F27/><W57/><G57/><T49/><D114/><U60/><E91/><V104/><F89/><W67/><G67/><T28/><D28/><U54/><E38/><V109/><F109/><W59/><G59/><T113/><D113/><U75/><E75/><V78/><F78/><W120/><G120/><T61/><REACH who="0" step="1"/><D11/><REACH who="0" ten="230,369,111,280" step="2"/><N who="1" m="4207" /><E125/><V43/><F43/><W39/><G39/><T69/><D69/><U21/><E71/><V35/><F35/><W47/><G1/><T133/><D133/><U97/><E68/><V40/><F40/><W4/><G47/><T36/><D36/><U74/><E74/><V64/><F37/><W73/><G73/><T48/><D48/><U9/><E9/><AGARI ba="2,1" hai="2,4,9,17,19,86,88,92" m="20527,50730" machi="9" ten="30,2000,0" yaku="20,1,54,1" doraHai="102" who="3" fromWho="1" sc="230,0,369,-26,111,0,280,36" /><INIT seed="2,0,0,0,3,59" ten="230,343,111,316" oya="2" hai0="33,103,87,109,113,123,22,34,66,89,106,115,56" hai1="81,110,107,102,55,80,111,14,68,116,130,84,67" hai2="47,122,21,104,96,128,73,76,50,60,127,57,79" hai3="51,91,119,120,18,135,72,114,44,126,29,70,23"/><V132/><F122/><W94/><G72/><T92/><D123/><U61/><E116/><V77/><F132/><W63/><G120/><T31/><D109/><N who="1" m="41483" /><E130/><V35/><F35/><W5/><G135/><T10/><D10/><U4/><E55/><V82/><F128/><W108/><G119/><T86/><D86/><U40/><E40/><V131/><F131/><W93/><G114/><T133/><D133/><U32/><E32/><V25/><F127/><W88/><G126/><T24/><D34/><U12/><E4/><V97/><F104/><W2/><G29/><T125/><D125/><U48/><E48/><V38/><F38/><W39/><G39/><T8/><D8/><U43/><E43/><N who="2" m="24959" /><F82/><N who="1" m="31849" /><E84/><V65/><F73/><W124/><G124/><T52/><D66/><U53/><E53/><V45/><F45/><W27/><G108/><T30/><D33/><U101/><E101/><V3/><F3/><W99/><G5/><T46/><D46/><U134/><E134/><V19/><AGARI ba="0,0" hai="19,21,25,57,60,65,76,77,79,96,97" m="24959" machi="19" ten="30,3000,0" yaku="8,1,52,1" doraHai="59" who="2" fromWho="2" sc="230,-10,343,-10,111,30,316,-10" /><INIT seed="2,1,0,5,2,121" ten="220,333,141,306" oya="2" hai0="111,102,45,120,134,78,59,13,21,129,84,35,103" hai1="115,15,130,44,76,118,122,64,39,58,90,14,63" hai2="37,67,86,71,87,89,20,53,104,88,51,80,48" hai3="125,100,77,128,133,42,18,101,114,49,54,57,60"/><V119/><F119/><W10/><G114/><T127/><D35/><U93/><E118/><V50/><F37/><W96/><G128/><T1/><D1/><U16/><E115/><V106/><F71/><W126/><G77/><T5/><D129/><U124/><E130/><V79/><F67/><W31/><G31/><T108/><D120/><U38/><E124/><N who="3" m="47722" /><G133/><T109/><D134/><U91/><E76/><V12/><F106/><W41/><G101/><T29/><D127/><U3/><E3/><V81/><F104/><N who="3" m="63495" /><G49/><T66/><D29/><U82/><E14/><AGARI ba="1,0" hai="10,14,18,41,42,54,57,60" m="63495,47722" machi="14" ten="30,1000,0" yaku="18,1" doraHai="121" who="3" fromWho="1" sc="220,0,333,-13,141,0,306,13" /><INIT seed="3,0,0,2,1,128" ten="220,320,141,319" oya="3" hai0="55,92,69,46,22,6,95,60,117,32,105,85,121" hai1="0,80,115,13,71,103,84,77,34,116,134,49,99" hai2="106,104,47,7,15,26,27,2,114,30,50,33,4" hai3="87,93,123,110,38,43,73,125,18,36,135,101,75"/><W42/><G18/><T79/><D121/><U25/><E71/><V37/><F37/><W124/><G87/><T108/><D32/><U130/><E0/><V78/><F114/><W133/><G93/><T120/><D105/><U54/><E115/><V111/><F111/><W97/><G101/><T39/><D120/><U126/><E130/><V9/><F78/><W11/><G123/><T53/><D117/><U29/><E126/><N who="3" m="48746" /><G11/><T63/><D39/><N who="3" m="14889" /><G97/><T76/><D6/><U20/><E116/><V118/><F118/><W112/><G112/><T40/><D69/><U74/><E74/><N who="3" m="28170" /><G110/><T132/><D108/><U66/><E13/><V8/><REACH who="2" step="1"/><F27/><REACH who="2" ten="220,320,131,319" step="2"/><W102/><G102/><T64/><D76/><U90/><E77/><V131/><F131/><W98/><G98/><T113/><D79/><U12/><E99/><V16/><F16/><W48/><G48/><T41/><D113/><U58/><E103/><V1/><F1/><W86/><G86/><T24/><D85/><U21/><E84/><V62/><F62/><W14/><G14/><T127/><D63/><U31/><E12/><V56/><F56/><W94/><G94/><T129/><D95/><U35/><E25/><V96/><F96/><W28/><G28/><T119/><D92/><U89/><E58/><V100/><F100/><W107/><G107/><T44/><D129/><U68/><E49/><V59/><F59/><W70/><G70/><T72/><D127/><U65/><E68/><V17/><F17/><W88/><G88/><T83/><D24/><U122/><E122/><V109/><F109/><W57/><G57/><RYUUKYOKU ba="0,1" sc="220,-15,320,-15,131,15,319,15" hai2="2,4,7,8,9,15,26,30,33,47,50,104,106" hai3="42,43,133,135" /><INIT seed="3,1,1,3,3,33" ten="205,305,146,334" oya="3" hai0="86,115,123,122,19,127,130,131,23,93,63,55,41" hai1="83,132,60,38,114,57,21,61,71,45,13,74,9" hai2="119,128,16,87,26,54,96,125,126,91,113,64,17" hai3="66,0,50,4,76,44,7,80,124,103,134,25,121"/><W81/><G121/><T90/><D41/><U88/><E114/><V107/><F119/><W37/><G37/><T135/><D115/><U98/><E132/><V111/><F113/><W120/><G120/><T65/><D135/><U92/><E71/><V42/><F111/><W40/><G134/><T24/><D127/><N who="2" m="48650" /><F128/><N who="0" m="49194" /><D55/><U94/><E21/><V48/><F42/><W53/><G66/><T32/><D32/><U118/><E118/><V102/><F64/><W101/><G81/><T117/><D117/><U77/><E57/><AGARI ba="1,1" hai="19,23,24,57,63,65,86,90,93,122,123" m="49194" machi="57" ten="30,1000,0" yaku="19,1" doraHai="33" who="0" fromWho="1" sc="205,23,305,-13,146,0,334,0" /><INIT seed="4,0,0,3,2,54" ten="228,292,146,334" oya="0" hai0="68,93,131,48,108,14,11,31,16,4,17,20,79" hai1="96,39,115,134,125,46,22,30,90,5,13,9,27" hai2="82,12,35,106,111,122,89,63,110,60,95,73,3" hai3="104,33,25,52,117,109,87,81,128,65,43,70,85"/><T112/><D131/><U67/><E125/><V113/><F3/><W102/><G43/><T32/><D68/><U23/><E134/><V120/><F35/><W74/><G117/><T129/><D129/><U135/><E135/><V121/><F12/><W38/><G38/><T34/><D48/><U119/><E119/><V6/><F6/><W18/><G128/><T97/><D79/><U44/><E115/><V114/><F63/><W92/><G109/><N who="2" m="41481" /><F60/><W24/><G104/><T72/><D72/><U64/><E23/><V59/><F59/><W36/><G74/><T61/><D61/><U58/><E39/><V8/><F8/><W118/><G118/><T19/><D108/><U105/><E105/><V71/><F71/><W29/><G102/><T94/><D112/><N who="2" m="43114" /><F106/><W15/><G36/><T84/><D32/><U10/><E10/><V26/><F26/><W107/><G65/><N who="1" m="25162" /><E58/><V21/><F21/><W7/><G70/><T1/><D34/><U123/><E123/><V57/><F57/><W99/><G107/><T28/><D1/><U45/><E45/><V37/><F37/><W127/><G33/><T53/><D20/><U132/><E132/><V40/><F40/><W98/><G29/><T101/><D53/><U124/><E124/><V47/><F47/><W42/><G127/><T130/><D130/><U66/><E66/><V88/><F95/><AGARI ba="0,0" hai="5,9,13,22,27,30,44,46,90,95,96" m="25162" machi="95" ten="30,1000,0" yaku="8,1" doraHai="54" who="1" fromWho="2" sc="228,0,292,10,146,-10,334,0" /><INIT seed="5,0,0,0,5,2" ten="228,302,136,334" oya="1" hai0="96,110,9,24,41,79,57,71,51,102,61,108,20" hai1="100,30,6,52,53,43,94,39,93,98,38,88,36" hai2="59,44,22,86,72,127,0,92,66,13,11,130,128" hai3="68,131,78,16,73,114,123,8,25,45,99,104,103"/><U90/><E43/><V81/><F72/><W49/><G68/><T60/><D71/><U40/><E40/><V84/><F127/><W75/><G123/><T124/><D124/><U135/><E135/><V58/><F0/><W70/><G70/><T15/><D79/><U3/><E30/><V67/><F22/><W125/><G125/><T120/><D120/><U64/><E64/><V42/><F92/><W7/><G131/><T129/><D129/><U26/><E26/><V21/><F21/><N who="3" m="13479" /><G75/><T50/><D41/><U89/><REACH who="1" step="1"/><E93/><REACH who="1" ten="228,292,136,334" step="2"/><V1/><F42/><N who="3" m="24759" /><G104/><T33/><D33/><U17/><E17/><V77/><F130/><W23/><G73/><T97/><D110/><U121/><E121/><V82/><F128/><W95/><G114/><T74/><D74/><U63/><E63/><V85/><F66/><W101/><G23/><T122/><D61/><U62/><E62/><V83/><F67/><W107/><G107/><T56/><D108/><U47/><E47/><V113/><F44/><W14/><G78/><T87/><D60/><U76/><E76/><V48/><F113/><W91/><AGARI ba="0,1" hai="7,8,14,91,95,99,101,103" m="24759,13479" machi="91" ten="30,4000,0" yaku="8,1,52,1,54,1" doraHai="2" who="3" fromWho="3" sc="228,-10,292,-20,136,-10,334,50" /><INIT seed="6,0,0,2,4,41" ten="218,272,126,384" oya="2" hai0="70,49,75,124,20,47,127,87,58,81,106,90,102" hai1="128,105,121,23,45,39,46,80,63,30,6,31,17" hai2="111,131,21,115,85,74,13,103,66,32,19,126,86" hai3="24,132,112,114,0,44,35,125,101,15,22,108,113"/><V96/><F32/><W7/><G108/><T57/><D70/><U91/><E39/><V78/><F115/><W95/><G125/><N who="0" m="48203" /><D75/><U119/><E105/><V100/><F126/><W93/><G132/><T133/><D133/><U84/><E119/><V99/><F111/><W33/><G0/><T29/><D106/><U62/><E6/><V118/><F118/><W4/><G44/><N who="1" m="17002" /><E128/><V98/><F131/><W38/><G38/><T9/><D9/><U68/><E68/><V40/><F40/><W60/><G60/><N who="1" m="23082" /><E121/><V135/><F135/><W67/><G67/><T89/><D102/><N who="2" m="38954" /><F74/><W5/><G101/><T48/><D48/><U110/><E110/><V51/><F66/><W2/><G2/><T82/><D57/><U26/><AGARI ba="0,0" hai="17,23,26,30,31,80,84,91" m="23082,17002" machi="26" ten="30,7900,0" yaku="8,1,52,3" doraHai="41" who="1" fromWho="1" sc="218,-20,272,79,126,-39,384,-20" /><INIT seed="7,0,0,0,3,34" ten="198,351,87,364" oya="3" hai0="64,119,1,77,26,135,19,5,124,75,67,54,10" hai1="60,15,28,117,16,126,53,78,106,62,110,33,134" hai2="100,37,70,87,14,81,121,72,102,51,91,82,103" hai3="47,112,63,40,96,128,133,13,8,115,55,32,61"/><W31/><G128/><T44/><D119/><U49/><E110/><V88/><F37/><W98/><G133/><T92/><D124/><U45/><E106/><V116/><F70/><W120/><G120/><T56/><D135/><U0/><E0/><V65/><F65/><W27/><G61/><T57/><D44/><U52/><E134/><V93/><F51/><W42/><G42/><T69/><D69/><U66/><E126/><V130/><F14/><W21/><G32/><T118/><D118/><U86/><E117/><V109/><F116/><W11/><G11/><T29/><D19/><U84/><E33/><V36/><F36/><W46/><G63/><N who="1" m="24106" /><E28/><V18/><F18/><N who="3" m="8487" /><G55/><N who="1" m="21066" /><E66/><V85/><F109/><W83/><G83/><T125/><D125/><U12/><E78/><N who="2" m="44231" /><F130/><W41/><G47/><T74/><D64/><U71/><E71/><V2/><F2/><W123/><G41/><T114/><D114/><N who="3" m="43561" /><G123/><T90/><D67/><U58/><E58/><V111/><F111/><W4/><G4/><T76/><D57/><U50/><E15/><V38/><F38/><AGARI ba="0,0" hai="21,27,31,38,40,46,96,98" m="43561,8487" machi="38" ten="30,1500,0" yaku="15,1" doraHai="34" who="3" fromWho="2" sc="198,0,351,0,87,-15,364,15" owari="198,-20.0,351,15.0,72,-43.0,379,48.0" /></mjloggm>