<mjloggm ver="2.3"><GO type="169" lobby="0"/><UN n0="%79%61%67%69%30%32%32%30" n1="%E3%81%BF%E3%81%8B%E3%82%93%EF%BC%A0%E3%82%8F%E3%81%8B%E3%82%81%E3%81%A6" n2="%E4%B8%80%E6%9C%AC%E5%A0%B4" n3="%E3%82%A6%E3%83%AB%E3%83%88%E3%83%A9%E7%AB%8B%E7%9B%B4" dan="16,17,16,17" rate="2129.43,2230.77,2105.52,2120.98" sx="M,M,M,M"/><TAIKYOKU oya="0"/><INIT seed="0,0,0,1,4,59" ten="250,250,250,250" oya="0" hai0="71,52,55,115,129,102,87,105,1,126,132,130,100" hai1="95,39,134,75,21,94,116,103,47,34,88,35,6" hai2="0,122,36,89,32,96,119,5,56,123,18,37,110" hai3="80,25,45,28,92,38,57,12,10,48,69,78,104"/><T76/><D1/><U11/><E116/><V9/><F32/><W16/><G104/><T109/><D115/><U70/><E75/><V73/><F73/><W61/><G69/><T85/><D71/><U67/><E134/><V46/><F110/><W135/><G92/><T90/><D132/><U84/><E21/><V62/><F119/><W121/><G38/><T106/><D76/><U7/><E39/><V19/><F19/><W24/><G28/><T128/><D109/><U17/><E47/><V42/><F18/><W133/><G121/><T49/><D126/><U2/><E7/><V29/><F29/><W125/><G125/><T111/><D111/><U97/><REACH who="1" step="1"/><E17/><REACH who="1" ten="250,240,250,250" step="2"/><V68/><F37/><W72/><G135/><T58/><D130/><U31/><E31/><V107/><F123/><W82/><G133/><T101/><D129/><U114/><E114/><V53/><F122/><W20/><G20/><T50/><D128/><U13/><E13/><V15/><F15/><W23/><G23/><T124/><D124/><U51/><E51/><V26/><F26/><W118/><G118/><T44/><REACH who="0" step="1"/><D87/><REACH who="0" ten="240,240,250,250" step="2"/><U86/><E86/><V22/><F0/><W14/><G72/><T40/><D40/><U4/><E4/><V117/><F5/><W33/><G33/><T127/><D127/><U64/><E64/><V74/><F74/><W83/><G78/><T65/><D65/><U108/><E108/><V112/><F117/><W98/><G10/><T91/><D91/><U93/><E93/><AGARI ba="0,2" hai="44,49,50,52,55,58,85,90,93,100,101,102,105,106" machi="93" ten="40,3900,0" yaku="1,1,54,1,53,0" doraHai="59" doraHaiUra="30" who="0" fromWho="1" sc="240,59,240,-39,250,0,250,0" /><INIT seed="0,1,0,2,3,65" ten="299,201,250,250" oya="0" hai0="66,3,85,50,58,101,126,7,36,4,32,13,24" hai1="44,25,39,31,30,86,94,35,48,104,52,34,93" hai2="129,70,21,132,28,42,110,72,123,79,49,81,37" hai3="95,98,16,128,127,133,1,56,62,47,0,55,8"/><T102/><D36/><U107/><E39/><V15/><F37/><W27/><G128/><T51/><D3/><U134/><E134/><V54/><F42/><W53/><G133/><T83/><D126/><U113/><E113/><V6/><F110/><W89/><G127/><T2/><D2/><U73/><E73/><V122/><F132/><W84/><G84/><T63/><D32/><U77/><E94/><V17/><F129/><W61/><G8/><N who="0" m="4231" /><D24/><U88/><REACH who="1" step="1"/><E77/><REACH who="1" ten="299,191,250,250" step="2"/><V106/><F72/><W118/><G118/><T67/><D7/><U82/><E82/><V97/><F6/><W59/><G47/><T29/><D29/><U74/><E74/><V130/><F28/><W20/><AGARI ba="1,1" hai="0,1,16,20,27,53,55,56,59,61,62,89,95,98" machi="20" ten="30,8000,1" yaku="0,1,9,1,25,2,54,1" doraHai="65" who="3" fromWho="3" sc="299,-41,191,-21,250,-21,250,93" /><INIT seed="1,0,0,3,3,130" ten="258,170,229,343" oya="1" hai0="47,43,48,37,90,51,54,7,40,120,112,99,3" hai1="73,55,49,32,124,96,116,60,46,118,131,106,107" hai2="26,4,20,115,70,45,52,125,42,39,126,86,109" hai3="28,36,102,68,123,33,53,85,59,89,72,65,17"/><U10/><E73/><V108/><F4/><W58/><G72/><T100/><D112/><U9/><E32/><V94/><F70/><W74/><G74/><T95/><D120/><U66/><E131/><V92/><F115/><W41/><G102/><T24/><D37/><U133/><E133/><V117/><F117/><W2/><G2/><T38/><D38/><U113/><E113/><V132/><F132/><W135/><G135/><T56/><D3/><U1/><E124/><N who="2" m="47723" /><F86/><W105/><G105/><T78/><D7/><U98/><E106/><V81/><F81/><W71/><G17/><T104/><D78/><U35/><E35/><V23/><F23/><W11/><G11/><T50/><D24/><U83/><E83/><V21/><F21/><W19/><G19/><T16/><D16/><U134/><E134/><V14/><F14/><W15/><G15/><T62/><REACH who="0" step="1"/><D40/><REACH who="0" ten="248,170,229,343" step="2"/><U77/><E77/><V87/><F26/><W8/><G41/><T0/><D0/><U93/><E1/><V128/><F128/><W29/><G36/><T63/><D63/><U5/><E5/><V75/><F42/><W91/><G123/><T119/><D119/><U76/><E76/><V127/><F39/><W121/><G121/><T22/><D22/><U13/><E13/><V64/><F20/><W67/><G33/><T18/><D18/><U110/><E118/><V12/><F12/><W97/><G28/><T101/><D101/><N who="1" m="62903" /><E116/><V114/><F114/><W30/><G29/><T111/><D111/><U44/><E110/><V31/><F127/><W80/><G30/><T88/><D88/><RYUUKYOKU ba="0,1" sc="248,30,170,-10,229,-10,343,-10" hai0="43,47,48,50,51,54,56,62,90,95,99,100,104" /><INIT seed="2,1,1,5,4,45" ten="278,160,219,333" oya="2" hai0="34,82,70,123,99,130,43,53,91,9,135,50,114" hai1="21,11,127,54,4,68,13,20,26,23,85,126,96" hai2="109,84,3,98,8,125,103,38,79,66,19,2,121" hai3="86,55,39,117,59,74,122,15,133,87,65,51,47"/><V12/><F121/><W25/><G74/><T118/><D34/><U67/><E96/><V105/><F38/><W128/><G122/><T93/><D123/><U31/><E68/><V58/><F125/><N who="1" m="47625" /><E67/><V32/><F32/><W90/><G117/><T111/><D70/><U10/><E85/><V72/><F109/><W52/><G128/><T119/><D114/><U63/><E63/><V35/><F35/><W89/><G133/><T80/><D111/><U115/><E54/><V81/><F66/><W33/><G65/><T40/><D135/><U97/><E97/><V0/><REACH who="2" step="1"/><F58/><REACH who="2" ten="278,160,209,333" step="2"/><W95/><G39/><T104/><D130/><U110/><E110/><V78/><F78/><W76/><G76/><T134/><D134/><U101/><E115/><V42/><F42/><W64/><G64/><T62/><D43/><U27/><E31/><V83/><F83/><W56/><G56/><N who="0" m="35087" /><D104/><U22/><E101/><V124/><F124/><W88/><G59/><T120/><D120/><U106/><N who="1" m="5120" /><DORA hai="48" /><U61/><E106/><V77/><F77/><W44/><G33/><T17/><D119/><U36/><E36/><V49/><F49/><W94/><G51/><T28/><D118/><U107/><E107/><V37/><F37/><W75/><G89/><T100/><D28/><U112/><E112/><V30/><F30/><W57/><G90/><T129/><D129/><U69/><E69/><V116/><F116/><W29/><G88/><T18/><D91/><U132/><E132/><V16/><F16/><W24/><G29/><T73/><D18/><N who="1" m="8511" /><E61/><V5/><F5/><W108/><G108/><RYUUKYOKU ba="1,2" sc="278,-15,160,15,209,15,333,-15" hai1="4,10,26,27" hai2="0,2,3,8,12,19,72,79,81,84,98,103,105" /><INIT seed="2,2,2,4,0,50" ten="263,175,224,318" oya="2" hai0="104,95,124,27,2,31,5,125,114,88,64,72,90" hai1="106,48,101,109,105,59,24,12,132,96,122,82,110" hai2="34,30,54,76,38,131,62,0,8,111,63,66,128" hai3="107,32,46,37,129,115,7,81,22,35,43,85,69"/><V52/><F38/><W126/><G107/><T29/><D104/><U92/><E132/><V47/><F76/><W15/><G69/><T60/><D72/><U57/><E122/><V18/><F47/><W84/><G126/><N who="0" m="48747" /><D114/><U120/><E120/><V121/><F121/><W61/><G129/><N who="2" m="49737" /><F111/><N who="1" m="42505" /><E24/><N who="2" m="18759" /><F63/><W75/><G61/><T41/><D41/><U71/><E71/><N who="2" m="42455" /><F18/><W40/><G46/><T77/><D77/><U56/><E48/><V87/><F87/><W28/><G84/><N who="0" m="52615" /><D90/><U86/><E12/><V21/><F21/><W91/><G22/><T130/><D130/><U51/><E51/><V26/><F26/><W9/><G15/><T33/><D29/><U83/><E83/><V23/><F23/><W36/><G81/><T94/><D94/><U58/><N who="1" m="14336" /><DORA hai="68" /><U65/><E65/><V70/><F70/><W3/><G36/><T49/><D60/><U118/><E118/><V17/><F17/><W100/><G37/><T108/><D64/><U119/><E119/><V112/><F112/><W89/><G115/><T53/><D108/><U79/><AGARI ba="2,2" hai="79,82,86,92,96,101,105,106" m="14336,42505" machi="79" ten="50,1600,0" yaku="14,1" doraHai="50,68" who="1" fromWho="1" sc="263,-6,175,42,224,-10,318,-6" /><INIT seed="3,0,0,0,3,27" ten="257,217,214,312" oya="3" hai0="78,112,70,33,84,46,36,122,64,25,90,62,123" hai1="88,65,76,55,130,42,8,77,121,73,9,17,92" hai2="29,116,47,20,125,83,111,49,120,118,74,119,23" hai3="135,93,68,87,21,50,82,61,58,80,95,132,6"/><W45/><G68/><T30/><D112/><U72/><E121/><V133/><F111/><W97/><G6/><T56/><D78/><U60/><E130/><V85/><F74/><W79/><G82/><T103/><D56/><N who="1" m="36999" /><E72/><V124/><F133/><W110/><G110/><T11/><D11/><N who="1" m="4171" /><E42/><N who="2" m="24823" /><F120/><W81/><G81/><T12/><D12/><U34/><E34/><V127/><F29/><W134/><G21/><T69/><D69/><U117/><E73/><V115/><F115/><W0/><G0/><T106/><D90/><AGARI ba="0,0" hai="20,23,83,85,90,116,118,119,124,125,127" m="24823" machi="90" ten="40,1300,0" yaku="18,1" doraHai="27" who="2" fromWho="0" sc="257,-13,217,0,214,13,312,0" /><INIT seed="4,0,0,4,5,79" ten="244,217,227,312" oya="0" hai0="95,126,21,86,49,23,11,87,127,90,42,84,71" hai1="83,69,64,78,97,89,45,10,81,1,8,6,129" hai2="19,132,121,4,100,50,53,72,113,12,30,117,60" hai3="61,119,74,58,43,99,80,17,82,107,92,70,47"/><T44/><D71/><U111/><E111/><V88/><F4/><W7/><G107/><T55/><D11/><U112/><E129/><V41/><F121/><W77/><G70/><T33/><D33/><U25/><E112/><V118/><F30/><W102/><G7/><T63/><D127/><U96/><E10/><V128/><F72/><W34/><G34/><T75/><D75/><U40/><E69/><V108/><F100/><W116/><G17/><T28/><D126/><U103/><E64/><V106/><F106/><W20/><G20/><T26/><D21/><U37/><E25/><V120/><F108/><W125/><G82/><T109/><D109/><U130/><E130/><V66/><F41/><W68/><G68/><T105/><D105/><U51/><E51/><V93/><F132/><W14/><G14/><T35/><D35/><U76/><E103/><V65/><F113/><W62/><G62/><T57/><AGARI ba="0,0" hai="23,26,28,42,44,49,55,57,63,84,86,87,90,95" machi="57" ten="30,3000,0" yaku="0,1,8,1" doraHai="79" who="0" fromWho="0" sc="244,30,217,-10,227,-10,312,-10" /><INIT seed="4,1,0,4,0,44" ten="274,207,217,302" oya="0" hai0="135,41,98,36,53,25,47,121,64,113,62,11,101" hai1="94,79,134,22,17,26,21,40,52,111,107,67,49" hai2="29,0,110,2,132,4,123,57,131,58,63,104,19" hai3="68,27,43,74,112,69,46,9,30,90,75,118,85"/><T116/><D116/><U91/><E107/><V81/><F104/><W96/><G96/><T119/><D119/><U71/><E111/><V7/><F29/><W88/><G118/><T100/><D121/><U34/><E134/><V37/><F37/><W93/><G112/><T125/><D113/><U129/><E129/><V102/><F102/><W77/><G9/><T122/><D122/><U24/><E34/><V56/><F63/><W1/><G1/><T84/><D135/><U130/><E130/><V5/><F110/><W15/><G15/><T99/><D125/><U65/><E40/><V18/><F123/><W89/><G89/><T38/><D38/><U42/><E42/><V92/><F92/><W87/><G77/><T23/><D84/><N who="1" m="52583" /><E79/><V115/><F115/><W14/><G69/><T48/><D11/><U66/><E71/><V80/><F132/><W72/><G68/><N who="0" m="42007" /><D101/><U60/><E60/><V55/><F55/><W45/><G43/><T61/><D61/><U76/><E76/><V97/><F131/><W31/><G75/><T109/><D100/><U73/><E73/><V35/><F97/><W120/><G72/><T126/><D126/><U133/><E133/><V32/><F2/><W20/><G74/><T78/><D78/><U54/><E49/><V117/><F0/><W128/><G128/><T103/><D103/><U108/><E108/><V51/><F117/><W106/><G106/><T50/><D109/><U8/><E8/><V83/><F51/><N who="0" m="19498" /><D53/><U127/><E127/><V105/><F105/><W124/><G124/><T3/><D3/><U95/><E95/><RYUUKYOKU ba="1,0" sc="274,10,207,10,217,10,302,-30" hai0="23,25,36,41,47,98,99" hai1="17,21,22,24,26,52,54,65,66,67" hai2="4,5,7,18,19,32,35,56,57,58,80,81,83" /><INIT seed="4,2,0,3,5,20" ten="284,217,227,272" oya="0" hai0="31,85,59,97,99,52,18,126,15,65,66,102,75" hai1="128,132,35,79,134,119,42,13,12,40,74,11,117" hai2="130,43,44,22,41,91,100,82,8,58,86,103,84" hai3="122,105,112,39,3,26,108,62,25,131,71,32,51"/><T0/><D75/><U129/><E74/><V92/><F130/><N who="1" m="50281" /><E79/><V83/><F8/><W24/><G131/><T33/><D0/><U127/><E35/><V133/><F133/><N who="1" m="51305" /><E127/><V124/><F124/><W53/><G3/><T1/><D1/><U104/><E104/><V27/><F58/><W46/><G105/><T109/><D126/><U55/><E55/><V107/><F107/><W34/><G122/><T4/><D4/><U135/><N who="1" m="51313" /><U89/><DORA hai="116" /><E89/><V70/><F70/><W47/><G108/><T30/><D109/><U67/><E67/><N who="0" m="25609" /><D33/><U23/><E23/><V88/><F92/><W76/><G76/><T16/><D85/><U72/><E72/><V17/><REACH who="2" step="1"/><F43/><REACH who="2" ten="284,217,217,272" step="2"/><N who="1" m="16425" /><E12/><V45/><F45/><W101/><G47/><T10/><D15/><U48/><E48/><AGARI ba="2,1" hai="17,22,27,41,44,48,82,83,84,86,88,91,100,103" machi="48" ten="30,16000,3" yaku="1,1,7,1,9,1,8,1,52,1,54,1,53,2" doraHai="20,116" doraHaiUra="81,64" who="2" fromWho="1" sc="284,0,217,-166,217,176,272,0" /><INIT seed="5,0,0,3,1,1" ten="284,51,393,272" oya="1" hai0="135,50,78,109,52,49,11,8,74,26,45,6,32" hai1="5,98,24,16,131,12,69,108,3,127,61,88,94" hai2="28,89,71,42,57,82,37,77,86,75,92,18,103" hai3="73,17,104,55,121,96,70,2,99,67,63,125,34"/><U14/><E131/><V122/><F71/><W56/><G121/><T44/><D109/><U123/><E123/><V90/><F28/><W128/><G73/><T133/><D11/><U115/><E115/><V84/><F37/><W30/><G128/><T72/><D26/><U83/><E127/><V68/><F68/><W95/><G2/><T39/><D32/><U87/><E108/><V29/><F29/><W111/><G111/><T81/><D74/><U79/><E69/><V100/><F42/><W76/><G76/><T132/><D39/><U0/><E61/><V64/><F18/><W93/><G17/><T102/><D102/><U33/><E33/><V85/><F64/><W129/><G129/><T97/><D97/><U134/><E134/><V107/><F57/><W7/><G7/><T53/><REACH who="0" step="1"/><D135/><REACH who="0" ten="274,51,393,272" step="2"/><U105/><E105/><V112/><F122/><W31/><G104/><T54/><D54/><U21/><REACH who="1" step="1"/><E0/><AGARI ba="0,1" hai="0,6,8,44,45,49,50,52,53,72,78,81,132,133" machi="0" ten="40,8000,1" yaku="1,1,9,1,52,1,54,1,53,0" doraHai="1" doraHaiUra="58" who="0" fromWho="1" sc="274,90,51,-80,393,0,272,0" owari="364,16.0,-29,-53.0,393,50.0,272,-13.0" /></mjloggm>