<mjloggm ver="2.3"><GO type="169" lobby="0"/><UN n0="%E3%82%A6%E3%83%AB%E3%83%88%E3%83%A9%E7%AB%8B%E7%9B%B4" n1="%E3%81%90%E3%81%BF%E3%82%83%E3%81%99" n2="%E7%95%AA%E7%8A%AC%E5%90%9B" n3="%52%69%2D%4D%6F%2D" dan="17,16,16,17" rate="2201.42,2072.11,2116.15,2153.52" sx="M,M,M,M"/><TAIKYOKU oya="0"/><INIT seed="0,0,0,4,1,0" ten="250,250,250,250" oya="0" hai0="134,4,59,49,122,32,17,58,129,64,91,23,121" hai1="44,116,2,97,132,104,110,93,89,60,118,108,83" hai2="50,12,120,99,72,24,90,8,74,48,100,76,94" hai3="20,113,117,13,25,75,28,7,103,61,36,51,69"/><T115/><D115/><U45/><E2/><V18/><F120/><W68/><G36/><T79/><D32/><U84/><E60/><V57/><F76/><W102/><G113/><T40/><D79/><U98/><E45/><V9/><F24/><W109/><G75/><T77/><D77/><U67/><E67/><V92/><F8/><W123/><G117/><T106/><D106/><U66/><E66/><V26/><F26/><W16/><G109/><N who="1" m="42090" /><E44/><V37/><F37/><W85/><G123/><T15/><D129/><U111/><N who="1" m="42098" /><U10/><DORA hai="19" /><E10/><V63/><F74/><W39/><G39/><T124/><D134/><U1/><E1/><V29/><F72/><W101/><G51/><T127/><D122/><U88/><E132/><V71/><F71/><W87/><G7/><T135/><D135/><U34/><E34/><V38/><F29/><W80/><G61/><N who="0" m="37943" /><D121/><U130/><E130/><V112/><F38/><W42/><G42/><T82/><D4/><U119/><E104/><V95/><F112/><W47/><G47/><N who="0" m="25831" /><D59/><U22/><E22/><V31/><F48/><W56/><G56/><T114/><D114/><U43/><E43/><V125/><F50/><W107/><G107/><T131/><D131/><U46/><E46/><V86/><F57/><W5/><G5/><T52/><D52/><U70/><E70/><V27/><F63/><W30/><G69/><T126/><D126/><U53/><E53/><V81/><F125/><W96/><G68/><T73/><D73/><U78/><E78/><V65/><F65/><W33/><G33/><AGARI ba="0,0" hai="9,12,18,27,31,33,81,86,90,92,94,95,99,100" machi="33" ten="30,1000,0" yaku="7,1" doraHai="0,19" who="2" fromWho="3" sc="250,0,250,0,250,10,250,-10" /><INIT seed="1,0,0,2,3,79" ten="250,250,260,240" oya="1" hai0="70,21,90,83,87,20,19,135,34,99,14,57,39" hai1="49,98,37,43,12,123,95,84,28,110,128,127,16" hai2="9,0,66,73,67,78,74,23,130,118,109,51,104" hai3="7,8,69,133,22,15,81,94,40,61,122,113,25"/><U106/><E123/><V121/><F121/><W76/><G113/><T55/><D70/><U42/><E37/><V124/><F78/><W46/><G122/><T72/><D34/><U89/><E28/><V31/><F51/><W103/><G133/><T112/><D112/><U29/><E29/><V32/><F23/><W97/><G69/><T71/><D71/><U36/><E36/><V3/><F31/><W86/><G61/><T30/><D135/><U125/><E128/><V80/><F9/><W96/><G96/><T24/><D39/><U53/><E106/><V129/><F124/><N who="1" m="47689" /><E98/><V41/><F41/><W107/><G107/><T60/><D72/><U115/><E110/><V91/><F104/><W100/><G100/><T35/><D99/><U88/><E89/><V114/><F91/><W134/><G134/><T65/><REACH who="0" step="1"/><D35/><REACH who="0" ten="240,250,260,240" step="2"/><U85/><E115/><V102/><F32/><W77/><G97/><T33/><D33/><U13/><E85/><V17/><F114/><W58/><G86/><T4/><D4/><U62/><E62/><V108/><F73/><W116/><G7/><T54/><AGARI ba="0,1" hai="14,19,20,21,24,30,54,55,57,60,65,83,87,90" machi="54" ten="30,7900,0" yaku="1,1,0,1,8,1,52,1,53,0" doraHai="79" doraHaiUra="1" who="0" fromWho="0" sc="240,89,250,-39,260,-20,240,-20" /><INIT seed="2,0,0,1,2,133" ten="329,211,240,220" oya="2" hai0="20,77,30,14,110,79,134,23,132,100,96,46,114" hai1="31,106,76,3,108,116,33,59,57,58,9,44,83" hai2="121,4,80,62,27,118,65,2,61,125,39,86,123" hai3="109,105,12,49,17,67,52,103,94,19,74,84,15"/><V22/><F118/><W43/><G74/><T25/><D114/><U95/><E106/><V129/><F39/><W40/><G109/><T127/><D110/><U66/><E116/><V69/><F129/><W36/><G67/><T72/><D72/><U8/><E108/><V101/><F101/><W104/><G36/><T50/><D14/><N who="3" m="5161" /><G105/><N who="0" m="63623" /><D20/><U13/><E31/><V1/><F62/><W89/><G103/><T102/><D102/><U120/><E33/><V117/><F117/><W88/><G89/><T122/><D122/><U78/><E66/><V131/><F131/><W92/><G94/><T81/><D81/><U28/><E28/><V5/><F1/><W97/><G97/><T34/><D34/><U126/><E95/><V75/><F75/><W29/><G29/><T91/><D91/><U90/><E90/><V48/><F48/><W11/><G104/><T10/><D30/><U42/><E120/><V41/><F80/><W119/><G11/><T53/><D10/><U6/><E83/><V73/><F73/><W70/><G70/><T0/><D50/><U71/><E71/><V124/><F86/><W63/><G119/><T7/><D134/><U85/><E85/><V111/><F111/><W64/><G63/><T55/><D132/><U107/><E107/><V56/><F69/><W82/><G82/><T51/><D77/><N who="1" m="29803" /><E8/><N who="2" m="2071" /><F5/><W21/><G64/><T37/><D7/><U115/><E3/><V93/><F93/><W45/><G19/><N who="0" m="12543" /><D37/><N who="1" m="21583" /><E115/><V16/><F41/><W135/><G135/><T68/><D79/><U113/><E113/><V130/><F130/><W24/><AGARI ba="0,0" hai="17,21,24,40,43,45,49,52,84,88,92" m="5161" machi="24" ten="30,7900,0" yaku="5,1,8,1,54,2" doraHai="133" who="3" fromWho="3" sc="329,-20,211,-20,240,-39,220,79" /><INIT seed="3,0,0,5,2,84" ten="309,191,201,299" oya="3" hai0="89,35,13,59,133,99,67,58,12,135,21,98,125" hai1="23,80,38,109,37,128,121,64,79,46,91,22,126" hai2="9,28,47,60,68,113,81,122,27,45,32,48,24" hai3="83,44,82,115,15,69,90,106,104,93,8,1,97"/><W52/><G115/><T100/><D35/><U74/><E121/><V85/><F113/><W118/><G118/><T53/><D125/><U95/><E126/><V120/><F9/><W26/><G1/><T40/><D40/><U132/><E109/><V86/><F24/><W57/><G69/><T130/><D130/><U127/><E127/><V42/><F47/><W77/><G44/><T50/><D67/><U66/><E128/><V19/><F19/><W119/><G119/><T2/><D2/><U10/><E132/><N who="0" m="50761" /><D59/><U30/><E10/><V63/><F86/><W92/><G26/><T36/><D36/><U88/><E95/><V72/><F72/><W34/><G34/><T5/><D5/><U18/><E30/><V114/><F114/><W3/><G3/><T76/><D76/><U123/><E123/><N who="2" m="47147" /><F68/><W14/><G14/><T110/><D110/><U94/><E46/><V112/><F112/><W6/><G92/><N who="0" m="56591" /><D21/><U71/><E71/><V107/><F107/><AGARI ba="0,0" hai="12,13,50,53,58,99,100,107" m="56591,50761" machi="107" ten="30,2000,0" yaku="20,1,52,1" doraHai="84" who="0" fromWho="2" sc="309,20,191,0,201,-20,299,0" /><INIT seed="4,0,0,5,2,43" ten="329,191,181,299" oya="0" hai0="8,50,124,41,30,2,127,126,69,113,84,63,45" hai1="96,112,66,3,85,60,23,74,55,26,39,93,37" hai2="94,44,80,107,79,61,32,10,29,82,86,133,103" hai3="48,42,36,106,88,67,105,21,7,90,6,78,18"/><T70/><D113/><U1/><E74/><V97/><F133/><W27/><G36/><T99/><D30/><U17/><E112/><V33/><F10/><W49/><G105/><T118/><D118/><U47/><E85/><V95/><F61/><W125/><G106/><T135/><D135/><U104/><E104/><V71/><F71/><W132/><G132/><T28/><D28/><U62/><E39/><V13/><F13/><W101/><G101/><T89/><D99/><U58/><E37/><V98/><F29/><W15/><G125/><T68/><D63/><U129/><E129/><V119/><F119/><W64/><G78/><T123/><D123/><U51/><REACH who="1" step="1"/><E62/><REACH who="1" ten="329,181,181,299" step="2"/><V102/><F107/><W31/><G49/><T73/><D73/><U40/><E40/><V134/><F134/><W11/><G48/><T128/><D128/><U65/><E65/><V14/><F86/><W75/><G42/><T22/><D126/><U52/><E52/><V108/><F79/><W109/><G75/><T83/><D127/><U12/><E12/><V4/><F14/><W56/><G67/><T59/><D124/><U92/><E92/><V131/><F131/><W46/><G64/><T24/><D41/><U130/><E130/><V35/><F108/><W38/><G109/><T121/><D50/><U117/><E117/><V116/><F116/><W81/><G38/><T111/><D111/><U19/><E19/><V20/><F94/><W57/><G18/><N who="0" m="12375" /><D84/><U5/><E5/><V9/><F4/><W122/><G7/><T100/><D121/><U77/><E77/><V25/><F95/><RYUUKYOKU ba="0,1" sc="329,-10,181,30,181,-10,299,-10" hai1="1,3,17,23,26,47,51,55,58,60,66,93,96" /><INIT seed="5,1,1,1,3,8" ten="319,211,171,289" oya="1" hai0="135,72,11,41,45,16,118,110,63,23,128,113,24" hai1="122,93,104,55,22,111,108,39,127,46,96,69,50" hai2="123,19,18,20,132,6,58,34,88,92,76,0,100" hai3="54,80,1,97,10,87,83,35,82,129,53,89,29"/><U64/><E122/><V61/><F123/><W25/><G129/><T133/><D72/><U70/><E104/><V15/><F132/><N who="0" m="50762" /><D110/><N who="1" m="42027" /><E64/><V79/><F34/><W73/><G97/><T75/><D75/><U52/><E127/><V13/><F100/><W33/><G33/><T9/><D118/><U120/><E120/><V27/><F6/><W98/><G98/><T68/><D128/><U3/><E3/><V131/><F0/><W67/><G67/><N who="0" m="41087" /><D113/><U12/><E55/><N who="2" m="34015" /><F131/><W103/><G103/><T57/><D57/><U43/><E43/><V116/><F116/><W112/><G112/><T14/><D24/><U90/><E39/><AGARI ba="1,1" hai="9,11,14,16,23,39,41,45" m="41087,50762" machi="39" ten="30,3900,0" yaku="20,1,52,1,54,1" doraHai="8" who="0" fromWho="1" sc="319,52,211,-42,171,0,289,0" /><INIT seed="6,0,0,2,3,87" ten="371,169,171,289" oya="2" hai0="9,16,20,98,85,24,128,113,37,21,100,123,43" hai1="133,14,125,55,127,56,65,7,29,71,77,111,79" hai2="64,62,54,115,109,0,84,17,38,48,73,15,86" hai3="120,105,129,61,124,11,114,4,44,34,119,28,40"/><V2/><F109/><W66/><G120/><T94/><D123/><U126/><E111/><V82/><F38/><W57/><G119/><T81/><D113/><U59/><E133/><V1/><F73/><W122/><G122/><T130/><D9/><N who="1" m="4415" /><E29/><V101/><F101/><W107/><G124/><T36/><D21/><U93/><E59/><V63/><F115/><W118/><G118/><T80/><D80/><U74/><E74/><V121/><F121/><W90/><G129/><N who="0" m="49771" /><D43/><U32/><E32/><V110/><F110/><W134/><G134/><T35/><D35/><U135/><E135/><V117/><F117/><W33/><G33/><T3/><D3/><U51/><E93/><V91/><F84/><W41/><G41/><T46/><D46/><U131/><E131/><V92/><F82/><W108/><G28/><T60/><D60/><AGARI ba="0,0" hai="51,55,56,60,65,71,77,79,125,126,127" m="4415" machi="60" ten="30,1000,0" yaku="18,1" doraHai="87" who="1" fromWho="0" sc="371,-10,169,10,171,0,289,0" /><INIT seed="7,0,0,4,3,8" ten="361,179,171,289" oya="3" hai0="100,126,97,60,84,19,125,44,2,70,42,7,83" hai1="135,118,104,79,72,66,95,127,121,65,39,20,49" hai2="59,54,74,124,133,50,110,73,89,120,31,93,132" hai3="0,131,129,77,101,5,117,103,61,3,15,37,34"/><W38/><G34/><T53/><D19/><U16/><E104/><V9/><F110/><W26/><G77/><T128/><D128/><N who="3" m="49225" /><G117/><T35/><D35/><U92/><E39/><N who="3" m="14858" /><G26/><T28/><D28/><U12/><E79/><V11/><F120/><W80/><G80/><T67/><D53/><U21/><E72/><N who="2" m="27755" /><F31/><W69/><G61/><T78/><D7/><U113/><E121/><V36/><F36/><W10/><G69/><T1/><D44/><U56/><E118/><V98/><F124/><N who="0" m="47722" /><D42/><U63/><E66/><V108/><F108/><W51/><G51/><T81/><D81/><U52/><E127/><V58/><F58/><W111/><G111/><T64/><D64/><U122/><E122/><V43/><F43/><W23/><G23/><T48/><D48/><U88/><E21/><V14/><F14/><W68/><G68/><T13/><D13/><U71/><E71/><V62/><F50/><W109/><G109/><T30/><D30/><U90/><E49/><V130/><F130/><W105/><G105/><AGARI ba="0,0" hai="1,2,60,67,70,78,83,84,97,100,105" m="47722" machi="105" ten="30,1000,0" yaku="18,1" doraHai="8" who="0" fromWho="3" sc="361,10,179,0,171,0,289,-10" owari="371,47.0,179,-22.0,171,-33.0,279,8.0" /></mjloggm>