<mjloggm ver="2.3"><GO type="41" lobby="0"/><UN n0="%6D%73%69%67%65%72%75" n1="%47%41%4B%4B%59%32%31" n2="%E5%B0%B1%E6%B4%BB%E7%94%9F%40%E5%B7%9D%E6%9D%91%E8%BB%8D%E5%9B%A3" n3="%42%65%6C%68%61%64%6A" dan="16,14,18,13" rate="2070.79,1941.62,2202.88,1828.21" sx="M,M,M,M"/><TAIKYOKU oya="0"/><INIT seed="0,0,0,3,5,11" ten="250,250,250,250" oya="0" hai0="86,100,113,80,2,37,9,19,91,110,94,70,54" hai1="32,53,85,118,45,105,61,78,16,62,13,107,66" hai2="24,133,108,56,44,115,109,129,3,38,67,50,68" hai3="124,93,71,28,64,31,35,5,89,59,92,47,130"/><T123/><D70/><U82/><E32/><V27/><F3/><W52/><G71/><T126/><D113/><U69/><E118/><V87/><F115/><W116/><G116/><T111/><D123/><U98/><E98/><V48/><F87/><W39/><G64/><T101/><D37/><U99/><E99/><V10/><F10/><W106/><G106/><T58/><D126/><U75/><E75/><V0/><F0/><W122/><G35/><T103/><D2/><U125/><E125/><V21/><F27/><W104/><G93/><T7/><D7/><U97/><E97/><V135/><F21/><W42/><G122/><T83/><D9/><U15/><E15/><V17/><F17/><W81/><G81/><T6/><D6/><U117/><E117/><V112/><F24/><W33/><G104/><T120/><D19/><U40/><E62/><N who="2" m="40055" /><F112/><W25/><G31/><T18/><D18/><U76/><E53/><N who="2" m="31783" /><F129/><W41/><G5/><T1/><D1/><U34/><E78/><V49/><F38/><W128/><G124/><T14/><D120/><U88/><E76/><V57/><F57/><W30/><G33/><T36/><D36/><U51/><E34/><V46/><F50/><W55/><G39/><T119/><D119/><U134/><E134/><N who="2" m="51211" /><F49/><W65/><G59/><T90/><D14/><U29/><E29/><V72/><F72/><W26/><G30/><T43/><D83/><U74/><E74/><V131/><F131/><W22/><G28/><T12/><D80/><U77/><E77/><V23/><F23/><AGARI ba="0,0" hai="13,16,23,40,45,51,61,66,69,82,85,88,105,107" machi="23" ten="30,7700,0" yaku="7,1,52,1,54,2" doraHai="11" who="1" fromWho="2" sc="250,0,250,77,250,-77,250,0" /><INIT seed="1,0,0,2,0,108" ten="250,327,173,250" oya="1" hai0="89,4,37,134,130,10,121,97,43,2,58,42,11" hai1="84,70,45,128,79,59,90,95,111,91,132,125,20" hai2="38,41,1,39,112,107,0,24,117,78,127,34,57" hai3="76,21,48,61,116,102,14,106,85,105,110,100,65"/><U8/><E70/><V64/><F107/><W129/><G110/><T87/><D121/><U26/><E111/><V31/><F117/><W133/><G116/><T67/><D130/><U19/><E132/><V13/><F127/><W71/><G129/><T9/><D134/><U131/><E128/><V93/><F78/><W49/><G133/><T16/><D97/><U3/><E131/><V7/><F93/><W51/><G76/><T88/><D89/><U118/><E118/><V75/><F75/><W92/><G92/><T122/><D122/><U44/><E125/><V104/><F104/><W55/><G85/><T66/><D37/><U47/><E79/><V46/><F39/><W113/><G105/><T60/><D67/><U119/><E119/><V17/><F7/><W114/><G106/><T12/><REACH who="0" step="1"/><D11/><REACH who="0" ten="240,327,173,250" step="2"/><U73/><E90/><V80/><F80/><AGARI ba="0,1" hai="2,4,9,10,12,16,42,43,58,60,66,80,87,88" machi="80" ten="30,12000,2" yaku="1,1,2,1,7,1,54,2,53,1" doraHai="108" doraHaiUra="54" who="0" fromWho="2" sc="240,130,327,0,173,-120,250,0" /><INIT seed="2,0,0,0,3,134" ten="370,327,53,250" oya="2" hai0="22,106,20,77,4,76,123,52,62,103,45,58,18" hai1="86,119,6,16,97,131,82,30,7,47,122,89,13" hai2="36,132,24,109,39,85,96,8,14,98,133,38,15" hai3="49,90,74,111,1,127,101,33,120,0,65,34,28"/><V125/><F24/><W9/><G74/><T116/><D123/><U64/><E122/><V27/><F27/><W5/><G1/><T83/><D116/><U17/><E119/><V75/><F75/><W50/><G120/><T93/><D106/><U108/><E108/><V29/><F29/><W44/><G111/><T66/><D4/><U87/><E131/><V110/><F39/><W43/><G28/><T59/><D45/><U92/><E30/><V63/><F63/><W73/><G73/><T80/><D103/><U118/><E118/><V31/><F31/><W68/><G101/><T100/><D93/><U70/><E64/><V81/><F8/><W114/><G114/><T126/><D100/><U55/><E70/><V67/><F67/><W57/><G68/><T10/><D10/><U129/><E129/><V46/><F46/><W37/><G37/><T26/><D22/><U91/><E17/><V124/><F81/><N who="0" m="31306" /><D126/><U84/><E84/><AGARI ba="0,0" hai="14,15,36,38,84,85,96,98,109,110,124,125,132,133" machi="84" ten="25,9600,0" yaku="22,2,52,2" doraHai="134" who="2" fromWho="1" sc="370,0,327,-96,53,96,250,0" /><INIT seed="2,1,0,5,3,40" ten="370,231,149,250" oya="2" hai0="100,5,50,3,41,4,22,119,116,106,20,48,118" hai1="19,12,0,6,125,97,92,109,55,61,135,23,126" hai2="27,132,42,11,44,105,129,38,14,36,78,104,46" hai3="17,13,83,79,90,108,80,47,96,1,60,70,85"/><V102/><F129/><W18/><G1/><T112/><D112/><U73/><E73/><V34/><F132/><W74/><G108/><T29/><D106/><U121/><E121/><V33/><F78/><W95/><G70/><T131/><D100/><U107/><E107/><V32/><F27/><W82/><G60/><T43/><D131/><U133/><E6/><N who="0" m="2665" /><D3/><U54/><E0/><V52/><F102/><W35/><G35/><T117/><D117/><U2/><E2/><V51/><REACH who="2" step="1"/><F36/><REACH who="2" ten="370,231,139,250" step="2"/><W120/><G120/><T87/><D119/><U37/><E37/><V63/><F63/><W16/><G74/><T134/><D118/><U64/><E109/><V122/><F122/><W75/><G75/><T57/><D116/><U31/><E135/><V124/><F124/><N who="1" m="47721" /><E133/><V84/><F84/><W7/><G79/><T67/><D87/><U56/><E31/><V113/><F113/><W28/><G96/><T26/><D134/><U81/><E81/><V72/><F72/><W69/><G28/><T127/><D127/><U103/><AGARI ba="1,1" hai="12,19,23,54,55,56,61,64,92,97,103" m="47721" machi="103" ten="30,1100,0" yaku="18,1" doraHai="40" who="1" fromWho="1" sc="370,-4,231,24,139,-6,250,-4" /><INIT seed="3,0,0,0,2,26" ten="366,255,133,246" oya="3" hai0="127,109,36,84,129,58,21,79,134,52,88,69,70" hai1="65,59,28,89,120,76,126,80,72,15,132,48,124" hai2="92,22,66,87,13,3,19,35,9,38,81,54,51" hai3="45,27,98,40,57,60,23,33,63,135,17,119,95"/><W6/><G119/><T61/><D36/><U47/><E120/><V96/><F38/><W37/><G135/><T113/><D134/><U93/><E132/><V85/><F35/><W67/><G6/><T1/><D1/><U125/><E15/><V121/><F121/><W110/><G110/><T105/><D105/><U64/><E59/><V117/><F117/><W97/><G33/><T7/><D7/><U78/><E76/><V131/><F66/><W42/><G40/><T53/><D79/><U122/><E122/><V103/><F131/><W30/><G95/><T43/><D43/><U32/><E89/><V90/><F85/><W112/><G112/><T116/><D116/><U91/><E91/><V101/><F3/><W14/><G63/><T68/><D109/><U128/><E93/><V99/><F99/><W44/><REACH who="3" step="1"/><G45/><REACH who="3" ten="366,255,133,236" step="2"/><T10/><D113/><U94/><E94/><V100/><REACH who="2" step="1"/><F22/><REACH who="2" ten="366,255,123,236" step="2"/><W25/><G25/><T50/><D21/><U108/><E108/><V4/><F4/><W118/><G118/><T83/><D129/><U11/><E128/><V62/><F62/><W133/><G133/><T115/><D115/><U29/><E32/><V39/><F39/><W5/><G5/><T55/><D61/><U111/><E111/><V82/><F82/><W18/><G18/><T86/><D86/><U46/><E11/><V73/><F73/><W34/><AGARI ba="0,2" hai="14,17,23,27,30,34,37,42,44,57,60,67,97,98" machi="34" ten="20,7800,0" yaku="1,1,0,1,7,1,52,1,53,0" doraHai="26" doraHaiUra="130" who="3" fromWho="3" sc="366,-26,255,-26,123,-26,236,98" /><INIT seed="3,1,0,1,0,79" ten="340,229,97,334" oya="3" hai0="13,130,19,118,95,57,54,113,30,33,132,87,108" hai1="22,129,114,43,89,82,100,97,116,58,81,59,60" hai2="12,55,78,110,23,122,123,50,44,41,45,29,56" hai3="5,14,18,77,73,117,11,91,92,111,71,53,9"/><W63/><G117/><T124/><D118/><U34/><E34/><V42/><F29/><W94/><G111/><T126/><D108/><U65/><E114/><V27/><F110/><W35/><G35/><T7/><D113/><U125/><E43/><V104/><F104/><W90/><G92/><T51/><D7/><U8/><E116/><V84/><F12/><W99/><G71/><T70/><D70/><U98/><E125/><N who="0" m="48233" /><D130/><U112/><E112/><V25/><F23/><W52/><G90/><N who="0" m="53727" /><D132/><U10/><E129/><V128/><F128/><W96/><G96/><T103/><D103/><U135/><E135/><V121/><F84/><W68/><G68/><T64/><D64/><U39/><E39/><V102/><F102/><W20/><G63/><T80/><D33/><U76/><E76/><V133/><F78/><W38/><G38/><T61/><D30/><U101/><E89/><V15/><F15/><W75/><G73/><T49/><D80/><N who="1" m="30827" /><E22/><AGARI ba="1,0" hai="13,19,22,49,51,54,57,61" m="53727,48233" machi="22" ten="30,1000,0" yaku="18,1" doraHai="79" who="0" fromWho="1" sc="340,13,229,-13,97,0,334,0" /><INIT seed="4,0,0,2,5,35" ten="353,216,97,334" oya="0" hai0="81,116,83,46,72,134,4,90,65,78,79,132,120" hai1="99,27,80,101,29,119,125,122,88,67,107,89,95" hai2="57,93,114,62,123,85,7,74,102,66,36,108,54" hai3="69,115,8,92,3,68,43,11,104,86,113,98,96"/><T117/><D65/><U64/><E122/><V126/><F74/><W2/><G43/><T12/><D46/><U37/><E37/><V50/><F108/><W6/><G6/><T100/><D4/><U130/><E119/><V48/><F36/><W51/><G51/><T97/><D12/><U31/><E130/><V38/><F38/><W71/><G86/><T10/><D10/><N who="3" m="3625" /><G104/><N who="0" m="63503" /><D90/><U77/><E125/><V58/><F7/><W111/><G111/><T109/><D120/><U76/><E29/><V124/><F114/><N who="3" m="43531" /><G92/><T110/><D110/><U19/><E19/><V45/><F123/><W34/><G34/><T0/><D109/><U128/><E128/><V73/><F73/><W41/><G41/><T17/><D17/><U118/><E118/><N who="0" m="45673" /><D0/><AGARI ba="0,0" hai="0,2,3,68,69,71,96,98" m="43531,3625" machi="0" ten="40,12000,2" yaku="28,2,15,1,52,3" doraHai="35" who="3" fromWho="0" sc="353,-120,216,0,97,0,334,120" /><INIT seed="5,0,0,5,4,9" ten="233,216,97,454" oya="1" hai0="35,120,114,19,109,99,102,59,128,106,22,71,132" hai1="3,28,50,21,115,121,98,84,82,46,105,63,117" hai2="45,29,0,30,62,49,68,15,36,1,72,17,61" hai3="27,65,91,42,43,52,5,57,129,101,108,10,123"/><U133/><E3/><V66/><F72/><W77/><G108/><T119/><RYUUKYOKU type="yao9" ba="0,0" sc="233,0,216,0,97,0,454,0" hai0="19,22,35,59,71,99,102,106,109,114,119,120,128,132" /><INIT seed="5,1,0,3,4,14" ten="233,216,97,454" oya="1" hai0="112,56,5,124,109,16,63,88,104,66,1,34,89" hai1="33,10,21,64,100,77,110,17,86,7,119,13,25" hai2="111,93,132,42,28,41,69,115,123,8,122,90,45" hai3="134,106,11,95,61,44,57,53,102,125,37,128,2"/><U105/><E119/><V81/><F111/><W117/><G106/><T126/><D34/><U108/><E64/><V60/><F132/><W70/><G70/><T30/><D104/><U133/><E133/><V83/><F28/><W116/><G102/><T54/><D30/><N who="1" m="19663" /><E100/><V49/><F42/><W6/><G95/><T107/><D109/><N who="1" m="42091" /><E105/><V29/><F29/><W38/><G44/><T68/><D107/><U40/><E40/><V15/><F115/><W94/><G134/><T99/><D112/><U23/><E86/><V47/><F47/><W130/><G94/><T92/><D1/><N who="1" m="367" /><E77/><V3/><F3/><W78/><G78/><T31/><D5/><U121/><E121/><V22/><F122/><W127/><G53/><T35/><D89/><U51/><E51/><V24/><F123/><W135/><G57/><T9/><D35/><U62/><E62/><V26/><F60/><W4/><G61/><T58/><D31/><U27/><E23/><V118/><F69/><W129/><G135/><T46/><D46/><U50/><E50/><V82/><F22/><W84/><G84/><T73/><D73/><U65/><E65/><V114/><F114/><W76/><G76/><T67/><D67/><U87/><E87/><V55/><F118/><W48/><G48/><T103/><D103/><U80/><E80/><V39/><F39/><W101/><G38/><T12/><D54/><U43/><E43/><V52/><F55/><W20/><G37/><T32/><D32/><U0/><E0/><V18/><F41/><W75/><G2/><T120/><D120/><U98/><E98/><AGARI ba="1,0" hai="8,15,18,24,26,45,49,52,81,82,83,90,93,98" machi="98" ten="40,8000,1" yaku="6,1,8,1,52,1,54,1" doraHai="14" who="2" fromWho="1" sc="233,0,216,-83,97,83,454,0" /><INIT seed="6,0,0,2,2,65" ten="233,133,180,454" oya="2" hai0="84,23,59,70,132,103,63,16,27,48,21,58,1" hai1="34,46,127,116,53,118,134,47,11,95,5,40,100" hai2="83,108,77,87,44,130,35,54,7,18,98,71,78" hai3="52,67,61,20,121,96,24,111,55,10,30,73,133"/><V51/><F35/><W15/><G73/><T60/><D1/><U68/><E34/><V32/><F32/><W41/><G41/><T66/><D132/><U125/><E100/><V37/><F37/><W76/><G76/><T36/><D36/><U75/><E95/><V89/><F71/><W99/><G133/><T117/><D117/><U42/><E75/><V105/><F7/><W79/><G79/><T107/><D107/><U69/><E11/><V14/><F130/><W101/><G99/><T113/><D103/><U38/><E5/><V62/><F108/><W39/><G39/><T22/><D113/><U115/><E53/><V114/><F114/><W135/><G121/><T94/><D48/><N who="1" m="26695" /><E115/><V57/><F98/><W3/><G3/><T50/><D94/><U80/><E80/><V122/><F122/><W49/><G49/><T13/><D84/><U8/><E8/><N who="2" m="6471" /><F105/><W91/><G91/><T28/><D13/><U45/><E45/><V90/><F90/><W2/><G2/><T86/><D86/><U82/><E82/><V110/><F110/><W74/><G74/><T25/><D23/><U129/><E129/><V31/><F31/><W123/><G111/><T106/><D106/><U56/><E56/><V26/><F26/><W119/><G135/><T97/><D97/><U4/><E4/><V9/><F9/><W33/><G33/><T124/><D59/><U120/><E120/><V112/><F112/><W17/><G123/><T12/><D27/><U64/><E134/><V6/><F6/><W109/><G109/><T128/><D128/><U72/><E72/><RYUUKYOKU ba="0,0" sc="233,-10,133,-10,180,30,454,-10" hai2="44,51,54,57,62,77,78,83,87,89" /><INIT seed="6,1,0,3,1,13" ten="223,123,210,444" oya="2" hai0="130,15,65,14,106,56,8,21,73,124,30,107,20" hai1="90,103,18,135,126,133,17,24,55,134,89,108,74" hai2="47,32,86,38,31,122,112,72,132,85,119,66,96" hai3="109,37,6,120,100,10,48,61,64,0,50,75,67"/><V88/><F72/><W7/><G37/><T27/><D73/><U127/><E74/><V69/><F119/><W58/><G75/><T101/><D130/><U105/><E24/><V12/><F122/><W63/><G120/><T99/><D124/><N who="1" m="47659" /><E108/><V28/><F32/><W79/><G79/><T87/><D87/><U4/><E4/><V123/><F123/><W22/><G7/><T29/><D65/><U131/><E55/><V60/><F96/><W57/><G109/><T2/><D56/><U49/><E49/><V121/><F121/><W62/><G62/><T102/><D2/><U34/><E34/><V68/><F86/><W39/><G39/><T71/><D71/><U115/><E115/><V3/><F3/><W77/><G77/><T40/><D40/><U26/><E26/><V25/><F25/><W80/><G80/><T117/><D27/><U1/><E1/><V19/><F69/><W92/><G22/><T41/><D41/><U128/><E103/><V5/><F5/><W23/><G23/><T116/><D8/><U83/><E105/><V97/><F97/><AGARI ba="1,0" hai="0,6,10,48,50,57,58,61,63,64,67,92,97,100" machi="97" ten="40,1300,0" yaku="9,1" doraHai="13" who="3" fromWho="2" sc="223,0,123,0,210,-16,444,16" /><AGARI ba="1,0" hai="14,15,20,21,29,30,97,99,101,102,106,107,116,117" machi="97" ten="25,1600,0" yaku="22,2" doraHai="13" who="0" fromWho="2" sc="223,16,123,0,194,-16,460,0" /><INIT seed="7,0,0,2,1,133" ten="239,123,178,460" oya="3" hai0="2,123,84,18,115,68,59,3,67,39,15,83,111" hai1="17,80,27,42,54,46,124,107,125,53,95,118,130" hai2="131,21,113,51,16,100,93,74,58,70,104,76,72" hai3="30,114,8,62,23,44,14,37,89,50,32,90,61"/><W82/><G37/><T96/><D68/><U105/><E130/><V35/><F35/><W71/><G32/><T127/><D39/><U112/><E112/><V22/><F70/><W94/><G71/><T45/><D45/><U129/><E129/><V12/><F104/><W117/><G82/><T87/><D59/><U25/><E118/><V63/><F113/><W31/><G90/><T91/><D87/><U43/><E80/><V10/><F76/><W49/><G49/><T69/><D18/><U73/><E17/><V38/><F38/><W26/><G31/><T101/><D15/><U36/><E36/><V92/><F74/><W106/><G106/><T57/><D67/><U79/><E46/><V110/><F72/><W86/><G117/><T33/><D57/><U122/><E79/><V24/><F100/><W47/><G47/><T64/><D111/><U60/><E73/><V126/><F51/><W116/><G116/><T109/><D123/><U108/><E95/><V134/><F58/><W7/><G114/><T52/><D69/><U128/><E128/><V6/><F92/><W99/><G99/><T41/><D96/><U28/><E28/><V121/><F93/><W78/><G78/><T29/><D101/><U77/><E77/><V102/><F110/><W98/><G98/><T119/><D33/><U34/><E34/><V75/><F75/><W9/><G9/><T11/><D115/><U13/><E108/><V81/><F10/><W65/><G65/><T120/><D109/><U88/><E60/><V132/><F131/><W55/><AGARI ba="0,0" hai="7,8,14,23,26,30,44,50,55,61,62,86,89,94" machi="55" ten="20,3900,0" yaku="0,1,7,1,8,1" doraHai="133" who="3" fromWho="3" sc="239,-13,123,-13,178,-13,460,39" owari="226,3.0,110,-39.0,165,-23.0,499,59.0" /></mjloggm>