<mjloggm ver="2.3"><GO type="169" lobby="0"/><UN n0="%E5%87%B6%E4%BB%8B%40%E6%9D%8F%E6%9D%8F%E8%BB%8D%E5%9B%A3" n1="%E3%82%A6%E3%83%AB%E3%83%88%E3%83%A9%E7%AB%8B%E7%9B%B4" n2="%69%6B%65%69%6B%65%69" n3="%E6%9D%B1%E9%A2%A8%E3%81%AE%E5%A4%AE" dan="16,18,17,16" rate="2045.61,2209.41,2219.00,2095.53" sx="M,M,M,M"/><TAIKYOKU oya="0"/><INIT seed="0,0,0,1,0,58" ten="250,250,250,250" oya="0" hai0="30,16,100,61,71,68,52,105,75,116,72,91,96" hai1="62,48,87,31,125,133,11,51,27,50,1,118,7" hai2="78,5,112,97,77,83,130,3,45,123,114,90,92" hai3="42,67,53,26,60,19,22,57,131,124,106,98,8"/><T9/><D116/><U28/><E125/><V110/><F3/><W66/><G131/><T128/><D128/><U94/><E133/><V14/><F130/><W117/><G117/><T76/><D30/><U115/><E118/><V21/><F123/><W24/><G124/><T41/><D41/><U43/><E43/><V102/><F110/><W119/><G119/><T55/><D91/><U17/><E115/><V73/><F45/><W6/><G26/><T25/><D76/><U74/><E74/><V37/><F37/><W15/><REACH who="3" step="1"/><G42/><REACH who="3" ten="250,250,250,240" step="2"/><T32/><D71/><U39/><E27/><V126/><F126/><W0/><G0/><T103/><D68/><U12/><E1/><V4/><F114/><W38/><G38/><T36/><D36/><U46/><E39/><V120/><F112/><W79/><G79/><T134/><D25/><U33/><E33/><V54/><F120/><W44/><G44/><T18/><D32/><U80/><E46/><V93/><F78/><W81/><G81/><T111/><D111/><U135/><E80/><V113/><F113/><W109/><G109/><T69/><D69/><U127/><E127/><V20/><F83/><W132/><G132/><T49/><D134/><U65/><E135/><V129/><F77/><W122/><G122/><T10/><D105/><U89/><REACH who="1" step="1"/><E7/><REACH who="1" ten="250,240,250,240" step="2"/><N who="2" m="2635" /><F129/><W56/><G56/><AGARI ba="0,2" hai="11,12,17,28,31,48,50,51,56,62,65,87,89,94" machi="56" ten="40,5200,0" yaku="1,1,8,1,52,1,53,0" doraHai="58" doraHaiUra="108" who="1" fromWho="3" sc="250,0,240,72,250,0,240,-52" /><INIT seed="1,0,0,1,3,39" ten="250,312,250,188" oya="1" hai0="53,116,95,35,131,117,120,72,91,63,87,47,34" hai1="114,69,101,86,23,15,56,66,37,107,81,0,121" hai2="123,132,48,113,17,77,68,110,130,83,3,46,22" hai3="124,41,36,44,10,52,127,11,28,67,102,40,43"/><U79/><E0/><V26/><F123/><W80/><G67/><T70/><D72/><U118/><E118/><V65/><F113/><W122/><G122/><T135/><D120/><U5/><E121/><V50/><F3/><W29/><G102/><T64/><D135/><U32/><E32/><V49/><F132/><W90/><G36/><T38/><D131/><U14/><E69/><V20/><F130/><W108/><G108/><T73/><D73/><U89/><E37/><V99/><F110/><W134/><G134/><T27/><D53/><U96/><E114/><V112/><F112/><W13/><G52/><T7/><D7/><U55/><E66/><V54/><F99/><W84/><G44/><T9/><D9/><N who="3" m="3081" /><G13/><T59/><D70/><U21/><E15/><V82/><F82/><W57/><G57/><T105/><D105/><U61/><E14/><V75/><F68/><W103/><G103/><T93/><D93/><N who="1" m="54455" /><E5/><V129/><F65/><W133/><G133/><T104/><D104/><U119/><E119/><V106/><F106/><W18/><G18/><T45/><D35/><U12/><E12/><V76/><F129/><W6/><G6/><T60/><D38/><U19/><E19/><V97/><F22/><W74/><G74/><AGARI ba="0,0" hai="21,23,55,56,61,74,79,81,96,101,107" m="54455" machi="74" ten="30,1500,0" yaku="24,1" doraHai="39" who="1" fromWho="3" sc="250,0,312,15,250,0,188,-15" /><INIT seed="1,1,0,5,3,2" ten="250,327,250,173" oya="1" hai0="32,45,86,92,29,8,67,115,116,13,113,23,89" hai1="127,134,12,34,123,121,22,49,119,130,90,133,76" hai2="37,21,59,7,41,81,96,24,66,64,62,61,114" hai3="14,51,4,1,10,40,15,33,31,107,30,73,58"/><U117/><E76/><V124/><F124/><W109/><G107/><T75/><D116/><U104/><E104/><V101/><F114/><W131/><G73/><T120/><D75/><U105/><E105/><V28/><F81/><W95/><G131/><T78/><D120/><U20/><E90/><V93/><F37/><W46/><G109/><T111/><D111/><U6/><E49/><V125/><F125/><W44/><G58/><T122/><D122/><N who="1" m="46603" /><E34/><V50/><F41/><W3/><G3/><T63/><D32/><U52/><E52/><V72/><F72/><W98/><G46/><T126/><D45/><U43/><E43/><V56/><F50/><W80/><G80/><T39/><D39/><U97/><E97/><V48/><F48/><W129/><G129/><T11/><D126/><U17/><E130/><V25/><F25/><W38/><G38/><T91/><D78/><U36/><E36/><V5/><AGARI ba="1,0" hai="5,7,21,24,28,56,59,61,62,64,66,93,96,101" machi="5" ten="30,12000,2" yaku="0,1,9,1,25,2,8,1,52,2" doraHai="2" who="2" fromWho="2" sc="250,-31,327,-61,250,123,173,-31" /><INIT seed="2,0,0,4,3,108" ten="219,266,373,142" oya="2" hai0="22,128,55,121,32,92,106,21,33,112,97,53,5" hai1="8,129,56,78,124,120,27,113,26,117,7,73,42" hai2="119,47,9,13,45,81,17,74,123,60,82,10,91" hai3="98,61,96,57,94,101,50,111,77,65,68,54,87"/><V79/><F123/><W130/><G111/><T69/><D106/><U102/><E117/><V85/><F119/><W76/><G130/><T28/><D121/><U35/><E56/><V15/><REACH who="2" step="1"/><F60/><REACH who="2" ten="219,266,363,142" step="2"/><W41/><G87/><T4/><D128/><U43/><E129/><V3/><F3/><W62/><G62/><T135/><D135/><U36/><E120/><V31/><F31/><W127/><G127/><T20/><D28/><U89/><E124/><V122/><F122/><W86/><G86/><T6/><D69/><U107/><E73/><V14/><F14/><W115/><G115/><T105/><D112/><U131/><E113/><V1/><F1/><W48/><REACH who="3" step="1"/><G98/><REACH who="3" ten="219,266,363,132" step="2"/><T59/><D97/><U25/><E131/><V19/><AGARI ba="0,2" hai="9,10,13,15,17,19,45,47,74,79,81,82,85,91" machi="19" ten="20,7800,0" yaku="1,1,0,1,7,1,9,1,53,0" doraHai="108" doraHaiUra="100" who="2" fromWho="2" sc="219,-26,266,-26,363,98,132,-26" /><INIT seed="2,1,0,2,4,62" ten="193,240,461,106" oya="2" hai0="104,15,12,43,69,51,131,82,64,77,27,40,18" hai1="125,14,96,114,94,109,86,83,30,130,47,53,23" hai2="57,121,2,50,19,107,4,89,17,76,74,66,129" hai3="87,117,7,103,9,119,33,128,126,106,84,95,78"/><V8/><F121/><W11/><G33/><T115/><D115/><U21/><E114/><V99/><F129/><W101/><G128/><T39/><D39/><U24/><E109/><V90/><F74/><W93/><G78/><T122/><D104/><U92/><E125/><V58/><F76/><W44/><G106/><T38/><D38/><U28/><E130/><V20/><F19/><W36/><G36/><T112/><D112/><U124/><E124/><V10/><F10/><W49/><G44/><T133/><D122/><U120/><E120/><V29/><F29/><W63/><G126/><T32/><D32/><U118/><E118/><V6/><F6/><W26/><G26/><T88/><D131/><U13/><E53/><V25/><F58/><W46/><G46/><T97/><D69/><U116/><E47/><V34/><F34/><W56/><G56/><T35/><D35/><U75/><E75/><V31/><F31/><W134/><G63/><T3/><D3/><U113/><E113/><V60/><REACH who="2" step="1"/><F50/><REACH who="2" ten="193,240,451,106" step="2"/><W80/><G49/><T91/><D51/><U85/><E116/><V68/><F68/><W100/><G7/><T123/><D123/><U98/><E24/><V102/><AGARI ba="1,1" hai="2,4,8,17,20,25,57,60,66,89,90,99,102,107" machi="102" ten="30,11700,0" yaku="1,1,0,1,52,1,53,1" doraHai="62" doraHaiUra="61" who="2" fromWho="2" sc="193,-40,240,-40,451,130,106,-40" /><INIT seed="2,2,0,4,1,118" ten="153,200,581,66" oya="2" hai0="89,14,71,121,40,129,24,31,97,91,53,61,106" hai1="6,38,62,33,87,52,66,12,9,13,128,107,77" hai2="84,85,49,103,30,17,101,60,79,29,16,58,92" hai3="123,20,104,114,41,55,126,68,124,93,44,75,95"/><V69/><F69/><W113/><G123/><T65/><D129/><U18/><E33/><V94/><F49/><W86/><G104/><T35/><D121/><U110/><E38/><V21/><F79/><W132/><G75/><T43/><D14/><U42/><E42/><N who="0" m="15913" /><D53/><U59/><E107/><V135/><F135/><W120/><G120/><T115/><D115/><N who="3" m="44041" /><G132/><T50/><D50/><U3/><E110/><V32/><F32/><W116/><G116/><T72/><D72/><U133/><E128/><V19/><F92/><N who="3" m="35403" /><G86/><N who="2" m="33385" /><F21/><W74/><G55/><T125/><D125/><U48/><E133/><V98/><F103/><AGARI ba="2,0" hai="24,31,35,61,65,71,89,91,97,103,106" m="15913" machi="103" ten="30,1000,0" yaku="25,1" doraHai="118" who="0" fromWho="2" sc="153,16,200,0,581,-16,66,0" /><INIT seed="3,0,0,3,0,129" ten="169,200,565,66" oya="3" hai0="78,113,132,105,89,77,30,45,42,95,108,102,47" hai1="115,46,53,111,71,54,88,68,15,14,55,99,0" hai2="13,82,31,22,134,1,123,98,5,19,130,91,11" hai3="56,94,4,103,40,17,117,85,27,133,118,75,101"/><W39/><G75/><T81/><D105/><U135/><E0/><V62/><F123/><W90/><G4/><T110/><D102/><U41/><E115/><V43/><F130/><W63/><G133/><T97/><D113/><U36/><E111/><N who="0" m="42537" /><D132/><U114/><E114/><V2/><F43/><W104/><G104/><T72/><D78/><U121/><E121/><V58/><F134/><W116/><G40/><T50/><D47/><U35/><E35/><V8/><F31/><AGARI ba="0,0" hai="30,31,42,45,50,72,77,81,89,95,97" m="42537" machi="31" ten="30,1000,0" yaku="14,1" doraHai="129" who="0" fromWho="2" sc="169,10,200,0,565,-10,66,0" /><INIT seed="4,0,0,1,2,20" ten="179,200,555,66" oya="0" hai0="122,119,113,109,77,80,56,98,68,26,33,125,85" hai1="14,123,41,9,78,99,57,62,36,104,101,29,106" hai2="64,11,73,120,3,102,0,37,31,96,6,112,39" hai3="90,45,19,92,131,61,55,124,91,97,4,17,23"/><T105/><D119/><U34/><E78/><V5/><F120/><W100/><G131/><T49/><D122/><U59/><E123/><V134/><F134/><W13/><G124/><T35/><D68/><U2/><E2/><V8/><F112/><W76/><G76/><T82/><D113/><U69/><E104/><V43/><F73/><W10/><G19/><T38/><D38/><U114/><E114/><V93/><F43/><W128/><G128/><T70/><D70/><U46/><E14/><V15/><F64/><W47/><G61/><T72/><D109/><U86/><E9/><V84/><F15/><W18/><G18/><T30/><D35/><U53/><E86/><V111/><F111/><W22/><G22/><T129/><D129/><U66/><E53/><V127/><F127/><W7/><G7/><T81/><D72/><U83/><E83/><V48/><F31/><W107/><G107/><T94/><D105/><U103/><E103/><V50/><F84/><W89/><REACH who="3" step="1"/><G55/><REACH who="3" ten="179,200,555,56" step="2"/><T75/><D125/><U58/><E106/><V42/><F42/><W132/><G132/><T126/><D126/><U32/><E32/><V95/><F93/><W54/><G54/><T116/><D75/><U67/><E34/><V12/><F12/><AGARI ba="0,1" hai="4,10,12,13,17,23,45,47,89,90,91,92,97,100" machi="12" ten="40,2600,0" yaku="1,1,8,1,53,0" doraHai="20" doraHaiUra="121" who="3" fromWho="2" sc="179,0,200,0,555,-26,56,36" /><INIT seed="5,0,0,2,5,21" ten="179,200,529,92" oya="1" hai0="70,19,9,64,88,74,130,22,75,5,83,95,87" hai1="93,102,81,80,117,69,52,31,126,71,55,28,11" hai2="27,43,0,38,49,78,53,108,129,125,103,118,33" hai3="66,45,105,32,92,54,110,89,120,44,40,112,111"/><U123/><E11/><V36/><F53/><N who="1" m="20553" /><E93/><V109/><F49/><W4/><G112/><T128/><D64/><U121/><E102/><V1/><F103/><W119/><G120/><N who="1" m="46154" /><E117/><V116/><F78/><W85/><G111/><T42/><D95/><U65/><E65/><V133/><F43/><W41/><G32/><T30/><D42/><U15/><E15/><V135/><F33/><W16/><G4/><T63/><D5/><U12/><E12/><V76/><F76/><W24/><G110/><T107/><D107/><U23/><E23/><V124/><F27/><W8/><G66/><T20/><D20/><U79/><E79/><V90/><F90/><W56/><G105/><T73/><D30/><N who="1" m="11307" /><E126/><V104/><F104/><W7/><G119/><T113/><D22/><U77/><E77/><V3/><REACH who="2" step="1"/><F0/><REACH who="2" ten="179,200,519,92" step="2"/><W61/><G41/><T127/><D127/><U57/><E57/><V48/><F48/><W132/><G40/><T97/><D75/><U18/><E18/><V26/><F26/><W29/><G24/><T47/><D19/><U14/><E14/><V131/><AGARI ba="0,1" hai="1,3,36,38,108,109,116,118,124,125,129,131,133,135" machi="131" ten="25,12000,2" yaku="1,1,0,1,22,2,31,2,53,0" doraHai="21" doraHaiUra="10" who="2" fromWho="2" sc="179,-30,200,-60,519,130,92,-30" /><INIT seed="6,0,0,4,5,5" ten="149,140,649,62" oya="2" hai0="117,77,99,118,61,102,76,65,124,33,120,97,87" hai1="90,15,80,52,72,16,54,106,131,10,67,94,70" hai2="6,30,45,96,108,121,95,69,133,13,73,53,100" hai3="36,39,64,11,91,128,18,44,57,134,130,27,22"/><V12/><F121/><W86/><G134/><T66/><D120/><U105/><E105/><V56/><F69/><W127/><G127/><T43/><D124/><U35/><E106/><V14/><F73/><W31/><G44/><T2/><D33/><U0/><E35/><V119/><F119/><N who="0" m="45578" /><D2/><U126/><E0/><V114/><F114/><W68/><G68/><T17/><D17/><U48/><E126/><V75/><F75/><W116/><G116/><T7/><D7/><U84/><E131/><N who="3" m="50218" /><G57/><T23/><D23/><U19/><E72/><V34/><F108/><W93/><G64/><T47/><D66/><U112/><E112/><V26/><F133/><W60/><G60/><T63/><D63/><U41/><E67/><V51/><REACH who="2" step="1"/><F56/><REACH who="2" ten="149,140,639,62" step="2"/><W83/><G83/><N who="0" m="47591" /><D77/><U29/><E70/><V28/><F28/><W107/><G107/><T111/><D111/><U123/><E29/><V38/><F38/><N who="3" m="14379" /><G31/><T24/><D65/><U1/><E123/><V113/><F113/><W25/><G25/><T42/><D24/><U71/><E71/><V21/><F21/><W109/><G109/><T89/><D61/><U79/><E80/><V32/><F32/><W4/><G4/><AGARI ba="0,1" hai="4,6,12,13,14,26,30,34,45,51,53,95,96,100" machi="4" ten="40,2000,0" yaku="1,1,53,0" doraHai="5" doraHaiUra="59" who="2" fromWho="3" sc="149,0,140,0,639,30,62,-20" /><INIT seed="6,1,0,2,1,30" ten="149,140,669,42" oya="2" hai0="25,63,128,103,80,22,116,14,57,51,126,27,122" hai1="24,70,79,69,130,41,67,135,0,114,36,5,86" hai2="76,26,31,53,121,61,45,38,59,73,96,66,62" hai3="15,84,87,58,50,91,81,28,6,32,95,20,99"/><V125/><F121/><W88/><G6/><T117/><D122/><U42/><E86/><V16/><F125/><W44/><G58/><T34/><D126/><U120/><E79/><V12/><F38/><W92/><G32/><T8/><D128/><U82/><E82/><V134/><F134/><W46/><G50/><T21/><D51/><U2/><E24/><V60/><F73/><W43/><G43/><T55/><D103/><U77/><E77/><V127/><F76/><W19/><REACH who="3" step="1"/><G28/><REACH who="3" ten="149,140,669,32" step="2"/><T65/><D34/><U105/><E5/><V71/><F127/><W98/><G98/><T29/><D57/><U74/><E42/><V49/><F96/><W4/><G4/><T56/><D29/><U101/><E41/><V89/><F71/><W107/><G107/><T112/><D56/><U75/><E70/><V68/><F68/><W132/><G132/><T1/><D65/><U97/><E67/><V102/><F66/><W100/><AGARI ba="1,1" hai="15,19,20,44,46,81,84,87,88,91,92,95,99,100" machi="100" ten="20,8000,1" yaku="1,1,0,1,7,1,8,1,54,1,53,0" doraHai="30" doraHaiUra="54" who="3" fromWho="3" sc="149,-21,140,-21,669,-41,32,93" /><INIT seed="7,0,0,5,4,66" ten="128,119,628,125" oya="3" hai0="135,79,49,38,63,75,52,72,29,94,67,31,90" hai1="12,85,102,117,13,89,15,26,111,131,126,25,17" hai2="87,123,81,39,83,36,62,80,20,40,6,3,0" hai3="110,88,35,130,4,51,99,84,122,58,120,60,69"/><W47/><G130/><T44/><D38/><U56/><E111/><V73/><F123/><W43/><G110/><T105/><D105/><U42/><E131/><V108/><F108/><W21/><G35/><T32/><D135/><U34/><E34/><V48/><F73/><W92/><G69/><T104/><D104/><U23/><E126/><V125/><F125/><W24/><G4/><T37/><D37/><U97/><E117/><V16/><F87/><W5/><G5/><T134/><D134/><U103/><E42/><V14/><F62/><W10/><G10/><T53/><D53/><U107/><E56/><V132/><F132/><W112/><G112/><T116/><D116/><U86/><E103/><V76/><F76/><W41/><G41/><T95/><D79/><U55/><E55/><V91/><F91/><W50/><G84/><T77/><D77/><U28/><E89/><V46/><REACH who="2" step="1"/><F6/><REACH who="2" ten="128,119,618,125" step="2"/><W64/><G51/><T57/><D90/><U106/><E86/><V61/><F61/><W96/><G96/><T74/><D74/><U109/><E85/><V128/><F128/><W118/><G118/><T124/><D75/><U129/><E109/><V70/><F70/><W33/><G120/><T54/><D72/><U71/><E71/><V100/><F100/><W93/><G122/><T82/><D124/><U65/><E129/><V119/><F119/><W98/><G88/><T101/><D101/><N who="1" m="62767" /><E65/><V9/><F9/><W78/><G64/><T1/><D67/><U59/><E59/><V114/><F114/><W115/><G115/><T11/><D57/><U113/><E113/><RYUUKYOKU ba="0,1" sc="128,-10,119,-10,618,30,125,-10" hai2="0,3,14,16,20,36,39,40,46,48,80,81,83" owari="118,-8.0,109,-39.0,658,75.0,115,-28.0" /></mjloggm>