<mjloggm ver="2.3"><GO type="169" lobby="0"/><UN n0="%E6%96%87%E5%9B%9B%E9%83%8E" n1="%E5%B0%B1%E6%B4%BB%E7%94%9F%40%E5%B7%9D%E6%9D%91%E8%BB%8D%E5%9B%A3" n2="%E3%82%86%E3%81%84%E3%81%A1%E3%82%83%E3%82%93%E3%81%AE%E3%83%91%E3%83%91" n3="%E8%B5%A4%E9%98%AA%E9%83%81%E4%B9%83" dan="16,18,17,16" rate="2127.79,2223.38,2110.79,2065.19" sx="M,M,M,F"/><TAIKYOKU oya="0"/><INIT seed="0,0,0,5,2,76" ten="250,250,250,250" oya="0" hai0="94,81,21,57,37,41,47,25,84,106,115,70,63" hai1="16,110,7,132,2,39,22,50,128,6,98,31,116" hai2="125,58,127,43,78,60,44,66,96,51,80,82,61" hai3="86,4,95,109,62,88,64,56,19,120,73,17,52"/><T1/><D115/><U20/><E39/><V113/><F113/><W90/><G109/><T72/><D106/><U53/><E116/><V99/><F61/><W12/><G120/><T14/><D1/><U93/><E110/><V49/><F49/><W9/><G73/><T100/><D70/><U46/><E128/><V18/><F18/><W54/><G90/><T11/><D72/><U13/><E132/><V77/><F77/><W35/><G35/><T34/><D34/><U48/><E2/><V71/><F71/><W55/><AGARI ba="0,0" hai="4,9,12,17,19,52,54,55,56,62,64,86,88,95" machi="55" ten="30,7900,0" yaku="0,1,8,1,54,2" doraHai="76" who="3" fromWho="3" sc="250,-39,250,-20,250,-20,250,79" /><INIT seed="1,0,0,4,2,23" ten="211,230,230,329" oya="1" hai0="30,42,110,41,107,104,108,90,26,24,46,82,51" hai1="132,53,69,58,25,37,2,55,123,31,9,54,71" hai2="99,35,80,97,68,125,11,122,67,106,70,75,61" hai3="29,83,14,92,4,36,18,105,20,94,116,21,98"/><U5/><E123/><V33/><F122/><W1/><G36/><T85/><D42/><U0/><E37/><V117/><F117/><W95/><G116/><T109/><REACH who="0" step="1"/><D24/><REACH who="0" ten="201,230,230,329" step="2"/><U102/><E132/><V28/><F125/><W111/><G111/><T126/><D126/><U16/><E0/><V128/><F35/><AGARI ba="0,1" hai="26,30,35,41,46,51,82,85,90,104,107,108,109,110" machi="35" ten="40,5200,0" yaku="1,1,14,1,52,1,53,0" doraHai="23" doraHaiUra="96" who="0" fromWho="2" sc="201,62,230,0,230,-52,329,0" /><INIT seed="2,0,0,4,2,97" ten="263,230,178,329" oya="2" hai0="70,59,19,48,64,79,65,110,29,47,84,34,31" hai1="54,35,115,112,134,98,92,5,73,78,124,20,40" hai2="86,90,91,7,101,14,119,58,130,63,117,21,41" hai3="52,102,93,1,13,108,6,135,15,18,80,17,3"/><V128/><F41/><W37/><G108/><T104/><D104/><U38/><E35/><V126/><F126/><W81/><G37/><T69/><D110/><U36/><E124/><V106/><F7/><W77/><G135/><T55/><D34/><U111/><E111/><V114/><F114/><W23/><G6/><T22/><D69/><U9/><E134/><V46/><F46/><W10/><G81/><N who="0" m="47167" /><D70/><U113/><E40/><V11/><F11/><W51/><G93/><T120/><D120/><U109/><E109/><V131/><F14/><W27/><G27/><N who="0" m="14815" /><D47/><U4/><E4/><V0/><F21/><W96/><G96/><T132/><D132/><U122/><E122/><V94/><F0/><W66/><G66/><AGARI ba="0,0" hai="29,31,48,55,59,64,65,66" m="14815,47167" machi="66" ten="30,1000,0" yaku="8,1" doraHai="97" who="0" fromWho="3" sc="263,10,230,0,178,0,329,-10" /><INIT seed="3,0,0,4,3,125" ten="273,230,178,319" oya="3" hai0="135,43,115,130,88,53,48,65,47,29,19,83,102" hai1="100,32,97,28,77,74,36,121,90,110,45,55,42" hai2="123,118,46,113,17,52,13,70,41,79,117,37,109" hai3="49,61,50,54,34,31,95,5,30,82,124,35,25"/><W98/><G124/><T105/><D65/><U60/><E110/><V92/><F113/><W12/><G5/><T119/><D119/><U120/><E90/><V101/><F70/><W2/><G2/><T67/><D67/><U69/><E77/><V85/><F109/><W9/><G82/><T58/><D29/><U21/><E74/><V104/><F104/><W73/><G73/><T126/><D126/><U15/><E15/><V66/><F66/><W133/><G133/><T81/><D135/><U57/><E21/><V87/><F123/><W86/><G86/><T24/><D115/><U80/><E69/><V103/><F117/><W22/><G61/><T71/><D71/><U128/><E128/><V127/><F118/><W44/><G31/><T23/><D130/><U134/><E134/><V7/><F7/><W40/><G12/><T111/><D111/><U114/><E114/><V51/><F127/><W131/><G9/><T3/><D3/><U91/><E28/><V8/><F79/><W56/><REACH who="3" step="1"/><G131/><REACH who="3" ten="273,230,178,309" step="2"/><T1/><D1/><U14/><E14/><V112/><F112/><W11/><G11/><T39/><D83/><U68/><E68/><V89/><REACH who="2" step="1"/><F87/><REACH who="2" ten="273,230,168,309" step="2"/><W64/><G64/><T59/><D81/><U4/><E120/><V62/><F62/><W129/><G129/><T16/><D24/><U93/><E4/><V116/><F116/><W108/><G108/><T0/><D0/><U72/><E121/><V122/><F122/><W78/><G78/><T106/><D19/><U6/><E6/><V99/><F99/><W75/><G75/><T18/><D18/><RYUUKYOKU ba="0,2" sc="273,-15,230,-15,168,15,309,15" hai2="8,13,17,37,41,46,51,52,85,89,92,101,103" hai3="22,25,30,34,35,40,44,49,50,54,56,95,98" /><INIT seed="3,1,2,4,4,29" ten="258,215,183,324" oya="3" hai0="110,40,76,89,15,59,91,66,87,18,101,16,65" hai1="97,36,62,84,38,45,81,43,31,94,63,125,37" hai2="111,128,79,117,77,34,124,3,17,47,5,103,49" hai3="55,41,102,74,85,107,53,61,1,68,35,112,121"/><W69/><G74/><T4/><D101/><U135/><E125/><V14/><F117/><W10/><G121/><T123/><D123/><U42/><E135/><V119/><F119/><W86/><G112/><T8/><D110/><U22/><E31/><V109/><F124/><W12/><G1/><T64/><D40/><U126/><E22/><V105/><F5/><W122/><G122/><T100/><D100/><U73/><E73/><V26/><F3/><W131/><G131/><T20/><D18/><U120/><E126/><V51/><F128/><W129/><G129/><T57/><D76/><U52/><E120/><V118/><F118/><W28/><G41/><T27/><REACH who="0" step="1"/><D91/><REACH who="0" ten="248,215,183,324" step="2"/><U130/><E130/><V24/><F103/><W13/><G102/><T116/><D116/><U19/><E19/><V83/><F17/><W46/><G107/><T70/><D70/><U6/><E42/><V90/><F90/><W25/><G69/><T104/><D104/><U23/><E43/><V30/><F105/><W32/><G68/><T72/><D72/><U78/><E36/><V132/><F79/><W95/><G28/><T58/><D58/><U80/><E38/><V0/><F30/><W115/><G115/><T106/><D106/><U93/><E37/><V114/><F114/><W2/><G46/><T71/><D71/><U44/><E78/><V48/><F47/><W113/><G113/><T11/><D11/><U67/><E45/><V134/><F109/><W96/><G10/><T92/><AGARI ba="1,3" hai="4,8,15,16,20,27,57,59,64,65,66,87,89,92" machi="92" ten="30,12000,2" yaku="1,1,0,1,8,1,54,1,53,2" doraHai="29" doraHaiUra="54" who="0" fromWho="0" sc="248,153,215,-31,183,-31,324,-61" /><INIT seed="4,0,0,3,3,80" ten="401,184,152,263" oya="0" hai0="53,18,90,115,75,104,6,97,68,55,28,108,91" hai1="82,2,111,84,92,131,49,21,118,59,56,16,132" hai2="7,86,119,93,89,9,40,64,41,74,14,112,73" hai3="39,87,20,124,45,65,23,19,98,8,109,5,110"/><T66/><D75/><U126/><E2/><V106/><F106/><W11/><G65/><T60/><D6/><U99/><E118/><V24/><F119/><W58/><G98/><T31/><D115/><U63/><E111/><V116/><F116/><W133/><G133/><T17/><D108/><U135/><E131/><V3/><F112/><W30/><G30/><T70/><D104/><U121/><E126/><V54/><F64/><W96/><G96/><T50/><D97/><U33/><E33/><V117/><F117/><W128/><G58/><T105/><D105/><U107/><E107/><V13/><F73/><W114/><G114/><T125/><D66/><U122/><E49/><V4/><F74/><W48/><G48/><T76/><D50/><U78/><E121/><V72/><F72/><W100/><G100/><T127/><REACH who="0" step="1"/><D76/><REACH who="0" ten="391,184,152,263" step="2"/><U10/><E122/><V101/><F4/><W12/><G5/><T123/><D123/><U67/><E132/><V61/><F3/><W52/><G110/><T134/><D134/><U1/><E135/><V26/><F7/><W69/><G109/><T94/><D94/><U27/><E1/><V102/><F93/><W113/><G113/><T71/><D71/><U57/><E10/><V34/><F9/><W36/><G8/><T81/><D81/><U95/><E95/><V32/><F61/><AGARI ba="0,1" hai="17,18,28,31,53,55,60,61,68,70,90,91,125,127" machi="61" ten="25,4800,0" yaku="1,1,22,2,53,0" doraHai="80" doraHaiUra="43" who="0" fromWho="2" sc="391,58,184,0,152,-48,263,0" /><INIT seed="4,1,0,1,0,57" ten="449,184,104,263" oya="0" hai0="51,17,90,49,114,131,77,89,60,52,95,10,101" hai1="62,99,48,132,111,29,135,35,121,30,20,116,6" hai2="130,43,105,37,0,100,126,12,38,22,59,125,129" hai3="7,78,9,70,117,4,93,118,31,25,34,53,63"/><T82/><D114/><U21/><E116/><V19/><F0/><N who="3" m="135" /><G53/><T80/><D131/><N who="2" m="50186" /><F100/><W67/><G93/><T5/><D101/><U71/><E111/><V64/><F105/><W15/><G15/><N who="0" m="5583" /><D89/><U27/><E121/><V1/><F1/><W134/><G7/><T28/><D28/><U55/><E99/><V112/><F112/><W16/><G16/><T128/><D128/><U32/><E6/><V120/><F120/><W39/><G78/><T13/><D77/><U115/><E115/><V87/><F87/><W75/><G75/><T83/><D95/><U73/><E73/><V44/><F38/><W133/><G39/><T23/><D90/><U124/><E124/><V54/><F64/><W8/><G8/><T91/><D91/><U106/><E106/><V103/><F103/><W14/><G14/><T127/><D127/><U68/><E27/><V102/><F102/><W11/><G11/><T26/><D13/><U81/><E81/><V69/><F69/><W96/><G96/><T33/><D33/><U50/><E55/><V110/><F110/><W79/><G79/><T84/><D84/><U41/><E41/><V119/><F119/><AGARI ba="1,0" hai="25,31,34,63,67,70,117,118,119,133,134" m="135" machi="119" ten="30,2000,0" yaku="23,1,52,1" doraHai="57" who="3" fromWho="2" sc="449,0,184,0,104,-23,263,23" /><INIT seed="5,0,0,2,2,44" ten="449,184,81,286" oya="1" hai0="90,75,69,76,86,54,117,71,101,83,18,8,73" hai1="108,27,9,104,16,111,36,10,115,13,79,118,49" hai2="26,56,127,96,80,124,84,110,88,68,15,135,58" hai3="128,65,120,14,7,72,38,6,77,130,28,37,116"/><U134/><E36/><N who="3" m="13930" /><G120/><T121/><D117/><U112/><E104/><V129/><F110/><N who="1" m="42025" /><E79/><V53/><F68/><W132/><G116/><T94/><D121/><U82/><E82/><V52/><F129/><N who="3" m="49771" /><G132/><T125/><D73/><U11/><E118/><V91/><F135/><W100/><G100/><T17/><D125/><N who="2" m="48202" /><F15/><W55/><G65/><T92/><D94/><U25/><E49/><N who="2" m="30735" /><F26/><N who="1" m="9737" /><E134/><V24/><F24/><W23/><G14/><T63/><D71/><U51/><E51/><N who="2" m="31039" /><F96/><W39/><G28/><T3/><D69/><U113/><AGARI ba="0,0" hai="9,10,11,13,16,112,113,115" m="9737,42025" machi="113" ten="40,12000,1" yaku="15,1,10,1,34,2,54,1" doraHai="44" who="1" fromWho="1" sc="449,-40,184,120,81,-40,286,-40" /><INIT seed="5,1,0,0,5,67" ten="409,304,41,246" oya="1" hai0="19,105,112,14,52,16,34,96,95,128,23,28,82" hai1="84,89,91,31,79,133,117,88,71,45,124,94,18" hai2="0,6,25,42,116,114,99,123,131,102,66,70,73" hai3="80,132,26,127,55,32,21,87,4,39,109,49,74"/><U107/><E107/><V108/><F108/><W7/><G109/><T93/><D112/><U2/><E117/><V64/><F116/><W33/><G39/><T110/><D110/><U126/><E2/><V27/><F123/><W17/><G74/><T111/><D111/><U81/><E31/><V38/><F73/><W36/><G36/><T51/><D128/><U115/><E115/><V47/><F114/><W40/><G40/><T62/><D62/><U53/><E133/><V60/><F131/><W57/><G132/><T58/><D82/><U120/><E120/><V92/><REACH who="2" step="1"/><F66/><REACH who="2" ten="409,304,31,246" step="2"/><W50/><G127/><T65/><D65/><U61/><E124/><V68/><F68/><W121/><G121/><T44/><D34/><U20/><E126/><V125/><F125/><W13/><G32/><T48/><D28/><U100/><E71/><V76/><F76/><W12/><G33/><T75/><D75/><U29/><E29/><V135/><F135/><W46/><G4/><T130/><D130/><U72/><E100/><V118/><F118/><W56/><G7/><T86/><D86/><U129/><E129/><V113/><F113/><W43/><G57/><T22/><D96/><U59/><REACH who="1" step="1"/><E45/><REACH who="1" ten="409,294,31,246" step="2"/><V15/><F15/><AGARI ba="1,2" hai="15,18,20,53,59,61,72,79,81,84,88,89,91,94" machi="15" ten="30,11600,0" yaku="1,1,2,1,7,1,54,1,53,0" doraHai="67" doraHaiUra="1" who="1" fromWho="2" sc="409,0,294,139,31,-119,246,0" owari="409,21.0,433,53.0,-88,-59.0,246,-15.0" /></mjloggm>