<mjloggm ver="2.3"><GO type="169" lobby="0"/><UN n0="%E8%A5%BF%E6%9D%91%E9%9B%84%E4%B8%80%E9%83%8E" n1="%EF%BC%88%EF%BC%BE%D0%94%EF%BC%BE%EF%BC%89" n2="%E3%83%88%E3%83%88%E3%83%AA%E5%85%88%E7%94%9F%31%39%E6%AD%B3" n3="%E3%82%8F%E3%81%9B%E3%80%82" dan="17,17,18,16" rate="2184.93,2123.39,2259.52,2043.21" sx="M,M,F,M"/><TAIKYOKU oya="0"/><INIT seed="0,0,0,1,3,133" ten="250,250,250,250" oya="0" hai0="38,26,48,30,98,54,59,53,64,114,99,101,14" hai1="9,39,41,37,13,12,84,113,100,43,57,46,107" hai2="36,112,110,20,123,28,29,23,22,61,3,33,70" hai3="82,24,19,2,129,120,40,65,89,127,131,118,97"/><T63/><D114/><U56/><E113/><V104/><F112/><W76/><G2/><T75/><D38/><U94/><E107/><V87/><F123/><W95/><G40/><T124/><D75/><U134/><E134/><V93/><F104/><W116/><G65/><T73/><D73/><U86/><E100/><V49/><F36/><W6/><G6/><T10/><D124/><U52/><E94/><V81/><F3/><W67/><G67/><T58/><D101/><U96/><E96/><V91/><F110/><W17/><G24/><T92/><D92/><U60/><E57/><V78/><F33/><W115/><G19/><T74/><D74/><U122/><E13/><V18/><F61/><W102/><G17/><T45/><D30/><N who="2" m="11882" /><F49/><W105/><G115/><T117/><D26/><U111/><E111/><V31/><F70/><W106/><G120/><T126/><D126/><U16/><REACH who="1" step="1"/><E122/><REACH who="1" ten="250,240,250,250" step="2"/><V35/><F93/><W83/><G106/><T11/><D14/><U27/><E27/><V103/><F103/><W15/><G15/><T55/><D58/><U32/><E32/><V108/><F35/><W71/><G71/><T8/><REACH who="0" step="1"/><D117/><REACH who="0" ten="240,240,250,250" step="2"/><U7/><E7/><V25/><F108/><W21/><G116/><T132/><D132/><U90/><E90/><V47/><F91/><W72/><G118/><T85/><D85/><U135/><E135/><V119/><F119/><W125/><G127/><T44/><D44/><AGARI ba="0,2" hai="9,12,16,37,39,41,43,44,46,52,56,60,84,86" machi="44" ten="40,8000,1" yaku="1,1,9,1,54,2,53,1" doraHai="133" doraHaiUra="5" who="1" fromWho="0" sc="240,-80,240,100,250,0,250,0" /><INIT seed="1,0,0,1,5,115" ten="160,340,250,250" oya="1" hai0="42,101,90,72,120,45,2,71,0,49,86,8,37" hai1="78,20,33,14,39,56,11,35,41,103,89,66,122" hai2="74,93,55,75,47,10,3,112,135,28,100,58,7" hai3="38,96,116,63,94,105,68,130,22,1,110,19,69"/><U50/><E122/><V54/><F112/><W57/><G1/><T108/><D72/><U21/><E78/><V31/><F135/><W127/><G38/><T9/><D71/><U36/><E103/><V132/><F132/><W27/><G105/><T40/><D101/><U5/><E39/><V114/><F114/><W46/><G46/><T91/><D108/><U4/><E4/><V83/><F47/><W97/><G97/><T119/><D37/><U23/><E36/><V111/><F55/><W99/><G99/><T24/><D24/><U107/><E107/><V95/><F111/><W6/><G6/><T34/><D34/><U82/><E41/><V81/><F74/><W62/><G62/><T13/><D120/><U123/><E123/><V109/><F109/><W79/><G130/><T44/><D86/><U85/><E66/><V104/><F104/><W88/><G127/><T77/><D13/><U106/><E106/><V15/><F3/><W87/><G110/><T128/><D77/><U43/><E43/><V80/><F75/><W59/><G59/><T70/><D49/><U124/><E124/><V134/><F134/><W129/><G129/><T29/><D29/><N who="2" m="11338" /><F100/><W118/><G79/><T32/><D32/><U61/><E50/><AGARI ba="0,0" hai="7,10,15,50,54,58,80,81,83,93,95" m="11338" machi="50" ten="30,1000,0" yaku="8,1" doraHai="115" who="2" fromWho="1" sc="160,0,340,-10,250,10,250,0" /><INIT seed="2,0,0,1,0,131" ten="160,330,260,250" oya="2" hai0="93,64,110,50,6,112,66,46,72,49,28,106,31" hai1="91,51,130,11,24,134,74,32,16,129,99,36,19" hai2="27,10,80,113,127,56,69,62,25,15,3,89,5" hai3="103,82,109,4,26,81,22,54,59,63,52,8,68"/><V126/><F113/><W123/><G109/><T97/><D112/><U120/><E36/><V111/><F69/><W43/><G68/><T75/><D106/><U84/><E74/><V78/><F3/><W48/><G43/><T102/><D110/><U44/><E120/><V70/><F70/><W0/><G103/><T108/><D108/><U76/><E76/><V40/><F40/><W98/><G98/><T21/><D6/><U100/><E32/><V135/><F89/><W47/><REACH who="3" step="1"/><G123/><REACH who="3" ten="160,330,260,240" step="2"/><T18/><D97/><U37/><E99/><V90/><F111/><W128/><G128/><T61/><D102/><U60/><E100/><V121/><F121/><W88/><G88/><T55/><D72/><U29/><E91/><V133/><F90/><W86/><G86/><T7/><D75/><U71/><E84/><N who="2" m="48151" /><F27/><W132/><G132/><N who="2" m="50761" /><F25/><W57/><G57/><T95/><D46/><U114/><E24/><V42/><F42/><W17/><AGARI ba="0,1" hai="0,4,8,17,22,26,47,48,52,54,59,63,81,82" machi="17" ten="20,8000,1" yaku="1,1,0,1,7,1,54,1,53,1" doraHai="131" doraHaiUra="23" who="3" fromWho="3" sc="160,-20,330,-20,260,-40,240,90" /><INIT seed="3,0,0,2,0,132" ten="140,310,220,330" oya="3" hai0="106,92,4,111,33,40,34,73,51,113,117,83,55" hai1="108,96,61,118,107,97,31,17,67,72,75,59,24" hai2="84,66,86,112,79,89,124,115,116,23,109,119,103" hai3="28,121,82,94,114,110,65,14,46,99,41,53,32"/><W135/><G114/><N who="2" m="43561" /><F23/><W9/><G121/><T63/><D106/><U126/><E108/><V69/><F66/><W50/><G135/><T1/><D113/><U43/><E75/><V21/><F21/><W27/><G110/><T101/><D117/><U5/><E72/><V7/><F7/><W95/><G82/><T15/><D1/><U30/><E118/><V123/><F69/><W100/><G65/><T16/><D4/><U0/><E0/><V29/><F29/><W128/><G128/><T102/><D40/><U2/><E107/><V47/><F47/><W74/><G74/><T13/><D63/><U45/><E2/><V98/><F109/><W130/><G130/><T10/><D15/><U44/><E5/><V129/><F129/><W18/><G53/><T20/><D20/><N who="1" m="13327" /><E44/><V104/><F123/><W60/><G60/><T39/><D39/><U25/><E25/><V36/><F36/><W64/><G64/><T133/><D133/><U19/><E19/><V49/><F49/><W134/><G134/><T76/><D111/><U35/><E35/><V68/><F68/><W131/><G131/><T22/><D22/><U122/><E122/><V52/><F116/><W6/><G6/><T11/><D11/><U127/><E31/><V38/><F38/><W56/><G56/><T37/><D37/><N who="1" m="21743" /><E30/><V90/><F104/><AGARI ba="0,0" hai="9,14,18,27,28,32,41,46,50,94,95,99,100,104" machi="104" ten="30,1500,0" yaku="7,1" doraHai="132" who="3" fromWho="2" sc="140,0,310,0,220,-15,330,15" /><INIT seed="3,1,0,5,0,18" ten="140,310,205,345" oya="3" hai0="72,7,58,53,131,100,39,15,121,109,19,97,117" hai1="40,122,77,38,25,127,36,60,102,110,125,103,27" hai2="81,135,94,28,11,119,96,106,0,68,79,31,42" hai3="74,92,120,115,95,71,111,59,26,76,17,2,22"/><W86/><G71/><T78/><D39/><N who="1" m="14891" /><E40/><V20/><F119/><W5/><G115/><T126/><D121/><U56/><E122/><V12/><F68/><W64/><G74/><T69/><D69/><U21/><E77/><V116/><F116/><W123/><G111/><T75/><D117/><U105/><E27/><V101/><F135/><W55/><G64/><T63/><D7/><U46/><E46/><V51/><F0/><W99/><G5/><T87/><D109/><U80/><E80/><V37/><F37/><W43/><G43/><T90/><D78/><U29/><E105/><V16/><F106/><W13/><G2/><T112/><D112/><U14/><E14/><V62/><F62/><W24/><G123/><T124/><D75/><U82/><E82/><V8/><F51/><W34/><G34/><T83/><D72/><U104/><E104/><V107/><F107/><W54/><G54/><T108/><D108/><U45/><E45/><V73/><REACH who="2" step="1"/><F42/><REACH who="2" ten="140,310,195,345" step="2"/><W84/><G120/><T35/><D63/><U118/><E118/><V67/><F67/><W50/><G50/><T113/><D113/><U23/><E110/><V93/><F93/><W114/><G95/><T91/><D53/><U47/><E60/><V66/><F66/><W134/><G92/><T129/><D58/><U89/><E56/><V4/><F4/><W52/><G59/><T98/><D83/><U44/><E47/><V130/><F130/><W1/><G55/><T41/><D131/><U132/><E44/><V65/><F65/><W32/><G52/><T48/><D129/><U128/><E128/><RYUUKYOKU ba="1,1" sc="140,-10,310,-10,195,30,345,-10" hai2="8,11,12,16,20,28,31,73,79,81,94,96,101" /><INIT seed="4,2,1,2,5,55" ten="130,300,225,335" oya="0" hai0="57,81,8,43,93,65,4,69,131,125,134,112,39" hai1="41,48,86,127,92,77,18,37,82,6,102,62,105" hai2="71,27,44,47,40,46,132,45,16,85,101,67,52" hai3="24,60,36,95,0,32,49,100,121,111,80,104,135"/><T110/><D112/><U91/><E127/><V63/><F132/><W19/><G36/><T84/><D134/><U56/><E6/><V61/><F101/><W126/><G111/><T51/><D131/><U30/><E37/><V15/><F27/><W99/><G0/><T25/><D39/><U129/><E129/><V35/><F35/><W88/><G126/><T17/><D125/><U13/><E30/><V115/><F115/><W53/><G60/><N who="0" m="38031" /><D69/><U96/><E48/><V122/><F122/><W76/><G121/><T97/><D110/><U70/><E70/><V66/><F85/><W72/><G32/><T120/><D4/><U23/><E41/><V74/><F74/><W130/><G130/><T124/><D120/><U114/><E114/><V75/><F75/><W3/><G3/><T113/><D113/><U34/><E34/><V20/><F40/><W133/><G135/><T83/><D84/><U10/><E10/><V28/><F28/><W58/><G133/><T38/><D38/><U33/><E33/><V108/><F108/><W89/><G104/><T78/><D78/><U14/><E14/><V22/><F22/><W54/><G72/><T29/><D29/><U50/><E50/><N who="2" m="28767" /><F71/><W109/><G76/><T116/><D116/><U12/><E12/><V21/><F21/><W31/><G31/><T119/><D119/><U9/><E23/><V11/><F20/><N who="3" m="13343" /><G109/><T64/><D124/><U103/><E105/><V117/><F117/><W1/><G1/><T68/><D25/><U5/><E5/><V26/><F26/><W94/><G49/><T128/><D51/><RYUUKYOKU ba="2,1" sc="130,-15,300,15,225,15,335,-15" hai1="9,13,18,56,62,77,82,86,91,92,96,102,103" hai2="11,15,16,44,45,46,61,63,66,67" /><INIT seed="5,3,1,3,0,123" ten="115,315,240,320" oya="1" hai0="82,93,89,129,15,61,58,72,54,84,107,42,94" hai1="4,16,135,11,44,114,116,128,59,18,119,100,65" hai2="21,6,20,102,132,103,70,45,86,112,124,38,53" hai3="115,97,99,105,14,130,34,52,101,27,74,23,5"/><U51/><E114/><V133/><F70/><W113/><G74/><T127/><D127/><U28/><E128/><V104/><F124/><W122/><G122/><T8/><D129/><U120/><E120/><V48/><F112/><N who="3" m="43083" /><G99/><T13/><D107/><U80/><E135/><N who="2" m="51787" /><F38/><W88/><G34/><T22/><D72/><U67/><E28/><V85/><F6/><W87/><G52/><T36/><D36/><U71/><E71/><V98/><F102/><W17/><G130/><T131/><D131/><U30/><E30/><V121/><F121/><W26/><G5/><T43/><D22/><AGARI ba="3,1" hai="20,21,22,45,48,53,85,86,98,103,104" m="51787" machi="22" ten="30,1000,0" yaku="20,1" doraHai="123" who="2" fromWho="0" sc="115,-19,315,0,240,29,320,0" /><INIT seed="6,0,0,5,0,46" ten="96,315,269,320" oya="2" hai0="115,16,13,25,100,56,30,122,6,0,75,99,78" hai1="10,74,53,129,92,7,15,35,131,52,41,19,45" hai2="58,21,82,61,77,103,22,91,50,23,72,18,125" hai3="70,130,69,31,134,104,33,47,24,123,76,86,84"/><V28/><F125/><W112/><G123/><T51/><D115/><U94/><E74/><V117/><F117/><W93/><G104/><T127/><D127/><U1/><E35/><V83/><F28/><W12/><G112/><T108/><D108/><U62/><E92/><V89/><F103/><W63/><G134/><T97/><D122/><U48/><E94/><V14/><F82/><W109/><G109/><T106/><D97/><U85/><E85/><V107/><F107/><W5/><G63/><T44/><D6/><U87/><E87/><V26/><F50/><W68/><G76/><T120/><D0/><U116/><E116/><V32/><F32/><W101/><G130/><N who="1" m="49674" /><E62/><V128/><F128/><W17/><G5/><T110/><D110/><U105/><E105/><V37/><F37/><W96/><REACH who="3" step="1"/><G47/><REACH who="3" ten="96,315,269,310" step="2"/><T49/><D120/><U79/><E79/><V126/><F126/><W113/><G113/><T55/><D78/><U60/><E60/><V64/><REACH who="2" step="1"/><F26/><REACH who="2" ten="96,315,259,310" step="2"/><W65/><G65/><T3/><D25/><U40/><E53/><V135/><F135/><W67/><G67/><T43/><D55/><U71/><E71/><V11/><AGARI ba="0,2" hai="11,14,18,21,22,23,58,61,64,72,77,83,89,91" machi="11" ten="30,3000,0" yaku="1,1,0,1,53,0" doraHai="46" doraHaiUra="98" who="2" fromWho="2" sc="96,-10,315,-10,259,50,310,-10" /><INIT seed="6,1,0,2,2,71" ten="86,305,309,300" oya="2" hai0="41,76,131,53,61,120,123,4,98,100,129,122,126" hai1="8,111,17,87,70,130,15,69,43,29,119,36,102" hai2="83,115,65,20,81,6,16,62,60,132,79,23,56" hai3="34,47,21,13,114,128,118,51,27,32,90,91,73"/><V1/><F115/><W94/><G114/><T31/><D4/><U7/><E111/><V95/><F132/><W103/><G73/><T66/><D31/><U54/><E119/><V19/><F1/><W18/><G128/><T45/><D76/><U84/><E130/><V99/><F6/><W68/><G68/><T105/><D53/><U96/><E29/><V133/><F133/><W59/><G59/><T44/><D44/><U26/><E54/><V39/><F39/><W82/><G82/><T134/><D134/><U125/><E125/><V78/><F60/><W85/><G91/><T38/><REACH who="0" step="1"/><D126/><REACH who="0" ten="76,305,309,300" step="2"/><U92/><E7/><V97/><F79/><W74/><G118/><T110/><D110/><U33/><E33/><V77/><F77/><W113/><G113/><T25/><D25/><U28/><E26/><N who="2" m="14599" /><F78/><W58/><G34/><T67/><D67/><U112/><E28/><V109/><F109/><W93/><G32/><T14/><D14/><U37/><E112/><V42/><F42/><W50/><G13/><T86/><D86/><U49/><E87/><V3/><F99/><W12/><G12/><T124/><D124/><U75/><E84/><V48/><F48/><W24/><G27/><T101/><D101/><U89/><E75/><V127/><F127/><W5/><G74/><T9/><D9/><U117/><E117/><V35/><F35/><W80/><G5/><T63/><D63/><U108/><E108/><V121/><F62/><W30/><G103/><T106/><D106/><N who="1" m="63815" /><E49/><V11/><F65/><W107/><G51/><T72/><D72/><U52/><E43/><RYUUKYOKU ba="1,1" sc="76,30,305,-10,309,-10,300,-10" hai0="38,41,45,61,66,98,100,105,120,122,123,129,131" /><INIT seed="7,2,1,0,0,74" ten="106,295,299,290" oya="3" hai0="101,69,91,97,37,9,134,58,109,53,118,88,36" hai1="21,96,39,82,104,84,67,85,114,43,16,51,120" hai2="72,83,81,15,68,64,66,35,56,100,71,45,2" hai3="103,29,46,116,8,5,62,102,106,115,50,30,113"/><W31/><G116/><T108/><D69/><U122/><E114/><N who="3" m="43530" /><G62/><T41/><D118/><U7/><E39/><V95/><F2/><N who="3" m="55" /><G106/><T128/><D128/><U38/><E38/><V80/><F35/><W55/><AGARI ba="2,1" hai="29,30,31,46,50,55,102,103" m="55,43530" machi="55" ten="30,1500,0" yaku="15,1" doraHai="74" who="3" fromWho="3" sc="106,-7,295,-7,299,-7,290,31" owari="99,-40.0,288,-11.0,292,9.0,321,42.0" /></mjloggm>