<mjloggm ver="2.3"><GO type="169" lobby="0"/><UN n0="%E6%9A%B4%E8%B5%B0%E5%A6%84%E6%83%B3" n1="%E3%81%AF%E3%82%80" n2="%E3%82%A6%E3%83%AB%E3%83%88%E3%83%A9%E7%AB%8B%E7%9B%B4" n3="%E7%B7%92%E6%96%B9%E6%99%BA%E7%B5%B5%E9%87%8C%2B" dan="19,16,17,19" rate="2234.48,2086.53,2217.82,2196.79" sx="M,M,M,M"/><TAIKYOKU oya="0"/><INIT seed="0,0,0,1,0,43" ten="250,250,250,250" oya="0" hai0="15,78,32,87,122,0,73,33,130,89,120,61,45" hai1="84,54,63,37,2,46,75,72,38,114,39,82,70" hai2="25,51,86,12,134,48,68,101,76,60,41,93,74" hai3="81,112,23,102,4,133,3,123,42,118,18,31,67"/><T53/><D0/><U44/><E114/><V34/><F134/><W88/><G118/><T27/><D78/><U83/><E2/><V108/><F108/><W17/><G112/><T115/><D73/><U28/><E28/><V35/><F74/><W1/><G102/><T124/><D115/><U29/><E29/><V56/><F68/><W103/><G103/><T5/><D130/><U127/><E127/><V98/><F12/><W128/><G31/><T94/><D124/><U107/><E107/><V49/><F25/><W24/><G133/><T20/><D15/><U111/><E111/><V64/><REACH who="2" step="1"/><F41/><REACH who="2" ten="250,250,240,250" step="2"/><W92/><G42/><T58/><D5/><U69/><E72/><V80/><AGARI ba="0,1" hai="34,35,48,49,51,56,60,64,76,80,86,93,98,101" machi="80" ten="30,4000,0" yaku="1,1,2,1,0,1,53,0" doraHai="43" doraHaiUra="65" who="2" fromWho="2" sc="250,-20,250,-10,240,50,250,-10" /><INIT seed="1,0,0,3,3,36" ten="230,240,290,240" oya="1" hai0="78,92,67,97,43,121,125,62,40,45,86,38,89" hai1="129,79,46,71,112,122,49,93,75,96,55,8,48" hai2="3,68,52,131,31,32,2,37,15,34,102,24,128" hai3="66,33,64,98,16,57,9,103,127,30,29,12,63"/><U59/><E71/><V80/><F68/><W133/><G133/><T123/><D125/><U13/><E122/><N who="0" m="46601" /><D45/><U60/><E112/><V19/><F37/><W100/><G127/><T119/><D38/><U108/><E129/><N who="2" m="49739" /><F102/><W69/><G33/><N who="2" m="12905" /><F52/><W130/><G130/><T111/><D111/><U20/><E108/><V134/><F80/><W7/><G7/><T18/><D18/><U0/><E0/><V83/><F83/><W27/><G100/><N who="0" m="60455" /><D119/><U105/><E105/><V109/><F109/><W70/><G27/><T11/><D11/><U116/><E116/><V21/><F134/><W74/><G74/><T87/><D78/><U73/><E79/><V35/><AGARI ba="0,0" hai="2,3,15,19,21,24,31,35" m="12905,49739" machi="35" ten="30,4000,0" yaku="19,1,34,2" doraHai="36" who="2" fromWho="2" sc="230,-10,240,-20,290,40,240,-10" /><INIT seed="2,0,0,1,4,55" ten="220,220,330,230" oya="2" hai0="124,4,108,0,93,21,47,11,37,96,115,26,67" hai1="56,5,112,1,76,73,36,33,80,114,135,83,133" hai2="79,31,68,39,48,88,72,134,34,99,101,103,53" hai3="69,64,60,17,122,104,6,44,40,86,126,23,106"/><V92/><F39/><W85/><G122/><T128/><D115/><N who="1" m="44075" /><E80/><V49/><F68/><W24/><G126/><T125/><D128/><U113/><N who="1" m="44083" /><U29/><DORA hai="19" /><E56/><V82/><F134/><W9/><G106/><T105/><D108/><U94/><E94/><V117/><F117/><W132/><G104/><T32/><D67/><U70/><E70/><V71/><F71/><W50/><REACH who="3" step="1"/><G132/><REACH who="3" ten="220,220,330,220" step="2"/><T66/><D105/><U38/><E133/><V109/><F109/><W130/><G130/><T89/><D32/><U14/><E33/><V81/><F34/><W65/><G65/><T120/><D66/><U123/><E135/><V43/><F103/><W59/><G59/><T90/><D120/><U77/><E123/><V10/><F101/><W61/><G61/><T75/><D125/><U102/><E102/><V22/><F79/><W118/><G118/><T3/><D124/><U25/><E76/><V20/><F88/><W52/><G52/><T110/><D90/><U46/><E77/><V13/><F53/><W57/><G57/><T7/><D110/><U91/><E91/><V119/><F119/><W58/><G58/><T15/><D89/><U2/><E83/><V35/><F35/><W111/><G111/><T27/><D93/><U42/><E42/><V97/><F43/><W16/><G16/><N who="0" m="10399" /><D96/><U62/><E62/><V41/><F99/><W28/><G28/><T12/><D4/><U129/><E5/><V95/><F97/><W107/><G107/><T98/><D98/><U116/><E129/><V74/><F31/><W8/><G8/><T127/><D11/><RYUUKYOKU ba="0,1" sc="220,-10,220,-10,330,-10,220,30" hai3="6,9,17,23,24,40,44,50,60,64,69,85,86" /><INIT seed="3,1,1,2,3,65" ten="210,210,320,250" oya="3" hai0="11,88,79,29,44,55,59,6,26,53,97,2,32" hai1="78,50,130,82,9,39,105,103,83,13,0,73,89" hai2="99,3,77,71,115,111,112,18,62,93,60,129,76" hai3="61,34,90,28,119,37,72,95,57,128,114,113,23"/><W100/><G119/><T51/><D79/><U25/><E39/><V27/><F3/><W86/><G34/><T75/><D75/><U123/><E0/><V107/><F107/><W31/><G37/><T15/><D2/><U92/><E123/><V120/><F120/><W24/><G128/><T121/><D121/><U48/><E130/><V67/><F129/><W41/><G41/><T104/><D104/><U7/><E83/><V81/><F111/><W21/><G72/><T38/><D38/><U8/><E8/><V66/><F18/><W1/><G1/><T4/><D4/><U101/><E25/><V36/><F27/><W133/><G133/><T124/><D124/><U43/><E43/><V52/><F52/><W19/><G31/><T122/><D122/><U35/><E35/><V117/><F117/><W22/><G100/><T30/><D26/><U116/><E116/><V42/><F42/><W14/><REACH who="3" step="1"/><G22/><REACH who="3" ten="210,210,320,240" step="2"/><T17/><D32/><U20/><E20/><V12/><F36/><W91/><G91/><T108/><D30/><U131/><E131/><V64/><F77/><W106/><G106/><T118/><D29/><U58/><E103/><V68/><F76/><W110/><G110/><T102/><D108/><U94/><E105/><V85/><F115/><W126/><G126/><T87/><D118/><U80/><E101/><V125/><F125/><W132/><G132/><T63/><D102/><U16/><E73/><V98/><F112/><W33/><G33/><T96/><D6/><U127/><E7/><V56/><F71/><W5/><G5/><T84/><D88/><RYUUKYOKU ba="1,2" sc="210,15,210,-15,320,-15,240,15" hai0="11,15,17,44,51,53,55,59,63,84,87,96,97" hai3="14,19,21,23,24,28,57,61,86,90,95,113,114" /><INIT seed="3,2,2,5,4,22" ten="225,195,305,255" oya="3" hai0="38,24,41,14,9,123,114,13,118,92,75,126,128" hai1="1,16,48,4,115,103,102,96,98,42,78,29,84" hai2="67,46,32,27,39,17,79,72,127,64,10,19,134" hai3="15,40,12,28,57,87,91,135,120,97,93,44,45"/><W77/><G120/><T90/><D75/><U65/><E115/><V23/><F32/><W47/><G135/><T132/><D123/><U71/><E29/><V53/><F134/><W116/><G116/><T112/><D118/><U54/><E42/><V33/><F33/><W25/><G40/><T113/><D132/><U68/><E4/><V104/><F104/><W119/><G119/><T109/><D109/><U21/><E1/><V61/><F127/><W20/><G57/><T52/><D126/><U50/><E65/><V133/><F133/><W58/><G58/><T3/><D3/><U0/><E0/><V73/><F79/><W99/><G99/><N who="1" m="37930" /><E68/><V11/><F67/><W81/><AGARI ba="2,2" hai="12,15,20,25,28,44,45,47,77,81,87,91,93,97" machi="81" ten="30,6000,0" yaku="0,1,8,1,52,1" doraHai="22" who="3" fromWho="3" sc="225,-22,195,-22,305,-22,255,86" /><INIT seed="3,3,0,5,3,30" ten="203,173,283,341" oya="3" hai0="34,105,19,135,4,82,80,24,98,93,64,84,78" hai1="92,23,87,61,7,52,41,79,48,116,16,108,39" hai2="69,47,17,88,22,73,97,58,56,50,26,75,65" hai3="38,122,13,49,85,131,129,130,67,60,77,94,134"/><W128/><G38/><T63/><D105/><U2/><E108/><V99/><F69/><W1/><G1/><T62/><D135/><U101/><E116/><V33/><F33/><W89/><G122/><T40/><D4/><U8/><E39/><V91/><F75/><W32/><G134/><T132/><D132/><U86/><E41/><V114/><F73/><W53/><G32/><T119/><D119/><U81/><E61/><V103/><F114/><W59/><G13/><T125/><D125/><U72/><E101/><V112/><F112/><W10/><G10/><T57/><D40/><U70/><E70/><V109/><F109/><W76/><N who="3" m="32768" /><DORA hai="45" /><W71/><AGARI ba="3,0" hai="49,53,59,60,67,71,76,77,85,89,94" m="32768" machi="71" ten="60,12000,1" yaku="4,1,0,1,19,1,52,1" doraHai="30,45" who="3" fromWho="3" sc="203,-43,173,-43,283,-43,341,129" /><INIT seed="3,4,0,2,5,63" ten="160,130,240,470" oya="3" hai0="33,42,113,23,128,21,111,52,44,55,70,22,93" hai1="37,51,17,96,130,115,5,58,1,79,26,86,57" hai2="11,34,76,100,25,66,46,65,102,9,13,87,2" hai3="64,90,117,69,104,80,38,10,121,28,15,108,68"/><W18/><G117/><T8/><D33/><U92/><E37/><V85/><F2/><W135/><G104/><T29/><D128/><U24/><E130/><V39/><F39/><W112/><G112/><T126/><D126/><U74/><E74/><V43/><F34/><W119/><G135/><T127/><D127/><U103/><E115/><V41/><F25/><W56/><G28/><T88/><D70/><U133/><E133/><V53/><F53/><N who="0" m="20554" /><D111/><U124/><E124/><V82/><F46/><W99/><G69/><T6/><D113/><U97/><E51/><V105/><F105/><W94/><G68/><T12/><D42/><N who="2" m="15882" /><F87/><N who="3" m="50535" /><G121/><T132/><D44/><U32/><E97/><V0/><F0/><W30/><G30/><T75/><D75/><U109/><E109/><V91/><F76/><W54/><G119/><T31/><D132/><U20/><E32/><V83/><F83/><W123/><G123/><T16/><D6/><U89/><E79/><V59/><F59/><N who="1" m="22537" /><E5/><N who="2" m="3247" /><F11/><W122/><G122/><T120/><D120/><U49/><E1/><V78/><F78/><W50/><G108/><T27/><D31/><U118/><E118/><V36/><F36/><W131/><G131/><T98/><AGARI ba="4,0" hai="8,12,16,21,22,23,27,29,88,93,98" m="20554" machi="98" ten="30,7900,0" yaku="8,1,54,3" doraHai="63" who="0" fromWho="0" sc="160,91,130,-24,240,-24,470,-43" /><INIT seed="4,0,0,5,5,7" ten="251,106,216,427" oya="0" hai0="103,40,21,36,2,4,24,133,37,39,72,9,31" hai1="104,107,88,120,78,119,1,100,27,41,131,90,28" hai2="116,61,50,101,91,110,49,117,71,109,20,32,129" hai3="95,59,10,68,134,130,77,69,48,126,83,44,26"/><T135/><D103/><U22/><E119/><N who="2" m="45643" /><F32/><W29/><G130/><T16/><D72/><U51/><E131/><V70/><F101/><W98/><G126/><T23/><REACH who="0" step="1"/><D40/><REACH who="0" ten="241,106,216,427" step="2"/><U12/><E100/><V67/><F129/><W25/><G134/><T114/><D114/><U111/><E120/><V97/><F110/><W38/><G69/><T63/><D63/><U60/><E111/><V43/><F71/><W127/><G68/><T55/><D55/><U8/><E60/><V57/><F70/><W56/><G127/><T76/><D76/><U105/><E78/><V45/><F109/><W66/><G77/><T118/><D118/><U113/><E113/><V18/><F61/><W46/><G66/><T33/><D33/><U122/><E122/><V123/><F67/><W47/><G38/><T11/><D11/><U5/><E41/><V14/><F123/><W79/><G10/><T96/><D96/><U86/><E86/><V87/><F97/><W75/><G75/><T128/><D128/><U13/><REACH who="1" step="1"/><E51/><REACH who="1" ten="241,96,216,427" step="2"/><V62/><F62/><W73/><G48/><T99/><D99/><U35/><E35/><V124/><F124/><W94/><G98/><T80/><D80/><U17/><E17/><V42/><F42/><W53/><G83/><T65/><D65/><U52/><E52/><N who="2" m="31895" /><F87/><W15/><G53/><T108/><D108/><U115/><E115/><V121/><F121/><W58/><G73/><T82/><D82/><U92/><E92/><V85/><F85/><W106/><G94/><T81/><D81/><U125/><E125/><V74/><F74/><W19/><G95/><RYUUKYOKU ba="0,2" sc="241,10,96,10,216,10,427,-30" hai0="2,4,9,16,21,23,24,31,36,37,39,133,135" hai1="1,5,8,12,13,22,27,28,88,90,104,105,107" hai2="14,18,20,43,45,49,91" /><INIT seed="4,1,2,0,2,14" ten="251,106,226,397" oya="0" hai0="118,119,72,120,12,91,124,131,89,21,22,11,70" hai1="62,111,42,30,47,52,17,6,76,13,121,44,16" hai2="110,106,123,49,1,97,45,19,88,128,24,28,31" hai3="75,126,29,114,48,64,61,2,59,50,133,93,135"/><T102/><D70/><U67/><E121/><V38/><F38/><W108/><G108/><T15/><D72/><U63/><E111/><V112/><F1/><W55/><G2/><T122/><D102/><U92/><E76/><V86/><F123/><N who="0" m="47146" /><D131/><U43/><E30/><V18/><F110/><W10/><G75/><T65/><D65/><U82/><E82/><V115/><F128/><W103/><G48/><T32/><D32/><U73/><E73/><V9/><F9/><W132/><G10/><T104/><D104/><U90/><E6/><V36/><F36/><W23/><G103/><T5/><D91/><U51/><E13/><V34/><F31/><W116/><G116/><N who="0" m="44587" /><D89/><U87/><E63/><V40/><F97/><W60/><G60/><T85/><D85/><U77/><E77/><V94/><REACH who="2" step="1"/><F106/><REACH who="2" ten="251,106,216,397" step="2"/><W80/><G133/><T101/><D101/><U105/><E105/><V78/><F78/><W46/><G135/><T125/><D22/><U95/><E95/><V109/><F109/><W81/><G23/><T37/><D37/><U129/><E129/><V20/><F20/><W33/><G93/><T25/><D15/><U74/><E74/><V26/><F26/><W7/><G132/><T69/><D69/><U98/><E98/><V54/><F54/><W100/><G55/><T3/><D3/><U66/><E52/><V27/><F27/><W134/><G100/><T35/><D35/><U8/><E8/><V84/><F84/><W96/><G33/><T113/><D113/><AGARI ba="1,3" hai="18,19,24,28,34,40,45,49,86,88,94,112,113,115" machi="113" ten="40,8000,1" yaku="1,1,15,1,52,2,54,1,53,0" doraHai="14" doraHaiUra="117" who="2" fromWho="0" sc="251,-83,106,0,216,113,397,0" /><INIT seed="5,0,0,3,3,103" ten="168,106,329,397" oya="1" hai0="130,133,106,109,6,98,68,84,124,48,117,63,125" hai1="23,118,62,116,61,40,66,126,95,56,121,129,50" hai2="47,46,59,20,38,64,77,22,76,120,52,105,101" hai3="87,112,135,49,54,7,119,26,70,79,104,92,65"/><U122/><E23/><V100/><F64/><W57/><G112/><T4/><D117/><N who="1" m="45163" /><E95/><V21/><F120/><N who="1" m="46185" /><E129/><V82/><F38/><W127/><G65/><N who="0" m="41023" /><D109/><U115/><E115/><V15/><F15/><W71/><G71/><T72/><D133/><U131/><E131/><V58/><F21/><W85/><G70/><T88/><D72/><U80/><E80/><V55/><F82/><W128/><G26/><T39/><D39/><U75/><E75/><V51/><F51/><W53/><G79/><T44/><D130/><U17/><E17/><V123/><F123/><W30/><G30/><T9/><D9/><U114/><E114/><V10/><F10/><W93/><G7/><T28/><D28/><U24/><E24/><V108/><F108/><W89/><G128/><T43/><D4/><U8/><E8/><V74/><F74/><W35/><G35/><T13/><D6/><U96/><E96/><V107/><AGARI ba="0,0" hai="20,22,46,47,52,55,58,59,76,77,100,101,105,107" machi="107" ten="25,12000,2" yaku="0,1,22,2,52,2,54,1" doraHai="103" who="2" fromWho="2" sc="168,-30,106,-60,329,120,397,-30" /><INIT seed="6,0,0,0,1,33" ten="138,46,449,367" oya="2" hai0="114,68,93,71,66,39,62,129,8,80,85,6,107" hai1="76,112,69,91,83,45,19,40,102,12,23,22,86" hai2="72,3,56,100,108,5,9,32,63,48,0,127,92" hai3="1,61,29,43,78,42,65,109,120,119,16,35,105"/><V122/><F72/><W121/><G119/><T36/><D107/><U58/><E69/><V111/><F32/><W90/><G109/><N who="2" m="42057" /><F48/><W95/><G105/><T51/><D71/><U103/><E112/><V27/><F27/><W131/><G131/><T96/><D129/><U59/><E91/><V28/><F28/><W46/><G43/><T11/><D11/><U17/><E59/><V38/><F38/><W117/><G1/><T135/><D135/><U104/><E58/><V79/><F79/><W50/><G78/><T4/><D4/><U128/><E104/><V126/><F3/><W115/><G115/><T26/><D26/><U74/><E74/><V70/><F70/><W134/><G117/><T87/><D51/><U77/><E77/><V123/><F123/><W64/><G64/><T10/><D39/><U53/><E128/><V113/><F113/><W54/><G42/><T57/><D114/><U55/><E102/><V130/><F130/><W67/><G67/><T82/><D66/><U133/><E103/><V2/><F2/><W25/><G134/><T124/><D36/><U110/><E133/><V31/><F122/><W30/><G30/><T7/><D68/><U34/><E34/><V24/><F31/><W18/><G120/><T116/><D116/><U44/><E110/><V132/><F132/><W13/><G13/><T97/><D62/><U14/><REACH who="1" step="1"/><E40/><REACH who="1" ten="138,36,449,367" step="2"/><V84/><F100/><W118/><G121/><T75/><D75/><U101/><E101/><V94/><F56/><N who="3" m="37031" /><G118/><T20/><D57/><U125/><E125/><V49/><F127/><W47/><G47/><AGARI ba="0,1" hai="12,14,17,19,22,23,44,45,47,53,55,76,83,86" machi="47" ten="40,8000,1" yaku="1,1,6,1,9,1,8,1,53,0" doraHai="33" doraHaiUra="52" who="1" fromWho="3" sc="138,0,36,90,449,0,367,-80" /><INIT seed="7,0,0,3,2,76" ten="138,126,449,287" oya="3" hai0="55,9,86,16,72,5,83,110,108,34,135,64,32" hai1="24,53,12,15,129,17,98,117,73,133,77,29,18" hai2="102,106,51,37,13,49,89,105,69,85,42,71,125" hai3="127,47,70,94,38,100,90,28,31,97,130,56,79"/><W87/><G70/><T6/><D72/><U23/><E129/><V88/><F85/><W116/><G116/><T120/><D120/><U132/><E117/><V123/><F13/><N who="1" m="5193" /><E98/><V91/><F91/><W96/><G130/><T36/><D36/><U21/><E53/><V75/><F102/><W1/><G1/><T26/><D64/><U80/><E23/><V128/><F75/><W124/><G97/><T14/><D135/><AGARI ba="0,0" hai="17,18,21,24,29,73,77,80,132,133,135" m="5193" machi="135" ten="30,2000,0" yaku="20,1,52,1" doraHai="76" who="1" fromWho="0" sc="138,-20,126,20,449,0,287,0" owari="118,-38.0,146,-25.0,449,54.0,287,9.0" /></mjloggm>