<mjloggm ver="2.3"><GO type="169" lobby="0"/><UN n0="%E5%B0%B1%E6%B4%BB%E7%94%9F%40%E5%B7%9D%E6%9D%91%E8%BB%8D%E5%9B%A3" n1="%E3%81%BE%E3%81%93%E3%81%95%E3%81%A8%76%65%72%32" n2="%E6%B0%B4%E5%B8%8C%E2%99%AA" n3="%E6%97%85%E4%BA%BA%E3%81%A1%E3%82%88%E3%81%99%E3%81%91" dan="17,17,18,17" rate="2231.28,2221.99,2220.04,2140.08" sx="M,M,M,M"/><TAIKYOKU oya="0"/><INIT seed="0,0,0,5,1,86" ten="250,250,250,250" oya="0" hai0="107,2,102,51,113,77,82,30,87,3,40,124,27" hai1="110,1,135,11,64,104,0,92,61,103,54,65,47" hai2="48,126,105,98,49,24,125,128,7,39,75,132,134" hai3="62,37,52,111,9,94,28,15,53,114,89,117,22"/><T76/><D113/><U5/><E104/><V119/><F39/><W42/><G117/><T69/><D124/><N who="2" m="47722" /><F75/><W79/><G114/><T45/><D69/><U20/><E110/><V85/><F7/><W50/><G37/><T19/><D19/><U127/><E135/><N who="2" m="51755" /><F119/><W56/><G42/><T35/><D76/><U44/><E0/><V26/><F85/><W73/><G111/><T115/><D115/><U74/><E74/><V55/><F105/><W66/><G79/><T101/><D107/><U59/><E64/><V88/><F128/><W32/><G32/><T4/><D3/><U14/><E127/><V16/><F16/><N who="3" m="8303" /><G73/><T84/><D2/><U41/><E65/><V43/><F43/><W25/><G50/><N who="2" m="19561" /><F55/><W10/><G10/><T17/><D17/><U122/><E1/><V63/><F63/><W78/><G78/><T8/><D87/><AGARI ba="0,0" hai="22,25,28,52,53,56,62,66,87,89,94" m="8303" machi="87" ten="30,7700,0" yaku="8,1,52,1,54,2" doraHai="86" who="3" fromWho="0" sc="250,-77,250,0,250,0,250,77" /><INIT seed="1,0,0,1,3,58" ten="173,250,250,327" oya="1" hai0="15,101,112,125,79,68,134,130,0,73,74,121,50" hai1="5,98,87,83,33,45,48,44,8,135,39,1,18" hai2="97,60,110,16,131,2,29,26,118,92,6,104,19" hai3="22,114,109,81,78,123,133,76,54,46,105,32,31"/><U9/><E135/><V49/><F118/><W72/><G114/><T24/><D50/><U38/><E33/><V42/><F104/><W127/><G123/><T107/><D15/><U82/><E82/><V80/><F110/><W75/><G105/><T106/><D24/><U108/><E108/><V59/><F131/><W103/><G103/><T77/><D68/><U10/><E10/><V40/><F80/><W61/><G109/><T66/><D66/><U117/><E45/><N who="2" m="25767" /><F42/><W94/><G94/><T12/><D12/><U4/><E98/><V25/><F6/><W119/><G133/><T56/><D56/><U13/><E117/><V65/><F2/><W84/><G127/><T7/><D7/><U86/><E86/><V14/><F29/><W17/><G31/><T93/><D0/><U67/><E67/><V88/><F19/><W70/><G32/><T63/><D63/><U28/><E28/><V34/><F34/><W99/><G99/><T124/><D134/><U36/><E36/><V95/><F95/><W132/><G119/><T53/><D53/><U102/><E102/><V43/><F43/><W90/><G132/><T41/><D41/><U37/><E37/><V122/><F122/><W3/><G3/><T85/><D121/><U35/><E35/><V55/><F65/><W129/><G129/><T116/><D130/><U71/><E71/><V62/><F62/><W100/><G61/><T91/><D116/><U126/><E126/><N who="0" m="48745" /><D112/><U96/><E96/><V111/><F111/><W115/><G70/><T128/><D128/><U69/><E69/><V30/><F30/><RYUUKYOKU ba="0,0" sc="173,-10,250,-10,250,30,327,-10" hai2="14,16,25,26,55,59,60,88,92,97" /><INIT seed="2,1,0,0,4,113" ten="163,240,280,317" oya="2" hai0="107,105,132,102,75,14,2,28,117,90,46,118,17" hai1="1,130,69,36,71,24,70,65,128,35,48,127,22" hai2="91,119,135,82,108,115,86,67,62,58,10,16,125" hai3="5,8,45,30,55,109,13,50,0,134,60,94,121"/><V42/><F115/><W56/><G121/><T126/><D2/><U111/><E35/><V72/><F135/><W92/><G134/><T21/><D132/><U25/><E1/><V100/><F125/><W29/><G109/><T43/><D75/><U44/><E111/><V133/><F133/><W99/><G0/><T64/><D126/><U26/><E127/><V95/><F108/><W57/><G57/><T77/><D77/><U81/><E36/><V93/><F72/><W54/><REACH who="3" step="1"/><G94/><REACH who="3" ten="163,240,280,307" step="2"/><T34/><D64/><U80/><E65/><V114/><F114/><W97/><G97/><T101/><D105/><U83/><E22/><V131/><F95/><W19/><G19/><T4/><D4/><U33/><E33/><V96/><F131/><W74/><G74/><T6/><D6/><U66/><E66/><V41/><REACH who="2" step="1"/><F119/><REACH who="2" ten="163,240,270,307" step="2"/><N who="0" m="45578" /><D107/><U110/><E110/><V78/><F78/><W40/><G40/><AGARI ba="1,2" hai="24,25,26,40,44,48,69,70,71,80,81,83,128,130" machi="40" ten="50,3200,0" yaku="29,2" doraHai="113" who="1" fromWho="3" sc="163,0,240,55,270,0,307,-35" /><INIT seed="3,0,0,4,4,128" ten="163,295,270,272" oya="3" hai0="75,110,26,21,82,65,80,43,10,67,118,132,73" hai1="101,64,105,59,104,49,19,27,124,99,34,35,88" hai2="108,83,90,111,107,31,116,87,133,66,58,89,112" hai3="123,8,1,93,52,95,100,113,56,29,92,0,122"/><W53/><G113/><T125/><D118/><U12/><E105/><V18/><F31/><W54/><G100/><T109/><D43/><U103/><E103/><V2/><F2/><N who="3" m="1131" /><G29/><T121/><D10/><U63/><E124/><V25/><F107/><W81/><G8/><T130/><D125/><U61/><E27/><V106/><F106/><W134/><G56/><T85/><D121/><N who="3" m="46089" /><G81/><T20/><D130/><U37/><E37/><V30/><F30/><W126/><G126/><T36/><D85/><U39/><E39/><V86/><F58/><W51/><G51/><T72/><D36/><U40/><E61/><V91/><F112/><W119/><G134/><T42/><D73/><U17/><E17/><V13/><F66/><W60/><G60/><T115/><D42/><U6/><E6/><V55/><F55/><W69/><G69/><T11/><D11/><U135/><E135/><V5/><F133/><W84/><G84/><T38/><D38/><U114/><E114/><V41/><F41/><W97/><G97/><T28/><D132/><U120/><E49/><V57/><F116/><AGARI ba="0,0" hai="52,53,54,92,93,95,116,119" m="46089,1131" machi="116" ten="40,7700,0" yaku="28,2,54,1" doraHai="128" who="3" fromWho="2" sc="163,0,295,0,270,-77,272,77" /><INIT seed="3,1,0,3,4,120" ten="163,295,193,349" oya="3" hai0="68,58,132,90,28,65,9,22,75,126,81,116,6" hai1="99,82,43,102,45,19,13,103,84,56,39,118,67" hai2="20,92,112,124,105,64,24,128,60,5,98,104,114" hai3="52,87,48,26,111,115,100,40,0,78,117,69,10"/><W83/><G115/><T33/><D116/><U8/><E118/><V23/><F5/><W110/><G117/><T49/><D126/><U80/><E80/><V35/><F124/><W34/><G69/><T96/><D132/><U36/><E67/><V32/><F128/><W79/><G40/><T66/><D33/><U18/><E56/><V59/><F32/><W108/><G100/><T51/><D68/><U47/><E99/><V61/><F35/><W12/><G0/><T86/><D75/><U38/><E19/><V95/><F59/><N who="3" m="33159" /><G34/><T71/><D96/><U1/><E1/><V76/><F98/><W2/><G2/><T74/><D74/><U63/><E63/><V119/><F119/><W125/><G26/><T91/><D71/><U53/><E36/><V7/><F7/><N who="3" m="3167" /><G125/><T27/><D90/><AGARI ba="1,0" hai="78,79,83,87,90,108,110,111" m="3167,33159" machi="90" ten="30,18000,2" yaku="14,1,10,1,52,3,54,1" doraHai="120" who="3" fromWho="0" sc="163,-183,295,0,193,0,349,183" owari="-20,-52.0,295,10.0,193,-21.0,532,63.0" /></mjloggm>