<mjloggm ver="2.3"><GO type="169" lobby="0"/><UN n0="%E3%82%A6%E3%83%AB%E3%83%88%E3%83%A9%E7%AB%8B%E7%9B%B4" n1="%E3%81%99%E3%81%B0%E3%82%89%E3%81%A3%E2%98%85" n2="%E8%B1%86%E7%89%B9%EF%BC%A0%E6%B2%B3%E6%9D%91%E8%BB%8D%E5%9B%A3" n3="%E7%A2%BA%E8%AA%8D%E4%BA%8B%E9%A0%85" dan="16,16,16,16" rate="2090.36,2120.42,2071.95,2159.71" sx="M,F,M,M"/><TAIKYOKU oya="0"/><INIT seed="0,0,0,5,5,121" ten="250,250,250,250" oya="0" hai0="86,103,53,98,57,4,58,23,81,84,77,110,13" hai1="89,101,48,80,88,30,44,47,15,9,68,22,112" hai2="36,128,46,25,27,12,133,94,93,8,105,117,73" hai3="135,67,38,118,131,108,113,109,85,16,41,91,21"/><T120/><D120/><U32/><E32/><V127/><F105/><W134/><G113/><T29/><D110/><N who="3" m="42601" /><G118/><T40/><D40/><U99/><E68/><V59/><F94/><N who="3" m="54639" /><G131/><T3/><D3/><U66/><E66/><V116/><F93/><W83/><G67/><T92/><D86/><U34/><E34/><V111/><F73/><W123/><G123/><T43/><D43/><U0/><E0/><V35/><F35/><W75/><G41/><T52/><D53/><U70/><E70/><V42/><F42/><W10/><G10/><T28/><D58/><U124/><E47/><V114/><F59/><W72/><G38/><T1/><D1/><U56/><E56/><V39/><F36/><W33/><G33/><T107/><D107/><U100/><E112/><V78/><F114/><W74/><G83/><T90/><D103/><U49/><E101/><V2/><F39/><W31/><G31/><T119/><D119/><U37/><E37/><V82/><F82/><W51/><G51/><N who="0" m="30879" /><D23/><U104/><E80/><V19/><F117/><W61/><G61/><T125/><D125/><U60/><E60/><V71/><F127/><W95/><G95/><T64/><D64/><U126/><E124/><V6/><F116/><W65/><G65/><T50/><D50/><U62/><E62/><V106/><F111/><W14/><AGARI ba="0,0" hai="14,16,21,72,74,75,134,135" m="54639,42601" machi="14" ten="40,8000,1" yaku="14,1,52,3,54,1" doraHai="121" who="3" fromWho="3" sc="250,-40,250,-20,250,-20,250,80" /><INIT seed="1,0,0,3,3,131" ten="210,230,230,330" oya="1" hai0="42,128,135,26,93,19,64,9,90,1,119,109,7" hai1="73,118,4,34,23,98,116,122,103,48,6,22,89" hai2="120,72,17,8,79,130,21,63,62,44,52,57,125" hai3="95,18,77,106,53,85,3,36,65,99,81,83,13"/><U82/><E34/><V66/><F120/><W0/><G36/><T74/><D74/><U104/><E122/><V67/><F130/><W133/><G106/><T49/><D128/><U96/><E23/><V55/><F125/><W68/><G68/><T107/><D107/><U33/><E33/><V100/><F100/><W59/><G65/><T46/><D119/><U39/><E39/><V115/><F115/><W32/><G83/><T45/><D64/><U91/><E6/><V75/><F8/><W78/><G78/><T129/><D129/><U102/><E4/><V97/><F97/><W38/><G32/><T71/><D71/><U101/><E22/><V54/><F44/><W58/><G38/><T123/><D123/><U60/><E48/><V27/><REACH who="2" step="1"/><F79/><REACH who="2" ten="210,230,220,330" step="2"/><W41/><G99/><T132/><D46/><U30/><E102/><V70/><AGARI ba="0,1" hai="17,21,27,52,54,55,57,62,63,66,67,70,72,75" machi="70" ten="30,7900,0" yaku="1,1,2,1,0,1,54,1,53,0" doraHai="131" doraHaiUra="35" who="2" fromWho="2" sc="210,-20,230,-39,220,89,330,-20" /><INIT seed="2,0,0,2,2,108" ten="190,191,309,310" oya="2" hai0="40,91,32,112,83,80,53,101,16,39,75,61,66" hai1="113,77,51,94,54,84,104,90,118,87,105,21,49" hai2="128,31,81,125,135,115,95,14,26,1,36,41,62" hai3="98,89,15,124,97,12,107,19,3,23,73,50,78"/><V52/><F1/><W63/><G3/><T79/><D32/><U100/><E118/><V29/><F29/><W4/><G124/><T64/><D101/><U93/><E51/><V121/><F121/><W120/><G120/><T106/><D106/><U10/><E10/><V42/><F125/><W27/><G73/><T6/><D6/><U114/><E21/><V59/><F36/><W130/><G78/><T65/><D40/><U56/><E77/><V55/><F81/><W57/><G130/><T71/><D39/><U131/><E131/><V24/><F128/><W20/><G50/><T134/><D134/><U43/><E43/><V122/><F135/><W99/><G107/><T72/><D53/><U132/><E132/><V28/><F14/><W5/><G89/><T133/><D133/><U109/><E109/><V7/><F7/><N who="3" m="2635" /><G23/><T18/><D75/><U38/><E38/><V60/><F122/><W44/><G44/><T17/><REACH who="0" step="1"/><D112/><REACH who="0" ten="180,191,309,310" step="2"/><U117/><E105/><V45/><F115/><W102/><G102/><T111/><D111/><U92/><E104/><V88/><F41/><W127/><G127/><T8/><D8/><U13/><E113/><V74/><F74/><W129/><G129/><T116/><D116/><U25/><E117/><V67/><F42/><W123/><G123/><T70/><D70/><U119/><E119/><V11/><F11/><W85/><G20/><T86/><AGARI ba="0,1" hai="16,17,18,61,64,65,66,71,72,79,80,83,86,91" machi="86" ten="30,4000,0" yaku="1,1,0,1,54,1,53,0" doraHai="108" doraHaiUra="48" who="0" fromWho="0" sc="180,50,191,-10,309,-20,310,-10" /><INIT seed="3,0,0,5,5,9" ten="230,181,289,300" oya="3" hai0="117,83,114,35,43,15,38,131,11,78,37,125,87" hai1="49,45,42,120,121,59,12,118,52,34,90,75,101" hai2="20,40,55,48,26,106,115,86,89,84,95,65,60" hai3="130,79,97,2,54,18,82,46,30,6,102,58,32"/><W47/><G130/><T76/><D117/><U105/><E118/><V108/><F115/><W3/><G30/><T100/><D35/><U66/><E34/><V133/><F106/><W51/><G32/><T129/><D100/><U39/><E75/><V109/><F40/><W8/><G3/><T29/><D29/><U27/><E27/><V69/><F133/><W57/><G18/><T64/><D64/><U119/><E119/><V135/><F135/><W21/><G21/><T126/><D78/><U112/><E112/><V70/><F70/><W25/><G25/><T41/><D41/><U56/><E90/><V61/><F61/><W68/><G47/><N who="0" m="24047" /><D38/><U36/><E36/><V113/><F86/><W73/><REACH who="3" step="1"/><G68/><REACH who="3" ten="230,181,289,290" step="2"/><T92/><D114/><U77/><E45/><V93/><F113/><W28/><G28/><T107/><D129/><U23/><E23/><V62/><F20/><W0/><G0/><T132/><D131/><U103/><E42/><V116/><F26/><W13/><G13/><T67/><D15/><U17/><E39/><V123/><F116/><W124/><G124/><T104/><D126/><U22/><E12/><V80/><F69/><W19/><G19/><T111/><D125/><U16/><E17/><V1/><F1/><W127/><G127/><T96/><D132/><U74/><E16/><V31/><F31/><W91/><G91/><T4/><D4/><U14/><E22/><V5/><F89/><W88/><G88/><T94/><D11/><U134/><E14/><V53/><F5/><W10/><G10/><T85/><D96/><N who="1" m="61607" /><E134/><V24/><F24/><RYUUKYOKU ba="0,1" sc="230,-10,181,-10,289,-10,290,30" hai3="2,6,8,46,51,54,57,58,73,79,82,97,102" /><INIT seed="3,1,1,0,0,7" ten="220,171,279,320" oya="3" hai0="23,35,85,3,135,46,47,118,40,77,17,8,124" hai1="59,94,37,69,31,82,131,100,132,104,63,116,50" hai2="12,90,6,65,106,54,107,97,101,123,5,75,74" hai3="13,51,45,55,73,38,39,86,134,88,19,125,34"/><W26/><G125/><T58/><D118/><U112/><E112/><V114/><F114/><W76/><G134/><T24/><D124/><U49/><E132/><V87/><F107/><W0/><G0/><T27/><D135/><U1/><E1/><V43/><F123/><W33/><G76/><T67/><D3/><U95/><E69/><V120/><F120/><W117/><G73/><T78/><D8/><U128/><E37/><V4/><F65/><W126/><G117/><T9/><D9/><U110/><E116/><V105/><F105/><W64/><G64/><T10/><D10/><U53/><E110/><V15/><F43/><W79/><G79/><T119/><D119/><U32/><E82/><V115/><F115/><W113/><G126/><T36/><D47/><U20/><E32/><V52/><F75/><W127/><G127/><T133/><D133/><U60/><E31/><V98/><F98/><W16/><G34/><T57/><D85/><U41/><E20/><V2/><F74/><W130/><G130/><T48/><D58/><U84/><E84/><V66/><F66/><W91/><G113/><T109/><D109/><U62/><E104/><V44/><F2/><W80/><G33/><T83/><D83/><U29/><E29/><V92/><REACH who="2" step="1"/><F44/><REACH who="2" ten="220,171,269,320" step="2"/><W121/><G121/><T70/><D67/><U22/><E41/><V81/><F81/><W21/><G91/><T14/><D46/><U111/><E131/><V68/><F68/><W103/><G103/><T11/><D70/><U89/><E128/><V122/><F122/><W28/><G45/><T18/><D40/><RYUUKYOKU ba="1,2" sc="220,-10,171,-10,269,30,320,-10" hai2="4,5,6,12,15,52,54,87,90,92,97,101,106" /><INIT seed="4,2,2,1,1,18" ten="210,161,299,310" oya="0" hai0="108,61,3,119,91,12,11,19,13,123,35,100,68" hai1="67,85,129,25,59,107,21,44,49,54,115,88,5" hai2="75,106,15,71,120,128,134,130,86,74,127,73,65" hai3="110,39,135,10,124,55,81,47,63,133,42,105,87"/><T52/><D123/><U58/><E107/><V48/><F120/><W70/><G110/><T97/><D119/><U37/><E129/><N who="2" m="49771" /><F106/><W8/><G105/><T4/><D35/><U45/><E115/><V112/><F112/><W56/><G124/><T23/><D108/><U121/><E5/><V6/><F127/><W125/><G125/><T77/><D77/><U117/><E117/><V131/><F134/><N who="3" m="51211" /><G70/><T14/><D91/><AGARI ba="2,2" hai="8,10,39,42,47,55,56,63,81,87,91" m="51211" machi="91" ten="30,1000,0" yaku="20,1" doraHai="18" who="3" fromWho="0" sc="210,-16,161,0,299,0,310,36" /><INIT seed="5,0,0,5,0,29" ten="194,161,299,346" oya="1" hai0="14,111,69,18,3,82,80,103,70,2,108,106,107" hai1="95,71,1,87,36,35,39,33,58,57,96,56,53" hai2="116,88,54,124,75,9,74,27,81,8,129,72,40" hai3="26,68,13,117,85,112,34,77,52,66,55,44,93"/><U84/><E71/><V37/><F116/><W7/><G117/><T67/><D14/><U135/><E1/><V5/><F129/><W62/><G112/><T130/><D103/><U25/><E135/><V114/><F124/><W105/><G105/><T86/><D86/><U65/><E65/><V61/><F114/><W126/><G126/><T134/><D67/><U97/><E53/><V30/><F9/><W6/><G13/><T38/><D18/><U15/><E15/><V91/><F81/><W63/><G55/><T31/><D31/><U120/><E120/><V76/><F76/><W60/><G60/><T99/><D99/><N who="1" m="37963" /><E25/><V125/><F125/><W47/><G47/><T12/><D12/><U131/><E95/><V119/><F119/><W109/><G93/><T59/><D59/><U48/><E48/><V92/><F92/><W22/><G26/><T102/><D102/><U118/><E118/><V42/><F27/><W113/><G66/><T20/><D20/><U41/><E41/><V83/><F42/><W133/><G22/><T51/><D51/><U90/><E90/><V24/><F88/><W94/><G94/><T79/><D79/><U23/><E23/><N who="2" m="15647" /><F91/><W128/><G77/><T122/><D122/><U43/><E43/><V104/><F40/><W127/><G127/><T73/><D134/><U132/><E132/><V46/><F83/><W78/><G133/><T28/><D28/><U110/><E131/><V45/><F45/><W101/><G44/><T121/><D121/><U21/><E110/><V50/><F46/><W64/><G109/><T10/><D111/><RYUUKYOKU ba="0,0" sc="194,0,161,0,299,0,346,0" /><INIT seed="6,1,0,4,1,31" ten="194,161,299,346" oya="2" hai0="67,42,134,102,73,112,106,99,91,1,28,41,30" hai1="6,114,60,25,12,39,119,104,7,38,9,64,51" hai2="58,96,116,83,75,40,122,89,131,93,54,118,107" hai3="95,79,109,133,43,84,121,33,53,74,29,103,77"/><V97/><F122/><W80/><G109/><T10/><D67/><U44/><E114/><V59/><F131/><W111/><G111/><T120/><D120/><U88/><E104/><V82/><F40/><W32/><G43/><T22/><D73/><U5/><E119/><V115/><F115/><W56/><G29/><T45/><D112/><U0/><E0/><V86/><F59/><W37/><G37/><T35/><D42/><U100/><E100/><N who="2" m="62863" /><F83/><W78/><G121/><T123/><D123/><U11/><E25/><V98/><F96/><W126/><G103/><T46/><D46/><U132/><E132/><V17/><F17/><W110/><G95/><T21/><D91/><U27/><E27/><V113/><F98/><W14/><G110/><T92/><D92/><U13/><E7/><V129/><F129/><W36/><G36/><T125/><D134/><U52/><REACH who="1" step="1"/><E88/><REACH who="1" ten="194,151,299,346" step="2"/><V94/><F113/><W15/><G133/><T20/><D125/><U70/><AGARI ba="1,1" hai="5,6,9,11,12,13,38,39,44,51,52,60,64,70" machi="70" ten="20,12000,2" yaku="1,1,2,1,0,1,7,1,9,1,54,1,53,1" doraHai="31" doraHaiUra="49" who="1" fromWho="1" sc="194,-31,151,133,299,-61,346,-31" /><INIT seed="7,0,0,2,4,118" ten="163,284,238,315" oya="3" hai0="21,90,73,4,70,48,103,82,129,69,45,75,81" hai1="84,62,127,42,105,117,61,60,116,109,7,125,8" hai2="93,89,28,91,1,63,110,59,96,100,54,85,46" hai3="83,122,97,47,53,88,3,104,50,52,15,17,24"/><W56/><G122/><T64/><D129/><U58/><E105/><V35/><F110/><W36/><G3/><T38/><D103/><U5/><E109/><V131/><F131/><W29/><G104/><T92/><D38/><U30/><E30/><V135/><F135/><W31/><G24/><T9/><D21/><U76/><E42/><V25/><F1/><W67/><G67/><T13/><D64/><U124/><E58/><V11/><F11/><N who="3" m="6399" /><G36/><T41/><D75/><U126/><E126/><V132/><F132/><W121/><G121/><T107/><D107/><U123/><E123/><V26/><F26/><W68/><G68/><T134/><D134/><U19/><E19/><V72/><F72/><W115/><G115/><T74/><D74/><U34/><E34/><V40/><F85/><N who="3" m="50239" /><G97/><T51/><D73/><U130/><E130/><V16/><F16/><W112/><G112/><T0/><D0/><N who="1" m="39" /><E7/><V113/><REACH who="2" step="1"/><F113/><REACH who="2" ten="163,284,228,315" step="2"/><W20/><G20/><T119/><D119/><U108/><E108/><V87/><F87/><W43/><G43/><T133/><D133/><U39/><E84/><V44/><F44/><W78/><G78/><T37/><D81/><U98/><E76/><V2/><F2/><W95/><G31/><T94/><D82/><U55/><E117/><V86/><F86/><W80/><G29/><T18/><D18/><U71/><E116/><V32/><F32/><W49/><G80/><T114/><D114/><U77/><E124/><V66/><F66/><W23/><G23/><T6/><D6/><U65/><E125/><V79/><F79/><W22/><G22/><RYUUKYOKU ba="0,1" sc="163,-15,284,-15,228,15,315,15" hai2="25,28,35,40,46,54,59,63,89,91,93,96,100" hai3="47,49,50,52,53,56,95" owari="148,-35.0,269,7.0,243,-16.0,340,44.0" /></mjloggm>