<mjloggm ver="2.3"><GO type="169" lobby="0"/><UN n0="%E7%A5%9E%E6%A5%BD%E5%9D%82%E3%82%86%E3%81%8B" n1="%EF%BC%88%EF%BC%BE%D0%94%EF%BC%BE%EF%BC%89" n2="%E5%B0%B1%E6%B4%BB%E7%94%9F%40%E5%B7%9D%E6%9D%91%E8%BB%8D%E5%9B%A3" n3="%E3%81%8A%E3%81%98%E3%81%95%E3%82%93" dan="17,17,17,16" rate="2156.24,2117.81,2256.34,2140.77" sx="M,M,M,M"/><TAIKYOKU oya="0"/><INIT seed="0,0,0,2,4,27" ten="250,250,250,250" oya="0" hai0="58,18,30,1,76,132,68,118,62,75,15,4,109" hai1="73,69,41,129,127,3,106,71,26,95,83,65,35" hai2="125,72,36,124,12,2,8,52,119,79,120,14,123" hai3="24,110,87,131,25,81,20,66,80,94,96,44,112"/><T0/><D118/><U43/><E106/><V113/><F36/><W85/><G112/><T135/><D68/><U97/><E3/><V40/><F40/><W59/><G110/><T21/><D109/><U48/><E129/><V91/><F72/><W11/><G11/><T57/><D4/><U53/><E71/><V42/><F79/><N who="3" m="46239" /><G44/><T78/><D58/><U55/><E55/><V115/><F42/><W16/><G131/><T10/><D0/><U77/><E127/><N who="2" m="48715" /><F91/><N who="3" m="51695" /><G59/><T67/><D1/><U89/><E65/><V121/><F52/><W63/><G63/><T122/><D122/><U45/><REACH who="1" step="1"/><E69/><REACH who="1" ten="250,240,250,250" step="2"/><V33/><F119/><W51/><G66/><T38/><D67/><U92/><E92/><V134/><F2/><W9/><G94/><T50/><D135/><U88/><E88/><V101/><F134/><W86/><G96/><T31/><D132/><U13/><E13/><V37/><F14/><W100/><G25/><T105/><D105/><U61/><E61/><V22/><F12/><W70/><G70/><T82/><D78/><U6/><E6/><V104/><F104/><W56/><G24/><T111/><D111/><U64/><E64/><V117/><F115/><W5/><G5/><T54/><D10/><U29/><AGARI ba="0,1" hai="26,29,35,41,43,45,48,53,73,77,83,89,95,97" machi="29" ten="30,4000,0" yaku="1,1,0,1,52,1,53,0" doraHai="27" doraHaiUra="114" who="1" fromWho="1" sc="250,-20,240,50,250,-10,250,-10" /><INIT seed="1,0,0,1,5,74" ten="230,290,240,240" oya="1" hai0="53,91,42,21,69,92,117,20,65,17,16,62,135" hai1="11,119,57,4,55,83,116,108,9,14,106,66,128" hai2="32,7,78,96,40,134,104,103,105,126,1,129,56" hai3="22,2,37,109,77,99,132,35,112,72,13,125,94"/><U26/><E106/><V118/><F118/><W127/><G35/><T27/><D117/><U124/><E124/><N who="3" m="47690" /><G2/><T52/><D135/><U15/><E128/><V3/><F32/><W41/><G112/><T46/><D92/><U18/><E66/><V67/><F105/><W87/><G41/><T90/><D91/><U97/><E97/><V84/><F129/><W54/><G54/><T80/><D90/><U115/><E115/><V48/><F134/><W45/><G45/><T79/><D42/><U86/><E26/><V122/><F122/><W131/><G37/><T59/><D46/><U19/><E4/><V5/><F40/><W68/><G68/><T81/><D69/><U36/><E36/><V61/><F48/><W107/><G22/><T130/><D130/><U49/><REACH who="1" step="1"/><E108/><REACH who="1" ten="230,280,240,240" step="2"/><V64/><F64/><W100/><G109/><T51/><D65/><U12/><E12/><V34/><F126/><W110/><G13/><T98/><D98/><U121/><E121/><V10/><F5/><W73/><G110/><T47/><REACH who="0" step="1"/><D79/><AGARI ba="0,1" hai="9,11,14,15,18,19,49,55,57,79,83,86,116,119" machi="79" ten="30,11600,0" yaku="1,1,7,1,9,1,52,1,53,0" doraHai="74" doraHaiUra="71" who="1" fromWho="0" sc="230,-116,280,126,240,0,240,0" /><INIT seed="1,1,0,3,1,64" ten="114,406,240,240" oya="1" hai0="10,54,122,66,101,98,105,4,131,93,63,78,118" hai1="37,100,113,123,58,59,23,124,29,91,25,119,2" hai2="73,129,26,45,79,106,88,110,86,121,96,65,16" hai3="53,92,130,20,42,47,70,80,19,7,31,57,89"/><U22/><E113/><V27/><F121/><W97/><G130/><T36/><D122/><U111/><E119/><V39/><F129/><W135/><G135/><T114/><D118/><U84/><E37/><V32/><F110/><W71/><G7/><T43/><D114/><U95/><E2/><V52/><F32/><W82/><G31/><T60/><D131/><U112/><E112/><V81/><F65/><W77/><G47/><T56/><D78/><U51/><E124/><V15/><F39/><W6/><G6/><T18/><D18/><U102/><E111/><V120/><F120/><W116/><G42/><T117/><D117/><U103/><E123/><V133/><F133/><W0/><G0/><T126/><D126/><U69/><E69/><N who="3" m="26122" /><G77/><T67/><D36/><U50/><E22/><N who="2" m="11551" /><F73/><W3/><G3/><T21/><D43/><U55/><E59/><V13/><F13/><W68/><N who="3" m="26130" /><W28/><DORA hai="41" /><G28/><T1/><D21/><U127/><E127/><V35/><F35/><W48/><G48/><AGARI ba="1,0" hai="23,25,29,48,50,51,55,58,84,91,95,100,102,103" machi="48" ten="40,2000,0" yaku="8,1" doraHai="64,41" who="1" fromWho="3" sc="114,0,406,23,240,0,240,-23" /><INIT seed="1,2,0,3,4,105" ten="114,429,240,217" oya="1" hai0="70,83,98,0,77,132,24,127,120,91,118,79,80" hai1="87,55,14,17,47,62,36,122,123,58,3,2,134" hai2="13,113,4,82,133,126,108,112,42,16,57,25,9" hai3="37,23,51,30,6,44,89,63,49,15,106,74,102"/><U85/><E134/><V43/><F108/><W81/><G106/><T19/><D132/><U128/><E128/><V28/><F133/><W59/><G102/><T52/><D120/><U107/><E107/><V69/><F69/><W41/><G30/><T84/><D118/><U104/><E104/><V12/><F82/><W46/><G37/><T115/><D0/><U61/><E36/><V116/><F57/><W92/><G81/><T18/><D127/><U131/><E131/><V10/><F116/><W94/><G74/><T129/><D129/><U21/><E47/><V45/><F126/><W75/><G75/><T32/><D115/><N who="2" m="44106" /><F45/><W93/><G89/><T27/><D70/><U56/><E2/><V35/><AGARI ba="2,0" hai="4,9,10,12,13,16,25,28,35,42,43" m="44106" machi="35" ten="30,2000,0" yaku="11,1,54,1" doraHai="105" who="2" fromWho="2" sc="114,-7,429,-12,240,26,217,-7" /><INIT seed="2,0,0,5,5,13" ten="107,417,266,210" oya="2" hai0="114,17,43,105,127,58,103,74,32,44,51,123,22" hai1="88,79,28,108,29,48,125,121,61,39,109,83,86" hai2="78,96,111,95,134,64,129,18,36,30,102,46,54" hai3="131,124,71,107,65,120,59,112,82,52,60,76,50"/><V23/><F129/><W53/><G131/><T73/><D114/><U33/><E39/><V6/><F134/><W118/><G118/><T63/><D123/><U85/><E121/><V132/><F132/><W21/><G120/><T92/><D32/><U100/><E33/><V20/><F78/><W81/><G107/><T122/><D122/><U101/><E125/><V26/><F64/><W15/><G124/><T27/><D105/><U10/><E61/><V70/><F70/><W67/><G112/><T4/><D127/><U24/><E48/><V66/><F66/><W94/><G94/><T69/><D69/><U7/><E29/><V80/><F80/><N who="3" m="30827" /><G76/><T106/><D106/><U9/><E9/><V31/><F111/><N who="1" m="42569" /><E85/><V133/><F133/><W128/><G128/><T97/><REACH who="0" step="1"/><D4/><REACH who="0" ten="97,417,266,210" step="2"/><U0/><E79/><V12/><F6/><W62/><G71/><T57/><D57/><U19/><E7/><V135/><F135/><W5/><G5/><T87/><D87/><U38/><E86/><V2/><F2/><W110/><G110/><T68/><D68/><U98/><E0/><V130/><F130/><W113/><G113/><T3/><D3/><U75/><E98/><V93/><F96/><W115/><G115/><T117/><D117/><U42/><E75/><V41/><F46/><N who="3" m="27735" /><G62/><T55/><AGARI ba="0,1" hai="17,22,27,43,44,51,55,58,63,73,74,92,97,103" machi="55" ten="20,5200,0" yaku="1,1,0,1,7,1,52,1,53,0" doraHai="13" doraHaiUra="8" who="0" fromWho="0" sc="97,62,417,-13,266,-26,210,-13" /><INIT seed="3,0,0,4,5,70" ten="159,404,240,197" oya="3" hai0="50,58,111,100,114,54,66,84,13,95,34,134,64" hai1="0,21,106,24,22,88,99,53,4,80,90,73,51" hai2="94,116,96,103,78,62,5,76,107,110,60,6,98" hai3="127,68,59,104,115,52,29,16,43,132,105,74,118"/><W81/><G115/><T12/><D111/><U25/><E0/><V55/><F110/><W18/><G118/><T42/><D114/><U11/><E106/><V63/><F116/><W72/><G68/><T128/><D128/><U19/><E73/><V67/><F67/><W37/><G29/><T28/><D134/><U87/><E4/><V33/><F33/><W27/><G132/><T75/><D75/><U129/><E129/><V135/><F135/><W56/><G127/><T44/><D34/><U23/><E11/><V15/><F55/><W46/><G59/><T31/><D31/><N who="1" m="17807" /><E23/><V69/><F69/><W112/><G74/><T41/><D28/><U36/><E36/><V38/><F38/><W49/><G112/><T57/><D57/><N who="1" m="32959" /><E99/><V119/><F119/><W121/><G121/><T131/><D131/><U133/><E133/><V71/><F71/><W2/><G2/><T10/><D12/><U32/><E32/><V108/><F108/><W102/><G102/><T91/><D100/><U124/><E124/><V7/><F15/><W101/><G101/><T47/><D47/><U92/><E92/><V35/><F35/><W8/><G18/><N who="0" m="8503" /><D44/><U26/><E25/><V40/><F40/><AGARI ba="0,0" hai="40,41,42,50,54,58,64,66,84,91,95" m="8503" machi="40" ten="30,1000,0" yaku="8,1" doraHai="70" who="0" fromWho="2" sc="159,10,404,0,240,-10,197,0" /><INIT seed="4,0,0,0,2,40" ten="169,404,230,197" oya="0" hai0="24,71,64,113,118,48,89,102,13,4,34,61,92" hai1="127,111,10,122,15,35,23,86,5,87,128,129,90" hai2="125,115,78,121,57,28,81,42,108,46,117,103,120" hai3="39,69,50,60,32,91,82,132,77,66,29,100,70"/><T16/><D118/><U131/><E35/><V99/><F108/><W130/><G39/><T72/><D113/><U20/><E111/><V116/><F28/><W27/><G130/><T68/><D72/><U135/><E122/><V84/><F115/><W54/><G132/><T83/><D71/><U53/><E135/><V8/><F8/><W112/><G112/><T80/><D102/><U45/><E127/><V55/><F125/><W49/><G70/><T110/><D110/><U19/><E23/><V47/><F42/><W96/><G91/><T37/><D37/><U56/><E45/><N who="2" m="16907" /><F57/><W65/><G54/><T75/><D75/><U94/><E86/><V105/><F55/><W9/><G65/><T109/><D109/><U134/><E134/><V31/><F31/><W25/><G25/><T73/><D73/><U3/><E129/><V76/><F76/><W36/><G9/><T1/><D48/><AGARI ba="0,0" hai="3,5,10,15,19,20,48,53,56,87,90,94,128,131" machi="48" ten="40,2600,0" yaku="25,2" doraHai="40" who="1" fromWho="0" sc="169,-26,404,26,230,0,197,0" /><INIT seed="5,0,0,1,0,40" ten="143,430,230,197" oya="1" hai0="52,113,103,9,13,53,23,120,70,118,25,122,82" hai1="62,46,94,68,99,101,90,119,69,96,11,129,33" hai2="22,127,30,88,32,78,16,10,73,108,58,12,97" hai3="27,104,91,66,8,71,19,134,65,54,85,47,61"/><U15/><E129/><V114/><F108/><W79/><G104/><T60/><D113/><U84/><E33/><V50/><F32/><W126/><G79/><T124/><D124/><U1/><E1/><V4/><F114/><W131/><G126/><T29/><D118/><U115/><E115/><V135/><F135/><W106/><G106/><T6/><D103/><U86/><E69/><V48/><F73/><W109/><G109/><T92/><D92/><U17/><E68/><V105/><F78/><W111/><G111/><T59/><D70/><U77/><E62/><V36/><F36/><W31/><G134/><T102/><D102/><U116/><E99/><V125/><F30/><W37/><G131/><T14/><D82/><U83/><REACH who="1" step="1"/><E46/><REACH who="1" ten="143,420,230,197" step="2"/><V3/><F125/><W38/><G71/><T112/><D112/><U81/><AGARI ba="0,1" hai="11,15,17,77,81,83,84,86,90,94,96,101,116,119" machi="81" ten="20,7800,0" yaku="1,1,2,1,0,1,7,1,53,0" doraHai="40" doraHaiUra="67" who="1" fromWho="1" sc="143,-26,420,88,230,-26,197,-26" /><INIT seed="5,1,0,5,0,41" ten="117,508,204,171" oya="1" hai0="87,127,78,97,37,50,99,73,104,115,7,8,86" hai1="31,64,33,48,120,15,79,132,111,3,14,116,123" hai2="17,95,26,96,56,135,1,16,42,133,25,13,44" hai3="100,131,43,90,39,59,107,94,46,67,75,19,118"/><U117/><E79/><V35/><F1/><W128/><G75/><T91/><D37/><U11/><E48/><N who="2" m="26647" /><F35/><W114/><G114/><T89/><D115/><U53/><E64/><V121/><F121/><N who="1" m="46665" /><E53/><V28/><F28/><W82/><G118/><N who="1" m="45674" /><E132/><N who="2" m="50763" /><F56/><W32/><G32/><T24/><D127/><U22/><E33/><V70/><F70/><W126/><G67/><T88/><D50/><U125/><E125/><V38/><F38/><W74/><G39/><T92/><D24/><N who="2" m="9322" /><F13/><N who="1" m="4617" /><E31/><V54/><F54/><W63/><G126/><T27/><D78/><U103/><E103/><AGARI ba="1,0" hai="16,17,95,96,103" m="9322,50763,26647" machi="103" ten="30,3900,0" yaku="20,1,52,1,54,1" doraHai="41" who="2" fromWho="1" sc="117,0,508,-42,204,42,171,0" /><INIT seed="6,0,0,2,1,25" ten="117,466,246,171" oya="2" hai0="71,20,124,41,42,63,57,81,19,2,104,13,78" hai1="53,126,14,127,54,103,18,72,115,1,5,121,11" hai2="26,32,102,60,85,114,56,116,86,21,17,123,118" hai3="112,49,15,55,29,100,43,111,70,45,28,10,125"/><V8/><F123/><W96/><G111/><T93/><D124/><N who="1" m="47659" /><E115/><V95/><F114/><W64/><G125/><T51/><D104/><U130/><E130/><V39/><F39/><W77/><G112/><T89/><D2/><U67/><E72/><V133/><F133/><W69/><G77/><T119/><D119/><U80/><E80/><V9/><F32/><W52/><G70/><T79/><D71/><U105/><E67/><V46/><F46/><W107/><G64/><T48/><D48/><U120/><E103/><V16/><F116/><W35/><G69/><T82/><D82/><U73/><E73/><V58/><F58/><W50/><G35/><T75/><D78/><U66/><E66/><N who="2" m="39175" /><F9/><W113/><G113/><T87/><REACH who="0" step="1"/><D63/><REACH who="0" ten="107,466,246,171" step="2"/><U128/><E105/><V88/><F118/><W122/><G122/><T27/><D27/><U74/><E121/><V62/><F62/><W90/><G43/><T61/><D61/><U31/><E120/><V36/><F36/><W92/><G50/><T0/><D0/><U132/><E1/><V30/><F26/><W12/><G55/><AGARI ba="0,1" hai="13,19,20,41,42,51,55,57,75,79,81,87,89,93" machi="55" ten="40,8000,1" yaku="1,1,25,2,53,2" doraHai="25" doraHaiUra="37" who="0" fromWho="3" sc="107,90,466,0,246,0,171,-80" /><INIT seed="7,0,0,1,4,53" ten="197,466,246,91" oya="3" hai0="24,16,48,114,39,14,47,80,99,0,73,109,84" hai1="56,9,119,1,100,75,30,76,6,63,35,13,21" hai2="67,12,18,102,103,74,34,38,65,28,104,37,43" hai3="62,72,10,106,101,40,66,52,41,94,32,23,129"/><W64/><G32/><T44/><D114/><U87/><E75/><V105/><F74/><W90/><G72/><T126/><D109/><U49/><E35/><V107/><F34/><W97/><G129/><T122/><D126/><U113/><E113/><V95/><F28/><W3/><G23/><T36/><D73/><U123/><E123/><V69/><F43/><W115/><G115/><T59/><D0/><U20/><E20/><V132/><F132/><W60/><G3/><T111/><D99/><U27/><E119/><V51/><F51/><W121/><G121/><T50/><D39/><U4/><E100/><V29/><F29/><W89/><G10/><N who="0" m="6231" /><D36/><U134/><E134/><V124/><F69/><W98/><G90/><N who="0" m="51463" /><D122/><U83/><E49/><V91/><F38/><W117/><G117/><T45/><D111/><U55/><E1/><V78/><F78/><W68/><REACH who="3" step="1"/><G52/><REACH who="3" ten="197,466,246,81" step="2"/><N who="0" m="32151" /><D24/><U85/><E9/><V22/><F91/><W2/><G2/><T120/><D120/><U135/><E21/><V118/><F118/><W19/><G19/><T15/><D15/><U5/><E13/><V54/><F103/><W77/><G77/><T8/><D8/><U92/><E27/><V81/><F18/><W130/><G130/><T125/><D125/><U7/><E30/><V112/><F22/><W58/><AGARI ba="0,1" hai="40,41,58,60,62,64,66,68,89,94,97,98,101,106" machi="58" ten="20,7800,0" yaku="1,1,0,1,7,1,52,1,53,0" doraHai="53" doraHaiUra="33" who="3" fromWho="3" sc="197,-26,466,-26,246,-26,81,88" /><INIT seed="7,1,0,0,4,80" ten="171,440,220,169" oya="3" hai0="102,17,106,31,90,25,6,69,54,8,113,34,101" hai1="39,91,21,128,103,78,100,66,77,74,75,48,10" hai2="57,97,123,16,99,72,44,24,56,104,121,32,12" hai3="26,45,83,65,35,1,122,11,94,108,81,14,50"/><W61/><G122/><N who="2" m="46601" /><F72/><W0/><G108/><T62/><D113/><U63/><E39/><V30/><F44/><W111/><G111/><T51/><D17/><U119/><E128/><V46/><F46/><W118/><G118/><T40/><D40/><U130/><E130/><V7/><F7/><N who="3" m="3455" /><G35/><T3/><D106/><U53/><E74/><V4/><F4/><W84/><G1/><T107/><D90/><U93/><E75/><V98/><F104/><W58/><G26/><T18/><D18/><U68/><E119/><V59/><F59/><N who="3" m="37055" /><G0/><T60/><D69/><U131/><E131/><V116/><F116/><W124/><G124/><T28/><D28/><U9/><E21/><AGARI ba="1,0" hai="12,16,21,24,30,32,56,57,97,98,99" m="46601" machi="21" ten="30,2000,0" yaku="13,1,54,1" doraHai="80" who="2" fromWho="1" sc="171,0,440,-23,220,23,169,0" owari="171,-23.0,417,52.0,243,4.0,169,-33.0" /></mjloggm>