<mjloggm ver="2.3"><GO type="169" lobby="0"/><UN n0="%E3%81%A1%E3%81%A3%E7%89%8C%E6%93%8D%E4%BD%9C" n1="%E3%83%9E%E3%83%A1%E3%83%9D%E3%82%B3" n2="%6D%75%6B%69%74%74%69" n3="%E3%82%A6%E3%83%AB%E3%83%88%E3%83%A9%E7%AB%8B%E7%9B%B4" dan="16,16,17,17" rate="2093.08,2156.51,2140.10,2239.45" sx="M,M,M,M"/><TAIKYOKU oya="0"/><INIT seed="0,0,0,5,1,115" ten="250,250,250,250" oya="0" hai0="65,19,119,123,114,4,75,112,67,121,72,71,47" hai1="27,99,79,2,18,64,14,88,66,25,77,122,56" hai2="54,133,84,38,30,95,74,68,73,59,91,46,34" hai3="116,11,37,96,15,28,108,101,12,76,81,10,17"/><T29/><D4/><U85/><E2/><V44/><F68/><W42/><G108/><T32/><D19/><U35/><E99/><V93/><F133/><W5/><G28/><T51/><D29/><U127/><E127/><V126/><F126/><W111/><G111/><T110/><D32/><U52/><E122/><N who="0" m="46601" /><D75/><U98/><E98/><V63/><F95/><W0/><G15/><T87/><D87/><U61/><E35/><V43/><REACH who="2" step="1"/><F46/><REACH who="2" ten="250,250,240,250" step="2"/><W69/><G69/><T132/><D110/><U82/><E27/><AGARI ba="0,1" hai="27,30,34,38,43,44,54,59,63,73,74,84,91,93" machi="27" ten="40,2600,0" yaku="1,1,2,1,53,0" doraHai="115" doraHaiUra="97" who="2" fromWho="1" sc="250,0,250,-26,240,36,250,0" /><INIT seed="1,0,0,5,5,6" ten="250,224,276,250" oya="1" hai0="127,105,111,89,5,57,44,9,72,62,0,130,83" hai1="34,97,36,92,82,29,90,87,121,110,46,99,88" hai2="135,76,117,108,109,59,53,28,134,126,69,30,101" hai3="133,95,8,26,60,27,64,80,68,21,114,43,104"/><U112/><E121/><V96/><F69/><W75/><G104/><T15/><D105/><U35/><E112/><V18/><F117/><W84/><G114/><T51/><D111/><N who="2" m="42570" /><F76/><W41/><G133/><N who="2" m="50697" /><F18/><W71/><G71/><T58/><D130/><U115/><E115/><V3/><F3/><W56/><G68/><T50/><D0/><U32/><E110/><V17/><F17/><W106/><G106/><T77/><D127/><U119/><E119/><V22/><F22/><W113/><G75/><T128/><D128/><U102/><E29/><V100/><F126/><W25/><G21/><T116/><D116/><U85/><REACH who="1" step="1"/><E102/><REACH who="1" ten="250,214,276,250" step="2"/><N who="2" m="39531" /><F96/><W124/><G124/><T122/><D122/><U2/><E2/><V11/><F11/><W125/><G125/><T49/><D9/><U42/><AGARI ba="0,1" hai="32,34,35,36,42,46,82,85,87,88,90,92,97,99" machi="42" ten="40,12000,1" yaku="1,1,0,1,54,1,53,1" doraHai="6" doraHaiUra="40" who="1" fromWho="1" sc="250,-40,214,130,276,-40,250,-40" /><INIT seed="1,1,0,4,2,126" ten="210,344,236,210" oya="1" hai0="59,99,125,74,63,13,111,45,61,31,28,102,66" hai1="58,26,124,12,78,19,47,36,40,113,30,105,116" hai2="106,89,77,42,135,120,123,9,127,101,92,50,84" hai3="75,119,53,22,8,96,83,95,57,128,88,94,117"/><U130/><E116/><N who="3" m="44618" /><G8/><T43/><D74/><U121/><E121/><N who="2" m="46667" /><F9/><W33/><G33/><T32/><D32/><U41/><E113/><V90/><F50/><N who="3" m="30903" /><G22/><T37/><D111/><U21/><E41/><V64/><F42/><W100/><G75/><T86/><D13/><U38/><E124/><V10/><F10/><W56/><G56/><T71/><D86/><U85/><E105/><V73/><F64/><W15/><G15/><T72/><D72/><U82/><E58/><V132/><F127/><W98/><G83/><T81/><D81/><U80/><E80/><N who="2" m="45103" /><F90/><W97/><G97/><AGARI ba="1,0" hai="84,89,92,97,101,106,132,135" m="45103,46667" machi="97" ten="30,3900,0" yaku="24,1,34,2" doraHai="126" who="2" fromWho="3" sc="210,0,344,0,236,42,210,-42" /><INIT seed="2,0,0,2,0,27" ten="210,344,278,168" oya="2" hai0="54,24,12,109,8,119,134,22,2,101,7,38,10" hai1="126,115,43,86,21,77,89,117,70,63,75,23,18" hai2="125,47,118,91,57,29,51,108,73,46,33,16,78" hai3="82,4,49,13,15,37,55,36,66,96,123,130,131"/><V45/><F118/><W69/><G123/><T133/><D38/><U92/><E117/><V80/><F125/><W25/><G69/><T111/><D54/><U56/><E115/><V44/><F108/><N who="0" m="41546" /><D101/><U0/><E0/><V39/><F39/><W28/><G66/><T58/><D58/><U62/><E43/><V68/><F68/><W104/><G82/><T122/><D122/><U85/><E75/><V19/><F91/><W112/><G112/><T90/><D90/><U11/><E126/><V128/><F57/><W5/><G96/><T76/><D76/><U74/><E74/><V32/><F128/><W94/><G94/><T67/><D67/><U72/><E72/><V60/><F60/><W135/><G104/><T98/><D98/><U102/><E102/><V116/><F116/><W127/><G127/><T110/><N who="0" m="41554" /><T3/><DORA hai="81" /><D119/><U106/><E106/><V65/><F65/><W40/><G40/><T84/><D84/><N who="1" m="52263" /><E77/><V107/><F107/><W48/><G55/><T95/><D95/><U50/><E70/><V26/><REACH who="2" step="1"/><F33/><REACH who="2" ten="210,344,268,168" step="2"/><W97/><G37/><T20/><D133/><U52/><E63/><V64/><F64/><W71/><G36/><T99/><D134/><U14/><E62/><V79/><F79/><W103/><G135/><T59/><D59/><U121/><E121/><V17/><F17/><W42/><G71/><T61/><D61/><U34/><E34/><V30/><F30/><W105/><G131/><T120/><D120/><U124/><E124/><V129/><F129/><W35/><G130/><T100/><D100/><U31/><E31/><RYUUKYOKU ba="0,1" sc="210,-15,344,15,268,15,168,-15" hai1="11,14,18,21,23,50,52,56,85,86" hai2="16,19,26,29,32,44,45,46,47,51,73,78,80" /><INIT seed="2,1,1,1,3,94" ten="195,359,283,153" oya="2" hai0="72,115,67,40,92,27,26,28,32,57,103,65,61" hai1="113,79,85,131,10,89,84,9,102,97,59,45,49" hai2="16,22,105,12,1,53,81,73,132,62,88,91,60" hai3="86,122,100,117,33,42,98,125,133,99,70,87,43"/><V78/><F132/><W111/><G70/><T51/><D72/><U107/><E113/><V19/><F1/><W46/><G33/><T96/><D115/><U31/><E131/><V124/><F124/><W127/><G117/><T36/><D36/><U118/><E118/><V37/><F37/><W82/><G100/><T112/><D112/><U15/><E31/><V106/><F106/><W56/><G56/><T116/><D116/><U35/><E35/><V83/><F105/><W120/><G82/><T114/><D114/><U77/><E59/><V110/><F110/><W134/><REACH who="3" step="1"/><G46/><REACH who="3" ten="195,359,283,143" step="2"/><T76/><D57/><U74/><E102/><V20/><F83/><W95/><G95/><T48/><D92/><U52/><E107/><V21/><F21/><W109/><AGARI ba="1,2" hai="42,43,86,87,98,99,109,111,120,122,125,127,133,134" machi="109" ten="25,12000,2" yaku="1,1,0,1,22,2,52,2,53,0" doraHai="94" doraHaiUra="4" who="3" fromWho="3" sc="195,-31,359,-31,283,-61,143,143" /><INIT seed="3,0,0,0,4,117" ten="164,328,222,286" oya="3" hai0="89,97,92,42,6,72,76,33,13,126,122,66,14" hai1="73,16,134,11,102,123,132,80,77,20,31,128,88" hai2="94,3,83,74,58,24,133,119,50,106,18,111,54" hai3="68,90,63,64,22,129,25,29,38,47,69,127,48"/><W86/><G129/><T17/><D33/><U116/><E116/><V118/><F106/><W115/><G127/><T135/><D126/><U91/><E128/><V56/><F3/><W113/><G38/><T131/><D131/><U9/><E31/><V44/><F111/><W114/><G69/><T125/><D125/><U104/><E123/><V75/><F133/><N who="1" m="51305" /><E102/><V40/><F119/><W87/><REACH who="3" step="1"/><G90/><REACH who="3" ten="164,328,222,276" step="2"/><N who="1" m="34346" /><E104/><V101/><F118/><W49/><G49/><T55/><D89/><U108/><E108/><V37/><F37/><W34/><G34/><T53/><D135/><U32/><E32/><V57/><F50/><W1/><G1/><T124/><D124/><U78/><E78/><V12/><F83/><W121/><G121/><T19/><D122/><U46/><E46/><V109/><F44/><W41/><AGARI ba="0,1" hai="22,25,29,41,47,48,63,64,68,86,87,113,114,115" machi="41" ten="30,6000,0" yaku="1,1,0,1,53,1" doraHai="117" doraHaiUra="67" who="3" fromWho="3" sc="164,-20,328,-20,222,-20,276,70" /><INIT seed="3,1,0,1,1,20" ten="144,308,202,346" oya="3" hai0="92,81,63,7,75,4,35,100,113,29,84,104,5" hai1="135,91,95,26,62,37,89,6,45,69,21,116,132" hai2="117,108,19,114,3,90,18,133,123,16,33,119,78" hai3="85,82,125,77,32,42,122,79,127,48,70,111,129"/><W103/><G70/><T55/><D75/><U115/><E115/><V66/><F114/><W87/><G32/><T73/><D113/><U107/><E107/><V98/><F3/><W49/><G122/><T47/><D73/><U22/><E6/><V12/><F33/><W112/><G112/><T126/><D104/><U59/><E69/><V56/><F123/><W83/><G103/><T41/><D126/><U52/><E116/><V13/><F108/><W86/><G42/><T124/><D124/><N who="3" m="47689" /><G129/><T1/><D1/><U39/><E21/><V68/><F68/><W14/><G14/><T11/><D11/><U50/><E37/><V27/><F133/><N who="1" m="51273" /><E39/><V130/><F130/><W30/><G30/><T80/><D29/><N who="1" m="17623" /><E95/><N who="2" m="56695" /><F119/><W58/><G111/><T46/><D35/><U25/><E25/><V67/><F117/><W76/><G58/><T97/><D41/><AGARI ba="1,0" hai="41,45,50,52,59,62,89,91" m="17623,51273" machi="41" ten="30,3900,0" yaku="20,1,52,1,54,1" doraHai="20" who="1" fromWho="0" sc="144,-42,308,42,202,0,346,0" /><INIT seed="4,0,0,2,1,27" ten="102,350,202,346" oya="0" hai0="128,56,61,81,65,77,92,95,111,18,109,80,31" hai1="42,89,13,22,98,16,68,15,66,74,96,105,32" hai2="34,100,19,125,114,69,35,118,63,84,72,123,122" hai3="54,99,6,124,39,43,119,59,113,24,7,17,53"/><T50/><D128/><U28/><E74/><V78/><F72/><W121/><G119/><T33/><D81/><U2/><E42/><V94/><F118/><W36/><G43/><T40/><D18/><U67/><E2/><V112/><F125/><W41/><G41/><T103/><D103/><U47/><E47/><V71/><F19/><W86/><G86/><N who="0" m="48399" /><D50/><U90/><E32/><N who="2" m="12331" /><F78/><W70/><G17/><T101/><D101/><U126/><E126/><V134/><F134/><W91/><G6/><T107/><D107/><U37/><E37/><V29/><F29/><W10/><G7/><T25/><D40/><U3/><E3/><V14/><F14/><W132/><G39/><T55/><D55/><U127/><E127/><V82/><F82/><W51/><G36/><T130/><D130/><U88/><E28/><V75/><F75/><W62/><G54/><T23/><D33/><U58/><E15/><V30/><F30/><W8/><G53/><T20/><D20/><U5/><E5/><V117/><F117/><W85/><G124/><T60/><D60/><U133/><E133/><V0/><F0/><W26/><G62/><T21/><D21/><U12/><E22/><V48/><F48/><W110/><G51/><T44/><D44/><U9/><E16/><V79/><F100/><W49/><G49/><T115/><D115/><N who="2" m="44074" /><F63/><W116/><G113/><T38/><D38/><U93/><E13/><V64/><F123/><W104/><G121/><T1/><D1/><U129/><E12/><V4/><F122/><W83/><G132/><T102/><D102/><U120/><E120/><RYUUKYOKU ba="0,0" sc="102,30,350,-10,202,-10,346,-10" hai0="23,25,31,56,61,65,92,95,109,111" /><INIT seed="4,1,0,5,3,21" ten="132,340,192,336" oya="0" hai0="60,33,29,101,70,42,7,16,35,71,0,98,45" hai1="78,89,131,62,128,54,37,126,83,8,47,32,74" hai2="26,72,120,108,96,53,46,64,24,113,40,61,28" hai3="22,76,52,34,87,11,14,133,2,114,55,10,111"/><T97/><D97/><U43/><E32/><V104/><F108/><W31/><G111/><T18/><D7/><U30/><E30/><V63/><F120/><W66/><G34/><T102/><D0/><U92/><E8/><V58/><F72/><W68/><G2/><T107/><D102/><U119/><E119/><V103/><F113/><W9/><G68/><T88/><D35/><U85/><E126/><V94/><F28/><W75/><G75/><T44/><D71/><U65/><REACH who="1" step="1"/><E54/><REACH who="1" ten="132,330,192,336" step="2"/><V100/><F53/><W69/><G9/><T39/><D45/><U79/><E79/><V95/><F46/><W125/><G10/><T121/><D121/><U99/><E99/><V13/><F96/><W25/><G11/><T81/><D88/><U73/><E73/><V15/><F103/><W130/><G76/><T123/><D123/><U5/><E5/><V41/><F100/><W48/><G125/><T118/><D118/><U6/><E6/><V4/><F4/><W27/><G31/><T38/><D29/><U105/><E105/><V90/><F104/><W12/><G55/><T116/><D33/><U109/><E109/><V56/><F90/><W23/><G52/><T17/><D116/><U124/><E124/><V84/><F84/><W129/><G87/><T80/><REACH who="0" step="1"/><D38/><REACH who="0" ten="122,330,192,336" step="2"/><U122/><E122/><V86/><F86/><W3/><G3/><T91/><D91/><U1/><E1/><V135/><F135/><W67/><G133/><T49/><D49/><U115/><E115/><V117/><F117/><W93/><G48/><T82/><D82/><U36/><E36/><RYUUKYOKU ba="1,2" sc="122,10,330,10,192,10,336,-30" hai0="16,17,18,39,42,44,60,70,80,81,98,101,107" hai1="37,43,47,62,65,74,78,83,85,89,92,128,131" hai2="13,15,24,26,40,41,56,58,61,63,64,94,95" /><INIT seed="4,2,2,4,2,21" ten="132,340,202,306" oya="0" hai0="64,23,32,90,48,2,55,86,11,83,71,0,54" hai1="77,81,128,68,35,101,50,104,10,30,51,120,4" hai2="20,107,100,33,53,122,80,29,14,134,97,22,129" hai3="118,70,65,103,84,6,44,27,133,67,135,52,76"/><T93/><D32/><U40/><E120/><V9/><F122/><W98/><G6/><T96/><D55/><U61/><E128/><V57/><F129/><W26/><G118/><T60/><D11/><U114/><E40/><V8/><F134/><N who="3" m="51211" /><G84/><T28/><D28/><U124/><E124/><V5/><F33/><W59/><G76/><T126/><D126/><U111/><E111/><V132/><F132/><W121/><G44/><T16/><D48/><U113/><E51/><V79/><F9/><W56/><G70/><T1/><D54/><U109/><E50/><V49/><F29/><W87/><G87/><AGARI ba="2,2" hai="5,8,14,20,22,49,53,57,79,80,87,97,100,107" machi="87" ten="30,1000,0" yaku="7,1" doraHai="21" who="2" fromWho="3" sc="132,0,340,0,202,36,306,-16" /><INIT seed="5,0,0,2,2,12" ten="132,340,238,290" oya="1" hai0="125,110,16,104,38,60,118,1,117,28,109,113,30" hai1="5,115,25,52,107,0,119,29,88,18,23,70,20" hai2="116,50,31,130,64,35,122,53,77,37,58,121,89" hai3="19,9,94,132,81,44,90,33,24,93,133,98,54"/><U72/><E70/><V106/><F116/><N who="0" m="44650" /><D38/><U134/><E119/><V68/><F37/><W21/><G33/><T41/><D41/><U4/><E72/><V26/><F106/><W105/><G105/><T92/><D60/><U131/><E107/><V69/><F130/><W51/><G81/><T76/><D76/><U22/><E131/><V101/><F101/><W2/><G2/><T36/><D92/><U27/><E0/><V82/><F89/><W45/><G9/><T120/><D36/><U49/><E115/><V13/><F13/><W39/><G39/><T129/><D104/><U34/><E134/><V114/><F114/><W67/><G67/><T71/><D71/><U74/><E74/><V100/><F100/><W97/><REACH who="3" step="1"/><G45/><REACH who="3" ten="132,340,238,280" step="2"/><T15/><D129/><U91/><E34/><V62/><REACH who="2" step="1"/><F69/><REACH who="2" ten="132,340,228,280" step="2"/><W86/><G86/><AGARI ba="0,2" hai="26,31,35,50,53,58,62,64,68,77,82,86,121,122" machi="86" ten="30,3900,0" yaku="1,1,2,1,7,1,53,0" doraHai="12" doraHaiUra="8" who="2" fromWho="3" sc="132,0,340,0,228,59,280,-39" /><INIT seed="6,0,0,0,2,127" ten="132,340,287,241" oya="2" hai0="55,104,9,116,84,117,15,53,110,101,14,99,63" hai1="109,115,118,112,124,108,25,18,69,83,92,28,60" hai2="76,46,2,72,95,131,8,41,135,75,56,98,44" hai3="126,50,87,64,90,12,0,91,61,125,133,30,22"/><V67/><F135/><W103/><G0/><T10/><D110/><N who="1" m="42603" /><E124/><V134/><F134/><W17/><G133/><T39/><D39/><U80/><E92/><V58/><F46/><W45/><G103/><T105/><D84/><U93/><E93/><V65/><F75/><W114/><G114/><N who="1" m="43562" /><E18/><V24/><F95/><W35/><G35/><T7/><D63/><U47/><E47/><V94/><F44/><W79/><G30/><T59/><D59/><U74/><E74/><V102/><F58/><W66/><G126/><T123/><D123/><U13/><E13/><V29/><F56/><W33/><G33/><T37/><D37/><U106/><E106/><V88/><F72/><W49/><G49/><T51/><D51/><U100/><E100/><V97/><F102/><W6/><G6/><T27/><D27/><U34/><E118/><V38/><F24/><W21/><G125/><T23/><D23/><U26/><E26/><V4/><F94/><W36/><G22/><T62/><D62/><U43/><E43/><V77/><F41/><W107/><G107/><T54/><REACH who="0" step="1"/><D105/><REACH who="0" ten="122,340,287,241" step="2"/><U5/><E60/><V82/><F38/><W81/><G36/><T31/><D31/><U121/><E121/><V32/><F29/><W86/><G61/><T96/><D96/><U130/><E28/><V57/><F98/><W120/><G120/><T78/><D78/><U113/><E25/><V3/><F77/><W11/><G21/><T129/><D129/><U40/><E130/><V89/><F131/><W68/><G87/><T71/><D71/><U20/><N who="1" m="43570" /><U111/><DORA hai="132" /><E69/><RYUUKYOKU ba="0,1" sc="122,30,340,-10,287,-10,241,-10" hai0="7,9,10,14,15,53,54,55,99,101,104,116,117" /><INIT seed="7,1,1,3,4,3" ten="152,330,277,231" oya="3" hai0="20,56,86,2,115,37,5,50,67,51,89,52,44" hai1="83,63,48,34,106,12,69,18,25,42,27,81,109" hai2="47,39,79,8,124,90,96,33,107,73,116,93,75" hai3="26,80,15,29,134,32,98,120,84,64,65,16,82"/><W77/><G120/><T131/><D131/><U113/><E106/><V35/><F116/><W99/><G134/><T127/><D127/><U11/><E109/><V36/><F124/><W132/><G132/><T104/><D104/><U4/><E113/><V57/><F107/><W78/><G65/><T135/><D135/><U88/><E34/><V119/><F119/><W66/><G64/><T17/><D37/><U76/><E69/><V74/><F79/><W41/><G41/><T6/><D2/><U61/><E76/><V85/><F96/><W133/><G66/><T97/><D97/><U62/><E18/><V46/><F57/><W24/><G24/><N who="1" m="9290" /><E88/><V38/><REACH who="2" step="1"/><F8/><REACH who="2" ten="152,330,267,231" step="2"/><W87/><G133/><T123/><D123/><U68/><E68/><V118/><F118/><W130/><G130/><T94/><D115/><U60/><N who="1" m="15360" /><DORA hai="22" /><U19/><E19/><V105/><F105/><W111/><G111/><T58/><D67/><U72/><E72/><V55/><F55/><W10/><AGARI ba="1,2" hai="10,15,16,26,29,32,77,78,80,82,84,87,98,99" machi="10" ten="20,12000,1" yaku="0,1,7,1,9,1,52,1,54,1" doraHai="3,22" who="3" fromWho="3" sc="152,-41,330,-41,267,-41,231,143" owari="111,-39.0,289,9.0,226,-17.0,374,47.0" /></mjloggm>