<mjloggm ver="2.3"><GO type="169" lobby="0"/><UN n0="%52%6F%75%74%65" n1="%E5%B0%B1%E6%B4%BB%E7%94%9F%40%E5%B7%9D%E6%9D%91%E8%BB%8D%E5%9B%A3" n2="%E7%B7%91%E3%83%89%E3%83%B3%E5%A5%BD%E3%81%8D" n3="%E3%82%AF%E3%83%A9%E3%83%AA%E3%82%AB" dan="16,17,16,16" rate="2049.46,2199.27,2050.44,2043.87" sx="M,M,M,F"/><TAIKYOKU oya="0"/><INIT seed="0,0,0,5,0,119" ten="250,250,250,250" oya="0" hai0="105,83,0,99,34,125,114,81,66,4,133,67,20" hai1="104,10,17,2,102,7,96,52,68,46,43,97,127" hai2="33,47,28,15,49,26,135,36,13,57,80,98,48" hai3="77,55,50,41,9,121,5,63,24,86,95,87,14"/><T116/><D116/><U94/><E127/><V35/><F135/><W16/><G121/><T32/><D114/><U39/><E68/><V69/><F69/><W11/><G63/><T118/><D20/><U113/><E113/><V85/><F35/><W54/><G86/><T91/><D4/><U109/><E109/><V115/><F36/><W88/><G77/><T89/><D99/><U56/><E17/><V22/><F98/><W130/><G130/><T58/><D58/><U79/><E79/><V45/><F57/><W106/><G106/><T129/><D0/><U122/><E122/><V1/><F1/><W18/><G24/><T103/><D103/><U38/><E38/><V92/><F92/><W112/><G112/><T30/><D30/><U71/><E71/><V117/><F33/><W75/><G75/><T27/><D27/><U12/><E2/><V53/><F117/><W108/><G108/><T126/><D118/><U107/><REACH who="1" step="1"/><E96/><REACH who="1" ten="250,240,250,250" step="2"/><V19/><F19/><N who="3" m="7211" /><G11/><T110/><D110/><U90/><E90/><N who="2" m="51495" /><F115/><W21/><G21/><T29/><D29/><U132/><E132/><V25/><F25/><W84/><G84/><T74/><D133/><U120/><E120/><V8/><F8/><W31/><G31/><T128/><REACH who="0" step="1"/><D74/><REACH who="0" ten="240,240,250,250" step="2"/><U65/><E65/><V111/><F111/><W76/><G5/><T100/><D100/><U101/><E101/><V134/><F134/><W40/><G9/><T64/><D64/><U78/><E78/><V82/><F28/><W70/><G76/><T123/><D123/><U3/><E3/><V44/><F26/><W60/><G70/><RYUUKYOKU ba="0,2" sc="240,15,240,15,250,-15,250,-15" hai0="32,34,66,67,81,83,89,91,105,125,126,128,129" hai1="7,10,12,39,43,46,52,56,94,97,102,104,107" /><INIT seed="0,1,2,3,0,128" ten="255,255,235,235" oya="0" hai0="105,41,90,32,123,116,2,59,114,110,78,39,69" hai1="85,36,62,37,112,129,130,10,115,104,68,96,132" hai2="75,0,4,70,64,94,126,5,16,134,60,88,86" hai3="1,124,58,19,48,131,14,24,73,127,106,27,84"/><T91/><RYUUKYOKU type="yao9" ba="1,2" sc="255,0,255,0,235,0,235,0" hai0="2,32,39,41,59,69,78,90,91,105,110,114,116,123" /><INIT seed="0,2,2,5,3,42" ten="255,255,235,235" oya="0" hai0="104,115,1,118,28,60,109,86,91,132,54,17,131" hai1="99,59,9,7,56,0,80,32,119,58,133,49,107" hai2="29,67,5,83,71,84,75,62,10,113,43,135,89" hai3="35,116,130,51,36,112,13,106,120,53,64,2,102"/><T123/><D115/><U110/><E119/><V12/><F113/><W47/><G112/><T92/><D118/><U18/><E133/><V55/><F135/><W61/><G116/><T25/><D123/><U65/><E110/><V126/><F126/><W121/><G2/><T87/><D104/><U41/><E32/><V31/><F43/><N who="3" m="23015" /><G35/><T39/><D1/><U79/><E18/><V129/><F129/><W114/><G13/><T77/><D39/><U24/><E24/><V22/><F75/><W6/><G6/><T26/><D109/><U111/><E111/><V82/><F82/><W8/><G8/><T93/><D131/><U38/><E65/><V19/><REACH who="2" step="1"/><F55/><REACH who="2" ten="255,255,225,235" step="2"/><W127/><G114/><T27/><D54/><U103/><E38/><V33/><F33/><W100/><G127/><T96/><D132/><U76/><E80/><V85/><F85/><W108/><G130/><T81/><D87/><U105/><E105/><V46/><F46/><N who="3" m="27895" /><G108/><T23/><D86/><U66/><E66/><V11/><F11/><W98/><G120/><T20/><D81/><U37/><E37/><V101/><F101/><N who="3" m="62775" /><G121/><T4/><D92/><U95/><E107/><V63/><F63/><W124/><G124/><T125/><D60/><U30/><E41/><V94/><F94/><W78/><G102/><T21/><D125/><U16/><E95/><V44/><F44/><W72/><G100/><T52/><D52/><U90/><E103/><V3/><AGARI ba="2,3" hai="3,5,10,12,19,22,29,31,62,67,71,83,84,89" machi="3" ten="20,2700,0" yaku="1,1,0,1,7,1,53,0" doraHai="42" doraHaiUra="97" who="2" fromWho="2" sc="255,-15,255,-9,225,63,235,-9" /><INIT seed="1,0,0,5,2,74" ten="240,246,288,226" oya="1" hai0="24,120,82,45,41,9,46,119,57,4,95,129,58" hai1="123,61,50,2,21,42,11,17,55,89,56,10,130" hai2="126,22,3,131,111,127,73,49,98,77,51,67,64" hai3="14,53,88,116,75,48,38,72,47,78,33,52,109"/><U125/><E123/><V94/><F3/><W28/><G109/><T36/><D119/><U134/><E130/><V30/><F111/><W92/><G116/><T68/><D68/><U99/><E125/><V6/><F131/><W37/><G14/><T118/><D118/><U105/><E134/><V32/><F6/><W26/><G53/><T100/><D120/><U0/><E0/><V87/><F32/><W54/><G54/><T124/><D124/><U83/><E105/><V39/><F39/><W16/><G16/><T108/><D46/><N who="1" m="25943" /><E2/><V59/><F73/><W65/><G65/><T1/><D108/><U23/><E23/><V121/><F121/><W25/><G25/><T85/><D129/><U5/><E5/><V13/><F67/><W114/><G114/><T101/><D24/><N who="1" m="14383" /><E83/><N who="2" m="47599" /><F127/><W90/><G75/><T110/><D110/><U128/><E128/><V44/><F44/><W93/><G38/><T35/><D35/><U122/><E122/><V29/><F126/><W106/><G106/><T60/><D45/><U63/><E63/><N who="2" m="38015" /><F30/><W79/><G37/><T135/><D60/><U132/><E132/><V117/><F117/><W104/><G104/><T69/><D69/><U103/><E103/><N who="2" m="60887" /><F13/><W133/><G72/><T102/><D135/><U91/><E91/><N who="3" m="34858" /><G133/><T80/><D36/><U62/><E62/><V8/><F8/><W66/><G66/><T107/><D9/><U43/><E43/><V40/><F40/><W34/><G34/><T115/><D41/><U20/><E20/><V86/><F22/><W7/><G7/><T113/><D4/><U19/><E19/><RYUUKYOKU ba="0,0" sc="240,-15,246,15,288,-15,226,15" hai1="10,11,55,56,61,89,99" hai3="26,28,33,47,48,52,78,79,92,93" /><INIT seed="1,1,0,1,4,19" ten="225,261,273,241" oya="1" hai0="14,121,51,21,79,86,110,4,89,5,17,27,64" hai1="84,47,109,82,127,33,16,30,106,58,1,24,56" hai2="118,26,41,96,100,98,120,65,105,15,34,62,95" hai3="35,108,93,117,48,125,115,20,116,46,54,12,129"/><U114/><E114/><V102/><F120/><W111/><G115/><T135/><D110/><N who="3" m="42025" /><G125/><T131/><D135/><U122/><E109/><V90/><F118/><N who="3" m="45675" /><G35/><T45/><D131/><U78/><E127/><V31/><F41/><W53/><G129/><T92/><D121/><U18/><E106/><V2/><F2/><W99/><G12/><T77/><D64/><U50/><E1/><V104/><F15/><W9/><G9/><T112/><D112/><U8/><E122/><V3/><F3/><W74/><G74/><T57/><D57/><U73/><E73/><V80/><F80/><W36/><G36/><T28/><D4/><U123/><E123/><V40/><F40/><N who="3" m="24647" /><G20/><N who="0" m="11319" /><D5/><U97/><E97/><V67/><REACH who="2" step="1"/><F62/><REACH who="2" ten="225,261,263,241" step="2"/><W68/><G68/><T23/><D23/><N who="1" m="15647" /><E8/><V72/><F72/><W44/><G44/><T71/><D71/><U70/><E33/><V107/><F107/><W63/><G63/><T61/><D61/><U52/><E70/><V37/><F37/><W126/><G126/><T76/><D45/><U13/><E13/><V119/><F119/><W66/><G66/><T69/><D69/><U133/><E133/><V25/><F25/><W87/><G53/><T81/><D51/><N who="1" m="30751" /><E58/><V75/><F75/><W83/><G54/><AGARI ba="1,1" hai="16,18,47,50,54,78,82,84" m="30751,15647" machi="54" ten="30,11600,0" yaku="8,1,52,1,54,2" doraHai="19" who="1" fromWho="3" sc="225,0,261,129,263,0,241,-119" /><INIT seed="1,2,0,0,2,8" ten="225,390,263,122" oya="1" hai0="126,29,124,133,122,26,90,71,19,118,129,84,117" hai1="107,67,54,116,80,96,17,38,93,18,79,31,23" hai2="3,49,1,56,43,97,104,87,109,35,48,105,65" hai3="42,125,102,82,30,64,89,99,94,83,103,11,76"/><U72/><E116/><V32/><F109/><W20/><G125/><N who="0" m="48235" /><D71/><U88/><E38/><V58/><F87/><W14/><G42/><T39/><D39/><U5/><E67/><V21/><F21/><W114/><G114/><T121/><D133/><U55/><E5/><V57/><F65/><W28/><G64/><T24/><D129/><U45/><E45/><V50/><F43/><W34/><G34/><N who="0" m="20775" /><D90/><U128/><E128/><V134/><F134/><W106/><G20/><N who="0" m="13599" /><D84/><U68/><E68/><V63/><F63/><W101/><G106/><N who="2" m="41065" /><F97/><W130/><G130/><T6/><D6/><U61/><E107/><V40/><F40/><W37/><G37/><T2/><D2/><AGARI ba="2,0" hai="1,2,3,32,35,48,49,50,56,57,58" m="41065" machi="2" ten="40,2600,0" yaku="28,2" doraHai="8" who="2" fromWho="0" sc="225,-32,390,0,263,32,122,0" /><INIT seed="2,0,0,0,0,73" ten="193,390,295,122" oya="2" hai0="113,123,20,15,103,122,133,127,58,46,7,74,41" hai1="23,11,91,2,108,14,53,70,93,4,36,42,16" hai2="96,86,121,17,135,134,72,87,102,3,84,75,35" hai3="52,111,19,89,26,63,43,94,68,56,48,115,112"/><V77/><F35/><W57/><G111/><T40/><D113/><N who="3" m="43593" /><G68/><T82/><D103/><U29/><E108/><V119/><F3/><W88/><G43/><T65/><D133/><N who="2" m="50698" /><F17/><W18/><G26/><T116/><D127/><U67/><E29/><V44/><F44/><W5/><G5/><T120/><D41/><U83/><E83/><N who="2" m="45503" /><F121/><W6/><G6/><T97/><D46/><U62/><E53/><V124/><F72/><W1/><G1/><T31/><D74/><U47/><E2/><V69/><F69/><W114/><N who="3" m="43601" /><W110/><DORA hai="66" /><G110/><T37/><D7/><U13/><E4/><V90/><F124/><W28/><G28/><T12/><D31/><U92/><E92/><N who="2" m="58631" /><F119/><W54/><G89/><AGARI ba="0,0" hai="84,86,87,89,90" m="58631,45503,50698" machi="89" ten="30,11600,0" yaku="20,1,34,2,52,1" doraHai="73,66" who="2" fromWho="3" sc="193,0,390,0,295,116,122,-116" /><INIT seed="2,1,0,1,0,1" ten="193,390,411,6" oya="2" hai0="64,56,72,77,55,125,82,131,133,87,74,5,97" hai1="39,121,85,129,22,34,13,52,47,49,108,14,114" hai2="59,96,46,73,38,11,43,31,3,65,134,93,66" hai3="68,117,116,12,32,4,20,101,78,44,63,102,29"/><V57/><F73/><W24/><G78/><T103/><D125/><U0/><E34/><V40/><F134/><W10/><G44/><T69/><D133/><U113/><E0/><V119/><F119/><W130/><G101/><T92/><D131/><U83/><E129/><V105/><F105/><W84/><G130/><T109/><D109/><U132/><E108/><V42/><F31/><W70/><G70/><T33/><D33/><U135/><E39/><V94/><F3/><W107/><G84/><T104/><D64/><N who="2" m="24682" /><F11/><W54/><G54/><T118/><D69/><U123/><E132/><V110/><F110/><W48/><G48/><T25/><D25/><U90/><E135/><V99/><F46/><W17/><G63/><T98/><D118/><N who="3" m="45673" /><G68/><T100/><D74/><U8/><E22/><V60/><F38/><W115/><G102/><T89/><D100/><U58/><E14/><V95/><F60/><W127/><G107/><T16/><D98/><AGARI ba="1,0" hai="40,42,43,57,59,93,94,95,96,98,99" m="24682" machi="98" ten="40,7700,0" yaku="28,2,8,1" doraHai="1" who="2" fromWho="0" sc="193,-80,390,0,411,80,6,0" /><INIT seed="2,2,0,3,5,113" ten="113,390,491,6" oya="2" hai0="19,103,102,1,115,60,130,96,18,85,135,23,70" hai1="22,117,7,16,76,68,124,110,63,39,13,73,86" hai2="89,78,81,84,51,4,94,90,11,46,56,27,131" hai3="121,77,6,126,61,33,40,127,93,71,108,119,79"/><V75/><F131/><W48/><G121/><T82/><D1/><U101/><E39/><V132/><F132/><W31/><G108/><T50/><D115/><U32/><E73/><V37/><F27/><N who="3" m="18687" /><G6/><T57/><D130/><U98/><E32/><V35/><F35/><W97/><G40/><T8/><D70/><U65/><E110/><V114/><F114/><W123/><G123/><T64/><D50/><U54/><E124/><N who="3" m="47658" /><G48/><T133/><D8/><U109/><E109/><V52/><F37/><W62/><G119/><T104/><D102/><U34/><E34/><V44/><F90/><N who="3" m="55479" /><G62/><T42/><D42/><U58/><E7/><V15/><AGARI ba="2,0" hai="4,11,15,44,46,51,52,56,75,78,81,84,89,94" machi="15" ten="20,3900,0" yaku="0,1,7,1,54,1" doraHai="113" who="2" fromWho="2" sc="113,-15,390,-15,491,45,6,-15" owari="98,-30.0,375,18.0,536,63.0,-9,-51.0" /></mjloggm>