<mjloggm ver="2.3"><GO type="169" lobby="0"/><UN n0="%E3%83%84%E3%83%AC%E3%82%AA" n1="%E3%83%98%E3%82%AF%E3%82%B5%E3%83%BC" n2="%E3%83%88%E3%83%88%E3%83%AA%E5%85%88%E7%94%9F%31%39%E6%AD%B3" n3="%E3%82%A2%E3%83%8B%E3%82%AA%E3%83%B3" dan="16,16,18,16" rate="2115.54,2125.10,2271.98,2060.15" sx="M,M,F,F"/><TAIKYOKU oya="0"/><INIT seed="0,0,0,0,3,44" ten="250,250,250,250" oya="0" hai0="101,83,21,38,89,100,106,15,102,57,74,16,109" hai1="112,95,135,46,79,50,111,110,12,1,28,55,47" hai2="96,123,19,52,0,43,62,72,90,42,73,6,76" hai3="87,25,5,23,60,11,85,4,24,20,88,103,64"/><T70/><D70/><U81/><E1/><V92/><F123/><W9/><G103/><T18/><D38/><U45/><E135/><V33/><F33/><W104/><G104/><T119/><D119/><U49/><E112/><V78/><F0/><W26/><G85/><T133/><D133/><U53/><E28/><V65/><F6/><W67/><G67/><T91/><D109/><N who="1" m="41483" /><E95/><V82/><F19/><W107/><G107/><T128/><D128/><U48/><E12/><V115/><F115/><W71/><G9/><T8/><D106/><U69/><E69/><V98/><F98/><W10/><G11/><T37/><D37/><U22/><E22/><V108/><F108/><W120/><G120/><T29/><D29/><U36/><E36/><V130/><F130/><W125/><G125/><T97/><D57/><U54/><E45/><V32/><F32/><W122/><G122/><T113/><D113/><U59/><E59/><V17/><F17/><W66/><G66/><T127/><D127/><U129/><E129/><V27/><F27/><W34/><G34/><T2/><D2/><U114/><E114/><V124/><F124/><W13/><REACH who="3" step="1"/><G5/><REACH who="3" ten="250,250,250,240" step="2"/><T51/><D97/><U56/><E56/><N who="2" m="35079" /><F65/><W75/><G75/><AGARI ba="0,1" hai="46,47,48,49,50,53,54,55,75,79,81" m="41483" machi="75" ten="40,8000,1" yaku="14,1,52,3" doraHai="44" who="1" fromWho="3" sc="250,0,250,90,250,0,240,-80" /><INIT seed="1,0,0,3,4,92" ten="250,340,250,160" oya="1" hai0="2,75,10,111,68,89,127,132,65,57,35,99,12" hai1="46,31,131,61,106,43,54,41,95,40,74,47,90" hai2="104,6,52,124,100,78,76,87,59,63,9,129,18" hai3="32,70,49,36,11,98,80,5,4,107,101,7,53"/><U123/><E123/><V114/><F129/><W81/><G32/><T88/><D35/><U102/><E131/><V45/><F124/><W56/><G36/><T133/><D75/><U86/><E74/><V115/><F18/><W3/><G70/><T97/><D127/><U116/><E116/><V42/><F100/><W77/><REACH who="3" step="1"/><G80/><REACH who="3" ten="250,340,250,150" step="2"/><T24/><D68/><U48/><E106/><V51/><F104/><W93/><G93/><T15/><D111/><U128/><E128/><V1/><REACH who="2" step="1"/><F87/><AGARI ba="0,1" hai="3,4,5,7,11,49,53,56,77,81,87,98,101,107" machi="87" ten="30,3900,0" yaku="1,1,7,1,52,1,53,0" doraHai="92" doraHaiUra="27" who="3" fromWho="2" sc="250,0,340,0,250,-39,150,49" /><INIT seed="2,0,0,2,0,15" ten="250,340,211,199" oya="2" hai0="60,62,130,13,118,75,36,105,92,19,14,96,124" hai1="72,31,48,50,32,11,28,128,125,89,67,109,129" hai2="8,103,61,64,131,54,5,126,17,46,127,30,120" hai3="73,38,10,101,27,85,99,0,69,90,111,42,49"/><V117/><F117/><W4/><G69/><T108/><D36/><U104/><E104/><V116/><F116/><W25/><G73/><T80/><D105/><U45/><E72/><V56/><F120/><W122/><G122/><T35/><D118/><U57/><E109/><V53/><F131/><N who="1" m="50249" /><E125/><N who="2" m="47627" /><F30/><W47/><G38/><T41/><D41/><N who="1" m="24623" /><E32/><V83/><F103/><W2/><G2/><T58/><D35/><U113/><E113/><V3/><F83/><W134/><G134/><T106/><D106/><U123/><E123/><V9/><F46/><W91/><G111/><T74/><D80/><U59/><E89/><V33/><F33/><W79/><G79/><T100/><D108/><U18/><E67/><V132/><F132/><W26/><REACH who="3" step="1"/><G85/><REACH who="3" ten="250,340,211,189" step="2"/><T114/><D75/><U63/><E31/><V37/><F37/><W115/><G115/><T121/><D74/><U94/><E28/><V87/><F87/><W43/><G43/><T133/><D114/><U66/><E94/><AGARI ba="0,1" hai="0,4,10,25,26,27,42,47,49,90,91,94,99,101" machi="94" ten="40,2600,0" yaku="1,1,53,1" doraHai="15" doraHaiUra="95" who="3" fromWho="1" sc="250,0,340,-26,211,0,189,36" /><INIT seed="3,0,0,4,3,71" ten="250,314,211,225" oya="3" hai0="113,88,11,96,66,33,25,37,84,28,46,10,63" hai1="35,73,111,8,114,93,0,61,44,104,26,24,1" hai2="79,52,92,83,17,72,48,56,77,100,89,50,22" hai3="68,69,9,57,108,55,78,130,86,90,62,94,133"/><W49/><G130/><T2/><D96/><U109/><E104/><V105/><F79/><W91/><G133/><T74/><D74/><U47/><E114/><V32/><F32/><W34/><G34/><T80/><D2/><N who="1" m="1131" /><E73/><V121/><F121/><W5/><G108/><N who="1" m="41546" /><E8/><V29/><F29/><W39/><G39/><T6/><D6/><U122/><E122/><V110/><F110/><W123/><G78/><T7/><D7/><U115/><E115/><V45/><F100/><W116/><G116/><T103/><D103/><U125/><E125/><V18/><F105/><W20/><G20/><T131/><D131/><U106/><E106/><V67/><F22/><W127/><G127/><T54/><D113/><U126/><E35/><V15/><F15/><W135/><G135/><T53/><D53/><U14/><E14/><V99/><REACH who="2" step="1"/><F67/><REACH who="2" ten="250,314,201,225" step="2"/><W85/><G123/><T107/><D107/><U132/><E126/><V128/><F128/><W40/><G9/><T112/><D112/><U13/><E132/><V134/><F134/><W70/><G5/><T102/><D102/><U3/><E3/><V82/><F82/><W101/><G101/><T129/><D129/><U23/><E13/><V97/><F97/><W120/><G120/><T38/><D66/><U118/><E23/><V12/><F12/><W36/><G94/><T81/><D10/><U43/><E93/><V75/><F75/><W30/><G30/><T119/><D11/><U76/><E76/><V95/><F95/><W65/><G65/><T16/><D119/><U64/><E118/><V87/><F87/><W19/><G86/><RYUUKYOKU ba="0,1" sc="250,-10,314,-10,201,30,225,-10" hai2="17,18,45,48,50,52,56,72,77,83,89,92,99" /><INIT seed="4,1,1,2,0,73" ten="240,304,231,215" oya="0" hai0="34,71,92,33,43,106,96,7,93,25,51,107,115" hai1="58,79,120,41,24,54,67,45,111,113,26,42,133" hai2="63,112,27,105,108,4,48,85,66,102,57,77,90" hai3="30,122,3,104,117,19,1,59,18,22,99,17,87"/><T81/><D71/><U75/><E111/><V60/><F108/><W88/><G122/><T129/><D7/><U47/><E120/><V84/><F112/><W130/><G117/><T131/><D115/><U10/><E113/><V11/><F105/><W36/><G36/><T109/><D109/><U101/><E133/><V103/><F27/><W121/><G121/><T68/><D68/><U126/><E126/><V6/><F48/><W37/><G37/><T61/><D61/><U31/><E67/><V86/><F63/><W28/><G59/><T76/><D51/><U32/><E101/><N who="2" m="38411" /><F11/><W49/><G49/><T132/><D43/><U55/><E10/><V110/><F110/><W8/><G99/><T52/><D52/><U21/><E42/><V123/><F123/><W80/><G104/><N who="0" m="39979" /><D96/><U29/><E41/><V23/><F23/><W134/><G134/><T128/><D132/><U91/><E55/><V44/><F44/><W135/><G135/><T16/><D34/><U50/><E45/><V89/><F77/><W15/><G3/><T70/><D70/><U78/><E47/><V82/><F85/><W74/><G1/><T100/><D100/><U13/><E75/><V83/><AGARI ba="1,1" hai="4,6,57,60,66,82,83,84,86,89,90" m="38411" machi="83" ten="30,1100,0" yaku="8,1" doraHai="73" who="2" fromWho="2" sc="240,-6,304,-4,231,24,215,-4" /><INIT seed="5,0,0,2,2,85" ten="234,300,255,211" oya="1" hai0="69,44,54,4,20,119,32,14,80,66,47,61,34" hai1="131,28,38,50,8,133,89,124,62,12,49,114,87" hai2="118,81,130,113,100,42,40,27,122,72,45,71,121" hai3="3,79,129,115,91,77,90,127,84,15,106,135,39"/><U33/><E38/><V134/><F118/><W76/><G3/><T6/><D119/><U99/><E133/><V101/><F71/><W73/><G39/><T117/><D117/><U25/><E131/><V112/><F130/><W23/><G129/><T64/><D64/><U18/><E114/><N who="2" m="44139" /><F134/><W102/><G115/><T57/><D4/><U125/><E99/><V53/><F53/><W70/><G70/><T75/><D34/><U108/><E62/><V63/><F63/><W67/><G67/><T126/><D32/><U110/><E49/><N who="2" m="26791" /><F42/><W116/><G116/><T65/><D65/><U68/><E50/><V30/><F81/><W82/><G135/><T11/><D69/><U123/><E68/><V51/><F72/><W86/><G73/><T35/><D66/><U128/><E123/><N who="2" m="47115" /><F51/><W96/><G127/><N who="1" m="48714" /><E128/><V58/><F58/><W111/><G111/><T21/><D126/><U5/><E5/><V24/><F24/><W105/><G15/><T93/><D14/><U60/><E60/><V59/><F59/><W41/><G41/><T17/><D57/><U109/><E110/><V16/><F16/><W46/><G46/><T132/><D47/><U13/><E13/><V36/><F36/><W92/><G23/><AGARI ba="0,0" hai="23,27,30,100,101" m="47115,26791,44139" machi="23" ten="30,2000,0" yaku="15,1,11,1" doraHai="85" who="2" fromWho="3" sc="234,0,300,0,255,20,211,-20" /><INIT seed="6,0,0,1,0,83" ten="234,300,275,191" oya="2" hai0="79,71,89,84,24,58,88,57,111,86,114,130,53" hai1="37,44,104,9,12,78,64,100,102,52,30,93,18" hai2="36,40,82,6,49,7,122,70,62,134,125,5,90" hai3="119,19,23,20,80,81,113,118,66,85,107,110,94"/><V105/><F122/><W115/><G107/><T33/><D71/><U121/><E121/><V109/><F105/><W117/><G66/><T22/><D111/><U123/><E123/><V68/><F36/><W76/><G110/><T98/><D33/><U11/><E104/><V133/><F109/><W46/><G46/><T29/><D114/><N who="3" m="43529" /><G94/><N who="0" m="56647" /><D130/><U43/><E64/><V13/><F125/><W95/><G95/><N who="0" m="54695" /><D53/><U74/><E93/><V131/><F131/><W47/><G47/><T35/><D35/><U97/><E52/><V92/><F68/><W27/><G20/><T91/><D79/><U50/><E37/><V3/><F3/><W15/><G81/><AGARI ba="0,0" hai="22,24,29,57,58,81,86,91" m="54695,56647" machi="81" ten="30,7700,0" yaku="8,1,52,2,54,1" doraHai="83" who="0" fromWho="3" sc="234,77,300,0,275,0,191,-77" /><INIT seed="7,0,0,3,5,14" ten="311,300,275,114" oya="3" hai0="78,19,23,5,88,50,115,46,17,102,11,105,6" hai1="56,112,110,69,1,64,126,59,109,113,15,43,72" hai2="133,108,60,16,127,76,48,2,27,20,37,82,123" hai3="39,29,8,34,131,71,66,90,99,30,36,18,128"/><W70/><G90/><T0/><D78/><U89/><E1/><V103/><F108/><N who="1" m="41577" /><E72/><V4/><F37/><N who="3" m="14411" /><G99/><T31/><D6/><U122/><E122/><V7/><F123/><W120/><G34/><T121/><D121/><U87/><E43/><V83/><F133/><W98/><G98/><T53/><D102/><U125/><E15/><V51/><F127/><N who="1" m="48649" /><E69/><N who="3" m="26122" /><G120/><T92/><D105/><U25/><E25/><V135/><F135/><W28/><G66/><T96/><D115/><N who="1" m="44107" /><E64/><V65/><F103/><W44/><G44/><T26/><AGARI ba="0,0" hai="0,5,11,17,19,23,26,31,46,50,53,88,92,96" machi="26" ten="30,7900,0" yaku="0,1,52,2,54,1" doraHai="14" who="0" fromWho="0" sc="311,79,300,-20,275,-20,114,-39" owari="390,48.0,280,8.0,255,-14.0,75,-42.0" /></mjloggm>