<mjloggm ver="2.3"><GO type="169" lobby="0"/><UN n0="%7A%65%52%6F" n1="%6F%6B%61%65%72%69" n2="%E5%B0%B1%E6%B4%BB%E7%94%9F%40%E5%B7%9D%E6%9D%91%E8%BB%8D%E5%9B%A3" n3="%E4%B8%96%E7%95%8C%E3%81%AE%E9%9D%92%E6%9C%A8" dan="17,16,17,16" rate="2207.99,2095.37,2189.39,2101.17" sx="M,F,M,M"/><TAIKYOKU oya="0"/><INIT seed="0,0,0,0,0,113" ten="250,250,250,250" oya="0" hai0="30,67,14,53,34,19,52,115,121,94,126,88,92" hai1="32,72,33,0,2,40,1,134,13,35,27,101,77" hai2="44,3,59,24,29,60,55,79,61,48,127,28,129" hai3="90,84,80,105,21,17,119,86,41,109,42,54,117"/><T66/><D115/><U114/><E40/><V128/><F3/><W70/><G105/><T8/><D121/><U122/><E114/><V87/><F127/><W10/><G109/><T74/><D74/><U65/><E65/><N who="0" m="24585" /><D34/><U38/><E38/><V46/><F46/><W83/><G70/><T124/><D30/><U108/><E101/><V6/><F6/><W104/><G104/><T81/><D126/><U78/><E122/><V4/><F4/><W111/><G10/><T25/><D124/><U63/><E108/><V20/><F29/><W64/><G64/><T11/><D25/><U73/><E63/><V99/><F99/><W5/><G5/><T89/><D11/><U18/><E134/><V85/><F61/><W47/><G54/><N who="0" m="21099" /><D89/><U57/><E57/><V100/><F100/><W37/><G41/><T103/><D103/><U116/><E73/><V120/><F120/><W135/><G135/><T7/><D7/><U107/><E72/><V110/><F110/><W31/><G31/><T98/><D98/><U56/><E107/><V36/><F36/><W125/><G111/><T118/><D118/><U91/><E91/><V130/><REACH who="2" step="1"/><F79/><REACH who="2" ten="250,250,240,250" step="2"/><W26/><G125/><T39/><D39/><U133/><E78/><AGARI ba="0,1" hai="17,21,26,37,42,47,78,80,83,84,86,90,117,119" machi="78" ten="30,3900,0" yaku="7,1,52,2" doraHai="113" who="3" fromWho="1" sc="250,0,250,-39,240,0,250,49" /><INIT seed="1,0,0,5,3,22" ten="250,211,240,299" oya="1" hai0="35,102,100,11,2,129,62,78,17,95,117,43,61" hai1="115,91,68,44,96,90,65,55,36,14,1,66,123" hai2="29,108,75,101,59,37,15,70,97,42,49,58,39" hai3="21,132,12,84,131,19,72,107,27,6,13,32,80"/><U83/><E123/><V60/><F75/><W104/><G72/><T8/><D35/><U122/><E1/><V52/><F108/><W82/><G131/><T46/><D117/><U128/><E122/><V7/><F29/><W86/><G132/><T64/><D129/><U67/><E128/><V3/><F3/><W126/><G126/><T40/><D78/><U26/><E115/><V89/><F70/><W51/><G51/><T87/><D62/><U88/><E68/><V135/><F135/><W28/><G12/><T34/><D34/><U99/><E83/><V73/><F73/><W92/><G92/><T130/><D130/><U50/><E36/><V54/><F89/><W98/><G6/><T103/><D2/><U23/><REACH who="1" step="1"/><E14/><REACH who="1" ten="250,201,240,299" step="2"/><V69/><F69/><W116/><G116/><T112/><D112/><U114/><E114/><V111/><F111/><W16/><G82/><T121/><D121/><U106/><E106/><V24/><F39/><W71/><G71/><T18/><D95/><U5/><E5/><V120/><F37/><W9/><G80/><T45/><D103/><U56/><E56/><V41/><F15/><N who="3" m="7279" /><G107/><T110/><D110/><U20/><E20/><V0/><F7/><W105/><G104/><T109/><D109/><U10/><E10/><V127/><F0/><W57/><G57/><T53/><D11/><U134/><E134/><V74/><F120/><W94/><G105/><T133/><D8/><U38/><E38/><V118/><F58/><W113/><G113/><T4/><D133/><U76/><E76/><V47/><F59/><W85/><G94/><RYUUKYOKU ba="0,1" sc="250,-15,201,15,240,-15,299,15" hai1="23,26,44,50,55,65,66,67,88,90,91,96,99" hai3="13,19,21,27,28,32,84,85,86,98" /><INIT seed="1,1,1,0,0,56" ten="235,216,225,314" oya="1" hai0="111,26,27,52,37,118,77,88,119,132,35,10,121" hai1="6,95,39,54,13,100,42,47,19,82,51,75,46" hai2="71,80,36,11,133,87,48,86,123,53,81,135,130" hai3="102,85,25,49,101,43,97,34,38,70,94,126,116"/><U134/><E134/><N who="2" m="51211" /><F36/><W127/><G116/><T104/><D37/><U64/><E6/><V108/><F123/><W28/><G38/><T115/><D115/><U18/><E64/><V109/><F71/><W9/><G70/><T105/><D77/><U40/><E54/><V83/><F11/><W45/><G101/><T12/><D132/><U84/><E75/><V96/><F130/><W92/><G9/><T8/><D121/><U1/><E1/><V91/><F53/><W15/><G15/><T76/><D76/><U107/><E107/><V117/><F48/><W131/><G131/><T16/><D105/><U22/><E18/><V63/><F63/><W129/><G129/><T114/><D104/><U21/><E21/><V57/><F57/><W50/><G50/><T98/><D114/><U7/><E7/><V33/><F33/><W3/><G3/><T67/><D67/><U60/><E60/><V103/><F117/><W32/><G32/><T68/><D68/><U17/><E17/><V99/><F103/><W72/><G72/><T69/><D69/><U73/><E73/><V62/><F62/><W78/><G78/><T29/><D10/><U128/><E128/><V120/><F120/><W112/><G112/><T24/><D118/><U5/><E5/><V93/><F86/><W20/><G34/><T41/><D119/><U44/><E44/><V110/><AGARI ba="1,1" hai="80,81,83,87,91,93,96,99,108,109,110" m="51211" machi="110" ten="40,8000,1" yaku="14,1,20,1,34,2" doraHai="56" who="2" fromWho="2" sc="235,-21,216,-41,225,93,314,-21" /><INIT seed="2,0,0,2,1,87" ten="214,175,318,293" oya="2" hai0="63,109,115,79,43,24,16,59,12,85,17,47,107" hai1="113,34,38,10,41,73,121,32,132,111,35,6,20" hai2="102,110,42,64,124,100,3,15,26,80,135,97,25" hai3="88,112,117,96,133,18,77,36,54,94,37,44,39"/><V48/><F3/><W118/><G133/><T1/><D1/><U2/><E73/><V21/><F135/><W52/><G112/><T75/><D75/><U122/><E132/><V28/><F124/><W98/><G77/><T130/><D107/><U74/><E113/><V72/><F64/><W19/><G44/><T22/><D115/><U83/><E111/><V23/><F110/><W89/><G39/><T116/><D116/><U91/><E20/><V49/><F42/><W131/><G94/><T27/><D109/><U126/><E126/><V7/><F80/><W71/><G71/><T60/><D130/><AGARI ba="0,0" hai="18,19,36,37,52,54,88,89,96,98,117,118,130,131" machi="130" ten="25,12000,2" yaku="22,2,52,2,54,2" doraHai="87" who="3" fromWho="0" sc="214,-120,175,0,318,0,293,120" /><INIT seed="3,0,0,4,3,72" ten="94,175,318,413" oya="3" hai0="49,99,101,118,82,114,35,120,7,63,69,67,32" hai1="44,87,73,83,38,130,65,8,61,86,10,108,68" hai2="81,21,98,84,27,94,78,92,51,112,109,45,132" hai3="18,5,28,133,48,123,24,129,26,111,54,13,31"/><W122/><G129/><T37/><D37/><U14/><E130/><V115/><F109/><W103/><G133/><T70/><D118/><U74/><E108/><V93/><F132/><W100/><G111/><T135/><D135/><U96/><E96/><V128/><F128/><W11/><G122/><T36/><D36/><U47/><E8/><V39/><F39/><W4/><G123/><T9/><D120/><U22/><E22/><V60/><F60/><W76/><G76/><T134/><D134/><U89/><E86/><V52/><REACH who="2" step="1"/><F98/><REACH who="2" ten="94,175,308,413" step="2"/><W127/><G127/><T1/><D114/><U0/><E38/><V41/><F41/><W15/><G31/><AGARI ba="0,1" hai="21,27,31,45,51,52,78,81,84,92,93,94,112,115" machi="31" ten="40,8000,1" yaku="1,1,52,1,54,1,53,1" doraHai="72" doraHaiUra="23" who="2" fromWho="3" sc="94,0,175,0,308,90,413,-80" /><INIT seed="4,0,0,4,4,34" ten="94,175,398,333" oya="0" hai0="7,126,23,54,97,129,4,93,69,108,118,26,60" hai1="20,12,30,132,88,122,113,74,14,89,65,3,79" hai2="112,47,70,45,110,66,24,95,130,1,82,133,123" hai3="84,102,100,10,107,114,11,125,86,83,38,40,106"/><T8/><D118/><U18/><E122/><V27/><F110/><W135/><G38/><T61/><D108/><U21/><E113/><V90/><F112/><W59/><G40/><T32/><D32/><U127/><E127/><V62/><F1/><W49/><G49/><T87/><D126/><U77/><E74/><V36/><F123/><W73/><G59/><T17/><D129/><U99/><E99/><V92/><F130/><W52/><G83/><T15/><D69/><U109/><E109/><V115/><F115/><W94/><G94/><T101/><D7/><U75/><E75/><V134/><F82/><W44/><G44/><T103/><D103/><U68/><E68/><V58/><F70/><W57/><G57/><T85/><REACH who="0" step="1"/><D54/><REACH who="0" ten="84,175,398,333" step="2"/><U37/><E132/><V31/><F133/><W120/><G52/><T29/><D29/><U121/><E30/><V78/><F134/><W2/><G135/><T51/><D51/><U119/><E119/><V22/><F36/><W35/><G35/><T13/><D13/><U63/><E37/><V56/><F27/><W50/><G50/><T33/><D33/><U71/><E121/><V96/><F24/><W81/><G120/><T6/><D6/><U5/><E5/><V25/><F25/><W16/><G125/><T28/><D28/><U42/><E71/><V104/><F31/><W124/><G124/><T105/><D105/><U111/><E14/><V19/><F104/><W80/><G114/><T53/><D53/><U64/><E12/><V117/><F117/><W72/><G16/><T9/><D9/><U48/><E18/><RYUUKYOKU ba="0,1" sc="84,15,175,-15,398,-15,333,15" hai0="4,8,15,17,23,26,60,61,85,87,93,97,101" hai3="2,10,11,72,73,80,81,84,86,100,102,106,107" /><INIT seed="4,1,1,4,3,56" ten="99,160,383,348" oya="0" hai0="65,11,17,66,121,25,103,91,128,88,87,99,19" hai1="47,49,22,38,74,80,68,135,16,109,105,92,31" hai2="63,102,3,84,132,107,72,76,4,52,115,15,116" hai3="27,61,21,130,0,86,81,55,101,50,78,67,6"/><T60/><D121/><U79/><E105/><V90/><F3/><W113/><G113/><T41/><D128/><U42/><E109/><V96/><F115/><W129/><G101/><T127/><D127/><U123/><E123/><V58/><F116/><W118/><G118/><T40/><D103/><U62/><E135/><V51/><F132/><W64/><G6/><T77/><D77/><U20/><E31/><V106/><F106/><W82/><G82/><T44/><D99/><U35/><E35/><V1/><F1/><W111/><G0/><T93/><D91/><U59/><E68/><V14/><F4/><W28/><G111/><T97/><D97/><U126/><E92/><N who="2" m="54343" /><F51/><W71/><REACH who="3" step="1"/><G67/><REACH who="3" ten="99,160,383,338" step="2"/><T70/><D66/><U122/><E122/><V13/><F13/><W89/><G89/><T117/><D117/><U45/><E126/><V131/><F131/><W12/><G12/><T85/><D85/><U98/><E80/><AGARI ba="1,2" hai="14,15,52,58,63,72,76,80,96,102,107" m="54343" machi="80" ten="30,3900,0" yaku="24,1,52,1,54,1" doraHai="56" who="2" fromWho="1" sc="99,0,160,-42,383,62,338,0" /><INIT seed="5,0,0,5,1,42" ten="99,118,445,338" oya="1" hai0="7,118,112,65,90,88,40,33,129,20,135,49,84" hai1="131,14,46,41,133,80,127,121,77,31,101,25,18" hai2="92,5,43,60,100,71,99,0,29,79,111,98,57" hai3="95,35,37,44,114,128,63,59,39,130,97,110,15"/><U107/><E121/><V56/><F111/><W82/><G110/><T66/><D33/><U27/><E131/><N who="3" m="50218" /><G35/><T96/><D118/><U108/><E133/><V117/><F117/><W30/><G30/><T17/><D129/><U8/><E127/><V9/><F79/><W104/><G104/><T52/><D40/><U13/><E108/><V76/><F76/><W89/><G114/><T70/><D7/><U87/><E14/><V73/><F73/><W54/><G15/><T85/><D96/><U69/><E69/><V19/><F29/><W68/><G68/><T62/><D135/><U115/><E115/><V10/><F43/><W120/><G82/><N who="0" m="49175" /><D62/><U64/><E64/><V126/><F126/><W11/><G63/><T93/><D70/><U16/><E18/><V34/><F34/><W67/><G97/><T91/><D91/><U3/><E3/><V125/><F125/><W109/><G89/><T132/><D132/><U51/><REACH who="1" step="1"/><E31/><REACH who="1" ten="99,108,445,338" step="2"/><V26/><F71/><W122/><G67/><T45/><D112/><U103/><E103/><V81/><F100/><W38/><G109/><T47/><D47/><U21/><E21/><V123/><F0/><W4/><G44/><T6/><D6/><U124/><E124/><V116/><F5/><W32/><G32/><T105/><D105/><U134/><E134/><V74/><F123/><W72/><G122/><T1/><D1/><U36/><E36/><V23/><F23/><W12/><G120/><T102/><D102/><U94/><E94/><V58/><F92/><W106/><G95/><T48/><D20/><U83/><E83/><RYUUKYOKU ba="0,1" sc="99,-10,108,30,445,-10,338,-10" hai1="8,13,16,25,27,41,46,51,77,80,87,101,107" /><INIT seed="5,1,1,2,3,66" ten="89,138,435,328" oya="1" hai0="100,88,9,24,40,0,110,37,27,42,114,58,96" hai1="133,23,63,3,121,20,51,19,18,101,28,90,117" hai2="68,52,92,131,134,38,89,6,102,71,30,31,107" hai3="120,86,69,16,85,109,113,124,106,115,15,123,78"/><U82/><E121/><V1/><F38/><W60/><G106/><T7/><D110/><U35/><E117/><V129/><F107/><W32/><G32/><T21/><D114/><N who="3" m="43529" /><G124/><T130/><D130/><N who="2" m="49674" /><F102/><W99/><G109/><T75/><D75/><U59/><E3/><V128/><F128/><W17/><G99/><T12/><D37/><U104/><E133/><V135/><F6/><W122/><G78/><T8/><D58/><U50/><E35/><V112/><F1/><W125/><G125/><T4/><D88/><U83/><E28/><N who="2" m="10795" /><F52/><W127/><G127/><T39/><D39/><U14/><E101/><V33/><F33/><W61/><G17/><T126/><D126/><U57/><E104/><V43/><F43/><W111/><G111/><T5/><D42/><U36/><E36/><V45/><F45/><W10/><G61/><T13/><D40/><U74/><E74/><V116/><F116/><W44/><G44/><T95/><D5/><U118/><E118/><V25/><F25/><W72/><G72/><T97/><D0/><U49/><E90/><V73/><F73/><W29/><G29/><T105/><D21/><U76/><E76/><V48/><F48/><W87/><G60/><T65/><D65/><N who="1" m="39151" /><E59/><V55/><F55/><W84/><N who="3" m="21504" /><DORA hai="54" /><W11/><G11/><T132/><D132/><N who="2" m="50730" /><F112/><W64/><G64/><T93/><D105/><U22/><E22/><V81/><F81/><W103/><G103/><T62/><D62/><U67/><E67/><V77/><F77/><W34/><G34/><T91/><AGARI ba="1,1" hai="4,7,8,9,12,13,24,27,91,93,95,96,97,100" machi="91" ten="20,5200,0" yaku="0,1,7,1,9,1,8,1" doraHai="66,54" who="0" fromWho="0" sc="89,65,138,-27,435,-14,328,-14" /><INIT seed="6,0,0,1,2,6" ten="154,111,421,314" oya="2" hai0="12,46,124,105,58,104,107,20,28,102,25,113,85" hai1="13,30,92,34,123,31,97,108,54,40,65,84,15" hai2="128,19,111,67,117,64,53,115,110,36,116,47,61" hai3="41,57,56,94,26,72,135,119,87,51,100,42,14"/><V127/><F19/><W22/><G72/><T45/><D124/><U68/><E108/><N who="2" m="41515" /><F127/><W43/><G135/><T71/><D71/><U49/><E123/><V59/><F128/><W133/><G133/><T106/><D113/><U120/><E120/><V33/><F33/><W21/><G119/><N who="2" m="45641" /><F115/><W62/><G51/><T88/><D102/><U29/><E34/><V1/><F1/><W82/><G14/><T2/><D2/><U131/><E131/><V52/><F53/><W90/><G21/><T77/><D77/><U0/><E0/><V134/><F134/><W4/><G4/><T11/><D58/><U101/><E40/><AGARI ba="0,0" hai="36,40,47,52,59,61,64,67" m="45641,41515" machi="40" ten="30,11600,0" yaku="10,1,34,2,54,1" doraHai="6" who="2" fromWho="1" sc="154,0,111,-116,421,116,314,0" owari="154,-25.0,-5,-51.0,537,65.0,314,11.0" /></mjloggm>