<mjloggm ver="2.3"><GO type="169" lobby="0"/><UN n0="%E5%B0%B1%E6%B4%BB%E7%94%9F%40%E5%B7%9D%E6%9D%91%E8%BB%8D%E5%9B%A3" n1="%49%53%53%4F%4E%34" n2="%E3%81%B5%E3%81%8F%E3%82%84%E3%82%93" n3="%3D%E5%9C%92%E5%9F%8E%E5%AF%BA%E6%80%9C%3D" dan="17,16,18,19" rate="2175.61,2179.13,2170.41,2229.39" sx="M,M,M,F"/><TAIKYOKU oya="0"/><INIT seed="0,0,0,4,1,135" ten="250,250,250,250" oya="0" hai0="129,34,70,15,17,29,88,66,100,46,51,87,98" hai1="41,27,94,30,5,81,2,126,76,85,90,36,122" hai2="131,35,133,102,39,84,108,69,80,32,47,116,110" hai3="89,6,106,48,11,74,125,52,40,42,12,60,105"/><T127/><D129/><U78/><E122/><V117/><F69/><W77/><G60/><T31/><D34/><N who="2" m="12842" /><F102/><W14/><G14/><T71/><D127/><U91/><E30/><V37/><F133/><W0/><G125/><T64/><D71/><U96/><E27/><V55/><F55/><W25/><G25/><T128/><D128/><U56/><E126/><V113/><F113/><W26/><G26/><T118/><D118/><N who="2" m="45674" /><F131/><W53/><G53/><N who="0" m="29943" /><D70/><U61/><E41/><N who="2" m="22959" /><F39/><W7/><G40/><T95/><D66/><U73/><E36/><V18/><F18/><W9/><G42/><T79/><D64/><U93/><E61/><V120/><F120/><W75/><G89/><AGARI ba="0,0" hai="80,84,89,108,110" m="22959,45674,12842" machi="89" ten="30,1000,0" yaku="12,1" doraHai="135" who="2" fromWho="3" sc="250,0,250,0,250,10,250,-10" /><INIT seed="1,0,0,5,1,51" ten="250,250,260,240" oya="1" hai0="44,114,131,130,60,123,21,30,22,135,26,61,65" hai1="48,15,29,45,71,14,122,103,66,56,81,34,37" hai2="46,80,3,78,113,92,99,57,105,7,38,42,67" hai3="32,54,6,120,128,25,97,1,109,82,69,16,40"/><U52/><E122/><V83/><F105/><W104/><G40/><T19/><D114/><U11/><E103/><V127/><F83/><W20/><G69/><T116/><D116/><U75/><E34/><V47/><F47/><W133/><G32/><T36/><D123/><U119/><E119/><V2/><F127/><W17/><G128/><T106/><D106/><U28/><E15/><V107/><F107/><W55/><G109/><T58/><D135/><U100/><E100/><V33/><F33/><W108/><G108/><T5/><D5/><U124/><E124/><V77/><F77/><W94/><G104/><T12/><D36/><U129/><E129/><V23/><F23/><W87/><G6/><T63/><D44/><U101/><E101/><V134/><F134/><W79/><G1/><T53/><REACH who="0" step="1"/><D61/><REACH who="0" ten="240,250,260,240" step="2"/><N who="1" m="40399" /><E75/><V115/><F7/><W93/><G133/><T88/><D88/><U68/><E45/><V91/><F115/><W84/><G120/><T118/><D118/><U112/><E37/><V59/><F113/><W4/><G4/><T132/><D132/><U89/><E112/><V50/><F38/><W111/><G111/><T74/><D74/><U49/><E89/><V10/><F3/><W85/><G17/><T121/><D121/><U0/><E0/><V41/><F2/><W76/><G76/><T9/><D9/><U126/><E11/><V117/><F10/><W98/><G79/><T62/><D62/><U13/><E126/><V72/><F117/><W39/><G39/><T31/><D31/><U35/><E29/><V125/><F125/><W27/><G16/><RYUUKYOKU ba="0,1" sc="240,30,250,-10,260,-10,240,-10" hai0="12,19,21,22,26,30,53,58,60,63,65,130,131" /><INIT seed="2,1,1,4,3,55" ten="270,240,250,230" oya="2" hai0="109,128,77,120,27,100,116,23,13,5,93,6,59" hai1="25,75,8,50,30,36,56,78,7,28,16,96,134" hai2="80,97,37,112,86,106,24,57,108,127,102,11,104" hai3="29,87,90,42,83,70,123,51,3,131,111,60,62"/><V26/><F37/><W98/><G3/><T49/><D120/><U115/><E36/><V110/><F106/><W53/><G70/><T32/><D32/><U76/><E115/><V65/><F112/><W99/><G111/><N who="2" m="42537" /><F11/><W124/><G42/><T46/><D109/><U85/><E75/><V22/><F127/><W119/><G119/><T45/><D128/><U101/><E134/><V73/><F73/><W10/><G29/><N who="0" m="17663" /><D77/><U122/><E122/><V133/><F133/><W95/><G124/><T88/><D100/><U113/><E113/><V33/><F33/><W92/><G10/><N who="0" m="4303" /><D6/><U79/><E7/><V121/><F121/><W84/><G131/><T34/><D34/><U82/><E8/><V21/><F21/><W125/><G125/><T48/><D48/><U129/><E129/><V103/><F103/><W117/><G117/><T44/><D116/><U9/><E9/><V132/><F132/><W31/><G31/><T0/><D0/><U71/><E71/><V4/><F4/><W130/><G130/><T61/><D49/><U35/><E30/><V105/><F105/><W18/><G18/><T69/><D69/><U114/><E16/><N who="2" m="12359" /><F26/><W12/><G12/><T67/><D44/><U43/><E114/><V81/><F86/><AGARI ba="1,1" hai="45,46,59,61,67,86,88,93" m="4303,17663" machi="86" ten="30,3900,0" yaku="8,1,52,1,54,1" doraHai="55" who="0" fromWho="2" sc="270,52,240,0,250,-42,230,0" /><INIT seed="3,0,0,4,5,39" ten="322,240,208,230" oya="3" hai0="87,63,117,95,90,42,36,108,101,7,37,6,133" hai1="16,24,50,15,89,114,124,127,21,120,79,31,84" hai2="19,41,17,57,134,73,11,121,69,126,131,96,76" hai3="25,61,119,77,23,106,98,74,130,32,71,44,54"/><W14/><G74/><T34/><D117/><U70/><E114/><V8/><F69/><W125/><G77/><T83/><D34/><U92/><E70/><V38/><F96/><W49/><G32/><T82/><D133/><U81/><E120/><V105/><F105/><W122/><G125/><T62/><D108/><U67/><E67/><V12/><F134/><W91/><G130/><T80/><D101/><U110/><E110/><V94/><F94/><W85/><G14/><T60/><REACH who="0" step="1"/><D42/><REACH who="0" ten="312,240,208,230" step="2"/><U2/><E2/><V113/><F41/><W3/><G3/><T30/><D30/><U56/><E124/><V75/><F126/><W88/><G119/><T51/><D51/><U111/><E111/><V129/><F38/><AGARI ba="0,1" hai="6,7,36,37,38,60,62,63,80,82,83,87,90,95" machi="38" ten="50,1600,0" yaku="1,1,53,0" doraHai="39" doraHaiUra="4" who="0" fromWho="2" sc="312,26,240,0,208,-16,230,0" /><INIT seed="4,0,0,1,2,112" ten="338,240,192,230" oya="0" hai0="31,83,58,55,84,113,52,130,123,48,37,118,8" hai1="135,106,107,44,59,5,50,114,46,38,96,57,29" hai2="10,129,11,77,24,39,23,9,62,35,102,92,86" hai3="27,85,36,128,20,25,61,60,67,70,40,124,98"/><T51/><D113/><U66/><E29/><V115/><F39/><W111/><G111/><T34/><D123/><U53/><E5/><V108/><F108/><W65/><G124/><T68/><D68/><U42/><E96/><N who="2" m="59655" /><F35/><W26/><G128/><T104/><D104/><U87/><E87/><V2/><F2/><W63/><G40/><T117/><D37/><N who="1" m="21583" /><E107/><V127/><F129/><W45/><G45/><T12/><D130/><U28/><E28/><V80/><F127/><W54/><G36/><T78/><D31/><U90/><E90/><V43/><F43/><W15/><G54/><T3/><D34/><U119/><E106/><V122/><F122/><W49/><G49/><T41/><D3/><U126/><E126/><V56/><F115/><W97/><G85/><T82/><D82/><U14/><E114/><V1/><F1/><W30/><G70/><T71/><D71/><U0/><E0/><V16/><F11/><W72/><G72/><T76/><D76/><U121/><E121/><V74/><F74/><W13/><G30/><T101/><D101/><U91/><E38/><V33/><F33/><W93/><G93/><T18/><D41/><U116/><E91/><V64/><AGARI ba="0,0" hai="9,10,16,23,24,56,62,64,77,80,86" m="59655" machi="64" ten="30,2000,0" yaku="8,1,54,1" doraHai="112" who="2" fromWho="2" sc="338,-10,240,-5,192,20,230,-5" /><INIT seed="5,0,0,5,2,33" ten="328,235,212,225" oya="1" hai0="27,38,47,85,44,121,19,64,0,41,37,132,77" hai1="45,3,30,91,63,10,111,95,31,83,22,20,75" hai2="76,105,51,7,133,4,59,98,79,70,49,21,96" hai3="46,69,97,118,90,82,65,114,135,72,92,110,50"/><U101/><E111/><V123/><F70/><W102/><G114/><T107/><D0/><U15/><E101/><V99/><F105/><W40/><G110/><T28/><D107/><U113/><E113/><V120/><F21/><N who="1" m="8297" /><E75/><V58/><REACH who="2" step="1"/><F96/><REACH who="2" ten="328,235,202,225" step="2"/><W116/><G135/><AGARI ba="0,1" hai="4,7,49,51,58,59,76,79,98,99,120,123,133,135" machi="135" ten="25,6400,0" yaku="1,1,2,1,22,2,53,0" doraHai="33" doraHaiUra="89" who="2" fromWho="3" sc="328,0,235,0,202,74,225,-64" /><INIT seed="6,0,0,4,2,10" ten="328,235,276,161" oya="2" hai0="6,134,4,16,88,116,124,132,9,100,112,119,89" hai1="122,41,37,77,68,74,39,19,64,50,21,57,66" hai2="81,125,55,98,115,53,99,109,43,46,123,96,18" hai3="106,83,75,126,78,95,90,101,11,107,87,52,59"/><V130/><F123/><W62/><G126/><T24/><D112/><U1/><E1/><V14/><F125/><W91/><G101/><T67/><D67/><N who="1" m="25643" /><E19/><V94/><F115/><W32/><G32/><T104/><D104/><U38/><E21/><V76/><F130/><W110/><G110/><T27/><D100/><U31/><E31/><V84/><F94/><W120/><G120/><T7/><D124/><U33/><E33/><V72/><F72/><W26/><G26/><N who="0" m="9771" /><D16/><U0/><E0/><V103/><F103/><W54/><G54/><T40/><D40/><U105/><E105/><V47/><F109/><W44/><G44/><N who="2" m="16937" /><F43/><W73/><G73/><T80/><D9/><AGARI ba="0,0" hai="9,14,18,53,55,76,81,84,96,98,99" m="16937" machi="9" ten="30,2900,0" yaku="8,1,52,1" doraHai="10" who="2" fromWho="0" sc="328,-29,235,0,276,29,161,0" /><INIT seed="6,1,0,1,4,107" ten="299,235,305,161" oya="2" hai0="112,52,58,9,84,70,14,25,120,83,127,63,91" hai1="92,130,37,68,86,74,0,51,119,105,79,73,29" hai2="62,31,10,82,128,4,38,54,81,69,106,110,34" hai3="64,65,99,12,17,123,59,44,11,115,6,116,95"/><V43/><F106/><W41/><G116/><T104/><D120/><U30/><E68/><V20/><F20/><W88/><G123/><T5/><D127/><U77/><E37/><V22/><F22/><W76/><G115/><T85/><D112/><U101/><E105/><V72/><F54/><W32/><G32/><T98/><D70/><U114/><E114/><V121/><F82/><W132/><G132/><T16/><D104/><U93/><E0/><N who="2" m="263" /><F121/><W23/><G59/><T94/><D83/><U75/><E51/><V13/><F13/><W48/><REACH who="3" step="1"/><G76/><REACH who="3" ten="299,235,305,151" step="2"/><T36/><D36/><U35/><E119/><V96/><F34/><W80/><G80/><T57/><D58/><U89/><E35/><V47/><F81/><W2/><AGARI ba="1,1" hai="2,6,11,12,17,23,41,44,48,64,65,88,95,99" machi="2" ten="20,5200,0" yaku="1,1,0,1,7,1,54,1,53,0" doraHai="107" doraHaiUra="108" who="3" fromWho="3" sc="299,-14,235,-14,305,-27,151,65" /><INIT seed="7,0,0,5,3,0" ten="285,221,278,216" oya="3" hai0="104,134,129,75,23,96,90,5,40,44,100,48,59" hai1="16,1,86,63,133,45,97,135,107,72,57,110,21" hai2="36,53,35,70,122,46,131,106,124,94,71,120,10" hai3="25,31,8,67,68,77,115,66,62,18,98,109,73"/><W13/><G115/><T2/><D75/><U103/><E72/><V12/><F106/><W42/><G109/><T64/><D129/><U112/><E110/><V132/><F35/><W41/><G67/><T56/><D134/><U20/><E112/><V37/><F132/><N who="1" m="50761" /><E1/><V65/><F131/><W84/><G73/><T54/><D23/><U79/><E45/><V119/><F119/><W61/><G61/><T85/><D64/><N who="1" m="39023" /><E16/><N who="2" m="8215" /><F65/><W88/><G98/><T82/><REACH who="0" step="1"/><D40/><REACH who="0" ten="275,221,278,216" step="2"/><U80/><AGARI ba="0,1" hai="20,21,79,80,86,97,103,107" m="39023,50761" machi="80" ten="30,1100,0" yaku="20,1" doraHai="0" who="1" fromWho="1" sc="275,-3,221,21,278,-3,216,-5" /><INIT seed="8,0,0,3,4,5" ten="272,242,275,211" oya="0" hai0="73,100,54,55,111,116,15,3,72,18,43,14,69" hai1="42,61,41,8,78,26,6,70,93,132,124,109,127" hai2="101,95,22,38,112,71,80,25,126,17,2,40,104" hai3="12,10,120,81,77,130,90,84,97,68,135,110,86"/><T53/><D116/><U56/><E109/><V117/><F71/><W131/><G110/><T76/><D3/><N who="1" m="95" /><E70/><V0/><F104/><W9/><G120/><T13/><D111/><U114/><E78/><V92/><F92/><W96/><G68/><T108/><D108/><U46/><E46/><V102/><F80/><N who="3" m="49479" /><G135/><T99/><D69/><U128/><E132/><V60/><F117/><W49/><G12/><T48/><D76/><U1/><E1/><V66/><F102/><W47/><G131/><T62/><D62/><U28/><E128/><V94/><F101/><W122/><G122/><T134/><D134/><U37/><E37/><V85/><F2/><W24/><G24/><T32/><D32/><U45/><E45/><V4/><F0/><W87/><G87/><T65/><D65/><U29/><E93/><V67/><F67/><W57/><G57/><T51/><D18/><U98/><E98/><N who="3" m="37994" /><G130/><T33/><D33/><U36/><E36/><V107/><F38/><W30/><G30/><T59/><D72/><U75/><E75/><V23/><F107/><W20/><G20/><T118/><D118/><U11/><E29/><N who="2" m="17591" /><F85/><W39/><G39/><T27/><D73/><U83/><E28/><V89/><F23/><W64/><G64/><T52/><D27/><U103/><E103/><V79/><F79/><W119/><G119/><T133/><D133/><U88/><E26/><V31/><F31/><W106/><G106/><N who="0" m="63775" /><D15/><U115/><E42/><AGARI ba="0,0" hai="9,10,42,47,49,77,81,84" m="37994,49479" machi="42" ten="30,3900,0" yaku="8,1,52,2" doraHai="5" who="3" fromWho="1" sc="272,0,242,-39,275,0,211,39" /><INIT seed="9,0,0,0,2,64" ten="272,203,275,250" oya="1" hai0="102,61,82,28,116,80,118,12,5,11,59,104,94" hai1="44,39,26,120,124,134,63,85,57,35,55,105,49" hai2="43,47,60,87,103,95,54,107,74,31,6,56,70" hai3="13,114,125,68,65,8,52,1,29,16,0,109,123"/><U130/><E105/><V121/><F74/><W88/><G109/><T84/><D104/><U46/><E120/><V67/><F6/><W42/><G42/><T101/><D28/><U71/><E35/><V20/><F121/><W53/><G29/><T58/><D58/><U48/><E26/><N who="2" m="16839" /><F107/><W41/><G41/><T36/><D36/><U2/><E2/><V76/><F76/><W92/><G114/><T37/><D37/><U122/><E122/><V66/><F70/><W99/><G125/><T110/><D110/><U115/><E71/><V127/><F127/><W9/><G123/><T27/><D27/><U51/><E124/><V112/><F112/><W135/><G135/><T72/><D72/><U32/><E32/><V4/><F4/><W10/><G65/><T34/><D34/><U96/><E115/><V126/><F126/><W30/><G30/><T131/><D131/><U100/><E134/><V128/><F128/><W17/><G68/><T19/><D5/><U24/><E24/><V86/><F86/><W89/><G17/><T7/><D7/><U23/><E23/><V40/><F87/><N who="3" m="52255" /><G0/><T14/><D14/><U108/><E108/><V97/><F43/><W129/><G129/><T83/><D84/><U50/><E130/><V38/><F38/><W18/><G1/><T75/><D75/><U25/><E25/><V21/><F21/><N who="3" m="11407" /><G18/><T98/><D102/><U22/><E22/><V90/><F103/><W62/><G62/><T111/><D111/><U91/><E39/><N who="2" m="21919" /><F66/><W78/><G78/><T3/><D3/><U69/><N who="1" m="12288" /><DORA hai="119" /><U79/><E69/><RYUUKYOKU ba="0,0" sc="272,10,203,-30,275,10,250,10" hai0="11,12,19,59,61,80,82,83,94,98,101,116,118" hai2="54,56,60,67,90,95,97" hai3="8,9,10,52,53,89,99" /><INIT seed="10,1,0,1,3,96" ten="282,173,285,260" oya="2" hai0="30,104,53,19,63,70,4,82,132,10,51,119,111" hai1="131,64,40,11,81,38,130,2,86,60,36,16,94" hai2="17,102,100,79,12,13,95,28,32,71,91,9,113" hai3="50,109,20,126,48,98,58,39,35,134,122,52,88"/><V112/><F71/><W69/><G35/><T87/><D111/><U42/><E94/><V8/><F79/><W76/><G39/><T125/><D104/><U62/><E2/><V120/><F120/><W135/><G69/><T18/><D132/><N who="3" m="50729" /><G126/><T129/><D125/><U97/><E97/><V57/><F113/><W26/><G76/><T27/><D119/><U72/><E72/><V85/><F112/><W80/><G122/><T1/><D129/><U44/><E42/><V110/><F110/><W123/><G123/><T93/><D93/><U114/><E38/><V55/><F28/><N who="3" m="17479" /><G109/><T56/><D70/><U103/><E114/><V22/><F32/><W77/><G98/><T66/><D66/><U89/><E103/><N who="2" m="39467" /><F13/><W3/><G3/><T75/><D75/><U116/><E116/><V68/><F68/><W121/><G77/><T107/><D107/><U46/><E46/><V14/><F14/><W0/><G0/><T67/><D67/><U15/><REACH who="1" step="1"/><E64/><REACH who="1" ten="282,163,285,260" step="2"/><V105/><F105/><W127/><G121/><T21/><D1/><U115/><E115/><V49/><AGARI ba="1,1" hai="8,9,12,17,22,49,55,57,85,91,95" m="39467" machi="49" ten="30,12000,1" yaku="25,1,8,1,52,3" doraHai="96" who="2" fromWho="2" sc="282,-41,163,-41,285,133,260,-41" owari="241,4.0,122,-38.0,418,52.0,219,-18.0" /></mjloggm>