<mjloggm ver="2.3"><GO type="169" lobby="0"/><UN n0="%E3%82%A6%E3%83%AB%E3%83%88%E3%83%A9%E7%AB%8B%E7%9B%B4" n1="%E3%80%93%E3%81%AF%E3%82%84%E3%81%95%E3%81%8B%E3%80%93" n2="%44%6F%72%61%6B%6F" n3="%E3%83%8B%E3%83%A3%E3%83%83%E3%83%94%E3%83%BC%E5%A4%8F%E7%9B%AE" dan="17,16,16,18" rate="2233.81,2116.96,2102.61,2256.87" sx="M,M,F,M"/><TAIKYOKU oya="0"/><INIT seed="0,0,0,1,2,123" ten="250,250,250,250" oya="0" hai0="15,9,14,10,73,113,96,38,7,37,30,99,107" hai1="45,53,19,106,108,92,126,31,116,114,16,90,109" hai2="2,40,43,11,41,23,46,48,131,27,75,26,72" hai3="35,67,84,125,44,132,100,63,64,120,42,133,101"/><T129/><D113/><U117/><E106/><V70/><F70/><W89/><G35/><T122/><D122/><U98/><E31/><V39/><F131/><W79/><G79/><T83/><D129/><U13/><E126/><V58/><F39/><W28/><G28/><T112/><D112/><U5/><E5/><V12/><F2/><W36/><G125/><T128/><D128/><U3/><E3/><V87/><F58/><N who="3" m="36983" /><G67/><T110/><D30/><U17/><E114/><V134/><F134/><N who="3" m="51819" /><G120/><T1/><D1/><U32/><E13/><V47/><F72/><W0/><G0/><T135/><D135/><U22/><E22/><V76/><F75/><W97/><G97/><T115/><D115/><U81/><E32/><V21/><F76/><W50/><G36/><T54/><D96/><U56/><E45/><N who="2" m="16907" /><F87/><W60/><G60/><T57/><D38/><U85/><E117/><V65/><F65/><W94/><AGARI ba="0,0" hai="42,44,50,84,89,94,100,101" m="51819,36983" machi="94" ten="30,1100,0" yaku="20,1" doraHai="123" who="3" fromWho="3" sc="250,-5,250,-3,250,-3,250,11" /><INIT seed="1,0,0,2,4,92" ten="245,247,247,261" oya="1" hai0="126,23,7,30,78,67,24,102,34,82,22,5,55" hai1="124,31,0,4,45,65,40,108,122,73,6,75,9" hai2="2,50,114,39,17,84,44,28,106,62,70,79,98" hai3="131,88,64,111,96,41,52,26,95,19,51,71,59"/><U89/><E122/><V66/><F114/><W100/><G111/><T109/><D67/><U105/><E6/><V63/><F2/><W113/><G113/><T57/><D109/><U38/><E108/><V20/><F28/><W3/><G3/><T48/><D126/><U101/><E89/><V125/><F125/><W135/><G135/><T46/><D34/><U49/><E49/><V56/><F39/><W61/><G131/><T43/><D23/><U130/><E130/><V99/><F106/><W74/><G74/><T37/><REACH who="0" step="1"/><D102/><REACH who="0" ten="235,247,247,261" step="2"/><U121/><E124/><V77/><F70/><W103/><G71/><T107/><D107/><U11/><E121/><V87/><F77/><W21/><G64/><T33/><D33/><U118/><E118/><V69/><F69/><W13/><G26/><T86/><AGARI ba="0,1" hai="5,7,22,24,30,37,43,46,48,55,57,78,82,86" machi="86" ten="20,5200,0" yaku="1,1,0,1,7,1,53,1" doraHai="92" doraHaiUra="72" who="0" fromWho="0" sc="235,62,247,-26,247,-13,261,-13" /><INIT seed="2,0,0,4,2,127" ten="297,221,234,248" oya="2" hai0="106,129,102,134,125,59,69,122,28,43,5,58,3" hai1="81,76,120,113,2,38,11,104,126,7,44,60,91" hai2="39,108,18,40,61,78,95,130,110,116,107,88,32" hai3="112,99,47,48,111,132,0,26,97,10,114,9,100"/><V45/><F116/><W74/><G74/><T16/><D69/><U133/><E113/><N who="3" m="43626" /><G111/><N who="2" m="42537" /><F107/><W121/><G132/><T63/><D59/><U46/><E126/><V27/><F78/><W51/><G121/><T128/><D28/><U117/><E117/><V73/><F73/><W90/><G0/><T35/><D35/><U54/><E104/><V17/><F61/><W8/><G26/><T14/><D43/><U80/><E38/><V75/><F75/><W103/><G90/><T30/><D30/><U21/><E120/><V66/><F66/><W82/><G82/><T55/><D122/><U68/><E133/><V22/><F32/><W86/><G86/><T29/><D134/><U84/><E21/><V70/><F18/><W119/><G119/><T37/><D125/><U4/><E4/><V34/><F34/><W6/><G6/><T41/><D29/><U96/><E96/><N who="3" m="36938" /><G47/><T62/><D62/><U89/><E89/><V94/><F70/><W87/><G87/><T124/><D124/><U65/><E54/><V23/><F23/><W79/><G79/><T19/><D106/><U71/><E71/><V31/><F31/><W98/><G98/><T42/><D19/><U12/><E2/><V24/><F24/><W105/><G105/><T83/><D3/><U57/><E68/><V93/><F88/><W131/><G131/><AGARI ba="0,0" hai="17,22,27,39,40,45,93,94,95,130,131" m="42537" machi="131" ten="40,12000,1" yaku="14,1,10,1,52,2" doraHai="127" who="2" fromWho="3" sc="297,0,221,0,234,120,248,-120" /><INIT seed="2,1,0,3,2,104" ten="297,221,354,128" oya="2" hai0="30,81,75,28,86,15,31,58,127,80,53,106,117" hai1="19,7,62,114,25,112,108,94,39,134,90,54,101" hai2="102,92,97,4,124,49,18,70,87,109,119,42,100" hai3="57,122,129,64,24,8,65,27,0,43,89,107,113"/><V96/><F70/><W131/><G107/><T52/><D106/><U5/><E39/><V115/><F119/><W98/><G122/><T118/><D127/><U83/><E134/><V2/><F115/><W133/><G133/><T41/><D41/><U48/><E108/><V51/><F124/><W9/><G43/><T37/><D15/><U59/><E101/><V14/><F109/><W3/><G57/><T68/><D37/><U120/><E120/><V10/><F87/><W32/><G98/><T66/><D66/><N who="3" m="25705" /><G89/><N who="0" m="51407" /><D68/><U111/><E111/><V23/><REACH who="2" step="1"/><F42/><REACH who="2" ten="297,221,344,128" step="2"/><W84/><G84/><T6/><D118/><U82/><E114/><V20/><F20/><W135/><G113/><T116/><D116/><U45/><E112/><V95/><AGARI ba="1,1" hai="2,4,10,14,18,23,49,51,92,95,96,97,100,102" machi="95" ten="20,12000,1" yaku="1,1,0,1,7,1,9,1,53,1" doraHai="104" doraHaiUra="35" who="2" fromWho="2" sc="297,-41,221,-41,344,133,128,-41" /><INIT seed="2,2,0,5,4,5" ten="256,180,477,87" oya="2" hai0="66,9,19,65,67,11,68,4,22,59,114,54,122" hai1="52,124,18,49,85,50,45,135,87,93,132,100,32" hai2="107,40,120,7,116,8,38,113,78,71,86,70,81" hai3="28,76,92,88,35,126,26,72,117,77,115,56,89"/><V110/><F113/><W130/><G117/><T84/><D122/><U64/><E32/><V27/><F116/><W112/><G130/><T41/><D114/><N who="3" m="43561" /><G126/><T12/><D41/><U36/><E36/><V103/><F120/><W128/><G128/><T118/><D118/><U121/><E124/><V102/><F27/><W74/><G56/><T47/><D47/><U16/><E64/><V106/><F110/><W57/><G57/><T43/><D43/><U95/><E121/><V13/><F38/><W44/><G44/><T133/><D133/><U10/><E45/><V29/><F29/><W30/><G30/><T53/><D68/><U75/><E75/><N who="3" m="28714" /><G89/><T79/><D4/><U31/><E31/><V123/><F123/><W109/><G109/><T98/><D54/><U80/><E52/><V0/><F40/><W94/><G92/><T131/><D131/><U25/><E100/><V104/><REACH who="2" step="1"/><F0/><REACH who="2" ten="256,180,467,87" step="2"/><W1/><G1/><T134/><D134/><U82/><E25/><V60/><F60/><W125/><G125/><T3/><D3/><U99/><E99/><AGARI ba="2,1" hai="26,28,35,76,77,88,94,99" m="28714,43561" machi="99" ten="30,2000,0" yaku="11,1,54,1" doraHai="5" who="3" fromWho="1" sc="256,0,180,-26,467,0,87,36" /><INIT seed="3,0,0,2,1,62" ten="256,154,467,123" oya="3" hai0="46,125,67,43,91,33,50,19,77,3,13,109,119" hai1="72,134,26,114,18,53,58,63,79,30,52,82,1" hai2="135,45,56,97,47,121,9,11,118,25,36,95,69" hai3="22,115,20,99,123,127,41,71,35,16,87,42,86"/><W57/><G115/><T84/><D3/><U120/><E120/><V100/><F69/><W124/><G71/><T15/><D33/><U4/><E114/><V73/><F118/><W98/><G35/><T117/><D109/><U38/><E38/><V75/><F135/><W34/><G34/><T48/><D125/><N who="3" m="48201" /><G57/><T68/><D77/><U133/><E18/><V76/><F121/><W37/><G123/><T110/><D110/><U122/><E122/><V85/><F56/><W128/><G128/><T70/><D15/><U44/><E4/><V116/><F25/><N who="3" m="14471" /><G22/><T24/><D24/><U21/><E1/><V130/><F116/><W92/><G99/><T32/><D32/><U17/><E30/><V2/><F130/><W28/><G28/><T129/><D129/><U96/><E96/><V5/><F9/><W51/><G37/><T27/><D27/><U7/><E7/><V90/><F36/><W54/><G41/><T113/><D113/><U108/><E108/><V131/><F131/><W0/><G0/><T49/><D70/><U81/><E81/><N who="2" m="45199" /><F75/><W126/><G126/><T10/><D119/><U103/><E103/><V107/><AGARI ba="0,0" hai="2,5,11,45,47,85,90,95,97,100,107" m="45199" machi="107" ten="30,1100,0" yaku="24,1" doraHai="62" who="2" fromWho="2" sc="256,-3,154,-3,467,11,123,-5" /><INIT seed="4,0,0,3,4,130" ten="253,151,478,118" oya="0" hai0="55,118,58,46,74,19,103,26,116,69,85,93,98" hai1="114,87,36,89,126,133,84,99,31,94,29,27,44" hai2="45,71,41,76,73,42,104,70,86,2,8,81,21" hai3="122,92,40,65,108,1,68,123,88,106,62,64,4"/><T124/><D69/><U101/><E126/><V47/><F21/><W16/><G108/><T20/><D74/><U132/><E31/><V72/><F86/><W18/><G106/><T75/><D75/><U13/><E13/><V90/><F90/><W125/><G65/><T63/><D124/><U128/><E128/><V112/><F104/><W127/><G40/><T96/><D85/><U134/><E114/><V91/><F91/><W113/><G113/><T0/><D0/><U39/><E44/><V119/><F119/><W34/><G34/><T32/><D32/><N who="1" m="20543" /><E87/><V78/><F112/><W12/><G1/><T107/><D46/><U48/><E48/><V129/><F129/><W3/><G3/><T38/><D38/><U110/><E110/><V10/><F2/><W57/><G57/><T56/><D56/><U82/><AGARI ba="0,0" hai="36,39,82,84,89,94,99,101,132,133,134" m="20543" machi="82" ten="30,7900,0" yaku="20,1,52,3" doraHai="130" who="1" fromWho="1" sc="253,-39,151,79,478,-20,118,-20" /><INIT seed="5,0,0,3,2,128" ten="214,230,458,98" oya="1" hai0="104,112,28,119,80,37,15,90,125,19,3,102,97" hai1="4,123,9,83,75,61,94,95,10,31,58,121,98" hai2="44,16,25,116,93,127,105,91,99,52,77,122,7" hai3="82,133,81,45,2,87,54,11,51,13,84,46,124"/><U17/><E95/><V106/><F116/><W73/><G124/><T108/><D3/><U18/><E31/><V79/><F122/><W47/><G2/><T1/><D1/><U60/><E60/><V126/><F7/><W35/><G35/><T43/><D108/><U107/><E107/><V130/><F130/><W48/><G73/><T42/><D119/><U63/><E63/><V22/><F105/><W103/><G103/><T72/><D28/><U40/><E40/><V96/><F96/><W86/><G133/><T109/><D109/><U39/><E39/><V23/><F106/><W62/><G62/><T100/><D100/><U101/><E10/><V117/><F117/><W57/><REACH who="3" step="1"/><G51/><REACH who="3" ten="214,230,458,88" step="2"/><T36/><D125/><U114/><E123/><V110/><F126/><W59/><G59/><T66/><D37/><U53/><E121/><V14/><F127/><W33/><G33/><T21/><D36/><U24/><E58/><V38/><F110/><W67/><G67/><T132/><D66/><U70/><E61/><V27/><F38/><W135/><G135/><T74/><D132/><U8/><E101/><V55/><F14/><W88/><G88/><T34/><D34/><U32/><E75/><V12/><F12/><W68/><G68/><T56/><D74/><U76/><E32/><V118/><F118/><W115/><G115/><T131/><D112/><U64/><E64/><V134/><F134/><W30/><G30/><T26/><D72/><U85/><E114/><V65/><F65/><W120/><G120/><T20/><D56/><U71/><E70/><V92/><F91/><RYUUKYOKU ba="0,1" sc="214,-10,230,-10,458,-10,88,30" hai3="11,13,45,46,47,48,54,57,81,82,84,86,87" /><INIT seed="6,1,1,5,2,131" ten="204,220,448,118" oya="2" hai0="5,2,72,76,15,94,8,70,120,99,53,103,58" hai1="82,64,79,112,111,130,66,34,80,122,133,17,98" hai2="35,13,100,22,46,69,47,10,90,4,126,19,104" hai3="38,20,1,96,11,65,132,26,37,40,36,59,63"/><V106/><F69/><W49/><G96/><T57/><D70/><U68/><E111/><V88/><F35/><W129/><G129/><T117/><D120/><U113/><E34/><V67/><F67/><W109/><G109/><T25/><D117/><U29/><E29/><V92/><F126/><W74/><G74/><T121/><D121/><U55/><E130/><V31/><F31/><W33/><G33/><T77/><D2/><U12/><E122/><V18/><F104/><W108/><G108/><T48/><D72/><U32/><E32/><V107/><F107/><W45/><G11/><T27/><D58/><U124/><E124/><V23/><F100/><W54/><G1/><T127/><D127/><U61/><E66/><V81/><F81/><W97/><G97/><T110/><D110/><U16/><E98/><N who="2" m="57607" /><F90/><W41/><G20/><N who="2" m="7721" /><F106/><W75/><G26/><AGARI ba="1,1" hai="5,8,15,25,26,27,48,53,57,76,77,94,99,103" machi="26" ten="40,1300,0" yaku="8,1" doraHai="131" who="0" fromWho="3" sc="204,26,220,0,448,0,118,-16" /><INIT seed="7,0,0,3,4,126" ten="230,220,448,102" oya="3" hai0="48,130,8,16,44,56,42,105,121,22,107,47,51" hai1="52,71,80,13,129,30,12,14,27,117,79,116,81" hai2="94,76,50,68,23,54,119,110,134,43,82,18,97" hai3="4,15,40,60,45,75,114,36,101,103,73,131,58"/><W11/><G114/><T90/><D130/><U124/><E129/><V33/><F68/><W127/><G131/><T120/><D8/><U125/><E71/><V99/><F33/><W66/><REACH who="3" step="1"/><G127/><REACH who="3" ten="230,220,448,92" step="2"/><N who="1" m="48714" /><E52/><V62/><F54/><W115/><G115/><T53/><D121/><U26/><E26/><V95/><F119/><N who="1" m="45641" /><E79/><V24/><F76/><W17/><G17/><T108/><D120/><U88/><E88/><V93/><F18/><W1/><G1/><T98/><D90/><U7/><E7/><V37/><F24/><W70/><G70/><T92/><D16/><U122/><E122/><V9/><F99/><W19/><G19/><T91/><D98/><U28/><E28/><V39/><F97/><W128/><G128/><T113/><D91/><U106/><E106/><V55/><F55/><W86/><G86/><T78/><D53/><U32/><AGARI ba="0,1" hai="12,13,14,27,30,32,80,81" m="45641,48714" machi="32" ten="40,2700,0" yaku="18,1,12,1" doraHai="126" who="1" fromWho="1" sc="230,-7,220,37,448,-7,92,-13" owari="223,-18.0,257,6.0,441,54.0,79,-42.0" /></mjloggm>