<mjloggm ver="2.3"><GO type="169" lobby="0"/><UN n0="%E2%80%A0%E3%81%BE%E3%83%BC%E5%9D%8A%E2%80%A0" n1="%62%61%72%61%61%64%6F" n2="%E3%81%B5%E3%81%8B%E3%81%A4%E3%81%81%E3%83%BC" n3="%E3%82%A6%E3%83%AB%E3%83%88%E3%83%A9%E7%AB%8B%E7%9B%B4" dan="18,16,16,16" rate="2238.18,2103.30,2132.26,2100.90" sx="M,M,M,M"/><TAIKYOKU oya="0"/><INIT seed="0,0,0,2,5,21" ten="250,250,250,250" oya="0" hai0="58,116,87,126,75,132,128,109,105,11,70,85,30" hai1="93,12,1,48,56,125,20,7,29,122,129,120,79" hai2="71,59,8,82,66,35,94,33,45,77,67,51,102" hai3="130,10,23,84,131,88,25,99,15,89,107,41,124"/><T83/><D116/><U135/><E125/><V76/><F71/><W40/><G124/><T86/><D70/><U117/><E117/><V55/><F8/><W46/><G107/><T114/><D126/><U19/><E135/><V106/><F106/><W64/><G64/><T53/><D105/><U24/><E129/><N who="3" m="49162" /><G99/><T22/><D128/><U60/><E79/><V4/><F4/><N who="3" m="3527" /><G84/><T98/><D114/><U9/><E48/><V100/><F51/><N who="3" m="27079" /><G41/><T118/><D118/><U39/><E93/><V43/><F94/><W110/><G110/><T119/><D119/><U44/><E44/><V134/><F45/><W61/><G61/><T50/><D132/><U17/><E39/><V72/><F43/><W49/><G49/><T92/><D109/><U63/><E17/><AGARI ba="0,0" hai="17,23,25,88,89" m="27079,3527,49162" machi="17" ten="30,3900,0" yaku="19,1,52,1,54,1" doraHai="21" who="3" fromWho="1" sc="250,0,250,-39,250,0,250,39" /><INIT seed="1,0,0,0,5,27" ten="250,211,250,289" oya="1" hai0="104,11,122,134,127,101,71,49,32,4,20,8,83" hai1="54,43,10,130,135,9,112,95,34,102,131,67,133" hai2="66,7,64,58,79,16,48,94,51,73,14,6,30" hai3="111,70,120,77,38,113,60,21,0,116,31,39,40"/><U44/><E112/><V99/><F73/><W125/><G21/><T62/><D127/><U55/><E34/><V126/><F79/><W103/><G103/><T129/><D129/><N who="1" m="49163" /><E102/><V124/><F6/><W41/><G77/><T98/><D134/><N who="1" m="51211" /><E95/><V96/><F7/><W87/><G87/><T100/><D100/><U86/><E86/><V123/><F123/><W117/><G0/><T25/><D122/><U17/><E67/><V80/><F80/><W81/><G81/><T109/><D109/><U92/><E92/><V52/><F94/><W19/><G111/><T82/><D32/><U42/><E17/><V128/><F128/><W53/><G19/><T50/><D83/><U47/><E54/><V63/><F16/><W91/><G53/><T35/><D82/><U97/><E97/><V37/><F96/><W22/><G113/><T56/><D35/><U121/><E121/><V89/><F99/><W68/><G120/><T36/><D98/><U59/><E59/><V72/><F58/><W3/><G91/><T24/><D56/><U69/><E55/><V76/><F52/><W18/><G18/><T108/><D101/><U57/><E57/><V5/><F89/><W33/><G33/><T13/><D108/><U114/><E69/><V12/><F66/><W15/><G70/><T78/><D71/><U110/><E110/><V84/><F64/><W119/><G68/><T46/><D78/><U28/><E28/><V105/><F30/><W45/><G31/><T85/><D85/><U1/><E114/><V88/><F84/><W75/><G75/><T29/><D29/><RYUUKYOKU ba="0,0" sc="250,0,211,0,250,0,289,0" /><INIT seed="2,1,0,1,5,57" ten="250,211,250,289" oya="2" hai0="51,80,34,45,72,125,17,16,55,21,103,77,100" hai1="106,15,1,32,73,9,92,96,118,54,39,116,30" hai2="84,49,82,85,47,135,126,56,129,24,69,50,46" hai3="124,97,107,52,59,93,65,95,58,134,29,44,119"/><V28/><F69/><W3/><G119/><T42/><D34/><U133/><E1/><V105/><F105/><W33/><G3/><T27/><D125/><U81/><E106/><V113/><F113/><W7/><G124/><T76/><D76/><U74/><E133/><V35/><F126/><W87/><G7/><T25/><REACH who="0" step="1"/><D42/><REACH who="0" ten="240,211,250,289" step="2"/><U109/><E32/><V86/><F35/><W90/><G33/><T115/><D115/><U2/><E116/><V127/><F127/><W114/><G114/><T130/><D130/><U68/><E118/><V6/><F129/><W117/><G134/><T60/><D60/><U43/><E43/><V40/><F40/><W101/><G117/><T26/><D26/><U111/><E109/><V128/><F24/><W83/><G29/><T110/><D110/><U132/><E30/><V48/><F28/><W63/><G44/><T104/><D104/><U89/><E111/><V31/><F135/><W123/><G123/><T8/><D8/><U91/><E132/><V11/><F128/><W4/><G4/><T120/><D120/><U20/><E9/><V131/><F131/><W36/><G36/><T88/><D88/><U12/><E39/><V61/><F31/><W10/><G10/><T99/><D99/><U41/><E41/><V102/><F47/><W23/><G23/><AGARI ba="1,1" hai="16,17,21,23,25,27,45,51,55,72,77,80,100,103" machi="23" ten="40,8000,1" yaku="1,1,9,1,54,1,53,2" doraHai="57" doraHaiUra="19" who="0" fromWho="3" sc="240,93,211,0,250,0,289,-83" /><INIT seed="3,0,0,2,5,63" ten="333,211,250,206" oya="3" hai0="129,26,71,31,99,23,89,69,49,21,27,18,46" hai1="118,84,2,29,61,14,37,41,73,20,135,128,116" hai2="33,3,57,78,79,55,102,115,47,117,30,19,133" hai3="98,66,53,82,77,107,42,108,13,104,62,83,59"/><W50/><G108/><T81/><D129/><U38/><E73/><V119/><F115/><W124/><G124/><T123/><D123/><U106/><E128/><V39/><F3/><W93/><G42/><T111/><D111/><U70/><E2/><V11/><F133/><W113/><G13/><T75/><D75/><U15/><E106/><V28/><F102/><W58/><G113/><T72/><D72/><U36/><E135/><V100/><F100/><W134/><G134/><T45/><D45/><U90/><E41/><V12/><F47/><W87/><REACH who="3" step="1"/><G83/><REACH who="3" ten="333,211,250,196" step="2"/><T91/><D81/><U76/><E116/><V112/><F12/><W67/><G67/><T24/><D24/><U52/><E118/><V96/><F112/><W1/><G1/><T94/><D89/><AGARI ba="0,1" hai="50,53,58,59,62,66,77,82,87,89,93,98,104,107" machi="89" ten="30,5800,0" yaku="1,1,7,1,52,1,53,0" doraHai="63" doraHaiUra="120" who="3" fromWho="0" sc="333,-58,211,0,250,0,196,68" /><INIT seed="3,1,0,1,1,30" ten="275,211,250,264" oya="3" hai0="64,41,65,108,100,79,20,112,31,131,76,96,22" hai1="7,91,33,128,2,11,3,1,44,45,70,24,71" hai2="115,93,116,34,92,105,39,80,130,119,107,95,5" hai3="117,89,111,113,122,106,29,32,97,16,27,134,133"/><W40/><G122/><T67/><D108/><U81/><E128/><V12/><F39/><W51/><G117/><N who="2" m="45129" /><F12/><W68/><G68/><T125/><D131/><U23/><E70/><V59/><F130/><W43/><G113/><T26/><D125/><U21/><E71/><V135/><F59/><W63/><G63/><T74/><D112/><U75/><E45/><V25/><F5/><W73/><G73/><T47/><D74/><U14/><E44/><V57/><F57/><W10/><G51/><T83/><D83/><U58/><E58/><V72/><F115/><W85/><G111/><T36/><REACH who="0" step="1"/><D20/><REACH who="0" ten="265,211,250,264" step="2"/><U42/><E75/><V0/><F80/><W19/><G133/><T78/><D78/><U127/><E127/><V13/><F72/><W110/><G134/><T6/><D6/><U99/><E81/><V61/><F135/><W121/><G110/><T86/><D86/><U48/><E23/><V46/><F107/><AGARI ba="1,1" hai="22,26,31,36,41,47,64,65,67,76,79,96,100,107" machi="107" ten="40,1300,0" yaku="1,1,53,0" doraHai="30" doraHaiUra="52" who="0" fromWho="2" sc="265,26,211,0,250,-16,264,0" /><INIT seed="4,0,0,2,4,72" ten="291,211,234,264" oya="0" hai0="17,48,63,70,54,13,103,15,41,34,93,46,45" hai1="92,128,50,19,53,57,59,115,74,76,106,24,125" hai2="85,29,11,98,81,16,130,60,91,102,64,100,27" hai3="32,101,44,33,8,132,66,2,26,28,77,20,51"/><T67/><D34/><U82/><E125/><V120/><F130/><W68/><G101/><T108/><D108/><U75/><E128/><V95/><F120/><W58/><G68/><T133/><D133/><U109/><E109/><V122/><F122/><W52/><G132/><T78/><D17/><U18/><E106/><V129/><F129/><W123/><G123/><T12/><D103/><U3/><E3/><V134/><F134/><W114/><G114/><T37/><REACH who="0" step="1"/><D93/><REACH who="0" ten="281,211,234,264" step="2"/><U131/><E92/><V43/><F102/><W135/><G135/><T84/><D84/><U87/><E131/><V10/><F16/><W56/><G33/><T88/><D88/><U30/><E115/><V40/><F100/><W107/><G32/><T83/><D83/><U90/><E18/><V61/><F81/><W22/><G107/><T119/><D119/><U113/><E19/><V112/><F85/><W124/><G124/><T7/><D7/><U35/><E113/><V4/><F112/><W71/><G28/><T6/><D6/><U79/><E90/><V65/><F4/><W89/><G89/><T47/><D47/><U14/><E79/><AGARI ba="0,1" hai="12,13,15,37,41,45,46,48,54,63,67,70,78,79" machi="79" ten="40,7700,0" yaku="1,1,52,2,53,0" doraHai="72" doraHaiUra="21" who="0" fromWho="1" sc="281,87,211,-77,234,0,264,0" /><INIT seed="4,1,0,5,2,18" ten="368,134,234,264" oya="0" hai0="63,48,130,32,20,31,117,6,108,40,96,131,30" hai1="56,71,45,122,100,94,80,16,24,126,43,82,42" hai2="54,0,11,97,46,116,72,3,113,66,120,121,103" hai3="106,104,22,74,47,35,61,7,107,123,9,83,59"/><T127/><D117/><U13/><E122/><V86/><F72/><W4/><G35/><T124/><D63/><U5/><E126/><N who="0" m="48169" /><D96/><U60/><E71/><V92/><F113/><W78/><G123/><T19/><D40/><U91/><E100/><V14/><F116/><W119/><G119/><T70/><D70/><U68/><E68/><V64/><F86/><W76/><G76/><T51/><D32/><U29/><E5/><V73/><F73/><W125/><G125/><T28/><D108/><U44/><E24/><V8/><F3/><W37/><G37/><T118/><D6/><U135/><E29/><V52/><F97/><W115/><G115/><T27/><D118/><U2/><E2/><V132/><F0/><W34/><G34/><T17/><D17/><U23/><E135/><V10/><F103/><W89/><G4/><T101/><D101/><U81/><E43/><V109/><F109/><W134/><G7/><T84/><D84/><N who="1" m="52583" /><E42/><V105/><F132/><W21/><G134/><T128/><AGARI ba="1,0" hai="19,20,27,28,30,31,48,51,128,130,131" m="48169" machi="128" ten="40,7800,0" yaku="19,1,18,1,52,1" doraHai="18" who="0" fromWho="0" sc="368,81,134,-27,234,-27,264,-27" /><INIT seed="4,2,0,2,2,108" ten="449,107,207,237" oya="0" hai0="26,127,106,87,81,128,65,114,68,97,112,104,98" hai1="90,125,88,67,42,124,135,110,119,62,40,129,123" hai2="44,66,60,24,56,89,10,31,109,43,73,41,133" hai3="63,121,59,100,57,15,51,5,3,54,131,58,78"/><T77/><D128/><U50/><E110/><V33/><F109/><W72/><G3/><T117/><D26/><U130/><E119/><V94/><F133/><W38/><G100/><T80/><D117/><U22/><E123/><V35/><F73/><W86/><G72/><N who="0" m="43047" /><D65/><U52/><E135/><V29/><F10/><N who="3" m="4559" /><G38/><T45/><D45/><N who="1" m="27727" /><E22/><V91/><F89/><N who="1" m="34409" /><E42/><V25/><REACH who="2" step="1"/><F44/><REACH who="2" ten="449,107,197,237" step="2"/><W37/><G121/><T92/><D127/><N who="1" m="48715" /><E40/><V120/><F120/><W4/><G131/><T18/><D98/><AGARI ba="2,1" hai="24,25,29,31,33,35,41,43,56,60,66,91,94,98" machi="98" ten="30,3900,0" yaku="1,1,7,1,9,1,53,0" doraHai="108" doraHaiUra="11" who="2" fromWho="0" sc="449,-45,107,0,197,55,237,0" /><INIT seed="5,0,0,5,2,79" ten="404,107,252,237" oya="1" hai0="21,90,39,70,35,77,86,98,26,129,6,63,57" hai1="125,119,48,43,88,113,110,18,23,9,40,115,14" hai2="72,24,44,123,121,65,32,67,89,104,128,71,131" hai3="83,93,17,75,56,87,29,84,62,54,105,106,96"/><U80/><E119/><V120/><F72/><W1/><G1/><T130/><D39/><U85/><E125/><V20/><F32/><W108/><G108/><T2/><D70/><U109/><E23/><V91/><F104/><W11/><G29/><T59/><D35/><U64/><E64/><N who="2" m="24651" /><F44/><W30/><G30/><T103/><D77/><U107/><E107/><V45/><F45/><W22/><G11/><T73/><D73/><U33/><E33/><V19/><F71/><W76/><G106/><T31/><D6/><U132/><E132/><V41/><F41/><N who="1" m="15945" /><E48/><V60/><F60/><W127/><G105/><N who="0" m="63735" /><D63/><U82/><E82/><V55/><F55/><W13/><REACH who="3" step="1"/><G127/><REACH who="3" ten="404,107,252,227" step="2"/><T34/><D2/><U27/><E27/><V74/><F24/><W116/><G116/><T50/><D34/><U118/><E118/><V114/><F123/><W5/><G5/><T36/><D26/><U53/><E53/><V94/><F121/><W101/><AGARI ba="0,1" hai="13,17,22,54,56,62,75,76,83,84,87,93,96,101" machi="101" ten="20,8000,1" yaku="1,1,0,1,7,1,52,1,53,1" doraHai="79" doraHaiUra="58" who="3" fromWho="3" sc="404,-20,107,-40,252,-20,227,90" /><INIT seed="6,0,0,5,5,53" ten="384,67,232,317" oya="2" hai0="81,41,70,40,117,43,80,76,50,92,101,32,113" hai1="100,99,124,26,51,56,67,134,86,133,46,34,84" hai2="96,6,82,107,15,2,55,65,102,88,62,13,0" hai3="103,25,1,23,54,71,131,5,105,73,115,64,106"/><V120/><F120/><W37/><G37/><T104/><D70/><U27/><E124/><V83/><F55/><W93/><G73/><T94/><D32/><U12/><E12/><V72/><F83/><W30/><G1/><T63/><D113/><U122/><E122/><V49/><F49/><W8/><G131/><T123/><D123/><U112/><E112/><V66/><F66/><W44/><G115/><T125/><D125/><U18/><E27/><V19/><F6/><W11/><G71/><T121/><D81/><U110/><E110/><V10/><F15/><W126/><G64/><T28/><D117/><U17/><E34/><V60/><F60/><W108/><G108/><T111/><D111/><U35/><E35/><V48/><F48/><W21/><G126/><T36/><D36/><U95/><E133/><V38/><F38/><W97/><G23/><T31/><D50/><U58/><E134/><V116/><F116/><W132/><G132/><T16/><D63/><U4/><E4/><V74/><F74/><W68/><G68/><T130/><D130/><U77/><E67/><V33/><F33/><W69/><G69/><T7/><D7/><U118/><E118/><V79/><REACH who="2" step="1"/><F88/><REACH who="2" ten="384,67,222,317" step="2"/><W29/><G54/><T128/><D121/><U119/><E119/><V127/><F127/><W39/><G39/><T42/><D42/><N who="1" m="25047" /><E77/><V91/><F91/><W109/><G5/><T85/><D76/><U78/><E78/><V90/><F90/><W52/><G109/><T14/><D14/><U129/><E129/><V75/><F75/><W135/><G135/><T57/><D128/><RYUUKYOKU ba="0,1" sc="384,-10,67,-10,222,30,317,-10" hai2="0,2,10,13,19,62,65,72,79,82,96,102,107" /><INIT seed="6,1,1,3,0,79" ten="374,57,252,307" oya="2" hai0="36,2,72,18,59,135,20,61,31,89,23,63,119" hai1="54,118,124,40,86,66,25,9,34,8,129,120,95" hai2="68,45,37,133,115,48,109,128,80,134,44,104,55" hai3="27,3,81,39,73,64,65,50,93,35,11,60,22"/><V47/><F104/><W112/><G35/><T42/><D2/><U100/><E118/><V88/><F68/><W6/><G39/><T110/><D110/><U49/><E124/><V77/><F109/><W53/><G112/><T130/><D72/><U41/><E129/><V26/><F115/><W123/><G123/><T97/><D130/><U10/><E120/><V51/><F128/><W67/><G93/><T78/><D78/><U125/><E125/><V30/><F37/><W99/><G99/><T92/><D135/><N who="2" m="51722" /><F55/><W127/><G127/><T108/><D108/><U12/><E66/><V13/><F13/><W94/><G94/><T105/><D119/><U102/><E34/><N who="2" m="20823" /><F88/><W75/><G60/><T113/><D105/><U126/><E126/><V71/><F71/><W87/><G53/><T83/><D63/><U52/><E25/><V19/><F19/><W43/><G50/><T76/><D113/><U1/><E1/><V116/><F116/><W132/><G43/><T58/><D42/><U106/><E106/><V122/><F122/><W74/><G132/><T90/><D36/><U16/><E100/><V91/><F91/><N who="3" m="51695" /><G67/><T33/><D61/><U56/><E54/><V101/><F101/><W114/><G114/><T82/><D90/><N who="1" m="53719" /><E102/><V28/><F28/><N who="3" m="17527" /><G65/><T103/><D103/><U111/><E111/><V69/><F69/><W70/><G64/><T117/><D117/><U5/><E5/><V4/><F4/><W0/><G0/><T96/><D96/><U62/><E62/><V57/><F57/><W121/><G70/><T98/><D98/><U15/><E15/><RYUUKYOKU ba="1,1" sc="374,-30,57,10,252,10,307,10" hai1="8,9,10,12,16,40,41,49,52,56" hai2="44,45,47,48,51,77,80" hai3="3,6,11,73,74,75,121" /><INIT seed="6,2,1,1,0,122" ten="344,67,262,317" oya="2" hai0="56,38,84,69,96,124,64,114,40,19,117,115,18" hai1="23,88,91,129,28,67,99,3,66,52,86,2,111" hai2="92,135,54,97,95,22,50,121,39,104,128,110,101" hai3="26,15,73,74,62,71,12,42,75,82,105,57,33"/><V45/><F121/><W125/><G71/><T113/><D69/><U133/><E99/><V35/><F35/><W120/><G120/><T51/><D117/><U123/><E123/><V63/><F135/><W130/><G105/><T17/><D124/><U127/><E127/><V6/><F128/><W80/><G125/><T14/><D38/><U79/><E79/><V58/><F6/><W77/><G42/><T94/><D84/><U47/><E133/><V24/><F39/><W5/><G130/><T100/><D64/><U132/><E132/><V32/><F32/><W65/><G5/><T11/><D56/><U30/><E129/><V93/><F110/><W4/><G4/><T20/><D20/><U61/><E111/><V0/><F0/><W27/><G27/><T53/><D53/><U60/><E23/><V89/><F89/><W126/><G126/><T112/><N who="0" m="28672" /><DORA hai="49" /><T43/><D43/><U83/><E91/><V68/><F68/><W59/><G59/><T81/><D81/><U108/><E108/><V1/><F1/><W72/><REACH who="3" step="1"/><G82/><REACH who="3" ten="344,67,262,307" step="2"/><T119/><REACH who="0" step="1"/><D119/><REACH who="0" ten="334,67,262,307" step="2"/><U7/><E7/><V85/><F85/><W48/><G48/><T44/><AGARI ba="2,3" hai="11,14,17,18,19,40,44,51,94,96,100" m="28672" machi="44" ten="60,8000,1" yaku="1,1,2,1,0,1,15,1,53,0" doraHai="122,49" doraHaiUra="25,102" who="0" fromWho="0" sc="334,116,67,-22,262,-42,307,-22" /><INIT seed="7,0,0,0,2,105" ten="450,45,220,285" oya="3" hai0="110,95,34,0,73,79,118,94,86,3,71,122,51" hai1="59,82,1,50,135,23,12,88,92,99,96,24,123" hai2="108,67,129,14,134,25,77,47,35,126,9,42,93" hai3="69,104,48,26,6,74,124,32,132,54,102,91,107"/><W18/><G6/><T116/><D110/><U60/><E123/><V13/><F108/><W65/><G91/><T7/><D122/><U61/><E135/><V84/><F134/><W43/><G43/><T121/><D121/><U37/><E37/><V100/><F129/><W76/><G18/><T90/><D71/><U72/><E1/><V68/><F126/><W10/><G10/><T75/><D34/><U133/><E133/><V16/><F68/><W103/><G132/><T11/><D73/><U20/><E12/><V5/><F67/><W115/><G115/><T17/><D0/><U56/><E50/><V101/><F35/><W45/><G124/><T130/><D130/><U39/><E39/><V62/><F62/><W64/><G69/><T27/><D94/><U125/><E125/><V38/><F25/><W112/><G112/><T98/><D98/><U63/><E96/><V30/><F30/><N who="3" m="19543" /><G64/><T57/><D51/><U85/><E72/><V52/><F52/><W31/><G31/><T58/><D58/><U120/><E120/><V119/><F119/><W66/><G66/><T49/><D57/><U111/><E111/><V81/><REACH who="2" step="1"/><F93/><REACH who="2" ten="450,45,210,285" step="2"/><W89/><G65/><T19/><D116/><U55/><E59/><V2/><F2/><W87/><G107/><T127/><D118/><U117/><E117/><V22/><AGARI ba="0,1" hai="5,9,13,14,16,22,38,42,47,77,81,84,100,101" machi="22" ten="20,5200,0" yaku="1,1,0,1,7,1,54,1,53,0" doraHai="105" doraHaiUra="109" who="2" fromWho="2" sc="450,-13,45,-13,210,62,285,-26" owari="437,54.0,32,-47.0,272,7.0,259,-14.0" /></mjloggm>