<mjloggm ver="2.3"><GO type="169" lobby="0"/><UN n0="%E3%81%82%E3%81%B2%E3%82%8B%E3%81%95%E3%82%93" n1="%E3%83%88%E3%83%88%E3%83%AA%E5%85%88%E7%94%9F%31%39%E6%AD%B3" n2="%78%E3%83%AB%E3%83%AB%78" n3="%4C%61%73%6B%26%59%75" dan="16,18,16,16" rate="2060.41,2204.53,2066.22,2151.06" sx="M,F,M,M"/><TAIKYOKU oya="0"/><INIT seed="0,0,0,1,0,72" ten="250,250,250,250" oya="0" hai0="103,28,116,123,106,119,120,2,129,3,38,73,54" hai1="8,42,97,27,79,16,117,39,128,95,127,93,110" hai2="67,25,90,77,108,7,41,45,135,6,55,83,62" hai3="112,130,53,48,52,98,100,1,5,126,32,22,70"/><T75/><D54/><U63/><E117/><N who="0" m="45129" /><D28/><U20/><E128/><V50/><F90/><W34/><G70/><T102/><D38/><U101/><E127/><V36/><F135/><W59/><G112/><T82/><D129/><U60/><E110/><V51/><F25/><W85/><G130/><T37/><D37/><U4/><E93/><V96/><F108/><W132/><G132/><T89/><D89/><U12/><REACH who="1" step="1"/><E79/><REACH who="1" ten="250,240,250,250" step="2"/><V91/><F77/><W65/><G126/><T88/><D106/><U13/><E13/><V124/><F124/><W61/><G1/><T84/><D2/><U64/><E64/><V47/><F67/><W109/><G65/><T92/><D3/><U15/><E15/><V23/><F96/><W57/><G109/><T121/><D92/><U30/><E30/><V113/><F113/><W69/><G69/><T133/><D133/><U26/><E26/><V14/><F14/><W56/><G34/><T131/><D131/><U78/><E78/><V21/><F91/><W11/><G32/><T43/><D43/><U9/><E9/><V114/><F41/><W31/><G31/><T111/><D111/><U115/><E115/><V86/><F114/><W122/><G11/><T104/><D104/><U125/><E125/><V118/><F118/><W49/><G122/><T87/><D87/><U0/><E0/><V46/><F86/><W71/><G85/><T10/><D10/><U18/><E18/><V80/><F21/><W29/><G22/><T134/><D134/><U105/><E105/><V66/><F23/><W44/><G29/><T68/><D68/><RYUUKYOKU ba="0,1" sc="250,15,240,15,250,-15,250,-15" hai0="73,75,82,84,88,102,103,120,121,123" hai1="4,8,12,16,20,27,39,42,60,63,95,97,101" /><INIT seed="0,1,1,0,0,116" ten="265,255,235,235" oya="0" hai0="14,102,29,104,2,96,39,13,94,37,58,3,72" hai1="95,115,44,70,79,56,100,47,108,127,123,97,50" hai2="122,82,9,64,124,84,48,65,98,114,132,20,125" hai3="8,4,60,31,69,34,51,88,6,89,24,119,110"/><T21/><D72/><U16/><E70/><V117/><F114/><W68/><G119/><T99/><D14/><U101/><E123/><V75/><F117/><W54/><G110/><T23/><D21/><U27/><E108/><V111/><F75/><W92/><G60/><T7/><D39/><U30/><E127/><V90/><F122/><W46/><G4/><T73/><D37/><U52/><E115/><V83/><F111/><W33/><G33/><T113/><D113/><U22/><E79/><V131/><F83/><W81/><G81/><T76/><D76/><U11/><E101/><V91/><F131/><W15/><REACH who="3" step="1"/><G89/><REACH who="3" ten="265,255,235,225" step="2"/><T80/><D80/><U19/><E11/><V105/><F9/><W5/><G5/><T59/><D7/><U10/><E10/><V32/><F32/><W35/><G35/><T17/><D2/><U107/><E107/><V62/><F91/><W93/><G93/><T120/><D3/><U77/><E77/><V128/><F124/><W25/><G25/><T112/><D112/><U126/><E126/><V106/><F106/><W71/><G71/><T74/><D104/><U42/><REACH who="1" step="1"/><E47/><REACH who="1" ten="265,245,235,225" step="2"/><V40/><F125/><W63/><G63/><AGARI ba="1,3" hai="16,19,22,27,30,42,44,50,52,56,63,95,97,100" machi="63" ten="30,12000,2" yaku="1,1,2,1,7,1,8,1,54,2,53,0" doraHai="116" doraHaiUra="109" who="1" fromWho="3" sc="265,0,245,153,235,0,225,-123" /><INIT seed="1,0,0,4,2,77" ten="265,398,235,102" oya="1" hai0="115,5,95,104,85,33,8,113,91,71,89,114,13" hai1="87,66,11,69,6,75,119,106,57,18,21,55,94" hai2="9,83,61,110,31,86,99,25,78,135,19,81,124" hai3="45,73,96,117,29,51,92,123,10,107,80,118,108"/><U53/><E119/><N who="3" m="45578" /><G29/><T15/><D104/><U70/><E75/><V28/><F110/><W72/><G10/><T46/><D71/><U32/><E106/><V126/><F135/><W63/><G63/><T88/><D33/><U38/><E38/><V17/><F61/><W4/><G4/><T93/><D46/><U121/><E32/><V65/><F65/><W90/><G123/><T24/><D24/><U134/><E121/><V111/><F111/><W112/><G112/><T3/><REACH who="0" step="1"/><D89/><REACH who="0" ten="255,398,235,102" step="2"/><U79/><E70/><V127/><F25/><W44/><G107/><T1/><D1/><U23/><E69/><V60/><F127/><W102/><G108/><T130/><D130/><U16/><E134/><V56/><F126/><W97/><G44/><T49/><D49/><U0/><E0/><V98/><F124/><W54/><G45/><T67/><D67/><U22/><E66/><V40/><F40/><W131/><G131/><T12/><D12/><N who="1" m="5239" /><E53/><V35/><F35/><W30/><G54/><T52/><D52/><U125/><E125/><V27/><F27/><W76/><G51/><T128/><D128/><U122/><E122/><V47/><F47/><W7/><G30/><T109/><D109/><U129/><E129/><V43/><F31/><W133/><G133/><T48/><D48/><U26/><E26/><V2/><F28/><W41/><G41/><T84/><AGARI ba="0,1" hai="3,5,8,13,15,84,85,88,91,93,95,113,114,115" machi="84" ten="30,8000,1" yaku="1,1,0,1,9,1,54,1,53,1" doraHai="77" doraHaiUra="34" who="0" fromWho="0" sc="255,90,398,-40,235,-20,102,-20" /><INIT seed="2,0,0,5,2,53" ten="345,358,215,82" oya="2" hai0="95,19,88,116,24,25,62,97,108,121,22,14,123" hai1="39,92,115,74,77,135,34,11,75,129,16,112,85" hai2="50,41,17,99,110,54,127,52,106,61,119,1,60" hai3="59,67,68,51,80,125,40,45,55,8,82,72,10"/><V26/><F119/><W130/><G130/><T126/><D108/><U107/><E107/><V73/><F1/><W114/><G125/><T89/><D126/><U133/><E39/><V132/><F127/><W47/><G114/><T29/><D116/><U21/><E34/><V94/><F73/><W35/><G35/><T36/><D36/><U131/><E11/><V5/><F132/><N who="1" m="50761" /><E92/><V4/><F106/><W28/><G28/><T23/><D14/><N who="1" m="9367" /><E85/><V104/><F104/><W93/><G93/><T103/><D123/><U102/><E102/><N who="2" m="60791" /><F110/><W65/><G72/><N who="1" m="27690" /><E77/><V122/><F122/><W109/><G109/><T0/><D0/><U56/><E56/><N who="2" m="34823" /><F41/><W63/><G47/><T18/><D121/><U105/><E105/><V98/><F98/><W32/><G32/><T87/><D87/><U2/><E2/><V57/><F61/><W76/><G76/><T113/><D113/><AGARI ba="0,0" hai="112,113,115,129,131" m="27690,9367,50761" machi="113" ten="40,2600,0" yaku="20,1,54,1" doraHai="53" who="1" fromWho="0" sc="345,-26,358,26,215,0,82,0" /><INIT seed="3,0,0,5,3,85" ten="319,384,215,82" oya="3" hai0="102,117,96,35,126,99,39,81,110,59,78,54,130" hai1="76,17,124,131,66,20,113,116,90,47,86,31,79" hai2="83,48,0,57,129,94,101,27,118,121,119,25,11" hai3="61,73,122,71,112,115,103,128,52,114,40,75,21"/><W77/><G122/><T69/><D117/><U24/><E113/><V82/><F129/><W26/><G128/><T62/><D35/><U38/><E131/><V67/><F121/><W29/><G40/><T36/><D130/><U7/><E116/><V98/><F0/><W34/><G103/><T18/><D110/><U64/><E124/><V132/><F132/><W2/><G2/><T97/><D126/><U49/><E38/><V50/><F119/><W14/><G77/><N who="1" m="29770" /><E7/><V123/><F123/><W68/><G68/><T95/><D69/><U10/><E10/><V30/><F11/><W41/><G41/><T72/><D97/><U80/><E17/><V37/><F37/><W109/><G109/><T92/><REACH who="0" step="1"/><D18/><REACH who="0" ten="309,384,215,82" step="2"/><U1/><E1/><V3/><F118/><W108/><G108/><T87/><D87/><U84/><E84/><V19/><F3/><W74/><G71/><T15/><D15/><U28/><E28/><V16/><F19/><W105/><G14/><T127/><D127/><U104/><E104/><V106/><F106/><W100/><G34/><T33/><D33/><U44/><E31/><V9/><F30/><W89/><G105/><T125/><D125/><U107/><E86/><V12/><F83/><W8/><G73/><T88/><AGARI ba="0,1" hai="36,39,54,59,62,72,78,81,88,92,95,96,99,102" machi="88" ten="20,8000,1" yaku="1,1,0,1,7,1,52,1,54,1,53,0" doraHai="85" doraHaiUra="5" who="0" fromWho="0" sc="309,90,384,-20,215,-20,82,-40" /><INIT seed="4,0,0,3,0,20" ten="399,364,195,42" oya="0" hai0="82,76,54,116,79,123,103,13,12,36,39,81,62" hai1="88,45,46,58,50,55,48,84,8,117,125,135,77" hai2="102,85,23,33,86,10,29,70,6,30,105,87,92" hai3="112,44,74,120,73,52,93,17,115,94,104,66,15"/><T61/><D103/><U107/><E117/><V80/><F70/><W65/><G104/><T2/><D2/><U7/><E107/><V97/><F33/><W40/><G120/><T110/><D54/><U131/><E131/><V5/><F5/><W18/><G40/><T95/><D95/><U32/><E32/><V68/><F68/><W43/><G43/><T63/><D116/><U121/><E121/><V122/><F122/><W0/><G0/><T51/><D51/><U64/><E135/><V71/><F71/><W133/><G44/><T124/><D123/><U59/><E77/><V26/><F105/><W109/><G15/><T27/><D62/><U113/><E125/><V9/><F9/><W24/><G52/><T11/><D11/><U67/><E113/><V60/><F60/><W130/><G109/><T31/><D31/><U108/><E108/><V16/><REACH who="2" step="1"/><F80/><REACH who="2" ten="399,364,185,42" step="2"/><W98/><G133/><T41/><D110/><U1/><E8/><V53/><F53/><W111/><G111/><T56/><D41/><N who="1" m="24623" /><E7/><V4/><F4/><W127/><G127/><T99/><D124/><U101/><E1/><AGARI ba="0,1" hai="1,6,10,16,23,26,29,30,85,86,87,92,97,102" machi="1" ten="40,5200,0" yaku="1,1,52,1,54,1,53,0" doraHai="20" doraHaiUra="75" who="2" fromWho="1" sc="399,0,364,-52,185,62,42,0" /><INIT seed="5,0,0,0,0,42" ten="399,312,247,42" oya="1" hai0="54,26,112,50,49,16,20,98,85,38,118,94,61" hai1="106,6,123,135,56,74,71,14,0,97,101,57,32" hai2="34,117,92,25,13,95,104,110,4,116,19,127,134" hai3="79,52,58,66,103,91,86,108,3,12,39,29,10"/><U47/><E123/><V18/><F104/><W132/><G108/><T126/><D38/><U36/><E71/><V114/><F110/><W115/><G115/><T124/><D118/><U81/><E32/><V23/><F95/><W128/><G128/><T41/><D112/><U107/><E107/><V96/><F96/><W129/><G129/><T99/><D85/><U31/><E31/><V51/><F51/><W80/><G132/><T65/><D41/><N who="1" m="22951" /><E14/><V17/><F92/><W43/><G3/><T33/><D33/><U22/><E22/><V120/><F120/><W69/><G103/><T121/><D121/><U119/><E135/><V131/><F114/><W63/><G29/><T88/><D50/><U105/><E105/><V70/><F70/><W55/><G69/><T40/><D40/><U83/><E83/><V59/><F134/><W87/><G43/><T89/><D89/><U8/><E119/><V24/><F131/><W130/><G39/><T133/><D99/><U90/><E90/><V7/><F59/><W15/><G130/><T125/><D133/><U27/><E27/><V78/><F78/><AGARI ba="0,0" hai="0,6,8,56,57,74,78,81,97,101,106" m="22951" machi="78" ten="30,2900,0" yaku="25,1,52,1" doraHai="42" who="1" fromWho="2" sc="399,0,312,29,247,-29,42,0" /><INIT seed="5,1,0,2,5,37" ten="399,341,218,42" oya="1" hai0="12,68,55,80,93,135,127,70,105,44,33,69,134" hai1="47,114,21,121,73,40,91,122,128,76,75,116,5" hai2="129,109,34,2,87,77,8,110,99,72,17,78,38" hai3="36,46,85,39,28,9,103,23,41,64,124,35,112"/><U0/><E116/><V66/><F34/><W130/><G112/><T98/><D33/><U7/><E114/><V61/><F87/><W30/><G124/><T11/><D105/><U90/><E128/><V25/><F129/><W126/><G126/><T6/><D127/><U48/><E21/><V58/><F25/><W32/><G64/><T29/><D29/><U22/><E22/><V42/><F99/><W119/><G103/><T115/><D115/><U82/><E75/><V13/><F2/><W52/><G130/><T24/><D24/><U54/><E122/><V89/><F89/><W92/><G9/><T106/><D106/><U102/><E121/><V27/><F27/><W96/><G39/><T1/><D80/><U50/><E102/><V65/><F65/><W67/><G67/><T123/><D1/><U132/><E132/><V57/><F58/><W63/><G119/><T125/><D125/><U53/><E53/><V131/><F131/><W88/><G23/><T51/><REACH who="0" step="1"/><D123/><REACH who="0" ten="389,341,218,42" step="2"/><U83/><E83/><V49/><F78/><W20/><G32/><T81/><D81/><U100/><E0/><V118/><F118/><W104/><G35/><T45/><D45/><U59/><REACH who="1" step="1"/><E100/><AGARI ba="1,1" hai="6,11,12,44,51,55,68,69,70,93,98,100,134,135" machi="100" ten="40,2600,0" yaku="1,1,53,1" doraHai="37" doraHaiUra="43" who="0" fromWho="1" sc="389,39,341,-29,218,0,42,0" /><INIT seed="6,0,0,4,3,74" ten="428,312,218,42" oya="2" hai0="117,29,105,50,89,55,31,25,132,56,27,133,99" hai1="65,28,124,18,130,3,113,53,131,48,22,108,107" hai2="94,90,80,49,6,57,2,119,35,59,118,67,17" hai3="36,5,77,95,134,7,23,24,61,76,15,127,37"/><V33/><F2/><W42/><G37/><T87/><D117/><U70/><E108/><V34/><F6/><N who="3" m="2059" /><G36/><T40/><D40/><U73/><E3/><V1/><F1/><W44/><G127/><T128/><D128/><N who="1" m="49195" /><E107/><V82/><F17/><N who="3" m="12399" /><G134/><T47/><D105/><U10/><E113/><V16/><F16/><W30/><G30/><T102/><D31/><U114/><E114/><V78/><F80/><W84/><G61/><T58/><D99/><U129/><E73/><V71/><F71/><W45/><G15/><T120/><D102/><U106/><E106/><V72/><F59/><W75/><G75/><T63/><D58/><U21/><E28/><V64/><F64/><W92/><G42/><T8/><D8/><U43/><E43/><V97/><REACH who="2" step="1"/><F67/><REACH who="2" ten="428,312,208,42" step="2"/><W0/><G0/><T20/><D56/><N who="1" m="32807" /><E124/><V62/><F62/><W110/><G110/><T98/><D63/><N who="1" m="40255" /><E129/><V69/><F69/><W54/><G44/><T39/><D47/><U13/><AGARI ba="0,1" hai="10,13,18,21,22" m="40255,32807,49195" machi="13" ten="30,1100,0" yaku="19,1" doraHai="74" who="1" fromWho="1" sc="428,-3,312,21,208,-5,42,-3" /><INIT seed="7,0,0,5,1,126" ten="425,333,203,39" oya="3" hai0="91,77,73,5,53,16,112,107,30,94,128,101,76" hai1="34,71,116,95,61,68,60,56,40,110,58,75,102" hai2="79,29,87,118,33,119,41,85,122,64,62,21,28" hai3="3,125,32,51,39,63,131,25,14,66,72,69,12"/><W98/><G39/><T45/><D112/><U57/><E34/><V121/><F41/><W124/><G3/><T44/><D101/><U37/><E75/><V59/><F33/><W10/><G72/><T47/><D107/><U92/><E102/><V113/><F113/><W130/><G98/><T0/><D30/><U9/><E9/><V84/><F79/><W106/><G106/><T115/><D115/><U46/><E95/><V103/><F103/><W80/><G80/><T117/><D117/><U1/><E92/><V81/><F81/><W105/><G105/><T127/><D127/><N who="3" m="48713" /><G51/><T82/><D77/><U11/><E11/><V83/><F83/><W78/><G78/><T6/><D0/><U74/><E1/><V99/><F99/><W129/><G10/><T67/><D5/><U93/><E93/><V86/><F86/><W15/><G32/><T123/><D6/><U89/><E89/><V90/><F90/><W26/><AGARI ba="0,0" hai="12,14,15,25,26,63,66,69,129,130,131" m="48713" machi="26" ten="40,12000,1" yaku="19,1,18,1,52,3" doraHai="126" who="3" fromWho="3" sc="425,-40,333,-40,203,-40,39,120" /><INIT seed="7,1,0,4,4,63" ten="385,293,163,159" oya="3" hai0="122,134,110,132,103,6,130,81,135,46,115,42,131" hai1="19,129,99,120,93,69,94,73,68,47,45,62,88" hai2="98,83,4,53,89,126,33,101,84,51,60,39,90" hai3="56,11,112,55,16,95,109,12,107,82,0,116,85"/><W76/><G116/><T31/><D110/><U36/><E120/><V72/><F126/><W18/><G107/><T21/><D122/><U5/><E73/><V49/><F39/><W38/><G38/><N who="0" m="21847" /><D115/><U54/><E129/><N who="0" m="49161" /><D6/><U75/><E75/><V44/><F4/><N who="3" m="3175" /><G0/><T1/><D1/><U108/><E108/><V113/><F113/><W40/><G112/><T37/><D37/><U121/><E121/><V118/><F118/><W25/><G109/><T128/><D128/><U61/><E5/><V67/><F33/><W8/><G40/><T117/><D117/><U65/><E36/><V79/><F49/><N who="3" m="30831" /><G8/><T27/><D103/><U100/><E19/><N who="3" m="7210" /><G95/><T26/><D27/><AGARI ba="1,0" hai="25,27,76,82,85" m="7210,30831,3175" machi="27" ten="30,2900,0" yaku="8,1,54,1" doraHai="63" who="3" fromWho="0" sc="385,-32,293,0,163,0,159,32" /><INIT seed="7,2,0,3,3,105" ten="353,293,163,191" oya="3" hai0="24,73,109,30,80,1,106,62,65,16,40,75,27" hai1="112,8,116,28,104,36,77,99,6,39,61,34,128" hai2="35,10,101,74,48,19,98,124,43,79,46,108,58" hai3="92,122,121,113,130,3,29,125,93,17,15,45,53"/><W70/><G3/><T49/><D109/><U12/><E112/><V14/><F108/><W37/><G70/><T132/><D106/><U60/><E128/><V55/><F124/><W117/><G117/><T127/><D1/><N who="1" m="79" /><E60/><V103/><F35/><W7/><G45/><T82/><D132/><U84/><E84/><V96/><F96/><W71/><G53/><T31/><D127/><U87/><E87/><V85/><F98/><W107/><G93/><T91/><D91/><U72/><E12/><V47/><F74/><W94/><G113/><T63/><D16/><U133/><E61/><V86/><F47/><W131/><G29/><T21/><D21/><U118/><E133/><V52/><F55/><W64/><G37/><N who="1" m="14410" /><E28/><V115/><F115/><W57/><G57/><T25/><D49/><U54/><E34/><V76/><F86/><W0/><G125/><T126/><D25/><U41/><E41/><V18/><F18/><W9/><G121/><T90/><D90/><U83/><E54/><V11/><F11/><N who="3" m="6399" /><G122/><T59/><D126/><U68/><E68/><V23/><F23/><W135/><G135/><T51/><D51/><U42/><E42/><V119/><F119/><N who="1" m="45609" /><E99/><V4/><F19/><W66/><G94/><T102/><D40/><U114/><E114/><V100/><REACH who="2" step="1"/><F85/><REACH who="2" ten="353,293,153,191" step="2"/><W129/><G107/><AGARI ba="2,1" hai="72,77,83,104,107" m="45609,14410,79" machi="107" ten="30,3900,0" yaku="12,1,23,1,52,1" doraHai="105" who="1" fromWho="3" sc="353,0,293,55,153,0,191,-45" owari="353,45.0,348,15.0,153,-25.0,146,-35.0" /></mjloggm>