<mjloggm ver="2.3"><GO type="225" lobby="0"/><UN n0="%4D%72%2E%6E%69%6B%75%39" n1="%E3%81%BF%E3%81%A3%E3%81%A4%E3%81%83%EF%BD%9E" n2="%E7%AB%B6%E9%A6%AC%E7%A0%94%E7%A9%B6%E6%89%80" n3="%E3%82%A6%E3%83%AB%E3%83%88%E3%83%A9%E7%AB%8B%E7%9B%B4" dan="17,16,18,17" rate="2221.21,2112.09,2248.98,2209.30" sx="M,F,M,M"/><TAIKYOKU oya="0"/><INIT seed="0,0,0,2,3,103" ten="250,250,250,250" oya="0" hai0="11,15,84,99,32,111,68,112,16,0,46,105,10" hai1="30,94,44,78,55,40,14,80,72,90,62,41,73" hai2="66,102,124,7,39,42,4,93,38,50,127,60,114" hai3="28,109,107,58,61,33,117,106,119,24,56,79,18"/><T116/><D112/><U83/><E30/><V98/><F114/><W53/><G109/><T121/><D116/><U123/><E123/><V13/><F50/><W48/><G79/><T54/><D121/><U45/><E14/><V126/><F42/><W65/><REACH who="3" step="1"/><G18/><REACH who="3" ten="250,250,250,240" step="2"/><T49/><D111/><U26/><E78/><V20/><F20/><W9/><G9/><T23/><D32/><U122/><E122/><V1/><F1/><W96/><G96/><T19/><D0/><U74/><E74/><V8/><REACH who="2" step="1"/><F4/><REACH who="2" ten="250,250,240,240" step="2"/><W76/><G76/><T36/><D23/><U6/><E6/><V27/><F27/><W104/><AGARI ba="0,2" hai="24,28,33,48,53,56,58,61,65,104,106,107,117,119" machi="104" ten="30,12000,2" yaku="1,1,0,1,52,3,53,1" doraHai="103" doraHaiUra="31" who="3" fromWho="3" sc="250,-60,250,-30,240,-30,240,140" /><INIT seed="1,0,0,2,3,86" ten="190,220,210,380" oya="1" hai0="114,2,30,127,70,26,71,134,59,101,135,44,74" hai1="119,35,8,66,58,40,121,1,48,41,72,85,39" hai2="22,81,120,80,79,31,112,69,107,13,122,89,16" hai3="129,55,104,103,7,116,75,128,11,82,43,90,76"/><U9/><E72/><V111/><F107/><W51/><G43/><N who="1" m="16458" /><E1/><V42/><F69/><W49/><G116/><T20/><D114/><U94/><E35/><V4/><F112/><W63/><G63/><T91/><D74/><U38/><E121/><V53/><F111/><W61/><G61/><T15/><D2/><U68/><E68/><V123/><F42/><W88/><G103/><T6/><D44/><U64/><E39/><V98/><F4/><W45/><G51/><T34/><D101/><U21/><E38/><V109/><F109/><W29/><G29/><T115/><D115/><U56/><E21/><V28/><F53/><W57/><G45/><T124/><D59/><N who="1" m="22571" /><E48/><V47/><F47/><W92/><G104/><T36/><D36/><U25/><E25/><V126/><F31/><W19/><G49/><T110/><D110/><U99/><E85/><V108/><F108/><W125/><G57/><T132/><D71/><U65/><E119/><V46/><F46/><W17/><G55/><T113/><D70/><U100/><AGARI ba="0,0" hai="8,9,64,65,66,94,99,100" m="22571,16458" machi="100" ten="30,1500,0" yaku="8,1" doraHai="86" who="1" fromWho="1" sc="190,-5,220,15,210,-5,380,-5" /><INIT seed="1,1,0,0,0,12" ten="185,235,205,375" oya="1" hai0="33,64,0,31,81,129,61,118,53,106,46,127,3" hai1="68,32,85,130,78,70,131,23,54,22,95,69,116" hai2="4,50,60,79,67,59,97,115,35,132,15,29,51" hai3="27,125,74,72,6,11,30,24,18,77,1,84,88"/><U128/><E116/><V48/><F132/><W38/><G38/><T13/><D118/><U119/><E119/><V102/><F115/><W5/><G5/><T110/><D106/><U45/><E32/><V20/><F79/><W80/><G125/><T86/><D127/><U96/><E78/><V52/><F35/><W111/><G111/><T47/><D110/><U49/><REACH who="1" step="1"/><E85/><REACH who="1" ten="185,225,205,375" step="2"/><V134/><F134/><W65/><G77/><T133/><D86/><U105/><E105/><V39/><F39/><W99/><G84/><T112/><D33/><U93/><E93/><V17/><F4/><W82/><G6/><T42/><D133/><U21/><E21/><V44/><F29/><W94/><G30/><T83/><D31/><U123/><E123/><V9/><F20/><W92/><G94/><AGARI ba="1,1" hai="9,15,17,44,48,50,51,52,59,60,67,94,97,102" machi="94" ten="30,7700,0" yaku="7,1,8,1,52,1,54,1" doraHai="12" who="2" fromWho="3" sc="185,0,225,0,205,90,375,-80" /><INIT seed="2,0,0,5,1,76" ten="185,225,295,295" oya="2" hai0="97,75,127,122,87,4,83,26,37,59,53,90,124" hai1="61,135,74,105,133,106,109,89,19,34,17,41,0" hai2="55,39,88,29,121,49,77,47,42,60,66,134,36" hai3="111,31,92,51,54,5,44,2,20,63,33,118,56"/><V9/><F121/><W30/><G118/><T45/><D122/><U100/><E34/><V110/><F77/><W91/><G33/><T131/><D131/><U67/><E0/><V1/><F134/><N who="1" m="51209" /><E109/><V64/><F110/><W113/><G113/><T98/><D75/><U132/><N who="1" m="51217" /><U11/><DORA hai="126" /><E41/><V35/><F35/><W32/><G32/><T115/><D115/><U79/><E89/><V62/><F29/><W6/><G111/><T93/><D4/><N who="3" m="1641" /><G20/><T116/><D116/><U69/><E100/><V14/><F1/><W95/><G2/><T125/><D26/><U120/><E120/><V23/><F23/><W130/><G130/><T28/><D28/><N who="3" m="10793" /><G91/><T85/><D37/><N who="2" m="14410" /><F14/><W114/><G114/><T119/><D45/><U80/><E11/><V107/><F107/><AGARI ba="0,0" hai="17,19,61,67,69,74,79,80,105,106,107" m="51217" machi="107" ten="40,2600,0" yaku="20,1,52,1" doraHai="76,126" who="1" fromWho="2" sc="185,0,225,26,295,-26,295,0" /><INIT seed="3,0,0,0,2,100" ten="185,251,269,295" oya="3" hai0="21,107,111,20,24,129,2,29,27,113,97,73,128" hai1="5,42,89,58,79,99,77,78,117,121,102,39,94" hai2="85,63,46,41,123,54,92,10,106,93,71,44,131" hai3="40,12,82,53,38,23,37,18,72,56,45,16,17"/><W74/><G38/><T34/><D111/><U115/><E39/><V87/><F123/><W118/><G118/><T61/><D73/><U81/><E42/><V6/><F131/><N who="0" m="50250" /><D2/><U57/><E121/><V88/><F106/><W50/><G18/><T22/><D61/><U64/><E115/><V75/><F75/><W25/><G82/><T110/><D110/><U76/><E117/><V119/><F119/><W26/><G26/><N who="0" m="18743" /><D113/><U11/><E64/><V83/><F46/><W135/><G135/><T33/><D33/><U15/><REACH who="1" step="1"/><E102/><AGARI ba="0,0" hai="20,21,22,24,27,97,102,107" m="18743,50250" machi="102" ten="30,2000,0" yaku="19,1,52,1" doraHai="100" who="0" fromWho="1" sc="185,20,251,-20,269,0,295,0" /><INIT seed="4,0,0,2,4,102" ten="205,231,269,295" oya="0" hai0="78,107,101,9,93,103,10,20,110,86,40,35,71" hai1="131,59,29,2,58,14,5,65,17,94,108,11,0" hai2="106,8,41,112,104,44,47,118,23,57,25,45,49" hai3="98,60,90,120,82,13,121,4,95,73,12,97,70"/><T127/><D35/><U36/><E36/><V122/><F122/><N who="3" m="47211" /><G4/><T32/><D32/><U72/><E108/><V83/><F112/><W126/><G126/><T34/><D34/><U133/><E72/><V15/><F118/><W75/><G98/><N who="0" m="59599" /><D107/><U16/><E29/><V129/><F129/><W115/><G115/><T53/><D71/><U68/><E131/><V22/><F83/><W61/><G75/><T19/><D127/><U1/><E133/><V56/><F41/><W43/><G43/><T89/><D110/><U67/><E68/><V62/><F49/><W42/><G42/><T135/><D135/><U99/><E59/><V125/><F125/><W28/><G28/><T96/><D78/><U116/><E116/><V39/><F39/><W113/><G113/><T46/><D40/><U124/><E124/><V79/><F79/><N who="3" m="44399" /><G70/><T24/><D96/><U100/><REACH who="1" step="1"/><E67/><REACH who="1" ten="205,221,269,295" step="2"/><V63/><F57/><W91/><G91/><T26/><D103/><U18/><E18/><V119/><F119/><W111/><G111/><T50/><D26/><U6/><E6/><V109/><F109/><W66/><G66/><T123/><D123/><U132/><E132/><V27/><F27/><W52/><G61/><AGARI ba="0,1" hai="0,1,2,5,11,14,16,17,58,61,65,94,99,100" machi="61" ten="40,5200,0" yaku="1,1,54,1,53,1" doraHai="102" doraHaiUra="88" who="1" fromWho="3" sc="205,0,221,62,269,0,295,-52" /><INIT seed="5,0,0,2,5,38" ten="205,283,269,243" oya="1" hai0="19,24,53,104,36,9,48,126,55,73,76,133,102" hai1="29,5,116,52,100,47,37,123,113,110,118,124,94" hai2="10,4,112,6,26,49,83,35,16,96,85,2,80" hai3="93,81,111,1,27,60,65,58,77,42,95,78,68"/><U122/><E5/><V3/><F112/><W28/><G1/><T91/><D36/><U62/><E29/><V130/><F130/><W22/><G111/><T8/><D126/><U135/><E100/><V87/><F96/><W30/><G30/><T39/><D39/><U40/><E94/><N who="3" m="35850" /><G68/><T117/><D117/><N who="1" m="45163" /><E113/><V99/><F99/><W82/><G42/><T41/><D133/><U13/><E13/><V25/><F49/><W31/><G31/><T14/><D104/><U56/><E135/><V11/><REACH who="2" step="1"/><F16/><REACH who="2" ten="205,283,259,243" step="2"/><W114/><G114/><T57/><D102/><U17/><E17/><V70/><F70/><W21/><G21/><T84/><D9/><U69/><E110/><V50/><F50/><W88/><G82/><T7/><D24/><U33/><E33/><AGARI ba="0,1" hai="2,3,4,6,10,11,25,26,33,35,80,83,85,87" machi="33" ten="25,3200,0" yaku="1,1,22,2,53,0" doraHai="38" doraHaiUra="129" who="2" fromWho="1" sc="205,0,283,-32,259,42,243,0" owari="205,-29.0,251,5.0,301,40.0,243,-16.0" /></mjloggm>