<mjloggm ver="2.3"><GO type="169" lobby="0"/><UN n0="%EF%BC%88%EF%BC%BE%D0%94%EF%BC%BE%EF%BC%89" n1="%E3%83%88%E3%83%88%E3%83%AA%E5%85%88%E7%94%9F%31%39%E6%AD%B3" n2="%E3%81%95%E3%82%8A%E3%83%BC%E3%81%99%E3%81%93%E3%81%A3%E3%81%A8" n3="%E5%86%A5%E5%9C%9F%E3%81%AE%E3%83%AF%E3%83%8B%E8%94%B5" dan="17,18,16,18" rate="2130.94,2263.18,2154.03,2183.71" sx="M,F,F,M"/><TAIKYOKU oya="0"/><INIT seed="0,0,0,5,3,29" ten="250,250,250,250" oya="0" hai0="86,19,120,37,41,26,42,34,50,6,64,21,130" hai1="44,39,129,112,48,124,76,93,20,5,88,92,127" hai2="17,47,0,22,18,46,79,106,30,13,3,8,121" hai3="24,66,83,12,77,40,128,74,115,55,62,15,109"/><T118/><D120/><U101/><E39/><V10/><F106/><W85/><G115/><T111/><D118/><U100/><E112/><V96/><F96/><W91/><G109/><T107/><D37/><U110/><E110/><V131/><F79/><W134/><G134/><T132/><D111/><U36/><E36/><V2/><F121/><W52/><G40/><T31/><D107/><U32/><E129/><V56/><F56/><W69/><G128/><T117/><D117/><U103/><E76/><V78/><F78/><W23/><G12/><T75/><D75/><U102/><E32/><V51/><F131/><W16/><REACH who="3" step="1"/><G15/><REACH who="3" ten="250,250,250,240" step="2"/><T98/><D130/><U63/><E127/><V84/><F0/><W35/><G35/><T94/><D132/><U25/><E124/><V80/><F2/><W43/><G43/><T7/><D42/><U113/><E113/><V28/><F3/><W59/><G59/><T87/><D41/><U49/><E44/><V122/><F122/><W38/><G38/><T126/><D126/><U73/><E5/><V58/><F13/><W57/><G57/><T70/><D6/><U11/><E11/><V53/><F46/><W123/><G123/><T27/><D7/><U116/><E116/><V108/><F47/><W114/><G114/><T1/><D1/><U97/><E73/><V82/><F8/><W105/><G105/><T60/><REACH who="0" step="1"/><D50/><REACH who="0" ten="240,250,250,240" step="2"/><U135/><E135/><V68/><F51/><W133/><G133/><T71/><D71/><U9/><E49/><V67/><F68/><W65/><G65/><T119/><D119/><U33/><E48/><RYUUKYOKU ba="0,2" sc="240,15,250,-15,250,-15,240,15" hai0="19,21,26,27,31,34,60,64,70,86,87,94,98" hai3="16,23,24,52,55,62,66,69,74,77,83,85,91" /><INIT seed="0,1,2,3,4,107" ten="255,235,235,255" oya="0" hai0="18,85,70,128,117,50,83,59,52,95,11,34,113" hai1="129,133,111,35,82,42,93,36,63,23,125,90,2" hai2="0,100,27,39,86,102,78,28,22,109,7,121,40" hai3="80,5,81,44,61,71,94,58,103,15,53,54,62"/><T88/><D117/><U76/><E35/><V65/><F109/><W135/><G135/><T10/><D113/><U126/><E2/><V115/><F121/><W48/><G71/><T51/><D128/><U67/><E111/><V37/><F65/><W14/><G62/><T131/><D131/><U72/><E129/><V79/><F79/><W127/><G127/><N who="1" m="48650" /><E133/><V91/><F78/><W46/><G46/><T13/><D70/><N who="1" m="42367" /><E23/><V101/><F40/><W118/><G118/><T69/><D34/><U119/><E119/><V132/><F132/><W120/><G120/><T43/><D69/><U124/><E124/><V30/><F115/><W60/><G60/><T96/><D43/><U123/><E123/><V75/><F28/><W38/><G38/><T105/><D105/><U56/><E56/><V4/><F37/><W33/><G33/><T49/><D10/><U64/><E64/><V77/><F39/><W108/><G108/><T3/><D3/><U74/><E42/><V110/><F0/><W68/><G68/><T104/><D104/><U130/><E36/><V97/><F110/><W106/><G106/><T57/><D57/><U55/><E55/><V8/><F8/><N who="3" m="4367" /><G15/><T26/><D26/><U47/><E47/><V45/><F45/><W98/><AGARI ba="1,2" hai="44,48,53,54,58,61,80,81,94,98,103" m="4367" machi="98" ten="30,1100,0" yaku="8,1" doraHai="107" who="3" fromWho="3" sc="255,-6,235,-4,235,-4,255,34" /><INIT seed="1,0,0,3,3,118" ten="249,231,231,289" oya="1" hai0="124,119,16,9,82,107,132,50,123,122,115,120,70" hai1="28,92,8,74,0,29,83,76,106,116,23,38,88" hai2="110,67,77,72,113,43,101,12,14,131,133,108,99" hai3="130,10,75,3,13,19,87,125,103,54,40,95,78"/><U21/><E116/><V85/><F67/><W60/><G75/><T48/><D119/><U97/><E38/><V65/><F65/><W4/><G125/><T34/><D115/><U22/><REACH who="1" step="1"/><E106/><REACH who="1" ten="249,221,231,289" step="2"/><V39/><F108/><W94/><G130/><T2/><D132/><U51/><E51/><V56/><F110/><W66/><G60/><T25/><D107/><U53/><E53/><V61/><F133/><W79/><G54/><T90/><D124/><U47/><E47/><V18/><F39/><W91/><G40/><T68/><D50/><U117/><E117/><V32/><F43/><W49/><G49/><T96/><D48/><U27/><E27/><V42/><F42/><W134/><G66/><T86/><D96/><U71/><E71/><V89/><F99/><W100/><G134/><T46/><D46/><U80/><E80/><V30/><F61/><W81/><G81/><T58/><D58/><U31/><E31/><V109/><F30/><W69/><G69/><T5/><D16/><U15/><E15/><V7/><F12/><W20/><G95/><T93/><D93/><U62/><E62/><V112/><F14/><W111/><G111/><T6/><D5/><AGARI ba="0,1" hai="0,5,8,21,22,23,28,29,74,76,83,88,92,97" machi="5" ten="40,3900,0" yaku="1,1,54,1,53,0" doraHai="118" doraHaiUra="36" who="1" fromWho="0" sc="249,-39,221,49,231,0,289,0" /><INIT seed="1,1,0,1,5,98" ten="210,270,231,289" oya="1" hai0="32,103,96,87,74,76,52,0,23,57,120,82,48" hai1="47,84,45,55,91,3,29,15,116,13,62,77,88" hai2="123,90,97,44,39,112,68,86,67,40,17,114,124" hai3="59,31,42,4,12,92,28,107,50,38,119,30,127"/><U6/><E116/><V133/><F123/><W113/><G107/><T83/><D120/><U108/><E108/><V66/><F124/><W8/><G113/><N who="2" m="43625" /><F68/><W35/><G38/><T53/><D32/><U54/><E3/><V102/><F17/><W25/><G127/><T78/><D0/><U7/><E29/><V22/><F22/><W85/><G119/><T79/><D23/><U104/><E104/><N who="2" m="63567" /><F133/><W26/><G35/><T37/><D37/><U49/><E77/><V61/><F61/><W100/><G85/><T99/><D76/><U19/><E91/><V65/><F67/><W10/><G10/><T18/><D18/><U118/><E118/><V110/><F110/><W24/><G42/><T89/><D78/><U71/><E71/><V21/><F21/><W105/><G105/><T1/><D1/><U130/><E130/><V94/><AGARI ba="1,0" hai="39,40,44,65,66,86,90,94" m="63567,43625" machi="94" ten="30,2000,0" yaku="11,1,52,1" doraHai="98" who="2" fromWho="2" sc="210,-6,270,-11,231,23,289,-6" /><INIT seed="2,0,0,3,0,53" ten="204,259,254,283" oya="2" hai0="64,36,83,41,98,65,19,74,54,56,28,80,61" hai1="7,69,22,48,94,14,34,75,70,121,20,1,79" hai2="95,104,49,16,108,50,27,84,133,10,97,89,42" hai3="44,47,40,29,39,30,55,116,90,45,134,43,107"/><V66/><F133/><W101/><G116/><T2/><D2/><U18/><E121/><V12/><F108/><W81/><G134/><T132/><D132/><U24/><E75/><V93/><F104/><W111/><G111/><T77/><D83/><U11/><E79/><V91/><F42/><W88/><G47/><T129/><D129/><U38/><E38/><V9/><F9/><W105/><G55/><T62/><D28/><U52/><E94/><V126/><F126/><W135/><G135/><T125/><D125/><U35/><E35/><V113/><F113/><W85/><G90/><T67/><D98/><U109/><E109/><V68/><REACH who="2" step="1"/><F27/><REACH who="2" ten="204,259,244,283" step="2"/><W100/><G105/><T86/><D41/><U78/><E24/><V17/><F17/><W72/><G107/><T4/><D36/><U3/><E18/><V63/><AGARI ba="0,1" hai="10,12,16,49,50,63,66,68,84,89,91,93,95,97" machi="63" ten="30,11700,0" yaku="1,1,0,1,54,1,53,1" doraHai="53" doraHaiUra="82" who="2" fromWho="2" sc="204,-39,259,-39,244,127,283,-39" /><INIT seed="2,1,0,2,1,3" ten="165,220,371,244" oya="2" hai0="101,92,4,108,59,97,55,84,129,123,11,96,15" hai1="38,32,128,132,7,119,135,118,35,14,105,28,56" hai2="37,67,65,43,30,98,64,111,53,39,122,60,99" hai3="114,102,103,47,104,48,1,79,18,100,54,23,58"/><V20/><F20/><W115/><G1/><T36/><D123/><U93/><E105/><V85/><F30/><W52/><G79/><T110/><D36/><U12/><E38/><V90/><F122/><W124/><G124/><T117/><D129/><U13/><E56/><V116/><F116/><N who="1" m="44585" /><E93/><V76/><F76/><W121/><G104/><T9/><D117/><U25/><E128/><V130/><F130/><W107/><G107/><T46/><D46/><U61/><E61/><V87/><F111/><N who="0" m="42538" /><D97/><U63/><E63/><V42/><F64/><W68/><G68/><T89/><D9/><N who="1" m="4159" /><E35/><V131/><F131/><W34/><G34/><T41/><D41/><U57/><E57/><V77/><F60/><W74/><G121/><T75/><D75/><U69/><E69/><V49/><F77/><W94/><G74/><T83/><D59/><U73/><E73/><V26/><F49/><W126/><G94/><T6/><D55/><U82/><E82/><V22/><F90/><W112/><G126/><T8/><D8/><U125/><E125/><V88/><F88/><W134/><G54/><T109/><N who="0" m="42546" /><T0/><DORA hai="86" /><D0/><U21/><E32/><V19/><F53/><W71/><G71/><T31/><D31/><U78/><E78/><V133/><F37/><W24/><REACH who="3" step="1"/><G58/><REACH who="3" ten="165,220,371,234" step="2"/><T5/><AGARI ba="1,1" hai="4,5,6,11,15,83,84,89,92,96,101" m="42546" machi="5" ten="40,8000,1" yaku="14,1,52,4" doraHai="3,86" who="0" fromWho="0" sc="165,93,220,-21,371,-41,234,-21" /><INIT seed="3,0,0,2,3,55" ten="258,199,330,213" oya="3" hai0="6,53,0,70,42,39,63,11,130,60,47,27,107" hai1="106,134,117,56,76,72,122,93,10,3,4,94,22" hai2="43,75,30,105,52,115,61,48,62,13,20,36,29" hai3="120,16,1,34,98,112,80,108,102,31,100,92,46"/><W49/><G120/><T91/><D130/><U116/><E122/><V128/><F75/><W50/><G112/><T66/><D107/><U57/><E106/><V121/><F105/><W82/><G1/><T103/><D103/><U23/><E134/><V68/><F115/><W104/><G50/><T135/><D135/><U58/><E76/><V95/><F68/><W133/><G133/><T129/><D129/><U131/><E72/><V15/><F36/><W74/><G34/><T9/><D9/><U119/><E131/><V83/><F43/><W97/><G31/><T71/><D27/><U32/><E32/><V51/><F83/><W110/><G16/><T125/><D91/><U78/><E78/><V81/><F81/><W96/><G96/><T101/><D101/><U65/><E65/><V79/><F79/><W88/><G74/><T59/><REACH who="0" step="1"/><D125/><REACH who="0" ten="248,199,330,213" step="2"/><U124/><E124/><V7/><F121/><W109/><REACH who="3" step="1"/><G102/><REACH who="3" ten="248,199,330,203" step="2"/><T8/><D8/><U89/><REACH who="1" step="1"/><E94/><REACH who="1" ten="248,189,330,203" step="2"/><V87/><F95/><W99/><G99/><AGARI ba="0,3" hai="3,4,10,22,23,56,57,58,89,93,99,116,117,119" machi="99" ten="50,12000,2" yaku="1,1,2,1,12,1,52,3,53,0" doraHai="55" doraHaiUra="127" who="1" fromWho="3" sc="248,0,189,150,330,0,203,-120" /><INIT seed="4,0,0,2,3,113" ten="248,339,330,83" oya="0" hai0="131,126,84,15,5,28,38,59,31,30,14,125,83" hai1="13,89,132,4,93,73,70,106,72,33,105,122,22" hai2="95,49,135,37,114,118,101,61,111,0,69,35,75" hai3="81,97,102,2,27,8,77,10,124,55,12,54,88"/><T6/><D38/><U45/><E122/><V100/><RYUUKYOKU type="yao9" ba="0,0" sc="248,0,339,0,330,0,83,0" hai2="0,35,37,49,61,69,75,95,100,101,111,114,118,135" /><INIT seed="4,1,0,5,0,0" ten="248,339,330,83" oya="0" hai0="56,75,82,24,64,95,128,111,80,7,21,118,68" hai1="49,105,48,115,50,45,116,96,81,73,129,22,41" hai2="5,42,97,44,8,86,124,26,85,29,30,122,15" hai3="67,83,103,65,69,9,39,46,11,70,117,28,74"/><T20/><D118/><U76/><E116/><V78/><F122/><W133/><G117/><T106/><D106/><U123/><E123/><V102/><F124/><W32/><G103/><T59/><D68/><U110/><E110/><V58/><F58/><N who="0" m="22058" /><D75/><U40/><E129/><V101/><F101/><W126/><G126/><T71/><D71/><U33/><E33/><V93/><F78/><W13/><G32/><T6/><D64/><U109/><E109/><V125/><F125/><W79/><G39/><T88/><D111/><U34/><E34/><V60/><F60/><W16/><G28/><N who="0" m="17415" /><D21/><U63/><E63/><V135/><F135/><W62/><G133/><T55/><D55/><U54/><E115/><V99/><F99/><W127/><G127/><T61/><D61/><U3/><E3/><V94/><F94/><W19/><G67/><T36/><D36/><U87/><E73/><V132/><F132/><W25/><G70/><T12/><D128/><U27/><E96/><V31/><REACH who="2" step="1"/><F26/><REACH who="2" ten="248,339,320,83" step="2"/><W35/><G46/><T119/><D119/><U134/><E105/><V14/><F14/><W57/><G69/><T18/><D82/><U23/><E134/><V38/><AGARI ba="1,1" hai="5,8,15,29,30,31,38,42,44,85,86,93,97,102" machi="38" ten="30,4000,0" yaku="1,1,0,1,52,1,53,0" doraHai="0" doraHaiUra="66" who="2" fromWho="2" sc="248,-21,339,-11,320,53,83,-11" /><INIT seed="5,0,0,4,4,25" ten="227,328,373,72" oya="1" hai0="0,5,94,117,62,122,68,83,98,79,105,132,88" hai1="127,114,129,22,15,97,51,4,120,70,87,75,67" hai2="52,124,61,104,106,73,115,1,54,128,135,107,53" hai3="109,60,78,72,108,10,6,26,133,74,90,40,41"/><U32/><E120/><V45/><F1/><W44/><G41/><T99/><D117/><U13/><E75/><V7/><F7/><W71/><G133/><T24/><D132/><U30/><E32/><V20/><F135/><W64/><G90/><T55/><D122/><U86/><E114/><V112/><F73/><W113/><G113/><N who="2" m="43593" /><F128/><W2/><G26/><T100/><D0/><U134/><E134/><V89/><F124/><W116/><G116/><T16/><D5/><U31/><E127/><V36/><F89/><W77/><G77/><T111/><D111/><U17/><E129/><V50/><F36/><W14/><G14/><T59/><D68/><U95/><E70/><V19/><F61/><W29/><G29/><N who="1" m="10762" /><E67/><V43/><F20/><W96/><G72/><T91/><D91/><N who="1" m="55551" /><E51/><V65/><F65/><W11/><G96/><T101/><D101/><U27/><E15/><V8/><F8/><AGARI ba="0,0" hai="4,8,13,17,22,27,86,87" m="55551,10762" machi="8" ten="30,11600,0" yaku="8,1,52,3" doraHai="25" who="1" fromWho="2" sc="227,0,328,116,373,-116,72,0" /><INIT seed="5,1,0,4,1,134" ten="227,444,257,72" oya="1" hai0="100,7,24,17,101,8,28,120,119,16,103,123,67" hai1="95,54,130,27,14,75,77,30,18,115,118,66,107" hai2="74,60,129,64,105,79,22,82,36,91,125,56,98" hai3="116,57,81,13,69,6,87,37,133,12,9,97,5"/><U84/><E118/><V70/><F129/><W55/><G69/><T93/><D67/><U46/><E107/><V112/><F36/><W43/><G133/><T117/><D93/><U49/><E130/><V59/><F125/><W126/><G116/><T114/><D114/><U92/><E75/><V63/><F112/><W132/><G132/><T109/><D109/><U41/><E115/><V127/><F127/><W86/><G126/><T89/><D89/><U35/><E66/><V0/><F0/><W45/><G97/><T3/><D117/><U62/><E77/><V102/><F63/><W121/><G121/><N who="0" m="46667" /><D119/><U88/><E62/><V61/><F61/><W15/><G86/><T4/><D4/><U99/><E41/><V90/><F22/><AGARI ba="1,0" hai="3,7,8,16,17,22,24,28,100,101,103" m="46667" machi="22" ten="30,2000,0" yaku="13,1,54,1" doraHai="134" who="0" fromWho="2" sc="227,23,444,0,257,-23,72,0" /><INIT seed="6,0,0,5,0,111" ten="250,444,234,72" oya="2" hai0="72,98,95,88,93,85,20,45,1,50,73,47,16" hai1="55,61,91,126,110,11,23,108,28,57,48,122,89" hai2="135,14,67,99,80,106,92,53,40,54,44,27,87" hai3="68,21,33,116,56,52,100,121,15,64,31,18,79"/><V46/><F106/><W94/><G121/><T60/><D1/><U13/><E122/><V118/><F27/><W124/><G124/><T101/><D60/><U70/><E126/><V42/><F67/><W96/><G116/><T123/><D123/><U63/><E108/><V128/><F128/><W133/><G133/><T19/><D47/><U37/><E37/><V24/><F24/><W58/><G79/><T78/><D78/><U0/><E0/><V103/><F14/><W82/><G82/><T125/><D125/><U10/><E110/><V7/><F7/><W71/><G64/><T35/><D35/><U29/><E70/><V113/><F135/><W26/><REACH who="3" step="1"/><G58/><REACH who="3" ten="250,444,234,62" step="2"/><T132/><D132/><U59/><E57/><V4/><F118/><W9/><G9/><T130/><D130/><U3/><E11/><V75/><F80/><W65/><G65/><T120/><D120/><U69/><E10/><V32/><F75/><W83/><G83/><T102/><D73/><U115/><E59/><V97/><F40/><W131/><G131/><T119/><D72/><U134/><E134/><V62/><F42/><W86/><G86/><T49/><D119/><U109/><E109/><V43/><F43/><W77/><G77/><T105/><D85/><U25/><E69/><V127/><F87/><W2/><G2/><T81/><D81/><U41/><E41/><V22/><F127/><W76/><G76/><T74/><D74/><U17/><E3/><V104/><F99/><W34/><G34/><T84/><D98/><U114/><E55/><V36/><F32/><W39/><G39/><RYUUKYOKU ba="0,1" sc="250,-10,444,-10,234,-10,62,30" hai3="15,18,21,26,31,33,52,56,68,71,94,96,100" /><INIT seed="7,1,1,2,5,14" ten="240,434,224,92" oya="3" hai0="87,27,26,82,121,101,124,77,110,63,24,116,64" hai1="84,79,52,78,122,28,66,112,127,132,83,35,33" hai2="10,38,1,50,135,46,69,88,115,114,117,41,7" hai3="111,44,105,62,96,12,65,13,102,18,15,68,98"/><W5/><G111/><T91/><D110/><U51/><E122/><V42/><F117/><W107/><G5/><T67/><D121/><U81/><E112/><N who="2" m="43051" /><F135/><W85/><G85/><N who="0" m="48335" /><D124/><U109/><E109/><V16/><F69/><W37/><G37/><T22/><D116/><U92/><E127/><V23/><F88/><W108/><G108/><T128/><D128/><U73/><E132/><V97/><F97/><W71/><G71/><T126/><D101/><U129/><E129/><V6/><F6/><W100/><REACH who="3" step="1"/><G44/><REACH who="3" ten="240,434,224,82" step="2"/><T3/><D126/><U103/><E84/><V113/><F113/><W86/><G86/><T125/><D125/><U94/><E73/><V133/><F133/><W119/><G119/><T17/><D3/><U45/><E45/><V59/><F38/><W80/><G80/><N who="0" m="49639" /><D63/><U95/><E81/><V30/><F46/><W134/><G134/><T34/><D34/><U56/><E83/><V99/><F7/><W72/><G72/><T123/><D123/><U9/><E35/><V4/><F4/><W58/><G58/><T60/><D60/><U74/><E74/><V29/><F1/><W120/><G120/><T32/><D32/><U20/><E33/><V75/><F75/><W61/><G61/><T21/><D17/><AGARI ba="1,2" hai="12,13,15,17,18,62,65,68,96,98,100,102,105,107" machi="17" ten="40,12000,1" yaku="1,1,9,1,52,2,53,0" doraHai="14" doraHaiUra="90" who="3" fromWho="0" sc="240,-123,434,0,224,0,82,143" /><INIT seed="7,2,0,2,2,125" ten="117,434,224,225" oya="3" hai0="42,61,21,104,107,103,53,129,43,78,126,86,113" hai1="20,33,46,111,116,6,134,124,16,102,57,36,108" hai2="90,15,50,114,41,30,27,98,47,34,4,119,8" hai3="100,96,122,67,64,69,19,85,26,31,35,58,115"/><W49/><G122/><T71/><D126/><U109/><E33/><V127/><F127/><W99/><G115/><T93/><D113/><U60/><E124/><V105/><F114/><W48/><G96/><T95/><D104/><U110/><E110/><V18/><F119/><W91/><G58/><T87/><D107/><U23/><E116/><V11/><F105/><N who="3" m="63647" /><G19/><T77/><D71/><U9/><E134/><V52/><F98/><W10/><G10/><T55/><D103/><U37/><E102/><V92/><F92/><N who="3" m="54383" /><G67/><T2/><D21/><U56/><E23/><V5/><F90/><W24/><G26/><T14/><D14/><U84/><E57/><V29/><F29/><W97/><G97/><T80/><D80/><U17/><E17/><V101/><F101/><W68/><G68/><T120/><D120/><U40/><E108/><V88/><F88/><W130/><G130/><T13/><D13/><U128/><E128/><V63/><F11/><W121/><G121/><T123/><D123/><U112/><E112/><V38/><F63/><AGARI ba="2,0" hai="24,31,35,48,49,63,64,69" m="54383,63647" machi="63" ten="30,1500,0" yaku="25,1" doraHai="125" who="3" fromWho="2" sc="117,0,434,0,224,-21,225,21" /><INIT seed="7,3,0,5,0,115" ten="117,434,203,246" oya="3" hai0="129,50,46,118,82,15,106,53,127,37,52,41,86" hai1="59,6,114,133,61,72,128,123,57,88,29,19,70" hai2="116,130,74,28,109,121,120,31,122,34,71,21,81" hai3="100,32,20,135,60,85,126,36,76,132,101,96,22"/><W93/><G32/><T56/><D106/><U48/><E123/><V42/><F109/><W75/><G36/><T78/><D129/><U125/><E72/><V49/><F130/><W77/><G60/><T111/><D111/><U80/><E128/><V3/><F3/><W7/><G7/><T83/><D127/><U87/><E114/><V44/><F71/><W98/><G20/><T107/><D107/><U94/><E125/><V30/><F34/><W105/><G22/><T131/><D131/><U102/><E133/><N who="3" m="51274" /><G126/><T63/><D15/><U4/><E70/><V68/><F68/><W62/><G62/><T9/><D9/><U2/><E2/><V51/><F21/><W97/><G85/><T10/><D10/><U47/><E19/><V65/><F65/><W124/><G124/><T67/><D118/><U1/><E29/><V113/><F113/><W84/><G84/><T95/><D82/><U17/><E17/><V66/><F66/><W11/><G11/><T12/><D12/><U39/><E39/><N who="2" m="21599" /><F116/><W25/><G25/><T23/><D23/><U108/><E108/><V89/><F89/><N who="3" m="55343" /><G75/><T103/><REACH who="0" step="1"/><D37/><REACH who="0" ten="107,434,203,246" step="2"/><U33/><E33/><V26/><F26/><W69/><G105/><T112/><D112/><U79/><E1/><V91/><F122/><W0/><G0/><T45/><D45/><U35/><E35/><V16/><F121/><W24/><G24/><T119/><D119/><U134/><E61/><V43/><F120/><W27/><G27/><T13/><D13/><U8/><E87/><V117/><F117/><W99/><G101/><T54/><D54/><RYUUKYOKU ba="3,1" sc="107,30,434,-10,203,-10,246,-10" hai0="41,46,50,52,53,56,63,67,78,83,86,95,103" owari="137,-36.0,434,53.0,193,-21.0,236,4.0" /></mjloggm>