<mjloggm ver="2.3"><GO type="169" lobby="0"/><UN n0="%EF%BD%9E%E5%8E%9F%E6%9D%91%E5%92%8C%EF%BD%9E" n1="%6B%69%79%6F%64%61%69" n2="%E5%B0%B1%E6%B4%BB%E7%94%9F%40%E5%B7%9D%E6%9D%91%E8%BB%8D%E5%9B%A3" n3="%E3%82%83%E3%82%87%E3%81%83" dan="16,18,17,16" rate="2091.33,2226.52,2231.24,2050.95" sx="F,M,M,M"/><TAIKYOKU oya="0"/><INIT seed="0,0,0,3,4,42" ten="250,250,250,250" oya="0" hai0="123,38,134,6,101,52,30,110,120,57,106,133,26" hai1="83,129,11,45,98,127,104,130,84,46,65,89,5" hai2="20,80,69,115,58,23,25,12,66,29,0,63,60" hai3="50,54,37,7,33,59,44,122,62,81,116,64,34"/><T90/><D38/><U22/><E127/><V96/><F115/><W124/><G116/><T49/><D6/><U55/><E65/><V36/><F0/><W31/><G124/><T103/><D110/><U95/><E55/><V14/><F36/><W17/><G122/><T108/><D108/><U24/><E104/><V82/><F96/><W107/><G107/><T70/><D70/><U16/><E130/><V99/><F99/><W39/><G7/><T93/><D106/><U135/><E135/><N who="0" m="51721" /><D103/><U105/><E105/><V61/><F61/><W102/><G102/><T67/><D67/><U40/><E40/><V126/><F126/><W119/><G119/><T9/><D9/><U2/><E129/><V111/><F111/><W56/><G34/><N who="0" m="20823" /><D101/><AGARI ba="0,0" hai="2,5,11,16,22,24,45,46,83,84,89,95,98,101" machi="101" ten="30,7700,0" yaku="7,1,52,2,54,1" doraHai="42" who="1" fromWho="0" sc="250,-77,250,77,250,0,250,0" /><INIT seed="1,0,0,3,1,27" ten="173,327,250,250" oya="1" hai0="108,22,81,98,3,85,40,65,127,132,32,122,13" hai1="46,131,69,43,107,31,63,7,5,2,76,103,109" hai2="44,113,82,45,36,125,0,105,41,117,90,106,42" hai3="50,26,33,126,100,58,79,54,8,66,14,99,134"/><U128/><E76/><V78/><F117/><W64/><G126/><T75/><D108/><U88/><E109/><V89/><F125/><W48/><G134/><T72/><D32/><U47/><E47/><V17/><F113/><W52/><G79/><T34/><D34/><U71/><E103/><V73/><F17/><W68/><G68/><T110/><D110/><U118/><E107/><V56/><F56/><W94/><G26/><T93/><D3/><U4/><E2/><V77/><F0/><W92/><G92/><T124/><D132/><U70/><E118/><V19/><F19/><W55/><G33/><T25/><D122/><U37/><E31/><V112/><F112/><W121/><G121/><T23/><D72/><U86/><REACH who="1" step="1"/><E63/><REACH who="1" ten="173,317,250,250" step="2"/><V16/><F78/><W129/><G129/><T120/><D124/><U12/><E12/><V97/><F105/><W104/><G104/><T28/><D127/><U116/><E116/><V29/><F29/><W49/><REACH who="3" step="1"/><G58/><REACH who="3" ten="173,317,250,240" step="2"/><T91/><D120/><U60/><E60/><V62/><F62/><W96/><G96/><T130/><D130/><U15/><E15/><V83/><F97/><W119/><G119/><T10/><D98/><U57/><E57/><V80/><F106/><W135/><G135/><T61/><D13/><U53/><E53/><V67/><F77/><W24/><G24/><T123/><D123/><U111/><E111/><V74/><F74/><W21/><G21/><T9/><D75/><U18/><E18/><AGARI ba="0,2" hai="8,14,18,48,49,50,52,54,55,64,66,94,99,100" machi="18" ten="40,5200,0" yaku="1,1,8,1,54,1,53,0" doraHai="27" doraHaiUra="20" who="3" fromWho="1" sc="173,0,317,-52,250,0,240,72" /><INIT seed="2,0,0,0,3,63" ten="173,265,250,312" oya="2" hai0="93,92,55,58,46,57,52,6,89,76,62,59,129" hai1="32,29,102,70,124,61,1,43,47,30,115,116,13" hai2="126,24,26,73,66,120,53,83,79,33,111,72,117" hai3="114,45,96,41,134,19,87,122,7,16,37,81,14"/><V98/><F120/><W40/><G122/><T0/><D129/><U71/><E1/><V69/><F117/><W51/><G134/><T100/><D76/><U11/><E116/><V3/><F53/><W65/><G114/><T48/><D0/><U133/><E133/><V95/><F73/><W77/><G96/><T31/><D6/><U110/><E110/><V97/><F3/><W49/><G65/><T12/><D31/><U121/><E124/><V135/><F135/><W109/><G109/><T42/><D12/><U105/><E115/><V108/><F126/><W123/><G123/><T119/><D119/><U22/><E22/><V127/><F127/><W25/><G25/><T67/><D100/><U85/><E85/><V86/><F97/><W39/><G19/><T78/><D78/><U44/><E44/><V36/><F36/><W8/><G16/><T99/><REACH who="0" step="1"/><D93/><REACH who="0" ten="163,265,250,312" step="2"/><U132/><E30/><V20/><F33/><W68/><G68/><AGARI ba="0,1" hai="42,46,48,52,55,57,58,59,62,67,68,89,92,99" machi="68" ten="40,8000,1" yaku="1,1,2,1,52,1,54,1,53,0" doraHai="63" doraHaiUra="21" who="0" fromWho="3" sc="163,90,265,0,250,0,312,-80" /><INIT seed="3,0,0,3,4,39" ten="253,265,250,232" oya="3" hai0="101,63,21,128,94,53,98,81,121,91,85,6,103" hai1="73,92,14,100,119,24,5,18,117,13,66,99,16" hai2="79,48,105,43,60,83,62,57,59,11,90,0,22" hai3="97,70,114,1,109,26,133,131,29,10,68,8,38"/><W107/><G114/><T61/><D121/><U51/><E73/><V2/><F105/><W95/><G107/><T71/><D128/><U54/><E66/><V80/><F22/><W78/><G133/><T96/><D6/><U135/><E135/><V102/><F102/><W20/><G131/><T41/><D71/><U3/><E3/><V76/><F48/><W7/><G109/><T126/><D126/><U33/><E33/><V77/><F11/><W129/><G129/><T72/><D72/><U19/><E24/><V122/><F90/><W113/><G113/><T64/><D64/><U58/><REACH who="1" step="1"/><E5/><REACH who="1" ten="253,255,250,232" step="2"/><V104/><F122/><W67/><G67/><T132/><D132/><U86/><E86/><V111/><F111/><W84/><G1/><T134/><D134/><U130/><E130/><V65/><F65/><W34/><G34/><T47/><D21/><U45/><E45/><V17/><F2/><W87/><G7/><T49/><REACH who="0" step="1"/><D53/><REACH who="0" ten="243,255,250,232" step="2"/><U30/><E30/><V32/><F32/><W37/><G29/><T116/><D116/><AGARI ba="0,2" hai="13,14,16,18,19,51,54,58,92,99,100,116,117,119" machi="116" ten="40,5200,0" yaku="1,1,12,1,54,1,53,0" doraHai="39" doraHaiUra="23" who="1" fromWho="0" sc="243,-52,255,72,250,0,232,0" /><INIT seed="4,0,0,0,1,103" ten="191,327,250,232" oya="0" hai0="119,120,100,51,55,71,79,132,12,106,21,94,1" hai1="47,64,40,52,20,14,76,108,38,10,129,128,80" hai2="69,126,30,9,11,81,107,118,60,130,31,66,16" hai3="57,5,104,83,84,22,27,53,41,90,29,42,114"/><T7/><D119/><U58/><E20/><V23/><F118/><W0/><G114/><T18/><D120/><U45/><E64/><V77/><F130/><W72/><G72/><T59/><D132/><U54/><E47/><V86/><F126/><W63/><G0/><T2/><D71/><U112/><E108/><V102/><F31/><W101/><REACH who="3" step="1"/><G5/><REACH who="3" ten="191,327,250,222" step="2"/><T82/><D1/><U19/><E112/><V131/><F131/><N who="1" m="50249" /><E58/><V15/><REACH who="2" step="1"/><F30/><REACH who="2" ten="191,327,240,222" step="2"/><W32/><G32/><T111/><D111/><U122/><E122/><V74/><F74/><AGARI ba="0,2" hai="10,14,19,38,40,45,52,54,74,76,80" m="50249" machi="74" ten="30,2000,0" yaku="19,1,54,1" doraHai="103" who="1" fromWho="2" sc="191,0,327,40,240,-20,222,0" /><INIT seed="5,0,0,4,2,33" ten="191,367,220,222" oya="1" hai0="97,94,44,14,103,6,123,86,7,92,59,10,102" hai1="54,32,107,55,98,89,51,95,101,27,116,111,63" hai2="19,74,90,128,76,109,52,99,48,21,1,130,5" hai3="88,85,24,105,108,38,106,122,112,30,47,3,119"/><U46/><E116/><V58/><F109/><W64/><G122/><T84/><D123/><U73/><E73/><V28/><F28/><W2/><G108/><T75/><D75/><U56/><E111/><V61/><F74/><W31/><G64/><T16/><D44/><U77/><E77/><V104/><F76/><W53/><G31/><T60/><D86/><U43/><E32/><V66/><F104/><W65/><G65/><T125/><D125/><U18/><E27/><V134/><F134/><W0/><G112/><T69/><D69/><U79/><E79/><V12/><F99/><W67/><G67/><T133/><D133/><U82/><E18/><V50/><F90/><W93/><G119/><T127/><D127/><U20/><E20/><V68/><F50/><W72/><G72/><T121/><D121/><U35/><E35/><V62/><F62/><W80/><G53/><N who="0" m="33903" /><D84/><N who="1" m="50327" /><E107/><V132/><F132/><W126/><G126/><T42/><D42/><AGARI ba="0,0" hai="42,43,46,51,54,55,56,63,95,98,101" m="50327" machi="42" ten="30,1500,0" yaku="8,1" doraHai="33" who="1" fromWho="0" sc="191,-15,367,15,220,0,222,0" /><INIT seed="5,1,0,2,3,98" ten="176,382,220,222" oya="1" hai0="39,68,116,60,56,74,79,103,32,15,9,99,64" hai1="29,18,30,94,25,14,53,86,91,108,102,110,126" hai2="93,81,4,130,11,101,76,78,118,65,26,120,12" hai3="62,122,57,8,10,100,19,31,96,27,13,59,114"/><U71/><E71/><V127/><F120/><W34/><G122/><T21/><D32/><U83/><E126/><V77/><F118/><W121/><G114/><T132/><D116/><U55/><E25/><V97/><F127/><W85/><G121/><T36/><D132/><U90/><E102/><V6/><F130/><W54/><G59/><T42/><D42/><U104/><E104/><V20/><F65/><W28/><G85/><T58/><D21/><U92/><E83/><V1/><F1/><W115/><G115/><T72/><D58/><U135/><E135/><V117/><F117/><W75/><G75/><T111/><D111/><U113/><E113/><V0/><F0/><W44/><G44/><T63/><D79/><U50/><E55/><V82/><REACH who="2" step="1"/><F6/><REACH who="2" ten="176,382,210,222" step="2"/><W112/><G112/><T52/><D39/><U69/><E110/><V129/><F129/><W107/><REACH who="3" step="1"/><G31/><AGARI ba="1,1" hai="4,11,12,20,26,31,76,77,78,81,82,93,97,101" machi="31" ten="40,5200,0" yaku="1,1,8,1,52,1,53,0" doraHai="98" doraHaiUra="70" who="2" fromWho="3" sc="176,0,382,0,210,65,222,-55" /><INIT seed="6,0,0,0,4,124" ten="176,382,275,167" oya="2" hai0="88,80,61,28,62,38,121,37,79,133,5,55,130" hai1="76,40,7,25,20,30,22,68,77,84,78,56,46" hai2="12,110,119,11,3,51,45,57,23,91,75,81,135" hai3="94,95,120,92,106,96,16,123,36,74,112,100,107"/><V48/><F119/><W73/><G36/><T113/><D121/><N who="3" m="46665" /><G16/><T2/><D113/><U19/><E68/><V10/><F135/><W39/><G39/><T126/><D133/><U122/><E122/><V33/><F33/><W60/><G60/><T41/><D126/><U66/><E7/><V111/><F3/><W32/><G32/><T34/><D130/><U54/><E66/><V97/><F75/><N who="3" m="28683" /><G107/><T102/><D5/><U98/><E98/><V31/><F57/><W89/><G112/><T64/><D2/><U4/><E4/><V104/><F104/><W101/><G101/><T24/><D102/><U26/><E46/><V105/><F105/><W29/><G29/><T50/><D41/><U8/><E8/><V72/><F51/><W99/><AGARI ba="0,0" hai="89,92,94,95,96,99,100,106" m="28683,46665" machi="99" ten="40,2700,0" yaku="34,2" doraHai="124" who="3" fromWho="3" sc="176,-7,382,-7,275,-13,167,27" /><INIT seed="7,0,0,2,2,106" ten="169,375,262,194" oya="3" hai0="5,22,132,116,49,112,135,20,81,117,19,86,97" hai1="6,58,85,130,24,54,88,105,12,76,74,96,28" hai2="42,9,21,8,89,94,14,7,75,34,38,107,48" hai3="125,29,45,133,52,13,46,17,123,16,18,95,23"/><W108/><G125/><T84/><D5/><U109/><E109/><V37/><F75/><W83/><G133/><N who="0" m="51275" /><D97/><U35/><E130/><V27/><F34/><W53/><G108/><T39/><D39/><U44/><E44/><N who="3" m="17002" /><G123/><T129/><D129/><U99/><E105/><V115/><F107/><W57/><G83/><T43/><D43/><U110/><E110/><V10/><F115/><W1/><G1/><T25/><D112/><U111/><E74/><V51/><F38/><W90/><G29/><T93/><D93/><U50/><E76/><V3/><F37/><W104/><G104/><T70/><D70/><U82/><E111/><V103/><F42/><W128/><G128/><T31/><D49/><N who="2" m="19018" /><F103/><W120/><G120/><T41/><D41/><U127/><E127/><V30/><F3/><W98/><G53/><T79/><D86/><AGARI ba="0,0" hai="7,8,9,10,14,21,27,30,86,89,94" m="19018" machi="86" ten="30,1000,0" yaku="8,1" doraHai="106" who="2" fromWho="0" sc="169,-10,375,0,262,10,194,0" owari="159,-34.0,375,48.0,272,7.0,194,-21.0" /></mjloggm>