<mjloggm ver="2.3"><GO type="169" lobby="0"/><UN n0="%E8%A3%8F%E6%A0%97%E6%8B%BE%E3%81%84" n1="%E5%B0%B1%E6%B4%BB%E7%94%9F%40%E5%B7%9D%E6%9D%91%E8%BB%8D%E5%9B%A3" n2="%6D%6F%6E%6F%2D%31%34" n3="%6A%75%6E%6E%2E%69" dan="16,16,16,16" rate="2072.73,2154.77,2115.45,2134.64" sx="M,M,M,M"/><TAIKYOKU oya="0"/><INIT seed="0,0,0,0,1,128" ten="250,250,250,250" oya="0" hai0="55,34,88,121,131,68,14,80,50,83,76,112,89" hai1="42,106,35,69,13,117,73,102,46,64,22,125,110" hai2="49,10,65,94,44,77,82,24,26,63,124,132,54" hai3="85,0,37,87,111,31,116,6,119,114,48,40,127"/><T99/><D112/><U59/><E35/><V90/><F132/><W118/><G48/><T18/><D121/><U120/><E69/><V23/><F124/><W74/><G31/><T113/><D113/><U58/><E73/><V101/><F101/><W1/><G40/><T51/><D68/><U20/><E117/><V12/><F63/><W36/><G74/><T39/><D39/><N who="3" m="14921" /><G6/><T91/><D34/><U7/><E7/><V9/><F65/><W27/><G27/><T43/><D43/><U107/><E64/><V52/><F54/><W104/><G104/><T56/><D131/><U123/><E42/><V79/><F82/><N who="0" m="31274" /><D76/><N who="2" m="29258" /><F12/><W97/><G114/><T4/><D4/><U96/><E13/><V19/><F26/><W2/><G127/><T81/><N who="0" m="31282" /><T21/><DORA hai="25" /><D51/><U129/><E129/><V3/><F3/><W8/><G1/><T33/><D33/><U30/><E125/><V5/><F5/><W109/><G2/><T75/><D75/><U122/><E107/><V38/><F38/><W92/><G0/><T115/><D115/><U71/><E71/><V60/><F60/><W62/><G119/><T67/><D67/><U53/><E120/><V41/><F41/><W45/><G118/><T103/><D103/><U61/><E102/><V72/><F72/><W134/><G116/><T95/><AGARI ba="0,0" hai="14,18,21,50,55,56,88,89,91,95,99" m="31282" machi="95" ten="40,3900,0" yaku="8,1,54,1" doraHai="128,25" who="0" fromWho="0" sc="250,39,250,-13,250,-13,250,-13" /><INIT seed="0,1,0,3,1,22" ten="289,237,237,237" oya="0" hai0="8,101,18,9,52,14,114,98,20,61,42,120,97" hai1="5,69,35,94,75,43,86,23,110,44,125,95,85" hai2="109,89,90,7,107,117,134,29,3,100,96,83,72" hai3="45,130,33,112,91,60,34,59,99,49,84,0,38"/><T105/><D114/><U65/><E75/><V119/><F29/><W88/><G0/><T10/><D120/><U129/><E35/><V106/><F7/><W132/><G38/><T122/><D122/><U6/><E110/><V30/><F30/><W1/><G1/><T28/><D42/><U79/><E129/><V12/><F12/><W128/><G132/><T131/><D131/><N who="3" m="50217" /><G99/><T48/><D97/><U51/><E125/><V2/><F2/><W87/><G87/><N who="1" m="33290" /><E69/><V113/><F3/><W63/><G91/><N who="2" m="34825" /><F113/><W123/><G123/><T4/><D28/><U104/><E104/><N who="2" m="63495" /><F109/><W64/><G63/><T16/><D61/><U118/><E79/><N who="2" m="44519" /><F134/><W127/><G127/><T108/><D108/><U135/><E135/><V57/><F57/><W19/><G112/><T81/><D4/><U76/><E65/><V70/><F70/><W17/><G34/><T115/><D115/><U37/><E37/><V121/><F121/><W27/><G33/><T73/><D18/><U126/><E126/><V102/><F102/><W62/><G60/><T74/><D48/><U80/><E6/><V55/><F55/><N who="3" m="30127" /><G19/><T66/><D66/><U39/><E5/><V53/><F53/><W124/><G124/><T58/><D52/><U116/><E39/><V31/><F31/><W47/><G47/><T133/><D133/><U77/><E44/><V15/><F15/><W111/><G111/><T67/><D67/><U56/><E51/><V36/><F36/><W21/><G17/><T93/><D16/><U25/><E43/><V78/><F78/><W82/><G21/><T26/><D20/><RYUUKYOKU ba="1,0" sc="289,-15,237,-15,237,15,237,15" hai2="106,107,117,119" hai3="27,59,62,64,82,84,88" /><INIT seed="1,2,0,0,0,13" ten="274,222,252,252" oya="1" hai0="16,50,44,32,33,71,114,49,90,66,107,45,96" hai1="52,122,2,24,102,116,85,97,51,129,41,75,47" hai2="1,69,119,9,83,11,55,105,77,73,34,61,64" hai3="92,74,81,40,135,111,35,14,91,53,103,31,38"/><U57/><E122/><V89/><F119/><W126/><G53/><T22/><D114/><U58/><E116/><V100/><F55/><W94/><G14/><T125/><D125/><U70/><E70/><V80/><F80/><W120/><G31/><T59/><D71/><U132/><E75/><V82/><F82/><W8/><G8/><T101/><D90/><U93/><E129/><V65/><F89/><W88/><G35/><T36/><D36/><U15/><E2/><V39/><F65/><W21/><G21/><T27/><D49/><U28/><E132/><V128/><F11/><W84/><G40/><T134/><D134/><U26/><E58/><V0/><F39/><W43/><G43/><T4/><D4/><U95/><E15/><V76/><F77/><N who="3" m="46127" /><G38/><T29/><D33/><U25/><E85/><V30/><F9/><W115/><G115/><T124/><D124/><U108/><E108/><V60/><F61/><W48/><G120/><T6/><D6/><U12/><E12/><V87/><F128/><W78/><G111/><T67/><D59/><U112/><E112/><V42/><F87/><N who="3" m="52255" /><G135/><T121/><D121/><U56/><E56/><V123/><F123/><W109/><G109/><T54/><D45/><U98/><E28/><V17/><F1/><W10/><G126/><T5/><D5/><U133/><E133/><V79/><F0/><W19/><G74/><T7/><D7/><U110/><E110/><V99/><F42/><W3/><G3/><T104/><D29/><U20/><E20/><V127/><F127/><W131/><G131/><T106/><D32/><RYUUKYOKU ba="2,0" sc="274,30,222,-10,252,-10,252,-10" hai0="16,22,27,44,50,54,66,67,96,101,104,106,107" /><INIT seed="2,3,0,1,4,127" ten="304,212,242,242" oya="2" hai0="128,132,83,122,30,65,9,49,106,40,22,21,11" hai1="2,115,121,7,17,112,4,64,133,37,28,120,91" hai2="94,69,25,99,20,55,104,92,59,54,131,45,12" hai3="123,27,119,44,68,87,18,74,63,58,96,111,134"/><V41/><F69/><W105/><G74/><T1/><D122/><N who="1" m="47211" /><E37/><V66/><F131/><W129/><G68/><T73/><D106/><U34/><E64/><V98/><F12/><W108/><G129/><T75/><D128/><U8/><E91/><V90/><F104/><W32/><G44/><T76/><D65/><U39/><E39/><V78/><F78/><W56/><G87/><T42/><D30/><U126/><E126/><V114/><F114/><N who="1" m="43561" /><E133/><V46/><F55/><W52/><G134/><T102/><D132/><U116/><E116/><V135/><F66/><W117/><G123/><T10/><D73/><U16/><E7/><V100/><F41/><W60/><G96/><T51/><D102/><U103/><E103/><V110/><F110/><N who="3" m="42027" /><G105/><T97/><D97/><U31/><E31/><N who="2" m="17831" /><F135/><W15/><G119/><T53/><D42/><U72/><E72/><V33/><F33/><W48/><G117/><T107/><D40/><U57/><E57/><V61/><AGARI ba="3,0" hai="45,46,54,59,61,90,92,94,98,99,100" m="17831" machi="61" ten="30,1500,0" yaku="8,1" doraHai="127" who="2" fromWho="2" sc="304,-8,212,-8,242,24,242,-8" /><INIT seed="2,4,0,0,0,97" ten="296,204,266,234" oya="2" hai0="91,16,116,41,48,98,44,106,127,74,105,60,7" hai1="84,68,110,126,50,103,58,96,1,27,23,90,69" hai2="8,31,3,0,55,122,30,107,21,73,63,78,104" hai3="93,61,67,118,95,38,79,2,112,102,120,36,17"/><V135/><F122/><W119/><G2/><T125/><D74/><U131/><E1/><V117/><F117/><W59/><G79/><T86/><D116/><U65/><E110/><V132/><F55/><W64/><G17/><T29/><D29/><N who="2" m="10762" /><F63/><W49/><G49/><T33/><D7/><U26/><E126/><N who="0" m="48137" /><D33/><U32/><E32/><V10/><F21/><W57/><G61/><T82/><D98/><U53/><E131/><V47/><F47/><W39/><G39/><T13/><D60/><U37/><E37/><V6/><F78/><W134/><G112/><T4/><D4/><U113/><E65/><V129/><F73/><W101/><REACH who="3" step="1"/><G120/><REACH who="3" ten="296,204,266,224" step="2"/><T18/><D18/><U108/><E113/><V130/><F0/><W128/><G128/><N who="2" m="49257" /><F6/><W22/><G22/><AGARI ba="4,1" hai="13,16,22,41,44,48,82,86,91,105,106" m="48137" machi="22" ten="30,2000,0" yaku="18,1,54,1" doraHai="97" who="0" fromWho="3" sc="296,42,204,0,266,0,224,-32" /><INIT seed="3,0,0,2,5,104" ten="338,204,266,192" oya="3" hai0="78,97,88,31,100,22,53,28,74,40,26,128,125" hai1="102,13,131,66,55,48,90,19,17,92,52,119,95" hai2="101,135,118,42,54,63,98,106,77,110,109,91,50" hai3="79,9,80,76,68,12,5,122,45,85,56,6,34"/><W114/><G68/><T36/><D128/><U30/><E131/><V107/><F63/><W7/><G34/><T11/><D125/><U113/><E113/><V126/><F42/><W105/><G114/><T96/><D40/><U59/><E30/><V75/><F118/><W134/><G122/><T116/><D36/><U112/><E112/><V93/><F107/><W46/><G105/><T1/><D116/><U25/><E119/><V133/><F54/><W73/><G56/><T35/><D53/><U21/><E66/><V57/><F57/><W39/><G134/><N who="2" m="51209" /><F50/><W16/><REACH who="3" step="1"/><G39/><REACH who="3" ten="338,204,266,182" step="2"/><T41/><D35/><U18/><E102/><V49/><F126/><W132/><G132/><T24/><D100/><U4/><E55/><V60/><F60/><W14/><G14/><T111/><D1/><U47/><E59/><V71/><F71/><W20/><G20/><T23/><D23/><U117/><E117/><V86/><F49/><W33/><G33/><T99/><D22/><U81/><E21/><V70/><F70/><W124/><G124/><T120/><D120/><U87/><E25/><V123/><F123/><W84/><G84/><T121/><D24/><U27/><E27/><V89/><F101/><W129/><G129/><T38/><D26/><U64/><E64/><V0/><F106/><W3/><G3/><T67/><D67/><U2/><E2/><V51/><F51/><W94/><G94/><T103/><D38/><U8/><AGARI ba="0,1" hai="4,8,13,17,18,19,47,48,52,81,87,90,92,95" machi="8" ten="30,4000,0" yaku="0,1,8,1,54,1" doraHai="104" who="1" fromWho="1" sc="338,-10,204,50,266,-10,182,-20" /><INIT seed="4,0,0,0,4,100" ten="328,254,256,162" oya="0" hai0="78,20,104,11,103,107,94,122,17,76,48,49,62" hai1="87,134,71,63,118,68,24,82,59,135,69,92,77" hai2="44,102,39,61,28,14,72,56,70,74,86,38,37" hai3="12,112,108,4,79,27,47,9,19,40,80,105,96"/><T90/><D122/><U42/><E118/><V114/><F70/><W22/><G112/><T0/><D0/><U43/><E24/><V67/><F114/><W55/><G55/><T13/><D103/><U120/><E92/><V81/><F28/><W53/><G53/><T30/><D62/><U119/><E119/><V33/><F33/><W97/><G108/><T121/><D121/><U88/><E77/><V65/><F67/><W113/><G105/><T51/><D30/><U98/><E98/><V32/><F32/><W15/><G27/><T57/><D11/><U116/><E120/><V85/><F102/><W99/><G113/><T127/><D127/><U131/><E131/><V31/><F31/><W45/><REACH who="3" step="1"/><G40/><REACH who="3" ten="328,254,256,152" step="2"/><T34/><D107/><U129/><E129/><V123/><F123/><W91/><G91/><T73/><D104/><U26/><E26/><V21/><F65/><W52/><G52/><T8/><D90/><U66/><E116/><V3/><F61/><W124/><G124/><T83/><D76/><U46/><REACH who="1" step="1"/><E43/><REACH who="1" ten="328,244,256,152" step="2"/><V5/><F44/><W95/><G95/><T110/><D94/><U115/><E115/><V36/><F81/><W125/><G125/><T10/><D110/><U75/><E75/><AGARI ba="0,2" hai="4,9,12,15,19,22,45,47,75,79,80,96,97,99" machi="75" ten="40,1300,0" yaku="1,1,53,0" doraHai="100" doraHaiUra="117" who="3" fromWho="1" sc="328,0,244,-13,256,0,152,33" /><INIT seed="5,0,0,1,1,4" ten="328,231,256,185" oya="1" hai0="81,99,24,59,52,113,22,9,13,34,116,118,26" hai1="100,115,14,70,16,12,108,82,91,76,21,5,38" hai2="29,57,2,105,75,106,130,64,25,109,124,1,93" hai3="104,134,80,68,110,103,87,43,73,79,23,20,60"/><U17/><E70/><V83/><F109/><W36/><G110/><T10/><D113/><U11/><E38/><V122/><F122/><W92/><G43/><T94/><D81/><U117/><E108/><V63/><F130/><W56/><G36/><T111/><D111/><U96/><E117/><V8/><F124/><W47/><G47/><T126/><D126/><U102/><E115/><V132/><F132/><W78/><G68/><T74/><D74/><U55/><E55/><V7/><F2/><W88/><G79/><T101/><D34/><U15/><E91/><V58/><F75/><W0/><G0/><T119/><D13/><U31/><E31/><V35/><F83/><W69/><G69/><T50/><REACH who="0" step="1"/><D26/><REACH who="0" ten="318,231,256,185" step="2"/><U98/><E82/><V6/><F6/><W66/><REACH who="3" step="1"/><G134/><REACH who="3" ten="318,231,256,175" step="2"/><T28/><AGARI ba="0,2" hai="9,10,22,24,28,50,52,59,94,99,101,116,118,119" machi="28" ten="30,12000,2" yaku="1,1,2,1,0,1,52,2,54,1,53,0" doraHai="4" doraHaiUra="61" who="0" fromWho="0" sc="318,140,231,-60,256,-30,175,-30" /><INIT seed="6,0,0,3,2,36" ten="458,171,226,145" oya="2" hai0="117,93,45,104,115,128,1,90,124,81,54,89,110" hai1="129,11,50,111,102,0,37,53,85,61,5,14,84" hai2="41,47,38,32,134,126,71,42,39,119,100,26,34" hai3="28,63,122,101,58,86,52,7,95,57,68,83,31"/><V99/><F119/><W59/><G68/><T6/><D104/><U127/><E37/><V51/><F134/><W107/><G107/><T97/><D110/><U133/><E111/><V88/><F126/><W35/><G7/><T75/><D124/><U113/><E127/><V118/><F118/><W108/><G108/><T82/><D75/><U66/><E133/><V56/><F71/><W8/><G8/><T74/><D74/><U120/><E129/><V46/><F26/><W70/><G70/><T40/><D117/><U91/><E102/><V43/><F56/><N who="3" m="21611" /><G35/><T62/><D54/><U49/><E0/><V60/><F60/><W87/><G122/><T92/><D115/><U69/><E113/><V55/><F38/><W67/><G67/><T22/><D22/><U27/><E120/><V80/><F34/><W16/><G16/><T106/><D106/><U123/><E123/><V33/><F32/><W18/><G18/><T96/><D128/><U114/><E114/><V17/><F17/><W103/><G87/><T109/><D62/><U25/><E84/><N who="2" m="50183" /><F33/><W12/><G12/><T77/><D109/><U112/><E112/><V24/><F24/><W3/><G3/><T121/><D121/><U44/><E50/><N who="2" m="29151" /><F39/><W130/><G130/><T78/><D1/><U19/><E5/><V65/><F65/><W79/><G28/><T9/><D6/><U98/><E98/><V15/><F15/><W4/><G31/><T116/><D116/><U72/><E72/><V13/><F13/><W94/><G4/><T20/><D97/><U10/><E10/><V125/><F125/><RYUUKYOKU ba="0,0" sc="458,-30,171,10,226,10,145,10" hai1="11,14,19,25,27,44,49,53,61,66,69,85,91" hai2="41,42,43,46,51,99,100" hai3="52,59,63,79,83,86,94,95,101,103" /><INIT seed="6,1,0,0,5,3" ten="428,181,236,155" oya="2" hai0="40,55,89,81,46,112,84,6,83,15,102,123,14" hai1="60,11,31,93,8,116,42,19,101,132,108,107,37" hai2="98,78,63,103,36,77,20,64,52,50,16,119,113" hai3="130,110,26,35,33,10,128,1,82,133,61,23,24"/><V18/><F113/><W126/><G61/><T9/><D123/><U0/><E107/><V99/><F119/><W75/><G82/><T129/><D112/><U114/><E108/><V134/><F134/><W118/><G75/><T41/><D129/><N who="3" m="49769" /><G110/><T43/><D102/><U59/><E114/><V70/><F36/><W29/><G133/><T73/><D15/><U34/><E132/><V85/><F85/><W135/><G135/><T25/><D25/><U44/><E116/><V104/><F98/><W121/><G121/><T117/><D117/><U91/><E101/><V65/><F18/><N who="3" m="12407" /><G118/><T131/><D131/><U66/><E0/><V13/><F65/><W57/><G57/><AGARI ba="1,0" hai="13,16,20,50,52,57,63,64,70,77,78,99,103,104" machi="57" ten="30,5800,0" yaku="7,1,54,2" doraHai="3" who="2" fromWho="3" sc="428,0,181,0,236,61,155,-61" /><INIT seed="6,2,0,4,2,25" ten="428,181,297,94" oya="2" hai0="79,75,9,46,85,81,111,55,114,119,18,1,98" hai1="0,10,109,112,44,113,28,63,122,50,39,74,77" hai2="124,6,11,131,23,61,40,67,13,60,14,45,101" hai3="54,99,130,126,72,24,7,128,118,52,127,94,125"/><V92/><F131/><N who="3" m="50219" /><G7/><T16/><D111/><U35/><E109/><V95/><F124/><N who="3" m="31747" /><W86/><DORA hai="104" /><G72/><T96/><D75/><U42/><E50/><N who="2" m="26919" /><F101/><N who="3" m="60663" /><G118/><T19/><D119/><U87/><E87/><V107/><F107/><W49/><G86/><T88/><D1/><U117/><E63/><N who="2" m="24139" /><F67/><W41/><G24/><T90/><D9/><U73/><E122/><V57/><F57/><W15/><G15/><T103/><D103/><U65/><E65/><V134/><F134/><W91/><G91/><N who="0" m="34859" /><D114/><N who="1" m="44139" /><E117/><V26/><F13/><W58/><G54/><T56/><D46/><U105/><E105/><V89/><F89/><W78/><G78/><T37/><D37/><U100/><E100/><V53/><F53/><W69/><G41/><T3/><D3/><U27/><E77/><V135/><F135/><W106/><G106/><T62/><AGARI ba="2,0" hai="16,18,19,55,56,62,79,81,85,96,98" m="34859" machi="62" ten="30,4000,0" yaku="8,1,54,2" doraHai="25,104" who="0" fromWho="0" sc="428,46,181,-12,297,-22,94,-12" /><INIT seed="7,0,0,3,4,108" ten="474,169,275,82" oya="3" hai0="61,87,114,4,58,42,121,22,118,77,53,15,51" hai1="48,41,115,124,50,119,63,111,31,40,72,123,101" hai2="32,86,131,127,83,38,16,70,33,128,66,97,104" hai3="7,28,134,11,57,129,99,130,69,67,96,36,5"/><W60/><G36/><T98/><D98/><N who="3" m="37417" /><G28/><T132/><D87/><U90/><E72/><V52/><F38/><W24/><G24/><T6/><D77/><U85/><E111/><V29/><F29/><W35/><G35/><T39/><D61/><U79/><E101/><V89/><F33/><W47/><G47/><T43/><D4/><U3/><E79/><V0/><F0/><W12/><G7/><T14/><D6/><U78/><E78/><V117/><F117/><W113/><G69/><T64/><D43/><U49/><E3/><V17/><F32/><W9/><G9/><T34/><D15/><U91/><E123/><V76/><F17/><W95/><G95/><T18/><D14/><U73/><E73/><V59/><F70/><W74/><G74/><T13/><D13/><U100/><E119/><V27/><F66/><W54/><G67/><T71/><D34/><U105/><E31/><V120/><F120/><W10/><G10/><T62/><D121/><U21/><E21/><V122/><F122/><W116/><G116/><T37/><D118/><U103/><E105/><V82/><F104/><W1/><G1/><T88/><D37/><U30/><E30/><V110/><F27/><W25/><G25/><T44/><D39/><U55/><E41/><V107/><F107/><W81/><G81/><T56/><D42/><U46/><E40/><V65/><F83/><W2/><G134/><T80/><D132/><U20/><E46/><V84/><F65/><W109/><G109/><T93/><D71/><U45/><E45/><V8/><F110/><W102/><G113/><RYUUKYOKU ba="0,0" sc="474,0,169,0,275,0,82,0" owari="474,57.0,169,-23.0,275,8.0,82,-42.0" /></mjloggm>