<mjloggm ver="2.3"><GO type="169" lobby="0"/><UN n0="%E3%83%96%E3%83%AB%E3%83%96%E3%83%AB%E3%83%8F%E3%83%BC%E3%83%84" n1="%E3%82%B3%E3%83%B3%E3%83%81%E2%85%A2" n2="%E5%B0%B1%E6%B4%BB%E7%94%9F%40%E5%B7%9D%E6%9D%91%E8%BB%8D%E5%9B%A3" n3="%E8%8D%89%E5%8E%9F%E3%81%AE%E6%B6%BC%E9%A2%A8" dan="18,17,17,16" rate="2181.42,2248.89,2238.93,2136.34" sx="M,M,M,F"/><TAIKYOKU oya="0"/><INIT seed="0,0,0,4,1,48" ten="250,250,250,250" oya="0" hai0="66,88,85,50,95,86,133,39,56,127,14,112,36" hai1="80,131,44,107,17,124,76,91,104,46,64,5,116" hai2="54,110,7,98,128,10,20,60,115,81,23,53,100" hai3="67,93,106,55,90,8,68,21,135,3,42,30,89"/><T49/><D112/><U82/><E116/><V111/><F115/><W71/><G106/><T19/><D127/><U65/><E5/><V118/><F81/><W58/><G42/><T9/><D133/><U77/><E124/><V103/><F60/><W123/><G135/><T72/><D72/><U108/><E108/><N who="2" m="41515" /><F128/><W113/><G67/><T18/><D49/><U126/><E126/><V4/><F4/><W26/><G3/><T24/><D66/><U63/><E63/><V29/><F118/><W114/><G8/><T2/><D2/><U45/><E91/><V41/><F41/><W79/><G79/><T120/><D120/><U27/><E45/><V99/><F99/><N who="3" m="57775" /><G90/><T6/><D85/><U117/><E117/><V62/><F62/><N who="3" m="36191" /><G30/><T57/><D57/><U0/><E0/><N who="2" m="359" /><F103/><W70/><G123/><T37/><REACH who="0" step="1"/><D24/><REACH who="0" ten="240,250,250,250" step="2"/><U73/><E27/><N who="2" m="16615" /><F23/><W121/><G121/><T11/><D11/><U43/><E65/><V119/><F119/><W12/><G113/><T74/><D74/><U35/><E64/><V122/><F122/><W61/><G114/><T97/><D97/><U75/><E35/><V129/><F129/><W59/><G61/><T47/><D47/><U31/><E131/><V134/><F134/><W94/><G68/><T25/><D25/><U132/><E132/><V105/><AGARI ba="0,1" hai="53,54,98,100,105" m="16615,359,41515" machi="105" ten="30,4000,0" yaku="14,1,52,2" doraHai="48" who="2" fromWho="2" sc="240,-20,250,-10,250,50,250,-10" /><INIT seed="1,0,0,5,1,7" ten="220,240,300,240" oya="1" hai0="123,2,15,46,67,27,64,122,104,75,121,91,42" hai1="23,78,29,113,33,77,53,47,128,32,24,131,36" hai2="5,19,57,13,108,45,65,38,102,35,52,81,89" hai3="90,44,125,93,62,12,80,74,135,106,130,119,129"/><U4/><E113/><V60/><F35/><N who="1" m="13385" /><E4/><V17/><F108/><W28/><G106/><T103/><D2/><U14/><E14/><V20/><F102/><W8/><G119/><T1/><D1/><U11/><E11/><N who="2" m="4335" /><F38/><W111/><G111/><T114/><D114/><U70/><E70/><V41/><F41/><W115/><G115/><T63/><D75/><U54/><E36/><V118/><F118/><W92/><G28/><T124/><D27/><U117/><E117/><V110/><F110/><W83/><G44/><T133/><D91/><U16/><E29/><V37/><F37/><W21/><G21/><T76/><D76/><N who="1" m="29291" /><E47/><V73/><F73/><W43/><G43/><T59/><D103/><U3/><E3/><V132/><F132/><W94/><G135/><T49/><D104/><U101/><E101/><V127/><F127/><W99/><G125/><T109/><D109/><U84/><E84/><N who="2" m="50319" /><F20/><W79/><G80/><T88/><D133/><U71/><E71/><V34/><F34/><W86/><G62/><T55/><D124/><U107/><E107/><V100/><F100/><W85/><G74/><T87/><REACH who="0" step="1"/><D15/><REACH who="0" ten="210,240,300,240" step="2"/><U82/><E82/><AGARI ba="0,1" hai="42,46,49,55,59,63,64,67,82,87,88,121,122,123" machi="82" ten="40,8000,1" yaku="1,1,2,1,13,1,54,1,53,1" doraHai="7" doraHaiUra="48" who="0" fromWho="1" sc="210,90,240,-80,300,0,240,0" /><INIT seed="2,0,0,1,3,6" ten="300,160,300,240" oya="2" hai0="18,123,91,2,103,73,135,3,134,56,46,81,112" hai1="110,85,133,58,86,82,93,40,124,65,19,21,55" hai2="92,80,4,30,70,83,0,1,125,42,12,115,96" hai3="122,11,118,59,10,48,33,32,20,76,35,94,29"/><V69/><F115/><W67/><G118/><T57/><D112/><U90/><E124/><V47/><F125/><W49/><G122/><T9/><D103/><U127/><E133/><N who="0" m="50697" /><D46/><U22/><E110/><V107/><F30/><W72/><G72/><T79/><D123/><U71/><E127/><V108/><F107/><W84/><G67/><T31/><D31/><U23/><E40/><V109/><F12/><W54/><G49/><T78/><D91/><U62/><E71/><V28/><F28/><W101/><G101/><T120/><D78/><U68/><E68/><V98/><F4/><W13/><G29/><T87/><D87/><U43/><E43/><V24/><F47/><W53/><G53/><T64/><D64/><U100/><E100/><V8/><F42/><W7/><G7/><N who="0" m="1271" /><D3/><U99/><E65/><V39/><F92/><W104/><G104/><T63/><D63/><U77/><REACH who="1" step="1"/><E86/><REACH who="1" ten="300,150,300,240" step="2"/><V102/><F102/><W36/><G36/><T131/><D120/><U45/><E45/><V119/><F39/><W44/><G44/><T26/><D57/><U95/><E95/><V106/><F106/><W38/><G38/><T15/><D56/><U17/><AGARI ba="0,1" hai="17,19,21,22,23,55,58,62,77,82,85,90,93,99" machi="17" ten="30,7900,0" yaku="1,1,0,1,8,1,53,1" doraHai="6" doraHaiUra="50" who="1" fromWho="1" sc="300,-20,150,89,300,-39,240,-20" /><INIT seed="3,0,0,4,4,45" ten="280,239,261,220" oya="3" hai0="99,92,93,98,128,35,127,22,86,34,109,2,135" hai1="53,5,38,6,27,102,117,42,90,50,83,133,0" hai2="123,55,18,36,19,15,63,76,65,96,80,82,64" hai3="54,91,24,62,28,3,4,16,119,26,124,125,100"/><W25/><G119/><T88/><D2/><U118/><E102/><V33/><F36/><W17/><G100/><T67/><D109/><U121/><E121/><V30/><F123/><W85/><G3/><T107/><D67/><U40/><E38/><V60/><F33/><W1/><G1/><T113/><D35/><U111/><E111/><V130/><F30/><W7/><G28/><T95/><D34/><U31/><E133/><V39/><F39/><W10/><G124/><T8/><D22/><U49/><E53/><V126/><F130/><W104/><G104/><T66/><D8/><N who="1" m="2087" /><E6/><N who="3" m="2090" /><G10/><T73/><D66/><U20/><E90/><V106/><F106/><W103/><G103/><N who="0" m="62975" /><D135/><U134/><E83/><V21/><F126/><W75/><G75/><T23/><D23/><U112/><E112/><V44/><F18/><N who="3" m="7275" /><G125/><T110/><D110/><U94/><E94/><N who="0" m="36457" /><D127/><U46/><E46/><V132/><F44/><W13/><G13/><T77/><D128/><U72/><E72/><V69/><F132/><W89/><G85/><T78/><D73/><U47/><E134/><V41/><F69/><W105/><G105/><T43/><D113/><U61/><E61/><V87/><F87/><W97/><G97/><T122/><D122/><U79/><E47/><V59/><F96/><W11/><G11/><T81/><D43/><N who="1" m="16427" /><E79/><AGARI ba="0,0" hai="77,78,79,81,86,88,95,98" m="36457,62975" machi="79" ten="30,12000,2" yaku="35,5,54,1" doraHai="45" who="0" fromWho="1" sc="280,120,239,-120,261,0,220,0" /><INIT seed="4,0,0,0,4,127" ten="400,119,261,220" oya="0" hai0="69,7,26,43,94,97,3,45,20,132,134,37,123" hai1="34,130,25,88,96,42,14,0,89,125,55,13,41" hai2="65,120,95,102,16,27,21,31,1,60,116,111,2" hai3="23,119,135,114,24,121,15,28,33,67,63,78,126"/><T98/><D123/><U100/><E0/><V133/><F120/><W108/><G108/><T32/><D32/><U117/><E125/><V11/><F116/><W8/><G119/><T105/><D69/><U122/><E122/><V22/><F11/><W54/><G114/><T39/><D39/><U87/><E117/><V103/><F133/><W72/><G135/><T90/><D7/><U51/><E34/><V52/><F111/><W4/><G126/><T5/><D5/><U71/><E71/><V53/><F2/><W128/><G121/><T46/><D46/><U76/><E76/><V74/><F74/><W131/><G54/><N who="2" m="21097" /><F95/><W49/><G49/><T92/><D105/><U17/><E25/><N who="2" m="16815" /><F1/><W9/><G9/><T36/><D36/><U48/><E130/><N who="3" m="49706" /><G78/><T99/><D3/><U19/><E55/><V58/><AGARI ba="0,0" hai="16,22,27,58,60,65,102,103" m="16815,21097" machi="58" ten="30,4000,0" yaku="8,1,54,2" doraHai="127" who="2" fromWho="2" sc="400,-20,119,-10,261,40,220,-10" /><INIT seed="5,0,0,3,2,78" ten="380,109,301,210" oya="1" hai0="87,93,58,38,51,56,130,42,15,4,82,35,62" hai1="126,89,100,120,33,45,81,111,83,70,68,66,41" hai2="134,0,118,61,22,114,69,40,67,50,55,46,105" hai3="124,44,73,107,117,115,28,52,20,88,18,77,108"/><U102/><E120/><V49/><F0/><W43/><G108/><T109/><D35/><U91/><E33/><V101/><F105/><W121/><G121/><T92/><D38/><U132/><E111/><V30/><F101/><N who="1" m="39017" /><E66/><V60/><F22/><W65/><G107/><T9/><D130/><U59/><E59/><N who="2" m="34943" /><F30/><W116/><G28/><T64/><D109/><U96/><E45/><N who="2" m="25767" /><F134/><W86/><G65/><T79/><D56/><U54/><E54/><N who="2" m="30039" /><F114/><W129/><G115/><T16/><D4/><U74/><E41/><V36/><F118/><W53/><G116/><T17/><D17/><U19/><E19/><V112/><F112/><W125/><G117/><T95/><D42/><U39/><E39/><AGARI ba="0,0" hai="36,39,61,67,69" m="30039,25767,34943" machi="39" ten="30,8000,1" yaku="35,5" doraHai="78" who="2" fromWho="1" sc="380,0,109,-80,301,80,210,0" /><INIT seed="6,0,0,0,0,42" ten="380,29,381,210" oya="2" hai0="40,119,57,96,26,10,0,121,100,124,76,117,86" hai1="71,125,87,104,8,22,67,133,127,128,79,102,24" hai2="39,31,65,51,45,7,106,11,111,69,73,1,122" hai3="113,130,94,9,15,90,129,13,58,120,74,52,84"/><V66/><F122/><W97/><G74/><T17/><D121/><U60/><E102/><V18/><F106/><W36/><G36/><T54/><D124/><N who="1" m="47691" /><E104/><V28/><F39/><W126/><G113/><T131/><D131/><N who="3" m="50185" /><G126/><T118/><D40/><U53/><E8/><V105/><F105/><W25/><G120/><T80/><D26/><U114/><E114/><V59/><F69/><W30/><G84/><T29/><D29/><U6/><E6/><V37/><F73/><W99/><G99/><T2/><D17/><U108/><E108/><V78/><F78/><W135/><G135/><T75/><D10/><U55/><E133/><V85/><F37/><W3/><G3/><T61/><REACH who="0" step="1"/><D75/><REACH who="0" ten="370,29,381,210" step="2"/><U91/><E128/><V21/><F31/><W44/><G9/><T132/><D132/><U20/><E79/><V107/><F28/><W72/><G72/><T77/><D77/><U115/><E115/><V89/><F111/><W93/><G30/><T116/><N who="0" m="29696" /><DORA hai="112" /><T95/><AGARI ba="0,1" hai="0,2,54,57,61,76,80,86,95,96,100" m="29696" machi="95" ten="60,16000,3" yaku="1,1,4,1,0,1,12,1,52,4,53,1" doraHai="42,112" doraHaiUra="92,14" who="0" fromWho="0" sc="370,170,29,-40,381,-80,210,-40" owari="540,64.0,-11,-51.0,301,10.0,170,-23.0" /></mjloggm>