<mjloggm ver="2.3"><GO type="169" lobby="0"/><UN n0="%E5%BE%A9%E8%AE%90%E3%81%A1%E3%82%83%E3%82%93" n1="%E3%82%A6%E3%83%AB%E3%83%88%E3%83%A9%E7%AB%8B%E7%9B%B4" n2="%E9%BA%BB%E9%9B%80%E7%89%87%E6%83%B3%E3%81%84" n3="%7A%65%72%6F%52%58" dan="16,17,16,17" rate="2166.46,2142.38,2096.46,2206.24" sx="F,M,M,M"/><TAIKYOKU oya="0"/><INIT seed="0,0,0,5,2,34" ten="250,250,250,250" oya="0" hai0="123,49,6,113,135,18,74,96,57,112,99,80,37" hai1="98,27,19,3,120,77,25,52,119,16,41,121,133" hai2="35,28,91,11,100,44,7,86,17,4,47,36,65" hai3="48,15,89,101,97,61,54,60,116,78,117,110,2"/><T32/><D37/><U134/><E41/><V87/><F87/><W114/><G110/><T21/><D32/><U45/><E98/><V82/><F100/><W26/><G114/><T127/><D123/><U71/><E71/><V126/><F126/><W132/><G132/><N who="1" m="50794" /><E77/><V39/><F4/><W62/><G26/><N who="1" m="9738" /><E119/><V10/><F28/><W76/><G89/><T67/><D127/><U56/><E45/><V130/><F35/><W53/><G78/><T104/><D80/><U43/><E43/><V81/><F81/><W29/><G76/><T14/><D74/><U118/><E118/><V90/><F90/><W122/><G122/><N who="1" m="47210" /><E3/><V83/><F83/><W108/><G2/><T75/><D75/><U128/><E128/><V79/><F130/><W129/><G129/><T55/><D135/><U58/><E58/><V42/><F79/><W5/><G97/><T85/><D112/><U111/><E111/><V72/><F72/><W9/><G108/><T95/><D113/><U103/><E103/><V109/><F109/><W12/><G101/><T73/><D73/><U23/><E23/><V20/><F44/><W13/><G48/><AGARI ba="0,0" hai="16,19,48,52,56" m="47210,9738,50794" machi="48" ten="30,3900,0" yaku="20,1,54,2" doraHai="34" who="1" fromWho="3" sc="250,0,250,39,250,0,250,-39" /><INIT seed="1,0,0,5,0,46" ten="250,289,250,211" oya="1" hai0="44,33,108,77,39,81,5,37,96,129,42,28,4" hai1="132,20,115,17,131,48,68,47,104,26,70,67,112" hai2="7,21,72,25,66,120,87,93,126,102,103,85,1" hai3="100,59,118,135,101,88,133,109,123,107,82,14,117"/><U50/><E104/><V75/><F120/><W116/><G14/><T24/><D108/><U57/><E131/><V127/><F66/><W65/><G123/><T114/><D129/><U22/><E132/><N who="3" m="50762" /><G107/><T73/><D114/><U122/><E122/><V92/><F7/><W86/><G65/><T41/><D96/><U61/><E70/><V34/><F1/><W119/><N who="3" m="29696" /><DORA hai="105" /><W18/><G18/><T19/><D19/><U0/><E0/><V62/><F34/><W121/><G121/><T11/><D41/><U49/><E68/><V29/><F62/><W110/><G59/><T94/><D94/><N who="2" m="36458" /><F87/><W36/><G36/><T60/><D60/><U89/><E115/><V76/><F76/><W79/><G79/><T58/><D58/><U99/><E112/><V52/><F52/><W134/><N who="3" m="50770" /><W54/><DORA hai="98" /><G54/><T23/><D39/><U84/><E99/><V40/><F85/><W43/><G43/><T32/><REACH who="0" step="1"/><D5/><REACH who="0" ten="240,289,250,211" step="2"/><U51/><E17/><V69/><F40/><W113/><G113/><T80/><D80/><N who="1" m="49287" /><E26/><V95/><F69/><W124/><G124/><N who="2" m="47657" /><F95/><W63/><G63/><T35/><D35/><U45/><E45/><V97/><F97/><W130/><G130/><T74/><D74/><AGARI ba="0,1" hai="21,25,29,72,74,75,102,103" m="47657,36458" machi="74" ten="30,12000,2" yaku="18,1,52,5" doraHai="46,105,98" who="2" fromWho="0" sc="240,-120,289,0,250,130,211,0" /><INIT seed="2,0,0,3,2,88" ten="120,289,380,211" oya="2" hai0="90,43,69,47,103,133,100,40,52,94,8,66,56" hai1="51,95,57,96,29,7,21,92,120,39,11,87,73" hai2="19,128,108,91,101,97,55,3,86,77,12,119,64" hai3="42,38,45,127,98,84,23,32,26,80,118,61,58"/><V50/><F3/><W124/><G118/><T67/><D133/><U36/><E73/><V13/><F119/><W37/><G32/><T28/><D28/><U15/><E120/><V9/><F77/><W17/><G98/><T62/><D8/><U132/><E132/><V123/><F123/><W117/><G38/><T83/><D83/><U49/><E39/><V135/><F128/><W54/><REACH who="3" step="1"/><G117/><REACH who="3" ten="120,289,380,201" step="2"/><T6/><D6/><U10/><E36/><V85/><F135/><W99/><G99/><T102/><D47/><U24/><E57/><V134/><F134/><W104/><G104/><T53/><D67/><U79/><E11/><V0/><F64/><W110/><G110/><T16/><D69/><U70/><E70/><V68/><F108/><W5/><G5/><T105/><D105/><U82/><E96/><V35/><F35/><W34/><G34/><T130/><D130/><U131/><E131/><V60/><F101/><W71/><G71/><T72/><D66/><U65/><E65/><V1/><F97/><W93/><G93/><AGARI ba="0,1" hai="7,10,15,21,24,29,49,51,79,82,87,92,93,95" machi="93" ten="40,8000,1" yaku="8,1,52,3" doraHai="88" who="1" fromWho="3" sc="120,0,289,90,380,0,201,-80" /><INIT seed="3,0,0,1,0,74" ten="120,379,380,121" oya="3" hai0="79,54,2,28,89,114,120,13,1,24,51,5,52" hai1="17,90,36,42,133,69,109,77,126,129,58,10,8" hai2="76,106,78,55,56,49,81,123,96,43,86,104,37" hai3="9,98,100,47,45,68,80,61,102,38,31,21,32"/><W4/><G102/><T11/><D120/><U107/><E58/><V33/><F33/><W50/><G38/><T41/><D114/><U103/><E90/><V113/><F113/><W116/><G116/><T95/><D41/><U125/><E17/><V6/><F123/><W105/><G21/><T110/><D110/><U91/><E91/><V7/><F104/><W62/><G80/><T115/><D115/><U73/><E8/><V134/><F134/><W71/><G62/><T108/><D108/><U63/><E10/><V59/><F37/><W99/><G99/><T23/><D79/><N who="2" m="30250" /><F106/><W111/><G111/><T121/><D54/><U92/><E109/><V94/><F43/><W29/><G29/><T135/><D135/><U34/><E34/><V16/><F59/><W12/><G50/><T20/><D20/><U128/><E107/><V3/><F3/><W48/><G48/><T132/><D132/><U93/><E133/><V124/><F124/><W40/><G40/><T82/><D82/><N who="1" m="45359" /><E42/><V131/><F131/><N who="1" m="50249" /><E36/><V18/><F86/><W72/><G72/><T75/><D75/><U53/><E126/><V97/><F81/><W15/><G68/><T44/><REACH who="0" step="1"/><D121/><REACH who="0" ten="110,379,380,121" step="2"/><U118/><E125/><V112/><F112/><W67/><REACH who="3" step="1"/><G12/><REACH who="3" ten="110,379,380,111" step="2"/><T83/><D83/><U0/><E118/><V84/><F84/><AGARI ba="0,2" hai="1,2,5,11,13,23,24,28,44,51,52,84,89,95" machi="84" ten="30,7700,0" yaku="1,1,7,1,54,1,53,1" doraHai="74" doraHaiUra="19" who="0" fromWho="2" sc="110,97,379,0,380,-77,111,0" /><INIT seed="4,0,0,4,3,49" ten="207,379,303,111" oya="0" hai0="62,92,124,115,81,130,15,38,129,19,3,100,47" hai1="29,96,58,45,64,123,135,87,44,76,69,7,95" hai2="12,112,126,125,104,116,6,24,34,109,118,84,73" hai3="134,48,56,114,121,133,27,46,110,52,25,90,93"/><T31/><D3/><U40/><E69/><V86/><F73/><W94/><G110/><T42/><D115/><U72/><E72/><V18/><F104/><W16/><G114/><T2/><D2/><U60/><E123/><V78/><F112/><W20/><G121/><T67/><D124/><N who="2" m="47722" /><F6/><W28/><G46/><T77/><D31/><U21/><E135/><N who="3" m="51722" /><G90/><T35/><D35/><AGARI ba="0,0" hai="16,20,25,27,28,35,48,52,56,93,94" m="51722" machi="35" ten="30,7700,0" yaku="20,1,52,1,54,2" doraHai="49" who="3" fromWho="0" sc="207,-77,379,0,303,0,111,77" /><INIT seed="5,0,0,4,2,99" ten="130,379,303,188" oya="1" hai0="94,21,78,13,102,49,22,61,17,29,67,23,57" hai1="14,122,95,85,27,84,16,8,82,133,15,54,71" hai2="48,28,98,3,116,30,88,20,19,89,45,59,105" hai3="112,60,62,56,96,79,74,31,121,114,63,118,65"/><U50/><E71/><V86/><F3/><W113/><G121/><T75/><D75/><U134/><E122/><V40/><F116/><W125/><G118/><T120/><D120/><U25/><E15/><V117/><F117/><W11/><G31/><T123/><D123/><U33/><E33/><V37/><F37/><W92/><G125/><T70/><D78/><U12/><E12/><V111/><F111/><W32/><G32/><T100/><D70/><U51/><E51/><V93/><F59/><W35/><G35/><T4/><D4/><U127/><E127/><V83/><F105/><W64/><G11/><N who="0" m="6335" /><D94/><U53/><E53/><V80/><F80/><N who="3" m="45175" /><G65/><T110/><D110/><U124/><E124/><V43/><F43/><W0/><G0/><T97/><D97/><U46/><E133/><V76/><F76/><W130/><G130/><T9/><D9/><U24/><E134/><V39/><F39/><W18/><G18/><T34/><D34/><U26/><E26/><AGARI ba="0,0" hai="19,20,26,28,30,40,45,48,83,86,88,89,93,98" machi="26" ten="30,3900,0" yaku="7,1,8,1,54,1" doraHai="99" who="2" fromWho="1" sc="130,0,379,-39,303,39,188,0" /><INIT seed="6,0,0,3,3,15" ten="130,340,342,188" oya="2" hai0="20,57,14,104,113,117,59,99,53,5,73,60,30" hai1="44,74,47,46,0,28,96,55,122,131,65,42,85" hai2="39,115,88,101,124,22,41,134,38,56,94,120,72" hai3="87,4,10,83,133,106,108,21,17,40,27,123,58"/><V100/><F72/><W127/><G108/><T86/><D73/><U67/><E0/><V97/><F120/><W9/><G106/><T77/><D113/><U98/><E74/><V130/><F115/><W64/><G133/><T119/><D5/><U52/><E122/><V69/><F69/><W84/><G123/><T12/><D30/><U81/><E28/><V135/><F41/><W63/><G127/><T112/><D112/><U54/><E42/><V49/><F39/><W90/><G40/><T71/><D71/><U128/><E85/><V36/><F36/><W118/><G118/><T66/><D86/><U103/><E81/><V51/><F38/><W68/><G68/><T82/><D82/><U75/><E75/><V111/><F111/><W1/><G1/><T19/><D12/><U13/><E13/><V61/><F130/><N who="1" m="49705" /><E103/><V92/><F101/><W26/><G4/><T79/><D99/><AGARI ba="0,0" hai="44,46,47,52,54,55,65,67,96,98,99" m="49705" machi="99" ten="40,8000,1" yaku="28,2,19,1,54,1" doraHai="15" who="1" fromWho="0" sc="130,-80,340,80,342,0,188,0" /><INIT seed="7,0,0,4,5,49" ten="50,420,342,188" oya="3" hai0="97,87,71,27,114,17,89,11,2,35,82,135,32" hai1="112,99,43,125,129,107,12,108,64,26,13,121,103" hai2="63,38,52,83,106,6,85,54,78,0,18,21,33" hai3="59,124,104,24,126,36,39,110,123,98,111,68,91"/><W90/><G68/><T10/><D71/><U8/><E108/><N who="3" m="41514" /><G123/><T9/><D97/><U23/><E121/><V80/><F38/><N who="3" m="14379" /><G24/><T94/><D94/><U130/><E112/><V102/><F33/><W95/><G104/><T115/><D89/><N who="3" m="33801" /><G59/><T56/><D56/><U65/><E107/><V60/><F83/><W101/><AGARI ba="0,0" hai="95,98,101,124,126" m="33801,14379,41514" machi="101" ten="40,2100,0" yaku="10,1" doraHai="49" who="3" fromWho="3" sc="50,-7,420,-7,342,-7,188,21" /><INIT seed="7,1,0,5,4,17" ten="43,413,335,209" oya="3" hai0="51,25,43,5,105,87,15,19,76,77,50,129,115" hai1="42,110,117,63,126,80,73,65,7,21,16,100,12" hai2="36,96,69,121,22,54,127,57,47,122,113,29,62" hai3="40,119,66,27,102,74,81,79,33,85,107,130,71"/><W9/><G119/><T112/><D105/><U4/><E110/><V59/><F96/><N who="3" m="61895" /><G40/><T2/><D87/><U72/><E117/><V114/><F22/><W26/><G9/><T99/><D99/><U90/><E100/><V10/><F10/><W52/><G26/><T109/><D43/><U38/><E42/><N who="2" m="22983" /><F29/><N who="3" m="19647" /><G52/><T8/><D76/><U23/><E38/><V1/><F1/><W78/><G130/><T132/><D77/><U133/><E23/><V68/><F127/><W120/><G120/><N who="2" m="46185" /><F59/><W98/><G98/><T106/><D106/><U45/><E126/><V41/><F41/><W30/><G30/><T128/><D51/><U11/><E12/><V70/><AGARI ba="1,0" hai="54,57,62,68,69,70,113,114" m="46185,22983" machi="70" ten="40,5200,0" yaku="13,1,34,2" doraHai="17" who="2" fromWho="2" sc="43,-14,413,-14,335,55,209,-27" owari="29,-47.0,399,50.0,390,19.0,182,-22.0" /></mjloggm>