<mjloggm ver="2.3"><GO type="225" lobby="0"/><UN n0="%E8%B2%BF%E6%98%93" n1="%E3%82%A6%E3%83%AB%E3%83%88%E3%83%A9%E7%AB%8B%E7%9B%B4" n2="%72%69%6F%75%63%68%61%6E" n3="%E6%9D%A5%E9%80%B1%E3%81%AE%E7%B3%B8%E4%BA%95" dan="17,17,16,17" rate="2119.23,2161.60,2094.90,2211.17" sx="M,M,M,M"/><TAIKYOKU oya="0"/><INIT seed="0,0,0,3,3,121" ten="250,250,250,250" oya="0" hai0="24,105,108,13,115,92,54,44,88,120,8,28,70" hai1="2,40,6,32,33,98,7,64,132,31,127,96,122" hai2="75,29,20,15,22,58,55,62,36,50,71,38,130" hai3="90,53,100,123,21,81,113,79,93,41,37,72,82"/><T69/><D105/><U61/><E122/><V57/><F75/><W94/><G123/><T4/><D120/><U114/><E40/><V101/><F71/><W73/><G41/><T99/><D115/><U78/><E78/><V84/><F101/><W91/><G53/><T9/><D108/><U35/><E31/><V74/><F130/><W10/><G21/><T80/><D9/><U128/><E128/><V39/><F74/><N who="3" m="28779" /><G10/><T12/><D12/><U135/><E127/><V43/><F29/><W1/><G37/><T48/><REACH who="0" step="1"/><D80/><REACH who="0" ten="240,250,250,250" step="2"/><U77/><E114/><V133/><F15/><W63/><G113/><T27/><D27/><U67/><E2/><V116/><F116/><W18/><G1/><T17/><D17/><U0/><E0/><V86/><F133/><W23/><G82/><T106/><D106/><U52/><E6/><V124/><F124/><W129/><G129/><T111/><D111/><U85/><E7/><V89/><F20/><AGARI ba="0,1" hai="4,8,13,20,24,28,44,48,54,69,70,88,92,99" machi="20" ten="30,11600,0" yaku="1,1,7,1,54,1,53,1" doraHai="121" doraHaiUra="16" who="0" fromWho="2" sc="240,126,250,0,250,-116,250,0" /><INIT seed="0,1,0,1,3,63" ten="366,250,134,250" oya="0" hai0="122,106,65,62,128,74,96,38,132,104,88,68,134" hai1="27,48,82,91,66,41,115,83,99,32,30,10,59" hai2="52,70,13,133,12,98,124,31,114,102,28,19,69" hai3="73,79,130,51,76,135,50,111,125,43,21,58,118"/><T14/><D122/><U16/><E115/><V109/><F114/><W20/><G118/><T108/><D38/><U90/><E41/><V103/><F109/><W5/><G111/><T26/><D108/><U11/><E48/><V7/><F124/><W46/><G73/><T75/><D128/><U93/><E90/><V47/><F133/><N who="0" m="51306" /><D14/><U23/><E32/><V127/><F127/><W42/><G135/><T94/><D26/><U37/><E37/><V72/><F72/><AGARI ba="1,0" hai="62,65,68,72,74,75,88,94,96,104,106" m="51306" machi="72" ten="30,5800,0" yaku="20,1,52,1,54,1" doraHai="63" who="0" fromWho="2" sc="366,61,250,0,134,-61,250,0" /><INIT seed="0,2,0,1,1,87" ten="427,250,73,250" oya="0" hai0="118,48,31,52,12,117,1,95,76,9,2,135,55" hai1="26,119,34,69,32,83,90,80,99,125,92,53,110" hai2="0,38,45,93,132,106,73,47,129,23,63,30,102" hai3="18,57,44,107,8,33,82,89,6,3,115,120,43"/><T121/><D121/><U35/><E119/><V17/><F0/><W25/><G115/><T56/><D135/><U21/><E69/><V98/><F73/><W49/><G107/><T37/><D37/><U29/><E110/><V27/><F132/><W133/><G133/><T46/><D31/><U131/><E131/><V70/><F129/><W54/><G120/><T20/><D2/><U113/><E113/><V126/><F126/><W111/><G111/><T85/><D1/><U100/><E125/><V105/><F38/><W19/><G33/><T42/><D20/><U116/><E116/><V64/><REACH who="2" step="1"/><F30/><REACH who="2" ten="427,250,63,250" step="2"/><W61/><REACH who="3" step="1"/><G25/><REACH who="3" ten="427,250,63,240" step="2"/><T68/><D118/><U13/><E26/><V88/><F88/><W36/><G36/><T24/><D24/><U22/><E90/><V58/><F58/><W16/><G16/><N who="0" m="8207" /><D117/><U91/><E29/><V5/><F5/><W78/><G78/><T97/><D68/><U75/><E91/><V124/><F124/><W101/><G101/><N who="0" m="60607" /><D56/><U67/><E100/><V15/><F15/><W11/><G11/><T4/><D4/><U60/><E13/><V72/><F72/><W109/><G109/><T14/><D14/><U59/><E75/><V127/><F127/><W71/><G71/><T41/><D76/><U96/><E59/><V84/><F84/><AGARI ba="2,2" hai="3,6,8,18,19,43,44,49,54,57,61,82,84,89" machi="84" ten="40,2600,0" yaku="1,1,52,1,53,0" doraHai="87" doraHaiUra="128" who="3" fromWho="2" sc="427,0,250,0,63,-32,240,52" /><INIT seed="1,0,0,3,5,38" ten="427,250,31,292" oya="1" hai0="123,94,31,100,113,24,112,4,13,61,54,62,17" hai1="70,5,91,111,68,28,51,127,88,46,6,66,19" hai2="3,26,21,32,52,27,77,128,59,65,16,79,43" hai3="60,22,15,57,39,108,58,81,118,1,63,0,106"/><U116/><E116/><V14/><F3/><W47/><G106/><T120/><D4/><U130/><E28/><V96/><F128/><W8/><G118/><T71/><D54/><U25/><E130/><V115/><F115/><W129/><G129/><T90/><D100/><U107/><E107/><V18/><F32/><W109/><G22/><N who="0" m="11567" /><D71/><U30/><E19/><V34/><F34/><W2/><G81/><T56/><D90/><U131/><E131/><V87/><F65/><W75/><G75/><T93/><D112/><U98/><E127/><V80/><F96/><W12/><G47/><T9/><D9/><U20/><E111/><N who="3" m="42570" /><G39/><T82/><D82/><U35/><E35/><V53/><F43/><W132/><G132/><T99/><D113/><U85/><E70/><V122/><F122/><N who="0" m="46634" /><D56/><N who="3" m="21609" /><G15/><T119/><D119/><U89/><E98/><V114/><F114/><W110/><G110/><T40/><D40/><N who="1" m="25031" /><E68/><V64/><F79/><W11/><G11/><T121/><D121/><U10/><E66/><V78/><F77/><W49/><G49/><T117/><D117/><U33/><E33/><V72/><F72/><W45/><G45/><T86/><D99/><U55/><E85/><V102/><F102/><W41/><G41/><T29/><D86/><U124/><E124/><V74/><F74/><W69/><G69/><T126/><D126/><U104/><E55/><N who="2" m="21067" /><F18/><AGARI ba="0,0" hai="0,1,2,8,12,18,60,63" m="21609,42570" machi="18" ten="40,1300,0" yaku="14,1" doraHai="38" who="3" fromWho="2" sc="427,0,250,0,31,-13,292,13" /><INIT seed="2,0,0,1,3,70" ten="427,250,18,305" oya="2" hai0="59,24,112,105,121,66,11,52,34,72,44,104,87" hai1="132,22,6,120,45,100,20,111,95,124,42,25,65" hai2="18,5,97,106,134,96,82,58,31,119,88,8,91" hai3="32,117,15,63,23,86,36,4,55,53,47,108,13"/><V27/><F119/><W128/><G32/><T3/><D72/><U77/><E111/><V35/><F134/><W79/><G117/><T122/><D66/><U64/><E132/><V17/><F58/><W1/><G1/><T129/><D44/><U16/><E124/><V125/><F125/><W41/><G128/><T37/><D37/><U84/><E120/><V83/><F97/><W29/><G108/><T80/><D105/><U7/><E100/><V75/><F82/><W90/><G79/><T61/><D104/><U56/><E22/><V101/><F91/><W48/><G36/><T127/><D112/><U73/><E73/><V51/><F51/><W89/><G89/><T98/><D98/><U14/><E95/><V115/><F115/><W107/><G107/><T28/><D129/><U81/><E56/><V69/><F69/><W116/><G116/><T126/><D127/><U123/><E123/><V9/><F9/><N who="3" m="4263" /><G63/><T94/><D126/><U99/><E99/><V62/><F62/><W38/><G38/><T0/><D0/><U68/><E68/><V135/><F135/><W30/><G15/><T78/><D121/><U10/><E6/><V71/><F71/><W76/><G76/><T39/><D39/><AGARI ba="0,0" hai="7,10,14,16,20,25,39,42,45,64,65,77,81,84" machi="39" ten="30,3900,0" yaku="7,1,52,1,54,1" doraHai="70" who="1" fromWho="0" sc="427,-39,250,39,18,0,305,0" /><INIT seed="3,0,0,4,3,133" ten="388,289,18,305" oya="3" hai0="61,128,3,124,129,18,36,16,93,35,64,23,30" hai1="125,11,48,116,39,118,81,44,46,90,115,100,120" hai2="50,109,76,41,2,121,92,108,27,19,80,40,123" hai3="87,73,105,52,66,25,60,22,12,69,82,117,59"/><W65/><G117/><N who="1" m="45162" /><E120/><V88/><F2/><W57/><G105/><T51/><D18/><U20/><E115/><V63/><F63/><W134/><G134/><T89/><D51/><U79/><E100/><V114/><F50/><N who="3" m="30871" /><G73/><T53/><D53/><N who="1" m="29831" /><E90/><V112/><F27/><W38/><G12/><T84/><D3/><U7/><E20/><V14/><F19/><N who="3" m="12511" /><G69/><T110/><D61/><U130/><E130/><V106/><F14/><W42/><G38/><T85/><D84/><N who="1" m="48191" /><E46/><V34/><F34/><W86/><G42/><T43/><D36/><U68/><E68/><V113/><F40/><W8/><G8/><T54/><D43/><U107/><E107/><V62/><F62/><W58/><G82/><T102/><D93/><U9/><E39/><V122/><F41/><W99/><G99/><T119/><D30/><U5/><E11/><V21/><F21/><W47/><G47/><T126/><D85/><N who="3" m="32265" /><G58/><T75/><D89/><U71/><E71/><V98/><REACH who="2" step="1"/><F106/><REACH who="2" ten="388,289,8,305" step="2"/><W33/><G33/><T132/><D119/><U13/><E5/><V83/><F83/><W45/><G45/><T127/><D132/><U96/><E96/><V101/><F101/><W131/><G131/><T91/><D91/><U56/><E56/><V0/><F0/><W78/><G78/><T28/><D129/><U55/><E55/><AGARI ba="0,1" hai="55,59,60,65,66" m="32265,12511,30871" machi="55" ten="30,2900,0" yaku="8,1,54,1" doraHai="133" who="3" fromWho="1" sc="388,0,289,-29,8,0,305,39" /><INIT seed="3,1,0,5,2,134" ten="388,260,8,344" oya="3" hai0="93,46,72,26,23,108,90,123,3,115,37,51,2" hai1="63,124,117,98,86,21,74,14,113,53,70,19,81" hai2="83,65,89,101,25,18,67,111,20,17,8,24,6" hai3="5,85,35,33,106,12,92,77,30,73,79,44,95"/><W104/><G44/><T68/><D123/><U120/><E120/><V45/><F101/><W9/><G85/><T61/><D37/><U133/><E113/><V28/><F45/><W71/><G30/><T130/><D72/><U132/><E74/><V7/><F89/><W78/><G73/><T54/><D115/><U15/><E117/><V13/><F83/><W42/><G42/><T87/><D130/><U76/><E70/><V119/><F65/><W99/><G71/><T31/><D108/><U94/><E133/><V39/><F67/><W129/><G129/><T49/><D68/><U40/><E132/><V88/><F88/><W56/><G56/><T50/><D61/><U105/><E105/><V41/><F41/><W10/><G10/><T127/><D127/><U55/><E124/><V32/><F39/><W107/><REACH who="3" step="1"/><G95/><REACH who="3" ten="388,260,8,334" step="2"/><T75/><D75/><U0/><E0/><V36/><F36/><W43/><G43/><T116/><D116/><U118/><E118/><V121/><F119/><W102/><AGARI ba="1,1" hai="5,9,12,33,35,77,78,79,92,99,102,104,106,107" machi="102" ten="40,7800,0" yaku="1,1,0,1,53,1" doraHai="134" doraHaiUra="97" who="3" fromWho="3" sc="388,-27,260,-27,8,-27,334,91" owari="361,16.0,233,-17.0,-19,-52.0,425,53.0" /></mjloggm>