<mjloggm ver="2.3"><GO type="169" lobby="0"/><UN n0="%E5%87%9C%E7%94%B0%E8%8E%89%E5%AD%90" n1="%68%75%6B%61" n2="%E3%83%88%E3%83%88%E3%83%AA%E5%85%88%E7%94%9F%31%39%E6%AD%B3" n3="%64%6F%6F%6F%6F%77%79" dan="16,16,19,16" rate="2099.98,2066.80,2247.63,2153.30" sx="F,M,F,M"/><TAIKYOKU oya="0"/><INIT seed="0,0,0,0,3,120" ten="250,250,250,250" oya="0" hai0="43,73,99,105,122,61,6,70,31,34,80,57,60" hai1="107,46,111,47,81,27,101,100,24,56,66,39,97" hai2="98,108,116,121,29,45,129,74,72,37,112,90,118" hai3="78,106,38,33,52,91,65,54,103,40,17,16,55"/><T36/><D122/><U115/><E115/><V25/><F121/><W87/><G78/><T4/><D70/><U15/><E81/><V104/><F112/><W53/><N who="3" m="13312" /><DORA hai="86" /><W26/><G65/><T28/><D73/><U133/><E15/><V30/><F129/><W117/><G117/><N who="2" m="45161" /><F108/><W62/><G62/><T94/><D105/><U58/><E97/><V49/><F49/><W88/><G103/><T132/><D80/><U127/><E66/><V20/><F30/><W2/><G2/><T69/><D69/><U59/><E59/><V48/><F48/><W126/><G106/><T9/><D132/><U110/><E107/><V44/><F90/><N who="3" m="34347" /><G126/><T109/><D60/><U3/><E3/><V113/><F113/><W76/><G33/><T5/><D34/><U85/><E127/><V10/><F74/><W102/><G102/><T14/><D61/><U134/><E39/><V128/><F72/><W1/><G1/><T64/><D36/><U96/><E85/><V93/><F37/><W13/><G26/><T123/><D64/><U42/><E96/><V22/><F104/><W130/><G130/><T82/><D99/><U23/><E23/><V35/><F128/><W19/><G40/><AGARI ba="0,0" hai="24,27,40,42,46,47,56,58,100,101,110,111,133,134" machi="40" ten="25,6400,0" yaku="22,2,52,2" doraHai="120,86" who="1" fromWho="3" sc="250,0,250,64,250,0,250,-64" /><INIT seed="1,0,0,2,5,63" ten="250,314,250,186" oya="1" hai0="18,74,62,22,12,38,126,8,65,15,21,92,101" hai1="108,77,78,111,43,2,49,95,42,131,56,102,125" hai2="76,113,14,72,106,26,58,35,112,33,64,20,96" hai3="60,59,117,57,4,27,13,68,122,99,45,90,91"/><U19/><E2/><V134/><F134/><W28/><G122/><T83/><D38/><U130/><E125/><V10/><F76/><N who="1" m="29289" /><E19/><V120/><F72/><W46/><G117/><T31/><D74/><U32/><E32/><V25/><F120/><W41/><G68/><T3/><D3/><U86/><E56/><V6/><F106/><W87/><G99/><N who="0" m="59623" /><D126/><U24/><E24/><V127/><F96/><W121/><G121/><T124/><D124/><U109/><E102/><V39/><F127/><W135/><G135/><T50/><D83/><U84/><E49/><V37/><F37/><W116/><G116/><T71/><D71/><U88/><E86/><V36/><F36/><W107/><G107/><T81/><D81/><U5/><E5/><V53/><F39/><W114/><G114/><T52/><D31/><U7/><E7/><V55/><F35/><W61/><G13/><T104/><D104/><U118/><E118/><V69/><F33/><W115/><G4/><T44/><D15/><U79/><E79/><V51/><F26/><W75/><G75/><T93/><D93/><U129/><AGARI ba="0,0" hai="42,43,84,88,95,108,109,111,129,130,131" m="29289" machi="129" ten="40,12000,1" yaku="14,1,10,1,19,1,54,1" doraHai="63" who="1" fromWho="1" sc="250,-40,314,120,250,-40,186,-40" /><INIT seed="1,1,0,1,5,119" ten="210,434,210,146" oya="1" hai0="7,118,111,97,73,86,74,109,53,31,52,105,51" hai1="115,72,39,0,14,54,128,17,90,102,99,134,55" hai2="20,58,130,123,96,32,4,79,12,127,67,6,36" hai3="46,43,11,47,81,126,18,22,5,132,23,48,124"/><U50/><E39/><V21/><F32/><W106/><G106/><T9/><D118/><U122/><E0/><V64/><F36/><W3/><G132/><T120/><D31/><U107/><E72/><V70/><F70/><W33/><G33/><T1/><D120/><U42/><E122/><V125/><F79/><W13/><G81/><T85/><D74/><U75/><E75/><V83/><F83/><W27/><REACH who="3" step="1"/><G46/><REACH who="3" ten="210,434,210,136" step="2"/><T114/><D105/><U29/><E107/><V40/><F125/><W84/><G84/><T37/><D73/><U117/><E134/><V94/><F127/><W41/><G41/><T38/><D86/><U100/><E42/><V25/><F40/><W93/><G93/><T87/><D87/><U135/><E135/><V57/><F94/><W101/><G101/><T45/><D85/><U34/><E100/><V35/><F35/><W113/><G113/><T103/><D114/><U59/><E102/><V76/><F76/><W62/><G62/><T71/><D103/><U69/><E34/><V2/><F123/><W104/><G104/><T44/><D97/><U15/><E99/><V65/><F96/><W63/><G63/><T66/><D109/><U19/><E115/><V28/><F130/><W60/><G60/><N who="0" m="40391" /><D111/><U24/><E128/><V8/><F21/><W16/><AGARI ba="1,1" hai="3,5,11,13,16,18,22,23,27,43,47,48,124,126" machi="16" ten="30,4000,0" yaku="1,1,0,1,54,1,53,0" doraHai="119" doraHaiUra="98" who="3" fromWho="3" sc="210,-11,434,-21,210,-11,136,53" /><INIT seed="2,0,0,5,4,61" ten="199,413,199,189" oya="2" hai0="87,59,104,11,132,95,91,28,62,39,77,46,134" hai1="113,34,106,69,94,25,114,90,131,103,127,86,21" hai2="41,32,129,38,50,121,2,49,27,84,45,14,26" hai3="22,111,47,124,33,135,110,93,40,72,105,83,54"/><V4/><F121/><W125/><G33/><T19/><D104/><U58/><E69/><V63/><F129/><W64/><G105/><T123/><D123/><U36/><E34/><V44/><F2/><W60/><G54/><T15/><D28/><U66/><E36/><V9/><F32/><W67/><G93/><T112/><D77/><U100/><E131/><V37/><F37/><N who="3" m="21903" /><G22/><T99/><D112/><U13/><E13/><V70/><F38/><W73/><G135/><N who="0" m="51755" /><D46/><U118/><E106/><V53/><F70/><N who="3" m="42247" /><G67/><N who="0" m="39391" /><D39/><U97/><E94/><V8/><F8/><W108/><G83/><T23/><D23/><U85/><E21/><V80/><REACH who="2" step="1"/><F63/><REACH who="2" ten="199,413,189,189" step="2"/><W30/><G30/><T88/><D87/><U76/><E86/><V120/><F120/><W71/><G71/><T116/><D116/><U51/><E85/><V65/><F65/><W130/><G130/><T56/><D56/><U109/><E66/><V96/><F96/><W98/><G98/><T74/><D74/><AGARI ba="0,1" hai="72,73,74,108,110,111,124,125" m="42247,21903" machi="74" ten="40,5200,0" yaku="14,1,23,1,52,1" doraHai="61" who="3" fromWho="0" sc="199,-52,413,0,189,0,189,62" /><INIT seed="3,0,0,4,0,15" ten="147,413,189,251" oya="3" hai0="79,112,101,39,115,95,106,116,100,8,127,60,131" hai1="32,33,21,72,2,77,64,51,4,83,102,69,98" hai2="27,90,43,6,66,10,1,126,85,93,24,18,19" hai3="62,65,82,132,63,20,47,36,50,61,86,49,120"/><W56/><G120/><T130/><D39/><U122/><E21/><V54/><F126/><W13/><G132/><T103/><D127/><U16/><E16/><V89/><F43/><W34/><G34/><T134/><D134/><U26/><E51/><N who="3" m="19466" /><G47/><T110/><D116/><U81/><E81/><V84/><F54/><W29/><G36/><T135/><D135/><U114/><E26/><V121/><F121/><W35/><G35/><T129/><D8/><N who="1" m="2071" /><E114/><N who="0" m="43561" /><D60/><N who="1" m="40071" /><E122/><V45/><F45/><W92/><G92/><T88/><D79/><U70/><E70/><V38/><F38/><W46/><G46/><T58/><D58/><U14/><E14/><V40/><F40/><W37/><G37/><T105/><D110/><U30/><E30/><V91/><F66/><W22/><G29/><T12/><D12/><U44/><E44/><V74/><F74/><W104/><G104/><AGARI ba="0,0" hai="32,33,72,77,83,98,102,104" m="40071,2071" machi="104" ten="30,2000,0" yaku="33,2" doraHai="15" who="1" fromWho="3" sc="147,0,413,20,189,0,251,-20" /><INIT seed="4,0,0,3,0,84" ten="147,433,189,231" oya="0" hai0="67,75,15,20,41,8,92,50,93,81,22,83,80" hai1="1,72,133,29,43,31,106,99,125,119,113,45,127" hai2="6,38,122,52,102,103,109,21,69,60,116,54,13" hai3="34,97,91,82,10,68,70,49,87,2,4,132,120"/><T88/><D75/><U94/><E106/><V32/><F122/><W5/><G120/><T37/><D37/><U24/><E1/><V47/><F32/><W100/><G132/><T77/><D77/><U14/><E72/><V56/><F109/><W124/><G124/><T73/><D73/><U23/><E119/><V42/><F116/><W9/><G34/><T16/><D67/><U11/><E113/><V59/><F69/><W12/><REACH who="3" step="1"/><G49/><REACH who="3" ten="147,433,189,221" step="2"/><T123/><D123/><U63/><E133/><V95/><F95/><AGARI ba="0,1" hai="2,4,5,9,10,12,68,70,82,87,91,95,97,100" machi="95" ten="30,8000,1" yaku="1,1,2,1,7,1,52,1,53,1" doraHai="84" doraHaiUra="86" who="3" fromWho="2" sc="147,0,433,0,189,-80,221,90" /><INIT seed="5,0,0,0,0,32" ten="147,433,109,311" oya="1" hai0="3,96,122,70,44,109,86,107,18,24,10,94,36" hai1="74,112,79,88,67,76,42,101,49,90,127,81,2" hai2="8,95,61,38,33,15,23,52,117,85,80,47,58" hai3="83,78,103,91,63,57,135,116,41,0,114,20,77"/><U45/><E76/><V72/><F117/><W93/><G0/><T121/><D109/><U35/><E35/><V51/><F33/><W69/><G69/><T99/><D70/><U5/><E101/><V11/><F38/><W84/><G114/><T120/><D107/><U125/><E67/><V30/><F72/><W132/><G41/><N who="0" m="22567" /><D86/><U113/><E5/><V7/><F95/><W21/><G103/><T55/><D55/><U6/><E6/><V31/><F23/><W19/><G116/><T26/><D94/><U97/><E2/><V66/><REACH who="2" step="1"/><F8/><REACH who="2" ten="147,433,99,311" step="2"/><W46/><G46/><T108/><D108/><U25/><E74/><V131/><F131/><W12/><G21/><N who="0" m="13367" /><D26/><U29/><E25/><V134/><F134/><N who="3" m="51243" /><G93/><T82/><D82/><U100/><E81/><V133/><F133/><W39/><G39/><T118/><D118/><U129/><E45/><V106/><F106/><W48/><G48/><T111/><D111/><U98/><E49/><V13/><F13/><W1/><G1/><T119/><D119/><U50/><E129/><V14/><F14/><W9/><G9/><T124/><D10/><U4/><E50/><V54/><F54/><AGARI ba="0,1" hai="12,19,20,54,57,63,77,78,83,84,91" m="51243" machi="54" ten="30,1000,0" yaku="20,1" doraHai="32" who="3" fromWho="2" sc="147,0,433,0,99,-10,311,20" /><INIT seed="6,0,0,0,3,108" ten="147,433,89,331" oya="2" hai0="128,82,72,90,57,22,0,134,17,13,39,32,52" hai1="127,53,35,34,67,76,25,77,98,21,109,125,121" hai2="120,124,133,23,2,7,80,104,118,83,27,101,54" hai3="12,115,112,68,47,64,62,61,113,94,29,46,129"/><V131/><F118/><W41/><G29/><T30/><D0/><U87/><E109/><V75/><F120/><W116/><G116/><T36/><D128/><U48/><E67/><V45/><F131/><W19/><G129/><T8/><D134/><U33/><E98/><V99/><F133/><W51/><G62/><T79/><D90/><U84/><E121/><V85/><F124/><N who="1" m="47689" /><E87/><V74/><F80/><W26/><G26/><T96/><D96/><U135/><E84/><V123/><F123/><W5/><G5/><T81/><D81/><U15/><E15/><V107/><F107/><W71/><G94/><T111/><D32/><U10/><E10/><V38/><F7/><W50/><G19/><T28/><D111/><U66/><E66/><V49/><F38/><N who="3" m="21815" /><G12/><T42/><D42/><U20/><E20/><V1/><F2/><W114/><G114/><T14/><D36/><U95/><E95/><V86/><F1/><W60/><G60/><T117/><D39/><U130/><E130/><V119/><F119/><W122/><G122/><T89/><D89/><U55/><E55/><V44/><F44/><W70/><G51/><N who="0" m="30879" /><D117/><U100/><E100/><V4/><F4/><W37/><G37/><T93/><D93/><U3/><E3/><V6/><F6/><W88/><G88/><T65/><D65/><U59/><E135/><V11/><F11/><W102/><G102/><T43/><D43/><AGARI ba="0,0" hai="43,47,50,61,64,68,70,71,112,113,115" m="21815" machi="43" ten="30,12000,2" yaku="15,1,11,1,34,2,52,3" doraHai="108" who="3" fromWho="0" sc="147,-120,433,0,89,0,331,120" /><INIT seed="7,0,0,0,0,25" ten="27,433,89,451" oya="3" hai0="46,78,102,112,90,130,129,40,54,42,101,88,53" hai1="7,85,12,61,8,62,123,57,94,64,31,33,43" hai2="83,37,56,48,36,35,71,49,115,97,10,41,117" hai3="59,27,98,86,17,55,23,45,72,124,103,82,47"/><W106/><G124/><T134/><D78/><U93/><E123/><V119/><F35/><W133/><G72/><T79/><D79/><U100/><E43/><V58/><F83/><W16/><G17/><T107/><D107/><U66/><E100/><V34/><F34/><W52/><G133/><T30/><D30/><U24/><E85/><V95/><F10/><W60/><G55/><T108/><D46/><U91/><E91/><AGARI ba="0,0" hai="16,23,27,45,47,52,59,60,82,86,91,98,103,106" machi="91" ten="30,5800,0" yaku="7,1,54,2" doraHai="25" who="3" fromWho="1" sc="27,0,433,-58,89,0,451,58" owari="27,-47.0,375,18.0,89,-31.0,509,60.0" /></mjloggm>