<mjloggm ver="2.3"><GO type="169" lobby="0"/><UN n0="%28%E3%81%BE%C2%B4%CF%89%EF%BD%80%E3%81%AA%29%E3%83%9F" n1="%E3%83%95%E3%82%A1%E3%83%B3%E3%83%95%E3%82%A1%E3%83%BC%E3%83%AC" n2="%79%61%67%69%30%32%32%30" n3="%E3%82%A6%E3%83%AB%E3%83%88%E3%83%A9%E7%AB%8B%E7%9B%B4" dan="16,16,17,16" rate="2051.53,2145.05,2249.25,2124.60" sx="F,M,M,M"/><TAIKYOKU oya="0"/><INIT seed="0,0,0,4,1,69" ten="250,250,250,250" oya="0" hai0="46,70,2,26,58,32,81,67,105,59,7,38,68" hai1="22,0,128,79,47,12,56,42,76,44,88,83,8" hai2="4,41,113,63,89,129,53,36,126,60,23,120,50" hai3="114,122,98,97,127,95,11,99,93,112,6,27,48"/><T21/><D32/><U61/><E128/><V100/><F120/><W92/><G122/><T1/><D105/><U34/><E34/><V85/><F113/><W37/><G127/><T40/><D59/><U134/><E0/><V65/><F129/><W107/><G107/><T71/><D81/><U77/><E22/><V55/><F126/><W62/><G37/><T118/><D118/><U132/><E42/><V72/><F72/><W84/><G84/><T116/><D116/><U91/><E47/><V108/><F100/><W39/><G39/><T57/><D57/><U31/><E31/><V73/><F73/><W9/><G62/><T45/><D7/><U14/><E44/><N who="2" m="25871" /><F36/><W133/><G133/><N who="1" m="51306" /><E83/><N who="2" m="49343" /><F108/><W90/><G90/><N who="1" m="34346" /><E8/><V20/><F4/><W17/><G48/><T125/><D46/><U102/><E102/><V51/><F65/><AGARI ba="0,0" hai="12,14,56,61,65,76,77,79" m="34346,51306" machi="65" ten="30,2000,0" yaku="20,1,54,1" doraHai="69" who="1" fromWho="2" sc="250,0,250,20,250,-20,250,0" /><INIT seed="1,0,0,2,4,1" ten="250,270,230,250" oya="1" hai0="38,93,121,126,54,12,119,37,58,22,127,55,135" hai1="29,14,99,61,62,43,104,116,63,59,118,78,69" hai2="2,123,86,79,130,66,11,16,18,128,65,3,7" hai3="50,112,53,134,132,15,27,73,32,24,84,21,49"/><U101/><E69/><V72/><F72/><W110/><G73/><T46/><D119/><U120/><E120/><V90/><F79/><W8/><G112/><T85/><D135/><N who="3" m="51753" /><G110/><T68/><D68/><U122/><E122/><V88/><F123/><W40/><G40/><T77/><D121/><U6/><E29/><V36/><F36/><W129/><G129/><N who="2" m="49769" /><F2/><W124/><G124/><T41/><D38/><U103/><E43/><V5/><F5/><N who="3" m="3471" /><G32/><T70/><D70/><U30/><E30/><V39/><F39/><W89/><G21/><T91/><D77/><U0/><E0/><V47/><F47/><N who="3" m="27839" /><G50/><N who="0" m="31063" /><D55/><U23/><E118/><V52/><F52/><W51/><G51/><T74/><D74/><U114/><E114/><V106/><F106/><W57/><G57/><T56/><D56/><U113/><E59/><V131/><N who="2" m="49777" /><V44/><DORA hai="35" /><F44/><W94/><AGARI ba="0,0" hai="24,27,84,89,94" m="27839,3471,51753" machi="94" ten="30,2000,0" yaku="20,1,52,1" doraHai="1,35" who="3" fromWho="3" sc="250,-5,270,-10,230,-5,250,20" /><INIT seed="2,0,0,0,2,48" ten="245,260,225,270" oya="2" hai0="105,110,91,79,43,21,28,106,54,78,126,108,55" hai1="62,82,11,68,8,66,25,0,94,61,95,18,56" hai2="69,132,93,81,17,120,134,67,76,6,64,77,71" hai3="16,86,44,107,83,73,115,37,9,112,26,65,101"/><V125/><F6/><W87/><G65/><N who="2" m="25161" /><F120/><W30/><G101/><T34/><D34/><U133/><E133/><N who="2" m="51307" /><F93/><W104/><G73/><T85/><D43/><U123/><E123/><V7/><F7/><W13/><G44/><T49/><D49/><U98/><E94/><V117/><F117/><W22/><G37/><T52/><D126/><U88/><E0/><V31/><F31/><W114/><REACH who="3" step="1"/><G87/><REACH who="3" ten="245,260,225,260" step="2"/><T19/><D105/><U119/><E66/><V32/><F125/><W111/><G111/><N who="0" m="42539" /><D106/><U84/><E84/><V57/><F32/><W51/><G51/><T109/><D109/><U122/><E119/><V10/><F71/><W116/><G116/><T2/><D2/><U121/><E68/><V12/><F69/><W39/><G39/><T89/><D28/><U99/><E121/><V45/><F45/><W96/><G96/><T46/><D46/><U63/><E99/><V40/><F40/><W118/><G118/><T127/><D127/><U15/><E122/><V59/><F77/><AGARI ba="0,1" hai="9,13,16,22,26,30,77,83,86,104,107,112,114,115" machi="77" ten="40,8000,1" yaku="1,1,11,1,54,1,53,1" doraHai="48" doraHaiUra="20" who="3" fromWho="2" sc="245,0,260,0,225,-80,260,90" /><INIT seed="3,0,0,2,1,88" ten="245,260,145,350" oya="3" hai0="23,79,42,52,47,98,100,45,67,81,49,85,92" hai1="21,31,7,117,6,2,115,105,128,116,127,75,77" hai2="4,108,58,62,26,5,19,111,72,65,113,84,60" hai3="110,20,123,39,93,18,119,124,30,63,9,74,3"/><W25/><G74/><T15/><D67/><U129/><E105/><V102/><F72/><W104/><G104/><T17/><REACH who="0" step="1"/><D47/><REACH who="0" ten="235,260,145,350" step="2"/><U132/><E116/><V28/><F113/><W90/><G119/><T8/><D8/><U68/><E117/><V51/><F111/><W22/><G110/><T135/><D135/><U46/><E46/><V34/><F108/><W122/><G124/><T87/><D87/><U27/><E132/><V133/><F133/><W29/><G9/><T69/><D69/><U48/><E68/><V61/><F65/><W73/><G73/><T40/><AGARI ba="0,1" hai="15,17,23,40,42,45,49,52,79,81,85,92,98,100" machi="40" ten="30,8000,1" yaku="1,1,0,1,8,1,52,1,54,1,53,0" doraHai="88" doraHaiUra="32" who="0" fromWho="0" sc="235,90,260,-20,145,-20,350,-40" /><INIT seed="4,0,0,5,2,36" ten="325,240,125,310" oya="0" hai0="120,111,103,130,41,107,19,47,34,63,110,135,33" hai1="96,89,15,31,39,127,73,51,32,125,117,102,23" hai2="98,17,72,54,24,22,11,62,83,25,45,18,77" hai3="1,42,2,81,122,129,12,124,37,66,67,92,76"/><T91/><D120/><U95/><E39/><V8/><F98/><W38/><G92/><T123/><D123/><U80/><E117/><V74/><F74/><W13/><G81/><T131/><D135/><U30/><E32/><V57/><REACH who="2" step="1"/><F45/><REACH who="2" ten="325,240,115,310" step="2"/><W58/><G122/><T35/><D130/><U64/><E96/><V84/><F84/><W116/><G129/><T105/><D131/><U27/><E73/><V90/><F90/><W5/><G116/><T99/><D91/><U108/><E89/><V119/><F119/><W106/><G76/><T94/><D110/><U9/><E108/><V43/><F43/><W20/><G42/><T59/><D111/><U82/><E125/><V104/><F104/><W26/><G106/><T133/><D133/><U86/><E127/><V46/><F46/><W21/><G124/><T88/><D103/><U55/><E102/><V134/><F134/><W6/><G58/><T118/><D118/><U44/><E86/><V48/><F48/><W28/><G37/><T97/><D97/><U61/><E95/><V128/><F128/><W4/><G38/><T52/><REACH who="0" step="1"/><D19/><REACH who="0" ten="315,240,115,310" step="2"/><U100/><E100/><V49/><F49/><AGARI ba="0,2" hai="33,34,35,41,47,49,52,59,63,88,94,99,105,107" machi="49" ten="40,12000,1" yaku="1,1,2,1,52,1,54,2,53,0" doraHai="36" doraHaiUra="75" who="0" fromWho="2" sc="315,140,240,0,115,-120,310,0" owari="455,56.0,240,-16.0,-5,-51.0,310,11.0" /></mjloggm>