<mjloggm ver="2.3"><GO type="41" lobby="0"/><UN n0="%E5%B0%B1%E6%B4%BB%E7%94%9F%40%E5%B7%9D%E6%9D%91%E8%BB%8D%E5%9B%A3" n1="%E7%89%8C%E3%81%AE%E3%81%8A%E5%A7%89%E3%81%95%E3%82%93" n2="%E3%82%B7%E3%82%BB%E3%81%8A%E3%81%98" n3="%67%61%79%75%6E%79" dan="17,14,14,14" rate="2177.96,1958.71,1937.12,1915.05" sx="M,F,M,M"/><TAIKYOKU oya="0"/><INIT seed="0,0,0,1,3,97" ten="250,250,250,250" oya="0" hai0="40,63,87,83,113,114,55,4,131,88,132,12,127" hai1="11,42,111,35,68,7,121,5,126,78,67,76,119" hai2="61,124,53,105,73,107,117,112,17,123,60,93,96" hai3="9,25,84,75,118,30,39,59,130,34,26,101,54"/><T71/><D127/><U16/><E119/><V49/><F123/><W28/><G75/><T65/><D131/><U41/><E121/><V104/><F112/><W29/><G39/><T56/><D132/><U57/><E35/><V43/><F73/><W62/><G118/><T37/><D4/><U51/><E111/><V3/><F124/><W69/><G130/><T74/><D74/><U22/><E126/><V64/><F3/><W31/><G69/><T32/><D32/><U89/><E68/><V50/><F43/><N who="1" m="16393" /><E11/><V81/><F81/><W99/><G9/><T36/><D12/><N who="1" m="9479" /><E89/><V98/><F117/><W15/><G15/><T13/><D13/><U100/><E100/><V128/><F128/><W102/><G26/><T46/><REACH who="0" step="1"/><D36/><REACH who="0" ten="240,250,250,250" step="2"/><U110/><E110/><V20/><F17/><W133/><G133/><T115/><D115/><U95/><E7/><V48/><F20/><W70/><G70/><T33/><D33/><U129/><E129/><V8/><F8/><W44/><G34/><T27/><D27/><U92/><E5/><V108/><F108/><W45/><G25/><T86/><D86/><U66/><E78/><V21/><F21/><W38/><G38/><T109/><D109/><U103/><E76/><V122/><F122/><W85/><N who="3" m="7168" /><DORA hai="77" /><W94/><G84/><T82/><D82/><U24/><E24/><V52/><F98/><N who="3" m="59607" /><G85/><T91/><D91/><U18/><E18/><V72/><F96/><W58/><G58/><T125/><D125/><U10/><E57/><V2/><F2/><W116/><G116/><T14/><D14/><U6/><E10/><RYUUKYOKU ba="0,1" sc="240,15,250,-15,250,-15,250,15" hai0="37,40,46,55,56,63,65,71,83,87,88,113,114" hai3="44,45,54,59,62,99,102" /><INIT seed="0,1,1,0,1,54" ten="255,235,235,265" oya="0" hai0="130,21,100,22,46,123,19,89,9,13,53,78,26" hai1="3,118,135,90,56,76,51,49,99,112,69,40,12" hai2="127,129,97,92,27,55,42,48,73,83,23,122,107" hai3="15,86,94,59,132,25,38,45,82,50,28,71,111"/><T62/><D123/><U96/><E3/><V84/><F122/><W68/><G38/><T58/><D130/><U72/><E118/><V64/><F129/><W1/><G1/><T124/><D124/><U20/><E112/><V115/><F115/><W67/><G132/><T32/><D100/><U103/><E135/><V35/><F35/><W16/><G111/><T11/><D78/><U18/><E69/><V10/><F42/><W128/><G128/><T93/><D46/><U31/><E31/><V7/><F73/><W57/><G94/><T52/><D53/><U41/><E72/><V2/><F107/><W126/><G126/><T79/><D79/><U116/><E116/><V4/><F64/><W36/><G36/><T121/><D32/><U114/><E103/><V37/><F37/><W88/><G68/><T66/><D66/><U70/><E70/><V95/><F7/><W5/><G71/><T98/><D121/><U43/><E114/><V61/><F61/><N who="3" m="38319" /><G59/><T104/><D104/><U113/><E56/><V106/><F106/><W6/><G25/><T102/><D102/><U30/><E76/><V14/><F2/><W63/><G63/><T65/><D65/><U125/><E125/><V91/><F97/><W74/><G28/><AGARI ba="1,1" hai="9,11,13,19,21,22,26,28,52,58,62,89,93,98" machi="28" ten="30,11600,0" yaku="7,1,8,1,52,1,54,1" doraHai="54" who="0" fromWho="3" sc="255,129,235,0,235,0,265,-119" /><INIT seed="0,2,0,4,2,33" ten="384,235,235,146" oya="0" hai0="74,21,116,72,52,39,5,66,41,11,94,123,76" hai1="97,43,2,84,110,129,13,134,69,95,38,19,65" hai2="48,102,0,115,101,130,83,85,27,14,128,42,120" hai3="104,75,80,112,90,61,34,127,63,117,114,17,79"/><T135/><D116/><U122/><E2/><V100/><F120/><W67/><G17/><T7/><D7/><U133/><E122/><V29/><F115/><N who="3" m="44075" /><G63/><T28/><D66/><U103/><E38/><V18/><F0/><W56/><G56/><T106/><D106/><U57/><E129/><V87/><F42/><W44/><G117/><T22/><D135/><U70/><E43/><V118/><F83/><W31/><G90/><T109/><D123/><U99/><E110/><V25/><F48/><W15/><G15/><T55/><D41/><U125/><E125/><V64/><F64/><W59/><G44/><T36/><D94/><U45/><E45/><V89/><F89/><W126/><G104/><T26/><D109/><U12/><E84/><N who="2" m="32331" /><F118/><W30/><G34/><T20/><D39/><U92/><E12/><V113/><F113/><W40/><G40/><T73/><D36/><U58/><E65/><V47/><F47/><W131/><G131/><N who="2" m="50217" /><F29/><W88/><G88/><T16/><D76/><U46/><E46/><V96/><F96/><W71/><G71/><T50/><D50/><U111/><E111/><V124/><F124/><AGARI ba="2,0" hai="30,31,59,61,67,75,79,80,124,126,127" m="44075" machi="124" ten="30,1000,0" yaku="18,1" doraHai="33" who="3" fromWho="2" sc="384,0,235,0,235,-16,146,16" /><INIT seed="1,0,0,5,1,26" ten="384,235,219,162" oya="1" hai0="33,79,56,116,38,66,47,44,105,22,126,96,50" hai1="39,101,94,58,46,11,54,65,87,52,55,40,34" hai2="98,16,31,19,133,111,23,67,48,53,132,131,1" hai3="37,73,118,81,36,129,127,120,7,82,9,135,42"/><U27/><E11/><V134/><F1/><N who="3" m="239" /><G82/><T6/><D33/><U130/><E130/><V107/><F111/><W60/><G120/><T108/><D108/><U69/><E27/><N who="2" m="16895" /><F67/><W92/><G129/><T0/><D79/><U51/><E34/><V83/><F83/><W103/><G135/><T41/><D6/><U5/><E5/><V12/><F12/><W71/><G92/><T30/><D0/><U115/><E115/><V88/><F131/><W124/><G118/><T86/><D116/><U123/><E123/><V125/><F125/><N who="3" m="48203" /><G103/><T3/><D3/><U49/><E49/><V128/><F128/><W112/><G112/><T74/><D74/><U97/><REACH who="1" step="1"/><E87/><REACH who="1" ten="384,225,219,162" step="2"/><V8/><F8/><W78/><G42/><T17/><D86/><U76/><E76/><V15/><F15/><W104/><G104/><T85/><D85/><U10/><E10/><V100/><F88/><W77/><G77/><T25/><D50/><U62/><AGARI ba="0,1" hai="39,40,46,51,52,54,55,58,62,65,69,94,97,101" machi="62" ten="30,18000,2" yaku="1,1,0,1,24,2,54,1,53,1" doraHai="26" doraHaiUra="43" who="1" fromWho="1" sc="384,-60,225,190,219,-60,162,-60" /><INIT seed="1,1,0,0,4,42" ten="324,415,159,102" oya="1" hai0="95,118,114,37,134,70,2,59,68,121,7,46,18" hai1="4,44,25,83,128,30,131,3,105,92,49,0,86" hai2="64,98,116,20,108,96,36,38,106,5,69,76,41" hai3="85,97,12,115,60,127,56,51,52,24,54,71,53"/><U50/><E105/><V124/><F116/><W133/><G115/><T19/><D114/><U28/><E4/><V77/><F108/><W81/><G127/><T135/><D118/><U80/><E92/><V43/><F20/><W35/><G133/><T113/><D113/><U109/><E109/><V122/><F5/><W65/><G97/><T27/><D121/><U100/><E100/><V126/><F64/><W74/><G74/><T8/><D59/><U88/><E80/><V90/><F90/><W55/><G35/><T13/><D95/><U104/><E104/><V22/><F22/><W79/><G12/><T75/><D75/><U129/><E50/><V101/><F101/><W112/><G112/><T87/><D87/><U130/><N who="1" m="33280" /><DORA hai="110" /><U1/><REACH who="1" step="1"/><E25/><REACH who="1" ten="324,405,159,102" step="2"/><V45/><F106/><W39/><G39/><T91/><D27/><U14/><E14/><V123/><F69/><W78/><REACH who="3" step="1"/><G24/><REACH who="3" ten="324,405,159,92" step="2"/><T120/><D13/><U62/><E62/><V63/><F63/><W67/><G67/><T48/><D37/><U82/><E82/><V34/><F122/><W66/><G66/><T103/><D134/><U26/><E26/><V10/><F123/><W99/><G99/><T57/><D135/><U16/><E16/><V9/><F98/><W29/><G29/><T102/><D18/><U132/><E132/><V33/><F96/><W11/><G11/><T117/><D19/><U23/><E23/><V15/><F15/><W125/><G125/><T94/><D8/><U89/><E89/><AGARI ba="1,2" hai="51,52,53,54,55,56,60,65,71,78,79,81,85,89" machi="89" ten="40,8000,1" yaku="1,1,54,1,53,2" doraHai="42,110" doraHaiUra="119,73" who="3" fromWho="1" sc="324,0,405,-83,159,0,92,103" /><INIT seed="2,0,0,2,5,38" ten="324,322,159,195" oya="2" hai0="22,119,62,25,14,57,24,135,8,122,21,58,36" hai1="69,37,52,18,93,26,54,10,75,126,68,103,41" hai2="118,67,42,102,112,125,13,17,106,20,82,101,43" hai3="46,78,59,9,74,113,51,107,115,30,35,86,91"/><V66/><F112/><N who="3" m="43083" /><G107/><T73/><D73/><U11/><E126/><V127/><F118/><W90/><G74/><T92/><D36/><U2/><E75/><V80/><F17/><W29/><G9/><T64/><D119/><U108/><E108/><V99/><F20/><N who="0" m="7786" /><D135/><U129/><E129/><V50/><F13/><W34/><G59/><N who="0" m="36959" /><D92/><U81/><E2/><V97/><F50/><W133/><G133/><T111/><D111/><U104/><E104/><AGARI ba="0,0" hai="42,43,66,67,80,82,97,99,101,102,104,106,125,127" machi="104" ten="25,9600,0" yaku="22,2,52,2" doraHai="38" who="2" fromWho="1" sc="324,0,322,-96,159,96,195,0" /><INIT seed="2,1,0,1,0,114" ten="324,226,255,195" oya="2" hai0="51,87,121,130,100,123,32,122,118,124,86,90,5" hai1="72,47,10,67,96,41,55,59,26,18,129,3,95" hai2="35,14,112,108,12,77,43,39,50,117,109,49,71" hai3="83,116,120,28,128,131,106,99,25,52,132,16,92"/><V134/><F112/><W56/><G120/><T107/><D32/><U79/><E129/><N who="3" m="49738" /><G132/><T29/><D29/><U102/><E67/><V57/><F71/><W125/><G106/><T64/><D64/><U13/><E72/><V1/><F134/><W45/><G45/><T80/><D5/><U69/><E69/><V85/><F35/><N who="3" m="20879" /><G125/><T115/><D51/><N who="2" m="19466" /><F1/><W2/><G2/><T8/><D8/><U7/><E79/><V30/><F30/><W61/><G83/><N who="0" m="49503" /><D115/><U76/><E76/><V126/><F126/><W74/><G74/><T104/><D124/><U19/><E26/><V62/><F117/><W46/><G46/><T135/><D135/><U113/><E113/><V110/><F77/><W119/><G16/><T48/><D48/><U22/><E47/><N who="2" m="24063" /><F85/><W21/><G21/><T94/><D130/><U91/><E41/><V101/><F101/><AGARI ba="1,0" hai="52,56,61,92,99,101,116,119" m="20879,49738" machi="101" ten="30,7700,0" yaku="19,1,52,2,54,1" doraHai="114" who="3" fromWho="2" sc="324,0,226,0,255,-80,195,80" /><INIT seed="3,0,0,5,4,118" ten="324,226,175,275" oya="3" hai0="71,3,58,24,97,36,129,132,37,102,55,8,117" hai1="126,57,50,107,112,64,38,51,56,86,104,111,45" hai2="133,30,66,91,48,93,125,76,92,23,72,19,113" hai3="130,28,109,49,11,12,77,95,26,68,63,90,106"/><W33/><G130/><T67/><D117/><U2/><E112/><V123/><F113/><W94/><G106/><T47/><D129/><U25/><E126/><V59/><F125/><W79/><G109/><T74/><D74/><U9/><E111/><V134/><F30/><W15/><G15/><T100/><D100/><U31/><E38/><V108/><F108/><W34/><G34/><T110/><D110/><U69/><E69/><V88/><F72/><W1/><G1/><T21/><D71/><U122/><E122/><V39/><F39/><W81/><G94/><N who="2" m="36457" /><F76/><W96/><G81/><T127/><D67/><U32/><E104/><V99/><F99/><W84/><G96/><T13/><D3/><U83/><E107/><V6/><F6/><W35/><G35/><T17/><D127/><U85/><E85/><V78/><F78/><W128/><G128/><T62/><D47/><U65/><E9/><V103/><F103/><W80/><G80/><T115/><D132/><N who="2" m="50794" /><F66/><W14/><G79/><T42/><D115/><U98/><E2/><V61/><F48/><W135/><G77/><T27/><D42/><U41/><E98/><V60/><F59/><W46/><G135/><T20/><D37/><U54/><E57/><V89/><F123/><W120/><G120/><T75/><D36/><U16/><E16/><V70/><F70/><W5/><G68/><T44/><D75/><U18/><E18/><V116/><F116/><W73/><G73/><T105/><D44/><U10/><E10/><V4/><F4/><W101/><G101/><T52/><D102/><U40/><E41/><RYUUKYOKU ba="0,0" sc="324,-15,226,15,175,15,275,-15" hai1="25,31,32,40,45,50,51,54,56,64,65,83,86" hai2="19,23,60,61,88,89,91" /><INIT seed="4,1,0,5,0,106" ten="309,241,190,260" oya="0" hai0="13,19,74,108,125,109,39,98,21,58,60,100,81" hai1="23,29,113,95,117,126,78,102,64,111,77,69,50" hai2="88,96,14,27,65,121,1,36,30,85,4,12,135" hai3="67,32,43,51,38,122,52,130,47,80,61,105,87"/><T48/><D39/><U79/><E111/><N who="0" m="42569" /><D125/><U71/><E117/><V73/><F121/><W16/><G105/><N who="0" m="63639" /><D48/><U101/><E95/><V44/><F135/><W93/><G122/><T114/><D114/><U134/><E113/><V18/><F65/><W103/><G130/><T45/><D45/><U131/><E64/><V6/><F1/><W31/><G32/><T66/><D81/><U56/><E126/><V75/><F96/><W0/><G0/><T123/><D123/><U54/><E131/><V62/><F62/><W82/><G31/><T76/><D76/><U37/><E134/><V26/><F36/><W92/><G103/><T8/><D8/><U25/><E37/><V94/><F44/><W24/><G82/><T115/><D115/><U70/><AGARI ba="1,0" hai="23,25,29,50,54,56,69,70,71,77,78,79,101,102" machi="70" ten="40,1500,0" yaku="0,1" doraHai="106" who="1" fromWho="1" sc="309,-8,241,18,190,-5,260,-5" /><INIT seed="5,0,0,5,4,40" ten="301,259,185,255" oya="1" hai0="43,22,38,32,39,71,2,79,119,58,48,126,95" hai1="21,77,74,131,91,115,135,47,11,83,64,111,61" hai2="59,15,49,78,50,67,19,113,27,54,87,75,106" hai3="16,102,65,81,44,10,68,109,46,130,17,100,94"/><U37/><E111/><V63/><F75/><W108/><G68/><T80/><D32/><U97/><E135/><V99/><F106/><W124/><G65/><T125/><D2/><U56/><E131/><V82/><F113/><W89/><G124/><N who="0" m="47723" /><D71/><U28/><E115/><V127/><F127/><W35/><G35/><T112/><D112/><U103/><E91/><V5/><F5/><W92/><G81/><T45/><D119/><U30/><E11/><V84/><F87/><W9/><REACH who="3" step="1"/><G89/><REACH who="3" ten="301,259,185,245" step="2"/><T105/><D80/><U107/><E21/><V29/><F67/><W33/><G33/><T122/><D122/><U0/><E0/><V1/><F1/><W118/><G118/><T134/><D22/><U72/><REACH who="1" step="1"/><E74/><REACH who="1" ten="301,249,185,245" step="2"/><V88/><F78/><W51/><G51/><T85/><D79/><U52/><E52/><V116/><F116/><W4/><G4/><T70/><D48/><U13/><E13/><V55/><F55/><W34/><G34/><T62/><D134/><U90/><E90/><V76/><F76/><W25/><G25/><T133/><D133/><U20/><E20/><N who="2" m="15591" /><F99/><W24/><G24/><T129/><D129/><AGARI ba="0,2" hai="9,10,16,17,44,46,92,94,100,102,108,109,129,130" machi="129" ten="25,12000,2" yaku="1,1,22,2,52,2,54,1,53,0" doraHai="40" doraHaiUra="23" who="3" fromWho="0" sc="301,-120,249,0,185,0,245,140" /><INIT seed="6,0,0,4,2,102" ten="181,249,185,385" oya="2" hai0="39,63,72,60,10,131,15,73,8,134,23,56,42" hai1="12,17,50,106,65,26,93,112,30,104,11,24,49" hai2="90,57,108,116,77,84,83,87,135,95,121,75,36" hai3="91,58,69,38,31,28,85,47,86,54,55,48,71"/><V0/><F36/><W76/><G38/><T20/><D131/><U53/><E112/><V80/><F0/><W14/><G76/><T45/><D134/><U103/><E65/><V16/><F135/><W27/><G71/><T123/><D123/><U22/><E26/><V21/><F121/><W120/><G69/><T2/><D2/><U92/><E103/><V78/><F108/><W130/><G130/><T107/><D107/><U29/><E29/><N who="3" m="11338" /><G27/><T81/><D63/><U33/><E33/><V41/><F41/><W3/><G3/><T125/><D10/><U34/><E34/><V9/><F116/><W44/><G120/><T133/><D133/><U37/><E37/><V124/><F124/><W59/><G14/><T52/><D125/><U43/><E92/><V79/><F9/><W118/><G118/><T25/><D81/><U113/><E93/><V117/><F117/><W122/><G122/><T13/><D13/><U101/><E101/><V51/><F75/><W97/><G97/><T46/><D46/><N who="3" m="17449" /><G91/><T32/><D32/><U18/><E43/><V40/><F84/><W132/><G132/><T19/><REACH who="0" step="1"/><D23/><REACH who="0" ten="171,249,185,385" step="2"/><U74/><E106/><V89/><F40/><W94/><G94/><T88/><D88/><U61/><E104/><V129/><F90/><W62/><AGARI ba="0,1" hai="48,54,55,58,59,62,85,86" m="17449,11338" machi="62" ten="30,1100,0" yaku="8,1" doraHai="102" who="3" fromWho="3" sc="171,-3,249,-3,185,-5,385,21" /><INIT seed="7,0,0,1,4,86" ten="168,246,180,406" oya="3" hai0="87,100,18,93,110,19,29,96,17,47,3,89,94" hai1="46,37,61,10,102,20,23,71,52,77,105,103,25" hai2="133,12,27,126,26,57,108,7,58,125,43,21,65" hai3="15,119,107,104,51,6,4,41,14,11,36,97,84"/><W56/><G119/><T33/><D110/><U66/><E105/><V127/><F108/><W124/><G36/><T59/><D3/><U112/><E112/><V116/><F43/><W95/><G124/><T115/><D115/><U129/><E129/><V122/><F116/><W50/><G84/><T68/><D68/><U5/><E77/><V35/><F35/><W76/><G76/><T42/><D59/><U106/><E20/><V135/><F122/><W9/><G41/><T62/><D62/><U111/><E111/><V60/><F58/><W16/><G16/><T80/><D33/><U53/><E106/><V123/><F123/><W30/><G30/><T67/><D67/><U88/><E37/><V101/><F101/><W63/><G104/><T54/><D29/><U75/><E75/><V113/><F113/><W39/><G39/><T22/><D54/><U40/><E53/><V64/><F65/><N who="3" m="39143" /><G107/><T92/><D22/><U70/><E70/><V90/><F90/><AGARI ba="0,0" hai="4,6,9,11,14,15,50,51,90,95,97" m="39143" machi="90" ten="30,2900,0" yaku="8,1,52,1" doraHai="86" who="3" fromWho="2" sc="168,0,246,0,180,-29,406,29" owari="168,-23.0,246,5.0,151,-35.0,435,53.0" /></mjloggm>