<mjloggm ver="2.3"><GO type="169" lobby="0"/><UN n0="%55%4D" n1="%E3%82%A6%E3%83%AB%E3%83%88%E3%83%A9%E7%AB%8B%E7%9B%B4" n2="%E3%81%BE%E3%81%A4%E3%82%86%E3%81%8D" n3="%4A%61%6E%2D%4D%61%63%68" dan="17,17,16,16" rate="2160.25,2236.20,2188.57,2114.86" sx="M,M,M,M"/><TAIKYOKU oya="0"/><INIT seed="0,0,0,5,1,105" ten="250,250,250,250" oya="0" hai0="34,78,117,40,84,55,13,69,31,4,37,68,93" hai1="33,70,63,50,23,29,26,132,47,54,122,43,76" hai2="120,81,123,87,11,85,16,35,10,51,21,64,48" hai3="17,121,15,38,96,86,92,65,67,71,58,100,7"/><T107/><D107/><U52/><E122/><V112/><F35/><W113/><G71/><T103/><D117/><U91/><E132/><V59/><F112/><W9/><G38/><T72/><D55/><U39/><E76/><V83/><F21/><W62/><G113/><T22/><D34/><U49/><E91/><V124/><F59/><W79/><G121/><T101/><D40/><U102/><E102/><V111/><F111/><W118/><G118/><T14/><D37/><U80/><E80/><V56/><F56/><W46/><G46/><T32/><D32/><U130/><E33/><V129/><F129/><W53/><G79/><T119/><D119/><U27/><E27/><V8/><F124/><W2/><G86/><T125/><D125/><U75/><E75/><V36/><F10/><AGARI ba="0,0" hai="2,7,9,10,15,17,53,58,62,65,67,92,96,100" machi="10" ten="30,1000,0" yaku="7,1" doraHai="105" who="3" fromWho="2" sc="250,0,250,0,250,-10,250,10" /><INIT seed="1,0,0,4,5,63" ten="250,250,240,260" oya="1" hai0="87,31,59,35,113,13,29,74,107,129,54,73,23" hai1="1,67,53,109,128,60,130,41,100,56,30,10,86" hai2="5,71,61,12,19,40,6,18,28,116,90,104,49" hai3="108,123,33,135,51,132,27,0,20,96,34,120,17"/><U65/><E100/><V89/><F104/><W8/><G51/><T95/><D107/><U82/><E30/><V15/><F116/><W43/><G43/><T9/><D113/><U81/><E41/><V25/><F71/><W7/><G96/><T133/><D35/><U78/><E109/><V92/><F61/><W110/><G33/><T79/><D129/><N who="1" m="49771" /><E82/><V80/><F80/><W39/><G39/><T66/><D66/><N who="1" m="25099" /><E10/><V84/><F40/><W21/><G21/><T91/><D9/><U118/><E1/><V55/><F28/><W75/><G75/><T36/><D73/><U68/><E68/><V2/><F2/><W127/><G34/><T24/><D74/><U93/><E93/><V102/><F102/><W26/><G110/><T72/><D31/><U45/><E45/><V88/><F92/><W76/><G108/><T112/><D72/><U3/><E3/><V114/><F114/><W14/><G76/><T98/><D112/><U126/><E126/><V69/><F69/><W106/><G127/><T38/><D79/><U85/><E85/><V32/><F84/><W103/><G103/><T37/><D87/><U70/><E70/><V134/><F32/><W16/><G106/><T99/><D99/><U48/><E48/><V44/><F49/><W4/><G0/><T83/><D83/><U77/><E77/><V117/><F44/><W58/><G8/><T52/><D36/><U97/><E97/><V125/><F125/><W131/><G131/><T111/><D37/><U57/><E57/><V11/><F11/><W115/><G58/><T22/><D59/><RYUUKYOKU ba="0,0" sc="250,-10,250,30,240,-10,260,-10" hai1="53,56,60,78,81,86,118" /><INIT seed="1,1,0,0,2,124" ten="240,280,230,250" oya="1" hai0="52,117,32,75,25,92,50,13,1,73,81,5,27" hai1="63,118,111,94,9,48,125,39,23,89,84,51,131" hai2="113,68,30,18,115,90,49,82,40,93,100,8,62" hai3="107,59,4,26,129,119,135,104,10,11,44,42,53"/><U22/><E118/><V80/><F30/><W112/><G112/><N who="2" m="43081" /><F100/><W123/><G123/><T43/><D117/><U114/><E114/><V6/><F18/><W16/><G119/><T64/><D43/><U79/><E39/><V101/><F101/><W17/><G135/><T128/><D1/><U116/><E116/><V33/><F33/><W70/><G70/><T41/><D41/><U87/><E125/><V61/><F40/><W66/><G66/><T110/><D64/><U58/><E9/><V38/><F38/><W96/><G11/><T37/><D37/><U65/><E111/><V3/><F49/><N who="1" m="19017" /><E131/><V47/><F47/><W76/><G129/><T2/><D50/><U105/><E105/><V60/><F68/><W85/><G44/><T19/><D128/><U46/><E46/><V74/><F74/><W132/><G42/><T127/><D75/><U95/><E95/><V34/><F34/><W69/><G69/><T86/><D92/><U57/><E57/><V98/><AGARI ba="1,0" hai="3,6,8,60,61,62,80,82,90,93,98" m="43081" machi="98" ten="30,1100,0" yaku="11,1" doraHai="124" who="2" fromWho="2" sc="240,-4,280,-6,230,14,250,-4" /><INIT seed="2,0,0,1,5,26" ten="236,274,244,246" oya="2" hai0="122,126,95,56,58,52,30,9,12,37,82,88,66" hai1="34,15,73,1,17,19,116,46,64,75,68,32,79" hai2="131,41,72,98,107,94,0,90,81,97,8,50,21" hai3="47,106,123,89,105,45,42,93,109,133,100,28,35"/><V63/><F131/><W59/><G123/><T86/><D37/><U24/><E64/><V40/><F0/><W96/><G133/><T115/><D115/><U83/><E68/><V5/><F72/><W76/><G109/><T104/><D104/><U48/><E1/><V128/><F128/><W120/><G120/><T18/><D126/><U85/><E116/><V74/><F74/><W134/><G134/><T61/><D122/><U77/><E19/><V69/><F69/><W44/><G59/><T43/><D43/><N who="2" m="16458" /><F107/><W27/><G76/><T57/><D30/><U80/><E85/><N who="2" m="50479" /><F63/><W113/><G106/><T125/><D125/><U99/><E99/><V22/><F50/><W84/><REACH who="3" step="1"/><G113/><REACH who="3" ten="236,274,244,236" step="2"/><T91/><D66/><U36/><E79/><V29/><F98/><AGARI ba="0,1" hai="9,12,18,52,56,57,58,61,82,86,88,91,95,98" machi="98" ten="30,7700,0" yaku="7,1,8,1,54,2" doraHai="26" who="0" fromWho="2" sc="236,87,274,0,244,-77,236,0" /><INIT seed="3,0,0,5,4,3" ten="323,274,167,236" oya="3" hai0="43,72,8,89,58,78,4,36,86,45,96,56,18" hai1="26,30,44,42,6,105,57,98,110,69,129,11,1" hai2="27,68,87,47,28,54,102,114,12,9,34,17,97" hai3="46,29,0,41,39,82,25,40,128,116,62,93,33"/><W81/><G116/><T48/><D18/><U111/><E69/><V134/><F134/><W79/><G128/><T126/><D126/><U115/><E57/><V52/><F114/><W100/><G41/><T108/><D108/><N who="1" m="41515" /><E115/><V95/><F68/><W123/><G123/><T112/><D112/><U20/><E129/><V117/><F117/><W66/><G0/><N who="0" m="7" /><D96/><U130/><E130/><V118/><F118/><W51/><G39/><T23/><D23/><U64/><E64/><V5/><F47/><W103/><G82/><N who="0" m="45383" /><D48/><N who="1" m="26647" /><E98/><V16/><REACH who="2" step="1"/><F87/><REACH who="2" ten="323,274,157,236" step="2"/><W73/><REACH who="3" step="1"/><G93/><AGARI ba="0,1" hai="36,43,45,56,58,86,89,93" m="45383,7" machi="93" ten="30,2000,0" yaku="25,1,52,1" doraHai="3" who="0" fromWho="3" sc="323,30,274,0,157,0,236,-20" /><INIT seed="4,0,0,2,5,135" ten="353,274,157,216" oya="0" hai0="96,3,77,14,44,36,0,16,41,121,29,67,130" hai1="66,120,18,30,128,51,93,132,117,28,49,8,34" hai2="95,112,97,23,27,103,101,127,59,62,119,48,58" hai3="89,35,24,114,63,20,124,2,78,19,107,45,72"/><T56/><D121/><U1/><E66/><V118/><F112/><W68/><G114/><T47/><D130/><U6/><E120/><V54/><F103/><W74/><G107/><T15/><D29/><U12/><E117/><V105/><F105/><W111/><G111/><T31/><D31/><U94/><E128/><V75/><F75/><W102/><G102/><T9/><D77/><U46/><E30/><V43/><F127/><W122/><G35/><T37/><D96/><U86/><E51/><V115/><F115/><W82/><G2/><T13/><D13/><U57/><E57/><V4/><F4/><W129/><G129/><T133/><D133/><U80/><E132/><V50/><F43/><W123/><G74/><T131/><D131/><U26/><E49/><V109/><F109/><W76/><G45/><T71/><D71/><U40/><E46/><V39/><F39/><W70/><G78/><T60/><REACH who="0" step="1"/><D15/><REACH who="0" ten="343,274,157,216" step="2"/><U32/><E32/><V106/><F118/><W113/><G122/><T98/><D98/><U84/><E84/><V61/><F119/><W11/><G123/><T88/><D88/><U83/><E86/><V116/><F116/><W92/><G113/><T81/><D81/><U65/><E83/><V125/><F106/><W87/><G70/><T110/><D110/><U42/><E80/><V91/><F101/><W104/><G104/><T69/><D69/><U33/><E33/><V25/><F91/><W100/><G100/><T108/><D108/><U90/><E34/><V10/><F97/><W17/><G68/><T73/><D73/><U22/><E90/><RYUUKYOKU ba="0,1" sc="343,30,274,-10,157,-10,216,-10" hai0="0,3,9,14,16,36,37,41,44,47,56,60,67" /><INIT seed="4,1,1,5,5,101" ten="373,264,147,206" oya="0" hai0="96,23,11,115,78,135,66,74,5,85,99,46,32" hai1="131,20,127,90,27,65,37,13,92,30,77,45,35" hai2="111,116,38,113,70,83,36,48,100,58,132,125,134" hai3="84,25,52,53,108,93,107,79,19,123,105,120,59"/><T106/><D32/><U7/><E127/><V54/><F100/><W126/><G108/><T117/><D117/><U10/><E131/><V29/><F29/><W95/><G126/><T81/><D115/><U0/><E77/><V42/><F125/><W44/><G44/><T109/><D135/><N who="2" m="51754" /><F83/><N who="3" m="47231" /><G19/><T112/><D112/><U31/><E65/><V71/><F113/><W94/><G25/><T75/><D66/><U17/><E45/><N who="2" m="25655" /><F111/><W88/><G53/><T39/><D23/><U129/><E129/><V98/><F116/><W28/><G28/><T130/><D130/><U56/><E56/><V9/><F9/><W80/><G52/><T26/><D26/><U61/><E61/><N who="2" m="36055" /><F98/><W60/><G60/><T133/><D99/><N who="1" m="57751" /><E31/><V114/><F114/><W14/><G59/><T6/><D133/><U110/><E110/><V62/><F62/><W16/><G80/><T33/><D81/><U34/><E34/><V18/><F18/><W4/><G4/><T128/><D5/><U2/><E2/><V86/><F71/><W82/><G82/><T40/><D33/><U97/><E97/><V89/><F70/><W41/><G41/><T121/><D96/><U124/><E124/><V102/><F36/><AGARI ba="1,1" hai="0,7,10,13,17,20,27,30,35,36,37" m="57751" machi="36" ten="30,1000,0" yaku="24,1" doraHai="101" who="1" fromWho="2" sc="373,0,264,23,147,-13,206,0" /><INIT seed="5,0,0,3,0,81" ten="373,287,134,206" oya="1" hai0="21,90,119,128,56,110,50,42,65,132,124,126,59" hai1="57,96,11,120,12,89,92,101,31,105,102,0,24" hai2="18,8,35,54,97,80,33,83,104,36,17,63,75" hai3="78,98,115,94,27,125,88,3,111,127,134,109,14"/><U16/><E120/><V77/><F36/><W5/><G14/><T73/><D110/><N who="3" m="41993" /><G27/><T107/><D107/><U108/><E108/><V39/><F39/><W95/><G5/><T49/><D73/><U38/><E38/><V55/><F8/><W48/><G3/><T52/><D119/><U6/><E57/><V135/><F75/><W106/><G78/><T15/><D132/><U28/><E28/><V84/><F135/><W60/><G48/><T85/><D128/><U64/><E64/><V66/><F77/><W43/><G60/><T71/><D71/><U112/><E112/><V87/><F104/><W53/><G53/><N who="0" m="31791" /><D65/><U82/><E82/><V113/><F66/><W44/><G44/><T129/><D129/><U72/><E72/><V130/><F130/><W76/><G43/><T7/><D42/><U10/><REACH who="1" step="1"/><E105/><REACH who="1" ten="373,277,134,206" step="2"/><V99/><REACH who="2" step="1"/><F63/><REACH who="2" ten="373,277,124,206" step="2"/><W9/><G134/><T67/><D67/><U93/><E93/><V32/><F32/><AGARI ba="0,2" hai="0,6,10,11,12,16,24,31,32,89,92,96,101,102" machi="32" ten="30,5800,0" yaku="1,1,7,1,54,1,53,0" doraHai="81" doraHaiUra="19" who="1" fromWho="2" sc="373,0,277,78,124,-58,206,0" /><INIT seed="5,1,0,4,3,96" ten="373,355,66,206" oya="1" hai0="123,46,68,54,75,42,127,119,73,32,106,25,33" hai1="65,64,15,24,26,74,30,94,132,51,48,69,34" hai2="21,91,107,104,86,62,83,112,57,0,134,129,13" hai3="31,76,120,103,117,70,116,93,80,2,113,66,44"/><U59/><E74/><V118/><F0/><W99/><G2/><T11/><D119/><N who="3" m="45641" /><G31/><T12/><D68/><U98/><E69/><V38/><F118/><W4/><G4/><T67/><D67/><U63/><E132/><V3/><F3/><W6/><G6/><T1/><D1/><U53/><E26/><V37/><F134/><W58/><G58/><T109/><D109/><U125/><E125/><V101/><F129/><W43/><G66/><T122/><D106/><U115/><E115/><V52/><F112/><W60/><G60/><T23/><D54/><U28/><E28/><V8/><F21/><W102/><G70/><T97/><D97/><U108/><E108/><V7/><REACH who="2" step="1"/><F101/><REACH who="2" ten="373,355,56,206" step="2"/><N who="3" m="60655" /><G113/><T50/><D23/><U49/><REACH who="1" step="1"/><E15/><REACH who="1" ten="373,345,56,206" step="2"/><V82/><F82/><W72/><G120/><T110/><D123/><U36/><E36/><AGARI ba="1,2" hai="7,8,13,36,37,38,52,57,62,83,86,91,104,107" machi="36" ten="40,2600,0" yaku="1,1,54,1,53,0" doraHai="96" doraHaiUra="133" who="2" fromWho="1" sc="373,0,345,-29,56,49,206,0" /><AGARI ba="1,0" hai="36,43,44,72,76,80,102,103" m="60655,45641" machi="36" ten="30,7700,0" yaku="12,1,52,3" doraHai="96" who="3" fromWho="1" sc="373,0,316,-77,105,0,206,77" /><INIT seed="6,0,0,4,3,39" ten="373,239,105,283" oya="2" hai0="14,31,2,115,81,88,90,108,34,46,130,9,78" hai1="0,112,105,125,119,73,126,52,72,3,64,124,79" hai2="48,24,86,89,135,61,56,50,65,87,132,43,58" hai3="45,109,118,26,60,84,133,101,33,113,6,123,29"/><V55/><F87/><W37/><G123/><T30/><D108/><U97/><E64/><V102/><F102/><W47/><G109/><T131/><D2/><N who="1" m="555" /><E119/><V36/><F24/><W28/><G118/><T69/><D69/><U38/><E38/><V77/><F77/><W93/><G133/><N who="2" m="51273" /><F86/><W121/><G6/><N who="0" m="3383" /><D46/><U20/><E79/><V19/><F19/><W62/><G121/><T107/><D115/><U94/><E112/><V106/><F89/><N who="0" m="34410" /><D34/><U44/><E105/><V95/><F106/><W104/><G113/><T49/><D49/><N who="1" m="28711" /><E20/><V67/><F95/><W11/><G93/><T21/><D21/><U13/><E13/><V80/><F80/><W116/><G84/><N who="0" m="48183" /><D107/><U68/><E68/><V8/><F8/><W18/><G116/><T12/><D12/><U16/><E16/><V99/><F99/><W71/><G18/><T83/><D83/><U25/><E25/><V85/><F85/><W96/><G11/><T7/><D7/><U75/><E75/><V120/><F120/><W51/><G71/><T76/><D76/><U117/><E117/><V63/><F36/><W66/><G26/><T92/><D92/><U122/><E122/><V74/><F74/><W57/><G33/><T111/><D111/><U35/><E35/><V5/><F5/><W70/><G37/><T103/><D103/><AGARI ba="0,0" hai="72,73,94,97,103,124,125,126" m="28711,555" machi="103" ten="40,2600,0" yaku="18,1,54,1" doraHai="39" who="1" fromWho="0" sc="373,-26,239,26,105,0,283,0" /><INIT seed="7,0,0,4,0,74" ten="347,265,105,283" oya="3" hai0="16,123,120,111,128,69,68,7,121,32,57,2,101" hai1="88,33,135,127,70,110,122,105,82,19,24,131,41" hai2="115,104,107,117,113,10,3,14,126,109,87,12,61" hai3="97,25,72,106,92,47,23,80,84,11,94,27,26"/><W8/><G72/><T9/><D111/><U59/><E70/><V103/><F109/><W54/><G106/><T17/><D32/><U102/><E122/><V48/><F117/><W30/><G26/><T119/><D119/><U90/><E110/><V100/><F3/><W118/><G27/><T65/><D101/><U108/><E108/><V95/><F48/><N who="3" m="28959" /><G118/><T58/><D128/><U130/><E127/><V85/><F61/><W81/><G81/><T62/><D69/><U6/><E6/><V42/><F42/><W45/><G45/><T44/><D44/><U77/><E135/><V39/><F95/><N who="3" m="36395" /><G97/><T5/><D5/><U31/><E41/><V98/><F98/><W114/><G114/><T38/><D38/><U35/><E35/><V91/><F126/><W99/><G99/><T75/><D75/><N who="1" m="43327" /><E105/><V93/><F93/><W73/><G73/><T50/><D50/><U49/><E102/><V43/><F43/><W134/><G134/><T83/><D83/><U112/><E112/><V125/><F125/><W89/><AGARI ba="0,0" hai="8,11,23,25,30,80,84,89" m="36395,28959" machi="89" ten="30,1500,0" yaku="8,1" doraHai="74" who="3" fromWho="3" sc="347,-5,265,-5,105,-5,283,15" /><INIT seed="7,1,0,3,0,64" ten="342,260,100,298" oya="3" hai0="59,24,121,35,119,75,50,62,8,81,126,92,10" hai1="28,0,77,65,107,1,5,19,116,129,79,11,78" hai2="122,49,61,33,115,54,3,131,86,85,105,44,63" hai3="125,25,90,6,93,7,38,13,95,101,36,84,4"/><W60/><G125/><T34/><D121/><U56/><E107/><V53/><F105/><W80/><G36/><T94/><D119/><U18/><E1/><V51/><F3/><W124/><G38/><T55/><D35/><U30/><E129/><V82/><F33/><W12/><G124/><T2/><D2/><U113/><E113/><V103/><F115/><W130/><G130/><T132/><D132/><U98/><E98/><V100/><F131/><W42/><G42/><T118/><D118/><U27/><E116/><V23/><F122/><W111/><G111/><T37/><D37/><U32/><E30/><V87/><F23/><W117/><G117/><T70/><D34/><U57/><E65/><V83/><F86/><W106/><G25/><T41/><D24/><U20/><REACH who="1" step="1"/><E19/><REACH who="1" ten="342,250,100,298" step="2"/><V69/><REACH who="2" step="1"/><F44/><REACH who="2" ten="342,250,90,298" step="2"/><W91/><G106/><T46/><D46/><U96/><E96/><V127/><F127/><W52/><G101/><T74/><D126/><U26/><AGARI ba="1,2" hai="0,5,11,18,20,26,27,28,32,56,57,77,78,79" machi="26" ten="30,2000,0" yaku="1,1,0,1,53,0" doraHai="64" doraHaiUra="112" who="1" fromWho="1" sc="342,-6,250,43,90,-6,298,-11" owari="336,44.0,293,9.0,84,-42.0,287,-11.0" /></mjloggm>