<mjloggm ver="2.3"><GO type="169" lobby="0"/><UN n0="%6D%61%74%69%6F%73%61%6E" n1="%E3%83%88%E3%83%88%E3%83%AA%E5%85%88%E7%94%9F%31%39%E6%AD%B3" n2="%4D%46%E9%A6%99%E5%B7%9D%E7%9C%9F%E5%8F%B8" n3="%E5%94%AF%E4%B8%80%E7%B5%B6%E5%AF%BE%E7%A5%9E%E7%9C%8C%E5%8D%97" dan="16,18,16,16" rate="2093.90,2201.60,2055.23,2057.06" sx="M,F,M,M"/><TAIKYOKU oya="0"/><INIT seed="0,0,0,1,2,10" ten="250,250,250,250" oya="0" hai0="99,21,73,60,104,0,71,62,59,124,31,63,107" hai1="16,12,54,89,92,86,94,65,35,96,135,103,57" hai2="130,80,93,43,3,84,122,24,97,132,120,7,129" hai3="27,108,2,52,121,67,126,36,82,22,46,111,48"/><T4/><D73/><U66/><E35/><V81/><F24/><W72/><G2/><T33/><D124/><U74/><E74/><V49/><F3/><W76/><G126/><T50/><D71/><U56/><E135/><V44/><F7/><W128/><G128/><T5/><D33/><U75/><E75/><V32/><F32/><W78/><G121/><T109/><D109/><U83/><E83/><N who="2" m="31819" /><F84/><W29/><G36/><T47/><D59/><U6/><E6/><N who="0" m="2665" /><D107/><U133/><E133/><V34/><F34/><W98/><G76/><T53/><D104/><U38/><E38/><V15/><F15/><W70/><REACH who="3" step="1"/><G98/><REACH who="3" ten="250,250,250,240" step="2"/><T106/><D0/><U11/><REACH who="1" step="1"/><E56/><REACH who="1" ten="250,240,250,240" step="2"/><V113/><F132/><W91/><G91/><T30/><D47/><U37/><E37/><V112/><F122/><W8/><G8/><T105/><D21/><U77/><E77/><V25/><F120/><W26/><G26/><T134/><D134/><U110/><E110/><V17/><F25/><W64/><G64/><T116/><D99/><U123/><E123/><V102/><F17/><W55/><G55/><T85/><D53/><U95/><E95/><V125/><F125/><W18/><G18/><T119/><D105/><U131/><E131/><AGARI ba="0,2" hai="43,44,49,93,97,102,112,113,129,130,131" m="31819" machi="131" ten="30,1000,0" yaku="19,1" doraHai="10" who="2" fromWho="1" sc="250,0,240,-10,250,30,240,0" /><INIT seed="1,0,0,5,1,19" ten="250,230,280,240" oya="1" hai0="86,3,65,35,81,69,62,50,135,7,105,49,90" hai1="125,60,119,129,93,64,102,11,26,112,114,20,47" hai2="61,52,118,21,0,16,103,38,111,66,22,33,17" hai3="74,48,75,36,134,83,15,128,116,63,121,32,113"/><U109/><E119/><V97/><F118/><W78/><G116/><T43/><D105/><U94/><E129/><V100/><F33/><W80/><G121/><T51/><D35/><U85/><E125/><V44/><F0/><W91/><G36/><T68/><D135/><U18/><E109/><V84/><F111/><W117/><G117/><T77/><D69/><U12/><E47/><V41/><F84/><W73/><G32/><T54/><D43/><U39/><E39/><V127/><F127/><W2/><G2/><T120/><D120/><U72/><E72/><V89/><F89/><W131/><G63/><T25/><D25/><U34/><E34/><V67/><F67/><W70/><G70/><T4/><D54/><U23/><E85/><V130/><F130/><N who="3" m="49707" /><G48/><T8/><REACH who="0" step="1"/><D4/><REACH who="0" ten="240,230,280,240" step="2"/><U46/><E26/><V37/><F52/><W14/><G134/><T95/><D95/><U123/><E94/><V126/><F126/><W133/><G133/><T6/><D6/><U92/><E92/><V71/><F38/><W58/><G113/><T104/><D104/><U24/><E123/><V115/><F115/><W30/><G83/><T28/><D28/><N who="1" m="17415" /><E114/><V96/><F103/><W107/><G107/><T10/><D10/><U56/><E112/><V101/><F101/><W40/><G30/><T99/><D99/><N who="1" m="59759" /><E46/><V57/><F71/><W29/><G29/><T106/><D106/><U132/><E132/><V59/><F100/><W79/><G80/><T27/><D27/><U45/><E45/><V53/><F97/><W42/><G58/><T55/><D55/><U13/><E11/><RYUUKYOKU ba="0,1" sc="240,15,230,15,280,-15,240,-15" hai0="3,7,8,49,50,51,62,65,68,77,81,86,90" hai1="12,13,18,23,56,60,64" /><INIT seed="1,1,1,0,1,85" ten="255,245,265,225" oya="1" hai0="111,69,38,39,133,81,32,119,29,2,56,66,21" hai1="130,79,48,17,4,98,132,28,1,50,18,86,63" hai2="129,126,99,60,92,116,53,27,61,94,75,117,40" hai3="95,20,80,72,134,124,7,114,16,10,96,113,41"/><U13/><E130/><V88/><F75/><W122/><G122/><T15/><D119/><U101/><E132/><V46/><F60/><W55/><G134/><T51/><D2/><U23/><E28/><V77/><F77/><W115/><G124/><T78/><D69/><U35/><E35/><V70/><F126/><W62/><G41/><T22/><D32/><U45/><E1/><V25/><F129/><W64/><G55/><T107/><D107/><U121/><E121/><V49/><F116/><W12/><G80/><T24/><D111/><U105/><E4/><V67/><F117/><W42/><G42/><T11/><D22/><U71/><E45/><V54/><F54/><W103/><G72/><T5/><D133/><U58/><E71/><V84/><F53/><W34/><G34/><T59/><D51/><U128/><E128/><V73/><F73/><W90/><G103/><AGARI ba="1,1" hai="25,27,40,46,49,61,67,70,84,88,92,94,99,103" machi="103" ten="30,3900,0" yaku="7,1,52,1,54,1" doraHai="85" who="2" fromWho="3" sc="255,0,245,0,265,52,225,-42" /><INIT seed="2,0,0,2,5,14" ten="255,245,317,183" oya="2" hai0="134,103,102,125,107,40,1,90,31,113,104,88,77" hai1="26,65,119,0,87,115,38,127,63,73,111,59,69" hai2="132,123,126,121,13,109,71,78,24,133,75,27,89" hai3="92,8,2,101,23,11,42,72,33,4,128,53,57"/><V10/><F71/><W67/><G33/><T54/><D1/><U61/><E115/><V20/><F78/><W62/><G128/><T83/><D40/><U82/><E38/><V122/><F75/><W34/><G34/><T91/><D31/><U74/><E0/><V108/><F89/><W43/><G72/><T116/><D54/><U6/><E6/><N who="2" m="3287" /><F27/><W100/><G11/><T50/><D113/><U135/><E119/><V70/><F70/><W25/><G53/><T21/><D21/><U79/><E135/><N who="2" m="51787" /><F126/><W114/><G114/><T97/><D50/><U110/><E127/><V3/><F3/><W35/><G35/><T32/><D32/><U9/><E26/><V56/><F56/><W124/><G124/><T66/><D134/><U12/><E74/><V45/><F45/><W46/><G46/><T120/><D125/><U76/><E76/><V28/><AGARI ba="0,0" hai="20,24,28,108,109,121,122,123" m="51787,3287" machi="28" ten="40,7800,0" yaku="20,1,34,2" doraHai="14" who="2" fromWho="2" sc="255,-26,245,-26,317,78,183,-26" /><INIT seed="2,1,0,4,2,116" ten="229,219,395,157" oya="2" hai0="121,101,20,52,89,68,77,71,26,67,59,2,56" hai1="94,62,37,51,39,55,120,17,135,92,102,107,15" hai2="117,110,104,109,129,21,45,27,75,38,132,25,5" hai3="95,29,105,10,42,93,90,28,118,74,125,115,126"/><V66/><F75/><W112/><G118/><T43/><D2/><U9/><E135/><V78/><F104/><W81/><G42/><T103/><D43/><U87/><E107/><V85/><F45/><W86/><G105/><T53/><D77/><U33/><E33/><V60/><F38/><W18/><G18/><T34/><D34/><U97/><E120/><V47/><F47/><W6/><G74/><T36/><D36/><U113/><E113/><N who="3" m="43594" /><G95/><T58/><D121/><U79/><E62/><V133/><F78/><W72/><G93/><T82/><D68/><U130/><E130/><V100/><F100/><N who="0" m="38474" /><D71/><U64/><E64/><V35/><F5/><W127/><G72/><T11/><D11/><U114/><E114/><V98/><F98/><W49/><G49/><T83/><D67/><U31/><E31/><N who="2" m="17839" /><F85/><W14/><AGARI ba="1,0" hai="6,10,14,28,29,81,86,90,125,126,127" m="43594" machi="14" ten="40,2700,0" yaku="18,1,11,1" doraHai="116" who="3" fromWho="3" sc="229,-8,219,-8,395,-14,157,30" /><INIT seed="3,0,0,3,4,6" ten="221,211,381,187" oya="3" hai0="101,111,32,128,21,20,121,17,76,120,15,78,40" hai1="37,60,79,116,91,31,52,5,69,9,63,24,110" hai2="48,68,70,90,132,2,82,25,72,123,86,65,22" hai3="67,58,66,119,44,23,122,16,74,11,0,54,92"/><W64/><G74/><T94/><D32/><U49/><E37/><V71/><F132/><W126/><G122/><T100/><D40/><U87/><E79/><V38/><F38/><W43/><G119/><T42/><D42/><U50/><E110/><V29/><F72/><W1/><G126/><T14/><D94/><U129/><E129/><V27/><F48/><W41/><G92/><T113/><D17/><U125/><E50/><V108/><F108/><W88/><G88/><T46/><D111/><U26/><E69/><V135/><F2/><W30/><G30/><T133/><D46/><U77/><E77/><V130/><F130/><W28/><G28/><T99/><D128/><U112/><E112/><V55/><F55/><W103/><G103/><T115/><REACH who="0" step="1"/><D99/><REACH who="0" ten="211,211,381,187" step="2"/><U81/><E125/><V59/><F123/><W4/><G44/><T18/><D18/><U84/><E116/><V85/><F135/><AGARI ba="0,1" hai="14,15,20,21,76,78,100,101,113,115,120,121,133,135" machi="135" ten="25,3200,0" yaku="1,1,22,2,53,0" doraHai="6" doraHaiUra="13" who="0" fromWho="2" sc="211,42,211,0,381,-32,187,0" /><INIT seed="4,0,0,2,3,101" ten="253,211,349,187" oya="0" hai0="49,94,69,14,111,110,75,74,23,129,21,53,38" hai1="13,93,71,54,81,97,131,100,68,89,128,133,20" hai2="17,64,84,120,15,98,95,66,52,102,132,104,86" hai3="9,2,115,90,60,127,96,16,40,126,117,43,22"/><T56/><D129/><N who="1" m="49739" /><E133/><V26/><F120/><W11/><G117/><T77/><D38/><U6/><E54/><V135/><F26/><W41/><G2/><T79/><D69/><U24/><E13/><V44/><F86/><W18/><G60/><T99/><D79/><U30/><E6/><V80/><F95/><W118/><G118/><T112/><D112/><U57/><E57/><V82/><F82/><W109/><G115/><T51/><D51/><U29/><E29/><V124/><F124/><N who="3" m="47659" /><G109/><N who="0" m="41483" /><D77/><U46/><E46/><V65/><F52/><W1/><G1/><T83/><D83/><U106/><E81/><V28/><F28/><W67/><G67/><T108/><N who="0" m="41491" /><T7/><DORA hai="119" /><D7/><U33/><E33/><V45/><F45/><W73/><G73/><N who="0" m="27659" /><D14/><U36/><E36/><V125/><F44/><W105/><G90/><AGARI ba="0,0" hai="21,23,49,53,56,90,94,99" m="27659,41491" machi="90" ten="40,2000,0" yaku="10,1" doraHai="101,119" who="0" fromWho="3" sc="253,20,211,0,349,0,187,-20" /><INIT seed="4,1,0,1,1,30" ten="273,211,349,167" oya="0" hai0="33,72,22,31,131,105,99,90,24,5,41,100,84" hai1="0,50,7,86,57,36,132,38,96,128,16,4,53" hai2="89,122,120,35,81,118,82,77,40,127,14,51,47" hai3="39,125,17,8,55,116,73,43,135,44,23,48,52"/><T28/><D131/><U63/><E128/><V19/><F35/><W103/><G125/><T111/><D111/><U114/><E132/><V115/><F115/><W113/><G135/><T56/><D72/><U78/><E114/><V34/><F34/><W10/><G113/><T126/><D126/><U65/><E96/><V13/><F13/><W12/><G116/><T80/><D5/><U79/><E36/><V45/><F127/><W109/><G109/><T107/><D41/><U27/><E38/><V101/><F101/><W54/><G73/><T110/><D110/><U83/><E78/><V64/><F64/><W91/><G103/><T85/><D85/><U15/><E27/><V60/><F60/><W61/><G39/><T97/><D56/><U130/><E0/><V26/><F26/><W87/><REACH who="3" step="1"/><G61/><REACH who="3" ten="273,211,349,157" step="2"/><T59/><D100/><U49/><E130/><V88/><F118/><W69/><G69/><T74/><D74/><U124/><E124/><V108/><F108/><W11/><G11/><T67/><D107/><U95/><E49/><N who="2" m="26791" /><F120/><W123/><G123/><T71/><D105/><U104/><E104/><V70/><F70/><W134/><G134/><T6/><D71/><U75/><E75/><V92/><F122/><W25/><G25/><T129/><D129/><U58/><REACH who="1" step="1"/><E95/><AGARI ba="1,1" hai="8,10,12,17,23,43,44,48,52,54,55,87,91,95" machi="95" ten="40,5200,0" yaku="1,1,8,1,54,1,53,0" doraHai="30" doraHaiUra="93" who="3" fromWho="1" sc="273,0,211,-55,349,0,157,65" /><INIT seed="5,0,0,3,5,93" ten="273,156,349,222" oya="1" hai0="42,111,102,104,85,19,5,16,20,80,2,113,64" hai1="43,15,4,70,125,38,58,82,54,83,11,60,129" hai2="10,26,22,132,21,9,59,73,122,131,124,81,47" hai3="55,30,18,116,65,3,68,40,84,106,114,95,121"/><U35/><E35/><V94/><F122/><W57/><G106/><T123/><D111/><U133/><E129/><V119/><F81/><W25/><G121/><T99/><D123/><U29/><E133/><V66/><F73/><W1/><G114/><T69/><D42/><U23/><E125/><V127/><F47/><W130/><G130/><T90/><D113/><U49/><E38/><V109/><F109/><W51/><G116/><T97/><D2/><U27/><REACH who="1" step="1"/><E70/><REACH who="1" ten="273,146,349,222" step="2"/><V28/><F131/><W50/><G68/><T32/><D69/><U45/><AGARI ba="0,1" hai="4,11,15,23,27,29,43,45,49,54,58,60,82,83" machi="45" ten="30,18000,2" yaku="1,1,2,1,0,1,8,1,53,2" doraHai="93" doraHaiUra="78" who="1" fromWho="1" sc="273,-60,146,190,349,-60,222,-60" /><INIT seed="5,1,0,3,5,127" ten="213,336,289,162" oya="1" hai0="13,20,67,19,74,18,52,43,124,1,8,79,82" hai1="70,49,75,51,129,113,38,40,90,29,14,130,125" hai2="83,4,116,50,109,69,81,10,57,2,42,22,0" hai3="77,92,21,36,111,99,93,95,26,102,122,24,87"/><U61/><E125/><V96/><F69/><W39/><G111/><T117/><D124/><U7/><E75/><V62/><F116/><W11/><G122/><T105/><D105/><U131/><E113/><V76/><F109/><W16/><G39/><T85/><D117/><U135/><E135/><V100/><F22/><W55/><G36/><T88/><D43/><U5/><E29/><V84/><F81/><W47/><G26/><T123/><D123/><U30/><E30/><V134/><F134/><W71/><G71/><T115/><D115/><U56/><E70/><V35/><F35/><W33/><G33/><T78/><D67/><N who="1" m="39335" /><E90/><V54/><F2/><W34/><G34/><T106/><D106/><U104/><E104/><V15/><F0/><W112/><G112/><T63/><D74/><U133/><E133/><V72/><F72/><W80/><REACH who="3" step="1"/><G11/><REACH who="3" ten="213,336,289,152" step="2"/><T45/><D1/><U31/><E38/><V94/><F42/><W3/><G3/><T12/><D63/><AGARI ba="1,1" hai="4,10,15,50,54,57,62,63,76,83,84,94,96,100" machi="63" ten="40,1300,0" yaku="8,1" doraHai="127" who="2" fromWho="0" sc="213,-16,336,0,289,26,152,0" /><INIT seed="6,0,0,1,3,18" ten="197,336,315,152" oya="2" hai0="22,117,124,106,64,9,13,73,14,90,132,50,0" hai1="83,125,99,84,60,23,39,70,92,101,59,77,40" hai2="10,121,54,81,12,80,111,48,27,129,85,62,34" hai3="131,3,88,78,68,128,89,130,134,24,61,4,25"/><V66/><F121/><W122/><G122/><T19/><D106/><U8/><E70/><V46/><F111/><W37/><G37/><T49/><D73/><U63/><E125/><V98/><F98/><W123/><G123/><T17/><D0/><U74/><E39/><V56/><F129/><W43/><G43/><T100/><D124/><U45/><E74/><V2/><F2/><W82/><G134/><T119/><D132/><U38/><E59/><V69/><F81/><W47/><G47/><T76/><D76/><U72/><E8/><V87/><F34/><W93/><G4/><T51/><D100/><U104/><E23/><V57/><F27/><W133/><G3/><T109/><D109/><U112/><E112/><V113/><F87/><W115/><G133/><T114/><D114/><U7/><E7/><V103/><F103/><W94/><G115/><T67/><REACH who="0" step="1"/><D90/><AGARI ba="0,0" hai="38,40,45,60,63,72,77,83,84,90,92,99,101,104" machi="90" ten="40,2600,0" yaku="24,2" doraHai="18" who="1" fromWho="0" sc="197,-26,336,26,315,0,152,0" /><INIT seed="7,0,0,0,4,59" ten="171,362,315,152" oya="3" hai0="22,71,83,93,3,94,4,68,19,86,16,36,53" hai1="110,79,60,65,29,24,30,23,21,15,41,14,89" hai2="46,51,58,119,82,99,25,122,50,33,104,87,8" hai3="76,129,107,7,20,42,78,75,106,134,9,10,109"/><W133/><G129/><T2/><D36/><U100/><E110/><V120/><F8/><W131/><G131/><T126/><D126/><U39/><E79/><V37/><F37/><W115/><G20/><T52/><D22/><U96/><E89/><V127/><F127/><W130/><G130/><T132/><D132/><U84/><E84/><V80/><F80/><W118/><G118/><T40/><D40/><U90/><E90/><V38/><F38/><W64/><G109/><T44/><D44/><U28/><E41/><V95/><F104/><W13/><G42/><T70/><D4/><U62/><E39/><V61/><F46/><W97/><G64/><T48/><D48/><U49/><E49/><V47/><F47/><W66/><G66/><T69/><D69/><U123/><E123/><V26/><F119/><W108/><G108/><T88/><D88/><U0/><E0/><N who="0" m="41" /><D86/><U67/><E29/><V63/><F58/><W35/><G35/><T128/><D83/><U73/><E73/><V85/><F82/><W117/><G117/><T54/><D128/><U18/><E30/><V6/><F6/><W43/><G43/><T114/><D114/><U111/><E111/><V32/><F99/><W112/><G7/><T31/><D31/><U72/><E72/><V5/><F5/><W92/><G75/><T77/><D77/><U56/><E28/><V81/><F81/><W45/><G45/><T12/><D12/><U91/><E23/><V135/><F95/><AGARI ba="0,0" hai="16,19,52,53,54,68,70,71,93,94,95" m="41" machi="95" ten="40,8000,1" yaku="28,2,54,2" doraHai="59" who="0" fromWho="2" sc="171,80,362,0,315,-80,152,0" owari="251,5.0,362,46.0,235,-16.0,152,-35.0" /></mjloggm>