<mjloggm ver="2.3"><GO type="169" lobby="0"/><UN n0="%E3%83%AD%E3%83%BC%E3%83%89%E3%82%AB%E3%83%8A%E3%83%AD%E3%82%A2" n1="%E9%9B%80%E8%8D%98%E4%B8%AD%E5%B7%9D" n2="%E3%82%A8%E3%83%83%E3%83%95%E3%82%A7%E3%83%AB%E5%A1%94" n3="%E5%B0%B1%E6%B4%BB%E7%94%9F%40%E5%B7%9D%E6%9D%91%E8%BB%8D%E5%9B%A3" dan="16,16,16,17" rate="2050.12,2072.93,2099.59,2203.27" sx="M,F,M,M"/><TAIKYOKU oya="0"/><INIT seed="0,0,0,5,2,17" ten="250,250,250,250" oya="0" hai0="40,118,44,84,75,123,23,34,28,78,8,124,55" hai1="9,115,56,22,82,69,15,12,39,119,128,64,72" hai2="18,58,81,54,77,100,46,97,5,101,49,90,132" hai3="37,135,67,113,35,91,43,13,4,122,83,102,51"/><T52/><D123/><U29/><E119/><V20/><F132/><W57/><G35/><T121/><D118/><U103/><E39/><V26/><F5/><W41/><G37/><T73/><D121/><U116/><E116/><V1/><F1/><W74/><G122/><T30/><D124/><U110/><E69/><V120/><F120/><W45/><G135/><T31/><D34/><U11/><E110/><V0/><F0/><W89/><G113/><T66/><D66/><U129/><E115/><V95/><REACH who="2" step="1"/><F46/><REACH who="2" ten="250,250,240,250" step="2"/><W53/><G4/><T117/><D117/><U38/><E129/><V105/><F105/><W42/><G45/><T33/><D44/><U14/><E128/><V108/><F108/><W112/><G112/><T92/><D33/><U24/><E38/><V60/><F60/><W19/><G51/><T104/><D104/><U65/><E9/><V62/><F62/><W88/><G57/><T3/><D3/><U125/><E11/><V7/><F7/><W127/><G127/><T68/><D8/><U59/><E125/><V131/><F131/><W63/><G63/><T2/><D2/><U87/><E59/><V93/><F93/><W107/><G107/><T21/><D92/><U47/><E56/><V133/><F133/><W109/><G109/><T96/><D68/><U25/><E47/><V61/><F61/><W99/><G67/><T134/><D134/><U85/><E65/><V126/><F126/><W111/><G111/><T86/><D40/><U36/><E64/><V94/><F94/><N who="3" m="58743" /><G53/><T50/><D55/><U98/><E36/><V80/><F80/><RYUUKYOKU ba="0,1" sc="250,-10,250,-10,240,30,250,-10" hai2="18,20,26,49,54,58,77,81,90,95,97,100,101" /><INIT seed="1,1,1,3,5,17" ten="240,240,270,240" oya="1" hai0="135,110,119,107,116,72,113,129,85,58,86,84,28" hai1="6,91,59,1,79,70,66,88,115,90,114,73,41" hai2="78,52,4,68,101,133,125,40,126,131,130,11,19" hai3="14,21,31,2,8,65,36,82,77,42,71,67,111"/><U99/><E70/><V3/><F68/><W15/><G111/><T83/><D113/><U103/><E41/><V94/><F40/><W45/><G71/><T10/><D110/><U44/><E6/><V109/><F109/><W117/><G117/><T12/><D129/><N who="2" m="49162" /><F78/><W53/><G53/><T132/><D107/><U43/><E1/><V47/><F101/><W120/><G120/><T92/><D28/><U24/><E24/><V34/><F94/><W13/><G31/><T56/><D92/><U39/><E66/><V49/><F34/><W26/><G26/><T5/><D83/><U38/><E38/><V35/><F35/><W80/><G80/><T100/><D100/><U63/><E79/><V89/><F89/><W97/><G97/><T22/><D72/><U121/><E73/><V30/><F30/><W46/><G46/><T102/><D102/><U104/><REACH who="1" step="1"/><E121/><REACH who="1" ten="240,230,270,240" step="2"/><V108/><F108/><W54/><G67/><T93/><D119/><U134/><E134/><V32/><F32/><W64/><G65/><T122/><D116/><U95/><E95/><V7/><F7/><N who="3" m="1143" /><G64/><T16/><D93/><U96/><E96/><V123/><F123/><W9/><G54/><T118/><D118/><U37/><E37/><V98/><F98/><W51/><G36/><T20/><D122/><U29/><E29/><V55/><F133/><N who="0" m="51274" /><D5/><U75/><E75/><V60/><F19/><N who="3" m="10479" /><G77/><T50/><D50/><U124/><E124/><V62/><F55/><W128/><G128/><T87/><D87/><U61/><E61/><AGARI ba="1,2" hai="3,4,11,47,49,52,60,61,62,125,126" m="49162" machi="61" ten="30,2000,0" yaku="19,1,54,1" doraHai="17" who="2" fromWho="1" sc="240,0,230,-23,270,43,240,0" /><INIT seed="2,0,0,0,2,36" ten="240,207,313,240" oya="2" hai0="107,43,77,89,10,42,46,121,92,52,118,12,37" hai1="18,51,134,53,71,128,124,85,132,97,129,54,93" hai2="19,17,127,48,86,64,82,14,49,39,13,110,84" hai3="1,103,112,32,135,105,80,58,55,35,27,44,61"/><V62/><F39/><W4/><G112/><T130/><D121/><U67/><E124/><V2/><F2/><W83/><G135/><N who="1" m="51754" /><E85/><V102/><F102/><W75/><G4/><T94/><D107/><U30/><E30/><V99/><F99/><W125/><G125/><T90/><D118/><U29/><E29/><V78/><F127/><W66/><G1/><T120/><D120/><U106/><E106/><V22/><F110/><W109/><G109/><T91/><D130/><N who="1" m="50283" /><E51/><V57/><REACH who="2" step="1"/><F86/><REACH who="2" ten="240,207,303,240" step="2"/><W56/><G103/><T73/><D73/><U31/><E31/><V101/><F101/><W111/><G75/><T76/><D37/><U59/><E71/><V117/><F117/><W72/><G72/><T20/><D77/><U26/><E97/><V40/><F40/><N who="0" m="15402" /><D76/><U104/><E104/><V50/><F50/><W100/><G100/><T6/><D20/><AGARI ba="0,1" hai="13,14,17,19,20,22,48,49,57,62,64,78,82,84" machi="20" ten="30,11600,0" yaku="1,1,7,1,9,1,8,1,53,0" doraHai="36" doraHaiUra="119" who="2" fromWho="0" sc="240,-116,207,0,303,126,240,0" /><INIT seed="2,1,0,5,1,51" ten="124,207,429,240" oya="2" hai0="128,133,105,93,98,111,95,74,8,19,31,65,3" hai1="40,84,1,15,76,125,122,24,55,109,94,0,61" hai2="59,88,67,4,2,37,91,97,17,106,36,33,121" hai3="48,114,26,79,54,57,35,104,110,75,50,44,53"/><V21/><F33/><W9/><G114/><T130/><D65/><U87/><E109/><V112/><F4/><W28/><G110/><T42/><D42/><U64/><E125/><V82/><F2/><W46/><G104/><T27/><D74/><U20/><E122/><V113/><F121/><W39/><G9/><T129/><D111/><U115/><E115/><V22/><F59/><W7/><G7/><N who="0" m="1151" /><D19/><U127/><E40/><V47/><F47/><W86/><G39/><T71/><D71/><U23/><E127/><V13/><F67/><W5/><G5/><T92/><D133/><U52/><E1/><V60/><F17/><W132/><G132/><T63/><D63/><U90/><E0/><V131/><F60/><W18/><G18/><T69/><D105/><U16/><E84/><V100/><F106/><W120/><G120/><T83/><D83/><U10/><E76/><V77/><F77/><W108/><G108/><T29/><D69/><U14/><E14/><V56/><F13/><W107/><G107/><T99/><D29/><U135/><E135/><V73/><F73/><W96/><G96/><T34/><AGARI ba="1,0" hai="27,31,34,92,93,95,98,99,128,129,130" m="1151" machi="34" ten="40,1500,0" yaku="19,1" doraHai="51" who="0" fromWho="0" sc="124,18,207,-5,429,-8,240,-5" /><INIT seed="3,0,0,5,3,59" ten="142,202,421,235" oya="3" hai0="65,53,104,12,13,114,98,111,7,49,43,84,100" hai1="22,60,2,69,79,106,89,62,17,132,15,87,91" hai2="63,67,118,116,108,54,121,50,117,85,33,94,42" hai3="1,107,37,119,56,113,78,81,19,36,45,18,125"/><W66/><G119/><T129/><D111/><U127/><E127/><V46/><F33/><W27/><G113/><T57/><D129/><U82/><E132/><V29/><F29/><W26/><G125/><T9/><D114/><U115/><E115/><V120/><F94/><W93/><G107/><T5/><D84/><N who="1" m="48223" /><E69/><N who="2" m="42239" /><F85/><W38/><G1/><T16/><D43/><U131/><E131/><V3/><F3/><W14/><G93/><T32/><D32/><U75/><E75/><V88/><F88/><N who="1" m="33865" /><E106/><V128/><F128/><W30/><G45/><T21/><REACH who="0" step="1"/><D65/><REACH who="0" ten="132,202,421,235" step="2"/><U20/><E2/><V74/><F74/><W101/><G36/><T4/><AGARI ba="0,1" hai="4,5,7,9,12,13,16,21,49,53,57,98,100,104" machi="4" ten="20,12000,2" yaku="1,1,2,1,0,1,7,1,54,1,53,1" doraHai="59" doraHaiUra="103" who="0" fromWho="0" sc="132,130,202,-30,421,-30,235,-60" /><INIT seed="4,0,0,3,3,71" ten="262,172,391,175" oya="0" hai0="108,134,90,6,52,105,26,120,125,86,79,7,1" hai1="97,131,129,99,63,83,22,11,16,19,85,76,91" hai2="33,57,13,49,114,100,124,89,69,119,122,95,102" hai3="43,73,21,87,58,70,28,92,84,20,4,128,82"/><T48/><D120/><U111/><E111/><V12/><F69/><W54/><G70/><T88/><D108/><U10/><E63/><V53/><F33/><W110/><G110/><T56/><D125/><U135/><E135/><V50/><F122/><W15/><G128/><N who="1" m="49226" /><E19/><V5/><F114/><W55/><G73/><T74/><D134/><U29/><E29/><V67/><F67/><W65/><G43/><T24/><D105/><U3/><E3/><V130/><F124/><W8/><G65/><T14/><D1/><U44/><E44/><V115/><F115/><W80/><G28/><T101/><D101/><U123/><E123/><V96/><F119/><W62/><G55/><T23/><D74/><N who="1" m="43415" /><E99/><V77/><F77/><N who="3" m="46095" /><G92/><T27/><D23/><U121/><E97/><V107/><F130/><W31/><G31/><T0/><D0/><U103/><E103/><V116/><F116/><W30/><G30/><T59/><D59/><U109/><E109/><V113/><F113/><W2/><G2/><T117/><D117/><U34/><E34/><V32/><F32/><W25/><G25/><T37/><D14/><N who="1" m="9495" /><E121/><V36/><F107/><W72/><G72/><T41/><D7/><U47/><E47/><V17/><F5/><W104/><G104/><T93/><D6/><U66/><E66/><V45/><F13/><W38/><G20/><T51/><D27/><U106/><E106/><V18/><F12/><W98/><G21/><T60/><D26/><U9/><E9/><V78/><F102/><W75/><G75/><T133/><D24/><U81/><AGARI ba="0,0" hai="10,11,81,85,91" m="9495,43415,49226" machi="81" ten="30,2000,0" yaku="19,1,54,1" doraHai="71" who="1" fromWho="1" sc="262,-10,172,20,391,-5,175,-5" /><INIT seed="5,0,0,2,3,10" ten="252,192,386,170" oya="1" hai0="75,118,35,48,30,17,130,116,89,22,7,44,82" hai1="72,70,1,80,120,18,134,63,65,71,102,103,111" hai2="67,69,15,128,122,104,125,91,56,3,6,34,25" hai3="78,110,23,32,29,127,54,113,92,73,59,55,12"/><U131/><E120/><V76/><F76/><W133/><G110/><T47/><D130/><U132/><E1/><V4/><F56/><W123/><G123/><T79/><D7/><U2/><E2/><V94/><F67/><W20/><G32/><T83/><D30/><U108/><E131/><V98/><F69/><W49/><G133/><N who="1" m="51306" /><E71/><V58/><F104/><W90/><G127/><T57/><D35/><U50/><E50/><V5/><F3/><W109/><G109/><N who="1" m="42058" /><E18/><V62/><F125/><W88/><G113/><T40/><D116/><U87/><E72/><V81/><F128/><W0/><G0/><T37/><D118/><U95/><E95/><V53/><F122/><W38/><G38/><T46/><D48/><U21/><E21/><V8/><REACH who="2" step="1"/><F81/><REACH who="2" ten="252,192,376,170" step="2"/><W112/><G78/><AGARI ba="0,1" hai="63,65,70,78,80,87,102,103" m="42058,51306" machi="78" ten="30,2900,0" yaku="20,1,10,1" doraHai="10" who="1" fromWho="3" sc="252,0,192,39,376,0,170,-29" /><INIT seed="5,1,0,0,1,81" ten="252,231,376,141" oya="1" hai0="112,121,37,49,87,114,33,77,53,82,76,84,100" hai1="20,72,1,3,35,106,97,25,69,21,38,135,12" hai2="11,130,101,109,67,15,9,124,88,91,71,5,39" hai3="48,23,17,19,85,103,52,7,46,14,115,64,105"/><U102/><E38/><V8/><F39/><W27/><G115/><N who="0" m="44075" /><D37/><U133/><E69/><V129/><F101/><W107/><G7/><T117/><D117/><U47/><E72/><V66/><F109/><W96/><G64/><N who="2" m="24617" /><F71/><W128/><G128/><N who="2" m="49257" /><F124/><W73/><G73/><T59/><D121/><U63/><E63/><V30/><F30/><W78/><G78/><N who="0" m="30315" /><D33/><U98/><E47/><V10/><AGARI ba="1,0" hai="5,8,9,10,11,15,88,91" m="49257,24617" machi="10" ten="40,2700,0" yaku="19,1,54,1" doraHai="81" who="2" fromWho="2" sc="252,-8,231,-14,376,30,141,-8" /><INIT seed="6,0,0,5,5,95" ten="244,217,406,133" oya="2" hai0="105,115,76,130,124,69,72,102,9,4,85,12,44" hai1="53,11,74,84,20,42,13,40,77,96,79,51,107" hai2="112,98,133,49,60,24,135,10,15,88,14,23,116" hai3="41,101,29,16,126,71,37,21,31,118,114,123,110"/><V6/><F116/><W55/><G110/><T70/><D115/><U38/><E74/><V91/><F112/><W131/><G118/><T108/><D108/><U50/><E38/><V127/><F127/><W93/><G114/><T62/><D124/><U78/><E84/><V1/><F49/><W132/><G126/><T125/><D125/><U46/><E20/><V18/><F60/><W26/><G123/><T99/><D130/><U109/><E109/><V113/><F113/><W57/><G131/><T35/><D35/><U128/><E128/><V64/><F64/><W17/><G71/><T0/><D12/><N who="2" m="4650" /><F98/><W25/><G132/><AGARI ba="0,0" hai="1,6,10,18,23,24,88,91,132,133,135" m="4650" machi="132" ten="30,2900,0" yaku="20,1,54,1" doraHai="95" who="2" fromWho="3" sc="244,0,217,0,406,29,133,-29" /><INIT seed="6,1,0,4,1,16" ten="244,217,435,104" oya="2" hai0="26,2,122,42,33,9,118,52,81,76,28,73,0" hai1="45,113,46,31,98,68,110,121,67,38,128,25,126" hai2="57,85,100,70,125,104,36,10,78,56,53,108,69" hai3="32,116,58,88,6,66,109,86,23,130,106,65,35"/><V103/><F36/><W22/><G109/><T107/><D122/><U60/><E110/><V87/><F108/><W91/><G116/><T62/><D42/><U131/><E113/><V7/><F104/><W51/><G106/><T99/><D118/><U29/><E126/><V21/><F10/><W79/><G130/><N who="1" m="49706" /><E38/><V47/><F53/><N who="3" m="32063" /><G35/><T83/><D83/><U41/><E41/><V8/><F8/><W3/><G3/><T39/><D39/><U43/><E43/><V111/><F111/><W93/><G32/><T19/><D19/><U123/><E98/><V120/><F78/><W77/><G6/><T95/><D107/><U1/><E1/><V17/><F120/><N who="1" m="46153" /><E31/><V129/><F129/><W82/><G77/><T135/><D2/><U114/><E114/><V34/><F125/><W30/><G30/><T15/><D0/><U89/><E89/><N who="3" m="34378" /><G93/><T40/><D95/><U27/><E27/><V5/><F34/><AGARI ba="1,0" hai="25,29,34,45,46,60,67,68" m="46153,49706" machi="34" ten="30,2000,0" yaku="19,1,13,1" doraHai="16" who="1" fromWho="2" sc="244,0,217,23,435,-23,104,0" /><INIT seed="7,0,0,3,0,39" ten="244,240,412,104" oya="3" hai0="89,126,91,112,95,28,32,128,58,119,3,12,99" hai1="93,6,135,2,33,74,24,111,100,73,54,59,62" hai2="106,125,14,40,41,87,88,101,27,36,83,120,75" hai3="4,17,9,96,11,86,19,48,51,64,134,80,109"/><W43/><G134/><T15/><D3/><U5/><E111/><V44/><F75/><W57/><G109/><T22/><D119/><U78/><E135/><V45/><F101/><W116/><G116/><T68/><D68/><U56/><E2/><V82/><F106/><W71/><G71/><T131/><D126/><U25/><E74/><V72/><F125/><W63/><G96/><T18/><D112/><U114/><E73/><V49/><F120/><W76/><G51/><T77/><D77/><U16/><E78/><V30/><F14/><W34/><G34/><T98/><D58/><U38/><E38/><V102/><F102/><W118/><G118/><T130/><D28/><U35/><E35/><V31/><F72/><W7/><G11/><T42/><D42/><U47/><E33/><V133/><F133/><W90/><G90/><N who="0" m="55671" /><D32/><U55/><E47/><V104/><F104/><W13/><REACH who="3" step="1"/><G4/><REACH who="3" ten="244,240,412,94" step="2"/><T23/><D99/><N who="1" m="59503" /><E5/><V53/><F49/><W0/><G0/><T50/><D50/><N who="1" m="30807" /><E6/><V122/><F36/><W97/><G97/><T92/><D91/><U115/><E115/><V107/><F88/><W94/><G94/><T79/><D92/><U66/><E114/><V129/><F107/><W81/><G81/><T65/><D89/><U61/><E61/><V121/><F83/><W69/><G69/><T37/><D37/><U132/><E132/><V108/><F82/><W110/><G110/><T1/><D1/><U124/><E124/><V60/><F108/><W46/><AGARI ba="0,1" hai="7,9,13,17,19,43,46,48,57,63,64,76,80,86" machi="46" ten="30,18000,2" yaku="1,1,0,1,25,2,8,1,52,1,53,0" doraHai="39" doraHaiUra="29" who="3" fromWho="3" sc="244,-60,240,-60,412,-60,94,190" /><INIT seed="7,1,0,3,1,69" ten="184,180,352,284" oya="3" hai0="63,34,22,56,108,25,134,111,47,73,24,112,7" hai1="28,33,31,32,60,113,120,66,62,135,14,13,67" hai2="114,118,81,116,36,105,45,61,38,52,104,75,30" hai3="123,103,54,121,92,48,93,4,96,37,70,125,71"/><W29/><G125/><T9/><D73/><U97/><E97/><V80/><F30/><W119/><G119/><T89/><D134/><U109/><E113/><V5/><F5/><W126/><G126/><T51/><D112/><U39/><E39/><V129/><F114/><W133/><G133/><T49/><D34/><U64/><E135/><V77/><F129/><W115/><G115/><T27/><D22/><U128/><E128/><V98/><F81/><W100/><G29/><N who="1" m="11338" /><E120/><V44/><F44/><W3/><G3/><T83/><D108/><U2/><E2/><V59/><F98/><W76/><G4/><T88/><D111/><U8/><E109/><V46/><F46/><W42/><G76/><T117/><D117/><U132/><E132/><V82/><F82/><W90/><G71/><T17/><D7/><U106/><E106/><V43/><F38/><W68/><G68/><T6/><D6/><U12/><E8/><V18/><F105/><W53/><G70/><T110/><D110/><U58/><E58/><V78/><F104/><W72/><G72/><T87/><D89/><U122/><E122/><V16/><F78/><W124/><G124/><T107/><D107/><U102/><E102/><V15/><F18/><W35/><G35/><AGARI ba="1,0" hai="12,13,14,32,33,35,60,62,64,66,67" m="11338" machi="35" ten="40,2600,0" yaku="28,2" doraHai="69" who="1" fromWho="3" sc="184,0,180,29,352,0,284,-29" owari="184,-32.0,209,-19.0,352,45.0,255,6.0" /></mjloggm>