<mjloggm ver="2.3"><GO type="169" lobby="0"/><UN n0="%E3%82%B8%E3%83%A3%E3%82%B9%E3%82%BF%E3%82%A6%E3%82%A7%E3%82%A4" n1="%52%69%2D%4D%6F%2D" n2="%58%57" n3="%E5%B0%B1%E6%B4%BB%E7%94%9F%40%E5%B7%9D%E6%9D%91%E8%BB%8D%E5%9B%A3" dan="17,17,16,16" rate="2113.71,2226.74,2078.37,2117.88" sx="M,M,M,M"/><TAIKYOKU oya="0"/><INIT seed="0,0,0,3,3,21" ten="250,250,250,250" oya="0" hai0="20,107,69,10,68,123,12,105,37,112,120,104,11" hai1="96,52,132,34,124,54,13,83,121,80,32,33,35" hai2="134,125,115,4,119,61,122,130,85,40,79,72,3" hai3="58,30,18,29,42,15,7,70,26,90,131,45,94"/><T91/><D112/><U43/><E121/><V67/><F85/><W128/><G70/><T109/><D37/><U17/><E124/><V19/><F19/><W39/><G7/><T75/><D75/><U38/><E132/><V84/><F84/><W118/><G118/><T93/><D20/><U25/><E96/><V82/><F40/><W64/><G64/><T78/><D78/><U95/><E95/><V47/><F47/><W133/><G58/><T31/><D31/><U2/><E2/><V28/><F28/><W41/><G41/><T106/><N who="0" m="26624" /><DORA hai="127" /><T27/><D27/><U23/><N who="1" m="8192" /><DORA hai="73" /><U24/><E43/><V44/><F122/><W5/><G5/><T0/><D0/><U46/><E38/><V103/><F44/><W53/><G26/><T59/><D59/><U63/><E13/><V111/><F103/><W14/><G53/><T16/><D10/><U101/><E101/><V71/><F115/><W49/><G39/><T62/><D69/><U102/><E102/><V56/><F119/><W9/><G15/><T97/><REACH who="0" step="1"/><D109/><REACH who="0" ten="240,250,250,250" step="2"/><U76/><E25/><V55/><F111/><W6/><G30/><T129/><D129/><N who="3" m="49737" /><G29/><T99/><D99/><U48/><E24/><V57/><F130/><W113/><G113/><T126/><D126/><U108/><E108/><V60/><F125/><W89/><G9/><T51/><D51/><U36/><E36/><V87/><F71/><W65/><G49/><T50/><D50/><U74/><E74/><V77/><F72/><W81/><G45/><T116/><D116/><U88/><E48/><V135/><F57/><RYUUKYOKU ba="0,1" sc="240,30,250,-10,250,-10,250,-10" hai0="11,12,16,62,68,91,93,97,120,123" /><INIT seed="0,1,1,4,3,27" ten="270,240,240,240" oya="0" hai0="63,78,76,14,100,40,132,109,130,107,129,52,112" hai1="28,18,19,101,58,131,74,92,29,89,98,16,93" hai2="61,35,69,13,62,72,113,122,82,33,7,55,80" hai3="6,38,86,5,17,65,135,48,97,43,11,24,84"/><T39/><D112/><U30/><E131/><V22/><F113/><W67/><G38/><T103/><D132/><U119/><E119/><V57/><F122/><W116/><G116/><T54/><D14/><U23/><E74/><V12/><F72/><W85/><G135/><T45/><D109/><U56/><E23/><V36/><F36/><W127/><G127/><T71/><D71/><U128/><E128/><N who="0" m="49257" /><D107/><U117/><E117/><V42/><F42/><W21/><G97/><AGARI ba="1,1" hai="16,18,19,28,29,30,56,58,89,92,93,97,98,101" machi="97" ten="40,8000,1" yaku="8,1,52,3,54,1" doraHai="27" who="1" fromWho="3" sc="270,0,240,93,240,0,240,-83" /><INIT seed="1,0,0,5,5,108" ten="270,333,240,157" oya="1" hai0="83,48,101,44,18,24,65,54,22,26,72,103,59" hai1="73,78,9,111,92,96,132,67,90,31,11,43,77" hai2="76,82,99,107,41,127,40,2,79,57,53,117,81" hai3="112,93,131,64,116,6,102,12,124,118,98,70,61"/><U39/><E111/><V122/><F117/><N who="3" m="45163" /><G131/><T56/><D72/><U17/><E132/><V42/><F2/><W34/><G34/><T19/><D83/><N who="2" m="31754" /><F107/><W30/><G30/><T94/><D65/><U35/><E73/><V66/><F66/><BYE who="2" /><W45/><G45/><T123/><D123/><UN n2="%58%57" /><U27/><E67/><V97/><F122/><W7/><G124/><T113/><D113/><U15/><REACH who="1" step="1"/><E9/><REACH who="1" ten="270,323,240,157" step="2"/><V91/><F127/><W89/><G112/><T119/><D119/><U37/><E37/><V29/><F29/><W134/><G134/><T33/><D33/><U71/><E71/><V109/><F109/><W80/><G12/><T13/><D13/><U130/><E130/><V68/><F68/><W133/><G133/><T129/><D129/><U75/><E75/><V1/><F1/><W128/><G128/><T104/><D26/><U3/><E3/><V87/><F79/><W5/><G64/><T25/><D25/><U55/><E55/><V121/><F76/><W106/><G70/><T135/><D135/><U46/><AGARI ba="0,1" hai="11,15,17,27,31,35,39,43,46,77,78,90,92,96" machi="46" ten="30,3000,0" yaku="1,1,0,1,53,0" doraHai="108" doraHaiUra="16" who="1" fromWho="1" sc="270,-10,323,40,240,-10,157,-10" /><INIT seed="1,1,0,3,0,36" ten="260,363,230,147" oya="1" hai0="64,19,77,58,16,118,115,74,119,35,10,9,4" hai1="128,56,57,70,89,100,24,96,13,132,125,37,72" hai2="66,41,102,47,29,99,104,42,122,52,133,28,48" hai3="61,129,50,21,93,108,84,30,63,65,31,85,40"/><U2/><E2/><V97/><F122/><W59/><G129/><T106/><D106/><U91/><E70/><V134/><F66/><W123/><G123/><T3/><D77/><U121/><E121/><V32/><F99/><W69/><G108/><T38/><D74/><U135/><E72/><V80/><F80/><W79/><G79/><T75/><D75/><U130/><E13/><V27/><REACH who="2" step="1"/><F29/><REACH who="2" ten="260,363,220,147" step="2"/><W116/><G116/><T124/><D64/><U18/><E128/><V81/><F81/><W131/><G131/><T88/><D124/><U113/><E130/><V87/><F87/><W95/><G84/><T20/><D115/><U73/><E73/><V120/><F120/><W111/><G85/><T101/><D119/><U82/><E125/><V83/><F83/><W34/><BYE who="2" /><G34/><UN n2="%58%57" /><T14/><D118/><U86/><E113/><V44/><F44/><W39/><G31/><T103/><D35/><U54/><E86/><V60/><F60/><W98/><G98/><T45/><D88/><U53/><E82/><V26/><F26/><N who="3" m="16719" /><G61/><T112/><D112/><U117/><E117/><V105/><F105/><W6/><G95/><T126/><D126/><U0/><E96/><V92/><F92/><W25/><G93/><T43/><D58/><U71/><E57/><V46/><F46/><N who="3" m="23839" /><G25/><AGARI ba="1,1" hai="3,4,9,10,14,16,19,20,25,38,43,45,101,103" machi="25" ten="30,3900,0" yaku="7,1,52,1,54,1" doraHai="36" who="0" fromWho="3" sc="260,52,363,0,220,0,147,-42" /><INIT seed="2,0,0,4,1,60" ten="312,363,220,105" oya="2" hai0="104,88,17,36,70,117,14,123,113,21,1,47,101" hai1="67,107,125,120,44,38,12,22,51,68,23,74,32" hai2="0,39,57,77,115,66,116,42,114,69,81,91,29" hai3="129,96,132,37,2,118,55,46,126,95,134,109,13"/><V43/><F116/><W40/><G2/><T25/><D113/><U122/><E32/><V65/><F0/><W89/><G118/><T78/><D123/><N who="1" m="47147" /><E74/><V102/><F29/><W103/><G129/><T82/><D117/><U108/><E107/><V86/><F69/><W130/><G130/><T71/><D1/><U28/><E38/><V48/><F39/><W24/><G109/><T135/><D135/><U33/><E125/><V10/><F114/><W52/><G126/><T105/><D101/><U63/><E108/><V3/><F115/><W53/><G13/><T7/><D105/><U27/><E12/><V110/><F102/><W75/><G75/><T73/><D104/><U87/><E87/><N who="2" m="48559" /><F3/><W111/><G111/><T106/><D88/><U121/><E121/><V61/><F110/><W8/><G8/><T83/><D83/><U59/><E68/><V16/><F48/><W54/><N who="3" m="13824" /><DORA hai="79" /><W9/><G9/><T45/><D106/><U31/><E31/><V30/><F30/><W85/><REACH who="3" step="1"/><G24/><REACH who="3" ten="312,363,220,95" step="2"/><T133/><D25/><U98/><E27/><V34/><F34/><W93/><AGARI ba="0,1" hai="37,40,46,85,89,93,95,96,103,132,134" m="13824" machi="93" ten="40,12000,2" yaku="1,1,2,1,0,1,54,1,53,2" doraHai="60,79" doraHaiUra="94,84" who="3" fromWho="3" sc="312,-30,363,-30,220,-60,95,130" /><INIT seed="3,0,0,3,1,5" ten="282,333,160,225" oya="3" hai0="47,29,99,82,11,118,54,123,108,41,31,120,93" hai1="10,105,36,116,77,25,50,67,9,16,94,103,122" hai2="40,49,91,129,128,87,65,32,6,33,46,53,112" hai3="110,34,48,70,107,92,13,52,45,0,106,64,125"/><W133/><G0/><T124/><D118/><U28/><E36/><V127/><F112/><W59/><G34/><T85/><D108/><U63/><E105/><V69/><F127/><W102/><G125/><T75/><D124/><U119/><E122/><V95/><F40/><W121/><G121/><T17/><D75/><U24/><E77/><V131/><REACH who="2" step="1"/><F6/><REACH who="2" ten="282,333,150,225" step="2"/><W76/><G110/><T66/><D41/><U8/><E116/><V42/><F42/><W96/><G133/><T3/><D123/><U130/><E119/><V22/><F22/><W89/><G70/><T23/><D23/><N who="1" m="15423" /><E130/><V30/><F30/><W15/><G76/><T35/><D31/><U73/><E73/><V126/><F126/><W72/><G72/><T2/><D29/><U27/><E16/><V78/><F78/><W12/><REACH who="3" step="1"/><G102/><REACH who="3" ten="282,333,150,215" step="2"/><T1/><D120/><U37/><E103/><V98/><F98/><W111/><G111/><T84/><D99/><U44/><E37/><V43/><F43/><W115/><G115/><T38/><D38/><U56/><E27/><V97/><F97/><W51/><G51/><T60/><D35/><U18/><E24/><V61/><AGARI ba="0,2" hai="32,33,46,49,53,61,65,69,87,91,95,128,129,131" machi="61" ten="40,5200,0" yaku="1,1,0,1,19,1,53,0" doraHai="5" doraHaiUra="39" who="2" fromWho="2" sc="282,-13,333,-13,150,72,215,-26" /><INIT seed="4,0,0,1,4,39" ten="269,320,222,189" oya="0" hai0="50,111,133,47,130,17,95,94,15,14,119,106,96" hai1="81,117,116,88,55,118,124,33,19,75,8,28,109" hai2="58,30,22,25,2,16,101,115,134,97,108,82,5" hai3="40,3,10,63,31,11,80,102,32,62,45,110,90"/><T1/><D119/><U103/><E109/><V135/><F108/><W43/><G110/><T128/><D1/><U105/><E124/><V125/><F125/><W20/><G32/><T132/><D111/><U131/><E131/><N who="0" m="50217" /><D106/><U100/><E105/><V89/><F115/><W104/><G104/><T129/><N who="0" m="50225" /><T24/><DORA hai="69" /><D24/><U98/><E28/><V120/><F120/><W9/><G102/><N who="0" m="60695" /><D95/><U73/><E116/><V64/><F89/><W6/><G6/><T13/><D17/><U54/><E19/><V72/><F97/><W91/><G3/><T44/><D44/><U34/><E98/><V0/><F101/><W35/><G35/><T65/><D65/><U113/><E100/><V52/><F64/><W7/><G45/><T126/><D126/><U37/><E103/><V71/><F5/><W4/><G4/><T83/><D83/><U42/><E81/><V127/><F127/><W68/><G7/><T123/><D123/><U86/><E117/><V59/><F2/><W56/><G80/><T49/><D49/><U53/><E118/><V23/><F0/><W12/><G12/><T122/><D122/><U38/><E34/><V77/><F30/><W70/><G31/><T107/><D107/><U112/><E33/><V85/><F82/><W57/><G10/><T61/><D61/><U78/><E8/><V84/><F16/><W41/><G43/><AGARI ba="0,0" hai="13,14,15,43,47,50,132,133" m="60695,50225" machi="43" ten="50,4800,0" yaku="19,1,52,1" doraHai="39,69" who="0" fromWho="3" sc="269,48,320,0,222,0,189,-48" /><INIT seed="4,1,0,3,4,28" ten="317,320,222,141" oya="0" hai0="39,50,66,56,70,125,118,99,38,104,81,111,59" hai1="101,11,52,96,92,57,134,40,131,19,8,20,114" hai2="6,80,69,15,120,54,68,62,83,61,119,64,77" hai3="48,121,132,26,27,123,102,106,46,128,126,79,5"/><T135/><D81/><U116/><E116/><V89/><F119/><W78/><G5/><T84/><D84/><U82/><E131/><V91/><F120/><N who="3" m="46155" /><G128/><T30/><D30/><U58/><E134/><V53/><F6/><W73/><G132/><T108/><D99/><U97/><E114/><V14/><F64/><W65/><G65/><T98/><D98/><U35/><E35/><V129/><REACH who="2" step="1"/><F129/><REACH who="2" ten="317,320,212,141" step="2"/><W122/><G122/><T51/><D118/><U75/><E101/><V86/><F86/><W133/><G133/><T44/><D135/><U117/><E117/><V107/><F107/><W110/><G110/><N who="0" m="42027" /><D104/><U105/><E105/><V1/><F1/><W4/><G4/><T16/><D125/><U85/><E85/><V72/><F72/><W60/><G73/><T32/><D66/><U63/><E75/><V124/><F124/><W112/><G126/><T21/><D70/><U87/><E87/><V88/><F88/><W18/><G112/><T24/><D39/><U41/><E96/><V67/><F67/><W12/><G106/><T109/><D109/><U47/><E97/><V2/><F2/><W0/><G102/><T29/><D38/><U23/><E92/><V22/><F22/><N who="3" m="11591" /><G0/><T37/><D37/><U43/><E23/><V33/><F33/><W74/><G74/><T9/><D32/><U7/><E20/><V25/><F25/><N who="3" m="9227" /><G79/><AGARI ba="1,1" hai="14,15,53,54,61,62,68,69,77,79,80,83,89,91" machi="79" ten="25,8000,1" yaku="1,1,22,2,53,2" doraHai="28" doraHaiUra="49" who="2" fromWho="3" sc="317,0,320,0,212,93,141,-83" /><INIT seed="5,0,0,0,0,21" ten="317,320,305,58" oya="1" hai0="63,32,118,79,108,134,4,97,5,30,127,71,100" hai1="43,84,35,28,20,115,92,55,80,83,102,99,125" hai2="64,11,0,122,36,51,67,61,14,133,104,124,42" hai3="72,58,95,131,101,47,128,34,109,12,56,129,88"/><U57/><E115/><V91/><F0/><W107/><G72/><T105/><D108/><U116/><E125/><V25/><F104/><W66/><G34/><T37/><D118/><U87/><E116/><V23/><F122/><W106/><G109/><T60/><D127/><U112/><E35/><V33/><F33/><W76/><G76/><T24/><D134/><U49/><E112/><V119/><F119/><W75/><G75/><T90/><D37/><U46/><E28/><V94/><F36/><W89/><G47/><T96/><D79/><U16/><E83/><V81/><F81/><W65/><G12/><T41/><D41/><U44/><E80/><V15/><F15/><W62/><G101/><T117/><D117/><U123/><E123/><V7/><F61/><W9/><G9/><T110/><D60/><N who="1" m="35903" /><E46/><N who="2" m="26071" /><F133/><W69/><G95/><N who="0" m="56439" /><D110/><U70/><E70/><V29/><F124/><W73/><G73/><T45/><D45/><U121/><E121/><V135/><F135/><W53/><G69/><T39/><D39/><U59/><E59/><N who="3" m="22570" /><G53/><T10/><D10/><U17/><E17/><V132/><F132/><W48/><G62/><T1/><D1/><U40/><E40/><V113/><F113/><W93/><G48/><T74/><D74/><U126/><E126/><V27/><F29/><W103/><G103/><T120/><D120/><U19/><E19/><N who="2" m="10743" /><F11/><W13/><G13/><AGARI ba="0,0" hai="13,16,20,43,44,49,84,87,92,99,102" m="35903" machi="13" ten="30,2900,0" yaku="8,1,54,1" doraHai="21" who="1" fromWho="3" sc="317,0,320,29,305,0,58,-29" /><INIT seed="5,1,0,4,5,53" ten="317,349,305,29" oya="1" hai0="113,15,66,31,103,57,115,46,23,73,9,82,28" hai1="126,91,49,105,41,20,87,22,59,12,79,39,10" hai2="122,69,32,95,119,64,35,17,5,98,13,100,102" hai3="86,74,50,37,26,78,62,48,132,133,45,40,71"/><U110/><E105/><V131/><F5/><W65/><G74/><T58/><D103/><U1/><E1/><V36/><F36/><W51/><G78/><N who="0" m="44367" /><D46/><N who="1" m="25807" /><E79/><V116/><F122/><W76/><G76/><T24/><D66/><U21/><E126/><V92/><F131/><W130/><G86/><T29/><D29/><U93/><E39/><V47/><F47/><W97/><G97/><T60/><D60/><U30/><E110/><V121/><F121/><W96/><G96/><T123/><D31/><U8/><E30/><V0/><F0/><W114/><G26/><T63/><D63/><U129/><E129/><V52/><F64/><W128/><REACH who="3" step="1"/><G114/><REACH who="3" ten="317,349,305,19" step="2"/><N who="0" m="43531" /><D123/><U27/><E27/><V44/><F98/><W14/><G14/><T33/><D33/><U70/><E12/><V42/><F13/><W120/><G120/><T43/><D43/><U108/><E108/><V85/><F35/><W109/><G109/><T3/><D3/><U68/><E87/><V106/><F85/><W7/><G7/><AGARI ba="1,1" hai="7,9,15,23,24,28,57,58" m="43531,44367" machi="7" ten="30,3900,0" yaku="15,1,52,2" doraHai="53" who="0" fromWho="3" sc="317,52,349,0,305,0,19,-42" owari="369,46.0,349,15.0,305,-9.0,-23,-52.0" /></mjloggm>