<mjloggm ver="2.3"><GO type="97" lobby="0"/><UN n0="%E5%B0%B1%E6%B4%BB%E7%94%9F%40%E5%B7%9D%E6%9D%91%E8%BB%8D%E5%9B%A3" n1="%E3%82%88%E3%83%BC%E3%81%90%E3%82%8B%E3%81%A8" n2="%E5%B9%B3%E5%AE%B6%E3%81%AE%E8%90%BD%E4%BA%BA" n3="%6D%61%72%73%68%61%6C%6C" dan="17,14,15,14" rate="2127.35,1970.19,2009.47,1950.82" sx="M,M,M,M"/><TAIKYOKU oya="0"/><INIT seed="0,0,0,5,5,100" ten="250,250,250,250" oya="0" hai0="120,98,112,114,37,2,116,39,99,13,87,117,102" hai1="128,42,78,123,130,12,110,86,59,113,22,95,25" hai2="11,108,32,134,62,10,3,68,1,7,76,60,103" hai3="41,6,49,0,122,34,36,106,92,8,75,14,73"/><T132/><D2/><U126/><E123/><V77/><F32/><W40/><G122/><T16/><D120/><U71/><E71/><V31/><F31/><W45/><G41/><T23/><D132/><U29/><E110/><V70/><F103/><W125/><G73/><T83/><D39/><U89/><E42/><V54/><F54/><W72/><G72/><T30/><D37/><U64/><E126/><V129/><F7/><W24/><G14/><T63/><D30/><U104/><E113/><V50/><F50/><W61/><G125/><T48/><D63/><N who="1" m="38015" /><E78/><V81/><F81/><W52/><G75/><T97/><D48/><U93/><E12/><V115/><F129/><N who="1" m="49769" /><E95/><V107/><F108/><W26/><G92/><T65/><D65/><U105/><AGARI ba="0,0" hai="22,25,29,86,89,93,104,105" m="49769,38015" machi="105" ten="30,4000,0" yaku="19,1,52,2" doraHai="100" who="1" fromWho="1" sc="250,-20,250,40,250,-10,250,-10" /><INIT seed="1,0,0,3,0,71" ten="230,290,240,240" oya="1" hai0="21,107,80,69,91,112,84,9,35,72,101,4,129" hai1="133,8,5,125,52,40,103,18,90,48,15,74,118" hai2="96,23,94,102,63,56,124,22,33,55,46,99,92" hai3="132,88,42,3,57,6,31,54,82,81,36,2,106"/><U0/><E118/><V39/><F33/><W98/><G132/><T58/><D69/><U44/><E133/><V7/><F124/><W59/><G31/><T86/><D35/><U53/><E125/><V110/><F110/><W89/><G106/><T65/><D72/><U16/><E74/><V123/><F123/><W61/><G98/><T70/><D70/><U75/><E75/><V19/><F7/><W134/><G134/><T10/><D112/><U117/><E117/><V41/><REACH who="2" step="1"/><F19/><REACH who="2" ten="230,290,230,240" step="2"/><W95/><G6/><T24/><D4/><U83/><E18/><V25/><F25/><W26/><G26/><T104/><D129/><U45/><E16/><V43/><F43/><W38/><G42/><T11/><D24/><U114/><E0/><V32/><F32/><W51/><G61/><T113/><D113/><U49/><E114/><V28/><F28/><W62/><G62/><T37/><D21/><U127/><E127/><V120/><F120/><W50/><G54/><T79/><D11/><U108/><E108/><V130/><F130/><W126/><G126/><T68/><D10/><U1/><E1/><V17/><F17/><W97/><G97/><T109/><D9/><U66/><E40/><V85/><F85/><W14/><G14/><T27/><D109/><U111/><E111/><V105/><F105/><W135/><G135/><T64/><D107/><U78/><E66/><V76/><F76/><W131/><G131/><T73/><D65/><U121/><E121/><V128/><F128/><W93/><AGARI ba="0,1" hai="2,3,36,38,50,51,57,59,81,82,88,89,93,95" machi="93" ten="25,12000,2" yaku="0,1,22,2,52,2,54,1" doraHai="71" who="3" fromWho="3" sc="230,-30,290,-60,230,-30,240,130" /><INIT seed="2,0,0,0,2,96" ten="200,230,200,370" oya="2" hai0="55,33,73,90,88,131,109,68,111,63,114,108,22" hai1="44,18,7,84,2,46,118,31,102,20,103,5,97" hai2="37,91,38,76,39,3,24,74,100,28,27,107,99" hai3="81,92,43,9,26,115,124,15,78,125,130,52,49"/><V75/><F3/><W34/><G43/><T104/><D33/><U94/><E118/><V0/><F0/><W62/><G115/><T10/><D114/><U66/><E66/><V12/><F76/><W42/><G62/><T13/><D131/><U132/><E132/><V77/><F77/><W86/><G130/><T40/><D73/><U128/><E128/><V19/><F91/><W70/><G70/><T126/><D126/><N who="3" m="48745" /><G42/><T129/><D129/><U41/><E31/><V116/><F116/><W79/><G79/><T56/><D68/><U8/><E5/><V4/><F4/><N who="3" m="3495" /><G92/><T119/><D119/><U6/><E6/><V82/><F82/><W93/><G93/><T101/><D22/><U110/><E110/><V51/><F51/><W61/><G61/><T58/><D40/><U117/><E117/><V135/><F135/><W123/><G123/><T47/><D47/><U57/><E57/><V105/><F105/><W65/><G65/><T127/><D58/><U25/><E84/><V45/><F45/><N who="3" m="27695" /><G26/><T83/><D83/><U16/><E18/><V50/><F50/><W53/><G53/><T11/><D127/><U54/><E54/><V89/><F24/><W14/><G14/><T32/><D13/><U133/><E133/><V134/><F134/><W69/><G69/><T67/><D67/><U113/><E113/><V17/><F89/><N who="0" m="34410" /><D11/><U95/><E41/><V60/><F60/><W23/><G23/><T59/><D10/><U29/><E29/><V64/><F64/><W80/><G80/><T21/><D109/><U35/><E35/><AGARI ba="0,0" hai="34,35,78,81,86" m="27695,3495,48745" machi="35" ten="30,2000,0" yaku="18,1,54,1" doraHai="96" who="3" fromWho="1" sc="200,0,230,-20,200,0,370,20" /><INIT seed="3,0,0,4,0,58" ten="200,210,200,390" oya="3" hai0="40,47,34,38,53,7,119,68,51,89,121,41,78" hai1="93,74,11,66,129,79,26,31,97,43,37,98,65" hai2="45,111,80,12,3,42,46,15,24,81,83,22,131" hai3="61,28,110,103,27,125,10,105,100,123,13,59,133"/><W108/><G123/><T135/><D34/><U130/><E11/><V1/><F111/><N who="3" m="42539" /><G125/><T48/><D121/><U21/><E37/><V56/><F131/><N who="1" m="50185" /><E43/><N who="0" m="16457" /><D68/><U70/><E70/><V132/><F132/><W82/><G82/><T75/><D75/><U44/><E44/><V60/><F3/><W73/><G73/><T120/><D38/><U101/><E97/><V32/><F32/><N who="3" m="20511" /><G105/><T86/><D78/><U106/><E106/><V0/><F0/><W76/><G76/><T2/><D2/><U118/><E118/><V72/><F1/><W49/><G49/><N who="0" m="28863" /><D135/><U107/><E107/><V109/><F109/><W4/><G133/><T55/><D119/><U96/><E96/><V90/><F72/><W126/><G126/><T39/><D39/><U112/><E112/><V57/><F42/><W33/><G33/><T91/><D120/><U20/><E21/><V18/><F90/><W8/><G10/><T35/><D35/><U5/><E5/><V99/><F99/><W128/><G128/><T54/><D7/><U71/><E71/><V102/><F102/><W30/><G30/><T87/><D91/><U122/><E122/><V113/><F113/><W19/><G4/><T52/><D89/><U84/><E74/><V134/><F134/><W29/><G29/><T67/><D67/><AGARI ba="0,0" hai="8,13,19,59,61,67,100,103" m="20511,42539" machi="67" ten="30,5800,0" yaku="14,1,10,1,52,1" doraHai="58" who="3" fromWho="0" sc="200,-58,210,0,200,0,390,58" owari="142,-36.0,210,1.0,200,-20.0,448,55.0" /></mjloggm>