<mjloggm ver="2.3"><GO type="225" lobby="0"/><UN n0="%E3%83%9B%E3%83%B3%E3%82%A4%E3%83%84%E5%8E%A8" n1="%E3%81%AE%E3%81%86%E3%81%AA%E3%82%81%E3%82%8D%E3%82%93" n2="%E3%82%A6%E3%83%AB%E3%83%88%E3%83%A9%E7%AB%8B%E7%9B%B4" n3="%E3%81%9F%E3%81%8C%E3%81%BF%E5%89%9B" dan="16,16,17,16" rate="2111.62,2075.34,2188.67,2090.01" sx="M,M,M,M"/><TAIKYOKU oya="0"/><INIT seed="0,0,0,1,5,132" ten="250,250,250,250" oya="0" hai0="61,36,49,1,37,102,17,99,26,19,15,33,21" hai1="109,51,42,7,66,97,63,23,98,22,120,47,75" hai2="104,112,35,103,123,86,4,50,9,0,133,38,90" hai3="20,2,64,88,117,95,60,58,135,44,114,128,91"/><T130/><D1/><U16/><E120/><V41/><F123/><W126/><G114/><T121/><D121/><U53/><E75/><V93/><F112/><W69/><G117/><T96/><D130/><U87/><E109/><V134/><F35/><W76/><G135/><N who="2" m="51721" /><F38/><W72/><G128/><T119/><D119/><U73/><E73/><V113/><F113/><W14/><G2/><T18/><D99/><U59/><E7/><V13/><F13/><W54/><G91/><T77/><D77/><U110/><E110/><V118/><F118/><W25/><G44/><T108/><D108/><U29/><E29/><V122/><F122/><W71/><G14/><T111/><D111/><U3/><E3/><V46/><F104/><W45/><G45/><T124/><D37/><U82/><E42/><V67/><F67/><W92/><G71/><T101/><D36/><U127/><E127/><V32/><F32/><W24/><G72/><T100/><D124/><U10/><E10/><V30/><F30/><W74/><G126/><T116/><D116/><U28/><E28/><V115/><F115/><W34/><G34/><T48/><D33/><U5/><E5/><V12/><F0/><W129/><G129/><T70/><D15/><N who="1" m="9503" /><E23/><V55/><F41/><W105/><G74/><T27/><D21/><U52/><E66/><V79/><F79/><AGARI ba="0,0" hai="47,51,52,53,59,63,79,82,87,97,98" m="9503" machi="79" ten="30,3900,0" yaku="8,1,54,2" doraHai="132" who="1" fromWho="2" sc="250,0,250,39,250,-39,250,0" /><INIT seed="1,0,0,1,4,14" ten="250,289,211,250" oya="1" hai0="31,108,62,131,98,36,2,38,135,20,94,78,133" hai1="54,53,35,22,1,116,0,18,24,6,30,132,95" hai2="65,41,79,15,99,19,112,121,64,84,52,3,68" hai3="91,4,51,67,17,59,50,81,26,88,75,124,118"/><U27/><E116/><V37/><F3/><W109/><G118/><T57/><D2/><U102/><E132/><N who="0" m="50761" /><D108/><U10/><REACH who="1" step="1"/><E0/><REACH who="1" ten="250,279,211,250" step="2"/><V80/><F112/><W117/><G117/><T77/><D131/><U87/><E87/><V34/><F121/><W13/><G109/><T96/><D96/><AGARI ba="0,1" hai="1,6,10,18,22,24,27,30,35,53,54,95,96,102" machi="96" ten="40,3900,0" yaku="1,1,52,1,53,0" doraHai="14" doraHaiUra="74" who="1" fromWho="0" sc="250,-39,279,49,211,0,250,0" /><INIT seed="1,1,0,0,2,89" ten="211,328,211,250" oya="1" hai0="18,50,115,62,23,86,116,132,4,22,122,47,67" hai1="71,110,100,77,15,81,43,124,78,59,41,123,37" hai2="51,13,120,19,33,5,40,56,108,90,133,95,94" hai3="84,11,64,69,55,107,39,53,70,111,2,74,1"/><U91/><E71/><V46/><F33/><W44/><G74/><T25/><D116/><U128/><E123/><V57/><F120/><W87/><G107/><T28/><D122/><U73/><E100/><V14/><F108/><W125/><G111/><T54/><D132/><U30/><E110/><V60/><F133/><W20/><G20/><T106/><D106/><U101/><E101/><V48/><F90/><W104/><G104/><T135/><D135/><U26/><E78/><V97/><F97/><W27/><G27/><T82/><D115/><U9/><E37/><V129/><F129/><W76/><G76/><T10/><D23/><U85/><E59/><V114/><F114/><W42/><G125/><T3/><D28/><U61/><E61/><V66/><F5/><W12/><G70/><T126/><D126/><U34/><E128/><V98/><F98/><W134/><G134/><T17/><D17/><U79/><E79/><V24/><F24/><W92/><G1/><T119/><D119/><U113/><E113/><V72/><F72/><W121/><G2/><T29/><D29/><U96/><E96/><V102/><F102/><W49/><G121/><T65/><REACH who="0" step="1"/><D62/><REACH who="0" ten="201,328,211,250" step="2"/><U127/><E127/><V80/><F19/><W36/><G36/><T131/><D131/><U58/><E124/><V83/><F60/><W6/><G39/><T99/><D99/><U31/><E30/><V52/><F51/><W63/><G84/><T130/><D130/><U117/><E117/><V68/><F48/><W35/><G35/><T93/><D93/><U103/><E34/><V0/><F95/><RYUUKYOKU ba="1,1" sc="201,15,328,-15,211,-15,250,15" hai0="3,4,10,18,22,25,47,50,54,65,67,82,86" hai3="6,11,12,42,44,49,53,55,63,64,69,87,92" /><INIT seed="2,2,1,1,3,118" ten="216,313,196,265" oya="2" hai0="5,58,108,91,65,34,129,123,38,104,14,62,75" hai1="32,4,57,11,109,50,74,59,122,67,9,31,101" hai2="10,128,80,110,63,70,68,116,3,90,24,54,69" hai3="1,84,55,23,45,125,93,51,98,78,79,72,47"/><V106/><F116/><W22/><G1/><T96/><D34/><U43/><E74/><V64/><F106/><W115/><G72/><T53/><D75/><U46/><E109/><V107/><F107/><W8/><G115/><T39/><D108/><U89/><E101/><V132/><F110/><W6/><G125/><T113/><D113/><U48/><E122/><V77/><F128/><W42/><G79/><T49/><D129/><U13/><E67/><V133/><F54/><W85/><G85/><T19/><D5/><U83/><E48/><V134/><F90/><W60/><G60/><T15/><D15/><U41/><E41/><V102/><F102/><W30/><G30/><T28/><D28/><U99/><E31/><V2/><F24/><W117/><G117/><T71/><D123/><U52/><E43/><V87/><REACH who="2" step="1"/><F10/><REACH who="2" ten="216,313,186,265" step="2"/><W26/><G26/><T73/><D104/><U103/><E9/><V100/><F100/><W12/><G55/><T97/><D91/><U29/><E103/><V126/><F126/><W111/><G111/><T120/><D120/><U0/><E89/><V25/><F25/><W66/><G8/><T86/><D53/><U135/><E52/><V27/><F27/><W121/><G121/><T21/><D65/><U76/><E11/><V44/><F44/><W81/><G47/><T20/><D58/><AGARI ba="2,2" hai="2,3,58,63,64,68,69,70,77,80,87,132,133,134" machi="58" ten="50,4800,0" yaku="1,1,20,1,53,0" doraHai="118" doraHaiUra="95" who="2" fromWho="0" sc="216,-54,313,0,186,74,265,0" /><INIT seed="2,3,0,1,4,15" ten="162,313,260,265" oya="2" hai0="129,68,10,76,106,119,84,99,86,44,107,37,103" hai1="95,78,7,130,71,105,26,39,52,75,85,16,31" hai2="80,133,92,88,13,74,43,42,93,65,2,117,40" hai3="101,0,25,24,17,97,116,34,114,27,6,23,60"/><V91/><F2/><W29/><G116/><T69/><D129/><U35/><E105/><V56/><F117/><W48/><G48/><T125/><D119/><U28/><E71/><V98/><F133/><W30/><G60/><T94/><D125/><U115/><E39/><V3/><F3/><W55/><G55/><T32/><D32/><U89/><E115/><V121/><F121/><W124/><G97/><T57/><D107/><U108/><E7/><V72/><F13/><N who="3" m="9647" /><G101/><T127/><D127/><U104/><E104/><V54/><F65/><W5/><G114/><T20/><D68/><U79/><E75/><V122/><F122/><W113/><G113/><T83/><D69/><U96/><E31/><N who="3" m="11786" /><G124/><T22/><D57/><U81/><E79/><V100/><F80/><W118/><G118/><T49/><D37/><U50/><E96/><V87/><REACH who="2" step="1"/><F100/><REACH who="2" ten="162,313,250,265" step="2"/><W12/><G0/><T46/><D10/><U51/><E81/><V77/><F77/><W135/><G135/><T45/><D106/><U120/><E78/><V112/><F112/><W64/><G64/><T38/><D38/><U82/><E120/><V47/><F47/><N who="0" m="17994" /><D86/><U4/><E85/><V66/><F66/><W33/><G12/><T63/><D63/><AGARI ba="3,1" hai="40,42,43,54,56,63,72,74,87,88,91,92,93,98" machi="63" ten="40,3900,0" yaku="1,1,54,1,53,0" doraHai="15" doraHaiUra="132" who="2" fromWho="0" sc="162,-48,313,0,250,58,265,0" /><INIT seed="2,4,0,1,2,105" ten="114,313,308,265" oya="2" hai0="90,58,61,57,135,2,39,107,103,16,43,131,133" hai1="100,111,23,36,8,48,95,44,0,40,87,72,98" hai2="12,118,30,94,11,17,59,9,27,109,15,29,7" hai3="124,56,73,5,102,6,78,3,13,121,115,114,1"/><V77/><F118/><W21/><G102/><T19/><D2/><N who="3" m="521" /><G56/><T42/><D131/><U96/><E72/><V99/><F109/><W113/><G121/><T83/><D103/><U108/><E87/><V41/><F41/><W49/><G49/><T84/><D107/><U65/><E65/><V106/><F106/><W24/><G78/><T34/><D34/><U110/><E23/><N who="2" m="13807" /><F59/><N who="0" m="22538" /><D61/><U35/><E35/><V71/><F77/><W52/><G52/><T86/><D86/><U122/><E122/><V132/><F71/><W50/><G50/><T62/><D62/><U101/><E36/><V25/><F132/><N who="0" m="50762" /><D43/><U53/><E40/><V32/><F94/><W92/><G92/><T18/><D42/><U85/><E108/><V93/><F93/><W120/><G120/><T81/><D81/><U82/><E82/><V54/><F54/><W4/><G124/><T67/><D67/><U66/><E66/><V60/><F60/><W123/><G123/><T104/><D104/><U31/><E110/><V130/><F99/><W89/><G89/><T10/><D10/><U37/><E8/><V126/><F126/><W134/><G134/><T26/><D39/><U51/><E37/><V64/><F64/><W70/><G70/><T117/><D117/><U80/><E111/><V129/><F30/><N who="3" m="17679" /><G13/><T38/><D38/><U97/><E97/><V127/><F127/><W55/><G55/><T119/><D119/><U75/><E98/><V46/><F46/><W112/><N who="3" m="28672" /><DORA hai="14" /><W45/><G45/><T74/><D74/><AGARI ba="4,0" hai="4,5,6,73,74" m="28672,17679,521" machi="74" ten="70,8000,1" yaku="11,1,52,2" doraHai="105,14" who="3" fromWho="0" sc="114,-92,313,0,308,0,265,92" /><INIT seed="3,0,0,0,0,80" ten="22,313,308,357" oya="3" hai0="98,93,100,59,33,58,34,92,75,42,129,48,18" hai1="74,52,36,4,31,110,101,22,71,19,40,39,30" hai2="11,118,72,113,8,17,82,1,114,38,124,25,88" hai3="77,24,51,14,83,112,23,55,53,107,131,7,96"/><W79/><G112/><T103/><D75/><U70/><E74/><V102/><F118/><W20/><G131/><T6/><D6/><U97/><E110/><V116/><F116/><W87/><G77/><T29/><D129/><U127/><E127/><V68/><F68/><W9/><G55/><T128/><D128/><U26/><E4/><V62/><F102/><W120/><G120/><T44/><D18/><U0/><E0/><V108/><F38/><W27/><G107/><T32/><D29/><U125/><E125/><V69/><F124/><W73/><G73/><T43/><D43/><U85/><E70/><V41/><F41/><W35/><G96/><AGARI ba="0,0" hai="32,33,34,42,44,48,58,59,92,93,96,98,100,103" machi="96" ten="40,1300,0" yaku="9,1" doraHai="80" who="0" fromWho="3" sc="22,13,313,0,308,0,357,-13" owari="35,-46.0,313,11.0,308,-9.0,344,44.0" /></mjloggm>