<mjloggm ver="2.3"><GO type="169" lobby="0"/><UN n0="%E3%82%BC%E3%83%A9%E3%82%B9" n1="%6D%69%7A%75%79%6F%75" n2="%E3%81%99%E3%81%9A%E3%82%81%E3%82%AF%E3%83%AC%E3%82%A4%E3%82%B8%E3%83%BC" n3="%E3%82%A6%E3%83%AB%E3%83%88%E3%83%A9%E7%AB%8B%E7%9B%B4" dan="16,16,20,17" rate="2062.02,2080.68,2160.65,2176.22" sx="M,M,M,M"/><TAIKYOKU oya="0"/><INIT seed="0,0,0,0,4,120" ten="250,250,250,250" oya="0" hai0="62,123,32,121,116,3,106,95,125,133,77,25,61" hai1="29,52,40,34,115,102,16,10,97,37,127,119,35" hai2="84,57,118,20,23,53,96,70,9,85,1,30,19" hai3="79,93,124,76,46,45,11,117,108,4,91,41,122"/><T27/><D106/><U2/><E119/><V75/><F70/><W132/><G117/><T28/><D116/><U50/><E127/><V64/><F75/><W71/><G71/><T109/><D125/><U5/><E115/><V81/><F64/><W114/><G114/><T86/><D133/><U42/><E37/><V78/><F30/><W7/><G124/><T12/><D3/><U73/><E73/><V68/><F68/><W87/><G132/><T26/><D61/><U63/><E63/><V82/><F96/><W135/><G135/><T107/><D62/><U55/><E55/><V74/><F74/><W88/><G122/><N who="0" m="46603" /><D95/><U83/><E83/><V129/><F1/><W31/><G93/><T59/><D86/><U38/><E38/><V100/><F100/><W80/><G87/><T22/><D59/><U104/><E16/><V110/><F19/><W105/><G80/><T60/><D77/><U39/><E39/><V103/><F78/><W44/><G79/><T21/><D60/><U99/><E99/><V8/><F118/><W90/><G76/><T128/><D107/><U13/><E2/><V15/><F82/><W101/><G105/><T126/><D126/><U69/><E69/><V24/><F84/><W51/><G101/><T65/><D65/><U47/><REACH who="1" step="1"/><E29/><REACH who="1" ten="250,240,250,250" step="2"/><V111/><F81/><W18/><G31/><N who="0" m="19583" /><D128/><U33/><AGARI ba="0,1" hai="5,10,13,33,34,35,40,42,47,50,52,97,102,104" machi="33" ten="30,4000,0" yaku="1,1,0,1,54,1,53,0" doraHai="120" doraHaiUra="113" who="1" fromWho="1" sc="250,-20,240,50,250,-10,250,-10" /><INIT seed="1,0,0,2,4,113" ten="230,290,240,240" oya="1" hai0="52,43,63,32,28,96,57,15,117,90,84,40,66" hai1="21,130,115,3,26,61,41,118,129,36,27,24,132" hai2="54,135,23,72,37,133,89,80,19,75,94,74,134" hai3="127,10,51,125,81,25,33,31,97,71,68,12,17"/><U0/><E115/><V67/><F37/><W5/><G97/><T120/><D120/><U82/><E36/><V14/><F67/><W6/><G51/><T92/><D28/><U7/><E41/><V13/><F54/><W114/><G81/><T95/><D32/><U49/><E49/><V73/><N who="2" m="18432" /><DORA hai="34" /><V22/><F80/><W53/><G53/><T18/><D117/><U1/><E132/><V76/><F76/><W128/><G114/><T16/><D66/><U123/><E123/><V103/><F103/><W70/><REACH who="3" step="1"/><G128/><REACH who="3" ten="230,290,240,230" step="2"/><N who="1" m="49258" /><E82/><V119/><F94/><W59/><G59/><T2/><D95/><U35/><E61/><V101/><F101/><W93/><G93/><T4/><D96/><U64/><E64/><V38/><F38/><W108/><G108/><T8/><REACH who="0" step="1"/><D18/><REACH who="0" ten="220,290,240,230" step="2"/><U20/><E35/><V100/><F134/><W39/><G39/><T48/><D48/><U111/><E111/><V69/><F135/><W79/><G79/><T126/><D126/><AGARI ba="0,2" hai="5,6,10,12,17,25,31,33,68,70,71,125,126,127" machi="126" ten="50,3200,0" yaku="1,1,18,1,53,0" doraHai="113,34" doraHaiUra="44,104" who="3" fromWho="0" sc="220,-32,290,0,240,0,230,52" /><INIT seed="2,0,0,5,0,30" ten="188,290,240,282" oya="2" hai0="41,36,31,56,5,69,88,100,6,17,11,129,45" hai1="86,39,58,68,16,18,122,8,97,84,128,91,74" hai2="96,25,34,95,29,132,106,85,108,107,0,123,9" hai3="62,32,77,133,57,49,59,130,76,40,101,116,22"/><V44/><F123/><W89/><G116/><T12/><D69/><U1/><E68/><V93/><F132/><W20/><G101/><T3/><D129/><U61/><E74/><V24/><F108/><W104/><G104/><T98/><D31/><U48/><E39/><V13/><F0/><W126/><G133/><T92/><D3/><U78/><E128/><V99/><F85/><W125/><G130/><T112/><D112/><U28/><E48/><V114/><F44/><N who="3" m="25735" /><G89/><T87/><REACH who="0" step="1"/><D56/><REACH who="0" ten="178,290,240,282" step="2"/><U124/><E28/><V135/><F114/><W37/><G59/><T94/><AGARI ba="0,1" hai="5,6,11,12,17,36,41,45,87,88,92,94,98,100" machi="94" ten="20,8000,1" yaku="1,1,2,1,0,1,7,1,54,1,53,0" doraHai="30" doraHaiUra="55" who="0" fromWho="0" sc="178,90,290,-20,240,-40,282,-20" /><INIT seed="3,0,0,2,5,9" ten="268,270,200,262" oya="3" hai0="7,56,47,110,135,37,112,50,86,91,80,119,81" hai1="120,64,72,29,8,11,133,58,46,41,70,34,51" hai2="22,24,44,26,14,111,127,77,40,66,32,69,79" hai3="1,123,53,68,45,3,33,125,118,121,19,39,87"/><W52/><G118/><T93/><D119/><U109/><E72/><V15/><F111/><W94/><G33/><T134/><D110/><U13/><E109/><V122/><F127/><W73/><G68/><T84/><D37/><U12/><E70/><V67/><F69/><W25/><G73/><T97/><D56/><U102/><E120/><V129/><F32/><W130/><G1/><T35/><D35/><U85/><E133/><N who="0" m="50697" /><D7/><U16/><E102/><V117/><F117/><W54/><G3/><T116/><D116/><U124/><E124/><V88/><F129/><W2/><G2/><T74/><D74/><U128/><E128/><V126/><F126/><W62/><G130/><T83/><D112/><U31/><E34/><V48/><F26/><W76/><G125/><T57/><D57/><U98/><E98/><V115/><F115/><W82/><G62/><T55/><AGARI ba="0,0" hai="47,50,55,80,81,83,84,86,91,93,97" m="50697" machi="55" ten="30,1100,0" yaku="20,1" doraHai="9" who="0" fromWho="0" sc="268,11,270,-3,200,-3,262,-5" /><INIT seed="4,0,0,5,0,56" ten="279,267,197,257" oya="0" hai0="37,58,128,6,33,83,11,43,39,28,35,76,80" hai1="3,112,1,31,45,82,20,94,87,48,60,54,65" hai2="64,102,92,115,57,22,125,95,27,2,132,119,111" hai3="17,16,78,109,73,122,61,114,68,79,15,49,135"/><T5/><D128/><U69/><E94/><V77/><F111/><W71/><G109/><T55/><D28/><U103/><E103/><V47/><F2/><W110/><G110/><T34/><D43/><U29/><E112/><V53/><F115/><W107/><G107/><T108/><D108/><U131/><E131/><V75/><F132/><W93/><G93/><T134/><D134/><U40/><E1/><V70/><F125/><W44/><G135/><T89/><D89/><U19/><E3/><V127/><F75/><W133/><G133/><T88/><D88/><U51/><E48/><V21/><F77/><W98/><G98/><T24/><D24/><U62/><E40/><V30/><F119/><W67/><G114/><T10/><D11/><U13/><REACH who="1" step="1"/><E62/><REACH who="1" ten="279,257,197,257" step="2"/><N who="2" m="37967" /><F95/><W52/><G122/><T100/><D100/><U99/><E99/><V116/><F92/><W63/><G73/><T26/><D39/><U25/><E25/><V38/><F27/><W23/><G17/><T0/><D26/><U90/><AGARI ba="0,1" hai="13,19,20,29,31,45,51,54,60,65,69,82,87,90" machi="90" ten="20,5200,0" yaku="1,1,0,1,7,1,52,1,53,0" doraHai="56" doraHaiUra="7" who="1" fromWho="1" sc="279,-26,257,62,197,-13,257,-13" /><INIT seed="5,0,0,4,2,20" ten="253,319,184,244" oya="1" hai0="68,53,97,25,83,131,122,101,105,77,91,120,113" hai1="108,43,12,17,110,26,69,98,130,94,65,64,93" hai2="88,112,72,96,15,24,54,80,89,16,135,46,58" hai3="134,102,118,31,63,1,107,42,36,79,49,41,95"/><U0/><E0/><V55/><F135/><W99/><G1/><T11/><D68/><U76/><E130/><V121/><F121/><N who="0" m="46698" /><D131/><U60/><E65/><V74/><F112/><W39/><G134/><T22/><D113/><U48/><E76/><V128/><F128/><W38/><G118/><T3/><D53/><U127/><E127/><V86/><F74/><W19/><G79/><T67/><D67/><U85/><E85/><V27/><F72/><W106/><G31/><N who="0" m="17847" /><D91/><U119/><E119/><V124/><F124/><W84/><G63/><T32/><D32/><U56/><E93/><N who="2" m="56367" /><F46/><W129/><G129/><T4/><D83/><U132/><E132/><V40/><F40/><W6/><G107/><T126/><D77/><U44/><E69/><V115/><F115/><W13/><G106/><T45/><D45/><U2/><E2/><V5/><F5/><W47/><G6/><T70/><D70/><U9/><E110/><V104/><F104/><W109/><G109/><T28/><D28/><U66/><E108/><V75/><F75/><W62/><G84/><T90/><D90/><N who="1" m="55639" /><E66/><V87/><F86/><W57/><G42/><T103/><D103/><U51/><E51/><N who="2" m="31071" /><F55/><W30/><G39/><T133/><D133/><U35/><E35/><V14/><F14/><W81/><G81/><T100/><D100/><U125/><E125/><AGARI ba="0,0" hai="3,4,11,97,101,105,125,126" m="17847,46698" machi="125" ten="30,2000,0" yaku="13,1,52,1" doraHai="20" who="0" fromWho="1" sc="253,20,319,-20,184,0,244,0" /><INIT seed="6,0,0,4,4,22" ten="273,299,184,244" oya="2" hai0="32,73,57,111,61,114,14,26,53,28,20,5,44" hai1="51,85,15,16,12,79,100,110,37,109,98,72,19" hai2="90,55,125,91,113,9,21,120,23,119,6,17,116" hai3="31,50,87,106,29,135,70,49,123,10,97,39,25"/><V45/><F120/><W130/><G39/><T92/><D111/><U30/><E37/><V65/><F65/><W46/><G50/><T47/><D73/><U104/><E72/><V71/><F71/><W128/><G70/><T105/><D105/><U103/><E30/><V27/><F125/><W36/><G36/><T56/><D114/><U134/><E134/><V107/><F107/><W69/><G69/><T112/><D112/><U95/><E51/><V108/><F113/><W4/><G87/><T129/><D129/><N who="3" m="49769" /><G135/><T48/><D92/><U89/><E79/><V62/><F108/><W127/><G127/><T42/><D42/><U75/><E75/><V131/><F131/><W93/><G25/><T78/><D78/><U7/><E103/><V96/><F45/><W1/><G106/><T60/><D32/><U81/><E81/><V74/><F74/><W35/><G35/><T88/><D88/><U80/><E80/><V68/><F68/><W124/><G123/><T58/><REACH who="0" step="1"/><D47/><REACH who="0" ten="263,299,184,244" step="2"/><U13/><E110/><V86/><F86/><W133/><G124/><T52/><D52/><U94/><E109/><V64/><F64/><W126/><G126/><T132/><D132/><U84/><E104/><V101/><F101/><N who="3" m="60591" /><G133/><T76/><D76/><U18/><E84/><V2/><F91/><W83/><G83/><T40/><D40/><AGARI ba="0,1" hai="1,4,10,29,31,40,46,49" m="60591,49769" machi="40" ten="30,1000,0" yaku="19,1" doraHai="22" who="3" fromWho="0" sc="263,-10,299,0,184,0,244,20" /><INIT seed="7,0,0,3,0,44" ten="253,299,184,264" oya="3" hai0="51,70,36,80,85,90,115,16,113,13,122,71,64" hai1="124,94,118,39,2,116,74,43,56,52,24,67,121" hai2="38,31,135,68,81,27,106,42,9,59,37,126,49" hai3="17,77,53,103,63,20,133,55,48,15,109,73,117"/><W46/><G117/><N who="1" m="45162" /><E74/><V0/><F68/><W26/><G133/><T82/><D122/><U61/><E2/><V105/><F135/><W3/><G3/><T130/><D36/><U75/><E75/><V28/><F28/><W40/><G103/><T119/><D119/><U4/><E4/><V14/><F0/><W128/><G128/><T112/><D130/><U66/><E124/><V34/><F126/><W7/><G109/><T125/><D125/><U84/><E24/><V104/><F81/><W108/><G77/><T10/><D80/><U96/><E84/><V95/><F95/><W50/><G73/><T1/><D1/><U91/><E121/><V131/><F131/><W29/><G7/><T60/><D51/><U110/><E110/><V111/><F111/><W30/><G108/><T22/><D71/><U33/><E33/><V18/><REACH who="2" step="1"/><F42/><REACH who="2" ten="253,299,174,264" step="2"/><W47/><G30/><T41/><D41/><U21/><E43/><V8/><F8/><AGARI ba="0,1" hai="8,10,13,16,22,60,64,70,82,85,90,112,113,115" machi="8" ten="40,5200,0" yaku="15,1,11,1,54,1" doraHai="44" who="0" fromWho="2" sc="253,62,299,0,174,-52,264,0" owari="315,42.0,299,10.0,122,-38.0,264,-14.0" /></mjloggm>