<mjloggm ver="2.3"><GO type="169" lobby="0"/><UN n0="%E3%81%86%E3%81%83%E3%83%BC%E3%81%A1%E3%82%83%E3%82%93" n1="%E3%83%8B%E3%83%A3%E3%83%83%E3%83%94%E3%83%BC%E5%A4%8F%E7%9B%AE" n2="%7A%65%61%6C%E2%88%AC" n3="%E3%82%A6%E3%83%AB%E3%83%88%E3%83%A9%E7%AB%8B%E7%9B%B4" dan="18,18,16,18" rate="2197.36,2183.17,2073.00,2204.70" sx="M,M,M,M"/><TAIKYOKU oya="0"/><INIT seed="0,0,0,5,2,79" ten="250,250,250,250" oya="0" hai0="18,101,95,109,14,88,57,17,10,72,111,122,2" hai1="100,61,84,89,50,47,58,125,77,34,5,41,51" hai2="106,69,99,123,117,37,8,119,128,92,116,71,11" hai3="24,64,56,121,108,27,76,52,74,46,22,42,114"/><T87/><D2/><U39/><E125/><V35/><F123/><W126/><G114/><T67/><D72/><U29/><E77/><V83/><F37/><W75/><G126/><T68/><D57/><U103/><E5/><V32/><F106/><W23/><G64/><T96/><D122/><U62/><E62/><V0/><F83/><W135/><G108/><N who="0" m="41547" /><D67/><U73/><E73/><V80/><F80/><W9/><G75/><T118/><D68/><N who="2" m="26186" /><F128/><W19/><G9/><N who="2" m="3657" /><F0/><W63/><G121/><T60/><D60/><U15/><E15/><V12/><F12/><W104/><G104/><N who="0" m="63527" /><D118/><N who="2" m="30210" /><V115/><DORA hai="127" /><F115/><W40/><G74/><T98/><D98/><U3/><E3/><V120/><F120/><W130/><G63/><T20/><D20/><U131/><E61/><V7/><F7/><AGARI ba="0,0" hai="7,10,14,17,18,87,88,95" m="63527,41547" machi="7" ten="30,5800,0" yaku="14,1,10,1,54,1" doraHai="79,127" who="0" fromWho="2" sc="250,58,250,0,250,-58,250,0" /><INIT seed="0,1,0,1,2,26" ten="308,250,192,250" oya="0" hai0="46,86,85,61,30,10,109,98,89,12,14,96,73" hai1="51,11,105,74,52,83,102,112,121,111,72,35,65" hai2="45,123,32,132,37,122,75,34,110,125,66,81,82" hai3="119,39,108,57,117,106,1,59,126,41,18,135,6"/><T90/><D73/><U0/><E121/><V69/><F110/><W118/><G106/><T3/><D3/><U43/><E111/><V95/><F95/><W80/><G108/><T104/><D109/><U107/><E43/><N who="2" m="22767" /><F82/><W120/><G120/><T25/><D61/><U4/><E112/><V133/><F125/><W40/><G126/><T78/><D46/><U76/><E72/><V33/><F75/><W31/><G18/><T42/><D42/><U129/><E129/><V124/><F81/><W97/><G97/><T21/><D78/><U60/><E35/><V62/><F124/><W5/><G80/><T70/><D70/><U48/><E48/><V91/><F91/><W101/><G118/><T67/><D67/><U116/><E102/><V19/><F19/><W113/><G101/><T15/><D10/><U28/><E116/><V58/><F58/><W2/><G113/><T87/><REACH who="0" step="1"/><D104/><REACH who="0" ten="298,250,192,250" step="2"/><U134/><E107/><V44/><F44/><W17/><G39/><T36/><D36/><U71/><E105/><V29/><F122/><W7/><G119/><T49/><D49/><U79/><E79/><V8/><F8/><W23/><G117/><T24/><D24/><U9/><E9/><V99/><F123/><W88/><G1/><T54/><D54/><U103/><E76/><V127/><F127/><W84/><G2/><T68/><D68/><U131/><E71/><V55/><F69/><W38/><G38/><T115/><D115/><U22/><E11/><V77/><F66/><W100/><G41/><T130/><D130/><U27/><E131/><V64/><F64/><RYUUKYOKU ba="1,1" sc="298,30,250,-10,192,-10,250,-10" hai0="12,14,15,21,25,30,85,86,87,89,90,96,98" /><INIT seed="0,2,1,1,3,47" ten="328,240,182,240" oya="0" hai0="92,103,27,29,68,6,30,25,123,110,41,7,31" hai1="88,100,122,55,62,65,46,28,105,91,50,2,134" hai2="118,35,115,125,1,18,80,85,102,10,78,116,8" hai3="82,37,71,39,76,72,129,79,84,60,16,33,32"/><T77/><D68/><U130/><E2/><V63/><F115/><W9/><G129/><T0/><D123/><U70/><E122/><V36/><F35/><W57/><G71/><T90/><D110/><U95/><E130/><V121/><F121/><W126/><G126/><T128/><D128/><U107/><E134/><V74/><F125/><W49/><G33/><T111/><D111/><U20/><E100/><V23/><F36/><W93/><G32/><T44/><D77/><U89/><REACH who="1" step="1"/><E95/><REACH who="1" ten="328,230,182,240" step="2"/><V96/><F1/><W11/><G93/><T34/><D103/><U26/><AGARI ba="2,2" hai="20,26,28,46,50,55,62,65,70,88,89,91,105,107" machi="26" ten="30,8000,1" yaku="1,1,2,1,0,1,52,1,54,1,53,0" doraHai="47" doraHaiUra="119" who="1" fromWho="1" sc="328,-42,230,106,182,-22,240,-22" /><INIT seed="1,0,0,4,1,71" ten="286,336,160,218" oya="1" hai0="19,3,99,2,49,26,134,70,112,116,96,72,131" hai1="11,1,52,76,17,47,38,45,14,66,115,22,126" hai2="35,29,90,43,103,46,132,80,57,93,121,77,15" hai3="88,124,133,56,62,135,122,106,102,107,73,120,13"/><U117/><E115/><V91/><F121/><W32/><G32/><T86/><D72/><U110/><E117/><V24/><F132/><N who="3" m="50763" /><G73/><T118/><D70/><U31/><E126/><V53/><F15/><W123/><G124/><T92/><D131/><U127/><E127/><V16/><F16/><W7/><G102/><T98/><D112/><U5/><E66/><V61/><F103/><W95/><G13/><T104/><D104/><N who="3" m="39977" /><G7/><T58/><D2/><U94/><E76/><V37/><REACH who="2" step="1"/><F93/><REACH who="2" ten="286,336,150,218" step="2"/><W64/><G122/><T97/><D134/><U74/><E94/><V130/><F130/><W78/><G78/><T111/><D116/><U44/><E14/><V128/><F128/><W83/><G83/><T50/><D92/><U84/><E17/><V108/><F108/><W10/><G10/><T75/><D118/><U34/><E11/><V0/><F0/><W9/><G9/><T79/><D3/><U18/><E1/><V36/><F36/><W8/><G8/><T28/><D19/><U4/><E38/><V63/><F63/><W60/><G60/><T129/><D129/><U85/><E18/><V69/><F69/><W54/><G64/><T55/><D111/><U119/><E110/><V27/><F27/><W89/><G89/><T100/><D26/><U33/><E119/><V65/><F65/><W39/><G39/><T114/><D100/><U12/><E12/><V125/><F125/><W20/><G20/><T6/><D6/><U25/><E4/><V51/><F51/><W109/><G109/><T82/><N who="0" m="24576" /><DORA hai="105" /><T42/><D114/><U41/><E5/><RYUUKYOKU ba="0,1" sc="286,-15,336,-15,150,15,218,15" hai2="24,29,35,37,43,46,53,57,61,77,80,90,91" hai3="54,56,62,88,95,120,123" /><INIT seed="2,1,1,5,4,84" ten="271,321,165,233" oya="2" hai0="48,72,119,32,104,135,38,112,71,125,1,49,115" hai1="98,10,5,44,4,82,27,107,91,56,36,123,55" hai2="130,99,122,29,52,78,53,66,23,120,7,19,83" hai3="67,68,17,65,97,124,41,74,134,43,13,50,40"/><V8/><F130/><W117/><G74/><T25/><D25/><U86/><E123/><V11/><F29/><W77/><G68/><T33/><D49/><U128/><E128/><V92/><F66/><N who="3" m="25099" /><G117/><T15/><D15/><U54/><E27/><N who="2" m="14847" /><F122/><W0/><G0/><T26/><D48/><N who="1" m="28935" /><E107/><V108/><F120/><W94/><G124/><T109/><D26/><U62/><E36/><V45/><F108/><W59/><G134/><T110/><D112/><U39/><E39/><V87/><F45/><N who="3" m="25895" /><G77/><T132/><D132/><U106/><E106/><V2/><F2/><W100/><G59/><T103/><D103/><U96/><E10/><AGARI ba="1,1" hai="10,13,17,41,43,94,97,100" m="25895,25099" machi="10" ten="30,1000,0" yaku="8,1" doraHai="84" who="3" fromWho="1" sc="271,0,321,-13,165,0,233,23" /><INIT seed="3,0,0,1,3,40" ten="271,308,165,256" oya="3" hai0="64,127,54,55,89,86,126,52,46,79,5,115,69" hai1="110,67,47,96,20,48,43,114,78,32,50,13,35" hai2="68,111,108,18,113,88,131,58,73,7,33,65,9" hai3="97,37,85,121,134,135,98,90,94,125,75,66,103"/><W61/><G37/><T14/><D115/><U12/><E114/><V34/><F113/><W122/><G61/><T107/><D107/><U44/><E110/><V101/><F73/><W77/><G66/><T70/><D79/><U39/><E39/><V56/><F101/><W117/><G117/><T116/><D116/><U72/><E67/><V60/><F131/><W41/><G41/><T132/><D132/><N who="3" m="50729" /><G125/><N who="0" m="47627" /><D14/><U36/><E36/><V6/><F18/><W8/><G8/><T102/><D102/><U21/><E96/><N who="3" m="36970" /><G103/><T112/><D5/><U129/><E129/><V81/><F6/><W25/><G25/><T93/><D112/><U11/><E11/><V133/><F133/><W99/><G99/><T62/><D70/><U84/><E72/><V51/><F68/><W0/><G0/><T71/><D69/><U80/><E12/><V106/><F33/><W118/><G118/><T128/><D128/><U16/><E21/><V124/><F34/><W17/><G17/><T104/><D104/><U45/><E35/><V123/><F106/><W22/><G22/><T2/><D2/><U92/><E32/><V82/><F124/><W74/><G74/><T57/><D71/><U27/><E27/><V28/><F60/><W59/><G59/><N who="2" m="22569" /><F65/><W26/><G26/><T120/><D64/><U105/><E105/><V95/><F9/><W29/><G29/><T119/><D119/><U130/><E130/><V15/><F15/><W10/><G10/><T42/><D62/><U76/><E43/><V31/><F31/><W24/><G24/><T53/><N who="0" m="13312" /><DORA hai="100" /><T38/><D57/><RYUUKYOKU ba="0,0" sc="271,15,308,-15,165,-15,256,15" hai0="38,42,46,86,89,93,120" hai3="75,77,85,90,94,121,122" /><INIT seed="3,1,0,5,1,76" ten="286,293,150,271" oya="3" hai0="14,57,96,24,129,85,29,114,10,128,102,4,90" hai1="60,5,119,121,91,6,103,49,92,37,73,33,98" hai2="41,81,70,46,25,20,12,27,11,68,124,16,0" hai3="7,94,31,80,125,26,111,75,82,66,48,95,3"/><W65/><G75/><T116/><D116/><U2/><E37/><V113/><F113/><W88/><G3/><T100/><D114/><U109/><E33/><V112/><F112/><W8/><G125/><T36/><D36/><U13/><E121/><V30/><F124/><W77/><G77/><T62/><D128/><U64/><E119/><V43/><F43/><W1/><G48/><T18/><D4/><U127/><E127/><V28/><F81/><W118/><G118/><T83/><D96/><U93/><E73/><V21/><REACH who="2" step="1"/><F0/><REACH who="2" ten="286,293,140,271" step="2"/><W107/><G1/><T79/><D129/><U72/><E2/><V120/><F120/><W67/><G111/><T97/><D79/><U47/><E109/><V59/><F59/><W117/><G117/><T84/><D84/><N who="1" m="52327" /><E72/><V115/><F115/><W51/><G82/><T23/><REACH who="0" step="1"/><D97/><REACH who="0" ten="276,293,140,271" step="2"/><U34/><E98/><V54/><F54/><AGARI ba="1,2" hai="10,14,18,23,24,29,54,57,62,83,85,90,100,102" machi="54" ten="30,8000,1" yaku="1,1,2,1,7,1,8,1,52,1,53,0" doraHai="76" doraHaiUra="45" who="0" fromWho="2" sc="276,103,293,0,140,-83,271,0" /><INIT seed="4,0,0,2,1,5" ten="379,293,57,271" oya="0" hai0="93,57,66,52,34,75,91,133,22,50,26,0,119" hai1="10,94,23,120,90,107,54,39,12,32,83,61,74" hai2="88,116,108,18,95,30,77,81,49,33,109,114,35" hai3="6,129,132,134,55,135,78,1,45,76,37,72,29"/><T67/><D0/><U48/><E32/><V15/><F116/><W106/><G106/><T27/><D119/><U38/><E107/><V11/><F114/><W103/><G103/><T56/><D75/><U104/><E104/><V80/><F80/><W2/><G129/><T4/><D133/><U118/><E118/><V92/><F92/><W115/><G115/><T58/><D34/><U130/><E120/><V125/><F125/><W59/><G29/><T100/><D4/><U126/><E126/><V68/><F68/><W122/><G122/><T127/><D100/><U101/><E130/><V124/><F124/><W16/><G16/><T99/><D127/><U25/><E61/><V14/><F49/><N who="3" m="31215" /><G72/><T84/><D99/><U86/><E101/><V36/><F36/><W28/><G28/><T3/><D27/><U7/><E94/><V60/><F35/><W82/><G82/><T79/><D79/><N who="3" m="30249" /><G6/><T21/><D21/><U128/><E74/><V44/><F33/><W31/><G31/><N who="0" m="17879" /><D3/><U71/><E71/><V121/><F121/><W69/><G69/><T85/><D85/><U13/><E13/><V24/><F15/><W47/><G37/><T97/><D97/><U53/><E128/><V131/><F131/><W41/><G2/><T63/><D63/><U40/><E39/><V51/><F60/><W123/><G1/><T89/><D89/><U102/><E102/><V73/><F30/><W70/><G70/><T64/><AGARI ba="0,0" hai="50,52,56,57,58,64,66,67,84,91,93" m="17879" machi="64" ten="30,3000,0" yaku="8,1,54,1" doraHai="5" who="0" fromWho="0" sc="379,30,293,-10,57,-10,271,-10" /><INIT seed="4,1,0,0,4,35" ten="409,283,47,261" oya="0" hai0="22,98,82,104,89,6,53,2,81,51,11,3,0" hai1="60,133,68,113,44,77,56,91,47,116,70,67,114" hai2="69,130,18,92,85,61,122,110,108,109,86,115,32" hai3="38,36,121,107,17,94,132,129,19,126,50,10,106"/><T127/><D127/><U24/><E77/><V97/><F32/><W76/><G76/><T16/><D81/><U52/><E91/><N who="2" m="55455" /><F18/><W78/><G78/><T83/><D83/><U28/><E116/><V49/><F69/><N who="1" m="26729" /><E24/><V111/><F61/><W31/><G50/><T42/><D42/><U1/><E1/><V73/><F49/><W80/><G94/><T7/><D7/><U5/><E5/><V45/><F45/><N who="1" m="17481" /><E28/><V66/><F66/><W58/><G80/><T46/><D82/><U33/><E33/><V134/><F108/><W120/><G31/><T124/><D124/><U57/><E133/><V12/><F12/><W99/><G10/><T40/><D40/><U8/><E8/><V119/><F73/><W117/><G126/><T23/><D23/><U41/><E41/><V26/><F26/><W125/><G125/><T128/><D104/><U29/><E29/><V62/><F119/><W79/><G117/><T30/><D30/><U20/><E20/><V4/><F4/><W103/><G79/><T84/><D98/><U118/><E118/><V34/><F34/><W71/><G99/><T95/><REACH who="0" step="1"/><D128/><REACH who="0" ten="399,283,47,261" step="2"/><U48/><AGARI ba="1,1" hai="48,52,56,57,60,67,113,114" m="17481,26729" machi="48" ten="40,5200,0" yaku="34,2,54,1" doraHai="35" who="1" fromWho="1" sc="399,-27,283,65,47,-14,261,-14" /><INIT seed="5,0,0,2,5,110" ten="372,348,33,247" oya="1" hai0="34,130,93,48,28,51,123,89,13,88,100,90,121" hai1="81,45,25,128,33,98,50,60,53,75,127,18,115" hai2="118,78,62,109,52,87,111,23,24,99,12,132,49" hai3="102,76,105,56,21,16,106,0,47,135,29,79,61"/><U37/><E128/><V104/><F118/><W96/><G0/><T31/><D130/><U101/><E127/><V64/><F132/><W46/><G106/><T15/><D100/><U83/><E75/><V59/><F12/><N who="0" m="4682" /><D93/><U1/><E1/><V42/><F42/><W17/><G29/><N who="0" m="11339" /><D34/><U73/><E73/><V66/><F66/><W26/><G17/><T41/><D41/><U30/><E18/><V119/><F119/><W112/><G112/><T40/><D40/><U6/><E6/><V84/><F84/><W36/><G135/><T85/><D85/><U91/><E91/><V97/><F104/><W92/><G105/><T126/><D126/><U39/><E115/><V5/><F5/><W71/><G71/><T7/><D7/><U4/><E4/><V67/><F67/><N who="3" m="39335" /><G36/><T125/><D125/><U117/><E117/><V32/><F32/><W19/><G19/><T103/><D103/><U20/><E33/><V11/><F11/><W72/><G72/><T95/><D95/><N who="1" m="58591" /><E39/><V54/><F111/><W70/><G70/><T124/><D124/><U9/><E9/><V108/><F108/><W129/><G129/><T22/><D22/><U55/><E37/><V80/><F109/><W35/><G35/><T74/><D74/><U38/><E38/><V27/><F64/><W134/><G134/><T65/><D65/><U10/><E10/><V82/><F23/><W58/><G79/><T113/><D113/><U2/><E2/><V114/><F114/><W107/><G76/><T43/><D43/><U77/><E77/><V63/><F78/><W133/><G133/><RYUUKYOKU ba="0,0" sc="372,15,348,15,33,-15,247,-15" hai0="48,51,88,89,90,121,123" hai1="20,25,30,45,50,53,55,60,81,83" /><INIT seed="5,1,0,2,1,32" ten="387,363,18,232" oya="1" hai0="38,94,14,60,101,40,61,107,20,63,73,21,4" hai1="59,42,46,7,27,77,86,26,114,106,98,100,123" hai2="16,80,15,36,55,70,39,31,128,116,121,120,3" hai3="132,8,12,45,113,48,95,6,11,23,125,22,37"/><U124/><E123/><V33/><F116/><W30/><G37/><T75/><D107/><U10/><E114/><V119/><F119/><W115/><G125/><T1/><D1/><U34/><E34/><V122/><F3/><N who="3" m="95" /><G95/><T85/><D40/><U74/><E124/><V25/><F128/><W133/><G48/><T49/><D38/><U112/><E112/><N who="3" m="43082" /><G45/><T118/><D118/><U117/><E117/><V66/><F55/><W103/><G103/><T84/><D49/><U76/><E59/><V13/><F13/><W104/><G104/><T62/><D101/><U93/><E106/><V130/><F130/><W41/><G41/><T78/><N who="0" m="15360" /><DORA hai="83" /><T9/><D94/><U35/><E35/><V91/><F66/><W44/><G44/><T24/><D75/><U109/><E74/><V90/><F70/><W105/><G105/><T29/><REACH who="0" step="1"/><D21/><REACH who="0" ten="377,363,18,232" step="2"/><N who="3" m="7689" /><G30/><T102/><D102/><U79/><E42/><V126/><F126/><W58/><G58/><T72/><D72/><U57/><E57/><V99/><F120/><W5/><AGARI ba="1,1" hai="5,11,12,132,133" m="7689,43082,95" machi="5" ten="30,7900,0" yaku="15,1,34,2,52,1" doraHai="32,83" who="3" fromWho="3" sc="377,-21,363,-40,18,-21,232,92" owari="356,46.0,323,-8.0,-3,-50.0,324,12.0" /></mjloggm>