<mjloggm ver="2.3"><GO type="169" lobby="0"/><UN n0="%E7%84%BC%E9%B3%A5%E5%90%8D%E7%84%A1%E3%81%97%E3%81%95%E3%82%93" n1="%E3%82%A6%E3%83%AB%E3%83%88%E3%83%A9%E7%AB%8B%E7%9B%B4" n2="%E3%81%84%E3%81%97%E3%82%82%E3%82%8A" n3="%6E%62%34%39" dan="16,17,16,16" rate="2112.06,2148.14,2098.01,2061.38" sx="M,M,M,M"/><TAIKYOKU oya="0"/><INIT seed="0,0,0,1,0,73" ten="250,250,250,250" oya="0" hai0="34,87,99,68,112,53,7,130,108,91,84,71,77" hai1="83,74,85,50,94,30,29,33,10,66,5,15,111" hai2="133,88,51,39,44,31,3,122,95,131,36,41,35" hai3="17,21,101,82,11,102,54,134,80,72,13,81,135"/><T67/><D112/><U55/><E111/><V121/><F3/><W0/><G72/><T125/><D34/><U119/><E119/><V52/><F133/><N who="3" m="50699" /><G54/><T109/><D130/><U37/><E37/><V40/><F131/><W97/><G97/><T28/><D125/><U115/><E115/><V75/><F75/><W59/><G59/><T124/><D124/><U64/><E74/><V103/><F103/><N who="3" m="39435" /><G0/><T23/><D7/><U69/><E94/><V49/><F41/><W120/><G120/><T61/><D71/><U8/><E8/><AGARI ba="0,0" hai="8,11,13,17,21,80,81,82" m="39435,50699" machi="8" ten="40,1300,0" yaku="20,1" doraHai="73" who="3" fromWho="1" sc="250,0,250,-13,250,0,250,13" /><INIT seed="1,0,0,1,1,53" ten="250,237,250,263" oya="1" hai0="57,121,29,87,72,86,96,52,30,50,63,17,11" hai1="99,0,65,22,36,108,90,70,60,21,1,109,64" hai2="91,127,61,114,112,78,94,119,20,28,7,2,81" hai3="124,27,34,76,23,106,47,79,126,134,69,14,89"/><U31/><E36/><V107/><F107/><W100/><G134/><T42/><D72/><U125/><E125/><V18/><F127/><W118/><G69/><T83/><D121/><U129/><E129/><V135/><F119/><W74/><G118/><T130/><D130/><U59/><E70/><V103/><F135/><W43/><G76/><T122/><D122/><U110/><E65/><V77/><F28/><W85/><G79/><T67/><D42/><U120/><E120/><V111/><F111/><W49/><G74/><T102/><D11/><U66/><E66/><V5/><F103/><W24/><G24/><T55/><D17/><U10/><E10/><N who="2" m="2359" /><F61/><W16/><G100/><T15/><D15/><U123/><E123/><V62/><F62/><W115/><G106/><T92/><D55/><U80/><E31/><N who="0" m="11785" /><D83/><U93/><REACH who="1" step="1"/><E80/><REACH who="1" ten="250,227,250,263" step="2"/><V84/><F81/><W37/><G37/><T25/><D25/><U44/><E44/><AGARI ba="0,1" hai="44,50,52,57,63,67,86,87,92,96,102" m="11785" machi="44" ten="30,3900,0" yaku="8,1,52,1,54,1" doraHai="53" who="0" fromWho="1" sc="250,49,227,-39,250,0,263,0" /><INIT seed="2,0,0,4,5,117" ten="299,188,250,263" oya="2" hai0="1,89,28,14,52,66,67,111,57,99,84,7,91" hai1="79,132,65,18,87,69,124,48,97,122,118,51,110" hai2="37,62,53,40,23,73,92,129,128,25,44,70,93" hai3="3,107,19,58,74,54,105,96,123,20,72,55,42"/><V102/><F73/><W88/><G3/><T119/><D1/><U47/><E118/><V71/><F71/><W75/><G42/><T34/><D119/><U11/><E69/><V9/><F9/><W15/><G123/><T27/><D111/><U0/><E110/><V101/><F93/><W100/><G105/><T26/><D26/><U31/><E124/><V17/><F92/><W39/><G39/><T2/><D2/><U114/><E114/><V13/><F13/><W83/><REACH who="3" step="1"/><G58/><REACH who="3" ten="299,188,250,253" step="2"/><T24/><D57/><U120/><E0/><V131/><REACH who="2" step="1"/><F53/><REACH who="2" ten="299,188,240,253" step="2"/><W32/><G32/><T49/><D52/><U61/><E122/><V103/><F103/><W68/><G68/><T82/><D34/><U109/><E120/><V94/><F94/><W133/><G133/><T95/><D67/><AGARI ba="0,2" hai="17,23,25,37,40,44,62,67,70,101,102,128,129,131" machi="67" ten="40,12000,1" yaku="1,1,19,1,53,3" doraHai="117" doraHaiUra="126" who="2" fromWho="0" sc="299,-120,188,0,240,140,253,0" /><INIT seed="2,1,0,3,0,84" ten="179,188,380,253" oya="2" hai0="76,22,75,134,21,46,98,81,38,58,112,93,87" hai1="83,119,115,135,16,124,27,10,85,66,102,64,123" hai2="128,0,43,80,68,104,32,52,101,94,11,6,49" hai3="109,105,45,72,107,42,25,48,97,91,20,106,7"/><V34/><F104/><W33/><G109/><T39/><D112/><U69/><E119/><V56/><F68/><W108/><G108/><T47/><D134/><U41/><E115/><V18/><F128/><W9/><G33/><T127/><D127/><U116/><E116/><V122/><F122/><W12/><G72/><T30/><D75/><U89/><E124/><V13/><F80/><W95/><REACH who="3" step="1"/><G107/><REACH who="3" ten="179,188,380,243" step="2"/><T4/><D4/><U28/><E123/><V73/><F73/><W17/><AGARI ba="1,1" hai="7,9,12,17,20,25,42,45,48,91,95,97,105,106" machi="17" ten="20,8000,1" yaku="1,1,2,1,0,1,7,1,52,1,53,0" doraHai="84" doraHaiUra="74" who="3" fromWho="3" sc="179,-21,188,-21,380,-41,243,93" /><INIT seed="3,0,0,1,4,31" ten="158,167,339,336" oya="3" hai0="42,115,8,108,56,100,46,86,64,83,134,98,24" hai1="110,132,50,126,18,53,80,63,13,74,67,87,33" hai2="5,29,81,73,11,28,16,66,17,99,85,35,70" hai3="91,69,77,88,43,14,26,116,112,117,58,19,2"/><W32/><G69/><T68/><D108/><U105/><E105/><V119/><F73/><W82/><G2/><T96/><D68/><U57/><E110/><V103/><F119/><W65/><G112/><T37/><D115/><U38/><E38/><V114/><F114/><W123/><G43/><T135/><D8/><U25/><E126/><V20/><F66/><W6/><G123/><T23/><D64/><U36/><E36/><V128/><F70/><W130/><G130/><T95/><D56/><U131/><E131/><V54/><F54/><W124/><G124/><T49/><D96/><U48/><E74/><V27/><F29/><W92/><G6/><T79/><REACH who="0" step="1"/><D37/><REACH who="0" ten="148,167,339,336" step="2"/><U0/><E0/><V44/><F128/><W89/><G58/><T71/><D71/><U15/><E132/><V122/><F122/><W51/><G65/><T52/><D52/><U9/><E53/><V22/><F99/><W127/><G127/><T102/><D102/><U118/><E118/><V75/><F103/><W120/><G116/><T34/><D34/><U1/><E1/><V121/><F121/><W113/><G117/><T30/><AGARI ba="0,1" hai="23,24,30,42,46,49,79,83,86,95,98,100,134,135" machi="30" ten="30,4000,0" yaku="1,1,0,1,53,1" doraHai="31" doraHaiUra="41" who="0" fromWho="0" sc="148,50,167,-10,339,-10,336,-20" /><INIT seed="4,0,0,5,4,116" ten="198,157,329,316" oya="0" hai0="106,104,49,36,28,117,42,7,65,6,67,38,59" hai1="86,121,69,43,114,34,31,95,24,80,55,41,92" hai2="62,9,68,60,111,32,20,12,133,113,135,126,115" hai3="72,22,105,54,108,81,52,123,125,23,30,35,29"/><T91/><D117/><U75/><E69/><V39/><F111/><W44/><G105/><N who="0" m="40555" /><D91/><U48/><E75/><V16/><F39/><N who="0" m="14890" /><D59/><U77/><E114/><N who="2" m="43531" /><F126/><W40/><G108/><T1/><D49/><U71/><E71/><V18/><F32/><W51/><G125/><T120/><D42/><U99/><E121/><V97/><F97/><W129/><G129/><T26/><D26/><U132/><E132/><N who="2" m="50763" /><F68/><W2/><G40/><T94/><D94/><U27/><E27/><AGARI ba="0,0" hai="9,12,16,18,20,27,60,62" m="50763,43531" machi="27" ten="30,3900,0" yaku="15,1,20,1,54,1" doraHai="116" who="2" fromWho="1" sc="198,0,157,-39,329,39,316,0" /><INIT seed="5,0,0,4,5,119" ten="198,118,368,316" oya="1" hai0="114,1,0,91,46,108,78,135,87,21,71,57,28" hai1="45,35,66,77,15,48,115,54,37,88,126,9,68" hai2="130,75,50,92,41,20,73,34,7,51,134,94,60" hai3="93,8,4,121,86,2,127,27,118,31,19,42,22"/><U17/><E126/><V116/><F34/><W102/><G127/><T110/><D108/><U104/><E115/><V69/><F116/><W109/><G109/><T72/><D110/><U12/><E104/><V25/><F7/><W95/><G118/><T16/><D71/><U6/><E35/><V26/><F134/><W49/><G121/><T70/><D70/><U56/><E77/><V55/><F69/><W47/><G102/><T89/><D114/><U82/><E68/><V58/><F130/><W99/><G99/><T98/><D72/><U113/><E113/><V105/><F105/><W64/><G64/><T133/><D28/><U111/><E111/><V83/><F83/><W125/><G125/><T97/><D78/><U117/><E117/><V128/><F128/><W52/><G86/><T65/><D46/><U81/><E37/><V107/><F107/><W53/><G53/><T33/><D33/><U5/><E5/><V30/><F75/><W96/><G96/><N who="0" m="36971" /><D57/><U18/><E88/><N who="0" m="33865" /><D65/><U101/><E101/><V131/><F131/><W11/><G42/><T103/><D87/><U90/><E90/><V36/><F36/><W79/><G79/><T59/><D59/><U3/><E3/><N who="0" m="1097" /><D103/><U123/><E123/><V32/><F73/><W100/><G100/><T39/><D39/><U10/><REACH who="1" step="1"/><E6/><REACH who="1" ten="198,108,368,316" step="2"/><V76/><F76/><W63/><G4/><T124/><D124/><U80/><E80/><V120/><F120/><W38/><G38/><T85/><D85/><U132/><E132/><V61/><F32/><W129/><G129/><T43/><D135/><U24/><E24/><RYUUKYOKU ba="0,1" sc="198,-10,108,30,368,-10,316,-10" hai1="9,10,12,15,17,18,45,48,54,56,66,81,82" /><INIT seed="5,1,1,2,0,53" ten="188,138,358,306" oya="1" hai0="106,7,3,42,57,128,4,88,54,124,112,102,126" hai1="87,77,80,26,98,75,33,131,90,108,55,125,28" hai2="13,100,10,45,110,93,94,12,89,70,49,0,5" hai3="92,56,11,52,123,15,23,101,6,68,114,63,27"/><U41/><E125/><N who="0" m="48233" /><D112/><U67/><E131/><V44/><F110/><W71/><G114/><T36/><D128/><U130/><E130/><V132/><F70/><W107/><G107/><T74/><D74/><U129/><E129/><V43/><F132/><W9/><G123/><T113/><D113/><U134/><E134/><V32/><F32/><W34/><G34/><T97/><D3/><U59/><E108/><V60/><F60/><W119/><G119/><T47/><D88/><U58/><E41/><V115/><F115/><W111/><G111/><T72/><D72/><U8/><E98/><V40/><F100/><W14/><G92/><T116/><D116/><U96/><E96/><V69/><F94/><W76/><G76/><T105/><D105/><U35/><E35/><V37/><F69/><W86/><G86/><AGARI ba="1,1" hai="0,5,10,12,13,37,40,43,44,45,49,86,89,93" machi="86" ten="30,1000,0" yaku="7,1" doraHai="53" who="2" fromWho="3" sc="188,0,138,0,358,23,306,-13" /><INIT seed="6,0,0,4,0,120" ten="188,138,381,293" oya="2" hai0="117,126,106,77,68,20,31,108,51,64,18,42,129" hai1="113,76,28,9,15,66,2,45,103,3,89,52,122" hai2="81,48,85,88,83,86,11,50,92,99,132,101,61" hai3="87,53,110,74,24,112,40,32,71,34,116,33,54"/><V26/><F132/><W41/><G74/><T98/><D31/><U36/><E122/><V111/><F111/><W21/><G116/><T94/><D106/><U80/><E113/><V91/><F61/><W59/><G71/><T29/><D29/><U123/><E123/><V124/><F124/><W46/><G110/><T118/><D126/><U70/><E103/><V6/><REACH who="2" step="1"/><F26/><REACH who="2" ten="188,138,371,293" step="2"/><W95/><G24/><T127/><D108/><U8/><E70/><V104/><F104/><W65/><G112/><T55/><D127/><U25/><E25/><V135/><F135/><W22/><G65/><T125/><D64/><U107/><E66/><V102/><F102/><W17/><G34/><T93/><D125/><U35/><E107/><V121/><F121/><W13/><G33/><T133/><D133/><U119/><E35/><V57/><F57/><W130/><G59/><T90/><D68/><U63/><E119/><V47/><F47/><W43/><G46/><T58/><D58/><U0/><E63/><V7/><F7/><W97/><G32/><T134/><D134/><U5/><E45/><V75/><F75/><W30/><G30/><T16/><D118/><U96/><E5/><V56/><F56/><W49/><G130/><T37/><D129/><U60/><E60/><V69/><F69/><W100/><G22/><T79/><D20/><U73/><E73/><V38/><F38/><W44/><G44/><T4/><D37/><U82/><E36/><V78/><F78/><W27/><G27/><T1/><D79/><U23/><E76/><V12/><AGARI ba="0,1" hai="6,11,12,48,50,81,83,85,86,88,91,92,99,101" machi="12" ten="20,18000,2" yaku="1,1,0,1,7,1,9,1,8,1,54,1,53,0" doraHai="120" doraHaiUra="128" who="2" fromWho="2" sc="188,-60,138,-60,371,190,293,-60" /><INIT seed="6,1,0,0,1,112" ten="128,78,561,233" oya="2" hai0="69,71,51,9,58,19,80,133,126,4,102,100,37" hai1="121,74,115,72,109,122,41,33,53,92,131,15,10" hai2="117,129,8,79,98,36,17,106,82,52,65,47,110" hai3="84,56,60,35,39,31,64,128,7,134,73,61,90"/><V29/><F117/><W66/><G73/><N who="1" m="28266" /><E33/><V30/><F129/><W46/><G134/><T28/><D37/><U49/><E41/><V99/><F65/><W95/><G128/><T3/><D133/><U23/><E23/><V50/><F36/><W127/><G127/><T111/><D126/><U20/><E20/><V42/><F42/><W76/><G76/><T59/><D111/><U1/><E92/><V54/><F54/><W83/><G7/><T14/><D28/><U97/><E97/><V68/><F68/><W38/><G46/><T2/><D2/><U78/><E78/><V57/><F47/><W6/><G6/><T22/><D59/><N who="1" m="33199" /><E1/><V89/><F106/><W135/><G135/><T114/><D71/><U48/><E48/><V113/><F113/><W67/><G67/><T116/><D69/><U101/><E101/><V96/><F89/><W87/><G31/><T43/><D114/><U16/><E115/><V86/><F110/><W24/><G35/><T25/><D116/><U103/><E109/><V75/><F75/><W34/><G34/><T108/><D108/><U11/><E103/><V119/><F119/><W77/><G24/><T130/><D130/><U70/><E70/><AGARI ba="1,0" hai="38,39,56,60,61,64,66,70,77,83,84,87,90,95" machi="70" ten="30,1000,0" yaku="7,1" doraHai="112" who="3" fromWho="1" sc="128,0,78,-13,561,0,233,13" /><INIT seed="7,0,0,2,2,52" ten="128,65,561,246" oya="3" hai0="130,60,75,122,119,84,106,23,127,134,71,82,98" hai1="15,36,51,38,88,89,3,120,117,59,107,67,27" hai2="85,2,72,129,112,66,126,12,46,61,4,69,9" hai3="39,41,7,86,81,45,125,105,124,115,101,28,95"/><W14/><G115/><T114/><D23/><U18/><E3/><V110/><F110/><W31/><G105/><T54/><D54/><U1/><E1/><V123/><F72/><W118/><G118/><T42/><D60/><U94/><E107/><V43/><F112/><W21/><G95/><T11/><D42/><U103/><E120/><V40/><F126/><N who="3" m="48747" /><G101/><T111/><D11/><U109/><E109/><V50/><F123/><W77/><G21/><T132/><D84/><U25/><E117/><V133/><F2/><W13/><G13/><T70/><D98/><N who="1" m="59863" /><E38/><V29/><F12/><W44/><G44/><T93/><D93/><U24/><E36/><V135/><F46/><W76/><G76/><T5/><D127/><U22/><E51/><V102/><F50/><W96/><G96/><T65/><D122/><U121/><E121/><V16/><F9/><W47/><G47/><T116/><D116/><U113/><E113/><V100/><F102/><W91/><G45/><T62/><D119/><U53/><E53/><V128/><F100/><W26/><G41/><T80/><D114/><U49/><E49/><V55/><F43/><W19/><G39/><T90/><D106/><U32/><E32/><V34/><F40/><W99/><G31/><T83/><D75/><U87/><E87/><V6/><F29/><W10/><G28/><T131/><D111/><U0/><E0/><V108/><F108/><W97/><G86/><T8/><D71/><U56/><E67/><V17/><F85/><W33/><G33/><T37/><D65/><U35/><E35/><V57/><F34/><RYUUKYOKU ba="0,0" sc="128,-10,65,30,561,-10,246,-10" hai1="15,18,22,24,25,27,56,59,88,89" owari="118,-28.0,95,-40.0,551,64.0,236,4.0" /></mjloggm>