<mjloggm ver="2.3"><GO type="169" lobby="0"/><UN n0="%E3%83%9F%E3%83%A9%E3%82%AF%E3%83%AB%E3%81%8A%E3%81%98%E3%81%95%E3%82%93" n1="%E4%B8%AD%E3%81%AE%E4%B8%8A" n2="%E3%81%AA%E3%81%BE%E3%81%AF%E3%81%92%E3%83%AA%E3%83%BC%E3%83%81%E2%98%86" n3="%E3%83%88%E3%83%88%E3%83%AA%E5%85%88%E7%94%9F%31%39%E6%AD%B3" dan="16,16,18,19" rate="2109.10,2109.43,2204.76,2248.31" sx="M,M,M,F"/><TAIKYOKU oya="0"/><INIT seed="0,0,0,4,3,32" ten="250,250,250,250" oya="0" hai0="31,21,133,123,69,100,65,36,56,71,95,93,99" hai1="39,41,114,47,3,91,102,92,1,135,87,20,132" hai2="101,116,54,131,59,109,61,2,34,17,26,67,38" hai3="85,4,35,23,68,27,117,126,82,51,78,37,104"/><T55/><D123/><U58/><E114/><V97/><F38/><W70/><G117/><T111/><D36/><U49/><E102/><V118/><F109/><W64/><G37/><T115/><D115/><U103/><E103/><V60/><F131/><W10/><G104/><T11/><D133/><N who="1" m="51275" /><E20/><V45/><F2/><N who="1" m="521" /><E39/><V50/><F61/><W127/><G35/><T122/><D122/><U7/><E58/><V72/><F34/><W107/><G107/><T129/><D129/><U12/><E12/><V40/><F59/><W113/><G113/><T15/><D111/><U88/><E91/><V43/><F101/><W16/><G70/><T119/><D69/><U106/><E106/><V80/><F118/><W42/><G68/><T84/><D71/><U25/><E25/><V28/><F26/><W8/><G8/><T90/><D11/><U110/><E110/><V5/><F116/><W134/><G134/><T44/><D15/><U96/><E7/><V19/><F5/><W14/><G64/><T63/><D65/><U94/><E94/><V52/><F67/><W18/><G18/><T24/><D119/><U33/><E33/><V125/><F17/><W73/><G4/><T83/><D44/><U81/><E81/><AGARI ba="0,0" hai="21,24,31,55,56,63,81,83,84,90,93,95,99,100" machi="81" ten="40,2000,0" yaku="8,1" doraHai="32" who="0" fromWho="1" sc="250,20,250,-20,250,0,250,0" /><INIT seed="0,1,0,1,2,95" ten="270,230,250,250" oya="0" hai0="123,16,125,84,75,99,77,101,49,67,131,0,1" hai1="135,90,81,5,52,116,102,42,86,25,113,106,91" hai2="115,36,94,78,72,89,121,53,28,7,111,79,85" hai3="57,104,34,114,27,18,74,128,20,60,112,120,76"/><T70/><D123/><U59/><E116/><V118/><F36/><W45/><G120/><T6/><D75/><U69/><E69/><V68/><F68/><W55/><G128/><T22/><D131/><U98/><E135/><V105/><F121/><W39/><G104/><T88/><D125/><U97/><E42/><V65/><F65/><W56/><G34/><T31/><D77/><U12/><E113/><V82/><F115/><W10/><G39/><T134/><D31/><U24/><E91/><V127/><F111/><W124/><G124/><T73/><D73/><U21/><E98/><V37/><F37/><W63/><G45/><T48/><D134/><U40/><E40/><V11/><F127/><W38/><G38/><T14/><D67/><U13/><E5/><V47/><F118/><W30/><G76/><T108/><D70/><U117/><E117/><V92/><F105/><W17/><G74/><T2/><D108/><U80/><E80/><V96/><F28/><W133/><G133/><T66/><D66/><U109/><E109/><V110/><F110/><W8/><G112/><T119/><D119/><U58/><E58/><V103/><F79/><W41/><G41/><T3/><N who="0" m="512" /><DORA hai="93" /><T87/><D6/><U26/><REACH who="1" step="1"/><E21/><REACH who="1" ten="270,220,250,250" step="2"/><V132/><F132/><W130/><G114/><T19/><D88/><U107/><E107/><V122/><F122/><W32/><G130/><T71/><D71/><U61/><AGARI ba="1,1" hai="12,13,24,25,26,52,59,61,81,86,90,97,102,106" machi="61" ten="30,8000,1" yaku="1,1,0,1,52,2,54,1,53,0" doraHai="95,93" doraHaiUra="44,4" who="1" fromWho="1" sc="270,-41,220,93,250,-21,250,-21" /><INIT seed="1,0,0,5,4,67" ten="229,313,229,229" oya="1" hai0="80,65,84,2,54,89,105,57,12,3,134,50,34" hai1="82,91,94,119,79,102,74,29,132,53,25,58,78" hai2="115,22,76,47,26,11,130,66,77,14,37,93,24" hai3="55,16,106,6,112,35,113,88,17,124,43,19,60"/><U114/><E119/><V46/><F130/><W71/><G106/><T8/><D34/><U1/><E114/><V59/><F115/><W10/><G35/><T104/><D134/><U36/><E36/><V117/><F117/><W63/><G124/><T116/><D116/><U31/><E132/><V118/><F118/><W128/><G128/><T69/><D105/><U98/><E1/><V70/><F70/><W64/><G43/><T86/><D104/><U9/><E79/><V73/><F73/><W38/><G38/><T21/><D21/><U125/><E125/><V111/><F111/><W95/><G55/><T23/><D23/><U100/><E9/><V110/><F93/><W126/><G63/><T85/><D2/><U97/><E25/><V99/><F99/><W123/><G123/><T103/><D103/><U7/><E7/><N who="2" m="3455" /><F37/><W101/><G101/><T120/><D3/><U49/><REACH who="1" step="1"/><E91/><REACH who="1" ten="229,303,229,229" step="2"/><V42/><F26/><W4/><G126/><T135/><D135/><U5/><E5/><V13/><F24/><W127/><G4/><T27/><D27/><U83/><E83/><V51/><F76/><W39/><G39/><T52/><D89/><U96/><E96/><V121/><F77/><W107/><G127/><T72/><D80/><U87/><E87/><V92/><F22/><W131/><G131/><T41/><D85/><U133/><E133/><V32/><F32/><W33/><G33/><T40/><D84/><U81/><E81/><V30/><F13/><N who="3" m="5335" /><G112/><T62/><D12/><U108/><E108/><V68/><F110/><W18/><N who="3" m="4096" /><DORA hai="90" /><W28/><G113/><RYUUKYOKU ba="0,1" sc="229,-10,303,30,229,-10,229,-10" hai1="29,31,49,53,58,74,78,82,94,97,98,100,102" /><INIT seed="1,1,1,0,1,8" ten="219,333,219,219" oya="1" hai0="121,81,14,135,19,18,62,1,65,36,97,5,127" hai1="88,129,58,115,61,89,32,24,4,82,128,49,117" hai2="72,21,118,109,120,108,38,125,2,29,30,83,113" hai3="134,64,10,44,66,41,130,91,37,60,28,12,90"/><U100/><E117/><V50/><F38/><W48/><G130/><N who="1" m="50282" /><E115/><V123/><F50/><W87/><G134/><T122/><D36/><U124/><E124/><V116/><F72/><W13/><G28/><N who="2" m="10857" /><F83/><W132/><G132/><T79/><D135/><U78/><E32/><V106/><F106/><W102/><G102/><T68/><D127/><U35/><E35/><V80/><F80/><W99/><G37/><T57/><D68/><U51/><E4/><V131/><F131/><W119/><G119/><N who="2" m="45609" /><F125/><W95/><G10/><N who="0" m="4431" /><D1/><U54/><E24/><V45/><F45/><W86/><G99/><T43/><D97/><U7/><E7/><V56/><F56/><N who="3" m="36871" /><G66/><T47/><D47/><U55/><E100/><V15/><F2/><W42/><G42/><T69/><D43/><U9/><E55/><V84/><F84/><W25/><G25/><T73/><D69/><U71/><E71/><V94/><F94/><AGARI ba="1,1" hai="12,13,41,44,48,86,87,90,91,94,95" m="36871" machi="94" ten="30,3900,0" yaku="8,1,52,2" doraHai="8" who="3" fromWho="2" sc="219,0,333,0,219,-42,219,52" /><INIT seed="2,0,0,1,2,44" ten="219,333,177,271" oya="2" hai0="63,73,59,87,105,35,43,115,111,76,109,67,132" hai1="116,42,130,55,32,36,113,40,117,84,92,93,96" hai2="123,23,28,34,29,54,121,106,57,79,13,127,16" hai3="125,47,107,129,70,135,85,81,64,31,33,61,80"/><V17/><F106/><W19/><G107/><T1/><D115/><U56/><E113/><V78/><F127/><W97/><G125/><T119/><D73/><U128/><E32/><V49/><F17/><W2/><G2/><T3/><D35/><U120/><E84/><V39/><F39/><W86/><G129/><N who="1" m="49770" /><E120/><V26/><REACH who="2" step="1"/><F29/><REACH who="2" ten="219,333,167,271" step="2"/><W134/><G19/><T94/><D105/><U100/><E36/><V9/><F9/><W74/><G31/><T12/><D111/><U10/><E10/><V22/><F22/><W89/><G33/><T51/><D109/><U11/><E11/><V21/><F21/><W122/><G122/><AGARI ba="0,1" hai="13,16,23,26,28,34,49,54,57,78,79,121,122,123" machi="122" ten="40,7700,0" yaku="1,1,52,1,54,1,53,0" doraHai="44" doraHaiUra="71" who="2" fromWho="3" sc="219,0,333,0,167,87,271,-77" /><INIT seed="2,1,0,1,3,103" ten="219,333,254,194" oya="2" hai0="77,115,105,56,119,36,45,61,114,66,5,86,42" hai1="69,20,34,62,26,46,31,64,127,135,111,0,1" hai2="17,44,83,53,48,108,134,85,14,124,120,22,94" hai3="131,12,2,121,97,99,65,123,129,84,110,132,21"/><V113/><F120/><W30/><G2/><T49/><D119/><U54/><E111/><V81/><F113/><W92/><G65/><T19/><D5/><U68/><E135/><V13/><F134/><W39/><G39/><T55/><D105/><U96/><E127/><V100/><F124/><W117/><G12/><T41/><D41/><U32/><E69/><V15/><F108/><W112/><G21/><T118/><D118/><U109/><E109/><V40/><F40/><W95/><G30/><T23/><D77/><U87/><E34/><V125/><F125/><W72/><G110/><T88/><D23/><U59/><E87/><V89/><REACH who="2" step="1"/><F100/><REACH who="2" ten="219,333,244,194" step="2"/><W130/><G132/><T133/><D133/><U28/><E32/><V98/><F98/><W58/><G117/><T29/><D115/><U101/><E96/><V18/><F18/><W16/><G16/><T47/><D19/><U24/><E101/><V3/><F3/><W7/><G130/><T11/><D114/><U52/><E28/><V78/><F78/><W50/><G112/><T122/><D29/><U90/><E26/><AGARI ba="1,1" hai="13,14,15,17,22,26,44,48,53,81,83,85,89,94" machi="26" ten="40,3900,0" yaku="1,1,8,1,53,0" doraHai="103" doraHaiUra="27" who="2" fromWho="1" sc="219,0,333,-42,244,52,194,0" /><INIT seed="2,2,0,0,5,101" ten="219,291,296,194" oya="2" hai0="94,73,56,106,105,36,52,121,129,103,64,19,35" hai1="46,91,83,15,92,1,50,55,112,122,77,34,33" hai2="78,9,17,20,88,82,110,29,18,85,12,16,27" hai3="22,4,84,14,107,134,24,63,125,72,11,45,126"/><V58/><F110/><W32/><G72/><T115/><D121/><U42/><E1/><V76/><REACH who="2" step="1"/><F58/><REACH who="2" ten="219,291,286,194" step="2"/><W30/><G126/><T118/><D56/><U0/><E122/><V68/><F68/><W2/><G125/><T66/><D115/><U95/><E112/><V123/><F123/><W96/><G134/><T127/><D127/><U10/><E34/><V130/><F130/><W109/><G109/><T90/><D35/><U62/><E33/><V79/><AGARI ba="2,1" hai="9,12,16,17,18,20,27,29,76,78,79,82,85,88" machi="79" ten="30,24000,3" yaku="1,1,0,1,8,1,54,2,53,3" doraHai="101" doraHaiUra="75" who="2" fromWho="2" sc="219,-82,291,-82,286,256,194,-82" /><INIT seed="2,3,0,4,3,65" ten="137,209,542,112" oya="2" hai0="118,125,26,112,38,109,34,60,117,80,61,103,126" hai1="52,72,21,132,73,130,54,129,101,95,27,51,98" hai2="116,70,20,96,2,17,77,111,3,113,62,36,41" hai3="93,97,84,18,59,66,6,55,89,37,10,78,122"/><V50/><F116/><N who="0" m="44650" /><D112/><U40/><E132/><V45/><F113/><W120/><G37/><T121/><D121/><U53/><E40/><V14/><F111/><W30/><G30/><N who="0" m="19799" /><D38/><U91/><E51/><V24/><F77/><W68/><G18/><T119/><N who="0" m="44658" /><T106/><DORA hai="76" /><D109/><U69/><E69/><V25/><F36/><W39/><G39/><T85/><D103/><U33/><E33/><V64/><F25/><W83/><G66/><T19/><D19/><N who="1" m="12735" /><E101/><V102/><REACH who="2" step="1"/><F24/><REACH who="2" ten="137,209,532,112" step="2"/><W63/><REACH who="3" step="1"/><G68/><REACH who="3" ten="137,209,532,102" step="2"/><T57/><D126/><U94/><E130/><V107/><AGARI ba="3,2" hai="2,3,14,17,20,41,45,50,62,64,70,96,102,107" machi="107" ten="20,12000,1" yaku="1,1,2,1,0,1,7,1,52,1,53,0" doraHai="65,76" doraHaiUra="133,108" who="2" fromWho="2" sc="137,-43,209,-43,532,149,102,-43" /><INIT seed="2,4,0,5,2,61" ten="94,166,681,59" oya="2" hai0="43,122,125,42,135,92,40,23,130,33,101,129,80" hai1="28,71,60,119,34,120,103,68,66,90,121,19,3" hai2="4,64,93,86,96,6,82,81,29,115,75,72,5" hai3="22,89,116,132,55,49,18,112,108,8,79,53,17"/><V24/><F115/><W98/><G116/><T97/><D33/><U16/><E119/><V54/><F54/><W15/><G108/><T46/><D122/><N who="1" m="47211" /><E3/><V85/><F64/><W104/><G132/><T9/><D135/><U84/><E71/><V44/><F44/><W124/><G124/><T77/><D125/><U31/><E103/><V27/><F96/><W62/><G112/><T67/><D9/><U20/><E34/><V78/><F93/><N who="3" m="56623" /><G104/><T37/><D23/><U106/><E106/><V10/><F10/><W32/><G32/><T102/><D102/><U1/><E1/><V41/><F41/><W117/><G79/><T126/><D126/><U14/><E19/><V50/><F50/><W65/><G117/><T91/><D101/><U63/><E63/><V74/><REACH who="2" step="1"/><F29/><REACH who="2" ten="94,166,671,59" step="2"/><W113/><G113/><T110/><D67/><U94/><AGARI ba="4,1" hai="14,16,20,28,31,60,66,68,84,90,94" m="47211" machi="94" ten="30,4000,0" yaku="13,1,52,1,54,1" doraHai="61" who="1" fromWho="1" sc="94,-14,166,62,671,-24,59,-14" /><INIT seed="3,0,0,4,0,101" ten="80,228,647,45" oya="3" hai0="116,15,19,134,77,44,42,36,129,115,126,5,39" hai1="61,51,121,110,62,93,29,20,88,11,28,95,112" hai2="80,17,135,106,76,73,24,123,49,127,13,8,33" hai3="102,56,58,48,78,113,92,65,45,114,124,3,14"/><W125/><G3/><T86/><D116/><U30/><E110/><V1/><F106/><W83/><G14/><T132/><D126/><N who="3" m="48745" /><G92/><T96/><D129/><U41/><E112/><N who="3" m="43114" /><G102/><T74/><D115/><U118/><E121/><V60/><F1/><W128/><G65/><T107/><D74/><U7/><E95/><V9/><F13/><W108/><G128/><T38/><D5/><U85/><E118/><V32/><F8/><W18/><G18/><T16/><D96/><U37/><E11/><V52/><F9/><W111/><G83/><N who="0" m="47471" /><D107/><U130/><E7/><V122/><F17/><N who="0" m="6730" /><D15/><U131/><E130/><V94/><F80/><W63/><G78/><T72/><D72/><U57/><E131/><V91/><F76/><W100/><G100/><T35/><D35/><U68/><E93/><V98/><F94/><W64/><G58/><T119/><D119/><U26/><E57/><V27/><F127/><W89/><G89/><T0/><D0/><U2/><E88/><V79/><F79/><W67/><G67/><T59/><D59/><U69/><E2/><V55/><F91/><W81/><G81/><T105/><D105/><U75/><E75/><V12/><F12/><W109/><G109/><T47/><D47/><U66/><E85/><V99/><F73/><W104/><G104/><T133/><AGARI ba="0,0" hai="36,38,39,42,44,132,133,134" m="6730,47471" machi="133" ten="40,2700,0" yaku="20,1,54,1" doraHai="101" who="0" fromWho="0" sc="80,27,228,-7,647,-7,45,-13" /><INIT seed="4,0,0,5,0,22" ten="107,221,640,32" oya="0" hai0="78,103,2,5,84,67,15,115,42,132,62,35,83" hai1="80,93,25,18,101,19,109,47,113,107,125,70,36" hai2="52,87,130,104,97,114,127,76,110,1,119,135,129" hai3="11,74,88,69,38,46,99,40,10,29,131,73,90"/><T82/><D2/><U92/><E109/><V79/><F52/><W37/><G69/><T20/><D35/><U33/><E125/><V17/><F17/><W121/><G131/><T12/><D115/><U105/><E70/><V57/><F57/><W71/><G71/><T72/><D132/><U100/><E33/><V118/><F76/><W63/><G121/><T122/><D122/><U9/><E113/><V123/><F1/><W8/><G38/><T120/><D120/><U32/><E32/><V102/><F123/><W106/><G63/><T34/><D34/><U98/><E9/><V51/><F51/><W48/><G29/><T61/><D103/><U117/><E117/><V41/><F41/><W60/><G60/><T68/><D42/><U13/><E13/><V124/><F114/><W54/><G106/><T128/><D128/><N who="2" m="49258" /><F110/><W0/><G0/><T56/><D5/><U58/><E58/><V3/><F3/><W75/><REACH who="3" step="1"/><G99/><REACH who="3" ten="107,221,640,22" step="2"/><T111/><D111/><U27/><E98/><V14/><F97/><W23/><G23/><T44/><D20/><U26/><E105/><V43/><F104/><W77/><G77/><T55/><D44/><AGARI ba="0,1" hai="8,10,11,37,40,44,46,48,54,73,74,75,88,90" machi="44" ten="50,6400,0" yaku="1,1,54,1,53,1" doraHai="22" doraHaiUra="39" who="3" fromWho="0" sc="107,-64,221,0,640,0,22,74" /><INIT seed="5,0,0,0,2,64" ten="43,221,640,96" oya="1" hai0="116,59,8,4,76,17,26,47,110,43,41,15,20" hai1="119,12,125,54,57,30,70,5,7,89,33,9,42" hai2="130,100,90,61,24,117,92,102,96,25,72,23,37" hai3="46,99,98,32,97,113,52,60,82,124,107,95,45"/><U31/><E119/><V29/><F72/><W81/><G32/><T126/><D116/><U40/><E70/><V73/><F73/><W19/><G113/><T74/><D110/><U88/><E125/><V1/><F1/><W78/><G124/><T134/><D126/><U91/><E5/><V22/><F37/><W34/><G34/><T6/><D134/><U27/><REACH who="1" step="1"/><E31/><REACH who="1" ten="43,211,640,96" step="2"/><V120/><F117/><W48/><G107/><T63/><D4/><U104/><E104/><V122/><F122/><W105/><G105/><T2/><D2/><U3/><E3/><V16/><F120/><W108/><G108/><T21/><D21/><U62/><AGARI ba="0,1" hai="7,9,12,27,30,33,40,42,54,57,62,88,89,91" machi="62" ten="30,6000,0" yaku="1,1,0,1,54,1,53,0" doraHai="64" doraHaiUra="79" who="1" fromWho="1" sc="43,-20,211,70,640,-20,96,-20" /><INIT seed="5,1,0,2,0,128" ten="23,281,620,76" oya="1" hai0="7,135,89,20,100,3,83,121,108,126,17,114,85" hai1="18,39,4,64,70,125,84,69,77,88,65,6,74" hai2="110,92,34,36,87,78,93,67,107,113,122,123,53" hai3="96,27,116,102,1,119,112,37,23,71,120,81,14"/><U60/><E39/><V5/><F34/><W130/><G120/><T11/><D108/><U16/><E74/><V104/><F67/><W43/><G1/><T134/><D121/><U0/><E77/><V99/><F5/><W66/><G130/><T105/><D114/><U10/><E125/><V45/><F53/><W21/><G112/><T9/><D126/><U98/><E98/><V8/><F8/><W25/><G14/><T111/><D111/><U40/><E40/><V94/><F113/><W49/><G37/><T124/><D124/><U117/><E117/><N who="3" m="45130" /><G81/><T57/><D11/><U19/><E6/><V131/><F93/><W46/><G66/><T52/><D100/><U41/><E41/><V80/><F45/><W61/><G61/><T106/><D105/><U91/><E65/><V28/><F28/><W15/><G71/><T48/><REACH who="0" step="1"/><D106/><REACH who="0" ten="13,281,620,76" step="2"/><U118/><E118/><V109/><F36/><W33/><G33/><T51/><D51/><U90/><E70/><V35/><F35/><W97/><G102/><T68/><D68/><U30/><E69/><V63/><F110/><W24/><G23/><T26/><AGARI ba="1,1" hai="3,7,9,17,20,26,48,52,57,83,85,89,134,135" machi="26" ten="30,12000,2" yaku="1,1,0,1,52,2,54,1,53,1" doraHai="128" doraHaiUra="47" who="0" fromWho="0" sc="13,133,281,-61,620,-31,76,-31" /><INIT seed="6,0,0,1,5,127" ten="146,220,589,45" oya="2" hai0="64,131,121,27,111,15,105,124,73,123,18,71,112" hai1="88,10,51,2,74,90,38,49,82,14,59,8,120" hai2="43,115,125,113,94,133,109,17,98,85,41,37,35" hai3="89,128,135,78,50,110,99,25,54,24,13,114,66"/><V134/><F35/><W95/><G110/><T119/><RYUUKYOKU type="yao9" ba="0,0" sc="146,0,220,0,589,0,45,0" hai0="15,18,27,64,71,73,105,111,112,119,121,123,124,131" /><INIT seed="6,1,0,2,1,124" ten="146,220,589,45" oya="2" hai0="65,9,2,22,16,100,34,47,50,111,113,130,30" hai1="12,121,90,56,38,88,104,13,109,36,119,15,29" hai2="43,19,41,80,110,51,53,92,77,71,72,0,4" hai3="127,89,120,54,60,33,66,64,99,14,74,39,107"/><V84/><F71/><W62/><G120/><T126/><D111/><U21/><E109/><V27/><F110/><W95/><G127/><T96/><D126/><U75/><E75/><V3/><F3/><W49/><G74/><T32/><D113/><U6/><E104/><V132/><F132/><W1/><G1/><T73/><D73/><U26/><E119/><V37/><F37/><W58/><G33/><T108/><D108/><U59/><E121/><V101/><F4/><W116/><G39/><T8/><D65/><U98/><E6/><V63/><F63/><W128/><G116/><T42/><D2/><U61/><E59/><V134/><F0/><W52/><G107/><T106/><D130/><U23/><E90/><V94/><F94/><W46/><G128/><T17/><D17/><N who="1" m="10431" /><E36/><V40/><F134/><W48/><G62/><T28/><D32/><U87/><E98/><V31/><F19/><W45/><REACH who="3" step="1"/><G14/><REACH who="3" ten="146,220,589,35" step="2"/><T10/><REACH who="0" step="1"/><D34/><REACH who="0" ten="136,220,589,35" step="2"/><U91/><E13/><AGARI ba="1,2" hai="8,9,10,13,16,22,28,30,42,47,50,96,100,106" machi="13" ten="40,8000,1" yaku="1,1,2,1,54,1,53,1" doraHai="124" doraHaiUra="44" who="0" fromWho="1" sc="136,103,220,-83,589,0,35,0" /><INIT seed="7,0,0,1,4,29" ten="239,137,589,35" oya="3" hai0="68,34,73,31,2,98,82,26,128,122,40,22,45" hai1="50,124,125,7,64,69,97,49,39,46,1,72,77" hai2="41,102,47,93,117,28,51,100,103,74,91,11,127" hai3="25,130,4,38,55,52,60,70,135,16,107,36,17"/><W19/><G107/><T32/><D122/><U99/><E64/><V88/><F117/><W90/><G130/><T3/><D68/><U14/><E69/><V75/><F127/><N who="1" m="48713" /><E1/><V30/><F91/><W9/><G135/><T126/><D126/><U85/><E72/><V42/><F42/><W131/><G131/><T15/><D128/><U116/><E39/><V8/><F75/><W37/><G25/><T58/><D58/><U78/><E116/><V33/><F74/><W110/><G110/><T54/><D54/><N who="1" m="30007" /><E50/><V101/><F101/><W134/><G134/><T94/><D82/><N who="1" m="47311" /><E78/><V61/><F61/><W92/><G70/><T6/><D73/><U21/><E21/><V95/><F30/><W120/><G120/><T63/><D63/><U112/><E112/><V79/><F11/><AGARI ba="0,0" hai="7,11,14,97,99" m="47311,30007,48713" machi="11" ten="30,1000,0" yaku="18,1" doraHai="29" who="1" fromWho="2" sc="239,0,137,10,589,-10,35,0" owari="239,4.0,147,-25.0,579,67.0,35,-46.0" /></mjloggm>