<mjloggm ver="2.3"><GO type="169" lobby="0"/><UN n0="%4A%57%35%35" n1="%E3%81%86%E3%81%83%E3%83%BC%E3%81%A1%E3%82%83%E3%82%93" n2="%E3%82%A6%E3%83%AB%E3%83%88%E3%83%A9%E7%AB%8B%E7%9B%B4" n3="%E3%81%BF%E3%81%A3%E3%81%A4%E3%81%9A%E3%81%A4" dan="17,17,18,16" rate="2184.19,2208.52,2166.61,2114.03" sx="M,M,M,M"/><TAIKYOKU oya="0"/><INIT seed="0,0,0,1,1,108" ten="250,250,250,250" oya="0" hai0="7,85,16,6,94,0,61,50,68,60,8,5,23" hai1="102,118,4,33,64,49,52,109,17,26,70,13,103" hai2="22,119,66,20,43,18,77,28,114,79,19,112,36" hai3="131,125,3,76,113,135,93,106,88,27,31,40,41"/><T122/><D122/><U129/><E118/><V89/><F66/><W42/><G106/><T48/><D0/><U92/><E109/><V65/><F65/><W47/><G76/><N who="2" m="29257" /><F28/><W130/><G3/><T86/><D8/><U111/><E111/><V74/><F43/><W72/><G72/><T115/><D115/><N who="2" m="44074" /><F119/><W98/><G113/><T121/><D121/><U95/><E64/><V56/><F56/><W75/><G75/><T91/><D85/><U1/><E70/><V73/><F89/><W132/><G47/><T15/><D68/><U10/><E1/><V58/><F58/><W105/><G41/><T57/><D50/><U123/><E49/><V83/><F83/><W84/><G40/><T55/><AGARI ba="0,0" hai="5,6,7,15,16,23,48,55,57,60,61,86,91,94" machi="55" ten="30,12000,1" yaku="0,1,25,2,8,1,54,1" doraHai="108" who="0" fromWho="0" sc="250,120,250,-40,250,-40,250,-40" /><INIT seed="0,1,0,3,4,63" ten="370,210,210,210" oya="0" hai0="117,111,124,42,49,26,107,118,116,76,43,7,51" hai1="95,30,23,25,16,80,120,56,128,33,104,82,59" hai2="132,50,53,4,90,112,29,70,89,84,32,85,69" hai3="61,103,22,127,68,122,10,1,40,97,3,52,37"/><T9/><D107/><U21/><E104/><V71/><F112/><W135/><G135/><T100/><D100/><U60/><E120/><V14/><F132/><W91/><G127/><T93/><D93/><U35/><E128/><V13/><F29/><W2/><G122/><T74/><D26/><U96/><E35/><V119/><F32/><W24/><G37/><T8/><D76/><U66/><E59/><V17/><F119/><W41/><G10/><N who="0" m="4203" /><D74/><U11/><E11/><V114/><F114/><W94/><G103/><T39/><D39/><U67/><E67/><V36/><F36/><W129/><G129/><T0/><D0/><U72/><E72/><V121/><F121/><W54/><G68/><T105/><D105/><U92/><E33/><V123/><F4/><W130/><G130/><T28/><D28/><U46/><E46/><V44/><F123/><W57/><REACH who="3" step="1"/><G54/><REACH who="3" ten="370,210,210,200" step="2"/><T102/><D102/><N who="1" m="60679" /><E95/><V31/><F71/><W6/><G6/><T109/><D7/><U106/><E106/><V77/><F70/><W27/><G27/><AGARI ba="1,1" hai="16,21,23,25,27,30,56,60,66,80,82" m="60679" machi="27" ten="30,7700,0" yaku="25,1,8,1,52,1,54,1" doraHai="63" who="1" fromWho="3" sc="370,0,210,90,210,0,200,-80" /><INIT seed="1,0,0,3,3,39" ten="370,300,210,120" oya="1" hai0="79,115,56,111,96,63,121,23,101,129,55,90,4" hai1="130,32,18,60,119,81,97,87,83,105,75,21,24" hai2="120,86,53,35,11,65,40,126,132,62,134,110,61" hai3="124,80,103,45,131,112,31,93,33,17,49,3,76"/><U102/><E119/><V118/><F35/><W19/><G112/><T68/><D115/><U114/><E114/><V64/><F118/><W34/><G3/><T10/><D111/><U7/><E130/><V99/><F99/><W89/><G103/><T122/><D122/><U77/><E32/><V2/><F86/><W20/><G124/><T54/><D68/><U106/><E60/><V15/><F2/><W59/><G59/><T25/><D79/><U98/><E7/><V58/><F120/><W22/><G131/><T29/><D90/><U28/><E97/><V12/><F126/><W109/><G109/><T13/><D129/><U117/><E117/><V95/><F95/><W1/><G1/><T71/><D71/><U38/><E38/><V50/><F110/><W16/><G34/><T74/><D74/><U46/><E46/><N who="2" m="25927" /><F15/><W69/><G69/><T43/><D121/><U67/><E67/><N who="2" m="25675" /><F12/><W57/><G33/><T66/><D43/><U48/><E48/><N who="2" m="31015" /><F11/><W123/><G123/><T47/><D96/><U88/><REACH who="1" step="1"/><E28/><REACH who="1" ten="370,290,210,120" step="2"/><V125/><F125/><W9/><G31/><T26/><D29/><U113/><E113/><V0/><F0/><W42/><G20/><T133/><D23/><U78/><E78/><V14/><F14/><W128/><G22/><T84/><D4/><U85/><E85/><V91/><F91/><W107/><G128/><T5/><D5/><U73/><E73/><V127/><F127/><W108/><G108/><T94/><D13/><U8/><E8/><V70/><F62/><W116/><G9/><T51/><D10/><U72/><E72/><RYUUKYOKU ba="0,1" sc="370,-15,290,15,210,15,120,-15" hai1="18,21,24,75,77,81,83,87,88,98,102,105,106" hai2="61,70,132,134" /><INIT seed="1,1,1,3,5,62" ten="355,305,225,105" oya="1" hai0="129,65,50,13,79,34,61,60,39,0,53,36,52" hai1="5,77,73,31,37,134,25,112,12,6,23,27,99" hai2="94,30,17,93,18,63,42,74,135,92,85,105,108" hai3="9,41,98,56,119,101,113,35,82,96,32,16,40"/><U19/><E134/><V1/><F74/><W102/><G113/><T7/><D34/><U88/><E112/><V20/><F105/><W14/><G119/><T81/><D0/><U132/><E37/><V72/><F72/><W29/><G29/><T90/><D129/><U109/><E132/><V87/><F1/><W10/><G82/><T128/><D128/><U44/><E44/><V24/><F135/><W78/><G78/><T21/><D39/><U38/><E38/><V75/><F75/><W76/><G76/><T100/><D100/><U26/><E109/><V117/><F117/><W83/><G83/><T130/><D36/><U89/><E73/><V91/><F108/><W28/><G56/><N who="0" m="37031" /><D79/><U121/><E77/><V120/><F120/><W80/><G80/><T43/><D60/><U127/><E127/><V70/><F42/><W45/><G28/><T122/><D122/><U111/><E31/><V123/><F123/><W106/><G45/><N who="0" m="25919" /><D130/><U49/><E111/><V126/><F126/><W133/><G133/><T51/><D51/><U97/><E49/><V114/><F114/><W59/><G59/><T116/><D116/><U58/><E58/><V3/><F3/><W33/><REACH who="3" step="1"/><G9/><REACH who="3" ten="355,305,225,95" step="2"/><N who="0" m="4287" /><D21/><U118/><E118/><V2/><F70/><W124/><G124/><T66/><D66/><U86/><E121/><V4/><F63/><W22/><G22/><T115/><D115/><U69/><E23/><V15/><F20/><W110/><G110/><T57/><D57/><U64/><E69/><V131/><F131/><W47/><G47/><T125/><D125/><U11/><E11/><RYUUKYOKU ba="1,2" sc="355,15,305,-15,225,-15,95,15" hai0="52,53,81,90" hai3="10,14,16,32,33,35,40,41,96,98,101,102,106" /><INIT seed="2,2,2,4,3,21" ten="370,290,210,110" oya="2" hai0="67,54,124,47,95,85,83,98,92,135,53,122,26" hai1="91,64,120,20,70,101,131,96,103,3,29,111,112" hai2="79,2,38,40,126,129,19,127,43,58,37,118,27" hai3="30,121,116,84,56,117,128,76,94,99,18,63,49"/><V50/><F2/><W75/><G121/><T22/><D122/><U80/><E3/><V31/><F118/><W105/><G128/><T25/><D124/><N who="2" m="47658" /><F79/><W90/><G49/><N who="0" m="28863" /><D67/><U97/><E131/><V28/><F129/><W55/><G30/><N who="2" m="11305" /><F58/><W68/><G68/><T125/><D22/><U134/><E20/><N who="2" m="13727" /><F50/><W33/><G56/><T82/><D125/><U48/><E120/><V15/><F15/><W13/><G76/><T71/><D71/><U107/><E70/><V115/><F115/><W87/><G13/><T123/><D123/><U100/><E112/><V114/><F114/><W113/><G113/><T81/><D81/><U130/><E80/><V108/><F108/><W16/><G117/><T60/><D83/><U74/><E111/><V1/><F1/><W65/><G116/><T72/><D72/><U77/><E74/><V89/><F89/><W36/><G90/><T73/><D73/><U109/><E91/><V8/><F8/><W17/><G75/><T88/><D82/><U45/><E109/><V93/><F93/><W4/><G94/><T69/><D69/><U102/><E130/><V52/><F52/><W104/><G55/><T132/><D54/><U9/><E9/><V57/><F57/><W14/><G105/><T66/><D66/><U34/><E64/><V110/><F110/><W35/><G65/><T42/><D92/><U62/><E107/><V5/><F5/><W78/><G78/><T61/><D95/><U44/><E77/><V12/><F12/><W39/><G14/><T106/><D106/><U119/><E119/><V23/><F23/><RYUUKYOKU ba="2,2" sc="370,-10,290,-10,210,30,110,-10" hai2="37,38,40,43" /><INIT seed="2,3,2,0,5,117" ten="360,280,240,100" oya="2" hai0="123,29,2,80,93,82,5,102,0,45,72,120,35" hai1="84,36,39,27,68,42,105,41,48,9,13,64,61" hai2="11,111,74,77,73,43,134,121,88,95,60,46,129" hai3="114,125,67,81,128,112,133,8,122,25,106,107,66"/><V55/><F121/><W97/><G8/><T115/><D115/><N who="3" m="44073" /><G25/><T40/><D93/><U130/><E105/><N who="3" m="39946" /><G66/><T15/><D102/><U24/><E130/><V49/><F129/><W57/><G67/><T70/><D82/><U14/><E84/><V63/><F111/><W83/><G57/><T1/><D15/><U98/><E98/><V31/><F134/><W91/><G128/><T17/><D17/><U124/><E48/><V104/><F104/><W126/><G122/><N who="0" m="46635" /><D70/><U10/><E64/><V44/><F31/><W6/><G133/><T32/><D29/><U131/><E68/><V28/><F28/><W118/><G6/><T58/><D58/><U34/><E131/><V101/><F11/><W65/><G65/><T37/><D5/><U18/><E14/><V56/><F56/><W108/><G108/><T113/><D113/><U38/><E10/><V62/><F101/><W30/><G30/><T4/><D4/><U26/><E9/><V52/><F77/><AGARI ba="3,2" hai="0,1,2,32,35,37,40,45,72,77,80" m="46635" machi="77" ten="40,8000,1" yaku="23,1,52,3" doraHai="117" who="0" fromWho="2" sc="360,109,280,0,240,-89,100,0" /><INIT seed="3,0,0,4,1,5" ten="469,280,151,100" oya="3" hai0="11,68,18,100,25,91,80,85,127,44,112,41,12" hai1="47,120,95,74,49,17,40,23,39,56,67,131,96" hai2="99,66,111,60,52,71,32,83,58,106,51,113,46" hai3="84,125,135,72,9,7,77,55,88,50,134,64,33"/><W53/><G33/><T116/><D116/><U76/><E120/><V14/><F113/><W13/><G64/><T3/><D68/><U1/><E131/><V22/><F32/><W62/><G125/><T90/><D127/><U36/><E1/><V94/><F111/><W108/><G108/><T109/><D109/><U132/><E132/><N who="3" m="50730" /><G62/><T124/><D3/><U2/><E2/><V117/><F117/><W87/><G72/><T24/><D100/><U4/><E4/><V0/><F0/><W81/><G50/><N who="0" m="26895" /><D124/><U26/><E76/><V107/><F83/><AGARI ba="0,0" hai="7,9,13,53,55,77,81,83,84,87,88" m="50730" machi="83" ten="30,5800,0" yaku="20,1,52,1,54,1" doraHai="5" who="3" fromWho="2" sc="469,0,280,0,151,-58,100,58" /><INIT seed="3,1,0,1,5,48" ten="469,280,93,158" oya="3" hai0="63,24,91,36,30,104,68,128,130,7,65,69,23" hai1="73,118,12,6,28,108,5,33,122,102,2,133,111" hai2="14,89,54,56,3,51,25,47,44,66,134,129,26" hai3="70,4,94,90,109,29,115,61,75,37,0,74,126"/><W85/><G115/><T57/><D36/><U116/><E73/><V35/><F3/><W52/><G37/><T113/><D113/><U58/><E102/><V96/><F134/><W50/><G29/><T80/><D104/><U97/><E97/><V38/><F129/><N who="0" m="49770" /><D7/><U62/><E122/><V34/><F34/><W123/><G123/><T22/><D22/><U9/><E133/><V135/><F135/><W78/><G126/><T106/><D106/><U132/><E132/><V1/><F1/><W93/><G78/><T10/><D10/><N who="1" m="4183" /><E58/><V79/><F79/><W127/><G127/><T124/><D124/><U42/><E42/><V76/><F76/><W11/><G109/><N who="1" m="42058" /><E62/><V31/><F38/><W100/><G100/><T81/><D91/><U120/><E120/><V72/><F72/><W64/><G94/><T86/><D86/><U17/><E17/><V99/><F99/><W19/><G19/><T55/><D69/><U117/><E33/><V107/><F107/><W15/><G0/><T43/><D43/><U67/><E67/><V87/><F96/><W53/><REACH who="3" step="1"/><G52/><REACH who="3" ten="469,280,93,148" step="2"/><T131/><D131/><U46/><E28/><V77/><F77/><W60/><G60/><AGARI ba="1,1" hai="23,24,30,55,57,60,63,65,68,80,81" m="49770" machi="60" ten="30,2000,0" yaku="19,1,52,1" doraHai="48" who="0" fromWho="3" sc="469,33,280,0,93,0,148,-23" /><INIT seed="4,0,0,0,4,18" ten="502,280,93,125" oya="0" hai0="7,93,15,1,63,92,43,113,102,54,101,109,117" hai1="131,115,5,94,17,30,29,62,48,67,127,107,8" hai2="80,49,21,36,51,20,57,95,111,46,53,25,55" hai3="84,14,133,33,60,37,96,16,123,47,79,135,126"/><T41/><D113/><U99/><E127/><V73/><F111/><W83/><G33/><T121/><D117/><U58/><E131/><V50/><F36/><W9/><G126/><T110/><D121/><U44/><E107/><V114/><F114/><W66/><G123/><T42/><D1/><U119/><E17/><V71/><F71/><W38/><G96/><T78/><D78/><U97/><E97/><V39/><F39/><W125/><G125/><T104/><D104/><U65/><E65/><V70/><F70/><W82/><G82/><T23/><D63/><U134/><E134/><N who="3" m="51210" /><G47/><T34/><D34/><U86/><E86/><V75/><F75/><W11/><G11/><T2/><D2/><U64/><E64/><V106/><F106/><W59/><AGARI ba="0,0" hai="9,14,16,37,38,59,60,66,79,83,84" m="51210" machi="59" ten="30,2000,0" yaku="20,1,54,1" doraHai="18" who="3" fromWho="3" sc="502,-10,280,-5,93,-5,125,20" /><INIT seed="5,0,0,3,2,7" ten="492,275,88,145" oya="1" hai0="60,98,107,120,91,72,32,106,117,43,78,35,40" hai1="59,122,65,105,15,27,108,121,74,49,38,54,85" hai2="81,17,41,104,46,66,92,89,62,42,132,11,33" hai3="83,133,82,25,14,113,90,53,30,39,16,47,111"/><U129/><E74/><V2/><F104/><W45/><G111/><T94/><D117/><U128/><E105/><V22/><F33/><W19/><G113/><T29/><D35/><U87/><E87/><V55/><F132/><W68/><G68/><T21/><D32/><U102/><E102/><V80/><F55/><W75/><G133/><T73/><D73/><U97/><E97/><V86/><F42/><W93/><G39/><T79/><D72/><U52/><E38/><V126/><F126/><W123/><G123/><T115/><D120/><U124/><E124/><V51/><F2/><W131/><G131/><N who="1" m="50250" /><E108/><V71/><REACH who="2" step="1"/><F11/><REACH who="2" ten="492,275,78,145" step="2"/><W114/><G53/><T76/><D107/><U57/><E121/><V100/><F100/><W67/><G67/><T8/><D106/><U10/><E65/><V3/><F3/><W18/><G114/><T37/><D115/><U84/><E122/><V69/><F69/><W112/><G112/><T118/><D40/><U34/><E54/><V116/><F116/><W77/><G14/><AGARI ba="0,1" hai="14,17,22,41,46,51,62,66,71,80,81,86,89,92" machi="14" ten="30,2000,0" yaku="1,1,7,1,53,0" doraHai="7" doraHaiUra="26" who="2" fromWho="3" sc="492,0,275,0,78,30,145,-20" /><INIT seed="6,0,0,0,1,34" ten="492,275,108,125" oya="2" hai0="5,103,107,30,85,83,56,32,8,97,39,22,89" hai1="35,33,110,73,118,21,36,79,108,130,53,67,126" hai2="121,123,112,80,57,96,16,115,114,66,113,18,61" hai3="75,54,63,100,19,0,106,10,25,117,3,92,14"/><V65/><N who="2" m="28672" /><DORA hai="41" /><V135/><F135/><W9/><G106/><T93/><D39/><U31/><E126/><V71/><F96/><W101/><G75/><T49/><D32/><U77/><E130/><V55/><F80/><W94/><G117/><T129/><D129/><U44/><E110/><V124/><F124/><W98/><G25/><T58/><D107/><U69/><E118/><V91/><F91/><W90/><G10/><T127/><D127/><U128/><E73/><V47/><F47/><W74/><G74/><T7/><D8/><U132/><E44/><V134/><F134/><W1/><REACH who="3" step="1"/><G94/><REACH who="3" ten="492,275,108,115" step="2"/><T82/><D93/><U40/><E128/><V78/><F78/><W109/><G109/><T43/><D83/><U48/><E108/><V81/><F81/><W111/><G111/><T122/><D82/><U105/><E77/><V17/><REACH who="2" step="1"/><F71/><REACH who="2" ten="492,275,98,115" step="2"/><W125/><G125/><T62/><D97/><U38/><E79/><V64/><AGARI ba="0,2" hai="16,17,18,55,57,61,64,65,66,121,123" m="28672" machi="64" ten="70,18000,2" yaku="1,1,2,1,0,1,29,2,15,1,54,1,53,0" doraHai="34,41" doraHaiUra="102,28" who="2" fromWho="2" sc="492,-60,275,-60,98,200,115,-60" /><INIT seed="6,1,0,5,5,20" ten="432,215,298,55" oya="2" hai0="41,19,105,68,60,32,95,75,22,118,123,53,130" hai1="124,28,132,50,34,112,7,25,125,49,109,106,66" hai2="9,116,45,14,96,133,69,90,122,79,85,64,47" hai3="23,61,46,78,126,71,30,84,131,72,24,98,8"/><V91/><F122/><W6/><G72/><T77/><D123/><U44/><E106/><V103/><F116/><W2/><G126/><N who="1" m="48746" /><E109/><V12/><F133/><W10/><G131/><T39/><D105/><U18/><E66/><V31/><F31/><W40/><G98/><T65/><D32/><U70/><E70/><V89/><F64/><W110/><G110/><T93/><D53/><U127/><E132/><V43/><F69/><W67/><G10/><T48/><D39/><U17/><N who="1" m="48754" /><U74/><DORA hai="114" /><E74/><V33/><F33/><W101/><G101/><T55/><D41/><U42/><E7/><V57/><F57/><W120/><G120/><T88/><D130/><U58/><E112/><V36/><F47/><W102/><G102/><T76/><D75/><U94/><E94/><V92/><REACH who="2" step="1"/><F9/><REACH who="2" ten="432,215,288,55" step="2"/><W113/><G113/><T16/><D118/><U26/><E28/><V117/><F117/><W135/><G135/><T73/><D22/><U134/><E34/><V82/><AGARI ba="1,1" hai="12,14,36,43,45,79,82,85,89,90,91,92,96,103" machi="82" ten="30,3000,0" yaku="1,1,0,1,53,0" doraHai="20,114" doraHaiUra="35,54" who="2" fromWho="2" sc="432,-11,215,-11,288,43,55,-11" /><INIT seed="6,2,0,5,5,71" ten="421,204,331,44" oya="2" hai0="44,65,61,122,90,27,7,35,92,17,102,83,135" hai1="53,48,2,82,99,58,115,107,87,128,12,125,5" hai2="68,37,32,109,124,121,127,40,4,132,117,51,55" hai3="62,75,45,118,85,74,134,22,72,130,67,60,38"/><V20/><F32/><W49/><G118/><T78/><D122/><U13/><E2/><V59/><F121/><W3/><G3/><T1/><D102/><U70/><E70/><V101/><F117/><W36/><G134/><T69/><D135/><U8/><E125/><N who="2" m="48203" /><F132/><W80/><G22/><T10/><D44/><U33/><E33/><V29/><F68/><W105/><G105/><T34/><D17/><U108/><E128/><V11/><F101/><W57/><G62/><T120/><D27/><U50/><E115/><V73/><F73/><W9/><G9/><T116/><D116/><U100/><E108/><V133/><F133/><W119/><G130/><T6/><D6/><U14/><REACH who="1" step="1"/><E50/><REACH who="1" ten="421,194,331,44" step="2"/><V64/><F109/><W23/><G119/><T31/><D120/><U41/><E41/><V88/><F40/><W26/><G49/><T113/><D113/><U91/><AGARI ba="2,1" hai="5,8,12,13,14,48,53,58,82,87,91,99,100,107" machi="91" ten="20,2700,0" yaku="1,1,0,1,7,1,53,0" doraHai="71" doraHaiUra="110" who="1" fromWho="1" sc="421,-9,194,43,331,-15,44,-9" /><INIT seed="7,0,0,0,3,83" ten="412,237,316,35" oya="3" hai0="94,23,56,128,27,126,80,101,104,42,44,124,135" hai1="75,37,61,121,98,45,89,125,73,78,16,70,10" hai2="107,46,96,109,82,29,33,71,26,112,119,38,110" hai3="111,129,12,120,62,115,134,72,99,25,114,69,127"/><W11/><G72/><T24/><D104/><U34/><E34/><V65/><F82/><W59/><G69/><T50/><D80/><U40/><E121/><V130/><F130/><W131/><G120/><T105/><D105/><U31/><E125/><N who="0" m="48233" /><D135/><U113/><E113/><N who="3" m="43018" /><G127/><T1/><D1/><U103/><E89/><V0/><F0/><W35/><G99/><N who="0" m="59639" /><D128/><N who="3" m="49225" /><G111/><T4/><D4/><U41/><E75/><V74/><F74/><W49/><G49/><T2/><D2/><U43/><E73/><V30/><F112/><W123/><G123/><T52/><D23/><U81/><E70/><V79/><F30/><N who="3" m="19919" /><G134/><T68/><D68/><U17/><E40/><V55/><F110/><W67/><G11/><T117/><D117/><U100/><E10/><V6/><F109/><W64/><G12/><T28/><D28/><U47/><E61/><AGARI ba="0,0" hai="24,27,42,44,50,52,56,61" m="59639,48233" machi="61" ten="30,2000,0" yaku="18,1,54,1" doraHai="83" who="0" fromWho="1" sc="412,20,237,-20,316,0,35,0" owari="432,52.0,217,-18.0,316,12.0,35,-46.0" /></mjloggm>