<mjloggm ver="2.3"><GO type="169" lobby="0"/><UN n0="%6D%75%6B%69%74%74%69" n1="%E2%80%A0%41%71%75%61%E2%80%A0" n2="%E5%B0%B1%E6%B4%BB%E7%94%9F%40%E5%B7%9D%E6%9D%91%E8%BB%8D%E5%9B%A3" n3="%EF%BC%B3%E3%81%9E%E3%81%88%E2%98%86" dan="17,17,17,17" rate="2151.65,2132.36,2192.58,2101.55" sx="M,M,M,M"/><TAIKYOKU oya="0"/><INIT seed="0,0,0,5,4,121" ten="250,250,250,250" oya="0" hai0="30,132,54,105,56,59,61,47,24,26,16,89,25" hai1="60,38,117,22,31,135,128,77,6,68,55,129,17" hai2="130,93,98,57,27,83,96,107,87,71,122,48,67" hai3="76,10,104,78,53,40,100,5,114,42,0,66,99"/><T62/><D105/><U45/><E117/><V133/><F122/><W20/><G114/><T79/><D132/><U82/><E31/><V33/><F130/><N who="1" m="50281" /><E6/><V69/><F133/><W58/><G66/><T39/><D79/><U124/><E124/><V106/><F96/><W112/><G112/><T29/><D89/><U35/><E35/><V126/><F126/><W109/><G109/><T101/><D101/><U80/><E135/><V15/><F15/><W51/><G78/><T115/><D115/><U119/><E119/><V111/><F71/><W72/><REACH who="3" step="1"/><G20/><REACH who="3" ten="250,250,250,240" step="2"/><T97/><D30/><U21/><E22/><V113/><F67/><W74/><G74/><T64/><D29/><U2/><E21/><V70/><F33/><W103/><G103/><T131/><D131/><U95/><E77/><V120/><F111/><W3/><G3/><T127/><D127/><U4/><E2/><V43/><F113/><W7/><G7/><T86/><D64/><U75/><E4/><V36/><F120/><W44/><G44/><T50/><D47/><U88/><E75/><V18/><F70/><W63/><G63/><T32/><D62/><U125/><E125/><V28/><F69/><W110/><G110/><T11/><D61/><U91/><E60/><V108/><F108/><W9/><G9/><T19/><D11/><U85/><E68/><V118/><F118/><W102/><G102/><T90/><D32/><U41/><E45/><V73/><F73/><W1/><G1/><T46/><D46/><U23/><E23/><V12/><F28/><W13/><G13/><T65/><D65/><RYUUKYOKU ba="0,1" sc="250,-10,250,-10,250,-10,240,30" hai3="0,5,10,40,42,51,53,58,72,76,99,100,104" /><INIT seed="1,1,1,1,4,122" ten="240,240,240,270" oya="1" hai0="94,16,54,107,80,68,41,50,76,10,87,119,55" hai1="84,111,56,101,117,60,4,91,21,34,90,40,104" hai2="29,128,20,114,70,7,32,2,82,95,97,37,98" hai3="67,28,78,134,85,9,110,30,63,33,133,77,19"/><U26/><E117/><V116/><F32/><W75/><G75/><T96/><D119/><U15/><E40/><V120/><F70/><W121/><G121/><T44/><D107/><U49/><E49/><V126/><F37/><W108/><G9/><T118/><D68/><U35/><E104/><V64/><F64/><W103/><G103/><T125/><D125/><U47/><E101/><V123/><F7/><W8/><G8/><T51/><D118/><U53/><E47/><V100/><F2/><W46/><G19/><T102/><REACH who="0" step="1"/><D51/><REACH who="0" ten="230,240,240,270" step="2"/><U48/><E48/><V131/><F116/><W14/><G63/><T12/><AGARI ba="1,2" hai="10,12,16,41,44,50,54,55,76,80,87,94,96,102" machi="12" ten="30,12000,2" yaku="1,1,2,1,0,1,8,1,54,1,53,1" doraHai="122" doraHaiUra="81" who="0" fromWho="0" sc="230,143,240,-61,240,-31,270,-31" /><INIT seed="2,0,0,4,0,6" ten="373,179,209,239" oya="2" hai0="70,45,129,61,93,39,29,55,41,86,74,62,13" hai1="94,57,81,21,77,115,48,135,28,43,23,75,91" hai2="85,72,60,130,97,35,69,89,58,133,124,99,116" hai3="24,92,30,51,106,56,83,110,44,71,131,109,54"/><V127/><F72/><W0/><G106/><T16/><D74/><U68/><E115/><V34/><F69/><W53/><G71/><T123/><D123/><U8/><E68/><V40/><F116/><W114/><G114/><T117/><D117/><U9/><E135/><V64/><F40/><W113/><G113/><T105/><D105/><U121/><E121/><V1/><F1/><W50/><G131/><T31/><D129/><U120/><E120/><V2/><F2/><W118/><G118/><T82/><D93/><U134/><E134/><V59/><F130/><W36/><G36/><T84/><D84/><U80/><E80/><V122/><F122/><W17/><G0/><T19/><D19/><U102/><E102/><V73/><F73/><W11/><G92/><T87/><D87/><U27/><E23/><V15/><F15/><N who="3" m="7423" /><G83/><T125/><D125/><N who="2" m="48202" /><F133/><W47/><G56/><T20/><D62/><U4/><E4/><V18/><F18/><W52/><G30/><T26/><D26/><U104/><E104/><V49/><F59/><W79/><G24/><T3/><D3/><U76/><E76/><V67/><F67/><W96/><G79/><T111/><D70/><U32/><E32/><N who="2" m="12331" /><F49/><W108/><G53/><T107/><D55/><N who="1" m="31975" /><E43/><V37/><F37/><W42/><G42/><T119/><D41/><U46/><E46/><V63/><F63/><W78/><G78/><T90/><D61/><U112/><E112/><V10/><F10/><W95/><G110/><T88/><D111/><U22/><E22/><V65/><F65/><W38/><G38/><T7/><D39/><RYUUKYOKU ba="0,0" sc="373,-30,179,10,209,10,239,10" hai1="8,9,21,27,28,75,77,81,91,94" hai2="58,60,64,85,89,97,99" hai3="44,47,50,51,52,54,95,96,108,109" /><INIT seed="2,1,0,0,0,102" ten="343,189,219,249" oya="2" hai0="98,123,88,133,35,64,77,70,105,72,27,48,67" hai1="16,9,51,126,97,134,130,13,60,69,36,62,124" hai2="65,50,1,23,116,122,85,112,78,90,37,87,25" hai3="2,17,73,59,115,107,110,47,129,10,95,61,34"/><V92/><F37/><W104/><G73/><T4/><D123/><U49/><E36/><V111/><F112/><W32/><G115/><T84/><D133/><U109/><E134/><V41/><F122/><W55/><G110/><T91/><D4/><U57/><E109/><V135/><F116/><W94/><G47/><T28/><D48/><U125/><E130/><V103/><F135/><W56/><G129/><T30/><D28/><U120/><E120/><V74/><F111/><W14/><G2/><T38/><D38/><U19/><E97/><V93/><F65/><W101/><G59/><T100/><D72/><U29/><E29/><V40/><F1/><W128/><G128/><T11/><D11/><U76/><E76/><V79/><F74/><W127/><G127/><T54/><D54/><N who="1" m="33847" /><E19/><V68/><F68/><W106/><REACH who="3" step="1"/><G101/><REACH who="3" ten="343,189,219,239" step="2"/><T44/><D44/><U83/><E126/><V117/><F117/><W119/><G119/><T118/><D118/><U12/><E125/><V58/><F103/><W31/><G31/><T3/><D3/><U89/><E124/><V80/><F58/><W6/><G6/><T22/><D100/><U86/><E69/><V46/><F40/><W24/><G24/><T114/><D27/><U26/><E26/><V45/><F45/><W63/><G63/><T132/><D70/><U43/><E62/><V108/><F108/><W99/><G99/><T121/><D98/><U71/><E71/><V42/><F42/><W96/><G96/><T5/><D114/><U81/><E43/><V21/><F25/><W20/><G20/><N who="2" m="7753" /><F85/><W8/><G8/><RYUUKYOKU ba="1,1" sc="343,-15,189,-15,219,15,239,15" hai2="41,46,50,78,79,80,87,90,92,93" hai3="10,14,17,32,34,55,56,61,94,95,104,106,107" /><INIT seed="2,2,1,3,2,16" ten="328,174,234,254" oya="2" hai0="84,37,70,57,135,6,128,130,67,66,127,89,105" hai1="28,134,20,78,108,49,45,42,131,29,99,104,121" hai2="98,88,114,26,83,124,61,79,27,69,36,44,77" hai3="34,62,11,48,80,3,106,75,113,13,123,31,110"/><V132/><F114/><W118/><G3/><T109/><D105/><U53/><E108/><V10/><F132/><W40/><G106/><T24/><D70/><U18/><E134/><V92/><F124/><W32/><G118/><T51/><D135/><U68/><E68/><V14/><F36/><W82/><G123/><T97/><D37/><U111/><E111/><V15/><F44/><W85/><G75/><T117/><D109/><U39/><E121/><V52/><F15/><W65/><G31/><T1/><D97/><U7/><E7/><N who="2" m="3423" /><F69/><W100/><G100/><T55/><D127/><U12/><E131/><N who="0" m="50217" /><D117/><U8/><E78/><N who="2" m="29707" /><F83/><W23/><G82/><N who="0" m="49303" /><D24/><U73/><E73/><V129/><F129/><W96/><G110/><T59/><D59/><AGARI ba="2,1" hai="26,27,52,59,61,88,92,98" m="29707,3423" machi="59" ten="30,5800,0" yaku="8,1,54,2" doraHai="16" who="2" fromWho="0" sc="328,-64,174,0,234,74,254,0" /><INIT seed="2,3,0,0,1,80" ten="264,174,308,254" oya="2" hai0="108,1,106,93,76,16,45,91,44,60,9,61,18" hai1="58,134,87,120,52,73,101,109,132,67,131,66,39" hai2="6,68,10,2,85,105,90,114,55,124,48,81,88" hai3="3,111,117,51,121,23,42,129,69,130,7,123,64"/><V37/><F37/><W12/><G3/><T62/><D106/><U41/><E73/><V71/><F114/><W4/><G23/><T28/><D108/><U46/><E109/><V0/><F124/><W97/><G97/><T22/><D76/><U103/><E131/><N who="3" m="50186" /><G111/><T74/><D74/><U19/><E19/><N who="0" m="7209" /><D9/><U40/><E120/><V102/><F0/><W82/><G82/><T133/><D1/><U70/><E87/><V8/><F8/><N who="3" m="4103" /><G7/><T113/><D133/><N who="1" m="51307" /><E40/><V43/><F43/><W17/><G17/><T115/><D115/><U20/><E20/><V54/><F54/><W25/><G117/><T5/><D5/><U107/><E107/><V77/><F105/><W92/><G92/><T104/><D104/><U110/><E110/><V125/><F125/><W35/><G25/><N who="0" m="16439" /><D113/><U26/><E26/><V72/><F102/><N who="1" m="38921" /><E70/><V57/><F90/><W33/><G69/><T94/><D94/><AGARI ba="3,0" hai="2,6,10,48,55,57,68,71,72,77,81,85,88,94" machi="94" ten="30,5800,0" yaku="7,1,52,1,54,1" doraHai="80" who="2" fromWho="0" sc="264,-67,174,0,308,67,254,0" /><INIT seed="2,4,0,0,5,45" ten="197,174,375,254" oya="2" hai0="109,124,91,111,95,100,0,15,30,40,130,119,65" hai1="16,93,86,3,46,78,11,38,135,58,87,96,88" hai2="128,132,44,73,110,90,72,70,25,103,43,77,33" hai3="24,13,51,105,115,101,114,54,129,48,107,23,71"/><V94/><F70/><W108/><G71/><T69/><D0/><U50/><E135/><V17/><F132/><W32/><G108/><N who="0" m="41547" /><D124/><U84/><E38/><V37/><F128/><W10/><G32/><T20/><D130/><U4/><E58/><V66/><F66/><W123/><G123/><T118/><D100/><U18/><REACH who="1" step="1"/><E78/><REACH who="1" ten="197,164,375,254" step="2"/><V68/><F77/><W42/><G129/><T21/><D69/><U35/><E35/><V19/><F33/><W116/><G115/><T92/><D119/><U31/><E31/><V5/><F68/><W28/><G114/><T52/><D118/><U57/><E57/><V2/><F37/><W117/><G117/><T113/><D113/><U104/><E104/><V75/><F110/><W122/><G116/><T56/><D30/><U133/><E133/><V1/><F73/><W121/><G107/><T134/><D134/><U83/><E83/><V81/><F81/><W79/><G79/><T97/><D95/><U7/><E7/><V99/><F94/><W14/><G105/><T80/><D80/><U125/><E125/><V29/><F29/><W98/><G28/><T131/><D131/><U8/><E8/><V9/><F9/><W6/><G10/><T82/><D82/><U53/><AGARI ba="4,1" hai="3,4,11,16,18,46,50,53,84,86,87,88,93,96" machi="53" ten="30,12000,2" yaku="1,1,0,1,52,1,54,2,53,1" doraHai="45" doraHaiUra="49" who="1" fromWho="1" sc="197,-34,164,142,375,-64,254,-34" /><INIT seed="3,0,0,4,1,9" ten="163,306,311,220" oya="3" hai0="44,46,74,115,80,104,31,6,55,83,33,114,68" hai1="95,10,87,14,34,103,38,70,67,61,20,13,77" hai2="88,52,28,129,18,11,22,130,4,45,63,113,59" hai3="5,106,133,26,21,102,116,53,122,126,51,107,96"/><W43/><G116/><T66/><D104/><U25/><E38/><V47/><F113/><N who="0" m="43018" /><D6/><U118/><E118/><V12/><F28/><W50/><G122/><T111/><D111/><U81/><E34/><V2/><REACH who="2" step="1"/><F88/><REACH who="2" ten="163,306,301,220" step="2"/><W58/><G102/><T98/><D80/><U125/><E125/><V27/><F27/><W117/><G26/><T71/><D83/><U35/><E35/><V17/><F17/><W60/><G126/><T16/><D33/><U72/><E103/><V101/><F101/><W40/><G5/><T119/><D16/><U29/><REACH who="1" step="1"/><E10/><REACH who="1" ten="163,296,301,220" step="2"/><V24/><F24/><W54/><G117/><T123/><D119/><U79/><E79/><V78/><F78/><W32/><G32/><T108/><D123/><U19/><E19/><V92/><F92/><W69/><G107/><T48/><D31/><U121/><E121/><V3/><F3/><W37/><G106/><T91/><D91/><AGARI ba="0,2" hai="13,14,20,25,29,61,67,70,72,77,81,87,91,95" machi="91" ten="40,8000,1" yaku="1,1,52,2,53,1" doraHai="9" doraHaiUra="82" who="1" fromWho="0" sc="163,-80,296,100,301,0,220,0" /><INIT seed="4,0,0,2,1,132" ten="83,396,301,220" oya="0" hai0="60,62,9,92,66,128,52,45,15,21,90,47,125" hai1="86,41,50,80,23,77,87,84,8,31,114,124,14" hai2="130,39,76,55,36,3,29,88,35,116,101,63,117" hai3="82,72,4,53,59,81,74,32,42,12,26,96,48"/><T33/><D33/><U22/><E114/><V108/><F108/><W109/><G109/><T37/><D128/><U56/><E124/><V49/><F3/><W30/><G42/><T100/><D100/><U126/><E126/><V71/><F101/><W91/><G82/><T19/><D125/><U122/><E122/><V6/><F6/><W11/><REACH who="3" step="1"/><G96/><REACH who="3" ten="83,396,301,210" step="2"/><N who="0" m="57367" /><D37/><U85/><E41/><V13/><F39/><W10/><G10/><T64/><D9/><U105/><E8/><V107/><F36/><W98/><G98/><T58/><D62/><U18/><E80/><V110/><F63/><W0/><G0/><T123/><D123/><U70/><E77/><V133/><F130/><W25/><G25/><T97/><D97/><U67/><E87/><AGARI ba="0,1" hai="4,11,12,26,30,32,48,53,59,72,74,81,87,91" machi="87" ten="40,2600,0" yaku="1,1,53,1" doraHai="132" doraHaiUra="28" who="3" fromWho="1" sc="83,0,396,-26,301,0,210,36" /><INIT seed="5,0,0,5,3,17" ten="83,370,301,246" oya="1" hai0="101,45,74,135,131,121,73,98,8,87,106,111,77" hai1="128,113,78,125,86,90,75,31,68,82,38,114,0" hai2="11,37,40,23,72,70,117,57,22,107,63,13,100" hai3="119,132,103,60,79,42,30,33,27,130,118,123,85"/><U122/><E122/><V14/><F70/><W1/><G1/><T99/><D45/><U126/><E0/><V65/><F72/><N who="0" m="27754" /><D8/><U25/><E38/><V48/><F117/><W67/><G123/><T51/><D51/><U81/><E68/><V5/><F37/><W93/><G42/><T9/><D9/><U71/><E71/><V34/><F34/><W124/><G60/><T61/><D61/><U95/><E128/><V39/><F39/><W46/><G27/><T88/><D121/><U109/><E109/><V66/><F66/><W92/><G30/><T96/><D111/><U55/><E55/><V32/><F32/><W127/><G46/><T7/><D7/><U44/><E44/><N who="2" m="25607" /><F107/><W19/><G33/><T28/><D28/><U62/><E62/><V4/><F100/><W15/><G67/><T20/><D20/><N who="2" m="7722" /><F14/><W115/><G15/><T36/><D36/><U16/><E75/><V97/><F97/><N who="0" m="37482" /><D131/><U102/><E126/><V105/><F105/><W120/><G127/><T56/><D56/><U24/><E125/><V12/><F12/><W59/><G59/><T108/><D108/><U21/><E25/><V112/><F112/><W58/><G115/><T41/><D41/><U29/><E114/><V43/><F43/><W10/><G58/><T133/><D77/><U2/><E113/><V116/><F116/><W91/><G124/><T69/><D69/><U49/><E2/><V35/><F35/><W52/><G130/><T89/><D87/><U80/><E31/><V53/><F65/><W104/><G119/><T3/><D3/><U6/><E29/><RYUUKYOKU ba="0,0" sc="83,15,370,-15,301,15,246,-15" hai0="88,89,99,101,106,133,135" hai2="4,5,11,13,53,57,63" /><INIT seed="6,1,0,5,3,79" ten="98,355,316,231" oya="2" hai0="8,132,10,65,127,117,113,121,128,116,40,82,19" hai1="4,62,13,110,3,21,56,22,38,17,123,14,94" hai2="71,122,92,129,64,80,30,28,0,76,124,98,52" hai3="115,18,41,9,87,1,23,24,39,68,32,15,95"/><V58/><F122/><W130/><G68/><T114/><D40/><U44/><E110/><V42/><F0/><W119/><G119/><N who="0" m="45643" /><D65/><U43/><E123/><V93/><F129/><W5/><G130/><T36/><D36/><U54/><E3/><V101/><F124/><W104/><G104/><T34/><D121/><U11/><E94/><V89/><F42/><W27/><G115/><N who="0" m="44043" /><D128/><U55/><REACH who="1" step="1"/><E22/><REACH who="1" ten="98,345,316,231" step="2"/><V97/><F71/><W118/><G23/><T45/><D45/><U6/><E6/><V88/><F101/><W102/><G5/><T120/><D120/><U35/><E35/><V111/><F111/><W7/><G32/><T85/><D34/><U135/><E135/><V105/><F105/><W125/><G102/><T53/><D132/><U77/><E77/><V48/><F64/><AGARI ba="1,1" hai="4,11,13,14,17,21,38,43,44,54,55,56,62,64" machi="64" ten="30,2000,0" yaku="1,1,7,1,53,0" doraHai="79" doraHaiUra="73" who="1" fromWho="2" sc="98,0,345,33,316,-23,231,0" /><INIT seed="7,0,0,5,1,6" ten="98,378,293,231" oya="3" hai0="135,68,24,88,13,93,0,49,37,8,111,40,38" hai1="115,85,108,87,65,53,118,134,60,124,127,84,83" hai2="44,46,30,11,26,27,107,64,15,106,133,80,73" hai3="72,90,97,2,33,112,125,109,12,81,61,48,5"/><W58/><G2/><T57/><D111/><U18/><E108/><V67/><F73/><W76/><G33/><T77/><D68/><U116/><E115/><V101/><F80/><W69/><G112/><T110/><D110/><U62/><E134/><V122/><F122/><W50/><G69/><T117/><D117/><N who="1" m="45163" /><E18/><V19/><F133/><W105/><G125/><N who="1" m="48202" /><E53/><V29/><F101/><W10/><G109/><T100/><D135/><U36/><E36/><V56/><F56/><W39/><G39/><T128/><D128/><U14/><E14/><V35/><F46/><W96/><G105/><T7/><D77/><N who="1" m="46191" /><E60/><V31/><F44/><W131/><G131/><T132/><D132/><U25/><E25/><V55/><F55/><W20/><G20/><T123/><D123/><U130/><E130/><V92/><F31/><W45/><G45/><T16/><D100/><U121/><E121/><V34/><F67/><W120/><G120/><T3/><D24/><U82/><E82/><V75/><F64/><W126/><G126/><T51/><D3/><U9/><E9/><V86/><F75/><W99/><G90/><AGARI ba="0,0" hai="11,15,19,26,27,29,30,34,35,86,90,92,106,107" machi="90" ten="40,2600,0" yaku="9,1,52,1" doraHai="6" who="2" fromWho="3" sc="98,0,378,0,293,26,231,-26" owari="98,-40.0,378,47.0,319,12.0,205,-19.0" /></mjloggm>