<mjloggm ver="2.3"><GO type="169" lobby="0"/><UN n0="%E6%93%8D" n1="%6C%67%32%31" n2="%E5%B0%B1%E6%B4%BB%E7%94%9F%40%E5%B7%9D%E6%9D%91%E8%BB%8D%E5%9B%A3" n3="%E5%85%83%E7%8F%8D" dan="16,17,17,16" rate="2109.36,2179.63,2144.28,2190.72" sx="M,M,M,M"/><TAIKYOKU oya="0"/><INIT seed="0,0,0,3,5,130" ten="250,250,250,250" oya="0" hai0="1,77,59,60,0,88,61,51,126,102,58,82,127" hai1="103,42,4,13,63,41,128,79,134,87,132,6,78" hai2="121,18,97,31,37,24,124,15,115,54,44,39,110" hai3="118,50,75,129,21,10,68,67,114,122,9,70,96"/><T69/><D102/><U28/><E128/><V81/><F115/><W107/><G129/><T25/><D51/><U85/><E28/><V11/><F121/><W72/><G114/><T57/><D25/><U49/><E49/><V46/><F124/><W7/><G118/><T109/><D77/><N who="1" m="29195" /><E103/><V52/><F110/><W40/><G122/><T89/><D82/><U19/><E63/><N who="0" m="24137" /><D69/><U30/><E30/><V111/><F111/><W14/><G70/><T119/><D119/><U101/><E101/><V80/><F97/><W26/><G107/><T104/><D104/><U94/><E94/><V22/><F39/><W27/><G96/><T23/><D23/><U8/><E85/><V73/><F37/><W65/><G68/><T64/><D64/><U133/><E87/><V5/><F73/><W131/><G131/><T20/><D20/><N who="1" m="11375" /><E6/><V29/><F29/><W106/><G106/><T90/><D109/><U83/><E83/><N who="2" m="31819" /><F31/><W74/><G21/><T108/><D108/><U100/><E100/><V33/><F33/><W86/><G86/><T116/><D116/><U113/><E113/><V135/><F135/><W117/><G117/><T34/><D34/><U123/><E123/><V76/><F76/><W71/><G71/><T48/><D48/><U17/><E17/><V45/><AGARI ba="0,0" hai="5,11,15,18,22,24,44,45,46,52,54" m="31819" machi="45" ten="30,2000,0" yaku="8,1,54,1" doraHai="130" who="2" fromWho="2" sc="250,-10,250,-5,250,20,250,-5" /><INIT seed="1,0,0,4,1,61" ten="240,245,270,245" oya="1" hai0="131,121,1,93,80,9,115,3,27,36,55,129,102" hai1="90,40,109,68,107,113,38,97,45,119,114,82,132" hai2="94,88,18,116,84,56,110,10,62,74,104,117,28" hai3="51,59,67,33,123,99,103,105,122,87,69,23,83"/><U25/><E119/><V42/><F104/><W32/><G69/><T48/><D36/><U13/><E132/><V126/><F74/><W89/><G33/><T111/><D115/><U75/><E68/><V7/><F126/><W35/><G35/><T26/><D80/><U72/><E25/><V16/><F28/><W112/><G32/><T133/><D133/><U60/><E109/><V66/><F42/><W118/><G112/><T4/><D3/><U44/><E44/><V0/><REACH who="2" step="1"/><F110/><REACH who="2" ten="240,245,260,245" step="2"/><W39/><G118/><AGARI ba="0,1" hai="0,7,10,16,18,56,62,66,84,88,94,116,117,118" machi="118" ten="40,12000,2" yaku="1,1,2,1,52,1,54,2,53,1" doraHai="61" doraHaiUra="86" who="2" fromWho="3" sc="240,0,245,0,260,130,245,-120" /><INIT seed="2,0,0,2,0,111" ten="240,245,390,125" oya="2" hai0="101,24,31,40,20,54,2,117,110,45,95,128,15" hai1="38,115,85,14,103,23,43,112,93,8,26,132,121" hai2="107,57,133,89,105,35,67,21,46,28,48,6,25" hai3="129,74,109,7,120,100,102,87,19,135,30,69,53"/><V22/><F133/><W81/><G74/><T55/><D2/><U130/><E132/><V41/><F6/><W122/><G135/><T123/><D110/><U78/><E38/><V134/><F134/><W118/><G118/><T119/><D123/><U106/><E43/><V72/><F72/><W50/><G109/><T76/><D76/><U51/><E51/><V60/><F35/><W77/><G69/><T114/><D114/><U108/><E108/><V91/><F105/><W0/><G129/><T49/><D128/><U5/><E106/><V66/><F107/><W27/><G19/><T59/><D55/><U124/><E130/><V73/><F73/><W96/><G7/><T1/><D1/><U10/><E124/><V116/><F116/><W127/><G0/><T12/><D119/><U125/><E125/><V92/><F22/><W94/><G102/><T4/><D4/><U36/><E36/><V16/><F28/><W11/><G11/><T90/><D101/><U97/><E121/><V131/><F131/><W70/><G70/><T63/><REACH who="0" step="1"/><D117/><REACH who="0" ten="230,245,390,125" step="2"/><U56/><E78/><V83/><F91/><W33/><REACH who="3" step="1"/><G127/><REACH who="3" ten="230,245,390,115" step="2"/><T9/><D9/><U64/><E10/><V71/><F89/><W58/><AGARI ba="0,2" hai="27,30,33,50,53,58,77,81,87,94,96,100,120,122" machi="58" ten="20,5200,0" yaku="1,1,2,1,0,1,7,1,53,0" doraHai="111" doraHaiUra="3" who="3" fromWho="3" sc="230,-13,245,-13,390,-26,115,72" /><INIT seed="3,0,0,3,2,111" ten="217,232,364,187" oya="3" hai0="75,85,73,109,91,58,42,118,108,8,101,25,20" hai1="120,43,10,53,48,96,76,32,13,47,104,38,78" hai2="134,6,3,95,67,88,127,92,123,66,106,28,90" hai3="71,124,61,102,100,1,49,45,83,65,19,36,113"/><W116/><G116/><T24/><D101/><U89/><E120/><V128/><F106/><W84/><G1/><T80/><D118/><U52/><E32/><V93/><F123/><W30/><G36/><T60/><D42/><U18/><E53/><V14/><F3/><W107/><G107/><T31/><D8/><U110/><E110/><N who="0" m="42601" /><D25/><U68/><E68/><V99/><F128/><W97/><G124/><T55/><AGARI ba="0,0" hai="20,24,31,55,58,60,73,75,80,85,91" m="42601" machi="55" ten="30,1100,0" yaku="14,1" doraHai="111" who="0" fromWho="0" sc="217,11,232,-3,364,-3,187,-5" /><INIT seed="4,0,0,5,5,15" ten="228,229,361,182" oya="0" hai0="84,56,37,53,62,34,128,63,59,73,50,67,25" hai1="7,6,40,46,108,75,38,47,114,3,71,2,90" hai2="20,33,17,96,10,18,8,32,48,110,122,123,24" hai3="11,5,51,97,54,120,21,125,88,133,87,42,28"/><T65/><D73/><U12/><E108/><V112/><F96/><W124/><G133/><T104/><D104/><U99/><E71/><V127/><F48/><W41/><G120/><N who="2" m="46121" /><F110/><W52/><G97/><T98/><D98/><U70/><E70/><V135/><F127/><N who="3" m="48715" /><G28/><T1/><D1/><U64/><E6/><V30/><F112/><W80/><G21/><T16/><D34/><N who="2" m="13418" /><F135/><W43/><G51/><T27/><D128/><U0/><E75/><V126/><F126/><W111/><G111/><T83/><D37/><U69/><E38/><V86/><F86/><W26/><G26/><T93/><D93/><U4/><E40/><N who="3" m="10242" /><W44/><DORA hai="82" /><G44/><T78/><D50/><U132/><E46/><V9/><AGARI ba="0,0" hai="8,9,10,17,18,20,24,30" m="13418,46121" machi="9" ten="40,8000,1" yaku="34,2,52,2" doraHai="15,82" who="2" fromWho="2" sc="228,-40,229,-20,361,80,182,-20" /><INIT seed="5,0,0,4,1,105" ten="188,209,441,162" oya="1" hai0="15,10,99,112,40,2,36,28,30,29,114,16,63" hai1="66,86,98,110,107,134,35,33,69,116,23,24,46" hai2="7,87,39,122,93,9,119,74,12,20,19,60,117" hai3="78,135,0,84,130,113,4,72,45,52,77,67,21"/><U1/><E116/><V3/><F39/><W54/><G113/><N who="0" m="43627" /><D40/><U92/><E1/><V31/><F74/><W124/><G135/><T41/><D41/><U118/><E118/><V58/><F122/><W80/><G130/><T111/><D36/><U44/><E134/><V13/><F31/><W82/><G124/><T47/><D47/><U127/><E127/><V42/><F42/><W85/><G67/><T89/><D63/><U5/><E5/><V56/><F56/><W76/><G45/><T26/><D89/><U59/><E69/><V61/><F61/><W108/><G108/><T18/><D99/><U25/><E110/><V70/><F70/><W91/><G21/><N who="0" m="13623" /><D111/><U14/><E107/><V96/><F87/><W57/><G54/><T132/><D132/><U88/><E35/><V83/><F83/><W121/><G121/><T49/><D49/><U97/><E33/><V128/><F128/><W17/><G17/><T126/><D2/><U55/><E66/><V65/><F3/><W37/><G37/><T64/><D64/><U129/><E129/><V81/><F81/><W50/><REACH who="3" step="1"/><G84/><REACH who="3" ten="188,209,441,152" step="2"/><T8/><D126/><U101/><E86/><V22/><F22/><AGARI ba="0,1" hai="8,10,15,16,22,28,29,30" m="13623,43627" machi="22" ten="30,7700,0" yaku="15,1,34,2,54,1" doraHai="105" who="0" fromWho="2" sc="188,87,209,0,441,-77,152,0" /><INIT seed="6,0,0,0,5,122" ten="275,209,364,152" oya="2" hai0="88,101,77,132,126,14,55,93,83,129,37,127,121" hai1="82,8,72,87,27,17,108,46,15,90,5,9,26" hai2="21,68,25,134,16,114,133,4,36,28,40,30,135" hai3="39,124,102,44,75,51,35,31,81,94,125,116,13"/><V57/><F68/><W65/><G116/><T50/><D37/><U71/><E71/><V43/><F114/><W48/><G39/><T106/><D121/><U95/><E108/><V91/><F4/><W80/><G65/><T45/><D14/><U123/><E123/><V11/><F11/><W69/><G69/><T54/><D54/><U1/><E72/><V19/><F19/><W0/><G0/><T6/><D6/><U103/><E103/><V60/><F91/><W76/><G81/><T18/><D18/><U64/><E64/><V111/><F111/><W85/><G13/><T42/><D42/><N who="2" m="15914" /><F36/><W47/><G31/><T56/><D101/><U41/><REACH who="1" step="1"/><E95/><REACH who="1" ten="275,199,364,152" step="2"/><V20/><F134/><W86/><G75/><T38/><D93/><U74/><E74/><V59/><F135/><W119/><G102/><T104/><D104/><U99/><E99/><V97/><F97/><W98/><G98/><T66/><D106/><U107/><E107/><V110/><F110/><W115/><G94/><T58/><D66/><U118/><E118/><V128/><F133/><W73/><G73/><T70/><D70/><U84/><E84/><V22/><F128/><W92/><G119/><T130/><D129/><U2/><E2/><V29/><F25/><W53/><G92/><T96/><D96/><U49/><AGARI ba="0,1" hai="1,5,8,9,15,17,26,27,41,46,49,82,87,90" machi="49" ten="20,5200,0" yaku="1,1,0,1,7,1,53,1" doraHai="122" doraHaiUra="3" who="1" fromWho="1" sc="275,-13,199,62,364,-26,152,-13" /><INIT seed="7,0,0,0,1,9" ten="262,261,338,139" oya="3" hai0="118,64,61,134,131,68,66,41,108,34,98,42,65" hai1="19,116,51,85,23,16,14,97,88,36,101,6,3" hai2="132,53,112,69,113,100,79,29,135,12,2,46,40" hai3="72,90,20,120,102,82,110,94,48,111,128,78,92"/><W122/><G48/><T80/><D34/><U76/><E36/><V43/><F2/><W13/><G128/><T8/><D131/><U15/><E3/><V58/><F69/><W107/><G20/><T10/><D118/><U27/><E116/><V93/><F79/><W115/><G115/><N who="2" m="44105" /><F12/><N who="1" m="4649" /><E76/><V70/><F29/><W45/><G45/><T1/><D1/><U55/><E6/><V81/><F81/><W49/><G49/><T63/><D10/><U26/><E101/><V86/><F70/><W57/><G57/><T129/><D8/><U17/><E97/><N who="2" m="59439" /><F86/><N who="3" m="52311" /><G13/><T47/><D129/><U67/><E67/><V124/><F124/><W22/><G22/><T0/><D0/><U87/><E87/><V95/><F95/><W5/><G94/><T83/><D66/><U89/><E85/><V84/><F84/><W33/><G33/><T54/><D65/><U4/><E4/><V38/><F43/><W109/><G5/><T44/><D64/><U96/><E96/><AGARI ba="0,0" hai="72,78,82,96,102,107,109,110,111,120,122" m="52311" machi="96" ten="30,11600,0" yaku="24,1,10,1,34,2" doraHai="9" who="3" fromWho="1" sc="262,0,261,-116,338,0,139,116" /><INIT seed="7,1,0,4,3,71" ten="262,145,338,255" oya="3" hai0="26,62,92,21,112,109,79,64,66,106,133,16,119" hai1="33,110,52,3,130,82,125,35,99,124,10,11,61" hai2="78,60,113,121,117,58,47,0,29,27,51,118,68" hai3="56,123,95,107,18,105,2,42,122,41,39,17,72"/><W9/><G72/><T7/><D106/><U63/><E110/><V76/><F0/><W23/><G95/><T6/><D119/><U49/><E130/><V69/><F113/><W59/><G23/><T13/><D109/><U75/><E99/><V40/><F69/><W88/><G9/><T100/><D79/><U104/><E104/><V80/><F68/><W14/><G14/><T129/><D129/><U89/><E11/><V50/><F50/><W98/><G98/><T73/><D73/><U83/><E83/><V20/><F78/><W4/><G4/><T36/><D112/><U15/><E3/><V101/><F101/><W114/><G114/><T81/><D81/><U30/><E30/><V74/><F121/><W38/><G2/><T46/><D92/><U48/><E48/><V116/><F116/><W1/><G1/><T127/><D100/><U55/><E55/><AGARI ba="1,0" hai="20,27,29,40,47,51,55,58,60,74,76,80,117,118" machi="55" ten="30,1000,0" yaku="7,1" doraHai="71" who="2" fromWho="1" sc="262,0,145,-13,338,13,255,0" owari="262,6.0,132,-37.0,351,45.0,255,-14.0" /></mjloggm>