<mjloggm ver="2.3"><GO type="169" lobby="0"/><UN n0="%E4%B8%AD%E3%81%AE%E4%B8%8A" n1="%E2%98%85%E6%84%9B%E5%BD%A9%E2%98%85" n2="%E3%82%A6%E3%83%AB%E3%83%88%E3%83%A9%E7%AB%8B%E7%9B%B4" n3="%E3%82%B8%E3%83%A3%E3%82%B9%E3%82%BF%E3%82%A6%E3%82%A7%E3%82%A4" dan="16,16,17,17" rate="2105.75,2038.27,2165.14,2194.22" sx="M,F,M,M"/><TAIKYOKU oya="0"/><INIT seed="0,0,0,0,4,89" ten="250,250,250,250" oya="0" hai0="125,0,8,9,84,104,25,18,135,45,128,53,103" hai1="106,63,20,64,41,85,37,123,27,118,86,107,113" hai2="11,105,70,4,131,93,102,26,16,73,91,28,50" hai3="126,32,54,78,6,29,5,36,22,79,24,134,108"/><T35/><D104/><U99/><E123/><V75/><F70/><W13/><G36/><T124/><D103/><U58/><E118/><V101/><F131/><W76/><G108/><T112/><D45/><U81/><E86/><V23/><F105/><W56/><G134/><T62/><D53/><U94/><E113/><V71/><F71/><W82/><G126/><N who="0" m="48747" /><D62/><U59/><E59/><V7/><F75/><W33/><G82/><T57/><D57/><U116/><E116/><V129/><F73/><W40/><G40/><T115/><D84/><U119/><E119/><V15/><F129/><W51/><G32/><T96/><D96/><U92/><E94/><V120/><F120/><W130/><G130/><T47/><D47/><U3/><E3/><V46/><F102/><W67/><G33/><T72/><D72/><U68/><E68/><V12/><F101/><W21/><G67/><T97/><D97/><U19/><E41/><V114/><F114/><N who="0" m="43562" /><D128/><U90/><E37/><V2/><F50/><W44/><G44/><T49/><D49/><U55/><E64/><V83/><F46/><W111/><G111/><T88/><D135/><U87/><E87/><V39/><F39/><W31/><G13/><N who="0" m="7471" /><D0/><U110/><E110/><V121/><F2/><W38/><G38/><T52/><D35/><U77/><AGARI ba="0,0" hai="19,20,27,55,58,63,77,81,85,90,92,99,106,107" machi="77" ten="20,8000,1" yaku="0,1,7,1,25,2,52,1" doraHai="89" who="1" fromWho="1" sc="250,-40,250,80,250,-20,250,-20" /><INIT seed="1,0,0,3,3,92" ten="210,330,230,230" oya="1" hai0="115,134,2,128,62,65,31,130,63,33,17,49,52" hai1="94,88,117,86,16,27,19,79,7,3,98,120,75" hai2="127,41,91,70,89,50,131,39,0,18,67,95,87" hai3="103,57,56,73,125,47,102,40,114,71,1,78,12"/><U99/><E120/><V30/><F39/><W101/><G71/><T35/><D115/><U10/><E117/><V123/><F123/><W129/><G114/><T72/><D72/><U105/><E105/><V76/><F0/><W48/><G1/><T37/><D37/><U21/><REACH who="1" step="1"/><E19/><REACH who="1" ten="210,320,230,230" step="2"/><V83/><F18/><W106/><G106/><T15/><D17/><U24/><E24/><V53/><F127/><W93/><G125/><T8/><D130/><U90/><E90/><V100/><F91/><W20/><G129/><T13/><D128/><U81/><AGARI ba="0,1" hai="3,7,10,16,21,27,75,79,81,86,88,94,98,99" machi="81" ten="30,18000,2" yaku="1,1,0,1,52,2,54,2,53,1" doraHai="92" doraHaiUra="85" who="1" fromWho="1" sc="210,-60,320,190,230,-60,230,-60" /><INIT seed="1,1,0,1,0,92" ten="150,510,170,170" oya="1" hai0="11,133,53,26,78,87,7,6,51,35,18,95,44" hai1="85,27,33,58,32,57,15,62,56,23,91,126,100" hai2="101,130,4,94,119,5,134,86,43,75,81,98,31" hai3="129,12,59,64,117,118,49,63,90,109,108,30,79"/><U122/><E122/><V112/><F119/><N who="3" m="45579" /><G79/><T39/><D133/><U76/><E126/><V74/><F134/><W71/><G30/><T50/><D39/><U42/><E42/><V93/><F31/><W120/><G12/><N who="0" m="7455" /><D35/><U88/><E15/><V45/><F112/><W55/><G90/><N who="0" m="53727" /><D78/><U89/><E76/><V123/><F123/><W106/><G106/><T8/><D8/><U9/><E9/><V37/><F130/><W72/><G72/><T111/><D111/><N who="3" m="42569" /><G120/><T114/><D114/><U47/><E33/><V16/><F75/><W66/><G66/><T124/><D26/><U80/><E32/><V29/><F74/><W82/><G82/><T46/><D124/><U60/><E80/><V3/><F81/><W107/><G107/><T10/><D10/><U104/><E27/><V116/><F116/><W99/><G99/><T113/><D113/><U19/><E104/><V83/><F83/><W97/><G97/><T20/><D20/><U131/><E23/><V135/><F135/><W110/><N who="3" m="42577" /><W105/><DORA hai="73" /><G105/><T14/><D14/><U128/><E85/><V132/><F86/><W67/><G67/><T25/><D25/><U77/><E131/><AGARI ba="1,0" hai="49,55,59,63,64,71,129,131" m="42577,45579" machi="131" ten="50,8000,1" yaku="12,1,14,1,34,2" doraHai="92,73" who="3" fromWho="1" sc="150,0,510,-83,170,0,170,83" /><INIT seed="2,0,0,2,0,87" ten="150,427,170,253" oya="2" hai0="112,73,117,86,13,42,47,54,10,127,89,79,101" hai1="43,93,120,92,71,32,81,15,26,80,94,35,134" hai2="126,27,17,123,133,40,6,5,75,64,111,56,131" hai3="63,22,48,8,60,0,21,38,78,103,113,65,96"/><V95/><F123/><W72/><G113/><T115/><D127/><U29/><E71/><V90/><F126/><W51/><G38/><T104/><D117/><U77/><E120/><V83/><F131/><W30/><G78/><T99/><D54/><U68/><E68/><V128/><F128/><W53/><G72/><T100/><D100/><U61/><E134/><V3/><F3/><W124/><G124/><T135/><D135/><U23/><E81/><V98/><F133/><W58/><G8/><T50/><D73/><U59/><E15/><V12/><F111/><W106/><G0/><T4/><REACH who="0" step="1"/><D79/><REACH who="0" ten="140,427,170,253" step="2"/><U108/><E108/><V132/><F132/><W34/><G60/><T52/><D52/><U20/><E43/><V88/><F40/><W84/><G53/><T14/><D14/><U114/><E114/><V82/><F75/><W102/><G102/><T55/><D55/><U25/><E77/><V9/><F27/><W67/><G63/><T39/><D39/><U110/><E110/><V76/><F76/><W36/><G36/><T28/><D28/><U62/><E62/><N who="2" m="37959" /><F90/><W19/><G51/><T11/><D11/><U105/><E26/><V18/><F5/><W69/><G48/><T121/><D121/><U116/><E25/><V97/><F97/><W1/><G96/><T125/><D125/><U33/><E61/><V37/><F37/><W46/><G69/><T119/><D119/><U44/><E116/><V129/><F129/><W70/><G70/><T45/><D45/><U66/><E44/><V49/><F49/><W57/><G46/><T122/><D122/><RYUUKYOKU ba="0,1" sc="140,15,427,-15,170,15,253,-15" hai0="4,10,13,42,47,50,86,89,99,101,104,112,115" hai2="6,9,12,17,18,82,83,88,95,98" /><INIT seed="2,1,1,1,2,130" ten="155,412,185,238" oya="2" hai0="96,101,118,87,35,49,24,2,124,55,79,119,81" hai1="37,62,68,125,36,17,43,26,42,33,121,127,53" hai2="91,102,99,82,111,15,84,13,134,104,28,126,38" hai3="50,64,123,86,51,32,58,5,46,25,45,74,65"/><V27/><F126/><N who="1" m="48137" /><E33/><V120/><F120/><W114/><G74/><T12/><D2/><U3/><E3/><V77/><F111/><W52/><G5/><T22/><D35/><U34/><E34/><V60/><F38/><N who="1" m="14953" /><E17/><V41/><F41/><N who="1" m="15369" /><E26/><V100/><F100/><W112/><G86/><T31/><D12/><U117/><E117/><N who="0" m="44553" /><D124/><U7/><E7/><V71/><F134/><W106/><G25/><T131/><D101/><U21/><E21/><V20/><REACH who="2" step="1"/><F77/><REACH who="2" ten="155,412,175,238" step="2"/><W115/><G123/><T85/><D79/><U95/><E121/><V78/><F78/><W18/><G106/><T56/><D131/><U113/><E113/><V11/><F11/><W0/><G115/><T30/><D30/><U54/><E95/><V105/><F105/><W76/><G76/><T110/><D31/><U8/><E8/><V44/><F44/><W109/><G46/><T63/><D110/><U1/><E1/><V97/><F97/><W29/><G0/><T61/><D96/><U122/><E122/><V19/><F19/><W89/><G109/><T10/><D10/><U16/><E16/><V129/><F129/><W48/><G18/><T39/><D39/><U93/><E93/><V23/><F23/><W80/><G45/><T69/><D85/><U128/><E128/><V70/><F70/><W72/><G114/><T98/><D87/><U108/><E108/><V66/><AGARI ba="1,2" hai="13,15,20,27,28,60,66,71,82,84,91,99,102,104" machi="66" ten="30,3000,0" yaku="1,1,0,1,53,0" doraHai="130" doraHaiUra="47" who="2" fromWho="2" sc="155,-11,412,-11,175,53,238,-11" /><INIT seed="2,2,0,0,3,37" ten="144,401,228,227" oya="2" hai0="53,62,93,73,89,28,5,130,70,124,33,27,50" hai1="77,69,115,49,118,110,129,1,14,12,119,36,54" hai2="83,107,26,41,127,88,46,85,6,24,42,95,92" hai3="13,98,66,101,64,63,76,57,84,80,7,114,52"/><V125/><F107/><W74/><G74/><T103/><D73/><U40/><E1/><V30/><F6/><W0/><G0/><T123/><D123/><U79/><E115/><V120/><F120/><W65/><G114/><T4/><D124/><N who="2" m="47690" /><F26/><W71/><G71/><T21/><D130/><U78/><E69/><V2/><F2/><W15/><REACH who="3" step="1"/><G7/><REACH who="3" ten="144,401,228,217" step="2"/><T86/><D4/><U117/><E117/><V39/><F42/><W23/><G23/><AGARI ba="2,1" hai="23,24,30,39,41,46,83,85,88,92,95" m="47690" machi="23" ten="30,5800,0" yaku="18,1,52,1,54,1" doraHai="37" who="2" fromWho="3" sc="144,0,401,0,228,74,217,-64" /><INIT seed="2,3,0,0,2,110" ten="144,401,302,153" oya="2" hai0="18,2,127,88,20,84,43,14,3,83,91,40,42" hai1="21,44,34,11,97,41,7,102,19,28,77,109,104" hai2="72,29,121,62,132,73,119,111,53,81,126,99,120" hai3="85,128,1,108,4,114,13,115,67,78,130,32,27"/><V93/><F119/><W76/><G108/><T122/><D122/><N who="2" m="47210" /><F53/><W105/><G105/><T65/><D127/><U80/><E109/><V131/><F62/><W82/><G1/><T118/><D118/><U69/><E69/><V123/><F111/><W89/><G67/><T66/><D2/><U103/><E103/><V47/><F47/><W0/><G0/><T45/><D3/><U90/><E90/><V135/><F29/><N who="3" m="19519" /><G4/><T74/><D74/><N who="2" m="28778" /><F123/><W17/><G78/><T71/><D71/><U133/><E28/><V94/><F126/><W96/><G96/><T52/><REACH who="0" step="1"/><D91/><REACH who="0" ten="134,401,302,153" step="2"/><U98/><E98/><V51/><F99/><W92/><G76/><T106/><D106/><U86/><E97/><V48/><F131/><N who="3" m="50219" /><G92/><N who="2" m="35433" /><F81/><W113/><G113/><T125/><D125/><U79/><E80/><V124/><F124/><W24/><G24/><T30/><D30/><U16/><E104/><V38/><F38/><W46/><G46/><T25/><D25/><U134/><E44/><V60/><F60/><W6/><G13/><T68/><D68/><U63/><E79/><V22/><F51/><AGARI ba="3,1" hai="14,18,20,40,42,43,45,51,52,65,66,83,84,88" machi="51" ten="40,8000,1" yaku="1,1,8,1,54,2,53,1" doraHai="110" doraHaiUra="10" who="0" fromWho="2" sc="134,99,401,0,302,-89,153,0" /><INIT seed="3,0,0,5,2,17" ten="233,401,213,153" oya="3" hai0="78,47,43,44,134,60,6,2,91,51,107,82,3" hai1="92,115,53,112,56,128,83,123,99,127,21,75,130" hai2="52,59,132,40,39,77,50,106,57,133,35,54,29" hai3="11,102,69,129,8,86,58,103,63,65,79,80,7"/><W28/><G129/><N who="1" m="49770" /><E123/><V95/><F106/><W113/><G113/><T126/><D107/><U120/><E127/><V4/><F77/><W90/><G69/><T117/><D117/><U76/><E120/><V0/><F4/><W105/><G105/><T101/><D126/><U114/><E21/><V38/><F0/><W46/><G28/><T33/><D33/><U70/><E70/><V55/><F95/><W31/><G31/><T37/><D101/><N who="1" m="60647" /><E115/><V27/><F40/><W18/><G90/><T124/><D134/><U45/><E45/><V87/><F87/><W19/><G46/><T20/><D124/><U9/><E9/><N who="3" m="3658" /><G7/><T131/><D131/><U119/><E119/><V30/><F30/><W5/><G5/><T14/><D6/><U68/><E68/><V10/><F10/><W108/><G108/><T15/><D2/><U41/><E41/><V62/><REACH who="2" step="1"/><F55/><REACH who="2" ten="233,401,203,153" step="2"/><W73/><G73/><T64/><D3/><U96/><E96/><V111/><F111/><W98/><G98/><T24/><D43/><U135/><E135/><AGARI ba="0,1" hai="27,29,35,38,39,50,52,54,57,59,62,132,133,135" machi="135" ten="40,5200,0" yaku="1,1,20,1,54,1,53,0" doraHai="17" doraHaiUra="42" who="2" fromWho="1" sc="233,0,401,-52,203,62,153,0" /><INIT seed="4,0,0,5,0,70" ten="233,349,265,153" oya="0" hai0="96,67,24,2,22,48,77,78,25,80,55,126,118" hai1="116,74,107,27,32,51,54,13,29,33,7,3,5" hai2="64,53,89,61,38,119,94,60,85,108,115,30,58" hai3="4,82,134,128,1,114,130,135,11,122,93,26,28"/><T72/><D118/><U35/><E107/><V18/><F108/><W41/><G93/><T16/><D126/><U37/><E74/><V105/><F105/><W31/><G82/><T12/><D2/><U10/><E116/><V81/><F115/><W124/><G41/><T62/><D78/><U75/><E75/><V57/><F119/><W49/><G49/><T36/><D36/><U43/><E7/><V47/><F30/><W0/><G114/><T44/><REACH who="0" step="1"/><D96/><REACH who="0" ten="223,349,265,153" step="2"/><U20/><E37/><V88/><F38/><W111/><G122/><T15/><D15/><U52/><E3/><V69/><F69/><AGARI ba="0,1" hai="12,16,22,24,25,44,48,55,62,67,69,72,77,80" machi="69" ten="30,5800,0" yaku="1,1,7,1,54,1,53,0" doraHai="70" doraHaiUra="95" who="0" fromWho="2" sc="223,68,349,0,265,-58,153,0" /><INIT seed="4,1,0,3,2,75" ten="291,349,207,153" oya="0" hai0="91,113,25,111,117,124,56,131,2,90,42,32,135" hai1="116,98,112,3,63,68,39,96,8,122,83,105,5" hai2="71,18,114,76,84,50,73,80,53,59,47,121,21" hai3="41,94,61,54,45,104,1,107,6,102,123,55,51"/><T15/><D2/><U38/><E98/><V11/><F71/><W115/><G115/><T10/><D117/><U46/><E46/><V49/><F121/><W89/><G123/><T13/><D42/><U99/><E99/><V29/><F114/><W30/><G30/><T126/><D113/><U87/><E122/><V34/><F11/><W95/><G1/><T74/><D74/><U119/><E112/><V100/><F100/><W108/><G108/><T134/><D56/><U120/><E120/><V19/><F34/><W133/><G133/><N who="0" m="50699" /><D111/><U0/><E0/><V28/><F73/><W81/><G6/><N who="0" m="3287" /><D15/><U14/><E14/><V128/><F128/><W9/><G9/><T78/><D78/><U31/><E8/><V64/><F19/><W23/><G23/><T110/><D110/><U27/><E3/><V22/><F22/><W17/><G17/><T69/><D69/><U44/><E119/><V109/><F109/><W72/><G72/><T77/><D77/><U130/><E130/><V70/><F70/><W40/><G40/><T79/><D79/><U132/><E68/><V52/><REACH who="2" step="1"/><F64/><REACH who="2" ten="291,349,197,153" step="2"/><W35/><G35/><T82/><D131/><U37/><E132/><V62/><F62/><W20/><G20/><T129/><D129/><U66/><E63/><V33/><F33/><W60/><G102/><T26/><D32/><U101/><E101/><V97/><F97/><W57/><G107/><T86/><D91/><U118/><E118/><V93/><F93/><W103/><G104/><T127/><AGARI ba="1,1" hai="25,26,82,86,90,124,126,127" m="3287,50699" machi="127" ten="40,3900,0" yaku="18,1,20,1" doraHai="75" who="0" fromWho="0" sc="291,52,349,-14,197,-14,153,-14" /><INIT seed="4,2,0,4,1,90" ten="343,335,183,139" oya="0" hai0="33,66,30,132,104,71,29,98,1,62,70,85,48" hai1="46,31,94,131,127,84,128,7,124,87,43,72,39" hai2="16,92,77,103,86,133,76,113,83,51,116,61,6" hai3="108,65,42,117,88,59,14,18,123,17,118,15,47"/><T44/><D1/><U37/><E72/><V100/><F6/><W81/><G108/><T4/><D4/><U41/><E31/><V101/><F113/><W9/><G123/><T134/><D71/><U10/><E10/><V91/><F133/><N who="0" m="51306" /><D33/><U36/><E7/><V126/><F126/><N who="1" m="48169" /><E46/><V56/><F116/><W75/><G75/><T130/><D130/><N who="1" m="49707" /><E94/><V40/><F83/><W2/><G2/><T45/><D45/><U5/><E5/><V26/><F51/><N who="3" m="27127" /><G118/><T119/><D119/><U80/><E80/><V82/><F82/><W35/><G35/><T105/><D29/><U13/><E13/><N who="3" m="4618" /><G9/><T24/><D30/><U25/><E25/><V53/><REACH who="2" step="1"/><F40/><AGARI ba="2,0" hai="36,37,39,40,41,43,84,87" m="49707,48169" machi="40" ten="40,8000,1" yaku="28,2,18,1,19,1" doraHai="90" who="1" fromWho="2" sc="343,0,335,86,183,-86,139,0" /><INIT seed="5,0,0,4,3,58" ten="343,421,97,139" oya="1" hai0="31,115,118,29,43,87,45,17,65,9,40,116,72" hai1="22,75,134,106,135,53,62,101,7,133,66,79,21" hai2="123,70,34,28,13,77,55,98,3,69,124,19,108" hai3="100,0,51,12,25,102,1,99,125,109,94,117,15"/><U2/><E53/><V85/><F108/><W103/><G109/><T56/><D72/><U81/><E7/><V132/><F123/><W112/><G112/><T5/><D115/><U61/><E2/><V71/><F124/><W67/><G125/><T92/><D17/><U60/><E66/><V90/><F132/><W27/><G117/><T16/><D118/><U78/><E78/><V105/><F3/><W57/><G0/><T14/><D116/><U48/><E48/><V76/><F28/><N who="0" m="10826" /><D45/><U97/><AGARI ba="0,0" hai="21,22,60,61,62,75,79,81,97,101,106,133,134,135" machi="97" ten="40,12000,1" yaku="0,1,20,1,52,3" doraHai="58" who="1" fromWho="1" sc="343,-40,421,120,97,-40,139,-40" /><INIT seed="5,1,0,5,3,52" ten="303,541,57,99" oya="1" hai0="131,13,70,26,109,57,31,27,19,24,7,110,69" hai1="53,74,28,12,59,23,51,61,122,115,76,18,68" hai2="22,37,43,82,67,34,20,83,90,11,25,17,100" hai3="89,97,65,35,2,94,14,111,119,58,113,36,73"/><U130/><E122/><V42/><F34/><W45/><G2/><T128/><D57/><U105/><E105/><V135/><F135/><W104/><G111/><N who="0" m="42507" /><D70/><U93/><E74/><V4/><F100/><W95/><G35/><N who="0" m="20967" /><D69/><U38/><E76/><V9/><F67/><W49/><G73/><T8/><D7/><U50/><E38/><V3/><F37/><W63/><G104/><T129/><AGARI ba="1,0" hai="8,13,19,26,27,128,129,131" m="20967,42507" machi="129" ten="40,5200,0" yaku="19,1,34,2" doraHai="52" who="0" fromWho="0" sc="303,55,541,-27,57,-14,99,-14" /><INIT seed="6,0,0,4,0,38" ten="358,514,43,85" oya="2" hai0="79,80,96,105,76,17,129,36,57,55,61,130,8" hai1="0,62,24,59,132,78,121,97,72,15,124,29,34" hai2="115,90,20,110,133,114,42,94,89,85,33,71,123" hai3="63,14,16,102,91,67,116,6,73,37,47,118,104"/><V51/><F33/><W30/><G73/><T60/><D36/><U35/><E0/><V40/><F71/><W3/><G30/><T44/><D105/><U10/><E121/><V70/><F70/><W7/><G102/><T127/><D127/><U93/><E132/><V41/><F123/><W31/><G31/><T122/><D122/><U107/><E107/><V100/><F100/><W11/><G104/><T74/><D96/><U98/><E124/><V86/><F133/><W92/><G7/><T108/><D108/><U48/><E48/><V69/><F69/><W26/><G26/><T23/><D8/><U25/><E93/><V117/><F117/><W32/><G32/><T27/><D76/><U95/><E95/><N who="2" m="54703" /><F20/><W103/><G103/><T75/><D75/><U82/><E25/><V28/><F28/><W106/><G106/><T19/><D23/><U45/><E35/><V111/><F51/><W43/><G6/><T88/><D27/><U87/><E24/><V50/><F50/><W135/><G3/><T49/><D74/><U22/><E72/><V39/><F39/><W56/><G135/><T77/><D49/><U46/><E22/><V120/><F120/><W84/><AGARI ba="0,0" hai="11,14,16,37,43,47,56,63,67,84,91,92,116,118" machi="84" ten="20,5200,0" yaku="0,1,7,1,52,1,54,1" doraHai="38" who="3" fromWho="3" sc="358,-13,514,-13,43,-26,85,52" /><INIT seed="7,0,0,2,3,123" ten="345,501,17,137" oya="3" hai0="13,72,103,134,21,47,50,52,99,6,113,118,126" hai1="132,9,28,124,129,131,82,125,61,105,67,3,80" hai2="91,98,97,89,32,0,53,88,62,121,81,58,59" hai3="93,84,130,112,109,68,107,23,85,14,96,42,37"/><W106/><G68/><T101/><D118/><U114/><E105/><V18/><F121/><W39/><G42/><T54/><D72/><U56/><E28/><V122/><F122/><W12/><G23/><T92/><D134/><U40/><E40/><V27/><F0/><W63/><G63/><T15/><D126/><N who="1" m="48747" /><E114/><V90/><N who="2" m="22528" /><DORA hai="5" /><V60/><F81/><N who="1" m="31337" /><E132/><V73/><F73/><W51/><G96/><T135/><D135/><U22/><E22/><V75/><F75/><W104/><G51/><T86/><D113/><U78/><E78/><V20/><REACH who="2" step="1"/><F32/><REACH who="2" ten="345,501,7,137" step="2"/><W30/><G112/><T46/><D86/><U133/><E3/><V7/><F7/><W66/><G84/><T34/><D34/><U45/><E133/><V4/><F4/><W119/><G85/><T55/><D6/><U26/><E131/><V79/><F79/><W110/><G130/><T120/><D120/><U24/><E129/><V29/><F29/><W83/><G30/><T71/><D101/><U8/><E45/><V76/><F76/><W116/><G83/><T111/><D47/><U43/><E43/><V48/><F48/><W2/><G2/><T74/><D74/><U11/><AGARI ba="0,1" hai="8,9,11,24,26,56,61,67" m="31337,48747" machi="11" ten="40,8000,1" yaku="18,1,52,3" doraHai="123,5" who="1" fromWho="1" sc="345,-20,501,90,7,-20,137,-40" owari="325,13.0,591,68.0,-13,-51.0,97,-30.0" /></mjloggm>