<mjloggm ver="2.3"><GO type="169" lobby="0"/><UN n0="%E3%83%8A%E3%82%BA%E6%98%9F%40%E6%9D%8F%E6%9D%8F%E8%BB%8D%E5%9C%98" n1="%E5%B0%B1%E6%B4%BB%E7%94%9F%40%E5%B7%9D%E6%9D%91%E8%BB%8D%E5%9B%A3" n2="%E3%82%8B%E3%81%84%E3%81%9A%E3%81%85%E3%81%86%E3%81%82%E3%81%81%E3%81%82" n3="%E5%A4%A7%E5%AE%AE%E5%BF%8D%76" dan="16,17,17,16" rate="2099.85,2212.72,2156.51,2106.17" sx="F,M,M,M"/><TAIKYOKU oya="0"/><INIT seed="0,0,0,0,3,122" ten="250,250,250,250" oya="0" hai0="29,37,114,99,63,8,5,22,27,79,69,107,40" hai1="28,47,126,3,80,106,113,45,43,86,1,119,38" hai2="121,31,67,75,77,97,98,118,76,78,91,108,68" hai3="10,110,23,6,129,4,134,100,35,130,13,61,95"/><T39/><D114/><U94/><E119/><V11/><F121/><W96/><G35/><T41/><D79/><U33/><E106/><V83/><F118/><W20/><G134/><T72/><D72/><U46/><E126/><V103/><F31/><W36/><G36/><T102/><D39/><U90/><E113/><V30/><F30/><W56/><G6/><T19/><D37/><U131/><E131/><N who="3" m="50186" /><G110/><T71/><D19/><U18/><E18/><V93/><F67/><AGARI ba="0,0" hai="4,10,13,20,23,56,61,67,95,96,100" m="50186" machi="67" ten="30,1000,0" yaku="19,1" doraHai="122" who="3" fromWho="2" sc="250,0,250,0,250,-10,250,10" /><INIT seed="1,0,0,2,3,81" ten="250,250,240,260" oya="1" hai0="15,94,32,119,20,117,71,38,88,58,97,84,135" hai1="48,87,41,0,26,49,103,62,19,115,21,101,73" hai2="13,75,121,85,105,3,35,95,69,4,10,123,56" hai3="43,102,80,1,34,40,46,107,120,131,17,60,66"/><U23/><E73/><V57/><F105/><W8/><G120/><T82/><D71/><U109/><E0/><V91/><F69/><W6/><G17/><T54/><D32/><U44/><E115/><V77/><F35/><W63/><G43/><T39/><D135/><U78/><E109/><V113/><F113/><W11/><G11/><T24/><D15/><U55/><E62/><V7/><F7/><W36/><G131/><T61/><D119/><U125/><E23/><V89/><F3/><W126/><G126/><T29/><REACH who="0" step="1"/><D117/><REACH who="0" ten="240,250,240,260" step="2"/><U47/><E125/><V100/><F123/><W53/><G34/><T79/><AGARI ba="0,1" hai="20,24,29,38,39,54,58,61,79,82,84,88,94,97" machi="79" ten="20,12000,2" yaku="1,1,2,1,0,1,7,1,52,1,54,1,53,1" doraHai="81" doraHaiUra="74" who="0" fromWho="0" sc="240,130,250,-60,240,-30,260,-30" /><INIT seed="2,0,0,4,3,22" ten="370,190,210,230" oya="2" hai0="4,86,106,39,13,84,51,65,18,54,63,78,41" hai1="109,75,103,55,114,107,30,12,8,121,73,26,48" hai2="79,87,113,101,52,24,38,29,11,104,76,117,85" hai3="37,9,15,105,126,1,128,14,42,49,96,50,131"/><V89/><F117/><W72/><G72/><T119/><D106/><U25/><E114/><V61/><F113/><W95/><G105/><T88/><D119/><U64/><E64/><V33/><F38/><W80/><G1/><T5/><D41/><U115/><E115/><V45/><F104/><W82/><G37/><T134/><D134/><U123/><E103/><V133/><F101/><W99/><G42/><T93/><D39/><U71/><E71/><V69/><F133/><W129/><G126/><T125/><D125/><U102/><E102/><V118/><F118/><W2/><G2/><T112/><D112/><U130/><E107/><V90/><F11/><W83/><G95/><T44/><D86/><U120/><E109/><V122/><F122/><W66/><G66/><T36/><D78/><U46/><E130/><V23/><F33/><W111/><G9/><T116/><D36/><U28/><E28/><V6/><F6/><W70/><G70/><T17/><D116/><U27/><E30/><V16/><F29/><W100/><G100/><T7/><REACH who="0" step="1"/><D13/><REACH who="0" ten="360,190,210,230" step="2"/><N who="3" m="4617" /><G111/><T124/><D124/><U110/><E110/><V31/><F79/><W91/><G91/><T0/><D0/><U10/><E10/><V127/><F127/><W62/><G62/><T132/><D132/><U97/><E97/><AGARI ba="0,1" hai="49,50,80,82,83,96,97,99,128,129,131" m="4617" machi="97" ten="40,5200,0" yaku="28,2,19,1" doraHai="22" who="3" fromWho="1" sc="360,0,190,-52,210,0,230,62" /><INIT seed="3,0,0,1,4,1" ten="360,138,210,292" oya="3" hai0="7,10,74,37,119,36,8,126,132,51,100,107,134" hai1="75,43,129,112,105,66,71,29,120,18,128,3,82" hai2="62,20,116,21,95,79,15,23,108,44,13,4,122" hai3="133,113,67,34,130,48,88,77,46,86,5,6,131"/><W94/><G34/><T41/><D119/><U125/><E3/><V72/><F116/><W45/><G113/><T55/><D74/><U80/><E105/><V54/><F108/><W111/><G111/><T73/><D73/><U25/><E112/><V98/><F122/><W22/><G133/><N who="0" m="51307" /><D126/><U0/><E0/><V123/><F123/><W70/><G77/><T12/><D41/><U87/><E120/><V84/><F72/><W78/><G78/><T11/><D100/><U2/><E2/><V96/><F79/><W63/><G22/><T14/><D107/><U93/><E75/><V56/><F44/><N who="3" m="17003" /><G48/><T90/><D90/><U38/><E125/><V76/><F76/><W19/><G19/><N who="0" m="8583" /><D11/><U58/><E71/><V99/><F4/><W42/><G42/><T121/><D121/><U103/><E43/><V102/><F102/><W117/><G117/><T24/><D37/><U89/><E38/><V135/><F135/><W16/><G16/><T115/><D36/><U64/><E18/><V47/><F20/><W83/><G83/><T92/><D24/><U97/><E82/><V109/><F23/><W35/><G35/><T31/><D115/><U57/><E25/><V9/><F109/><W26/><G26/><T28/><D92/><U39/><E39/><V33/><F33/><W61/><G61/><T17/><D17/><U81/><E29/><V69/><F21/><W49/><G49/><T30/><D30/><U40/><E81/><V124/><F95/><W114/><G114/><T106/><D106/><U32/><E32/><V104/><F104/><W65/><G65/><RYUUKYOKU ba="0,0" sc="360,15,138,-15,210,-15,292,15" hai0="7,10,14,28,31,51,55" hai3="5,6,63,67,70,86,88,94,130,131" /><INIT seed="3,1,0,1,2,45" ten="375,123,195,307" oya="3" hai0="13,53,121,25,29,133,125,60,81,90,113,20,135" hai1="46,126,94,79,33,71,24,15,4,114,122,85,3" hai2="104,109,2,31,80,100,108,47,119,14,83,76,50" hai3="116,59,58,107,35,82,99,62,129,17,10,98,127"/><W72/><G116/><T130/><D121/><U48/><E122/><V49/><F2/><W23/><G35/><T40/><D113/><U8/><E114/><V132/><F119/><W61/><G127/><T38/><D125/><U7/><E126/><V69/><F69/><W12/><G129/><T30/><D130/><U44/><E71/><V118/><F118/><W110/><G110/><N who="2" m="42601" /><F132/><N who="0" m="50762" /><D40/><U39/><E39/><V37/><F31/><W117/><G117/><T52/><D38/><U78/><E33/><V0/><F0/><W112/><G112/><T43/><D43/><N who="1" m="24607" /><E3/><V63/><F63/><W89/><G107/><T5/><D30/><U51/><E24/><V124/><F124/><W115/><G115/><T75/><D60/><U19/><E94/><V123/><F123/><W36/><G36/><T131/><D75/><U70/><E70/><V93/><F104/><W128/><G128/><T84/><D131/><U42/><E85/><N who="2" m="48263" /><F83/><W11/><G72/><T55/><D13/><N who="1" m="5255" /><E7/><AGARI ba="1,0" hai="5,7,20,25,29,52,53,55,81,84,90" m="50762" machi="7" ten="30,2000,0" yaku="20,1,54,1" doraHai="45" who="0" fromWho="1" sc="375,23,123,-23,195,0,307,0" /><INIT seed="4,0,0,1,2,95" ten="398,100,195,307" oya="0" hai0="112,81,75,15,82,131,28,58,66,128,12,46,8" hai1="51,11,88,7,48,29,38,39,119,83,5,10,65" hai2="16,3,67,68,122,118,120,19,135,94,61,98,17" hai3="76,92,127,25,78,123,103,114,40,105,84,44,42"/><T99/><D28/><U71/><E119/><V18/><F118/><W126/><G42/><T90/><D112/><U27/><E71/><V6/><F135/><W36/><G114/><T108/><D108/><U134/><E134/><V59/><N who="2" m="4096" /><DORA hai="132" /><V63/><F6/><W22/><G105/><T69/><D69/><U73/><E65/><V107/><F3/><W97/><G123/><T96/><D75/><U110/><E110/><V115/><F107/><W53/><G53/><T0/><D46/><U20/><E39/><V86/><F86/><W60/><G60/><T2/><D66/><U91/><E38/><V37/><F37/><W33/><G33/><T49/><D49/><U74/><E83/><V70/><F115/><W32/><G32/><T106/><D106/><U89/><E73/><V109/><F109/><W1/><G1/><T104/><D104/><U80/><E80/><V124/><F124/><N who="3" m="47659" /><G84/><T57/><D90/><U125/><E74/><V77/><F70/><W116/><G116/><T130/><D130/><U101/><E101/><V14/><F14/><W79/><G25/><T26/><D26/><U93/><E93/><V24/><F24/><W50/><G36/><T34/><D34/><U87/><E87/><V121/><F122/><W41/><G41/><T102/><D102/><U62/><E125/><V56/><F120/><W21/><AGARI ba="0,0" hai="21,22,40,44,50,76,78,79,92,97,103" m="47659" machi="21" ten="40,8000,1" yaku="18,1,52,4" doraHai="95,132" who="3" fromWho="3" sc="398,-40,100,-20,195,-20,307,80" /><INIT seed="5,0,0,5,3,102" ten="358,80,175,387" oya="1" hai0="50,105,123,37,86,57,129,111,10,12,76,88,116" hai1="46,4,73,23,75,63,21,36,31,91,70,22,25" hai2="42,55,34,99,13,60,19,17,28,18,56,29,3" hai3="9,66,87,96,131,90,15,93,114,84,51,132,94"/><U115/><E115/><V38/><F3/><W97/><G114/><T110/><D116/><U61/><E4/><V120/><F120/><W126/><G131/><T81/><D37/><U39/><E91/><V98/><F34/><W11/><G126/><T52/><D129/><U85/><E85/><V24/><F42/><W104/><G104/><T125/><D125/><U8/><E8/><V133/><F38/><W106/><G106/><T1/><D1/><U49/><E39/><V53/><F133/><W113/><G113/><T44/><D105/><U20/><E36/><V58/><F13/><W119/><G132/><T47/><D123/><U128/><E128/><V101/><F24/><W14/><G66/><T109/><REACH who="0" step="1"/><D76/><REACH who="0" ten="348,80,175,387" step="2"/><U71/><E71/><V92/><F99/><W79/><G119/><T80/><D80/><U74/><REACH who="1" step="1"/><E70/><REACH who="1" ten="348,70,175,387" step="2"/><V134/><F134/><W78/><G90/><T127/><D127/><U54/><AGARI ba="0,2" hai="20,21,22,23,25,31,46,49,54,61,63,73,74,75" machi="54" ten="40,7800,0" yaku="1,1,2,1,0,1,53,0" doraHai="102" doraHaiUra="135" who="1" fromWho="1" sc="348,-26,70,98,175,-26,387,-26" /><INIT seed="5,1,0,5,2,30" ten="322,168,149,361" oya="1" hai0="102,97,94,103,17,2,23,118,86,61,121,1,68" hai1="14,113,95,133,43,11,90,88,130,108,126,47,125" hai2="135,99,73,62,21,129,28,50,20,53,34,77,81" hai3="55,119,84,110,105,8,41,116,98,40,7,80,59"/><U122/><E122/><V45/><F135/><W111/><G98/><T100/><D118/><N who="3" m="45097" /><G105/><T70/><D121/><U12/><E133/><V19/><F129/><W127/><G127/><N who="1" m="48650" /><E130/><V38/><F99/><W114/><G114/><T39/><D39/><N who="1" m="22015" /><E113/><V51/><F38/><W9/><G41/><T27/><D86/><N who="1" m="52631" /><E108/><N who="3" m="41514" /><G40/><T132/><D132/><U4/><E90/><V58/><F50/><N who="3" m="31223" /><G7/><T109/><D109/><U107/><E107/><V6/><F6/><W36/><G36/><T71/><REACH who="0" step="1"/><D61/><REACH who="0" ten="312,168,149,361" step="2"/><U83/><E83/><V106/><F81/><W120/><G120/><T91/><AGARI ba="1,1" hai="1,2,17,23,27,68,70,71,91,94,97,100,102,103" machi="91" ten="40,5200,0" yaku="1,1,2,1,0,1,53,0" doraHai="30" doraHaiUra="76" who="0" fromWho="0" sc="312,65,168,-27,149,-14,361,-14" /><INIT seed="6,0,0,4,0,49" ten="377,141,135,347" oya="2" hai0="35,55,0,51,23,30,117,114,22,105,118,71,88" hai1="54,125,84,28,8,98,67,61,68,115,90,45,42" hai2="24,33,123,108,80,25,73,113,95,27,26,76,121" hai3="91,81,17,110,63,106,124,10,96,130,34,5,104"/><V66/><F113/><W40/><G110/><T15/><D71/><U29/><E115/><V83/><F108/><W14/><G34/><T16/><D114/><U4/><E125/><V37/><F37/><W20/><G124/><T12/><D105/><U50/><E98/><V41/><F41/><W94/><G130/><T112/><D112/><U103/><E103/><V77/><F66/><W21/><G40/><T18/><D0/><U127/><E127/><V69/><F69/><W133/><G133/><T102/><D102/><U46/><E46/><V36/><F36/><W101/><G20/><T1/><D1/><U132/><E132/><V78/><F95/><W65/><G81/><T72/><D72/><U89/><E89/><V128/><F128/><W31/><G91/><T3/><D3/><U109/><E109/><V131/><F131/><W107/><G31/><T56/><D88/><U92/><E42/><V2/><F2/><AGARI ba="0,0" hai="2,4,8,28,29,45,50,54,61,67,68,84,90,92" machi="2" ten="30,2000,0" yaku="7,1,52,1" doraHai="49" who="1" fromWho="2" sc="377,0,141,20,135,-20,347,0" /><INIT seed="7,0,0,3,4,22" ten="377,161,115,347" oya="3" hai0="81,72,43,131,1,82,61,94,4,90,53,88,135" hai1="62,33,77,5,124,30,132,80,28,68,3,113,105" hai2="26,52,54,127,96,14,114,79,32,73,118,51,8" hai3="89,24,66,59,92,76,16,19,55,93,70,87,25"/><W13/><G70/><T91/><D72/><U11/><E113/><V126/><F114/><W46/><G66/><T50/><D1/><U18/><E132/><V0/><F0/><W122/><G122/><T58/><D4/><U101/><E124/><N who="2" m="47659" /><F118/><W40/><G76/><T112/><D112/><U17/><E101/><V85/><F73/><W65/><G65/><T23/><D131/><U120/><E105/><V2/><F2/><W104/><G104/><T97/><D135/><U115/><E115/><V47/><F96/><W103/><G103/><N who="0" m="60855" /><D23/><U12/><E3/><V35/><F35/><W67/><G67/><N who="0" m="39351" /><D43/><U99/><E99/><V38/><F38/><W102/><G102/><T71/><D71/><U31/><E33/><V106/><F106/><W20/><G93/><T98/><D98/><U78/><E120/><V108/><F108/><W34/><G34/><T117/><D117/><U86/><E68/><V100/><F100/><W123/><G123/><T36/><D36/><U10/><E77/><V45/><F79/><W130/><G130/><T109/><D109/><U125/><E125/><V83/><F83/><W60/><G19/><N who="1" m="7178" /><E11/><V49/><F85/><W84/><G84/><T56/><AGARI ba="0,0" hai="50,53,56,81,82,88,90,91" m="39351,60855" machi="56" ten="30,2000,0" yaku="8,1,54,1" doraHai="22" who="0" fromWho="0" sc="377,20,161,-5,115,-5,347,-10" owari="397,49.0,156,-24.0,110,-39.0,337,14.0" /></mjloggm>