<mjloggm ver="2.3"><GO type="225" lobby="0"/><UN n0="%E8%B6%B3%E3%81%AE%E8%B8%8F%E3%81%BF%E5%A0%B4%E3%82%82%E3%81%AA%E3%81%84" n1="%E5%90%91%E4%BA%95%E7%90%86" n2="%E3%82%A6%E3%83%AB%E3%83%88%E3%83%A9%E7%AB%8B%E7%9B%B4" n3="%E3%81%B1%E3%83%BC%E3%81%9D%E3%82%93" dan="16,17,18,17" rate="2189.78,2095.28,2165.87,2192.11" sx="M,M,M,M"/><TAIKYOKU oya="0"/><INIT seed="0,0,0,1,5,17" ten="250,250,250,250" oya="0" hai0="52,26,42,81,10,12,60,59,106,21,99,102,22" hai1="111,94,57,91,87,127,75,32,38,25,2,67,7" hai2="64,131,34,43,14,104,19,31,84,108,118,101,24" hai3="46,79,62,93,45,27,72,88,103,124,61,97,41"/><T71/><D71/><U90/><E111/><V48/><F118/><W133/><G133/><T33/><D42/><U54/><E38/><V115/><F108/><W13/><G124/><T68/><D68/><U110/><E110/><V3/><F3/><W74/><G72/><T30/><REACH who="0" step="1"/><D81/><REACH who="0" ten="240,250,250,250" step="2"/><U80/><E80/><V119/><F43/><W114/><G41/><T126/><D126/><U23/><E127/><V134/><F119/><W49/><G114/><T51/><D51/><U105/><E75/><V47/><F48/><W82/><G49/><T116/><D116/><U69/><E69/><V1/><F115/><W86/><G61/><T89/><D89/><U73/><E91/><V128/><F134/><W20/><G62/><T125/><D125/><U85/><E90/><V63/><F63/><W66/><G66/><T92/><D92/><U132/><E67/><V120/><F64/><W4/><G74/><T15/><D15/><U121/><E73/><V100/><F1/><W0/><G0/><T135/><D135/><U76/><E2/><V44/><F14/><W107/><G107/><T77/><D77/><U95/><E76/><V28/><F104/><W29/><G79/><T39/><D39/><U5/><E105/><V109/><F109/><W96/><G88/><T35/><D35/><U65/><E32/><V113/><F34/><W83/><G82/><T78/><D78/><U55/><E65/><V129/><F113/><W40/><G83/><T117/><D117/><U37/><E132/><V11/><F131/><W70/><G40/><T112/><D112/><U9/><E37/><RYUUKYOKU ba="0,1" sc="240,30,250,-10,250,-10,250,-10" hai0="10,12,21,22,26,30,33,52,59,60,99,102,106" /><INIT seed="0,1,1,4,5,22" ten="270,240,240,240" oya="0" hai0="106,104,110,46,57,97,47,130,66,6,94,71,122" hai1="116,108,34,38,32,127,51,30,58,21,90,93,129" hai2="15,43,1,12,16,98,102,2,3,17,73,83,85" hai3="81,29,56,80,61,9,25,44,35,114,128,84,28"/><T18/><D71/><U37/><E116/><V134/><F73/><W88/><G114/><T75/><D122/><U72/><E72/><V23/><F43/><W105/><G105/><T7/><D75/><U13/><E108/><V59/><F59/><W118/><G118/><T121/><D121/><U79/><E79/><V124/><F124/><W103/><G128/><T68/><D68/><U95/><E95/><V31/><F31/><W109/><G109/><T19/><D130/><U92/><E92/><V33/><F33/><W132/><G132/><T133/><D110/><U74/><E74/><V0/><F0/><W63/><G103/><T4/><D106/><U86/><E32/><V42/><F42/><W20/><G35/><T45/><D104/><U107/><E107/><V82/><F134/><W5/><G44/><T135/><D133/><U39/><E39/><V126/><F126/><W55/><G29/><T60/><REACH who="0" step="1"/><D135/><REACH who="0" ten="260,240,240,240" step="2"/><U111/><E111/><V36/><F1/><W52/><G81/><T123/><D123/><U41/><E129/><V91/><F2/><W131/><G131/><T10/><D10/><U117/><E127/><V77/><F3/><W112/><G112/><T54/><D54/><N who="3" m="20521" /><G56/><T50/><D50/><U99/><E58/><V62/><F83/><W115/><G115/><T76/><D76/><U113/><E113/><V48/><F48/><W27/><G63/><T40/><D40/><U87/><E51/><V119/><F62/><W69/><G61/><T120/><D120/><U53/><E41/><V14/><F77/><W100/><G69/><T26/><D26/><RYUUKYOKU ba="1,2" sc="260,30,240,-10,240,-10,240,-10" hai0="4,6,7,18,19,45,46,47,57,60,66,94,97" /><INIT seed="0,2,2,5,4,0" ten="290,230,230,230" oya="0" hai0="86,93,45,122,55,7,90,78,52,51,79,114,57" hai1="35,19,135,39,56,109,36,27,34,30,3,112,105" hai2="72,106,43,58,131,67,77,26,132,20,16,96,46" hai3="94,14,83,70,124,49,111,119,101,37,76,85,63"/><T123/><D114/><U17/><E105/><V40/><F131/><W71/><G37/><T117/><D117/><U89/><E112/><V11/><F132/><W10/><G119/><T42/><D55/><U134/><E109/><V44/><F72/><W54/><G111/><T66/><D66/><U99/><E34/><V113/><F113/><W2/><G2/><T60/><REACH who="0" step="1"/><D7/><REACH who="0" ten="280,230,230,230" step="2"/><U33/><E134/><V31/><F67/><W47/><G124/><T88/><D88/><U25/><E89/><V84/><F43/><W24/><G63/><T120/><AGARI ba="2,3" hai="42,45,51,52,57,60,78,79,86,90,93,120,122,123" machi="120" ten="30,6000,0" yaku="1,1,0,1,54,1,53,0" doraHai="0" doraHaiUra="100" who="0" fromWho="0" sc="280,96,230,-22,230,-22,230,-22" /><INIT seed="0,3,0,1,3,58" ten="376,208,208,208" oya="0" hai0="71,111,79,130,92,15,37,121,94,31,93,51,55" hai1="75,23,107,9,66,78,48,90,113,35,70,8,77" hai2="3,100,41,28,83,61,117,105,24,82,99,33,104" hai3="102,56,114,126,95,6,87,14,57,68,133,38,128"/><T85/><D37/><U135/><E35/><V74/><F3/><W63/><G38/><T12/><D121/><U108/><E107/><V98/><F117/><W81/><G114/><T17/><D71/><U124/><E108/><V16/><F41/><W72/><G133/><T54/><D31/><U112/><E135/><V30/><F30/><W76/><G128/><T84/><D130/><U46/><E124/><V59/><F74/><W116/><G116/><T52/><D111/><U73/><E90/><V25/><F99/><W42/><G42/><T80/><D84/><U134/><E23/><V45/><F45/><W29/><G29/><T125/><D125/><U122/><E122/><V49/><F49/><W86/><G126/><T44/><REACH who="0" step="1"/><D15/><REACH who="0" ten="366,208,208,208" step="2"/><U119/><E134/><V120/><F120/><W123/><G123/><T18/><D18/><U64/><E119/><V11/><F25/><W20/><G87/><T0/><D0/><U50/><E70/><V26/><F26/><W127/><G127/><T1/><D1/><U118/><E118/><V27/><F27/><W97/><G86/><T22/><AGARI ba="3,1" hai="12,17,22,44,51,52,54,55,79,80,85,92,93,94" machi="22" ten="30,11700,0" yaku="1,1,0,1,8,1,54,1,53,0" doraHai="58" doraHaiUra="96" who="0" fromWho="0" sc="366,136,208,-42,208,-42,208,-42" /><INIT seed="0,4,0,3,1,32" ten="502,166,166,166" oya="0" hai0="106,97,19,128,72,104,127,36,114,1,69,134,61" hai1="82,15,78,22,90,99,2,81,130,16,41,85,51" hai2="33,86,55,101,49,132,118,27,0,37,77,54,66" hai3="60,23,87,98,13,3,102,31,112,79,52,43,39"/><T45/><D19/><U44/><E130/><V135/><F37/><W119/><G119/><T92/><D92/><U29/><E29/><V126/><F66/><W116/><G116/><T63/><D63/><U7/><E99/><V125/><F101/><W73/><G73/><T47/><D47/><U129/><E129/><V10/><F118/><W35/><G35/><T76/><D128/><U68/><E68/><V122/><F122/><W48/><G112/><T110/><D114/><U111/><E111/><V57/><F27/><W74/><G74/><T84/><D84/><U21/><E21/><V115/><F33/><W100/><G39/><T121/><D121/><U30/><E30/><V120/><F120/><W123/><G43/><N who="0" m="22759" /><D110/><U50/><E50/><V67/><F67/><W88/><G60/><T17/><D17/><U5/><REACH who="1" step="1"/><E2/><REACH who="1" ten="502,156,166,166" step="2"/><V107/><F0/><W34/><G3/><T70/><D97/><U58/><E58/><V89/><F57/><N who="3" m="32903" /><G123/><T9/><D70/><U75/><AGARI ba="4,1" hai="5,7,15,16,22,41,44,51,75,78,81,82,85,90" machi="75" ten="20,5200,0" yaku="1,1,0,1,7,1,54,1,53,0" doraHai="32" doraHaiUra="124" who="1" fromWho="1" sc="502,-30,156,74,166,-17,166,-17" /><INIT seed="1,0,0,4,1,102" ten="472,230,149,149" oya="1" hai0="109,111,10,52,59,4,92,73,121,67,119,29,132" hai1="103,36,77,117,23,63,22,82,1,130,118,135,31" hai2="74,96,19,42,47,65,86,70,44,98,28,53,108" hai3="54,129,93,3,68,62,51,35,9,131,61,87,45"/><U91/><E1/><V43/><F74/><W99/><G35/><T83/><D119/><U48/><E36/><V106/><F108/><W18/><G87/><T125/><D67/><U37/><E37/><V112/><F112/><W72/><G72/><T11/><D29/><U30/><E130/><N who="3" m="49674" /><G68/><T105/><D105/><U104/><E91/><V76/><F28/><W24/><G24/><T71/><D71/><U97/><E135/><V120/><F120/><W69/><G69/><T38/><D38/><U122/><E122/><V110/><F110/><W81/><G81/><T90/><D132/><U128/><E128/><V8/><F86/><W55/><G55/><T88/><D11/><U57/><E48/><V113/><F113/><W94/><G94/><T124/><D121/><U56/><E56/><V126/><F76/><W60/><G18/><T5/><D83/><U39/><E39/><V78/><F78/><W16/><G16/><T134/><D73/><U15/><E31/><V46/><F53/><W50/><G50/><N who="0" m="31127" /><D5/><U25/><E23/><V66/><F65/><W21/><G21/><T89/><D92/><U32/><E32/><V17/><F66/><W116/><G116/><T7/><D7/><U114/><E114/><V41/><F70/><W79/><G9/><T26/><D26/><U75/><REACH who="1" step="1"/><E15/><REACH who="1" ten="472,220,149,149" step="2"/><V58/><F58/><W2/><G79/><T12/><D134/><U101/><E101/><AGARI ba="0,1" hai="2,3,45,51,54,60,61,62,93,99,101" m="49674" machi="101" ten="30,1000,0" yaku="19,1" doraHai="102" who="3" fromWho="1" sc="472,0,220,-10,149,0,149,20" /><INIT seed="2,0,0,3,4,22" ten="472,210,149,169" oya="2" hai0="4,102,41,57,66,131,34,18,94,33,46,90,91" hai1="1,50,88,42,47,70,58,54,38,75,23,55,51" hai2="10,86,11,117,9,134,39,26,19,73,105,48,127" hai3="115,104,49,112,114,31,62,95,106,87,100,56,5"/><V25/><F73/><W15/><G31/><T63/><D131/><U92/><E75/><V123/><F39/><W79/><G49/><T113/><D4/><U80/><E1/><V20/><F105/><W135/><G135/><T84/><D102/><U45/><E70/><V125/><F123/><W27/><G27/><N who="2" m="10249" /><F117/><W13/><G79/><T69/><D57/><U43/><E80/><V103/><F103/><W61/><G87/><T6/><D6/><U37/><E23/><V96/><F96/><N who="3" m="59423" /><G62/><T99/><D18/><U32/><E32/><V68/><F68/><W17/><G5/><T14/><D14/><N who="3" m="5129" /><G17/><T3/><D3/><U83/><E83/><V65/><F134/><W67/><AGARI ba="0,0" hai="56,61,67,104,106,112,114,115" m="5129,59423" machi="67" ten="40,1500,0" yaku="11,1" doraHai="22" who="3" fromWho="3" sc="472,-4,210,-4,149,-7,169,15" /><INIT seed="3,0,0,3,2,135" ten="468,206,142,184" oya="3" hai0="56,19,92,40,94,131,97,132,34,82,87,91,117" hai1="59,124,96,128,1,98,27,12,7,10,134,113,85" hai2="74,73,26,4,83,84,21,6,109,93,42,47,24" hai3="70,49,5,106,129,118,44,35,133,89,14,120,123"/><W57/><G35/><T17/><D34/><U104/><E124/><V108/><F93/><W86/><G70/><T31/><D31/><U107/><E12/><V103/><F103/><W36/><G106/><T76/><D131/><U116/><E59/><V90/><F47/><W0/><G0/><T110/><D110/><N who="2" m="42602" /><F42/><W3/><G3/><T72/><D40/><U69/><E27/><N who="2" m="10283" /><F21/><W11/><G118/><T79/><D132/><U50/><E116/><V65/><F65/><W45/><G133/><T102/><D117/><U37/><E134/><V60/><F60/><W48/><G123/><T30/><D30/><U15/><E104/><V62/><F62/><W58/><G120/><T95/><D56/><N who="3" m="21609" /><G129/><T121/><D121/><U64/><E128/><V78/><F78/><W13/><G36/><T114/><D114/><U51/><E37/><V33/><F33/><W46/><G14/><T88/><D79/><U22/><E15/><V18/><F18/><W115/><G115/><T52/><D52/><U43/><E113/><V29/><F29/><W75/><G75/><N who="2" m="28681" /><F90/><W20/><G20/><T130/><D130/><U25/><E22/><V8/><F8/><W68/><G68/><T81/><D19/><U127/><E69/><V122/><F122/><W9/><G9/><T126/><D17/><U16/><E16/><V55/><F55/><W32/><G32/><T80/><D126/><U77/><E127/><V101/><F101/><W23/><G23/><T63/><D63/><U2/><E64/><V111/><N who="2" m="42610" /><V105/><DORA hai="99" /><F105/><W39/><G46/><T38/><D38/><RYUUKYOKU ba="0,0" sc="468,15,206,-15,142,15,184,-15" hai0="72,76,80,81,82,87,88,91,92,94,95,97,102" hai2="4,6,83,84" owari="483,58.0,191,-1.0,157,-34.0,169,-23.0" /></mjloggm>