<mjloggm ver="2.3"><GO type="225" lobby="0"/><UN n0="%E5%B0%B1%E6%B4%BB%E7%94%9F%40%E5%B7%9D%E6%9D%91%E8%BB%8D%E5%9B%A3" n1="%E7%89%8C%E5%AD%90" n2="%43%46%76%E6%9D%8F%E6%9D%8F" n3="%E5%AE%89%E7%9C%A0%E3%83%9E%E3%82%AF%E3%83%A9" dan="18,17,16,17" rate="2228.55,2188.74,2100.28,2162.96" sx="M,F,F,F"/><TAIKYOKU oya="0"/><INIT seed="0,0,0,3,0,78" ten="250,250,250,250" oya="0" hai0="49,0,129,64,122,100,40,29,111,50,125,90,70" hai1="63,8,33,10,32,58,14,27,85,52,41,95,56" hai2="109,118,5,60,44,86,112,54,117,101,83,21,34" hai3="26,43,16,110,4,128,73,133,28,36,66,93,131"/><T107/><D122/><U15/><E41/><V3/><F34/><W124/><G110/><T55/><D0/><U37/><E37/><V18/><F112/><W79/><G133/><T71/><D107/><U38/><E38/><V48/><F109/><W74/><G124/><T39/><D100/><U6/><E27/><V75/><F75/><W72/><G66/><T113/><D29/><U127/><E127/><V31/><F31/><W130/><G4/><T9/><D9/><U2/><E2/><V114/><F101/><W106/><G106/><T116/><D90/><U108/><E58/><V23/><F114/><W1/><G1/><T119/><D125/><U59/><E59/><V42/><F5/><W123/><G123/><T57/><D111/><U68/><E68/><N who="0" m="26153" /><D129/><U61/><E61/><V92/><F3/><W88/><G16/><T89/><D89/><N who="1" m="53679" /><E108/><V135/><F92/><W81/><G43/><T120/><D120/><U94/><E94/><V11/><F135/><W104/><G104/><T45/><D113/><U76/><E76/><N who="2" m="46439" /><F118/><N who="0" m="45098" /><D64/><U134/><E134/><V25/><F117/><W105/><G36/><AGARI ba="0,0" hai="36,39,40,45,49,50,55,57" m="45098,26153" machi="36" ten="30,2900,0" yaku="34,2" doraHai="78" who="0" fromWho="3" sc="250,29,250,0,250,0,250,-29" /><INIT seed="0,1,0,5,0,48" ten="279,250,250,221" oya="0" hai0="112,4,128,40,43,3,63,20,27,106,109,86,113" hai1="25,84,45,77,104,28,130,49,61,69,46,132,105" hai2="55,2,0,9,62,74,37,70,7,31,83,117,90" hai3="108,19,54,96,50,79,10,111,94,22,93,110,5"/><T123/><D106/><U87/><E105/><V126/><F37/><W92/><G79/><T65/><D123/><U101/><E77/><V23/><F126/><W39/><G39/><T129/><D4/><U15/><E15/><V42/><F42/><N who="0" m="15914" /><D86/><N who="1" m="32811" /><E49/><V30/><F90/><N who="3" m="55319" /><G10/><T78/><D78/><U33/><E132/><V131/><F9/><W122/><G5/><T18/><D3/><U17/><E17/><V11/><F11/><W8/><G8/><T135/><D135/><U13/><E13/><V14/><F14/><N who="3" m="9591" /><G122/><T121/><D121/><U24/><E24/><V85/><F7/><W98/><G98/><T58/><D109/><N who="3" m="27905" /><W134/><DORA hai="81" /><G134/><T44/><D113/><U1/><E1/><V107/><F0/><W115/><G115/><T124/><D112/><U64/><E130/><N who="0" m="50281" /><D124/><U76/><E76/><V133/><F2/><W103/><G103/><T116/><D116/><U119/><E119/><V127/><F117/><W82/><G82/><T68/><D68/><U59/><E59/><AGARI ba="1,0" hai="50,54,59,93,94" m="27905,9591,55319" machi="59" ten="40,2600,0" yaku="14,1,52,1" doraHai="48,81" who="3" fromWho="1" sc="279,0,250,-29,250,0,221,29" /><INIT seed="1,0,0,3,4,90" ten="279,221,250,250" oya="1" hai0="1,106,57,9,13,37,100,38,94,109,93,11,53" hai1="95,63,24,4,80,87,25,79,44,45,27,105,118" hai2="72,47,125,62,48,76,132,103,3,19,50,119,60" hai3="8,128,51,77,12,124,122,131,88,15,71,0,39"/><U64/><E118/><V58/><F119/><W111/><G122/><T67/><D109/><U98/><E105/><V5/><F103/><W40/><G39/><T81/><D106/><U85/><E4/><V113/><F5/><N who="3" m="1063" /><G71/><T18/><D100/><N who="1" m="60511" /><E87/><V70/><F3/><W130/><G111/><T108/><D108/><U99/><E99/><V56/><F19/><W46/><G124/><T96/><D96/><U36/><E36/><V73/><F76/><W7/><G77/><T28/><D38/><U10/><E10/><V20/><F20/><W55/><G7/><T52/><D37/><U23/><E23/><V115/><F132/><W120/><G120/><T86/><D9/><U26/><N who="1" m="6144" /><DORA hai="84" /><U74/><E74/><V135/><F135/><W126/><G126/><T75/><D75/><U121/><E121/><V69/><F125/><W91/><G40/><T35/><D35/><U116/><E116/><V61/><F73/><W41/><G41/><T110/><D1/><U14/><E14/><AGARI ba="0,0" hai="12,14,15,46,51,55,88,91,128,130,131" m="1063" machi="14" ten="30,7700,0" yaku="19,1,52,2,54,1" doraHai="90,84" who="3" fromWho="1" sc="279,0,221,-77,250,0,250,77" /><INIT seed="2,0,0,1,1,95" ten="279,144,250,327" oya="2" hai0="9,94,35,70,113,27,121,62,56,101,29,76,116" hai1="73,82,48,80,16,41,55,125,133,88,90,81,59" hai2="20,42,120,97,4,18,79,69,44,65,25,11,38" hai3="8,5,7,135,108,40,49,30,126,58,89,66,60"/><V77/><F120/><W105/><G105/><T110/><D113/><U128/><E73/><V134/><F134/><W119/><G119/><T36/><D36/><U15/><E133/><V50/><F38/><W14/><G135/><T87/><D121/><U51/><E128/><V106/><F65/><W33/><G126/><T47/><D70/><U23/><E125/><V99/><F69/><W74/><G74/><T98/><D110/><U0/><E0/><V19/><F19/><N who="3" m="8647" /><G33/><T37/><D116/><U3/><E3/><V83/><F106/><W115/><G30/><T129/><D129/><U85/><E90/><V52/><F42/><W114/><G108/><T103/><D103/><U117/><E117/><V86/><F79/><W71/><G89/><T13/><D47/><AGARI ba="0,0" hai="15,16,23,41,47,48,51,55,59,80,81,82,85,88" machi="47" ten="40,5200,0" yaku="8,1,54,2" doraHai="95" who="1" fromWho="0" sc="279,-52,144,52,250,0,327,0" /><INIT seed="3,0,0,1,3,129" ten="227,196,250,327" oya="3" hai0="18,78,34,66,40,132,26,61,59,58,92,109,12" hai1="75,111,35,103,20,123,13,122,15,49,70,76,118" hai2="124,37,0,77,73,25,45,87,1,32,96,98,51" hai3="41,64,104,112,19,81,126,31,99,105,134,93,16"/><W108/><G112/><T107/><D107/><U127/><E35/><V119/><F37/><W131/><G126/><T46/><D109/><U30/><E70/><V54/><F73/><W74/><G64/><T29/><D132/><U8/><E103/><V57/><F119/><W85/><G74/><T28/><D28/><U24/><E118/><V14/><F14/><W7/><G31/><T67/><D78/><U91/><E111/><V62/><F32/><W63/><G41/><T90/><D66/><U133/><E127/><V65/><F25/><W2/><G63/><T10/><D61/><U53/><E15/><V42/><F124/><W84/><G134/><T94/><D67/><U128/><E128/><V52/><F0/><W113/><G113/><T48/><D92/><U88/><E133/><V72/><F1/><W69/><G69/><T9/><D10/><U80/><E123/><V89/><F77/><W120/><G85/><AGARI ba="0,0" hai="9,12,18,26,29,34,40,46,48,58,59,85,90,94" machi="85" ten="30,1000,0" yaku="7,1" doraHai="129" who="0" fromWho="3" sc="227,10,196,0,250,0,327,-10" owari="237,-16.0,196,-30.0,250,5.0,317,41.0" /></mjloggm>