<mjloggm ver="2.3"><GO type="169" lobby="0"/><UN n0="%28%EF%BF%A5%CF%89%EF%BF%A5%29" n1="%79%75%6D%69%6B%69%6B%61" n2="%E5%B0%B1%E6%B4%BB%E7%94%9F%40%E5%B7%9D%E6%9D%91%E8%BB%8D%E5%9B%A3" n3="%E3%81%8B%E3%82%8B%E3%81%A1%E3%82%83%E3%82%93" dan="16,17,17,16" rate="2071.20,2116.47,2189.27,2066.81" sx="M,M,M,F"/><TAIKYOKU oya="0"/><INIT seed="0,0,0,4,3,83" ten="250,250,250,250" oya="0" hai0="5,19,2,29,7,18,107,6,88,86,47,102,40" hai1="25,130,50,132,97,73,59,134,114,0,49,17,16" hai2="13,33,89,66,57,76,11,70,94,39,99,92,96" hai3="21,67,74,95,106,105,103,78,3,120,129,69,41"/><T68/><D68/><U128/><E73/><V124/><F39/><W135/><G129/><N who="1" m="49770" /><E0/><V123/><F33/><W22/><G135/><N who="1" m="51754" /><E114/><V27/><F70/><W77/><G120/><T101/><D2/><U9/><E97/><V26/><F76/><W125/><G3/><T117/><D117/><U109/><E109/><V35/><F35/><W104/><G74/><T15/><D29/><U131/><E131/><V118/><F118/><W55/><G41/><T122/><D122/><U51/><E9/><V20/><F123/><W53/><G67/><T60/><D107/><U28/><E59/><V84/><F57/><W79/><G69/><T85/><D101/><U1/><E1/><V80/><F96/><W10/><G10/><T65/><D102/><U64/><E64/><V48/><F66/><W8/><G8/><T71/><D85/><U42/><E42/><V111/><F99/><W56/><G56/><T43/><D43/><U91/><E91/><V82/><F89/><W115/><G115/><T52/><D52/><N who="3" m="20041" /><G95/><T81/><D40/><U4/><E4/><V98/><F94/><W24/><G103/><T58/><D71/><U108/><E108/><V12/><F92/><W133/><G133/><T37/><D37/><U32/><AGARI ba="0,0" hai="16,17,25,28,32,49,50,51" m="51754,49770" machi="32" ten="40,5200,0" yaku="19,1,20,1,54,1" doraHai="83" who="1" fromWho="1" sc="250,-26,250,52,250,-13,250,-13" /><INIT seed="1,0,0,4,4,129" ten="224,302,237,237" oya="1" hai0="8,17,104,37,67,76,91,70,44,24,114,31,131" hai1="28,39,47,93,3,81,29,25,33,9,11,26,2" hai2="98,19,103,15,84,42,135,73,72,36,113,54,112" hai3="83,120,105,23,133,102,27,68,64,51,99,12,132"/><U55/><E93/><V77/><F36/><W118/><G120/><T127/><D114/><N who="2" m="44138" /><F42/><W14/><G118/><T57/><D104/><U123/><E55/><V134/><F54/><W40/><G68/><T109/><D70/><U66/><E66/><V50/><F50/><W43/><G64/><T80/><D91/><U18/><E81/><N who="2" m="47151" /><F15/><W5/><G5/><T16/><D37/><U7/><E47/><V61/><F61/><W0/><G0/><T88/><D44/><U22/><E39/><V89/><F19/><W35/><G35/><T10/><D17/><U4/><E123/><V62/><F62/><W126/><G83/><T97/><D80/><U111/><E111/><V121/><F121/><W30/><G126/><T60/><D127/><U96/><E96/><V115/><F89/><W125/><G125/><T20/><D109/><U45/><E45/><V119/><F119/><W21/><G51/><T53/><D67/><U46/><E46/><V52/><F52/><W100/><G30/><AGARI ba="0,0" hai="2,3,4,7,9,11,18,22,25,26,28,29,30,33" machi="30" ten="40,18000,2" yaku="9,1,35,6" doraHai="129" who="1" fromWho="3" sc="224,0,302,180,237,0,237,-180" /><INIT seed="1,1,0,2,0,20" ten="224,482,237,57" oya="1" hai0="85,72,108,123,73,129,88,86,83,101,59,91,63" hai1="99,48,11,12,4,66,30,114,29,51,89,35,33" hai2="38,90,131,41,47,84,104,132,34,69,93,36,74" hai3="122,80,21,64,45,125,28,9,60,49,79,97,19"/><U54/><E114/><V44/><F74/><W71/><G122/><T18/><D123/><U42/><E66/><V133/><F104/><W56/><G125/><T65/><D129/><U100/><E89/><V110/><F110/><W40/><G28/><T76/><D108/><U134/><E134/><N who="2" m="51819" /><F131/><W107/><G9/><T43/><D43/><U92/><E35/><V13/><F69/><W0/><G0/><T124/><D124/><U39/><E39/><N who="2" m="21567" /><F34/><W75/><G97/><T121/><D121/><U24/><E42/><V58/><F47/><W57/><REACH who="3" step="1"/><G107/><REACH who="3" ten="224,482,237,47" step="2"/><T87/><D76/><U7/><E30/><V22/><F58/><W113/><G113/><T3/><D3/><U1/><E1/><V8/><F22/><W112/><G112/><T126/><D126/><U15/><E54/><V25/><F25/><AGARI ba="1,1" hai="19,21,25,40,45,49,56,57,60,64,71,75,79,80" machi="25" ten="30,7700,0" yaku="1,1,7,1,52,1,53,1" doraHai="20" doraHaiUra="23" who="3" fromWho="2" sc="224,0,482,0,237,-80,47,90" /><INIT seed="2,0,0,4,3,77" ten="224,482,157,137" oya="2" hai0="63,107,58,118,101,50,44,62,117,21,126,89,48" hai1="92,88,33,55,41,22,98,103,59,27,56,42,6" hai2="24,4,8,10,113,40,124,112,43,2,11,34,73" hai3="86,99,128,104,129,3,95,135,79,72,60,109,14"/><V84/><F73/><W65/><G3/><T54/><D107/><U133/><E133/><V26/><F84/><W127/><G109/><T61/><D101/><U12/><E59/><V131/><F43/><W17/><G135/><T36/><D89/><U0/><E0/><V5/><F40/><W78/><G127/><T122/><D21/><U67/><E67/><V37/><F37/><W96/><G104/><T70/><D36/><U64/><E64/><V30/><F124/><W125/><G72/><T100/><D100/><U20/><E33/><V71/><F71/><W46/><G46/><T130/><D126/><U29/><E103/><V81/><F81/><W134/><G134/><T38/><D38/><U83/><E83/><V68/><F68/><W25/><G25/><T119/><D130/><U18/><E6/><N who="2" m="2667" /><F131/><W32/><G125/><T123/><D70/><U28/><E28/><N who="2" m="19719" /><F2/><W52/><G65/><T105/><D105/><U90/><E90/><V116/><F116/><W87/><G129/><T23/><D23/><AGARI ba="0,0" hai="8,10,11,23,26,30,112,113" m="19719,2667" machi="23" ten="30,2900,0" yaku="34,2" doraHai="77" who="2" fromWho="0" sc="224,-29,482,0,157,29,137,0" /><INIT seed="2,1,0,0,4,65" ten="195,482,186,137" oya="2" hai0="120,31,15,52,30,53,7,109,61,4,116,1,56" hai1="68,118,69,76,125,133,59,104,98,82,86,20,25" hai2="32,123,36,42,108,26,101,100,102,28,84,103,2" hai3="106,54,83,119,8,70,18,38,24,77,46,67,50"/><V73/><F123/><W0/><G119/><T37/><D120/><U115/><E115/><V58/><F73/><W10/><G106/><T43/><D1/><U132/><E118/><V51/><F2/><W34/><G0/><T81/><D109/><U47/><E125/><V124/><F124/><W131/><G131/><T16/><D116/><U6/><E6/><N who="0" m="2089" /><D37/><U45/><E59/><V111/><N who="2" m="26112" /><DORA hai="127" /><V40/><F84/><W96/><G96/><T63/><D43/><U23/><E23/><V88/><F88/><W44/><G34/><T134/><D134/><N who="1" m="51819" /><E98/><V22/><F32/><W89/><G89/><T12/><D81/><U17/><E104/><V130/><F130/><W11/><G24/><T126/><D12/><U114/><E114/><V93/><F93/><W41/><G70/><N who="1" m="27242" /><E45/><V55/><REACH who="2" step="1"/><F36/><REACH who="2" ten="195,482,176,137" step="2"/><W29/><G38/><T135/><D126/><U48/><E86/><V3/><F3/><W19/><G83/><T13/><D135/><U62/><E82/><V21/><F21/><W112/><G112/><T99/><D99/><U107/><E107/><V95/><F95/><W35/><G35/><T110/><D110/><AGARI ba="1,1" hai="22,26,28,40,42,51,55,58,108,110,111" m="26112" machi="110" ten="50,12000,1" yaku="1,1,14,1,10,1,53,2" doraHai="65,127" doraHaiUra="128,39" who="2" fromWho="0" sc="195,-123,482,0,176,133,137,0" /><INIT seed="2,2,0,1,5,7" ten="72,482,309,137" oya="2" hai0="71,111,53,2,60,33,66,63,80,98,119,132,52" hai1="82,12,45,50,70,5,48,103,78,74,37,43,19" hai2="77,26,75,0,134,76,39,124,99,41,22,86,92" hai3="121,58,68,84,100,4,9,127,128,125,59,112,129"/><V126/><F75/><W109/><G109/><T16/><D132/><U15/><E70/><V10/><F134/><W6/><G68/><T34/><D111/><U13/><E103/><V87/><F41/><W23/><G121/><T90/><D119/><U51/><REACH who="1" step="1"/><E5/><REACH who="1" ten="72,472,309,137" step="2"/><N who="2" m="1319" /><F39/><W89/><G4/><T79/><D71/><U31/><E31/><N who="2" m="17879" /><F76/><W64/><G100/><T69/><D79/><U94/><E94/><V61/><F77/><W130/><G112/><T96/><D69/><U106/><E106/><V32/><F32/><W108/><G108/><T44/><D34/><U83/><E83/><V115/><F115/><W62/><G23/><AGARI ba="2,1" hai="12,13,15,19,23,37,43,45,48,50,51,74,78,82" machi="23" ten="40,2600,0" yaku="1,1,53,1" doraHai="7" doraHaiUra="104" who="1" fromWho="3" sc="72,0,472,42,309,0,137,-32" /><INIT seed="3,0,0,1,2,35" ten="72,514,309,105" oya="3" hai0="18,99,47,88,79,37,8,71,73,128,109,53,0" hai1="90,66,75,91,5,44,58,135,122,101,27,121,2" hai2="50,28,31,17,105,25,104,32,123,127,80,60,14" hai3="46,103,118,13,45,48,106,102,83,120,43,131,78"/><W52/><G120/><T125/><D71/><U92/><E101/><V114/><F123/><W54/><G118/><T107/><D109/><U87/><E75/><V33/><F127/><W26/><G106/><T10/><D128/><U59/><E44/><V57/><F114/><W74/><G131/><T116/><D116/><U94/><E135/><V98/><F50/><W124/><G124/><T41/><D125/><U7/><E27/><V20/><F80/><W93/><G93/><N who="0" m="56743" /><D10/><U38/><E38/><V100/><F31/><W89/><G89/><T65/><D18/><U133/><E133/><V134/><F134/><W76/><G76/><T95/><D95/><U81/><E81/><V108/><F108/><W40/><G26/><T55/><D65/><U29/><E66/><V16/><F17/><W36/><G13/><T112/><D107/><U69/><E69/><V3/><F3/><W61/><G61/><T63/><D63/><U97/><E2/><V9/><F105/><W56/><REACH who="3" step="1"/><G54/><AGARI ba="0,0" hai="9,14,16,20,25,28,32,33,54,57,60,98,100,104" machi="54" ten="30,2000,0" yaku="7,1,54,1" doraHai="35" who="2" fromWho="3" sc="72,0,514,0,309,20,105,-20" /><INIT seed="4,0,0,2,1,17" ten="72,514,329,85" oya="0" hai0="89,72,9,114,2,87,36,96,116,132,106,6,113" hai1="23,134,45,78,81,58,55,27,43,90,127,19,99" hai2="52,97,62,5,57,109,0,31,40,56,84,103,48" hai3="82,41,133,86,59,71,129,83,76,4,124,112,135"/><T104/><D116/><U33/><E127/><V29/><F109/><W37/><G71/><T105/><D72/><U79/><E134/><V60/><F0/><W118/><G118/><T63/><D36/><U100/><E33/><V107/><F5/><W66/><G112/><N who="0" m="43115" /><D63/><N who="1" m="36319" /><E100/><V12/><F12/><W8/><G124/><T67/><D67/><U20/><E81/><V54/><F84/><W122/><G122/><T13/><D132/><U39/><E23/><V3/><F3/><W111/><G111/><T26/><D26/><U130/><E130/><V92/><F107/><W64/><G129/><T24/><D24/><U51/><E51/><V53/><F40/><W14/><G82/><N who="0" m="49399" /><D2/><U70/><E70/><V28/><F28/><W88/><G135/><T98/><AGARI ba="0,0" hai="6,9,13,96,98,104,105,106" m="49399,43115" machi="98" ten="40,2100,0" yaku="15,1" doraHai="17" who="0" fromWho="0" sc="72,21,514,-7,329,-7,85,-7" /><INIT seed="4,1,0,3,4,127" ten="93,507,322,78" oya="0" hai0="122,35,80,121,105,83,112,109,8,31,134,126,92" hai1="114,58,38,40,11,119,87,30,110,107,54,33,135" hai2="67,129,99,37,15,102,101,81,131,100,93,62,113" hai3="117,26,1,118,64,104,132,19,90,85,51,14,59"/><T39/><D39/><U20/><E33/><V43/><F113/><W86/><G104/><T108/><D8/><U125/><E110/><N who="0" m="42601" /><D31/><U48/><E107/><V29/><F29/><W47/><G1/><T75/><D35/><U68/><E87/><V50/><F37/><W52/><G132/><T36/><D36/><U120/><E135/><V69/><F81/><N who="0" m="31306" /><D105/><U133/><E11/><V128/><F15/><W25/><G118/><T66/><D66/><U49/><E119/><V24/><F24/><N who="3" m="9323" /><G117/><T42/><D42/><U13/><E13/><V123/><F123/><N who="0" m="47114" /><D134/><U98/><E40/><V17/><F17/><W55/><G64/><T2/><D2/><U57/><E133/><V32/><F32/><W10/><G90/><T71/><D71/><U9/><E9/><V111/><F111/><W77/><G77/><T63/><D63/><AGARI ba="1,0" hai="10,14,19,47,51,52,55,59,63,85,86" m="9323" machi="63" ten="30,2000,0" yaku="8,1,54,1" doraHai="127" who="3" fromWho="0" sc="93,-23,507,0,322,0,78,23" /><INIT seed="5,0,0,0,4,57" ten="70,507,322,101" oya="1" hai0="85,74,17,50,108,67,107,134,5,66,70,14,114" hai1="15,116,35,47,13,90,124,32,1,135,102,0,80" hai2="61,43,4,24,52,56,121,33,34,46,41,127,96" hai3="118,42,130,53,88,94,64,10,129,30,54,12,119"/><U72/><E102/><V99/><F121/><W59/><G42/><T82/><D108/><U91/><E47/><V92/><F127/><W6/><G30/><T37/><D37/><U131/><E80/><V76/><F76/><W38/><G38/><T132/><D107/><U84/><E84/><V68/><F68/><W75/><G64/><T104/><D104/><U81/><E81/><V86/><F4/><W110/><G110/><T87/><D5/><U8/><E72/><V29/><F34/><W73/><G73/><T69/><D114/><U45/><E45/><V26/><F26/><W113/><G75/><T31/><D31/><U71/><E71/><V112/><F112/><W62/><G54/><T7/><D7/><U125/><E131/><N who="3" m="50186" /><G113/><T115/><D115/><U97/><E97/><AGARI ba="0,0" hai="6,10,12,53,59,62,88,94,97,118,119" m="50186" machi="97" ten="30,3900,0" yaku="19,1,52,1,54,1" doraHai="57" who="3" fromWho="1" sc="70,0,507,-39,322,0,101,39" /><INIT seed="6,0,0,5,5,100" ten="70,468,322,140" oya="2" hai0="10,98,89,73,99,114,45,112,41,51,27,54,29" hai1="21,1,66,119,88,96,101,126,104,7,22,11,132" hai2="103,130,97,49,26,61,115,12,133,80,47,14,116" hai3="118,38,28,5,6,40,20,92,131,90,13,18,127"/><V25/><F116/><W79/><G118/><T87/><D73/><U77/><E119/><V53/><F115/><W70/><G70/><T71/><D71/><U128/><E77/><V31/><F130/><W94/><G131/><T35/><D41/><U120/><E66/><V124/><F133/><W0/><G127/><T78/><D78/><U75/><E75/><V81/><F124/><W16/><G79/><T74/><D74/><U64/><E64/><V4/><F61/><W135/><G0/><T108/><D108/><U85/><E126/><V86/><F25/><W69/><G69/><T63/><D63/><U43/><E43/><V19/><F4/><W106/><G106/><T109/><D109/><U15/><E128/><V30/><F26/><W82/><G38/><T55/><D55/><U59/><E120/><V72/><F14/><W62/><G40/><T57/><D57/><U107/><E107/><V50/><F50/><W102/><G82/><T134/><D134/><U56/><E132/><V121/><F72/><W105/><G105/><T122/><D10/><U125/><E125/><V23/><F81/><W93/><G102/><T33/><D33/><U110/><E101/><V8/><F23/><N who="3" m="11663" /><G28/><T34/><D34/><U95/><E110/><V113/><F113/><W36/><G36/><T84/><D122/><U129/><E129/><V52/><F121/><W123/><G123/><T42/><D112/><U83/><E83/><V117/><F117/><W39/><G39/><N who="0" m="21727" /><D114/><U44/><E44/><V76/><F53/><W91/><G135/><T111/><D111/><U17/><E22/><RYUUKYOKU ba="0,0" sc="70,-15,468,15,322,15,140,-15" hai1="1,7,11,15,17,21,56,59,85,88,95,96,104" hai2="8,12,19,30,31,47,49,52,76,80,86,97,103" /><INIT seed="6,1,0,2,4,111" ten="55,483,337,125" oya="2" hai0="17,101,120,44,5,121,12,52,46,91,10,129,117" hai1="37,61,47,0,68,43,9,97,22,13,28,102,133" hai2="49,115,56,38,76,99,27,82,131,45,105,114,88" hai3="21,119,16,15,118,124,123,54,29,11,14,69,108"/><V1/><F131/><W3/><G69/><T6/><D129/><U85/><E0/><V65/><F1/><W74/><G108/><T78/><D117/><U103/><E103/><V2/><F2/><W36/><G3/><T81/><D121/><U59/><E68/><V80/><F38/><W30/><G123/><T51/><D120/><U90/><E22/><V130/><F130/><W100/><G74/><T23/><D101/><U33/><E28/><N who="3" m="10858" /><G36/><T64/><D64/><U112/><E133/><V79/><F27/><N who="3" m="14759" /><G100/><T106/><D106/><U73/><E73/><V87/><F105/><W83/><G83/><T126/><D126/><U116/><E97/><V113/><F99/><W8/><G54/><T50/><D23/><U92/><E102/><V104/><F104/><W98/><G98/><T77/><D77/><U95/><E95/><V24/><F24/><W41/><G41/><T109/><D109/><U20/><E20/><V31/><F31/><W70/><G70/><T135/><D135/><U125/><E125/><V63/><REACH who="2" step="1"/><F82/><REACH who="2" ten="55,483,327,125" step="2"/><W122/><G124/><T7/><D91/><N who="1" m="53359" /><E37/><V55/><AGARI ba="1,1" hai="45,49,55,56,63,65,76,79,80,87,88,113,114,115" machi="55" ten="30,24000,3" yaku="1,1,0,1,15,1,52,3,54,1,53,1" doraHai="111" doraHaiUra="40" who="2" fromWho="2" sc="55,-81,483,-81,327,253,125,-81" owari="-26,-53.0,402,20.0,580,69.0,44,-36.0" /></mjloggm>