<mjloggm ver="2.3"><GO type="169" lobby="0"/><UN n0="%4A%61%6E%2D%4D%61%63%68" n1="%68%72%6B%69%6E%67" n2="%E3%83%88%E3%83%88%E3%83%AA%E5%85%88%E7%94%9F%31%39%E6%AD%B3" n3="%E7%8B%9B%E6%B1%9F%E7%A9%BA%E6%89%8B%EF%BC%91%E7%B4%9A" dan="16,16,19,16" rate="2103.13,2129.90,2272.96,2076.35" sx="M,M,F,M"/><TAIKYOKU oya="0"/><INIT seed="0,0,0,2,2,22" ten="250,250,250,250" oya="0" hai0="41,37,16,94,89,11,83,100,131,92,48,36,29" hai1="26,44,101,12,107,112,4,61,85,93,32,59,17" hai2="118,43,95,7,51,28,1,120,86,25,54,64,57" hai3="110,63,21,87,73,70,116,97,113,119,33,40,76"/><T46/><D131/><U19/><E112/><V10/><F120/><W67/><G33/><T99/><D83/><U60/><E107/><V108/><F108/><W114/><G73/><T79/><D79/><U127/><E127/><V45/><F118/><W135/><G110/><T102/><D29/><U123/><E123/><V66/><F86/><W9/><G135/><T130/><D130/><U106/><E106/><V49/><REACH who="2" step="1"/><F95/><REACH who="2" ten="250,250,240,250" step="2"/><W31/><G87/><T88/><D100/><U125/><E125/><V78/><F78/><W82/><G76/><T3/><D102/><U122/><E122/><V81/><F81/><W50/><G82/><T15/><D3/><U18/><E101/><V115/><F115/><W133/><G116/><T117/><D117/><U30/><E85/><AGARI ba="0,1" hai="11,15,16,36,37,41,46,48,85,88,89,92,94,99" machi="85" ten="30,5800,0" yaku="7,1,54,2" doraHai="22" who="0" fromWho="1" sc="250,68,250,-58,240,0,250,0" /><INIT seed="0,1,0,0,3,59" ten="318,192,240,250" oya="0" hai0="93,48,10,64,4,130,111,34,28,39,58,132,116" hai1="112,54,114,24,2,3,53,40,109,7,63,16,31" hai2="90,49,134,110,44,131,46,57,119,0,36,100,72" hai3="6,129,32,128,122,56,82,50,23,22,89,27,102"/><T19/><D39/><U84/><E109/><V99/><F0/><W60/><G122/><T78/><D116/><U30/><E40/><V18/><F110/><W135/><G50/><T96/><D111/><U75/><E75/><V118/><F72/><W123/><G123/><T65/><D34/><U77/><E77/><V11/><F131/><N who="3" m="50251" /><G102/><T20/><D28/><U106/><E84/><V73/><F73/><W87/><G135/><T108/><D78/><U104/><E24/><V76/><F76/><W29/><G6/><T124/><D124/><U125/><E7/><V42/><F134/><W121/><G121/><T85/><D85/><U8/><E8/><V14/><F90/><W37/><G37/><T71/><D71/><U5/><E5/><V98/><F57/><W81/><G81/><T21/><D21/><U79/><E79/><V35/><F35/><W1/><G1/><T97/><D132/><U74/><E74/><V38/><F38/><W41/><G41/><T120/><D93/><U68/><E68/><V88/><F100/><W101/><G101/><T105/><D105/><U69/><E69/><V91/><F91/><W25/><G27/><N who="0" m="14751" /><D108/><U113/><E125/><V66/><F118/><W67/><AGARI ba="1,0" hai="22,23,25,29,32,56,60,67,82,87,89" m="50251" machi="67" ten="30,2000,0" yaku="19,1,52,1" doraHai="59" who="3" fromWho="3" sc="318,-11,192,-6,240,-6,250,23" /><INIT seed="1,0,0,1,0,134" ten="307,186,234,273" oya="1" hai0="46,130,12,51,121,122,14,119,26,77,10,86,108" hai1="21,71,133,80,39,24,124,11,111,52,8,84,58" hai2="132,99,61,53,20,59,2,95,126,69,81,23,38" hai3="97,29,33,131,6,87,74,22,55,93,9,66,117"/><U3/><E71/><V103/><F132/><W42/><G74/><T56/><D119/><U118/><E118/><V114/><F2/><W107/><G33/><T4/><D130/><U90/><E133/><V17/><F38/><W123/><G66/><T120/><D56/><U76/><E39/><V34/><F34/><W47/><G55/><T25/><D14/><U129/><E129/><V28/><F114/><W83/><G107/><T70/><D70/><U30/><E111/><V32/><F69/><W75/><G75/><T101/><D101/><U116/><E116/><V60/><F60/><W13/><G123/><T35/><D35/><U82/><E3/><V112/><F112/><W41/><G131/><T110/><D86/><U105/><E105/><V64/><F53/><W45/><G117/><T7/><D77/><U36/><E36/><V44/><F44/><N who="3" m="16971" /><G22/><T109/><REACH who="0" step="1"/><D7/><REACH who="0" ten="297,186,234,273" step="2"/><U135/><E135/><V18/><F32/><W128/><G128/><T31/><D31/><U91/><E76/><V48/><F28/><W15/><G29/><T89/><D89/><U5/><E5/><V79/><F79/><N who="3" m="46591" /><G15/><T67/><D67/><U0/><E0/><V63/><F64/><W98/><G98/><T16/><D16/><U40/><E90/><AGARI ba="0,1" hai="6,9,13,41,42,90,93,97" m="46591,16971" machi="90" ten="30,1000,0" yaku="8,1" doraHai="134" who="3" fromWho="1" sc="297,0,186,-10,234,0,273,20" /><INIT seed="2,0,0,1,0,43" ten="297,176,234,293" oya="2" hai0="16,45,112,17,125,27,59,21,123,13,57,62,20" hai1="24,86,56,106,7,126,22,32,90,119,3,96,15" hai2="99,67,0,133,36,66,107,113,97,98,5,128,46" hai3="116,93,10,53,132,73,23,39,31,11,72,84,40"/><V63/><F113/><W18/><G116/><T55/><D112/><U49/><E119/><V78/><F128/><W87/><G31/><T9/><D125/><U25/><E126/><V89/><F133/><W65/><G65/><T100/><D123/><U103/><E32/><V61/><F78/><W37/><G53/><T19/><D100/><U102/><E102/><V1/><F107/><W82/><G93/><T91/><D91/><U26/><E3/><V110/><F110/><W127/><G127/><T79/><D79/><U42/><E7/><V122/><F122/><W81/><G23/><T50/><D62/><U48/><E56/><V131/><F131/><W38/><G40/><T8/><D8/><N who="3" m="3113" /><G18/><T70/><D70/><U64/><E64/><V41/><F5/><W54/><G54/><T30/><D30/><U14/><E22/><V111/><F111/><W118/><G132/><T85/><D85/><N who="3" m="32841" /><G118/><T60/><D60/><U2/><E2/><V51/><F89/><W58/><G58/><T47/><D59/><U80/><REACH who="1" step="1"/><E49/><REACH who="1" ten="297,166,234,293" step="2"/><V29/><F51/><W101/><G101/><T129/><REACH who="0" step="1"/><D129/><REACH who="0" ten="287,166,234,293" step="2"/><U71/><E71/><N who="2" m="42447" /><F67/><W130/><G130/><T77/><D77/><U114/><E114/><V6/><F63/><W28/><G28/><T124/><D124/><U88/><E88/><V104/><F29/><W52/><G81/><T105/><D105/><U76/><E76/><V92/><F104/><W12/><G82/><T134/><D134/><U4/><E4/><V34/><F34/><W75/><G75/><T74/><D74/><U117/><E117/><V44/><F6/><RYUUKYOKU ba="0,2" sc="287,15,166,15,234,-15,293,-15" hai0="9,13,16,17,19,20,21,27,45,47,50,55,57" hai1="14,15,24,25,26,42,48,80,86,90,96,103,106" /><INIT seed="3,1,2,5,2,60" ten="302,181,219,278" oya="3" hai0="41,104,118,53,12,64,28,61,126,27,29,67,36" hai1="135,6,55,62,39,98,54,56,84,26,68,120,91" hai2="25,123,80,89,88,125,71,43,59,45,74,75,127" hai3="93,77,57,44,112,7,101,69,37,73,49,109,113"/><W4/><G69/><T95/><D104/><U92/><E120/><V114/><F114/><W82/><G109/><T13/><D36/><U30/><E39/><V81/><F71/><W116/><G116/><T22/><D41/><U66/><E135/><V79/><F25/><W40/><G101/><T108/><D118/><U117/><E117/><V8/><F8/><W19/><G93/><T2/><D2/><U102/><E6/><V78/><F59/><W110/><G110/><T16/><D95/><U42/><E42/><V124/><REACH who="2" step="1"/><F123/><REACH who="2" ten="302,181,209,278" step="2"/><W129/><G113/><T31/><D108/><U15/><E15/><N who="0" m="5705" /><D126/><U106/><REACH who="1" step="1"/><E56/><AGARI ba="1,3" hai="16,22,27,28,29,31,53,56,61,64,67" m="5705" machi="56" ten="30,7700,0" yaku="8,1,52,2,54,1" doraHai="60" who="0" fromWho="1" sc="302,110,181,-80,209,0,278,0" /><INIT seed="4,0,0,3,4,106" ten="412,101,209,278" oya="0" hai0="68,118,111,121,124,56,100,97,104,127,20,31,10" hai1="114,41,54,103,52,46,134,88,15,49,63,61,8" hai2="135,117,47,26,7,75,96,51,45,28,87,89,120" hai3="34,74,40,42,60,73,6,48,14,55,98,76,128"/><T119/><D56/><U83/><E114/><V1/><F120/><W58/><G34/><T91/><D68/><U13/><E134/><V115/><F117/><W24/><G76/><T57/><D57/><U18/><E103/><V67/><F115/><W85/><G24/><T22/><D10/><U109/><E109/><V17/><F135/><W94/><G85/><T38/><D38/><U25/><E25/><V130/><F130/><W21/><G128/><T37/><D37/><U123/><E123/><V4/><F67/><W64/><G74/><T101/><D31/><U131/><E131/><V29/><F96/><W36/><G73/><T72/><D72/><U86/><REACH who="1" step="1"/><E15/><REACH who="1" ten="412,91,209,278" step="2"/><V102/><F102/><W108/><G108/><T9/><D101/><U32/><E32/><V78/><F26/><W126/><G14/><T107/><D100/><U35/><E35/><V133/><F133/><W112/><G112/><T81/><D111/><U0/><E0/><V65/><F1/><W113/><G113/><T77/><D121/><U27/><E27/><V129/><F129/><W39/><G126/><T53/><D124/><U19/><E19/><V82/><F17/><W79/><G6/><T70/><D127/><U90/><E90/><V99/><F4/><W95/><G79/><T50/><D91/><U116/><E116/><V59/><F7/><W132/><G132/><T122/><D77/><U92/><E92/><N who="2" m="56719" /><F75/><W66/><G94/><T62/><D122/><U16/><E16/><V80/><F80/><W110/><G95/><T105/><D119/><U30/><E30/><N who="2" m="11883" /><F65/><N who="3" m="25195" /><G110/><T23/><D118/><RYUUKYOKU ba="0,1" sc="412,-15,91,15,209,15,278,-15" hai1="8,13,18,41,46,49,52,54,61,63,83,86,88" hai2="45,47,51,59,78,82,87" /><INIT seed="5,1,1,4,4,37" ten="397,106,224,263" oya="1" hai0="117,21,111,29,18,131,133,27,68,129,74,25,36" hai1="10,52,2,30,96,47,114,49,8,115,130,34,9" hai2="31,95,102,99,121,1,22,5,107,94,46,39,92" hai3="81,64,83,11,90,65,12,116,103,33,101,135,109"/><U54/><E2/><V42/><F121/><W13/><G33/><T19/><D68/><U28/><E130/><N who="0" m="49673" /><D74/><U4/><E4/><V127/><F127/><W123/><G109/><T128/><D111/><U62/><E96/><V108/><F108/><W86/><G123/><T88/><D117/><U76/><E76/><V7/><F1/><W104/><G135/><T16/><D36/><U58/><REACH who="1" step="1"/><E34/><REACH who="1" ten="397,96,224,263" step="2"/><V60/><F7/><W78/><G78/><T48/><D128/><U57/><E57/><V125/><F5/><W23/><G116/><T120/><D120/><U124/><E124/><V112/><F125/><W97/><G97/><T35/><D133/><U69/><E69/><V51/><F99/><W53/><G101/><T85/><D35/><U43/><E43/><V106/><F102/><W80/><G103/><T71/><D71/><U56/><E56/><V63/><F106/><W87/><G104/><T119/><D119/><U72/><E72/><V70/><F107/><W122/><G122/><T6/><D6/><U77/><E77/><V26/><F70/><W75/><G75/><T0/><D0/><U73/><E73/><V126/><F126/><W40/><G40/><T105/><D105/><U118/><E118/><V132/><F132/><W50/><G87/><T17/><D85/><U82/><E82/><V100/><F100/><W113/><G81/><T84/><N who="0" m="4096" /><DORA hai="59" /><T79/><D79/><U24/><E24/><V55/><F42/><W91/><G83/><N who="0" m="49183" /><D27/><U3/><E3/><V14/><F26/><W61/><G86/><T98/><D98/><U89/><E89/><RYUUKYOKU ba="1,2" sc="397,15,96,15,224,-15,263,-15" hai0="21,25,29,48" hai1="8,9,10,28,30,47,49,52,54,58,62,114,115" /><INIT seed="5,2,2,3,5,66" ten="412,111,209,248" oya="1" hai0="130,38,126,120,68,79,9,74,129,134,110,86,115" hai1="54,12,30,35,122,62,87,123,21,48,5,82,64" hai2="81,58,127,13,131,18,34,70,121,92,102,101,103" hai3="16,23,85,119,59,27,57,22,76,19,26,83,46"/><U78/><E35/><V56/><F121/><W43/><REACH who="3" step="1"/><G119/><REACH who="3" ten="412,111,209,238" step="2"/><T41/><RYUUKYOKU type="yao9" ba="2,3" sc="412,0,111,0,209,0,238,0" hai0="9,38,41,68,74,79,86,110,115,120,126,129,130,134" /><INIT seed="5,3,3,0,1,59" ten="412,111,209,238" oya="1" hai0="84,0,13,127,110,101,7,115,46,122,20,11,120" hai1="86,21,37,72,119,42,102,75,61,113,112,33,99" hai2="73,80,106,135,45,9,111,100,18,134,50,96,71" hai3="82,132,95,1,17,25,4,64,69,109,12,41,79"/><U29/><E86/><V47/><F111/><W35/><G109/><T68/><D110/><U129/><E21/><V124/><F71/><W66/><G69/><T74/><D74/><N who="1" m="28203" /><E119/><V8/><F124/><W5/><G41/><T67/><D127/><U22/><E22/><V62/><F62/><W3/><G95/><T19/><D115/><N who="1" m="44107" /><E61/><V65/><F65/><W103/><G132/><N who="2" m="50729" /><F18/><W38/><G17/><T98/><D67/><U23/><E23/><V76/><F45/><W130/><G64/><T133/><D46/><N who="1" m="23887" /><E129/><V16/><F16/><W14/><G130/><T40/><D84/><U57/><E57/><V32/><F32/><W104/><G35/><T34/><D68/><U93/><E29/><V126/><F126/><W121/><G66/><T88/><D133/><U60/><E60/><V27/><F27/><W92/><G25/><T63/><D63/><U117/><E117/><V6/><F6/><W77/><G5/><T10/><D20/><U108/><E33/><V48/><F48/><W78/><G4/><T105/><D34/><U49/><E49/><V131/><F131/><W26/><G38/><T116/><D116/><U89/><E108/><V118/><F118/><W81/><G26/><T114/><D114/><U31/><E31/><V123/><F123/><N who="0" m="47146" /><D40/><AGARI ba="3,3" hai="8,9,40,47,50,73,76,80,96,100,106" m="50729" machi="40" ten="30,1000,0" yaku="20,1" doraHai="59" who="2" fromWho="0" sc="412,-19,111,0,209,49,238,0" /><INIT seed="6,0,0,1,5,28" ten="393,111,258,238" oya="2" hai0="54,55,123,9,130,22,16,26,107,85,43,84,102" hai1="97,30,13,2,131,121,15,110,19,124,69,46,7" hai2="50,18,68,44,14,3,108,82,57,114,95,112,25" hai3="109,132,128,24,103,67,49,20,120,134,65,0,73"/><V89/><F3/><W62/><G73/><T56/><D123/><U1/><E46/><V116/><F116/><W79/><G109/><T8/><D130/><U90/><E97/><V52/><F68/><W5/><G79/><T36/><D102/><U80/><E90/><V113/><F108/><W37/><G37/><T111/><D107/><U93/><E80/><V60/><F25/><W105/><G120/><T11/><D55/><U135/><E93/><V59/><F82/><W29/><G128/><T88/><D85/><U4/><E69/><V126/><F126/><W6/><G49/><T75/><D75/><U101/><E101/><V106/><F106/><W125/><G125/><T31/><D43/><U64/><E64/><V72/><F72/><W96/><G65/><T133/><D133/><N who="3" m="51305" /><G0/><T23/><D36/><U38/><E38/><V12/><F18/><W74/><G74/><T58/><D54/><U77/><E77/><V33/><F33/><W27/><G27/><N who="0" m="14791" /><D111/><U76/><E76/><V118/><F118/><W42/><G42/><T66/><D66/><U34/><E135/><V91/><F91/><W70/><AGARI ba="0,0" hai="5,6,20,24,29,62,67,70,96,103,105" m="51305" machi="70" ten="30,1100,0" yaku="20,1" doraHai="28" who="3" fromWho="3" sc="393,-3,111,-3,258,-5,238,11" /><INIT seed="7,0,0,0,0,99" ten="390,108,253,249" oya="3" hai0="91,53,130,133,49,72,57,50,20,98,65,89,4" hai1="110,16,94,38,74,13,40,21,122,84,87,2,62" hai2="26,102,97,51,131,127,124,128,33,69,56,25,27" hai3="60,15,68,10,92,41,103,17,9,85,22,34,48"/><W35/><G35/><T88/><D72/><U37/><E110/><V5/><F69/><W28/><G68/><T95/><D133/><U24/><E122/><V105/><F33/><W52/><G60/><N who="0" m="38031" /><D130/><N who="2" m="49706" /><F5/><W70/><G70/><T12/><D50/><U54/><E74/><V61/><F51/><W36/><G41/><T100/><D4/><U58/><E2/><V78/><F78/><W135/><G36/><T6/><D6/><U132/><E132/><V114/><F114/><W123/><G123/><T112/><D112/><U107/><E107/><V96/><F96/><N who="3" m="59783" /><G34/><T44/><D12/><U76/><E76/><V39/><F39/><W32/><G32/><T118/><D118/><U7/><E40/><V109/><F109/><W18/><G28/><T79/><D79/><U81/><E81/><V0/><F0/><W19/><G135/><T106/><D106/><U46/><E46/><V23/><F23/><AGARI ba="0,0" hai="20,23,44,49,53,88,89,91,95,98,100" m="38031" machi="23" ten="30,3900,0" yaku="8,1,52,1,54,1" doraHai="99" who="0" fromWho="2" sc="390,39,108,0,253,-39,249,0" owari="429,53.0,108,-39.0,214,-19.0,249,5.0" /></mjloggm>