<mjloggm ver="2.3"><GO type="169" lobby="0"/><UN n0="%E3%83%97%E3%83%AD%E3%82%AD%E3%82%B7%E3%83%BC" n1="%73%68%6F%6B%6F%6C%61%32" n2="%67%61%79%75%6E%79" n3="%E3%82%A6%E3%83%AB%E3%83%88%E3%83%A9%E7%AB%8B%E7%9B%B4" dan="16,17,16,18" rate="2142.81,2141.39,2052.25,2216.27" sx="M,M,M,M"/><TAIKYOKU oya="0"/><INIT seed="0,0,0,2,2,31" ten="250,250,250,250" oya="0" hai0="133,47,3,48,94,77,2,86,14,91,10,130,71" hai1="32,42,27,57,76,67,127,122,132,59,78,66,8" hai2="29,50,118,22,114,60,82,83,75,73,99,21,45" hai3="44,110,46,61,70,107,117,54,18,129,93,1,28"/><T97/><D71/><U79/><E122/><V33/><F114/><W64/><G1/><T85/><D130/><U65/><E42/><V68/><F118/><W95/><G117/><T58/><D133/><U106/><E106/><V125/><F125/><W36/><G110/><T113/><D113/><U121/><E121/><V56/><F68/><W4/><G4/><T13/><D58/><U134/><E8/><V69/><F69/><W80/><G80/><T63/><D63/><U126/><E27/><V102/><F82/><W51/><G18/><T9/><D2/><U19/><E19/><V119/><F119/><W135/><G107/><T74/><D74/><U89/><E89/><V105/><F75/><W30/><G30/><T23/><D23/><U35/><E67/><V52/><F83/><W124/><G28/><T55/><D3/><U20/><E79/><V15/><F15/><N who="0" m="5642" /><D77/><U120/><E120/><V92/><F73/><W16/><G129/><T37/><D37/><U53/><E53/><V123/><F105/><W26/><G124/><T108/><D108/><U25/><E25/><V101/><F101/><W6/><G135/><T5/><D5/><U38/><E20/><V12/><F12/><W111/><G6/><T11/><AGARI ba="0,0" hai="9,10,11,47,48,55,85,86,91,94,97" m="5642" machi="11" ten="30,1500,0" yaku="8,1" doraHai="31" who="0" fromWho="0" sc="250,15,250,-5,250,-5,250,-5" /><INIT seed="0,1,0,2,2,8" ten="265,245,245,245" oya="0" hai0="35,87,134,117,124,9,61,119,55,121,33,80,10" hai1="60,125,79,1,88,91,53,26,43,73,27,96,12" hai2="135,78,45,101,23,4,17,113,30,36,7,54,114" hai3="15,22,90,107,44,42,18,133,129,105,98,49,13"/><T116/><D121/><U95/><E1/><V130/><F30/><W126/><G126/><T69/><D124/><U83/><E125/><V16/><F130/><W115/><G115/><T19/><D134/><U32/><E43/><V5/><F135/><W128/><G133/><T108/><D108/><U28/><E27/><V37/><F17/><W103/><G90/><T58/><D69/><U89/><REACH who="1" step="1"/><E12/><REACH who="1" ten="265,235,245,245" step="2"/><V104/><F113/><W64/><G107/><T86/><D35/><U76/><E76/><V93/><F114/><W74/><G74/><T118/><D33/><U20/><E20/><V11/><F78/><W81/><G81/><T25/><D118/><U6/><E6/><V65/><F11/><W51/><G13/><T46/><D9/><U24/><E24/><V52/><F4/><W120/><G120/><T84/><D25/><U77/><E77/><V72/><F5/><W14/><G14/><T3/><D3/><U102/><E102/><V40/><F72/><W97/><G103/><T56/><D10/><U94/><E94/><V82/><F7/><W71/><G105/><T34/><D80/><U70/><E70/><V110/><F82/><W38/><G129/><T99/><D34/><U21/><E21/><V132/><F104/><W111/><G128/><T68/><D68/><U66/><E66/><V48/><F132/><W85/><G64/><N who="0" m="38951" /><D116/><U0/><E0/><V29/><F65/><W106/><G71/><T122/><D117/><U41/><E41/><V67/><F67/><W131/><G131/><T50/><D119/><U2/><E2/><V109/><F40/><RYUUKYOKU ba="1,1" sc="265,-10,235,30,245,-10,245,-10" hai1="26,28,32,53,60,73,79,83,88,89,91,95,96" /><INIT seed="1,2,1,4,3,64" ten="255,265,235,235" oya="1" hai0="118,121,127,43,132,51,134,40,61,28,129,65,35" hai1="27,119,108,60,41,93,5,55,116,114,23,104,106" hai2="133,97,131,19,52,12,7,62,71,24,82,122,68" hai3="110,36,78,9,76,21,59,45,22,46,73,111,4"/><U92/><E114/><V18/><F122/><W25/><G59/><T57/><D28/><U63/><E41/><N who="0" m="15945" /><D35/><U48/><E5/><V100/><F133/><N who="0" m="51306" /><D118/><U17/><E108/><V81/><F131/><W88/><G88/><T96/><D96/><U105/><E119/><V8/><F81/><W91/><G91/><T103/><D103/><U90/><E116/><V101/><F82/><W58/><G58/><T83/><D83/><U6/><E6/><V50/><F100/><W3/><G36/><T120/><D129/><U56/><REACH who="1" step="1"/><E93/><REACH who="1" ten="255,255,235,235" step="2"/><V112/><F112/><W77/><G4/><T15/><D127/><U102/><E102/><V16/><F24/><W31/><G111/><T54/><D15/><U135/><E135/><V69/><F62/><W123/><G110/><T74/><D74/><U84/><AGARI ba="2,2" hai="17,23,27,48,55,56,60,63,84,90,92,104,105,106" machi="84" ten="30,3000,0" yaku="1,1,0,1,53,0" doraHai="64" doraHaiUra="79" who="1" fromWho="1" sc="255,-12,255,56,235,-12,235,-12" /><INIT seed="1,3,0,3,4,112" ten="243,311,223,223" oya="1" hai0="49,129,50,60,35,118,56,9,19,98,32,119,55" hai1="20,110,74,5,91,105,117,116,114,65,92,17,86" hai2="45,80,96,127,16,14,38,85,48,44,131,67,126" hai3="90,121,88,120,37,3,29,81,4,66,52,59,58"/><U36/><E36/><V100/><F131/><W71/><G71/><T1/><D129/><U87/><E114/><V23/><F38/><W25/><G37/><T68/><D98/><U2/><E105/><V61/><F45/><W21/><G3/><T63/><D19/><U53/><E74/><V13/><F13/><W82/><G4/><T102/><D102/><U7/><E65/><V115/><F115/><W113/><G113/><T70/><D9/><U79/><E110/><V132/><F132/><W22/><G66/><N who="0" m="41031" /><D1/><U62/><E79/><V78/><F61/><W106/><G25/><T41/><D32/><U75/><E75/><V134/><F67/><W107/><G29/><T72/><D35/><U133/><E87/><V130/><F134/><W89/><G89/><T24/><D24/><U128/><E128/><V103/><F130/><W18/><G18/><T8/><D8/><U122/><E122/><V42/><REACH who="2" step="1"/><F103/><REACH who="2" ten="243,311,213,223" step="2"/><W135/><G135/><T26/><D70/><U51/><E133/><V95/><AGARI ba="3,1" hai="14,16,23,42,44,48,78,80,85,95,96,100,126,127" machi="95" ten="30,7900,0" yaku="1,1,2,1,0,1,54,1,53,0" doraHai="112" doraHaiUra="6" who="2" fromWho="2" sc="243,-23,311,-42,213,98,223,-23" /><INIT seed="2,0,0,1,1,120" ten="220,269,311,200" oya="2" hai0="62,26,82,114,85,40,122,35,67,126,71,58,16" hai1="117,65,13,106,30,98,96,23,111,134,110,70,73" hai2="121,29,12,80,131,55,52,125,101,14,45,133,127" hai3="59,74,72,41,22,44,21,97,37,8,92,3,36"/><V116/><F116/><W28/><G37/><T99/><D122/><U113/><E113/><V42/><F121/><W78/><G59/><T10/><D126/><N who="2" m="48138" /><F133/><W9/><G28/><T60/><D114/><U54/><E117/><V24/><F131/><W105/><G9/><T25/><D40/><U115/><E115/><V63/><F101/><W132/><G105/><T5/><D99/><U39/><E39/><N who="2" m="21727" /><F80/><W1/><G1/><T19/><D35/><U46/><E73/><V38/><F38/><W27/><G72/><T91/><D26/><U89/><E65/><V43/><F43/><W32/><G27/><T4/><D25/><N who="1" m="16703" /><E70/><V86/><F86/><W56/><G32/><T20/><D20/><U77/><E77/><V34/><F63/><W66/><G132/><T48/><D48/><N who="1" m="28951" /><E106/><V33/><F33/><W64/><G78/><T88/><D91/><U61/><E61/><V68/><F68/><W102/><G74/><T135/><D135/><U31/><E134/><V112/><F112/><W47/><G41/><T18/><REACH who="0" step="1"/><D10/><REACH who="0" ten="210,269,311,200" step="2"/><U109/><E31/><V0/><F24/><W57/><G8/><T51/><D51/><U107/><E107/><V100/><F29/><W79/><G22/><T49/><D49/><U75/><E75/><V2/><F34/><W95/><G21/><T50/><D50/><U93/><E13/><V69/><F14/><W123/><G36/><T104/><D104/><U7/><E98/><V94/><F12/><W53/><G97/><T129/><D129/><U130/><E130/><V83/><F100/><W87/><G102/><T128/><D128/><RYUUKYOKU ba="0,1" sc="210,15,269,15,311,-15,200,-15" hai0="4,5,16,18,19,58,60,62,67,71,82,85,88" hai1="7,89,93,96,109,110,111" /><INIT seed="3,1,1,1,2,40" ten="225,284,296,185" oya="3" hai0="26,38,34,119,108,124,128,15,47,125,107,69,131" hai1="103,126,54,8,120,111,57,79,9,132,133,36,66" hai2="84,25,2,97,49,17,127,123,16,33,56,101,78" hai3="73,46,63,28,130,7,104,94,96,53,72,98,21"/><W75/><G130/><N who="0" m="49707" /><D108/><U0/><E120/><V43/><F123/><W64/><G104/><T112/><D119/><U105/><E36/><V20/><F2/><W102/><G7/><T52/><D107/><U44/><E111/><V62/><F33/><W67/><G98/><T13/><D69/><U106/><E79/><V92/><F127/><N who="0" m="48714" /><D112/><U24/><E126/><V122/><F122/><W65/><G28/><N who="0" m="19735" /><D38/><U90/><E106/><V83/><F49/><AGARI ba="1,1" hai="13,15,47,49,52" m="19735,48714,49707" machi="49" ten="30,7700,0" yaku="19,1,18,1,52,1,54,1" doraHai="40" who="0" fromWho="2" sc="225,90,284,0,296,-80,185,0" /><INIT seed="4,0,0,1,4,45" ten="315,284,216,185" oya="0" hai0="94,76,42,131,33,99,132,54,79,15,82,64,47" hai1="17,135,1,46,114,23,106,63,121,27,34,100,52" hai2="108,36,98,109,111,37,105,13,39,104,71,67,73" hai3="60,74,90,11,28,85,3,113,69,127,103,12,55"/><T53/><D33/><U32/><E121/><V18/><F73/><W77/><G3/><T93/><D131/><U65/><E1/><V130/><F130/><W124/><G103/><T134/><D64/><U123/><E123/><V9/><REACH who="2" step="1"/><F98/><REACH who="2" ten="315,284,206,185" step="2"/><W14/><G74/><N who="0" m="43287" /><D99/><U4/><E114/><V2/><F2/><W56/><G113/><T125/><D125/><U66/><E135/><V62/><AGARI ba="0,1" hai="9,13,18,36,37,39,62,67,71,104,105,108,109,111" machi="62" ten="40,5200,0" yaku="1,1,0,1,53,1" doraHai="45" doraHaiUra="5" who="2" fromWho="2" sc="315,-26,284,-13,206,62,185,-13" /><INIT seed="5,0,0,4,1,108" ten="289,271,268,172" oya="1" hai0="56,46,49,19,65,113,88,13,133,41,79,51,15" hai1="66,104,103,22,87,1,27,9,52,57,122,14,12" hai2="18,116,38,130,10,68,59,100,99,45,82,118,83" hai3="43,80,112,23,117,115,126,60,62,47,64,131,97"/><U5/><E122/><V53/><F68/><W72/><G126/><T92/><D133/><U58/><E104/><V110/><F110/><W95/><G23/><T0/><D0/><U93/><E58/><V31/><F130/><W69/><G62/><N who="0" m="38087" /><D113/><N who="3" m="43593" /><G131/><T120/><D120/><U111/><E66/><V121/><F31/><W84/><G72/><T11/><D79/><U86/><E111/><V8/><F121/><W35/><G35/><T28/><D28/><U24/><E24/><V109/><F10/><W132/><G132/><T124/><D124/><U74/><E74/><V44/><F8/><W2/><G2/><T76/><D76/><U71/><E71/><V34/><F34/><W119/><G80/><T101/><D49/><U30/><E87/><V40/><F82/><W128/><G84/><N who="0" m="52231" /><D15/><U105/><E105/><V81/><F83/><W70/><G70/><T39/><D39/><U7/><E7/><V127/><F81/><W96/><G128/><T90/><D90/><U134/><E134/><V20/><F127/><W25/><G25/><T42/><D101/><U114/><E114/><V26/><F109/><W21/><G21/><T17/><D17/><U85/><E103/><V129/><F129/><W75/><G75/><T135/><D135/><U123/><E123/><V63/><F45/><W3/><G3/><T37/><D37/><U102/><E86/><V94/><AGARI ba="0,0" hai="18,20,26,38,40,44,53,59,63,94,99,100,116,118" machi="94" ten="20,1500,0" yaku="0,1,7,1" doraHai="108" who="2" fromWho="2" sc="289,-4,271,-7,268,15,172,-4" /><INIT seed="6,0,0,5,2,133" ten="285,264,283,168" oya="2" hai0="21,65,121,38,9,72,22,64,23,77,58,79,47" hai1="89,122,48,42,24,35,66,60,102,63,62,96,74" hai2="107,124,67,59,6,101,26,127,76,95,86,43,45" hai3="114,20,12,15,17,117,109,108,31,39,28,41,93"/><V4/><F107/><W113/><G93/><T78/><D121/><U118/><E118/><V132/><F132/><W40/><G39/><T134/><D134/><U55/><E122/><V75/><F75/><W73/><G73/><T82/><D72/><U7/><E74/><V49/><F26/><W98/><G98/><T50/><D38/><U32/><E42/><V34/><F34/><W92/><G92/><T110/><D110/><U18/><E7/><V29/><F29/><N who="3" m="11339" /><G41/><N who="0" m="24943" /><D82/><U100/><E89/><N who="2" m="53687" /><F101/><W25/><G40/><T10/><D58/><U120/><E120/><V8/><F76/><W128/><G128/><T129/><D129/><U69/><E35/><V37/><F8/><AGARI ba="0,0" hai="8,9,10,21,22,23,64,65,77,78,79" m="24943" machi="8" ten="30,1000,0" yaku="8,1" doraHai="133" who="0" fromWho="2" sc="285,10,264,0,283,-10,168,0" /><INIT seed="7,0,0,4,0,107" ten="295,264,273,168" oya="3" hai0="70,11,119,108,130,61,40,114,65,117,56,97,66" hai1="103,95,29,45,110,85,76,35,104,75,41,12,7" hai2="84,53,118,125,99,38,113,13,91,69,37,131,94" hai3="44,4,96,60,30,77,100,123,23,51,86,49,134"/><W31/><G123/><T64/><D97/><N who="1" m="61551" /><E110/><V18/><F118/><N who="0" m="45066" /><D11/><N who="1" m="4223" /><E35/><V3/><F3/><W42/><G134/><T98/><D98/><U57/><E29/><V93/><F125/><W127/><G127/><T106/><D106/><U50/><E57/><V81/><F113/><W47/><G4/><T105/><D105/><U92/><E75/><V0/><F131/><W83/><G23/><T126/><D126/><U5/><E5/><V102/><F0/><W122/><G122/><T16/><D16/><U79/><E79/><V25/><F25/><W135/><G135/><T111/><D130/><U26/><E26/><V15/><F69/><W132/><G132/><T59/><D40/><U36/><E36/><V24/><F53/><W19/><G19/><T87/><D87/><U43/><E43/><V72/><F24/><W124/><G124/><T101/><D101/><U120/><E120/><V52/><F52/><N who="3" m="29735" /><G60/><N who="0" m="40231" /><D114/><U58/><E58/><N who="0" m="22057" /><D61/><U54/><E54/><V109/><F109/><AGARI ba="0,0" hai="64,66,108,109,111" m="22057,40231,45066" machi="109" ten="30,2000,0" yaku="34,2" doraHai="107" who="0" fromWho="2" sc="295,20,264,0,273,-20,168,0" owari="315,42.0,264,6.0,253,-15.0,168,-33.0" /></mjloggm>