<mjloggm ver="2.3"><GO type="169" lobby="0"/><UN n0="%6D%65%61%6C%72" n1="%E8%88%98%E7%94%B0%E6%B5%A9%E7%BF%94" n2="%E9%BE%8D%E9%96%80%E6%B8%95%E9%80%8F%E8%8F%AF" n3="%E3%83%88%E3%83%88%E3%83%AA%E5%85%88%E7%94%9F%31%39%E6%AD%B3" dan="16,16,16,18" rate="2052.25,2040.66,2069.27,2205.76" sx="M,M,F,F"/><TAIKYOKU oya="0"/><INIT seed="0,0,0,4,1,81" ten="250,250,250,250" oya="0" hai0="122,26,4,79,115,23,73,129,60,92,131,109,102" hai1="10,94,14,17,63,107,78,16,111,35,118,97,135" hai2="20,12,3,24,103,42,2,49,66,21,47,98,65" hai3="15,30,72,83,40,62,33,128,120,48,51,127,25"/><T70/><D122/><U18/><E118/><V38/><F38/><W88/><G120/><T76/><D115/><U74/><E107/><V8/><F2/><W55/><G128/><N who="0" m="49227" /><D4/><U105/><E105/><V108/><F3/><W43/><G127/><T114/><D114/><U44/><E35/><V13/><F13/><W27/><G62/><T46/><D46/><U32/><E32/><V93/><F108/><W57/><G48/><T68/><D109/><U89/><E111/><V134/><F134/><W90/><G25/><T64/><D73/><U37/><E63/><V75/><F75/><W50/><G50/><T69/><D102/><U95/><E135/><V0/><F0/><W58/><G58/><N who="0" m="36887" /><D92/><U61/><E94/><V39/><F39/><W104/><G104/><T80/><D80/><U96/><E61/><V71/><F71/><W116/><G116/><T54/><D54/><U5/><E44/><V85/><F103/><W106/><G106/><T53/><D53/><U11/><E37/><V112/><F93/><W29/><G15/><T22/><D22/><U119/><E119/><V9/><F21/><W133/><G133/><T113/><D113/><U117/><E117/><V77/><F20/><W52/><G55/><T19/><AGARI ba="0,0" hai="19,23,26,68,69,70,76,79" m="36887,49227" machi="19" ten="40,2100,0" yaku="19,1" doraHai="81" who="0" fromWho="0" sc="250,21,250,-7,250,-7,250,-7" /><INIT seed="0,1,0,4,1,92" ten="271,243,243,243" oya="0" hai0="37,75,64,61,7,85,30,50,5,13,66,134,28" hai1="31,23,135,133,53,22,124,130,131,71,73,72,116" hai2="123,87,70,3,108,113,55,18,128,100,81,38,99" hai3="77,121,6,106,129,115,89,98,59,56,88,65,90"/><T17/><D37/><U41/><E116/><V44/><F123/><W76/><G115/><T120/><D75/><U52/><E71/><V14/><F3/><W83/><G121/><T118/><D134/><N who="1" m="51211" /><E41/><V20/><F108/><W58/><G129/><N who="1" m="49162" /><E31/><N who="0" m="11817" /><D118/><U107/><E107/><V86/><F128/><W84/><G6/><N who="0" m="2059" /><D61/><U29/><E29/><V49/><F38/><W79/><G65/><T112/><D112/><U68/><E68/><V1/><F1/><W67/><G67/><T93/><D120/><U122/><E122/><V0/><F0/><W97/><G106/><T109/><D109/><U102/><E102/><V15/><F70/><W119/><G119/><T96/><D85/><U127/><E72/><V54/><F113/><W80/><G84/><T111/><D50/><U24/><E73/><V69/><F87/><W78/><N who="3" m="19456" /><DORA hai="27" /><W62/><G62/><T63/><D63/><U10/><E10/><V105/><F69/><W16/><G16/><T47/><D111/><U125/><E24/><V21/><F86/><W103/><G103/><N who="0" m="60815" /><D64/><U2/><E2/><V57/><F105/><W35/><G35/><T34/><D66/><U51/><E53/><V25/><F55/><W60/><G60/><T101/><D34/><U12/><E12/><V32/><F15/><W8/><G8/><N who="0" m="6311" /><D101/><U94/><E94/><V42/><F100/><W19/><G19/><T48/><D48/><U95/><E95/><V36/><F49/><W117/><G117/><T4/><D4/><U26/><E26/><V39/><F25/><W110/><G110/><T40/><D40/><U33/><E33/><RYUUKYOKU ba="1,0" sc="271,10,243,10,243,-30,243,10" hai0="47" hai1="22,23,51,52,124,125,127" hai3="56,58,59,80,83,88,89,90,97,98" /><INIT seed="0,2,0,2,0,85" ten="281,253,213,253" oya="0" hai0="119,57,62,32,2,33,35,52,93,124,18,98,116" hai1="114,78,11,25,14,43,36,130,126,80,19,102,91" hai2="5,120,1,106,21,133,129,105,15,96,4,56,3" hai3="13,24,95,69,16,73,41,118,109,67,74,115,135"/><T132/><D132/><U84/><E114/><V104/><F133/><W46/><G115/><T107/><D107/><U28/><E130/><V100/><F129/><W58/><G135/><T90/><D124/><U112/><E126/><V122/><F56/><W50/><G118/><T108/><D108/><U113/><E102/><V123/><F21/><W97/><G69/><T22/><REACH who="0" step="1"/><D2/><REACH who="0" ten="271,253,213,253" step="2"/><U37/><E112/><V8/><F15/><AGARI ba="2,1" hai="15,18,22,32,33,35,52,57,62,90,93,98,116,119" machi="15" ten="40,18000,2" yaku="1,1,2,1,52,1,54,1,53,3" doraHai="85" doraHaiUra="30" who="0" fromWho="2" sc="271,196,253,0,213,-186,253,0" /><INIT seed="0,3,0,1,4,17" ten="467,253,27,253" oya="0" hai0="79,63,118,10,19,49,15,106,50,122,52,77,94" hai1="113,103,34,46,26,128,87,35,40,126,64,69,123" hai2="65,88,114,42,109,3,72,8,59,119,117,85,23" hai3="7,96,25,120,38,6,31,51,39,101,16,54,107"/><T130/><D106/><U90/><E123/><V43/><F114/><W21/><G120/><T75/><D122/><U5/><E113/><V20/><F72/><W98/><G98/><T73/><D118/><U108/><E126/><V111/><F3/><W45/><REACH who="3" step="1"/><G31/><REACH who="3" ten="467,253,27,243" step="2"/><T12/><D130/><U135/><E128/><V116/><F8/><W28/><G28/><T112/><D112/><U92/><E135/><V78/><F78/><W1/><G1/><T105/><D77/><U102/><E108/><N who="2" m="41547" /><F65/><W115/><G115/><T80/><D79/><U93/><E64/><V56/><F56/><W76/><G76/><T71/><D75/><U86/><E69/><V57/><F57/><W4/><AGARI ba="3,1" hai="4,6,7,16,21,25,38,39,45,51,54,96,101,107" machi="4" ten="30,8000,1" yaku="1,1,0,1,52,1,54,1,53,1" doraHai="17" doraHaiUra="97" who="3" fromWho="3" sc="467,-43,253,-23,27,-23,243,99" /><INIT seed="1,0,0,4,0,10" ten="424,230,4,342" oya="1" hai0="13,55,11,30,3,95,57,129,113,120,46,34,130" hai1="50,67,81,85,58,84,23,31,15,71,105,92,102" hai2="119,78,49,24,83,116,70,17,12,132,134,82,123" hai3="91,103,1,21,106,35,69,124,118,80,127,68,66"/><U86/><E105/><V133/><F70/><W128/><G35/><T72/><D72/><U33/><E33/><V6/><F49/><W101/><G1/><T97/><D113/><U8/><E71/><N who="3" m="27210" /><G66/><T43/><D3/><U29/><E102/><N who="3" m="38922" /><G106/><T26/><D120/><U104/><E92/><V98/><F98/><W64/><G64/><T59/><D55/><N who="1" m="32119" /><E67/><V131/><F78/><W28/><G128/><N who="0" m="49259" /><D95/><U53/><E53/><V32/><F82/><W38/><G38/><N who="0" m="21879" /><D97/><U135/><E135/><V96/><F96/><W61/><G61/><T126/><D126/><N who="3" m="48169" /><G118/><N who="2" m="45097" /><F83/><W47/><G47/><T110/><D110/><U48/><E104/><V100/><F100/><W73/><G91/><T2/><D2/><U114/><E81/><V25/><F131/><W77/><G21/><T75/><D75/><U117/><E23/><N who="2" m="11687" /><F123/><W52/><G28/><T54/><D54/><AGARI ba="0,0" hai="52,54,73,77,80" m="48169,38922,27210" machi="54" ten="40,2600,0" yaku="18,1,54,1" doraHai="10" who="3" fromWho="0" sc="424,-26,230,0,4,0,342,26" /><INIT seed="2,0,0,5,5,109" ten="398,230,4,368" oya="2" hai0="92,88,108,41,91,26,74,97,118,60,40,2,24" hai1="6,44,0,85,27,95,106,7,115,34,100,111,83" hai2="84,71,127,37,69,75,76,25,94,67,77,50,105" hai3="13,132,124,113,47,70,125,114,135,19,29,54,126"/><V116/><F105/><W64/><G29/><T104/><D108/><U99/><E111/><V10/><F37/><W36/><G64/><T72/><D104/><U133/><E115/><N who="3" m="44042" /><G70/><T45/><D2/><U134/><E34/><V81/><F127/><W59/><G47/><T52/><D74/><U35/><E27/><N who="0" m="10281" /><D72/><U122/><E0/><V101/><F116/><W30/><G30/><T62/><D118/><U17/><E106/><V21/><F67/><W96/><G96/><T42/><D91/><U22/><E35/><V117/><F117/><W129/><G36/><T80/><D80/><U65/><E65/><V12/><F77/><W14/><G129/><T98/><D98/><U33/><E33/><V5/><F50/><AGARI ba="0,0" hai="40,41,42,45,50,52,60,62,88,92,97" m="10281" machi="50" ten="30,3900,0" yaku="8,1,54,2" doraHai="109" who="0" fromWho="2" sc="398,39,230,0,4,-39,368,0" owari="437,54.0,230,-17.0,-35,-54.0,368,17.0" /></mjloggm>