<mjloggm ver="2.3"><GO type="225" lobby="0"/><UN n0="%E6%B3%95%E6%94%BF%E5%A4%A7%E5%AD%A6%EF%BC%93%E5%B9%B4" n1="%62%61%62%75%73%75%72%61" n2="%E5%B0%B1%E6%B4%BB%E7%94%9F%40%E5%B7%9D%E6%9D%91%E8%BB%8D%E5%9B%A3" n3="%53%65%6E%61%72" dan="17,16,17,18" rate="2148.61,2020.66,2175.08,2203.56" sx="M,M,F,M"/><TAIKYOKU oya="0"/><INIT seed="0,0,0,5,3,110" ten="250,250,250,250" oya="0" hai0="115,9,117,70,63,4,85,83,87,57,84,50,13" hai1="75,127,68,92,27,55,29,107,56,61,88,71,49" hai2="91,97,42,101,99,66,54,118,122,128,80,112,108" hai3="33,90,132,116,81,126,16,74,129,76,123,6,2"/><T67/><D117/><U93/><E107/><V73/><F66/><W20/><G116/><T25/><D115/><U120/><E120/><V34/><F34/><W10/><G123/><T18/><D70/><U46/><E75/><V1/><F54/><W24/><G132/><T41/><D25/><U14/><E14/><V105/><F42/><W38/><G38/><T19/><REACH who="0" step="1"/><D83/><REACH who="0" ten="240,250,250,250" step="2"/><U124/><E71/><V100/><F118/><W17/><G129/><T94/><D94/><U86/><E92/><N who="2" m="58407" /><F122/><W59/><G126/><T5/><D5/><U65/><REACH who="1" step="1"/><E68/><REACH who="1" ten="240,240,250,250" step="2"/><V125/><F125/><W89/><G81/><T51/><D51/><U78/><E78/><V44/><F128/><W130/><G76/><T8/><D8/><U30/><E30/><V95/><F80/><W104/><G130/><T0/><D0/><U32/><AGARI ba="0,2" hai="27,29,32,46,49,55,56,61,65,86,88,93,124,127" machi="32" ten="30,7900,0" yaku="1,1,0,1,54,1,53,1" doraHai="110" doraHaiUra="82" who="1" fromWho="1" sc="240,-39,240,99,250,-20,250,-20" /><INIT seed="1,0,0,5,0,107" ten="201,339,230,230" oya="1" hai0="65,75,129,46,8,79,38,108,87,126,89,121,101" hai1="76,47,35,26,90,40,62,44,2,66,63,10,18" hai2="135,118,13,124,36,92,39,113,43,68,88,11,77" hai3="72,125,50,19,31,58,99,82,114,57,109,100,30"/><U84/><E76/><V61/><F118/><W42/><G114/><T4/><D108/><U21/><E35/><V69/><F124/><W131/><G109/><T55/><D126/><U86/><E86/><V29/><F135/><W103/><G125/><T116/><D116/><U16/><E62/><V52/><F113/><W41/><G103/><T78/><D129/><U34/><E34/><V74/><F29/><W119/><G119/><T96/><D65/><U53/><E53/><V64/><F68/><W115/><G115/><T95/><D121/><U71/><E40/><V37/><F43/><W83/><G131/><T24/><D24/><U56/><E71/><V14/><F11/><W48/><G19/><T51/><D38/><U0/><E0/><V12/><F52/><W130/><G100/><T80/><REACH who="0" step="1"/><D75/><REACH who="0" ten="191,339,230,230" step="2"/><U9/><E2/><AGARI ba="0,1" hai="2,4,8,46,51,55,78,79,80,87,89,95,96,101" machi="2" ten="30,7700,0" yaku="1,1,2,1,7,1,53,1" doraHai="107" doraHaiUra="98" who="0" fromWho="1" sc="191,87,339,-77,230,0,230,0" /><INIT seed="2,0,0,2,1,64" ten="278,262,230,230" oya="2" hai0="82,20,101,130,87,36,67,10,47,88,135,118,125" hai1="74,13,7,65,8,119,123,3,21,40,50,94,33" hai2="55,126,49,19,108,9,95,73,129,105,79,69,37" hai3="131,100,127,111,16,32,30,58,15,91,66,78,81"/><V107/><F37/><W42/><G111/><T43/><D125/><U35/><E74/><V102/><F69/><W52/><G127/><T18/><D130/><U25/><E65/><V103/><F126/><W56/><G131/><T106/><D135/><U117/><E94/><V57/><F129/><W86/><G42/><T5/><D67/><U1/><E50/><V104/><F108/><W77/><G100/><T92/><D106/><U90/><E90/><V29/><F29/><W134/><G134/><T89/><D118/><N who="1" m="45067" /><E40/><V59/><F59/><W113/><G113/><T26/><D101/><U60/><E60/><V97/><F103/><W17/><G32/><N who="1" m="12362" /><E123/><V122/><F122/><W54/><G30/><AGARI ba="0,0" hai="1,3,7,8,13,21,25,30" m="12362,45067" machi="30" ten="30,2000,0" yaku="34,2" doraHai="64" who="1" fromWho="3" sc="278,0,262,20,230,0,230,-20" /><INIT seed="3,0,0,4,4,47" ten="278,282,230,210" oya="3" hai0="118,15,67,19,46,84,115,13,86,56,29,125,105" hai1="1,72,16,31,83,9,12,62,32,35,50,90,17" hai2="97,49,7,98,54,76,96,130,104,36,129,95,135" hai3="103,22,65,51,108,110,109,14,68,11,133,18,41"/><W114/><G114/><T27/><D118/><U123/><E1/><V117/><F36/><W75/><G75/><T101/><D125/><U91/><E72/><V82/><F117/><W24/><G133/><T100/><D105/><U55/><E32/><V126/><F104/><W38/><G38/><T0/><D0/><U111/><E111/><V64/><F64/><W77/><G77/><T120/><D120/><U52/><E35/><V79/><F7/><W2/><G103/><T28/><D27/><U116/><E116/><V92/><F126/><W81/><G81/><T112/><D56/><N who="1" m="35079" /><E31/><V74/><F79/><W69/><G2/><T43/><D67/><U60/><E60/><V134/><F49/><W87/><G87/><T66/><D66/><U78/><E17/><V42/><F54/><W113/><G113/><T122/><D19/><U25/><E25/><V63/><F63/><W99/><G99/><N who="2" m="37961" /><F42/><W71/><G65/><T5/><D43/><U119/><E123/><V89/><F95/><W88/><G88/><T8/><D122/><U37/><E37/><V107/><F107/><W4/><G69/><T73/><D73/><U39/><E39/><V58/><F58/><W21/><G21/><T80/><D115/><U30/><E30/><V102/><F102/><W106/><G106/><T48/><D112/><U121/><E121/><V3/><F3/><W94/><G94/><T33/><D101/><U132/><E119/><V127/><F127/><W20/><G20/><T53/><D100/><U34/><E34/><V6/><F6/><W128/><G128/><AGARI ba="0,0" hai="74,76,82,89,92,98,128,129,130,134,135" m="37961" machi="128" ten="30,3900,0" yaku="19,1,34,2" doraHai="47" who="2" fromWho="3" sc="278,0,282,0,230,39,210,-39" /><INIT seed="4,0,0,1,0,5" ten="278,282,269,171" oya="0" hai0="13,35,68,127,75,60,118,65,102,14,80,87,33" hai1="81,130,124,129,121,106,49,93,30,77,19,50,123" hai2="15,20,72,51,67,131,6,88,58,84,54,37,24" hai3="17,47,125,103,57,132,25,11,18,59,39,53,105"/><T4/><D118/><U122/><E106/><V91/><F131/><N who="1" m="50185" /><E30/><N who="2" m="17671" /><F37/><W46/><G132/><T98/><D75/><N who="1" m="43199" /><E124/><V114/><F72/><W97/><G125/><T2/><D2/><U95/><E19/><V70/><F70/><W10/><G59/><T31/><D127/><U40/><E40/><V28/><F28/><W108/><G108/><T64/><D64/><U74/><E74/><V134/><F134/><W73/><G73/><T69/><D69/><U0/><E0/><V89/><F67/><W44/><G39/><T112/><D112/><U96/><E93/><N who="2" m="54407" /><F114/><W111/><G111/><T23/><D23/><U63/><E63/><V32/><F32/><W135/><G135/><T52/><D35/><U1/><E1/><V117/><F117/><W7/><G25/><T43/><D43/><U133/><E133/><V36/><F36/><W110/><G110/><T126/><D126/><U42/><E42/><V8/><AGARI ba="0,0" hai="6,8,15,51,54,58,89,91" m="54407,17671" machi="8" ten="30,4000,0" yaku="8,1,52,1,54,1" doraHai="5" who="2" fromWho="2" sc="278,-20,282,-10,269,40,171,-10" owari="258,-14.0,272,7.0,309,41.0,161,-34.0" /></mjloggm>