<mjloggm ver="2.3"><GO type="169" lobby="0"/><UN n0="%6D%61%63%6A%72" n1="%E3%83%A4%E3%82%AD%E3%83%B3" n2="%74%61%72%6F%6F" n3="%E5%B0%B1%E6%B4%BB%E7%94%9F%40%E5%B7%9D%E6%9D%91%E8%BB%8D%E5%9B%A3" dan="18,17,18,17" rate="2216.71,2165.49,2213.12,2160.12" sx="M,M,M,M"/><TAIKYOKU oya="0"/><INIT seed="0,0,0,0,1,71" ten="250,250,250,250" oya="0" hai0="105,129,116,82,70,25,57,81,127,122,89,34,98" hai1="35,111,13,63,41,74,14,24,80,69,67,19,100" hai2="37,32,8,31,27,39,55,60,72,73,17,54,28" hai3="7,106,46,52,62,118,64,49,68,1,85,88,109"/><T22/><D70/><U29/><E111/><V130/><F130/><W15/><G109/><T79/><D116/><U114/><E114/><V102/><F102/><W21/><G118/><T50/><D122/><U76/><E19/><V48/><F60/><W128/><G106/><T12/><D129/><U113/><E113/><V51/><F17/><W112/><G128/><T11/><D34/><U95/><E95/><V124/><F8/><W5/><G1/><T23/><D127/><U66/><E66/><V30/><F27/><W43/><G112/><T86/><D25/><U90/><E90/><V47/><F32/><W107/><G107/><T93/><D82/><U16/><E100/><V53/><F124/><W38/><G21/><T104/><D104/><U134/><E134/><V10/><F10/><W40/><G15/><T61/><D50/><N who="2" m="18986" /><F47/><W110/><G43/><T115/><D115/><U4/><E41/><V2/><F2/><W58/><G110/><T91/><D105/><U121/><E121/><V56/><F56/><W9/><G9/><T126/><D126/><U117/><E117/><V119/><F119/><W42/><G42/><T36/><D36/><AGARI ba="0,0" hai="28,30,31,36,37,39,53,54,55,72,73" m="18986" machi="36" ten="40,8000,1" yaku="28,2,52,3" doraHai="71" who="2" fromWho="0" sc="250,-80,250,0,250,80,250,0" /><INIT seed="1,0,0,0,3,15" ten="170,250,330,250" oya="1" hai0="79,109,85,54,4,36,87,118,130,31,77,6,119" hai1="8,61,41,98,115,68,111,108,11,23,17,116,74" hai2="45,105,10,86,99,114,88,122,13,81,49,2,47" hai3="69,72,70,93,63,102,94,46,104,30,95,133,1"/><U66/><E115/><V59/><F122/><W53/><G1/><T89/><D36/><U35/><E116/><V12/><F2/><W52/><G72/><T3/><D3/><U44/><E35/><V50/><F114/><W43/><G133/><T78/><D31/><U83/><E98/><V112/><F112/><W84/><G30/><T57/><D109/><N who="1" m="42059" /><E83/><V131/><F13/><W16/><G84/><T56/><D130/><U80/><E80/><V18/><F131/><W134/><G134/><T100/><D100/><U42/><E74/><V28/><F28/><W126/><G126/><T90/><D77/><U110/><N who="1" m="42067" /><U96/><DORA hai="20" /><E96/><V33/><F33/><W97/><G70/><T103/><D103/><U92/><E92/><N who="2" m="56711" /><F105/><W73/><G73/><T120/><REACH who="0" step="1"/><D54/><REACH who="0" ten="160,250,330,250" step="2"/><U24/><E42/><V7/><F7/><W38/><G63/><T32/><D32/><U55/><E55/><N who="2" m="32247" /><F49/><AGARI ba="0,1" hai="8,11,17,23,24,41,44,49,61,66,68" m="42067" machi="49" ten="40,12000,1" yaku="14,1,10,1,52,2" doraHai="15,20" who="1" fromWho="2" sc="160,0,250,130,330,-120,250,0" /><INIT seed="1,1,0,5,2,132" ten="160,380,210,250" oya="1" hai0="83,127,74,3,108,21,80,125,28,122,37,82,71" hai1="61,19,20,30,118,77,68,34,116,89,107,131,115" hai2="65,119,10,102,70,129,69,8,39,42,105,130,67" hai3="38,47,35,27,113,128,22,36,53,100,60,92,58"/><U40/><E115/><V87/><F119/><W79/><G113/><T24/><D37/><U33/><E107/><V91/><F102/><W25/><G128/><N who="2" m="49257" /><F105/><W63/><G79/><T23/><D71/><N who="2" m="27146" /><F42/><W55/><G35/><T106/><D3/><U7/><E77/><V9/><F39/><W112/><G27/><T101/><D108/><U96/><E131/><V0/><F0/><W52/><G112/><T90/><D122/><U73/><E73/><V114/><F114/><W123/><G123/><T124/><D74/><U76/><E76/><V109/><F109/><W50/><G38/><T94/><D106/><U62/><E40/><V43/><F43/><W66/><G36/><T84/><D23/><U64/><E62/><V45/><F45/><W46/><G46/><T75/><D75/><U31/><E34/><V104/><F104/><W86/><G63/><T98/><AGARI ba="1,0" hai="21,24,28,80,82,83,84,90,94,98,101,124,125,127" machi="98" ten="40,8000,1" yaku="0,1,18,1,52,3" doraHai="132" who="0" fromWho="0" sc="160,83,380,-41,210,-21,250,-21" /><INIT seed="2,0,0,2,1,2" ten="243,339,189,229" oya="2" hai0="58,9,33,110,133,41,62,126,123,24,120,74,127" hai1="11,56,90,130,65,78,15,115,125,100,71,27,112" hai2="132,6,135,53,70,54,46,102,94,1,42,69,114" hai3="67,37,116,68,5,20,12,49,87,85,14,19,4"/><V35/><F35/><W82/><G37/><T124/><D74/><U113/><E71/><V8/><F114/><W73/><G116/><T23/><D33/><U103/><E78/><V104/><F54/><W80/><G73/><T44/><D110/><U121/><E125/><V76/><F53/><W86/><G68/><T89/><D89/><U38/><E38/><N who="2" m="21847" /><F94/><W45/><G67/><N who="0" m="39383" /><D9/><U60/><E90/><V88/><F88/><N who="3" m="51239" /><G14/><T16/><D133/><N who="2" m="51274" /><F76/><N who="3" m="46407" /><G87/><T39/><AGARI ba="0,0" hai="16,23,24,39,41,44,120,123,124,126,127" m="39383" machi="39" ten="30,2000,0" yaku="18,1,54,1" doraHai="2" who="0" fromWho="0" sc="243,20,339,-5,189,-10,229,-5" /><INIT seed="3,0,0,0,2,64" ten="263,334,179,224" oya="3" hai0="126,53,70,105,13,119,61,128,50,39,52,67,121" hai1="9,37,4,88,66,130,17,38,35,23,60,18,0" hai2="11,72,1,112,95,5,82,78,79,94,32,47,44" hai3="87,80,132,2,74,51,98,133,30,115,14,33,116"/><W22/><G74/><T24/><D105/><U54/><E35/><V97/><F112/><W59/><G2/><T81/><D39/><U26/><E130/><V3/><F32/><W89/><G115/><T92/><D119/><U48/><E18/><V90/><F1/><W7/><G116/><T43/><D121/><U108/><E108/><V125/><F125/><W107/><G33/><T109/><D24/><U21/><E21/><V114/><F114/><W91/><G30/><T31/><D31/><U111/><E111/><V122/><F122/><W8/><G22/><T104/><D104/><U86/><E48/><V41/><F79/><W15/><G14/><T124/><D109/><U36/><E54/><V101/><REACH who="2" step="1"/><F41/><REACH who="2" ten="263,334,169,224" step="2"/><W45/><G132/><T83/><D43/><U20/><E26/><V56/><F56/><W117/><G133/><T63/><D124/><U69/><REACH who="1" step="1"/><E17/><REACH who="1" ten="263,324,169,224" step="2"/><V113/><F113/><W131/><G131/><T40/><D128/><U106/><E106/><V34/><F34/><W96/><G107/><T84/><D126/><U134/><E134/><V16/><F16/><W75/><G117/><T46/><D40/><U27/><E27/><V135/><F135/><W76/><G7/><T19/><D19/><U58/><E58/><V42/><F42/><W99/><G59/><T29/><D29/><U85/><E85/><AGARI ba="0,2" hai="3,5,11,44,47,72,78,82,85,90,94,95,97,101" machi="85" ten="30,2000,0" yaku="1,1,7,1,53,0" doraHai="64" doraHaiUra="49" who="2" fromWho="1" sc="263,0,324,-20,169,40,224,0" /><INIT seed="4,0,0,4,1,25" ten="263,304,209,224" oya="0" hai0="27,49,43,123,133,39,93,17,64,66,72,92,31" hai1="6,118,94,8,65,14,56,129,117,127,106,81,47" hai2="3,62,46,102,74,91,132,124,33,32,15,13,79" hai3="51,22,100,125,18,115,130,89,82,97,116,105,23"/><T11/><D123/><U16/><E106/><V84/><F3/><W59/><G116/><T9/><D72/><U108/><E108/><V128/><F102/><W70/><G70/><T29/><D39/><U114/><E127/><V75/><F46/><W119/><G125/><T77/><D77/><U71/><E71/><V103/><F103/><W5/><G119/><T110/><D133/><U69/><E69/><V60/><F124/><W35/><G35/><T24/><D49/><U113/><E129/><V4/><F4/><W111/><G5/><T126/><D126/><U0/><E94/><V48/><F48/><W2/><G2/><T85/><D85/><U80/><E47/><V54/><F84/><W99/><G82/><N who="1" m="31850" /><E56/><V104/><F91/><W98/><G59/><T95/><D43/><U121/><E65/><N who="0" m="25193" /><D110/><U36/><E36/><V55/><F104/><W122/><G51/><T34/><D34/><U88/><E88/><V134/><REACH who="2" step="1"/><F128/><REACH who="2" ten="263,304,199,224" step="2"/><W28/><G89/><T41/><D41/><U63/><E121/><V53/><F53/><W87/><G122/><T67/><D67/><U20/><E63/><V109/><F109/><W40/><G111/><T78/><D78/><AGARI ba="0,1" hai="13,15,32,33,54,55,60,62,74,75,78,79,132,134" machi="78" ten="25,3200,0" yaku="1,1,22,2,53,0" doraHai="25" doraHaiUra="112" who="2" fromWho="0" sc="263,-32,304,0,199,42,224,0" /><INIT seed="5,0,0,4,5,124" ten="231,304,241,224" oya="1" hai0="13,33,49,121,88,130,53,117,122,126,25,54,56" hai1="11,32,21,109,108,23,14,113,111,93,51,26,67" hai2="6,71,16,87,123,12,19,100,46,89,61,94,41" hai3="20,15,22,28,30,35,24,66,42,86,70,81,29"/><U99/><E67/><V90/><F123/><N who="0" m="47114" /><D117/><U68/><E68/><V74/><F74/><W8/><G42/><T118/><D118/><U57/><E113/><V131/><F71/><W105/><G105/><T129/><D126/><U64/><E32/><V92/><F131/><N who="0" m="50186" /><D13/><U134/><E26/><V114/><F61/><W47/><G47/><T7/><D7/><N who="1" m="3455" /><E134/><V110/><F100/><W85/><G35/><T44/><D25/><U40/><E40/><V97/><F110/><W31/><G22/><T1/><D1/><U43/><E43/><V120/><F114/><W62/><REACH who="3" step="1"/><G81/><REACH who="3" ten="231,304,241,214" step="2"/><T75/><D33/><U91/><E23/><V115/><F120/><W59/><G59/><T39/><D39/><U3/><E21/><V116/><F115/><W27/><G27/><T104/><D104/><U98/><E111/><V73/><F116/><W10/><G10/><T55/><D75/><U17/><E109/><V69/><F73/><W72/><G72/><T84/><D56/><U133/><E108/><V2/><F69/><W119/><G119/><T82/><AGARI ba="0,1" hai="44,49,53,54,55,82,84,88" m="50186,47114" machi="82" ten="30,12000,2" yaku="13,1,19,1,52,3,54,1" doraHai="124" who="0" fromWho="0" sc="231,130,304,-60,241,-30,214,-30" /><INIT seed="6,0,0,0,1,99" ten="361,244,211,184" oya="2" hai0="110,103,22,128,25,96,107,57,59,131,115,135,51" hai1="31,113,90,95,63,15,70,21,8,109,75,93,53" hai2="61,48,82,28,37,30,44,24,123,92,127,5,104" hai3="71,47,86,43,18,40,134,17,4,73,7,19,33"/><V6/><F104/><W122/><G73/><T29/><D110/><U55/><E109/><V133/><F37/><W117/><G117/><T58/><D115/><U76/><E75/><V50/><F123/><W84/><G122/><T12/><D135/><U16/><E76/><V26/><F127/><W130/><G33/><T1/><D1/><U79/><E79/><V120/><F120/><W52/><G71/><T9/><D51/><U13/><E113/><V85/><F61/><W35/><G35/><T108/><D108/><U91/><E70/><V11/><F92/><N who="1" m="35401" /><E31/><N who="2" m="11819" /><F133/><W41/><G130/><N who="0" m="49707" /><D59/><N who="1" m="35311" /><E55/><N who="2" m="30087" /><F50/><N who="3" m="28767" /><G134/><T114/><D114/><U23/><E23/><V38/><F38/><W125/><G125/><T27/><D27/><N who="2" m="10282" /><F11/><W65/><G65/><T3/><D3/><U83/><E83/><V34/><F34/><W102/><G102/><T68/><D68/><U101/><E101/><V87/><F87/><AGARI ba="0,0" hai="4,7,17,18,19,40,41,43,84,86,87" m="28767" machi="87" ten="30,2000,0" yaku="8,1,54,1" doraHai="99" who="3" fromWho="2" sc="361,0,244,0,211,-20,184,20" /><INIT seed="7,0,0,4,5,13" ten="361,244,191,204" oya="3" hai0="50,57,102,22,40,103,101,1,42,61,83,43,0" hai1="63,62,70,39,109,20,2,12,18,82,124,114,7" hai2="104,99,24,59,75,108,120,110,118,134,29,71,92" hai3="91,117,95,25,5,38,23,94,31,56,113,44,90"/><W72/><G72/><T64/><D0/><U66/><E109/><V128/><F75/><W53/><G117/><T131/><D1/><U27/><E39/><V19/><F118/><W77/><G77/><T88/><D131/><U79/><E114/><V69/><F104/><W86/><G113/><T4/><D4/><U80/><E124/><V73/><F73/><W26/><G5/><T30/><D50/><U10/><E63/><V133/><F128/><W130/><G130/><T85/><D22/><U9/><E79/><V105/><F59/><W84/><G38/><T65/><D30/><AGARI ba="0,0" hai="2,7,9,10,12,18,20,27,30,62,66,70,80,82" machi="30" ten="30,2000,0" yaku="7,1,52,1" doraHai="13" who="1" fromWho="0" sc="361,-20,244,20,191,0,204,0" owari="341,45.0,264,6.0,191,-31.0,204,-20.0" /></mjloggm>