<mjloggm ver="2.3"><GO type="169" lobby="0"/><UN n0="%E9%87%8C%E4%B8%AD%E4%BA%9C%E7%9F%A2%E5%AD%90" n1="%73%69%6C%65%6E%2E" n2="%E5%B0%B1%E6%B4%BB%E7%94%9F%40%E5%B7%9D%E6%9D%91%E8%BB%8D%E5%9B%A3" n3="%EF%BD%9E%E5%8E%9F%E6%9D%91%E5%92%8C%EF%BD%9E" dan="16,16,17,16" rate="2087.75,2154.09,2247.09,2077.62" sx="F,M,M,F"/><TAIKYOKU oya="0"/><INIT seed="0,0,0,5,2,58" ten="250,250,250,250" oya="0" hai0="14,111,40,132,82,85,119,18,59,90,3,74,112" hai1="79,102,135,15,51,118,84,97,65,50,52,0,21" hai2="53,101,46,92,61,48,116,2,26,64,17,93,120" hai3="105,44,66,104,33,39,117,29,31,56,109,23,113"/><T75/><D119/><U77/><E0/><V71/><F120/><W133/><G113/><T22/><D112/><U13/><E118/><V43/><F116/><W62/><G109/><T57/><D3/><U6/><E65/><V41/><F2/><W130/><G133/><T28/><D132/><U72/><E72/><V68/><F68/><W32/><G130/><T36/><D111/><U88/><E50/><V37/><F101/><W49/><G39/><T124/><D124/><U63/><E51/><V54/><F54/><W122/><G117/><T115/><D115/><U108/><E108/><V95/><REACH who="2" step="1"/><F37/><REACH who="2" ten="250,250,240,250" step="2"/><W4/><G122/><T8/><D36/><U20/><E52/><V86/><F86/><W121/><G121/><T91/><D40/><U12/><E84/><V128/><F128/><W45/><G105/><T11/><D74/><U100/><E100/><V80/><F80/><W134/><G104/><T76/><D75/><U5/><E102/><V73/><F73/><W106/><G106/><T87/><D76/><U34/><E79/><V30/><F30/><W78/><G134/><T81/><D28/><U103/><E103/><V1/><F1/><W60/><G33/><T16/><REACH who="0" step="1"/><D11/><REACH who="0" ten="240,250,240,250" step="2"/><U25/><E77/><V47/><F47/><W10/><G32/><T70/><D70/><U42/><E135/><V126/><F126/><W129/><G129/><T94/><D94/><U7/><E34/><V27/><F27/><AGARI ba="0,2" hai="8,14,16,18,22,27,57,59,81,82,85,87,90,91" machi="27" ten="30,12000,1" yaku="1,1,7,1,9,1,8,1,54,1,53,0" doraHai="58" doraHaiUra="123" who="0" fromWho="2" sc="240,140,250,0,240,-120,250,0" /><INIT seed="0,1,0,4,1,35" ten="380,250,120,250" oya="0" hai0="68,110,14,128,49,108,82,47,113,13,37,9,15" hai1="31,44,58,52,85,55,116,20,3,84,18,27,65" hai2="83,50,90,95,61,77,122,71,43,11,81,75,39" hai3="120,62,34,72,66,94,57,100,127,96,8,33,64"/><T129/><D37/><U67/><E116/><V102/><F122/><W111/><G111/><N who="0" m="42539" /><D68/><U135/><E3/><V121/><F121/><W21/><G120/><T76/><D113/><U41/><E135/><V86/><F39/><W19/><G127/><T54/><D9/><U23/><E84/><AGARI ba="1,0" hai="13,14,15,47,49,54,76,82,84,128,129" m="42539" machi="84" ten="30,2900,0" yaku="14,1,10,1" doraHai="35" who="0" fromWho="1" sc="380,32,250,-32,120,0,250,0" /><INIT seed="0,2,0,5,5,119" ten="412,218,120,250" oya="0" hai0="78,103,67,56,51,48,105,77,50,38,107,98,74" hai1="54,127,2,100,128,61,63,58,73,65,112,117,118" hai2="35,90,26,135,93,111,25,32,39,49,132,88,1" hai3="62,44,130,81,53,29,6,83,82,86,20,0,17"/><T115/><D38/><U129/><E100/><V33/><F1/><W91/><G130/><N who="1" m="50282" /><E73/><V31/><F39/><W87/><G29/><T79/><D115/><U34/><E34/><V64/><F64/><W104/><G104/><T55/><D67/><U60/><E2/><V102/><F111/><W23/><G23/><T41/><D74/><U122/><E112/><V116/><F116/><N who="1" m="44649" /><E127/><V5/><F5/><W92/><G6/><T21/><D107/><U101/><E101/><V10/><F10/><W99/><G0/><T15/><D105/><U114/><E114/><V109/><F109/><W75/><G75/><T97/><D103/><U24/><E24/><V131/><F131/><W37/><G37/><T125/><D125/><U121/><E63/><V110/><F110/><W72/><G72/><T94/><D15/><U124/><E124/><V52/><F102/><W45/><G62/><T8/><D79/><U4/><E4/><V11/><F11/><W27/><G53/><T106/><D78/><U7/><E7/><V22/><F26/><W14/><G27/><T59/><D77/><U133/><E133/><N who="2" m="51275" /><F93/><W28/><G28/><T85/><D94/><U42/><E42/><V68/><F68/><AGARI ba="2,0" hai="54,58,60,61,65,68,121,122" m="44649,50282" machi="68" ten="30,8000,1" yaku="19,1,34,2,52,2" doraHai="119" who="1" fromWho="2" sc="412,0,218,86,120,-86,250,0" /><INIT seed="1,0,0,4,5,11" ten="412,304,34,250" oya="1" hai0="127,45,10,119,6,24,123,110,75,28,114,93,122" hai1="44,100,70,25,125,86,39,58,106,98,49,1,27" hai2="79,40,71,111,88,30,20,57,102,47,31,134,55" hai3="29,85,105,103,48,17,21,109,36,62,113,7,59"/><U64/><E1/><V128/><F71/><W65/><G113/><T101/><D75/><U41/><E86/><V43/><F128/><W133/><G109/><T67/><D114/><U37/><E37/><V135/><F111/><W121/><G121/><N who="0" m="46091" /><D110/><U12/><E12/><V116/><F116/><W13/><G36/><T90/><D101/><U0/><E0/><V33/><F33/><W60/><G133/><N who="2" m="50697" /><F102/><W108/><G62/><T52/><D67/><U8/><E8/><V42/><F79/><W35/><G105/><T50/><D127/><U5/><E5/><V4/><F4/><W38/><G38/><T56/><D119/><U129/><E129/><V82/><F47/><W115/><G103/><T63/><D24/><U23/><E23/><V19/><F57/><W118/><G118/><T94/><D28/><N who="2" m="10794" /><F55/><W107/><G107/><T53/><D90/><U87/><E87/><N who="2" m="50295" /><F43/><W18/><G115/><T95/><D95/><U117/><E125/><V74/><F74/><W84/><G7/><T131/><D131/><U124/><E124/><V83/><F83/><W46/><G108/><T26/><D26/><AGARI ba="0,0" hai="19,20,26,40,42" m="50295,10794,50697" machi="26" ten="30,2000,0" yaku="20,1,54,1" doraHai="11" who="2" fromWho="0" sc="412,-20,304,0,34,20,250,0" /><INIT seed="2,0,0,2,2,8" ten="392,304,54,250" oya="2" hai0="40,92,105,100,74,89,127,6,26,3,28,50,39" hai1="60,52,49,35,121,62,14,1,64,77,116,84,5" hai2="130,76,99,85,18,126,66,114,58,10,134,57,68" hai3="12,83,51,9,13,128,29,37,47,110,88,54,75"/><V109/><F114/><W91/><G110/><T131/><D39/><U21/><E1/><V94/><F126/><W25/><G37/><T36/><D36/><U31/><E35/><V117/><F117/><W55/><G128/><T122/><D74/><U42/><E116/><V27/><F130/><W69/><G69/><T30/><D131/><U7/><E42/><V24/><F134/><W63/><G75/><T65/><D65/><U82/><E121/><V61/><F109/><W79/><G9/><T101/><D105/><U4/><E64/><V111/><F111/><W32/><G79/><T22/><D30/><U11/><E21/><V93/><F68/><W123/><G123/><T17/><D122/><U124/><E31/><V103/><F57/><W19/><G19/><T129/><D129/><U34/><E34/><V59/><F59/><N who="3" m="35327" /><G32/><T86/><D127/><U133/><E133/><V96/><F76/><W33/><G33/><T70/><D70/><U46/><E124/><V16/><F85/><N who="3" m="50239" /><G91/><T115/><D115/><U53/><E53/><V132/><F132/><W48/><G48/><T108/><D108/><U20/><E20/><V119/><F119/><W71/><G71/><T125/><D125/><U135/><E135/><V112/><F112/><W98/><G98/><T95/><D28/><U106/><E106/><V2/><F2/><W97/><G97/><T56/><D3/><U104/><E104/><V23/><F10/><W90/><G90/><T81/><D6/><AGARI ba="0,0" hai="4,5,6,7,11,14,46,49,52,60,62,77,82,84" machi="6" ten="40,5200,0" yaku="8,1,52,1,54,1" doraHai="8" who="1" fromWho="0" sc="392,-52,304,52,54,0,250,0" /><INIT seed="3,0,0,5,1,7" ten="340,356,54,250" oya="3" hai0="100,88,90,67,107,87,109,46,41,49,12,30,15" hai1="83,43,40,115,4,98,103,133,26,69,101,70,28" hai2="112,79,14,61,91,123,18,0,1,31,75,81,39" hai3="53,71,77,95,76,11,36,134,8,104,51,20,99"/><W45/><G71/><T2/><D2/><U93/><E115/><V25/><F112/><W116/><G116/><T42/><D109/><U122/><E122/><V22/><F123/><W85/><G104/><T35/><D67/><U50/><E133/><V114/><F39/><W64/><G134/><T60/><D60/><U135/><E135/><V94/><F114/><W117/><G117/><T84/><D41/><U89/><E40/><V27/><F27/><W38/><G38/><T129/><D129/><U130/><E130/><V68/><F68/><W73/><G73/><T78/><D78/><N who="3" m="30313" /><G36/><T24/><D100/><U63/><E4/><V120/><F61/><W127/><G127/><T106/><D106/><U102/><E63/><V34/><REACH who="2" step="1"/><F120/><REACH who="2" ten="340,356,44,250" step="2"/><W118/><G118/><T57/><D24/><U56/><E70/><V55/><F55/><W59/><G85/><AGARI ba="0,1" hai="0,1,14,18,22,25,31,34,75,79,81,85,91,94" machi="85" ten="30,2000,0" yaku="1,1,7,1,53,0" doraHai="7" doraHaiUra="113" who="2" fromWho="3" sc="340,0,356,0,44,30,250,-20" /><INIT seed="4,0,0,3,3,32" ten="340,356,74,230" oya="0" hai0="94,39,20,130,1,14,46,132,9,11,98,134,101" hai1="33,89,64,90,75,58,126,49,6,25,92,77,52" hai2="115,111,24,91,124,36,131,72,74,2,83,105,114" hai3="65,37,122,67,112,56,125,81,123,78,4,59,116"/><T95/><D130/><U84/><E126/><V8/><F111/><W10/><G37/><T127/><D127/><U80/><E6/><N who="2" m="1111" /><F124/><W27/><G27/><T19/><D94/><U119/><E119/><V93/><F36/><W3/><G125/><T117/><D117/><U40/><E40/><V87/><F105/><W50/><G112/><N who="2" m="43049" /><F131/><W16/><G116/><T57/><D57/><U53/><E64/><V5/><F5/><W133/><G133/><N who="0" m="51307" /><D1/><U62/><E90/><N who="2" m="51583" /><F24/><W61/><G16/><T55/><D39/><U48/><REACH who="1" step="1"/><E53/><REACH who="1" ten="340,346,74,230" step="2"/><V7/><F7/><W121/><G67/><T47/><D55/><U106/><E106/><V12/><F12/><W35/><G65/><T23/><D23/><U29/><AGARI ba="0,1" hai="25,29,33,48,49,52,58,62,75,77,80,84,89,92" machi="29" ten="30,4000,0" yaku="1,1,0,1,54,1,53,0" doraHai="32" doraHaiUra="60" who="1" fromWho="1" sc="340,-20,346,50,74,-10,230,-10" /><INIT seed="5,0,0,5,1,104" ten="320,396,64,220" oya="1" hai0="14,98,19,20,39,66,12,15,125,31,5,70,62" hai1="6,79,17,68,69,117,91,51,88,99,73,96,57" hai2="52,100,105,134,72,87,78,37,30,109,61,127,59" hai3="24,92,27,41,18,107,53,89,1,81,83,135,108"/><U35/><E6/><V49/><F109/><W36/><G108/><T25/><D39/><U110/><E110/><V43/><F127/><W97/><G1/><T94/><D125/><U21/><E35/><V28/><F134/><W50/><G135/><T77/><D77/><U64/><E51/><V119/><F119/><W26/><G107/><T40/><D40/><U118/><E57/><V56/><F37/><W29/><G29/><T133/><D133/><U65/><E79/><V55/><F43/><W93/><G41/><T84/><D84/><U2/><E2/><V103/><F87/><W34/><G34/><T102/><REACH who="0" step="1"/><D5/><REACH who="0" ten="310,396,64,220" step="2"/><U120/><E118/><V58/><F58/><W47/><G36/><T113/><D113/><U44/><E44/><V121/><F121/><W16/><REACH who="3" step="1"/><G93/><REACH who="3" ten="310,396,64,210" step="2"/><T101/><D101/><U131/><E117/><V122/><F122/><W86/><G86/><T10/><AGARI ba="0,2" hai="10,12,14,15,19,20,25,31,62,66,70,94,98,102" machi="10" ten="20,2700,0" yaku="1,1,0,1,7,1,53,0" doraHai="104" doraHaiUra="126" who="0" fromWho="0" sc="310,47,396,-13,64,-7,210,-7" /><INIT seed="6,0,0,2,5,26" ten="357,383,57,203" oya="2" hai0="55,74,47,92,64,57,13,121,100,12,111,19,101" hai1="119,125,16,9,15,31,37,84,62,134,67,114,38" hai2="41,0,18,94,135,45,54,97,35,29,10,120,14" hai3="42,46,70,22,61,124,53,90,98,25,103,95,68"/><V4/><F120/><W28/><G124/><T5/><D74/><U116/><E114/><V33/><F135/><W113/><G113/><T43/><D111/><U20/><E125/><V49/><F41/><W102/><G70/><T86/><D64/><U30/><E134/><V127/><F127/><W23/><G23/><T105/><D105/><U73/><E73/><V128/><F128/><W108/><G108/><T3/><D3/><U72/><E72/><V130/><F130/><W52/><G68/><T118/><D118/><U109/><E109/><V34/><F94/><W96/><G61/><T112/><D112/><U75/><E75/><V71/><F71/><W131/><G90/><N who="0" m="53335" /><D121/><U65/><E84/><V80/><F80/><W50/><G131/><T27/><D27/><U6/><E20/><V87/><F87/><W69/><G69/><T36/><D36/><U8/><E15/><V115/><F115/><W58/><G58/><T106/><D106/><AGARI ba="0,0" hai="22,25,28,42,46,50,52,53,95,96,98,102,103,106" machi="106" ten="30,3900,0" yaku="7,1,52,1,54,1" doraHai="26" who="3" fromWho="0" sc="357,-39,383,0,57,0,203,39" /><INIT seed="7,0,0,5,3,26" ten="318,383,57,242" oya="3" hai0="88,83,97,80,11,127,27,25,94,56,111,122,53" hai1="19,74,75,3,120,93,71,124,66,103,33,42,17" hai2="31,59,16,6,1,117,132,86,48,21,123,110,44" hai3="92,5,34,45,121,65,112,29,0,62,37,128,36"/><W81/><G121/><T14/><D127/><U113/><E3/><V130/><F110/><W9/><G112/><T90/><D111/><U67/><E113/><V50/><F117/><W85/><G128/><T39/><D39/><U95/><E120/><V63/><F123/><W116/><G92/><T101/><D122/><U78/><E78/><V64/><F130/><W96/><G96/><T72/><D101/><U30/><E30/><V131/><F132/><W126/><G45/><T35/><D72/><U73/><E73/><V12/><F131/><W57/><G116/><T47/><D35/><U22/><E22/><V119/><F119/><W55/><G55/><T87/><D80/><U28/><E28/><V100/><F1/><W2/><G2/><T4/><REACH who="0" step="1"/><D47/><REACH who="0" ten="308,383,57,242" step="2"/><U135/><E33/><V129/><F129/><W108/><G126/><T52/><D52/><U49/><E75/><V84/><F100/><W13/><G108/><T118/><D118/><U7/><E74/><V43/><F6/><W106/><G106/><T18/><D18/><U51/><E17/><V23/><REACH who="2" step="1"/><F48/><AGARI ba="0,1" hai="4,11,14,25,27,48,53,56,83,87,88,90,94,97" machi="48" ten="30,7700,0" yaku="1,1,7,1,8,1,54,1,53,0" doraHai="26" doraHaiUra="68" who="0" fromWho="2" sc="308,87,383,0,57,-77,242,0" owari="395,50.0,383,18.0,-20,-52.0,242,-16.0" /></mjloggm>