<mjloggm ver="2.3"><GO type="169" lobby="0"/><UN n0="%E3%82%A6%E3%83%AB%E3%83%88%E3%83%A9%E7%AB%8B%E7%9B%B4" n1="%E3%83%8A%E3%83%A9" n2="%E3%82%A8%E3%83%83%E3%83%95%E3%82%A7%E3%83%AB%E5%A1%94" n3="%E3%83%97%E3%83%AD%E3%82%AD%E3%82%B7%E3%83%BC" dan="17,17,16,16" rate="2221.38,2128.32,2177.78,2148.12" sx="M,M,M,M"/><TAIKYOKU oya="0"/><INIT seed="0,0,0,0,0,30" ten="250,250,250,250" oya="0" hai0="118,101,3,1,15,109,50,73,74,8,2,90,13" hai1="48,57,43,76,131,62,77,79,28,120,112,37,99" hai2="105,83,59,24,49,27,126,71,135,47,95,129,63" hai3="10,92,46,78,114,26,102,53,56,42,111,69,60"/><T86/><D118/><U122/><E37/><V0/><F105/><W18/><G114/><T17/><D109/><U34/><E112/><V119/><F0/><W36/><G111/><T106/><D101/><U68/><E131/><V108/><F71/><W96/><G78/><T80/><D106/><U97/><E68/><V128/><F108/><W124/><G124/><T100/><D100/><U64/><E43/><V127/><F119/><W104/><G104/><T16/><REACH who="0" step="1"/><D50/><REACH who="0" ten="240,250,250,250" step="2"/><U121/><E48/><V40/><F127/><W23/><G102/><T133/><D133/><U116/><E116/><V6/><F126/><W29/><G36/><T132/><D132/><U85/><E120/><V20/><F135/><W25/><G69/><T87/><D87/><U19/><E121/><V125/><F125/><W72/><G72/><T9/><AGARI ba="0,1" hai="1,2,3,8,9,13,15,16,17,73,74,80,86,90" machi="9" ten="30,11700,0" yaku="1,1,0,1,9,1,54,1,53,0" doraHai="30" doraHaiUra="55" who="0" fromWho="0" sc="240,127,250,-39,250,-39,250,-39" /><INIT seed="0,1,0,0,4,80" ten="367,211,211,211" oya="0" hai0="17,8,9,112,87,25,38,90,28,34,55,24,26" hai1="69,123,92,86,0,46,13,132,130,66,39,126,1" hai2="15,114,41,115,52,50,98,43,113,79,27,74,59" hai3="32,103,133,122,71,45,121,124,134,16,61,118,94"/><T64/><D38/><U73/><E123/><N who="3" m="47114" /><G32/><T23/><D64/><U104/><E104/><V60/><F74/><W58/><G118/><T107/><D107/><U63/><E73/><V110/><F79/><W106/><G106/><T75/><D75/><U29/><E126/><V30/><F110/><W53/><G71/><T84/><D26/><U68/><E68/><V78/><F78/><W76/><G76/><T82/><D112/><U99/><E130/><V62/><F15/><W54/><G124/><T83/><D55/><U6/><E132/><N who="3" m="50794" /><G45/><T5/><D5/><U18/><E6/><V109/><F109/><W4/><G4/><T125/><D125/><U51/><E1/><V102/><F43/><W33/><G33/><T11/><D11/><U127/><E0/><V129/><F41/><W35/><G35/><T131/><D131/><U96/><E127/><V119/><F129/><W48/><G54/><T100/><D100/><U42/><E39/><V10/><F119/><W93/><G103/><T88/><AGARI ba="1,0" hai="8,9,17,23,24,25,28,34,82,83,84,87,88,90" machi="88" ten="20,18000,2" yaku="0,1,7,1,9,1,52,2,54,1" doraHai="80" who="0" fromWho="0" sc="367,183,211,-61,211,-61,211,-61" /><INIT seed="0,2,0,1,1,91" ten="550,150,150,150" oya="0" hai0="77,11,30,112,105,37,86,0,122,51,55,125,114" hai1="48,23,17,84,111,36,6,56,64,110,69,38,18" hai2="42,58,113,39,62,35,82,117,9,57,52,40,29" hai3="61,15,118,121,120,63,98,96,79,115,41,108,33"/><T94/><D105/><U95/><E6/><V116/><F35/><W97/><G33/><T109/><D37/><U2/><E2/><V71/><F29/><W80/><G118/><N who="2" m="45673" /><F82/><W83/><G115/><T130/><D122/><N who="3" m="47209" /><G108/><N who="1" m="41514" /><E69/><V66/><F9/><W19/><G41/><N who="2" m="15977" /><F113/><W10/><G80/><T129/><D30/><U101/><E18/><V106/><F106/><W20/><G10/><T131/><D109/><U14/><E36/><V45/><F39/><W73/><AGARI ba="2,0" hai="15,19,20,61,63,73,79,83,96,97,98" m="47209" machi="73" ten="30,1100,0" yaku="13,1" doraHai="91" who="3" fromWho="3" sc="550,-7,150,-5,150,-5,150,17" /><INIT seed="1,0,0,4,0,97" ten="543,145,145,167" oya="1" hai0="10,94,76,12,65,99,36,35,126,61,32,118,23" hai1="1,134,40,74,8,68,114,29,122,0,88,89,18" hai2="55,130,90,60,106,45,51,9,92,15,127,49,84" hai3="53,59,47,121,78,11,44,25,86,125,82,52,43"/><U120/><E114/><V67/><F127/><W93/><G121/><T7/><D36/><U31/><E68/><V132/><F130/><W30/><G125/><T91/><D118/><U63/><E74/><V42/><F132/><W62/><G11/><T116/><D116/><U83/><E134/><V22/><F106/><W98/><G53/><T105/><D76/><U129/><E40/><V115/><F115/><W124/><G43/><T5/><D5/><U110/><E129/><V96/><F22/><N who="3" m="15671" /><G124/><T70/><D126/><U46/><E110/><V28/><F28/><W3/><G3/><T135/><D135/><U21/><E120/><V16/><F60/><W133/><G133/><T4/><D4/><U85/><E122/><V119/><F119/><W87/><G87/><T34/><D105/><U75/><E75/><V104/><F67/><W38/><G38/><T37/><BYE who="3" /><D37/><U14/><E63/><V103/><REACH who="2" step="1"/><F55/><REACH who="2" ten="543,145,135,167" step="2"/><UN n3="%E3%83%97%E3%83%AD%E3%82%AD%E3%82%B7%E3%83%BC" /><W95/><G95/><T57/><D23/><U39/><E29/><V54/><F54/><W79/><G79/><T80/><D35/><U113/><E113/><V2/><F2/><W33/><G33/><T41/><D34/><U48/><E1/><V131/><F131/><W6/><G62/><T109/><D32/><U27/><E0/><V123/><F123/><W56/><G52/><T112/><D112/><U17/><E31/><V26/><F26/><W66/><G66/><T13/><D65/><U71/><E27/><V81/><F81/><W50/><G82/><T72/><D61/><U77/><E83/><V107/><F107/><W73/><G93/><RYUUKYOKU ba="0,1" sc="543,-10,145,-10,135,30,167,-10" hai2="9,15,16,42,45,49,51,84,90,92,96,103,104" /><INIT seed="2,1,1,4,1,62" ten="533,135,165,157" oya="2" hai0="44,59,72,117,111,86,125,66,41,113,16,7,129" hai1="18,130,77,69,112,30,81,36,122,28,89,35,126" hai2="120,102,73,107,67,5,96,135,75,51,128,83,76" hai3="24,46,88,15,27,56,85,95,106,101,58,70,127"/><V80/><F5/><W108/><G70/><T119/><D72/><U9/><E112/><V37/><F37/><W115/><G108/><T133/><D7/><U42/><E126/><V105/><F51/><W22/><G115/><T116/><D111/><U65/><E130/><V54/><F54/><W57/><G127/><T68/><D68/><U29/><E122/><V64/><F128/><W10/><G46/><T1/><D1/><U39/><E89/><V87/><F120/><W50/><G50/><T55/><D129/><U60/><E35/><V19/><F135/><W114/><G114/><T123/><D123/><U93/><E93/><V110/><F110/><W118/><G118/><T17/><D86/><U4/><E18/><V34/><F34/><W121/><G121/><T63/><D113/><U2/><REACH who="1" step="1"/><E42/><REACH who="1" ten="533,125,165,157" step="2"/><V38/><F19/><N who="3" m="8695" /><G106/><T0/><D16/><U3/><E3/><V12/><F107/><W91/><G91/><T134/><D0/><U52/><E52/><V92/><F105/><W124/><G124/><T84/><D17/><U11/><E11/><V103/><F92/><N who="3" m="54287" /><G22/><T53/><D125/><U14/><E14/><V132/><F12/><W90/><G101/><T21/><D21/><U25/><E25/><V26/><F26/><W20/><G20/><T48/><D134/><U43/><E43/><V78/><F132/><W82/><G95/><T97/><D133/><U100/><E100/><V71/><F103/><W74/><G90/><T6/><D117/><U61/><E61/><V109/><F102/><W23/><G23/><T32/><D119/><U99/><E99/><RYUUKYOKU ba="1,2" sc="533,-15,125,15,165,-15,157,15" hai1="2,4,9,28,29,30,36,39,60,65,69,77,81" hai3="24,27,56,57,58,74,82" /><INIT seed="3,2,2,1,3,82" ten="518,140,150,172" oya="3" hai0="46,15,102,44,132,69,50,134,2,35,1,17,32" hai1="133,34,9,95,40,66,117,113,26,62,57,56,103" hai2="99,124,77,112,16,7,74,67,19,45,122,55,120" hai3="27,38,43,125,76,53,58,119,39,10,109,91,114"/><W60/><G119/><T126/><D69/><U121/><E121/><V29/><F29/><W65/><G114/><T90/><D102/><U54/><E113/><V86/><F67/><W98/><G125/><T111/><D46/><U63/><E117/><V59/><F7/><W83/><G43/><T42/><D90/><U118/><E118/><V104/><F45/><W115/><G115/><T135/><D111/><U64/><E133/><V106/><F74/><W21/><G10/><N who="0" m="6391" /><D126/><U23/><E34/><AGARI ba="2,2" hai="1,2,32,34,35,42,44,50,132,134,135" m="6391" machi="34" ten="40,1300,0" yaku="20,1" doraHai="82" who="0" fromWho="1" sc="518,39,140,-19,150,0,172,0" /><INIT seed="4,0,0,5,5,39" ten="557,121,150,172" oya="0" hai0="126,25,104,13,114,53,106,80,10,99,67,102,112" hai1="26,48,120,113,54,16,79,86,72,3,103,61,132" hai2="96,29,71,52,133,77,65,119,30,91,49,111,41" hai3="110,98,4,33,94,0,130,51,81,57,78,131,58"/><T88/><D67/><U83/><E120/><V28/><F111/><W116/><G33/><T42/><D53/><U6/><E132/><V60/><F133/><W18/><G116/><T8/><D25/><U135/><E135/><V107/><F119/><W105/><G105/><T11/><D104/><U22/><E113/><V134/><F134/><W47/><G18/><T127/><D13/><U15/><E103/><V75/><F77/><W95/><G110/><T62/><D62/><U24/><E72/><V93/><F75/><W101/><G95/><T2/><D2/><U31/><E61/><V117/><F117/><W89/><G4/><T5/><D5/><U129/><E129/><N who="3" m="49162" /><G101/><T36/><D88/><U9/><REACH who="1" step="1"/><E31/><REACH who="1" ten="557,111,150,172" step="2"/><V19/><F107/><W55/><G0/><T92/><D102/><U85/><E85/><AGARI ba="0,1" hai="47,51,55,57,58,78,81,85,89,94,98" m="49162" machi="85" ten="30,1000,0" yaku="19,1" doraHai="39" who="3" fromWho="1" sc="557,0,111,-10,150,0,172,20" /><INIT seed="5,0,0,2,0,110" ten="557,101,150,192" oya="1" hai0="38,132,34,105,42,90,28,112,2,33,9,67,0" hai1="117,44,62,14,120,30,31,97,50,16,24,54,35" hai2="48,36,51,61,10,104,60,39,22,1,17,74,133" hai3="59,102,66,69,43,95,89,40,53,85,121,124,8"/><U71/><E117/><V101/><F74/><W81/><G124/><T49/><D38/><U25/><E120/><V107/><F101/><W20/><G69/><T32/><D105/><U108/><E108/><V116/><F22/><W114/><G66/><T70/><D28/><U78/><E78/><V23/><F23/><W6/><G121/><T65/><D70/><U123/><E123/><V87/><F87/><W3/><G114/><T55/><D42/><U18/><E97/><V57/><F10/><W47/><G47/><T93/><D112/><U76/><E76/><V13/><F13/><W56/><G56/><T19/><D132/><U29/><E14/><V100/><F57/><W58/><G58/><T68/><D68/><U5/><E5/><V11/><F11/><W84/><G20/><T131/><D131/><U96/><E96/><V46/><F1/><W94/><G94/><T64/><D19/><N who="1" m="7211" /><E71/><V109/><F17/><W129/><G129/><T7/><D2/><U128/><E128/><V41/><F109/><W86/><G102/><T88/><REACH who="0" step="1"/><D93/><REACH who="0" ten="547,101,150,192" step="2"/><U83/><E35/><V135/><F41/><W118/><G43/><T92/><D92/><U113/><E113/><V103/><F116/><W21/><G118/><T115/><D115/><U91/><E62/><V80/><F80/><W63/><G81/><T99/><D99/><U4/><E4/><V126/><F133/><W52/><G95/><T77/><D77/><U130/><E130/><V75/><F135/><W72/><G63/><T15/><D15/><U106/><E106/><V79/><F107/><W111/><G111/><RYUUKYOKU ba="0,1" sc="547,15,101,15,150,-15,192,-15" hai0="0,7,9,32,33,34,49,55,64,65,67,88,90" hai1="24,25,29,30,31,44,50,54,83,91" /><INIT seed="5,1,1,1,0,13" ten="562,116,135,177" oya="1" hai0="70,67,64,126,96,59,73,40,42,63,118,121,122" hai1="11,29,120,92,131,66,103,112,124,129,83,54,60" hai2="2,93,123,4,81,20,109,35,115,45,135,77,98" hai3="87,52,14,38,9,10,56,74,68,101,79,90,27"/><U78/><E120/><V111/><F35/><W100/><G68/><T48/><D73/><U106/><E124/><V113/><F2/><W84/><G38/><T119/><D96/><N who="1" m="59783" /><E106/><V32/><F4/><W33/><G74/><T133/><D126/><U134/><E134/><V65/><F65/><W127/><G127/><T132/><D59/><N who="1" m="37151" /><E29/><V76/><F32/><W1/><G1/><T108/><D108/><U5/><E54/><V95/><F123/><N who="0" m="47114" /><D67/><U89/><E89/><V105/><F105/><W21/><G90/><T12/><D42/><U104/><E104/><V39/><F135/><N who="0" m="51786" /><D12/><U94/><E112/><V88/><F111/><W19/><G101/><T46/><AGARI ba="1,1" hai="40,46,48,63,64,70,118,119" m="51786,47114" machi="46" ten="40,8000,1" yaku="13,1,20,1,34,2" doraHai="13" who="0" fromWho="0" sc="562,93,116,-41,135,-21,177,-21" /><INIT seed="6,0,0,5,1,31" ten="655,75,114,156" oya="2" hai0="122,23,97,53,86,59,27,17,98,92,128,133,55" hai1="119,64,52,118,88,69,132,93,75,108,70,37,0" hai2="26,8,63,18,111,127,113,120,79,56,117,104,105" hai3="78,112,103,39,38,107,33,121,6,57,16,82,11"/><V81/><F120/><W29/><G121/><T48/><D128/><U14/><E108/><V4/><F117/><W47/><G112/><T60/><D133/><U30/><E0/><V28/><F18/><W67/><G57/><T109/><D109/><U22/><E75/><V34/><F127/><W46/><G67/><T85/><D122/><U84/><E132/><V90/><F90/><W42/><G16/><T73/><D73/><U40/><E14/><V123/><F113/><W35/><G29/><T110/><D110/><U76/><E76/><V41/><F41/><N who="3" m="22839" /><G103/><N who="0" m="60839" /><D98/><U99/><E64/><V44/><F44/><AGARI ba="0,0" hai="17,23,27,44,48,53,55,59,60,85,86" m="60839" machi="44" ten="30,1000,0" yaku="8,1" doraHai="31" who="0" fromWho="2" sc="655,10,75,0,114,-10,156,0" /><INIT seed="7,0,0,0,0,85" ten="665,75,104,156" oya="3" hai0="99,93,15,7,13,62,87,124,130,134,81,129,65" hai1="47,46,2,0,70,102,42,66,1,119,71,94,50" hai2="116,53,61,104,23,12,75,11,131,133,95,8,101" hai3="132,20,114,9,31,19,41,68,38,59,45,14,107"/><W48/><G107/><T51/><D51/><U79/><E119/><V27/><F75/><W80/><G114/><T126/><D134/><U86/><E66/><V34/><F34/><W64/><G132/><T98/><D15/><U21/><E21/><V33/><F33/><W118/><G118/><T55/><D55/><U4/><E47/><V77/><F77/><W121/><G121/><T74/><D74/><U88/><E102/><V90/><F133/><W82/><G68/><T83/><D13/><U84/><REACH who="1" step="1"/><E4/><REACH who="1" ten="665,65,104,156" step="2"/><V58/><F116/><W89/><G64/><T57/><D93/><U112/><E112/><V100/><F131/><W18/><G20/><T123/><D83/><AGARI ba="0,1" hai="0,1,2,42,46,50,70,71,79,83,84,86,88,94" machi="83" ten="40,5200,0" yaku="1,1,52,1,54,1,53,0" doraHai="85" doraHaiUra="127" who="1" fromWho="0" sc="665,-52,65,62,104,0,156,0" owari="613,71.0,127,-27.0,104,-40.0,156,-4.0" /></mjloggm>