<mjloggm ver="2.3"><GO type="169" lobby="0"/><UN n0="%61%68%68%68%68%68%68%61" n1="%E6%A5%A0%E5%B9%B8%E6%9D%91" n2="%E5%B0%B1%E6%B4%BB%E7%94%9F%40%E5%B7%9D%E6%9D%91%E8%BB%8D%E5%9B%A3" n3="%E3%81%A1%E3%81%AA%E3%81%A4%E7%84%A1%E5%8F%8C%EF%BC%81" dan="16,17,17,16" rate="2158.04,2162.71,2248.17,2076.19" sx="M,F,M,M"/><TAIKYOKU oya="0"/><INIT seed="0,0,0,1,1,21" ten="250,250,250,250" oya="0" hai0="78,129,51,50,54,127,109,87,6,80,1,37,23" hai1="63,116,49,13,40,42,19,0,7,38,132,95,62" hai2="47,134,34,4,103,124,56,97,29,74,70,100,32" hai3="118,126,98,26,45,82,35,68,107,120,43,36,17"/><T10/><D37/><U31/><E116/><V106/><F100/><W133/><G118/><T130/><D127/><U75/><E75/><V71/><F56/><W22/><G126/><T53/><D109/><U89/><E38/><V90/><F90/><W3/><G3/><T65/><D65/><U119/><E119/><V8/><F124/><W122/><G133/><T81/><D81/><U52/><E132/><V77/><F47/><W18/><G68/><T15/><D51/><U111/><E111/><V59/><F59/><W131/><G131/><N who="0" m="50187" /><D50/><U58/><E31/><V27/><F34/><W30/><G82/><T114/><D114/><U5/><E0/><N who="2" m="7" /><F134/><W12/><G35/><T33/><D33/><U48/><E48/><V101/><F101/><W99/><G30/><T46/><D46/><N who="1" m="25815" /><E40/><V61/><F61/><W125/><G125/><T113/><D113/><U112/><E62/><V121/><F121/><N who="3" m="46699" /><G107/><T96/><D96/><N who="1" m="57455" /><E112/><V105/><F105/><W67/><G67/><T44/><D44/><U85/><E85/><V104/><F104/><W108/><G108/><T28/><D1/><U2/><E2/><V24/><F74/><W60/><G60/><T69/><D69/><U117/><E117/><V135/><F135/><W86/><G86/><T66/><D66/><U11/><AGARI ba="0,0" hai="5,7,11,13,19,52,58,63" m="57455,25815" machi="11" ten="30,2000,0" yaku="8,1,54,1" doraHai="21" who="1" fromWho="1" sc="250,-10,250,20,250,-5,250,-5" /><INIT seed="1,0,0,2,5,77" ten="240,270,245,245" oya="1" hai0="126,38,47,113,73,91,20,41,44,45,46,85,84" hai1="62,24,98,11,5,88,9,55,112,59,50,122,35" hai2="82,37,63,2,95,104,27,8,7,43,132,130,87" hai3="54,40,129,133,42,114,36,90,105,109,121,48,13"/><U94/><E122/><V108/><F104/><W61/><G121/><T102/><D73/><U17/><E112/><V3/><F3/><W64/><G105/><T21/><D113/><U79/><E79/><V74/><F130/><W29/><G114/><T120/><D120/><U26/><E35/><V25/><F132/><W56/><G29/><T123/><D123/><U28/><E28/><V93/><F63/><W119/><G129/><T110/><D110/><U57/><E17/><V131/><F131/><W101/><G101/><T10/><D126/><U106/><E106/><V75/><F75/><W34/><G34/><T18/><D102/><U15/><REACH who="1" step="1"/><E11/><REACH who="1" ten="240,260,245,245" step="2"/><V6/><F108/><W53/><G109/><T67/><D10/><U111/><E111/><V58/><F74/><W99/><G133/><T127/><D18/><U66/><AGARI ba="0,1" hai="5,9,15,24,26,50,55,57,59,62,66,88,94,98" machi="66" ten="20,18000,2" yaku="1,1,0,1,7,1,8,1,54,1,53,2" doraHai="77" doraHaiUra="22" who="1" fromWho="1" sc="240,-60,260,190,245,-60,245,-60" /><INIT seed="1,1,0,1,2,128" ten="180,450,185,185" oya="1" hai0="16,12,45,132,61,90,101,63,7,41,62,15,27" hai1="103,79,120,47,59,68,106,22,110,96,0,36,73" hai2="119,33,54,44,118,69,123,57,52,19,72,122,42" hai3="87,124,40,55,6,127,49,88,5,65,11,4,39"/><U129/><E68/><V66/><F33/><W84/><G65/><T75/><D75/><U131/><E59/><V108/><F72/><W13/><G40/><T53/><D101/><U86/><E22/><V64/><F19/><W102/><G102/><T43/><D132/><U14/><E47/><V71/><F108/><W77/><G77/><T24/><D7/><U81/><E14/><V20/><F20/><W38/><G87/><T60/><N who="0" m="15360" /><DORA hai="35" /><T89/><D15/><U125/><E36/><V135/><F44/><W134/><G38/><T34/><D34/><U29/><E29/><V109/><F42/><N who="0" m="15882" /><D53/><U111/><E0/><V80/><F80/><N who="3" m="49159" /><G39/><T46/><D46/><U32/><E32/><V76/><F76/><W37/><G37/><T92/><D45/><U31/><E73/><V105/><F105/><W18/><G55/><T107/><D107/><U9/><E106/><V83/><F83/><W93/><G4/><T85/><D90/><U100/><E100/><V26/><F26/><W10/><G5/><T121/><D121/><U126/><E131/><V74/><F74/><W104/><G104/><T116/><D116/><U112/><E129/><V1/><F1/><W130/><G130/><T28/><D28/><U50/><E110/><V99/><F99/><W115/><G6/><T97/><D97/><U95/><E111/><V113/><F109/><W98/><G98/><T21/><AGARI ba="1,0" hai="12,16,21,24,27,85,89,92" m="15882,15360" machi="21" ten="40,2700,0" yaku="8,1,54,1" doraHai="128,35" who="0" fromWho="0" sc="180,30,450,-14,185,-8,185,-8" /><INIT seed="2,0,0,0,4,3" ten="210,436,177,177" oya="2" hai0="54,109,71,85,51,7,77,12,80,2,43,100,126" hai1="57,65,68,61,69,36,111,83,125,10,90,16,131" hai2="91,1,84,44,45,113,55,103,75,14,47,46,122" hai3="19,119,130,76,120,24,31,95,67,93,21,49,64"/><V42/><F122/><W6/><G119/><T121/><D2/><U39/><E111/><V92/><F1/><W107/><G107/><T37/><D121/><U79/><E125/><V99/><F113/><W58/><G120/><T17/><D109/><U86/><E131/><V25/><F75/><W81/><G130/><T4/><D71/><U50/><E68/><V88/><F25/><W135/><G135/><T18/><D18/><U124/><E124/><V116/><F116/><W28/><G28/><T27/><D27/><U15/><E69/><V132/><F132/><W62/><G6/><N who="0" m="2091" /><D37/><U96/><E50/><V105/><F14/><W87/><G49/><T38/><D38/><U133/><E133/><V117/><F117/><W115/><G19/><T33/><D33/><U60/><E60/><V35/><F35/><W20/><G115/><T82/><D100/><U101/><REACH who="1" step="1"/><E79/><REACH who="1" ten="210,426,177,177" step="2"/><V112/><F112/><W97/><G76/><T8/><D126/><U127/><E127/><V70/><F70/><W128/><G128/><T106/><D43/><U13/><E13/><V94/><F42/><W129/><G129/><T48/><D106/><AGARI ba="0,1" hai="10,15,16,36,39,57,61,65,83,86,90,96,101,106" machi="106" ten="30,3900,0" yaku="1,1,7,1,54,1,53,0" doraHai="3" doraHaiUra="118" who="1" fromWho="0" sc="210,-39,426,49,177,0,177,0" /><INIT seed="3,0,0,4,0,131" ten="171,475,177,177" oya="3" hai0="43,92,84,112,91,108,44,59,116,50,8,13,113" hai1="130,102,119,72,45,98,95,107,121,36,133,101,0" hai2="77,80,6,47,15,71,40,61,126,46,21,24,118" hai3="99,28,117,111,68,11,70,66,22,81,27,123,38"/><W125/><G117/><T73/><D73/><U82/><E0/><V51/><F118/><W42/><G123/><T132/><D116/><U52/><E36/><V83/><F126/><W69/><G125/><T31/><D108/><U60/><E60/><V20/><F71/><W41/><G111/><T14/><D31/><U37/><E37/><V85/><F61/><W75/><G66/><T53/><D132/><U23/><E52/><V58/><F58/><W56/><G56/><T4/><REACH who="0" step="1"/><D14/><REACH who="0" ten="161,475,177,177" step="2"/><U30/><E119/><V135/><F135/><W55/><G75/><T62/><AGARI ba="0,1" hai="4,8,13,43,44,50,53,59,62,84,91,92,112,113" machi="62" ten="30,7900,0" yaku="1,1,2,1,0,1,53,1" doraHai="131" doraHaiUra="2" who="0" fromWho="0" sc="161,89,475,-20,177,-20,177,-39" /><INIT seed="4,0,0,2,2,80" ten="250,455,157,138" oya="0" hai0="89,96,4,51,49,101,26,62,65,22,129,123,35" hai1="130,97,116,27,14,54,75,87,93,99,36,59,32" hai2="39,124,67,1,113,31,91,126,48,50,7,16,94" hai3="134,92,127,43,132,84,53,13,52,119,106,70,57"/><T71/><D123/><U11/><E75/><V5/><F39/><W98/><G70/><T68/><D68/><U133/><E36/><V24/><F67/><W56/><G119/><T79/><D79/><U0/><E0/><V86/><F113/><W23/><G106/><T107/><D129/><U37/><E37/><V19/><F48/><W118/><G118/><T82/><D4/><N who="2" m="1610" /><F50/><W77/><G43/><T121/><D121/><U20/><E32/><N who="2" m="20583" /><F1/><W60/><G53/><T100/><D100/><U110/><E116/><V25/><F25/><W21/><G57/><T105/><D105/><U17/><E130/><V64/><F64/><W40/><G40/><T76/><D89/><N who="1" m="53439" /><E133/><V88/><F91/><W55/><G55/><T125/><D125/><AGARI ba="0,0" hai="16,19,86,88,94,124,125,126" m="20583,1610" machi="125" ten="30,7700,0" yaku="18,1,52,1,54,2" doraHai="80" who="2" fromWho="0" sc="250,-77,455,0,157,77,138,0" /><INIT seed="5,0,0,5,1,129" ten="173,455,234,138" oya="1" hai0="123,102,33,115,68,20,132,53,34,1,48,50,84" hai1="91,44,111,94,119,54,93,120,82,125,32,130,97" hai2="78,113,64,16,14,92,135,87,86,66,128,85,65" hai3="27,35,75,69,57,8,13,41,106,30,23,131,118"/><U51/><E120/><V72/><F128/><W121/><G69/><T60/><D123/><U99/><E32/><V52/><F135/><W126/><G106/><T39/><D1/><U28/><E119/><V31/><F31/><W45/><G75/><T15/><D39/><U3/><E3/><V59/><F113/><W9/><G121/><T112/><D102/><U124/><E28/><V10/><F72/><W80/><G131/><T56/><D132/><U49/><E111/><V2/><F2/><W101/><G101/><T19/><D50/><U0/><E0/><V62/><REACH who="2" step="1"/><F92/><REACH who="2" ten="173,455,224,138" step="2"/><W133/><G133/><T4/><D115/><U6/><E94/><V122/><F122/><W83/><G30/><T58/><D112/><U79/><E93/><V11/><F11/><W38/><G8/><T117/><D117/><U103/><E130/><V24/><F24/><W22/><G9/><T116/><D116/><U76/><E124/><V110/><F110/><W17/><G126/><T46/><D34/><U26/><E125/><V77/><AGARI ba="0,1" hai="10,14,16,52,59,62,64,65,66,77,78,85,86,87" machi="77" ten="40,8000,1" yaku="1,1,0,1,8,1,54,2,53,0" doraHai="129" doraHaiUra="67" who="2" fromWho="2" sc="173,-20,455,-40,224,90,138,-20" /><INIT seed="6,0,0,1,3,21" ten="153,415,314,118" oya="2" hai0="35,125,109,63,57,5,118,43,115,82,56,39,106" hai1="29,30,124,50,89,13,66,97,98,83,108,117,126" hai2="12,76,72,80,69,86,2,7,102,26,15,9,28" hai3="41,1,53,68,24,6,107,132,75,99,38,10,44"/><V32/><F69/><W27/><G132/><T17/><D106/><U77/><E108/><V88/><REACH who="2" step="1"/><F102/><REACH who="2" ten="153,415,304,118" step="2"/><W85/><G68/><T64/><D109/><U40/><E124/><V42/><F42/><W19/><G41/><T16/><D125/><U113/><E126/><V81/><AGARI ba="0,1" hai="2,7,9,12,15,26,28,32,72,76,80,81,86,88" machi="81" ten="20,18000,2" yaku="1,1,0,1,7,1,52,1,54,1,53,1" doraHai="21" doraHaiUra="25" who="2" fromWho="2" sc="153,-60,415,-60,304,190,118,-60" /><INIT seed="6,1,0,1,5,96" ten="93,355,494,58" oya="2" hai0="112,1,125,64,46,9,48,105,23,67,113,15,11" hai1="61,10,124,22,72,90,63,39,114,130,107,129,95" hai2="116,42,122,40,135,55,20,32,51,99,31,47,92" hai3="37,5,45,76,12,43,19,81,49,120,16,133,33"/><V58/><F122/><W38/><G120/><T78/><D125/><U103/><E39/><V66/><F32/><W13/><G33/><T126/><D126/><U44/><E124/><V132/><F116/><W77/><G133/><T102/><D78/><U14/><E72/><V87/><F87/><W52/><G5/><T79/><D79/><U0/><E0/><V26/><F66/><W91/><G91/><T80/><D80/><U2/><E2/><V50/><REACH who="2" step="1"/><F40/><REACH who="2" ten="93,355,484,58" step="2"/><W68/><G43/><T74/><D67/><U104/><E130/><V34/><F34/><W117/><G117/><T89/><D64/><U94/><E129/><V115/><F115/><W82/><G68/><T65/><D65/><U62/><E114/><V69/><F69/><W118/><G118/><T127/><D127/><U4/><E61/><V35/><F35/><W75/><G75/><T3/><D74/><U8/><E62/><V21/><F21/><W88/><G77/><T131/><D113/><U109/><E63/><V6/><F6/><W54/><G76/><T84/><D112/><U93/><E4/><V119/><F119/><W27/><G81/><T25/><D131/><U111/><E22/><V24/><F24/><W56/><G27/><T100/><D23/><U17/><E10/><V36/><F36/><W73/><G73/><T28/><D25/><U134/><E8/><V123/><F123/><W121/><G121/><T29/><D11/><U7/><E7/><V106/><F106/><W98/><G37/><T59/><D9/><U30/><E107/><V18/><F18/><N who="3" m="6699" /><G38/><T60/><D3/><RYUUKYOKU ba="1,1" sc="93,-10,355,-10,484,30,58,-10" hai2="20,26,31,42,47,50,51,55,58,92,99,132,135" /><INIT seed="6,2,1,4,0,70" ten="83,345,514,48" oya="2" hai0="118,126,86,52,122,25,127,132,66,131,101,48,41" hai1="76,21,4,50,129,119,114,2,94,68,67,61,62" hai2="103,109,100,9,113,105,35,16,36,74,117,99,0" hai3="128,29,19,92,91,34,12,32,110,97,3,33,95"/><V43/><F117/><W106/><G110/><T69/><D122/><U13/><E119/><V57/><F103/><W79/><G3/><T20/><D118/><U98/><E129/><V84/><F109/><W90/><G128/><T51/><D131/><U22/><E114/><V73/><F113/><W47/><G106/><T83/><D101/><U116/><E116/><V8/><F84/><W124/><G124/><T107/><D107/><U44/><E2/><V39/><F9/><W93/><G79/><T125/><D132/><U31/><E76/><V11/><F57/><W7/><G7/><T38/><D69/><U96/><E96/><V130/><F130/><W111/><G111/><T80/><D66/><U24/><E62/><V82/><F11/><W78/><G78/><T27/><D27/><U56/><E68/><V63/><F82/><W88/><G47/><N who="0" m="23991" /><D86/><U72/><E72/><N who="2" m="27755" /><F16/><W104/><G29/><N who="0" m="17575" /><D51/><U65/><E31/><V37/><F63/><W53/><G53/><T42/><D42/><U71/><E71/><V28/><F43/><W89/><REACH who="3" step="1"/><G104/><REACH who="3" ten="83,345,514,38" step="2"/><T49/><D52/><U46/><E44/><V135/><F135/><W54/><G54/><T10/><D125/><U58/><E46/><V120/><F120/><W102/><G102/><T14/><D127/><U115/><E4/><N who="2" m="1031" /><F28/><W121/><G121/><T5/><D126/><U40/><E40/><V108/><F108/><W85/><G85/><T17/><D5/><U60/><E98/><V112/><F112/><W45/><G45/><T6/><D6/><U87/><E115/><V64/><F64/><W55/><G55/><RYUUKYOKU ba="2,2" sc="83,10,345,-30,514,10,38,10" hai0="10,14,17,48,49,80,83" hai2="35,36,37,39,99,100,105" hai3="12,19,32,33,34,88,89,90,91,92,93,95,97" /><INIT seed="6,3,2,5,0,115" ten="93,315,524,48" oya="2" hai0="93,119,71,76,68,87,69,103,135,13,35,91,105" hai1="59,129,0,104,77,62,63,16,82,111,2,23,57" hai2="89,39,10,113,1,81,131,11,4,32,8,20,7" hai3="21,75,106,54,95,102,100,64,114,73,123,27,70"/><V67/><F39/><W79/><G123/><T124/><D124/><U101/><E111/><V40/><F32/><W50/><G106/><T92/><D35/><U66/><E129/><V118/><F40/><W61/><G114/><T46/><D135/><U134/><E134/><V6/><F67/><W34/><G34/><T112/><D112/><U48/><E48/><V122/><F122/><W120/><G120/><T22/><D76/><U108/><E108/><V88/><F113/><W117/><G117/><T109/><D109/><U42/><E42/><V121/><F121/><W30/><G79/><T3/><D3/><U85/><E101/><V78/><F118/><W55/><G55/><T98/><D119/><U94/><E94/><V47/><F47/><W83/><G83/><T132/><D132/><U126/><E104/><V56/><F56/><W52/><G54/><T44/><D105/><U127/><E59/><V128/><F20/><W45/><REACH who="3" step="1"/><G95/><REACH who="3" ten="93,315,524,38" step="2"/><T37/><D93/><U80/><E127/><V49/><F1/><W17/><G17/><T41/><D92/><U110/><E0/><V31/><F31/><W96/><G96/><T28/><D98/><U9/><E110/><V53/><F78/><W97/><G97/><T116/><D116/><U90/><E126/><V18/><F18/><W24/><G24/><T43/><D28/><U133/><E133/><V25/><F25/><W19/><G19/><T38/><D103/><AGARI ba="3,3" hai="21,27,30,45,50,52,61,64,70,73,75,100,102,103" machi="103" ten="40,5200,0" yaku="1,1,54,1,53,1" doraHai="115" doraHaiUra="58" who="3" fromWho="0" sc="93,-61,315,0,524,0,38,91" /><INIT seed="7,0,0,4,0,54" ten="32,315,524,129" oya="3" hai0="130,10,75,88,80,29,103,107,41,79,72,78,43" hai1="68,111,96,74,26,57,1,134,98,118,71,90,82" hai2="105,17,50,128,3,112,76,106,6,133,28,60,48" hai3="127,27,132,32,11,33,93,122,121,39,40,104,19"/><W0/><G104/><T35/><D35/><U135/><E111/><V108/><F60/><W24/><G40/><T42/><D29/><U8/><E118/><V45/><F17/><W119/><G39/><T89/><D130/><U77/><E26/><V65/><F65/><W5/><G119/><T64/><D107/><U113/><E113/><V44/><F28/><W12/><G93/><T100/><D64/><U99/><E57/><V62/><F62/><W25/><G132/><N who="1" m="50730" /><E90/><V97/><F6/><AGARI ba="0,0" hai="1,6,8,68,71,74,77,82,96,98,99" m="50730" machi="6" ten="30,1000,0" yaku="20,1" doraHai="54" who="1" fromWho="2" sc="32,0,315,10,524,-10,129,0" owari="32,-47.0,325,13.0,514,61.0,129,-27.0" /></mjloggm>