<mjloggm ver="2.3"><GO type="169" lobby="0"/><UN n0="%62%6F%6E%6F%73%2E%2E" n1="%E3%83%88%E3%83%88%E3%83%AA%E5%85%88%E7%94%9F%31%39%E6%AD%B3" n2="%E3%81%97%E3%82%85%E3%81%86%E3%83%BC%E3%80%82" n3="%74%61%74%73%75%37%30%32" dan="16,18,18,16" rate="2148.53,2268.55,2210.15,2154.26" sx="M,F,M,M"/><TAIKYOKU oya="0"/><INIT seed="0,0,0,2,2,116" ten="250,250,250,250" oya="0" hai0="87,10,64,89,68,9,77,96,121,102,4,41,40" hai1="80,59,100,16,92,46,111,61,19,67,23,28,55" hai2="76,97,24,112,119,133,75,107,127,5,7,12,27" hai3="18,74,115,54,70,95,35,3,94,22,57,109,60"/><T62/><D77/><U79/><E111/><V131/><F112/><W98/><G109/><T78/><D78/><U82/><E28/><V6/><F119/><W129/><G129/><T13/><D10/><U106/><E106/><V65/><F131/><W38/><G38/><T86/><D121/><U52/><E46/><V114/><F114/><W91/><G74/><T128/><D128/><U45/><E45/><V110/><F110/><W83/><G83/><T99/><D96/><N who="1" m="59399" /><E19/><V49/><F133/><W42/><G42/><T88/><D87/><N who="1" m="48543" /><E82/><V124/><F65/><W25/><G3/><T85/><D86/><U37/><E37/><V30/><F76/><W135/><G135/><T90/><REACH who="0" step="1"/><D85/><REACH who="0" ten="240,250,250,250" step="2"/><U56/><E56/><V43/><F75/><W118/><G115/><T44/><D44/><U71/><E71/><V126/><F97/><W123/><G70/><T134/><D134/><U32/><E32/><V15/><F107/><AGARI ba="0,1" hai="4,9,13,40,41,62,64,68,88,89,90,99,102,107" machi="107" ten="40,3900,0" yaku="1,1,54,1,53,0" doraHai="116" doraHaiUra="47" who="0" fromWho="2" sc="240,49,250,0,250,-39,250,0" /><INIT seed="0,1,0,5,5,120" ten="289,250,211,250" oya="0" hai0="20,8,30,44,104,52,33,2,76,75,38,11,34" hai1="9,46,29,26,135,15,114,126,119,22,25,79,100" hai2="7,16,19,66,122,124,59,81,107,49,131,97,116" hai3="51,127,72,134,58,112,115,24,132,117,21,41,32"/><T43/><D104/><U80/><E119/><V128/><F122/><W89/><G72/><T48/><D20/><U90/><E135/><V10/><F116/><W18/><G32/><T130/><D130/><N who="2" m="49706" /><F124/><W35/><G35/><T70/><D70/><U109/><E126/><V125/><F125/><W129/><G129/><T1/><D11/><U73/><E114/><V27/><F27/><W71/><G71/><T14/><D34/><U47/><E109/><V111/><F81/><W133/><G127/><T106/><D106/><U108/><E108/><V13/><F111/><W5/><G117/><T42/><D43/><U37/><E37/><V96/><F49/><W85/><G5/><T110/><D110/><U91/><E26/><V56/><F59/><W102/><G102/><T99/><D99/><N who="2" m="37962" /><F107/><W88/><G89/><T105/><D105/><U86/><E100/><V31/><F31/><W95/><REACH who="3" step="1"/><G58/><REACH who="3" ten="289,250,211,240" step="2"/><T82/><D33/><U87/><E73/><V53/><F66/><W93/><G93/><T101/><D101/><U23/><E79/><V83/><F83/><W123/><G123/><T12/><D82/><U63/><E80/><V65/><F65/><W62/><G62/><T78/><D76/><U6/><E63/><V39/><F39/><W77/><G77/><T74/><D78/><U61/><E61/><V3/><F3/><W103/><G103/><T84/><D75/><U17/><E90/><V113/><F113/><W121/><G121/><T50/><D74/><U69/><E91/><V64/><F64/><W57/><G57/><T55/><D38/><U54/><E69/><RYUUKYOKU ba="1,1" sc="289,-15,250,-15,211,15,240,15" hai2="7,10,13,16,19,53,56" hai3="18,21,24,41,51,85,88,95,112,115,132,133,134" /><INIT seed="1,2,1,0,2,44" ten="274,235,226,255" oya="1" hai0="71,100,83,15,32,116,104,12,97,88,53,78,62" hai1="9,13,133,125,34,126,27,82,18,43,74,26,105" hai2="122,25,85,45,20,49,98,17,124,93,120,94,135" hai3="30,31,48,8,127,24,69,113,73,37,130,101,52"/><U107/><E133/><V50/><F135/><W55/><G113/><T79/><D116/><U80/><E43/><V40/><F124/><N who="1" m="47721" /><E74/><V35/><F35/><W112/><G37/><T121/><D32/><U72/><E34/><V102/><F85/><W47/><G69/><T4/><D121/><U111/><E111/><V115/><F115/><W19/><G73/><T11/><D12/><U1/><E1/><V54/><REACH who="2" step="1"/><F94/><REACH who="2" ten="274,235,216,255" step="2"/><W5/><G112/><T21/><D104/><N who="1" m="40011" /><E72/><V96/><F96/><W16/><G127/><T46/><D97/><U36/><E36/><V75/><F75/><W10/><G130/><T76/><D79/><U61/><E82/><V89/><F89/><W81/><G81/><T108/><D83/><U119/><E80/><V66/><F66/><W41/><G101/><T59/><D78/><U95/><E119/><V110/><F110/><W56/><G41/><T64/><D108/><U28/><E95/><V77/><F77/><W114/><G114/><T6/><D76/><U87/><E87/><V99/><F99/><W131/><G131/><T0/><D0/><U2/><E2/><V86/><F86/><W134/><G134/><T118/><D118/><U33/><E33/><V129/><F129/><W7/><G5/><T58/><D6/><U60/><E28/><N who="3" m="10794" /><G7/><T92/><D4/><U90/><E90/><V132/><F132/><W14/><G19/><T63/><D88/><U67/><E67/><V103/><F103/><W29/><G29/><T22/><D64/><U128/><E128/><V39/><F39/><W70/><G16/><N who="0" m="10399" /><D100/><U109/><E109/><RYUUKYOKU ba="2,2" sc="274,-15,235,15,216,15,255,-15" hai1="9,13,18,26,27,60,61" hai2="17,20,25,40,45,49,50,54,93,98,102,120,122" /><INIT seed="1,3,2,1,2,54" ten="259,250,231,240" oya="1" hai0="39,77,42,36,122,113,123,43,102,108,22,55,52" hai1="44,50,94,65,58,61,49,106,107,17,86,95,91" hai2="103,25,110,82,38,30,34,15,81,64,32,111,85" hai3="127,104,72,33,129,66,93,73,11,23,6,21,96"/><U35/><E35/><N who="2" m="20943" /><F38/><N who="0" m="14378" /><D77/><U125/><E125/><V14/><F103/><W105/><G33/><N who="2" m="12905" /><F64/><W67/><G11/><T75/><D22/><U62/><E94/><V84/><F84/><W1/><G6/><T40/><D102/><U26/><E50/><V57/><F57/><W18/><G18/><T60/><D75/><U27/><E61/><V3/><F82/><W9/><G9/><T87/><D87/><U128/><E128/><V121/><F121/><N who="0" m="46090" /><D113/><U90/><E90/><V79/><F3/><W99/><G93/><T132/><D108/><AGARI ba="3,2" hai="14,15,79,81,85,108,110,111" m="12905,20943" machi="108" ten="30,1000,0" yaku="14,1" doraHai="54" who="2" fromWho="0" sc="259,-19,250,0,231,39,240,0" /><INIT seed="2,0,0,3,4,130" ten="240,250,270,240" oya="2" hai0="76,121,115,5,34,87,37,118,61,114,40,129,89" hai1="3,2,90,128,43,47,38,25,68,100,50,18,20" hai2="97,102,30,17,41,134,46,127,59,72,1,71,48" hai3="98,113,42,14,39,56,63,33,111,64,35,10,66"/><V88/><F71/><W103/><G111/><T57/><D121/><U73/><E68/><V28/><F1/><W27/><G113/><T119/><D34/><U60/><E128/><V26/><F72/><W62/><G42/><T58/><D76/><U78/><E100/><V7/><F7/><W91/><G91/><T23/><D129/><U54/><E60/><V13/><F127/><W11/><G39/><T80/><D5/><U9/><E9/><V126/><F126/><W106/><G33/><T95/><D95/><U122/><E122/><V86/><F59/><W84/><G14/><T93/><D93/><U29/><E29/><V94/><F26/><W123/><G84/><T69/><D23/><U105/><E105/><V135/><F17/><W74/><G74/><T82/><D82/><U85/><E78/><V131/><F13/><W133/><G123/><T22/><D22/><U117/><E117/><N who="0" m="44553" /><D69/><U112/><E112/><N who="0" m="43049" /><D61/><U116/><E73/><V81/><REACH who="2" step="1"/><F131/><REACH who="2" ten="240,250,260,240" step="2"/><W51/><G27/><T110/><D110/><U49/><E116/><V52/><F52/><W53/><G53/><T132/><D58/><N who="1" m="33103" /><E3/><V15/><F15/><W96/><G56/><T55/><D55/><U124/><E2/><V125/><F125/><W79/><G63/><T0/><D57/><U36/><E124/><V4/><F4/><W44/><G62/><T24/><D0/><U67/><E67/><V19/><F19/><W108/><G66/><T8/><D40/><U21/><E21/><V31/><AGARI ba="0,1" hai="28,30,31,41,46,48,81,86,88,94,97,102,134,135" machi="31" ten="30,12000,1" yaku="1,1,0,1,52,2,54,1,53,0" doraHai="130" doraHaiUra="107" who="2" fromWho="2" sc="240,-40,250,-40,260,130,240,-40" /><INIT seed="2,1,0,0,0,22" ten="200,210,390,200" oya="2" hai0="6,122,128,9,11,48,34,43,129,77,131,90,93" hai1="116,21,87,26,66,30,104,115,92,134,73,84,4" hai2="71,15,55,28,56,95,114,76,5,57,33,79,86" hai3="49,18,12,32,82,96,68,61,35,64,101,19,106"/><V13/><F71/><W112/><G112/><T29/><D122/><U23/><E115/><V38/><F38/><W117/><G117/><T133/><D133/><U135/><E116/><V50/><F114/><W127/><G127/><T8/><D77/><U27/><E104/><V45/><F33/><W91/><G49/><T63/><D63/><U1/><E73/><V130/><F28/><W69/><G68/><T37/><D37/><U25/><E66/><V14/><F5/><W81/><G19/><T20/><D34/><U110/><E110/><V46/><F130/><W113/><G113/><T0/><D43/><U53/><E53/><V44/><F57/><W52/><G52/><T94/><D48/><U24/><E23/><V7/><F7/><W60/><G61/><T40/><D40/><U121/><E121/><V62/><F62/><W118/><G118/><T41/><D41/><U120/><E120/><V65/><F65/><W78/><G91/><AGARI ba="1,0" hai="13,14,15,44,45,46,50,55,56,76,79,86,91,95" machi="91" ten="40,2000,0" yaku="8,1" doraHai="22" who="2" fromWho="3" sc="200,0,210,0,390,23,200,-23" /><INIT seed="2,2,0,1,4,100" ten="200,210,413,177" oya="2" hai0="103,127,128,55,12,88,65,102,92,16,60,81,126" hai1="120,101,64,73,54,69,10,63,35,87,74,109,57" hai2="36,38,39,62,97,42,133,91,104,13,41,105,37" hai3="70,8,50,49,129,34,131,134,40,130,96,99,135"/><V20/><F133/><N who="3" m="50699" /><G8/><N who="0" m="6151" /><D81/><U72/><E35/><V86/><F62/><W44/><G34/><T83/><D83/><U1/><E109/><V117/><F117/><W48/><G99/><N who="0" m="57735" /><D55/><U90/><E120/><V107/><F97/><W123/><G96/><T114/><D114/><U119/><E119/><V56/><F56/><W77/><G77/><T89/><D89/><U23/><E101/><V112/><F112/><W17/><G17/><T118/><D118/><U19/><E1/><V110/><F110/><W4/><G4/><T68/><D128/><N who="3" m="32769" /><W32/><DORA hai="58" /><G32/><T52/><D52/><U5/><E5/><V24/><F13/><W98/><G98/><T113/><D113/><U80/><E10/><V121/><F121/><W84/><G84/><T9/><D9/><U11/><E11/><V45/><F42/><W2/><G2/><T124/><AGARI ba="2,0" hai="60,65,68,102,103,124,126,127" m="57735,6151" machi="124" ten="30,7900,0" yaku="18,1,52,1,54,2" doraHai="100,58" who="0" fromWho="0" sc="200,85,210,-22,413,-41,177,-22" /><INIT seed="3,0,0,1,2,33" ten="285,188,372,155" oya="3" hai0="90,96,18,111,126,112,77,88,28,135,124,127,93" hai1="91,81,11,99,95,66,104,20,9,86,59,64,119" hai2="101,26,48,54,24,134,85,45,80,132,1,83,16" hai3="23,55,65,84,70,71,2,25,133,22,29,6,58"/><W82/><G133/><N who="2" m="51305" /><F101/><W7/><G23/><T47/><D135/><U61/><E119/><V72/><F72/><W49/><G7/><T10/><D111/><U13/><E104/><V87/><F1/><W31/><G29/><T115/><D28/><U8/><E20/><N who="2" m="13319" /><F26/><W129/><G65/><T102/><D47/><U100/><REACH who="1" step="1"/><E66/><REACH who="1" ten="285,178,372,155" step="2"/><V76/><F76/><W62/><G129/><T60/><D77/><U63/><E63/><V128/><F128/><W41/><G62/><T67/><D112/><U94/><E94/><V14/><F83/><W68/><G41/><T42/><D42/><U116/><E116/><V39/><F80/><W17/><G31/><T0/><D115/><U73/><E73/><V78/><F78/><W108/><G108/><T120/><D120/><U51/><E51/><V121/><F121/><W44/><G44/><T131/><D131/><U53/><E53/><V5/><F39/><W118/><G118/><T12/><D60/><U32/><E32/><V117/><F117/><W114/><G114/><T105/><D67/><U110/><E110/><V56/><F45/><W97/><G97/><T3/><D105/><U34/><E34/><V103/><F48/><W38/><G38/><T40/><D40/><U46/><E46/><V35/><F35/><W4/><REACH who="3" step="1"/><G2/><AGARI ba="0,1" hai="0,2,3,10,12,18,88,90,93,96,102,124,126,127" machi="2" ten="50,8000,1" yaku="18,1,52,3,54,1" doraHai="33" who="0" fromWho="3" sc="285,90,178,0,372,0,155,-80" /><INIT seed="4,0,0,1,4,65" ten="375,178,372,75" oya="0" hai0="97,19,107,83,57,64,61,68,22,44,89,36,53" hai1="47,46,55,112,129,74,49,133,79,59,123,12,111" hai2="125,130,94,103,66,134,9,120,116,30,35,63,113" hai3="105,31,3,121,85,119,117,21,34,52,98,23,10"/><T16/><D107/><U28/><E111/><V135/><F116/><W78/><G121/><T95/><D83/><N who="1" m="45559" /><E123/><V84/><F120/><W29/><G85/><T72/><D72/><U33/><E12/><V45/><F113/><W32/><G78/><T90/><D90/><U101/><E101/><V0/><F125/><W122/><G122/><T114/><D114/><U43/><E43/><V92/><F130/><W54/><G105/><T115/><D115/><U128/><E133/><N who="2" m="50699" /><F45/><W8/><REACH who="3" step="1"/><G3/><REACH who="3" ten="375,178,372,65" step="2"/><T25/><D97/><AGARI ba="0,1" hai="8,10,21,23,29,31,32,34,52,54,97,98,117,119" machi="97" ten="25,8000,1" yaku="1,1,2,1,22,2,54,1,53,0" doraHai="65" doraHaiUra="127" who="3" fromWho="0" sc="375,-80,178,0,372,0,65,90" /><INIT seed="5,0,0,0,2,5" ten="295,178,372,155" oya="1" hai0="73,114,48,122,131,121,76,106,50,69,2,98,78" hai1="1,29,20,91,16,45,97,9,83,95,96,92,54" hai2="40,25,127,88,28,75,21,32,128,84,80,15,116" hai3="64,125,120,109,107,44,126,129,74,86,23,26,58"/><U70/><E70/><V49/><F116/><W3/><G109/><T19/><D114/><U60/><E1/><V13/><F127/><W66/><G74/><T61/><D131/><U55/><E83/><V38/><F38/><W17/><G3/><T103/><D2/><U93/><E60/><V31/><F128/><W115/><G129/><T7/><D7/><U0/><E0/><V112/><F112/><W34/><G115/><T12/><D73/><U105/><E105/><V67/><F67/><W37/><G107/><T132/><D132/><U81/><E81/><V62/><F62/><W89/><G120/><N who="0" m="46187" /><D76/><U99/><E45/><N who="2" m="25767" /><F32/><W100/><G100/><T43/><D78/><U82/><E82/><V134/><F75/><W8/><G34/><T68/><D43/><U42/><E42/><V135/><F28/><W65/><G58/><T123/><D123/><U41/><E41/><V35/><F35/><W108/><G44/><T124/><D124/><N who="3" m="47721" /><G37/><T85/><D68/><U39/><E39/><V51/><F51/><W118/><G108/><T11/><D85/><U101/><E29/><V72/><F72/><W71/><G71/><T59/><D69/><U36/><E36/><V24/><F24/><W133/><G118/><T94/><D106/><U22/><E54/><AGARI ba="0,0" hai="11,12,19,48,50,54,59,61,94,98,103" m="46187" machi="54" ten="30,2000,0" yaku="13,1,52,1" doraHai="5" who="0" fromWho="1" sc="295,20,178,-20,372,0,155,0" /><INIT seed="6,0,0,2,3,56" ten="315,158,372,155" oya="2" hai0="40,124,128,45,74,89,13,16,103,108,81,31,129" hai1="107,77,100,3,59,26,44,38,53,73,54,25,17" hai2="27,115,83,84,64,20,35,61,5,111,11,30,134" hai3="76,70,95,86,112,80,79,120,36,125,109,78,85"/><V133/><F115/><W127/><G36/><T28/><D108/><U119/><E119/><V7/><F111/><W0/><G109/><T71/><D71/><U6/><E17/><V110/><F110/><W69/><G0/><T82/><D103/><U21/><E21/><V12/><F7/><W126/><G69/><T47/><D124/><U90/><E90/><V101/><F35/><W67/><G70/><T91/><D45/><U33/><E100/><V135/><F101/><W97/><G67/><T39/><D28/><N who="1" m="19599" /><E26/><V122/><F122/><W102/><G120/><T24/><D24/><U62/><E62/><V1/><F1/><W104/><G112/><T113/><D31/><U117/><E59/><N who="2" m="36927" /><F84/><W92/><G86/><T14/><D14/><U58/><E58/><V48/><F48/><W29/><G29/><T32/><D32/><U34/><E107/><V51/><F51/><W106/><G95/><T114/><D113/><U123/><E34/><V75/><F83/><N who="0" m="31754" /><D74/><AGARI ba="0,0" hai="5,11,12,20,27,30,74,75,133,134,135" m="36927" machi="74" ten="30,2900,0" yaku="20,1,52,1" doraHai="56" who="2" fromWho="0" sc="315,-29,158,0,372,29,155,0" /><INIT seed="6,1,0,0,2,105" ten="286,158,401,155" oya="2" hai0="119,5,98,52,26,115,2,78,95,60,121,100,93" hai1="134,46,22,10,70,113,48,7,86,117,23,12,57" hai2="4,85,127,37,80,92,15,81,28,109,131,114,34" hai3="130,6,32,36,53,9,25,76,45,39,101,79,89"/><V8/><F37/><W116/><G130/><T90/><D121/><U82/><E117/><V44/><F131/><W33/><G116/><T72/><D119/><U13/><E70/><V71/><F71/><W88/><G101/><T94/><D5/><U124/><E113/><V21/><F114/><W132/><G132/><T118/><D2/><U99/><E134/><V55/><F34/><W17/><G39/><T43/><D43/><U91/><E124/><V96/><F109/><W120/><G120/><T19/><D118/><U135/><E135/><V11/><F11/><W18/><G33/><T110/><D115/><U97/><E57/><V50/><F85/><W133/><G133/><T87/><D110/><U20/><REACH who="1" step="1"/><E12/><REACH who="1" ten="286,148,401,155" step="2"/><N who="2" m="5127" /><F127/><W108/><G108/><T68/><D68/><U38/><E38/><V54/><F15/><W83/><G36/><T31/><D60/><U14/><E14/><V84/><F44/><W61/><G45/><T16/><D26/><U35/><E35/><V73/><F50/><W129/><G32/><T106/><D98/><U69/><E69/><V27/><F96/><W0/><G25/><T65/><D65/><U125/><E125/><V103/><F27/><W41/><G129/><T30/><D30/><U122/><E122/><V112/><F28/><W29/><G29/><T59/><D31/><U42/><AGARI ba="1,1" hai="7,10,13,20,22,23,42,46,48,82,86,91,97,99" machi="42" ten="30,7900,0" yaku="1,1,0,1,8,1,53,1" doraHai="105" doraHaiUra="77" who="1" fromWho="1" sc="286,-21,148,92,401,-40,155,-21" /><INIT seed="7,0,0,4,1,127" ten="265,240,361,134" oya="3" hai0="130,81,45,91,39,18,135,77,4,48,84,75,70" hai1="30,65,129,117,103,64,87,134,115,59,96,34,113" hai2="29,124,71,52,72,40,120,33,66,89,41,24,128" hai3="31,50,118,36,98,94,44,83,79,1,42,63,116"/><W53/><G1/><T108/><D130/><U68/><E129/><V32/><F128/><W132/><G132/><T26/><D108/><U15/><E134/><V46/><F33/><W123/><G123/><T14/><D70/><U0/><E0/><V88/><F72/><W16/><G31/><T51/><D135/><U125/><E125/><V19/><F124/><W100/><G63/><T82/><D4/><U6/><E117/><V60/><F120/><W86/><G16/><T22/><D39/><U7/><E59/><AGARI ba="0,0" hai="36,42,44,50,53,59,79,83,86,94,98,100,116,118" machi="59" ten="30,1500,0" yaku="7,1" doraHai="127" who="3" fromWho="1" sc="265,0,240,-15,361,0,134,15" /><INIT seed="7,1,0,3,2,69" ten="265,225,361,149" oya="3" hai0="50,0,77,28,64,131,130,96,125,83,81,49,62" hai1="79,114,46,105,44,38,66,74,41,4,23,47,94" hai2="87,92,68,8,99,122,55,25,14,43,35,133,22" hai3="39,40,127,117,78,115,58,6,57,82,2,51,89"/><W32/><G117/><T61/><D0/><U18/><E105/><V36/><F68/><W26/><G115/><T30/><D125/><U124/><E124/><V37/><F35/><W13/><G127/><T10/><D10/><U75/><E114/><V100/><F133/><W17/><G89/><T70/><D62/><U3/><E66/><V15/><F122/><W112/><G112/><T52/><D96/><U33/><E33/><V86/><F43/><W104/><G104/><T128/><D50/><U27/><E94/><V24/><F37/><W76/><G76/><T56/><D81/><N who="1" m="45303" /><E75/><AGARI ba="1,0" hai="28,30,49,52,56,61,64,70,75,77,83,128,130,131" machi="75" ten="40,2600,0" yaku="19,1,54,1" doraHai="69" who="0" fromWho="1" sc="265,29,225,-29,361,0,149,0" owari="294,9.0,196,-20.0,361,46.0,149,-35.0" /></mjloggm>