<mjloggm ver="2.3"><GO type="169" lobby="0"/><UN n0="%36%31%2E%38%EF%BC%85" n1="%EF%BC%93%E7%95%AA%EF%BC%A4%EF%BC%A8%E4%BA%95%E7%AB%AF" n2="%E5%B0%B1%E6%B4%BB%E7%94%9F%40%E5%B7%9D%E6%9D%91%E8%BB%8D%E5%9B%A3" n3="%65%67%69%73%68%6F%32" dan="17,16,17,17" rate="2163.89,2062.83,2197.76,2164.69" sx="M,M,M,M"/><TAIKYOKU oya="0"/><INIT seed="0,0,0,2,3,14" ten="250,250,250,250" oya="0" hai0="93,63,135,90,130,114,48,16,121,98,97,21,129" hai1="25,134,80,33,46,37,27,62,112,59,73,113,28" hai2="107,9,86,51,64,7,4,11,72,66,133,76,109" hai3="132,47,61,105,119,124,45,29,67,77,41,95,65"/><T17/><D114/><N who="1" m="44139" /><E134/><V69/><F107/><W89/><G105/><T20/><D121/><U84/><E73/><V42/><F72/><W103/><G103/><T110/><D135/><U118/><E25/><V58/><F109/><W106/><G106/><T26/><D110/><U75/><E75/><V6/><F133/><W40/><G77/><T13/><D48/><U82/><E118/><V128/><F128/><N who="0" m="49258" /><D63/><U108/><E108/><V44/><F69/><W23/><G119/><T18/><D18/><U57/><E84/><AGARI ba="0,0" hai="13,16,17,20,21,26,84,90,93,97,98" m="49258" machi="84" ten="30,11600,0" yaku="19,1,52,2,54,1" doraHai="14" who="0" fromWho="1" sc="250,116,250,-116,250,0,250,0" /><INIT seed="0,1,0,2,0,123" ten="366,134,250,250" oya="0" hai0="5,11,42,108,90,39,61,96,8,129,52,41,92" hai1="47,7,54,38,0,115,45,95,81,6,76,57,19" hai2="83,121,91,40,133,88,112,117,21,30,18,58,22" hai3="125,100,64,118,86,3,51,132,12,99,53,36,113"/><T89/><D129/><U103/><E115/><V130/><F121/><W79/><G3/><T24/><D39/><U26/><E103/><V71/><F112/><W131/><G36/><T122/><D122/><U62/><E95/><V111/><F71/><W43/><G43/><T31/><D90/><U116/><E116/><V33/><F117/><W25/><G64/><T127/><D127/><U28/><E19/><V44/><F130/><W97/><G97/><T2/><D11/><U78/><E78/><V70/><F70/><W128/><G25/><T134/><D134/><U75/><E0/><V98/><F133/><W65/><G12/><T73/><D73/><U37/><E37/><V60/><F33/><W74/><G65/><T27/><D27/><U69/><E69/><V105/><F105/><W106/><G74/><T23/><D108/><U63/><E63/><V55/><F30/><W72/><G72/><T59/><AGARI ba="1,0" hai="2,5,8,23,24,31,41,42,52,59,61,89,92,96" machi="59" ten="30,3000,0" yaku="0,1,54,1" doraHai="123" who="0" fromWho="0" sc="366,33,134,-11,250,-11,250,-11" /><INIT seed="0,2,0,2,3,55" ten="399,123,239,239" oya="0" hai0="110,1,38,77,111,44,24,128,108,92,53,126,64" hai1="81,120,34,23,119,36,5,122,16,123,83,75,0" hai2="105,12,109,25,97,101,15,98,29,112,26,124,54" hai3="18,43,107,129,30,63,37,70,8,7,125,85,49"/><T60/><D1/><U2/><E119/><V100/><F112/><W84/><G37/><T135/><D77/><U104/><E34/><V9/><F109/><W118/><G107/><T80/><D80/><U86/><E36/><V114/><F114/><W133/><G30/><T58/><D24/><U96/><E75/><V41/><F124/><W127/><G18/><T20/><D20/><U59/><E83/><V27/><F41/><W67/><G118/><T3/><D3/><U19/><E5/><V87/><F87/><W95/><G95/><T69/><D92/><U21/><E104/><V47/><F29/><W102/><G102/><T4/><D4/><U115/><E96/><V131/><F131/><W35/><G35/><T42/><D128/><U78/><E115/><V99/><F105/><W116/><G116/><T28/><D28/><U74/><E74/><V88/><F88/><W76/><G76/><T57/><D126/><N who="3" m="48137" /><G133/><T72/><D72/><U90/><E78/><V113/><F113/><W32/><G32/><T121/><D121/><U130/><E130/><V94/><F94/><W52/><G43/><T66/><D135/><U10/><E10/><V68/><F101/><W50/><G50/><N who="0" m="30903" /><D64/><U103/><E103/><V56/><F100/><W40/><G40/><T48/><D38/><U45/><E23/><V6/><F15/><N who="3" m="5535" /><G129/><T14/><D14/><N who="1" m="9367" /><E19/><V62/><F68/><AGARI ba="2,0" hai="42,44,48,58,60,66,68,69,108,110,111" m="30903" machi="68" ten="30,18000,2" yaku="14,1,10,1,34,2,52,2" doraHai="55" who="0" fromWho="2" sc="399,186,123,0,239,-186,239,0" /><INIT seed="0,3,0,4,0,52" ten="585,123,53,239" oya="0" hai0="126,88,108,30,25,74,13,118,90,127,130,34,92" hai1="14,96,81,104,94,83,79,129,24,3,37,84,40" hai2="67,27,100,102,53,128,5,55,42,82,114,31,7" hai3="9,106,28,22,97,54,68,109,16,11,80,19,72"/><T115/><D115/><U112/><E3/><V105/><F114/><W17/><G68/><T98/><D118/><U48/><E112/><V93/><F105/><W29/><G109/><T120/><D120/><U103/><E37/><V135/><F135/><W12/><G106/><T77/><D130/><U110/><E129/><V58/><F128/><W6/><G72/><T131/><D131/><U124/><E110/><V125/><F125/><N who="0" m="47626" /><D108/><U133/><E133/><V66/><F42/><W64/><G97/><T49/><D49/><U10/><E24/><V89/><F82/><W119/><G80/><N who="0" m="45111" /><D13/><U76/><E124/><V39/><F39/><W43/><G64/><T23/><D90/><U8/><E48/><V75/><F75/><W0/><G54/><T78/><D78/><U73/><E40/><V87/><F53/><W38/><G43/><T122/><D122/><U36/><E36/><V51/><F7/><W60/><G60/><T45/><D45/><U65/><E65/><V57/><F5/><N who="3" m="3183" /><G38/><T32/><AGARI ba="3,0" hai="23,25,30,32,34,88,92,98" m="45111,47626" machi="32" ten="30,3000,0" yaku="18,1,54,1" doraHai="52" who="0" fromWho="0" sc="585,39,123,-13,53,-13,239,-13" /><INIT seed="0,4,0,1,0,68" ten="624,110,40,226" oya="0" hai0="131,134,11,91,96,123,51,9,63,64,88,87,65" hai1="42,22,74,10,114,103,124,54,109,116,135,62,72" hai2="56,30,25,53,84,76,119,82,12,126,118,5,59" hai3="61,130,57,93,16,104,98,71,127,106,115,20,66"/><T132/><D123/><U90/><E116/><V111/><F126/><W31/><G130/><T75/><D75/><U13/><E124/><V97/><F111/><W102/><G115/><T21/><D131/><U117/><E103/><V70/><F70/><W89/><G127/><T79/><D79/><U83/><E117/><V0/><F0/><W133/><G133/><T7/><D21/><U23/><E42/><V37/><F37/><W85/><G31/><T100/><D51/><U39/><E39/><V34/><F97/><W50/><G50/><T17/><D17/><U112/><E109/><V15/><F59/><W26/><REACH who="3" step="1"/><G71/><REACH who="3" ten="624,110,40,216" step="2"/><T78/><D134/><U95/><E135/><V38/><F38/><W94/><AGARI ba="4,1" hai="16,20,26,57,61,66,85,89,93,94,98,102,104,106" machi="94" ten="20,8000,1" yaku="1,1,2,1,0,1,7,1,54,1,53,0" doraHai="68" doraHaiUra="113" who="3" fromWho="3" sc="624,-44,110,-24,40,-24,216,102" /><INIT seed="1,0,0,2,4,130" ten="580,86,16,318" oya="1" hai0="81,108,115,97,47,23,37,90,63,45,116,22,15" hai1="117,80,114,95,109,8,127,38,128,20,93,66,113" hai2="89,34,135,40,123,132,86,16,0,48,68,59,13" hai3="83,75,126,51,111,24,125,14,2,57,100,101,17"/><U53/><E117/><V35/><F0/><W70/><G2/><T4/><D108/><U6/><E38/><V64/><F68/><W124/><G70/><T85/><D116/><U69/><E109/><V71/><F71/><W26/><G111/><T21/><D115/><U49/><E128/><V3/><F3/><W52/><G75/><T7/><D63/><U87/><E127/><V25/><F123/><W73/><G73/><T11/><D4/><U55/><E20/><N who="2" m="11279" /><F64/><W99/><G83/><T82/><D82/><U1/><E66/><V76/><F76/><W107/><G100/><T44/><D37/><U62/><E69/><V29/><F40/><W129/><G129/><T9/><D97/><U122/><E122/><V118/><F118/><W77/><G77/><T58/><D11/><AGARI ba="0,0" hai="11,14,17,24,26,51,52,57,99,101,107,124,125,126" machi="11" ten="40,2600,0" yaku="18,1,54,1" doraHai="130" who="3" fromWho="0" sc="580,-26,86,0,16,0,318,26" /><INIT seed="2,0,0,2,4,90" ten="554,86,16,344" oya="2" hai0="49,95,82,97,71,131,15,31,50,14,119,115,72" hai1="58,100,110,59,102,45,87,7,77,55,0,36,78" hai2="123,8,57,5,54,83,114,116,80,129,2,103,124" hai3="41,28,85,70,117,11,135,73,26,92,68,10,38"/><V64/><F123/><W34/><G73/><T44/><D71/><U109/><E7/><V1/><F116/><W21/><G117/><T96/><D115/><U84/><E0/><V4/><F114/><W52/><G135/><T111/><D111/><U130/><E45/><V63/><F124/><W29/><G38/><T33/><D131/><U22/><E22/><V56/><F129/><W27/><G41/><T74/><D96/><U93/><E55/><V75/><F103/><W37/><G37/><T16/><D15/><U9/><E36/><V12/><F75/><W40/><G40/><T53/><D31/><U48/><E48/><V126/><F126/><W108/><G108/><T88/><D33/><U134/><E9/><V35/><F35/><W13/><G11/><N who="0" m="6239" /><D50/><U76/><E130/><V121/><F121/><W89/><G52/><T42/><D42/><U51/><E51/><V32/><F32/><W99/><G99/><T105/><D105/><U127/><E127/><V112/><F112/><W118/><G118/><T133/><D133/><U19/><E134/><V18/><F2/><W104/><G104/><T65/><D65/><U25/><E109/><V43/><F43/><W39/><G39/><T91/><D119/><U113/><E110/><V3/><F3/><W17/><AGARI ba="0,0" hai="10,13,17,21,26,27,28,29,34,68,70,85,89,92" machi="17" ten="20,2700,0" yaku="0,1,7,1,52,1" doraHai="90" who="3" fromWho="3" sc="554,-7,86,-7,16,-13,344,27" /><INIT seed="3,0,0,4,0,102" ten="547,79,3,371" oya="3" hai0="133,113,101,47,93,64,40,87,49,92,35,68,76" hai1="105,57,6,70,13,61,69,1,111,124,72,17,94" hai2="38,108,8,100,3,110,26,98,90,95,130,34,53" hai3="31,112,126,123,54,58,129,15,107,116,19,21,77"/><W48/><G123/><T117/><D35/><U42/><E105/><V122/><F38/><W79/><G116/><T27/><D113/><U84/><E72/><V29/><F122/><W23/><G112/><T131/><D133/><U16/><E42/><V114/><F114/><W39/><G39/><T5/><D131/><U52/><E111/><N who="2" m="42539" /><F130/><W74/><G129/><T33/><D64/><U75/><E75/><V96/><F53/><W115/><G115/><T83/><D68/><U118/><E118/><V134/><F134/><W24/><G126/><T127/><D127/><U62/><E124/><V41/><F41/><W9/><G74/><T73/><D73/><U36/><E36/><V0/><F8/><W81/><G107/><AGARI ba="0,0" hai="0,3,26,29,34,90,95,96,98,100,107" m="42539" machi="107" ten="30,2000,0" yaku="14,1,52,1" doraHai="102" who="2" fromWho="3" sc="547,0,79,0,3,20,371,-20" /><INIT seed="4,0,0,5,0,20" ten="547,79,23,351" oya="0" hai0="3,12,73,103,109,32,46,51,1,41,15,77,34" hai1="25,69,87,58,35,54,4,93,134,76,99,50,95" hai2="48,128,70,72,8,71,33,88,98,83,30,40,42" hai3="29,0,17,123,6,116,121,104,52,47,132,53,84"/><T105/><D105/><U7/><E134/><V65/><F128/><W62/><G104/><T59/><D103/><U16/><E69/><V49/><F72/><W92/><G116/><T96/><D96/><U135/><E135/><V119/><F119/><W114/><G132/><T125/><D125/><U86/><E35/><V124/><F124/><W94/><G114/><T36/><D32/><U112/><E112/><V28/><F8/><W106/><G106/><T27/><D1/><U44/><E44/><V131/><F131/><W107/><G107/><T102/><D102/><N who="1" m="60783" /><E95/><V126/><F126/><W23/><G29/><T45/><D59/><U2/><E2/><V89/><F33/><W117/><G117/><T39/><D3/><U127/><E127/><V115/><F98/><W100/><G94/><T5/><D5/><N who="1" m="2123" /><E76/><V24/><F115/><W80/><G92/><T74/><D77/><U37/><E37/><V91/><F83/><W31/><G100/><T67/><D109/><U122/><E122/><V43/><F65/><W90/><G47/><T129/><D67/><U61/><E61/><V82/><F82/><W113/><G62/><T22/><D34/><U10/><E10/><V55/><F55/><W78/><G78/><T56/><D56/><U79/><E79/><V101/><F101/><W13/><G113/><T64/><D64/><U133/><E133/><V81/><F81/><W68/><G68/><N who="2" m="26153" /><F24/><N who="3" m="16799" /><G0/><T85/><D129/><U60/><E60/><V118/><F118/><W63/><G63/><T26/><D39/><U19/><E25/><N who="0" m="9225" /><D36/><U130/><E130/><V120/><F120/><RYUUKYOKU ba="0,0" sc="547,-15,79,15,23,15,351,-15" hai1="16,19,50,54,58,86,87" hai2="28,30,40,42,43,48,49,88,89,91" /><INIT seed="5,1,0,4,1,73" ten="532,94,38,336" oya="1" hai0="121,2,8,132,57,40,69,131,118,113,15,120,81" hai1="85,30,53,84,51,119,0,109,97,78,33,10,29" hai2="94,49,103,130,100,112,13,62,133,61,72,38,117" hai3="52,86,65,25,9,75,21,11,63,3,96,34,60"/><U47/><E119/><V56/><F117/><W82/><G34/><T79/><D69/><U39/><E109/><V54/><F130/><W101/><G75/><T48/><D2/><U111/><E111/><V93/><F133/><W83/><G82/><T71/><D71/><U41/><E97/><V1/><F1/><W102/><G3/><T95/><D95/><U67/><E67/><V22/><F72/><W45/><G65/><T114/><D132/><U16/><E33/><V89/><F38/><W20/><G20/><T98/><D98/><U5/><E16/><N who="2" m="10511" /><F112/><W92/><G63/><N who="2" m="24073" /><F93/><W99/><G99/><AGARI ba="1,0" hai="49,54,56,89,94,99,100,103" m="24073,10511" machi="99" ten="30,2000,0" yaku="8,1,54,1" doraHai="73" who="2" fromWho="3" sc="532,0,94,0,38,23,336,-23" /><INIT seed="6,0,0,5,0,110" ten="532,94,61,313" oya="2" hai0="120,71,102,133,125,20,5,135,112,18,119,84,65" hai1="9,106,124,23,86,40,93,128,107,12,21,83,46" hai2="130,49,56,38,79,105,24,73,129,131,61,88,36" hai3="68,94,123,82,16,32,59,113,51,99,118,15,97"/><V50/><F105/><W55/><G123/><T4/><D125/><U90/><E124/><V77/><F24/><W70/><G118/><T47/><D120/><U30/><E128/><V2/><F2/><W96/><G32/><T54/><D102/><U28/><E106/><V87/><F50/><W92/><G113/><T122/><D112/><U10/><E107/><V67/><F49/><W57/><G57/><T13/><D54/><U103/><E28/><V109/><F109/><W19/><G19/><T89/><D47/><U60/><E60/><V95/><REACH who="2" step="1"/><F73/><REACH who="2" ten="532,94,51,313" step="2"/><W34/><G34/><T3/><D3/><U98/><E30/><V75/><F75/><W42/><G51/><T66/><D119/><U53/><E40/><V81/><F81/><W111/><G82/><T69/><D122/><U37/><E37/><AGARI ba="0,1" hai="36,37,38,56,61,67,77,79,87,88,95,129,130,131" machi="37" ten="50,9600,0" yaku="1,1,19,1,54,1,53,0" doraHai="110" doraHaiUra="22" who="2" fromWho="1" sc="532,0,94,-96,51,106,313,0" owari="532,63.0,-2,-50.0,157,-24.0,313,11.0" /></mjloggm>