<mjloggm ver="2.3"><GO type="233" lobby="0"/><UN n0="%E5%B0%8F%E9%98%AA%E3%81%A1%E3%81%B2%E3%82%8D" n1="%E3%82%A6%E3%83%AB%E3%83%88%E3%83%A9%E7%AB%8B%E7%9B%B4" n2="%E3%82%A2%E3%82%B9%E3%82%BF%E3%83%8A" n3="%72%79%6F%E2%80%A6%31%35" dan="18,18,17,16" rate="2218.70,2230.61,2180.83,2116.27" sx="F,M,M,M"/><TAIKYOKU oya="0"/><INIT seed="0,0,0,5,1,70" ten="250,250,250,250" oya="0" hai0="55,83,15,78,35,1,102,22,67,24,14,84,110" hai1="131,97,112,0,5,109,91,76,104,23,18,134,124" hai2="118,72,33,114,28,40,46,94,123,122,135,68,54" hai3="56,38,101,77,37,113,59,57,120,107,44,43,129"/><T50/><D1/><U2/><E76/><V41/><F114/><W19/><G113/><T117/><D117/><U42/><E112/><V119/><F72/><W89/><G120/><T126/><D35/><U49/><E109/><V9/><F33/><W86/><G129/><T25/><D126/><U6/><E124/><V34/><F34/><W82/><G19/><T80/><D67/><U20/><E131/><V27/><F135/><W62/><G62/><T100/><D83/><U121/><E91/><V98/><F68/><W29/><G29/><T39/><D39/><U73/><E97/><V47/><F9/><W115/><G115/><T99/><D110/><U116/><E49/><V108/><F108/><W58/><N who="3" m="14336" /><DORA hai="133" /><W11/><G11/><T81/><D81/><U45/><E104/><V3/><F27/><N who="0" m="10314" /><D99/><U13/><E73/><V26/><F98/><W53/><G53/><T30/><D30/><U92/><E0/><V64/><F28/><W125/><G125/><T128/><D128/><U8/><E2/><V74/><F54/><W95/><G107/><T88/><D78/><U106/><E106/><V132/><F3/><W130/><G130/><T36/><D36/><U75/><E75/><V69/><F74/><W7/><G101/><N who="0" m="39019" /><D22/><N who="1" m="8235" /><E134/><V21/><F132/><W51/><REACH who="3" step="1"/><G7/><REACH who="3" ten="250,250,250,240" step="2"/><T48/><D55/><U17/><E5/><V10/><F122/><W32/><G32/><T71/><D71/><U93/><E121/><V60/><F123/><W85/><AGARI ba="0,1" hai="37,38,43,44,51,77,82,85,86,89,95" m="14336" machi="85" ten="40,8000,1" yaku="1,1,0,1,52,2,53,0" doraHai="70,133" doraHaiUra="105,63" who="3" fromWho="3" sc="250,-40,250,-20,250,-20,240,90" /><INIT seed="1,0,0,5,5,11" ten="210,230,230,330" oya="1" hai0="56,97,89,91,26,124,131,7,64,36,71,27,126" hai1="57,33,13,106,51,30,12,110,92,0,72,96,61" hai2="45,28,125,109,21,107,29,84,31,121,66,4,5" hai3="78,60,22,105,80,68,75,39,9,86,20,120,113"/><U55/><E0/><V23/><F107/><W37/><G120/><T127/><D36/><U95/><E72/><V79/><F121/><W65/><G105/><T24/><D131/><U69/><E110/><V81/><F109/><W118/><G118/><T52/><D7/><N who="2" m="2634" /><F125/><W93/><G9/><T130/><D130/><U88/><E106/><V103/><F103/><W18/><G113/><T119/><D119/><U101/><E33/><V38/><F38/><W76/><G22/><N who="2" m="8201" /><F45/><W132/><G132/><T47/><D47/><N who="1" m="28159" /><E30/><V123/><F123/><W67/><G67/><AGARI ba="0,0" hai="28,29,31,66,67,79,81,84" m="8201,2634" machi="67" ten="30,1000,0" yaku="8,1" doraHai="11" who="2" fromWho="3" sc="210,0,230,0,230,10,330,-10" /><INIT seed="2,0,0,4,0,40" ten="210,230,240,320" oya="2" hai0="89,43,7,112,122,2,64,63,107,12,44,124,21" hai1="69,125,29,41,135,74,26,52,14,80,127,11,50" hai2="129,99,51,119,72,53,105,110,123,16,81,3,33" hai3="131,58,67,85,13,92,106,68,87,101,93,82,83"/><V55/><F123/><W31/><G68/><T75/><D122/><U54/><E69/><V76/><F119/><W71/><G71/><T22/><D107/><U1/><E1/><V94/><F105/><W38/><G106/><T27/><D75/><U66/><E66/><V32/><F129/><W62/><G31/><T121/><D112/><U36/><E36/><V134/><F134/><W102/><G38/><T95/><D124/><N who="1" m="47691" /><E135/><V96/><F3/><W18/><G131/><T35/><D35/><N who="1" m="20919" /><E80/><V115/><F115/><W116/><G116/><T97/><D2/><U28/><E28/><V45/><F110/><W56/><G82/><T126/><D126/><U128/><E74/><V65/><F65/><W24/><G83/><T98/><D64/><U103/><E103/><V10/><F55/><W108/><G102/><T37/><D43/><U8/><E8/><V109/><F109/><W57/><G101/><T5/><D37/><U25/><E25/><V91/><REACH who="2" step="1"/><F96/><REACH who="2" ten="210,230,230,320" step="2"/><W104/><G108/><T117/><D97/><U73/><E128/><V111/><F111/><W42/><G104/><T100/><D98/><U77/><E54/><V132/><F132/><W49/><G67/><T120/><D117/><U133/><E52/><V48/><F48/><W59/><G49/><T118/><D121/><U88/><E50/><V47/><F47/><W30/><G59/><T20/><D44/><U114/><E133/><V79/><F79/><W46/><G58/><T90/><D120/><U19/><E114/><V39/><F39/><W15/><G56/><T70/><D118/><U34/><E77/><RYUUKYOKU ba="0,1" sc="210,-10,230,-10,230,30,320,-10" hai2="10,16,32,33,45,51,53,72,76,81,91,94,99" /><INIT seed="2,1,1,5,3,82" ten="200,220,260,310" oya="2" hai0="62,46,88,5,37,16,55,98,121,114,124,125,118" hai1="57,59,30,116,34,14,127,109,7,113,75,86,91" hai2="110,104,87,32,28,103,29,6,128,126,12,111,19" hai3="100,122,106,61,3,70,78,52,41,48,74,26,94"/><V47/><F6/><W73/><G3/><T9/><D121/><U64/><E75/><V72/><F72/><W15/><G122/><T69/><D114/><U40/><E113/><V92/><F126/><W123/><G123/><T60/><D118/><U4/><E116/><V93/><F128/><W39/><G106/><T135/><D135/><U129/><E34/><V11/><F104/><W117/><G117/><T54/><D69/><U18/><E30/><V50/><F32/><W1/><G1/><T43/><D60/><N who="1" m="37903" /><E40/><V89/><F103/><W8/><G26/><T101/><D88/><U44/><E44/><V35/><F93/><W85/><G100/><T77/><D77/><U38/><E38/><V20/><F35/><W80/><G94/><N who="0" m="58583" /><D62/><U42/><E42/><V107/><F107/><W27/><G27/><T56/><D56/><U21/><E127/><N who="0" m="48713" /><D16/><N who="1" m="10391" /><E129/><V102/><F102/><W134/><G134/><T66/><D66/><U36/><E36/><V95/><F95/><W108/><G39/><T2/><AGARI ba="1,1" hai="2,5,9,37,43,46,54,55" m="48713,58583" machi="2" ten="30,1100,0" yaku="18,1" doraHai="82" who="0" fromWho="0" sc="200,24,220,-4,260,-6,310,-4" /><INIT seed="3,0,0,0,4,129" ten="224,216,254,306" oya="3" hai0="62,7,1,99,90,125,58,94,121,26,95,49,110" hai1="108,116,16,87,100,19,109,40,114,93,69,15,52" hai2="3,57,119,92,27,131,123,73,101,61,89,107,24" hai3="4,98,42,113,25,6,2,132,71,41,96,102,22"/><W55/><G113/><T127/><D121/><U8/><E69/><V64/><F119/><W13/><G2/><T43/><D110/><N who="1" m="42603" /><E114/><V21/><F3/><W76/><G71/><T66/><D7/><N who="1" m="3487" /><E40/><V20/><F73/><W82/><G55/><T10/><D1/><U70/><E70/><V80/><F131/><W39/><G98/><T135/><D10/><U130/><E130/><V105/><F123/><W34/><G34/><T51/><D26/><U112/><E112/><V45/><F45/><W35/><G35/><T30/><D30/><U78/><E116/><V117/><F117/><W59/><G59/><T104/><D104/><U128/><E128/><V38/><F38/><W72/><G13/><T53/><D43/><U81/><E52/><V97/><F80/><W68/><G68/><T124/><D94/><U126/><E126/><V5/><F5/><W36/><G42/><T32/><D32/><U31/><E31/><N who="2" m="17799" /><F89/><W77/><G39/><T33/><D33/><U134/><E134/><V115/><F115/><W0/><G132/><T103/><D49/><U17/><E17/><AGARI ba="0,0" hai="17,21,27,57,61,64,92,97,101,105,107" m="17799" machi="17" ten="30,1000,0" yaku="25,1" doraHai="129" who="2" fromWho="1" sc="224,0,216,-10,254,10,306,0" /><INIT seed="4,0,0,0,3,65" ten="224,206,264,306" oya="0" hai0="127,14,57,130,62,119,95,86,84,132,67,9,113" hai1="6,109,34,60,125,133,32,102,7,29,26,48,111" hai2="114,126,22,8,64,89,4,128,88,98,46,91,61" hai3="96,43,55,0,99,120,27,121,87,72,69,83,20"/><T110/><D119/><U76/><E76/><V131/><F114/><W49/><G0/><T42/><D113/><U1/><E48/><V63/><F126/><W129/><G43/><T23/><D127/><U38/><E60/><V71/><F22/><W135/><G72/><T17/><D132/><U41/><E102/><V118/><F118/><W104/><G69/><T56/><D130/><N who="2" m="49706" /><F61/><W18/><G104/><T108/><D42/><U30/><E41/><V70/><F46/><N who="3" m="28087" /><G135/><T92/><D56/><U79/><E79/><V25/><F25/><W73/><G73/><T77/><D23/><U115/><E38/><V45/><F45/><W33/><G33/><T122/><D122/><N who="3" m="47209" /><G129/><T11/><D11/><U39/><E39/><V103/><F103/><W54/><G54/><T107/><D107/><U5/><E125/><V85/><F98/><W93/><G93/><N who="0" m="35915" /><D77/><AGARI ba="0,0" hai="18,20,27,77,83,87,96,99" m="47209,28087" machi="77" ten="30,1000,0" yaku="13,1" doraHai="65" who="3" fromWho="0" sc="224,-10,206,0,264,0,306,10" /><INIT seed="5,0,0,3,4,6" ten="214,206,264,316" oya="1" hai0="2,113,88,36,63,76,108,99,89,78,120,33,29" hai1="92,107,8,96,59,90,82,94,106,50,105,98,130" hai2="51,3,124,102,7,119,97,4,48,121,23,56,34" hai3="37,128,25,65,42,64,129,83,57,85,55,61,16"/><U126/><E50/><V40/><F34/><W91/><G42/><T22/><D36/><U70/><E59/><V49/><F121/><W12/><G25/><T24/><D108/><U19/><E70/><V115/><F119/><W74/><G74/><T52/><D113/><U54/><E54/><V127/><F115/><W46/><G37/><T44/><D2/><U131/><E19/><V31/><F3/><W103/><G103/><T26/><D120/><U101/><E8/><V135/><F135/><W80/><G80/><T17/><D44/><U77/><REACH who="1" step="1"/><E126/><REACH who="1" ten="214,196,264,316" step="2"/><V87/><F56/><W39/><G39/><T41/><D41/><U20/><E20/><V134/><F23/><N who="3" m="11655" /><G46/><T111/><D111/><U32/><E32/><V84/><F49/><W43/><G43/><T45/><D45/><U110/><E110/><V62/><F51/><W71/><G71/><T1/><D1/><U58/><E58/><V72/><F48/><W100/><G129/><T11/><D11/><U73/><AGARI ba="0,1" hai="73,77,82,90,92,94,96,98,101,105,106,107,130,131" machi="73" ten="40,12000,1" yaku="1,1,0,1,34,3,53,0" doraHai="6" doraHaiUra="114" who="1" fromWho="1" sc="214,-40,196,130,264,-40,316,-40" /><INIT seed="5,1,0,1,0,87" ten="174,326,224,276" oya="1" hai0="123,109,26,36,95,2,91,130,41,125,17,69,106" hai1="99,100,50,98,42,134,68,32,85,82,96,105,29" hai2="55,122,23,90,71,65,15,33,77,46,25,53,129" hai3="84,127,1,110,13,14,31,92,104,59,107,117,70"/><U58/><E68/><V8/><F122/><W81/><G70/><T49/><D106/><U113/><E113/><V79/><F33/><W114/><G1/><T48/><D69/><U60/><E134/><V30/><F129/><W102/><G114/><T67/><D2/><U11/><E11/><V93/><F65/><W43/><G110/><T97/><D109/><U111/><E111/><V112/><F71/><W80/><G31/><T121/><D125/><U3/><E3/><V120/><F120/><W116/><G43/><T37/><D67/><U64/><E29/><V74/><F112/><W103/><G59/><T5/><D5/><U128/><E32/><V118/><F118/><W6/><G6/><T4/><D4/><U101/><E105/><V78/><F46/><W0/><G0/><T34/><D130/><U88/><E128/><V57/><F57/><W54/><G84/><T45/><D49/><U38/><E38/><V83/><F83/><W7/><G7/><T28/><D121/><U63/><E63/><V20/><F20/><W115/><G115/><T47/><D123/><U44/><AGARI ba="1,0" hai="42,44,50,58,60,64,82,85,88,96,98,99,100,101" machi="44" ten="30,11700,0" yaku="0,1,8,1,52,1,54,1" doraHai="87" who="1" fromWho="1" sc="174,-40,326,120,224,-40,276,-40" /><INIT seed="5,2,0,1,3,49" ten="134,446,184,236" oya="1" hai0="112,81,59,121,43,24,96,23,64,93,70,51,135" hai1="39,72,67,117,31,95,87,44,63,115,118,91,108" hai2="98,16,56,92,126,55,120,26,100,14,28,38,10" hai3="66,130,113,131,52,124,134,13,76,32,19,74,6"/><U2/><E2/><V20/><F126/><W7/><G32/><T54/><D112/><U101/><E115/><V37/><REACH who="2" step="1"/><F120/><REACH who="2" ten="134,446,174,236" step="2"/><W90/><G124/><T35/><D121/><U34/><E118/><V46/><F46/><W109/><G113/><T25/><D135/><U110/><E117/><V29/><F29/><W62/><G134/><T73/><D43/><U111/><E31/><V106/><F106/><W75/><G130/><T0/><D0/><U17/><E44/><V71/><F71/><W41/><G131/><T125/><D125/><U102/><E111/><V47/><F47/><W58/><G41/><T1/><D1/><U45/><E45/><V116/><F116/><W57/><G109/><T88/><D70/><U129/><E129/><V89/><F89/><W77/><G90/><T119/><D119/><U53/><E91/><V22/><F22/><N who="3" m="11631" /><G74/><T11/><D35/><U61/><E34/><V132/><F132/><W15/><G75/><T103/><D23/><U127/><E72/><V82/><F82/><W122/><G122/><T68/><D11/><U65/><E127/><V86/><F86/><W69/><G69/><T40/><D40/><U3/><E87/><V128/><F128/><W30/><G30/><T105/><D81/><U99/><E110/><V97/><F97/><W48/><G6/><T78/><D73/><U84/><E99/><V42/><F42/><W33/><G33/><T104/><D78/><U21/><E21/><V5/><F5/><W79/><G79/><T133/><D133/><U60/><E108/><V80/><F80/><W36/><G36/><RYUUKYOKU ba="2,1" sc="134,-15,446,-15,174,15,236,15" hai2="10,14,16,20,26,28,37,38,55,56,92,98,100" hai3="7,15,48,52,57,58,62,66,76,77" /><INIT seed="6,3,1,1,5,63" ten="119,431,189,251" oya="2" hai0="87,7,77,40,68,108,56,51,123,74,70,36,13" hai1="44,30,61,95,45,34,72,120,83,98,88,23,26" hai2="33,65,111,62,10,22,131,105,118,57,121,127,66" hai3="32,113,53,71,79,110,103,117,5,133,124,46,126"/><V9/><F121/><W18/><G32/><T31/><D74/><U19/><E120/><V55/><F33/><W28/><G117/><T75/><D75/><U49/><E61/><V102/><F118/><W93/><G28/><T129/><D108/><U64/><E64/><N who="2" m="24683" /><F105/><W82/><G71/><T135/><D56/><U17/><E34/><V47/><F111/><W29/><G29/><T134/><D51/><U97/><E45/><V54/><F127/><W101/><G5/><T69/><D40/><U27/><E49/><N who="2" m="28991" /><F131/><W132/><G110/><T15/><D36/><U86/><E44/><V99/><F22/><W81/><G46/><T3/><D129/><U24/><E72/><V78/><F78/><W52/><G79/><T16/><D77/><U119/><E119/><V89/><F102/><W14/><G103/><T11/><D69/><U8/><E23/><V35/><F35/><W37/><G101/><T2/><D68/><U109/><E109/><V12/><F12/><W106/><G14/><T94/><D70/><U96/><E27/><V42/><F42/><W41/><G41/><T21/><D123/><U128/><E26/><V104/><F104/><W76/><G76/><T90/><REACH who="0" step="1"/><D31/><REACH who="0" ten="109,431,189,251" step="2"/><U91/><E30/><V38/><F38/><W58/><G37/><T80/><D80/><U67/><E128/><V43/><F43/><W4/><G82/><T100/><D100/><U50/><E83/><V25/><F25/><W73/><G81/><T92/><D92/><AGARI ba="3,2" hai="9,10,55,57,62,89,92,99" m="28991,24683" machi="92" ten="30,11600,0" yaku="8,1,52,3" doraHai="63" who="2" fromWho="0" sc="109,-125,431,0,189,145,251,0" owari="-16,-52.0,431,54.0,334,13.0,251,-15.0" /></mjloggm>