<mjloggm ver="2.3"><GO type="169" lobby="0"/><UN n0="%7A%65%72%6F%52%58" n1="%E3%82%A6%E3%83%AB%E3%83%88%E3%83%A9%E7%AB%8B%E7%9B%B4" n2="%6B%69%74%70%6F%77%35" n3="%E3%83%AA%E3%83%AA%E3%82%A2%E3%83%BC%E3%83%8C" dan="16,18,16,17" rate="2177.96,2191.95,2076.83,2162.61" sx="M,M,M,F"/><TAIKYOKU oya="0"/><INIT seed="0,0,0,3,0,10" ten="250,250,250,250" oya="0" hai0="130,0,109,91,105,131,120,80,14,100,78,104,54" hai1="22,77,27,117,4,39,45,1,12,15,102,36,13" hai2="42,112,119,63,17,3,69,94,122,133,52,16,129" hai3="40,65,56,125,41,132,92,98,74,127,34,11,99"/><T81/><D0/><U88/><E117/><V58/><F3/><W135/><G34/><T86/><D120/><U66/><E102/><V23/><F119/><W18/><G74/><T61/><D61/><U116/><E116/><V2/><F2/><W51/><G65/><T55/><D109/><U118/><E118/><V70/><F122/><W111/><G111/><T35/><D35/><U108/><E108/><V128/><F112/><W43/><G56/><T75/><D14/><U60/><E77/><V21/><F94/><W123/><G51/><T113/><D113/><U7/><E88/><V53/><F42/><W20/><G11/><T25/><D25/><U48/><E39/><V103/><F103/><W79/><G79/><T73/><D73/><U134/><E36/><V67/><F133/><N who="3" m="51275" /><G123/><T68/><D68/><U32/><E32/><V72/><F72/><W5/><G5/><T57/><D100/><U47/><E134/><V93/><F93/><W89/><G99/><T49/><REACH who="0" step="1"/><D55/><REACH who="0" ten="240,250,250,250" step="2"/><U126/><E1/><V6/><F63/><W9/><G9/><T76/><D76/><U33/><E33/><V24/><F24/><AGARI ba="0,1" hai="18,20,24,40,41,43,89,92,98,125,127" m="51275" machi="24" ten="30,1000,0" yaku="20,1" doraHai="10" who="3" fromWho="2" sc="240,0,250,0,250,-10,250,20" /><INIT seed="1,0,0,2,2,116" ten="240,250,240,270" oya="1" hai0="111,59,5,92,94,135,62,123,58,95,37,51,38" hai1="20,28,73,13,15,4,129,87,44,8,118,108,104" hai2="122,16,57,100,105,80,10,25,56,45,120,68,23" hai3="40,31,30,75,102,113,50,125,22,14,103,70,133"/><U60/><E73/><V69/><F100/><W89/><G70/><T126/><D111/><U12/><E118/><V121/><F105/><W91/><G113/><T9/><D135/><U26/><E104/><V112/><F112/><W84/><G75/><T6/><D126/><U81/><E108/><V93/><F93/><W52/><G40/><T1/><D5/><U99/><E129/><V43/><F80/><W41/><G41/><T54/><REACH who="0" step="1"/><D123/><REACH who="0" ten="230,250,240,270" step="2"/><U76/><E99/><V96/><F96/><W71/><G133/><T42/><D42/><U7/><E7/><V49/><REACH who="2" step="1"/><F10/><REACH who="2" ten="230,250,230,270" step="2"/><W115/><G115/><T132/><D132/><U18/><E4/><V17/><F17/><N who="3" m="10551" /><G125/><T110/><D110/><U131/><E131/><V127/><F127/><W32/><G31/><T90/><D90/><U124/><E124/><V53/><F53/><AGARI ba="0,2" hai="1,6,9,37,38,51,53,54,58,59,62,92,94,95" machi="53" ten="40,1300,0" yaku="1,1,53,0" doraHai="116" doraHaiUra="101" who="0" fromWho="2" sc="230,33,250,0,230,-13,270,0" /><INIT seed="2,0,0,5,5,99" ten="263,250,217,270" oya="2" hai0="53,61,2,32,57,8,41,135,48,38,101,43,124" hai1="73,94,54,84,72,113,119,45,10,39,107,59,13" hai2="92,52,102,30,58,3,18,64,11,131,78,97,105" hai3="22,37,76,87,81,49,24,16,132,1,120,23,60"/><V90/><F131/><W0/><G37/><T55/><D32/><U31/><E107/><V100/><F30/><W111/><G111/><T110/><D110/><U133/><E113/><V96/><F64/><W91/><G120/><T77/><D77/><U21/><E119/><V95/><F78/><W46/><G132/><T14/><D2/><U47/><E133/><V83/><F105/><W126/><G126/><T42/><D135/><U122/><E39/><V4/><F18/><W51/><G60/><T69/><D124/><U50/><E73/><V9/><F9/><W40/><G51/><T68/><D101/><U20/><E72/><V115/><F115/><W128/><G128/><T7/><REACH who="0" step="1"/><D38/><REACH who="0" ten="253,250,217,270" step="2"/><U98/><E122/><V15/><F3/><W35/><G35/><T85/><D85/><U86/><E86/><N who="2" m="50527" /><F58/><AGARI ba="0,1" hai="7,8,14,41,42,43,48,53,55,57,58,61,68,69" machi="58" ten="40,1300,0" yaku="1,1,53,0" doraHai="99" doraHaiUra="33" who="0" fromWho="2" sc="253,23,250,0,217,-13,270,0" /><INIT seed="3,0,0,5,0,124" ten="276,250,204,270" oya="3" hai0="34,58,14,134,105,99,108,85,42,83,51,111,11" hai1="56,96,4,61,120,57,10,127,72,65,126,27,44" hai2="38,5,135,30,15,93,63,73,132,102,101,133,31" hai3="131,46,68,64,50,23,24,116,6,0,71,77,91"/><W7/><G116/><T103/><D34/><U89/><E72/><V130/><F38/><W67/><G77/><N who="0" m="46319" /><D134/><U1/><E120/><V43/><F73/><W40/><G91/><T52/><D42/><U60/><E44/><V39/><F39/><W41/><G41/><T117/><D14/><U82/><E27/><V80/><F43/><W100/><G100/><N who="2" m="38505" /><F80/><W17/><G131/><T36/><D11/><U115/><E115/><V37/><F37/><W8/><REACH who="3" step="1"/><G7/><REACH who="3" ten="276,250,204,260" step="2"/><T79/><D117/><U20/><E89/><V2/><F130/><W59/><G59/><T70/><D79/><U76/><E76/><V110/><F5/><W26/><G26/><T47/><D70/><AGARI ba="0,1" hai="0,6,8,17,23,24,40,46,50,64,67,68,70,71" machi="70" ten="40,2000,0" yaku="1,1,53,0" doraHai="124" doraHaiUra="121" who="3" fromWho="0" sc="276,-20,250,0,204,0,260,30" /><INIT seed="3,1,0,3,0,77" ten="256,250,204,290" oya="3" hai0="2,45,4,15,25,88,84,17,68,119,116,36,34" hai1="110,121,133,27,16,111,33,98,41,89,104,58,49" hai2="56,101,59,70,14,92,69,71,26,76,5,67,129" hai3="135,53,9,100,0,123,6,112,11,66,78,64,125"/><W1/><G112/><T19/><D68/><U72/><E121/><V73/><F129/><W39/><G39/><T21/><D34/><U55/><E133/><V74/><F26/><W20/><G123/><T81/><D2/><U3/><E3/><V90/><F101/><W32/><G32/><T57/><D4/><U132/><E132/><V60/><F76/><W82/><G135/><T99/><D57/><U47/><E72/><V12/><F59/><W96/><G125/><T80/><D99/><U130/><E130/><V31/><F31/><W28/><G53/><T94/><D94/><U127/><E33/><V102/><F102/><W83/><G28/><T131/><D131/><U8/><E127/><V134/><F134/><W35/><G20/><T18/><D81/><N who="3" m="30729" /><G35/><T30/><REACH who="0" step="1"/><D15/><REACH who="0" ten="246,250,204,290" step="2"/><U97/><E97/><V107/><F107/><W37/><G1/><T38/><D38/><U124/><E104/><V23/><F14/><W128/><G37/><T50/><D50/><U22/><E124/><V65/><F5/><W120/><G128/><T86/><D86/><U87/><E87/><V54/><F12/><W95/><G120/><T105/><D105/><U40/><E8/><N who="3" m="3146" /><G0/><T122/><D122/><U48/><E41/><AGARI ba="1,1" hai="17,18,19,21,25,30,36,41,45,80,84,88,116,119" machi="41" ten="40,5200,0" yaku="1,1,52,1,54,1,53,0" doraHai="77" doraHaiUra="44" who="0" fromWho="1" sc="246,65,250,-55,204,0,290,0" /><INIT seed="4,0,0,0,4,53" ten="311,195,204,290" oya="0" hai0="61,10,124,106,9,32,86,11,38,74,83,13,82" hai1="91,84,121,94,41,111,68,39,101,132,100,2,27" hai2="0,114,44,37,73,108,14,34,63,123,62,15,5" hai3="8,79,97,43,58,59,7,128,131,125,113,30,99"/><T118/><D106/><U48/><E68/><V31/><F123/><W133/><G113/><T3/><D38/><U52/><E121/><V119/><F73/><W90/><G133/><T18/><D32/><U72/><E111/><V46/><F114/><W6/><G125/><T60/><D118/><U56/><E132/><V29/><F119/><W87/><G79/><T57/><D74/><U16/><E72/><V23/><F108/><W42/><G30/><N who="2" m="11273" /><F34/><W127/><G127/><T103/><D61/><N who="2" m="23050" /><F37/><W20/><G20/><N who="0" m="11343" /><D103/><U76/><E2/><V81/><F0/><W22/><G22/><T75/><D75/><U122/><E122/><V21/><F81/><W26/><G26/><T4/><D3/><U92/><E76/><V117/><F117/><W19/><G19/><T110/><D110/><U98/><E39/><V80/><F80/><W49/><G49/><T96/><D83/><U69/><E69/><V129/><F129/><W50/><G50/><T36/><D36/><U107/><E107/><V77/><F77/><W89/><REACH who="3" step="1"/><G87/><REACH who="3" ten="311,195,204,280" step="2"/><T54/><D86/><U71/><E41/><V33/><F33/><W40/><G40/><T1/><D124/><U25/><E71/><V51/><F5/><W67/><G67/><T55/><D4/><U35/><E35/><V66/><F66/><W93/><G93/><T135/><D135/><U78/><E78/><V47/><F51/><W12/><G12/><AGARI ba="0,1" hai="12,14,15,21,23,44,46,47" m="23050,11273" machi="12" ten="30,3900,0" yaku="28,2,8,1" doraHai="53" who="2" fromWho="3" sc="311,0,195,0,204,49,280,-39" /><INIT seed="5,0,0,0,1,72" ten="311,195,253,241" oya="1" hai0="127,68,105,37,108,89,45,69,88,18,3,23,52" hai1="65,19,97,6,43,47,53,13,40,121,75,122,42" hai2="106,98,74,30,95,100,103,22,32,4,46,93,29" hai3="33,31,112,28,60,5,58,107,44,77,1,79,73"/><U39/><E6/><V27/><F74/><W38/><G107/><T56/><D108/><U2/><E2/><V14/><F106/><W76/><G73/><T86/><D3/><U82/><E65/><V7/><F32/><W109/><G109/><T130/><D127/><U114/><E114/><V125/><F125/><W63/><G112/><T110/><D130/><U91/><E97/><V119/><F119/><W87/><G33/><T67/><D105/><U16/><E19/><V57/><F46/><W66/><G87/><T70/><D67/><U20/><E91/><V133/><F133/><W51/><G38/><T115/><D115/><U123/><REACH who="1" step="1"/><E53/><REACH who="1" ten="311,185,253,241" step="2"/><V48/><F4/><W83/><G5/><T101/><D89/><U41/><E41/><V62/><F30/><N who="3" m="11307" /><G1/><T128/><D88/><U71/><E71/><V85/><F98/><W135/><G135/><T132/><D69/><U34/><E34/><V118/><F7/><W8/><G8/><T0/><D70/><U24/><E24/><V131/><F27/><W80/><G63/><T120/><D68/><U94/><E94/><V126/><F62/><W92/><G92/><T55/><D0/><U129/><E129/><V64/><F93/><W54/><AGARI ba="0,1" hai="44,51,54,58,60,66,76,77,79,80,83" m="11307" machi="54" ten="30,7900,0" yaku="8,1,52,3" doraHai="72" who="3" fromWho="3" sc="311,-20,185,-39,253,-20,241,89" /><INIT seed="6,0,0,0,1,41" ten="291,146,233,330" oya="2" hai0="117,109,15,96,34,5,97,130,28,77,44,51,29" hai1="56,123,61,94,66,39,89,82,14,60,36,78,70" hai2="115,23,73,132,128,106,9,17,46,31,59,40,121" hai3="64,35,134,21,63,85,84,126,55,111,22,118,43"/><V57/><F73/><W52/><G35/><T114/><D109/><U74/><E123/><V129/><F106/><W95/><G118/><T24/><D114/><U25/><E14/><V103/><F121/><W6/><G111/><T133/><D133/><U113/><E113/><V108/><F103/><W110/><G110/><T86/><D130/><N who="2" m="50282" /><F108/><W58/><G134/><T27/><D117/><U69/><E25/><N who="2" m="16831" /><F132/><W18/><G126/><T81/><D15/><U11/><E11/><V75/><F75/><W83/><G6/><T4/><D4/><U112/><E112/><V49/><F115/><W10/><G43/><T100/><D100/><U131/><E131/><V72/><F72/><W48/><G10/><T33/><D5/><U26/><E26/><V12/><AGARI ba="0,0" hai="9,12,17,40,46,49,57,59" m="16831,50282" machi="12" ten="30,3000,0" yaku="19,1,52,1" doraHai="41" who="2" fromWho="2" sc="291,-10,146,-10,233,30,330,-10" /><INIT seed="6,1,0,3,0,87" ten="281,136,263,320" oya="2" hai0="90,0,74,32,77,23,127,109,133,54,106,14,12" hai1="118,94,83,9,75,36,79,58,42,81,49,103,50" hai2="65,26,8,2,62,121,13,128,96,48,101,4,3" hai3="52,97,20,88,92,123,39,98,126,16,120,131,59"/><V116/><F116/><W122/><G39/><T114/><D109/><U18/><E118/><V40/><F121/><W61/><G131/><T89/><D32/><U51/><E36/><V100/><F128/><W38/><G38/><T129/><D0/><U55/><E42/><V110/><F110/><W28/><G28/><T1/><D1/><U22/><E9/><V93/><F100/><W43/><G43/><T108/><D106/><U99/><E83/><V11/><F8/><W46/><G46/><T66/><D66/><U85/><E75/><V102/><F101/><W68/><G68/><T60/><D108/><U67/><E67/><V95/><F93/><W91/><G126/><T71/><D71/><U134/><E134/><V78/><F78/><W7/><G7/><T45/><D74/><U6/><E6/><V19/><F48/><W56/><G56/><N who="0" m="34839" /><D77/><U27/><REACH who="1" step="1"/><E103/><REACH who="1" ten="281,126,263,320" step="2"/><V111/><F40/><W69/><G69/><T70/><D70/><U125/><E125/><V41/><F41/><W135/><G135/><T76/><D133/><U64/><E64/><V37/><F37/><W53/><G53/><T44/><D127/><U24/><E24/><V30/><F4/><W10/><G10/><T73/><D73/><U63/><E63/><V15/><F111/><W33/><G123/><T86/><D129/><U57/><E57/><V31/><F26/><N who="3" m="14599" /><G33/><T35/><D35/><U5/><E5/><V107/><F65/><W115/><G115/><T25/><D114/><U104/><E104/><V17/><F107/><W112/><G112/><T34/><D34/><U29/><E29/><RYUUKYOKU ba="1,1" sc="281,-15,126,15,263,-15,320,15" hai1="18,22,27,49,50,51,55,58,79,81,85,94,99" hai3="52,59,61,88,91,92,97,98,120,122" /><INIT seed="7,2,1,3,2,17" ten="266,141,248,335" oya="3" hai0="32,95,91,38,119,27,68,67,28,35,53,75,52" hai1="88,86,9,15,0,20,18,125,7,29,8,47,78" hai2="117,118,132,94,87,26,16,1,84,73,34,82,36" hai3="48,135,51,42,54,56,97,39,63,114,40,112,96"/><W22/><G22/><T24/><D75/><U71/><E125/><V111/><F36/><W80/><G135/><T44/><D119/><N who="2" m="45578" /><F1/><W98/><G80/><T130/><D130/><U59/><E71/><V85/><F16/><W3/><G3/><T103/><D103/><U102/><E102/><V134/><F26/><W116/><G116/><T70/><D38/><U65/><E78/><N who="2" m="44367" /><F34/><W14/><G14/><T107/><D107/><U31/><E47/><V66/><F66/><W89/><G89/><T69/><D67/><U110/><E110/><V115/><F111/><W122/><G122/><T4/><D4/><U90/><E65/><V58/><F58/><W43/><G39/><T109/><D44/><U6/><E59/><V126/><F126/><W106/><G106/><T99/><D109/><U81/><REACH who="1" step="1"/><E90/><REACH who="1" ten="266,131,248,335" step="2"/><N who="2" m="53575" /><F115/><AGARI ba="2,2" hai="40,42,43,48,51,54,56,63,96,97,98,112,114,115" machi="115" ten="50,2400,0" yaku="15,1" doraHai="17" who="3" fromWho="2" sc="266,0,131,0,248,-30,335,50" owari="266,7.0,131,-37.0,218,-18.0,385,48.0" /></mjloggm>