<mjloggm ver="2.3"><GO type="169" lobby="0"/><UN n0="%E3%81%8B%E3%81%8D" n1="%E3%83%88%E3%83%88%E3%83%AA%E5%85%88%E7%94%9F%31%39%E6%AD%B3" n2="%E3%83%A1%E3%82%A4%E3%82%A2%E3%82%AF%E3%83%88" n3="%E3%82%AE%E3%82%BF%E3%83%AB%E3%83%9E" dan="16,18,16,16" rate="2192.21,2196.66,2050.34,2064.10" sx="M,F,M,M"/><TAIKYOKU oya="0"/><INIT seed="0,0,0,2,0,100" ten="250,250,250,250" oya="0" hai0="68,83,99,0,114,22,71,56,47,64,125,98,6" hai1="28,134,15,52,107,81,3,24,32,59,60,51,75" hai2="33,43,102,25,14,78,61,88,26,135,101,18,57" hai3="89,66,11,2,93,34,90,124,58,53,105,96,38"/><T118/><D114/><U115/><E3/><V91/><F43/><W113/><G113/><T12/><D118/><U103/><E115/><V80/><F135/><W19/><G38/><T10/><D125/><U109/><E109/><V7/><F7/><W122/><G122/><T69/><D83/><U76/><E134/><V40/><F40/><W41/><G41/><T73/><D73/><U128/><E128/><V67/><F102/><W133/><G133/><T119/><D119/><U44/><E15/><V104/><F26/><W94/><G34/><T42/><D56/><U65/><REACH who="1" step="1"/><E103/><REACH who="1" ten="250,240,250,250" step="2"/><V1/><F1/><W20/><G2/><T46/><D0/><U9/><E9/><V63/><F101/><W30/><G11/><T123/><D10/><U23/><E23/><V110/><F14/><W49/><G124/><T74/><D22/><U50/><E50/><V116/><F110/><W79/><G49/><T70/><D12/><U31/><E31/><V77/><F33/><W97/><G30/><T4/><D123/><U126/><E126/><V86/><F116/><W45/><G20/><T17/><D4/><U16/><E16/><V72/><F18/><W27/><G19/><T92/><D17/><U84/><E84/><V131/><F86/><W29/><G29/><T112/><D6/><U82/><E82/><V85/><F85/><W8/><G8/><T95/><D112/><U111/><E111/><V54/><F80/><W87/><G87/><T5/><D5/><U48/><E48/><V36/><F131/><W117/><G117/><T62/><N who="0" m="17920" /><DORA hai="120" /><T121/><D121/><RYUUKYOKU ba="0,1" sc="250,-10,240,30,250,-10,250,-10" hai1="24,28,32,44,51,52,59,60,65,75,76,81,107" /><INIT seed="1,1,1,1,3,122" ten="240,270,240,240" oya="1" hai0="70,58,112,1,133,6,110,32,22,38,128,76,116" hai1="56,108,85,103,45,68,114,37,135,12,111,96,124" hai2="66,55,14,34,24,9,127,23,44,101,78,18,97" hai3="79,94,31,132,7,80,8,28,75,16,77,71,123"/><U131/><E114/><V40/><F127/><W13/><G123/><T20/><RYUUKYOKU type="yao9" ba="1,1" sc="240,0,270,0,240,0,240,0" hai0="1,6,20,22,32,38,58,70,76,110,112,116,128,133" /><INIT seed="1,2,1,2,2,11" ten="240,270,240,240" oya="1" hai0="58,35,121,72,74,18,119,98,92,4,103,75,128" hai1="120,8,104,125,116,76,70,44,56,28,113,67,12" hai2="40,0,42,3,37,78,53,84,51,63,85,38,65" hai3="6,9,127,99,90,22,83,135,89,126,14,15,87"/><U26/><E113/><V24/><F24/><W60/><BYE who="2" /><G135/><T101/><D35/><U91/><E116/><V134/><F134/><W25/><G60/><T110/><D119/><U77/><E120/><V32/><F32/><W111/><G111/><T41/><D110/><U10/><E125/><N who="3" m="47626" /><G99/><T36/><D4/><UN n2="%E3%83%A1%E3%82%A4%E3%82%A2%E3%82%AF%E3%83%88" /><U17/><E70/><V34/><F34/><W122/><G122/><T71/><D71/><U106/><E106/><V30/><F30/><N who="3" m="17719" /><G90/><T23/><D121/><U16/><E104/><V66/><F63/><W61/><G61/><T80/><D128/><U46/><E56/><V43/><F53/><W1/><AGARI ba="2,1" hai="1,6,9,14,15,83,87,89" m="17719,47626" machi="1" ten="30,4000,0" yaku="18,1,52,2" doraHai="11" who="3" fromWho="3" sc="240,-12,270,-22,240,-12,240,56" /><INIT seed="2,0,0,4,1,70" ten="228,248,228,296" oya="2" hai0="101,115,46,17,116,26,81,14,96,67,9,25,2" hai1="68,49,43,10,77,30,18,111,127,11,83,78,112" hai2="118,51,100,39,31,7,40,21,34,5,132,119,122" hai3="129,123,102,95,16,98,128,45,120,125,84,75,99"/><V94/><F34/><W35/><G35/><T108/><D115/><U134/><E112/><V113/><F113/><W47/><G47/><T72/><D108/><U8/><E68/><V36/><F122/><W92/><G45/><T37/><D116/><U38/><E111/><V4/><F51/><W89/><G16/><T121/><D121/><N who="3" m="46665" /><G75/><T23/><D67/><U60/><E134/><V103/><F132/><W54/><G54/><T117/><D117/><U22/><E127/><V29/><F5/><W19/><G19/><T80/><D2/><U91/><E30/><V1/><F40/><W104/><G125/><T59/><D59/><U58/><E49/><V130/><F130/><BYE who="2" /><N who="3" m="50283" /><G84/><T55/><D72/><U13/><E43/><V87/><F87/><W74/><G74/><T135/><D135/><U0/><E0/><V71/><F71/><W97/><G97/><UN n2="%E3%83%A1%E3%82%A4%E3%82%A2%E3%82%AF%E3%83%88" /><T32/><D32/><U12/><E12/><V107/><F21/><W44/><G44/><T48/><D25/><U82/><E58/><V24/><F24/><W64/><G64/><T50/><D50/><U20/><E18/><V6/><F6/><W126/><BYE who="2" /><G126/><T88/><D23/><U106/><E13/><V69/><F69/><W3/><G3/><T41/><D26/><U27/><E27/><V28/><F28/><W33/><G33/><T65/><D65/><U114/><E114/><V79/><F79/><UN n2="%E3%83%A1%E3%82%A4%E3%82%A2%E3%82%AF%E3%83%88" /><W124/><G124/><T90/><D55/><U53/><E20/><V73/><F1/><W109/><G109/><T56/><D17/><U63/><E22/><V105/><F105/><BYE who="2" /><AGARI ba="0,0" hai="89,92,95,98,99,102,104,105" m="50283,46665" machi="105" ten="30,3900,0" yaku="19,1,34,2" doraHai="70" who="3" fromWho="2" sc="228,0,248,0,228,-39,296,39" /><UN n2="%E3%83%A1%E3%82%A4%E3%82%A2%E3%82%AF%E3%83%88" /><INIT seed="3,0,0,4,2,40" ten="228,248,189,335" oya="3" hai0="57,19,59,61,43,25,116,56,39,35,104,117,110" hai1="16,28,9,68,130,62,7,70,38,96,126,72,135" hai2="132,8,13,51,118,114,103,64,3,46,30,6,60" hai3="105,120,80,53,127,37,36,112,67,98,92,128,48"/><W31/><G120/><T133/><D104/><U94/><E72/><V27/><F118/><N who="0" m="45674" /><D19/><U95/><E130/><V100/><F114/><W21/><G128/><T69/><D25/><U122/><E135/><V121/><F132/><W18/><G112/><T49/><D35/><U14/><E126/><V78/><F3/><W84/><G127/><T102/><D102/><U22/><E122/><V65/><F78/><W119/><G105/><T89/><D89/><U0/><E38/><V23/><F121/><W99/><G31/><T90/><D90/><U32/><E62/><V45/><F51/><W54/><G99/><T34/><D34/><U10/><E10/><V77/><F77/><W1/><G1/><T123/><D123/><U24/><E95/><V75/><F75/><W4/><G4/><T15/><D15/><U93/><REACH who="1" step="1"/><E94/><REACH who="1" ten="228,238,189,335" step="2"/><V76/><F60/><W74/><G36/><T106/><D133/><U5/><E5/><V134/><F134/><W73/><G37/><T79/><D106/><U131/><E131/><V87/><F103/><AGARI ba="0,1" hai="0,7,9,14,16,22,24,28,32,68,70,93,96,103" machi="103" ten="30,8000,1" yaku="1,1,7,1,24,2,54,1,53,0" doraHai="40" doraHaiUra="50" who="1" fromWho="2" sc="228,0,238,90,189,-80,335,0" /><INIT seed="4,0,0,3,1,104" ten="228,328,109,335" oya="0" hai0="76,42,87,128,133,35,116,132,129,60,90,43,57" hai1="134,97,93,73,45,39,71,25,9,6,31,86,56" hai2="22,52,98,49,23,96,101,69,113,48,81,82,120" hai3="100,0,125,26,95,64,27,38,19,54,68,3,40"/><T32/><D76/><U74/><E71/><V123/><F69/><W51/><G125/><T121/><D90/><U50/><E134/><N who="0" m="51817" /><D87/><U33/><E56/><V18/><F113/><W103/><G103/><T29/><D29/><U62/><E62/><V80/><F101/><W61/><G3/><T127/><D35/><U59/><E59/><V11/><F11/><W47/><G0/><T37/><D32/><U1/><E39/><V15/><F23/><W111/><G19/><T36/><D116/><U14/><E86/><V84/><F84/><W118/><G118/><T34/><D34/><U2/><E2/><V92/><F49/><W8/><G8/><T12/><D12/><U13/><E13/><V105/><F105/><W4/><G4/><T122/><D127/><U63/><E63/><V89/><REACH who="2" step="1"/><F98/><REACH who="2" ten="228,328,99,335" step="2"/><W79/><G100/><T65/><D37/><U102/><REACH who="1" step="1"/><E1/><REACH who="1" ten="228,318,99,335" step="2"/><V20/><F20/><W5/><G38/><T135/><D135/><U16/><E16/><V46/><AGARI ba="0,2" hai="15,18,22,46,48,52,80,81,82,89,92,96,120,123" machi="46" ten="30,4000,0" yaku="1,1,0,1,54,1,53,0" doraHai="104" doraHaiUra="110" who="2" fromWho="2" sc="228,-20,318,-10,99,60,335,-10" /><INIT seed="5,0,0,1,2,41" ten="208,308,159,325" oya="1" hai0="93,75,96,19,35,91,45,85,33,65,21,47,2" hai1="121,53,130,112,5,88,70,17,8,10,54,113,51" hai2="62,111,109,39,98,127,94,43,58,29,84,72,114" hai3="117,32,61,67,105,102,22,9,99,60,123,48,36"/><U52/><E121/><V118/><F72/><W4/><G123/><T131/><D75/><U1/><E70/><V132/><F118/><W7/><G117/><T95/><D2/><U74/><E74/><V0/><F0/><W134/><G36/><T37/><D131/><U77/><E77/><V107/><F107/><W31/><G134/><T100/><D37/><U27/><E130/><V50/><F39/><W15/><G7/><T119/><D119/><U3/><E27/><V115/><F132/><W120/><G120/><T63/><D35/><U124/><E124/><V103/><F29/><W82/><G82/><T116/><D33/><U78/><E78/><V79/><F127/><W135/><G135/><T30/><D116/><U129/><E129/><V57/><F57/><W68/><G48/><T18/><D30/><U38/><E38/><V55/><F43/><W89/><G89/><T13/><REACH who="0" step="1"/><D19/><REACH who="0" ten="198,308,159,325" step="2"/><U49/><E17/><V16/><F16/><W97/><G32/><T59/><AGARI ba="0,1" hai="13,18,21,45,47,59,63,65,85,91,93,95,96,100" machi="59" ten="20,16000,3" yaku="1,1,2,1,0,1,7,1,8,1,52,2,53,1" doraHai="41" doraHaiUra="81" who="0" fromWho="0" sc="198,170,308,-80,159,-40,325,-40" /><INIT seed="6,0,0,1,2,127" ten="368,228,119,285" oya="2" hai0="116,53,73,20,114,105,63,81,113,46,124,109,52" hai1="111,10,30,59,101,15,66,49,25,27,13,26,94" hai2="112,87,14,58,107,67,5,122,19,11,93,92,70" hai3="35,75,43,134,51,54,121,1,110,100,68,4,117"/><V2/><F107/><W37/><RYUUKYOKU type="yao9" ba="0,0" sc="368,0,228,0,119,0,285,0" hai3="1,4,35,37,43,51,54,68,75,100,110,117,121,134" /><INIT seed="6,1,0,5,1,110" ten="368,228,119,285" oya="2" hai0="65,30,72,113,126,49,45,122,129,100,134,23,28" hai1="109,14,133,106,44,67,32,22,25,33,6,112,7" hai2="76,9,11,61,121,2,68,84,125,55,29,108,60" hai3="21,0,86,94,4,43,98,83,107,20,103,87,15"/><V71/><F121/><W26/><G0/><T92/><D122/><U46/><E109/><V124/><F108/><W69/><G69/><T111/><D111/><U16/><E106/><V89/><F76/><W102/><G43/><T75/><D65/><U47/><E133/><V117/><F29/><W78/><G107/><T8/><D134/><U54/><E112/><V97/><F97/><W82/><G102/><T116/><D113/><U63/><E54/><V36/><F36/><W128/><G128/><T18/><D129/><U80/><E80/><V130/><F130/><W79/><G26/><T35/><D35/><U12/><E12/><V104/><F104/><W66/><G66/><T53/><D126/><N who="2" m="48746" /><F117/><W38/><G38/><T115/><D115/><U58/><REACH who="1" step="1"/><E14/><REACH who="1" ten="368,218,119,285" step="2"/><V17/><F2/><W77/><G79/><T120/><D120/><U101/><E101/><V99/><F55/><W34/><G34/><AGARI ba="1,1" hai="6,7,16,22,25,32,33,34,44,46,47,58,63,67" machi="34" ten="40,5200,0" yaku="1,1,54,1,53,1" doraHai="110" doraHaiUra="56" who="1" fromWho="3" sc="368,0,218,65,119,0,285,-55" /><INIT seed="7,0,0,2,3,69" ten="368,283,119,230" oya="3" hai0="18,66,76,111,60,109,19,14,121,89,9,127,97" hai1="95,134,59,88,41,126,101,112,39,71,115,113,62" hai2="92,21,82,96,33,131,123,100,8,93,56,99,49" hai3="78,28,16,51,48,4,135,80,79,103,17,119,128"/><W38/><G119/><T63/><D121/><U55/><E134/><V132/><F33/><W98/><G128/><T118/><D118/><U77/><E126/><V1/><F1/><W31/><G135/><T108/><D127/><U23/><E101/><V110/><F110/><W35/><G4/><T34/><D34/><U83/><E71/><V25/><F131/><W20/><G35/><T87/><D76/><U53/><E23/><V91/><F132/><W3/><G3/><T6/><D97/><U37/><E41/><V73/><F73/><W26/><G38/><T65/><D65/><U94/><E55/><V74/><F74/><W52/><G51/><T129/><D129/><U122/><E122/><V44/><F8/><W81/><G79/><T105/><D105/><U64/><E64/><V5/><F5/><W107/><G17/><T90/><D63/><U47/><E47/><V12/><F12/><W10/><G10/><T15/><D15/><U24/><E24/><V45/><F82/><W68/><G68/><T84/><D60/><U42/><E42/><V11/><F11/><W36/><G81/><T125/><D66/><U104/><E104/><V124/><F124/><W120/><G120/><T7/><D125/><U70/><E70/><V54/><REACH who="2" step="1"/><F123/><REACH who="2" ten="368,283,109,230" step="2"/><W72/><G72/><T114/><D109/><U46/><E83/><V27/><F27/><W106/><G80/><T13/><D9/><U130/><E130/><V102/><F102/><W29/><G26/><T50/><D111/><U0/><E0/><V22/><F22/><W2/><G103/><T85/><D108/><RYUUKYOKU ba="0,1" sc="368,-10,283,-10,109,30,230,-10" hai2="21,25,44,45,49,54,56,91,92,93,96,99,100" owari="368,47.0,273,7.0,139,-36.0,220,-18.0" /></mjloggm>