<mjloggm ver="2.3"><GO type="169" lobby="0"/><UN n0="%4F%69%E3%81%AE%E3%81%B6%E5%AD%90" n1="%E3%81%8F%E3%82%89%E3%81%BE%E3%82%82%E3%82%93" n2="%78%73%78%63%35%37" n3="%E5%B0%B1%E6%B4%BB%E7%94%9F%40%E5%B7%9D%E6%9D%91%E8%BB%8D%E5%9B%A3" dan="16,16,16,17" rate="2101.79,2131.22,2023.09,2231.67" sx="M,M,F,M"/><TAIKYOKU oya="0"/><INIT seed="0,0,0,2,2,24" ten="250,250,250,250" oya="0" hai0="18,55,75,135,20,31,17,103,13,16,93,46,119" hai1="26,100,4,77,117,23,114,12,34,104,70,90,124" hai2="58,130,125,72,113,86,79,101,37,134,120,32,19" hai3="102,92,76,10,6,3,95,50,21,128,129,84,49"/><T33/><D75/><U89/><E117/><V53/><F101/><W48/><G21/><N who="0" m="11407" /><D33/><U29/><E124/><V121/><F86/><W59/><G59/><T132/><D119/><U43/><E114/><V131/><F113/><W78/><G102/><T126/><D126/><U7/><E77/><V11/><F125/><W36/><G36/><T22/><D103/><U94/><E43/><V68/><F68/><W83/><REACH who="3" step="1"/><G76/><REACH who="3" ten="250,250,250,240" step="2"/><T110/><D110/><U109/><E100/><V8/><F37/><W42/><G42/><T73/><D73/><U39/><E23/><V122/><F79/><W69/><G69/><T80/><D22/><U66/><E39/><V116/><F72/><W85/><G85/><T2/><D20/><U47/><E70/><V28/><F116/><W61/><G61/><T127/><D46/><U71/><E47/><V5/><F122/><W52/><G52/><T81/><D55/><U0/><E71/><V25/><F120/><W54/><G54/><T41/><D127/><U35/><E35/><V30/><F121/><W106/><G106/><T115/><D41/><U60/><E34/><V123/><F123/><W62/><G62/><T44/><D115/><U118/><E60/><V91/><F32/><W74/><G74/><T133/><D44/><U65/><E104/><V27/><F53/><W111/><G111/><T15/><D133/><U51/><E109/><V98/><F134/><W88/><G88/><T112/><D135/><U107/><E107/><V38/><F38/><W56/><G56/><T99/><D132/><U45/><E118/><V1/><F58/><RYUUKYOKU ba="0,1" sc="250,-10,250,-10,250,-10,240,30" hai3="3,6,10,48,49,50,78,83,84,92,95,128,129" /><INIT seed="1,1,1,2,4,14" ten="240,240,240,270" oya="1" hai0="47,108,88,48,25,100,76,66,18,86,83,30,63" hai1="50,116,67,115,26,128,12,85,65,124,77,13,96" hai2="29,72,123,9,80,56,2,1,120,51,36,64,68" hai3="132,135,49,112,44,71,52,46,106,7,27,34,0"/><U133/><E116/><V110/><F36/><W134/><G106/><T6/><D108/><U43/><E115/><V17/><F110/><W114/><G71/><T21/><D6/><U113/><E113/><N who="3" m="43626" /><G7/><T92/><D100/><U87/><E133/><V5/><F29/><N who="3" m="19775" /><G0/><T125/><D125/><U121/><E121/><V41/><F68/><W60/><G60/><T22/><D63/><U69/><E69/><V20/><F1/><W42/><G42/><N who="0" m="24695" /><D66/><U11/><E67/><V111/><F111/><W81/><G81/><T16/><D22/><U90/><E65/><V58/><F64/><W122/><G122/><T39/><D39/><U109/><E109/><V32/><F32/><W8/><G8/><T57/><D57/><AGARI ba="1,1" hai="44,46,49,52,57,132,134,135" m="19775,43626" machi="57" ten="40,2600,0" yaku="20,1,54,1" doraHai="14" who="3" fromWho="0" sc="240,-29,240,0,240,0,270,39" /><INIT seed="2,0,0,5,0,47" ten="211,240,240,309" oya="2" hai0="15,128,118,78,19,2,131,97,17,44,72,28,127" hai1="0,14,100,116,22,23,98,8,105,20,76,119,88" hai2="92,56,64,69,10,121,52,79,101,32,5,113,107" hai3="114,39,16,122,41,84,30,6,70,120,95,115,91"/><V37/><F121/><N who="3" m="46699" /><G70/><T43/><D127/><U111/><E111/><V126/><F113/><N who="3" m="43019" /><G30/><T85/><D28/><U94/><E0/><V68/><F126/><W11/><G39/><T86/><D2/><U82/><E8/><V71/><F37/><W123/><G123/><T109/><D109/><U13/><E116/><V1/><F32/><W90/><G41/><T103/><D43/><U55/><E55/><V125/><F125/><W129/><G129/><T110/><D131/><U73/><REACH who="1" step="1"/><E119/><REACH who="1" ten="211,230,240,309" step="2"/><V58/><F107/><W93/><G6/><T9/><D118/><U51/><E51/><V54/><F79/><W106/><G11/><T89/><D9/><U4/><E4/><V83/><F64/><W25/><G106/><T135/><D110/><U67/><E67/><V21/><F10/><W80/><G91/><T46/><D89/><U59/><E59/><V77/><F5/><W7/><G7/><T57/><D78/><U104/><E104/><V102/><F1/><W45/><G45/><T36/><D46/><U50/><E50/><V132/><F56/><W53/><G53/><T35/><D57/><U48/><E48/><V40/><F54/><W42/><G42/><T18/><D44/><U24/><E24/><V75/><F40/><W3/><G3/><T133/><D36/><U61/><E61/><V124/><F124/><W99/><G25/><T108/><D108/><U117/><E117/><V12/><F71/><W34/><G90/><T27/><D128/><U66/><E66/><V130/><F69/><W81/><G34/><T112/><D35/><U62/><E62/><RYUUKYOKU ba="0,1" sc="211,-10,230,30,240,-10,309,-10" hai1="13,14,20,22,23,73,76,82,88,94,98,100,105" /><INIT seed="3,1,1,3,2,122" ten="201,260,230,299" oya="3" hai0="47,89,35,66,61,91,19,94,120,114,134,70,64" hai1="58,22,59,75,32,68,108,20,80,34,25,130,31" hai2="106,65,40,27,73,117,33,92,41,57,86,11,9" hai3="62,135,3,77,132,100,127,54,18,16,128,46,48"/><W30/><G3/><T82/><D120/><U104/><E104/><V43/><F117/><W72/><G100/><T102/><D35/><U23/><E68/><V90/><F106/><W74/><G128/><T45/><D114/><U29/><E130/><V17/><F73/><W113/><G113/><T123/><D123/><U79/><E108/><V85/><F85/><W111/><G111/><T56/><D134/><N who="3" m="51241" /><G127/><T37/><D37/><U6/><E6/><V63/><REACH who="2" step="1"/><F17/><REACH who="2" ten="201,260,220,299" step="2"/><N who="3" m="6763" /><G77/><T7/><D19/><U24/><AGARI ba="1,2" hai="20,22,23,24,25,29,31,32,34,58,59,75,79,80" machi="24" ten="30,2000,0" yaku="0,1,9,1" doraHai="122" who="1" fromWho="1" sc="201,-6,260,43,220,-6,299,-11" /><INIT seed="4,0,0,1,2,53" ten="195,303,214,288" oya="0" hai0="115,96,62,38,87,17,54,124,109,132,22,36,73" hai1="16,41,43,7,130,56,57,101,81,135,79,0,71" hai2="64,126,128,13,80,66,118,83,97,116,103,133,67" hai3="65,120,25,40,111,107,104,63,112,98,114,105,86"/><T82/><D73/><U28/><E71/><V89/><F126/><W49/><G111/><T24/><D124/><U58/><E135/><V106/><F133/><W85/><G120/><T95/><D132/><U31/><E130/><V78/><F128/><W60/><G98/><T44/><D109/><U32/><E32/><V18/><F89/><W122/><G122/><T110/><D110/><U119/><E119/><N who="2" m="45611" /><F78/><W14/><G14/><T100/><D115/><N who="3" m="44073" /><G25/><T6/><D6/><U34/><E34/><V94/><F106/><W4/><G4/><T91/><REACH who="0" step="1"/><D44/><REACH who="0" ten="185,303,214,288" step="2"/><U30/><E7/><V68/><F68/><N who="3" m="42023" /><G63/><T74/><D74/><U5/><E5/><V51/><F51/><W52/><G40/><T90/><D90/><U23/><E101/><V75/><F75/><W1/><G1/><T92/><D92/><U55/><E0/><V117/><F117/><W121/><G121/><T69/><D69/><U20/><E43/><V93/><F93/><W134/><G134/><T48/><D48/><U9/><E41/><V131/><F131/><W59/><AGARI ba="0,1" hai="49,52,59,85,86,104,105,107" m="42023,44073" machi="59" ten="40,5200,0" yaku="15,1,52,1,54,1" doraHai="53" who="3" fromWho="3" sc="185,-26,303,-13,214,-13,288,62" /><INIT seed="5,0,0,0,1,68" ten="159,290,201,350" oya="1" hai0="80,111,81,96,67,11,74,119,120,16,126,113,122" hai1="50,112,0,101,27,114,127,3,2,42,110,123,49" hai2="33,40,129,45,18,25,61,34,133,63,21,71,35" hai3="48,55,98,56,103,86,99,109,23,19,60,30,9"/><U87/><E123/><N who="0" m="47145" /><D67/><U6/><E127/><V13/><F133/><W66/><G109/><T85/><D126/><U29/><E110/><V53/><F129/><W14/><G86/><T58/><D111/><U31/><E101/><V93/><F93/><W97/><G30/><T15/><D119/><U41/><E87/><V118/><F118/><W69/><REACH who="3" step="1"/><G9/><REACH who="3" ten="159,290,201,340" step="2"/><N who="0" m="6255" /><D113/><U130/><E130/><V5/><F34/><W28/><G28/><T7/><D74/><U73/><E73/><V106/><F35/><W64/><G64/><T17/><D85/><U59/><E31/><V22/><F33/><W79/><G79/><T75/><D75/><U1/><E112/><V77/><F77/><W102/><AGARI ba="0,1" hai="14,19,23,48,55,56,60,66,69,97,98,99,102,103" machi="102" ten="30,2000,0" yaku="1,1,0,1,53,0" doraHai="68" doraHaiUra="90" who="3" fromWho="3" sc="159,-5,290,-10,201,-5,340,30" /><INIT seed="6,0,0,2,2,62" ten="154,280,196,370" oya="2" hai0="30,67,64,20,61,11,6,86,13,54,65,127,50" hai1="93,63,5,110,96,97,109,32,19,85,133,51,106" hai2="0,17,104,131,79,81,99,132,114,119,16,98,48" hai3="40,3,46,124,8,12,92,23,43,47,9,38,82"/><V73/><F119/><W100/><G124/><T39/><D39/><U115/><E32/><V77/><F114/><W72/><G23/><T102/><D127/><U95/><E5/><V66/><F0/><W2/><G100/><T118/><D118/><U76/><E51/><V125/><F125/><W4/><G92/><T10/><D102/><U53/><E19/><V22/><F132/><W33/><G33/><T89/><D11/><U57/><E115/><V26/><F131/><W75/><G82/><N who="0" m="49367" /><D20/><U116/><E116/><V120/><F120/><W80/><G80/><T71/><D71/><U69/><E69/><V59/><F79/><W113/><G113/><T129/><D129/><U91/><E133/><V103/><F99/><W14/><G4/><T78/><D78/><U25/><E106/><V18/><REACH who="2" step="1"/><F48/><REACH who="2" ten="154,280,186,370" step="2"/><W35/><G35/><T126/><D126/><U111/><E76/><V37/><F37/><AGARI ba="0,1" hai="2,3,8,9,12,14,37,38,40,43,46,47,72,75" machi="37" ten="25,1600,0" yaku="22,2" doraHai="62" who="3" fromWho="2" sc="154,0,280,0,186,-16,370,26" /><INIT seed="7,0,0,5,3,21" ten="154,280,170,396" oya="3" hai0="107,126,111,19,118,74,98,80,70,97,41,133,65" hai1="37,79,92,51,96,31,134,46,69,85,42,104,61" hai2="33,62,30,113,125,116,109,58,14,9,7,112,17" hai3="75,88,127,2,120,122,40,28,20,100,95,66,77"/><W83/><G2/><T24/><D111/><U12/><E104/><V34/><F109/><W4/><G4/><T106/><D41/><U3/><E3/><N who="2" m="255" /><F116/><W78/><G78/><N who="0" m="44119" /><D19/><U52/><E134/><V6/><F125/><W8/><G127/><T27/><D126/><U76/><E85/><V29/><F58/><W48/><G100/><N who="0" m="62735" /><D24/><U68/><E68/><V60/><F6/><W119/><G66/><T89/><D27/><U123/><E123/><V11/><F62/><W23/><G8/><T135/><D65/><U90/><E12/><V87/><F87/><W99/><G28/><N who="2" m="10857" /><F60/><W102/><G119/><T71/><D118/><U13/><E13/><V15/><F15/><W86/><G48/><T115/><D115/><AGARI ba="0,0" hai="11,14,17,33,34,112,113,115" m="10857,255" machi="115" ten="30,3900,0" yaku="15,1,34,2" doraHai="21" who="2" fromWho="0" sc="154,-39,280,0,170,39,396,0" owari="115,-38.0,280,8.0,209,-19.0,396,49.0" /></mjloggm>