<mjloggm ver="2.3"><GO type="225" lobby="0"/><UN n0="%E4%B8%87%E8%83%BD%E3%81%AD%E3%81%8E" n1="%E3%81%AF%E3%81%BF%E3%82%82%E3%82%93" n2="%48%65%61%72%E2%80%A0%73%31%38" n3="%E5%B0%B1%E6%B4%BB%E7%94%9F%40%E5%B7%9D%E6%9D%91%E8%BB%8D%E5%9B%A3" dan="16,18,16,17" rate="2089.93,2243.94,2175.92,2180.76" sx="M,M,F,M"/><TAIKYOKU oya="0"/><INIT seed="0,0,0,4,5,84" ten="250,250,250,250" oya="0" hai0="24,99,56,85,86,90,72,134,97,35,9,59,58" hai1="117,39,8,30,3,69,23,43,87,104,4,93,71" hai2="128,105,36,108,45,1,70,28,26,80,79,2,123" hai3="46,22,13,119,112,121,63,17,135,5,57,31,102"/><T67/><D72/><U107/><E117/><V120/><F105/><W92/><G119/><T106/><D106/><U21/><E69/><V11/><F70/><W65/><G112/><T113/><D113/><U127/><E71/><V130/><F108/><W124/><G135/><T50/><D86/><U133/><E23/><N who="2" m="15455" /><F36/><W25/><G124/><T103/><D134/><U109/><E109/><V42/><F42/><W48/><G121/><N who="2" m="46665" /><F45/><W83/><G5/><T131/><D103/><U75/><E75/><V91/><F91/><W60/><G60/><T15/><D131/><N who="2" m="50218" /><F11/><W115/><G115/><T29/><D67/><U51/><E39/><V77/><F77/><W20/><G83/><T62/><D62/><U74/><E104/><V132/><F132/><W37/><G37/><T82/><REACH who="0" step="1"/><D50/><REACH who="0" ten="240,250,250,250" step="2"/><U95/><E51/><V68/><F68/><W94/><REACH who="3" step="1"/><G102/><REACH who="3" ten="240,250,250,240" step="2"/><T101/><D101/><U55/><E133/><V12/><F80/><W18/><G18/><AGARI ba="0,2" hai="9,15,18,24,29,35,56,58,59,82,85,90,97,99" machi="18" ten="40,3900,0" yaku="1,1,52,1,53,0" doraHai="84" doraHaiUra="47" who="0" fromWho="3" sc="240,59,250,0,250,0,240,-39" /><INIT seed="0,1,0,0,4,128" ten="299,250,250,201" oya="0" hai0="122,13,58,79,40,81,61,101,114,90,3,59,95" hai1="44,4,54,60,124,120,83,135,109,19,21,103,57" hai2="23,85,127,36,80,89,76,112,49,5,116,67,74" hai3="84,41,32,107,62,28,30,37,96,104,16,99,6"/><T121/><D3/><U132/><E109/><V117/><F36/><W108/><G6/><T22/><D101/><U34/><E34/><V73/><F112/><W11/><G108/><T35/><D35/><U39/><E120/><V53/><F67/><W133/><G133/><N who="1" m="51274" /><E124/><V69/><F69/><W20/><G11/><T56/><D40/><N who="1" m="22559" /><E4/><V126/><F5/><W45/><G84/><N who="0" m="48191" /><D114/><U55/><E83/><V26/><F127/><W2/><G2/><T113/><D113/><U10/><E103/><V118/><F126/><W7/><G7/><T63/><D122/><U65/><E10/><V46/><REACH who="2" step="1"/><F76/><REACH who="2" ten="299,250,240,201" step="2"/><W125/><G125/><T129/><D121/><U48/><E48/><V27/><F27/><AGARI ba="1,1" hai="19,21,27,54,55,57,60,65" m="22559,51274" machi="27" ten="30,7700,0" yaku="20,1,52,3" doraHai="128" who="1" fromWho="2" sc="299,0,250,90,240,-80,201,0" /><INIT seed="1,0,0,5,4,101" ten="299,340,160,201" oya="1" hai0="53,116,29,23,98,30,36,41,124,14,12,59,75" hai1="3,17,74,40,108,51,128,45,61,54,103,52,4" hai2="133,62,8,20,109,93,68,28,42,2,72,110,99" hai3="16,1,11,18,123,82,24,69,37,81,10,84,129"/><U78/><E128/><V126/><F72/><W13/><G123/><T113/><D116/><U55/><E103/><V96/><F42/><W97/><G129/><T71/><D71/><U122/><E122/><V114/><F114/><W118/><G37/><T21/><D75/><U5/><E108/><N who="2" m="41579" /><F126/><W64/><G118/><T127/><D113/><U31/><E31/><N who="0" m="11785" /><D98/><U44/><E44/><V25/><F133/><W121/><G121/><T43/><D36/><U32/><E32/><V83/><F83/><W112/><G112/><T27/><D27/><U102/><E102/><V48/><F48/><W26/><G97/><T85/><D85/><U0/><E61/><V50/><F50/><W117/><G117/><T94/><D94/><U46/><E46/><V89/><F89/><BYE who="2" /><W57/><G69/><T15/><D59/><U65/><E78/><V111/><F111/><W130/><G130/><T79/><D79/><U125/><E125/><N who="0" m="48201" /><D53/><U90/><E74/><V39/><F39/><W49/><G82/><T56/><D56/><U34/><E90/><UN n2="%48%65%61%72%E2%80%A0%73%31%38" /><V131/><F131/><W105/><G84/><T100/><D100/><U38/><E38/><V19/><F93/><W106/><G81/><T87/><D87/><U76/><E76/><V95/><F95/><W88/><G88/><T66/><D66/><U132/><E65/><N who="2" m="41015" /><F28/><W107/><G64/><T67/><D67/><U22/><E54/><V134/><F134/><W70/><G70/><T6/><D6/><AGARI ba="0,0" hai="2,6,8,19,20,25,96,99" m="41015,41579" machi="6" ten="30,1000,0" yaku="14,1" doraHai="101" who="2" fromWho="0" sc="299,-10,340,0,160,10,201,0" /><INIT seed="2,0,0,0,1,76" ten="289,340,170,201" oya="2" hai0="2,16,45,33,4,24,87,98,110,135,126,90,72" hai1="95,36,44,47,121,19,127,18,58,69,17,86,8" hai2="6,61,42,63,102,70,68,41,29,38,55,3,122" hai3="43,57,0,104,113,82,71,94,124,50,120,79,109"/><V31/><F122/><W46/><G104/><T91/><D72/><U88/><E69/><V25/><F102/><W112/><G71/><T84/><D110/><U65/><E127/><V56/><F3/><W115/><G109/><T85/><D126/><U5/><E36/><V37/><F6/><W118/><G124/><T14/><D4/><U99/><E121/><V67/><F70/><W27/><G0/><T130/><D2/><U100/><E58/><V21/><REACH who="2" step="1"/><F31/><REACH who="2" ten="289,340,160,201" step="2"/><W10/><G120/><T9/><D130/><U81/><E5/><V28/><F28/><W133/><G133/><T52/><D135/><U77/><E100/><V80/><F80/><W59/><G118/><T40/><D33/><U116/><E116/><V106/><F106/><W119/><G119/><T11/><D11/><U114/><E8/><V74/><F74/><W12/><G94/><T111/><D9/><U131/><E95/><V103/><F103/><W125/><G125/><T34/><D34/><U117/><E81/><V51/><F51/><W13/><G27/><T35/><D24/><U53/><E117/><V32/><F32/><W73/><G13/><T107/><D14/><U96/><E131/><V15/><F15/><W64/><G64/><T93/><D35/><U54/><E65/><V78/><F78/><W62/><G62/><T89/><D107/><U66/><E77/><V22/><F22/><W129/><G129/><T26/><D26/><U101/><E101/><V7/><F7/><AGARI ba="0,1" hai="7,10,12,43,46,50,57,59,73,79,82,112,113,115" machi="7" ten="40,2600,0" yaku="11,1,52,1" doraHai="76" who="3" fromWho="2" sc="289,0,340,0,160,-26,201,36" /><INIT seed="3,0,0,0,5,46" ten="289,340,134,237" oya="3" hai0="113,73,16,70,60,129,80,55,104,27,22,33,64" hai1="26,122,76,130,43,0,123,69,100,110,72,63,109" hai2="1,92,65,66,14,86,106,126,118,91,58,59,11" hai3="8,29,48,84,30,134,10,135,78,34,74,4,13"/><W20/><G74/><T81/><D129/><U41/><E130/><V77/><F1/><W82/><G34/><T54/><D104/><U133/><E0/><V112/><F106/><W98/><G10/><T51/><D54/><U108/><E100/><V49/><F112/><W57/><G98/><T7/><D113/><U18/><E133/><N who="3" m="50698" /><G20/><T127/><D127/><U6/><E6/><V95/><F126/><W105/><G105/><T79/><D33/><U75/><E18/><V83/><F95/><W107/><G107/><T39/><D39/><U36/><E26/><V132/><F118/><W15/><G15/><T62/><D62/><U116/><E116/><V37/><F37/><W21/><G21/><T96/><D96/><U93/><E93/><V17/><F132/><W5/><G5/><T9/><D79/><U28/><E28/><V23/><F11/><W102/><G102/><T56/><REACH who="0" step="1"/><D73/><REACH who="0" ten="279,340,134,237" step="2"/><N who="1" m="28235" /><E36/><V117/><F117/><W103/><G103/><T114/><D114/><U40/><E76/><V88/><F91/><W25/><G25/><T124/><D124/><U44/><E109/><V12/><F12/><AGARI ba="0,1" hai="7,9,12,16,22,27,51,55,56,60,64,70,80,81" machi="12" ten="30,7700,0" yaku="1,1,7,1,52,1,54,1,53,0" doraHai="46" doraHaiUra="120" who="0" fromWho="2" sc="279,87,340,0,134,-77,237,0" owari="366,46.0,340,14.0,57,-44.0,237,-16.0" /></mjloggm>