<mjloggm ver="2.3"><GO type="169" lobby="0"/><UN n0="%E8%90%8C%E3%81%88%E3%81%AE%E7%A5%9E" n1="%E5%B0%B1%E6%B4%BB%E7%94%9F%40%E5%B7%9D%E6%9D%91%E8%BB%8D%E5%9B%A3" n2="%E3%82%AB%E3%83%B3%E3%83%80%E3%82%BF" n3="%E3%81%87%E3%82%8B%E3%81%87%E3%82%8B" dan="16,17,17,16" rate="2139.54,2188.56,2162.79,2019.71" sx="F,M,M,F"/><TAIKYOKU oya="0"/><INIT seed="0,0,0,0,5,94" ten="250,250,250,250" oya="0" hai0="91,73,30,105,63,37,15,0,4,95,132,76,135" hai1="96,22,29,121,33,112,113,88,92,101,80,129,104" hai2="53,23,27,93,74,17,56,61,86,90,28,114,32" hai3="134,52,67,10,6,133,12,13,115,79,31,127,130"/><T44/><D105/><U21/><E121/><V11/><F74/><W43/><G115/><N who="1" m="44106" /><E129/><V35/><F114/><W131/><G43/><N who="0" m="22639" /><D15/><U41/><E41/><V78/><F78/><W98/><G67/><T102/><D102/><U62/><E62/><V39/><F39/><W124/><G31/><T71/><D30/><U128/><E128/><N who="3" m="49194" /><G79/><T120/><D120/><U116/><E116/><V82/><F11/><N who="3" m="4215" /><G98/><N who="0" m="57727" /><D63/><U24/><E80/><V84/><F84/><AGARI ba="0,0" hai="21,22,24,29,33,84,88,92,96,101,104" m="44106" machi="84" ten="30,3900,0" yaku="11,1,52,1,54,1" doraHai="94" who="1" fromWho="2" sc="250,0,250,39,250,-39,250,0" /><INIT seed="1,0,0,3,4,69" ten="250,289,211,250" oya="1" hai0="36,71,5,23,16,55,10,3,132,44,58,42,109" hai1="24,2,20,82,43,78,9,0,90,131,7,80,46" hai2="105,63,17,26,19,98,35,88,11,29,112,15,94" hai3="14,45,113,56,102,125,77,81,87,37,50,22,100"/><U117/><E117/><V119/><F119/><W57/><G113/><T123/><D109/><U21/><E131/><V52/><F112/><W61/><G125/><T70/><D132/><U116/><E116/><V33/><F105/><W32/><G32/><T104/><D104/><U110/><E110/><V92/><F92/><W12/><G37/><T128/><D128/><U4/><E4/><V85/><F85/><W129/><G129/><T13/><REACH who="0" step="1"/><D123/><REACH who="0" ten="240,289,211,250" step="2"/><U135/><E135/><V101/><F101/><N who="3" m="39019" /><G22/><T72/><D72/><U62/><E90/><V86/><F98/><W79/><G79/><T93/><D93/><U40/><E80/><V68/><F35/><W74/><G74/><T53/><D53/><U18/><E82/><V83/><F83/><W25/><G77/><T97/><D97/><U66/><E78/><V106/><F106/><W84/><G81/><T1/><D1/><U114/><E114/><V41/><F41/><W89/><G84/><T30/><D30/><U126/><E2/><V54/><REACH who="2" step="1"/><F19/><REACH who="2" ten="240,289,201,250" step="2"/><W8/><G87/><T120/><D120/><U95/><E95/><V130/><F130/><W133/><G133/><T134/><D134/><U118/><E118/><V31/><F31/><W108/><G108/><T34/><D34/><U6/><E126/><V51/><F51/><AGARI ba="0,2" hai="3,5,10,13,16,23,36,42,44,51,55,58,70,71" machi="51" ten="30,7700,0" yaku="1,1,7,1,52,1,54,1,53,0" doraHai="69" doraHaiUra="122" who="0" fromWho="2" sc="240,97,289,0,201,-77,250,0" /><INIT seed="2,0,0,1,4,33" ten="337,289,124,250" oya="2" hai0="37,64,34,19,6,10,32,70,28,135,123,101,103" hai1="74,95,31,29,55,100,12,41,56,116,61,134,93" hai2="76,42,25,3,131,112,71,84,11,126,121,132,38" hai3="98,21,39,58,108,54,30,83,104,62,118,105,16"/><V67/><F121/><W36/><G118/><T5/><D123/><U86/><E74/><V79/><F112/><W52/><G108/><T127/><D37/><U46/><E116/><V44/><F126/><W14/><G30/><T9/><D64/><U73/><E73/><V88/><F131/><W66/><G83/><T90/><D70/><U27/><E134/><V68/><F25/><W113/><G113/><T49/><D90/><U119/><E119/><V78/><F67/><W24/><G24/><T1/><D49/><U82/><E12/><V102/><F102/><W110/><G110/><T63/><D63/><U26/><E100/><V15/><F132/><W128/><G128/><T96/><D135/><U80/><E41/><V81/><REACH who="2" step="1"/><F3/><REACH who="2" ten="337,289,114,250" step="2"/><W7/><G66/><T18/><D127/><U47/><E27/><V89/><F89/><W8/><G105/><T117/><D117/><U48/><E26/><V94/><F94/><W77/><G104/><T60/><D28/><U99/><E93/><V122/><F122/><W107/><G107/><T115/><D115/><U2/><E95/><V120/><F120/><W85/><G14/><T133/><D133/><U69/><E2/><V130/><F130/><W35/><G35/><T43/><D1/><U40/><E31/><V91/><F91/><W114/><G114/><T50/><D34/><U45/><E29/><V51/><F51/><W53/><G36/><T0/><D32/><U106/><E106/><V57/><F57/><W87/><G39/><T124/><D124/><U20/><E80/><V129/><F129/><W4/><G58/><RYUUKYOKU ba="0,1" sc="337,-10,289,-10,114,30,250,-10" hai2="11,15,38,42,44,68,71,76,78,79,81,84,88" /><INIT seed="2,1,1,2,4,86" ten="327,279,144,240" oya="2" hai0="65,118,17,62,90,80,37,127,111,9,126,72,100" hai1="4,54,38,8,113,42,82,0,26,7,134,12,50" hai2="19,96,28,84,115,95,49,74,69,120,89,73,43" hai3="3,64,112,76,29,15,71,99,10,107,81,5,68"/><V135/><F120/><W130/><G130/><T117/><D37/><U31/><E113/><V98/><F115/><W53/><G112/><T66/><D100/><U11/><E134/><V63/><F135/><W57/><G29/><T14/><D111/><U16/><E82/><V6/><F28/><W59/><G64/><T83/><D65/><U119/><E119/><N who="0" m="45577" /><D72/><U75/><E75/><V110/><F6/><W44/><G44/><T1/><D1/><U58/><E38/><V79/><F110/><W40/><G40/><T13/><D13/><U25/><E42/><V23/><F74/><W125/><G125/><N who="0" m="47627" /><D90/><U39/><E39/><V78/><F69/><AGARI ba="1,1" hai="9,14,17,62,66,69,80,83" m="47627,45577" machi="69" ten="30,2000,0" yaku="12,1,18,1" doraHai="86" who="0" fromWho="2" sc="327,33,279,0,144,-23,240,0" /><INIT seed="3,0,0,3,2,123" ten="360,279,121,240" oya="3" hai0="3,22,118,14,67,41,115,36,52,114,65,112,122" hai1="113,37,21,32,12,9,18,133,55,92,76,130,68" hai2="0,108,77,85,33,45,90,56,101,119,121,78,2" hai3="43,51,46,39,131,125,4,19,15,71,106,134,111"/><W10/><G106/><T44/><D122/><U107/><E107/><V94/><F121/><W40/><G71/><T42/><D3/><U72/><E68/><V109/><F33/><W5/><G134/><T49/><D14/><U75/><E37/><V24/><F119/><W88/><G131/><T29/><D22/><U126/><E32/><V34/><F101/><W95/><G125/><T48/><D29/><U30/><E113/><V60/><F45/><W70/><G70/><T80/><D80/><U38/><E38/><V87/><F34/><W129/><G129/><T89/><D89/><U128/><E133/><V127/><F24/><W116/><G116/><T104/><D104/><U98/><E126/><V82/><F78/><W64/><G64/><T59/><D118/><U54/><E76/><V103/><F103/><W97/><G39/><T74/><D74/><U53/><E75/><V81/><F94/><W120/><G120/><T102/><D102/><U105/><E105/><V23/><F23/><W61/><G61/><T11/><D11/><U93/><E72/><V132/><F132/><W26/><G43/><T135/><D135/><U8/><E93/><V25/><F25/><W96/><G96/><T62/><D41/><U28/><E128/><V117/><F117/><W35/><G35/><T91/><D91/><N who="1" m="55583" /><E130/><V63/><F127/><W1/><G26/><T79/><D79/><U17/><E9/><V66/><REACH who="2" step="1"/><F63/><REACH who="2" ten="360,279,111,240" step="2"/><W31/><G95/><T84/><D36/><U83/><E83/><V86/><F86/><W58/><G46/><N who="0" m="25687" /><D84/><U47/><E47/><V13/><F13/><AGARI ba="0,1" hai="8,12,13,17,18,21,28,30,53,54,55" m="55583" machi="13" ten="30,2000,0" yaku="6,1,8,1" doraHai="123" who="1" fromWho="2" sc="360,0,279,30,111,-20,240,0" /><INIT seed="4,0,0,2,4,100" ten="360,309,91,240" oya="0" hai0="48,89,88,17,75,14,84,99,9,119,37,52,74" hai1="111,72,98,54,83,116,19,125,10,43,16,3,69" hai2="4,63,7,41,106,117,50,12,5,115,129,11,123" hai3="22,60,49,32,86,103,97,34,85,93,105,55,62"/><T67/><D119/><U29/><E69/><V66/><F123/><W25/><G32/><T35/><D37/><U124/><E116/><V0/><F117/><W46/><G34/><T77/><D35/><U71/><E111/><V73/><F129/><W30/><G105/><T79/><D67/><U112/><E71/><V91/><F115/><W21/><G21/><T101/><D75/><U131/><E43/><V107/><F73/><W92/><G92/><N who="0" m="58599" /><D74/><U134/><E134/><V133/><F133/><W47/><G47/><N who="0" m="27679" /><D89/><U80/><E112/><V13/><F91/><W58/><REACH who="3" step="1"/><G62/><REACH who="3" ten="360,309,91,230" step="2"/><T53/><D53/><AGARI ba="0,1" hai="22,25,30,46,49,53,55,58,60,85,86,93,97,103" machi="53" ten="30,8000,1" yaku="1,1,2,1,7,1,8,1,53,1" doraHai="100" doraHaiUra="94" who="3" fromWho="0" sc="360,-80,309,0,91,0,230,90" /><INIT seed="5,0,0,5,5,73" ten="280,309,91,320" oya="1" hai0="133,125,100,57,20,78,5,42,50,52,21,49,106" hai1="29,97,72,14,56,122,88,26,124,77,121,43,62" hai2="83,115,25,108,61,81,18,65,67,76,32,130,11" hai3="41,22,84,69,13,38,94,112,45,111,30,75,7"/><U86/><E124/><V131/><F108/><W17/><G75/><T23/><D125/><U134/><E134/><V66/><F115/><W96/><G111/><T128/><D128/><U1/><E1/><V90/><F90/><W102/><G69/><T80/><D133/><U135/><E135/><V9/><F61/><W16/><G112/><T8/><D106/><U46/><E14/><V107/><F107/><W10/><G84/><N who="0" m="48151" /><D100/><U68/><E68/><V39/><F39/><W70/><G70/><T31/><D31/><U3/><E3/><V19/><F32/><W85/><G85/><T58/><D8/><N who="2" m="3146" /><F25/><W103/><G103/><T95/><D5/><U114/><E97/><V36/><F36/><W4/><G4/><T127/><D127/><U15/><E114/><V40/><F40/><W27/><AGARI ba="0,0" hai="7,10,13,16,17,22,27,30,38,41,45,94,96,102" machi="27" ten="30,2000,0" yaku="0,1,54,1" doraHai="73" who="3" fromWho="3" sc="280,-5,309,-10,91,-5,320,20" /><INIT seed="6,0,0,1,5,36" ten="275,299,86,340" oya="2" hai0="78,114,108,56,124,32,18,101,38,90,96,87,98" hai1="31,57,51,86,85,28,94,48,132,134,40,119,58" hai2="89,72,44,103,29,110,0,24,129,77,7,34,81" hai3="43,27,116,107,111,88,115,97,4,122,67,80,41"/><V68/><F129/><W65/><G122/><T15/><D108/><U82/><E94/><V73/><F110/><W10/><G111/><T35/><D38/><U1/><E1/><V55/><F68/><W112/><G116/><T11/><D114/><N who="3" m="43561" /><G27/><T3/><D3/><U104/><E104/><V131/><F131/><W21/><G21/><T61/><D124/><U17/><E17/><V53/><F103/><N who="3" m="62959" /><G80/><T71/><D71/><U106/><E106/><V127/><F127/><W33/><G33/><T6/><D78/><U76/><E82/><V83/><F44/><W30/><G88/><T64/><D101/><U54/><E76/><V23/><F34/><W12/><G30/><T22/><D35/><U59/><E119/><V118/><F118/><W45/><G43/><T39/><D32/><U69/><E40/><V14/><F0/><W2/><G12/><T70/><D39/><AGARI ba="0,0" hai="2,4,10,39,41,45,65,67" m="62959,43561" machi="39" ten="30,3900,0" yaku="15,1,11,1,52,1" doraHai="36" who="3" fromWho="0" sc="275,-39,299,0,86,0,340,39" /><INIT seed="7,0,0,2,1,26" ten="236,299,86,379" oya="3" hai0="74,98,109,118,6,115,19,62,130,66,112,117,3" hai1="135,27,83,122,94,0,51,7,75,21,10,54,77" hai2="100,17,28,114,34,88,95,20,125,8,56,97,123" hai3="9,127,69,134,30,103,52,89,80,104,31,24,102"/><W129/><G69/><T72/><D109/><U59/><E135/><V99/><F123/><W53/><G134/><T40/><D40/><U81/><E122/><V63/><F125/><W25/><G127/><T70/><D19/><U39/><E39/><V2/><F114/><N who="0" m="43562" /><D130/><U38/><E38/><V124/><F124/><W36/><G36/><T35/><D35/><U60/><E94/><V105/><F2/><W79/><G129/><T47/><D47/><U111/><E111/><V4/><F4/><W121/><G121/><T67/><D67/><U23/><E81/><V45/><F45/><W43/><G43/><T131/><D131/><U64/><E27/><V92/><F105/><W58/><G104/><T11/><D98/><U71/><AGARI ba="0,0" hai="0,7,10,21,23,51,54,59,60,64,71,75,77,83" machi="71" ten="20,1500,0" yaku="0,1,7,1" doraHai="26" who="1" fromWho="1" sc="236,-4,299,15,86,-4,379,-7" owari="232,-17.0,314,11.0,82,-42.0,372,48.0" /></mjloggm>