<mjloggm ver="2.3"><GO type="233" lobby="0"/><UN n0="%E2%98%86%E3%82%92%E3%82%8F%E3%82%93%E2%98%86" n1="%E7%A0%B4%E7%89%87" n2="%E3%82%A6%E3%83%AB%E3%83%88%E3%83%A9%E7%AB%8B%E7%9B%B4" n3="%6E%61%6B%61%6A%75%75%6E" dan="16,16,18,17" rate="2094.34,2067.11,2234.09,2149.88" sx="M,M,M,M"/><TAIKYOKU oya="0"/><INIT seed="0,0,0,4,0,44" ten="250,250,250,250" oya="0" hai0="125,15,133,38,72,5,87,84,32,124,77,35,102" hai1="47,90,118,97,3,130,65,134,101,25,31,76,1" hai2="112,58,48,91,96,86,20,73,106,46,69,93,16" hai3="49,34,56,57,33,29,123,104,111,88,53,131,7"/><T63/><D38/><U54/><E118/><V81/><F69/><W9/><G104/><T18/><D5/><U116/><E116/><V127/><F112/><W103/><G103/><T36/><D36/><U17/><E134/><V27/><F127/><N who="0" m="48714" /><D102/><U121/><E121/><V8/><F106/><W11/><G123/><T23/><D133/><U83/><E130/><V66/><F73/><W19/><G111/><T28/><D63/><U117/><E117/><V55/><F8/><W14/><G131/><T24/><D35/><U26/><E90/><V4/><F4/><W51/><G29/><T13/><D13/><U126/><E126/><V59/><REACH who="2" step="1"/><F66/><REACH who="2" ten="250,250,240,250" step="2"/><W40/><G9/><T85/><D72/><U98/><E65/><V75/><F75/><W129/><G129/><T100/><D100/><AGARI ba="0,1" hai="16,20,27,46,48,55,58,59,81,86,91,93,96,100" machi="100" ten="30,8000,1" yaku="1,1,7,1,8,1,52,1,54,1,53,0" doraHai="44" doraHaiUra="39" who="2" fromWho="0" sc="250,-80,250,0,240,90,250,0" /><INIT seed="1,0,0,3,2,91" ten="170,250,330,250" oya="1" hai0="15,131,41,11,130,19,58,12,31,107,83,87,98" hai1="30,1,99,38,61,16,72,37,3,76,132,121,66" hai2="62,69,108,119,129,21,55,92,123,28,42,79,33" hai3="6,111,60,59,105,7,27,126,133,14,114,117,24"/><U77/><E121/><V135/><F33/><W48/><G105/><T56/><D31/><U50/><E132/><V0/><F0/><W89/><G114/><T17/><D41/><U106/><E30/><V68/><F123/><W32/><G133/><T96/><D107/><U84/><E72/><V103/><F119/><W94/><G117/><T39/><D39/><U82/><E77/><V64/><F135/><W127/><G111/><T80/><D87/><U67/><E67/><V5/><F5/><N who="3" m="1547" /><G48/><T20/><D20/><U13/><E50/><V51/><F42/><W85/><G14/><T34/><REACH who="0" step="1"/><D11/><REACH who="0" ten="160,250,330,250" step="2"/><U54/><E37/><V43/><F21/><W109/><G32/><AGARI ba="0,1" hai="12,15,17,19,32,34,56,58,80,83,96,98,130,131" machi="32" ten="25,6400,0" yaku="1,1,2,1,22,2,53,0" doraHai="91" doraHaiUra="134" who="0" fromWho="3" sc="160,74,250,0,330,0,250,-64" /><INIT seed="2,0,0,0,3,50" ten="234,250,330,186" oya="2" hai0="24,33,84,20,72,31,115,6,11,18,99,135,129" hai1="103,14,101,105,132,108,82,54,114,25,126,12,110" hai2="39,122,76,111,52,32,78,58,27,119,17,23,118" hai3="85,124,89,97,36,19,0,100,68,42,125,74,92"/><V131/><F39/><W49/><G68/><T21/><D72/><U109/><E114/><V104/><F104/><W2/><G36/><T98/><D115/><U121/><E132/><V26/><F122/><W96/><G74/><T45/><D129/><U29/><E126/><N who="3" m="48746" /><G19/><T44/><D135/><U35/><E121/><V46/><F46/><N who="3" m="25815" /><G97/><T120/><D120/><U5/><E82/><AGARI ba="0,0" hai="0,2,82,85,89,92,96,100" m="25815,48746" machi="82" ten="30,1000,0" yaku="18,1" doraHai="50" who="3" fromWho="1" sc="234,0,250,-10,330,0,186,10" /><INIT seed="3,0,0,4,2,53" ten="234,240,330,196" oya="3" hai0="46,83,115,23,42,129,99,29,135,122,66,77,97" hai1="87,130,91,0,55,35,73,10,93,28,117,52,12" hai2="114,120,65,61,90,16,70,81,71,43,41,124,111" hai3="9,98,104,21,79,63,69,25,88,59,89,47,45"/><W109/><G69/><T119/><D122/><U126/><E126/><V38/><F114/><W34/><G34/><T3/><D119/><U78/><E130/><V106/><F106/><W102/><G109/><T131/><D3/><U113/><E113/><V26/><F124/><W76/><G9/><T54/><D115/><U108/><E108/><V51/><F111/><W11/><G11/><T58/><D66/><U107/><E107/><V75/><F38/><W112/><G112/><T123/><D135/><U40/><E40/><V86/><F71/><W37/><G37/><T67/><D67/><U8/><E0/><V64/><F64/><N who="3" m="39039" /><G104/><T127/><D127/><U6/><E117/><V2/><F2/><W118/><G102/><T18/><D29/><U105/><E105/><V103/><F103/><W49/><G118/><T57/><D123/><U134/><E134/><V33/><F75/><W19/><G47/><T132/><D132/><U14/><E78/><N who="3" m="29738" /><G98/><N who="0" m="37387" /><D42/><AGARI ba="0,0" hai="19,21,25,42,45,49,88,89" m="29738,39039" machi="42" ten="30,5800,0" yaku="8,1,52,1,54,1" doraHai="53" who="3" fromWho="0" sc="234,-58,240,0,330,0,196,58" /><INIT seed="3,1,0,5,3,82" ten="176,240,330,254" oya="3" hai0="80,77,62,126,16,66,58,73,102,14,131,15,93" hai1="91,79,18,120,88,35,5,57,4,50,34,53,107" hai2="48,114,95,10,84,37,103,92,78,74,67,130,104" hai3="125,70,63,52,90,1,134,20,133,27,86,111,29"/><W96/><G1/><T31/><D131/><U54/><E120/><V100/><F37/><W13/><G125/><T49/><D126/><U89/><E107/><V106/><F67/><W94/><G111/><T3/><D3/><U118/><E118/><V99/><F48/><W135/><G13/><T60/><D31/><U101/><E101/><N who="2" m="60671" /><F10/><W127/><G127/><T76/><D77/><U33/><E79/><V68/><F68/><W119/><G119/><T22/><D49/><U12/><REACH who="1" step="1"/><E54/><REACH who="1" ten="176,230,330,254" step="2"/><V17/><F114/><W129/><G129/><T81/><D76/><U8/><AGARI ba="1,1" hai="4,5,8,12,18,33,34,35,50,53,57,88,89,91" machi="8" ten="40,8000,1" yaku="1,1,2,1,0,1,54,1,53,0" doraHai="82" doraHaiUra="109" who="1" fromWho="1" sc="176,-21,230,93,330,-21,254,-41" /><INIT seed="4,0,0,2,5,10" ten="155,323,309,213" oya="0" hai0="85,45,64,7,81,134,94,96,20,70,14,97,79" hai1="6,48,88,89,75,77,127,115,16,65,50,1,55" hai2="44,27,83,103,21,74,131,0,26,126,58,63,106" hai3="42,25,8,40,135,31,39,108,123,61,93,125,23"/><T15/><D134/><U67/><E127/><V53/><F0/><W9/><G108/><T60/><D45/><U11/><E115/><V32/><F32/><W38/><G125/><T57/><D70/><U47/><E77/><V37/><F126/><W120/><G135/><T132/><D132/><U110/><E75/><V24/><F131/><W95/><G61/><T29/><D7/><U107/><E107/><V71/><F71/><W109/><G109/><T35/><D35/><U104/><E104/><V90/><F103/><W46/><G93/><T52/><D64/><U80/><E110/><V49/><F106/><W76/><G95/><T72/><D72/><U36/><E36/><V30/><F37/><W5/><G76/><T2/><D2/><U121/><E121/><N who="3" m="46666" /><G5/><T56/><D56/><U43/><E16/><V41/><F74/><W114/><G114/><T101/><D97/><U33/><E33/><V62/><F62/><W69/><G69/><T59/><D59/><U111/><E111/><V133/><F133/><W28/><G28/><T19/><D29/><U128/><E128/><V3/><F3/><W87/><G87/><AGARI ba="0,0" hai="21,24,26,27,30,41,44,49,53,58,63,83,87,90" machi="87" ten="40,1300,0" yaku="8,1" doraHai="10" who="2" fromWho="3" sc="155,0,323,0,309,13,213,-13" /><INIT seed="5,0,0,0,3,131" ten="155,323,322,200" oya="1" hai0="135,98,125,58,34,94,112,108,120,29,63,81,10" hai1="122,93,53,102,124,7,129,79,61,74,73,89,35" hai2="19,130,15,44,88,41,99,113,114,48,39,22,110" hai3="54,107,37,133,14,72,96,87,56,4,11,91,78"/><U40/><E122/><V117/><F117/><W0/><G37/><T43/><D108/><U1/><E35/><V76/><F76/><W92/><G0/><T132/><D112/><N who="2" m="43114" /><F130/><W60/><G133/><N who="0" m="51275" /><D125/><U30/><E124/><V33/><F33/><W62/><G72/><T24/><D120/><U32/><E129/><V85/><F99/><W104/><G104/><T115/><D115/><U71/><E40/><V105/><F105/><W68/><G68/><T45/><D10/><U128/><E102/><V82/><F39/><W118/><G118/><T36/><D81/><U106/><E106/><V123/><F123/><W18/><G107/><T134/><N who="0" m="51283" /><T47/><DORA hai="84" /><D43/><U8/><E128/><V27/><F27/><W109/><G109/><AGARI ba="0,0" hai="15,19,22,41,44,48,82,85,88,109,110" m="43114" machi="109" ten="30,7700,0" yaku="15,1,11,1,52,1,54,1" doraHai="131,84" who="2" fromWho="3" sc="155,0,323,0,322,77,200,-77" /><INIT seed="6,0,0,3,0,95" ten="155,323,399,123" oya="2" hai0="94,116,35,64,128,118,9,7,15,5,80,70,119" hai1="131,57,53,122,69,81,22,41,59,32,48,46,25" hai2="102,121,126,93,125,100,104,90,76,99,114,77,91" hai3="1,72,13,85,109,87,108,71,21,97,63,135,40"/><V43/><F43/><W4/><G1/><T117/><D35/><U17/><E131/><V19/><F19/><W86/><G72/><T130/><D80/><U55/><E122/><V47/><F47/><W38/><G135/><T18/><N who="0" m="29696" /><DORA hai="120" /><T132/><D132/><U88/><E69/><V12/><F12/><W101/><G40/><T24/><D64/><U20/><E32/><V50/><F50/><W92/><G38/><T51/><D70/><U42/><E22/><V45/><F45/><W2/><G2/><T37/><D37/><U27/><E27/><V6/><F6/><N who="0" m="2058" /><D51/><U110/><E110/><V89/><F121/><W31/><G4/><T75/><D75/><U29/><E29/><V106/><F114/><W98/><G98/><T30/><D94/><U39/><E42/><V129/><F129/><N who="0" m="49770" /><D24/><U66/><E66/><V10/><F93/><W60/><G71/><T28/><AGARI ba="0,0" hai="9,15,18,28,30" m="49770,2058,29696" machi="28" ten="70,8000,1" yaku="12,1,19,1,34,2" doraHai="95,120" who="0" fromWho="0" sc="155,80,323,-20,399,-40,123,-20" /><INIT seed="7,0,0,1,2,85" ten="235,303,359,103" oya="3" hai0="90,8,117,22,5,52,49,51,133,110,9,28,62" hai1="101,64,18,74,131,10,58,59,98,104,70,115,118" hai2="100,14,119,55,88,0,106,45,93,47,12,96,54" hai3="124,103,107,77,116,111,122,86,99,37,95,3,6"/><W92/><G122/><T35/><D35/><U36/><E36/><V13/><F0/><W84/><G37/><T73/><D73/><U105/><E105/><V130/><F119/><W7/><G116/><T123/><D123/><U16/><E74/><V97/><F130/><W43/><G43/><T80/><D133/><U31/><E31/><V56/><REACH who="2" step="1"/><F55/><REACH who="2" ten="235,303,349,103" step="2"/><W26/><G111/><T48/><D110/><U32/><E131/><V11/><F11/><W87/><G124/><T30/><D117/><U2/><E118/><V38/><F38/><W1/><G77/><T135/><D135/><U33/><E10/><V126/><F126/><W68/><G68/><T57/><D22/><U4/><E115/><V129/><F129/><W71/><G71/><T127/><D127/><U60/><E2/><V112/><F112/><W72/><G72/><T65/><D65/><U91/><E4/><V17/><F17/><W94/><G26/><T67/><D67/><U61/><E70/><V63/><AGARI ba="0,1" hai="12,13,14,45,47,54,56,63,88,93,96,97,100,106" machi="63" ten="30,7900,0" yaku="1,1,0,1,52,1,54,1,53,0" doraHai="85" doraHaiUra="113" who="2" fromWho="2" sc="235,-20,303,-20,349,89,103,-39" owari="215,-18.0,283,8.0,438,54.0,64,-44.0" /></mjloggm>