<mjloggm ver="2.3"><GO type="169" lobby="0"/><UN n0="%CE%BC%E3%81%97%E3%82%82%E3%81%A7" n1="%E3%82%A6%E3%83%AB%E3%83%88%E3%83%A9%E7%AB%8B%E7%9B%B4" n2="%EF%BC%88%C2%B4%E3%83%BB%CF%89%E3%83%BB%EF%BD%80%2A%EF%BC%89" n3="%61%71%75%61%72%69%75%73" dan="16,17,16,16" rate="2118.50,2154.39,2013.58,2108.96" sx="M,M,M,M"/><TAIKYOKU oya="0"/><INIT seed="0,0,0,1,5,127" ten="250,250,250,250" oya="0" hai0="12,59,10,112,108,23,19,79,64,26,24,105,90" hai1="120,123,92,6,30,56,85,84,11,111,51,82,20" hai2="49,89,116,135,2,67,95,17,77,15,115,31,126" hai3="101,81,32,4,83,63,14,78,5,128,58,60,50"/><T28/><D105/><U86/><E111/><V70/><F115/><W0/><G32/><T75/><D108/><U13/><E92/><V69/><F2/><W33/><G33/><T45/><D112/><U21/><E123/><V109/><F109/><W38/><G38/><T134/><D75/><U72/><E120/><V43/><F126/><W54/><G0/><T94/><D79/><U61/><E72/><V1/><F1/><W121/><G101/><T125/><D125/><U103/><E103/><V46/><F116/><W99/><G99/><T87/><D134/><U37/><E37/><V130/><F135/><W25/><G25/><N who="0" m="16447" /><D45/><U40/><E82/><V91/><F77/><W53/><G78/><T22/><D10/><U113/><E113/><V16/><F31/><W9/><G121/><T110/><D110/><U27/><E21/><V68/><F67/><W39/><G39/><T74/><D74/><U132/><E132/><V3/><F3/><W7/><G63/><AGARI ba="0,0" hai="12,19,22,24,26,59,63,64,87,90,94" m="16447" machi="63" ten="30,1500,0" yaku="8,1" doraHai="127" who="0" fromWho="3" sc="250,15,250,0,250,0,250,-15" /><INIT seed="0,1,0,5,1,17" ten="265,250,250,235" oya="0" hai0="21,27,41,5,7,15,64,58,66,98,96,133,111" hai1="52,72,135,103,120,101,110,90,128,71,60,123,80" hai2="22,48,9,19,23,108,92,42,97,62,10,46,88" hai3="115,77,1,76,26,35,43,3,89,122,32,4,57"/><T54/><D133/><U116/><E116/><V114/><F114/><W36/><G57/><T12/><D111/><U29/><E110/><V83/><F108/><W113/><G26/><T126/><D126/><U8/><E80/><V127/><F127/><W50/><G50/><T74/><D74/><U45/><E90/><V81/><F62/><W67/><G67/><N who="0" m="25643" /><D41/><U107/><E8/><N who="2" m="3179" /><F22/><W82/><G43/><T65/><D65/><U28/><E60/><V119/><F119/><W24/><G24/><AGARI ba="1,0" hai="19,23,24,42,46,48,81,83,88,92,97" m="3179" machi="24" ten="30,3900,0" yaku="8,1,52,1,54,1" doraHai="17" who="2" fromWho="3" sc="265,0,250,0,250,42,235,-42" /><INIT seed="1,0,0,5,4,129" ten="265,250,292,193" oya="1" hai0="8,20,32,26,93,108,31,66,126,30,119,19,125" hai1="92,42,134,51,118,50,81,49,4,79,99,90,52" hai2="76,88,103,100,75,9,36,0,135,122,121,15,130" hai3="34,115,2,102,67,111,29,46,110,57,101,87,44"/><U112/><E118/><V104/><F130/><W85/><G2/><T27/><D66/><U7/><E112/><V98/><F36/><W96/><G34/><T89/><D119/><U105/><E105/><V5/><F135/><W59/><G29/><T123/><D123/><U70/><E70/><V54/><F103/><W113/><G96/><T39/><D39/><U133/><E42/><V11/><F54/><W56/><G56/><T16/><D108/><U35/><E35/><V91/><F76/><W58/><G58/><T77/><D77/><U21/><E21/><V82/><F75/><W41/><G41/><T128/><D128/><U6/><REACH who="1" step="1"/><E52/><REACH who="1" ten="265,240,292,193" step="2"/><V65/><F65/><AGARI ba="0,1" hai="44,46,57,59,65,67,85,87,101,102,110,111,113,115" machi="65" ten="25,1600,0" yaku="22,2" doraHai="129" who="3" fromWho="2" sc="265,0,240,0,292,-16,193,26" /><INIT seed="2,0,0,4,2,94" ten="265,240,276,219" oya="2" hai0="18,23,72,60,126,53,104,65,24,3,81,37,26" hai1="110,132,13,116,27,10,54,122,47,100,9,123,78" hai2="98,41,93,36,58,129,87,108,43,64,84,67,57" hai3="35,7,114,15,105,29,12,28,20,106,22,127,70"/><V134/><F134/><W52/><G70/><T77/><D37/><U46/><E116/><V91/><F129/><W32/><G7/><T125/><D3/><U31/><E132/><V59/><F108/><W55/><REACH who="3" step="1"/><G127/><REACH who="3" ten="265,240,276,209" step="2"/><T49/><D126/><U62/><E110/><V103/><F36/><W2/><G2/><T92/><D125/><U17/><E123/><V111/><F111/><W86/><G86/><N who="2" m="32809" /><F91/><W101/><G101/><T21/><D72/><U25/><E100/><V6/><F6/><W120/><G120/><T68/><D77/><U75/><E78/><V4/><F4/><W89/><G89/><T61/><D81/><U82/><E82/><V16/><F16/><W102/><G102/><T40/><D18/><U109/><E75/><V8/><F8/><W56/><G56/><T39/><D68/><U85/><E85/><V133/><F133/><W0/><G0/><T118/><D118/><U45/><E109/><V79/><F79/><W121/><G121/><T76/><D76/><U74/><E74/><V107/><F107/><W11/><G11/><T95/><D104/><U14/><E122/><V96/><F103/><W130/><G130/><T33/><D95/><U73/><E73/><V80/><F80/><W38/><G38/><T30/><D92/><U112/><E10/><V135/><F135/><W99/><G99/><N who="2" m="37929" /><F93/><W71/><G71/><T119/><D39/><U124/><E9/><V42/><AGARI ba="0,1" hai="41,42,43,57,58,59,64,67" m="37929,32809" machi="42" ten="40,18000,2" yaku="28,2,8,1,52,3" doraHai="94" who="2" fromWho="2" sc="265,-60,240,-60,276,190,209,-60" /><INIT seed="2,1,0,0,3,36" ten="205,180,466,149" oya="2" hai0="110,28,42,2,90,64,57,77,135,131,128,112,130" hai1="48,8,15,14,102,92,39,63,71,115,129,13,109" hai2="19,82,4,25,49,104,35,133,107,67,74,43,126" hai3="89,116,40,118,97,17,101,86,123,100,32,106,108"/><V26/><F126/><W52/><G32/><T78/><D2/><U114/><E39/><V61/><F133/><W72/><G72/><T55/><D112/><U34/><E34/><V75/><F4/><W21/><G123/><T132/><D28/><U16/><E129/><V38/><F49/><W68/><G108/><T27/><D27/><U24/><E109/><V93/><F93/><W83/><G68/><T134/><D64/><U12/><E24/><V121/><F121/><W6/><G6/><T120/><D120/><U73/><E73/><V22/><F75/><W81/><G101/><T9/><D9/><U69/><E48/><V65/><F82/><W60/><G81/><T66/><D66/><U31/><E31/><V85/><F85/><W5/><G5/><T54/><D110/><U88/><E102/><V84/><F67/><W10/><G10/><T98/><D98/><U70/><REACH who="1" step="1"/><E63/><REACH who="1" ten="205,170,466,149" step="2"/><V3/><F74/><W127/><G127/><T62/><D130/><U37/><E37/><V111/><F111/><W53/><G60/><T30/><D128/><U51/><E51/><V45/><F35/><W95/><G118/><T58/><D131/><U33/><E33/><V11/><F26/><W7/><G116/><T79/><D135/><U103/><E103/><V96/><F61/><W29/><G100/><T125/><D134/><U44/><E44/><V1/><F45/><W94/><G29/><T113/><D132/><U18/><E18/><V124/><F19/><W99/><G17/><T105/><D62/><U117/><E117/><V20/><F25/><W122/><G122/><RYUUKYOKU ba="1,1" sc="205,-10,170,30,466,-10,149,-10" hai1="8,12,13,14,15,16,69,70,71,88,92,114,115" /><INIT seed="3,2,1,0,0,25" ten="195,200,456,139" oya="3" hai0="135,65,30,122,131,107,127,95,69,130,48,113,55" hai1="100,102,43,67,11,118,1,34,2,36,23,31,35" hai2="5,103,133,108,80,51,52,41,4,134,17,84,98" hai3="87,126,78,68,19,26,109,15,66,93,90,97,123"/><W82/><G123/><T76/><D107/><U16/><E67/><V0/><F41/><W96/><G126/><T42/><D122/><U44/><E118/><V27/><F108/><W88/><G109/><T20/><D113/><U57/><E57/><V106/><F0/><W9/><G68/><T53/><D76/><U71/><E71/><V101/><F101/><W83/><G66/><T10/><D127/><U21/><E21/><N who="2" m="13743" /><F84/><W40/><G40/><T28/><D135/><N who="2" m="51722" /><F80/><W38/><G38/><T112/><D20/><U77/><E35/><V110/><F110/><W92/><REACH who="3" step="1"/><G26/><REACH who="3" ten="195,200,456,129" step="2"/><T47/><D112/><U61/><E36/><V45/><AGARI ba="2,2" hai="4,5,45,51,52,98,103,106" m="51722,13743" machi="45" ten="30,2000,0" yaku="20,1,54,1" doraHai="25" who="2" fromWho="2" sc="195,-7,200,-7,456,46,129,-12" /><INIT seed="4,0,0,5,1,33" ten="188,193,502,117" oya="0" hai0="60,51,70,112,66,121,135,84,55,95,110,109,17" hai1="113,9,97,2,56,103,8,62,81,54,18,67,128" hai2="10,115,30,65,64,105,7,79,98,22,107,127,16" hai3="23,43,68,87,57,75,28,4,19,131,52,108,101"/><T0/><D121/><U82/><E128/><V114/><F127/><W29/><G68/><T125/><D135/><U44/><E113/><N who="2" m="43019" /><F30/><W80/><G75/><T38/><D38/><U89/><E89/><V130/><F79/><W45/><G131/><T72/><D72/><U50/><E9/><V73/><F73/><W119/><G101/><T1/><D125/><U104/><REACH who="1" step="1"/><E18/><REACH who="1" ten="188,183,502,117" step="2"/><V42/><F130/><W47/><G119/><T126/><D126/><U13/><E13/><V24/><F10/><W39/><G108/><N who="0" m="41579" /><D17/><U34/><E34/><V83/><F16/><W78/><G4/><AGARI ba="0,1" hai="2,4,8,44,50,54,56,62,67,81,82,97,103,104" machi="4" ten="40,2600,0" yaku="1,1,52,1,53,0" doraHai="33" doraHaiUra="37" who="1" fromWho="3" sc="188,0,183,36,502,0,117,-26" /><INIT seed="5,0,0,3,0,126" ten="188,219,502,91" oya="1" hai0="100,90,119,94,59,51,48,121,116,132,21,44,95" hai1="70,33,112,101,8,64,78,9,63,91,104,113,79" hai2="66,28,118,83,74,14,129,32,35,6,85,1,39" hai3="50,0,42,89,120,27,26,130,80,47,34,88,10"/><U77/><E33/><V11/><F118/><W37/><G120/><T76/><D121/><U133/><E91/><V56/><F129/><W4/><G37/><T123/><D123/><U24/><E24/><V41/><F74/><W97/><G34/><T102/><D76/><U3/><E133/><V115/><F115/><N who="1" m="44105" /><E3/><V106/><F106/><W92/><REACH who="3" step="1"/><G130/><REACH who="3" ten="188,219,502,81" step="2"/><T134/><D134/><U22/><E22/><V122/><F122/><W17/><G17/><T20/><D132/><U107/><E107/><V12/><F35/><W98/><G98/><AGARI ba="0,1" hai="8,9,63,64,70,77,78,79,98,101,104" m="44105" machi="98" ten="30,1500,0" yaku="15,1" doraHai="126" who="1" fromWho="3" sc="188,0,219,25,502,0,81,-15" /><INIT seed="5,1,0,5,2,21" ten="188,244,502,66" oya="1" hai0="31,36,20,83,5,19,78,1,10,67,92,96,125" hai1="28,14,99,40,43,24,32,66,76,64,101,0,52" hai2="106,117,87,122,62,17,41,123,58,51,80,121,79" hai3="97,56,35,134,55,48,98,103,47,22,100,109,129"/><U73/><E0/><V70/><F117/><W53/><G35/><T65/><D125/><U105/><E76/><V30/><F106/><W69/><G69/><T26/><D36/><U37/><E73/><V108/><F108/><W45/><G109/><T127/><D127/><U124/><E124/><V75/><F30/><W77/><G77/><T23/><D23/><U2/><E2/><V15/><F70/><W3/><G3/><T60/><D31/><U33/><E33/><V50/><F41/><W113/><G113/><T89/><REACH who="0" step="1"/><D60/><REACH who="0" ten="178,244,502,66" step="2"/><U133/><E37/><V39/><F39/><W8/><G22/><T42/><D42/><U29/><E29/><V25/><F62/><W107/><G134/><T54/><D54/><U84/><E52/><V86/><F123/><W114/><G53/><T115/><D115/><U102/><E43/><V94/><F122/><W71/><G114/><T119/><D119/><U68/><E40/><V16/><F121/><W81/><G55/><T110/><D110/><U49/><E133/><V59/><F51/><W118/><G48/><T72/><AGARI ba="1,1" hai="1,5,10,19,20,26,65,67,72,78,83,89,92,96" machi="72" ten="20,12000,2" yaku="1,1,0,1,7,1,52,1,53,2" doraHai="21" doraHaiUra="63" who="0" fromWho="0" sc="178,133,244,-61,502,-31,66,-31" /><INIT seed="6,0,0,4,5,122" ten="311,183,471,35" oya="2" hai0="69,25,14,0,135,74,58,73,7,134,71,84,102" hai1="94,93,99,108,41,10,126,120,18,125,20,100,97" hai2="28,76,92,110,115,44,112,87,1,86,114,79,72" hai3="109,30,124,129,123,11,89,106,63,57,131,96,9"/><V95/><F1/><W39/><G39/><T130/><D84/><N who="2" m="32298" /><F28/><W13/><G123/><T75/><D14/><U4/><E41/><V132/><F44/><W64/><G124/><T46/><D58/><U67/><E67/><V113/><F113/><W81/><G30/><T23/><D102/><U127/><E120/><V35/><F35/><W8/><G81/><T98/><D98/><U12/><E97/><V33/><F33/><W128/><G89/><T83/><D83/><U85/><E85/><V82/><F132/><N who="0" m="50730" /><D46/><U31/><E31/><V43/><F43/><W47/><G47/><T34/><D34/><U32/><E32/><V54/><F54/><W133/><G133/><T59/><D59/><U65/><E65/><V51/><F51/><W80/><G80/><T91/><D91/><U29/><E29/><V24/><F24/><W26/><G26/><T121/><D121/><U45/><E45/><V56/><F56/><W104/><G104/><T37/><D37/><U55/><E55/><V117/><F79/><W90/><G90/><T53/><D53/><U36/><E36/><V78/><F78/><W48/><G48/><T5/><D0/><N who="1" m="263" /><E94/><N who="2" m="35883" /><F117/><W111/><REACH who="3" step="1"/><G13/><REACH who="3" ten="311,183,471,25" step="2"/><T118/><D25/><U6/><E12/><V70/><F115/><W103/><AGARI ba="0,1" hai="8,9,11,57,63,64,96,103,106,109,111,128,129,131" machi="103" ten="40,12000,2" yaku="1,1,2,1,0,1,19,1,52,2,53,0" doraHai="122" doraHaiUra="40" who="3" fromWho="3" sc="311,-30,183,-30,471,-60,25,130" /><INIT seed="7,0,0,5,4,124" ten="281,153,411,155" oya="3" hai0="18,130,15,101,59,117,12,127,38,128,90,41,99" hai1="80,31,88,19,125,30,16,27,111,116,52,17,89" hai2="49,45,115,103,96,114,8,70,55,2,37,123,7" hai3="36,113,73,77,51,86,74,62,82,78,75,22,23"/><W83/><G36/><T5/><D117/><U108/><E116/><V93/><F70/><W39/><G39/><T109/><D109/><U11/><E125/><V94/><F37/><W46/><G62/><T81/><D127/><U33/><E33/><V9/><F9/><W79/><G113/><N who="2" m="43017" /><F123/><W34/><G34/><T71/><D71/><U29/><E111/><V84/><F84/><W1/><G1/><T0/><D0/><U135/><E135/><V68/><F68/><W35/><G35/><T3/><D3/><U91/><E108/><V14/><F14/><W102/><G102/><T129/><D5/><U43/><E27/><V119/><F119/><W97/><G97/><T63/><D41/><U48/><E43/><V69/><F69/><W60/><G60/><T67/><D38/><U32/><E32/><V104/><AGARI ba="0,0" hai="2,7,8,45,49,55,93,94,96,103,104" m="43017" machi="104" ten="30,1100,0" yaku="15,1" doraHai="124" who="2" fromWho="2" sc="281,-3,153,-3,411,11,155,-5" owari="278,8.0,150,-25.0,422,52.0,150,-35.0" /></mjloggm>