<mjloggm ver="2.3"><GO type="41" lobby="0"/><UN n0="%47%75%72%65%6E%6E" n1="%6D%69%6C%61%6C%61%76" n2="%E5%9C%9F%E6%B5%A6%E5%BD%A9%E8%8F%9C" n3="%E5%B0%B1%E6%B4%BB%E7%94%9F%40%E5%B7%9D%E6%9D%91%E8%BB%8D%E5%9B%A3" dan="13,14,14,17" rate="1849.04,2010.10,1887.91,2167.67" sx="M,M,F,M"/><TAIKYOKU oya="0"/><INIT seed="0,0,0,0,4,77" ten="250,250,250,250" oya="0" hai0="93,17,135,107,31,53,91,121,23,36,29,13,47" hai1="116,39,90,130,42,6,41,71,32,94,7,86,128" hai2="14,87,63,105,126,120,79,72,133,62,5,102,20" hai3="18,21,44,19,15,127,49,2,88,106,117,125,64"/><T24/><D121/><U12/><E71/><V78/><F120/><W69/><G117/><T123/><D123/><U80/><E116/><V82/><F126/><W131/><G131/><T103/><D135/><U84/><E32/><V40/><F133/><W124/><G106/><T96/><D36/><U51/><E39/><V129/><F129/><N who="1" m="49769" /><E12/><V9/><F40/><N who="1" m="15465" /><E51/><V50/><F50/><W28/><G2/><T57/><D47/><U27/><E27/><V34/><F34/><W22/><G28/><T30/><D107/><U59/><E59/><V108/><F108/><W46/><G49/><N who="0" m="30895" /><D103/><U132/><E132/><V8/><F8/><AGARI ba="0,0" hai="8,13,17,23,24,29,30,31,91,93,96" m="30895" machi="8" ten="30,1500,0" yaku="8,1" doraHai="77" who="0" fromWho="2" sc="250,15,250,0,250,-15,250,0" /><INIT seed="0,1,0,5,1,95" ten="265,250,235,250" oya="0" hai0="56,107,117,41,5,36,37,135,85,30,9,94,101" hai1="91,8,98,16,118,31,25,116,120,133,73,12,26" hai2="7,68,105,86,92,13,39,57,74,21,18,38,62" hai3="123,61,96,22,106,14,44,65,80,134,83,19,130"/><T128/><D117/><U89/><E73/><V64/><F74/><W77/><G130/><T132/><D107/><U63/><E120/><V53/><F105/><W115/><G134/><N who="0" m="51243" /><D30/><U10/><E26/><V75/><F75/><W1/><G115/><T103/><D128/><U43/><E43/><V112/><F112/><W122/><G1/><T82/><D56/><U110/><E133/><V33/><F33/><W6/><G6/><T99/><D101/><U131/><E131/><V29/><F29/><W126/><G126/><T127/><D41/><U27/><E27/><V45/><F7/><W35/><G35/><T76/><D127/><U70/><E110/><V55/><F45/><W121/><G44/><T124/><D124/><U58/><E70/><V108/><F108/><W54/><G54/><T0/><AGARI ba="1,0" hai="0,5,9,36,37,76,82,85,94,99,103" m="51243" machi="0" ten="30,3000,0" yaku="20,1,52,1" doraHai="95" who="0" fromWho="0" sc="265,33,250,-11,235,-11,250,-11" /><INIT seed="0,2,0,5,4,47" ten="298,239,224,239" oya="0" hai0="1,8,35,124,130,69,27,132,31,61,21,72,75" hai1="99,44,3,127,56,5,37,49,60,20,76,67,45" hai2="80,122,10,62,33,103,73,93,92,129,38,15,36" hai3="52,113,53,120,51,32,19,39,6,134,86,65,101"/><T108/><D130/><U78/><E127/><V16/><F129/><W11/><G113/><T91/><D124/><U95/><E37/><V112/><F122/><W128/><G39/><T131/><D131/><U24/><E45/><V34/><F112/><W110/><G128/><T40/><D40/><U64/><E64/><V17/><F62/><W12/><G120/><T116/><D116/><U42/><E5/><V29/><F17/><W107/><G110/><T71/><D69/><U41/><E41/><V133/><F133/><W70/><G134/><T117/><D132/><U59/><E59/><V14/><F103/><W25/><G86/><T109/><D35/><U111/><E3/><V98/><F15/><W123/><G123/><T18/><D91/><U121/><E111/><N who="0" m="42569" /><D117/><U79/><E79/><N who="2" m="44143" /><F34/><W74/><G74/><T46/><D46/><U135/><E121/><V104/><F104/><W96/><G6/><N who="0" m="1103" /><D18/><U126/><E126/><V81/><F36/><W125/><G125/><T43/><D43/><U50/><E135/><V88/><F38/><W0/><G0/><T97/><D97/><U9/><E49/><V4/><F16/><W48/><G25/><T114/><D114/><U87/><E87/><N who="2" m="50287" /><F98/><W2/><G32/><T30/><D31/><N who="1" m="17799" /><E9/><V68/><F68/><W77/><G2/><T106/><D106/><U89/><AGARI ba="2,0" hai="42,44,50,56,60,67,76,78,89,95,99" m="17799" machi="89" ten="30,2000,0" yaku="8,1,52,1" doraHai="47" who="1" fromWho="1" sc="298,-12,239,26,224,-7,239,-7" /><INIT seed="1,0,0,2,1,62" ten="286,265,217,232" oya="1" hai0="88,21,52,8,66,33,94,17,19,105,15,56,61" hai1="57,30,22,3,78,131,114,91,116,50,133,37,34" hai2="110,11,60,125,10,126,54,23,76,72,87,99,103" hai3="95,45,90,98,51,132,18,75,77,12,123,73,101"/><U85/><E34/><V65/><F110/><W1/><G132/><T128/><D105/><U96/><E116/><V14/><F72/><W44/><G123/><T130/><D33/><U5/><E133/><V20/><F54/><W58/><G1/><T27/><REACH who="0" step="1"/><D66/><REACH who="0" ten="276,265,217,232" step="2"/><U111/><E111/><V47/><F125/><W59/><G75/><T104/><D104/><U81/><E114/><V24/><F126/><W74/><G74/><T71/><D71/><U83/><E131/><V0/><F65/><W67/><G73/><T113/><D113/><U92/><E37/><V119/><F119/><W93/><G67/><T64/><D64/><U9/><E83/><V7/><F0/><W36/><G36/><T80/><D80/><U41/><E57/><V69/><F69/><W35/><G35/><T129/><D129/><U43/><REACH who="1" step="1"/><E50/><REACH who="1" ten="276,255,217,232" step="2"/><V79/><F47/><W6/><G45/><T117/><D117/><U28/><E28/><V112/><F112/><W63/><G59/><T32/><D32/><U42/><E42/><V108/><F108/><W4/><G58/><T31/><D31/><U39/><E39/><V40/><F40/><W38/><G51/><T97/><AGARI ba="0,2" hai="8,15,17,19,21,27,52,56,61,88,94,97,128,130" machi="97" ten="30,12000,2" yaku="1,1,0,1,25,2,54,2,53,0" doraHai="62" doraHaiUra="100" who="0" fromWho="0" sc="276,140,255,-60,217,-30,232,-30" /><INIT seed="2,0,0,3,3,84" ten="416,195,187,202" oya="2" hai0="107,103,35,121,72,126,10,70,16,25,119,15,115" hai1="99,127,32,129,89,7,118,91,75,9,105,1,82" hai2="55,11,128,57,46,58,133,95,67,53,73,111,23" hai3="109,78,17,100,113,3,54,20,131,120,8,132,106"/><V22/><F128/><W39/><G39/><T30/><D121/><U65/><E118/><V79/><F133/><W41/><G41/><T90/><D115/><U68/><E129/><V125/><F125/><W97/><G120/><T59/><D126/><U21/><E127/><V134/><F134/><W0/><G131/><T29/><D30/><U36/><E36/><V98/><F67/><W76/><G132/><T108/><D108/><U62/><E32/><V63/><F111/><W19/><G113/><T135/><D135/><U6/><E6/><V2/><F46/><W71/><G109/><T48/><D72/><U24/><E105/><V50/><F2/><W51/><G71/><T14/><D119/><U102/><E102/><V86/><F11/><W66/><G66/><T117/><D117/><U18/><REACH who="1" step="1"/><E99/><REACH who="1" ten="416,185,187,202" step="2"/><V52/><F55/><W56/><G3/><T122/><D107/><U110/><E110/><V61/><F61/><W40/><G0/><T104/><D104/><U101/><E101/><V69/><F69/><W130/><G100/><T77/><D103/><U12/><E12/><V43/><F63/><W37/><G106/><T4/><D70/><U60/><E60/><V49/><F53/><W42/><G130/><T94/><D122/><U116/><E116/><V34/><F34/><W80/><G37/><T114/><D114/><U92/><E92/><V112/><F112/><W83/><G54/><T87/><D14/><U28/><E28/><V85/><F52/><W123/><G42/><T33/><D35/><U45/><E45/><V81/><F43/><W31/><G40/><RYUUKYOKU ba="0,1" sc="416,-10,185,30,187,-10,202,-10" hai1="1,7,9,18,21,24,62,65,68,75,82,89,91" /><INIT seed="3,1,1,3,2,94" ten="406,215,177,192" oya="3" hai0="14,55,40,65,128,108,111,68,134,50,26,38,42" hai1="57,10,75,17,79,106,37,119,21,107,116,77,103" hai2="114,61,82,133,64,81,117,125,85,127,129,113,56" hai3="88,86,36,80,132,35,60,45,97,69,110,33,66"/><W52/><G132/><T100/><D14/><U73/><E10/><V95/><F133/><W15/><G110/><N who="0" m="42027" /><D134/><U99/><E37/><V28/><F28/><W105/><G15/><T31/><D100/><U46/><E46/><V91/><F117/><W48/><REACH who="3" step="1"/><G36/><REACH who="3" ten="406,215,177,182" step="2"/><T24/><D38/><U93/><E119/><V121/><F121/><W7/><G7/><T78/><D24/><U18/><E116/><V118/><F118/><W124/><G124/><N who="2" m="47689" /><F129/><W22/><G22/><T25/><D26/><U5/><E21/><V112/><AGARI ba="1,2" hai="56,61,64,81,82,85,91,95,112,113,114" m="47689" machi="112" ten="40,1500,0" yaku="18,1" doraHai="94" who="2" fromWho="2" sc="406,-5,215,-5,177,38,182,-8" /><INIT seed="4,0,0,2,0,83" ten="401,210,215,174" oya="0" hai0="100,40,134,22,16,115,84,14,98,79,87,45,66" hai1="122,88,18,68,76,112,57,80,34,78,96,5,124" hai2="123,21,1,75,36,17,26,13,69,63,81,6,104" hai3="82,24,12,99,128,125,25,47,135,53,58,19,7"/><T74/><D66/><U107/><E68/><V65/><F123/><W101/><G125/><T60/><D60/><U94/><E34/><V89/><F104/><W51/><G135/><T106/><D134/><U105/><E122/><V56/><F36/><W70/><G128/><T42/><D115/><U15/><E5/><V90/><F69/><W44/><G70/><T11/><D42/><U10/><E124/><V114/><F114/><W35/><G7/><T38/><D38/><U30/><BYE who="0" /><E78/><V129/><F129/><W108/><G108/><T118/><D118/><U61/><E30/><V49/><F49/><W130/><G130/><T109/><D109/><U93/><E93/><V27/><F1/><W71/><G71/><T39/><D39/><U113/><E113/><V29/><F6/><W133/><G133/><T95/><D95/><U52/><REACH who="1" step="1"/><E112/><REACH who="1" ten="401,200,215,174" step="2"/><V55/><F29/><W131/><G35/><T120/><D120/><U62/><E62/><V32/><F32/><W126/><G126/><T116/><D116/><U3/><E3/><V102/><F63/><W41/><G131/><T48/><D48/><U37/><E37/><V121/><F121/><W23/><G82/><T4/><D4/><U2/><E2/><V33/><F81/><W73/><G73/><AGARI ba="0,1" hai="10,15,18,52,57,61,73,76,80,88,94,96,105,107" machi="73" ten="30,8000,1" yaku="1,1,7,1,54,2,53,1" doraHai="83" doraHaiUra="9" who="1" fromWho="3" sc="401,0,200,90,215,0,174,-80" /><INIT seed="5,0,0,1,0,8" ten="401,290,215,94" oya="1" hai0="28,52,10,4,20,79,104,43,37,80,11,27,0" hai1="70,56,67,69,54,24,135,90,72,32,2,33,41" hai2="14,120,82,74,63,29,7,23,13,46,111,105,85" hai3="126,78,34,51,12,89,98,76,58,119,132,122,53"/><U93/><E72/><V35/><F111/><W25/><G122/><T127/><D127/><U97/><E2/><V87/><F120/><W38/><G126/><T107/><D107/><U64/><E135/><V42/><F105/><W30/><G132/><T40/><D40/><U124/><E41/><V36/><F35/><W60/><G119/><T125/><D125/><U117/><E117/><V94/><F7/><W49/><G38/><T91/><D91/><U130/><E124/><V86/><F63/><W66/><G51/><T110/><D110/><U16/><E32/><V108/><F108/><W84/><G98/><T133/><D133/><U77/><E77/><V57/><F57/><W113/><G113/><T39/><D39/><U112/><E112/><V68/><F68/><W5/><G5/><T9/><D9/><U73/><E73/><V96/><F74/><W17/><G66/><T50/><D50/><U15/><E69/><V31/><F82/><W47/><G60/><T62/><D62/><N who="1" m="36119" /><E70/><V59/><F59/><W3/><G3/><T121/><D121/><U123/><E123/><V115/><F115/><W100/><G100/><T45/><D45/><U102/><E130/><V19/><REACH who="2" step="1"/><F14/><REACH who="2" ten="401,290,205,94" step="2"/><W55/><G55/><T44/><D44/><U71/><E71/><V95/><F95/><W81/><REACH who="3" step="1"/><G58/><REACH who="3" ten="401,290,205,84" step="2"/><T118/><D118/><U61/><E61/><V18/><F18/><W22/><AGARI ba="0,2" hai="12,17,22,25,30,34,47,49,53,76,78,81,84,89" machi="22" ten="20,12000,2" yaku="1,1,2,1,0,1,7,1,52,1,53,2" doraHai="8" doraHaiUra="75" who="3" fromWho="3" sc="401,-30,290,-60,205,-30,84,140" /><INIT seed="6,0,0,3,1,44" ten="371,230,175,224" oya="2" hai0="91,64,34,129,24,108,23,132,109,123,83,53,8" hai1="104,111,43,40,50,28,96,18,26,117,30,46,13" hai2="45,128,6,7,73,86,116,37,97,126,1,3,98" hai3="81,49,114,59,84,93,65,119,77,82,85,92,78"/><V10/><F116/><W134/><G119/><T47/><D47/><U112/><E111/><V19/><F128/><W113/><G134/><T118/><D118/><U99/><E112/><N who="3" m="43114" /><G65/><T100/><D100/><U11/><E117/><V51/><F126/><W102/><G59/><T29/><D29/><U125/><E125/><V63/><F63/><W31/><G31/><T35/><D35/><U103/><E99/><V88/><F73/><N who="3" m="43183" /><G49/><T80/><D80/><U135/><E135/><V22/><F37/><W90/><G102/><T70/><D70/><U5/><E28/><UN n0="%47%75%72%65%6E%6E" /><V74/><F74/><W56/><G56/><T101/><D123/><U27/><E27/><V52/><F1/><W120/><G120/><T66/><D64/><U4/><REACH who="1" step="1"/><E40/><REACH who="1" ten="371,220,175,224" step="2"/><V32/><F32/><AGARI ba="0,1" hai="4,5,11,13,18,26,30,32,43,46,50,96,103,104" machi="32" ten="30,7700,0" yaku="1,1,2,1,7,1,52,1,53,0" doraHai="44" doraHaiUra="16" who="1" fromWho="2" sc="371,0,220,87,175,-77,224,0" /><INIT seed="7,0,0,5,3,113" ten="371,307,98,224" oya="3" hai0="94,24,1,110,28,87,31,86,106,26,107,9,126" hai1="5,124,102,4,7,72,48,12,92,14,55,125,39" hai2="43,115,37,29,80,82,2,68,129,11,71,36,95" hai3="117,53,44,78,18,33,52,62,112,121,58,63,32"/><W123/><G112/><T30/><D110/><U70/><BYE who="2" /><E70/><V131/><F131/><W132/><G132/><T27/><D126/><U84/><E72/><V111/><F111/><W81/><G117/><T133/><D133/><U85/><E39/><V74/><F74/><W88/><G123/><T100/><D9/><U130/><E130/><V60/><F60/><W22/><G121/><T51/><D51/><U120/><E120/><V75/><F75/><W118/><G118/><T134/><D1/><U6/><E102/><V103/><F103/><W67/><G44/><T135/><D134/><U101/><E101/><V66/><F66/><W3/><G3/><T41/><D41/><U65/><E65/><V109/><F109/><W119/><G119/><T21/><D135/><U25/><E25/><V64/><F64/><W57/><G67/><T16/><D100/><U20/><E20/><V0/><F0/><W8/><G8/><T13/><D94/><U91/><E85/><V116/><F116/><W47/><G47/><T46/><D46/><U19/><N who="1" m="1536" /><DORA hai="83" /><U17/><E12/><V108/><F108/><W77/><G88/><T99/><D107/><U128/><E128/><V104/><F104/><W50/><G50/><T69/><D106/><U49/><E49/><V59/><F59/><W93/><G93/><T61/><D99/><U10/><REACH who="1" step="1"/><E19/><REACH who="1" ten="371,297,98,224" step="2"/><V76/><F76/><W34/><REACH who="3" step="1"/><G81/><REACH who="3" ten="371,297,98,214" step="2"/><T98/><D69/><U114/><E114/><V127/><F127/><W105/><G105/><T96/><D61/><U97/><E97/><V40/><F40/><W42/><G42/><RYUUKYOKU ba="0,2" sc="371,10,297,10,98,-30,214,10" hai0="13,16,21,24,26,27,28,30,31,86,87,96,98" hai1="10,14,17,48,55,84,91,92,124,125" hai3="18,22,32,33,34,52,53,57,58,62,63,77,78" /><INIT seed="7,1,2,1,0,16" ten="381,307,68,224" oya="3" hai0="117,49,40,120,37,19,124,114,115,41,98,3,99" hai1="87,97,34,121,113,104,134,81,95,108,132,63,47" hai2="44,78,109,22,28,8,69,123,101,58,70,65,48" hai3="59,83,94,31,100,2,27,112,53,33,20,77,72"/><W21/><G112/><N who="0" m="43051" /><D117/><U9/><E34/><V62/><F62/><W35/><G2/><T57/><D120/><U10/><E113/><V32/><F32/><W64/><G64/><T105/><D124/><U1/><E108/><V55/><F55/><W102/><G35/><T130/><D130/><U82/><E121/><V106/><F106/><W68/><G68/><T129/><D129/><U110/><E110/><V61/><F61/><W90/><G102/><N who="0" m="62679" /><D99/><U126/><E104/><V116/><F116/><W86/><REACH who="3" step="1"/><G100/><REACH who="3" ten="381,307,68,214" step="2"/><T25/><D3/><U17/><E1/><V36/><F36/><W118/><G118/><T24/><D37/><U92/><E126/><V30/><F30/><W14/><G14/><T93/><D25/><U122/><E122/><V0/><F0/><W76/><G76/><T60/><D24/><U18/><E134/><V135/><F135/><W50/><AGARI ba="1,3" hai="20,21,27,31,33,50,53,59,72,77,83,86,90,94" machi="50" ten="20,18000,2" yaku="1,1,0,1,7,1,52,2,53,1" doraHai="16" doraHaiUra="107" who="3" fromWho="3" sc="381,-61,307,-61,68,-61,214,213" owari="320,12.0,246,-15.0,7,-49.0,427,52.0" /></mjloggm>