<mjloggm ver="2.3"><GO type="41" lobby="0"/><UN n0="%E3%81%AD%E3%81%86" n1="%6D%6F%67%75%30" n2="%E5%B2%A1%E7%B2%8B" n3="%E3%82%A6%E3%83%AB%E3%83%88%E3%83%A9%E7%AB%8B%E7%9B%B4" dan="13,15,14,16" rate="1883.86,2002.93,1917.52,2162.20" sx="M,M,M,M"/><TAIKYOKU oya="0"/><INIT seed="0,0,0,4,1,104" ten="250,250,250,250" oya="0" hai0="8,42,48,83,99,135,85,82,16,86,9,52,106" hai1="47,79,95,45,132,55,68,44,116,77,58,27,6" hai2="134,117,111,130,17,122,14,91,75,92,19,114,105" hai3="107,24,30,70,60,101,74,31,66,71,39,110,65"/><T62/><D135/><U13/><E68/><V51/><F51/><W23/><G39/><T73/><D42/><U64/><E132/><V84/><F19/><W20/><G110/><T129/><D129/><U33/><E64/><V103/><F17/><W25/><G101/><T119/><D119/><U72/><E116/><V131/><F14/><W87/><G87/><T53/><D106/><U28/><E95/><V112/><F134/><W49/><G49/><T11/><D73/><U133/><E133/><V21/><F21/><W97/><G97/><T90/><D99/><U38/><E38/><V12/><F12/><W121/><G107/><T7/><D7/><U61/><E6/><V109/><F103/><W128/><G74/><T113/><D62/><U67/><E67/><V34/><F75/><W124/><G128/><N who="2" m="49193" /><F34/><W98/><G98/><T36/><D113/><N who="2" m="43626" /><F105/><W80/><G60/><T63/><D63/><U37/><E72/><V126/><F117/><W76/><G66/><T1/><D1/><U120/><E37/><V123/><F126/><W26/><G65/><T57/><D53/><U89/><E13/><V22/><F22/><W94/><G23/><T46/><D57/><U102/><E102/><V50/><F50/><W56/><G20/><T59/><D59/><U100/><E100/><V115/><N who="2" m="43634" /><V127/><DORA hai="3" /><F127/><W125/><G124/><T118/><D36/><U5/><E33/><V43/><F43/><W35/><G125/><T29/><D29/><U4/><E28/><V41/><F41/><W81/><G31/><T93/><D118/><U78/><E58/><RYUUKYOKU ba="0,0" sc="250,-10,250,-10,250,30,250,-10" hai2="84,91,92,109,111,122,123" /><INIT seed="1,1,0,5,0,58" ten="240,240,280,240" oya="1" hai0="35,75,53,93,7,13,11,33,39,55,108,38,104" hai1="102,66,85,65,1,70,15,124,135,44,131,99,2" hai2="34,111,91,9,130,123,100,18,50,120,43,90,132" hai3="63,121,81,117,73,68,110,45,107,37,129,46,23"/><U72/><E72/><V62/><F111/><W67/><G121/><T101/><D104/><U112/><E112/><V128/><F132/><W86/><G107/><T47/><D108/><U51/><E135/><V16/><F100/><W6/><G110/><T31/><D75/><U42/><E124/><V56/><F50/><W22/><G73/><T32/><D31/><U95/><E131/><V12/><F34/><W48/><G117/><T105/><D105/><U126/><E126/><V52/><F43/><W98/><G129/><N who="2" m="49769" /><F18/><W87/><G37/><T20/><D20/><U118/><E118/><V14/><F12/><W119/><G119/><T29/><D29/><U25/><E25/><V106/><F106/><W133/><G133/><T82/><D82/><U78/><E15/><V127/><F127/><W69/><G6/><T41/><REACH who="0" step="1"/><D38/><REACH who="0" ten="230,240,280,240" step="2"/><U96/><E1/><V59/><F59/><W92/><G81/><T54/><D54/><U71/><E2/><V17/><F17/><W114/><G22/><T116/><D116/><U79/><E71/><V49/><F123/><W122/><G69/><T84/><D84/><U80/><E70/><V74/><F74/><W40/><G122/><T88/><D88/><N who="1" m="51239" /><E99/><AGARI ba="1,1" hai="7,11,13,32,33,35,39,41,47,53,55,93,99,101" machi="99" ten="40,1300,0" yaku="1,1,53,0" doraHai="58" doraHaiUra="57" who="0" fromWho="1" sc="230,26,240,-16,280,0,240,0" /><INIT seed="2,0,0,0,2,42" ten="256,224,280,240" oya="2" hai0="79,117,119,32,61,66,57,45,47,101,60,72,63" hai1="97,43,11,131,106,80,100,98,28,41,29,99,78" hai2="6,91,37,30,69,3,74,27,19,120,123,44,109" hai3="48,89,35,8,130,88,1,26,31,107,116,121,65"/><V95/><F69/><W96/><G121/><T18/><D32/><U9/><E106/><V77/><F109/><W83/><G116/><N who="0" m="44619" /><D101/><U85/><E100/><V76/><F77/><W2/><G130/><T58/><D72/><U108/><E108/><V102/><F102/><W24/><G107/><T34/><D34/><U129/><E78/><V73/><F73/><W70/><G70/><N who="0" m="42311" /><D18/><U86/><E80/><V5/><F5/><W36/><G83/><T14/><D14/><U92/><E92/><V51/><F37/><W55/><G26/><T0/><D0/><U25/><E25/><V20/><F6/><W135/><G24/><T115/><D79/><U111/><E111/><V64/><F3/><W128/><G35/><T126/><D126/><U103/><E103/><V68/><F76/><W82/><G89/><T40/><D115/><U23/><E23/><V49/><F74/><W59/><G88/><T81/><D40/><U75/><E75/><V104/><F30/><N who="1" m="11881" /><E43/><V33/><F33/><W4/><G31/><T50/><D81/><U62/><E41/><V21/><F21/><W124/><G82/><T133/><D133/><U93/><E93/><V125/><F125/><W105/><G135/><T7/><D7/><U84/><E129/><V118/><F104/><W38/><G128/><T87/><D87/><U134/><E134/><V10/><F118/><W127/><G1/><T94/><D94/><U46/><E131/><V122/><F95/><W90/><G127/><T112/><D112/><U16/><E16/><V114/><F123/><W15/><G124/><T113/><D113/><RYUUKYOKU ba="0,0" sc="256,0,224,0,280,0,240,0" /><INIT seed="3,1,0,0,5,11" ten="256,224,280,240" oya="3" hai0="81,82,13,52,72,70,20,97,41,9,2,23,63" hai1="58,33,79,59,90,100,50,125,95,122,62,34,106" hai2="1,42,28,49,116,115,103,55,133,14,99,76,86" hai3="66,120,31,108,5,84,68,64,39,114,94,87,109"/><W43/><G120/><T8/><D2/><U36/><E122/><V130/><F115/><W119/><G114/><T102/><D70/><U101/><E36/><V0/><F116/><W73/><G73/><T123/><D123/><U6/><E79/><V85/><F133/><W19/><G119/><T40/><D72/><U131/><E131/><V65/><F65/><W126/><G5/><N who="0" m="3215" /><D9/><U67/><E106/><V57/><F130/><W80/><G31/><T129/><D129/><U74/><E74/><V16/><F28/><W30/><G30/><T3/><D3/><U45/><E125/><V12/><F14/><W7/><G7/><T48/><D63/><U15/><E33/><V53/><F42/><N who="0" m="16490" /><D97/><U117/><E34/><V56/><F76/><W88/><G68/><T107/><D107/><U10/><E117/><V61/><F1/><W96/><G96/><T60/><D60/><U111/><E59/><V35/><F35/><W37/><G126/><T127/><D102/><U38/><E38/><V32/><F0/><W4/><G4/><T75/><D75/><U91/><E111/><N who="3" m="42570" /><G39/><T89/><D127/><U46/><E46/><V98/><F32/><W121/><G121/><T113/><D113/><U83/><E83/><N who="0" m="31753" /><D89/><U132/><E91/><V44/><F99/><W112/><G112/><T26/><D26/><U77/><E132/><V104/><F44/><AGARI ba="1,0" hai="20,23,44,48,52" m="31753,16490,3215" machi="44" ten="30,3900,0" yaku="8,1,52,1,54,1" doraHai="11" who="0" fromWho="2" sc="256,42,224,0,280,-42,240,0" /><INIT seed="4,0,0,1,4,110" ten="298,224,238,240" oya="0" hai0="26,106,41,98,119,18,20,56,60,71,82,135,74" hai1="117,124,31,53,126,30,73,44,84,70,8,95,78" hai2="21,128,36,64,85,68,114,52,23,40,46,127,45" hai3="112,19,75,125,24,47,49,108,33,91,122,65,81"/><T27/><D135/><U3/><E70/><V13/><F85/><W123/><G108/><T116/><D71/><U94/><E117/><V9/><F128/><W61/><G125/><T121/><D41/><U12/><E73/><V28/><F127/><W92/><G81/><T54/><D121/><U102/><E3/><V25/><F114/><W34/><G75/><T131/><D131/><U104/><E104/><V16/><F68/><W105/><G105/><T38/><D38/><U103/><E124/><V1/><F64/><W67/><G67/><T134/><D134/><U4/><E126/><V76/><F1/><W96/><G19/><T113/><D113/><U90/><E78/><V32/><REACH who="2" step="1"/><F76/><REACH who="2" ten="298,224,228,240" step="2"/><W87/><G87/><T83/><D74/><U37/><E84/><V77/><F77/><W51/><G112/><T48/><D116/><U43/><E102/><V62/><F62/><W86/><G61/><T118/><D119/><U72/><E72/><V15/><F15/><W109/><G109/><T99/><D118/><U2/><E103/><V120/><F120/><W115/><G115/><T63/><D60/><U57/><E2/><V130/><F130/><W17/><G86/><T6/><D63/><U55/><E90/><V89/><F89/><W66/><G123/><T107/><D26/><U50/><E55/><V69/><F69/><W22/><G122/><T0/><D107/><U97/><E97/><N who="0" m="36873" /><D106/><U58/><E53/><V42/><F42/><N who="3" m="24823" /><G66/><T88/><D88/><U101/><E101/><V93/><F93/><W39/><G65/><T129/><D129/><U35/><E94/><RYUUKYOKU ba="0,1" sc="298,15,224,-15,228,15,240,-15" hai0="0,6,18,20,27,48,54,56,82,83" hai2="9,13,16,21,23,25,28,32,36,40,45,46,52" /><INIT seed="4,1,1,4,1,49" ten="313,209,243,225" oya="0" hai0="106,61,109,83,39,37,77,102,104,29,99,33,35" hai1="12,5,129,23,65,122,105,45,38,66,111,6,51" hai2="17,131,73,123,36,47,88,59,95,8,18,130,48" hai3="112,22,20,58,1,46,53,40,114,94,34,110,56"/><T70/><D106/><U116/><E122/><V103/><F36/><W91/><G34/><T117/><D117/><U14/><E116/><V28/><F73/><W90/><G1/><T87/><D109/><U60/><E38/><V108/><F28/><W100/><G100/><T113/><D113/><N who="3" m="43625" /><G110/><T118/><D118/><U11/><E111/><V89/><F123/><W97/><G91/><N who="2" m="34889" /><F59/><N who="3" m="22571" /><G53/><T67/><D35/><U32/><E105/><V134/><F108/><W126/><G126/><T135/><D135/><U41/><E32/><V69/><F134/><W54/><G54/><T63/><D61/><U57/><E129/><N who="2" m="49163" /><F69/><W10/><G10/><T4/><D4/><U44/><E66/><V119/><F8/><W25/><G25/><AGARI ba="1,1" hai="25,29,33,37,39,63,67,70,77,83,87,99,102,104" machi="25" ten="40,3900,0" yaku="25,2" doraHai="49" who="0" fromWho="3" sc="313,52,209,0,243,0,225,-42" /><INIT seed="4,2,0,3,3,62" ten="365,209,243,183" oya="0" hai0="56,114,6,71,29,0,126,12,9,101,42,73,72" hai1="36,37,109,94,46,34,16,41,88,112,74,129,108" hai2="69,134,61,65,17,118,8,128,87,91,110,84,63" hai3="64,48,26,66,119,86,54,27,83,113,55,78,60"/><T115/><D71/><U100/><E34/><V89/><F128/><W105/><G105/><T104/><D42/><U92/><E129/><V28/><F134/><W96/><G119/><T40/><D40/><U4/><E74/><V1/><F110/><W70/><G113/><N who="0" m="43019" /><D126/><U116/><E4/><V7/><F118/><W15/><G96/><N who="0" m="61479" /><D29/><U90/><E112/><V75/><F75/><N who="0" m="28746" /><D56/><U49/><E116/><V50/><F50/><W31/><G31/><T135/><D12/><U111/><E37/><V44/><F44/><N who="3" m="27911" /><G70/><T121/><D135/><U95/><E36/><V130/><F130/><W47/><G15/><T58/><D58/><U19/><E108/><V21/><F28/><W80/><G47/><T127/><D127/><U10/><E111/><V98/><F61/><W85/><G60/><T68/><D68/><U125/><E125/><V20/><F20/><W81/><G55/><T97/><D97/><N who="1" m="59431" /><E10/><V77/><F98/><W5/><G26/><T25/><D25/><U106/><E109/><V124/><F124/><W22/><G22/><T107/><D107/><U32/><E106/><V67/><F21/><W76/><G27/><T43/><D43/><U45/><E32/><V57/><F17/><N who="1" m="6729" /><E45/><V11/><F8/><W131/><G5/><T2/><D2/><U93/><AGARI ba="2,0" hai="41,46,49,88,90,93,94,95" m="6729,59431" machi="93" ten="30,4000,0" yaku="8,1,54,2" doraHai="62" who="1" fromWho="1" sc="365,-22,209,46,243,-12,183,-12" /><INIT seed="5,0,0,1,0,135" ten="343,255,231,171" oya="1" hai0="60,36,53,115,18,84,4,65,116,58,129,39,97" hai1="94,72,92,87,134,99,23,44,77,21,27,110,64" hai2="61,126,1,55,37,11,120,89,59,0,30,90,82" hai3="62,76,52,109,40,3,42,85,24,79,67,66,71"/><U78/><E134/><V5/><F120/><W47/><G3/><T111/><D111/><U25/><E110/><V51/><F37/><W102/><G109/><T91/><D116/><U113/><E72/><V80/><F1/><W7/><G7/><T63/><D4/><U121/><E121/><V73/><F30/><W103/><G24/><T35/><D35/><U41/><E64/><N who="3" m="24618" /><G71/><T50/><D115/><U6/><E6/><V20/><F20/><W45/><G85/><T114/><D114/><U107/><E107/><V70/><F70/><W69/><G52/><T29/><D29/><U10/><E113/><V68/><F68/><W88/><G88/><T54/><D129/><U31/><E10/><V95/><F90/><W118/><G62/><T19/><D97/><U26/><E26/><V117/><F117/><W105/><G105/><T13/><D18/><U122/><E122/><V86/><F80/><W8/><G8/><N who="0" m="6567" /><D63/><U81/><E78/><N who="3" m="29738" /><G69/><T32/><D32/><U132/><E99/><V28/><F61/><W133/><G133/><T123/><D123/><U14/><E132/><V108/><F108/><W119/><G119/><T12/><D12/><U46/><E14/><V2/><F2/><W124/><G124/><T22/><D22/><U56/><E56/><V131/><F126/><W49/><G118/><T101/><D65/><U125/><E125/><V9/><F0/><W112/><G112/><T48/><D60/><U127/><E127/><V43/><F5/><W17/><G17/><T96/><D96/><U15/><E15/><V98/><F86/><W75/><G75/><RYUUKYOKU ba="0,0" sc="343,-10,255,-10,231,-10,171,30" hai3="40,42,45,47,49,102,103" /><INIT seed="6,1,0,2,2,115" ten="333,245,221,201" oya="2" hai0="57,4,106,116,107,41,102,67,51,105,43,84,31" hai1="125,18,3,113,124,53,135,97,30,6,10,76,37" hai2="39,78,90,96,98,100,72,16,20,93,35,11,82" hai3="71,127,112,87,32,14,59,85,120,86,130,26,60"/><V129/><F35/><W109/><G109/><T24/><D4/><U133/><E37/><V54/><F39/><W44/><G120/><T131/><D131/><U108/><E108/><V132/><F129/><W104/><G130/><T69/><D84/><U29/><E76/><V77/><F77/><W123/><G123/><T38/><D38/><U58/><E113/><V40/><F40/><W56/><G112/><T34/><D116/><U12/><E97/><V9/><F54/><W121/><G121/><T48/><D51/><U50/><E50/><V27/><F132/><N who="1" m="50761" /><E58/><V134/><F134/><W64/><G127/><N who="1" m="48714" /><E53/><V13/><F27/><W94/><G104/><AGARI ba="1,0" hai="9,11,13,16,20,72,78,82,90,93,96,98,100,104" machi="104" ten="30,2900,0" yaku="7,1,54,1" doraHai="115" who="2" fromWho="3" sc="333,0,245,0,221,32,201,-32" /><INIT seed="6,2,0,1,5,93" ten="333,245,253,169" oya="2" hai0="77,32,1,131,84,86,89,90,41,80,99,121,87" hai1="116,64,61,13,22,46,75,74,29,76,17,42,134" hai2="30,81,62,5,6,16,54,104,50,28,8,52,56" hai3="69,100,65,48,31,122,107,101,85,72,113,78,53"/><V10/><F104/><W24/><G72/><T51/><D32/><U124/><E116/><V26/><F81/><W57/><G122/><T103/><D1/><U36/><E124/><V39/><F39/><W45/><G113/><T128/><D51/><U23/><E134/><V60/><F16/><W4/><G4/><T125/><D41/><U114/><E114/><V94/><F94/><W92/><G107/><N who="0" m="63999" /><D125/><U68/><E76/><V63/><F54/><W73/><G73/><N who="0" m="43055" /><D121/><U43/><E43/><V130/><F130/><AGARI ba="2,0" hai="84,86,87,89,90,128,130,131" m="43055,63999" machi="130" ten="30,7700,0" yaku="19,1,34,2,52,1" doraHai="93" who="0" fromWho="2" sc="333,83,245,0,253,-83,169,0" /><INIT seed="7,0,0,1,3,82" ten="416,245,170,169" oya="3" hai0="42,81,125,88,37,97,54,76,20,9,72,53,103" hai1="123,126,61,98,56,39,115,69,71,74,24,48,10" hai2="124,36,63,110,30,83,23,12,84,4,59,34,118" hai3="57,132,99,78,51,16,38,25,29,14,127,85,122"/><W65/><G122/><T75/><D125/><U117/><E123/><V31/><F36/><W15/><G38/><T52/><D72/><U96/><E126/><V94/><F110/><W40/><G127/><T73/><D75/><U121/><E121/><V134/><F118/><W27/><G132/><T62/><D20/><U112/><E117/><V113/><F124/><W66/><G99/><T17/><D17/><U87/><E39/><V60/><F113/><N who="1" m="43593" /><E74/><V19/><F134/><W5/><G5/><T79/><D37/><U133/><E133/><V44/><F34/><W95/><G15/><T18/><D42/><U131/><E24/><N who="3" m="9290" /><G29/><T70/><D70/><N who="1" m="26635" /><E131/><V35/><F35/><W90/><G78/><T80/><D76/><U41/><E10/><V11/><F44/><N who="3" m="25991" /><G57/><T129/><D129/><U130/><E130/><V108/><F108/><W2/><G2/><T13/><D62/><U47/><E96/><V119/><F63/><W0/><G0/><T33/><D33/><U22/><E98/><V58/><F59/><W105/><G105/><T55/><N who="0" m="13824" /><DORA hai="116" /><T21/><D80/><U93/><E22/><AGARI ba="0,0" hai="14,16,22,65,66,85,90,95" m="25991,9290" machi="22" ten="30,5800,0" yaku="8,1,52,1,54,1" doraHai="82,116" who="3" fromWho="1" sc="416,0,245,-58,170,0,169,58" /><INIT seed="7,1,0,1,4,24" ten="416,187,170,227" oya="3" hai0="109,70,49,71,43,102,106,42,36,74,62,103,65" hai1="12,17,113,97,134,119,82,6,85,73,47,86,127" hai2="7,91,32,38,110,30,29,93,125,105,100,132,94" hai3="61,39,131,35,133,0,50,76,64,48,14,21,80"/><W81/><G35/><T126/><D74/><U92/><E119/><V5/><F110/><W68/><G0/><T84/><D109/><U78/><E134/><V9/><F38/><W95/><G39/><T77/><D126/><U3/><E127/><V1/><F105/><W108/><G133/><T75/><D71/><U27/><E113/><V130/><F132/><W41/><G108/><T83/><D36/><U10/><E47/><V122/><F125/><W129/><G95/><T40/><D75/><U87/><E73/><V33/><F122/><W57/><G41/><T28/><D28/><N who="2" m="10858" /><F1/><W22/><G14/><T45/><D106/><U56/><E56/><V116/><F33/><W16/><G57/><T99/><D99/><U2/><E2/><V44/><F32/><W66/><G68/><T59/><D70/><U51/><E51/><V25/><F116/><W46/><G50/><T112/><D112/><U8/><REACH who="1" step="1"/><E27/><REACH who="1" ten="416,177,170,227" step="2"/><V96/><F130/><W37/><G131/><T111/><D111/><U90/><AGARI ba="1,1" hai="3,6,8,10,12,17,78,82,85,86,87,90,92,97" machi="90" ten="20,5200,0" yaku="1,1,2,1,0,1,7,1,53,0" doraHai="24" doraHaiUra="52" who="1" fromWho="1" sc="416,-14,177,65,170,-14,227,-27" owari="402,50.0,242,4.0,156,-34.0,200,-20.0" /></mjloggm>