<mjloggm ver="2.3"><GO type="97" lobby="0"/><UN n0="%E3%81%86%E3%81%87%E3%81%B3" n1="%74%61%6E%69%37%32%38%6F" n2="%E3%81%82%E3%82%93%E3%81%A8%E3%82%89%E3%83%BC" n3="%E5%B0%B1%E6%B4%BB%E7%94%9F%40%E5%B7%9D%E6%9D%91%E8%BB%8D%E5%9B%A3" dan="15,14,15,16" rate="2000.26,1965.80,1947.53,2185.03" sx="M,M,M,M"/><TAIKYOKU oya="0"/><INIT seed="0,0,0,3,3,14" ten="250,250,250,250" oya="0" hai0="72,86,43,120,129,83,108,79,29,70,112,60,68" hai1="124,61,47,84,21,37,101,16,132,104,12,125,22" hai2="122,41,15,19,64,106,110,128,105,114,32,52,85" hai3="102,99,135,92,97,73,100,44,93,98,25,90,134"/><T75/><D120/><U2/><E2/><V88/><F122/><W54/><G44/><T76/><D112/><U66/><E132/><N who="3" m="50730" /><G54/><T26/><D43/><U23/><E104/><V18/><F114/><W94/><G25/><T113/><D113/><U34/><E101/><N who="3" m="39018" /><G73/><T56/><D70/><U82/><E34/><V77/><F32/><W121/><G121/><T87/><D68/><U13/><E37/><V5/><F77/><W30/><G30/><T39/><D39/><U38/><E38/><V130/><F64/><W58/><G58/><T109/><D75/><U49/><E49/><V107/><F41/><W74/><G74/><T69/><D69/><U123/><E123/><V4/><F110/><W53/><G53/><T127/><D108/><U81/><E47/><V10/><F5/><W111/><G111/><T17/><D72/><U67/><E12/><V65/><F65/><W35/><G35/><T63/><D29/><U9/><E66/><V57/><F57/><W131/><G131/><N who="2" m="50217" /><F52/><W78/><G78/><T80/><D109/><U118/><E118/><V36/><F36/><W31/><G31/><T55/><D129/><U62/><E67/><V45/><F45/><W119/><G119/><T96/><D60/><U117/><E117/><V115/><F115/><W7/><G7/><T50/><D63/><U46/><E46/><V116/><F116/><W24/><G24/><T6/><D6/><U1/><E1/><V71/><F71/><W48/><G48/><T89/><D56/><U8/><E8/><V51/><F51/><W91/><AGARI ba="0,0" hai="90,91,92,93,94,97,98,99" m="39018,50730" machi="91" ten="40,8000,1" yaku="28,2,20,1,34,2" doraHai="14" who="3" fromWho="3" sc="250,-40,250,-20,250,-20,250,80" /><INIT seed="1,0,0,0,1,68" ten="210,230,230,330" oya="1" hai0="36,40,51,18,88,10,54,107,114,67,0,46,96" hai1="84,24,72,87,125,83,15,65,61,47,118,23,60" hai2="109,124,101,17,95,123,71,6,86,59,93,66,77" hai3="115,4,122,90,13,98,99,116,31,105,130,73,21"/><U94/><E118/><V119/><F71/><W52/><G73/><T121/><D114/><U117/><E117/><V100/><F119/><W69/><G69/><T110/><D110/><U1/><E1/><V34/><F34/><W22/><G116/><T9/><D121/><U97/><E72/><V42/><F6/><W85/><G105/><T113/><D113/><U78/><E125/><V103/><F109/><W127/><G130/><T35/><D35/><U28/><E47/><V81/><F124/><W16/><G4/><T134/><D67/><U126/><E126/><V57/><F123/><W14/><G115/><T131/><D107/><U64/><E84/><V132/><F42/><W74/><G74/><T7/><D134/><U26/><E15/><V104/><F104/><W108/><G108/><T43/><D131/><U133/><E133/><V38/><F38/><W49/><G127/><T111/><D111/><U33/><E33/><V89/><F132/><W39/><G39/><T5/><D18/><U55/><E26/><V56/><F66/><N who="1" m="25705" /><E55/><V112/><F112/><W19/><G31/><T135/><D135/><U106/><E106/><V12/><REACH who="2" step="1"/><F77/><REACH who="2" ten="210,230,220,330" step="2"/><W80/><G122/><T37/><D40/><U70/><E70/><V25/><F25/><W27/><G27/><T11/><D7/><U29/><E29/><V129/><F129/><W82/><G82/><T3/><D5/><U92/><E92/><V79/><F79/><W8/><G8/><AGARI ba="0,1" hai="8,12,17,56,57,59,81,86,89,93,95,100,101,103" machi="8" ten="40,2600,0" yaku="1,1,8,1,53,0" doraHai="68" doraHaiUra="2" who="2" fromWho="3" sc="210,0,230,0,220,36,330,-26" /><INIT seed="2,0,0,3,0,133" ten="210,230,256,304" oya="2" hai0="111,9,87,100,126,94,115,53,77,23,10,22,1" hai1="106,102,105,125,4,33,57,84,85,5,89,25,78" hai2="65,51,70,39,50,16,98,43,56,80,127,48,30" hai3="52,14,15,32,49,132,6,122,128,0,40,54,11"/><V83/><F30/><W44/><G122/><T26/><D115/><U19/><E33/><V75/><F70/><W112/><G32/><T93/><D111/><U86/><E106/><V74/><F98/><W107/><G107/><T135/><D135/><U118/><E118/><V123/><F123/><W38/><G132/><T63/><D77/><U114/><E114/><V31/><F31/><W79/><G112/><T116/><D87/><U76/><E105/><V124/><F39/><W20/><G79/><N who="1" m="30250" /><E125/><N who="2" m="48203" /><F43/><W21/><G128/><T69/><D69/><U120/><E120/><V47/><F47/><W81/><G81/><N who="2" m="31305" /><F16/><N who="3" m="10263" /><G38/><T7/><D126/><U24/><E102/><V95/><F95/><W55/><G40/><T90/><D94/><U18/><E57/><V36/><F36/><W129/><G129/><T104/><D100/><U131/><E131/><V67/><F56/><W72/><G44/><T41/><D41/><U96/><E96/><V29/><F29/><W60/><G60/><T101/><D101/><U37/><E37/><V13/><F13/><W45/><G15/><T64/><D104/><U62/><E62/><V91/><F91/><W99/><G99/><T28/><D90/><U17/><E89/><V97/><F97/><W3/><G45/><T92/><D93/><U68/><E68/><V110/><F110/><W2/><G49/><T88/><D88/><U59/><E59/><V8/><F8/><W73/><G11/><T82/><D92/><U42/><E42/><V58/><F58/><W34/><G2/><T117/><D82/><U108/><E108/><V109/><F109/><RYUUKYOKU ba="0,0" sc="210,-15,230,15,256,15,304,-15" hai1="4,5,17,18,19,24,25,84,85,86" hai2="48,50,51,65,67,74,75" /><INIT seed="2,1,0,1,5,84" ten="195,245,271,289" oya="2" hai0="6,118,18,111,54,47,112,104,41,64,119,48,15" hai1="93,83,59,106,74,28,25,126,23,129,46,102,30" hai2="101,29,36,35,80,16,11,61,42,13,131,39,21" hai3="82,56,79,27,71,78,124,22,57,60,55,110,58"/><V132/><F132/><W128/><G110/><T0/><D104/><U53/><E106/><V34/><F131/><W117/><G117/><T67/><D112/><U66/><E129/><V49/><F101/><W120/><G120/><T50/><D6/><U43/><E126/><V107/><F107/><W45/><G128/><T99/><D0/><U44/><E74/><V125/><F125/><W133/><G124/><T19/><D99/><U127/><E127/><V75/><F61/><W130/><G130/><T14/><D111/><U12/><E83/><V32/><F75/><W4/><G71/><T20/><D54/><U51/><E66/><V70/><F70/><W121/><G121/><T10/><REACH who="0" step="1"/><D50/><REACH who="0" ten="185,245,271,289" step="2"/><U94/><E102/><V113/><F113/><W115/><G4/><T87/><D87/><U103/><E103/><V62/><F62/><W33/><G60/><T90/><D90/><U2/><E2/><V95/><F49/><W116/><G55/><T92/><D92/><U108/><E108/><V8/><F95/><W9/><G115/><T81/><D81/><U89/><E94/><V69/><F80/><W76/><G82/><T100/><D100/><U114/><E114/><V88/><F69/><W52/><G52/><T72/><D72/><U31/><E93/><V73/><F73/><W97/><G97/><T3/><D3/><U135/><E135/><V77/><F77/><W1/><G133/><T123/><D123/><U17/><E89/><V96/><F88/><W63/><G78/><T68/><D68/><U122/><E122/><V65/><F96/><W86/><G76/><RYUUKYOKU ba="1,1" sc="185,30,245,-10,271,-10,289,-10" hai0="10,14,15,18,19,20,41,47,48,64,67,118,119" /><INIT seed="3,2,1,3,2,47" ten="215,235,261,279" oya="3" hai0="70,23,120,105,126,133,132,76,11,54,68,4,40" hai1="83,28,48,17,80,39,109,107,90,114,85,0,52" hai2="106,84,115,32,96,118,24,123,20,101,66,61,92" hai3="35,122,21,51,67,79,53,43,78,19,117,97,129"/><W74/><G35/><T72/><D120/><U98/><E114/><V95/><F123/><W102/><G122/><T18/><D126/><U57/><E39/><V55/><F118/><W93/><G117/><T26/><D105/><U7/><E28/><V113/><F32/><W1/><G1/><T104/><D104/><U73/><E73/><V111/><F111/><W9/><G74/><T45/><D54/><U112/><E112/><V3/><F55/><W131/><G67/><T2/><D70/><U59/><E109/><V77/><F3/><W36/><G9/><T69/><D68/><U121/><E121/><V27/><F27/><N who="3" m="14783" /><G36/><T49/><REACH who="0" step="1"/><D69/><REACH who="0" ten="205,235,261,279" step="2"/><U87/><E107/><V91/><F106/><W88/><G43/><T82/><AGARI ba="2,2" hai="2,4,11,18,23,26,40,45,49,72,76,82,132,133" machi="82" ten="30,7900,0" yaku="1,1,2,1,0,1,52,1,53,0" doraHai="47" doraHaiUra="58" who="0" fromWho="0" sc="205,105,235,-22,261,-22,279,-41" owari="310,41.0,213,-29.0,239,4.0,238,-16.0" /></mjloggm>