<mjloggm ver="2.3"><GO type="169" lobby="0"/><UN n0="%E6%9B%BF%E7%8E%89%E5%9B%BA%E9%BA%BA" n1="%E5%B0%B1%E6%B4%BB%E7%94%9F%40%E5%B7%9D%E6%9D%91%E8%BB%8D%E5%9B%A3" n2="%E2%80%A0%58%54%45%4E%44%E2%80%A0" n3="%79%6F%75%37%37%37" dan="16,17,17,16" rate="2114.13,2232.09,2190.22,2098.95" sx="M,M,F,M"/><TAIKYOKU oya="0"/><INIT seed="0,0,0,2,3,27" ten="250,250,250,250" oya="0" hai0="51,62,106,30,79,50,85,133,80,29,67,88,97" hai1="31,115,60,58,39,8,111,63,18,28,95,98,82" hai2="89,2,69,22,101,126,64,72,36,44,110,65,68" hai3="109,87,81,99,84,77,92,5,59,25,134,57,23"/><T48/><D133/><U86/><E39/><V37/><F2/><W125/><G109/><T7/><D7/><U114/><E111/><V131/><F72/><W135/><G125/><T13/><D13/><N who="1" m="7463" /><E115/><V52/><F110/><W4/><G87/><T16/><D16/><U14/><E14/><V3/><F3/><W24/><G24/><T26/><D26/><U123/><E123/><V53/><F101/><N who="3" m="60647" /><G135/><T47/><D47/><U66/><E63/><V45/><F22/><W100/><G100/><T96/><D106/><U127/><E127/><V117/><F89/><W1/><G1/><T103/><D103/><N who="1" m="60895" /><E114/><V9/><F9/><W17/><G134/><T83/><D97/><U71/><E71/><V34/><F34/><W122/><G122/><T94/><REACH who="0" step="1"/><D83/><REACH who="0" ten="240,250,250,250" step="2"/><U107/><E107/><V116/><REACH who="2" step="1"/><F126/><REACH who="2" ten="240,250,240,250" step="2"/><W102/><G4/><T93/><D93/><U54/><E82/><V76/><F76/><W121/><G5/><T112/><D112/><U61/><E86/><V38/><F38/><W104/><G81/><T40/><D40/><U78/><E78/><V11/><F11/><W120/><G84/><T43/><D43/><U75/><E75/><V6/><F6/><W119/><G77/><T20/><D20/><U15/><E15/><V41/><F41/><W10/><G23/><T70/><AGARI ba="0,2" hai="29,30,48,50,51,62,67,70,79,80,85,88,94,96" machi="70" ten="30,12000,1" yaku="1,1,0,1,52,2,54,1,53,0" doraHai="27" doraHaiUra="55" who="0" fromWho="0" sc="240,140,250,-40,240,-40,250,-40" /><INIT seed="0,1,0,5,0,107" ten="380,210,200,210" oya="0" hai0="103,63,13,71,130,92,21,132,59,29,106,7,86" hai1="88,8,108,93,3,90,16,98,4,32,26,79,61" hai2="45,31,40,68,75,99,84,28,48,30,34,112,47" hai3="135,134,23,11,110,53,102,83,42,64,57,55,39"/><T14/><D106/><U52/><E108/><V91/><F112/><W67/><G102/><T43/><D71/><U128/><E128/><V121/><F121/><W72/><G110/><T100/><D130/><U87/><E79/><V125/><F68/><W19/><G11/><N who="0" m="4351" /><D43/><U35/><E90/><V114/><F114/><W25/><G42/><T96/><D132/><N who="3" m="50729" /><G39/><T44/><D44/><U119/><E87/><V104/><F125/><W15/><G25/><N who="0" m="16559" /><D14/><U115/><E115/><V12/><F12/><W118/><G118/><T122/><D86/><U69/><E69/><V58/><F45/><W66/><G57/><T20/><D20/><N who="1" m="13575" /><E119/><V2/><F2/><W78/><AGARI ba="1,0" hai="15,19,23,53,55,64,66,67,72,78,83" m="50729" machi="78" ten="40,2700,0" yaku="20,1,52,1" doraHai="107" who="3" fromWho="3" sc="380,-14,210,-8,200,-8,210,30" /><INIT seed="1,0,0,4,0,71" ten="366,202,192,240" oya="1" hai0="123,103,126,80,28,34,44,9,67,18,10,109,58" hai1="121,49,115,82,5,77,81,62,37,130,36,96,76" hai2="133,38,93,45,100,119,19,23,97,6,7,131,129" hai3="42,41,75,86,66,40,47,83,63,25,70,117,107"/><U104/><E115/><V102/><F119/><W8/><G117/><T98/><D109/><U17/><E121/><V56/><F133/><W0/><G107/><T79/><D126/><U113/><E113/><V29/><F29/><W132/><G132/><T127/><D127/><U54/><E5/><V43/><F102/><W2/><G75/><T125/><D125/><U108/><E62/><V24/><REACH who="2" step="1"/><F56/><REACH who="2" ten="366,202,182,240" step="2"/><W87/><G70/><T101/><D28/><U112/><E112/><V91/><F91/><W111/><G111/><T134/><D101/><U3/><E108/><V124/><F124/><W72/><G47/><T11/><D44/><U46/><E130/><AGARI ba="0,1" hai="6,7,19,23,24,38,43,45,93,97,100,129,130,131" machi="130" ten="40,5200,0" yaku="1,1,19,1,52,1,53,0" doraHai="71" doraHaiUra="57" who="2" fromWho="1" sc="366,0,202,-52,182,62,240,0" /><INIT seed="2,0,0,4,5,124" ten="366,150,244,240" oya="2" hai0="119,84,69,76,23,92,36,67,32,15,9,117,48" hai1="128,6,72,130,95,61,127,85,30,65,107,8,77" hai2="0,98,121,94,74,68,134,101,89,10,34,129,50" hai3="17,1,45,59,120,33,108,126,113,80,79,135,16"/><V55/><F121/><W91/><G120/><T3/><D32/><U83/><E107/><V112/><F112/><W37/><G1/><T40/><D36/><U47/><E127/><V24/><F74/><W43/><G33/><T66/><D3/><U103/><E30/><V41/><F68/><W42/><G42/><T106/><D106/><U90/><E47/><V78/><F78/><W28/><G28/><T13/><D23/><U102/><E6/><V49/><F134/><W20/><G126/><T31/><D31/><U56/><REACH who="1" step="1"/><E8/><REACH who="1" ten="366,140,244,240" step="2"/><V62/><F10/><W87/><G45/><T14/><D9/><U44/><E44/><V54/><F41/><W21/><G43/><T11/><D11/><U97/><E97/><V38/><F98/><W5/><G5/><T58/><D40/><U131/><AGARI ba="0,1" hai="56,61,65,72,77,83,85,90,95,102,103,128,130,131" machi="131" ten="30,12000,2" yaku="1,1,0,1,19,1,52,3,53,0" doraHai="124" doraHaiUra="123" who="1" fromWho="1" sc="366,-30,140,130,244,-60,240,-30" /><INIT seed="3,0,0,0,3,47" ten="336,270,184,210" oya="3" hai0="7,59,94,13,132,65,36,38,30,2,79,78,46" hai1="100,56,80,111,53,12,63,84,88,19,91,29,8" hai2="125,61,3,123,67,5,124,44,101,98,40,74,41" hai3="120,131,34,62,55,23,1,75,85,90,52,110,37"/><W115/><G115/><T58/><D2/><U57/><E111/><V60/><F74/><W133/><G120/><T106/><D106/><U71/><E71/><V0/><F123/><W14/><G37/><T25/><D132/><U135/><E135/><V48/><F40/><W99/><G133/><T18/><D7/><U93/><E29/><V128/><F128/><W112/><G112/><T28/><D94/><U43/><E43/><V77/><F77/><W35/><G1/><T54/><D65/><U105/><E105/><V134/><F134/><W50/><G75/><T82/><D78/><U49/><E100/><V72/><F72/><W9/><G131/><T127/><D46/><U86/><E57/><V89/><F89/><W4/><G23/><T21/><D58/><U113/><E113/><V69/><F60/><AGARI ba="0,0" hai="8,12,19,49,53,56,60,63,80,84,86,88,91,93" machi="60" ten="40,5200,0" yaku="8,1,52,1,54,1" doraHai="47" who="1" fromWho="2" sc="336,0,270,52,184,-52,210,0" /><INIT seed="4,0,0,2,2,14" ten="336,322,132,210" oya="0" hai0="24,15,62,11,5,80,71,48,4,76,77,70,38" hai1="33,57,126,90,42,69,40,9,109,110,1,50,84" hai2="105,34,10,29,19,43,101,35,82,63,116,72,118" hai3="67,30,41,92,98,66,73,100,37,21,51,99,27"/><T132/><D38/><U20/><E33/><V55/><F43/><W49/><G73/><T8/><D132/><U58/><E69/><V16/><F10/><W68/><G37/><T17/><D76/><U22/><E1/><V12/><F12/><W28/><G68/><T59/><D48/><N who="3" m="18505" /><G41/><T111/><D24/><U122/><E50/><V131/><F131/><W18/><G99/><T128/><D128/><U36/><E36/><V95/><F105/><W112/><G112/><T119/><D119/><N who="2" m="45610" /><F101/><W96/><G96/><T102/><D102/><U121/><E9/><V45/><F95/><W65/><AGARI ba="0,0" hai="18,21,27,28,30,65,66,67,92,98,100" m="18505" machi="65" ten="30,2000,0" yaku="8,1,52,1" doraHai="14" who="3" fromWho="3" sc="336,-10,322,-5,132,-5,210,20" /><INIT seed="5,0,0,4,4,37" ten="326,317,127,230" oya="1" hai0="86,51,2,108,76,63,60,54,107,87,95,32,4" hai1="125,83,55,122,23,78,46,61,39,104,38,85,40" hai2="30,22,66,15,49,77,31,12,88,18,132,29,53" hai3="10,62,58,14,97,101,134,130,17,114,36,43,131"/><U3/><E122/><V57/><F132/><W117/><G114/><T9/><D32/><U50/><E3/><V116/><F116/><W123/><G123/><T71/><D108/><U41/><E104/><V109/><F109/><W103/><G134/><T27/><D107/><U48/><E125/><V6/><F77/><W0/><G0/><T65/><D63/><U24/><E61/><V13/><F6/><W84/><G84/><T16/><D76/><U79/><E78/><V42/><F66/><N who="3" m="39255" /><G117/><T35/><D95/><U68/><E68/><V115/><F115/><W8/><G8/><T128/><D128/><N who="3" m="49193" /><G97/><T67/><D67/><U121/><E121/><V126/><F126/><W59/><G59/><T72/><D72/><U64/><E64/><V98/><REACH who="2" step="1"/><F42/><REACH who="2" ten="326,317,117,230" step="2"/><N who="1" m="16489" /><E39/><V34/><F34/><W81/><G43/><T45/><D35/><U90/><E38/><V70/><F70/><W135/><G36/><T69/><D69/><U80/><E79/><V7/><F7/><W26/><G135/><T5/><D5/><U93/><E50/><V129/><F129/><W25/><G81/><T74/><D74/><U20/><E20/><V94/><AGARI ba="0,1" hai="12,13,15,18,22,29,30,31,49,53,57,88,94,98" machi="94" ten="30,7900,0" yaku="1,1,0,1,8,1,54,1,53,0" doraHai="37" doraHaiUra="127" who="2" fromWho="2" sc="326,-20,317,-39,117,89,230,-20" /><INIT seed="6,0,0,2,0,20" ten="306,278,206,210" oya="2" hai0="4,80,102,79,111,104,53,37,110,114,90,1,113" hai1="14,10,108,89,33,134,35,106,68,125,55,103,15" hai2="112,116,132,88,12,7,46,123,67,118,75,76,73" hai3="87,126,48,135,98,64,62,84,96,9,39,128,93"/><V57/><F123/><W45/><G39/><T81/><D53/><U0/><E68/><V49/><F112/><N who="0" m="43114" /><D37/><U18/><E106/><V66/><F132/><W22/><G135/><T56/><D56/><U92/><E103/><V29/><F29/><W78/><G128/><T71/><D71/><U122/><E0/><V100/><F100/><W59/><G126/><T21/><D21/><U16/><E108/><V3/><F3/><W43/><G98/><N who="0" m="61527" /><D4/><U107/><E107/><V17/><F7/><W61/><G78/><T127/><D1/><U121/><E125/><V70/><F70/><W54/><G9/><T94/><D127/><U6/><E55/><V40/><F76/><W115/><G115/><T52/><D52/><U8/><E6/><V31/><F31/><W82/><G82/><N who="0" m="31851" /><D79/><U91/><E134/><V28/><F28/><W41/><G22/><T133/><D133/><U130/><E130/><V42/><F42/><N who="3" m="15883" /><G61/><T83/><N who="0" m="31859" /><T27/><DORA hai="2" /><D27/><U101/><E35/><V97/><F57/><W95/><G95/><T58/><D58/><U85/><E33/><V63/><F63/><W120/><G120/><T19/><D19/><U77/><E77/><V74/><F67/><W131/><G131/><T60/><D60/><U23/><E121/><V69/><F66/><W65/><G65/><T34/><D34/><U124/><E124/><V129/><F69/><W24/><G24/><T109/><D109/><U119/><E18/><V36/><F36/><W47/><G47/><T5/><D5/><U72/><E122/><V13/><F129/><W25/><G25/><RYUUKYOKU ba="0,0" sc="306,15,278,-15,206,-15,210,15" hai0="90,94,110,111" hai3="45,48,54,59,62,64,84,87,93,96" /><INIT seed="7,1,0,4,1,61" ten="321,263,191,225" oya="3" hai0="84,28,103,20,19,29,24,123,105,89,1,85,34" hai1="88,120,3,94,52,73,42,48,41,65,13,43,115" hai2="21,7,46,5,56,6,92,57,22,79,133,98,70" hai3="128,4,16,62,11,134,37,0,77,135,75,132,117"/><W69/><G128/><T51/><D123/><U131/><E3/><V111/><F111/><W91/><G117/><T31/><D1/><U108/><E73/><V114/><F70/><W32/><G32/><T58/><D105/><U68/><E108/><V109/><F109/><W64/><G37/><T118/><D103/><U97/><E120/><V2/><F2/><W72/><G77/><T27/><D118/><U10/><E115/><V33/><F33/><W119/><G119/><T26/><D34/><U59/><E131/><V8/><F114/><W110/><G110/><T99/><D99/><U40/><E40/><V101/><F133/><W80/><REACH who="3" step="1"/><G16/><REACH who="3" ten="321,263,191,215" step="2"/><T74/><D27/><U25/><E25/><V116/><F116/><W53/><G53/><N who="0" m="32063" /><D26/><U125/><E125/><V71/><F8/><W81/><G81/><T30/><D19/><U126/><E126/><V45/><F79/><W78/><G78/><T44/><D28/><U86/><E97/><V76/><F76/><W87/><AGARI ba="1,1" hai="0,4,11,62,64,69,72,75,80,87,91,132,134,135" machi="87" ten="40,12000,1" yaku="1,1,0,1,20,1,52,1,53,1" doraHai="61" doraHaiUra="63" who="3" fromWho="3" sc="321,-41,263,-41,191,-41,215,133" owari="280,8.0,222,-18.0,150,-35.0,348,45.0" /></mjloggm>