<mjloggm ver="2.3"><GO type="169" lobby="0"/><UN n0="%E3%82%A6%E3%83%AB%E3%83%88%E3%83%A9%E7%AB%8B%E7%9B%B4" n1="%E5%B0%8F%E9%98%AA%E3%81%A1%E3%81%B2%E3%82%8D" n2="%6A%75%6D%70%2D%75%70" n3="%3E%5F%30%40%E6%9D%8F%E6%9D%8F%E8%BB%8D%E5%9C%98" dan="17,16,17,17" rate="2167.46,2094.10,2199.72,2154.42" sx="M,F,M,F"/><TAIKYOKU oya="0"/><INIT seed="0,0,0,2,5,22" ten="250,250,250,250" oya="0" hai0="63,23,25,62,14,20,104,24,50,26,127,100,32" hai1="119,76,118,132,48,75,98,8,56,106,111,69,18" hai2="13,59,61,37,41,55,82,94,84,89,131,12,108" hai3="3,120,64,122,124,49,114,5,42,15,134,38,130"/><T121/><D121/><N who="3" m="46697" /><G15/><T70/><D32/><U2/><E18/><V126/><F126/><W36/><G5/><T6/><D70/><U34/><E56/><V45/><F131/><W1/><G124/><T95/><D104/><U125/><E48/><V28/><F108/><W91/><G130/><T81/><D127/><U117/><E8/><V92/><F13/><W96/><G64/><T129/><D129/><U33/><E76/><V27/><REACH who="2" step="1"/><F12/><REACH who="2" ten="250,250,240,250" step="2"/><W39/><G3/><T43/><D6/><U105/><E118/><V85/><F85/><W30/><G1/><T58/><D14/><U46/><E2/><V90/><F90/><W78/><G91/><T93/><D81/><U103/><E125/><V54/><F54/><W31/><G114/><T11/><D11/><U135/><E111/><V107/><F107/><W19/><G42/><T53/><D43/><U97/><E75/><V73/><F73/><W123/><G123/><T74/><D74/><U29/><E105/><V133/><F133/><W0/><G134/><T72/><D72/><U86/><E86/><V77/><F77/><W16/><G0/><T10/><D10/><U65/><E106/><V57/><F57/><W71/><G78/><T68/><D68/><U87/><E69/><V4/><F4/><W21/><G71/><T115/><D115/><U47/><E87/><V101/><F101/><W67/><G67/><T116/><D116/><U52/><E65/><V128/><F128/><W113/><G113/><T88/><D100/><U79/><E103/><V7/><F7/><W66/><G66/><T83/><D88/><RYUUKYOKU ba="0,1" sc="250,-10,250,-10,240,30,250,-10" hai2="27,28,37,41,45,55,59,61,82,84,89,92,94" /><INIT seed="1,1,1,2,5,37" ten="240,240,270,240" oya="1" hai0="40,129,1,89,41,0,27,85,21,65,95,34,128" hai1="83,93,42,80,17,115,111,25,59,117,16,60,63" hai2="38,75,88,30,69,33,78,104,97,56,79,9,50" hai3="109,53,52,13,99,94,20,12,114,123,87,127,67"/><U48/><E117/><V119/><F38/><W57/><G123/><T24/><D65/><U76/><E115/><V133/><F69/><W32/><G114/><T96/><D85/><U124/><E124/><V6/><F133/><W70/><G32/><T15/><D15/><U35/><E111/><V45/><F104/><W18/><G127/><T47/><D34/><U4/><E4/><V28/><F56/><W26/><G109/><T120/><D120/><U22/><E35/><V11/><F33/><W86/><G70/><T44/><D21/><U92/><E17/><V71/><F71/><W108/><G108/><T54/><D54/><U130/><E130/><V90/><F75/><W101/><G67/><T8/><D8/><N who="2" m="3146" /><F97/><W66/><G66/><T43/><D47/><N who="1" m="25719" /><E63/><V36/><F36/><W68/><G68/><T121/><D44/><U3/><E3/><N who="0" m="1097" /><D121/><U58/><E58/><V126/><F126/><W98/><G98/><T5/><D5/><U132/><E132/><V102/><F102/><W49/><G53/><T84/><D96/><U125/><E125/><V82/><F82/><N who="1" m="31273" /><E76/><N who="2" m="29227" /><F6/><W81/><G87/><T91/><D91/><AGARI ba="1,1" hai="12,13,18,20,26,49,52,57,81,86,91,94,99,101" machi="91" ten="30,3900,0" yaku="7,1,8,1,54,1" doraHai="37" who="3" fromWho="0" sc="240,-42,240,0,270,0,240,52" /><INIT seed="2,0,0,4,5,36" ten="198,240,270,292" oya="2" hai0="42,78,91,21,132,16,45,5,17,25,13,4,9" hai1="75,8,51,55,104,70,73,81,106,114,2,59,31" hai2="99,15,35,97,76,121,43,100,86,44,80,90,49" hai3="11,77,122,64,22,14,92,28,7,34,3,112,101"/><V20/><F121/><W30/><G122/><T29/><D132/><U72/><E70/><V12/><F35/><W98/><G112/><T62/><D78/><U84/><E114/><V125/><F125/><W113/><G113/><T66/><D91/><U118/><E118/><V63/><F63/><W40/><G77/><T131/><D131/><U124/><E124/><V87/><F20/><W71/><G40/><T39/><REACH who="0" step="1"/><D4/><REACH who="0" ten="188,240,270,292" step="2"/><U93/><E75/><V18/><F18/><W19/><G7/><T111/><D111/><U102/><E73/><V67/><F100/><W54/><G19/><T109/><D109/><U69/><E72/><V123/><F123/><W128/><G101/><T135/><D135/><U103/><E103/><V116/><F116/><W108/><G128/><T0/><D0/><U88/><E102/><V53/><F97/><W27/><G98/><T79/><D79/><U33/><E88/><V23/><F99/><W89/><G89/><T57/><AGARI ba="0,1" hai="5,9,13,16,17,21,25,29,39,42,45,57,62,66" machi="57" ten="20,8000,1" yaku="1,1,0,1,7,1,52,1,54,1,53,0" doraHai="36" doraHaiUra="46" who="0" fromWho="0" sc="188,90,240,-20,270,-40,292,-20" /><INIT seed="3,0,0,5,2,42" ten="278,220,230,272" oya="3" hai0="24,119,27,41,5,88,75,117,113,62,22,94,29" hai1="107,104,83,76,15,16,63,93,53,134,18,32,12" hai2="80,66,102,69,131,64,20,38,73,127,67,59,123" hai3="61,96,132,8,116,31,4,121,44,108,130,105,3"/><W103/><G116/><T114/><D75/><U84/><E32/><V133/><F69/><W21/><G121/><T47/><D5/><U87/><E134/><V51/><F38/><W25/><G132/><T34/><D62/><U72/><E72/><V57/><F133/><W81/><G130/><T82/><D82/><U33/><E33/><V30/><F131/><W56/><G108/><T99/><D119/><U106/><E93/><V77/><F127/><W65/><REACH who="3" step="1"/><G81/><REACH who="3" ten="278,220,230,262" step="2"/><T70/><D117/><U13/><REACH who="1" step="1"/><E87/><REACH who="1" ten="278,210,230,262" step="2"/><N who="2" m="48527" /><F123/><W0/><G0/><T68/><D114/><U23/><E23/><V11/><F73/><W135/><G135/><T60/><D113/><U91/><E91/><V39/><F20/><W35/><G35/><T45/><D34/><U58/><AGARI ba="0,2" hai="12,13,15,16,18,53,58,63,76,83,84,104,106,107" machi="58" ten="40,5200,0" yaku="1,1,0,1,54,1,53,0" doraHai="42" doraHaiUra="28" who="1" fromWho="1" sc="278,-13,210,72,230,-13,262,-26" /><INIT seed="4,0,0,5,4,48" ten="265,282,217,236" oya="0" hai0="115,56,130,132,68,73,100,4,42,110,125,32,117" hai1="40,62,50,123,0,6,102,19,49,101,60,113,78" hai2="72,75,76,111,94,51,126,74,20,105,108,46,37" hai3="81,28,124,95,57,97,65,14,69,5,22,10,35"/><T9/><RYUUKYOKU type="yao9" ba="0,0" sc="265,0,282,0,217,0,236,0" hai0="4,9,32,42,56,68,73,100,110,115,117,125,130,132" /><INIT seed="4,1,0,4,1,92" ten="265,282,217,236" oya="0" hai0="57,5,61,47,28,70,53,72,104,37,62,108,123" hai1="73,20,100,67,52,130,25,122,63,124,88,91,131" hai2="68,76,116,16,120,66,128,42,13,12,118,10,32" hai3="45,135,125,83,29,113,0,54,112,15,82,36,81"/><T121/><D72/><U7/><E122/><N who="0" m="46601" /><D104/><U71/><E73/><V31/><F120/><W44/><G0/><T101/><D101/><U133/><E133/><V21/><F76/><W102/><G135/><T49/><D28/><U38/><E38/><V134/><F42/><W9/><G125/><T50/><D5/><U106/><E124/><V69/><F66/><W78/><G29/><T65/><D108/><U85/><E7/><N who="2" m="3167" /><F68/><W107/><G36/><T129/><D129/><N who="1" m="49163" /><E85/><V34/><F69/><W132/><G78/><T40/><AGARI ba="1,0" hai="37,40,47,49,50,53,57,61,62,65,70" m="46601" machi="40" ten="30,3000,0" yaku="34,2" doraHai="92" who="0" fromWho="0" sc="265,33,282,-11,217,-11,236,-11" /><INIT seed="4,2,0,0,4,56" ten="298,271,206,225" oya="0" hai0="108,101,24,28,129,54,121,115,112,80,79,92,15" hai1="86,119,131,17,60,35,63,114,45,61,125,29,134" hai2="132,2,9,68,74,64,85,46,83,123,118,19,34" hai3="111,0,72,43,105,81,31,107,14,32,124,130,133"/><T3/><D3/><U91/><E119/><V126/><F123/><W12/><G111/><T27/><D121/><U67/><E134/><V11/><F74/><W128/><G0/><T69/><D108/><U59/><E131/><N who="3" m="50218" /><G43/><T106/><D106/><N who="3" m="40457" /><G133/><T1/><D1/><U47/><E125/><V103/><F34/><W33/><G124/><T7/><D69/><U102/><E114/><N who="0" m="43561" /><D54/><U100/><E35/><N who="3" m="13386" /><G31/><T48/><D48/><U16/><E29/><V75/><F126/><W39/><G39/><T42/><D42/><U109/><E109/><V99/><F2/><W117/><G117/><T104/><D104/><U13/><E59/><V122/><F118/><W70/><G70/><T57/><D129/><U21/><E67/><V8/><F64/><W93/><G93/><T26/><D57/><U116/><E116/><V36/><F68/><W22/><G22/><N who="0" m="15383" /><D92/><N who="1" m="54391" /><E17/><V6/><F132/><W20/><G20/><T135/><D101/><AGARI ba="2,0" hai="13,16,21,45,47,60,61,63,100,101,102" m="54391" machi="101" ten="30,8000,1" yaku="8,1,52,3,54,1" doraHai="56" who="1" fromWho="0" sc="298,-86,271,86,206,0,225,0" /><INIT seed="5,0,0,1,5,75" ten="212,357,206,225" oya="1" hai0="104,6,90,125,71,120,100,16,134,1,5,95,62" hai1="11,17,73,107,8,13,76,50,94,63,27,132,46" hai2="53,48,29,43,87,3,61,10,14,59,20,32,9" hai3="117,118,35,124,26,128,52,105,18,0,15,80,121"/><U114/><E107/><V85/><F32/><W129/><G121/><T33/><D120/><U96/><E114/><V115/><F115/><W67/><G105/><T72/><D33/><U57/><E132/><V38/><F38/><W77/><G0/><T103/><D134/><U84/><E73/><V12/><F20/><W97/><G67/><T102/><D125/><U31/><E8/><V116/><F29/><N who="3" m="19895" /><G97/><T37/><D37/><U119/><E119/><N who="3" m="45578" /><G52/><T60/><D104/><U123/><E123/><V68/><F3/><W88/><G124/><T47/><D72/><U51/><E46/><N who="2" m="25695" /><F68/><W25/><G88/><T69/><D71/><U109/><E109/><V19/><F116/><W40/><G40/><T79/><D69/><U54/><E84/><V130/><F130/><W65/><G65/><T112/><D112/><U58/><E58/><V78/><F78/><W66/><G66/><T111/><D79/><U2/><E76/><V70/><F70/><W4/><G4/><AGARI ba="0,0" hai="4,9,10,12,14,19,53,59,61,85,87" m="25695" machi="4" ten="30,1000,0" yaku="8,1" doraHai="75" who="2" fromWho="3" sc="212,0,357,0,206,10,225,-10" /><INIT seed="6,0,0,1,2,97" ten="212,357,216,215" oya="2" hai0="12,11,14,54,42,81,133,0,95,76,93,59,63" hai1="58,50,91,18,80,75,73,86,71,60,35,19,92" hai2="102,84,122,67,117,8,114,61,31,30,107,108,62" hai3="32,88,132,79,87,6,103,125,85,111,100,2,128"/><V66/><F114/><W37/><G111/><T57/><D133/><U129/><E35/><V27/><F117/><W9/><G132/><T44/><D0/><U20/><E129/><V104/><F122/><W23/><G32/><T53/><D44/><U34/><E34/><V49/><F108/><W135/><G135/><T112/><D42/><U105/><E105/><V121/><F121/><W119/><G128/><T5/><D14/><U106/><E106/><V29/><F27/><W38/><G119/><T48/><REACH who="0" step="1"/><D112/><REACH who="0" ten="202,357,216,215" step="2"/><U82/><E73/><AGARI ba="0,1" hai="5,11,12,48,53,54,57,59,63,73,76,81,93,95" machi="73" ten="30,3900,0" yaku="1,1,2,1,7,1,53,0" doraHai="97" doraHaiUra="40" who="0" fromWho="1" sc="202,49,357,-39,216,0,215,0" /><INIT seed="7,0,0,5,1,129" ten="251,318,216,215" oya="3" hai0="86,112,23,121,22,117,11,79,114,109,102,53,8" hai1="99,130,16,59,41,94,26,21,118,74,134,80,43" hai2="87,19,73,88,103,50,77,128,107,90,108,14,33" hai3="3,29,100,1,36,95,105,52,7,124,132,135,56"/><W64/><G105/><T85/><D109/><U35/><E130/><V28/><F108/><W10/><G36/><T126/><D117/><U9/><E118/><V47/><F128/><W91/><G100/><T6/><D121/><U58/><E35/><V75/><F90/><W17/><G29/><T65/><D65/><U25/><E134/><N who="3" m="51242" /><G64/><T24/><D102/><N who="1" m="60791" /><E74/><V46/><F103/><W71/><G71/><T40/><D40/><N who="1" m="15435" /><E80/><V101/><F101/><W122/><G122/><T62/><D53/><U84/><E84/><V81/><F107/><W68/><G68/><T63/><D79/><U0/><E0/><V12/><F75/><W69/><G69/><T61/><D86/><U123/><E123/><V70/><F70/><W27/><G124/><T4/><D126/><U97/><E9/><V20/><F33/><W48/><G3/><T82/><D114/><U76/><E76/><V96/><F73/><W31/><G17/><T111/><D112/><U93/><E26/><N who="2" m="14623" /><F28/><W106/><G106/><T113/><D24/><U98/><E98/><V32/><F32/><N who="3" m="20607" /><G91/><AGARI ba="0,0" hai="16,21,25,58,59,91,93,97" m="15435,60791" machi="91" ten="30,2000,0" yaku="8,1,54,1" doraHai="129" who="1" fromWho="3" sc="251,0,318,20,216,0,215,-20" owari="251,5.0,338,43.0,216,-18.0,195,-30.0" /></mjloggm>