<mjloggm ver="2.3"><GO type="169" lobby="0"/><UN n0="%E3%81%9C%E3%82%8D%E3%82%81%E3%81%90" n1="%E3%81%B5%E3%81%8B%E3%81%98" n2="%67%61%69%61%78%78%78" n3="%E5%B0%B1%E6%B4%BB%E7%94%9F%40%E5%B7%9D%E6%9D%91%E8%BB%8D%E5%9B%A3" dan="16,16,16,18" rate="2028.54,2159.91,2123.34,2229.98" sx="F,M,F,M"/><TAIKYOKU oya="0"/><INIT seed="0,0,0,2,4,100" ten="250,250,250,250" oya="0" hai0="33,111,57,112,108,66,6,8,49,115,103,55,52" hai1="98,96,27,28,129,23,50,35,116,71,60,126,63" hai2="125,62,45,31,113,32,127,114,122,44,79,123,19" hai3="102,51,58,118,36,120,92,42,99,1,130,48,46"/><T109/><D33/><U90/><E116/><V43/><F32/><W75/><G118/><T26/><D26/><U20/><E129/><V88/><F31/><W61/><G130/><T40/><D103/><U68/><E126/><N who="2" m="48139" /><F79/><W56/><G120/><N who="2" m="46121" /><F19/><W70/><G1/><N who="0" m="79" /><D40/><U37/><E37/><V29/><F29/><W41/><G75/><T24/><D66/><U131/><E131/><V106/><F106/><W76/><G76/><T7/><D7/><U86/><E35/><V65/><F88/><W91/><G91/><T2/><D2/><U85/><E28/><V47/><F43/><W4/><G4/><T101/><D24/><U69/><E90/><V78/><F78/><W17/><G17/><T82/><D82/><U18/><E27/><V22/><F22/><W16/><G16/><T94/><D55/><U105/><E18/><V77/><F77/><W117/><G117/><T119/><D119/><U53/><E53/><V80/><F80/><W59/><G41/><T38/><D38/><U39/><E39/><V64/><F64/><W107/><G92/><T11/><D11/><U128/><E128/><V0/><F0/><W10/><G10/><T81/><D81/><U84/><E23/><V14/><F14/><W104/><G104/><T95/><D95/><U54/><E20/><V9/><F9/><W132/><G102/><T121/><D121/><U25/><E25/><V34/><F34/><W83/><G42/><T133/><D101/><N who="1" m="62631" /><E98/><V12/><F12/><W135/><G99/><T67/><D67/><U73/><E73/><V89/><F89/><W15/><G36/><RYUUKYOKU ba="0,0" sc="250,-15,250,15,250,15,250,-15" hai1="50,54,60,63,68,69,71,84,85,86" hai2="44,45,47,62,65,113,114" /><INIT seed="1,1,0,1,3,68" ten="235,265,265,235" oya="1" hai0="97,15,124,14,45,80,5,57,67,47,11,116,114" hai1="4,90,121,120,76,0,30,50,53,1,51,58,10" hai2="44,106,26,109,70,119,19,61,134,39,84,2,22" hai3="46,122,24,42,74,83,133,128,77,38,23,103,73"/><U13/><E76/><V18/><F119/><W113/><G122/><T3/><D116/><U40/><E30/><V52/><F2/><W92/><G113/><T49/><D114/><U86/><E1/><V33/><F33/><W25/><G133/><T43/><D124/><U82/><E0/><V35/><F35/><W130/><G74/><T16/><D97/><U75/><E75/><V91/><F106/><W123/><G123/><T85/><D47/><U28/><E28/><V125/><F125/><W48/><G23/><T96/><D96/><U88/><REACH who="1" step="1"/><E90/><REACH who="1" ten="235,255,265,235" step="2"/><V131/><F91/><W60/><G128/><T17/><D3/><U111/><E111/><V79/><F109/><W20/><G130/><T101/><D101/><U62/><E62/><V108/><F61/><W66/><G103/><T41/><D41/><U54/><E54/><V87/><F52/><W115/><G60/><N who="0" m="38287" /><D14/><U31/><E31/><V64/><F108/><W78/><G77/><AGARI ba="1,1" hai="5,11,15,16,17,43,45,49,77,80,85" m="38287" machi="77" ten="30,3900,0" yaku="25,1,8,1,54,1" doraHai="68" who="0" fromWho="3" sc="235,52,255,0,265,0,235,-42" /><INIT seed="2,0,0,1,2,48" ten="287,255,265,193" oya="2" hai0="7,117,6,26,34,127,108,82,54,130,104,39,122" hai1="15,68,57,13,59,133,134,89,45,62,87,120,35" hai2="81,83,103,29,61,49,84,23,106,53,73,78,95" hai3="52,14,0,27,55,72,30,63,64,67,22,125,98"/><V111/><F106/><W10/><G72/><T70/><RYUUKYOKU type="yao9" ba="0,0" sc="287,0,255,0,265,0,193,0" hai0="6,7,26,34,39,54,70,82,104,108,117,122,127,130" /><INIT seed="2,1,0,5,1,124" ten="287,255,265,193" oya="2" hai0="86,14,0,134,53,93,16,74,26,2,117,62,84" hai1="49,46,98,34,30,96,37,17,48,120,97,125,68" hai2="80,3,104,83,101,128,109,132,69,36,126,52,60" hai3="65,44,6,100,116,130,13,38,119,76,42,131,91"/><V79/><F126/><W72/><G65/><T118/><D74/><U56/><E68/><V25/><F3/><W67/><G91/><T43/><D134/><U85/><E125/><V73/><F36/><W18/><G67/><T115/><D115/><U94/><E120/><V27/><F132/><W51/><G100/><T87/><D43/><N who="1" m="24671" /><E34/><V57/><F69/><W4/><G38/><T113/><D26/><U89/><E37/><V24/><F109/><W59/><G59/><N who="0" m="35183" /><D93/><N who="1" m="54447" /><E30/><V90/><F101/><W122/><G76/><T22/><D113/><U50/><E17/><V129/><REACH who="2" step="1"/><F104/><REACH who="2" ten="287,255,255,193" step="2"/><W70/><G70/><T1/><D1/><U106/><E106/><V92/><F92/><W135/><G122/><T102/><D102/><U10/><E94/><V112/><F112/><W15/><G135/><T99/><D0/><U103/><E103/><V33/><F33/><W54/><G116/><T20/><D2/><U29/><E96/><V63/><F63/><W55/><G119/><T123/><D123/><U88/><E97/><V105/><F105/><W108/><G108/><T7/><D118/><U35/><E98/><V23/><F23/><W8/><G72/><T77/><D117/><U64/><E35/><V58/><F58/><W11/><REACH who="3" step="1"/><G18/><REACH who="3" ten="287,255,255,183" step="2"/><T28/><D16/><U41/><E64/><V114/><F114/><W39/><G39/><T95/><D99/><U107/><E107/><V21/><F21/><W32/><G32/><T121/><D22/><U5/><E56/><V19/><F19/><W133/><G133/><T12/><D20/><U47/><E47/><V78/><F78/><RYUUKYOKU ba="1,2" sc="287,-15,255,-15,255,15,183,15" hai2="24,25,27,52,57,60,73,79,80,83,90,128,129" hai3="4,6,8,11,13,15,42,44,51,54,55,130,131" /><INIT seed="2,2,2,5,3,88" ten="272,240,270,198" oya="2" hai0="129,40,77,108,120,128,42,86,74,106,133,48,21" hai1="124,19,66,80,101,28,6,60,53,38,0,94,37" hai2="115,4,91,39,103,11,64,35,65,20,45,116,99" hai3="52,41,10,29,118,134,30,23,15,117,111,67,51"/><V87/><F115/><W49/><G134/><T68/><D120/><U32/><E124/><V24/><F35/><W96/><G111/><T34/><D34/><U114/><E114/><V69/><F69/><W132/><G132/><T75/><D133/><U47/><E19/><V73/><F73/><W72/><G72/><T12/><D106/><U57/><E80/><V105/><F116/><W25/><G67/><T93/><D68/><U50/><E6/><V92/><F45/><N who="3" m="25775" /><G118/><T1/><D1/><U122/><E0/><V126/><F39/><W90/><G117/><T59/><D108/><U131/><E131/><N who="0" m="50249" /><D75/><U70/><E122/><V17/><REACH who="2" step="1"/><F126/><REACH who="2" ten="272,240,260,198" step="2"/><W98/><G30/><T107/><D74/><U9/><E70/><V84/><F84/><W104/><G104/><T46/><D107/><U130/><E130/><V81/><F81/><W85/><G85/><T135/><D86/><U54/><E37/><V121/><F121/><W109/><G109/><T78/><D135/><U44/><E38/><V26/><F26/><W27/><G25/><T14/><D46/><U3/><E44/><V123/><F123/><W31/><G31/><T102/><D42/><U95/><E28/><V62/><F62/><W89/><G98/><T22/><D40/><U125/><E125/><V8/><F8/><W113/><G96/><T7/><D22/><U110/><E9/><V18/><F18/><N who="3" m="8567" /><G113/><T2/><D21/><U100/><E110/><V71/><F71/><W56/><AGARI ba="2,3" hai="23,27,29,51,52,56,89,90" m="8567,25775" machi="56" ten="30,2000,0" yaku="8,1,54,1" doraHai="88" who="3" fromWho="3" sc="272,-7,240,-7,260,-12,198,56" /><INIT seed="3,0,0,0,4,5" ten="265,233,248,254" oya="3" hai0="101,67,59,19,20,82,66,23,93,17,36,88,15" hai1="120,1,14,55,87,80,128,54,95,84,133,39,47" hai2="126,9,97,109,107,21,49,4,123,121,42,119,89" hai3="51,94,48,117,78,115,8,114,50,104,37,102,40"/><W46/><G117/><T35/><D35/><U16/><E120/><N who="2" m="46155" /><F119/><W113/><G104/><T135/><D36/><U76/><E1/><V30/><F126/><W65/><G78/><T130/><D135/><U52/><E133/><V83/><F109/><W29/><G29/><T53/><D130/><U131/><E39/><V69/><F69/><W45/><G102/><T25/><D101/><U124/><E124/><V0/><F21/><W122/><G94/><T110/><D82/><U112/><E112/><V75/><F30/><W73/><G73/><T24/><D15/><U62/><E62/><V100/><F49/><W72/><G72/><T118/><D110/><U28/><E28/><V13/><F42/><W44/><G122/><T12/><D12/><U57/><E57/><V105/><F0/><W77/><G77/><T132/><D132/><U11/><REACH who="1" step="1"/><E47/><REACH who="1" ten="265,223,248,254" step="2"/><V64/><F64/><W31/><G31/><T134/><D134/><U41/><E41/><V71/><F71/><W81/><G65/><T70/><D70/><U3/><E3/><V111/><F111/><W6/><REACH who="3" step="1"/><G81/><REACH who="3" ten="265,223,248,244" step="2"/><T18/><D118/><U60/><E60/><V26/><F83/><W32/><G32/><T92/><D67/><U91/><AGARI ba="0,2" hai="11,14,16,52,54,55,76,80,84,87,91,95,128,131" machi="91" ten="30,8000,1" yaku="1,1,0,1,52,1,54,2,53,0" doraHai="5" doraHaiUra="63" who="1" fromWho="1" sc="265,-20,223,100,248,-20,244,-40" /><INIT seed="4,0,0,4,3,17" ten="245,323,228,204" oya="0" hai0="47,84,36,87,134,55,112,108,49,83,99,53,71" hai1="115,72,30,13,94,92,61,41,74,70,121,21,125" hai2="22,128,68,9,10,26,44,124,42,91,39,116,123" hai3="1,93,89,37,97,133,58,82,109,67,18,19,120"/><T131/><D112/><U127/><E121/><V95/><F123/><W77/><G109/><T38/><D108/><U2/><E2/><V56/><F68/><W29/><G120/><T54/><D134/><U107/><E107/><V98/><F116/><W31/><G1/><T118/><D118/><U75/><E115/><V81/><F128/><W85/><G37/><T50/><D71/><U51/><E41/><V122/><F122/><W43/><G43/><T20/><D131/><U23/><E51/><V65/><F124/><N who="1" m="47689" /><E30/><V7/><F81/><W106/><G106/><T46/><D99/><U132/><E132/><V5/><F10/><W35/><G133/><T129/><D129/><U25/><E25/><V27/><F27/><W24/><G31/><T80/><D54/><U117/><E13/><V96/><F96/><W3/><G3/><T78/><D78/><U66/><E117/><V4/><F9/><W119/><G119/><T88/><D88/><U104/><E104/><V33/><F33/><W105/><G105/><T52/><D55/><U69/><E69/><V14/><F14/><W101/><G77/><T45/><D45/><U110/><E110/><V90/><F90/><W79/><G79/><T102/><D102/><U48/><E48/><V73/><F73/><W11/><G11/><T114/><D114/><U15/><E15/><V59/><REACH who="2" step="1"/><F65/><REACH who="2" ten="245,323,218,204" step="2"/><W32/><G32/><T62/><D80/><U113/><E113/><V126/><F126/><W40/><G40/><T0/><D83/><U60/><E70/><V8/><F8/><W57/><G67/><T28/><D0/><RYUUKYOKU ba="0,1" sc="245,-15,323,-15,218,15,204,15" hai2="4,5,7,22,26,39,42,44,56,59,91,95,98" hai3="18,19,24,29,35,57,58,82,85,89,93,97,101" /><INIT seed="5,1,1,3,3,92" ten="230,308,233,219" oya="1" hai0="54,134,3,114,45,109,43,83,128,104,15,131,26" hai1="28,50,2,99,56,52,29,98,90,75,48,120,36" hai2="24,7,69,135,4,106,87,68,38,78,42,107,5" hai3="23,130,22,118,112,110,32,62,64,14,113,11,129"/><U85/><E120/><V100/><F135/><W76/><G76/><T82/><D3/><U74/><E36/><V16/><F38/><W70/><G32/><T115/><D109/><U65/><E2/><V37/><F37/><W126/><G110/><T88/><D134/><U53/><E65/><V6/><F42/><W79/><G79/><T21/><D15/><U102/><E102/><V33/><F33/><W35/><G35/><T89/><D54/><U58/><E85/><V18/><F18/><N who="3" m="8543" /><G126/><T73/><D104/><U49/><E49/><V119/><F107/><W8/><G8/><T17/><D45/><U10/><E90/><N who="0" m="34921" /><D43/><U101/><E101/><V20/><N who="2" m="1024" /><DORA hai="31" /><V47/><F47/><W34/><G34/><T44/><D44/><U97/><E10/><V27/><F27/><W125/><G125/><T77/><D82/><U95/><E95/><V51/><F51/><W105/><G105/><T80/><D80/><U121/><E121/><V61/><F61/><W133/><G133/><T96/><D96/><U86/><E86/><V132/><F132/><W108/><G108/><T81/><D81/><U103/><E103/><V59/><F106/><W63/><G63/><T41/><D41/><U19/><E19/><V66/><F78/><W55/><G55/><T127/><D127/><U84/><E84/><V46/><F87/><W116/><G116/><T1/><D1/><U9/><E9/><V57/><F119/><W122/><G122/><T40/><D40/><U111/><E111/><V39/><F39/><W67/><G118/><T30/><D17/><U91/><E91/><RYUUKYOKU ba="1,1" sc="230,15,308,15,233,-15,219,-15" hai0="21,26,30,73,77,83,114,115,128,131" hai1="28,29,48,50,52,53,56,58,74,75,97,98,99" /><INIT seed="5,2,1,4,2,24" ten="245,323,218,204" oya="1" hai0="107,127,99,11,54,131,100,10,32,108,64,65,39" hai1="33,56,44,50,74,94,125,103,9,40,121,17,71" hai2="8,128,106,129,42,41,26,122,88,89,23,113,57" hai3="77,58,59,70,47,22,29,84,31,69,117,130,132"/><U85/><E71/><V135/><F106/><W72/><G72/><T45/><D108/><U15/><E121/><V35/><F122/><W52/><G70/><T36/><D127/><U28/><E74/><V18/><F35/><W60/><G69/><T90/><D131/><N who="2" m="50250" /><F8/><W61/><G130/><T0/><D32/><U92/><E125/><V83/><F135/><W133/><G117/><T86/><D39/><U124/><E124/><V12/><F113/><W5/><G5/><T30/><D30/><N who="3" m="11273" /><G47/><T102/><D0/><U53/><E103/><V13/><F57/><N who="3" m="34855" /><G61/><T34/><D45/><U48/><E33/><V134/><F134/><N who="3" m="51819" /><G22/><T87/><D34/><U27/><E44/><V118/><F118/><W119/><G119/><T16/><D10/><U19/><E9/><V21/><F21/><W95/><G95/><T20/><D11/><U66/><E92/><V62/><F62/><W3/><G3/><T4/><D20/><U101/><E94/><V97/><F97/><W116/><G116/><T2/><D99/><U51/><E28/><V37/><F37/><W105/><G105/><T109/><D36/><U43/><E19/><V1/><F1/><W7/><G7/><T6/><D2/><U126/><E17/><V91/><F41/><W14/><G14/><N who="2" m="5737" /><F42/><W81/><AGARI ba="2,1" hai="58,59,77,81,84" m="51819,34855,11273" machi="81" ten="30,8000,1" yaku="20,1,52,3,54,1" doraHai="24" who="3" fromWho="3" sc="245,-22,323,-42,218,-22,204,96" /><INIT seed="6,0,0,3,0,133" ten="223,281,196,300" oya="2" hai0="89,63,58,52,87,111,20,92,45,19,91,95,21" hai1="128,105,129,56,13,10,130,18,39,14,64,98,0" hai2="8,127,40,76,17,96,47,68,71,72,90,121,25" hai3="60,29,4,67,54,62,123,41,5,30,112,27,116"/><V77/><F121/><W42/><G123/><T113/><D113/><U110/><E110/><V88/><F71/><W119/><G112/><T59/><D111/><U114/><E39/><V73/><F68/><W2/><G2/><T22/><D45/><U49/><E114/><V43/><F73/><W1/><G1/><T12/><REACH who="0" step="1"/><D59/><REACH who="0" ten="213,281,196,300" step="2"/><U84/><E56/><V51/><F72/><W57/><G116/><T108/><D108/><U44/><E44/><V66/><F66/><W38/><G119/><T9/><D9/><U55/><E10/><V85/><F43/><W46/><G42/><T15/><D15/><U115/><E14/><N who="2" m="7367" /><F127/><W99/><G67/><T135/><D135/><U70/><E13/><V28/><F25/><W117/><G117/><T69/><D69/><U32/><E64/><V81/><F28/><W65/><G30/><T33/><D33/><U118/><E32/><V35/><F35/><W34/><G65/><T109/><D109/><U24/><E70/><V6/><F6/><W11/><G11/><T75/><D75/><U74/><E24/><V102/><F102/><W23/><G34/><T106/><D106/><U53/><E74/><V122/><F122/><W101/><G60/><T16/><D16/><U107/><E18/><V83/><F83/><W100/><G100/><T26/><D26/><U97/><E115/><V131/><F131/><W94/><AGARI ba="0,1" hai="4,5,23,27,29,38,41,46,54,57,62,94,99,101" machi="94" ten="20,1500,0" yaku="0,1,7,1" doraHai="133" who="3" fromWho="3" sc="213,-4,281,-4,196,-7,300,25" /><INIT seed="7,0,0,3,1,27" ten="209,277,189,325" oya="3" hai0="67,34,58,14,130,20,12,19,133,96,46,94,122" hai1="15,95,31,29,39,90,23,59,71,103,106,21,104" hai2="64,16,129,132,128,91,0,127,3,82,37,134,69" hai3="124,66,63,33,13,57,97,47,52,116,70,126,102"/><W105/><G33/><T5/><D34/><U73/><E71/><V76/><F37/><W10/><G116/><T125/><D122/><U44/><E73/><V35/><F35/><W32/><G32/><T87/><D125/><N who="3" m="48233" /><G47/><T22/><D133/><N who="2" m="51306" /><F127/><W123/><G123/><T4/><D130/><N who="2" m="50282" /><F91/><W135/><G135/><T53/><D87/><U108/><E90/><V56/><F56/><W50/><G13/><T24/><D46/><U131/><E15/><V117/><F117/><W55/><G55/><T74/><D67/><U36/><E44/><V92/><F92/><N who="3" m="58663" /><G10/><T8/><D14/><U26/><E95/><V89/><F89/><W88/><G88/><N who="0" m="55367" /><D74/><U75/><E75/><N who="2" m="43295" /><F16/><W43/><G43/><T7/><D22/><U17/><E131/><V38/><F38/><W83/><G83/><T110/><D110/><U61/><E108/><V113/><F113/><W86/><G86/><T93/><D93/><U101/><E59/><V99/><F99/><W119/><G119/><T109/><D109/><U81/><E81/><V1/><F64/><W65/><G66/><T51/><AGARI ba="0,0" hai="4,5,7,8,12,19,20,24,51,53,58" m="55367" machi="51" ten="30,2000,0" yaku="8,1,54,1" doraHai="27" who="0" fromWho="0" sc="209,20,277,-5,189,-5,325,-10" owari="229,-17.0,272,7.0,184,-32.0,315,42.0" /></mjloggm>