<mjloggm ver="2.3"><GO type="169" lobby="0"/><UN n0="%E3%82%A2%E3%83%95%E3%83%AA%E3%82%AB" n1="%E3%83%95%E3%82%A1%E3%83%B3%E3%83%95%E3%82%A1%E3%83%BC%E3%83%AC" n2="%E3%81%99%E3%81%BF%E3%82%84%E3%81%AB" n3="%E5%B0%B1%E6%B4%BB%E7%94%9F%40%E5%B7%9D%E6%9D%91%E8%BB%8D%E5%9B%A3" dan="16,16,18,17" rate="2103.63,2130.68,2248.83,2253.76" sx="M,M,M,M"/><TAIKYOKU oya="0"/><INIT seed="0,0,0,0,2,16" ten="250,250,250,250" oya="0" hai0="93,12,14,46,107,51,89,74,97,82,69,52,34" hai1="73,128,1,68,23,80,55,78,104,40,20,114,130" hai2="65,28,98,10,117,36,102,4,119,22,42,134,95" hai3="101,112,118,105,35,99,26,132,9,79,5,61,15"/><T44/><D34/><U127/><E1/><V91/><F134/><W129/><G112/><T70/><D107/><U108/><E114/><V31/><F36/><W126/><G118/><T56/><D46/><U37/><E68/><V76/><F42/><W67/><G132/><T19/><D14/><U63/><E104/><V43/><F43/><W21/><G126/><T59/><D59/><N who="1" m="35327" /><E127/><V124/><F76/><W131/><G79/><T25/><D25/><U32/><E32/><V41/><F41/><W39/><G39/><T6/><D6/><U121/><E121/><V3/><F124/><W27/><G35/><T64/><D74/><U48/><E48/><V116/><F65/><W120/><G27/><T62/><REACH who="0" step="1"/><D82/><REACH who="0" ten="240,250,250,250" step="2"/><U133/><E133/><V125/><F125/><W103/><G120/><T96/><D96/><U123/><E123/><V72/><F72/><W38/><G38/><T71/><D71/><U86/><E73/><V92/><REACH who="2" step="1"/><F22/><AGARI ba="0,1" hai="12,19,22,44,51,52,56,62,64,69,70,89,93,97" machi="22" ten="30,12000,1" yaku="1,1,7,1,52,1,54,1,53,1" doraHai="16" doraHaiUra="17" who="0" fromWho="2" sc="240,130,250,0,250,-120,250,0" /><INIT seed="0,1,0,3,5,67" ten="370,250,130,250" oya="0" hai0="27,126,113,57,131,119,64,2,36,46,31,87,11" hai1="69,13,25,102,21,128,59,68,54,81,34,95,53" hai2="19,51,115,117,103,32,132,42,90,39,109,14,104" hai3="89,111,124,61,70,8,106,75,114,134,22,38,133"/><T116/><D113/><U127/><E128/><V5/><F115/><W74/><G22/><T49/><D36/><U30/><E127/><V18/><F32/><W72/><G89/><T48/><D131/><U7/><E81/><V23/><F39/><W15/><G106/><T37/><D37/><U100/><E54/><V0/><F109/><W28/><G28/><T78/><D126/><U82/><E82/><V35/><F132/><N who="3" m="50795" /><G114/><T60/><D49/><U43/><E43/><V56/><F117/><W130/><G124/><T45/><D45/><U41/><E41/><V94/><F35/><W66/><G38/><T97/><D97/><U83/><E83/><V24/><F104/><W107/><G107/><T88/><D78/><U63/><E7/><V47/><F103/><W76/><G130/><T98/><D98/><U9/><E9/><V79/><F79/><W118/><G118/><T16/><D2/><U91/><E102/><V125/><F125/><W77/><G111/><T4/><D4/><AGARI ba="1,0" hai="4,8,15,61,66,70,72,74,75,76,77" m="50795" machi="4" ten="40,2600,0" yaku="20,1,52,1" doraHai="67" who="3" fromWho="0" sc="370,-29,250,0,130,0,250,29" /><INIT seed="1,0,0,5,2,124" ten="341,250,130,279" oya="1" hai0="69,91,115,118,42,0,48,83,72,30,84,76,116" hai1="131,96,27,79,7,110,32,26,97,90,105,93,71" hai2="82,128,106,15,31,125,119,78,73,16,98,13,4" hai3="3,99,18,57,62,117,89,58,127,54,88,66,20"/><U8/><E110/><V92/><F119/><W23/><G127/><T102/><D69/><U35/><E71/><V36/><F36/><W133/><G133/><T22/><D0/><U59/><E79/><V37/><F37/><W130/><G3/><T17/><D115/><U28/><E59/><V9/><F125/><W38/><G38/><T134/><D134/><U46/><E46/><V113/><F113/><W53/><G117/><T120/><D120/><U75/><E75/><V122/><F122/><W10/><G130/><T67/><D67/><U86/><E131/><V44/><F31/><W1/><G99/><T61/><D61/><U39/><E39/><V41/><F106/><W29/><G66/><T11/><D102/><U80/><E105/><V5/><F128/><W123/><G123/><T6/><D30/><U45/><E45/><V112/><F112/><W2/><G2/><T25/><D48/><U109/><E97/><V103/><F44/><W77/><G77/><T68/><D42/><U63/><E63/><V19/><REACH who="2" step="1"/><F41/><REACH who="2" ten="341,250,120,279" step="2"/><W81/><G29/><T108/><D108/><U64/><E109/><V12/><F12/><N who="3" m="7447" /><G1/><T33/><D118/><U52/><E32/><V56/><F56/><W85/><G89/><T21/><D33/><U51/><E35/><V111/><F111/><W114/><G114/><T14/><D68/><U65/><E28/><V107/><F107/><W87/><G58/><T94/><D116/><U135/><E135/><V60/><F60/><W74/><G57/><T24/><D24/><U50/><E27/><V121/><F121/><W104/><G62/><RYUUKYOKU ba="0,1" sc="341,15,250,-15,120,15,279,-15" hai0="6,11,14,17,21,22,25,72,76,83,84,91,94" hai2="4,5,9,13,15,16,19,73,78,82,92,98,103" /><INIT seed="2,1,1,2,0,110" ten="356,235,135,264" oya="2" hai0="104,12,109,43,37,72,16,121,65,92,81,84,62" hai1="28,58,21,67,76,97,48,61,25,46,82,134,75" hai2="45,53,50,14,133,71,124,114,130,132,0,35,101" hai3="11,100,39,9,116,108,102,73,128,77,129,55,63"/><V1/><F35/><W85/><G108/><T74/><D109/><U44/><E134/><N who="2" m="51819" /><F71/><W96/><G116/><T126/><D104/><U51/><REACH who="1" step="1"/><E97/><REACH who="1" ten="356,225,135,264" step="2"/><V64/><F1/><W17/><G96/><T70/><D121/><U120/><E120/><V105/><F0/><W127/><G127/><T79/><D126/><U57/><E57/><V106/><F124/><W117/><G117/><T40/><D37/><U69/><E69/><V42/><F130/><W34/><G128/><T80/><D74/><U89/><E89/><V18/><F101/><W115/><G73/><T88/><REACH who="0" step="1"/><D92/><REACH who="0" ten="346,225,135,264" step="2"/><U122/><E122/><V32/><F106/><W131/><G129/><T135/><D135/><U78/><E78/><V23/><F105/><W56/><G77/><T86/><D86/><U47/><AGARI ba="1,3" hai="21,25,28,44,46,47,48,51,58,61,67,75,76,82" machi="47" ten="30,2000,0" yaku="1,1,0,1,53,0" doraHai="110" doraHaiUra="38" who="1" fromWho="1" sc="346,-6,225,53,135,-11,264,-6" /><INIT seed="3,0,0,5,1,54" ten="340,278,124,258" oya="3" hai0="46,2,127,12,114,59,41,21,16,83,109,38,56" hai1="40,26,81,5,13,104,74,120,60,101,4,115,61" hai2="110,8,106,11,111,122,7,121,53,30,65,48,3" hai3="24,37,117,22,77,94,62,78,133,100,128,90,35"/><W25/><G37/><T10/><D109/><N who="2" m="41482" /><F106/><W98/><G117/><T135/><D135/><U82/><E40/><V19/><F65/><W89/><G133/><T131/><D131/><U44/><E44/><V76/><F76/><N who="3" m="29291" /><G35/><T15/><D2/><U70/><E61/><V118/><F118/><W47/><G128/><T130/><D130/><U86/><E13/><N who="2" m="7615" /><F48/><W29/><G25/><T80/><D127/><U17/><E60/><V125/><F53/><W0/><G0/><T129/><D129/><U97/><E70/><V116/><F116/><W132/><G132/><T14/><D114/><U102/><E104/><V27/><F125/><W45/><G62/><T96/><D96/><U50/><E97/><V73/><F73/><W42/><G42/><T99/><D99/><U92/><E50/><V75/><F75/><W124/><G124/><T123/><D123/><U119/><E74/><V36/><F36/><W18/><G29/><T32/><D32/><AGARI ba="0,0" hai="3,7,8,27,30,32,121,122" m="7615,41482" machi="32" ten="30,3900,0" yaku="14,1,34,2" doraHai="54" who="2" fromWho="0" sc="340,-39,278,0,124,39,258,0" /><INIT seed="4,0,0,1,4,89" ten="301,278,163,258" oya="0" hai0="44,66,26,65,64,53,40,128,97,81,2,74,49" hai1="112,7,87,100,92,67,110,93,126,72,54,103,19" hai2="101,3,46,37,11,62,86,10,52,105,0,108,111" hai3="57,122,61,63,98,83,116,107,14,42,117,75,32"/><T96/><D2/><U27/><E72/><V4/><F37/><W23/><G32/><T68/><D68/><U130/><E110/><V80/><F105/><W38/><G122/><T25/><D128/><U133/><E130/><V121/><F101/><N who="1" m="38985" /><E133/><V43/><F121/><W30/><G107/><T36/><D74/><U69/><E69/><V18/><F18/><W16/><G98/><T15/><D81/><U77/><E67/><V118/><F118/><W73/><G30/><T21/><D15/><U31/><E31/><V127/><F127/><W123/><G123/><T60/><D26/><U71/><E71/><V39/><F11/><W106/><G106/><T131/><D131/><U135/><E135/><V82/><F3/><W79/><G73/><T34/><D34/><U129/><E112/><V134/><F134/><W51/><G38/><T125/><D125/><U114/><E7/><V102/><F102/><W88/><G88/><T48/><D60/><U28/><E28/><V91/><REACH who="2" step="1"/><F82/><REACH who="2" ten="301,278,153,258" step="2"/><W94/><G116/><T20/><D36/><U56/><E126/><V90/><F90/><W45/><G117/><T12/><D12/><U59/><E129/><V95/><F95/><N who="1" m="36425" /><E114/><V109/><F109/><W84/><G94/><T132/><D132/><U55/><E19/><V70/><F70/><W13/><G75/><T8/><D97/><U47/><E27/><V113/><F113/><W1/><G1/><T104/><D96/><U41/><E87/><V17/><F17/><W124/><G124/><T29/><D104/><U85/><E85/><V9/><F9/><W99/><G84/><RYUUKYOKU ba="0,1" sc="301,-10,278,-10,153,30,258,-10" hai2="0,4,10,39,43,46,52,62,80,86,91,108,111" /><INIT seed="5,1,1,3,4,88" ten="291,268,183,248" oya="1" hai0="77,29,26,124,4,23,118,66,54,62,11,86,47" hai1="65,56,0,117,130,71,79,10,1,27,67,135,75" hai2="55,9,53,61,116,123,21,68,83,60,69,131,119" hai3="18,121,13,35,72,70,7,50,111,58,12,45,64"/><U89/><E117/><N who="2" m="45131" /><F21/><W25/><G72/><T8/><D118/><U80/><E130/><V37/><F9/><N who="3" m="4159" /><G70/><N who="2" m="27241" /><F83/><W40/><G35/><T115/><D115/><U38/><E89/><V132/><F37/><W105/><G111/><T6/><D124/><U109/><E38/><V33/><F33/><W5/><G105/><T46/><D66/><U99/><E27/><V73/><F73/><W57/><G64/><T102/><D102/><U76/><E76/><V74/><F74/><W114/><G114/><T28/><D28/><U94/><E10/><N who="0" m="3625" /><D47/><U81/><E0/><V112/><F112/><W51/><G121/><T20/><D20/><U122/><E1/><V128/><F123/><W133/><G133/><T87/><D87/><U42/><E135/><V2/><F2/><W100/><G100/><T19/><D29/><U104/><E122/><V92/><F132/><W43/><G5/><T125/><D125/><U15/><E104/><V103/><F103/><W110/><G110/><T39/><D39/><U32/><E32/><V41/><F41/><W113/><G113/><T108/><D108/><U14/><E42/><V49/><F92/><W106/><G106/><T17/><D17/><U97/><E109/><V52/><F49/><W24/><G43/><T107/><D107/><U16/><E16/><V82/><F82/><W126/><G126/><T98/><D6/><U48/><E71/><V63/><AGARI ba="1,1" hai="52,53,55,60,61,63,128,131" m="27241,45131" machi="63" ten="40,8000,1" yaku="28,2,34,2,54,1" doraHai="88" who="2" fromWho="2" sc="291,-21,268,-41,183,93,248,-21" /><INIT seed="6,0,0,2,2,38" ten="270,227,276,227" oya="2" hai0="68,9,74,127,111,32,14,118,50,8,78,96,24" hai1="27,47,34,55,112,100,1,7,51,19,70,135,23" hai2="40,120,116,58,129,134,113,30,71,132,106,72,29" hai3="64,128,95,41,25,22,101,124,62,28,16,33,87"/><V98/><F71/><W82/><G124/><T56/><D68/><U2/><E112/><V117/><F72/><W122/><G122/><T15/><D127/><U18/><E135/><N who="2" m="51755" /><F120/><W80/><G128/><T104/><D111/><U121/><E121/><V94/><F106/><W26/><G41/><T107/><D118/><U5/><E70/><V43/><F113/><W97/><REACH who="3" step="1"/><G87/><REACH who="3" ten="270,227,276,217" step="2"/><T49/><D74/><U93/><E2/><V131/><F117/><W10/><G10/><T79/><D9/><U42/><E1/><V123/><F116/><W61/><G61/><T115/><D8/><U69/><E42/><N who="2" m="15915" /><F123/><W77/><G77/><T37/><D79/><U63/><E63/><V84/><F84/><W89/><G89/><T11/><D78/><U73/><E73/><V133/><F133/><W110/><G110/><T59/><D37/><U0/><E0/><V3/><F3/><W125/><G125/><T13/><D115/><U102/><E102/><N who="2" m="60759" /><F131/><W65/><G65/><T76/><D11/><U6/><E100/><V54/><F129/><W46/><G46/><T114/><D114/><U91/><E47/><V45/><F45/><W53/><G53/><T48/><D76/><U109/><E55/><V36/><F36/><W86/><G86/><T35/><D96/><U105/><E93/><V39/><F39/><W92/><G92/><T12/><D107/><U103/><E105/><V4/><F4/><W90/><G90/><T81/><D104/><U67/><E91/><V83/><F83/><W20/><G20/><T57/><N who="0" m="3072" /><DORA hai="21" /><T17/><D81/><U44/><E23/><AGARI ba="0,1" hai="17,23,24,32,35,48,49,50,56,57,59" m="3072" machi="23" ten="60,8000,1" yaku="6,1,29,2,52,1" doraHai="38,21" who="0" fromWho="1" sc="270,90,227,-80,276,0,217,0" /><INIT seed="7,0,0,4,3,11" ten="360,147,276,217" oya="3" hai0="70,37,80,16,120,41,13,18,85,45,123,92,7" hai1="26,59,10,119,42,2,1,35,104,79,118,32,48" hai2="100,51,52,89,63,50,66,46,81,9,64,132,91" hai3="31,44,77,27,108,90,116,106,23,88,17,49,115"/><W99/><G116/><N who="1" m="44586" /><E48/><V128/><F132/><W55/><G115/><T30/><D70/><U133/><E59/><V53/><F128/><W47/><G108/><T95/><D30/><U121/><E42/><V94/><F100/><W117/><G117/><T56/><D18/><U5/><E79/><V20/><F20/><W6/><G6/><T107/><D107/><U86/><E86/><V83/><F9/><W24/><G77/><T38/><D38/><U61/><E61/><V135/><F135/><W29/><G47/><T134/><D134/><U71/><E71/><V21/><F21/><W78/><G78/><T103/><D7/><N who="1" m="1391" /><E104/><V97/><F63/><W58/><G44/><T19/><D19/><U74/><E74/><V65/><F91/><N who="3" m="34859" /><G106/><T67/><D103/><U93/><E93/><V98/><F98/><W110/><G110/><T130/><D95/><U109/><E109/><V62/><F62/><W129/><G99/><T57/><D92/><U28/><E133/><V101/><F101/><W112/><G129/><T114/><D130/><U22/><E121/><V4/><F83/><W84/><G84/><T122/><D114/><U15/><E2/><V40/><F81/><W39/><G39/><T14/><D85/><U75/><E75/><V82/><F82/><W124/><G112/><T105/><D80/><U60/><E60/><V43/><F43/><W113/><G113/><T36/><D105/><U73/><E73/><V33/><F40/><W8/><G58/><T25/><D123/><U76/><E76/><V125/><F97/><W69/><G69/><T102/><D122/><RYUUKYOKU ba="0,0" sc="360,-10,147,30,276,-10,217,-10" hai1="5,15,22,26,28,32,35" owari="350,44.0,177,-32.0,266,7.0,207,-19.0" /></mjloggm>