<mjloggm ver="2.3"><GO type="169" lobby="0"/><UN n0="%E3%82%BF%E3%82%AD%E3%83%88%E3%83%BC%E3%83%AB" n1="%E3%83%88%E3%83%88%E3%83%AA%E5%85%88%E7%94%9F%31%39%E6%AD%B3" n2="%64%6F%6F%6F%6F%77%79" n3="%4B%55%5A%55" dan="16,18,17,16" rate="2096.05,2206.32,2191.84,2085.40" sx="M,F,M,M"/><TAIKYOKU oya="0"/><INIT seed="0,0,0,2,2,70" ten="250,250,250,250" oya="0" hai0="24,3,8,111,15,99,26,34,110,51,22,133,41" hai1="9,59,69,84,127,76,126,118,115,30,108,6,73" hai2="114,38,93,77,39,68,7,109,2,45,35,98,131" hai3="78,37,105,31,58,90,42,27,88,33,94,85,83"/><T86/><D99/><U36/><E69/><V64/><F35/><W10/><G105/><T21/><D51/><U87/><E118/><V134/><F114/><W16/><G42/><T123/><D86/><U96/><E115/><V82/><F109/><N who="0" m="41482" /><D41/><U13/><E108/><V29/><F29/><W5/><G37/><T43/><D43/><U50/><E36/><V89/><F45/><W107/><G107/><T71/><D71/><U101/><E73/><V46/><F46/><W91/><G58/><T112/><D112/><U60/><E30/><V28/><F28/><W49/><G49/><T48/><D48/><U19/><E19/><V66/><F131/><W67/><G67/><T121/><D34/><U124/><E50/><V4/><F66/><W75/><REACH who="3" step="1"/><G16/><REACH who="3" ten="250,250,250,240" step="2"/><N who="0" m="12359" /><D133/><U106/><E76/><V119/><F134/><W100/><G100/><T23/><D3/><AGARI ba="0,1" hai="3,5,10,27,31,33,75,78,83,85,88,90,91,94" machi="3" ten="30,3900,0" yaku="1,1,7,1,54,1,53,0" doraHai="70" doraHaiUra="128" who="3" fromWho="0" sc="250,-39,250,0,250,0,240,49" /><INIT seed="1,0,0,4,0,22" ten="211,250,250,289" oya="1" hai0="12,39,92,78,26,42,96,114,129,94,108,13,63" hai1="40,118,33,27,128,100,34,61,113,89,123,21,18" hai2="17,99,64,72,70,85,87,127,90,16,25,48,6" hai3="55,7,97,79,8,124,121,135,3,36,54,41,117"/><U83/><E113/><V19/><F72/><W76/><G121/><T101/><D114/><U126/><E123/><V52/><F127/><W28/><G124/><T102/><D129/><U49/><E118/><V115/><F115/><W14/><G117/><T84/><D108/><U59/><E126/><V69/><F6/><W132/><G28/><T2/><D2/><U11/><E128/><V130/><F130/><W53/><G3/><T24/><D42/><U58/><E100/><V86/><F64/><W71/><G71/><T67/><D39/><U125/><E125/><V88/><F25/><N who="0" m="9834" /><D63/><U47/><E59/><V131/><F131/><W29/><G29/><T4/><D67/><U68/><E68/><V62/><F62/><W111/><G111/><T30/><D30/><U103/><E11/><V77/><F77/><W5/><G41/><T1/><D1/><U73/><E103/><V106/><F90/><W120/><G36/><T66/><D66/><U107/><E107/><V133/><F133/><W105/><G120/><T65/><D65/><U31/><E31/><V43/><F43/><W23/><G79/><T98/><D4/><U57/><E61/><V10/><F10/><W110/><G7/><T51/><D51/><U91/><E34/><V134/><F134/><W109/><G132/><T81/><AGARI ba="0,0" hai="12,13,78,81,84,92,94,96,98,101,102" m="9834" machi="81" ten="30,7900,0" yaku="8,1,52,3" doraHai="22" who="0" fromWho="0" sc="211,79,250,-39,250,-20,289,-20" /><INIT seed="2,0,0,4,1,120" ten="290,211,230,269" oya="2" hai0="65,103,6,29,126,28,63,76,104,81,61,129,114" hai1="98,85,27,46,40,26,78,37,39,79,45,100,8" hai2="89,119,127,14,132,54,87,77,115,35,68,4,112" hai3="69,117,116,109,102,111,17,5,72,20,41,21,96"/><V48/><F35/><W33/><G33/><T83/><D114/><U80/><E78/><V107/><F68/><W16/><G72/><T32/><D126/><U134/><E134/><V91/><F107/><W60/><G5/><T122/><D129/><U34/><E34/><V121/><F121/><W66/><G41/><T125/><D125/><U3/><E3/><V13/><F127/><W42/><G42/><T128/><D128/><U15/><E45/><V11/><F132/><W22/><G116/><T0/><D122/><U44/><E44/><V50/><F119/><W56/><G69/><T124/><D124/><U86/><E86/><V53/><F77/><W130/><G130/><T101/><D76/><U38/><E98/><V19/><F87/><W67/><G67/><T25/><D32/><U94/><E94/><V10/><F4/><W73/><G73/><T12/><D6/><N who="1" m="3479" /><E100/><V51/><F51/><AGARI ba="0,0" hai="26,27,37,38,39,40,46,51,79,80,85" m="3479" machi="51" ten="30,1000,0" yaku="25,1" doraHai="120" who="1" fromWho="2" sc="290,0,211,10,230,-10,269,0" /><INIT seed="3,0,0,1,0,29" ten="290,221,220,269" oya="3" hai0="13,26,112,27,118,6,41,94,95,109,76,32,119" hai1="16,54,21,20,110,8,96,10,98,86,127,65,130" hai2="56,49,87,14,78,37,91,103,111,50,85,105,57" hai3="43,15,101,113,63,46,129,12,55,5,84,104,23"/><W71/><G113/><T128/><D128/><U9/><E110/><V135/><F37/><W61/><G129/><T126/><D109/><U123/><E130/><V114/><F78/><W22/><G71/><T51/><D126/><U7/><E127/><V38/><F38/><W24/><G43/><T64/><D64/><U60/><E123/><V92/><F105/><W82/><G101/><T133/><D133/><U73/><E73/><V79/><F103/><W48/><G104/><T0/><D0/><U106/><E7/><V42/><F42/><W17/><G5/><T3/><D3/><U132/><E132/><V52/><F111/><W70/><G70/><T4/><D41/><U108/><E108/><V90/><F79/><W99/><G99/><T1/><D1/><U35/><E35/><V67/><F135/><W2/><G2/><T102/><D76/><U117/><E117/><V89/><F114/><W44/><G44/><T125/><D125/><U28/><E106/><V74/><F74/><W116/><G116/><T81/><D112/><U66/><E86/><V68/><F68/><W121/><G121/><T53/><D32/><U80/><E80/><V120/><F120/><W88/><G12/><T36/><D13/><N who="1" m="9231" /><E54/><N who="2" m="31823" /><F67/><N who="1" m="25609" /><E60/><V40/><F40/><W134/><G134/><T47/><D36/><U77/><E77/><V69/><F69/><W18/><AGARI ba="0,0" hai="15,17,18,22,23,24,46,48,55,61,63,82,84,88" machi="18" ten="20,7800,0" yaku="0,1,7,1,8,1,54,1" doraHai="29" who="3" fromWho="3" sc="290,-26,221,-26,220,-26,269,78" /><INIT seed="3,1,0,2,2,38" ten="264,195,194,347" oya="3" hai0="2,70,127,65,69,6,124,92,46,120,82,21,0" hai1="39,50,123,117,116,44,35,121,29,60,53,24,7" hai2="5,30,128,45,17,66,23,107,106,8,27,57,76" hai3="36,95,135,22,114,77,98,86,62,19,96,91,12"/><W54/><G114/><T111/><D120/><U109/><E109/><V85/><F128/><W84/><G36/><T40/><D111/><U37/><E7/><V130/><F130/><W125/><G125/><N who="0" m="48203" /><D82/><U16/><E39/><V90/><F76/><W55/><G135/><T131/><D131/><U101/><E101/><V72/><F72/><W63/><G77/><T67/><D21/><U73/><E73/><V58/><F45/><W119/><G119/><N who="1" m="45642" /><E37/><V74/><F74/><W105/><G105/><T32/><D32/><U3/><E3/><N who="0" m="1065" /><D6/><U41/><E16/><V126/><F126/><W94/><G84/><T112/><D112/><U48/><E60/><N who="3" m="23082" /><G98/><T4/><D4/><U103/><E103/><AGARI ba="1,0" hai="12,19,22,54,55,86,91,94,95,96,103" m="23082" machi="103" ten="30,1500,0" yaku="8,1" doraHai="38" who="3" fromWho="1" sc="264,0,195,-18,194,0,347,18" /><INIT seed="3,2,0,1,4,125" ten="264,177,194,365" oya="3" hai0="8,116,96,134,10,7,128,58,109,47,75,88,67" hai1="122,57,0,41,93,26,22,20,37,50,119,19,130" hai2="11,87,68,62,74,90,86,14,23,45,104,39,51" hai3="95,115,16,92,123,34,129,36,117,100,28,64,54"/><W13/><G123/><T111/><D116/><U1/><E122/><V69/><F74/><W31/><G117/><T60/><D134/><U105/><E105/><V35/><F35/><W53/><G115/><T118/><D118/><U2/><E119/><V38/><F104/><W107/><G107/><T91/><D75/><U124/><E124/><V82/><F23/><W25/><G36/><T32/><D32/><U70/><E70/><V78/><F62/><W126/><G126/><T9/><D7/><U85/><E37/><V29/><F29/><W66/><G31/><T21/><D96/><U49/><E41/><V102/><F102/><W46/><G54/><T63/><D47/><U81/><E93/><V89/><F69/><W99/><G95/><T132/><D132/><U56/><E130/><V83/><F68/><W131/><G53/><T59/><D21/><U94/><E94/><V52/><REACH who="2" step="1"/><F78/><REACH who="2" ten="264,177,184,365" step="2"/><W113/><G113/><T133/><D133/><U103/><E103/><V84/><F84/><W5/><G28/><T12/><D60/><U24/><E22/><V27/><F27/><W80/><G34/><T127/><D63/><U33/><E26/><V112/><F112/><W18/><G25/><T108/><D127/><U48/><REACH who="1" step="1"/><E33/><REACH who="1" ten="264,167,184,365" step="2"/><V42/><F42/><W121/><G100/><T40/><D40/><U77/><AGARI ba="2,2" hai="0,1,2,19,20,24,48,49,50,56,57,77,81,85" machi="77" ten="40,12000,2" yaku="1,1,2,1,0,1,53,3" doraHai="125" doraHaiUra="44" who="1" fromWho="1" sc="264,-32,167,146,184,-32,365,-62" /><INIT seed="4,0,0,2,4,92" ten="232,313,152,303" oya="0" hai0="99,31,64,42,72,78,38,88,104,112,60,27,7" hai1="76,75,116,30,37,97,29,81,86,114,44,107,98" hai2="59,132,18,94,17,8,91,35,85,53,11,79,15" hai3="24,105,23,9,108,19,118,109,67,111,61,28,14"/><T62/><D112/><U121/><E121/><V127/><F35/><W135/><G118/><T129/><D129/><U124/><E116/><V36/><F36/><W83/><G105/><T33/><D7/><U20/><E107/><V56/><F132/><W65/><G135/><T1/><D62/><U46/><E114/><V87/><F127/><W39/><G39/><T10/><D10/><U43/><E124/><V90/><F79/><W26/><G61/><T82/><D1/><U73/><E44/><V41/><F41/><W119/><G119/><T4/><D4/><U101/><E101/><V77/><F77/><W125/><G125/><T6/><D6/><U126/><E126/><V131/><F53/><W120/><G120/><T128/><D128/><U106/><E106/><V0/><F131/><W96/><G83/><T122/><D122/><U13/><E30/><V52/><F52/><W50/><G50/><T12/><D12/><U110/><E110/><V48/><F48/><W103/><G24/><T16/><D16/><U133/><E133/><V113/><F113/><W25/><G25/><T71/><D38/><U58/><E58/><V69/><F69/><W68/><G68/><T134/><D134/><U70/><E70/><V66/><F66/><W54/><G54/><T74/><D42/><U45/><E45/><V55/><F55/><W2/><G2/><T80/><D80/><U95/><E73/><V22/><F0/><W117/><G117/><T47/><D47/><U34/><E34/><V57/><F17/><W115/><G115/><T51/><D72/><U130/><E75/><RYUUKYOKU ba="0,0" sc="232,-15,313,-15,152,15,303,15" hai2="8,11,15,18,22,56,57,59,85,87,90,91,94" hai3="9,14,19,23,26,28,65,67,96,103,108,109,111" /><INIT seed="5,1,0,0,2,114" ten="217,298,167,318" oya="1" hai0="43,68,119,21,40,104,121,31,59,28,127,64,88" hai1="47,32,51,71,35,86,53,120,38,30,84,94,132" hai2="96,126,37,82,5,55,3,100,106,26,107,111,62" hai3="49,18,57,109,81,4,69,54,48,39,133,85,79"/><U46/><E120/><V116/><F37/><W70/><G39/><T134/><D68/><U112/><E71/><V0/><F111/><W73/><G109/><T67/><D104/><U83/><E112/><V77/><F126/><W118/><G118/><T63/><D127/><U92/><E132/><V76/><F116/><W27/><G133/><T12/><D134/><U74/><E74/><V16/><F107/><W117/><G117/><T72/><D72/><U34/><E30/><N who="0" m="11305" /><D64/><U58/><E84/><V103/><F103/><W123/><G123/><T42/><D121/><U7/><E7/><V52/><F77/><W36/><G36/><T131/><D131/><U22/><E22/><V122/><F122/><W89/><G4/><T129/><D129/><U93/><REACH who="1" step="1"/><E38/><REACH who="1" ten="217,288,167,318" step="2"/><V20/><F5/><W2/><G69/><T1/><D119/><U130/><E130/><V50/><F62/><W14/><G70/><T24/><D12/><U10/><E10/><V13/><F13/><W65/><G14/><T41/><D1/><U128/><E128/><V33/><F33/><W11/><G2/><T99/><N who="0" m="10240" /><DORA hai="87" /><T105/><D21/><U98/><E98/><V19/><F19/><W108/><G73/><T8/><D8/><U15/><E15/><V102/><F0/><W125/><G18/><T115/><D115/><U66/><E66/><V25/><F3/><W95/><G65/><T44/><D24/><U17/><E17/><V78/><F26/><W56/><G27/><T23/><D23/><U9/><E9/><V6/><F25/><W90/><G11/><T124/><D67/><RYUUKYOKU ba="1,1" sc="217,-10,288,30,167,-10,318,-10" hai1="32,34,35,46,47,51,53,58,83,86,92,93,94" /><INIT seed="5,2,1,1,3,104" ten="207,318,157,308" oya="1" hai0="36,35,30,94,25,3,73,43,58,68,57,120,52" hai1="9,135,55,74,128,63,14,108,56,6,102,26,71" hai2="78,98,70,66,11,91,121,18,54,133,40,34,59" hai3="89,111,51,106,33,110,96,8,62,61,117,12,29"/><U122/><E122/><V88/><F34/><W60/><G117/><T83/><D68/><U75/><E128/><V101/><F121/><W2/><G2/><T24/><D120/><U90/><E135/><V82/><F133/><W132/><G132/><T113/><D113/><U99/><E108/><V79/><F40/><W5/><G51/><T16/><D3/><U0/><E90/><V41/><F41/><W130/><G130/><T69/><D69/><U37/><E37/><V32/><F32/><W38/><G38/><T115/><D115/><U87/><E87/><V76/><F66/><W4/><G4/><T13/><D24/><U97/><E71/><V15/><F70/><W131/><G131/><T46/><D94/><U84/><E84/><V19/><F19/><W109/><G29/><T65/><D65/><U20/><E0/><V119/><F82/><W126/><G33/><T100/><D100/><U45/><E45/><V49/><REACH who="2" step="1"/><F119/><REACH who="2" ten="207,318,147,308" step="2"/><W44/><G110/><T1/><D52/><U53/><E53/><V80/><F80/><W103/><G109/><T10/><REACH who="0" step="1"/><D1/><REACH who="0" ten="197,318,147,308" step="2"/><U116/><E116/><V31/><F31/><W86/><G111/><T93/><D93/><AGARI ba="2,3" hai="11,15,18,49,54,59,76,78,79,88,91,93,98,101" machi="93" ten="40,5200,0" yaku="1,1,8,1,54,1,53,0" doraHai="104" doraHaiUra="124" who="2" fromWho="0" sc="197,-58,318,0,147,88,308,0" /><INIT seed="6,0,0,0,0,75" ten="139,318,235,308" oya="2" hai0="113,74,40,19,21,124,81,4,109,86,89,90,95" hai1="130,133,20,123,23,7,91,16,44,32,99,70,48" hai2="69,135,15,97,131,17,30,121,25,83,129,78,128" hai3="65,54,8,68,92,79,73,64,94,87,111,0,9"/><V57/><F69/><W31/><G73/><T93/><D109/><U11/><E70/><V53/><F97/><W6/><G111/><T116/><D116/><U3/><E32/><V35/><F121/><W12/><G31/><T50/><D74/><U127/><E123/><V2/><F2/><W46/><G68/><T37/><D37/><U28/><E130/><V119/><F119/><W108/><G108/><T71/><D71/><U117/><E117/><V36/><F36/><W52/><G0/><T56/><D124/><U33/><E127/><V42/><F42/><W62/><G9/><T24/><D113/><U18/><E133/><V125/><F125/><W102/><G54/><T10/><D56/><U106/><E33/><V39/><F39/><W82/><G102/><T85/><D81/><U105/><E28/><V5/><F5/><W114/><G114/><T84/><D84/><U61/><E61/><V107/><F107/><W13/><G13/><T47/><REACH who="0" step="1"/><D10/><REACH who="0" ten="129,318,235,308" step="2"/><U1/><E11/><N who="2" m="6399" /><F83/><W34/><G82/><T101/><D101/><U96/><E96/><V51/><F135/><W59/><G8/><T104/><D104/><U126/><E106/><V132/><F132/><W55/><G59/><T118/><D118/><U14/><E126/><V76/><AGARI ba="0,1" hai="25,30,35,51,53,57,76,78,128,129,131" m="6399" machi="76" ten="40,7800,0" yaku="19,1,52,2" doraHai="75" who="2" fromWho="2" sc="129,-26,318,-26,235,88,308,-26" /><INIT seed="6,1,0,4,5,63" ten="103,292,323,282" oya="2" hai0="122,121,130,57,81,25,124,70,125,117,26,48,44" hai1="5,82,38,96,71,79,131,41,108,13,10,50,105" hai2="107,60,49,17,75,18,55,72,132,102,98,24,123" hai3="3,113,11,32,78,7,118,53,68,67,77,127,51"/><V27/><F123/><W86/><G118/><T74/><D81/><U134/><E108/><V8/><F60/><W73/><G73/><T16/><D74/><U69/><E38/><V4/><F75/><W92/><G32/><T115/><D70/><U36/><E36/><V30/><F72/><W12/><G68/><T128/><D57/><U76/><E76/><N who="3" m="29290" /><G3/><T120/><D48/><U83/><E83/><V135/><F18/><W106/><G106/><T84/><D84/><N who="1" m="48223" /><E131/><V46/><F17/><W61/><G127/><T66/><D44/><N who="1" m="25871" /><E134/><N who="2" m="51243" /><F30/><W101/><G113/><T33/><D66/><U35/><E35/><V114/><F114/><W22/><G22/><T42/><D42/><U88/><E105/><V109/><F109/><W23/><G23/><T1/><D122/><U91/><E91/><V94/><F107/><W0/><G0/><AGARI ba="1,0" hai="0,4,8,24,27,46,49,55,94,98,102" m="51243" machi="0" ten="30,1500,0" yaku="20,1" doraHai="63" who="2" fromWho="3" sc="103,0,292,0,323,18,282,-18" /><INIT seed="6,2,0,0,4,118" ten="103,292,341,264" oya="2" hai0="133,132,32,16,99,63,110,48,23,37,86,87,101" hai1="17,97,77,50,44,36,120,125,51,54,30,3,88" hai2="75,57,82,29,96,5,126,85,123,131,69,103,55" hai3="38,83,119,15,31,129,134,104,124,45,128,14,100"/><V121/><F69/><W108/><G119/><T39/><D32/><U109/><E109/><V41/><F75/><W56/><G108/><T34/><D34/><U102/><E3/><V13/><F29/><W42/><G124/><T7/><D110/><U21/><E125/><V112/><F41/><W74/><G31/><T35/><D35/><U105/><E30/><V79/><F126/><W71/><G71/><T59/><D48/><U12/><E120/><V8/><F112/><W33/><G33/><T111/><D111/><U0/><E0/><V1/><F1/><W122/><G134/><T4/><D99/><U106/><E36/><V90/><F79/><N who="3" m="44535" /><G56/><T60/><D59/><U115/><E115/><V89/><F89/><W65/><G65/><T73/><D73/><U66/><E77/><V47/><F131/><N who="3" m="50251" /><G122/><T43/><D23/><U76/><E76/><V52/><F47/><W10/><G10/><T135/><D135/><U19/><E66/><V81/><F81/><W18/><G18/><T46/><D46/><U53/><E19/><V2/><F2/><W84/><G84/><T58/><D58/><U11/><E11/><V70/><F70/><W68/><G68/><T116/><D16/><U91/><E106/><V67/><F67/><W92/><G104/><T40/><REACH who="0" step="1"/><D101/><REACH who="0" ten="93,292,341,264" step="2"/><U20/><E21/><V49/><F103/><W98/><AGARI ba="2,1" hai="14,15,38,42,45,92,98,100" m="50251,44535" machi="98" ten="30,1100,0" yaku="19,1" doraHai="118" who="3" fromWho="3" sc="93,-5,292,-5,341,-7,264,27" /><INIT seed="7,0,0,1,0,96" ten="88,287,334,291" oya="3" hai0="51,94,60,3,27,34,26,61,25,98,129,99,119" hai1="86,92,0,71,36,124,70,45,90,74,77,120,62" hai2="20,64,100,43,66,84,114,128,95,79,107,93,97" hai3="78,113,24,9,46,44,22,69,117,2,10,106,39"/><W54/><G117/><T5/><D119/><U111/><E111/><V63/><F43/><W11/><G69/><T12/><D34/><U131/><E120/><V134/><F66/><W21/><G2/><T104/><D104/><U15/><E0/><V126/><F114/><W116/><G116/><T68/><D68/><U103/><E131/><V115/><F115/><W83/><G106/><T14/><D3/><U33/><E33/><V17/><F128/><W91/><G113/><T73/><D129/><U41/><E103/><V52/><F52/><W50/><G91/><T72/><D94/><U59/><E124/><V8/><F8/><W88/><G39/><T6/><D51/><U7/><E77/><V105/><F134/><W29/><G78/><T40/><D40/><U28/><E28/><V56/><F126/><W57/><G22/><T82/><D82/><U109/><E74/><V89/><F79/><W30/><G30/><T112/><D112/><U37/><E37/><V31/><F31/><W76/><G76/><T118/><D118/><U123/><E123/><V13/><AGARI ba="0,0" hai="13,17,20,56,63,64,84,89,93,95,97,100,105,107" machi="13" ten="20,2700,0" yaku="0,1,7,1,52,1" doraHai="96" who="2" fromWho="2" sc="88,-7,287,-7,334,27,291,-13" owari="81,-42.0,280,8.0,361,46.0,278,-12.0" /></mjloggm>