<mjloggm ver="2.3"><GO type="169" lobby="0"/><UN n0="%E3%83%AA%E3%83%BC%E3%83%81%EF%BC%91" n1="%E5%B0%B1%E6%B4%BB%E7%94%9F%40%E5%B7%9D%E6%9D%91%E8%BB%8D%E5%9B%A3" n2="%E3%83%8B%E3%83%A3%E3%83%83%E3%83%94%E3%83%BC%E5%A4%8F%E7%9B%AE" n3="%E8%A6%AA%E6%8C%87%EF%BC%88%E5%A4%A7%EF%BC%89" dan="17,18,17,17" rate="2122.56,2242.37,2154.32,2170.62" sx="M,M,M,M"/><TAIKYOKU oya="0"/><INIT seed="0,0,0,2,0,1" ten="250,250,250,250" oya="0" hai0="98,70,99,57,55,73,65,23,113,27,82,0,95" hai1="116,114,91,134,20,102,64,5,48,50,80,26,69" hai2="111,67,21,100,79,121,49,52,25,125,84,107,28" hai3="12,6,128,7,33,132,44,86,29,11,3,90,13"/><T87/><D73/><U56/><E116/><V18/><F121/><W41/><G132/><T120/><D0/><U19/><E69/><V123/><F123/><W72/><G72/><T88/><D120/><U14/><E134/><V108/><F125/><W34/><G128/><T39/><D39/><U93/><E114/><V76/><F67/><W75/><G75/><T38/><D38/><U42/><E42/><V60/><F60/><W17/><G3/><T32/><D32/><U124/><E124/><V59/><F100/><W85/><G29/><T47/><D113/><U117/><E102/><V104/><F18/><W106/><G106/><N who="2" m="40489" /><F84/><W63/><G63/><N who="0" m="38127" /><D70/><U51/><E117/><V112/><F112/><W115/><G115/><T131/><D131/><U8/><E80/><V96/><F96/><W78/><G78/><T130/><D130/><U109/><E109/><V40/><F40/><W103/><G103/><T37/><D37/><U92/><E91/><V81/><F81/><W126/><G126/><T97/><D55/><U118/><E118/><V119/><F119/><W30/><G30/><N who="0" m="17791" /><D47/><U46/><E46/><V122/><F122/><W66/><G66/><T74/><D74/><U94/><E64/><V101/><F101/><AGARI ba="0,0" hai="82,87,88,95,97,98,99,101" m="17791,38127" machi="101" ten="30,5800,0" yaku="25,1,8,1,54,1" doraHai="1" who="0" fromWho="2" sc="250,58,250,0,250,-58,250,0" /><INIT seed="0,1,0,1,4,14" ten="308,250,192,250" oya="0" hai0="68,101,111,62,129,86,134,103,78,99,41,124,72" hai1="55,112,49,128,102,79,26,58,53,107,95,20,88" hai2="34,16,63,106,6,130,0,92,93,125,127,70,117" hai3="113,39,69,98,28,30,104,115,7,47,51,21,38"/><T81/><D41/><U59/><E128/><V67/><F106/><W4/><G69/><T15/><D129/><U97/><E112/><V118/><F130/><W91/><G104/><T94/><D103/><U25/><E79/><V135/><F34/><W13/><G98/><T100/><D101/><U22/><E22/><V1/><F135/><W133/><G133/><T109/><D134/><U37/><E37/><V52/><F92/><W60/><G60/><T17/><D124/><N who="2" m="47690" /><F93/><W18/><G91/><T123/><D123/><U42/><E42/><V120/><F120/><W87/><G87/><T27/><D27/><U24/><E107/><V105/><F105/><W82/><G82/><T110/><D68/><U80/><E80/><V65/><F65/><W89/><G89/><T57/><D72/><U114/><E114/><V29/><F29/><W116/><G115/><T33/><D33/><U131/><E131/><V83/><F52/><W48/><G113/><T66/><REACH who="0" step="1"/><D110/><REACH who="0" ten="298,250,192,250" step="2"/><U45/><E102/><V96/><F70/><W8/><G39/><T84/><D84/><U32/><E32/><V71/><F71/><W11/><G38/><T73/><D73/><U56/><E55/><V40/><F40/><W85/><G85/><T74/><D74/><U23/><AGARI ba="1,1" hai="20,23,24,25,26,45,49,53,56,58,59,88,95,97" machi="23" ten="40,5200,0" yaku="0,1,8,1,54,1" doraHai="14" who="1" fromWho="1" sc="298,-27,250,65,192,-14,250,-14" /><INIT seed="1,0,0,1,1,97" ten="271,315,178,236" oya="1" hai0="123,68,127,19,73,95,103,107,13,116,80,119,93" hai1="99,30,50,124,114,40,108,48,88,9,81,106,100" hai2="7,12,51,57,38,91,85,54,82,43,131,35,65" hai3="117,42,56,66,17,47,52,69,125,0,4,120,105"/><U102/><E114/><V44/><F35/><W41/><G120/><T104/><D68/><U111/><E124/><V3/><F3/><W121/><G121/><T5/><D123/><U78/><E30/><V135/><F131/><W34/><G34/><T45/><D5/><U112/><E112/><V132/><F7/><W26/><G125/><T16/><D127/><U31/><E31/><V22/><F12/><W46/><G105/><T60/><D13/><U8/><E40/><V86/><F22/><W89/><G117/><T101/><D45/><U2/><E2/><V59/><F85/><W110/><G110/><N who="1" m="42026" /><E100/><V113/><F113/><W90/><G0/><T58/><D58/><U133/><E133/><V92/><F82/><W1/><G1/><T11/><D11/><N who="1" m="4171" /><E88/><N who="3" m="33898" /><G4/><T23/><D80/><U79/><E79/><V83/><F83/><W72/><G69/><T63/><D23/><U15/><E15/><V130/><F130/><W61/><G72/><AGARI ba="0,0" hai="16,19,60,63,72,73,93,95,101,103,104,107,116,119" machi="72" ten="25,8000,1" yaku="22,2,52,2,54,1" doraHai="97" who="0" fromWho="3" sc="271,80,315,0,178,0,236,-80" /><AGARI ba="0,0" hai="48,50,72,78,81,99,102,106" m="4171,42026" machi="72" ten="30,5800,0" yaku="14,1,10,1,52,1" doraHai="97" who="1" fromWho="3" sc="351,0,315,58,178,0,156,-58" /><INIT seed="1,1,0,0,5,50" ten="351,373,178,98" oya="1" hai0="29,97,112,104,25,118,115,53,43,94,128,8,28" hai1="72,126,127,117,121,131,10,101,42,123,73,107,65" hai2="114,96,39,38,124,40,13,26,5,102,12,51,87" hai3="59,49,116,76,79,22,19,36,89,100,88,132,61"/><U134/><E42/><V93/><F124/><N who="1" m="47657" /><E65/><V27/><F114/><W45/><G36/><T83/><D43/><U58/><E58/><V54/><F40/><N who="3" m="24743" /><G100/><T67/><D118/><U52/><E117/><V47/><F39/><W46/><G132/><T63/><D67/><U55/><E134/><V69/><F69/><W14/><G46/><T68/><D68/><U129/><E10/><N who="2" m="4175" /><F38/><W33/><G33/><T130/><D8/><U74/><E101/><V71/><F71/><W81/><G116/><T57/><D115/><U70/><E70/><V95/><F13/><W91/><G81/><T133/><D112/><U35/><E35/><V6/><F6/><W11/><G11/><T30/><D133/><U106/><E106/><V77/><F95/><W7/><G7/><T16/><D104/><U103/><E103/><V2/><F2/><W122/><G122/><N who="1" m="46602" /><E107/><V37/><F37/><W32/><G32/><T62/><D63/><U44/><E44/><V111/><F111/><W48/><G48/><T56/><D57/><U24/><E24/><V18/><F26/><W110/><G110/><T119/><D119/><U9/><E9/><V99/><F27/><W120/><G120/><T66/><D66/><AGARI ba="1,0" hai="14,19,22,59,61,66,76,79,88,89,91" m="24743" machi="66" ten="30,2000,0" yaku="8,1,54,1" doraHai="50" who="3" fromWho="0" sc="351,-23,373,0,178,0,98,23" /><INIT seed="2,0,0,1,0,26" ten="328,373,178,121" oya="2" hai0="1,46,49,19,77,92,122,27,43,30,78,115,71" hai1="72,58,25,81,87,54,61,44,120,38,134,91,67" hai2="14,57,69,129,99,118,93,55,23,64,112,123,83" hai3="130,68,111,100,3,41,5,32,127,76,95,126,60"/><V88/><F112/><W113/><G113/><T40/><D71/><U125/><E134/><V51/><F123/><W79/><G111/><T131/><D115/><U90/><E125/><N who="3" m="47626" /><G32/><T52/><D122/><U34/><E72/><V50/><F118/><W97/><G130/><T101/><D1/><U103/><E103/><V135/><F129/><W37/><G41/><N who="0" m="15947" /><D19/><U105/><E105/><V56/><F135/><W119/><G37/><T48/><D48/><U42/><E120/><V65/><F69/><W62/><G119/><T106/><D106/><U114/><E114/><V53/><F83/><W10/><G62/><T45/><D45/><U74/><E74/><V107/><F107/><W63/><G63/><T84/><D131/><U6/><E6/><V102/><F102/><W13/><G3/><T108/><D108/><U24/><E34/><V29/><F14/><W8/><G8/><T80/><D78/><U2/><E2/><V98/><F99/><W35/><G35/><T132/><D132/><U20/><E91/><V133/><F133/><W70/><G70/><T16/><D101/><U21/><E21/><V4/><F4/><W0/><G0/><T15/><D92/><U110/><E110/><V47/><F47/><W73/><G73/><T124/><D124/><U104/><E104/><V9/><F9/><W82/><G82/><T75/><D75/><U12/><E12/><V59/><F56/><W86/><G68/><T121/><D121/><U128/><E128/><V18/><F18/><W116/><G116/><T89/><D16/><N who="1" m="12295" /><E25/><AGARI ba="0,0" hai="23,25,29,50,51,53,55,57,59,64,65,88,93,98" machi="25" ten="40,12000,1" yaku="9,1,8,1,52,1,54,1" doraHai="26" who="2" fromWho="1" sc="328,0,373,-120,178,120,121,0" /><INIT seed="2,1,0,1,4,58" ten="328,253,298,121" oya="2" hai0="28,48,81,1,25,12,27,91,2,92,118,24,120" hai1="47,132,108,111,64,84,103,117,41,11,39,76,129" hai2="37,125,93,134,75,20,95,73,90,105,56,30,70" hai3="0,43,26,61,83,122,21,82,40,127,33,44,133"/><V123/><F70/><W110/><G122/><T9/><D120/><U67/><E117/><V5/><F123/><W72/><G110/><N who="1" m="42026" /><E132/><V29/><F105/><W66/><G133/><T50/><D118/><U100/><E129/><V22/><F37/><W77/><G127/><T10/><D28/><U62/><E11/><V68/><F68/><W54/><G33/><T98/><D10/><U128/><E128/><V88/><F134/><W32/><G32/><T42/><D42/><U14/><E14/><V8/><F56/><W119/><G119/><T85/><D2/><U115/><E115/><V101/><F101/><N who="1" m="38985" /><E62/><V71/><F71/><W124/><G0/><T6/><REACH who="0" step="1"/><D1/><REACH who="0" ten="318,253,298,121" step="2"/><U96/><E41/><V17/><F8/><W135/><G135/><T104/><D104/><U46/><E39/><V131/><F131/><W116/><G116/><T18/><D18/><U78/><E67/><V3/><F3/><W36/><G43/><T51/><D51/><U16/><E64/><V106/><F106/><W112/><G66/><T86/><D86/><U7/><E16/><V69/><F69/><W4/><G4/><T102/><AGARI ba="1,1" hai="6,9,12,24,25,27,48,50,81,85,91,92,98,102" machi="102" ten="30,4000,0" yaku="1,1,0,1,8,1,53,0" doraHai="58" doraHaiUra="35" who="0" fromWho="0" sc="318,53,253,-11,298,-21,121,-11" /><INIT seed="3,0,0,5,4,57" ten="371,242,277,110" oya="3" hai0="98,119,5,2,91,111,80,13,32,107,79,37,65" hai1="102,105,48,45,56,1,28,42,74,55,82,106,12" hai2="50,95,75,122,19,33,96,8,131,63,125,126,90" hai3="41,135,99,92,71,21,84,132,77,27,15,62,104"/><W89/><G41/><T103/><D2/><U58/><E1/><V43/><F75/><W7/><G15/><T124/><D32/><U120/><E120/><V4/><F33/><W53/><G7/><T130/><D119/><U109/><E109/><V22/><F131/><W35/><G35/><T47/><D111/><U46/><E28/><V70/><F122/><W118/><G118/><T0/><D0/><U60/><E102/><V23/><F50/><W68/><G104/><T6/><D130/><U16/><E46/><V78/><F78/><W25/><G77/><T49/><D37/><U36/><E82/><V24/><F43/><W20/><G84/><T14/><D65/><U40/><E74/><V59/><F23/><N who="3" m="8779" /><G71/><T87/><D124/><U112/><E112/><V110/><F110/><W94/><G94/><T133/><D14/><U39/><E39/><V134/><F70/><W66/><G53/><T97/><D13/><U117/><E117/><V128/><F134/><AGARI ba="0,0" hai="25,27,62,66,68,89,92,99,132,134,135" m="8779" machi="134" ten="30,2900,0" yaku="20,1,52,1" doraHai="57" who="3" fromWho="2" sc="371,0,242,0,277,-29,110,29" /><INIT seed="3,1,0,2,5,104" ten="371,242,248,139" oya="3" hai0="129,63,130,14,80,101,55,19,69,120,51,0,9" hai1="89,42,54,61,25,92,36,119,134,37,30,44,39" hai2="114,21,75,60,4,99,26,77,128,29,65,117,38" hai3="85,124,73,67,131,58,113,94,2,22,102,8,12"/><W47/><G113/><T118/><D120/><U28/><E134/><V31/><F114/><W100/><G131/><N who="0" m="50187" /><D118/><U59/><E119/><V127/><F117/><W110/><G124/><T52/><D101/><U41/><E41/><V68/><F38/><W57/><G110/><T116/><D116/><U126/><E126/><V45/><F128/><W35/><G35/><T5/><D80/><U83/><E83/><V97/><F127/><W81/><G2/><T16/><D0/><U49/><REACH who="1" step="1"/><E25/><REACH who="1" ten="371,232,248,139" step="2"/><V43/><F43/><W46/><G81/><T53/><D51/><U33/><E33/><V62/><F26/><W123/><G123/><T64/><AGARI ba="1,1" hai="5,9,14,16,19,52,53,55,63,64,69" m="50187" machi="64" ten="40,5200,0" yaku="19,1,54,2" doraHai="104" who="0" fromWho="0" sc="371,65,232,-14,248,-14,139,-27" /><INIT seed="4,0,0,2,4,21" ten="436,218,234,112" oya="0" hai0="91,86,7,24,98,99,22,89,83,62,8,56,33" hai1="32,14,2,79,58,92,95,13,9,131,12,103,113" hai2="73,101,123,110,76,109,85,77,64,1,18,60,71" hai3="5,3,67,114,112,0,30,35,87,10,49,16,134"/><T93/><D33/><U47/><E32/><V118/><F123/><W70/><G134/><T127/><D127/><U90/><E131/><V25/><F1/><W125/><G125/><T88/><D8/><U20/><E113/><N who="3" m="43626" /><G49/><T74/><D7/><U84/><E79/><V94/><F73/><W55/><G55/><T28/><D74/><U119/><E119/><V52/><F118/><W36/><G36/><T42/><D42/><U34/><E34/><V96/><F52/><W100/><G100/><N who="0" m="60495" /><D99/><N who="1" m="59879" /><E2/><V75/><F75/><W72/><G72/><T6/><D6/><U46/><E9/><V65/><F65/><AGARI ba="0,0" hai="22,24,28,56,62,65,83,86,88,89,91" m="60495" machi="65" ten="30,11600,0" yaku="25,1,8,1,52,1,54,1" doraHai="21" who="0" fromWho="2" sc="436,116,218,0,234,-116,112,0" /><INIT seed="4,1,0,5,0,89" ten="552,218,118,112" oya="0" hai0="122,87,24,0,79,129,101,5,118,108,128,61,34" hai1="19,25,96,50,23,74,59,113,12,21,15,81,111" hai2="123,53,114,3,94,85,35,98,132,69,127,28,83" hai3="124,116,105,11,18,40,110,30,49,14,70,9,29"/><T16/><D118/><U44/><E111/><V72/><F72/><W117/><G110/><T109/><D122/><U120/><E120/><V84/><F123/><W51/><G70/><T82/><D101/><U134/><E134/><V2/><F69/><W92/><G105/><T115/><D115/><U104/><E113/><V32/><F114/><W7/><G124/><T68/><D5/><U133/><E133/><V97/><F132/><W37/><G37/><T125/><D0/><U126/><E59/><V131/><F127/><W63/><G63/><T77/><D77/><U26/><E81/><V62/><F131/><N who="0" m="50250" /><D125/><U103/><E74/><V90/><F84/><W27/><G117/><T93/><D93/><U54/><E126/><V86/><F86/><W106/><G106/><T48/><D48/><U10/><E10/><V56/><F98/><W6/><G116/><T75/><D75/><U100/><E100/><V52/><F53/><W47/><G51/><T4/><D4/><U57/><E44/><V36/><F36/><W42/><G42/><T88/><D79/><U67/><E67/><V64/><F64/><W33/><G30/><AGARI ba="1,0" hai="12,15,19,21,23,25,26,30,50,54,57,96,103,104" machi="30" ten="30,1000,0" yaku="7,1" doraHai="89" who="1" fromWho="3" sc="552,0,218,13,118,0,112,-13" /><INIT seed="5,0,0,4,5,47" ten="552,231,118,99" oya="1" hai0="56,34,4,100,3,22,41,88,95,28,107,9,36" hai1="81,120,13,52,91,66,43,99,114,102,71,117,58" hai2="18,60,67,82,98,5,59,55,124,61,49,46,77" hai3="132,78,50,35,17,131,26,72,29,121,108,85,21"/><U127/><E117/><V53/><F124/><W110/><G121/><T33/><D36/><U45/><E120/><V57/><F5/><W112/><G72/><T97/><D41/><U19/><E127/><V118/><F118/><W7/><G112/><T51/><D28/><U69/><E66/><V109/><F109/><W8/><G132/><T106/><D106/><U115/><E91/><V123/><F123/><W24/><G131/><T2/><D2/><U31/><E31/><V126/><F126/><W93/><G50/><T39/><D39/><U133/><E81/><V113/><F113/><N who="1" m="43017" /><E45/><V86/><F18/><W130/><G130/><T125/><D125/><U129/><E43/><V94/><F94/><W83/><REACH who="3" step="1"/><G93/><REACH who="3" ten="552,231,118,89" step="2"/><T48/><D107/><N who="1" m="63967" /><E129/><V23/><F98/><W15/><AGARI ba="0,1" hai="7,8,15,17,21,24,26,29,35,78,83,85,108,110" machi="15" ten="20,5200,0" yaku="1,1,0,1,7,1,53,1" doraHai="47" doraHaiUra="12" who="3" fromWho="3" sc="552,-13,231,-26,118,-13,89,62" /><INIT seed="6,0,0,1,2,17" ten="539,205,105,151" oya="2" hai0="92,51,53,68,36,41,101,74,34,130,18,3,133" hai1="87,115,104,100,71,117,49,26,45,134,89,8,93" hai2="88,6,98,99,31,19,4,30,40,39,124,15,29" hai3="122,38,83,80,61,58,21,25,78,131,35,123,125"/><V107/><F124/><W64/><G125/><T70/><D74/><U75/><E75/><V118/><F118/><W116/><G116/><T63/><D34/><U60/><E115/><V108/><F108/><W1/><G1/><T135/><D3/><U33/><E134/><V94/><F39/><W20/><G38/><T95/><D18/><U62/><E71/><V84/><F40/><W22/><G131/><T126/><D130/><U56/><E56/><V97/><REACH who="2" step="1"/><F107/><REACH who="2" ten="539,205,95,151" step="2"/><W67/><G67/><T120/><D126/><U111/><E104/><V129/><F129/><W119/><G119/><T102/><D41/><U127/><E111/><V81/><F81/><W55/><G64/><T23/><D36/><U114/><E127/><V16/><F16/><W109/><G109/><T103/><D133/><U48/><E117/><V14/><F14/><W43/><G43/><T69/><D135/><U110/><E110/><V105/><F105/><W46/><G83/><T37/><D37/><U24/><E114/><V42/><F42/><W112/><G112/><T121/><D121/><U52/><E93/><V82/><F82/><W12/><G12/><T28/><D120/><U66/><E66/><V113/><F113/><W0/><G0/><T13/><D13/><U72/><E52/><V44/><F44/><W27/><G46/><T90/><D92/><U50/><E45/><V85/><F85/><W79/><G80/><T128/><D128/><U73/><E87/><V9/><AGARI ba="0,1" hai="4,6,9,15,19,29,30,31,84,88,94,97,98,99" machi="9" ten="30,12000,1" yaku="1,1,0,1,8,1,54,1,53,1" doraHai="17" doraHaiUra="5" who="2" fromWho="2" sc="539,-40,205,-40,95,130,151,-40" /><INIT seed="6,1,0,0,2,97" ten="499,165,225,111" oya="2" hai0="100,47,83,80,25,69,28,29,134,70,120,121,124" hai1="101,112,42,46,10,89,123,106,114,51,64,6,108" hai2="9,60,1,45,109,93,84,105,117,15,14,77,111" hai3="52,35,92,22,95,122,125,40,31,99,37,102,128"/><V11/><F105/><W76/><G122/><T2/><D2/><U91/><E108/><V49/><F60/><W3/><G3/><T96/><D124/><U63/><E123/><V20/><F117/><W116/><G116/><T53/><D134/><U62/><E106/><V5/><F20/><W94/><G125/><T23/><D47/><U113/><E101/><V132/><F132/><W104/><G128/><T24/><D53/><U13/><REACH who="1" step="1"/><E63/><REACH who="1" ten="499,155,225,111" step="2"/><V55/><F111/><W119/><G119/><T115/><D100/><U0/><E0/><V27/><F109/><W133/><G133/><T88/><D120/><U34/><E34/><V26/><F1/><W16/><G35/><T78/><D121/><U127/><E127/><V56/><F77/><W74/><G104/><T32/><D78/><U65/><E65/><V48/><F93/><W86/><G94/><T82/><D32/><U98/><E98/><V19/><F84/><W58/><G92/><T130/><D96/><U54/><E54/><AGARI ba="1,1" hai="5,9,11,14,15,19,26,27,45,48,49,54,55,56" machi="54" ten="30,2900,0" yaku="7,1,8,1" doraHai="97" who="2" fromWho="1" sc="499,0,155,-32,225,42,111,0" /><INIT seed="6,2,0,3,2,122" ten="499,123,267,111" oya="2" hai0="129,110,81,36,62,126,90,106,52,70,69,120,87" hai1="82,3,37,105,71,5,25,103,21,73,47,31,57" hai2="42,89,1,56,33,114,132,11,94,112,16,135,119" hai3="30,50,109,116,107,134,128,118,17,28,23,6,67"/><V35/><F42/><W78/><G107/><T53/><D120/><U4/><E71/><V55/><F119/><N who="3" m="45611" /><G50/><T91/><D126/><U38/><E57/><V63/><F1/><W60/><G78/><T18/><D129/><U9/><E5/><V79/><F79/><W127/><G60/><T117/><D106/><U88/><E73/><V12/><F35/><W8/><G67/><T51/><D36/><U92/><E82/><V130/><F33/><W72/><G72/><T27/><D117/><U93/><E105/><V44/><F44/><W115/><G128/><T102/><D102/><U19/><E47/><V58/><F58/><W26/><G127/><T84/><D62/><U104/><E104/><V121/><F121/><W97/><G97/><T86/><D81/><U39/><E103/><V32/><F32/><W66/><G66/><T100/><D100/><U125/><E125/><V7/><F130/><W131/><G131/><T64/><D64/><U45/><E45/><V54/><F54/><W108/><G134/><N who="2" m="51241" /><F7/><W77/><G77/><T124/><D53/><U68/><E68/><V95/><F95/><W96/><G115/><T22/><D70/><U83/><E83/><V74/><F74/><W59/><G59/><T0/><D69/><U34/><REACH who="1" step="1"/><E88/><REACH who="1" ten="499,113,267,111" step="2"/><V2/><F89/><W133/><G133/><T98/><D124/><U65/><E65/><V41/><F56/><W40/><G96/><T113/><D91/><U85/><E85/><V48/><F112/><W15/><G40/><T80/><D90/><U101/><E101/><V76/><F114/><W123/><G123/><RYUUKYOKU ba="2,1" sc="499,-15,113,15,267,-15,111,15" hai1="3,4,9,19,21,25,31,34,37,38,39,92,93" hai3="6,8,15,17,23,26,28,30,108,109" /><INIT seed="7,3,1,2,5,128" ten="484,128,252,126" oya="3" hai0="97,3,80,9,65,98,26,66,10,11,56,73,16" hai1="90,45,4,92,84,61,17,86,71,135,35,15,58" hai2="44,48,104,111,77,103,78,8,70,118,22,38,36" hai3="20,89,87,30,133,69,120,47,107,124,117,127,99"/><W18/><G117/><T100/><D3/><U31/><E135/><V82/><F70/><W85/><G120/><T7/><D7/><U112/><E112/><V67/><F67/><N who="0" m="25610" /><D73/><U14/><E71/><V114/><F118/><W81/><G69/><T125/><D125/><N who="3" m="48201" /><G30/><T83/><D56/><U91/><E31/><V50/><F111/><W129/><G129/><T132/><D132/><U76/><E76/><V2/><F103/><N who="3" m="62975" /><G133/><T74/><D74/><U119/><E119/><V57/><F104/><W88/><G47/><T62/><D62/><U116/><E35/><V43/><F44/><W122/><G122/><T13/><D26/><U94/><E45/><V29/><F29/><W51/><G51/><T130/><D130/><U21/><E116/><V106/><F48/><W63/><G63/><T46/><D46/><U72/><E72/><V55/><F50/><W68/><G68/><T96/><D100/><U1/><E1/><V113/><F57/><W93/><G18/><T123/><D123/><U75/><E75/><V126/><F126/><W49/><G49/><T34/><D34/><U37/><E37/><V134/><F38/><W102/><G102/><T41/><D41/><U110/><E110/><V24/><F36/><W59/><G59/><T79/><D79/><U33/><E33/><V25/><F134/><W28/><G28/><T42/><D42/><U60/><E58/><V52/><F43/><W108/><G108/><T32/><D32/><U95/><E95/><V12/><F78/><W19/><G19/><T121/><D121/><U115/><E115/><V101/><F113/><RYUUKYOKU ba="3,1" sc="484,10,128,10,252,-30,126,10" hai0="9,10,11,13,16,80,83,96,97,98" hai1="4,14,15,17,21,60,61,84,86,90,91,92,94" hai3="20,81,85,87,88,89,93" /><INIT seed="7,4,1,2,5,10" ten="494,138,222,136" oya="3" hai0="59,2,126,71,44,131,69,100,65,99,60,55,62" hai1="53,72,128,25,42,9,34,83,113,117,51,1,105" hai2="4,52,54,50,118,70,58,30,107,106,35,29,23" hai3="56,125,16,57,127,41,78,92,32,24,19,66,103"/><W109/><G109/><T112/><D2/><U63/><E105/><V121/><F70/><W85/><G41/><T120/><D120/><U36/><E63/><V82/><F118/><W84/><G32/><T123/><D123/><U46/><E117/><V96/><F35/><W135/><G135/><T73/><D73/><U26/><E128/><V45/><F121/><W67/><G24/><T95/><D131/><U104/><E104/><V101/><F107/><W75/><G75/><T6/><D6/><N who="1" m="1231" /><E34/><V98/><F98/><N who="3" m="59847" /><G127/><T97/><D126/><U38/><E38/><V8/><F82/><N who="3" m="47191" /><G125/><T22/><D71/><U40/><E40/><V130/><F130/><W94/><G57/><T122/><D122/><U64/><E64/><N who="3" m="24618" /><G56/><T47/><D99/><U12/><E113/><V114/><F114/><W110/><G110/><T90/><D112/><U119/><E119/><V7/><F58/><W116/><G116/><T87/><D22/><U17/><E53/><V134/><F54/><W88/><AGARI ba="4,1" hai="16,19,85,88,94" m="24618,47191,59847" machi="88" ten="30,6000,0" yaku="8,1,54,2" doraHai="10" who="3" fromWho="3" sc="494,-24,138,-24,222,-24,136,82" /><INIT seed="7,5,0,5,2,94" ten="470,114,198,218" oya="3" hai0="87,70,52,46,35,39,109,28,50,0,20,62,9" hai1="63,102,13,81,66,42,55,111,95,4,101,79,82" hai2="68,90,128,8,124,114,105,67,17,80,58,61,41" hai3="96,54,3,10,73,93,103,115,30,56,91,12,127"/><W33/><G3/><T64/><D109/><U116/><E111/><V37/><F105/><W59/><G115/><T51/><D35/><U69/><E116/><V14/><F114/><W60/><G127/><T76/><D39/><U117/><E117/><V86/><F124/><W5/><G73/><T19/><D28/><U84/><E42/><V135/><F128/><W100/><G33/><T120/><D120/><U92/><E55/><V99/><F135/><W118/><G118/><T2/><D9/><U25/><E25/><V24/><F68/><W71/><G71/><T43/><D76/><U113/><E113/><V83/><F24/><W7/><G30/><T53/><D87/><U15/><E4/><V65/><F41/><W74/><G74/><T34/><D34/><U89/><E82/><N who="2" m="31275" /><F37/><W77/><G77/><T97/><D43/><U6/><E6/><V48/><F48/><N who="3" m="30791" /><G5/><T119/><D119/><U107/><E95/><N who="2" m="56823" /><F86/><W122/><G122/><T78/><D78/><U32/><E32/><V126/><F126/><W129/><G129/><T132/><D132/><U26/><E26/><V125/><F125/><W88/><G91/><T131/><D131/><U112/><E112/><V121/><F121/><W31/><G31/><T75/><D75/><U44/><E44/><V1/><F1/><W21/><G21/><T27/><D51/><U104/><E104/><V134/><F134/><W29/><G29/><T110/><D110/><U47/><E47/><V49/><F49/><W11/><G11/><T57/><D70/><U38/><E38/><V36/><F36/><W108/><G10/><RYUUKYOKU ba="5,0" sc="470,-10,114,-10,198,30,218,-10" hai2="8,14,17,58,61,65,67" owari="460,56.0,104,-40.0,228,3.0,208,-19.0" /></mjloggm>