<mjloggm ver="2.3"><GO type="41" lobby="0"/><UN n0="%E3%82%AA%E3%83%8B%E3%82%AA%E3%83%B3%E3%81%99%E3%81%AA%E3%81%84%E3%81%97" n1="%E5%B0%B1%E6%B4%BB%E7%94%9F%40%E5%B7%9D%E6%9D%91%E8%BB%8D%E5%9B%A3" n2="%E9%A2%A8%E8%B6%8A%EF%BC%BF%E6%B1%A0%E7%94%B0" n3="%E3%81%88%E3%83%A2%E3%83%B3" dan="14,17,13,16" rate="1936.53,2161.84,1857.47,1992.32" sx="M,M,M,F"/><TAIKYOKU oya="0"/><INIT seed="0,0,0,5,3,0" ten="250,250,250,250" oya="0" hai0="5,97,77,81,18,29,70,118,124,15,1,9,78" hai1="30,127,85,134,126,106,133,46,56,114,87,35,115" hai2="101,111,105,91,50,90,116,6,10,64,68,60,49" hai3="55,54,20,48,39,122,40,93,120,36,44,27,34"/><T52/><D118/><U67/><E35/><V86/><F111/><W94/><G34/><T17/><D70/><U4/><E30/><V41/><F116/><W83/><G83/><T123/><D123/><N who="3" m="47145" /><G94/><T109/><D109/><U7/><E106/><V129/><F129/><W98/><G36/><T102/><D29/><U121/><E46/><V108/><F108/><W21/><G39/><T24/><D24/><U33/><E121/><V95/><F41/><W96/><G96/><T12/><D124/><N who="1" m="47659" /><E33/><V31/><F31/><N who="3" m="17895" /><G21/><T130/><D130/><U22/><E22/><V57/><F68/><W66/><G66/><T107/><D77/><U13/><E13/><V43/><F43/><W2/><G2/><T92/><D107/><U65/><E87/><V132/><F105/><W82/><G82/><T47/><D15/><U25/><E25/><V3/><F101/><AGARI ba="0,0" hai="40,44,48,54,55,93,98,101" m="17895,47145" machi="101" ten="30,1000,0" yaku="13,1" doraHai="0" who="3" fromWho="2" sc="250,0,250,0,250,-10,250,10" /><INIT seed="1,0,0,1,1,47" ten="250,250,240,260" oya="1" hai0="57,92,66,35,14,37,80,107,49,102,73,33,78" hai1="93,111,82,133,18,32,96,9,132,129,108,10,126" hai2="103,36,120,0,58,67,76,89,28,135,29,1,91" hai3="90,7,106,59,4,45,95,2,55,60,81,105,52"/><U42/><E32/><V97/><F36/><W15/><G2/><T114/><D37/><U38/><E129/><V12/><F76/><W5/><G81/><T50/><D114/><U65/><E65/><V109/><F12/><W22/><G22/><T30/><D107/><U69/><E69/><V99/><F103/><W116/><G116/><T104/><D104/><U27/><E82/><V13/><F13/><W124/><G124/><T122/><D122/><U20/><E126/><V74/><F58/><N who="3" m="34887" /><G45/><T48/><D30/><U85/><E85/><V64/><F135/><N who="1" m="51785" /><E42/><V121/><REACH who="2" step="1"/><F109/><REACH who="2" ten="250,250,230,260" step="2"/><N who="1" m="42057" /><E38/><V79/><F79/><W68/><G68/><T17/><D102/><AGARI ba="0,1" hai="9,10,18,20,27,93,96,102" m="42057,51785" machi="102" ten="30,5800,0" yaku="20,1,14,1,10,1" doraHai="47" who="1" fromWho="0" sc="250,-58,250,68,230,0,260,0" /><INIT seed="1,1,0,1,1,13" ten="192,318,230,260" oya="1" hai0="49,104,37,30,134,39,70,18,16,60,29,59,7" hai1="105,10,38,22,5,85,88,46,132,45,83,40,129" hai2="101,72,111,75,92,99,25,15,17,124,123,36,117" hai3="119,26,27,48,0,87,2,67,130,90,114,23,74"/><U93/><E105/><V31/><F117/><W94/><G114/><T57/><D7/><U33/><E33/><V69/><F123/><W44/><G74/><T110/><D104/><U21/><E132/><V86/><F111/><W28/><G130/><T103/><D103/><U127/><E127/><V121/><F121/><W51/><G51/><T73/><D73/><U89/><E46/><V47/><F124/><W54/><G67/><T113/><D110/><U53/><E53/><V68/><F75/><W100/><G100/><T96/><D96/><U52/><E52/><V109/><F72/><W98/><G98/><T131/><D131/><U108/><E108/><V41/><F109/><W107/><G107/><T20/><D113/><U81/><E129/><V12/><F86/><W133/><G133/><T62/><D134/><U125/><E125/><V4/><F4/><W6/><G6/><T118/><D118/><U9/><E9/><V116/><F15/><W66/><G66/><T50/><D20/><U102/><E102/><V77/><F77/><W120/><G120/><T14/><D14/><U106/><E106/><V112/><F112/><W8/><G8/><T58/><D58/><U78/><E83/><V19/><F116/><W91/><G119/><T97/><D97/><N who="1" m="57511" /><E78/><V82/><F82/><W64/><G64/><T34/><REACH who="0" step="1"/><D34/><REACH who="0" ten="182,318,230,260" step="2"/><U3/><E21/><V1/><F12/><W55/><G0/><T79/><D79/><U135/><E22/><V76/><F1/><W63/><G2/><T80/><D80/><U42/><E135/><V11/><F76/><W24/><G91/><RYUUKYOKU ba="1,1" sc="182,10,318,10,230,-30,260,10" hai0="16,18,29,30,37,39,49,50,57,59,60,62,70" hai1="3,5,10,38,40,42,45,81,85,89" hai3="23,24,26,27,28,44,48,54,55,63,87,90,94" /><INIT seed="1,2,1,4,3,125" ten="192,328,200,270" oya="1" hai0="78,120,21,50,56,68,103,76,44,97,23,104,62" hai1="40,74,69,109,34,106,13,72,32,83,122,28,102" hai2="99,121,81,124,16,3,129,132,117,107,98,33,37" hai3="95,36,18,6,51,53,1,111,135,25,73,45,131"/><U80/><E122/><V65/><F81/><W66/><G73/><T27/><D23/><U105/><E69/><V126/><F65/><W79/><G79/><T96/><D96/><U134/><E13/><V54/><F54/><W12/><G36/><T93/><D104/><U52/><E40/><V31/><F16/><W112/><G112/><T59/><D68/><U9/><E9/><V82/><F82/><W71/><G135/><T15/><D15/><U47/><E47/><V41/><F41/><W30/><G111/><T100/><D100/><U35/><E28/><V84/><F84/><W4/><G1/><T114/><D114/><U70/><E70/><V43/><F43/><W10/><G95/><T86/><D120/><U127/><E102/><V48/><F48/><W49/><G49/><T64/><D86/><U7/><E7/><V116/><F31/><W123/><G123/><T61/><D50/><U58/><E127/><V67/><F67/><W115/><G115/><T29/><D44/><U5/><E5/><V92/><F92/><W87/><G66/><AGARI ba="2,1" hai="21,27,29,56,59,61,62,64,66,76,78,93,97,103" machi="66" ten="30,8000,1" yaku="7,1,9,1,25,2,8,1" doraHai="125" who="0" fromWho="3" sc="192,96,328,0,200,0,270,-86" /><INIT seed="2,0,0,5,1,63" ten="288,328,200,184" oya="2" hai0="120,111,60,29,109,55,131,20,37,78,124,4,18" hai1="68,135,31,49,9,108,26,59,32,10,51,70,44" hai2="0,77,40,96,5,106,87,117,88,72,105,122,13" hai3="126,45,101,42,99,83,28,46,7,65,118,56,34"/><V97/><F0/><W48/><G126/><T113/><D120/><U33/><E108/><V125/><F40/><W114/><G118/><T39/><D113/><U47/><E135/><V62/><F62/><W30/><G114/><T93/><D124/><U91/><E91/><V94/><F122/><W3/><G3/><T98/><D78/><U86/><E86/><V95/><F125/><W58/><G7/><T76/><D76/><U85/><E85/><V90/><F13/><W24/><G28/><T133/><D4/><U121/><E121/><V107/><F5/><W27/><G27/><T16/><D29/><U132/><E59/><V41/><F41/><W53/><G83/><T61/><D61/><U38/><E132/><V71/><F71/><W134/><G134/><T25/><D18/><U57/><E57/><V21/><F21/><W2/><G2/><T66/><D55/><U115/><E115/><V14/><F14/><W64/><G58/><N who="0" m="37143" /><D131/><U102/><E102/><N who="2" m="62663" /><F117/><W1/><G1/><T84/><D133/><U22/><E38/><V89/><F89/><W104/><REACH who="3" step="1"/><G46/><REACH who="3" ten="288,328,200,174" step="2"/><T75/><D111/><U110/><E110/><V50/><F50/><AGARI ba="0,1" hai="24,30,34,42,45,48,50,53,56,64,65,99,101,104" machi="50" ten="30,8000,1" yaku="1,1,2,1,7,1,52,2,53,0" doraHai="63" doraHaiUra="15" who="3" fromWho="2" sc="288,0,328,0,200,-80,174,90" /><INIT seed="3,0,0,5,4,97" ten="288,328,120,264" oya="3" hai0="64,40,45,12,120,113,99,90,101,100,5,69,119" hai1="35,8,74,6,104,26,44,129,60,130,25,94,128" hai2="116,78,39,7,14,89,91,133,123,103,68,114,36" hai3="53,112,132,80,1,17,67,110,66,38,72,75,62"/><W92/><G112/><T118/><D120/><U134/><E104/><V76/><F68/><W81/><G38/><T106/><D113/><U48/><E74/><V124/><F14/><W29/><G1/><T108/><D108/><U127/><E134/><V43/><F43/><W42/><G42/><T52/><D40/><N who="1" m="24583" /><E127/><V49/><F49/><W85/><G132/><T50/><D69/><U54/><E94/><V95/><F95/><W79/><G110/><T63/><D90/><U15/><E35/><V28/><F28/><W122/><G29/><T3/><D3/><U57/><AGARI ba="0,0" hai="6,8,15,25,26,54,57,60,128,129,130" m="24583" machi="57" ten="40,1500,0" yaku="19,1" doraHai="97" who="1" fromWho="1" sc="288,-4,328,15,120,-4,264,-7" /><INIT seed="4,0,0,4,4,108" ten="284,343,116,257" oya="0" hai0="61,63,127,39,78,98,0,52,104,77,31,15,6" hai1="34,115,44,37,46,35,47,42,27,105,118,72,69" hai2="14,20,73,100,23,17,59,24,119,10,43,92,70" hai3="56,22,102,89,125,65,91,62,134,36,12,54,49"/><T82/><D39/><U64/><E118/><V94/><F70/><W32/><G134/><T79/><D127/><U95/><E105/><V2/><F73/><W4/><G32/><T25/><D0/><U110/><E110/><V75/><F75/><W84/><G125/><T121/><D82/><U122/><E72/><V109/><F119/><W57/><G36/><T126/><D121/><U103/><E122/><V112/><F112/><W71/><G102/><T74/><D126/><U111/><E111/><V130/><F109/><W40/><G40/><T58/><D63/><U68/><E68/><V96/><F130/><W53/><G4/><T55/><D55/><U21/><E64/><V29/><F43/><W48/><G84/><T128/><D128/><U33/><E69/><V11/><F2/><W16/><AGARI ba="0,0" hai="12,16,22,48,49,53,54,56,57,62,65,71,89,91" machi="16" ten="30,4000,0" yaku="0,1,9,1,54,1" doraHai="108" who="3" fromWho="3" sc="284,-20,343,-10,116,-10,257,40" /><INIT seed="5,0,0,2,4,48" ten="264,333,106,297" oya="1" hai0="45,101,8,36,10,39,42,69,76,99,126,122,86" hai1="78,115,125,91,110,89,64,72,55,82,11,61,54" hai2="1,6,135,28,63,30,105,25,87,12,131,51,94" hai3="111,102,3,133,70,56,7,77,75,100,71,34,32"/><U24/><E115/><V85/><F131/><W116/><G111/><T83/><D69/><U127/><E110/><V59/><F135/><W60/><G133/><T103/><D122/><U9/><E24/><V50/><F105/><W40/><G40/><T84/><D39/><U53/><E9/><V98/><F1/><W128/><G71/><T134/><D134/><U14/><E14/><V113/><F113/><W81/><G70/><T114/><D114/><U27/><E11/><V73/><F73/><W97/><G102/><T62/><D126/><N who="1" m="48139" /><E27/><V41/><F28/><W123/><G128/><T93/><D103/><U58/><AGARI ba="0,0" hai="53,54,55,58,61,64,72,78,82,89,91" m="48139" machi="58" ten="30,11700,0" yaku="18,1,52,3" doraHai="48" who="1" fromWho="1" sc="264,-39,333,117,106,-39,297,-39" /><INIT seed="5,1,0,2,2,80" ten="225,450,67,258" oya="1" hai0="2,30,1,129,135,7,3,100,19,70,78,43,50" hai1="99,81,101,122,29,74,132,90,116,127,106,82,8" hai2="64,49,124,37,111,107,92,89,13,76,128,10,23" hai3="24,47,34,22,103,113,66,73,58,4,120,69,68"/><U115/><E122/><V123/><F111/><W105/><G120/><T133/><D70/><U33/><E116/><V112/><F123/><W65/><G73/><T126/><D30/><U77/><E115/><V87/><F124/><W67/><G34/><T79/><D100/><U28/><E127/><V27/><F128/><W62/><G113/><T88/><D7/><U94/><E132/><V42/><F112/><W35/><G4/><T121/><D126/><U114/><E114/><V0/><F0/><W98/><G35/><T6/><D6/><U71/><E71/><V18/><F107/><W119/><G119/><T21/><D121/><U85/><E33/><V131/><F131/><W5/><G5/><T63/><D129/><U32/><E32/><V134/><F134/><W20/><G20/><T9/><D135/><U91/><REACH who="1" step="1"/><E8/><REACH who="1" ten="225,440,67,258" step="2"/><V96/><F10/><W14/><G69/><T25/><D9/><U95/><E95/><V55/><F92/><W86/><G68/><T104/><D133/><U44/><E44/><V60/><F23/><W15/><G47/><T48/><D21/><U57/><E57/><V17/><F27/><W36/><G14/><T72/><D25/><U109/><E109/><V125/><F125/><W41/><G15/><T83/><D3/><U11/><E11/><V52/><F13/><W102/><G22/><T110/><D2/><U53/><E53/><V51/><F52/><W12/><G12/><T46/><D1/><U26/><E26/><V56/><F55/><W45/><G24/><T39/><D110/><U97/><AGARI ba="1,1" hai="28,29,74,77,81,82,85,90,91,94,97,99,101,106" machi="97" ten="20,7800,0" yaku="1,1,0,1,7,1,52,1,53,0" doraHai="80" doraHaiUra="59" who="1" fromWho="1" sc="225,-27,440,91,67,-27,258,-27" /><INIT seed="5,2,0,0,2,38" ten="198,531,40,231" oya="1" hai0="41,15,77,117,20,57,51,1,0,133,89,110,7" hai1="104,16,113,67,98,18,125,123,103,19,109,100,119" hai2="30,82,65,8,87,47,122,71,5,22,79,92,78" hai3="33,135,59,35,60,66,134,132,69,53,48,31,10"/><U121/><E119/><V90/><F122/><W50/><G31/><T116/><D110/><U72/><E72/><V2/><F78/><W126/><G126/><T49/><D133/><U54/><E109/><V34/><F34/><W101/><G101/><T127/><D77/><U29/><E125/><V44/><F65/><W75/><G75/><T43/><D127/><U52/><E113/><V32/><F71/><W36/><G36/><T130/><D130/><U111/><E111/><V27/><REACH who="2" step="1"/><F32/><REACH who="2" ten="198,531,30,231" step="2"/><W74/><G74/><AGARI ba="2,1" hai="2,5,8,22,27,30,44,47,74,79,82,87,90,92" machi="74" ten="30,3900,0" yaku="1,1,2,1,7,1,53,0" doraHai="38" doraHaiUra="128" who="2" fromWho="3" sc="198,0,531,0,30,55,231,-45" /><INIT seed="6,0,0,3,2,122" ten="198,531,85,186" oya="2" hai0="127,30,92,119,10,21,56,1,48,44,14,91,110" hai1="105,20,72,125,71,79,65,38,66,35,33,39,104" hai2="88,83,36,29,78,37,133,97,45,76,118,40,68" hai3="18,42,107,100,17,115,113,6,49,24,94,9,59"/><V75/><F118/><W117/><G117/><T114/><D119/><U19/><E125/><V60/><F133/><W96/><G24/><T32/><D127/><U69/><E79/><V103/><F37/><W81/><G81/><T51/><D32/><N who="1" m="12363" /><E19/><V89/><F29/><W23/><G107/><N who="1" m="41034" /><E20/><V28/><F28/><W121/><G121/><T5/><D114/><N who="3" m="43529" /><G23/><T0/><D51/><U112/><E112/><V111/><F111/><W47/><G59/><T102/><D110/><U116/><E116/><V26/><F26/><W77/><G77/><T8/><D102/><U93/><E93/><V22/><F22/><W82/><G82/><T70/><D21/><U131/><E131/><V130/><F130/><W124/><G124/><T132/><D30/><U106/><E106/><V4/><F78/><W64/><G64/><N who="1" m="24682" /><E72/><V123/><F123/><W7/><G7/><T120/><D120/><U63/><E63/><V80/><F83/><W85/><G85/><T128/><D128/><U135/><E135/><V86/><F4/><W43/><G43/><T15/><D132/><U53/><E53/><V87/><F60/><W13/><AGARI ba="0,0" hai="6,9,13,17,18,42,47,49,94,96,100" m="43529" machi="13" ten="30,2000,0" yaku="15,1,11,1" doraHai="122" who="3" fromWho="3" sc="198,-5,531,-5,85,-10,186,20" /><INIT seed="7,0,0,3,0,65" ten="193,526,75,206" oya="3" hai0="25,80,91,81,64,7,16,50,26,122,9,105,67" hai1="31,108,119,49,83,76,82,125,111,41,130,20,15" hai2="114,34,23,96,3,100,55,45,22,132,51,17,2" hai3="73,44,123,87,46,124,128,97,133,104,74,10,72"/><W33/><G123/><T126/><D105/><U40/><E125/><V94/><F114/><W36/><G33/><T134/><D126/><U75/><E130/><V85/><F132/><W24/><G128/><T56/><D134/><U5/><E119/><V70/><F34/><W102/><G133/><T38/><D38/><U88/><E40/><V6/><F23/><W1/><G124/><T121/><D7/><U110/><E31/><V107/><F107/><W93/><G24/><T129/><D129/><U21/><E5/><V57/><F6/><W84/><G10/><T106/><D106/><U131/><E131/><V92/><F3/><W35/><G35/><T8/><D50/><U39/><E39/><V95/><F2/><W28/><G28/><T43/><D43/><U66/><E66/><V62/><F94/><W98/><G1/><T18/><D56/><U86/><E15/><V69/><F62/><W103/><G36/><T59/><D59/><U12/><E12/><V19/><F19/><W120/><G120/><T78/><D78/><U47/><AGARI ba="0,0" hai="20,21,41,47,49,75,76,82,83,86,88,108,110,111" machi="47" ten="40,2700,0" yaku="0,1,54,1" doraHai="65" who="1" fromWho="1" sc="193,-7,526,27,75,-7,206,-13" owari="186,-21.0,553,65.0,68,-43.0,193,-1.0" /></mjloggm>