<mjloggm ver="2.3"><GO type="169" lobby="0"/><UN n0="%E2%91%A3%E3%82%BB%E3%83%B3%E3%83%81" n1="%E3%82%A6%E3%83%AB%E3%83%88%E3%83%A9%E7%AB%8B%E7%9B%B4" n2="%E3%83%88%E3%83%88%E3%83%AA%E5%85%88%E7%94%9F%31%39%E6%AD%B3" n3="%E3%81%84%E3%81%9F%E3%83%92%E3%83%AD" dan="18,17,18,16" rate="2239.55,2150.40,2230.12,2194.54" sx="M,M,F,M"/><TAIKYOKU oya="0"/><INIT seed="0,0,0,3,1,120" ten="250,250,250,250" oya="0" hai0="27,79,119,34,4,114,18,107,8,116,17,101,113" hai1="121,28,69,42,54,65,135,83,45,22,11,128,133" hai2="105,41,37,67,33,62,48,85,81,26,108,104,131" hai3="110,98,0,13,117,10,23,49,82,31,14,66,12"/><T96/><D79/><U86/><E121/><V74/><F131/><W59/><G117/><T111/><D18/><U32/><E32/><V63/><F63/><W122/><G122/><T68/><D68/><U134/><E128/><V127/><F127/><W5/><G110/><T64/><D64/><U132/><E132/><V21/><F108/><W3/><G3/><N who="0" m="31" /><D17/><U38/><E11/><V55/><F33/><W44/><G82/><T103/><D103/><U52/><E65/><V6/><F6/><W126/><G126/><T46/><D46/><U70/><E69/><V7/><F7/><W72/><G72/><T112/><D111/><U25/><REACH who="1" step="1"/><E70/><REACH who="1" ten="250,240,250,250" step="2"/><V76/><F67/><W61/><G66/><T40/><D40/><U125/><E125/><V109/><F41/><W73/><G10/><T1/><D1/><U78/><AGARI ba="0,1" hai="22,25,28,38,42,45,52,54,78,83,86,133,134,135" machi="78" ten="30,7900,0" yaku="1,1,0,1,20,1,54,1,53,0" doraHai="120" doraHaiUra="118" who="1" fromWho="1" sc="250,-39,240,89,250,-20,250,-20" /><INIT seed="1,0,0,5,5,117" ten="211,329,230,230" oya="1" hai0="71,49,106,130,75,44,3,7,111,21,86,9,22" hai1="124,52,118,46,73,24,62,125,17,35,31,104,54" hai2="37,89,113,47,112,116,85,74,32,6,38,33,65" hai3="97,128,77,120,129,101,1,59,119,68,14,135,108"/><U4/><E118/><V42/><F116/><W80/><G68/><T10/><D75/><U90/><E104/><V91/><F74/><W105/><G1/><T87/><D106/><U109/><E73/><V60/><F6/><W0/><G0/><T28/><D71/><U15/><E4/><V69/><F38/><W39/><G39/><T51/><D111/><U100/><E100/><V131/><F89/><W133/><G119/><T132/><D132/><U48/><E109/><V103/><F103/><W66/><G14/><T26/><D130/><U81/><E62/><V95/><REACH who="2" step="1"/><F131/><REACH who="2" ten="211,329,220,230" step="2"/><W23/><G101/><T30/><D7/><U99/><E90/><V41/><F41/><W114/><G129/><T45/><REACH who="0" step="1"/><D3/><REACH who="0" ten="201,329,220,230" step="2"/><U2/><E2/><V43/><F43/><W16/><G128/><T107/><D107/><U67/><E124/><V92/><F92/><W84/><G105/><T25/><AGARI ba="0,2" hai="9,10,21,22,25,26,28,30,44,45,49,51,86,87" machi="25" ten="25,8000,1" yaku="1,1,0,1,22,2,8,1,53,0" doraHai="117" doraHaiUra="98" who="0" fromWho="0" sc="201,100,329,-40,220,-20,230,-20" /><INIT seed="2,0,0,0,0,25" ten="301,289,200,210" oya="2" hai0="15,94,81,52,96,43,78,8,63,82,93,19,103" hai1="109,50,66,27,5,38,84,21,16,51,56,3,99" hai2="97,22,91,123,67,65,53,130,72,23,98,57,90" hai3="48,106,28,108,36,45,49,26,71,125,40,117,92"/><V101/><F123/><W121/><G106/><T18/><D43/><U122/><E38/><V73/><F130/><W44/><G71/><T95/><D19/><U74/><E74/><V61/><F72/><W14/><G121/><T17/><D17/><U37/><E37/><V124/><F73/><W132/><G117/><T32/><D32/><U29/><E122/><V135/><F135/><W35/><G132/><T46/><D78/><U69/><E69/><V100/><F124/><W24/><G125/><T118/><D118/><U55/><E66/><V112/><F112/><W129/><G129/><T6/><D6/><U9/><E109/><V110/><F110/><W134/><G134/><T41/><D63/><U11/><E99/><N who="2" m="37899" /><F67/><W89/><G108/><T1/><D1/><U87/><E51/><V79/><F79/><W42/><G36/><T113/><D113/><U54/><E54/><V133/><F65/><W126/><G126/><T4/><D4/><U2/><E2/><V115/><F115/><W10/><G26/><T20/><D8/><U76/><E76/><V13/><F13/><W116/><G116/><T64/><D64/><U105/><E105/><V131/><F131/><W7/><G92/><N who="0" m="58759" /><D41/><U47/><E11/><V34/><F34/><W31/><G89/><N who="2" m="33801" /><F133/><W68/><G68/><T120/><D120/><U39/><E3/><V83/><F83/><W88/><G88/><T70/><D70/><U77/><E77/><V75/><F75/><W111/><G111/><T30/><D82/><U0/><E0/><V86/><F86/><W58/><G58/><T85/><D81/><RYUUKYOKU ba="0,0" sc="301,-15,289,-15,200,15,210,15" hai2="22,23,53,57,61,100,101" hai3="7,10,14,24,28,31,35,40,42,44,45,48,49" /><INIT seed="2,1,0,1,3,135" ten="286,274,215,225" oya="2" hai0="34,102,128,44,49,59,19,54,10,4,1,83,31" hai1="79,8,97,41,13,88,28,74,106,2,61,98,30" hai2="107,62,108,3,53,123,89,125,40,0,23,92,121" hai3="82,16,81,15,51,76,75,42,104,124,55,65,120"/><V95/><F107/><W6/><G104/><T73/><D128/><U131/><E2/><V100/><F40/><W115/><G120/><T116/><D116/><U93/><E131/><V86/><F108/><W110/><G110/><T111/><D111/><U60/><E74/><V84/><F23/><W5/><G115/><T38/><D102/><U37/><E79/><V7/><F7/><W126/><G65/><T70/><D70/><U35/><E35/><V99/><F125/><N who="3" m="48235" /><G82/><T48/><D38/><U80/><E80/><V77/><F77/><W43/><G5/><T64/><D64/><U11/><E93/><V26/><F123/><W50/><G6/><T57/><D19/><U94/><E94/><V69/><F121/><W85/><G75/><T27/><D83/><U87/><E106/><V96/><F69/><W12/><G15/><T21/><D73/><U33/><E13/><V20/><F0/><W47/><G51/><T133/><D133/><U118/><E37/><V58/><REACH who="2" step="1"/><F3/><REACH who="2" ten="286,274,205,225" step="2"/><W78/><G76/><T56/><D34/><U71/><E33/><V36/><F36/><W29/><G29/><AGARI ba="1,1" hai="20,26,29,53,58,62,84,86,89,92,95,96,99,100" machi="29" ten="30,5800,0" yaku="1,1,7,1,8,1,53,0" doraHai="135" doraHaiUra="127" who="2" fromWho="3" sc="286,0,274,0,205,71,225,-61" /><INIT seed="2,2,0,0,4,133" ten="286,274,276,164" oya="2" hai0="87,118,50,90,98,127,64,11,77,113,71,45,40" hai1="83,36,53,72,21,43,1,46,57,120,67,117,104" hai2="109,134,107,108,97,32,13,69,91,74,18,27,12" hai3="93,102,48,89,126,121,94,16,29,49,135,86,2"/><V95/><F69/><W26/><G2/><T106/><D113/><U3/><E117/><V34/><F74/><W41/><G121/><T14/><D118/><U68/><E104/><V33/><F134/><W19/><G135/><T122/><D122/><U65/><E21/><N who="2" m="13751" /><F107/><W112/><G112/><T129/><D129/><U4/><E120/><V42/><F42/><W79/><G79/><T22/><D77/><N who="1" m="44455" /><E68/><V63/><F63/><W111/><G111/><AGARI ba="2,0" hai="12,13,32,33,34,91,95,97,108,109,111" m="13751" machi="111" ten="40,3900,0" yaku="14,1,10,1" doraHai="133" who="2" fromWho="3" sc="286,0,274,0,276,45,164,-45" /><INIT seed="2,3,0,0,5,94" ten="286,274,321,119" oya="2" hai0="131,68,126,47,124,21,117,84,30,72,16,10,105" hai1="15,61,103,52,49,111,65,109,107,70,99,34,127" hai2="58,38,19,0,92,73,87,118,89,132,113,56,106" hai3="112,98,101,37,53,12,40,78,13,69,77,96,23"/><V5/><F113/><W115/><G69/><T128/><D72/><U25/><E15/><V80/><F118/><W62/><G101/><T67/><D105/><U36/><E36/><V133/><F38/><W104/><G104/><T125/><D117/><U28/><REACH who="1" step="1"/><E127/><REACH who="1" ten="286,264,321,119" step="2"/><V114/><F114/><W74/><G13/><T11/><D131/><U75/><E75/><V93/><F73/><W31/><G74/><T59/><D128/><U41/><E41/><V134/><F134/><W27/><G40/><T7/><D126/><U57/><AGARI ba="3,1" hai="25,28,34,49,52,57,61,65,70,99,103,107,109,111" machi="57" ten="30,16000,3" yaku="1,1,0,1,25,2,52,1,54,1,53,2" doraHai="94" doraHaiUra="122" who="1" fromWho="1" sc="286,-43,264,179,321,-83,119,-43" /><INIT seed="3,0,0,4,4,71" ten="243,443,238,76" oya="3" hai0="79,13,1,4,83,10,134,96,119,74,126,116,9" hai1="44,115,98,33,87,40,63,120,31,75,7,101,69" hai2="53,48,28,34,84,70,103,5,86,64,58,29,80" hai3="14,21,95,124,128,49,93,32,76,114,129,110,88"/><W94/><G32/><T17/><D134/><U125/><E75/><V43/><F5/><W89/><G114/><T0/><D126/><U73/><E73/><V106/><F43/><W65/><G124/><T24/><D0/><U102/><E87/><V41/><F41/><W99/><G76/><T132/><D132/><U78/><E78/><V111/><F111/><W56/><G110/><T135/><D135/><U11/><E102/><V100/><F100/><W26/><G14/><T16/><REACH who="0" step="1"/><D96/><REACH who="0" ten="233,443,238,76" step="2"/><U109/><E98/><V90/><F80/><W46/><G99/><T122/><D122/><U52/><E120/><V62/><F103/><W19/><G129/><T8/><D8/><U25/><E11/><V37/><F90/><W67/><G128/><T112/><D112/><U61/><E101/><V130/><F130/><W66/><REACH who="3" step="1"/><G56/><REACH who="3" ten="233,443,238,66" step="2"/><T22/><AGARI ba="0,2" hai="1,4,9,10,13,16,17,22,24,74,79,83,116,119" machi="22" ten="30,4000,0" yaku="1,1,0,1,54,1,53,0" doraHai="71" doraHaiUra="97" who="0" fromWho="0" sc="233,60,443,-10,238,-10,66,-20" /><INIT seed="4,0,0,3,2,55" ten="293,433,228,46" oya="0" hai0="123,111,42,116,44,74,132,79,14,22,88,127,26" hai1="39,78,90,3,126,86,130,20,56,95,58,67,62" hai2="45,61,93,110,72,50,104,113,102,87,9,109,85" hai3="107,6,119,117,133,103,15,2,36,48,64,122,71"/><T63/><D116/><U38/><E3/><V84/><F72/><W89/><G48/><T60/><D123/><U118/><E118/><V108/><F104/><W43/><G15/><T120/><D120/><U37/><E126/><V54/><F113/><W4/><G89/><T25/><D127/><U83/><E130/><V121/><F121/><W51/><G51/><T135/><D111/><U98/><REACH who="1" step="1"/><E20/><REACH who="1" ten="293,423,228,46" step="2"/><V17/><F109/><W77/><G2/><T76/><D22/><U0/><E0/><V53/><F108/><W32/><G122/><T131/><D131/><U46/><E46/><V112/><F110/><W57/><G119/><T115/><D44/><U30/><E30/><V24/><F45/><W12/><G117/><T7/><D115/><U129/><E129/><V96/><F112/><W94/><G32/><T47/><D47/><U106/><E106/><V40/><F40/><W21/><G107/><T52/><D42/><U70/><AGARI ba="0,1" hai="37,38,39,56,58,62,67,70,78,83,86,90,95,98" machi="70" ten="30,7900,0" yaku="1,1,0,1,52,2,53,0" doraHai="55" doraHaiUra="124" who="1" fromWho="1" sc="293,-39,423,89,228,-20,46,-20" /><INIT seed="5,0,0,4,4,119" ten="254,512,208,26" oya="1" hai0="121,86,17,60,11,53,128,20,34,122,99,4,13" hai1="125,88,67,15,78,49,101,43,74,28,105,107,97" hai2="16,102,92,90,27,19,75,103,68,45,110,35,52" hai3="87,91,118,56,66,115,36,64,63,111,98,127,95"/><U69/><E125/><V12/><F110/><W50/><G36/><T130/><D34/><U72/><E107/><V114/><F75/><W26/><G111/><T6/><D6/><U135/><E135/><V14/><F68/><W39/><G39/><T82/><D99/><U81/><E28/><V5/><F35/><W41/><G127/><T32/><D32/><U9/><E67/><V37/><F27/><W7/><G118/><T126/><D126/><U116/><E69/><V38/><F5/><W80/><G115/><T93/><D93/><U73/><E116/><V84/><F37/><W31/><G7/><T2/><D53/><U51/><E15/><V89/><F89/><W124/><G124/><T117/><D60/><U79/><E9/><N who="2" m="6159" /><F38/><W24/><G66/><T10/><D10/><U55/><E43/><V131/><F131/><N who="0" m="50218" /><D117/><U30/><E55/><V71/><F71/><W129/><G129/><T70/><D70/><U40/><E40/><V104/><F104/><W0/><G0/><T44/><D44/><U106/><E106/><V77/><F77/><AGARI ba="0,0" hai="2,4,11,13,17,20,77,82,86,121,122" m="50218" machi="77" ten="30,3900,0" yaku="19,1,52,2" doraHai="119" who="0" fromWho="2" sc="254,39,512,0,208,-39,26,0" /><INIT seed="6,0,0,4,2,111" ten="293,512,169,26" oya="2" hai0="20,69,46,33,54,129,78,26,79,70,92,76,124" hai1="14,85,2,118,90,80,77,63,51,117,7,101,24" hai2="45,114,1,66,82,110,97,52,98,44,6,130,84" hai3="67,34,21,12,103,106,56,107,53,120,36,31,27"/><V135/><F110/><W35/><G36/><T17/><D33/><U109/><E2/><V91/><F130/><W102/><G120/><T100/><D70/><U61/><E101/><V49/><F135/><W105/><G67/><T62/><D124/><U75/><E109/><V15/><F1/><W19/><REACH who="3" step="1"/><G35/><REACH who="3" ten="293,512,169,16" step="2"/><T127/><D129/><U29/><E118/><V68/><F66/><W18/><G18/><T72/><D127/><U41/><E117/><V39/><F68/><W121/><G121/><T112/><D17/><U40/><E29/><V93/><F39/><W5/><G5/><T55/><D69/><U126/><E7/><V64/><F64/><W122/><G122/><T89/><D76/><U13/><E77/><V123/><F123/><W94/><G94/><T50/><D78/><U132/><E126/><V57/><F6/><W73/><G73/><T96/><D79/><U81/><E75/><V88/><F93/><W32/><G32/><T4/><D4/><U9/><E81/><V87/><F82/><W47/><G47/><T115/><D72/><U10/><E80/><V58/><F45/><W28/><G28/><T30/><D30/><U133/><E133/><V8/><F44/><W38/><G38/><T60/><D46/><U43/><E132/><V3/><F57/><W83/><G83/><T134/><D92/><U71/><E71/><V125/><F125/><W74/><G74/><T59/><D59/><U65/><E65/><V104/><F58/><W22/><G22/><T95/><D134/><U0/><E0/><V42/><F3/><W108/><G108/><RYUUKYOKU ba="0,1" sc="293,-10,512,-10,169,-10,16,30" hai3="12,19,21,27,31,34,53,56,102,103,105,106,107" /><INIT seed="7,1,1,1,2,100" ten="283,502,159,46" oya="3" hai0="5,46,36,49,124,30,81,50,39,97,110,111,91" hai1="78,14,38,69,24,61,102,77,62,134,116,56,90" hai2="71,79,52,44,64,104,67,13,120,12,28,75,85" hai3="129,70,127,131,94,37,115,73,54,11,109,32,80"/><W29/><G70/><T99/><D30/><U48/><E38/><V31/><F75/><W9/><G37/><T22/><D5/><U40/><E102/><V126/><F104/><W55/><G109/><T114/><D22/><U43/><E24/><V117/><F117/><W4/><G115/><T26/><D26/><U125/><E125/><V66/><F71/><W1/><G127/><T27/><D27/><U3/><E3/><V59/><F126/><W7/><G29/><N who="2" m="11337" /><F44/><W98/><G32/><T106/><D124/><U19/><E90/><V60/><F120/><W92/><G80/><AGARI ba="1,1" hai="12,13,52,59,60,64,66,67,79,80,85" m="11337" machi="80" ten="30,2000,0" yaku="8,1,54,1" doraHai="100" who="2" fromWho="3" sc="283,0,502,0,159,33,46,-23" owari="283,8.0,502,61.0,192,-21.0,23,-48.0" /></mjloggm>