<mjloggm ver="2.3"><GO type="169" lobby="0"/><UN n0="%E6%A1%90%E8%B0%B7%E7%9B%B4%E5%8F%B6" n1="%E3%81%9B%E3%81%95%E3%81%BF%E3%82%93%E2%99%AA" n2="%E3%81%86%E3%81%83%E3%83%BC%E3%81%A1%E3%82%83%E3%82%93" n3="%E3%82%A6%E3%83%AB%E3%83%88%E3%83%A9%E7%AB%8B%E7%9B%B4" dan="16,16,17,17" rate="2118.00,2135.90,2142.18,2207.32" sx="F,F,M,M"/><TAIKYOKU oya="0"/><INIT seed="0,0,0,1,0,73" ten="250,250,250,250" oya="0" hai0="70,36,52,32,112,5,68,2,102,69,100,71,122" hai1="131,3,47,13,76,115,35,33,59,104,16,7,57" hai2="23,114,93,78,24,67,38,92,111,19,39,84,40" hai3="48,42,66,65,56,134,96,21,82,29,90,86,28"/><T74/><D122/><U127/><E104/><V58/><F111/><W94/><G134/><T110/><D110/><U0/><E131/><V63/><F114/><W98/><G98/><T101/><D112/><U118/><E118/><V109/><F109/><W132/><G132/><T85/><D74/><U113/><E47/><V51/><F39/><W133/><G133/><T130/><D36/><U83/><E7/><V18/><F38/><W135/><G135/><T79/><D130/><U81/><E127/><V44/><REACH who="2" step="1"/><F18/><REACH who="2" ten="250,250,240,250" step="2"/><W61/><G29/><T116/><D116/><U27/><E16/><V125/><F125/><W37/><G37/><T22/><D32/><U30/><E30/><V31/><F31/><W128/><G128/><T88/><D22/><U41/><E35/><V72/><F72/><W87/><G28/><T91/><D2/><U64/><E33/><V117/><F117/><W8/><G21/><T103/><N who="0" m="25600" /><DORA hai="60" /><T49/><N who="0" m="17408" /><DORA hai="62" /><T34/><D34/><U50/><E0/><V20/><F20/><W107/><G107/><T1/><D1/><U46/><E3/><V9/><F9/><W108/><G8/><T106/><D5/><U99/><E115/><V120/><F120/><W119/><G108/><T95/><D106/><U10/><E113/><V12/><F12/><W43/><G119/><T80/><REACH who="0" step="1"/><D95/><REACH who="0" ten="240,250,240,250" step="2"/><U54/><E10/><V77/><F77/><W14/><G94/><T129/><D129/><U124/><E76/><V105/><F105/><W25/><G14/><T26/><D26/><U53/><E27/><V75/><F75/><W11/><G25/><RYUUKYOKU ba="0,2" sc="240,15,250,-15,240,15,250,-15" hai0="49,52,79,80,85,88,91" hai2="19,23,24,40,44,51,58,63,67,78,84,92,93" /><INIT seed="0,1,2,1,2,104" ten="255,235,255,235" oya="0" hai0="43,8,28,0,119,23,6,42,47,46,20,26,51" hai1="92,82,35,49,87,91,95,32,94,37,100,75,107" hai2="65,36,34,74,2,126,115,24,21,96,29,110,16" hai3="25,130,106,105,14,48,40,72,120,1,33,64,77"/><T13/><D119/><U118/><E37/><V17/><F36/><W88/><G1/><T38/><REACH who="0" step="1"/><D0/><REACH who="0" ten="245,235,255,235" step="2"/><U18/><E118/><V103/><F2/><W93/><G120/><T124/><D124/><U4/><E4/><V50/><F126/><W27/><G130/><T117/><D117/><U12/><E32/><AGARI ba="1,3" hai="6,8,13,20,23,26,28,32,38,42,43,46,47,51" machi="32" ten="30,2900,0" yaku="1,1,7,1,53,0" doraHai="104" doraHaiUra="123" who="0" fromWho="1" sc="245,62,235,-32,255,0,235,0" /><INIT seed="0,2,0,0,3,47" ten="307,203,255,235" oya="0" hai0="22,134,76,79,103,3,0,126,21,63,16,43,61" hai1="28,23,99,49,107,106,6,80,81,87,32,96,110" hai2="72,20,84,70,133,29,58,13,105,35,74,86,59" hai3="48,120,4,41,78,135,8,91,113,73,26,39,98"/><T9/><D126/><U117/><E117/><V82/><F70/><W100/><G113/><T108/><D43/><U89/><E32/><V116/><F116/><W111/><G111/><T2/><D108/><U124/><E110/><V119/><F35/><W128/><G120/><T36/><D36/><U24/><E124/><V1/><F1/><W64/><G128/><T122/><D122/><U77/><E6/><V88/><F105/><W130/><G64/><T112/><D112/><U75/><E107/><V65/><F119/><W25/><G91/><T57/><D134/><U90/><E106/><V131/><F131/><W109/><G48/><T45/><D45/><U30/><E30/><V53/><F86/><W85/><G85/><T115/><D103/><U123/><E123/><V69/><F69/><W12/><G12/><T129/><D129/><U14/><E90/><V42/><F42/><W27/><G41/><T34/><D115/><U114/><E114/><V18/><F29/><W104/><G39/><T44/><D2/><U66/><E66/><V95/><F82/><W37/><G37/><T10/><D34/><U7/><REACH who="1" step="1"/><E49/><REACH who="1" ten="307,193,255,235" step="2"/><N who="2" m="31023" /><F133/><W40/><G135/><T55/><D76/><U68/><E68/><V121/><F121/><W97/><G78/><T33/><D79/><U92/><E92/><V127/><F127/><W17/><G130/><T93/><D33/><U60/><E60/><AGARI ba="2,1" hai="13,18,20,59,60,65,72,74,84,88,95" m="31023" machi="60" ten="30,3900,0" yaku="25,1,52,1,54,1" doraHai="47" who="2" fromWho="1" sc="307,0,193,-45,255,55,235,0" /><INIT seed="1,0,0,2,4,72" ten="307,148,310,235" oya="1" hai0="10,82,13,112,88,111,64,120,59,41,58,46,43" hai1="105,94,84,132,123,47,100,129,27,35,24,22,48" hai2="42,44,74,55,14,85,32,65,52,57,116,31,2" hai3="131,71,127,108,66,91,30,121,107,130,70,1,63"/><U60/><E123/><V67/><F2/><W83/><G107/><T34/><D112/><U39/><E39/><V79/><F74/><W68/><G1/><T45/><D120/><U90/><E132/><V95/><F116/><W20/><G121/><T119/><D119/><U6/><E35/><V115/><F115/><W50/><G50/><T0/><D0/><U23/><E129/><N who="3" m="49162" /><G108/><T113/><D34/><U36/><E36/><V69/><F69/><W18/><G30/><T110/><D113/><U15/><E105/><V76/><F31/><W133/><G127/><T87/><D110/><U98/><E60/><V37/><F14/><N who="3" m="9303" /><G133/><T7/><D111/><U102/><E6/><V89/><F32/><W8/><G8/><T25/><D25/><N who="1" m="9803" /><E15/><V28/><F28/><W16/><G16/><T134/><D134/><U51/><E51/><V122/><F122/><W99/><G63/><N who="0" m="38007" /><D59/><U9/><E9/><V75/><F57/><W128/><G128/><T81/><D43/><N who="1" m="24703" /><E22/><V124/><F75/><W26/><G26/><T96/><D41/><U93/><E23/><V117/><F117/><W77/><G70/><T61/><D61/><U103/><AGARI ba="0,0" hai="84,90,93,94,98,100,102,103" m="24703,9803" machi="103" ten="30,1500,0" yaku="8,1" doraHai="72" who="1" fromWho="1" sc="307,-5,148,15,310,-5,235,-5" /><INIT seed="1,1,0,5,0,131" ten="302,163,305,230" oya="1" hai0="75,114,101,12,1,32,96,22,35,70,52,41,37" hai1="111,8,125,31,47,44,24,56,82,40,11,25,123" hai2="122,77,63,29,87,5,7,39,21,72,133,84,90" hai3="124,53,69,36,61,10,16,99,9,20,98,134,107"/><U102/><E123/><V26/><F122/><W42/><G36/><T55/><D75/><U106/><E125/><V120/><F120/><W27/><G124/><T88/><D70/><U105/><E105/><V28/><F39/><W34/><G42/><T100/><D1/><U91/><E106/><V115/><F115/><W15/><G34/><T86/><D114/><U14/><E102/><V66/><F133/><W119/><G134/><T128/><D128/><U108/><E56/><V59/><F72/><W58/><G119/><T17/><D100/><U51/><E47/><V92/><REACH who="2" step="1"/><F28/><REACH who="2" ten="302,163,295,230" step="2"/><W67/><G107/><T71/><D37/><U33/><E24/><V78/><F78/><W3/><G3/><T127/><D127/><U57/><E57/><V130/><F130/><W45/><G45/><T48/><D71/><U65/><E65/><V49/><F49/><W94/><G69/><T60/><D48/><U46/><E46/><V95/><F95/><W64/><G27/><T4/><D60/><U62/><E62/><V50/><F50/><W121/><G121/><T85/><D41/><U93/><E82/><AGARI ba="1,1" hai="5,7,21,26,29,59,63,66,77,82,84,87,90,92" machi="82" ten="40,2600,0" yaku="1,1,8,1,53,0" doraHai="131" doraHaiUra="103" who="2" fromWho="1" sc="302,0,163,-29,295,39,230,0" /><INIT seed="2,0,0,5,2,61" ten="302,134,334,230" oya="2" hai0="40,124,107,15,7,49,53,77,6,79,128,75,119" hai1="43,48,46,45,30,66,52,9,108,123,112,125,65" hai2="4,82,71,1,33,17,38,86,99,130,94,115,11" hai3="59,92,31,58,104,3,51,83,126,127,91,63,23"/><V78/><F130/><W122/><G104/><T132/><D128/><U14/><E112/><V20/><F115/><W19/><G3/><T131/><D132/><U60/><E108/><V5/><F38/><W26/><G122/><T85/><D131/><U24/><E123/><V0/><F33/><W117/><G117/><T88/><D124/><U28/><E125/><V41/><F41/><W84/><G51/><T105/><D40/><U8/><E8/><V25/><F71/><W81/><G127/><T111/><D111/><U16/><E30/><V44/><F44/><W100/><G126/><T96/><D119/><U129/><E129/><V80/><F80/><W64/><G59/><T13/><D75/><U57/><E46/><V90/><F5/><N who="0" m="1546" /><D96/><U73/><E73/><V76/><REACH who="2" step="1"/><F1/><REACH who="2" ten="302,134,324,230" step="2"/><W2/><G2/><T34/><D34/><AGARI ba="0,1" hai="9,14,16,24,28,34,43,45,48,52,57,60,65,66" machi="34" ten="30,8000,1" yaku="7,1,52,2,54,2" doraHai="61" who="1" fromWho="0" sc="302,-80,134,90,324,0,230,0" /><INIT seed="3,0,0,1,3,132" ten="222,224,324,230" oya="3" hai0="49,112,111,18,34,24,11,45,5,3,21,105,23" hai1="62,131,33,107,129,19,69,120,114,82,13,56,60" hai2="50,130,126,70,32,14,81,71,43,39,98,44,29" hai3="52,25,94,17,31,46,40,74,118,30,78,135,73"/><W28/><G118/><T103/><D111/><U88/><E120/><V41/><F130/><N who="1" m="49673" /><E107/><V16/><F126/><W127/><G127/><T15/><D112/><U64/><E33/><V72/><F41/><W47/><G135/><T68/><D68/><U93/><E114/><V95/><F39/><W58/><G78/><T55/><D103/><U1/><E1/><V109/><F109/><W79/><G79/><T96/><D96/><N who="1" m="57383" /><E82/><V10/><F81/><W42/><G74/><T61/><D105/><U57/><E62/><V89/><REACH who="2" step="1"/><F72/><REACH who="2" ten="222,224,314,230" step="2"/><W75/><G73/><T35/><REACH who="0" step="1"/><D61/><REACH who="0" ten="212,224,314,230" step="2"/><U53/><E53/><V48/><F48/><W76/><G52/><T9/><D9/><AGARI ba="0,2" hai="9,13,19,56,57,60,64,69" m="57383,49673" machi="9" ten="30,2000,0" yaku="19,1,54,1" doraHai="132" who="1" fromWho="0" sc="212,-20,224,40,314,0,230,0" /><INIT seed="4,0,0,3,2,8" ten="192,264,314,230" oya="0" hai0="107,23,68,50,19,89,128,62,18,123,28,114,74" hai1="44,4,97,33,117,75,95,131,47,112,91,81,7" hai2="53,65,80,1,76,100,69,73,24,20,122,38,40" hai3="60,111,93,42,15,25,45,134,55,104,13,125,64"/><T126/><D107/><U57/><E117/><V110/><F122/><W120/><G111/><T99/><D123/><U70/><E70/><V52/><F110/><W118/><G104/><T77/><D128/><U35/><E131/><V39/><F1/><W88/><G118/><T22/><D126/><U51/><E35/><V11/><F100/><W14/><G120/><T109/><D109/><U87/><E33/><V46/><F38/><W36/><G125/><T32/><D114/><U116/><E75/><V67/><F11/><W58/><G25/><T132/><D132/><U17/><E116/><V34/><F34/><W133/><REACH who="3" step="1"/><G64/><REACH who="3" ten="192,264,314,220" step="2"/><T135/><D135/><U105/><E105/><V31/><F65/><W90/><G90/><T59/><D89/><U78/><E112/><V63/><AGARI ba="0,1" hai="20,24,31,39,40,46,52,53,63,67,69,73,76,80" machi="63" ten="30,2000,0" yaku="0,1,54,1" doraHai="8" who="2" fromWho="2" sc="192,-10,264,-5,314,30,220,-5" /><INIT seed="5,0,0,1,2,101" ten="182,259,344,215" oya="1" hai0="47,97,89,39,4,87,125,70,42,22,35,94,0" hai1="49,20,62,115,34,17,127,126,132,71,43,77,73" hai2="37,111,36,123,114,21,27,16,118,85,54,10,11" hai3="38,58,79,64,80,3,109,8,112,53,60,74,107"/><U1/><E115/><V99/><F118/><W90/><G109/><T135/><D125/><U6/><E34/><V67/><F123/><W134/><G112/><T76/><D135/><U103/><E132/><V106/><F111/><W128/><G134/><T51/><D70/><U31/><E31/><V63/><F114/><W102/><G128/><T131/><D131/><U100/><E6/><V110/><F110/><W83/><G38/><T9/><D22/><U93/><E1/><V24/><F54/><W95/><G83/><T92/><D35/><U44/><E62/><V29/><F85/><W98/><G8/><T104/><D76/><U56/><E56/><V50/><F50/><W13/><G13/><T48/><REACH who="0" step="1"/><D104/><REACH who="0" ten="172,259,344,215" step="2"/><U12/><E71/><V121/><F106/><W105/><G105/><T52/><D52/><U116/><E127/><V86/><F121/><W124/><G124/><T96/><D96/><U75/><E126/><V5/><F99/><W41/><G53/><T113/><D113/><U26/><E77/><V119/><F119/><W46/><G107/><T65/><D65/><U25/><E116/><V23/><F67/><W69/><G69/><T72/><D72/><U66/><E73/><V117/><F117/><W45/><G74/><T130/><D130/><U55/><E75/><V81/><F21/><W33/><G79/><T28/><D28/><U122/><E66/><V88/><F29/><W2/><G33/><T32/><D32/><U30/><E55/><V133/><F23/><W129/><G129/><T68/><D68/><U40/><E30/><V91/><F133/><RYUUKYOKU ba="0,1" sc="172,30,259,-10,344,-10,215,-10" hai0="0,4,9,39,42,47,48,51,87,89,92,94,97" /><INIT seed="6,1,1,3,3,45" ten="202,249,334,205" oya="2" hai0="54,132,42,59,65,57,1,123,118,81,63,122,99" hai1="46,13,36,25,77,40,112,100,98,67,9,64,3" hai2="75,56,109,107,91,27,31,32,83,105,117,49,130" hai3="28,43,19,86,17,62,102,5,104,115,51,135,125"/><V110/><F117/><W89/><G104/><T80/><D1/><U20/><E112/><V37/><F37/><W103/><G115/><T111/><D118/><U58/><E3/><V48/><F56/><W8/><G135/><T35/><D35/><U96/><E77/><V41/><F41/><W11/><G125/><T90/><D132/><U4/><E58/><V73/><F130/><W21/><G62/><T121/><D42/><U22/><E96/><V26/><F91/><W44/><G28/><T34/><D34/><U114/><E20/><V97/><F97/><W68/><G68/><T134/><D134/><U18/><E114/><V10/><F10/><N who="3" m="3627" /><G5/><T120/><D111/><U72/><E72/><V6/><F31/><W79/><G79/><T52/><N who="0" m="30720" /><DORA hai="129" /><T16/><D16/><N who="3" m="6217" /><G21/><T70/><D99/><U101/><E101/><V47/><F32/><W55/><G43/><T92/><D92/><AGARI ba="1,1" hai="4,9,13,18,22,25,36,40,46,64,67,92,98,100" machi="92" ten="30,1000,0" yaku="7,1" doraHai="45,129" who="1" fromWho="0" sc="202,-13,249,23,334,0,205,0" /><AGARI ba="1,0" hai="44,51,55,86,89,92,102,103" m="6217,3627" machi="92" ten="30,3900,0" yaku="8,1,52,1,54,1" doraHai="45,129" who="3" fromWho="0" sc="189,-39,272,0,334,0,205,39" /><INIT seed="7,0,0,3,2,94" ten="150,272,334,244" oya="3" hai0="9,108,99,135,82,110,119,122,36,109,57,120,25" hai1="55,88,51,14,91,38,130,37,49,67,133,59,18" hai2="21,121,13,43,33,20,32,50,125,114,60,78,118" hai3="116,23,65,90,84,34,52,66,103,24,16,93,69"/><W77/><G69/><T129/><D36/><U44/><E133/><V40/><F118/><W61/><G116/><T68/><D68/><U105/><E105/><V83/><F60/><W47/><G34/><T3/><D57/><U127/><E127/><V19/><F125/><W0/><G0/><T115/><D25/><U5/><E130/><V41/><F114/><W29/><G103/><T26/><D119/><U79/><E5/><V71/><F71/><W74/><G74/><T100/><D129/><U30/><E30/><V70/><F70/><W12/><G77/><T15/><D135/><U39/><E79/><V48/><F121/><W92/><G92/><T27/><D3/><U87/><E67/><V58/><F58/><N who="3" m="35015" /><G47/><T126/><D115/><U62/><E44/><V98/><F32/><W85/><G85/><T17/><D126/><U107/><E107/><V80/><F33/><W128/><G128/><T96/><D100/><U132/><E132/><V97/><F78/><W28/><G24/><T2/><D2/><U63/><E49/><N who="2" m="19051" /><F80/><W131/><G131/><T76/><D26/><U6/><E6/><V75/><F83/><W101/><G101/><T46/><D27/><U45/><E91/><V8/><F75/><W56/><G56/><T10/><D46/><U4/><E4/><V35/><F35/><W64/><AGARI ba="0,0" hai="12,16,23,28,29,64,65,66,84,90,93" m="35015" machi="64" ten="30,6000,0" yaku="8,1,54,2" doraHai="94" who="3" fromWho="3" sc="150,-20,272,-20,334,-20,244,60" /><INIT seed="7,1,0,4,4,87" ten="130,252,314,304" oya="3" hai0="58,42,55,132,8,15,122,4,68,0,28,107,31" hai1="33,64,7,48,22,46,61,30,26,24,75,102,65" hai2="37,14,53,54,121,12,20,134,32,111,90,5,97" hai3="104,120,56,11,93,59,112,50,126,114,129,127,41"/><W21/><G104/><T113/><D107/><U101/><E75/><V84/><F32/><W49/><G120/><T63/><D122/><U99/><E7/><V13/><F37/><W133/><G129/><T108/><D108/><U60/><E60/><V57/><F111/><W18/><G133/><T98/><D132/><U39/><E39/><V105/><F134/><W19/><G93/><T130/><D130/><U74/><E74/><V44/><F121/><W51/><G41/><T116/><D116/><U91/><E91/><V43/><F105/><W118/><G118/><T128/><D128/><U34/><E26/><V85/><F5/><W67/><G11/><T69/><D113/><N who="3" m="43625" /><G18/><T76/><D76/><U1/><E1/><V52/><F57/><N who="3" m="22091" /><G67/><T89/><D0/><U81/><E81/><V2/><F2/><W47/><G47/><T36/><D42/><U119/><E119/><V6/><F6/><W124/><G124/><T45/><D45/><U109/><E64/><V95/><F20/><W16/><G19/><T23/><D36/><U29/><E22/><V38/><AGARI ba="1,0" hai="12,13,14,38,43,44,52,53,54,84,85,90,95,97" machi="38" ten="30,4000,0" yaku="0,1,52,1,54,1" doraHai="87" who="2" fromWho="2" sc="130,-11,252,-11,314,43,304,-21" owari="119,-38.0,241,-16.0,357,46.0,283,8.0" /></mjloggm>