<mjloggm ver="2.3"><GO type="169" lobby="0"/><UN n0="%E3%82%A6%E3%83%AB%E3%83%88%E3%83%A9%E7%AB%8B%E7%9B%B4" n1="%E7%8B%AC%E9%80%B8%E4%B9%8B%E9%9B%A8%E8%9B%99" n2="%E6%B0%B7%E6%9F%B1" n3="%76%65%74%6F%6F" dan="17,16,16,16" rate="2156.42,2027.20,2131.57,2089.12" sx="M,M,M,M"/><TAIKYOKU oya="0"/><INIT seed="0,0,0,0,5,10" ten="250,250,250,250" oya="0" hai0="97,28,91,6,58,25,33,132,60,121,119,64,108" hai1="44,133,19,31,39,7,100,23,63,61,123,20,129" hai2="41,104,40,56,24,87,109,101,45,22,51,27,79" hai3="113,13,135,69,17,120,59,30,102,99,62,73,111"/><T95/><D121/><U88/><E123/><V92/><F109/><W122/><G111/><T34/><D119/><U131/><E133/><V115/><F104/><W2/><G2/><T89/><D108/><U53/><E7/><V38/><F38/><W3/><G3/><T86/><D6/><U134/><E134/><V18/><F56/><W29/><G135/><T37/><D37/><U105/><E105/><V57/><F57/><W77/><G113/><T8/><D8/><U14/><E100/><V43/><F115/><W26/><G30/><T50/><D50/><N who="1" m="28871" /><E39/><V106/><F106/><W93/><G77/><T83/><REACH who="0" step="1"/><D132/><REACH who="0" ten="240,250,250,250" step="2"/><U11/><E11/><V81/><F27/><W80/><G122/><T35/><AGARI ba="0,1" hai="25,28,33,34,35,58,60,64,83,86,89,91,95,97" machi="35" ten="20,7800,0" yaku="1,1,2,1,0,1,7,1,53,0" doraHai="10" doraHaiUra="32" who="0" fromWho="0" sc="240,88,250,-26,250,-26,250,-26" /><INIT seed="0,1,0,0,0,22" ten="328,224,224,224" oya="0" hai0="87,118,23,25,7,46,44,104,4,127,71,76,57" hai1="85,1,48,67,56,55,116,75,32,61,68,91,8" hai2="19,106,133,17,40,131,39,94,43,80,93,31,70" hai3="18,108,26,123,121,95,47,34,10,2,60,49,37"/><T96/><D71/><U16/><E75/><V88/><F106/><W125/><G108/><T120/><D118/><U126/><E126/><V50/><F70/><W21/><G125/><T81/><D120/><N who="3" m="46153" /><G37/><T51/><D127/><U3/><E32/><V12/><F39/><W90/><G60/><T82/><D57/><U101/><E101/><V132/><F31/><W115/><G115/><T11/><D104/><U15/><REACH who="1" step="1"/><E116/><REACH who="1" ten="328,214,224,224" step="2"/><V134/><F132/><W122/><G34/><T109/><D109/><U65/><E65/><V135/><F133/><W83/><G122/><T98/><D82/><AGARI ba="1,1" hai="1,3,8,15,16,48,55,56,61,67,68,82,85,91" machi="82" ten="30,7700,0" yaku="1,1,7,1,54,1,53,1" doraHai="22" doraHaiUra="63" who="1" fromWho="0" sc="328,-80,214,90,224,0,224,0" /><INIT seed="1,0,0,2,3,85" ten="248,304,224,224" oya="1" hai0="129,133,132,7,51,95,22,115,4,126,10,71,112" hai1="43,18,79,58,96,13,6,118,56,64,8,74,90" hai2="50,134,110,9,20,106,97,81,49,45,53,100,120" hai3="46,63,59,54,37,35,61,127,99,102,67,68,52"/><U47/><E118/><V113/><F120/><W25/><G127/><T34/><D71/><U73/><E73/><V135/><F110/><W60/><G35/><T86/><D51/><U23/><E74/><V94/><F113/><W83/><G83/><T42/><D42/><U121/><E79/><V89/><F81/><W19/><G19/><T27/><D86/><U107/><E121/><V70/><F70/><W101/><G25/><T117/><D95/><U1/><E64/><V36/><F20/><W109/><G109/><T38/><D38/><U31/><E31/><V104/><F36/><W123/><G123/><T14/><D117/><U5/><E5/><V119/><F119/><W11/><G11/><T128/><D34/><U48/><REACH who="1" step="1"/><E90/><REACH who="1" ten="248,294,224,224" step="2"/><V29/><F29/><W76/><G76/><T28/><D4/><U82/><E82/><V111/><F111/><W66/><G66/><T3/><D126/><U84/><E84/><V17/><F89/><W41/><G99/><T116/><D116/><U105/><E105/><V75/><F75/><W103/><G67/><T2/><D115/><U15/><E15/><N who="2" m="7407" /><F104/><W88/><G88/><T65/><D65/><U32/><E32/><V131/><F106/><W124/><G124/><T40/><D112/><U91/><E91/><V21/><F97/><W26/><G68/><T125/><D125/><U44/><E44/><V33/><F33/><W39/><G46/><T108/><D108/><U12/><E12/><V78/><F78/><W0/><G0/><N who="0" m="43" /><D40/><U122/><E122/><V69/><F69/><W55/><G41/><T87/><D87/><RYUUKYOKU ba="0,1" sc="248,15,294,15,224,-15,224,-15" hai0="7,10,14,22,27,28,128,129,132,133" hai1="1,6,8,13,18,23,43,47,48,56,58,96,107" /><INIT seed="1,1,1,2,2,22" ten="263,309,209,209" oya="1" hai0="111,29,27,44,61,60,59,116,53,100,35,71,123" hai1="5,49,57,86,87,130,132,81,52,31,129,23,77" hai2="63,8,17,15,6,47,114,45,26,105,11,25,9" hai3="50,134,37,85,79,36,32,38,34,131,10,1,97"/><U4/><E132/><V126/><F105/><W80/><G134/><T84/><D116/><U73/><E73/><V72/><F72/><W95/><G131/><N who="1" m="50186" /><E87/><V55/><F126/><W0/><G50/><T74/><D74/><U125/><E125/><V122/><F122/><W43/><G43/><T67/><D123/><U94/><E94/><V75/><F75/><W28/><G10/><N who="2" m="4201" /><F114/><W62/><G62/><T119/><D119/><U106/><E106/><V76/><F76/><W54/><G54/><T115/><D115/><U135/><E135/><V104/><F104/><W124/><G124/><T30/><D100/><U98/><E98/><V3/><F3/><W24/><REACH who="3" step="1"/><G34/><REACH who="3" ten="263,309,209,199" step="2"/><T12/><D35/><U18/><E31/><V90/><F6/><W102/><AGARI ba="1,2" hai="0,1,24,28,32,36,37,38,79,80,85,95,97,102" machi="102" ten="30,7900,0" yaku="1,1,2,1,0,1,52,1,53,0" doraHai="22" doraHaiUra="107" who="3" fromWho="3" sc="263,-21,309,-40,209,-21,199,102" /><INIT seed="2,0,0,3,3,20" ten="242,269,188,301" oya="2" hai0="98,58,8,28,38,9,56,135,35,71,81,34,67" hai1="7,52,60,118,124,84,2,114,116,75,48,10,44" hai2="70,89,93,78,30,99,121,79,5,117,15,103,73" hai3="74,66,125,120,110,130,3,85,62,131,59,31,129"/><V119/><F121/><W0/><G74/><T43/><D81/><U96/><E75/><V105/><F70/><W13/><G120/><T68/><D28/><U134/><E114/><V132/><F30/><W6/><G110/><T91/><D98/><U53/><E134/><V113/><F113/><W32/><G125/><T41/><D91/><U1/><E124/><V33/><F33/><W100/><G100/><T14/><D14/><U76/><E1/><V82/><F79/><W57/><G85/><T94/><D94/><U12/><E2/><V109/><F132/><W108/><G108/><T21/><D21/><U115/><E115/><V106/><F109/><W90/><G90/><T23/><D23/><U104/><E104/><N who="2" m="63615" /><F15/><W11/><G59/><T102/><D102/><U127/><E127/><V26/><F26/><AGARI ba="0,0" hai="0,3,6,11,13,26,31,32,57,62,66,129,130,131" machi="26" ten="40,2600,0" yaku="19,1,52,1" doraHai="20" who="3" fromWho="2" sc="242,0,269,0,188,-26,301,26" /><INIT seed="3,0,0,4,2,92" ten="242,269,162,327" oya="3" hai0="69,118,129,108,18,78,17,75,67,105,131,66,10" hai1="82,125,36,35,73,14,19,74,65,87,29,26,1" hai2="30,48,120,86,24,58,116,124,110,103,127,134,43" hai3="104,84,6,77,53,90,56,39,63,114,5,81,33"/><W93/><G39/><T100/><D118/><U23/><E125/><V101/><F116/><W106/><G33/><T89/><D78/><U115/><E115/><V135/><F43/><W31/><G31/><T60/><D75/><U119/><E119/><V38/><F38/><W97/><G114/><T111/><D89/><U27/><E36/><V41/><F41/><W64/><G64/><T50/><D50/><U126/><E126/><N who="2" m="48171" /><F86/><W45/><G45/><T80/><D80/><U130/><E130/><N who="0" m="49673" /><D67/><U32/><E1/><V61/><F48/><W37/><G37/><T128/><D128/><U71/><E32/><V72/><F72/><N who="3" m="43175" /><G106/><T54/><D54/><U0/><E0/><V7/><F7/><W59/><G56/><T133/><D133/><N who="2" m="50698" /><F120/><W16/><G6/><T91/><D91/><U34/><E65/><N who="2" m="39095" /><F110/><N who="0" m="42026" /><D10/><U42/><E42/><V3/><F3/><W98/><G104/><T96/><AGARI ba="0,0" hai="17,18,60,66,69,96,100,105" m="42026,49673" machi="96" ten="40,5200,0" yaku="19,1,14,1,52,1" doraHai="92" who="0" fromWho="0" sc="242,52,269,-13,162,-13,327,-26" /><INIT seed="4,0,0,3,0,86" ten="294,256,149,301" oya="0" hai0="50,14,11,94,81,132,58,129,67,26,105,25,52" hai1="53,125,82,99,78,102,63,126,109,72,27,24,37" hai2="115,108,47,106,130,121,43,127,35,80,61,12,104" hai3="66,89,133,134,69,128,85,59,124,13,73,55,83"/><T111/><D129/><U131/><E109/><V41/><F108/><W107/><G107/><T7/><D105/><U103/><E37/><V30/><F121/><W16/><G128/><T88/><D132/><N who="3" m="50793" /><G73/><T114/><D114/><U74/><E74/><V8/><F130/><W101/><G101/><T17/><D111/><U48/><E63/><V112/><F127/><N who="1" m="48649" /><E131/><V92/><F80/><W135/><G124/><T5/><D81/><U56/><E103/><V21/><F35/><W0/><G0/><T42/><D67/><U120/><E120/><V62/><F30/><W84/><G84/><N who="0" m="52487" /><D42/><U90/><E90/><V10/><F92/><AGARI ba="0,0" hai="24,27,48,53,56,72,78,82,92,99,102" m="48649" machi="92" ten="30,1000,0" yaku="18,1" doraHai="86" who="1" fromWho="2" sc="294,0,256,10,149,-10,301,0" /><INIT seed="5,0,0,4,3,23" ten="294,266,139,301" oya="1" hai0="26,89,110,42,47,91,18,79,49,121,82,16,50" hai1="52,2,102,4,129,135,3,34,95,5,73,69,51" hai2="35,94,106,86,10,48,120,112,19,116,6,130,1" hai3="87,28,78,84,22,74,118,115,65,58,55,92,60"/><U134/><E73/><V13/><F116/><W131/><G118/><T123/><D110/><U77/><E77/><V17/><F120/><N who="0" m="46154" /><D50/><U107/><E107/><V0/><F106/><W54/><G131/><T7/><D7/><U81/><E81/><V38/><F38/><W27/><G74/><N who="0" m="43383" /><D26/><U41/><E129/><V12/><F130/><W44/><G115/><T32/><D32/><U76/><E76/><V125/><F35/><W53/><G44/><T56/><D56/><U57/><E69/><V14/><F112/><W133/><G133/><N who="1" m="50698" /><E41/><V108/><F48/><W21/><G21/><T83/><D83/><U119/><E119/><V63/><F63/><W93/><G78/><T80/><D80/><U64/><E34/><V29/><F108/><W85/><AGARI ba="0,0" hai="22,27,28,53,54,55,58,60,65,84,85,87,92,93" machi="85" ten="30,4000,0" yaku="0,1,8,1,52,1" doraHai="23" who="3" fromWho="3" sc="294,-10,266,-20,139,-10,301,40" /><INIT seed="6,0,0,5,2,84" ten="284,246,129,341" oya="2" hai0="64,102,126,40,89,60,93,21,71,26,10,120,5" hai1="107,106,56,119,15,51,113,92,133,32,62,19,66" hai2="50,27,96,110,6,100,30,125,7,130,124,82,63" hai3="25,14,46,12,44,28,123,132,73,43,53,118,48"/><V3/><F130/><W1/><G118/><T79/><D126/><N who="2" m="48746" /><F3/><W57/><G1/><T16/><D120/><U4/><E119/><V104/><F110/><W81/><G123/><T42/><D79/><U111/><E111/><V29/><F29/><W121/><G121/><T31/><D102/><U17/><E32/><N who="2" m="20575" /><F50/><W85/><G73/><T65/><D65/><U77/><E113/><V59/><F82/><W20/><G132/><T13/><REACH who="0" step="1"/><D31/><REACH who="0" ten="274,246,129,341" step="2"/><U47/><E77/><V90/><F90/><N who="3" m="51503" /><G43/><T86/><AGARI ba="0,1" hai="5,10,13,16,21,26,40,42,60,64,71,86,89,93" machi="86" ten="20,8000,1" yaku="1,1,0,1,7,1,52,1,54,1,53,0" doraHai="84" doraHaiUra="94" who="0" fromWho="0" sc="274,90,246,-20,129,-40,341,-20" /><INIT seed="7,0,0,2,3,14" ten="364,226,89,321" oya="3" hai0="128,130,36,119,22,91,30,110,124,94,113,52,74" hai1="20,4,50,38,6,15,95,123,108,99,112,84,16" hai2="1,64,129,31,55,102,127,131,17,65,44,85,100" hai3="107,72,73,18,33,83,114,117,111,106,29,126,109"/><W81/><G117/><T120/><D119/><U89/><E38/><V34/><F1/><W103/><G126/><T59/><D74/><N who="3" m="28777" /><G33/><T134/><D36/><U42/><E123/><V41/><F127/><W54/><G29/><T27/><D120/><U77/><E108/><N who="3" m="41546" /><G114/><T118/><D118/><U32/><E32/><V68/><F85/><W88/><G54/><T101/><D124/><U9/><E112/><V53/><F68/><W51/><G51/><N who="0" m="31135" /><D101/><U133/><E133/><V23/><F31/><W10/><G103/><T56/><D56/><U98/><E77/><V57/><F34/><W86/><G83/><T121/><D121/><U3/><E3/><V70/><F70/><W21/><G10/><T11/><D11/><U2/><E2/><V75/><F75/><W26/><AGARI ba="0,0" hai="18,21,26,81,86,88,106,107" m="41546,28777" machi="26" ten="30,6000,0" yaku="10,1,52,1,54,1" doraHai="14" who="3" fromWho="3" sc="364,-20,226,-20,89,-20,321,60" owari="344,14.0,206,-19.0,69,-43.0,381,48.0" /></mjloggm>