<mjloggm ver="2.3"><GO type="225" lobby="0"/><UN n0="%E3%82%A6%E3%83%AB%E3%83%88%E3%83%A9%E7%AB%8B%E7%9B%B4" n1="%E3%81%B5%E3%81%86%E3%81%8C%E2%99%AA" n2="%E3%81%9D%E3%83%BC%E3%81%B7%E5%BB%B6%E9%95%B7" n3="%E3%81%BF%E3%81%BF%E3%81%9A" dan="17,16,16,17" rate="2155.58,2174.81,2185.64,2223.64" sx="M,M,M,M"/><TAIKYOKU oya="0"/><INIT seed="0,0,0,3,4,10" ten="250,250,250,250" oya="0" hai0="50,67,123,5,26,49,130,41,12,3,65,109,135" hai1="54,9,128,127,124,39,85,16,18,87,58,121,134" hai2="103,89,34,101,53,21,69,113,116,84,74,59,95" hai3="13,36,120,11,30,92,62,70,38,81,133,2,47"/><T106/><D106/><U56/><E121/><V22/><F22/><W31/><BYE who="2" /><G2/><T83/><D3/><U71/><E71/><V78/><F78/><W76/><G120/><T15/><D123/><U8/><E39/><V1/><F1/><W80/><G133/><T90/><D135/><U55/><REACH who="1" step="1"/><E134/><REACH who="1" ten="250,240,250,250" step="2"/><V60/><F60/><W93/><G70/><T44/><D130/><AGARI ba="0,1" hai="8,9,16,18,54,55,56,58,85,87,124,127,128,130" machi="130" ten="25,8000,1" yaku="1,1,2,1,22,2,54,1,53,0" doraHai="10" doraHaiUra="57" who="1" fromWho="0" sc="250,-80,240,90,250,0,250,0" /><INIT seed="1,0,0,5,2,111" ten="170,330,250,250" oya="1" hai0="9,44,37,59,69,72,19,36,10,60,131,2,39" hai1="53,45,90,14,124,113,48,86,102,91,109,74,97" hai2="105,67,122,80,12,8,32,114,121,129,34,23,33" hai3="31,73,132,87,133,128,78,62,71,84,107,70,35"/><U104/><E124/><V47/><F47/><W65/><G107/><T68/><D131/><U24/><E74/><V94/><F94/><W130/><G84/><T112/><D72/><U126/><E126/><V99/><F99/><W135/><G87/><T88/><D44/><U55/><E109/><V58/><F58/><W123/><G123/><T100/><D100/><U3/><E3/><V134/><F134/><W51/><G71/><T21/><D88/><U92/><E113/><V30/><F30/><W43/><G51/><T18/><D112/><U83/><E24/><V29/><F29/><W119/><G43/><T54/><D2/><U42/><E14/><V96/><F96/><AGARI ba="0,0" hai="42,45,48,53,55,83,86,90,91,92,96,97,102,104" machi="96" ten="30,1500,0" yaku="7,1" doraHai="111" who="1" fromWho="2" sc="170,0,330,15,250,-15,250,0" /><INIT seed="1,1,0,1,4,109" ten="170,345,235,250" oya="1" hai0="72,123,67,89,63,9,132,62,1,57,96,122,97" hai1="48,81,17,40,68,31,53,15,119,2,49,23,22" hai2="112,59,120,91,38,117,77,66,71,92,135,126,133" hai3="124,5,114,50,21,84,73,85,33,35,79,127,115"/><U32/><E2/><V37/><F37/><W107/><G107/><T90/><D72/><U76/><E68/><V52/><F52/><W18/><G5/><T16/><D1/><U131/><E131/><V24/><F24/><W103/><G103/><T105/><D132/><U60/><E32/><N who="3" m="12362" /><G73/><UN n2="%E3%81%9D%E3%83%BC%E3%81%B7%E5%BB%B6%E9%95%B7" /><T36/><D36/><U56/><E119/><V20/><F38/><W106/><G106/><T28/><D28/><U47/><E31/><V99/><F117/><W11/><G11/><T100/><D63/><U129/><E129/><V78/><F120/><N who="0" m="46122" /><D96/><U44/><E23/><V98/><F71/><W80/><G85/><T113/><D113/><U8/><E22/><V10/><F112/><W3/><G3/><T65/><D65/><U30/><E30/><V6/><F20/><W7/><G50/><T121/><N who="0" m="46130" /><T128/><DORA hai="75" /><D128/><U88/><E60/><V104/><F104/><W87/><G87/><T51/><D51/><U58/><E48/><V46/><F46/><W74/><G74/><T116/><D116/><U27/><E49/><V0/><F98/><W125/><G7/><T70/><D57/><U108/><E56/><V55/><F66/><W14/><AGARI ba="1,0" hai="14,18,21,79,80,84,114,115,124,125,127" m="12362" machi="14" ten="40,8000,1" yaku="18,1,52,3" doraHai="109,75" who="3" fromWho="3" sc="170,-21,345,-41,235,-21,250,83" /><INIT seed="2,0,0,5,5,52" ten="149,304,214,333" oya="2" hai0="134,17,105,5,99,20,35,102,54,107,4,77,117" hai1="74,96,85,58,12,89,103,93,80,55,72,95,60" hai2="113,90,37,70,63,44,82,66,68,19,126,122,133" hai3="45,124,127,50,76,33,6,8,31,14,38,46,16"/><V53/><F113/><W67/><G76/><T118/><D35/><U120/><E120/><V0/><F122/><W84/><G67/><T11/><D134/><U64/><E12/><V47/><F133/><W81/><G38/><T91/><D77/><U83/><REACH who="1" step="1"/><E64/><REACH who="1" ten="149,294,214,333" step="2"/><V109/><F66/><W88/><G6/><T97/><D5/><U101/><E101/><V65/><F65/><W29/><G46/><T23/><D4/><U48/><E48/><V104/><F47/><W110/><G110/><T108/><D108/><U25/><E25/><V13/><F44/><W59/><G59/><T34/><D11/><U86/><E86/><V30/><F109/><W40/><REACH who="3" step="1"/><G33/><REACH who="3" ten="149,294,214,323" step="2"/><T125/><D34/><U39/><E39/><V32/><F37/><W49/><G49/><T75/><D118/><U28/><E28/><AGARI ba="0,2" hai="8,14,16,28,29,31,40,45,50,81,84,88,124,127" machi="28" ten="40,5200,0" yaku="1,1,54,2,53,0" doraHai="52" doraHaiUra="3" who="3" fromWho="1" sc="149,0,294,-52,214,0,323,72" /><INIT seed="3,0,0,0,1,102" ten="149,242,214,395" oya="3" hai0="16,39,118,88,15,8,107,75,30,98,68,34,47" hai1="29,99,86,4,59,109,51,90,14,1,35,78,23" hai2="93,119,22,10,103,43,116,33,5,79,115,123,32" hai3="89,45,84,85,44,55,131,77,36,74,87,18,117"/><W13/><G117/><T41/><D118/><U7/><E1/><V129/><F115/><W100/><G131/><T121/><D121/><U76/><E35/><V112/><F112/><W20/><G100/><T126/><D68/><U96/><E109/><V69/><F123/><W19/><G74/><T81/><D126/><U122/><E122/><V26/><F129/><W42/><G77/><N who="1" m="29802" /><E59/><V106/><F69/><W57/><G45/><T58/><D75/><U97/><E51/><V63/><F79/><W133/><G133/><T94/><D81/><N who="1" m="49487" /><E14/><V61/><F93/><W54/><G19/><T37/><D58/><U17/><E17/><V70/><F43/><W46/><G46/><T11/><D11/><U127/><E127/><V101/><F22/><W67/><G67/><T64/><D64/><U56/><E56/><V21/><F21/><W80/><G55/><T25/><REACH who="0" step="1"/><D107/><REACH who="0" ten="139,242,214,395" step="2"/><U83/><E83/><V71/><F10/><W12/><G80/><T24/><D24/><AGARI ba="0,1" hai="4,7,23,24,29,96,97,99" m="49487,29802" machi="24" ten="30,1000,0" yaku="8,1" doraHai="102" who="1" fromWho="0" sc="139,-10,242,20,214,0,395,0" owari="129,-37.0,262,6.0,214,-19.0,395,50.0" /></mjloggm>