<mjloggm ver="2.3"><GO type="169" lobby="0"/><UN n0="%E3%81%BE%E3%81%93%E3%81%95%E3%81%A8%76%65%72%32" n1="%E3%83%88%E3%83%88%E3%83%AA%E5%85%88%E7%94%9F%31%39%E6%AD%B3" n2="%EF%BC%88%EF%BC%BE%D0%94%EF%BC%BE%EF%BC%89" n3="%E9%9B%80%E9%BE%8D%E9%96%80%5F%59%75%74%69" dan="17,18,17,18" rate="2192.67,2254.46,2141.34,2266.88" sx="M,F,M,M"/><TAIKYOKU oya="0"/><INIT seed="0,0,0,5,4,87" ten="250,250,250,250" oya="0" hai0="34,66,72,7,117,65,21,42,40,6,107,105,94" hai1="19,122,124,125,118,102,36,9,54,15,85,55,110" hai2="32,121,13,100,48,26,28,69,104,43,111,112,17" hai3="16,116,73,23,74,30,25,135,82,39,52,68,106"/><T61/><D34/><U3/><E118/><V114/><F111/><W92/><G116/><T8/><D72/><U77/><E122/><V38/><F38/><W129/><G106/><T80/><D117/><U49/><E36/><V10/><F69/><W0/><G68/><T123/><D80/><N who="1" m="47247" /><E110/><V120/><F100/><W127/><G0/><T2/><D123/><N who="2" m="47178" /><F48/><W58/><G127/><N who="1" m="48714" /><E49/><V64/><F104/><W37/><G129/><T103/><D21/><U67/><E67/><V45/><F64/><W18/><G135/><T88/><D7/><N who="1" m="1279" /><E102/><V126/><F45/><W22/><G39/><T76/><D76/><U41/><E41/><V31/><F43/><W47/><G30/><N who="2" m="11305" /><F126/><W109/><G109/><T24/><D66/><U33/><E33/><V128/><F128/><W134/><G134/><T53/><D107/><U12/><E12/><V132/><F132/><W5/><G47/><T130/><D130/><U96/><E96/><V71/><F71/><W97/><G37/><T59/><D24/><U60/><E60/><V27/><F32/><W29/><G29/><T99/><REACH who="0" step="1"/><D65/><REACH who="0" ten="240,250,250,250" step="2"/><U86/><E86/><AGARI ba="0,1" hai="2,6,8,40,42,53,59,61,86,88,94,99,103,105" machi="86" ten="30,18000,2" yaku="1,1,2,1,7,1,52,1,54,1,53,1" doraHai="87" doraHaiUra="98" who="0" fromWho="1" sc="240,190,250,-180,250,0,250,0" /><INIT seed="0,1,0,0,0,116" ten="430,70,250,250" oya="0" hai0="5,92,14,101,95,22,89,12,94,4,38,49,16" hai1="54,62,98,34,25,128,63,122,96,74,100,0,39" hai2="73,75,36,112,117,86,55,32,114,125,65,10,56" hai3="106,71,124,45,26,35,20,109,91,30,99,41,13"/><T51/><D38/><U115/><E39/><V67/><F117/><W110/><G124/><T70/><D70/><U6/><E74/><V47/><F32/><W33/><G71/><T103/><D89/><U43/><E43/><V72/><F125/><W64/><G64/><T27/><D27/><U19/><E128/><V3/><F86/><W119/><G119/><T135/><D135/><U61/><E115/><V121/><F121/><W28/><G91/><T60/><D60/><U31/><E98/><V69/><F69/><W118/><G106/><T21/><D94/><U126/><E126/><V9/><F3/><W48/><G99/><T102/><D102/><U46/><E19/><AGARI ba="1,0" hai="4,5,12,14,16,19,21,22,49,51,92,95,101,103" machi="19" ten="25,9600,0" yaku="22,2,8,1,54,1" doraHai="116" who="0" fromWho="1" sc="430,99,70,-99,250,0,250,0" owari="529,63.0,-29,-53.0,250,5.0,250,-15.0" /></mjloggm>