<mjloggm ver="2.3"><GO type="169" lobby="0"/><UN n0="%69%6D%6F%69%6D%6F" n1="%6C%6F%6E%67%6F%32" n2="%E5%B0%B1%E6%B4%BB%E7%94%9F%40%E5%B7%9D%E6%9D%91%E8%BB%8D%E5%9B%A3" n3="%E5%99%82%E3%81%AE%E3%81%8D%E3%81%BF%E3%81%A9%E3%82%8A" dan="16,16,17,16" rate="2037.16,2054.86,2156.37,2104.96" sx="M,M,M,F"/><TAIKYOKU oya="0"/><INIT seed="0,0,0,4,1,133" ten="250,250,250,250" oya="0" hai0="81,78,0,97,11,51,62,89,120,135,30,128,134" hai1="83,113,33,50,122,80,115,35,54,60,49,93,87" hai2="124,127,34,31,17,58,90,13,107,56,66,94,25" hai3="8,26,84,53,109,65,116,24,63,16,38,104,23"/><T19/><D120/><U132/><E132/><N who="0" m="50729" /><D128/><U27/><E122/><V12/><F107/><W3/><G109/><T59/><D30/><N who="1" m="19679" /><E35/><V91/><F13/><W88/><G104/><T40/><D40/><U123/><E123/><V42/><F42/><W5/><G116/><T46/><D46/><N who="1" m="27959" /><E50/><V70/><F70/><W76/><G38/><T7/><D19/><U21/><E21/><V99/><F91/><W6/><G6/><T37/><D37/><U79/><E60/><V111/><F111/><W4/><G4/><T82/><D51/><U96/><E87/><V57/><REACH who="2" step="1"/><F66/><REACH who="2" ten="250,250,240,250" step="2"/><W41/><G41/><T61/><D0/><U92/><E79/><V100/><F100/><W118/><G76/><T110/><D78/><U18/><E115/><V112/><F112/><W14/><G118/><T67/><D110/><U52/><E113/><V85/><F85/><W32/><G53/><T44/><D67/><U73/><E73/><V95/><F95/><W129/><G129/><T74/><D74/><U71/><E92/><V103/><F103/><W125/><G3/><T114/><D114/><U47/><E71/><V36/><F36/><W121/><G65/><T72/><D72/><U45/><E93/><V28/><F28/><W20/><G14/><T68/><D68/><U119/><E119/><V1/><F1/><W2/><G2/><N who="0" m="503" /><D89/><U69/><E69/><V29/><F29/><W64/><G88/><T101/><D101/><U108/><E108/><V98/><F98/><W77/><G77/><T9/><D97/><U130/><E96/><V43/><F43/><W39/><G39/><RYUUKYOKU ba="0,1" sc="250,-10,250,-10,240,30,250,-10" hai2="12,17,25,31,34,56,57,58,90,94,99,124,127" /><INIT seed="1,1,1,5,2,124" ten="240,240,270,240" oya="1" hai0="18,48,78,123,23,4,37,108,51,39,54,90,68" hai1="100,119,28,122,131,113,84,106,61,87,132,56,38" hai2="109,97,134,111,46,79,7,70,10,130,133,6,73" hai3="121,65,83,91,74,15,81,98,32,72,77,107,62"/><U116/><E28/><V125/><F125/><W14/><G32/><T101/><D68/><U104/><E56/><V110/><F70/><W67/><G121/><T88/><D101/><U33/><E61/><V82/><F97/><W2/><G2/><T53/><D78/><U31/><E31/><V13/><F7/><W41/><G41/><T36/><D123/><U80/><E38/><V117/><F117/><N who="1" m="45129" /><E33/><V5/><F5/><W115/><G115/><T40/><D40/><U93/><E122/><V114/><F114/><W26/><G26/><T9/><D108/><U86/><E113/><V69/><F69/><W27/><G27/><T63/><D63/><U89/><E132/><N who="2" m="50795" /><F46/><W55/><G107/><N who="1" m="41002" /><E131/><AGARI ba="1,1" hai="6,10,13,73,79,82,109,110,111,130,131" m="50795" machi="131" ten="40,8000,1" yaku="14,1,20,1,52,2" doraHai="124" who="2" fromWho="1" sc="240,0,240,-83,270,93,240,0" /><INIT seed="2,0,0,1,5,107" ten="240,157,363,240" oya="2" hai0="63,109,40,32,116,132,47,72,96,54,6,87,59" hai1="5,128,70,12,104,18,45,75,101,3,51,24,56" hai2="46,105,1,121,124,106,17,125,81,27,92,68,77" hai3="65,15,88,42,43,74,44,10,94,119,131,55,89"/><V20/><F1/><W80/><G119/><T39/><D116/><U95/><E70/><V0/><F0/><W134/><G131/><T82/><D109/><U112/><E112/><V60/><F121/><W78/><G65/><T13/><D132/><U53/><E104/><V90/><F46/><W29/><G29/><T62/><D32/><U93/><E128/><V41/><F41/><W36/><G134/><T79/><D96/><U84/><E75/><V4/><F4/><W66/><G66/><T133/><D133/><U19/><E3/><V34/><F34/><W23/><G23/><T111/><D111/><U122/><E122/><V61/><F105/><W91/><G43/><T26/><D26/><U103/><E5/><V69/><F106/><W130/><G55/><T67/><D87/><U49/><E24/><V108/><F108/><W113/><G130/><T35/><D35/><U117/><E117/><V118/><F118/><W7/><REACH who="3" step="1"/><G94/><REACH who="3" ten="240,157,363,230" step="2"/><T129/><D129/><U8/><E95/><V14/><F69/><W85/><G85/><T110/><D110/><U64/><E64/><V11/><F68/><W102/><G102/><N who="1" m="38922" /><E93/><V31/><F124/><W9/><G9/><N who="0" m="4279" /><D67/><U123/><E84/><N who="2" m="48175" /><F125/><W86/><G86/><AGARI ba="0,1" hai="11,14,17,20,27,31,60,61,86,90,92" m="48175" machi="86" ten="30,1500,0" yaku="8,1" doraHai="107" who="2" fromWho="3" sc="240,0,157,0,363,25,230,-15" /><INIT seed="2,1,0,0,4,79" ten="240,157,388,215" oya="2" hai0="126,39,118,47,29,88,64,74,98,14,13,116,34" hai1="95,81,110,128,102,30,3,56,11,35,21,41,28" hai2="62,109,96,24,78,22,32,120,10,100,69,125,94" hai3="2,1,6,123,65,103,5,52,63,8,97,135,46"/><V27/><F120/><W114/><G135/><T133/><D133/><U87/><E35/><V7/><F125/><W75/><G123/><T83/><D126/><U77/><E128/><V115/><F115/><W20/><G75/><T33/><D64/><U117/><E117/><N who="0" m="45161" /><D39/><U122/><E122/><V53/><F109/><W37/><G114/><T130/><D130/><U26/><E110/><V121/><F121/><W67/><G37/><T54/><D29/><U71/><E71/><V80/><F32/><N who="0" m="12394" /><D98/><U124/><E30/><V60/><F69/><W58/><G20/><T113/><D113/><U132/><E124/><V59/><F62/><W40/><G40/><T4/><D4/><U25/><E132/><V51/><F60/><W19/><G19/><T92/><D92/><U36/><E36/><V31/><F24/><W38/><G38/><T90/><D90/><U127/><E41/><V89/><F100/><W72/><G72/><T48/><D74/><U0/><E127/><V131/><F131/><W91/><G91/><T66/><D66/><U105/><E105/><V42/><F42/><W84/><G65/><T129/><D129/><U70/><E28/><V93/><F93/><W15/><G67/><T108/><D108/><U86/><E95/><V23/><F31/><W55/><G5/><T73/><D73/><U107/><E107/><V99/><F99/><W9/><G1/><T82/><D88/><U45/><E70/><V104/><F104/><W49/><G2/><T111/><D111/><U57/><E3/><N who="2" m="383" /><F27/><W106/><G8/><T101/><D101/><U18/><E11/><RYUUKYOKU ba="1,0" sc="240,10,157,-30,388,10,215,10" hai0="13,14,47,48,54,82,83" hai2="22,23,51,53,59,78,80,89,94,96" hai3="6,9,15,46,49,52,55,58,63,84,97,103,106" /><INIT seed="2,2,0,0,4,70" ten="250,127,398,225" oya="2" hai0="17,105,126,34,123,58,78,7,21,8,72,69,9" hai1="20,43,32,89,40,37,109,77,19,22,10,59,85" hai2="108,57,56,129,35,47,81,121,60,133,44,42,24" hai3="100,130,13,15,97,73,63,67,71,54,93,112,2"/><V104/><F121/><W75/><G130/><T94/><D69/><U14/><E109/><V33/><F104/><W119/><G2/><T135/><D105/><U74/><E32/><V23/><F129/><W124/><G119/><T118/><D123/><U80/><E59/><V115/><F115/><W49/><G124/><T3/><D34/><U92/><REACH who="1" step="1"/><E43/><REACH who="1" ten="250,117,398,225" step="2"/><V88/><F35/><W4/><G112/><T87/><D58/><U39/><E39/><V98/><F33/><W114/><G114/><T111/><D111/><U30/><E30/><V76/><F108/><W68/><G68/><T84/><D118/><U0/><E0/><V82/><F57/><W131/><G131/><T36/><D3/><U134/><E134/><V29/><F133/><W62/><G71/><T5/><D36/><U53/><E53/><V26/><F42/><W31/><G54/><T28/><D28/><U83/><E83/><V18/><F47/><AGARI ba="2,1" hai="10,14,19,20,22,37,40,47,74,77,80,85,89,92" machi="47" ten="40,2600,0" yaku="1,1,52,1,53,0" doraHai="70" doraHaiUra="116" who="1" fromWho="2" sc="250,0,117,42,398,-32,225,0" /><INIT seed="3,0,0,2,3,87" ten="250,159,366,225" oya="3" hai0="4,74,110,97,64,41,9,55,77,3,115,81,111" hai1="37,67,126,105,127,70,83,114,117,108,15,47,76" hai2="58,2,99,96,123,107,132,29,134,94,75,106,135" hai3="82,98,102,35,8,100,91,31,79,39,22,68,21"/><W73/><G68/><T86/><D115/><U125/><E114/><V116/><F116/><W45/><G35/><T103/><D64/><U88/><E108/><N who="0" m="41513" /><D41/><N who="1" m="22959" /><E105/><V34/><F2/><W40/><G8/><T0/><D55/><U17/><E117/><V30/><F75/><W124/><G124/><T57/><D57/><U128/><E128/><V78/><F78/><W26/><REACH who="3" step="1"/><G21/><REACH who="3" ten="250,159,366,215" step="2"/><T5/><D9/><N who="1" m="6383" /><E70/><V69/><F69/><W121/><G121/><T25/><D0/><U113/><E113/><V43/><F34/><W46/><G46/><T101/><D3/><U65/><E76/><V90/><F123/><W119/><G119/><T61/><D77/><U19/><E127/><V20/><F20/><W118/><G118/><T51/><D4/><U122/><E122/><V18/><F58/><W24/><G24/><T50/><D25/><U85/><E126/><V6/><F6/><W28/><G28/><T84/><D5/><U7/><E125/><V120/><F120/><W66/><G66/><T93/><D50/><U63/><E7/><V109/><F109/><W130/><G130/><T32/><D51/><U11/><E11/><V59/><F30/><W62/><G62/><T14/><D32/><U44/><E44/><V80/><F29/><W60/><G60/><T52/><D61/><U23/><E63/><V27/><F27/><W54/><G54/><T13/><D52/><U1/><E1/><V129/><F129/><W16/><G16/><T95/><D13/><N who="1" m="9711" /><E65/><V92/><F18/><W131/><G131/><T38/><D14/><U89/><E67/><V10/><F10/><RYUUKYOKU ba="0,1" sc="250,-15,159,15,366,-15,215,15" hai1="83,85,88,89" hai3="22,26,31,39,40,45,73,79,82,91,98,100,102" /><INIT seed="3,1,1,4,5,110" ten="235,174,351,230" oya="3" hai0="127,6,118,34,51,1,28,71,22,116,89,103,98" hai1="23,27,40,91,32,113,126,13,125,95,106,76,81" hai2="15,82,75,84,105,66,80,83,78,94,93,29,7" hai3="92,102,12,132,47,77,63,111,131,50,79,65,20"/><W96/><G132/><T46/><D22/><U2/><E2/><V87/><F105/><W62/><G131/><T55/><D127/><N who="1" m="48651" /><E106/><V122/><F122/><W99/><G111/><T73/><D73/><N who="1" m="43151" /><E40/><V119/><F119/><W64/><G99/><T42/><D42/><U123/><E123/><V104/><F104/><W52/><G20/><T108/><D108/><U9/><E32/><V43/><F29/><W134/><G12/><T70/><D28/><N who="1" m="17535" /><E9/><N who="2" m="4543" /><F75/><W86/><G134/><T11/><D34/><U16/><E113/><V115/><F115/><W25/><G25/><T128/><D128/><U19/><E13/><V57/><F43/><W49/><G49/><T130/><D130/><U18/><E18/><V72/><F72/><W14/><G14/><T26/><D26/><U68/><E68/><V67/><F82/><N who="3" m="47439" /><G79/><T30/><D30/><U24/><E24/><V8/><F8/><W124/><G124/><T45/><D71/><U135/><E135/><V100/><F100/><W53/><G53/><T10/><D103/><U37/><E37/><V33/><F33/><W107/><G107/><T85/><D70/><U35/><E35/><V31/><F31/><W48/><G48/><T97/><D10/><U4/><E4/><V60/><F67/><AGARI ba="1,1" hai="47,50,52,62,63,64,65,67,92,96,102" m="47439" machi="67" ten="30,2900,0" yaku="8,1,54,1" doraHai="110" who="3" fromWho="2" sc="235,0,174,0,351,-32,230,42" /><INIT seed="3,2,0,3,2,68" ten="235,174,319,272" oya="3" hai0="93,41,0,12,47,129,2,29,102,15,94,96,75" hai1="27,69,97,134,113,98,56,133,83,1,119,54,64" hai2="49,91,73,86,10,112,26,19,79,57,74,61,51" hai3="84,90,105,123,67,101,36,20,53,23,38,126,4"/><W58/><G123/><T66/><D75/><U99/><E113/><V100/><F112/><W39/><G67/><T22/><D129/><U124/><E1/><V50/><F100/><W107/><G4/><T44/><D66/><U52/><E119/><V108/><F108/><W127/><G101/><T82/><D82/><U14/><E124/><N who="3" m="47658" /><G107/><T25/><D44/><U43/><E14/><V104/><F104/><W131/><G105/><T118/><D118/><U71/><E27/><V81/><F79/><W7/><G7/><T80/><D80/><U31/><E31/><V70/><F70/><N who="1" m="26633" /><E83/><V122/><F122/><W8/><G8/><T128/><D128/><U33/><E33/><V132/><F132/><N who="1" m="50793" /><E43/><V42/><F42/><W18/><G131/><T13/><REACH who="0" step="1"/><D93/><REACH who="0" ten="225,174,319,272" step="2"/><U5/><E64/><V60/><F74/><W30/><G30/><T37/><AGARI ba="2,1" hai="0,2,12,13,15,22,25,29,37,41,47,94,96,102" machi="37" ten="30,8000,1" yaku="1,1,2,1,0,1,52,1,53,1" doraHai="68" doraHaiUra="16" who="0" fromWho="0" sc="225,96,174,-22,319,-22,272,-42" /><INIT seed="4,0,0,2,0,83" ten="321,152,297,230" oya="0" hai0="58,11,104,88,97,133,113,62,120,131,17,123,70" hai1="46,75,69,129,94,9,121,59,35,81,0,12,125" hai2="109,82,135,85,128,45,90,71,20,28,79,84,92" hai3="39,56,60,106,15,124,127,34,78,101,87,76,13"/><T107/><D70/><U132/><E69/><V1/><F1/><W38/><G34/><T41/><D113/><U23/><E121/><V108/><F71/><W44/><G106/><T80/><D133/><U105/><E105/><V31/><F128/><W7/><G101/><T99/><D41/><U96/><E132/><V21/><F135/><W16/><G13/><T117/><D117/><U53/><E129/><V63/><F63/><W42/><G7/><T22/><D11/><U95/><E35/><V116/><F116/><W19/><G39/><T61/><D131/><U73/><E0/><V74/><F74/><W55/><G19/><T54/><D104/><U25/><E125/><N who="3" m="48202" /><G87/><T6/><D6/><U10/><E75/><V114/><F114/><W126/><N who="3" m="48210" /><W118/><DORA hai="33" /><G118/><T102/><D61/><U14/><E14/><V91/><F79/><W93/><G93/><N who="0" m="56487" /><D80/><U57/><E94/><V111/><REACH who="2" step="1"/><F45/><REACH who="2" ten="321,152,287,230" step="2"/><W130/><G130/><T49/><D123/><U48/><E73/><V36/><F36/><W37/><G38/><T2/><D120/><U5/><E46/><V122/><F122/><W43/><G43/><T103/><D2/><U134/><E134/><V40/><F40/><W65/><G65/><T115/><D62/><U86/><E53/><V50/><F50/><W110/><G110/><T51/><D51/><U100/><E48/><V66/><F66/><W3/><G3/><T89/><D115/><U77/><REACH who="1" step="1"/><E9/><AGARI ba="0,1" hai="9,15,16,37,42,44,55,56,60,76,78" m="48210" machi="9" ten="40,2600,0" yaku="18,1,54,1" doraHai="83,33" who="3" fromWho="1" sc="321,0,152,-26,287,0,230,36" /><INIT seed="5,0,0,1,0,62" ten="321,126,287,266" oya="1" hai0="126,1,32,93,3,60,106,27,22,111,114,40,127" hai1="17,70,86,76,13,91,48,19,68,80,71,101,67" hai2="85,53,96,26,135,87,28,23,89,63,4,134,14" hai3="117,35,34,12,37,61,56,39,118,90,5,38,15"/><U55/><E101/><V69/><F96/><W130/><G130/><T124/><D111/><U88/><E67/><V2/><F2/><W20/><G90/><T129/><D106/><U51/><E51/><V123/><F123/><W95/><G95/><T42/><D129/><U43/><E43/><N who="0" m="16425" /><D114/><U36/><E36/><V92/><F85/><W116/><G5/><T82/><D32/><N who="3" m="12329" /><G20/><T21/><D21/><U83/><E13/><V105/><F105/><W125/><G125/><T50/><D50/><U98/><E98/><V6/><F14/><W77/><G77/><T41/><D41/><U121/><E121/><V75/><F75/><W46/><G46/><T18/><D60/><U113/><E113/><V78/><F78/><W58/><G58/><T131/><D131/><U72/><REACH who="1" step="1"/><E91/><REACH who="1" ten="321,116,287,266" step="2"/><V44/><F44/><AGARI ba="0,1" hai="17,19,44,48,55,68,70,71,72,76,80,83,86,88" machi="44" ten="40,7700,0" yaku="1,1,2,1,54,1,53,0" doraHai="62" doraHaiUra="120" who="1" fromWho="2" sc="321,0,116,87,287,-77,266,0" /><INIT seed="5,1,0,5,1,23" ten="321,203,210,266" oya="1" hai0="85,12,47,132,125,109,56,72,24,61,52,4,11" hai1="0,118,2,129,64,116,65,110,69,30,124,18,59" hai2="28,106,121,133,55,115,120,48,40,112,100,79,9" hai3="117,42,37,111,105,73,77,99,78,3,104,1,123"/><U71/><E30/><V92/><F106/><W35/><G42/><T7/><D72/><U70/><E124/><V60/><F133/><W49/><G37/><T89/><D109/><U38/><E38/><V88/><F100/><W86/><G35/><T27/><D4/><U21/><E110/><V108/><F108/><W58/><G111/><T83/><D132/><U80/><E129/><V75/><F28/><W68/><G68/><T107/><D107/><U10/><E80/><N who="2" m="45183" /><F60/><W94/><G49/><N who="0" m="28735" /><D125/><U63/><E65/><AGARI ba="1,0" hai="7,11,12,24,27,56,61,65,83,85,89" m="28735" machi="65" ten="30,7700,0" yaku="8,1,52,2,54,1" doraHai="23" who="0" fromWho="1" sc="321,80,203,-80,210,0,266,0" /><INIT seed="6,0,0,4,5,34" ten="401,123,210,266" oya="2" hai0="131,99,17,96,94,78,30,68,111,14,58,44,7" hai1="2,106,95,29,4,71,91,56,33,93,24,92,31" hai2="43,13,66,63,128,81,15,8,134,59,90,105,6" hai3="5,32,49,135,3,62,75,121,129,87,73,38,18"/><V53/><F128/><W27/><G121/><T0/><D68/><U88/><E106/><V65/><F134/><W42/><G38/><T28/><D111/><U57/><E71/><V124/><F105/><W98/><G129/><T54/><D131/><U55/><E31/><V46/><F124/><W12/><G62/><T52/><D78/><U132/><E132/><V40/><F15/><W89/><G98/><T79/><D79/><U11/><REACH who="1" step="1"/><E57/><REACH who="1" ten="401,113,210,266" step="2"/><V117/><F117/><W20/><G135/><T72/><D28/><U74/><E74/><V116/><F116/><W127/><G75/><T41/><D30/><U126/><E126/><V25/><F25/><W133/><G73/><T102/><D58/><U47/><E47/><V21/><F46/><W120/><G27/><T60/><D44/><U100/><E100/><V51/><F65/><W76/><G120/><T101/><D102/><U86/><E86/><V103/><F66/><W22/><G87/><T130/><D101/><U77/><E77/><V113/><F103/><W112/><G76/><T125/><D125/><U122/><E122/><V9/><F59/><W37/><G127/><T36/><D72/><U80/><E80/><V97/><F81/><W82/><G82/><T1/><D130/><U39/><E39/><V70/><F70/><W110/><G133/><T119/><D36/><U84/><E84/><V64/><F64/><W16/><G37/><T26/><D119/><U19/><E19/><V50/><F6/><W85/><G5/><T48/><D7/><U35/><E35/><V123/><F123/><W118/><G32/><RYUUKYOKU ba="0,1" sc="401,-10,113,30,210,-10,266,-10" hai1="2,4,11,24,29,33,55,56,88,91,92,93,95" /><INIT seed="7,1,1,0,1,34" ten="391,143,200,256" oya="3" hai0="125,77,78,8,24,96,72,132,92,15,43,64,102" hai1="119,106,31,47,9,69,71,38,59,22,86,32,3" hai2="14,113,11,116,13,30,63,65,73,126,5,82,81" hai3="75,66,121,115,129,26,57,100,98,80,91,25,49"/><W36/><G115/><T103/><D125/><U87/><E119/><V19/><F116/><W18/><G121/><T68/><D132/><U114/><E114/><V90/><F113/><W79/><G36/><T46/><D103/><U27/><E106/><V128/><F126/><W124/><G129/><T88/><D72/><U122/><E122/><V95/><F128/><W85/><G18/><T10/><D10/><U4/><E59/><N who="2" m="37119" /><F30/><W61/><G49/><T70/><D24/><U110/><E110/><V20/><F73/><W42/><G42/><T89/><D68/><U41/><REACH who="1" step="1"/><E32/><REACH who="1" ten="391,133,200,256" step="2"/><V33/><F33/><W84/><G124/><T52/><D70/><AGARI ba="1,2" hai="3,4,9,22,27,31,38,41,47,69,70,71,86,87" machi="70" ten="40,8000,1" yaku="1,1,2,1,52,1,53,1" doraHai="34" doraHaiUra="1" who="1" fromWho="0" sc="391,-83,133,103,200,0,256,0" owari="308,40.0,236,-16.0,200,-30.0,256,6.0" /></mjloggm>