<mjloggm ver="2.3"><GO type="225" lobby="0"/><UN n0="%E3%82%A6%E3%83%AB%E3%83%88%E3%83%A9%E7%AB%8B%E7%9B%B4" n1="%E5%A6%82%E6%9C%88%E3%82%AB%E3%83%AB%E3%83%8A" n2="%E3%82%AB%E3%83%A9%E3%82%B9%E3%81%AE%E5%AD%90" n3="%E5%A5%B3%E5%AD%90%E5%8A%9B%E2%98%86%E3%81%94%E3%82%8A%E3%82%89" dan="17,16,17,16" rate="2204.56,2083.10,2168.00,2090.85" sx="M,M,M,M"/><TAIKYOKU oya="0"/><INIT seed="0,0,0,5,0,56" ten="250,250,250,250" oya="0" hai0="41,44,108,16,55,15,116,122,97,42,26,129,83" hai1="74,101,59,6,96,9,134,58,12,19,57,18,40" hai2="63,111,76,53,104,118,123,29,85,130,110,90,17" hai3="24,72,7,112,48,71,21,49,109,119,81,64,114"/><T0/><D0/><U84/><E74/><V66/><F123/><W69/><G119/><T45/><D116/><U46/><E84/><V135/><F118/><W106/><G106/><T31/><D122/><U50/><REACH who="1" step="1"/><E134/><REACH who="1" ten="250,240,250,250" step="2"/><V47/><F135/><W5/><G72/><T20/><D129/><U113/><E113/><V1/><F130/><W77/><G112/><T10/><D108/><U61/><E61/><V93/><F63/><W88/><G114/><T107/><D83/><U115/><E115/><V4/><F85/><W80/><G81/><T3/><D3/><U86/><E86/><V13/><F1/><W70/><G80/><T62/><D97/><U65/><E65/><V127/><F66/><W131/><G64/><T36/><D107/><AGARI ba="0,1" hai="6,9,12,18,19,40,46,50,57,58,59,96,101,107" machi="107" ten="40,2600,0" yaku="1,1,53,1" doraHai="56" doraHaiUra="38" who="1" fromWho="0" sc="250,-26,240,36,250,0,250,0" /><INIT seed="1,0,0,4,0,129" ten="224,276,250,250" oya="1" hai0="112,109,130,11,77,45,103,128,46,84,108,12,71" hai1="133,120,85,102,61,67,86,78,75,40,30,122,49" hai2="82,16,33,116,74,10,79,59,57,70,56,28,54" hai3="27,107,21,94,20,121,114,124,7,37,38,131,55"/><U88/><E102/><V135/><F116/><W76/><G107/><T91/><D71/><U4/><E85/><V5/><F70/><W104/><G104/><T65/><D65/><U53/><E40/><V93/><F33/><W63/><G114/><T73/><D103/><U119/><E119/><V97/><F28/><W43/><G121/><T134/><D112/><U68/><E4/><V34/><F34/><W36/><G7/><T111/><D77/><U8/><E8/><V25/><F135/><W19/><G76/><T13/><D73/><U6/><E6/><V110/><F110/><N who="0" m="28162" /><T95/><DORA hai="52" /><D134/><U51/><E133/><V101/><F54/><W18/><G124/><T126/><D126/><U24/><E78/><V22/><F59/><W87/><G131/><N who="0" m="50219" /><D13/><AGARI ba="0,0" hai="5,10,13,16,22,25,56,57,74,79,82,93,97,101" machi="13" ten="30,7700,0" yaku="7,1,52,2,54,1" doraHai="129,52" who="2" fromWho="0" sc="224,-77,276,0,250,77,250,0" /><INIT seed="2,0,0,1,0,86" ten="147,276,327,250" oya="2" hai0="6,1,94,111,16,29,40,54,90,58,32,46,64" hai1="105,39,3,57,115,65,17,128,0,71,52,33,59" hai2="127,99,107,79,60,125,20,23,70,135,30,34,103" hai3="89,121,69,49,88,78,51,77,26,101,42,72,113"/><V104/><F107/><W41/><G121/><T7/><D111/><U114/><E71/><V82/><F34/><W134/><G69/><T18/><D64/><U126/><E39/><V28/><F70/><W83/><G134/><T31/><D32/><U81/><E33/><V9/><F60/><W74/><G101/><T84/><D31/><N who="2" m="11818" /><F9/><W124/><G124/><N who="2" m="47689" /><F135/><W4/><G4/><T122/><D29/><U25/><E105/><V130/><F130/><W100/><G113/><T93/><D122/><U87/><E128/><V44/><F44/><W66/><G66/><T48/><D7/><U24/><E126/><V102/><F102/><W45/><G100/><T108/><D108/><U27/><E65/><V43/><F43/><W95/><G41/><T21/><D6/><U67/><E67/><V132/><F132/><W85/><G42/><T116/><D116/><U13/><E59/><V73/><AGARI ba="0,0" hai="20,23,73,79,82,99,103,104" m="47689,11818" machi="73" ten="30,1500,0" yaku="18,1" doraHai="86" who="2" fromWho="2" sc="147,-5,276,-5,327,15,250,-5" /><INIT seed="2,1,0,1,5,36" ten="142,271,342,245" oya="2" hai0="68,66,79,112,88,72,75,129,67,60,117,98,55" hai1="133,70,101,58,64,42,27,53,71,6,21,128,102" hai2="114,1,77,62,94,99,11,16,13,120,97,26,81" hai3="15,121,33,130,0,12,3,89,17,48,40,24,50"/><V34/><F120/><W37/><G121/><T110/><D112/><U92/><E6/><V116/><F114/><W108/><G108/><T93/><D110/><U59/><E59/><V41/><F116/><W127/><G37/><T86/><D117/><U32/><E32/><V38/><F1/><W123/><G123/><T44/><D129/><U54/><E54/><V109/><F109/><W19/><G89/><T14/><D67/><U106/><E106/><V119/><F119/><W118/><G118/><T52/><D55/><U73/><E73/><V7/><F62/><W87/><G87/><T85/><D14/><U20/><E20/><V43/><F38/><W57/><G57/><T80/><REACH who="0" step="1"/><D75/><REACH who="0" ten="132,271,342,245" step="2"/><U8/><E64/><V76/><F13/><W63/><G15/><T29/><D29/><U90/><E128/><V78/><F26/><W113/><G12/><T91/><D91/><U100/><E90/><V105/><F7/><W47/><G113/><T22/><D22/><U135/><E21/><V61/><F34/><W56/><G33/><T115/><D115/><U125/><E27/><V35/><F35/><W51/><G24/><T4/><D4/><U65/><E65/><V131/><F131/><W134/><G130/><T9/><D9/><U5/><E8/><V122/><F11/><W132/><G0/><T69/><D69/><U96/><E71/><V25/><F25/><W45/><G3/><T126/><D126/><U30/><E125/><V74/><F74/><W104/><G127/><T111/><D111/><U83/><E5/><V107/><F122/><W28/><G28/><RYUUKYOKU ba="1,1" sc="132,30,271,-10,342,-10,245,-10" hai0="44,52,60,66,68,72,79,80,85,86,88,93,98" /><INIT seed="3,2,1,0,3,97" ten="162,261,332,235" oya="3" hai0="16,90,48,43,86,114,59,33,131,50,77,66,0" hai1="63,112,96,13,26,120,104,92,134,71,85,108,56" hai2="57,6,12,68,25,117,34,2,128,107,4,70,41" hai3="8,94,118,132,35,93,19,47,121,18,119,36,11"/><W3/><G121/><T95/><D131/><U49/><E120/><V39/><F2/><W135/><G35/><T30/><D114/><U98/><E112/><V29/><F117/><N who="3" m="44555" /><G47/><T7/><D0/><U80/><E49/><V31/><F128/><W61/><G61/><T122/><D122/><U125/><E71/><V127/><F68/><W69/><G69/><T76/><D7/><U113/><E113/><V81/><F6/><W106/><G106/><T17/><D30/><U42/><E13/><V40/><F4/><N who="3" m="1055" /><G36/><T46/><D33/><U64/><E26/><V105/><F25/><W9/><G94/><T88/><D90/><U100/><E42/><V58/><F70/><W60/><G60/><N who="0" m="38175" /><D50/><U37/><E37/><V44/><F39/><W111/><G93/><T1/><D1/><U101/><E92/><V65/><F34/><W83/><G83/><T126/><D126/><U102/><E125/><V110/><F127/><W51/><G51/><T5/><D5/><U116/><E80/><V62/><F81/><W23/><G111/><T123/><D123/><U55/><E108/><V133/><F110/><W67/><G19/><AGARI ba="2,1" hai="16,17,19,43,46,48,76,77,86,88,95" m="38175" machi="19" ten="30,3900,0" yaku="8,1,54,2" doraHai="97" who="0" fromWho="3" sc="162,55,261,0,332,0,235,-45" owari="217,-18.0,261,6.0,332,43.0,190,-31.0" /></mjloggm>