<mjloggm ver="2.3"><GO type="169" lobby="0"/><UN n0="%E3%82%AA%E3%82%A6%E3%83%99%E3%82%A4" n1="%E5%91%82%E5%A7%AB" n2="%70%72%6F%62%61%62%6C%65" n3="%E3%82%A6%E3%83%AB%E3%83%88%E3%83%A9%E7%AB%8B%E7%9B%B4" dan="16,18,16,17" rate="2193.21,2187.12,2035.09,2120.23" sx="M,F,M,M"/><TAIKYOKU oya="0"/><INIT seed="0,0,0,0,0,40" ten="250,250,250,250" oya="0" hai0="101,106,91,104,72,36,96,93,17,77,129,112,88" hai1="14,95,30,119,2,130,118,103,44,28,102,58,132" hai2="131,8,7,19,73,29,128,39,34,68,135,11,33" hai3="59,117,55,71,6,123,99,81,113,12,126,54,79"/><T45/><D17/><U50/><E2/><N who="2" m="119" /><F73/><W35/><G71/><T51/><D36/><U46/><E132/><V86/><F68/><W115/><G35/><N who="2" m="13321" /><F86/><W82/><G117/><T52/><D112/><U114/><E130/><N who="2" m="49707" /><F39/><W37/><G37/><T80/><REACH who="0" step="1"/><D129/><REACH who="0" ten="240,250,250,250" step="2"/><U116/><E114/><V110/><F135/><W133/><G133/><T60/><D60/><U5/><E118/><V18/><F110/><W16/><G115/><T56/><D56/><U67/><E116/><V122/><F122/><W89/><G59/><T49/><D49/><U42/><E119/><V70/><F70/><W90/><G113/><T0/><D0/><U109/><E109/><V43/><F29/><W74/><G123/><T64/><D64/><U124/><E30/><V127/><F127/><W63/><G63/><T107/><AGARI ba="0,1" hai="45,51,52,72,77,80,88,91,93,96,101,104,106,107" machi="107" ten="30,12000,1" yaku="1,1,0,1,52,1,54,2,53,0" doraHai="40" doraHaiUra="65" who="0" fromWho="0" sc="240,130,250,-40,250,-40,250,-40" /><INIT seed="0,1,0,4,3,48" ten="370,210,210,210" oya="0" hai0="99,14,10,6,9,8,18,39,25,102,31,96,133" hai1="62,111,124,73,132,97,116,98,95,7,43,34,118" hai2="19,57,135,33,68,76,103,126,63,104,74,30,15" hai3="129,44,128,85,101,29,11,17,120,40,41,36,26"/><T66/><D39/><U67/><E73/><V64/><F74/><W91/><G101/><T93/><D133/><U86/><E34/><V56/><F76/><W59/><G120/><T45/><D66/><U23/><E132/><V77/><F77/><W51/><G17/><T2/><D96/><U117/><E111/><V16/><F126/><W92/><G11/><T47/><REACH who="0" step="1"/><D8/><REACH who="0" ten="360,210,210,210" step="2"/><U52/><E124/><V123/><F135/><W83/><G36/><T80/><D80/><U21/><E67/><V65/><F65/><W75/><G83/><T110/><D110/><U89/><E116/><V55/><F123/><W53/><G129/><T134/><D134/><U121/><E118/><V38/><F38/><W106/><G128/><T105/><D105/><U60/><E117/><V88/><F64/><W87/><G106/><T113/><D113/><U130/><E130/><V107/><F107/><W114/><G114/><T112/><D112/><U108/><E108/><V58/><F104/><W27/><G75/><T71/><D71/><U4/><E98/><V5/><F68/><W22/><G87/><T131/><D131/><U24/><E97/><V12/><F103/><W115/><G115/><T82/><D82/><U54/><E121/><V0/><F88/><W13/><G91/><T79/><D79/><U81/><E81/><V109/><F109/><W3/><G85/><T42/><D42/><U100/><E43/><V94/><F94/><W119/><G92/><T122/><D122/><U125/><E125/><V70/><F70/><W69/><G69/><T1/><D1/><U61/><E89/><RYUUKYOKU ba="1,1" sc="360,30,210,-10,210,-10,210,-10" hai0="2,6,9,10,14,18,25,31,45,47,93,99,102" /><INIT seed="0,2,1,4,3,18" ten="390,200,200,200" oya="0" hai0="88,45,17,72,49,3,90,8,10,118,23,117,135" hai1="132,41,29,70,74,78,7,59,109,87,111,16,83" hai2="96,128,79,101,94,97,43,26,112,30,1,53,57" hai3="133,116,52,134,130,105,15,123,92,64,106,93,44"/><T36/><D36/><U99/><E70/><V102/><F112/><W86/><G64/><T28/><D72/><U9/><E132/><V60/><F128/><W65/><G65/><T103/><D103/><U73/><E29/><V34/><F1/><W19/><G116/><T100/><D100/><U32/><E32/><V108/><F108/><N who="1" m="41545" /><E99/><V113/><F113/><W69/><G69/><T71/><D28/><U12/><E41/><V50/><F79/><W127/><G130/><T25/><D71/><U75/><E59/><V58/><F43/><W84/><G123/><T104/><D104/><U131/><E131/><V35/><F35/><W13/><G127/><T40/><D135/><U76/><E7/><V91/><F97/><W120/><G120/><T107/><D107/><U2/><E2/><V20/><F34/><W14/><G106/><T68/><D68/><U33/><E33/><V122/><F122/><W126/><G105/><T124/><D124/><U37/><E37/><V63/><F50/><N who="3" m="28743" /><G126/><T115/><D115/><U66/><E66/><AGARI ba="2,1" hai="20,26,30,53,57,58,60,63,66,91,94,96,101,102" machi="66" ten="30,3900,0" yaku="7,1,8,1,52,1" doraHai="18" who="2" fromWho="1" sc="390,0,200,-45,200,55,200,0" /><INIT seed="1,0,0,4,1,115" ten="390,155,255,200" oya="1" hai0="86,130,113,62,122,75,45,80,110,67,22,40,28" hai1="106,83,68,52,96,131,117,60,21,127,50,69,70" hai2="7,65,118,13,125,34,43,74,77,88,48,55,72" hai3="119,35,44,39,32,116,15,19,0,129,85,73,25"/><U1/><E1/><V27/><F43/><N who="3" m="22655" /><G73/><T11/><D75/><U97/><E117/><N who="3" m="45130" /><G0/><T107/><D107/><U49/><E106/><V101/><F118/><W16/><G129/><T126/><D113/><U8/><E131/><V36/><F36/><W66/><G66/><T133/><D130/><U87/><E127/><V51/><F74/><W111/><G111/><T134/><D110/><U61/><E49/><V99/><F65/><W64/><G64/><T112/><D126/><U56/><E8/><V47/><F72/><W98/><G98/><T102/><D11/><U132/><E132/><V120/><F99/><W20/><G85/><T91/><D112/><U78/><E97/><V124/><F120/><W84/><G84/><T93/><D134/><U104/><REACH who="1" step="1"/><E21/><AGARI ba="0,0" hai="15,16,19,20,21,25,32,35" m="45130,22655" machi="21" ten="30,8000,1" yaku="12,1,52,3,54,1" doraHai="115" who="3" fromWho="1" sc="390,0,155,-80,255,0,200,80" /><INIT seed="2,0,0,0,1,124" ten="390,75,255,280" oya="2" hai0="58,79,49,64,117,69,126,105,116,63,82,123,1" hai1="80,38,43,101,18,33,61,106,42,113,27,77,22" hai2="93,81,73,26,111,51,130,4,119,31,78,8,127" hai3="11,28,86,30,35,87,99,47,40,132,53,57,0"/><V125/><F119/><N who="0" m="45642" /><D1/><U55/><E113/><V32/><F130/><W107/><G132/><T112/><D105/><U13/><E38/><V83/><F111/><W34/><G107/><T72/><D123/><U110/><E110/><V89/><F83/><W133/><G133/><T50/><D112/><U15/><E106/><V6/><F51/><N who="0" m="19466" /><D126/><N who="2" m="48138" /><F8/><W24/><G99/><AGARI ba="0,0" hai="4,6,26,31,32,73,78,81,89,93,99" m="48138" machi="99" ten="30,1500,0" yaku="18,1" doraHai="124" who="2" fromWho="3" sc="390,0,75,0,255,15,280,-15" /><INIT seed="2,1,0,1,3,112" ten="390,75,270,265" oya="2" hai0="2,5,130,70,37,42,81,94,124,106,67,88,87" hai1="108,21,49,109,71,122,65,132,39,73,20,55,111" hai2="105,121,90,98,35,68,47,31,14,99,46,118,0" hai3="95,19,58,110,17,131,56,100,74,28,60,64,123"/><V59/><F68/><W80/><G123/><T50/><D106/><U114/><E114/><V8/><F0/><W43/><G110/><T78/><D124/><U93/><E39/><V107/><F121/><W52/><G131/><T92/><D130/><U18/><E122/><V4/><F118/><W9/><G43/><T41/><D67/><U51/><E73/><V26/><F99/><W1/><G74/><T34/><D34/><U24/><E132/><V10/><F107/><W120/><G120/><T133/><D70/><U128/><E128/><V104/><F104/><W61/><G1/><T15/><D2/><U77/><E77/><V27/><F27/><W12/><G80/><T89/><D37/><U33/><E33/><V117/><F117/><W83/><G83/><T102/><D42/><U119/><E49/><V54/><F10/><W32/><G28/><T101/><D92/><U40/><E40/><V103/><REACH who="2" step="1"/><F90/><REACH who="2" ten="390,75,260,265" step="2"/><N who="0" m="34922" /><D133/><U126/><E126/><V11/><F11/><W97/><REACH who="3" step="1"/><G32/><REACH who="3" ten="390,75,260,255" step="2"/><T63/><D78/><U62/><E21/><V115/><F115/><W69/><G69/><T7/><D94/><U125/><E93/><V84/><F84/><W48/><G48/><AGARI ba="1,2" hai="4,8,14,26,31,35,46,47,48,54,59,98,103,105" machi="48" ten="30,5800,0" yaku="1,1,7,1,53,1" doraHai="112" doraHaiUra="6" who="2" fromWho="3" sc="390,0,75,0,260,81,255,-61" /><INIT seed="2,2,0,2,0,133" ten="390,75,341,194" oya="2" hai0="48,5,71,18,11,25,9,134,104,128,39,95,132" hai1="100,23,42,40,90,97,65,119,7,29,68,24,109" hai2="27,38,75,63,131,26,98,117,124,111,125,41,50" hai3="110,61,49,116,60,13,130,121,103,85,127,52,66"/><V91/><F38/><W74/><G74/><T99/><D104/><U107/><E119/><V8/><F117/><W94/><G116/><T96/><D39/><U67/><E109/><V43/><F111/><W37/><G37/><T112/><D71/><U51/><E7/><V114/><F75/><W83/><G110/><T22/><D112/><U126/><E90/><V31/><F114/><W35/><G35/><T84/><D128/><U16/><E126/><N who="2" m="48747" /><F27/><W120/><G130/><T80/><D95/><U19/><E19/><V1/><F63/><W92/><G61/><T17/><D17/><U44/><E68/><V129/><F129/><W33/><G60/><T46/><D134/><U54/><REACH who="1" step="1"/><E29/><REACH who="1" ten="390,65,341,194" step="2"/><V15/><F131/><W77/><G127/><T45/><D132/><U28/><E28/><V12/><F1/><W57/><G121/><T64/><D5/><U70/><E70/><V21/><F50/><W113/><G49/><T0/><D48/><U81/><E81/><V14/><F8/><W58/><G120/><T108/><D11/><U69/><E69/><V86/><F98/><N who="0" m="37418" /><D9/><U36/><E36/><V10/><F10/><W59/><G113/><T34/><D0/><U79/><E79/><V53/><F53/><W118/><G77/><N who="0" m="46095" /><D108/><U123/><E123/><V82/><AGARI ba="2,1" hai="12,14,15,21,26,31,41,43,82,86,91" m="48747" machi="82" ten="30,11700,0" yaku="18,1,52,3" doraHai="133" who="2" fromWho="2" sc="390,-41,65,-41,341,133,194,-41" /><INIT seed="2,3,0,2,3,101" ten="349,24,474,153" oya="2" hai0="0,23,45,5,82,81,114,86,135,48,56,11,83" hai1="108,124,88,67,85,95,73,40,125,30,69,50,77" hai2="131,97,89,39,87,129,32,92,63,13,43,4,34" hai3="74,112,52,134,91,28,98,35,9,104,84,94,130"/><V12/><F39/><W133/><G35/><T22/><D114/><U93/><E108/><V103/><F43/><W47/><G28/><T62/><D135/><U33/><E95/><V6/><F63/><W126/><G9/><T120/><D120/><U38/><E38/><V14/><F34/><W61/><G47/><T26/><D26/><U102/><E102/><V109/><F32/><W46/><G46/><T79/><D82/><U96/><E73/><V31/><F31/><W1/><G52/><T115/><D81/><U111/><E111/><V66/><F66/><W113/><G1/><T99/><D99/><U117/><E117/><V21/><F21/><W107/><G61/><T17/><D17/><U20/><E33/><V65/><F65/><W25/><G25/><T55/><D115/><N who="3" m="44105" /><G74/><T41/><AGARI ba="3,0" hai="0,5,11,22,23,41,45,48,55,56,62,79,83,86" machi="41" ten="20,1500,0" yaku="0,1,7,1" doraHai="101" who="0" fromWho="0" sc="349,24,24,-7,474,-10,153,-7" /><INIT seed="3,0,0,2,4,78" ten="373,17,464,146" oya="3" hai0="52,47,57,123,48,94,20,56,55,71,111,80,69" hai1="14,33,127,99,72,83,95,116,89,97,118,15,119" hai2="44,76,104,34,85,53,115,103,110,61,106,50,22" hai3="30,70,2,68,26,126,112,7,51,128,9,24,91"/><W90/><G112/><T60/><D94/><U79/><E33/><V19/><F34/><W8/><G51/><N who="0" m="30751" /><D80/><U124/><E14/><V32/><F32/><W18/><G18/><T3/><D20/><U87/><E15/><V101/><F115/><W28/><G128/><T73/><D73/><U12/><E12/><N who="2" m="9575" /><F106/><W49/><G49/><T113/><D3/><U36/><E36/><V107/><F107/><W122/><G126/><AGARI ba="0,0" hai="72,79,83,87,89,95,97,99,116,118,119,124,126,127" machi="126" ten="50,12000,2" yaku="12,1,18,1,34,3,52,1" doraHai="78" who="1" fromWho="3" sc="373,0,17,120,464,0,146,-120" /><INIT seed="4,0,0,0,1,2" ten="373,137,464,26" oya="0" hai0="85,103,73,50,6,36,86,131,15,121,132,55,68" hai1="95,38,52,31,118,42,51,105,62,119,74,32,112" hai2="1,37,29,79,125,34,116,65,92,61,43,94,19" hai3="115,89,25,70,28,82,46,135,23,128,30,123,83"/><T113/><D36/><U120/><E105/><V77/><F1/><W16/><G70/><T80/><D68/><U5/><E120/><V26/><F37/><W11/><G123/><T35/><D35/><U81/><E62/><V9/><F43/><W114/><G128/><T10/><D121/><U130/><E130/><V59/><F125/><W93/><G135/><T75/><D131/><U20/><E32/><V129/><F129/><W58/><G46/><T41/><D41/><U84/><E74/><V60/><F116/><W88/><G58/><T124/><D124/><U7/><E95/><V4/><F19/><W0/><G83/><T57/><D132/><U78/><E112/><N who="3" m="43050" /><G82/><T21/><D103/><U69/><E69/><V39/><F39/><W40/><G40/><T18/><D113/><U87/><E87/><V107/><F107/><W90/><G93/><T109/><D86/><U44/><E118/><V56/><F92/><W111/><G111/><T122/><D109/><U97/><E97/><V106/><F94/><W110/><G110/><T3/><REACH who="0" step="1"/><D122/><REACH who="0" ten="363,137,464,26" step="2"/><U33/><E119/><V101/><F101/><W64/><G64/><T66/><D66/><U76/><E38/><V45/><F65/><W72/><G72/><T24/><D24/><N who="1" m="16775" /><E42/><V22/><F34/><W126/><G126/><T67/><D67/><U17/><E33/><V96/><F26/><W49/><G49/><T27/><D27/><U104/><E84/><V53/><F106/><W102/><G102/><T117/><D117/><U12/><E104/><V63/><F96/><W14/><G25/><T100/><D100/><RYUUKYOKU ba="0,1" sc="363,15,137,-15,464,-15,26,15" hai0="3,6,10,15,18,21,50,55,57,73,75,80,85" hai3="0,11,14,16,23,28,30,88,89,90" /><INIT seed="4,1,1,5,4,18" ten="378,122,449,41" oya="0" hai0="92,40,4,2,74,7,29,47,9,33,3,98,34" hai1="38,25,51,27,108,83,67,113,63,65,89,31,75" hai2="116,87,1,60,128,114,37,135,133,11,77,134,103" hai3="104,21,112,129,22,107,54,120,36,86,49,81,0"/><T88/><D74/><U42/><E108/><V68/><F37/><W12/><G0/><T131/><D131/><U109/><E109/><V105/><F128/><W5/><G36/><T111/><D111/><U44/><E113/><V72/><F114/><W30/><G129/><T73/><D73/><U99/><E27/><V52/><F116/><W14/><G112/><T85/><D29/><U43/><E67/><N who="2" m="41063" /><F52/><W69/><G69/><T20/><D20/><N who="3" m="7785" /><G107/><T130/><D130/><U6/><E6/><N who="2" m="1487" /><F87/><W23/><G104/><T106/><D106/><U95/><E83/><N who="2" m="45479" /><F103/><W82/><G120/><T10/><D85/><U76/><E76/><V53/><F53/><W132/><G132/><T39/><AGARI ba="1,1" hai="2,3,4,7,9,10,33,34,39,40,47,88,92,98" machi="39" ten="20,7800,0" yaku="0,1,7,1,9,1,54,1" doraHai="18" who="0" fromWho="0" sc="378,91,122,-27,449,-27,41,-27" /><INIT seed="4,2,0,1,0,90" ten="469,95,422,14" oya="0" hai0="35,2,23,51,44,109,124,49,125,54,57,99,25" hai1="105,72,120,91,119,67,26,100,5,97,29,89,9" hai2="122,113,84,10,7,121,50,60,131,61,41,95,22" hai3="13,48,71,40,132,30,126,64,52,3,15,111,14"/><T58/><D35/><U63/><E120/><V59/><F113/><W28/><G111/><T93/><D2/><U107/><E107/><V4/><F122/><W87/><G3/><T133/><D133/><U68/><E72/><V1/><F121/><W88/><G132/><T62/><D57/><U70/><E70/><V78/><F131/><W129/><G129/><T12/><D12/><U79/><E79/><V11/><F22/><W69/><G126/><N who="0" m="48747" /><D44/><U24/><E24/><V118/><F118/><W75/><G75/><T135/><D135/><U102/><E102/><V6/><F1/><W98/><G40/><T127/><D109/><U92/><E105/><V85/><F85/><W33/><G98/><T34/><D34/><U45/><E45/><N who="2" m="25903" /><F61/><W82/><G33/><T20/><D20/><U53/><E53/><N who="2" m="33903" /><F78/><W116/><G116/><T19/><D127/><U43/><E119/><V37/><F37/><W16/><G69/><T101/><AGARI ba="2,0" hai="19,23,25,49,51,54,58,62,93,99,101" m="48747" machi="101" ten="30,3000,0" yaku="18,1,52,1" doraHai="90" who="0" fromWho="0" sc="469,36,95,-12,422,-12,14,-12" /><INIT seed="4,3,0,3,4,87" ten="505,83,410,2" oya="0" hai0="63,24,75,103,112,25,78,37,121,76,16,15,44" hai1="116,61,93,0,115,90,110,2,98,38,123,12,132" hai2="105,81,97,46,107,108,92,52,109,32,86,9,34" hai3="131,124,29,13,51,99,18,14,89,21,5,106,56"/><T91/><D75/><U48/><E123/><V19/><F34/><W67/><G106/><T101/><D112/><U4/><E38/><V104/><F32/><W100/><G131/><T114/><D114/><U39/><E39/><V74/><F74/><W27/><G124/><T65/><D37/><U8/><E110/><V64/><F64/><W1/><G1/><T128/><D128/><U80/><E116/><V23/><F9/><N who="3" m="4271" /><G100/><N who="0" m="38475" /><D44/><U57/><E132/><V60/><F92/><N who="3" m="56719" /><G51/><T130/><D121/><U73/><E48/><V54/><F97/><W95/><G95/><T135/><D135/><U79/><E115/><V43/><F60/><N who="3" m="38279" /><G14/><T35/><D35/><U129/><E129/><V59/><F59/><W33/><G33/><T26/><D130/><U45/><E45/><V126/><F126/><W84/><G84/><T117/><D63/><U66/><AGARI ba="3,0" hai="0,2,4,8,12,57,61,66,73,79,80,90,93,98" machi="66" ten="20,2700,0" yaku="0,1,7,1,52,1" doraHai="87" who="1" fromWho="1" sc="505,-16,83,36,410,-10,2,-10" owari="489,59.0,119,-28.0,400,20.0,-8,-51.0" /></mjloggm>