<mjloggm ver="2.3"><GO type="169" lobby="0"/><UN n0="%E3%83%88%E3%83%88%E3%83%AA%E5%85%88%E7%94%9F%31%39%E6%AD%B3" n1="%EF%BC%B3%E3%81%9E%E3%81%88%E2%98%86" n2="%6A%75%6E%6F%6E" n3="%E3%82%B8%E3%83%A3%E3%82%B9%E3%82%BF%E3%82%A6%E3%82%A7%E3%82%A4" dan="18,16,16,17" rate="2198.39,2043.85,2126.70,2196.19" sx="F,M,M,M"/><TAIKYOKU oya="0"/><INIT seed="0,0,0,3,1,118" ten="250,250,250,250" oya="0" hai0="57,81,129,8,76,79,4,117,75,107,12,135,18" hai1="102,73,120,58,90,16,133,72,45,23,3,71,1" hai2="7,84,91,121,89,59,11,38,110,30,78,65,68" hai3="29,31,106,49,99,111,93,48,24,36,95,104,67"/><T115/><D117/><U61/><E71/><V2/><F110/><W103/><G36/><T80/><D115/><U27/><E120/><V52/><F121/><W41/><G111/><T34/><D107/><U108/><E108/><V113/><F113/><W74/><G74/><T88/><D129/><U131/><E133/><V9/><F38/><W54/><G41/><T33/><D135/><U70/><E70/><V134/><F134/><W122/><G122/><T85/><D57/><U69/><E69/><V83/><F30/><W116/><G67/><T13/><REACH who="0" step="1"/><D76/><REACH who="0" ten="240,250,250,250" step="2"/><U43/><E131/><V47/><F68/><W50/><G116/><T15/><D15/><U63/><E58/><V97/><F78/><W112/><G112/><T123/><D123/><U20/><E1/><V92/><F65/><W109/><G109/><T42/><D42/><U10/><E3/><V56/><REACH who="2" step="1"/><F9/><AGARI ba="0,1" hai="4,8,9,12,13,18,33,34,75,79,80,81,85,88" machi="9" ten="30,11600,0" yaku="1,1,7,1,54,1,53,1" doraHai="118" doraHaiUra="82" who="0" fromWho="2" sc="240,126,250,0,250,-116,250,0" /><INIT seed="0,1,0,1,0,110" ten="366,250,134,250" oya="0" hai0="29,46,22,56,107,8,66,51,131,89,34,116,9" hai1="115,12,134,95,20,135,83,132,24,54,129,96,59" hai2="4,93,68,17,88,0,27,45,42,49,79,18,121" hai3="126,98,21,130,38,117,118,91,28,63,84,40,127"/><T58/><D116/><U65/><E129/><V47/><F121/><W103/><G63/><N who="0" m="38263" /><D34/><U41/><E41/><V105/><F105/><N who="3" m="63735" /><G21/><T57/><D107/><U92/><E65/><V74/><F68/><W90/><G28/><T75/><D75/><U35/><E35/><V33/><F4/><W124/><G40/><N who="0" m="25031" /><D131/><U37/><E37/><V99/><F0/><W72/><G38/><T36/><D89/><N who="3" m="33801" /><G130/><T78/><D78/><U76/><E76/><V100/><F45/><W52/><G72/><T11/><D36/><U6/><E134/><V10/><F10/><W82/><G52/><T101/><D101/><U55/><E54/><V5/><F5/><W7/><G7/><T123/><D123/><U106/><E55/><V25/><F100/><W77/><AGARI ba="1,0" hai="77,82,84,117,118,124,126,127" m="33801,63735" machi="77" ten="40,5200,0" yaku="18,1,34,2" doraHai="110" who="3" fromWho="3" sc="366,-27,250,-14,134,-14,250,55" /><INIT seed="1,0,0,2,0,32" ten="339,236,120,305" oya="1" hai0="103,31,12,28,115,52,29,64,101,93,23,61,81" hai1="56,1,37,69,76,121,133,4,88,42,17,36,10" hai2="14,135,30,20,25,102,15,117,6,98,57,19,59" hai3="100,68,107,134,125,131,9,0,26,70,24,75,91"/><U129/><E69/><V86/><F135/><W99/><G26/><T16/><D115/><U79/><E133/><V87/><F117/><W67/><G134/><T11/><D81/><U74/><E121/><V33/><F57/><W78/><G91/><T83/><D83/><N who="1" m="45463" /><E37/><V72/><F72/><W34/><G131/><T18/><D93/><U90/><E79/><V109/><F109/><W123/><G123/><T82/><D82/><U38/><E38/><V84/><F59/><W7/><G125/><T73/><D73/><U43/><E43/><V110/><F110/><W120/><G120/><T89/><D89/><U112/><E112/><V53/><F53/><W49/><G49/><T130/><D130/><U41/><E41/><V35/><F35/><W55/><G55/><T62/><D52/><U118/><E118/><V113/><F113/><W126/><G126/><T114/><D114/><U8/><E56/><V80/><F80/><N who="3" m="45151" /><G67/><T58/><REACH who="0" step="1"/><D62/><REACH who="0" ten="329,236,120,305" step="2"/><U122/><E129/><V119/><F119/><W54/><G54/><T13/><AGARI ba="0,1" hai="11,12,13,16,18,23,28,29,31,58,61,64,101,103" machi="13" ten="30,8000,1" yaku="1,1,2,1,0,1,8,1,54,1,53,0" doraHai="32" doraHaiUra="128" who="0" fromWho="0" sc="329,90,236,-40,120,-20,305,-20" /><INIT seed="2,0,0,0,0,114" ten="419,196,100,285" oya="2" hai0="48,131,6,57,45,97,3,53,96,22,100,130,92" hai1="66,30,126,80,40,31,86,98,13,115,124,76,34" hai2="135,109,52,38,101,106,44,17,1,102,62,119,33" hai3="64,49,128,79,81,72,23,59,122,41,61,42,85"/><V8/><F135/><W25/><G122/><T73/><D73/><U47/><E115/><V35/><F109/><W113/><G128/><N who="0" m="49195" /><D3/><U121/><E121/><V70/><F119/><W24/><G113/><T32/><D32/><U63/><E98/><V11/><F70/><W117/><G117/><T104/><D6/><U27/><E13/><V55/><F38/><W65/><G65/><T125/><D22/><U133/><E133/><V94/><F106/><W91/><G49/><T71/><D125/><N who="1" m="48235" /><E27/><V112/><F112/><W15/><G15/><T93/><D71/><N who="1" m="42463" /><E34/><V123/><F123/><W127/><G127/><T9/><D9/><U60/><E60/><V132/><F62/><W18/><G25/><T107/><D57/><U88/><E76/><V83/><F132/><W103/><G103/><AGARI ba="0,0" hai="45,48,53,92,93,96,97,100,103,104,107" m="49195" machi="103" ten="30,1000,0" yaku="19,1" doraHai="114" who="0" fromWho="3" sc="419,10,196,0,100,0,285,-10" /><INIT seed="3,0,0,1,3,89" ten="429,196,100,275" oya="3" hai0="2,50,58,40,117,6,43,18,25,1,55,106,72" hai1="85,42,112,98,24,90,41,124,70,99,91,51,26" hai2="49,17,21,111,54,22,102,59,121,76,82,27,53" hai3="88,84,30,129,79,86,60,133,69,37,94,0,80"/><W125/><G37/><T39/><D117/><U62/><E70/><V28/><F111/><W46/><G0/><T83/><D106/><U5/><E62/><V9/><F121/><W66/><G129/><T77/><D39/><U109/><E5/><V38/><F38/><W68/><G125/><T101/><D101/><U130/><E51/><V63/><F9/><W134/><G30/><T95/><D2/><U73/><E73/><V33/><F102/><W116/><G116/><T52/><D95/><U44/><E44/><V81/><F33/><W34/><G34/><T103/><D103/><U122/><E122/><V57/><REACH who="2" step="1"/><F76/><REACH who="2" ten="429,196,90,275" step="2"/><W135/><G46/><T61/><D1/><U8/><E109/><V120/><F120/><W29/><G29/><T93/><D77/><U14/><E8/><V32/><F32/><W78/><G79/><T12/><D6/><U92/><E91/><V114/><F114/><W31/><G31/><T10/><D10/><U64/><E90/><V23/><F23/><W71/><AGARI ba="0,1" hai="60,66,68,69,71,78,80,84,86,88,94,133,134,135" machi="71" ten="40,12000,1" yaku="0,1,20,1,52,1,54,1" doraHai="89" who="3" fromWho="3" sc="429,-40,196,-40,90,-40,275,130" /><INIT seed="3,1,0,0,5,15" ten="389,156,50,405" oya="3" hai0="64,74,67,87,123,114,5,8,118,131,40,49,59" hai1="98,97,42,69,135,65,20,1,19,107,63,16,71" hai2="127,9,34,7,85,102,125,126,28,116,77,120,30" hai3="46,4,103,110,61,24,66,68,105,117,41,129,88"/><W60/><G117/><T27/><D118/><U47/><E1/><V82/><F116/><W93/><G129/><T99/><D123/><U76/><E135/><V51/><F120/><W124/><G124/><T100/><D74/><U31/><E71/><V128/><F128/><W104/><G110/><T111/><D131/><U25/><E76/><V50/><F102/><W43/><G103/><T3/><D111/><U70/><E70/><V36/><F36/><W121/><G121/><T115/><D87/><U38/><REACH who="1" step="1"/><E107/><REACH who="1" ten="389,146,50,405" step="2"/><V119/><F119/><W112/><G105/><T62/><D3/><U48/><E48/><N who="2" m="18475" /><F34/><W81/><G104/><T130/><D130/><U83/><E83/><V108/><F108/><W78/><G81/><T6/><D49/><U84/><E84/><V58/><F58/><W23/><G78/><T12/><D59/><U54/><E54/><V33/><F33/><W90/><G68/><T95/><D64/><U10/><E10/><V29/><F9/><W96/><G66/><T109/><D109/><U37/><E37/><V22/><F22/><W86/><G23/><T45/><D67/><U0/><E0/><V53/><F53/><W134/><G134/><T122/><D122/><U133/><E133/><V26/><F77/><W39/><G39/><T55/><D55/><U17/><AGARI ba="1,1" hai="16,17,19,20,25,31,38,42,47,63,65,69,97,98" machi="17" ten="30,12000,2" yaku="1,1,0,1,52,3,54,1,53,0" doraHai="15" doraHaiUra="73" who="1" fromWho="1" sc="389,-31,146,133,50,-31,405,-61" /><INIT seed="4,0,0,1,1,100" ten="358,279,19,344" oya="0" hai0="127,80,50,120,63,116,74,31,78,76,86,98,52" hai1="30,5,24,71,96,109,68,95,39,88,87,67,115" hai2="62,85,17,21,122,56,113,130,12,18,41,129,105" hai3="101,110,13,35,47,93,61,51,1,0,2,23,28"/><T134/><D116/><U69/><E109/><V57/><F113/><W3/><G110/><T15/><D120/><U114/><E39/><V128/><F122/><W124/><G124/><T107/><D127/><U75/><E75/><V90/><F41/><W8/><G35/><T111/><D111/><U7/><E67/><V70/><F70/><W60/><G0/><T131/><D131/><U44/><E44/><V49/><F49/><W58/><G8/><T9/><D134/><U84/><E84/><V40/><F40/><W45/><G51/><T104/><D63/><U102/><E7/><V25/><F62/><W126/><G126/><T106/><D31/><U89/><E5/><V132/><F132/><W91/><G61/><T92/><D74/><U83/><REACH who="1" step="1"/><E102/><REACH who="1" ten="358,269,19,344" step="2"/><V16/><F105/><W94/><G101/><N who="0" m="60615" /><D104/><U33/><AGARI ba="0,1" hai="24,30,33,68,69,71,83,87,88,89,95,96,114,115" machi="33" ten="40,8000,1" yaku="1,1,0,1,54,1,53,1" doraHai="100" doraHaiUra="77" who="1" fromWho="1" sc="358,-40,269,90,19,-20,344,-20" owari="318,-8.0,359,46.0,-1,-50.0,324,12.0" /></mjloggm>