<mjloggm ver="2.3"><GO type="225" lobby="0"/><UN n0="%E7%99%BD%E9%B9%BF%E6%84%9B%E8%8E%89" n1="%E3%83%AD%E3%83%9C%E3%82%B3%E3%83%97" n2="%E3%81%BE%E3%82%8B%E3%81%9F%E3%82%8D%E3%81%86" n3="%E5%B0%B1%E6%B4%BB%E7%94%9F%40%E5%B7%9D%E6%9D%91%E8%BB%8D%E5%9B%A3" dan="16,17,17,17" rate="2136.80,2176.55,2129.69,2233.63" sx="F,M,M,M"/><TAIKYOKU oya="0"/><INIT seed="0,0,0,5,1,35" ten="250,250,250,250" oya="0" hai0="7,68,116,28,36,52,75,126,72,18,45,87,103" hai1="134,89,120,73,127,92,135,112,19,90,125,81,12" hai2="67,115,37,46,119,64,43,107,30,9,3,44,25" hai3="97,48,122,86,65,11,62,22,118,33,50,39,70"/><T110/><D116/><U58/><E120/><V42/><F107/><W54/><G33/><T15/><D68/><U27/><E27/><V121/><F115/><W53/><G39/><T98/><D7/><U0/><E0/><V49/><F121/><W6/><G122/><T124/><D110/><U102/><E58/><V83/><F83/><W78/><G118/><T109/><D109/><U47/><E47/><V57/><F57/><W128/><G128/><T31/><D87/><N who="1" m="50415" /><E73/><N who="0" m="28233" /><D36/><U61/><E61/><V1/><F119/><W129/><G22/><N who="0" m="11615" /><D45/><U38/><E102/><V21/><REACH who="2" step="1"/><F9/><REACH who="2" ten="250,250,240,250" step="2"/><W91/><G129/><T55/><D31/><U74/><E112/><V76/><F76/><W2/><G78/><T105/><D28/><U111/><E111/><V32/><F32/><W29/><G70/><T85/><D85/><U108/><E108/><V51/><F51/><W66/><G50/><T60/><D60/><U40/><E74/><V82/><F82/><W79/><G62/><T94/><D105/><U13/><E38/><V34/><F34/><W101/><G79/><T20/><D20/><U26/><E127/><AGARI ba="0,1" hai="52,55,94,98,103,124,126,127" m="11615,28233" machi="127" ten="30,2900,0" yaku="18,1,54,1" doraHai="35" who="0" fromWho="1" sc="250,39,250,-29,240,0,250,0" /><INIT seed="0,1,0,5,0,40" ten="289,221,240,250" oya="0" hai0="108,99,38,82,44,118,5,60,54,114,121,1,104" hai1="120,7,35,71,130,123,41,57,4,23,30,103,87" hai2="33,65,68,22,9,134,111,106,16,12,135,13,32" hai3="10,105,2,77,84,78,52,88,97,79,17,62,72"/><T101/><D114/><U81/><E71/><V61/><F106/><W64/><G72/><T46/><D118/><U45/><E35/><V117/><F117/><W95/><G105/><T53/><D121/><U67/><E130/><V6/><REACH who="2" step="1"/><F111/><REACH who="2" ten="289,221,230,250" step="2"/><W131/><G131/><T25/><D108/><U86/><E123/><V94/><F94/><W48/><G2/><T83/><D82/><U129/><E81/><V92/><F92/><W75/><G75/><T127/><D83/><U49/><E120/><V3/><F3/><W56/><G10/><T63/><D1/><U98/><E129/><V19/><F19/><W11/><G11/><T66/><D127/><U110/><E110/><V28/><F28/><W26/><G17/><T89/><D5/><U50/><E30/><V59/><F59/><N who="3" m="36959" /><G26/><T102/><D25/><U55/><E7/><V80/><F80/><AGARI ba="1,1" hai="48,52,56,77,78,79,80,84,88,95,97" m="36959" machi="80" ten="30,3900,0" yaku="8,1,54,2" doraHai="40" who="3" fromWho="2" sc="289,0,221,0,230,-42,250,52" /><INIT seed="1,0,0,2,4,47" ten="289,221,188,302" oya="1" hai0="24,109,18,59,99,28,61,112,90,123,82,95,103" hai1="35,108,135,22,71,38,15,96,130,46,94,125,29" hai2="85,57,114,9,16,48,115,119,26,12,65,30,64" hai3="55,10,66,53,100,88,37,8,41,76,32,129,1"/><U81/><E35/><V62/><F119/><W113/><G32/><T73/><D112/><U2/><E71/><V44/><F85/><W45/><G100/><T51/><D123/><U11/><E2/><V124/><F124/><W40/><G40/><T50/><D109/><U72/><E125/><V128/><F128/><W34/><G34/><T21/><D18/><U56/><E135/><V69/><F69/><W27/><G66/><N who="0" m="39231" /><D73/><U80/><E130/><V98/><F65/><W70/><G70/><T133/><D133/><U97/><E97/><V39/><F39/><W25/><G76/><T79/><D79/><U20/><E72/><V110/><F110/><W14/><G8/><T52/><D52/><U6/><E29/><V107/><F107/><W126/><G1/><T127/><D127/><U33/><E33/><V58/><F58/><W116/><G129/><T49/><D82/><U68/><E80/><V60/><F60/><W75/><G75/><T23/><D23/><U102/><E81/><V131/><F131/><W4/><G126/><T83/><D83/><U74/><E74/><V5/><F5/><W13/><G113/><N who="2" m="43017" /><F98/><W111/><G111/><T117/><D117/><U77/><E108/><V84/><F84/><W122/><G14/><T3/><D3/><U104/><E68/><V67/><F67/><W19/><G122/><T93/><D93/><U31/><E94/><V132/><F132/><W118/><G118/><T54/><D54/><N who="3" m="20489" /><G116/><T7/><D7/><U78/><E6/><V120/><F120/><W63/><G4/><T87/><D87/><U17/><E78/><RYUUKYOKU ba="0,0" sc="289,30,221,-10,188,-10,302,-10" hai0="21,24,28,49,50,51,90,95,99,103" /><INIT seed="2,1,0,2,1,62" ten="319,211,178,292" oya="2" hai0="108,42,53,51,82,130,116,134,10,87,76,100,113" hai1="27,72,117,104,90,114,129,46,92,83,120,40,81" hai2="34,64,119,106,110,3,80,107,96,38,95,43,126" hai3="89,99,115,29,122,58,56,70,20,33,8,121,9"/><V97/><F119/><W77/><G70/><T36/><D113/><U63/><E117/><V18/><F3/><W75/><G33/><T12/><D108/><U94/><E104/><V88/><F34/><W57/><G75/><T19/><D116/><U131/><E114/><V13/><F110/><W24/><G115/><T31/><D134/><U79/><E120/><V7/><F7/><W118/><G118/><T68/><D68/><U61/><E83/><V30/><F30/><W49/><G77/><T127/><D127/><U135/><E92/><V101/><F126/><W112/><G112/><T2/><D2/><U11/><E11/><V23/><F80/><W111/><G111/><T91/><D31/><U86/><E27/><V85/><F64/><W74/><G74/><T5/><D100/><U73/><E73/><V52/><F52/><N who="3" m="31759" /><G122/><T28/><D28/><U66/><E135/><V55/><F55/><W4/><G121/><T103/><D103/><U25/><E25/><V71/><F71/><W41/><G41/><T45/><D130/><N who="1" m="49675" /><E66/><V6/><F6/><W44/><G44/><T128/><D128/><U35/><E35/><V78/><F78/><W132/><G132/><T21/><D76/><U47/><E47/><N who="2" m="24055" /><F107/><W15/><G9/><T84/><D84/><U98/><E72/><V60/><F60/><W48/><G48/><AGARI ba="1,0" hai="40,46,48,61,63,79,81,86,90,94,98" m="49675" machi="48" ten="30,1000,0" yaku="19,1" doraHai="62" who="1" fromWho="3" sc="319,0,211,13,178,0,292,-13" /><INIT seed="3,0,0,0,2,101" ten="319,224,178,279" oya="3" hai0="132,123,135,15,10,43,1,25,59,6,94,127,82" hai1="117,126,89,99,29,44,41,7,37,71,75,102,67" hai2="76,105,103,93,88,45,92,5,81,4,77,26,134" hai3="39,9,57,87,42,28,36,31,124,119,125,50,116"/><W73/><G73/><T17/><D123/><U107/><E75/><N who="2" m="43167" /><F77/><W32/><G87/><T19/><D127/><N who="3" m="48713" /><G9/><T109/><D109/><U27/><E126/><V120/><F120/><W22/><G22/><N who="0" m="13535" /><D43/><U72/><E72/><V68/><F68/><W106/><G106/><T74/><D94/><U2/><E117/><N who="3" m="45130" /><G32/><T62/><D82/><U80/><E2/><V121/><F121/><W48/><G42/><T64/><D74/><U131/><E7/><V97/><F92/><W100/><G100/><T95/><D95/><U60/><E131/><V21/><F45/><W55/><G31/><T3/><D6/><U49/><E37/><N who="3" m="14410" /><G28/><T65/><D65/><U8/><E8/><V78/><F134/><AGARI ba="0,0" hai="1,3,10,15,17,59,62,64,132,134,135" m="13535" machi="134" ten="30,1000,0" yaku="20,1" doraHai="101" who="0" fromWho="2" sc="319,10,224,0,178,-10,279,0" owari="329,43.0,224,-18.0,168,-33.0,279,8.0" /></mjloggm>