<mjloggm ver="2.3"><GO type="225" lobby="0"/><UN n0="%E3%82%A6%E3%82%A3%E3%83%83%E3%83%81" n1="%E5%B0%B1%E6%B4%BB%E7%94%9F%40%E5%B7%9D%E6%9D%91%E8%BB%8D%E5%9B%A3" n2="%E3%81%86%E3%81%AA%E3%81%8E" n3="%55%4E%4C%4F%4F%53%45" dan="16,17,16,16" rate="2070.47,2196.97,2045.45,2118.17" sx="M,M,M,F"/><TAIKYOKU oya="0"/><INIT seed="0,0,0,3,4,9" ten="250,250,250,250" oya="0" hai0="64,33,58,128,12,117,130,43,72,61,118,35,1" hai1="98,100,53,55,111,34,131,31,23,125,74,122,30" hai2="21,89,71,54,105,106,84,97,48,45,40,65,119" hai3="27,91,15,19,94,70,103,0,109,7,17,80,42"/><T37/><D1/><U95/><E122/><V90/><F119/><N who="0" m="45578" /><D72/><U133/><E74/><V88/><F84/><W38/><G70/><N who="0" m="42255" /><D12/><U62/><E34/><N who="0" m="12809" /><D58/><U104/><E111/><V127/><F65/><W59/><G109/><T108/><D108/><U78/><E131/><V32/><F32/><W87/><G59/><T13/><D13/><U73/><E125/><V46/><F71/><W63/><G63/><T112/><D112/><U69/><E133/><V6/><F21/><W121/><G121/><T60/><D60/><U92/><E53/><V134/><F134/><W16/><G0/><T135/><D135/><U3/><E3/><V101/><F127/><W102/><G27/><T77/><D77/><U81/><E55/><V8/><F8/><W18/><G7/><T39/><D43/><U52/><E69/><V115/><F6/><W25/><G25/><T132/><D132/><U26/><REACH who="1" step="1"/><E30/><REACH who="1" ten="250,240,250,250" step="2"/><V50/><REACH who="2" step="1"/><F115/><REACH who="2" ten="250,240,240,250" step="2"/><W56/><G42/><T126/><D126/><U28/><E28/><V41/><F41/><W116/><G116/><T114/><D114/><U75/><E75/><V93/><AGARI ba="0,2" hai="40,45,46,48,50,54,88,89,90,93,97,101,105,106" machi="93" ten="30,8000,1" yaku="1,1,0,1,54,1,53,2" doraHai="9" doraHaiUra="47" who="2" fromWho="2" sc="250,-40,240,-20,240,100,250,-20" /><INIT seed="1,0,0,1,0,105" ten="210,220,340,230" oya="1" hai0="99,95,132,41,37,85,65,45,55,38,53,20,116" hai1="49,129,36,115,21,87,60,122,30,127,40,74,96" hai2="111,66,72,29,102,17,22,14,35,93,114,16,12" hai3="82,18,75,109,27,108,103,71,128,131,31,125,113"/><U61/><E122/><V15/><F72/><W118/><G71/><T1/><D116/><U68/><E74/><V119/><F119/><W73/><G118/><T9/><D38/><U80/><E36/><V112/><F66/><W39/><G113/><N who="2" m="43625" /><F111/><N who="3" m="42571" /><G39/><T57/><D132/><U86/><E115/><V121/><F121/><W135/><G135/><T67/><D20/><U0/><E0/><V5/><F5/><W84/><G103/><T6/><D85/><U54/><E129/><N who="3" m="49738" /><G18/><T124/><D124/><U89/><E127/><V7/><F7/><W88/><G125/><T107/><D107/><U81/><E96/><N who="2" m="59663" /><F35/><AGARI ba="0,0" hai="27,31,35,73,75,82,84,88" m="49738,42571" machi="35" ten="30,8000,1" yaku="14,1,19,1,52,2,54,1" doraHai="105" who="3" fromWho="2" sc="210,0,220,0,340,-80,230,80" /><INIT seed="2,0,0,0,1,42" ten="210,220,260,310" oya="2" hai0="101,56,111,16,1,12,73,18,60,69,115,112,130" hai1="39,31,82,58,78,74,54,122,8,134,123,19,93" hai2="51,37,41,14,11,100,40,106,85,121,109,49,43" hai3="22,117,57,108,107,77,3,20,110,114,126,116,4"/><V28/><F121/><W129/><G107/><T124/><D1/><U133/><E39/><V6/><F37/><W132/><G132/><N who="1" m="50794" /><E31/><V53/><F28/><W17/><G77/><T84/><D73/><U103/><E8/><V97/><F109/><N who="3" m="42091" /><G114/><T21/><D111/><U33/><E33/><V94/><REACH who="2" step="1"/><F53/><REACH who="2" ten="210,220,250,310" step="2"/><W64/><G117/><T26/><D112/><U48/><E19/><V79/><F79/><W9/><G17/><T65/><D115/><U71/><E71/><V34/><F34/><W0/><G116/><T120/><D69/><U119/><E119/><V30/><F30/><W75/><G129/><T102/><D130/><U96/><AGARI ba="0,1" hai="48,54,58,74,78,82,93,96,103,122,123" m="50794" machi="96" ten="30,1100,0" yaku="20,1" doraHai="42" who="1" fromWho="1" sc="210,-3,220,21,250,-5,310,-3" /><INIT seed="3,0,0,4,1,116" ten="207,241,245,307" oya="3" hai0="10,33,36,44,7,53,70,129,21,102,103,92,40" hai1="47,62,3,68,51,120,11,122,8,115,126,123,32" hai2="108,104,34,110,52,130,27,15,114,5,101,6,91" hai3="73,74,95,121,94,39,72,45,99,9,55,133,0"/><W93/><G121/><T56/><D33/><U112/><E32/><V117/><F114/><N who="1" m="43561" /><E3/><V24/><F117/><W54/><G133/><T16/><D129/><U76/><E76/><V78/><F130/><W75/><G75/><T127/><D70/><U38/><E11/><V18/><F78/><W43/><REACH who="3" step="1"/><G99/><REACH who="3" ten="207,241,245,297" step="2"/><T60/><D127/><U19/><E126/><V135/><F135/><W4/><AGARI ba="0,1" hai="0,4,9,39,43,45,54,55,72,73,74,93,94,95" machi="4" ten="40,7800,0" yaku="1,1,2,1,0,1,53,0" doraHai="116" doraHaiUra="131" who="3" fromWho="3" sc="207,-26,241,-26,245,-26,297,88" owari="181,-32.0,215,-18.0,219,2.0,385,48.0" /></mjloggm>