<mjloggm ver="2.3"><GO type="169" lobby="0"/><UN n0="%62%61%72%61%61%64%6F" n1="%61%71%75%61%72%69%75%73" n2="%E5%B0%B1%E6%B4%BB%E7%94%9F%40%E5%B7%9D%E6%9D%91%E8%BB%8D%E5%9B%A3" n3="%E3%83%84%E3%83%AC%E3%82%AA" dan="16,17,16,16" rate="2091.26,2205.09,2182.16,2142.56" sx="M,M,M,M"/><TAIKYOKU oya="0"/><INIT seed="0,0,0,0,2,83" ten="250,250,250,250" oya="0" hai0="37,89,2,115,41,48,94,102,1,13,81,55,42" hai1="84,126,31,90,33,62,51,12,108,101,50,28,58" hai2="122,27,105,106,52,22,135,93,121,125,54,19,69" hai3="133,5,65,79,60,117,25,61,80,32,119,124,98"/><T7/><D115/><U21/><E126/><V88/><F69/><W49/><G124/><T100/><D37/><U45/><E108/><V29/><F125/><W132/><G5/><T76/><D2/><U26/><E101/><N who="0" m="39017" /><D1/><U73/><E73/><V99/><F135/><N who="3" m="51787" /><G98/><N who="0" m="57679" /><D81/><U16/><E31/><V24/><F106/><W113/><G113/><T63/><D63/><N who="3" m="24137" /><G65/><T53/><D76/><U44/><E44/><V104/><F104/><W75/><G49/><T130/><D130/><U134/><E134/><V14/><F105/><W110/><G110/><T18/><D7/><U95/><E45/><V30/><F121/><W118/><G32/><T36/><D36/><U128/><REACH who="1" step="1"/><E128/><REACH who="1" ten="250,240,250,250" step="2"/><V43/><F122/><W129/><G129/><T77/><D77/><U103/><E103/><V38/><F38/><W11/><G119/><T116/><D116/><U87/><E87/><V85/><F99/><W131/><G131/><T74/><D74/><U127/><E127/><V8/><F43/><N who="0" m="16394" /><D48/><U67/><AGARI ba="0,1" hai="12,16,21,26,28,33,50,51,58,62,67,84,90,95" machi="67" ten="20,8000,1" yaku="1,1,0,1,7,1,52,1,54,1,53,0" doraHai="83" doraHaiUra="34" who="1" fromWho="1" sc="250,-40,240,90,250,-20,250,-20" /><INIT seed="1,0,0,2,0,34" ten="210,330,230,230" oya="1" hai0="71,130,59,82,77,100,30,108,20,73,19,135,117" hai1="41,133,129,121,115,83,38,54,98,53,26,17,12" hai2="92,97,66,3,48,103,27,120,124,75,51,7,96" hai3="16,62,106,43,116,110,56,45,25,60,91,125,44"/><U118/><E38/><V88/><F120/><W134/><G110/><T46/><D108/><U112/><E41/><V28/><F75/><W8/><G134/><T70/><D117/><U101/><E118/><V131/><F131/><W42/><G116/><T85/><D135/><U32/><E121/><V37/><F37/><W2/><G106/><T67/><D130/><U33/><E83/><V127/><F66/><W35/><G125/><N who="2" m="48201" /><F7/><W24/><G91/><T57/><D30/><U22/><E129/><V50/><F3/><W13/><G2/><T89/><D100/><U11/><E133/><V40/><F40/><N who="3" m="15403" /><G35/><T87/><D46/><N who="3" m="18025" /><G62/><T122/><D122/><U1/><E33/><N who="2" m="20639" /><F96/><W6/><G6/><T86/><D89/><AGARI ba="0,0" hai="48,50,51,88,89,92,97,103" m="20639,48201" machi="89" ten="30,2000,0" yaku="18,1,54,1" doraHai="34" who="2" fromWho="0" sc="210,-20,330,0,230,20,230,0" /><INIT seed="2,0,0,3,4,12" ten="190,330,250,230" oya="2" hai0="14,86,11,69,93,92,82,130,50,5,135,17,127" hai1="114,85,98,38,77,96,32,65,67,79,117,81,131" hai2="4,108,25,61,123,35,66,55,109,54,0,47,51" hai3="16,48,128,103,134,104,119,28,72,43,13,41,22"/><V33/><F123/><W125/><G119/><T107/><D127/><U68/><E32/><V45/><F0/><W2/><G2/><T76/><D130/><U129/><E38/><V112/><F4/><W121/><G121/><T15/><D135/><U58/><E68/><N who="2" m="42063" /><F25/><W111/><G128/><N who="1" m="49226" /><E117/><V10/><F10/><W8/><G134/><T46/><D69/><U84/><E58/><N who="2" m="33119" /><F112/><W105/><G125/><T63/><D63/><U18/><E114/><V49/><F35/><W30/><G72/><T106/><D107/><U118/><E118/><V80/><F80/><W36/><G36/><T87/><D106/><U37/><E37/><V95/><F95/><W94/><G105/><T56/><D56/><U59/><E18/><V70/><F33/><W26/><G104/><T3/><D87/><U101/><E79/><V90/><F90/><W75/><G75/><T97/><D97/><U7/><E7/><V71/><F47/><W60/><G30/><T126/><D126/><U1/><E1/><V78/><F78/><W115/><G115/><T9/><REACH who="0" step="1"/><D3/><REACH who="0" ten="180,330,250,230" step="2"/><U62/><E96/><V42/><F71/><W44/><G44/><T116/><D116/><U110/><E84/><V23/><F70/><W133/><G133/><T91/><D91/><U31/><E85/><V88/><F88/><W64/><G103/><T83/><D83/><U89/><E81/><V52/><F23/><W102/><G102/><T124/><D124/><U99/><E101/><V21/><F21/><W29/><G22/><T39/><D39/><U40/><E89/><V24/><F24/><W122/><G26/><RYUUKYOKU ba="0,1" sc="180,15,330,-15,250,15,230,-15" hai0="5,9,11,14,15,17,46,50,76,82,86,92,93" hai2="42,45,49,52,55,108,109" /><INIT seed="2,1,1,3,4,103" ten="195,315,265,215" oya="2" hai0="66,46,27,18,23,65,36,114,133,19,97,64,105" hai1="77,80,44,15,51,90,101,68,52,115,71,11,128" hai2="20,55,91,22,14,112,47,85,118,38,21,132,129" hai3="30,57,62,113,89,82,127,0,10,16,134,76,78"/><V6/><F118/><W87/><G134/><T74/><D114/><U59/><E115/><V98/><F112/><W34/><G113/><T94/><D74/><U109/><E109/><V5/><F132/><W29/><G127/><T73/><D133/><U56/><E128/><V61/><F129/><W72/><G34/><T70/><D73/><U49/><E101/><V32/><F32/><W119/><G119/><T123/><D123/><U106/><E106/><V60/><F98/><W43/><G43/><T33/><D33/><U26/><E26/><V53/><F38/><W48/><G48/><T124/><D124/><U54/><E90/><V8/><F5/><W45/><G45/><T86/><D70/><U131/><E44/><V122/><F122/><W88/><G89/><T116/><D116/><U110/><E110/><V79/><F79/><N who="3" m="30251" /><G0/><T7/><D7/><U13/><E131/><V111/><F111/><W96/><G96/><T25/><D105/><U50/><E50/><N who="2" m="28895" /><F55/><N who="3" m="34111" /><G72/><T35/><D35/><U1/><E1/><V3/><F3/><W117/><G117/><T84/><D36/><U126/><E126/><V135/><F135/><W125/><G125/><T92/><D46/><U40/><E40/><V120/><F120/><W108/><G108/><T95/><REACH who="0" step="1"/><D97/><REACH who="0" ten="185,315,265,215" step="2"/><U24/><E71/><V2/><F2/><W12/><AGARI ba="1,2" hai="10,12,16,29,30,82,87,88" m="34111,30251" machi="12" ten="30,4000,0" yaku="8,1,54,2" doraHai="103" who="3" fromWho="3" sc="185,-11,315,-11,265,-21,215,63" /><INIT seed="3,0,0,5,3,104" ten="174,304,244,278" oya="3" hai0="56,89,135,61,34,87,113,108,13,36,81,2,100" hai1="48,78,41,95,112,35,92,29,110,39,80,55,9" hai2="90,116,122,84,134,27,53,111,15,118,26,96,101" hai3="22,83,10,132,115,65,119,30,21,0,103,127,4"/><W57/><G115/><T69/><D108/><U37/><E112/><V43/><F111/><W91/><G119/><T73/><D113/><U18/><E35/><V97/><F122/><W125/><G103/><T64/><D2/><U51/><E29/><V106/><F134/><W33/><G65/><T20/><D135/><U98/><E51/><V74/><F74/><W32/><G57/><T70/><D36/><U133/><E133/><V8/><F43/><W5/><G132/><T93/><D34/><N who="3" m="13417" /><G91/><T17/><REACH who="0" step="1"/><D100/><REACH who="0" ten="164,304,244,278" step="2"/><U131/><E39/><V79/><F116/><W6/><G0/><T62/><D62/><U60/><E60/><V130/><F130/><W38/><G38/><T14/><D14/><U11/><E37/><V105/><F118/><W12/><G83/><T49/><D49/><U66/><E80/><V40/><F101/><W123/><G123/><T86/><D86/><U94/><E48/><V54/><F84/><W44/><G44/><T126/><D126/><N who="3" m="48137" /><G30/><T109/><D109/><U76/><E110/><V102/><F102/><W52/><G52/><T3/><D3/><U120/><E55/><V77/><F54/><W46/><G46/><T68/><D68/><U16/><E131/><V1/><F53/><W19/><AGARI ba="0,1" hai="4,5,6,10,12,19,21,22" m="48137,13417" machi="19" ten="40,7800,0" yaku="18,1,34,2" doraHai="104" who="3" fromWho="3" sc="164,-26,304,-26,244,-26,278,88" /><INIT seed="3,1,0,5,2,49" ten="138,278,218,366" oya="3" hai0="24,123,32,80,5,121,111,35,106,87,78,66,130" hai1="47,131,68,90,41,26,132,115,97,70,102,61,20" hai2="125,112,25,30,104,9,44,133,113,12,108,33,69" hai3="95,84,81,120,75,34,129,105,2,39,55,77,42"/><W57/><G2/><T64/><D111/><U92/><E115/><V98/><F133/><W79/><G34/><T43/><D130/><U13/><E131/><V59/><F69/><W14/><G129/><T56/><D106/><U94/><E13/><V134/><F125/><W72/><G120/><T89/><D5/><U22/><E22/><V96/><F108/><W50/><G105/><T10/><D10/><U8/><E8/><V6/><F134/><W52/><G39/><T127/><D127/><U18/><E132/><V53/><F44/><W62/><G42/><T46/><D78/><U99/><REACH who="1" step="1"/><E61/><REACH who="1" ten="138,268,218,366" step="2"/><V107/><F112/><W85/><G14/><T86/><D32/><U15/><E15/><V11/><F113/><W40/><G40/><T74/><D35/><U19/><E19/><V122/><F11/><W0/><G0/><T117/><D43/><U37/><AGARI ba="1,1" hai="18,20,26,37,41,47,68,70,90,92,94,97,99,102" machi="37" ten="20,5200,0" yaku="1,1,0,1,7,1,53,1" doraHai="49" doraHaiUra="38" who="1" fromWho="1" sc="138,-14,268,65,218,-14,366,-27" /><INIT seed="4,0,0,3,5,32" ten="124,333,204,339" oya="0" hai0="99,81,102,117,74,44,103,116,37,67,28,60,14" hai1="57,77,90,65,82,34,49,54,59,66,135,0,84" hai2="46,31,100,130,10,18,53,50,19,124,104,88,13" hai3="93,41,1,70,3,108,128,123,43,2,98,12,58"/><T48/><D37/><U89/><E34/><V83/><F130/><W85/><G108/><T7/><D28/><U113/><E0/><V20/><F124/><W129/><G70/><T109/><D109/><U76/><E113/><V62/><F31/><W132/><G132/><T133/><D133/><U55/><E135/><V35/><F35/><W15/><G123/><T47/><D74/><U51/><REACH who="1" step="1"/><E89/><REACH who="1" ten="124,323,204,339" step="2"/><V114/><F114/><W4/><G129/><T56/><D102/><U16/><E16/><V52/><F100/><W17/><G128/><T80/><D116/><U5/><E5/><V91/><F104/><W23/><G85/><T24/><D117/><U107/><E107/><V95/><F95/><W27/><G58/><T26/><D7/><U134/><E134/><V131/><F131/><W121/><G121/><T30/><D103/><U69/><E69/><V72/><F83/><W97/><G4/><T92/><D80/><U79/><AGARI ba="0,1" hai="49,51,54,55,57,59,65,66,76,77,79,82,84,90" machi="79" ten="30,7900,0" yaku="1,1,0,1,9,1,8,1,53,0" doraHai="32" doraHaiUra="36" who="1" fromWho="1" sc="124,-39,323,89,204,-20,339,-20" /><INIT seed="5,0,0,4,2,47" ten="85,412,184,319" oya="1" hai0="127,95,45,17,39,93,12,31,61,71,22,56,129" hai1="124,114,88,53,1,126,41,76,92,50,10,21,103" hai2="48,130,64,86,19,79,7,23,59,14,8,46,13" hai3="96,117,24,49,133,18,125,72,32,111,36,112,33"/><U11/><E114/><V30/><F130/><W84/><G36/><T94/><D129/><U44/><E76/><V105/><F105/><W54/><G72/><T73/><D73/><U40/><E103/><V110/><F110/><W81/><G111/><T26/><D127/><N who="1" m="48683" /><E21/><V87/><F30/><W104/><G125/><T85/><D71/><U91/><E91/><V115/><F79/><W70/><G70/><T109/><D109/><U35/><E35/><V113/><F59/><W100/><G112/><N who="2" m="43081" /><F64/><W135/><G117/><T98/><D85/><N who="1" m="52239" /><E1/><V68/><F68/><W62/><G62/><T75/><D75/><U42/><AGARI ba="0,0" hai="10,11,40,41,42,44,50,53" m="52239,48683" machi="42" ten="30,6000,0" yaku="18,1,52,1,54,1" doraHai="47" who="1" fromWho="1" sc="85,-20,412,60,184,-20,319,-20" /><INIT seed="5,1,0,2,0,31" ten="65,472,164,299" oya="1" hai0="114,69,103,39,54,92,8,74,118,110,36,108,89" hai1="35,0,87,61,127,25,66,94,10,122,77,107,47" hai2="52,19,133,40,93,33,59,53,13,32,30,2,26" hai3="45,48,43,12,80,56,116,134,125,20,62,119,83"/><U24/><E107/><V123/><F123/><W75/><G134/><T73/><D118/><N who="3" m="45097" /><G125/><T51/><D103/><U128/><E122/><V58/><F2/><W86/><G75/><T135/><D69/><U105/><E105/><V111/><F133/><W7/><G86/><T96/><D135/><U85/><E0/><V101/><F111/><W106/><G106/><T41/><D114/><U79/><E10/><V131/><F131/><W27/><G12/><T1/><D108/><U46/><E61/><V64/><F40/><W65/><G7/><T22/><D110/><U124/><E66/><V112/><F112/><W55/><G43/><T91/><D22/><U121/><E94/><V81/><F81/><W126/><G126/><T21/><D21/><U16/><E121/><V4/><F4/><W95/><G95/><T132/><D132/><U38/><E38/><V102/><F64/><W63/><G62/><T71/><D71/><U113/><E113/><V5/><F5/><W76/><G76/><T68/><D68/><U17/><E128/><V120/><F120/><W99/><G99/><T60/><D60/><U15/><E15/><V29/><F93/><W44/><G44/><N who="0" m="23591" /><D39/><U70/><E70/><V42/><F42/><W72/><G72/><N who="0" m="27755" /><D1/><U117/><E117/><V23/><F58/><W6/><G6/><T104/><D104/><U115/><E115/><V82/><F82/><W37/><G37/><T18/><D18/><AGARI ba="1,0" hai="18,20,27,45,48,55,56,63,65,80,83" m="45097" machi="18" ten="30,1000,0" yaku="12,1" doraHai="31" who="3" fromWho="0" sc="65,-13,472,0,164,0,299,13" /><INIT seed="6,0,0,5,1,124" ten="52,472,164,312" oya="2" hai0="106,123,42,89,31,49,52,91,44,38,22,35,11" hai1="68,83,126,59,99,0,103,111,3,19,79,65,104" hai2="129,30,33,134,47,87,5,84,75,29,98,24,37" hai3="17,132,43,9,115,58,80,74,1,15,116,94,34"/><V41/><F75/><W93/><G116/><T63/><D123/><U92/><E111/><V70/><F70/><W13/><G1/><T90/><D106/><U130/><E68/><V82/><F134/><W46/><G132/><T56/><D35/><U25/><E104/><V95/><F30/><W61/><G34/><T109/><D109/><U125/><E65/><V108/><F108/><W96/><G115/><T12/><D31/><U14/><E59/><V135/><F135/><W36/><G96/><T32/><D32/><U21/><E25/><V72/><F5/><W81/><G81/><T100/><D100/><U55/><E55/><V60/><F60/><W45/><G45/><T27/><D38/><U10/><E10/><V69/><F69/><W4/><G80/><T71/><D71/><U120/><E120/><V88/><F129/><W26/><G26/><T67/><D27/><U40/><E40/><V118/><F118/><W73/><G73/><T57/><D22/><U50/><E50/><V77/><AGARI ba="0,0" hai="24,29,33,37,41,47,72,77,82,84,87,88,95,98" machi="77" ten="30,3000,0" yaku="0,1,54,1" doraHai="124" who="2" fromWho="2" sc="52,-10,472,-10,164,30,312,-10" /><INIT seed="6,1,0,0,2,68" ten="42,462,194,302" oya="2" hai0="56,37,36,9,134,30,101,45,100,122,12,67,60" hai1="50,130,94,74,52,76,85,17,34,28,104,61,18" hai2="95,112,23,90,97,19,75,0,124,115,43,118,8" hai3="32,89,129,53,99,27,44,62,79,11,15,135,2"/><V35/><F35/><W114/><G2/><T14/><D122/><U119/><E104/><V4/><F75/><W66/><G129/><T5/><D134/><U69/><E74/><V1/><F118/><W84/><G135/><T127/><D127/><U46/><E119/><V54/><F124/><W55/><G79/><T102/><D30/><U31/><E130/><V83/><F54/><W39/><G99/><T133/><D133/><U49/><E34/><V24/><F83/><W82/><G114/><N who="2" m="43561" /><F43/><W125/><G125/><T48/><REACH who="0" step="1"/><D12/><AGARI ba="1,0" hai="0,1,4,8,12,19,23,24,90,95,97" m="43561" machi="12" ten="30,1500,0" yaku="15,1" doraHai="68" who="2" fromWho="0" sc="42,-18,462,0,194,18,302,0" /><INIT seed="6,2,0,2,0,71" ten="24,462,212,302" oya="2" hai0="81,69,94,9,123,101,72,29,112,77,111,6,62" hai1="75,17,26,127,108,36,1,90,102,135,42,3,79" hai2="113,78,32,131,92,116,33,40,88,58,89,104,74" hai3="49,5,70,28,37,57,52,54,4,96,35,126,51"/><V83/><F116/><W63/><G126/><T7/><D111/><U47/><E108/><V82/><F104/><W67/><G35/><T46/><D123/><U34/><E90/><V22/><F131/><W76/><G28/><T30/><D112/><U103/><E17/><V99/><F113/><W118/><G118/><T119/><D119/><U97/><E103/><V15/><F40/><W68/><G76/><T14/><D6/><U43/><E43/><V86/><REACH who="2" step="1"/><F58/><REACH who="2" ten="24,462,202,302" step="2"/><W129/><G129/><T53/><D69/><U85/><E42/><V18/><AGARI ba="2,1" hai="15,18,22,32,33,74,78,82,83,86,88,89,92,99" machi="18" ten="30,11700,0" yaku="1,1,2,1,0,1,54,1,53,0" doraHai="71" doraHaiUra="61" who="2" fromWho="2" sc="24,-41,462,-41,202,133,302,-41" owari="-17,-52.0,421,52.0,335,14.0,261,-14.0" /></mjloggm>