<mjloggm ver="2.3"><GO type="169" lobby="0"/><UN n0="%E3%81%92%E3%81%A3%E3%81%A1" n1="%E3%82%B3%E3%83%B3%E3%83%81%E2%85%A2" n2="%E3%82%A6%E3%83%AB%E3%83%88%E3%83%A9%E7%AB%8B%E7%9B%B4" n3="%E5%B9%B3%E4%BA%95%E9%8A%80%E4%BA%8C" dan="16,17,17,17" rate="2102.12,2182.13,2177.72,2184.91" sx="M,M,M,M"/><TAIKYOKU oya="0"/><INIT seed="0,0,0,1,2,83" ten="250,250,250,250" oya="0" hai0="127,55,50,68,2,130,27,34,123,60,49,64,81" hai1="116,25,46,84,38,32,102,119,93,66,92,88,97" hai2="90,78,31,86,110,124,98,128,120,5,18,82,43" hai3="6,30,131,62,23,22,117,69,104,11,79,41,121"/><T105/><D123/><U7/><E7/><V101/><F120/><W115/><G121/><T111/><D2/><U44/><E66/><V39/><F31/><W52/><G117/><T106/><D130/><U103/><E103/><V56/><F5/><W129/><G115/><T51/><D127/><U12/><E12/><V87/><F39/><W3/><G104/><T71/><D71/><U65/><E65/><V42/><F124/><W99/><G41/><T24/><D55/><U122/><E122/><V35/><F35/><W74/><G99/><T61/><D61/><U53/><E46/><V1/><F1/><W19/><G30/><T109/><D34/><U89/><E102/><V10/><F128/><N who="3" m="49227" /><G69/><T96/><D96/><U29/><REACH who="1" step="1"/><E53/><REACH who="1" ten="250,240,250,250" step="2"/><V28/><F101/><W75/><G52/><T72/><D105/><U36/><E36/><V100/><F110/><N who="0" m="41994" /><D106/><U9/><E9/><V80/><F56/><W13/><G11/><T58/><D58/><U0/><E0/><V108/><F108/><W114/><G3/><T37/><D37/><U14/><E14/><N who="2" m="7511" /><F43/><AGARI ba="0,1" hai="25,29,32,38,43,44,84,88,89,92,93,97,116,119" machi="43" ten="40,5200,0" yaku="1,1,52,1,54,1,53,0" doraHai="83" doraHaiUra="135" who="1" fromWho="2" sc="250,0,240,62,250,-52,250,0" /><INIT seed="1,0,0,3,0,6" ten="250,302,198,250" oya="1" hai0="122,26,75,91,66,74,79,116,20,8,108,28,33" hai1="81,73,127,34,13,104,31,90,54,76,30,112,105" hai2="0,85,51,29,10,97,52,118,124,132,95,71,70" hai3="50,60,16,3,129,32,110,27,38,36,101,89,96"/><U120/><E120/><V21/><F118/><W128/><G110/><T121/><D116/><U7/><E112/><V42/><F42/><W134/><G134/><T12/><D79/><U22/><E34/><V77/><F132/><W131/><G89/><T80/><D66/><U23/><E127/><V37/><F37/><W82/><G82/><T69/><D69/><U58/><E90/><V56/><F124/><W24/><G3/><T125/><D125/><U78/><E78/><V92/><F21/><N who="3" m="13351" /><G60/><T93/><D80/><U47/><E47/><V43/><F29/><N who="3" m="19519" /><G50/><T102/><D102/><U123/><E123/><N who="0" m="47113" /><D108/><U99/><E99/><V135/><F135/><W41/><G41/><T109/><D109/><U63/><E23/><V88/><F43/><W130/><N who="3" m="32768" /><DORA hai="14" /><W86/><G86/><N who="0" m="52471" /><D33/><U59/><E59/><V126/><F126/><W103/><G103/><T100/><D100/><U111/><E111/><V84/><F77/><W57/><G57/><T72/><D72/><U35/><E104/><AGARI ba="0,0" hai="36,38,96,101,104" m="32768,19519,13351" machi="104" ten="60,7700,0" yaku="19,1,52,1,54,1" doraHai="6,14" who="3" fromWho="1" sc="250,0,302,-77,198,0,250,77" /><INIT seed="2,0,0,5,2,32" ten="250,225,198,327" oya="2" hai0="123,105,61,92,25,2,110,97,55,99,107,116,37" hai1="4,29,68,23,117,33,111,101,9,112,78,14,54" hai2="75,57,125,113,135,70,65,5,49,3,0,66,69" hai3="22,131,100,90,71,72,16,109,60,91,122,6,13"/><V87/><F5/><W43/><G122/><T15/><D37/><U45/><E68/><N who="2" m="26219" /><F87/><W39/><G72/><T126/><D116/><U1/><E78/><V52/><F75/><W103/><G131/><T74/><D74/><U12/><E101/><V89/><F89/><W34/><G34/><T19/><D123/><U121/><E117/><V10/><F10/><W102/><G109/><T129/><D110/><U84/><E121/><V115/><F57/><W118/><G118/><T26/><D92/><U124/><E112/><N who="2" m="43083" /><F49/><W41/><G6/><T94/><D94/><U85/><E111/><V80/><F80/><W11/><G11/><T108/><D108/><U36/><E85/><V48/><F48/><W20/><G20/><T50/><D50/><U83/><E23/><V64/><F52/><W7/><G7/><T134/><D55/><U28/><E84/><V128/><F128/><W24/><G24/><T58/><D58/><U106/><E83/><V53/><F53/><W93/><G93/><T44/><D129/><U86/><E54/><V62/><F62/><W98/><G98/><T56/><D56/><U104/><E45/><V114/><N who="2" m="43091" /><V51/><DORA hai="88" /><F51/><W30/><G60/><T67/><D61/><U133/><E86/><V47/><F125/><W119/><G71/><T81/><D126/><U21/><E124/><V76/><F135/><W73/><G73/><T40/><D44/><U31/><E133/><V18/><F76/><W79/><G79/><T82/><D134/><U42/><E9/><V120/><F120/><W95/><G119/><T8/><D8/><RYUUKYOKU ba="0,0" sc="250,0,225,0,198,0,327,0" /><INIT seed="3,1,0,2,0,5" ten="250,225,198,327" oya="3" hai0="59,98,118,56,26,99,46,28,12,134,62,42,70" hai1="108,96,66,41,64,81,106,32,83,75,29,119,105" hai2="78,0,120,73,50,115,95,90,124,33,51,129,61" hai3="132,135,6,114,43,125,69,54,76,92,131,37,49"/><W27/><G114/><T123/><D118/><U79/><E41/><V39/><F33/><W65/><G131/><T8/><D70/><U45/><E45/><V112/><F39/><W34/><G125/><T60/><D134/><N who="3" m="51241" /><G76/><T53/><D123/><U21/><E21/><V3/><F78/><W55/><G37/><T93/><D46/><U72/><E29/><V11/><F95/><W31/><G43/><T10/><D12/><U121/><E32/><V14/><F14/><W2/><G92/><T103/><D98/><U71/><E71/><V4/><F4/><W22/><G34/><T122/><D42/><U128/><E96/><V13/><F13/><W74/><G74/><T117/><D117/><U111/><E119/><V25/><F73/><W86/><G86/><T15/><D15/><U35/><E35/><V7/><F7/><W102/><G102/><T52/><REACH who="0" step="1"/><D122/><REACH who="0" ten="240,225,198,327" step="2"/><U94/><E121/><V44/><F120/><W9/><G69/><T48/><D48/><U97/><E97/><V19/><F51/><W68/><G49/><T126/><D126/><U101/><E128/><V130/><F50/><W100/><G100/><T127/><D127/><U36/><E101/><V57/><F124/><W82/><G68/><T88/><D88/><U87/><E36/><V116/><F90/><W58/><G58/><T107/><D107/><U23/><E106/><V40/><F116/><W133/><G133/><T67/><D67/><U17/><E105/><V113/><F130/><W47/><G65/><T109/><D109/><U24/><E111/><V20/><F129/><W63/><G47/><RYUUKYOKU ba="1,1" sc="240,30,225,-10,198,-10,327,-10" hai0="8,10,26,28,52,53,56,59,60,62,93,99,103" /><INIT seed="4,2,1,4,1,80" ten="270,215,188,317" oya="0" hai0="88,86,113,120,33,32,30,94,59,16,13,77,1" hai1="126,9,50,102,62,87,60,81,17,70,15,19,103" hai2="107,132,122,20,6,114,41,119,34,109,47,89,38" hai3="91,18,45,12,125,48,71,66,23,43,35,101,72"/><T14/><D1/><U40/><E126/><V42/><F34/><W100/><G125/><T75/><D120/><U99/><E70/><V128/><F107/><W74/><G35/><T117/><D117/><U98/><E19/><V21/><F109/><W131/><G131/><T110/><D30/><U69/><E69/><V28/><F122/><W67/><G72/><T27/><D110/><U118/><E118/><V24/><F119/><W53/><G74/><T7/><D27/><U104/><E50/><V134/><F6/><W129/><G129/><T130/><D130/><U58/><E40/><N who="2" m="22935" /><F128/><W25/><G71/><T76/><D33/><U31/><E31/><V90/><F21/><N who="3" m="11463" /><G43/><N who="2" m="16393" /><F114/><W79/><G79/><T95/><D32/><U106/><REACH who="1" step="1"/><E58/><REACH who="1" ten="270,205,188,317" step="2"/><V93/><F93/><W44/><G44/><T56/><D95/><U65/><E65/><N who="3" m="24586" /><G91/><AGARI ba="2,2" hai="9,15,17,60,62,81,87,91,98,99,102,103,104,106" machi="91" ten="30,7700,0" yaku="1,1,7,1,9,1,52,1,53,0" doraHai="80" doraHaiUra="112" who="1" fromWho="3" sc="270,0,205,103,188,0,317,-83" /><INIT seed="5,0,0,4,0,26" ten="270,308,188,234" oya="1" hai0="110,79,1,29,101,13,2,105,76,134,98,132,63" hai1="6,113,18,33,85,51,77,99,35,123,27,50,125" hai2="67,75,4,58,59,80,111,89,9,131,107,41,12" hai3="112,69,40,14,73,34,57,124,46,37,96,20,118"/><U49/><E123/><V88/><F111/><W31/><G69/><T87/><D110/><U108/><E108/><V54/><F107/><W109/><G109/><T19/><D63/><U61/><E6/><V133/><F131/><W45/><G73/><T86/><D29/><U70/><E99/><V48/><F133/><N who="0" m="51306" /><D86/><U102/><E102/><V92/><F41/><W116/><G112/><T126/><D126/><U120/><E120/><V0/><F0/><N who="0" m="106" /><D87/><U64/><E125/><V130/><F130/><W122/><G124/><T103/><D103/><U21/><REACH who="1" step="1"/><E113/><REACH who="1" ten="270,298,188,234" step="2"/><V100/><F100/><W7/><G96/><T129/><D129/><U17/><E17/><V32/><F4/><W39/><G7/><T94/><D105/><U119/><E119/><V84/><F89/><W62/><G122/><T106/><D106/><U15/><E15/><V44/><F88/><W55/><G116/><T104/><D104/><U95/><E95/><V66/><F12/><W28/><G118/><T128/><D128/><U42/><E42/><V8/><F92/><W72/><G14/><T3/><D3/><U121/><E121/><V52/><F80/><AGARI ba="0,1" hai="18,21,27,33,35,49,50,51,61,64,70,77,80,85" machi="80" ten="40,2000,0" yaku="1,1,53,0" doraHai="26" doraHaiUra="68" who="1" fromWho="2" sc="270,0,298,30,188,-20,234,0" /><INIT seed="5,1,0,0,2,37" ten="270,328,168,234" oya="1" hai0="5,52,26,55,47,107,16,106,49,130,110,46,20" hai1="99,102,64,123,65,32,23,87,1,7,66,92,41" hai2="60,69,50,97,57,29,30,43,101,54,132,109,131" hai3="17,90,96,11,105,82,85,126,4,0,45,112,91"/><U62/><E32/><V27/><F109/><W84/><G112/><T93/><D110/><U12/><E1/><V21/><F131/><W72/><G72/><T108/><D108/><U6/><E123/><V39/><F132/><W122/><G122/><T18/><D130/><U71/><E87/><V40/><F39/><W67/><G126/><T117/><D117/><U88/><E102/><V51/><F30/><W15/><G67/><T124/><D5/><U81/><E81/><V31/><F31/><W56/><G56/><T95/><D124/><U53/><E41/><N who="2" m="15947" /><F69/><W2/><G4/><T25/><D49/><N who="2" m="18442" /><F97/><W70/><G70/><T19/><D19/><N who="1" m="10727" /><E71/><V36/><F36/><W127/><G127/><T121/><D121/><U135/><E135/><V59/><F59/><AGARI ba="1,0" hai="6,7,53,59,62,64,65,66,88,92,99" m="10727" machi="59" ten="30,2900,0" yaku="8,1,54,1" doraHai="37" who="1" fromWho="2" sc="270,0,328,32,168,-32,234,0" /><INIT seed="5,2,0,2,3,109" ten="270,360,136,234" oya="1" hai0="118,127,97,58,99,121,128,50,115,24,21,68,135" hai1="28,47,85,90,32,27,79,91,129,20,64,30,131" hai2="132,120,133,26,22,52,33,46,110,51,59,88,65" hai3="43,75,103,29,81,4,37,102,116,123,112,34,11"/><U96/><E79/><V108/><F33/><W13/><G123/><T54/><D97/><U0/><E0/><V104/><F104/><W117/><G102/><T80/><D99/><U77/><E77/><V9/><F9/><W18/><G103/><T105/><D80/><U70/><E96/><V8/><F8/><N who="3" m="6439" /><G81/><T126/><D105/><U63/><E47/><V45/><F22/><W83/><G83/><T14/><D14/><U40/><E40/><V7/><F26/><N who="3" m="18743" /><G43/><T114/><D21/><U74/><E74/><V84/><F7/><W92/><G92/><T101/><D24/><N who="1" m="18503" /><E85/><V6/><F6/><W72/><G37/><T71/><D101/><U124/><E124/><N who="0" m="47657" /><D121/><U67/><E64/><V125/><F125/><W44/><G44/><N who="2" m="17001" /><F120/><W111/><G72/><T16/><D16/><U42/><E42/><V100/><F100/><W78/><G78/><T106/><D106/><U55/><E55/><V48/><F88/><W5/><G75/><T53/><D118/><U98/><E98/><V107/><F107/><W134/><G116/><T130/><D54/><U19/><E28/><V49/><F84/><W57/><G117/><T82/><D82/><U31/><E31/><V113/><F65/><W86/><G86/><T25/><D25/><U3/><E3/><V66/><F66/><W119/><G119/><T38/><D38/><U39/><E39/><V61/><F113/><N who="0" m="43018" /><D135/><AGARI ba="2,0" hai="48,49,51,52,59,61,108,110,132,133,135" m="17001" machi="135" ten="30,7700,0" yaku="20,1,34,2,54,1" doraHai="109" who="2" fromWho="0" sc="270,-83,360,0,136,83,234,0" /><INIT seed="6,0,0,0,0,20" ten="187,360,219,234" oya="2" hai0="105,134,22,52,10,19,51,15,114,14,131,53,17" hai1="24,132,129,95,54,5,3,103,128,39,97,35,41" hai2="46,86,30,108,50,85,48,63,8,118,31,91,72" hai3="89,44,100,116,11,90,87,106,7,58,81,1,126"/><V12/><F72/><W133/><G116/><T71/><D105/><U55/><E132/><V113/><F118/><W112/><G133/><T64/><D134/><U94/><E5/><V43/><F113/><W26/><G112/><T18/><D114/><U78/><E78/><V47/><F63/><W70/><G70/><T33/><D33/><U84/><E3/><V25/><F108/><W67/><G126/><T37/><D37/><U99/><E84/><V79/><F79/><W69/><G69/><T40/><D131/><N who="1" m="50251" /><E41/><V83/><F86/><W45/><G89/><T60/><REACH who="0" step="1"/><D19/><REACH who="0" ten="177,360,219,234" step="2"/><U21/><E35/><V120/><F120/><W110/><G106/><T92/><D92/><U117/><E39/><V2/><F2/><W57/><G1/><T125/><D125/><U6/><E117/><V34/><F31/><W61/><G110/><T28/><D28/><N who="1" m="17423" /><E6/><V109/><F109/><W123/><G7/><T27/><D27/><U102/><AGARI ba="0,1" hai="54,55,94,95,97,99,102,103" m="17423,50251" machi="102" ten="30,2000,0" yaku="19,1,52,1" doraHai="20" who="1" fromWho="1" sc="177,-5,360,30,219,-10,234,-5" /><INIT seed="7,0,0,3,2,98" ten="172,390,209,229" oya="3" hai0="103,105,18,95,59,0,16,64,11,48,104,101,29" hai1="42,71,43,100,89,116,86,90,108,60,14,117,27" hai2="46,8,40,51,114,37,124,127,113,131,78,118,1" hai3="84,126,121,31,106,134,6,75,92,25,13,30,119"/><W133/><G121/><T24/><D105/><U10/><E108/><V96/><F118/><N who="1" m="45673" /><E27/><V83/><F131/><W132/><G119/><T125/><D104/><U39/><E100/><N who="0" m="38473" /><D125/><N who="2" m="48202" /><F96/><W88/><G126/><T50/><D95/><N who="1" m="54711" /><E90/><V53/><F8/><N who="3" m="4247" /><G106/><T67/><D0/><U41/><E60/><V15/><F15/><W58/><G75/><T115/><D115/><N who="2" m="44042" /><F1/><W54/><G25/><T123/><D123/><U57/><E57/><N who="2" m="32959" /><F83/><W20/><G20/><N who="0" m="15495" /><D11/><U135/><E71/><V45/><F45/><W107/><G107/><T81/><D81/><U23/><E23/><V9/><F9/><W112/><G112/><T33/><D33/><U49/><E39/><V72/><F72/><W55/><G132/><T17/><D59/><U122/><E122/><V74/><F74/><W4/><G58/><T79/><D79/><AGARI ba="0,0" hai="37,40,46,78,79" m="32959,44042,48202" machi="79" ten="30,2000,0" yaku="18,1,15,1" doraHai="98" who="2" fromWho="0" sc="172,-20,390,0,209,20,229,0" owari="152,-35.0,390,49.0,229,3.0,229,-17.0" /></mjloggm>