<mjloggm ver="2.3"><GO type="225" lobby="0"/><UN n0="%E5%AE%AE%E6%B0%B8%E7%85%A7%EF%BC%A0%E7%99%BD%E7%B3%B8%E5%8F%B0" n1="%E3%82%A6%E3%83%AB%E3%83%88%E3%83%A9%E7%AB%8B%E7%9B%B4" n2="%E3%82%B4%E3%83%9F%E3%82%AF%E3%82%BA%E4%B8%83%E6%AE%B5" n3="%6C%6F%4A%61%73%6B%69%6E" dan="16,17,16,17" rate="2072.24,2150.18,2171.61,2176.16" sx="M,M,F,M"/><TAIKYOKU oya="0"/><INIT seed="0,0,0,3,1,89" ten="250,250,250,250" oya="0" hai0="72,5,11,71,123,70,37,110,132,59,131,91,55" hai1="87,53,65,13,64,111,85,52,54,134,127,130,117" hai2="101,51,22,108,58,2,43,49,106,66,95,94,67" hai3="122,7,39,30,25,36,10,50,78,12,47,33,32"/><T40/><D123/><U16/><E117/><V103/><F2/><W77/><G122/><T120/><D120/><U125/><E111/><V17/><F108/><W92/><G33/><T26/><D110/><U27/><E27/><N who="2" m="14799" /><F106/><W3/><G3/><T19/><D72/><U105/><E105/><V100/><F43/><W76/><REACH who="3" step="1"/><G92/><REACH who="3" ten="250,250,250,240" step="2"/><N who="2" m="35369" /><F58/><W63/><G63/><T4/><D59/><U90/><E130/><V82/><F82/><W60/><G60/><T109/><D131/><U104/><E104/><V18/><F18/><W68/><G68/><T114/><D19/><U97/><E134/><V48/><AGARI ba="0,1" hai="48,49,51,66,67,100,101,103" m="35369,14799" machi="48" ten="40,8000,1" yaku="8,1,52,3" doraHai="89" who="2" fromWho="2" sc="250,-40,250,-20,250,90,240,-20" /><INIT seed="1,0,0,4,5,73" ten="210,230,340,220" oya="1" hai0="12,64,2,118,86,9,122,17,61,115,98,124,59" hai1="58,134,60,120,35,65,22,84,32,18,1,85,27" hai2="119,20,103,44,39,126,67,36,30,129,71,111,56" hai3="62,78,105,79,108,132,15,91,72,28,110,54,104"/><U113/><E113/><V87/><F119/><W66/><G72/><T52/><D118/><U21/><E120/><V100/><F111/><N who="3" m="42539" /><G132/><T90/><D122/><U3/><E134/><V6/><F44/><W41/><G54/><T101/><D124/><U75/><E75/><V77/><F20/><W31/><G41/><T102/><D115/><U49/><E49/><V19/><F100/><W107/><G91/><T8/><D98/><U16/><E1/><V133/><F19/><W48/><G48/><T114/><D114/><U33/><REACH who="1" step="1"/><E3/><REACH who="1" ten="210,220,340,220" step="2"/><V123/><F123/><W25/><G15/><AGARI ba="0,1" hai="15,16,18,21,22,27,32,33,35,58,60,65,84,85" machi="15" ten="40,12000,1" yaku="1,1,2,1,54,1,53,1" doraHai="73" doraHaiUra="10" who="1" fromWho="3" sc="210,0,220,130,340,0,220,-120" /><INIT seed="1,1,0,2,2,7" ten="210,350,340,100" oya="1" hai0="70,123,133,16,72,1,68,104,5,30,79,74,99" hai1="100,0,101,55,81,93,125,117,75,2,59,50,130" hai2="119,36,8,35,47,20,111,31,113,19,116,77,80" hai3="108,66,98,24,126,67,110,22,51,54,90,92,85"/><U135/><E117/><V82/><F111/><W84/><G126/><T9/><D30/><U37/><E125/><V39/><F113/><W96/><G110/><T124/><D16/><U25/><E130/><V87/><F8/><W127/><G108/><T27/><D27/><U95/><E37/><V88/><F31/><W56/><G127/><T103/><D124/><U91/><E135/><V131/><F35/><W94/><G84/><T17/><D17/><U118/><E118/><V42/><F36/><W69/><G69/><N who="0" m="26731" /><D133/><U112/><E112/><V97/><F131/><W120/><G120/><T129/><D129/><U38/><E38/><V3/><F3/><W106/><G106/><T45/><D45/><U134/><E134/><V102/><F102/><W64/><REACH who="3" step="1"/><G94/><REACH who="3" ten="210,350,340,90" step="2"/><T122/><D74/><U13/><E95/><V18/><F18/><AGARI ba="1,1" hai="18,22,24,51,54,56,64,66,67,85,90,92,96,98" machi="18" ten="40,12000,2" yaku="1,1,2,1,8,1,53,3" doraHai="7" doraHaiUra="63" who="3" fromWho="2" sc="210,0,350,0,340,-123,90,133" /><INIT seed="2,0,0,4,1,103" ten="210,350,217,223" oya="2" hai0="78,50,117,134,135,2,15,119,80,28,75,59,45" hai1="38,126,10,32,56,132,44,47,92,110,108,12,58" hai2="65,22,49,19,73,127,57,121,87,98,21,118,70" hai3="9,33,17,86,79,101,120,29,51,77,104,54,76"/><V64/><F118/><N who="0" m="45066" /><D2/><U3/><E3/><V83/><F121/><W8/><G29/><T113/><D28/><U26/><E92/><V42/><F73/><W111/><G33/><T23/><D59/><U69/><E69/><V13/><F127/><W7/><G111/><T81/><D81/><U1/><E1/><V84/><F70/><W11/><G17/><N who="0" m="10687" /><D113/><U122/><E126/><V100/><F22/><W60/><G7/><T63/><D63/><U114/><E32/><V97/><F87/><W18/><G60/><T41/><AGARI ba="0,0" hai="41,45,50,75,78,80,134,135" m="10687,45066" machi="41" ten="30,1100,0" yaku="12,1" doraHai="103" who="0" fromWho="0" sc="210,11,350,-3,217,-5,223,-3" /><INIT seed="3,0,0,5,0,79" ten="221,347,212,220" oya="3" hai0="128,64,15,101,76,89,62,29,119,109,88,63,108" hai1="113,25,6,135,24,51,31,53,32,21,102,16,48" hai2="74,20,45,8,23,56,73,93,34,67,78,130,123" hai3="9,104,44,3,0,12,121,36,1,127,116,122,10"/><W35/><G116/><T87/><D101/><U59/><E113/><V129/><F34/><W42/><G104/><T5/><D128/><N who="2" m="49258" /><F123/><W33/><G127/><T61/><D29/><U91/><E135/><V14/><F45/><W39/><G44/><T106/><D106/><U7/><E102/><V81/><F93/><W105/><G105/><T49/><D49/><U11/><E91/><V110/><F110/><W77/><G77/><T107/><D107/><U80/><E80/><V118/><F118/><W37/><G42/><T90/><D119/><U28/><E51/><V38/><F38/><W69/><G69/><T19/><D5/><U114/><E114/><V65/><F74/><W46/><G46/><T18/><D64/><N who="2" m="24650" /><F56/><W55/><G55/><T86/><D109/><U17/><E6/><AGARI ba="0,0" hai="6,8,14,20,23,73,78,81" m="24650,49258" machi="6" ten="30,2000,0" yaku="19,1,52,1" doraHai="79" who="2" fromWho="1" sc="221,0,347,-20,212,20,220,0" owari="221,-18.0,327,43.0,232,3.0,220,-28.0" /></mjloggm>