<mjloggm ver="2.3"><GO type="169" lobby="0"/><UN n0="%E5%8F%8A%E5%B7%9D%E5%86%B0%E9%BA%97" n1="%E5%B0%B1%E6%B4%BB%E7%94%9F%40%E5%B7%9D%E6%9D%91%E8%BB%8D%E5%9B%A3" n2="%E3%82%8A%E3%82%81%E3%82%8D" n3="%E3%82%BC%E3%83%A9%E3%82%B9" dan="16,17,17,16" rate="2092.64,2169.01,2137.34,2071.77" sx="F,M,F,M"/><TAIKYOKU oya="0"/><INIT seed="0,0,0,0,5,77" ten="250,250,250,250" oya="0" hai0="36,118,74,19,21,67,71,44,54,125,43,30,9" hai1="83,86,104,31,89,132,64,66,82,2,18,124,33" hai2="58,65,20,29,1,134,110,55,23,73,114,135,26" hai3="94,41,7,121,112,8,105,38,46,115,122,123,62"/><T17/><D118/><U3/><E104/><V101/><F114/><W59/><G105/><T87/><D74/><U102/><E102/><V111/><F1/><W93/><G93/><T127/><D54/><U13/><E124/><N who="0" m="47689" /><D9/><U5/><E132/><N who="2" m="50731" /><F101/><W100/><G94/><T60/><D87/><U37/><E37/><V35/><F65/><N who="3" m="39135" /><G100/><T92/><D92/><U12/><E3/><AGARI ba="0,0" hai="3,7,8,38,41,46,112,115,121,122,123" m="39135" machi="3" ten="30,1000,0" yaku="13,1" doraHai="77" who="3" fromWho="1" sc="250,0,250,-10,250,0,250,10" /><INIT seed="1,0,0,0,5,22" ten="250,240,250,260" oya="1" hai0="99,28,17,36,95,90,50,112,76,40,31,133,75" hai1="125,58,27,52,128,38,113,49,48,8,111,120,43" hai2="45,5,86,135,117,80,79,54,66,18,11,108,97" hai3="134,30,24,34,130,73,60,56,78,2,32,82,123"/><U71/><E120/><V109/><F117/><W53/><G123/><T126/><D36/><U124/><E113/><V3/><F135/><W19/><G134/><T116/><D112/><U129/><E71/><V29/><F66/><W4/><G130/><N who="1" m="50282" /><E8/><V35/><F97/><W103/><G103/><T61/><D116/><U85/><E85/><V132/><F132/><W65/><G19/><T91/><D75/><U87/><E87/><V118/><F118/><W131/><G131/><T96/><D76/><U0/><E0/><V14/><F54/><W46/><G4/><T68/><D133/><U94/><E94/><V104/><F45/><W51/><REACH who="3" step="1"/><G2/><REACH who="3" ten="250,240,250,250" step="2"/><T37/><D17/><U101/><E101/><V1/><F1/><W98/><G98/><T44/><D99/><U13/><E13/><V62/><F3/><W59/><G59/><T81/><D96/><U114/><E114/><V77/><F14/><W6/><G6/><T33/><D68/><U122/><E122/><V105/><F5/><W63/><G63/><T84/><D61/><N who="1" m="36039" /><E27/><V7/><F105/><W25/><G25/><T119/><D119/><U64/><E111/><V67/><F108/><W70/><G70/><T23/><D84/><U127/><E64/><V26/><F67/><W102/><G102/><T115/><D115/><U9/><E9/><V39/><F109/><W15/><G15/><T72/><D72/><U55/><E55/><V12/><F11/><W88/><G88/><T20/><D91/><U92/><E92/><V110/><F12/><W107/><G107/><T57/><D95/><U21/><E127/><RYUUKYOKU ba="0,1" sc="250,-10,240,-10,250,-10,250,30" hai3="24,30,32,34,46,51,53,56,60,65,73,78,82" /><INIT seed="2,1,1,3,1,113" ten="240,230,240,280" oya="2" hai0="6,47,135,68,57,66,64,70,2,97,25,122,23" hai1="108,65,73,35,88,96,109,28,11,103,36,75,4" hai2="5,21,106,80,32,115,37,58,24,50,71,15,117" hai3="89,100,69,102,27,118,105,12,77,134,1,98,81"/><V101/><F115/><W8/><G69/><T93/><D122/><U52/><E36/><V18/><F71/><W49/><G134/><T60/><D135/><U79/><E65/><V116/><F37/><W41/><G1/><T67/><D47/><U61/><E79/><V54/><F80/><W114/><G114/><T107/><D107/><U87/><E28/><V82/><F32/><W10/><G102/><T127/><D127/><U104/><E35/><V17/><F5/><W125/><G125/><T33/><D33/><U29/><E29/><V30/><F30/><W22/><G118/><T123/><D123/><U20/><E20/><V43/><F43/><W132/><G132/><T83/><D83/><U121/><E121/><V99/><REACH who="2" step="1"/><F82/><REACH who="2" ten="240,230,230,280" step="2"/><W16/><G41/><T3/><D6/><U26/><E108/><V56/><F56/><W126/><G126/><T46/><D70/><U62/><E109/><V34/><F34/><W129/><G81/><T55/><D68/><U111/><E111/><V0/><F0/><W45/><G77/><T133/><D133/><U48/><E75/><V14/><F14/><W51/><G45/><T40/><D40/><U94/><E73/><V120/><F120/><W112/><G112/><T19/><D46/><U78/><E78/><V84/><F84/><W95/><G12/><T44/><D44/><U31/><E31/><V110/><F110/><W39/><G39/><T119/><D119/><U13/><E26/><V76/><F76/><W131/><G27/><T59/><D59/><AGARI ba="1,2" hai="4,11,13,48,52,59,61,62,87,88,94,96,103,104" machi="59" ten="30,3900,0" yaku="7,1,54,2" doraHai="113" who="1" fromWho="0" sc="240,-42,230,62,230,0,280,0" /><INIT seed="3,0,0,2,1,46" ten="198,292,230,280" oya="3" hai0="116,104,111,98,113,2,72,127,135,16,80,92,79" hai1="125,25,18,130,3,88,103,109,68,54,23,133,48" hai2="100,11,131,120,123,85,76,51,134,118,121,17,28" hai3="115,43,6,83,129,56,33,81,57,45,58,53,106"/><W39/><G106/><T132/><D2/><U42/><E3/><V78/><F118/><W69/><G115/><T110/><D16/><U29/><E68/><V20/><F134/><N who="0" m="51242" /><D116/><U50/><E133/><V91/><F131/><W38/><G129/><T119/><D119/><U19/><E130/><V73/><F73/><W1/><G33/><T74/><D113/><U61/><E103/><V112/><F112/><W14/><G1/><T99/><D127/><U47/><E109/><N who="0" m="41481" /><D104/><U90/><E61/><V31/><F11/><W15/><G69/><T8/><D8/><U55/><E42/><V71/><F71/><W5/><G39/><T95/><D74/><U44/><E125/><V22/><F100/><W117/><G117/><T86/><D72/><U122/><E122/><V60/><F28/><W66/><G66/><T105/><D105/><U40/><E40/><V52/><F31/><W30/><G30/><T89/><D79/><N who="2" m="30250" /><F17/><AGARI ba="0,0" hai="17,18,19,23,25,29,44,47,48,50,54,55,88,90" machi="17" ten="40,8000,1" yaku="9,1,8,1,52,2,54,1" doraHai="46" who="1" fromWho="2" sc="198,0,292,80,230,-80,280,0" /><INIT seed="4,0,0,1,0,79" ten="198,372,150,280" oya="0" hai0="20,116,5,125,70,80,31,115,23,135,11,16,134" hai1="50,78,112,24,66,13,127,41,132,59,102,75,71" hai2="42,108,62,44,69,37,58,36,19,101,32,121,90" hai3="63,91,106,85,28,94,61,72,126,98,96,30,45"/><T3/><D70/><U111/><E111/><V120/><F108/><W73/><G45/><T130/><D116/><U97/><E71/><V9/><F32/><W114/><G126/><T27/><D125/><U47/><E127/><V22/><F101/><W93/><G114/><T123/><D115/><U133/><E112/><V68/><F9/><W65/><G106/><T49/><D49/><U17/><E24/><V2/><F2/><W86/><G91/><T109/><D109/><U88/><E66/><AGARI ba="0,0" hai="28,30,61,63,65,66,72,73,85,86,93,94,96,98" machi="66" ten="25,1600,0" yaku="22,2" doraHai="79" who="3" fromWho="1" sc="198,0,372,-16,150,0,280,16" /><INIT seed="5,0,0,0,2,67" ten="198,356,150,296" oya="1" hai0="2,122,86,90,111,6,52,5,0,107,46,98,32" hai1="103,124,35,39,54,68,58,135,70,63,91,76,96" hai2="1,114,116,34,120,127,95,126,30,62,28,10,133" hai3="15,59,66,78,7,65,99,20,33,4,48,110,129"/><U8/><E35/><V37/><F120/><W53/><G110/><T36/><D122/><U128/><E39/><V13/><F116/><W18/><G33/><T125/><D32/><U104/><E76/><V14/><F37/><W12/><G129/><T17/><D111/><U115/><E115/><V38/><F38/><W130/><G130/><T89/><D125/><N who="2" m="47626" /><F95/><W69/><G69/><T85/><D36/><U94/><E128/><V123/><F123/><W119/><G119/><T50/><D107/><U11/><E124/><V101/><F101/><W55/><G78/><T80/><D98/><U74/><E74/><V51/><F51/><N who="3" m="31167" /><G99/><T29/><D29/><N who="2" m="11370" /><F114/><W56/><G12/><N who="2" m="4713" /><F62/><W61/><G61/><T102/><D102/><U60/><E60/><V24/><F133/><W117/><G117/><T49/><D17/><U83/><E135/><V79/><F79/><W100/><G100/><T75/><D75/><U88/><E83/><V134/><F134/><W87/><G87/><T81/><REACH who="0" step="1"/><D50/><REACH who="0" ten="188,356,150,296" step="2"/><U84/><E104/><V16/><F34/><W21/><G20/><T112/><D112/><U45/><E103/><V77/><F77/><W3/><G3/><AGARI ba="0,1" hai="0,2,3,5,6,46,49,52,80,81,85,86,89,90" machi="3" ten="40,5200,0" yaku="1,1,9,1,54,1,53,0" doraHai="67" doraHaiUra="106" who="0" fromWho="3" sc="188,62,356,0,150,0,296,-52" /><INIT seed="6,0,0,5,2,89" ten="250,356,150,244" oya="2" hai0="37,130,96,133,10,72,107,90,39,26,59,53,2" hai1="21,14,78,117,131,43,64,118,115,93,85,35,77" hai2="40,132,97,12,73,102,11,65,29,24,70,126,57" hai3="49,86,75,41,109,101,28,30,34,68,15,121,8"/><V20/><F73/><W129/><G75/><T62/><D72/><U119/><E35/><V123/><F123/><W6/><G68/><T67/><D133/><U33/><E33/><V98/><F132/><W27/><G121/><T66/><D130/><U80/><E115/><V51/><F126/><W19/><G129/><T116/><D116/><U88/><E131/><V111/><F111/><W110/><G101/><T56/><D107/><U84/><E43/><V22/><F70/><W50/><G86/><T7/><D67/><U46/><E46/><V36/><F36/><W92/><G92/><T113/><D113/><U134/><E134/><V23/><F40/><W99/><G99/><T82/><D26/><U76/><E64/><V125/><F125/><W38/><G38/><T58/><D58/><U17/><AGARI ba="0,0" hai="14,17,21,76,77,78,80,84,85,88,93,117,118,119" machi="17" ten="40,5200,0" yaku="0,1,52,1,54,1" doraHai="89" who="1" fromWho="1" sc="250,-13,356,52,150,-26,244,-13" /><INIT seed="7,0,0,3,0,26" ten="237,408,124,231" oya="3" hai0="4,65,118,51,71,111,52,2,85,60,28,19,89" hai1="101,115,57,72,67,106,87,94,98,102,45,27,24" hai2="93,104,133,68,82,30,59,127,107,46,79,128,74" hai3="58,116,53,31,55,62,47,43,69,3,109,112,49"/><W20/><G3/><T132/><D111/><U121/><E121/><V78/><F68/><W108/><G31/><T37/><D37/><U50/><E72/><V123/><F123/><W75/><G20/><T110/><D110/><N who="3" m="42601" /><G75/><T56/><D132/><U99/><E115/><V91/><F133/><W61/><G112/><T103/><D118/><U9/><E9/><V120/><F120/><W119/><G69/><T10/><D103/><U32/><E32/><V95/><F46/><W33/><G33/><T90/><D19/><U130/><E130/><V117/><F59/><AGARI ba="0,0" hai="43,47,49,53,55,58,59,61,62,116,119" m="42601" machi="59" ten="30,5800,0" yaku="10,1,34,2" doraHai="26" who="3" fromWho="2" sc="237,0,408,0,124,-58,231,58" /><INIT seed="7,1,0,3,0,46" ten="237,408,66,289" oya="3" hai0="91,101,110,5,40,10,128,72,124,135,113,43,13" hai1="24,47,25,19,89,59,123,76,37,52,109,78,86" hai2="111,69,95,31,119,118,131,68,98,88,114,84,20" hai3="130,45,61,121,102,105,62,85,108,107,55,127,39"/><W4/><G121/><T92/><D135/><U81/><E109/><V41/><F41/><W36/><G4/><T32/><D110/><U112/><E112/><V53/><F111/><W33/><G108/><T50/><D72/><U117/><E123/><V21/><F114/><W58/><G33/><T23/><D113/><U129/><E129/><V16/><F131/><W27/><G130/><T73/><D32/><U57/><E117/><V83/><F119/><W11/><G27/><N who="1" m="10314" /><E37/><V29/><F118/><W126/><G11/><T17/><D128/><U64/><E19/><V30/><F21/><W51/><G85/><T26/><D124/><N who="3" m="47657" /><G102/><T100/><D73/><U66/><E47/><V8/><F8/><W54/><G105/><T38/><D38/><N who="3" m="14377" /><G107/><T9/><D9/><U87/><E59/><V70/><F53/><W75/><G75/><T2/><D2/><U116/><E116/><V6/><F6/><W44/><G44/><T60/><D101/><U94/><E78/><V103/><F31/><W122/><G122/><T28/><D100/><U18/><E18/><V93/><F93/><W56/><G56/><T125/><D125/><U1/><E1/><V15/><AGARI ba="1,0" hai="15,16,20,29,30,68,69,70,83,84,88,95,98,103" machi="15" ten="30,4000,0" yaku="0,1,54,2" doraHai="46" who="2" fromWho="2" sc="237,-11,408,-11,66,43,289,-21" owari="226,-17.0,397,49.0,109,-39.0,268,7.0" /></mjloggm>