<mjloggm ver="2.3"><GO type="169" lobby="0"/><UN n0="%E6%9C%AC%E3%81%AE%E8%99%AB" n1="%E3%82%A6%E3%83%AB%E3%83%88%E3%83%A9%E7%AB%8B%E7%9B%B4" n2="%E2%80%A0%41%71%75%61%E2%80%A0" n3="%E3%81%91%E3%82%93%31%39%37%30" dan="16,18,16,16" rate="2069.48,2173.21,2114.13,2149.68" sx="M,M,M,M"/><TAIKYOKU oya="0"/><INIT seed="0,0,0,1,1,84" ten="250,250,250,250" oya="0" hai0="30,50,117,76,81,40,0,44,45,5,97,60,85" hai1="134,59,6,68,110,27,70,9,114,31,15,119,82" hai2="56,94,89,66,39,49,87,13,108,88,99,127,18" hai3="36,107,12,16,112,69,4,17,54,116,132,78,43"/><T24/><D117/><U47/><E119/><V62/><F39/><W51/><G69/><T3/><D5/><U22/><E110/><V14/><F108/><W35/><G35/><T92/><D60/><U42/><E134/><V58/><F127/><W29/><G29/><T19/><D19/><U130/><E130/><V128/><F128/><W122/><G107/><T120/><D45/><U106/><E106/><V91/><F87/><W131/><G132/><T28/><D120/><U7/><E114/><V53/><F13/><W105/><G105/><T100/><REACH who="0" step="1"/><D30/><REACH who="0" ten="240,250,250,250" step="2"/><U48/><E6/><V121/><F121/><W26/><G16/><T23/><AGARI ba="0,1" hai="0,3,23,24,28,40,44,50,76,81,85,92,97,100" machi="23" ten="20,7800,0" yaku="1,1,2,1,0,1,7,1,53,0" doraHai="84" doraHaiUra="63" who="0" fromWho="0" sc="240,88,250,-26,250,-26,250,-26" /><INIT seed="0,1,0,1,5,67" ten="328,224,224,224" oya="0" hai0="26,42,19,27,0,21,83,49,16,29,87,13,40" hai1="72,93,54,46,129,18,103,127,134,2,71,70,97" hai2="3,113,10,48,74,131,39,120,88,50,104,60,61" hai3="53,85,25,66,69,122,41,115,133,76,52,112,51"/><T77/><D0/><U23/><E72/><V7/><F104/><W5/><G5/><T33/><REACH who="0" step="1"/><D49/><REACH who="0" ten="318,224,224,224" step="2"/><U43/><E2/><V99/><F50/><W12/><G51/><T128/><D128/><U68/><E129/><V82/><F48/><W17/><G115/><T135/><D135/><U124/><E134/><V96/><F131/><W116/><G112/><T106/><D106/><U28/><E54/><V20/><F113/><W75/><G52/><T108/><D108/><U64/><E64/><V65/><F65/><W78/><G53/><T81/><D81/><U80/><E80/><V101/><F82/><W1/><G1/><T92/><D92/><U121/><E121/><V62/><F120/><W44/><G133/><T111/><D111/><U102/><E46/><V130/><F130/><W105/><G105/><T22/><AGARI ba="1,1" hai="13,16,19,21,22,26,27,29,33,40,42,77,83,87" machi="22" ten="20,7800,0" yaku="1,1,0,1,7,1,54,1,53,0" doraHai="67" doraHaiUra="4" who="0" fromWho="0" sc="318,91,224,-27,224,-27,224,-27" /><INIT seed="0,2,0,2,2,126" ten="409,197,197,197" oya="0" hai0="64,74,96,20,129,73,50,49,28,72,11,43,21" hai1="34,60,36,105,37,97,77,100,79,13,134,81,108" hai2="2,127,25,62,106,76,68,17,123,113,61,32,71" hai3="44,7,102,110,23,130,35,22,112,65,104,54,51"/><T26/><D129/><U67/><E108/><V39/><F106/><W101/><G112/><T47/><D64/><U66/><E134/><V121/><F2/><W69/><G110/><T111/><D111/><U18/><E34/><V92/><F39/><W90/><G7/><T15/><D96/><U27/><E27/><V117/><F113/><W16/><G35/><T41/><D21/><U84/><E79/><V38/><F38/><W82/><G23/><T42/><REACH who="0" step="1"/><D47/><REACH who="0" ten="399,197,197,197" step="2"/><U98/><E97/><V56/><F32/><W45/><G130/><T30/><D30/><U46/><E67/><V1/><F121/><W107/><G65/><T53/><D53/><U29/><E29/><V94/><F123/><W135/><G69/><T120/><D120/><U131/><E131/><V80/><F71/><W19/><G22/><T78/><D78/><U99/><E46/><V89/><F68/><W118/><G54/><T52/><D52/><U24/><E99/><V88/><F76/><W91/><G118/><T122/><D122/><U128/><E128/><V57/><F117/><W132/><G51/><T5/><AGARI ba="2,1" hai="5,11,15,20,26,28,41,42,43,49,50,72,73,74" machi="5" ten="40,3900,0" yaku="1,1,0,1,53,0" doraHai="126" doraHaiUra="55" who="0" fromWho="0" sc="399,55,197,-15,197,-15,197,-15" /><INIT seed="0,3,0,4,1,31" ten="454,182,182,182" oya="0" hai0="28,43,89,41,117,86,128,48,32,94,62,77,57" hai1="116,112,58,51,24,37,78,74,101,84,49,10,16" hai2="12,81,38,119,44,45,34,127,56,1,114,106,83" hai3="54,130,5,6,63,23,15,52,120,60,97,69,55"/><T104/><D104/><U96/><E116/><V13/><F1/><W53/><G130/><T64/><D117/><U108/><E37/><V109/><F106/><W20/><G120/><T115/><D115/><U68/><E68/><V124/><F119/><W72/><G72/><T9/><D128/><U91/><E108/><V93/><F109/><W111/><G111/><T47/><D77/><U90/><E112/><V121/><F114/><W18/><G69/><T75/><D75/><U123/><E123/><V7/><F121/><W67/><G67/><T8/><REACH who="0" step="1"/><D43/><REACH who="0" ten="444,182,182,182" step="2"/><U11/><E74/><V131/><F131/><W118/><G118/><T80/><D80/><U36/><E78/><V22/><F83/><W110/><G110/><T26/><AGARI ba="3,1" hai="8,9,26,28,32,41,47,48,57,62,64,86,89,94" machi="26" ten="30,11700,0" yaku="1,1,0,1,52,1,53,1" doraHai="31" doraHaiUra="88" who="0" fromWho="0" sc="444,136,182,-42,182,-42,182,-42" /><INIT seed="0,4,0,1,4,95" ten="580,140,140,140" oya="0" hai0="33,29,58,96,37,101,16,27,59,118,119,47,85" hai1="19,62,91,106,0,63,88,99,116,51,40,21,8" hai2="48,17,64,127,83,77,26,102,110,23,50,68,93" hai3="44,36,124,71,105,38,4,97,46,1,86,25,74"/><T52/><D85/><U113/><E116/><V24/><F110/><W2/><G124/><T128/><D128/><U45/><E113/><V18/><F127/><W70/><G86/><T32/><D32/><U90/><E0/><V79/><F64/><W84/><G84/><T87/><D87/><U92/><E8/><V35/><F68/><W129/><G74/><T111/><D111/><U22/><E106/><V39/><F39/><W5/><G25/><T132/><D132/><U73/><E73/><V6/><F6/><W11/><G129/><T67/><D67/><U61/><E21/><N who="2" m="13359" /><F35/><W100/><G46/><T108/><D108/><U54/><E40/><V76/><F83/><W14/><G14/><AGARI ba="4,0" hai="14,19,22,45,51,54,61,62,63,88,90,91,92,99" machi="14" ten="40,5200,0" yaku="8,1,52,1,54,1" doraHai="95" who="1" fromWho="3" sc="580,0,140,64,140,0,140,-64" /><INIT seed="1,0,0,4,5,9" ten="580,204,140,76" oya="1" hai0="95,132,84,46,102,49,25,120,76,10,63,86,64" hai1="99,90,74,5,112,93,66,113,45,0,54,109,105" hai2="70,41,73,15,2,127,35,57,28,14,83,7,29" hai3="26,97,34,124,20,24,39,133,32,58,61,59,80"/><U100/><E66/><V114/><F70/><W135/><G39/><T12/><D132/><N who="3" m="50761" /><G124/><T121/><D25/><U69/><E69/><V4/><F41/><W75/><G97/><T128/><D128/><U85/><E5/><N who="2" m="2123" /><F57/><N who="3" m="21515" /><G61/><T116/><D64/><U42/><E0/><V78/><F83/><W13/><G13/><N who="2" m="4617" /><F78/><N who="3" m="44127" /><G26/><T71/><D63/><U94/><E42/><V52/><F73/><W21/><G21/><T19/><D71/><U30/><E74/><V88/><F2/><W108/><G108/><T17/><D120/><U82/><E109/><V68/><F68/><W40/><G40/><T130/><D121/><U37/><E37/><V44/><F35/><W23/><G23/><T131/><D131/><U43/><E43/><V89/><F127/><W77/><G77/><T22/><D22/><U27/><E82/><V1/><F1/><W60/><G60/><T55/><D130/><U38/><E38/><V107/><F107/><W51/><G51/><T134/><D134/><U87/><E105/><V123/><F123/><W11/><G11/><T119/><D76/><U106/><E106/><V36/><F36/><W92/><G92/><T101/><D95/><U67/><E93/><V3/><F3/><W47/><G47/><T81/><D81/><U33/><E45/><V98/><F98/><W103/><G34/><T96/><D96/><U111/><E111/><V62/><F62/><W6/><G32/><T115/><D46/><U53/><E33/><V104/><F104/><W126/><G126/><T50/><D10/><U125/><E125/><V79/><F79/><W110/><G110/><RYUUKYOKU ba="0,0" sc="580,0,204,0,140,0,76,0" /><INIT seed="2,1,0,3,5,113" ten="580,204,140,76" oya="2" hai0="132,81,32,38,135,20,39,122,94,84,108,57,77" hai1="0,107,41,7,31,106,52,97,128,131,72,127,22" hai2="47,109,44,30,58,11,1,9,111,80,88,87,124" hai3="12,35,28,6,103,114,23,116,17,19,78,37,4"/><V71/><F71/><W21/><G37/><T121/><D32/><U18/><E72/><V117/><F124/><W42/><G103/><T8/><D108/><N who="2" m="41546" /><F30/><W115/><G78/><T25/><D8/><N who="2" m="3146" /><F1/><W34/><G42/><T105/><D105/><U86/><E41/><V16/><F117/><W75/><G75/><T129/><D39/><U95/><E31/><V26/><F58/><W46/><G46/><T48/><D38/><U56/><E7/><V104/><F104/><W99/><G99/><T60/><D57/><U24/><E0/><V27/><F27/><W64/><G64/><T92/><D25/><U67/><E67/><V2/><F2/><W43/><G43/><T98/><D98/><U125/><E107/><V69/><F69/><W15/><G28/><T51/><D121/><U118/><E106/><V110/><F110/><W126/><G126/><N who="1" m="48138" /><E118/><AGARI ba="1,0" hai="4,6,12,15,17,19,21,23,34,35,114,115,116,118" machi="118" ten="25,12000,2" yaku="22,2,34,3,52,2" doraHai="113" who="3" fromWho="1" sc="580,0,204,-123,140,0,76,123" /><INIT seed="3,0,0,3,5,19" ten="580,81,140,199" oya="3" hai0="105,125,109,107,123,26,8,66,21,35,106,85,87" hai1="24,94,20,33,101,52,16,78,15,55,42,103,92" hai2="120,53,86,14,131,17,5,1,117,45,9,11,111" hai3="80,7,88,39,129,23,115,58,82,76,100,32,31"/><W6/><G39/><T112/><D123/><U127/><E33/><V38/><F117/><W89/><G115/><T118/><D35/><U63/><E127/><V70/><F111/><W30/><G32/><T95/><D118/><U13/><E42/><V135/><F70/><W93/><G129/><T3/><D109/><U48/><E78/><V59/><F131/><W4/><G100/><N who="1" m="38474" /><E63/><V99/><F120/><W18/><G58/><T69/><D125/><U130/><E130/><V47/><F135/><W83/><G76/><T34/><D34/><U108/><E108/><V81/><F99/><W27/><REACH who="3" step="1"/><G89/><REACH who="3" ten="580,81,140,189" step="2"/><T119/><D112/><U64/><E64/><V67/><F38/><W84/><AGARI ba="0,1" hai="4,6,7,18,23,27,30,31,80,82,83,84,88,93" machi="84" ten="30,18000,2" yaku="1,1,2,1,0,1,8,1,52,1,54,1,53,0" doraHai="19" doraHaiUra="65" who="3" fromWho="3" sc="580,-60,81,-60,140,-60,189,190" /><INIT seed="3,1,0,5,4,2" ten="520,21,80,379" oya="3" hai0="58,42,103,117,54,5,40,67,20,97,75,46,6" hai1="82,62,135,49,127,53,93,86,95,114,45,24,107" hai2="112,1,111,68,19,0,108,116,129,130,23,12,69" hai3="133,15,11,109,18,98,22,39,132,122,101,87,64"/><W61/><G39/><T29/><D75/><U60/><E107/><V56/><F112/><W14/><G122/><T120/><D117/><U79/><E114/><V70/><F116/><W76/><G109/><N who="2" m="42057" /><F56/><W84/><G76/><T8/><D8/><U65/><E127/><V57/><F57/><W7/><G132/><T28/><D67/><U31/><E135/><V55/><F55/><W48/><G48/><N who="0" m="31047" /><D120/><U52/><E53/><V115/><F115/><W32/><G32/><T17/><D97/><U4/><E4/><N who="0" m="1641" /><D103/><U35/><REACH who="1" step="1"/><E62/><REACH who="1" ten="520,11,80,379" step="2"/><V102/><F102/><W72/><G133/><T30/><D46/><U10/><E10/><V43/><F43/><W25/><G61/><T94/><D94/><U99/><E99/><V26/><F26/><AGARI ba="1,1" hai="17,20,26,28,29,30,40,42" m="1641,31047" machi="26" ten="30,7700,0" yaku="8,1,52,3" doraHai="2" who="0" fromWho="2" sc="520,90,11,0,80,-80,379,0" /><INIT seed="4,0,0,5,2,68" ten="610,11,0,379" oya="0" hai0="66,81,23,50,16,93,122,36,59,99,135,15,33" hai1="19,103,82,113,63,64,35,106,86,1,9,25,133" hai2="83,79,90,124,53,84,117,40,51,121,95,130,69" hai3="131,30,60,118,89,85,75,39,37,26,88,91,57"/><T52/><D36/><U76/><E113/><V17/><F121/><W14/><G75/><T46/><D33/><U42/><E42/><V24/><F69/><W105/><G105/><T8/><D135/><U101/><E133/><V0/><F0/><W119/><G85/><T123/><D81/><U102/><E1/><V71/><F71/><W108/><G108/><T78/><D78/><U13/><E35/><V47/><F124/><W114/><G14/><T43/><D66/><U31/><E106/><V11/><F130/><W61/><G131/><T29/><D29/><U55/><E64/><V73/><F117/><W32/><G114/><T45/><D45/><U28/><E25/><V7/><F24/><W128/><G128/><T6/><D46/><U107/><E107/><V80/><F17/><W112/><G112/><T21/><D43/><U109/><E109/><V94/><F53/><W127/><G127/><T41/><D23/><U58/><AGARI ba="0,0" hai="9,13,19,28,31,55,58,63,76,82,86,101,102,103" machi="58" ten="30,2000,0" yaku="0,1,8,1" doraHai="68" who="1" fromWho="1" sc="610,-10,11,20,0,-5,379,-5" owari="600,71.0,31,-37.0,-5,-51.0,374,17.0" /></mjloggm>