<mjloggm ver="2.3"><GO type="233" lobby="0"/><UN n0="%74%61%6B%75%61%6B%61" n1="%65%69%6B%31" n2="%E3%82%A6%E3%83%AB%E3%83%88%E3%83%A9%E7%AB%8B%E7%9B%B4" n3="%E5%B0%8F%E9%98%AA%E3%81%A1%E3%81%B2%E3%82%8D" dan="17,17,18,17" rate="2142.74,2127.47,2199.13,2220.32" sx="M,M,M,F"/><TAIKYOKU oya="0"/><INIT seed="0,0,0,3,2,76" ten="250,250,250,250" oya="0" hai0="131,107,73,58,28,103,61,53,109,88,83,78,41" hai1="9,60,3,20,69,90,132,77,68,105,57,128,106" hai2="91,5,127,113,2,30,62,44,74,36,98,18,19" hai3="87,72,21,45,115,66,64,49,86,125,35,24,134"/><T102/><D131/><U51/><E128/><V114/><F30/><W67/><G115/><T4/><D109/><U85/><E132/><V34/><F34/><W17/><G72/><T96/><D4/><U16/><E77/><V122/><F122/><W38/><G38/><T1/><D1/><U79/><E79/><V37/><F74/><W56/><G125/><T13/><D13/><U117/><E117/><V112/><F127/><W12/><G134/><T59/><D41/><U39/><E39/><V43/><F37/><W108/><G108/><T54/><D28/><U130/><E130/><V31/><F31/><W133/><G133/><T40/><D40/><U48/><E106/><V119/><F119/><W104/><G104/><T23/><D23/><U10/><E105/><V11/><REACH who="2" step="1"/><F62/><REACH who="2" ten="250,250,240,250" step="2"/><W22/><G35/><T101/><D88/><U99/><E90/><V8/><F8/><W93/><G93/><AGARI ba="0,1" hai="2,5,11,18,19,36,43,44,91,93,98,112,113,114" machi="93" ten="40,2600,0" yaku="1,1,53,1" doraHai="76" doraHaiUra="95" who="2" fromWho="3" sc="250,0,250,0,240,36,250,-26" /><INIT seed="1,0,0,4,5,69" ten="250,250,276,224" oya="1" hai0="113,56,131,31,101,43,61,59,35,44,119,16,105" hai1="39,5,71,130,93,89,65,30,125,12,51,75,73" hai2="117,68,132,19,62,47,6,83,99,60,86,54,66" hai3="14,84,26,50,21,120,134,80,13,74,106,72,24"/><U29/><E130/><V25/><F117/><W82/><G120/><T129/><D119/><U116/><E116/><V88/><F132/><W79/><G106/><T17/><D113/><U115/><E115/><V124/><F124/><W15/><G134/><T108/><D108/><U20/><E125/><V135/><F135/><W37/><G37/><N who="0" m="21615" /><D101/><U49/><E39/><V2/><F6/><W96/><G96/><T100/><D100/><U22/><E71/><V110/><F2/><W90/><G72/><T94/><D94/><U95/><E65/><V53/><F110/><W67/><G67/><N who="0" m="39335" /><D105/><U57/><E57/><V92/><F62/><W121/><G121/><T32/><D59/><U23/><E5/><V11/><F47/><W48/><REACH who="3" step="1"/><G26/><REACH who="3" ten="250,250,276,214" step="2"/><N who="0" m="18551" /><D35/><U58/><E75/><V0/><F25/><W70/><G70/><T103/><D103/><U40/><E73/><V97/><F97/><W3/><G3/><T109/><D109/><U38/><E38/><V76/><REACH who="2" step="1"/><F0/><REACH who="2" ten="250,250,266,214" step="2"/><W122/><G122/><T111/><D111/><U18/><E12/><AGARI ba="0,2" hai="11,12,19,53,54,60,66,68,76,83,86,88,92,99" machi="12" ten="40,5200,0" yaku="1,1,2,1,54,1,53,0" doraHai="69" doraHaiUra="107" who="2" fromWho="1" sc="250,0,250,-52,266,72,214,0" /><INIT seed="2,0,0,0,0,134" ten="250,198,338,214" oya="2" hai0="56,106,80,82,104,10,11,77,29,115,24,18,63" hai1="36,124,93,59,131,2,90,28,109,72,110,67,47" hai2="16,87,100,4,120,62,75,15,57,53,130,114,42" hai3="88,108,33,38,46,13,119,117,116,69,111,64,98"/><V51/><F75/><W30/><G64/><T83/><D115/><U128/><E2/><V86/><F114/><W95/><G69/><T112/><D112/><U113/><E113/><V40/><F120/><W84/><G30/><T12/><D10/><U50/><E28/><V65/><F130/><N who="1" m="49705" /><E72/><V54/><F100/><W60/><G33/><T79/><D104/><U37/><E93/><V6/><F65/><W97/><G60/><T43/><D43/><N who="2" m="16426" /><F4/><W1/><G1/><T23/><REACH who="0" step="1"/><D106/><REACH who="0" ten="240,198,338,214" step="2"/><U123/><E123/><V105/><F105/><W41/><REACH who="3" step="1"/><G13/><REACH who="3" ten="240,198,338,204" step="2"/><T25/><D25/><U126/><E109/><AGARI ba="0,2" hai="38,41,46,84,88,95,97,98,108,109,111,116,117,119" machi="109" ten="50,8000,1" yaku="1,1,2,1,14,1,54,1,53,1" doraHai="134" doraHaiUra="39" who="3" fromWho="1" sc="240,0,198,-80,338,0,204,100" /><INIT seed="3,0,0,3,0,70" ten="240,118,338,304" oya="3" hai0="45,108,132,10,94,46,38,67,110,60,79,77,82" hai1="87,2,41,116,129,61,9,65,22,115,78,49,0" hai2="30,121,7,51,64,14,134,6,103,66,96,54,113" hai3="97,76,68,81,89,135,123,101,53,125,57,55,3"/><W27/><G123/><T34/><D132/><U4/><E115/><V75/><F75/><W84/><G68/><T39/><D34/><U50/><E129/><V23/><F113/><W105/><G3/><T90/><D10/><U28/><E116/><V131/><F131/><W80/><G135/><T91/><D94/><U59/><E0/><V58/><F134/><W117/><G117/><T120/><D120/><U26/><REACH who="1" step="1"/><E41/><REACH who="1" ten="240,108,338,304" step="2"/><V114/><F114/><W119/><G119/><T69/><D108/><U133/><E133/><V124/><F121/><W29/><G125/><T12/><D110/><U42/><E42/><V43/><F43/><W122/><G122/><T15/><D69/><U11/><E11/><V127/><F127/><W48/><G55/><T36/><D67/><U73/><E73/><V106/><F124/><W21/><G76/><T47/><D79/><U37/><E37/><V56/><F66/><W111/><G111/><T112/><D112/><U130/><E130/><V126/><F126/><W13/><G53/><T92/><D77/><U5/><E5/><V104/><F6/><W128/><G128/><T8/><D8/><U20/><E20/><V32/><F7/><W25/><G21/><T109/><D109/><U98/><E98/><V72/><F72/><W86/><G97/><T107/><D36/><U74/><E74/><V93/><F32/><W71/><G71/><T63/><D38/><U83/><AGARI ba="0,1" hai="2,4,9,22,26,28,49,50,59,61,65,78,83,87" machi="83" ten="30,2000,0" yaku="1,1,0,1,53,0" doraHai="70" doraHaiUra="85" who="1" fromWho="1" sc="240,-5,108,30,338,-5,304,-10" /><INIT seed="4,0,0,1,3,39" ten="235,138,333,294" oya="0" hai0="122,41,42,59,74,127,47,40,0,131,88,62,126" hai1="51,133,117,70,36,103,64,65,52,32,119,101,75" hai2="9,118,90,105,28,14,81,124,82,55,10,69,92" hai3="5,43,34,110,100,35,86,24,31,44,60,1,111"/><T23/><D122/><U114/><E75/><V67/><F105/><W18/><G100/><T106/><D131/><U11/><E32/><V4/><F124/><N who="0" m="47658" /><D106/><U54/><E36/><V97/><F118/><W113/><G35/><T108/><D108/><U6/><E133/><V13/><F28/><W95/><G113/><T76/><D0/><U26/><E26/><V17/><REACH who="2" step="1"/><F55/><REACH who="2" ten="235,138,323,294" step="2"/><W109/><G31/><T50/><D23/><U68/><E114/><V123/><F123/><W21/><G34/><T83/><D88/><U19/><E11/><V61/><AGARI ba="0,1" hai="4,9,10,13,14,17,61,67,69,81,82,90,92,97" machi="61" ten="30,2000,0" yaku="1,1,0,1,53,0" doraHai="39" doraHaiUra="115" who="2" fromWho="2" sc="235,-10,138,-5,323,30,294,-5" /><INIT seed="5,0,0,4,0,85" ten="225,133,353,289" oya="1" hai0="81,38,46,112,53,121,99,76,118,116,41,26,77" hai1="0,51,69,75,96,72,47,23,55,115,11,6,13" hai2="24,37,132,117,130,19,102,32,33,131,1,59,43" hai3="92,82,89,7,95,83,113,18,16,42,61,109,73"/><U127/><E115/><V54/><F1/><W97/><G109/><T40/><D112/><U70/><E127/><V58/><F117/><W57/><G113/><T103/><D121/><U63/><E96/><V12/><F102/><N who="3" m="60711" /><G73/><T74/><D76/><U35/><E35/><V34/><F24/><W28/><G28/><T80/><D80/><N who="3" m="30761" /><G42/><T60/><D41/><U66/><REACH who="1" step="1"/><E69/><REACH who="1" ten="225,123,353,289" step="2"/><V135/><F34/><W119/><G119/><T8/><D99/><U125/><E125/><V104/><F33/><W68/><G68/><T124/><D124/><U100/><E100/><V93/><F32/><W27/><G7/><T128/><D103/><U4/><E4/><V86/><F104/><W133/><G133/><T114/><D114/><U25/><E25/><V105/><F105/><W45/><G27/><T87/><D26/><U101/><E101/><V39/><F135/><W123/><G123/><T22/><D116/><U62/><E62/><V36/><F132/><W129/><G61/><T88/><D118/><U98/><E98/><V67/><F131/><W29/><G129/><T31/><D128/><U120/><E120/><V48/><F130/><W21/><G18/><AGARI ba="0,1" hai="0,6,11,13,18,23,47,51,55,63,66,70,72,75" machi="18" ten="40,3900,0" yaku="1,1,53,1" doraHai="85" doraHaiUra="9" who="1" fromWho="3" sc="225,0,123,49,353,0,289,-39" /><INIT seed="5,1,0,5,0,62" ten="225,172,353,250" oya="1" hai0="45,89,117,57,56,101,1,30,18,46,131,41,127" hai1="65,109,123,71,120,129,42,77,37,118,83,26,80" hai2="2,91,15,82,78,47,38,112,16,110,81,69,59" hai3="39,17,108,63,21,50,100,28,67,14,32,85,128"/><U93/><E118/><V36/><F69/><W96/><G39/><T58/><D117/><U64/><E71/><V35/><F2/><W33/><G108/><T115/><D115/><U88/><E109/><V84/><F35/><W132/><G132/><T12/><D1/><U20/><E129/><V113/><F59/><W119/><G128/><T27/><D101/><U66/><E37/><V52/><F110/><W70/><G119/><T11/><D127/><U94/><E42/><V134/><F134/><W3/><G3/><T104/><D104/><U111/><E111/><V48/><F38/><W107/><G85/><T135/><D135/><U73/><E83/><V51/><F51/><W105/><G50/><T130/><D89/><U106/><E106/><V125/><F36/><W43/><G107/><T121/><D46/><U133/><E133/><V53/><F53/><W98/><G98/><T86/><D86/><U8/><E8/><N who="2" m="6247" /><F125/><W103/><G103/><T97/><D121/><U79/><E79/><V44/><F44/><W31/><G33/><T10/><D45/><U19/><REACH who="1" step="1"/><E94/><REACH who="1" ten="225,162,353,250" step="2"/><V114/><F78/><W24/><G43/><T34/><D41/><U61/><E61/><V49/><F48/><W116/><G116/><T4/><D130/><U87/><AGARI ba="1,1" hai="19,20,26,64,65,66,73,77,80,87,88,93,120,123" machi="87" ten="30,18000,2" yaku="1,1,0,1,52,3,54,1,53,1" doraHai="62" doraHaiUra="76" who="1" fromWho="1" sc="225,-61,162,193,353,-61,250,-61" /><INIT seed="5,2,0,5,2,106" ten="164,355,292,189" oya="1" hai0="11,61,35,16,17,78,127,26,24,60,12,123,96" hai1="64,128,80,42,52,71,93,116,66,39,45,129,21" hai2="25,99,46,95,8,76,105,124,109,59,53,50,70" hai3="69,125,65,63,112,5,113,110,62,135,9,115,20"/><U4/><E116/><V126/><F70/><W114/><G110/><T14/><D127/><U102/><E4/><V27/><F105/><W121/><G125/><N who="2" m="48233" /><F109/><W88/><G121/><T36/><D36/><U94/><E21/><V68/><F68/><W15/><N who="3" m="28672" /><DORA hai="90" /><W6/><G135/><T131/><D131/><N who="1" m="50251" /><E102/><N who="2" m="60799" /><F76/><W77/><G77/><T33/><D78/><U118/><E118/><V58/><F8/><N who="3" m="4495" /><G20/><T101/><D11/><U22/><E22/><V85/><F85/><W72/><G72/><T67/><D96/><U134/><E134/><V29/><F25/><W31/><G31/><T44/><D123/><U86/><E52/><V122/><F122/><W89/><G63/><T97/><D97/><U38/><E38/><V87/><F87/><W83/><G83/><T3/><D61/><N who="1" m="40335" /><E66/><V100/><F100/><W57/><G69/><T103/><D60/><U117/><E117/><V32/><AGARI ba="2,0" hai="27,29,32,46,50,53,58,59" m="60799,48233" machi="32" ten="30,2000,0" yaku="18,1,52,1" doraHai="106,90" who="2" fromWho="2" sc="164,-7,355,-12,292,26,189,-7" /><INIT seed="6,0,0,0,0,31" ten="157,343,318,182" oya="2" hai0="128,75,59,100,9,36,101,23,11,95,26,1,16" hai1="125,91,92,22,124,52,94,86,97,90,68,56,53" hai2="98,44,43,105,67,60,14,87,71,89,106,112,10" hai3="117,4,3,126,116,64,45,83,81,135,131,33,133"/><V40/><F112/><W63/><G4/><T58/><D36/><U103/><E68/><V65/><F65/><W42/><G3/><T49/><D75/><U46/><E46/><V113/><F113/><W108/><G33/><T76/><D76/><U72/><E72/><V109/><F109/><W110/><G81/><T54/><D128/><U37/><E37/><V48/><F98/><W15/><G15/><T57/><D1/><U62/><E53/><V84/><F43/><W17/><G17/><T127/><D127/><N who="1" m="48715" /><E22/><V50/><F50/><N who="3" m="26935" /><G83/><T30/><D30/><U134/><E134/><N who="3" m="51210" /><G126/><T96/><REACH who="0" step="1"/><D101/><AGARI ba="0,0" hai="52,56,62,86,90,91,92,94,97,101,103" m="48715" machi="101" ten="30,2000,0" yaku="18,1,54,1" doraHai="31" who="1" fromWho="0" sc="157,-20,343,20,318,0,182,0" /><INIT seed="7,0,0,4,2,43" ten="137,363,318,182" oya="3" hai0="91,84,56,25,19,59,34,89,67,113,79,134,32" hai1="125,31,70,116,45,55,87,57,132,27,64,121,81" hai2="126,85,112,63,20,69,99,118,92,78,41,119,98" hai3="68,83,86,82,58,26,23,24,122,51,115,127,111"/><W73/><G122/><T46/><D134/><U93/><E121/><V96/><F69/><W35/><G68/><T88/><D113/><U75/><E132/><V80/><F63/><W13/><G115/><T120/><D120/><U123/><E123/><V108/><F112/><W48/><G127/><T47/><D34/><U0/><E0/><V54/><F41/><W30/><G111/><T12/><D32/><U10/><E75/><V15/><F54/><W5/><G73/><T128/><D25/><U7/><E93/><V107/><F15/><W114/><G82/><N who="0" m="47199" /><D128/><U9/><E125/><V16/><F126/><W11/><G114/><T61/><D59/><U2/><E116/><V102/><F108/><W109/><G58/><T37/><D37/><U53/><E9/><AGARI ba="0,0" hai="9,12,19,46,47,56,61,67,88,89,91" m="47199" machi="9" ten="30,7700,0" yaku="8,1,52,2,54,1" doraHai="43" who="0" fromWho="1" sc="137,77,363,-77,318,0,182,0" owari="214,-19.0,286,9.0,318,42.0,182,-32.0" /></mjloggm>