<mjloggm ver="2.3"><GO type="169" lobby="0"/><UN n0="%E5%B0%B1%E6%B4%BB%E7%94%9F%40%E5%B7%9D%E6%9D%91%E8%BB%8D%E5%9B%A3" n1="%58%57" n2="%45%47%41%4B%55" n3="%E3%81%91%E3%82%93%31%39%37%30" dan="17,16,16,16" rate="2183.52,2106.58,2038.86,2153.41" sx="M,M,M,M"/><TAIKYOKU oya="0"/><INIT seed="0,0,0,1,3,128" ten="250,250,250,250" oya="0" hai0="16,17,120,19,14,34,26,2,98,22,60,8,133" hai1="69,37,112,3,46,100,51,65,108,126,12,24,9" hai2="43,49,64,0,134,54,31,68,99,119,15,20,122" hai3="73,74,13,111,40,78,29,21,76,48,28,10,96"/><T105/><D120/><U82/><E100/><V36/><F0/><W71/><G71/><T63/><D133/><U117/><E82/><V116/><F122/><W5/><G111/><T110/><D110/><U102/><E102/><V6/><F6/><W85/><G96/><T95/><D105/><U61/><E24/><V11/><F99/><W42/><G21/><T114/><D114/><U90/><E90/><V106/><F106/><W113/><G113/><T53/><D34/><U27/><E27/><V92/><F92/><W77/><G74/><T107/><D107/><U80/><E80/><V79/><F79/><W1/><G1/><T97/><D2/><U18/><E3/><V45/><F20/><W56/><G73/><T101/><D97/><U47/><E108/><V91/><F91/><W67/><G67/><T41/><D41/><N who="3" m="15977" /><G85/><T129/><D129/><U109/><E109/><V118/><F31/><N who="3" m="11851" /><G56/><T88/><D101/><U93/><E37/><V132/><F15/><W75/><G75/><T44/><D17/><U50/><E112/><V33/><F11/><W52/><G48/><AGARI ba="0,0" hai="8,14,16,19,22,26,44,48,53,60,63,88,95,98" machi="48" ten="40,7700,0" yaku="8,1,54,2" doraHai="128" who="0" fromWho="3" sc="250,77,250,0,250,0,250,-77" /><INIT seed="0,1,0,5,5,111" ten="327,250,250,173" oya="0" hai0="62,77,122,103,29,17,126,99,16,120,1,47,64" hai1="63,6,67,7,114,85,12,98,28,105,61,14,79" hai2="88,48,2,3,71,40,74,96,5,125,132,18,112" hai3="70,66,38,135,57,11,10,97,30,65,37,115,9"/><T84/><D1/><U35/><E35/><V0/><F71/><W81/><G135/><T69/><D126/><U53/><E28/><V24/><F74/><W32/><G70/><T133/><D133/><U34/><E34/><V92/><F132/><W80/><G32/><T27/><D47/><U49/><E105/><V15/><F125/><W83/><G30/><T119/><D119/><U58/><E98/><V68/><F68/><W42/><G42/><T109/><D109/><U52/><E114/><V89/><F89/><W45/><G45/><T76/><D76/><U4/><E63/><V124/><F124/><W41/><G41/><T19/><D84/><U55/><E49/><V50/><F40/><W25/><G25/><T93/><REACH who="0" step="1"/><D77/><REACH who="0" ten="317,250,250,173" step="2"/><U110/><E110/><V54/><F3/><W91/><G97/><T117/><D117/><U20/><E20/><AGARI ba="1,1" hai="16,17,19,20,27,29,62,64,69,93,99,103,120,122" machi="20" ten="40,3900,0" yaku="1,1,54,1,53,0" doraHai="111" doraHaiUra="31" who="0" fromWho="1" sc="317,52,250,-42,250,0,173,0" /><INIT seed="0,2,0,0,0,90" ten="369,208,250,173" oya="0" hai0="10,34,48,75,81,2,32,109,27,30,96,29,121" hai1="37,40,54,41,77,107,122,68,101,67,19,43,9" hai2="15,129,62,6,52,111,85,5,28,25,112,117,70" hai3="123,22,36,4,20,71,82,135,106,33,23,51,116"/><T114/><D121/><U47/><E122/><V92/><F112/><W57/><G36/><T72/><D114/><U24/><E77/><V124/><F117/><W26/><G71/><T95/><D109/><U119/><E119/><V35/><F111/><W118/><G106/><T65/><D65/><U120/><E120/><V44/><F124/><W74/><G123/><T97/><D97/><U69/><E101/><V13/><F129/><W98/><G4/><T108/><D108/><U31/><E107/><V104/><F104/><W110/><G110/><T64/><D64/><U130/><E19/><V53/><F70/><N who="1" m="27241" /><E9/><V113/><F113/><W134/><G33/><T14/><D2/><U125/><E24/><V63/><F44/><W131/><G26/><T38/><D38/><N who="1" m="21911" /><E31/><V127/><F25/><W128/><G98/><T21/><D30/><U105/><E105/><V8/><F8/><W88/><G116/><T100/><D81/><U1/><E1/><V45/><F28/><W86/><G74/><T39/><D75/><U61/><E125/><V49/><F35/><W102/><G102/><T55/><D72/><U94/><E94/><V60/><F127/><W0/><G0/><T58/><REACH who="0" step="1"/><D39/><REACH who="0" ten="359,208,250,173" step="2"/><U59/><E67/><V115/><F115/><W132/><G118/><T18/><AGARI ba="2,1" hai="10,14,18,21,27,29,32,34,48,55,58,95,96,100" machi="18" ten="20,18000,2" yaku="1,1,2,1,0,1,7,1,52,1,53,1" doraHai="90" doraHaiUra="89" who="0" fromWho="0" sc="359,196,208,-62,250,-62,173,-62" /><INIT seed="0,3,0,2,5,7" ten="555,146,188,111" oya="0" hai0="115,70,19,2,57,52,67,51,126,128,43,9,50" hai1="45,103,5,83,101,34,96,84,127,71,10,66,11" hai2="107,68,3,77,97,41,16,131,98,17,99,122,132" hai3="102,60,109,69,76,30,73,124,90,64,15,85,116"/><T22/><D115/><U92/><E34/><V20/><F122/><W39/><G109/><T35/><D35/><U6/><E127/><V86/><F68/><W13/><G116/><T72/><D72/><U104/><E71/><V12/><F3/><W54/><G124/><T111/><D126/><U33/><E33/><V38/><F38/><W123/><G39/><T36/><D128/><U56/><E104/><V42/><F107/><W78/><G102/><T1/><D111/><U59/><E103/><V48/><F131/><W61/><G30/><T79/><D79/><U112/><E112/><V4/><F4/><N who="1" m="1641" /><E45/><V108/><F108/><W106/><G106/><T133/><D133/><U119/><E119/><V24/><F48/><W28/><G28/><T58/><D36/><U27/><E27/><V80/><F132/><W93/><G123/><T82/><D70/><U121/><E121/><V40/><F40/><W125/><G125/><T118/><D118/><U23/><E23/><AGARI ba="3,0" hai="12,16,17,20,23,24,41,42,77,80,86,97,98,99" machi="23" ten="40,2600,0" yaku="8,1,54,1" doraHai="7" who="2" fromWho="1" sc="555,0,146,-35,188,35,111,0" /><INIT seed="1,0,0,3,4,4" ten="555,111,223,111" oya="1" hai0="62,81,90,103,65,87,46,122,34,133,106,70,11" hai1="31,105,32,69,19,38,40,71,94,9,73,45,117" hai2="125,54,43,5,3,126,80,8,1,39,76,37,66" hai3="61,53,27,84,21,47,72,93,88,60,112,107,92"/><U55/><E117/><V108/><F66/><W52/><G107/><T18/><D34/><U0/><E105/><V49/><F108/><W120/><G72/><T129/><D122/><U6/><E19/><V59/><F3/><W7/><G112/><T57/><D129/><U83/><E94/><V119/><F119/><W68/><G120/><T23/><D133/><U20/><E55/><V58/><F58/><W113/><G113/><T36/><D70/><U128/><E20/><V89/><F89/><W121/><G121/><T42/><D106/><U51/><E51/><V30/><F30/><W135/><G135/><T25/><D103/><U101/><E101/><V13/><F13/><W98/><G68/><T17/><D11/><U96/><E96/><V2/><F2/><W44/><G7/><T131/><D131/><U77/><E128/><V16/><F16/><AGARI ba="0,0" hai="16,17,18,23,25,36,42,46,57,62,65,81,87,90" machi="16" ten="30,2000,0" yaku="7,1,54,1" doraHai="4" who="0" fromWho="2" sc="555,20,111,0,223,-20,111,0" /><INIT seed="2,0,0,2,1,76" ten="575,111,203,111" oya="2" hai0="133,103,62,3,29,115,132,112,25,129,102,10,117" hai1="47,9,48,34,81,57,39,44,42,109,110,2,12" hai2="16,40,74,58,68,85,1,15,51,67,43,82,96" hai3="8,93,41,78,49,60,20,30,31,72,121,56,37"/><V83/><F1/><W114/><G121/><T54/><D117/><U119/><E34/><V33/><F33/><W106/><G106/><T70/><D129/><U134/><E119/><V75/><F68/><W69/><G114/><T111/><D111/><N who="1" m="42507" /><E2/><V77/><F96/><W45/><G93/><T38/><D38/><U4/><E134/><V107/><F107/><W130/><G130/><T36/><D36/><U118/><E118/><V101/><F101/><W63/><G63/><T124/><D124/><U92/><E92/><V28/><F28/><W65/><G20/><T89/><D89/><U131/><E131/><V105/><F105/><W128/><G8/><T24/><D70/><U71/><E57/><V100/><F100/><W17/><G17/><T122/><D122/><U5/><E71/><V88/><F74/><W50/><G50/><T104/><D104/><U135/><E135/><V66/><F43/><W7/><G7/><T23/><D103/><U61/><E4/><V73/><F73/><W79/><G128/><T6/><D102/><U126/><E126/><V22/><REACH who="2" step="1"/><F58/><REACH who="2" ten="575,111,193,111" step="2"/><W19/><G72/><T26/><D132/><U52/><E61/><V13/><F13/><W84/><G31/><T11/><D133/><U21/><E21/><V108/><F108/><W127/><G30/><T18/><D115/><U86/><E42/><V98/><F98/><W97/><G97/><T94/><D112/><U0/><E47/><AGARI ba="0,1" hai="15,16,22,40,47,51,66,67,75,77,82,83,85,88" machi="47" ten="40,12000,1" yaku="1,1,52,2,54,2,53,0" doraHai="76" doraHaiUra="27" who="2" fromWho="1" sc="575,0,111,-120,193,130,111,0" owari="575,68.0,-9,-51.0,323,12.0,111,-29.0" /></mjloggm>