<mjloggm ver="2.3"><GO type="225" lobby="0"/><UN n0="%74%61%74%73%75%37%30%32" n1="%65%71%6D%6D" n2="%E5%B0%B1%E6%B4%BB%E7%94%9F%40%E5%B7%9D%E6%9D%91%E8%BB%8D%E5%9B%A3" n3="%E3%81%84%E3%81%8F%E3%82%84%E3%81%BE%E2%98%86%E3%81%95%E3%82%80%E3%81%8A" dan="16,16,17,16" rate="2185.62,2100.55,2197.13,2087.46" sx="M,M,M,M"/><TAIKYOKU oya="0"/><INIT seed="0,0,0,2,0,133" ten="250,250,250,250" oya="0" hai0="38,33,120,130,27,99,58,111,39,16,116,132,84" hai1="14,56,122,93,107,97,62,79,54,47,69,28,55" hai2="87,61,49,31,35,105,29,57,119,26,11,127,3" hai3="65,24,19,60,126,5,15,118,17,103,124,32,1"/><T74/><D116/><U117/><E122/><V96/><F31/><N who="3" m="19559" /><G103/><T83/><D120/><U7/><E117/><V106/><F119/><W134/><G118/><T98/><D74/><U0/><E107/><V112/><F112/><W46/><G46/><T131/><D132/><U123/><E0/><V44/><F87/><W53/><G53/><T101/><D58/><U42/><E123/><V64/><F96/><N who="0" m="36906" /><D101/><U25/><E69/><V13/><F3/><W115/><G115/><T89/><D33/><U113/><E113/><V80/><F80/><W102/><G102/><T66/><D66/><U73/><E79/><V78/><F78/><W90/><G90/><T77/><D89/><U72/><E72/><V50/><F50/><W91/><G91/><T67/><D67/><U10/><E73/><V92/><F92/><W51/><G51/><T85/><D84/><U6/><E93/><V70/><F70/><N who="3" m="42279" /><G134/><T4/><D4/><U45/><E7/><V75/><F75/><W88/><G88/><N who="0" m="51263" /><D111/><U9/><E97/><V41/><F127/><N who="3" m="48683" /><G1/><T2/><D2/><U12/><E47/><V68/><F68/><W82/><G82/><T63/><D63/><U128/><E62/><V95/><F95/><W34/><G34/><T59/><D59/><U86/><E45/><V110/><F110/><W129/><G129/><N who="0" m="49163" /><D77/><U108/><E128/><V104/><F104/><W94/><G94/><T21/><AGARI ba="0,0" hai="16,21,27,38,39" m="49163,51263,36906" machi="21" ten="30,6000,0" yaku="19,1,54,2" doraHai="133" who="0" fromWho="0" sc="250,60,250,-20,250,-20,250,-20" /><INIT seed="0,1,0,5,5,83" ten="310,230,230,230" oya="0" hai0="74,3,50,73,61,123,115,108,5,33,44,102,46" hai1="22,53,15,56,45,89,79,80,0,92,94,87,67" hai2="64,106,63,57,99,131,104,16,10,111,105,54,38" hai3="20,101,113,96,40,14,126,2,129,128,81,31,86"/><T109/><D115/><U93/><E0/><V34/><F34/><W37/><G2/><T82/><D33/><U120/><E120/><V62/><F38/><W12/><G40/><T130/><D123/><U55/><E45/><V30/><F30/><W71/><G71/><T90/><D130/><N who="3" m="50281" /><G37/><T23/><D102/><U32/><E32/><V9/><F111/><N who="0" m="42570" /><D46/><U122/><E122/><V121/><F121/><W65/><G65/><T125/><D125/><U107/><E107/><V47/><F131/><W13/><G126/><T48/><D23/><U135/><E135/><V7/><F99/><W49/><G49/><N who="0" m="19051" /><D61/><N who="1" m="38311" /><E79/><V75/><F47/><W110/><G113/><T41/><D41/><U6/><E22/><V134/><F63/><W66/><G110/><T98/><D44/><U133/><E133/><V35/><F35/><W29/><G66/><T69/><D69/><U60/><E60/><V88/><F64/><W11/><G20/><T72/><D98/><U68/><E68/><V70/><F70/><W25/><G11/><AGARI ba="1,0" hai="6,11,15,53,55,80,87,89,92,93,94" m="38311" machi="11" ten="30,2000,0" yaku="8,1,52,1" doraHai="83" who="1" fromWho="3" sc="310,0,230,23,230,0,230,-23" /><INIT seed="1,0,0,1,0,95" ten="310,253,230,207" oya="1" hai0="133,26,7,127,68,9,76,58,65,47,39,19,110" hai1="53,97,122,5,126,10,81,100,3,114,27,17,40" hai2="73,21,44,18,91,112,67,75,29,117,103,55,22" hai3="71,120,23,16,34,102,62,109,20,46,56,6,118"/><U0/><E114/><V57/><F117/><W129/><G120/><T92/><D110/><U85/><E122/><V61/><F112/><W31/><G34/><T28/><D19/><U134/><E126/><V24/><F103/><W130/><G109/><T48/><D39/><U51/><E134/><V33/><F33/><W116/><G71/><T12/><D68/><U78/><E40/><V135/><F135/><W72/><G72/><T108/><D108/><U45/><E27/><V1/><F1/><W98/><G6/><T36/><D36/><U35/><E35/><V60/><F91/><W4/><G4/><T69/><D69/><U90/><E17/><V96/><F96/><W99/><G46/><T124/><D76/><U41/><E78/><V54/><F54/><N who="3" m="34071" /><G31/><T93/><D133/><U49/><E0/><V66/><F44/><W80/><G80/><T86/><D86/><U14/><E3/><V106/><F106/><N who="3" m="63831" /><G99/><T82/><D82/><U107/><REACH who="1" step="1"/><E53/><REACH who="1" ten="310,243,230,207" step="2"/><V37/><F55/><W79/><G79/><T15/><D127/><U131/><E131/><N who="3" m="50186" /><G20/><N who="0" m="15431" /><D124/><U32/><E32/><V25/><F37/><AGARI ba="0,1" hai="5,10,14,37,41,45,49,51,81,85,90,97,100,107" machi="37" ten="30,5800,0" yaku="1,1,7,1,52,1,53,0" doraHai="95" doraHaiUra="111" who="1" fromWho="2" sc="310,0,243,68,230,-58,207,0" /><INIT seed="1,1,0,0,4,103" ten="310,311,172,207" oya="1" hai0="132,61,92,28,134,71,67,105,127,35,40,1,75" hai1="110,49,114,102,43,108,63,83,41,59,125,47,54" hai2="112,91,44,22,107,85,38,80,45,115,13,130,42" hai3="84,97,50,23,39,106,33,117,32,5,135,109,95"/><U96/><E114/><N who="2" m="43563" /><F130/><W87/><G39/><T15/><D15/><U73/><E125/><V77/><F45/><W14/><G109/><N who="1" m="42090" /><E83/><N who="2" m="49599" /><F22/><W100/><G135/><N who="0" m="51755" /><D92/><N who="1" m="58631" /><E73/><N who="2" m="43055" /><F13/><W128/><G128/><T123/><D75/><U122/><E122/><V29/><F29/><W124/><G124/><T21/><D123/><U18/><E18/><V101/><F101/><W36/><G36/><T52/><D127/><U17/><E17/><V34/><F34/><W0/><G23/><T98/><D21/><U76/><E43/><V9/><F9/><W57/><G57/><T65/><D40/><U6/><E6/><V4/><F4/><W62/><G62/><T68/><D1/><U111/><E111/><V20/><F20/><W64/><G50/><T119/><D119/><U24/><E24/><V30/><F30/><W104/><G64/><N who="0" m="24651" /><D28/><U79/><AGARI ba="1,0" hai="41,47,49,54,59,63,76,79" m="58631,42090" machi="79" ten="30,3000,0" yaku="14,1,10,1" doraHai="103" who="1" fromWho="1" sc="310,-11,311,33,172,-11,207,-11" /><INIT seed="1,2,0,3,0,48" ten="299,344,161,196" oya="1" hai0="6,55,119,89,66,124,74,112,73,76,16,20,102" hai1="13,117,85,49,92,47,3,26,34,107,100,132,126" hai2="88,134,5,31,81,70,77,52,56,121,96,17,19" hai3="105,95,38,29,110,37,0,58,82,135,104,63,22"/><U43/><E117/><V133/><F70/><W28/><G0/><T7/><D119/><U57/><E3/><V91/><F121/><W12/><G135/><N who="2" m="51721" /><F31/><W71/><G71/><T8/><D112/><U80/><E107/><V93/><F5/><W51/><G51/><T65/><D124/><U18/><E132/><V46/><F46/><W36/><G110/><T69/><D102/><U98/><E126/><V41/><F91/><W86/><G95/><T118/><D118/><U35/><E26/><V68/><F41/><W130/><G130/><T23/><D76/><U2/><E2/><V14/><F14/><W32/><G32/><T127/><D69/><U39/><E39/><V61/><F68/><W33/><G33/><T10/><D89/><U30/><E30/><V125/><F125/><W50/><G50/><T60/><D127/><U67/><E34/><V94/><F94/><W64/><G29/><T99/><D99/><U59/><E35/><V111/><F111/><W114/><G114/><T128/><D60/><U116/><E116/><V42/><F42/><W113/><G113/><T97/><D97/><U21/><E67/><V129/><F129/><W40/><G40/><T45/><D128/><U11/><E11/><V87/><AGARI ba="2,0" hai="17,19,52,56,61,77,81,87,88,93,96" m="51721" machi="87" ten="30,7900,0" yaku="20,1,52,1,54,2" doraHai="48" who="2" fromWho="2" sc="299,-22,344,-41,161,85,196,-22" /><INIT seed="2,0,0,2,4,18" ten="277,303,246,174" oya="2" hai0="97,71,98,15,79,62,128,111,78,48,95,77,100" hai1="80,31,122,91,87,29,76,16,129,82,116,132,10" hai2="66,104,3,118,28,14,27,110,81,134,131,83,12" hai3="93,37,33,47,103,50,57,21,94,23,44,96,6"/><V67/><F3/><W53/><G33/><T84/><D111/><U107/><E116/><V46/><F104/><W13/><G93/><T34/><D34/><U40/><E107/><V65/><F118/><W1/><G1/><T52/><D128/><U5/><E129/><V9/><F131/><W35/><G35/><T24/><D24/><U0/><E132/><V108/><F46/><W101/><G101/><T11/><D62/><U121/><E40/><V68/><F68/><W89/><G37/><T56/><D71/><U43/><E43/><V75/><F75/><W39/><G39/><T70/><D70/><U26/><E16/><N who="2" m="8207" /><F14/><W117/><G117/><T120/><D120/><N who="1" m="46187" /><E26/><V49/><F49/><W59/><G44/><T113/><D113/><U135/><E135/><V99/><F99/><W32/><G103/><T64/><D64/><U38/><E38/><V72/><F72/><AGARI ba="0,0" hai="0,5,10,29,31,72,76,80,82,87,91" m="46187" machi="72" ten="30,1000,0" yaku="13,1" doraHai="18" who="1" fromWho="2" sc="277,0,303,10,246,-10,174,0" /><INIT seed="3,0,0,0,0,98" ten="277,313,236,174" oya="3" hai0="134,76,109,57,9,128,15,25,45,0,50,67,97" hai1="54,61,37,26,4,53,90,117,23,28,119,89,125" hai2="1,71,46,126,116,94,18,96,58,29,108,42,22" hai3="41,33,75,122,16,110,48,135,60,80,10,105,79"/><W82/><G122/><T132/><D0/><U86/><E125/><V107/><F71/><W49/><G135/><N who="0" m="51755" /><D109/><U21/><E37/><V104/><F1/><W36/><G110/><T68/><D76/><U121/><E121/><V106/><F108/><W70/><G33/><T63/><D25/><U103/><E103/><V123/><F126/><W19/><G105/><T91/><D91/><U113/><E113/><V20/><F116/><N who="1" m="44617" /><E4/><V88/><F58/><W17/><G82/><T77/><D97/><U27/><E61/><V124/><F124/><W65/><REACH who="3" step="1"/><G10/><REACH who="3" ten="277,313,236,164" step="2"/><T84/><D128/><U14/><E23/><V102/><F123/><W130/><G130/><T8/><D9/><U111/><E21/><V7/><F22/><W99/><G99/><T133/><D133/><U66/><E111/><V74/><F29/><W38/><G38/><T64/><D8/><U93/><E28/><V5/><F74/><W6/><G6/><T55/><D84/><U87/><E87/><V73/><F73/><W69/><G69/><T81/><D81/><U56/><E86/><V31/><F31/><W83/><G83/><T72/><D72/><U35/><E35/><V11/><F11/><W101/><G101/><T51/><D77/><U85/><E85/><V112/><F112/><W131/><G131/><T59/><D68/><U40/><E93/><V32/><F32/><W118/><G118/><T52/><D15/><U47/><E14/><N who="2" m="9303" /><F102/><W95/><G95/><T120/><D120/><U43/><E89/><V39/><F7/><W78/><G78/><T114/><D114/><U115/><E115/><RYUUKYOKU ba="0,1" sc="277,10,313,-30,236,10,164,10" hai0="45,50,51,52,55,57,59,63,64,67" hai2="5,39,42,46,88,94,96,104,106,107" hai3="16,17,19,36,41,48,49,60,65,70,75,79,80" /><INIT seed="3,1,1,4,2,53" ten="287,283,246,174" oya="3" hai0="90,27,21,45,13,135,16,107,111,110,15,11,22" hai1="121,99,62,57,52,28,60,18,5,79,76,48,26" hai2="2,83,91,36,126,103,74,19,0,100,101,109,23" hai3="39,58,119,88,82,96,40,84,20,12,59,105,89"/><W68/><G68/><T98/><D135/><U75/><E121/><V106/><F106/><W80/><G119/><T47/><D90/><U127/><E127/><V87/><F36/><W37/><G40/><T85/><D85/><U72/><E72/><V116/><F116/><W132/><G132/><T104/><D98/><U32/><E5/><V73/><F126/><W63/><G105/><N who="0" m="40523" /><D22/><N who="1" m="15447" /><E75/><V61/><F109/><N who="0" m="41482" /><D15/><U7/><E32/><V86/><F74/><W30/><G37/><T67/><D67/><U108/><E108/><V118/><F73/><W14/><G39/><T38/><D38/><U1/><E1/><V113/><F113/><W92/><G80/><T130/><D130/><U123/><E123/><V44/><F118/><W31/><G12/><T46/><D45/><U71/><E71/><V50/><F86/><W124/><G124/><T128/><D128/><U93/><E7/><AGARI ba="1,1" hai="7,11,13,16,21,27,46,47" m="41482,40523" machi="7" ten="30,2000,0" yaku="14,1,54,1" doraHai="53" who="0" fromWho="1" sc="287,33,283,-23,246,0,174,0" owari="320,42.0,260,6.0,246,-15.0,174,-33.0" /></mjloggm>