<mjloggm ver="2.3"><GO type="169" lobby="0"/><UN n0="%E6%9A%97%E3%81%84%E7%AC%A6" n1="%64%6F%6E%63%68%61%6E%33" n2="%E5%B0%B1%E6%B4%BB%E7%94%9F%40%E5%B7%9D%E6%9D%91%E8%BB%8D%E5%9B%A3" n3="%E3%83%89%E3%83%BC%E3%83%AB%E3%83%9F%E3%83%BC" dan="17,16,17,16" rate="2247.06,2151.98,2211.33,2084.13" sx="M,M,M,M"/><TAIKYOKU oya="0"/><INIT seed="0,0,0,1,3,21" ten="250,250,250,250" oya="0" hai0="40,55,127,3,111,96,20,15,91,120,9,28,59" hai1="133,1,68,65,82,123,116,62,57,47,38,128,24" hai2="86,100,4,14,119,43,126,5,129,87,135,27,134" hai3="85,34,84,130,115,41,33,30,58,117,113,125,42"/><T109/><D40/><U2/><E116/><V49/><F119/><W124/><G117/><T35/><D120/><U80/><E123/><V107/><F129/><W16/><G130/><T69/><D69/><U98/><E133/><N who="2" m="50699" /><F126/><W37/><G58/><T131/><D131/><U32/><E128/><V102/><F14/><W17/><REACH who="3" step="1"/><G30/><REACH who="3" ten="250,250,250,240" step="2"/><T50/><D127/><U45/><E57/><V44/><F107/><W83/><G83/><T19/><D96/><U73/><E80/><V8/><F102/><W89/><G89/><T114/><D91/><U110/><E98/><V31/><F100/><W112/><G112/><T60/><D114/><U70/><E70/><V122/><F122/><W6/><G6/><N who="2" m="2665" /><F8/><W77/><G77/><T56/><D9/><U7/><E7/><V74/><F74/><W103/><G103/><T92/><D59/><U0/><E47/><V93/><F93/><W22/><G22/><AGARI ba="0,1" hai="22,27,31,43,44,49,86,87" m="2665,50699" machi="22" ten="30,2000,0" yaku="20,1,52,1" doraHai="21" who="2" fromWho="3" sc="250,0,250,0,250,30,240,-20" /><INIT seed="1,0,0,0,0,38" ten="250,250,280,220" oya="1" hai0="47,117,97,133,54,10,66,115,86,6,29,68,119" hai1="56,15,130,11,118,65,22,51,103,95,8,70,123" hai2="42,0,2,82,36,128,75,112,79,9,23,50,58" hai3="100,126,92,102,96,120,64,91,52,31,73,105,43"/><U122/><E118/><V135/><F128/><W61/><G126/><T53/><D29/><U37/><E37/><V20/><F135/><W104/><G120/><T12/><D115/><U48/><E130/><V94/><F112/><W114/><G114/><T49/><D133/><U26/><E70/><V101/><F101/><W1/><G1/><T33/><D33/><U28/><E123/><V3/><F94/><W46/><G73/><T71/><D97/><N who="1" m="59839" /><E122/><V5/><F2/><W67/><G31/><T74/><D74/><U110/><E110/><V41/><F3/><W116/><G116/><T45/><D71/><U106/><E106/><V134/><F134/><W131/><G131/><T107/><D107/><U109/><E109/><V69/><F69/><W111/><G111/><T85/><D68/><U35/><E35/><V124/><F124/><W19/><G19/><T88/><D86/><U76/><E76/><V59/><F59/><N who="3" m="35047" /><G104/><T24/><D66/><N who="3" m="25129" /><G105/><T99/><D99/><U87/><E87/><V7/><F7/><W13/><G13/><T34/><D34/><U4/><E11/><V18/><F36/><W16/><G16/><T93/><D24/><U62/><AGARI ba="0,0" hai="4,8,15,22,26,28,48,51,56,62,65" m="59839" machi="62" ten="30,3000,0" yaku="25,1,8,1" doraHai="38" who="1" fromWho="1" sc="250,-10,250,30,280,-10,220,-10" /><INIT seed="1,1,0,2,4,98" ten="240,280,270,210" oya="1" hai0="82,2,127,97,15,16,7,37,119,85,18,29,31" hai1="11,135,84,62,72,3,77,114,79,57,92,128,99" hai2="125,73,68,83,120,76,56,40,39,108,132,87,105" hai3="42,88,107,117,52,6,47,44,45,46,111,13,34"/><U64/><E114/><V81/><F68/><W17/><G34/><T90/><D37/><U0/><E72/><V19/><F120/><W32/><G32/><T123/><D119/><U118/><E118/><V106/><F39/><W89/><G111/><T86/><D123/><U94/><E135/><V91/><F40/><W4/><G107/><T41/><D41/><U10/><E128/><V20/><F108/><W122/><G122/><T95/><D127/><U9/><E3/><V110/><F110/><W116/><G116/><T133/><D133/><U131/><E131/><V96/><F132/><W14/><G117/><T101/><D2/><U33/><E33/><V63/><F96/><W60/><G42/><T53/><D53/><U59/><E0/><V71/><F71/><W54/><G60/><T115/><D115/><U23/><E23/><V102/><F102/><W65/><G65/><T48/><D48/><U130/><E57/><V49/><F49/><N who="3" m="28735" /><G54/><T21/><D7/><N who="3" m="2601" /><G13/><N who="0" m="9359" /><D85/><U104/><E104/><V80/><F125/><W93/><G93/><T58/><D58/><U35/><E35/><V113/><F81/><W36/><G36/><T24/><D24/><U112/><E112/><V78/><F113/><W74/><G74/><T43/><D43/><U28/><E130/><V100/><F106/><W50/><G50/><T30/><D30/><U8/><E28/><V129/><F129/><W26/><G26/><T121/><D121/><U51/><N who="1" m="2048" /><DORA hai="103" /><U12/><E51/><V66/><F73/><W134/><G134/><T126/><D126/><U1/><E12/><N who="2" m="9319" /><F80/><W67/><G67/><RYUUKYOKU ba="1,0" sc="240,10,280,-30,270,10,210,10" hai0="15,18,29,31,82,86,90,95,97,101" hai2="56,63,66,76,78,83,87,91,100,105" hai3="14,17,44,45,46,88,89" /><INIT seed="2,2,0,1,0,49" ten="250,250,280,220" oya="2" hai0="14,122,74,10,86,112,69,83,7,66,60,103,64" hai1="2,19,12,99,91,1,135,123,87,117,26,27,28" hai2="133,132,127,48,120,35,128,67,107,90,15,89,78" hai3="68,109,42,118,43,65,61,93,113,53,130,3,98"/><V114/><F35/><W9/><G118/><T88/><D122/><U115/><E117/><V95/><F107/><W96/><G109/><T38/><D112/><U62/><E115/><V25/><F114/><W125/><G113/><T79/><D103/><U30/><E123/><V110/><F120/><W11/><G125/><T126/><D126/><U80/><E135/><V116/><F116/><W44/><G130/><T81/><D66/><U40/><E40/><V39/><F39/><W58/><G43/><T92/><D38/><U32/><E99/><V75/><F128/><W4/><G93/><T16/><REACH who="0" step="1"/><D83/><REACH who="0" ten="240,250,280,220" step="2"/><U51/><E51/><V106/><F127/><W102/><G102/><T31/><D31/><U77/><E62/><V104/><F104/><W59/><G68/><T108/><D108/><U37/><E37/><V46/><F106/><W71/><G71/><T105/><D105/><U47/><E47/><V21/><F110/><W33/><G44/><T131/><D131/><U55/><E28/><V6/><F132/><W36/><G36/><T54/><D54/><U57/><E30/><V101/><F133/><W24/><G42/><T56/><D56/><U29/><E55/><V50/><F67/><W22/><G65/><T84/><D84/><N who="1" m="48143" /><E57/><V111/><F111/><W70/><G59/><T63/><D63/><U134/><E29/><N who="2" m="17583" /><F101/><W124/><G124/><T34/><D34/><U76/><E32/><V13/><F46/><W94/><G70/><T119/><D119/><U100/><E134/><V0/><F50/><W82/><G33/><T45/><D45/><U129/><E129/><RYUUKYOKU ba="2,1" sc="240,30,250,-10,280,-10,220,-10" hai0="7,10,14,16,60,64,69,74,79,81,86,88,92" /><INIT seed="3,3,1,2,4,79" ten="270,240,270,210" oya="3" hai0="50,0,103,12,92,14,44,16,1,56,64,121,115" hai1="112,34,15,45,65,107,101,10,55,96,127,113,7" hai2="68,91,18,28,2,126,71,59,19,21,23,118,58" hai3="88,74,29,47,111,135,85,86,94,73,81,35,109"/><W110/><G135/><T105/><D105/><U114/><E34/><V26/><F2/><W52/><G35/><T130/><D121/><U108/><E108/><V54/><F118/><W76/><REACH who="3" step="1"/><G29/><REACH who="3" ten="270,240,270,200" step="2"/><T4/><D115/><U8/><E113/><V20/><F126/><W106/><G106/><T129/><D129/><U24/><E114/><V9/><F28/><W57/><G57/><T93/><D130/><U83/><E112/><V36/><F59/><W40/><G40/><T13/><D56/><U27/><E127/><V51/><F68/><W46/><G46/><T33/><D33/><U117/><E45/><V72/><F71/><W70/><G70/><T82/><D44/><U67/><E107/><V84/><F36/><W80/><G80/><T95/><D82/><U128/><E83/><N who="2" m="49567" /><F72/><W97/><G97/><T3/><D4/><U134/><E96/><V5/><F5/><W69/><G69/><T43/><D43/><U38/><E7/><V25/><F25/><W98/><G98/><T6/><D6/><U66/><E38/><V41/><F41/><W87/><G87/><T62/><D0/><U124/><E128/><V102/><F102/><W32/><G32/><T89/><D103/><U104/><E124/><V120/><F120/><W49/><AGARI ba="3,2" hai="47,49,52,73,74,76,81,85,86,88,94,109,110,111" machi="49" ten="40,18000,2" yaku="1,1,0,1,14,1,10,1,52,1,54,2,53,0" doraHai="79" doraHaiUra="22" who="3" fromWho="3" sc="270,-63,240,-63,270,-63,200,209" /><INIT seed="3,4,0,2,5,131" ten="207,177,207,409" oya="3" hai0="122,110,68,24,21,51,125,29,97,121,23,94,89" hai1="102,14,56,129,19,20,9,46,0,116,43,85,86" hai2="22,3,60,103,69,124,120,55,34,63,11,109,96" hai3="13,18,111,87,52,130,15,67,32,17,100,49,133"/><W16/><G130/><T30/><D68/><U39/><E129/><V41/><F34/><W77/><G100/><T58/><D125/><U38/><E116/><V12/><F124/><W33/><G67/><T112/><D110/><U31/><E38/><V95/><F109/><W81/><G133/><T65/><D112/><U82/><E102/><V37/><F120/><W92/><G111/><T1/><D1/><U115/><E115/><V78/><F78/><W134/><G134/><T64/><D122/><U40/><E40/><V5/><F69/><W70/><G92/><T42/><D121/><U98/><E98/><V104/><F104/><W88/><G77/><T71/><D71/><U25/><E56/><V53/><F37/><W107/><G107/><T73/><D73/><U127/><E127/><V83/><F41/><W118/><G118/><T54/><REACH who="0" step="1"/><D42/><REACH who="0" ten="197,177,207,409" step="2"/><U27/><E0/><V44/><F3/><W8/><G70/><T105/><D105/><U113/><E113/><V99/><F55/><W75/><G75/><T10/><D10/><U61/><E9/><V66/><F11/><W135/><G135/><T4/><D4/><U79/><E43/><V36/><F5/><W132/><G132/><T93/><D93/><U76/><E39/><V48/><F36/><W72/><G72/><T101/><D101/><U7/><E7/><V108/><F108/><W47/><G17/><T6/><D6/><U128/><E128/><V45/><F95/><W57/><G57/><T84/><D84/><U114/><E85/><V26/><F103/><W91/><G91/><T126/><D126/><RYUUKYOKU ba="4,1" sc="197,15,177,-15,207,-15,409,15" hai0="21,23,24,29,30,51,54,58,64,65,89,94,97" hai3="8,13,15,16,18,32,33,47,49,52,81,87,88" /><INIT seed="3,5,1,5,4,112" ten="212,162,192,424" oya="3" hai0="52,67,46,114,97,16,101,68,64,32,22,38,93" hai1="48,105,73,80,6,94,31,116,121,40,66,1,61" hai2="33,54,103,62,130,125,115,71,58,20,91,95,23" hai3="108,12,124,17,126,88,49,89,14,135,8,28,9"/><W119/><G119/><T77/><D32/><U70/><E94/><V118/><F118/><W27/><G135/><T21/><D68/><U117/><E121/><V11/><F115/><W42/><G108/><T85/><D38/><U111/><E48/><V10/><F33/><W128/><G128/><T106/><D22/><N who="2" m="8234" /><F71/><W98/><G27/><T15/><D114/><U44/><E111/><V83/><F130/><W30/><G42/><T55/><D106/><U127/><E127/><N who="3" m="48682" /><G49/><N who="0" m="28727" /><D55/><U102/><E31/><N who="3" m="11818" /><G98/><T24/><D24/><U59/><E59/><V120/><F120/><W2/><G2/><T78/><D85/><U41/><E41/><V99/><F125/><W107/><G107/><T7/><D7/><AGARI ba="5,1" hai="7,8,9,12,14,17,88,89" m="11818,48682" machi="7" ten="30,2900,0" yaku="18,1,54,1" doraHai="112" who="3" fromWho="0" sc="212,-44,162,0,192,0,424,54" /><INIT seed="3,6,0,4,3,2" ten="168,162,192,478" oya="3" hai0="61,45,72,60,133,123,131,111,36,43,126,46,69" hai1="99,96,65,79,21,121,106,13,110,71,120,85,34" hai2="103,86,18,81,64,41,3,7,74,112,37,91,44" hai3="95,50,89,58,15,29,23,117,130,135,6,53,84"/><W122/><G135/><T77/><D77/><U68/><E34/><V124/><F112/><W4/><G130/><T102/><D102/><U10/><E21/><V116/><F124/><W66/><G117/><T128/><D72/><U107/><E13/><V17/><F116/><W12/><G122/><T38/><D123/><U26/><E26/><V93/><F64/><W35/><G35/><T114/><D111/><U115/><E65/><V24/><F24/><N who="3" m="16543" /><G66/><N who="0" m="41159" /><D61/><U83/><E10/><N who="2" m="2431" /><F103/><W127/><G127/><T125/><D114/><U19/><E19/><V73/><F73/><W70/><G70/><T33/><D33/><U39/><E39/><V56/><F56/><W75/><G75/><T57/><D57/><U48/><E48/><V82/><F82/><W51/><G50/><T134/><D45/><U0/><E0/><V98/><F98/><W55/><G53/><T40/><D40/><U76/><E83/><V67/><F67/><W63/><G63/><T92/><D36/><U54/><E115/><V62/><F62/><W105/><G105/><T94/><D94/><U97/><E54/><V25/><F25/><W47/><G47/><T31/><D92/><U20/><E71/><V42/><F42/><W1/><G1/><T90/><D43/><U30/><E68/><V49/><F49/><W59/><G59/><T16/><D38/><U78/><E121/><V119/><F119/><W32/><G32/><T9/><D125/><U88/><E120/><V5/><F5/><AGARI ba="6,0" hai="4,5,6,12,15,51,55,58,84,89,95" m="16543" machi="5" ten="30,11600,0" yaku="8,1,52,3" doraHai="2" who="3" fromWho="2" sc="168,0,162,0,192,-134,478,134" /><INIT seed="3,7,0,3,1,107" ten="168,162,58,612" oya="3" hai0="95,0,32,123,69,105,98,81,45,126,88,71,61" hai1="36,66,131,6,109,55,52,94,1,118,27,130,112" hai2="3,121,11,13,80,56,26,129,8,57,99,87,114" hai3="16,78,21,96,49,84,54,30,41,75,86,37,28"/><W132/><G132/><T34/><D0/><U72/><E112/><V5/><F114/><W25/><G37/><T7/><D7/><U67/><E36/><V38/><F38/><W117/><G41/><T24/><D123/><U97/><E109/><V62/><F121/><W110/><G117/><T29/><D45/><U51/><E118/><V50/><F129/><N who="1" m="49161" /><E27/><V70/><F99/><W76/><G110/><T40/><D40/><U65/><E72/><V103/><F103/><W93/><G75/><T35/><D126/><U120/><E120/><V102/><F102/><N who="3" m="60687" /><G86/><T43/><D43/><U44/><E55/><V133/><F133/><W100/><G100/><T89/><D105/><U135/><E135/><V64/><F26/><W14/><G84/><T106/><D106/><U111/><E111/><V12/><F3/><W58/><G25/><T116/><D116/><U73/><E73/><V2/><F2/><W134/><G134/><T53/><D71/><U90/><E67/><V15/><F50/><W19/><G19/><T85/><REACH who="0" step="1"/><D53/><REACH who="0" ten="158,162,58,612" step="2"/><U10/><AGARI ba="7,1" hai="1,6,10,44,51,52,65,66,90,94,97" m="49161" machi="10" ten="30,2000,0" yaku="19,1,54,1" doraHai="107" who="1" fromWho="1" sc="158,-12,162,51,58,-12,612,-17" /><INIT seed="4,0,0,4,0,15" ten="146,213,46,595" oya="0" hai0="87,8,42,86,80,64,75,92,103,10,123,81,33" hai1="62,46,115,2,117,53,127,106,128,36,35,17,18" hai2="114,24,109,52,39,41,83,85,76,45,21,13,49" hai3="94,108,57,19,54,101,67,111,58,131,56,122,132"/><T31/><D123/><U44/><E117/><V6/><F109/><W118/><G118/><T129/><D75/><U12/><E35/><V102/><F114/><W3/><G3/><T77/><D129/><U135/><E2/><V105/><F105/><W107/><G107/><T120/><D64/><U32/><E32/><V93/><F102/><W26/><G132/><T28/><D120/><U37/><E106/><V0/><F0/><W38/><G38/><T1/><D42/><U134/><E128/><V27/><F93/><W68/><G68/><T100/><D33/><U11/><E115/><V88/><F76/><W59/><G67/><T14/><D1/><U25/><E127/><V91/><F91/><W110/><G122/><T5/><D8/><U121/><E121/><V126/><F126/><W51/><G131/><T60/><D60/><U130/><E130/><V84/><F84/><W48/><G48/><T78/><REACH who="0" step="1"/><D92/><REACH who="0" ten="136,213,46,595" step="2"/><U97/><E62/><V9/><REACH who="2" step="1"/><F21/><REACH who="2" ten="136,213,36,595" step="2"/><N who="3" m="13631" /><G111/><T47/><D47/><AGARI ba="0,2" hai="6,9,13,24,27,39,41,45,47,49,52,83,85,88" machi="47" ten="30,8000,1" yaku="1,1,7,1,54,2,53,1" doraHai="15" doraHaiUra="50" who="2" fromWho="0" sc="136,-80,213,0,36,100,595,0" /><INIT seed="5,0,0,5,0,108" ten="56,213,136,595" oya="1" hai0="127,66,110,7,72,85,100,92,43,25,30,45,121" hai1="106,53,44,70,65,15,77,78,4,41,122,0,84" hai2="135,120,113,47,2,102,64,117,9,73,31,22,6" hai3="94,48,20,67,112,63,96,99,109,118,83,18,33"/><U131/><E122/><V27/><F73/><W39/><G109/><T14/><D72/><U61/><E106/><V75/><F75/><W104/><G39/><T32/><D110/><U91/><E0/><V10/><F64/><W133/><G33/><T50/><D121/><U60/><E131/><V119/><F102/><W34/><G34/><T93/><D127/><U128/><E128/><V81/><F81/><W132/><G104/><T38/><D38/><U56/><E4/><N who="2" m="1175" /><F47/><W51/><G83/><T8/><D100/><U124/><E15/><N who="2" m="5591" /><F120/><W19/><G19/><T129/><D129/><U79/><E124/><V5/><F5/><W134/><G96/><T88/><REACH who="0" step="1"/><D66/><REACH who="0" ten="46,213,136,595" step="2"/><U17/><E65/><V69/><F69/><N who="3" m="42239" /><G118/><N who="2" m="45065" /><F135/><W82/><G82/><AGARI ba="0,1" hai="7,8,14,25,30,32,43,45,50,82,85,88,92,93" machi="82" ten="30,3900,0" yaku="1,1,7,1,54,1,53,0" doraHai="108" doraHaiUra="58" who="0" fromWho="3" sc="46,49,213,0,136,0,595,-39" /><INIT seed="6,0,0,4,1,135" ten="95,213,136,556" oya="2" hai0="81,125,16,11,113,44,55,120,127,108,28,59,82" hai1="2,9,45,43,71,85,70,116,124,32,10,130,20" hai2="114,50,73,72,66,80,100,15,101,12,102,24,90" hai3="29,57,104,65,110,25,39,83,13,132,53,129,106"/><V60/><F114/><W7/><G39/><T30/><D120/><U84/><E32/><V3/><F3/><W4/><G65/><T123/><D123/><U121/><E116/><V126/><F126/><N who="0" m="48138" /><D108/><U134/><E20/><V17/><F24/><W88/><G4/><T76/><D44/><U79/><E43/><V34/><F34/><W68/><G53/><T62/><D113/><U75/><E45/><V86/><F50/><W19/><G83/><N who="0" m="31755" /><D76/><U46/><E79/><V56/><REACH who="2" step="1"/><F12/><AGARI ba="0,0" hai="11,12,16,28,30,55,59,62" m="31755,48138" machi="12" ten="30,8000,1" yaku="18,1,52,3,54,1" doraHai="135" who="0" fromWho="2" sc="95,80,213,0,136,-80,556,0" /><INIT seed="7,0,0,0,1,22" ten="175,213,56,556" oya="3" hai0="133,21,93,46,72,2,114,102,125,120,119,76,91" hai1="24,106,63,66,113,12,92,26,34,53,86,99,44" hai2="108,60,90,4,32,42,48,54,49,11,55,112,16" hai3="111,107,68,59,116,69,28,128,78,101,8,100,103"/><W47/><G116/><T41/><D2/><U97/><E113/><V74/><F74/><W96/><G128/><T10/><D10/><U105/><E12/><V84/><F108/><W15/><G111/><T75/><D120/><U131/><E131/><V85/><F112/><W135/><G135/><T123/><D123/><U31/><E24/><V124/><F124/><W43/><G78/><T14/><D119/><U62/><E86/><V122/><F122/><W61/><G100/><T57/><D102/><U121/><E121/><V104/><F104/><W18/><G101/><T27/><D14/><U73/><E73/><V64/><F32/><W127/><G127/><T83/><D57/><U40/><E53/><V30/><F30/><W45/><G28/><T77/><D133/><U51/><E63/><V81/><F42/><W35/><G35/><T129/><D129/><U70/><E97/><V110/><F110/><W67/><REACH who="3" step="1"/><G47/><REACH who="3" ten="175,213,56,546" step="2"/><T80/><D125/><U117/><E117/><V20/><F84/><W23/><G23/><T33/><D33/><U36/><E31/><V37/><F37/><AGARI ba="0,1" hai="8,15,18,37,43,45,59,61,67,68,69,96,103,107" machi="37" ten="30,2900,0" yaku="1,1,7,1,53,0" doraHai="22" doraHaiUra="130" who="3" fromWho="2" sc="175,0,213,0,56,-29,546,39" owari="175,-22.0,213,1.0,27,-47.0,585,68.0" /></mjloggm>