<mjloggm ver="2.3"><GO type="169" lobby="0"/><UN n0="%E3%82%A6%E3%83%AB%E3%83%88%E3%83%A9%E7%AB%8B%E7%9B%B4" n1="%E7%A8%B2%E4%BD%9C%E3%83%B4%E3%82%A9%E3%83%AB%E3%82%B1%E3%82%A4%E3%83%8E" n2="%70%69%2D%70%6F" n3="%E3%81%AE%E3%81%B3%E3%81%97%E3%82%8D%E2%99%82" dan="17,18,18,16" rate="2227.12,2201.48,2194.68,2077.82" sx="M,M,M,M"/><TAIKYOKU oya="0"/><INIT seed="0,0,0,0,3,36" ten="250,250,250,250" oya="0" hai0="12,13,39,59,35,106,116,14,30,120,64,7,3" hai1="131,86,24,83,130,45,61,98,63,44,57,18,73" hai2="109,32,96,25,48,89,40,102,122,87,5,114,70" hai3="129,123,92,41,31,51,22,54,26,46,71,69,67"/><T49/><D39/><U88/><E73/><V90/><F122/><W101/><G123/><T56/><D116/><U99/><E61/><V0/><F70/><W79/><G129/><N who="1" m="49162" /><E24/><V75/><F75/><W78/><G54/><T121/><D106/><U133/><E133/><V111/><F114/><W84/><G84/><T43/><D121/><U85/><E18/><V128/><F128/><W126/><G126/><T47/><D120/><U15/><E15/><V112/><F87/><W23/><G23/><T93/><D35/><U134/><E134/><V33/><F112/><W66/><G71/><T55/><D30/><U19/><E19/><V135/><F135/><W65/><REACH who="3" step="1"/><G69/><REACH who="3" ten="250,250,250,240" step="2"/><T8/><D64/><N who="1" m="39023" /><E85/><V91/><F33/><W105/><G105/><T119/><D119/><U97/><AGARI ba="0,1" hai="44,45,83,86,88,97,98,99" m="39023,49162" machi="97" ten="30,2000,0" yaku="19,1,54,1" doraHai="36" who="1" fromWho="1" sc="250,-10,250,30,250,-5,240,-5" /><INIT seed="1,0,0,4,2,115" ten="240,280,245,235" oya="1" hai0="49,53,128,132,40,129,102,57,24,97,70,123,60" hai1="7,77,34,20,41,47,52,67,27,81,17,18,74" hai2="5,11,90,92,0,38,116,19,54,65,36,8,3" hai3="124,72,112,126,120,56,12,55,68,87,48,134,127"/><U99/><E34/><V133/><F65/><W89/><G72/><T104/><D132/><U105/><E67/><V1/><F133/><W93/><G112/><T15/><D123/><U9/><E105/><V86/><F116/><W125/><G134/><T75/><D75/><U21/><E99/><V71/><F71/><W44/><G68/><T94/><D15/><U131/><E131/><N who="0" m="50249" /><D24/><U118/><E118/><V113/><F113/><W39/><N who="3" m="32256" /><DORA hai="62" /><W4/><G120/><T42/><D94/><U76/><E76/><V110/><F110/><W30/><G30/><T50/><D50/><U84/><E74/><V51/><F19/><W135/><G135/><T107/><D107/><U88/><E77/><V100/><F100/><W25/><G25/><T66/><AGARI ba="0,0" hai="40,42,49,53,57,60,66,70,97,102,104" m="50249" machi="66" ten="30,2000,0" yaku="19,1,52,1" doraHai="115,62" who="0" fromWho="0" sc="240,20,280,-10,245,-5,235,-5" /><INIT seed="2,0,0,4,5,3" ten="260,270,240,230" oya="2" hai0="12,73,115,11,107,83,46,132,100,84,119,71,20" hai1="109,77,124,58,22,28,53,99,7,61,34,60,68" hai2="114,96,101,8,52,126,125,91,42,29,105,14,45" hai3="135,98,112,95,82,75,59,123,94,89,92,43,47"/><V108/><F114/><W66/><G135/><T86/><D71/><U102/><E109/><V10/><F29/><W67/><G112/><T48/><D115/><U31/><E124/><N who="2" m="47723" /><F108/><W63/><G123/><T106/><D132/><U72/><E34/><V9/><F91/><W30/><G67/><T78/><D20/><U56/><E68/><V55/><F14/><W127/><G127/><T18/><D119/><U134/><E134/><V33/><F33/><W62/><G62/><T17/><D17/><U90/><E90/><V64/><F64/><W130/><G130/><T5/><D18/><U16/><E7/><V50/><AGARI ba="0,0" hai="8,9,10,42,45,50,52,55,96,101,105" m="47723" machi="50" ten="30,3000,0" yaku="18,1,54,1" doraHai="3" who="2" fromWho="2" sc="260,-10,270,-10,240,30,230,-10" /><INIT seed="2,1,0,1,2,77" ten="250,260,270,220" oya="2" hai0="129,7,111,60,19,105,69,133,46,128,91,78,103" hai1="12,115,14,94,35,90,101,34,122,32,82,107,123" hai2="23,29,76,68,2,6,119,31,42,113,121,131,33" hai3="97,56,116,58,45,130,89,95,21,100,132,71,48"/><V92/><F68/><W124/><G132/><T81/><D7/><U26/><E115/><V47/><F113/><W59/><G130/><T118/><D133/><U44/><E26/><V17/><F119/><W38/><G124/><T127/><D127/><U88/><E107/><V117/><F117/><W4/><G71/><T72/><D118/><U57/><E57/><V74/><F121/><N who="1" m="46089" /><E44/><V108/><F131/><W134/><G134/><T61/><D111/><U8/><E82/><N who="2" m="45335" /><F33/><W52/><G116/><T84/><D46/><U93/><E101/><V70/><F92/><N who="1" m="35433" /><E8/><N who="2" m="2135" /><F70/><W67/><G4/><T106/><D103/><U55/><E55/><V10/><F10/><W50/><G38/><T16/><D129/><U22/><E22/><V24/><F108/><W63/><G21/><T83/><D128/><U110/><E110/><V36/><AGARI ba="1,0" hai="17,23,24,29,31,36,42,47" m="2135,45335" machi="36" ten="30,3000,0" yaku="25,1,52,1" doraHai="77" who="2" fromWho="2" sc="250,-11,260,-11,270,33,220,-11" /><INIT seed="2,2,0,0,2,120" ten="239,249,303,209" oya="2" hai0="129,105,3,87,126,76,106,102,55,84,115,112,26" hai1="74,58,83,111,15,6,2,53,114,42,88,80,82" hai2="5,38,98,47,104,108,40,69,65,9,101,119,16" hai3="32,1,100,118,107,49,131,41,25,73,123,21,54"/><V37/><F119/><W30/><G131/><T113/><D3/><U36/><E114/><V12/><F38/><W44/><G123/><T72/><D26/><U48/><E15/><V56/><F108/><W135/><G135/><T99/><D55/><U70/><E70/><V96/><F96/><W121/><G73/><T67/><D67/><U117/><E117/><V28/><F28/><W31/><G121/><T61/><D61/><U132/><E132/><V133/><F133/><W94/><G107/><T97/><D126/><U110/><E88/><V59/><REACH who="2" step="1"/><F5/><REACH who="2" ten="239,249,293,209" step="2"/><W43/><G31/><T27/><D129/><U4/><E74/><V18/><F18/><W68/><G30/><T29/><D29/><U60/><E36/><V66/><F66/><W33/><G118/><T35/><D35/><U19/><E19/><V71/><F71/><W125/><G68/><T51/><D99/><U95/><E95/><V63/><AGARI ba="2,1" hai="9,12,16,37,40,47,56,59,63,65,69,98,101,104" machi="63" ten="30,6000,0" yaku="1,1,0,1,54,1,53,0" doraHai="120" doraHaiUra="75" who="2" fromWho="2" sc="239,-22,249,-22,293,76,209,-22" /><INIT seed="2,3,0,5,2,25" ten="217,227,369,187" oya="2" hai0="75,97,124,78,91,121,96,55,60,99,95,40,113" hai1="45,30,11,90,21,52,57,115,71,73,7,110,59" hai2="107,35,62,6,14,101,32,109,94,15,48,93,116" hai3="13,26,72,111,51,70,106,117,37,76,8,100,24"/><V102/><F116/><W133/><G37/><T80/><D113/><U127/><E115/><V77/><F77/><W63/><G111/><T79/><D40/><U1/><E71/><V74/><F109/><W86/><G72/><T39/><D39/><U44/><E110/><V85/><F74/><W10/><G10/><T120/><D55/><U61/><E73/><V41/><F41/><W66/><G133/><T27/><D60/><U103/><E127/><V130/><F62/><W67/><G67/><T118/><D27/><U31/><E103/><V131/><F85/><W19/><G117/><T49/><D49/><U89/><E59/><V56/><F56/><W105/><G51/><T135/><D118/><U104/><E104/><V29/><F48/><W112/><G112/><T129/><D124/><U46/><REACH who="1" step="1"/><E21/><REACH who="1" ten="217,217,369,187" step="2"/><V42/><F107/><W83/><G106/><T128/><D135/><U122/><E122/><N who="0" m="47209" /><D79/><U12/><E12/><V20/><F20/><W38/><G100/><T4/><D4/><U9/><E9/><V92/><F6/><W87/><G105/><T47/><D47/><U88/><AGARI ba="3,1" hai="1,7,11,30,31,44,45,46,52,57,61,88,89,90" machi="88" ten="30,12000,2" yaku="1,1,0,1,52,2,54,2,53,1" doraHai="25" doraHaiUra="53" who="1" fromWho="1" sc="217,-33,217,139,369,-63,187,-33" /><INIT seed="3,0,0,1,1,89" ten="184,356,306,154" oya="3" hai0="22,9,34,46,132,66,100,125,23,77,61,108,105" hai1="106,1,102,131,39,24,120,118,57,84,74,90,0" hai2="50,4,128,75,54,93,43,134,44,68,32,126,59" hai3="98,31,2,38,58,21,121,56,72,70,111,16,7"/><W14/><G70/><T127/><D34/><U35/><E120/><V62/><F126/><N who="0" m="48138" /><D108/><U15/><E74/><V37/><F134/><W67/><G121/><T81/><D132/><U48/><E39/><V20/><F32/><W112/><G112/><T82/><D82/><U86/><E131/><V95/><F128/><W73/><G38/><T6/><D46/><U49/><E15/><V63/><F75/><W65/><G111/><T71/><D100/><U47/><E86/><V51/><F4/><W64/><G72/><N who="0" m="43175" /><D105/><U5/><E102/><V30/><F37/><W79/><G98/><T28/><D28/><U116/><E106/><V29/><F29/><W78/><G31/><T101/><D101/><U40/><E35/><V109/><F109/><W122/><G122/><T45/><D45/><U26/><E47/><V33/><F33/><W76/><REACH who="3" step="1"/><G73/><REACH who="3" ten="184,356,306,144" step="2"/><T94/><D94/><N who="2" m="35850" /><F68/><W88/><G88/><T130/><D130/><U11/><E90/><V69/><F69/><W60/><G60/><T96/><D96/><U55/><E84/><V87/><F87/><W119/><G119/><T85/><D85/><U12/><E118/><V117/><F117/><W17/><G17/><T18/><D18/><U97/><E116/><V129/><F129/><W99/><G99/><T53/><D61/><U133/><E97/><V92/><F92/><W135/><G135/><T10/><D71/><U114/><E133/><V110/><F110/><W107/><G107/><T36/><D36/><U8/><E114/><V25/><AGARI ba="0,1" hai="20,25,30,43,44,50,51,54,59,62,63" m="35850" machi="25" ten="30,7900,0" yaku="8,1,52,3" doraHai="89" who="2" fromWho="2" sc="184,-20,356,-20,306,89,144,-39" /><INIT seed="4,0,0,5,4,28" ten="164,336,395,105" oya="0" hai0="2,67,4,112,31,117,9,80,44,105,5,43,91" hai1="124,79,65,41,15,106,69,92,58,60,12,13,107" hai2="38,0,104,62,99,45,66,27,33,22,35,95,130" hai3="57,86,85,121,100,39,56,111,1,23,20,30,16"/><T61/><D105/><U10/><E124/><V37/><F0/><W68/><G68/><T119/><D112/><U134/><E134/><V24/><F104/><W64/><G111/><T8/><D91/><U29/><E79/><V59/><F130/><W34/><G121/><T48/><D80/><U46/><E10/><V97/><F97/><W11/><G39/><T76/><D76/><U49/><E92/><V116/><F116/><W40/><G40/><T101/><D101/><U133/><E133/><V21/><F21/><W47/><G47/><T94/><D94/><U115/><E115/><V96/><F96/><W50/><G100/><T75/><D75/><U6/><E6/><V83/><F83/><W114/><G114/><T135/><D31/><U122/><E122/><V82/><F82/><W87/><G64/><T132/><D132/><U93/><E93/><V98/><F98/><W7/><G50/><T36/><D48/><U63/><E29/><N who="2" m="17559" /><F27/><N who="3" m="18783" /><G23/><T53/><D53/><U77/><E77/><V89/><F89/><W78/><G78/><T110/><D110/><U72/><E72/><V123/><F123/><W3/><G3/><N who="0" m="31" /><D135/><U120/><E120/><V113/><F113/><W125/><G125/><T102/><D102/><U131/><E107/><V19/><F38/><W108/><G108/><T90/><D90/><U129/><E106/><V73/><F73/><W32/><G32/><T71/><AGARI ba="0,0" hai="2,5,9,36,43,44,61,67,71,117,119" m="31" machi="71" ten="30,1500,0" yaku="23,1" doraHai="28" who="0" fromWho="0" sc="164,15,336,-5,395,-5,105,-5" /><INIT seed="4,1,0,3,2,70" ten="179,331,390,100" oya="0" hai0="93,9,133,50,28,134,68,55,97,48,101,82,123" hai1="130,89,56,4,24,96,86,66,91,44,94,11,129" hai2="42,25,78,127,98,22,120,20,64,41,58,17,92" hai3="128,121,83,63,73,71,46,90,15,115,57,51,114"/><T100/><D68/><U76/><E76/><V125/><F120/><W39/><G71/><T132/><D123/><U54/><E66/><V40/><F78/><W53/><G121/><T1/><D28/><U52/><E24/><V59/><F22/><W62/><G128/><N who="1" m="49258" /><E44/><V60/><REACH who="2" step="1"/><F59/><REACH who="2" ten="179,331,380,100" step="2"/><W105/><G57/><T69/><D69/><U29/><E56/><V13/><F13/><W80/><G15/><T67/><D1/><N who="1" m="399" /><E29/><V109/><F109/><W65/><G115/><T99/><D9/><U7/><E7/><V77/><F77/><W10/><G10/><T126/><D133/><U0/><E0/><V72/><F72/><W36/><G73/><T38/><D132/><U2/><E2/><V124/><F124/><W110/><G110/><T108/><D126/><U27/><E27/><V12/><F12/><W14/><G14/><T26/><D26/><U31/><E31/><V6/><F6/><W21/><G21/><T85/><D134/><U81/><AGARI ba="1,1" hai="52,54,81,86,89,91,94,96" m="399,49258" machi="81" ten="30,2000,0" yaku="19,1,54,1" doraHai="70" who="1" fromWho="1" sc="179,-11,331,33,380,-6,100,-6" /><INIT seed="5,0,0,3,4,61" ten="168,364,374,94" oya="1" hai0="48,68,89,44,127,7,125,108,102,77,58,119,106" hai1="33,39,29,59,100,105,67,8,4,104,70,76,69" hai2="128,116,30,73,28,12,72,50,129,91,133,36,35" hai3="121,117,51,122,113,96,47,130,114,19,84,109,115"/><U95/><E39/><V126/><F36/><W135/><G96/><T78/><D68/><U0/><E76/><V49/><F116/><W88/><G135/><T93/><D108/><U86/><E86/><V85/><F133/><W83/><G130/><N who="2" m="50281" /><F126/><W14/><G109/><T55/><D7/><U94/><E59/><V52/><F12/><W103/><G103/><T16/><D102/><U24/><E69/><V65/><F65/><W132/><G132/><T134/><D106/><U79/><E79/><V1/><F1/><W71/><G71/><T97/><D119/><U92/><REACH who="1" step="1"/><E100/><REACH who="1" ten="168,354,374,94" step="2"/><V110/><F110/><W27/><G117/><T15/><D78/><U80/><E80/><N who="2" m="49575" /><F50/><W120/><G27/><T90/><D77/><U81/><E81/><V111/><F111/><W64/><G64/><T26/><D134/><U11/><E11/><V32/><F73/><W2/><G2/><T99/><D127/><U87/><E87/><V45/><F72/><W53/><REACH who="3" step="1"/><G122/><REACH who="3" ten="168,354,374,84" step="2"/><T42/><D125/><U131/><E131/><V3/><F3/><W10/><AGARI ba="0,2" hai="10,14,19,47,51,53,83,84,88,113,114,115,120,121" machi="10" ten="30,12000,2" yaku="1,1,2,1,0,1,25,2,15,1,54,1,53,0" doraHai="61" doraHaiUra="21" who="3" fromWho="3" sc="168,-30,354,-60,374,-30,84,140" /><INIT seed="6,0,0,1,4,51" ten="138,294,344,224" oya="2" hai0="102,20,93,96,106,69,43,63,72,23,104,130,25" hai1="53,117,89,81,123,90,91,85,44,70,124,95,21" hai2="122,66,28,14,24,42,26,100,68,57,119,64,30" hai3="129,98,32,50,2,109,49,67,79,113,12,36,71"/><V78/><F122/><W111/><G36/><T115/><D72/><U6/><E117/><V59/><F68/><W125/><G2/><T120/><D120/><U88/><E123/><V73/><F42/><W126/><G32/><T74/><D74/><U131/><E70/><V107/><F14/><W86/><G129/><T3/><D3/><U58/><E131/><V17/><F17/><W39/><G39/><T112/><D130/><U5/><E124/><N who="3" m="47722" /><G113/><T118/><D118/><U55/><E95/><V116/><F73/><W92/><G12/><T11/><D43/><U108/><E108/><V56/><F78/><W15/><G15/><T84/><D11/><U16/><E44/><V22/><F100/><N who="3" m="60487" /><G49/><T46/><D23/><U76/><E76/><V40/><F40/><W101/><G101/><T4/><D102/><U33/><E33/><V7/><F7/><N who="1" m="2569" /><E58/><V52/><F107/><W105/><G50/><T34/><D106/><U82/><E82/><V114/><F57/><W31/><G31/><T19/><D104/><U47/><E47/><V103/><F103/><W83/><G105/><T94/><D46/><U75/><E75/><V13/><F114/><W87/><G86/><T80/><D34/><U60/><E60/><AGARI ba="0,0" hai="60,67,71,79,83,87,109,111" m="60487,47722" machi="60" ten="30,1000,0" yaku="18,1" doraHai="51" who="3" fromWho="1" sc="138,0,294,-10,344,0,224,10" /><INIT seed="7,0,0,4,1,74" ten="138,284,344,234" oya="3" hai0="21,37,4,39,64,57,88,91,120,135,71,67,19" hai1="76,16,49,134,17,27,87,90,2,66,109,69,6" hai2="41,51,117,38,100,52,133,48,0,112,81,15,108" hai3="31,28,46,104,62,83,84,97,122,54,14,12,32"/><W132/><G132/><T23/><D71/><U110/><E134/><V73/><F0/><W58/><G12/><T79/><D135/><U29/><E76/><V78/><F133/><W124/><G32/><T105/><D57/><U98/><E98/><V24/><F100/><W5/><G124/><T129/><D4/><U43/><E110/><V92/><F38/><W50/><G122/><T95/><D95/><U96/><E96/><V121/><F15/><W75/><G75/><T11/><D11/><U36/><E36/><V130/><F24/><W128/><G128/><T114/><D19/><U40/><E109/><V118/><F108/><W70/><G70/><T7/><D7/><U99/><E99/><V85/><F130/><W34/><G34/><T68/><D68/><U86/><E6/><V72/><F121/><W115/><G115/><T106/><D129/><U22/><E2/><V55/><F112/><W82/><G82/><T35/><D35/><U61/><E87/><V20/><F81/><W13/><G97/><T107/><D107/><U59/><E69/><V1/><F1/><W102/><G102/><T60/><D60/><U93/><E49/><V127/><F73/><W53/><G104/><T113/><D120/><U116/><E116/><V125/><F72/><W47/><G47/><T89/><D89/><U65/><E65/><V18/><F117/><W123/><G123/><T111/><D111/><U44/><E44/><V77/><F118/><W131/><G131/><T3/><D3/><U45/><E45/><V119/><F119/><W25/><G5/><T56/><D56/><RYUUKYOKU ba="0,0" sc="138,15,284,15,344,-15,234,-15" hai0="21,23,37,39,64,67,79,88,91,105,106,113,114" hai1="16,17,22,27,29,40,43,59,61,66,86,90,93" owari="153,-35.0,299,10.0,329,43.0,219,-18.0" /></mjloggm>