<mjloggm ver="2.3"><GO type="169" lobby="0"/><UN n0="%41%2D%2D%42%2D%2D%43%32" n1="%E3%83%88%E3%83%88%E3%83%AA%E5%85%88%E7%94%9F%31%39%E6%AD%B3" n2="%E3%83%95%E3%83%AA%E3%83%86%E3%83%B3" n3="%E2%80%A0%41%71%75%61%E2%80%A0" dan="16,18,17,16" rate="2040.89,2243.81,2108.50,2161.17" sx="M,F,M,M"/><TAIKYOKU oya="0"/><INIT seed="0,0,0,1,3,13" ten="250,250,250,250" oya="0" hai0="50,57,125,35,73,25,28,96,43,61,67,2,76" hai1="84,10,69,108,75,111,130,86,46,32,71,118,11" hai2="58,102,116,77,30,3,120,117,90,66,54,56,105" hai3="78,97,99,8,107,82,123,0,18,40,92,51,52"/><T22/><D2/><U110/><E46/><V132/><F3/><W55/><G107/><T122/><D122/><U85/><E32/><V16/><F30/><W133/><G133/><T26/><D125/><U14/><E75/><V49/><F120/><W24/><G123/><T59/><D96/><U33/><E33/><V12/><F77/><W1/><G1/><T27/><D76/><U34/><E34/><V89/><F132/><W29/><G40/><T15/><D73/><U80/><E118/><N who="2" m="45675" /><F102/><W47/><G55/><T42/><D35/><U4/><E130/><V134/><F105/><W121/><G121/><T119/><D119/><U115/><E80/><V95/><F134/><W65/><G65/><T114/><D114/><U128/><E128/><V101/><F101/><W63/><G63/><T5/><D28/><U103/><E103/><V62/><F95/><W131/><G131/><T126/><D126/><U129/><E129/><V72/><F72/><W36/><G36/><T53/><REACH who="0" step="1"/><D5/><REACH who="0" ten="240,250,250,250" step="2"/><N who="1" m="3407" /><E115/><V91/><F90/><W7/><G29/><T81/><D81/><U106/><E106/><V93/><F93/><W31/><G31/><T20/><D20/><AGARI ba="0,1" hai="12,16,20,49,54,56,58,62,66,89,91" m="45675" machi="20" ten="30,3900,0" yaku="12,1,52,1,54,1" doraHai="13" who="2" fromWho="0" sc="240,-39,250,0,250,49,250,0" /><INIT seed="1,0,0,3,5,44" ten="201,250,299,250" oya="1" hai0="55,61,78,90,27,0,35,60,103,66,107,32,29" hai1="56,117,89,74,75,9,122,130,92,129,15,8,124" hai2="12,26,70,132,30,94,63,17,53,76,58,2,7" hai3="14,13,52,95,20,6,100,18,114,121,101,108,126"/><U98/><E117/><V4/><F2/><W125/><G114/><T69/><D0/><U57/><E122/><V71/><F132/><W28/><G121/><T21/><D78/><U16/><E124/><N who="3" m="47722" /><G108/><T33/><D90/><U116/><E116/><V91/><F76/><W82/><G28/><T45/><D21/><U88/><E89/><V19/><F71/><W40/><G40/><T83/><D83/><U87/><E87/><V105/><F105/><W120/><G120/><T38/><D38/><U39/><E39/><V37/><F70/><W128/><G128/><N who="1" m="49258" /><E8/><V106/><F106/><W42/><G42/><T110/><D110/><U93/><E93/><V68/><F68/><W134/><G134/><T113/><D113/><U10/><E10/><V5/><F12/><W127/><G127/><T48/><REACH who="0" step="1"/><D61/><REACH who="0" ten="191,250,299,250" step="2"/><U47/><E47/><V65/><F37/><W112/><G112/><T135/><D135/><U86/><E86/><V62/><F91/><W51/><G82/><T80/><D80/><U59/><AGARI ba="0,1" hai="9,15,16,56,57,59,74,75,88,92,98" m="49258" machi="59" ten="30,6000,0" yaku="19,1,54,2" doraHai="44" who="1" fromWho="1" sc="191,-20,250,70,299,-20,250,-20" /><INIT seed="1,1,0,2,5,90" ten="171,320,279,230" oya="1" hai0="64,71,101,105,23,7,35,8,13,84,28,22,36" hai1="79,76,73,119,14,102,6,59,54,116,47,65,38" hai2="30,93,77,55,135,63,20,92,61,12,10,26,131" hai3="134,27,40,132,31,74,130,117,108,48,45,19,72"/><U43/><E65/><V34/><F135/><N who="3" m="51755" /><G108/><T49/><D36/><U94/><E6/><V53/><F34/><N who="3" m="20863" /><G130/><T121/><D121/><U100/><E14/><V5/><F131/><W91/><G117/><T112/><D112/><U66/><E66/><V114/><F114/><W42/><G42/><T17/><D49/><U103/><E94/><N who="2" m="36459" /><F77/><W16/><G91/><T129/><D84/><U11/><E11/><V33/><F33/><W69/><G69/><T122/><D129/><U21/><E21/><V124/><F124/><W99/><G99/><N who="0" m="61631" /><D122/><U81/><REACH who="1" step="1"/><E79/><REACH who="1" ten="171,310,279,230" step="2"/><V89/><F89/><W118/><G118/><T107/><D7/><U67/><E67/><V70/><F70/><W50/><G50/><AGARI ba="1,1" hai="38,43,47,50,54,59,73,76,81,100,102,103,116,119" machi="50" ten="40,2000,0" yaku="1,1,53,0" doraHai="90" doraHaiUra="128" who="1" fromWho="3" sc="171,0,310,33,279,0,230,-23" /><INIT seed="1,2,0,2,4,23" ten="171,343,279,207" oya="1" hai0="41,96,63,135,105,55,106,39,53,98,60,45,30" hai1="104,18,103,28,21,83,50,9,77,82,68,71,35" hai2="33,132,117,54,0,17,120,15,116,114,13,69,70" hai3="127,81,99,29,48,134,72,36,11,100,43,40,130"/><U66/><E66/><V22/><F120/><W122/><G122/><T61/><D135/><U20/><E35/><V93/><F0/><W97/><G36/><T10/><D10/><U37/><E37/><V78/><F132/><W26/><G134/><T119/><D119/><U126/><E126/><V38/><F114/><W84/><G72/><T4/><D4/><U1/><E83/><V65/><F38/><W59/><G130/><T131/><D131/><U14/><E21/><V52/><F78/><W94/><G127/><T85/><D85/><U102/><E50/><V109/><F109/><W6/><G97/><T79/><D79/><U88/><E88/><V108/><F108/><W87/><G59/><T51/><D30/><U27/><E1/><V86/><F33/><W107/><G107/><T49/><D39/><U124/><E124/><V92/><F22/><N who="3" m="15575" /><G48/><T121/><D121/><U42/><E42/><N who="3" m="15914" /><G81/><T32/><D32/><U31/><E31/><V75/><F86/><W113/><G113/><T91/><D91/><U129/><E129/><V44/><F65/><W57/><G57/><T73/><D73/><U128/><E128/><V64/><F64/><W2/><G2/><T25/><D61/><U67/><E67/><V58/><F58/><W5/><G11/><T34/><D41/><U24/><E104/><V111/><F111/><W89/><G87/><T112/><D34/><N who="1" m="20743" /><E71/><V8/><F75/><W115/><G115/><T118/><D112/><U133/><E68/><V90/><F8/><W125/><G125/><T76/><D106/><U3/><E133/><V110/><F110/><RYUUKYOKU ba="2,0" sc="171,-10,343,-10,279,-10,207,30" hai3="5,6,84,89,94,99,100" /><INIT seed="2,3,0,0,2,41" ten="161,333,269,237" oya="2" hai0="12,42,68,79,27,98,129,60,120,59,5,112,1" hai1="22,4,110,84,94,14,95,80,118,6,46,62,124" hai2="63,48,130,114,115,43,85,135,44,88,9,99,39" hai3="81,56,26,20,77,40,18,123,24,36,119,121,78"/><V58/><F130/><W92/><G119/><T101/><D120/><U134/><E118/><V15/><F39/><W75/><G78/><T47/><D1/><U128/><E110/><V2/><F2/><W107/><G107/><T132/><D112/><U96/><E134/><V50/><F50/><W64/><G92/><T21/><D129/><U122/><E128/><V105/><F135/><W52/><G64/><T82/><D68/><U25/><E124/><V11/><F99/><W34/><G34/><T3/><D3/><U0/><E0/><V37/><F37/><W87/><G75/><T127/><D127/><U65/><E95/><V49/><F49/><W38/><G26/><T72/><D132/><U113/><E14/><V74/><F74/><W45/><REACH who="3" step="1"/><G38/><REACH who="3" ten="161,333,269,227" step="2"/><T71/><D79/><U61/><E65/><V51/><F105/><W57/><G57/><T102/><D72/><U8/><E94/><V93/><F114/><W111/><G111/><T19/><D82/><U29/><E80/><V83/><F115/><W10/><G10/><N who="0" m="4175" /><D71/><U69/><E69/><V125/><F83/><W28/><G28/><T131/><D131/><U117/><E117/><V70/><F125/><W54/><G54/><N who="0" m="33911" /><D98/><U97/><E97/><V73/><F73/><W33/><G33/><T133/><D133/><U17/><E96/><V100/><F70/><W32/><G32/><T103/><D103/><U13/><E113/><V67/><F100/><W53/><G53/><T35/><D35/><U31/><E31/><V55/><F67/><W86/><G86/><T91/><D91/><U66/><E66/><RYUUKYOKU ba="3,1" sc="161,15,333,-15,269,-15,227,15" hai0="19,21,27,42,47,101,102" hai3="18,20,24,36,40,45,52,56,77,81,87,121,123" /><INIT seed="3,4,1,5,0,82" ten="176,318,254,242" oya="3" hai0="135,66,38,67,14,110,126,113,55,77,91,62,84" hai1="101,61,127,35,75,122,49,32,68,23,132,123,16" hai2="76,12,83,88,29,43,40,93,22,120,105,78,37" hai3="25,124,65,87,99,100,80,98,51,74,24,119,63"/><W53/><G74/><T89/><D38/><U121/><E75/><V134/><F105/><W81/><G119/><T112/><D110/><U103/><E132/><V125/><F134/><W52/><G81/><N who="0" m="47151" /><D135/><U39/><E39/><V73/><F78/><W27/><G124/><T102/><D102/><U71/><E127/><V28/><F120/><W48/><G48/><T108/><D108/><U64/><E68/><V45/><F43/><W19/><G19/><T58/><D126/><U21/><E21/><V36/><F125/><W97/><G100/><T13/><D66/><U111/><E111/><V106/><F106/><W95/><G95/><T17/><D67/><U30/><E30/><V6/><F37/><W72/><G72/><T85/><D91/><U41/><E101/><V56/><F56/><N who="3" m="37095" /><G51/><T46/><D46/><U2/><E2/><V18/><REACH who="2" step="1"/><F6/><REACH who="2" ten="176,318,244,242" step="2"/><W1/><G1/><T8/><D112/><U34/><E122/><V60/><F60/><W130/><G130/><T11/><D113/><U90/><E123/><V42/><F42/><W133/><G133/><T31/><D31/><U128/><E121/><V47/><F47/><W116/><G116/><T92/><D17/><U131/><E128/><V59/><F59/><W10/><G10/><AGARI ba="4,2" hai="8,10,11,13,14,55,58,62,85,89,92" m="47151" machi="10" ten="30,3900,0" yaku="8,1,52,2" doraHai="82" who="0" fromWho="3" sc="176,71,318,0,244,0,242,-51" /><INIT seed="4,0,0,3,3,32" ten="247,318,244,191" oya="0" hai0="119,128,39,3,29,94,65,76,74,111,68,89,98" hai1="112,115,6,72,0,53,132,44,97,30,96,24,1" hai2="61,99,134,49,11,25,84,113,12,64,121,73,105" hai3="2,102,130,92,125,52,62,9,28,7,41,69,81"/><T79/><D119/><U133/><E72/><V42/><F73/><W71/><G41/><T21/><D39/><U124/><E124/><V63/><F121/><W91/><G125/><T101/><D128/><U67/><E67/><V22/><F113/><N who="1" m="43593" /><E53/><V45/><F134/><N who="1" m="51817" /><E44/><V83/><F64/><W38/><G38/><T127/><D127/><U16/><E16/><V114/><F45/><W106/><G130/><T8/><D74/><U78/><E78/><V70/><F114/><W57/><G28/><T31/><D79/><U33/><E6/><V4/><F4/><W13/><G81/><T80/><D76/><U17/><E17/><V104/><F83/><W18/><G102/><T27/><D101/><U5/><E5/><V135/><F135/><W20/><REACH who="3" step="1"/><G106/><REACH who="3" ten="247,318,244,181" step="2"/><T55/><D80/><U46/><E46/><V86/><F105/><W85/><AGARI ba="0,1" hai="2,7,9,13,18,20,52,57,62,69,71,85,91,92" machi="85" ten="20,12000,2" yaku="1,1,2,1,0,1,7,1,52,1,54,1,53,0" doraHai="32" doraHaiUra="77" who="3" fromWho="3" sc="247,-60,318,-30,244,-30,181,130" /><INIT seed="5,0,0,4,5,47" ten="187,288,214,311" oya="1" hai0="83,113,23,66,121,51,64,72,21,5,61,45,124" hai1="106,55,18,135,20,52,22,117,134,48,74,31,114" hai2="111,12,116,102,8,93,71,17,39,29,99,34,80" hai3="38,40,73,85,13,25,6,0,129,91,118,81,133"/><U107/><E117/><V59/><F71/><W11/><G118/><T70/><D113/><U132/><E74/><V32/><F116/><W108/><G108/><T119/><D119/><U122/><E122/><V125/><F111/><W68/><G68/><T1/><D124/><U110/><E110/><V3/><F39/><W75/><G133/><T86/><D72/><U109/><E109/><V76/><F125/><W67/><G129/><T65/><D121/><U24/><E114/><V101/><F3/><W84/><G67/><T14/><D1/><U36/><E36/><V82/><F29/><W112/><G112/><T130/><D130/><U27/><E55/><V131/><F131/><W126/><G126/><T35/><D35/><U98/><E98/><V115/><F115/><W78/><G25/><T7/><D70/><U87/><E87/><V88/><F59/><AGARI ba="0,0" hai="18,20,22,24,27,31,48,52,59,106,107,132,134,135" machi="59" ten="40,7700,0" yaku="20,1,52,1,54,1" doraHai="47" who="1" fromWho="2" sc="187,0,288,77,214,-77,311,0" /><INIT seed="5,1,0,2,2,4" ten="187,365,137,311" oya="1" hai0="47,23,7,31,21,92,45,53,88,50,37,126,39" hai1="55,72,90,36,125,115,57,33,103,6,112,75,85" hai2="87,91,61,43,129,106,76,42,35,73,97,81,27" hai3="59,64,83,12,62,46,70,9,16,22,8,79,60"/><U69/><E69/><V99/><F129/><W132/><G132/><T82/><D126/><U68/><E68/><V101/><F97/><W40/><G62/><T48/><D82/><U95/><E33/><V30/><REACH who="2" step="1"/><F61/><REACH who="2" ten="187,365,127,311" step="2"/><W98/><G70/><T133/><D133/><U54/><E125/><V109/><F109/><W104/><G98/><T113/><D113/><U26/><E115/><V120/><F120/><W131/><G131/><T96/><D39/><U130/><E36/><V28/><F28/><W24/><G104/><T25/><D37/><U94/><E112/><V49/><F49/><N who="3" m="26823" /><G24/><T135/><D135/><U63/><E26/><V122/><F122/><W127/><G127/><T34/><D7/><U2/><E6/><V41/><F41/><AGARI ba="1,1" hai="21,23,25,31,34,41,45,47,48,50,53,88,92,96" machi="41" ten="30,2000,0" yaku="7,1,54,1" doraHai="4" who="0" fromWho="2" sc="187,33,365,0,127,-23,311,0" /><INIT seed="6,0,0,3,2,84" ten="220,365,104,311" oya="2" hai0="63,14,121,28,131,44,93,74,104,66,36,111,59" hai1="43,62,3,92,61,112,123,15,5,50,135,64,46" hai2="6,103,31,2,94,23,70,114,42,20,118,127,106" hai3="96,60,35,55,75,58,128,47,8,37,9,39,82"/><V107/><F118/><W115/><G35/><T34/><D104/><N who="2" m="39978" /><F70/><W67/><G128/><T79/><D111/><U88/><E3/><V116/><F116/><W26/><G26/><T13/><D121/><U126/><E112/><V21/><F42/><W33/><G33/><T72/><D131/><U80/><E135/><V99/><F31/><W49/><G115/><T45/><D34/><U10/><E126/><V25/><F25/><W117/><G117/><T0/><D0/><U95/><E123/><V65/><F65/><W102/><G75/><T4/><D28/><U17/><E5/><V105/><F114/><W108/><G108/><T85/><D72/><U77/><E62/><V97/><F6/><W87/><G37/><T71/><D71/><U134/><E134/><V12/><F2/><W73/><G73/><T38/><D38/><U120/><E77/><V133/><F133/><W69/><G39/><T68/><D68/><U22/><E10/><V52/><F52/><W16/><G16/><T40/><D44/><U51/><E51/><V56/><F56/><W83/><G69/><T86/><D74/><U18/><E18/><N who="2" m="10311" /><F127/><W29/><G29/><T19/><D4/><U132/><E120/><V11/><F11/><N who="3" m="4171" /><G87/><T48/><D36/><U27/><E27/><V119/><F119/><W57/><G57/><T32/><D32/><U24/><E24/><V41/><F41/><W78/><G78/><T100/><D19/><U129/><E132/><V122/><F122/><W130/><G130/><T54/><D40/><U89/><E129/><V91/><F23/><W125/><G125/><RYUUKYOKU ba="0,0" sc="220,-15,365,-15,104,15,311,15" hai2="21,91,94,97,99,103,105" hai3="47,49,55,58,60,67,82,83,96,102" /><INIT seed="6,1,0,1,1,112" ten="205,350,119,326" oya="2" hai0="118,41,80,18,101,29,15,109,43,97,39,22,103" hai1="69,124,32,42,89,12,98,11,95,30,48,125,4" hai2="87,50,114,126,53,19,16,117,85,110,102,121,128" hai3="27,54,76,24,44,91,99,8,75,131,31,52,51"/><V2/><F121/><W72/><G131/><T106/><D109/><U33/><E69/><V115/><F2/><W122/><G122/><T34/><D101/><U68/><E68/><V47/><F128/><W130/><G130/><T108/><D108/><U21/><E30/><V81/><F110/><W90/><G8/><T83/><D118/><U36/><E36/><V35/><F35/><W105/><G76/><T133/><D133/><U0/><E42/><V61/><F126/><N who="1" m="48745" /><E48/><V78/><F117/><W49/><G105/><T5/><D5/><U26/><E26/><V66/><F102/><W40/><G40/><N who="0" m="15435" /><D39/><U62/><E62/><V100/><F100/><W7/><G7/><T3/><D3/><U56/><E56/><N who="2" m="37159" /><F85/><W9/><G9/><T63/><D63/><U74/><E74/><V6/><F6/><W58/><G27/><N who="0" m="16631" /><D34/><N who="1" m="13419" /><E21/><V84/><F84/><W59/><G44/><T14/><D106/><U88/><E89/><V10/><F10/><W79/><G79/><T94/><D15/><AGARI ba="1,0" hai="0,4,11,12,15,88,95,98" m="13419,48745" machi="15" ten="30,2000,0" yaku="18,1,54,1" doraHai="112" who="1" fromWho="0" sc="205,-23,350,23,119,0,326,0" /><INIT seed="7,0,0,1,3,5" ten="182,373,119,326" oya="3" hai0="115,32,98,73,107,93,15,56,41,112,94,84,89" hai1="100,35,16,126,81,0,40,101,11,33,105,1,8" hai2="27,72,96,31,92,69,130,78,99,34,111,128,60" hai3="20,42,49,62,85,61,53,58,80,52,55,87,123"/><W22/><G123/><T23/><D32/><U44/><E126/><V74/><F111/><W39/><G39/><T79/><D41/><U104/><E40/><V4/><F92/><W14/><G87/><T125/><D125/><U63/><E16/><V2/><F96/><W129/><G129/><T6/><D56/><U133/><E63/><N who="3" m="24074" /><G14/><T86/><D23/><N who="3" m="8745" /><G42/><T12/><D6/><U24/><E81/><V117/><F99/><W66/><G66/><T36/><D36/><U90/><E133/><V77/><F77/><W30/><G30/><T83/><D94/><U7/><E7/><V95/><F95/><W120/><G120/><T110/><D110/><U131/><E131/><V70/><F117/><W76/><AGARI ba="0,0" hai="49,52,53,55,58,76,80,85" m="8745,24074" machi="76" ten="30,3000,0" yaku="8,1,54,1" doraHai="5" who="3" fromWho="3" sc="182,-10,373,-10,119,-10,326,30" /><INIT seed="7,1,0,2,4,80" ten="172,363,109,356" oya="3" hai0="93,83,77,18,7,17,34,117,45,134,133,6,114" hai1="29,36,103,78,94,1,11,100,87,21,84,111,71" hai2="115,49,76,65,119,73,105,125,129,116,26,130,54" hai3="90,15,37,131,55,9,122,124,39,56,14,81,46"/><W24/><G122/><T67/><D34/><U53/><E111/><V101/><F26/><W41/><G124/><T135/><D117/><U28/><E71/><V61/><F101/><N who="1" m="38985" /><E1/><V12/><F12/><W3/><G39/><T82/><D93/><U13/><E36/><V86/><F73/><W128/><G24/><T132/><D114/><U104/><E104/><V20/><F20/><W89/><G3/><T23/><D67/><U120/><E120/><V72/><F72/><W66/><G66/><T118/><D118/><U79/><E53/><V59/><F105/><W109/><G109/><T30/><D30/><N who="1" m="11883" /><E21/><V74/><F74/><W112/><G112/><T40/><D132/><U8/><E8/><V57/><F115/><W47/><G47/><T48/><D18/><N who="1" m="8511" /><E87/><V62/><F125/><W10/><G15/><N who="0" m="9663" /><D83/><U95/><E95/><V97/><F97/><W50/><G10/><T33/><D33/><U27/><E27/><V0/><F0/><W19/><G81/><T63/><D63/><U31/><E31/><V121/><F121/><W70/><G70/><T108/><D108/><U51/><E51/><V127/><F127/><W68/><G68/><T107/><D107/><U58/><E58/><V106/><F106/><W113/><G113/><T110/><D110/><U92/><E92/><V88/><F62/><W126/><G126/><T2/><D2/><U32/><E32/><V99/><F99/><W42/><G42/><T25/><D25/><U123/><E123/><V98/><F98/><W44/><G56/><T52/><D40/><U64/><E64/><V75/><F65/><RYUUKYOKU ba="1,0" sc="172,10,363,10,109,-30,356,10" hai0="6,7,45,48,52,77,82,133,134,135" hai1="78,79,84,94" hai3="9,14,19,37,41,44,46,50,55,89,90,128,131" /><INIT seed="7,2,0,1,0,34" ten="182,373,79,366" oya="3" hai0="88,31,62,82,133,132,53,5,72,119,131,30,102" hai1="68,106,49,22,112,128,76,21,64,67,32,9,73" hai2="122,94,117,43,38,23,26,33,50,6,2,104,69" hai3="99,56,20,77,24,107,37,115,90,7,83,123,36"/><W29/><G123/><T44/><D131/><U89/><E32/><V51/><F104/><W126/><G7/><T25/><D119/><U55/><E106/><V118/><F69/><W105/><G115/><T92/><D5/><U54/><E112/><V114/><F114/><W70/><G70/><T27/><D102/><U65/><E68/><V120/><F94/><W111/><G107/><T124/><D124/><U97/><E128/><V87/><F87/><W108/><G126/><T41/><D53/><U129/><E129/><V14/><F51/><W35/><G56/><T134/><D62/><U85/><E73/><V10/><F50/><W100/><G90/><T127/><D127/><U42/><E9/><V39/><F39/><N who="3" m="14923" /><G20/><N who="1" m="7786" /><E76/><V101/><F43/><W110/><G110/><T8/><D8/><U135/><E97/><V80/><F80/><W16/><G16/><T17/><D17/><U12/><E12/><V98/><F38/><W11/><G11/><T130/><D130/><U3/><E3/><V60/><F60/><W66/><G66/><T58/><D58/><N who="1" m="33103" /><E55/><V0/><F98/><W91/><G91/><T121/><D121/><N who="2" m="46698" /><F101/><W57/><G57/><T95/><D44/><U48/><E48/><V47/><F47/><W28/><G28/><T84/><D41/><U59/><E59/><V78/><F78/><W125/><G125/><T116/><D116/><N who="2" m="44650" /><F33/><W13/><G13/><T109/><D72/><AGARI ba="2,0" hai="24,29,35,72,77,83,99,100,105,108,111" m="14923" machi="72" ten="30,1500,0" yaku="23,1" doraHai="34" who="3" fromWho="0" sc="182,-21,373,0,79,0,366,21" owari="161,-24.0,373,17.0,79,-42.0,387,49.0" /></mjloggm>