<mjloggm ver="2.3"><GO type="225" lobby="0"/><UN n0="%E5%B0%B1%E6%B4%BB%E7%94%9F%40%E5%B7%9D%E6%9D%91%E8%BB%8D%E5%9B%A3" n1="%E5%A5%B3%E3%81%AA%E3%81%AE%E3%81%82%E3%81%8C%E3%82%89%E3%81%9B%E3%81%A6" n2="%E3%83%89%E3%83%90%E3%82%AF%E3%83%81%E5%A4%A7%E9%87%8E" n3="%E4%B8%87%E8%83%BD%E3%81%AD%E3%81%8E" dan="17,17,17,16" rate="2179.55,2125.86,2180.80,2060.29" sx="F,M,M,M"/><TAIKYOKU oya="0"/><INIT seed="0,0,0,3,4,27" ten="250,250,250,250" oya="0" hai0="53,129,75,39,30,24,116,91,48,46,2,132,92" hai1="68,97,74,127,78,77,114,67,81,45,109,85,96" hai2="51,88,80,63,90,11,41,47,29,21,62,83,115" hai3="98,50,105,89,18,101,58,0,14,128,121,119,84"/><T126/><D116/><U59/><E68/><V23/><F115/><W36/><G36/><T133/><D75/><U104/><E45/><V34/><F34/><W43/><G0/><T118/><D2/><U35/><E35/><V120/><F120/><W100/><G100/><T12/><D118/><U9/><E9/><V110/><F11/><W38/><G38/><T10/><D39/><U125/><E59/><V25/><F23/><W54/><G128/><T106/><D106/><U107/><E67/><V99/><F110/><W134/><G119/><T49/><D49/><U64/><E64/><V95/><F90/><W60/><G134/><T66/><D66/><U111/><E114/><V22/><F22/><W13/><G121/><T31/><D126/><N who="1" m="48139" /><E78/><V15/><F15/><W61/><G14/><T20/><D129/><U3/><E3/><V16/><F29/><W17/><G43/><T103/><D103/><N who="1" m="62567" /><E74/><V37/><F37/><W33/><G33/><T79/><D79/><U113/><E113/><V56/><F62/><W8/><REACH who="3" step="1"/><G17/><REACH who="3" ten="250,250,250,240" step="2"/><N who="0" m="12303" /><D133/><U65/><E65/><AGARI ba="0,1" hai="16,21,25,41,47,51,56,63,65,80,83,88,95,99" machi="65" ten="30,7700,0" yaku="7,1,8,1,54,2" doraHai="27" who="2" fromWho="1" sc="250,0,250,-77,250,87,240,0" /><INIT seed="1,0,0,3,5,109" ten="250,173,337,240" oya="1" hai0="56,28,94,88,51,17,37,122,39,65,90,7,104" hai1="1,97,82,38,40,52,61,11,72,45,105,126,121" hai2="10,124,43,9,117,31,25,48,103,14,26,41,57" hai3="13,135,36,125,111,91,30,87,58,29,101,119,6"/><U130/><E121/><V132/><F117/><W112/><G36/><T108/><D104/><U49/><E130/><V83/><F132/><W89/><G111/><T33/><D108/><U55/><E126/><V115/><F124/><W44/><G125/><T80/><D7/><U127/><E127/><V4/><F115/><W34/><G34/><T131/><D131/><U32/><E32/><V113/><F113/><W42/><G112/><T93/><D80/><U22/><E22/><V128/><F128/><W96/><G58/><T84/><D17/><U3/><E61/><V66/><F103/><W67/><G67/><T78/><D78/><N who="1" m="44359" /><E49/><V107/><F107/><W64/><G64/><T5/><D5/><N who="1" m="1455" /><E3/><V85/><F9/><W110/><G110/><T2/><D2/><U63/><E63/><N who="2" m="38255" /><F31/><W70/><G30/><T62/><D122/><U8/><E8/><V0/><F0/><W95/><G29/><T133/><D133/><U114/><E114/><V19/><F19/><W76/><G6/><T81/><D51/><U73/><E73/><V54/><F26/><W102/><G13/><T120/><D120/><U118/><E118/><V106/><F25/><W134/><G119/><T74/><D74/><U50/><E50/><V24/><F24/><W99/><G134/><T98/><D28/><U75/><E75/><V60/><F60/><W59/><G135/><T92/><D33/><U129/><E129/><V71/><F106/><W12/><G12/><T16/><D16/><U79/><E79/><N who="2" m="46335" /><F71/><W18/><G70/><T20/><D20/><U53/><E105/><V86/><F86/><RYUUKYOKU ba="0,0" sc="250,10,173,10,337,10,240,-30" hai0="37,39,56,62,65,81,84,88,90,92,93,94,98" hai1="38,40,45,52,53,55,97" hai2="4,10,14,41,43,48,54" /><INIT seed="1,1,0,2,3,84" ten="260,183,347,210" oya="1" hai0="54,109,21,63,60,31,20,86,26,8,93,44,40" hai1="12,130,71,9,128,96,25,2,79,24,101,46,66" hai2="51,18,56,80,75,81,99,70,76,68,95,0,120" hai3="64,92,121,115,14,35,37,45,29,67,47,74,134"/><U3/><E79/><V38/><F38/><W39/><G121/><T50/><D109/><U132/><E132/><V104/><F120/><W89/><G115/><T124/><D124/><U125/><E125/><V15/><F0/><W32/><G74/><T113/><D113/><U100/><E46/><V131/><F104/><W10/><G134/><T85/><D8/><U111/><E111/><V135/><F135/><W5/><G29/><T78/><D21/><U4/><E66/><N who="3" m="25130" /><G39/><T90/><D40/><U53/><E71/><V73/><F131/><N who="1" m="50217" /><E53/><V19/><F19/><W69/><G35/><T83/><AGARI ba="1,0" hai="20,26,31,44,50,54,60,63,78,83,85,86,90,93" machi="83" ten="30,4000,0" yaku="0,1,8,1,52,1" doraHai="84" who="0" fromWho="0" sc="260,43,183,-21,347,-11,210,-11" /><INIT seed="2,0,0,2,2,108" ten="303,162,336,199" oya="2" hai0="95,115,124,100,129,65,91,86,128,70,45,15,61" hai1="83,47,2,127,55,39,113,81,4,9,64,132,42" hai2="114,51,87,123,0,120,53,62,121,37,33,66,69" hai3="36,27,18,73,96,34,59,71,97,135,98,101,54"/><V103/><F0/><W10/><G71/><T94/><D124/><U79/><E127/><V24/><F103/><W82/><G36/><T5/><D45/><U12/><E132/><V117/><F117/><W78/><G135/><T75/><D75/><U21/><E64/><V102/><F102/><W104/><G34/><T76/><D76/><U43/><E43/><V46/><F87/><W14/><REACH who="3" step="1"/><G27/><REACH who="3" ten="303,162,336,189" step="2"/><T17/><D128/><U68/><E68/><V7/><F37/><W11/><G11/><T56/><D129/><U35/><E35/><V48/><F24/><W6/><G6/><T50/><D5/><U93/><E113/><V32/><F7/><W85/><G85/><T1/><D115/><U8/><E21/><V22/><F114/><W19/><G19/><T84/><D17/><U99/><E79/><V31/><F22/><W67/><G67/><T111/><D111/><U125/><E125/><V107/><F32/><W122/><G122/><T26/><D26/><U74/><E74/><V28/><F33/><W3/><G3/><T29/><D1/><U30/><E30/><V57/><F31/><W133/><G133/><T126/><D29/><U49/><E9/><V40/><F28/><W44/><G44/><T88/><D126/><U106/><E2/><V77/><F77/><W116/><G116/><T119/><D119/><U38/><E38/><V130/><F107/><W72/><G72/><T110/><D110/><U131/><E106/><V58/><F130/><W25/><G25/><T92/><D15/><U112/><E131/><V109/><F109/><W23/><G23/><RYUUKYOKU ba="0,1" sc="303,-15,162,-15,336,15,189,15" hai2="40,46,48,51,53,57,58,62,66,69,120,121,123" hai3="10,14,18,54,59,73,78,82,96,97,98,101,104" /><INIT seed="2,1,1,0,3,133" ten="288,147,351,204" oya="2" hai0="87,10,61,73,111,89,132,49,15,38,123,75,100" hai1="65,23,97,21,39,74,85,58,125,96,24,22,48" hai2="109,117,46,130,63,72,0,13,106,94,54,17,12" hai3="37,114,135,113,77,88,101,103,40,108,45,110,127"/><V2/><F106/><W11/><G77/><T119/><D38/><U6/><E74/><V98/><F72/><W44/><G44/><T66/><D123/><U56/><E39/><V129/><F117/><W4/><G4/><T86/><D100/><N who="3" m="38473" /><G11/><T41/><D87/><U55/><E6/><V36/><F109/><N who="3" m="42091" /><G135/><T81/><D111/><U18/><E125/><V50/><F36/><W82/><G127/><T92/><D132/><U30/><E85/><AGARI ba="1,1" hai="37,40,45,82,85,88,113,114" m="42091,38473" machi="85" ten="30,2000,0" yaku="14,1,54,1" doraHai="133" who="3" fromWho="1" sc="288,0,147,-23,351,0,204,33" /><INIT seed="3,0,0,0,1,97" ten="288,124,351,237" oya="3" hai0="76,43,64,134,53,9,75,132,26,49,14,33,86" hai1="41,35,28,22,73,15,23,108,30,71,54,58,66" hai2="91,106,5,40,65,133,57,1,78,59,130,62,61" hai3="90,10,125,82,80,11,119,32,36,46,63,52,6"/><W110/><G119/><T93/><D75/><U50/><E73/><V103/><F78/><W37/><G32/><T47/><D64/><U84/><E108/><V19/><F40/><W94/><G110/><T105/><D105/><U107/><E107/><V29/><F29/><W69/><G69/><T7/><D93/><U12/><E35/><V24/><F1/><W109/><G11/><T129/><D129/><U92/><E41/><V128/><F5/><W118/><G125/><T0/><D0/><U104/><E104/><V83/><F133/><W34/><G34/><T88/><D88/><U74/><E74/><V27/><F19/><W98/><G118/><T114/><D114/><U55/><E71/><V79/><F91/><W111/><G111/><T85/><D85/><U3/><E3/><V100/><F106/><W77/><G82/><N who="0" m="47431" /><D53/><U44/><E66/><N who="2" m="39215" /><F24/><W127/><G127/><T21/><D33/><U87/><E92/><V89/><F27/><W18/><G109/><T117/><D117/><U120/><E120/><V31/><F31/><AGARI ba="0,0" hai="7,9,14,21,26,31,43,47,49,132,134" m="47431" machi="31" ten="30,1000,0" yaku="25,1" doraHai="97" who="0" fromWho="2" sc="288,10,124,0,351,-10,237,0" owari="298,10.0,124,-38.0,341,44.0,237,-16.0" /></mjloggm>