<mjloggm ver="2.3"><GO type="169" lobby="0"/><UN n0="%E3%82%B7%E3%83%A3%E3%83%BC%E3%83%AA%E3%83%97%E3%83%88%E3%83%A9" n1="%E7%AB%8B%E8%8F%AF%E5%A5%8F" n2="%E5%B0%B1%E6%B4%BB%E7%94%9F%40%E5%B7%9D%E6%9D%91%E8%BB%8D%E5%9B%A3" n3="%E6%B5%B7%E3%81%BB%E3%81%9F%E3%82%8B" dan="17,17,17,17" rate="2163.97,2198.22,2155.77,2162.51" sx="M,F,M,M"/><TAIKYOKU oya="0"/><INIT seed="0,0,0,3,2,126" ten="250,250,250,250" oya="0" hai0="36,81,91,48,15,90,60,134,92,29,2,71,49" hai1="17,120,25,101,21,102,68,59,122,79,31,10,55" hai2="58,73,50,43,83,123,130,93,89,33,84,52,18" hai3="132,85,103,100,118,44,70,87,95,39,97,112,107"/><T135/><D2/><U66/><E68/><V22/><F123/><W75/><G70/><T32/><D36/><U124/><E66/><V19/><F33/><W74/><G44/><T63/><D32/><U116/><E124/><V13/><F43/><W82/><G39/><T37/><D37/><U86/><E116/><V94/><F130/><W16/><G118/><T96/><D29/><U76/><E122/><V42/><F73/><N who="3" m="27659" /><G16/><T12/><D71/><U45/><E45/><V61/><F42/><W133/><G112/><T72/><D72/><U1/><E120/><V128/><F128/><W115/><G115/><T109/><D92/><U110/><E110/><V77/><F77/><N who="3" m="46287" /><G87/><T129/><D96/><AGARI ba="0,0" hai="95,96,97,100,103,107,132,133" m="46287,27659" machi="96" ten="30,2000,0" yaku="34,2" doraHai="126" who="3" fromWho="0" sc="250,-20,250,0,250,0,250,20" /><INIT seed="1,0,0,3,2,72" ten="230,250,250,270" oya="1" hai0="37,36,39,30,97,94,128,86,68,107,81,134,23" hai1="80,131,87,109,32,91,16,4,114,67,35,5,105" hai2="92,119,59,17,127,62,64,54,9,56,52,132,112" hai3="48,24,6,43,135,118,103,96,33,25,111,19,78"/><U74/><E114/><V89/><F119/><W0/><G118/><T55/><D107/><U90/><E105/><V60/><F112/><W31/><G111/><T110/><D68/><U29/><E131/><V77/><F132/><W22/><G135/><T69/><D69/><U27/><E109/><V122/><F122/><W2/><G6/><T79/><D134/><U14/><E32/><V7/><F127/><W13/><G13/><T26/><D110/><U113/><E113/><V95/><F17/><W133/><G133/><T102/><REACH who="0" step="1"/><D55/><REACH who="0" ten="220,250,250,270" step="2"/><U46/><E67/><V108/><F108/><W28/><G28/><T51/><D51/><U57/><E57/><V53/><F77/><W82/><G48/><T99/><D99/><U3/><E46/><V123/><F123/><W1/><G43/><T106/><D106/><U85/><E3/><V10/><F89/><W44/><G44/><T38/><N who="0" m="9216" /><DORA hai="61" /><T34/><D34/><U47/><E47/><V8/><F7/><W84/><REACH who="3" step="1"/><G1/><REACH who="3" ten="220,250,250,260" step="2"/><T76/><D76/><U41/><E41/><V65/><AGARI ba="0,2" hai="8,9,10,52,53,54,56,59,60,62,64,65,92,95" machi="65" ten="30,12000,2" yaku="0,1,9,1,8,1,52,2,54,1" doraHai="72,61" who="2" fromWho="2" sc="220,-30,250,-60,250,140,260,-30" /><INIT seed="2,0,0,2,4,12" ten="190,190,390,230" oya="2" hai0="132,60,15,17,7,70,111,36,0,39,119,10,105" hai1="77,89,124,73,21,131,47,76,41,104,25,88,26" hai2="46,130,96,134,9,102,125,71,34,110,114,22,109" hai3="80,48,37,58,97,82,45,8,128,117,30,127,79"/><V2/><F34/><W94/><G117/><T81/><D111/><N who="2" m="42506" /><F114/><W13/><G128/><T5/><D132/><U72/><E131/><V52/><F71/><W14/><G37/><T107/><D119/><U84/><E104/><V3/><F130/><W90/><G127/><T98/><D81/><U103/><E103/><V57/><F125/><W31/><G58/><T6/><D0/><U116/><E124/><V120/><F120/><W129/><G14/><T126/><D126/><U64/><E116/><V78/><F78/><W61/><G61/><T135/><D135/><U95/><E64/><V113/><F113/><W65/><G65/><T55/><D55/><U40/><E47/><V115/><F115/><W16/><G129/><T67/><REACH who="0" step="1"/><D107/><REACH who="0" ten="180,190,390,230" step="2"/><U86/><E95/><N who="2" m="58655" /><F134/><W62/><G62/><T51/><D51/><U4/><E4/><N who="2" m="1175" /><F3/><W92/><G92/><T99/><D99/><U50/><E50/><N who="2" m="30871" /><F22/><AGARI ba="0,1" hai="21,22,25,26,40,41,72,73,76,77,84,86,88,89" machi="22" ten="25,3200,0" yaku="22,2,54,1" doraHai="12" who="1" fromWho="2" sc="180,0,190,42,390,-32,230,0" /><INIT seed="3,0,0,4,3,61" ten="180,232,358,230" oya="3" hai0="67,23,113,19,37,45,97,33,25,59,86,107,110" hai1="127,51,105,128,92,39,121,131,18,120,116,135,68" hai2="122,76,98,72,75,17,38,40,103,83,87,46,79" hai3="81,74,119,124,26,65,100,70,78,41,20,94,99"/><W85/><G119/><T53/><D110/><U106/><E39/><V11/><F122/><W49/><G124/><T31/><D113/><U63/><E127/><V109/><F109/><W112/><G112/><T130/><D130/><N who="1" m="49707" /><E116/><V132/><F132/><W96/><G96/><T134/><D134/><U47/><E135/><V16/><F11/><W13/><G13/><T90/><D97/><U80/><E80/><V9/><F9/><W66/><G70/><T104/><D45/><U114/><E114/><V4/><F4/><W12/><G12/><T27/><D37/><U32/><E32/><V62/><F62/><W30/><G74/><T102/><D102/><U35/><E35/><V95/><F87/><W111/><G111/><T71/><D71/><U69/><E92/><V58/><F58/><W1/><G1/><T3/><D3/><U0/><E0/><V48/><F38/><W123/><G123/><N who="1" m="47178" /><E18/><V34/><F34/><W125/><G125/><T64/><D107/><N who="1" m="40971" /><E63/><V14/><F14/><W77/><G77/><T56/><D104/><U50/><E50/><V93/><F95/><W5/><G5/><T126/><D126/><U57/><E57/><N who="0" m="22089" /><D53/><AGARI ba="0,0" hai="47,51,53,68,69" m="40971,47178,49707" machi="53" ten="40,1300,0" yaku="19,1" doraHai="61" who="1" fromWho="0" sc="180,-13,232,13,358,0,230,0" /><INIT seed="4,0,0,3,0,86" ten="167,245,358,230" oya="0" hai0="116,118,99,7,53,58,80,43,91,98,45,9,93" hai1="100,11,67,0,44,2,129,113,123,96,3,29,112" hai2="90,114,101,36,15,32,76,30,135,115,119,110,117" hai3="105,64,18,39,55,33,120,10,85,51,70,20,104"/><T92/><D80/><U24/><E123/><V75/><F110/><W23/><G33/><T134/><D134/><U28/><E67/><V60/><F135/><W124/><G39/><T69/><D69/><U77/><E77/><V132/><F132/><W50/><G120/><T83/><D83/><U25/><E44/><V34/><F36/><W26/><G64/><T108/><D108/><U19/><E96/><V79/><F101/><W13/><G70/><T102/><D45/><U131/><E100/><V82/><F76/><W6/><G124/><T46/><D46/><U106/><E106/><V48/><F48/><W89/><G23/><T122/><D43/><U17/><E0/><V103/><F103/><W5/><G5/><T61/><REACH who="0" step="1"/><D122/><REACH who="0" ten="157,245,358,230" step="2"/><U84/><E84/><V57/><F117/><W94/><G51/><T27/><D27/><U41/><E41/><V74/><F119/><W52/><G50/><T111/><D111/><U62/><E62/><V16/><F75/><W54/><AGARI ba="0,1" hai="6,10,13,18,20,26,52,54,55,85,89,94,104,105" machi="54" ten="30,4000,0" yaku="0,1,52,1,54,1" doraHai="86" who="3" fromWho="3" sc="157,-20,245,-10,358,-10,230,50" /><INIT seed="5,0,0,4,3,34" ten="137,235,348,280" oya="1" hai0="85,27,62,93,76,10,70,14,90,40,126,112,105" hai1="46,79,19,9,104,78,7,74,56,89,80,35,55" hai2="120,92,39,99,2,115,8,16,45,63,98,118,119" hai3="100,129,22,111,42,135,48,11,124,52,61,64,86"/><U122/><E122/><V108/><F120/><W1/><G111/><T77/><D126/><U96/><E35/><V17/><F108/><W114/><G124/><T113/><D105/><U69/><E69/><V125/><F125/><W101/><G42/><T49/><D27/><U66/><E66/><V59/><F115/><W31/><G114/><T26/><D26/><U33/><E33/><V65/><F98/><W94/><G31/><T5/><D113/><U110/><E110/><V29/><F29/><W116/><G22/><T123/><D123/><U88/><E78/><V127/><F127/><W106/><G106/><T83/><D112/><U91/><E46/><V109/><F109/><W20/><G20/><T44/><D70/><U18/><E96/><V41/><F118/><W50/><G50/><T21/><D21/><U58/><E104/><V134/><F134/><W128/><G135/><T102/><D62/><U6/><E6/><V43/><F43/><W53/><G86/><T60/><D60/><U38/><E38/><V32/><F32/><W103/><G94/><T72/><D72/><U47/><E47/><V12/><F119/><W97/><G97/><AGARI ba="0,0" hai="5,10,14,40,44,49,76,77,83,85,90,93,97,102" machi="97" ten="40,1300,0" yaku="8,1" doraHai="34" who="0" fromWho="3" sc="137,13,235,0,348,0,280,-13" /><INIT seed="6,0,0,5,4,8" ten="150,235,348,267" oya="2" hai0="77,115,111,57,12,129,133,108,85,125,104,17,95" hai1="47,130,34,51,69,16,11,45,1,54,71,84,9" hai2="27,70,19,5,123,75,22,132,38,66,44,39,56" hai3="67,46,15,79,102,98,14,25,72,107,42,118,101"/><V106/><F123/><W20/><G118/><T103/><D115/><U63/><E130/><V86/><F75/><W3/><G3/><T110/><D125/><U135/><E135/><V64/><F106/><W21/><G102/><T43/><D129/><U41/><E34/><V117/><F117/><W91/><G21/><T18/><D18/><U4/><E84/><V7/><F70/><W10/><G10/><T114/><D133/><U26/><E26/><V105/><F105/><W116/><G116/><T52/><D114/><U122/><E122/><V82/><F132/><W36/><G67/><T119/><D43/><U0/><E0/><V87/><F87/><W65/><G91/><T90/><D119/><U112/><E112/><V73/><F73/><W6/><G6/><T33/><D33/><U80/><E80/><V31/><F31/><W68/><G79/><T92/><D77/><U32/><E32/><V121/><F121/><W55/><G72/><T88/><D103/><U50/><REACH who="1" step="1"/><E63/><REACH who="1" ten="150,225,348,267" step="2"/><V35/><F86/><W28/><REACH who="3" step="1"/><G55/><REACH who="3" ten="150,225,348,257" step="2"/><T128/><D128/><U94/><E94/><V134/><F35/><W23/><G23/><T2/><D104/><U58/><E58/><V30/><F56/><W93/><G93/><T76/><D2/><U53/><E53/><V109/><F134/><W61/><AGARI ba="0,2" hai="14,15,20,25,28,36,42,46,61,65,68,98,101,107" machi="61" ten="30,8000,1" yaku="1,1,0,1,52,2,53,1" doraHai="8" doraHaiUra="96" who="3" fromWho="3" sc="150,-20,225,-20,348,-40,257,100" /><INIT seed="7,0,0,5,0,46" ten="130,205,308,357" oya="3" hai0="47,73,135,22,92,20,43,119,6,75,127,132,76" hai1="101,42,117,70,87,68,53,61,37,123,79,100,129" hai2="36,69,113,66,126,9,45,90,29,134,62,26,52" hai3="56,124,115,39,28,30,40,7,102,57,38,112,88"/><W122/><G124/><T33/><D33/><U44/><E123/><V23/><F126/><W107/><G122/><T10/><D127/><U82/><E117/><V18/><F113/><N who="3" m="43595" /><G7/><T71/><D119/><U24/><E129/><V35/><F134/><W67/><G102/><T49/><D71/><U25/><E68/><V72/><F72/><W55/><G107/><T131/><D131/><U125/><E125/><V8/><F90/><W0/><G0/><T120/><D120/><U111/><E111/><V78/><F78/><W11/><G11/><T2/><D92/><U91/><E91/><V83/><F83/><W105/><G105/><T130/><D130/><U41/><E41/><V93/><F93/><W109/><G109/><T85/><D75/><U17/><E24/><V12/><F36/><W84/><G67/><T77/><D73/><U96/><E96/><V97/><F97/><W31/><G40/><T3/><D3/><U54/><E54/><V15/><F15/><W121/><G57/><T5/><D5/><U60/><E70/><V98/><F98/><W74/><G74/><T103/><D103/><U64/><E101/><V58/><F45/><W19/><G19/><T95/><D76/><U32/><E79/><V59/><F69/><W110/><G110/><T14/><D2/><U104/><E100/><V114/><F114/><W133/><G121/><T106/><D106/><U108/><E104/><V81/><F81/><N who="3" m="49167" /><G133/><N who="0" m="51275" /><D95/><U16/><E108/><V1/><F1/><W99/><G99/><T86/><D86/><U94/><E87/><V4/><F4/><W118/><G118/><RYUUKYOKU ba="0,0" sc="130,10,205,-30,308,10,357,10" hai0="6,10,14,20,22,43,47,49,77,85" hai2="8,9,12,18,23,26,29,35,52,58,59,62,66" hai3="28,30,31,38,39,55,56" owari="140,-36.0,175,-22.0,318,12.0,367,46.0" /></mjloggm>