<mjloggm ver="2.3"><GO type="169" lobby="0"/><UN n0="%E3%82%B7%E3%83%A3%E3%83%BC%E3%83%AA%E3%83%97%E3%83%88%E3%83%A9" n1="%67%6F%75%73%69" n2="%E6%B0%B4%E5%93%89%E3%81%AE%E3%83%AC%E3%82%B8%E3%82%A7%E3%83%B3%E3%83%89" n3="%E5%B0%B1%E6%B4%BB%E7%94%9F%40%E5%B7%9D%E6%9D%91%E8%BB%8D%E5%9B%A3" dan="17,17,16,18" rate="2168.37,2147.40,2106.01,2231.63" sx="M,M,M,M"/><TAIKYOKU oya="0"/><INIT seed="0,0,0,5,2,33" ten="250,250,250,250" oya="0" hai0="44,123,57,26,3,100,118,7,24,21,69,82,12" hai1="56,127,79,102,5,110,83,64,53,1,55,115,34" hai2="99,96,6,43,8,9,2,62,117,31,78,93,128" hai3="59,60,68,89,18,41,106,84,47,103,36,32,126"/><T74/><D118/><U75/><E34/><V122/><F122/><W54/><G126/><T61/><D123/><U16/><E127/><V0/><F117/><W63/><G32/><T108/><D69/><U81/><E110/><V88/><F128/><W19/><G106/><T51/><D108/><U121/><E121/><V50/><F31/><W87/><G103/><T65/><D100/><U132/><E102/><V27/><F27/><W20/><G87/><T94/><D94/><U23/><E132/><V104/><F78/><W49/><G19/><T22/><D74/><U129/><E81/><V30/><F30/><W131/><G68/><T98/><D98/><U133/><E133/><V114/><F114/><W120/><G131/><T38/><D82/><U90/><E90/><V92/><F104/><W72/><G72/><T35/><D38/><U48/><E129/><V111/><F62/><W77/><G77/><T10/><D35/><U134/><E134/><V125/><F125/><W17/><G17/><T76/><D76/><U29/><E29/><V28/><F28/><W95/><REACH who="3" step="1"/><G120/><REACH who="3" ten="250,250,250,240" step="2"/><T130/><D130/><U85/><E75/><V37/><F111/><W14/><AGARI ba="0,1" hai="14,18,20,36,41,47,49,54,59,60,63,84,89,95" machi="14" ten="20,12000,2" yaku="1,1,2,1,0,1,7,1,25,2,53,0" doraHai="33" doraHaiUra="101" who="3" fromWho="3" sc="250,-60,250,-30,250,-30,240,130" /><INIT seed="1,0,0,1,4,93" ten="190,220,220,370" oya="1" hai0="81,45,49,57,19,133,17,62,90,107,83,59,40" hai1="53,120,98,58,91,4,124,36,15,108,86,29,48" hai2="11,34,127,123,115,64,80,46,63,25,70,121,0" hai3="67,31,106,26,38,69,14,105,88,47,39,104,18"/><U61/><E120/><V122/><F127/><W101/><G101/><T102/><D133/><U21/><E36/><V129/><F129/><W134/><G134/><T52/><D107/><U114/><E114/><V55/><F115/><W77/><G77/><T116/><D102/><U132/><E132/><V6/><F80/><W9/><G47/><T78/><D116/><U94/><E124/><V103/><F103/><W32/><G69/><T44/><D90/><U72/><E72/><V111/><F111/><W75/><G75/><T56/><D83/><U37/><E37/><V12/><F12/><W76/><G76/><T5/><D5/><U3/><E108/><V33/><F55/><W92/><REACH who="3" step="1"/><G67/><REACH who="3" ten="190,220,220,360" step="2"/><T128/><D128/><U22/><E3/><V119/><F119/><W118/><G118/><T50/><REACH who="0" step="1"/><D62/><REACH who="0" ten="180,220,220,360" step="2"/><U28/><E61/><V125/><F125/><W112/><G112/><T89/><D89/><U35/><E91/><V65/><F65/><W20/><G20/><T97/><D97/><AGARI ba="0,2" hai="9,14,18,26,31,32,38,39,88,92,97,104,105,106" machi="97" ten="40,8000,1" yaku="1,1,52,1,54,1,53,1" doraHai="93" doraHaiUra="13" who="3" fromWho="0" sc="180,-80,220,0,220,0,360,100" /><INIT seed="2,0,0,1,5,31" ten="100,220,220,460" oya="2" hai0="61,1,34,101,89,50,117,33,129,79,108,4,86" hai1="24,64,127,9,8,17,73,103,84,16,59,13,6" hai2="76,5,62,100,98,37,52,69,132,46,112,36,83" hai3="25,14,10,19,122,7,114,130,49,85,74,44,113"/><V26/><F112/><W88/><G74/><T82/><D101/><U125/><E73/><V91/><F132/><W42/><G122/><T60/><D1/><U94/><E64/><V126/><F126/><N who="1" m="48137" /><E59/><V3/><F69/><W12/><G130/><T45/><D4/><U131/><E84/><V38/><F91/><W96/><G96/><T81/><D129/><U47/><E47/><V70/><F70/><W123/><G25/><T95/><D108/><U78/><E78/><V63/><F26/><W65/><G65/><T22/><D22/><N who="1" m="13383" /><E94/><V68/><F68/><W58/><G58/><T43/><D117/><U111/><E103/><V121/><F121/><W48/><G123/><T80/><REACH who="0" step="1"/><D79/><REACH who="0" ten="90,220,220,460" step="2"/><U77/><E77/><V53/><F5/><W66/><G114/><T2/><D2/><N who="1" m="87" /><E131/><V135/><F100/><W128/><G128/><T133/><D133/><U39/><E39/><V105/><F135/><W109/><G113/><T104/><D104/><U41/><E41/><V92/><F105/><W57/><G42/><T99/><D99/><U0/><E0/><V71/><F3/><W32/><G7/><T51/><D51/><U72/><E72/><V23/><F38/><W28/><G48/><T107/><D107/><U116/><E111/><V54/><F36/><W97/><G109/><T90/><D90/><U20/><E116/><V35/><F37/><W87/><G97/><T110/><D110/><U55/><E20/><V119/><F23/><W115/><G88/><T120/><D120/><U40/><E40/><V134/><F98/><W21/><G115/><T67/><D67/><RYUUKYOKU ba="0,1" sc="90,15,220,15,220,-15,460,-15" hai0="33,34,43,45,50,60,61,80,81,82,86,89,95" hai1="9,13,17,55" /><INIT seed="3,1,1,0,3,70" ten="105,235,205,445" oya="3" hai0="43,132,99,3,106,14,84,96,111,114,107,79,64" hai1="60,119,85,44,86,128,26,19,63,52,16,24,49" hai2="72,38,61,77,0,47,59,66,105,121,5,45,50" hai3="62,48,27,18,9,117,75,95,76,102,34,32,4"/><W74/><G117/><T108/><D3/><U93/><E128/><V112/><F112/><W116/><G116/><T35/><D35/><U109/><E109/><N who="0" m="42057" /><D64/><U115/><E115/><V57/><F121/><W94/><G62/><N who="1" m="23594" /><E119/><V33/><F33/><W29/><G34/><T91/><D114/><U126/><E126/><V28/><F28/><W78/><G78/><T73/><D43/><U83/><E93/><V67/><F105/><N who="0" m="39946" /><D132/><U53/><E86/><V98/><F98/><N who="0" m="37418" /><D14/><U54/><E26/><V51/><F67/><W42/><G42/><T6/><D6/><U100/><E100/><V12/><F0/><W110/><G48/><T133/><D133/><U97/><E97/><V89/><F51/><W41/><G41/><T92/><D79/><N who="1" m="46335" /><E24/><V123/><F66/><W81/><G76/><T7/><D7/><U125/><E125/><V87/><F77/><W120/><G4/><T135/><D135/><U118/><E118/><V13/><F13/><W55/><G27/><T56/><D56/><U104/><E104/><V2/><F59/><W90/><G110/><T101/><D101/><U21/><E21/><V82/><F57/><W36/><G102/><T134/><D134/><U103/><E103/><V8/><F2/><W40/><G32/><T80/><D73/><U130/><E19/><V37/><F72/><W46/><G74/><T39/><D39/><U1/><E16/><V15/><F38/><W131/><G36/><T68/><D68/><U17/><E17/><V20/><F37/><W25/><G75/><T129/><D129/><U23/><E130/><V69/><F69/><RYUUKYOKU ba="1,1" sc="105,30,235,-10,205,-10,445,-10" hai0="80,84,91,92" /><INIT seed="4,2,1,5,0,84" ten="135,225,195,435" oya="0" hai0="3,124,100,105,35,93,114,38,102,107,43,51,111" hai1="115,132,45,104,90,129,28,81,135,121,59,131,20" hai2="128,2,53,54,75,0,16,77,96,106,5,40,101" hai3="70,46,97,92,122,15,87,9,66,8,48,125,65"/><T4/><D38/><U78/><E121/><V19/><F128/><N who="1" m="49225" /><E104/><V74/><F40/><N who="3" m="24647" /><G70/><T10/><D35/><U18/><E28/><V76/><F96/><W79/><G125/><T130/><D102/><U50/><E59/><V49/><F101/><N who="3" m="60583" /><G122/><T12/><D107/><U91/><E115/><V11/><F106/><W89/><G79/><T57/><D105/><U99/><E99/><V33/><F49/><W103/><G103/><T116/><D100/><U37/><E37/><V98/><F98/><W25/><G25/><T36/><D93/><U126/><E126/><V64/><F33/><W6/><G9/><T95/><D95/><AGARI ba="2,1" hai="6,8,15,65,66,87,89,95" m="60583,24647" machi="95" ten="30,2000,0" yaku="8,1,52,1" doraHai="84" who="3" fromWho="0" sc="135,-26,225,0,195,0,435,36" /><INIT seed="5,0,0,5,3,35" ten="109,225,195,471" oya="1" hai0="30,99,36,73,16,37,50,119,20,54,47,43,104" hai1="110,59,67,78,113,55,100,69,57,62,27,33,133" hai2="28,79,76,58,93,91,63,81,56,41,1,14,52" hai3="13,129,94,10,97,80,3,42,12,98,51,11,112"/><U8/><E113/><V34/><F1/><W26/><G3/><T64/><D119/><U23/><E133/><V131/><F131/><W106/><G112/><T49/><D73/><U90/><E78/><V44/><F34/><W4/><G129/><T53/><D64/><U24/><E100/><V84/><F28/><W48/><G42/><T86/><D30/><U114/><E114/><V65/><F14/><W109/><G109/><T95/><D104/><U134/><E134/><V115/><F115/><W25/><G106/><T32/><D32/><U132/><E132/><V60/><REACH who="2" step="1"/><F81/><REACH who="2" ten="109,225,185,471" step="2"/><W122/><G80/><T120/><D120/><U5/><E33/><V125/><F125/><W102/><G122/><T72/><D72/><U6/><E27/><V71/><F71/><W96/><G25/><T127/><D127/><U17/><E69/><V107/><F107/><W130/><G26/><T61/><D86/><U70/><E70/><V29/><F29/><W19/><G130/><T2/><D2/><U118/><E24/><V82/><F82/><W85/><G102/><T123/><D123/><U68/><E68/><V126/><F126/><W66/><G12/><N who="0" m="9223" /><D95/><U38/><E110/><V89/><F89/><W117/><G94/><T40/><D99/><U18/><E90/><V7/><F7/><W108/><G97/><T105/><D105/><U83/><E5/><V9/><F9/><W92/><G98/><T22/><D22/><U74/><E8/><V0/><F0/><W75/><G92/><T77/><D77/><U116/><E6/><V88/><F88/><W103/><G4/><RYUUKYOKU ba="0,1" sc="109,-10,225,-10,185,30,471,-10" hai2="41,44,52,56,58,60,63,65,76,79,84,91,93" /><INIT seed="6,1,1,2,2,18" ten="99,215,215,461" oya="2" hai0="104,37,91,5,43,36,62,111,134,130,40,16,129" hai1="89,119,117,2,3,96,4,112,17,53,29,52,33" hai2="8,79,108,64,44,26,133,77,82,7,23,55,106" hai3="74,94,68,46,115,85,125,50,71,1,67,48,114"/><V105/><F133/><W51/><G74/><T19/><D104/><U84/><E29/><V92/><F64/><W101/><G1/><T28/><D62/><U127/><E33/><V87/><F108/><W9/><G125/><T122/><D28/><U98/><E17/><N who="0" m="6729" /><D5/><U73/><E84/><V61/><F92/><W86/><G9/><T54/><D54/><U88/><E4/><V0/><F79/><W81/><G46/><T35/><D91/><U110/><E73/><V80/><F80/><W124/><G124/><T107/><D107/><U41/><E127/><V65/><F55/><W12/><G12/><T10/><D10/><U121/><E41/><N who="0" m="15945" /><D35/><U131/><E110/><V56/><F44/><W38/><G38/><N who="0" m="14955" /><D111/><U78/><E78/><V60/><F60/><W135/><G67/><T109/><D109/><U32/><E32/><V59/><F59/><W99/><G135/><T70/><D134/><U13/><E13/><V15/><F15/><W66/><G66/><T95/><D95/><U34/><E34/><V75/><F75/><W63/><G63/><T128/><D122/><U97/><E97/><V113/><F106/><W83/><G83/><T11/><D11/><U69/><E121/><V27/><F105/><W14/><G14/><T116/><D116/><U42/><E42/><V21/><F8/><W39/><G39/><T25/><D25/><N who="2" m="9226" /><F7/><W24/><G24/><T58/><D58/><U49/><E2/><V120/><F0/><W90/><G86/><T20/><D20/><N who="2" m="7754" /><F120/><W30/><G30/><T103/><D103/><U6/><E3/><V132/><F132/><RYUUKYOKU ba="1,1" sc="99,10,215,-30,215,10,461,10" hai0="70,128,129,130" hai2="56,61,65,77,82,87,113" hai3="48,50,51,68,71,81,85,90,94,99,101,114,115" /><INIT seed="6,2,1,4,1,37" ten="109,185,225,471" oya="2" hai0="97,119,85,41,15,131,104,42,35,105,72,132,8" hai1="3,2,33,129,99,4,7,68,63,106,71,79,80" hai2="116,67,82,51,34,66,126,114,48,19,96,62,103" hai3="31,135,58,77,134,121,130,123,24,52,118,36,45"/><V18/><F34/><W21/><G118/><T112/><D72/><N who="1" m="43111" /><E7/><V20/><F116/><W108/><G108/><T14/><D119/><U94/><E94/><N who="2" m="58775" /><F114/><W75/><G130/><T6/><D131/><U101/><E129/><V93/><F19/><W73/><G45/><T55/><D112/><U109/><E109/><V26/><F62/><N who="3" m="36167" /><G36/><T90/><D35/><U13/><E13/><V40/><F82/><N who="3" m="45359" /><G75/><T76/><D76/><U65/><E4/><V1/><F1/><N who="1" m="9" /><E71/><V23/><F23/><W0/><G0/><T84/><D84/><U10/><E10/><V127/><F93/><W25/><G25/><T89/><D55/><U46/><E46/><N who="2" m="25671" /><F51/><W16/><G31/><T27/><D27/><U95/><E95/><V50/><F50/><W98/><G98/><T32/><D32/><AGARI ba="2,1" hai="32,33,63,65,68,99,101,106" m="9,43111" machi="32" ten="30,2000,0" yaku="33,2" doraHai="37" who="1" fromWho="0" sc="109,-26,185,36,225,0,471,0" /><INIT seed="7,0,0,1,2,82" ten="83,221,225,471" oya="3" hai0="60,37,80,62,115,114,2,107,65,63,122,109,29" hai1="103,72,28,78,101,9,43,92,1,74,64,125,17" hai2="68,12,42,96,19,6,44,32,131,117,93,95,18" hai3="46,91,34,52,121,119,30,128,85,24,100,36,86"/><W39/><G121/><T59/><D107/><U106/><E106/><V132/><F68/><W11/><G119/><T105/><D105/><U123/><E123/><V104/><F104/><W69/><G69/><T57/><D2/><U55/><E64/><V83/><F32/><W71/><G71/><T112/><D122/><U102/><E78/><V124/><F117/><W129/><G100/><T41/><D29/><U38/><E28/><V49/><F124/><W48/><G11/><T70/><D80/><U77/><E125/><V89/><F83/><N who="3" m="49599" /><G86/><T51/><D59/><U134/><E77/><V99/><F132/><W97/><G97/><T110/><D37/><U40/><E92/><V66/><F66/><W27/><G27/><T45/><D70/><U3/><E55/><V14/><F131/><AGARI ba="0,0" hai="24,30,34,36,39,46,48,52,128,129,131" m="49599" machi="131" ten="30,5800,0" yaku="19,1,52,1,54,1" doraHai="82" who="3" fromWho="2" sc="83,0,221,0,225,-58,471,58" owari="83,-42.0,221,2.0,167,-23.0,529,63.0" /></mjloggm>