<mjloggm ver="2.3"><GO type="169" lobby="0"/><UN n0="%E3%83%88%E3%83%88%E3%83%AA%E5%85%88%E7%94%9F%31%39%E6%AD%B3" n1="%48%6F%67%65%4E%75%6C%6C" n2="%E3%81%97%E3%82%85%E3%81%86%E3%83%BC%E3%80%82" n3="%E4%BA%BA%E4%BF%AE%E7%BE%85%E3%82%B5%E3%83%B3" dan="18,16,18,16" rate="2268.74,2057.98,2210.62,2090.09" sx="F,M,M,M"/><TAIKYOKU oya="0"/><INIT seed="0,0,0,2,3,24" ten="250,250,250,250" oya="0" hai0="47,134,65,130,131,97,43,69,122,18,74,62,32" hai1="87,92,76,73,5,117,99,15,132,86,31,39,104" hai2="67,34,129,22,53,4,36,75,3,135,16,49,106" hai3="125,114,38,2,26,35,11,42,90,33,20,111,116"/><T110/><D74/><U109/><E39/><V91/><F36/><W6/><G116/><T23/><D32/><U85/><E5/><V94/><F106/><W0/><G114/><T101/><D122/><U45/><E45/><V77/><F135/><W64/><G111/><T82/><D82/><U102/><E15/><V127/><F127/><W10/><G125/><T95/><D134/><U121/><E132/><V71/><F129/><W29/><G64/><T56/><D69/><U1/><E1/><V105/><F105/><W93/><G38/><T58/><D58/><U120/><E31/><V128/><F128/><W44/><G44/><T27/><REACH who="0" step="1"/><D110/><REACH who="0" ten="240,250,250,250" step="2"/><U84/><E109/><V103/><F34/><W113/><G113/><T68/><D68/><U21/><E117/><V123/><F123/><W60/><G35/><T7/><D7/><U55/><E120/><V61/><F75/><W19/><G33/><T133/><D133/><U13/><E121/><V107/><F4/><W59/><G6/><T66/><D66/><U63/><E73/><V30/><F3/><W72/><G0/><T52/><D52/><U126/><E126/><V14/><F53/><N who="3" m="33903" /><G2/><T40/><D40/><U96/><E55/><V28/><F77/><W118/><G42/><T37/><AGARI ba="0,1" hai="18,23,27,37,43,47,56,62,65,95,97,101,130,131" machi="37" ten="30,3000,0" yaku="1,1,0,1,53,0" doraHai="24" doraHaiUra="112" who="0" fromWho="0" sc="240,40,250,-10,250,-10,250,-10" /><INIT seed="0,1,0,5,0,129" ten="280,240,240,240" oya="0" hai0="99,39,1,101,40,75,79,4,94,123,108,55,37" hai1="14,62,82,107,84,124,66,127,128,47,74,103,0" hai2="9,8,109,34,32,50,131,87,63,60,130,73,71" hai3="96,135,68,24,91,119,134,106,7,25,113,11,116"/><T121/><D55/><U112/><E0/><V3/><F3/><W89/><G113/><T61/><D61/><N who="2" m="23626" /><F87/><W69/><G91/><T65/><D65/><U17/><E74/><V72/><F50/><W93/><G106/><T19/><D19/><U90/><E128/><N who="2" m="49195" /><F71/><W30/><G24/><T31/><D31/><U12/><E47/><V86/><F86/><W97/><G97/><T52/><D52/><U46/><E46/><V98/><F98/><W83/><G83/><N who="0" m="45567" /><D39/><U23/><E112/><V29/><F29/><W125/><G68/><T100/><D100/><U5/><E12/><V59/><F59/><W38/><G69/><T54/><D54/><U76/><E5/><V33/><F109/><W21/><G38/><T95/><D94/><U132/><E103/><V42/><F42/><W6/><G6/><T43/><D43/><U10/><E62/><V53/><F53/><W13/><REACH who="3" step="1"/><G125/><REACH who="3" ten="280,240,240,230" step="2"/><T115/><D115/><U28/><E127/><V16/><F16/><W70/><G70/><T36/><D36/><U18/><E18/><V2/><F2/><W104/><G104/><T15/><D15/><U35/><E124/><V67/><F67/><W45/><G45/><N who="0" m="23695" /><D108/><U20/><E107/><V81/><F81/><W92/><G92/><T41/><D41/><U133/><E17/><V120/><F120/><N who="0" m="46154" /><D4/><U44/><E14/><V110/><F110/><W114/><G114/><T117/><D1/><U56/><E82/><V111/><F111/><W51/><G51/><T22/><D117/><AGARI ba="1,1" hai="7,11,13,21,25,30,89,93,96,116,117,119,134,135" machi="117" ten="40,5200,0" yaku="1,1,52,2,53,0" doraHai="129" doraHaiUra="78" who="3" fromWho="0" sc="280,-55,240,0,240,0,230,65" /><INIT seed="1,0,0,3,3,101" ten="225,240,240,295" oya="1" hai0="98,78,1,134,104,135,13,50,24,26,48,10,43" hai1="55,56,25,41,36,112,22,83,2,28,45,14,73" hai2="86,40,118,3,85,38,120,5,16,32,115,63,108" hai3="131,47,46,58,123,44,121,76,8,70,105,31,71"/><U133/><E112/><V18/><F115/><W126/><G31/><T92/><D1/><U100/><E133/><N who="0" m="50697" /><D78/><U119/><E119/><V117/><F120/><W57/><G76/><T68/><D68/><U96/><E2/><V27/><F108/><W29/><G29/><T67/><D67/><U79/><E14/><V17/><F32/><W53/><G8/><T116/><D116/><U19/><E19/><V62/><F27/><N who="0" m="10282" /><D43/><U103/><REACH who="1" step="1"/><E96/><REACH who="1" ten="225,230,240,295" step="2"/><V129/><F118/><W80/><G123/><T30/><D30/><U110/><E110/><V60/><F117/><W132/><G121/><T21/><D13/><U87/><E87/><V82/><F3/><W107/><G132/><T42/><D98/><U54/><E54/><V97/><F97/><W15/><G15/><T88/><D10/><U90/><E90/><V75/><F5/><W20/><G53/><T91/><D88/><U127/><E127/><V11/><F11/><W77/><G126/><T37/><D91/><U84/><E84/><V74/><F86/><W61/><G20/><T109/><D21/><U130/><E130/><V128/><F85/><W65/><G131/><N who="2" m="50249" /><F82/><W49/><G80/><T89/><D109/><U72/><E72/><N who="2" m="27691" /><F40/><W106/><REACH who="3" step="1"/><G77/><REACH who="3" ten="225,230,240,285" step="2"/><T95/><D42/><U113/><E113/><V99/><F99/><W23/><G23/><T124/><D124/><U69/><E69/><V7/><F7/><W64/><G64/><T81/><D81/><U0/><E0/><V59/><F18/><W4/><G4/><T33/><D89/><U52/><E52/><V39/><F17/><W102/><G102/><RYUUKYOKU ba="0,2" sc="225,-15,230,15,240,-15,285,15" hai1="22,25,28,36,41,45,55,56,73,79,83,100,103" hai3="44,46,47,49,57,58,61,65,70,71,105,106,107" /><INIT seed="1,1,2,2,5,44" ten="210,245,225,300" oya="1" hai0="109,42,131,11,18,97,73,23,12,63,28,50,134" hai1="27,36,123,84,96,115,41,83,68,77,101,122,87" hai2="135,132,38,45,112,54,25,17,114,20,108,129,119" hai3="111,49,100,40,118,16,1,60,116,98,103,0,79"/><U121/><E68/><V14/><F119/><N who="3" m="45611" /><G111/><T70/><D73/><N who="1" m="43439" /><E41/><N who="2" m="22711" /><F108/><W58/><G79/><T13/><D109/><U65/><E27/><V56/><F14/><W29/><G29/><T34/><D131/><U105/><E65/><V125/><F129/><W75/><G75/><T99/><D134/><N who="2" m="51242" /><F125/><W24/><G100/><T22/><D34/><U93/><E36/><V9/><F9/><W66/><G40/><T57/><D97/><N who="1" m="61615" /><E115/><V82/><F82/><W130/><G130/><T80/><D70/><U95/><E95/><V92/><F92/><N who="3" m="58823" /><G49/><AGARI ba="1,2" hai="17,20,25,49,54,56,112,114" m="51242,22711" machi="49" ten="30,2000,0" yaku="20,1,52,1" doraHai="44" who="2" fromWho="3" sc="210,0,245,0,225,43,300,-23" /><INIT seed="2,0,0,5,1,121" ten="210,245,268,277" oya="2" hai0="27,75,61,78,28,81,92,21,111,37,123,132,134" hai1="106,0,16,105,41,77,108,110,79,118,36,42,116" hai2="7,14,63,93,88,67,40,112,5,71,69,85,10" hai3="131,17,12,74,22,39,15,13,73,20,117,76,119"/><V133/><F133/><W29/><G39/><T103/><D123/><U91/><E0/><V38/><F112/><W3/><G76/><N who="1" m="29258" /><E91/><V104/><F104/><N who="1" m="40041" /><E16/><V59/><REACH who="2" step="1"/><F5/><REACH who="2" ten="210,245,258,277" step="2"/><W101/><G119/><N who="1" m="45610" /><E36/><V46/><AGARI ba="0,1" hai="7,10,14,38,40,46,59,63,67,69,71,85,88,93" machi="46" ten="30,6000,0" yaku="1,1,0,1,54,1,53,0" doraHai="121" doraHaiUra="18" who="2" fromWho="2" sc="210,-20,245,-20,258,70,277,-20" /><INIT seed="2,1,0,3,0,98" ten="190,225,328,257" oya="2" hai0="128,77,71,87,88,36,7,123,135,100,2,97,21" hai1="22,69,124,51,120,17,24,78,57,33,23,47,125" hai2="4,72,115,18,64,3,62,43,46,112,102,0,103" hai3="81,39,76,79,132,92,40,83,20,44,110,52,8"/><V45/><F72/><W13/><G132/><T35/><D123/><U95/><E69/><V117/><F117/><W34/><G110/><T130/><D35/><U42/><E78/><V63/><F18/><W6/><G34/><T91/><D71/><U75/><E75/><V48/><F4/><W68/><G68/><T27/><D36/><U30/><E120/><V70/><F62/><W126/><G126/><N who="1" m="48746" /><E17/><V67/><F67/><W10/><G10/><T38/><D38/><U9/><E9/><V104/><F46/><W50/><G81/><N who="0" m="47535" /><D2/><U65/><E95/><V16/><F104/><W12/><G83/><T80/><D80/><U60/><AGARI ba="1,0" hai="22,23,24,30,33,42,47,51,57,60,65" m="48746" machi="60" ten="30,1100,0" yaku="18,1" doraHai="98" who="1" fromWho="1" sc="190,-4,225,14,328,-6,257,-4" /><INIT seed="3,0,0,2,5,58" ten="186,239,322,253" oya="3" hai0="50,110,104,42,67,30,29,44,12,10,88,11,129" hai1="32,36,6,128,98,49,14,70,27,45,69,16,23" hai2="24,53,107,75,22,71,59,135,121,33,115,47,108" hai3="28,122,85,57,92,39,93,61,91,109,106,116,118"/><W76/><G122/><T19/><D104/><U8/><E128/><V103/><F121/><W111/><G106/><T133/><D129/><U20/><E36/><V95/><F107/><W3/><G3/><T101/><D110/><N who="3" m="41993" /><G39/><T120/><D120/><U132/><E132/><V84/><F115/><W114/><G28/><T65/><D101/><U68/><E98/><V105/><F33/><W7/><G7/><T112/><D133/><U77/><E77/><V73/><F105/><W43/><G43/><T131/><D131/><U0/><E23/><V123/><F135/><W31/><G31/><N who="0" m="11787" /><D10/><U86/><E86/><V125/><F123/><W5/><G5/><T2/><D2/><U56/><E56/><V41/><F71/><W117/><G114/><T48/><D48/><U126/><E126/><V46/><F125/><W26/><G76/><T80/><D112/><U38/><E38/><V17/><F108/><W66/><G26/><T35/><D35/><U21/><E21/><V87/><F41/><W34/><G34/><T78/><D78/><U62/><E32/><V90/><F24/><W83/><AGARI ba="0,0" hai="57,61,66,83,85,91,92,93,116,117,118" m="41993" machi="83" ten="40,7800,0" yaku="14,1,10,1,52,1" doraHai="58" who="3" fromWho="3" sc="186,-26,239,-26,322,-26,253,78" /><INIT seed="3,1,0,4,4,116" ten="160,213,296,331" oya="3" hai0="95,32,14,81,118,120,96,87,33,103,61,45,11" hai1="18,132,8,62,108,69,38,112,100,27,59,58,105" hai2="128,84,109,30,72,77,135,3,16,130,86,110,13" hai3="21,124,107,29,60,67,25,53,55,41,64,35,106"/><W65/><G124/><T15/><D118/><U88/><E108/><N who="2" m="41579" /><F72/><W36/><G107/><T10/><D120/><U83/><E132/><V79/><F3/><W134/><G134/><T122/><D122/><U131/><E131/><N who="2" m="50219" /><F30/><W90/><G106/><T50/><D61/><U26/><E112/><V44/><F44/><W114/><G114/><T2/><D2/><U24/><E38/><V73/><F135/><W6/><G6/><T98/><D98/><U113/><E113/><V7/><F7/><W5/><G5/><T39/><D39/><U129/><E129/><V63/><F63/><W115/><G115/><T123/><D123/><U43/><E43/><V99/><F73/><W20/><G41/><T0/><D0/><U82/><E62/><V66/><F66/><W40/><G40/><T117/><D117/><U80/><E69/><V46/><F46/><W71/><G71/><T89/><D33/><U4/><E59/><V133/><F133/><W121/><G36/><T126/><D32/><U85/><E58/><V54/><F54/><W52/><G121/><T56/><D56/><U93/><E18/><V68/><F68/><W49/><G60/><T51/><D126/><U42/><E42/><V48/><F48/><N who="0" m="18474" /><D45/><U31/><E31/><V74/><F99/><W76/><G49/><T37/><D37/><U19/><E4/><V75/><F75/><W119/><G119/><T28/><D28/><U97/><E8/><AGARI ba="1,0" hai="8,10,11,14,15,81,87,89,95,96,103" m="18474" machi="8" ten="30,1000,0" yaku="8,1" doraHai="116" who="0" fromWho="1" sc="160,13,213,-13,296,0,331,0" /><INIT seed="4,0,0,0,3,35" ten="173,200,296,331" oya="0" hai0="96,82,70,62,65,57,94,29,81,121,78,7,118" hai1="63,80,109,11,126,4,38,85,117,54,129,55,60" hai2="17,105,113,108,15,69,66,71,33,107,48,9,5" hai3="51,74,130,31,116,40,43,89,20,93,32,106,47"/><T30/><D118/><U64/><E117/><V79/><F108/><W110/><G110/><T34/><D121/><U132/><E109/><V3/><F113/><W95/><G130/><T103/><D82/><U41/><E129/><V92/><F33/><W2/><G106/><T14/><D34/><U22/><E126/><V102/><F79/><W123/><G74/><T45/><D70/><U98/><E132/><V6/><F6/><W90/><G116/><T115/><D115/><U72/><E72/><V75/><F75/><W104/><G104/><T111/><D111/><U46/><E22/><V27/><F27/><N who="3" m="16871" /><G2/><T19/><D7/><U21/><E21/><V88/><F102/><W24/><G24/><T124/><D124/><U37/><E98/><V42/><F105/><W53/><G123/><T13/><D45/><U59/><E37/><V50/><F107/><W122/><G122/><T61/><D61/><U10/><E60/><V114/><F114/><W36/><G36/><T77/><D14/><U49/><E4/><V16/><F17/><W100/><G100/><T76/><REACH who="0" step="1"/><D81/><REACH who="0" ten="163,200,296,331" step="2"/><U125/><E125/><V67/><F69/><W52/><G32/><T58/><D58/><U18/><E80/><V91/><F71/><W133/><G40/><T128/><D128/><U44/><E41/><V12/><F42/><W23/><G43/><T56/><D56/><U97/><E59/><V84/><F15/><W119/><G47/><T127/><D127/><U26/><E46/><V87/><F5/><W83/><G119/><T39/><D39/><U1/><E38/><V131/><F131/><RYUUKYOKU ba="0,1" sc="163,30,200,-10,296,-10,331,-10" hai0="13,19,29,30,57,62,65,76,77,78,94,96,103" /><INIT seed="4,1,1,4,2,56" ten="193,190,286,321" oya="0" hai0="76,57,61,4,22,7,33,20,129,106,80,70,51" hai1="55,75,72,81,119,47,128,116,94,127,50,125,12" hai2="29,97,3,46,104,11,65,67,89,54,66,79,5" hai3="39,63,86,69,99,105,60,15,109,114,91,84,49"/><T10/><D33/><U28/><E28/><V108/><F108/><W118/><G109/><T14/><D106/><U122/><E122/><V25/><F79/><W27/><G118/><T103/><D129/><U36/><E128/><V133/><F133/><W58/><G39/><T74/><D103/><U52/><E94/><V40/><F54/><W82/><G27/><T34/><D34/><U98/><E98/><V96/><F104/><W17/><G114/><T2/><D70/><U38/><E12/><V32/><REACH who="2" step="1"/><F89/><REACH who="2" ten="193,190,276,321" step="2"/><W31/><G105/><T71/><D76/><U64/><E64/><V87/><F87/><W23/><G86/><T43/><D74/><U83/><E47/><V93/><F93/><W88/><G91/><T41/><D80/><U101/><E101/><V24/><F24/><W123/><G123/><T102/><D102/><U107/><E107/><V120/><F120/><W121/><G121/><T111/><D111/><U92/><E92/><V30/><F30/><W19/><G31/><T44/><D43/><U59/><E75/><V37/><AGARI ba="1,2" hai="3,5,11,25,29,32,37,40,46,65,66,67,96,97" machi="37" ten="30,2000,0" yaku="1,1,0,1,53,0" doraHai="56" doraHaiUra="113" who="2" fromWho="2" sc="193,-11,190,-6,276,43,321,-6" /><INIT seed="5,0,0,2,5,18" ten="182,184,319,315" oya="1" hai0="119,43,15,6,61,17,103,74,70,110,9,123,91" hai1="19,108,102,39,51,66,117,76,114,127,78,44,81" hai2="24,46,28,115,72,111,21,90,85,53,3,82,97" hai3="121,94,10,57,87,49,31,116,65,45,113,25,89"/><U52/><E117/><V30/><F111/><W26/><G113/><T13/><D110/><U80/><E108/><V41/><F115/><W69/><G116/><T134/><D119/><U83/><E114/><V32/><F3/><W133/><G133/><T104/><D74/><U99/><E127/><V86/><F72/><W67/><G69/><T37/><D134/><U84/><E84/><V92/><F32/><W112/><G112/><T56/><D70/><U1/><E1/><V63/><F30/><W129/><G129/><T77/><D123/><U124/><E124/><V11/><F11/><W131/><G131/><T101/><D77/><U29/><E29/><V106/><F106/><W107/><G107/><T12/><D104/><U96/><E39/><V95/><F63/><W4/><G121/><T22/><D43/><U128/><E128/><V68/><F68/><W54/><G26/><T100/><D37/><U40/><E66/><V8/><F8/><W88/><G89/><T50/><D50/><N who="1" m="26887" /><E19/><V60/><F41/><W35/><REACH who="3" step="1"/><G45/><REACH who="3" ten="182,184,319,305" step="2"/><T23/><D91/><U118/><E118/><V120/><F120/><W126/><G126/><T71/><D71/><U14/><E78/><N who="2" m="46295" /><F46/><W109/><G109/><T59/><D101/><U20/><E76/><V33/><F90/><W98/><G98/><T16/><D59/><N who="1" m="33183" /><E102/><V2/><F97/><W64/><G64/><AGARI ba="0,1" hai="6,9,12,13,15,16,17,22,23,56,61,64,100,103" machi="64" ten="30,12000,2" yaku="7,1,9,1,8,1,52,2,54,1" doraHai="18" who="0" fromWho="3" sc="182,130,184,0,319,0,305,-120" /><INIT seed="6,0,0,1,0,70" ten="312,184,319,185" oya="2" hai0="76,52,0,29,101,117,132,84,94,58,19,69,54" hai1="32,20,128,99,65,49,57,35,50,120,4,42,102" hai2="134,34,9,78,85,88,12,44,82,107,74,21,45" hai3="55,122,13,108,39,116,17,60,37,109,31,68,105"/><V43/><F34/><W51/><G122/><T41/><D69/><U123/><E4/><V18/><F107/><W67/><G116/><T71/><D71/><U98/><E20/><V7/><F134/><W125/><G105/><T25/><D0/><U15/><E15/><V53/><F53/><W127/><G31/><T113/><D132/><U66/><E57/><V48/><F45/><N who="3" m="28143" /><G13/><T86/><D117/><U97/><E128/><V26/><F74/><W133/><G133/><T92/><D113/><U87/><E87/><V72/><REACH who="2" step="1"/><F72/><REACH who="2" ten="312,184,309,185" step="2"/><W62/><G62/><T30/><D54/><U114/><E114/><V46/><F46/><W36/><G17/><T3/><D19/><U73/><E73/><V47/><F47/><W96/><G96/><T91/><D29/><U28/><E28/><V61/><F61/><W40/><G40/><T121/><D41/><U131/><E98/><V126/><F126/><AGARI ba="0,1" hai="36,37,39,60,67,68,108,109,125,126,127" m="28143" machi="126" ten="40,12000,2" yaku="18,1,34,2,52,3" doraHai="70" who="3" fromWho="2" sc="312,0,184,0,309,-120,185,130" /><INIT seed="7,0,0,2,1,12" ten="312,184,189,315" oya="3" hai0="105,76,52,125,114,3,99,121,96,57,38,81,5" hai1="7,78,90,72,48,128,39,117,70,103,44,84,82" hai2="63,21,54,66,34,97,35,4,25,33,65,60,55" hai3="98,29,19,111,30,122,135,13,79,118,36,31,124"/><W1/><G122/><T8/><D121/><U110/><E110/><V69/><F4/><W11/><G118/><T93/><D105/><U101/><E70/><V83/><F83/><W0/><G36/><T58/><D125/><U119/><E39/><V115/><F97/><W68/><G68/><T43/><D114/><U106/><E7/><V9/><F9/><N who="3" m="6575" /><G98/><T62/><D93/><N who="1" m="54471" /><E128/><V47/><F115/><W24/><G79/><T32/><D32/><U59/><E59/><V107/><F107/><W89/><G89/><T123/><D123/><U132/><E132/><V26/><F47/><W126/><G111/><T75/><D57/><U88/><E88/><V56/><REACH who="2" step="1"/><F25/><REACH who="2" ten="312,184,179,315" step="2"/><W120/><G120/><T116/><D116/><N who="1" m="44619" /><E106/><V18/><AGARI ba="0,1" hai="18,21,26,33,34,35,54,55,56,60,63,65,66,69" machi="18" ten="30,7900,0" yaku="1,1,0,1,52,1,53,1" doraHai="12" doraHaiUra="14" who="2" fromWho="2" sc="312,-20,184,-20,179,89,315,-39" /><INIT seed="8,0,0,3,4,18" ten="292,164,268,276" oya="0" hai0="127,88,97,12,46,21,78,33,39,98,11,36,129" hai1="17,89,135,10,120,50,44,93,24,72,102,63,61" hai2="116,55,100,94,45,76,43,114,105,103,34,125,134" hai3="66,124,49,132,9,48,0,74,117,35,59,133,2"/><T25/><D33/><U51/><E135/><N who="3" m="51786" /><G74/><T77/><D39/><U83/><E120/><V67/><F134/><W22/><G35/><T115/><D115/><U128/><E128/><V75/><F105/><W5/><G0/><T95/><D129/><U113/><E113/><V38/><F114/><W90/><G124/><T96/><D127/><U16/><E72/><V19/><F125/><W92/><G117/><T108/><D108/><U71/><E102/><V27/><F116/><W60/><G22/><T28/><D46/><U52/><E83/><V47/><F67/><W84/><AGARI ba="0,0" hai="2,5,9,48,49,59,60,66,84,90,92" m="51786" machi="84" ten="30,1100,0" yaku="20,1" doraHai="18" who="3" fromWho="3" sc="292,-5,164,-3,268,-3,276,11" /><INIT seed="9,0,0,4,5,131" ten="287,161,265,287" oya="1" hai0="113,72,109,64,36,97,101,122,15,84,73,17,59" hai1="116,85,120,21,70,102,69,0,128,51,45,127,25" hai2="134,132,23,63,90,42,80,18,22,12,48,35,67" hai3="46,112,123,53,104,124,74,107,34,95,82,125,39"/><U57/><E116/><V66/><F35/><W129/><G123/><T58/><D109/><U20/><E120/><V106/><F106/><W37/><G112/><T111/><D111/><U99/><E0/><V6/><F6/><W5/><G95/><T49/><D113/><U8/><E128/><V93/><F80/><W98/><G129/><T33/><D36/><U100/><E127/><N who="3" m="48714" /><G34/><T38/><D38/><N who="3" m="14345" /><G98/><T108/><D33/><U87/><E57/><V9/><F42/><W24/><G24/><T115/><D115/><U68/><E8/><V29/><F48/><W81/><G5/><T126/><D108/><U43/><E21/><V60/><F60/><W83/><G74/><T65/><D73/><U86/><REACH who="1" step="1"/><E99/><REACH who="1" ten="287,151,265,287" step="2"/><V47/><F23/><W96/><G96/><T44/><D59/><U130/><E130/><V27/><F47/><W119/><G119/><T56/><D58/><U31/><AGARI ba="0,1" hai="20,25,31,43,45,51,68,69,70,85,86,87,100,102" machi="31" ten="40,3900,0" yaku="1,1,0,1,53,0" doraHai="131" doraHaiUra="3" who="1" fromWho="1" sc="287,-13,151,49,265,-13,287,-13" /><INIT seed="9,1,0,5,2,109" ten="274,200,252,274" oya="1" hai0="90,110,62,130,133,79,83,100,98,51,122,40,37" hai1="55,64,56,9,31,81,72,18,69,60,78,74,2" hai2="54,71,97,108,127,86,8,16,29,11,25,33,48" hai3="17,36,134,107,111,115,5,87,13,135,120,28,34"/><U82/><E31/><V124/><F108/><W27/><G107/><T22/><D110/><U94/><E94/><V75/><F75/><W114/><G36/><T63/><D37/><U12/><E2/><V65/><F97/><W53/><G120/><T126/><D122/><U30/><E30/><V43/><F43/><W76/><G111/><T106/><D130/><U105/><E105/><V121/><F121/><W118/><G53/><T119/><D119/><U3/><E3/><V49/><F86/><W32/><G118/><T132/><D126/><N who="2" m="48170" /><F54/><W85/><G85/><N who="0" m="48383" /><D22/><U68/><REACH who="1" step="1"/><E55/><REACH who="1" ten="274,190,252,274" step="2"/><V103/><F103/><W38/><G28/><T102/><D100/><U91/><E91/><V117/><F117/><W129/><G34/><T1/><D1/><U0/><E0/><V67/><F29/><W14/><G32/><T125/><D90/><U7/><E7/><V20/><F33/><W35/><G35/><T99/><D125/><U116/><E116/><V95/><F95/><W131/><G131/><T96/><D102/><U41/><E41/><V59/><F65/><W58/><G129/><T89/><D89/><U4/><E4/><V21/><F67/><W66/><G5/><T47/><D106/><U93/><E93/><V23/><F25/><W104/><G27/><T112/><D40/><U128/><E128/><V101/><F101/><W70/><G104/><T19/><D19/><U39/><E39/><V6/><F16/><W84/><G17/><T88/><D88/><U73/><E73/><V80/><F6/><W92/><G38/><T10/><D98/><U113/><E113/><RYUUKYOKU ba="1,1" sc="274,-10,190,30,252,-10,274,-10" hai1="9,12,18,56,60,64,68,69,72,74,78,81,82" /><INIT seed="9,2,1,4,2,73" ten="264,220,242,264" oya="1" hai0="60,12,94,118,3,114,48,91,112,42,22,63,11" hai1="26,104,76,126,105,39,111,2,56,96,13,18,102" hai2="109,132,125,70,116,58,124,130,100,89,38,106,16" hai3="133,82,81,69,10,55,23,46,33,85,99,97,93"/><U123/><E123/><V86/><F70/><W28/><G133/><T24/><D3/><U41/><E2/><V121/><F38/><W115/><G115/><T113/><D118/><U134/><E134/><V122/><F132/><W135/><G135/><T47/><D114/><U84/><E126/><N who="2" m="48747" /><F58/><W32/><G69/><T74/><D74/><U27/><E111/><V31/><F31/><W67/><G67/><T66/><D66/><U0/><E0/><V40/><F40/><W88/><G10/><T95/><D95/><U119/><E119/><V34/><F34/><W14/><G33/><T19/><D113/><U9/><E41/><V43/><F43/><W92/><G32/><T54/><D42/><U50/><E39/><V8/><F116/><W44/><G85/><T45/><D45/><N who="3" m="17513" /><G55/><T6/><D112/><U83/><REACH who="1" step="1"/><E105/><REACH who="1" ten="264,210,242,264" step="2"/><V37/><F37/><W80/><G28/><T29/><D29/><U30/><E30/><V49/><F109/><W107/><G107/><T5/><D5/><U36/><E36/><V131/><F121/><W79/><G79/><T77/><D77/><U17/><E17/><V87/><F122/><W35/><G35/><T90/><D6/><U103/><E103/><V4/><F4/><W51/><G88/><T15/><D90/><U120/><E120/><V25/><F100/><W129/><G129/><N who="2" m="49161" /><F106/><W53/><G53/><AGARI ba="2,2" hai="9,13,18,26,27,50,53,56,76,83,84,96,102,104" machi="53" ten="40,3900,0" yaku="1,1,52,1,53,0" doraHai="73" doraHaiUra="1" who="1" fromWho="3" sc="264,0,210,65,242,0,264,-45" /><INIT seed="9,3,0,2,0,8" ten="264,275,242,219" oya="1" hai0="126,70,107,43,23,22,119,79,19,93,118,94,109" hai1="63,131,10,44,16,46,80,120,39,31,6,81,20" hai2="58,135,36,67,30,37,127,48,14,34,100,113,125" hai3="64,7,129,41,85,75,55,62,9,42,40,35,4"/><U28/><E120/><V78/><F78/><W24/><G129/><T99/><D109/><U77/><E131/><V106/><F135/><W74/><G4/><T84/><D70/><U25/><E63/><V51/><F113/><W73/><G85/><T132/><D132/><U68/><E68/><V102/><F30/><N who="1" m="11305" /><E39/><V5/><F34/><W95/><G35/><T65/><D65/><U32/><E32/><V128/><F128/><W114/><G24/><T122/><D43/><U49/><E77/><V13/><F5/><W66/><G95/><T110/><D94/><U90/><E90/><V130/><F130/><W47/><G114/><T86/><D79/><U29/><E6/><V33/><F33/><W50/><REACH who="3" step="1"/><G62/><REACH who="3" ten="264,275,242,209" step="2"/><T17/><D93/><U21/><E80/><V18/><F106/><W76/><G76/><T115/><D107/><U87/><E87/><V2/><F2/><AGARI ba="3,1" hai="2,7,9,40,41,42,47,50,55,64,66,73,74,75" machi="2" ten="50,1600,0" yaku="1,1,53,0" doraHai="8" doraHaiUra="133" who="3" fromWho="2" sc="264,0,275,0,242,-25,209,35" /><INIT seed="10,0,0,5,2,72" ten="264,275,217,244" oya="2" hai0="52,103,24,18,95,60,134,79,9,65,129,112,91" hai1="2,17,94,8,22,86,26,46,14,82,30,69,70" hai2="45,23,25,5,11,110,7,117,4,80,89,1,73" hai3="98,96,62,43,29,56,122,67,113,87,130,105,38"/><V51/><F117/><W135/><G122/><T68/><D112/><U34/><E94/><V16/><F110/><W3/><G3/><T74/><D103/><U15/><E46/><V57/><F57/><W106/><G38/><T12/><D129/><U104/><E104/><V10/><F1/><W132/><G43/><T81/><D134/><N who="3" m="51241" /><G130/><T53/><D24/><U19/><REACH who="1" step="1"/><E2/><REACH who="1" ten="264,265,217,244" step="2"/><V41/><REACH who="2" step="1"/><F89/><AGARI ba="0,1" hai="8,14,15,17,19,22,26,30,34,69,70,82,86,89" machi="89" ten="30,3900,0" yaku="1,1,2,1,7,1,53,0" doraHai="72" doraHaiUra="116" who="1" fromWho="2" sc="264,0,265,49,217,-39,244,0" owari="264,6.0,314,42.0,178,-32.0,244,-16.0" /></mjloggm>