<mjloggm ver="2.3"><GO type="171" lobby="0"/><UN n0="%6B%75%72%6F%2A" n1="%E3%83%88%E3%83%88%E3%83%AA%E5%85%88%E7%94%9F%31%39%E6%AD%B3" n2="%E9%BA%BB%E9%9B%80%E4%B8%96%E7%95%8C" n3="%E3%81%BF%E3%81%A3%E3%81%A4%E3%81%83%EF%BD%9E" dan="16,18,16,17" rate="2059.61,2271.12,2090.07,2139.45" sx="M,F,M,F"/><TAIKYOKU oya="0"/><INIT seed="0,0,0,3,4,94" ten="250,250,250,250" oya="0" hai0="25,7,36,67,41,132,53,17,45,14,28,64,24" hai1="83,27,5,108,37,134,96,63,101,98,56,133,114" hai2="59,125,105,126,86,31,35,107,73,79,50,93,48" hai3="66,44,135,38,113,80,77,68,49,85,33,100,123"/><T26/><D132/><N who="1" m="50795" /><E101/><V95/><F35/><W78/><G38/><T18/><D28/><U32/><E37/><V102/><F31/><W43/><G33/><T110/><D110/><U120/><E120/><V119/><F59/><W10/><G135/><T13/><D7/><U2/><E108/><V74/><F48/><W4/><G113/><T92/><D53/><U65/><E114/><V54/><F50/><W9/><G123/><T117/><D117/><U52/><E83/><N who="2" m="47487" /><F54/><W87/><G100/><T23/><REACH who="0" step="1"/><D92/><REACH who="0" ten="240,250,250,250" step="2"/><N who="2" m="35402" /><F119/><W91/><G4/><T30/><D30/><N who="1" m="19551" /><E5/><V60/><F60/><W127/><G43/><T116/><D116/><U3/><E52/><V19/><F19/><W0/><G66/><T12/><D12/><U21/><E21/><AGARI ba="0,1" hai="13,14,17,18,21,23,24,25,26,36,41,45,64,67" machi="21" ten="40,7700,0" yaku="1,1,9,1,53,1" doraHai="94" doraHaiUra="40" who="0" fromWho="1" sc="240,87,250,-77,250,0,250,0" /><INIT seed="0,1,0,4,4,100" ten="327,173,250,250" oya="0" hai0="107,112,62,49,33,71,3,108,19,82,63,72,126" hai1="101,32,11,21,87,91,61,65,59,0,98,1,110" hai2="135,109,15,119,105,22,37,10,125,86,118,97,42" hai3="27,102,103,48,39,120,133,76,78,8,31,77,111"/><T127/><D112/><U67/><E32/><V69/><F69/><W129/><G39/><T128/><D3/><U30/><E110/><V16/><F109/><W34/><G111/><T17/><D33/><U114/><E114/><V44/><F125/><N who="0" m="47626" /><D108/><U50/><E67/><V106/><F135/><W20/><G133/><T9/><D128/><U123/><E123/><V55/><F97/><W58/><G34/><T113/><D113/><U121/><E121/><V93/><F93/><W54/><G129/><T13/><D107/><U83/><E11/><V131/><F131/><W88/><G120/><T56/><D71/><U12/><E50/><V29/><F55/><W117/><G117/><N who="2" m="44553" /><F86/><W92/><REACH who="3" step="1"/><G8/><REACH who="3" ten="327,173,250,240" step="2"/><T18/><D9/><U52/><E1/><V116/><F116/><W35/><G35/><T2/><D13/><U47/><E0/><V60/><F60/><W4/><G4/><T28/><D2/><U14/><E12/><V38/><F37/><W74/><G74/><T85/><D72/><U51/><E14/><V89/><F89/><W23/><G23/><T46/><D63/><U94/><E21/><V6/><F29/><AGARI ba="1,1" hai="29,30,47,51,52,59,61,65,83,87,91,94,98,101" machi="29" ten="40,1300,0" yaku="8,1" doraHai="100" who="1" fromWho="2" sc="327,0,173,26,250,-16,240,0" /><INIT seed="1,0,0,4,4,101" ten="327,199,234,240" oya="1" hai0="61,104,93,66,20,75,74,17,29,91,60,68,32" hai1="59,79,70,124,129,80,132,118,48,85,5,110,14" hai2="35,28,73,105,82,37,13,106,47,9,52,42,120" hai3="127,12,21,117,107,109,15,98,135,51,40,65,62"/><U92/><E118/><V31/><F120/><W76/><G109/><T64/><D29/><U49/><E70/><V23/><F35/><W86/><G135/><T116/><D32/><U34/><E34/><V123/><F123/><W112/><G127/><T54/><D54/><U22/><E124/><V126/><F126/><W53/><G112/><T18/><D116/><U87/><E132/><V96/><F96/><W3/><G3/><T26/><D18/><U90/><E110/><V81/><F81/><W46/><G117/><T69/><REACH who="0" step="1"/><D104/><REACH who="0" ten="317,199,234,240" step="2"/><U24/><E129/><V43/><F31/><W30/><G53/><T115/><D115/><U56/><E5/><V50/><F43/><W11/><G107/><T19/><D19/><N who="1" m="10615" /><E24/><V25/><F73/><W134/><G134/><T108/><D108/><U84/><E84/><AGARI ba="0,1" hai="17,20,26,60,61,64,66,68,69,74,75,84,91,93" machi="84" ten="30,3900,0" yaku="1,1,7,1,9,1,53,0" doraHai="101" doraHaiUra="113" who="0" fromWho="1" sc="317,49,199,-39,234,0,240,0" /><INIT seed="2,0,0,0,1,62" ten="366,160,234,240" oya="2" hai0="83,15,46,76,6,58,23,115,95,69,117,28,119" hai1="35,26,3,106,11,42,132,66,114,40,36,2,51" hai2="103,63,61,1,134,7,54,121,122,100,55,68,20" hai3="60,5,91,16,110,47,98,19,130,73,17,24,81"/><V29/><F134/><W71/><G110/><T129/><D69/><U32/><E114/><V118/><F118/><W93/><G130/><T113/><D129/><U90/><E132/><V56/><F7/><W38/><G5/><T96/><D58/><U0/><E36/><V105/><F1/><W18/><G73/><T64/><D46/><U124/><E106/><V102/><F105/><W89/><G38/><T101/><D28/><U13/><E124/><V12/><F55/><W85/><G47/><T127/><D127/><U31/><E35/><V111/><F111/><W57/><G71/><T39/><D39/><U135/><E135/><V125/><F125/><W87/><G17/><N who="0" m="10687" /><D6/><U8/><E90/><V33/><F33/><W41/><G41/><T97/><D97/><U116/><E116/><N who="0" m="44617" /><D64/><U49/><E42/><V128/><F128/><W4/><G4/><T131/><D131/><U48/><E40/><V59/><F59/><W77/><G24/><T108/><D108/><U82/><E13/><V133/><F133/><W25/><G25/><T104/><D104/><U120/><E120/><V99/><F99/><W94/><REACH who="3" step="1"/><G19/><REACH who="3" ten="366,160,234,230" step="2"/><T67/><D115/><U52/><E26/><N who="2" m="16583" /><F12/><W27/><G27/><T107/><D113/><U88/><E31/><V53/><F68/><W126/><G126/><T112/><D112/><U22/><E2/><V84/><F122/><W43/><G43/><T72/><D72/><U45/><E0/><V80/><F121/><W109/><G109/><T70/><D70/><U65/><E3/><V50/><F53/><AGARI ba="0,1" hai="16,18,53,57,60,77,81,85,87,89,91,93,94,98" machi="53" ten="30,3900,0" yaku="1,1,7,1,8,1,53,0" doraHai="62" doraHaiUra="123" who="3" fromWho="2" sc="366,0,160,0,234,-39,230,49" /><INIT seed="3,0,0,3,2,99" ten="366,160,195,279" oya="3" hai0="94,42,135,51,44,39,19,68,92,4,74,65,129" hai1="93,66,12,67,98,50,34,35,60,80,96,100,40" hai2="8,79,64,85,86,72,63,125,75,91,7,126,120" hai3="107,18,90,32,59,2,43,76,13,134,81,110,88"/><W83/><G32/><T130/><D74/><U5/><E67/><V103/><F120/><W73/><G2/><T102/><D135/><U78/><E40/><V24/><F24/><W6/><G6/><T33/><D33/><U84/><E50/><V30/><F30/><W29/><G29/><T38/><D4/><U17/><E5/><V115/><F115/><W108/><G134/><T97/><D92/><U71/><REACH who="1" step="1"/><E98/><REACH who="1" ten="366,150,195,279" step="2"/><V31/><F64/><W77/><G43/><T119/><D65/><U45/><E45/><V127/><F7/><W111/><G59/><T37/><D44/><U9/><AGARI ba="0,1" hai="9,12,17,34,35,60,66,71,78,80,84,93,96,100" machi="9" ten="20,8000,1" yaku="1,1,0,1,7,1,52,1,53,1" doraHai="99" doraHaiUra="14" who="1" fromWho="1" sc="366,-20,150,90,195,-20,279,-40" /><INIT seed="4,0,0,4,0,93" ten="346,240,175,239" oya="0" hai0="26,53,19,119,127,107,49,60,118,70,102,34,52" hai1="22,77,48,87,83,95,104,44,5,16,97,129,124" hai2="130,1,110,133,116,3,96,113,11,57,64,79,86" hai3="27,91,101,88,29,32,9,35,66,103,111,106,20"/><T135/><D135/><U55/><E129/><V90/><F110/><W76/><G111/><T2/><D2/><U36/><E124/><V84/><F133/><W4/><G35/><T121/><D121/><U8/><E104/><V115/><F130/><W67/><G32/><T122/><D122/><U78/><E36/><V109/><F109/><W33/><G33/><T39/><D39/><U28/><E28/><V134/><F134/><W45/><G76/><T6/><D6/><U112/><E112/><N who="2" m="43083" /><F79/><W85/><G91/><T58/><D127/><U54/><E78/><V38/><F38/><W123/><G45/><T12/><D70/><U131/><E131/><V80/><F116/><W30/><G30/><T69/><D69/><U46/><E46/><V89/><F11/><W100/><G106/><T117/><D34/><U71/><E71/><V92/><F86/><W43/><G43/><T10/><D26/><U63/><E63/><AGARI ba="0,0" hai="1,3,57,63,64,80,84,89,90,92,96" m="43083" machi="63" ten="30,2000,0" yaku="15,1,52,1" doraHai="93" who="2" fromWho="1" sc="346,0,240,-20,175,20,239,0" /><INIT seed="5,0,0,0,3,8" ten="346,220,195,239" oya="1" hai0="84,122,116,57,117,1,5,53,36,121,61,65,45" hai1="87,133,54,83,49,51,29,55,80,12,15,120,25" hai2="134,19,7,62,85,59,81,130,94,103,93,123,125" hai3="119,2,88,71,9,67,114,112,56,27,79,33,39"/><U63/><E120/><N who="0" m="46185" /><D84/><U16/><E133/><V135/><F123/><W35/><G56/><N who="0" m="37031" /><D5/><U77/><E16/><V44/><F125/><W131/><G88/><T92/><D92/><U38/><E38/><V100/><F130/><W14/><G131/><T0/><D36/><U34/><E63/><V18/><F44/><W97/><G39/><T46/><D1/><U41/><E41/><V76/><F7/><N who="3" m="3391" /><G2/><T50/><D0/><U108/><E108/><V70/><F70/><W75/><G97/><T98/><D98/><U64/><E64/><V20/><F18/><W52/><G27/><T43/><D43/><U21/><E34/><V40/><F40/><W74/><G52/><T95/><D95/><N who="2" m="36362" /><F135/><W6/><G6/><T106/><D106/><U4/><E4/><V96/><F96/><W101/><G101/><T72/><D72/><N who="3" m="27689" /><G79/><T23/><D23/><U73/><E54/><N who="2" m="34167" /><F134/><W109/><G109/><T13/><D46/><U22/><E22/><V10/><F10/><W32/><G119/><T102/><D102/><U24/><E24/><AGARI ba="0,0" hai="19,20,24,76,81,85,100,103" m="34167,36362" machi="24" ten="30,1000,0" yaku="8,1" doraHai="8" who="2" fromWho="1" sc="346,0,220,-10,195,10,239,0" /><INIT seed="6,0,0,4,4,70" ten="346,210,205,239" oya="2" hai0="47,15,131,85,42,16,73,93,109,30,78,12,35" hai1="23,66,83,124,31,67,74,43,128,26,18,28,62" hai2="80,79,105,48,89,104,117,116,7,13,11,71,132" hai3="33,44,54,59,76,120,20,49,36,10,53,0,82"/><V46/><F71/><W5/><G33/><T129/><D109/><U17/><E128/><N who="0" m="49225" /><D73/><U37/><E124/><V68/><F68/><W81/><G120/><T45/><D35/><U27/><E74/><V2/><F132/><W112/><G112/><T107/><D107/><U41/><E83/><V97/><F2/><W102/><G102/><T96/><D30/><N who="1" m="11307" /><E37/><V64/><F64/><N who="1" m="24617" /><E62/><V87/><F89/><W57/><G20/><AGARI ba="0,0" hai="17,18,20,23,26,27,41,43" m="24617,11307" machi="20" ten="30,1000,0" yaku="8,1" doraHai="70" who="1" fromWho="3" sc="346,0,210,10,205,0,239,-10" /><INIT seed="7,0,0,1,0,38" ten="346,220,205,229" oya="3" hai0="113,31,27,17,112,116,82,94,23,61,79,36,2" hai1="128,13,105,110,75,107,42,71,127,72,135,68,87" hai2="57,34,58,119,29,100,22,130,41,55,33,78,70" hai3="84,69,10,67,86,99,53,14,104,20,46,89,90"/><W12/><G69/><T44/><D116/><U102/><E110/><V101/><F70/><N who="1" m="26665" /><E42/><V45/><F119/><W18/><G104/><N who="1" m="40010" /><E102/><N who="2" m="39531" /><F130/><W111/><G67/><T85/><D2/><U16/><E87/><N who="3" m="33322" /><G99/><T134/><D134/><U92/><E92/><V83/><F34/><W5/><G111/><T73/><D61/><U47/><E47/><V59/><F33/><W51/><AGARI ba="0,0" hai="5,10,12,14,18,20,46,51,53,89,90" m="33322" machi="51" ten="30,1500,0" yaku="8,1" doraHai="38" who="3" fromWho="3" sc="346,-5,220,-5,205,-5,229,15" /><INIT seed="7,1,0,0,2,3" ten="341,215,200,244" oya="3" hai0="33,34,125,105,59,104,26,73,94,39,30,24,123" hai1="14,36,72,25,111,129,85,90,62,40,115,54,95" hai2="37,31,22,113,23,0,127,87,68,58,66,28,84" hai3="45,52,116,2,65,82,131,18,32,67,80,1,6"/><W35/><G18/><T120/><D73/><U21/><E111/><V9/><F68/><W100/><G52/><T133/><D39/><U13/><E72/><V12/><F0/><W110/><G116/><T8/><D133/><U99/><E115/><V74/><F74/><W7/><G100/><T108/><D108/><U49/><E129/><V61/><F37/><W50/><G110/><T42/><D42/><U29/><E36/><V4/><F113/><W78/><G50/><T121/><D125/><U51/><E62/><V17/><F127/><W126/><G126/><T132/><D132/><U107/><E107/><V103/><F103/><W48/><G48/><T92/><D8/><U69/><E69/><V106/><F106/><N who="0" m="41066" /><D59/><N who="1" m="33231" /><E99/><V102/><F102/><W135/><G135/><T130/><D130/><U86/><E86/><N who="2" m="32811" /><F17/><W96/><G131/><T81/><D81/><U77/><E77/><V101/><F101/><W53/><G53/><T75/><D75/><U5/><E5/><V27/><F27/><N who="0" m="10282" /><D30/><AGARI ba="1,0" hai="4,9,12,22,23,28,30,31,58,61,66" m="32811" machi="30" ten="30,2000,0" yaku="8,1,52,1" doraHai="3" who="2" fromWho="0" sc="341,-23,215,0,200,23,244,0" owari="318,42.0,215,-28.0,223,-18.0,244,4.0" /></mjloggm>