<mjloggm ver="2.3"><GO type="225" lobby="0"/><UN n0="%E3%83%AA%E3%83%81%E3%83%A3%21%21" n1="%E5%B0%B1%E6%B4%BB%E7%94%9F%40%E5%B7%9D%E6%9D%91%E8%BB%8D%E5%9B%A3" n2="%E3%83%AF%E3%82%A4%E5%B0%86" n3="%E5%8F%8B%E6%B2%A2" dan="17,17,16,16" rate="2142.11,2163.04,2030.54,2158.34" sx="M,M,M,M"/><TAIKYOKU oya="0"/><INIT seed="0,0,0,1,1,96" ten="250,250,250,250" oya="0" hai0="93,1,9,30,59,21,60,94,39,82,134,24,2" hai1="69,70,54,15,129,123,36,109,89,45,84,97,92" hai2="81,76,83,126,117,115,51,64,127,31,55,102,50" hai3="40,16,18,22,121,29,119,73,110,38,128,62,72"/><T23/><D39/><U27/><E123/><V10/><F115/><W77/><G119/><T86/><D134/><U63/><E109/><V57/><F117/><W8/><G121/><T104/><D104/><U80/><E129/><V105/><F31/><W37/><G110/><T11/><D1/><U44/><E36/><V106/><F64/><W7/><G62/><T85/><D2/><U43/><E27/><V133/><F133/><W74/><G128/><T0/><D23/><U107/><E107/><V71/><F71/><W100/><G100/><T25/><D25/><U32/><E32/><V101/><F105/><W26/><G37/><T13/><D86/><U98/><E98/><V41/><F106/><W20/><G77/><N who="0" m="46287" /><D0/><U49/><E15/><V87/><F10/><N who="0" m="3594" /><D13/><U19/><E19/><V67/><F81/><W113/><G113/><T48/><D48/><N who="1" m="26655" /><E69/><V79/><F79/><W53/><G22/><T75/><D75/><U47/><E70/><V4/><F4/><W56/><G8/><T120/><D120/><U66/><E66/><AGARI ba="0,0" hai="21,24,30,59,60,66,93,94" m="3594,46287" machi="66" ten="30,1500,0" yaku="8,1" doraHai="96" who="0" fromWho="1" sc="250,15,250,-15,250,0,250,0" /><INIT seed="0,1,0,4,4,110" ten="265,235,250,250" oya="0" hai0="115,35,21,117,107,87,59,118,111,3,13,51,43" hai1="101,134,0,108,132,20,97,94,27,90,58,129,1" hai2="116,38,50,25,123,63,70,15,8,30,23,39,88" hai3="77,64,47,99,6,89,120,34,68,18,105,41,45"/><T100/><D3/><U104/><E108/><V5/><F123/><W31/><G6/><T49/><D111/><U37/><E37/><V67/><F116/><W7/><G7/><T86/><D35/><U24/><E129/><V131/><F131/><W17/><G77/><T48/><D43/><U22/><E58/><V109/><F109/><W81/><G81/><T119/><D59/><U128/><E128/><V102/><F102/><N who="3" m="62687" /><G89/><T84/><D115/><U75/><E75/><V61/><F61/><N who="3" m="39951" /><G120/><T72/><D72/><U80/><E80/><V112/><F50/><N who="3" m="26927" /><G47/><T57/><D57/><U56/><E1/><V29/><F112/><W133/><G133/><N who="1" m="51306" /><E56/><V33/><F33/><W135/><G135/><T40/><D40/><U12/><E0/><V73/><F73/><W92/><G92/><T42/><D42/><U122/><E122/><V76/><F76/><W93/><G93/><T78/><D78/><U127/><E12/><V65/><F65/><W85/><G85/><T52/><D52/><U26/><E127/><V4/><F4/><W10/><G10/><T106/><D100/><U55/><E55/><V16/><F39/><W98/><G98/><AGARI ba="1,0" hai="20,22,24,26,27,90,94,97,98,101,104" m="51306" machi="98" ten="30,1000,0" yaku="20,1" doraHai="110" who="1" fromWho="3" sc="265,0,235,13,250,0,250,-13" /><INIT seed="1,0,0,2,4,109" ten="265,248,250,237" oya="1" hai0="128,27,44,39,74,86,56,62,76,102,108,81,120" hai1="23,69,116,21,133,88,55,36,32,123,127,20,58" hai2="34,67,30,12,33,117,104,31,35,97,119,132,121" hai3="45,115,5,107,46,73,13,103,89,126,43,85,68"/><U57/><E69/><V61/><F121/><W75/><G68/><T25/><D120/><U16/><E36/><V96/><F132/><W72/><G126/><T47/><D108/><U80/><E32/><V9/><F97/><W52/><G115/><T110/><D110/><U22/><E123/><V131/><F131/><W91/><G103/><T15/><D128/><U87/><E116/><V90/><F90/><W94/><G107/><T1/><D1/><U118/><E118/><V98/><F98/><W65/><G65/><T135/><D135/><U92/><E127/><V125/><F125/><W134/><G134/><T14/><D102/><U4/><E4/><V0/><F0/><W40/><G13/><N who="0" m="4619" /><D74/><U93/><E133/><V54/><F54/><W63/><G5/><T95/><D95/><N who="1" m="36427" /><E55/><V101/><F31/><W49/><G89/><T8/><D8/><U83/><E83/><V129/><F129/><W70/><G70/><T42/><D39/><U37/><E37/><V100/><F100/><W18/><G73/><T26/><D42/><U53/><E53/><AGARI ba="0,0" hai="25,26,27,44,47,53,56,62,76,81,86" m="4619" machi="53" ten="30,1000,0" yaku="8,1" doraHai="109" who="0" fromWho="1" sc="265,10,248,-10,250,0,237,0" /><INIT seed="2,0,0,4,5,8" ten="275,238,250,237" oya="2" hai0="97,15,21,118,119,39,70,18,35,95,100,51,72" hai1="45,55,14,114,73,110,135,102,84,31,49,23,2" hai2="120,17,128,106,25,108,76,112,37,111,43,91,109" hai3="74,48,62,92,86,64,116,81,36,7,75,93,3"/><V103/><F120/><W130/><G36/><T63/><D39/><U27/><E2/><V68/><F112/><W19/><G116/><N who="0" m="44587" /><D35/><U24/><E73/><V78/><F68/><W12/><G92/><T41/><D72/><U46/><E110/><V67/><F67/><W113/><G93/><T122/><D122/><U40/><E135/><V127/><F127/><W33/><G33/><T61/><D70/><U6/><E102/><V22/><F128/><W83/><G83/><T11/><D41/><U85/><E27/><V28/><F91/><W132/><G130/><T115/><D51/><N who="1" m="27047" /><E114/><V101/><F28/><W121/><G113/><T131/><D131/><U1/><E1/><V129/><F129/><W54/><G121/><T117/><D115/><U26/><E26/><V56/><F56/><W77/><G3/><T52/><D117/><U123/><E123/><V32/><F32/><W65/><G65/><T38/><D38/><U29/><E29/><V82/><F106/><W44/><G132/><T124/><D124/><U126/><E126/><V134/><F134/><W58/><G7/><N who="0" m="3583" /><D52/><U53/><E55/><V80/><F37/><W69/><G69/><T5/><D5/><U88/><E88/><V79/><REACH who="2" step="1"/><F43/><REACH who="2" ten="275,238,240,237" step="2"/><W99/><G64/><T66/><D66/><U57/><E57/><V10/><F10/><AGARI ba="0,1" hai="6,10,14,23,24,31,46,49,53,84,85" m="27047" machi="10" ten="30,2000,0" yaku="8,1,52,1" doraHai="8" who="1" fromWho="2" sc="275,0,238,30,240,-20,237,0" /><INIT seed="3,0,0,5,4,75" ten="275,268,220,237" oya="3" hai0="34,4,96,82,50,95,7,114,25,70,126,49,59" hai1="15,91,88,20,39,71,63,52,44,130,97,100,54" hai2="57,3,9,24,60,22,104,11,72,45,105,125,102" hai3="10,56,133,74,38,127,101,14,64,87,61,106,12"/><W33/><G74/><T32/><D70/><U8/><E130/><V93/><F72/><W110/><G38/><T108/><D108/><U124/><E124/><V116/><F116/><W129/><G33/><T131/><D131/><U109/><E109/><V120/><F3/><W18/><G129/><T99/><D99/><U111/><E39/><V86/><F105/><W27/><G110/><T47/><D126/><U84/><E20/><V73/><F104/><W19/><G133/><T43/><D34/><U112/><E71/><V135/><F73/><W37/><G37/><T40/><D114/><U78/><E63/><V26/><F125/><W115/><G127/><T118/><D82/><N who="1" m="47191" /><E112/><V31/><F135/><W80/><G115/><T66/><D118/><U46/><E100/><V117/><F117/><W23/><G106/><T55/><D66/><U41/><E41/><V1/><F1/><W0/><G0/><T6/><D40/><U29/><E29/><V83/><F26/><W68/><G101/><T53/><D43/><U122/><E122/><V119/><F119/><W48/><G48/><T69/><D69/><U79/><E79/><N who="2" m="46463" /><F120/><W35/><G68/><T17/><D32/><U76/><E76/><V51/><F51/><W77/><G35/><T81/><D81/><U134/><E134/><V21/><F21/><W121/><G121/><T132/><D132/><U128/><E128/><V90/><F102/><W98/><G98/><T92/><D96/><U107/><E107/><V113/><F113/><W36/><G36/><T85/><D85/><U123/><E123/><V58/><F60/><RYUUKYOKU ba="0,0" sc="275,15,268,-15,220,-15,237,15" hai0="4,6,7,17,25,47,49,50,53,55,59,92,95" hai3="10,12,14,18,19,23,27,56,61,64,77,80,87" /><INIT seed="3,1,0,3,5,30" ten="290,253,205,252" oya="3" hai0="64,48,37,77,67,90,11,110,49,84,52,86,101" hai1="135,71,19,126,34,129,63,99,36,113,44,41,105" hai2="81,7,93,43,39,26,23,74,32,121,94,134,72" hai3="97,89,16,91,80,21,98,103,25,13,133,70,83"/><W62/><G133/><T88/><D37/><U112/><E19/><V107/><F107/><W18/><G70/><T40/><D110/><U50/><E50/><V73/><F32/><W8/><G62/><T53/><D77/><U42/><E42/><V131/><F7/><W109/><G109/><T106/><D40/><U96/><E96/><V57/><F134/><W6/><G83/><N who="0" m="49503" /><D101/><N who="1" m="62655" /><E126/><V79/><F131/><W85/><G97/><T111/><D11/><U68/><E129/><V95/><F121/><W28/><REACH who="3" step="1"/><G89/><REACH who="3" ten="290,253,205,242" step="2"/><T87/><D111/><U45/><E135/><V55/><F39/><W17/><G17/><T114/><D114/><U118/><E63/><V69/><F69/><W128/><G128/><T130/><D130/><U125/><E71/><V78/><F43/><W33/><G33/><T54/><D106/><AGARI ba="1,1" hai="6,8,13,16,18,21,25,28,80,85,91,98,103,106" machi="106" ten="30,11600,0" yaku="1,1,7,1,54,1,53,1" doraHai="30" doraHaiUra="92" who="3" fromWho="0" sc="290,-119,253,0,205,0,242,129" owari="171,-33.0,253,5.0,205,-19.0,371,47.0" /></mjloggm>