<mjloggm ver="2.3"><GO type="41" lobby="0"/><UN n0="%4E%6F%4E%E3%81%82%E3%81%95%E3%81%A0%E3%81%A6%E3%81%A4" n1="%E5%B0%B1%E6%B4%BB%E7%94%9F%40%E5%B7%9D%E6%9D%91%E8%BB%8D%E5%9B%A3" n2="%E3%81%AF%E3%83%BC%E5%9D%8A" n3="%E3%83%9D%E3%82%B1%E3%83%A2%E3%83%B3%E3%82%AC%E3%83%81%E5%8B%A2" dan="14,18,14,13" rate="1903.98,2220.88,1897.58,1877.09" sx="M,M,M,M"/><TAIKYOKU oya="0"/><INIT seed="0,0,0,3,0,10" ten="250,250,250,250" oya="0" hai0="5,90,25,37,0,19,46,118,111,23,59,16,36" hai1="120,102,71,135,114,3,15,113,34,1,32,27,109" hai2="70,40,56,96,74,69,127,86,45,87,52,54,98" hai3="20,48,107,62,110,39,30,28,112,38,93,18,104"/><T91/><D118/><U84/><E71/><V53/><F74/><W124/><G112/><N who="1" m="43114" /><E102/><V76/><F127/><W6/><G124/><T14/><D59/><U13/><E84/><V17/><F69/><W49/><G6/><T22/><D111/><U72/><E72/><V43/><F70/><W134/><G110/><T130/><D130/><U123/><E109/><V108/><F56/><W75/><G75/><T55/><D37/><U2/><E135/><V81/><F108/><W129/><G129/><T133/><D133/><U105/><E105/><V24/><F87/><W4/><G4/><T89/><D36/><U121/><E27/><V125/><F125/><W126/><G126/><T44/><REACH who="0" step="1"/><D55/><REACH who="0" ten="240,250,250,250" step="2"/><U68/><E68/><V128/><F128/><W29/><G134/><T33/><D33/><AGARI ba="0,1" hai="1,2,3,13,15,32,33,34,120,121,123" m="43114" machi="33" ten="50,12000,2" yaku="28,2,11,1,34,2,52,2" doraHai="10" who="1" fromWho="0" sc="240,-120,250,130,250,0,250,0" /><INIT seed="1,0,0,3,5,110" ten="120,380,250,250" oya="1" hai0="30,111,97,127,16,98,62,102,81,91,46,124,103" hai1="114,49,55,7,128,52,32,134,86,70,74,11,12" hai2="94,121,120,47,64,87,99,54,35,105,63,1,4" hai3="18,118,50,93,65,53,17,27,129,92,100,126,5"/><U117/><E74/><V108/><F108/><W71/><G126/><N who="0" m="48171" /><D111/><U25/><E117/><V123/><F35/><W106/><G106/><T9/><D30/><U131/><E70/><V37/><F105/><W60/><G129/><N who="1" m="49738" /><E134/><V112/><F87/><W125/><G125/><T29/><D29/><N who="1" m="19503" /><E86/><V89/><F4/><W21/><G5/><T95/><D62/><U132/><E132/><V41/><F1/><W14/><G100/><N who="0" m="38443" /><D46/><N who="1" m="27703" /><E55/><V44/><F54/><W77/><G77/><T113/><D113/><AGARI ba="0,0" hai="7,11,12,113,114" m="27703,19503,49738" machi="113" ten="30,11600,0" yaku="19,1,52,2,54,1" doraHai="110" who="1" fromWho="0" sc="120,-116,380,116,250,0,250,0" /><INIT seed="1,1,0,5,1,62" ten="4,496,250,250" oya="1" hai0="53,13,133,83,87,66,19,106,114,129,102,58,28" hai1="134,14,9,5,42,88,90,8,44,41,18,1,122" hai2="0,101,61,74,27,35,76,73,10,81,51,72,130" hai3="108,21,82,70,117,78,47,116,4,16,55,77,31"/><U132/><E122/><V100/><F130/><W123/><G123/><T92/><D114/><U7/><E18/><V33/><F51/><N who="3" m="29183" /><G70/><T23/><D106/><U125/><E125/><V109/><F109/><W24/><G4/><T11/><D133/><U85/><E90/><V98/><F33/><N who="3" m="20711" /><G108/><T99/><D129/><U67/><E67/><V17/><F100/><W43/><G43/><T96/><D96/><U131/><E131/><V80/><F0/><W49/><G49/><T75/><D75/><U64/><E64/><V22/><F10/><W104/><G104/><T128/><D128/><U89/><E89/><V54/><F35/><W26/><G82/><T2/><D2/><U79/><E79/><V68/><F81/><W32/><G32/><T113/><D113/><U50/><REACH who="1" step="1"/><E41/><REACH who="1" ten="4,486,250,250" step="2"/><V6/><F6/><W52/><G52/><T37/><D66/><U111/><E111/><V48/><F68/><W95/><G95/><AGARI ba="1,1" hai="1,5,7,8,9,14,42,44,50,85,88,95,132,134" machi="95" ten="40,3900,0" yaku="1,1,54,1,53,0" doraHai="62" doraHaiUra="119" who="1" fromWho="3" sc="4,0,486,52,250,0,250,-42" /><INIT seed="1,2,0,4,2,112" ten="4,538,250,208" oya="1" hai0="103,50,47,8,120,23,81,27,82,17,52,5,42" hai1="11,33,105,28,44,91,22,79,7,6,67,3,111" hai2="134,45,99,89,49,43,34,132,53,0,26,76,97" hai3="84,113,101,1,118,40,38,41,124,95,56,73,10"/><U12/><E105/><V116/><F0/><W21/><G113/><T24/><D120/><U39/><E79/><V130/><F76/><W31/><G73/><T127/><D127/><U66/><E7/><V61/><F130/><W98/><G124/><T64/><D103/><U18/><E111/><V104/><F34/><W62/><G1/><T80/><D64/><U32/><E32/><V106/><F26/><W72/><G72/><T87/><D27/><N who="1" m="18591" /><E91/><V36/><F61/><W75/><G75/><T77/><D42/><AGARI ba="2,0" hai="3,6,11,12,18,22,39,42,44,66,67" m="18591" machi="42" ten="30,1500,0" yaku="24,1" doraHai="112" who="1" fromWho="0" sc="4,-21,538,21,250,0,208,0" owari="-17,-52.0,559,66.0,250,5.0,208,-19.0" /></mjloggm>