<mjloggm ver="2.3"><GO type="169" lobby="0"/><UN n0="%E2%80%90%E8%B5%A4%E7%8A%AC%E2%80%90" n1="%5A%5A%5A%5A%5A" n2="%E3%82%A6%E3%83%AB%E3%83%88%E3%83%A9%E7%AB%8B%E7%9B%B4" n3="%E6%9F%9A%E6%AF%94%E6%A5%93%E4%BB%81" dan="16,16,18,17" rate="2073.39,2125.44,2219.62,2130.76" sx="F,M,M,M"/><TAIKYOKU oya="0"/><INIT seed="0,0,0,3,3,77" ten="250,250,250,250" oya="0" hai0="100,134,35,124,86,109,123,32,29,15,7,107,125" hai1="112,45,24,31,61,130,73,117,92,12,99,72,30" hai2="102,26,22,116,103,54,106,33,17,120,91,98,25" hai3="62,122,65,121,3,44,119,64,47,84,43,46,58"/><T48/><D123/><N who="3" m="47113" /><G3/><T34/><D109/><U51/><E117/><V96/><F116/><W23/><G23/><T83/><D134/><U40/><E130/><V19/><F120/><W2/><G2/><T114/><D114/><U63/><E112/><V128/><F91/><W132/><G84/><T10/><D48/><U20/><E12/><V81/><F54/><N who="3" m="34135" /><G119/><T42/><D42/><U87/><E31/><V27/><F128/><W113/><G113/><T39/><D39/><U93/><E73/><V6/><F6/><W50/><G132/><T16/><D107/><U127/><E127/><N who="0" m="48713" /><D100/><N who="1" m="60519" /><E72/><V69/><F103/><W55/><G47/><T110/><D110/><U1/><E1/><V90/><F102/><W108/><G108/><T52/><D52/><U11/><E11/><V5/><F106/><W36/><AGARI ba="0,0" hai="36,43,44,46,50,55,64,65" m="34135,47113" machi="36" ten="30,4000,0" yaku="13,1,34,2" doraHai="77" who="3" fromWho="3" sc="250,-20,250,-10,250,-10,250,40" /><INIT seed="1,0,0,0,5,34" ten="230,240,240,290" oya="1" hai0="88,113,120,93,118,98,26,3,9,44,1,33,27" hai1="41,97,125,55,134,16,90,106,5,95,74,28,121" hai2="62,18,8,63,103,79,128,46,42,10,14,22,12" hai3="131,17,72,77,114,78,89,116,36,133,65,91,2"/><U57/><E121/><V19/><F128/><W110/><G36/><T13/><D118/><U59/><E74/><V64/><F79/><W11/><G65/><T49/><D113/><U123/><E123/><V23/><F103/><W100/><G114/><T71/><D71/><U15/><E28/><V43/><F64/><W129/><G17/><T48/><D120/><U76/><E76/><N who="3" m="29290" /><G11/><T111/><D111/><U81/><E134/><V117/><REACH who="2" step="1"/><F46/><REACH who="2" ten="230,240,230,290" step="2"/><W101/><G101/><T112/><D112/><U66/><E66/><V47/><F47/><W67/><G100/><T29/><D27/><U82/><E106/><V40/><F40/><W75/><G75/><T24/><D26/><U102/><E41/><V58/><F58/><W54/><G67/><T69/><D69/><U126/><E59/><V132/><F132/><W130/><G72/><T87/><D49/><N who="1" m="30959" /><E102/><V105/><F105/><W122/><G133/><T25/><D24/><U53/><E53/><V32/><F32/><W51/><G122/><T109/><D109/><U99/><E99/><V135/><F135/><W45/><G110/><T50/><D50/><U52/><E52/><V108/><F108/><W37/><G116/><AGARI ba="0,1" hai="8,10,12,14,18,19,22,23,42,43,62,63,116,117" machi="116" ten="25,3200,0" yaku="1,1,22,2,53,0" doraHai="34" doraHaiUra="0" who="2" fromWho="3" sc="230,0,240,0,230,42,290,-32" /><INIT seed="2,0,0,5,3,45" ten="230,240,272,258" oya="2" hai0="93,9,30,52,110,7,113,125,57,62,48,61,130" hai1="117,131,105,126,56,124,103,38,34,55,33,115,82" hai2="83,32,80,49,41,85,28,44,25,121,3,97,112" hai3="94,16,35,6,90,118,59,58,106,13,0,10,88"/><V53/><F121/><W2/><G118/><T123/><D110/><U87/><E117/><V128/><F112/><W98/><G0/><T11/><D130/><U19/><E115/><V107/><F128/><W54/><G106/><T24/><D125/><N who="1" m="48235" /><E38/><V133/><F3/><W86/><G35/><N who="1" m="13322" /><E19/><V68/><F68/><W36/><G36/><T71/><D71/><U20/><E20/><V91/><F133/><W31/><G31/><T18/><D113/><U84/><E131/><V96/><F107/><W17/><G2/><T8/><D123/><U60/><E82/><V111/><F111/><W5/><G17/><T69/><D7/><U40/><E40/><V99/><REACH who="2" step="1"/><F80/><REACH who="2" ten="230,240,262,258" step="2"/><N who="3" m="49479" /><G59/><T14/><D69/><U21/><E105/><V67/><F67/><W43/><G43/><AGARI ba="0,1" hai="25,28,32,41,43,44,49,53,83,85,91,96,97,99" machi="43" ten="40,3900,0" yaku="1,1,52,1,53,0" doraHai="45" doraHaiUra="129" who="2" fromWho="3" sc="230,0,240,0,262,49,258,-39" /><INIT seed="2,1,0,5,2,50" ten="230,240,311,219" oya="2" hai0="103,73,131,79,65,85,112,133,127,97,19,80,135" hai1="115,47,126,69,110,102,6,117,86,1,94,130,11" hai2="76,128,29,52,58,46,129,122,14,82,96,106,74" hai3="37,4,78,81,62,56,8,38,67,2,32,124,45"/><V109/><F29/><W59/><G124/><T53/><D127/><U54/><E126/><V107/><F122/><W23/><G32/><T119/><D112/><U40/><E117/><V100/><F109/><W132/><G132/><N who="0" m="50763" /><D65/><U22/><E130/><N who="2" m="50283" /><F14/><W51/><G59/><T30/><D30/><U105/><E69/><V35/><F35/><W33/><G33/><T125/><D125/><U75/><E75/><V44/><F107/><W101/><G101/><T71/><D71/><U21/><E105/><V72/><F72/><W9/><G9/><T98/><D131/><U104/><E104/><V48/><AGARI ba="1,0" hai="44,46,48,52,58,74,76,82,96,100,106" m="50283" machi="48" ten="30,6000,0" yaku="19,1,52,1,54,1" doraHai="50" who="2" fromWho="2" sc="230,-21,240,-21,311,63,219,-21" /><INIT seed="2,2,0,5,5,122" ten="209,219,374,198" oya="2" hai0="35,83,49,76,106,94,41,113,66,78,30,8,16" hai1="55,51,9,101,2,90,11,104,32,69,97,43,132" hai2="96,4,130,67,62,103,85,134,75,81,108,27,28" hai3="12,123,117,128,127,59,25,20,126,93,70,46,48"/><V39/><F39/><W60/><G123/><T13/><D113/><U23/><E132/><V24/><F75/><W6/><G117/><T102/><D106/><U86/><E69/><V0/><F4/><W17/><G70/><T79/><D66/><U99/><E32/><V50/><F50/><W72/><G72/><T116/><D116/><U68/><E68/><V3/><F27/><W135/><G135/><T37/><D37/><U63/><E2/><V65/><F65/><W119/><G119/><T57/><D35/><U114/><E114/><V98/><F98/><W21/><G128/><T19/><D30/><U47/><E99/><V110/><F130/><W54/><G93/><T105/><D105/><U133/><E23/><V56/><F134/><W52/><REACH who="3" step="1"/><G6/><REACH who="3" ten="209,219,374,188" step="2"/><T109/><D94/><N who="1" m="58551" /><E133/><V22/><F81/><W38/><G38/><T124/><D83/><N who="1" m="49503" /><E104/><V5/><F5/><W18/><AGARI ba="2,1" hai="12,17,18,20,21,25,46,48,52,54,59,60,126,127" machi="18" ten="30,4000,0" yaku="1,1,0,1,54,1,53,0" doraHai="122" doraHaiUra="87" who="3" fromWho="3" sc="209,-12,219,-12,374,-22,188,56" /><INIT seed="3,0,0,5,3,4" ten="197,207,352,244" oya="3" hai0="86,119,22,41,6,81,47,114,43,75,71,111,5" hai1="85,54,16,68,67,35,3,18,66,117,113,101,21" hai2="130,8,62,96,17,13,23,78,125,19,0,87,129" hai3="51,88,115,122,39,131,57,91,110,37,14,92,79"/><W59/><G122/><T108/><D119/><U64/><E113/><V48/><F96/><W124/><G115/><T99/><D114/><U93/><E117/><V72/><F62/><W116/><G79/><T127/><D127/><U11/><E35/><V42/><F72/><W109/><G116/><T95/><D71/><U10/><E3/><V90/><F78/><W126/><G51/><T83/><D22/><U33/><E33/><V24/><F0/><W80/><G80/><T106/><D47/><U73/><E73/><V29/><F125/><N who="3" m="48235" /><G14/><T74/><D99/><N who="1" m="59631" /><E68/><V1/><F48/><W44/><G131/><N who="2" m="50185" /><F42/><N who="3" m="22607" /><G39/><T94/><REACH who="0" step="1"/><D86/><REACH who="0" ten="187,207,352,244" step="2"/><U65/><E85/><V26/><F87/><N who="3" m="52255" /><G91/><T31/><D31/><U12/><N who="1" m="16896" /><DORA hai="61" /><U98/><E98/><V7/><F90/><W36/><G36/><T49/><D49/><U128/><E128/><V56/><F29/><W63/><G63/><T53/><D53/><U133/><E133/><V46/><F46/><W121/><G121/><T112/><D112/><U27/><E54/><V20/><F56/><AGARI ba="0,1" hai="56,57,59,109,110" m="52255,22607,48235" machi="56" ten="30,2900,0" yaku="18,1,54,1" doraHai="4,61" who="3" fromWho="2" sc="187,0,207,0,352,-29,244,39" /><INIT seed="3,1,0,2,4,85" ten="187,207,323,283" oya="3" hai0="34,47,121,5,73,71,94,16,20,99,36,8,116" hai1="88,91,38,112,62,21,113,93,49,54,97,7,24" hai2="103,90,119,55,108,133,0,104,70,80,74,75,76" hai3="105,51,12,82,100,64,134,44,125,95,107,72,106"/><W111/><G64/><T57/><D121/><U23/><E38/><V43/><F0/><W79/><G134/><T11/><D116/><U122/><E122/><V78/><F43/><W22/><G125/><T33/><D73/><U109/><E109/><V19/><F70/><W117/><G117/><T89/><D71/><U101/><E7/><V45/><F19/><W131/><G131/><T35/><D5/><U29/><E62/><V59/><F45/><W83/><G83/><T129/><D129/><U128/><E128/><V77/><F119/><W27/><G12/><T25/><REACH who="0" step="1"/><D57/><REACH who="0" ten="177,207,323,283" step="2"/><N who="1" m="32975" /><E113/><V13/><F59/><W1/><G111/><T32/><N who="0" m="8192" /><DORA hai="130" /><T127/><D127/><U63/><E112/><V114/><F75/><W31/><G1/><T135/><D135/><U2/><E2/><V39/><F133/><W37/><G37/><T17/><D17/><N who="1" m="12335" /><E63/><V115/><F39/><W40/><REACH who="3" step="1"/><G95/><REACH who="3" ten="177,207,323,273" step="2"/><T102/><D102/><AGARI ba="1,2" hai="22,27,31,40,44,51,72,79,82,100,102,105,106,107" machi="102" ten="40,12000,1" yaku="1,1,2,1,53,2" doraHai="85,130" doraHaiUra="86,96" who="3" fromWho="0" sc="177,-123,207,0,323,0,273,143" /><INIT seed="3,2,0,0,2,88" ten="54,207,323,416" oya="3" hai0="123,47,2,119,94,95,4,83,107,93,101,9,89" hai1="98,11,105,128,68,132,102,23,135,64,24,34,108" hai2="106,54,55,41,76,26,69,118,103,5,28,77,85" hai3="120,3,59,44,27,51,82,46,16,13,45,124,134"/><W130/><G120/><T40/><D123/><U33/><E108/><V129/><F118/><W79/><G3/><T80/><D119/><U15/><E128/><V53/><F129/><W87/><G130/><T117/><D117/><U36/><E36/><V10/><F41/><W21/><G134/><N who="1" m="51242" /><E64/><V92/><F69/><W50/><G124/><T12/><D2/><U100/><E68/><V72/><F106/><W17/><REACH who="3" step="1"/><G59/><REACH who="3" ten="54,207,323,406" step="2"/><T67/><D67/><U38/><E102/><V37/><F103/><W84/><G84/><T14/><D107/><U66/><E100/><V122/><F85/><W90/><G90/><T32/><D101/><U8/><E105/><V99/><F122/><W61/><G61/><T111/><D111/><U109/><E109/><V49/><F72/><W43/><G43/><T81/><D89/><U62/><E62/><V133/><F133/><W126/><G126/><T97/><D97/><U110/><E98/><V19/><F99/><W115/><G115/><T20/><D32/><U0/><E34/><V31/><F55/><W121/><G121/><T78/><D78/><U65/><E33/><V112/><F54/><W63/><G63/><T42/><D47/><U48/><E0/><V25/><F76/><W70/><G70/><T1/><D1/><U18/><E110/><V56/><F56/><W131/><G131/><T71/><D71/><U127/><E127/><V58/><F58/><W91/><G91/><T22/><REACH who="0" step="1"/><D12/><REACH who="0" ten="44,207,323,406" step="2"/><U86/><E15/><N who="2" m="5583" /><F77/><W75/><G75/><T104/><D104/><U30/><E86/><V113/><F112/><W35/><G35/><RYUUKYOKU ba="2,2" sc="44,15,207,-15,323,-15,406,15" hai0="4,9,14,20,22,40,42,80,81,83,93,94,95" hai3="13,16,17,21,27,44,45,46,50,51,79,82,87" /><INIT seed="3,3,2,5,2,128" ten="59,192,308,421" oya="3" hai0="38,111,133,99,101,5,63,25,49,84,24,17,126" hai1="13,116,18,51,64,112,40,61,134,39,56,100,130" hai2="50,21,95,36,75,41,29,62,7,85,2,103,58" hai3="30,67,19,105,120,35,92,72,10,82,127,88,66"/><W34/><G120/><T71/><D126/><U6/><E112/><V12/><F75/><W57/><G105/><T80/><D38/><U109/><E116/><V69/><F69/><W113/><G113/><T70/><D111/><U81/><E109/><V135/><F2/><W4/><G127/><T26/><D5/><U114/><E130/><V117/><F36/><W87/><G19/><T15/><D133/><U1/><E114/><V102/><F135/><W33/><G30/><T94/><D49/><U16/><E134/><V97/><F85/><W90/><G57/><T77/><REACH who="0" step="1"/><D63/><REACH who="0" ten="49,192,308,421" step="2"/><U22/><E39/><V132/><F132/><W20/><G72/><T11/><AGARI ba="3,3" hai="11,15,17,24,25,26,70,71,77,80,84,94,99,101" machi="11" ten="30,7900,0" yaku="1,1,2,1,0,1,53,1" doraHai="128" doraHaiUra="9" who="0" fromWho="0" sc="49,118,192,-23,308,-23,421,-42" /><INIT seed="4,0,0,0,5,105" ten="167,169,285,379" oya="0" hai0="60,62,35,11,16,99,80,41,92,134,120,58,43" hai1="53,107,89,69,66,121,56,88,19,109,52,65,132" hai2="111,122,29,102,18,64,20,51,93,68,78,76,126" hai3="21,95,6,31,72,75,133,135,124,13,34,81,55"/><T77/><D35/><U40/><E121/><V32/><F111/><W57/><G124/><T112/><D120/><U25/><E109/><V91/><F102/><W8/><G95/><T27/><D134/><N who="3" m="51209" /><G81/><T123/><D112/><U116/><E132/><V85/><F68/><W24/><G34/><T12/><D123/><U67/><E107/><V86/><F64/><W103/><G103/><T2/><D2/><U70/><E116/><V101/><F101/><W100/><G100/><N who="0" m="60519" /><D77/><U113/><E113/><V117/><F29/><W87/><G87/><T38/><D38/><U108/><E108/><V3/><F3/><W131/><G131/><T9/><D80/><U45/><E70/><V15/><F32/><W110/><G110/><T33/><D33/><U97/><E69/><V61/><F126/><W90/><G90/><N who="1" m="34922" /><E97/><V74/><F122/><W79/><G79/><T28/><D9/><U128/><E128/><V125/><F78/><W50/><AGARI ba="0,0" hai="6,8,13,21,24,31,50,55,57,72,75" m="51209" machi="50" ten="30,4000,0" yaku="20,1,52,2" doraHai="105" who="3" fromWho="3" sc="167,-20,169,-10,285,-10,379,40" /><INIT seed="5,0,0,0,0,66" ten="147,159,275,419" oya="1" hai0="101,32,90,63,67,106,61,48,35,111,9,31,93" hai1="84,99,59,13,7,87,125,124,4,92,71,24,103" hai2="46,78,120,122,100,2,75,8,116,114,54,58,52" hai3="45,15,107,44,60,102,68,128,14,95,105,134,33"/><U16/><E71/><V5/><F116/><W79/><G95/><T28/><D111/><U51/><E24/><V130/><F130/><W108/><G79/><T132/><D132/><U121/><E121/><V69/><F69/><W25/><G108/><T34/><D106/><U80/><E51/><V19/><F100/><W57/><G57/><T39/><D39/><U37/><E59/><V77/><F19/><W127/><G127/><N who="1" m="48714" /><E37/><V97/><F97/><W53/><G134/><T56/><D101/><U17/><E17/><V110/><F110/><W86/><G86/><N who="1" m="32810" /><E80/><V22/><F58/><W36/><G68/><T113/><D113/><U115/><E115/><V76/><F114/><W49/><G25/><T89/><D61/><U20/><AGARI ba="0,0" hai="4,7,13,16,20,92,99,103" m="32810,48714" machi="20" ten="30,3000,0" yaku="18,1,54,1" doraHai="66" who="1" fromWho="1" sc="147,-10,159,30,275,-10,419,-10" /><INIT seed="5,1,0,3,3,91" ten="137,189,265,409" oya="1" hai0="51,104,72,75,97,25,89,19,101,83,128,100,32" hai1="135,66,48,95,119,123,14,49,43,54,133,36,16" hai2="55,17,28,71,64,20,67,33,93,47,29,76,113" hai3="120,52,132,45,111,2,108,79,77,59,34,50,78"/><U126/><E123/><V9/><F71/><W110/><G120/><T63/><D128/><U134/><E119/><V53/><F9/><W58/><G34/><T8/><D32/><U107/><E66/><V73/><F76/><W57/><G2/><T0/><D63/><U106/><E126/><V92/><F73/><W41/><REACH who="3" step="1"/><G132/><REACH who="3" ten="137,189,265,399" step="2"/><T30/><D0/><U85/><E36/><AGARI ba="1,1" hai="36,41,45,50,52,57,58,59,77,78,79,108,110,111" machi="36" ten="50,8000,1" yaku="1,1,2,1,54,1,53,1" doraHai="91" doraHaiUra="39" who="3" fromWho="1" sc="137,0,189,-83,265,0,399,93" /><INIT seed="6,0,0,0,5,13" ten="137,106,265,492" oya="2" hai0="95,134,131,29,77,133,99,73,82,71,84,102,49" hai1="68,96,58,35,87,83,55,25,31,19,61,121,40" hai2="6,1,117,92,22,34,85,98,75,9,97,70,130" hai3="93,100,27,126,64,15,45,112,132,3,81,48,123"/><V74/><F70/><W65/><G3/><T44/><D71/><U63/><E121/><V105/><F34/><W41/><G123/><T101/><D131/><U17/><E40/><V0/><F117/><W113/><G132/><N who="0" m="50795" /><D29/><U38/><E38/><V26/><F1/><W129/><G126/><T23/><D23/><N who="1" m="15807" /><E68/><V94/><F85/><W51/><G15/><T56/><D56/><N who="1" m="34975" /><E96/><V104/><F98/><W46/><G81/><T4/><D4/><U128/><E35/><V118/><F97/><W20/><G129/><T127/><D127/><U16/><E128/><V79/><F6/><W91/><G100/><N who="0" m="60543" /><D73/><U24/><E24/><V89/><F26/><W116/><G48/><T115/><D115/><U106/><E106/><V37/><F105/><W12/><G65/><T119/><D119/><U28/><E28/><V72/><F104/><W109/><G41/><AGARI ba="0,0" hai="41,44,49,77,82,84,101,102" m="60543,50795" machi="41" ten="30,1000,0" yaku="20,1" doraHai="13" who="0" fromWho="3" sc="137,10,106,0,265,0,492,-10" /><INIT seed="7,0,0,1,1,20" ten="147,106,265,482" oya="3" hai0="93,100,99,105,111,38,9,73,12,74,85,71,70" hai1="21,14,113,81,13,55,59,125,65,1,92,84,116" hai2="82,95,86,15,83,87,44,114,80,3,45,123,43" hai3="101,34,127,11,10,122,7,24,96,118,69,33,5"/><W97/><G69/><T56/><D111/><U41/><E1/><V124/><F95/><W0/><G101/><T119/><D119/><U22/><E116/><V126/><F15/><W110/><G122/><T75/><D38/><U18/><E113/><V49/><F49/><W120/><G127/><T40/><D40/><U29/><E125/><V117/><F83/><W53/><G53/><T64/><D56/><U88/><E41/><V67/><F82/><W42/><G42/><T54/><D54/><U131/><E131/><V66/><F80/><W130/><G130/><T135/><D135/><U39/><E39/><V72/><F72/><W46/><G46/><T91/><REACH who="0" step="1"/><D64/><REACH who="0" ten="137,106,265,482" step="2"/><U16/><E65/><V61/><F67/><W77/><G118/><T26/><D26/><U23/><E29/><V106/><F66/><W60/><G24/><T58/><D58/><U112/><E112/><V52/><F114/><W57/><G110/><T19/><AGARI ba="0,1" hai="9,12,19,70,71,73,74,75,85,91,93,99,100,105" machi="19" ten="30,2000,0" yaku="1,1,0,1,53,0" doraHai="20" doraHaiUra="47" who="0" fromWho="0" sc="137,30,106,-5,265,-5,482,-10" owari="167,-23.0,101,-40.0,260,6.0,472,57.0" /></mjloggm>