<mjloggm ver="2.3"><GO type="169" lobby="0"/><UN n0="%E6%9D%B1%E9%A2%A8%E3%82%B7%E3%83%A5%E3%83%83%E3%82%B7%E3%83%A5%E3%83%83" n1="%E3%82%B7%E3%83%B3%E3%83%87%E3%83%AB%E3%83%A9" n2="%E3%82%A6%E3%83%AB%E3%83%88%E3%83%A9%E7%AB%8B%E7%9B%B4" n3="%E4%B8%AD%E5%B1%B1%E9%87%8E%E8%8D%89" dan="16,17,17,18" rate="2011.10,2168.90,2165.78,2212.43" sx="M,F,M,M"/><TAIKYOKU oya="0"/><INIT seed="0,0,0,3,0,5" ten="250,250,250,250" oya="0" hai0="121,98,103,59,133,10,28,26,34,125,110,91,51" hai1="135,18,119,70,8,85,3,126,1,77,111,117,0" hai2="113,127,102,89,14,19,131,43,86,58,99,108,21" hai3="100,80,72,63,78,84,15,61,47,32,30,88,101"/><T66/><D121/><U11/><E70/><V46/><F113/><W20/><G32/><T23/><D125/><U22/><E85/><V48/><F127/><W96/><G47/><T55/><D133/><U27/><E77/><V24/><F108/><W92/><G100/><T97/><D110/><U69/><E69/><V67/><F131/><W82/><G30/><T4/><D66/><U124/><E111/><V45/><F102/><W79/><G20/><T123/><D123/><U90/><E90/><V12/><F99/><W132/><G132/><T104/><D97/><U31/><E135/><V13/><F46/><W42/><G42/><T93/><D34/><N who="1" m="20863" /><E126/><V122/><F122/><W2/><G2/><T94/><REACH who="0" step="1"/><D91/><REACH who="0" ten="240,250,250,250" step="2"/><U35/><E35/><V106/><F67/><W130/><G130/><T76/><D76/><U83/><E124/><V109/><F109/><W87/><REACH who="3" step="1"/><G15/><AGARI ba="0,1" hai="4,10,15,23,26,28,51,55,59,93,94,98,103,104" machi="15" ten="30,5800,0" yaku="1,1,7,1,52,1,53,0" doraHai="5" doraHaiUra="29" who="0" fromWho="3" sc="240,68,250,0,250,0,250,-58" /><INIT seed="0,1,0,0,0,0" ten="308,250,250,192" oya="0" hai0="124,47,29,59,19,95,33,120,103,88,133,17,1" hai1="109,134,6,125,121,55,9,26,23,45,67,11,14" hai2="131,82,25,31,49,91,114,93,102,41,113,94,56" hai3="7,58,83,123,126,53,63,108,129,62,20,38,122"/><T68/><D120/><U86/><E121/><V130/><F102/><W13/><G38/><T48/><D68/><U66/><E109/><V35/><F82/><W28/><G108/><T72/><D72/><U73/><E73/><V34/><F34/><W71/><G129/><N who="2" m="49161" /><F94/><W50/><G126/><T27/><D133/><U44/><E125/><V119/><F119/><W3/><G71/><T16/><D124/><U40/><E134/><V4/><F4/><W76/><G122/><T97/><D59/><U22/><E55/><N who="2" m="31855" /><F41/><W84/><G123/><T98/><D1/><U8/><E86/><AGARI ba="1,0" hai="25,31,35,86,91,93,113,114" m="31855,49161" machi="86" ten="30,1000,0" yaku="19,1" doraHai="0" who="2" fromWho="1" sc="308,0,250,-13,250,13,192,0" /><INIT seed="1,0,0,0,0,94" ten="308,237,263,192" oya="1" hai0="36,12,97,77,101,80,118,107,76,102,100,1,79" hai1="13,66,83,113,42,55,32,72,0,93,44,98,120" hai2="106,133,121,115,3,30,62,19,67,47,69,110,7" hai3="18,103,33,127,46,49,70,22,53,131,91,35,111"/><U96/><E0/><V29/><F29/><W74/><G70/><T116/><D1/><U28/><E113/><V82/><F19/><W129/><G74/><T92/><D12/><U119/><E119/><N who="0" m="45609" /><D36/><U16/><E120/><V59/><F110/><W26/><G127/><T40/><D40/><U89/><E66/><V52/><F133/><W56/><G111/><T63/><D63/><U31/><E55/><V104/><F121/><W4/><G4/><T65/><D65/><U50/><E32/><V8/><F115/><W48/><G103/><N who="0" m="60839" /><D107/><U27/><E27/><V87/><F47/><W73/><G33/><T58/><D58/><U95/><E83/><AGARI ba="0,0" hai="76,77,79,80,83,100,101,102" m="60839,45609" machi="83" ten="40,5200,0" yaku="34,2,52,1" doraHai="94" who="0" fromWho="1" sc="308,52,237,-52,263,0,192,0" /><INIT seed="2,0,0,2,5,45" ten="360,185,263,192" oya="2" hai0="121,95,68,127,36,126,26,76,78,122,120,32,60" hai1="3,18,48,24,104,71,37,86,130,116,101,41,92" hai2="40,47,52,7,131,10,6,1,46,119,58,21,132" hai3="91,87,50,85,106,55,16,88,31,14,81,118,124"/><V125/><F119/><W8/><G118/><T134/><D134/><U38/><E116/><V59/><F132/><W73/><G124/><N who="0" m="47659" /><D36/><U135/><E135/><V61/><F125/><W5/><G106/><T80/><D95/><U29/><E71/><V33/><F33/><W65/><G73/><N who="0" m="43023" /><D78/><U62/><E3/><V128/><F7/><W63/><G31/><N who="0" m="19575" /><D122/><U99/><E38/><V57/><F21/><W103/><G103/><T27/><D27/><U43/><E24/><V112/><F112/><W67/><G5/><T20/><D20/><U34/><E92/><V19/><F19/><W100/><G100/><T0/><D0/><U102/><E101/><V42/><F42/><W69/><G69/><T25/><D25/><U90/><E102/><V53/><F40/><W84/><G63/><T75/><D75/><U11/><E62/><V35/><F35/><W23/><G23/><T113/><D113/><U89/><E37/><V22/><F22/><W17/><G17/><T105/><D105/><U93/><E18/><V79/><F79/><W129/><G129/><N who="2" m="49737" /><F61/><W72/><G72/><T83/><D83/><U98/><E130/><V49/><F53/><W107/><G107/><T12/><D12/><U115/><E104/><V15/><F1/><W44/><REACH who="3" step="1"/><G81/><REACH who="3" ten="360,185,263,182" step="2"/><T2/><D2/><U97/><E115/><V56/><AGARI ba="0,1" hai="6,10,15,46,47,49,52,56,57,58,59" m="49737" machi="56" ten="30,6000,0" yaku="19,1,52,1,54,1" doraHai="45" who="2" fromWho="2" sc="360,-20,185,-20,263,70,182,-20" /><INIT seed="2,1,0,5,0,96" ten="340,165,333,162" oya="2" hai0="92,126,108,79,55,71,44,97,77,76,93,105,83" hai1="122,51,133,91,114,88,22,20,2,81,31,118,23" hai2="19,54,48,35,46,37,131,104,107,135,116,109,132" hai3="127,10,59,117,113,12,106,98,21,80,32,63,40"/><V13/><F116/><W74/><G117/><T49/><D108/><U69/><E118/><V47/><F35/><W52/><G32/><T1/><D126/><U50/><E114/><V45/><F109/><W4/><G113/><T56/><D71/><U89/><E69/><V30/><F30/><W123/><G123/><T0/><D83/><U110/><E110/><V86/><F86/><W100/><G127/><T128/><D128/><U67/><E122/><V9/><F131/><W78/><G40/><T29/><D29/><U42/><E2/><V130/><F130/><W61/><G21/><T73/><D73/><U120/><E120/><V17/><F17/><W121/><G121/><T27/><D27/><U101/><E31/><V65/><F65/><W33/><G33/><T62/><D105/><U36/><E67/><V15/><F15/><W87/><G74/><T24/><D24/><U38/><E133/><N who="2" m="51275" /><F37/><W16/><G4/><T84/><D84/><U25/><E25/><V95/><F95/><W75/><G75/><T134/><D134/><U125/><E125/><V53/><F53/><W58/><G58/><AGARI ba="1,0" hai="9,13,19,45,46,47,48,54,58,104,107" m="51275" machi="58" ten="30,1500,0" yaku="20,1" doraHai="96" who="2" fromWho="3" sc="340,0,165,0,333,18,162,-18" /><INIT seed="2,2,0,0,4,112" ten="340,165,351,144" oya="2" hai0="128,32,129,132,45,2,60,66,34,114,109,28,82" hai1="99,56,79,8,64,13,84,68,16,73,134,14,108" hai2="9,58,88,77,95,125,96,59,24,19,33,133,62" hai3="11,97,70,29,25,122,78,10,93,50,74,47,31"/><V130/><F125/><W81/><G122/><T116/><D114/><U90/><E108/><V104/><F130/><N who="0" m="50282" /><D109/><U113/><E113/><V86/><F133/><W80/><G70/><T120/><D120/><U115/><E115/><V135/><F135/><W43/><G80/><T101/><D132/><U7/><E134/><V107/><F59/><W98/><G31/><T75/><D2/><U26/><E68/><V17/><F17/><W103/><REACH who="3" step="1"/><G97/><REACH who="3" ten="340,165,351,134" step="2"/><T91/><D28/><U111/><E111/><V55/><F33/><AGARI ba="2,1" hai="10,11,25,29,33,43,47,50,74,78,81,93,98,103" machi="33" ten="30,3900,0" yaku="1,1,2,1,7,1,53,0" doraHai="112" doraHaiUra="53" who="3" fromWho="2" sc="340,0,165,0,351,-45,134,55" /><INIT seed="3,0,0,4,4,102" ten="340,165,306,189" oya="3" hai0="61,63,106,34,30,51,40,72,117,31,20,25,54" hai1="42,32,71,38,23,97,27,103,84,118,81,14,109" hai2="96,52,123,35,114,133,33,90,119,64,37,92,56" hai3="3,74,113,126,58,9,128,100,44,4,89,1,10"/><W68/><G74/><T41/><D117/><U48/><E118/><V134/><F119/><W101/><G68/><T12/><D72/><U67/><E109/><V129/><F114/><W59/><G113/><T16/><D31/><U80/><E38/><V78/><F37/><W85/><G44/><T125/><D125/><U26/><E71/><V66/><F78/><W91/><G85/><T111/><D111/><U69/><E69/><V94/><F94/><W115/><G115/><T45/><D106/><U83/><E67/><N who="2" m="25643" /><F129/><W19/><G19/><T65/><REACH who="0" step="1"/><D61/><REACH who="0" ten="330,165,306,189" step="2"/><U36/><E32/><V110/><F110/><W43/><G126/><T105/><D105/><U79/><E79/><V18/><F123/><W39/><G128/><T50/><D50/><U29/><E48/><N who="2" m="30727" /><F18/><W57/><G39/><T17/><D17/><U95/><E36/><V0/><F0/><W88/><G43/><T132/><D132/><AGARI ba="0,1" hai="33,35,90,92,96,132,133,134" m="30727,25643" machi="132" ten="30,2000,0" yaku="20,1,54,1" doraHai="102" who="2" fromWho="0" sc="330,-20,165,0,306,30,189,0" /><INIT seed="4,0,0,0,3,97" ten="310,165,336,189" oya="0" hai0="9,53,13,64,25,54,135,87,39,126,107,63,11" hai1="113,130,125,61,8,102,55,124,79,128,89,105,26" hai2="110,101,33,80,92,45,23,82,52,134,108,19,14" hai3="118,132,35,57,30,75,32,12,111,0,6,28,104"/><T103/><D39/><U86/><E113/><V119/><F33/><N who="3" m="12875" /><G57/><T21/><D126/><N who="1" m="48747" /><E79/><V27/><F134/><W121/><G75/><T68/><D135/><U38/><E38/><V10/><F119/><W16/><G104/><T116/><D116/><U70/><E26/><V99/><F110/><W37/><G37/><T81/><D103/><U59/><E70/><V47/><F108/><W24/><G118/><T50/><D107/><U117/><E117/><V3/><F3/><W129/><G111/><T51/><D51/><U18/><E8/><V74/><F74/><W58/><G58/><T7/><D11/><U83/><E18/><V56/><F47/><W46/><G46/><T65/><D50/><U91/><E91/><V85/><F85/><W72/><G72/><T127/><D64/><U94/><E105/><V15/><F45/><W112/><G112/><T93/><D93/><U76/><E102/><V77/><F77/><W115/><G115/><T96/><D127/><U62/><E62/><N who="2" m="36103" /><F15/><W67/><G121/><T106/><D106/><U2/><E2/><V78/><F78/><W122/><G132/><T43/><D43/><U17/><E17/><AGARI ba="0,0" hai="10,14,17,19,23,27,80,82,92,99,101" m="36103" machi="17" ten="30,3900,0" yaku="8,1,52,1,54,1" doraHai="97" who="2" fromWho="1" sc="310,0,165,-39,336,39,189,0" /><INIT seed="5,0,0,4,4,128" ten="310,126,375,189" oya="1" hai0="46,23,67,77,47,24,61,14,25,42,72,99,74" hai1="123,120,16,10,13,64,70,57,11,119,63,19,27" hai2="30,69,111,121,48,31,32,80,133,0,56,34,66" hai3="101,95,37,8,28,85,110,35,91,124,126,89,43"/><U106/><E119/><V107/><F56/><W12/><G110/><T22/><D14/><U125/><E125/><N who="3" m="48234" /><G35/><T55/><D55/><U83/><E106/><V105/><F48/><W20/><G28/><T117/><D117/><U109/><E109/><V9/><F80/><W49/><G20/><T114/><D114/><U94/><E83/><V90/><F90/><N who="3" m="53711" /><G101/><T36/><D47/><U2/><E94/><V75/><F107/><W98/><G98/><T131/><D131/><U82/><E82/><V76/><F66/><W96/><G96/><T104/><D104/><U113/><E113/><V132/><F0/><W102/><G37/><T62/><D99/><U21/><REACH who="1" step="1"/><E70/><REACH who="1" ten="310,116,375,189" step="2"/><V51/><F69/><W7/><G102/><T73/><D73/><U54/><E54/><V100/><F75/><W39/><G39/><T3/><D72/><U92/><E92/><V15/><F105/><W29/><G29/><T127/><D74/><U87/><E87/><V68/><F31/><W71/><G71/><T1/><D36/><U112/><E112/><V18/><F30/><W50/><G43/><T4/><D42/><U93/><E93/><V97/><F68/><W45/><G45/><T115/><D46/><U122/><E122/><V134/><F121/><W88/><AGARI ba="0,1" hai="7,8,12,49,50,88,89,91" m="53711,48234" machi="88" ten="30,2000,0" yaku="18,1,54,1" doraHai="128" who="3" fromWho="3" sc="310,-5,116,-10,375,-5,189,30" /><INIT seed="6,0,0,1,2,106" ten="305,106,370,219" oya="2" hai0="60,10,124,5,99,131,71,16,35,75,104,79,59" hai1="72,44,54,78,28,127,58,42,49,91,103,61,41" hai2="128,90,116,118,134,39,8,47,100,30,66,62,20" hai3="108,95,27,123,45,11,25,70,112,105,22,21,125"/><V111/><F100/><W81/><G105/><T3/><D124/><U93/><E127/><V43/><F128/><W85/><G70/><T115/><D131/><U23/><E103/><V135/><F8/><W132/><G108/><T46/><D115/><U32/><E32/><V51/><F90/><W19/><G123/><T26/><D71/><U36/><E36/><V53/><F20/><W13/><G125/><T133/><D133/><N who="2" m="50698" /><F111/><W15/><G132/><T96/><D104/><U18/><E28/><V80/><F80/><W110/><G110/><T117/><D117/><U38/><E38/><V2/><F2/><W83/><G45/><T37/><D46/><U114/><E114/><V94/><F94/><W68/><G68/><T86/><D37/><U69/><E69/><N who="2" m="42199" /><F30/><W56/><G112/><T77/><D77/><U88/><E42/><V48/><F48/><W107/><G107/><T82/><D86/><U63/><E63/><V4/><F4/><N who="3" m="3303" /><G56/><AGARI ba="0,0" hai="39,43,47,51,53,56,116,118" m="42199,50698" machi="56" ten="30,11600,0" yaku="24,1,20,1,34,2" doraHai="106" who="2" fromWho="3" sc="305,0,106,0,370,116,219,-116" /><INIT seed="6,1,0,1,4,91" ten="305,106,486,103" oya="2" hai0="38,61,96,130,115,88,116,74,25,34,23,127,112" hai1="24,52,16,17,89,39,109,13,71,1,33,4,42" hai2="68,0,111,75,121,54,66,46,37,118,58,117,15" hai3="99,18,56,10,45,80,126,69,102,47,125,57,133"/><V50/><F0/><W7/><G69/><T28/><D127/><N who="3" m="48649" /><G133/><T51/><D38/><U20/><E109/><V22/><F75/><W35/><G35/><T114/><D130/><U120/><E71/><V81/><F81/><W95/><G18/><T100/><D116/><U65/><E65/><V110/><F22/><W134/><G134/><T122/><D122/><U8/><E120/><V62/><F15/><N who="3" m="5599" /><G80/><T101/><D74/><U30/><E17/><V32/><F32/><W85/><G85/><T77/><D77/><U59/><E89/><V36/><F121/><W55/><G57/><T19/><D51/><AGARI ba="1,0" hai="45,47,51,55,56,95,99,102" m="5599,48649" machi="51" ten="30,2000,0" yaku="18,1,52,1" doraHai="91" who="3" fromWho="0" sc="305,-23,106,0,486,0,103,23" /><INIT seed="7,0,0,5,0,67" ten="282,106,486,126" oya="3" hai0="105,86,79,108,18,134,55,112,121,98,3,40,42" hai1="90,31,6,104,9,1,65,61,103,59,62,101,43" hai2="19,74,56,20,120,82,78,123,32,85,102,26,128" hai3="81,70,131,63,100,77,118,23,39,50,69,30,84"/><W124/><G39/><T24/><D108/><U130/><E130/><V76/><F128/><W72/><G131/><T71/><D134/><U114/><E114/><V36/><F36/><W109/><G118/><T5/><D55/><U94/><E43/><V13/><F102/><W28/><G72/><T51/><D51/><U107/><E31/><V132/><F56/><W14/><G100/><T33/><D18/><U87/><E103/><V125/><F132/><W53/><G109/><T111/><D98/><U110/><E110/><V4/><F125/><W75/><G75/><T64/><D79/><U99/><REACH who="1" step="1"/><E62/><REACH who="1" ten="282,96,486,126" step="2"/><V22/><F123/><W89/><G124/><T29/><D111/><U45/><E45/><V95/><F120/><W17/><G63/><T58/><D58/><U106/><AGARI ba="0,1" hai="1,6,9,59,61,65,87,90,94,99,101,104,106,107" machi="106" ten="20,2700,0" yaku="1,1,0,1,7,1,53,0" doraHai="67" doraHaiUra="127" who="1" fromWho="1" sc="282,-7,96,37,486,-7,126,-13" owari="275,8.0,133,-27.0,479,58.0,113,-39.0" /></mjloggm>