<mjloggm ver="2.3"><GO type="169" lobby="0"/><UN n0="%E3%83%AB%E3%83%8D%E3%82%B9%E3%82%BF" n1="%73%6C%30%31" n2="%E6%A4%8B%E5%A4%A7%E6%A8%B9" n3="%E3%83%88%E3%83%88%E3%83%AA%E5%85%88%E7%94%9F%31%39%E6%AD%B3" dan="16,16,18,18" rate="2085.62,2056.14,2155.50,2203.51" sx="M,M,M,F"/><TAIKYOKU oya="0"/><INIT seed="0,0,0,4,1,90" ten="250,250,250,250" oya="0" hai0="8,132,94,46,133,12,122,26,61,103,30,84,131" hai1="123,111,114,16,17,89,76,87,69,34,50,44,3" hai2="68,92,77,63,78,62,48,60,120,27,79,15,97" hai3="129,7,83,32,42,109,119,95,127,100,96,2,11"/><T64/><D122/><U107/><E123/><V85/><F120/><W72/><G119/><T116/><D116/><U118/><E118/><V4/><F68/><W28/><G129/><T53/><D131/><U22/><E34/><V35/><F35/><W101/><G127/><T110/><D110/><U106/><E69/><V74/><F74/><W124/><G124/><T1/><D1/><U51/><E3/><V14/><F27/><W115/><G115/><T70/><D53/><U121/><E121/><V43/><F85/><W91/><G109/><T33/><D46/><U98/><E76/><V113/><F4/><W125/><G125/><T31/><D31/><U134/><E134/><V37/><F37/><W6/><G6/><T128/><D128/><U66/><E66/><V99/><F99/><W104/><G42/><T86/><D103/><U105/><E98/><V73/><F73/><W5/><G5/><T130/><D130/><U55/><E114/><V36/><F36/><W24/><REACH who="3" step="1"/><G104/><REACH who="3" ten="250,250,250,240" step="2"/><T93/><D133/><U25/><E111/><V108/><F108/><W112/><G112/><T13/><D132/><U41/><E17/><V102/><F113/><W58/><G58/><T40/><D40/><U65/><E65/><V23/><F23/><W71/><G71/><T38/><D70/><U75/><E75/><V0/><F0/><W20/><G20/><T18/><D64/><U52/><REACH who="1" step="1"/><E51/><REACH who="1" ten="250,240,250,240" step="2"/><V47/><AGARI ba="0,2" hai="14,15,43,47,48,60,62,63,77,78,79,92,97,102" machi="47" ten="40,5200,0" yaku="0,1,8,1,52,1" doraHai="90" who="2" fromWho="2" sc="250,-26,240,-13,250,72,240,-13" /><INIT seed="1,0,0,5,2,133" ten="224,227,322,227" oya="1" hai0="122,68,38,124,18,98,96,87,36,67,27,9,53" hai1="128,37,56,70,132,2,11,55,30,15,19,43,111" hai2="85,76,134,121,1,12,21,130,114,33,65,93,17" hai3="6,116,135,13,72,35,109,74,105,86,80,110,77"/><U20/><E70/><V50/><F33/><W64/><G35/><T34/><D122/><U83/><E132/><V61/><F1/><W92/><G135/><T101/><D34/><U108/><E128/><V5/><F121/><W71/><G71/><T52/><D87/><U100/><E100/><V8/><F134/><W73/><G64/><T31/><D18/><U23/><E37/><V62/><F130/><W120/><G6/><T104/><D9/><U94/><E43/><V102/><F114/><W78/><G13/><T39/><D98/><U91/><E83/><V90/><F76/><W26/><G26/><T88/><D88/><U10/><E10/><V57/><F102/><W127/><G120/><T89/><D89/><U82/><E82/><V49/><F62/><W119/><G105/><T113/><D113/><U42/><E42/><V118/><F118/><N who="3" m="45099" /><G92/><T32/><REACH who="0" step="1"/><D124/><REACH who="0" ten="214,227,322,227" step="2"/><U95/><E91/><V0/><AGARI ba="0,1" hai="0,5,8,12,17,21,49,50,57,61,65,85,90,93" machi="0" ten="20,1500,0" yaku="0,1,7,1" doraHai="133" who="2" fromWho="2" sc="214,-4,227,-7,322,25,227,-4" /><INIT seed="2,0,0,5,3,22" ten="210,220,347,223" oya="2" hai0="96,127,68,108,60,59,64,134,38,90,12,110,84" hai1="103,115,125,27,97,121,67,46,51,17,99,58,135" hai2="55,19,74,129,40,123,7,63,16,37,117,49,4" hai3="78,73,6,75,130,91,94,104,107,87,5,29,95"/><V69/><F74/><N who="3" m="28171" /><G29/><T81/><D38/><U77/><E77/><V43/><F129/><W31/><G31/><T126/><D134/><U42/><E135/><V13/><F117/><W118/><G6/><T79/><D12/><U14/><E125/><N who="0" m="47625" /><D68/><U72/><E121/><V131/><F131/><W56/><G56/><T70/><D70/><U83/><E83/><V15/><F123/><W62/><G62/><T106/><D106/><N who="3" m="40489" /><G5/><N who="2" m="2121" /><F63/><W119/><G130/><T8/><D8/><U133/><E72/><V45/><F69/><W111/><G111/><N who="0" m="42539" /><D96/><U89/><E99/><V47/><F47/><W20/><G20/><T52/><D64/><U86/><E97/><V92/><F15/><W120/><G120/><T25/><D25/><U9/><E67/><V116/><F116/><N who="3" m="44587" /><G78/><AGARI ba="0,0" hai="52,59,60,78,79,81,84,90" m="42539,47625" machi="78" ten="30,3900,0" yaku="18,1,14,1,54,1" doraHai="22" who="0" fromWho="3" sc="210,39,220,0,347,0,223,-39" /><INIT seed="3,0,0,0,1,44" ten="249,220,347,184" oya="3" hai0="71,38,54,74,27,16,102,130,51,69,1,15,118" hai1="55,131,35,75,108,68,50,117,104,91,64,62,124" hai2="67,115,60,111,47,114,106,93,98,59,112,66,103" hai3="119,33,70,5,76,86,133,113,6,127,19,65,28"/><W82/><G113/><T49/><D38/><U84/><E108/><V58/><F111/><W40/><G119/><T32/><D118/><U20/><E35/><V43/><F106/><W14/><G133/><T83/><D1/><U109/><E109/><V29/><F29/><W90/><G127/><T116/><D116/><U78/><E124/><V89/><F103/><W30/><G40/><T63/><D102/><U21/><E104/><V56/><REACH who="2" step="1"/><F60/><REACH who="2" ten="249,220,337,184" step="2"/><W42/><G30/><T87/><D63/><U17/><E117/><V135/><F135/><W57/><G28/><T52/><D32/><U34/><E34/><V120/><F120/><W31/><G31/><T4/><D130/><U134/><E134/><V10/><F10/><W128/><G33/><T81/><D74/><U53/><E62/><V88/><F88/><W23/><G128/><T122/><D122/><U123/><E75/><V125/><F125/><W72/><G90/><T11/><D71/><U48/><E91/><V96/><F96/><W99/><G70/><T121/><D69/><U36/><E131/><V80/><F80/><N who="0" m="30794" /><D121/><U22/><E68/><V110/><F110/><W7/><G99/><T77/><D77/><U107/><E107/><V39/><AGARI ba="0,1" hai="39,43,47,56,58,59,66,67,89,93,98,112,114,115" machi="39" ten="40,2700,0" yaku="1,1,0,1,53,0" doraHai="44" doraHaiUra="0" who="2" fromWho="2" sc="249,-7,220,-7,337,37,184,-13" /><INIT seed="4,0,0,0,0,104" ten="242,213,374,171" oya="0" hai0="103,95,57,100,79,61,44,132,10,41,29,12,134" hai1="120,92,97,24,1,13,0,99,117,17,72,35,129" hai2="106,37,50,36,118,49,90,39,71,58,85,40,80" hai3="112,94,66,38,84,9,77,4,28,15,74,31,51"/><T115/><D29/><U126/><E117/><V6/><F106/><W42/><G112/><T133/><D115/><U7/><E120/><V45/><F71/><W46/><G66/><T135/><D133/><U22/><E126/><V73/><F118/><W30/><G94/><T43/><D79/><U76/><E129/><V125/><F125/><W16/><G38/><T11/><D95/><U26/><E26/><V65/><F73/><W18/><G74/><T87/><D87/><U25/><E25/><V8/><F65/><W122/><G122/><T128/><D128/><U63/><E63/><V54/><F49/><W60/><REACH who="3" step="1"/><G60/><REACH who="3" ten="242,213,374,161" step="2"/><T75/><D75/><U108/><E92/><V86/><F86/><W48/><G48/><T105/><D105/><U98/><E108/><V19/><F37/><W2/><G2/><T64/><D100/><U127/><E127/><V96/><F36/><W107/><G107/><T55/><D103/><U123/><E123/><V23/><F96/><W32/><G32/><T78/><D64/><U121/><E121/><V111/><F111/><W47/><G47/><T34/><D44/><U53/><E35/><V130/><F130/><W52/><G52/><T62/><D34/><U110/><E53/><V20/><F39/><W59/><G59/><T109/><D55/><U83/><REACH who="1" step="1"/><E110/><REACH who="1" ten="242,203,374,161" step="2"/><V81/><F54/><W116/><G116/><T69/><D109/><U27/><E27/><V124/><F124/><W88/><G88/><T91/><D61/><U68/><E68/><V5/><F90/><W93/><G93/><T3/><D69/><U113/><E113/><RYUUKYOKU ba="0,2" sc="242,-15,203,15,374,-15,161,15" hai1="0,1,7,13,17,22,24,72,76,83,97,98,99" hai3="4,9,15,16,18,28,30,31,42,46,51,77,84" /><INIT seed="5,1,2,0,1,62" ten="227,218,359,176" oya="1" hai0="54,6,99,69,27,124,67,96,50,129,119,121,58" hai1="32,42,130,1,125,46,126,7,109,120,82,20,35" hai2="111,80,34,38,106,104,63,47,114,87,13,9,2" hai3="14,5,88,132,10,112,26,16,41,110,131,45,81"/><U90/><E120/><V0/><F34/><W56/><G110/><T94/><D121/><U30/><E130/><V98/><F111/><W22/><G131/><T75/><D129/><U61/><E109/><V118/><F118/><W3/><G112/><T65/><D75/><U43/><E1/><V57/><F104/><W59/><G132/><T85/><D119/><U107/><E107/><V68/><F68/><W76/><G3/><T86/><D69/><U117/><E117/><V79/><F114/><W83/><G88/><N who="0" m="53527" /><D124/><N who="1" m="47723" /><E7/><V28/><F28/><W101/><G101/><T52/><D6/><U127/><E127/><V36/><F98/><N who="0" m="37418" /><D27/><N who="1" m="16743" /><E61/><V122/><F106/><W53/><G53/><N who="0" m="32055" /><D85/><N who="1" m="50487" /><E43/><V102/><F122/><W24/><G24/><T51/><D54/><U74/><E74/><V100/><F0/><W66/><G5/><T73/><D73/><U103/><E103/><V8/><F2/><W123/><G123/><T44/><AGARI ba="1,2" hai="44,51,52,65,67" m="32055,37418,53527" machi="44" ten="30,8000,1" yaku="8,1,52,2,54,2" doraHai="62" who="0" fromWho="0" sc="227,103,218,-41,359,-21,176,-21" /><INIT seed="6,0,0,5,2,3" ten="330,177,338,155" oya="2" hai0="27,20,63,75,5,131,135,99,125,81,64,130,124" hai1="100,77,96,28,47,59,10,38,37,107,116,120,18" hai2="128,25,110,112,12,57,90,79,84,66,33,52,8" hai3="68,115,50,132,56,82,123,97,91,88,54,70,42"/><V39/><F39/><W62/><G123/><T87/><D75/><U83/><E116/><V71/><F71/><W65/><G132/><T7/><D135/><U45/><E120/><V41/><F41/><W49/><G115/><T29/><D99/><U53/><E28/><V117/><F66/><W93/><G70/><N who="0" m="42271" /><D87/><U24/><E47/><V67/><F112/><W122/><G122/><T95/><D95/><U22/><E45/><V103/><F117/><W15/><G42/><T6/><D81/><U35/><E35/><V4/><F67/><W17/><G49/><T106/><D106/><U98/><E98/><V121/><F110/><W89/><REACH who="3" step="1"/><G82/><REACH who="3" ten="330,177,338,145" step="2"/><T127/><AGARI ba="0,1" hai="5,6,7,20,27,29,124,125,127,130,131" m="42271" machi="127" ten="40,8000,1" yaku="18,1,52,3" doraHai="3" who="0" fromWho="0" sc="330,90,177,-20,338,-40,145,-20" /><INIT seed="7,0,0,1,0,5" ten="420,157,298,125" oya="3" hai0="58,39,52,22,96,0,84,31,20,78,42,107,23" hai1="117,61,135,60,1,103,32,43,108,36,25,129,120" hai2="18,95,9,87,68,115,93,3,11,73,67,80,44" hai3="130,26,13,34,122,125,119,55,40,51,85,114,104"/><W47/><G119/><T92/><D107/><U10/><E108/><V30/><F73/><W113/><G122/><T98/><D0/><U27/><E120/><V131/><F3/><W109/><G104/><T90/><D39/><U14/><E60/><V81/><F30/><N who="3" m="19799" /><G109/><T94/><D42/><U37/><E43/><V97/><F80/><W64/><G64/><T127/><D127/><U71/><E117/><V33/><F33/><W2/><G2/><T19/><D31/><U24/><E32/><V63/><F95/><W88/><G125/><T7/><D7/><U102/><E1/><V12/><F44/><W66/><G66/><T56/><D56/><U6/><E61/><V28/><F28/><W72/><G72/><T101/><D78/><U99/><E71/><V21/><F131/><W86/><G130/><T70/><D84/><U74/><E74/><V45/><F45/><W57/><G13/><N who="0" m="9327" /><D70/><U69/><E103/><V75/><F75/><W50/><G88/><T112/><D112/><AGARI ba="0,0" hai="40,47,50,51,55,57,85,86,112,113,114" m="19799" machi="112" ten="30,1500,0" yaku="15,1" doraHai="5" who="3" fromWho="0" sc="420,-15,157,0,298,0,125,15" /><INIT seed="7,1,0,0,4,31" ten="405,157,298,140" oya="3" hai0="129,11,95,135,63,122,132,53,18,120,7,14,81" hai1="0,41,62,12,82,80,54,115,26,28,88,55,67" hai2="111,42,21,19,25,33,85,108,70,100,91,13,38" hai3="123,107,58,30,116,112,74,2,40,90,75,51,65"/><W8/><G116/><T10/><D129/><U68/><E0/><V83/><F70/><W110/><G123/><T101/><D81/><U98/><E115/><V125/><F125/><W22/><G107/><T128/><D128/><U36/><E36/><V117/><F117/><W35/><G112/><T92/><D53/><N who="1" m="19979" /><E68/><V105/><F100/><W133/><G35/><T56/><D56/><N who="1" m="37319" /><E41/><V79/><F105/><W24/><G133/><N who="0" m="51275" /><D63/><U20/><E12/><V104/><F104/><W76/><G76/><T3/><D101/><U69/><E69/><V113/><F113/><W64/><G110/><T57/><D57/><U9/><E9/><V72/><F42/><W44/><G90/><T126/><D126/><U66/><E66/><V106/><F38/><W114/><G114/><T45/><D45/><U97/><E80/><V99/><F106/><W59/><G59/><T61/><D61/><U39/><E39/><V52/><F72/><W78/><G58/><T102/><D102/><U103/><E103/><V50/><F79/><W1/><G1/><T4/><D4/><U60/><E60/><V47/><F99/><W89/><G89/><T124/><D124/><U37/><E37/><V93/><F83/><N who="3" m="45527" /><G75/><T84/><D84/><AGARI ba="1,0" hai="20,26,28,82,84,88,97,98" m="37319,19979" machi="84" ten="30,2000,0" yaku="8,1,54,1" doraHai="31" who="1" fromWho="0" sc="405,-23,157,23,298,0,140,0" owari="382,48.0,180,-22.0,298,10.0,140,-36.0" /></mjloggm>