<mjloggm ver="2.3"><GO type="169" lobby="0"/><UN n0="%6B%69%79%6F%64%61%69" n1="%E7%84%A1%E9%99%90%E6%9C%88%E8%AA%AD" n2="%E3%83%9F%E3%82%B9%E3%83%86%E3%82%A3%E3%82%B3" n3="%E3%83%88%E3%83%88%E3%83%AA%E5%85%88%E7%94%9F%31%39%E6%AD%B3" dan="17,16,16,18" rate="2221.66,2130.47,2091.75,2205.32" sx="M,M,M,F"/><TAIKYOKU oya="0"/><INIT seed="0,0,0,1,2,119" ten="250,250,250,250" oya="0" hai0="1,7,124,8,74,6,52,126,11,122,110,97,66" hai1="69,133,111,46,21,31,75,87,39,63,34,80,45" hai2="49,54,81,61,104,40,9,101,3,48,44,89,125" hai3="14,121,10,51,53,28,67,13,86,15,108,36,25"/><T27/><D74/><U102/><E111/><V120/><F125/><N who="0" m="48234" /><D66/><U85/><E133/><V73/><F73/><W128/><G108/><T83/><D110/><U77/><E102/><V19/><F61/><W5/><G128/><T71/><D71/><U96/><E96/><V50/><F104/><W93/><G36/><T116/><D83/><U132/><E132/><V127/><F101/><W105/><G105/><T42/><D42/><U68/><E21/><V57/><F57/><BYE who="2" /><W99/><G121/><T20/><D116/><U35/><E85/><V58/><F58/><W98/><G67/><T92/><D52/><U113/><E87/><V94/><F94/><W115/><G86/><UN n2="%E3%83%9F%E3%82%B9%E3%83%86%E3%82%A3%E3%82%B3" /><T129/><D129/><U22/><E22/><V76/><F127/><W47/><G115/><T2/><D92/><U131/><E131/><V72/><F54/><W29/><G98/><T37/><D37/><U84/><E84/><V114/><F89/><W79/><G79/><T59/><D59/><U64/><E69/><V78/><F114/><W103/><REACH who="3" step="1"/><G25/><REACH who="3" ten="250,250,250,240" step="2"/><T33/><D97/><U55/><E113/><V0/><F78/><W109/><G109/><T18/><D33/><U82/><E39/><V70/><F76/><W123/><G123/><AGARI ba="0,1" hai="1,2,6,7,8,11,18,20,27,122,123" m="48234" machi="123" ten="30,12000,1" yaku="18,1,34,2,52,2" doraHai="119" who="0" fromWho="3" sc="250,130,250,0,250,0,240,-120" /><INIT seed="0,1,0,1,2,14" ten="380,250,250,120" oya="0" hai0="77,45,53,65,0,115,87,24,119,114,135,125,36" hai1="95,98,34,101,112,58,72,79,11,106,23,88,60" hai2="50,63,81,22,94,46,74,127,33,20,25,128,93" hai3="89,75,117,28,26,62,71,134,12,15,108,18,27"/><T38/><D0/><U80/><E34/><V13/><F33/><W100/><G117/><T91/><D119/><U4/><E112/><V122/><F122/><W73/><G108/><T120/><D120/><U35/><E35/><V96/><F74/><W29/><G134/><T118/><D118/><U59/><E23/><V7/><F81/><W132/><G132/><T64/><D77/><U21/><E21/><V16/><F7/><W56/><G71/><T69/><D24/><U2/><REACH who="1" step="1"/><E60/><REACH who="1" ten="380,240,250,120" step="2"/><V83/><F63/><W54/><G62/><T1/><D115/><U52/><E52/><N who="2" m="29783" /><F128/><W40/><G54/><T85/><D53/><U42/><E42/><V30/><F127/><W130/><G40/><T44/><D114/><U113/><E113/><V123/><F123/><W37/><G130/><T51/><D125/><U121/><E121/><V55/><F55/><W19/><G29/><T48/><D135/><U102/><E102/><N who="2" m="60687" /><F83/><W116/><G116/><T31/><D31/><U111/><E111/><V9/><F22/><W97/><G28/><T90/><D1/><U126/><E126/><V8/><F8/><W124/><G124/><T131/><D131/><U82/><E82/><V78/><F94/><W70/><G100/><T103/><D103/><U5/><E5/><V86/><F78/><W105/><G105/><T68/><AGARI ba="1,1" hai="36,38,44,45,48,51,64,65,68,69,85,87,90,91" machi="68" ten="25,4800,0" yaku="0,1,22,2" doraHai="14" who="0" fromWho="0" sc="380,61,240,-17,250,-17,120,-17" /><INIT seed="0,2,0,2,5,90" ten="441,223,233,103" oya="0" hai0="54,56,1,23,12,48,94,106,108,64,49,107,8" hai1="110,84,133,127,57,60,63,135,123,72,28,11,86" hai2="22,13,118,55,2,77,32,5,20,9,26,16,42" hai3="25,53,105,116,69,31,34,61,125,68,76,0,101"/><T99/><D1/><U81/><E123/><V100/><F118/><W43/><G116/><T67/><D107/><U4/><E110/><V65/><F77/><W121/><G121/><T91/><D106/><U10/><E72/><V119/><F119/><W89/><G0/><T73/><D73/><U96/><E127/><V17/><F100/><W111/><G111/><T114/><D114/><U88/><E28/><N who="2" m="19479" /><F55/><W66/><G125/><T128/><D128/><U117/><E117/><V50/><F65/><W27/><G76/><T14/><D108/><U102/><E84/><V59/><F59/><W87/><G43/><T80/><D23/><N who="2" m="8746" /><F50/><W47/><G27/><T62/><D14/><N who="1" m="5447" /><E11/><N who="2" m="2487" /><F42/><W46/><G53/><T85/><D67/><U120/><E120/><V21/><N who="2" m="8754" /><V75/><DORA hai="52" /><F75/><W58/><G68/><T7/><D64/><U109/><E57/><V104/><F104/><W39/><G39/><T40/><D40/><U36/><E36/><V6/><AGARI ba="2,0" hai="6,9,13,16,17" m="2487,8754,19479" machi="6" ten="30,12000,2" yaku="35,5,54,1" doraHai="90,52" who="2" fromWho="2" sc="441,-62,223,-32,233,126,103,-32" /><INIT seed="1,0,0,4,3,74" ten="379,191,359,71" oya="1" hai0="80,38,45,86,89,53,99,91,64,62,127,57,98" hai1="71,112,104,12,16,96,134,70,109,48,90,117,97" hai2="60,68,135,19,87,124,39,29,34,54,31,76,0" hai3="36,9,52,88,108,123,43,1,103,51,110,8,83"/><U24/><E112/><V67/><F39/><W72/><G123/><T13/><D127/><U55/><E117/><V40/><F0/><W94/><G103/><T11/><D91/><U63/><E134/><V46/><F124/><W22/><G22/><T59/><D38/><U15/><E109/><N who="3" m="42090" /><G1/><T119/><D119/><U126/><E126/><V81/><F135/><W20/><G20/><T73/><D73/><U106/><E106/><V23/><F34/><W61/><G43/><T5/><D45/><N who="1" m="28047" /><E104/><V65/><F65/><W120/><G61/><AGARI ba="0,0" hai="5,11,13,53,57,59,61,62,64,80,86,89,98,99" machi="61" ten="30,2000,0" yaku="7,1,8,1" doraHai="74" who="0" fromWho="3" sc="379,20,191,0,359,0,71,-20" /><INIT seed="2,0,0,0,2,35" ten="399,191,359,51" oya="2" hai0="3,69,45,56,41,32,10,22,115,82,47,103,110" hai1="30,37,77,86,99,94,20,123,106,134,80,49,135" hai2="13,102,71,114,91,93,90,11,9,54,95,26,21" hai3="51,70,119,78,101,53,100,38,33,117,76,17,1"/><V85/><F71/><W23/><G70/><T97/><D69/><U63/><E37/><V68/><F68/><W83/><G38/><T73/><D32/><U96/><E63/><V104/><F114/><W98/><G33/><T109/><D47/><U48/><E123/><V66/><F66/><W34/><G34/><T55/><D22/><U12/><E106/><V89/><F89/><W133/><BYE who="2" /><G133/><N who="1" m="50698" /><E96/><V24/><F24/><W52/><G1/><T72/><D115/><U74/><E74/><V107/><F107/><W122/><G122/><T44/><D44/><U120/><E120/><V65/><F65/><W39/><G39/><N who="0" m="21695" /><D10/><UN n2="%E3%83%9F%E3%82%B9%E3%83%86%E3%82%A3%E3%82%B3" /><U92/><E92/><V46/><F104/><W36/><G36/><T130/><D3/><U42/><E42/><V59/><F102/><W18/><G23/><T0/><D0/><U2/><E2/><V121/><F46/><W108/><G98/><T14/><D82/><U40/><E40/><V105/><F105/><W15/><G83/><T62/><D97/><U126/><E126/><V16/><F121/><W79/><G51/><T116/><D103/><N who="1" m="60919" /><E30/><V127/><F127/><W5/><G5/><T27/><D73/><U124/><E124/><V75/><F75/><W50/><G50/><T8/><D72/><U61/><E61/><N who="2" m="36087" /><F13/><W4/><G15/><T84/><D14/><U19/><AGARI ba="0,0" hai="12,19,20,48,49,77,80,86" m="60919,50698" machi="19" ten="30,1100,0" yaku="20,1" doraHai="35" who="1" fromWho="1" sc="399,-3,191,11,359,-5,51,-3" /><INIT seed="3,0,0,0,0,87" ten="396,202,354,48" oya="3" hai0="31,59,117,5,33,84,134,13,55,92,94,112,91" hai1="105,25,46,114,40,131,9,125,133,52,71,102,126" hai2="115,51,93,121,78,15,38,48,16,96,7,10,39" hai3="123,104,14,49,54,17,81,20,90,64,89,36,130"/><W37/><G123/><T42/><D117/><U77/><E114/><V67/><F115/><W21/><G104/><T108/><D108/><U72/><E71/><V113/><F121/><W70/><G130/><T116/><D116/><U2/><E131/><V11/><F113/><W83/><G70/><T60/><D134/><U109/><E109/><V75/><F67/><W24/><G64/><T4/><D112/><U41/><E133/><V44/><F78/><W27/><G14/><T12/><D42/><U6/><E25/><V100/><F75/><W19/><G49/><T62/><D31/><U1/><E1/><V132/><F51/><W35/><G54/><T45/><D45/><U61/><E61/><V63/><F63/><W29/><G29/><T101/><D33/><AGARI ba="0,0" hai="17,19,20,21,24,27,33,35,36,37,81,83,89,90" machi="33" ten="25,9600,0" yaku="22,2,52,2" doraHai="87" who="3" fromWho="0" sc="396,-96,202,0,354,0,48,96" /><INIT seed="3,1,0,4,4,12" ten="300,202,354,144" oya="3" hai0="91,82,94,22,47,50,76,78,26,131,85,13,35" hai1="120,113,129,5,42,133,108,116,74,103,27,70,11" hai2="65,60,111,28,104,52,55,95,87,132,67,119,86" hai3="7,135,49,73,126,106,71,54,10,99,122,31,109"/><W80/><G122/><T16/><D35/><U77/><E27/><V69/><F119/><W20/><G71/><T34/><D34/><U39/><E11/><V40/><F104/><W112/><G112/><T45/><D131/><U0/><E5/><V130/><F130/><W21/><G135/><T102/><D45/><U53/><E53/><V117/><F117/><W2/><G126/><T93/><D26/><U96/><E42/><V123/><F123/><W115/><G115/><T72/><D72/><U79/><E79/><N who="0" m="30249" /><D102/><U83/><E83/><V101/><F132/><W105/><G80/><T81/><D81/><U24/><E24/><V30/><F40/><AGARI ba="1,0" hai="13,16,22,40,47,50,82,85,91,93,94" m="30249" machi="40" ten="30,3900,0" yaku="8,1,52,1,54,1" doraHai="12" who="0" fromWho="2" sc="300,42,202,0,354,-42,144,0" /><INIT seed="4,0,0,3,2,68" ten="342,202,312,144" oya="0" hai0="12,100,58,103,74,19,26,0,6,133,37,131,121" hai1="112,44,28,54,75,114,97,46,67,96,55,33,40" hai2="30,120,59,22,62,17,42,29,124,21,82,5,43" hai3="125,86,108,34,36,56,126,95,65,132,111,88,98"/><T20/><D74/><U110/><E110/><N who="3" m="42026" /><G56/><T16/><D121/><U13/><E75/><V89/><F120/><W115/><G65/><T79/><D131/><U107/><E67/><V60/><F124/><N who="3" m="47723" /><G34/><T73/><D133/><U101/><E96/><V116/><F5/><W49/><G49/><T51/><D73/><U4/><E33/><V106/><F106/><W102/><G36/><T32/><D79/><U9/><E28/><N who="2" m="10859" /><F116/><W87/><G132/><T119/><D119/><U2/><E13/><N who="2" m="9391" /><F22/><W11/><G11/><N who="0" m="4215" /><D37/><U57/><E46/><V128/><F128/><W8/><G8/><T123/><D0/><U117/><E117/><V92/><F82/><N who="3" m="49239" /><G87/><T85/><D85/><U135/><E135/><V80/><F80/><W134/><G134/><T81/><D81/><U24/><E24/><V38/><F38/><W130/><G130/><T3/><D3/><U41/><E57/><V78/><F78/><W53/><G53/><N who="1" m="19978" /><E44/><V50/><F50/><W45/><G45/><T39/><D39/><U18/><E18/><V94/><F59/><W1/><G1/><T15/><D32/><U14/><E2/><V109/><F109/><W90/><G115/><AGARI ba="0,0" hai="4,9,14,40,41,97,101,107,112,114,115" m="19978" machi="115" ten="30,2000,0" yaku="15,1,11,1" doraHai="68" who="1" fromWho="3" sc="342,0,202,20,312,0,144,-20" /><INIT seed="5,0,0,4,4,91" ten="342,222,312,124" oya="1" hai0="112,83,71,6,102,64,59,107,46,31,3,135,99" hai1="133,8,103,75,56,52,101,17,72,76,81,4,60" hai2="90,113,82,10,7,61,40,1,32,85,58,49,34" hai3="37,111,110,121,77,98,13,106,5,127,73,92,115"/><U38/><E38/><V100/><F113/><W2/><G13/><T93/><D71/><U66/><E72/><V39/><F39/><W23/><G23/><T67/><D112/><U68/><E133/><V33/><F100/><N who="3" m="62743" /><G5/><T95/><D135/><U16/><E103/><V41/><REACH who="2" step="1"/><F49/><REACH who="2" ten="342,222,302,124" step="2"/><W94/><G37/><T124/><D102/><U126/><E101/><V44/><F44/><W70/><G115/><T21/><D46/><U51/><REACH who="1" step="1"/><E126/><REACH who="1" ten="342,212,302,124" step="2"/><V14/><F14/><AGARI ba="0,2" hai="4,8,14,16,17,51,52,56,60,66,68,75,76,81" machi="14" ten="30,18000,2" yaku="1,1,2,1,7,1,54,2,53,1" doraHai="91" doraHaiUra="0" who="1" fromWho="2" sc="342,0,212,200,302,-180,124,0" /><INIT seed="5,1,0,2,4,131" ten="342,412,122,124" oya="1" hai0="76,127,44,73,77,65,70,88,7,83,103,97,19" hai1="2,91,0,5,117,119,34,113,29,25,123,100,99" hai2="37,38,53,81,124,102,101,118,61,84,26,62,98" hai3="31,55,50,115,54,52,16,93,105,1,95,104,12"/><U43/><E123/><V120/><F118/><W68/><G68/><T32/><D32/><U10/><E113/><V69/><F120/><W75/><G1/><T78/><D127/><U108/><E108/><V122/><F122/><W48/><G75/><T66/><D7/><U67/><E0/><V45/><F124/><W125/><G125/><T85/><D70/><U14/><E67/><V59/><F101/><W17/><G115/><T94/><D73/><U126/><E126/><V15/><F45/><W130/><G31/><T56/><D56/><U46/><E91/><V4/><F69/><W64/><G64/><T39/><REACH who="0" step="1"/><D19/><REACH who="0" ten="332,412,122,124" step="2"/><U6/><E6/><V35/><F35/><W41/><G17/><T11/><D11/><U133/><E117/><V24/><F4/><W106/><G130/><T96/><D96/><U23/><E119/><V60/><F15/><W82/><G12/><T92/><D92/><U121/><E121/><V80/><F81/><W42/><G82/><T57/><D57/><U72/><E72/><V74/><F74/><W114/><G114/><T30/><D30/><U89/><E14/><V40/><F24/><W28/><G28/><T51/><D51/><N who="3" m="19497" /><G16/><T20/><D20/><U33/><E23/><V13/><F26/><W22/><G22/><T111/><D111/><U116/><E116/><V63/><F13/><W27/><G27/><T71/><D71/><U21/><E21/><V18/><F18/><W86/><G95/><T128/><D128/><U49/><E34/><V87/><F80/><W79/><G93/><T36/><D36/><N who="2" m="13930" /><F40/><AGARI ba="1,1" hai="39,40,44,65,66,76,77,78,83,85,88,94,97,103" machi="40" ten="40,2600,0" yaku="1,1,54,1,53,0" doraHai="131" doraHaiUra="135" who="0" fromWho="2" sc="332,39,412,0,122,-29,124,0" /><INIT seed="6,0,0,4,5,0" ten="371,412,93,124" oya="2" hai0="92,89,76,109,3,1,90,80,75,86,21,79,106" hai1="70,53,16,19,5,28,96,108,45,40,9,87,41" hai2="74,51,59,97,66,68,30,94,116,39,71,7,78" hai3="72,93,14,62,84,50,134,58,26,67,114,118,37"/><V32/><F116/><W42/><G118/><T47/><D109/><U128/><E108/><V100/><F39/><W10/><G72/><T56/><D106/><U61/><E70/><V110/><F110/><W48/><G134/><T112/><D79/><U29/><E128/><V119/><F119/><W130/><G130/><T49/><D112/><U69/><E69/><V8/><F32/><W60/><G114/><T13/><D90/><U31/><E96/><V25/><F74/><W63/><G37/><T2/><D56/><U55/><E87/><V95/><F78/><W43/><G26/><T20/><REACH who="0" step="1"/><D13/><REACH who="0" ten="361,412,93,124" step="2"/><N who="1" m="5295" /><E45/><V113/><F95/><W81/><G93/><T64/><D64/><U99/><E99/><V33/><F113/><W4/><G58/><T77/><D77/><U131/><E131/><V27/><F27/><W91/><G67/><T46/><D46/><U38/><E38/><V103/><F103/><W54/><G91/><T120/><D120/><U15/><E61/><V83/><F83/><W12/><G60/><T34/><D34/><U88/><E88/><V104/><F104/><W65/><G63/><T82/><D82/><U23/><E19/><V44/><F66/><W132/><G65/><T98/><D98/><U115/><E115/><V121/><F59/><N who="3" m="35191" /><G81/><T107/><D107/><U105/><E105/><V17/><F121/><W101/><G101/><T125/><D125/><U129/><E129/><V124/><F17/><W123/><G123/><T102/><D102/><U111/><E111/><V133/><F124/><W52/><G84/><T73/><D73/><U126/><E126/><RYUUKYOKU ba="0,1" sc="361,15,412,15,93,-15,124,-15" hai0="1,2,3,20,21,47,49,75,76,80,86,89,92" hai1="15,16,23,28,29,31,40,41,53,55" /><INIT seed="7,1,1,0,0,55" ten="376,427,78,109" oya="3" hai0="36,31,80,117,130,61,79,37,90,23,58,27,74" hai1="22,111,73,94,56,123,47,14,76,126,1,104,2" hai2="96,78,41,54,20,49,12,133,5,40,113,92,97" hai3="72,34,77,3,89,46,103,63,101,44,18,84,51"/><W62/><G34/><T33/><D117/><U6/><E123/><V7/><F133/><W107/><G3/><T124/><D124/><U35/><E104/><V127/><F113/><W102/><G107/><T135/><D130/><U38/><E35/><V42/><F127/><W17/><G77/><T26/><D90/><U68/><E68/><V4/><F78/><W53/><G72/><T9/><D9/><U64/><E126/><V57/><F92/><W122/><G122/><T28/><REACH who="0" step="1"/><D135/><REACH who="0" ten="366,427,78,109" step="2"/><U60/><E111/><V48/><F48/><W11/><G11/><T106/><D106/><U125/><E125/><V30/><F12/><W13/><G13/><T112/><D112/><U132/><E132/><V118/><F118/><W109/><G109/><T39/><D39/><U66/><E38/><V45/><F45/><W95/><G46/><T108/><D108/><U119/><E47/><V25/><AGARI ba="1,2" hai="4,5,7,20,25,30,40,41,42,49,54,57,96,97" machi="25" ten="40,5200,0" yaku="0,1,8,1,52,1" doraHai="55" who="2" fromWho="2" sc="366,-14,427,-14,78,75,109,-27" owari="352,15.0,413,52.0,153,-25.0,82,-42.0" /></mjloggm>