<mjloggm ver="2.3"><GO type="225" lobby="0"/><UN n0="%E3%82%A6%E3%83%AB%E3%83%88%E3%83%A9%E7%AB%8B%E7%9B%B4" n1="%65%76%65%72%31%37%2A" n2="%E2%98%86%E9%BB%84%E7%80%AC%E3%82%84%E3%82%88%E3%81%84%E2%98%86" n3="%E9%B3%B3%E6%9D%B1%E3%81%AE%E5%A5%B3%E7%A5%9E" dan="17,16,16,17" rate="2158.14,2081.41,2131.26,2139.37" sx="M,M,F,F"/><TAIKYOKU oya="0"/><INIT seed="0,0,0,1,1,16" ten="250,250,250,250" oya="0" hai0="125,99,13,14,97,27,129,114,83,64,128,86,70" hai1="10,75,101,117,35,15,61,26,7,90,87,96,65" hai2="72,118,36,84,57,29,106,23,31,92,121,42,91" hai3="71,100,5,76,50,21,124,98,53,58,18,3,115"/><T33/><D114/><U47/><E75/><V38/><F121/><W111/><G115/><T78/><D64/><U112/><E117/><V113/><F113/><W22/><G71/><T123/><D70/><U77/><E112/><V132/><F132/><W30/><G111/><T8/><D123/><U1/><E77/><V32/><F32/><W110/><G110/><T135/><D135/><U45/><E1/><V49/><F106/><W4/><G124/><T51/><D51/><U62/><E26/><V19/><F72/><W119/><G119/><T55/><D55/><U109/><E109/><V103/><F103/><W60/><G76/><T88/><D125/><U46/><E65/><V59/><F118/><W66/><G30/><N who="2" m="11273" /><F36/><W116/><G116/><T11/><D27/><U54/><E54/><V73/><F38/><W41/><G41/><T122/><D33/><U12/><E12/><N who="0" m="4713" /><D122/><U0/><E0/><V82/><F73/><W37/><G37/><T44/><D44/><U56/><E56/><V80/><F57/><N who="3" m="32951" /><G3/><T94/><D99/><U52/><E35/><V40/><F59/><W133/><G133/><T93/><D93/><U20/><E47/><N who="2" m="25831" /><F42/><W105/><G105/><T131/><AGARI ba="0,0" hai="8,11,78,83,86,88,94,97,128,129,131" m="4713" machi="131" ten="40,3900,0" yaku="19,1,54,1" doraHai="16" who="0" fromWho="0" sc="250,39,250,-13,250,-13,250,-13" /><INIT seed="0,1,0,5,1,101" ten="289,237,237,237" oya="0" hai0="82,59,43,89,20,24,81,114,71,65,39,14,27" hai1="44,21,0,111,79,99,64,102,84,17,15,46,91" hai2="48,135,126,93,77,105,12,112,127,86,100,103,113" hai3="45,40,70,90,107,5,26,54,50,72,115,18,110"/><T31/><D71/><U60/><E111/><V58/><F12/><W94/><G115/><N who="2" m="44105" /><F48/><W33/><G72/><T22/><D43/><U34/><E79/><V117/><F58/><W29/><G70/><T57/><D39/><U55/><E34/><V68/><F68/><W9/><G110/><T104/><D89/><U42/><E55/><V51/><F51/><W124/><G124/><N who="2" m="47657" /><F135/><W95/><G18/><T38/><D14/><U56/><E42/><V120/><F120/><W133/><G133/><T66/><D38/><U16/><E0/><V132/><F132/><W53/><G107/><T67/><D104/><U96/><E17/><V28/><F28/><W4/><G4/><T69/><D114/><U11/><E11/><V75/><F117/><W8/><G9/><T36/><D36/><U7/><E7/><V106/><F75/><W98/><REACH who="3" step="1"/><G95/><REACH who="3" ten="289,237,237,227" step="2"/><T37/><D69/><U80/><REACH who="1" step="1"/><E99/><REACH who="1" ten="289,227,237,227" step="2"/><N who="2" m="59503" /><F103/><W13/><AGARI ba="1,2" hai="5,8,13,26,29,33,40,45,50,53,54,90,94,98" machi="13" ten="20,2700,0" yaku="1,1,0,1,7,1,53,0" doraHai="101" doraHaiUra="134" who="3" fromWho="3" sc="289,-14,227,-8,237,-8,227,50" /><INIT seed="1,0,0,3,1,47" ten="275,219,229,277" oya="1" hai0="12,121,49,27,96,102,79,7,41,4,69,22,18" hai1="23,106,127,1,38,111,8,2,90,93,61,84,45" hai2="87,70,122,89,10,118,43,80,51,88,75,99,85" hai3="71,91,65,66,126,82,74,130,6,5,100,13,97"/><U114/><E114/><V28/><F122/><W37/><G37/><T54/><D69/><U40/><E127/><V25/><F70/><W73/><G130/><T62/><D121/><U46/><E106/><V26/><F118/><W68/><G126/><T131/><D131/><U64/><E111/><V3/><F75/><W81/><G13/><T14/><D79/><U34/><E34/><V59/><F3/><W60/><G91/><T116/><D62/><U129/><E129/><V52/><F43/><W42/><G42/><T53/><D41/><U31/><E46/><V76/><F28/><W19/><G19/><N who="0" m="12767" /><D54/><U120/><E120/><V35/><F35/><W11/><G60/><T92/><D14/><U39/><E39/><V32/><F32/><W33/><G33/><T55/><D55/><U9/><E2/><V83/><F10/><W133/><G11/><N who="0" m="6431" /><D116/><U67/><E1/><V128/><F128/><W125/><G125/><T20/><D20/><U21/><E67/><V94/><AGARI ba="0,0" hai="25,26,51,52,59,76,80,83,85,87,88,89,94,99" machi="94" ten="30,8000,1" yaku="0,1,8,1,52,1,54,2" doraHai="47" who="2" fromWho="2" sc="275,-20,219,-40,229,80,277,-20" /><INIT seed="2,0,0,2,4,2" ten="255,179,309,257" oya="2" hai0="7,64,12,121,30,24,25,18,70,128,86,96,97" hai1="26,101,131,27,84,23,111,92,102,74,54,129,130" hai2="21,108,127,28,135,118,35,56,95,41,124,1,16" hai3="109,11,117,83,40,94,116,68,4,37,8,60,67"/><V10/><F118/><W36/><G109/><T34/><D121/><U49/><E74/><V98/><F108/><W19/><G19/><T100/><D128/><U31/><E111/><V69/><F69/><W110/><G110/><T81/><D25/><U134/><E134/><V107/><F107/><W0/><G94/><T115/><D115/><U99/><E84/><V106/><F106/><W52/><G36/><T14/><D14/><U71/><E27/><N who="2" m="18847" /><F41/><W29/><G29/><T57/><D57/><U73/><E73/><V103/><F56/><W42/><G40/><T76/><D100/><U87/><E87/><V120/><F120/><W85/><G11/><T77/><D77/><U59/><REACH who="1" step="1"/><E71/><REACH who="1" ten="255,169,309,257" step="2"/><V6/><F135/><W46/><G85/><T13/><D86/><U58/><E58/><V66/><F98/><W123/><G123/><T44/><D96/><U17/><E17/><V3/><F16/><W15/><G116/><T20/><D97/><U78/><E78/><V75/><F75/><W113/><G117/><T88/><D76/><U33/><E33/><V82/><F82/><W114/><G83/><T5/><D81/><U91/><AGARI ba="0,1" hai="23,26,31,49,54,59,91,92,99,101,102,129,130,131" machi="91" ten="30,4000,0" yaku="1,1,0,1,19,1,53,0" doraHai="2" doraHaiUra="61" who="1" fromWho="1" sc="255,-10,169,50,309,-20,257,-10" /><INIT seed="3,0,0,0,5,96" ten="245,219,289,247" oya="3" hai0="83,98,34,40,66,17,81,22,3,10,99,111,50" hai1="135,109,119,95,75,120,123,37,130,23,35,113,116" hai2="51,93,56,7,44,128,58,125,6,64,76,46,39" hai3="57,52,127,80,77,12,86,72,124,132,115,107,1"/><W48/><G115/><T121/><D34/><U43/><RYUUKYOKU type="yao9" ba="0,0" sc="245,0,219,0,289,0,247,0" hai1="23,35,37,43,75,95,109,113,116,119,120,123,130,135" /><INIT seed="3,1,0,4,1,66" ten="245,219,289,247" oya="3" hai0="50,44,75,28,127,69,18,123,93,14,82,83,13" hai1="89,53,125,55,37,88,43,67,31,71,132,70,15" hai2="110,33,48,61,35,68,76,1,29,8,78,114,120" hai3="62,9,121,6,92,3,39,87,102,81,98,85,126"/><W130/><G121/><T58/><D69/><U32/><E132/><V49/><F114/><W41/><G130/><T118/><D75/><U59/><E15/><V101/><F120/><W79/><G126/><T113/><D118/><U72/><E72/><V91/><F101/><W105/><G62/><T128/><D28/><U80/><E125/><V99/><F1/><W107/><G107/><T47/><D14/><U65/><E31/><V40/><F8/><W16/><G105/><T45/><D128/><U124/><E124/><V34/><F29/><W24/><G87/><T108/><D108/><U77/><E32/><V131/><F131/><W117/><G117/><T10/><D113/><U90/><E37/><V103/><F91/><W133/><G133/><T19/><D19/><U20/><E43/><V86/><F86/><W51/><G39/><T25/><D123/><U74/><E20/><V12/><F12/><W94/><G94/><T116/><D25/><U100/><E100/><V27/><F27/><W112/><G112/><T129/><D129/><U5/><E5/><V96/><F110/><W0/><G0/><T60/><D127/><U23/><E23/><V2/><F2/><W57/><G41/><N who="0" m="24847" /><D93/><U115/><E115/><V42/><F35/><W84/><G84/><T111/><D111/><U22/><E22/><V64/><F103/><W26/><G16/><T52/><D116/><U46/><E46/><AGARI ba="1,0" hai="10,13,18,45,46,47,52,58,60,82,83" m="24847" machi="46" ten="30,2000,0" yaku="8,1,54,1" doraHai="66" who="0" fromWho="1" sc="245,23,219,-23,289,0,247,0" /><INIT seed="4,0,0,4,1,86" ten="268,196,289,247" oya="0" hai0="21,43,41,8,16,26,85,69,72,65,5,99,38" hai1="50,25,128,0,91,87,111,61,62,42,2,67,66" hai2="103,17,56,116,122,83,130,133,93,71,98,24,58" hai3="78,4,20,125,89,14,123,44,11,95,32,55,108"/><T120/><D72/><U36/><E128/><V27/><F122/><W51/><G32/><T31/><D38/><U102/><E111/><V75/><F71/><W29/><G108/><T22/><D69/><U3/><E102/><V9/><F130/><W48/><G125/><T124/><D65/><U76/><E76/><V40/><F133/><W117/><G117/><T104/><D120/><U77/><E77/><V57/><F40/><W19/><G123/><T73/><D73/><U135/><E135/><V129/><F129/><W74/><G29/><T101/><D85/><U63/><E36/><V30/><F116/><W92/><G78/><T7/><D7/><U49/><E25/><N who="2" m="9803" /><F75/><W53/><G74/><T109/><D109/><U54/><E42/><V28/><F83/><W113/><G113/><T47/><D124/><U119/><E119/><V88/><F103/><W127/><G127/><T33/><D43/><U121/><E121/><V134/><F134/><W96/><G95/><T18/><D41/><U39/><E39/><V97/><F97/><W35/><G35/><T68/><D68/><U131/><E131/><V118/><F118/><W23/><REACH who="3" step="1"/><G4/><REACH who="3" ten="268,196,289,237" step="2"/><T60/><D31/><U115/><E115/><V132/><F132/><W90/><G90/><T46/><D5/><U114/><E114/><V6/><F6/><W80/><G80/><T94/><D94/><N who="1" m="54655" /><E54/><V70/><F70/><W107/><G107/><T13/><D104/><U59/><E67/><V105/><F105/><W126/><G126/><T15/><D33/><U110/><E110/><V82/><F82/><W37/><G37/><RYUUKYOKU ba="0,1" sc="268,-30,196,10,289,10,237,10" hai1="0,2,3,49,50,59,61,62,63,66" hai2="9,17,28,30,56,57,58,88,93,98" hai3="11,14,19,20,23,44,48,51,53,55,89,92,96" /><INIT seed="5,1,1,3,4,117" ten="238,206,299,247" oya="1" hai0="130,134,121,108,56,125,73,99,16,20,24,76,62" hai1="110,119,53,114,55,105,128,77,90,75,46,40,38" hai2="69,11,87,116,1,30,35,17,25,31,14,84,36" hai3="65,54,132,88,48,41,101,135,126,85,94,68,58"/><U52/><E119/><V57/><F69/><W51/><G126/><T102/><D108/><U50/><E105/><V98/><F36/><W120/><G120/><T2/><D2/><U9/><E128/><V81/><F116/><W106/><G68/><T123/><D130/><U3/><E114/><V64/><F98/><W44/><G65/><N who="0" m="39111" /><D76/><U92/><E110/><V78/><F31/><W15/><G15/><T42/><D42/><U61/><E61/><V86/><F1/><W43/><G101/><T112/><D73/><U104/><E104/><V133/><F133/><N who="3" m="51275" /><G106/><N who="0" m="63839" /><D134/><U71/><E71/><V122/><F122/><N who="0" m="46602" /><D125/><U21/><E21/><V109/><F109/><W45/><G41/><T33/><D33/><U100/><E100/><V91/><F78/><W96/><G43/><T95/><D95/><U72/><E77/><V97/><F97/><W10/><G96/><T111/><D111/><U66/><E38/><V5/><F35/><W89/><G94/><T4/><D4/><U67/><E75/><V127/><F5/><W47/><G89/><T129/><D129/><U29/><E72/><V13/><F127/><W80/><G88/><T22/><D22/><U118/><E118/><V59/><F91/><W131/><G131/><T8/><D8/><U93/><E90/><V113/><F11/><W18/><G10/><T32/><D32/><U103/><E9/><V74/><F74/><W34/><G34/><T60/><D60/><U49/><E3/><V82/><F82/><W83/><G80/><T39/><D39/><U12/><E93/><V115/><F81/><W26/><G83/><RYUUKYOKU ba="1,1" sc="238,30,206,-10,299,-10,247,-10" hai0="16,20,24,112" /><INIT seed="6,2,1,2,5,90" ten="268,196,289,237" oya="2" hai0="124,89,41,93,16,119,111,61,68,19,76,82,114" hai1="70,58,94,32,35,12,116,55,56,6,0,13,10" hai2="3,57,81,86,112,29,31,27,1,73,98,36,75" hai3="9,115,44,40,131,45,107,20,95,88,78,38,60"/><V14/><F36/><W50/><G107/><T17/><D111/><U7/><E70/><V130/><F3/><W108/><G108/><T77/><D41/><U21/><E116/><V23/><F1/><W134/><G134/><T39/><D39/><U30/><E58/><V8/><F31/><W91/><G131/><T126/><D114/><U5/><E56/><V52/><F112/><W65/><G115/><T63/><D119/><U101/><E55/><V109/><F109/><W67/><G78/><N who="0" m="30315" /><D82/><U47/><E47/><V133/><F98/><W54/><G91/><T69/><D69/><U66/><E94/><V125/><F130/><W15/><G20/><T106/><D106/><U18/><E101/><V135/><F125/><N who="0" m="48234" /><D68/><U132/><E66/><V37/><F37/><W123/><G60/><T62/><D62/><U43/><E43/><V25/><F133/><W118/><G123/><T128/><D128/><U24/><E132/><V72/><F135/><W2/><G118/><T96/><AGARI ba="2,1" hai="16,17,19,61,63,89,93,96" m="48234,30315" machi="96" ten="40,5200,0" yaku="18,1,52,1,54,1" doraHai="90" who="0" fromWho="0" sc="268,68,196,-15,289,-28,237,-15" owari="336,44.0,181,-32.0,261,6.0,222,-18.0" /></mjloggm>