<mjloggm ver="2.3"><GO type="169" lobby="0"/><UN n0="%79%6F%74%65%72%75" n1="%E3%81%9F%E3%81%8C%E3%82%84%E3%81%99" n2="%E5%85%AC%E5%8B%99%E5%93%A1%E3%81%8F%E3%82%93" n3="%E3%82%A6%E3%83%AB%E3%83%88%E3%83%A9%E7%AB%8B%E7%9B%B4" dan="17,17,16,17" rate="2168.92,2147.63,2085.73,2148.44" sx="M,M,F,M"/><TAIKYOKU oya="0"/><INIT seed="0,0,0,3,4,64" ten="250,250,250,250" oya="0" hai0="101,15,82,59,73,83,95,131,133,112,93,36,118" hai1="90,70,42,44,61,1,65,41,58,25,21,29,13" hai2="75,47,28,5,113,98,69,34,79,33,102,27,123" hai3="132,109,30,111,114,48,46,53,63,120,126,11,56"/><T8/><D118/><U3/><E41/><V22/><F123/><W80/><G114/><T24/><D112/><U135/><E135/><V76/><F113/><W10/><G132/><T18/><D133/><U32/><E90/><V130/><F130/><W127/><G30/><T62/><D131/><U78/><E78/><V9/><F69/><W119/><G80/><N who="0" m="30763" /><D36/><U107/><E58/><V19/><F47/><W81/><G81/><T66/><D73/><U134/><E134/><V100/><F75/><W57/><G119/><T117/><D117/><U2/><E13/><N who="2" m="9583" /><F34/><W77/><G77/><N who="2" m="29769" /><F98/><W50/><G120/><T105/><D105/><U31/><E31/><V20/><F20/><W110/><G10/><T122/><D122/><U52/><E21/><V89/><F89/><W35/><G11/><T14/><D24/><U96/><E52/><V121/><F121/><W4/><G35/><T49/><D101/><N who="1" m="62887" /><E1/><AGARI ba="0,0" hai="1,5,9,27,28,33,100,102" m="29769,9583" machi="1" ten="30,1000,0" yaku="24,1" doraHai="64" who="2" fromWho="1" sc="250,0,250,-10,250,10,250,0" /><INIT seed="1,0,0,0,4,89" ten="250,240,260,250" oya="1" hai0="58,78,112,30,38,88,1,45,61,24,122,75,22" hai1="37,120,11,31,32,47,2,20,91,135,95,96,18" hai2="28,130,7,44,15,118,9,119,109,26,43,81,133" hai3="17,76,66,87,116,97,0,128,14,103,108,29,51"/><U36/><E47/><V98/><F109/><W105/><G0/><T68/><D112/><U99/><E120/><V134/><F130/><W115/><G115/><T113/><D113/><U46/><E135/><N who="2" m="51723" /><F81/><W25/><G116/><T35/><D122/><U10/><E31/><V5/><F98/><W121/><G121/><T33/><D68/><U125/><E32/><N who="2" m="20503" /><F5/><W57/><G108/><T73/><D1/><U106/><E125/><V4/><F4/><W117/><G117/><T41/><D75/><U19/><E2/><V72/><F72/><W85/><G128/><T104/><D104/><U8/><E46/><V42/><F42/><W16/><G76/><T6/><D6/><U55/><E55/><V23/><F23/><W63/><G51/><AGARI ba="0,0" hai="7,9,15,43,44,51,118,119" m="20503,51723" machi="51" ten="30,1000,0" yaku="20,1" doraHai="89" who="2" fromWho="3" sc="250,0,240,0,260,10,250,-10" /><INIT seed="2,0,0,2,0,8" ten="250,240,270,240" oya="2" hai0="128,23,15,13,44,80,66,75,41,123,4,65,9" hai1="83,21,79,114,95,117,127,51,27,111,116,20,133" hai2="18,94,118,71,16,132,33,96,126,14,12,107,103" hai3="24,50,69,91,106,72,49,85,70,90,87,22,82"/><V84/><F118/><W47/><G106/><T58/><D123/><U125/><E51/><V5/><F33/><W93/><G72/><T60/><D128/><U59/><E59/><V53/><F71/><W1/><G1/><T92/><D92/><U7/><E83/><V108/><F126/><W112/><G112/><T57/><D75/><U124/><E95/><N who="2" m="58783" /><F132/><W31/><REACH who="3" step="1"/><G50/><REACH who="3" ten="250,240,270,230" step="2"/><N who="0" m="26895" /><D80/><U11/><E79/><V40/><F107/><W73/><G73/><T134/><D134/><U48/><E48/><V76/><F108/><W63/><G63/><T38/><D38/><U100/><E133/><V121/><F121/><W129/><G129/><T61/><D61/><U37/><E37/><V115/><F115/><W17/><G17/><N who="0" m="10687" /><D58/><U25/><E100/><V52/><F18/><W19/><G19/><T36/><D36/><U10/><E114/><V0/><F16/><W78/><G78/><T99/><D99/><U26/><E111/><V39/><F76/><W45/><G45/><T102/><D102/><U29/><E29/><V64/><F0/><W2/><G2/><T35/><D35/><U120/><E120/><V135/><F39/><W55/><AGARI ba="0,1" hai="22,24,31,47,49,55,69,70,82,85,87,90,91,93" machi="55" ten="20,8000,1" yaku="1,1,0,1,7,1,53,2" doraHai="8" doraHaiUra="67" who="3" fromWho="3" sc="250,-20,240,-20,270,-40,230,90" /><INIT seed="3,0,0,1,0,52" ten="230,220,230,320" oya="3" hai0="123,61,14,38,125,67,126,90,60,39,57,102,82" hai1="119,7,124,75,120,32,6,103,44,46,92,17,104" hai2="62,91,5,108,79,68,49,113,96,31,47,109,72" hai3="133,127,128,66,27,129,69,78,15,16,4,19,111"/><W73/><G73/><T65/><D102/><U100/><E92/><N who="2" m="56351" /><F113/><W50/><G69/><N who="0" m="42151" /><D14/><U48/><E48/><V86/><F72/><W115/><G78/><T40/><D90/><U20/><E75/><V85/><F79/><W118/><G115/><T107/><D82/><U130/><E32/><V28/><F5/><W24/><G15/><T83/><D83/><U80/><E120/><V35/><F68/><W1/><G4/><T101/><D101/><U93/><E104/><V55/><F62/><W21/><G1/><T58/><D107/><U45/><E119/><V26/><F31/><W110/><G118/><T81/><D81/><U70/><E70/><V132/><F132/><W105/><G133/><T11/><D11/><U74/><E74/><V98/><F98/><W106/><G21/><T37/><D123/><U56/><E80/><V77/><F77/><W13/><G13/><T30/><D30/><U25/><E103/><V36/><F36/><N who="0" m="13930" /><D58/><U135/><E135/><V112/><F112/><W95/><G95/><T51/><D39/><U88/><E100/><V10/><F10/><W94/><G94/><T34/><D34/><U99/><E6/><V134/><F134/><W121/><G121/><T18/><D18/><U122/><E7/><V12/><F12/><W42/><G16/><T97/><D97/><U114/><E122/><V76/><F76/><W54/><G19/><T33/><D33/><U22/><E114/><V0/><F0/><W2/><G2/><T53/><D40/><U41/><E41/><V116/><F116/><W23/><G42/><T59/><AGARI ba="0,0" hai="51,53,57,59,61,67,125,126" m="13930,42151" machi="59" ten="30,8000,1" yaku="5,1,34,2,52,2" doraHai="52" who="0" fromWho="0" sc="230,80,220,-20,230,-20,320,-40" /><INIT seed="4,0,0,3,5,45" ten="310,200,210,280" oya="0" hai0="128,8,81,109,12,72,5,23,17,39,31,19,36" hai1="122,55,98,1,110,75,3,88,57,66,53,89,86" hai2="101,103,120,0,10,50,56,60,22,13,97,47,100" hai3="2,43,96,63,94,80,65,85,73,16,111,115,38"/><T70/><D70/><U27/><E75/><V112/><F112/><W116/><G111/><T33/><D109/><U132/><E110/><V6/><F120/><W91/><G2/><N who="0" m="55" /><D128/><U67/><E122/><V30/><F0/><W126/><G115/><T102/><D102/><U52/><E1/><V11/><F30/><W25/><G116/><T133/><D133/><U106/><E3/><V118/><F118/><W125/><G73/><T40/><D40/><U76/><E106/><V117/><F117/><W49/><G38/><T69/><D69/><U104/><E104/><V18/><F97/><W41/><G49/><T134/><D19/><U24/><E132/><V59/><F6/><W15/><G41/><T135/><D135/><U108/><E108/><V44/><F44/><W83/><G43/><T34/><D34/><U113/><E113/><V71/><F71/><W130/><G130/><T79/><D134/><U54/><E76/><V9/><REACH who="2" step="1"/><F60/><REACH who="2" ten="310,200,200,280" step="2"/><W84/><G63/><T87/><D31/><U105/><E105/><V129/><F129/><W90/><G96/><T28/><D28/><U14/><E98/><V124/><F124/><W61/><G125/><T32/><D33/><U93/><E14/><V26/><F26/><N who="1" m="9769" /><E89/><V48/><F48/><AGARI ba="0,1" hai="48,52,53,54,55,57,66,67,86,88,93" m="9769" machi="48" ten="30,7700,0" yaku="8,1,52,1,54,2" doraHai="45" who="1" fromWho="2" sc="310,0,200,87,200,-77,280,0" /><INIT seed="5,0,0,4,0,17" ten="310,287,123,280" oya="1" hai0="105,71,100,80,33,18,82,40,61,134,37,4,11" hai1="49,8,87,110,135,45,96,35,111,109,73,69,112" hai2="19,103,53,51,79,44,118,98,114,34,64,92,0" hai3="77,23,59,84,7,74,32,9,60,129,127,75,89"/><U52/><E73/><V132/><F118/><W2/><G32/><T29/><D18/><U28/><E69/><V30/><F132/><W99/><G127/><T13/><D37/><U41/><E112/><V48/><F114/><W42/><G129/><T66/><D40/><U120/><E120/><V25/><F0/><W130/><G130/><T24/><REACH who="0" step="1"/><D134/><REACH who="0" ten="300,287,123,280" step="2"/><U10/><E135/><V26/><F79/><W125/><G42/><T116/><D116/><U88/><E96/><AGARI ba="0,1" hai="4,11,13,24,29,33,61,66,71,80,82,96,100,105" machi="96" ten="40,8000,1" yaku="1,1,25,2,53,2" doraHai="17" doraHaiUra="76" who="0" fromWho="1" sc="300,90,287,-80,123,0,280,0" /><INIT seed="6,0,0,1,0,0" ten="390,207,123,280" oya="2" hai0="115,131,16,67,98,90,47,75,11,15,39,110,122" hai1="2,125,48,88,37,65,62,41,69,38,134,13,7" hai2="61,81,44,118,72,40,6,10,31,103,89,14,74" hai3="117,53,18,102,99,19,80,33,51,26,12,32,112"/><V119/><F103/><W34/><G117/><T94/><D110/><U130/><E2/><V73/><F31/><W116/><G116/><T83/><D122/><U127/><E48/><V49/><REACH who="2" step="1"/><F61/><REACH who="2" ten="390,207,113,280" step="2"/><W56/><G102/><T9/><D115/><U4/><E130/><V43/><F43/><W59/><G112/><T5/><D131/><U135/><E41/><V120/><F120/><W3/><G33/><T100/><D100/><U52/><E52/><V105/><F105/><W97/><G32/><T17/><D67/><U45/><E45/><V133/><F133/><N who="1" m="50697" /><E37/><V109/><F109/><W29/><G34/><T108/><D108/><U107/><E38/><V50/><F50/><W93/><G29/><T8/><D47/><U63/><E107/><V24/><F24/><W123/><G26/><T22/><D39/><U101/><E101/><V129/><F129/><W124/><G51/><T57/><D57/><U128/><E63/><V82/><F82/><W91/><G123/><T104/><D104/><U111/><E111/><V78/><F78/><W106/><G80/><T36/><D36/><U30/><E30/><V28/><F28/><W1/><G106/><T132/><D132/><U113/><E128/><V55/><F55/><W60/><G53/><T66/><D66/><U126/><E113/><V42/><F42/><W27/><G59/><T86/><D83/><U79/><E79/><V95/><F95/><N who="3" m="56575" /><G56/><T121/><D121/><U87/><E13/><V77/><F77/><W20/><G60/><T96/><D94/><AGARI ba="0,1" hai="4,7,62,65,69,87,88,94,125,126,127" m="50697" machi="94" ten="40,8000,1" yaku="18,1,20,1,52,2,54,1" doraHai="0" who="1" fromWho="0" sc="390,-80,207,90,113,0,280,0" /><INIT seed="7,0,0,1,1,37" ten="310,297,113,280" oya="3" hai0="79,60,115,36,85,16,50,38,55,32,64,111,65" hai1="5,10,56,4,84,80,29,129,98,9,35,104,108" hai2="97,27,105,120,31,130,134,25,70,6,47,117,23" hai3="8,11,90,96,113,59,22,114,92,118,40,119,86"/><W2/><G22/><T101/><D111/><U17/><E104/><V52/><F117/><N who="3" m="44555" /><G59/><N who="0" m="33271" /><D36/><U74/><E74/><V62/><F120/><W41/><G96/><T51/><D32/><U28/><E35/><V103/><F130/><W69/><G69/><T133/><D38/><U18/><E98/><V72/><F134/><W53/><G53/><T46/><D115/><N who="3" m="44041" /><G11/><N who="1" m="4106" /><E56/><V110/><F110/><W71/><G71/><T94/><D60/><U100/><E100/><V43/><F72/><W82/><G82/><N who="0" m="47327" /><D133/><U57/><E57/><V89/><F6/><AGARI ba="0,0" hai="2,6,8,40,41,86,90,92" m="44041,44555" machi="6" ten="30,5800,0" yaku="15,1,52,2" doraHai="37" who="3" fromWho="2" sc="310,0,297,0,113,-58,280,58" owari="310,11.0,297,-10.0,55,-44.0,338,43.0" /></mjloggm>