<mjloggm ver="2.3"><GO type="233" lobby="0"/><UN n0="%E3%82%A6%E3%83%AB%E3%83%88%E3%83%A9%E7%AB%8B%E7%9B%B4" n1="%74%61%6B%75%61%6B%61" n2="%65%69%6B%31" n3="%72%79%6F%E2%80%A6%31%35" dan="18,18,17,16" rate="2246.09,2195.08,2138.61,2123.73" sx="M,M,M,M"/><TAIKYOKU oya="0"/><INIT seed="0,0,0,4,4,29" ten="250,250,250,250" oya="0" hai0="86,35,59,80,54,25,45,34,46,41,76,102,85" hai1="96,30,43,60,49,3,71,32,28,98,2,33,62" hai2="107,78,109,14,83,99,37,18,27,123,47,53,56" hai3="19,21,5,94,8,58,69,4,36,1,68,75,135"/><T63/><D102/><U72/><E49/><V95/><F123/><W116/><G116/><T122/><D122/><U42/><E72/><V90/><F109/><W64/><G75/><T111/><D111/><U52/><E52/><V31/><F107/><W15/><G36/><T6/><D6/><U55/><E55/><V13/><F37/><W39/><G39/><T112/><D112/><U121/><E121/><V9/><F14/><W22/><G4/><T101/><D101/><U113/><REACH who="1" step="1"/><E71/><REACH who="1" ten="250,240,250,250" step="2"/><V117/><F53/><W133/><G69/><T120/><D120/><U105/><E105/><V51/><F51/><W103/><G68/><T17/><D41/><U66/><E66/><V134/><F56/><W106/><G106/><T16/><D46/><U70/><E70/><V20/><F47/><W91/><G64/><T108/><D45/><U7/><E7/><V44/><F44/><W100/><G58/><T82/><D108/><U130/><E130/><V40/><F40/><W23/><G135/><T11/><D11/><U12/><E12/><V50/><F134/><W73/><G133/><T104/><D104/><U132/><E132/><V131/><F131/><W10/><G73/><T124/><D124/><U89/><E89/><V119/><F50/><W114/><G114/><AGARI ba="0,1" hai="2,3,28,30,32,33,42,43,60,62,96,98,113,114" machi="114" ten="25,8000,1" yaku="1,1,22,2,52,2,53,0" doraHai="29" doraHaiUra="126" who="1" fromWho="3" sc="250,0,240,90,250,0,250,-80" /><INIT seed="1,0,0,5,3,118" ten="250,330,250,170" oya="1" hai0="55,106,59,23,51,111,46,90,75,73,38,11,27" hai1="109,68,115,37,7,119,20,31,117,50,81,43,69" hai2="19,113,71,32,61,5,103,14,80,72,89,29,88" hai3="79,13,57,58,125,30,93,132,105,110,28,49,83"/><U91/><E115/><V130/><F5/><W17/><G105/><T127/><D106/><U85/><E37/><V134/><F103/><W41/><G110/><T4/><D111/><U22/><E109/><V74/><F113/><W94/><G132/><T63/><D38/><U21/><E31/><V121/><F134/><W25/><G125/><T26/><D90/><U70/><REACH who="1" step="1"/><E7/><REACH who="1" ten="250,320,250,170" step="2"/><V0/><F29/><W6/><G6/><T78/><D127/><U131/><E131/><V53/><F130/><W16/><G28/><T2/><D4/><U76/><E76/><V34/><F32/><W44/><G30/><T18/><D78/><U66/><E66/><V97/><F34/><W87/><G17/><T104/><D18/><U1/><E1/><V77/><F0/><W96/><G25/><T8/><D2/><U33/><E33/><V56/><F19/><W82/><G16/><T24/><D27/><U60/><E60/><V100/><F77/><W35/><G35/><T128/><D26/><U36/><E36/><V48/><F61/><W45/><G13/><T3/><D128/><U120/><E120/><V102/><F121/><W10/><G79/><T42/><D3/><U84/><E84/><N who="2" m="50183" /><F14/><W40/><G87/><T54/><D63/><U39/><E39/><V107/><F74/><W65/><G65/><T95/><D75/><U67/><E67/><V47/><F72/><W135/><G135/><T133/><D73/><U86/><E86/><V124/><F124/><W98/><G10/><T12/><D8/><U126/><E126/><V112/><F112/><W52/><G49/><RYUUKYOKU ba="0,1" sc="250,-15,320,15,250,-15,170,15" hai1="20,21,22,43,50,68,69,70,81,85,91,117,119" hai3="40,41,44,45,52,57,58,82,83,93,94,96,98" /><INIT seed="1,1,1,4,2,75" ten="235,335,235,185" oya="1" hai0="121,31,17,119,53,11,6,73,90,50,48,120,115" hai1="52,122,80,83,35,39,86,111,135,78,63,22,28" hai2="2,89,62,45,34,130,65,26,55,131,112,41,88" hai3="100,66,69,85,12,117,40,13,0,125,92,37,134"/><U91/><E122/><N who="0" m="47209" /><D73/><U95/><E35/><V15/><F2/><W19/><G117/><T42/><D31/><U133/><E39/><V58/><F112/><W14/><G0/><T71/><D71/><U9/><E111/><V36/><F15/><W79/><G134/><N who="1" m="51210" /><E9/><V30/><REACH who="2" step="1"/><F65/><REACH who="2" ten="235,335,225,185" step="2"/><W1/><G12/><T104/><D115/><U116/><E116/><V49/><F49/><W10/><G13/><T76/><D50/><U44/><E63/><V59/><F59/><W56/><G1/><T132/><D48/><N who="1" m="28679" /><E78/><V84/><F84/><W18/><G85/><T43/><D76/><U7/><E7/><V124/><F124/><W25/><G79/><T82/><D6/><U29/><E29/><V21/><F21/><W81/><G125/><T93/><D132/><U109/><E109/><V8/><F8/><W64/><G10/><T118/><D11/><U102/><E102/><V127/><F127/><W16/><G100/><T54/><D119/><U107/><E107/><V96/><F96/><W74/><G74/><T99/><D104/><U61/><E61/><V20/><F20/><W67/><G66/><T105/><D105/><U32/><E22/><V123/><F123/><W47/><G67/><T4/><D4/><U77/><E77/><V103/><F103/><W3/><G3/><T87/><D118/><U68/><E68/><V128/><AGARI ba="1,2" hai="26,30,34,36,41,45,55,58,62,88,89,128,130,131" machi="128" ten="30,7900,0" yaku="1,1,0,1,19,1,54,1,53,0" doraHai="75" doraHaiUra="101" who="2" fromWho="2" sc="235,-21,335,-40,225,102,185,-21" /><INIT seed="2,0,0,2,3,19" ten="214,295,327,164" oya="2" hai0="8,50,108,16,18,134,11,47,58,39,36,5,26" hai1="100,89,87,68,42,83,104,3,45,112,32,110,61" hai2="34,10,63,130,99,15,96,90,120,70,117,13,2" hai3="114,129,60,86,126,109,44,78,72,56,132,118,127"/><V53/><F117/><W91/><G118/><T0/><D108/><U29/><E112/><V128/><F120/><W115/><G109/><T7/><D58/><U125/><E3/><V73/><F34/><W28/><G28/><T133/><D50/><U49/><E125/><N who="3" m="47626" /><G44/><T123/><D123/><U119/><E119/><V113/><F73/><W80/><G60/><T101/><D101/><U85/><E89/><V74/><F74/><W88/><G56/><T97/><D97/><N who="1" m="61455" /><E83/><V116/><F113/><N who="3" m="43019" /><G129/><T31/><D47/><U9/><E9/><V67/><F116/><W20/><G20/><N who="0" m="15815" /><D39/><U24/><E110/><V40/><F130/><W75/><G132/><N who="0" m="50795" /><D36/><U6/><E6/><V46/><F128/><W98/><G75/><T135/><N who="0" m="50803" /><T27/><DORA hai="38" /><D27/><U69/><E69/><V111/><F111/><W93/><G72/><T52/><D52/><U92/><E92/><V48/><F53/><W82/><G80/><T102/><D102/><AGARI ba="0,0" hai="78,82,86,88,91,93,98,102" m="43019,47626" machi="102" ten="30,8000,1" yaku="18,1,11,1,34,2,54,1" doraHai="19,38" who="3" fromWho="0" sc="214,-80,295,0,327,0,164,80" /><INIT seed="3,0,0,1,3,114" ten="134,295,327,244" oya="3" hai0="102,22,57,29,10,95,65,8,31,42,128,6,16" hai1="27,81,91,60,100,75,123,109,9,43,33,129,17" hai2="135,133,107,30,41,63,11,59,89,58,26,14,105" hai3="110,18,112,132,35,131,115,61,13,101,53,96,23"/><W79/><G35/><T130/><D42/><U73/><E123/><V83/><F41/><W69/><G131/><N who="0" m="50219" /><D57/><U118/><E43/><V119/><F119/><W48/><G132/><N who="2" m="50761" /><F89/><W28/><G28/><N who="0" m="10827" /><D65/><U46/><E100/><V86/><F86/><W103/><G79/><T93/><D102/><U1/><E60/><V7/><F83/><W40/><G103/><T77/><D77/><U111/><E33/><N who="2" m="20695" /><F59/><W44/><G40/><T127/><D127/><U66/><E27/><V90/><F90/><W84/><G84/><T108/><D108/><U126/><E91/><V134/><F134/><W82/><G110/><T39/><D39/><U0/><E81/><V87/><F87/><W25/><G82/><T15/><D10/><U124/><E9/><V2/><F58/><W121/><G112/><T24/><AGARI ba="0,0" hai="6,8,15,16,22,24,93,95" m="10827,50219" machi="24" ten="30,2000,0" yaku="19,1,54,1" doraHai="114" who="0" fromWho="0" sc="134,20,295,-5,327,-5,244,-10" /><INIT seed="4,0,0,4,1,16" ten="154,290,322,234" oya="0" hai0="60,45,118,114,94,70,43,28,120,17,89,5,39" hai1="104,119,133,99,98,69,91,1,13,127,88,66,75" hai2="46,113,97,73,7,117,80,55,30,48,26,110,102" hai3="128,109,122,71,32,81,44,83,18,87,6,34,135"/><T42/><D120/><U121/><E1/><V132/><F110/><W49/><G71/><T124/><D118/><U37/><E37/><V54/><F117/><W9/><G109/><T78/><D124/><U82/><E69/><V40/><F113/><W74/><G122/><T126/><D126/><U41/><E66/><V84/><F73/><W36/><G128/><T10/><D114/><U90/><E41/><V56/><F7/><W68/><G68/><T23/><D78/><N who="1" m="44383" /><E13/><V2/><F132/><W38/><G18/><T108/><D108/><U57/><E57/><V93/><F2/><W77/><G36/><T112/><D112/><U107/><E127/><V125/><F56/><W15/><G135/><T100/><D100/><N who="1" m="62487" /><E133/><V58/><F58/><W67/><G67/><T47/><D28/><U96/><E121/><V59/><F59/><W33/><G38/><T31/><D31/><U105/><E119/><V11/><F11/><W0/><G0/><T116/><D116/><U50/><E50/><V25/><F125/><W27/><G34/><T51/><D10/><U29/><E29/><V22/><REACH who="2" step="1"/><F26/><REACH who="2" ten="154,290,312,234" step="2"/><W3/><G27/><N who="0" m="14831" /><D5/><U65/><E65/><V12/><F12/><W4/><G4/><T79/><D70/><U85/><E85/><V72/><F72/><W35/><G3/><T8/><D8/><U134/><E134/><V115/><F115/><W53/><G74/><T52/><D60/><U106/><AGARI ba="0,1" hai="88,90,91,96,99,105,106,107" m="62487,44383" machi="106" ten="40,12000,2" yaku="35,5,54,1" doraHai="16" who="1" fromWho="1" sc="154,-60,290,130,312,-30,234,-30" /><INIT seed="5,0,0,5,3,62" ten="94,420,282,204" oya="1" hai0="80,3,114,94,63,60,100,52,104,55,133,47,103" hai1="68,19,75,4,32,87,21,134,46,120,51,1,82" hai2="56,109,49,99,72,84,14,0,113,29,101,26,42" hai3="95,66,48,16,53,41,107,70,97,18,28,90,121"/><U116/><E120/><V57/><F72/><W132/><G121/><T11/><D104/><U131/><E75/><V5/><F0/><W23/><G107/><T86/><D114/><U102/><E68/><V112/><F109/><W13/><G132/><T88/><D133/><U9/><E32/><V54/><F42/><W126/><G126/><T20/><D3/><U37/><E37/><V105/><F84/><W129/><G129/><T73/><D11/><U111/><E111/><V38/><F38/><W115/><G115/><N who="2" m="44105" /><F14/><W30/><G41/><T43/><D73/><U119/><E131/><V12/><F12/><W98/><G18/><T17/><D43/><U123/><E102/><N who="0" m="38953" /><D80/><U58/><E123/><V93/><F5/><W77/><G77/><T108/><D108/><U74/><E74/><V40/><F40/><W2/><G2/><T59/><D47/><U34/><E1/><V128/><F128/><W127/><G127/><T124/><D124/><U91/><E4/><V6/><F6/><W130/><G130/><T69/><D69/><U27/><E46/><N who="2" m="27959" /><F105/><W117/><G117/><T76/><D76/><U92/><E116/><V79/><F79/><W25/><G13/><N who="0" m="9263" /><D63/><U96/><E119/><V125/><F125/><W85/><G48/><T78/><D78/><N who="1" m="46551" /><E134/><V33/><AGARI ba="0,0" hai="26,29,33,56,57,93,99,101" m="27959,44105" machi="33" ten="30,2000,0" yaku="15,1,11,1" doraHai="62" who="2" fromWho="2" sc="94,-5,420,-10,282,20,204,-5" /><INIT seed="6,0,0,5,5,80" ten="89,410,302,199" oya="2" hai0="110,85,107,106,117,28,1,130,18,132,128,100,5" hai1="16,81,102,17,87,10,94,57,61,29,71,37,27" hai2="101,84,62,51,49,124,120,30,14,119,48,4,42" hai3="67,103,53,75,95,38,12,98,113,15,96,7,26"/><V64/><F119/><W99/><G75/><T43/><D28/><U11/><E37/><V127/><F120/><W52/><G38/><T72/><D5/><U70/><E71/><V39/><F101/><W36/><G36/><T60/><D1/><U25/><E70/><V111/><F111/><W50/><G113/><T32/><D32/><U58/><E94/><V2/><F2/><W91/><G67/><T55/><D72/><U92/><E92/><V24/><F14/><W105/><G26/><N who="1" m="9738" /><E29/><V135/><F4/><W22/><G12/><T54/><D18/><N who="1" m="7275" /><E102/><V0/><F0/><W123/><G123/><T63/><D100/><U86/><E86/><V109/><F109/><W118/><G118/><T89/><D117/><U104/><E104/><V9/><F84/><W47/><G105/><T69/><D69/><U74/><E74/><V122/><F122/><W45/><G103/><T134/><D89/><N who="1" m="51439" /><E58/><V93/><F93/><W41/><G7/><T114/><D85/><U82/><E82/><V83/><F83/><W31/><G31/><T13/><D13/><U34/><E34/><V88/><F24/><W108/><G15/><T126/><D43/><U79/><E79/><V8/><F42/><W97/><G108/><T6/><D6/><U125/><E125/><V78/><F78/><W76/><G76/><T35/><D35/><U115/><E115/><V65/><F127/><W121/><G41/><T116/><D110/><U46/><E46/><V19/><F124/><W133/><G121/><T129/><D126/><U21/><E21/><V3/><F30/><W73/><G22/><RYUUKYOKU ba="0,0" sc="89,-10,410,30,302,-10,199,-10" hai1="10,11,57,61" /><INIT seed="7,1,0,1,5,6" ten="79,440,292,189" oya="3" hai0="125,109,3,27,4,89,14,41,71,9,0,83,61" hai1="91,39,82,99,66,85,103,46,16,78,22,79,25" hai2="31,20,115,114,98,132,122,12,62,118,129,108,72" hai3="8,119,63,40,92,52,56,47,87,102,50,38,131"/><W13/><G119/><T127/><D41/><U93/><E39/><V101/><F108/><W18/><G131/><T65/><D83/><U80/><E66/><V100/><F118/><W110/><G110/><T36/><D36/><U10/><E46/><V81/><F129/><W42/><G38/><T130/><D130/><U75/><REACH who="1" step="1"/><E10/><REACH who="1" ten="79,430,292,189" step="2"/><V73/><F115/><W33/><G33/><T34/><D109/><U123/><E123/><V69/><F62/><W126/><G126/><T133/><D133/><U90/><AGARI ba="1,1" hai="16,22,25,75,78,79,80,82,85,90,91,93,99,103" machi="90" ten="30,4000,0" yaku="1,1,0,1,54,1,53,0" doraHai="6" doraHaiUra="30" who="1" fromWho="1" sc="79,-11,430,53,292,-11,189,-21" owari="68,-43.0,483,58.0,281,8.0,168,-23.0" /></mjloggm>