<mjloggm ver="2.3"><GO type="169" lobby="0"/><UN n0="%E3%82%A6%E3%83%AB%E3%83%88%E3%83%A9%E7%AB%8B%E7%9B%B4" n1="%E3%81%A1%E3%82%8A%E3%82%81%E3%82%93%E3%81%98%E3%82%83%E3%81%93" n2="%E5%B0%8F%E9%98%AA%E3%81%A1%E3%81%B2%E3%82%8D" n3="%EF%BC%A0%E3%81%8F%E3%82%8D%E3%81%AD%E3%81%93%E3%81%A9%E3%83%BC%EF%BC%A0" dan="18,16,17,16" rate="2193.91,2081.10,2193.73,2123.49" sx="M,M,F,M"/><TAIKYOKU oya="0"/><INIT seed="0,0,0,2,0,117" ten="250,250,250,250" oya="0" hai0="92,34,15,24,66,0,99,130,90,78,122,45,58" hai1="134,31,10,109,32,48,17,4,71,1,91,107,8" hai2="103,111,75,46,38,57,68,98,6,21,16,135,87" hai3="125,86,79,9,5,85,74,95,124,41,102,110,83"/><T11/><D130/><U25/><E107/><V33/><F68/><W13/><G110/><T60/><D0/><U72/><E71/><V59/><F75/><W88/><G102/><T93/><D78/><U22/><E109/><V56/><F111/><W50/><REACH who="3" step="1"/><G74/><REACH who="3" ten="250,250,250,240" step="2"/><T112/><D112/><U7/><E72/><V18/><F103/><W40/><G40/><T105/><D105/><U62/><E134/><V14/><F135/><W123/><G123/><T67/><D122/><U106/><E106/><V129/><F129/><W27/><G27/><T44/><D67/><U19/><E25/><V132/><F132/><W128/><G128/><T84/><D24/><U108/><E108/><V114/><F114/><W61/><G61/><T39/><D34/><U77/><E62/><V55/><F33/><W96/><G96/><T3/><D3/><U119/><E32/><V120/><F120/><W82/><G82/><T113/><D113/><U23/><E1/><V76/><F55/><W70/><G70/><T65/><D65/><U101/><E101/><V47/><F59/><W28/><G28/><T89/><REACH who="0" step="1"/><D39/><REACH who="0" ten="240,250,250,240" step="2"/><U115/><E115/><V121/><F38/><W49/><G49/><T116/><D116/><U118/><E48/><V12/><F121/><W42/><G42/><T36/><D36/><U52/><E119/><V20/><F12/><W80/><G80/><T104/><D104/><U131/><E118/><V133/><F14/><W81/><G81/><T2/><D2/><U126/><E131/><V43/><F133/><W53/><G53/><T26/><D26/><U127/><E52/><RYUUKYOKU ba="0,2" sc="240,15,250,-15,250,-15,240,15" hai0="11,15,44,45,58,60,66,84,89,90,92,93,99" hai3="5,9,13,41,50,79,83,85,86,88,95,124,125" /><INIT seed="0,1,2,1,4,97" ten="255,235,235,255" oya="0" hai0="95,33,102,8,11,113,123,133,61,49,126,76,78" hai1="90,25,54,26,47,27,41,7,98,23,4,63,93" hai2="0,10,58,18,108,73,106,125,77,81,31,109,110" hai3="9,132,72,44,20,34,89,12,36,112,21,43,62"/><T53/><D33/><U55/><E23/><V3/><F106/><W100/><G112/><T28/><D113/><U87/><E87/><V99/><F125/><W118/><G118/><T57/><D123/><U6/><REACH who="1" step="1"/><E63/><REACH who="1" ten="255,225,235,255" step="2"/><V56/><F109/><W124/><G62/><T119/><D126/><U16/><E16/><V83/><F18/><W30/><G20/><T66/><D28/><U67/><E67/><V64/><F31/><W105/><G21/><T134/><D119/><U120/><E120/><V117/><F64/><W85/><G85/><T13/><D11/><U92/><E92/><V32/><F10/><W15/><G124/><T107/><D95/><U2/><E2/><V130/><F0/><W35/><G35/><T75/><D66/><U48/><AGARI ba="1,3" hai="4,6,7,25,26,27,41,47,48,54,55,90,93,98" machi="48" ten="30,7900,0" yaku="1,1,0,1,8,1,53,1" doraHai="97" doraHaiUra="42" who="1" fromWho="1" sc="255,-40,225,112,235,-21,255,-21" /><INIT seed="1,0,0,4,5,67" ten="215,337,214,234" oya="1" hai0="20,65,81,66,112,25,74,107,85,72,95,44,132" hai1="71,87,22,30,24,117,68,0,8,118,43,36,50" hai2="99,42,130,64,55,109,94,33,57,97,39,129,21" hai3="96,69,113,29,62,75,105,56,18,26,60,1,59"/><U106/><E106/><V46/><F33/><W32/><G75/><T122/><D107/><U19/><E36/><V49/><F109/><W111/><G1/><T125/><D112/><U28/><E28/><V77/><F77/><W35/><G113/><T47/><D122/><U131/><E87/><V6/><F6/><W41/><G111/><T52/><D125/><U34/><E43/><V14/><F14/><W70/><G41/><T5/><D132/><U86/><E86/><V48/><F21/><W104/><G18/><T10/><D95/><U23/><E23/><V51/><F97/><W84/><G84/><T61/><D72/><U126/><E126/><V114/><F114/><W108/><G108/><T53/><D74/><U80/><E80/><V40/><F40/><W121/><G121/><T4/><D47/><U88/><E88/><V3/><F3/><W110/><G110/><T38/><D38/><U78/><E78/><V124/><F124/><W27/><REACH who="3" step="1"/><G29/><REACH who="3" ten="215,337,214,224" step="2"/><T92/><D85/><U123/><E118/><V115/><F115/><W133/><G133/><T103/><D4/><N who="1" m="1031" /><E117/><V15/><F42/><W116/><G116/><T58/><D5/><U89/><E123/><V7/><F39/><W73/><G73/><T128/><D81/><U90/><E19/><V82/><F7/><W101/><G101/><T11/><D103/><U2/><E2/><V45/><F82/><W16/><G16/><T91/><D10/><U135/><E30/><V83/><F83/><W13/><G13/><T134/><D11/><U93/><E135/><V127/><F127/><W98/><AGARI ba="0,1" hai="26,27,32,35,56,59,60,62,69,70,96,98,104,105" machi="98" ten="25,16000,3" yaku="1,1,5,1,0,1,22,2,52,2,53,2" doraHai="67" doraHaiUra="102" who="3" fromWho="3" sc="215,-40,337,-80,214,-40,224,170" /><INIT seed="2,0,0,1,0,110" ten="175,257,174,394" oya="2" hai0="102,80,30,15,63,97,13,84,36,82,107,19,21" hai1="108,117,48,33,114,68,47,6,44,8,46,51,5" hai2="71,132,25,128,17,81,60,3,16,73,85,79,78" hai3="98,9,1,83,125,42,106,119,55,74,70,10,72"/><V54/><F132/><W67/><G119/><T126/><D36/><U14/><E108/><V22/><F3/><W31/><G42/><T100/><D126/><U39/><E33/><V112/><F112/><W37/><G37/><T129/><D129/><U64/><E39/><V122/><F122/><W4/><G10/><T109/><D109/><U111/><E111/><V38/><F38/><W90/><G55/><T101/><D30/><U35/><E35/><V45/><F128/><W58/><G58/><T7/><D80/><U134/><E117/><V118/><F118/><W95/><G106/><T29/><D29/><U86/><E64/><V59/><F71/><W27/><G125/><T53/><D53/><U94/><E68/><V135/><F135/><W76/><G67/><T89/><REACH who="0" step="1"/><D63/><REACH who="0" ten="165,257,174,394" step="2"/><U127/><E127/><V34/><F34/><W66/><G66/><T92/><D92/><U40/><E94/><V32/><F32/><W116/><G116/><T2/><D2/><U96/><E134/><V131/><F131/><W105/><G105/><T69/><D69/><U62/><E62/><V115/><F115/><W91/><G70/><T52/><D52/><U123/><E40/><V50/><F73/><W65/><G65/><T56/><D56/><U12/><E123/><V99/><F99/><W121/><G121/><T88/><D88/><U28/><E96/><V93/><F93/><W113/><G113/><T120/><D120/><U18/><E114/><V11/><F79/><W20/><G74/><T103/><D103/><AGARI ba="0,1" hai="1,4,9,20,27,31,72,76,83,90,91,95,98,103" machi="103" ten="30,1000,0" yaku="7,1" doraHai="110" who="3" fromWho="0" sc="165,-10,257,0,174,0,394,20" /><INIT seed="3,0,0,2,5,118" ten="155,257,174,414" oya="3" hai0="102,129,23,91,26,2,21,113,99,109,94,48,24" hai1="79,82,81,69,5,11,3,4,12,134,14,61,131" hai2="108,106,9,25,53,85,38,104,63,36,34,29,95" hai3="8,64,120,58,47,18,130,123,96,70,13,132,45"/><W124/><G70/><T87/><D2/><U20/><E131/><V6/><F108/><W15/><G130/><T105/><D109/><U92/><E134/><V1/><F95/><W114/><G114/><T39/><D39/><U17/><E92/><V22/><F85/><W110/><G110/><T50/><D129/><U75/><E82/><V67/><F53/><W72/><G72/><T68/><D68/><U115/><E115/><V43/><F22/><W88/><G132/><T117/><D117/><U125/><E125/><V7/><F7/><W98/><G124/><T31/><REACH who="0" step="1"/><D113/><REACH who="0" ten="145,257,174,414" step="2"/><U84/><E69/><N who="2" m="42239" /><F36/><W56/><G123/><T89/><D89/><U54/><E79/><V135/><F135/><W107/><G120/><T127/><D127/><U116/><E3/><V90/><F90/><W73/><G88/><T33/><D33/><U52/><E116/><V44/><AGARI ba="0,1" hai="1,6,9,25,29,34,38,43,44,104,106" m="42239" machi="44" ten="30,2000,0" yaku="33,2" doraHai="118" who="2" fromWho="2" sc="145,-5,257,-5,174,30,414,-10" /><INIT seed="4,0,0,4,5,91" ten="140,252,204,404" oya="0" hai0="119,82,13,75,24,94,113,19,127,106,105,55,104" hai1="53,88,132,30,57,114,99,31,58,56,78,17,90" hai2="50,117,5,38,96,60,98,135,46,27,59,39,133" hai3="130,118,89,68,134,93,40,86,29,36,6,128,120"/><T71/><D119/><U3/><E132/><N who="2" m="50763" /><F5/><W70/><G118/><T64/><D127/><U8/><E78/><V95/><F27/><W79/><G134/><T124/><D124/><U84/><E114/><V69/><F69/><W51/><G36/><T110/><D110/><U72/><E72/><V85/><F117/><W97/><G120/><T116/><D113/><U28/><E53/><N who="2" m="33903" /><F85/><W7/><G29/><T115/><D115/><U48/><E48/><V67/><F67/><W122/><G122/><T34/><D116/><U52/><E52/><N who="2" m="29783" /><F98/><W80/><G68/><T101/><D71/><U4/><E99/><V73/><F73/><W49/><G70/><T25/><D34/><U44/><E84/><V126/><F126/><W10/><G40/><T112/><D75/><U2/><E2/><V81/><F81/><W47/><G47/><T18/><D112/><U0/><E44/><V87/><F87/><W131/><G7/><T109/><D109/><U63/><E3/><AGARI ba="0,0" hai="3,6,10,49,51,79,80,86,89,93,97,128,130,131" machi="3" ten="40,2600,0" yaku="19,1,52,1" doraHai="91" who="3" fromWho="1" sc="140,0,252,-26,204,0,404,26" /><INIT seed="5,0,0,5,3,110" ten="140,226,204,430" oya="1" hai0="132,29,95,112,129,35,76,134,55,9,39,93,107" hai1="8,103,87,79,27,14,20,77,78,101,47,54,31" hai2="126,109,45,92,48,94,122,28,17,117,97,104,33" hai3="43,58,41,26,86,62,18,80,82,46,89,74,118"/><U105/><E105/><V68/><F109/><W7/><G7/><T123/><D107/><U124/><E124/><V50/><F117/><W16/><G118/><T75/><D39/><U116/><E116/><V51/><F122/><W99/><G99/><T52/><D123/><U2/><E2/><V131/><F68/><W108/><G108/><T44/><D129/><U57/><E47/><V71/><F71/><W106/><G106/><T23/><D35/><U61/><REACH who="1" step="1"/><E87/><REACH who="1" ten="140,216,204,430" step="2"/><V21/><F45/><W121/><G46/><T125/><D44/><U66/><E66/><V25/><F126/><W42/><G121/><T49/><D125/><U69/><E69/><V19/><F104/><W67/><G74/><T10/><D75/><U102/><E102/><V36/><F36/><W83/><G86/><T100/><D100/><U37/><E37/><V119/><F119/><W130/><G130/><T65/><D65/><U6/><AGARI ba="0,1" hai="6,8,14,20,27,31,54,57,61,77,78,79,101,103" machi="6" ten="30,6000,0" yaku="1,1,0,1,8,1,53,0" doraHai="110" doraHaiUra="128" who="1" fromWho="1" sc="140,-20,216,70,204,-20,430,-20" /><INIT seed="5,1,0,0,0,47" ten="120,286,184,410" oya="1" hai0="5,105,63,113,49,111,14,16,66,85,102,41,132" hai1="108,69,98,77,33,106,96,29,1,82,43,31,87" hai2="103,30,127,126,35,93,61,51,73,7,76,17,34" hai3="18,6,129,40,112,3,75,110,107,86,42,134,125"/><U91/><E69/><V21/><F7/><W90/><G110/><T92/><D111/><U99/><E1/><V101/><F61/><W64/><G75/><T71/><D113/><U55/><E43/><V4/><F4/><W133/><G112/><T48/><D132/><N who="3" m="50793" /><G129/><T53/><D5/><U67/><E67/><V24/><F76/><W9/><G107/><T54/><D41/><U59/><E108/><V8/><F73/><W74/><G74/><T28/><D105/><U0/><E0/><V12/><F51/><N who="0" m="19530" /><D71/><U20/><E33/><N who="2" m="12299" /><F93/><N who="3" m="54487" /><G125/><AGARI ba="1,0" hai="8,12,17,21,24,30,101,103,125,126,127" m="12299" machi="125" ten="30,1000,0" yaku="18,1" doraHai="47" who="2" fromWho="3" sc="120,0,286,0,184,13,410,-13" /><INIT seed="6,0,0,0,0,11" ten="120,286,197,397" oya="2" hai0="37,44,23,29,39,0,51,112,14,100,116,70,92" hai1="58,61,76,73,99,62,65,67,113,103,96,8,24" hai2="117,106,20,123,38,115,4,83,63,34,6,118,30" hai3="80,31,52,46,130,131,27,53,45,47,90,82,95"/><V55/><F123/><W133/><G133/><T12/><D70/><U32/><E113/><V25/><F106/><W124/><G124/><T72/><D0/><U85/><E73/><V41/><F41/><W98/><G80/><T57/><D72/><U108/><E108/><V107/><F107/><W91/><G91/><T18/><D112/><U28/><E76/><V105/><F105/><W50/><G82/><T15/><D116/><N who="2" m="44650" /><F38/><W49/><G46/><T97/><D29/><U102/><E85/><V13/><F55/><W120/><G120/><T78/><D78/><U59/><E8/><N who="2" m="4231" /><F63/><W19/><G19/><T7/><D7/><U40/><E40/><V35/><F83/><W86/><G86/><T48/><D57/><U87/><E87/><V104/><F104/><W101/><G101/><AGARI ba="0,0" hai="24,28,32,58,59,61,62,65,67,96,99,101,102,103" machi="101" ten="40,1300,0" yaku="9,1" doraHai="11" who="1" fromWho="3" sc="120,0,286,13,197,0,397,-13" /><INIT seed="7,0,0,2,3,23" ten="120,299,197,384" oya="3" hai0="26,108,21,48,110,12,30,65,96,40,127,116,19" hai1="47,64,44,115,121,130,13,102,20,114,32,39,83" hai2="71,75,17,78,31,4,5,131,70,14,11,66,100" hai3="34,82,125,28,93,38,2,81,7,61,63,107,76"/><W1/><G107/><T45/><D116/><U122/><E102/><V49/><F100/><W92/><G38/><T74/><D127/><U84/><E32/><V27/><F131/><W128/><G128/><T73/><D73/><U25/><E130/><V117/><F117/><W54/><G125/><T33/><D74/><U123/><E13/><V97/><F97/><W101/><G82/><T72/><D72/><U112/><E64/><V80/><F70/><W60/><G54/><T94/><REACH who="0" step="1"/><D65/><REACH who="0" ten="110,299,197,384" step="2"/><U98/><E121/><V69/><F69/><W103/><G63/><T88/><AGARI ba="0,1" hai="12,19,21,26,30,33,40,45,48,88,94,96,108,110" machi="88" ten="20,12000,2" yaku="1,1,2,1,0,1,7,1,52,1,54,1,53,1" doraHai="23" doraHaiUra="42" who="0" fromWho="0" sc="110,130,299,-30,197,-30,384,-60" owari="240,-16.0,269,7.0,167,-33.0,324,42.0" /></mjloggm>