<mjloggm ver="2.3"><GO type="169" lobby="0"/><UN n0="%E8%B5%A4%E9%98%AA%E9%83%81%E4%B9%83" n1="%6E%61%63%6F%6D%61%69%69" n2="%E3%82%A6%E3%83%AB%E3%83%88%E3%83%A9%E7%AB%8B%E7%9B%B4" n3="%E3%82%AB%E3%82%BF%E3%83%AA%E3%83%8A" dan="17,16,17,16" rate="2160.05,2156.68,2221.65,2094.56" sx="F,F,M,M"/><TAIKYOKU oya="0"/><INIT seed="0,0,0,0,2,68" ten="250,250,250,250" oya="0" hai0="122,15,109,27,116,119,123,0,70,121,21,103,47" hai1="58,128,118,32,69,72,23,46,53,50,93,80,29" hai2="33,2,13,11,77,97,5,71,9,24,125,3,55" hai3="51,75,89,83,56,1,129,49,133,66,26,124,113"/><T90/><D70/><U76/><E118/><N who="0" m="45097" /><D103/><U61/><E32/><V81/><F71/><W39/><G113/><T59/><D90/><U102/><E69/><V36/><F125/><W91/><G124/><T14/><D59/><U6/><E6/><V67/><F67/><W131/><G1/><T52/><D52/><U115/><E128/><V48/><F97/><W104/><G104/><T43/><D43/><U79/><E115/><V111/><F2/><W45/><G133/><T114/><D47/><U16/><E29/><V95/><F48/><W92/><G26/><T88/><D88/><U44/><E44/><V74/><F55/><W106/><G106/><T19/><D0/><U28/><E28/><V25/><F95/><W94/><G66/><T31/><D114/><U65/><E72/><V8/><F74/><W130/><G56/><T132/><D132/><U108/><E80/><V127/><F81/><W64/><G64/><T112/><D112/><U117/><E117/><V54/><F54/><W12/><G75/><T20/><D109/><U22/><E108/><V38/><F111/><W57/><G57/><T34/><D14/><U78/><E93/><N who="3" m="35946" /><G12/><T101/><D101/><U98/><E102/><V84/><F13/><W87/><G91/><T30/><D30/><U135/><E135/><V99/><F3/><W62/><G62/><T4/><D4/><U120/><E65/><V73/><F5/><W100/><G100/><T107/><D107/><U37/><E61/><V10/><N who="2" m="2048" /><DORA hai="40" /><V86/><F127/><W82/><G83/><T126/><D126/><U60/><E60/><RYUUKYOKU ba="0,0" sc="250,15,250,-15,250,-15,250,15" hai0="15,19,20,21,27,31,34,121,122,123" hai3="39,45,49,51,82,87,89,129,130,131" /><INIT seed="0,1,0,1,5,18" ten="265,235,235,265" oya="0" hai0="100,121,103,48,81,112,91,13,106,11,122,62,25" hai1="16,20,114,83,39,77,5,85,119,130,35,120,17" hai2="125,68,56,111,87,76,14,64,55,109,4,63,36" hai3="32,34,115,52,102,90,104,53,12,117,8,78,123"/><T46/><D112/><U10/><E120/><V131/><F36/><W0/><G115/><T105/><D25/><U124/><E119/><V27/><F27/><W82/><G117/><T128/><D128/><U89/><E39/><V47/><F47/><W3/><G123/><T67/><D105/><U49/><E130/><V30/><F30/><W15/><G90/><T80/><D106/><U54/><E35/><V92/><F131/><W71/><G71/><N who="0" m="42487" /><D80/><U21/><E114/><V28/><F28/><W19/><G104/><T40/><D40/><U43/><E43/><V86/><F125/><W33/><G102/><T6/><D100/><U133/><E133/><V95/><F92/><W134/><G134/><T98/><D103/><U75/><E124/><V88/><F86/><W44/><G44/><T84/><D98/><U96/><E75/><V126/><F76/><W73/><REACH who="3" step="1"/><G15/><REACH who="3" ten="265,235,235,255" step="2"/><T110/><D121/><U50/><E89/><V24/><F126/><W135/><G135/><T116/><D122/><U118/><E118/><V107/><F107/><W7/><G7/><T65/><D116/><U66/><E96/><V59/><F14/><W61/><G61/><T113/><D113/><U41/><E5/><V74/><F4/><W93/><G93/><T26/><D6/><U51/><E77/><V79/><F68/><W38/><G38/><T57/><D46/><U37/><E37/><V108/><F79/><W127/><G127/><T9/><D13/><U31/><E83/><V94/><F94/><W42/><G42/><T97/><D81/><U72/><E41/><V58/><F95/><RYUUKYOKU ba="1,1" sc="265,-10,235,-10,235,-10,255,30" hai3="0,3,8,12,19,32,33,34,52,53,73,78,82" /><INIT seed="1,2,1,2,2,45" ten="255,225,225,285" oya="1" hai0="35,59,83,66,41,111,60,50,106,97,133,95,127" hai1="8,4,27,91,43,17,39,29,99,84,58,5,112" hai2="116,114,104,30,122,121,46,16,115,72,77,13,109" hai3="128,88,74,56,101,22,42,48,28,79,24,129,105"/><U68/><E68/><V64/><F104/><W54/><G42/><T47/><D35/><U81/><E112/><N who="2" m="43051" /><F64/><W32/><G32/><T52/><D111/><U9/><E39/><V100/><F100/><W1/><G1/><T31/><D106/><U44/><E99/><V96/><F96/><W65/><G65/><T71/><D133/><U107/><E107/><V18/><F30/><W36/><G36/><N who="0" m="21927" /><D127/><U19/><E58/><V20/><F77/><W15/><G105/><T118/><D118/><U63/><E63/><V12/><F72/><W75/><G101/><N who="0" m="60607" /><D31/><U7/><E44/><V57/><F57/><W67/><G67/><T70/><D70/><U49/><E43/><V108/><F46/><W135/><G135/><T53/><D53/><U80/><E49/><V82/><F82/><AGARI ba="2,1" hai="50,52,59,60,66,71,82,83" m="60607,21927" machi="82" ten="30,3900,0" yaku="24,1,52,1,54,1" doraHai="45" who="0" fromWho="2" sc="255,55,225,0,225,-45,285,0" /><INIT seed="2,0,0,0,3,45" ten="310,225,180,285" oya="2" hai0="10,77,105,28,120,32,44,8,118,106,58,4,135" hai1="29,130,107,101,83,17,111,90,123,26,97,131,69" hai2="59,3,1,89,124,21,5,60,55,34,56,47,41" hai3="82,62,63,133,35,85,19,110,49,39,108,65,48"/><V30/><F124/><W99/><G133/><T42/><D120/><U117/><E117/><V0/><F34/><W46/><G35/><T23/><D32/><U128/><E69/><V38/><F89/><N who="3" m="51383" /><G19/><T72/><D135/><U70/><E70/><V31/><F5/><W102/><G39/><T78/><D118/><U13/><E111/><N who="3" m="42538" /><G46/><T27/><D58/><U24/><E29/><V125/><F125/><W132/><G132/><T36/><D10/><N who="1" m="6327" /><E123/><V54/><REACH who="2" step="1"/><F21/><REACH who="2" ten="310,225,170,285" step="2"/><W61/><G65/><T113/><D4/><U88/><E90/><V129/><F129/><W33/><G33/><T2/><D77/><U64/><E64/><V53/><F53/><W93/><AGARI ba="0,1" hai="48,49,61,62,63,93,99,102" m="42538,51383" machi="93" ten="30,4000,0" yaku="14,1,52,2" doraHai="45" who="3" fromWho="3" sc="310,-10,225,-10,170,-20,285,50" /><INIT seed="3,0,0,1,3,126" ten="300,215,150,335" oya="3" hai0="100,43,104,5,30,53,88,90,112,20,17,38,123" hai1="63,61,75,130,81,70,55,113,14,48,85,15,44" hai2="109,118,1,98,66,110,84,56,2,87,42,95,111" hai3="46,21,94,132,128,99,108,52,65,121,82,40,32"/><W39/><G121/><T36/><D123/><U11/><E75/><V101/><F42/><W49/><G32/><T24/><D112/><U62/><E113/><V91/><F118/><W76/><G132/><T35/><D5/><U72/><E72/><V6/><F6/><W27/><G128/><T97/><D36/><U73/><E73/><V16/><F66/><W31/><G65/><T41/><D41/><U33/><E33/><V50/><F56/><W127/><G127/><T107/><D107/><U125/><E15/><V3/><F50/><W105/><G105/><T124/><D124/><U8/><E8/><V71/><F71/><W51/><G108/><T37/><D37/><U129/><E70/><V93/><REACH who="2" step="1"/><F16/><REACH who="2" ten="300,215,140,335" step="2"/><W92/><G51/><T119/><D119/><U131/><E125/><V86/><AGARI ba="0,1" hai="1,2,3,84,86,87,91,93,95,98,101,109,110,111" machi="86" ten="40,8000,1" yaku="1,1,2,1,0,1,14,1,53,0" doraHai="126" doraHaiUra="69" who="2" fromWho="2" sc="300,-20,215,-20,140,90,335,-40" /><INIT seed="4,0,0,1,4,108" ten="280,195,230,295" oya="0" hai0="109,117,18,83,44,63,41,64,116,118,103,114,85" hai1="36,120,27,6,99,0,122,16,75,74,60,37,121" hai2="34,68,65,22,115,84,25,62,45,26,33,90,126" hai3="91,3,102,93,7,11,128,48,31,73,39,51,81"/><T110/><D114/><U127/><E127/><V94/><F126/><W104/><G31/><T100/><D18/><U13/><E27/><V105/><F105/><W119/><G119/><T59/><D100/><U134/><E99/><V125/><F125/><W130/><G39/><N who="1" m="14922" /><E60/><V96/><F115/><W98/><G128/><T42/><D103/><U97/><E97/><V69/><F69/><W38/><G38/><N who="0" m="21559" /><D85/><U4/><E134/><V28/><F45/><W113/><G130/><T50/><D83/><U56/><E56/><V112/><F112/><W43/><G113/><T32/><D32/><U15/><E16/><V5/><F5/><N who="1" m="2153" /><E0/><V58/><F68/><W71/><G71/><T12/><D12/><AGARI ba="0,0" hai="12,13,15,74,75,120,121,122" m="2153,14922" machi="12" ten="40,2600,0" yaku="28,2" doraHai="108" who="1" fromWho="0" sc="280,-26,195,26,230,0,295,0" /><INIT seed="5,0,0,1,2,71" ten="254,221,230,295" oya="1" hai0="128,17,87,110,122,42,78,61,51,58,120,32,0" hai1="85,44,103,59,124,33,28,89,21,126,22,38,48" hai2="60,67,97,105,3,50,109,102,4,8,132,1,72" hai3="41,63,125,39,57,16,13,6,119,129,112,83,62"/><U115/><E103/><V95/><F109/><W9/><G112/><T52/><D110/><U107/><E115/><V27/><F72/><W135/><G129/><T114/><D114/><U31/><E107/><V123/><F123/><N who="0" m="47146" /><D128/><U96/><E96/><V101/><F132/><W45/><G135/><T7/><D32/><U76/><E76/><V24/><F3/><W26/><G125/><N who="1" m="48234" /><E59/><V80/><F80/><W134/><G134/><T130/><D130/><U108/><E48/><V47/><F102/><W91/><G119/><T94/><D17/><U73/><E73/><V29/><F105/><W86/><G26/><T82/><D94/><N who="1" m="54575" /><E108/><V93/><F93/><W35/><G35/><T66/><D42/><N who="1" m="22615" /><E33/><V40/><REACH who="2" step="1"/><F29/><AGARI ba="0,0" hai="21,22,28,29,31" m="22615,54575,48234" machi="29" ten="30,2900,0" yaku="18,1,52,1" doraHai="71" who="1" fromWho="2" sc="254,0,221,29,230,-29,295,0" /><INIT seed="5,1,0,5,3,118" ten="254,250,201,295" oya="1" hai0="39,83,34,97,116,15,17,13,86,88,64,40,89" hai1="46,43,59,120,11,35,69,36,24,121,108,63,122" hai2="65,66,117,47,6,54,112,91,107,126,5,74,100" hai3="67,105,28,14,29,49,114,58,56,130,61,1,128"/><U57/><E11/><V131/><F74/><W87/><G1/><T96/><D116/><U45/><E24/><V81/><F117/><W8/><G105/><T30/><D64/><N who="2" m="24682" /><F107/><W31/><G114/><T90/><D34/><U111/><E35/><V42/><F112/><W79/><G79/><N who="0" m="46463" /><D39/><N who="1" m="21759" /><E69/><V32/><F32/><W33/><G87/><T2/><D40/><N who="1" m="22791" /><E57/><V102/><F131/><N who="3" m="50219" /><G33/><T16/><D2/><U9/><E9/><V123/><F123/><N who="1" m="31489" /><U20/><DORA hai="27" /><E20/><V113/><F113/><W82/><G82/><T53/><D30/><U51/><E51/><V68/><F68/><N who="3" m="42095" /><G49/><T84/><D84/><U19/><E19/><AGARI ba="1,0" hai="8,14,19,28,29,31,56,58" m="42095,50219" machi="19" ten="30,7700,0" yaku="19,1,52,3" doraHai="118,27" who="3" fromWho="1" sc="254,0,250,-80,201,0,295,80" /><INIT seed="6,0,0,5,0,38" ten="254,170,201,375" oya="2" hai0="126,6,58,9,53,60,74,40,130,18,81,33,0" hai1="4,5,94,2,56,115,129,36,113,114,92,7,119" hai2="132,111,86,116,85,19,123,70,110,83,24,55,14" hai3="39,42,72,37,76,100,108,32,79,71,105,21,93"/><V128/><F70/><W65/><G21/><T11/><D33/><U47/><E119/><V87/><F123/><W12/><G93/><N who="1" m="35946" /><E56/><V29/><F116/><W8/><G108/><N who="2" m="41513" /><F55/><W34/><G72/><T98/><D98/><U22/><E22/><N who="2" m="11639" /><F128/><W46/><G37/><T15/><D130/><U50/><E36/><V101/><F101/><W17/><G65/><T23/><D74/><U95/><N who="1" m="35954" /><U26/><DORA hai="61" /><E26/><V80/><F132/><W120/><G71/><T30/><D30/><U77/><E77/><V43/><F43/><W41/><G41/><T117/><D40/><N who="1" m="24935" /><E129/><V89/><F89/><W59/><G76/><T91/><D91/><U10/><AGARI ba="0,0" hai="2,4,5,7,10,113,114,115" m="24935,35954" machi="10" ten="40,2700,0" yaku="15,1,52,1" doraHai="38,61" who="1" fromWho="1" sc="254,-7,170,27,201,-13,375,-7" /><INIT seed="7,0,0,1,5,73" ten="247,197,188,368" oya="3" hai0="22,96,69,102,127,27,20,59,13,41,83,65,16" hai1="9,11,3,129,107,58,40,94,44,54,53,61,4" hai2="68,79,76,97,45,48,132,103,122,114,72,42,29" hai3="1,89,19,93,111,25,128,126,70,64,39,86,134"/><W92/><G39/><T108/><D69/><U56/><E107/><V118/><F118/><W121/><G1/><T32/><D32/><U115/><E115/><V131/><F68/><W26/><G126/><T125/><D41/><U24/><E129/><V135/><F72/><W109/><G134/><N who="2" m="51241" /><F131/><W33/><G121/><T5/><D83/><U6/><E24/><V99/><F114/><W116/><G116/><T75/><D75/><U84/><E40/><V52/><F122/><W36/><G36/><T130/><D5/><N who="1" m="2155" /><E3/><V78/><F29/><W112/><G112/><T88/><D27/><U2/><E2/><V14/><F14/><W101/><G25/><T62/><D13/><U38/><E38/><N who="2" m="21719" /><F103/><W18/><G93/><T87/><D102/><U43/><E43/><V8/><F8/><N who="1" m="3145" /><E44/><AGARI ba="0,0" hai="44,48,52,76,78,79,97,99" m="21719,51241" machi="44" ten="30,8000,1" yaku="20,1,52,3,54,1" doraHai="73" who="2" fromWho="1" sc="247,0,197,-80,188,80,368,0" owari="247,-15.0,117,-38.0,268,7.0,368,46.0" /></mjloggm>