<mjloggm ver="2.3"><GO type="225" lobby="0"/><UN n0="%E5%A3%87%E2%98%86%E8%9C%9C" n1="%E3%83%88%E3%83%88%E3%83%AA%E5%85%88%E7%94%9F%31%39%E6%AD%B3" n2="%E3%81%BE%E3%81%99%E3%81%8F%E3%81%AF%E3%81%8C%E3%81%97" n3="%E8%87%AA%E7%A7%B0%E6%9C%80%E5%BC%B7%E9%9B%80%E5%A3%AB%EF%BC%93" dan="17,17,16,16" rate="2172.61,2155.18,2076.32,2148.89" sx="M,F,M,M"/><TAIKYOKU oya="0"/><INIT seed="0,0,0,3,4,75" ten="250,250,250,250" oya="0" hai0="34,23,96,8,0,69,89,70,12,27,38,31,115" hai1="122,81,4,82,42,129,118,93,120,51,62,13,46" hai2="3,18,26,17,99,127,107,7,78,24,60,74,76" hai3="83,36,105,43,41,94,106,134,113,64,22,39,2"/><T130/><D38/><U91/><E118/><V121/><F121/><W68/><G113/><T65/><D115/><U67/><E129/><V77/><F74/><W5/><G94/><N who="0" m="56399" /><D65/><U30/><E30/><V125/><F3/><W55/><G134/><T88/><D88/><U103/><E103/><N who="2" m="62975" /><F7/><W128/><G128/><T100/><D100/><U15/><E122/><V25/><F60/><W110/><G2/><T92/><D92/><U101/><E101/><V102/><F102/><W33/><G33/><T10/><D10/><U126/><E126/><AGARI ba="0,0" hai="17,18,24,25,26,76,77,78,125,126,127" m="62975" machi="126" ten="40,8000,1" yaku="18,1,52,3" doraHai="75" who="2" fromWho="1" sc="250,0,250,-80,250,80,250,0" /><INIT seed="1,0,0,3,1,0" ten="250,170,330,250" oya="1" hai0="28,14,50,105,102,46,72,7,104,1,128,116,66" hai1="89,93,23,75,57,81,53,22,9,16,2,56,92" hai2="121,98,24,132,5,73,34,54,119,82,15,78,51" hai3="8,108,59,44,21,129,31,135,106,25,27,3,87"/><U74/><E23/><V67/><F119/><W118/><G118/><T11/><D72/><U69/><E69/><V30/><F121/><W111/><G106/><T126/><D116/><U100/><E100/><V33/><F67/><W64/><G135/><T134/><D134/><U63/><E57/><V18/><F132/><W49/><G129/><T13/><D66/><U19/><E81/><V123/><F123/><W94/><G94/><T20/><D126/><U88/><E92/><V79/><F79/><W124/><G124/><T130/><D28/><U12/><E89/><V125/><F5/><W48/><G87/><T115/><D115/><U127/><E127/><V86/><F98/><W109/><G27/><T26/><D26/><U77/><E77/><V52/><F125/><W84/><G84/><T122/><D122/><U83/><E83/><V85/><F33/><W42/><G64/><T70/><D70/><U37/><E37/><V6/><F6/><N who="3" m="1119" /><G59/><T29/><D29/><U71/><E71/><V60/><F60/><W55/><G49/><T113/><D113/><U96/><REACH who="1" step="1"/><E2/><REACH who="1" ten="250,160,330,250" step="2"/><V65/><F34/><W61/><G61/><T107/><D102/><U38/><E38/><V36/><F36/><W114/><G114/><T103/><D103/><U133/><E133/><V41/><F82/><W43/><AGARI ba="0,1" hai="21,25,31,42,43,44,48,55,108,109,111" m="1119" machi="43" ten="40,2700,0" yaku="14,1,52,1" doraHai="0" who="3" fromWho="3" sc="250,-7,160,-13,330,-7,250,37" /><INIT seed="2,0,0,2,2,35" ten="243,147,323,287" oya="2" hai0="39,31,91,6,122,89,45,56,27,128,41,88,83" hai1="55,71,24,15,82,34,20,64,62,95,78,26,131" hai2="80,11,118,81,5,40,59,124,48,66,94,109,57" hai3="116,10,29,102,47,43,32,133,129,110,104,30,107"/><V70/><F118/><W0/><G116/><T74/><D122/><U3/><E131/><V53/><F70/><W103/><G129/><T87/><D128/><U100/><E3/><V85/><F40/><W134/><G110/><T114/><D114/><U105/><E95/><V68/><F68/><W127/><G127/><T2/><D56/><U119/><E119/><V112/><F112/><W126/><G126/><T113/><D113/><U61/><E15/><V23/><F124/><W135/><G47/><T125/><D125/><U25/><E20/><V14/><F109/><W86/><G86/><T121/><D121/><U115/><E115/><V120/><F120/><W96/><G43/><T8/><REACH who="0" step="1"/><D74/><REACH who="0" ten="233,147,323,287" step="2"/><U9/><E9/><V58/><F66/><W97/><G32/><AGARI ba="0,1" hai="2,6,8,27,31,32,39,41,45,83,87,88,89,91" machi="32" ten="30,8000,1" yaku="1,1,2,1,7,1,52,1,54,1,53,0" doraHai="35" doraHaiUra="117" who="0" fromWho="3" sc="233,90,147,0,323,0,287,-80" /><INIT seed="3,0,0,4,4,90" ten="323,147,323,207" oya="3" hai0="123,44,100,67,74,120,41,70,15,109,46,47,16" hai1="82,35,131,96,51,31,132,134,118,78,133,71,89" hai2="63,18,34,57,26,1,76,73,24,107,61,101,115" hai3="36,58,75,91,62,99,49,9,5,2,104,88,135"/><W37/><G75/><T125/><D74/><N who="1" m="43351" /><E51/><V11/><F115/><W25/><G135/><N who="1" m="34562" /><U80/><DORA hai="69" /><E71/><V95/><F107/><W8/><G49/><T12/><D100/><U113/><E31/><V7/><F76/><W17/><G104/><T60/><D125/><U40/><E35/><V102/><F73/><W128/><G128/><T39/><D109/><U81/><E40/><V19/><F102/><W97/><G97/><T66/><D66/><U105/><E113/><V68/><F68/><W126/><G126/><T50/><D15/><U116/><E131/><V4/><F4/><W114/><G114/><T45/><D50/><U84/><E81/><V27/><F34/><W48/><G48/><T92/><D12/><U94/><E105/><V21/><F18/><W103/><G8/><T23/><D16/><U77/><AGARI ba="0,0" hai="77,80,84,89,94,96,116,118" m="34562,43351" machi="77" ten="40,8000,1" yaku="20,1,34,2,52,1" doraHai="90,69" who="1" fromWho="1" sc="323,-20,147,80,323,-20,207,-40" owari="303,40.0,227,-17.0,303,10.0,167,-33.0" /></mjloggm>