<mjloggm ver="2.3"><GO type="169" lobby="0"/><UN n0="%E9%BB%92%E7%8A%AC%40%E3%81%A6%E3%82%93%E3%81%BB%E3%83%BC" n1="%E5%B0%B1%E6%B4%BB%E7%94%9F%40%E5%B7%9D%E6%9D%91%E8%BB%8D%E5%9B%A3" n2="%E3%81%82%E3%81%AB%EF%BD%9E%E2%98%86" n3="%73%75%6E%63%68%69%6C%64" dan="16,18,16,16" rate="2076.07,2256.83,2006.40,2098.04" sx="F,M,M,M"/><TAIKYOKU oya="0"/><INIT seed="0,0,0,0,3,6" ten="250,250,250,250" oya="0" hai0="2,125,88,92,42,84,34,114,62,0,19,52,107" hai1="68,109,21,65,91,49,40,106,123,111,80,87,53" hai2="89,118,59,103,79,18,15,124,46,7,36,86,120" hai3="134,27,64,77,38,82,102,24,25,69,81,67,76"/><T1/><D34/><U54/><E106/><V130/><F120/><W31/><G38/><T117/><D107/><U94/><E123/><V95/><F124/><W128/><G31/><T4/><D117/><U57/><E53/><V70/><F103/><W5/><G102/><T133/><D114/><U51/><E80/><N who="3" m="30826" /><G69/><T28/><D28/><U110/><E40/><V108/><F70/><W12/><G128/><T112/><D112/><U115/><E115/><V105/><F105/><W9/><G134/><T127/><D42/><U74/><E74/><V20/><F7/><W37/><G37/><T101/><D133/><U48/><E65/><AGARI ba="0,0" hai="5,9,12,24,25,27,64,65,67,76,77" m="30826" machi="65" ten="30,2000,0" yaku="8,1,52,1" doraHai="6" who="3" fromWho="1" sc="250,0,250,-20,250,0,250,20" /><INIT seed="1,0,0,1,3,34" ten="250,230,250,270" oya="1" hai0="5,130,80,9,15,90,92,84,65,118,73,1,46" hai1="86,91,75,125,16,101,109,52,39,28,19,128,98" hai2="93,122,48,60,71,121,131,74,79,99,53,87,110" hai3="133,129,11,77,104,0,63,69,45,49,18,61,89"/><U113/><E75/><V85/><F74/><W64/><G129/><T4/><D118/><U103/><E39/><V38/><F38/><W66/><G77/><T83/><D130/><U55/><E113/><V81/><F131/><W56/><G133/><T132/><D132/><U47/><E128/><V33/><F33/><W57/><G104/><T54/><D65/><U17/><E125/><V96/><F110/><W102/><G102/><N who="1" m="38922" /><E109/><V82/><F71/><W72/><G72/><T127/><D127/><U23/><E98/><V24/><F24/><W117/><G117/><T67/><D67/><U78/><E78/><N who="2" m="46263" /><F60/><W29/><G29/><T68/><D68/><U116/><E116/><V114/><F114/><W31/><G31/><T32/><D32/><U25/><E47/><N who="2" m="27807" /><F122/><W111/><G111/><T43/><D73/><U7/><E7/><V3/><F3/><W41/><G0/><T27/><D54/><U20/><E20/><V115/><F115/><W94/><G69/><T22/><D4/><U70/><E70/><V8/><F8/><W135/><G135/><T30/><REACH who="0" step="1"/><D15/><REACH who="0" ten="240,230,250,270" step="2"/><U105/><E105/><V37/><F121/><W51/><G66/><T100/><D100/><U13/><E13/><V126/><F126/><W58/><G64/><T76/><D76/><U50/><E50/><AGARI ba="0,1" hai="1,5,9,22,27,30,43,46,50,80,83,84,90,92" machi="50" ten="30,7700,0" yaku="1,1,7,1,52,1,53,1" doraHai="34" doraHaiUra="40" who="0" fromWho="1" sc="240,87,230,-77,250,0,270,0" /><INIT seed="2,0,0,4,1,27" ten="327,153,250,270" oya="2" hai0="77,126,12,103,30,71,122,114,93,99,8,23,65" hai1="4,127,76,36,80,131,119,54,101,68,19,38,9" hai2="92,20,106,62,128,16,39,24,130,69,52,78,18" hai3="13,58,110,6,11,43,113,21,125,109,37,40,72"/><V121/><F106/><W70/><G70/><T94/><D122/><U88/><E119/><V134/><F121/><W96/><G125/><T46/><D114/><U1/><E127/><V48/><F39/><W44/><G113/><T25/><D126/><U33/><E131/><N who="2" m="50219" /><F134/><W15/><G43/><T105/><D77/><U66/><E101/><V118/><F118/><W32/><G32/><T61/><REACH who="0" step="1"/><D46/><REACH who="0" ten="317,153,250,270" step="2"/><U81/><E76/><V123/><F123/><W83/><G44/><T86/><D86/><U107/><E36/><V50/><F78/><W84/><G84/><T116/><D116/><U64/><E38/><V47/><F92/><W59/><G72/><T67/><D67/><U49/><E107/><V55/><F69/><W102/><G37/><T129/><D129/><U14/><E68/><V53/><F47/><W79/><G79/><T91/><D91/><U75/><E75/><V132/><F132/><W90/><G90/><T115/><D115/><U51/><E66/><V112/><F112/><W63/><G102/><T29/><D29/><U104/><E104/><V60/><F18/><AGARI ba="0,1" hai="8,12,18,23,25,30,61,65,71,93,94,99,103,105" machi="18" ten="30,3900,0" yaku="1,1,7,1,52,1,53,0" doraHai="27" doraHaiUra="108" who="0" fromWho="2" sc="317,49,153,0,250,-39,270,0" /><INIT seed="3,0,0,4,1,29" ten="366,153,211,270" oya="3" hai0="33,86,91,67,92,93,110,112,90,4,65,135,119" hai1="27,95,104,59,113,17,107,22,126,89,70,99,84" hai2="54,83,41,102,81,57,125,111,26,97,44,108,16" hai3="1,132,74,66,115,47,72,24,36,35,82,39,80"/><W62/><G115/><T38/><D38/><U120/><E120/><V55/><F125/><W129/><G1/><T45/><D119/><U77/><E70/><V68/><F68/><W103/><G103/><T6/><D112/><U128/><E126/><V87/><F26/><W130/><G132/><T60/><D135/><U52/><E128/><N who="3" m="49258" /><G80/><N who="2" m="30793" /><F16/><W50/><G82/><T11/><D45/><U20/><E113/><V64/><F87/><W58/><G39/><T14/><D110/><N who="2" m="42026" /><F64/><W127/><G36/><T3/><D3/><U40/><E77/><V85/><F85/><W123/><G127/><T106/><D106/><U71/><E71/><V18/><F18/><W5/><G5/><T30/><D60/><U28/><E40/><V116/><F57/><W98/><G98/><T23/><D4/><U32/><E22/><V2/><F2/><W19/><G19/><T69/><D69/><U75/><E75/><V15/><F15/><W109/><G109/><T10/><D10/><U134/><E134/><V53/><F116/><W43/><G123/><T121/><D121/><U122/><E122/><V76/><F76/><W114/><G114/><T79/><D79/><U94/><E94/><N who="2" m="58679" /><F41/><W25/><G25/><N who="0" m="16703" /><D33/><U105/><E84/><AGARI ba="0,0" hai="6,11,14,65,67,84,86,90,91,92,93" m="16703" machi="84" ten="30,1000,0" yaku="8,1" doraHai="29" who="0" fromWho="1" sc="366,10,153,-10,211,0,270,0" /><INIT seed="4,0,0,5,0,61" ten="376,143,211,270" oya="0" hai0="5,29,124,75,72,47,2,53,9,12,110,116,79" hai1="71,70,40,22,56,92,63,30,121,6,91,43,98" hai2="101,69,66,33,88,122,133,85,49,108,103,77,24" hai3="44,7,95,90,68,93,28,48,123,25,18,62,27"/><T100/><D100/><U86/><E121/><V81/><F108/><W1/><G123/><T39/><D29/><U0/><E71/><V42/><F122/><W76/><G76/><T94/><D116/><U54/><E70/><V126/><F33/><W132/><G132/><T35/><D35/><U111/><E111/><V13/><F24/><W99/><G1/><T130/><D110/><U67/><E0/><V84/><F13/><W131/><G7/><T38/><D2/><U58/><E6/><V97/><F133/><W26/><G18/><T17/><D5/><U82/><E22/><V8/><F8/><W129/><G95/><T37/><D130/><N who="3" m="49673" /><G62/><T60/><D124/><U64/><E30/><V109/><F109/><W113/><G68/><T14/><D14/><U106/><E106/><V45/><F126/><W57/><G57/><T10/><D10/><U15/><E15/><V20/><F20/><N who="3" m="15399" /><G113/><T21/><D9/><U41/><REACH who="1" step="1"/><E56/><REACH who="1" ten="376,133,211,270" step="2"/><V46/><F46/><W107/><G107/><T80/><D47/><U89/><AGARI ba="0,1" hai="40,41,43,54,58,63,64,67,82,86,89,91,92,98" machi="89" ten="30,12000,2" yaku="1,1,2,1,0,1,8,1,52,2,53,0" doraHai="61" doraHaiUra="104" who="1" fromWho="1" sc="376,-60,133,130,211,-30,270,-30" /><INIT seed="5,0,0,0,1,59" ten="316,263,181,240" oya="1" hai0="78,4,11,77,115,82,80,10,81,54,40,116,125" hai1="39,120,89,100,53,128,30,45,69,28,51,135,65" hai2="74,110,60,92,21,71,121,61,63,101,106,0,47" hai3="83,91,6,18,3,57,124,130,9,105,35,48,98"/><U55/><E120/><V86/><F110/><W131/><G124/><T33/><D33/><U76/><E128/><N who="3" m="49194" /><G35/><T113/><D116/><U127/><E135/><V67/><F74/><W95/><G105/><T88/><D40/><U107/><E127/><V122/><F0/><W132/><G132/><T14/><D125/><U96/><E76/><V72/><F72/><W34/><G34/><T2/><D54/><U103/><E103/><V25/><F106/><W7/><G83/><T109/><D109/><U44/><E89/><N who="2" m="53303" /><F71/><W23/><G7/><T8/><D2/><U119/><E119/><V13/><F101/><W129/><G129/><T27/><D4/><U38/><E38/><V108/><F108/><W85/><G98/><T5/><D5/><U70/><E70/><V111/><F111/><W118/><G118/><T46/><D78/><U36/><E36/><V52/><F122/><W79/><G79/><T58/><D77/><U87/><E87/><V112/><F121/><W42/><G42/><T1/><D1/><U22/><E22/><V93/><F112/><N who="0" m="43082" /><D88/><U102/><E102/><V84/><F84/><W94/><G85/><T73/><D73/><U12/><E12/><V104/><F104/><W134/><G91/><T62/><D27/><U97/><E97/><V19/><F93/><W26/><G134/><T99/><D99/><U50/><E39/><V75/><F75/><W20/><G94/><T17/><D82/><U37/><E37/><V126/><F126/><W68/><G95/><T56/><D81/><U15/><E15/><V117/><F117/><W31/><G3/><RYUUKYOKU ba="0,0" sc="316,-10,263,30,181,-10,240,-10" hai1="28,30,44,45,50,51,53,55,65,69,96,100,107" /><INIT seed="5,1,0,2,1,62" ten="306,293,171,230" oya="1" hai0="58,16,72,96,71,104,24,114,19,22,70,55,66" hai1="109,44,117,67,53,101,100,32,59,63,135,7,45" hai2="97,10,82,34,92,56,125,50,80,11,9,106,42" hai3="124,48,91,116,102,121,4,129,60,61,6,36,127"/><U95/><E117/><V12/><F34/><W79/><G36/><T28/><D72/><U99/><E32/><V21/><F125/><N who="3" m="48203" /><G121/><T73/><D73/><U74/><E74/><V20/><F106/><W118/><G129/><T93/><D104/><U47/><E109/><V27/><F12/><W8/><G102/><N who="0" m="60687" /><D114/><U87/><E135/><V126/><F126/><W0/><G79/><T15/><D55/><U81/><E7/><V49/><F42/><W89/><G48/><N who="2" m="18537" /><F56/><W119/><G6/><T17/><D15/><U38/><E101/><N who="2" m="60583" /><F21/><W54/><G54/><T111/><D111/><U23/><E23/><V25/><F27/><W113/><G113/><T77/><D77/><N who="1" m="46511" /><E38/><V39/><F39/><W115/><G115/><T3/><D3/><U57/><E57/><V90/><F90/><AGARI ba="1,0" hai="0,4,8,60,61,89,90,91,116,118,119" m="48203" machi="90" ten="40,2600,0" yaku="12,1,18,1" doraHai="62" who="3" fromWho="2" sc="306,0,293,0,171,-29,230,29" /><INIT seed="6,0,0,2,4,103" ten="306,293,142,259" oya="2" hai0="135,85,89,22,56,83,76,74,6,116,42,77,41" hai1="127,115,67,133,78,122,20,119,2,106,69,49,34" hai2="98,50,55,108,105,92,53,91,71,120,8,88,38" hai3="62,10,104,96,66,111,58,61,101,132,25,4,54"/><V52/><F120/><W13/><G132/><T31/><D135/><U24/><RYUUKYOKU type="yao9" ba="0,0" sc="306,0,293,0,142,0,259,0" hai1="2,20,24,34,49,67,69,78,106,115,119,122,127,133" /><INIT seed="6,1,0,3,4,13" ten="306,293,142,259" oya="2" hai0="76,15,23,53,99,81,87,84,80,14,37,86,3" hai1="109,45,1,123,64,130,90,21,43,40,55,25,33" hai2="12,10,126,93,101,39,8,114,52,77,102,29,105" hai3="54,51,44,61,41,62,131,9,49,67,94,47,71"/><V119/><F119/><W129/><G94/><T60/><D3/><U97/><E109/><V46/><F105/><W24/><G9/><T59/><D37/><U96/><E33/><V118/><F118/><W89/><G89/><T78/><D99/><U127/><E1/><V30/><F126/><W82/><G82/><N who="0" m="31851" /><D23/><U85/><E64/><V63/><F39/><W79/><G24/><T34/><D34/><U110/><E110/><V4/><F77/><AGARI ba="1,0" hai="14,15,53,59,60,76,77,78,84,86,87" m="31851" machi="77" ten="30,1000,0" yaku="8,1" doraHai="13" who="0" fromWho="2" sc="306,13,293,0,142,-13,259,0" /><INIT seed="7,0,0,5,1,131" ten="319,293,129,259" oya="3" hai0="73,128,77,43,56,40,33,79,65,85,95,62,71" hai1="59,112,32,100,120,44,123,28,6,35,38,133,86" hai2="89,87,107,121,54,37,50,104,129,1,111,66,101" hai3="41,105,58,97,30,74,122,102,124,88,126,57,46"/><W75/><G122/><T14/><D33/><U55/><E6/><V114/><F111/><W39/><G30/><T10/><D128/><U42/><E112/><V84/><F129/><W92/><G58/><T51/><D73/><U31/><E100/><V22/><F1/><W119/><G57/><T17/><D71/><U64/><E64/><V60/><F37/><W0/><G0/><T53/><D65/><U23/><E28/><V113/><F22/><W63/><G63/><T29/><D29/><U116/><E116/><V130/><F130/><W48/><G39/><T69/><D69/><U99/><E99/><V98/><F121/><W45/><G45/><N who="0" m="26047" /><D40/><U108/><E108/><V109/><F109/><W67/><G67/><T110/><D110/><U2/><E2/><V25/><F25/><W12/><G12/><T11/><D11/><U24/><E35/><V20/><F20/><W27/><G27/><T3/><D3/><U117/><E32/><V81/><F87/><W47/><G47/><T36/><D36/><U7/><E117/><V70/><REACH who="2" step="1"/><F107/><REACH who="2" ten="319,293,119,259" step="2"/><W76/><G119/><T115/><D115/><U134/><E86/><V8/><F8/><W52/><G75/><T93/><D85/><U9/><E120/><V135/><F135/><N who="1" m="51721" /><E123/><V21/><F21/><W68/><G105/><T106/><D106/><U61/><E9/><V13/><F13/><W125/><G74/><T78/><AGARI ba="0,1" hai="10,14,17,53,56,62,77,78,79,93,95" m="26047" machi="78" ten="30,1100,0" yaku="8,1" doraHai="131" who="0" fromWho="0" sc="319,21,293,-3,119,-3,259,-5" owari="340,44.0,290,9.0,116,-38.0,254,-15.0" /></mjloggm>