<mjloggm ver="2.3"><GO type="169" lobby="0"/><UN n0="%72%69%74%65" n1="%E3%82%A6%E3%83%AB%E3%83%88%E3%83%A9%E7%AB%8B%E7%9B%B4" n2="%3E%5F%30%40%E6%9D%8F%E6%9D%8F%E8%BB%8D%E5%9C%98" n3="%72%61%67%61%2D%6D" dan="17,18,16,16" rate="2155.33,2177.61,2130.48,2139.60" sx="M,M,F,M"/><TAIKYOKU oya="0"/><INIT seed="0,0,0,0,1,103" ten="250,250,250,250" oya="0" hai0="124,116,89,3,63,45,73,43,112,59,47,14,113" hai1="25,95,72,123,99,29,46,22,132,76,18,81,134" hai2="23,135,39,15,110,41,56,108,44,62,17,55,85" hai3="105,60,97,35,64,120,130,49,100,7,48,34,24"/><T101/><D116/><U52/><E123/><V80/><REACH who="2" step="1"/><F135/><REACH who="2" ten="250,250,240,250" step="2"/><W1/><G120/><T0/><D112/><U51/><REACH who="1" step="1"/><E29/><REACH who="1" ten="250,240,240,250" step="2"/><V71/><F71/><W118/><G118/><T16/><D113/><U75/><E75/><V86/><F86/><W57/><G130/><T12/><D73/><U117/><E117/><V30/><F30/><W36/><G34/><T87/><D87/><U115/><E115/><V31/><F31/><W90/><G35/><T83/><D124/><U129/><E129/><V4/><F4/><W13/><G7/><T61/><D16/><U21/><E21/><V32/><F32/><W58/><G1/><T127/><D127/><U69/><E69/><V66/><F66/><W106/><G64/><T54/><D3/><U27/><E27/><V6/><F6/><W98/><G24/><T88/><D0/><U93/><E93/><V92/><F92/><W28/><G28/><T122/><D122/><U109/><E109/><V114/><F114/><W121/><G121/><T104/><D83/><U128/><E128/><V9/><F9/><W77/><G13/><T111/><D111/><U67/><E67/><V37/><F37/><W19/><G36/><T126/><D126/><U91/><AGARI ba="0,2" hai="18,22,25,46,51,52,72,76,81,91,95,99,132,134" machi="91" ten="30,7900,0" yaku="1,1,0,1,54,1,53,1" doraHai="103" doraHaiUra="94" who="1" fromWho="1" sc="250,-39,240,99,240,-20,250,-20" /><INIT seed="1,0,0,3,4,114" ten="211,339,220,230" oya="1" hai0="90,44,5,10,60,108,55,39,81,122,59,49,64" hai1="30,38,3,79,52,82,75,27,31,98,117,43,74" hai2="7,105,87,83,33,46,47,120,133,8,48,67,15" hai3="35,124,77,113,23,78,66,56,69,1,71,107,19"/><U16/><E3/><V130/><F120/><W106/><G1/><T131/><D122/><U45/><E117/><V104/><F33/><W111/><G35/><T76/><D108/><U53/><E75/><V32/><F32/><W61/><G113/><T6/><D131/><U51/><E98/><V54/><F130/><W9/><G9/><T65/><D90/><U88/><E88/><V58/><F133/><W26/><G124/><T102/><D102/><U40/><E53/><V24/><F24/><W17/><G111/><T85/><D39/><U121/><E121/><V70/><F70/><W0/><G0/><T29/><D29/><U25/><E25/><V112/><F112/><W84/><G17/><T101/><D101/><U80/><E80/><V20/><F20/><W118/><G118/><T116/><D116/><U28/><REACH who="1" step="1"/><E38/><REACH who="1" ten="211,329,220,230" step="2"/><V89/><F67/><W92/><G66/><T103/><D103/><U4/><E4/><V129/><F129/><W95/><G71/><T57/><D64/><U126/><E126/><V11/><F104/><W125/><G69/><T100/><D100/><U119/><E119/><V2/><F105/><W21/><G107/><T68/><D6/><U132/><BYE who="2" /><E132/><V97/><F97/><W134/><G134/><T36/><D36/><U135/><E135/><V110/><F110/><W96/><G125/><T42/><REACH who="0" step="1"/><D55/><REACH who="0" ten="201,329,220,230" step="2"/><U91/><E91/><V93/><F93/><W13/><G92/><T127/><D127/><U12/><E12/><AGARI ba="0,2" hai="5,10,12,42,44,49,57,59,60,65,68,76,81,85" machi="12" ten="30,7700,0" yaku="1,1,7,1,25,2,53,0" doraHai="114" doraHaiUra="22" who="0" fromWho="1" sc="201,97,329,-77,220,0,230,0" /><INIT seed="2,0,0,5,3,87" ten="298,252,220,230" oya="2" hai0="33,42,126,72,104,111,115,75,84,68,26,90,93" hai1="43,99,28,121,108,127,107,135,88,29,55,125,44" hai2="25,30,122,85,22,70,45,132,105,60,9,27,35" hai3="67,49,51,15,133,39,118,32,94,73,112,5,74"/><V91/><F91/><W100/><G39/><UN n2="%3E%5F%30%40%E6%9D%8F%E6%9D%8F%E8%BB%8D%E5%9C%98" /><T109/><D115/><U31/><E55/><V46/><F122/><W123/><G32/><T117/><D126/><N who="1" m="48139" /><E108/><N who="0" m="41545" /><D117/><U18/><E18/><V53/><F105/><W1/><G1/><T21/><D68/><U113/><E135/><V134/><F9/><W65/><G133/><N who="2" m="51305" /><F85/><W106/><G106/><T34/><D104/><U114/><E121/><V58/><F70/><W3/><G118/><T71/><D71/><U110/><E110/><V89/><F89/><W120/><G123/><T24/><D42/><U4/><E4/><V82/><F82/><W130/><G120/><T76/><D26/><U80/><E107/><V124/><F124/><W81/><G3/><T10/><D10/><U11/><E11/><V48/><F60/><W62/><G62/><T96/><D84/><N who="1" m="50183" /><E99/><V20/><F35/><N who="0" m="13322" /><D76/><U61/><E61/><V23/><F23/><W78/><G78/><T77/><D77/><U97/><E97/><V16/><AGARI ba="0,0" hai="16,20,22,25,27,30,45,46,48,53,58" m="51305" machi="16" ten="30,3000,0" yaku="20,1,54,1" doraHai="87" who="2" fromWho="2" sc="298,-10,252,-10,220,30,230,-10" /><INIT seed="2,1,0,4,4,65" ten="288,242,250,220" oya="2" hai0="85,2,115,7,47,51,121,114,25,64,126,78,42" hai1="26,33,123,119,110,132,135,130,6,62,59,29,125" hai2="71,122,46,89,128,38,120,81,20,27,19,74,112" hai3="21,52,30,72,17,75,129,117,13,73,108,69,84"/><V116/><F116/><W3/><G117/><T11/><D121/><U79/><E119/><V55/><F112/><W104/><G3/><T50/><D126/><U131/><E79/><V43/><F128/><N who="1" m="49193" /><E123/><V39/><F71/><W133/><G129/><T103/><D103/><U35/><E6/><V9/><F39/><W14/><G104/><T102/><D102/><U1/><E1/><V36/><F36/><W16/><G30/><T28/><D64/><N who="1" m="39007" /><E35/><V61/><F9/><W70/><G133/><N who="1" m="51274" /><E110/><V94/><F81/><W0/><G0/><T31/><D50/><U97/><E97/><V41/><F74/><W66/><G108/><T82/><D28/><U76/><E76/><V127/><F120/><W124/><G84/><T22/><AGARI ba="1,0" hai="2,7,11,22,25,31,42,47,51,78,82,85,114,115" machi="22" ten="20,1500,0" yaku="0,1,7,1" doraHai="65" who="0" fromWho="0" sc="288,18,242,-5,250,-8,220,-5" /><INIT seed="3,0,0,5,2,69" ten="306,237,242,215" oya="3" hai0="40,18,33,39,61,11,83,107,30,36,27,135,131" hai1="89,45,53,96,72,114,123,37,64,63,108,112,122" hai2="1,79,3,132,110,93,29,115,70,99,26,34,51" hai3="6,44,105,80,97,85,101,8,121,35,128,68,119"/><W17/><G68/><T88/><D131/><U71/><E72/><V22/><F115/><N who="1" m="44073" /><E89/><V127/><F110/><W7/><G119/><T2/><D135/><U56/><E96/><V32/><F132/><W134/><G134/><T15/><D107/><U126/><E108/><V62/><F127/><W104/><G128/><T14/><D40/><N who="1" m="22671" /><E126/><V100/><F79/><W21/><G35/><T0/><D61/><AGARI ba="0,0" hai="53,56,61,63,64,71,122,123" m="22671,44073" machi="61" ten="30,3900,0" yaku="34,2,52,1" doraHai="69" who="1" fromWho="0" sc="306,-39,237,39,242,0,215,0" /><INIT seed="4,0,0,2,3,64" ten="267,276,242,215" oya="0" hai0="54,124,49,86,24,99,95,29,31,25,118,55,53" hai1="62,103,89,71,72,100,59,133,120,108,2,11,44" hai2="80,101,7,15,130,21,87,107,115,1,128,83,96" hai3="74,37,4,28,26,88,46,40,16,56,23,52,122"/><T9/><D118/><U5/><E108/><V114/><F1/><W123/><G4/><T70/><D124/><U36/><E120/><N who="3" m="46122" /><G74/><T106/><D106/><U47/><E72/><V20/><F7/><W38/><G28/><T48/><D86/><U50/><E47/><V93/><F15/><W135/><G135/><T131/><D9/><U79/><E79/><V126/><F20/><W116/><G116/><T75/><D75/><U91/><E103/><V66/><F21/><W68/><G68/><T3/><D3/><U113/><E100/><V18/><F18/><W10/><G10/><T0/><D0/><U60/><E60/><V112/><F66/><W34/><G34/><T69/><D55/><N who="1" m="32247" /><E113/><V121/><F126/><W63/><G88/><T30/><D30/><U42/><E133/><V67/><F67/><AGARI ba="0,0" hai="2,5,11,36,42,44,62,67,71,89,91" m="32247" machi="67" ten="30,2000,0" yaku="24,1,52,1" doraHai="64" who="1" fromWho="2" sc="267,0,276,20,242,-20,215,0" /><INIT seed="5,0,0,4,3,78" ten="267,296,222,215" oya="1" hai0="18,72,42,10,6,117,60,112,105,103,83,107,65" hai1="39,44,118,52,29,5,87,56,128,7,13,77,67" hai2="25,108,126,86,19,45,27,32,69,64,104,71,135" hai3="16,34,70,9,62,131,81,61,31,51,99,116,75"/><U54/><E118/><V48/><F108/><W40/><G116/><T36/><D117/><U33/><E67/><V133/><F104/><W26/><G131/><T4/><D18/><U130/><E29/><V63/><F126/><W41/><G99/><T93/><D93/><U79/><E33/><V100/><F100/><W98/><G98/><T73/><D6/><U24/><E24/><V21/><F71/><W127/><G127/><T11/><D11/><U53/><E56/><V84/><F27/><W85/><G75/><T96/><D105/><U66/><E66/><V12/><F25/><W91/><G70/><T119/><D119/><U101/><E101/><V82/><F32/><W115/><G115/><T106/><D106/><U102/><E102/><V123/><F123/><W2/><G2/><T74/><D112/><U0/><E13/><V35/><F35/><W1/><G1/><T22/><D22/><U95/><E0/><V58/><F69/><W125/><G125/><T120/><D120/><U76/><E5/><V47/><F47/><W23/><G51/><T129/><D129/><U121/><E7/><V57/><F57/><W92/><G92/><T20/><D20/><U49/><E39/><V80/><F133/><W132/><G132/><T122/><D122/><U38/><E38/><V110/><F110/><W8/><G34/><T111/><D111/><U59/><E121/><V88/><F135/><W134/><G134/><T109/><D109/><U97/><E59/><V43/><F86/><W90/><G31/><T15/><D65/><U89/><E87/><V68/><F68/><RYUUKYOKU ba="0,0" sc="267,-15,296,15,222,15,215,-15" hai1="44,49,52,53,54,76,77,79,89,95,97,128,130" hai2="12,19,21,43,45,48,58,63,64,80,82,84,88" /><INIT seed="5,1,0,3,1,54" ten="252,311,237,200" oya="1" hai0="84,22,85,30,92,98,122,90,88,40,118,66,48" hai1="14,70,13,116,95,99,110,52,42,76,11,28,115" hai2="117,33,50,8,106,45,132,18,41,2,10,62,103" hai3="67,44,17,32,102,97,108,133,64,58,69,60,75"/><U59/><E70/><V134/><F117/><W109/><G75/><T131/><D118/><U57/><E116/><V86/><F33/><W5/><G133/><N who="2" m="51305" /><F2/><W96/><G5/><T125/><D131/><U119/><E115/><V130/><F130/><W7/><G7/><T38/><D38/><U65/><E110/><V112/><F112/><W46/><G32/><T91/><D125/><U82/><E42/><V81/><F18/><W63/><G17/><T0/><D0/><U25/><E11/><V89/><F62/><W114/><G114/><T27/><D122/><U21/><E82/><V43/><F43/><W83/><G83/><T135/><D135/><U26/><E76/><V107/><F107/><W123/><G123/><T72/><D72/><U71/><E26/><V87/><F87/><N who="0" m="33354" /><D66/><U80/><E80/><V35/><F35/><W124/><G124/><T34/><D34/><U105/><E105/><V73/><F73/><W129/><G129/><T9/><D9/><U111/><E111/><V53/><F41/><W16/><G16/><T78/><D78/><U4/><E4/><V47/><F47/><AGARI ba="1,0" hai="22,27,30,40,47,48,88,90,91,92,98" m="33354" machi="47" ten="30,2000,0" yaku="8,1,54,1" doraHai="54" who="0" fromWho="2" sc="252,23,311,0,237,-23,200,0" /><INIT seed="6,0,0,0,2,77" ten="275,311,214,200" oya="2" hai0="125,114,116,108,46,60,82,91,78,95,113,100,40" hai1="13,102,133,135,10,92,62,89,93,111,58,31,68" hai2="12,28,18,79,61,26,49,128,75,5,45,51,122" hai3="110,52,22,4,19,87,96,50,131,71,7,59,36"/><V127/><F122/><W57/><G36/><T103/><D108/><U11/><E68/><V42/><F127/><W86/><G71/><T32/><D32/><U74/><E74/><V97/><F128/><W88/><G131/><T94/><D125/><U65/><E31/><V47/><F5/><N who="3" m="2123" /><G59/><T15/><D60/><U33/><E33/><V126/><F126/><W1/><G1/><T117/><D15/><U130/><E13/><V73/><F61/><W99/><G86/><N who="0" m="48471" /><D46/><U30/><E30/><V27/><F97/><W112/><G112/><N who="0" m="43115" /><D40/><U3/><E3/><V121/><F121/><W37/><G37/><T67/><D67/><U35/><E35/><V20/><F27/><N who="3" m="14815" /><G110/><T83/><D83/><AGARI ba="0,0" hai="50,52,57,83,87,88,96,99" m="14815,2123" machi="83" ten="30,7700,0" yaku="8,1,52,1,54,2" doraHai="77" who="3" fromWho="0" sc="275,-77,311,0,214,0,200,77" /><INIT seed="7,0,0,4,0,116" ten="198,311,214,277" oya="3" hai0="42,63,33,35,70,120,38,55,68,117,78,25,18" hai1="113,10,24,9,13,57,79,34,122,32,54,112,118" hai2="114,41,133,52,108,125,27,123,47,17,45,5,22" hai3="69,6,0,102,67,97,40,62,58,100,85,30,95"/><W105/><G40/><T110/><D117/><U3/><E122/><V132/><F108/><W28/><G69/><T103/><D110/><U37/><E37/><V75/><F75/><W83/><G0/><T87/><D103/><U11/><E3/><V16/><F114/><N who="1" m="44137" /><E79/><V8/><F125/><W135/><G6/><T115/><D120/><U129/><E129/><V74/><F123/><W19/><G135/><N who="2" m="51785" /><F74/><W84/><G84/><T88/><D78/><U64/><E64/><V109/><F109/><W72/><G19/><T127/><D127/><U81/><E81/><V98/><F98/><W56/><G56/><T12/><D115/><U104/><E104/><V60/><F17/><W134/><G134/><T14/><D38/><U92/><E92/><V23/><F23/><W91/><G102/><T111/><D111/><U107/><E107/><V15/><F41/><W94/><G94/><T126/><D126/><U96/><E96/><V119/><F119/><W66/><G66/><T36/><D36/><U124/><E124/><V43/><F43/><W48/><G48/><T4/><D42/><U53/><E53/><V101/><F101/><W7/><G7/><T99/><D99/><U29/><E118/><V131/><F131/><W90/><G90/><T20/><D68/><U46/><E46/><V130/><F130/><W128/><G128/><T106/><D106/><U59/><E59/><AGARI ba="0,0" hai="5,8,15,16,22,27,45,47,52,59,60" m="51785" machi="59" ten="30,3900,0" yaku="20,1,54,2" doraHai="116" who="2" fromWho="1" sc="198,0,311,-39,214,39,277,0" /><INIT seed="8,0,0,2,2,72" ten="198,272,253,277" oya="0" hai0="114,26,59,78,4,75,46,40,61,131,126,3,102" hai1="8,28,41,124,83,62,39,95,135,43,87,133,64" hai2="118,27,33,47,89,0,111,31,115,100,18,48,76" hai3="91,125,108,86,32,107,103,58,57,13,128,36,79"/><T130/><D114/><U55/><E28/><V90/><F115/><W120/><G36/><T84/><D126/><U109/><E109/><V7/><F111/><W71/><G71/><T38/><D84/><U117/><E95/><V14/><F100/><W10/><G32/><T19/><D102/><U81/><E81/><V42/><F118/><W77/><G108/><T51/><D51/><U29/><E29/><V6/><F6/><W12/><G125/><T66/><D19/><U96/><E96/><V121/><F121/><W45/><G45/><T11/><REACH who="0" step="1"/><D26/><REACH who="0" ten="188,272,253,277" step="2"/><U98/><E124/><V63/><F18/><W56/><G103/><T97/><D97/><U16/><E98/><V65/><F27/><W15/><G107/><T88/><D88/><U85/><E16/><V21/><F89/><W68/><G91/><T94/><D94/><U105/><E87/><V70/><F90/><W17/><G86/><T73/><D73/><U134/><E85/><V116/><F48/><W69/><G17/><T101/><D101/><U60/><E105/><V1/><F116/><W30/><G10/><T52/><D52/><U34/><E8/><V50/><F50/><W37/><G37/><T24/><D24/><U113/><E39/><V53/><F53/><W99/><G99/><T119/><D119/><U22/><E55/><V82/><F31/><W9/><G30/><T92/><D92/><U112/><E117/><V123/><F123/><W2/><G120/><T35/><D35/><U74/><E34/><V132/><F33/><W54/><G54/><T127/><D127/><U80/><E113/><RYUUKYOKU ba="0,1" sc="188,30,272,-10,253,-10,277,-10" hai0="3,4,11,38,40,46,59,61,66,75,78,130,131" /><INIT seed="8,1,1,4,3,37" ten="218,262,243,267" oya="0" hai0="92,51,70,69,46,7,63,4,111,58,118,21,22" hai1="116,89,81,12,27,62,106,121,115,135,75,95,39" hai2="20,65,32,61,8,105,126,130,93,44,129,125,68" hai3="107,99,23,67,29,30,91,6,78,54,110,123,120"/><T100/><D118/><U122/><E39/><V98/><F105/><W38/><G78/><T26/><D111/><U56/><E115/><V31/><F32/><W66/><G6/><T104/><D104/><U55/><E135/><V73/><F73/><W82/><G110/><T119/><D119/><U74/><E74/><V64/><F64/><W97/><G38/><T13/><D69/><U131/><E131/><N who="2" m="50187" /><F8/><W77/><G107/><T1/><D1/><U52/><E106/><V10/><F10/><W134/><G134/><T108/><D70/><U128/><E12/><V41/><F20/><W84/><G23/><T109/><D13/><U90/><E27/><V117/><F31/><W102/><G30/><N who="0" m="17743" /><D22/><U14/><E14/><V88/><F117/><W72/><G29/><T9/><D9/><U17/><E116/><V133/><F133/><W34/><G34/><T127/><D109/><U86/><E17/><V124/><F124/><W103/><G72/><T50/><D127/><U3/><E3/><V79/><F79/><W28/><G28/><T11/><D11/><U40/><E75/><V24/><F24/><W53/><G77/><T2/><D2/><U25/><E25/><V59/><F68/><W16/><G16/><T42/><D51/><AGARI ba="1,1" hai="41,44,51,59,61,65,88,93,98,125,126" m="50187" machi="51" ten="30,3900,0" yaku="19,1,52,1,54,1" doraHai="37" who="2" fromWho="0" sc="218,-42,262,0,243,52,267,0" /><INIT seed="9,0,0,2,5,100" ten="176,262,295,267" oya="1" hai0="34,123,94,80,47,26,101,36,104,82,8,21,18" hai1="54,48,63,29,126,58,31,56,13,65,57,134,11" hai2="88,84,5,107,114,73,41,93,44,49,14,92,42" hai3="91,132,43,112,2,96,115,95,10,66,113,51,98"/><U83/><E126/><V45/><F73/><W28/><G66/><T72/><D94/><U59/><E83/><V125/><F107/><W40/><G28/><N who="1" m="10826" /><E134/><V117/><F114/><W55/><G132/><T0/><D34/><U12/><E12/><V78/><F78/><W122/><G122/><T3/><D123/><U103/><E103/><V109/><F117/><W111/><G111/><T39/><D47/><U119/><E119/><V35/><F35/><W74/><G74/><T9/><D101/><U110/><E110/><V6/><F109/><W50/><G2/><T53/><D53/><U68/><E68/><V105/><F14/><W67/><G67/><T97/><D97/><U37/><E37/><V121/><F121/><W32/><G32/><T124/><D21/><U135/><E135/><V15/><F105/><W19/><G98/><T87/><D87/><U70/><E70/><V77/><F77/><W127/><G127/><T60/><D124/><U7/><AGARI ba="0,0" hai="7,11,13,48,54,56,57,58,59,63,65" m="10826" machi="7" ten="30,1500,0" yaku="8,1" doraHai="100" who="1" fromWho="1" sc="176,-5,262,15,295,-5,267,-5" /><INIT seed="9,1,0,5,5,123" ten="171,277,290,262" oya="1" hai0="94,82,57,114,54,17,61,122,100,2,25,106,56" hai1="120,41,38,131,111,92,127,7,51,121,125,119,49" hai2="99,95,26,101,109,116,39,129,14,64,52,28,53" hai3="18,67,90,29,58,72,12,43,15,113,85,21,132"/><U130/><E111/><V22/><F109/><W44/><G72/><T8/><D122/><N who="1" m="47211" /><E7/><V42/><F116/><W34/><G113/><T13/><D114/><U71/><E92/><V62/><F129/><N who="1" m="49161" /><E71/><V45/><F14/><W107/><G107/><T70/><D106/><U84/><E84/><V98/><F98/><W32/><G132/><T1/><D70/><AGARI ba="1,0" hai="22,26,28,39,42,45,52,53,62,64,70,95,99,101" machi="70" ten="30,2000,0" yaku="7,1,54,1" doraHai="123" who="2" fromWho="0" sc="171,-23,277,0,290,23,262,0" owari="148,-35.0,277,8.0,313,41.0,262,-14.0" /></mjloggm>