<mjloggm ver="2.3"><GO type="169" lobby="0"/><UN n0="%E5%AE%AE%E6%B0%B8%E7%85%A7%EF%BC%A0%E7%99%BD%E7%B3%B8%E5%8F%B0" n1="%E3%83%88%E3%83%88%E3%83%AA%E5%85%88%E7%94%9F%31%39%E6%AD%B3" n2="%43%50%30%33" n3="%EF%BC%8A%E6%A1%9C%E6%9D%9C%EF%BC%8A" dan="16,18,16,16" rate="2060.13,2210.32,2129.94,2047.88" sx="M,F,M,M"/><TAIKYOKU oya="0"/><INIT seed="0,0,0,4,2,125" ten="250,250,250,250" oya="0" hai0="135,107,122,6,99,77,53,66,130,60,103,31,51" hai1="95,69,98,93,38,36,22,0,73,70,133,113,97" hai2="17,54,40,33,4,14,105,30,46,56,78,18,24" hai3="116,42,58,76,87,84,28,63,132,3,34,37,12"/><T96/><D122/><U114/><E22/><V10/><F105/><W62/><G3/><T2/><D135/><U32/><E0/><V25/><F78/><W41/><G116/><T49/><D77/><U16/><E32/><V67/><F67/><W106/><G106/><T7/><D31/><U52/><E133/><V115/><F115/><N who="1" m="44041" /><E73/><V102/><F102/><W72/><G72/><T57/><D130/><U50/><E16/><V123/><F123/><W8/><G28/><T35/><D35/><U108/><E108/><V11/><F56/><W21/><G58/><T100/><D2/><U119/><E119/><V13/><F54/><W29/><G29/><T127/><D127/><U82/><E82/><V86/><F86/><W121/><G87/><T79/><D79/><U26/><E26/><N who="2" m="18647" /><F40/><W74/><G84/><T1/><D1/><U118/><E118/><V104/><F46/><W9/><G42/><T65/><D65/><U117/><E117/><V129/><F129/><W61/><G41/><T128/><D128/><U85/><E85/><V134/><F104/><W83/><G34/><T45/><REACH who="0" step="1"/><D51/><REACH who="0" ten="240,250,250,250" step="2"/><U27/><E36/><V23/><F134/><W59/><G132/><T110/><D110/><U92/><E38/><V15/><AGARI ba="0,1" hai="4,10,11,13,14,15,17,18,23,24,25" m="18647" machi="15" ten="30,8000,1" yaku="35,5" doraHai="125" who="2" fromWho="2" sc="240,-40,250,-20,250,90,250,-20" /><INIT seed="1,0,0,5,0,97" ten="200,230,340,230" oya="1" hai0="78,76,91,12,133,61,103,14,15,135,59,109,35" hai1="5,77,118,71,130,21,94,55,68,83,30,29,63" hai2="26,6,46,108,114,126,1,96,101,44,88,74,7" hai3="57,127,90,36,81,128,84,47,48,51,113,72,82"/><U20/><E118/><V41/><F74/><W70/><G70/><T64/><D35/><U19/><E130/><V111/><F126/><W45/><G113/><T56/><D91/><U100/><E5/><V27/><F114/><W107/><G107/><T85/><D85/><U122/><E122/><V42/><F88/><W98/><G36/><T22/><D109/><N who="2" m="42058" /><F96/><W93/><G127/><T69/><D22/><U18/><E55/><V117/><F101/><W53/><G128/><T79/><REACH who="0" step="1"/><D103/><REACH who="0" ten="190,230,340,230" step="2"/><U102/><E77/><V32/><F32/><W16/><G84/><T17/><D17/><U105/><E94/><V80/><F7/><W11/><G72/><T37/><D37/><U87/><E87/><V89/><F89/><W49/><G82/><T104/><D104/><U23/><E23/><V8/><F80/><W54/><G81/><T121/><D121/><U73/><E83/><V125/><F125/><W33/><G33/><T95/><D95/><U131/><E73/><V52/><F6/><W65/><G90/><T119/><D119/><U67/><E131/><V50/><F117/><W31/><G93/><T116/><D116/><U112/><E112/><V110/><F110/><W0/><G16/><T4/><D4/><U106/><E67/><V2/><F8/><W34/><G11/><T92/><D92/><U24/><E24/><N who="2" m="9259" /><F2/><W9/><G0/><T3/><D3/><U43/><E43/><V66/><F66/><W75/><G9/><T120/><D120/><U62/><AGARI ba="0,1" hai="18,19,20,21,29,30,62,63,68,71,100,102,105,106" machi="62" ten="25,12000,1" yaku="0,1,22,2,52,2" doraHai="97" who="1" fromWho="1" sc="190,-40,230,130,340,-40,230,-40" /><INIT seed="1,1,0,1,0,33" ten="150,360,300,190" oya="1" hai0="89,132,1,25,85,3,35,126,38,128,16,0,36" hai1="78,8,59,30,80,18,4,55,108,119,10,56,52" hai2="104,87,131,123,133,98,71,125,95,28,57,103,20" hai3="127,106,65,97,101,72,99,105,22,92,84,43,129"/><U121/><E119/><V117/><F71/><W86/><G65/><T19/><D126/><U14/><E121/><V23/><F123/><W130/><G43/><T53/><D132/><U135/><E135/><V45/><F125/><W37/><G37/><T49/><D128/><N who="3" m="49257" /><G22/><T109/><D109/><U110/><E30/><V91/><F23/><W120/><G120/><T111/><D111/><N who="1" m="42539" /><E56/><V93/><F104/><N who="3" m="63551" /><G72/><T40/><D40/><U107/><E59/><V2/><F117/><W75/><G75/><T13/><D19/><U46/><E46/><V134/><F45/><W100/><G127/><T5/><D5/><U74/><E107/><AGARI ba="1,0" hai="84,86,92,97,100,105,106,107" m="63551,49257" machi="107" ten="30,3900,0" yaku="19,1,34,2" doraHai="33" who="3" fromWho="1" sc="150,0,360,-42,300,0,190,42" /><INIT seed="2,0,0,2,0,96" ten="150,318,300,232" oya="2" hai0="55,79,130,26,74,25,101,119,75,28,43,1,66" hai1="27,40,68,9,46,31,99,11,22,6,36,131,3" hai2="120,16,112,62,83,4,126,87,44,122,42,110,98" hai3="59,73,39,72,65,94,103,135,97,105,0,23,58"/><V108/><F112/><W7/><G39/><T14/><D1/><U15/><E131/><V100/><F4/><W35/><G35/><T38/><D66/><U78/><E68/><V21/><F62/><W129/><G7/><T63/><D14/><U118/><E118/><V54/><F87/><W93/><G0/><T52/><D130/><U67/><E67/><V104/><F54/><W102/><G129/><T81/><D119/><U64/><E64/><V33/><F83/><W34/><G34/><T90/><D90/><U2/><E11/><V116/><F33/><W56/><G105/><T86/><D26/><U41/><E78/><V111/><F126/><W95/><G135/><T88/><D101/><N who="3" m="38409" /><G72/><T57/><D55/><U12/><E3/><V82/><F82/><W60/><G73/><T18/><D18/><U69/><E69/><V106/><F106/><W51/><G97/><T53/><D53/><U17/><E99/><V32/><F32/><W77/><G77/><T132/><D132/><U91/><E2/><V124/><F124/><W47/><G23/><T134/><D134/><U30/><E6/><V61/><F61/><W114/><G114/><T19/><D19/><U92/><E30/><V10/><F10/><W133/><G133/><T48/><D38/><N who="1" m="21783" /><E9/><V125/><F125/><W107/><G107/><T29/><D79/><U109/><E17/><V5/><F5/><W45/><G45/><N who="0" m="25663" /><D29/><U85/><E31/><V13/><F116/><W128/><G128/><T20/><D75/><U71/><E71/><V8/><F8/><W76/><G76/><T84/><D74/><RYUUKYOKU ba="0,0" sc="150,10,318,-30,300,10,232,10" hai0="20,25,28,52,57,63,81,84,86,88" hai2="13,16,21,42,44,98,100,104,108,110,111,120,122" hai3="47,51,56,58,59,60,65,93,94,95" /><INIT seed="2,1,0,4,2,60" ten="160,288,310,242" oya="2" hai0="89,68,16,71,84,70,63,0,69,135,19,53,66" hai1="106,132,54,102,103,37,15,131,8,117,45,111,46" hai2="9,113,21,39,123,11,93,36,101,13,99,2,25" hai3="88,29,43,1,98,81,94,96,112,32,79,59,124"/><V97/><F123/><W114/><G1/><T77/><D0/><U7/><E117/><V24/><F2/><W119/><G119/><T83/><D135/><U104/><E132/><V82/><F113/><N who="3" m="43627" /><G43/><T125/><D125/><U87/><E111/><V52/><F39/><W90/><G124/><T92/><REACH who="0" step="1"/><D53/><REACH who="0" ten="150,288,310,242" step="2"/><U12/><E54/><V3/><F3/><W122/><G122/><T109/><D109/><U80/><E131/><V134/><F52/><W50/><G50/><T120/><D120/><U67/><E37/><V107/><F36/><W86/><G59/><T95/><D95/><U31/><E106/><V23/><F134/><W61/><G94/><T78/><D78/><U38/><E104/><V65/><F93/><W126/><G126/><T105/><D105/><U100/><E38/><V51/><F107/><W118/><G118/><T121/><D121/><U48/><E48/><V44/><F51/><W41/><G41/><T22/><D22/><U30/><E45/><V116/><F44/><W20/><G20/><T127/><D127/><U129/><E46/><V108/><F116/><W58/><G58/><T64/><D64/><U133/><E129/><V76/><F65/><W74/><G79/><T49/><D49/><U26/><E133/><V85/><F76/><W18/><G32/><T14/><D14/><N who="1" m="5407" /><E67/><V34/><F34/><W55/><G55/><T27/><D27/><U17/><E26/><V6/><F25/><W75/><G81/><T91/><D91/><N who="1" m="51687" /><E15/><V10/><F24/><W33/><G33/><T42/><D42/><U57/><E57/><V4/><F108/><RYUUKYOKU ba="1,1" sc="150,15,288,15,310,-15,242,-15" hai0="16,19,63,66,68,69,70,71,77,83,84,89,92" hai1="12,17,30,31,100,102,103" /><INIT seed="3,2,1,0,5,1" ten="165,303,295,227" oya="3" hai0="30,87,19,82,11,129,32,64,8,28,42,75,14" hai1="93,74,43,95,80,9,116,12,33,24,44,124,125" hai2="20,89,41,113,102,23,57,117,29,99,47,69,84" hai3="50,53,3,101,100,65,78,63,94,134,77,16,73"/><W22/><G134/><T18/><D75/><U36/><E116/><V15/><F69/><W68/><G3/><T109/><D109/><U0/><E0/><V108/><F108/><W6/><G6/><T61/><D129/><U103/><E103/><V25/><F57/><W67/><G67/><T91/><D42/><U45/><E45/><V132/><F113/><W17/><G17/><T122/><D122/><U131/><E131/><V59/><F59/><W58/><G73/><T72/><D72/><U107/><E107/><V31/><F117/><W48/><G48/><T121/><D121/><U98/><E98/><V39/><F132/><W21/><G21/><T128/><D128/><U104/><E104/><V92/><F15/><W2/><G2/><T35/><D35/><U106/><E106/><V46/><F46/><W120/><G120/><T27/><D30/><N who="1" m="19655" /><E80/><V66/><F66/><W96/><REACH who="3" step="1"/><G101/><REACH who="3" ten="165,303,295,217" step="2"/><T37/><D37/><U71/><E74/><V40/><F20/><W83/><G83/><T118/><D118/><U86/><E36/><V10/><F39/><W115/><G115/><T105/><D11/><U111/><E9/><V85/><F10/><W4/><G4/><T114/><D114/><U119/><E111/><V70/><F102/><W88/><G88/><T79/><D91/><U62/><E119/><V13/><F89/><W123/><G123/><T110/><D110/><U54/><E62/><V26/><F23/><W90/><G90/><T127/><D19/><U81/><E81/><V126/><F31/><W5/><G5/><T97/><D82/><U56/><E86/><RYUUKYOKU ba="2,2" sc="165,-10,303,-10,295,-10,217,30" hai3="16,22,50,53,58,63,65,68,77,78,94,96,100" /><INIT seed="3,3,2,2,1,113" ten="155,293,285,247" oya="3" hai0="17,135,19,20,104,57,15,65,38,42,95,58,34" hai1="7,10,92,27,61,9,88,43,79,32,28,123,49" hai2="51,2,118,106,12,86,24,22,87,73,4,69,110" hai3="59,125,74,75,16,94,91,39,46,128,21,14,40"/><W47/><G125/><T25/><D104/><U48/><E123/><V1/><F73/><W97/><G128/><T55/><D135/><U18/><E79/><V114/><F69/><W120/><G120/><T76/><D76/><U11/><E7/><V85/><F106/><W102/><G47/><T107/><D107/><U101/><E101/><V41/><F114/><W127/><G127/><T90/><D38/><U37/><E18/><V5/><F2/><W116/><G116/><T35/><D42/><U71/><E37/><V60/><F118/><W108/><G108/><T64/><D35/><U30/><E43/><V29/><F60/><W131/><G131/><T68/><D68/><U80/><E80/><V100/><F100/><W31/><G31/><T134/><D134/><U56/><E71/><V77/><F1/><W129/><G129/><T98/><D34/><U72/><E72/><V99/><F77/><W96/><REACH who="3" step="1"/><G59/><REACH who="3" ten="155,293,285,237" step="2"/><N who="0" m="22539" /><D55/><U44/><E30/><V122/><F110/><W54/><G54/><T6/><D6/><U105/><E44/><N who="2" m="25999" /><F122/><W119/><G119/><T130/><D130/><U133/><E133/><V82/><F5/><W103/><G103/><T70/><D70/><U121/><E121/><V84/><F82/><W62/><G62/><T78/><D65/><U126/><E126/><V132/><F132/><W33/><G33/><T52/><D64/><U23/><E32/><V67/><F67/><W50/><G50/><T109/><D109/><U45/><E61/><V89/><F4/><W3/><G3/><T36/><D52/><U124/><E124/><V81/><F29/><RYUUKYOKU ba="3,3" sc="155,-10,293,-10,285,-10,237,30" hai3="14,16,21,39,40,46,74,75,91,94,96,97,102" /><INIT seed="3,4,3,1,4,117" ten="145,283,275,267" oya="3" hai0="35,135,120,34,6,93,101,11,87,107,79,71,57" hai1="91,50,70,77,119,110,8,113,41,19,18,73,31" hai2="24,54,102,10,75,29,115,127,78,2,43,109,20" hai3="49,98,129,118,7,106,13,15,17,89,94,21,83"/><W72/><G118/><T60/><D71/><U12/><E119/><V97/><F115/><W5/><G129/><T64/><D135/><U125/><E110/><V16/><F109/><W9/><G106/><T44/><D107/><U47/><E70/><V112/><F43/><W65/><G65/><T92/><D120/><U0/><E113/><V123/><F123/><W22/><G72/><T126/><D126/><U133/><E125/><V42/><F42/><W96/><G83/><N who="0" m="47615" /><D34/><U14/><E133/><V3/><F127/><W104/><G104/><T4/><D35/><U80/><E91/><V68/><F68/><W59/><G96/><N who="0" m="59527" /><D44/><U23/><E31/><V111/><F111/><W45/><G59/><T134/><D134/><U51/><E0/><V74/><F78/><W53/><REACH who="3" step="1"/><G21/><REACH who="3" ten="145,283,275,257" step="2"/><T108/><D108/><U38/><AGARI ba="4,4" hai="8,12,14,18,19,23,38,41,47,50,51,73,77,80" machi="38" ten="20,1500,0" yaku="0,1,7,1" doraHai="117" who="1" fromWho="1" sc="145,-8,283,67,275,-8,257,-11" /><INIT seed="4,0,0,1,5,87" ten="137,350,267,246" oya="0" hai0="49,45,108,71,84,110,24,44,62,120,114,112,5" hai1="85,19,91,42,89,38,95,0,92,111,69,119,13" hai2="135,74,75,133,37,102,123,93,96,23,61,107,36" hai3="99,116,25,21,64,65,80,101,50,72,90,27,43"/><T41/><D5/><U53/><E119/><V47/><F123/><W105/><G116/><T121/><D24/><U29/><E111/><N who="0" m="42537" /><D45/><U55/><E69/><V4/><F4/><W130/><G25/><T17/><D17/><U31/><E0/><V134/><F107/><W15/><G15/><T12/><D12/><U1/><E1/><V68/><F23/><W131/><G43/><T82/><D82/><U66/><E66/><N who="2" m="41039" /><F47/><W3/><G3/><T35/><D35/><U132/><E132/><V39/><AGARI ba="0,0" hai="36,37,39,74,75,93,96,102,133,134,135" m="41039" machi="39" ten="40,1500,0" yaku="20,1" doraHai="87" who="2" fromWho="2" sc="137,-7,350,-4,267,15,246,-4" /><INIT seed="5,0,0,1,0,61" ten="130,346,282,242" oya="1" hai0="59,25,36,6,127,45,1,95,96,21,74,133,71" hai1="39,82,94,70,0,120,37,125,108,38,55,63,83" hai2="28,110,109,13,18,64,41,53,123,114,102,75,23" hai3="32,117,80,42,78,58,126,40,22,60,104,14,51"/><U43/><E120/><V69/><F41/><W2/><G32/><T4/><D71/><U12/><E0/><V118/><F75/><W76/><G2/><T122/><D122/><U100/><E125/><V79/><F79/><W30/><G104/><T17/><D74/><U72/><E108/><V93/><F118/><W19/><G30/><T128/><D127/><U15/><E43/><V20/><F53/><W50/><G117/><T98/><D133/><U106/><E106/><V54/><F54/><N who="3" m="33879" /><G126/><T85/><D128/><U57/><E70/><V52/><F52/><W68/><G68/><T66/><D36/><U92/><E100/><V105/><F105/><W67/><G67/><T49/><D49/><N who="3" m="18441" /><G76/><T3/><D45/><U121/><E121/><V86/><F64/><W113/><G113/><T135/><D135/><U101/><E72/><V9/><F69/><W8/><G22/><T81/><D3/><U46/><E46/><V116/><F114/><W89/><G78/><N who="0" m="46263" /><D1/><U130/><E130/><V56/><F123/><W34/><G34/><T112/><D112/><U107/><E107/><V119/><F110/><W90/><G90/><N who="0" m="55415" /><D98/><U88/><E101/><V10/><F109/><W27/><G89/><T24/><D24/><U134/><E134/><V7/><F119/><W35/><G80/><N who="1" m="30762" /><E92/><V132/><F132/><W73/><G73/><T11/><D11/><U26/><E26/><N who="2" m="16479" /><F102/><W111/><G111/><T97/><D97/><N who="1" m="57543" /><E39/><V99/><F116/><W47/><G47/><T29/><D29/><U87/><E87/><V48/><F86/><W33/><G27/><T115/><D115/><RYUUKYOKU ba="0,0" sc="130,10,346,10,282,-30,242,10" hai0="4,6,17,21,25,59,66" hai1="12,15,37,38,55,57,63" hai3="8,14,19,33,35,40,42" /><INIT seed="5,1,0,0,3,28" ten="140,356,252,252" oya="1" hai0="113,132,135,30,42,61,52,118,8,72,122,124,76" hai1="37,14,77,26,6,71,17,119,1,51,36,12,99" hai2="78,49,7,48,33,100,134,55,65,70,120,83,127" hai3="43,53,128,4,121,133,75,85,58,0,18,81,38"/><U67/><E119/><V59/><F120/><W24/><G121/><T15/><D118/><U9/><E77/><V88/><F100/><W60/><G133/><N who="0" m="51275" /><D122/><U112/><E112/><V40/><F134/><W101/><G101/><T82/><D42/><U16/><E99/><V90/><F33/><W54/><G54/><T50/><D61/><U22/><E51/><V13/><F127/><W68/><G68/><T66/><D66/><U129/><E129/><V2/><F2/><W69/><G69/><T31/><D124/><U89/><E89/><V32/><F32/><W20/><G75/><T117/><D117/><U93/><E93/><V23/><F65/><W39/><G43/><T29/><D113/><U44/><E44/><N who="2" m="25607" /><F70/><W91/><G128/><T34/><D34/><U106/><E106/><V79/><F7/><W115/><G115/><T102/><D102/><U123/><E123/><V97/><F97/><W35/><G35/><T11/><D15/><U87/><E87/><N who="2" m="50303" /><F90/><W125/><G125/><T19/><D19/><AGARI ba="1,0" hai="13,19,23,49,55,59,78,79" m="50303,25607" machi="19" ten="30,2000,0" yaku="8,1,54,1" doraHai="28" who="2" fromWho="0" sc="140,-23,356,0,252,23,252,0" /><INIT seed="6,0,0,0,5,76" ten="117,356,275,252" oya="2" hai0="127,4,9,126,93,29,52,10,89,110,106,34,94" hai1="85,91,78,32,16,108,65,50,79,3,64,48,22" hai2="111,57,14,11,21,80,44,12,23,130,98,67,26" hai3="13,123,60,114,27,63,8,132,1,118,41,47,72"/><V45/><F130/><W119/><G123/><T31/><D106/><U100/><E108/><V83/><F98/><W116/><G72/><T7/><D110/><U66/><E3/><V46/><F111/><W33/><G1/><T77/><D77/><N who="1" m="29195" /><E100/><V53/><F67/><W56/><G132/><T71/><D71/><U61/><E61/><N who="2" m="36015" /><F21/><W40/><G40/><T101/><D89/><U54/><E32/><V113/><F113/><W82/><G27/><T55/><REACH who="0" step="1"/><D34/><REACH who="0" ten="107,356,275,252" step="2"/><U95/><E91/><V17/><F14/><W125/><G33/><T15/><D15/><U6/><E66/><V36/><F36/><W117/><G13/><T134/><D134/><U135/><E65/><V37/><F37/><W102/><G118/><T105/><D105/><U86/><E64/><V131/><F131/><W42/><G119/><T70/><D70/><U133/><E135/><V19/><AGARI ba="0,1" hai="11,12,17,19,23,26,44,45,46,80,83" m="36015" machi="19" ten="30,6000,0" yaku="8,1,52,2" doraHai="76" who="2" fromWho="2" sc="107,-20,356,-20,275,70,252,-20" /><INIT seed="6,1,0,3,1,68" ten="87,336,345,232" oya="2" hai0="84,61,35,94,79,97,10,117,100,135,0,69,93" hai1="81,36,11,20,13,41,116,80,53,87,40,55,39" hai2="38,89,12,22,122,104,120,23,25,7,32,42,124" hai3="8,74,62,6,48,99,85,67,130,126,91,9,105"/><V112/><F104/><W15/><G74/><T92/><D135/><U73/><E116/><V109/><F32/><W123/><G123/><T76/><D117/><U56/><E20/><V2/><F2/><W58/><G130/><T127/><D35/><U82/><E73/><V83/><F12/><W37/><G48/><T114/><D69/><U131/><E131/><V75/><F7/><W106/><G99/><T78/><D61/><N who="1" m="35983" /><E36/><V21/><F109/><W90/><G37/><T44/><D44/><U110/><E39/><V50/><F38/><W70/><G70/><T33/><D33/><U71/><E71/><V52/><F42/><N who="1" m="16489" /><E55/><V57/><F75/><W60/><G126/><T47/><D47/><U59/><E59/><V54/><F54/><W31/><G62/><T77/><D10/><U107/><E107/><V128/><F128/><W119/><G119/><T27/><D27/><U3/><E3/><V95/><F25/><W65/><G65/><T133/><D0/><U18/><E110/><V28/><F124/><W19/><G105/><N who="0" m="63631" /><D133/><U108/><E108/><V66/><F28/><W121/><G106/><T30/><D30/><U4/><E4/><V5/><F66/><W1/><G31/><T51/><D51/><U63/><E63/><V24/><F24/><W96/><G121/><T49/><D49/><U118/><E118/><V111/><F5/><W45/><G45/><T98/><D127/><U113/><E87/><N who="2" m="52671" /><F111/><W132/><G132/><T26/><D114/><U46/><E113/><V88/><F112/><W64/><G1/><T125/><N who="0" m="19456" /><DORA hai="115" /><T34/><D125/><RYUUKYOKU ba="1,0" sc="87,-15,336,15,345,15,232,-15" hai1="11,13,18,46,80,81,82" hai2="21,22,23,50,52,57,83,88,120,122" /><INIT seed="6,2,0,5,5,6" ten="72,351,360,217" oya="2" hai0="54,72,89,53,120,32,69,49,130,17,42,13,101" hai1="98,29,102,129,64,74,4,37,40,60,107,63,0" hai2="52,118,96,34,112,5,83,90,57,76,19,104,78" hai3="117,44,35,70,11,122,46,33,27,119,56,24,125"/><V87/><F5/><W55/><G70/><T99/><D120/><U48/><E74/><V105/><F34/><W116/><G122/><T132/><D132/><U79/><E79/><N who="2" m="46591" /><F57/><W91/><G91/><T106/><D72/><U9/><E129/><V12/><F105/><W124/><G11/><T67/><D130/><U86/><E37/><V26/><F26/><N who="3" m="9771" /><G56/><T81/><D32/><N who="3" m="12361" /><G55/><T84/><D69/><U62/><E29/><V10/><F118/><W123/><G123/><T28/><D28/><U65/><REACH who="1" step="1"/><E86/><REACH who="1" ten="72,341,360,217" step="2"/><V85/><F85/><W94/><G117/><T126/><D126/><U127/><E127/><V43/><F78/><W77/><G119/><T30/><D30/><U25/><E25/><V3/><F76/><W115/><G77/><T41/><D67/><U31/><E31/><V133/><F133/><W100/><G116/><T8/><REACH who="0" step="1"/><D54/><REACH who="0" ten="62,341,360,217" step="2"/><U1/><E1/><V82/><F52/><W111/><G124/><T14/><D14/><U58/><E58/><AGARI ba="2,2" hai="8,13,17,41,42,49,53,58,81,84,89,99,101,106" machi="58" ten="30,7700,0" yaku="1,1,7,1,52,1,53,1" doraHai="6" doraHaiUra="47" who="0" fromWho="1" sc="62,103,341,-83,360,0,217,0" /><INIT seed="7,0,0,1,3,31" ten="165,258,360,217" oya="3" hai0="113,21,8,118,119,90,115,62,98,25,56,94,104" hai1="63,23,132,123,66,29,28,48,68,17,111,38,133" hai2="22,61,87,97,20,125,101,135,86,126,15,120,30" hai3="54,11,65,83,13,35,105,76,9,18,58,4,106"/><W103/><G65/><T41/><D41/><U53/><E38/><V12/><F61/><W102/><G35/><T124/><D124/><N who="2" m="47722" /><F135/><N who="1" m="51785" /><E111/><V80/><F87/><W85/><G106/><T33/><D8/><U55/><E123/><V89/><F120/><W32/><G32/><T3/><D3/><U47/><E53/><V92/><F30/><W46/><G105/><T2/><D2/><U130/><E130/><V67/><F67/><W69/><G69/><T19/><D104/><U10/><E10/><V60/><F60/><W96/><G96/><T82/><D82/><U42/><E42/><V49/><F49/><W57/><G46/><T26/><D26/><AGARI ba="0,0" hai="17,23,26,28,29,47,48,55,63,66,68" m="51785" machi="26" ten="30,1000,0" yaku="20,1" doraHai="31" who="1" fromWho="0" sc="165,-10,258,10,360,0,217,0" owari="155,-34.0,268,7.0,360,45.0,217,-18.0" /></mjloggm>