<mjloggm ver="2.3"><GO type="169" lobby="0"/><UN n0="%6D%61%74%69%6F%73%61%6E" n1="%E3%83%88%E3%83%88%E3%83%AA%E5%85%88%E7%94%9F%31%39%E6%AD%B3" n2="%64%75%72%72%72%72%72" n3="%53%48%49%53%55%4B%45" dan="17,18,16,16" rate="2116.82,2186.05,2098.21,2105.73" sx="M,F,M,M"/><TAIKYOKU oya="0"/><INIT seed="0,0,0,4,4,46" ten="250,250,250,250" oya="0" hai0="16,99,111,2,73,45,126,61,104,24,53,28,133" hai1="51,91,129,5,80,32,50,38,83,39,114,57,128" hai2="26,103,96,54,18,66,86,4,135,1,41,118,12" hai3="52,119,84,72,78,33,15,64,8,95,23,71,7"/><T20/><D2/><U105/><E32/><V120/><F120/><W89/><G119/><T44/><D73/><U109/><E105/><V106/><F118/><W122/><G33/><T9/><D133/><U79/><E109/><V82/><F135/><W134/><G134/><T43/><D111/><U21/><E114/><V124/><F124/><W40/><G40/><T68/><D126/><U56/><E21/><V19/><F41/><W117/><G117/><T6/><D68/><U17/><E17/><V92/><F66/><W93/><G72/><T102/><D61/><U75/><E5/><V108/><F108/><W29/><G78/><T130/><D130/><N who="1" m="50283" /><E83/><V90/><F26/><N who="3" m="16607" /><G64/><T125/><D125/><U63/><E91/><V116/><F116/><W123/><G71/><T58/><D43/><U70/><E70/><V97/><F1/><W107/><G107/><T69/><D69/><U27/><E27/><V36/><F36/><N who="1" m="13865" /><E57/><V22/><F18/><W81/><G123/><T65/><D28/><U31/><E31/><V112/><F4/><W10/><G122/><T30/><D30/><U37/><N who="1" m="13873" /><U55/><AGARI ba="0,0" hai="50,51,55,56,63,75,79,80" m="13873,50283" machi="55" ten="50,8000,1" yaku="4,1,19,1,52,2" doraHai="46" who="1" fromWho="1" sc="250,-40,250,80,250,-20,250,-20" /><INIT seed="1,0,0,5,2,1" ten="210,330,230,230" oya="1" hai0="135,78,3,17,94,14,88,37,89,33,86,12,83" hai1="9,99,133,15,58,44,35,23,46,21,97,75,77" hai2="51,107,34,81,62,28,43,73,69,79,131,92,98" hai3="102,119,29,60,47,16,132,113,127,19,110,13,67"/><U38/><E35/><V100/><F51/><W105/><G113/><T4/><D33/><U18/><E133/><V41/><F92/><W49/><G29/><T11/><D37/><U122/><E122/><V42/><F131/><W128/><G19/><T106/><D106/><U134/><E134/><V87/><F87/><W74/><G74/><T112/><D112/><U90/><E75/><V61/><F61/><W82/><G82/><T121/><D121/><U96/><E77/><V76/><F76/><W125/><G128/><T7/><D135/><U54/><E90/><V10/><F10/><W59/><G119/><T0/><D89/><U84/><E84/><V36/><F36/><W57/><G57/><T68/><D68/><U64/><E64/><N who="2" m="41111" /><F43/><W80/><G80/><T55/><D55/><U101/><E101/><V116/><F116/><W20/><G110/><T120/><D120/><U52/><E38/><V24/><AGARI ba="0,0" hai="24,28,34,41,42,73,79,81,98,100,107" m="41111" machi="24" ten="30,1100,0" yaku="25,1" doraHai="1" who="2" fromWho="2" sc="210,-3,330,-5,230,11,230,-3" /><INIT seed="2,0,0,4,1,30" ten="207,325,241,227" oya="2" hai0="28,53,57,131,19,25,115,62,100,124,44,84,73" hai1="39,68,10,76,64,2,87,4,80,67,93,94,47" hai2="105,9,92,120,126,101,23,78,99,54,29,32,34" hai3="83,42,11,59,70,12,103,7,15,95,6,65,75"/><V27/><F120/><W125/><G70/><T36/><D73/><N who="1" m="43023" /><E68/><V110/><F126/><W38/><G125/><T55/><D115/><U91/><E93/><V31/><F31/><W82/><G38/><T16/><D124/><U123/><E123/><V97/><F110/><W107/><G107/><T8/><D131/><U86/><E86/><V17/><F78/><W133/><G42/><AGARI ba="0,0" hai="2,4,10,39,42,47,64,67,87,91,94" m="43023" machi="42" ten="30,1000,0" yaku="25,1" doraHai="30" who="1" fromWho="3" sc="207,0,325,10,241,0,227,-10" /><INIT seed="3,0,0,2,5,28" ten="207,335,241,217" oya="3" hai0="133,25,67,22,36,110,127,123,97,30,45,52,115" hai1="46,84,92,56,49,47,51,31,125,54,132,73,109" hai2="63,102,121,11,61,6,33,129,104,96,99,103,112" hai3="32,27,44,71,48,64,43,79,86,12,38,77,1"/><W117/><G1/><T15/><D123/><U107/><E73/><V16/><F112/><W37/><G117/><T76/><D115/><U23/><E107/><V83/><F121/><W126/><G38/><T66/><D110/><U95/><E109/><V24/><F129/><W59/><G126/><T100/><D133/><U20/><E125/><V21/><F33/><W7/><G86/><T39/><D127/><U78/><E132/><V29/><F29/><W50/><G50/><T82/><D15/><U87/><E56/><V17/><F17/><W34/><G27/><T3/><D3/><U135/><E135/><V40/><F83/><W80/><G12/><T70/><D70/><U105/><E105/><V93/><REACH who="2" step="1"/><F40/><REACH who="2" ten="207,335,231,217" step="2"/><W69/><G7/><T58/><D82/><U88/><E31/><V57/><F57/><W91/><G71/><T101/><D58/><U108/><E108/><V89/><F89/><W130/><G91/><T124/><D124/><U2/><E78/><N who="3" m="29706" /><G80/><T128/><D76/><U113/><E113/><V74/><F74/><W75/><G75/><T81/><D81/><U119/><E119/><V60/><F60/><N who="3" m="40071" /><G130/><T13/><D128/><U111/><E111/><V19/><F19/><W118/><G118/><T94/><D30/><U53/><E88/><V35/><F35/><W42/><G42/><T9/><D100/><U55/><E55/><AGARI ba="0,1" hai="32,34,37,43,44,48,55,59" m="40071,29706" machi="55" ten="30,5800,0" yaku="24,1,52,2" doraHai="28" who="3" fromWho="1" sc="207,0,335,-58,231,0,217,68" /><INIT seed="3,1,0,0,5,105" ten="207,277,231,285" oya="3" hai0="30,134,81,16,97,116,127,9,1,72,120,79,35" hai1="125,44,57,56,62,90,121,84,49,61,123,52,77" hai2="65,46,20,34,131,12,47,83,133,25,55,85,28" hai3="99,53,114,40,31,45,48,115,74,94,50,98,4"/><W67/><G74/><T14/><D116/><U104/><E104/><V3/><F3/><W23/><G67/><T29/><D120/><U124/><E77/><V11/><F133/><W33/><G33/><T19/><D134/><U32/><E32/><V111/><F111/><W66/><G66/><T96/><D127/><N who="1" m="48715" /><E84/><V51/><F131/><W59/><G4/><T41/><D41/><N who="1" m="24719" /><E90/><V18/><F65/><AGARI ba="1,0" hai="52,56,57,61,62,65,121,123" m="24719,48715" machi="65" ten="30,7700,0" yaku="18,1,34,2,54,1" doraHai="105" who="1" fromWho="2" sc="207,0,277,80,231,-80,285,0" /><INIT seed="4,0,0,5,2,21" ten="207,357,151,285" oya="0" hai0="132,43,89,80,84,81,86,118,99,54,11,109,113" hai1="103,79,9,87,41,59,127,13,101,83,50,96,70" hai2="42,104,95,52,56,77,121,39,22,62,44,129,6" hai3="97,76,14,124,123,60,49,88,17,133,5,108,20"/><T72/><D118/><U29/><E70/><V112/><F104/><W130/><G108/><T47/><D109/><U134/><E134/><V111/><F121/><W78/><G133/><T36/><D132/><U19/><E127/><V105/><F111/><W4/><G124/><T92/><D113/><U55/><E29/><V120/><F105/><W34/><G34/><T35/><D35/><U82/><E96/><V126/><F120/><W38/><G38/><T26/><D54/><U37/><E37/><V27/><F126/><W16/><G130/><T51/><D72/><U10/><E41/><V100/><F129/><W114/><G114/><T91/><D11/><U46/><E59/><V67/><F112/><W31/><G31/><T57/><D57/><U116/><E116/><V131/><F131/><W93/><G123/><T24/><D36/><U58/><E58/><V107/><F107/><W122/><G60/><T40/><D43/><U0/><E0/><V1/><F77/><AGARI ba="0,0" hai="24,26,40,47,51,77,80,81,84,86,89,91,92,99" machi="77" ten="30,11600,0" yaku="7,1,8,1,52,2" doraHai="21" who="0" fromWho="2" sc="207,116,357,0,151,-116,285,0" /><INIT seed="4,1,0,0,2,39" ten="323,357,35,285" oya="0" hai0="29,54,96,74,73,107,10,106,47,120,49,3,9" hai1="33,52,71,127,15,97,36,94,117,72,79,12,109" hai2="43,69,82,90,132,6,25,100,75,44,32,31,135" hai3="14,102,114,42,11,46,105,5,95,91,130,87,88"/><T78/><D120/><U121/><E109/><V77/><F69/><W58/><G114/><T118/><D118/><U62/><E121/><V13/><F90/><W18/><G130/><T37/><D29/><U16/><E33/><V128/><F128/><W133/><G133/><T4/><D74/><U20/><E36/><V59/><F59/><W70/><G70/><T83/><D96/><U116/><E127/><V51/><F100/><W23/><G105/><T57/><REACH who="0" step="1"/><D10/><REACH who="0" ten="313,357,35,285" step="2"/><U60/><E117/><V122/><REACH who="2" step="1"/><F122/><REACH who="2" ten="313,357,25,285" step="2"/><W65/><G102/><T53/><D53/><U40/><E52/><V26/><F26/><W1/><G91/><T85/><D85/><U103/><E116/><V21/><F21/><W7/><G23/><T110/><D110/><U45/><E72/><V86/><F86/><W24/><G24/><T101/><D101/><U123/><E123/><V76/><F76/><W119/><G119/><T34/><D34/><U124/><E79/><V125/><F125/><W55/><G55/><T66/><D66/><U104/><E124/><V108/><F108/><W28/><G65/><T61/><D61/><U67/><E62/><V98/><F98/><W131/><G87/><T80/><D80/><U63/><E63/><V126/><F126/><W35/><G35/><T64/><D64/><U113/><E94/><V56/><F56/><W115/><G58/><T0/><D0/><U38/><E113/><V134/><F134/><W48/><G95/><T41/><AGARI ba="1,2" hai="3,4,9,37,41,47,49,54,57,73,78,83,106,107" machi="41" ten="30,12000,1" yaku="1,1,0,1,25,2,52,1,53,0" doraHai="39" doraHaiUra="92" who="0" fromWho="0" sc="313,143,357,-41,25,-41,285,-41" owari="456,56.0,316,12.0,-16,-52.0,244,-16.0" /></mjloggm>