<mjloggm ver="2.3"><GO type="169" lobby="0"/><UN n0="%E3%81%B5%E3%81%86%E3%81%8C%E2%99%AA" n1="%E5%B0%B1%E6%B4%BB%E7%94%9F%40%E5%B7%9D%E6%9D%91%E8%BB%8D%E5%9B%A3" n2="%EF%BC%BA%EF%BC%A5%EF%BC%B2%EF%BC%AF%EF%BC%8D%EF%BC%AD%EF%BC%A1%EF%BC%B8" n3="%E4%B8%8A%E5%AE%B6%E3%81%AF%E6%80%AA%E3%81%97%E3%81%84%EF%BC%81%EF%BC%81" dan="17,17,16,18" rate="2176.64,2168.94,2156.77,2182.68" sx="M,M,M,M"/><TAIKYOKU oya="0"/><INIT seed="0,0,0,2,4,90" ten="250,250,250,250" oya="0" hai0="111,37,45,72,29,99,54,83,47,133,48,84,78" hai1="115,27,102,85,0,22,6,11,43,44,57,23,19" hai2="135,106,130,93,69,64,24,105,17,109,96,101,55" hai3="71,4,56,42,32,107,92,94,35,98,8,52,114"/><T49/><D133/><U33/><E115/><V3/><F135/><W21/><G71/><T13/><D37/><U68/><E68/><V63/><F109/><W9/><G114/><T87/><D111/><U67/><E102/><V131/><F3/><W132/><G132/><T73/><D29/><U46/><E33/><V14/><F55/><W51/><G42/><T15/><D99/><U30/><E43/><V129/><REACH who="2" step="1"/><F24/><REACH who="2" ten="250,250,240,250" step="2"/><W97/><G107/><T2/><D2/><U50/><E67/><V18/><F18/><W59/><G4/><T116/><D116/><U31/><E19/><V25/><F25/><W39/><G52/><T60/><D60/><U26/><E57/><V38/><F38/><W76/><G39/><T124/><D124/><U66/><E66/><V104/><F104/><W7/><G7/><T81/><D54/><U108/><E108/><V80/><F80/><W28/><G51/><T95/><REACH who="0" step="1"/><D78/><REACH who="0" ten="240,250,240,250" step="2"/><U128/><E31/><V53/><F53/><W103/><G76/><T86/><D86/><U16/><E85/><V88/><F88/><W122/><G28/><T62/><D62/><U61/><E61/><V110/><F110/><W36/><G36/><T70/><D70/><U40/><E46/><V74/><F74/><W89/><G89/><T113/><D113/><U41/><E41/><V127/><F127/><W1/><G1/><T58/><D58/><U5/><E30/><V125/><F125/><W117/><G32/><T100/><D100/><U82/><E40/><V112/><F112/><W12/><G103/><T75/><D75/><U134/><E134/><RYUUKYOKU ba="0,2" sc="240,15,250,-15,240,15,250,-15" hai0="13,15,45,47,48,49,72,73,81,83,84,87,95" hai2="14,17,63,64,69,93,96,101,105,106,129,130,131" /><INIT seed="0,1,2,3,1,15" ten="255,235,255,235" oya="0" hai0="111,6,128,14,9,90,40,55,108,58,63,21,134" hai1="74,30,64,129,130,38,65,99,78,47,57,18,50" hai2="79,59,29,114,102,120,119,11,49,23,35,124,132" hai3="66,8,48,121,80,77,91,98,46,103,34,106,25"/><T2/><D128/><N who="1" m="49259" /><E30/><V7/><F114/><W27/><G121/><T122/><D122/><U92/><E38/><V131/><F120/><W17/><G66/><T101/><D134/><U60/><E78/><V135/><F131/><W69/><G69/><T68/><D40/><N who="1" m="24935" /><E74/><V105/><F119/><W44/><G34/><T109/><D68/><U39/><E39/><V70/><F35/><W115/><G115/><T113/><D113/><U5/><E5/><V4/><F70/><W19/><G91/><T118/><D118/><U20/><E64/><V84/><F79/><W81/><G77/><T45/><D45/><U100/><E20/><V67/><F23/><W94/><G106/><T96/><D90/><U116/><E116/><V125/><F105/><W133/><G44/><T87/><D87/><U56/><E57/><V107/><F59/><W61/><G133/><T104/><D21/><U76/><E76/><V37/><F37/><W123/><G123/><T127/><D127/><U42/><E42/><V97/><F125/><W82/><G61/><T75/><D75/><U126/><E126/><V89/><F124/><W12/><REACH who="3" step="1"/><G17/><AGARI ba="1,2" hai="17,18,56,60,65,92,99,100" m="24935,49259" machi="17" ten="30,3900,0" yaku="19,1,52,2" doraHai="15" who="1" fromWho="3" sc="255,0,235,62,255,0,235,-42" /><INIT seed="1,0,0,1,4,69" ten="255,297,255,193" oya="1" hai0="16,60,128,123,33,41,85,121,34,19,29,62,7" hai1="124,70,15,110,28,102,17,45,96,6,120,47,46" hai2="94,52,89,2,20,74,35,57,130,134,55,133,119" hai3="117,82,93,14,58,105,129,99,73,42,95,3,114"/><U76/><E120/><N who="0" m="46153" /><D128/><U56/><E70/><V72/><F35/><N who="0" m="13322" /><D29/><U101/><E124/><V113/><F119/><W51/><G3/><T38/><D7/><U10/><E110/><V132/><F2/><W107/><G114/><T84/><D62/><U125/><E28/><V92/><F130/><W97/><G129/><T13/><D60/><U112/><E112/><V23/><F113/><W68/><G68/><T27/><D27/><U67/><E125/><V21/><F92/><W50/><G117/><T91/><D91/><U61/><E76/><V54/><REACH who="2" step="1"/><F57/><REACH who="2" ten="255,297,245,193" step="2"/><W98/><G58/><T37/><D41/><U31/><E31/><V18/><F18/><N who="0" m="6698" /><D13/><N who="1" m="5335" /><E96/><AGARI ba="0,1" hai="20,21,23,52,54,55,72,74,89,94,96,132,133,134" machi="96" ten="50,8000,1" yaku="1,1,29,2,20,1,54,1,53,0" doraHai="69" doraHaiUra="11" who="2" fromWho="1" sc="255,0,297,-80,245,90,193,0" /><INIT seed="2,0,0,1,5,101" ten="255,217,335,193" oya="2" hai0="53,8,96,119,105,123,70,127,102,90,93,69,5" hai1="40,76,122,85,18,35,16,28,60,36,25,67,44" hai2="47,95,120,87,109,114,89,66,118,24,130,126,133" hai3="135,65,74,100,15,86,32,31,21,42,94,14,39"/><V132/><F120/><W63/><G74/><T78/><D123/><U116/><E122/><V3/><F118/><W22/><G135/><N who="2" m="51785" /><F114/><W50/><G39/><T12/><D127/><U82/><REACH who="1" step="1"/><E116/><REACH who="1" ten="255,207,335,193" step="2"/><V112/><F126/><W61/><G32/><T131/><D119/><U129/><E129/><V11/><F130/><W99/><G86/><T26/><D131/><U55/><E55/><V45/><F112/><W106/><G65/><T134/><D134/><U30/><E30/><V20/><F66/><W113/><G113/><T48/><D78/><U46/><E46/><V52/><F52/><W97/><G31/><T27/><D70/><AGARI ba="0,1" hai="16,18,25,28,35,36,40,44,60,67,70,76,82,85" machi="70" ten="30,3900,0" yaku="1,1,7,1,54,1,53,0" doraHai="101" doraHaiUra="128" who="1" fromWho="0" sc="255,-39,207,49,335,0,193,0" /><INIT seed="3,0,0,2,3,129" ten="216,256,335,193" oya="3" hai0="48,61,74,10,44,81,112,106,127,7,113,0,25" hai1="83,78,65,46,57,39,107,79,30,32,47,64,93" hai2="91,49,132,87,111,118,109,128,119,67,92,3,51" hai3="133,12,130,90,43,96,72,68,23,115,19,1,4"/><W124/><G115/><N who="0" m="44107" /><D106/><U29/><E107/><V105/><F132/><W104/><G130/><T34/><D127/><U38/><E93/><V59/><F128/><W99/><G124/><T76/><D61/><U126/><E126/><V2/><F105/><W62/><G72/><T14/><D0/><N who="2" m="42" /><F67/><W55/><G43/><N who="0" m="24607" /><D25/><U82/><REACH who="1" step="1"/><E57/><REACH who="1" ten="216,246,335,193" step="2"/><V103/><F59/><N who="3" m="35199" /><G104/><T102/><D102/><U58/><E58/><V13/><F118/><W26/><G68/><T41/><D41/><U54/><E54/><V53/><F53/><W16/><G133/><T42/><D42/><U36/><E36/><V97/><F97/><BYE who="2" /><W122/><G122/><T94/><D94/><U37/><E37/><V70/><F70/><W121/><G121/><T28/><D34/><AGARI ba="0,1" hai="29,30,32,34,38,39,46,47,64,65,78,79,82,83" machi="34" ten="25,3200,0" yaku="1,1,22,2,53,0" doraHai="129" doraHaiUra="86" who="1" fromWho="0" sc="216,-32,246,42,335,0,193,0" /><INIT seed="4,0,0,3,3,131" ten="184,288,335,193" oya="0" hai0="43,84,42,97,90,107,56,81,13,31,60,7,70" hai1="73,28,116,30,3,110,20,27,16,100,54,106,51" hai2="40,82,95,128,79,112,59,98,125,22,10,77,0" hai3="8,74,65,120,87,115,12,5,24,63,126,101,123"/><T134/><D70/><UN n2="%EF%BC%BA%EF%BC%A5%EF%BC%B2%EF%BC%AF%EF%BC%8D%EF%BC%AD%EF%BC%A1%EF%BC%B8" /><U46/><E110/><V114/><F128/><W122/><G74/><T109/><D109/><U55/><E116/><V2/><F125/><W26/><G126/><T58/><D31/><U14/><E73/><V34/><F34/><W103/><G115/><N who="2" m="44073" /><F40/><W85/><G87/><T36/><D36/><U15/><E3/><V118/><F118/><W29/><G85/><T130/><D130/><U21/><E106/><V93/><F10/><W105/><G105/><T61/><D107/><U78/><E78/><V86/><F77/><W67/><G67/><T71/><D71/><U23/><E100/><N who="2" m="60495" /><F95/><W133/><G26/><T102/><D97/><U18/><REACH who="1" step="1"/><E30/><REACH who="1" ten="184,278,335,193" step="2"/><V52/><F22/><N who="3" m="15511" /><G103/><T39/><D102/><U9/><E9/><V76/><F79/><W132/><G101/><T104/><D104/><U4/><E4/><V121/><F121/><W57/><AGARI ba="0,1" hai="5,8,12,57,63,65,120,122,123,132,133" m="15511" machi="57" ten="40,5200,0" yaku="13,1,52,2" doraHai="131" who="3" fromWho="3" sc="184,-26,278,-13,335,-13,193,62" /><INIT seed="5,0,0,3,0,101" ten="158,265,322,255" oya="1" hai0="6,8,1,75,5,69,120,112,129,108,29,51,92" hai1="49,48,102,28,99,111,42,56,126,109,98,118,90" hai2="130,27,105,0,116,67,31,21,72,22,124,123,132" hai3="14,70,9,32,57,59,58,79,128,54,37,85,18"/><U34/><E118/><V62/><F123/><W110/><G110/><N who="1" m="41994" /><E126/><V26/><F116/><W36/><G128/><T125/><D108/><U131/><E131/><V3/><F130/><W135/><G70/><T106/><D106/><N who="1" m="63831" /><E42/><V4/><F124/><W25/><G135/><T73/><D129/><U19/><E19/><V66/><F132/><W86/><G37/><T71/><D125/><U35/><E56/><V78/><F4/><W17/><G36/><T20/><D112/><U16/><E16/><V95/><F31/><W12/><G25/><T33/><D33/><N who="1" m="12299" /><E28/><V44/><F27/><W61/><G32/><T100/><D120/><U10/><E10/><V13/><F26/><W2/><G58/><T64/><D29/><U103/><E90/><V38/><F22/><W97/><G57/><T122/><D20/><U115/><E115/><V63/><F21/><W127/><G127/><T119/><D122/><U93/><AGARI ba="0,0" hai="48,49,93,99,103" m="12299,63831,41994" machi="93" ten="30,3000,0" yaku="10,1,52,1" doraHai="101" who="1" fromWho="1" sc="158,-10,265,30,322,-10,255,-10" /><INIT seed="5,1,0,2,3,44" ten="148,295,312,245" oya="1" hai0="46,133,69,48,87,13,129,116,24,108,104,53,71" hai1="49,34,18,29,97,42,98,12,21,1,60,52,17" hai2="56,101,65,90,62,74,79,7,99,3,95,37,115" hai3="10,38,0,70,67,61,124,102,77,75,83,84,20"/><U32/><E1/><V2/><F37/><W76/><G124/><T36/><D108/><U33/><E29/><V31/><F115/><W78/><G102/><T110/><D110/><U103/><E103/><V119/><F119/><W35/><G35/><T92/><D104/><U5/><E5/><V107/><F31/><W14/><G38/><T58/><D116/><U19/><E42/><V85/><REACH who="2" step="1"/><F7/><REACH who="2" ten="148,295,302,245" step="2"/><W73/><G73/><T47/><D36/><U100/><E60/><V45/><F45/><W39/><G39/><T66/><D129/><U15/><E21/><V26/><F26/><W43/><G75/><T88/><D133/><U121/><E121/><V64/><F64/><W126/><G20/><T81/><D24/><U40/><E40/><V68/><F68/><W130/><G43/><T9/><D71/><U82/><E33/><V128/><F128/><W113/><G113/><T41/><D41/><U6/><E6/><V106/><F106/><W91/><G130/><T117/><D117/><U27/><E34/><V80/><AGARI ba="1,1" hai="2,3,56,62,65,74,79,80,85,90,95,99,101,107" machi="80" ten="30,7900,0" yaku="1,1,0,1,24,2,53,0" doraHai="44" doraHaiUra="112" who="2" fromWho="2" sc="148,-21,295,-40,302,92,245,-21" /><INIT seed="6,0,0,3,2,60" ten="127,255,394,224" oya="2" hai0="67,116,94,13,69,5,28,18,56,48,22,90,63" hai1="92,81,98,99,78,65,23,131,43,16,57,32,49" hai2="46,102,75,123,35,2,128,26,121,29,68,87,85" hai3="42,108,36,72,97,132,113,51,3,27,124,101,7"/><V34/><F46/><W105/><G108/><T103/><D116/><U115/><E32/><V80/><F26/><W86/><G124/><T110/><D110/><U129/><E43/><V91/><F91/><W24/><G132/><T130/><D130/><N who="1" m="49675" /><E115/><V64/><F80/><W127/><G127/><T54/><D103/><U11/><E11/><V59/><F102/><W112/><G72/><T62/><D5/><U8/><E8/><V111/><F75/><W37/><G86/><T84/><D63/><N who="1" m="38127" /><E49/><V19/><F35/><W104/><G104/><T39/><REACH who="0" step="1"/><D28/><REACH who="0" ten="117,255,394,224" step="2"/><U134/><E134/><V50/><F29/><W125/><G125/><T122/><D122/><U135/><E135/><V82/><F121/><W25/><G7/><T126/><D126/><U88/><E99/><V53/><F123/><W93/><G112/><T120/><D120/><U6/><E6/><V17/><F111/><W107/><G113/><T117/><D117/><U114/><E114/><V41/><F128/><W61/><G97/><T133/><D133/><U96/><E96/><V95/><F2/><W109/><G3/><T40/><D40/><U89/><E98/><V100/><F41/><W38/><G109/><T33/><D33/><U71/><E71/><V52/><F34/><W118/><G118/><T47/><D47/><U73/><E92/><V106/><F95/><W4/><G4/><T74/><D74/><U15/><AGARI ba="0,1" hai="15,16,23,73,78,81,88,89" m="38127,49675" machi="15" ten="30,7900,0" yaku="19,1,52,1,54,2" doraHai="60" who="1" fromWho="1" sc="117,-20,255,89,394,-39,224,-20" /><INIT seed="7,0,0,3,2,88" ten="97,344,355,204" oya="3" hai0="117,37,128,33,21,52,106,64,25,87,56,3,130" hai1="46,90,111,120,133,0,31,125,134,92,51,124,119" hai2="35,23,54,15,28,96,113,40,75,109,39,1,61" hai3="16,5,55,121,7,122,123,30,43,81,32,47,14"/><W58/><G81/><T65/><D117/><U112/><E0/><V131/><F109/><W132/><G132/><N who="1" m="50794" /><E111/><V127/><F75/><W10/><G32/><T34/><D3/><U57/><E112/><V70/><F113/><W41/><G30/><N who="0" m="17711" /><D37/><U116/><E31/><V44/><F1/><W49/><REACH who="3" step="1"/><G43/><REACH who="3" ten="97,344,355,194" step="2"/><T135/><D52/><N who="1" m="29815" /><E120/><V4/><F40/><W45/><G45/><T24/><D87/><N who="1" m="52319" /><E57/><V12/><F44/><W69/><G69/><T19/><D19/><U82/><E82/><V93/><F70/><W108/><G108/><T83/><D83/><U53/><E53/><V80/><F54/><W118/><G118/><AGARI ba="0,1" hai="116,118,119,124,125" m="52319,29815,50794" machi="118" ten="30,7700,0" yaku="12,1,20,1,52,1,54,1" doraHai="88" who="1" fromWho="3" sc="97,0,344,87,355,0,194,-77" owari="97,-40.0,431,52.0,355,16.0,117,-28.0" /></mjloggm>