<mjloggm ver="2.3"><GO type="169" lobby="0"/><UN n0="%E5%B0%B1%E6%B4%BB%E7%94%9F%40%E5%B7%9D%E6%9D%91%E8%BB%8D%E5%9B%A3" n1="%E3%81%9F%E3%81%91%E3%81%93%E3%81%9E%E3%83%BC" n2="%E5%91%82%E5%A7%AB" n3="%E3%83%89%E3%83%BC%E3%83%AB%E3%83%9F%E3%83%BC" dan="18,16,19,16" rate="2238.71,2152.98,2295.97,2136.58" sx="M,M,F,M"/><TAIKYOKU oya="0"/><INIT seed="0,0,0,0,2,80" ten="250,250,250,250" oya="0" hai0="8,88,25,64,111,37,99,97,124,21,50,18,135" hai1="20,22,106,12,112,27,130,61,46,2,86,100,10" hai2="33,47,116,42,69,15,119,134,7,48,90,58,24" hai3="125,126,62,41,66,71,23,68,0,98,74,31,60"/><T45/><D37/><U103/><E112/><V87/><F134/><W11/><G74/><T9/><D135/><U51/><E2/><V115/><F115/><W79/><G79/><T95/><D124/><U104/><E130/><V3/><F69/><W13/><G41/><T14/><D111/><U127/><E127/><V132/><F132/><W114/><G0/><T107/><D64/><U117/><E117/><N who="2" m="45131" /><F3/><W65/><G98/><T36/><D36/><U73/><E73/><V4/><F58/><W16/><G114/><T94/><D107/><U110/><E110/><V28/><F15/><W54/><G54/><T96/><D95/><AGARI ba="0,0" hai="4,7,24,28,33,42,47,48,87,90,95" m="45131" machi="95" ten="30,2000,0" yaku="12,1,52,1" doraHai="80" who="2" fromWho="0" sc="250,-20,250,0,250,20,250,0" /><INIT seed="1,0,0,3,3,27" ten="230,250,270,250" oya="1" hai0="79,62,89,112,75,2,67,54,4,88,121,32,40" hai1="100,13,37,66,134,104,124,72,6,61,68,80,63" hai2="15,58,94,51,91,25,69,118,85,127,115,98,117" hai3="113,19,107,50,26,96,71,73,81,1,16,33,84"/><U44/><E134/><V122/><F122/><W92/><G1/><T105/><D105/><U125/><E63/><V99/><F69/><W130/><G130/><T47/><D112/><U93/><E93/><V82/><F127/><W119/><G119/><T48/><D32/><U36/><E13/><V132/><F132/><W111/><G111/><T120/><D4/><U31/><E31/><V7/><F115/><W17/><G71/><T9/><D9/><U43/><E6/><V133/><F133/><W18/><G73/><T45/><D2/><U60/><E60/><V126/><F126/><W20/><G107/><T65/><D79/><N who="1" m="44135" /><E36/><V38/><F38/><W55/><G113/><T57/><D75/><U97/><AGARI ba="0,0" hai="37,43,44,61,66,68,97,100,104,124,125" m="44135" machi="97" ten="30,1500,0" yaku="23,1" doraHai="27" who="1" fromWho="1" sc="230,-5,250,15,270,-5,250,-5" /><INIT seed="1,1,0,3,3,20" ten="225,265,265,245" oya="1" hai0="24,89,14,31,84,109,77,36,83,119,95,32,81" hai1="8,99,56,44,33,10,64,52,30,111,21,47,27" hai2="1,106,35,6,60,11,42,120,43,121,105,128,3" hai3="15,134,110,59,46,26,9,19,115,12,5,112,85"/><U37/><E64/><V38/><F42/><W80/><G110/><T130/><D109/><U49/><E111/><V88/><F88/><W76/><G134/><T70/><D130/><U18/><E99/><V123/><F128/><W57/><G115/><T51/><D36/><U117/><E117/><V72/><F60/><W125/><G125/><T66/><D119/><U50/><E37/><V28/><F3/><W13/><G112/><T102/><D51/><U71/><E71/><V45/><REACH who="2" step="1"/><F72/><REACH who="2" ten="225,265,255,245" step="2"/><W40/><G5/><T73/><D102/><U135/><E135/><V67/><F67/><W34/><G9/><T93/><D66/><U25/><E47/><V126/><F126/><W61/><G61/><T58/><D58/><U82/><E82/><V98/><F98/><W118/><G57/><T100/><D100/><U132/><E132/><V87/><F87/><W122/><G59/><T39/><D39/><U104/><E104/><V90/><F90/><W17/><G118/><T4/><D70/><U48/><E48/><V97/><F97/><W69/><G69/><T114/><D114/><U23/><E33/><V75/><F75/><W103/><G103/><T107/><D107/><U116/><E116/><V101/><F101/><W68/><G68/><T127/><D127/><U22/><E22/><V41/><F41/><AGARI ba="1,1" hai="8,10,18,21,23,25,27,30,41,44,49,50,52,56" machi="41" ten="30,12000,1" yaku="7,1,8,1,52,2,54,1" doraHai="20" who="1" fromWho="2" sc="225,0,265,133,255,-123,245,0" /><INIT seed="1,2,0,3,2,46" ten="225,398,132,245" oya="1" hai0="48,106,81,132,36,45,37,65,3,126,32,103,68" hai1="29,11,111,91,7,74,49,72,85,51,59,110,67" hai2="0,19,40,16,13,92,97,100,75,24,9,8,135" hai3="43,123,25,129,60,86,31,125,63,58,114,73,118"/><U38/><E38/><V130/><F135/><W98/><G73/><T124/><D32/><U108/><E29/><V119/><F130/><W96/><G114/><T33/><D3/><N who="1" m="511" /><E72/><V23/><F119/><W131/><G123/><T102/><D33/><U42/><E42/><V1/><F75/><W44/><G125/><N who="0" m="48235" /><D81/><N who="1" m="49583" /><E74/><V57/><F8/><W28/><G118/><T61/><D132/><U87/><E87/><V109/><F109/><W78/><G86/><T26/><D26/><U54/><E67/><V18/><F40/><W94/><G43/><N who="0" m="24639" /><D106/><U116/><E116/><V20/><REACH who="2" step="1"/><F57/><REACH who="2" ten="225,398,122,245" step="2"/><W27/><G58/><T12/><D36/><U128/><E128/><V52/><F52/><W133/><G129/><T6/><D37/><U121/><E121/><V64/><F64/><W80/><G131/><T112/><D112/><U22/><E22/><V69/><F69/><W5/><G133/><T79/><D79/><U93/><E93/><V82/><F82/><W10/><G80/><T127/><D127/><U83/><E83/><V101/><F101/><W77/><G77/><T117/><D117/><U2/><E2/><V99/><F99/><W113/><G96/><T41/><D41/><U66/><E66/><V84/><F84/><W115/><G98/><T134/><D134/><U35/><E110/><V56/><F56/><W17/><G78/><T55/><D55/><U107/><E111/><V50/><F50/><W30/><G115/><T70/><D70/><U90/><E108/><V104/><F104/><W34/><G113/><T21/><D21/><U95/><E107/><V47/><F47/><RYUUKYOKU ba="2,1" sc="225,15,398,-15,122,15,245,-15" hai0="6,12,61,65,68,102,103" hai2="0,1,9,13,16,18,19,20,23,24,92,97,100" /><INIT seed="2,3,1,1,0,119" ten="240,383,137,230" oya="2" hai0="60,96,61,70,116,18,8,45,74,71,50,42,6" hai1="112,101,63,3,23,7,49,53,1,12,100,108,111" hai2="62,30,48,26,14,95,19,58,94,29,25,102,44" hai3="0,32,37,76,40,66,118,103,16,107,90,80,99"/><V55/><F26/><W67/><G118/><T69/><D74/><U115/><E63/><V10/><F102/><W35/><G66/><T129/><D116/><U123/><E23/><V125/><F125/><W46/><G67/><T87/><D129/><U2/><E12/><V54/><REACH who="2" step="1"/><F30/><REACH who="2" ten="240,383,127,230" step="2"/><W83/><G103/><T52/><D96/><U17/><E101/><V59/><F59/><W28/><G99/><T20/><D87/><U64/><E100/><V130/><F130/><W104/><G28/><T47/><D71/><U21/><E112/><V77/><F77/><W124/><G76/><T43/><D70/><U120/><E115/><V127/><F127/><W135/><G124/><T132/><D69/><U85/><E1/><V57/><F57/><W109/><G0/><T9/><D132/><U24/><E2/><V126/><F126/><W88/><G135/><T22/><D47/><U56/><E3/><V105/><F105/><W34/><G46/><T78/><D78/><U51/><E56/><V117/><F117/><W75/><G104/><T13/><D61/><U91/><E24/><V133/><F133/><W122/><G107/><T134/><D134/><U68/><E68/><V86/><F86/><W73/><G73/><T113/><D113/><U114/><E114/><V98/><F98/><W92/><G75/><T110/><D60/><U31/><E85/><V38/><F38/><W39/><G37/><T93/><D45/><U4/><E91/><V81/><F81/><W5/><G39/><T79/><D79/><U33/><E31/><V106/><F106/><W27/><G90/><RYUUKYOKU ba="3,2" sc="240,-10,383,-10,127,30,230,-10" hai2="10,14,19,25,29,44,48,54,55,58,62,94,95" /><INIT seed="2,4,2,1,3,43" ten="230,373,157,220" oya="2" hai0="115,97,70,83,24,75,49,82,91,57,95,68,79" hai1="32,80,60,118,109,36,129,63,6,131,112,5,37" hai2="39,106,16,85,117,134,84,4,9,121,111,11,41" hai3="105,48,122,59,113,77,52,34,44,126,21,26,96"/><V27/><F117/><W35/><G122/><T8/><D115/><U69/><E32/><V120/><F106/><W54/><G126/><T19/><D83/><U65/><E112/><V119/><F119/><W15/><G15/><T7/><D19/><U81/><E65/><V125/><F41/><W86/><G113/><T40/><D24/><U12/><E12/><N who="2" m="7199" /><F39/><W38/><G77/><T1/><REACH who="0" step="1"/><D57/><REACH who="0" ten="220,373,157,220" step="2"/><U46/><E118/><V29/><F120/><W104/><G104/><T133/><D133/><U74/><E69/><V45/><F121/><W25/><G25/><T55/><D55/><U135/><E135/><V116/><F116/><W94/><G105/><T72/><D72/><U132/><E132/><V92/><F134/><W123/><G123/><T73/><D73/><U98/><E74/><V128/><F125/><W10/><G26/><T107/><D107/><U51/><E81/><V20/><F92/><W90/><G94/><T33/><D33/><U28/><E80/><V89/><F29/><W102/><G35/><T56/><D56/><U103/><E28/><V14/><F27/><W93/><G34/><T3/><D3/><U108/><E5/><V78/><F4/><W76/><G59/><T66/><D66/><U50/><E6/><V18/><F18/><W64/><G64/><T71/><D71/><U22/><E131/><V127/><F128/><W124/><G124/><T2/><D2/><U42/><E129/><V99/><F127/><W61/><G54/><T100/><D100/><U87/><E103/><V88/><F78/><W31/><G76/><T0/><D0/><RYUUKYOKU ba="4,3" sc="220,30,373,-10,157,-10,220,-10" hai0="1,7,8,40,49,68,70,75,79,82,91,95,97" /><INIT seed="3,5,3,4,0,52" ten="250,363,147,210" oya="3" hai0="0,57,111,34,105,135,7,11,46,79,115,40,9" hai1="70,119,10,3,61,16,97,23,41,45,51,1,19" hai2="12,38,83,130,134,21,128,107,64,85,103,54,94" hai3="133,90,75,118,72,99,77,65,113,106,66,58,73"/><W101/><G113/><T96/><D34/><U13/><E119/><V91/><F134/><W126/><G118/><T68/><D68/><U59/><E70/><V14/><F38/><W60/><G133/><T87/><D135/><U89/><E97/><N who="2" m="59831" /><F107/><W67/><G126/><T44/><D111/><U122/><E122/><V112/><F112/><W17/><G90/><T88/><D115/><U6/><E89/><V78/><F64/><W18/><REACH who="3" step="1"/><G77/><REACH who="3" ten="250,363,147,200" step="2"/><T55/><D79/><U20/><E3/><V63/><F78/><W80/><G80/><T25/><D88/><U27/><E1/><V110/><F110/><W30/><G30/><T31/><D31/><U114/><E114/><V82/><F82/><W93/><G93/><T92/><D92/><U123/><E123/><V117/><F117/><W39/><G39/><T76/><D76/><U125/><E125/><V74/><F74/><W8/><G8/><T33/><D9/><U36/><E36/><V98/><F98/><W120/><G120/><T102/><D87/><U121/><E121/><V32/><F128/><W132/><G132/><T62/><D96/><U28/><E23/><V71/><F130/><W104/><G104/><T100/><D105/><U53/><AGARI ba="5,4" hai="6,10,13,16,19,20,27,28,41,45,51,53,59,61" machi="53" ten="20,8000,1" yaku="0,1,7,1,8,1,52,1,54,1" doraHai="52" who="1" fromWho="1" sc="250,-25,363,135,147,-25,200,-45" /><INIT seed="4,0,0,0,3,126" ten="225,498,122,155" oya="0" hai0="25,93,101,43,87,100,22,31,71,8,18,112,62" hai1="119,117,78,120,45,129,127,3,41,7,30,104,53" hai2="79,57,91,23,28,61,111,55,2,96,32,65,1" hai3="106,19,49,97,16,72,37,36,80,86,116,102,68"/><T67/><D112/><U29/><E104/><V58/><F111/><W48/><G116/><T38/><D38/><U107/><E127/><V70/><F32/><W35/><G68/><T82/><D43/><U27/><E107/><V0/><F79/><W118/><G118/><T75/><D75/><U11/><E120/><V110/><F110/><W113/><G113/><T81/><D81/><U26/><E78/><V33/><F23/><W47/><G49/><T133/><D133/><U89/><E53/><V59/><F28/><W74/><G35/><T134/><D134/><U6/><E89/><V76/><F33/><W66/><G66/><T85/><D85/><U21/><E6/><V9/><F76/><W14/><G19/><T5/><D93/><U77/><E77/><V60/><F9/><W122/><G74/><T132/><D132/><U10/><E10/><V34/><F34/><W98/><G98/><T20/><D20/><U73/><E73/><V69/><F69/><W103/><G103/><T121/><D121/><U54/><E54/><V46/><F46/><W95/><G106/><T99/><D99/><U40/><E117/><V88/><F96/><W94/><G72/><T56/><D71/><U4/><E119/><V24/><F24/><W84/><G84/><T51/><D31/><U135/><E29/><V128/><F128/><W92/><G122/><T64/><D8/><U83/><E129/><V125/><F125/><W17/><G97/><T123/><D123/><U114/><E135/><V131/><F131/><W124/><G124/><T15/><D22/><U108/><E21/><RYUUKYOKU ba="0,0" sc="225,-10,498,-10,122,30,155,-10" hai2="0,1,2,55,57,58,59,60,61,65,70,88,91" /><INIT seed="5,1,0,2,2,7" ten="215,488,152,145" oya="1" hai0="17,22,95,73,111,80,82,54,104,19,130,118,83" hai1="9,120,41,53,75,0,87,71,33,103,125,25,128" hai2="29,16,65,115,100,134,44,23,45,64,77,76,114" hai3="8,59,20,133,11,62,3,12,36,42,132,119,79"/><U112/><E75/><V113/><F134/><N who="3" m="51819" /><G119/><T52/><D104/><U63/><E120/><V1/><F1/><W94/><G79/><N who="2" m="30281" /><F100/><W131/><G131/><T2/><D2/><U135/><E128/><V99/><F99/><W89/><G3/><T57/><D73/><U15/><E0/><V97/><F97/><N who="3" m="57551" /><G42/><T4/><D4/><U69/><E135/><V68/><F29/><W98/><G36/><T91/><D111/><U84/><E103/><V14/><F68/><W28/><G98/><N who="0" m="57727" /><D130/><U61/><E71/><V107/><F107/><W39/><G39/><T88/><D118/><U10/><E69/><V43/><F45/><W60/><G28/><T48/><D54/><U66/><E53/><V127/><F127/><W5/><G5/><T6/><D6/><U50/><E41/><V101/><F101/><W81/><G81/><N who="0" m="31339" /><D22/><U46/><E125/><V122/><F122/><W121/><G121/><T56/><D56/><U117/><E117/><V102/><F102/><W58/><G58/><T38/><D38/><AGARI ba="1,0" hai="14,16,23,38,43,44,64,65,113,114,115" m="30281" machi="38" ten="30,3900,0" yaku="15,1,11,1,54,1" doraHai="7" who="2" fromWho="0" sc="215,-42,488,0,152,42,145,0" /><INIT seed="6,0,0,3,5,119" ten="173,488,194,145" oya="2" hai0="7,103,31,69,14,58,102,98,55,11,122,22,6" hai1="109,41,50,94,132,18,108,82,131,100,134,85,23" hai2="46,113,8,35,73,60,66,30,128,67,81,101,38" hai3="133,123,91,53,61,106,54,19,56,75,13,1,83"/><V37/><F113/><W21/><G106/><T105/><D69/><U33/><E33/><V117/><F128/><W45/><G1/><T76/><D122/><U40/><E131/><V27/><F67/><W110/><G133/><N who="1" m="51306" /><E94/><V84/><F117/><W51/><G110/><T25/><D76/><N who="1" m="46279" /><E100/><V62/><F62/><W59/><G59/><T121/><D121/><U120/><E120/><V118/><F118/><W127/><G123/><T42/><D42/><N who="1" m="16491" /><E50/><V20/><F20/><W34/><G34/><T130/><D130/><U49/><E49/><V114/><F114/><W107/><G107/><T10/><D102/><U87/><E87/><V5/><F46/><W26/><G127/><T52/><D58/><U125/><E125/><V71/><F101/><W44/><G44/><T90/><D90/><U65/><E65/><V70/><F70/><W88/><G75/><T2/><AGARI ba="0,0" hai="2,6,7,10,11,14,22,25,31,52,55,98,103,105" machi="2" ten="20,2700,0" yaku="0,1,7,1,54,1" doraHai="119" who="0" fromWho="0" sc="173,27,488,-7,194,-13,145,-7" /><INIT seed="7,0,0,3,1,112" ten="200,481,181,138" oya="3" hai0="2,5,14,97,59,120,133,111,129,126,21,75,101" hai1="72,47,77,91,131,132,117,26,104,64,65,1,25" hai2="78,94,19,79,106,118,63,92,107,22,119,56,45" hai3="96,42,90,15,68,18,10,83,4,89,37,128,122"/><W48/><G128/><T36/><D36/><U7/><E117/><V98/><F45/><W51/><G122/><T52/><D75/><U125/><E104/><N who="2" m="39979" /><F56/><W30/><G68/><T87/><D120/><U38/><E125/><V100/><F63/><W124/><G124/><T134/><D129/><U110/><E131/><V114/><F19/><W40/><G30/><T73/><D73/><U55/><E91/><N who="3" m="34826" /><G37/><T49/><D87/><U28/><E72/><V76/><F22/><N who="3" m="11615" /><G96/><T86/><D86/><U50/><E77/><N who="2" m="29803" /><F114/><W71/><G71/><T58/><D111/><U62/><E38/><V44/><F44/><W16/><G4/><T81/><D2/><U84/><E132/><N who="0" m="50793" /><D126/><U123/><E84/><V67/><F67/><W53/><G83/><T116/><D81/><U109/><E123/><V33/><F33/><W27/><G10/><N who="0" m="4431" /><D21/><U93/><E26/><V11/><F11/><W9/><G9/><T34/><D34/><U102/><E50/><N who="3" m="18986" /><G53/><T105/><D59/><U135/><E47/><V88/><F79/><W80/><G80/><T24/><D24/><U35/><E135/><V85/><AGARI ba="0,0" hai="85,88,92,94,98,100,118,119" m="29803,39979" machi="85" ten="30,8000,1" yaku="34,2,52,2,54,1" doraHai="112" who="2" fromWho="2" sc="200,-20,481,-20,181,80,138,-40" owari="180,-22.0,461,56.0,261,6.0,98,-40.0" /></mjloggm>