<mjloggm ver="2.3"><GO type="169" lobby="0"/><UN n0="%50%61%65%6C%6C%61" n1="%E9%9D%92%E7%8C%AB" n2="%E3%82%A6%E3%83%AB%E3%83%88%E3%83%A9%E7%AB%8B%E7%9B%B4" n3="%68%72%6B%69%6E%67" dan="16,16,18,16" rate="2096.74,2103.19,2185.76,2159.57" sx="M,M,M,M"/><TAIKYOKU oya="0"/><INIT seed="0,0,0,2,3,108" ten="250,250,250,250" oya="0" hai0="128,76,47,7,100,6,99,88,71,131,87,29,49" hai1="28,74,21,132,5,102,78,133,107,57,16,2,56" hai2="123,22,31,26,65,32,52,106,93,84,111,33,117" hai3="51,82,126,53,14,37,61,75,83,30,109,115,59"/><T68/><D76/><U86/><E74/><V13/><F106/><W119/><G37/><T17/><D17/><U96/><E28/><V23/><F65/><W80/><G109/><T81/><D29/><U19/><E19/><V97/><F111/><W91/><G119/><T112/><D112/><U43/><E43/><V12/><F117/><W38/><G38/><T45/><D7/><U98/><E98/><V18/><F123/><W135/><G75/><T122/><D6/><U104/><E104/><V48/><F12/><W35/><G115/><T124/><D124/><U0/><E78/><V34/><F34/><W125/><G135/><N who="1" m="51786" /><E86/><V110/><F110/><W69/><G14/><T129/><D122/><U70/><E70/><V54/><F54/><W121/><G121/><T3/><D3/><N who="1" m="1067" /><E5/><V130/><F130/><W114/><G114/><T44/><REACH who="0" step="1"/><D49/><REACH who="0" ten="240,250,250,250" step="2"/><U50/><E50/><V11/><F11/><W72/><G72/><T62/><D62/><U66/><E66/><V20/><F33/><W60/><G30/><T8/><D8/><U58/><E16/><V134/><F134/><W41/><G35/><T94/><AGARI ba="0,1" hai="44,45,47,68,71,81,87,88,94,99,100,128,129,131" machi="94" ten="40,12000,1" yaku="1,1,0,1,19,1,54,1,53,0" doraHai="108" doraHaiUra="113" who="0" fromWho="0" sc="240,130,250,-40,250,-40,250,-40" /><INIT seed="0,1,0,3,5,71" ten="370,210,210,210" oya="0" hai0="12,100,114,45,54,91,24,52,39,77,11,62,32" hai1="33,8,29,86,17,49,67,131,57,7,73,27,63" hai2="20,90,55,125,109,50,10,127,61,3,15,95,97" hai3="1,9,81,126,105,58,0,40,84,75,48,43,119"/><T128/><D114/><U59/><E73/><V37/><F61/><W2/><G75/><T88/><D128/><U22/><E131/><V111/><F20/><W16/><G105/><T14/><D100/><U41/><E86/><V21/><F21/><W74/><G74/><T72/><D77/><U76/><E76/><V69/><F69/><W78/><G119/><T121/><D72/><U122/><E122/><V68/><F68/><W106/><G106/><T112/><D112/><U115/><E115/><V130/><F3/><W107/><G107/><T82/><D121/><U30/><E33/><V6/><F130/><W35/><G35/><T92/><D32/><U87/><E87/><V28/><F28/><W53/><REACH who="3" step="1"/><G126/><REACH who="3" ten="370,210,210,200" step="2"/><T5/><D24/><U99/><E27/><V108/><REACH who="2" step="1"/><F37/><REACH who="2" ten="370,210,200,200" step="2"/><W98/><G98/><N who="0" m="57607" /><D39/><U23/><E99/><V31/><F31/><W133/><G133/><T123/><D123/><U124/><E30/><V110/><N who="2" m="27648" /><DORA hai="64" /><V65/><F65/><W89/><G89/><T104/><D91/><U80/><E67/><V116/><F116/><W70/><G70/><T102/><D102/><U26/><E29/><V51/><F51/><W25/><G25/><T13/><D62/><U46/><E63/><V4/><F4/><W44/><G44/><AGARI ba="1,2" hai="6,10,15,44,50,55,90,95,97,125,127" m="27648" machi="44" ten="70,8000,1" yaku="1,1,14,1,53,2" doraHai="71,64" doraHaiUra="79,135" who="2" fromWho="3" sc="370,0,210,0,200,103,200,-83" /><INIT seed="1,0,0,4,3,106" ten="370,210,303,117" oya="1" hai0="133,91,35,38,32,59,87,86,21,41,85,2,117" hai1="4,100,66,12,88,68,76,111,3,126,46,28,128" hai2="110,129,89,75,92,80,120,96,44,74,107,112,5" hai3="83,84,42,27,33,131,60,16,55,25,11,22,79"/><U134/><E3/><V53/><F53/><W116/><G116/><T8/><D117/><U20/><E100/><N who="2" m="62855" /><F44/><W61/><G131/><T70/><D70/><U47/><E128/><V51/><F51/><W119/><G119/><T114/><D133/><U26/><E134/><V130/><F5/><W6/><G42/><T1/><D114/><U72/><E126/><V109/><F112/><W105/><G105/><T103/><D103/><U78/><E111/><N who="2" m="42507" /><F120/><W14/><G55/><T50/><D38/><U123/><E123/><V45/><F45/><W49/><G49/><T48/><D59/><U13/><E47/><V40/><F40/><W82/><G82/><T52/><D91/><U132/><E46/><V67/><F67/><W99/><G99/><T122/><D86/><U63/><E132/><V108/><N who="2" m="42515" /><V18/><DORA hai="73" /><F18/><W71/><G71/><T113/><D41/><U36/><E36/><V97/><F75/><W43/><G43/><T57/><D57/><U29/><E29/><V54/><BYE who="1" /><F54/><W31/><AGARI ba="0,0" hai="6,11,14,16,22,25,27,31,33,60,61,79,83,84" machi="31" ten="30,4000,0" yaku="0,1,52,1,54,1" doraHai="106,73" who="3" fromWho="3" sc="370,-10,210,-20,303,-10,117,40" /><INIT seed="2,0,0,4,5,119" ten="360,190,293,157" oya="2" hai0="122,84,16,54,70,81,4,42,107,19,134,57,51" hai1="49,69,65,15,71,108,102,85,87,59,41,89,112" hai2="50,86,115,124,104,56,106,93,9,116,24,25,2" hai3="101,135,46,94,117,33,43,52,36,61,32,22,82"/><V45/><F116/><W30/><G117/><UN n1="%E9%9D%92%E7%8C%AB" /><T1/><D107/><U126/><E112/><V130/><F115/><W77/><G135/><T18/><D70/><U133/><E133/><V47/><F124/><W76/><G22/><T123/><D134/><U114/><E114/><V73/><F73/><W55/><G77/><T31/><D31/><U105/><E126/><V88/><F130/><W68/><G68/><T75/><D75/><U100/><E108/><V29/><F25/><W62/><G62/><T17/><N who="0" m="4096" /><DORA hai="14" /><T13/><D13/><U96/><E102/><V37/><F37/><W103/><G103/><T74/><D74/><U125/><E125/><V20/><F56/><W60/><G60/><T80/><D42/><U79/><E15/><V121/><F47/><W109/><G109/><T90/><REACH who="0" step="1"/><D81/><REACH who="0" ten="350,190,293,157" step="2"/><U58/><E69/><V67/><F106/><W95/><G82/><T3/><D3/><U5/><E71/><V91/><F104/><W92/><G43/><T39/><D39/><U127/><E41/><V99/><F2/><W28/><G36/><T111/><D111/><U131/><E105/><V10/><F29/><W35/><G30/><T48/><D48/><U23/><E49/><V66/><F50/><W7/><G28/><T132/><D132/><U64/><E127/><V97/><F24/><W53/><G33/><T72/><D72/><U128/><E128/><V8/><F20/><W98/><G32/><T110/><D110/><U40/><E131/><V118/><F118/><W34/><G35/><T6/><D6/><U26/><E5/><V0/><F0/><RYUUKYOKU ba="0,1" sc="350,30,190,-10,293,-10,157,-10" hai0="1,4,51,54,57,80,84,90,122,123" /><INIT seed="3,1,1,3,1,10" ten="380,180,283,147" oya="3" hai0="69,86,57,62,49,53,73,24,71,102,90,109,19" hai1="13,91,33,124,37,52,17,16,129,14,132,45,0" hai2="93,22,77,40,95,58,51,135,113,122,80,23,130" hai3="9,85,104,115,3,97,43,99,64,83,105,15,127"/><W4/><G115/><T81/><D73/><U25/><E0/><V2/><F2/><W116/><G116/><T7/><D109/><U70/><E70/><V48/><F113/><W126/><G64/><T61/><D7/><U42/><E124/><N who="3" m="47658" /><G43/><T50/><D102/><U30/><E129/><V100/><F130/><W110/><G3/><T56/><D69/><U31/><E31/><V92/><F135/><W108/><G99/><T44/><D71/><U131/><E131/><V84/><F122/><W133/><G133/><T78/><D78/><U12/><E132/><V96/><F40/><W5/><G4/><T18/><D24/><U34/><E34/><V112/><F112/><W55/><G55/><N who="0" m="31863" /><D62/><U65/><E65/><AGARI ba="1,1" hai="18,19,44,49,53,57,61,65,81,86,90" m="31863" machi="65" ten="30,1000,0" yaku="8,1" doraHai="10" who="0" fromWho="1" sc="380,23,180,-13,283,0,147,0" /><INIT seed="4,0,0,0,1,30" ten="403,167,283,147" oya="0" hai0="61,90,110,135,118,78,104,62,99,116,60,72,19" hai1="7,85,35,106,23,112,64,71,22,129,92,50,11" hai2="18,51,59,46,36,131,67,73,128,48,115,123,13" hai3="132,5,15,80,55,87,133,58,108,10,34,3,43"/><T69/><D135/><N who="3" m="51785" /><G108/><T52/><D110/><U31/><E106/><V93/><F73/><W63/><G43/><T83/><D69/><U74/><E74/><V77/><F123/><W127/><G127/><T130/><D130/><U17/><E129/><V24/><F115/><W117/><G117/><T122/><D122/><U79/><E112/><V97/><F77/><N who="3" m="46479" /><G3/><T114/><D114/><U81/><E50/><V1/><F1/><W68/><G68/><T57/><D19/><U121/><E121/><V9/><F36/><W0/><G0/><T100/><REACH who="0" step="1"/><D90/><REACH who="0" ten="393,167,283,147" step="2"/><U84/><E17/><V76/><F18/><W21/><G21/><T54/><D54/><U29/><E23/><V96/><F131/><W98/><G98/><T27/><D27/><U39/><E22/><V113/><F24/><W134/><G134/><T42/><D42/><U41/><E41/><V66/><F97/><W125/><G125/><T8/><D8/><U107/><E11/><V4/><F113/><W40/><G40/><T102/><D102/><U126/><E126/><V6/><F9/><W44/><G44/><T38/><D38/><U25/><E39/><V120/><F46/><W14/><G14/><T47/><D47/><U94/><E25/><V91/><F13/><W32/><AGARI ba="0,1" hai="5,10,15,32,34,55,58,63" m="46479,51785" machi="32" ten="30,4000,0" yaku="20,1,52,2" doraHai="30" who="3" fromWho="3" sc="393,-20,167,-10,283,-10,147,50" /><INIT seed="5,0,0,0,1,69" ten="373,157,273,197" oya="1" hai0="5,20,21,116,59,30,23,52,27,103,61,65,18" hai1="78,68,17,25,111,130,105,98,49,50,94,38,46" hai2="34,40,58,134,47,96,41,85,72,108,124,102,95" hai3="37,129,33,11,8,83,62,3,19,75,123,35,93"/><U43/><E68/><V74/><F34/><W66/><G123/><T73/><D73/><U88/><E130/><V113/><F108/><W119/><G119/><T133/><D133/><U106/><E78/><V39/><F134/><W16/><G129/><T104/><D116/><U57/><E111/><V135/><F135/><W71/><G37/><T128/><D128/><U15/><E25/><V101/><F124/><W107/><G107/><T117/><D117/><U64/><E50/><V127/><F127/><W4/><G93/><T100/><D5/><U14/><E14/><V120/><F120/><W2/><G19/><T24/><D104/><U0/><E0/><V84/><F113/><W79/><REACH who="3" step="1"/><G16/><REACH who="3" ten="373,157,273,187" step="2"/><N who="0" m="12775" /><D65/><U77/><E77/><V13/><F39/><W81/><G81/><T45/><D45/><U55/><REACH who="1" step="1"/><E64/><REACH who="1" ten="373,147,273,187" step="2"/><V1/><F1/><W31/><G31/><T7/><D30/><U67/><E67/><V76/><F76/><W26/><G26/><T28/><D28/><U44/><E44/><V92/><F47/><W132/><G132/><T60/><D24/><U91/><E91/><V115/><F13/><W54/><G54/><T112/><D52/><U48/><E48/><V121/><F121/><W99/><G99/><T110/><D110/><U63/><E63/><V80/><F96/><W12/><G12/><T56/><D60/><U6/><E6/><AGARI ba="0,2" hai="2,3,4,6,8,11,33,35,62,66,71,75,79,83" machi="6" ten="40,8000,1" yaku="1,1,9,1,33,3,53,0" doraHai="69" doraHaiUra="90" who="3" fromWho="1" sc="373,0,147,-80,273,0,187,100" /><INIT seed="6,0,0,0,1,23" ten="373,67,273,287" oya="2" hai0="103,19,111,1,124,107,43,2,39,113,30,120,10" hai1="105,79,50,75,3,44,102,67,84,129,8,33,14" hai2="36,90,116,66,48,20,106,51,88,82,89,16,25" hai3="91,22,126,7,35,71,81,127,112,53,34,49,131"/><V73/><F116/><W57/><G71/><T94/><D111/><U29/><E3/><V132/><F106/><W17/><G7/><T98/><D113/><U101/><E75/><V119/><F119/><W56/><G112/><T104/><D124/><N who="3" m="47657" /><G131/><T27/><D120/><U77/><E129/><V85/><F132/><W133/><G133/><T76/><D76/><U62/><E105/><V40/><F73/><W65/><G65/><T135/><D135/><U12/><E12/><V78/><REACH who="2" step="1"/><F66/><REACH who="2" ten="373,67,263,287" step="2"/><W125/><G125/><T69/><D107/><U123/><E123/><V4/><F4/><W96/><G35/><T45/><D104/><U31/><E33/><V18/><F18/><W54/><G34/><T121/><D19/><U97/><E31/><V55/><F55/><W74/><G53/><T9/><D30/><U5/><E29/><V32/><F32/><W114/><G114/><T59/><D121/><U86/><E67/><V46/><AGARI ba="0,1" hai="16,20,25,36,40,46,48,51,78,82,85,88,89,90" machi="46" ten="30,18000,2" yaku="1,1,0,1,52,1,54,2,53,1" doraHai="23" doraHaiUra="37" who="2" fromWho="2" sc="373,-60,67,-60,263,190,287,-60" /><INIT seed="6,1,0,0,5,6" ten="313,7,453,227" oya="2" hai0="84,23,2,114,65,9,64,51,123,106,127,29,30" hai1="24,72,17,15,79,40,11,28,19,0,126,129,7" hai2="8,42,31,82,38,66,35,97,95,43,94,132,45" hai3="76,16,48,73,88,107,101,122,49,21,3,74,13"/><V69/><F132/><W119/><G122/><T46/><D123/><U80/><E126/><V78/><F43/><W131/><G119/><T33/><D114/><U71/><E71/><V124/><F124/><W14/><G3/><T41/><D106/><U26/><E129/><V50/><F31/><W68/><G131/><T108/><D108/><U32/><E26/><V75/><F35/><W22/><G68/><T128/><D127/><U133/><E133/><V77/><F77/><W109/><G109/><T83/><D33/><U58/><E58/><V18/><F50/><W125/><G125/><T4/><D128/><U100/><E100/><V99/><F99/><W1/><G1/><T39/><D23/><U34/><E34/><V70/><F66/><W61/><G61/><T110/><D110/><U118/><E118/><V60/><F60/><W63/><G63/><T54/><D30/><U56/><E56/><V98/><F98/><W135/><G135/><T113/><D29/><U47/><E15/><V27/><F94/><W5/><G101/><T57/><REACH who="0" step="1"/><D113/><REACH who="0" ten="303,7,453,227" step="2"/><U112/><E112/><V10/><F70/><W91/><G107/><T62/><D62/><U103/><E103/><V111/><F69/><W96/><G96/><T37/><D37/><AGARI ba="1,1" hai="0,7,11,17,19,24,28,32,37,40,47,72,79,80" machi="37" ten="30,7700,0" yaku="7,1,25,2,52,1" doraHai="6" who="1" fromWho="0" sc="303,-80,7,90,453,0,227,0" /><INIT seed="7,0,0,5,0,66" ten="223,97,453,227" oya="3" hai0="105,114,23,18,129,118,32,34,100,38,135,107,2" hai1="27,50,110,121,88,82,77,127,76,43,69,134,73" hai2="86,29,78,120,0,119,25,46,115,71,67,1,83" hai3="36,26,30,62,8,41,81,91,75,96,131,51,102"/><W90/><G131/><T45/><D118/><U28/><E110/><V20/><F119/><W68/><G36/><T55/><D2/><U10/><E121/><V87/><F115/><W61/><G8/><T97/><D135/><U101/><E134/><V117/><F117/><W21/><G68/><T108/><D108/><U52/><E127/><V9/><F120/><W54/><G41/><T94/><D129/><U39/><E77/><V111/><F111/><W22/><G75/><T11/><D11/><U37/><E101/><V74/><F67/><W109/><G109/><T64/><D64/><U106/><E106/><V6/><F71/><W63/><G21/><T133/><D114/><U125/><E125/><V49/><F0/><W79/><G79/><T12/><D133/><U116/><E116/><V112/><F112/><W104/><REACH who="3" step="1"/><G81/><REACH who="3" ten="223,97,453,217" step="2"/><T35/><D38/><U14/><E69/><V16/><F29/><W4/><G4/><T113/><D113/><U40/><E39/><V7/><F7/><W132/><G132/><T5/><D5/><U3/><E3/><V59/><F83/><W84/><G84/><T17/><D34/><U124/><E124/><V13/><F78/><W98/><G98/><T44/><D32/><U42/><E37/><V122/><F74/><W95/><G95/><T57/><D35/><U89/><E28/><V103/><F122/><W128/><G128/><T70/><D70/><U53/><E27/><V126/><F126/><W72/><G72/><T24/><D94/><U85/><E73/><V47/><F25/><W65/><G65/><T60/><D107/><RYUUKYOKU ba="0,1" sc="223,15,97,-15,453,-15,217,15" hai0="12,17,18,23,24,44,45,55,57,60,97,100,105" hai3="22,26,30,51,54,61,62,63,90,91,96,102,104" /><INIT seed="7,1,1,5,3,48" ten="238,82,438,232" oya="3" hai0="34,55,37,126,84,58,105,111,33,40,30,133,24" hai1="83,26,54,15,0,78,49,115,2,119,46,76,125" hai2="96,112,64,50,106,88,87,72,60,79,66,117,51" hai3="74,129,19,14,93,130,25,95,9,44,35,100,99"/><W71/><G74/><T12/><D111/><U56/><E119/><V132/><F117/><W8/><G71/><T102/><D126/><U22/><E125/><V94/><F112/><W53/><G9/><T116/><D116/><U52/><E115/><V134/><F50/><N who="3" m="28871" /><G25/><T17/><D133/><N who="2" m="51306" /><F51/><W82/><G35/><T20/><D40/><U81/><E15/><V109/><F109/><W1/><G1/><T27/><D37/><U42/><E2/><V98/><F106/><W7/><G7/><T107/><D102/><U5/><E5/><V6/><F6/><W97/><G82/><T124/><D84/><U114/><E0/><V13/><F13/><W86/><G86/><T122/><D122/><U118/><E118/><V21/><F21/><W62/><G62/><T59/><D59/><U110/><E110/><V61/><F61/><W73/><G73/><T80/><D80/><N who="1" m="30795" /><E42/><V29/><F72/><W16/><G19/><T67/><D124/><U103/><E103/><V85/><F85/><W135/><G135/><T68/><D68/><U63/><E114/><V113/><F113/><W75/><G75/><T127/><D127/><U11/><E11/><V131/><F60/><W104/><G99/><T47/><D34/><U28/><AGARI ba="1,1" hai="22,26,28,46,49,52,54,56,63,76,78" m="30795" machi="28" ten="30,7900,0" yaku="8,1,52,2,54,1" doraHai="48" who="1" fromWho="1" sc="238,-21,82,92,438,-21,232,-40" owari="217,2.0,174,-33.0,417,52.0,192,-21.0" /></mjloggm>