<mjloggm ver="2.3"><GO type="169" lobby="0"/><UN n0="%E3%82%AD%E3%83%A9%E3%83%BC%E3%83%9E%E3%82%B8%E3%83%B3%E3%82%AC%E6%A7%98" n1="%E3%81%84%E3%81%84%E7%AC%91%E9%A1%94" n2="%6A%75%6E%6F%6E" n3="%E3%83%88%E3%83%88%E3%83%AA%E5%85%88%E7%94%9F%31%39%E6%AD%B3" dan="16,17,17,18" rate="2107.03,2224.41,2159.13,2198.91" sx="F,F,M,F"/><TAIKYOKU oya="0"/><INIT seed="0,0,0,2,1,7" ten="250,250,250,250" oya="0" hai0="34,6,52,109,1,62,111,58,69,119,46,112,38" hai1="94,79,95,68,113,47,114,63,55,128,83,104,14" hai2="64,56,80,3,103,15,41,76,10,28,77,135,48" hai3="40,125,75,51,65,66,16,84,121,18,123,129,127"/><T81/><D34/><U27/><E104/><V117/><F135/><W37/><G75/><T60/><D81/><U33/><E128/><V25/><F3/><W100/><G37/><T2/><D2/><U74/><E68/><V22/><F117/><W17/><G129/><T54/><D6/><U43/><E55/><V21/><F103/><W92/><G40/><N who="0" m="22807" /><D1/><U108/><E63/><N who="2" m="37991" /><F22/><W30/><G51/><T13/><D13/><U8/><E108/><N who="0" m="41545" /><D119/><U88/><E27/><V50/><F80/><W105/><G30/><T116/><D116/><U82/><E33/><V134/><F134/><W96/><G84/><T44/><D112/><N who="1" m="43115" /><E83/><V107/><F77/><W36/><G36/><T35/><D35/><U23/><E23/><V49/><F76/><W20/><G20/><T67/><D52/><U72/><E72/><V9/><F107/><W122/><REACH who="3" step="1"/><G105/><REACH who="3" ten="250,250,250,240" step="2"/><T4/><D4/><U0/><E74/><V93/><F21/><W120/><N who="3" m="30720" /><DORA hai="130" /><W70/><G70/><T97/><D97/><U12/><E79/><V11/><F41/><W99/><G99/><T5/><D5/><U19/><E43/><V110/><F110/><W124/><AGARI ba="0,1" hai="16,17,18,65,66,92,96,100,124,125,127" m="30720" machi="124" ten="70,24000,4" yaku="1,1,0,1,29,2,18,1,13,1,54,1,53,4" doraHai="7,130" doraHaiUra="118,53" who="3" fromWho="3" sc="250,-120,250,-60,250,-60,240,250" /><INIT seed="1,0,0,5,0,61" ten="130,190,190,490" oya="1" hai0="110,71,31,95,16,109,38,9,87,47,70,37,89" hai1="92,12,59,126,17,111,102,115,108,78,74,43,3" hai2="54,134,85,45,46,33,132,80,90,56,130,7,73" hai3="135,65,125,51,30,84,58,60,104,121,50,100,4"/><U57/><E3/><V64/><F130/><W8/><G121/><T107/><D107/><U114/><E43/><V25/><F7/><W98/><G135/><N who="2" m="51753" /><F73/><W82/><G125/><T49/><D31/><U23/><E126/><V68/><F68/><N who="0" m="26154" /><D16/><U62/><E78/><V66/><F45/><W131/><G30/><T29/><D9/><U91/><E59/><V96/><F46/><W41/><G41/><N who="0" m="24815" /><D29/><U127/><E102/><V5/><F33/><W112/><G112/><T106/><D106/><U117/><E117/><V22/><F5/><W14/><REACH who="3" step="1"/><G131/><REACH who="3" ten="130,190,190,480" step="2"/><T86/><D37/><U52/><E127/><V63/><F96/><W67/><G67/><T101/><D38/><U35/><E35/><V93/><F80/><W1/><G1/><T120/><D120/><U28/><E28/><AGARI ba="0,1" hai="22,25,28,54,56,63,64,66,85,90,93" m="51753" machi="28" ten="30,3900,0" yaku="20,1,52,2" doraHai="61" who="2" fromWho="1" sc="130,0,190,-39,190,49,480,0" /><INIT seed="2,0,0,1,0,110" ten="130,151,239,480" oya="2" hai0="70,74,64,123,65,126,109,17,13,40,41,38,12" hai1="72,105,125,63,82,39,9,45,108,67,2,28,112" hai2="53,122,35,27,37,96,23,21,78,135,131,115,86" hai3="46,33,133,130,103,93,88,60,118,117,26,30,10"/><V31/><F122/><W71/><G130/><T98/><D74/><U129/><E108/><V44/><F131/><W3/><G133/><T120/><D98/><U80/><E129/><V36/><F135/><W54/><G103/><T51/><D109/><U59/><E28/><V116/><F116/><W83/><G83/><T11/><D51/><U104/><E82/><V127/><F115/><W68/><G3/><T34/><D34/><U69/><E59/><V42/><F37/><W102/><G102/><T19/><D11/><U20/><E20/><V18/><F127/><W50/><G10/><T1/><D1/><U132/><E132/><V106/><F53/><W119/><REACH who="3" step="1"/><G60/><REACH who="3" ten="130,151,239,470" step="2"/><T6/><D120/><U55/><E125/><V89/><F106/><W91/><G91/><T81/><D126/><U5/><E112/><V111/><F111/><W134/><G134/><T128/><D81/><U52/><E105/><V25/><F78/><W107/><G107/><T29/><D128/><U94/><E94/><V14/><F89/><W79/><G79/><T95/><D95/><U24/><E104/><V7/><F96/><AGARI ba="0,1" hai="26,30,33,46,50,54,68,71,88,93,96,117,118,119" machi="96" ten="40,5200,0" yaku="1,1,54,1,53,1" doraHai="110" doraHaiUra="92" who="3" fromWho="2" sc="130,0,151,0,239,-52,470,62" /><INIT seed="3,0,0,0,0,82" ten="130,151,187,532" oya="3" hai0="109,48,110,38,62,11,96,28,17,84,24,128,90" hai1="132,35,76,127,124,26,71,31,33,64,4,94,78" hai2="116,65,87,25,113,114,72,81,106,7,40,134,105" hai3="37,118,30,73,53,32,68,0,29,125,69,27,70"/><W95/><G118/><T18/><D38/><U91/><E132/><V92/><F116/><W57/><G37/><T56/><D96/><U126/><E4/><V130/><F134/><W52/><G73/><T89/><D48/><U107/><E107/><V54/><F40/><W133/><G133/><T50/><D50/><U60/><REACH who="1" step="1"/><E35/><REACH who="1" ten="130,141,187,532" step="2"/><V20/><F106/><W2/><G32/><T15/><D128/><U74/><E74/><V5/><F105/><W135/><G135/><T115/><D115/><U100/><E100/><V8/><F130/><W36/><G0/><T14/><D109/><U41/><E41/><V51/><F72/><W47/><G2/><T34/><D110/><U77/><E77/><V21/><F114/><W59/><G125/><T117/><D117/><U43/><E43/><V66/><F5/><W119/><G119/><T97/><D90/><U104/><E104/><V10/><F7/><W86/><G70/><T131/><D131/><U44/><E44/><V55/><F113/><W1/><G69/><T102/><D102/><U61/><E61/><V63/><F63/><W123/><G68/><T99/><D62/><U22/><E22/><V103/><F20/><W23/><G1/><T85/><D56/><U122/><E122/><V49/><F21/><W3/><G123/><T80/><REACH who="0" step="1"/><D85/><AGARI ba="0,1" hai="26,31,33,60,64,71,76,78,85,91,94,124,126,127" machi="85" ten="40,5200,0" yaku="1,1,18,1,52,1,53,0" doraHai="82" doraHaiUra="13" who="1" fromWho="0" sc="130,-52,141,62,187,0,532,0" /><INIT seed="4,0,0,2,1,78" ten="78,203,187,532" oya="0" hai0="79,117,52,83,17,123,76,69,61,62,103,121,111" hai1="31,75,122,34,118,84,81,57,74,56,92,33,128" hai2="101,55,98,2,29,112,9,87,10,23,63,113,105" hai3="108,8,85,1,44,50,116,106,7,72,41,51,5"/><T38/><D117/><U24/><E118/><V130/><F130/><W133/><G116/><T48/><D38/><U59/><E122/><V126/><F126/><W14/><G72/><T82/><D111/><U120/><E120/><V13/><F2/><W93/><G108/><T86/><D103/><U0/><E0/><V19/><F87/><W97/><G106/><T22/><D121/><U109/><E109/><V66/><F55/><W54/><G133/><T95/><D123/><U12/><E128/><V67/><F67/><W30/><G85/><N who="0" m="48327" /><D95/><U36/><E36/><V102/><F102/><N who="3" m="60719" /><G1/><T65/><D65/><U77/><E34/><V58/><F29/><W73/><G73/><T28/><D28/><U125/><E125/><V37/><F37/><W132/><G30/><T60/><D69/><U70/><E70/><V42/><F42/><W119/><G132/><T6/><D6/><U47/><E47/><V135/><F135/><W104/><G104/><T107/><D107/><U110/><E110/><V131/><F131/><W134/><G134/><T18/><D22/><U16/><REACH who="1" step="1"/><E92/><REACH who="1" ten="78,193,187,532" step="2"/><V129/><F129/><W4/><G119/><T45/><AGARI ba="0,1" hai="17,18,45,48,52,60,61,62,79,83,86" m="48327" machi="45" ten="30,11700,0" yaku="8,1,52,2,54,1" doraHai="78" who="0" fromWho="0" sc="78,127,193,-39,187,-39,532,-39" /><INIT seed="4,1,0,2,1,0" ten="205,154,148,493" oya="0" hai0="114,57,73,98,48,64,4,50,28,16,54,128,61" hai1="19,104,65,23,37,93,58,17,135,92,41,80,84" hai2="33,12,86,70,26,101,125,115,49,36,62,51,47" hai3="14,123,107,113,20,129,44,124,8,10,75,24,100"/><T81/><D114/><U118/><E104/><V88/><F115/><W2/><G113/><T3/><D128/><U9/><E118/><V120/><F120/><W109/><G109/><T66/><D28/><U121/><E121/><V74/><F74/><W27/><G75/><T5/><D3/><U89/><E135/><V63/><F36/><W83/><G129/><T30/><D30/><U106/><E106/><V46/><F101/><W69/><G69/><T59/><D73/><U11/><E41/><N who="2" m="24783" /><F70/><W72/><G107/><T42/><D81/><U67/><E37/><V7/><F26/><W52/><G83/><T87/><D87/><U34/><E34/><V95/><F33/><W40/><G72/><T130/><D130/><U96/><E93/><V39/><F39/><W55/><G24/><T91/><D16/><N who="1" m="6219" /><E23/><V13/><F125/><W116/><G124/><T6/><D64/><N who="1" m="24651" /><E58/><V85/><F85/><W134/><G123/><T25/><D25/><U29/><E29/><V78/><F78/><AGARI ba="1,0" hai="9,11,78,80,84,89,92,96" m="24651,6219" machi="78" ten="30,2000,0" yaku="8,1,54,1" doraHai="0" who="1" fromWho="2" sc="205,0,154,23,148,-23,493,0" /><INIT seed="5,0,0,2,3,70" ten="205,177,125,493" oya="1" hai0="26,120,41,6,102,72,30,99,97,80,0,111,133" hai1="61,104,126,114,24,36,66,71,44,20,46,58,130" hai2="134,98,2,93,85,103,86,90,119,73,55,29,121" hai3="31,48,77,96,59,19,124,65,115,53,78,82,131"/><U11/><E104/><V128/><F2/><W57/><G115/><T75/><D111/><U125/><E114/><V8/><F119/><W132/><G131/><T16/><D99/><U117/><E117/><V35/><F128/><W116/><G116/><T64/><D41/><U28/><E130/><V45/><F121/><W110/><G110/><T52/><D64/><U79/><E79/><V60/><F73/><W92/><G132/><T100/><D100/><U17/><E71/><V13/><F134/><W32/><G124/><N who="1" m="47722" /><E36/><V95/><F35/><W83/><G31/><T68/><D68/><U69/><E69/><V12/><F29/><W22/><G32/><T112/><D75/><U23/><E11/><V51/><F60/><N who="3" m="38047" /><G77/><T3/><D72/><U84/><E84/><V47/><F86/><W14/><G78/><T113/><D133/><U4/><E4/><V34/><F34/><W108/><G108/><T50/><D6/><U74/><E74/><V87/><F87/><W135/><G135/><T129/><D129/><U106/><E106/><V7/><REACH who="2" step="1"/><F12/><AGARI ba="0,0" hai="12,17,20,23,24,28,44,46,58,61,66" m="47722" machi="12" ten="30,1500,0" yaku="18,1" doraHai="70" who="1" fromWho="2" sc="205,0,177,15,125,-15,493,0" /><INIT seed="5,1,0,4,3,107" ten="205,192,110,493" oya="1" hai0="102,92,40,22,16,104,20,105,47,6,54,95,68" hai1="61,129,49,73,56,52,130,21,43,99,98,127,91" hai2="103,109,14,17,110,70,111,81,26,50,79,2,75" hai3="134,132,24,77,118,97,66,78,65,87,62,35,48"/><U83/><E127/><V124/><F124/><W4/><G118/><T19/><D68/><U89/><E21/><V58/><F70/><W76/><G4/><T36/><D6/><U80/><E80/><V125/><F125/><W32/><G87/><T9/><D9/><U15/><E15/><V51/><F2/><W115/><G115/><T114/><D54/><U18/><E18/><V135/><F135/><N who="3" m="51755" /><G24/><T74/><D74/><U38/><E38/><V28/><F103/><W55/><G97/><T3/><D3/><U30/><E30/><V106/><F106/><W42/><G42/><T100/><D114/><U133/><E133/><V86/><F58/><N who="3" m="37079" /><G66/><T59/><D40/><U8/><E8/><V128/><F128/><N who="1" m="49257" /><E43/><V33/><REACH who="2" step="1"/><F86/><REACH who="2" ten="205,192,100,493" step="2"/><W27/><G27/><T0/><D0/><U25/><E56/><AGARI ba="1,1" hai="32,35,48,55,56,76,77,78" m="37079,51755" machi="56" ten="30,1000,0" yaku="20,1" doraHai="107" who="3" fromWho="1" sc="205,0,192,-13,100,0,493,23" /><INIT seed="6,0,0,3,1,54" ten="205,179,100,516" oya="2" hai0="53,10,41,47,51,78,114,109,42,48,16,84,8" hai1="56,121,6,44,58,81,30,86,132,102,17,106,34" hai2="128,72,76,23,108,98,62,122,57,100,93,127,25" hai3="124,96,123,52,5,69,118,130,115,73,131,24,31"/><V85/><F122/><W20/><G123/><T133/><D109/><U65/><E121/><V134/><F108/><W112/><G118/><T91/><D78/><U113/><E6/><V19/><F134/><W50/><G73/><T13/><D114/><N who="3" m="43561" /><G69/><T119/><D133/><U99/><E132/><V60/><F128/><W75/><G75/><T21/><D119/><U14/><E113/><V83/><F127/><W71/><G71/><T22/><D22/><U39/><E65/><V28/><F72/><W0/><G124/><T87/><D87/><U126/><E126/><V64/><REACH who="2" step="1"/><F60/><REACH who="2" ten="205,179,90,516" step="2"/><W92/><G131/><T7/><D48/><U68/><E39/><V15/><F15/><W120/><G130/><T88/><D13/><U101/><E14/><V59/><F59/><W55/><G120/><T95/><D51/><U77/><E58/><V37/><F37/><W46/><G50/><T117/><D117/><U135/><E56/><V38/><F38/><W32/><G46/><T79/><D47/><U67/><E44/><V49/><F49/><W82/><G0/><T26/><D42/><U3/><E3/><V43/><F43/><W90/><G24/><T36/><D41/><U97/><E135/><V116/><F116/><W4/><G55/><T29/><D53/><U9/><E68/><V35/><F35/><W45/><G32/><T94/><D36/><U111/><E111/><V2/><F2/><W125/><G125/><T129/><D129/><U40/><E40/><V80/><F80/><W61/><G82/><N who="0" m="49559" /><D26/><U74/><E34/><V105/><F105/><W66/><G45/><RYUUKYOKU ba="0,1" sc="205,-10,179,-10,90,30,516,-10" hai2="19,23,25,28,57,62,64,76,83,85,93,98,100" /><INIT seed="6,1,1,2,0,77" ten="195,169,120,506" oya="2" hai0="40,52,41,71,51,121,5,42,99,3,18,7,95" hai1="112,74,69,102,134,39,122,4,120,133,75,13,47" hai2="89,72,6,11,84,34,37,16,59,25,2,86,38" hai3="66,67,107,76,22,96,30,45,50,87,123,81,79"/><V15/><F72/><N who="1" m="27689" /><E69/><V35/><F59/><W105/><G123/><N who="1" m="47146" /><E102/><V131/><F131/><W33/><G33/><T80/><D71/><U130/><E130/><V36/><F86/><W90/><G107/><T63/><D63/><U118/><E118/><V46/><F46/><W82/><G105/><T100/><D3/><U1/><E1/><V29/><F35/><W0/><G0/><T104/><D104/><U115/><E13/><V83/><F38/><W124/><G124/><T113/><D121/><U128/><E4/><V56/><F56/><W20/><G96/><T10/><D7/><U65/><E65/><N who="3" m="24586" /><G30/><T58/><D5/><U101/><E101/><V92/><F92/><W109/><G109/><T117/><D117/><U68/><E68/><V60/><F60/><W61/><G61/><T127/><D95/><U14/><E14/><V88/><F89/><W125/><G125/><T48/><D100/><U94/><E94/><V119/><F119/><W27/><G27/><T106/><D106/><U57/><E57/><V24/><F24/><W44/><G44/><T21/><D58/><U73/><N who="1" m="27697" /><U116/><DORA hai="9" /><E116/><V32/><REACH who="2" step="1"/><F34/><REACH who="2" ten="195,169,110,506" step="2"/><W12/><G90/><T78/><D127/><U62/><E62/><V31/><F31/><W103/><G87/><T64/><D64/><U126/><E126/><V28/><F28/><W17/><G45/><T129/><D129/><U53/><E128/><V8/><AGARI ba="1,2" hai="2,6,8,11,15,16,25,29,32,36,37,83,84,88" machi="8" ten="20,24000,3" yaku="1,1,0,1,7,1,52,2,54,2,53,1" doraHai="77,9" doraHaiUra="132,23" who="2" fromWho="2" sc="195,-81,169,-81,110,263,506,-81" /><INIT seed="6,2,0,5,1,46" ten="114,88,373,425" oya="2" hai0="15,37,31,62,119,8,71,70,92,67,34,113,41" hai1="104,128,77,2,80,19,7,127,86,91,133,106,81" hai2="39,85,88,108,28,68,82,33,66,72,57,20,35" hai3="126,107,100,64,89,117,121,94,97,116,4,76,3"/><V44/><F68/><W129/><G121/><T59/><D113/><U124/><E7/><V12/><F108/><W84/><G129/><T56/><D119/><U10/><E2/><V79/><F66/><W11/><G126/><N who="1" m="48170" /><E10/><V24/><F57/><W27/><G64/><T102/><D70/><U47/><E19/><V45/><F12/><W6/><G6/><T115/><D115/><U1/><E1/><V114/><F114/><W101/><G101/><T42/><D31/><U23/><E23/><V93/><REACH who="2" step="1"/><F45/><REACH who="2" ten="114,88,363,425" step="2"/><W9/><G9/><T17/><D71/><U36/><E128/><V90/><F90/><W32/><REACH who="3" step="1"/><G76/><REACH who="3" ten="114,88,363,415" step="2"/><T26/><D67/><U30/><E77/><V73/><F73/><W49/><G49/><T123/><D123/><U60/><E60/><V120/><F120/><W0/><G0/><T111/><D62/><U16/><E36/><V58/><F58/><W14/><G14/><T131/><D37/><U112/><E112/><V63/><F63/><W22/><G22/><N who="0" m="13647" /><D131/><U74/><E74/><V43/><AGARI ba="2,2" hai="20,24,28,33,35,39,43,44,72,79,82,85,88,93" machi="43" ten="30,6000,0" yaku="1,1,0,1,54,1,53,0" doraHai="46" doraHaiUra="95" who="2" fromWho="2" sc="114,-22,88,-22,363,86,415,-22" /><INIT seed="6,3,0,5,5,83" ten="92,66,449,393" oya="2" hai0="21,94,125,32,2,56,104,6,92,63,72,85,27" hai1="77,54,74,112,69,52,119,9,123,108,28,114,100" hai2="60,98,81,38,51,64,18,19,39,44,53,88,107" hai3="82,127,48,128,126,35,34,76,57,7,49,45,13"/><V86/><F18/><W8/><G128/><T71/><D104/><U20/><E108/><V113/><F113/><N who="1" m="43625" /><E119/><V14/><F107/><W24/><G57/><T16/><D72/><U73/><E69/><V79/><F98/><W78/><G48/><T70/><D125/><N who="3" m="47625" /><G24/><T31/><D70/><U75/><E123/><V84/><F60/><W46/><G76/><T95/><D71/><U130/><E130/><V47/><F64/><W40/><G46/><T36/><D36/><U80/><E100/><V103/><F103/><W23/><G23/><T129/><D129/><U122/><E122/><V12/><F47/><W15/><G15/><N who="0" m="9375" /><D63/><U116/><E116/><V33/><F14/><W117/><G117/><T3/><D3/><U131/><E131/><V115/><F115/><W124/><N who="3" m="47633" /><W26/><DORA hai="68" /><G26/><T102/><D102/><U10/><E20/><V1/><F1/><W0/><G0/><T118/><D118/><U89/><E28/><V91/><F33/><W25/><G25/><T43/><D56/><U37/><E37/><V132/><F79/><W58/><G58/><T93/><N who="0" m="23552" /><DORA hai="110" /><T90/><D2/><U105/><E105/><V55/><F38/><W120/><G120/><T101/><D101/><U59/><E89/><V29/><F39/><W135/><G135/><T61/><D61/><N who="1" m="36071" /><E54/><N who="2" m="30055" /><F132/><W4/><G4/><T109/><D6/><U42/><E42/><V99/><F29/><W11/><G11/><AGARI ba="3,0" hai="9,10,11,73,74,75,77,80" m="36071,43625" machi="11" ten="30,8000,1" yaku="15,1,52,3,54,1" doraHai="83,68,110" who="1" fromWho="3" sc="92,0,66,89,449,0,393,-89" /><INIT seed="7,0,0,5,2,85" ten="92,155,449,304" oya="3" hai0="46,16,40,29,107,94,119,38,77,62,76,61,25" hai1="75,31,135,91,116,47,121,21,86,48,73,84,79" hai2="127,10,109,124,55,90,93,105,30,132,67,27,71" hai3="96,102,89,44,8,9,101,13,59,114,42,22,14"/><W3/><G114/><T87/><D107/><U120/><E135/><V118/><F109/><W92/><G3/><T26/><D119/><U70/><E70/><V33/><F105/><W122/><G122/><T81/><D94/><U98/><E98/><V50/><F132/><W63/><G22/><T56/><D76/><U37/><E37/><V24/><F24/><W74/><G74/><T126/><D126/><N who="2" m="48170" /><F10/><W108/><G108/><T83/><D83/><U66/><E84/><N who="2" m="52423" /><F67/><W36/><G9/><T52/><D29/><U18/><E31/><V12/><F71/><W5/><REACH who="3" step="1"/><G14/><REACH who="3" ten="92,155,449,294" step="2"/><T32/><D32/><U0/><E0/><V112/><F12/><W1/><G1/><T113/><D113/><U2/><E2/><V125/><F112/><W133/><G133/><T65/><REACH who="0" step="1"/><D16/><REACH who="0" ten="82,155,449,294" step="2"/><U106/><E18/><V80/><F125/><W110/><G110/><T104/><D104/><U130/><E106/><V134/><F134/><W117/><G117/><T115/><D115/><U34/><E116/><V58/><F118/><W64/><AGARI ba="0,2" hai="5,8,13,36,42,44,59,63,64,89,92,96,101,102" machi="64" ten="20,7800,0" yaku="1,1,0,1,7,1,52,1,53,0" doraHai="85" doraHaiUra="17" who="3" fromWho="3" sc="82,-26,155,-26,449,-26,294,98" /><INIT seed="7,1,0,1,0,21" ten="56,129,423,392" oya="3" hai0="127,115,20,112,17,64,2,84,105,80,12,122,77" hai1="44,102,56,132,18,7,99,120,6,34,109,133,59" hai2="104,68,55,98,8,110,4,126,35,50,97,123,27" hai3="134,61,76,116,95,70,89,25,128,82,85,74,130"/><W107/><G116/><T88/><D122/><U13/><E109/><V131/><F110/><W40/><G107/><T54/><D2/><U114/><E34/><V91/><F123/><W52/><G134/><N who="1" m="51818" /><E44/><V86/><F68/><W60/><G40/><T31/><D127/><U118/><E118/><V100/><F98/><W1/><G1/><T92/><D105/><N who="1" m="63711" /><E114/><N who="0" m="43561" /><D64/><U83/><E83/><V78/><F78/><W67/><REACH who="3" step="1"/><G25/><REACH who="3" ten="56,129,423,382" step="2"/><N who="0" m="16807" /><D54/><U135/><E135/><V66/><F104/><W5/><G5/><T73/><D17/><U22/><E120/><V117/><F55/><W57/><AGARI ba="1,1" hai="52,57,60,61,67,70,74,76,82,85,89,95,128,130" machi="57" ten="30,6000,0" yaku="1,1,0,1,54,1,53,0" doraHai="21" doraHaiUra="23" who="3" fromWho="3" sc="56,-21,129,-21,423,-21,382,73" owari="35,-46.0,108,-29.0,402,20.0,455,55.0" /></mjloggm>