<mjloggm ver="2.3"><GO type="169" lobby="0"/><UN n0="%79%61%67%69%30%32%32%30" n1="%E5%B0%8F%E9%98%AA%E3%81%A1%E3%81%B2%E3%82%8D" n2="%E5%BA%83%E5%B3%B6%E3%81%AE%E7%A8%AE%E9%A6%AC" n3="%E5%B0%B1%E6%B4%BB%E7%94%9F%40%E5%B7%9D%E6%9D%91%E8%BB%8D%E5%9B%A3" dan="16,16,16,17" rate="2114.99,2139.13,2073.49,2192.44" sx="M,F,M,M"/><TAIKYOKU oya="0"/><INIT seed="0,0,0,2,1,14" ten="250,250,250,250" oya="0" hai0="75,105,79,99,20,55,19,6,1,65,109,100,32" hai1="85,89,112,131,117,61,60,3,37,4,130,73,46" hai2="124,93,108,107,17,88,74,80,54,77,16,96,66" hai3="116,81,43,23,86,118,91,34,15,102,113,50,87"/><T71/><D32/><U33/><E33/><V82/><F108/><W30/><G34/><T5/><D109/><U27/><E73/><V115/><F115/><W119/><G113/><T120/><D120/><U13/><E117/><V26/><F124/><W11/><G102/><T95/><D1/><U52/><E3/><V31/><F66/><W101/><G101/><T94/><D71/><U51/><E37/><V21/><F107/><W62/><G62/><T121/><D65/><U0/><E0/><V103/><F103/><W58/><G30/><T69/><D69/><U98/><E98/><V92/><F92/><W132/><G23/><T72/><D121/><U114/><E27/><V123/><F123/><W38/><G38/><T63/><D105/><U104/><E104/><V25/><F82/><W49/><G132/><T84/><D75/><U18/><E4/><V129/><F129/><N who="1" m="49161" /><E60/><V29/><F54/><W42/><G87/><T7/><D72/><U10/><E61/><V83/><F80/><AGARI ba="0,0" hai="10,13,18,46,51,52,80,85,89,112,114" m="49161" machi="80" ten="30,7700,0" yaku="25,1,19,1,52,1,54,1" doraHai="14" who="1" fromWho="2" sc="250,0,250,77,250,-77,250,0" /><INIT seed="1,0,0,0,2,9" ten="250,327,173,250" oya="1" hai0="18,56,121,126,5,48,105,99,28,52,17,130,116" hai1="93,0,39,71,33,34,50,16,118,82,133,78,108" hai2="4,29,15,75,51,11,90,109,63,31,68,24,135" hai3="32,74,12,92,58,2,62,37,47,1,84,35,55"/><U81/><E39/><V122/><F109/><W132/><G74/><T77/><D116/><U88/><E118/><V30/><F122/><W40/><G132/><T66/><D121/><U54/><E71/><V57/><F75/><W128/><G128/><T6/><D130/><U124/><E124/><V19/><F68/><W100/><G2/><T94/><D105/><U65/><E65/><V131/><F135/><W102/><G1/><T36/><D36/><U38/><E38/><V127/><F127/><W97/><G102/><T59/><D126/><U125/><E133/><V41/><F131/><W83/><REACH who="3" step="1"/><G12/><REACH who="3" ten="250,327,173,240" step="2"/><T14/><D77/><AGARI ba="0,1" hai="32,35,37,40,47,55,58,62,77,83,84,92,97,100" machi="77" ten="30,3900,0" yaku="1,1,2,1,7,1,53,0" doraHai="9" doraHaiUra="86" who="3" fromWho="0" sc="250,-39,327,0,173,0,240,49" /><INIT seed="2,0,0,4,2,42" ten="211,327,173,289" oya="2" hai0="12,119,107,106,38,23,131,102,97,133,39,8,52" hai1="120,53,68,49,24,81,3,117,104,27,43,75,132" hai2="45,82,47,33,62,95,13,98,83,35,84,69,96" hai3="112,10,60,110,67,18,29,59,40,89,58,37,129"/><V66/><F82/><W16/><G29/><T41/><D133/><U77/><E43/><V118/><F118/><W46/><G110/><T101/><D119/><U0/><E24/><V50/><F98/><W71/><G129/><T56/><D131/><U135/><E27/><V63/><F63/><W87/><G112/><T15/><D23/><U72/><E117/><V121/><F121/><W26/><G26/><T116/><D116/><U122/><E104/><V74/><F74/><W2/><G2/><T34/><D34/><U70/><E53/><V22/><F84/><W115/><G115/><T114/><D114/><U93/><E49/><V73/><F83/><W109/><G109/><T127/><D127/><U61/><E93/><V55/><F73/><N who="1" m="28233" /><E81/><V14/><F47/><W99/><G99/><T90/><D102/><U36/><E61/><V65/><F65/><W9/><G89/><T21/><D107/><U54/><E77/><V31/><F31/><W91/><G91/><T20/><D90/><U94/><E36/><V92/><F92/><W88/><G88/><T4/><D15/><U100/><E94/><V78/><F78/><W57/><G87/><T111/><D111/><U134/><E100/><V25/><F25/><W32/><G32/><N who="2" m="12361" /><F22/><N who="0" m="8810" /><D41/><U86/><E86/><V7/><F7/><W51/><REACH who="3" step="1"/><G37/><REACH who="3" ten="211,327,173,279" step="2"/><T128/><D128/><U76/><E132/><V125/><F13/><W85/><G85/><T11/><D11/><AGARI ba="0,1" hai="9,10,11,16,18,40,46,51,57,58,59,60,67,71" machi="11" ten="40,5200,0" yaku="1,1,52,1,54,1,53,0" doraHai="42" doraHaiUra="124" who="3" fromWho="0" sc="211,-52,327,0,173,0,279,62" /><INIT seed="3,0,0,1,1,8" ten="159,327,173,341" oya="3" hai0="77,66,32,130,106,129,55,36,49,44,46,41,89" hai1="40,80,111,50,128,132,64,3,56,114,131,30,54" hai2="135,127,71,13,104,79,105,96,23,21,17,25,15" hai3="125,78,20,61,91,94,84,112,63,59,122,69,58"/><W28/><G112/><T118/><D106/><U82/><E3/><V29/><F71/><W7/><G122/><T39/><D32/><U60/><E30/><V99/><F79/><W27/><G125/><T88/><D118/><U117/><E80/><V119/><F119/><W120/><G120/><T107/><D107/><U1/><E82/><V90/><F127/><W123/><G123/><T43/><D77/><U19/><E1/><V73/><F73/><W0/><G69/><T115/><D66/><U51/><E19/><V14/><F135/><W5/><G78/><T95/><D115/><U85/><E85/><V86/><F105/><W67/><REACH who="3" step="1"/><G0/><REACH who="3" ten="159,327,173,331" step="2"/><T87/><REACH who="0" step="1"/><D89/><REACH who="0" ten="149,327,173,331" step="2"/><U92/><E114/><V11/><F104/><W72/><G72/><T110/><D110/><U65/><E111/><V57/><F57/><AGARI ba="0,2" hai="36,39,41,43,44,46,49,55,57,87,88,95,129,130" machi="57" ten="40,8000,1" yaku="1,1,9,1,54,1,53,2" doraHai="8" doraHaiUra="126" who="0" fromWho="2" sc="149,100,327,0,173,-80,331,0" /><INIT seed="4,0,0,0,5,58" ten="249,327,93,331" oya="0" hai0="30,59,96,53,79,115,128,33,21,73,45,132,114" hai1="81,65,108,97,56,19,103,54,55,77,104,35,120" hai2="43,76,49,109,95,111,92,126,38,17,106,102,36" hai3="86,123,34,29,64,82,83,90,50,0,63,116,121"/><T80/><D33/><U10/><E108/><V72/><F49/><W40/><G116/><T122/><D122/><N who="3" m="46601" /><G0/><T91/><D132/><U6/><E35/><V46/><F38/><W60/><G64/><T8/><D128/><U2/><E120/><V134/><F106/><W61/><G34/><T9/><D45/><U28/><E28/><V62/><F134/><W3/><G3/><T125/><D125/><U18/><E65/><V130/><F126/><W52/><G29/><T47/><D47/><U75/><REACH who="1" step="1"/><E54/><REACH who="1" ten="249,317,93,331" step="2"/><V68/><F109/><W105/><G105/><T110/><D110/><U39/><E39/><V124/><F36/><W88/><G40/><T87/><D30/><U32/><E32/><V67/><F67/><W42/><G42/><T89/><D53/><U99/><E99/><V135/><F43/><W27/><G27/><T20/><D96/><U112/><E112/><V22/><F111/><W15/><G15/><T12/><D12/><U41/><E41/><V133/><F124/><W118/><G118/><T119/><D119/><U85/><E85/><V78/><F133/><W48/><G52/><T13/><D87/><AGARI ba="0,1" hai="48,50,60,61,63,82,83,86,87,88,90" m="46601" machi="87" ten="30,8000,1" yaku="13,1,52,3,54,1" doraHai="58" who="3" fromWho="0" sc="249,-80,317,0,93,0,331,90" /><INIT seed="5,0,0,0,5,32" ten="169,317,93,421" oya="1" hai0="127,109,19,38,1,76,31,134,91,114,67,106,20" hai1="15,125,72,60,4,61,77,120,50,103,108,126,81" hai2="119,80,85,5,17,11,95,128,28,132,24,113,52" hai3="116,48,89,47,66,107,73,69,51,98,96,68,70"/><U90/><E120/><V58/><F119/><W88/><G73/><T111/><D91/><U29/><E108/><V121/><F121/><W133/><G133/><T78/><D67/><U49/><E103/><V34/><F132/><W79/><G79/><T21/><D38/><U9/><E29/><V115/><F128/><W64/><G116/><T13/><D106/><U55/><E49/><V0/><F95/><W36/><G70/><T102/><D102/><U130/><E130/><V92/><F92/><W83/><G83/><T131/><D134/><U135/><E135/><V105/><F17/><W104/><G47/><T30/><D131/><U39/><E39/><AGARI ba="0,0" hai="36,39,48,51,64,66,68,69,88,89,96,98,104,107" machi="39" ten="25,3200,0" yaku="22,2,54,1" doraHai="32" who="3" fromWho="1" sc="169,0,317,-32,93,0,421,32" /><INIT seed="6,0,0,3,0,90" ten="169,285,93,453" oya="2" hai0="75,61,109,106,83,35,8,0,102,119,84,130,55" hai1="122,95,52,18,13,59,126,21,32,54,105,135,96" hai2="104,34,51,33,72,127,92,41,77,120,29,67,7" hai3="27,1,39,50,14,87,116,93,37,23,40,31,112"/><V11/><F120/><W78/><G1/><T68/><D55/><U9/><E32/><V98/><F104/><W117/><G112/><T103/><D84/><U2/><E105/><V89/><F127/><W45/><G14/><T85/><D85/><U100/><E126/><V43/><F67/><W115/><G115/><T125/><D61/><U16/><E135/><V6/><F6/><W28/><G28/><T110/><D8/><U108/><E108/><V57/><F57/><W133/><G133/><T79/><D83/><U82/><E122/><V121/><F121/><W56/><G56/><T99/><D99/><U118/><E118/><V17/><F17/><W91/><REACH who="3" step="1"/><G78/><REACH who="3" ten="169,285,93,443" step="2"/><T15/><D15/><N who="1" m="9439" /><E2/><V76/><F29/><W42/><G42/><T70/><D79/><U131/><E131/><V128/><F128/><W47/><G47/><T94/><D130/><U97/><E59/><V64/><F77/><W62/><G62/><T88/><D0/><U19/><E19/><V12/><F41/><W25/><G25/><T30/><D30/><U114/><E114/><V74/><F76/><W48/><G48/><T5/><D125/><U24/><E24/><V132/><F132/><W10/><G10/><T36/><D110/><U65/><E16/><V129/><F129/><W4/><G4/><T124/><D5/><U113/><E13/><V20/><F20/><W73/><G73/><N who="2" m="28265" /><F64/><W81/><G81/><T66/><D109/><U46/><E82/><V86/><F86/><W123/><G123/><T22/><D124/><U69/><E9/><V107/><F107/><W71/><G71/><RYUUKYOKU ba="0,1" sc="169,-15,285,-15,93,15,443,15" hai2="7,11,12,33,34,43,51,89,92,98" hai3="23,27,31,37,39,40,45,50,87,91,93,116,117" /><INIT seed="6,1,1,0,5,11" ten="154,270,108,458" oya="2" hai0="30,95,73,4,115,121,47,55,5,106,67,13,103" hai1="45,29,58,86,35,129,126,118,69,78,37,34,31" hai2="50,134,81,105,72,124,64,51,60,20,61,12,54" hai3="123,66,14,84,2,25,48,0,132,27,98,23,74"/><V108/><F105/><W16/><G74/><T19/><D73/><U85/><E69/><V122/><F122/><W15/><G123/><T116/><D106/><U68/><E118/><V52/><F134/><W128/><G128/><T89/><D121/><U110/><E68/><V133/><F133/><W3/><G132/><T93/><D116/><U40/><E110/><V53/><F124/><W32/><G66/><T26/><D115/><U38/><E129/><V42/><F108/><W96/><G84/><N who="0" m="52391" /><D67/><U109/><E109/><V94/><F72/><W104/><G48/><N who="2" m="18473" /><F42/><W7/><G104/><T70/><D70/><U87/><E126/><V127/><F127/><W9/><G96/><N who="0" m="59807" /><D47/><U80/><E37/><V83/><F94/><W112/><G98/><T135/><D135/><U44/><E44/><V8/><F20/><W62/><G62/><N who="2" m="24169" /><F64/><W99/><G99/><T82/><D55/><N who="2" m="14082" /><V28/><DORA hai="39" /><F28/><N who="3" m="19471" /><G112/><T21/><D82/><U119/><E29/><V46/><F46/><W131/><G131/><T36/><D36/><U65/><E31/><V22/><F22/><AGARI ba="1,1" hai="4,5,13,19,21,22,26,30" m="59807,52391" machi="22" ten="30,2000,0" yaku="8,1,52,1" doraHai="11,39" who="0" fromWho="2" sc="154,33,270,0,108,-23,458,0" /><INIT seed="7,0,0,4,2,51" ten="187,270,85,458" oya="3" hai0="37,21,44,6,103,133,100,134,111,20,33,109,23" hai1="127,25,41,42,62,70,45,101,84,27,75,91,87" hai2="114,126,132,1,56,49,16,122,11,130,46,57,108" hai3="40,34,38,107,32,2,99,66,117,3,76,17,47"/><W0/><G117/><T85/><D33/><N who="3" m="12905" /><G17/><T28/><D28/><U82/><E75/><V24/><F108/><N who="0" m="41546" /><D85/><U92/><E127/><V54/><F114/><W48/><G48/><T81/><D81/><U105/><E105/><V50/><F126/><W13/><G13/><T12/><D37/><U60/><E70/><V121/><F132/><N who="0" m="50794" /><D44/><U61/><E101/><N who="0" m="38985" /><D6/><U95/><E95/><V7/><F130/><W72/><G66/><T113/><D12/><U97/><E97/><V73/><F73/><W129/><G129/><T90/><D90/><N who="1" m="53343" /><E45/><V68/><F68/><W74/><G76/><T125/><D125/><U52/><E52/><V116/><F116/><W8/><G8/><T104/><D113/><U69/><E69/><V112/><F112/><W128/><G128/><T4/><D4/><U96/><E96/><V31/><F31/><W131/><G131/><T77/><D77/><U124/><E124/><V35/><F35/><W102/><AGARI ba="0,0" hai="0,2,3,38,40,47,72,74,99,102,107" m="12905" machi="102" ten="40,3900,0" yaku="33,2" doraHai="51" who="3" fromWho="3" sc="187,-13,270,-13,85,-13,458,39" owari="174,-23.0,257,6.0,72,-43.0,497,60.0" /></mjloggm>