<mjloggm ver="2.3"><GO type="169" lobby="0"/><UN n0="%E3%81%BD%E3%81%BF%E3%82%85" n1="%4B%61%74" n2="%E3%82%8F%E3%81%A3%E3%81%93%E3%83%BC%E3%83%BB%EF%BC%A1%E3%83%BB%E3%83%8E" n3="%E5%B0%B1%E6%B4%BB%E7%94%9F%40%E5%B7%9D%E6%9D%91%E8%BB%8D%E5%9B%A3" dan="17,16,17,17" rate="2160.37,2072.22,2168.81,2222.87" sx="F,M,M,M"/><TAIKYOKU oya="0"/><INIT seed="0,0,0,2,0,130" ten="250,250,250,250" oya="0" hai0="80,1,9,3,105,69,29,47,95,128,112,12,26" hai1="102,19,91,99,6,103,31,100,20,75,53,45,72" hai2="131,101,106,51,134,48,118,83,126,70,74,132,117" hai3="28,8,11,41,73,27,10,109,71,120,60,61,7"/><T122/><D105/><U2/><E31/><V66/><F131/><W42/><G73/><T87/><D128/><U135/><E135/><N who="2" m="51755" /><F126/><W24/><G109/><T97/><D112/><U111/><E111/><V89/><F66/><W82/><G120/><T124/><D122/><U33/><E33/><V38/><F38/><W98/><G98/><T92/><D69/><U37/><E37/><V23/><F70/><W81/><G71/><T93/><D47/><U94/><E6/><V5/><F5/><W50/><G7/><N who="0" m="3135" /><D1/><U30/><E30/><V108/><F108/><W56/><G11/><T34/><D34/><U114/><E2/><V133/><N who="2" m="51763" /><V85/><DORA hai="116" /><F74/><W115/><G28/><T123/><D3/><U64/><E64/><V59/><F23/><W127/><G127/><T55/><D55/><U49/><REACH who="1" step="1"/><E114/><REACH who="1" ten="250,240,250,250" step="2"/><V52/><F48/><W78/><G50/><T0/><D124/><U44/><E44/><V90/><F90/><W67/><G67/><T21/><D0/><U39/><E39/><V13/><F13/><AGARI ba="0,1" hai="13,19,20,45,49,53,72,75,91,94,99,100,102,103" machi="13" ten="40,2600,0" yaku="1,1,53,1" doraHai="130,116" doraHaiUra="40,63" who="1" fromWho="2" sc="250,0,240,36,250,-26,250,0" /><INIT seed="1,0,0,3,0,129" ten="250,276,224,250" oya="1" hai0="90,0,61,112,50,79,59,110,43,58,55,21,126" hai1="125,117,135,104,70,113,28,83,64,66,35,88,99" hai2="124,77,91,62,13,98,109,31,11,123,32,68,131" hai3="27,34,15,54,76,1,103,132,101,106,41,14,69"/><U81/><E113/><V56/><F123/><W134/><G1/><T118/><D112/><U65/><E117/><V120/><F120/><W2/><G2/><T102/><D118/><U17/><E125/><V92/><F131/><W122/><G122/><T111/><D0/><U115/><E115/><V94/><F124/><W30/><G69/><T23/><D126/><U18/><E70/><V25/><F109/><N who="0" m="41482" /><D102/><N who="3" m="38921" /><G106/><T128/><D128/><U63/><E104/><V119/><F119/><W3/><G3/><T12/><D79/><U48/><E63/><V29/><F29/><W80/><G54/><N who="0" m="32087" /><D43/><U16/><E48/><V40/><F40/><W78/><G41/><T86/><D12/><N who="3" m="4649" /><G80/><AGARI ba="0,0" hai="21,23,55,59,61,80,86,90" m="32087,41482" machi="80" ten="30,1000,0" yaku="14,1" doraHai="129" who="0" fromWho="3" sc="250,10,276,0,224,0,250,-10" /><INIT seed="2,0,0,3,2,15" ten="260,276,224,240" oya="2" hai0="56,53,59,69,130,0,1,85,123,91,75,4,116" hai1="74,96,65,27,40,82,129,125,88,20,50,70,62" hai2="13,2,76,81,10,11,103,80,67,89,54,83,48" hai3="16,31,25,14,105,17,108,127,41,126,101,36,135"/><V35/><F35/><W24/><G108/><T128/><D69/><U121/><E129/><N who="0" m="49769" /><D75/><U37/><E125/><N who="3" m="47626" /><G135/><T112/><D112/><U38/><E121/><V42/><F42/><W63/><G63/><T19/><D123/><U122/><E122/><V30/><F30/><W106/><G14/><T39/><D39/><U97/><E74/><V79/><F103/><W45/><G25/><T84/><D116/><U124/><E124/><V115/><F115/><W7/><G7/><T9/><D19/><N who="3" m="7241" /><G101/><T131/><D131/><U64/><E64/><V90/><F67/><W98/><G98/><T100/><D100/><U52/><E20/><AGARI ba="0,0" hai="20,24,31,36,41,45,105,106" m="7241,47626" machi="20" ten="30,8000,1" yaku="18,1,52,3,54,1" doraHai="15" who="3" fromWho="1" sc="260,0,276,-80,224,0,240,80" /><INIT seed="3,0,0,5,2,1" ten="260,196,224,320" oya="3" hai0="30,32,44,72,49,111,11,23,74,133,43,123,122" hai1="134,114,97,84,126,130,7,35,48,15,39,52,40" hai2="115,100,58,128,83,98,120,46,54,53,75,50,31" hai3="102,33,86,64,92,78,29,110,88,112,19,59,0"/><W2/><G112/><T12/><D32/><U90/><E114/><V76/><F115/><W105/><G78/><T24/><D111/><U61/><E35/><V82/><F128/><W25/><G110/><T14/><D14/><U10/><E130/><V79/><F31/><W99/><REACH who="3" step="1"/><G19/><REACH who="3" ten="260,196,224,310" step="2"/><T121/><REACH who="0" step="1"/><D133/><REACH who="0" ten="250,196,224,310" step="2"/><U124/><E134/><V125/><F120/><W106/><G106/><T71/><D71/><U36/><E124/><V51/><F125/><W131/><G131/><T34/><D34/><U9/><E126/><V103/><REACH who="2" step="1"/><F98/><REACH who="2" ten="250,196,214,310" step="2"/><W127/><G127/><T117/><D117/><U57/><E97/><V8/><F8/><W21/><G21/><T96/><D96/><U85/><E9/><V62/><F62/><AGARI ba="0,3" hai="0,2,25,29,33,59,62,64,86,88,92,99,102,105" machi="62" ten="40,3900,0" yaku="1,1,54,1,53,0" doraHai="1" doraHaiUra="67" who="3" fromWho="2" sc="250,0,196,0,214,-39,310,69" /><INIT seed="3,1,0,0,2,117" ten="250,196,175,379" oya="3" hai0="50,129,103,116,120,6,128,2,40,79,92,14,93" hai1="65,89,81,59,131,112,25,97,1,13,95,48,94" hai2="108,78,18,127,66,106,118,44,4,35,104,31,29" hai3="107,134,21,100,122,125,36,56,8,23,63,22,88"/><W61/><G36/><T47/><D116/><U7/><E112/><V0/><F118/><W96/><G125/><T27/><D2/><U115/><E115/><V105/><F127/><W43/><G134/><T20/><D79/><U54/><E131/><N who="0" m="50249" /><D103/><U37/><E37/><V3/><F108/><W75/><G75/><T53/><D40/><U62/><E1/><V39/><F66/><W34/><G34/><T57/><D47/><U80/><E25/><V74/><F18/><W99/><G122/><T70/><D70/><U123/><E123/><V55/><F55/><W19/><G43/><T76/><D76/><U51/><E51/><V9/><F0/><W77/><G77/><T17/><D120/><U46/><REACH who="1" step="1"/><E95/><REACH who="1" ten="250,186,175,379" step="2"/><N who="0" m="36425" /><D6/><U91/><E91/><V110/><F110/><W90/><G90/><T32/><D32/><U52/><E52/><V33/><F33/><W68/><G88/><T64/><D64/><U132/><E132/><V72/><F35/><W124/><G124/><T45/><D45/><U38/><E38/><V135/><F135/><W113/><G113/><T28/><D28/><U87/><E87/><V5/><F74/><W10/><G100/><T73/><D73/><U119/><E119/><V133/><F133/><W86/><G86/><T111/><D111/><U12/><E12/><AGARI ba="1,1" hai="12,14,17,20,27,50,53,57" m="36425,50249" machi="12" ten="30,1000,0" yaku="19,1" doraHai="117" who="0" fromWho="1" sc="250,23,186,-13,175,0,379,0" /><INIT seed="4,0,0,3,5,47" ten="273,173,175,379" oya="0" hai0="36,77,26,131,37,130,18,19,9,35,24,7,126" hai1="69,52,123,115,121,49,96,88,66,15,5,79,111" hai2="129,107,103,85,4,120,135,10,17,25,65,20,44" hai3="23,31,125,74,70,62,32,119,50,71,75,64,29"/><T99/><D77/><U92/><E111/><V102/><F120/><W95/><G32/><T100/><D126/><U61/><E115/><V87/><F135/><W60/><G119/><T58/><D58/><U124/><E124/><V89/><F129/><N who="0" m="49162" /><D35/><U41/><E41/><V43/><F65/><W108/><G108/><T90/><D90/><U83/><E15/><V86/><F107/><W118/><G118/><T98/><D9/><U93/><E93/><V1/><REACH who="2" step="1"/><F89/><REACH who="2" ten="273,173,165,379" step="2"/><W28/><G64/><T21/><D100/><U80/><E5/><V53/><F53/><W40/><G125/><T104/><D7/><U132/><E132/><V133/><F133/><W22/><G70/><T117/><D104/><U3/><E3/><V105/><F105/><W11/><G71/><T97/><D117/><U63/><E63/><V0/><F0/><W6/><G6/><T68/><D68/><U51/><E52/><V12/><F12/><W57/><G62/><T122/><D122/><U13/><E13/><V8/><F8/><W73/><G11/><T109/><D109/><U46/><E123/><V84/><N who="2" m="21504" /><DORA hai="106" /><V113/><F113/><W56/><G60/><T67/><D67/><U127/><E121/><V78/><F78/><W34/><G73/><T39/><D26/><U14/><E14/><V59/><F59/><W82/><G56/><T54/><D54/><N who="1" m="30007" /><E79/><V112/><F112/><W55/><G74/><T128/><N who="0" m="49170" /><T110/><DORA hai="42" /><D110/><U30/><E127/><V81/><F81/><W16/><G82/><T94/><D94/><U114/><E92/><V72/><F72/><RYUUKYOKU ba="0,1" sc="273,15,173,-15,165,15,379,-15" hai0="18,19,21,24,36,37,39,97,98,99" hai2="1,4,10,17,20,25,43,44,102,103" /><INIT seed="4,1,1,5,3,78" ten="288,158,180,364" oya="0" hai0="101,41,97,68,125,119,106,33,74,19,89,100,130" hai1="81,93,10,123,28,11,79,15,90,20,116,99,96" hai2="67,39,107,30,14,7,75,5,47,86,115,27,49" hai3="129,17,94,118,1,102,12,73,72,131,36,0,38"/><T9/><D119/><U23/><E123/><V128/><F75/><N who="3" m="28747" /><G118/><T124/><D68/><U87/><E116/><V58/><F107/><W22/><G102/><T108/><D33/><U120/><E120/><V84/><F115/><W69/><G94/><T71/><D71/><U51/><E99/><V103/><F103/><W59/><G59/><T65/><D65/><U48/><E11/><V135/><F128/><N who="3" m="49227" /><G69/><T121/><D121/><U82/><E82/><V25/><F135/><W54/><G54/><T32/><D32/><U2/><E2/><AGARI ba="1,1" hai="0,1,2,12,17,22,36,38" m="49227,28747" machi="2" ten="40,1300,0" yaku="19,1" doraHai="78" who="3" fromWho="1" sc="288,0,158,-16,180,0,364,26" /><INIT seed="5,0,0,4,4,30" ten="288,142,180,390" oya="1" hai0="52,63,130,44,6,22,91,87,110,47,131,133,81" hai1="65,40,8,82,31,56,19,105,0,77,127,129,102" hai2="112,35,132,32,101,75,111,115,27,14,12,28,76" hai3="54,15,78,2,117,97,124,4,93,1,99,29,73"/><U3/><E31/><V106/><F111/><W67/><G67/><T116/><D110/><U50/><E105/><V64/><F132/><W120/><G99/><T13/><D116/><U95/><E129/><N who="0" m="49161" /><D133/><U24/><E127/><V122/><F122/><W37/><G29/><T107/><D107/><U68/><E68/><V69/><F35/><W16/><G4/><T61/><D22/><N who="1" m="13407" /><E8/><V103/><F76/><W66/><G66/><T5/><D63/><N who="1" m="38119" /><E0/><V134/><F75/><W92/><G37/><T118/><D118/><U11/><E3/><V72/><F72/><W70/><G70/><T89/><D89/><U90/><E11/><V80/><F80/><W18/><G73/><T41/><D13/><N who="2" m="5226" /><F134/><W113/><G15/><T21/><D21/><U7/><E7/><N who="0" m="2569" /><D41/><U126/><E126/><V26/><F26/><W96/><G124/><T62/><D62/><U49/><E40/><V55/><F55/><W34/><G34/><T86/><D86/><N who="1" m="48463" /><E102/><V17/><F17/><W39/><G39/><T123/><D123/><U109/><E109/><V23/><F23/><W94/><G120/><T85/><D85/><AGARI ba="0,0" hai="49,50,85,90,95" m="48463,38119,13407" machi="85" ten="30,1500,0" yaku="8,1" doraHai="30" who="1" fromWho="0" sc="288,-15,142,15,180,0,390,0" /><INIT seed="5,1,0,4,3,106" ten="273,157,180,390" oya="1" hai0="124,71,121,127,12,133,65,52,129,33,128,14,113" hai1="95,108,118,20,34,126,130,103,25,2,51,40,77" hai2="135,55,18,58,0,67,116,134,23,9,60,119,44" hai3="31,49,93,3,42,10,104,26,132,90,69,105,74"/><U107/><E118/><V43/><F9/><W79/><G69/><T63/><D33/><U80/><E107/><V5/><F5/><W19/><G132/><N who="2" m="50729" /><F0/><W98/><G79/><T112/><D12/><U47/><E2/><V36/><F23/><W73/><G104/><T94/><D14/><U15/><E34/><V41/><F18/><W84/><G105/><T82/><D133/><U92/><E130/><N who="0" m="50281" /><D94/><U22/><E126/><N who="0" m="48169" /><D82/><U68/><E68/><N who="2" m="42087" /><F43/><W59/><G98/><T54/><D121/><U32/><E32/><V101/><F101/><W57/><G19/><T30/><D30/><U4/><E103/><V24/><F24/><W114/><G10/><T120/><D120/><U8/><E108/><V1/><F1/><W62/><G3/><T28/><D28/><N who="1" m="17447" /><E22/><V70/><F70/><W99/><G31/><T115/><AGARI ba="1,0" hai="52,54,63,65,71,112,113,115" m="48169,50281" machi="115" ten="40,12000,2" yaku="15,1,19,1,18,1,34,2,54,1" doraHai="106" who="0" fromWho="0" sc="273,123,157,-61,180,-31,390,-31" /><INIT seed="6,0,0,4,4,76" ten="396,96,149,359" oya="2" hai0="63,15,6,25,75,5,32,14,120,97,37,34,0" hai1="92,72,22,10,2,38,20,87,131,91,109,29,53" hai2="67,44,18,107,84,101,70,124,96,9,121,78,41" hai3="126,135,85,77,94,69,52,45,59,51,43,36,73"/><V104/><F121/><W54/><G126/><T103/><D37/><U7/><E109/><V112/><F124/><W90/><G135/><T12/><D120/><U99/><E72/><V123/><F123/><W88/><G69/><T95/><D75/><U119/><E119/><V111/><F111/><W47/><G73/><T125/><D125/><U58/><E38/><V74/><F112/><W108/><G108/><T71/><D0/><U66/><E131/><V49/><F74/><W114/><G114/><T4/><REACH who="0" step="1"/><D25/><REACH who="0" ten="386,96,149,359" step="2"/><U130/><E130/><V61/><F107/><W35/><G35/><T117/><D117/><U28/><E66/><AGARI ba="0,1" hai="4,5,6,12,14,15,32,34,63,66,71,95,97,103" machi="66" ten="40,1300,0" yaku="1,1,53,0" doraHai="76" doraHaiUra="19" who="0" fromWho="1" sc="386,23,96,-13,149,0,359,0" /><INIT seed="7,0,0,1,1,5" ten="409,83,149,359" oya="3" hai0="100,104,115,66,98,44,18,74,57,105,45,13,75" hai1="35,10,56,122,96,72,21,47,61,85,4,54,84" hai2="124,82,48,93,7,71,110,30,1,128,67,135,52" hai3="80,14,102,68,114,42,78,76,38,109,103,133,106"/><W123/><G68/><T126/><D105/><U51/><E122/><V3/><F110/><W79/><G123/><T86/><D126/><U32/><E72/><V49/><F124/><W116/><G109/><T64/><D115/><U91/><E96/><V94/><F30/><W89/><G38/><T26/><D26/><U134/><E134/><V117/><F117/><W50/><G114/><T101/><D101/><U43/><E84/><V59/><F135/><W130/><G133/><T62/><D66/><U73/><E73/><V111/><F111/><W69/><G69/><T118/><D118/><U46/><E46/><V29/><F29/><W24/><G116/><T2/><D2/><U40/><E40/><V97/><F128/><W37/><G37/><T19/><D19/><U112/><E112/><V60/><F82/><W120/><G120/><T33/><D33/><U0/><REACH who="1" step="1"/><E21/><REACH who="1" ten="409,73,149,359" step="2"/><V65/><F97/><W131/><G106/><T36/><D44/><U92/><AGARI ba="0,1" hai="0,4,10,32,35,43,47,51,54,56,61,85,91,92" machi="92" ten="20,8000,1" yaku="1,1,2,1,0,1,7,1,52,1,53,0" doraHai="5" doraHaiUra="63" who="1" fromWho="1" sc="409,-20,73,90,149,-20,359,-40" owari="389,49.0,163,-24.0,129,-37.0,319,12.0" /></mjloggm>