<mjloggm ver="2.3"><GO type="169" lobby="0"/><UN n0="%E3%81%BC%E3%81%A3%E3%81%A1%E5%85%9A%E5%93%A1" n1="%E3%82%B5%E3%83%B3%E3%83%9E%E9%81%93%E6%A5%BD%E4%BB%A3%E8%A1%A8" n2="%E3%83%88%E3%83%88%E3%83%AA%E5%85%88%E7%94%9F%31%39%E6%AD%B3" n3="%67%6F%75%73%69" dan="16,17,18,19" rate="2020.55,2206.76,2215.18,2252.41" sx="F,M,F,M"/><TAIKYOKU oya="0"/><INIT seed="0,0,0,5,2,114" ten="250,250,250,250" oya="0" hai0="124,53,58,25,14,27,62,85,67,61,96,47,59" hai1="86,31,119,82,87,78,106,123,94,118,6,72,50" hai2="19,10,88,43,110,101,51,54,39,11,45,77,103" hai3="37,97,23,70,131,29,1,26,117,108,116,120,13"/><T5/><D124/><U89/><E31/><V38/><F110/><W9/><G70/><T40/><D96/><U60/><E6/><V33/><F33/><W0/><G37/><T46/><D85/><U3/><E3/><N who="3" m="1098" /><G97/><T104/><D104/><U84/><E50/><V79/><F39/><W111/><G120/><T98/><D98/><N who="1" m="57679" /><E60/><V30/><F30/><W17/><G131/><T8/><REACH who="0" step="1"/><D47/><REACH who="0" ten="240,250,250,250" step="2"/><U99/><E123/><V49/><F45/><W81/><G81/><T4/><D4/><U133/><E133/><V7/><F7/><W18/><G18/><T74/><D74/><U91/><E91/><V24/><F19/><W32/><G32/><T52/><D52/><U107/><E107/><V71/><F54/><W105/><G105/><T126/><D126/><U41/><E41/><V80/><F43/><W69/><G69/><T56/><D56/><U34/><E34/><V12/><F71/><W75/><G75/><T112/><D112/><U16/><E16/><V102/><F88/><W121/><G121/><T20/><D20/><U55/><E55/><V125/><F125/><W64/><G64/><T132/><D132/><U129/><E129/><V21/><F21/><W109/><AGARI ba="0,1" hai="9,13,17,23,26,29,108,109,111,116,117" m="1098" machi="109" ten="40,8000,1" yaku="14,1,34,2,52,2" doraHai="114" who="3" fromWho="3" sc="240,-40,250,-20,250,-20,250,90" /><INIT seed="1,0,0,2,1,69" ten="200,230,230,340" oya="1" hai0="49,89,70,48,95,102,10,101,119,118,41,130,50" hai1="13,57,5,0,35,123,66,38,124,11,90,6,114" hai2="82,128,23,84,45,134,1,135,15,61,16,133,32" hai3="63,120,92,64,103,3,75,88,37,91,110,132,108"/><U78/><E123/><V96/><F128/><W34/><G3/><T26/><D70/><U79/><E114/><V125/><F125/><W39/><G34/><T87/><D41/><U71/><E71/><V53/><F1/><W67/><G75/><T121/><D130/><U62/><E35/><V52/><F32/><W113/><G113/><T111/><D121/><U7/><E124/><V12/><F61/><W14/><G120/><T74/><D74/><U36/><E90/><N who="3" m="34346" /><G14/><T104/><D111/><N who="3" m="42537" /><G132/><T44/><D44/><U68/><E68/><V65/><F65/><N who="3" m="25163" /><G63/><T56/><D26/><U98/><E98/><AGARI ba="0,0" hai="37,39,92,98,103" m="25163,42537,34346" machi="98" ten="30,7700,0" yaku="14,1,52,2,54,1" doraHai="69" who="3" fromWho="1" sc="200,0,230,-77,230,0,340,77" /><INIT seed="2,0,0,0,0,48" ten="200,153,230,417" oya="2" hai0="123,86,120,75,46,20,73,45,3,21,12,103,110" hai1="97,96,1,50,115,30,19,38,92,27,60,9,17" hai2="118,107,80,24,119,109,40,61,18,98,5,78,94" hai3="79,135,77,0,116,14,89,133,16,13,111,6,4"/><V70/><F107/><W33/><G33/><T57/><D3/><U42/><E38/><V37/><F109/><W126/><G0/><T71/><D71/><U10/><E115/><V64/><F5/><W83/><G89/><T114/><D114/><U104/><E104/><V87/><F37/><W34/><G34/><T88/><D110/><U102/><E96/><V90/><F40/><W44/><G111/><T112/><D112/><U67/><E10/><V59/><F70/><W53/><G116/><T99/><D75/><U117/><E117/><V22/><REACH who="2" step="1"/><F64/><REACH who="2" ten="200,153,220,417" step="2"/><W129/><G4/><T82/><D123/><U100/><E1/><V55/><AGARI ba="0,1" hai="18,22,24,55,59,61,78,80,87,90,94,98,118,119" machi="55" ten="20,18000,2" yaku="1,1,2,1,0,1,7,1,25,2,52,1,53,0" doraHai="48" doraHaiUra="11" who="2" fromWho="2" sc="200,-60,153,-60,220,190,417,-60" /><INIT seed="2,1,0,5,5,127" ten="140,93,410,357" oya="2" hai0="107,23,31,32,79,27,8,57,135,66,64,85,67" hai1="112,13,98,17,74,11,73,58,90,123,3,50,118" hai2="104,78,60,134,131,36,97,21,109,72,0,87,126" hai3="117,110,1,43,91,12,80,42,4,20,14,70,30"/><V88/><F0/><W2/><G70/><T132/><D107/><U129/><E112/><V106/><F36/><W81/><G30/><T100/><D100/><U56/><E118/><V83/><F126/><W16/><G117/><T76/><D8/><U34/><E34/><V86/><F60/><W6/><G20/><T48/><D32/><U69/><E69/><V120/><F21/><W5/><G5/><T96/><D96/><U49/><E3/><V111/><F120/><W54/><G91/><T108/><D108/><N who="2" m="41546" /><F134/><N who="0" m="51242" /><D85/><N who="2" m="32266" /><F131/><W51/><G110/><T84/><D84/><U71/><E71/><V15/><F15/><W7/><G7/><T130/><D130/><U35/><E35/><V122/><F122/><W93/><G6/><T28/><D28/><U115/><E129/><V47/><F47/><W62/><G4/><T25/><D27/><U53/><E115/><V38/><F38/><W26/><G26/><T124/><D124/><U89/><E123/><V128/><F128/><W77/><G2/><T37/><D37/><U68/><E68/><V45/><F45/><W63/><G1/><T18/><D31/><U102/><E74/><V95/><AGARI ba="1,0" hai="72,78,83,88,95,97,104,106" m="32266,41546" machi="95" ten="30,12000,1" yaku="14,1,10,1,34,2,54,1" doraHai="127" who="2" fromWho="2" sc="140,-41,93,-41,410,123,357,-41" /><INIT seed="2,2,0,3,3,41" ten="99,52,533,316" oya="2" hai0="72,31,0,86,49,25,131,35,92,70,129,96,55" hai1="4,16,26,133,94,109,51,89,45,47,107,73,44" hai2="116,39,125,42,102,90,71,103,53,114,36,74,82" hai3="81,108,15,119,34,117,63,69,8,115,14,110,54"/><V135/><F116/><W126/><G34/><T99/><D72/><U120/><E107/><V77/><F71/><W27/><G27/><T29/><D0/><U85/><E73/><V98/><F114/><W104/><G104/><T88/><D31/><U28/><E109/><V3/><F3/><W50/><G81/><T24/><D24/><U65/><E133/><V18/><F135/><W1/><G1/><T91/><D70/><U128/><E128/><N who="0" m="49225" /><D91/><U58/><E4/><V101/><F125/><W105/><G105/><T2/><D2/><U127/><E127/><V123/><F123/><W122/><G126/><T100/><D100/><U132/><E132/><V118/><F118/><W52/><G69/><T76/><D76/><U106/><E106/><V68/><F68/><W80/><G80/><T6/><D6/><U19/><E120/><V37/><F18/><W78/><G78/><T111/><D111/><U13/><E13/><V11/><F90/><W40/><G122/><T48/><D48/><U67/><E51/><V7/><F102/><W83/><G83/><T84/><D99/><U112/><E112/><V5/><F98/><W21/><G50/><T75/><D75/><U79/><E79/><V66/><F37/><W60/><G115/><T22/><D35/><U32/><REACH who="1" step="1"/><E67/><REACH who="1" ten="99,42,533,316" step="2"/><V12/><F66/><W113/><G113/><T134/><D134/><U56/><E56/><AGARI ba="2,1" hai="22,25,29,49,55,56,84,86,88,92,96" m="49225" machi="56" ten="30,2000,0" yaku="19,1,54,1" doraHai="41" who="0" fromWho="1" sc="99,36,42,-26,533,0,316,0" /><INIT seed="3,0,0,5,4,63" ten="135,16,533,316" oya="3" hai0="105,71,27,44,9,33,82,48,4,76,61,129,84" hai1="62,29,5,113,46,85,122,101,83,97,93,32,60" hai2="17,80,25,67,81,15,72,96,52,125,111,106,69" hai3="102,73,24,128,100,34,21,56,54,95,86,75,108"/><W94/><G34/><T19/><D105/><U0/><E113/><V40/><F125/><W55/><G128/><T110/><D129/><U10/><E122/><V133/><F133/><W12/><G12/><T114/><D114/><U45/><E32/><V65/><F40/><W35/><G35/><T89/><D110/><U26/><E26/><V11/><F111/><W20/><G56/><T127/><D127/><U8/><E29/><V77/><F69/><W57/><G57/><T70/><D89/><U59/><E10/><V49/><F80/><W50/><G86/><T74/><D74/><U58/><E59/><V79/><F79/><W51/><REACH who="3" step="1"/><G108/><REACH who="3" ten="135,16,533,306" step="2"/><T2/><D33/><U39/><E62/><V43/><F25/><AGARI ba="0,1" hai="20,21,24,25,50,51,54,55,73,75,94,95,100,102" machi="25" ten="25,9600,0" yaku="1,1,2,1,22,2,53,0" doraHai="63" doraHaiUra="132" who="3" fromWho="2" sc="135,0,16,0,533,-96,306,106" /><INIT seed="3,1,0,3,5,38" ten="135,16,437,412" oya="3" hai0="49,84,67,64,39,123,66,52,12,59,117,108,118" hai1="87,28,4,14,58,8,101,2,135,96,107,94,50" hai2="74,126,85,16,114,33,112,40,131,82,80,54,69" hai3="81,0,65,121,21,133,93,109,61,78,90,88,32"/><W111/><G32/><T120/><D12/><U20/><E135/><V30/><F69/><W77/><G0/><T10/><D10/><U129/><E129/><V79/><F131/><W18/><G121/><N who="0" m="46667" /><D84/><U130/><E130/><V36/><F126/><W127/><G127/><T56/><D108/><N who="3" m="41545" /><G133/><T19/><D19/><U134/><E134/><V95/><F95/><W75/><G78/><T48/><D39/><U106/><E87/><V22/><F30/><W51/><G51/><N who="0" m="19531" /><D52/><U34/><E58/><AGARI ba="1,0" hai="56,58,59,64,66,67,117,118" m="19531,46667" machi="58" ten="40,8000,1" yaku="28,2,34,2" doraHai="38" who="0" fromWho="1" sc="135,83,16,-83,437,0,412,0" owari="218,-18.0,-67,-57.0,437,54.0,412,21.0" /></mjloggm>