<mjloggm ver="2.3"><GO type="169" lobby="0"/><UN n0="%E6%9D%8E%E7%A9%8E%E8%97%8D" n1="%73%61%6E%64%69%72%69%73" n2="%E5%B0%B1%E6%B4%BB%E7%94%9F%40%E5%B7%9D%E6%9D%91%E8%BB%8D%E5%9B%A3" n3="%E7%A7%81%E3%81%AF%E3%81%8C%E3%81%A1%E3%81%BB%E3%82%82" dan="19,17,18,18" rate="2325.28,2227.83,2238.71,2217.19" sx="M,M,M,M"/><TAIKYOKU oya="0"/><INIT seed="0,0,0,3,2,132" ten="250,250,250,250" oya="0" hai0="134,96,49,8,71,100,36,23,35,135,73,7,52" hai1="126,86,5,44,46,40,72,50,64,122,38,66,120" hai2="74,124,128,30,77,108,20,125,63,83,90,18,10" hai3="98,127,14,69,34,29,24,110,53,57,47,103,59"/><T48/><D35/><U51/><E72/><V113/><F113/><W133/><G133/><N who="0" m="50699" /><D36/><U99/><E5/><V105/><F105/><W88/><G110/><T54/><D73/><U70/><E99/><V107/><F107/><W61/><G14/><N who="0" m="5407" /><D71/><U31/><E31/><V42/><F108/><W93/><G69/><T109/><D23/><U27/><E86/><V41/><F128/><W114/><G114/><T39/><D39/><U117/><E27/><V97/><F10/><W2/><G2/><T56/><D109/><U112/><E112/><V16/><F63/><W82/><G47/><N who="0" m="27679" /><D96/><U21/><E21/><V6/><F6/><W76/><G57/><T58/><D100/><U3/><E38/><V9/><F9/><W13/><G13/><T81/><D81/><U123/><E3/><V60/><F30/><W32/><G32/><T25/><D25/><U85/><E85/><V91/><F60/><W37/><G37/><T131/><D131/><U15/><E15/><V67/><F67/><N who="1" m="25641" /><E70/><V92/><F90/><W130/><G130/><T87/><D87/><U84/><E84/><V43/><REACH who="2" step="1"/><F18/><REACH who="2" ten="250,250,240,250" step="2"/><W106/><G61/><T0/><D0/><U111/><E111/><V17/><F17/><W68/><G68/><T11/><D11/><U62/><E62/><V80/><F80/><W121/><G82/><T129/><D129/><U4/><E4/><V78/><F78/><W104/><G76/><T65/><D65/><U12/><E123/><V22/><F22/><W94/><G121/><T1/><D1/><U55/><E122/><V102/><F102/><W118/><G103/><RYUUKYOKU ba="0,1" sc="250,15,250,-15,240,15,250,-15" hai0="49,54,56,58" hai2="16,20,41,42,43,74,77,83,91,92,97,124,125" /><INIT seed="0,1,1,1,1,36" ten="265,235,255,235" oya="0" hai0="60,113,95,124,6,9,61,66,22,40,33,20,103" hai1="34,111,84,82,99,85,31,110,100,49,129,43,30" hai2="1,69,102,35,13,128,21,16,41,76,132,108,80" hai3="10,2,87,79,91,94,52,37,77,67,88,125,4"/><T70/><D113/><U26/><E129/><V54/><F69/><W75/><G125/><T27/><D124/><U118/><E118/><V96/><F35/><W93/><G75/><T0/><D61/><U39/><E39/><V56/><F1/><W131/><G131/><T72/><D72/><U25/><E99/><V15/><F128/><W98/><G67/><T48/><D103/><U123/><E100/><V73/><F132/><W32/><G32/><T105/><D95/><U116/><E116/><V14/><F41/><W68/><G68/><T115/><D105/><U122/><E49/><V23/><F23/><W109/><G109/><N who="1" m="41482" /><E43/><V19/><F19/><W74/><G74/><T106/><D106/><U114/><E114/><V83/><F80/><W46/><REACH who="3" step="1"/><G37/><REACH who="3" ten="265,235,255,225" step="2"/><T120/><D115/><U42/><E34/><V130/><F108/><W58/><G58/><T119/><D119/><U7/><E123/><V44/><F130/><W24/><G24/><T5/><D120/><U81/><E26/><V55/><F44/><W89/><G89/><T133/><D33/><U64/><E25/><V78/><F78/><W112/><G112/><T97/><D27/><U11/><E64/><V28/><F28/><W3/><G3/><T117/><D117/><U29/><E122/><V50/><REACH who="2" step="1"/><F54/><REACH who="2" ten="265,235,245,225" step="2"/><W127/><G127/><T126/><D126/><U18/><E42/><V121/><F121/><W134/><G134/><T51/><D133/><U59/><E59/><V47/><F47/><W57/><G57/><N who="0" m="37135" /><D40/><U38/><E38/><V62/><F62/><W90/><G90/><T104/><D70/><RYUUKYOKU ba="1,3" sc="265,-15,235,-15,245,15,225,15" hai2="13,14,15,16,21,50,55,56,73,76,83,96,102" hai3="2,4,10,46,52,77,79,87,88,91,93,94,98" /><INIT seed="1,2,3,0,1,113" ten="250,220,260,240" oya="1" hai0="9,92,112,103,87,49,52,75,99,53,86,43,2" hai1="80,105,119,51,89,79,107,62,97,5,73,78,118" hai2="45,38,24,88,4,64,116,15,65,72,76,94,14" hai3="25,115,98,0,66,39,68,17,67,55,54,61,31"/><U8/><E62/><V127/><F116/><N who="1" m="44585" /><E51/><V41/><F127/><W35/><G115/><T32/><D112/><U21/><E21/><V125/><F125/><W110/><G110/><T122/><D32/><U7/><E8/><V124/><F124/><W135/><G135/><T19/><D75/><N who="1" m="43103" /><E7/><V132/><F132/><W121/><G121/><T20/><D122/><U85/><E5/><V91/><F91/><W60/><G39/><T82/><D9/><U34/><E34/><V131/><F24/><W16/><G0/><T101/><D2/><U63/><E63/><V90/><F90/><W81/><G81/><T18/><D18/><U10/><E10/><V104/><F4/><W26/><G26/><T59/><D43/><U84/><E73/><V42/><F42/><W70/><G54/><T22/><D53/><U117/><N who="1" m="44593" /><U13/><DORA hai="3" /><E13/><V100/><F65/><W120/><G120/><T37/><D52/><U69/><E69/><V11/><F64/><W56/><G55/><T27/><D49/><U29/><E29/><V36/><F38/><W50/><G50/><T57/><D37/><U6/><E6/><V44/><F11/><W28/><G56/><T133/><D59/><U33/><E33/><V47/><F41/><W95/><G28/><T96/><D57/><U114/><E114/><V48/><F36/><W102/><AGARI ba="2,3" hai="16,17,25,31,35,60,61,66,67,68,70,95,98,102" machi="102" ten="20,5200,0" yaku="0,1,7,1,9,1,54,1" doraHai="113,3" who="3" fromWho="3" sc="250,-15,220,-28,260,-15,240,88" /><INIT seed="2,0,0,4,4,59" ten="235,192,245,328" oya="2" hai0="28,50,4,100,0,119,92,22,103,94,49,17,125" hai1="35,18,34,7,86,130,1,84,77,53,107,31,37" hai2="133,79,32,81,90,76,80,55,113,75,120,51,111" hai3="114,14,46,112,115,11,5,109,42,132,24,25,122"/><V15/><F32/><W68/><G68/><T38/><D38/><U52/><E107/><V127/><F120/><W70/><G70/><T110/><D110/><U8/><E37/><V89/><F113/><W20/><G122/><T73/><D73/><U67/><E130/><V99/><F127/><W131/><G109/><T116/><D28/><U36/><E36/><V58/><F111/><W39/><G131/><T33/><D33/><U56/><E67/><V62/><F133/><W129/><G129/><T69/><D69/><U98/><E98/><V41/><F99/><W43/><G43/><T128/><D128/><U88/><E18/><V87/><REACH who="2" step="1"/><F15/><REACH who="2" ten="235,192,235,328" step="2"/><W12/><G132/><T9/><D125/><U29/><E35/><V40/><F40/><W96/><G96/><T85/><D103/><U123/><E34/><V65/><F65/><W124/><G124/><T30/><D100/><U105/><E123/><V60/><F60/><W74/><G14/><T2/><D2/><U10/><E1/><V102/><F102/><W64/><G64/><T78/><D0/><U95/><E53/><V23/><F23/><W82/><G20/><T6/><D22/><U101/><E101/><V27/><F27/><W16/><G5/><T19/><D6/><U54/><E54/><V83/><F83/><W108/><G108/><T57/><D4/><U117/><E105/><V44/><AGARI ba="0,1" hai="41,44,51,55,58,62,75,76,79,80,81,87,89,90" machi="44" ten="30,6000,0" yaku="1,1,0,1,52,1,53,0" doraHai="59" doraHaiUra="71" who="2" fromWho="2" sc="235,-20,192,-20,235,70,328,-20" /><INIT seed="2,1,0,4,1,14" ten="215,172,305,308" oya="2" hai0="94,57,39,31,2,36,77,37,81,134,114,7,50" hai1="44,20,3,113,84,63,28,76,115,46,100,67,42" hai2="30,12,86,58,96,45,125,23,19,110,124,123,82" hai3="102,22,48,93,11,101,109,74,127,43,108,70,129"/><V87/><F123/><W5/><G74/><T51/><D114/><U40/><E3/><V83/><F30/><W132/><G70/><T126/><D126/><U16/><E28/><V65/><F110/><W80/><G80/><T60/><D31/><U107/><E107/><V55/><F96/><W34/><G34/><T1/><D134/><U33/><E33/><V17/><F65/><W118/><G118/><T106/><D106/><U79/><E100/><V97/><F97/><W111/><G127/><N who="2" m="48713" /><F45/><N who="1" m="17513" /><E115/><V78/><F12/><W90/><G132/><T85/><D94/><U75/><E75/><V26/><F23/><W35/><G22/><T99/><D99/><U29/><E29/><V92/><F92/><W71/><G35/><T54/><D1/><U89/><E113/><V62/><F26/><W122/><G122/><T95/><D95/><N who="1" m="54695" /><E63/><V130/><F130/><W72/><G129/><T121/><D121/><U117/><E67/><V0/><F0/><W119/><G119/><T135/><D135/><U13/><E117/><V52/><F55/><W103/><G111/><T6/><D2/><U131/><E131/><V88/><AGARI ba="1,0" hai="17,19,52,58,62,78,82,83,86,87,88" m="48713" machi="88" ten="30,12000,1" yaku="18,1,52,2,54,2" doraHai="14" who="2" fromWho="2" sc="215,-41,172,-41,305,123,308,-41" /><INIT seed="2,2,0,3,4,79" ten="174,131,428,267" oya="2" hai0="115,128,1,74,55,3,23,19,47,122,132,77,125" hai1="26,9,97,63,126,44,112,46,76,93,84,95,16" hai2="27,35,88,5,61,131,43,34,123,109,60,110,80" hai3="120,48,14,17,98,135,2,78,22,30,104,124,134"/><V83/><F123/><W108/><G2/><T87/><D115/><U54/><E112/><V31/><F35/><W41/><G120/><T59/><D122/><U118/><E118/><V64/><F131/><W69/><G69/><T37/><D74/><U67/><E126/><V33/><F33/><W7/><G30/><T53/><D125/><U114/><E114/><V28/><F28/><W11/><G124/><T73/><D73/><U56/><E67/><V70/><F5/><W42/><G78/><T101/><D101/><U66/><E66/><V45/><F61/><W94/><G104/><T133/><D128/><U71/><E71/><V90/><F90/><N who="3" m="55639" /><G48/><T13/><D37/><U85/><E95/><V8/><F8/><W50/><G50/><T117/><D117/><U40/><E76/><V32/><F32/><W25/><G108/><N who="2" m="41577" /><F88/><W21/><G21/><T119/><D23/><N who="1" m="13671" /><E9/><V6/><F6/><W15/><G25/><T4/><D4/><U111/><E111/><V102/><F102/><W121/><G121/><T62/><D119/><U75/><E63/><V72/><F72/><W113/><G113/><T57/><D62/><N who="1" m="36119" /><E75/><V81/><F81/><W12/><G12/><T0/><D13/><U51/><E46/><V20/><F34/><W29/><G29/><T100/><D1/><U82/><E82/><V68/><F68/><W49/><G14/><T10/><D3/><U52/><E40/><V92/><F92/><W36/><G41/><T86/><D0/><U127/><E127/><V129/><F129/><W39/><G42/><T65/><D10/><U103/><AGARI ba="2,0" hai="44,51,52,84,85,93,97,103" m="36119,13671" machi="103" ten="30,7900,0" yaku="5,1,8,1,54,2" doraHai="79" who="1" fromWho="1" sc="174,-22,131,85,428,-41,267,-22" /><INIT seed="3,0,0,2,4,26" ten="152,216,387,245" oya="3" hai0="103,51,68,39,126,84,79,87,114,10,75,5,1" hai1="82,37,31,48,60,34,19,20,15,117,85,119,55" hai2="44,52,23,41,88,46,29,89,131,130,76,135,13" hai3="124,67,115,70,121,80,25,125,47,134,11,98,22"/><W95/><G115/><T113/><D39/><U118/><E37/><V90/><F135/><W78/><G121/><T71/><D126/><U69/><E69/><V35/><F35/><W109/><G11/><T105/><D84/><U12/><E60/><V83/><F41/><W101/><G134/><T107/><D87/><U59/><E12/><V56/><F76/><W133/><G133/><T33/><D51/><U81/><REACH who="1" step="1"/><E85/><REACH who="1" ten="152,206,387,245" step="2"/><V57/><F13/><W38/><G125/><T106/><D71/><U127/><E127/><V14/><F14/><W6/><G124/><T132/><D68/><U4/><E4/><V58/><F83/><W74/><G6/><T77/><D132/><U32/><E32/><V93/><F130/><W0/><G0/><T120/><D33/><U122/><E122/><V97/><F131/><W128/><G128/><T104/><D120/><U16/><E16/><V8/><F8/><W9/><G9/><T27/><D27/><AGARI ba="0,1" hai="15,19,20,27,31,34,48,55,59,81,82,117,118,119" machi="27" ten="40,5200,0" yaku="1,1,12,1,52,1,53,0" doraHai="26" doraHaiUra="72" who="1" fromWho="0" sc="152,-52,206,62,387,0,245,0" /><INIT seed="4,0,0,5,2,48" ten="100,268,387,245" oya="0" hai0="3,49,85,135,28,58,131,70,1,62,107,13,41" hai1="100,109,116,35,104,22,14,71,124,64,17,118,39" hai2="42,50,82,132,33,89,60,108,45,51,128,52,79" hai3="92,76,127,29,115,55,96,78,30,88,32,123,86"/><T97/><D135/><U99/><E109/><V67/><F33/><W74/><G74/><T91/><D70/><U73/><E73/><V126/><F108/><W94/><G115/><T61/><D28/><U54/><E39/><V77/><F128/><W63/><G127/><T119/><D119/><U114/><E124/><V68/><F132/><W133/><G133/><T69/><D69/><U80/><E80/><V37/><F126/><W21/><G32/><T125/><D125/><U87/><E87/><V66/><F66/><W46/><G123/><T44/><D131/><U122/><E122/><V23/><F23/><W10/><G10/><T65/><D62/><U27/><E54/><V12/><F12/><W130/><G130/><T102/><REACH who="0" step="1"/><D13/><REACH who="0" ten="90,268,387,245" step="2"/><U106/><E14/><V9/><F60/><W98/><G63/><T5/><D5/><U16/><E71/><V72/><F68/><W59/><G29/><T103/><D103/><U0/><E100/><V8/><F67/><W121/><G121/><T81/><AGARI ba="0,1" hai="1,3,41,44,49,58,61,65,81,85,91,97,102,107" machi="81" ten="20,3900,0" yaku="1,1,0,1,7,1,53,0" doraHai="48" doraHaiUra="120" who="0" fromWho="0" sc="90,49,268,-13,387,-13,245,-13" /><INIT seed="4,1,0,1,1,110" ten="139,255,374,232" oya="0" hai0="8,44,38,101,66,125,76,89,36,86,121,4,135" hai1="49,69,88,80,43,128,133,18,31,6,52,130,72" hai2="37,41,96,34,100,95,68,122,119,70,97,120,29" hai3="7,13,23,45,35,60,94,114,59,53,79,98,82"/><T92/><D121/><U116/><E69/><V107/><F119/><W90/><G35/><T3/><D135/><U103/><E103/><V104/><F34/><W58/><G114/><T91/><D125/><U15/><E116/><V55/><F29/><W30/><G45/><T126/><D126/><U5/><E43/><V65/><F55/><W102/><G59/><T51/><D66/><U42/><E42/><V132/><F132/><W117/><G117/><T26/><D101/><U71/><E31/><V21/><F21/><W0/><G0/><T74/><D26/><U25/><E25/><V129/><F129/><N who="1" m="49769" /><E71/><V50/><F37/><W67/><G53/><T61/><D61/><U87/><E72/><V134/><F134/><W32/><G32/><T27/><D27/><U16/><E133/><V105/><F97/><W85/><G30/><T39/><D91/><U111/><E111/><V9/><F9/><N who="3" m="4287" /><G23/><T10/><D10/><N who="1" m="4567" /><E5/><V28/><F28/><W12/><G12/><T46/><REACH who="0" step="1"/><D51/><REACH who="0" ten="129,255,374,232" step="2"/><U22/><E22/><V2/><F50/><W24/><G24/><T14/><D14/><U112/><E112/><V73/><F65/><W20/><G20/><T115/><D115/><U47/><AGARI ba="1,1" hai="16,18,47,49,52,80,87,88" m="4567,49769" machi="47" ten="30,7900,0" yaku="19,1,54,3" doraHai="110" who="1" fromWho="1" sc="129,-40,255,92,374,-21,232,-21" /><INIT seed="5,0,0,2,5,76" ten="89,347,353,211" oya="1" hai0="46,124,12,112,33,104,120,121,122,6,67,10,24" hai1="11,115,129,3,17,52,114,68,79,111,74,91,7" hai2="26,39,126,125,85,103,101,130,51,66,4,41,43" hai3="45,54,20,90,117,64,23,109,18,34,35,65,1"/><U63/><E129/><V131/><F39/><W48/><G1/><T69/><D46/><U8/><E111/><V55/><F4/><W107/><G107/><T42/><D42/><N who="2" m="15882" /><F26/><W30/><G109/><T73/><D73/><U13/><E91/><V102/><F66/><W36/><G36/><T89/><D104/><U19/><E19/><V81/><F55/><W83/><G34/><T93/><D112/><U127/><E127/><N who="2" m="48651" /><F51/><W113/><G35/><T110/><D124/><U94/><E68/><V62/><F62/><W118/><G113/><N who="1" m="43018" /><E94/><V119/><F119/><W32/><G32/><T38/><D38/><U25/><E25/><V134/><F134/><W49/><G49/><T88/><D110/><U123/><E123/><V50/><F50/><W71/><G71/><T70/><D67/><U80/><E63/><V16/><F16/><W59/><BYE who="2" /><G118/><UN n2="%E5%B0%B1%E6%B4%BB%E7%94%9F%40%E5%B7%9D%E6%9D%91%E8%BB%8D%E5%9B%A3" /><T37/><D37/><U95/><E95/><V56/><F56/><W27/><G59/><T29/><REACH who="0" step="1"/><D89/><AGARI ba="0,0" hai="81,85,89,101,102,103,130,131" m="48651,15882" machi="89" ten="40,2600,0" yaku="18,1,52,1" doraHai="76" who="2" fromWho="0" sc="89,-26,347,0,353,26,211,0" /><INIT seed="6,0,0,4,1,67" ten="63,347,379,211" oya="2" hai0="1,85,51,88,56,50,87,96,65,78,126,104,92" hai1="41,122,26,35,81,55,47,106,116,94,53,123,48" hai2="29,10,28,17,120,115,72,23,76,118,131,99,119" hai3="70,24,107,125,18,135,21,100,42,93,19,113,44"/><V74/><F99/><W124/><G107/><T37/><D37/><U6/><E106/><V54/><F76/><W114/><G70/><T58/><D1/><U112/><E6/><V110/><F54/><W61/><G61/><T109/><D109/><U127/><E116/><V91/><F91/><W57/><G57/><T108/><D108/><U12/><E12/><V13/><F74/><W89/><G100/><T30/><D126/><N who="3" m="48745" /><G18/><T97/><D30/><U49/><E112/><V38/><F72/><W73/><G73/><T16/><D104/><U84/><E94/><V52/><F38/><N who="3" m="21591" /><G135/><T68/><D68/><U130/><E127/><V75/><F75/><W132/><G132/><T11/><D58/><U69/><E69/><V3/><F52/><N who="1" m="20041" /><E49/><N who="0" m="18441" /><D56/><U98/><E98/><AGARI ba="0,0" hai="19,21,24,89,93,98,113,114" m="21591,48745" machi="98" ten="30,1000,0" yaku="18,1" doraHai="67" who="3" fromWho="1" sc="63,0,347,-10,379,0,211,10" /><INIT seed="7,0,0,4,5,80" ten="63,337,379,221" oya="3" hai0="30,129,4,66,133,46,54,86,135,82,120,89,21" hai1="84,29,45,72,51,57,87,90,6,36,94,62,79" hai2="105,50,117,47,106,41,28,74,127,83,118,19,24" hai3="25,58,103,49,38,134,14,63,69,61,26,55,91"/><W13/><G38/><T18/><D120/><U101/><E36/><V32/><F127/><W78/><G103/><T42/><D66/><N who="1" m="39247" /><E72/><V116/><F19/><W59/><G78/><T2/><D30/><U10/><E29/><V100/><F100/><W33/><G69/><T108/><D108/><U76/><E101/><V71/><F71/><W104/><G104/><T128/><D2/><U114/><E114/><V123/><F123/><W68/><G134/><T9/><D4/><U60/><E60/><V64/><F64/><W40/><G40/><T0/><D0/><U97/><E76/><V1/><F1/><W107/><G107/><T132/><D42/><N who="1" m="25015" /><E79/><V23/><F32/><W109/><G61/><T11/><D11/><U92/><E92/><V85/><F74/><W31/><G26/><T67/><D67/><U130/><E130/><V126/><F126/><W98/><G68/><T37/><D37/><U8/><E6/><V131/><F131/><W113/><G113/><T52/><D54/><U22/><E22/><V77/><AGARI ba="0,0" hai="23,24,28,41,47,50,77,83,85,105,106,116,117,118" machi="77" ten="30,2000,0" yaku="0,1,52,1" doraHai="80" who="2" fromWho="2" sc="63,-5,337,-5,379,20,221,-10" owari="58,-44.0,332,13.0,399,50.0,211,-19.0" /></mjloggm>