<mjloggm ver="2.3"><GO type="169" lobby="0"/><UN n0="%E5%B0%B1%E6%B4%BB%E7%94%9F%40%E5%B7%9D%E6%9D%91%E8%BB%8D%E5%9B%A3" n1="%E7%A0%B2%E3%81%AE%E4%B8%8A%E3%81%AE%E3%81%82%E3%81%AE%E5%A8%98" n2="%E3%83%AA%E3%83%83%E3%83%97%E3%83%AB%E3%83%A9%E3%83%83%E3%83%97%E3%83%AB" n3="%6B%62%37%37%37" dan="16,16,16,16" rate="2101.47,2169.31,2111.64,2064.56" sx="M,F,F,M"/><TAIKYOKU oya="0"/><INIT seed="0,0,0,0,2,85" ten="250,250,250,250" oya="0" hai0="63,12,36,97,55,46,34,119,30,13,24,126,62" hai1="124,25,108,60,109,118,107,114,79,43,106,102,125" hai2="134,42,123,131,130,11,19,57,128,37,78,74,95" hai3="120,113,54,116,6,52,18,93,68,84,129,89,14"/><T103/><D119/><U39/><E39/><V92/><F123/><W20/><G116/><T70/><D126/><N who="1" m="48747" /><E118/><V64/><F134/><W91/><G113/><T2/><D2/><U67/><E43/><V110/><F110/><N who="1" m="42601" /><E79/><V132/><F132/><W76/><G68/><T112/><D112/><U8/><E8/><V115/><F115/><W101/><G129/><T7/><D7/><U22/><E102/><V75/><F78/><W66/><G66/><T3/><D3/><U33/><E114/><V58/><F75/><W49/><G120/><T133/><D133/><U80/><E80/><V27/><F74/><W69/><G69/><T9/><D9/><U135/><E135/><V51/><F37/><W82/><G6/><T90/><D36/><U61/><E33/><V65/><F11/><W81/><G49/><T96/><D63/><N who="1" m="24139" /><E67/><V72/><F72/><W50/><G101/><T21/><D34/><U1/><E1/><V47/><F65/><W117/><G117/><T48/><D70/><U16/><AGARI ba="0,0" hai="16,22,25,106,107" m="24139,42601,48747" machi="16" ten="40,5200,0" yaku="18,1,14,1,54,1" doraHai="85" who="1" fromWho="1" sc="250,-26,250,52,250,-13,250,-13" /><INIT seed="1,0,0,1,3,85" ten="224,302,237,237" oya="1" hai0="98,30,58,26,80,38,105,114,39,18,44,10,79" hai1="4,52,82,106,135,16,32,115,118,40,2,130,31" hai2="96,76,49,134,7,46,128,56,51,131,13,37,66" hai3="1,121,90,43,42,47,109,27,129,24,3,28,70"/><U19/><E106/><V127/><F76/><W77/><G109/><T54/><D114/><U93/><E40/><N who="2" m="22799" /><F134/><W88/><G121/><T95/><D105/><U12/><E82/><V86/><F86/><W57/><G57/><T74/><D44/><U48/><E118/><V69/><F127/><W113/><G28/><T23/><D10/><N who="1" m="2327" /><E93/><V91/><F13/><W112/><G47/><T59/><D59/><N who="1" m="33159" /><E115/><V111/><F7/><W55/><G55/><T33/><D33/><U65/><E65/><V35/><F35/><W6/><G6/><T63/><REACH who="0" step="1"/><D30/><REACH who="0" ten="214,302,237,237" step="2"/><U122/><E31/><V102/><F56/><W68/><REACH who="3" step="1"/><G77/><REACH who="3" ten="214,302,237,227" step="2"/><T73/><D73/><U45/><E45/><V117/><F117/><W81/><G81/><T67/><D67/><U92/><E32/><V50/><F66/><W120/><G120/><T8/><D8/><U99/><E122/><V71/><F71/><W61/><G61/><T25/><D25/><U11/><E11/><V9/><F69/><W5/><G5/><T133/><D133/><U132/><E132/><V72/><F9/><W53/><G53/><T83/><D83/><U17/><E135/><V15/><F131/><AGARI ba="0,2" hai="1,3,24,27,42,43,68,70,88,90,112,113,129,131" machi="131" ten="25,12000,2" yaku="1,1,22,2,52,2,54,1,53,0" doraHai="85" doraHaiUra="75" who="3" fromWho="2" sc="214,0,302,0,237,-120,227,140" /><INIT seed="2,0,0,4,3,62" ten="214,302,117,367" oya="2" hai0="58,125,52,1,105,26,107,104,96,34,108,4,47" hai1="35,25,99,40,60,106,23,80,32,53,18,3,109" hai2="38,81,131,56,17,133,73,126,115,16,39,124,12" hai3="78,29,83,48,43,130,95,102,19,98,113,94,49"/><V55/><F115/><W42/><G130/><T82/><D108/><U28/><E109/><V0/><F0/><W45/><G113/><T74/><D125/><N who="2" m="48234" /><F131/><W91/><G29/><T132/><D132/><U118/><E118/><V79/><F133/><W61/><G19/><N who="2" m="7241" /><F12/><W127/><G127/><T110/><D110/><U5/><E40/><V119/><F119/><W13/><G13/><T14/><D1/><U54/><E80/><V66/><F55/><W7/><G7/><T44/><D96/><U120/><E5/><V97/><F97/><W128/><G128/><T10/><D82/><U27/><E99/><V89/><F89/><W68/><G95/><T72/><D26/><U112/><E25/><V41/><F41/><W67/><G67/><T31/><D31/><U134/><E28/><V123/><F123/><W76/><G102/><T57/><D34/><U21/><E27/><V111/><F111/><W9/><G9/><T84/><D52/><U77/><E32/><V8/><F8/><W85/><G78/><T24/><D24/><U86/><E35/><V121/><F121/><W71/><G61/><AGARI ba="0,0" hai="38,39,56,61,66,73,79,81" m="7241,48234" machi="61" ten="30,5800,0" yaku="18,1,52,1,54,1" doraHai="62" who="2" fromWho="3" sc="214,0,302,0,117,58,367,-58" /><INIT seed="2,1,0,2,2,5" ten="214,302,175,309" oya="2" hai0="36,101,110,43,64,121,68,76,81,13,14,128,40" hai1="95,50,30,69,34,8,88,82,131,49,91,52,80" hai2="133,56,20,2,74,104,94,29,18,63,10,102,83" hai3="118,44,112,23,41,46,75,38,92,60,3,65,111"/><V119/><F119/><W19/><G75/><T22/><D121/><U79/><E131/><V127/><F104/><W98/><G118/><T21/><D110/><U31/><E69/><V39/><F39/><W26/><G111/><T61/><D101/><U62/><E62/><V73/><F127/><W72/><G72/><T25/><D128/><U106/><E106/><V55/><F29/><N who="1" m="10761" /><E34/><V117/><F117/><W24/><G46/><T47/><D43/><U6/><E79/><V0/><F133/><W125/><G3/><T59/><D68/><U89/><E95/><V33/><F33/><W87/><G125/><T42/><D42/><U48/><E52/><V97/><F83/><N who="1" m="31785" /><E8/><V135/><F135/><W132/><G112/><T86/><D22/><U129/><E129/><V130/><F130/><W116/><G116/><T35/><D35/><U12/><E12/><V113/><F113/><W99/><G132/><T58/><D58/><U100/><E6/><V17/><F10/><W77/><G26/><T78/><D78/><U120/><E120/><V54/><F54/><W28/><G77/><T109/><D109/><U84/><E84/><V103/><F74/><W1/><G1/><T114/><D114/><U90/><N who="1" m="22528" /><DORA hai="15" /><U122/><E122/><V7/><F73/><W134/><G134/><T11/><D11/><U126/><E100/><N who="2" m="60471" /><F7/><W9/><G87/><T66/><D66/><U45/><E45/><V123/><F123/><W27/><G92/><T32/><D32/><U70/><E70/><V57/><F57/><N who="3" m="37007" /><G27/><T96/><D36/><U53/><E53/><V115/><F115/><RYUUKYOKU ba="1,0" sc="214,-15,302,15,175,-15,309,15" hai1="48,49,50,126" hai3="9,19,23,24,28,38,41,44,98,99" /><INIT seed="3,2,0,0,1,97" ten="199,317,160,324" oya="3" hai0="123,46,119,91,126,48,105,39,79,25,15,42,90" hai1="133,134,50,44,66,67,93,121,99,49,102,52,38" hai2="100,131,22,70,33,59,1,92,61,36,73,81,71" hai3="89,110,106,20,103,4,80,60,130,95,104,58,63"/><W7/><G130/><T82/><D119/><U128/><E128/><V83/><F33/><W117/><G117/><T43/><D123/><U75/><E75/><V31/><F36/><W114/><G114/><T12/><D105/><U116/><E116/><V10/><F131/><W74/><G106/><T112/><D126/><U32/><E32/><V17/><F71/><W101/><G104/><T72/><D112/><U118/><E121/><V122/><F70/><W34/><G34/><T124/><D124/><U37/><E118/><V127/><F73/><W120/><G120/><T13/><D42/><N who="1" m="24727" /><E37/><V132/><F132/><N who="1" m="50793" /><E38/><V57/><F1/><W16/><G63/><T85/><D39/><U77/><E77/><V5/><F61/><W98/><G110/><T76/><D72/><U18/><E18/><V51/><F17/><W86/><G74/><T6/><D6/><N who="3" m="2089" /><G16/><T11/><D11/><U65/><E65/><V21/><F10/><W19/><G19/><T28/><REACH who="0" step="1"/><D76/><REACH who="0" ten="189,317,160,324" step="2"/><U69/><E69/><V62/><F5/><W87/><G20/><AGARI ba="2,1" hai="12,13,15,20,25,28,43,46,48,79,82,85,90,91" machi="20" ten="40,5200,0" yaku="1,1,2,1,8,1,53,0" doraHai="97" doraHaiUra="2" who="0" fromWho="3" sc="189,68,317,0,160,0,324,-58" /><INIT seed="4,0,0,0,2,26" ten="257,317,160,266" oya="0" hai0="55,18,106,66,90,101,93,53,16,9,23,12,114" hai1="34,135,56,109,37,4,124,78,94,99,22,69,127" hai2="13,133,43,113,65,11,73,118,60,8,98,61,54" hai3="128,100,92,126,105,52,5,36,45,86,88,70,59"/><T122/><D122/><U6/><E109/><V125/><F73/><W91/><G126/><N who="1" m="48170" /><E69/><V14/><F125/><W21/><G128/><T50/><D114/><U39/><E34/><V130/><F130/><W85/><G70/><T84/><D66/><U129/><E78/><V46/><F133/><W62/><G5/><N who="1" m="2154" /><E135/><V27/><F113/><W110/><G110/><T19/><D55/><U32/><E32/><V2/><F54/><W0/><G0/><T97/><REACH who="0" step="1"/><D9/><REACH who="0" ten="247,317,160,266" step="2"/><U44/><E129/><V25/><F65/><W47/><G36/><T81/><D81/><U67/><E37/><V71/><F8/><W20/><G47/><AGARI ba="0,1" hai="12,16,18,19,23,47,50,53,84,90,93,97,101,106" machi="47" ten="30,11600,0" yaku="1,1,7,1,54,1,53,1" doraHai="26" doraHaiUra="95" who="0" fromWho="3" sc="247,126,317,0,160,0,266,-116" /><INIT seed="4,1,0,5,4,99" ten="373,317,160,150" oya="0" hai0="43,75,91,22,105,17,42,133,6,84,3,123,71" hai1="132,19,64,122,78,47,39,83,82,48,55,33,50" hai2="114,2,128,94,25,127,4,70,72,116,111,23,108" hai3="30,58,135,124,85,126,119,27,81,59,5,8,26"/><T54/><D75/><U40/><E122/><V28/><F94/><W61/><G119/><T13/><D71/><U89/><E33/><V120/><F70/><W51/><G135/><T10/><D105/><U7/><E7/><V101/><F101/><W49/><G124/><T93/><D123/><U107/><E107/><V118/><F72/><W104/><G126/><T121/><D121/><U34/><E34/><N who="2" m="20751" /><F127/><W46/><G104/><T24/><D133/><U45/><E132/><V113/><F128/><W63/><G30/><T20/><REACH who="0" step="1"/><D54/><REACH who="0" ten="363,317,160,150" step="2"/><U18/><E55/><V76/><F120/><W68/><G68/><T115/><D115/><U110/><E110/><V21/><F111/><W103/><G46/><T109/><D109/><U100/><E45/><V92/><F108/><W80/><G85/><T73/><D73/><U16/><E47/><V37/><F113/><W44/><G44/><T97/><D97/><U65/><E65/><V62/><F114/><W130/><G130/><T29/><AGARI ba="1,1" hai="3,6,10,13,17,20,22,24,29,42,43,84,91,93" machi="29" ten="20,7800,0" yaku="1,1,0,1,7,1,53,1" doraHai="99" doraHaiUra="12" who="0" fromWho="0" sc="363,91,317,-27,160,-27,150,-27" /><INIT seed="4,2,0,1,1,133" ten="454,290,133,123" oya="0" hai0="22,41,90,135,94,84,127,12,32,35,132,78,91" hai1="83,77,100,17,87,51,28,60,67,3,92,4,5" hai2="23,59,82,102,76,70,38,85,64,8,50,118,121" hai3="110,2,99,75,89,11,126,31,134,10,40,7,71"/><T69/><D69/><U97/><E28/><V101/><F38/><W72/><G71/><T1/><D1/><U37/><E37/><V58/><F121/><W47/><G110/><T46/><D78/><U43/><E3/><V114/><F114/><W25/><G134/><N who="0" m="51243" /><D91/><U117/><E117/><V128/><F128/><W42/><G11/><T119/><D119/><U79/><E79/><V18/><F8/><W98/><G42/><T56/><D56/><N who="1" m="37255" /><E17/><V125/><F59/><W27/><G89/><T86/><D86/><U29/><E29/><V33/><F70/><W14/><G2/><T65/><D65/><U131/><E131/><V13/><F64/><W61/><G75/><T116/><D116/><U66/><E66/><V103/><F118/><W93/><G72/><T112/><D112/><U16/><E16/><V6/><F58/><W104/><G61/><T54/><D54/><U20/><E20/><V39/><F23/><W53/><G53/><T21/><D21/><U36/><E36/><V62/><F39/><W109/><G31/><T52/><D41/><U73/><E73/><V34/><F76/><W107/><G109/><T120/><D120/><U96/><E96/><V26/><F26/><W111/><G111/><T115/><D115/><U44/><AGARI ba="2,0" hai="4,5,43,44,51,77,83,87,92,97,100" m="37255" machi="44" ten="30,1100,0" yaku="8,1" doraHai="133" who="1" fromWho="1" sc="454,-7,290,17,133,-5,123,-5" /><INIT seed="5,0,0,3,2,58" ten="447,307,128,118" oya="1" hai0="131,96,30,77,36,2,75,29,52,117,44,20,115" hai1="85,108,97,10,24,16,21,63,127,119,101,135,83" hai2="120,8,28,14,106,45,12,81,130,0,92,126,111" hai3="25,13,35,80,128,110,98,37,68,113,6,23,112"/><U17/><E119/><V47/><F106/><W122/><G110/><T57/><D2/><U27/><E108/><V48/><F111/><W118/><G37/><T123/><D117/><U15/><E135/><V41/><F120/><W86/><G118/><T42/><D123/><U88/><E127/><V60/><F126/><W4/><G35/><T116/><D116/><U55/><E24/><V3/><F130/><W26/><G122/><T43/><D43/><U39/><E39/><V93/><F81/><W70/><G98/><T51/><D131/><U18/><E18/><V105/><F105/><W125/><G128/><T22/><D115/><N who="3" m="44105" /><G125/><T65/><D96/><U94/><E55/><V62/><F28/><N who="3" m="17471" /><G26/><T33/><D33/><U91/><REACH who="1" step="1"/><E63/><REACH who="1" ten="447,297,128,118" step="2"/><V67/><F60/><W1/><G1/><T76/><D30/><U124/><E124/><V40/><F62/><W99/><G13/><T66/><D29/><U104/><E104/><V38/><F38/><W79/><G99/><T100/><D52/><U73/><E73/><V31/><F31/><W107/><G107/><T46/><D36/><U5/><E5/><AGARI ba="0,1" hai="4,5,6,68,70,79,80,86" m="17471,44105" machi="5" ten="30,1000,0" yaku="15,1" doraHai="58" who="3" fromWho="1" sc="447,0,297,-10,128,0,118,20" /><INIT seed="6,0,0,3,2,35" ten="447,287,128,138" oya="2" hai0="110,57,116,113,4,34,107,17,99,115,93,97,103" hai1="11,94,89,63,127,84,7,50,23,135,133,69,122" hai2="39,5,126,59,121,16,77,62,31,36,96,21,13" hai3="125,25,88,33,47,3,90,134,10,60,53,40,120"/><V131/><F121/><W41/><G120/><T42/><D34/><U70/><E122/><V123/><F123/><W105/><G105/><T67/><D110/><U74/><E74/><V43/><F77/><W104/><G104/><T79/><D79/><U37/><E37/><V29/><F131/><W8/><G134/><N who="1" m="51210" /><E127/><V106/><F126/><W109/><G125/><T51/><D17/><U71/><E50/><V46/><F39/><W56/><G109/><T95/><D4/><U76/><E76/><V18/><F5/><W54/><G53/><T45/><D116/><U30/><E23/><V14/><F96/><W112/><G41/><T81/><D81/><U124/><E30/><V19/><F106/><W15/><G3/><T98/><D98/><U55/><E55/><V92/><F92/><W32/><G10/><T6/><D6/><U130/><E130/><V72/><F72/><W86/><G25/><T49/><D51/><U82/><E82/><V132/><F132/><W114/><G32/><T2/><D2/><N who="1" m="503" /><E124/><V20/><F18/><W61/><G33/><T48/><D48/><U9/><E9/><V44/><F44/><W129/><G129/><T24/><D24/><U68/><E68/><V78/><F78/><W102/><G47/><T0/><D99/><U58/><E58/><V28/><F29/><W119/><G119/><T66/><D66/><AGARI ba="0,0" hai="63,66,69,70,71,84,89,94" m="503,51210" machi="66" ten="30,2000,0" yaku="20,1,52,1" doraHai="35" who="1" fromWho="0" sc="447,-20,287,20,128,0,138,0" /><AGARI ba="0,0" hai="13,14,16,19,20,21,28,31,36,43,46,59,62,66" machi="66" ten="30,5800,0" yaku="7,1,9,1,54,1" doraHai="35" who="2" fromWho="0" sc="427,-58,307,0,128,58,138,0" /><INIT seed="6,1,0,5,2,119" ten="369,307,186,138" oya="2" hai0="83,70,35,127,84,30,118,76,123,101,71,17,22" hai1="96,14,125,50,124,78,112,1,58,94,108,115,105" hai2="122,131,116,60,72,130,34,2,87,73,54,98,42" hai3="107,74,20,95,120,21,47,29,117,97,63,49,82"/><V43/><F116/><W103/><G117/><T31/><D123/><U113/><E1/><V114/><F2/><W55/><G120/><T12/><D118/><U40/><E108/><V15/><F34/><W90/><G29/><T88/><D127/><N who="1" m="48715" /><E105/><V65/><F114/><W4/><G4/><T26/><D31/><U92/><E78/><V59/><F122/><W121/><G121/><T41/><D41/><N who="2" m="15370" /><F87/><N who="3" m="52703" /><G74/><T110/><D110/><U81/><E81/><V23/><F98/><W53/><G82/><T126/><D126/><U56/><E14/><V0/><F0/><W128/><G107/><T106/><D76/><U64/><E64/><V102/><F102/><W6/><G6/><T67/><D67/><U37/><E37/><V52/><F73/><W25/><G128/><N who="2" m="49193" /><F72/><W36/><G36/><T11/><D35/><U28/><E96/><V132/><F132/><W7/><G97/><T100/><D106/><U8/><E115/><V91/><F91/><W57/><G103/><T32/><D32/><U46/><E113/><V9/><F23/><N who="3" m="8779" /><G7/><AGARI ba="1,0" hai="7,9,15,52,54,59,60,65" m="49193,15370" machi="7" ten="30,2900,0" yaku="19,1,54,1" doraHai="119" who="2" fromWho="3" sc="369,0,307,0,186,32,138,-32" /><INIT seed="6,2,0,5,2,124" ten="369,307,218,106" oya="2" hai0="57,33,32,55,47,105,115,135,11,86,61,26,128" hai1="102,75,43,53,81,22,90,130,108,52,6,68,63" hai2="73,107,0,38,94,56,114,41,110,92,7,116,82" hai3="76,39,9,122,106,36,54,77,65,8,129,88,51"/><V34/><F34/><W24/><G106/><T19/><D128/><U131/><E108/><V83/><F107/><W10/><G122/><T78/><D105/><U14/><E43/><V49/><F116/><W95/><G65/><T79/><D115/><U123/><E102/><V35/><F35/><W4/><G4/><T17/><D135/><U29/><E123/><V67/><F83/><W99/><G129/><N who="1" m="49162" /><E29/><V12/><F0/><W62/><G62/><T89/><D33/><U44/><E44/><V93/><F38/><W2/><G2/><T40/><D32/><U13/><E22/><V16/><F41/><W87/><G36/><T125/><D125/><U120/><E120/><V20/><F20/><W72/><G39/><T64/><D47/><U119/><E119/><V30/><F30/><W18/><G72/><T100/><D100/><U101/><E101/><V23/><F23/><N who="3" m="13431" /><G99/><T117/><D40/><U58/><E68/><V25/><F110/><W84/><G84/><T134/><D134/><U103/><E103/><V96/><F73/><W97/><G87/><T69/><D26/><U113/><E113/><V133/><F114/><W59/><AGARI ba="2,0" hai="8,9,10,51,54,59,76,77,88,95,97" m="13431" machi="59" ten="30,2000,0" yaku="8,1,54,1" doraHai="124" who="3" fromWho="3" sc="369,-7,307,-7,218,-12,106,26" /><INIT seed="7,0,0,3,3,135" ten="362,300,206,132" oya="3" hai0="126,78,97,81,65,44,93,88,109,98,74,38,54" hai1="29,30,31,45,80,133,113,11,103,106,63,9,14" hai2="107,40,15,99,41,17,124,60,85,10,100,94,125" hai3="79,59,83,34,118,128,96,8,72,42,57,4,69"/><W75/><G69/><T51/><D109/><U48/><E133/><V134/><F134/><W0/><G118/><T101/><D126/><N who="2" m="48746" /><F60/><W112/><G34/><T66/><D38/><U117/><E113/><V108/><F108/><W18/><G75/><T129/><D129/><U64/><E117/><V55/><F55/><W49/><G112/><T13/><D13/><U7/><E106/><AGARI ba="0,0" hai="44,51,54,65,66,74,78,81,88,93,97,98,101,106" machi="106" ten="30,2000,0" yaku="7,1,54,1" doraHai="135" who="0" fromWho="1" sc="362,20,300,-20,206,0,132,0" owari="382,48.0,280,8.0,206,-19.0,132,-37.0" /></mjloggm>