<mjloggm ver="2.3"><GO type="169" lobby="0"/><UN n0="%E6%98%9F%E9%99%8D%E3%82%8B%E8%A1%97" n1="%E7%A7%81%E3%81%AF%E3%81%8C%E3%81%A1%E3%81%BB%E3%82%82" n2="%63%68%61%72%6C%69%65%37" n3="%E3%82%A6%E3%83%AB%E3%83%88%E3%83%A9%E7%AB%8B%E7%9B%B4" dan="18,17,16,17" rate="2254.12,2193.37,2098.28,2201.73" sx="F,M,M,M"/><TAIKYOKU oya="0"/><INIT seed="0,0,0,5,3,100" ten="250,250,250,250" oya="0" hai0="10,91,36,84,112,96,130,29,123,114,127,80,37" hai1="12,8,25,51,73,131,97,34,26,15,66,88,58" hai2="129,14,46,1,86,124,52,13,83,116,103,40,104" hai3="101,48,92,6,107,32,93,113,7,135,90,49,120"/><T126/><D123/><U133/><E73/><V18/><F1/><W41/><G32/><T121/><D121/><U47/><E34/><V43/><F129/><W87/><G113/><N who="0" m="43627" /><D29/><U119/><E131/><V81/><F124/><N who="0" m="47658" /><D130/><U102/><E133/><V108/><F108/><W109/><G109/><T35/><D35/><U110/><E119/><V53/><F116/><W77/><G41/><T5/><D96/><U89/><E25/><V55/><F13/><AGARI ba="0,0" hai="5,10,13,36,37,80,84,91" m="47658,43627" machi="13" ten="30,1500,0" yaku="18,1" doraHai="100" who="0" fromWho="2" sc="250,15,250,0,250,-15,250,0" /><INIT seed="0,1,0,0,3,22" ten="265,250,235,250" oya="0" hai0="77,111,71,6,36,73,75,7,18,29,104,17,32" hai1="2,115,91,40,63,135,119,117,120,9,15,51,108" hai2="1,78,28,30,10,89,54,109,34,47,60,102,127" hai3="62,114,19,69,5,133,53,12,96,55,132,82,44"/><T21/><D71/><U123/><E2/><V11/><F109/><W37/><G5/><T79/><D21/><U61/><E91/><V74/><F127/><W129/><G96/><T106/><D29/><U100/><E15/><V56/><F102/><W52/><G82/><T83/><D83/><U107/><E100/><V67/><F1/><W26/><G114/><T131/><D36/><U126/><E9/><V125/><F125/><W93/><G93/><T50/><D50/><U121/><E107/><V124/><F124/><W33/><G129/><T59/><D59/><U94/><E126/><V43/><F78/><W38/><G62/><N who="1" m="23562" /><E94/><V103/><F74/><W41/><G69/><T25/><D111/><U130/><E108/><V8/><F89/><W76/><G38/><T90/><D90/><U99/><E99/><V85/><F85/><W87/><G87/><T3/><D3/><U24/><E24/><V81/><F103/><W58/><G58/><T14/><D14/><U97/><E97/><V49/><F81/><W113/><G76/><T92/><D92/><U27/><E27/><V101/><F101/><W16/><G113/><T39/><D25/><U122/><E115/><V70/><REACH who="2" step="1"/><F34/><REACH who="2" ten="265,250,225,250" step="2"/><W57/><G33/><T64/><D32/><U98/><E122/><V95/><F95/><W116/><G116/><N who="1" m="44618" /><E98/><V118/><F118/><W86/><G86/><T105/><D105/><U20/><E123/><V13/><F13/><W0/><G0/><T65/><REACH who="0" step="1"/><D39/><AGARI ba="1,1" hai="8,10,11,28,30,39,43,47,49,54,56,60,67,70" machi="39" ten="40,5200,0" yaku="1,1,24,2,53,0" doraHai="22" doraHaiUra="128" who="2" fromWho="0" sc="265,-55,250,0,225,65,250,0" /><INIT seed="1,0,0,0,1,121" ten="210,250,290,250" oya="1" hai0="74,14,79,6,112,62,59,56,0,98,103,86,38" hai1="32,53,95,68,130,134,27,15,60,5,40,54,31" hai2="9,13,45,127,87,57,37,55,66,4,70,133,132" hai3="135,78,123,20,71,51,129,28,10,111,18,72,93"/><U90/><E134/><N who="2" m="51819" /><F127/><W108/><G135/><T99/><D0/><U69/><E130/><V128/><F128/><W119/><G129/><T21/><D74/><U92/><E40/><N who="2" m="22671" /><F87/><W2/><G71/><T29/><D38/><U1/><E1/><V7/><F66/><W125/><G123/><T109/><D112/><U39/><E39/><V67/><F67/><W24/><G125/><T107/><D98/><U41/><E41/><V33/><F33/><W34/><G119/><T42/><D42/><U35/><E35/><V65/><F65/><W47/><G78/><T113/><D86/><U16/><E5/><N who="2" m="3247" /><F70/><W85/><G72/><T48/><D79/><U64/><E69/><V26/><F26/><W25/><G10/><T131/><D131/><U12/><E12/><V117/><F117/><W89/><REACH who="3" step="1"/><G2/><REACH who="3" ten="210,250,290,240" step="2"/><T104/><D113/><U52/><REACH who="1" step="1"/><E90/><REACH who="1" ten="210,240,290,240" step="2"/><V8/><F4/><W88/><G88/><T100/><D6/><U124/><E124/><V106/><F7/><W22/><G22/><AGARI ba="0,2" hai="15,16,22,27,31,32,52,53,54,60,64,68,92,95" machi="22" ten="40,12000,1" yaku="1,1,54,2,53,1" doraHai="121" doraHaiUra="19" who="1" fromWho="3" sc="210,0,240,140,290,0,240,-120" /><INIT seed="1,1,0,5,4,0" ten="210,380,290,120" oya="1" hai0="123,121,88,40,80,23,135,30,94,5,110,52,15" hai1="41,65,71,10,97,81,19,114,16,93,76,47,68" hai2="105,134,100,77,24,31,107,128,6,13,64,49,59" hai3="131,124,7,18,50,73,57,17,91,39,109,28,92"/><U60/><E114/><V108/><F134/><W38/><G73/><T8/><D135/><U78/><E71/><V61/><F128/><W103/><G131/><T72/><D40/><U53/><E53/><V55/><F108/><W36/><G109/><T117/><D117/><U127/><E127/><V11/><F77/><W44/><G124/><T25/><D110/><U118/><E118/><V122/><F122/><N who="0" m="46602" /><D80/><U1/><E78/><V54/><F100/><W74/><G74/><T66/><D66/><U102/><E1/><V9/><F9/><W63/><G103/><T14/><D72/><U35/><E35/><V43/><F43/><W130/><G130/><T70/><D70/><U56/><E68/><V90/><F90/><W37/><G28/><T67/><D67/><U4/><E81/><V32/><REACH who="2" step="1"/><F55/><REACH who="2" ten="210,380,280,120" step="2"/><W22/><G91/><T21/><D52/><U26/><E76/><V104/><F104/><W48/><G38/><T2/><D21/><U46/><E41/><V12/><F12/><W132/><G22/><T20/><D23/><N who="1" m="13671" /><E19/><V29/><F29/><W84/><G18/><T79/><D79/><U75/><E75/><V129/><F129/><W96/><G17/><T45/><D45/><AGARI ba="1,1" hai="6,11,13,24,31,32,45,49,54,59,61,64,105,107" machi="45" ten="30,3900,0" yaku="1,1,7,1,52,1,53,0" doraHai="0" doraHaiUra="113" who="2" fromWho="0" sc="210,-42,380,0,280,52,120,0" /><INIT seed="2,0,0,4,4,2" ten="168,380,332,120" oya="2" hai0="52,77,27,94,108,111,40,69,51,54,18,74,122" hai1="81,133,115,33,39,71,132,134,85,70,44,21,46" hai2="127,43,42,59,126,45,102,58,36,106,109,73,22" hai3="101,24,68,84,26,72,116,103,16,93,62,67,118"/><V3/><F3/><W14/><G72/><T47/><D69/><U6/><E33/><V35/><F35/><W124/><G124/><N who="2" m="47657" /><F73/><W98/><G103/><T79/><D122/><U91/><E115/><V8/><F8/><W95/><G26/><T9/><D94/><U20/><E6/><V25/><F109/><N who="0" m="42058" /><D74/><U86/><E39/><V29/><F43/><W31/><G84/><T89/><D89/><U65/><E65/><V113/><F113/><W63/><G95/><T125/><D125/><U4/><E4/><V19/><F29/><W61/><G116/><T7/><D18/><U30/><E30/><V60/><F60/><W114/><G118/><T38/><D27/><U28/><E28/><V99/><AGARI ba="0,0" hai="19,22,25,36,42,45,58,59,99,102,106" m="47657" machi="99" ten="30,1500,0" yaku="18,1" doraHai="2" who="2" fromWho="2" sc="168,-5,380,-5,332,15,120,-5" /><INIT seed="2,1,0,2,3,13" ten="163,375,347,115" oya="2" hai0="43,117,70,69,27,52,33,93,132,1,63,118,89" hai1="78,107,65,49,106,18,122,14,10,36,109,123,40" hai2="90,64,6,35,3,26,112,42,134,67,84,91,76" hai3="135,92,4,68,83,9,37,97,61,120,20,108,100"/><V17/><F112/><W22/><G120/><N who="1" m="46122" /><E109/><V121/><F121/><W113/><G37/><T23/><D33/><U88/><E78/><V32/><F134/><W47/><G108/><T99/><D1/><U24/><E36/><V85/><F3/><W129/><G135/><T48/><D43/><U115/><E65/><V5/><F42/><W124/><G47/><T73/><D73/><U57/><E115/><V75/><F76/><W45/><G45/><T102/><D132/><U12/><E24/><V82/><F26/><W21/><G113/><T50/><D102/><U133/><E133/><V59/><F75/><W111/><G111/><T34/><D34/><U58/><E40/><V55/><F82/><W96/><G129/><T110/><D110/><U119/><E119/><N who="0" m="45577" /><D63/><U94/><E107/><V86/><F35/><W44/><G44/><N who="0" m="27655" /><D50/><U104/><E104/><V62/><F32/><W105/><G61/><T60/><D60/><U39/><E106/><V126/><F64/><W95/><G68/><T28/><AGARI ba="1,0" hai="23,27,28,69,70,89,93,99" m="27655,45577" machi="28" ten="30,2000,0" yaku="12,1,54,1" doraHai="13" who="0" fromWho="0" sc="163,23,375,-6,347,-11,115,-6" /><INIT seed="3,0,0,1,5,128" ten="186,369,336,109" oya="3" hai0="22,81,76,77,130,50,82,98,92,73,74,37,13" hai1="52,11,118,23,121,90,126,38,129,34,49,61,4" hai2="117,124,6,60,119,54,83,5,26,93,14,33,103" hai3="24,65,53,31,102,116,120,12,71,94,131,89,66"/><W87/><G120/><T86/><D37/><U27/><E38/><V17/><F124/><W85/><G116/><T69/><D69/><U101/><E121/><V29/><F83/><W114/><G114/><T36/><D36/><U70/><E101/><V127/><F127/><W67/><G131/><T123/><D123/><U48/><E129/><V109/><F119/><W41/><G41/><T35/><D35/><U97/><E34/><V95/><F117/><W43/><G43/><T68/><D68/><U135/><E135/><V15/><F109/><W44/><G102/><T56/><D86/><U72/><E72/><V105/><F105/><W47/><G71/><T7/><D130/><U40/><E40/><V75/><F75/><W3/><G3/><T28/><D28/><U18/><E70/><V122/><F122/><W55/><G12/><T1/><D1/><U108/><E108/><V99/><F95/><W91/><G24/><T42/><D56/><N who="1" m="34951" /><E118/><V16/><F54/><N who="3" m="20491" /><G31/><T2/><D2/><N who="1" m="407" /><E126/><V104/><F60/><W96/><G96/><T25/><D25/><U125/><E125/><V134/><F104/><W78/><G78/><T46/><D22/><U45/><E45/><N who="3" m="17482" /><G94/><AGARI ba="0,0" hai="18,23,27,48,49,90,94,97" m="407,34951" machi="94" ten="30,2000,0" yaku="25,1,54,1" doraHai="128" who="1" fromWho="3" sc="186,0,369,20,336,0,109,-20" /><INIT seed="4,0,0,3,2,51" ten="186,389,336,89" oya="0" hai0="4,58,76,23,104,84,21,69,96,22,100,28,11" hai1="46,103,63,47,125,75,37,49,128,13,99,0,133" hai2="121,57,110,35,25,14,80,122,32,129,36,74,86" hai3="118,70,94,6,41,120,127,40,131,106,62,50,95"/><T81/><D69/><U97/><E0/><V113/><F36/><W130/><G106/><T20/><N who="0" m="5120" /><DORA hai="64" /><T88/><D58/><U112/><E75/><V53/><F74/><W117/><G6/><T34/><D76/><U82/><E82/><V3/><F110/><W119/><G95/><T26/><D11/><U42/><E13/><V83/><F3/><W132/><G94/><T59/><D59/><U8/><E8/><V65/><F80/><W111/><G111/><T66/><REACH who="0" step="1"/><D4/><REACH who="0" ten="176,389,336,89" step="2"/><U2/><E2/><V105/><F57/><W39/><G120/><T67/><AGARI ba="0,1" hai="26,28,34,66,67,81,84,88,96,100,104" m="5120" machi="67" ten="40,18000,2" yaku="1,1,2,1,0,1,54,1,53,2" doraHai="51,64" doraHaiUra="98,24" who="0" fromWho="0" sc="176,190,389,-60,336,-60,89,-60" /><INIT seed="4,1,0,5,0,125" ten="366,329,276,29" oya="0" hai0="95,41,127,23,52,91,22,131,134,57,135,88,2" hai1="63,89,114,92,1,81,7,50,85,0,100,67,74" hai2="98,34,27,70,28,14,130,58,128,72,107,123,106" hai3="77,87,9,113,83,96,42,64,82,40,86,84,105"/><T112/><D2/><U119/><E119/><V18/><F72/><W46/><G113/><T79/><D112/><U65/><E114/><V39/><F39/><W56/><G105/><T90/><D127/><U31/><E7/><V68/><F123/><W44/><G96/><T45/><D79/><U66/><E63/><V10/><F58/><W36/><G64/><T37/><D95/><U115/><E115/><V108/><F108/><W109/><G56/><T11/><D11/><U101/><E31/><V43/><F43/><W49/><G109/><T117/><D117/><U5/><E5/><V4/><F4/><W20/><G20/><T26/><D131/><N who="2" m="50218" /><F107/><W124/><G124/><T12/><D12/><U60/><E60/><V61/><F61/><W24/><G24/><T15/><D15/><U55/><E0/><V118/><F118/><W13/><G83/><T16/><REACH who="0" step="1"/><D23/><REACH who="0" ten="356,329,276,29" step="2"/><U99/><E1/><V19/><F19/><AGARI ba="1,1" hai="9,13,19,36,40,42,44,46,49,77,82,84,86,87" machi="19" ten="30,1000,0" yaku="7,1" doraHai="125" who="3" fromWho="2" sc="356,0,329,0,276,-13,29,23" /><INIT seed="5,0,0,0,3,25" ten="356,329,263,52" oya="1" hai0="118,37,41,54,77,63,119,68,76,115,128,106,121" hai1="20,93,23,127,100,99,6,56,31,36,107,17,7" hai2="13,117,123,28,15,88,14,50,110,5,35,61,97" hai3="0,131,16,83,79,75,29,135,86,53,58,98,59"/><U105/><E36/><V51/><F123/><W70/><G70/><T81/><D106/><U130/><E130/><V82/><F117/><W111/><G111/><T95/><D115/><U46/><E46/><V133/><F110/><W125/><G0/><T102/><D128/><U80/><E107/><V113/><F133/><W108/><G108/><T120/><D77/><U8/><E105/><V85/><F113/><W69/><G69/><T18/><D18/><U55/><E127/><V30/><F97/><W122/><G122/><N who="0" m="47211" /><D41/><U129/><E80/><V39/><F39/><W48/><G131/><T78/><D78/><U89/><E100/><V124/><F124/><W3/><G3/><T52/><D37/><U65/><E8/><V84/><F35/><W60/><G135/><T101/><D101/><U45/><E45/><V27/><F27/><W4/><G4/><T116/><D95/><U33/><E65/><V1/><F61/><W10/><G75/><N who="0" m="43167" /><D102/><U2/><E2/><V44/><F44/><W134/><G134/><T26/><D26/><N who="1" m="16863" /><E33/><V71/><F71/><W132/><G132/><T73/><D73/><U96/><E96/><V66/><F66/><AGARI ba="0,0" hai="52,54,63,66,68,116,118,119" m="43167,47211" machi="66" ten="40,2600,0" yaku="13,1,54,1" doraHai="25" who="0" fromWho="2" sc="356,26,329,0,263,-26,52,0" /><INIT seed="6,0,0,3,5,109" ten="382,329,237,52" oya="2" hai0="40,27,30,51,84,36,45,132,95,9,70,29,26" hai1="0,121,133,24,4,77,5,94,83,97,39,135,96" hai2="74,55,99,115,80,125,119,73,131,56,127,7,126" hai3="124,88,107,72,112,61,85,89,48,59,38,65,2"/><V90/><F119/><W92/><G2/><T101/><D70/><U60/><E39/><V46/><F131/><W3/><G3/><T66/><D66/><U25/><E60/><V47/><F7/><N who="1" m="2633" /><E96/><V98/><F115/><W106/><G72/><N who="2" m="27753" /><F98/><W108/><G108/><T130/><D36/><U81/><E121/><V64/><F64/><W19/><G38/><T17/><D130/><U12/><E12/><V41/><F41/><W16/><G124/><T28/><D132/><N who="1" m="50763" /><E0/><V52/><F55/><W91/><G48/><T87/><D101/><N who="1" m="60599" /><E81/><V54/><F54/><W58/><G112/><T110/><D110/><U128/><E128/><V11/><F11/><W49/><G49/><T23/><D9/><U104/><E104/><V129/><F129/><W103/><G103/><T134/><D134/><U44/><E44/><V32/><F32/><W8/><G8/><T62/><D62/><U10/><E10/><V75/><N who="2" m="27761" /><AGARI ba="0,0" hai="24,25,75,77,83" m="60599,50763,2633" machi="75" ten="30,2000,0" yaku="3,1,20,1" doraHai="109" who="1" fromWho="2" sc="382,0,329,20,237,-20,52,0" /><INIT seed="7,0,0,2,4,22" ten="382,349,217,52" oya="3" hai0="37,115,110,47,112,10,118,18,45,79,88,52,35" hai1="98,20,53,80,26,44,36,40,73,127,81,93,61" hai2="58,43,133,91,23,14,83,66,114,117,107,33,11" hai3="134,70,49,55,16,1,21,100,17,84,77,122,56"/><W125/><G122/><T74/><D118/><U97/><E97/><V2/><F107/><W4/><G70/><T39/><D35/><U25/><E127/><V87/><F33/><W109/><G125/><T57/><D110/><U64/><E53/><V29/><F117/><W108/><G100/><T63/><D88/><U65/><E65/><V31/><F133/><W102/><G102/><T62/><D79/><U9/><E9/><V92/><F114/><N who="0" m="43562" /><D74/><U3/><E3/><V111/><F43/><W15/><G134/><T69/><D18/><U121/><E121/><V27/><F111/><N who="3" m="42571" /><G1/><T78/><D10/><U96/><E96/><V28/><F2/><W51/><G4/><T41/><D78/><U54/><E54/><V82/><F83/><N who="3" m="47215" /><G17/><T5/><D5/><U24/><E20/><V72/><F82/><W130/><G130/><T68/><D62/><AGARI ba="0,0" hai="15,16,21,49,51,55,56,62" m="47215,42571" machi="62" ten="30,2900,0" yaku="10,1,54,1" doraHai="22" who="3" fromWho="0" sc="382,-29,349,0,217,0,52,29" /><INIT seed="7,1,0,5,5,83" ten="353,349,217,81" oya="3" hai0="121,2,105,117,132,79,5,39,10,62,40,77,88" hai1="46,85,71,7,99,125,90,110,53,36,49,107,42" hai2="131,4,128,109,123,68,69,135,95,19,96,55,75" hai3="76,30,133,16,64,104,12,115,24,63,66,106,28"/><W11/><G115/><T114/><D105/><U82/><E7/><V50/><F75/><W129/><G129/><N who="2" m="49737" /><F109/><W60/><G133/><T31/><D121/><U54/><E71/><V103/><F135/><W22/><G76/><T1/><D117/><U32/><E32/><V94/><F123/><W80/><G80/><T84/><D1/><U87/><E36/><V33/><F33/><W97/><G30/><T74/><D31/><U89/><E125/><V92/><F4/><W108/><G108/><T81/><D132/><U120/><E120/><V116/><F19/><W43/><G43/><T126/><D114/><U98/><E110/><V47/><F116/><W29/><G29/><T15/><D126/><U41/><E107/><AGARI ba="1,0" hai="47,50,55,68,69,92,94,95,96,103,107" m="49737" machi="107" ten="30,1000,0" yaku="19,1" doraHai="83" who="2" fromWho="1" sc="353,0,349,-13,217,13,81,0" owari="353,45.0,336,14.0,230,-17.0,81,-42.0" /></mjloggm>