<mjloggm ver="2.3"><GO type="169" lobby="0"/><UN n0="%E6%96%87%E5%9B%9B%E9%83%8E" n1="%E6%A4%8B%E5%A4%A7%E6%A8%B9" n2="%E7%82%8E%E3%81%AE%E3%82%B7%E3%83%A5%E3%83%AC%E3%83%B3" n3="%E3%82%A6%E3%83%AB%E3%83%88%E3%83%A9%E7%AB%8B%E7%9B%B4" dan="17,18,17,17" rate="2220.19,2180.17,2158.01,2187.20" sx="M,M,M,M"/><TAIKYOKU oya="0"/><INIT seed="0,0,0,0,0,88" ten="250,250,250,250" oya="0" hai0="12,58,18,31,23,49,135,121,0,29,116,35,66" hai1="78,74,79,92,72,56,118,83,132,50,43,41,85" hai2="30,123,36,126,68,6,82,33,134,71,57,76,101" hai3="67,111,26,27,108,39,80,130,109,113,7,37,119"/><T75/><D116/><U1/><E118/><V54/><F123/><W95/><G119/><T24/><D121/><U65/><E1/><V133/><F36/><W125/><G113/><T51/><D75/><U103/><E132/><V48/><F126/><W22/><G125/><T59/><D135/><N who="2" m="51722" /><F6/><W14/><G67/><T8/><D66/><U42/><E78/><V99/><F30/><W63/><G63/><T15/><D31/><U112/><E112/><V96/><F33/><W45/><G80/><T105/><D105/><U87/><E74/><N who="2" m="43287" /><F96/><W81/><G7/><N who="0" m="1127" /><D15/><U69/><E69/><V38/><F38/><W9/><G14/><T127/><D127/><U102/><E72/><V94/><AGARI ba="0,0" hai="48,54,57,68,71,94,99,101" m="43287,51722" machi="94" ten="30,2000,0" yaku="20,1,52,1" doraHai="88" who="2" fromWho="2" sc="250,-10,250,-5,250,20,250,-5" /><INIT seed="1,0,0,5,1,118" ten="240,245,270,245" oya="1" hai0="113,52,101,50,123,99,78,62,124,129,7,35,86" hai1="66,14,43,21,37,102,97,54,60,98,92,85,27" hai2="68,5,130,76,17,39,59,107,133,18,108,115,67" hai3="12,127,88,114,20,70,16,81,22,122,112,80,49"/><U83/><E37/><V109/><F107/><W117/><G122/><T6/><D113/><U29/><E43/><V23/><F68/><W131/><G70/><T47/><D35/><U3/><E3/><V24/><F39/><W55/><G117/><T84/><D124/><U65/><E97/><V111/><F76/><W100/><G127/><T31/><D31/><U116/><E116/><V74/><F74/><W57/><G131/><T103/><D129/><U134/><E134/><V104/><F104/><W4/><G100/><N who="0" m="38475" /><D99/><U132/><E14/><V110/><F110/><W128/><G128/><T8/><D123/><U75/><E75/><V94/><F130/><W119/><G119/><T69/><D69/><U41/><E41/><V64/><F133/><W63/><G4/><N who="0" m="1579" /><D78/><N who="1" m="46327" /><E132/><V73/><F115/><W0/><G0/><T36/><D36/><U96/><E96/><V61/><F73/><W53/><G114/><T71/><D71/><U82/><E82/><V90/><F5/><W91/><G112/><T28/><D28/><U11/><E11/><V58/><F17/><W56/><G22/><T25/><D25/><U30/><E30/><V121/><F121/><W126/><G126/><T26/><D26/><U105/><E105/><V44/><F109/><W135/><G135/><T10/><D62/><U89/><E102/><V45/><F111/><W93/><G91/><T106/><D106/><U2/><E2/><V125/><F108/><W38/><G38/><T9/><AGARI ba="0,0" hai="8,9,10,47,50,52,84,86" m="1579,38475" machi="9" ten="30,2000,0" yaku="8,1,54,1" doraHai="118" who="0" fromWho="0" sc="240,20,245,-10,270,-5,245,-5" /><INIT seed="2,0,0,1,2,108" ten="260,235,265,240" oya="2" hai0="97,124,105,23,30,118,64,11,68,100,115,40,16" hai1="85,88,8,12,119,110,83,55,125,71,77,53,99" hai2="27,103,114,49,76,106,117,56,45,96,102,48,134" hai3="22,87,36,42,14,120,19,132,10,34,95,98,90"/><V123/><F117/><W86/><G34/><T46/><D30/><U3/><E71/><V6/><F123/><W17/><G120/><T58/><D68/><U13/><E119/><V20/><F134/><W26/><G132/><T81/><D118/><U21/><E110/><V51/><F76/><W73/><G73/><T131/><D11/><U82/><E125/><V18/><F103/><W74/><G74/><T101/><D100/><U43/><E3/><V37/><F114/><W62/><G36/><T112/><D124/><U127/><E127/><V29/><F6/><W84/><G42/><T25/><D81/><U113/><E113/><V109/><F109/><W50/><G50/><T57/><D58/><U79/><E43/><V135/><F135/><W44/><G44/><T32/><D32/><U69/><E69/><V24/><F56/><W78/><REACH who="3" step="1"/><G62/><REACH who="3" ten="260,235,265,230" step="2"/><T47/><D47/><U121/><E121/><V33/><REACH who="2" step="1"/><F37/><REACH who="2" ten="260,235,255,230" step="2"/><W133/><G133/><T39/><REACH who="0" step="1"/><D131/><REACH who="0" ten="250,235,255,230" step="2"/><U65/><E79/><AGARI ba="0,3" hai="10,14,17,19,22,26,78,79,84,86,87,90,95,98" machi="79" ten="40,2600,0" yaku="1,1,8,1,53,0" doraHai="108" doraHaiUra="41" who="3" fromWho="1" sc="250,0,235,-26,255,0,230,56" /><INIT seed="3,0,0,5,3,78" ten="250,209,255,286" oya="3" hai0="6,14,57,0,58,59,112,11,54,98,13,92,104" hai1="94,99,37,8,5,17,123,29,41,68,45,85,48" hai2="51,111,55,43,21,126,106,83,35,60,1,23,24" hai3="52,134,15,53,4,119,42,3,130,76,71,65,125"/><W93/><G119/><T88/><D104/><U38/><E68/><V39/><F1/><W80/><G3/><T115/><REACH who="0" step="1"/><D54/><REACH who="0" ten="240,209,255,286" step="2"/><U56/><E123/><V121/><F55/><W34/><G52/><T33/><D33/><U36/><E29/><V120/><F35/><W102/><G53/><T18/><D18/><U28/><E28/><V50/><F106/><W113/><G34/><T135/><D135/><U110/><E110/><V91/><F111/><W86/><G134/><T61/><D61/><U131/><E131/><V105/><F60/><W97/><G130/><T31/><D31/><U73/><E17/><V129/><F105/><W89/><G113/><AGARI ba="0,1" hai="0,6,11,13,14,57,58,59,88,92,98,112,113,115" machi="113" ten="40,5200,0" yaku="1,1,11,1,54,1,53,0" doraHai="78" doraHaiUra="44" who="0" fromWho="3" sc="240,62,209,0,255,0,286,-52" /><INIT seed="4,0,0,3,3,48" ten="302,209,255,234" oya="0" hai0="5,96,44,129,65,102,22,16,24,115,71,125,50" hai1="58,45,94,106,80,74,19,0,103,126,116,37,38" hai2="128,26,124,18,123,35,2,72,119,27,11,25,60" hai3="89,64,76,113,12,66,3,99,55,97,130,75,122"/><T30/><D5/><U17/><E106/><V34/><F72/><W54/><G3/><T109/><D115/><U67/><E0/><V112/><F60/><W21/><G75/><T108/><D125/><U61/><E116/><V88/><F88/><W33/><G33/><N who="2" m="12297" /><F123/><W117/><G117/><T46/><D129/><U47/><E126/><V84/><F84/><W133/><G76/><T91/><D91/><U131/><E131/><V107/><F107/><W86/><G130/><T92/><D30/><U56/><E80/><V9/><F124/><W62/><G113/><T51/><D65/><N who="3" m="25193" /><G62/><T20/><D22/><U1/><E67/><V110/><F110/><N who="0" m="42602" /><D71/><U69/><E69/><V70/><F70/><W10/><G21/><T6/><D6/><U82/><E61/><V114/><F128/><W59/><G122/><T49/><AGARI ba="0,0" hai="16,20,24,44,46,49,50,51,92,96,102" m="42602" machi="49" ten="30,3000,0" yaku="10,1,54,1" doraHai="48" who="0" fromWho="0" sc="302,30,209,-10,255,-10,234,-10" /><INIT seed="4,1,0,1,5,34" ten="332,199,245,224" oya="0" hai0="116,124,51,107,32,12,71,128,68,10,54,39,55" hai1="17,42,30,78,110,28,73,98,74,1,5,69,53" hai2="106,92,125,67,56,109,127,121,27,59,18,83,37" hai3="2,129,102,120,19,70,49,104,11,21,81,7,75"/><T99/><D116/><U8/><E110/><V46/><F106/><W117/><G117/><T72/><D39/><U126/><E69/><V133/><F109/><W86/><G129/><T66/><D32/><U65/><E65/><V131/><F121/><W118/><G118/><T64/><D72/><U9/><E126/><V60/><F131/><W6/><G120/><T0/><D128/><U88/><E42/><V87/><F133/><W45/><G70/><T122/><D122/><U97/><E53/><V48/><F92/><W93/><G7/><T25/><D124/><U111/><E111/><V41/><F59/><W105/><G75/><T33/><D25/><U16/><E5/><V132/><F37/><W108/><G108/><T101/><D33/><U94/><E94/><V135/><F27/><W114/><G114/><T76/><D76/><U47/><E47/><V15/><F135/><W100/><G93/><T80/><D80/><U113/><E88/><V103/><F103/><W91/><G105/><T134/><D134/><U4/><E4/><V115/><F115/><W26/><REACH who="3" step="1"/><G104/><REACH who="3" ten="332,199,245,214" step="2"/><T29/><D107/><U95/><E95/><V31/><F132/><W3/><G3/><T112/><D0/><U36/><E113/><V35/><F127/><W90/><G90/><T13/><D112/><U96/><E1/><V119/><F125/><W57/><G57/><T22/><D71/><U38/><E97/><V63/><F119/><W44/><G44/><T24/><D99/><U43/><E78/><V14/><F56/><W62/><G62/><T58/><D68/><U77/><E77/><RYUUKYOKU ba="1,1" sc="332,-15,199,15,245,-15,214,15" hai1="8,9,16,17,28,30,36,38,43,73,74,96,98" hai3="2,6,11,19,21,26,45,49,81,86,91,100,102" /><INIT seed="5,2,1,3,0,37" ten="317,214,230,229" oya="1" hai0="46,71,11,91,66,73,119,99,117,54,84,7,108" hai1="18,44,45,76,110,52,25,4,15,85,128,103,72" hai2="49,78,121,74,86,58,38,21,96,131,111,92,0" hai3="70,3,112,125,17,97,13,80,28,62,16,95,59"/><U55/><E72/><V2/><F111/><W133/><G3/><T5/><D108/><U104/><E110/><V42/><F121/><W124/><G70/><T9/><D73/><U67/><E128/><V123/><F74/><W109/><G109/><T26/><D99/><U63/><E4/><V134/><F131/><W33/><G112/><T69/><D26/><U115/><E25/><V47/><F123/><W107/><G107/><T114/><D114/><U39/><E103/><V127/><F21/><W129/><G129/><T100/><D100/><U118/><E104/><V10/><F10/><W82/><G133/><T77/><D77/><U135/><E118/><V53/><F134/><W36/><G36/><T35/><D35/><U48/><E39/><V79/><F127/><N who="3" m="48715" /><G28/><T61/><D71/><U14/><E135/><V106/><F106/><W130/><G33/><T6/><D119/><U122/><E122/><V132/><F132/><W57/><G57/><T51/><REACH who="0" step="1"/><D117/><REACH who="0" ten="307,214,230,229" step="2"/><U90/><E76/><V43/><F79/><W23/><G130/><T56/><D56/><U75/><E75/><V19/><F78/><W65/><G97/><T102/><D102/><U24/><E115/><V32/><F96/><W50/><G59/><T120/><D120/><U40/><E24/><V34/><F32/><W89/><G89/><T12/><D12/><U22/><E14/><V60/><F34/><W31/><G13/><T101/><D101/><U105/><E105/><V27/><F27/><W1/><G1/><T94/><AGARI ba="2,2" hai="5,6,7,9,11,46,51,54,61,66,69,84,91,94" machi="94" ten="30,2000,0" yaku="1,1,0,1,53,0" doraHai="37" doraHaiUra="113" who="0" fromWho="0" sc="307,46,214,-12,230,-7,229,-7" /><INIT seed="6,0,0,3,1,54" ten="353,202,223,222" oya="2" hai0="19,6,63,135,67,51,2,96,64,93,117,8,126" hai1="95,80,65,12,24,90,61,115,59,97,43,79,52" hai2="66,26,108,7,45,113,16,25,49,37,4,57,53" hai3="20,127,128,131,85,92,22,1,100,81,29,72,39"/><V17/><F113/><W14/><G1/><T132/><D126/><U21/><E115/><V130/><F130/><N who="3" m="49707" /><G39/><T71/><D67/><U56/><E12/><V123/><F123/><W110/><G110/><T50/><D19/><N who="2" m="7242" /><F37/><W103/><G127/><T133/><REACH who="0" step="1"/><D117/><REACH who="0" ten="343,202,223,222" step="2"/><U107/><E65/><V3/><F108/><W11/><G29/><T88/><AGARI ba="0,1" hai="2,6,8,50,51,63,64,71,88,93,96,132,133,135" machi="88" ten="30,12000,2" yaku="1,1,2,1,0,1,20,1,54,1,53,1" doraHai="54" doraHaiUra="94" who="0" fromWho="0" sc="343,130,202,-30,223,-60,222,-30" /><INIT seed="7,0,0,5,3,82" ten="473,172,163,192" oya="3" hai0="66,110,79,35,90,6,107,115,133,118,101,123,72" hai1="131,34,97,98,50,103,120,12,83,59,132,7,23" hai2="56,84,105,42,51,15,11,129,17,111,33,1,109" hai3="13,130,5,16,128,89,31,86,28,125,19,122,99"/><W54/><G99/><T29/><D110/><U60/><E120/><V10/><F105/><W94/><G122/><T87/><D123/><U48/><E34/><V58/><F33/><W121/><G121/><T27/><D118/><U46/><E132/><V49/><F111/><W117/><G117/><T62/><D6/><U116/><E116/><V25/><F109/><W81/><G81/><T39/><D39/><U22/><E131/><N who="3" m="50218" /><G125/><T36/><D36/><U47/><E83/><V126/><F129/><W57/><G5/><T21/><D133/><U20/><E7/><V61/><F126/><W3/><G3/><T70/><D115/><U14/><E47/><N who="2" m="25847" /><F1/><W124/><G124/><T18/><D79/><U65/><E50/><V96/><F96/><N who="1" m="36969" /><E103/><V114/><F114/><W91/><G91/><T55/><D72/><U75/><E75/><V85/><F10/><N who="3" m="6199" /><G19/><T119/><D119/><U40/><AGARI ba="0,0" hai="12,14,20,22,23,40,46,48,59,60,65" m="36969" machi="40" ten="30,1100,0" yaku="8,1" doraHai="82" who="1" fromWho="1" sc="473,-3,172,11,163,-3,192,-5" owari="470,57.0,183,-22.0,160,-34.0,187,-1.0" /></mjloggm>