<mjloggm ver="2.3"><GO type="169" lobby="0"/><UN n0="%E7%AB%8B%E8%8F%AF%E5%A5%8F" n1="%E3%81%8D%E3%81%A4%E3%83%BC%E3%81%AD" n2="%E6%A1%83%E3%82%84%E3%82%93" n3="%E3%83%88%E3%83%88%E3%83%AA%E5%85%88%E7%94%9F%31%39%E6%AD%B3" dan="17,17,16,18" rate="2204.05,2120.62,2123.68,2225.76" sx="F,M,M,F"/><TAIKYOKU oya="0"/><INIT seed="0,0,0,3,1,2" ten="250,250,250,250" oya="0" hai0="41,32,118,38,97,131,39,77,59,129,36,23,54" hai1="93,108,81,78,29,112,68,122,24,127,51,95,91" hai2="117,104,114,121,133,5,70,52,50,75,106,34,69" hai3="7,13,43,109,80,22,60,55,21,67,61,90,132"/><T115/><D115/><U6/><E122/><V18/><F114/><W98/><G109/><T31/><D32/><U135/><E68/><V57/><F34/><W84/><G132/><T119/><D77/><U86/><E135/><V113/><F75/><W123/><G123/><T47/><D97/><U130/><E108/><V125/><F113/><W28/><G43/><T63/><D23/><U124/><E130/><N who="0" m="49673" /><D31/><U87/><E112/><V12/><F133/><W103/><G55/><T120/><D120/><U8/><E51/><AGARI ba="0,0" hai="36,38,39,41,47,51,54,59,63,118,119" m="49673" machi="51" ten="40,7700,0" yaku="19,1,34,2" doraHai="2" who="0" fromWho="1" sc="250,77,250,-77,250,0,250,0" /><INIT seed="0,1,0,4,3,3" ten="327,173,250,250" oya="0" hai0="73,130,128,26,81,71,84,100,37,10,133,35,90" hai1="97,93,16,2,44,78,31,53,67,28,99,75,118" hai2="36,83,52,96,4,30,27,60,59,33,62,119,15" hai3="70,18,66,24,68,110,56,29,104,101,65,55,41"/><T7/><D37/><U34/><E2/><V61/><F36/><W113/><G113/><T48/><D71/><U42/><E118/><V131/><F131/><N who="0" m="50218" /><D133/><U98/><E67/><V85/><F119/><W109/><G41/><T0/><D73/><U111/><E111/><N who="3" m="42506" /><G18/><T129/><N who="0" m="50226" /><T57/><DORA hai="1" /><D100/><U82/><E34/><V6/><F96/><N who="3" m="61479" /><G68/><T114/><D114/><U112/><E112/><V116/><F15/><W69/><G69/><T14/><D0/><U77/><E77/><V120/><F120/><W80/><G80/><T102/><D102/><U87/><E53/><V38/><F38/><W94/><G94/><T19/><D35/><U122/><E122/><V13/><F13/><W9/><G70/><T11/><D11/><U123/><E123/><V51/><REACH who="2" step="1"/><F116/><REACH who="2" ten="327,173,240,250" step="2"/><W135/><G135/><T92/><D26/><U74/><E28/><V117/><F117/><W58/><G29/><T127/><D127/><U121/><E31/><V50/><F50/><W91/><G24/><T132/><D132/><U89/><E121/><V103/><F103/><W79/><G9/><T108/><D108/><U5/><E16/><V25/><F25/><W8/><G8/><T63/><D48/><N who="1" m="26647" /><E75/><V23/><F23/><W107/><G107/><T105/><D105/><U134/><E134/><V124/><F124/><W64/><G58/><T95/><D19/><U49/><E49/><V17/><F17/><W43/><G56/><T46/><D46/><U76/><E74/><V115/><F115/><W12/><G12/><T40/><D40/><U47/><E47/><V22/><F22/><RYUUKYOKU ba="1,1" sc="327,15,173,-15,240,15,250,-15" hai0="7,10,14,57,63,81,84,90,92,95" hai2="4,6,27,30,33,51,52,59,60,61,62,83,85" /><INIT seed="0,2,1,1,0,52" ten="342,158,255,235" oya="0" hai0="1,43,121,130,114,4,115,63,58,75,83,128,96" hai1="20,41,22,101,108,113,27,37,71,80,105,8,135" hai2="89,78,95,86,56,50,132,16,53,73,120,91,129" hai3="102,57,79,116,90,60,94,6,28,61,21,26,49"/><T97/><D121/><U34/><E71/><V110/><F120/><W17/><G116/><T118/><D118/><U14/><E108/><V103/><F110/><W134/><G134/><T24/><D43/><U48/><E135/><V65/><F132/><W62/><G102/><T98/><D24/><U85/><E113/><V81/><F129/><N who="0" m="49770" /><D4/><U111/><E111/><V87/><F65/><W36/><G36/><T29/><D29/><U13/><E37/><V25/><F103/><W39/><G39/><T131/><N who="0" m="49778" /><T44/><DORA hai="30" /><D44/><U11/><E101/><V125/><F125/><W33/><G79/><N who="0" m="44543" /><D1/><U54/><E105/><V47/><F47/><W72/><G72/><T70/><D70/><U76/><E34/><V7/><F7/><W23/><G6/><T67/><AGARI ba="2,1" hai="58,63,67,96,97,98,114,115" m="44543,49778" machi="67" ten="50,4800,0" yaku="19,1,52,1" doraHai="52,30" who="0" fromWho="0" sc="342,64,158,-18,255,-18,235,-18" /><INIT seed="0,3,0,2,4,32" ten="406,140,237,217" oya="0" hai0="82,61,106,99,76,2,21,4,58,72,35,84,127" hai1="120,87,70,77,86,96,36,17,10,3,81,26,124" hai2="128,40,95,8,25,119,101,29,98,54,0,47,109" hai3="33,20,90,75,88,48,30,125,102,24,11,60,55"/><T6/><D35/><U78/><E120/><V19/><F109/><W112/><G112/><T80/><D127/><U59/><E70/><V53/><F128/><W115/><G115/><T123/><D123/><U56/><E36/><V126/><F119/><W121/><G121/><T66/><D21/><U108/><E108/><V92/><F126/><W132/><G125/><T74/><D74/><U94/><E124/><V79/><F95/><W83/><G132/><T107/><D99/><U50/><E50/><V113/><F79/><W89/><G102/><T39/><D39/><U63/><E63/><V12/><F0/><W117/><G117/><T57/><D57/><U103/><E3/><V23/><F113/><W13/><G60/><T104/><REACH who="0" step="1"/><D2/><REACH who="0" ten="396,140,237,217" step="2"/><U111/><E111/><V131/><F131/><W5/><G75/><T129/><D129/><U7/><E26/><V41/><F41/><W118/><G118/><T9/><D9/><U114/><E114/><V43/><F43/><W93/><G33/><T16/><D16/><U42/><E42/><V97/><F98/><W14/><G14/><T67/><D67/><U49/><E17/><V130/><F130/><W110/><G110/><T135/><D135/><U37/><E37/><AGARI ba="3,1" hai="8,12,19,23,25,29,37,40,47,53,54,92,97,101" machi="37" ten="30,1000,0" yaku="7,1" doraHai="32" who="2" fromWho="1" sc="396,0,140,-19,237,29,217,0" /><INIT seed="1,0,0,0,1,18" ten="396,121,266,217" oya="1" hai0="98,130,7,57,70,48,17,9,66,45,56,85,82" hai1="4,78,63,64,23,115,12,71,109,96,128,42,123" hai2="90,26,51,39,3,37,79,53,0,120,102,111,2" hai3="20,61,35,73,119,87,38,99,69,95,72,77,54"/><U94/><E123/><V67/><F120/><W74/><G35/><T60/><D130/><U68/><E115/><V127/><F102/><W126/><G38/><T114/><D98/><U110/><E78/><V28/><F79/><W125/><G119/><T93/><D93/><U32/><E32/><V131/><F67/><W1/><G1/><T46/><D17/><N who="1" m="10663" /><E4/><V19/><F19/><W133/><G20/><T100/><D100/><N who="1" m="60439" /><E42/><V134/><F131/><W89/><G133/><T88/><D114/><U59/><E128/><V92/><F127/><N who="3" m="48651" /><G69/><T107/><D107/><U44/><E44/><V113/><F113/><W132/><G132/><T129/><D129/><U108/><AGARI ba="0,0" hai="59,63,64,68,71,108,109,110" m="60439,10663" machi="108" ten="30,6000,0" yaku="14,1,10,1,52,1" doraHai="18" who="1" fromWho="1" sc="396,-20,121,60,266,-20,217,-20" /><INIT seed="1,1,0,5,0,45" ten="376,181,246,197" oya="1" hai0="57,65,120,4,10,125,17,47,67,29,52,129,66" hai1="127,5,86,131,85,64,132,71,56,60,13,28,41" hai2="115,117,55,59,89,49,93,63,128,50,122,130,106" hai3="113,43,104,21,69,51,19,87,102,103,9,68,114"/><U112/><E112/><V38/><F106/><W1/><G87/><T14/><D125/><U119/><E119/><V101/><F101/><W109/><G109/><T6/><D129/><N who="2" m="49770" /><F122/><W61/><G9/><T62/><D120/><U96/><E131/><V118/><F115/><W133/><G1/><T100/><D100/><U39/><E127/><V105/><F105/><W97/><G133/><T23/><D47/><U95/><E132/><V36/><F89/><W75/><G75/><T22/><D22/><U7/><E28/><V42/><F93/><W74/><G74/><T58/><D58/><U48/><E71/><V20/><F20/><W77/><G77/><T99/><D99/><U72/><E39/><N who="2" m="14891" /><F42/><W111/><G111/><T121/><D121/><U78/><E72/><V53/><F53/><W27/><G102/><T30/><REACH who="0" step="1"/><D4/><REACH who="0" ten="366,181,246,197" step="2"/><U110/><E110/><V82/><F82/><W83/><G83/><T31/><D31/><U123/><E123/><V3/><F3/><AGARI ba="1,1" hai="3,6,10,14,17,23,29,30,52,57,62,65,66,67" machi="3" ten="40,5200,0" yaku="1,1,54,1,53,1" doraHai="45" doraHaiUra="54" who="0" fromWho="2" sc="366,65,181,0,246,-55,197,0" /><INIT seed="2,0,0,1,0,20" ten="431,181,191,197" oya="2" hai0="65,96,14,103,107,13,105,133,48,94,28,84,108" hai1="135,102,53,23,55,43,50,118,121,56,95,46,119" hai2="57,128,100,60,131,40,92,30,70,35,17,80,47" hai3="36,18,12,125,115,116,31,81,113,132,10,5,123"/><V42/><F70/><W62/><G36/><T83/><D108/><U129/><E102/><V16/><F80/><W79/><G116/><T45/><D133/><U114/><E95/><V127/><F127/><W24/><G125/><T111/><D111/><U58/><E23/><V122/><F122/><W134/><G62/><T74/><D65/><U69/><E135/><N who="3" m="51754" /><G81/><T109/><D109/><U76/><E76/><V3/><F3/><N who="3" m="319" /><G123/><T106/><D28/><U54/><E121/><V1/><F1/><W63/><G63/><T21/><D21/><U86/><E86/><V22/><F35/><N who="3" m="20967" /><G79/><T90/><REACH who="0" step="1"/><D74/><REACH who="0" ten="421,181,191,197" step="2"/><U130/><E69/><V66/><F22/><AGARI ba="0,1" hai="12,18,22,113,115" m="20967,319,51754" machi="22" ten="30,8000,1" yaku="24,1,20,1,34,2,52,1" doraHai="20" who="3" fromWho="2" sc="421,0,181,0,191,-80,197,90" /><INIT seed="3,0,0,2,4,5" ten="421,181,111,287" oya="3" hai0="114,122,99,121,46,61,7,73,85,21,53,65,97" hai1="98,38,134,105,107,115,45,47,37,16,82,41,127" hai2="12,94,51,95,15,42,23,6,104,31,43,13,81" hai3="70,131,34,28,44,18,123,57,92,49,3,24,72"/><W19/><G123/><T93/><D73/><U2/><E115/><V110/><F110/><W11/><G70/><T1/><D114/><U52/><E2/><V40/><F104/><W68/><G68/><T50/><D85/><U55/><E82/><V88/><F51/><W124/><G72/><T116/><D116/><U84/><E84/><V58/><F58/><W54/><G131/><T117/><D117/><U74/><E74/><V78/><F6/><W29/><G124/><T25/><D97/><U113/><E113/><V27/><F78/><W69/><G69/><T89/><D7/><U75/><E75/><V96/><F95/><W130/><G130/><T22/><D1/><U91/><E127/><V26/><F26/><W66/><G3/><T120/><REACH who="0" step="1"/><D25/><REACH who="0" ten="411,181,111,287" step="2"/><U10/><E98/><V56/><REACH who="2" step="1"/><F56/><AGARI ba="0,1" hai="21,22,46,50,53,56,61,65,89,93,99,120,121,122" machi="56" ten="40,2600,0" yaku="1,1,2,1,53,0" doraHai="5" doraHaiUra="102" who="0" fromWho="2" sc="411,36,181,0,111,-26,287,0" /><INIT seed="4,0,0,4,2,10" ten="447,181,85,287" oya="0" hai0="99,42,100,48,72,134,131,101,64,83,8,54,95" hai1="45,47,93,132,77,92,36,49,41,120,56,44,43" hai2="107,20,103,3,63,75,119,123,88,9,90,79,68" hai3="133,73,118,34,39,31,7,22,135,74,111,55,67"/><T108/><D108/><U52/><E120/><V91/><F123/><W32/><G111/><T89/><D131/><U80/><E132/><N who="3" m="50762" /><G118/><T2/><D134/><U21/><E21/><V15/><F3/><W121/><G121/><T126/><D126/><U109/><E109/><V78/><F119/><W116/><G39/><T46/><D64/><U40/><REACH who="1" step="1"/><E36/><REACH who="1" ten="447,171,85,287" step="2"/><V127/><F127/><W53/><G22/><T5/><REACH who="0" step="1"/><D42/><REACH who="0" ten="437,171,85,287" step="2"/><U81/><E81/><V28/><F75/><AGARI ba="0,2" hai="40,41,43,44,45,47,49,52,56,75,77,80,92,93" machi="75" ten="40,2600,0" yaku="1,1,54,1,53,0" doraHai="10" doraHaiUra="117" who="1" fromWho="2" sc="437,0,171,46,85,-26,287,0" /><INIT seed="5,0,0,0,0,102" ten="437,217,59,287" oya="1" hai0="127,65,78,118,109,106,76,14,124,133,119,28,4" hai1="116,13,89,92,0,20,107,19,59,110,131,2,8" hai2="120,39,58,36,80,123,104,121,85,33,113,86,56" hai3="82,66,5,87,64,101,128,46,43,122,135,48,32"/><U17/><E116/><V1/><F33/><W52/><G122/><T74/><D109/><U91/><E110/><V103/><F1/><W16/><G32/><T44/><D133/><U54/><E131/><V47/><F47/><W95/><G128/><T51/><D28/><U18/><E107/><V112/><F103/><W21/><G5/><T62/><D106/><U84/><E91/><V73/><F73/><W37/><G135/><T11/><D118/><U83/><E83/><V75/><F75/><W34/><G34/><T53/><D119/><U31/><E31/><V35/><F35/><W3/><G3/><T81/><REACH who="0" step="1"/><D76/><REACH who="0" ten="427,217,59,287" step="2"/><U129/><E129/><V38/><F104/><W23/><G23/><T99/><D99/><U77/><E77/><V134/><F134/><W42/><G37/><T72/><D72/><U15/><REACH who="1" step="1"/><E19/><REACH who="1" ten="427,207,59,287" step="2"/><V105/><F105/><W68/><G101/><T10/><D10/><U63/><AGARI ba="0,2" hai="0,2,8,13,15,17,18,20,54,59,63,84,89,92" machi="63" ten="20,7800,0" yaku="1,1,2,1,0,1,7,1,53,0" doraHai="102" doraHaiUra="41" who="1" fromWho="1" sc="427,-26,207,98,59,-26,287,-26" /><INIT seed="5,1,0,3,3,79" ten="401,305,33,261" oya="1" hai0="58,8,132,69,61,40,29,52,89,21,11,54,18" hai1="20,49,130,35,17,30,33,127,71,41,53,111,126" hai2="129,59,109,10,46,84,24,32,103,42,45,66,70" hai3="133,93,100,34,68,2,28,0,3,5,107,64,36"/><U92/><E71/><V50/><F109/><W121/><G121/><T72/><D72/><U94/><E111/><V74/><F74/><W62/><G93/><N who="1" m="35946" /><E41/><V75/><F75/><W120/><G120/><T85/><D69/><U57/><E30/><V80/><F129/><W1/><G133/><T135/><D29/><U99/><E99/><V56/><F103/><W23/><G23/><T60/><D40/><U95/><E130/><V14/><F46/><W44/><G44/><T39/><D39/><U4/><E4/><V96/><F96/><N who="3" m="61831" /><G36/><T131/><D131/><U114/><E95/><V12/><F12/><W117/><G117/><T118/><D118/><U67/><E67/><V55/><F24/><N who="3" m="18695" /><G3/><T90/><D85/><U13/><E114/><V48/><F32/><W113/><G113/><T83/><D21/><U98/><E98/><V119/><F119/><W76/><G76/><T110/><D110/><U106/><E106/><V22/><F66/><W27/><G27/><T97/><D97/><U26/><E26/><V63/><F70/><W15/><G15/><T25/><D25/><U128/><E128/><V102/><F102/><W43/><G43/><T78/><D135/><U7/><E7/><AGARI ba="1,0" hai="0,1,2,5,7,62,64,68" m="18695,61831" machi="7" ten="30,1000,0" yaku="25,1" doraHai="79" who="3" fromWho="1" sc="401,0,305,-13,33,0,261,13" /><INIT seed="6,0,0,3,5,18" ten="401,292,33,274" oya="2" hai0="65,126,86,46,13,108,36,32,68,100,52,6,25" hai1="79,57,115,67,61,31,58,133,14,3,9,47,98" hai2="109,110,34,38,54,111,101,84,51,95,45,16,19" hai3="74,43,103,130,83,27,80,128,5,134,22,81,56"/><V135/><F135/><W87/><G134/><T104/><D108/><U53/><E133/><V96/><F38/><W69/><G69/><T107/><D126/><U64/><E115/><V75/><F75/><W2/><G74/><T15/><D86/><U50/><E3/><V102/><F34/><W40/><G103/><T132/><D132/><U88/><E79/><V119/><F119/><W90/><G56/><T11/><D13/><U106/><E31/><V131/><F131/><N who="3" m="50219" /><G5/><T12/><D12/><U8/><E106/><V20/><F84/><W7/><G7/><T114/><D114/><U121/><E121/><V85/><F85/><W72/><G2/><T26/><D100/><U99/><E8/><V78/><F78/><N who="3" m="44231" /><G80/><T123/><D123/><U76/><E88/><N who="2" m="55399" /><F19/><AGARI ba="0,0" hai="19,22,27,40,43,83,87,90" m="44231,50219" machi="19" ten="30,2000,0" yaku="19,1,52,1" doraHai="18" who="3" fromWho="2" sc="401,0,292,0,33,-20,274,20" /><INIT seed="7,0,0,4,2,5" ten="401,292,13,294" oya="3" hai0="85,9,17,114,57,68,23,109,78,4,73,69,51" hai1="82,21,84,121,120,74,52,131,19,2,86,89,72" hai2="48,81,117,42,60,43,28,123,105,76,33,14,45" hai3="29,94,11,129,101,67,135,16,133,32,59,24,31"/><W22/><G129/><T58/><D109/><U122/><E2/><V83/><F105/><W1/><G67/><T12/><D73/><U112/><E131/><V49/><F117/><W35/><G59/><T104/><D104/><U128/><E128/><V130/><F130/><W132/><G94/><T125/><D125/><U34/><E34/><N who="3" m="12842" /><G101/><T56/><D114/><U95/><E112/><V80/><F123/><W8/><G1/><T54/><D68/><U127/><E52/><V70/><F33/><N who="3" m="20647" /><G31/><T99/><D69/><U27/><REACH who="1" step="1"/><E127/><REACH who="1" ten="401,282,13,294" step="2"/><V53/><F53/><W92/><G92/><T66/><D66/><U26/><E26/><AGARI ba="0,1" hai="8,11,16,22,26,132,133,135" m="20647,12842" machi="26" ten="40,18000,2" yaku="20,1,34,2,52,2,54,1" doraHai="5" who="3" fromWho="1" sc="401,0,282,-180,13,0,294,190" owari="401,20.0,102,-30.0,13,-49.0,484,59.0" /></mjloggm>