<mjloggm ver="2.3"><GO type="169" lobby="0"/><UN n0="%6D%75%6B%69%74%74%69" n1="%E2%80%BB%34%33%33%E2%80%BB" n2="%E3%81%97%E3%82%85%E3%81%86%E3%83%BC%E3%80%82" n3="%E3%82%A6%E3%83%AB%E3%83%88%E3%83%A9%E7%AB%8B%E7%9B%B4" dan="17,16,18,17" rate="2112.56,2085.71,2216.24,2220.54" sx="M,M,M,M"/><TAIKYOKU oya="0"/><INIT seed="0,0,0,3,0,84" ten="250,250,250,250" oya="0" hai0="36,97,126,14,73,85,28,83,107,35,5,8,99" hai1="79,106,29,105,1,128,90,40,134,78,52,54,37" hai2="41,77,135,116,13,44,95,119,23,129,132,80,63" hai3="56,12,89,69,131,59,3,46,111,92,7,103,31"/><T101/><D126/><U130/><E1/><V32/><F32/><W11/><G69/><T108/><D36/><U81/><E29/><V120/><F23/><W34/><G111/><T104/><D108/><U72/><E134/><N who="2" m="51243" /><F13/><W133/><G133/><T75/><D28/><U118/><E118/><N who="2" m="45099" /><F63/><W122/><G122/><T33/><D35/><U86/><E79/><V24/><F24/><W76/><G76/><T19/><D33/><U30/><E30/><V17/><F17/><W25/><G131/><N who="1" m="50218" /><E40/><V110/><F44/><W51/><G103/><T96/><D5/><U2/><E2/><V0/><F41/><W62/><G62/><T47/><D47/><U93/><E37/><V57/><F57/><W18/><G51/><T22/><D8/><U91/><E54/><V61/><F61/><W43/><G43/><T125/><D125/><U21/><E21/><V27/><F27/><W15/><G15/><T113/><D113/><U67/><E52/><V16/><F16/><W20/><REACH who="3" step="1"/><G46/><REACH who="3" ten="250,250,250,240" step="2"/><T88/><REACH who="0" step="1"/><D101/><REACH who="0" ten="240,250,250,240" step="2"/><U38/><E38/><V55/><F129/><W6/><G6/><T26/><D26/><U127/><E127/><V48/><F110/><W70/><G70/><T50/><D50/><U53/><E67/><V42/><F48/><W74/><G74/><AGARI ba="0,2" hai="14,19,22,73,74,75,83,85,88,96,97,99,104,107" machi="74" ten="40,7700,0" yaku="1,1,52,1,54,1,53,0" doraHai="84" doraHaiUra="68" who="0" fromWho="3" sc="240,97,250,0,250,0,240,-77" /><INIT seed="0,1,0,1,4,81" ten="337,250,250,163" oya="0" hai0="35,108,2,95,24,48,25,33,125,26,78,77,42" hai1="20,22,32,63,126,94,67,52,102,1,5,47,89" hai2="15,90,87,76,124,119,111,123,45,115,55,68,120" hai3="59,61,92,103,127,106,74,113,80,86,98,107,97"/><T53/><D2/><U109/><E32/><V36/><F115/><W133/><G113/><T3/><D3/><U64/><E126/><V50/><F124/><W73/><G127/><T121/><D125/><U91/><E109/><V132/><F111/><W16/><G133/><T34/><D108/><U117/><E117/><V129/><F132/><W51/><G51/><T58/><D121/><U70/><E67/><V38/><F119/><W112/><G112/><T99/><REACH who="0" step="1"/><D42/><REACH who="0" ten="327,250,250,163" step="2"/><U93/><E1/><V43/><F123/><W118/><G118/><T72/><D72/><U75/><E75/><V23/><F120/><W71/><G74/><T11/><D11/><U131/><E131/><V41/><F129/><W8/><G73/><T19/><D19/><U56/><E5/><V105/><F43/><W37/><G8/><T88/><AGARI ba="1,1" hai="24,25,26,33,34,35,48,53,58,77,78,88,95,99" machi="88" ten="40,7800,0" yaku="1,1,0,1,54,1,53,0" doraHai="81" doraHaiUra="100" who="0" fromWho="0" sc="327,91,250,-27,250,-27,163,-27" /><INIT seed="0,2,0,0,4,5" ten="418,223,223,136" oya="0" hai0="131,73,62,83,109,30,34,93,126,31,86,40,44" hai1="57,107,14,82,28,65,125,120,123,105,53,2,56" hai2="132,104,59,18,10,15,102,87,108,90,127,9,128" hai3="52,43,48,116,64,13,68,41,98,74,122,51,49"/><T100/><D126/><U35/><E125/><V3/><F127/><W81/><G74/><T0/><D131/><U29/><E2/><V7/><F128/><W36/><G81/><T71/><D0/><U111/><E111/><V94/><F108/><W129/><G98/><T46/><D109/><U76/><E14/><V130/><F130/><W69/><G13/><T63/><D73/><U33/><E82/><V114/><F132/><W20/><G20/><T97/><D34/><U60/><E76/><V117/><F117/><W42/><G129/><T91/><D46/><U75/><E75/><V66/><F114/><W32/><G32/><T121/><D121/><U85/><E85/><V133/><F133/><W134/><G134/><T55/><D71/><N who="3" m="27209" /><G116/><T96/><D96/><U24/><E123/><V26/><F26/><W27/><G27/><T11/><D11/><U54/><E24/><V78/><F78/><W38/><G122/><T22/><D22/><U119/><E120/><V110/><F110/><W124/><G124/><T118/><D118/><U17/><E119/><V16/><F102/><W1/><G1/><T106/><D106/><U61/><E17/><V103/><F103/><W80/><G80/><T37/><D63/><U4/><E4/><V79/><F79/><W112/><G112/><T25/><D25/><U23/><E23/><V95/><F104/><W77/><G77/><T58/><AGARI ba="2,0" hai="30,31,37,40,44,55,58,62,83,86,91,93,97,100" machi="58" ten="30,1500,0" yaku="0,1" doraHai="5" who="0" fromWho="0" sc="418,21,223,-7,223,-7,136,-7" /><INIT seed="0,3,0,2,2,100" ten="439,216,216,129" oya="0" hai0="92,28,122,3,94,47,84,101,76,135,81,44,59" hai1="116,21,39,78,12,15,63,103,18,33,36,17,73" hai2="52,68,60,2,51,16,4,32,26,83,129,95,31" hai3="37,0,40,72,5,97,124,91,113,87,128,125,104"/><T88/><D122/><U20/><E116/><V127/><F127/><N who="3" m="48715" /><G5/><T70/><D70/><U123/><E33/><V131/><F2/><W22/><G0/><T110/><D3/><U99/><E123/><V25/><F4/><W45/><G72/><T34/><D135/><U48/><E63/><V1/><F1/><W85/><G113/><T56/><D110/><U10/><E48/><V126/><F126/><W89/><G128/><N who="2" m="49225" /><F83/><N who="3" m="49343" /><G22/><T132/><D132/><U120/><E120/><V55/><F95/><N who="3" m="56575" /><G87/><N who="0" m="48551" /><D34/><U13/><E73/><V23/><F51/><W96/><G96/><N who="0" m="59527" /><D28/><U19/><REACH who="1" step="1"/><E78/><REACH who="1" ten="439,206,216,129" step="2"/><V117/><F117/><W98/><G98/><T35/><D35/><U8/><E8/><V133/><F133/><W115/><G115/><T80/><D80/><U86/><E86/><V29/><F60/><W108/><G108/><T46/><AGARI ba="3,1" hai="44,46,47,56,59,84,88,94" m="59527,48551" machi="46" ten="30,3000,0" yaku="8,1,54,1" doraHai="100" who="0" fromWho="0" sc="439,49,206,-13,216,-13,129,-13" /><INIT seed="0,4,0,2,2,109" ten="488,193,203,116" oya="0" hai0="123,117,131,14,17,94,124,61,135,134,115,35,97" hai1="119,34,2,4,108,1,113,55,11,28,100,86,48" hai2="52,122,89,132,75,126,93,19,67,60,106,121,39" hai3="49,103,57,6,125,88,84,112,116,71,58,8,38"/><T23/><D117/><U85/><E108/><V118/><F118/><W111/><G38/><T47/><D123/><U128/><E119/><V51/><F39/><W56/><G111/><T5/><D35/><U42/><E2/><V120/><F106/><W96/><G71/><T76/><D124/><U74/><E74/><V82/><F126/><W98/><G116/><T130/><D76/><U78/><E128/><N who="0" m="49193" /><D5/><U29/><E78/><V43/><F132/><N who="0" m="50730" /><D47/><U80/><E34/><V92/><F43/><W15/><G125/><T7/><D7/><U9/><E42/><V31/><F31/><W114/><G49/><T95/><D115/><U22/><E28/><V70/><F19/><W73/><G73/><T24/><D61/><U65/><E29/><V37/><F37/><W33/><G33/><T45/><D45/><U27/><E4/><V41/><F41/><W0/><G0/><T81/><D81/><U69/><E1/><V54/><F51/><W90/><G114/><T36/><D36/><U64/><E48/><V3/><F3/><W83/><G112/><T59/><D59/><U104/><E69/><V107/><F75/><W77/><REACH who="3" step="1"/><G98/><REACH who="3" ten="488,193,203,106" step="2"/><T68/><D68/><U18/><E113/><V50/><F70/><W72/><G72/><T16/><D97/><U91/><E86/><N who="2" m="50391" /><F50/><W53/><G53/><T30/><D30/><U87/><E55/><N who="2" m="21035" /><F67/><N who="1" m="25673" /><E87/><V62/><F62/><W102/><G102/><T25/><D25/><U44/><E44/><V110/><F60/><W13/><G13/><T79/><D79/><U101/><E100/><V21/><F110/><W133/><G133/><RYUUKYOKU ba="4,1" sc="488,10,193,10,203,-30,106,10" hai0="14,16,17,23,24,94,95" hai1="9,11,18,22,27,80,85,91,101,104" hai3="6,8,15,56,57,58,77,83,84,88,90,96,103" /><INIT seed="0,5,1,0,2,56" ten="498,203,173,116" oya="0" hai0="99,97,48,28,120,25,72,73,60,79,7,81,74" hai1="59,21,19,122,135,1,82,76,109,106,100,26,45" hai2="38,53,96,77,115,29,64,134,55,18,50,52,27" hai3="69,57,124,110,67,71,95,113,34,58,84,104,108"/><T111/><D120/><U132/><E122/><V127/><F115/><W32/><G104/><T47/><D7/><U36/><E1/><V63/><F38/><W130/><G113/><T98/><D60/><U54/><E109/><N who="3" m="42090" /><G130/><T85/><D111/><U61/><E106/><V44/><F134/><N who="1" m="51241" /><E100/><V31/><F127/><W39/><G39/><T117/><D117/><U83/><E76/><V51/><F77/><W102/><G124/><T35/><REACH who="0" step="1"/><D74/><REACH who="0" ten="488,203,173,116" step="2"/><U68/><E68/><V49/><F44/><W65/><G71/><T128/><D128/><U119/><E119/><V41/><F41/><AGARI ba="5,2" hai="25,28,35,41,47,48,72,73,79,81,85,97,98,99" machi="41" ten="40,2000,0" yaku="1,1,53,0" doraHai="56" doraHaiUra="90" who="0" fromWho="2" sc="488,55,203,0,173,-35,116,0" /><AGARI ba="5,0" hai="19,21,26,36,41,45,54,59,61,82,83" m="51241" machi="41" ten="30,2000,0" yaku="20,1,52,1" doraHai="56" who="1" fromWho="2" sc="543,0,203,20,138,-20,116,0" /><INIT seed="0,6,0,3,5,79" ten="543,223,118,116" oya="0" hai0="53,120,99,1,71,135,116,51,6,114,110,22,126" hai1="4,117,36,41,56,118,5,27,59,106,91,102,57" hai2="33,123,92,16,37,39,42,31,48,105,69,98,93" hai3="130,65,109,8,26,43,21,77,90,49,60,47,122"/><T115/><D116/><U81/><E27/><V132/><F123/><W20/><G122/><T87/><D120/><U84/><E106/><V52/><F105/><W55/><G109/><T88/><D71/><U134/><E102/><V85/><F69/><W96/><G130/><T0/><D110/><U68/><E68/><V129/><F129/><W70/><G77/><T34/><D34/><U50/><E134/><V10/><F132/><W97/><G8/><T40/><D135/><U89/><E36/><V58/><F33/><W112/><G112/><T61/><D126/><U17/><E17/><V28/><F39/><W12/><G90/><T19/><D40/><U108/><E108/><V80/><F42/><W46/><G12/><T66/><D99/><U3/><E3/><V67/><F67/><W86/><G86/><T121/><D121/><U44/><REACH who="1" step="1"/><E91/><REACH who="1" ten="543,213,118,116" step="2"/><N who="2" m="51623" /><F37/><W76/><G70/><T125/><D1/><U32/><E32/><V7/><F7/><AGARI ba="6,1" hai="4,5,7,41,44,50,56,57,59,81,84,89,117,118" machi="7" ten="40,2600,0" yaku="1,1,52,1,53,0" doraHai="79" doraHaiUra="74" who="1" fromWho="2" sc="543,0,213,54,118,-44,116,0" /><INIT seed="1,0,0,5,2,39" ten="543,267,74,116" oya="1" hai0="45,10,124,2,100,50,95,79,125,103,40,33,67" hai1="91,112,121,62,43,47,81,120,61,16,122,11,24" hai2="101,8,127,88,129,41,46,89,71,56,1,26,108" hai3="132,73,86,34,113,66,128,57,87,118,83,76,17"/><U77/><E112/><V38/><F71/><W116/><G34/><T69/><D33/><U31/><E91/><V94/><F108/><W80/><G113/><T92/><D79/><U55/><E55/><V97/><F129/><W90/><G128/><T23/><D23/><U119/><E119/><N who="3" m="45610" /><G17/><T48/><D48/><U96/><E96/><V54/><F127/><N who="0" m="48714" /><D67/><U18/><E11/><V130/><F130/><W13/><G13/><T114/><D69/><U65/><E62/><V44/><F44/><W29/><G29/><T25/><D25/><U7/><E7/><V49/><REACH who="2" step="1"/><F26/><REACH who="2" ten="543,267,64,116" step="2"/><W63/><G132/><T58/><D114/><U15/><E24/><V134/><F134/><W85/><AGARI ba="0,1" hai="57,63,66,73,76,80,83,85,86,87,90" m="45610" machi="85" ten="30,1100,0" yaku="12,1" doraHai="39" who="3" fromWho="3" sc="543,-3,267,-5,64,-3,116,21" /><INIT seed="2,0,0,3,3,46" ten="540,262,61,137" oya="2" hai0="2,4,22,80,30,85,37,131,88,97,115,89,116" hai1="99,7,53,95,68,81,5,28,121,42,90,23,55" hai2="102,79,78,60,56,106,77,130,38,86,45,59,65" hai3="104,132,71,14,128,98,18,101,91,129,73,26,36"/><V43/><F130/><N who="3" m="50283" /><G36/><T124/><D131/><U27/><E68/><V123/><F123/><W118/><G118/><T94/><D115/><U29/><E121/><V58/><REACH who="2" step="1"/><F86/><REACH who="2" ten="540,262,51,137" step="2"/><W52/><G73/><T114/><D85/><N who="1" m="50479" /><E42/><V100/><F100/><W41/><G41/><T76/><D116/><U34/><E34/><V20/><F20/><W64/><G101/><T66/><D22/><U54/><E29/><V6/><F6/><W109/><G132/><T111/><D4/><U126/><E126/><V35/><F35/><W125/><G125/><T62/><D30/><U25/><E25/><V9/><F9/><W96/><G26/><T75/><D124/><U40/><E40/><V93/><F93/><W92/><G92/><T47/><D94/><U83/><E83/><V120/><F120/><W69/><G104/><T49/><D80/><U122/><E122/><V82/><F82/><W112/><G112/><T19/><D114/><U8/><E8/><V67/><F67/><W107/><G64/><T84/><D66/><U119/><E119/><V48/><F48/><W135/><G135/><T17/><D49/><U74/><E74/><V105/><F105/><W110/><G107/><T1/><D75/><U32/><E32/><V0/><F0/><W51/><G51/><T15/><D2/><U87/><E87/><V44/><F44/><W3/><G3/><T133/><D47/><U113/><E113/><V13/><F13/><W72/><G14/><T33/><D15/><U24/><E24/><V57/><F57/><W134/><G134/><T127/><D133/><U117/><E117/><RYUUKYOKU ba="0,1" sc="540,-15,262,15,51,15,137,-15" hai1="5,7,23,27,28,53,54,55,95,99" hai2="38,43,45,56,58,59,60,65,77,78,79,102,106" /><INIT seed="2,1,1,0,2,119" ten="525,277,66,122" oya="2" hai0="108,45,87,59,109,29,64,23,28,100,111,123,9" hai1="101,73,40,86,51,61,55,38,1,116,6,128,97" hai2="84,92,105,112,34,110,130,21,35,124,36,132,50" hai3="48,118,49,53,114,0,103,107,4,69,22,39,12"/><V52/><F112/><W46/><G114/><T65/><D123/><U63/><E73/><V3/><F105/><W88/><G39/><T43/><D100/><U33/><E116/><V134/><F36/><W27/><G69/><T41/><D9/><U47/><E128/><V113/><F113/><W79/><G79/><T81/><D43/><U133/><E33/><V75/><F75/><W99/><G0/><T56/><D56/><U5/><E133/><N who="2" m="51307" /><F130/><W13/><G118/><T106/><D106/><U121/><E121/><V32/><F3/><W70/><G70/><T90/><D59/><U26/><E1/><V131/><F131/><W71/><G71/><T77/><D77/><U37/><E37/><V82/><F92/><W58/><G4/><T42/><D42/><U18/><E86/><V24/><F124/><W16/><REACH who="3" step="1"/><G88/><REACH who="3" ten="525,277,66,112" step="2"/><T72/><D90/><U57/><E5/><V25/><F110/><W67/><G67/><T93/><D65/><U129/><E6/><V135/><N who="2" m="51315" /><V20/><DORA hai="44" /><F25/><W62/><G62/><T98/><D111/><U15/><E129/><V89/><F24/><W125/><G125/><T120/><D109/><U54/><E26/><V94/><F82/><W68/><G68/><T78/><D81/><U76/><E76/><V11/><F11/><W83/><G83/><T126/><D78/><U14/><E38/><V30/><F30/><W80/><G80/><T104/><D29/><U60/><E60/><V115/><F115/><W95/><G95/><T74/><D93/><N who="1" m="58543" /><E61/><V7/><F7/><W10/><G10/><T2/><D126/><RYUUKYOKU ba="1,2" sc="525,-15,277,-15,66,15,112,15" hai2="20,21,32,34,35,50,52,84,89,94" hai3="12,13,16,22,27,46,48,49,53,58,99,103,107" /><INIT seed="2,2,2,3,0,109" ten="510,262,81,127" oya="2" hai0="115,21,110,13,43,117,90,25,31,56,86,50,28" hai1="76,10,91,55,47,88,23,57,98,68,94,18,101" hai2="38,27,121,30,39,35,65,8,36,85,64,112,125" hai3="119,116,3,22,130,126,74,123,106,82,79,96,0"/><V19/><F121/><W14/><G14/><T40/><D115/><U73/><E68/><V104/><F104/><W9/><G22/><T63/><D110/><U107/><E47/><V42/><F42/><W93/><G9/><T37/><D37/><U87/><E10/><V49/><F125/><W16/><G16/><T128/><D128/><U6/><E6/><V132/><F132/><W51/><G51/><T122/><D122/><U92/><E73/><V105/><F105/><W44/><G44/><T29/><D117/><U61/><E76/><V77/><F49/><W131/><G123/><T32/><D32/><U59/><E59/><V60/><F112/><W24/><G24/><T45/><D13/><U95/><E91/><V84/><F77/><W89/><G126/><T34/><D43/><U33/><E33/><V7/><F19/><W81/><G81/><N who="0" m="49487" /><D34/><U108/><E108/><V53/><F53/><AGARI ba="2,2" hai="21,25,28,29,31,40,45,50,53,56,63" m="49487" machi="53" ten="30,1000,0" yaku="8,1" doraHai="109" who="0" fromWho="2" sc="510,36,262,0,81,-16,127,0" /><INIT seed="3,0,0,4,0,70" ten="546,262,65,127" oya="3" hai0="69,117,13,14,16,94,40,129,64,66,76,90,133" hai1="50,114,65,28,135,2,9,37,58,22,111,104,132" hai2="109,68,116,35,126,47,101,119,23,86,72,32,128" hai3="52,127,121,77,107,44,103,105,110,80,61,106,38"/><W4/><G121/><T20/><D117/><U29/><E104/><V98/><F72/><W71/><G127/><T3/><D3/><U73/><E73/><V89/><F126/><W1/><G110/><T131/><D76/><U60/><E111/><V134/><F109/><W15/><G15/><T83/><D83/><U24/><E114/><V8/><F68/><W30/><G30/><T79/><D79/><U87/><E87/><V92/><F134/><W36/><G103/><T102/><D102/><U82/><E82/><V100/><F100/><W33/><G33/><T26/><D40/><U11/><E29/><V0/><F128/><N who="0" m="49226" /><D133/><N who="1" m="51275" /><E2/><V88/><F89/><W84/><G71/><T51/><D51/><U113/><E113/><V46/><F23/><W34/><G34/><T53/><D53/><N who="1" m="32055" /><E37/><V112/><F112/><W12/><G1/><T85/><D14/><U74/><E74/><V21/><F35/><W10/><REACH who="3" step="1"/><G44/><REACH who="3" ten="546,262,65,117" step="2"/><T41/><D13/><U81/><E28/><V6/><F32/><W122/><G122/><T55/><D69/><U56/><E9/><V67/><F119/><W17/><G17/><T78/><D16/><N who="1" m="12359" /><E11/><V59/><F116/><W19/><G19/><T93/><D26/><U123/><E123/><V43/><F21/><W91/><G91/><T31/><D20/><U115/><E115/><V48/><F46/><W5/><G5/><T54/><D90/><U25/><E25/><V45/><F45/><W99/><G99/><T49/><D78/><U96/><E96/><V75/><F98/><W7/><G7/><T39/><D31/><U42/><E42/><RYUUKYOKU ba="0,1" sc="546,-15,262,15,65,-15,117,15" hai1="56,60,65,81" hai3="4,10,12,36,38,52,61,77,80,84,105,106,107" /><INIT seed="3,1,1,3,0,63" ten="531,277,50,132" oya="3" hai0="122,95,2,103,91,101,23,98,117,0,114,73,109" hai1="19,41,76,116,80,16,68,123,46,38,36,10,97" hai2="127,128,45,106,15,65,133,87,135,6,17,48,83" hai3="129,5,113,77,33,85,28,3,59,7,32,120,47"/><W121/><G59/><T70/><D117/><U29/><E123/><V54/><F106/><W49/><G77/><T13/><D73/><U67/><E38/><V12/><F6/><W88/><G113/><T89/><D122/><U40/><E40/><V105/><F105/><W30/><G85/><T37/><D37/><U96/><E29/><V93/><F93/><W4/><G49/><T126/><D70/><U134/><E134/><N who="2" m="51211" /><F127/><W84/><G5/><T124/><D109/><U26/><E116/><V66/><F128/><W110/><G84/><T75/><D75/><U42/><E42/><V1/><F1/><N who="0" m="618" /><D103/><U82/><E82/><V130/><F130/><W111/><G3/><T43/><D43/><U115/><E115/><V131/><F131/><W74/><G129/><T35/><D35/><U100/><E100/><V112/><F112/><W25/><G74/><T104/><D104/><U132/><E132/><V53/><F53/><W56/><G121/><T125/><D114/><U108/><E108/><V31/><F31/><W57/><G120/><T92/><D92/><U78/><E78/><N who="2" m="46583" /><F15/><W14/><G14/><T86/><D86/><U8/><E76/><V50/><F48/><W64/><G88/><T34/><D34/><U18/><E80/><V51/><F50/><W71/><G25/><T118/><D118/><U39/><E26/><V60/><F60/><W72/><G72/><T61/><D61/><N who="1" m="40047" /><E39/><V20/><AGARI ba="1,1" hai="12,17,20,45,51,54,65,66" m="46583,51211" machi="20" ten="30,4000,0" yaku="20,1,52,2" doraHai="63" who="2" fromWho="2" sc="531,-11,277,-11,50,53,132,-21" /><INIT seed="4,0,0,0,2,110" ten="520,266,103,111" oya="0" hai0="100,87,57,78,83,51,18,72,32,84,95,48,70" hai1="135,67,3,89,132,69,74,16,1,28,9,114,63" hai2="105,46,97,2,24,112,54,26,30,130,129,39,33" hai3="134,22,59,125,25,109,61,116,42,65,79,38,104"/><T98/><D70/><U15/><E74/><V128/><F24/><W55/><G109/><T82/><D32/><U126/><E126/><V44/><F2/><W47/><G116/><T118/><D118/><U62/><E28/><V127/><F127/><W86/><G125/><T37/><D37/><U49/><E62/><V107/><F54/><W115/><G104/><N who="2" m="40009" /><F97/><W122/><G134/><N who="1" m="51242" /><E49/><V21/><F21/><W41/><G122/><T34/><D34/><U91/><E114/><V124/><F124/><W50/><G115/><T103/><D72/><U40/><E40/><N who="2" m="22559" /><F46/><W12/><G12/><T53/><D18/><U4/><E1/><V31/><F30/><W20/><G38/><T80/><D103/><U75/><E75/><V77/><F77/><W11/><G11/><AGARI ba="0,0" hai="3,4,9,11,15,16,63,67,69,89,91" m="51242" machi="11" ten="30,2000,0" yaku="20,1,54,1" doraHai="110" who="1" fromWho="3" sc="520,0,266,20,103,0,111,-20" /><INIT seed="5,0,0,4,0,57" ten="520,286,103,91" oya="1" hai0="101,79,118,13,66,117,12,65,78,24,8,81,88" hai1="111,92,112,58,27,89,129,60,33,105,36,47,5" hai2="14,20,69,26,93,3,51,48,30,63,40,68,91" hai3="28,97,122,126,133,35,98,59,19,34,43,110,11"/><U134/><E105/><V71/><F3/><W67/><G110/><T52/><D101/><U104/><E104/><V87/><F40/><W50/><G122/><T17/><D118/><U115/><E111/><V25/><F14/><N who="3" m="7647" /><G34/><T100/><D100/><U72/><E72/><V108/><F108/><W80/><G35/><T114/><D114/><U113/><E134/><V9/><F9/><W62/><G133/><T116/><D116/><U84/><E129/><V74/><F74/><W53/><G126/><T32/><D117/><U96/><E5/><V106/><F106/><W41/><G28/><T46/><D32/><U0/><E0/><V55/><REACH who="2" step="1"/><F26/><REACH who="2" ten="520,286,93,91" step="2"/><W131/><G131/><T121/><D24/><U109/><E109/><V95/><F95/><W70/><G80/><T1/><D13/><U42/><E27/><V10/><F10/><W124/><G124/><T64/><D1/><U75/><E75/><V45/><F45/><W77/><G41/><T49/><D121/><U44/><E44/><V18/><F18/><W135/><G135/><T90/><D78/><U132/><E132/><V29/><F29/><W127/><G127/><T61/><D79/><U82/><E33/><V39/><F39/><W16/><G77/><T6/><D8/><U103/><E113/><V38/><F38/><W125/><G125/><T7/><D12/><U54/><AGARI ba="0,1" hai="36,42,47,54,58,60,82,84,89,92,96,103,112,115" machi="54" ten="30,3000,0" yaku="0,1,52,1" doraHai="57" who="1" fromWho="1" sc="520,-10,286,40,93,-10,91,-10" /><INIT seed="5,1,0,2,4,45" ten="510,326,83,81" oya="1" hai0="44,116,115,52,38,106,64,51,107,46,0,35,29" hai1="99,67,77,58,62,87,91,71,7,92,120,119,82" hai2="110,34,69,125,66,114,15,80,132,70,68,97,59" hai3="126,4,23,103,129,128,18,130,96,83,47,133,104"/><U19/><E119/><V94/><F34/><W1/><G1/><T88/><D116/><U109/><E120/><V135/><F80/><W5/><G126/><T25/><D0/><U9/><E109/><V85/><F85/><W6/><G83/><T61/><D115/><U11/><E71/><V40/><F15/><W102/><G102/><T37/><D88/><U33/><E33/><V24/><F24/><W50/><G133/><N who="2" m="51273" /><F110/><W8/><G8/><T84/><D84/><U75/><E19/><V117/><F117/><W14/><REACH who="3" step="1"/><G5/><REACH who="3" ten="510,326,83,71" step="2"/><T108/><D108/><U32/><E7/><V78/><F125/><W12/><G12/><T48/><D107/><U31/><E9/><V42/><F114/><W17/><G17/><T55/><D106/><U63/><E11/><V28/><F28/><W81/><G81/><T30/><D30/><U95/><E82/><V13/><F13/><W93/><G93/><T27/><D27/><U57/><E92/><V39/><F78/><W100/><G100/><T16/><D16/><U86/><E77/><V127/><F127/><W73/><G73/><T56/><AGARI ba="1,1" hai="25,29,35,37,38,44,46,48,51,52,55,56,61,64" machi="56" ten="20,12000,2" yaku="0,1,7,1,9,1,52,2,54,1" doraHai="45" who="0" fromWho="0" sc="510,133,326,-61,83,-31,71,-31" /><INIT seed="6,0,0,0,5,119" ten="643,265,52,40" oya="2" hai0="83,109,70,55,114,2,133,102,105,100,44,14,104" hai1="9,91,88,65,117,10,87,19,67,36,48,30,7" hai2="42,128,5,3,52,15,108,84,129,61,107,82,13" hai3="47,96,121,31,132,90,24,40,92,54,89,113,8"/><V33/><F33/><W101/><G132/><T79/><D2/><U85/><E36/><V38/><F107/><W12/><G113/><T58/><D109/><U34/><E34/><V23/><F108/><W18/><G54/><T75/><D70/><U130/><E30/><V11/><F42/><W115/><G115/><T103/><D114/><U25/><E130/><N who="2" m="50283" /><F23/><W4/><G4/><T76/><D76/><U98/><E25/><V37/><F15/><W45/><G121/><T17/><D44/><U112/><E112/><V68/><F3/><W95/><G40/><T50/><REACH who="0" step="1"/><D133/><REACH who="0" ten="633,265,52,40" step="2"/><U51/><E117/><V26/><F68/><W66/><G47/><T29/><D29/><U94/><E19/><V93/><F5/><W123/><G45/><T124/><D124/><U97/><E94/><V118/><F93/><W27/><G31/><T134/><D134/><U110/><E7/><V39/><F118/><W120/><G95/><T106/><D106/><U125/><E110/><V111/><F111/><W32/><G92/><T86/><D86/><U63/><E63/><V80/><F84/><W131/><G131/><T60/><D60/><U116/><E116/><V64/><F61/><W46/><G18/><T49/><D49/><U62/><E62/><V127/><F127/><AGARI ba="0,1" hai="9,10,48,51,65,67,85,87,88,91,97,98,125,127" machi="127" ten="25,3200,0" yaku="22,2,54,1" doraHai="119" who="1" fromWho="2" sc="633,0,265,42,52,-32,40,0" /><INIT seed="7,0,0,5,3,28" ten="633,307,20,40" oya="3" hai0="30,109,70,106,96,58,59,6,95,132,135,40,51" hai1="93,49,66,52,48,84,31,37,103,44,76,39,35" hai2="63,99,32,110,65,56,82,43,29,45,75,41,42" hai3="77,131,107,64,100,69,113,117,13,94,88,36,120"/><W62/><G117/><T87/><D109/><U68/><E76/><V1/><F110/><W54/><G120/><T14/><D70/><U79/><E79/><V15/><F1/><W61/><G36/><T5/><D106/><U121/><E35/><V23/><F75/><W126/><G77/><T114/><D87/><U24/><E68/><V25/><F82/><W81/><G81/><T34/><D114/><U129/><E66/><V21/><F99/><N who="3" m="61855" /><G113/><T18/><D6/><U108/><E49/><V89/><F89/><W27/><G13/><T133/><D5/><U101/><E52/><V127/><F127/><W10/><G10/><N who="0" m="6487" /><D51/><U33/><E48/><V74/><F74/><W46/><G126/><T91/><D40/><U111/><E44/><V123/><F123/><W118/><G118/><T50/><D50/><U83/><E121/><V85/><F85/><N who="3" m="52495" /><G46/><T2/><D2/><U134/><E83/><V98/><F98/><W11/><G131/><T53/><D53/><U128/><E128/><V115/><F115/><W7/><G54/><T122/><D122/><U125/><E129/><V78/><F78/><W80/><G80/><T102/><D102/><U71/><E103/><V19/><REACH who="2" step="1"/><F45/><REACH who="2" ten="633,307,10,40" step="2"/><W116/><G116/><T67/><D67/><U47/><E71/><V124/><F124/><W72/><G72/><T97/><D97/><U55/><E33/><AGARI ba="0,1" hai="15,19,21,23,25,29,32,33,41,42,43,56,63,65" machi="33" ten="40,5200,0" yaku="1,1,52,2,53,0" doraHai="28" doraHaiUra="105" who="2" fromWho="1" sc="633,0,307,-52,10,62,40,0" owari="633,73.0,255,6.0,72,-33.0,40,-46.0" /></mjloggm>