<mjloggm ver="2.3"><GO type="169" lobby="0"/><UN n0="%E3%81%8F%E3%82%8D%E3%81%AF%E3%81%A1" n1="%E4%B8%80%E6%9C%AC%E5%A0%B4" n2="%7A%65%52%6F" n3="%E5%B0%B1%E6%B4%BB%E7%94%9F%40%E5%B7%9D%E6%9D%91%E8%BB%8D%E5%9B%A3" dan="18,16,17,18" rate="2212.21,2158.66,2207.34,2236.28" sx="M,M,M,M"/><TAIKYOKU oya="0"/><INIT seed="0,0,0,2,3,1" ten="250,250,250,250" oya="0" hai0="122,104,54,75,96,52,119,69,72,32,33,18,120" hai1="132,42,36,66,35,111,101,14,81,9,49,10,110" hai2="56,91,114,6,88,126,15,134,84,87,77,103,92" hai3="106,128,116,11,5,39,102,112,45,127,40,90,95"/><T25/><D119/><U16/><E36/><V51/><F114/><W46/><G116/><T47/><D69/><U70/><E35/><V44/><F126/><W34/><G112/><T59/><D47/><N who="1" m="25847" /><E101/><V115/><F115/><W99/><G127/><T64/><D64/><U48/><E132/><V28/><F134/><W82/><G128/><T21/><D32/><U125/><E48/><V130/><F130/><W55/><G34/><T0/><D0/><U121/><E121/><V63/><F28/><W12/><G55/><T135/><D135/><U107/><E107/><V60/><F103/><W17/><G46/><T61/><D54/><U4/><E81/><N who="2" m="47151" /><F91/><W109/><G82/><T105/><D33/><U50/><E50/><V100/><F56/><W65/><G65/><T118/><D118/><U78/><E78/><V79/><F100/><W108/><REACH who="3" step="1"/><G17/><REACH who="3" ten="250,250,250,240" step="2"/><T29/><D18/><U8/><E125/><V98/><F44/><W85/><AGARI ba="0,1" hai="5,11,12,39,40,45,85,90,95,99,102,106,108,109" machi="85" ten="30,8000,1" yaku="1,1,2,1,0,1,52,1,53,1" doraHai="1" doraHaiUra="71" who="3" fromWho="3" sc="250,-40,250,-20,250,-20,240,90" /><INIT seed="1,0,0,2,5,11" ten="210,230,230,330" oya="1" hai0="9,31,96,7,116,39,123,124,0,110,36,55,126" hai1="91,128,37,29,87,62,32,47,10,67,82,51,117" hai2="53,8,56,107,78,134,43,111,89,61,28,80,6" hai3="66,113,18,70,93,109,44,104,59,25,26,46,3"/><U88/><E117/><V68/><F134/><W135/><G104/><T130/><D116/><U84/><E37/><V108/><F107/><W90/><G3/><T120/><D96/><U35/><E128/><V121/><F121/><N who="0" m="46666" /><D130/><U65/><E29/><V57/><F89/><W106/><G106/><T94/><D94/><U97/><E97/><V40/><F28/><W33/><G70/><T34/><D55/><U83/><E10/><V2/><F68/><W92/><G109/><N who="2" m="42057" /><F57/><W64/><G135/><T86/><D86/><AGARI ba="0,0" hai="2,6,8,40,43,53,56,61,78,80,86" m="42057" machi="86" ten="30,1000,0" yaku="14,1" doraHai="11" who="2" fromWho="0" sc="210,-10,230,0,230,10,330,0" /><INIT seed="2,0,0,0,2,44" ten="200,230,240,330" oya="2" hai0="32,107,93,91,88,133,114,120,61,41,26,102,40" hai1="50,33,62,25,106,30,89,17,66,59,2,95,24" hai2="132,105,11,0,43,19,52,119,83,39,71,5,7" hai3="45,130,65,78,31,34,55,49,8,15,47,72,73"/><V60/><F119/><W128/><G65/><T56/><D120/><U121/><E106/><V75/><F105/><W36/><G34/><T135/><D114/><U21/><E2/><V12/><F132/><N who="0" m="50762" /><D107/><U125/><E125/><V129/><F129/><N who="3" m="49771" /><G31/><N who="0" m="19575" /><D102/><U3/><E3/><V97/><F97/><W108/><G108/><T94/><D94/><U124/><E124/><V16/><F43/><N who="0" m="16458" /><D93/><U13/><E121/><V92/><F92/><W81/><G36/><T4/><D4/><U9/><E95/><V113/><F39/><W112/><G112/><T110/><D110/><U6/><E89/><V127/><F113/><W134/><G134/><T53/><AGARI ba="0,0" hai="53,56,61,88,91" m="16458,19575,50762" machi="53" ten="30,2000,0" yaku="20,1,54,1" doraHai="44" who="0" fromWho="0" sc="200,20,230,-5,240,-10,330,-5" /><INIT seed="3,0,0,0,2,35" ten="220,225,230,325" oya="3" hai0="28,54,12,82,81,49,17,29,117,57,11,85,15" hai1="67,103,8,18,127,121,87,125,16,98,33,74,126" hai2="26,43,123,118,66,40,27,37,30,99,59,20,107" hai3="122,79,56,110,24,13,64,48,95,53,106,7,119"/><W88/><G106/><T132/><D132/><U47/><E74/><V63/><F118/><W116/><G122/><T94/><D117/><U39/><E121/><V135/><F123/><W77/><G110/><T22/><D94/><U62/><E33/><V124/><F135/><W19/><G116/><T93/><D81/><U5/><E87/><V70/><F37/><W25/><G64/><T83/><D83/><U80/><E80/><V78/><F78/><N who="3" m="29707" /><G7/><T34/><D34/><U45/><E39/><V89/><F124/><W113/><G113/><T44/><D44/><U68/><E47/><V55/><F27/><W69/><G69/><T4/><D82/><U96/><E45/><V84/><F84/><N who="3" m="52615" /><G119/><T10/><D10/><AGARI ba="0,0" hai="10,13,19,24,25,48,53,56" m="52615,29707" machi="10" ten="30,2900,0" yaku="8,1,54,1" doraHai="35" who="3" fromWho="0" sc="220,-29,225,0,230,0,325,29" /><INIT seed="3,1,0,3,4,97" ten="191,225,230,354" oya="3" hai0="26,95,122,116,126,112,24,52,67,107,23,47,29" hai1="37,132,104,71,60,111,35,11,68,51,88,123,79" hai2="106,55,121,19,82,100,59,117,86,91,72,93,20" hai3="64,58,41,27,43,25,115,92,3,90,109,31,70"/><W15/><G3/><T44/><D107/><U80/><E37/><V17/><F117/><W84/><G70/><T75/><D122/><U61/><E35/><V78/><F121/><W129/><G115/><T2/><D116/><U134/><E104/><V30/><F30/><W53/><G129/><T18/><D112/><U128/><E111/><V33/><F33/><W5/><G64/><T94/><D75/><U74/><E128/><V22/><F22/><W42/><G109/><T114/><D114/><U103/><E103/><V85/><F85/><W98/><G31/><T96/><D126/><U69/><E123/><V7/><F7/><W66/><G66/><T77/><D77/><U12/><E51/><V40/><F40/><W0/><G0/><T57/><D67/><U49/><E49/><V99/><F20/><W45/><G45/><T56/><D2/><U81/><E81/><V36/><F36/><W48/><G84/><T83/><D83/><U102/><E102/><V8/><F8/><AGARI ba="1,0" hai="5,8,15,25,27,41,42,43,48,53,58,90,92,98" machi="8" ten="40,2000,0" yaku="8,1" doraHai="97" who="3" fromWho="2" sc="191,0,225,0,230,-23,354,23" /><INIT seed="3,2,0,0,3,2" ten="191,225,207,377" oya="3" hai0="83,95,71,59,108,79,17,55,23,33,30,60,25" hai1="37,61,32,117,27,96,103,52,81,46,106,4,22" hai2="91,123,9,105,36,58,85,87,99,92,15,109,57" hai3="131,134,42,53,72,84,13,115,49,98,28,19,69"/><W3/><G72/><T101/><D108/><U104/><E32/><V78/><F36/><W31/><G69/><T82/><D71/><U50/><E117/><V35/><F35/><W127/><G3/><T124/><D124/><U119/><E119/><V107/><F123/><W111/><G131/><T118/><D118/><U1/><E37/><V26/><F26/><W80/><G134/><T89/><D101/><U102/><E81/><V10/><F10/><W40/><G98/><T16/><D33/><U7/><E1/><V126/><F126/><W29/><G111/><T75/><REACH who="0" step="1"/><D82/><REACH who="0" ten="181,225,207,377" step="2"/><U0/><E103/><V62/><F109/><W48/><G127/><T39/><D39/><U122/><E122/><V125/><F125/><W68/><G68/><T93/><D93/><U74/><E106/><V77/><F107/><W24/><G115/><T73/><D73/><U86/><E74/><V70/><F70/><W8/><G24/><T11/><D11/><U56/><E86/><AGARI ba="2,1" hai="16,17,23,25,30,55,59,60,75,79,83,86,89,95" machi="86" ten="30,3900,0" yaku="1,1,7,1,54,1,53,0" doraHai="2" doraHaiUra="121" who="0" fromWho="1" sc="181,55,225,-45,207,0,377,0" /><INIT seed="4,0,0,0,5,121" ten="236,180,207,377" oya="0" hai0="133,103,110,24,52,92,16,134,20,96,71,123,85" hai1="77,5,109,28,113,105,6,126,25,2,0,56,132" hai2="72,41,53,86,50,99,91,114,89,79,3,118,66" hai3="70,32,78,14,94,15,104,38,44,111,80,30,128"/><T106/><D123/><U120/><E105/><V122/><F122/><W76/><G111/><T65/><D110/><U125/><E120/><V74/><F3/><N who="1" m="1065" /><E77/><V84/><F118/><W63/><G104/><T29/><D65/><U42/><E42/><V45/><F114/><W35/><G94/><T37/><D71/><U22/><E56/><V98/><F66/><W115/><G30/><T95/><D37/><U67/><E67/><V93/><F79/><W127/><G80/><T19/><D52/><U9/><E109/><V4/><F4/><N who="1" m="1641" /><E113/><V60/><F74/><W117/><G76/><T97/><D85/><U68/><E68/><V75/><F75/><W49/><G49/><T102/><D106/><U34/><E9/><V27/><F72/><W107/><G63/><T18/><AGARI ba="0,0" hai="16,18,19,20,24,29,92,95,96,97,102,103,133,134" machi="18" ten="30,6000,0" yaku="0,1,9,1,54,1" doraHai="121" who="0" fromWho="0" sc="236,60,180,-20,207,-20,377,-20" /><INIT seed="4,1,0,3,2,51" ten="296,160,187,357" oya="0" hai0="44,61,112,15,24,34,48,57,102,5,52,9,115" hai1="14,74,134,101,45,50,10,129,124,90,89,87,96" hai2="17,117,11,127,72,128,78,88,133,30,92,20,114" hai3="93,119,35,107,76,64,83,38,120,0,55,75,86"/><T40/><REACH who="0" step="1"/><D102/><REACH who="0" ten="286,160,187,357" step="2"/><U104/><E101/><V66/><F117/><W97/><G119/><T53/><D53/><U32/><E134/><V18/><F133/><W25/><G55/><T59/><D59/><U69/><E69/><V26/><F127/><W65/><G65/><T49/><D49/><U19/><E124/><V109/><F66/><W95/><G64/><T91/><D91/><U125/><E90/><V23/><F109/><W4/><G38/><T6/><D6/><U94/><E50/><V21/><F128/><W16/><G4/><T47/><D47/><U116/><E45/><V70/><F70/><W2/><G120/><T37/><D37/><U13/><E129/><V56/><F56/><W43/><G43/><T123/><D123/><U7/><E125/><V3/><F114/><W8/><G95/><T135/><D135/><U27/><E94/><V113/><F113/><W22/><G93/><T41/><D41/><U81/><E116/><V85/><F92/><W132/><G132/><T31/><AGARI ba="1,1" hai="5,9,15,24,31,34,40,44,48,52,57,61,112,115" machi="31" ten="30,12000,1" yaku="21,2,0,1,52,1,54,1,53,0" doraHai="51" doraHaiUra="77" who="0" fromWho="0" sc="286,133,160,-41,187,-41,357,-41" /><INIT seed="4,2,0,2,5,98" ten="419,119,146,316" oya="0" hai0="61,30,42,131,101,90,52,34,26,31,84,0,70" hai1="65,9,121,53,92,22,16,55,72,117,71,59,64" hai2="82,5,39,77,91,54,114,23,126,75,122,38,33" hai3="83,44,15,10,7,119,12,66,86,3,27,100,102"/><T49/><D0/><U25/><E72/><V60/><F33/><W58/><G119/><T29/><D131/><U41/><E121/><V120/><F120/><W14/><G27/><T93/><D42/><U108/><E108/><V94/><F122/><W80/><G80/><T76/><D76/><U87/><E117/><V6/><F126/><W104/><G104/><T21/><D34/><U18/><E41/><V74/><F74/><W109/><G109/><T69/><D101/><N who="3" m="39017" /><G3/><T20/><D20/><N who="1" m="13447" /><E9/><V110/><F110/><W35/><G44/><T62/><D69/><U8/><E8/><V107/><F107/><W96/><G96/><T112/><D112/><U81/><E92/><V19/><F114/><W128/><G128/><T78/><D78/><N who="1" m="46519" /><E71/><V123/><F123/><W50/><G35/><T48/><D48/><N who="1" m="31143" /><E55/><V45/><F39/><W106/><G106/><T37/><D37/><U113/><E113/><V1/><F1/><W97/><G97/><T116/><D116/><U127/><E127/><V103/><F38/><W63/><G50/><T13/><D13/><AGARI ba="2,0" hai="13,18,22,64,65" m="31143,46519,13447" machi="13" ten="30,2000,0" yaku="8,1,54,1" doraHai="98" who="1" fromWho="0" sc="419,-26,119,26,146,0,316,0" /><INIT seed="5,0,0,3,3,83" ten="393,145,146,316" oya="1" hai0="117,56,0,7,47,67,127,118,57,82,97,5,110" hai1="103,11,30,1,68,55,98,99,73,10,113,119,64" hai2="46,92,50,61,53,81,125,106,24,17,31,27,115" hai3="95,2,101,66,36,70,58,9,69,28,93,62,88"/><U59/><E119/><V122/><F106/><W132/><G36/><T86/><D110/><U105/><E73/><V21/><F122/><W41/><G41/><T134/><D47/><U60/><E113/><V112/><F125/><W108/><G108/><T111/><D111/><U63/><E30/><V16/><F92/><W135/><G28/><T35/><D35/><U34/><E1/><V72/><F61/><W40/><G40/><T76/><D127/><U89/><E34/><V51/><F51/><W124/><G124/><T29/><D29/><U65/><E99/><V78/><REACH who="2" step="1"/><F17/><REACH who="2" ten="393,145,136,316" step="2"/><W43/><G95/><T91/><D118/><U129/><E129/><V121/><F121/><W75/><G93/><T15/><D117/><U80/><REACH who="1" step="1"/><E65/><REACH who="1" ten="393,135,136,316" step="2"/><V74/><F74/><W3/><G66/><T133/><D67/><U131/><E131/><V18/><F18/><W45/><G75/><T120/><D120/><U49/><E49/><V104/><F104/><W25/><G132/><T71/><D134/><U6/><E6/><V114/><F114/><W4/><G4/><T19/><D133/><U130/><E130/><V32/><AGARI ba="0,2" hai="16,21,24,27,31,32,46,50,53,72,78,81,112,115" machi="32" ten="30,4000,0" yaku="1,1,0,1,54,1,53,0" doraHai="83" doraHaiUra="96" who="2" fromWho="2" sc="393,-10,135,-20,136,60,316,-10" /><INIT seed="6,0,0,0,1,119" ten="383,115,196,306" oya="2" hai0="45,84,76,44,63,31,118,109,88,14,92,121,73" hai1="120,0,106,65,132,115,17,29,32,8,48,114,111" hai2="28,124,104,103,60,3,99,105,11,9,78,39,19" hai3="15,82,5,95,43,133,2,7,110,90,34,80,107"/><V64/><F39/><W87/><G107/><T108/><D121/><U13/><E65/><V23/><F3/><W4/><G34/><T123/><D123/><U40/><E48/><V21/><F105/><W101/><G2/><T68/><D118/><U83/><E83/><N who="3" m="31786" /><G110/><T71/><D31/><U74/><E40/><V98/><F78/><W126/><G126/><T55/><D73/><U77/><E77/><V57/><F124/><W102/><G133/><T93/><D76/><U46/><E46/><V116/><F116/><W42/><G15/><T94/><D44/><U72/><E106/><V27/><F99/><W6/><G6/><T25/><D25/><AGARI ba="0,0" hai="9,11,19,21,23,25,27,28,57,60,64,98,103,104" machi="25" ten="30,1500,0" yaku="7,1" doraHai="119" who="2" fromWho="0" sc="383,-15,115,0,196,15,306,0" /><INIT seed="6,1,0,4,3,5" ten="368,115,211,306" oya="2" hai0="126,16,88,23,0,54,55,19,133,111,110,66,128" hai1="94,67,113,79,97,98,107,64,32,114,11,106,124" hai2="13,63,105,43,12,84,31,9,26,41,65,108,59" hai3="10,86,71,68,83,46,87,50,92,6,56,80,33"/><V3/><F105/><W37/><G33/><T95/><D0/><U61/><E32/><V22/><F108/><W120/><G37/><T90/><D66/><U70/><E79/><V52/><F3/><W121/><G56/><T15/><D126/><U134/><E124/><V131/><F131/><W28/><G28/><T48/><D128/><U135/><E67/><V102/><F102/><W85/><G92/><T100/><D133/><U103/><E107/><V51/><F84/><W112/><G112/><T45/><D100/><U109/><E109/><V72/><F13/><W62/><G62/><T116/><D116/><U73/><E73/><V69/><REACH who="2" step="1"/><F72/><REACH who="2" ten="368,115,201,306" step="2"/><W34/><G86/><T58/><D111/><U57/><E70/><V101/><F101/><W42/><G85/><T119/><D110/><U76/><E106/><V77/><F77/><W115/><G87/><T40/><D119/><U35/><E76/><V21/><F21/><W49/><G34/><T93/><D90/><U39/><E35/><V18/><AGARI ba="1,1" hai="9,12,18,22,26,31,41,43,51,52,59,63,65,69" machi="18" ten="20,18000,2" yaku="1,1,0,1,7,1,52,1,54,1,53,1" doraHai="5" doraHaiUra="27" who="2" fromWho="2" sc="368,-61,115,-61,201,193,306,-61" /><INIT seed="6,2,0,1,2,38" ten="307,54,394,245" oya="2" hai0="14,41,79,23,53,12,45,33,108,4,88,75,101" hai1="16,66,122,111,29,70,11,13,84,62,58,50,82" hai2="40,22,19,132,120,104,115,51,94,27,109,135,126" hai3="52,0,15,67,133,112,44,25,56,93,5,69,128"/><V118/><F104/><W125/><G0/><T1/><D108/><U6/><E111/><V54/><F109/><W76/><G76/><T2/><D33/><U81/><E122/><V31/><F120/><W21/><G69/><T48/><D101/><U47/><E70/><V60/><F118/><W95/><G128/><T91/><D79/><U77/><E29/><V134/><F126/><W110/><G133/><T10/><D75/><U30/><E30/><V86/><F115/><W8/><G125/><T90/><D12/><U97/><E97/><V34/><F60/><N who="3" m="38279" /><G112/><T96/><D96/><U105/><E105/><V20/><F19/><N who="3" m="12479" /><G110/><T24/><REACH who="0" step="1"/><D53/><REACH who="0" ten="297,54,394,245" step="2"/><U65/><E82/><V61/><F54/><W102/><G102/><T37/><D37/><U43/><REACH who="1" step="1"/><E66/><REACH who="1" ten="297,44,394,245" step="2"/><V59/><F135/><W78/><G78/><T9/><D9/><U87/><E87/><V106/><F86/><W85/><G85/><T103/><D103/><U124/><E124/><V98/><F134/><W49/><AGARI ba="2,2" hai="5,8,15,44,49,52,93,95" m="12479,38279" machi="49" ten="30,2000,0" yaku="8,1,54,1" doraHai="38" who="3" fromWho="3" sc="297,-7,44,-7,394,-12,245,46" /><INIT seed="7,0,0,4,1,47" ten="290,37,382,291" oya="3" hai0="120,107,30,112,116,92,87,36,56,75,91,53,48" hai1="22,72,57,6,40,108,14,73,60,89,43,11,117" hai2="58,20,37,76,54,45,130,127,84,103,41,0,68" hai3="90,24,38,35,66,86,80,52,2,33,63,135,131"/><W19/><G38/><T122/><D116/><U29/><E108/><V50/><F0/><W26/><G2/><T44/><D107/><U93/><E73/><V78/><F127/><W18/><G131/><T101/><D75/><U39/><E72/><V133/><F130/><W21/><G135/><T97/><D30/><U65/><E39/><V69/><F133/><W13/><G26/><T111/><D111/><U98/><E117/><V85/><F103/><W27/><G27/><T124/><D124/><U134/><E134/><V31/><F31/><W23/><REACH who="3" step="1"/><G52/><REACH who="3" ten="290,37,382,281" step="2"/><T128/><D128/><U83/><E83/><V16/><F37/><W114/><G114/><T70/><D112/><U5/><E5/><V125/><F125/><W55/><G55/><T94/><REACH who="0" step="1"/><D70/><AGARI ba="0,1" hai="13,18,19,21,23,24,33,35,63,66,70,80,86,90" machi="70" ten="30,2900,0" yaku="1,1,7,1,53,0" doraHai="47" doraHaiUra="121" who="3" fromWho="0" sc="290,-29,37,0,382,0,281,39" /><INIT seed="7,1,0,2,4,104" ten="261,37,382,320" oya="3" hai0="133,105,30,130,102,127,117,74,48,34,45,19,134" hai1="16,36,70,79,42,52,10,88,111,64,100,3,72" hai2="7,118,18,53,89,59,98,60,84,61,29,8,1" hai3="107,6,49,95,110,83,46,17,97,126,2,41,91"/><W103/><G126/><T66/><D117/><U33/><E111/><V125/><F118/><W43/><G110/><T90/><D66/><U69/><E33/><V65/><F125/><W85/><G17/><T12/><D127/><U121/><E121/><V109/><F109/><W14/><G2/><T20/><D130/><U76/><E100/><V113/><F113/><W94/><G6/><T120/><D120/><U62/><E70/><V21/><F98/><W23/><G14/><T11/><D102/><U75/><E79/><V25/><F29/><W68/><G68/><T51/><D105/><U50/><E76/><V63/><F65/><W5/><G5/><T101/><D101/><U119/><E119/><V57/><F57/><W9/><G9/><T22/><D90/><U86/><E3/><V82/><AGARI ba="1,0" hai="1,7,8,18,21,25,53,59,60,61,63,82,84,89" machi="82" ten="20,1500,0" yaku="0,1,7,1" doraHai="104" who="2" fromWho="2" sc="261,-5,37,-5,382,18,320,-8" owari="256,-14.0,32,-47.0,400,50.0,312,11.0" /></mjloggm>