<mjloggm ver="2.3"><GO type="169" lobby="0"/><UN n0="%E3%83%9E%E3%83%A1%E3%83%9D%E3%82%B3" n1="%E3%83%8D%E3%83%BC%E3%83%A0%E3%83%AC%E3%82%B9%EF%BC%97" n2="%E3%82%A6%E3%83%AB%E3%83%88%E3%83%A9%E7%AB%8B%E7%9B%B4" n3="%E2%80%A0%E3%81%BE%E3%83%BC%E5%9D%8A%E2%80%A0" dan="16,17,17,18" rate="2149.16,2136.81,2201.90,2248.80" sx="M,M,M,M"/><TAIKYOKU oya="0"/><INIT seed="0,0,0,3,2,2" ten="250,250,250,250" oya="0" hai0="35,50,26,33,14,41,100,134,78,0,15,42,126" hai1="67,133,89,99,96,107,22,64,17,36,83,104,87" hai2="74,5,85,98,71,55,39,114,38,24,103,13,130" hai3="128,131,93,48,9,94,68,44,37,30,124,110,109"/><T90/><D0/><U84/><E36/><V53/><F74/><W111/><G37/><T20/><D78/><U72/><E72/><V10/><F114/><W63/><G30/><T105/><D35/><U88/><E133/><V45/><F71/><W61/><G124/><T4/><D33/><U51/><E107/><V28/><F85/><W54/><G9/><T69/><D69/><U116/><E116/><V32/><F130/><N who="3" m="49707" /><G63/><T127/><D134/><U121/><E121/><V23/><F32/><W3/><G3/><T1/><D90/><U16/><E51/><V21/><F21/><W76/><G76/><T80/><D80/><N who="1" m="49159" /><E17/><V62/><F62/><W92/><G92/><T43/><D50/><U108/><E104/><V79/><F79/><W19/><G19/><T125/><D105/><U27/><E108/><N who="3" m="27650" /><W97/><DORA hai="95" /><G97/><AGARI ba="0,0" hai="16,22,27,64,67,83,87,89,96,97,99" m="49159" machi="97" ten="30,12000,2" yaku="8,1,52,3,54,2" doraHai="2,95" who="1" fromWho="3" sc="250,0,250,120,250,0,250,-120" /><INIT seed="1,0,0,0,2,46" ten="250,370,250,130" oya="1" hai0="30,122,45,19,49,38,82,119,66,1,120,57,37" hai1="89,35,26,10,113,79,24,111,62,123,104,20,72" hai2="2,64,124,75,4,116,48,91,84,27,70,98,31" hai3="51,25,115,127,108,16,65,71,133,130,34,102,105"/><U40/><E104/><V68/><F75/><W61/><G115/><T14/><D1/><U3/><E123/><N who="0" m="47145" /><D119/><U132/><E113/><V118/><F124/><W88/><G127/><T59/><D30/><U94/><E35/><V13/><F2/><W125/><G125/><T6/><D6/><U92/><E92/><V112/><F98/><W63/><G108/><T11/><D82/><U107/><E107/><V56/><F112/><W121/><G121/><T28/><D28/><U50/><E132/><V114/><F114/><W101/><G130/><T135/><D135/><U78/><E72/><V103/><F103/><W52/><G133/><T41/><D66/><U17/><E62/><V97/><F64/><W69/><G63/><T131/><D131/><U23/><E10/><V53/><F116/><W90/><G34/><T110/><D110/><U129/><E3/><V58/><F118/><W80/><G71/><T93/><D93/><U55/><E40/><V126/><F70/><W76/><G105/><T95/><D95/><U87/><E111/><V36/><F68/><W18/><G18/><T9/><D9/><U81/><E81/><V83/><F126/><W42/><G80/><T85/><D85/><U33/><E33/><V54/><F84/><W77/><G69/><T43/><D43/><U73/><E73/><V134/><F83/><W22/><G42/><T0/><D0/><U99/><E87/><V128/><F128/><W21/><G65/><T15/><D15/><U117/><E117/><V100/><F134/><W5/><G61/><T32/><D32/><U7/><E129/><RYUUKYOKU ba="0,0" sc="250,30,370,-10,250,-10,130,-10" hai0="11,14,19,37,38,41,45,49,57,59" /><INIT seed="2,1,0,5,1,100" ten="280,360,240,120" oya="2" hai0="14,55,82,135,126,87,16,21,102,133,43,78,31" hai1="2,112,77,130,7,105,47,42,101,97,134,94,111" hai2="110,50,39,17,81,24,121,99,44,19,96,23,59" hai3="74,20,65,34,25,6,66,48,122,29,85,63,45"/><V68/><F68/><W22/><G74/><T113/><D113/><U129/><E112/><V62/><F121/><W90/><G122/><T86/><D126/><U98/><E111/><V1/><F39/><W108/><G6/><T75/><D43/><U15/><E2/><V12/><F1/><W8/><G8/><T131/><D131/><U88/><E134/><N who="0" m="51209" /><D102/><U118/><E118/><V10/><F110/><W36/><G36/><T115/><D115/><U5/><E77/><V57/><F81/><W76/><G76/><T79/><D79/><U51/><E15/><V104/><F104/><W40/><G108/><T3/><D3/><U67/><E67/><V13/><F24/><W91/><G66/><T109/><D109/><U84/><E98/><N who="2" m="37419" /><F62/><W60/><G60/><T119/><D119/><U71/><E71/><V33/><F33/><W120/><G120/><T58/><D31/><U18/><E18/><V117/><F117/><W114/><G114/><T61/><AGARI ba="1,0" hai="14,16,21,55,58,61,75,78,82,86,87" m="51209" machi="61" ten="30,2000,0" yaku="20,1,54,1" doraHai="100" who="0" fromWho="0" sc="280,23,360,-6,240,-11,120,-6" /><INIT seed="3,0,0,1,5,15" ten="303,354,229,114" oya="3" hai0="70,108,74,96,100,43,103,131,67,89,115,9,88" hai1="23,3,125,54,6,94,104,121,127,24,128,10,114" hai2="13,80,32,19,30,18,65,1,75,59,117,50,73" hai3="5,48,49,7,31,105,51,34,106,113,46,29,25"/><W44/><G113/><T57/><D70/><U112/><E104/><N who="3" m="40042" /><G25/><T110/><D74/><U26/><E121/><V35/><F117/><W120/><G34/><T21/><D115/><U126/><E128/><V119/><F119/><W76/><G76/><T90/><D131/><U132/><E132/><V28/><F1/><W95/><G95/><T36/><D9/><U16/><E54/><V135/><F135/><W63/><G63/><T71/><D71/><U129/><E129/><V133/><F133/><W66/><G66/><T72/><D72/><U123/><E123/><V62/><F50/><W134/><G134/><T0/><D0/><U53/><E53/><V98/><F98/><W12/><G12/><T118/><D118/><U78/><E78/><V2/><F2/><W101/><G101/><T11/><D11/><U4/><E4/><N who="3" m="1610" /><G120/><T91/><D100/><U111/><E111/><V20/><F35/><W52/><G52/><T40/><D110/><U81/><E81/><V86/><F32/><W83/><G83/><T39/><D108/><U77/><E77/><N who="2" m="46351" /><F75/><W68/><G68/><T122/><D122/><U79/><E79/><V93/><F73/><W85/><G85/><T107/><D67/><U92/><E26/><N who="2" m="14623" /><F93/><AGARI ba="0,0" hai="3,6,10,16,23,24,92,93,94,112,114,125,126,127" machi="93" ten="40,5200,0" yaku="18,1,52,1,54,1" doraHai="15" who="1" fromWho="2" sc="303,0,354,52,229,-52,114,0" /><INIT seed="4,0,0,1,5,39" ten="303,406,177,114" oya="0" hai0="5,124,38,47,4,59,8,83,16,18,19,40,132" hai1="60,9,21,117,20,62,72,65,78,2,7,22,68" hai2="32,25,36,24,96,6,42,106,114,57,45,94,122" hai3="129,104,133,61,120,127,28,93,99,17,54,76,102"/><T64/><D132/><U43/><E117/><V1/><F122/><W108/><G108/><T84/><D124/><U67/><E43/><V100/><F114/><W53/><G133/><T31/><D31/><U103/><E103/><V23/><F32/><W77/><G127/><T126/><D126/><U74/><REACH who="1" step="1"/><E78/><REACH who="1" ten="303,396,177,114" step="2"/><V116/><F116/><W125/><G77/><T50/><D8/><U95/><E95/><V46/><F94/><W11/><G76/><N who="0" m="46183" /><D38/><U92/><E92/><V134/><F36/><W105/><G125/><T0/><D0/><U49/><E49/><V123/><F100/><W85/><G93/><T41/><D41/><U33/><E33/><V130/><F42/><W52/><G105/><T113/><D113/><U121/><E121/><V110/><F1/><W111/><G120/><T81/><D81/><U75/><E75/><V135/><F106/><W3/><G3/><T29/><D29/><U27/><E27/><V82/><F25/><W88/><G28/><T89/><D89/><U70/><AGARI ba="0,1" hai="2,7,9,20,21,22,60,62,65,67,68,70,72,74" machi="70" ten="30,4000,0" yaku="1,1,0,1,9,1,53,0" doraHai="39" doraHaiUra="115" who="1" fromWho="1" sc="303,-20,396,50,177,-10,114,-10" /><INIT seed="5,0,0,2,5,131" ten="283,446,167,104" oya="1" hai0="34,29,2,84,22,102,110,0,6,43,129,134,40" hai1="94,59,51,47,73,82,119,123,16,76,39,92,49" hai2="117,77,21,32,26,14,33,97,23,126,115,118,67" hai3="88,101,113,100,4,61,109,128,52,9,28,50,55"/><U19/><E119/><V18/><F77/><W114/><G109/><T74/><D74/><U89/><E123/><V79/><F79/><W72/><G72/><T37/><D110/><U133/><E133/><V124/><F97/><W45/><G28/><T96/><D129/><U103/><E39/><V57/><F57/><W12/><G128/><T44/><D34/><N who="2" m="13418" /><F67/><W24/><G24/><T95/><D6/><U30/><E30/><N who="2" m="17743" /><F115/><N who="3" m="44043" /><G61/><T17/><D29/><U90/><E103/><N who="3" m="39498" /><G55/><T60/><D134/><U104/><E104/><V132/><F132/><W121/><G121/><T86/><D43/><U122/><E122/><V87/><F87/><W75/><G75/><T5/><D60/><U98/><E59/><V8/><F8/><W108/><G108/><T69/><D69/><U107/><E107/><V81/><F81/><W106/><G106/><T70/><D70/><U111/><E111/><V80/><F80/><W42/><G42/><T38/><D38/><U46/><E46/><V58/><F58/><W65/><G65/><T85/><REACH who="0" step="1"/><D5/><REACH who="0" ten="273,446,167,104" step="2"/><U41/><E51/><V11/><F118/><W116/><G116/><T20/><D20/><U62/><E62/><V7/><F117/><W125/><G125/><T36/><D36/><U27/><E19/><V3/><AGARI ba="0,1" hai="3,7,11,14,18,23,124,126" m="17743,13418" machi="3" ten="30,2000,0" yaku="34,2" doraHai="131" who="2" fromWho="2" sc="273,-5,446,-10,167,30,104,-5" /><INIT seed="6,0,0,1,4,25" ten="268,436,197,99" oya="2" hai0="21,72,5,59,116,70,87,65,91,4,31,113,118" hai1="112,105,96,93,115,35,12,67,33,89,102,51,122" hai2="77,28,117,56,120,44,3,15,24,75,49,90,50" hai3="86,127,97,7,47,29,114,94,36,22,27,125,52"/><V74/><F3/><W128/><G128/><T23/><D70/><U62/><E51/><V84/><F120/><W82/><G7/><T58/><D72/><U131/><E12/><V66/><F77/><W53/><G114/><N who="1" m="43562" /><E131/><V19/><F117/><N who="0" m="45162" /><D113/><U130/><E130/><V17/><F66/><W68/><G68/><T6/><D65/><U64/><E64/><V109/><F56/><N who="0" m="21546" /><D31/><U133/><E133/><V81/><F50/><W69/><G69/><T85/><D91/><U41/><E41/><V135/><F109/><W108/><G108/><T119/><N who="0" m="45170" /><T134/><DORA hai="99" /><D134/><U111/><E122/><V34/><F135/><W2/><G2/><T8/><D8/><U43/><E43/><V126/><F75/><W11/><G11/><T20/><AGARI ba="0,0" hai="4,5,6,20,21,23,85,87" m="21546,45170" machi="20" ten="50,6400,0" yaku="28,2,12,1" doraHai="25,99" who="0" fromWho="0" sc="268,64,436,-16,197,-32,99,-16" /><INIT seed="7,0,0,3,1,134" ten="332,420,165,83" oya="3" hai0="50,53,12,17,23,26,32,84,54,133,55,78,93" hai1="13,36,96,6,72,0,121,113,41,64,118,74,46" hai2="29,7,21,28,8,130,120,69,10,85,105,1,116" hai3="103,115,19,60,33,31,57,79,90,81,2,108,45"/><W97/><G2/><T37/><D37/><U77/><E121/><V24/><F69/><W91/><G115/><T80/><D133/><U83/><E72/><V66/><F105/><W132/><G132/><T48/><D32/><U43/><E43/><V56/><F116/><W62/><G108/><T3/><D3/><U98/><E113/><V126/><F120/><W63/><G57/><T51/><REACH who="0" step="1"/><D93/><REACH who="0" ten="322,420,165,83" step="2"/><U110/><E110/><V16/><F130/><W39/><G39/><T68/><D68/><U5/><E118/><V11/><F85/><N who="3" m="48319" /><G33/><T122/><D122/><U101/><E0/><V117/><F56/><W135/><G135/><T15/><AGARI ba="0,1" hai="12,15,17,23,26,48,50,51,53,54,55,78,80,84" machi="15" ten="40,5200,0" yaku="1,1,0,1,8,1,53,0" doraHai="134" doraHaiUra="27" who="0" fromWho="0" sc="322,62,420,-13,165,-13,83,-26" owari="384,18.0,407,51.0,152,-25.0,57,-44.0" /></mjloggm>