<mjloggm ver="2.3"><GO type="169" lobby="0"/><UN n0="%E3%81%AB%E3%81%9B%E6%82%9F%E7%A9%BA" n1="%6D%61%74%69%6F%73%61%6E" n2="%E3%83%AA%E3%83%81%E3%83%A3%21%21" n3="%E3%82%A6%E3%83%AB%E3%83%88%E3%83%A9%E7%AB%8B%E7%9B%B4" dan="16,16,18,17" rate="2103.77,2072.82,2191.20,2161.47" sx="M,M,M,M"/><TAIKYOKU oya="0"/><INIT seed="0,0,0,1,0,94" ten="250,250,250,250" oya="0" hai0="118,8,129,99,22,77,33,46,58,1,81,113,71" hai1="85,121,55,123,67,69,80,0,89,82,114,15,24" hai2="131,31,7,38,79,128,52,19,14,87,43,17,50" hai3="86,9,103,2,53,108,25,61,18,57,107,109,42"/><T125/><D118/><U66/><E0/><V45/><F31/><W51/><G86/><T60/><D33/><U34/><E114/><V96/><F7/><W37/><G37/><T92/><D113/><U93/><E69/><V32/><F32/><W23/><G2/><T78/><D129/><N who="2" m="49738" /><F14/><W102/><G9/><T16/><D125/><U126/><E126/><V30/><F30/><W133/><G133/><T134/><D134/><U119/><E119/><V100/><F87/><W4/><G4/><T74/><D71/><U91/><E34/><V3/><F79/><W63/><G63/><T122/><D46/><U70/><E24/><V20/><F3/><W105/><G61/><T40/><D40/><U39/><E15/><N who="2" m="9279" /><F19/><W11/><G11/><T35/><D35/><U75/><E70/><V120/><F120/><W68/><G68/><T130/><D130/><U76/><E39/><V111/><F111/><W29/><G18/><T116/><D122/><U56/><E123/><V65/><F65/><W41/><G108/><T115/><D115/><U72/><E72/><V26/><F26/><W97/><REACH who="3" step="1"/><G109/><REACH who="3" ten="250,250,250,240" step="2"/><T13/><D116/><U110/><E121/><V127/><F127/><W49/><G49/><T117/><D117/><U132/><E110/><V135/><F135/><W54/><G54/><T64/><D1/><U84/><E132/><V95/><F38/><W124/><G124/><T47/><D8/><U98/><E84/><V101/><F43/><W12/><G12/><T59/><D13/><U6/><E6/><V90/><AGARI ba="0,1" hai="45,50,52,90,95,96,100,101" m="9279,49738" machi="90" ten="30,4000,0" yaku="19,1,52,1,54,1" doraHai="94" who="2" fromWho="2" sc="250,-20,250,-10,250,50,240,-10" /><INIT seed="1,0,0,1,5,0" ten="230,240,300,230" oya="1" hai0="21,106,62,103,117,104,20,59,12,115,78,15,14" hai1="6,47,34,46,4,44,134,76,64,105,54,100,31" hai2="119,38,33,87,101,53,97,28,80,128,90,111,37" hai3="133,124,98,114,49,110,131,48,63,120,69,73,70"/><U94/><E105/><V113/><F119/><W27/><G98/><T36/><D36/><U79/><E134/><V42/><F111/><W26/><G63/><T91/><D117/><U127/><E127/><V60/><F128/><W118/><G27/><T85/><D115/><U13/><E64/><V50/><F113/><W30/><G48/><T132/><D78/><N who="1" m="29739" /><E34/><V32/><F60/><W122/><G49/><T2/><D2/><U71/><E71/><V89/><F89/><W66/><G26/><T135/><D103/><U77/><N who="1" m="29747" /><U65/><DORA hai="8" /><E31/><V5/><F5/><N who="1" m="2153" /><E65/><V84/><F37/><W123/><G66/><N who="0" m="39263" /><D104/><U125/><E125/><V99/><F28/><W68/><G30/><T39/><D39/><U10/><E54/><V1/><F32/><W7/><G69/><T82/><D106/><U72/><E72/><V109/><F33/><W52/><G68/><T126/><D126/><U83/><E83/><V40/><F1/><W129/><G70/><T92/><D82/><U86/><E86/><V45/><F38/><W102/><G124/><T29/><D29/><U93/><E100/><V18/><F87/><W17/><G102/><T51/><D135/><U55/><E55/><V23/><F109/><W130/><G110/><T67/><D132/><U41/><E41/><N who="2" m="15979" /><F101/><W57/><G133/><T108/><D108/><U121/><E121/><V81/><F81/><W24/><G122/><T22/><D67/><U3/><E3/><V61/><F80/><W95/><G120/><T96/><D85/><U16/><AGARI ba="0,0" hai="10,13,16,44,46,47,93,94" m="2153,29747" machi="16" ten="40,18000,2" yaku="8,1,52,4,54,1" doraHai="0,8" who="1" fromWho="1" sc="230,-60,240,180,300,-60,230,-60" /><INIT seed="1,1,0,4,2,112" ten="170,420,240,170" oya="1" hai0="38,64,134,89,15,54,76,41,5,19,1,27,109" hai1="45,65,20,74,12,72,59,117,119,55,80,77,23" hai2="39,46,61,104,95,47,18,90,101,37,73,60,56" hai3="4,93,51,14,53,75,98,100,116,44,25,57,7"/><U69/><E74/><V105/><F73/><W84/><G75/><T17/><D76/><U94/><E45/><V88/><F18/><W49/><G116/><T111/><D64/><U82/><E82/><V63/><F56/><W81/><G25/><T92/><D134/><U34/><E34/><V33/><F33/><W97/><G97/><T24/><D54/><U36/><E36/><N who="2" m="13899" /><F95/><W121/><G14/><T110/><D38/><U35/><E35/><V135/><F101/><W103/><G103/><T131/><D41/><U21/><E12/><V0/><F0/><W32/><G32/><T31/><D131/><U3/><E3/><V133/><F46/><W115/><G115/><T106/><D106/><N who="2" m="41066" /><F47/><W28/><G28/><T99/><D31/><U108/><E94/><V96/><F96/><W114/><G114/><T40/><D40/><U128/><E128/><V78/><F78/><W26/><G26/><N who="0" m="9771" /><D1/><U10/><E10/><AGARI ba="1,0" hai="5,10,15,17,19,89,92,99,109,110,111" m="9771" machi="10" ten="40,1300,0" yaku="14,1" doraHai="112" who="0" fromWho="1" sc="170,16,420,-16,240,0,170,0" /><INIT seed="2,0,0,0,4,54" ten="186,404,240,170" oya="2" hai0="133,93,16,100,18,68,56,5,60,22,109,17,12" hai1="107,24,116,120,49,127,40,71,6,94,33,7,69" hai2="74,39,132,84,103,125,52,88,13,75,82,80,122" hai3="64,110,47,97,23,41,135,114,2,118,66,91,48"/><V58/><F122/><W43/><G118/><T29/><D109/><U89/><E107/><V81/><F39/><W83/><G114/><T36/><D36/><U38/><E38/><V19/><F132/><W27/><G2/><T1/><D133/><U3/><E116/><V134/><F134/><W106/><G135/><T101/><D68/><U25/><E120/><V26/><F125/><W32/><G32/><T11/><D29/><U37/><E37/><V87/><F103/><W55/><G110/><T57/><D1/><U99/><E3/><V98/><F26/><W111/><G111/><T50/><D22/><U31/><E25/><V124/><F124/><W73/><G73/><T46/><D93/><U86/><E71/><V108/><F108/><W102/><G91/><T115/><D115/><U34/><E69/><V15/><F74/><W61/><G83/><N who="2" m="31817" /><F75/><W42/><REACH who="3" step="1"/><G61/><REACH who="3" ten="186,404,240,160" step="2"/><T14/><D60/><U130/><E34/><V78/><F98/><W113/><G113/><T85/><D85/><U51/><E127/><V44/><F44/><W131/><G131/><T95/><D14/><U126/><E130/><V96/><F96/><W67/><G67/><T77/><D77/><U53/><E126/><V119/><F119/><W20/><G20/><T0/><D0/><U30/><E99/><V121/><F121/><W59/><G59/><N who="0" m="22603" /><D95/><U21/><E94/><N who="2" m="54535" /><F19/><AGARI ba="0,1" hai="19,23,27,41,42,43,47,48,55,64,66,97,102,106" machi="19" ten="40,1300,0" yaku="1,1,53,0" doraHai="54" doraHaiUra="79" who="3" fromWho="2" sc="186,0,404,0,240,-13,160,23" /><INIT seed="3,0,0,2,1,114" ten="186,404,227,183" oya="3" hai0="68,118,18,44,73,123,16,126,17,12,132,63,32" hai1="135,93,0,28,60,1,49,129,121,21,43,67,134" hai2="59,124,46,41,4,83,65,128,66,40,117,31,84" hai3="24,107,110,112,50,111,39,125,61,92,15,102,69"/><W101/><G39/><T85/><D73/><U131/><E121/><V56/><F128/><N who="1" m="49225" /><E93/><V52/><F124/><W109/><G112/><T106/><D106/><U27/><E49/><N who="2" m="28727" /><F117/><W72/><G125/><T20/><D126/><U54/><E54/><V58/><F31/><W76/><G107/><T71/><D32/><U26/><E43/><N who="2" m="16459" /><F4/><W19/><G24/><T86/><D123/><U78/><E26/><V70/><F84/><W47/><G92/><T81/><D132/><N who="1" m="50731" /><E78/><V30/><F30/><W95/><G95/><T97/><D97/><U99/><E99/><V74/><F83/><N who="3" m="45447" /><G50/><T14/><D81/><U87/><E87/><V11/><F11/><N who="3" m="6655" /><G47/><T48/><D86/><U10/><E10/><V80/><F80/><W9/><G9/><T13/><D85/><U5/><E5/><V34/><F74/><W35/><G35/><T51/><D51/><U45/><E45/><V57/><F34/><W98/><G98/><T127/><D127/><U37/><E37/><V104/><F104/><W25/><G25/><T113/><D113/><U38/><E38/><V105/><F105/><W89/><G89/><T3/><D20/><U130/><E130/><V8/><F8/><W55/><G55/><T79/><D79/><U103/><E103/><V100/><F100/><W77/><G77/><T22/><D22/><U7/><E7/><V115/><F115/><W120/><G120/><T36/><D18/><U116/><E0/><V42/><N who="2" m="14336" /><DORA hai="88" /><V91/><F91/><W23/><G23/><T29/><D3/><U96/><E1/><V90/><F90/><W94/><G94/><RYUUKYOKU ba="0,0" sc="186,-10,404,-10,227,-10,183,30" hai3="61,69,101,102,109,110,111" /><INIT seed="3,1,0,4,0,31" ten="176,394,217,213" oya="3" hai0="62,128,69,97,28,37,83,100,29,102,1,93,116" hai1="74,16,18,123,65,44,73,60,50,35,118,70,96" hai2="39,59,108,132,66,135,47,14,129,64,134,90,55" hai3="49,20,10,79,127,5,86,25,87,81,52,114,89"/><W106/><G106/><T56/><D116/><U124/><E123/><V43/><F90/><W92/><G127/><T109/><D37/><U17/><E124/><V11/><F108/><W12/><G114/><T111/><D1/><U80/><E118/><V38/><F129/><W57/><G20/><T125/><D125/><U21/><E35/><V3/><F3/><W32/><G32/><T126/><D126/><U48/><E48/><V8/><F8/><W54/><G54/><T88/><D69/><U19/><E96/><V63/><REACH who="2" step="1"/><F39/><REACH who="2" ten="176,394,207,213" step="2"/><W36/><G36/><T2/><D2/><U30/><E80/><V101/><F101/><N who="0" m="39018" /><D128/><U15/><REACH who="1" step="1"/><E30/><REACH who="1" ten="176,384,207,213" step="2"/><V117/><F117/><W0/><G0/><T67/><D83/><U85/><E85/><V105/><F105/><W110/><G110/><AGARI ba="1,2" hai="28,29,56,62,67,88,93,97,109,110,111" m="39018" machi="110" ten="30,2000,0" yaku="14,1,54,1" doraHai="31" who="0" fromWho="3" sc="176,43,384,0,207,0,213,-23" /><INIT seed="4,0,0,2,4,60" ten="219,384,207,190" oya="0" hai0="13,43,55,91,125,99,79,97,95,89,38,116,25" hai1="70,22,33,121,111,96,57,124,52,20,29,130,27" hai2="127,37,30,48,110,132,23,75,10,71,107,14,68" hai3="2,4,31,56,87,42,73,69,54,5,53,58,15"/><T35/><D116/><U3/><E121/><V122/><F122/><W100/><G69/><T76/><D125/><U109/><E3/><V72/><F110/><W47/><G73/><T78/><D38/><U126/><E130/><V119/><F37/><W0/><G31/><T113/><D43/><U9/><E9/><V64/><F119/><W93/><G15/><T105/><D113/><U120/><E120/><V32/><F107/><W86/><G93/><T81/><D13/><U63/><E70/><V24/><F127/><N who="1" m="48681" /><E96/><V80/><F132/><W62/><G62/><T34/><D55/><U49/><E49/><V134/><F134/><W46/><REACH who="3" step="1"/><G42/><REACH who="3" ten="219,384,207,180" step="2"/><T26/><D105/><U84/><E29/><V128/><F71/><W12/><G12/><T108/><D108/><U21/><E63/><V45/><F128/><W16/><G16/><T19/><D19/><U83/><E109/><V88/><F75/><W103/><AGARI ba="0,1" hai="0,2,4,5,46,47,53,54,56,58,86,87,100,103" machi="103" ten="25,6400,0" yaku="1,1,0,1,22,2,53,0" doraHai="60" doraHaiUra="17" who="3" fromWho="3" sc="219,-32,384,-16,207,-16,180,74" /><INIT seed="5,0,0,0,5,106" ten="187,368,191,254" oya="1" hai0="27,125,111,120,24,53,98,134,119,7,90,108,78" hai1="103,34,43,135,99,50,13,17,28,115,59,72,93" hai2="30,118,73,56,110,41,66,102,46,51,129,76,60" hai3="128,0,3,6,64,54,48,62,33,80,107,130,97"/><U112/><E72/><V68/><F118/><W12/><G33/><T36/><D119/><U25/><E135/><V100/><F110/><W92/><G107/><T58/><D36/><U45/><REACH who="1" step="1"/><E59/><REACH who="1" ten="187,358,191,254" step="2"/><V96/><F129/><W49/><G130/><T133/><D111/><U123/><E123/><V117/><F117/><W19/><G128/><T8/><D108/><U84/><E84/><V32/><F56/><W4/><G0/><T2/><D120/><U14/><E14/><V67/><F73/><W132/><G12/><T104/><D134/><U20/><AGARI ba="0,1" hai="13,17,20,25,28,34,43,45,50,93,99,103,112,115" machi="20" ten="30,6000,0" yaku="1,1,0,1,53,1" doraHai="106" doraHaiUra="21" who="1" fromWho="1" sc="187,-20,358,70,191,-20,254,-20" /><INIT seed="5,1,0,4,4,37" ten="167,428,171,234" oya="1" hai0="69,31,8,48,118,84,113,115,123,107,110,10,73" hai1="36,90,63,94,109,17,1,61,108,135,26,85,50" hai2="132,92,25,19,66,14,9,114,124,39,76,80,106" hai3="38,64,22,98,13,58,34,59,7,52,128,82,68"/><U130/><E36/><V55/><F106/><W0/><G34/><T20/><D107/><U41/><E1/><V100/><F124/><W105/><G0/><T129/><D73/><U101/><E101/><V121/><F121/><W35/><G35/><T29/><D69/><U102/><E102/><V96/><F132/><W127/><G68/><T33/><D118/><U4/><E4/><V95/><F114/><N who="0" m="43530" /><D110/><N who="1" m="42603" /><E130/><V97/><F39/><W120/><G38/><T74/><D74/><U78/><E78/><V53/><F66/><W67/><G67/><T72/><D72/><U12/><E26/><V77/><F25/><W28/><G105/><T122/><D84/><U104/><E104/><V51/><F80/><W2/><G82/><T23/><D48/><U88/><E90/><N who="2" m="55319" /><F55/><W3/><G52/><T46/><D46/><AGARI ba="1,0" hai="9,14,19,46,51,53,76,77,95,97,100" m="55319" machi="46" ten="30,1000,0" yaku="8,1" doraHai="37" who="2" fromWho="0" sc="167,-13,428,0,171,13,234,0" /><INIT seed="6,0,0,4,1,114" ten="154,428,184,234" oya="2" hai0="52,53,104,12,57,29,115,63,128,93,55,130,101" hai1="68,110,36,107,86,122,108,48,79,97,103,87,75" hai2="56,80,74,91,96,49,76,21,30,62,42,6,38" hai3="17,16,98,7,51,109,119,44,111,105,117,77,118"/><V22/><F38/><W116/><G116/><T84/><D104/><U24/><E36/><V5/><F42/><W26/><G77/><T81/><D29/><U18/><E68/><V10/><F49/><W82/><G82/><T90/><D115/><U27/><E27/><V60/><F60/><W94/><G105/><T4/><D4/><U61/><E61/><V40/><F40/><W89/><G7/><T106/><D106/><U11/><E122/><V0/><F6/><W131/><G131/><T50/><D12/><U3/><E48/><V121/><F30/><W102/><G89/><T92/><D101/><U69/><E103/><V65/><REACH who="2" step="1"/><F121/><REACH who="2" ten="154,428,174,234" step="2"/><W19/><REACH who="3" step="1"/><G26/><REACH who="3" ten="154,428,174,224" step="2"/><T25/><D25/><U35/><E24/><V127/><F127/><W43/><AGARI ba="0,2" hai="16,17,19,43,44,51,94,98,102,109,111,117,118,119" machi="43" ten="40,16000,3" yaku="1,1,2,1,0,1,52,3,54,1,53,1" doraHai="114" doraHaiUra="37" who="3" fromWho="3" sc="154,-40,428,-40,174,-80,224,180" /><INIT seed="7,0,0,3,2,114" ten="114,388,94,404" oya="3" hai0="18,93,1,83,37,44,12,108,130,72,103,59,75" hai1="123,111,62,17,96,24,98,128,125,8,129,48,100" hai2="126,5,92,135,102,3,47,38,76,71,115,55,41" hai3="2,25,68,91,94,51,85,67,21,26,7,63,105"/><W134/><G105/><T10/><D108/><U53/><E111/><V84/><F115/><W82/><G134/><T89/><D130/><N who="1" m="50283" /><E123/><V81/><F135/><W124/><G124/><T35/><D35/><U20/><E125/><V79/><F126/><W14/><G2/><T88/><D103/><U19/><E62/><V73/><F76/><W107/><G107/><T60/><D1/><U121/><E121/><V13/><F71/><W112/><G112/><T54/><D83/><U64/><E64/><V127/><F127/><W110/><G110/><T99/><D89/><U22/><E8/><V45/><F13/><W43/><G43/><T106/><D106/><U11/><E11/><N who="2" m="2495" /><F47/><W69/><G69/><T101/><D101/><U120/><E100/><V23/><F23/><W78/><G51/><T33/><D33/><U104/><E104/><V50/><F50/><W9/><G21/><T0/><D0/><U15/><E120/><V86/><F55/><W34/><G34/><T87/><D99/><AGARI ba="0,0" hai="7,9,14,25,26,63,67,68,78,82,85,91,94,99" machi="99" ten="30,1500,0" yaku="7,1" doraHai="114" who="3" fromWho="0" sc="114,-15,388,0,94,0,404,15" owari="99,-30.0,388,19.0,94,-41.0,419,52.0" /></mjloggm>