<mjloggm ver="2.3"><GO type="169" lobby="0"/><UN n0="%E3%83%95%E3%83%B3%E3%83%8C" n1="%E3%82%A6%E3%83%AB%E3%83%88%E3%83%A9%E7%AB%8B%E7%9B%B4" n2="%E2%80%A0%E3%81%BE%E3%83%BC%E5%9D%8A%E2%80%A0" n3="%E9%85%94%E5%A5%B4%E4%BA%BA" dan="16,17,16,17" rate="2062.01,2204.21,2082.34,2202.78" sx="M,M,M,M"/><TAIKYOKU oya="0"/><INIT seed="0,0,0,4,4,13" ten="250,250,250,250" oya="0" hai0="88,9,131,39,100,84,19,126,11,49,3,92,118" hai1="64,78,133,0,127,17,85,70,116,122,121,103,107" hai2="46,104,59,43,47,35,36,101,72,66,120,38,90" hai3="29,115,7,97,93,15,75,1,21,96,37,67,18"/><T82/><D39/><U71/><E85/><V117/><F90/><W28/><G75/><T41/><D118/><U51/><E51/><V109/><F35/><W54/><G115/><T119/><D119/><U108/><E78/><V106/><F72/><W5/><G37/><T4/><D131/><U114/><E64/><V123/><F101/><W98/><G67/><T112/><D112/><U34/><E17/><V50/><F117/><W6/><G1/><T81/><D126/><U12/><E12/><V26/><F26/><W124/><G124/><T27/><D100/><U48/><E48/><N who="2" m="26719" /><F106/><W132/><G132/><T86/><D86/><U80/><E80/><V52/><F104/><W68/><G68/><T25/><D25/><U129/><E103/><V33/><F33/><W32/><G32/><T69/><D69/><U83/><E83/><V56/><F109/><W73/><G73/><T2/><D2/><U110/><E110/><V55/><F120/><W31/><G54/><T113/><D113/><U22/><E22/><V60/><F123/><W91/><AGARI ba="0,0" hai="5,6,7,15,18,21,28,29,31,91,93,96,97,98" machi="91" ten="30,4000,0" yaku="0,1,8,1,52,1" doraHai="13" who="3" fromWho="3" sc="250,-20,250,-10,250,-10,250,40" /><INIT seed="1,0,0,0,0,22" ten="230,240,240,290" oya="1" hai0="61,11,97,77,7,134,67,25,54,93,62,19,14" hai1="87,6,2,131,88,115,64,105,65,35,36,56,123" hai2="70,4,50,41,43,48,53,103,120,85,106,57,118" hai3="110,73,45,51,114,102,10,49,119,60,12,39,80"/><U59/><E123/><V34/><F70/><W111/><G114/><T108/><D108/><N who="3" m="41513" /><G102/><T3/><D134/><U117/><E117/><V135/><F120/><W66/><G119/><T89/><D77/><U31/><E115/><V9/><F118/><W1/><G1/><T129/><D129/><U81/><E36/><V0/><F135/><W94/><G94/><T44/><D67/><U130/><E105/><V52/><F85/><W13/><G13/><T21/><D3/><U122/><E122/><V16/><F34/><W127/><G127/><T71/><D71/><U30/><E6/><V28/><F28/><N who="1" m="10793" /><E2/><V101/><F16/><N who="3" m="8215" /><G80/><T95/><D93/><U126/><E35/><V83/><F83/><W100/><G100/><T104/><D104/><U75/><E75/><V98/><REACH who="2" step="1"/><F103/><REACH who="2" ten="230,240,230,290" step="2"/><W46/><G73/><T40/><REACH who="0" step="1"/><D54/><REACH who="0" ten="220,240,230,290" step="2"/><U42/><E131/><V74/><F74/><W20/><G20/><T99/><D99/><U92/><E130/><V55/><F55/><W18/><G66/><T37/><AGARI ba="0,2" hai="7,11,14,19,21,25,37,40,44,61,62,89,95,97" machi="37" ten="20,5200,0" yaku="1,1,0,1,7,1,52,1,53,0" doraHai="22" doraHaiUra="133" who="0" fromWho="0" sc="220,72,240,-26,230,-13,290,-13" /><INIT seed="2,0,0,1,4,67" ten="292,214,217,277" oya="2" hai0="101,56,94,104,103,19,17,131,32,71,106,26,117" hai1="88,130,41,91,121,107,115,29,52,61,40,122,97" hai2="47,48,6,72,134,16,73,64,68,5,81,75,128" hai3="118,46,50,77,83,124,42,39,18,45,102,95,13"/><V69/><F134/><W1/><G1/><T25/><D131/><U57/><E29/><V2/><F128/><W34/><G34/><T86/><D56/><U30/><E30/><V12/><F64/><W66/><G118/><T120/><D86/><U62/><E115/><V74/><F2/><W70/><G124/><T20/><D94/><U65/><E130/><V60/><F60/><W87/><G102/><T9/><D9/><U78/><E78/><V99/><F99/><W123/><G95/><T80/><D80/><U7/><E7/><V11/><N who="2" m="18432" /><DORA hai="14" /><V23/><F81/><W100/><G100/><T15/><D15/><U63/><E63/><V58/><F58/><W112/><G123/><N who="1" m="47114" /><E107/><V8/><F8/><W133/><G133/><T89/><D120/><U93/><E91/><V35/><F35/><W49/><G112/><T55/><D32/><U82/><E82/><V43/><REACH who="2" step="1"/><F6/><REACH who="2" ten="292,214,207,277" step="2"/><W135/><G135/><T116/><D117/><U119/><E119/><V90/><F90/><W105/><G66/><T44/><D89/><U38/><E38/><V10/><F10/><N who="3" m="6455" /><G39/><T0/><D116/><U108/><E108/><V59/><F59/><AGARI ba="0,1" hai="40,41,52,57,59,61,62,65,88,93,97" m="47114" machi="59" ten="30,3900,0" yaku="13,1,54,2" doraHai="67,14" who="1" fromWho="2" sc="292,0,214,49,207,-39,277,0" /><INIT seed="3,0,0,5,3,28" ten="292,263,168,277" oya="3" hai0="125,107,133,52,58,127,13,63,80,42,62,94,131" hai1="22,77,75,26,25,92,10,27,47,116,60,118,134" hai2="68,54,97,106,78,0,99,95,87,126,49,100,85" hai3="53,110,23,32,8,51,90,2,29,24,1,40,44"/><W112/><G112/><T21/><D107/><U67/><E75/><V130/><F0/><W124/><G124/><N who="0" m="47691" /><D133/><U30/><E77/><V45/><F68/><W4/><G110/><T114/><D114/><U73/><E73/><V35/><F126/><W104/><G104/><T33/><D33/><U79/><E79/><V5/><F5/><W9/><G90/><T17/><D131/><U96/><E47/><V82/><F130/><W121/><G121/><T70/><D80/><U86/><E86/><V76/><F76/><W16/><G40/><T71/><D42/><U122/><E10/><V39/><F39/><W18/><G23/><T6/><D6/><AGARI ba="0,0" hai="1,2,4,6,8,9,16,18,24,29,32,44,51,53" machi="6" ten="40,7700,0" yaku="9,1,52,1,54,1" doraHai="28" who="3" fromWho="0" sc="292,-77,263,0,168,0,277,77" /><INIT seed="3,1,0,1,2,13" ten="215,263,168,354" oya="3" hai0="2,40,70,114,134,96,62,3,18,102,65,79,125" hai1="11,31,15,92,122,29,106,91,105,113,42,78,41" hai2="20,54,56,57,64,80,5,111,77,1,24,100,130" hai3="115,35,129,14,88,28,110,23,10,131,82,135,85"/><W38/><G38/><T103/><D134/><U51/><E113/><V43/><F111/><W37/><G37/><T27/><D125/><U48/><E122/><V8/><F130/><N who="3" m="49675" /><G115/><T49/><D114/><U46/><E78/><V61/><F100/><W87/><G135/><T44/><D79/><U119/><E119/><V123/><F43/><W25/><G87/><T108/><D103/><U93/><E106/><V47/><F47/><W33/><G110/><T59/><D108/><U116/><E105/><V36/><F36/><W0/><G0/><T133/><D133/><U94/><E91/><V32/><F32/><W71/><G71/><T132/><D70/><U81/><E81/><V98/><F98/><W75/><G75/><T95/><D132/><U30/><E116/><V109/><F123/><W26/><G26/><T22/><AGARI ba="1,0" hai="2,3,18,22,27,40,44,49,59,62,65,95,96,102" machi="22" ten="30,2000,0" yaku="0,1,52,1" doraHai="13" who="0" fromWho="0" sc="215,23,263,-6,168,-6,354,-11" /><INIT seed="4,0,0,0,4,10" ten="238,257,162,343" oya="0" hai0="127,85,63,15,67,40,65,46,60,5,24,128,1" hai1="126,84,48,86,51,16,19,111,114,112,123,58,27" hai2="54,109,13,115,50,93,6,129,76,28,12,81,98" hai3="49,26,95,122,100,45,105,37,90,106,79,82,9"/><T91/><D127/><U121/><E27/><V73/><F109/><W33/><G122/><T101/><D128/><U25/><E25/><V14/><F129/><W35/><G37/><T104/><D1/><U55/><E111/><V38/><F38/><W99/><G9/><N who="0" m="4527" /><D104/><U29/><E29/><V53/><F115/><N who="1" m="44073" /><E51/><V113/><F113/><W20/><G35/><T116/><D101/><U52/><E55/><V89/><F28/><W130/><G33/><T132/><D24/><U31/><E31/><V44/><REACH who="2" step="1"/><F6/><REACH who="2" ten="238,257,152,343" step="2"/><W42/><G130/><T124/><D124/><U74/><E126/><V135/><F135/><W32/><G32/><T56/><D132/><U108/><E108/><V120/><F120/><N who="1" m="46153" /><E74/><V22/><F22/><W41/><G20/><T102/><D116/><U134/><E134/><V17/><F17/><AGARI ba="0,1" hai="16,17,19,48,52,58,84,86" m="46153,44073" machi="17" ten="30,7700,0" yaku="15,1,11,1,54,2" doraHai="10" who="1" fromWho="2" sc="238,0,257,87,152,-77,343,0" /><INIT seed="5,0,0,4,2,88" ten="238,344,75,343" oya="1" hai0="123,59,51,5,21,46,1,54,64,6,38,37,63" hai1="116,7,66,47,94,118,95,31,0,110,9,100,75" hai2="121,84,127,129,126,106,70,113,68,57,27,79,74" hai3="134,117,99,2,89,13,131,30,10,135,26,85,132"/><U112/><E75/><V96/><F57/><W72/><G72/><T39/><D123/><U61/><E31/><V18/><F18/><W41/><G41/><T77/><D77/><U78/><E78/><V101/><F121/><W111/><G2/><T19/><D1/><U105/><E105/><V40/><F129/><W93/><G111/><T24/><AGARI ba="0,0" hai="5,6,19,21,24,37,38,39,46,51,54,59,63,64" machi="24" ten="30,1100,0" yaku="0,1" doraHai="88" who="0" fromWho="0" sc="238,11,344,-5,75,-3,343,-3" /><INIT seed="6,0,0,2,1,107" ten="249,339,72,340" oya="2" hai0="10,81,97,135,13,74,76,114,4,29,47,32,130" hai1="112,75,82,95,119,90,15,78,64,115,109,37,69" hai2="25,48,123,98,66,125,36,122,14,106,62,111,92" hai3="61,46,18,9,118,63,59,41,129,85,7,27,73"/><V21/><F36/><W120/><G120/><T102/><D114/><N who="1" m="43563" /><E37/><V124/><F106/><W50/><G118/><T126/><D126/><N who="2" m="48746" /><F48/><W79/><G129/><T105/><D130/><U128/><E128/><V23/><F14/><W127/><G127/><T110/><D110/><U86/><E15/><V131/><F131/><W58/><G85/><T116/><D116/><U83/><E109/><V121/><F25/><W57/><G18/><T20/><D135/><U68/><E119/><V28/><F28/><W11/><G27/><T39/><D20/><U1/><E1/><V113/><F113/><W104/><G104/><T17/><D29/><U6/><E6/><V88/><F111/><W93/><G93/><T34/><D17/><U26/><E26/><V19/><F19/><W77/><G77/><T103/><D103/><U5/><E5/><V99/><F99/><W96/><G96/><T65/><D34/><U94/><E64/><V0/><F0/><W8/><REACH who="3" step="1"/><G7/><REACH who="3" ten="249,339,72,330" step="2"/><T52/><D4/><U55/><E95/><V45/><F45/><W35/><G35/><T133/><D105/><U54/><E94/><V31/><F31/><W56/><N who="3" m="14336" /><DORA hai="80" /><W30/><G30/><T60/><D97/><U51/><E78/><V16/><F16/><W132/><G132/><T87/><D32/><U101/><E101/><V134/><F134/><W70/><G70/><AGARI ba="0,1" hai="21,23,62,66,70,88,92,98,121,122,123" m="48746" machi="70" ten="40,3900,0" yaku="18,1,54,1" doraHai="107,80" who="2" fromWho="3" sc="249,0,339,0,72,49,330,-39" /><INIT seed="6,1,0,4,1,75" ten="249,339,121,291" oya="2" hai0="24,43,112,30,25,134,60,103,113,71,110,8,82" hai1="98,105,73,123,132,95,111,28,33,32,6,88,70" hai2="72,106,14,35,79,69,10,109,102,11,13,55,120" hai3="81,108,56,94,92,12,45,118,104,131,51,61,126"/><V68/><F35/><W58/><G118/><T20/><D110/><U40/><E111/><V96/><F120/><W57/><G104/><T65/><D134/><U1/><E70/><V97/><F109/><W34/><G34/><T63/><D43/><U50/><E28/><V2/><F2/><W78/><G108/><T31/><D8/><U89/><E6/><V90/><F55/><W16/><G126/><T38/><D38/><U4/><E4/><V76/><F72/><W67/><G131/><T21/><D63/><U39/><E39/><V23/><F23/><W77/><G94/><T86/><D103/><U7/><E7/><V116/><F90/><AGARI ba="1,0" hai="20,21,24,25,30,31,60,65,71,82,86,90,112,113" machi="90" ten="40,1300,0" yaku="9,1" doraHai="75" who="0" fromWho="2" sc="249,16,339,0,121,-16,291,0" /><INIT seed="7,0,0,1,0,68" ten="265,339,105,291" oya="3" hai0="134,113,61,9,15,103,127,105,78,46,10,122,57" hai1="19,38,90,47,24,35,72,62,5,74,8,14,111" hai2="84,85,0,116,75,20,11,64,69,126,129,31,114" hai3="59,88,109,28,86,23,118,1,33,99,53,32,106"/><W43/><G118/><T25/><D122/><U7/><E111/><V92/><F75/><W117/><G117/><T120/><D120/><U80/><E62/><V130/><F116/><W42/><G109/><T77/><D134/><U70/><E70/><V21/><F69/><W56/><G1/><T107/><D10/><U110/><E110/><V131/><F64/><W4/><G4/><T108/><D108/><U135/><E135/><V97/><F31/><W13/><G33/><T94/><D127/><U115/><E115/><V132/><F132/><W119/><G32/><T65/><D113/><U36/><E74/><V76/><F114/><W48/><G119/><T89/><D105/><U6/><E47/><V45/><F126/><W87/><G59/><T34/><D107/><U44/><E44/><V40/><F76/><W102/><G87/><T100/><D46/><U54/><E54/><V96/><F11/><W2/><G2/><T16/><D77/><U112/><E112/><V39/><F0/><W22/><G22/><N who="0" m="13511" /><D78/><U30/><E72/><V133/><F133/><W121/><G121/><T12/><D34/><U123/><E123/><V60/><F60/><W125/><G125/><T104/><D104/><U29/><E29/><V3/><F3/><W95/><G28/><T83/><D83/><U93/><E80/><V67/><F67/><W55/><G53/><T63/><D61/><U101/><E35/><V52/><F52/><W26/><G26/><T124/><D124/><U79/><E24/><V51/><F51/><W82/><G82/><T71/><D71/><U37/><E30/><RYUUKYOKU ba="0,0" sc="265,-10,339,-10,105,-10,291,30" hai3="13,23,42,43,48,55,56,86,88,95,99,102,106" /><INIT seed="7,1,0,1,1,127" ten="255,329,95,321" oya="3" hai0="18,57,78,16,103,96,26,61,35,65,74,108,83" hai1="9,125,20,58,11,36,91,27,52,72,85,69,134" hai2="111,37,3,30,95,47,90,49,1,2,67,33,63" hai3="86,76,46,126,50,60,135,10,92,17,93,29,41"/><W82/><G126/><T131/><D108/><U44/><E69/><V84/><F84/><W42/><G135/><T4/><D4/><U128/><E72/><V59/><F90/><W77/><G77/><T25/><D131/><U68/><E68/><V64/><F95/><W32/><G42/><T105/><D26/><U7/><E128/><V110/><F49/><W23/><G32/><T45/><D45/><U122/><E122/><V117/><F117/><W62/><G10/><T15/><D15/><U106/><E106/><V34/><F59/><W100/><G29/><T81/><D83/><U119/><E125/><V114/><F114/><W5/><G5/><T73/><REACH who="0" step="1"/><D74/><REACH who="0" ten="245,329,95,321" step="2"/><U6/><E6/><V12/><F12/><N who="3" m="9639" /><G93/><T43/><D43/><U121/><E7/><V48/><F48/><W38/><G38/><T79/><D79/><U97/><E36/><V75/><F75/><W107/><G107/><T115/><D115/><U54/><E44/><V94/><F94/><W71/><G71/><T80/><D80/><U109/><E109/><V14/><F14/><W133/><G133/><T40/><D40/><U8/><E27/><V22/><F110/><W132/><G132/><T89/><D89/><U19/><E134/><V112/><F111/><W31/><G31/><AGARI ba="1,1" hai="16,18,25,31,35,57,61,65,73,78,81,96,103,105" machi="31" ten="40,5200,0" yaku="1,1,54,1,53,1" doraHai="127" doraHaiUra="28" who="0" fromWho="3" sc="245,65,329,0,95,0,321,-55" owari="310,11.0,329,42.0,95,-40.0,266,-13.0" /></mjloggm>