<mjloggm ver="2.3"><GO type="225" lobby="0"/><UN n0="%EF%BC%93%EF%BD%90%E3%81%8C%E3%83%84%E3%83%A2%E3%82%8C%E3%81%AA%E3%81%84" n1="%E5%AE%89%E6%9C%AC%E5%BD%A9%E8%8A%B1" n2="%E6%9D%8E%E8%B3%80" n3="%E3%82%A6%E3%83%AB%E3%83%88%E3%83%A9%E7%AB%8B%E7%9B%B4" dan="17,16,16,17" rate="2158.17,2012.31,2093.57,2157.98" sx="M,F,M,M"/><TAIKYOKU oya="0"/><INIT seed="0,0,0,4,1,58" ten="250,250,250,250" oya="0" hai0="66,6,61,21,94,135,36,102,85,77,18,125,3" hai1="28,60,27,132,75,46,34,96,63,53,101,26,115" hai2="120,88,130,80,122,107,48,99,7,134,31,131,104" hai3="30,16,49,32,38,113,92,4,110,70,55,111,106"/><T126/><D36/><U45/><E75/><V65/><F134/><W82/><G106/><N who="2" m="40489" /><F7/><W91/><G38/><T5/><D135/><U73/><E73/><V40/><F31/><W0/><G70/><T121/><D121/><U9/><E132/><V44/><F65/><W118/><G82/><N who="0" m="47311" /><D3/><U124/><E124/><N who="0" m="47721" /><D94/><N who="1" m="58519" /><E115/><V86/><F99/><W72/><G118/><T93/><D93/><U64/><E34/><V81/><F81/><W2/><G111/><T14/><D102/><U24/><E64/><V103/><F103/><W79/><G110/><T13/><D14/><U20/><E9/><V52/><F40/><W1/><G2/><T25/><D13/><U84/><E84/><V128/><AGARI ba="0,0" hai="44,48,52,80,86,88,120,122,128,130,131" m="40489" machi="128" ten="40,5200,0" yaku="19,1,54,2" doraHai="58" who="2" fromWho="2" sc="250,-26,250,-13,250,52,250,-13" /><INIT seed="1,0,0,3,5,111" ten="224,237,302,237" oya="1" hai0="24,56,98,15,7,52,123,49,34,118,89,129,54" hai1="75,8,53,20,0,84,3,93,12,13,25,95,71" hai2="134,39,23,108,29,16,101,55,21,116,73,125,38" hai3="17,99,6,44,40,87,114,102,105,35,64,70,126"/><U97/><E71/><V58/><F116/><W128/><G17/><T124/><D118/><U72/><E84/><V32/><F73/><W80/><G6/><T14/><D124/><U132/><E132/><V33/><F108/><W92/><G126/><T47/><D129/><U133/><E133/><V66/><F66/><W19/><G19/><T106/><D123/><U42/><E42/><V127/><F134/><W113/><G128/><T63/><D7/><U62/><E95/><V41/><F101/><W78/><G35/><T46/><D47/><U18/><E12/><V131/><F131/><W57/><G57/><T119/><D119/><U104/><E104/><V96/><F96/><W36/><REACH who="3" step="1"/><G105/><REACH who="3" ten="224,237,302,227" step="2"/><T100/><D34/><U74/><E62/><AGARI ba="0,1" hai="36,40,44,62,64,70,78,80,87,92,99,102,113,114" machi="62" ten="40,8000,1" yaku="1,1,2,1,52,2,53,0" doraHai="111" doraHaiUra="30" who="3" fromWho="1" sc="224,0,237,-80,302,0,227,90" /><INIT seed="2,0,0,2,4,57" ten="224,157,302,317" oya="2" hai0="67,77,25,28,2,87,18,4,65,76,130,27,37" hai1="70,17,64,112,126,26,22,19,56,40,21,51,46" hai2="95,52,47,117,133,109,23,91,72,129,80,74,135" hai3="7,73,114,81,111,59,134,128,96,20,118,12,100"/><V94/><F117/><W97/><G118/><T55/><D37/><U48/><E112/><V14/><F129/><W79/><G114/><T62/><D130/><U125/><E70/><V9/><F23/><W84/><G128/><T30/><D2/><U115/><E115/><V34/><F34/><W63/><G134/><N who="2" m="51209" /><F94/><W78/><G111/><T50/><D4/><U123/><E123/><V58/><F47/><W107/><G96/><T15/><D25/><U42/><E42/><V61/><F80/><W0/><G0/><T45/><D27/><U132/><E132/><V105/><F105/><W1/><G1/><T66/><D28/><U93/><E93/><V60/><F60/><W44/><G44/><T29/><D30/><U10/><E10/><V43/><F43/><W13/><G20/><T3/><D29/><U116/><E116/><V124/><F109/><W41/><G41/><T24/><D24/><U98/><E98/><N who="2" m="57727" /><F124/><W113/><G113/><T38/><D62/><U82/><E82/><V101/><F101/><W122/><G122/><T54/><D45/><U5/><E26/><V16/><AGARI ba="0,0" hai="9,14,16,52,58,61,72,74" m="57727,51209" machi="16" ten="30,11700,0" yaku="20,1,52,1,54,2" doraHai="57" who="2" fromWho="2" sc="224,-39,157,-39,302,117,317,-39" /><INIT seed="2,1,0,4,2,1" ten="185,118,419,278" oya="2" hai0="127,10,24,8,7,26,93,81,23,67,57,22,104" hai1="92,15,86,51,121,76,9,39,54,34,75,90,128" hai2="70,66,47,69,65,105,42,126,28,20,19,102,29" hai3="40,116,36,6,16,125,110,63,37,48,115,72,68"/><V85/><F85/><W18/><G72/><T3/><D104/><U99/><E39/><V112/><F112/><W113/><G116/><T77/><D127/><U83/><E121/><V62/><F126/><W131/><G125/><T25/><D93/><U89/><E34/><V118/><F118/><W82/><G82/><T35/><D35/><U5/><E128/><V60/><F102/><W119/><G119/><T30/><D22/><U21/><E21/><V73/><F73/><W44/><G131/><T114/><D114/><N who="3" m="43529" /><G6/><T109/><D109/><U17/><E17/><N who="3" m="6762" /><G110/><T132/><D132/><U58/><REACH who="1" step="1"/><E75/><REACH who="1" ten="185,108,419,278" step="2"/><V100/><F19/><W61/><G68/><T52/><D8/><U101/><AGARI ba="1,1" hai="5,9,15,51,54,58,76,83,86,89,90,92,99,101" machi="101" ten="20,12000,2" yaku="1,1,2,1,0,1,7,1,8,1,52,1,53,0" doraHai="1" doraHaiUra="14" who="1" fromWho="1" sc="185,-31,108,133,419,-61,278,-31" /><INIT seed="3,0,0,1,5,32" ten="154,241,358,247" oya="3" hai0="102,24,31,41,118,38,121,59,87,42,82,105,72" hai1="108,86,39,127,116,76,117,57,119,36,88,85,98" hai2="73,122,133,19,107,124,90,66,11,63,2,14,129" hai3="123,29,67,46,54,81,134,4,35,96,16,53,3"/><W110/><G123/><T0/><D121/><U94/><E108/><V74/><F107/><W125/><G110/><T128/><D118/><U109/><E109/><V27/><F2/><W77/><G67/><T37/><D128/><U80/><E127/><V7/><F129/><W132/><G96/><T79/><D37/><N who="1" m="14411" /><E57/><V26/><F90/><W47/><G16/><T106/><D106/><U33/><E33/><V71/><F133/><W120/><G120/><T44/><D41/><U75/><AGARI ba="0,0" hai="75,76,80,85,86,88,94,98,116,117,119" m="14411" machi="75" ten="40,2700,0" yaku="12,1,54,1" doraHai="32" who="1" fromWho="1" sc="154,-7,241,27,358,-7,247,-13" owari="147,-35.0,268,7.0,351,45.0,234,-17.0" /></mjloggm>