<mjloggm ver="2.3"><GO type="169" lobby="0"/><UN n0="%E3%81%B5%E3%81%8B%E3%81%98" n1="%EF%BC%9D%E9%B7%BA%E6%A3%AE%E7%81%BC%EF%BC%9D" n2="%E5%B0%B1%E6%B4%BB%E7%94%9F%40%E5%B7%9D%E6%9D%91%E8%BB%8D%E5%9B%A3" n3="%E3%82%8F%E3%81%91%E3%82%8F%E3%81%8B%E3%82%81" dan="17,16,16,16" rate="2164.16,2086.96,2114.73,2079.00" sx="M,F,M,M"/><TAIKYOKU oya="0"/><INIT seed="0,0,0,5,2,18" ten="250,250,250,250" oya="0" hai0="60,117,46,126,1,120,23,125,119,89,111,2,95" hai1="98,79,56,13,62,47,109,33,108,15,27,52,84" hai2="10,11,86,50,57,91,131,17,69,12,70,64,132" hai3="85,21,134,97,92,16,51,34,38,115,102,65,4"/><T25/><D120/><U73/><E73/><V55/><F131/><W19/><G115/><T30/><D46/><U105/><E105/><V135/><F10/><W35/><G38/><T32/><D60/><U122/><E122/><V37/><F37/><W24/><G134/><T43/><D43/><U128/><E128/><V22/><F11/><W101/><G4/><T63/><D63/><U127/><E98/><V78/><F78/><W0/><G0/><N who="0" m="107" /><D111/><N who="1" m="42571" /><E127/><N who="0" m="48649" /><D32/><U9/><E9/><V14/><F14/><W67/><G35/><T59/><D59/><U28/><E47/><V61/><REACH who="2" step="1"/><F69/><REACH who="2" ten="250,250,240,250" step="2"/><W110/><G110/><T40/><D40/><U94/><E79/><V53/><F53/><W58/><G65/><T81/><D81/><AGARI ba="0,1" hai="12,17,22,50,55,57,61,64,70,81,86,91,132,135" machi="81" ten="40,8000,1" yaku="1,1,52,1,53,2" doraHai="18" doraHaiUra="129" who="2" fromWho="0" sc="250,-80,250,0,240,90,250,0" /><INIT seed="1,0,0,2,4,106" ten="170,250,330,250" oya="1" hai0="122,85,32,49,22,5,105,43,55,26,71,121,128" hai1="46,48,14,91,66,114,59,51,54,104,3,23,110" hai2="97,112,126,62,27,115,87,65,34,75,45,83,81" hai3="73,89,125,35,99,70,72,8,119,101,17,96,11"/><U2/><E114/><N who="2" m="43563" /><F126/><W38/><G70/><T100/><D71/><U135/><E135/><V120/><F120/><W68/><G68/><T92/><D32/><U44/><E104/><V63/><F97/><W127/><G35/><T20/><D43/><U117/><E117/><V52/><F34/><W41/><G119/><T84/><D105/><U37/><E37/><V80/><F27/><W116/><G116/><T21/><D5/><U39/><E39/><V78/><F87/><W40/><G89/><T109/><D26/><U79/><E79/><V64/><F63/><W9/><G17/><T12/><D12/><U107/><E107/><V86/><F86/><W131/><G131/><T10/><D10/><U130/><E130/><V88/><F88/><W124/><G101/><T50/><D128/><U13/><E110/><V57/><F65/><W123/><G123/><T82/><D109/><U118/><E118/><V95/><F95/><W36/><G36/><T30/><D84/><U76/><E76/><V24/><F24/><W94/><G94/><T90/><D30/><U28/><E91/><V47/><F47/><N who="3" m="23959" /><G41/><T29/><D29/><U98/><E98/><AGARI ba="0,0" hai="8,9,11,72,73,96,98,99,124,125,127" m="23959" machi="98" ten="40,5200,0" yaku="18,1,52,2" doraHai="106" who="3" fromWho="1" sc="170,0,250,-52,330,0,250,52" /><INIT seed="2,0,0,1,3,20" ten="170,198,330,302" oya="2" hai0="63,130,4,90,127,1,88,107,76,50,25,22,41" hai1="81,11,10,37,84,104,98,75,39,126,128,113,53" hai2="82,103,124,23,74,29,105,13,33,73,36,100,109" hai3="133,62,32,116,57,102,85,34,61,115,97,46,121"/><V52/><F36/><W89/><G116/><T31/><D107/><U68/><E75/><V55/><F33/><W112/><G121/><T118/><D118/><U42/><E113/><N who="3" m="43594" /><G133/><T119/><D119/><U110/><E68/><V77/><F74/><W56/><G46/><T87/><D130/><U17/><E128/><V134/><F134/><W131/><G131/><T49/><D127/><U86/><E86/><V27/><F124/><W21/><G21/><T65/><D76/><U45/><E39/><V96/><F109/><W60/><G34/><T111/><D111/><U16/><E126/><V108/><F108/><W18/><G18/><T9/><D41/><U19/><E110/><V106/><REACH who="2" step="1"/><F13/><REACH who="2" ten="170,198,320,302" step="2"/><W70/><G32/><T78/><D78/><U28/><E11/><V129/><F129/><W35/><G35/><T122/><D122/><U30/><E10/><V2/><F2/><W114/><G114/><T123/><D123/><U101/><REACH who="1" step="1"/><E53/><REACH who="1" ten="170,188,320,302" step="2"/><V58/><F58/><W69/><G56/><T43/><D9/><U7/><E7/><V64/><F64/><W15/><G57/><T38/><D65/><U125/><E125/><V94/><F94/><W91/><G69/><T54/><D4/><U93/><E93/><V0/><F0/><W51/><G70/><T48/><D1/><U59/><E59/><V95/><F95/><W72/><G72/><T5/><D5/><U120/><E120/><V44/><F44/><W8/><G8/><T3/><D3/><U66/><E66/><V71/><F71/><W24/><G62/><T132/><D63/><U12/><E12/><RYUUKYOKU ba="0,2" sc="170,-15,188,15,320,15,302,-15" hai1="16,17,19,28,30,37,42,45,81,84,98,101,104" hai2="23,27,29,52,55,73,77,82,96,100,103,105,106" /><INIT seed="2,1,2,5,2,64" ten="155,203,335,287" oya="2" hai0="55,37,4,25,9,18,40,54,23,19,39,109,21" hai1="124,73,28,106,100,113,16,85,56,91,48,62,43" hai2="76,35,20,68,44,135,115,2,29,105,123,53,95" hai3="46,128,38,87,6,27,65,78,60,117,7,129,133"/><V42/><F105/><W125/><G117/><T121/><D121/><U69/><E73/><V93/><F2/><W41/><G125/><T47/><D39/><U71/><E28/><V66/><F35/><W13/><G133/><T116/><D109/><U67/><E113/><V63/><F76/><W94/><G27/><T51/><D116/><U88/><E124/><V57/><F123/><W30/><G30/><T132/><D132/><U97/><E91/><V104/><F104/><W61/><G61/><T126/><D126/><U75/><E75/><V127/><F135/><W119/><G119/><T33/><D33/><U98/><E98/><V32/><F32/><W3/><G13/><N who="0" m="5287" /><D37/><U83/><REACH who="1" step="1"/><E16/><REACH who="1" ten="155,193,335,287" step="2"/><V50/><F127/><W86/><G86/><T34/><D34/><U111/><E111/><V24/><REACH who="2" step="1"/><F115/><REACH who="2" ten="155,193,325,287" step="2"/><W10/><G78/><T5/><D5/><U45/><AGARI ba="1,4" hai="43,45,48,56,62,67,69,71,83,85,88,97,100,106" machi="45" ten="30,12000,2" yaku="1,1,0,1,52,2,54,1,53,1" doraHai="64" doraHaiUra="96" who="1" fromWho="1" sc="155,-31,193,163,325,-61,287,-31" /><INIT seed="3,0,0,5,4,62" ten="124,356,264,256" oya="3" hai0="134,66,84,60,57,21,131,109,77,24,101,27,90" hai1="125,7,55,0,23,51,126,113,75,54,79,116,61" hai2="104,3,76,135,82,102,10,43,69,47,87,58,65" hai3="124,114,94,42,105,97,18,11,48,85,117,72,95"/><W98/><G114/><T115/><D109/><U74/><E113/><V121/><F121/><W12/><G117/><T59/><D131/><U14/><E0/><V36/><F135/><W103/><G72/><T39/><D39/><U9/><E116/><V4/><F58/><W33/><G33/><T71/><D115/><U22/><E61/><V45/><F45/><W120/><G120/><T112/><D112/><U81/><E75/><V28/><F28/><W67/><G124/><N who="1" m="47722" /><E55/><V100/><REACH who="2" step="1"/><F104/><REACH who="2" ten="124,356,254,256" step="2"/><W37/><G105/><T52/><D134/><U88/><E88/><V40/><F40/><W127/><G42/><T92/><D59/><AGARI ba="0,1" hai="7,9,14,22,23,51,54,59,74,79,81" m="47722" machi="59" ten="30,1000,0" yaku="18,1" doraHai="62" who="1" fromWho="0" sc="124,-10,356,20,254,0,256,0" /><INIT seed="4,0,0,1,1,96" ten="114,376,254,256" oya="0" hai0="100,46,81,119,44,9,98,93,90,78,72,123,58" hai1="65,126,80,132,27,70,104,108,14,16,5,29,50" hai2="48,40,25,59,88,109,129,102,36,106,6,74,87" hai3="53,18,75,49,107,67,85,26,42,116,30,35,61"/><T114/><D119/><U112/><E108/><V105/><F74/><W122/><G75/><T120/><D114/><U76/><E5/><V28/><F129/><W77/><G107/><T101/><D58/><U62/><E112/><V95/><F109/><W51/><G116/><T63/><D63/><U22/><E132/><V0/><F0/><W19/><G122/><T91/><D9/><U15/><E126/><V11/><F36/><W38/><G49/><T89/><D46/><U7/><E104/><V55/><F40/><W3/><G3/><T47/><D47/><U73/><E7/><V24/><F24/><W121/><G121/><N who="0" m="46667" /><D44/><U94/><E50/><V125/><F125/><W117/><G42/><T56/><D56/><U133/><E133/><V39/><F39/><W115/><G38/><T111/><D111/><U8/><E15/><V84/><F84/><W21/><G35/><T113/><D113/><U124/><E124/><V60/><F60/><W1/><G1/><T71/><D71/><U13/><E13/><V134/><F134/><W17/><G117/><T64/><D64/><U135/><E135/><V32/><F11/><W103/><G61/><T82/><D100/><U52/><E52/><V131/><F6/><W128/><G67/><T130/><D130/><U68/><E68/><V45/><F131/><W66/><G128/><T10/><D10/><U54/><E54/><V20/><F32/><W34/><G66/><T110/><D110/><U99/><E8/><V97/><F45/><N who="3" m="27887" /><G34/><T23/><D23/><U69/><E14/><V4/><F4/><W43/><G115/><RYUUKYOKU ba="0,0" sc="114,15,376,-15,254,15,256,-15" hai0="72,78,81,82,89,90,91,93,98,101" hai2="20,25,28,48,55,59,87,88,95,97,102,105,106" /><INIT seed="4,1,0,0,2,71" ten="129,361,269,241" oya="0" hai0="78,12,36,133,82,35,29,101,30,88,131,124,132" hai1="97,118,114,100,92,70,48,105,55,91,67,50,33" hai2="17,116,32,57,126,84,40,27,58,76,75,85,9" hai3="21,52,4,49,96,16,102,43,104,103,28,64,22"/><T113/><D36/><U77/><E118/><V23/><F126/><W24/><G43/><T111/><D124/><U53/><E33/><V13/><F32/><W54/><G4/><T2/><D2/><U14/><E77/><V38/><F116/><W60/><G102/><T86/><D113/><U15/><E114/><V119/><F119/><W79/><G49/><T120/><D120/><U72/><E72/><V59/><F75/><W6/><G6/><T128/><D111/><U112/><E67/><V117/><F117/><W110/><G79/><T123/><D123/><U93/><E70/><V26/><F76/><W19/><G110/><T5/><D101/><U46/><E105/><V7/><REACH who="2" step="1"/><F26/><REACH who="2" ten="129,361,259,241" step="2"/><W135/><G135/><N who="0" m="51787" /><D78/><U20/><E112/><V69/><F69/><W108/><G108/><T45/><D35/><U125/><E125/><V94/><F94/><W10/><G28/><N who="0" m="10859" /><D45/><AGARI ba="1,1" hai="7,9,13,17,23,27,38,40,45,57,58,59,84,85" machi="45" ten="40,2600,0" yaku="1,1,52,1,53,0" doraHai="71" doraHaiUra="106" who="2" fromWho="0" sc="129,-29,361,0,259,39,241,0" /><INIT seed="5,0,0,1,0,123" ten="100,361,298,241" oya="1" hai0="117,89,58,79,81,73,111,53,95,5,13,130,90" hai1="113,14,43,48,88,30,127,103,44,114,64,72,12" hai2="69,35,68,80,7,46,27,47,49,19,128,108,45" hai3="96,94,124,38,61,15,121,99,65,112,57,26,134"/><U25/><E72/><V100/><F108/><W11/><G121/><T98/><D117/><U83/><E103/><V32/><F128/><W28/><G38/><T71/><D71/><U59/><E127/><V39/><F39/><W118/><G124/><T87/><D130/><U60/><E83/><V67/><F7/><W22/><G118/><T56/><D111/><U92/><E12/><V122/><F122/><W132/><G112/><T1/><D1/><U86/><REACH who="1" step="1"/><E14/><REACH who="1" ten="100,351,298,241" step="2"/><V2/><F100/><N who="3" m="60439" /><G99/><T125/><D125/><U9/><E9/><V70/><F80/><W24/><G24/><T101/><D13/><U93/><E93/><V85/><F2/><W119/><G119/><T42/><D101/><U82/><E82/><V21/><F67/><W10/><G11/><T41/><D81/><U34/><AGARI ba="0,1" hai="25,30,34,43,44,48,59,60,64,86,88,92,113,114" machi="34" ten="30,6000,0" yaku="1,1,0,1,54,1,53,0" doraHai="123" doraHaiUra="104" who="1" fromWho="1" sc="100,-20,351,70,298,-20,241,-20" /><INIT seed="5,1,0,1,3,75" ten="80,421,278,221" oya="1" hai0="1,106,65,14,10,129,64,40,113,135,117,111,62" hai1="90,121,112,97,3,45,83,108,84,0,24,79,105" hai2="32,30,5,110,87,19,37,28,67,50,80,127,12" hai3="17,74,102,35,66,91,63,42,54,59,18,22,122"/><U103/><E121/><V41/><F110/><W4/><G122/><T85/><D111/><U89/><E108/><V29/><F127/><W134/><G74/><T57/><D117/><U55/><E112/><V109/><F109/><W46/><G35/><T2/><D106/><U34/><E34/><V7/><F32/><W96/><G134/><T116/><D116/><U51/><E24/><V71/><F71/><W43/><G4/><T78/><D113/><U82/><E90/><V58/><F37/><W33/><G33/><T131/><D135/><U49/><E49/><V53/><F67/><W16/><G91/><T128/><D40/><U88/><E89/><N who="2" m="51431" /><F41/><W9/><G9/><AGARI ba="1,0" hai="5,7,9,12,19,28,29,30,50,53,58" m="51431" machi="9" ten="30,1000,0" yaku="8,1" doraHai="75" who="2" fromWho="3" sc="80,0,421,0,278,13,221,-13" /><INIT seed="6,0,0,1,0,67" ten="80,421,291,208" oya="2" hai0="125,3,126,30,56,16,31,69,51,105,115,40,83" hai1="24,46,36,134,89,48,54,58,45,39,55,64,101" hai2="109,123,22,113,62,50,128,73,60,13,32,7,70" hai3="127,29,97,78,2,28,124,42,4,23,91,117,66"/><V37/><F37/><N who="1" m="14409" /><E101/><V76/><F32/><W75/><G117/><T81/><D105/><U100/><E100/><V121/><F109/><W53/><G42/><T96/><D3/><U130/><E89/><V9/><F113/><W20/><G66/><T85/><D96/><U21/><E24/><V57/><F128/><W86/><G97/><T106/><D106/><U93/><E93/><V112/><F112/><W74/><G53/><N who="1" m="19978" /><E21/><V35/><F35/><W17/><G78/><T79/><D56/><U92/><E92/><V107/><F107/><W5/><G91/><T103/><D103/><U61/><E134/><V49/><F76/><W44/><G44/><N who="1" m="17002" /><E130/><V72/><F73/><W122/><G86/><T104/><D104/><U133/><E133/><V132/><F72/><W41/><G2/><T99/><D99/><U95/><E95/><V111/><F132/><W19/><G75/><T120/><D79/><U84/><E84/><V135/><F111/><W80/><G74/><T1/><D85/><U14/><E14/><V10/><F135/><W87/><G87/><T33/><D33/><U98/><E98/><V34/><F34/><W6/><G4/><T52/><D1/><U47/><N who="1" m="17010" /><U119/><DORA hai="90" /><E119/><V94/><F22/><W63/><G20/><T131/><D131/><U0/><E0/><V38/><F10/><W102/><G23/><T118/><D118/><U88/><E88/><V71/><F9/><W18/><G102/><T129/><D129/><U65/><E65/><V12/><F13/><W8/><G8/><T43/><D81/><U26/><E26/><RYUUKYOKU ba="0,0" sc="80,-10,421,30,291,-10,208,-10" hai1="48,58,61,64" /><INIT seed="7,1,0,5,4,111" ten="70,451,281,198" oya="3" hai0="55,77,115,98,31,9,40,99,89,126,63,2,7" hai1="106,14,94,46,4,104,78,11,39,113,51,110,35" hai2="72,57,88,102,47,70,19,67,17,114,65,125,97" hai3="105,85,58,62,91,54,103,131,76,86,1,135,119"/><W130/><G119/><T0/><D126/><U112/><E110/><V50/><F70/><W127/><G127/><T100/><D0/><U42/><E35/><V49/><F114/><N who="1" m="44137" /><E78/><V41/><F72/><W107/><G1/><T5/><D115/><U25/><E25/><V23/><F125/><W22/><G135/><T45/><D7/><U83/><E83/><V27/><F17/><W33/><G33/><T121/><D121/><U132/><E132/><V123/><F123/><W128/><G103/><T82/><D31/><U93/><E39/><V34/><F34/><W26/><G76/><T81/><D89/><U69/><E69/><V73/><F73/><W60/><G60/><T84/><D100/><U32/><E32/><V20/><F20/><W124/><G124/><T66/><D55/><U37/><E37/><V13/><F27/><W129/><G128/><T18/><D18/><U29/><E29/><V74/><F74/><W53/><G53/><T109/><D82/><U90/><E90/><V56/><F102/><W24/><G91/><T6/><D6/><U21/><E21/><V134/><F134/><W59/><G129/><T101/><D101/><U8/><E8/><V92/><F50/><W16/><G16/><T10/><D10/><U71/><E71/><V52/><F41/><W36/><G22/><T30/><D30/><U43/><E42/><V28/><F28/><W96/><G54/><T64/><D109/><U116/><E116/><V15/><F15/><W122/><G122/><T95/><D40/><U120/><E120/><V12/><F12/><W3/><G130/><RYUUKYOKU ba="1,0" sc="70,-15,451,15,281,15,198,-15" hai1="4,11,14,43,46,51,93,94,104,106" hai2="13,19,23,47,49,52,56,57,65,67,88,92,97" owari="55,-44.0,466,56.0,296,10.0,183,-22.0" /></mjloggm>