<mjloggm ver="2.3"><GO type="169" lobby="0"/><UN n0="%E3%83%88%E3%83%88%E3%83%AA%E5%85%88%E7%94%9F%31%39%E6%AD%B3" n1="%E3%81%86%E3%81%83%E3%83%BC%E3%81%A1%E3%82%83%E3%82%93" n2="%43%50%30%33" n3="%65%69%6B%31" dan="19,17,16,17" rate="2274.94,2228.49,2146.74,2144.51" sx="F,M,M,M"/><TAIKYOKU oya="0"/><INIT seed="0,0,0,1,4,78" ten="250,250,250,250" oya="0" hai0="105,76,18,39,104,11,101,64,131,109,99,12,22" hai1="34,67,59,52,19,87,96,82,24,81,90,93,58" hai2="113,134,80,31,83,114,128,106,53,56,57,85,125" hai3="23,36,70,119,135,77,49,116,65,48,14,30,75"/><T130/><D39/><U13/><E34/><V60/><F106/><W54/><G36/><T72/><D105/><U110/><E110/><V29/><F125/><W26/><G135/><T38/><D38/><U71/><E71/><V47/><F134/><W98/><G98/><T17/><D109/><U88/><E67/><V0/><F47/><W45/><G70/><T122/><D64/><U2/><E2/><V32/><F0/><W97/><G65/><T127/><D122/><U5/><E5/><V42/><F42/><W108/><G108/><T6/><D127/><U84/><E24/><V50/><F128/><W102/><G14/><T25/><REACH who="0" step="1"/><D17/><REACH who="0" ten="240,250,250,250" step="2"/><U69/><E69/><V89/><F114/><W68/><G68/><T61/><D61/><U92/><E52/><N who="2" m="31767" /><F32/><W103/><G54/><T55/><D55/><U66/><E66/><V10/><F113/><W62/><G62/><T15/><D15/><U129/><E129/><V74/><F74/><W7/><G75/><T3/><D3/><U8/><REACH who="1" step="1"/><E93/><REACH who="1" ten="240,240,250,250" step="2"/><N who="2" m="54447" /><F10/><W121/><G121/><T112/><D112/><U94/><E94/><V40/><F40/><W86/><G119/><T115/><D115/><U4/><E4/><V46/><F46/><W132/><G116/><T44/><D44/><U120/><E120/><V28/><AGARI ba="0,2" hai="28,29,31,53,57,60,80,83" m="54447,31767" machi="28" ten="30,7900,0" yaku="8,1,52,2,54,1" doraHai="78" who="2" fromWho="2" sc="240,-39,240,-20,250,99,250,-20" /><INIT seed="1,0,0,3,0,96" ten="201,220,349,230" oya="1" hai0="118,46,78,33,58,106,48,45,72,76,13,18,47" hai1="126,59,7,130,77,99,57,6,8,128,115,67,83" hai2="71,2,49,36,114,64,29,26,135,52,120,55,133" hai3="15,104,40,116,94,73,95,100,107,10,93,50,54"/><U39/><E39/><V117/><F2/><W41/><G73/><T122/><D118/><U24/><E115/><V37/><F117/><W98/><G107/><T125/><D33/><U19/><E126/><V127/><F120/><W16/><REACH who="3" step="1"/><G116/><REACH who="3" ten="201,220,349,220" step="2"/><T70/><D106/><U108/><E130/><V102/><F114/><W74/><G74/><T109/><D72/><U62/><E128/><V65/><F127/><W121/><G121/><T27/><D122/><U89/><E108/><V90/><F135/><W134/><G134/><T68/><D109/><U75/><E6/><V21/><F133/><W42/><G42/><T43/><D125/><U60/><E7/><V80/><F37/><W132/><G132/><T110/><D43/><U103/><E89/><V28/><F90/><W17/><G17/><T14/><D110/><U20/><E8/><V3/><F36/><W22/><G22/><T51/><D76/><U119/><E119/><V32/><F21/><W11/><G11/><T129/><D78/><U124/><E124/><V105/><F105/><W56/><AGARI ba="0,1" hai="10,15,16,40,41,50,54,56,93,94,95,98,100,104" machi="56" ten="30,8000,1" yaku="1,1,0,1,52,1,54,1,53,1" doraHai="96" doraHaiUra="4" who="3" fromWho="3" sc="201,-20,220,-40,349,-20,220,90" /><INIT seed="2,0,0,1,3,13" ten="181,180,329,310" oya="2" hai0="11,41,131,63,116,55,16,7,48,42,85,82,133" hai1="29,73,26,66,111,128,104,76,14,39,121,115,102" hai2="79,1,27,71,126,114,127,123,32,54,45,99,105" hai3="5,49,21,44,50,69,89,43,28,47,24,8,36"/><V109/><F123/><W130/><G130/><T51/><D131/><U20/><E128/><V30/><F114/><W124/><G124/><N who="2" m="47657" /><F71/><W93/><G69/><T113/><D113/><U78/><E115/><V88/><F79/><W60/><G60/><T122/><D122/><U31/><E39/><V67/><F67/><W74/><G74/><T132/><D116/><U87/><E66/><V23/><F1/><W6/><G8/><T19/><D63/><U17/><E73/><V58/><F45/><W118/><G118/><T108/><D108/><U129/><E111/><V75/><F75/><W77/><G77/><N who="0" m="46287" /><D42/><U101/><E129/><V61/><F109/><W100/><G100/><T84/><D84/><U37/><E102/><N who="2" m="62687" /><F88/><W56/><G56/><N who="0" m="32871" /><D51/><U134/><E37/><V110/><F110/><W103/><G103/><T38/><D41/><U46/><E101/><V83/><F83/><W22/><G36/><T95/><D95/><U119/><E121/><V15/><F15/><W80/><G80/><T94/><D94/><U112/><E104/><V64/><F64/><W117/><G117/><T81/><D81/><U86/><E119/><V18/><F32/><W34/><G93/><T62/><D38/><U98/><E112/><V70/><F70/><W35/><G35/><T3/><D62/><U59/><E87/><V125/><F125/><W92/><G92/><T72/><D72/><U9/><E86/><V52/><F54/><N who="3" m="29991" /><G89/><T40/><D40/><U12/><E78/><V68/><F68/><W91/><G91/><T57/><D57/><U96/><E59/><V97/><F97/><RYUUKYOKU ba="0,0" sc="181,10,180,-30,329,10,310,10" hai0="3,7,11,16,19,132,133" hai2="18,23,27,30,52,58,61" hai3="5,6,21,22,24,28,34,43,47,50" /><INIT seed="2,1,0,2,2,85" ten="191,150,339,320" oya="2" hai0="87,72,105,88,52,68,132,81,71,118,41,34,128" hai1="32,83,53,123,95,82,109,76,54,56,131,10,62" hai2="106,8,134,6,69,86,135,101,74,36,29,121,92" hai3="11,58,114,44,126,26,45,97,13,47,64,122,67"/><V60/><F74/><W90/><G122/><T51/><D34/><U48/><E123/><V78/><F29/><W31/><G126/><T73/><D105/><U111/><E32/><V61/><F36/><W3/><G3/><T18/><D128/><U84/><E131/><V65/><F60/><W94/><G114/><T91/><D41/><U15/><E95/><V89/><F78/><W19/><REACH who="3" step="1"/><G58/><REACH who="3" ten="191,150,339,310" step="2"/><T124/><D124/><U112/><E112/><V108/><F121/><W9/><G9/><T70/><D118/><U17/><REACH who="1" step="1"/><E83/><REACH who="1" ten="191,140,339,310" step="2"/><V107/><F108/><W110/><G110/><T133/><D81/><U98/><E98/><V66/><F106/><W93/><G93/><T116/><D116/><U77/><E77/><V43/><F107/><W5/><G5/><T28/><D132/><U55/><E55/><V25/><F135/><W104/><G104/><T113/><D133/><U75/><E75/><V46/><F92/><W30/><G30/><T63/><D113/><U115/><E115/><V129/><F6/><W130/><G130/><T27/><D72/><U16/><E16/><V2/><F129/><W119/><G119/><T22/><D73/><U42/><E42/><V96/><F43/><W24/><G24/><T99/><D99/><U117/><E117/><V4/><F25/><W127/><G127/><T59/><D18/><U103/><E103/><V40/><F101/><W100/><G100/><T37/><D27/><U57/><AGARI ba="1,2" hai="10,15,17,48,53,54,56,57,62,76,82,84,109,111" machi="57" ten="30,4000,0" yaku="1,1,0,1,53,1" doraHai="85" doraHaiUra="12" who="1" fromWho="1" sc="191,-11,140,63,339,-21,310,-11" /><INIT seed="3,0,0,1,1,86" ten="180,203,318,299" oya="3" hai0="123,4,18,20,21,113,85,69,0,41,44,65,122" hai1="25,54,7,101,105,50,9,114,79,16,33,89,102" hai2="3,72,80,63,8,2,132,128,96,13,36,5,30" hai3="97,74,75,38,57,93,6,52,116,39,106,59,130"/><W109/><G116/><T56/><D69/><U43/><E114/><V111/><F30/><W108/><G106/><T48/><D113/><U126/><E126/><V82/><F128/><W84/><G130/><T22/><D0/><U73/><E43/><V88/><F111/><N who="3" m="42571" /><G6/><T19/><D4/><U12/><E105/><V131/><F131/><W24/><G84/><T98/><D122/><U112/><E112/><V83/><F132/><W133/><G24/><T40/><D123/><U71/><E71/><V127/><F72/><N who="3" m="27691" /><G59/><T27/><D98/><U91/><E79/><V66/><F127/><W26/><G26/><T87/><D27/><U64/><E73/><V1/><F36/><W95/><G133/><T107/><D87/><U92/><E33/><V17/><F3/><W37/><G97/><T104/><D104/><U110/><E110/><V70/><F5/><W32/><G32/><T62/><D107/><U99/><E25/><V10/><F2/><W34/><G34/><T68/><D68/><U67/><E7/><V135/><F135/><W81/><G81/><T77/><D40/><U42/><E42/><V61/><F1/><W78/><G78/><T23/><N who="0" m="5120" /><DORA hai="124" /><T14/><D14/><U118/><E118/><V55/><F13/><W134/><G134/><T120/><D120/><U35/><E35/><V11/><F96/><W103/><G103/><T90/><D77/><U15/><E15/><V46/><F70/><W129/><G129/><T117/><D117/><U47/><E102/><V119/><F119/><W115/><G115/><T125/><D125/><U53/><E101/><RYUUKYOKU ba="0,0" sc="180,15,203,-15,318,-15,299,15" hai0="18,19,41,44,48,56,62,65,85,90" hai3="37,38,39,52,57,93,95" /><INIT seed="3,1,0,3,4,57" ten="195,188,303,314" oya="3" hai0="11,80,99,70,110,98,72,47,85,23,52,120,66" hai1="82,73,112,86,115,40,67,94,95,35,89,63,14" hai2="29,46,117,109,33,77,64,41,27,114,133,121,97" hai3="128,92,58,20,18,65,103,125,131,69,16,74,15"/><W130/><G74/><T5/><D120/><U135/><E35/><V122/><F114/><W123/><G123/><N who="2" m="47113" /><F117/><W124/><G69/><T4/><D72/><U36/><E135/><V90/><F133/><W6/><G6/><T104/><D110/><U34/><E34/><V107/><F109/><W8/><G65/><T127/><D127/><N who="3" m="48713" /><G58/><T51/><D104/><U32/><E32/><V24/><F77/><W96/><G18/><T78/><D4/><U1/><E1/><V19/><F64/><W84/><G84/><T113/><D113/><U116/><E116/><V37/><F19/><W21/><AGARI ba="1,0" hai="8,15,16,20,21,92,96,103,128,130,131" m="48713" machi="21" ten="40,7800,0" yaku="19,1,18,1,54,1" doraHai="57" who="3" fromWho="3" sc="195,-27,188,-27,303,-27,314,81" /><INIT seed="3,2,0,3,1,126" ten="168,161,276,395" oya="3" hai0="63,115,131,52,51,39,15,116,7,59,109,30,89" hai1="29,49,114,32,98,112,58,47,124,67,8,100,99" hai2="66,119,121,20,69,71,43,25,26,53,50,127,28" hai3="34,62,2,79,1,84,14,36,13,125,17,129,87"/><W83/><G36/><T68/><D116/><U55/><E124/><V113/><F119/><W77/><G125/><T91/><D39/><U95/><E32/><V44/><F113/><W4/><G34/><T128/><D115/><U94/><E29/><V9/><F121/><W21/><G129/><N who="0" m="49739" /><D109/><U31/><E31/><V19/><F127/><W46/><G46/><N who="0" m="27767" /><D68/><U80/><E80/><V88/><F71/><W56/><G84/><T134/><D134/><U38/><E8/><V117/><F9/><N who="3" m="4263" /><G2/><T74/><D74/><U70/><E70/><V65/><F69/><W45/><G1/><T133/><D133/><U11/><E11/><V64/><F117/><W135/><G135/><T82/><D82/><U123/><E123/><V35/><F43/><W5/><G5/><T92/><D7/><U10/><E10/><V24/><F28/><W130/><G130/><T110/><D110/><U85/><E38/><V75/><F35/><W22/><G45/><T93/><D15/><U120/><E120/><V42/><F42/><W57/><G14/><T3/><D3/><U18/><E114/><V106/><F75/><W132/><G83/><T37/><D30/><U111/><E111/><V76/><F76/><W27/><G79/><T90/><D37/><U60/><E112/><V33/><F33/><W78/><G78/><T86/><D86/><U101/><E85/><V102/><F44/><W61/><G132/><T12/><D12/><U0/><E0/><V16/><F26/><W6/><G6/><T48/><D48/><U73/><E73/><V96/><F50/><W107/><G87/><RYUUKYOKU ba="2,0" sc="168,15,161,15,276,-15,395,-15" hai0="59,63,89,90,91,92,93" hai1="18,47,49,55,58,60,67,94,95,98,99,100,101" /><INIT seed="4,3,0,4,0,100" ten="183,176,261,380" oya="0" hai0="134,49,35,107,118,10,61,58,0,69,8,66,115" hai1="5,91,113,12,31,52,135,19,39,103,109,56,36" hai2="117,112,20,25,27,123,73,32,40,4,121,67,89" hai3="46,55,6,29,84,102,83,70,30,98,38,23,128"/><T7/><D118/><U111/><E31/><V47/><F73/><W96/><G70/><T76/><D35/><U77/><E77/><V105/><F105/><W51/><G128/><T80/><D115/><U48/><E113/><V86/><F67/><W130/><G130/><T116/><D116/><U124/><E103/><V90/><F90/><W106/><G98/><T64/><D134/><U1/><E1/><V60/><F60/><W133/><G133/><T65/><D107/><U87/><E5/><V114/><F4/><W95/><G38/><T15/><D69/><U45/><E124/><V50/><F117/><W88/><G6/><T104/><D104/><U97/><E97/><V71/><F71/><W129/><G129/><T41/><D8/><U108/><E135/><V62/><F62/><W94/><G23/><T85/><REACH who="0" step="1"/><D0/><REACH who="0" ten="173,176,261,380" step="2"/><U59/><E36/><N who="2" m="21895" /><F114/><W9/><G9/><T120/><D120/><U75/><E39/><V57/><F32/><W72/><G95/><T11/><D11/><N who="1" m="6559" /><E75/><V92/><F112/><W53/><G72/><T79/><D79/><U26/><E26/><V17/><F27/><W33/><G106/><T28/><D28/><N who="3" m="10857" /><G33/><T54/><D54/><AGARI ba="3,1" hai="46,51,53,54,55,83,84,88,94,96,102" m="10857" machi="54" ten="30,2000,0" yaku="8,1,54,1" doraHai="100" who="3" fromWho="0" sc="173,-29,176,0,261,0,380,39" /><INIT seed="5,0,0,1,5,129" ten="144,176,261,419" oya="1" hai0="87,11,10,99,80,81,102,86,6,59,60,121,134" hai1="40,111,131,68,96,105,13,51,0,110,45,125,55" hai2="117,14,114,61,128,50,23,39,62,76,95,66,88" hai3="46,84,82,104,100,1,109,65,85,97,118,116,112"/><U4/><E131/><V107/><F107/><W25/><G1/><T48/><D121/><U8/><E68/><V41/><F39/><W44/><G109/><N who="1" m="41482" /><E125/><V79/><F117/><N who="3" m="45163" /><G112/><T69/><D134/><U31/><E31/><V126/><F114/><W71/><G25/><T3/><D69/><U5/><E5/><V36/><F36/><W75/><G75/><T7/><D48/><U89/><E40/><V70/><F126/><W21/><G21/><T19/><D19/><U33/><E33/><V27/><F14/><W94/><G104/><T34/><D34/><U130/><E130/><V120/><F66/><W24/><G24/><T63/><D80/><U127/><E127/><V92/><F92/><W56/><G71/><T42/><D42/><U18/><E89/><V108/><F120/><W35/><G35/><T72/><D72/><U103/><E18/><N who="2" m="12791" /><F128/><W106/><G106/><T29/><D29/><U58/><E45/><N who="3" m="17514" /><G82/><T32/><D32/><U132/><E0/><V38/><F38/><W67/><G56/><T16/><D59/><U122/><E122/><V47/><F70/><W73/><G73/><T9/><D81/><U133/><AGARI ba="0,0" hai="4,8,13,51,55,58,96,103,105,132,133" m="41482" machi="133" ten="30,6000,0" yaku="10,1,52,2" doraHai="129" who="1" fromWho="1" sc="144,-20,176,60,261,-20,419,-20" /><INIT seed="5,1,0,3,2,71" ten="124,236,241,399" oya="1" hai0="76,43,119,33,9,61,66,11,78,40,50,75,85" hai1="4,112,21,31,120,92,117,90,82,102,110,14,36" hai2="104,129,15,84,49,63,32,54,52,124,17,88,2" hai3="105,74,134,51,26,122,106,57,27,22,12,94,44"/><U87/><E112/><V39/><F2/><W93/><G122/><T114/><D119/><U65/><E117/><V24/><F104/><W130/><G74/><T30/><D114/><U96/><E110/><V83/><F129/><W121/><G121/><T69/><D75/><U55/><E120/><V111/><F124/><W8/><G130/><T128/><D128/><U56/><E65/><V41/><F39/><W107/><G57/><T89/><D30/><U133/><E133/><V68/><F68/><W0/><G0/><T108/><D33/><U100/><E36/><V7/><F32/><W38/><G38/><T59/><D108/><U28/><E100/><V99/><F99/><W118/><G134/><T113/><D113/><U80/><E80/><V115/><F115/><W70/><G70/><T77/><D69/><U53/><E53/><V29/><F63/><W62/><G62/><T10/><REACH who="0" step="1"/><D50/><REACH who="0" ten="114,236,241,399" step="2"/><U135/><E135/><V109/><F29/><W25/><G118/><T97/><D97/><U125/><E125/><V72/><F72/><W35/><G35/><T81/><AGARI ba="1,1" hai="9,10,11,40,43,59,61,66,76,77,78,81,85,89" machi="81" ten="30,4000,0" yaku="1,1,0,1,8,1,53,0" doraHai="71" doraHaiUra="23" who="0" fromWho="0" sc="114,53,236,-21,241,-11,399,-11" /><INIT seed="6,0,0,2,3,4" ten="167,215,230,388" oya="2" hai0="65,115,27,72,8,132,87,68,90,3,122,6,114" hai1="50,127,70,39,83,60,13,47,16,126,57,45,121" hai2="123,81,38,15,111,76,24,48,73,22,112,42,97" hai3="92,18,30,20,11,77,63,85,128,133,91,79,125"/><V7/><F112/><W43/><G125/><N who="1" m="47626" /><E121/><V31/><F123/><W110/><G110/><T130/><D122/><U46/><E39/><V59/><F38/><W10/><G133/><T99/><D72/><U117/><E117/><V61/><F111/><W62/><G128/><T105/><D130/><U28/><E28/><V1/><F97/><W5/><G43/><T44/><D132/><U93/><E93/><V103/><F103/><W56/><G30/><T23/><D44/><U2/><E2/><V84/><F73/><W74/><G74/><T106/><D65/><N who="1" m="41255" /><E83/><V12/><F1/><W101/><G63/><T41/><D41/><N who="1" m="24879" /><E57/><V89/><F7/><W135/><G101/><T116/><D68/><U134/><E134/><V54/><F42/><W75/><G135/><T113/><D99/><U96/><E96/><V69/><F69/><W36/><G36/><T14/><D3/><U64/><E64/><V118/><F118/><W80/><G5/><T34/><D34/><U119/><E119/><V9/><F61/><W21/><G79/><T37/><D116/><U58/><E58/><V88/><F15/><W86/><G75/><T51/><D51/><U66/><E66/><V53/><F54/><W32/><G32/><T17/><BYE who="3" /><REACH who="0" step="1"/><D37/><REACH who="0" ten="157,215,230,388" step="2"/><UN n3="%65%69%6B%31" /><U124/><N who="1" m="47634" /><U35/><DORA hai="107" /><E35/><V100/><F48/><W131/><G131/><T94/><AGARI ba="0,1" hai="6,8,14,17,23,27,87,90,94,105,106,113,114,115" machi="94" ten="30,12000,2" yaku="1,1,0,1,15,1,52,1,53,3" doraHai="4,107" doraHaiUra="108,71" who="0" fromWho="0" sc="157,130,215,-30,230,-60,388,-30" /><INIT seed="7,0,0,3,0,54" ten="287,185,170,358" oya="3" hai0="53,75,78,63,45,70,36,95,106,16,84,17,5" hai1="14,44,39,50,72,94,83,107,101,24,116,122,82" hai2="46,96,119,126,124,48,47,19,18,62,87,26,120" hai3="93,128,6,9,56,89,90,123,49,4,103,38,127"/><W52/><G123/><T88/><D106/><U41/><E122/><V125/><F120/><W71/><G38/><T57/><D70/><U133/><E107/><V3/><F3/><W40/><G71/><T121/><D121/><U55/><E72/><V130/><F119/><W33/><G33/><T67/><D5/><U35/><E116/><V20/><F130/><W59/><G40/><T51/><D36/><U66/><E66/><V69/><F96/><N who="3" m="59791" /><G127/><N who="2" m="32513" /><V113/><DORA hai="81" /><F113/><W85/><G90/><T8/><D8/><U68/><E133/><V77/><F48/><W86/><G86/><N who="0" m="52631" /><D75/><U22/><E50/><V131/><F131/><W11/><G128/><T32/><D32/><U135/><E39/><V97/><F97/><W115/><G115/><T60/><D63/><U58/><E135/><V1/><F1/><W102/><G102/><T105/><D105/><U76/><E101/><V43/><F43/><W110/><G110/><T15/><D15/><U117/><E14/><N who="2" m="9303" /><F62/><W25/><G4/><T74/><D74/><U65/><E41/><V28/><F69/><W80/><G6/><T91/><D78/><U23/><E68/><V10/><F10/><W73/><G9/><T31/><D31/><U64/><E117/><V7/><F7/><W100/><G11/><T114/><D114/><U108/><E108/><V0/><F0/><W30/><G30/><T129/><D129/><U104/><E76/><V134/><F134/><W92/><G49/><T79/><D79/><U118/><E118/><V27/><F28/><W132/><G132/><T13/><D13/><U109/><E109/><RYUUKYOKU ba="0,0" sc="287,30,185,-10,170,-10,358,-10" hai0="16,17,45,51,53,57,60,67,84,91" owari="317,12.0,175,-22.0,160,-34.0,348,44.0" /></mjloggm>