<mjloggm ver="2.3"><GO type="169" lobby="0"/><UN n0="%E3%81%BE%E3%81%BF%E3%81%AD%E3%81%93" n1="%E3%81%84%E3%81%9F%E3%83%92%E3%83%AD" n2="%E3%82%A6%E3%83%AB%E3%83%88%E3%83%A9%E7%AB%8B%E7%9B%B4" n3="%65%69%6B%31" dan="17,16,17,17" rate="2187.96,2048.07,2219.10,2154.14" sx="F,M,M,M"/><TAIKYOKU oya="0"/><INIT seed="0,0,0,1,0,85" ten="250,250,250,250" oya="0" hai0="94,71,53,104,20,2,46,123,118,95,133,90,24" hai1="28,129,63,48,100,130,113,127,86,21,15,69,11" hai2="80,47,83,34,22,44,92,64,132,40,110,1,41" hai3="81,68,108,97,35,101,117,16,29,51,56,121,5"/><T89/><D104/><U45/><E113/><V114/><F34/><W3/><G68/><T36/><D123/><U115/><E115/><V131/><F1/><W8/><G117/><T10/><D118/><U126/><E100/><V88/><F114/><W58/><G108/><T26/><D71/><U23/><E69/><V9/><F110/><W33/><G121/><T105/><D105/><U78/><E63/><V25/><F64/><W77/><G29/><T98/><D133/><U13/><E78/><V12/><F131/><W106/><G16/><T74/><D74/><U87/><E48/><V102/><F102/><W14/><G3/><T18/><D2/><U66/><E66/><V30/><F132/><W7/><G7/><T93/><D10/><U31/><E45/><V39/><F44/><W38/><G38/><T62/><D36/><U0/><E0/><V79/><F79/><W19/><G5/><T72/><D72/><U70/><E70/><V125/><F41/><W109/><G109/><T112/><D112/><U55/><E55/><V60/><F60/><W37/><G37/><T128/><D128/><U122/><E122/><V73/><F73/><W65/><G65/><T43/><D43/><U91/><E11/><V111/><F111/><W134/><G134/><T67/><D67/><U50/><E50/><V120/><F120/><W54/><G58/><N who="0" m="35151" /><D46/><U82/><E82/><V84/><F125/><W59/><G56/><T119/><D119/><U52/><E52/><V6/><AGARI ba="0,0" hai="6,9,12,22,25,30,39,40,47,80,83,84,88,92" machi="6" ten="20,5200,0" yaku="0,1,7,1,52,1,54,1" doraHai="85" who="2" fromWho="2" sc="250,-26,250,-13,250,52,250,-13" /><INIT seed="1,0,0,5,4,82" ten="224,237,302,237" oya="1" hai0="126,21,41,118,34,56,102,98,7,134,108,110,68" hai1="70,117,86,130,6,59,87,91,20,104,23,79,67" hai2="4,94,96,31,61,19,84,132,10,52,38,29,42" hai3="122,135,64,71,13,92,16,44,25,43,99,18,69"/><U83/><E104/><V50/><F38/><W30/><G122/><T112/><D118/><U37/><E37/><V32/><F132/><W107/><G135/><T77/><D134/><U53/><E117/><V39/><F39/><W88/><G107/><T114/><D68/><U93/><E130/><V54/><F19/><W49/><G64/><T9/><D34/><U28/><E6/><V103/><F32/><W125/><G125/><T8/><D41/><U128/><E128/><V95/><F42/><W121/><G18/><T62/><D77/><U115/><E115/><N who="0" m="44073" /><D21/><U63/><REACH who="1" step="1"/><E28/><REACH who="1" ten="224,227,302,237" step="2"/><V129/><F129/><W1/><G121/><T46/><D126/><U120/><E120/><V101/><F31/><W26/><G1/><T17/><D7/><U11/><E11/><V15/><F29/><W127/><G127/><T27/><D9/><U12/><E12/><V33/><F15/><W66/><G30/><T109/><D8/><U89/><E89/><N who="2" m="53543" /><F10/><W22/><REACH who="3" step="1"/><G66/><REACH who="3" ten="224,227,302,227" step="2"/><N who="0" m="39239" /><D17/><U35/><E35/><V133/><F33/><W3/><G3/><T0/><D0/><U97/><E97/><V106/><F133/><W78/><G78/><T55/><D98/><U90/><E90/><N who="2" m="55415" /><F106/><W51/><G51/><AGARI ba="0,2" hai="20,23,51,53,59,63,67,70,79,83,86,87,91,93" machi="51" ten="30,11600,0" yaku="1,1,7,1,52,2,53,0" doraHai="82" doraHaiUra="14" who="1" fromWho="3" sc="224,0,227,136,302,0,227,-116" /><INIT seed="1,1,0,2,0,89" ten="224,363,302,111" oya="1" hai0="33,75,16,97,92,45,22,49,79,12,131,13,118" hai1="25,54,109,38,101,2,39,69,110,125,116,1,68" hai2="27,103,9,34,48,5,121,20,120,132,56,93,11" hai3="126,99,44,127,73,51,94,117,18,47,105,100,50"/><U112/><E25/><V84/><F34/><W26/><G73/><T3/><D3/><N who="1" m="1035" /><E101/><V74/><F74/><W0/><G0/><T52/><D118/><U119/><E54/><V63/><F132/><W10/><G117/><N who="1" m="45130" /><E112/><V57/><F5/><W4/><G105/><T81/><D131/><U82/><E82/><V31/><F121/><W115/><G4/><T113/><D113/><U21/><E21/><V104/><F104/><W88/><G100/><T71/><D71/><N who="1" m="27211" /><E125/><N who="3" m="47626" /><G115/><T130/><D130/><U107/><E107/><V91/><F120/><W111/><G26/><T98/><D33/><U66/><E66/><N who="2" m="39271" /><F103/><W58/><G58/><T76/><D76/><U133/><E133/><V32/><F32/><W41/><G50/><T65/><D65/><U129/><E129/><V61/><F48/><W15/><G47/><T42/><D42/><U102/><E102/><V95/><F57/><W86/><G86/><T55/><D55/><U128/><E128/><V60/><F60/><W135/><G135/><T53/><D53/><U70/><N who="1" m="27219" /><U85/><DORA hai="72" /><E85/><N who="2" m="52463" /><F61/><W62/><G62/><T8/><REACH who="0" step="1"/><D92/><REACH who="0" ten="214,363,302,111" step="2"/><U59/><E59/><V28/><F95/><W35/><G35/><T78/><D78/><U80/><E80/><V37/><F31/><W114/><G114/><T106/><D106/><U14/><E14/><V77/><F28/><W7/><G15/><T29/><D29/><U30/><E30/><V87/><F77/><W108/><G41/><T23/><D23/><U123/><E123/><V83/><F20/><W124/><G124/><T67/><D67/><U122/><E122/><RYUUKYOKU ba="1,1" sc="214,15,363,15,302,-15,111,-15" hai0="8,12,13,16,22,45,49,52,75,79,81,97,98" hai1="38,39,109,110" /><INIT seed="1,2,1,5,1,130" ten="229,378,287,96" oya="1" hai0="43,68,64,89,111,94,70,8,4,109,61,48,28" hai1="129,88,126,105,133,62,103,112,51,21,65,84,114" hai2="121,87,90,134,23,106,123,6,60,55,16,95,2" hai3="92,27,125,124,101,96,30,76,58,113,80,78,93"/><U122/><E122/><V54/><F106/><W44/><G44/><N who="0" m="25631" /><D28/><U74/><E74/><V119/><F119/><W46/><G46/><T38/><D38/><U118/><E118/><V41/><F41/><W110/><G113/><T52/><D52/><U102/><E129/><V86/><F2/><W49/><G110/><N who="0" m="41995" /><D89/><U97/><E103/><V25/><F6/><W107/><G49/><T85/><D85/><U19/><E51/><V56/><F134/><W29/><G29/><T108/><N who="0" m="42003" /><T0/><DORA hai="13" /><D94/><U67/><E133/><V79/><REACH who="2" step="1"/><F55/><REACH who="2" ten="229,378,277,96" step="2"/><W3/><G3/><T104/><D104/><U1/><E1/><V9/><F9/><W5/><G107/><T117/><D117/><U83/><E126/><V63/><F63/><W69/><G125/><T11/><D11/><U32/><E114/><V20/><F20/><W116/><G124/><T127/><D127/><U98/><E112/><V53/><F53/><W57/><G116/><T128/><D128/><U10/><E10/><V99/><F99/><W35/><G96/><T7/><D7/><U15/><E32/><V45/><F45/><W36/><G5/><T91/><D61/><U50/><E97/><V115/><F115/><W24/><G35/><T47/><D47/><U135/><E135/><V75/><F75/><W18/><G36/><T12/><D0/><U39/><E39/><V40/><F40/><W100/><G100/><T42/><D42/><U14/><E50/><V71/><F71/><W26/><G69/><T73/><D73/><U33/><E62/><V17/><F17/><W72/><G18/><RYUUKYOKU ba="2,2" sc="229,-10,378,-10,277,30,96,-10" hai2="16,23,25,54,56,60,79,86,87,90,95,121,123" /><INIT seed="2,3,2,3,4,21" ten="219,368,307,86" oya="2" hai0="64,130,91,63,17,96,5,18,121,37,83,109,6" hai1="22,2,69,77,36,93,20,82,38,46,25,56,73" hai2="133,26,98,119,90,59,108,71,131,29,62,54,124" hai3="45,39,33,66,8,80,68,88,92,41,16,135,99"/><V128/><F119/><W78/><G33/><T89/><D121/><U72/><E69/><V110/><F71/><W3/><G135/><T94/><D130/><N who="2" m="49706" /><F133/><W0/><G66/><T103/><D37/><U115/><E2/><V44/><F124/><W70/><G0/><T43/><D43/><U12/><E73/><V34/><F44/><W85/><REACH who="3" step="1"/><G3/><REACH who="3" ten="219,368,307,76" step="2"/><T10/><D109/><N who="2" m="42090" /><F98/><W126/><G126/><T125/><D125/><U79/><E115/><V100/><F90/><W106/><G106/><T111/><D111/><U32/><E79/><V40/><F40/><W15/><AGARI ba="3,3" hai="8,15,16,39,41,45,68,70,78,80,85,88,92,99" machi="15" ten="30,7900,0" yaku="1,1,0,1,54,2,53,0" doraHai="21" doraHaiUra="24" who="3" fromWho="3" sc="219,-23,368,-23,307,-42,76,118" /><INIT seed="3,0,0,3,1,79" ten="196,345,265,194" oya="3" hai0="83,100,70,62,9,27,115,67,71,56,46,60,82" hai1="104,94,128,101,25,106,69,103,10,96,31,61,111" hai2="105,13,116,23,125,108,17,129,15,49,21,19,53" hai3="90,4,36,132,3,2,44,1,91,7,54,110,113"/><W74/><G113/><T89/><D115/><U22/><E111/><V127/><F105/><W68/><G74/><T120/><D120/><U35/><E128/><V102/><F116/><W76/><G76/><T24/><D100/><U14/><E103/><V6/><F108/><W133/><G68/><T18/><D46/><U126/><E126/><V8/><F102/><W39/><G110/><T0/><D89/><N who="3" m="33801" /><G54/><T95/><D95/><U135/><E135/><N who="3" m="51786" /><G44/><T121/><D121/><U11/><E11/><V122/><F122/><W37/><AGARI ba="0,0" hai="1,2,3,4,7,36,37,39" m="51786,33801" machi="37" ten="50,9600,0" yaku="28,2,20,1" doraHai="79" who="3" fromWho="3" sc="196,-32,345,-32,265,-32,194,96" /><INIT seed="3,1,0,4,2,66" ten="164,313,233,290" oya="3" hai0="106,129,70,4,11,6,8,118,123,21,51,104,46" hai1="110,62,95,108,1,114,33,17,130,84,89,3,31" hai2="121,60,2,109,135,120,112,59,28,50,99,0,43" hai3="10,77,82,107,36,128,103,98,119,52,18,9,80"/><W86/><G36/><T93/><D123/><N who="2" m="47178" /><F112/><W37/><G37/><T116/><D129/><U53/><E114/><V58/><F109/><W126/><G119/><T72/><D93/><U30/><E130/><V90/><F28/><N who="1" m="10793" /><E17/><V20/><F20/><W14/><G126/><T65/><D21/><U64/><E53/><N who="2" m="32055" /><F43/><W101/><G101/><T125/><D125/><U54/><E54/><N who="2" m="33911" /><F135/><W34/><G34/><T41/><D72/><U5/><E5/><V133/><F133/><W7/><G128/><T78/><D78/><U115/><E115/><V49/><F49/><W67/><G82/><T35/><D35/><U81/><E81/><V111/><F111/><N who="1" m="42537" /><E33/><V63/><F63/><W38/><G38/><T91/><D118/><U57/><AGARI ba="1,0" hai="1,3,57,62,64,84,89,95" m="42537,10793" machi="57" ten="30,1100,0" yaku="14,1" doraHai="66" who="1" fromWho="1" sc="164,-4,313,14,233,-4,290,-6" /><INIT seed="4,0,0,2,3,58" ten="160,327,229,284" oya="0" hai0="131,31,34,81,1,35,126,96,133,82,117,56,24" hai1="12,48,105,66,111,8,89,61,69,87,62,57,107" hai2="5,112,123,68,49,30,90,99,42,115,119,109,116" hai3="38,94,54,80,41,6,95,110,33,98,47,13,21"/><T127/><D117/><N who="2" m="45130" /><F30/><W129/><G33/><T51/><D1/><U67/><E48/><V93/><F5/><W50/><G110/><T113/><D113/><N who="2" m="43594" /><F68/><W64/><G129/><T86/><D35/><U27/><E27/><V122/><F49/><W7/><G80/><T124/><D131/><U102/><E102/><V39/><F42/><W19/><G64/><T78/><D133/><U83/><REACH who="1" step="1"/><E111/><REACH who="1" ten="160,317,229,284" step="2"/><V16/><F39/><W108/><G108/><T77/><D96/><U29/><E29/><V53/><F109/><W32/><G98/><T46/><D56/><U75/><E75/><V60/><F123/><W37/><G38/><T18/><D18/><AGARI ba="0,1" hai="8,12,18,57,61,62,66,67,69,83,87,89,105,107" machi="18" ten="30,7700,0" yaku="1,1,7,1,52,2,53,0" doraHai="58" doraHaiUra="17" who="1" fromWho="0" sc="160,-77,317,87,229,0,284,0" /><INIT seed="5,0,0,0,4,33" ten="83,404,229,284" oya="1" hai0="127,107,8,79,105,87,30,104,54,5,116,73,65" hai1="29,115,18,31,43,76,69,60,117,23,14,16,1" hai2="131,133,34,11,6,91,93,125,32,100,12,77,67" hai3="58,96,49,55,124,46,123,13,92,75,90,52,135"/><U50/><E117/><V113/><F100/><W71/><G71/><T9/><D116/><U130/><E115/><V7/><F77/><W97/><G75/><T88/><D127/><U19/><E1/><V99/><F125/><W98/><G135/><T114/><D114/><U129/><E76/><V106/><F113/><W101/><G123/><T66/><D79/><U40/><E69/><V70/><F106/><W27/><G124/><T128/><D128/><N who="1" m="49259" /><E60/><V28/><F131/><W84/><G27/><T24/><D73/><U35/><E50/><V25/><F133/><W132/><G132/><T122/><D122/><U83/><E83/><V15/><F67/><W57/><G13/><T119/><D119/><U20/><E35/><V112/><F70/><W126/><G126/><T4/><D54/><U47/><E47/><V59/><F59/><N who="3" m="22539" /><G55/><T78/><D78/><U63/><E63/><V95/><F112/><W81/><AGARI ba="0,0" hai="46,49,52,81,84,90,92,96,97,98,101" m="22539" machi="81" ten="30,2000,0" yaku="8,1,54,1" doraHai="33" who="3" fromWho="3" sc="83,-5,404,-10,229,-5,284,20" /><INIT seed="6,0,0,4,3,101" ten="78,394,224,304" oya="2" hai0="119,86,2,15,120,8,133,25,62,22,18,9,110" hai1="63,37,108,72,84,20,73,10,61,31,3,39,77" hai2="103,78,40,99,44,130,131,55,121,118,134,128,106" hai3="11,124,90,83,97,58,53,79,89,33,4,59,12"/><V88/><F121/><W17/><G33/><T135/><D62/><U107/><E84/><V80/><F55/><W38/><G38/><T27/><D86/><U96/><E20/><V51/><F134/><W109/><G109/><T112/><D120/><U105/><E31/><V29/><F29/><W32/><G32/><T54/><D54/><U36/><E96/><V48/><F118/><W68/><G68/><T16/><D110/><U6/><E108/><V47/><F47/><W71/><G71/><T129/><D119/><U122/><E122/><V82/><F51/><W76/><G59/><T34/><D129/><U116/><E116/><V13/><F13/><W21/><G124/><T98/><D98/><U117/><E117/><V43/><F43/><W127/><G127/><T123/><D123/><U5/><E77/><V46/><F46/><W132/><G132/><N who="0" m="50763" /><D112/><U113/><E113/><V49/><F49/><W70/><G70/><T7/><D34/><U45/><E45/><V126/><F126/><W114/><G114/><T93/><D93/><U91/><E91/><N who="3" m="34826" /><G97/><T102/><D102/><U74/><E6/><V66/><F66/><W1/><G83/><N who="2" m="31785" /><F88/><W19/><G1/><T42/><D42/><U24/><E24/><AGARI ba="0,0" hai="2,7,8,9,15,16,18,22,24,25,27" m="50763" machi="24" ten="30,7700,0" yaku="20,1,34,2,54,1" doraHai="101" who="0" fromWho="1" sc="78,77,394,-77,224,0,304,0" /><INIT seed="7,0,0,5,4,85" ten="155,317,224,304" oya="3" hai0="29,59,114,106,110,46,8,69,44,135,104,21,58" hai1="103,84,30,49,96,13,34,38,22,25,23,92,115" hai2="74,129,17,132,127,73,75,131,113,120,53,81,128" hai3="36,79,78,122,94,60,88,86,100,51,99,45,95"/><W80/><G36/><T20/><D29/><U41/><E38/><V63/><F17/><W90/><G122/><T43/><D43/><U6/><E115/><V1/><F53/><N who="3" m="29935" /><G60/><T54/><D54/><U39/><E39/><V72/><F1/><W70/><G70/><T50/><D50/><U97/><E97/><AGARI ba="0,0" hai="78,79,80,86,88,90,94,95,97,99,100" m="29935" machi="97" ten="30,11600,0" yaku="8,1,52,2,54,1" doraHai="85" who="3" fromWho="1" sc="155,0,317,-116,224,0,304,116" owari="155,-34.0,201,-20.0,224,2.0,420,52.0" /></mjloggm>