<mjloggm ver="2.3"><GO type="169" lobby="0"/><UN n0="%E3%81%B5%E3%81%98%E3%81%8A" n1="%73%68%61%70%65%6C%65%72" n2="%E3%83%AD%E3%83%83%E3%83%86%E9%9B%80%E7%90%83" n3="%E3%83%88%E3%83%88%E3%83%AA%E5%85%88%E7%94%9F%31%39%E6%AD%B3" dan="17,17,16,19" rate="2173.75,2197.31,2121.15,2290.08" sx="M,M,M,F"/><TAIKYOKU oya="0"/><INIT seed="0,0,0,4,1,24" ten="250,250,250,250" oya="0" hai0="62,92,63,42,99,111,65,96,16,10,105,108,90" hai1="116,102,0,29,117,75,125,131,52,83,3,77,33" hai2="121,118,51,12,22,73,61,40,41,135,133,113,4" hai3="98,120,15,27,67,43,87,19,119,132,71,91,30"/><T59/><D42/><U93/><E131/><V109/><F121/><W76/><G120/><T36/><D36/><U13/><E125/><V31/><F113/><W106/><G119/><T70/><D105/><U53/><E117/><V9/><F118/><W38/><G132/><N who="2" m="50761" /><F109/><N who="0" m="42058" /><D99/><U39/><E39/><V103/><F73/><W104/><G76/><T95/><D95/><U68/><E68/><V11/><F103/><W84/><G98/><T7/><D7/><U23/><E116/><V57/><F51/><W26/><G43/><T45/><D45/><U82/><E102/><V60/><F11/><W74/><G38/><T50/><D50/><U112/><E93/><V78/><F78/><W56/><G104/><T28/><D10/><U128/><E82/><V100/><F100/><W20/><G106/><T80/><D80/><U8/><E8/><V44/><F44/><W114/><G114/><T79/><D79/><U69/><E112/><V55/><F61/><W54/><G91/><T34/><D16/><U123/><E123/><V58/><F58/><W46/><G46/><T88/><D90/><U124/><E83/><V127/><F127/><W85/><G74/><T134/><D134/><U49/><E75/><V5/><F5/><W81/><G81/><T107/><D107/><U94/><E77/><V129/><F129/><W14/><G19/><T64/><D34/><U1/><E33/><V17/><F17/><W86/><G86/><T126/><D126/><U25/><E124/><V66/><F41/><W32/><G87/><T6/><D6/><U35/><E128/><V18/><F40/><RYUUKYOKU ba="0,0" sc="250,30,250,-10,250,-10,250,-10" hai0="28,59,62,63,64,65,70,88,92,96" /><INIT seed="0,1,0,0,5,27" ten="280,240,240,240" oya="0" hai0="57,20,16,50,18,109,94,107,78,0,120,43,110" hai1="92,28,26,72,14,74,24,52,23,126,119,83,49" hai2="69,38,9,118,40,86,41,37,96,29,98,122,121" hai3="81,131,73,68,30,7,46,85,84,106,129,97,3"/><T10/><D120/><U62/><E119/><V133/><F69/><W60/><G73/><T48/><D107/><U44/><E126/><V53/><F118/><W132/><G132/><T2/><D78/><U134/><E134/><V58/><F133/><W108/><G108/><N who="0" m="41579" /><D94/><U79/><E14/><V123/><F86/><W95/><G106/><T47/><D10/><U111/><E111/><V99/><F9/><W63/><G95/><T82/><D82/><U80/><E92/><V5/><F5/><W13/><G7/><T65/><D50/><U130/><E130/><V22/><F38/><W35/><G81/><T25/><D18/><U70/><E26/><V1/><F37/><W115/><G129/><T31/><D16/><U54/><E83/><V87/><F87/><W89/><G85/><T51/><D51/><U113/><E113/><V64/><F123/><W88/><G84/><T19/><D19/><U135/><E135/><V100/><F122/><W125/><G115/><T128/><D128/><U55/><REACH who="1" step="1"/><E74/><REACH who="1" ten="280,230,240,240" step="2"/><V116/><F121/><W15/><G131/><T42/><D42/><U90/><E90/><V103/><F41/><W45/><G88/><T101/><D101/><U93/><E93/><V56/><F40/><W21/><G89/><T104/><D104/><U6/><E6/><V12/><F103/><W34/><G13/><T61/><AGARI ba="1,1" hai="0,2,20,25,31,43,47,48,57,61,65" m="41579" machi="61" ten="30,6000,0" yaku="14,1,10,1,52,1" doraHai="27" who="0" fromWho="0" sc="280,73,230,-21,240,-21,240,-21" /><INIT seed="0,2,0,3,1,69" ten="353,209,219,219" oya="0" hai0="98,38,130,33,93,107,129,51,15,37,79,102,84" hai1="71,2,65,59,66,109,10,94,89,77,63,8,61" hai2="104,128,24,16,56,110,28,57,40,111,31,92,75" hai3="81,26,105,48,97,121,53,101,54,127,114,73,87"/><T76/><D33/><U67/><E109/><N who="2" m="41483" /><F104/><W30/><G114/><T86/><D15/><U108/><E108/><V83/><F128/><N who="0" m="49258" /><D51/><U106/><E106/><V27/><F40/><W52/><G127/><T125/><D125/><U116/><E116/><V44/><F44/><W112/><G73/><T122/><D122/><U49/><E77/><N who="0" m="29769" /><D93/><U25/><E2/><V42/><F42/><W124/><G112/><T35/><D35/><U34/><E49/><V115/><F115/><W132/><G124/><T14/><D14/><U22/><E34/><V50/><F92/><W78/><G121/><T68/><D68/><U118/><E118/><V36/><F83/><W58/><G132/><T20/><D20/><AGARI ba="2,0" hai="20,26,30,48,52,53,54,58,78,81,87,97,101,105" machi="20" ten="30,2000,0" yaku="7,1,54,1" doraHai="69" who="3" fromWho="0" sc="353,-26,209,0,219,0,219,26" /><INIT seed="1,0,0,4,0,104" ten="327,209,219,245" oya="1" hai0="4,132,43,82,47,65,120,69,95,49,36,54,96" hai1="45,99,28,18,128,123,127,19,0,73,25,112,131" hai2="41,2,3,57,17,125,97,91,58,31,94,48,122" hai3="84,114,101,86,56,117,124,27,90,16,72,81,37"/><U126/><E0/><V108/><F122/><W109/><G114/><T46/><D120/><U74/><E123/><V44/><F108/><W10/><G37/><T133/><D82/><U59/><E112/><V80/><F125/><N who="1" m="47625" /><E59/><V134/><F134/><N who="0" m="51818" /><D4/><U40/><E99/><V76/><F31/><W13/><G117/><T75/><D75/><N who="1" m="28683" /><E128/><V88/><F2/><W52/><G109/><T79/><D96/><U77/><E77/><V102/><F3/><W61/><G124/><T14/><D79/><U35/><E131/><V6/><F6/><W121/><G121/><T1/><D1/><U129/><E129/><V103/><F58/><W89/><G72/><T62/><D14/><U38/><AGARI ba="0,0" hai="18,19,25,28,35,38,40,45" m="28683,47625" machi="38" ten="30,11700,0" yaku="18,1,52,3" doraHai="104" who="1" fromWho="1" sc="327,-39,209,117,219,-39,245,-39" /><INIT seed="1,1,0,3,3,110" ten="288,326,180,206" oya="1" hai0="130,124,56,76,116,47,89,42,55,1,109,82,14" hai1="120,19,95,72,97,70,13,93,28,8,7,29,79" hai2="16,37,32,44,71,108,57,117,86,48,67,23,10" hai3="129,40,112,69,85,27,102,91,132,106,46,99,131"/><U81/><E120/><V35/><F117/><W31/><G69/><T34/><D34/><U17/><E70/><V78/><F108/><W45/><G132/><T103/><D1/><U39/><E39/><V15/><F71/><W64/><G64/><T20/><D103/><U50/><E95/><V21/><F37/><W74/><G74/><T12/><D109/><U83/><E83/><N who="2" m="47479" /><F35/><W118/><G118/><T36/><D116/><U125/><E125/><V52/><F32/><N who="3" m="20607" /><G40/><T92/><D130/><N who="3" m="49673" /><G112/><T90/><D124/><U115/><E115/><V88/><F88/><W53/><G53/><T61/><D20/><N who="2" m="7754" /><F67/><W96/><G96/><T133/><D133/><U4/><E50/><V6/><F6/><W121/><G121/><T100/><D100/><U0/><E7/><V104/><F104/><W119/><G119/><T22/><D22/><U41/><E41/><V51/><F51/><W54/><G54/><T33/><D33/><U30/><REACH who="1" step="1"/><E0/><REACH who="1" ten="288,316,180,206" step="2"/><V11/><F11/><W26/><G26/><T134/><D134/><U123/><E123/><V113/><F113/><W43/><G43/><T77/><D92/><AGARI ba="1,1" hai="45,46,85,91,92,99,102,106" m="49673,20607" machi="92" ten="30,1000,0" yaku="19,1" doraHai="110" who="3" fromWho="0" sc="288,-13,316,0,180,0,206,23" /><INIT seed="2,0,0,4,4,93" ten="275,316,180,229" oya="2" hai0="49,103,65,53,116,44,58,4,14,98,72,13,18" hai1="5,96,8,119,87,31,20,135,41,92,76,90,55" hai2="66,26,97,128,10,22,75,29,122,34,95,69,47" hai3="101,54,94,134,28,67,48,120,32,9,2,52,73"/><V27/><F122/><W99/><G120/><T80/><D116/><U81/><E119/><V79/><F128/><W17/><G73/><T132/><D132/><U84/><E135/><V71/><F66/><W38/><G134/><T6/><D14/><U61/><E41/><V85/><F75/><W110/><G38/><T107/><D65/><U118/><E118/><V1/><F47/><W51/><G110/><T42/><D80/><U82/><E31/><V112/><F112/><W12/><G2/><T24/><D24/><U130/><E20/><V62/><F62/><W106/><G32/><T102/><D102/><U45/><E130/><V127/><F127/><W39/><G39/><T77/><D77/><U111/><E111/><V35/><F85/><W25/><G67/><T0/><D0/><U57/><E45/><V16/><F79/><W124/><G124/><T78/><D78/><U83/><REACH who="1" step="1"/><E87/><REACH who="1" ten="275,306,180,229" step="2"/><V105/><F35/><W133/><G133/><T63/><D72/><U7/><E7/><V43/><F43/><W15/><G28/><T21/><AGARI ba="0,1" hai="4,6,13,18,21,42,44,49,53,58,63,98,103,107" machi="21" ten="20,2700,0" yaku="0,1,7,1,52,1" doraHai="93" who="0" fromWho="0" sc="275,37,306,-7,180,-13,229,-7" /><INIT seed="3,0,0,4,4,85" ten="312,299,167,222" oya="3" hai0="3,87,41,50,96,130,68,78,29,26,13,61,117" hai1="2,109,134,93,35,124,11,46,52,39,22,95,20" hai2="60,103,70,58,126,133,42,62,97,19,28,51,122" hai3="110,54,123,37,84,119,131,14,49,32,36,31,9"/><W5/><G119/><T90/><D3/><U91/><E35/><V8/><F126/><W105/><G123/><T77/><D117/><U116/><E116/><V89/><F122/><W92/><G105/><T63/><D130/><U56/><E124/><V67/><F133/><W44/><G131/><T71/><D96/><U53/><E95/><V69/><F28/><W34/><G110/><T115/><D13/><U48/><E134/><V99/><F103/><W0/><G0/><T6/><D6/><U21/><E109/><V80/><F70/><W82/><G92/><T43/><D50/><U64/><E64/><V74/><F74/><W33/><REACH who="3" step="1"/><G31/><REACH who="3" ten="312,299,167,212" step="2"/><T127/><D127/><U128/><E128/><V15/><F69/><W83/><G83/><T16/><D68/><U30/><E30/><V65/><F65/><W73/><G73/><T75/><D75/><U81/><E81/><V135/><F135/><W23/><G23/><T1/><D71/><U100/><E22/><V4/><F67/><W10/><G10/><T94/><D29/><U79/><E21/><V120/><F120/><W12/><G12/><T102/><D1/><U107/><E20/><V27/><F80/><W55/><G55/><T132/><D132/><U118/><E53/><V59/><F8/><W104/><G104/><T129/><D129/><U125/><E118/><V76/><F15/><W86/><G86/><T24/><D94/><U25/><E125/><V112/><F99/><W18/><G18/><T88/><D16/><U114/><E2/><V57/><F97/><W7/><G7/><T108/><D108/><RYUUKYOKU ba="0,1" sc="312,-10,299,-10,167,-10,212,30" hai3="5,9,14,32,33,34,36,37,44,49,54,82,84" /><INIT seed="3,1,1,4,3,16" ten="302,289,157,242" oya="3" hai0="1,120,44,12,99,2,35,13,119,64,40,83,22" hai1="91,95,9,112,100,60,97,108,46,80,125,63,103" hai2="66,109,71,126,14,21,92,42,85,123,36,7,29" hai3="45,38,17,73,23,4,20,11,15,90,53,84,33"/><W102/><G33/><T51/><D120/><U88/><E112/><V30/><F123/><W110/><G73/><T121/><D121/><U26/><E108/><V55/><F109/><W5/><G110/><T111/><D111/><U68/><E125/><V70/><F126/><W67/><G102/><T0/><D35/><U47/><E9/><V115/><F115/><W59/><G67/><T114/><D114/><U135/><E135/><V93/><F55/><W27/><G38/><T25/><D119/><U76/><E103/><V8/><F30/><W105/><G105/><T52/><D64/><U79/><E68/><V77/><F77/><W129/><G45/><T98/><D83/><U24/><E100/><V74/><F74/><W127/><G129/><T87/><D87/><U118/><E118/><V81/><F81/><N who="3" m="49423" /><G127/><T130/><D130/><U133/><E133/><V96/><F85/><W132/><G132/><T86/><D86/><U134/><E134/><V61/><F71/><W19/><G11/><T32/><D32/><U82/><E95/><V113/><F113/><W62/><AGARI ba="1,1" hai="4,5,15,17,19,20,23,27,53,59,62" m="49423" machi="62" ten="30,6000,0" yaku="8,1,52,2" doraHai="16" who="3" fromWho="3" sc="302,-21,289,-21,157,-21,242,73" /><INIT seed="3,2,0,5,3,107" ten="281,268,136,315" oya="3" hai0="64,86,54,45,74,104,32,5,123,133,9,43,79" hai1="92,13,14,120,108,126,89,69,19,61,82,17,112" hai2="127,0,135,35,85,47,53,111,109,36,27,11,80" hai3="63,33,131,65,100,70,50,125,76,2,66,15,4"/><W121/><G121/><T55/><D123/><U81/><E120/><V67/><F127/><W129/><G33/><T73/><D104/><U34/><E34/><V6/><F135/><W25/><G2/><T30/><D64/><U119/><E112/><V58/><F67/><N who="3" m="41343" /><G125/><T103/><D103/><U42/><E126/><V102/><F102/><W128/><G25/><T46/><D46/><U8/><E108/><V22/><F35/><W113/><G113/><T91/><D79/><U71/><E42/><V49/><F36/><W16/><G4/><T57/><D55/><U68/><E61/><V37/><F37/><W20/><G50/><T101/><D101/><U83/><E119/><V52/><F53/><W62/><G62/><T134/><D30/><U72/><E72/><V3/><F3/><W40/><G40/><T84/><D32/><U12/><REACH who="1" step="1"/><E8/><REACH who="1" ten="281,258,136,315" step="2"/><V78/><REACH who="2" step="1"/><F47/><REACH who="2" ten="281,258,126,315" step="2"/><W60/><G65/><T106/><D45/><U48/><E48/><V18/><AGARI ba="2,2" hai="0,6,11,18,22,27,49,52,58,78,80,85,109,111" machi="18" ten="30,7900,0" yaku="1,1,2,1,0,1,54,1,53,0" doraHai="107" doraHaiUra="41" who="2" fromWho="2" sc="281,-22,258,-22,126,105,315,-41" /><INIT seed="4,0,0,4,4,109" ten="259,236,231,274" oya="0" hai0="70,77,122,5,37,73,95,21,56,12,50,49,110" hai1="128,71,66,13,31,86,15,52,91,48,0,88,51" hai2="111,79,81,57,130,29,89,46,4,59,119,107,99" hai3="135,100,129,84,96,80,113,28,101,38,24,58,60"/><T6/><D37/><U11/><E128/><V68/><F111/><W55/><G129/><T64/><D122/><U134/><E134/><V45/><F130/><W125/><G38/><T43/><D70/><U14/><E51/><V121/><F68/><W23/><G135/><T61/><D110/><U16/><E0/><V18/><F121/><W22/><G125/><T30/><D73/><U25/><E66/><V2/><F119/><W117/><G117/><T83/><D95/><U40/><E40/><V62/><F29/><W123/><G123/><T127/><D127/><U54/><E91/><V82/><F82/><W36/><G36/><T53/><D49/><U120/><E71/><V94/><F107/><W67/><G113/><T114/><D43/><U116/><E54/><V19/><F4/><W126/><G126/><T8/><D6/><U20/><E116/><V34/><F34/><W98/><G22/><T39/><D39/><U27/><E27/><V26/><F2/><W132/><G132/><T44/><D114/><U63/><E63/><V118/><F59/><W103/><REACH who="3" step="1"/><G67/><REACH who="3" ten="259,236,231,264" step="2"/><T72/><D21/><U131/><E131/><V133/><F133/><W124/><G124/><T10/><D10/><U7/><E120/><V90/><F118/><W47/><G47/><T97/><D30/><U9/><E31/><V105/><F46/><W65/><G65/><T1/><D1/><U92/><E11/><V115/><F45/><AGARI ba="0,1" hai="7,9,13,14,15,16,20,25,45,48,52,86,88,92" machi="45" ten="30,8000,1" yaku="7,1,8,1,54,3" doraHai="109" who="1" fromWho="2" sc="259,0,236,90,231,-80,264,0" /><INIT seed="5,0,0,1,1,4" ten="259,326,151,264" oya="1" hai0="8,96,34,27,87,124,55,121,123,106,117,85,75" hai1="24,19,38,84,81,98,51,59,64,111,107,86,54" hai2="82,80,29,65,21,77,47,10,102,132,67,1,15" hai3="126,48,94,74,69,25,118,33,57,119,127,122,95"/><U35/><E38/><V28/><F132/><W92/><G69/><T30/><D117/><N who="3" m="44553" /><G74/><T43/><D75/><U5/><E5/><V99/><F1/><W3/><G122/><N who="0" m="46603" /><D124/><N who="3" m="47657" /><G3/><T63/><D43/><U71/><E111/><V26/><F29/><N who="3" m="19631" /><G57/><N who="0" m="35263" /><D8/><U31/><E71/><V133/><F47/><W131/><G48/><T17/><D17/><U88/><E64/><V46/><F46/><W32/><G32/><T72/><D72/><U134/><E134/><V129/><F133/><W40/><G40/><T108/><D108/><U76/><E107/><V105/><F129/><AGARI ba="0,0" hai="92,94,95,129,131" m="19631,47657,44553" machi="129" ten="40,2600,0" yaku="12,1,18,1" doraHai="4" who="3" fromWho="2" sc="259,0,326,0,151,-26,264,26" /><INIT seed="6,0,0,2,1,86" ten="259,326,125,290" oya="2" hai0="115,27,64,44,79,87,57,36,134,74,89,46,126" hai1="12,88,21,52,34,50,15,96,84,39,14,38,40" hai2="25,43,102,4,76,85,114,113,81,68,104,33,22" hai3="28,9,55,5,78,63,133,29,51,77,30,32,130"/><V26/><F68/><W59/><G32/><T24/><D115/><N who="2" m="44042" /><F4/><W105/><G105/><T23/><D134/><U41/><E34/><V106/><F102/><W97/><G133/><T69/><D69/><U13/><E96/><V19/><F43/><W0/><G130/><T118/><D126/><U94/><E39/><V103/><F103/><W6/><G97/><T124/><D124/><U49/><E38/><V61/><F61/><W91/><G91/><T17/><D118/><U110/><E50/><V8/><F8/><W67/><REACH who="3" step="1"/><G6/><REACH who="3" ten="259,326,125,280" step="2"/><T72/><D89/><U65/><E110/><V128/><F128/><W42/><G42/><T82/><D79/><U108/><E108/><V62/><F62/><W7/><G7/><T48/><D74/><U98/><E41/><V131/><F131/><W132/><G132/><T18/><D72/><U60/><E40/><V73/><F73/><W111/><G111/><T116/><D116/><U53/><E49/><V11/><F11/><W83/><G83/><T37/><D82/><U129/><E129/><V122/><F122/><W75/><G75/><T119/><D119/><U123/><E123/><V35/><F35/><W90/><G90/><T70/><D48/><U56/><E84/><V121/><F121/><W45/><AGARI ba="0,1" hai="0,5,9,28,29,30,45,51,55,59,63,67,77,78" machi="45" ten="30,2000,0" yaku="1,1,0,1,53,0" doraHai="86" doraHaiUra="10" who="3" fromWho="3" sc="259,-5,326,-5,125,-10,280,30" /><INIT seed="7,0,0,5,2,58" ten="254,321,115,310" oya="3" hai0="4,35,92,127,45,55,46,33,28,104,18,129,20" hai1="48,9,12,37,78,15,56,54,105,113,44,59,66" hai2="110,96,107,85,26,120,99,63,77,2,100,70,122" hai3="131,91,76,97,16,80,118,5,87,62,108,13,73"/><W23/><G118/><T36/><D104/><U71/><E105/><V134/><F2/><W0/><G131/><T106/><D106/><U10/><E113/><V6/><F6/><W72/><G108/><T67/><D67/><U90/><E78/><V86/><F110/><W49/><G97/><T31/><D36/><U14/><E90/><V79/><F134/><W65/><G49/><T8/><D92/><U88/><E88/><V11/><F107/><W60/><G73/><T3/><D55/><U111/><E111/><V102/><F11/><W27/><G0/><T41/><D46/><U94/><E94/><V24/><REACH who="2" step="1"/><F70/><REACH who="2" ten="254,321,105,310" step="2"/><W68/><G5/><N who="0" m="1087" /><D129/><U114/><E9/><V42/><F42/><W1/><G1/><T98/><D41/><U61/><E10/><V25/><F25/><W32/><G68/><T126/><D4/><U34/><E71/><V89/><F89/><W101/><G101/><T51/><D126/><U82/><E114/><V93/><F93/><W39/><G91/><T50/><D127/><U30/><E82/><V19/><F19/><W38/><G27/><T81/><D81/><U57/><E12/><V117/><F117/><W29/><G13/><T124/><D124/><U123/><E14/><V121/><F121/><W119/><G119/><T116/><D116/><U47/><E15/><V43/><F43/><W40/><G40/><T128/><D128/><U64/><E123/><V112/><F112/><W52/><G80/><T103/><D18/><U84/><E37/><V21/><F21/><W83/><G39/><T74/><D20/><U135/><E135/><RYUUKYOKU ba="0,1" sc="254,-10,321,-10,105,30,310,-10" hai2="24,26,63,77,79,85,86,96,99,100,102,120,122" owari="244,-16.0,321,42.0,135,-36.0,300,10.0" /></mjloggm>