<mjloggm ver="2.3"><GO type="169" lobby="0"/><UN n0="%E9%81%8A%E8%B5%B0" n1="%E3%83%88%E3%83%88%E3%83%AA%E5%85%88%E7%94%9F%31%39%E6%AD%B3" n2="%E3%81%B5%E3%81%98%E3%81%8A" n3="%E2%80%A0%41%71%75%61%E2%80%A0" dan="16,18,17,16" rate="2184.63,2268.26,2179.13,2043.22" sx="M,F,M,M"/><TAIKYOKU oya="0"/><INIT seed="0,0,0,4,2,93" ten="250,250,250,250" oya="0" hai0="60,92,41,48,73,130,36,85,71,114,131,44,119" hai1="77,116,96,134,67,53,83,112,72,26,90,49,107" hai2="101,128,70,135,109,115,50,126,58,42,38,75,88" hai3="27,32,15,87,59,22,34,47,23,65,16,69,74"/><T82/><D119/><U102/><E116/><V56/><F101/><W118/><G74/><T111/><D114/><U19/><E134/><V106/><F88/><W18/><G118/><T81/><D111/><U21/><E112/><V78/><F78/><W24/><G69/><T57/><D73/><U8/><E67/><V11/><F11/><W97/><G87/><T120/><D120/><U0/><E8/><V62/><F106/><W40/><G15/><T95/><D71/><U35/><E35/><V76/><F76/><W33/><G97/><T104/><D104/><U103/><E103/><V123/><F75/><W86/><G86/><T127/><D36/><U4/><E4/><V13/><F13/><W80/><G80/><N who="0" m="30827" /><D85/><U64/><E64/><N who="2" m="41239" /><F115/><W12/><G12/><T46/><D46/><U6/><E6/><V84/><F84/><W91/><G91/><T9/><D9/><U3/><REACH who="1" step="1"/><E90/><REACH who="1" ten="250,240,250,250" step="2"/><V68/><F135/><W28/><G34/><T25/><D130/><U51/><E51/><V2/><F128/><W5/><G5/><T29/><D131/><U99/><E99/><V45/><F123/><W31/><G33/><T105/><D48/><U79/><E79/><V1/><F50/><N who="3" m="26983" /><G32/><T7/><D7/><U39/><E39/><V132/><F132/><W37/><G37/><T113/><D113/><U14/><E14/><V129/><F129/><W52/><G65/><T20/><D60/><AGARI ba="0,1" hai="16,18,22,23,24,27,28,31,52,59,60" m="26983" machi="60" ten="30,3900,0" yaku="8,1,54,2" doraHai="93" who="3" fromWho="0" sc="250,-39,240,0,250,0,250,49" /><INIT seed="1,0,0,4,3,44" ten="211,240,250,299" oya="1" hai0="70,122,16,93,32,87,75,35,7,92,0,135,47" hai1="18,105,85,1,38,77,28,121,116,128,104,3,133" hai2="51,31,11,106,129,57,115,101,90,41,63,58,99" hai3="125,76,68,123,17,13,65,10,134,66,45,6,56"/><U53/><E116/><V34/><F129/><W23/><G123/><T42/><D75/><U14/><E121/><V64/><F115/><W120/><G120/><T127/><D122/><U36/><E128/><V30/><F11/><W52/><G125/><T46/><D127/><U97/><E133/><V61/><F90/><W4/><G134/><T71/><D135/><U82/><E28/><V22/><F34/><W81/><G45/><T69/><D7/><U50/><E38/><V8/><F8/><W117/><G68/><T78/><D0/><U39/><E39/><V94/><F106/><W79/><G117/><T33/><D16/><U98/><E36/><V9/><F9/><W59/><G59/><T29/><D29/><U60/><E60/><V119/><F119/><W132/><G132/><T37/><REACH who="0" step="1"/><D46/><REACH who="0" ten="201,240,250,299" step="2"/><U111/><E1/><V110/><F30/><W86/><G4/><T27/><D27/><U84/><E3/><V43/><F31/><W12/><REACH who="3" step="1"/><G76/><REACH who="3" ten="201,240,250,289" step="2"/><T95/><D95/><U55/><E104/><V67/><F94/><W72/><G72/><T74/><D74/><U73/><E105/><V26/><F67/><W2/><G2/><T80/><AGARI ba="0,2" hai="32,33,35,37,42,47,69,70,71,78,80,87,92,93" machi="80" ten="40,2700,0" yaku="1,1,0,1,53,0" doraHai="44" doraHaiUra="112" who="0" fromWho="0" sc="201,47,240,-13,250,-7,289,-7" /><INIT seed="2,0,0,3,5,133" ten="248,227,243,282" oya="2" hai0="5,122,9,57,46,99,70,116,65,19,80,63,109" hai1="4,130,114,85,18,49,66,79,86,124,107,62,93" hai2="96,84,28,98,50,11,106,6,34,15,115,54,21" hai3="76,88,127,87,40,135,53,104,123,1,69,26,22"/><V71/><F115/><W101/><G123/><T17/><D122/><U119/><E114/><V81/><F71/><W105/><G69/><T13/><D109/><U103/><E119/><V125/><F34/><W118/><G1/><T12/><D116/><U23/><E107/><V7/><F7/><W73/><G118/><T2/><D70/><U44/><E130/><V75/><F75/><W110/><G40/><T121/><D121/><U38/><E38/><V94/><F106/><W36/><G36/><T25/><D99/><N who="1" m="59887" /><E4/><V91/><F81/><N who="3" m="45199" /><G53/><T41/><D80/><U134/><E124/><V92/><F125/><W77/><G127/><T27/><D2/><U112/><E79/><V33/><F33/><W24/><G135/><T83/><D83/><U68/><E68/><V132/><F132/><W3/><G3/><T14/><D5/><U74/><E74/><V52/><F94/><N who="3" m="54559" /><G77/><T126/><D126/><U42/><E134/><V48/><F48/><W39/><G39/><T102/><D102/><U89/><E112/><V30/><F54/><W61/><G110/><T32/><D32/><U72/><E72/><V113/><F113/><W100/><G61/><T129/><D41/><U51/><E51/><V131/><F131/><W29/><G26/><N who="0" m="9739" /><D129/><U120/><E120/><V58/><REACH who="2" step="1"/><F21/><REACH who="2" ten="248,227,233,282" step="2"/><W55/><G55/><T95/><D9/><U0/><E23/><V90/><F90/><W56/><G105/><T97/><D46/><U8/><E89/><V47/><F47/><W59/><G104/><T10/><D10/><U45/><E45/><V111/><F111/><W35/><G35/><RYUUKYOKU ba="0,1" sc="248,10,227,-30,233,10,282,10" hai0="12,13,14,17,19,57,63,65,95,97" hai2="6,11,15,28,30,50,52,58,84,91,92,96,98" hai3="22,24,29,56,59,100,101" /><INIT seed="2,1,1,4,0,69" ten="258,197,243,292" oya="2" hai0="54,123,98,35,83,52,115,15,95,18,68,85,7" hai1="102,65,73,70,110,49,129,41,6,59,36,118,82" hai2="28,108,97,134,76,37,14,50,39,2,24,119,58" hai3="55,114,17,94,63,32,91,56,79,20,11,130,51"/><V25/><F119/><W131/><G32/><T104/><D123/><U43/><E118/><V90/><F2/><W74/><G11/><T44/><D104/><U48/><E110/><V71/><F71/><W100/><G100/><T66/><D115/><U72/><E129/><N who="3" m="49162" /><G114/><T31/><D7/><U29/><E70/><V84/><F108/><W10/><G10/><T22/><D35/><U92/><E6/><V93/><F134/><W62/><G79/><T19/><D66/><U99/><E29/><V46/><F14/><N who="3" m="9271" /><G74/><T30/><D68/><U80/><E43/><V53/><F46/><W87/><AGARI ba="1,1" hai="51,55,56,62,63,87,91,94" m="9271,49162" machi="87" ten="30,2000,0" yaku="25,1,19,1" doraHai="69" who="3" fromWho="3" sc="258,-6,197,-6,243,-11,292,33" /><INIT seed="3,0,0,4,4,78" ten="252,191,232,325" oya="3" hai0="44,60,61,36,76,81,59,71,9,17,84,13,79" hai1="26,130,104,95,74,97,43,50,62,83,52,10,123" hai2="129,22,45,37,12,63,113,86,73,47,91,1,94" hai3="7,122,77,106,23,134,41,6,96,93,121,120,34"/><W55/><G34/><T54/><D36/><U21/><E123/><V115/><F1/><W28/><G106/><T127/><D127/><U31/><E104/><V107/><F107/><W19/><G41/><T100/><D100/><U16/><E130/><V111/><F111/><W14/><G134/><T4/><D71/><U125/><E125/><V58/><F129/><W124/><G124/><T105/><D105/><U67/><E43/><V51/><F73/><W89/><G77/><T92/><D92/><U101/><E74/><V33/><F33/><W11/><REACH who="3" step="1"/><G55/><REACH who="3" ten="252,191,232,315" step="2"/><T132/><D132/><U103/><E52/><V87/><F115/><W116/><G116/><T2/><D76/><U102/><E50/><V35/><F113/><W88/><G88/><T30/><D61/><U5/><E101/><V90/><F35/><W114/><G114/><T24/><D60/><U18/><E102/><V42/><F51/><W128/><G128/><T25/><D54/><U38/><E38/><V126/><F126/><W53/><G53/><T69/><D79/><U108/><E108/><V72/><F72/><W75/><G75/><T66/><D44/><U20/><E62/><V68/><F37/><W82/><G82/><T48/><D81/><U29/><E83/><N who="2" m="49503" /><F42/><W80/><G80/><T49/><D48/><U8/><E103/><V98/><F47/><W3/><G3/><T15/><D49/><U135/><E135/><V112/><F112/><W119/><G119/><T70/><D2/><U57/><E95/><V118/><F118/><W46/><G46/><T0/><D0/><U39/><E39/><RYUUKYOKU ba="0,1" sc="252,-10,191,-10,232,-10,315,30" hai3="6,7,11,14,19,23,28,89,93,96,120,121,122" /><INIT seed="3,1,1,2,4,40" ten="242,181,222,345" oya="3" hai0="73,28,90,43,59,8,68,32,37,77,56,34,58" hai1="112,29,47,25,109,2,94,113,128,6,116,66,115" hai2="50,114,127,96,84,106,21,3,95,82,16,121,1" hai3="5,107,11,123,135,10,38,65,39,14,31,53,131"/><W122/><G107/><T36/><D68/><U75/><E75/><V78/><F114/><W124/><G65/><T104/><D104/><U48/><E109/><V33/><F33/><W125/><G131/><T118/><D118/><U27/><E128/><V110/><F110/><W70/><G70/><T12/><D90/><U87/><E116/><V19/><F127/><N who="3" m="48715" /><G135/><T98/><D98/><U130/><E130/><V85/><F106/><W102/><G102/><T74/><D28/><U17/><E66/><V81/><F121/><N who="3" m="46091" /><G31/><T26/><D26/><U132/><E132/><V46/><F1/><N who="3" m="303" /><G53/><T101/><D101/><U35/><E2/><V91/><F3/><W108/><G108/><T15/><D34/><U60/><E6/><AGARI ba="1,1" hai="6,11,14,38,39" m="303,46091,48715" machi="6" ten="30,1500,0" yaku="18,1" doraHai="40" who="3" fromWho="1" sc="242,0,181,-18,222,0,345,28" /><INIT seed="3,2,0,4,1,71" ten="242,163,222,373" oya="3" hai0="52,77,30,73,85,31,9,112,7,134,120,88,46" hai1="29,66,101,60,119,111,62,8,5,64,123,43,37" hai2="106,3,97,42,51,113,28,96,2,49,93,78,84" hai3="87,122,104,35,41,47,94,21,25,27,98,54,86"/><W45/><G104/><T53/><D120/><U26/><E123/><V127/><F113/><W12/><G122/><T128/><D112/><U32/><E111/><V20/><F127/><W90/><G54/><T133/><D77/><U1/><E119/><V34/><F34/><W4/><G35/><T36/><D73/><U50/><E101/><V131/><F106/><W6/><G27/><T92/><D128/><U40/><E50/><V58/><F131/><W19/><G47/><T100/><D100/><U48/><E48/><V69/><F69/><W135/><G135/><N who="0" m="51723" /><D30/><U56/><REACH who="1" step="1"/><E37/><REACH who="1" ten="242,153,222,373" step="2"/><V55/><F49/><N who="3" m="26799" /><G25/><T0/><D31/><U24/><E24/><V57/><F28/><W103/><G103/><T108/><D108/><U74/><E74/><V110/><F110/><W116/><G116/><T132/><D132/><U81/><E81/><V67/><F51/><W107/><G107/><T61/><D61/><U80/><E80/><V83/><F83/><W68/><G68/><AGARI ba="2,1" hai="1,5,8,26,29,32,40,43,56,60,62,64,66,68" machi="68" ten="30,2000,0" yaku="1,1,7,1,53,0" doraHai="71" doraHaiUra="121" who="1" fromWho="3" sc="242,0,153,36,222,0,373,-26" /><INIT seed="4,0,0,1,4,71" ten="242,189,222,347" oya="0" hai0="26,68,11,117,70,16,128,135,96,134,37,79,9" hai1="78,90,76,29,99,51,30,44,4,58,109,42,22" hai2="118,115,124,80,91,53,55,17,103,116,39,50,47" hai3="63,8,7,105,33,14,95,112,69,89,5,0,57"/><T126/><D117/><N who="2" m="45162" /><F124/><W15/><G105/><T60/><D126/><U85/><E109/><V108/><F108/><W27/><G69/><T125/><D125/><U104/><E4/><V66/><F115/><W129/><G129/><T101/><D70/><U106/><E106/><V24/><F103/><W131/><G131/><T49/><D128/><U18/><E104/><V34/><F66/><W72/><G72/><T132/><D79/><N who="1" m="30251" /><E58/><V1/><F1/><W98/><G112/><T48/><D37/><U107/><E99/><V32/><F53/><W94/><G7/><T25/><D96/><U45/><E45/><V86/><F39/><W13/><G94/><T93/><D93/><N who="1" m="54479" /><E107/><V73/><F73/><W121/><G121/><T120/><D101/><U43/><E43/><V59/><F59/><W123/><G123/><T65/><D120/><U81/><E81/><V31/><F17/><W130/><G130/><T127/><D127/><U6/><E6/><V62/><F62/><W88/><G89/><T12/><REACH who="0" step="1"/><D9/><REACH who="0" ten="232,189,222,347" step="2"/><U113/><E113/><V2/><F2/><W36/><G36/><T41/><D41/><U54/><E42/><V84/><F84/><W110/><G110/><T100/><D100/><U111/><E111/><V82/><F82/><W19/><G0/><T21/><D21/><AGARI ba="0,1" hai="21,24,31,32,34,47,50,55,80,86,91" m="45162" machi="21" ten="30,1000,0" yaku="12,1" doraHai="71" who="2" fromWho="0" sc="232,-10,189,0,222,20,347,0" /><INIT seed="5,0,0,4,5,86" ten="222,189,242,347" oya="1" hai0="28,84,108,132,1,92,45,56,48,24,20,127,74" hai1="69,89,70,112,104,100,22,52,55,44,82,35,7" hai2="29,115,42,80,30,0,85,62,71,99,97,68,103" hai3="106,13,25,5,81,128,32,121,96,88,26,114,78"/><U51/><E35/><V23/><F0/><W73/><G121/><T21/><D108/><U31/><E112/><V79/><F115/><W93/><G114/><T19/><D132/><U50/><E7/><V75/><F75/><W111/><G111/><T91/><D127/><U59/><E100/><V37/><F97/><W117/><G128/><T46/><D1/><U47/><E104/><V49/><F37/><W53/><G117/><T38/><D74/><U9/><E9/><V54/><F42/><W131/><G131/><T133/><D38/><U27/><E59/><V83/><F83/><W109/><G109/><T105/><D105/><U94/><E82/><V67/><F71/><W101/><G32/><T57/><D133/><U118/><E118/><V3/><F3/><W10/><G53/><N who="0" m="31783" /><D57/><U119/><E119/><V34/><F23/><W116/><G116/><T76/><D76/><U113/><E113/><V87/><F34/><W6/><G5/><T107/><D107/><U72/><E72/><V65/><F65/><W125/><G125/><T33/><D33/><U60/><E60/><V61/><F62/><W58/><G58/><T134/><D134/><U66/><E66/><V11/><F11/><W8/><G10/><T4/><D4/><U98/><AGARI ba="0,0" hai="22,27,31,44,47,50,51,52,55,69,70,89,94,98" machi="98" ten="20,12000,1" yaku="0,1,7,1,9,1,52,1,54,1" doraHai="86" who="1" fromWho="1" sc="222,-40,189,120,242,-40,347,-40" /><INIT seed="5,1,0,4,3,71" ten="182,309,202,307" oya="1" hai0="79,99,25,32,11,35,112,28,50,129,61,7,14" hai1="95,49,41,17,93,0,108,36,111,101,117,115,69" hai2="97,26,121,40,132,92,133,94,77,118,31,30,73" hai3="90,135,85,38,62,107,105,81,72,2,21,5,124"/><U87/><E117/><V64/><F118/><W120/><G120/><T37/><D112/><U51/><E69/><V103/><F121/><W56/><G124/><T75/><D129/><U128/><E0/><V4/><F4/><W70/><G70/><T59/><D37/><U84/><E128/><V116/><F116/><W48/><G38/><T109/><D109/><N who="1" m="42059" /><E115/><V33/><F31/><W104/><G135/><N who="2" m="51785" /><F64/><W34/><G34/><T53/><D99/><N who="1" m="59631" /><E17/><V127/><F127/><W13/><G2/><T119/><D119/><U83/><E95/><N who="2" m="58815" /><F40/><W78/><G48/><N who="1" m="18506" /><E83/><AGARI ba="1,0" hai="26,30,33,73,77,83,92,94" m="58815,51785" machi="83" ten="30,1000,0" yaku="20,1" doraHai="71" who="2" fromWho="1" sc="182,0,309,-13,202,13,307,0" /><INIT seed="6,0,0,5,4,80" ten="182,296,215,307" oya="2" hai0="89,41,84,123,133,129,19,76,66,125,74,116,18" hai1="27,94,102,62,109,110,0,26,36,128,9,22,52" hai2="117,25,134,73,67,42,71,97,79,15,35,30,29" hai3="95,101,43,39,10,48,37,49,120,103,113,126,121"/><V127/><F117/><W3/><G126/><T58/><D123/><U131/><E36/><V13/><F127/><W1/><G95/><T77/><D125/><U93/><E0/><V91/><F134/><W69/><G10/><T107/><D107/><U85/><E9/><V82/><F42/><W53/><G43/><T83/><D133/><U24/><E22/><V86/><F97/><W130/><G113/><T132/><D132/><U51/><E62/><V38/><F38/><W14/><G14/><T88/><D129/><N who="1" m="49739" /><E102/><V122/><F122/><W98/><G130/><T31/><D116/><U99/><E85/><V70/><F30/><W54/><G98/><T118/><D118/><U124/><E124/><V64/><F15/><W96/><G96/><T50/><D31/><U111/><E99/><V32/><F32/><W75/><G69/><T34/><D34/><U104/><E104/><V7/><F7/><W115/><G115/><T17/><D74/><AGARI ba="0,0" hai="1,3,37,39,48,49,53,54,74,75,101,103,120,121" machi="74" ten="25,1600,0" yaku="22,2" doraHai="80" who="3" fromWho="0" sc="182,-16,296,0,215,0,307,16" /><INIT seed="7,0,0,5,1,36" ten="166,296,215,323" oya="3" hai0="75,78,90,128,53,80,89,62,22,107,51,27,66" hai1="71,115,32,65,9,102,15,60,131,134,103,31,69" hai2="118,54,83,117,57,98,129,124,93,6,87,61,59" hai3="119,97,21,81,94,85,12,127,74,105,26,8,109"/><W50/><G119/><T38/><D128/><U20/><E32/><V13/><F129/><W72/><G105/><T56/><D107/><U114/><E131/><V82/><F124/><W47/><G109/><T64/><D38/><U108/><E108/><V126/><F126/><W132/><G132/><T112/><D112/><U48/><E71/><V68/><F68/><W95/><G127/><T11/><D11/><U49/><E134/><V55/><F117/><W19/><G74/><T92/><D51/><U123/><E123/><V91/><F118/><W1/><G1/><T4/><D4/><U133/><E133/><V28/><F28/><N who="3" m="17487" /><G97/><T37/><D37/><U88/><E20/><V7/><F13/><W130/><G72/><T135/><D135/><U79/><E79/><V52/><F82/><W104/><G104/><T0/><D0/><U41/><E31/><V122/><F122/><W120/><G120/><T30/><REACH who="0" step="1"/><D89/><REACH who="0" ten="156,296,215,323" step="2"/><U5/><E88/><N who="2" m="51327" /><F61/><W34/><G130/><T45/><D45/><N who="1" m="25647" /><E49/><V63/><F63/><W43/><G34/><T116/><D116/><U113/><AGARI ba="0,1" hai="5,9,15,60,65,69,102,103,113,114,115" m="25647" machi="113" ten="30,2000,0" yaku="15,1,52,1" doraHai="36" who="1" fromWho="1" sc="156,-5,296,30,215,-5,323,-10" owari="151,-35.0,326,43.0,210,-19.0,313,11.0" /></mjloggm>