<mjloggm ver="2.3"><GO type="169" lobby="0"/><UN n0="%E3%81%82%E3%81%B2%E3%82%8B%E3%81%95%E3%82%93" n1="%E9%9B%80%E5%A3%AB%E3%81%AC%E3%82%8B%E3%82%8A%E3%82%93" n2="%E3%81%A9%E3%82%93%E3%82%88%E3%81%8F" n3="%E3%83%88%E3%83%88%E3%83%AA%E5%85%88%E7%94%9F%31%39%E6%AD%B3" dan="16,16,19,18" rate="2141.81,2116.73,2331.21,2269.08" sx="M,M,M,F"/><TAIKYOKU oya="0"/><INIT seed="0,0,0,0,0,106" ten="250,250,250,250" oya="0" hai0="6,63,66,62,29,40,99,24,112,135,78,25,125" hai1="68,22,73,95,102,89,101,58,59,69,88,19,119" hai2="18,30,120,10,45,51,104,114,36,53,55,74,37" hai3="110,13,15,27,65,67,118,64,79,11,132,72,84"/><T16/><D112/><U80/><E119/><V56/><F120/><W121/><G118/><T90/><D135/><U94/><E80/><V75/><F114/><W41/><G132/><T52/><D125/><U48/><E48/><V17/><F104/><W47/><G121/><T117/><D117/><U43/><E22/><V76/><F76/><W134/><G134/><T42/><D6/><U39/><E19/><V32/><F32/><W82/><G110/><T113/><D113/><U71/><E43/><V1/><F30/><W92/><G27/><T109/><D109/><U23/><E23/><V9/><F1/><W3/><G92/><N who="0" m="56727" /><D29/><U54/><E71/><V129/><F129/><W44/><G84/><T108/><D108/><U116/><E116/><V21/><F21/><W31/><G31/><T12/><D78/><U20/><E20/><V105/><F105/><W115/><G115/><T83/><D83/><U8/><E54/><V130/><F51/><W133/><G133/><T131/><D131/><U98/><E98/><V26/><F130/><W4/><REACH who="3" step="1"/><G47/><REACH who="3" ten="250,250,250,240" step="2"/><T93/><D25/><U0/><E94/><V33/><F26/><W60/><G60/><T34/><D24/><U127/><E95/><V97/><F45/><W50/><AGARI ba="0,1" hai="3,4,11,13,15,41,44,50,64,65,67,72,79,82" machi="50" ten="30,7900,0" yaku="1,1,0,1,52,1,53,1" doraHai="106" doraHaiUra="2" who="3" fromWho="3" sc="250,-39,250,-20,250,-20,240,89" /><INIT seed="1,0,0,2,1,97" ten="211,230,230,329" oya="1" hai0="50,118,57,30,35,15,19,68,110,1,13,94,124" hai1="133,23,93,127,66,37,79,26,104,28,101,54,48" hai2="3,131,51,27,22,102,121,49,39,44,40,125,126" hai3="14,10,89,9,70,53,73,46,8,108,45,0,115"/><U114/><E114/><V119/><F121/><W24/><G115/><T105/><D105/><U34/><E133/><V98/><F119/><W128/><G70/><T71/><D1/><U107/><E127/><N who="2" m="48651" /><F3/><W29/><G73/><T17/><D124/><U92/><E37/><V41/><F41/><W32/><G108/><T2/><D2/><U83/><E66/><V11/><F11/><W62/><G128/><T81/><D118/><U31/><E31/><N who="2" m="17911" /><F131/><W65/><G0/><T67/><D110/><U60/><E60/><V6/><F6/><W25/><G25/><T120/><D120/><U69/><E69/><V16/><F16/><W112/><G112/><T113/><D19/><U86/><E34/><V123/><F123/><W109/><G109/><T56/><D17/><U20/><E20/><V33/><F33/><W59/><G14/><T99/><D13/><U80/><E80/><V106/><AGARI ba="0,0" hai="39,40,44,49,51,98,102,106" m="17911,48651" machi="106" ten="30,2000,0" yaku="18,1,52,1" doraHai="97" who="2" fromWho="2" sc="211,-5,230,-10,230,20,329,-5" /><INIT seed="2,0,0,0,5,135" ten="206,220,250,324" oya="2" hai0="118,13,23,40,19,97,122,35,16,91,90,38,84" hai1="1,24,50,102,96,22,44,7,111,88,107,85,76" hai2="98,20,36,103,5,61,68,106,121,27,93,6,86" hai3="28,2,83,55,95,99,52,119,42,81,115,124,128"/><V10/><F121/><W0/><G119/><T69/><D69/><U48/><E111/><V58/><F36/><W113/><G128/><T131/><D35/><U117/><E117/><V56/><F68/><W8/><G42/><T100/><D118/><U34/><E34/><V17/><F58/><W64/><G28/><T73/><D73/><U82/><E44/><V78/><F10/><W125/><G64/><T57/><D122/><U108/><E108/><V110/><F110/><W77/><G95/><T15/><D131/><U37/><E37/><V4/><F106/><W53/><G99/><T92/><D57/><U59/><E59/><V114/><F114/><N who="3" m="43531" /><G8/><T129/><D129/><U126/><E7/><V3/><F3/><N who="3" m="1067" /><G77/><T120/><D120/><U67/><E1/><V105/><F105/><W29/><G29/><T79/><D38/><U46/><E67/><V11/><F11/><W47/><G47/><T134/><D40/><U43/><E76/><V30/><F17/><W62/><G62/><T80/><REACH who="0" step="1"/><D134/><REACH who="0" ten="196,220,250,324" step="2"/><U65/><E46/><V18/><F56/><W54/><G54/><T21/><BYE who="3" /><AGARI ba="0,1" hai="13,15,16,19,21,23,79,80,84,90,91,92,97,100" machi="21" ten="20,12000,2" yaku="1,1,2,1,0,1,7,1,9,1,8,1,54,1,53,0" doraHai="135" doraHaiUra="109" who="0" fromWho="0" sc="196,130,220,-30,250,-60,324,-30" /><INIT seed="3,0,0,1,1,95" ten="326,190,190,294" oya="3" hai0="64,111,39,2,43,101,84,89,45,103,36,92,107" hai1="119,72,49,85,83,48,88,86,52,57,20,27,67" hai2="87,78,70,77,130,124,0,41,62,98,132,91,26" hai3="110,5,63,32,19,61,80,82,105,46,76,23,38"/><W4/><G4/><T50/><D111/><U99/><E119/><V12/><F0/><W104/><G104/><T81/><D2/><U97/><E72/><V33/><F124/><W44/><G44/><T14/><D107/><U66/><E48/><V93/><F130/><W42/><G42/><T37/><D64/><N who="1" m="24619" /><E86/><V11/><F132/><W127/><G127/><T30/><D30/><AGARI ba="0,0" hai="20,27,30,49,52,57,83,85,88,97,99" m="24619" machi="30" ten="30,8000,1" yaku="8,1,52,2,54,2" doraHai="95" who="1" fromWho="0" sc="326,-80,190,80,190,0,294,0" /><INIT seed="4,0,0,2,5,72" ten="246,270,190,294" oya="0" hai0="126,122,23,16,1,112,82,104,19,12,15,29,127" hai1="11,52,76,117,28,32,51,100,79,30,87,101,94" hai2="17,31,118,37,85,116,13,43,135,92,124,40,120" hai3="26,119,123,81,134,84,98,18,6,69,21,4,22"/><T68/><D68/><U93/><E117/><V114/><F120/><W111/><G111/><T46/><D104/><U5/><E32/><V107/><F107/><W64/><G64/><T63/><D122/><U106/><E106/><V70/><F70/><W42/><G42/><T110/><D1/><U0/><E30/><V49/><F37/><W71/><G71/><T130/><D112/><U97/><E28/><V59/><F114/><W121/><G121/><T38/><D130/><U44/><E87/><V33/><F33/><W65/><G65/><T58/><D110/><U74/><E74/><V2/><F2/><W9/><G9/><T47/><D29/><U14/><REACH who="1" step="1"/><E0/><REACH who="1" ten="246,260,190,294" step="2"/><V99/><F31/><W115/><G115/><T128/><D128/><U80/><E80/><V67/><F85/><W131/><G131/><T3/><D3/><U125/><E125/><N who="0" m="47625" /><D82/><U25/><E25/><V36/><F124/><W105/><G105/><T41/><D15/><U91/><E91/><V62/><F116/><W133/><G133/><T103/><D103/><UN n3="%E3%83%88%E3%83%88%E3%83%AA%E5%85%88%E7%94%9F%31%39%E6%AD%B3" /><U90/><E90/><V61/><F135/><W48/><G134/><T55/><D12/><U45/><E45/><V56/><F118/><W78/><G119/><T66/><D47/><U53/><E53/><V60/><F13/><W113/><G113/><T75/><BYE who="3" /><D75/><U83/><E83/><V129/><F129/><W50/><G50/><T86/><D86/><U34/><E34/><V39/><F49/><W88/><G88/><T96/><D55/><U35/><E35/><V109/><F109/><W132/><G132/><T20/><D96/><AGARI ba="0,1" hai="5,11,14,44,51,52,76,79,93,94,96,97,100,101" machi="96" ten="40,16000,3" yaku="1,1,6,1,9,1,8,1,52,2,54,1,53,1" doraHai="72" doraHaiUra="10" who="1" fromWho="0" sc="246,-160,260,170,190,0,294,0" /><INIT seed="5,0,0,4,3,60" ten="86,430,190,294" oya="1" hai0="75,29,63,121,6,10,100,16,70,79,135,23,96" hai1="0,20,95,80,74,54,122,8,111,67,131,38,99" hai2="123,19,40,36,13,52,56,7,33,130,92,87,69" hai3="24,25,1,3,62,93,28,53,114,18,14,128,115"/><U103/><E122/><V134/><F69/><W113/><G113/><T88/><D29/><U77/><E38/><V76/><F123/><W118/><G118/><T11/><D121/><U82/><E111/><V17/><F33/><W21/><G21/><T98/><D135/><U110/><E131/><V49/><F130/><W61/><G61/><T50/><D75/><U90/><E110/><V45/><F134/><W5/><G5/><T35/><D35/><U119/><E119/><V127/><F127/><W51/><G51/><T133/><D79/><U72/><E54/><V94/><F7/><W78/><G78/><T107/><D133/><U46/><E46/><V22/><REACH who="2" step="1"/><F19/><REACH who="2" ten="86,430,180,294" step="2"/><W124/><G124/><T108/><D6/><U109/><E109/><V104/><F104/><W91/><G91/><T105/><D108/><U57/><E90/><V101/><F101/><W26/><G26/><UN n3="%E3%83%88%E3%83%88%E3%83%AA%E5%85%88%E7%94%9F%31%39%E6%AD%B3" /><T41/><D107/><U39/><E103/><V68/><F68/><W102/><G25/><T97/><D70/><U31/><BYE who="3" /><E0/><V44/><F44/><W58/><G58/><T89/><D105/><U32/><E57/><V126/><F126/><W34/><G34/><T84/><D100/><U65/><E32/><V15/><F15/><W73/><G73/><T116/><D116/><U125/><E74/><V86/><F86/><W112/><G112/><T37/><D84/><N who="1" m="48143" /><E125/><V120/><F120/><W85/><G85/><T55/><D89/><U59/><E72/><V9/><F9/><W12/><G12/><N who="0" m="9607" /><D88/><UN n3="%E3%83%88%E3%83%88%E3%83%AA%E5%85%88%E7%94%9F%31%39%E6%AD%B3" /><U83/><E8/><V71/><F71/><W106/><G115/><T81/><D10/><RYUUKYOKU ba="0,1" sc="86,-10,430,-10,180,30,294,-10" hai2="13,17,22,36,40,45,49,52,56,76,87,92,94" /><INIT seed="6,1,1,1,3,64" ten="76,420,210,284" oya="2" hai0="109,100,68,40,20,76,14,4,92,5,61,34,98" hai1="131,28,116,65,60,71,103,108,33,8,12,15,82" hai2="75,45,90,56,113,21,70,24,126,85,132,128,32" hai3="2,106,66,107,91,73,95,84,36,102,39,22,26"/><V50/><F75/><W86/><G2/><T120/><D120/><U7/><E116/><V77/><F77/><W96/><G106/><T118/><D109/><U29/><E108/><V78/><F78/><W87/><G73/><T49/><D34/><U69/><E131/><V80/><F32/><W72/><G72/><T23/><D118/><U25/><E29/><V47/><F128/><W35/><G35/><T58/><D76/><U135/><E135/><V83/><F83/><W101/><G66/><T46/><D68/><U97/><E82/><V52/><F132/><W112/><G112/><T27/><D14/><U114/><E114/><V105/><F105/><W10/><G10/><T42/><D23/><U62/><E62/><V11/><F126/><W18/><REACH who="3" step="1"/><G102/><REACH who="3" ten="76,420,210,274" step="2"/><T89/><D42/><U121/><E121/><V0/><F113/><W119/><G119/><T115/><D115/><U31/><E33/><V111/><F111/><W44/><G44/><T110/><D110/><U93/><E65/><V17/><F70/><W99/><AGARI ba="1,2" hai="18,22,26,36,39,84,86,87,91,95,96,99,101,107" machi="99" ten="30,2000,0" yaku="1,1,0,1,53,0" doraHai="64" doraHaiUra="133" who="3" fromWho="3" sc="76,-6,420,-6,210,-11,274,43" /><INIT seed="7,0,0,4,4,36" ten="70,414,199,317" oya="3" hai0="28,111,119,113,131,25,12,8,77,55,82,54,118" hai1="43,105,81,67,76,17,40,132,112,126,23,62,66" hai2="110,72,37,91,26,21,2,49,69,64,35,46,33" hai3="96,24,0,48,53,124,108,104,57,102,95,73,115"/><W128/><G0/><T70/><D111/><U13/><E105/><V65/><F37/><W123/><G123/><T127/><D70/><U93/><E112/><V20/><F2/><W14/><G73/><T130/><D77/><U44/><E132/><V135/><F72/><W31/><G115/><T134/><D113/><U94/><E126/><V121/><F69/><W114/><G114/><T107/><D107/><U7/><E7/><V61/><F20/><W19/><G124/><T59/><D127/><U18/><E18/><V79/><F79/><W11/><G128/><T39/><D82/><U90/><E44/><V97/><F33/><W27/><G108/><T68/><D68/><U122/><E122/><V99/><F35/><W45/><G104/><T58/><D39/><U86/><E93/><V34/><F34/><W15/><G31/><T52/><D12/><U88/><E90/><V75/><F75/><W4/><REACH who="3" step="1"/><G57/><REACH who="3" ten="70,414,199,307" step="2"/><N who="0" m="21515" /><D28/><U101/><E101/><V9/><F121/><W85/><G85/><T63/><D8/><AGARI ba="0,1" hai="4,8,11,14,15,19,24,27,45,48,53,95,96,102" machi="8" ten="30,11600,0" yaku="1,1,7,1,8,1,53,1" doraHai="36" doraHaiUra="41" who="3" fromWho="0" sc="70,-116,414,0,199,0,307,126" owari="-46,-55.0,414,21.0,199,-20.0,433,54.0" /></mjloggm>