<mjloggm ver="2.3"><GO type="169" lobby="0"/><UN n0="%E3%82%A6%E3%83%AB%E3%83%88%E3%83%A9%E7%AB%8B%E7%9B%B4" n1="%E3%81%82%E3%81%B2%E3%82%8B%E3%81%95%E3%82%93" n2="%6B%69%6D%38" n3="%E6%98%8E%E9%8F%A1%E6%AD%A2%E6%B0%B4" dan="18,16,16,16" rate="2226.42,2085.96,2125.27,2114.81" sx="M,M,M,M"/><TAIKYOKU oya="0"/><INIT seed="0,0,0,1,1,66" ten="250,250,250,250" oya="0" hai0="43,98,55,63,113,37,103,126,111,22,82,32,54" hai1="30,119,6,112,34,73,27,84,76,101,68,17,5" hai2="128,80,115,13,116,85,14,71,20,38,118,106,67" hai3="114,15,83,129,18,49,120,69,127,47,33,9,75"/><T4/><D32/><U57/><E119/><N who="2" m="45611" /><F115/><W25/><G114/><T51/><D113/><U70/><E112/><V42/><F106/><W132/><G132/><T133/><D133/><U16/><E73/><V2/><F2/><W89/><G129/><T40/><D126/><U74/><E74/><V26/><F128/><W109/><G109/><T123/><D123/><U79/><E101/><V50/><F38/><W62/><G127/><T122/><D122/><U7/><E57/><V10/><F50/><W21/><G33/><T96/><D37/><U61/><E61/><N who="2" m="40431" /><F42/><W131/><G131/><T8/><D111/><U36/><E36/><V102/><F102/><W124/><G124/><T12/><D63/><U95/><E79/><N who="2" m="46239" /><F10/><W53/><G120/><T23/><D82/><U94/><E76/><V29/><AGARI ba="0,0" hai="13,14,20,26,29" m="46239,40431,45611" machi="29" ten="30,2000,0" yaku="12,1,52,1" doraHai="66" who="2" fromWho="2" sc="250,-10,250,-5,250,20,250,-5" /><INIT seed="1,0,0,5,0,105" ten="240,245,270,245" oya="1" hai0="114,75,115,5,60,104,52,43,55,10,67,111,18" hai1="31,41,86,54,65,121,97,69,25,92,63,32,48" hai2="131,53,116,106,27,61,134,84,130,17,33,71,64" hai3="123,89,102,22,13,35,96,118,0,40,59,29,58"/><U50/><E121/><V103/><F116/><W90/><G0/><T113/><D104/><U15/><E41/><V87/><F134/><W120/><G35/><T51/><D18/><U127/><E127/><V56/><F17/><W85/><G118/><T88/><D75/><U8/><E86/><V108/><F108/><W68/><G68/><T1/><D111/><U82/><E82/><V94/><F106/><W83/><G40/><T93/><D51/><U125/><E125/><V47/><F47/><W101/><G120/><T70/><REACH who="0" step="1"/><D43/><REACH who="0" ten="230,245,270,245" step="2"/><U100/><E54/><V122/><F53/><W37/><G123/><T74/><D74/><U99/><REACH who="1" step="1"/><E97/><AGARI ba="0,1" hai="1,5,10,52,55,60,67,70,88,93,97,113,114,115" machi="97" ten="40,5200,0" yaku="1,1,54,2,53,0" doraHai="105" doraHaiUra="135" who="0" fromWho="1" sc="230,62,245,-52,270,0,245,0" /><INIT seed="2,0,0,5,3,75" ten="292,193,270,245" oya="2" hai0="99,25,97,44,28,58,132,68,43,57,12,91,62" hai1="33,35,46,120,63,20,79,72,88,51,41,104,48" hai2="126,45,118,93,101,53,108,115,128,107,14,3,89" hai3="92,102,49,8,56,112,64,133,81,86,22,95,27"/><V66/><F3/><W65/><G133/><T114/><D68/><U16/><E104/><V2/><F2/><W105/><G105/><T96/><D114/><U69/><E120/><V23/><F115/><W111/><G111/><T67/><D132/><U52/><E63/><V50/><F118/><W70/><G70/><T123/><D123/><U74/><E69/><V39/><F126/><W76/><G112/><T7/><D58/><U36/><E36/><V61/><F128/><W26/><G8/><T54/><D12/><U80/><E74/><V100/><F107/><W82/><G27/><T1/><D7/><U71/><E71/><N who="2" m="42447" /><F23/><W135/><G135/><T17/><D17/><U78/><E35/><V83/><F83/><W13/><G13/><T106/><D1/><U0/><E33/><V73/><F73/><W24/><G24/><T4/><D4/><U9/><E0/><V37/><F14/><W134/><G82/><T34/><D106/><U131/><E131/><V125/><F125/><W10/><G10/><T30/><D30/><U59/><E9/><V98/><F108/><W60/><G134/><T38/><REACH who="0" step="1"/><D91/><REACH who="0" ten="282,193,270,245" step="2"/><U87/><E72/><V85/><F100/><W116/><G102/><T124/><D124/><U129/><E129/><V6/><F6/><W121/><G121/><T109/><D109/><U117/><E117/><V110/><F110/><W127/><G127/><T11/><D11/><U90/><E90/><V55/><F55/><AGARI ba="0,1" hai="25,28,34,38,43,44,54,55,57,62,67,96,97,99" machi="55" ten="40,2600,0" yaku="1,1,53,1" doraHai="75" doraHaiUra="21" who="0" fromWho="2" sc="282,36,193,0,270,-26,245,0" /><INIT seed="3,0,0,4,0,27" ten="318,193,244,245" oya="3" hai0="135,116,122,49,18,43,17,54,11,57,9,39,70" hai1="95,79,77,8,91,61,75,123,38,78,68,114,117" hai2="84,6,65,66,112,2,53,100,105,124,55,64,113" hai3="3,69,128,106,7,119,90,60,42,67,82,72,96"/><W80/><G119/><T73/><D116/><U118/><E123/><V89/><F2/><W1/><G128/><T102/><D73/><U111/><E114/><V98/><F6/><W51/><G7/><T88/><D102/><U0/><E75/><V129/><F129/><W19/><G42/><T16/><D122/><U28/><E38/><V52/><REACH who="2" step="1"/><F124/><REACH who="2" ten="318,193,234,245" step="2"/><W40/><G3/><T120/><D120/><U131/><E0/><V110/><F110/><W127/><G1/><T15/><D135/><U103/><E111/><V86/><F86/><W97/><G127/><T37/><D37/><U20/><E131/><V50/><F50/><W35/><G51/><T24/><D39/><U87/><E87/><V13/><F13/><W101/><G72/><T76/><D15/><U36/><E36/><V81/><AGARI ba="0,1" hai="52,53,55,64,65,66,81,84,89,98,100,105,112,113" machi="81" ten="30,4000,0" yaku="1,1,0,1,54,1,53,0" doraHai="27" doraHaiUra="58" who="2" fromWho="2" sc="318,-10,193,-10,234,50,245,-20" /><INIT seed="4,0,0,4,2,31" ten="308,183,284,225" oya="0" hai0="48,36,49,7,24,113,119,130,1,44,86,75,84" hai1="132,59,91,67,134,9,81,54,35,96,46,29,80" hai2="123,90,20,2,4,71,23,120,121,19,63,60,69" hai3="72,94,17,76,22,111,38,55,32,12,42,125,107"/><T30/><D119/><U105/><E67/><V10/><F90/><W126/><G107/><T5/><D75/><U104/><E46/><V117/><F117/><W57/><G111/><T98/><D36/><U131/><E9/><V83/><F83/><N who="1" m="31817" /><E59/><V112/><F112/><W50/><G76/><T127/><D113/><U25/><E54/><V100/><F100/><W11/><G72/><T37/><D37/><U116/><E116/><V108/><F108/><W53/><G38/><T61/><D61/><U39/><E39/><V16/><F63/><W14/><G42/><T87/><D1/><U85/><E96/><V65/><F69/><W114/><G114/><T45/><D98/><U118/><E118/><V3/><F3/><W64/><G64/><T102/><D30/><U79/><E79/><V73/><F73/><W21/><G50/><T28/><D28/><U101/><E101/><V110/><F110/><W89/><G57/><T58/><D102/><U43/><E43/><V92/><F92/><W56/><G94/><T74/><D58/><U99/><E99/><V135/><F135/><N who="1" m="51753" /><E131/><V68/><F68/><W103/><G56/><T62/><D130/><U33/><E35/><V47/><F47/><W66/><G32/><T40/><D74/><U70/><E70/><V97/><F97/><W26/><G103/><T109/><D45/><U128/><E128/><V34/><F34/><W15/><G66/><T52/><D44/><U78/><E78/><V115/><F115/><W95/><G55/><T8/><D62/><U93/><AGARI ba="0,0" hai="25,29,33,85,91,93,104,105" m="51753,31817" machi="93" ten="30,2000,0" yaku="20,1,52,1" doraHai="31" who="1" fromWho="1" sc="308,-10,183,20,284,-5,225,-5" /><INIT seed="5,0,0,5,3,40" ten="298,203,279,220" oya="1" hai0="81,105,130,34,2,66,109,112,126,61,104,19,116" hai1="135,38,48,4,64,13,5,117,65,1,32,96,35" hai2="21,22,88,70,103,115,131,114,74,124,12,75,57" hai3="133,73,99,101,134,51,3,77,28,123,23,119,63"/><U50/><E38/><V108/><F108/><W17/><G123/><T111/><D19/><U89/><E1/><V125/><F70/><W11/><G119/><T107/><D116/><U129/><E117/><V29/><F103/><W42/><G28/><T15/><D15/><U113/><E113/><N who="2" m="43019" /><F131/><W39/><G39/><T16/><D16/><U71/><E135/><V62/><F12/><W56/><G77/><T27/><D112/><U100/><E129/><V86/><F29/><W9/><G73/><N who="2" m="27657" /><F57/><W76/><G3/><T44/><D2/><U84/><E13/><V95/><F62/><W67/><G76/><T58/><D130/><U6/><E71/><V53/><F53/><W47/><G134/><T120/><D61/><U60/><E60/><V72/><F72/><W132/><G132/><T121/><D111/><U0/><E0/><V94/><F94/><N who="3" m="58615" /><G133/><T87/><D109/><U122/><E100/><V106/><F106/><W93/><G93/><T41/><D107/><U54/><E54/><V37/><F37/><W83/><G83/><T49/><D105/><U52/><E52/><V46/><F46/><W128/><G128/><T110/><D104/><U25/><E65/><V45/><F45/><W85/><G9/><T20/><D110/><U80/><E64/><V69/><F69/><W24/><G11/><T10/><D10/><U90/><E80/><V102/><F102/><W118/><G118/><T26/><D81/><U79/><E25/><V127/><AGARI ba="0,0" hai="21,22,86,88,95,124,125,127" m="27657,43019" machi="127" ten="40,8000,1" yaku="18,1,15,1,11,1,54,1" doraHai="40" who="2" fromWho="2" sc="298,-20,203,-40,279,80,220,-20" /><INIT seed="6,0,0,2,1,79" ten="278,163,359,200" oya="2" hai0="47,134,25,103,128,118,63,88,74,76,5,9,33" hai1="54,41,120,29,20,31,117,105,58,127,91,3,98" hai2="112,16,126,72,10,102,106,129,35,11,42,80,52" hai3="26,32,135,45,104,65,44,46,6,131,89,38,48"/><V97/><F42/><W2/><G38/><T24/><D103/><U82/><E117/><V69/><F69/><W28/><G104/><T37/><D63/><U92/><E3/><V110/><F35/><W55/><G135/><T94/><D33/><U109/><E109/><V1/><F110/><W64/><G131/><T116/><D128/><U14/><E127/><V124/><F129/><W90/><G6/><T130/><D130/><U111/><E111/><V49/><F1/><W0/><G0/><N who="0" m="167" /><D134/><U93/><E120/><V95/><F106/><W53/><G2/><T87/><D25/><U81/><E105/><V66/><F66/><W132/><G132/><T51/><D51/><N who="1" m="31071" /><E41/><V107/><F112/><W40/><G40/><N who="0" m="22927" /><D24/><N who="1" m="16519" /><E31/><V113/><F113/><W59/><G53/><T23/><D23/><U70/><E70/><V73/><F107/><W7/><G7/><T36/><D36/><U115/><E115/><V75/><F80/><AGARI ba="0,0" hai="74,76,80,87,88,94,116,118" m="22927,167" machi="80" ten="30,3900,0" yaku="25,1,52,1,54,1" doraHai="79" who="0" fromWho="2" sc="278,39,163,0,359,-39,200,0" /><INIT seed="7,0,0,2,4,22" ten="317,163,320,200" oya="3" hai0="58,111,135,64,118,47,99,67,112,68,25,84,36" hai1="117,127,45,75,124,87,44,86,77,92,131,18,49" hai2="70,61,31,80,130,134,4,37,7,100,46,55,74" hai3="89,110,51,15,29,3,35,27,13,63,8,71,122"/><W93/><G122/><T132/><D68/><U83/><E131/><V133/><F100/><W19/><G110/><T6/><D118/><U73/><E117/><V38/><F130/><W90/><G3/><T54/><D111/><U48/><E92/><V65/><F31/><W40/><G15/><T129/><D129/><U39/><E77/><N who="2" m="44087" /><F55/><W33/><G40/><N who="0" m="22919" /><D25/><U69/><E83/><V114/><F114/><W0/><G0/><T14/><D84/><U59/><E59/><V126/><F126/><W16/><G51/><N who="0" m="31071" /><D99/><U78/><E78/><V96/><F96/><W66/><G35/><T121/><D121/><U52/><E52/><V76/><F76/><W79/><G79/><T41/><D41/><U26/><E39/><N who="2" m="14859" /><F46/><W5/><G90/><T17/><D6/><U53/><E53/><V109/><F109/><W10/><G8/><N who="0" m="6343" /><D112/><U101/><E101/><V12/><F12/><W1/><G13/><T108/><D108/><U23/><E23/><V42/><F42/><W88/><G89/><T30/><D30/><U60/><E18/><V43/><F43/><W115/><G115/><T9/><D9/><U95/><E95/><V123/><F123/><W85/><AGARI ba="0,0" hai="1,5,10,16,19,27,29,33,63,66,71,85,88,93" machi="85" ten="20,12000,1" yaku="0,1,7,1,52,1,54,2" doraHai="22" who="3" fromWho="3" sc="317,-40,163,-40,320,-40,200,120" owari="277,-12.0,123,-38.0,280,8.0,320,42.0" /></mjloggm>