<mjloggm ver="2.3"><GO type="41" lobby="0"/><UN n0="%E3%82%B2%E3%82%B3%E5%A4%AA%E3%80%82" n1="%E3%81%97%E3%81%A9%E3%82%8B%E3%81%B5%E3%81%81%E3%83%BC" n2="%43%55%52%52%59%4D%41%4E" n3="%E5%B0%B1%E6%B4%BB%E7%94%9F%40%E5%B7%9D%E6%9D%91%E8%BB%8D%E5%9B%A3" dan="13,14,14,16" rate="1844.30,1913.85,2031.12,2103.54" sx="M,M,M,M"/><TAIKYOKU oya="0"/><INIT seed="0,0,0,2,0,39" ten="250,250,250,250" oya="0" hai0="117,72,75,95,108,120,33,24,27,85,6,94,30" hai1="50,16,21,19,102,36,29,31,25,46,97,111,48" hai2="113,62,96,74,93,87,67,0,8,98,130,18,64" hai3="128,105,92,124,112,110,82,34,127,58,32,54,55"/><T13/><D120/><U101/><E111/><V53/><F130/><W79/><G105/><T89/><D117/><U51/><E101/><V45/><F74/><W12/><G112/><T99/><D108/><U83/><E83/><V4/><F113/><W115/><G115/><T68/><D68/><U122/><E122/><V81/><F18/><W88/><G12/><T90/><D24/><U104/><E36/><V66/><F53/><W41/><G41/><T28/><D28/><U3/><E3/><V57/><F45/><W69/><G69/><T114/><D114/><U118/><E118/><V80/><F80/><W134/><G128/><T10/><AGARI ba="0,0" hai="6,10,13,27,30,33,72,75,85,89,90,94,95,99" machi="10" ten="30,1500,0" yaku="0,1" doraHai="39" who="0" fromWho="0" sc="250,15,250,-5,250,-5,250,-5" /><INIT seed="0,1,0,4,4,18" ten="265,245,245,245" oya="0" hai0="103,11,118,1,30,133,131,4,61,109,19,117,102" hai1="42,31,38,7,6,10,88,87,25,96,17,98,101" hai2="90,111,24,74,45,5,41,127,71,105,86,113,120" hai3="107,93,70,27,125,94,69,75,52,128,64,72,13"/><T112/><D112/><U126/><E126/><V110/><F71/><W16/><G107/><T115/><D115/><U100/><E38/><V54/><F105/><W36/><G36/><T35/><D133/><U108/><E108/><V15/><F74/><W3/><G3/><T121/><D121/><U97/><E42/><V26/><F127/><W116/><G116/><T20/><D131/><U51/><E51/><N who="2" m="29039" /><F86/><W12/><G125/><T81/><D81/><U80/><E17/><V106/><F106/><W33/><G128/><T78/><D78/><U130/><E130/><V119/><F41/><W92/><G70/><T22/><D35/><U91/><E91/><V32/><F32/><W40/><G40/><T62/><D62/><U68/><E68/><V56/><F56/><W60/><G52/><T48/><D48/><U34/><E7/><V95/><F120/><W82/><G82/><T49/><D49/><U53/><E53/><V2/><F2/><W44/><G44/><T84/><D61/><U123/><E123/><V57/><F57/><W47/><G47/><T134/><D134/><U85/><E85/><N who="2" m="52687" /><F113/><W77/><G77/><T28/><D84/><U122/><REACH who="1" step="1"/><E122/><REACH who="1" ten="265,235,245,245" step="2"/><V21/><F5/><W66/><G66/><T46/><D109/><N who="2" m="41482" /><F119/><W129/><G129/><T58/><D118/><U67/><E67/><V99/><F99/><W14/><G72/><T83/><D117/><U135/><E135/><V124/><F124/><W9/><G75/><T76/><D4/><U114/><E114/><V59/><F59/><W104/><G69/><T37/><D58/><U65/><E65/><RYUUKYOKU ba="1,1" sc="265,-15,235,15,245,15,245,-15" hai1="6,10,25,31,34,80,87,88,96,97,98,100,101" hai2="15,21,24,26" /><INIT seed="1,2,1,3,1,117" ten="250,250,260,230" oya="1" hai0="71,14,5,8,18,67,93,112,28,17,126,4,30" hai1="114,34,87,105,21,72,41,59,98,57,123,62,23" hai2="122,58,66,33,130,6,36,129,35,108,24,84,109" hai3="74,22,65,48,116,10,26,76,86,19,49,55,16"/><U1/><E114/><V135/><F36/><W132/><G74/><T73/><D73/><U27/><E1/><V43/><F43/><W39/><G39/><T111/><D112/><U103/><E72/><V12/><F84/><W63/><G116/><T50/><D126/><U29/><E41/><V92/><F92/><W115/><G115/><T56/><D71/><U88/><E59/><V127/><F58/><N who="3" m="37111" /><G132/><T100/><D111/><N who="2" m="42570" /><F66/><W37/><G37/><T15/><D100/><U60/><E60/><V75/><F75/><W79/><G86/><T110/><D93/><U13/><E13/><V81/><F81/><W70/><G70/><T45/><D110/><U53/><E123/><V119/><F119/><W54/><G49/><T118/><D118/><U61/><E61/><V107/><F107/><W78/><G48/><T91/><D91/><U0/><E0/><V104/><F104/><W99/><G99/><T51/><D56/><U96/><E96/><V80/><F80/><AGARI ba="2,1" hai="21,23,27,29,34,53,57,62,80,87,88,98,103,105" machi="80" ten="30,2900,0" yaku="7,1,54,1" doraHai="117" who="1" fromWho="2" sc="250,0,250,45,260,-35,230,0" /><INIT seed="1,3,0,0,3,49" ten="250,295,225,230" oya="1" hai0="87,119,37,73,70,6,48,85,79,65,122,3,127" hai1="114,89,12,109,59,33,125,38,15,1,83,93,61" hai2="13,117,19,106,115,128,4,82,80,77,25,57,2" hai3="53,18,34,112,86,120,66,134,72,123,110,0,30"/><U7/><E33/><V81/><F106/><W98/><G72/><T135/><D119/><U10/><E38/><V50/><F115/><W94/><G0/><T133/><D122/><U14/><E114/><V62/><F128/><W44/><G112/><T75/><D127/><U96/><E125/><V97/><F97/><W43/><G134/><T113/><D37/><U102/><E109/><V20/><F50/><W103/><G66/><T67/><D113/><U29/><E29/><V26/><F117/><W47/><G110/><T111/><D111/><U24/><E24/><V64/><F77/><W88/><G18/><T27/><D27/><N who="2" m="10250" /><F2/><W101/><G101/><T51/><D3/><U90/><REACH who="1" step="1"/><E83/><REACH who="1" ten="250,285,225,230" step="2"/><V58/><F81/><W5/><G30/><T54/><D133/><U95/><E95/><V16/><F82/><W92/><G34/><T108/><D135/><U45/><E45/><V63/><F80/><W121/><G47/><T21/><D108/><U68/><E68/><V11/><F20/><W55/><REACH who="3" step="1"/><G5/><REACH who="3" ten="250,285,225,220" step="2"/><T60/><D6/><U76/><E76/><V69/><F69/><W104/><G104/><T99/><D73/><U46/><E46/><V41/><F41/><W71/><G71/><T131/><D70/><U126/><E126/><V42/><F42/><W35/><G35/><T130/><D130/><U118/><E118/><V56/><F56/><W32/><G32/><T9/><D131/><U31/><E31/><V17/><F4/><W84/><G84/><T28/><D87/><U74/><E74/><V8/><F13/><W116/><G116/><T39/><D85/><RYUUKYOKU ba="3,2" sc="250,-30,285,10,225,10,220,10" hai1="1,7,10,12,14,15,59,61,89,90,93,96,102" hai2="8,11,16,17,19,57,58,62,63,64" hai3="43,44,53,55,86,88,92,94,98,103,120,121,123" /><INIT seed="1,4,2,5,4,49" ten="220,295,235,230" oya="1" hai0="134,117,62,42,23,118,90,20,97,39,59,54,58" hai1="2,1,70,132,8,22,73,99,80,115,48,35,133" hai2="30,102,41,125,14,112,122,114,92,96,121,106,3" hai3="107,57,43,94,113,79,12,126,61,78,21,124,71"/><U38/><E70/><V93/><F3/><W91/><G107/><T110/><D42/><U36/><E35/><V95/><F30/><W111/><G71/><T84/><D39/><N who="1" m="14891" /><E115/><N who="2" m="44075" /><F14/><W123/><G43/><T6/><D6/><N who="1" m="1103" /><E99/><N who="2" m="61791" /><F41/><W67/><G111/><T26/><D134/><N who="1" m="51819" /><E2/><V18/><F18/><N who="3" m="10439" /><G123/><N who="2" m="47113" /><F125/><N who="3" m="48235" /><G113/><T88/><D110/><U68/><E68/><V69/><F69/><W52/><G67/><T129/><D59/><U40/><E22/><V120/><N who="2" m="47121" /><V44/><DORA hai="56" /><F44/><W82/><G82/><T103/><D20/><U15/><E15/><V104/><F104/><W7/><G7/><T105/><D23/><U89/><E40/><V10/><F10/><W33/><G33/><T87/><D58/><U27/><E27/><V4/><F4/><W53/><G53/><T135/><D26/><U85/><E48/><V5/><F5/><W50/><G50/><T24/><D54/><U75/><AGARI ba="4,2" hai="73,75,80,85,89" m="51819,1103,14891" machi="75" ten="40,2100,0" yaku="20,1" doraHai="49,56" who="1" fromWho="1" sc="220,-11,295,53,235,-11,230,-11" /><INIT seed="1,5,0,0,4,58" ten="209,348,224,219" oya="1" hai0="101,19,108,53,36,56,115,29,45,91,10,55,125" hai1="85,120,78,134,109,133,48,60,98,40,62,43,4" hai2="57,22,97,130,102,61,49,63,131,21,80,69,92" hai3="7,112,65,24,129,106,114,15,83,127,94,17,84"/><U52/><E120/><V33/><F33/><W89/><G106/><T13/><D115/><U59/><E4/><V34/><F34/><W38/><G38/><T116/><D108/><U47/><E98/><V82/><F69/><W32/><G127/><T76/><D76/><U46/><E78/><V90/><F49/><W28/><G129/><N who="2" m="49161" /><F90/><W128/><G128/><T74/><D74/><U41/><E85/><V16/><F22/><W54/><G7/><T68/><D68/><U100/><E100/><V96/><F96/><W111/><G111/><T51/><D125/><U132/><E109/><V93/><F93/><W30/><G30/><T18/><D36/><U2/><E2/><V81/><F57/><W88/><G54/><T8/><D101/><U126/><E126/><V95/><F95/><W105/><G105/><T20/><D91/><U75/><E75/><V6/><F6/><W11/><REACH who="3" step="1"/><G65/><REACH who="3" ten="209,348,224,209" step="2"/><T42/><D55/><U5/><E5/><V64/><F64/><W27/><G27/><AGARI ba="5,1" hai="16,21,27,61,63,80,81,82,92,97,102" m="49161" machi="27" ten="30,7700,0" yaku="19,1,52,2,54,1" doraHai="58" who="2" fromWho="3" sc="209,0,348,0,224,102,209,-92" /><INIT seed="2,0,0,2,0,98" ten="209,348,326,117" oya="2" hai0="101,132,71,110,12,41,14,59,7,121,93,65,46" hai1="62,18,57,53,45,83,116,52,114,4,6,42,66" hai2="34,88,2,90,118,130,8,109,129,112,113,77,115" hai3="122,105,64,56,85,21,43,31,44,123,108,131,73"/><V97/><F34/><W19/><G73/><T124/><D121/><U9/><E116/><V37/><F37/><W125/><G105/><T82/><D124/><U26/><E114/><V75/><F118/><W48/><G125/><T39/><D132/><U92/><E83/><N who="2" m="45503" /><F109/><W13/><G108/><T17/><D71/><U128/><E128/><N who="2" m="49259" /><F2/><W22/><G131/><T20/><D110/><U102/><E6/><V0/><F0/><W55/><G64/><T133/><D133/><U47/><E47/><V10/><F97/><W76/><G31/><T5/><D82/><U80/><E80/><V89/><AGARI ba="0,0" hai="8,10,88,89,90,112,113,115" m="49259,45503" machi="89" ten="40,3900,0" yaku="19,1,54,1" doraHai="98" who="2" fromWho="2" sc="209,-13,348,-13,326,39,117,-13" /><INIT seed="2,1,0,1,1,41" ten="196,335,365,104" oya="2" hai0="16,112,129,103,61,72,37,131,105,25,42,5,78" hai1="120,110,0,47,119,63,1,109,65,49,60,116,56" hai2="57,69,28,62,102,14,77,32,4,98,20,74,3" hai3="107,52,91,89,114,96,93,15,92,8,68,11,21"/><V82/><F69/><W48/><G68/><T79/><D112/><U101/><E101/><V84/><F32/><W133/><G107/><T87/><D72/><U24/><E24/><V97/><F3/><W111/><G111/><N who="1" m="42506" /><E0/><V26/><F4/><W10/><G133/><T130/><D103/><U31/><E31/><V6/><F74/><W108/><G108/><T75/><D75/><U35/><E35/><V19/><F6/><W100/><G114/><T18/><D5/><U12/><E12/><V66/><REACH who="2" step="1"/><F102/><REACH who="2" ten="196,335,355,104" step="2"/><W122/><G122/><T23/><D130/><U29/><E1/><V70/><F70/><W59/><G93/><T121/><D129/><U125/><E120/><V124/><F124/><W135/><G135/><T64/><D131/><U44/><E125/><V99/><F99/><W30/><G30/><T127/><D127/><U33/><E29/><V76/><F76/><W88/><REACH who="3" step="1"/><G21/><REACH who="3" ten="196,335,355,94" step="2"/><T58/><D23/><U40/><E33/><V86/><F86/><W34/><G34/><T95/><D121/><U134/><E134/><V67/><F67/><W94/><G94/><T9/><D9/><U123/><E123/><V55/><F55/><W115/><G115/><T113/><D113/><U90/><E90/><V73/><F73/><W81/><G81/><T51/><D87/><U50/><E63/><V13/><F13/><AGARI ba="1,2" hai="8,10,11,13,15,48,52,59,88,89,91,92,96,100" machi="13" ten="40,8000,1" yaku="1,1,8,1,54,2,53,0" doraHai="41" doraHaiUra="128" who="3" fromWho="2" sc="196,0,335,0,355,-83,94,103" /><INIT seed="3,0,0,3,4,116" ten="196,335,272,197" oya="3" hai0="29,125,50,76,9,8,12,98,53,102,30,126,4" hai1="100,56,34,115,66,106,80,26,104,111,14,13,22" hai2="107,43,110,51,61,77,3,124,55,27,69,47,78" hai3="25,72,88,82,49,32,132,75,71,114,92,39,129"/><W62/><G39/><T65/><D65/><U10/><E115/><V112/><F3/><W103/><G114/><T48/><D76/><U118/><E118/><V33/><F107/><W87/><G129/><T134/><D134/><U63/><E111/><V120/><F124/><N who="0" m="47722" /><D8/><U52/><E34/><V73/><F110/><W7/><G132/><T93/><D50/><U31/><E80/><V60/><F112/><W109/><G7/><T96/><D96/><U83/><E83/><V37/><F60/><W28/><G109/><T5/><D5/><U74/><E74/><V19/><F73/><W89/><G49/><T41/><D41/><U59/><E14/><V85/><F85/><W0/><G0/><T97/><D98/><U91/><E100/><V16/><F78/><W113/><G103/><T38/><D38/><U117/><E91/><V86/><F86/><W24/><G113/><T44/><AGARI ba="0,0" hai="4,9,12,29,30,44,48,53,93,97,102" m="47722" machi="44" ten="30,1100,0" yaku="18,1" doraHai="116" who="0" fromWho="0" sc="196,11,335,-3,272,-3,197,-5" /><INIT seed="4,0,0,5,3,52" ten="207,332,269,192" oya="0" hai0="29,30,75,33,2,76,46,109,113,87,98,8,42" hai1="88,77,82,41,108,57,95,62,27,44,10,131,7" hai2="93,40,65,134,39,51,132,55,71,111,28,112,56" hai3="36,22,116,21,124,47,37,4,114,103,86,20,110"/><T70/><D75/><U68/><E108/><V90/><F111/><W24/><G110/><T85/><D70/><U99/><E68/><V9/><F9/><W0/><G116/><T74/><D113/><U127/><E127/><V16/><F28/><W117/><G117/><T59/><D74/><U64/><E131/><V35/><F35/><W72/><G72/><T11/><D109/><U12/><E27/><V54/><F16/><W129/><G129/><T15/><D2/><U69/><E69/><V135/><F55/><W6/><G114/><T92/><D33/><U5/><E5/><V48/><F112/><W49/><G103/><T97/><D59/><U106/><E106/><V38/><F93/><W43/><G124/><T91/><D11/><U58/><E58/><V53/><F90/><W84/><G24/><T81/><D98/><U100/><E77/><V105/><F105/><W83/><G86/><T120/><D87/><U80/><E100/><V104/><F104/><W128/><G128/><T121/><D121/><U18/><E7/><V50/><F53/><W102/><G102/><T133/><D133/><U31/><E31/><V17/><F17/><W14/><G0/><T66/><D66/><U123/><E123/><V107/><F107/><W79/><G6/><T126/><D126/><U45/><E45/><N who="2" m="23703" /><F39/><AGARI ba="0,0" hai="10,12,18,39,41,44,57,62,64,80,82,88,95,99" machi="39" ten="30,3900,0" yaku="7,1,52,1,54,1" doraHai="52" who="1" fromWho="2" sc="207,0,332,39,269,-39,192,0" /><INIT seed="5,0,0,2,1,43" ten="207,371,230,192" oya="1" hai0="44,105,15,25,107,21,69,60,31,91,102,8,128" hai1="14,10,28,63,106,118,9,30,75,22,93,56,85" hai2="115,87,0,113,2,23,119,17,80,62,99,55,78" hai3="98,120,88,29,11,65,53,96,38,95,7,81,13"/><U20/><E118/><V76/><F76/><W18/><G120/><T12/><D128/><U32/><E106/><V27/><F119/><W108/><G108/><T51/><D69/><U123/><E75/><V66/><F55/><W6/><G38/><T94/><D60/><U49/><E123/><V84/><F84/><W35/><G65/><T70/><D70/><U135/><E135/><V16/><F17/><W116/><G116/><T79/><D79/><U54/><E32/><V126/><F126/><W68/><G68/><T64/><D64/><U37/><E37/><V92/><F62/><W124/><G124/><T129/><D102/><U77/><E63/><V74/><F74/><W24/><G81/><T132/><D132/><U112/><E112/><N who="2" m="43083" /><F66/><W89/><G53/><T57/><D57/><U100/><E100/><AGARI ba="0,0" hai="0,2,16,23,27,78,80,87,92,99,100" m="43083" machi="100" ten="30,3900,0" yaku="15,1,11,1,54,1" doraHai="43" who="2" fromWho="1" sc="207,0,371,-39,230,39,192,0" /><INIT seed="6,0,0,4,2,34" ten="207,332,269,192" oya="2" hai0="118,53,29,91,1,8,45,134,31,83,56,49,107" hai1="90,12,87,121,55,11,93,30,69,68,106,57,59" hai2="73,97,28,71,105,102,92,103,39,124,26,114,115" hai3="122,65,94,17,132,117,54,79,50,47,2,18,48"/><V0/><F71/><W130/><G122/><T119/><D107/><U109/><E106/><V80/><F39/><W46/><G117/><T19/><D134/><U37/><E109/><V32/><F124/><W125/><G132/><T52/><D118/><U13/><E37/><V77/><F103/><W41/><G125/><T70/><D70/><U85/><E121/><V99/><F99/><W64/><G130/><T82/><D119/><U25/><E57/><V58/><F58/><W127/><G127/><T113/><D113/><N who="2" m="43018" /><F92/><W16/><G79/><T44/><D1/><AGARI ba="0,0" hai="0,1,26,28,32,73,77,80,97,102,105" m="43018" machi="1" ten="30,11600,0" yaku="15,1,23,1,52,2" doraHai="34" who="2" fromWho="0" sc="207,-116,332,0,269,116,192,0" /><INIT seed="6,1,0,4,5,91" ten="91,332,385,192" oya="2" hai0="11,134,95,122,32,102,62,4,109,77,1,29,17" hai1="99,90,97,26,59,83,43,5,56,35,55,51,50" hai2="52,118,106,121,86,2,39,19,60,28,124,96,65" hai3="93,40,101,68,107,75,45,20,92,87,27,105,117"/><V21/><F2/><W89/><G68/><T127/><D122/><U33/><E5/><V14/><F118/><W61/><G75/><T25/><D134/><U63/><E43/><V119/><F39/><W74/><G74/><T66/><D127/><U9/><E9/><V79/><F124/><W132/><G117/><T47/><D77/><U6/><E6/><V42/><F42/><W114/><G132/><T34/><D109/><U82/><E26/><V133/><F133/><W84/><G61/><T126/><D126/><U23/><E23/><V10/><F121/><W18/><G114/><T108/><D108/><U15/><E15/><V111/><F111/><W129/><G129/><T12/><D47/><U24/><E24/><N who="2" m="16399" /><F106/><W123/><G123/><T80/><D80/><U37/><E37/><V67/><F96/><W128/><G128/><T76/><D76/><U71/><E71/><V64/><F119/><W46/><G46/><T58/><D102/><U135/><E135/><V38/><F38/><W36/><G101/><T3/><D34/><U130/><E130/><V98/><F98/><W22/><G22/><T103/><REACH who="0" step="1"/><D4/><REACH who="0" ten="81,332,385,192" step="2"/><U110/><E110/><V113/><F79/><W54/><G45/><T31/><D31/><U125/><E125/><V70/><F70/><W53/><G36/><T16/><D16/><U88/><E33/><V112/><F19/><W44/><G18/><T30/><D30/><U72/><E35/><V69/><F69/><W100/><G100/><T49/><D49/><U78/><E82/><V81/><F81/><N who="3" m="49295" /><G44/><T104/><D104/><U94/><E59/><RYUUKYOKU ba="1,1" sc="81,15,332,15,385,-15,192,-15" hai0="1,3,11,12,17,25,29,32,58,62,66,95,103" hai1="50,51,55,56,63,72,78,83,88,90,94,97,99" /><INIT seed="7,2,1,2,4,7" ten="96,347,370,177" oya="3" hai0="131,84,75,8,107,50,1,51,71,130,62,34,65" hai1="25,106,10,12,56,126,129,52,9,19,58,44,83" hai2="69,97,27,114,127,96,128,43,78,122,116,111,80" hai3="93,73,61,45,36,90,100,115,87,92,0,46,32"/><W79/><G32/><T108/><D107/><U94/><E106/><V13/><F69/><W124/><G124/><T123/><D123/><U98/><E126/><V134/><F127/><W60/><G115/><T119/><D119/><U76/><E129/><N who="0" m="49161" /><D108/><U68/><E68/><V110/><F43/><W49/><G36/><T102/><D102/><N who="1" m="60759" /><E76/><V23/><F13/><W22/><G79/><T48/><D75/><U14/><E83/><V81/><F23/><W38/><G0/><T70/><D84/><U2/><E25/><V42/><F27/><W74/><G38/><T101/><D101/><U15/><E2/><V86/><F42/><W40/><G73/><T24/><D24/><U4/><E14/><V17/><F17/><W53/><G74/><T66/><D34/><U88/><E88/><N who="2" m="51279" /><F114/><W5/><G100/><T118/><D118/><U35/><E35/><V57/><F116/><W133/><G87/><T77/><D77/><U11/><E11/><V16/><F122/><W117/><G90/><T95/><D95/><U63/><E58/><V18/><F57/><W21/><G93/><T67/><D62/><U55/><E44/><V39/><F128/><W54/><G61/><T29/><D29/><U30/><E30/><V64/><F80/><W91/><G92/><T125/><D125/><U120/><E120/><V113/><F78/><W99/><G60/><T28/><D28/><U59/><E59/><V26/><F26/><W112/><G117/><T135/><D71/><U37/><E37/><V109/><F39/><W132/><G112/><T47/><D70/><U20/><E20/><RYUUKYOKU ba="2,1" sc="96,-10,347,30,370,-10,177,-10" hai1="4,9,10,12,15,19,52,55,56,63" owari="86,-41.0,387,48.0,360,16.0,167,-23.0" /></mjloggm>