<mjloggm ver="2.3"><GO type="41" lobby="0"/><UN n0="%E6%9C%88%E6%98%A0%E5%A4%A9%E8%93%8B" n1="%41%31%31%30%31%36" n2="%E2%98%86%E3%83%92%E3%82%B2%E9%AD%94%E4%BA%BA%E2%98%86" n3="%E5%B0%B1%E6%B4%BB%E7%94%9F%40%E5%B7%9D%E6%9D%91%E8%BB%8D%E5%9B%A3" dan="14,15,13,17" rate="1959.69,2005.18,1910.15,2177.27" sx="F,M,M,M"/><TAIKYOKU oya="0"/><INIT seed="0,0,0,4,3,127" ten="250,250,250,250" oya="0" hai0="12,32,66,49,18,8,50,94,123,108,69,84,24" hai1="104,14,26,6,105,25,102,48,34,70,119,72,17" hai2="55,36,15,65,21,63,47,76,89,122,27,1,130" hai3="132,115,100,118,42,77,9,10,91,95,87,97,71"/><T99/><D123/><U126/><E119/><V4/><F122/><W109/><G118/><T51/><D108/><U101/><E72/><V64/><F1/><W92/><G115/><T43/><D84/><U129/><E126/><V56/><F76/><W7/><G71/><T73/><D73/><U85/><E70/><V59/><F89/><W116/><G116/><T114/><D114/><U33/><E6/><V61/><F15/><W53/><G109/><T28/><D43/><U11/><E85/><V112/><F4/><W0/><G132/><T41/><D41/><U45/><E33/><V110/><F112/><W125/><G125/><T88/><REACH who="0" step="1"/><D50/><REACH who="0" ten="240,250,250,250" step="2"/><U16/><E48/><V5/><F110/><W46/><G42/><T44/><D44/><U120/><E45/><V86/><F36/><W96/><G46/><T37/><D37/><U79/><E120/><V68/><F47/><W107/><G77/><T75/><D75/><U124/><E124/><V80/><F86/><W111/><G111/><T30/><D30/><U39/><E79/><V103/><F80/><W117/><G117/><T67/><D67/><U57/><E39/><V74/><F74/><W20/><G53/><T35/><D35/><U58/><E34/><V134/><F55/><W40/><G40/><T62/><AGARI ba="0,1" hai="8,12,18,24,28,32,49,51,62,66,69,88,94,99" machi="62" ten="30,6000,0" yaku="1,1,0,1,54,1,53,0" doraHai="127" doraHaiUra="54" who="0" fromWho="0" sc="240,70,250,-20,250,-20,250,-20" /><INIT seed="0,1,0,3,2,3" ten="310,230,230,230" oya="0" hai0="134,25,101,50,71,125,60,54,24,32,94,9,87" hai1="95,0,115,88,105,18,72,46,5,112,99,70,27" hai2="86,34,11,74,76,22,98,31,10,29,102,120,33" hai3="84,62,19,51,123,121,56,1,128,53,122,100,92"/><T15/><D32/><U61/><E72/><V45/><F74/><W75/><G128/><T127/><D134/><U67/><E105/><V129/><F120/><W14/><G75/><T7/><D60/><U124/><E46/><V111/><F129/><W80/><G1/><T17/><D71/><U20/><REACH who="1" step="1"/><E124/><REACH who="1" ten="310,220,230,230" step="2"/><V96/><F111/><W130/><G130/><T47/><D127/><U26/><E26/><V21/><F45/><W37/><G37/><T85/><D125/><U135/><E135/><V52/><F102/><W57/><G100/><T2/><D25/><U108/><E108/><V23/><F31/><W93/><G57/><T90/><D24/><U64/><E64/><V58/><F29/><W81/><G62/><T109/><D109/><U114/><E114/><V4/><F33/><W40/><G40/><T77/><D101/><U82/><E82/><N who="2" m="47431" /><F34/><W110/><G110/><T48/><D47/><U103/><E103/><V55/><F96/><W36/><G36/><T28/><D87/><U113/><E113/><V133/><F98/><W106/><G106/><T44/><D85/><U35/><E35/><V116/><F116/><W132/><G132/><T118/><D118/><U104/><E104/><V16/><F133/><W78/><REACH who="3" step="1"/><G80/><REACH who="3" ten="310,220,230,220" step="2"/><T79/><D50/><U8/><AGARI ba="1,2" hai="0,5,8,18,20,27,61,67,70,88,95,99,112,115" machi="8" ten="30,8000,1" yaku="1,1,0,1,52,1,54,1,53,1" doraHai="3" doraHaiUra="66" who="1" fromWho="1" sc="310,-41,220,103,230,-21,220,-21" /><INIT seed="1,0,0,1,4,43" ten="269,323,209,199" oya="1" hai0="96,86,107,69,75,123,7,35,71,42,131,87,53" hai1="74,52,64,16,8,33,12,95,109,61,2,111,14" hai2="32,132,11,66,115,56,26,103,130,113,63,13,39" hai3="82,122,125,4,23,25,90,79,67,120,50,59,46"/><U30/><E74/><V34/><F132/><W112/><G125/><T73/><D35/><U94/><E2/><V129/><F103/><W0/><G112/><N who="2" m="43081" /><F26/><W116/><G116/><T88/><D42/><U28/><E12/><V118/><F118/><W100/><G100/><N who="0" m="62855" /><D7/><U68/><E52/><N who="2" m="34183" /><F39/><W133/><G133/><T135/><D53/><U58/><E68/><V17/><F66/><W119/><G119/><T77/><D71/><U18/><E18/><V29/><F29/><N who="1" m="11369" /><E33/><AGARI ba="0,0" hai="11,13,17,32,33,34,129,130" m="34183,43081" machi="33" ten="30,2000,0" yaku="11,1,54,1" doraHai="43" who="2" fromWho="1" sc="269,0,323,-20,209,20,199,0" /><INIT seed="2,0,0,0,1,16" ten="269,303,229,199" oya="2" hai0="84,126,56,29,61,3,110,131,108,2,97,73,49" hai1="109,81,32,83,63,40,12,39,5,18,107,21,20" hai2="58,135,14,134,11,82,75,65,57,77,28,24,27" hai3="95,80,72,36,88,50,37,71,17,124,91,1,22"/><V30/><F30/><W102/><G124/><T85/><D73/><U67/><E32/><V113/><F113/><W66/><G1/><N who="0" m="11" /><D29/><U90/><E107/><V7/><F27/><W15/><G102/><T68/><D68/><U76/><E90/><V46/><F46/><W0/><G0/><T74/><D74/><U125/><E125/><V52/><F65/><W98/><G50/><T121/><D49/><U35/><E35/><V41/><F41/><W101/><G101/><T38/><D38/><U6/><E83/><V43/><F43/><W10/><G10/><T19/><D19/><U129/><E129/><V53/><F58/><W78/><REACH who="3" step="1"/><G91/><REACH who="3" ten="269,303,229,189" step="2"/><T4/><D126/><U115/><E39/><V99/><F134/><W44/><G44/><T79/><D79/><U47/><E47/><V55/><F135/><W31/><G31/><T92/><D110/><U64/><E109/><V119/><F119/><W59/><G59/><T118/><D108/><U127/><E127/><V34/><F57/><W114/><G114/><T117/><D118/><U25/><E115/><V62/><F62/><AGARI ba="0,1" hai="15,17,22,36,37,62,66,71,72,78,80,88,95,98" machi="62" ten="40,8000,1" yaku="1,1,52,1,54,1,53,1" doraHai="16" doraHaiUra="105" who="3" fromWho="2" sc="269,0,303,0,229,-80,189,90" /><INIT seed="3,0,0,5,2,57" ten="269,303,149,279" oya="3" hai0="51,28,29,63,95,104,109,42,54,33,68,8,3" hai1="125,1,120,114,121,96,111,71,62,14,107,117,20" hai2="73,99,100,119,116,48,26,59,105,110,44,52,61" hai3="129,75,123,101,106,66,122,89,6,37,94,5,88"/><W84/><G37/><T58/><D109/><U39/><E14/><V36/><F110/><W56/><G129/><T98/><D104/><U17/><E62/><V133/><F133/><W90/><G75/><T118/><D118/><U124/><E96/><V86/><F73/><W67/><G106/><T103/><D33/><U82/><E82/><V60/><F26/><W135/><G135/><T131/><D131/><U21/><E17/><V74/><F74/><W4/><G84/><T115/><D115/><U78/><E78/><V34/><F34/><W43/><G43/><T49/><D3/><U134/><E21/><V19/><F36/><W0/><G0/><T128/><D8/><U55/><E55/><V50/><F19/><W15/><G15/><T97/><D128/><U30/><E20/><V127/><F127/><W76/><G76/><T112/><D112/><U38/><E30/><N who="0" m="11881" /><D68/><U64/><E64/><V22/><F22/><W130/><G130/><T12/><D98/><U18/><E18/><V80/><F116/><W23/><G23/><T27/><D27/><U79/><E79/><V7/><F7/><W77/><G77/><T41/><D12/><U81/><E81/><V108/><F108/><W85/><G67/><T113/><D113/><U16/><E111/><V132/><F119/><W10/><G10/><T46/><D42/><U11/><E117/><V32/><F32/><W40/><G40/><T72/><D72/><U91/><E114/><V83/><F132/><W2/><G2/><T45/><D41/><U126/><E134/><V13/><F105/><W35/><G35/><RYUUKYOKU ba="0,0" sc="269,30,303,-10,149,-10,279,-10" hai0="45,46,49,51,54,58,63,95,97,103" /><INIT seed="4,1,0,3,3,26" ten="299,293,139,269" oya="0" hai0="104,60,46,70,101,15,112,14,74,7,103,57,84" hai1="4,128,86,102,8,39,24,96,94,6,23,90,121" hai2="79,125,66,25,100,99,56,28,92,18,80,22,58" hai3="120,82,19,65,72,93,48,88,17,50,30,105,64"/><T59/><D74/><U113/><E39/><V31/><F125/><W135/><G105/><T95/><D112/><U42/><E42/><V69/><F69/><W11/><G135/><T33/><D33/><U55/><E113/><V123/><F123/><W12/><G120/><T81/><D104/><U71/><E121/><V119/><F119/><W51/><G19/><T129/><D129/><U16/><E128/><V73/><REACH who="2" step="1"/><F56/><REACH who="2" ten="299,293,129,269" step="2"/><W1/><G1/><T45/><D57/><U32/><E71/><V10/><F10/><W97/><G72/><T49/><D70/><U122/><E122/><V63/><AGARI ba="1,1" hai="18,22,25,28,31,58,63,66,73,79,80,92,99,100" machi="63" ten="30,7900,0" yaku="1,1,0,1,52,2,53,0" doraHai="26" doraHaiUra="87" who="2" fromWho="2" sc="299,-40,293,-21,129,92,269,-21" /><INIT seed="5,0,0,3,4,79" ten="259,272,221,248" oya="1" hai0="121,48,43,75,14,132,16,85,65,103,98,34,93" hai1="107,40,124,81,53,69,105,21,127,46,37,97,9" hai2="47,55,94,18,86,28,111,45,130,91,61,131,84" hai3="10,59,60,67,17,88,80,73,106,113,0,116,71"/><U118/><E118/><V115/><F111/><W89/><G106/><T102/><D75/><U1/><E21/><V119/><F119/><W92/><G116/><T72/><D34/><U126/><E53/><V36/><F28/><W128/><G113/><T56/><D132/><U120/><E120/><V125/><F125/><W26/><G128/><N who="2" m="49193" /><F115/><W51/><G0/><T63/><D72/><U2/><E69/><V12/><F36/><W76/><G71/><T7/><D121/><U57/><E57/><N who="2" m="35007" /><F84/><W54/><G92/><T109/><D7/><N who="1" m="1263" /><E97/><V41/><F41/><W104/><G104/><T5/><D5/><U123/><E123/><V70/><F70/><W6/><G6/><T68/><D68/><U78/><E2/><V100/><F100/><W35/><G35/><T44/><D109/><U33/><E33/><V25/><F25/><W64/><G26/><T15/><D103/><U8/><E8/><AGARI ba="0,0" hai="8,12,18,45,47,86,91,94" m="35007,49193" machi="8" ten="30,1000,0" yaku="19,1" doraHai="79" who="2" fromWho="1" sc="259,0,272,-10,221,10,248,0" /><INIT seed="6,0,0,1,4,71" ten="259,262,231,248" oya="2" hai0="81,5,13,131,21,62,113,47,59,115,34,76,12" hai1="73,6,18,133,37,118,53,1,56,86,94,38,104" hai2="33,103,114,46,7,87,116,43,68,11,74,63,82" hai3="96,90,109,119,19,64,97,108,49,79,36,32,29"/><V58/><F116/><W100/><G119/><T28/><D34/><U25/><E104/><V75/><F33/><W50/><G79/><T106/><D106/><U66/><E73/><V26/><F68/><W105/><G64/><N who="0" m="39007" /><D47/><U91/><E66/><V85/><F114/><N who="0" m="43530" /><D131/><U107/><E118/><V102/><F26/><W98/><G29/><T83/><D5/><U129/><E107/><V20/><F20/><W27/><G27/><N who="0" m="16495" /><D83/><U8/><E129/><V126/><F126/><W88/><G32/><T130/><D130/><U128/><E133/><V123/><F123/><W125/><G125/><T57/><D57/><U122/><E122/><V55/><F75/><AGARI ba="0,0" hai="12,13,75,76,81" m="16495,43530,39007" machi="75" ten="30,1000,0" yaku="15,1" doraHai="71" who="0" fromWho="2" sc="259,10,262,0,231,-10,248,0" /><INIT seed="7,0,0,1,0,3" ten="269,262,221,248" oya="3" hai0="57,131,10,118,42,30,48,35,53,92,85,78,1" hai1="98,66,105,134,109,110,112,41,32,99,55,88,17" hai2="13,56,43,79,82,70,128,133,46,16,100,122,116" hai3="104,33,135,127,4,84,24,61,69,19,6,65,40"/><W12/><G127/><T130/><D118/><U2/><E32/><V108/><F108/><W47/><G135/><T25/><D42/><U22/><E134/><V14/><F133/><W28/><G104/><T111/><D111/><U15/><E2/><V73/><F70/><W126/><G84/><T72/><D72/><U75/><E75/><V45/><F116/><W50/><REACH who="3" step="1"/><G126/><REACH who="3" ten="269,262,221,238" step="2"/><T64/><D85/><U38/><E112/><V87/><F122/><W119/><G119/><T96/><D130/><U76/><E109/><V49/><F128/><W26/><G26/><T113/><D131/><U90/><E105/><V94/><F73/><W58/><G58/><T115/><D115/><U18/><E110/><V34/><F56/><W54/><G54/><T132/><D113/><U39/><E55/><V27/><F46/><W29/><G29/><T51/><D132/><U97/><E99/><N who="2" m="59511" /><F34/><W124/><G124/><T121/><D35/><U107/><E107/><V93/><F93/><W114/><G114/><T0/><D30/><U44/><E44/><V68/><F68/><W91/><G91/><N who="0" m="55327" /><D25/><U62/><E90/><V125/><F125/><W77/><G77/><T101/><D78/><U5/><E76/><V21/><AGARI ba="0,1" hai="13,14,16,21,27,43,45,49,79,82,87" m="59511" machi="21" ten="30,2000,0" yaku="8,1,54,1" doraHai="3" who="2" fromWho="2" sc="269,-5,262,-5,221,30,238,-10" /><INIT seed="8,0,0,1,3,0" ten="264,257,251,228" oya="0" hai0="116,48,16,117,87,34,21,118,124,13,115,51,36" hai1="23,30,88,119,129,26,128,44,5,6,52,66,80" hai2="62,8,103,69,104,15,22,81,11,102,3,113,46" hai3="85,89,68,120,20,12,4,132,35,98,53,17,86"/><T33/><D36/><U28/><E119/><V65/><F113/><W93/><G68/><T107/><D107/><U114/><E66/><V14/><F81/><W99/><G120/><T122/><D122/><U110/><E30/><V54/><F3/><W133/><G35/><N who="0" m="13323" /><D115/><U135/><E114/><V57/><F104/><W96/><G85/><T75/><D75/><U91/><E110/><V73/><F73/><W70/><G70/><T29/><D124/><U78/><E91/><V125/><F125/><W43/><G43/><T134/><D134/><U32/><E88/><V97/><F22/><W109/><G109/><T108/><D108/><U130/><E32/><V64/><F46/><W38/><G38/><T61/><D61/><U9/><E9/><V60/><F54/><W131/><G131/><T121/><D121/><U59/><E44/><V1/><F97/><W90/><G90/><T82/><D29/><U47/><E47/><V112/><F1/><W45/><G4/><T105/><D105/><U25/><E25/><V56/><F112/><W100/><G100/><T24/><D24/><U58/><E135/><V111/><F111/><W41/><G41/><T95/><D95/><U94/><E94/><V37/><F37/><W127/><G127/><T42/><D42/><U77/><E77/><AGARI ba="0,0" hai="13,16,21,48,51,77,82,87,116,117,118" m="13323" machi="77" ten="40,3900,0" yaku="16,1,54,1" doraHai="0" who="0" fromWho="1" sc="264,39,257,-39,251,0,228,0" owari="303,40.0,218,-28.0,251,5.0,228,-17.0" /></mjloggm>