<mjloggm ver="2.3"><GO type="41" lobby="0"/><UN n0="%E5%B0%B1%E6%B4%BB%E7%94%9F%40%E5%B7%9D%E6%9D%91%E8%BB%8D%E5%9B%A3" n1="%E7%AB%9C%E5%AE%AE%E7%A4%BC%E5%A5%88" n2="%E5%AD%AB%E7%AD%96" n3="%66%61%6E%66%61%6E%39" dan="17,14,14,15" rate="2162.76,1838.98,1856.15,2023.11" sx="M,F,M,F"/><TAIKYOKU oya="0"/><INIT seed="0,0,0,4,4,89" ten="250,250,250,250" oya="0" hai0="132,31,134,59,80,111,46,83,22,135,120,33,23" hai1="79,130,72,71,93,38,45,10,91,66,50,99,43" hai2="74,131,5,3,78,81,77,51,119,100,103,29,21" hai3="9,75,118,61,97,64,96,54,15,52,26,47,87"/><T98/><D120/><U18/><E130/><V92/><F119/><W113/><G118/><T24/><D111/><U121/><E121/><V62/><F131/><W76/><G75/><T126/><D126/><U68/><E66/><V123/><F123/><W7/><G113/><T13/><D59/><U115/><E115/><V56/><F78/><W14/><G26/><T67/><D67/><U11/><E38/><V39/><F39/><W53/><G47/><T0/><D0/><U4/><E18/><V48/><F100/><W114/><G114/><T20/><D46/><U28/><E28/><V42/><F42/><W1/><G1/><T124/><D124/><U37/><E37/><V57/><F57/><W109/><G15/><T19/><REACH who="0" step="1"/><D98/><REACH who="0" ten="240,250,250,250" step="2"/><U36/><E68/><V32/><F56/><N who="3" m="36903" /><G109/><T63/><D63/><U17/><E71/><V49/><F62/><W60/><G60/><T112/><D112/><U69/><E69/><V90/><F3/><W122/><G122/><T40/><D40/><U95/><E43/><V6/><F49/><W30/><G97/><T129/><D129/><U86/><E50/><V34/><F48/><W105/><G96/><T133/><N who="0" m="34304" /><DORA hai="94" /><T16/><D16/><U70/><E17/><V127/><F51/><W41/><G41/><T104/><D104/><U12/><E70/><V108/><F108/><W102/><G105/><T101/><D101/><N who="1" m="60655" /><E45/><V82/><F103/><W85/><G102/><T35/><D35/><U117/><E36/><V27/><F34/><W110/><G110/><T2/><D2/><U107/><E107/><V65/><F127/><RYUUKYOKU ba="0,1" sc="240,30,250,-10,250,-10,250,-10" hai0="13,19,20,22,23,24,31,33,80,83" /><INIT seed="0,1,1,0,0,43" ten="270,240,240,240" oya="0" hai0="106,135,3,29,52,58,4,93,127,125,20,51,5" hai1="54,113,101,8,7,2,83,118,114,120,90,57,119" hai2="14,85,104,0,71,81,80,77,15,92,95,88,48" hai3="6,60,109,131,34,96,107,32,41,17,22,25,18"/><T10/><D106/><U123/><E101/><V76/><F104/><W117/><G117/><N who="1" m="44554" /><E90/><V31/><F71/><W23/><G60/><T111/><D135/><U28/><E83/><V56/><F0/><W133/><G133/><T61/><D5/><U102/><E102/><V91/><F31/><W89/><G107/><T94/><D111/><U30/><E57/><V50/><F56/><W63/><G109/><T78/><D78/><U33/><E54/><V24/><F24/><W19/><G63/><T36/><D36/><U47/><E47/><V108/><F108/><W27/><G6/><T21/><D61/><U35/><E30/><V9/><F9/><W115/><G41/><T12/><D3/><U69/><E69/><V40/><F40/><W79/><G79/><T11/><D11/><U67/><E67/><V132/><F132/><W44/><G96/><T39/><D39/><U1/><E2/><V46/><F85/><W49/><G89/><T37/><D37/><U73/><E73/><V126/><F126/><N who="0" m="48138" /><D29/><U45/><E45/><AGARI ba="1,1" hai="14,15,45,46,48,50,76,77,80,81,88,91,92,95" machi="45" ten="25,12000,2" yaku="22,2,8,1,52,2,54,1" doraHai="43" who="2" fromWho="1" sc="270,0,240,-123,240,133,240,0" /><INIT seed="1,0,0,0,4,73" ten="270,117,373,240" oya="1" hai0="53,11,105,57,37,47,67,97,16,32,14,19,3" hai1="88,59,119,45,113,101,114,24,12,66,122,107,87" hai2="2,36,129,117,54,115,81,17,56,60,68,38,23" hai3="133,70,126,96,62,86,130,5,0,99,44,40,46"/><U125/><E119/><V28/><F117/><W20/><G46/><T90/><D32/><U8/><E122/><V22/><F129/><W89/><G130/><T84/><D3/><U77/><E125/><V6/><F115/><W85/><G126/><T51/><D105/><U123/><E123/><V75/><F68/><W25/><G0/><T27/><D97/><U128/><E128/><V10/><F28/><W108/><G5/><T109/><D109/><U55/><E66/><V7/><F7/><W42/><G42/><T118/><D118/><U1/><E1/><V18/><F23/><W104/><G104/><T121/><D121/><U74/><E45/><V103/><F103/><W116/><G116/><T65/><D37/><U29/><E77/><V58/><F17/><W9/><G9/><T71/><D71/><U82/><E74/><V78/><REACH who="2" step="1"/><F58/><REACH who="2" ten="270,117,363,240" step="2"/><W131/><G131/><T95/><D57/><U35/><E101/><V15/><AGARI ba="0,1" hai="2,6,10,15,18,22,36,38,54,56,60,75,78,81" machi="15" ten="20,8000,1" yaku="1,1,2,1,0,1,7,1,52,1,53,0" doraHai="73" doraHaiUra="112" who="2" fromWho="2" sc="270,-20,117,-40,363,90,240,-20" /><INIT seed="2,0,0,3,1,42" ten="250,77,453,220" oya="2" hai0="12,128,122,26,93,56,134,81,92,76,124,88,31" hai1="34,87,40,114,105,71,6,1,99,125,70,28,32" hai2="9,113,90,25,19,84,68,23,54,10,103,118,41" hai3="130,100,106,57,13,86,135,120,96,4,95,46,109"/><V11/><F118/><W29/><G120/><T83/><D122/><U63/><E114/><V27/><F113/><W24/><G135/><T60/><D134/><U133/><E133/><V43/><F68/><N who="1" m="26153" /><E63/><V62/><F103/><W80/><G106/><T101/><D128/><U72/><E87/><V85/><F27/><W61/><G130/><T116/><D116/><U82/><E125/><V22/><F22/><W79/><G4/><T20/><D124/><U97/><E97/><V48/><F62/><W18/><G109/><T33/><D101/><N who="1" m="62655" /><E28/><V66/><F66/><W21/><G13/><T36/><D36/><U110/><E110/><V37/><F37/><W47/><G18/><T64/><D92/><U115/><E115/><V98/><F98/><W126/><G126/><T67/><D67/><AGARI ba="0,0" hai="21,24,29,46,47,57,61,67,79,80,86,95,96,100" machi="67" ten="30,12000,2" yaku="7,1,25,2,8,1,52,2" doraHai="42" who="3" fromWho="0" sc="250,-120,77,0,453,0,220,120" /><INIT seed="3,0,0,3,3,7" ten="130,77,453,340" oya="3" hai0="93,121,0,43,97,45,52,108,92,32,113,59,39" hai1="74,87,134,100,101,72,84,79,88,128,112,13,9" hai2="125,10,132,116,26,5,124,66,118,8,94,98,31" hai3="11,22,130,30,34,85,67,4,122,46,135,2,55"/><W96/><G122/><T53/><D121/><U58/><E112/><V75/><F132/><W33/><G135/><T18/><D113/><U102/><E134/><V3/><F75/><W114/><G114/><T111/><D32/><U21/><E21/><N who="2" m="15823" /><F66/><W65/><G33/><T64/><D0/><U71/><E71/><V19/><F94/><W110/><G34/><T47/><D47/><U70/><E70/><V40/><F98/><W86/><G96/><T91/><D18/><U16/><E128/><V20/><F40/><W35/><G35/><T106/><D106/><U36/><E36/><V48/><F48/><W25/><G130/><T89/><D64/><U17/><E17/><V129/><F129/><W61/><G110/><N who="0" m="42027" /><D59/><U12/><E12/><N who="2" m="7575" /><F20/><W28/><G67/><T105/><D105/><U41/><E41/><V1/><F1/><W119/><G65/><T104/><D104/><U80/><REACH who="1" step="1"/><E58/><REACH who="1" ten="130,67,453,340" step="2"/><V14/><F3/><W76/><G2/><T69/><D69/><U15/><E15/><V133/><F133/><W24/><G30/><T68/><D68/><U107/><E107/><V44/><F44/><W83/><G46/><T63/><D63/><U38/><E38/><V27/><F27/><W73/><G25/><T29/><D29/><U103/><N who="1" m="26112" /><DORA hai="131" /><U82/><AGARI ba="0,1" hai="9,13,16,72,74,79,80,82,84,87,88" m="26112" machi="82" ten="40,16000,3" yaku="1,1,4,1,0,1,52,1,54,2,53,4" doraHai="7,131" doraHaiUra="126,99" who="1" fromWho="1" sc="130,-40,67,170,453,-40,340,-80" /><INIT seed="4,0,0,1,2,133" ten="90,237,413,260" oya="0" hai0="123,109,1,80,49,21,135,5,72,13,8,69,26" hai1="100,84,130,38,11,7,63,4,66,64,96,46,88" hai2="105,3,61,107,99,17,115,71,97,83,77,57,125" hai3="112,10,121,45,75,43,101,16,2,124,34,110,104"/><T98/><D123/><U31/><E130/><V65/><F115/><W32/><G45/><T86/><D135/><U89/><E89/><V19/><F125/><W92/><G92/><T79/><D109/><U20/><E38/><V44/><F3/><W9/><G43/><T118/><D118/><U119/><E46/><V40/><F105/><W33/><G101/><T113/><D113/><U42/><E42/><V51/><F71/><W87/><G87/><T28/><D69/><U25/><E119/><V85/><F107/><W48/><G48/><T120/><D120/><U122/><E122/><V108/><F108/><W52/><G52/><T41/><D98/><AGARI ba="0,0" hai="17,19,40,44,51,57,61,65,77,83,85,97,98,99" machi="98" ten="40,1300,0" yaku="8,1" doraHai="133" who="2" fromWho="0" sc="90,-13,237,0,413,13,260,0" /><INIT seed="5,0,0,1,2,90" ten="77,237,426,260" oya="1" hai0="73,33,65,74,116,11,123,43,111,119,127,31,97" hai1="131,45,18,6,42,129,20,44,121,89,71,16,59" hai2="10,53,118,110,120,94,29,135,0,64,75,9,4" hai3="126,34,91,114,27,69,108,103,112,105,93,8,58"/><U25/><E121/><V35/><F120/><W107/><G69/><T81/><D123/><U40/><E71/><V84/><F118/><W125/><G108/><T67/><D111/><U99/><E6/><V50/><F110/><W124/><G8/><T38/><D127/><U76/><E76/><V72/><F135/><W132/><G58/><T23/><D33/><U63/><E18/><V98/><F64/><W128/><G34/><T1/><D97/><U14/><E14/><V21/><F35/><W77/><G27/><T62/><D67/><N who="1" m="39423" /><E45/><V3/><F84/><N who="3" m="52455" /><G132/><T85/><D31/><U78/><E78/><V56/><F29/><W5/><G5/><T48/><D23/><U22/><E20/><V83/><F83/><W115/><G128/><N who="1" m="49226" /><E44/><V12/><F21/><W28/><G28/><T54/><D11/><U87/><E99/><V55/><F55/><W104/><G77/><T57/><D1/><U95/><AGARI ba="0,0" hai="16,22,25,40,42,87,89,95" m="49226,39423" machi="95" ten="30,6000,0" yaku="19,1,52,1,54,1" doraHai="90" who="1" fromWho="1" sc="77,-20,237,60,426,-20,260,-20" /><INIT seed="5,1,0,3,1,5" ten="57,297,406,240" oya="1" hai0="67,34,98,105,7,63,70,28,26,83,30,90,61" hai1="68,79,96,48,125,58,50,32,3,77,20,112,106" hai2="127,117,130,55,92,47,21,118,57,44,126,116,10" hai3="42,121,103,74,76,87,8,11,66,123,78,1,89"/><U108/><E32/><V13/><F130/><W31/><G103/><T128/><D128/><U24/><E68/><V6/><F21/><W102/><G31/><T15/><D30/><U114/><E108/><V120/><F92/><W110/><G110/><T19/><D7/><U16/><E3/><V81/><F81/><W72/><G102/><T95/><D63/><U65/><E125/><N who="2" m="47627" /><F120/><W37/><G66/><T104/><REACH who="0" step="1"/><D83/><REACH who="0" ten="47,297,406,240" step="2"/><U93/><E106/><V45/><F118/><W38/><G1/><T131/><D131/><U17/><E17/><V111/><F111/><W51/><G123/><T86/><D86/><U133/><E16/><V12/><F12/><W25/><G121/><T134/><D134/><U84/><E133/><V0/><F0/><W80/><G74/><T122/><D122/><U100/><E84/><V33/><F33/><W73/><G73/><T40/><D40/><U119/><E119/><V94/><F94/><W59/><G72/><T135/><D135/><U4/><E4/><V36/><F36/><W49/><G38/><T132/><D132/><U18/><E18/><V46/><F46/><W107/><G37/><T41/><D41/><U43/><E43/><V109/><F109/><W60/><G107/><T99/><D99/><U75/><E96/><V53/><F117/><W35/><G42/><T64/><D64/><U27/><E65/><V69/><F116/><W22/><G35/><T85/><D85/><U101/><E93/><V23/><F47/><W52/><G60/><T115/><D115/><U71/><E75/><V62/><F6/><W56/><G87/><RYUUKYOKU ba="1,1" sc="47,30,297,-10,406,-10,240,-10" hai0="15,19,26,28,34,61,67,70,90,95,98,104,105" /><INIT seed="6,2,1,3,0,34" ten="77,287,396,230" oya="2" hai0="29,100,1,55,66,86,101,37,72,32,51,87,118" hai1="102,7,30,121,73,3,90,109,131,14,8,12,62" hai2="103,40,105,17,93,69,31,70,135,41,91,2,47" hai3="116,129,107,20,110,54,96,76,67,63,88,60,80"/><V42/><F135/><W44/><G116/><T25/><D118/><U82/><E109/><V28/><F2/><W78/><G110/><T130/><D72/><U75/><E131/><V59/><F103/><W89/><G129/><T61/><D130/><U124/><E124/><V24/><F105/><W99/><G20/><T45/><D37/><U64/><E121/><V9/><F47/><W35/><G35/><T125/><D125/><U133/><E133/><V134/><F59/><W68/><G78/><T11/><D100/><U95/><E102/><V79/><F79/><W38/><G107/><T83/><D101/><U56/><E30/><V26/><F134/><W106/><G106/><T117/><D117/><U33/><E33/><V122/><F122/><W85/><G99/><T5/><REACH who="0" step="1"/><D83/><REACH who="0" ten="67,287,396,230" step="2"/><U22/><E82/><V104/><F104/><W112/><G80/><T108/><D108/><U58/><E73/><V21/><F91/><W98/><G89/><T46/><D46/><U36/><E36/><V53/><F93/><W43/><G76/><T94/><D94/><U81/><E81/><V115/><F115/><W50/><G112/><T132/><D132/><U71/><E75/><V39/><F39/><W23/><G88/><T127/><D127/><U13/><E95/><V119/><F119/><W128/><G128/><T52/><D52/><U97/><E90/><V74/><F53/><W15/><G54/><T65/><D65/><U57/><E97/><V120/><F74/><W0/><G38/><T126/><D126/><U18/><AGARI ba="2,2" hai="3,7,8,12,13,14,18,22,56,57,58,62,64,71" machi="18" ten="30,2000,0" yaku="0,1,52,1" doraHai="34" who="1" fromWho="1" sc="67,-7,287,46,396,-12,230,-7" /><INIT seed="7,0,0,1,5,131" ten="60,333,384,223" oya="3" hai0="8,63,95,27,42,67,117,88,2,102,114,105,66" hai1="7,125,41,128,72,82,49,133,126,47,134,91,19" hai2="18,15,74,34,46,3,45,5,9,65,20,70,108" hai3="101,107,119,94,103,111,25,16,96,135,83,4,51"/><W48/><G119/><T85/><D117/><U71/><E71/><V77/><F108/><W92/><G111/><T59/><D114/><U13/><E7/><V40/><F40/><W32/><G4/><T23/><D42/><U30/><E30/><V76/><F34/><W26/><G83/><T86/><D105/><U90/><E72/><V115/><F115/><W127/><G107/><T81/><D2/><U37/><E37/><V98/><F98/><W84/><G84/><T132/><D132/><N who="1" m="50795" /><E128/><V39/><F39/><W120/><G135/><T1/><D1/><U21/><E82/><V69/><F74/><W106/><G106/><T116/><D116/><U124/><AGARI ba="0,0" hai="13,19,21,41,47,49,90,91,124,125,126" m="50795" machi="124" ten="40,8000,1" yaku="18,1,20,1,52,3" doraHai="131" who="1" fromWho="1" sc="60,-20,333,80,384,-20,223,-40" owari="40,-46.0,413,52.0,364,16.0,183,-22.0" /></mjloggm>