<mjloggm ver="2.3"><GO type="225" lobby="0"/><UN n0="%46%4C%41%4D%45" n1="%E5%90%91%E4%BA%95%E7%90%86" n2="%E3%82%B7%E3%83%AD%E3%82%AF%E3%83%AD" n3="%E5%B0%B1%E6%B4%BB%E7%94%9F%40%E5%B7%9D%E6%9D%91%E8%BB%8D%E5%9B%A3" dan="16,16,16,17" rate="2088.15,2093.10,2093.52,2182.46" sx="M,M,M,M"/><TAIKYOKU oya="0"/><INIT seed="0,0,0,2,2,27" ten="250,250,250,250" oya="0" hai0="95,76,77,121,128,12,4,78,134,45,127,81,92" hai1="47,65,46,112,43,6,7,8,135,33,125,23,58" hai2="115,87,91,71,60,67,98,61,133,1,64,63,130" hai3="109,131,62,84,80,85,88,14,118,79,72,54,106"/><T40/><D121/><U83/><E33/><V96/><F115/><W113/><G118/><T55/><D127/><U117/><E117/><V86/><F130/><W20/><G113/><T120/><D120/><U70/><E70/><V44/><F133/><W124/><G106/><T102/><D134/><U32/><E32/><V108/><F108/><W10/><G109/><T0/><D0/><U107/><E107/><V15/><F1/><W52/><G131/><T69/><D69/><U99/><E135/><V28/><F15/><W100/><G100/><T119/><D119/><U13/><E125/><V75/><F75/><W49/><G72/><T34/><D34/><U19/><E99/><N who="2" m="37931" /><F71/><W29/><G62/><T82/><D102/><U126/><E126/><V11/><F11/><W38/><G38/><T18/><D4/><U9/><E83/><N who="0" m="31753" /><D40/><U41/><E41/><V103/><F103/><W123/><G123/><T48/><D128/><U122/><E122/><V89/><F44/><W74/><G74/><T36/><D36/><U16/><E46/><V93/><F28/><W26/><G124/><T73/><D73/><U90/><E47/><V5/><F5/><N who="3" m="3407" /><G49/><T39/><D39/><U21/><E112/><V42/><F42/><W105/><G105/><T66/><D66/><N who="2" m="25130" /><F93/><AGARI ba="0,0" hai="20,26,29,52,54,79,80,84,85,88,93" m="3407" machi="93" ten="30,7700,0" yaku="8,1,52,1,54,2" doraHai="27" who="3" fromWho="2" sc="250,0,250,0,250,-77,250,77" /><INIT seed="1,0,0,3,5,29" ten="250,250,173,327" oya="1" hai0="70,75,104,42,10,73,84,53,15,18,19,69,51" hai1="47,93,133,120,9,71,85,90,58,38,49,114,21" hai2="52,36,119,41,99,125,3,132,105,60,27,116,83" hai3="32,1,25,79,0,78,72,63,81,74,56,101,28"/><U76/><E71/><V44/><F125/><W92/><G92/><T107/><D70/><U7/><E120/><V80/><F132/><W111/><G101/><T128/><D69/><U82/><E114/><V8/><F27/><W129/><G111/><T134/><D134/><U24/><E133/><V100/><F80/><W89/><G89/><T118/><D118/><U91/><E38/><V121/><F121/><W43/><G43/><T4/><D128/><U12/><E58/><V35/><F83/><W66/><G129/><T109/><D109/><U45/><E49/><V123/><F123/><W23/><G23/><T113/><D113/><U106/><E106/><V17/><F35/><W94/><G94/><T40/><D75/><U102/><E102/><V127/><F127/><W46/><G46/><N who="1" m="17418" /><E93/><V48/><F60/><W13/><G13/><T124/><D73/><U115/><E115/><V16/><F3/><W110/><G110/><T131/><D131/><U103/><E103/><V88/><F88/><W14/><G14/><T54/><D107/><U55/><E55/><V34/><F34/><W26/><G26/><T37/><D104/><U68/><E68/><V126/><F126/><W135/><G135/><T97/><D54/><U67/><E67/><V22/><F22/><W112/><G112/><T65/><D53/><U59/><E59/><N who="2" m="33159" /><F8/><W57/><G57/><T122/><D122/><U30/><AGARI ba="0,0" hai="7,9,12,21,24,30,76,82,85,90,91" m="17418" machi="30" ten="30,1500,0" yaku="8,1" doraHai="29" who="1" fromWho="1" sc="250,-5,250,15,173,-5,327,-5" /><INIT seed="1,1,0,2,4,108" ten="245,265,168,322" oya="1" hai0="130,22,67,51,124,84,62,76,5,113,102,54,94" hai1="77,4,126,52,100,57,8,10,34,29,44,106,18" hai2="19,75,92,64,111,70,128,120,80,116,71,25,7" hai3="68,112,0,47,35,93,96,33,36,60,110,63,42"/><U125/><E77/><V24/><F111/><W43/><G112/><T31/><D124/><N who="1" m="47723" /><E44/><V38/><F116/><W119/><G0/><T109/><D109/><U16/><E29/><V15/><F120/><W99/><G110/><T48/><D130/><U3/><E34/><V91/><F128/><W53/><G119/><T89/><D5/><N who="1" m="1087" /><E100/><V79/><F38/><W65/><G43/><T135/><D76/><U104/><E104/><V69/><F64/><W90/><G96/><T61/><D102/><U87/><E87/><V88/><F7/><W98/><G98/><T55/><D67/><U56/><E56/><V59/><F59/><W81/><G81/><T85/><D84/><U134/><E106/><V132/><F132/><W131/><G131/><T32/><D31/><U127/><E134/><V20/><REACH who="2" step="1"/><F91/><REACH who="2" ten="245,265,158,322" step="2"/><W123/><G123/><T74/><D89/><U72/><E127/><V121/><F121/><W103/><G90/><T21/><D135/><U105/><E72/><V1/><F1/><W66/><G66/><T17/><D74/><U117/><E117/><V49/><F49/><W30/><G65/><T27/><D48/><N who="1" m="30855" /><E105/><V39/><F39/><W46/><G36/><T40/><D51/><U12/><AGARI ba="1,1" hai="4,10,12,16,18" m="30855,1087,47723" machi="12" ten="30,6000,0" yaku="18,1,54,2" doraHai="108" who="1" fromWho="1" sc="245,-21,265,73,158,-21,322,-21" /><INIT seed="1,2,0,1,2,99" ten="224,338,137,301" oya="1" hai0="114,16,15,121,2,25,108,59,82,84,79,54,109" hai1="104,96,3,69,39,102,68,24,64,57,20,107,86" hai2="127,74,37,17,100,73,93,122,9,61,126,60,117" hai3="85,55,44,14,35,132,98,6,48,41,18,63,124"/><U94/><E39/><V103/><F37/><W123/><G35/><T26/><D114/><U23/><E3/><V47/><F47/><W113/><G123/><T91/><D2/><U65/><E20/><V77/><F93/><W119/><G113/><T5/><D5/><U66/><E57/><V21/><F9/><W31/><G119/><T11/><D121/><U71/><REACH who="1" step="1"/><E86/><REACH who="1" ten="224,328,137,301" step="2"/><V110/><F122/><W133/><G85/><T87/><D109/><U7/><E7/><V101/><F110/><W8/><G132/><T89/><D108/><U134/><E134/><V75/><F117/><W131/><G133/><T115/><D115/><U38/><E38/><V120/><F120/><W19/><G6/><T125/><D125/><N who="2" m="47626" /><F77/><W12/><G124/><T70/><D79/><U49/><E49/><V52/><F52/><W83/><G55/><T72/><D72/><N who="2" m="18434" /><V27/><AGARI ba="2,1" hai="17,21,27,60,61,100,101,103" m="18434,47626" machi="27" ten="50,8000,1" yaku="4,1,18,1,52,3" doraHai="99" who="2" fromWho="2" sc="224,-22,328,-42,137,96,301,-22" /><INIT seed="2,0,0,1,4,66" ten="202,286,233,279" oya="2" hai0="124,10,131,96,14,15,94,115,43,31,118,55,8" hai1="112,90,57,84,88,4,59,27,13,122,80,26,70" hai2="108,77,50,38,51,24,1,106,89,111,68,103,105" hai3="5,21,98,16,120,129,79,86,18,3,74,34,69"/><V78/><F38/><W11/><G120/><T73/><D115/><U54/><E70/><V87/><F1/><W29/><G74/><T128/><D118/><U135/><E112/><V17/><F68/><W64/><G129/><N who="0" m="49739" /><D73/><U19/><E135/><V30/><F17/><W6/><G6/><T42/><D124/><U35/><E4/><V92/><F51/><W127/><G98/><T82/><D82/><U101/><E101/><V22/><F50/><W130/><G130/><T0/><D0/><U91/><E122/><V93/><F93/><W132/><G132/><T41/><D31/><U20/><E57/><V67/><F67/><W119/><G127/><T56/><D15/><U110/><E110/><N who="2" m="42027" /><F103/><W23/><G119/><T60/><D14/><U99/><E35/><V121/><F121/><W46/><G46/><T47/><D47/><U100/><E100/><AGARI ba="0,0" hai="8,10,41,42,43,55,56,60,94,96,100" m="49739" machi="100" ten="30,1000,0" yaku="19,1" doraHai="66" who="0" fromWho="1" sc="202,10,286,-10,233,0,279,0" /><INIT seed="3,0,0,1,2,9" ten="212,276,233,279" oya="3" hai0="46,132,38,57,53,4,30,62,36,76,41,2,93" hai1="90,74,52,21,15,49,112,69,7,56,134,58,73" hai2="95,3,44,81,114,124,5,39,92,27,117,66,126" hai3="101,131,23,107,71,12,1,115,67,113,68,32,22"/><W109/><G32/><T91/><D132/><U94/><E69/><V8/><F117/><W123/><G1/><T48/><D30/><U99/><E112/><V11/><F114/><W75/><G75/><T18/><D76/><U108/><E108/><V42/><F66/><W97/><G123/><T6/><D2/><U118/><E134/><V35/><F11/><W65/><G109/><T98/><D38/><U83/><E118/><V0/><F0/><W60/><G131/><T63/><D63/><U125/><E125/><N who="2" m="48235" /><F81/><W26/><G12/><T119/><D119/><U50/><E83/><V111/><F111/><W25/><G26/><T106/><D106/><U51/><E51/><V87/><F87/><W31/><G23/><T110/><D110/><U17/><E7/><V33/><F33/><W84/><G84/><T16/><D36/><U59/><E59/><V89/><F89/><W121/><G121/><T122/><D122/><U96/><E96/><V64/><F64/><W55/><G55/><AGARI ba="0,0" hai="15,17,21,49,50,52,55,56,58,73,74,90,94,99" machi="55" ten="40,5200,0" yaku="9,1,52,1,54,1" doraHai="9" who="1" fromWho="3" sc="212,0,276,52,233,0,279,-52" owari="212,-29.0,328,43.0,233,3.0,227,-17.0" /></mjloggm>