<mjloggm ver="2.3"><GO type="41" lobby="0"/><UN n0="%41%74%5F%53%75%73%68%69" n1="%E5%B0%B1%E6%B4%BB%E7%94%9F%40%E5%B7%9D%E6%9D%91%E8%BB%8D%E5%9B%A3" n2="%E3%81%AF%E3%82%8B%E3%81%A3%E3%81%93" n3="%6E%6F%74%65" dan="14,17,13,14" rate="1939.17,2196.48,1837.13,1965.22" sx="M,M,M,M"/><TAIKYOKU oya="0"/><INIT seed="0,0,0,0,4,26" ten="250,250,250,250" oya="0" hai0="62,14,24,13,1,90,115,35,78,49,73,135,82" hai1="125,102,30,43,32,69,106,113,117,96,131,133,11" hai2="86,61,64,122,18,105,37,58,74,46,99,100,104" hai3="33,40,21,5,10,41,77,91,67,45,63,71,103"/><T132/><D115/><U95/><E117/><V23/><F74/><W111/><G33/><T72/><D1/><U2/><E113/><V16/><F18/><W39/><G111/><T59/><D73/><U51/><E125/><V65/><F122/><W34/><G34/><T107/><D107/><U68/><E131/><V12/><F65/><W38/><G103/><T80/><D49/><U121/><E121/><V19/><F19/><W55/><G21/><T81/><D81/><U9/><E133/><N who="0" m="51273" /><D80/><U101/><E101/><V50/><F37/><W29/><G29/><N who="0" m="19879" /><D90/><U47/><E106/><V85/><REACH who="2" step="1"/><F104/><REACH who="2" ten="250,250,240,250" step="2"/><W108/><G108/><T128/><D128/><U92/><E69/><V56/><F56/><W27/><G39/><T76/><D76/><U88/><E68/><V66/><F66/><AGARI ba="0,1" hai="13,14,59,62,66,72,78,82" m="19879,51273" machi="66" ten="30,2900,0" yaku="20,1,52,1" doraHai="26" who="0" fromWho="2" sc="250,39,250,0,240,-29,250,0" /><INIT seed="0,1,0,5,0,129" ten="289,250,211,250" oya="0" hai0="111,105,110,125,33,75,103,58,128,15,32,31,107" hai1="26,126,88,81,51,56,130,3,77,106,124,92,100" hai2="116,61,71,101,89,79,112,36,47,52,64,7,17" hai3="63,134,48,13,8,131,2,0,122,121,94,72,120"/><T86/><D75/><U28/><E3/><V35/><F35/><W18/><G131/><T133/><D128/><U97/><E130/><V119/><F101/><W132/><G72/><T45/><D125/><U67/><E51/><V127/><F79/><W114/><G114/><T55/><D45/><U43/><E43/><V113/><F7/><W59/><G94/><T4/><D86/><N who="1" m="52247" /><E56/><V98/><F98/><W50/><G50/><T19/><D4/><U68/><E67/><V39/><F17/><W30/><G30/><T62/><D103/><U22/><E68/><V27/><F27/><W70/><G48/><T95/><D95/><U109/><E109/><N who="0" m="41481" /><D31/><U93/><E93/><V74/><F89/><W38/><G38/><N who="2" m="14377" /><F74/><AGARI ba="1,0" hai="22,26,28,74,77,81,97,100,106,124,126" m="52247" machi="74" ten="30,2000,0" yaku="24,1,54,1" doraHai="129" who="1" fromWho="2" sc="289,0,250,23,211,-23,250,0" /><INIT seed="1,0,0,1,3,19" ten="289,273,188,250" oya="1" hai0="93,113,24,8,52,82,30,18,42,25,10,124,68" hai1="135,47,50,98,112,109,77,61,87,54,116,60,134" hai2="57,20,73,70,40,0,41,6,75,2,45,31,126" hai3="49,34,99,21,11,92,128,86,90,32,81,4,131"/><U129/><E116/><V37/><F70/><W65/><G65/><T125/><D113/><U51/><E112/><V66/><F66/><W27/><G49/><T118/><D118/><U121/><E121/><V17/><F31/><W114/><G114/><T85/><D68/><U110/><E98/><V105/><F41/><W62/><G62/><N who="1" m="24170" /><E87/><V58/><F2/><W63/><G63/><T5/><D42/><N who="1" m="24951" /><E77/><V71/><F71/><W91/><G128/><T48/><D93/><U1/><E1/><V26/><F126/><N who="0" m="48746" /><D18/><U23/><E23/><V29/><F105/><W107/><G107/><T100/><D100/><U69/><E69/><V12/><F75/><W76/><G131/><T130/><D130/><U80/><E80/><V44/><F73/><W7/><G76/><N who="0" m="46279" /><D5/><U28/><E28/><V127/><F127/><W88/><G91/><T53/><D25/><U56/><E129/><V102/><F102/><W108/><G108/><AGARI ba="0,0" hai="51,54,56,108,109,110,134,135" m="24951,24170" machi="108" ten="30,11600,0" yaku="14,1,10,1,34,2" doraHai="19" who="1" fromWho="3" sc="289,0,273,116,188,0,250,-116" /><INIT seed="1,1,0,2,4,63" ten="289,389,188,134" oya="1" hai0="92,105,15,60,49,28,42,36,113,20,14,21,58" hai1="44,56,48,74,6,24,5,64,40,9,43,25,16" hai2="114,76,70,122,69,126,23,124,61,88,73,34,0" hai3="38,110,29,93,31,83,33,81,120,59,26,94,107"/><U131/><E74/><V99/><F34/><W91/><G120/><T53/><D105/><U118/><E118/><V128/><F0/><W47/><G110/><T102/><D113/><U132/><E132/><V72/><F114/><W62/><G107/><T95/><D36/><U51/><E131/><V135/><F122/><W67/><G31/><T111/><D111/><U57/><E9/><V112/><F112/><W87/><REACH who="3" step="1"/><G81/><REACH who="3" ten="289,389,188,124" step="2"/><T123/><D123/><U3/><E3/><V17/><F128/><W101/><G101/><T35/><D28/><U41/><E41/><AGARI ba="1,1" hai="26,29,33,38,41,47,59,62,67,83,87,91,93,94" machi="41" ten="40,2600,0" yaku="1,1,52,1,53,0" doraHai="63" doraHaiUra="50" who="3" fromWho="1" sc="289,0,389,-29,188,0,124,39" /><INIT seed="2,0,0,4,1,134" ten="289,360,188,163" oya="2" hai0="80,96,106,66,63,124,112,25,47,2,65,122,108" hai1="69,45,104,43,27,42,6,9,59,49,30,36,60" hai2="87,61,15,13,79,54,74,89,1,103,94,48,64" hai3="7,46,62,34,105,11,133,107,92,97,121,114,55"/><V57/><F1/><W126/><G133/><T71/><D122/><U41/><E104/><V10/><F10/><W98/><G121/><T50/><D112/><U118/><E69/><V109/><F109/><W39/><G34/><T72/><D108/><U18/><E18/><V8/><F8/><W91/><G114/><T67/><D2/><U58/><E36/><V38/><F38/><W14/><G98/><T82/><D72/><U110/><E110/><V0/><F0/><W32/><G32/><T115/><D115/><U33/><E118/><V77/><F74/><W83/><G83/><T52/><D25/><U102/><E102/><V16/><F13/><W24/><G24/><T75/><D75/><U68/><E68/><V22/><F103/><W120/><G120/><T117/><D117/><U85/><E59/><AGARI ba="0,0" hai="15,16,22,48,54,57,59,61,64,77,79,87,89,94" machi="59" ten="30,12000,1" yaku="7,1,25,2,8,1,54,1" doraHai="134" who="2" fromWho="1" sc="289,0,360,-120,188,120,163,0" /><INIT seed="2,1,0,4,0,85" ten="289,240,308,163" oya="2" hai0="10,42,71,19,4,76,16,102,103,110,49,48,26" hai1="104,90,99,40,67,37,83,127,9,8,119,57,41" hai2="98,89,78,29,45,36,70,6,95,124,120,31,50" hai3="63,66,132,94,18,32,92,82,114,87,86,77,2"/><V35/><F70/><W59/><G2/><T20/><D71/><U33/><E119/><V17/><F36/><W129/><G32/><T117/><D117/><U108/><E127/><V107/><F120/><W65/><G114/><T130/><D130/><U81/><E108/><V51/><F6/><W3/><G3/><T22/><D110/><U7/><E33/><V28/><F78/><W96/><G129/><T113/><D76/><U54/><E67/><V23/><F107/><W80/><G132/><T93/><D113/><U74/><E74/><V125/><F35/><W44/><G44/><T34/><D34/><U73/><E73/><V135/><F135/><W97/><G18/><T12/><D42/><N who="1" m="16491" /><E37/><V15/><REACH who="2" step="1"/><F45/><REACH who="2" ten="289,240,298,163" step="2"/><W75/><G75/><T112/><D112/><U84/><E104/><V69/><F69/><W43/><G43/><T72/><D72/><U14/><E7/><V46/><F46/><W0/><G0/><T133/><D133/><U131/><E131/><V58/><F58/><W61/><G77/><T115/><D115/><U126/><E57/><AGARI ba="1,1" hai="57,59,61,63,65,66,80,82,86,87,92,94,96,97" machi="57" ten="25,3200,0" yaku="22,2,8,1" doraHai="85" who="3" fromWho="1" sc="289,0,240,-35,298,0,163,45" /><INIT seed="3,0,0,4,4,21" ten="289,205,298,208" oya="3" hai0="34,55,89,86,17,96,26,40,25,76,88,22,127" hai1="9,13,44,124,2,107,120,82,130,53,3,56,64" hai2="70,24,74,14,97,103,79,0,94,67,50,111,15" hai3="63,32,11,38,37,60,39,27,93,42,36,133,10"/><W95/><G133/><T6/><D40/><U115/><E120/><V73/><F0/><W126/><G126/><T62/><D127/><U78/><E115/><V131/><F131/><W33/><G42/><T85/><D6/><U77/><E124/><V84/><F74/><W47/><N who="3" m="9728" /><DORA hai="65" /><W106/><G27/><T68/><D76/><U52/><E107/><V87/><F73/><W75/><G47/><T41/><D41/><U49/><E64/><V113/><F50/><W30/><G30/><N who="0" m="19791" /><D68/><U119/><E130/><V69/><F67/><W66/><G75/><T101/><D101/><U45/><E119/><V128/><F113/><W54/><G54/><T134/><D89/><U129/><E129/><V132/><F128/><W98/><G106/><T72/><D72/><U18/><E45/><V90/><F111/><W102/><G66/><T12/><D12/><U61/><REACH who="1" step="1"/><E78/><REACH who="1" ten="289,195,298,208" step="2"/><V58/><F79/><W104/><G104/><T1/><D134/><U8/><E8/><N who="3" m="3114" /><G98/><T80/><D1/><U118/><E118/><V114/><F97/><W19/><G102/><T31/><D31/><U92/><E92/><N who="3" m="35402" /><G19/><T81/><D96/><U51/><E51/><V28/><F94/><W122/><G122/><T108/><D108/><U46/><E46/><V16/><F16/><W57/><G57/><T110/><D110/><U48/><E48/><V59/><F58/><W20/><G20/><T125/><D125/><U7/><E7/><V116/><F59/><W91/><G91/><T123/><D123/><U35/><E35/><AGARI ba="0,1" hai="32,33,35,60,63" m="35402,3114,9728" machi="35" ten="60,5800,0" yaku="28,2" doraHai="21,65" who="3" fromWho="1" sc="289,0,195,-58,298,0,208,68" /><INIT seed="3,1,0,0,2,20" ten="289,137,298,276" oya="3" hai0="104,32,30,58,99,77,21,74,120,98,46,70,128" hai1="50,117,91,86,63,68,47,26,83,94,2,79,15" hai2="9,1,125,101,51,41,45,113,116,28,96,19,22" hai3="75,102,95,110,8,100,119,4,3,134,111,130,108"/><W73/><G119/><T127/><D120/><U97/><E117/><V31/><F116/><W71/><G71/><T40/><D127/><U39/><E2/><V18/><F113/><W105/><G105/><T84/><D128/><U7/><E39/><V55/><F125/><W81/><G130/><T43/><D84/><U118/><E118/><V29/><F1/><W131/><G131/><T57/><D70/><U48/><E68/><V80/><F80/><W69/><G69/><T52/><D32/><U124/><E124/><V121/><F121/><W37/><G37/><T10/><D10/><U89/><E63/><V135/><F135/><W0/><G134/><T88/><D104/><U36/><E36/><V5/><F55/><W11/><G81/><T56/><D77/><U87/><E47/><V44/><F44/><W25/><G25/><N who="0" m="16687" /><D74/><N who="3" m="28169" /><G95/><N who="0" m="56679" /><D99/><U114/><E114/><V67/><F67/><W42/><G42/><N who="0" m="15915" /><D46/><U59/><E59/><V109/><F109/><N who="3" m="27907" /><W17/><DORA hai="123" /><G17/><T16/><D16/><N who="2" m="6186" /><F96/><W78/><G78/><T24/><D24/><U82/><REACH who="1" step="1"/><E26/><REACH who="1" ten="289,127,298,276" step="2"/><N who="2" m="16471" /><F101/><W107/><G107/><T62/><AGARI ba="1,1" hai="52,56,57,58,62" m="15915,56679,16687" machi="62" ten="30,7900,0" yaku="8,1,52,1,54,2" doraHai="20,123" who="0" fromWho="0" sc="289,92,127,-21,298,-21,276,-40" /><INIT seed="4,0,0,4,5,41" ten="381,106,277,236" oya="0" hai0="90,25,108,97,129,104,135,15,84,115,74,51,114" hai1="64,93,103,72,45,61,79,13,18,31,10,100,2" hai2="82,78,26,125,3,67,71,39,68,23,47,0,70" hai3="36,21,126,128,50,46,132,111,38,9,83,14,4"/><T81/><D129/><U33/><E2/><V17/><F125/><W73/><G128/><T118/><D118/><U121/><E121/><V28/><F67/><W87/><G126/><T88/><D135/><U117/><E117/><V130/><F130/><W94/><G132/><T53/><D108/><U59/><E72/><V37/><F39/><W91/><G111/><T27/><D74/><U89/><E79/><V8/><F8/><W102/><G73/><T131/><D131/><U124/><E124/><V60/><F60/><W30/><G30/><T24/><D15/><U92/><E92/><V44/><F37/><W120/><G120/><T119/><D119/><U16/><E18/><V101/><F101/><W99/><REACH who="3" step="1"/><G21/><REACH who="3" ten="381,106,277,226" step="2"/><T112/><D112/><U95/><E95/><V75/><REACH who="2" step="1"/><F28/><REACH who="2" ten="381,106,267,226" step="2"/><W134/><G134/><T96/><D115/><U113/><E113/><V109/><F109/><W5/><G5/><T55/><D114/><U1/><E31/><V98/><F98/><W86/><G86/><T29/><D29/><U127/><E127/><V40/><F40/><AGARI ba="0,2" hai="4,9,14,36,38,40,46,50,83,87,91,94,99,102" machi="40" ten="30,3900,0" yaku="1,1,7,1,52,1,53,0" doraHai="41" doraHaiUra="22" who="3" fromWho="2" sc="381,0,106,0,267,-39,226,59" /><INIT seed="5,0,0,5,0,65" ten="381,106,228,285" oya="1" hai0="111,94,90,86,125,15,52,13,5,35,47,27,37" hai1="76,20,107,61,121,53,16,110,45,91,88,62,6" hai2="8,58,10,77,75,101,114,70,34,80,0,130,30" hai3="9,69,55,23,118,43,73,96,57,93,131,29,106"/><U127/><E121/><V85/><F130/><W89/><G131/><T84/><D111/><U122/><E122/><V11/><F114/><W115/><G118/><T41/><D125/><U60/><E110/><V109/><F109/><W2/><G115/><T50/><D86/><U4/><E127/><V44/><F44/><W113/><G113/><T36/><D5/><N who="1" m="2155" /><E107/><V133/><F133/><W100/><G43/><T63/><D63/><N who="1" m="24139" /><E76/><V54/><F70/><W82/><G2/><T38/><REACH who="0" step="1"/><D41/><REACH who="0" ten="371,106,228,285" step="2"/><U120/><E120/><V66/><F85/><W108/><G108/><T46/><D46/><U123/><E123/><V26/><F0/><W1/><G1/><T33/><D33/><U32/><E32/><V14/><F75/><W117/><G117/><T98/><D98/><U31/><E31/><AGARI ba="0,1" hai="13,15,27,31,35,36,37,38,47,50,52,84,90,94" machi="31" ten="40,8000,1" yaku="1,1,54,1,53,3" doraHai="65" doraHaiUra="68" who="0" fromWho="1" sc="371,90,106,-80,228,0,285,0" /><INIT seed="6,0,0,4,0,109" ten="461,26,228,285" oya="2" hai0="18,130,33,113,10,52,115,2,90,125,28,35,56" hai1="116,22,123,88,72,83,16,101,26,132,94,127,5" hai2="122,38,114,12,53,102,31,37,45,21,27,65,105" hai3="40,117,11,66,97,78,128,54,99,47,44,62,1"/><V108/><F122/><W36/><G117/><T106/><D125/><U76/><E123/><V71/><F114/><N who="0" m="43530" /><D130/><U82/><E116/><V91/><F91/><W17/><G128/><T55/><D106/><U118/><E118/><V134/><F134/><W80/><G47/><T63/><D90/><U84/><E127/><V86/><F86/><W81/><G54/><T92/><D92/><U111/><E132/><V4/><F108/><W126/><G126/><T0/><D55/><U96/><E111/><V131/><F131/><W100/><G100/><T24/><D33/><U43/><E43/><V67/><F67/><W7/><G17/><T77/><D77/><U119/><E119/><V70/><F65/><W79/><G81/><T34/><D34/><U73/><E5/><V51/><F102/><W103/><G103/><T50/><D63/><U3/><REACH who="1" step="1"/><E3/><REACH who="1" ten="461,16,228,285" step="2"/><V121/><F121/><W23/><G78/><T58/><D58/><U25/><E25/><V64/><F70/><W15/><G15/><AGARI ba="0,1" hai="0,2,10,15,18,24,28,35,50,52,56" m="43530" machi="15" ten="30,8000,1" yaku="15,1,52,3,54,1" doraHai="109" who="0" fromWho="3" sc="461,90,16,0,228,0,285,-80" /><INIT seed="7,0,0,5,4,17" ten="551,16,228,205" oya="3" hai0="28,9,123,119,58,126,104,0,90,65,47,10,15" hai1="43,100,8,36,129,101,109,45,30,23,11,99,56" hai2="94,103,71,44,125,49,6,128,91,5,21,135,120" hai3="115,2,54,22,66,102,57,87,25,35,38,42,41"/><W105/><G2/><T67/><D119/><U46/><E109/><V50/><F71/><W85/><G35/><T108/><D108/><U107/><E129/><V63/><F63/><W83/><G115/><T118/><D118/><U33/><E33/><V20/><F103/><W72/><G72/><T64/><D123/><U51/><E56/><V76/><F76/><W14/><G14/><T61/><D104/><U77/><E77/><V78/><F78/><W29/><G38/><T39/><D126/><U95/><E107/><V92/><F91/><W59/><G105/><T3/><D28/><U37/><E30/><V86/><F86/><W52/><G102/><T7/><D90/><U19/><E51/><V68/><F68/><W114/><G114/><T131/><D131/><U4/><E4/><V116/><F44/><W48/><G66/><T74/><D74/><U32/><E32/><V53/><F53/><W124/><G124/><T70/><D70/><U73/><E73/><V26/><F26/><W132/><G132/><T62/><D3/><U96/><E19/><V60/><F60/><N who="3" m="35879" /><G85/><T18/><D61/><U1/><E1/><V79/><F125/><W112/><G112/><T97/><D97/><U93/><REACH who="1" step="1"/><E23/><REACH who="1" ten="551,6,228,205" step="2"/><N who="2" m="8779" /><F128/><W34/><G34/><T113/><D113/><U110/><E110/><V82/><F6/><W130/><G130/><T75/><D75/><U122/><E122/><V111/><F5/><W80/><G29/><T13/><D0/><U12/><E12/><V40/><F111/><W133/><G22/><T127/><D127/><U69/><E69/><V121/><F120/><RYUUKYOKU ba="0,1" sc="551,15,6,15,228,-15,205,-15" hai0="7,9,10,13,15,18,39,47,58,62,64,65,67" hai1="8,11,36,37,43,45,46,93,95,96,99,100,101" owari="576,68.0,21,-48.0,213,1.0,190,-21.0" /></mjloggm>