<mjloggm ver="2.3"><GO type="169" lobby="0"/><UN n0="%E6%9D%B1%E9%A2%A8%E3%81%B1%E3%81%84%E3%82%93" n1="%E3%83%8B%E3%83%A3%E3%83%83%E3%83%94%E3%83%BC%E5%A4%8F%E7%9B%AE" n2="%E3%83%88%E3%83%88%E3%83%AA%E5%85%88%E7%94%9F%31%39%E6%AD%B3" n3="%74%61%72%6F%6F" dan="16,17,18,18" rate="2125.23,2175.56,2245.34,2215.84" sx="M,M,F,M"/><TAIKYOKU oya="0"/><INIT seed="0,0,0,1,3,112" ten="250,250,250,250" oya="0" hai0="124,65,28,13,38,129,47,119,24,101,34,2,10" hai1="32,125,78,39,55,70,115,45,105,61,84,0,69" hai2="19,80,63,30,90,22,16,51,81,71,50,100,86" hai3="3,111,40,17,43,109,57,118,15,132,37,127,91"/><T49/><D119/><U114/><E105/><V103/><F71/><W77/><G3/><T131/><D124/><U27/><E0/><V58/><F30/><W92/><G77/><T83/><D38/><U133/><E78/><V23/><F80/><W12/><G132/><T7/><D101/><U46/><E84/><V76/><F76/><W108/><G127/><T134/><D134/><U29/><E133/><V126/><F126/><W66/><G118/><T93/><D65/><U122/><E122/><V106/><F106/><W79/><G79/><T41/><D93/><U54/><E125/><V26/><F103/><W1/><G1/><T67/><D67/><U130/><E130/><V95/><F100/><W104/><G104/><T73/><D73/><U59/><E54/><N who="2" m="34263" /><F81/><W11/><G15/><AGARI ba="0,0" hai="15,16,19,22,23,26,50,51,86,90,95" m="34263" machi="15" ten="30,2000,0" yaku="8,1,54,1" doraHai="112" who="2" fromWho="3" sc="250,0,250,0,250,20,250,-20" /><INIT seed="1,0,0,5,1,124" ten="250,250,270,230" oya="1" hai0="85,40,116,131,2,35,4,75,5,37,121,79,42" hai1="81,30,33,130,23,105,62,45,72,11,96,60,61" hai2="83,26,18,63,97,87,51,132,88,135,109,76,70" hai3="56,66,13,49,104,58,78,68,15,38,59,119,44"/><U50/><E33/><V100/><F109/><W73/><G104/><T48/><D116/><U99/><E105/><V107/><F51/><W7/><G119/><T71/><D71/><U8/><E130/><V9/><F70/><W47/><G73/><T120/><D35/><U118/><E118/><V27/><F63/><N who="3" m="40031" /><G78/><T12/><D75/><U31/><E72/><N who="2" m="43399" /><F9/><N who="1" m="3657" /><E81/><V16/><F27/><W65/><G13/><T95/><D37/><U22/><E50/><V1/><F1/><W113/><G15/><T102/><D48/><U19/><E45/><N who="3" m="17482" /><G7/><T89/><D12/><N who="1" m="9575" /><E23/><N who="2" m="13671" /><F18/><W92/><G92/><AGARI ba="0,0" hai="87,88,92,97,100,107,132,135" m="13671,43399" machi="92" ten="30,3900,0" yaku="24,1,54,2" doraHai="124" who="2" fromWho="3" sc="250,0,250,0,270,39,230,-39" /><INIT seed="2,0,0,1,0,128" ten="250,250,309,191" oya="2" hai0="57,7,10,105,0,122,56,59,53,102,79,97,4" hai1="21,81,35,121,84,14,70,22,51,77,17,74,107" hai2="55,61,130,13,28,34,38,71,63,82,72,11,127" hai3="42,109,45,67,96,37,100,36,76,23,27,125,26"/><V16/><F38/><W8/><G109/><T32/><D32/><U50/><E35/><V92/><F130/><W39/><G125/><T48/><D122/><U90/><E70/><V89/><F127/><W69/><G76/><T106/><D79/><U1/><E1/><V66/><F82/><W124/><G124/><T47/><D7/><U114/><E114/><V9/><F72/><W40/><G8/><T68/><D68/><U94/><E121/><V58/><F34/><W110/><G110/><T101/><REACH who="0" step="1"/><D97/><REACH who="0" ten="240,250,309,191" step="2"/><U5/><E5/><V113/><F113/><W75/><G69/><T86/><D86/><U91/><E74/><V112/><F112/><W87/><G87/><T25/><D25/><U85/><E77/><V62/><F28/><W108/><G75/><T15/><D15/><U78/><E78/><V64/><F71/><W20/><G108/><T2/><D2/><U52/><E85/><N who="2" m="52271" /><F11/><W19/><G26/><T103/><AGARI ba="0,1" hai="0,4,10,47,48,53,56,57,59,101,102,103,105,106" machi="103" ten="30,2000,0" yaku="1,1,0,1,53,0" doraHai="128" doraHaiUra="31" who="0" fromWho="0" sc="240,30,250,-5,309,-10,191,-5" /><INIT seed="3,0,0,1,3,93" ten="270,245,299,186" oya="3" hai0="51,46,134,52,56,7,30,116,24,70,10,49,79" hai1="119,20,126,22,114,106,103,15,111,125,68,45,110" hai2="113,62,117,36,72,65,112,69,99,118,29,95,1" hai3="5,120,83,80,89,34,75,50,54,53,90,9,124"/><W47/><G120/><T18/><D116/><U48/><E68/><V74/><F1/><W115/><G115/><T108/><D70/><U105/><E114/><V76/><F36/><W129/><G34/><T91/><D134/><U25/><E119/><V28/><F117/><W130/><G124/><N who="1" m="47722" /><E15/><V6/><F6/><W2/><G54/><T66/><D108/><N who="1" m="41515" /><E103/><V102/><F118/><W31/><G31/><T87/><D79/><U85/><E85/><V60/><F113/><W94/><G89/><T88/><D18/><N who="1" m="12439" /><E22/><V84/><F112/><W33/><G33/><T8/><D7/><U96/><E96/><V4/><F4/><W27/><G27/><T23/><D91/><U100/><E100/><V128/><F84/><W67/><G67/><T3/><D3/><U86/><E86/><V135/><F74/><W77/><REACH who="3" step="1"/><G80/><REACH who="3" ten="270,245,299,176" step="2"/><N who="0" m="49255" /><D66/><U17/><E17/><V42/><F65/><W133/><G133/><T16/><D30/><U82/><E82/><N who="2" m="45319" /><F135/><W14/><G14/><T98/><D98/><AGARI ba="0,1" hai="2,5,9,47,50,53,75,77,83,90,94,98,129,130" machi="98" ten="40,7700,0" yaku="1,1,52,1,53,1" doraHai="93" doraHaiUra="41" who="3" fromWho="0" sc="270,-77,245,0,299,0,176,87" /><INIT seed="3,1,0,2,1,54" ten="193,245,299,263" oya="3" hai0="5,133,107,76,118,117,3,49,25,12,84,46,121" hai1="26,1,41,65,64,104,126,2,120,108,105,93,24" hai2="53,94,89,110,45,52,59,15,130,21,27,99,92" hai3="44,11,103,90,128,95,132,37,88,58,68,10,43"/><W39/><G68/><T38/><D121/><U72/><E72/><V13/><F110/><W122/><G122/><T34/><D133/><U8/><E120/><V36/><F130/><W57/><G132/><T66/><D107/><U67/><E41/><V35/><F35/><W32/><G32/><T7/><D38/><U61/><E61/><N who="2" m="36071" /><F36/><W109/><G128/><T134/><D134/><U14/><E126/><V28/><F92/><W63/><G109/><T96/><D66/><U69/><E69/><V47/><F45/><W112/><G112/><T17/><D96/><U31/><E108/><V83/><F83/><W33/><G33/><T6/><D3/><U77/><E93/><V78/><F78/><W119/><G119/><T18/><D118/><U100/><E77/><V50/><AGARI ba="1,0" hai="13,15,21,27,28,47,50,53,89,94,99" m="36071" machi="50" ten="30,4000,0" yaku="8,1,52,1,54,1" doraHai="54" who="2" fromWho="2" sc="193,-11,245,-11,299,43,263,-21" /><INIT seed="4,0,0,3,4,108" ten="182,234,342,242" oya="0" hai0="9,81,115,60,36,41,46,27,113,43,89,31,75" hai1="23,79,117,11,47,110,106,83,3,76,130,13,38" hai2="102,95,68,72,118,44,48,93,128,105,70,121,124" hai3="40,37,74,69,87,62,104,134,56,67,32,45,53"/><T84/><D75/><U0/><E110/><V26/><F121/><W91/><G74/><T28/><D43/><U123/><E106/><V80/><F105/><W50/><G104/><T120/><D120/><U64/><E117/><V101/><F118/><W16/><G134/><T7/><D60/><U15/><E123/><V19/><F72/><W112/><G112/><N who="0" m="43083" /><D27/><U25/><E64/><V49/><F26/><W127/><G127/><T33/><D33/><U8/><E130/><V61/><F61/><W14/><G32/><T34/><D34/><U52/><E38/><V1/><F49/><W103/><G103/><T65/><D65/><U86/><E76/><V114/><F48/><W94/><G14/><AGARI ba="0,0" hai="7,9,14,28,31,36,41,46,81,84,89" m="43083" machi="14" ten="30,11600,0" yaku="15,1,52,3" doraHai="108" who="0" fromWho="3" sc="182,116,234,0,342,0,242,-116" /><INIT seed="4,1,0,3,5,17" ten="298,234,342,126" oya="0" hai0="49,16,79,113,90,6,19,58,114,112,118,3,100" hai1="9,13,10,38,84,65,41,57,126,45,77,93,108" hai2="55,95,22,0,132,123,26,104,103,78,85,96,61" hai3="71,39,23,15,122,70,80,117,72,97,25,102,18"/><T50/><D118/><U37/><E108/><V133/><F123/><W63/><G117/><T105/><D79/><U87/><E126/><V46/><F0/><W42/><G122/><T121/><D121/><U74/><E38/><V8/><F8/><W14/><G39/><T21/><D90/><U1/><E1/><V130/><F130/><W88/><G42/><T125/><D125/><U81/><E9/><V28/><F78/><W43/><G43/><T69/><D69/><U60/><REACH who="1" step="1"/><E93/><REACH who="1" ten="298,224,342,126" step="2"/><V54/><F95/><W5/><G5/><AGARI ba="1,1" hai="5,10,13,37,41,45,57,60,65,74,77,81,84,87" machi="5" ten="30,7700,0" yaku="1,1,2,1,7,1,53,1" doraHai="17" doraHaiUra="75" who="1" fromWho="3" sc="298,0,224,90,342,0,126,-80" /><INIT seed="5,0,0,2,0,89" ten="298,314,342,46" oya="1" hai0="84,117,59,99,130,135,3,70,35,54,88,132,57" hai1="0,17,13,83,131,128,133,19,29,64,43,2,31" hai2="45,78,85,36,39,50,80,103,23,4,98,9,105" hai3="72,94,114,109,107,42,30,87,101,62,63,74,122"/><U106/><E106/><V34/><F34/><W33/><G109/><T38/><D38/><U11/><E83/><V27/><F23/><W69/><G122/><T115/><D3/><N who="1" m="1067" /><E64/><V58/><F58/><W20/><G42/><T6/><D35/><U104/><E43/><N who="2" m="24895" /><F27/><W1/><G1/><T15/><D117/><U26/><E104/><V112/><F112/><W119/><G114/><T10/><D115/><U73/><E73/><V77/><F77/><W111/><G111/><T21/><D130/><N who="1" m="49707" /><E133/><V82/><F82/><W49/><G107/><T127/><D70/><U67/><E67/><V118/><F118/><W24/><G69/><T129/><D132/><U125/><E125/><V102/><F102/><W126/><G126/><T41/><D135/><U48/><E48/><V93/><F105/><W14/><G119/><T25/><D129/><U22/><AGARI ba="0,0" hai="11,13,17,19,22,26,29,31" m="49707,1067" machi="22" ten="40,7800,0" yaku="19,1,34,2" doraHai="89" who="1" fromWho="1" sc="298,-26,314,78,342,-26,46,-26" /><INIT seed="5,1,0,5,1,104" ten="272,392,316,20" oya="1" hai0="24,22,111,62,122,77,1,31,116,112,134,54,128" hai1="20,16,55,59,23,96,84,25,60,86,67,88,78" hai2="57,30,92,79,5,10,68,8,49,80,33,72,50" hai3="124,2,48,43,119,132,100,37,118,85,121,9,29"/><U44/><E78/><V129/><F68/><W73/><G121/><T103/><D77/><U21/><E96/><V40/><F129/><W4/><G124/><T38/><D103/><U107/><E86/><V91/><F40/><W26/><G132/><T27/><D54/><U6/><E107/><V90/><F10/><W58/><G100/><T69/><D62/><U83/><E6/><V46/><F90/><W95/><G48/><AGARI ba="1,0" hai="16,20,21,23,25,44,48,55,59,60,67,83,84,88" machi="48" ten="40,7700,0" yaku="8,1,54,2" doraHai="104" who="1" fromWho="3" sc="272,0,392,80,316,0,20,-80" owari="272,-13.0,472,57.0,316,12.0,-60,-56.0" /></mjloggm>