<mjloggm ver="2.3"><GO type="169" lobby="0"/><UN n0="%E3%81%A8%E3%82%82%E3%81%8D%E3%82%85%E3%82%93%E2%99%AA" n1="%E3%82%8C%E3%81%A3%E3%81%A9%E3%81%82%E3%81%84" n2="%E3%82%A6%E3%83%AB%E3%83%88%E3%83%A9%E7%AB%8B%E7%9B%B4" n3="%E6%81%8B%E6%96%87" dan="16,16,18,16" rate="2077.46,2160.84,2218.39,2201.39" sx="F,M,M,M"/><TAIKYOKU oya="0"/><INIT seed="0,0,0,5,0,91" ten="250,250,250,250" oya="0" hai0="129,7,12,6,26,97,36,113,109,22,67,58,72" hai1="46,71,107,134,127,56,29,74,108,8,128,41,96" hai2="118,73,17,114,68,10,60,11,54,124,27,110,20" hai3="87,38,48,14,130,28,125,37,93,30,77,70,0"/><T101/><D113/><U80/><E56/><V99/><F114/><W61/><G0/><T100/><D72/><U15/><E29/><V75/><F110/><W66/><G130/><T102/><D36/><U57/><E57/><V76/><F124/><W121/><G125/><T39/><D39/><U3/><E15/><V94/><F118/><W65/><G65/><T49/><D129/><U9/><E9/><V5/><F76/><W86/><G121/><T69/><D69/><U78/><E8/><V13/><F11/><W4/><G48/><T47/><D12/><U24/><E24/><V25/><F25/><W32/><G30/><T79/><D79/><N who="1" m="44151" /><E46/><V19/><F19/><W112/><G112/><T21/><D97/><U64/><E64/><V133/><F133/><W111/><G38/><T84/><D84/><U43/><E108/><V42/><F42/><W50/><G37/><T44/><D109/><U53/><E43/><V98/><F98/><W62/><G50/><T115/><D115/><U85/><E96/><V52/><F54/><W34/><G61/><N who="0" m="38327" /><D47/><U51/><E3/><V55/><F55/><W119/><G111/><T122/><D122/><U106/><E53/><V33/><F33/><W88/><G119/><T90/><D90/><U92/><E128/><V126/><F126/><W40/><G40/><N who="0" m="24711" /><D22/><U83/><E127/><V59/><F68/><W95/><G34/><T132/><D132/><U116/><E71/><V135/><F135/><W35/><G32/><T23/><D23/><U103/><E134/><V105/><F105/><W2/><G35/><T131/><D131/><RYUUKYOKU ba="0,0" sc="250,15,250,-15,250,15,250,-15" hai0="6,7,21,26,100,101,102" hai2="5,10,13,17,20,27,52,59,60,73,75,94,99" /><INIT seed="0,1,0,3,2,33" ten="265,235,265,235" oya="0" hai0="39,46,108,81,66,101,17,73,12,63,123,3,49" hai1="127,19,53,86,18,14,110,58,132,90,105,28,27" hai2="48,104,43,100,129,115,22,34,91,130,111,87,64" hai3="15,20,128,118,2,52,124,44,99,83,119,113,37"/><T106/><D123/><U56/><E110/><V84/><F34/><W36/><G118/><T72/><D39/><U78/><E132/><V61/><F115/><W25/><G113/><T30/><D30/><U71/><E71/><V95/><F111/><W79/><G119/><T131/><D131/><U80/><E127/><V5/><F5/><W133/><G2/><T10/><D108/><U88/><E105/><V4/><F4/><W23/><G37/><T93/><D106/><U65/><E65/><V55/><F43/><W76/><G36/><T51/><D51/><U126/><E126/><V29/><F87/><W8/><G124/><T75/><D81/><U89/><E14/><V45/><F100/><W54/><G128/><N who="2" m="49257" /><F104/><W97/><G133/><T96/><D3/><U92/><E92/><V116/><F116/><W7/><G23/><T35/><D35/><U57/><REACH who="1" step="1"/><E53/><REACH who="1" ten="265,225,265,235" step="2"/><V9/><F64/><W121/><G54/><T60/><REACH who="0" step="1"/><D66/><REACH who="0" ten="255,225,265,235" step="2"/><U32/><AGARI ba="1,2" hai="18,19,27,28,32,56,57,58,78,80,86,88,89,90" machi="32" ten="30,12000,2" yaku="1,1,2,1,0,1,54,1,53,2" doraHai="33" doraHaiUra="13" who="1" fromWho="1" sc="255,-61,225,143,265,-31,235,-31" /><INIT seed="1,0,0,4,5,59" ten="194,368,234,204" oya="1" hai0="19,27,40,75,83,36,111,9,24,81,79,113,65" hai1="37,69,106,95,102,135,123,116,13,14,64,38,47" hai2="74,0,72,60,98,121,42,68,93,53,71,1,57" hai3="16,124,96,61,94,128,99,34,54,30,63,85,5"/><U32/><E32/><V18/><F121/><W4/><G128/><T10/><D113/><U134/><E116/><V107/><F107/><W109/><G109/><T3/><D111/><U100/><E123/><V125/><F125/><W91/><G124/><T76/><D10/><U117/><E117/><V130/><F130/><W104/><G34/><T82/><D65/><U133/><E106/><V77/><F42/><W132/><G30/><T20/><D27/><U126/><E126/><V12/><F1/><W112/><G112/><T7/><REACH who="0" step="1"/><D76/><REACH who="0" ten="184,368,234,204" step="2"/><U50/><E64/><V46/><F77/><W129/><G129/><T120/><D120/><U21/><E135/><V78/><F78/><W6/><G132/><T2/><D2/><U101/><E134/><V33/><F0/><W17/><G104/><T51/><D51/><U31/><E50/><V11/><F33/><W29/><G29/><T43/><D43/><U122/><E31/><V110/><F110/><W89/><G54/><T23/><D23/><U35/><E21/><V39/><F39/><W52/><G52/><T73/><D73/><U87/><E35/><V25/><F25/><W105/><G105/><T70/><D70/><U44/><E69/><V8/><F8/><W49/><G49/><T131/><D131/><U62/><E122/><V58/><F68/><W115/><G115/><T88/><D88/><N who="1" m="53663" /><E38/><V45/><F71/><W67/><G67/><T84/><D84/><U90/><E37/><V48/><F74/><W26/><G26/><T56/><D56/><U119/><E133/><V22/><F72/><W66/><G66/><RYUUKYOKU ba="0,1" sc="184,30,368,-10,234,-10,204,-10" hai0="3,7,9,19,20,24,36,40,75,79,81,82,83" /><INIT seed="2,1,1,1,3,0" ten="214,358,224,194" oya="2" hai0="10,41,80,135,61,104,9,56,12,14,76,2,93" hai1="13,62,17,118,100,21,15,19,108,133,7,119,39" hai2="79,131,42,8,69,81,38,31,34,90,114,75,32" hai3="72,96,48,37,132,122,26,103,46,78,130,16,64"/><V84/><F114/><W71/><G122/><T70/><D104/><U55/><E39/><V47/><F69/><W97/><G37/><T44/><D70/><U40/><E40/><V28/><F131/><W113/><G130/><T102/><D135/><U92/><E133/><V91/><F31/><W112/><G132/><T107/><D107/><U43/><E43/><V73/><F28/><W99/><G78/><T129/><D129/><U105/><E105/><V124/><F124/><W52/><G72/><T94/><D102/><U33/><E33/><V88/><REACH who="2" step="1"/><F8/><REACH who="2" ten="214,358,214,194" step="2"/><W98/><G113/><T63/><D10/><N who="1" m="4319" /><E119/><V83/><F83/><W27/><G112/><T30/><D30/><U49/><E118/><V126/><F126/><W115/><G115/><T35/><D9/><U51/><E21/><V77/><F77/><W123/><G123/><T3/><D35/><AGARI ba="1,2" hai="32,34,35,38,42,47,73,75,79,81,84,88,90,91" machi="35" ten="40,3900,0" yaku="1,1,54,1,53,0" doraHai="0" doraHaiUra="95" who="2" fromWho="0" sc="214,-42,358,0,214,62,194,0" /><INIT seed="2,2,0,2,0,28" ten="172,358,276,194" oya="2" hai0="63,101,0,99,56,22,42,79,119,10,37,2,129" hai1="111,7,4,53,40,91,109,128,67,95,8,135,112" hai2="127,74,87,21,14,46,66,113,35,68,131,38,70" hai3="52,103,120,89,88,123,121,23,15,84,33,72,105"/><V102/><F74/><W115/><G72/><T78/><D119/><U62/><E112/><V6/><F113/><W100/><G23/><T83/><D129/><U59/><E128/><V118/><F118/><W125/><G15/><T92/><D37/><U110/><E135/><V126/><F131/><W73/><G73/><T55/><D42/><U9/><E40/><N who="2" m="22807" /><F102/><W13/><G13/><T36/><D36/><U117/><E117/><V107/><F107/><W122/><G115/><T18/><D10/><N who="1" m="4203" /><E53/><V124/><F87/><AGARI ba="2,0" hai="4,7,59,62,67,87,91,95,109,110,111" m="4203" machi="87" ten="30,1000,0" yaku="14,1" doraHai="28" who="1" fromWho="2" sc="172,0,358,16,276,-16,194,0" /><INIT seed="3,0,0,3,3,112" ten="172,374,260,194" oya="3" hai0="82,98,57,94,15,120,126,52,72,70,21,35,58" hai1="109,49,118,26,28,81,7,122,129,4,121,8,79" hai2="106,97,20,30,37,101,64,29,104,76,90,135,48" hai3="9,5,54,46,105,18,25,11,80,92,117,73,77"/><W111/><G117/><T10/><D70/><U39/><E39/><V110/><F37/><W36/><G105/><T116/><D35/><U69/><E69/><V63/><F110/><W113/><G113/><T74/><D120/><U44/><E109/><V107/><F135/><W33/><G111/><T78/><D126/><U19/><E129/><V40/><F76/><W132/><G132/><T91/><D72/><U86/><E118/><V55/><F90/><W60/><G92/><T6/><D116/><U133/><E19/><V108/><F40/><W23/><G33/><T62/><D57/><U93/><E93/><V59/><F108/><W38/><G11/><T119/><D119/><U12/><E4/><V2/><F2/><W85/><G73/><T16/><REACH who="0" step="1"/><D6/><REACH who="0" ten="162,374,260,194" step="2"/><U0/><E133/><V123/><F123/><W61/><G46/><T102/><D102/><U128/><E122/><V32/><F32/><W47/><G47/><T124/><D124/><U51/><E7/><V50/><F59/><W130/><G130/><T88/><D88/><U43/><E128/><V100/><F100/><W89/><G89/><T14/><D14/><U67/><E12/><V95/><F101/><W24/><G24/><T87/><D87/><U42/><E86/><V45/><F45/><W127/><G127/><T103/><D103/><U99/><E44/><V134/><F107/><W84/><G38/><T71/><D71/><U34/><E26/><V115/><F106/><W13/><G36/><T1/><D1/><U83/><E34/><V125/><F104/><W75/><G54/><T22/><AGARI ba="0,1" hai="10,15,16,21,22,52,58,62,74,78,82,91,94,98" machi="22" ten="30,8000,1" yaku="1,1,5,1,0,1,54,2,53,0" doraHai="112" doraHaiUra="31" who="0" fromWho="0" sc="162,90,374,-20,260,-20,194,-40" /><INIT seed="4,0,0,1,0,15" ten="252,354,240,154" oya="0" hai0="89,59,1,105,113,37,14,57,17,49,16,39,70" hai1="115,99,43,84,8,82,41,47,24,108,72,69,63" hai2="94,5,60,80,75,112,78,33,18,66,101,92,38" hai3="58,35,22,36,131,31,0,6,55,51,126,79,13"/><T123/><D1/><U3/><E108/><V25/><F38/><W118/><G118/><T96/><D70/><U116/><E72/><V102/><F5/><W93/><G36/><T86/><D123/><U44/><E99/><V26/><F112/><W119/><G119/><T4/><D39/><U11/><E24/><V106/><F26/><W71/><G71/><T73/><D37/><U87/><E82/><V19/><F94/><W52/><G131/><T117/><D73/><U76/><E76/><V34/><F92/><W111/><G126/><T120/><D117/><U128/><E63/><V9/><F9/><W127/><G127/><T20/><D4/><U53/><E53/><V109/><F102/><W122/><G111/><T74/><D74/><U30/><E128/><V90/><F90/><W130/><G130/><T103/><D113/><U124/><E30/><N who="2" m="19663" /><F34/><W110/><G110/><T77/><D77/><U114/><E124/><V133/><F133/><W12/><G35/><T46/><D17/><U107/><E107/><V21/><F21/><W48/><G122/><T62/><D62/><U65/><E3/><V50/><F50/><W100/><G79/><T95/><REACH who="0" step="1"/><D120/><REACH who="0" ten="242,354,240,154" step="2"/><U42/><E116/><V68/><F109/><W27/><G0/><T81/><D81/><U125/><E125/><V85/><F75/><W91/><G6/><T98/><D98/><AGARI ba="0,1" hai="18,19,60,66,68,78,80,85,98,101,106" m="19663" machi="98" ten="30,3900,0" yaku="25,1,52,2" doraHai="15" who="2" fromWho="0" sc="242,-39,354,0,240,49,154,0" /><INIT seed="5,0,0,4,5,79" ten="203,354,289,154" oya="1" hai0="9,134,33,98,40,128,12,32,58,64,105,30,46" hai1="81,80,3,121,120,99,66,7,5,78,42,118,16" hai2="89,82,26,97,59,44,2,93,126,129,18,73,111" hai3="10,85,119,34,68,88,116,29,123,14,67,24,36"/><U31/><E118/><N who="3" m="45098" /><G123/><T106/><D128/><U62/><E42/><V23/><F2/><W48/><G48/><T1/><D1/><U96/><E31/><V74/><F111/><W135/><G36/><T25/><D33/><U21/><E3/><V0/><F0/><W45/><G45/><T6/><D134/><U60/><E21/><V122/><F122/><W47/><G47/><T83/><D98/><U124/><E124/><V113/><F126/><W56/><G135/><T109/><D109/><U63/><E78/><V91/><F44/><W20/><G56/><T22/><D32/><U112/><E63/><V103/><F129/><W19/><G67/><T86/><D58/><U84/><E84/><V13/><F59/><W71/><G34/><T76/><REACH who="0" step="1"/><D64/><REACH who="0" ten="193,354,289,154" step="2"/><U8/><E66/><V95/><F97/><W133/><G133/><T43/><D43/><U52/><E99/><V41/><F41/><W108/><G108/><T61/><D61/><U50/><E96/><V35/><F35/><W72/><G72/><T49/><AGARI ba="0,1" hai="6,9,12,22,25,30,40,46,49,76,83,86,105,106" machi="49" ten="20,12000,2" yaku="1,1,0,1,7,1,25,2,52,1,53,0" doraHai="79" doraHaiUra="104" who="0" fromWho="0" sc="193,130,354,-60,289,-30,154,-30" /><INIT seed="6,0,0,4,1,134" ten="323,294,259,124" oya="2" hai0="1,108,18,78,34,12,130,106,42,10,31,82,111" hai1="87,56,35,64,33,71,62,21,51,86,17,121,27" hai2="110,72,127,8,102,5,28,25,74,37,43,98,41" hai3="120,50,67,63,0,109,53,93,76,70,100,73,97"/><V49/><F49/><W57/><G120/><T99/><D130/><U45/><E121/><V4/><F4/><W9/><G109/><T61/><D42/><U84/><REACH who="1" step="1"/><E71/><REACH who="1" ten="323,284,259,124" step="2"/><V66/><F110/><W105/><G70/><T85/><D108/><U7/><E7/><V132/><F132/><W52/><G50/><T104/><D111/><U36/><E36/><V14/><F37/><W115/><G115/><T55/><D1/><U81/><E81/><V68/><F5/><W122/><G122/><T126/><D82/><U24/><E24/><V58/><F25/><W118/><G0/><T77/><D77/><U30/><E30/><V91/><F28/><W119/><G76/><T40/><D78/><U59/><E59/><V47/><F58/><W129/><G129/><T38/><D31/><U3/><E3/><V101/><F68/><W75/><G75/><T46/><D38/><U128/><E128/><V19/><F74/><W88/><G73/><T16/><D18/><U112/><E112/><V95/><F72/><W65/><G119/><T131/><D16/><U60/><E60/><V89/><F19/><W103/><G118/><T54/><D61/><U80/><E80/><V92/><F14/><W23/><G63/><T117/><D12/><U20/><E20/><V116/><F116/><W39/><G57/><T2/><D117/><U107/><E107/><V135/><F135/><W6/><G105/><T22/><D106/><U48/><E48/><V96/><F8/><W114/><G23/><T44/><D22/><U113/><E113/><V32/><F32/><W94/><G114/><RYUUKYOKU ba="0,1" sc="323,-10,284,30,259,-10,124,-10" hai1="17,21,27,33,35,45,51,56,62,64,84,86,87" /><INIT seed="7,1,1,2,1,65" ten="313,314,249,114" oya="3" hai0="63,27,117,78,79,45,110,48,107,109,52,43,24" hai1="81,119,31,80,135,87,73,41,77,113,108,94,44" hai2="32,76,70,49,120,17,104,13,28,91,14,103,0" hai3="34,57,74,98,19,89,126,29,101,15,36,133,85"/><W118/><G118/><T5/><D107/><U8/><E108/><V95/><F0/><W47/><G74/><T9/><D117/><U105/><E105/><V54/><F76/><N who="0" m="29226" /><D110/><U125/><E31/><V3/><F3/><W131/><G126/><T99/><D109/><U59/><E135/><V116/><F116/><W16/><G133/><T90/><D5/><U35/><E59/><V11/><F103/><W82/><G131/><T50/><D63/><U10/><E35/><V128/><F104/><W56/><G34/><T51/><D9/><U38/><E94/><V53/><F28/><W46/><G29/><T55/><D43/><U132/><E132/><V66/><F32/><W88/><G101/><T25/><D55/><U21/><E21/><V2/><F2/><W92/><G19/><T124/><D124/><U127/><E8/><V39/><F39/><W4/><G4/><T130/><D130/><U114/><E10/><V6/><F128/><W60/><G36/><T71/><D71/><U106/><E106/><V23/><F120/><W68/><G68/><T12/><D12/><U100/><E100/><V75/><F75/><W72/><G72/><T64/><D64/><U22/><E22/><V67/><F70/><W102/><G102/><T123/><D123/><U20/><E20/><V30/><F30/><W86/><G98/><T26/><D26/><U111/><E111/><V40/><F67/><N who="3" m="39303" /><G57/><T122/><D122/><U112/><E119/><V61/><F66/><W69/><G69/><T115/><D115/><U121/><E121/><V42/><F17/><W84/><G84/><RYUUKYOKU ba="1,1" sc="313,10,314,10,249,-30,114,10" hai0="24,25,27,45,48,50,51,52,90,99" hai1="38,41,44,73,77,80,81,87,112,113,114,125,127" hai3="15,16,46,47,82,85,86,88,89,92" /><INIT seed="7,2,1,3,5,118" ten="323,324,219,124" oya="3" hai0="91,76,59,32,4,19,112,46,119,64,37,51,52" hai1="71,29,41,93,34,10,110,132,28,23,75,45,11" hai2="61,127,103,72,94,33,43,60,90,78,40,12,13" hai3="48,49,36,97,82,124,104,15,117,96,7,38,129"/><W84/><G117/><T1/><D119/><U77/><E110/><V2/><F2/><W108/><G108/><T68/><D32/><U27/><E71/><V6/><F33/><W0/><G0/><T31/><D31/><U66/><E132/><V122/><F103/><W79/><G38/><T92/><D76/><U22/><E66/><V121/><F127/><W131/><G124/><T73/><D73/><U134/><E134/><V105/><F105/><W113/><G36/><T62/><D19/><U126/><E23/><V100/><F100/><W55/><G113/><T57/><D112/><U30/><E93/><V17/><F6/><W74/><G74/><T21/><D21/><U25/><E30/><V44/><F78/><W87/><G87/><T20/><D20/><U123/><E126/><V16/><F72/><W63/><G63/><T14/><D1/><U83/><E123/><N who="2" m="47115" /><F13/><W135/><G135/><T8/><D37/><AGARI ba="2,1" hai="10,11,22,25,27,28,29,34,37,41,45,75,77,83" machi="37" ten="30,1000,0" yaku="7,1" doraHai="118" who="1" fromWho="0" sc="323,-16,324,26,219,0,124,0" owari="307,11.0,350,45.0,219,-18.0,124,-38.0" /></mjloggm>