<mjloggm ver="2.3"><GO type="233" lobby="0"/><UN n0="%E6%A3%AE%E5%AE%AE%E8%92%BC%E4%B9%83" n1="%E6%9E%9D%E8%B1%86%E3%82%AB%E3%83%AC%E3%83%BC%E7%94%98%E5%8F%A3" n2="%E5%B9%B3%E4%BA%95%E9%8A%80%E4%BA%8C" n3="%E3%82%A6%E3%83%AB%E3%83%88%E3%83%A9%E7%AB%8B%E7%9B%B4" dan="16,16,18,18" rate="2046.49,2084.20,2203.83,2222.03" sx="F,F,M,M"/><TAIKYOKU oya="0"/><INIT seed="0,0,0,1,2,4" ten="250,250,250,250" oya="0" hai0="72,80,43,25,85,41,36,27,125,10,0,60,7" hai1="130,82,98,22,64,35,89,113,118,78,100,124,84" hai2="79,59,18,117,97,105,26,123,71,101,19,39,46" hai3="107,69,32,112,28,1,135,21,30,96,67,114,103"/><T131/><D131/><U37/><E118/><V91/><F71/><W9/><G21/><T40/><D36/><U56/><E130/><V83/><F123/><W133/><G30/><T129/><D129/><U55/><E35/><V51/><F39/><W66/><G66/><T49/><D72/><U12/><E124/><V61/><F91/><W52/><G52/><T50/><D60/><U132/><E132/><N who="3" m="50762" /><G28/><T88/><REACH who="0" step="1"/><D125/><REACH who="0" ten="240,250,250,250" step="2"/><U81/><E113/><V3/><F61/><N who="3" m="40175" /><G32/><T127/><D127/><U23/><E37/><V104/><F117/><W57/><G57/><T14/><D14/><U29/><E64/><V31/><F59/><W45/><G45/><T65/><D65/><U110/><E12/><V63/><F63/><W134/><G134/><T122/><D122/><U5/><E29/><V48/><F46/><W106/><G106/><T108/><D108/><U109/><E109/><V44/><F44/><W13/><G1/><T75/><D75/><U2/><E110/><V87/><F104/><W70/><G70/><T73/><D73/><U111/><E111/><V115/><F3/><W62/><G62/><T42/><N who="0" m="10240" /><DORA hai="6" /><T24/><AGARI ba="0,1" hai="0,7,10,24,25,27,49,50,80,85,88" m="10240" machi="24" ten="50,18000,2" yaku="1,1,4,1,0,1,52,2,54,1,53,0" doraHai="4,6" doraHaiUra="94,17" who="0" fromWho="0" sc="240,190,250,-60,250,-60,250,-60" /><INIT seed="0,1,0,1,1,74" ten="430,190,190,190" oya="0" hai0="44,48,11,5,18,114,43,9,70,115,46,41,103" hai1="31,57,12,125,132,58,42,25,49,79,122,40,59" hai2="97,98,69,36,20,66,83,7,128,120,47,54,86" hai3="106,2,52,108,105,126,37,56,16,80,23,67,87"/><T96/><D70/><U3/><E3/><V27/><F120/><W91/><G2/><T112/><D18/><U45/><E122/><V102/><F128/><W62/><G126/><T28/><D28/><U92/><E125/><V85/><F7/><W30/><G108/><T135/><D135/><U81/><E132/><V104/><F98/><W116/><G116/><T1/><D9/><U39/><E92/><V73/><F73/><W71/><G37/><T90/><D90/><U15/><E42/><V0/><F0/><W134/><G30/><T21/><D21/><U8/><E8/><V29/><F83/><W17/><G17/><T129/><D129/><U13/><E39/><V55/><F55/><W60/><REACH who="3" step="1"/><G134/><REACH who="3" ten="430,190,190,180" step="2"/><T34/><D115/><U117/><E117/><V109/><F36/><W50/><G50/><T72/><D114/><U127/><E127/><V35/><F29/><W77/><G77/><T100/><D112/><U26/><REACH who="1" step="1"/><E31/><REACH who="1" ten="430,180,190,180" step="2"/><V119/><F119/><W130/><G130/><T94/><D34/><U82/><E82/><V88/><F35/><W124/><G124/><T113/><D113/><U75/><AGARI ba="1,2" hai="12,13,15,25,26,40,45,49,57,58,59,75,79,81" machi="75" ten="30,4000,0" yaku="1,1,0,1,52,1,53,0" doraHai="74" doraHaiUra="110" who="1" fromWho="1" sc="430,-21,180,63,190,-11,180,-11" /><INIT seed="1,0,0,0,0,41" ten="409,243,179,169" oya="1" hai0="67,69,76,3,117,23,25,132,104,115,116,47,36" hai1="98,82,24,110,97,129,0,15,95,53,18,105,61" hai2="20,79,40,38,2,101,114,135,12,50,62,59,73" hai3="45,131,112,51,21,16,55,46,81,17,27,92,8"/><U70/><E0/><V48/><F2/><W125/><G112/><T58/><D69/><U111/><E129/><V121/><F121/><W124/><G131/><T100/><D3/><U127/><E127/><N who="3" m="48714" /><G92/><T37/><D115/><U28/><E82/><V7/><F114/><W130/><G130/><T89/><D76/><U34/><E95/><V123/><F123/><W118/><G118/><T56/><D104/><U6/><E6/><V10/><F135/><W13/><G81/><T126/><D126/><U35/><E35/><V65/><F101/><W14/><G14/><T74/><D100/><N who="1" m="62607" /><E98/><V108/><F108/><N who="1" m="41513" /><E70/><V128/><F128/><W96/><G96/><T109/><D109/><U22/><E61/><V106/><F106/><W60/><G60/><T68/><D68/><U134/><E53/><V94/><F94/><W107/><G107/><T33/><D116/><U1/><E1/><V90/><F90/><W4/><G4/><T63/><D89/><U78/><E78/><V119/><F119/><W30/><G30/><T32/><D117/><U113/><E113/><V80/><REACH who="2" step="1"/><F20/><REACH who="2" ten="409,243,169,169" step="2"/><W87/><G87/><T86/><D86/><U42/><E134/><V83/><F83/><W72/><G72/><T19/><D74/><U88/><E88/><V93/><F93/><W84/><G84/><T57/><D132/><U9/><E22/><V99/><F99/><W49/><G49/><T91/><D91/><U66/><E66/><V11/><F11/><W122/><G122/><T43/><D36/><U102/><E102/><V52/><F52/><W5/><G5/><T29/><D33/><RYUUKYOKU ba="0,1" sc="409,0,243,0,169,0,169,0" hai0="19,23,25,29,32,37,43,47,56,57,58,63,67" hai1="9,15,18,24,28,34,42" hai2="7,10,12,38,40,48,50,59,62,65,73,79,80" hai3="8,13,16,17,21,27,45,46,51,55" /><INIT seed="1,1,1,3,5,38" ten="409,243,169,169" oya="1" hai0="66,32,8,117,4,135,93,27,86,134,0,42,85" hai1="82,26,52,112,24,115,72,130,95,47,35,67,122" hai2="15,2,41,68,31,84,116,88,37,76,62,118,34" hai3="21,111,59,125,74,63,11,53,7,110,22,75,30"/><U25/><E122/><V13/><F2/><W65/><G53/><T18/><D66/><U100/><E35/><V9/><F76/><W80/><G125/><T102/><D42/><U119/><E119/><V43/><F37/><W79/><G75/><T91/><D102/><U109/><E67/><V51/><F13/><W103/><G103/><T105/><D105/><U58/><E47/><V61/><F61/><W83/><G83/><T107/><D107/><U90/><E100/><V46/><F43/><W81/><G81/><T124/><D124/><U56/><E56/><V40/><F40/><W121/><G121/><T92/><D117/><U69/><E69/><V127/><F127/><W106/><G106/><T126/><D126/><U70/><E70/><V10/><F10/><W60/><G60/><T3/><D3/><U77/><E130/><V50/><F50/><W33/><G33/><T23/><D32/><U123/><E123/><V71/><F71/><W114/><G114/><T64/><D64/><U57/><E57/><V6/><F62/><W94/><G94/><T101/><D101/><U54/><E109/><N who="3" m="41482" /><G30/><T129/><D129/><U29/><E29/><V113/><F113/><W132/><G132/><N who="0" m="50731" /><D93/><U131/><E131/><V48/><F48/><W87/><G74/><T96/><AGARI ba="1,1" hai="0,4,8,18,23,27,85,86,91,92,96" m="50731" machi="96" ten="30,1100,0" yaku="20,1" doraHai="38" who="0" fromWho="0" sc="409,24,243,-6,169,-4,169,-4" /><INIT seed="2,0,0,2,0,33" ten="433,237,165,165" oya="2" hai0="2,76,21,53,64,133,44,77,17,28,121,18,3" hai1="41,98,30,117,70,119,52,128,39,130,84,120,46" hai2="37,118,97,35,83,67,20,88,111,113,55,0,80" hai3="87,116,19,51,99,82,29,9,24,1,10,125,13"/><V103/><F35/><W14/><G116/><T63/><D121/><U124/><E30/><V79/><F118/><N who="1" m="45065" /><E84/><V4/><F113/><W123/><G123/><T92/><D28/><U7/><E7/><V94/><F111/><W56/><G99/><T43/><D53/><U60/><E98/><V89/><F37/><W132/><G132/><T50/><D18/><U135/><E120/><V85/><F67/><W15/><G125/><T45/><D45/><U65/><E135/><V40/><F40/><W134/><G134/><T23/><D23/><U95/><E95/><V114/><F114/><W72/><G72/><T127/><D127/><U66/><E66/><V31/><F80/><W74/><G74/><T115/><D115/><U34/><E34/><V36/><F31/><W8/><G1/><T93/><D3/><U112/><E112/><V81/><F20/><W16/><G29/><T59/><D2/><U126/><E52/><V105/><F55/><N who="3" m="31871" /><G24/><N who="0" m="14383" /><D133/><U90/><E90/><AGARI ba="0,0" hai="8,9,10,13,14,15,16,19,82,87,90" m="31871" machi="90" ten="30,2000,0" yaku="8,1,54,1" doraHai="33" who="3" fromWho="1" sc="433,0,237,-20,165,0,165,20" /><INIT seed="3,0,0,3,4,91" ten="433,217,165,185" oya="3" hai0="30,49,53,99,2,21,29,36,130,77,122,107,72" hai1="113,74,41,93,109,57,32,37,131,0,33,119,82" hai2="44,50,47,8,66,17,67,79,105,61,26,24,101" hai3="104,56,73,40,103,108,124,18,7,6,76,1,71"/><W112/><G71/><T38/><D2/><U54/><E57/><V129/><F129/><W68/><G68/><T70/><D70/><U31/><E82/><V22/><F79/><W58/><G112/><T25/><D122/><U126/><E31/><V62/><F8/><W128/><G128/><T125/><D125/><U15/><E15/><V35/><F105/><W111/><G40/><T100/><D130/><U80/><E80/><V102/><F22/><W89/><G76/><T20/><D72/><U46/><E46/><V52/><F17/><W11/><G73/><T27/><REACH who="0" step="1"/><D77/><REACH who="0" ten="423,217,165,185" step="2"/><U48/><E0/><V118/><F118/><W9/><G124/><T120/><D120/><U132/><E74/><V43/><F43/><W98/><G89/><T5/><D5/><U96/><E41/><V81/><F101/><W42/><G42/><T13/><D13/><U16/><E119/><V95/><F102/><W51/><G7/><T94/><D94/><U133/><E93/><V123/><F95/><W110/><G51/><T12/><D12/><AGARI ba="0,1" hai="1,6,9,11,12,18,56,58,98,103,104,108,110,111" machi="12" ten="40,3900,0" yaku="14,1,10,1" doraHai="91" who="3" fromWho="0" sc="423,-39,217,0,165,0,185,49" /><INIT seed="3,1,0,4,3,117" ten="384,217,165,234" oya="3" hai0="37,115,109,15,40,85,46,14,108,8,90,84,38" hai1="128,66,12,79,52,130,22,43,71,134,47,127,131" hai2="59,104,41,1,100,120,19,118,5,107,13,123,101" hai3="67,89,62,42,65,50,126,75,0,119,88,55,11"/><W87/><G75/><T2/><D115/><U121/><E121/><N who="2" m="46667" /><F118/><W105/><G105/><N who="2" m="40521" /><F41/><W116/><G126/><T16/><D2/><U97/><E127/><V44/><F44/><W39/><G42/><T3/><D3/><U129/><E129/><V57/><F5/><W29/><G39/><N who="0" m="21791" /><D90/><U30/><E43/><V114/><F1/><W61/><G0/><T110/><D15/><U6/><E6/><V76/><F76/><W35/><G119/><T96/><D96/><U17/><E79/><V98/><F114/><W112/><G112/><T82/><D82/><U72/><E47/><V54/><F98/><W111/><G116/><T68/><D68/><U31/><E97/><V53/><F57/><W132/><G111/><T27/><D38/><U122/><E122/><V25/><F25/><W86/><G132/><T95/><D37/><U83/><E134/><V64/><F64/><W69/><G67/><T33/><D27/><U7/><E7/><V125/><F125/><W92/><G65/><T113/><D113/><U32/><E66/><V60/><F54/><W28/><G55/><T93/><D33/><U18/><E52/><V78/><F78/><W73/><G35/><T51/><D51/><U91/><E32/><V36/><F36/><W10/><G50/><T58/><D58/><U48/><E48/><V56/><F59/><W124/><G124/><T77/><D77/><U24/><E128/><V102/><F102/><W106/><G73/><T81/><D84/><U21/><E130/><V80/><F80/><W63/><G69/><T74/><D74/><U133/><E72/><RYUUKYOKU ba="1,0" sc="384,15,217,-15,165,15,234,-15" hai0="8,14,16,81,85,93,95,108,109,110" hai2="13,19,53,56,60,100,101" /><INIT seed="4,2,0,0,3,55" ten="399,202,180,219" oya="0" hai0="45,24,71,19,74,84,26,66,56,47,63,113,16" hai1="70,15,20,44,5,48,81,2,73,86,119,87,14" hai2="39,68,130,124,0,88,98,118,85,121,1,53,22" hai3="31,131,76,120,38,134,79,111,108,96,23,109,29"/><T11/><D74/><U3/><E70/><V94/><F121/><W35/><G38/><T40/><D71/><U25/><E119/><V61/><F118/><W7/><G35/><T18/><D11/><U106/><E106/><V9/><F39/><W77/><G120/><T69/><D69/><U107/><E107/><V93/><F130/><W126/><G131/><T80/><D113/><U101/><E101/><V21/><F124/><W62/><G126/><T13/><D13/><U60/><E60/><V90/><F9/><W103/><G134/><T43/><D45/><U78/><E86/><V82/><F82/><W105/><G7/><T12/><D12/><U51/><E51/><V91/><F91/><W6/><G6/><T33/><D33/><U83/><E15/><V64/><REACH who="2" step="1"/><F53/><REACH who="2" ten="399,202,170,219" step="2"/><W10/><G10/><T34/><D80/><U30/><E81/><V37/><F37/><W112/><G112/><T100/><D40/><N who="1" m="24583" /><E73/><V75/><F75/><W72/><G72/><T123/><D43/><U117/><E117/><V97/><F97/><W95/><G109/><T54/><D123/><U102/><E102/><V42/><F42/><W58/><G111/><T89/><D100/><U49/><E2/><AGARI ba="2,1" hai="0,1,2,21,22,61,64,68,85,88,90,93,94,98" machi="2" ten="40,2600,0" yaku="1,1,54,1,53,0" doraHai="55" doraHaiUra="41" who="2" fromWho="1" sc="399,0,202,-32,170,42,219,0" /><INIT seed="5,0,0,4,0,38" ten="399,170,212,219" oya="1" hai0="20,135,13,27,41,78,59,28,17,94,104,1,21" hai1="85,15,39,68,127,101,100,74,75,112,86,54,35" hai2="64,131,98,57,60,123,95,118,5,108,116,93,73" hai3="7,109,29,91,129,114,24,81,106,47,71,111,107"/><U10/><E112/><V90/><F108/><W22/><G71/><T92/><D104/><U103/><E127/><V40/><F123/><W61/><G114/><T62/><D1/><U124/><E124/><V52/><F73/><W119/><G7/><T122/><D135/><U82/><E35/><V87/><F131/><W58/><G129/><T12/><D78/><U132/><E132/><V76/><F76/><W130/><G130/><T125/><D122/><U126/><E126/><V25/><F5/><W128/><G128/><T53/><D125/><U45/><E68/><V46/><F25/><W80/><G80/><T34/><D41/><U96/><E96/><V63/><F63/><W110/><G119/><T99/><D99/><U69/><E69/><V18/><F18/><AGARI ba="0,0" hai="12,13,17,18,20,21,27,28,34,53,59,62,92,94" machi="18" ten="40,1300,0" yaku="9,1" doraHai="38" who="0" fromWho="2" sc="399,13,170,0,212,-13,219,0" /><INIT seed="6,0,0,0,1,67" ten="412,170,199,219" oya="2" hai0="118,111,132,84,29,94,116,105,65,72,26,109,96" hai1="56,20,73,35,42,31,17,48,59,100,24,27,130" hai2="62,103,81,34,135,25,108,52,90,134,5,92,15" hai3="95,119,70,36,38,87,50,114,54,78,115,79,0"/><V9/><F108/><W49/><G0/><T102/><D65/><U66/><E130/><V129/><F129/><W46/><G70/><T53/><D53/><U107/><E73/><V1/><F103/><W91/><G50/><T39/><D39/><U8/><E100/><V2/><F81/><W86/><G119/><N who="0" m="45611" /><D72/><U16/><E107/><V117/><F117/><W99/><G87/><T43/><D43/><U85/><E85/><V19/><F34/><W101/><G79/><T80/><D105/><U128/><E128/><V93/><F25/><W33/><G78/><N who="0" m="46103" /><D132/><N who="2" m="50730" /><F90/><W30/><G30/><T120/><D120/><U47/><E66/><V32/><F32/><AGARI ba="0,0" hai="26,29,32,94,96,102,109,111" m="46103,45611" machi="32" ten="30,1000,0" yaku="12,1" doraHai="67" who="0" fromWho="2" sc="412,10,170,0,199,-10,219,0" /><INIT seed="7,0,0,2,2,38" ten="422,170,189,219" oya="3" hai0="126,45,134,80,115,133,95,20,129,5,46,54,11" hai1="125,122,102,73,110,37,56,57,117,71,94,100,47" hai2="101,112,132,90,65,29,52,32,26,35,42,58,28" hai3="105,84,7,111,120,55,18,103,97,0,13,78,49"/><W69/><G69/><T109/><D109/><U121/><E73/><V22/><F112/><W1/><G7/><T106/><D106/><U135/><E71/><V43/><F132/><N who="0" m="50794" /><D115/><U76/><E135/><V62/><F101/><W40/><G55/><T79/><D129/><U23/><E110/><V67/><F90/><W75/><G84/><N who="0" m="48159" /><D126/><U107/><E107/><V72/><F72/><W66/><G66/><T92/><D20/><U10/><E10/><V104/><F104/><W14/><G14/><N who="0" m="5487" /><D45/><U16/><E125/><V39/><F22/><W81/><G120/><T124/><D124/><U89/><E117/><V19/><F19/><W15/><G18/><T119/><D119/><U31/><E76/><V113/><F113/><W34/><G0/><T131/><D131/><U59/><E31/><V83/><F83/><W53/><G81/><T21/><D21/><U98/><E121/><V12/><F12/><W93/><G78/><T68/><D68/><U123/><E123/><V9/><F9/><W8/><G15/><T108/><D108/><U99/><E122/><V27/><F65/><W118/><G8/><T6/><D6/><U24/><E99/><V116/><F116/><W17/><G97/><T87/><D87/><U85/><E98/><V70/><F39/><W3/><G75/><T91/><D91/><U60/><E60/><AGARI ba="0,0" hai="26,27,28,29,32,35,42,43,52,58,60,62,67,70" machi="60" ten="30,8000,1" yaku="7,1,9,1,52,2,54,1" doraHai="38" who="2" fromWho="1" sc="422,0,170,-80,189,80,219,0" owari="422,52.0,90,-41.0,269,7.0,219,-18.0" /></mjloggm>