<mjloggm ver="2.3"><GO type="169" lobby="0"/><UN n0="%3D%4A%61%6D" n1="%E3%81%9F%E3%81%A4%E3%81%8D%E3%82%80%E3%81%A8%E3%82%93" n2="%E3%82%A6%E3%83%AB%E3%83%88%E3%83%A9%E7%AB%8B%E7%9B%B4" n3="%E6%97%85%E4%BA%BA%E3%81%A1%E3%82%88%E3%81%99%E3%81%91" dan="17,16,17,17" rate="2191.41,2123.97,2134.94,2279.36" sx="M,M,M,M"/><TAIKYOKU oya="0"/><INIT seed="0,0,0,3,3,29" ten="250,250,250,250" oya="0" hai0="115,90,114,33,59,116,85,99,18,103,15,111,128" hai1="117,20,83,58,108,6,8,118,10,135,124,125,119" hai2="133,82,63,23,113,84,19,72,43,69,9,61,66" hai3="38,64,51,41,27,104,109,100,91,89,87,17,79"/><T134/><D116/><U122/><E83/><V1/><F72/><W67/><G38/><T98/><D134/><U70/><E70/><V60/><F133/><W7/><G109/><T21/><D128/><U88/><E88/><V92/><F92/><W34/><G79/><T96/><D111/><U53/><E122/><V0/><F43/><W28/><G89/><T32/><D59/><U48/><E135/><V120/><F120/><W75/><G75/><T11/><D21/><U49/><E108/><V40/><F40/><W16/><G7/><T30/><D30/><U123/><E123/><V106/><F106/><W68/><G41/><T35/><REACH who="0" step="1"/><D103/><REACH who="0" ten="240,250,250,250" step="2"/><U39/><E20/><V77/><F113/><W4/><G100/><T130/><D130/><U101/><E101/><V105/><F23/><W132/><G28/><T14/><D14/><U73/><E124/><V13/><F13/><W42/><G132/><T71/><D71/><U31/><E31/><V94/><F69/><W57/><G57/><T55/><D55/><U131/><E125/><V126/><F126/><W127/><G68/><T50/><D50/><U25/><E131/><V80/><F63/><W107/><G51/><T86/><D86/><U24/><E49/><V44/><F84/><W2/><G87/><T12/><D12/><N who="1" m="5143" /><E73/><V56/><F61/><W36/><G127/><T26/><D26/><U76/><E118/><V97/><F60/><W110/><G27/><T45/><D45/><U74/><E25/><V22/><F44/><W112/><G110/><T129/><D129/><U5/><E24/><N who="2" m="14431" /><F56/><W52/><G112/><RYUUKYOKU ba="0,1" sc="240,30,250,-10,250,-10,250,-10" hai0="11,15,18,32,33,35,85,90,96,98,99,114,115" /><INIT seed="0,1,1,2,1,135" ten="270,240,240,240" oya="0" hai0="102,17,22,100,65,121,12,51,15,86,30,5,55" hai1="47,48,127,36,31,26,116,89,34,58,71,119,24" hai2="78,63,91,134,33,125,59,54,128,124,64,3,98" hai3="18,97,133,112,72,94,130,39,0,88,95,118,14"/><T6/><D121/><U129/><E71/><V49/><F134/><W11/><G118/><T66/><D30/><U44/><E129/><V32/><F3/><W23/><G133/><T8/><D5/><U19/><E58/><V93/><F78/><W62/><G112/><T50/><D50/><U85/><E36/><V41/><F41/><W67/><G39/><T21/><D21/><U132/><E132/><V126/><REACH who="2" step="1"/><F128/><REACH who="2" ten="270,240,230,240" step="2"/><W107/><G130/><T69/><D86/><U16/><E116/><V110/><F110/><W61/><G72/><T101/><REACH who="0" step="1"/><D69/><AGARI ba="1,2" hai="32,33,49,54,59,63,64,69,91,93,98,124,125,126" machi="69" ten="40,8000,1" yaku="1,1,18,1,52,3,53,0" doraHai="135" doraHaiUra="70" who="2" fromWho="0" sc="270,-83,240,0,230,103,240,0" /><INIT seed="1,0,0,3,3,29" ten="187,240,333,240" oya="1" hai0="80,23,84,63,4,118,31,59,72,126,106,26,81" hai1="7,57,49,14,75,30,92,55,20,88,5,68,27" hai2="117,11,114,96,127,32,19,93,35,37,110,111,132" hai3="105,70,76,78,56,9,98,99,51,119,129,135,85"/><U52/><E68/><V125/><F37/><W1/><G70/><T41/><D118/><U25/><E75/><V113/><F117/><W101/><G119/><T65/><D106/><U90/><E90/><V8/><F132/><W60/><G135/><T6/><D126/><N who="2" m="48138" /><F19/><W53/><G129/><T87/><D72/><U134/><E134/><V47/><F47/><W10/><G98/><T102/><D102/><U133/><E133/><V104/><F104/><W13/><G1/><T120/><D41/><U74/><E74/><V91/><F8/><W45/><G85/><T121/><D121/><U115/><E115/><N who="2" m="44043" /><F11/><W89/><G89/><N who="0" m="51335" /><D120/><U131/><E131/><V40/><F40/><W18/><G10/><T46/><D46/><U62/><E14/><V112/><F112/><W83/><REACH who="3" step="1"/><G83/><REACH who="3" ten="187,240,333,230" step="2"/><T86/><D86/><N who="1" m="52247" /><E27/><V43/><F43/><AGARI ba="0,1" hai="9,13,18,43,45,51,53,56,60,76,78,99,101,105" machi="43" ten="30,2000,0" yaku="1,1,7,1,53,0" doraHai="29" doraHaiUra="107" who="3" fromWho="2" sc="187,0,240,0,333,-20,230,30" /><INIT seed="2,0,0,2,5,28" ten="187,240,313,260" oya="2" hai0="19,81,57,130,111,134,97,62,10,18,118,7,21" hai1="107,52,104,96,73,12,75,14,125,74,55,86,127" hai2="116,126,26,72,71,99,77,122,110,102,98,101,105" hai3="61,13,135,93,6,131,91,95,23,68,38,29,124"/><V103/><F71/><W53/><G38/><T63/><D118/><U80/><E96/><N who="2" m="61607" /><F26/><W64/><G131/><T25/><D130/><U40/><E40/><V43/><F43/><W92/><G135/><T56/><D134/><U106/><E86/><V58/><F58/><W70/><G124/><N who="1" m="47690" /><E80/><N who="2" m="45095" /><F126/><W17/><G68/><T3/><D111/><U1/><E1/><V114/><F116/><W20/><G6/><T45/><D97/><N who="2" m="36874" /><F114/><W35/><G23/><T60/><D45/><U88/><E88/><V47/><F122/><W11/><G91/><T32/><D81/><U16/><E12/><V46/><F46/><W76/><G76/><T78/><D78/><U42/><E42/><V113/><F47/><W4/><G53/><T24/><D32/><U5/><E5/><V0/><F0/><W65/><G65/><T94/><D94/><U30/><E30/><V128/><F113/><W33/><REACH who="3" step="1"/><G29/><REACH who="3" ten="187,240,313,250" step="2"/><T90/><D90/><U132/><E132/><V37/><F37/><W15/><AGARI ba="0,1" hai="4,11,13,15,17,20,33,35,61,64,70,92,93,95" machi="15" ten="30,12000,2" yaku="1,1,2,1,0,1,52,2,53,2" doraHai="28" doraHaiUra="8" who="3" fromWho="3" sc="187,-30,240,-30,313,-60,250,130" /><INIT seed="3,0,0,4,1,29" ten="157,210,253,380" oya="3" hai0="96,37,28,111,17,55,24,88,54,127,75,39,10" hai1="11,66,3,78,14,1,133,122,48,59,95,56,123" hai2="103,9,15,72,79,94,112,0,31,38,128,117,49" hai3="99,80,69,18,102,19,60,110,89,131,115,132,124"/><W20/><G115/><T25/><D75/><U76/><E133/><V97/><F117/><W51/><G132/><T44/><D111/><U82/><E76/><V41/><F112/><W121/><G121/><T104/><D127/><U113/><E113/><V8/><F128/><W13/><G131/><T57/><D104/><U74/><E59/><V120/><F120/><W64/><G124/><T71/><D71/><U106/><E106/><V5/><F31/><W22/><G110/><T90/><D44/><U116/><E116/><V84/><F72/><W63/><G63/><T43/><D43/><U86/><E1/><V77/><F38/><W53/><G80/><T65/><D65/><U42/><E3/><V46/><REACH who="2" step="1"/><F84/><REACH who="2" ten="157,210,243,380" step="2"/><W33/><G99/><T26/><D28/><U62/><E74/><V68/><F68/><W92/><G69/><T58/><D96/><U2/><E122/><V27/><F27/><W107/><G107/><T7/><D25/><U67/><E123/><V130/><F130/><W81/><G102/><T125/><D125/><U129/><E86/><V70/><F70/><W126/><G126/><T73/><D73/><U50/><E129/><V52/><F52/><W40/><G53/><T87/><D87/><U134/><E66/><V118/><F118/><W119/><G119/><T93/><D39/><U100/><E67/><V6/><AGARI ba="0,1" hai="0,5,6,8,9,15,41,46,49,77,79,94,97,103" machi="6" ten="20,5200,0" yaku="1,1,0,1,7,1,53,1" doraHai="29" doraHaiUra="34" who="2" fromWho="2" sc="157,-13,210,-13,243,62,380,-26" /><INIT seed="4,0,0,5,4,123" ten="144,197,305,354" oya="0" hai0="108,95,0,107,60,63,75,15,87,5,56,93,134" hai1="13,30,79,77,46,39,103,80,104,118,70,32,99" hai2="20,31,67,122,112,51,135,117,100,9,47,16,116" hai3="82,3,50,6,19,129,119,101,26,29,90,17,114"/><T4/><D75/><N who="1" m="43071" /><E79/><V62/><F122/><W65/><G119/><N who="2" m="45641" /><F112/><W48/><G114/><T41/><D107/><U7/><E13/><N who="2" m="7215" /><F135/><W89/><G101/><T105/><D105/><U40/><E7/><N who="0" m="2633" /><D0/><U127/><E118/><V57/><F100/><W81/><G6/><T10/><D134/><U25/><E127/><V120/><F20/><W14/><G3/><T110/><D41/><U76/><E76/><V8/><F8/><W69/><G69/><AGARI ba="0,0" hai="25,30,32,39,40,46,69,70,99,103,104" m="43071" machi="69" ten="30,2000,0" yaku="33,2" doraHai="123" who="1" fromWho="3" sc="144,0,197,20,305,0,354,-20" /><INIT seed="5,0,0,2,4,106" ten="144,217,305,334" oya="1" hai0="40,12,108,120,56,77,71,2,3,38,84,54,1" hai1="27,121,57,113,96,109,45,110,48,50,4,81,130" hai2="114,93,65,135,88,74,42,107,19,33,53,103,29" hai3="131,63,28,104,100,15,115,112,44,89,132,95,118"/><U9/><E121/><V98/><F42/><W58/><G132/><T92/><D108/><N who="1" m="41579" /><E113/><V41/><F41/><W7/><G131/><T62/><D120/><U24/><E130/><V10/><F53/><W52/><G118/><T97/><D71/><U72/><E57/><V14/><F135/><W59/><G104/><T32/><D32/><U76/><E96/><V111/><F111/><W99/><G28/><T30/><D30/><U5/><E5/><V6/><F65/><W60/><G44/><T49/><D38/><U11/><E11/><V86/><F114/><N who="3" m="43563" /><G15/><T117/><D117/><U66/><E66/><V31/><F33/><W78/><G7/><T87/><D12/><N who="1" m="5159" /><E50/><V61/><F61/><W0/><G59/><T47/><REACH who="0" step="1"/><D77/><REACH who="0" ten="134,217,305,334" step="2"/><U91/><E91/><AGARI ba="0,1" hai="1,2,3,40,47,49,54,56,62,84,87,91,92,97" machi="91" ten="40,2600,0" yaku="1,1,2,1,53,0" doraHai="106" doraHaiUra="73" who="0" fromWho="1" sc="134,36,217,-26,305,0,334,0" /><INIT seed="6,0,0,1,5,104" ten="170,191,305,334" oya="2" hai0="101,98,68,50,57,3,18,95,31,22,112,2,97" hai1="124,117,5,34,96,83,40,65,81,39,125,23,56" hai2="61,114,127,44,123,12,79,91,48,11,24,133,20" hai3="82,105,120,1,8,89,135,45,6,32,0,121,73"/><V70/><F123/><W122/><G135/><T134/><D68/><U10/><E34/><V55/><F133/><W53/><G32/><T36/><D36/><U27/><E117/><V75/><F114/><W119/><G119/><T99/><D134/><U37/><E96/><V46/><F127/><N who="1" m="48713" /><E65/><V47/><F70/><W84/><G105/><T49/><D112/><U7/><E56/><V90/><F61/><W131/><G131/><T80/><D31/><U92/><E92/><V16/><F79/><W69/><G69/><T85/><D2/><N who="1" m="311" /><E7/><N who="2" m="3199" /><F75/><W15/><G73/><T9/><D9/><U107/><E107/><V66/><F66/><W132/><G132/><T103/><D3/><U14/><E14/><V38/><F38/><N who="1" m="14345" /><E40/><V30/><F30/><AGARI ba="0,0" hai="23,27,30,81,83" m="14345,311,48713" machi="30" ten="30,1000,0" yaku="18,1" doraHai="104" who="1" fromWho="2" sc="170,0,191,10,305,-10,334,0" /><INIT seed="7,0,0,3,5,65" ten="170,201,295,334" oya="3" hai0="22,60,13,56,31,47,101,33,35,50,20,120,0" hai1="96,104,27,134,59,126,12,133,71,111,92,51,90" hai2="37,58,98,127,49,103,99,68,124,61,11,112,64" hai3="130,84,100,38,63,116,125,113,107,115,70,23,15"/><W3/><G116/><T6/><D120/><U57/><E111/><V78/><F78/><W77/><G3/><T131/><D131/><U10/><E71/><V2/><F37/><W114/><G130/><T128/><D128/><U66/><E126/><N who="2" m="48171" /><F112/><W109/><G125/><T8/><D101/><U41/><E66/><V106/><F98/><N who="3" m="61847" /><G38/><T85/><D22/><U32/><E104/><V72/><F72/><W48/><G70/><T87/><D35/><U122/><E122/><V36/><F36/><W17/><G63/><T5/><D5/><U135/><E32/><V4/><F49/><W121/><G121/><T40/><D33/><U89/><E89/><V80/><F80/><N who="3" m="47119" /><G48/><T123/><D123/><U69/><E69/><AGARI ba="0,0" hai="2,4,11,58,61,64,68,69,99,103,106" m="48171" machi="69" ten="30,3900,0" yaku="18,1,52,2" doraHai="65" who="2" fromWho="1" sc="170,0,201,-39,295,39,334,0" owari="170,-23.0,162,-34.0,334,44.0,334,13.0" /></mjloggm>