<mjloggm ver="2.3"><GO type="169" lobby="0"/><UN n0="%E5%B0%B1%E6%B4%BB%E7%94%9F%40%E5%B7%9D%E6%9D%91%E8%BB%8D%E5%9B%A3" n1="%E3%81%99%E3%81%B0%E3%82%89%E3%81%A3%E2%98%85" n2="%E3%83%95%E3%83%B3%E3%83%8C" n3="%E6%8C%AF%E8%BE%BC%E5%A4%AA%E9%99%BD" dan="18,16,16,16" rate="2232.43,2078.72,2119.53,2135.04" sx="M,F,M,M"/><TAIKYOKU oya="0"/><INIT seed="0,0,0,0,5,50" ten="250,250,250,250" oya="0" hai0="63,122,98,128,15,3,52,133,16,40,131,27,73" hai1="101,22,51,36,13,108,59,96,80,95,115,44,56" hai2="62,97,79,37,88,90,53,126,75,64,66,104,30" hai3="107,25,102,20,89,43,32,18,28,87,121,109,85"/><T34/><D122/><U5/><E36/><V23/><F37/><W61/><G121/><T111/><D3/><U130/><E108/><V83/><F126/><W24/><G109/><T33/><D73/><U120/><E120/><V81/><F104/><W118/><G118/><T38/><D111/><U84/><E130/><N who="0" m="49705" /><D133/><U70/><E70/><V69/><F97/><W72/><G72/><T54/><D98/><U9/><E22/><V125/><F125/><W60/><G43/><T57/><D27/><U41/><REACH who="1" step="1"/><E115/><REACH who="1" ten="250,240,250,250" step="2"/><V67/><F69/><W10/><G20/><N who="0" m="11295" /><D38/><U78/><AGARI ba="0,1" hai="5,9,13,41,44,51,56,59,78,80,84,95,96,101" machi="78" ten="20,12000,2" yaku="1,1,0,1,7,1,25,2,8,1,53,0" doraHai="50" doraHaiUra="71" who="1" fromWho="1" sc="250,-60,240,130,250,-30,250,-30" /><INIT seed="1,0,0,4,4,11" ten="190,370,220,220" oya="1" hai0="37,14,72,77,48,20,36,114,113,31,60,128,130" hai1="106,18,75,135,39,109,89,124,2,79,43,118,115" hai2="108,127,97,1,123,96,82,5,51,100,71,15,87" hai3="95,129,17,132,99,56,101,54,131,120,126,64,67"/><U133/><RYUUKYOKU type="yao9" ba="0,0" sc="190,0,370,0,220,0,220,0" hai1="2,18,39,43,75,79,89,106,109,115,118,124,133,135" /><INIT seed="1,1,0,4,4,45" ten="190,370,220,220" oya="1" hai0="121,9,32,60,86,55,68,72,59,101,21,10,134" hai1="20,84,105,108,112,44,57,90,13,25,18,118,82" hai2="17,27,39,0,35,87,67,116,51,41,123,95,83" hai3="64,19,126,69,34,46,40,114,91,79,100,77,81"/><U98/><E112/><V16/><F0/><W6/><G114/><T93/><D72/><U56/><E118/><V33/><F123/><W65/><G34/><T99/><D32/><U5/><E108/><V54/><F67/><W53/><G126/><T120/><D134/><U119/><E119/><V48/><F39/><W71/><G100/><T124/><D124/><U80/><E80/><V135/><F135/><W61/><G6/><T30/><D68/><U104/><E104/><V78/><F116/><W113/><G53/><T130/><D130/><U109/><E109/><V127/><F127/><W125/><G113/><T131/><D131/><U28/><E5/><V24/><F35/><W107/><G107/><T49/><D60/><U103/><REACH who="1" step="1"/><E44/><REACH who="1" ten="190,360,220,220" step="2"/><N who="2" m="25615" /><F33/><AGARI ba="1,1" hai="13,18,20,25,28,33,56,57,82,84,90,98,103,105" machi="33" ten="30,5800,0" yaku="1,1,7,1,53,1" doraHai="45" doraHaiUra="94" who="1" fromWho="2" sc="190,0,360,71,220,-61,220,0" /><INIT seed="1,2,0,2,2,60" ten="190,431,159,220" oya="1" hai0="107,84,75,39,41,55,0,91,121,123,16,29,43" hai1="96,79,74,86,26,134,47,14,21,85,108,72,40" hai2="63,103,64,28,65,56,90,54,97,52,120,82,80" hai3="101,93,69,18,17,67,110,35,12,115,58,6,98"/><U5/><E134/><V104/><F120/><N who="0" m="46154" /><D0/><U27/><E108/><V81/><F28/><W133/><G110/><T130/><D75/><U118/><E118/><V8/><F90/><W10/><G133/><T66/><D107/><U7/><E26/><V46/><F8/><W19/><G115/><T77/><D77/><U3/><E3/><V53/><REACH who="2" step="1"/><F65/><REACH who="2" ten="190,431,149,220" step="2"/><W88/><G35/><T15/><D29/><U116/><E116/><V94/><F94/><W78/><G78/><T95/><D130/><U131/><E79/><V112/><F112/><W105/><G69/><T135/><D135/><U92/><E92/><V106/><F106/><W34/><G34/><T1/><D1/><U50/><E131/><V68/><F68/><W24/><G105/><T99/><D66/><U23/><E21/><V20/><F20/><N who="3" m="13343" /><G101/><T129/><D129/><U57/><E23/><V44/><AGARI ba="2,1" hai="44,46,52,53,54,56,63,64,80,81,82,97,103,104" machi="44" ten="40,8000,1" yaku="1,1,0,1,52,1,54,1,53,0" doraHai="60" doraHaiUra="127" who="2" fromWho="2" sc="190,-22,431,-42,149,96,220,-22" /><INIT seed="2,0,0,5,1,88" ten="168,389,245,198" oya="2" hai0="87,47,94,80,66,36,41,126,83,64,1,102,75" hai1="43,131,107,76,40,34,9,82,18,73,120,6,57" hai2="127,116,95,89,72,27,68,118,23,92,71,105,59" hai3="69,108,35,134,117,101,125,49,29,110,37,14,133"/><V54/><F105/><W50/><G117/><T2/><D126/><U4/><E131/><V119/><F72/><W26/><G125/><T7/><D80/><U113/><E113/><V31/><F127/><W90/><G37/><T106/><D106/><U33/><E107/><V104/><F104/><W99/><G69/><T100/><D100/><U22/><E6/><V30/><F30/><W132/><G101/><T123/><D123/><U52/><E34/><V65/><F65/><W124/><G124/><T16/><D75/><U21/><E33/><V12/><F12/><W46/><G14/><T129/><D129/><U115/><E115/><V67/><F67/><W20/><G35/><T63/><D7/><U19/><E21/><V28/><F28/><W112/><G112/><T8/><D66/><U45/><E22/><V74/><F74/><W17/><G29/><T38/><D38/><U86/><E73/><V3/><F3/><W91/><G50/><T84/><D16/><U55/><E55/><V78/><F78/><W130/><G130/><T42/><D42/><U5/><E5/><V51/><REACH who="2" step="1"/><F89/><REACH who="2" ten="168,389,235,198" step="2"/><N who="3" m="33803" /><G99/><T128/><D128/><U96/><E76/><V10/><F10/><W24/><G24/><T114/><D8/><U97/><E96/><V81/><F81/><W58/><G134/><T77/><D114/><U79/><E97/><V25/><F25/><W135/><G133/><T32/><D32/><U62/><E9/><V39/><F39/><W103/><G135/><T121/><D121/><U53/><E79/><V0/><F0/><W61/><G132/><T56/><D102/><RYUUKYOKU ba="0,1" sc="168,15,389,-15,235,15,198,-15" hai0="1,2,36,41,47,56,63,64,77,83,84,87,94" hai2="23,27,31,51,54,59,68,71,92,95,116,118,119" /><INIT seed="2,1,1,5,3,25" ten="183,374,250,183" oya="2" hai0="30,40,78,28,22,49,52,72,35,8,37,57,46" hai1="70,59,54,93,44,119,129,125,82,96,63,68,115" hai2="16,86,103,77,32,81,84,134,83,36,2,1,26" hai3="102,130,31,56,4,33,105,55,124,64,94,58,88"/><V10/><F36/><W131/><G4/><T100/><D35/><U120/><E115/><V67/><F134/><W69/><G124/><T5/><D100/><U48/><E119/><V101/><F67/><W41/><G41/><T89/><D89/><U95/><E129/><N who="3" m="49162" /><G102/><T132/><D132/><U18/><E125/><V13/><F1/><W104/><G58/><T80/><REACH who="0" step="1"/><D22/><REACH who="0" ten="173,374,250,183" step="2"/><U76/><E120/><V62/><F101/><W117/><G33/><T43/><D43/><U111/><E111/><V27/><F103/><W71/><G88/><T107/><D107/><U116/><E116/><V122/><F32/><W106/><G104/><T110/><D110/><U66/><E76/><V112/><F122/><W21/><G105/><T15/><AGARI ba="1,2" hai="5,8,15,28,30,37,40,46,49,52,57,72,78,80" machi="15" ten="20,12000,2" yaku="1,1,0,1,7,1,52,2,54,1,53,0" doraHai="25" doraHaiUra="113" who="0" fromWho="0" sc="173,143,374,-31,250,-61,183,-31" /><INIT seed="3,0,0,0,3,134" ten="316,343,189,152" oya="3" hai0="124,45,109,103,120,39,12,72,98,47,5,17,132" hai1="58,28,88,50,130,56,110,44,118,55,100,127,16" hai2="21,41,64,73,20,131,36,91,43,23,107,101,97" hai3="9,4,53,61,2,25,80,105,126,76,106,117,49"/><W37/><G117/><T65/><D120/><U31/><E110/><V62/><F73/><W122/><G37/><T19/><D72/><U0/><E0/><V13/><F131/><W81/><G122/><T116/><D116/><U113/><E113/><V42/><F91/><W84/><G61/><T89/><D5/><U35/><E130/><V79/><F79/><W119/><G119/><T69/><D19/><U83/><E100/><V85/><F85/><W112/><G112/><T52/><D39/><U125/><E118/><V95/><F107/><W3/><G3/><T38/><D38/><U11/><E35/><V14/><REACH who="2" step="1"/><F36/><REACH who="2" ten="316,343,179,152" step="2"/><W82/><G105/><T129/><D89/><U24/><E88/><V48/><F48/><W102/><G106/><T10/><D129/><U78/><E78/><V92/><F92/><W77/><G82/><T111/><D98/><U123/><E83/><V75/><F75/><W54/><G81/><T96/><D96/><U74/><E74/><V6/><F6/><W22/><G77/><T68/><D103/><U135/><E123/><V51/><F51/><W99/><G99/><T60/><D109/><U121/><E121/><V26/><F26/><W114/><G102/><T40/><D111/><U133/><E24/><V7/><F7/><W46/><G114/><T87/><D87/><U70/><E50/><V29/><F29/><W27/><G27/><T1/><D17/><U66/><E31/><V8/><F8/><W90/><G76/><T94/><D10/><U63/><E11/><V71/><AGARI ba="0,1" hai="13,14,20,21,23,41,42,43,62,64,71,95,97,101" machi="71" ten="30,2000,0" yaku="1,1,0,1,53,0" doraHai="134" doraHaiUra="104" who="2" fromWho="2" sc="316,-5,343,-5,179,30,152,-10" /><INIT seed="4,0,0,5,3,53" ten="311,338,209,142" oya="0" hai0="38,109,70,8,91,113,94,102,73,97,126,115,111" hai1="42,21,44,83,51,60,120,110,43,26,92,75,35" hai2="81,58,39,74,125,116,47,15,5,105,103,132,13" hai3="76,131,65,128,37,20,64,129,56,80,82,34,36"/><T119/><D70/><U52/><E35/><V22/><F132/><W30/><G34/><T100/><D38/><U18/><E110/><N who="0" m="41993" /><D8/><U112/><E120/><V0/><F0/><W77/><G30/><T10/><D10/><U19/><E112/><N who="0" m="43081" /><D119/><U121/><E121/><V106/><F125/><W87/><G20/><T104/><D126/><U32/><E32/><V99/><F105/><W96/><G96/><N who="0" m="61447" /><D73/><U29/><E75/><V88/><F5/><W107/><G37/><T89/><AGARI ba="0,0" hai="89,91,94,97,102" m="61447,43081,41993" machi="89" ten="40,12000,1" yaku="10,1,15,1,34,2" doraHai="53" who="0" fromWho="0" sc="311,120,338,-40,209,-40,142,-40" /><INIT seed="4,1,0,3,5,2" ten="431,298,169,102" oya="0" hai0="28,1,6,32,97,107,4,130,7,79,51,26,42" hai1="61,92,129,134,83,68,14,132,21,101,23,88,52" hai2="122,48,55,95,38,39,103,80,108,98,72,73,30" hai3="106,65,13,58,56,36,121,44,20,124,17,50,37"/><T18/><D130/><U19/><E129/><V118/><F108/><W89/><G121/><T27/><D79/><U62/><E101/><V96/><F122/><W75/><G106/><T105/><D1/><U15/><E83/><V33/><F118/><W94/><G75/><T53/><D42/><U131/><E131/><V110/><F110/><W67/><G124/><T40/><D40/><U119/><E119/><V135/><F135/><N who="1" m="51753" /><E68/><V34/><F80/><W112/><G112/><T3/><D3/><U93/><E93/><V90/><F39/><W86/><G37/><T128/><D128/><U133/><E133/><V41/><F41/><N who="3" m="24847" /><G36/><T91/><D91/><U24/><E23/><V5/><F38/><W63/><G58/><T9/><D97/><N who="1" m="57479" /><E62/><V35/><F72/><W87/><G87/><T115/><D115/><U66/><E66/><AGARI ba="1,0" hai="13,17,20,56,63,65,66,67,86,89,94" m="24847" machi="66" ten="30,1000,0" yaku="8,1" doraHai="2" who="3" fromWho="1" sc="431,0,298,-13,169,0,102,13" /><INIT seed="5,0,0,3,3,134" ten="431,285,169,115" oya="1" hai0="129,106,67,60,111,128,11,104,62,115,27,88,91" hai1="123,51,72,76,49,97,102,45,79,35,84,37,101" hai2="81,69,116,24,4,120,135,98,74,55,127,73,131" hai3="13,108,85,105,20,18,21,100,114,1,6,80,107"/><U126/><E123/><V28/><F69/><W40/><G108/><T26/><D115/><U112/><E35/><V121/><F4/><W78/><G114/><T95/><D111/><U96/><E112/><V16/><F116/><W8/><G100/><T68/><D11/><U14/><E72/><V64/><F64/><W17/><REACH who="3" step="1"/><G40/><REACH who="3" ten="431,285,169,105" step="2"/><T89/><D104/><U19/><E101/><V29/><F120/><W130/><G130/><N who="0" m="50283" /><D106/><U9/><E102/><V118/><F121/><W83/><G83/><T90/><D62/><U94/><E94/><V32/><F118/><W46/><G46/><T103/><D103/><U119/><E119/><V2/><F81/><W5/><G5/><T34/><D34/><U82/><E45/><V61/><F32/><W12/><AGARI ba="0,1" hai="1,6,8,12,13,17,18,20,21,78,80,85,105,107" machi="12" ten="20,5200,0" yaku="1,1,0,1,7,1,9,1,53,0" doraHai="134" doraHaiUra="71" who="3" fromWho="3" sc="431,-13,285,-26,169,-13,105,62" /><INIT seed="6,0,0,2,0,118" ten="418,259,156,167" oya="2" hai0="135,115,116,53,93,5,40,54,89,3,23,36,79" hai1="15,25,10,57,112,100,51,113,61,38,98,47,121" hai2="127,92,59,17,90,96,22,91,6,65,71,13,73" hai3="106,105,31,108,64,94,109,7,29,34,69,83,85"/><V75/><F71/><W28/><G34/><T97/><D115/><U80/><E38/><V70/><F70/><W117/><G117/><T129/><D116/><U20/><E80/><V102/><F127/><W16/><G7/><T45/><D129/><U4/><E51/><V123/><F123/><W72/><G72/><T19/><D135/><U27/><E47/><V2/><F2/><W131/><G131/><T95/><D79/><U77/><E77/><V44/><F6/><W107/><G94/><T99/><D5/><U76/><E76/><V12/><F44/><W81/><G64/><T122/><D3/><U18/><E27/><V48/><F12/><W104/><G69/><T84/><D122/><U52/><REACH who="1" step="1"/><E121/><REACH who="1" ten="418,249,156,167" step="2"/><V39/><F39/><W41/><G41/><T8/><D45/><U78/><E78/><V0/><F0/><W50/><G50/><T56/><D40/><U111/><E111/><V87/><F73/><W14/><G108/><T46/><D46/><U42/><E42/><V86/><F75/><W9/><G109/><T126/><D36/><U62/><E62/><N who="2" m="38111" /><F48/><W43/><G43/><T66/><D126/><U124/><E124/><V55/><F55/><W82/><N who="3" m="26624" /><DORA hai="30" /><W35/><REACH who="3" step="1"/><G35/><REACH who="3" ten="418,249,156,157" step="2"/><T119/><D119/><U101/><E101/><V63/><F63/><W125/><G125/><T32/><D66/><U1/><E1/><V130/><F130/><W134/><G134/><T120/><D54/><U88/><E88/><AGARI ba="0,2" hai="13,17,22,86,87,88,90,91,92,96,102" m="38111" machi="88" ten="30,2900,0" yaku="8,1,54,1" doraHai="118,30" who="2" fromWho="1" sc="418,0,249,-29,156,49,157,0" /><AGARI ba="0,0" hai="9,14,16,28,29,31,81,82,83,85,88" m="26624" machi="88" ten="70,8000,1" yaku="1,1,54,2,53,0" doraHai="118,30" doraHaiUra="132,128" who="3" fromWho="1" sc="418,0,220,-80,205,0,157,80" /><INIT seed="6,1,0,0,0,115" ten="418,140,205,237" oya="2" hai0="74,96,16,97,31,25,24,28,111,54,87,131,102" hai1="117,132,78,75,121,109,47,10,80,63,44,21,37" hai2="92,62,30,72,65,69,104,81,86,77,124,107,34" hai3="114,49,133,11,19,70,118,101,3,9,71,26,76"/><V93/><F124/><W128/><G114/><T59/><D74/><U91/><E109/><V60/><F93/><W22/><G128/><T67/><D67/><U7/><E121/><V35/><F86/><W56/><G133/><T106/><D111/><U6/><E132/><V82/><F92/><W18/><G118/><T51/><D131/><U120/><E120/><V85/><F62/><W58/><G101/><T113/><D113/><U122/><E122/><V27/><REACH who="2" step="1"/><F35/><REACH who="2" ten="418,140,195,237" step="2"/><W43/><G76/><AGARI ba="1,1" hai="27,30,34,60,65,69,72,76,77,81,82,85,104,107" machi="76" ten="30,11600,0" yaku="1,1,2,1,7,1,53,1" doraHai="115" doraHaiUra="83" who="2" fromWho="3" sc="418,0,140,0,195,129,237,-119" /><INIT seed="6,2,0,5,5,133" ten="418,140,324,118" oya="2" hai0="18,27,6,52,78,8,80,5,45,74,35,11,2" hai1="79,70,30,119,100,123,10,115,107,125,84,105,129" hai2="41,103,48,22,126,101,72,93,20,50,91,97,26" hai3="94,71,66,59,76,53,116,58,85,83,33,21,44"/><V13/><F72/><W112/><G33/><T14/><D35/><U3/><E119/><V54/><F126/><W42/><G116/><T65/><D65/><U117/><E117/><V113/><F113/><W111/><G111/><T132/><D132/><U55/><E115/><V23/><F26/><W64/><G112/><T89/><D89/><U37/><E70/><V118/><F118/><W63/><G71/><T1/><D27/><U49/><E37/><V108/><F108/><W67/><G21/><T61/><D45/><U135/><E30/><V131/><F131/><W124/><G124/><T87/><D61/><U19/><E125/><V68/><F68/><W34/><G34/><T134/><D52/><U25/><E135/><V98/><F98/><W88/><G59/><T86/><D134/><U4/><E129/><V81/><F81/><W122/><G122/><T0/><D0/><U16/><E123/><V9/><F41/><W62/><G62/><T24/><D24/><U128/><E128/><V69/><F69/><W75/><REACH who="3" step="1"/><G64/><REACH who="3" ten="418,140,324,108" step="2"/><T60/><D60/><U17/><E25/><V7/><REACH who="2" step="1"/><F50/><AGARI ba="2,1" hai="42,44,50,53,58,63,66,67,75,76,83,85,88,94" machi="50" ten="30,7700,0" yaku="1,1,2,1,7,1,54,1,53,0" doraHai="133" doraHaiUra="127" who="3" fromWho="2" sc="418,0,140,0,324,-83,108,93" /><INIT seed="7,0,0,1,5,116" ten="418,140,241,201" oya="3" hai0="43,20,11,67,19,53,114,36,30,50,57,12,124" hai1="49,75,44,101,99,80,110,8,65,115,93,9,64" hai2="96,129,32,133,100,3,26,55,112,7,13,15,127" hai3="121,103,48,66,134,118,106,37,92,102,71,0,6"/><W126/><G118/><T87/><D124/><U82/><E110/><V14/><F127/><W108/><G134/><T79/><D114/><U89/><E115/><V105/><F112/><W120/><G126/><T98/><D67/><U54/><E75/><V62/><F133/><W95/><G108/><T107/><D107/><U41/><E9/><V94/><F129/><W131/><G131/><T132/><D132/><U76/><E82/><V52/><F3/><W22/><G37/><T81/><D98/><U125/><E125/><V35/><F7/><W97/><G6/><T25/><D36/><U63/><E76/><V85/><F26/><W39/><G0/><T18/><D43/><U119/><E119/><V74/><F74/><W83/><G39/><T51/><D51/><U70/><E70/><V16/><F32/><W23/><G66/><T21/><D21/><U117/><E117/><V86/><F35/><W78/><G48/><T130/><D130/><U88/><E8/><V27/><F105/><W29/><G71/><T113/><D113/><U90/><REACH who="1" step="1"/><E80/><REACH who="1" ten="418,130,241,201" step="2"/><V109/><F109/><W4/><G83/><T84/><D84/><U73/><E73/><V135/><F86/><W31/><G78/><T77/><D77/><U33/><E33/><V42/><F85/><W91/><G106/><T72/><D72/><U10/><E10/><V56/><F135/><W2/><G23/><T68/><D68/><U128/><E128/><V46/><F94/><W24/><G92/><T17/><AGARI ba="0,1" hai="11,12,17,18,19,20,25,30,50,53,57,79,81,87" machi="17" ten="20,2700,0" yaku="0,1,7,1,8,1" doraHai="116" who="0" fromWho="0" sc="418,37,130,-7,241,-7,201,-13" owari="455,56.0,123,-38.0,234,3.0,188,-21.0" /></mjloggm>