<mjloggm ver="2.3"><GO type="169" lobby="0"/><UN n0="%E7%92%BD%E7%94%B1%E6%A3%8B%E7%8E%8B" n1="%E3%83%88%E3%83%88%E3%83%AA%E5%85%88%E7%94%9F%31%39%E6%AD%B3" n2="%E3%82%B5%E3%83%B3%E3%83%9E%E9%81%93%E6%A5%BD%E4%BB%A3%E8%A1%A8" n3="%E3%81%AD%E3%82%8A%E3%82%B4%E3%83%9E" dan="16,19,17,16" rate="2106.06,2274.22,2154.67,2087.82" sx="M,F,M,M"/><TAIKYOKU oya="0"/><INIT seed="0,0,0,5,1,1" ten="250,250,250,250" oya="0" hai0="10,132,15,79,66,8,33,40,22,0,45,55,62" hai1="17,131,121,92,41,84,47,2,73,120,115,107,125" hai2="101,20,35,7,30,67,11,80,123,102,100,38,81" hai3="64,83,54,71,42,82,75,29,34,28,44,63,76"/><T12/><D33/><U119/><E119/><V51/><F38/><N who="3" m="21591" /><G83/><T13/><D132/><U18/><E107/><V57/><F35/><W134/><G134/><T59/><D79/><U74/><E2/><V96/><F96/><W68/><G68/><T90/><D0/><U114/><E131/><V43/><F123/><W27/><G54/><T77/><D77/><U53/><E125/><V88/><F43/><W9/><G9/><T103/><D103/><U112/><E53/><V130/><F130/><W104/><G28/><T118/><D118/><U50/><E121/><V24/><F88/><W111/><G104/><T72/><D72/><N who="1" m="27755" /><E120/><V87/><F87/><W46/><G46/><T70/><D90/><AGARI ba="0,0" hai="17,18,41,47,50,84,90,92,112,114,115" m="27755" machi="90" ten="40,1300,0" yaku="11,1" doraHai="1" who="1" fromWho="0" sc="250,-13,250,13,250,0,250,0" /><INIT seed="1,0,0,1,0,120" ten="237,263,250,250" oya="1" hai0="30,54,4,134,132,27,108,28,61,106,19,40,44" hai1="66,58,32,82,17,1,116,76,122,117,126,71,114" hai2="94,29,13,96,95,14,118,16,35,50,42,10,55" hai3="52,125,135,57,48,103,33,31,111,60,123,107,53"/><U74/><E114/><V47/><F118/><W37/><G123/><T69/><D106/><U24/><E122/><V49/><F96/><W62/><G37/><N who="0" m="21519" /><D4/><U110/><E1/><V104/><F104/><W36/><G36/><T77/><D77/><U70/><E126/><V73/><F73/><W128/><G125/><T131/><D131/><U79/><E79/><V18/><F29/><W38/><G38/><T83/><D83/><U3/><E3/><V65/><F65/><W97/><G128/><T8/><D8/><U11/><E11/><N who="2" m="6239" /><F35/><W84/><G135/><T46/><D19/><U93/><E93/><V45/><AGARI ba="0,0" hai="10,13,18,42,45,47,49,50,55,94,95" m="6239" machi="45" ten="30,2000,0" yaku="8,1,54,1" doraHai="120" who="2" fromWho="2" sc="237,-5,263,-10,250,20,250,-5" /><INIT seed="2,0,0,4,3,134" ten="232,253,270,245" oya="2" hai0="82,4,76,104,0,7,96,27,100,103,22,12,105" hai1="130,56,125,70,6,66,111,41,43,113,16,72,36" hai2="13,2,14,102,99,109,37,117,94,17,112,127,75" hai3="49,64,88,54,116,118,71,86,30,21,80,46,59"/><V78/><F2/><W79/><G71/><T128/><D128/><U115/><E72/><V28/><F117/><W50/><G79/><T107/><D0/><U18/><E70/><V58/><F112/><W84/><G30/><T83/><D83/><U9/><E130/><V129/><F37/><W1/><G1/><T119/><D119/><U10/><E111/><V126/><F129/><W8/><G8/><T65/><D65/><U95/><E95/><V85/><F75/><W110/><G110/><T69/><D69/><U87/><E87/><V25/><F58/><W15/><G64/><T101/><D12/><U120/><E66/><V20/><F109/><W26/><G26/><T131/><D131/><U34/><E56/><V81/><REACH who="2" step="1"/><F14/><REACH who="2" ten="232,253,260,245" step="2"/><W39/><G39/><T121/><D121/><U89/><E36/><V135/><F135/><W11/><G118/><T5/><D96/><U62/><E120/><V77/><F77/><W132/><G132/><T23/><REACH who="0" step="1"/><D27/><REACH who="0" ten="222,253,260,245" step="2"/><U42/><E113/><V44/><F44/><W122/><G116/><T47/><D47/><U73/><E115/><V45/><F45/><W35/><G122/><T123/><D123/><U91/><E73/><AGARI ba="0,2" hai="4,5,7,22,23,73,76,82,100,101,103,104,105,107" machi="73" ten="50,6400,0" yaku="1,1,29,2,53,0" doraHai="134" doraHaiUra="63" who="0" fromWho="1" sc="222,84,253,-64,260,0,245,0" /><INIT seed="3,0,0,3,0,110" ten="306,189,260,245" oya="3" hai0="40,52,32,117,33,12,15,66,129,36,107,25,65" hai1="24,93,6,118,133,125,72,68,20,70,54,53,113" hai2="126,41,119,99,78,132,64,73,46,26,80,50,91" hai3="84,42,51,111,67,83,134,85,71,0,44,115,97"/><W5/><G111/><T101/><D117/><U55/><E72/><V43/><F119/><W9/><G134/><T104/><D40/><U60/><E118/><V17/><F126/><W13/><G97/><T112/><D36/><U114/><E133/><V74/><F64/><W95/><G0/><T39/><D39/><U88/><E125/><V56/><F56/><W135/><G135/><T62/><D25/><U102/><E102/><V8/><F74/><W23/><G23/><T3/><D62/><U108/><E6/><V16/><F43/><W30/><G30/><T2/><D101/><U49/><E49/><V61/><F61/><N who="3" m="40431" /><G85/><T34/><D129/><U98/><E108/><V124/><F124/><W105/><G95/><T11/><D11/><U116/><E116/><V121/><F121/><W87/><G87/><T59/><D34/><U131/><E131/><V48/><F48/><W109/><G105/><T45/><D45/><U122/><E122/><V7/><F26/><W38/><G38/><T35/><D35/><U1/><E1/><V96/><F132/><W89/><G109/><T123/><D123/><U69/><REACH who="1" step="1"/><E60/><REACH who="1" ten="306,179,260,245" step="2"/><V77/><F7/><W86/><G5/><T94/><D3/><U81/><E81/><V31/><F80/><W28/><G83/><T130/><D2/><U127/><E127/><V22/><F73/><W19/><G51/><T21/><D130/><U4/><E4/><V75/><F50/><W103/><G103/><T90/><D107/><U82/><E82/><V10/><F75/><W100/><G100/><T120/><D104/><U47/><E47/><RYUUKYOKU ba="0,1" sc="306,-10,179,30,260,-10,245,-10" hai1="20,24,53,54,55,68,69,70,88,93,98,113,114" /><INIT seed="4,1,1,0,5,17" ten="296,209,250,235" oya="0" hai0="80,85,47,68,4,60,135,73,115,40,7,104,28" hai1="77,116,0,128,10,87,78,118,39,132,27,93,101" hai2="72,6,88,12,13,114,131,83,74,24,48,25,5" hai3="119,103,110,21,49,63,61,107,33,42,95,57,55"/><T81/><D115/><U36/><E128/><V22/><F48/><W29/><G119/><T38/><D104/><U98/><E132/><V82/><F131/><W112/><G110/><T35/><D135/><U62/><E116/><V8/><F8/><W76/><G107/><T26/><D73/><U46/><E118/><V11/><F11/><W34/><G112/><T15/><D15/><U70/><E70/><V31/><F114/><W100/><G76/><T2/><D2/><U65/><E0/><V32/><F32/><W106/><G106/><T124/><D81/><U67/><E10/><V3/><F3/><W97/><G33/><T121/><D124/><U14/><E14/><V91/><F31/><W16/><G42/><T53/><D121/><U54/><E54/><V59/><F59/><W66/><G34/><T64/><REACH who="0" step="1"/><D53/><REACH who="0" ten="286,209,250,235" step="2"/><U19/><E93/><V89/><F74/><W45/><G63/><T99/><D99/><U71/><E98/><V84/><F72/><W113/><G113/><T126/><D126/><U129/><E62/><V41/><F83/><W96/><G96/><T123/><D123/><U130/><E129/><V90/><F13/><N who="3" m="9359" /><G103/><T92/><D92/><U43/><E101/><V122/><F122/><W86/><G86/><T134/><D134/><U102/><E102/><V117/><F84/><W50/><G66/><T69/><D69/><U75/><E130/><V79/><F82/><W18/><G61/><T44/><D44/><U109/><E71/><V105/><F105/><W94/><G100/><T20/><D20/><U120/><E120/><V111/><F117/><RYUUKYOKU ba="1,2" sc="286,30,209,-10,250,-10,235,-10" hai0="4,7,26,28,35,38,40,47,60,64,68,80,85" /><INIT seed="4,2,2,4,5,134" ten="316,199,240,225" oya="0" hai0="37,25,100,6,73,112,55,110,28,118,91,75,96" hai1="71,36,90,5,116,57,83,59,24,60,17,65,78" hai2="66,20,22,1,2,46,62,124,14,26,7,18,64" hai3="92,23,27,104,76,117,15,133,80,99,38,39,35"/><T98/><D118/><U54/><E116/><V120/><F120/><W135/><G117/><T30/><D37/><U43/><E5/><V13/><F46/><W77/><G15/><T126/><D110/><U79/><E71/><V29/><F62/><W8/><G8/><T81/><D112/><U127/><E127/><V93/><F93/><W95/><G104/><T42/><D42/><U97/><E43/><V32/><F66/><W101/><G35/><T114/><D114/><U88/><E36/><V61/><F61/><W69/><G69/><T9/><D126/><U103/><E17/><N who="2" m="10295" /><F64/><W47/><G92/><T131/><D55/><U45/><E24/><N who="2" m="18471" /><F124/><W33/><G33/><T115/><D115/><U84/><E45/><V109/><F109/><W70/><G70/><T87/><D98/><U10/><E79/><V121/><F121/><W58/><G58/><T105/><D75/><U3/><E59/><V72/><F72/><W86/><G76/><T40/><D40/><U113/><E65/><V132/><F132/><N who="3" m="50763" /><G47/><T50/><D73/><U56/><E56/><V85/><F85/><W41/><G41/><T125/><D125/><U0/><E113/><V111/><F111/><W94/><G94/><T51/><D87/><U68/><E68/><V49/><F49/><W74/><G74/><T130/><D51/><U107/><REACH who="1" step="1"/><E10/><AGARI ba="2,2" hai="1,2,7,10,13,18,22,26" m="18471,10295" machi="10" ten="30,8000,1" yaku="35,5" doraHai="134" who="2" fromWho="1" sc="316,0,199,-86,240,106,225,0" /><INIT seed="5,0,0,1,1,34" ten="316,113,346,225" oya="1" hai0="1,101,107,100,78,33,129,15,71,58,123,26,127" hai1="48,117,35,8,9,106,57,99,116,73,132,68,118" hai2="84,124,44,67,102,98,130,38,104,115,3,96,111" hai3="108,131,14,95,19,82,6,51,97,85,90,40,42"/><U25/><E68/><V7/><F111/><W88/><G108/><T79/><D26/><U110/><E73/><V31/><F84/><W86/><G131/><T114/><D15/><U59/><E110/><V94/><F31/><W91/><G6/><T125/><D58/><U70/><E70/><V135/><F135/><W49/><G49/><T72/><D129/><U41/><E132/><V65/><F124/><W30/><G30/><T56/><D56/><U89/><E35/><V61/><F115/><W92/><G51/><T93/><D114/><U128/><E25/><V0/><F7/><W23/><AGARI ba="0,0" hai="14,19,23,40,42,82,85,86,88,90,91,92,95,97" machi="23" ten="20,5200,0" yaku="0,1,7,1,8,1,54,1" doraHai="34" who="3" fromWho="3" sc="316,-13,113,-26,346,-13,225,52" /><INIT seed="6,0,0,3,3,18" ten="303,87,333,277" oya="2" hai0="24,92,26,71,118,64,133,48,131,116,125,43,132" hai1="20,29,14,129,120,39,46,68,34,10,13,57,58" hai2="77,41,130,89,100,87,69,21,27,76,50,5,102" hai3="99,66,19,49,32,15,113,90,25,33,83,124,59"/><V6/><F69/><W109/><G109/><T101/><D125/><U67/><E34/><V11/><F130/><W52/><G124/><T134/><D131/><U63/><E129/><V117/><F117/><N who="0" m="45162" /><D64/><U1/><E120/><V106/><F106/><W108/><G108/><T17/><D71/><U16/><E1/><V31/><F77/><W8/><G66/><T28/><D17/><U62/><E62/><V122/><F76/><W79/><G113/><T60/><D60/><U35/><E35/><V4/><F11/><W37/><G37/><T54/><D43/><U88/><E29/><V86/><F86/><W23/><G99/><N who="0" m="59623" /><D28/><U22/><E88/><V12/><F12/><W91/><G33/><T30/><D30/><U47/><E39/><V128/><F122/><W7/><REACH who="3" step="1"/><G32/><REACH who="3" ten="303,87,333,267" step="2"/><T42/><D42/><U98/><E98/><V74/><F128/><W0/><G0/><T61/><D61/><U121/><E121/><V104/><F41/><W72/><AGARI ba="0,1" hai="7,8,15,19,23,25,49,52,59,72,79,83,90,91" machi="72" ten="20,8000,1" yaku="1,1,0,1,7,1,52,1,54,1,53,0" doraHai="18" doraHaiUra="97" who="3" fromWho="3" sc="303,-20,87,-20,333,-40,267,90" /><INIT seed="7,0,0,0,5,45" ten="283,67,293,357" oya="3" hai0="81,122,23,9,73,120,69,21,107,12,30,2,16" hai1="47,26,18,127,64,36,126,119,114,61,123,98,70" hai2="51,49,76,63,118,96,37,134,59,88,132,128,31" hai3="32,44,29,133,99,77,35,116,33,28,10,112,72"/><W25/><G116/><T3/><D107/><U93/><E18/><V109/><F118/><W62/><G133/><N who="2" m="51305" /><F37/><W17/><G44/><T75/><D81/><U22/><E22/><V125/><F109/><W24/><G112/><T68/><D30/><U94/><E26/><V135/><N who="2" m="51313" /><V66/><DORA hai="52" /><F76/><W38/><G38/><T106/><D106/><U130/><E119/><V67/><F128/><W102/><G62/><T115/><D9/><U89/><E114/><V19/><F31/><W58/><G58/><T15/><REACH who="0" step="1"/><D115/><REACH who="0" ten="273,67,293,357" step="2"/><U53/><E130/><V85/><F125/><W27/><G10/><T92/><D92/><U95/><E123/><V87/><F19/><AGARI ba="0,1" hai="2,3,12,15,16,19,21,23,68,69,73,75,120,122" machi="19" ten="25,6400,0" yaku="1,1,22,2,54,1,53,0" doraHai="45,52" doraHaiUra="41,57" who="0" fromWho="2" sc="273,74,67,0,293,-64,357,0" owari="347,15.0,67,-43.0,229,-17.0,357,45.0" /></mjloggm>