<mjloggm ver="2.3"><GO type="169" lobby="0"/><UN n0="%E3%81%97%E3%81%8B%E8%8C%B6" n1="%E3%83%9A%E3%83%83%E3%83%81%E3%83%A7%E3%83%AA%E3%83%B3" n2="%E5%B0%B1%E6%B4%BB%E7%94%9F%40%E5%B7%9D%E6%9D%91%E8%BB%8D%E5%9B%A3" n3="%E3%82%84%E3%81%A3%E3%81%A1%E3%82%83%E3%82%93%E3%82%88%E3%81%A3%E3%81%A1" dan="16,16,18,16" rate="2128.24,2075.84,2265.51,2116.74" sx="M,M,M,M"/><TAIKYOKU oya="0"/><INIT seed="0,0,0,5,0,7" ten="250,250,250,250" oya="0" hai0="24,122,12,41,44,87,76,53,119,114,109,135,117" hai1="130,64,113,27,37,10,19,4,57,89,116,36,33" hai2="103,51,0,125,106,92,39,100,77,54,20,48,25" hai3="61,32,81,40,21,5,102,124,30,72,11,79,1"/><T99/><D122/><U6/><E116/><V16/><F39/><W80/><G124/><T121/><D114/><U47/><E113/><V23/><F106/><W67/><G102/><T74/><D121/><U112/><E112/><V45/><F125/><W17/><G81/><T115/><D74/><U71/><E71/><V108/><F108/><W65/><G40/><T8/><D115/><U93/><E130/><V46/><F77/><W128/><G128/><T94/><D135/><U29/><E47/><V78/><F78/><W13/><G61/><T56/><D109/><U62/><E19/><V60/><F0/><W59/><G59/><T49/><D24/><AGARI ba="0,0" hai="1,5,11,13,17,21,24,30,32,65,67,72,79,80" machi="24" ten="40,5200,0" yaku="24,2,52,1" doraHai="7" who="3" fromWho="0" sc="250,-52,250,0,250,0,250,52" /><INIT seed="1,0,0,4,3,49" ten="198,250,250,302" oya="1" hai0="51,109,79,40,60,9,77,128,70,72,30,92,98" hai1="94,11,111,1,134,112,104,121,29,56,48,13,66" hai2="81,114,39,27,80,41,88,119,35,76,37,118,131" hai3="126,14,101,8,5,38,87,83,132,102,32,31,64"/><U97/><E121/><V99/><F131/><W52/><G126/><T110/><D72/><U96/><E112/><V130/><F130/><W7/><G132/><T129/><D30/><U19/><E1/><V54/><F114/><W2/><G38/><T10/><D40/><U125/><E134/><V47/><F37/><W15/><G64/><T43/><D43/><U71/><E125/><V68/><F68/><W69/><G69/><T33/><D51/><U58/><E29/><V22/><F35/><W124/><G124/><T44/><D33/><U133/><E133/><V6/><F6/><W53/><G31/><T117/><D44/><U57/><E111/><N who="0" m="42505" /><D60/><U3/><E3/><V116/><F54/><N who="3" m="21099" /><G32/><T4/><D70/><U59/><E66/><V42/><F42/><W82/><G2/><T23/><D23/><U28/><E71/><V78/><F80/><N who="3" m="30763" /><G87/><T46/><D128/><U17/><E28/><V123/><F123/><W108/><G108/><T89/><D129/><U86/><E104/><V24/><F116/><W20/><G20/><T36/><D117/><U73/><E73/><V120/><F22/><W16/><G16/><T65/><D65/><U100/><E19/><V127/><F120/><W12/><G8/><N who="0" m="3179" /><D4/><AGARI ba="0,0" hai="4,5,7,12,14,15,101,102" m="30763,21099" machi="4" ten="30,12000,2" yaku="28,2,8,1,52,3,54,1" doraHai="49" who="3" fromWho="0" sc="198,-120,250,0,250,0,302,120" /><INIT seed="2,0,0,0,3,132" ten="78,250,250,422" oya="2" hai0="65,37,111,18,89,131,92,113,125,101,106,23,121" hai1="110,29,87,122,91,134,77,67,80,3,130,51,105" hai2="68,20,9,72,1,28,32,0,45,59,83,116,75" hai3="107,82,126,93,112,98,48,133,96,61,5,42,58"/><V49/><F68/><W76/><G133/><T104/><D37/><U14/><E3/><V7/><F116/><W118/><G118/><T88/><D111/><U79/><E105/><V66/><F1/><W22/><G112/><T109/><D113/><U73/><E134/><V70/><F70/><W47/><G107/><T114/><D114/><U123/><E29/><V55/><F32/><W69/><G69/><T41/><D109/><U19/><E67/><V120/><F120/><W74/><G5/><T117/><D121/><U71/><E71/><V43/><F66/><W135/><G135/><T34/><D117/><U4/><E4/><V119/><F119/><W33/><G33/><T30/><D65/><U90/><E110/><V27/><REACH who="2" step="1"/><F83/><REACH who="2" ten="78,250,240,422" step="2"/><W115/><G115/><T24/><D131/><U60/><E130/><V78/><F78/><W81/><G81/><T124/><D41/><U2/><E79/><V39/><AGARI ba="0,1" hai="0,7,9,20,27,28,39,43,45,49,55,59,72,75" machi="39" ten="20,3900,0" yaku="1,1,0,1,7,1,53,0" doraHai="132" doraHaiUra="86" who="2" fromWho="2" sc="78,-13,250,-13,240,49,422,-13" /><INIT seed="2,1,0,3,4,34" ten="65,237,289,409" oya="2" hai0="43,31,128,107,5,118,24,74,30,125,71,82,111" hai1="22,132,35,75,83,129,52,105,58,45,12,99,56" hai2="42,50,1,17,29,104,116,119,81,40,48,8,41" hai3="13,33,4,80,100,122,102,10,97,84,130,86,101"/><V133/><F104/><W19/><G122/><T21/><D71/><U110/><E35/><V89/><F29/><W117/><G117/><T114/><D107/><U94/><E105/><V3/><F8/><W18/><G130/><T26/><D118/><N who="2" m="45098" /><F17/><N who="3" m="6155" /><G33/><T46/><D114/><U126/><E129/><V72/><F89/><N who="3" m="51335" /><G86/><T90/><D111/><U85/><E75/><V73/><F81/><W60/><G60/><T11/><D125/><U124/><E124/><V113/><F113/><W92/><AGARI ba="1,0" hai="4,10,13,92,97,100,101,102" m="51335,6155" machi="92" ten="30,1100,0" yaku="8,1" doraHai="34" who="3" fromWho="3" sc="65,-4,237,-4,289,-6,409,14" /><INIT seed="3,0,0,5,0,50" ten="61,233,283,423" oya="3" hai0="103,7,135,77,26,38,101,34,93,78,13,29,80" hai1="89,66,76,102,85,6,46,91,5,90,57,18,83" hai2="20,56,118,44,130,120,61,121,100,94,0,22,3" hai3="107,123,11,15,36,14,128,24,55,116,131,108,70"/><W45/><G123/><N who="2" m="47177" /><F130/><N who="3" m="49707" /><G116/><T88/><D38/><U109/><E109/><V126/><F126/><W23/><G107/><T43/><D135/><U124/><E124/><V84/><F44/><W32/><G70/><T10/><D43/><U134/><E134/><V96/><F84/><W64/><G64/><T4/><D4/><U49/><E102/><V40/><F40/><N who="3" m="22663" /><G32/><T65/><D65/><U1/><E18/><V62/><F62/><W95/><G108/><T47/><D47/><U35/><E35/><V63/><F63/><W97/><G55/><T58/><D58/><U106/><E106/><V60/><F60/><W27/><G11/><T112/><D112/><U19/><E19/><V99/><F99/><W81/><G81/><T37/><D37/><U111/><E1/><N who="2" m="587" /><F118/><W52/><G52/><AGARI ba="0,0" hai="20,22,52,56,61,94,96,100" m="587,47177" machi="52" ten="30,3900,0" yaku="13,1,52,1,54,1" doraHai="50" who="2" fromWho="3" sc="61,0,233,0,283,39,423,-39" /><INIT seed="4,0,0,4,4,119" ten="61,233,322,384" oya="0" hai0="26,95,15,29,101,86,84,32,33,49,60,64,31" hai1="127,116,13,2,92,69,35,71,53,5,117,99,16" hai2="6,111,121,78,81,76,105,87,130,12,43,122,103" hai3="89,65,30,134,102,114,72,90,79,106,107,1,113"/><T100/><D15/><U94/><E35/><V82/><F43/><W77/><G1/><T23/><D49/><U51/><E127/><V55/><F55/><W118/><G65/><T10/><D10/><U74/><E74/><N who="2" m="43159" /><F12/><W17/><G118/><T3/><D3/><U70/><E5/><V93/><F6/><W115/><G17/><T8/><D8/><U25/><E25/><V14/><F14/><W21/><G21/><T58/><D100/><U125/><E94/><V73/><F111/><W61/><G61/><T50/><D50/><U36/><E125/><V124/><F124/><W0/><G30/><T4/><D4/><U131/><E131/><V133/><F130/><W47/><G47/><T34/><REACH who="0" step="1"/><D29/><REACH who="0" ten="51,233,322,384" step="2"/><U54/><E2/><V20/><F103/><W97/><G0/><T57/><D57/><U109/><E117/><V112/><F105/><N who="3" m="63695" /><G134/><T128/><D128/><U126/><E116/><V80/><F133/><W104/><G72/><T56/><D56/><U59/><E126/><V28/><F28/><W9/><G9/><T52/><D52/><U44/><E54/><V11/><F11/><W110/><G110/><T85/><D85/><U135/><E109/><V129/><F129/><W37/><G37/><T83/><D83/><U42/><E135/><V48/><F48/><W75/><G75/><T108/><D108/><U96/><E92/><V27/><F93/><W63/><G63/><T41/><D41/><U68/><E68/><V123/><F82/><W39/><G39/><T22/><D22/><U40/><E40/><V62/><F73/><W24/><G24/><RYUUKYOKU ba="0,1" sc="51,10,233,10,322,-30,384,10" hai0="23,26,31,32,33,34,58,60,64,84,86,95,101" hai1="13,16,36,42,44,51,53,59,69,70,71,96,99" hai3="77,79,89,90,104,106,107,113,114,115" /><INIT seed="4,1,1,0,3,80" ten="61,243,292,394" oya="0" hai0="51,118,123,24,73,113,121,95,55,70,79,10,28" hai1="20,0,9,68,130,49,29,6,134,119,45,46,75" hai2="77,88,56,27,64,15,98,41,122,87,13,91,72" hai3="131,71,101,39,8,43,47,12,63,115,85,97,81"/><T16/><D70/><U5/><E68/><V57/><F72/><W66/><G115/><T104/><D104/><U44/><E119/><V25/><F41/><W33/><G131/><T108/><D118/><U22/><E75/><V83/><F122/><W62/><G33/><T1/><D113/><U100/><E134/><V37/><F37/><W67/><G63/><T132/><D132/><U102/><E130/><V116/><F116/><W14/><G67/><T36/><D36/><U19/><E6/><V34/><F34/><W60/><G60/><T120/><D108/><U93/><E93/><N who="2" m="56615" /><F64/><W42/><G43/><T3/><D95/><U69/><E69/><V65/><F77/><W17/><G14/><N who="2" m="5129" /><F65/><W21/><G8/><T48/><D48/><U82/><E82/><V61/><F61/><W2/><G2/><T18/><D79/><U4/><E4/><V133/><F133/><W125/><G125/><T32/><D73/><U110/><E110/><V26/><AGARI ba="1,1" hai="25,26,27,56,57,83,87,91" m="5129,56615" machi="26" ten="30,4000,0" yaku="8,1,52,1,54,1" doraHai="80" who="2" fromWho="2" sc="61,-21,243,-11,292,53,394,-11" /><INIT seed="5,0,0,4,0,120" ten="40,232,345,383" oya="1" hai0="20,61,36,56,67,23,53,42,63,30,97,48,28" hai1="9,35,90,78,134,33,17,5,52,4,124,88,129" hai2="29,22,49,106,68,31,93,66,91,96,8,117,19" hai3="55,25,118,127,51,62,122,92,60,54,44,113,32"/><U108/><E134/><V79/><F117/><W2/><G122/><T123/><D123/><U58/><E124/><V130/><F130/><W102/><G113/><T69/><D97/><U107/><E107/><V116/><F116/><W132/><G118/><T125/><D125/><U47/><E47/><V7/><F106/><W87/><G127/><T6/><D6/><U133/><E133/><V73/><F73/><W82/><G2/><T114/><D114/><U18/><E78/><V75/><F75/><W89/><G132/><T111/><D111/><U39/><E39/><V14/><F79/><W37/><G37/><T24/><D61/><U119/><E119/><V83/><F83/><W95/><G32/><T57/><D57/><U41/><E41/><V43/><F66/><W1/><G1/><T46/><REACH who="0" step="1"/><D20/><REACH who="0" ten="30,232,345,383" step="2"/><U99/><E108/><V34/><F34/><W13/><G60/><T80/><D80/><U103/><E99/><V104/><F68/><W16/><G62/><T26/><D26/><U85/><E33/><V3/><F104/><W45/><G25/><T84/><D84/><U21/><E35/><V100/><F100/><W72/><G72/><T40/><D40/><U15/><E85/><V98/><F98/><N who="3" m="59743" /><G45/><T101/><D101/><U27/><E103/><V74/><F74/><W77/><G77/><T10/><D10/><U11/><E11/><V12/><F3/><W112/><G82/><T131/><D131/><U38/><E129/><V65/><F96/><W64/><G112/><T121/><D121/><U50/><E4/><V76/><F76/><W135/><G135/><RYUUKYOKU ba="0,1" sc="30,30,232,-10,345,-10,383,-10" hai0="23,24,28,30,36,42,46,48,53,56,63,67,69" /><INIT seed="6,1,1,2,1,59" ten="60,222,335,373" oya="2" hai0="127,42,51,129,117,132,66,73,44,68,1,13,97" hai1="85,65,34,115,22,71,17,102,27,89,122,84,100" hai2="45,118,126,47,109,88,6,124,74,62,103,104,5" hai3="128,87,46,19,58,37,70,21,36,112,32,16,123"/><V131/><F74/><W67/><G123/><T57/><D73/><U41/><E122/><V14/><F118/><W64/><G128/><T49/><D117/><U12/><E115/><V113/><F113/><W29/><G32/><T134/><D1/><U54/><E41/><V24/><F131/><W121/><G121/><T55/><D97/><U93/><E54/><V77/><F77/><W79/><G112/><T0/><D13/><U95/><E65/><N who="3" m="25162" /><G70/><T63/><D0/><U75/><E71/><V120/><F120/><W48/><G37/><T43/><D129/><U106/><E106/><V81/><F24/><N who="3" m="16527" /><G58/><T56/><D127/><N who="2" m="48682" /><F103/><W23/><G36/><T35/><D35/><U18/><E75/><V116/><F104/><W9/><G9/><T91/><D91/><N who="1" m="53487" /><E34/><V72/><F72/><W111/><G111/><T90/><D90/><U82/><E95/><V50/><F109/><W107/><G23/><AGARI ba="1,1" hai="12,17,18,22,23,27,82,84,89,100,102" m="53487" machi="23" ten="30,1000,0" yaku="8,1" doraHai="59" who="1" fromWho="3" sc="60,0,222,23,335,0,373,-13" /><INIT seed="7,0,0,3,1,49" ten="60,245,335,360" oya="3" hai0="116,112,85,51,103,45,34,98,91,28,5,59,46" hai1="39,84,9,90,71,132,27,10,11,33,41,64,131" hai2="105,82,12,124,17,19,29,121,110,97,95,61,109" hai3="77,117,14,50,89,37,100,118,75,6,8,87,70"/><W32/><G70/><T16/><D116/><U55/><E132/><V62/><F105/><W63/><G37/><T81/><D112/><U130/><E55/><V129/><F121/><W4/><G32/><T76/><D5/><U126/><E126/><V23/><F124/><W58/><G100/><T24/><D76/><U3/><E64/><V111/><F129/><N who="1" m="49161" /><E71/><V101/><F29/><W88/><G6/><T1/><D1/><U44/><E27/><V57/><F82/><W22/><G50/><T120/><D120/><U65/><E65/><V56/><F19/><W127/><G127/><T133/><D133/><U20/><E20/><V102/><F102/><W128/><G128/><T36/><D36/><U7/><E33/><V113/><F113/><W125/><G125/><T119/><D119/><U35/><E35/><V52/><F110/><W30/><G75/><T94/><D34/><U43/><E43/><V115/><F115/><W42/><G42/><T108/><D108/><U2/><E2/><V13/><F13/><W69/><G69/><T26/><D28/><U123/><E123/><V93/><F93/><AGARI ba="0,0" hai="3,7,9,10,11,39,41,44,84,90,93" m="49161" machi="93" ten="30,1000,0" yaku="19,1" doraHai="49" who="1" fromWho="2" sc="60,0,245,10,335,-10,360,0" owari="60,-44.0,255,-14.0,325,13.0,360,45.0" /></mjloggm>