<mjloggm ver="2.3"><GO type="225" lobby="0"/><UN n0="%E5%90%91%E4%BA%95%E7%90%86" n1="%43%69%6E%65%63%75%73%73" n2="%E9%87%8C%E4%B8%AD%E4%BA%9C%E7%9F%A2%E5%AD%90" n3="%E5%B0%B1%E6%B4%BB%E7%94%9F%40%E5%B7%9D%E6%9D%91%E8%BB%8D%E5%9B%A3" dan="16,17,16,17" rate="2085.66,2193.63,2068.93,2175.99" sx="M,M,M,M"/><TAIKYOKU oya="0"/><INIT seed="0,0,0,2,5,81" ten="250,250,250,250" oya="0" hai0="39,124,102,90,110,3,85,76,17,2,38,87,71" hai1="16,103,60,123,73,23,63,61,25,34,6,33,32" hai2="111,36,22,31,28,86,62,50,26,9,107,105,21" hai3="108,127,13,45,24,4,94,95,117,20,27,53,97"/><T11/><D71/><U84/><E73/><V5/><F36/><W115/><G108/><T44/><D102/><U70/><E123/><V7/><F111/><W92/><G127/><T132/><D124/><U19/><E103/><V78/><F50/><N who="3" m="28879" /><G117/><T72/><D110/><U96/><E96/><V133/><F133/><W99/><G115/><T118/><D118/><U125/><E125/><V15/><F62/><W37/><G37/><T18/><D132/><U47/><E6/><V67/><F67/><W12/><G24/><T128/><D90/><U49/><E19/><N who="0" m="7177" /><D2/><U8/><E8/><V51/><F5/><W0/><G0/><T43/><D38/><U10/><E10/><V112/><F112/><W30/><G4/><N who="0" m="1439" /><D128/><U106/><E106/><V56/><F107/><W126/><G126/><T134/><D134/><U89/><E70/><V135/><F105/><W98/><AGARI ba="0,0" hai="12,13,20,27,30,92,94,95,97,98,99" m="28879" machi="98" ten="30,1100,0" yaku="8,1" doraHai="81" who="3" fromWho="3" sc="250,-5,250,-3,250,-3,250,11" /><INIT seed="1,0,0,3,3,7" ten="245,247,247,261" oya="1" hai0="70,29,81,35,113,73,112,59,25,3,52,4,10" hai1="93,44,94,75,95,45,48,58,84,13,37,78,16" hai2="46,135,33,57,116,22,100,39,83,119,9,92,76" hai3="121,130,19,36,27,20,115,0,34,31,104,107,53"/><U1/><E1/><V17/><F33/><W18/><G36/><T66/><D66/><U91/><E37/><V50/><F135/><W88/><G121/><T65/><D65/><U5/><E5/><V85/><F39/><W56/><G115/><T101/><D101/><U80/><E58/><V14/><F57/><W63/><G0/><T26/><D70/><U102/><E102/><V110/><F110/><W30/><G130/><T51/><REACH who="0" step="1"/><D25/><REACH who="0" ten="235,247,247,261" step="2"/><U118/><E118/><V117/><F117/><W38/><G107/><T90/><D90/><U42/><REACH who="1" step="1"/><E45/><REACH who="1" ten="235,237,247,261" step="2"/><V11/><F119/><W71/><G104/><T28/><D28/><U60/><E60/><V123/><F116/><W86/><G71/><T82/><D82/><U74/><E74/><V54/><F123/><W96/><G30/><T69/><D69/><U77/><E77/><AGARI ba="0,2" hai="3,4,10,26,29,35,51,52,59,73,77,81,112,113" machi="77" ten="40,8000,1" yaku="1,1,52,1,54,1,53,1" doraHai="7" doraHaiUra="55" who="0" fromWho="1" sc="235,100,237,-80,247,0,261,0" /><INIT seed="2,0,0,4,5,116" ten="335,157,247,261" oya="2" hai0="86,97,65,125,85,22,103,129,87,14,130,135,134" hai1="68,36,21,118,20,126,102,123,90,48,106,51,108" hai2="35,66,88,115,96,9,25,23,1,29,31,2,111" hai3="54,99,127,95,98,107,121,132,52,122,49,56,45"/><V70/><F66/><W30/><G127/><T32/><D32/><U63/><E36/><V133/><F70/><W28/><G132/><N who="0" m="50731" /><D65/><U16/><E118/><V78/><F133/><W4/><G4/><T128/><D14/><U114/><E114/><V24/><F78/><W37/><G107/><N who="0" m="63983" /><D22/><U100/><E126/><AGARI ba="0,0" hai="85,86,87,125,126,128,129,130" m="63983,50731" machi="126" ten="40,12000,2" yaku="30,2,19,1,20,1,34,2" doraHai="116" who="0" fromWho="1" sc="335,120,157,-120,247,0,261,0" /><INIT seed="3,0,0,4,5,94" ten="455,37,247,261" oya="3" hai0="84,42,7,51,20,37,14,118,78,108,21,89,113" hai1="125,41,40,43,53,15,65,10,47,8,29,106,134" hai2="130,81,112,1,61,67,97,92,3,62,46,68,16" hai3="27,91,66,60,74,33,77,105,26,114,109,102,123"/><W55/><G123/><T9/><D37/><U0/><E106/><V30/><F112/><W124/><G114/><T87/><D108/><U73/><E73/><V6/><F130/><W32/><G109/><T122/><D118/><U98/><E98/><V25/><F6/><W99/><G124/><T120/><D113/><U75/><E75/><V85/><F16/><W88/><G55/><T135/><D135/><U121/><E121/><V93/><F61/><W31/><G77/><T115/><D115/><U50/><E50/><V54/><F92/><W110/><G74/><T58/><D120/><U95/><E95/><V56/><F68/><W35/><G110/><T2/><D2/><U57/><E57/><V18/><F18/><W11/><G11/><T96/><D78/><U23/><E23/><V70/><F46/><W17/><G17/><T45/><D58/><U76/><E76/><V129/><F129/><W80/><G80/><T24/><D122/><U83/><E83/><V100/><F70/><N who="3" m="42311" /><G27/><T107/><D107/><U4/><E4/><V36/><F54/><W39/><G39/><T28/><D21/><U127/><E127/><V52/><F52/><W104/><G104/><T12/><D12/><U48/><E48/><V64/><F64/><W128/><G128/><T116/><D116/><U117/><E117/><V126/><F126/><W103/><G102/><T90/><D90/><AGARI ba="0,0" hai="26,31,32,33,35,88,90,91,99,103,105" m="42311" machi="90" ten="30,5800,0" yaku="25,1,52,1,54,1" doraHai="94" who="3" fromWho="0" sc="455,-58,37,0,247,0,261,58" /><INIT seed="3,1,0,2,3,30" ten="397,37,247,319" oya="3" hai0="72,96,9,56,70,68,134,116,36,64,18,46,6" hai1="122,88,5,90,76,58,73,82,13,123,37,8,26" hai2="128,94,78,75,11,33,105,69,71,110,93,24,3" hai3="60,15,52,42,4,125,133,17,34,44,45,119,57"/><W98/><G119/><T132/><D72/><U53/><E37/><V100/><F94/><W108/><G34/><T28/><D116/><U16/><E122/><V135/><F93/><W25/><G125/><T62/><D18/><U129/><E129/><V50/><F50/><W2/><G133/><N who="0" m="51307" /><D28/><U103/><E123/><V95/><F95/><W32/><G108/><T86/><D96/><U127/><E127/><V51/><F51/><W31/><G98/><T66/><D66/><U67/><E67/><V104/><F135/><W0/><G4/><T85/><D46/><U39/><E39/><V55/><F55/><W115/><G115/><T40/><D40/><U80/><E103/><V29/><F110/><W14/><G14/><N who="0" m="5431" /><D36/><U131/><E131/><V19/><F19/><W101/><G101/><T117/><D117/><U84/><E73/><V47/><F128/><W109/><G109/><T97/><D97/><U102/><E102/><V38/><F100/><W113/><G113/><T114/><D114/><U83/><E76/><V130/><F130/><W77/><G77/><T63/><D63/><U10/><E90/><V118/><F118/><W41/><G45/><T21/><D21/><U59/><E59/><V111/><F111/><W106/><G106/><N who="2" m="41065" /><F78/><W7/><G7/><T27/><D27/><U23/><E8/><V65/><F75/><W20/><G42/><T49/><D49/><AGARI ba="1,0" hai="0,2,15,17,20,25,31,32,41,44,49,52,57,60" machi="49" ten="30,5800,0" yaku="7,1,52,1,54,1" doraHai="30" who="3" fromWho="0" sc="397,-61,37,0,247,0,319,61" owari="336,14.0,37,-46.0,247,-15.0,380,47.0" /></mjloggm>