<mjloggm ver="2.3"><GO type="225" lobby="0"/><UN n0="%E5%A9%9A%E6%B4%BB%E7%94%9F%40%E5%B7%9D%E6%9D%91%E8%BB%8D%E5%9B%A3" n1="%E3%82%A6%E3%83%AB%E3%83%88%E3%83%A9%E7%AB%8B%E7%9B%B4" n2="%E3%83%9A%E3%83%81%E3%83%A7%E3%83%BC%E3%83%AA%E3%83%B3" n3="%E7%89%8C%E5%AD%90" dan="16,17,17,17" rate="2162.49,2144.88,2179.02,2177.26" sx="M,M,M,F"/><TAIKYOKU oya="0"/><INIT seed="0,0,0,2,3,112" ten="250,250,250,250" oya="0" hai0="120,66,23,32,46,34,18,58,30,25,65,38,4" hai1="44,72,90,108,119,41,67,132,36,14,43,101,135" hai2="79,12,83,77,52,131,122,0,130,6,48,106,45" hai3="133,115,74,62,21,100,84,57,53,8,123,114,109"/><T3/><D120/><U11/><E72/><V103/><F122/><W105/><G123/><T127/><D127/><U50/><E101/><V51/><F0/><W102/><G74/><T13/><D34/><U24/><E67/><V9/><F103/><W88/><G109/><T111/><D111/><U59/><E108/><V124/><F106/><W10/><G133/><T55/><D46/><U126/><E126/><V107/><F107/><W40/><G114/><T19/><D19/><U37/><E24/><V29/><F29/><W61/><G115/><T110/><D38/><U78/><E78/><V134/><F134/><W26/><G40/><T81/><D81/><U35/><E35/><V73/><F124/><W1/><G62/><T70/><D70/><U2/><E2/><V5/><F79/><W104/><G104/><T76/><D76/><U22/><E22/><V80/><F80/><W33/><G33/><T49/><REACH who="0" step="1"/><D110/><REACH who="0" ten="240,250,250,250" step="2"/><U92/><E44/><V96/><F83/><N who="3" m="49183" /><G105/><T117/><D117/><U128/><E119/><V129/><F77/><W116/><G116/><T97/><D97/><U47/><E37/><V68/><F68/><W69/><G69/><T91/><D91/><U85/><E132/><V31/><F73/><W89/><G89/><T94/><D94/><U15/><E36/><V87/><F96/><W63/><G102/><T16/><D16/><U60/><E90/><V93/><F131/><W95/><G100/><T98/><D98/><U39/><E92/><V99/><F130/><W75/><G95/><T56/><D56/><U28/><E59/><V7/><F129/><RYUUKYOKU ba="0,1" sc="240,30,250,-10,250,-10,250,-10" hai0="3,4,13,18,23,25,30,32,49,55,58,65,66" /><INIT seed="0,1,1,0,4,10" ten="270,240,240,240" oya="0" hai0="74,30,106,109,16,73,128,22,52,71,57,11,3" hai1="62,33,39,19,124,99,91,100,18,9,94,97,122" hai2="72,92,45,129,7,35,88,75,67,79,58,70,37" hai3="44,114,66,104,49,46,90,50,118,84,113,41,115"/><T120/><D71/><U51/><E39/><V60/><F35/><W121/><G104/><T112/><D106/><U4/><E33/><V77/><F129/><W123/><G118/><T55/><D112/><U131/><E122/><V85/><F7/><W2/><G2/><T56/><D120/><U1/><E131/><V101/><F101/><W78/><G78/><T76/><D128/><U98/><E124/><V95/><F70/><W86/><G66/><T64/><D64/><U110/><E62/><V65/><F65/><W28/><G28/><T83/><D74/><U89/><E110/><V8/><F8/><W20/><G20/><T61/><D109/><U96/><E51/><V133/><F133/><W132/><G132/><T36/><D36/><U25/><E25/><V47/><F95/><W68/><G68/><T126/><D126/><U48/><E48/><V103/><F103/><W81/><REACH who="3" step="1"/><G84/><REACH who="3" ten="270,240,240,230" step="2"/><N who="0" m="48231" /><D3/><U12/><E1/><V21/><F21/><W5/><G5/><T117/><D73/><U15/><E4/><V127/><F127/><W82/><G82/><T43/><D117/><U69/><E69/><V13/><F75/><W59/><G59/><T125/><D125/><U102/><E100/><V0/><F72/><W26/><G26/><N who="0" m="16727" /><D56/><U63/><E102/><V6/><F0/><W23/><G23/><T34/><D34/><U135/><E135/><V32/><F32/><W38/><G38/><T119/><D119/><U111/><E111/><V54/><F37/><W42/><AGARI ba="1,2" hai="41,42,44,46,49,50,81,86,90,113,114,115,121,123" machi="42" ten="40,5200,0" yaku="1,1,0,1,9,1,53,0" doraHai="10" doraHaiUra="27" who="3" fromWho="3" sc="270,-27,240,-14,240,-14,230,75" /><INIT seed="1,0,0,2,3,23" ten="243,226,226,305" oya="1" hai0="125,95,92,89,72,93,15,8,107,115,99,131,49" hai1="58,128,60,50,130,16,90,5,47,14,104,4,84" hai2="122,54,109,48,114,34,132,98,123,135,7,120,116" hai3="31,103,83,126,27,56,19,124,38,74,127,59,29"/><U102/><E102/><V86/><F34/><W79/><G38/><T134/><D72/><U70/><E104/><V121/><N who="2" m="30720" /><DORA hai="96" /><V87/><F116/><W3/><G3/><T1/><D1/><U73/><E70/><V88/><F7/><W25/><G19/><T82/><D115/><U22/><E73/><V133/><F114/><W37/><G37/><T35/><D35/><U40/><E130/><V76/><F109/><W30/><G103/><T57/><D125/><U111/><E111/><V10/><F10/><W100/><G100/><T67/><D107/><U26/><E14/><V81/><F54/><W69/><G69/><T28/><D28/><U119/><E119/><V45/><F48/><W17/><G17/><N who="0" m="8423" /><D134/><U46/><E46/><V77/><F45/><W94/><G94/><N who="0" m="56783" /><D82/><N who="1" m="49431" /><E128/><V36/><F36/><W61/><REACH who="3" step="1"/><G59/><REACH who="3" ten="243,226,226,295" step="2"/><T113/><D131/><U43/><E43/><V91/><F98/><W42/><G42/><T71/><D71/><U129/><E129/><V108/><F108/><W33/><G33/><T112/><D112/><U12/><E12/><V21/><F21/><W68/><G68/><T6/><D113/><U118/><E118/><V66/><F66/><AGARI ba="0,1" hai="25,27,29,30,31,56,61,66,74,79,83,124,126,127" machi="66" ten="50,8000,1" yaku="1,1,18,1,52,2,53,1" doraHai="23,96" doraHaiUra="78,64" who="3" fromWho="2" sc="243,0,226,0,226,-80,295,90" /><AGARI ba="0,0" hai="4,5,16,22,26,40,47,50,58,60,66" m="49431" machi="66" ten="30,5800,0" yaku="8,1,52,1,54,1" doraHai="23,96" who="1" fromWho="2" sc="243,0,226,58,146,-58,385,0" /><INIT seed="1,1,0,3,3,41" ten="243,284,88,385" oya="1" hai0="94,29,119,47,102,16,56,126,115,92,85,55,134" hai1="49,11,133,57,131,68,26,91,118,105,125,87,24" hai2="25,40,82,38,44,34,18,116,66,28,59,15,23" hai3="103,8,61,97,123,17,1,2,120,60,77,22,106"/><U90/><E68/><V124/><F124/><W80/><G123/><T73/><D73/><U98/><E118/><V84/><F116/><W4/><G2/><T0/><D0/><U9/><E125/><V78/><F66/><W104/><G104/><T114/><D126/><U51/><E105/><V43/><F59/><W10/><G10/><T110/><D119/><U113/><E113/><V88/><REACH who="2" step="1"/><F40/><REACH who="2" ten="243,284,78,385" step="2"/><W48/><G120/><T112/><D56/><U135/><E57/><V71/><F71/><W46/><G61/><T121/><D114/><U76/><E135/><V6/><F6/><W12/><G60/><T130/><D134/><U72/><E133/><V31/><F31/><W96/><G4/><T95/><D29/><U81/><E131/><V101/><F101/><W69/><G69/><T32/><D102/><U122/><E122/><V45/><F45/><W63/><G63/><T74/><D47/><U19/><E19/><V99/><F99/><W52/><G97/><T30/><D130/><U53/><E98/><V65/><F65/><W108/><G108/><T35/><D121/><U117/><E117/><V109/><F109/><W14/><G96/><T128/><D16/><U127/><E127/><V5/><F5/><W37/><G103/><T100/><D100/><U3/><E53/><V20/><F20/><W67/><G106/><T58/><D128/><U107/><E107/><V70/><F70/><W54/><G67/><T39/><D112/><U7/><E7/><V27/><F27/><W42/><G54/><T129/><D110/><U79/><E24/><V86/><F86/><RYUUKYOKU ba="1,1" sc="243,-10,284,-10,78,30,385,-10" hai2="15,18,23,25,28,34,38,43,44,78,82,84,88" /><INIT seed="2,2,1,4,2,75" ten="233,274,108,375" oya="2" hai0="128,54,33,6,127,60,44,11,14,129,9,84,2" hai1="119,100,72,104,55,133,105,117,115,88,46,1,98" hai2="95,125,27,74,68,7,103,26,94,10,35,110,118" hai3="12,109,135,79,69,42,36,28,43,0,5,18,124"/><V70/><F118/><W85/><G69/><T83/><D33/><U132/><E1/><V47/><F74/><W97/><G36/><T61/><D127/><U49/><E105/><V63/><F125/><W126/><G126/><T134/><D134/><N who="1" m="51819" /><E115/><V93/><F110/><W108/><G124/><T19/><D44/><U4/><E4/><V58/><F103/><W86/><G135/><T112/><D112/><U65/><E72/><V51/><F35/><W77/><G97/><T45/><D45/><U24/><E65/><N who="2" m="39159" /><F68/><W13/><G28/><T92/><D92/><N who="2" m="23554" /><V34/><DORA hai="120" /><F70/><W56/><G0/><T67/><D54/><U22/><E88/><V87/><F87/><W114/><G56/><T20/><D20/><U96/><E96/><V73/><F73/><W90/><G90/><N who="0" m="51487" /><D67/><U99/><E99/><V41/><F34/><W52/><G114/><T76/><D76/><U81/><E81/><V15/><AGARI ba="2,1" hai="7,10,15,26,27,41,47,51" m="23554,39159" machi="15" ten="30,1500,0" yaku="8,1" doraHai="75,120" who="2" fromWho="2" sc="233,-7,274,-7,108,31,375,-7" /><INIT seed="2,3,0,3,1,117" ten="226,267,139,368" oya="2" hai0="129,99,12,103,91,77,124,80,62,19,4,56,119" hai1="41,45,13,54,36,35,121,52,34,39,17,6,23" hai2="61,18,69,70,127,107,8,118,104,135,67,75,24" hai3="133,108,132,134,115,63,51,66,32,55,90,44,31"/><V46/><F118/><W83/><G108/><T109/><D119/><U64/><E64/><V94/><F75/><W101/><G115/><T21/><D109/><U92/><E39/><V38/><F127/><W111/><G111/><T97/><D124/><U16/><E6/><V105/><F135/><W100/><G31/><T20/><D129/><U43/><E43/><V95/><F70/><N who="3" m="42335" /><G32/><T74/><D4/><U53/><E121/><V126/><F126/><W89/><G83/><T40/><D40/><U29/><E29/><V125/><F125/><W5/><G5/><T7/><D7/><U102/><REACH who="1" step="1"/><E17/><REACH who="1" ten="226,257,139,368" step="2"/><V72/><F72/><W85/><G85/><T106/><D97/><AGARI ba="3,1" hai="13,16,23,34,35,36,41,45,52,53,54,92,97,102" machi="97" ten="40,8000,1" yaku="1,1,2,1,54,2,53,0" doraHai="117" doraHaiUra="123" who="1" fromWho="0" sc="226,-89,257,99,139,0,368,0" /><INIT seed="3,0,0,5,4,98" ten="137,356,139,368" oya="3" hai0="24,28,15,126,7,62,130,127,92,97,132,135,26" hai1="59,114,19,124,67,27,83,77,95,100,63,6,41" hai2="8,72,120,111,49,21,53,108,94,119,113,52,86" hai3="2,71,125,32,104,16,64,109,85,74,99,14,43"/><W20/><G74/><T129/><D62/><U22/><E114/><V80/><F113/><W89/><G43/><T42/><D42/><U40/><E124/><N who="0" m="47657" /><D7/><U57/><E6/><V1/><F119/><W79/><G125/><T101/><D15/><U61/><E95/><V78/><F120/><W87/><G2/><T47/><D47/><U69/><E100/><V128/><F128/><N who="0" m="49258" /><D28/><U123/><E123/><V105/><F105/><W102/><G32/><T5/><D5/><U45/><E45/><V91/><F21/><W18/><G71/><T133/><AGARI ba="0,0" hai="24,26,92,97,101,132,133,135" m="49258,47657" machi="133" ten="40,32000,5" yakuman="39" doraHai="98" who="0" fromWho="0" sc="137,320,356,-80,139,-80,368,-160" owari="457,55.0,276,8.0,59,-44.0,208,-19.0" /></mjloggm>