<mjloggm ver="2.3"><GO type="169" lobby="0"/><UN n0="%E7%84%9A%E3%81%8D%E7%81%AB" n1="%73%69%6E%73%69%73%74" n2="%E3%83%94%E3%83%B3%E3%82%AF%E3%81%AE%E3%81%84%E3%81%BC%E3%81%84%E3%81%BC" n3="%E3%82%A6%E3%83%AB%E3%83%88%E3%83%A9%E7%AB%8B%E7%9B%B4" dan="18,16,16,17" rate="2218.98,2151.17,2166.59,2115.74" sx="M,M,M,M"/><TAIKYOKU oya="0"/><INIT seed="0,0,0,1,3,47" ten="250,250,250,250" oya="0" hai0="61,17,122,4,52,113,29,107,0,80,39,118,87" hai1="54,31,109,135,66,35,102,89,79,42,65,38,55" hai2="96,9,16,2,75,92,133,110,56,131,48,104,13" hai3="46,30,20,62,121,90,84,36,15,14,40,111,33"/><T49/><D113/><U72/><E102/><V101/><F110/><W99/><G111/><T28/><D118/><U74/><E109/><V129/><F75/><W119/><G119/><T134/><D122/><U11/><E135/><V50/><F133/><W24/><G121/><T100/><D39/><U22/><E35/><V91/><F56/><W34/><G99/><T26/><D134/><U81/><E72/><V5/><F104/><W103/><G103/><T37/><D37/><U71/><E89/><V127/><F127/><W117/><G117/><T63/><D0/><U132/><E132/><V1/><F101/><W32/><REACH who="3" step="1"/><G62/><REACH who="3" ten="250,250,250,240" step="2"/><N who="0" m="23563" /><D100/><U82/><E65/><V116/><F116/><W88/><G88/><N who="0" m="51303" /><D107/><U7/><E66/><V69/><F69/><W68/><G68/><T115/><D115/><U98/><E71/><V112/><F112/><W58/><G58/><N who="0" m="33039" /><D4/><U43/><E7/><V97/><F1/><W41/><G41/><T83/><D83/><AGARI ba="0,1" hai="14,15,20,24,30,32,33,34,36,40,46,83,84,90" machi="83" ten="40,5200,0" yaku="1,1,53,2" doraHai="47" doraHaiUra="10" who="3" fromWho="0" sc="250,-52,250,0,250,0,240,62" /><INIT seed="1,0,0,3,4,71" ten="198,250,250,302" oya="1" hai0="68,106,105,55,116,33,91,36,134,15,100,3,73" hai1="38,46,52,16,85,14,21,131,130,65,5,13,56" hai2="135,128,109,64,121,119,49,110,72,70,114,37,75" hai3="45,8,35,59,124,43,50,4,48,108,76,62,0"/><U118/><E118/><V89/><RYUUKYOKU type="yao9" ba="0,0" sc="198,0,250,0,250,0,302,0" hai2="37,49,64,70,72,75,89,109,110,114,119,121,128,135" /><INIT seed="1,1,0,0,1,108" ten="198,250,250,302" oya="1" hai0="73,82,92,52,88,57,99,46,75,64,105,79,98" hai1="19,66,104,9,124,18,59,107,135,20,58,53,123" hai2="48,37,55,67,8,80,16,131,10,45,115,60,11" hai3="7,106,71,78,126,129,12,87,110,81,56,68,95"/><U84/><E123/><V91/><F131/><W43/><G110/><T32/><D32/><U44/><E124/><V35/><F35/><W132/><G129/><T30/><D30/><U102/><E135/><V114/><F37/><W85/><G106/><T134/><D134/><U76/><E102/><V62/><F16/><N who="1" m="6185" /><E107/><V49/><F49/><W118/><G132/><T127/><D127/><U120/><E104/><V50/><F50/><W70/><G126/><T14/><D64/><U61/><E120/><V27/><F27/><W38/><G118/><T133/><D133/><U119/><E119/><V128/><F128/><W26/><G26/><T77/><D46/><U96/><E96/><V69/><REACH who="2" step="1"/><F62/><REACH who="2" ten="198,250,240,302" step="2"/><W36/><G38/><T63/><D14/><U121/><E121/><V109/><F109/><W28/><G12/><T3/><D3/><U116/><E116/><V54/><F54/><W89/><G36/><T4/><D4/><U103/><E44/><V17/><F17/><W40/><G7/><T1/><D1/><U65/><E20/><V47/><F47/><W33/><G33/><T41/><D41/><U5/><E53/><V94/><F94/><W6/><G6/><T22/><D22/><U34/><E34/><V97/><F97/><W93/><G43/><T111/><D111/><U0/><E61/><V130/><F130/><W29/><G40/><T13/><D13/><U39/><E39/><V112/><F112/><W42/><G42/><T90/><D105/><U101/><E0/><V24/><F24/><W51/><G95/><T25/><D99/><U21/><E5/><RYUUKYOKU ba="1,1" sc="198,-15,250,-15,240,15,302,15" hai2="8,10,11,45,48,55,60,67,69,80,91,114,115" hai3="28,29,51,56,68,70,71,78,81,85,87,89,93" /><INIT seed="2,2,1,5,4,53" ten="183,235,255,317" oya="2" hai0="38,66,65,118,50,134,85,67,41,87,105,5,89" hai1="60,1,43,80,27,131,31,39,26,113,17,13,130" hai2="47,54,103,92,101,48,18,107,59,102,123,99,117" hai3="74,90,100,132,98,3,37,82,127,12,104,0,58"/><V111/><F123/><W95/><G37/><T109/><D105/><U81/><E113/><V129/><F117/><W64/><G12/><T125/><D118/><U11/><E1/><V135/><F135/><W33/><G33/><T25/><D134/><U19/><E19/><V93/><F129/><N who="1" m="49161" /><E27/><V10/><F111/><W108/><G108/><T61/><D38/><U126/><E126/><V69/><F69/><W24/><G24/><T20/><D125/><U29/><E29/><V115/><F115/><W96/><G132/><T73/><D73/><U70/><E43/><N who="2" m="24703" /><F107/><W8/><G8/><T79/><D5/><U119/><E39/><V78/><F78/><W106/><G106/><T114/><D79/><U75/><E75/><V91/><F10/><W42/><G42/><T51/><D85/><U94/><E94/><N who="2" m="56799" /><F18/><W45/><G3/><T15/><D114/><U122/><E122/><V32/><F32/><W4/><G0/><T112/><D112/><U23/><E119/><V56/><F56/><W49/><G127/><T62/><D109/><U40/><E40/><V97/><F97/><W110/><G110/><T22/><D41/><U86/><E86/><V68/><F68/><W55/><G4/><T133/><D133/><U7/><E7/><V30/><F30/><W84/><G98/><T21/><D87/><U128/><E128/><V120/><F120/><W9/><G9/><T63/><D89/><U83/><E70/><V44/><F44/><W46/><G46/><T28/><D28/><U76/><E76/><V72/><F72/><W52/><G74/><T6/><D6/><RYUUKYOKU ba="2,1" sc="183,-15,235,15,255,15,317,-15" hai1="11,13,17,23,26,31,60,80,81,83" hai2="54,59,92,93,101,102,103" /><INIT seed="2,3,1,4,5,111" ten="168,250,270,302" oya="2" hai0="31,94,93,129,45,127,107,44,105,7,88,100,29" hai1="119,36,133,126,35,74,58,125,77,117,15,112,102" hai2="57,8,16,81,122,43,78,41,116,71,131,5,79" hai3="90,115,84,86,24,0,64,6,28,87,121,19,23"/><V9/><F116/><N who="1" m="44617" /><E35/><V134/><F71/><W124/><G121/><T33/><D7/><U113/><E36/><V80/><F122/><W10/><G124/><N who="1" m="47722" /><E133/><V2/><F134/><W14/><G64/><T92/><D127/><U25/><E25/><V42/><F131/><W67/><G67/><T73/><D73/><U47/><E47/><V114/><F114/><N who="1" m="44137" /><E58/><V48/><F57/><W12/><G115/><T49/><D44/><U26/><E26/><V50/><F48/><W120/><G120/><T51/><D51/><U56/><E56/><V95/><F50/><W76/><G14/><T110/><D33/><U27/><E27/><V91/><F2/><W83/><G76/><N who="2" m="29225" /><F5/><W39/><G39/><T54/><D49/><U98/><E15/><N who="2" m="7271" /><F9/><AGARI ba="3,1" hai="0,6,9,10,12,19,23,24,28,83,84,86,87,90" machi="9" ten="30,1000,0" yaku="7,1" doraHai="111" who="3" fromWho="2" sc="168,0,250,0,270,-19,302,29" /><INIT seed="3,0,0,4,4,28" ten="168,250,251,331" oya="3" hai0="54,18,17,52,67,118,123,81,51,24,47,4,55" hai1="82,29,3,31,60,34,75,122,16,92,0,56,107" hai2="53,132,93,125,40,101,1,79,57,109,43,63,124" hai3="127,126,113,13,25,68,5,88,71,86,91,32,65"/><W90/><G113/><T58/><D118/><U30/><E107/><V105/><F105/><W19/><G86/><T61/><D123/><U6/><E122/><V42/><F109/><W23/><G65/><T12/><D81/><U89/><E6/><V87/><F1/><W62/><G62/><T117/><D117/><U106/><E106/><V135/><F79/><W131/><G131/><T114/><D114/><U48/><E48/><V8/><F8/><W50/><G50/><T72/><D72/><U73/><E34/><V110/><F110/><W83/><G83/><T15/><D24/><U129/><E129/><V116/><F116/><W100/><G100/><T133/><D133/><N who="2" m="51274" /><F87/><W26/><G26/><T21/><REACH who="0" step="1"/><D4/><REACH who="0" ten="158,250,251,331" step="2"/><U22/><E82/><V108/><F108/><W45/><G5/><T94/><D94/><U120/><E73/><V11/><F93/><W130/><G130/><T2/><D2/><U46/><E75/><V20/><F125/><W98/><G127/><T27/><D27/><N who="1" m="14791" /><E120/><V59/><F124/><W104/><G126/><T66/><D66/><N who="1" m="39175" /><E3/><V33/><F33/><W49/><G32/><T69/><D69/><U39/><E0/><V38/><F38/><W80/><G80/><T121/><D121/><U96/><E39/><V103/><F63/><W99/><G104/><T14/><D14/><U9/><E92/><V85/><F101/><W44/><G25/><T7/><D7/><U102/><E102/><V37/><F103/><W111/><G111/><T115/><D115/><U76/><E76/><V36/><F36/><W70/><G49/><T77/><D77/><RYUUKYOKU ba="0,1" sc="158,15,250,-15,251,-15,331,15" hai0="12,15,17,18,21,47,51,52,54,55,58,61,67" hai3="13,19,23,44,45,68,70,71,88,90,91,98,99" /><INIT seed="3,1,1,4,5,113" ten="173,235,236,346" oya="3" hai0="85,59,1,95,54,73,50,56,108,128,84,92,106" hai1="122,36,135,3,22,82,18,118,83,42,132,33,38" hai2="8,107,21,114,93,130,96,11,12,57,131,100,133" hai3="24,88,43,32,41,2,117,48,47,37,103,76,34"/><W0/><G103/><T80/><D106/><U77/><E122/><V67/><F114/><W63/><G117/><T74/><D1/><U120/><E33/><V126/><F126/><W72/><G63/><T17/><D128/><N who="2" m="49194" /><F133/><N who="1" m="51273" /><E3/><V70/><F70/><W28/><G34/><T20/><D108/><U101/><E101/><V44/><F44/><W110/><G43/><T99/><D73/><U69/><E69/><V75/><F75/><W86/><G48/><T58/><D74/><N who="1" m="43319" /><E120/><V25/><F12/><W5/><G110/><T40/><D40/><U46/><E83/><V125/><F107/><W55/><G55/><T15/><D99/><U90/><E90/><V112/><F125/><W9/><G2/><T102/><D102/><U60/><E60/><N who="2" m="38287" /><F112/><W31/><G31/><AGARI ba="1,1" hai="8,11,21,25,31,93,96,100" m="38287,49194" machi="31" ten="30,2000,0" yaku="25,1,19,1" doraHai="113" who="2" fromWho="3" sc="173,0,235,0,236,33,346,-23" /><INIT seed="4,0,0,2,4,75" ten="173,235,269,323" oya="0" hai0="93,115,10,106,55,68,58,127,54,81,80,69,1" hai1="4,119,83,82,6,111,62,129,44,97,43,45,107" hai2="78,105,117,70,90,53,29,100,40,32,33,66,57" hai3="96,132,23,21,74,61,42,52,37,87,79,94,122"/><T50/><D106/><U134/><E111/><V89/><F40/><W11/><G74/><T116/><D116/><U104/><E119/><V0/><F0/><W91/><G37/><T18/><D115/><U103/><E129/><V5/><F5/><W15/><G42/><T84/><D127/><U101/><E62/><V51/><F33/><W113/><G113/><T133/><D133/><U8/><E134/><V59/><F59/><N who="3" m="35047" /><G122/><T121/><D121/><U130/><E130/><V30/><F32/><W41/><G41/><T19/><D93/><U120/><E120/><V38/><F38/><W65/><G65/><T95/><D95/><U99/><E43/><V67/><F70/><W12/><G12/><T109/><D109/><U47/><REACH who="1" step="1"/><E6/><REACH who="1" ten="173,225,269,323" step="2"/><V3/><F117/><W73/><G132/><T46/><D69/><U102/><E102/><V98/><F100/><W131/><G131/><T27/><D68/><U92/><E92/><V128/><F105/><W112/><G112/><T88/><D80/><U20/><E20/><V135/><F135/><W48/><G23/><N who="0" m="13815" /><D1/><AGARI ba="0,1" hai="1,4,8,44,45,47,82,83,97,99,101,103,104,107" machi="1" ten="40,2600,0" yaku="1,1,9,1,53,0" doraHai="75" doraHaiUra="36" who="1" fromWho="0" sc="173,-26,225,36,269,0,323,0" /><INIT seed="5,0,0,1,1,63" ten="147,261,269,323" oya="1" hai0="84,115,6,60,124,119,130,1,80,86,62,104,133" hai1="114,67,5,116,3,27,11,36,40,81,28,56,20" hai2="88,47,51,53,8,9,64,96,128,71,58,132,31" hai3="113,117,10,41,118,35,65,76,69,42,19,73,105"/><U52/><E116/><V134/><F128/><W24/><G105/><T97/><D119/><N who="3" m="45577" /><G113/><T17/><D115/><U25/><E114/><V78/><F78/><W12/><G65/><T23/><D130/><U33/><E81/><V95/><F31/><N who="3" m="19943" /><G69/><T106/><D6/><U93/><E93/><V55/><F71/><W54/><G54/><T59/><D1/><U103/><E103/><V82/><F82/><AGARI ba="0,0" hai="10,12,19,41,42,73,76,82" m="19943,45577" machi="82" ten="30,1000,0" yaku="12,1" doraHai="63" who="3" fromWho="2" sc="147,0,261,0,269,-10,323,10" /><INIT seed="6,0,0,2,2,122" ten="147,261,259,333" oya="2" hai0="84,126,5,85,17,71,29,69,125,36,0,26,90" hai1="49,77,43,89,21,111,61,9,56,64,11,127,53" hai2="46,39,102,27,14,24,128,101,132,4,25,131,47" hai3="3,54,66,129,83,134,88,110,103,70,96,78,50"/><V42/><F132/><W63/><G3/><T62/><D36/><U68/><E127/><V133/><F133/><W45/><G134/><T94/><D17/><U98/><E111/><V15/><F47/><W72/><G110/><T33/><D84/><U108/><E108/><V52/><F4/><W8/><G8/><T20/><D33/><U51/><E77/><V19/><F52/><W41/><G129/><N who="2" m="49737" /><F15/><W44/><G88/><T106/><D106/><U76/><E76/><V67/><F67/><W22/><G22/><AGARI ba="0,0" hai="14,19,22,24,25,27,39,42,46,101,102" m="49737" machi="22" ten="30,1500,0" yaku="19,1" doraHai="122" who="2" fromWho="3" sc="147,0,261,0,259,15,333,-15" /><INIT seed="6,1,0,2,2,76" ten="147,261,274,318" oya="2" hai0="98,23,103,72,77,106,60,17,69,25,80,1,73" hai1="38,14,128,5,115,94,102,36,16,82,84,70,124" hai2="15,68,53,56,120,48,33,31,108,43,13,88,116" hai3="74,96,34,97,20,54,49,125,61,24,86,89,113"/><V78/><F116/><W110/><G34/><T51/><D1/><U119/><E119/><V22/><F33/><W66/><G74/><T6/><D6/><U50/><E70/><V7/><F120/><W107/><G107/><T45/><D72/><U62/><E115/><V26/><F68/><W91/><G91/><T112/><D112/><U58/><E128/><V127/><F78/><W52/><G54/><T75/><D75/><U135/><E5/><V122/><F122/><W57/><G110/><T21/><D21/><U12/><E124/><V117/><F117/><W47/><G125/><T105/><D106/><U118/><E118/><V30/><F30/><N who="3" m="17671" /><G113/><T42/><REACH who="0" step="1"/><D69/><REACH who="0" ten="137,261,274,318" step="2"/><U104/><E104/><V121/><F127/><W114/><G114/><T19/><D19/><U64/><E16/><V101/><F121/><W63/><G63/><AGARI ba="1,1" hai="17,23,25,42,45,51,60,63,73,77,80,98,103,105" machi="63" ten="40,2600,0" yaku="1,1,52,1,53,0" doraHai="76" doraHaiUra="29" who="0" fromWho="3" sc="137,39,261,0,274,0,318,-29" /><INIT seed="7,0,0,3,3,12" ten="176,261,274,289" oya="3" hai0="112,74,5,39,63,91,98,43,135,111,102,19,104" hai1="59,13,60,88,55,122,86,79,133,11,115,37,107" hai2="94,14,124,45,26,8,65,119,125,120,24,57,33" hai3="134,1,116,46,130,109,66,73,48,96,41,2,87"/><W69/><G116/><T100/><D111/><U56/><E122/><V85/><F119/><W6/><G73/><T9/><D74/><U105/><E115/><V35/><F45/><W54/><G109/><T42/><D112/><U108/><E108/><V106/><F106/><W22/><G6/><T30/><D30/><U97/><E37/><V78/><F78/><W90/><G96/><T77/><D77/><U21/><E133/><V15/><F57/><N who="3" m="32967" /><G22/><T131/><D135/><U10/><E107/><V27/><F65/><W61/><G130/><T64/><D102/><U123/><E105/><V0/><F94/><N who="3" m="54623" /><G134/><T18/><D131/><U23/><E10/><V80/><F85/><W99/><G99/><T68/><D91/><U31/><E97/><V76/><F76/><W28/><G28/><T126/><D126/><N who="2" m="48746" /><F80/><W40/><G40/><T67/><D67/><N who="1" m="39303" /><E79/><V113/><F113/><W92/><G92/><T7/><D7/><N who="1" m="3327" /><E31/><V103/><F103/><W3/><G3/><T51/><D39/><AGARI ba="0,0" hai="1,2,39,41,46,61,66,69" m="54623,32967" machi="39" ten="30,1500,0" yaku="24,1" doraHai="12" who="3" fromWho="0" sc="176,-15,261,0,274,0,289,15" owari="161,-34.0,261,-14.0,274,7.0,304,41.0" /></mjloggm>