<mjloggm ver="2.3"><GO type="169" lobby="0"/><UN n0="%E2%91%A3%E3%82%BB%E3%83%B3%E3%83%81" n1="%44%6F%72%61%6B%6F" n2="%E3%83%88%E3%83%88%E3%83%AA%E5%85%88%E7%94%9F%31%39%E6%AD%B3" n3="%EF%BC%88%EF%BC%BE%D0%94%EF%BC%BE%EF%BC%89" dan="18,16,18,17" rate="2167.98,2131.46,2262.53,2115.78" sx="M,F,F,M"/><TAIKYOKU oya="0"/><INIT seed="0,0,0,3,1,7" ten="250,250,250,250" oya="0" hai0="128,62,113,63,102,86,117,56,25,10,4,32,64" hai1="57,82,65,19,18,67,45,122,90,120,111,96,78" hai2="43,49,101,34,112,17,66,98,24,93,11,3,29" hai3="31,47,36,20,99,39,38,37,131,75,76,41,52"/><T133/><D113/><U95/><E111/><V69/><F112/><W2/><G2/><T55/><D117/><U0/><E0/><V116/><F116/><W74/><G131/><T134/><D128/><U35/><E35/><V103/><F103/><W50/><G76/><T54/><D102/><U107/><E107/><V127/><F127/><W22/><G99/><T33/><D86/><U79/><E45/><V115/><F115/><W42/><G42/><T60/><D55/><U46/><E46/><V12/><F43/><W8/><G8/><T21/><D33/><U126/><E126/><V129/><F49/><W23/><REACH who="3" step="1"/><G31/><REACH who="3" ten="250,250,250,240" step="2"/><T1/><D133/><U104/><E78/><V77/><F77/><W97/><G97/><T83/><D134/><U91/><E79/><V13/><F129/><W58/><AGARI ba="0,1" hai="20,22,23,36,37,38,39,41,47,50,52,58,74,75" machi="58" ten="40,5200,0" yaku="1,1,0,1,54,1,53,0" doraHai="7" doraHaiUra="108" who="3" fromWho="3" sc="250,-26,250,-13,250,-13,240,62" /><INIT seed="1,0,0,3,1,66" ten="224,237,237,302" oya="1" hai0="105,46,119,34,64,7,73,25,15,71,52,94,69" hai1="59,112,82,111,85,58,80,91,122,3,129,16,125" hai2="39,63,100,77,51,132,48,12,74,24,83,92,81" hai3="27,104,96,133,114,36,67,79,31,14,40,118,78"/><U131/><E122/><V65/><F39/><W21/><G114/><T109/><D105/><U99/><E112/><V127/><F132/><W62/><G133/><T121/><D73/><U18/><E3/><V26/><F127/><W115/><G115/><T134/><D134/><U101/><E125/><V117/><F117/><W108/><G108/><T9/><D119/><U54/><E82/><V107/><F107/><W123/><G123/><T38/><D64/><U37/><E37/><V84/><F12/><W17/><G118/><T106/><D106/><U1/><E1/><V56/><F100/><W102/><G40/><T29/><D121/><U89/><E89/><V90/><F83/><W103/><G103/><T93/><D109/><U110/><E110/><V120/><F120/><W124/><G36/><T88/><D94/><N who="1" m="58615" /><E59/><V19/><F19/><W20/><REACH who="3" step="1"/><G124/><REACH who="3" ten="224,237,237,292" step="2"/><T60/><D38/><U76/><E111/><V70/><REACH who="2" step="1"/><F56/><AGARI ba="0,1" hai="14,17,20,21,27,31,56,62,67,78,79,96,102,104" machi="56" ten="30,3900,0" yaku="1,1,2,1,7,1,53,0" doraHai="66" doraHaiUra="41" who="3" fromWho="2" sc="224,0,237,0,237,-39,292,49" /><INIT seed="2,0,0,0,0,124" ten="224,237,198,341" oya="2" hai0="51,58,123,45,5,116,104,84,61,6,69,4,41" hai1="112,0,23,10,19,42,12,113,55,21,78,80,64" hai2="135,46,120,126,77,2,110,54,63,73,106,71,67" hai3="56,49,125,60,39,15,114,100,28,16,47,18,108"/><V52/><F2/><W96/><G39/><T76/><D123/><U107/><E107/><V83/><F120/><W36/><G36/><T3/><D104/><U102/><E102/><V128/><F126/><W70/><G70/><T95/><D116/><U57/><E42/><V99/><F135/><W118/><G125/><T29/><D69/><U119/><E64/><V93/><F106/><W30/><G108/><T40/><D29/><U127/><E127/><V88/><F110/><W109/><G109/><T82/><D95/><U53/><E119/><V130/><F46/><W24/><G114/><T14/><D3/><U115/><E0/><V8/><F8/><W94/><G118/><T132/><D41/><U48/><REACH who="1" step="1"/><E55/><REACH who="1" ten="224,227,198,341" step="2"/><V33/><REACH who="2" step="1"/><F33/><REACH who="2" ten="224,227,188,341" step="2"/><W43/><G43/><T17/><D132/><U68/><E68/><V131/><AGARI ba="0,2" hai="52,54,63,67,71,73,77,83,88,93,99,128,130,131" machi="131" ten="30,24000,3" yaku="1,1,2,1,0,1,19,1,52,3,54,2,53,0" doraHai="124" doraHaiUra="133" who="2" fromWho="2" sc="224,-80,227,-80,188,260,341,-80" /><INIT seed="2,1,0,5,3,98" ten="144,147,448,261" oya="2" hai0="19,34,88,51,120,103,131,113,67,35,41,1,70" hai1="65,82,128,36,86,75,8,130,30,110,48,58,15" hai2="16,25,107,42,33,118,68,84,74,5,55,13,106" hai3="100,90,105,59,81,85,69,22,23,109,26,119,44"/><V46/><F118/><W61/><G119/><T2/><D113/><U45/><E75/><V71/><F74/><W17/><G69/><T133/><D120/><U93/><E30/><V122/><F122/><W92/><G109/><T66/><D70/><U129/><E110/><V28/><F55/><W4/><G4/><T87/><D1/><U112/><E112/><V134/><F134/><W117/><G117/><T9/><D131/><U32/><E32/><V49/><F71/><W31/><G44/><N who="0" m="25999" /><D2/><U126/><E126/><V78/><F68/><W40/><G40/><T60/><D60/><U77/><E36/><V6/><F6/><W135/><G135/><T132/><D35/><U127/><E93/><V57/><F57/><W37/><G37/><T108/><D34/><U38/><E38/><V94/><F5/><W14/><G105/><T47/><D47/><U79/><E127/><V43/><F43/><W89/><G100/><T62/><D62/><U83/><E58/><V95/><F95/><W54/><REACH who="3" step="1"/><G92/><REACH who="3" ten="144,147,448,251" step="2"/><N who="0" m="54303" /><D103/><U72/><E128/><V63/><F94/><W97/><G97/><T121/><D108/><U76/><E130/><V80/><F107/><W101/><G101/><T104/><D104/><U29/><E129/><V114/><F106/><W21/><G21/><T124/><D121/><U125/><E125/><V56/><F114/><W27/><G27/><T24/><D124/><U10/><E45/><V53/><F42/><W20/><G20/><N who="0" m="13343" /><D9/><U50/><E8/><N who="2" m="6183" /><F46/><W52/><G52/><T115/><D115/><U102/><E10/><V99/><F99/><W0/><G0/><RYUUKYOKU ba="1,1" sc="144,10,147,-30,448,10,251,10" hai0="66,67,132,133" hai2="25,28,33,49,53,56,63,78,80,84" hai3="14,17,22,23,26,31,54,59,61,81,85,89,90" /><INIT seed="2,2,1,5,2,65" ten="154,117,458,261" oya="2" hai0="125,68,21,105,92,2,61,93,58,7,82,90,119" hai1="26,43,20,8,66,0,62,135,59,15,63,89,118" hai2="48,108,127,106,130,126,84,133,97,49,44,53,113" hai3="24,91,101,25,1,115,55,52,50,94,27,116,57"/><V33/><F113/><W114/><G116/><T34/><D34/><U46/><E118/><V14/><F33/><W88/><G1/><T56/><D105/><U112/><E112/><N who="3" m="43050" /><G55/><T17/><D125/><N who="2" m="47626" /><F130/><W132/><G132/><T121/><D121/><U134/><E0/><V104/><F133/><N who="1" m="50697" /><E89/><N who="3" m="34378" /><G24/><T70/><D7/><N who="1" m="3487" /><E62/><V85/><F108/><W9/><G9/><T98/><D2/><U4/><E4/><V78/><F14/><W110/><G110/><T107/><D119/><U117/><E117/><V128/><F128/><W77/><G77/><T32/><D32/><U79/><E79/><V22/><F22/><W42/><G42/><T40/><D40/><U13/><E13/><V102/><F78/><W75/><G75/><T6/><D6/><U5/><E5/><V36/><F53/><W28/><G28/><T95/><D21/><U3/><E3/><V39/><F85/><W71/><G71/><T73/><D73/><U41/><E46/><V100/><F44/><W103/><G103/><T72/><D72/><U67/><E67/><V96/><F84/><W60/><G60/><T111/><D61/><U86/><E86/><V51/><AGARI ba="2,1" hai="36,39,48,49,51,96,97,100,102,104,106" m="47626" machi="51" ten="30,1500,0" yaku="18,1" doraHai="65" who="2" fromWho="2" sc="154,-7,117,-7,458,31,261,-7" /><INIT seed="2,3,0,2,4,61" ten="147,110,489,254" oya="2" hai0="135,132,13,45,16,122,5,56,18,130,52,78,29" hai1="14,42,86,9,32,40,69,79,75,119,125,103,85" hai2="8,126,99,73,17,74,80,53,31,3,123,38,117" hai3="50,116,101,77,64,66,128,35,59,6,58,89,62"/><V28/><F117/><W102/><G35/><T15/><D122/><U107/><E119/><V43/><F123/><W4/><G116/><T133/><D130/><U55/><E125/><V1/><F126/><W41/><G128/><T12/><D5/><N who="3" m="2153" /><G77/><T76/><D29/><U98/><E32/><V114/><F114/><W84/><G41/><T72/><D45/><U131/><E131/><V82/><F43/><W20/><G20/><N who="0" m="11271" /><D72/><U33/><E33/><V121/><F121/><W115/><G115/><T51/><D13/><U105/><E105/><V95/><F17/><W60/><G50/><T108/><D108/><U11/><E11/><AGARI ba="3,0" hai="11,15,18,51,52,56,76,78,132,133,135" m="11271" machi="11" ten="30,3900,0" yaku="20,1,54,2" doraHai="61" who="0" fromWho="1" sc="147,48,110,-48,489,0,254,0" /><INIT seed="3,0,0,3,4,87" ten="195,62,489,254" oya="3" hai0="34,69,30,120,96,71,126,55,75,7,56,132,115" hai1="73,82,81,3,50,16,20,95,84,91,134,135,85" hai2="74,0,21,101,97,68,32,59,130,88,15,129,90" hai3="108,77,118,36,24,128,40,78,93,103,8,105,106"/><W49/><G36/><T111/><D75/><U76/><E3/><V83/><F68/><W127/><G118/><T31/><D120/><U117/><E117/><V2/><F32/><W43/><G127/><T122/><D122/><U47/><E47/><V51/><F0/><W39/><G39/><T42/><D42/><U113/><E113/><V60/><F51/><W100/><G93/><T92/><D111/><U37/><E37/><V28/><F2/><W102/><G8/><T123/><D7/><U44/><E44/><V119/><F119/><W29/><G49/><T61/><D132/><U57/><E57/><V79/><F15/><W125/><G125/><T19/><D123/><U62/><E62/><V54/><F21/><W25/><G108/><T6/><D6/><U53/><E53/><V80/><F28/><W86/><G86/><T10/><D115/><U65/><E65/><V14/><F14/><W41/><G128/><N who="2" m="49257" /><F80/><W38/><G38/><T104/><D71/><U131/><E50/><V13/><F13/><W5/><G5/><T9/><D69/><U17/><E131/><V124/><F124/><W46/><G46/><T22/><D34/><U4/><E4/><V64/><F64/><W58/><G58/><T35/><D35/><U27/><REACH who="1" step="1"/><E17/><REACH who="1" ten="195,52,489,254" step="2"/><V23/><F54/><W121/><G121/><T45/><D45/><U109/><E109/><V114/><F114/><W89/><G41/><T63/><D61/><U12/><E12/><V18/><F59/><W70/><G43/><T67/><D126/><U66/><E66/><V48/><F60/><W107/><G40/><RYUUKYOKU ba="0,1" sc="195,-10,52,30,489,-10,254,-10" hai1="16,20,27,73,76,81,82,84,85,91,95,134,135" /><INIT seed="4,1,1,2,2,14" ten="185,82,479,244" oya="0" hai0="97,106,35,128,95,78,46,16,65,99,87,12,24" hai1="22,43,31,49,26,110,105,48,124,111,56,108,115" hai2="131,98,37,113,126,94,90,19,84,40,93,125,76" hai3="69,134,21,39,64,85,74,62,89,4,17,8,73"/><T132/><D132/><U71/><E105/><V11/><F113/><W13/><G39/><T91/><D128/><U68/><E115/><V88/><F131/><W60/><G60/><T5/><D5/><U7/><E124/><N who="2" m="47723" /><F76/><W45/><G45/><T123/><D123/><U52/><REACH who="1" step="1"/><E7/><REACH who="1" ten="185,72,479,244" step="2"/><V72/><F72/><W23/><G134/><T18/><D106/><U122/><E122/><V75/><F75/><W2/><REACH who="3" step="1"/><G21/><REACH who="3" ten="185,72,479,234" step="2"/><N who="0" m="13351" /><D35/><U33/><E33/><V1/><F37/><W55/><G55/><T80/><D65/><U63/><E63/><V135/><F135/><W96/><G96/><N who="0" m="57471" /><D46/><AGARI ba="1,3" hai="22,26,31,43,46,48,49,52,56,68,71,108,110,111" machi="46" ten="40,5200,0" yaku="1,1,54,1,53,1" doraHai="14" doraHaiUra="27" who="1" fromWho="0" sc="185,-55,72,85,479,0,234,0" /><INIT seed="5,0,0,0,0,17" ten="130,157,479,234" oya="1" hai0="27,99,132,135,64,101,61,31,75,19,128,71,58" hai1="26,57,118,47,85,6,56,95,8,121,77,97,5" hai2="34,35,30,113,124,32,98,67,48,104,105,91,3" hai3="114,38,92,44,106,9,110,123,126,125,59,109,4"/><U50/><E118/><V131/><F3/><W79/><G106/><T70/><D75/><U10/><E121/><V51/><F131/><W53/><G123/><T66/><D19/><U102/><E26/><V87/><F124/><N who="3" m="47723" /><G114/><T88/><D128/><U81/><E8/><V21/><F113/><W49/><G79/><T22/><D88/><U134/><E134/><N who="0" m="51241" /><D66/><U2/><REACH who="1" step="1"/><E5/><REACH who="1" ten="130,147,479,234" step="2"/><V43/><F35/><W129/><G129/><T133/><D133/><U28/><E28/><V108/><F30/><W111/><G9/><T62/><D62/><U116/><E116/><V73/><F32/><W12/><G4/><T45/><D45/><U103/><E103/><V40/><F34/><W84/><G44/><T65/><D65/><U130/><E130/><V54/><F67/><W89/><G12/><T42/><D42/><AGARI ba="0,1" hai="2,6,10,42,47,50,56,57,77,81,85,95,97,102" machi="42" ten="30,2900,0" yaku="1,1,7,1,53,0" doraHai="17" doraHaiUra="117" who="1" fromWho="0" sc="130,-29,147,39,479,0,234,0" /><INIT seed="5,1,0,4,4,80" ten="101,186,479,234" oya="1" hai0="104,10,78,29,129,51,25,89,27,82,19,123,46" hai1="113,132,26,111,60,44,74,4,56,72,32,67,133" hai2="14,112,125,16,36,108,76,101,66,131,40,69,81" hai3="7,124,97,71,15,95,98,114,88,12,93,3,63"/><U77/><E113/><V62/><F108/><W90/><G114/><T47/><D104/><U87/><E111/><V49/><F112/><W11/><REACH who="3" step="1"/><G124/><REACH who="3" ten="101,186,479,224" step="2"/><T31/><D123/><U79/><E72/><V43/><F125/><W35/><G35/><T119/><D119/><U70/><E74/><V84/><F131/><W86/><G86/><T127/><D129/><U13/><E87/><V48/><F84/><W38/><G38/><T33/><D127/><U41/><E70/><V21/><F36/><W45/><G45/><T2/><D47/><U120/><E120/><V8/><F69/><W92/><G92/><T52/><D46/><U134/><E32/><V22/><F81/><W85/><G85/><T107/><D33/><U109/><E109/><V102/><F76/><W135/><G135/><T91/><D78/><U117/><E117/><V94/><F94/><W0/><G0/><T116/><D82/><U73/><E73/><V24/><F43/><W99/><G99/><T83/><D83/><U37/><E26/><V20/><F40/><W59/><G59/><T118/><D2/><U30/><E30/><V110/><F24/><W75/><G75/><T57/><D57/><U54/><E67/><AGARI ba="1,1" hai="3,7,11,12,15,63,67,71,88,90,93,95,97,98" machi="67" ten="40,5200,0" yaku="1,1,9,1,54,1,53,0" doraHai="80" doraHaiUra="55" who="3" fromWho="1" sc="101,0,186,-55,479,0,224,65" /><INIT seed="6,0,0,4,1,93" ten="101,131,479,289" oya="2" hai0="57,97,74,103,101,1,116,129,96,135,14,27,13" hai1="62,8,50,88,111,108,72,51,29,56,2,33,20" hai2="25,120,47,10,99,30,117,92,43,0,84,21,130" hai3="107,39,7,4,64,15,90,78,112,28,113,19,121"/><V60/><F117/><W80/><G121/><T132/><D1/><U133/><E72/><V31/><F120/><W122/><G122/><T102/><D74/><U82/><E33/><V63/><F130/><W89/><G107/><T100/><D116/><U106/><E133/><N who="0" m="51273" /><D129/><U26/><E106/><V125/><F125/><W5/><G39/><T54/><N who="0" m="25600" /><DORA hai="58" /><T69/><D69/><U42/><E2/><V16/><F84/><N who="3" m="48151" /><G64/><T41/><D41/><U24/><E24/><V86/><F86/><W71/><G28/><T98/><D27/><U59/><E42/><V53/><F53/><W83/><G83/><T6/><D6/><U85/><E8/><V11/><F30/><W23/><G71/><T118/><D118/><U77/><E108/><V37/><F10/><W18/><G18/><T65/><D65/><N who="1" m="39111" /><E111/><V126/><F126/><W44/><G44/><T73/><D73/><U12/><E12/><V128/><F128/><W52/><G52/><T46/><D46/><U9/><E9/><V68/><F68/><W49/><G49/><AGARI ba="0,0" hai="13,14,49,54,57,96,97,98" m="25600,51273" machi="49" ten="50,8000,1" yaku="20,1,52,3" doraHai="93,58" who="0" fromWho="3" sc="101,80,131,0,479,0,289,-80" /><INIT seed="7,0,0,3,1,41" ten="181,131,479,209" oya="3" hai0="27,94,70,80,135,87,51,116,134,62,29,43,39" hai1="95,76,123,110,107,111,132,59,120,72,84,69,102" hai2="114,28,8,85,108,77,14,83,75,97,67,16,98" hai3="82,44,118,4,57,26,125,86,96,3,10,89,129"/><W48/><G118/><T31/><D39/><U34/><E69/><V21/><F108/><W6/><G129/><T127/><D116/><U58/><E34/><V117/><F117/><W99/><G125/><T11/><D127/><U19/><E19/><V47/><F114/><W37/><G4/><T103/><D11/><U122/><E58/><V25/><F67/><W92/><G37/><T79/><D103/><U2/><E59/><V88/><F47/><W35/><G57/><T121/><D121/><U38/><E2/><V22/><F8/><W54/><G35/><T23/><D94/><AGARI ba="0,0" hai="14,16,21,22,25,28,75,77,83,85,88,94,97,98" machi="94" ten="30,3900,0" yaku="7,1,54,2" doraHai="41" who="2" fromWho="0" sc="181,-39,131,0,479,39,209,0" owari="142,-26.0,131,-37.0,518,62.0,209,1.0" /></mjloggm>