<mjloggm ver="2.3"><GO type="225" lobby="0"/><UN n0="%E7%99%BD%E9%B9%BF%E6%84%9B%E8%8E%89" n1="%E5%B0%B1%E6%B4%BB%E7%94%9F%40%E5%B7%9D%E6%9D%91%E8%BB%8D%E5%9B%A3" n2="%E6%9C%80%E5%BC%B7%E6%9C%80%E5%BE%8C" n3="%E3%83%81%E3%83%BC%E6%95%A3%E6%AD%A9" dan="17,17,16,16" rate="2205.35,2177.14,2042.73,2061.78" sx="F,M,M,M"/><TAIKYOKU oya="0"/><INIT seed="0,0,0,4,4,8" ten="250,250,250,250" oya="0" hai0="93,104,30,108,55,73,63,46,2,53,0,7,124" hai1="16,19,110,115,122,13,9,85,95,4,12,120,118" hai2="41,99,86,83,36,82,29,38,135,23,26,112,128" hai3="15,44,61,103,14,111,20,47,39,133,28,72,123"/><T50/><D104/><U18/><E118/><V89/><F112/><W37/><G72/><T3/><D73/><U119/><E119/><V79/><F128/><W117/><G117/><T11/><D124/><U1/><E115/><V25/><F135/><W81/><G111/><T109/><D30/><U91/><REACH who="1" step="1"/><E110/><REACH who="1" ten="250,240,250,250" step="2"/><N who="0" m="42601" /><D93/><U56/><E56/><AGARI ba="0,1" hai="0,2,3,7,11,46,50,53,55,56,63" m="42601" machi="56" ten="30,2900,0" yaku="14,1,10,1" doraHai="8" who="0" fromWho="1" sc="250,39,240,-29,250,0,250,0" /><INIT seed="0,1,0,2,1,113" ten="289,211,250,250" oya="0" hai0="21,64,101,20,48,120,134,90,93,40,37,59,2" hai1="14,117,12,25,85,34,54,52,102,50,122,13,70" hai2="97,22,39,69,99,43,1,53,65,88,46,92,77" hai3="114,112,86,58,129,63,110,127,132,41,23,31,83"/><T91/><D120/><U96/><E122/><V0/><F77/><W29/><G23/><T38/><D2/><U105/><E70/><V51/><F99/><W123/><G123/><T78/><D78/><U100/><E100/><V7/><F7/><W30/><G110/><T118/><D38/><U45/><E117/><V74/><F74/><W42/><G129/><T4/><D37/><U55/><REACH who="1" step="1"/><E85/><REACH who="1" ten="289,201,250,250" step="2"/><V44/><REACH who="2" step="1"/><F22/><REACH who="2" ten="289,201,240,250" step="2"/><W109/><G114/><T61/><D21/><U107/><E107/><V82/><F82/><W49/><G112/><T115/><D20/><U18/><E18/><V24/><F24/><W71/><G83/><T81/><D81/><U125/><E125/><V32/><F32/><W8/><G127/><T135/><D118/><U95/><E95/><V15/><F15/><W10/><G109/><T72/><D93/><U94/><E94/><V89/><F89/><W67/><G31/><AGARI ba="1,2" hai="12,13,14,25,31,34,45,50,52,54,55,96,102,105" machi="31" ten="40,2600,0" yaku="1,1,54,1,53,0" doraHai="113" doraHaiUra="106" who="1" fromWho="3" sc="289,0,201,49,240,0,250,-29" /><INIT seed="1,0,0,2,4,21" ten="289,250,240,221" oya="1" hai0="32,31,68,82,69,90,73,55,104,76,60,92,37" hai1="44,56,88,129,117,106,91,122,36,94,39,85,52" hai2="53,24,132,93,113,20,79,108,115,23,46,125,130" hai3="131,35,74,50,71,101,40,105,128,110,14,100,42"/><U63/><E122/><V6/><F6/><W96/><G110/><T66/><D37/><U123/><E117/><V112/><F79/><W15/><G74/><T25/><D104/><U22/><E123/><V28/><F108/><W95/><G71/><T43/><D43/><U133/><E106/><V9/><F125/><W77/><G77/><T72/><D55/><U0/><E0/><V98/><F9/><W13/><G35/><T109/><D109/><U16/><E129/><N who="3" m="49738" /><G50/><T1/><D1/><U87/><E44/><V19/><F132/><W64/><G64/><T126/><D126/><U127/><E127/><V2/><F2/><W59/><G59/><T107/><D107/><U58/><E58/><V12/><F130/><W81/><G81/><T33/><D72/><U27/><E133/><V120/><F120/><W83/><G83/><AGARI ba="0,0" hai="16,22,27,36,39,52,56,63,83,85,87,88,91,94" machi="83" ten="30,12000,1" yaku="7,1,52,1,54,3" doraHai="21" who="1" fromWho="3" sc="289,0,250,120,240,0,221,-120" /><INIT seed="1,1,0,0,1,8" ten="289,370,240,101" oya="1" hai0="72,121,17,53,1,64,41,55,50,107,92,30,111" hai1="122,10,103,14,32,83,21,20,5,127,34,27,99" hai2="24,25,114,100,110,58,49,51,43,7,37,117,101" hai3="31,33,82,98,96,134,48,135,85,105,71,38,56"/><U0/><E122/><V129/><F117/><W44/><G71/><T75/><D107/><U16/><E127/><V68/><F129/><W15/><G105/><T86/><D1/><U97/><E83/><V119/><F68/><W29/><G38/><T54/><D64/><U65/><E65/><V22/><F119/><W120/><G56/><T28/><D121/><U84/><E84/><V124/><F114/><W132/><G120/><T87/><D75/><U125/><E125/><V123/><F124/><W59/><G59/><T47/><D72/><U74/><E74/><V42/><F37/><W133/><N who="3" m="34304" /><DORA hai="77" /><W3/><G3/><T70/><D70/><U130/><E99/><V81/><F7/><W128/><G128/><T40/><D40/><U106/><E130/><V76/><F123/><W69/><G69/><T11/><D92/><U62/><E62/><V57/><F110/><W13/><G98/><T102/><D102/><U90/><E90/><V131/><F131/><W12/><G96/><T63/><D63/><U23/><E23/><V116/><F22/><W115/><G33/><T52/><D111/><U88/><E88/><V112/><F116/><W94/><G94/><T6/><D87/><U46/><E46/><V108/><F112/><W104/><G104/><T78/><D86/><U39/><E39/><V80/><F108/><W45/><G115/><T126/><D126/><U93/><E106/><V67/><F67/><W9/><G9/><T113/><D11/><U36/><E36/><V79/><AGARI ba="1,0" hai="24,25,42,43,49,51,57,58,76,79,80,81,100,101" machi="79" ten="25,12000,2" yaku="0,1,22,2,8,1,52,2" doraHai="8,77" who="2" fromWho="2" sc="289,-31,370,-61,240,123,101,-31" /><INIT seed="2,0,0,0,4,100" ten="258,309,363,70" oya="2" hai0="28,133,132,93,86,116,102,21,1,98,13,57,24" hai1="129,60,62,15,43,27,90,80,81,95,61,109,53" hai2="104,97,122,117,101,49,127,11,65,9,118,96,31" hai3="36,54,123,22,45,10,14,73,87,34,78,119,103"/><V25/><F122/><W135/><G119/><T108/><D1/><U4/><E109/><V113/><F127/><W69/><G123/><T23/><D108/><U115/><E129/><V74/><F113/><W94/><G34/><T0/><D0/><U33/><E115/><V29/><F74/><W30/><G135/><T134/><D116/><U51/><E43/><V64/><F49/><W131/><G69/><T88/><D57/><N who="1" m="32959" /><E33/><V128/><F128/><W126/><G126/><T5/><D5/><U75/><E27/><V40/><F40/><W92/><G73/><T99/><D102/><U112/><E75/><V68/><F65/><W105/><G131/><T7/><REACH who="0" step="1"/><D23/><REACH who="0" ten="248,309,363,70" step="2"/><U82/><E112/><V71/><F118/><W130/><G103/><T70/><D70/><U125/><E125/><V89/><F117/><W91/><G130/><T41/><D41/><U6/><E15/><V76/><F71/><W32/><G14/><T72/><D72/><U3/><E3/><V67/><F68/><W19/><G32/><T38/><D38/><U42/><E42/><V20/><F101/><W58/><G36/><T37/><D37/><U110/><E110/><V111/><F20/><W63/><G58/><T8/><AGARI ba="0,1" hai="7,8,13,21,24,28,86,88,93,98,99,132,133,134" machi="8" ten="40,8000,1" yaku="1,1,0,1,20,1,54,1,53,1" doraHai="100" doraHaiUra="2" who="0" fromWho="0" sc="248,90,309,-20,363,-40,70,-20" /><INIT seed="3,0,0,0,1,65" ten="338,289,323,50" oya="3" hai0="37,45,56,74,64,72,21,46,5,19,16,12,32" hai1="17,55,68,71,13,92,50,33,123,89,114,26,109" hai2="97,90,93,18,47,104,36,23,128,124,1,63,105" hai3="53,126,58,107,48,110,112,103,4,85,135,98,49"/><W88/><G112/><T81/><D32/><U54/><E123/><V0/><F128/><W2/><G135/><T79/><D72/><U51/><E114/><V121/><F124/><W131/><G126/><T41/><D46/><U22/><E109/><V28/><F121/><W94/><G131/><T11/><D64/><U31/><E51/><V125/><F28/><W117/><G110/><T62/><D62/><U34/><E34/><V9/><F125/><W25/><G117/><T111/><D56/><U27/><E27/><V102/><F9/><W80/><G2/><N who="0" m="439" /><D19/><U101/><E101/><V113/><F105/><W8/><G4/><T70/><D70/><U119/><E119/><V42/><F63/><W40/><G8/><T6/><D6/><U76/><E76/><V38/><F38/><W96/><G25/><T43/><D41/><U130/><E130/><V82/><F82/><W15/><G15/><T77/><D77/><U57/><REACH who="1" step="1"/><E54/><REACH who="1" ten="338,279,323,50" step="2"/><V133/><F113/><W44/><REACH who="3" step="1"/><G98/><AGARI ba="0,1" hai="13,17,22,26,31,33,50,55,57,68,71,89,92,98" machi="98" ten="30,8000,1" yaku="1,1,2,1,7,1,52,2,53,0" doraHai="65" doraHaiUra="75" who="1" fromWho="3" sc="338,0,279,90,323,0,50,-80" owari="338,14.0,369,47.0,323,-8.0,-30,-53.0" /></mjloggm>