<mjloggm ver="2.3"><GO type="169" lobby="0"/><UN n0="%E3%81%8F%E3%82%89%E3%81%BE%E3%82%82%E3%82%93" n1="%6F%6E%65%73%74%61%72" n2="%E5%B0%B1%E6%B4%BB%E7%94%9F%40%E5%B7%9D%E6%9D%91%E8%BB%8D%E5%9B%A3" n3="%6B%62%37%37%37" dan="16,17,16,16" rate="2056.57,2138.07,2114.81,2084.56" sx="M,M,M,M"/><TAIKYOKU oya="0"/><INIT seed="0,0,0,0,3,87" ten="250,250,250,250" oya="0" hai0="102,111,89,134,123,6,98,95,79,91,63,73,62" hai1="19,129,118,71,67,126,125,54,108,124,72,97,56" hai2="130,36,29,82,28,128,35,81,76,53,23,65,75" hai3="66,107,69,32,45,86,83,47,85,101,44,120,132"/><T119/><D123/><U131/><E72/><V49/><F36/><W112/><G112/><T27/><D119/><U20/><E118/><V2/><F2/><W57/><G132/><T34/><D134/><U84/><E97/><V7/><F35/><W77/><G32/><T52/><D6/><U117/><E117/><V51/><F7/><W74/><G69/><T13/><D111/><U60/><E84/><V106/><F106/><W21/><G120/><T30/><D13/><U39/><E108/><V100/><F100/><W14/><G107/><T113/><D113/><U43/><E19/><V68/><F81/><W3/><G101/><T15/><D15/><U110/><E20/><V59/><F49/><W115/><G3/><T121/><D121/><U12/><E12/><V50/><F50/><W25/><G14/><T116/><D116/><U17/><E17/><V92/><F92/><W94/><G115/><T58/><REACH who="0" step="1"/><D63/><REACH who="0" ten="240,250,250,250" step="2"/><N who="1" m="36247" /><E110/><V55/><F128/><W8/><G8/><T0/><D0/><U5/><E5/><V16/><F130/><W37/><G37/><T42/><D42/><U33/><E33/><V64/><F55/><W78/><G25/><T133/><D133/><U40/><E43/><V61/><F65/><W1/><G1/><T93/><D93/><U127/><E127/><V135/><F135/><W70/><G94/><T90/><D90/><U103/><E103/><V38/><F38/><W88/><G88/><T24/><D24/><AGARI ba="0,1" hai="16,23,24,28,29,51,53,59,61,64,68,75,76,82" machi="24" ten="30,2000,0" yaku="7,1,54,1" doraHai="87" who="2" fromWho="0" sc="240,-20,250,0,250,30,250,0" /><INIT seed="1,0,0,2,2,53" ten="220,250,280,250" oya="1" hai0="67,108,13,74,0,32,19,131,52,22,93,36,9" hai1="57,76,117,127,38,91,28,85,75,37,30,100,61" hai2="89,70,46,11,110,107,21,31,45,92,109,135,55" hai3="8,134,94,63,7,114,111,6,4,39,60,99,123"/><U116/><E127/><V59/><F107/><W83/><G114/><T40/><D74/><U124/><E124/><V106/><F106/><W113/><G113/><T12/><D0/><U50/><E100/><V35/><F35/><W105/><G123/><T98/><D32/><U87/><E50/><V24/><F70/><W97/><G134/><T58/><D131/><U86/><E91/><V5/><F135/><W54/><G39/><T119/><D119/><U44/><E75/><V48/><F110/><W82/><G8/><T79/><D79/><U49/><E76/><V130/><F130/><W65/><G105/><T133/><D108/><U15/><E15/><N who="2" m="5615" /><F109/><W96/><G94/><T90/><D133/><U95/><E95/><V78/><F78/><W47/><G111/><T29/><D36/><U23/><E38/><V84/><AGARI ba="0,0" hai="21,24,31,45,46,48,55,59,84,89,92" m="5615" machi="84" ten="30,2000,0" yaku="8,1,52,1" doraHai="53" who="2" fromWho="2" sc="220,-5,250,-10,280,20,250,-5" /><INIT seed="2,0,0,1,3,23" ten="215,240,300,245" oya="2" hai0="42,115,78,37,7,132,88,33,28,1,64,38,6" hai1="5,47,41,79,12,16,43,96,102,60,72,120,26" hai2="123,10,85,36,118,2,55,0,121,86,29,91,52" hai3="134,89,67,92,71,3,44,127,106,9,8,39,77"/><V19/><F118/><W46/><G106/><T98/><D115/><U17/><E120/><V21/><F36/><W18/><G134/><T63/><D132/><U107/><E43/><V69/><F69/><W32/><G127/><T31/><D78/><U105/><E105/><V27/><F2/><W50/><G32/><T122/><D122/><U95/><E107/><V113/><F113/><W112/><G112/><T45/><D38/><U90/><E5/><V100/><F100/><W99/><G77/><T130/><D130/><U34/><E102/><V80/><F85/><W56/><G71/><T20/><D33/><U74/><E60/><V129/><F129/><W104/><G104/><T135/><D135/><U108/><E108/><V76/><F76/><W58/><G39/><T116/><D116/><U13/><E13/><V87/><F87/><W125/><G3/><T119/><D119/><U49/><E79/><V131/><F131/><W73/><G73/><T65/><D65/><U133/><E133/><V124/><F124/><W84/><G84/><T128/><D128/><U54/><E41/><V51/><F55/><N who="3" m="31863" /><G125/><T15/><D1/><U40/><E40/><V61/><F61/><N who="3" m="38327" /><G8/><T11/><D7/><U110/><E110/><V4/><REACH who="2" step="1"/><F29/><REACH who="2" ten="215,240,290,245" step="2"/><W62/><G62/><T53/><D28/><N who="1" m="19735" /><E74/><V93/><F93/><W66/><G66/><T109/><D64/><U101/><E72/><V75/><F75/><W57/><G57/><AGARI ba="0,1" hai="0,4,10,19,21,27,51,52,57,80,86,91,121,123" machi="57" ten="30,11600,0" yaku="1,1,7,1,52,1,54,1,53,0" doraHai="23" doraHaiUra="114" who="2" fromWho="3" sc="215,0,240,0,290,126,245,-116" /><INIT seed="2,1,0,4,4,56" ten="215,240,416,129" oya="2" hai0="41,84,57,115,129,102,71,17,80,23,63,35,124" hai1="69,12,133,83,79,31,49,119,68,103,101,67,132" hai2="24,111,127,113,122,14,58,130,118,72,8,42,89" hai3="117,0,33,28,29,135,5,11,76,73,44,91,125"/><V98/><F72/><W82/><G125/><T114/><D35/><U74/><E119/><V93/><F113/><W106/><G117/><T116/><D116/><U77/><E31/><V15/><F127/><W120/><G120/><T39/><D124/><U87/><E49/><V47/><F111/><W59/><G135/><N who="1" m="51786" /><E67/><V43/><F130/><W85/><G33/><T78/><D71/><N who="1" m="27211" /><E74/><V95/><F118/><W48/><G106/><T81/><D129/><U61/><E61/><V64/><F122/><W92/><REACH who="3" step="1"/><G59/><REACH who="3" ten="215,240,416,119" step="2"/><T21/><D57/><U25/><E79/><V100/><F58/><W26/><G26/><T128/><D78/><U94/><E25/><V22/><F24/><W13/><G13/><T40/><D128/><U112/><E112/><V38/><F15/><W10/><G10/><T110/><D114/><U105/><E105/><V4/><F14/><W97/><G97/><T19/><D115/><U3/><E12/><V134/><F8/><W2/><G2/><T45/><D110/><U60/><E77/><V65/><F98/><W20/><G20/><T66/><D23/><U99/><E3/><V123/><F22/><W108/><G108/><T36/><D21/><U86/><E99/><V126/><F134/><W1/><G1/><T70/><D70/><U50/><E87/><V88/><F123/><W53/><AGARI ba="1,1" hai="0,5,11,28,29,44,48,53,73,76,82,85,91,92" machi="53" ten="20,2700,0" yaku="1,1,0,1,7,1,53,0" doraHai="56" doraHaiUra="131" who="3" fromWho="3" sc="215,-8,240,-8,416,-14,119,40" /><INIT seed="3,0,0,0,1,21" ten="207,232,402,159" oya="3" hai0="80,78,63,95,111,48,8,41,20,45,46,16,43" hai1="6,49,7,40,102,125,2,130,62,51,58,39,105" hai2="115,50,25,116,98,53,77,1,93,72,54,74,17" hai3="37,30,10,118,13,112,124,104,22,86,60,33,82"/><W24/><G104/><T135/><D111/><U28/><E125/><V11/><F115/><W94/><G37/><T35/><D35/><U56/><E130/><V96/><F96/><W100/><G124/><T42/><D135/><U64/><E2/><V68/><F68/><W117/><G112/><T110/><D110/><U121/><E28/><V36/><F36/><W23/><G60/><T4/><D95/><U31/><E31/><V85/><F85/><W103/><G118/><T26/><D63/><N who="1" m="37991" /><E7/><V127/><F77/><W59/><G59/><T119/><D119/><U131/><E6/><V5/><F54/><W122/><G122/><T132/><D132/><U83/><E83/><V61/><F61/><W129/><G129/><T66/><D66/><N who="1" m="39255" /><E102/><V120/><F120/><W90/><G117/><T75/><REACH who="0" step="1"/><D45/><REACH who="0" ten="197,232,402,159" step="2"/><N who="1" m="23711" /><E105/><V57/><F116/><W29/><G33/><T109/><D109/><U19/><E121/><V99/><F127/><W67/><G94/><T70/><D70/><U9/><E131/><V97/><F93/><W89/><G89/><T123/><D123/><U108/><E108/><V71/><F71/><W27/><G67/><T52/><D52/><U65/><E65/><V18/><F98/><W106/><G106/><T101/><D101/><U15/><E51/><V69/><F97/><W3/><G3/><AGARI ba="0,1" hai="3,4,8,16,20,26,41,42,43,46,48,75,78,80" machi="3" ten="30,7700,0" yaku="1,1,7,1,52,1,54,1,53,0" doraHai="21" doraHaiUra="92" who="0" fromWho="3" sc="197,87,232,0,402,0,159,-77" /><INIT seed="4,0,0,0,2,77" ten="284,232,402,82" oya="0" hai0="44,105,3,54,62,33,57,120,31,26,118,43,103" hai1="51,41,127,73,46,115,61,69,85,10,81,28,16" hai2="125,21,56,87,121,108,96,12,48,7,19,129,42" hai3="78,99,135,20,110,34,50,95,32,88,128,104,5"/><T112/><D120/><U90/><E127/><V76/><F108/><W93/><G110/><T91/><D118/><U64/><E28/><V30/><F121/><W45/><G104/><T79/><D3/><U111/><E111/><V35/><F129/><W102/><G128/><T27/><D112/><U65/><E65/><V119/><F119/><W116/><G116/><T22/><D91/><U82/><E115/><V6/><F35/><W98/><G135/><T0/><D0/><U89/><E73/><V60/><F30/><W84/><G5/><T122/><D122/><U47/><E46/><N who="2" m="25687" /><F96/><W1/><G1/><T14/><D14/><U18/><E10/><V4/><F125/><W38/><G38/><T39/><D79/><U49/><E49/><V134/><F134/><W131/><G131/><T109/><D109/><U71/><E71/><V74/><F74/><W72/><G72/><T83/><D105/><U117/><E117/><V2/><F2/><W75/><G20/><T66/><D103/><U80/><REACH who="1" step="1"/><E89/><REACH who="1" ten="284,222,402,82" step="2"/><V92/><F7/><W107/><G75/><T86/><D66/><U133/><E133/><V59/><F60/><W11/><G11/><T17/><D31/><U53/><E53/><V8/><F6/><W106/><G78/><N who="0" m="46455" /><D33/><U130/><E130/><V9/><F76/><W63/><G63/><T113/><D113/><U100/><E100/><V55/><F55/><W24/><G34/><T52/><D54/><U70/><E70/><V126/><F126/><W15/><G32/><T132/><D132/><U94/><AGARI ba="0,1" hai="16,18,41,47,51,61,64,69,80,81,82,85,90,94" machi="94" ten="30,12000,2" yaku="1,1,0,1,52,3,54,1,53,0" doraHai="77" doraHaiUra="123" who="1" fromWho="1" sc="284,-60,222,130,402,-30,82,-30" /><INIT seed="5,0,0,4,4,135" ten="224,352,372,52" oya="1" hai0="97,92,40,121,122,21,105,32,74,26,123,7,112" hai1="115,82,77,102,72,15,70,45,71,84,133,53,118" hai2="116,18,117,91,11,64,24,127,90,81,9,128,114" hai3="0,50,131,83,129,44,49,38,34,31,55,6,25"/><U33/><E118/><V108/><F108/><W85/><G38/><T93/><D74/><U29/><E115/><V98/><F64/><W100/><G100/><N who="0" m="62607" /><D32/><U79/><E102/><V124/><F128/><W126/><G50/><T60/><D112/><U20/><E33/><V132/><F132/><W61/><G61/><T104/><D104/><U51/><E133/><V130/><F130/><N who="3" m="49675" /><G6/><T103/><D103/><U16/><REACH who="1" step="1"/><E29/><REACH who="1" ten="224,342,372,52" step="2"/><V54/><F114/><W27/><G0/><T110/><D110/><U101/><E101/><V36/><F116/><W134/><G134/><T87/><D121/><U12/><E12/><V125/><F117/><W106/><G106/><T30/><D122/><U2/><E2/><V59/><F24/><N who="3" m="18791" /><G126/><T113/><D123/><U120/><E120/><V39/><F127/><W68/><G68/><T80/><D113/><U35/><E35/><V4/><F124/><W78/><AGARI ba="0,1" hai="25,27,44,49,55,78,83,85" m="18791,49675" machi="78" ten="30,1100,0" yaku="19,1" doraHai="135" who="3" fromWho="3" sc="224,-3,342,-5,372,-3,52,21" /><INIT seed="6,0,0,4,4,38" ten="221,337,369,73" oya="2" hai0="43,79,31,118,107,114,99,82,32,26,131,15,75" hai1="120,47,62,1,72,128,119,53,56,2,124,17,105" hai2="78,5,106,35,133,8,97,122,69,41,34,123,58" hai3="115,45,50,77,111,76,135,64,23,81,25,10,94"/><V132/><F69/><W71/><G111/><T9/><D114/><U108/><E119/><V103/><F78/><W21/><G135/><N who="2" m="51785" /><F58/><W134/><G134/><T33/><D131/><U44/><E108/><V84/><F84/><W29/><G115/><T80/><D118/><U13/><E105/><V66/><F66/><W68/><G10/><T95/><D82/><U54/><E72/><V7/><F7/><W48/><G48/><T39/><D107/><U110/><E110/><V12/><F41/><W125/><G125/><T130/><D130/><U36/><E128/><V18/><F18/><W16/><G64/><T109/><D109/><U74/><E74/><V42/><F42/><W86/><G94/><T37/><D43/><U101/><E17/><V89/><F89/><W129/><G129/><T88/><REACH who="0" step="1"/><D33/><AGARI ba="0,0" hai="5,8,12,33,34,35,97,103,106,122,123" m="51785" machi="33" ten="30,1500,0" yaku="20,1" doraHai="38" who="2" fromWho="0" sc="221,-15,337,0,369,15,73,0" /><INIT seed="6,1,0,0,3,82" ten="206,337,384,73" oya="2" hai0="15,7,10,8,126,133,1,41,26,102,57,92,39" hai1="29,113,128,121,122,100,54,107,13,131,23,35,132" hai2="19,55,30,95,120,72,47,90,4,78,71,2,123" hai3="80,38,43,64,17,0,37,24,101,62,135,69,28"/><V112/><F71/><W134/><G17/><T103/><D133/><N who="3" m="50697" /><G0/><T117/><D126/><U27/><E54/><V32/><F112/><W89/><G43/><T88/><D117/><U81/><E81/><V52/><F19/><W48/><G48/><T3/><D26/><N who="1" m="18871" /><E100/><V83/><F32/><N who="3" m="20487" /><G101/><T36/><D57/><U63/><E107/><V125/><F30/><W85/><AGARI ba="1,0" hai="37,38,62,64,69,80,85,89" m="20487,50697" machi="85" ten="30,2000,0" yaku="20,1,52,1" doraHai="82" who="3" fromWho="3" sc="206,-6,337,-6,384,-11,73,23" /><INIT seed="7,0,0,4,4,48" ten="200,331,373,96" oya="3" hai0="127,63,36,84,0,131,12,128,35,107,135,65,33" hai1="16,1,82,7,8,92,59,105,75,123,42,130,91" hai2="102,94,31,20,15,109,77,47,46,120,95,53,58" hai3="72,90,93,83,26,101,3,28,51,43,52,61,54"/><W117/><G3/><T100/><D0/><U97/><E130/><N who="0" m="49705" /><D36/><U113/><E113/><V89/><F109/><W111/><G117/><T132/><D127/><U110/><E110/><V106/><F106/><W73/><G111/><T19/><D84/><U80/><E123/><V87/><F77/><W39/><G101/><T112/><D112/><U86/><E42/><V9/><F31/><W115/><G115/><T116/><D116/><U67/><E75/><V4/><F20/><W96/><G83/><T22/><D100/><U76/><E105/><V17/><F4/><W24/><G39/><T44/><D44/><U66/><E80/><V14/><F14/><W21/><G43/><T57/><D107/><U11/><REACH who="1" step="1"/><E59/><REACH who="1" ten="200,321,373,96" step="2"/><V129/><F120/><W56/><G26/><T119/><D119/><U13/><AGARI ba="0,1" hai="1,7,8,11,13,16,66,67,76,82,86,91,92,97" machi="13" ten="30,8000,1" yaku="1,1,2,1,0,1,54,1,53,1" doraHai="48" doraHaiUra="88" who="1" fromWho="1" sc="200,-20,321,90,373,-20,96,-40" owari="180,-22.0,411,51.0,353,15.0,56,-44.0" /></mjloggm>