<mjloggm ver="2.3"><GO type="169" lobby="0"/><UN n0="%67%6F%75%73%69" n1="%4C%53%E9%99%BD" n2="%E3%83%88%E3%83%88%E3%83%AA%E5%85%88%E7%94%9F%31%39%E6%AD%B3" n3="%67%61%79%75%6E%79" dan="19,16,18,16" rate="2259.11,2101.75,2193.88,2027.26" sx="M,M,F,M"/><TAIKYOKU oya="0"/><INIT seed="0,0,0,2,3,19" ten="250,250,250,250" oya="0" hai0="12,22,58,126,109,127,33,86,71,133,43,92,36" hai1="103,11,125,48,46,93,37,45,21,50,69,20,61" hai2="85,38,91,40,130,96,32,104,34,27,2,5,135" hai3="4,0,75,35,39,17,14,23,113,77,119,25,108"/><T70/><D33/><U47/><E125/><V117/><F130/><W10/><G39/><T106/><D106/><U13/><E37/><V128/><F128/><W54/><G119/><T105/><D105/><U44/><E69/><V112/><F112/><W66/><G113/><T55/><D133/><U102/><E61/><V67/><F135/><W65/><G108/><T118/><D118/><U51/><N who="1" m="11264" /><DORA hai="132" /><U56/><E56/><V28/><F40/><W84/><G54/><T80/><D43/><U72/><E72/><V3/><F34/><W100/><G75/><T60/><D92/><U88/><E102/><V63/><F5/><W57/><G57/><T68/><D36/><U24/><E24/><V30/><F30/><N who="3" m="19919" /><G100/><T107/><D107/><U97/><E103/><N who="2" m="62567" /><F117/><W111/><G111/><T7/><D109/><U116/><E116/><V129/><F129/><W131/><G131/><T110/><D110/><U26/><E26/><V59/><F59/><W41/><G41/><T120/><D120/><U89/><E89/><V73/><F73/><W124/><G124/><N who="0" m="47659" /><D7/><AGARI ba="0,0" hai="7,11,13,20,21,48,50,51,88,93,97" m="11264" machi="7" ten="50,8000,1" yaku="8,1,52,2,54,1" doraHai="19,132" who="1" fromWho="0" sc="250,-80,250,80,250,0,250,0" /><INIT seed="1,0,0,3,3,49" ten="170,330,250,250" oya="1" hai0="98,17,66,3,132,93,37,69,68,73,55,60,110" hai1="26,134,35,109,45,22,67,128,83,43,58,8,77" hai2="9,92,59,119,56,70,116,50,23,81,112,7,28" hai3="29,78,65,123,79,72,113,135,114,127,48,131,18"/><U88/><E128/><V125/><F70/><W44/><G123/><T96/><D37/><U120/><E120/><V126/><F112/><W91/><G72/><T21/><D73/><U94/><E134/><V89/><F81/><W71/><G29/><T19/><D3/><U102/><E102/><V104/><F104/><W64/><G18/><T115/><D115/><U16/><E109/><V111/><F111/><W95/><G135/><T40/><D40/><U108/><E108/><V2/><F23/><W105/><G105/><T86/><D132/><U52/><E67/><N who="3" m="25674" /><G71/><T57/><D110/><U32/><E8/><V6/><F28/><W20/><G20/><T90/><D17/><U97/><E45/><V124/><F7/><W25/><G25/><T0/><D0/><U38/><E43/><V14/><F2/><W1/><G1/><T121/><D121/><U133/><E38/><V42/><F59/><W75/><G75/><T76/><D76/><N who="3" m="29225" /><G127/><T54/><D69/><U63/><E133/><V80/><F80/><W10/><G10/><T13/><D68/><U85/><AGARI ba="0,0" hai="16,22,26,32,35,52,58,63,77,83,85,88,94,97" machi="85" ten="20,24000,3" yaku="0,1,7,1,25,2,52,1,54,3" doraHai="49" who="1" fromWho="1" sc="170,-80,330,240,250,-80,250,-80" /><INIT seed="1,1,0,1,2,112" ten="90,570,170,170" oya="1" hai0="79,131,92,30,42,57,40,105,55,81,66,115,110" hai1="54,31,48,49,75,34,107,5,65,21,46,113,53" hai2="126,62,29,86,13,12,0,78,100,1,38,45,2" hai3="25,97,89,59,124,51,104,122,56,135,43,17,106"/><U111/><E34/><V108/><F108/><W23/><G122/><T9/><D105/><U127/><E113/><V72/><F72/><W87/><G135/><T69/><D115/><U22/><E75/><V14/><F126/><W63/><G124/><T114/><D114/><U130/><E107/><V129/><F129/><W119/><G119/><T116/><D131/><U32/><E5/><V60/><F29/><W20/><G20/><T133/><D133/><U134/><E130/><V95/><F78/><W3/><G3/><T28/><D110/><U8/><E8/><V90/><F38/><W7/><G7/><T47/><D42/><U98/><E65/><V26/><F26/><W64/><G97/><T118/><D9/><U71/><E71/><V11/><F11/><W39/><G39/><N who="0" m="21919" /><D92/><U36/><E36/><V91/><F45/><N who="3" m="26047" /><G59/><T77/><D28/><U33/><E31/><V128/><F128/><W19/><G106/><T35/><D30/><U58/><E111/><V16/><F16/><N who="3" m="12519" /><G104/><T101/><D101/><U4/><E127/><V93/><REACH who="2" step="1"/><F100/><REACH who="2" ten="90,570,160,170" step="2"/><W80/><AGARI ba="1,1" hai="17,19,56,63,64,80,87,89" m="12519,26047" machi="80" ten="30,2000,0" yaku="8,1,54,1" doraHai="112" who="3" fromWho="3" sc="90,-6,570,-11,160,-6,170,33" /><INIT seed="2,0,0,3,1,75" ten="84,559,154,203" oya="2" hai0="36,80,71,67,33,66,15,100,51,10,78,116,29" hai1="54,30,83,57,110,44,5,118,39,53,124,73,37" hai2="117,28,84,13,58,111,32,109,98,96,47,130,6" hai3="107,125,19,21,2,103,41,45,128,120,35,25,18"/><V60/><F117/><W79/><G120/><T1/><D36/><U42/><E30/><V108/><F130/><W46/><G2/><T61/><D116/><U49/><E118/><V43/><F32/><W106/><G103/><T89/><D67/><U63/><E5/><V20/><F84/><W64/><G64/><T81/><D1/><U131/><E73/><V86/><F86/><W135/><G35/><T27/><D100/><U87/><E131/><V22/><F6/><W105/><G128/><T62/><D62/><U114/><E114/><V82/><F82/><W126/><G135/><T40/><D89/><U101/><E101/><V16/><F22/><W129/><G129/><T26/><D26/><U8/><E8/><V123/><F28/><W104/><N who="3" m="26624" /><DORA hai="56" /><W88/><G19/><T93/><D93/><U113/><E113/><V52/><F123/><W11/><G11/><T91/><D91/><U4/><E4/><V121/><F121/><W112/><G112/><T38/><D38/><AGARI ba="0,0" hai="13,16,20,38,43,47,52,58,60,96,98,108,109,111" machi="38" ten="40,12000,1" yaku="14,1,10,1,52,1,54,2" doraHai="75,56" who="2" fromWho="0" sc="84,-120,559,0,154,120,203,0" owari="-36,-54.0,559,67.0,274,7.0,203,-20.0" /></mjloggm>