<mjloggm ver="2.3"><GO type="169" lobby="0"/><UN n0="%E5%B0%B1%E6%B4%BB%E7%94%9F%40%E5%B7%9D%E6%9D%91%E8%BB%8D%E5%9B%A3" n1="%E3%82%8F%E3%81%9F%E5%9D%8A%E2%98%86" n2="%64%72%61%67%6F" n3="%E3%81%AE%E3%81%B3%E3%81%97%E3%82%8D%E2%99%82" dan="17,16,16,16" rate="2213.46,2076.61,2042.16,2130.19" sx="M,M,M,M"/><TAIKYOKU oya="0"/><INIT seed="0,0,0,1,3,51" ten="250,250,250,250" oya="0" hai0="82,79,38,69,80,57,33,116,62,5,91,28,113" hai1="31,92,2,122,71,4,75,88,40,135,108,61,104" hai2="55,90,17,106,65,118,95,77,72,56,67,121,94" hai3="64,29,27,10,112,100,34,109,70,130,6,66,89"/><T43/><D116/><U36/><E104/><V22/><F121/><W46/><G109/><T49/><D113/><U128/><E122/><V134/><F106/><W117/><G130/><T32/><D5/><U63/><E75/><V14/><F95/><W26/><G112/><T7/><D7/><U97/><E128/><V18/><F134/><W37/><G117/><T126/><D126/><U111/><E135/><V83/><F18/><W110/><G110/><N who="1" m="42026" /><E71/><V86/><REACH who="2" step="1"/><F118/><REACH who="2" ten="250,250,240,250" step="2"/><W44/><G6/><T21/><D82/><U96/><E4/><V120/><F120/><W39/><G29/><T1/><D28/><U93/><E31/><V24/><F24/><W59/><G26/><T103/><D80/><U114/><E2/><V87/><F87/><W78/><G27/><T19/><D19/><U3/><E3/><V30/><F30/><W9/><G34/><T12/><D1/><U48/><E114/><V123/><F123/><W35/><G35/><T68/><D33/><U41/><E93/><V105/><F105/><W81/><G81/><T8/><D32/><U85/><E85/><V131/><F131/><W13/><G13/><T11/><D12/><U15/><E15/><V98/><F98/><W25/><G25/><T0/><D0/><U132/><E97/><V42/><F42/><W84/><G84/><T53/><D43/><U20/><E132/><V50/><AGARI ba="0,1" hai="14,17,22,50,55,56,65,67,72,77,83,86,90,94" machi="50" ten="20,12000,2" yaku="1,1,0,1,7,1,25,2,52,1,53,0" doraHai="51" doraHaiUra="99" who="2" fromWho="2" sc="250,-60,250,-30,240,130,250,-30" /><INIT seed="1,0,0,4,4,63" ten="190,220,370,220" oya="1" hai0="0,33,3,2,94,84,134,4,79,117,59,53,72" hai1="39,69,34,30,128,16,73,15,74,60,29,113,91" hai2="97,28,126,93,125,85,27,81,5,20,75,132,123" hai3="78,129,32,121,50,35,17,43,116,49,103,76,56"/><U98/><E113/><V24/><F123/><W112/><G129/><T82/><D117/><U106/><E39/><V41/><F75/><W114/><G121/><T58/><D33/><U23/><E128/><V46/><F5/><W124/><G124/><N who="2" m="47721" /><F132/><W101/><G116/><T14/><D134/><U133/><E133/><V108/><F108/><W110/><G56/><T36/><D36/><U95/><E106/><V18/><F85/><W65/><G43/><T119/><D119/><U104/><E104/><V57/><F81/><W55/><G55/><T87/><D94/><U77/><E77/><V19/><F57/><W31/><G17/><T118/><D59/><U109/><E109/><V68/><F24/><W64/><REACH who="3" step="1"/><G31/><REACH who="3" ten="190,220,370,210" step="2"/><T86/><D118/><U70/><E30/><V88/><F68/><W38/><G38/><AGARI ba="0,1" hai="18,19,20,27,28,38,41,46,88,93,97" m="47721" machi="38" ten="30,2000,0" yaku="18,1,54,1" doraHai="63" who="2" fromWho="3" sc="190,0,220,0,370,30,210,-20" /><INIT seed="2,0,0,1,2,77" ten="190,220,400,190" oya="2" hai0="18,110,75,20,6,64,35,58,15,46,102,17,105" hai1="78,44,132,90,88,27,128,100,95,12,84,30,60" hai2="67,72,16,43,87,38,86,28,120,57,101,68,52" hai3="126,19,130,13,74,82,94,31,25,11,99,134,3"/><V127/><F120/><W104/><G134/><T117/><D35/><U92/><E132/><V21/><F72/><W51/><G130/><T23/><D110/><U7/><E128/><V107/><F28/><W115/><G126/><T32/><D32/><U116/><E116/><V65/><F127/><W108/><G108/><T83/><D117/><U10/><E78/><V112/><F107/><W55/><G115/><T56/><D6/><U135/><E135/><V34/><F101/><W124/><G124/><T80/><D75/><U39/><E100/><V119/><F34/><W123/><G123/><T47/><D102/><U26/><E60/><N who="2" m="35879" /><F68/><W53/><G104/><T89/><D89/><U59/><E59/><N who="0" m="22569" /><D64/><N who="2" m="24650" /><F38/><W121/><G121/><T36/><D36/><U76/><E30/><V42/><F112/><W2/><G55/><T48/><D105/><U98/><REACH who="1" step="1"/><E76/><REACH who="1" ten="190,210,400,190" step="2"/><V5/><F119/><W125/><G125/><T41/><D47/><U49/><E49/><V69/><F69/><W9/><G51/><T71/><D71/><U22/><E22/><V133/><F133/><W29/><G29/><T40/><D40/><AGARI ba="0,1" hai="7,10,12,26,27,39,40,44,84,88,90,92,95,98" machi="40" ten="40,5200,0" yaku="1,1,54,1,53,1" doraHai="77" doraHaiUra="70" who="1" fromWho="0" sc="190,-52,210,62,400,0,190,0" /><INIT seed="3,0,0,4,5,56" ten="138,272,400,190" oya="3" hai0="38,33,62,57,44,101,116,80,22,4,35,55,39" hai1="132,36,10,107,120,127,109,128,50,70,8,17,74" hai2="25,123,90,67,92,64,32,124,131,68,121,53,13" hai3="54,69,40,88,104,94,103,71,117,96,72,47,106"/><W37/><G117/><T95/><D116/><U77/><RYUUKYOKU type="yao9" ba="0,0" sc="138,0,272,0,400,0,190,0" hai1="8,10,17,36,50,70,74,77,107,109,120,127,128,132" /><INIT seed="3,1,0,5,1,104" ten="138,272,400,190" oya="3" hai0="106,95,0,56,75,12,26,122,33,25,2,76,134" hai1="45,4,130,7,74,113,31,132,116,79,58,65,43" hai2="117,70,6,114,11,120,109,51,91,39,49,46,129" hai3="66,42,98,36,126,17,105,72,118,73,1,53,83"/><W110/><G53/><T55/><D122/><U15/><E113/><V21/><F70/><W125/><G17/><T85/><D106/><U13/><E132/><V102/><F114/><W112/><G83/><T47/><D134/><U19/><E31/><V121/><F102/><N who="3" m="62679" /><G112/><T89/><D47/><U30/><E30/><V40/><F117/><W50/><G50/><T61/><D12/><U100/><E100/><V93/><F21/><W62/><G118/><T59/><D59/><U14/><E116/><V115/><F115/><W23/><G23/><T18/><D33/><U108/><E19/><V82/><F82/><W16/><G16/><T87/><D87/><U38/><E65/><V124/><F49/><W90/><G90/><T29/><D29/><U20/><E58/><V60/><F120/><W80/><G80/><T71/><D71/><U69/><E69/><V37/><F51/><W77/><G77/><T86/><D86/><U24/><E24/><V131/><F91/><W41/><G1/><T123/><D123/><U103/><E20/><V111/><F121/><W119/><G119/><T99/><D85/><U48/><E48/><V5/><F39/><W54/><G54/><T34/><D34/><U9/><E103/><V44/><F37/><W135/><G135/><T67/><D55/><U10/><E15/><V97/><F97/><W52/><G52/><T63/><D18/><U127/><E38/><V3/><F3/><N who="0" m="1066" /><D61/><U101/><E14/><V84/><F84/><W92/><G92/><T27/><D76/><U78/><E79/><V88/><F93/><W96/><G62/><RYUUKYOKU ba="1,0" sc="138,30,272,-10,400,-10,190,-10" hai0="25,26,27,56,63,67,75,89,95,99" /><INIT seed="4,2,0,5,3,58" ten="168,262,390,180" oya="0" hai0="55,20,4,43,64,29,11,36,50,102,97,42,15" hai1="96,1,87,9,47,112,128,81,109,90,54,69,45" hai2="83,18,131,33,17,113,8,105,0,40,110,21,84" hai3="106,61,62,132,116,44,14,120,78,92,19,122,88"/><T32/><D36/><U79/><E109/><V98/><F110/><W89/><G106/><T12/><D32/><U3/><E69/><V41/><F33/><W49/><G116/><T10/><D64/><U65/><E65/><V7/><F113/><W108/><G108/><T95/><D29/><U107/><E128/><V48/><F131/><W2/><G2/><T126/><D20/><U30/><E30/><V76/><F18/><W26/><G78/><T67/><D67/><U66/><E66/><V86/><F48/><W85/><G26/><T34/><D34/><U77/><E112/><V118/><F118/><W52/><G132/><T38/><D38/><U91/><E91/><V60/><F60/><W63/><REACH who="3" step="1"/><G89/><REACH who="3" ten="168,262,390,170" step="2"/><T134/><D134/><U124/><E79/><V46/><F0/><W104/><G104/><T115/><D115/><U68/><E77/><V127/><F105/><W24/><G24/><T119/><D119/><U130/><E107/><V16/><F76/><W6/><G6/><N who="0" m="3159" /><D126/><U114/><E124/><V57/><F7/><W27/><G27/><T25/><D25/><U28/><E114/><V74/><F127/><W37/><G37/><T100/><D100/><U99/><E3/><V70/><F17/><W59/><G59/><AGARI ba="2,1" hai="4,11,15,42,43,50,55,59,95,97,102" m="3159" machi="59" ten="30,1500,0" yaku="8,1" doraHai="58" who="0" fromWho="3" sc="168,31,262,0,390,0,170,-21" /><INIT seed="4,3,0,3,0,46" ten="199,262,390,149" oya="0" hai0="42,86,45,48,122,103,82,111,32,114,68,112,9" hai1="107,24,125,2,104,129,98,88,54,55,20,110,34" hai2="25,80,18,36,65,1,132,133,76,40,31,19,8" hai3="58,124,60,47,37,96,123,117,120,78,95,27,91"/><T77/><D122/><U5/><E110/><V28/><F65/><W3/><G117/><T17/><D68/><U38/><E38/><V92/><F36/><W118/><G118/><T4/><D32/><U64/><E34/><V85/><F40/><W51/><G37/><T74/><D111/><U50/><E64/><V41/><F41/><W23/><G3/><T33/><D33/><U105/><E129/><V97/><F1/><W131/><G131/><T12/><D103/><U90/><E55/><V106/><F106/><W39/><G39/><T63/><D63/><U43/><E43/><V56/><F56/><W35/><G35/><T81/><REACH who="0" step="1"/><D17/><REACH who="0" ten="189,262,390,149" step="2"/><U126/><E126/><V59/><F19/><N who="3" m="12799" /><G124/><T87/><D87/><U94/><E125/><V75/><F18/><W6/><G123/><T116/><D116/><U7/><E105/><V109/><F85/><W113/><G120/><T21/><D21/><U128/><E107/><V119/><F109/><W29/><G113/><T53/><D53/><U115/><E104/><V0/><F119/><W89/><G29/><T62/><D62/><U22/><E22/><V93/><F31/><W11/><G60/><T44/><D44/><N who="1" m="27975" /><E115/><V16/><F16/><W100/><G47/><T130/><D130/><U71/><E71/><V13/><F28/><W52/><G11/><T83/><D83/><U72/><E128/><V127/><F80/><W14/><G78/><AGARI ba="3,1" hai="4,9,12,42,45,48,74,77,78,81,82,86,112,114" machi="78" ten="40,12000,1" yaku="1,1,25,2,52,1,53,0" doraHai="46" doraHaiUra="101" who="0" fromWho="3" sc="189,139,262,0,390,0,149,-129" /><INIT seed="4,4,0,3,2,63" ten="328,262,390,20" oya="0" hai0="126,27,89,18,110,128,132,114,25,122,85,69,67" hai1="121,105,129,111,82,79,56,112,115,49,19,34,75" hai2="83,57,109,65,28,31,23,16,58,41,4,52,43" hai3="59,119,3,6,60,103,46,15,5,98,76,47,8"/><T123/><D114/><N who="1" m="43563" /><E34/><V48/><F109/><W108/><G108/><T13/><D110/><U120/><E111/><V22/><F4/><W118/><G76/><T93/><D128/><U51/><E129/><V39/><F83/><W96/><G96/><T106/><D106/><U54/><E105/><V86/><F86/><W32/><G32/><T21/><D126/><U73/><E73/><V78/><F23/><W30/><G30/><N who="2" m="11305" /><F39/><W45/><G5/><T36/><D36/><U50/><E19/><V130/><F78/><W1/><G118/><T26/><REACH who="0" step="1"/><D132/><REACH who="0" ten="318,262,390,20" step="2"/><U71/><E71/><V131/><F130/><W125/><G125/><T7/><D7/><U107/><E107/><V90/><F131/><W70/><G119/><T88/><D88/><U20/><E20/><V40/><F90/><W124/><G124/><T9/><D9/><U12/><E12/><V134/><F134/><W102/><G70/><T87/><D87/><U68/><E68/><V116/><F116/><W72/><G72/><T77/><D77/><U17/><E17/><V101/><F16/><W80/><G80/><T81/><D81/><U95/><E95/><V117/><F22/><W113/><G113/><T133/><D133/><U35/><E35/><V74/><F74/><W61/><G103/><T38/><D38/><U94/><E94/><V24/><F101/><W29/><G29/><T14/><D14/><U66/><E120/><V92/><F92/><N who="3" m="58695" /><G61/><AGARI ba="4,1" hai="13,18,21,25,26,27,61,67,69,85,89,93,122,123" machi="61" ten="40,3900,0" yaku="1,1,52,1,53,0" doraHai="63" doraHaiUra="104" who="0" fromWho="3" sc="318,61,262,0,390,0,20,-51" owari="379,18.0,262,-14.0,390,49.0,-31,-53.0" /></mjloggm>