<mjloggm ver="2.3"><GO type="169" lobby="0"/><UN n0="%4C%44" n1="%6D%6F%6E%6F%2D%31%34" n2="%E6%9B%BF%E7%8E%89%E5%9B%BA%E9%BA%BA" n3="%E3%82%A6%E3%83%AB%E3%83%88%E3%83%A9%E7%AB%8B%E7%9B%B4" dan="16,16,17,16" rate="2123.50,2106.02,2202.21,2096.58" sx="M,M,M,M"/><TAIKYOKU oya="0"/><INIT seed="0,0,0,3,0,1" ten="250,250,250,250" oya="0" hai0="35,74,64,13,39,43,106,44,12,79,133,73,20" hai1="127,131,128,40,36,105,75,109,14,55,24,7,6" hai2="11,98,112,8,81,77,111,50,5,99,22,102,84" hai3="68,93,97,80,82,119,114,63,31,88,69,76,30"/><T94/><D106/><U83/><E105/><V60/><F111/><W95/><G114/><T57/><D35/><U108/><E127/><V37/><F112/><W129/><G129/><N who="1" m="49738" /><E24/><V115/><F37/><W78/><G63/><T38/><D38/><U46/><E14/><V103/><F115/><W92/><G92/><T65/><D133/><U132/><E132/><V124/><F124/><W0/><G0/><T90/><D12/><U42/><E42/><V134/><F134/><W125/><G125/><T86/><D79/><N who="1" m="44543" /><E55/><V59/><F22/><W3/><G3/><T96/><D96/><U18/><E18/><V58/><F11/><W25/><G25/><T135/><D135/><U52/><E52/><N who="2" m="32023" /><F98/><W51/><G97/><T19/><REACH who="0" step="1"/><D57/><REACH who="0" ten="240,250,250,250" step="2"/><U2/><E2/><V34/><F99/><W45/><G76/><T28/><D28/><U130/><E130/><V67/><F34/><W66/><G78/><T9/><D9/><U116/><E116/><V32/><F32/><W23/><G30/><T87/><D87/><U123/><E123/><V61/><F102/><W71/><G31/><T56/><D56/><U120/><E120/><V72/><F103/><W100/><G100/><T89/><D89/><U85/><E85/><V117/><F72/><AGARI ba="0,1" hai="13,19,20,39,43,44,64,65,72,73,74,86,90,94" machi="72" ten="40,2000,0" yaku="1,1,53,0" doraHai="1" doraHaiUra="33" who="0" fromWho="2" sc="240,30,250,0,250,-20,250,0" /><INIT seed="0,1,0,5,1,0" ten="270,250,230,250" oya="0" hai0="115,20,95,47,29,43,99,62,27,94,12,79,32" hai1="86,96,131,132,118,3,37,45,5,24,7,46,117" hai2="104,49,14,23,74,97,48,1,60,34,2,21,116" hai3="128,68,105,52,87,81,85,41,63,83,113,67,59"/><T75/><D115/><U19/><E3/><V39/><F74/><W26/><G105/><T134/><D134/><U80/><E132/><V65/><F34/><W4/><G113/><T15/><D94/><U111/><E111/><V120/><F39/><W11/><G128/><T28/><D28/><U51/><E131/><V56/><F120/><W129/><G129/><T64/><D32/><U127/><E127/><V109/><F116/><W35/><G41/><T114/><D114/><U112/><E37/><V54/><F109/><W98/><G98/><T22/><D22/><N who="1" m="13407" /><E112/><V57/><F49/><W36/><G36/><T110/><D110/><U107/><E46/><V10/><F2/><W82/><G26/><T9/><D79/><N who="1" m="46367" /><E107/><V133/><F1/><W42/><G42/><T31/><D31/><U103/><E118/><V8/><F8/><W71/><G35/><T84/><D9/><U58/><E58/><V30/><F30/><W72/><G72/><T102/><D84/><U89/><E103/><V66/><F66/><W93/><G93/><T91/><D91/><U78/><E78/><V124/><F124/><W40/><G40/><T106/><D106/><U44/><E44/><V16/><REACH who="2" step="1"/><F133/><REACH who="2" ten="270,250,220,250" step="2"/><W17/><G67/><T25/><D75/><U76/><E117/><V122/><F122/><W61/><G11/><T33/><D64/><U101/><E51/><V38/><F38/><W108/><G108/><T88/><D33/><U92/><E76/><V55/><F55/><W53/><G52/><T100/><D43/><U125/><E125/><V135/><F135/><W77/><G77/><RYUUKYOKU ba="1,1" sc="270,-10,250,-10,220,30,250,-10" hai2="10,14,16,21,23,48,54,56,57,60,65,97,104" /><INIT seed="1,2,1,2,1,105" ten="260,240,250,240" oya="1" hai0="101,56,42,80,59,123,89,87,104,13,84,23,68" hai1="103,58,12,85,118,5,46,133,1,33,65,116,98" hai2="132,40,93,121,129,19,130,61,50,37,79,63,82" hai3="131,95,120,34,69,20,113,86,31,60,28,77,83"/><U22/><E33/><V15/><F121/><W134/><G120/><T125/><D68/><U122/><E122/><V38/><F132/><W91/><G113/><T76/><D123/><U32/><E32/><V44/><F93/><W67/><G134/><T7/><D125/><U99/><E1/><V111/><F111/><W51/><G131/><N who="2" m="50185" /><F63/><W135/><G135/><T126/><D126/><U43/><E99/><V29/><F61/><W115/><G115/><T88/><D42/><U78/><E98/><V17/><F29/><W106/><G106/><T55/><D104/><U124/><E103/><V70/><F70/><W107/><G107/><T92/><D101/><U25/><E133/><V11/><F19/><W90/><G34/><T71/><D71/><U119/><E124/><V74/><AGARI ba="2,1" hai="11,15,17,37,38,40,44,50,74,79,82" m="50185" machi="74" ten="30,2000,0" yaku="19,1,52,1" doraHai="105" who="2" fromWho="2" sc="260,-7,240,-12,250,36,240,-7" /><INIT seed="2,0,0,4,1,72" ten="253,228,286,233" oya="2" hai0="47,125,123,27,63,82,38,69,31,48,68,11,14" hai1="21,87,130,19,85,124,44,62,22,84,13,3,103" hai2="45,101,77,135,37,16,58,25,89,93,29,40,1" hai3="20,7,108,64,61,51,122,80,100,18,102,81,96"/><V28/><F1/><W56/><G108/><T57/><D125/><U50/><E124/><V66/><F135/><W32/><G32/><T97/><D38/><U113/><E130/><V33/><F101/><W39/><G39/><T53/><D97/><U118/><E118/><V26/><F77/><W120/><G7/><T30/><D123/><U91/><E3/><V107/><F107/><W131/><G131/><T115/><D115/><U35/><E35/><V119/><F119/><W73/><G102/><T121/><D121/><U10/><E62/><V75/><F75/><W12/><G51/><T132/><D132/><U78/><E113/><V79/><F79/><W17/><G81/><T24/><D82/><N who="1" m="47191" /><E103/><V0/><F0/><W2/><G2/><T134/><D134/><U52/><E87/><V88/><F93/><AGARI ba="0,0" hai="10,13,19,21,22,44,50,52,85,91,93" m="47191" machi="93" ten="30,3900,0" yaku="8,1,52,1,54,1" doraHai="72" who="1" fromWho="2" sc="253,0,228,39,286,-39,233,0" /><INIT seed="3,0,0,5,1,58" ten="253,267,247,233" oya="3" hai0="39,45,120,12,135,52,96,46,91,130,109,40,123" hai1="53,81,34,15,55,131,49,108,117,77,38,14,114" hai2="13,72,76,104,107,118,23,29,6,93,70,61,90" hai3="17,63,30,31,32,19,8,44,41,66,9,73,4"/><W64/><G73/><T121/><D12/><U133/><E38/><V10/><F118/><W99/><G99/><T74/><D74/><U112/><E34/><V54/><F76/><W113/><G113/><T68/><D91/><U86/><E108/><V78/><F78/><W100/><G100/><T2/><D96/><U71/><E71/><V75/><F75/><W98/><G98/><T56/><D2/><U115/><E133/><V83/><F83/><W28/><G32/><T103/><D103/><U62/><E131/><V67/><F72/><W122/><G122/><T111/><D130/><U36/><E36/><V127/><F54/><W110/><G110/><N who="0" m="41995" /><D135/><U18/><E117/><V82/><F82/><W25/><G25/><T22/><D22/><U128/><E128/><V51/><F51/><W88/><G88/><T132/><D132/><U116/><E116/><V59/><F107/><W89/><G89/><T24/><D24/><U119/><E119/><V11/><F104/><W95/><G95/><T129/><D129/><U20/><E115/><V47/><F93/><W101/><G101/><T94/><D94/><U16/><E114/><V60/><F90/><W26/><G26/><T0/><D0/><U85/><E112/><V33/><F29/><W27/><G27/><T48/><D68/><U106/><E106/><V69/><F33/><W65/><G31/><T102/><D102/><U5/><E77/><V84/><F11/><N who="3" m="4171" /><G30/><T92/><D92/><U97/><E81/><V21/><F23/><W42/><G28/><T105/><D105/><U80/><E80/><V35/><F21/><RYUUKYOKU ba="0,0" sc="253,30,267,-10,247,-10,233,-10" hai0="39,40,45,46,48,52,56,120,121,123" /><INIT seed="4,1,0,0,5,132" ten="283,257,237,223" oya="0" hai0="22,93,32,92,109,72,43,98,90,58,124,64,131" hai1="42,6,49,28,116,106,57,76,62,48,84,129,24" hai2="111,26,13,27,33,18,55,118,108,110,88,19,35" hai3="63,53,61,4,85,8,30,77,101,94,126,51,75"/><T65/><D32/><U7/><E106/><V86/><F118/><W66/><G75/><T36/><D72/><U16/><E116/><V17/><F55/><W107/><G107/><T0/><D0/><U125/><E125/><V100/><F100/><W23/><G126/><T45/><D124/><U102/><E102/><V71/><F71/><W105/><G105/><T117/><D117/><U70/><E70/><V14/><F86/><W12/><G66/><T130/><D109/><U39/><E39/><V97/><F97/><W20/><G77/><T78/><D78/><U50/><E42/><V52/><F52/><W15/><G30/><T41/><D41/><U40/><E40/><V120/><F88/><N who="3" m="53519" /><G101/><T91/><D22/><N who="3" m="8233" /><G15/><N who="2" m="5641" /><F120/><W83/><G83/><T104/><D104/><U128/><E84/><V103/><F103/><W38/><G38/><T34/><D34/><AGARI ba="1,0" hai="17,18,19,26,27,33,34,35,108,110,111" m="5641" machi="34" ten="40,8000,1" yaku="28,2,34,2" doraHai="132" who="2" fromWho="0" sc="283,-83,257,0,237,83,223,0" /><INIT seed="5,0,0,5,3,135" ten="200,257,320,223" oya="1" hai0="69,72,74,44,124,78,111,31,80,71,7,3,85" hai1="26,61,129,108,48,55,16,63,121,98,47,46,64" hai2="102,2,36,116,25,45,112,37,81,28,77,65,83" hai3="107,57,113,32,118,30,104,11,101,42,5,56,1"/><U19/><E121/><V15/><F116/><W54/><G118/><T24/><D111/><U106/><E108/><V62/><F2/><W86/><G113/><T120/><D120/><U20/><E129/><V119/><F119/><W99/><G42/><T73/><D124/><U50/><E106/><V60/><F112/><W51/><G107/><T68/><D3/><U90/><E19/><V66/><F102/><W92/><G30/><T133/><D7/><U9/><E9/><V95/><F95/><W12/><G32/><T82/><D44/><U123/><E123/><V27/><F15/><W134/><G134/><T76/><REACH who="0" step="1"/><D133/><REACH who="0" ten="190,257,320,223" step="2"/><U18/><E47/><V10/><F45/><W114/><G1/><T126/><D126/><U94/><E50/><V6/><F37/><W58/><G114/><T97/><D97/><U84/><E98/><V91/><F36/><W89/><AGARI ba="0,1" hai="5,11,12,51,54,56,57,58,86,89,92,99,101,104" machi="89" ten="30,1100,0" yaku="0,1" doraHai="135" who="3" fromWho="3" sc="190,-3,257,-5,320,-3,223,21" /><INIT seed="6,0,0,1,2,128" ten="187,252,317,244" oya="2" hai0="56,84,129,58,9,114,69,96,98,106,101,50,133" hai1="87,47,119,121,17,123,73,95,40,108,15,80,100" hai2="110,31,75,86,107,38,3,97,43,10,116,131,1" hai3="41,132,76,90,2,37,70,89,6,19,78,34,135"/><V28/><F116/><W120/><G34/><T122/><D122/><U124/><E108/><V103/><F131/><W115/><G70/><T126/><D69/><U21/><E119/><V93/><F110/><W8/><G120/><N who="1" m="46154" /><E73/><V117/><F117/><W39/><G19/><T14/><D129/><U59/><E59/><V27/><F75/><W57/><G57/><T62/><D114/><U44/><E124/><V5/><F3/><W71/><G71/><T7/><D126/><U79/><E40/><V23/><F31/><W36/><G41/><T0/><D84/><U52/><E95/><V112/><F112/><W4/><G4/><T127/><D127/><U77/><E77/><N who="3" m="29802" /><G115/><T61/><D98/><U11/><E100/><V20/><F38/><W63/><G63/><T72/><D72/><U85/><E85/><V81/><F43/><W111/><G111/><T74/><D74/><U66/><E66/><V94/><REACH who="2" step="1"/><F20/><REACH who="2" ten="187,252,307,244" step="2"/><W49/><G39/><T88/><D0/><U33/><E33/><V32/><F32/><W92/><G37/><T26/><D62/><U64/><E21/><V82/><F82/><W18/><G36/><T48/><D61/><U118/><E80/><V99/><F99/><W24/><G2/><T68/><D96/><U83/><E83/><V13/><F13/><W125/><G125/><T46/><D14/><U53/><E118/><V67/><F67/><W35/><G35/><T22/><D22/><U16/><E64/><V55/><F55/><N who="1" m="21065" /><E17/><V102/><F102/><W134/><G18/><T113/><D113/><U109/><E109/><V12/><F12/><RYUUKYOKU ba="0,1" sc="187,-15,252,15,307,15,244,-15" hai1="11,15,16,44,47,79,87" hai2="1,5,10,23,27,28,81,86,93,94,97,103,107" /><INIT seed="6,1,1,5,4,62" ten="172,267,322,229" oya="2" hai0="25,52,8,125,24,112,64,98,135,111,122,6,34" hai1="50,91,49,7,114,23,85,33,17,92,74,70,0" hai2="123,101,124,99,127,26,121,100,38,30,90,68,119" hai3="115,81,108,79,11,97,75,89,117,113,16,105,41"/><V43/><F68/><W129/><G41/><T120/><D111/><U18/><E33/><V4/><F4/><W40/><G40/><T131/><D135/><U29/><E70/><V15/><F15/><N who="3" m="7295" /><G108/><T77/><D77/><U37/><E74/><V109/><F43/><W3/><G3/><T130/><D98/><U132/><E132/><V102/><F38/><W88/><G117/><T106/><D106/><U107/><E107/><V36/><F36/><W78/><G78/><T10/><D34/><U12/><E37/><V61/><F61/><W72/><G72/><T128/><D131/><U58/><E29/><V104/><F104/><W56/><G56/><T103/><D103/><U28/><E28/><V47/><F47/><W82/><G82/><T53/><D6/><U94/><E7/><V39/><F39/><W22/><G22/><T86/><D86/><U126/><E18/><V44/><F44/><W67/><G67/><T76/><D76/><U51/><E58/><V73/><F73/><W93/><G129/><T110/><D110/><U63/><E63/><V60/><F60/><W42/><G42/><T95/><D95/><U69/><E69/><V80/><F109/><W59/><G59/><T84/><D84/><U9/><E23/><N who="2" m="15711" /><F80/><N who="3" m="45183" /><G105/><T14/><D64/><U133/><E0/><V19/><F119/><W27/><G27/><T48/><D130/><U87/><E133/><V134/><F134/><W66/><G66/><T21/><D128/><U65/><E65/><V57/><F121/><W45/><G45/><T35/><D120/><U83/><E12/><V1/><F123/><RYUUKYOKU ba="1,1" sc="172,-10,267,-10,322,-10,229,30" hai3="81,88,89,93,97,113,115" /><INIT seed="7,2,1,3,0,36" ten="162,257,312,259" oya="3" hai0="41,65,75,108,118,122,128,7,123,38,14,91,87" hai1="31,81,44,76,120,24,134,101,89,55,94,83,51" hai2="115,110,92,125,68,79,30,130,61,4,13,58,71" hai3="12,135,46,50,15,42,35,82,99,66,97,63,103"/><W59/><G135/><T29/><D108/><U18/><E134/><V121/><F110/><W37/><G35/><T10/><D128/><U90/><E120/><V20/><F121/><W113/><G113/><T47/><D118/><U48/><E18/><V22/><F115/><W60/><G37/><T106/><D75/><U21/><E83/><V78/><F130/><W52/><G82/><T34/><D106/><U67/><E67/><V119/><F119/><W100/><G99/><T6/><D65/><U45/><E101/><V104/><F104/><W95/><G103/><T114/><D114/><U25/><E94/><V109/><F109/><W40/><G40/><T57/><D57/><AGARI ba="2,1" hai="12,15,42,46,50,52,57,59,60,63,66,95,97,100" machi="57" ten="30,11600,0" yaku="7,1,8,1,52,1,54,1" doraHai="36" who="3" fromWho="0" sc="162,-122,257,0,312,0,259,132" owari="40,-46.0,257,-14.0,312,11.0,391,49.0" /></mjloggm>