<mjloggm ver="2.3"><GO type="169" lobby="0"/><UN n0="%E5%B5%AF%E5%B3%A8%E6%94%BF%E5%AE%97" n1="%E5%A4%8F%E8%94%AD" n2="%E3%83%88%E3%83%88%E3%83%AA%E5%85%88%E7%94%9F%31%39%E6%AD%B3" n3="%E5%92%B2%E7%95%91%E6%A2%A8%E6%B7%B1" dan="16,16,19,16" rate="2112.05,2057.96,2246.11,2136.33" sx="M,M,F,F"/><TAIKYOKU oya="0"/><INIT seed="0,0,0,3,2,97" ten="250,250,250,250" oya="0" hai0="77,42,7,39,116,71,75,124,118,106,66,58,1" hai1="131,16,55,0,83,84,101,4,103,100,18,79,48" hai2="123,26,8,28,93,54,13,15,112,70,41,86,40" hai3="105,44,68,57,11,119,35,34,109,134,24,5,114"/><T51/><D124/><U63/><E131/><V22/><F123/><W67/><G68/><T46/><D106/><U20/><E63/><V91/><F112/><W104/><G114/><T45/><D58/><U132/><E132/><V73/><F73/><W52/><G134/><T6/><D6/><U113/><E113/><V108/><F108/><W92/><G67/><T49/><D49/><U102/><N who="1" m="25600" /><DORA hai="10" /><U33/><E33/><V107/><F107/><W25/><G44/><T2/><D51/><U82/><E82/><V111/><F111/><W94/><G109/><T121/><D121/><U96/><E96/><V122/><F122/><W115/><G115/><T127/><D127/><U87/><E87/><V27/><F70/><W50/><G119/><N who="0" m="45611" /><D46/><U65/><E65/><V126/><F126/><W59/><G50/><T64/><D64/><U125/><E125/><V130/><F130/><W17/><G11/><T72/><D7/><U21/><E0/><N who="0" m="105" /><D77/><U88/><E4/><V12/><F8/><W85/><G5/><T62/><AGARI ba="0,0" hai="39,42,45,62,66,71,72,75" m="105,45611" machi="62" ten="40,2100,0" yaku="23,1" doraHai="97,10" who="0" fromWho="0" sc="250,21,250,-7,250,-7,250,-7" /><INIT seed="0,1,0,2,1,16" ten="271,243,243,243" oya="0" hai0="130,90,93,62,34,117,59,126,86,110,92,97,37" hai1="38,53,30,125,69,76,72,2,98,20,51,100,131" hai2="95,27,74,33,104,43,57,35,45,8,87,28,120" hai3="112,109,47,83,79,52,11,44,78,85,7,102,124"/><T81/><D117/><U14/><E38/><V17/><F120/><W36/><G109/><T73/><D37/><U48/><E2/><V96/><F74/><W113/><G124/><T133/><D34/><U19/><E69/><V58/><F35/><W89/><G102/><T63/><D110/><U75/><E125/><V103/><F87/><W40/><G112/><T49/><D126/><U105/><E131/><V121/><F121/><W65/><G65/><T132/><D130/><U23/><E76/><V39/><F104/><W116/><G113/><T91/><D73/><U128/><E128/><V106/><F106/><W118/><G118/><T71/><D81/><U108/><E108/><V111/><F111/><W114/><G114/><T26/><D26/><U115/><E115/><V1/><F1/><W60/><G116/><T0/><D0/><U5/><E5/><V42/><F42/><W107/><G107/><T122/><D122/><U21/><E30/><V82/><F82/><W77/><G40/><T13/><D13/><U32/><E32/><V101/><F101/><W94/><G36/><T80/><D80/><U22/><REACH who="1" step="1"/><E51/><REACH who="1" ten="271,233,243,243" step="2"/><V68/><F68/><W3/><G3/><T15/><D71/><U135/><E135/><N who="0" m="51785" /><D15/><U88/><E88/><V99/><F33/><W25/><G7/><T134/><D134/><U9/><E9/><V119/><F119/><W55/><G11/><T61/><D49/><U31/><E31/><V56/><F28/><W18/><G89/><T4/><D4/><U67/><E67/><AGARI ba="1,1" hai="59,61,62,63,67,86,90,91,92,93,97" m="51785" machi="67" ten="30,1500,0" yaku="20,1" doraHai="16" who="0" fromWho="1" sc="271,28,233,-18,243,0,243,0" /><INIT seed="0,2,0,3,2,82" ten="299,215,243,243" oya="0" hai0="87,129,46,117,43,120,116,92,74,123,67,125,35" hai1="89,72,77,68,1,57,18,20,52,70,118,84,95" hai2="21,61,134,104,85,66,97,3,62,109,63,22,91" hai3="69,56,100,9,86,115,44,94,2,51,80,16,75"/><T11/><D35/><U6/><E118/><V96/><F3/><W19/><G69/><T65/><D74/><U71/><E77/><V17/><F109/><W37/><G75/><T88/><D125/><U8/><E72/><V13/><F134/><W54/><G115/><T122/><D11/><U133/><E133/><V112/><F112/><W78/><G2/><T60/><D129/><U135/><E135/><V111/><F111/><W53/><G9/><T45/><D45/><U131/><E131/><V79/><F79/><W119/><G119/><T98/><D98/><N who="2" m="37994" /><F104/><W28/><G28/><T40/><D40/><U30/><E30/><V59/><F22/><W0/><G0/><T34/><D34/><U55/><REACH who="1" step="1"/><E57/><REACH who="1" ten="299,205,243,243" step="2"/><V124/><F124/><W24/><G56/><T41/><D117/><U73/><E73/><V93/><AGARI ba="2,1" hai="13,17,21,59,61,62,63,66,85,91,93" m="37994" machi="93" ten="30,2000,0" yaku="8,1,52,1" doraHai="82" who="2" fromWho="2" sc="299,-12,205,-7,243,36,243,-7" /><INIT seed="1,0,0,0,1,64" ten="287,198,279,236" oya="1" hai0="66,7,20,94,83,10,59,126,87,103,41,100,81" hai1="62,120,55,101,69,104,125,88,25,114,86,97,39" hai2="90,122,44,92,99,65,38,107,49,4,85,60,82" hai3="32,29,12,18,31,26,134,50,98,123,73,24,67"/><U34/><E120/><V37/><F122/><W111/><G123/><T79/><D41/><U36/><E114/><V58/><F107/><W11/><G67/><T61/><D61/><U129/><BYE who="0" /><E129/><V6/><F37/><W33/><G73/><T109/><D109/><U121/><E121/><V132/><F132/><UN n0="%E5%B5%AF%E5%B3%A8%E6%94%BF%E5%AE%97" /><W47/><G98/><T54/><D66/><N who="1" m="41175" /><E55/><V17/><F17/><W72/><G72/><T78/><D20/><U23/><E23/><V115/><F38/><W130/><G134/><T131/><D126/><U28/><E125/><V135/><F135/><W71/><G111/><T93/><D54/><U118/><E118/><V127/><F115/><W108/><G108/><T63/><D59/><U117/><E117/><V2/><F2/><W46/><G130/><T91/><D63/><U89/><E89/><V84/><F84/><W116/><G116/><T112/><D10/><U74/><E74/><V0/><F0/><W53/><REACH who="3" step="1"/><G71/><REACH who="3" ten="287,198,279,226" step="2"/><T40/><D131/><U80/><AGARI ba="0,1" hai="25,28,34,36,39,80,86,88,97,101,104" m="41175" machi="80" ten="30,6000,0" yaku="25,1,52,1,54,1" doraHai="64" who="1" fromWho="1" sc="287,-20,198,70,279,-20,226,-20" /><INIT seed="1,1,0,5,1,38" ten="267,268,259,206" oya="1" hai0="56,62,59,95,53,1,113,75,112,90,103,114,122" hai1="2,57,128,76,6,125,70,36,80,41,39,104,108" hai2="126,74,3,84,58,17,99,52,132,71,131,85,49" hai3="64,107,81,54,66,65,47,24,82,44,12,18,130"/><U63/><E104/><V100/><F71/><W111/><G107/><T29/><D75/><U25/><E70/><V101/><F74/><W16/><G111/><T20/><D1/><U115/><E115/><V11/><F131/><W89/><G130/><T13/><D103/><U102/><E128/><V86/><F132/><W4/><G4/><T83/><D83/><U69/><E69/><V92/><F126/><W37/><G37/><T50/><D122/><U72/><E102/><N who="2" m="60775" /><F3/><W97/><G24/><T19/><D29/><U15/><E2/><V105/><F105/><W87/><G97/><T5/><D5/><U32/><E125/><V88/><F88/><W40/><G40/><T28/><D28/><U42/><E108/><V134/><F134/><W7/><G7/><T60/><REACH who="0" step="1"/><D59/><REACH who="0" ten="257,268,259,206" step="2"/><U61/><E57/><V31/><F31/><W23/><G82/><T127/><D127/><U51/><E80/><V118/><F118/><W14/><REACH who="3" step="1"/><G54/><REACH who="3" ten="257,268,259,196" step="2"/><T94/><D94/><U48/><E6/><V8/><F52/><W124/><G124/><T9/><D9/><AGARI ba="1,2" hai="9,12,14,16,18,23,44,47,64,65,66,81,87,89" machi="9" ten="40,8000,1" yaku="1,1,8,1,54,1,53,2" doraHai="38" doraHaiUra="10" who="3" fromWho="0" sc="257,-83,268,0,259,0,196,103" /><INIT seed="2,0,0,3,0,78" ten="174,268,259,299" oya="2" hai0="77,49,57,66,97,10,9,88,67,128,46,71,52" hai1="133,15,60,84,23,81,93,45,58,68,26,79,80" hai2="34,41,85,94,28,61,25,129,86,114,0,113,54" hai3="82,24,8,95,99,109,64,55,14,112,19,75,121"/><V63/><F129/><W87/><G75/><T1/><D71/><U43/><E68/><V18/><F0/><W13/><G109/><T76/><D128/><U37/><E133/><V101/><F41/><W31/><G112/><T5/><D9/><U11/><E93/><V117/><F117/><W134/><G134/><T116/><D116/><U38/><E38/><V22/><F86/><W30/><G64/><T39/><D39/><U111/><E111/><V73/><F73/><W35/><G121/><T107/><D107/><U103/><E103/><V48/><F113/><W115/><G115/><T27/><D27/><U124/><E124/><V42/><F42/><W33/><G55/><T17/><D17/><U102/><E102/><V96/><F114/><W7/><G31/><T72/><D46/><U104/><E104/><V110/><F110/><W108/><G108/><T127/><D127/><U6/><E84/><V132/><F132/><W123/><G123/><T69/><D69/><U36/><E79/><V98/><F98/><W92/><G99/><T20/><D20/><U131/><E37/><V120/><F120/><W105/><G35/><T2/><D2/><U89/><E89/><V12/><REACH who="2" step="1"/><F85/><REACH who="2" ten="174,268,249,299" step="2"/><W47/><G87/><T32/><D76/><U21/><E131/><V3/><F3/><W74/><G74/><T62/><D77/><U51/><E36/><V50/><F50/><W100/><G105/><T122/><D72/><U135/><E135/><V29/><F29/><W90/><G30/><T44/><D122/><U4/><E51/><V53/><F53/><W91/><G100/><RYUUKYOKU ba="0,1" sc="174,-10,268,-10,249,30,299,-10" hai2="12,18,22,25,28,34,48,54,61,63,94,96,101" /><INIT seed="2,1,1,3,2,89" ten="164,258,279,289" oya="2" hai0="3,11,49,77,117,113,91,14,106,108,62,115,99" hai1="15,135,69,43,59,75,34,71,109,35,125,130,107" hai2="133,104,72,93,120,78,29,44,40,80,85,127,7" hai3="70,18,60,36,17,79,50,8,65,39,76,58,26"/><V0/><F120/><W121/><G121/><T90/><D3/><U16/><E107/><V1/><F104/><W25/><G70/><T55/><D62/><U111/><E135/><V30/><F133/><W82/><G50/><T103/><D108/><N who="1" m="41547" /><E130/><V124/><F85/><W54/><G65/><T46/><D117/><U84/><E75/><V10/><F93/><W21/><G79/><T20/><D77/><U112/><E112/><V110/><F1/><W27/><G8/><T32/><D32/><N who="1" m="12331" /><E125/><N who="2" m="48203" /><F110/><W66/><G66/><T102/><D102/><U94/><E43/><V92/><F92/><W131/><G131/><T38/><D38/><AGARI ba="1,1" hai="0,7,10,29,30,38,40,44,72,78,80" m="48203" machi="38" ten="30,2900,0" yaku="25,1,18,1" doraHai="89" who="2" fromWho="0" sc="164,-32,258,0,279,42,289,0" /><INIT seed="2,2,0,2,0,104" ten="132,258,321,289" oya="2" hai0="113,53,69,117,92,83,82,121,56,90,110,26,75" hai1="80,51,63,107,135,54,3,31,96,39,116,73,29" hai2="44,100,32,93,76,71,46,20,57,62,27,78,108" hai3="72,4,129,79,126,28,18,133,25,40,0,5,17"/><V59/><F32/><W67/><G67/><T13/><D121/><U58/><E116/><V95/><F71/><W109/><G109/><T30/><D117/><U48/><E39/><V14/><F14/><W94/><G126/><T45/><D69/><U1/><E135/><V43/><F108/><W74/><G133/><T47/><D113/><U87/><E73/><V101/><F20/><W65/><G65/><T8/><D110/><U111/><E111/><V106/><F106/><W89/><G79/><T10/><D75/><U49/><E3/><V132/><F132/><W61/><G61/><T120/><D120/><U11/><E1/><V9/><F62/><W23/><G40/><T81/><D13/><U35/><E35/><V85/><F43/><W99/><G129/><T114/><D114/><U38/><E38/><V128/><F85/><W19/><REACH who="3" step="1"/><G5/><REACH who="3" ten="132,258,321,279" step="2"/><T16/><D53/><U88/><REACH who="1" step="1"/><E11/><AGARI ba="2,1" hai="0,4,11,17,18,19,23,25,28,72,74,89,94,99" machi="11" ten="40,8000,1" yaku="1,1,2,1,52,2,53,0" doraHai="104" doraHaiUra="64" who="3" fromWho="1" sc="132,0,258,-86,321,0,279,96" /><INIT seed="3,0,0,2,3,114" ten="132,172,321,375" oya="3" hai0="111,62,5,26,80,128,127,14,57,76,28,117,84" hai1="110,40,23,19,67,21,113,39,64,71,53,49,15" hai2="13,2,99,38,45,73,50,12,129,103,36,43,34" hai3="91,87,27,105,63,126,44,112,31,61,41,51,17"/><W75/><G75/><T55/><D127/><U0/><E0/><V133/><F34/><W1/><G112/><T86/><D111/><U72/><E113/><V100/><F73/><W119/><G119/><T82/><D128/><U24/><E72/><V6/><F129/><W95/><G105/><T90/><D117/><U101/><E110/><V20/><F133/><W109/><G109/><T74/><D14/><U66/><E101/><V11/><F100/><W122/><G126/><T22/><D74/><U4/><E40/><V56/><F56/><W32/><G122/><T83/><D5/><U106/><E39/><V7/><F2/><W10/><REACH who="3" step="1"/><G17/><REACH who="3" ten="132,172,321,365" step="2"/><T130/><D130/><U102/><E106/><V132/><F132/><W58/><G58/><T121/><REACH who="0" step="1"/><D121/><REACH who="0" ten="122,172,321,365" step="2"/><U92/><E71/><V9/><REACH who="2" step="1"/><F20/><REACH who="2" ten="122,172,311,365" step="2"/><W125/><G125/><T88/><D88/><U42/><E23/><V29/><F29/><W35/><G35/><T18/><D18/><U123/><E21/><V8/><F8/><W96/><G96/><T37/><D37/><U70/><E19/><V94/><AGARI ba="0,3" hai="6,7,9,11,12,13,36,38,43,45,50,94,99,103" machi="94" ten="20,5200,0" yaku="1,1,0,1,7,1,9,1,53,0" doraHai="114" doraHaiUra="116" who="2" fromWho="2" sc="122,-13,172,-13,311,82,365,-26" /><INIT seed="4,0,0,4,5,0" ten="109,159,393,339" oya="0" hai0="72,124,111,133,63,74,35,73,61,26,96,83,91" hai1="25,67,108,85,23,107,31,58,120,134,119,55,81" hai2="101,19,110,59,62,8,46,30,66,11,88,131,60" hai3="43,106,36,53,14,39,52,71,22,75,65,10,105"/><T109/><D124/><U47/><E120/><V7/><F110/><N who="0" m="41994" /><D133/><U77/><E108/><V56/><F131/><W2/><G75/><N who="0" m="19203" /><T89/><DORA hai="100" /><D96/><U13/><E119/><V41/><F30/><W6/><G39/><T104/><D104/><U112/><E134/><V68/><F101/><W127/><G127/><T97/><D97/><U92/><E112/><V103/><F103/><W33/><G33/><T44/><D44/><U18/><E107/><V98/><F19/><W115/><G115/><T117/><D117/><U87/><E47/><V42/><F11/><W84/><G43/><T99/><D99/><U82/><E67/><V93/><F62/><N who="0" m="23562" /><D83/><U40/><E81/><V70/><F70/><W123/><G71/><T37/><D37/><U78/><E82/><V69/><F69/><W29/><G36/><T132/><D132/><U102/><E102/><V20/><F42/><W12/><G106/><T21/><D21/><BYE who="0" /><UN n0="%E5%B5%AF%E5%B3%A8%E6%94%BF%E5%AE%97" /><U5/><E40/><V1/><REACH who="2" step="1"/><F20/><REACH who="2" ten="109,159,383,339" step="2"/><W15/><G22/><T27/><D35/><U114/><E23/><V51/><AGARI ba="0,1" hai="1,7,8,41,46,51,56,59,60,66,68,88,93,98" machi="51" ten="20,16000,3" yaku="1,1,2,1,0,1,7,1,52,1,54,1,53,2" doraHai="0,100" doraHaiUra="95,57" who="2" fromWho="2" sc="109,-80,159,-40,383,170,339,-40" /><INIT seed="5,0,0,3,0,111" ten="29,119,553,299" oya="1" hai0="89,104,30,4,83,40,54,1,68,116,95,67,9" hai1="33,100,79,80,126,62,5,18,60,94,39,23,91" hai2="103,6,17,22,105,69,107,31,51,87,65,47,45" hai3="25,37,78,26,82,113,58,120,11,0,59,28,132"/><U72/><E33/><V3/><F31/><W46/><G113/><T13/><D104/><U96/><E39/><V125/><F125/><W24/><G132/><T66/><D116/><U112/><E126/><V42/><F103/><W34/><G120/><T122/><D122/><U129/><E129/><V38/><F87/><W130/><G58/><T36/><D54/><U44/><E5/><V16/><F17/><W29/><G59/><T35/><D83/><U61/><E112/><V106/><F6/><N who="3" m="1479" /><G130/><T63/><D67/><U74/><E44/><V53/><F3/><W109/><G109/><T119/><D119/><U55/><E74/><V92/><F92/><W70/><G70/><T84/><D40/><U76/><E76/><V101/><F101/><W12/><G12/><T121/><D121/><U128/><E128/><V21/><F21/><W71/><G71/><T52/><D36/><U7/><E7/><V77/><F77/><W85/><G85/><T118/><D118/><U75/><E75/><V48/><F38/><W73/><G29/><T86/><D86/><U90/><REACH who="1" step="1"/><E55/><REACH who="1" ten="29,109,553,299" step="2"/><V32/><F32/><W57/><G37/><T2/><REACH who="0" step="1"/><D52/><REACH who="0" ten="19,109,553,299" step="2"/><U108/><E108/><V20/><F53/><W19/><G73/><T134/><D134/><U131/><E131/><V56/><F47/><W133/><G46/><T115/><D115/><U110/><E110/><V123/><F45/><W41/><G133/><T97/><D97/><U8/><E8/><V88/><F123/><W124/><G124/><T27/><AGARI ba="0,2" hai="1,2,4,9,13,27,30,35,63,66,68,84,89,95" machi="27" ten="30,2000,0" yaku="1,1,0,1,53,0" doraHai="111" doraHaiUra="98" who="0" fromWho="0" sc="19,40,109,-10,553,-5,299,-5" /><INIT seed="6,0,0,0,3,122" ten="59,99,548,294" oya="2" hai0="98,102,31,75,125,83,27,88,114,4,33,91,62" hai1="35,77,28,97,58,119,68,82,24,86,94,1,134" hai2="106,96,129,20,60,32,126,89,45,53,76,36,67" hai3="113,118,87,115,52,121,107,37,105,120,23,71,84"/><V17/><F32/><W109/><G37/><T92/><D125/><U73/><E68/><V41/><F129/><W48/><G71/><T124/><D124/><U26/><E119/><V111/><F126/><W18/><G118/><T127/><D127/><U2/><E134/><V49/><F76/><W64/><G64/><T0/><D114/><N who="3" m="43529" /><G109/><T7/><D62/><U16/><E73/><V43/><F111/><W72/><G72/><T110/><D110/><U78/><E78/><V30/><F30/><W5/><G5/><T100/><D91/><U131/><E131/><V61/><F36/><W95/><G84/><T54/><D54/><U65/><E65/><V14/><F61/><W39/><G39/><T69/><D69/><U12/><E58/><N who="2" m="37271" /><F106/><N who="3" m="40459" /><G95/><AGARI ba="0,0" hai="14,17,20,41,43,45,49,53,89,95,96" m="37271" machi="95" ten="30,1500,0" yaku="8,1" doraHai="122" who="2" fromWho="3" sc="59,0,99,0,548,15,294,-15" /><INIT seed="6,1,0,1,0,45" ten="59,99,563,279" oya="2" hai0="130,120,57,31,4,77,128,78,88,108,41,25,118" hai1="100,87,122,115,14,33,96,60,104,113,75,67,29" hai2="124,55,80,123,131,13,10,53,106,107,69,50,84" hai3="28,134,59,18,62,98,81,76,47,6,68,90,0"/><V63/><F123/><W46/><G68/><T86/><D108/><U109/><E75/><V38/><F38/><W56/><G134/><T110/><D110/><U91/><E109/><V15/><F131/><N who="0" m="50218" /><D120/><U65/><E122/><V43/><F43/><W117/><G28/><T94/><D41/><U71/><E65/><V35/><F35/><W105/><G59/><T16/><D4/><U7/><E14/><V39/><F39/><W5/><G5/><T74/><D74/><U72/><E7/><V23/><F10/><W49/><G6/><T70/><D70/><U114/><E72/><V92/><F92/><W119/><G0/><T48/><D118/><U3/><E3/><V34/><F34/><W21/><G46/><T32/><D16/><U97/><E97/><V111/><F15/><W99/><G18/><T93/><D93/><N who="1" m="54527" /><E113/><V66/><F13/><W24/><G105/><T127/><D127/><U9/><E9/><V132/><F124/><W102/><G117/><T89/><D89/><U101/><E101/><V73/><F107/><W11/><G90/><T83/><D94/><U54/><E54/><AGARI ba="1,0" hai="25,31,32,48,54,57,77,78,83,86,88" m="50218" machi="54" ten="30,3900,0" yaku="19,1,52,1,54,1" doraHai="45" who="0" fromWho="1" sc="59,42,99,-42,563,0,279,0" /><INIT seed="7,0,0,5,3,60" ten="101,57,563,279" oya="3" hai0="28,134,110,4,7,101,11,132,122,107,75,97,78" hai1="86,31,127,38,71,103,98,22,96,87,51,6,106" hai2="85,130,26,53,131,70,102,105,84,116,40,64,81" hai3="43,21,3,88,10,32,126,47,91,111,35,114,52"/><W55/><G114/><T25/><D122/><U62/><E38/><V123/><F116/><W79/><G79/><T121/><D121/><U14/><E127/><V118/><F118/><W50/><G126/><T13/><D110/><U108/><E108/><V69/><F123/><W99/><G111/><T17/><D78/><U54/><E98/><V104/><F40/><W115/><G115/><T68/><D68/><U124/><E124/><V90/><F53/><W89/><G99/><T92/><D75/><U94/><E106/><V23/><F102/><W24/><G32/><N who="0" m="20495" /><D107/><N who="2" m="41034" /><F85/><W119/><G35/><T15/><D15/><U44/><E31/><V133/><F133/><AGARI ba="0,0" hai="4,7,11,13,17,92,97,101,132,133,134" m="20495" machi="133" ten="30,1000,0" yaku="20,1" doraHai="60" who="0" fromWho="2" sc="101,10,57,0,563,-10,279,0" owari="111,-29.0,57,-44.0,553,65.0,279,8.0" /></mjloggm>