<mjloggm ver="2.3"><GO type="169" lobby="0"/><UN n0="%74%6E%66%73%68%32%30%34" n1="%63%67%66%35%34%38%35%38" n2="%E7%A5%9E%E6%A5%BD%E5%9D%82%E3%82%86%E3%81%8B" n3="%E5%B0%B1%E6%B4%BB%E7%94%9F%40%E5%B7%9D%E6%9D%91%E8%BB%8D%E5%9B%A3" dan="17,17,16,17" rate="2180.75,2166.70,2038.40,2179.03" sx="M,M,M,M"/><TAIKYOKU oya="0"/><INIT seed="0,0,0,1,3,45" ten="250,250,250,250" oya="0" hai0="22,71,117,61,14,135,37,50,19,95,102,70,116" hai1="108,7,68,13,99,1,46,0,29,121,87,16,80" hai2="98,123,11,106,128,23,92,93,48,17,30,89,55" hai3="57,41,6,72,133,5,24,26,62,51,52,77,36"/><T127/><D37/><U63/><E121/><V91/><F123/><W27/><G133/><T126/><D135/><U104/><E108/><V107/><F128/><W90/><G36/><T25/><D102/><U34/><E34/><V130/><F130/><W101/><G101/><T53/><D95/><U88/><E29/><V28/><F11/><W8/><G8/><T67/><D71/><U103/><E7/><V124/><F107/><W18/><G18/><T69/><D69/><U32/><E32/><V86/><F106/><W125/><G125/><N who="0" m="47627" /><D14/><U74/><E68/><V38/><F38/><W120/><G120/><T20/><D20/><U35/><E35/><V115/><F115/><W49/><G77/><T42/><D42/><U79/><E46/><AGARI ba="0,0" hai="19,22,25,46,50,53,61,67,70,116,117" m="47627" machi="46" ten="30,2900,0" yaku="18,1,52,1" doraHai="45" who="0" fromWho="1" sc="250,29,250,-29,250,0,250,0" /><INIT seed="0,1,0,5,0,106" ten="279,221,250,250" oya="0" hai0="101,7,82,124,30,48,119,107,89,20,34,59,123" hai1="11,113,52,5,128,135,127,44,6,74,32,85,37" hai2="23,56,75,33,38,69,66,93,110,132,90,134,12" hai3="80,108,50,25,10,58,121,45,14,87,3,8,46"/><T100/><D123/><U81/><E32/><V91/><F110/><W2/><G121/><T116/><D34/><U53/><E127/><V98/><F33/><W97/><G108/><T49/><D124/><U9/><E128/><V114/><F114/><W1/><G97/><T88/><D7/><U73/><E113/><V62/><F38/><W36/><G25/><N who="0" m="16679" /><D107/><U19/><E135/><N who="2" m="51755" /><F75/><W109/><G109/><T78/><D119/><U39/><E19/><N who="2" m="10727" /><F69/><W77/><G36/><T43/><D116/><U102/><E102/><AGARI ba="1,0" hai="56,62,66,90,91,93,98,102" m="10727,51755" machi="102" ten="30,1000,0" yaku="20,1" doraHai="106" who="2" fromWho="1" sc="279,0,221,-13,250,13,250,0" /><INIT seed="1,0,0,2,4,55" ten="279,208,263,250" oya="1" hai0="18,41,50,130,34,103,2,21,124,135,97,81,15" hai1="12,10,4,63,65,6,69,46,14,24,116,38,32" hai2="125,133,42,111,29,88,1,58,16,83,121,66,11" hai3="90,77,35,101,119,20,13,43,5,37,102,100,120"/><U110/><E116/><V59/><F121/><W82/><G35/><T44/><D124/><U25/><E110/><V132/><F125/><W28/><G120/><T36/><D130/><U51/><E38/><V71/><F111/><W92/><G119/><T8/><D135/><N who="2" m="51786" /><F29/><W108/><G108/><T109/><D109/><U129/><E129/><V48/><F42/><W68/><G68/><T0/><D34/><U84/><E32/><V107/><F107/><W62/><G62/><T56/><D81/><U47/><E47/><V31/><F31/><W117/><G117/><T7/><D36/><U64/><E64/><V96/><F48/><W30/><G37/><T70/><D70/><U95/><E95/><N who="2" m="56423" /><F83/><W104/><G104/><T74/><D74/><U57/><E69/><V114/><F114/><W17/><G5/><T94/><REACH who="0" step="1"/><D56/><REACH who="0" ten="269,208,263,250" step="2"/><U85/><E24/><AGARI ba="0,1" hai="0,2,7,8,15,18,21,24,41,44,50,94,97,103" machi="24" ten="30,7700,0" yaku="1,1,2,1,7,1,53,1" doraHai="55" doraHaiUra="93" who="0" fromWho="1" sc="269,87,208,-77,263,0,250,0" /><INIT seed="2,0,0,0,0,30" ten="356,131,263,250" oya="2" hai0="65,8,103,48,53,11,31,102,6,10,43,19,86" hai1="38,55,13,18,34,22,50,33,114,52,99,2,44" hai2="40,80,116,35,56,119,92,101,66,93,131,73,88" hai3="120,104,24,67,89,118,69,45,62,81,84,9,90"/><V58/><F131/><W83/><G120/><T72/><D72/><U14/><E2/><V85/><F35/><W63/><G118/><T94/><D43/><U91/><E114/><V12/><F73/><W36/><G104/><T17/><D6/><U122/><E122/><V70/><F40/><W126/><G126/><T60/><D31/><U64/><E64/><V0/><F0/><W1/><G63/><T77/><D65/><U49/><E38/><V129/><F129/><W110/><G110/><T29/><D29/><U97/><E91/><V42/><F42/><W95/><G36/><T4/><D60/><U127/><E127/><V134/><F134/><W111/><G111/><T130/><D4/><U78/><E78/><V3/><F3/><W87/><G45/><T124/><D130/><U107/><E107/><V23/><F70/><W125/><G125/><T133/><D133/><U82/><E82/><V15/><F92/><W132/><G132/><T123/><D123/><U46/><E22/><V71/><F71/><W27/><G95/><T128/><D128/><U5/><E5/><AGARI ba="0,0" hai="1,5,9,24,27,62,67,69,81,83,84,87,89,90" machi="5" ten="40,1300,0" yaku="9,1" doraHai="30" who="3" fromWho="1" sc="356,0,131,-13,263,0,250,13" /><INIT seed="3,0,0,0,5,45" ten="356,118,263,263" oya="3" hai0="101,17,107,0,38,61,28,125,73,70,2,124,111" hai1="85,10,102,14,114,74,113,89,90,50,55,72,115" hai2="60,118,129,57,33,94,13,12,37,81,58,4,123" hai3="112,19,93,131,54,103,126,87,62,52,40,120,43"/><W99/><G120/><T68/><D17/><U82/><E102/><V67/><F123/><W66/><G112/><T76/><D111/><U77/><E90/><V71/><F118/><W6/><G131/><T5/><D28/><U51/><E55/><N who="3" m="21034" /><G126/><N who="0" m="48747" /><D38/><U35/><E35/><V46/><F129/><W11/><G6/><T121/><D121/><U119/><E119/><V86/><F33/><W88/><G62/><T64/><D70/><U130/><E130/><V22/><F94/><N who="3" m="58871" /><G66/><T110/><D110/><U3/><E3/><V109/><F109/><W133/><G133/><T75/><D5/><U59/><E59/><V95/><F58/><W117/><G117/><T104/><D101/><U34/><E34/><V9/><F71/><W96/><G96/><T41/><D41/><U15/><E74/><N who="0" m="28169" /><D76/><U1/><E1/><AGARI ba="0,0" hai="0,1,2,61,64,68,104,107" m="28169,48747" machi="1" ten="40,2600,0" yaku="18,1,23,1" doraHai="45" who="0" fromWho="1" sc="356,26,118,-26,263,0,263,0" /><INIT seed="4,0,0,1,1,60" ten="382,92,263,263" oya="0" hai0="70,96,75,62,71,89,130,56,33,103,106,92,118" hai1="120,42,11,135,53,59,107,16,32,46,57,40,104" hai2="117,20,51,5,116,127,39,126,121,17,82,34,122" hai3="26,10,134,25,115,22,54,78,124,43,102,66,69"/><T73/><D118/><N who="2" m="45674" /><F39/><W97/><G124/><N who="2" m="47657" /><F82/><W112/><G134/><T30/><D130/><U133/><E120/><V31/><F51/><W4/><G43/><N who="1" m="16426" /><E32/><V63/><F63/><N who="3" m="40159" /><G78/><T24/><D71/><U6/><E16/><V123/><F5/><W110/><G22/><T28/><D28/><U9/><E46/><V83/><F83/><W119/><G54/><T129/><D70/><U45/><E45/><V0/><F0/><N who="3" m="263" /><G110/><T49/><D49/><U7/><E7/><V77/><F77/><W80/><G80/><T18/><D18/><U29/><E29/><V114/><F114/><N who="3" m="43563" /><G119/><T108/><D75/><U85/><E6/><V84/><F84/><W105/><AGARI ba="0,0" hai="25,26,97,102,105" m="43563,263,40159" machi="105" ten="30,2000,0" yaku="15,1,52,1" doraHai="60" who="3" fromWho="3" sc="382,-10,92,-5,263,-5,263,20" /><INIT seed="5,0,0,5,5,2" ten="372,87,258,283" oya="1" hai0="13,93,4,133,34,63,118,116,6,86,42,134,30" hai1="68,126,117,97,9,65,37,56,114,129,111,25,58" hai2="120,59,100,130,107,74,54,92,77,52,110,64,103" hai3="125,96,47,36,62,35,1,89,122,38,82,22,16"/><U73/><E25/><V27/><F120/><W70/><G35/><T3/><D3/><U7/><E97/><V101/><F110/><W72/><G122/><T55/><D42/><U88/><E88/><V19/><F130/><W119/><G119/><T127/><D13/><U46/><E7/><N who="0" m="2601" /><D34/><U102/><E9/><V10/><F107/><W44/><G1/><T21/><D30/><U31/><E102/><V49/><F74/><W131/><G131/><T115/><D21/><U26/><E26/><V104/><F104/><W32/><G125/><T87/><D127/><U5/><E5/><V14/><F77/><W81/><G32/><T80/><D93/><U15/><E15/><V67/><F27/><W113/><G38/><T66/><D55/><U61/><E31/><V76/><F54/><W135/><G36/><T85/><D80/><U132/><E73/><V94/><F94/><W50/><G72/><T8/><D8/><U112/><E126/><V98/><REACH who="2" step="1"/><F76/><REACH who="2" ten="372,87,248,283" step="2"/><W40/><G82/><T28/><D28/><U95/><E95/><V11/><F11/><W45/><G81/><T108/><D108/><U18/><E111/><V90/><AGARI ba="0,1" hai="10,14,19,49,52,59,64,67,90,92,98,100,101,103" machi="90" ten="30,7900,0" yaku="1,1,0,1,8,1,54,1,53,0" doraHai="2" doraHaiUra="23" who="2" fromWho="2" sc="372,-20,87,-39,248,89,283,-20" /><INIT seed="6,0,0,5,5,1" ten="352,48,337,263" oya="2" hai0="51,103,107,33,125,94,75,116,124,132,102,135,41" hai1="131,120,39,20,52,70,97,111,96,114,2,73,101" hai2="91,45,3,58,49,59,26,4,50,81,118,113,84" hai3="104,46,56,82,36,78,23,128,117,85,71,7,16"/><V98/><F118/><W62/><G117/><T10/><D33/><U119/><RYUUKYOKU type="yao9" ba="0,0" sc="352,0,48,0,337,0,263,0" hai1="2,20,39,52,70,73,96,97,101,111,114,119,120,131" /><INIT seed="6,1,0,2,5,95" ten="352,48,337,263" oya="2" hai0="87,6,46,86,57,109,99,122,112,110,84,62,31" hai1="24,55,0,14,37,75,89,88,103,30,22,101,2" hai2="71,65,12,67,73,85,35,70,78,104,36,53,94" hai3="64,118,20,82,124,76,68,7,74,44,16,39,33"/><V49/><F104/><W63/><G118/><T66/><D122/><U41/><E75/><V69/><F73/><W1/><G124/><T93/><D112/><U13/><E41/><V90/><F35/><W79/><G33/><T135/><D135/><U130/><E30/><V40/><F78/><W48/><G39/><T25/><D6/><U116/><E22/><V114/><F114/><W131/><G131/><T28/><D46/><U21/><E21/><V119/><F119/><W77/><G7/><T26/><D31/><U102/><E24/><V59/><F40/><W106/><G1/><T15/><D15/><U107/><E107/><V80/><F36/><W117/><G117/><T54/><D54/><U83/><E83/><V125/><F125/><W91/><G91/><T45/><D45/><U123/><E116/><V97/><REACH who="2" step="1"/><F12/><REACH who="2" ten="352,48,327,263" step="2"/><W115/><G106/><T105/><D105/><U129/><E37/><V38/><F38/><W51/><G115/><T23/><REACH who="0" step="1"/><D26/><REACH who="0" ten="342,48,327,263" step="2"/><U98/><E123/><V61/><F61/><W108/><G63/><T34/><D34/><U127/><E127/><V3/><F3/><W9/><G74/><T111/><D111/><U126/><E126/><V42/><F42/><W18/><G108/><T52/><D52/><U121/><E121/><V27/><F27/><W92/><G64/><T132/><D132/><U5/><E55/><V120/><F120/><W17/><G9/><T11/><D11/><U56/><E14/><V113/><F113/><W72/><G72/><T43/><D43/><U50/><E13/><V96/><F96/><W58/><G20/><RYUUKYOKU ba="1,2" sc="342,15,48,-15,327,15,263,-15" hai0="23,25,28,57,62,66,84,86,87,93,99,109,110" hai2="49,53,59,65,67,69,70,71,80,85,90,94,97" /><INIT seed="6,2,2,2,4,20" ten="357,33,342,248" oya="2" hai0="42,26,132,81,46,21,19,96,30,53,84,1,82" hai1="100,7,133,12,121,72,43,28,13,88,113,40,74" hai2="93,65,47,35,129,117,37,5,52,15,118,34,69" hai3="11,98,114,105,110,71,56,91,58,70,27,92,67"/><V24/><F129/><W63/><G110/><T109/><D109/><U17/><E113/><V2/><F2/><W66/><G114/><T6/><D132/><U57/><E133/><V36/><F36/><W44/><G105/><T104/><D53/><U97/><E121/><V59/><F93/><W9/><G44/><T126/><D126/><U31/><E7/><V128/><F128/><W4/><G27/><T76/><D82/><U120/><E120/><V115/><F115/><W54/><G11/><T85/><D85/><U79/><E79/><V130/><F130/><W108/><G108/><T33/><D1/><U80/><E100/><V111/><F111/><W41/><G41/><T61/><D61/><U77/><E74/><V8/><F65/><W107/><G107/><T89/><D6/><U103/><E12/><V86/><F86/><W122/><G122/><T51/><D104/><U127/><E103/><V95/><F95/><W18/><G18/><T60/><D60/><U39/><E127/><V87/><F87/><W99/><G99/><T78/><D96/><U94/><E57/><V131/><F69/><W23/><G23/><T101/><D101/><U50/><E50/><N who="2" m="31127" /><F24/><AGARI ba="2,2" hai="19,21,24,26,30,33,42,46,51,76,78,81,84,89" machi="24" ten="30,3900,0" yaku="7,1,52,2" doraHai="20" who="0" fromWho="2" sc="357,65,33,0,342,-45,248,0" /><INIT seed="7,0,0,2,4,5" ten="422,33,297,248" oya="3" hai0="86,48,43,60,126,65,15,40,120,16,108,103,66" hai1="106,83,9,26,29,80,115,42,98,51,46,81,111" hai2="12,41,52,75,30,112,95,93,78,131,50,7,105" hai3="102,70,2,24,91,135,121,55,28,58,13,77,109"/><W122/><G70/><T72/><D120/><U32/><E111/><V1/><F112/><W62/><G2/><T25/><D108/><U113/><E106/><V38/><F105/><W44/><G109/><T88/><D72/><U74/><E98/><V79/><F30/><W92/><G135/><T33/><D103/><U36/><E51/><V11/><F78/><W0/><G0/><T22/><D126/><U133/><E133/><V134/><F131/><W125/><G125/><T110/><D110/><U97/><E97/><V116/><F116/><W61/><G102/><T104/><D104/><U128/><E128/><V14/><F14/><W123/><G77/><T21/><D33/><U85/><E85/><V94/><F12/><W57/><G13/><T63/><D48/><U73/><REACH who="1" step="1"/><E9/><REACH who="1" ten="422,23,297,248" step="2"/><V71/><F50/><W19/><G121/><T47/><D47/><U49/><E49/><V10/><F10/><W39/><G122/><T3/><D3/><U107/><E107/><V56/><F134/><W132/><G123/><T76/><D76/><U89/><E89/><V96/><F79/><W4/><G132/><T31/><D63/><U84/><E84/><V82/><F11/><W18/><G39/><T124/><D124/><U68/><E68/><V100/><F96/><W101/><G44/><T6/><D6/><U54/><E54/><V27/><F7/><W67/><G4/><T37/><D37/><U130/><E130/><V118/><F38/><W35/><G101/><T90/><D90/><U17/><E17/><V20/><F100/><W23/><G91/><T117/><D60/><RYUUKYOKU ba="0,1" sc="422,-10,23,30,297,-10,248,-10" hai1="26,29,32,36,42,46,73,74,80,81,83,113,115" owari="422,52.0,53,-45.0,287,9.0,238,-16.0" /></mjloggm>