<mjloggm ver="2.3"><GO type="41" lobby="0"/><UN n0="%E3%81%A4%E3%81%B6%E3%82%B0%E3%83%9F" n1="%E5%B0%B1%E6%B4%BB%E7%94%9F%40%E5%B7%9D%E6%9D%91%E8%BB%8D%E5%9B%A3" n2="%64%61%69%6A%75%6E%69" n3="%E3%82%BD%E3%83%AB%E3%83%86%E3%82%A3" dan="13,17,13,13" rate="1881.78,2190.39,1838.43,1805.74" sx="F,M,M,F"/><TAIKYOKU oya="0"/><INIT seed="0,0,0,5,4,72" ten="250,250,250,250" oya="0" hai0="40,55,41,76,117,48,73,121,54,92,133,5,66" hai1="65,82,50,96,71,112,52,20,32,77,46,110,30" hai2="13,63,111,78,80,74,35,105,94,43,135,53,123" hai3="81,12,106,129,57,102,119,100,60,2,10,34,61"/><T67/><D121/><U75/><E32/><V128/><F123/><W38/><G119/><T16/><D117/><U99/><E110/><V22/><F35/><W4/><G34/><T86/><D5/><U62/><REACH who="1" step="1"/><E112/><REACH who="1" ten="250,240,250,250" step="2"/><V58/><F111/><W127/><G127/><T47/><D133/><U14/><E14/><V90/><F135/><W27/><G129/><T116/><D116/><U83/><E83/><V87/><F128/><W101/><G12/><T29/><D29/><U9/><E9/><V44/><F13/><W91/><G10/><T6/><D6/><U88/><E88/><V28/><F22/><W24/><G91/><T56/><D16/><U126/><E126/><V68/><F28/><W25/><G4/><T59/><D92/><U84/><E84/><V120/><F105/><W1/><G2/><T97/><D86/><U51/><E51/><V3/><F120/><W85/><G1/><T134/><D134/><U95/><E95/><V37/><F3/><W109/><G106/><T70/><D48/><U15/><E15/><V64/><F74/><W107/><G107/><T125/><D73/><U130/><E130/><V7/><F7/><W79/><G109/><T93/><D93/><U17/><E17/><V115/><F115/><W19/><G19/><T31/><D97/><U49/><E49/><N who="2" m="31023" /><F94/><W26/><G38/><T33/><D33/><U131/><E131/><V114/><F114/><W45/><G85/><T118/><D31/><U69/><E69/><V132/><F132/><W11/><G11/><T42/><D118/><U39/><E39/><V98/><F98/><RYUUKYOKU ba="0,1" sc="250,-15,240,15,250,15,250,-15" hai1="20,30,46,50,52,62,65,71,75,77,82,96,99" hai2="37,43,44,63,64,68,78,80,87,90" /><INIT seed="1,1,1,0,2,39" ten="235,255,265,235" oya="1" hai0="81,16,58,43,11,89,56,21,118,97,29,71,108" hai1="94,105,73,93,122,107,57,127,79,7,49,84,77" hai2="32,31,95,134,121,132,27,123,38,117,106,40,85" hai3="115,88,45,35,0,3,112,76,135,17,101,72,66"/><U80/><E7/><V60/><F106/><N who="1" m="40457" /><E57/><N who="0" m="22121" /><D118/><U51/><E51/><V90/><F117/><W2/><G35/><T111/><D71/><U113/><E49/><V78/><F60/><W128/><G135/><N who="2" m="51753" /><F78/><N who="1" m="29705" /><E122/><V109/><F109/><N who="0" m="42058" /><D29/><U33/><E33/><V86/><F86/><W96/><G128/><T8/><D81/><U24/><E24/><V46/><AGARI ba="1,1" hai="27,31,32,38,40,46,85,90,95,121,123" m="51753" machi="46" ten="30,2000,0" yaku="20,1,52,1" doraHai="39" who="2" fromWho="2" sc="235,-6,255,-11,265,33,235,-6" /><INIT seed="2,0,0,3,0,97" ten="229,244,298,229" oya="2" hai0="35,57,60,11,31,118,85,6,89,92,2,16,65" hai1="88,28,111,116,125,83,69,117,115,102,93,73,3" hai2="70,72,0,98,12,79,114,86,113,62,132,13,17" hai3="99,82,33,22,119,71,7,84,39,47,105,14,133"/><V20/><F72/><W53/><G119/><T51/><D118/><U112/><E3/><V32/><F32/><W129/><G33/><T49/><D35/><U109/><E69/><V127/><F0/><W19/><G71/><T43/><D31/><U42/><E42/><V81/><F132/><W18/><G133/><T135/><D135/><U55/><E55/><V41/><F127/><W96/><G129/><T74/><D43/><U103/><E28/><V76/><F41/><W5/><G18/><T95/><D74/><U27/><E27/><V67/><F98/><W30/><G30/><T45/><D45/><U66/><E66/><V77/><REACH who="2" step="1"/><F12/><REACH who="2" ten="229,244,288,229" step="2"/><W37/><G99/><T50/><D2/><U4/><E125/><V63/><F63/><W91/><G96/><T68/><D60/><U21/><E117/><V130/><F130/><W1/><G105/><T48/><D85/><N who="1" m="52367" /><E116/><V9/><F9/><W61/><G1/><T121/><D68/><U131/><E21/><V10/><F10/><W106/><G106/><T80/><D11/><U126/><E126/><V101/><F101/><N who="1" m="38409" /><E131/><V29/><F29/><W59/><G5/><T58/><D6/><U23/><E23/><V123/><F123/><W64/><G7/><T56/><D65/><U34/><E4/><V44/><F44/><W87/><G87/><N who="0" m="50407" /><D121/><U40/><E40/><V128/><F128/><W46/><G46/><T110/><D110/><N who="1" m="41995" /><E34/><V24/><F24/><W54/><G47/><T38/><D38/><U120/><E120/><V75/><F75/><W124/><G124/><T108/><D108/><U36/><E36/><AGARI ba="0,1" hai="14,19,22,36,37,39,53,54,59,61,64,82,84,91" machi="36" ten="40,1300,0" yaku="6,1" doraHai="97" who="3" fromWho="1" sc="229,0,244,-13,288,0,229,23" /><INIT seed="3,0,0,3,0,106" ten="229,231,288,252" oya="3" hai0="118,122,88,25,3,72,59,113,52,97,134,135,64" hai1="61,49,128,125,60,12,129,107,111,94,53,115,33" hai2="100,90,132,105,19,79,24,5,1,8,2,68,117" hai3="77,84,126,45,23,92,48,93,87,16,80,36,14"/><W65/><G36/><T7/><D118/><U67/><E107/><V91/><F117/><W86/><G65/><T47/><D122/><U44/><E33/><V22/><F68/><W82/><G126/><T34/><D113/><U40/><E94/><V20/><F79/><W43/><REACH who="3" step="1"/><G84/><REACH who="3" ten="229,231,288,242" step="2"/><T11/><D64/><U55/><E125/><V110/><F132/><W30/><G30/><T35/><D135/><U108/><E115/><V124/><F124/><W32/><G32/><T71/><D134/><U10/><E128/><V95/><F105/><W50/><G50/><T69/><D35/><U83/><E129/><V57/><F1/><W28/><G28/><T13/><D3/><U18/><E111/><V66/><F2/><W9/><G9/><T104/><D11/><U63/><E108/><V131/><F8/><W96/><G96/><T15/><D34/><U29/><E29/><V76/><F131/><W114/><G114/><T102/><D97/><U42/><E67/><V56/><F110/><W39/><G39/><T101/><D104/><U6/><E6/><V58/><F22/><W89/><AGARI ba="0,1" hai="14,16,23,43,45,48,77,80,82,86,87,89,92,93" machi="89" ten="20,18000,2" yaku="1,1,0,1,7,1,8,1,54,1,53,1" doraHai="106" doraHaiUra="75" who="3" fromWho="3" sc="229,-60,231,-60,288,-60,242,190" /><INIT seed="3,1,0,0,2,78" ten="169,171,228,432" oya="3" hai0="117,97,49,52,9,69,126,114,54,75,1,95,39" hai1="135,77,40,2,62,5,116,118,3,130,25,51,90" hai2="87,35,67,33,21,0,123,105,104,19,98,70,38" hai3="26,134,112,32,94,89,59,44,79,110,127,119,58"/><W111/><G112/><T42/><D117/><N who="1" m="45163" /><E135/><V72/><F72/><W131/><G119/><T7/><D114/><U93/><E130/><V96/><F38/><W120/><G120/><T113/><D113/><U81/><E62/><V73/><F73/><W55/><G134/><T92/><D126/><U27/><E51/><V76/><F0/><N who="1" m="41" /><E5/><V122/><F67/><W129/><G127/><T82/><D69/><U84/><E40/><V37/><F37/><W13/><G79/><N who="0" m="44415" /><D49/><U10/><E10/><V99/><F70/><W48/><G13/><T47/><D95/><U85/><AGARI ba="1,0" hai="25,27,77,81,84,85,90,93" m="41,45163" machi="85" ten="30,2000,0" yaku="12,1,52,1" doraHai="78" who="1" fromWho="1" sc="169,-6,171,23,228,-6,432,-11" /><INIT seed="4,0,0,4,0,115" ten="163,194,222,421" oya="0" hai0="50,71,95,92,8,15,65,119,16,73,7,44,63" hai1="4,108,5,36,54,72,62,90,124,43,57,110,69" hai2="1,17,38,67,93,104,127,96,51,40,11,12,52" hai3="126,59,78,34,2,131,130,97,105,46,112,111,3"/><T134/><D73/><U18/><E72/><V0/><F104/><W123/><G111/><T32/><D119/><U81/><E124/><V125/><F67/><W132/><G112/><T20/><D134/><U27/><E69/><V23/><F40/><W56/><G34/><T29/><D32/><U135/><E135/><V61/><F38/><W101/><G132/><T100/><D29/><U53/><E36/><V83/><F83/><W39/><G126/><T99/><D95/><U13/><E43/><V109/><F127/><W19/><G123/><T120/><D120/><U102/><E102/><V94/><F109/><W89/><G78/><T31/><D31/><U35/><E35/><V48/><F125/><W86/><G39/><T106/><D106/><U77/><E27/><V80/><F94/><W122/><G122/><T74/><D74/><U113/><E113/><V70/><F80/><W87/><G46/><T75/><D75/><U45/><E77/><V114/><F114/><W129/><G19/><T88/><D100/><U117/><E117/><V98/><F98/><W24/><G24/><T76/><D76/><U22/><E108/><V26/><F70/><W85/><G89/><T41/><D7/><U60/><E110/><V28/><F1/><AGARI ba="0,0" hai="1,2,3,56,59,85,86,87,97,101,105,129,130,131" machi="1" ten="50,1600,0" yaku="19,1" doraHai="115" who="3" fromWho="2" sc="163,0,194,0,222,-16,421,16" /><INIT seed="5,0,0,1,1,79" ten="163,194,206,437" oya="1" hai0="101,42,57,89,14,74,10,24,75,15,130,38,40" hai1="23,91,108,131,115,8,123,78,46,60,58,45,84" hai2="119,132,104,72,77,92,41,27,49,51,83,88,21" hai3="50,69,94,0,22,28,37,34,52,117,54,9,111"/><U112/><E123/><V43/><F104/><W13/><G37/><T59/><D130/><U68/><E68/><V76/><F76/><W86/><G111/><T134/><D38/><U29/><E78/><V53/><F119/><W36/><G36/><T97/><D89/><U81/><E108/><V128/><F128/><W1/><G69/><T20/><D134/><U102/><E102/><V135/><F51/><W114/><G117/><T44/><D75/><U61/><E131/><V85/><F135/><W64/><G34/><T80/><D101/><U67/><E60/><V121/><F121/><W99/><G64/><T2/><D2/><U118/><E8/><V5/><F5/><W33/><G33/><T95/><D10/><U66/><E66/><V12/><F132/><W3/><G114/><N who="1" m="43562" /><E118/><V32/><F32/><W47/><G54/><T16/><D74/><U98/><E98/><V56/><F12/><N who="0" m="4650" /><D42/><U4/><E4/><V100/><F100/><W39/><G39/><T96/><D40/><U122/><E122/><V106/><F106/><W71/><G71/><T105/><D105/><U62/><E62/><V63/><REACH who="2" step="1"/><F49/><REACH who="2" ten="163,194,196,437" step="2"/><W26/><G0/><T127/><D95/><U129/><E129/><V30/><AGARI ba="0,1" hai="21,27,30,41,43,53,56,63,72,77,83,85,88,92" machi="30" ten="20,12000,2" yaku="1,1,2,1,0,1,7,1,52,1,54,1,53,0" doraHai="79" doraHaiUra="120" who="2" fromWho="2" sc="163,-30,194,-60,196,130,437,-30" /><INIT seed="6,0,0,0,4,57" ten="133,134,326,407" oya="2" hai0="135,84,111,105,121,122,20,56,12,91,112,35,107" hai1="45,4,67,113,128,25,76,32,22,10,46,29,15" hai2="9,30,50,80,129,37,69,119,95,117,101,133,87" hai3="63,71,102,89,0,109,36,48,42,60,99,124,93"/><V100/><F37/><W18/><G109/><T134/><D35/><U52/><E113/><V83/><F69/><W74/><G0/><T39/><D111/><U120/><E67/><V78/><F9/><W66/><G74/><T7/><D39/><U94/><E120/><V34/><F50/><W108/><G108/><T125/><D56/><U44/><E128/><V62/><F62/><W55/><G124/><T85/><D20/><U131/><E131/><V98/><F30/><W11/><G11/><T118/><D12/><U19/><E76/><V65/><F65/><W59/><G18/><T21/><D21/><U82/><E82/><V8/><F8/><W75/><G75/><T5/><D125/><U77/><E94/><V14/><F14/><W88/><G60/><T97/><D97/><U1/><E77/><N who="2" m="46479" /><F34/><W24/><G24/><T3/><D91/><U73/><E73/><N who="2" m="43471" /><F129/><W127/><G127/><T26/><D26/><U114/><E114/><V110/><F110/><W6/><G6/><T54/><D112/><U103/><E103/><N who="2" m="60895" /><F133/><W81/><G81/><T43/><D3/><U96/><E96/><V64/><F64/><W27/><G27/><T51/><D135/><U70/><E70/><V61/><F61/><W2/><G2/><T47/><D134/><U116/><E116/><AGARI ba="0,0" hai="100,101,116,117,119" m="60895,43471,46479" machi="116" ten="30,2900,0" yaku="34,2" doraHai="57" who="2" fromWho="1" sc="133,0,134,-29,326,29,407,0" /><INIT seed="6,1,0,3,3,103" ten="133,105,355,407" oya="2" hai0="69,9,81,82,127,27,59,29,14,16,128,47,12" hai1="104,114,91,87,2,18,46,67,30,109,1,76,21" hai2="105,80,38,125,19,100,62,36,122,24,32,58,3" hai3="90,97,130,28,34,74,5,75,20,49,17,56,94"/><V135/><F122/><W61/><G130/><T111/><D69/><U31/><E109/><V55/><F3/><W64/><G5/><T124/><D111/><U119/><E119/><V10/><F125/><W23/><G34/><T48/><D59/><U113/><E67/><V85/><F135/><W107/><G107/><T70/><D70/><U53/><E76/><V101/><F32/><W83/><G28/><N who="1" m="10794" /><E53/><V71/><F71/><W33/><G33/><N who="0" m="20671" /><D128/><U92/><E46/><V131/><F131/><W25/><G23/><T51/><D12/><N who="1" m="9415" /><E2/><V44/><F100/><W123/><G123/><T96/><D96/><U45/><E45/><V115/><F44/><W11/><G11/><T43/><D48/><U68/><E1/><V118/><F118/><W4/><G4/><T35/><D35/><U98/><E68/><V8/><F115/><N who="1" m="44041" /><E87/><V93/><F93/><W116/><G116/><T133/><D133/><U0/><E0/><V54/><F55/><W99/><G99/><T121/><D121/><U88/><E91/><N who="2" m="51623" /><F24/><W50/><G83/><T89/><D89/><U72/><E72/><V60/><F62/><W22/><G20/><T65/><D65/><U102/><E102/><V26/><F26/><W79/><G79/><T40/><D40/><U73/><E73/><V95/><F95/><W39/><G39/><N who="2" m="14889" /><F19/><W112/><G112/><T37/><D37/><U120/><E120/><V41/><F41/><W108/><G108/><T42/><D42/><U52/><E52/><V126/><F126/><AGARI ba="1,0" hai="9,14,16,43,47,51,81,82,124,126,127" m="20671" machi="126" ten="30,2000,0" yaku="18,1,54,1" doraHai="103" who="0" fromWho="2" sc="133,23,105,0,355,-23,407,0" /><INIT seed="7,0,0,0,0,105" ten="156,105,332,407" oya="3" hai0="13,23,30,131,73,96,65,115,97,10,21,8,32" hai1="92,29,28,56,135,99,50,121,64,7,71,94,6" hai2="123,91,93,107,77,48,79,52,70,47,59,83,44" hai3="16,87,36,81,62,68,84,129,20,58,89,24,22"/><W104/><G104/><T54/><D131/><U67/><E121/><V128/><F70/><W63/><G36/><T117/><D65/><U130/><E71/><V37/><F107/><W14/><G129/><T124/><D73/><U86/><E130/><V106/><F106/><W38/><G38/><T69/><D117/><U109/><E109/><V116/><F128/><W46/><G46/><T127/><D69/><U60/><E135/><V112/><F116/><W2/><G2/><T133/><D133/><U126/><E126/><N who="0" m="48169" /><D54/><U85/><E50/><V113/><F123/><W53/><G68/><T101/><D115/><U40/><E99/><N who="0" m="37961" /><D101/><U31/><E40/><V18/><F37/><W125/><G125/><T134/><D134/><U118/><E118/><V90/><F113/><W35/><G35/><T4/><D10/><U132/><E132/><V41/><F112/><W15/><G15/><T9/><D9/><U45/><E45/><V49/><F59/><W98/><G98/><T61/><D61/><U27/><E27/><AGARI ba="0,0" hai="4,8,13,21,23,27,30,32" m="37961,48169" machi="27" ten="30,1000,0" yaku="18,1" doraHai="105" who="0" fromWho="1" sc="156,10,105,-10,332,0,407,0" owari="166,-23.0,95,-40.0,332,13.0,407,50.0" /></mjloggm>