<mjloggm ver="2.3"><GO type="169" lobby="0"/><UN n0="%E9%AD%94%E5%A5%B4%E5%8C%96" n1="%E6%B2%96%EF%BC%92%EF%BC%99" n2="%E5%B0%B1%E6%B4%BB%E7%94%9F%40%E5%B7%9D%E6%9D%91%E8%BB%8D%E5%9B%A3" n3="%E5%8C%97%E3%81%AE%E5%AF%BE%E5%AD%90%E8%90%BD%E3%81%A8%E3%81%97" dan="16,17,17,17" rate="2155.65,2184.15,2178.73,2105.32" sx="M,M,M,M"/><TAIKYOKU oya="0"/><INIT seed="0,0,0,0,2,58" ten="250,250,250,250" oya="0" hai0="98,50,60,8,29,113,123,105,54,23,59,55,104" hai1="51,107,132,86,128,10,18,91,0,87,134,6,48" hai2="121,39,33,92,103,37,62,4,41,56,2,100,30" hai3="12,120,127,74,109,99,9,42,40,7,28,119,111"/><T95/><D123/><U17/><E107/><V116/><F121/><W70/><G127/><T133/><D113/><U35/><E35/><V88/><F116/><W108/><G119/><T34/><D34/><U76/><E76/><V90/><F2/><W93/><G120/><T32/><D32/><U13/><E128/><V1/><F1/><W14/><G74/><T110/><D133/><N who="1" m="51307" /><E86/><V24/><F4/><W73/><G73/><T124/><D124/><U49/><E0/><V61/><F90/><N who="3" m="55735" /><G70/><T64/><D8/><U85/><E85/><V47/><F37/><W89/><G28/><T69/><D110/><U97/><E97/><V25/><F25/><W75/><G75/><T112/><D112/><U65/><E65/><V106/><F106/><W71/><G71/><T3/><D3/><U46/><E46/><V67/><REACH who="2" step="1"/><F61/><REACH who="2" ten="250,250,240,250" step="2"/><W83/><G14/><T36/><D36/><U129/><E129/><V11/><F11/><W20/><G20/><T78/><D78/><U77/><E77/><V125/><F125/><W21/><G21/><T43/><D23/><U82/><AGARI ba="0,1" hai="6,10,13,17,18,48,49,51,82,87,91" m="51307" machi="82" ten="30,1100,0" yaku="20,1" doraHai="58" who="1" fromWho="1" sc="250,-5,250,21,240,-3,250,-3" /><INIT seed="1,0,0,5,0,104" ten="245,271,237,247" oya="1" hai0="93,73,4,103,109,2,64,1,105,131,92,33,62" hai1="133,82,42,32,21,3,128,40,19,36,48,30,116" hai2="130,39,66,59,27,45,121,127,113,44,58,80,74" hai3="56,26,23,100,76,88,129,85,51,132,119,78,72"/><U34/><E116/><V112/><F27/><W134/><G129/><T117/><D33/><U8/><E36/><V101/><F101/><W63/><G119/><T22/><D117/><U14/><E82/><V71/><F80/><N who="3" m="49191" /><G100/><T24/><D131/><U57/><E57/><N who="2" m="21515" /><F130/><W102/><G51/><T9/><D109/><U49/><E128/><V89/><F89/><W98/><G72/><T114/><D1/><U10/><E49/><V38/><F74/><W15/><G15/><T47/><D73/><U124/><E48/><V52/><F121/><W17/><G98/><T99/><D47/><N who="2" m="17994" /><F127/><W125/><G102/><T115/><D93/><U50/><E50/><V29/><F29/><W97/><G97/><T68/><REACH who="0" step="1"/><D92/><REACH who="0" ten="235,271,237,247" step="2"/><U79/><E3/><V61/><F52/><N who="3" m="34183" /><G125/><T43/><D43/><U120/><E42/><V94/><F94/><W55/><G55/><T90/><D90/><U77/><E40/><V46/><F46/><W35/><G35/><T37/><D37/><AGARI ba="0,1" hai="37,38,39,61,66,71,112,113" m="17994,21515" machi="37" ten="30,2000,0" yaku="34,2" doraHai="104" who="2" fromWho="0" sc="235,-20,271,0,237,30,247,0" /><INIT seed="2,0,0,3,5,106" ten="215,271,267,247" oya="2" hai0="46,35,14,80,110,101,8,100,37,48,102,131,122" hai1="3,116,5,79,124,53,44,94,88,96,22,11,95" hai2="27,38,83,63,126,75,118,16,92,71,76,1,40" hai3="43,61,90,93,86,97,52,54,41,115,103,69,30"/><V120/><F120/><W78/><G115/><T64/><D122/><U127/><E116/><V74/><F1/><W134/><G134/><T105/><D35/><U59/><E44/><V119/><F126/><N who="1" m="48169" /><E95/><V15/><F27/><W25/><G78/><T34/><D34/><U65/><E65/><V109/><F109/><W85/><G85/><T77/><D110/><U42/><E42/><V17/><F92/><W50/><G61/><T51/><D64/><U67/><E67/><V31/><F31/><W39/><G39/><T108/><D131/><U82/><E22/><V72/><F63/><W135/><G69/><T20/><D20/><U29/><E29/><V58/><F58/><W10/><G10/><T0/><D0/><U113/><E113/><V2/><F2/><W98/><G135/><T47/><D108/><U130/><E130/><V18/><F71/><W128/><G128/><T49/><D37/><U117/><E117/><V91/><F91/><W68/><G68/><T45/><D105/><U4/><E4/><V84/><REACH who="2" step="1"/><F15/><REACH who="2" ten="215,271,257,247" step="2"/><W133/><G133/><T33/><D33/><U70/><E70/><V9/><F9/><W114/><G114/><T73/><REACH who="0" step="1"/><D45/><AGARI ba="0,1" hai="16,17,18,38,40,45,72,74,75,76,83,84,118,119" machi="45" ten="50,18000,2" yaku="1,1,52,3,54,1,53,2" doraHai="106" doraHaiUra="112" who="2" fromWho="0" sc="215,-180,271,0,257,190,247,0" /><INIT seed="2,1,0,2,2,11" ten="35,271,447,247" oya="2" hai0="66,107,108,4,22,47,55,110,115,128,72,132,126" hai1="6,28,93,89,106,63,17,113,100,86,37,5,1" hai2="83,39,125,104,34,25,45,85,70,99,54,76,14" hai3="124,24,64,35,102,59,114,3,42,43,84,49,78"/><V134/><F70/><W10/><G124/><T31/><D72/><U67/><E37/><V44/><F125/><W74/><G74/><T127/><D107/><U68/><E113/><V103/><F134/><W91/><G78/><T13/><D115/><U118/><E118/><V87/><F39/><W60/><G102/><T79/><D79/><U131/><E131/><V23/><F54/><W62/><G114/><T97/><D132/><U48/><E1/><V41/><F41/><W9/><G3/><T8/><D128/><U56/><E17/><V92/><F104/><W46/><G42/><T135/><D135/><U51/><E51/><V75/><F34/><W12/><G62/><T21/><D66/><U58/><E58/><V117/><F117/><W81/><G12/><T50/><D97/><U88/><E89/><V0/><F0/><W29/><AGARI ba="1,0" hai="9,10,24,29,35,43,46,49,59,60,64,81,84,91" machi="29" ten="30,1100,0" yaku="0,1" doraHai="11" who="3" fromWho="3" sc="35,-4,271,-4,447,-6,247,14" /><INIT seed="3,0,0,1,4,116" ten="31,267,441,261" oya="3" hai0="103,9,73,33,35,115,79,25,100,46,66,45,95" hai1="68,112,4,127,105,14,5,13,30,21,94,59,2" hai2="120,101,69,135,57,110,49,117,15,34,92,37,88" hai3="107,1,80,70,12,118,84,17,52,96,20,65,77"/><W55/><G118/><T134/><D134/><U64/><E105/><V43/><F34/><W3/><G70/><T76/><D66/><U58/><E112/><V36/><F69/><W86/><G65/><T124/><D9/><U28/><E127/><V51/><F117/><W98/><G86/><T78/><D73/><U22/><E68/><V40/><F110/><W93/><G98/><T106/><D106/><U121/><E94/><V0/><F0/><W71/><G71/><T10/><D10/><U42/><E64/><V31/><F101/><W32/><G32/><T97/><D124/><U75/><E42/><V44/><F31/><W62/><G107/><T128/><D128/><U109/><E75/><V132/><F15/><W122/><G122/><T54/><D35/><U53/><E53/><V81/><F81/><W99/><G99/><T72/><D72/><U130/><E2/><V108/><F108/><W63/><G63/><T104/><D115/><U18/><E18/><V60/><F120/><W82/><G82/><T47/><D103/><U48/><E48/><V133/><F49/><W113/><G113/><T119/><D104/><U8/><E8/><V129/><F40/><W83/><G83/><T125/><D125/><U38/><E38/><V6/><F129/><W23/><G23/><T11/><D11/><U87/><E87/><N who="2" m="52255" /><F6/><W50/><G62/><T102/><D102/><U56/><E130/><V85/><F85/><W67/><G1/><T41/><D119/><U90/><E90/><V91/><F91/><W7/><G3/><T111/><D111/><U123/><E58/><RYUUKYOKU ba="0,0" sc="31,-15,267,15,441,15,261,-15" hai1="4,5,13,14,21,22,28,30,56,59,109,121,123" hai2="36,37,43,44,51,57,60,132,133,135" /><INIT seed="4,1,0,3,0,116" ten="16,282,456,246" oya="0" hai0="52,78,109,84,56,39,110,133,15,17,0,2,126" hai1="90,5,6,101,114,107,98,94,130,122,31,61,72" hai2="55,58,100,18,24,134,21,117,108,105,92,74,69" hai3="43,32,44,63,77,129,23,28,112,113,46,51,29"/><T111/><D39/><U36/><E36/><V104/><F69/><W27/><G129/><T67/><D67/><U75/><E114/><N who="3" m="44138" /><G77/><T65/><D65/><U71/><E130/><V64/><F64/><W7/><G63/><N who="0" m="36231" /><D133/><U45/><E45/><V9/><F74/><W88/><G7/><T33/><D33/><U79/><E31/><V13/><F117/><W89/><G46/><T132/><D126/><U102/><E61/><V14/><F134/><W47/><G44/><T11/><D132/><U121/><E71/><V103/><F108/><N who="0" m="27650" /><T19/><DORA hai="34" /><D17/><U54/><E54/><V118/><F118/><W4/><G4/><T119/><D119/><U20/><E20/><V12/><F9/><W1/><G29/><T50/><D50/><U76/><E5/><V95/><F105/><W3/><G23/><T8/><D11/><U86/><E6/><V16/><F104/><W85/><G89/><T120/><D120/><N who="1" m="46187" /><E102/><N who="2" m="38955" /><F18/><W30/><G30/><T99/><D99/><U93/><E107/><V80/><F80/><AGARI ba="1,0" hai="1,3,27,28,32,43,47,51,80,85,88" m="44138" machi="80" ten="30,7700,0" yaku="15,1,52,2,54,1" doraHai="116,34" who="3" fromWho="2" sc="16,0,282,0,456,-80,246,80" /><AGARI ba="1,0" hai="0,2,8,15,19,78,80,84" m="27650,36231" machi="80" ten="40,12000,1" yaku="10,1,52,2,54,1" doraHai="116,34" who="0" fromWho="2" sc="16,120,282,0,376,-120,326,0" /><INIT seed="4,2,0,4,0,51" ten="136,282,256,326" oya="0" hai0="48,91,14,88,64,112,98,43,75,13,22,50,57" hai1="99,42,9,116,125,114,44,55,102,120,41,132,92" hai2="130,52,89,80,28,94,40,83,54,121,79,108,59" hai3="126,65,96,122,85,62,24,56,68,0,20,105,87"/><T115/><D75/><U8/><E120/><V19/><F108/><W4/><G126/><T7/><D7/><U46/><E116/><V23/><F121/><W109/><G109/><T123/><D123/><U18/><E125/><V97/><F130/><W90/><G122/><T134/><D134/><U49/><E132/><V127/><F127/><W12/><G0/><T21/><D98/><U27/><E114/><N who="0" m="43561" /><D22/><N who="1" m="13783" /><E46/><V38/><F38/><W95/><G105/><T47/><D21/><U101/><E101/><V31/><F40/><AGARI ba="2,0" hai="8,9,40,41,42,44,49,55,92,99,102" m="13783" machi="40" ten="30,2000,0" yaku="8,1,52,1" doraHai="51" who="1" fromWho="2" sc="136,0,282,26,256,-26,326,0" /><INIT seed="5,0,0,2,4,111" ten="136,308,230,326" oya="1" hai0="17,43,70,126,45,28,55,99,67,106,133,120,130" hai1="38,69,21,63,32,54,31,132,6,71,96,134,20" hai2="18,47,34,116,60,1,117,104,16,125,29,119,103" hai3="86,93,49,77,73,0,58,75,88,81,13,40,12"/><U90/><E38/><V100/><F125/><W129/><G0/><T82/><D126/><U94/><E6/><V84/><F1/><W76/><G129/><T124/><D130/><U87/><E32/><V74/><F74/><W7/><G7/><T19/><D133/><N who="1" m="51307" /><E96/><V112/><F112/><W98/><G40/><T107/><D120/><U123/><E123/><V14/><F104/><W61/><G49/><T121/><D121/><U26/><E20/><V8/><F60/><W22/><G22/><T79/><D107/><U102/><E102/><V101/><F47/><W23/><G23/><T2/><D2/><U97/><E87/><V9/><F84/><W3/><G3/><T11/><D106/><U109/><E109/><V5/><REACH who="2" step="1"/><F8/><REACH who="2" ten="136,308,220,326" step="2"/><W110/><G110/><T39/><D11/><U4/><E63/><V48/><F48/><W10/><G10/><T113/><D124/><U118/><E118/><V105/><F105/><W127/><G127/><T92/><D39/><U35/><E4/><V115/><F115/><W128/><G128/><T108/><D113/><U51/><E35/><V68/><F68/><W95/><G75/><T85/><D70/><U52/><E51/><V53/><F53/><AGARI ba="0,1" hai="21,26,31,52,53,54,69,71,90,94,97" m="51307" machi="53" ten="30,2900,0" yaku="20,1,54,1" doraHai="111" who="1" fromWho="2" sc="136,0,308,39,220,-29,326,0" /><INIT seed="5,1,0,4,2,105" ten="136,347,191,326" oya="1" hai0="27,119,100,57,1,77,132,108,18,92,120,16,42" hai1="79,125,36,47,52,80,55,48,51,29,5,115,58" hai2="75,71,38,121,28,13,94,63,135,114,37,74,91" hai3="39,59,8,82,11,20,56,134,78,31,19,103,22"/><U68/><E68/><V88/><F121/><W21/><G134/><T53/><D119/><U25/><E125/><V3/><F3/><W109/><G109/><T66/><D1/><U96/><E115/><V87/><F135/><W85/><G39/><T23/><D108/><U6/><E36/><V124/><F124/><W44/><G103/><T122/><D132/><U131/><E96/><V110/><F110/><W81/><G44/><T7/><D7/><U35/><REACH who="1" step="1"/><E131/><REACH who="1" ten="136,337,191,326" step="2"/><V102/><F38/><W111/><G111/><T67/><D122/><U98/><E98/><V106/><F37/><W46/><G31/><T50/><D120/><U40/><E40/><V2/><F28/><W60/><G60/><T54/><D42/><U26/><E26/><V41/><F63/><W99/><G99/><T15/><D27/><U83/><E83/><V9/><F106/><W104/><G82/><T112/><D112/><U123/><E123/><V95/><F114/><W90/><G81/><T89/><D50/><U10/><E10/><V107/><F41/><W116/><G11/><T62/><D62/><U126/><E126/><V73/><F71/><W30/><G30/><T101/><D18/><U4/><E4/><V34/><F107/><W65/><G19/><T76/><D16/><U61/><E61/><V69/><F69/><W70/><G8/><T97/><D97/><U113/><E113/><V12/><F2/><W17/><G17/><T133/><D92/><U32/><E32/><V72/><N who="2" m="18944" /><DORA hai="33" /><V118/><F34/><W43/><G104/><T130/><D130/><U129/><E129/><RYUUKYOKU ba="1,1" sc="136,-10,337,30,191,-10,326,-10" hai1="5,6,25,29,35,47,48,51,52,55,58,79,80" /><INIT seed="5,2,1,5,0,48" ten="126,367,181,316" oya="1" hai0="57,100,78,22,29,3,79,85,28,64,58,14,30" hai1="73,76,95,9,53,81,35,108,21,61,96,114,47" hai2="115,104,15,116,26,123,133,102,18,87,103,86,72" hai3="16,97,17,113,50,10,68,105,112,132,49,71,67"/><U74/><E114/><N who="3" m="44138" /><G67/><T8/><D3/><U98/><E35/><V31/><F72/><W75/><G75/><T56/><D100/><U90/><E74/><V70/><F115/><W52/><G50/><T44/><D64/><U94/><E108/><V131/><F70/><N who="3" m="26667" /><G10/><T129/><D129/><U109/><E109/><V135/><F123/><W66/><G66/><T125/><D125/><U12/><E21/><V128/><F116/><W84/><G84/><N who="2" m="32297" /><F26/><W4/><G4/><T127/><D127/><U93/><E98/><N who="2" m="61527" /><F31/><W83/><G83/><N who="0" m="47351" /><D79/><U89/><E96/><V55/><F103/><N who="3" m="62703" /><G132/><N who="2" m="50761" /><F55/><W7/><G7/><N who="0" m="3359" /><D44/><AGARI ba="2,1" hai="16,17,44,49,52" m="62703,26667,44138" machi="44" ten="30,7700,0" yaku="15,1,52,1,54,2" doraHai="48" who="3" fromWho="0" sc="126,-83,367,0,181,0,316,93" /><INIT seed="6,0,0,3,3,33" ten="43,367,181,409" oya="2" hai0="91,106,121,134,64,1,44,23,113,86,17,103,29" hai1="92,27,70,16,126,90,36,99,22,122,10,37,55" hai2="30,124,131,0,25,115,81,102,88,6,80,11,93" hai3="2,105,45,24,110,50,135,12,130,53,18,56,116"/><V119/><F119/><W58/><G110/><T21/><D121/><U3/><E122/><V133/><F115/><W120/><G120/><T132/><D113/><U127/><E70/><V101/><F131/><W97/><G2/><T66/><D44/><U49/><E37/><V38/><F38/><W118/><G130/><T109/><D109/><U4/><REACH who="1" step="1"/><E36/><REACH who="1" ten="43,357,181,409" step="2"/><V35/><F133/><W73/><G135/><T83/><D132/><U20/><E20/><V14/><F124/><W68/><G68/><T60/><D134/><U94/><E94/><V104/><F104/><W47/><G105/><T87/><D106/><U74/><E74/><V77/><F14/><W96/><G73/><T129/><D129/><U5/><E5/><V9/><F9/><W98/><G118/><T8/><D23/><U28/><E28/><V78/><F81/><W61/><G116/><T57/><D29/><U54/><E54/><V31/><F31/><W111/><G111/><T82/><D66/><U51/><E51/><V26/><F26/><W108/><G108/><T71/><D71/><U48/><E48/><V32/><F32/><W85/><G24/><T72/><D72/><U39/><E39/><V43/><F43/><W13/><G13/><N who="0" m="9391" /><D8/><U123/><E123/><V95/><F95/><W40/><G40/><T59/><D1/><U107/><E107/><V76/><REACH who="2" step="1"/><F80/><REACH who="2" ten="43,357,171,409" step="2"/><W79/><G12/><T15/><D15/><U112/><E112/><V117/><F117/><W41/><G41/><T125/><D82/><U63/><E63/><V128/><F128/><W52/><G18/><T89/><D83/><AGARI ba="0,2" hai="45,47,50,52,53,56,58,61,79,83,85,96,97,98" machi="83" ten="40,5200,0" yaku="6,1,8,1,54,1" doraHai="33" who="3" fromWho="0" sc="43,-52,357,0,171,0,409,72" owari="-9,-51.0,357,16.0,171,-23.0,481,58.0" /></mjloggm>