<mjloggm ver="2.3"><GO type="169" lobby="0"/><UN n0="%55%4D" n1="%E3%82%A6%E3%83%AB%E3%83%88%E3%83%A9%E7%AB%8B%E7%9B%B4" n2="%58%E7%8C%AB" n3="%E6%88%A6%E9%97%98%E5%93%A1%EF%BC%A0%E5%B7%9D%E6%9D%91%E8%BB%8D%E5%9B%A3" dan="17,17,16,16" rate="2160.31,2236.95,2089.45,2087.67" sx="M,M,M,M"/><TAIKYOKU oya="0"/><INIT seed="0,0,0,4,3,109" ten="250,250,250,250" oya="0" hai0="129,82,73,55,15,107,12,113,87,59,58,10,35" hai1="69,7,111,67,84,38,18,43,108,11,60,120,123" hai2="132,71,119,128,54,97,64,63,17,53,24,131,61" hai3="14,39,126,91,86,96,112,26,33,90,41,110,21"/><T118/><D118/><U19/><E84/><V88/><F119/><W50/><G110/><N who="1" m="42026" /><E19/><V48/><F132/><W100/><G39/><T105/><D35/><U49/><E18/><V106/><F106/><W134/><G126/><T135/><D113/><U23/><E23/><N who="2" m="13423" /><F48/><W92/><G112/><T93/><D73/><U3/><E49/><V13/><F13/><W70/><G70/><T40/><D40/><U130/><E130/><N who="2" m="49707" /><F61/><W121/><G14/><T80/><D15/><U46/><AGARI ba="0,0" hai="3,7,11,38,43,46,60,67,69,120,123" m="42026" machi="46" ten="30,2000,0" yaku="14,1,23,1" doraHai="109" who="1" fromWho="1" sc="250,-10,250,20,250,-5,250,-5" /><INIT seed="1,0,0,5,0,51" ten="240,270,245,245" oya="1" hai0="27,77,52,30,99,0,44,45,36,89,64,6,123" hai1="13,134,75,1,32,65,66,49,8,37,112,127,63" hai2="121,104,50,4,2,18,114,54,60,39,55,120,110" hai3="33,12,98,102,7,16,135,59,132,81,125,14,58"/><U103/><E37/><V86/><F39/><W34/><G125/><T128/><D128/><U67/><E1/><V84/><F104/><W31/><G81/><T24/><D64/><U38/><E38/><V17/><F4/><W70/><G70/><T122/><D77/><U57/><E112/><V25/><F2/><W53/><G7/><T74/><D74/><U83/><E32/><V96/><F96/><W11/><G12/><T129/><D129/><U35/><E35/><V62/><F25/><W76/><G76/><T26/><D30/><U124/><E103/><V42/><F42/><W79/><G79/><T73/><D73/><U133/><E83/><V111/><F50/><W109/><G109/><T28/><D28/><U101/><E101/><V119/><F119/><W95/><G59/><T22/><D22/><U68/><E75/><V5/><F5/><W56/><G56/><T88/><D36/><U87/><E87/><V10/><F10/><W46/><G46/><T20/><D20/><U116/><E49/><V71/><F71/><W9/><G9/><N who="0" m="2247" /><D99/><U78/><E78/><V108/><F108/><W117/><G31/><T19/><D19/><N who="1" m="8615" /><E116/><V113/><AGARI ba="0,0" hai="17,18,54,55,60,62,84,86,110,111,113,114,120,121" machi="113" ten="25,8000,1" yaku="0,1,22,2,52,2" doraHai="51" who="2" fromWho="2" sc="240,-20,270,-40,245,80,245,-20" /><INIT seed="2,0,0,2,3,67" ten="220,230,325,225" oya="2" hai0="111,47,109,66,42,53,83,35,94,36,132,85,87" hai1="39,11,79,106,30,113,10,114,19,45,60,27,46" hai2="102,90,69,32,112,48,117,131,121,29,116,119,51" hai3="120,0,103,23,58,52,72,16,65,88,21,18,89"/><V101/><F121/><W135/><G72/><T43/><D35/><U82/><E106/><V7/><F112/><W74/><G74/><T86/><D132/><U95/><E11/><V76/><F76/><W14/><G120/><T12/><D43/><U97/><E46/><V96/><F7/><W20/><G0/><T125/><D125/><U28/><E28/><V4/><F4/><W130/><G135/><T78/><D66/><U25/><E45/><V26/><F90/><N who="3" m="34923" /><G130/><T33/><D33/><U17/><E39/><V127/><F102/><W68/><G68/><T59/><D12/><U92/><E60/><V6/><F6/><W71/><G71/><T54/><D94/><U9/><E79/><V41/><F41/><W122/><G122/><T3/><D3/><U118/><E30/><V40/><F40/><W98/><G65/><T75/><REACH who="0" step="1"/><D53/><REACH who="0" ten="210,230,325,225" step="2"/><U99/><REACH who="1" step="1"/><E82/><REACH who="1" ten="210,220,325,225" step="2"/><V34/><F119/><AGARI ba="0,2" hai="9,10,17,19,25,27,92,95,97,99,113,114,118,119" machi="119" ten="25,12000,2" yaku="1,1,2,1,22,2,53,2" doraHai="67" doraHaiUra="91" who="1" fromWho="2" sc="210,0,220,140,325,-120,225,0" /><INIT seed="3,0,0,1,1,100" ten="210,360,205,225" oya="3" hai0="14,98,86,65,27,24,36,97,40,23,44,123,105" hai1="11,81,83,1,58,79,5,62,7,125,60,106,95" hai2="69,35,75,71,131,94,88,10,135,84,57,101,53" hai3="59,48,91,38,99,87,120,4,90,25,3,74,133"/><W77/><G38/><T111/><D123/><U29/><E106/><V34/><F75/><W122/><G74/><T33/><D111/><U109/><E109/><V134/><F131/><W32/><G77/><T80/><D65/><U115/><E115/><V18/><F101/><W31/><G133/><N who="2" m="50697" /><F10/><W132/><G132/><T110/><D110/><U113/><E7/><V55/><F18/><W112/><G112/><T114/><D114/><U68/><E62/><N who="2" m="36143" /><F55/><W54/><G99/><T82/><D97/><U121/><E83/><V102/><F102/><W28/><G28/><T45/><D82/><U117/><E29/><V39/><F39/><W43/><G43/><T128/><D128/><U76/><E81/><V41/><F41/><W108/><G108/><T16/><D45/><U12/><E11/><V30/><F30/><W127/><G127/><T78/><D33/><AGARI ba="0,0" hai="33,34,35,69,71,84,88,94" m="36143,50697" machi="33" ten="30,2000,0" yaku="20,1,54,1" doraHai="100" who="2" fromWho="0" sc="210,-20,360,0,205,20,225,0" /><INIT seed="4,0,0,0,3,3" ten="190,360,225,225" oya="0" hai0="106,124,25,8,31,112,47,134,118,37,61,59,127" hai1="135,75,40,121,42,90,0,113,123,4,84,41,63" hai2="29,64,44,19,62,73,43,66,26,12,17,128,126" hai3="91,78,115,101,109,57,81,72,18,34,15,68,30"/><T33/><D118/><U120/><E75/><V107/><F73/><W39/><G109/><T53/><D106/><U70/><E135/><V104/><F128/><W58/><G68/><T117/><D117/><U105/><E105/><V52/><F66/><W32/><G39/><T50/><D134/><U36/><E113/><V14/><F126/><W129/><G115/><T88/><D112/><U92/><E36/><V102/><F102/><W114/><G114/><T100/><D100/><U96/><E0/><V28/><F64/><W38/><G38/><T74/><D74/><U48/><E4/><V133/><F133/><W93/><G129/><T69/><D8/><U125/><E125/><N who="0" m="48201" /><D69/><U86/><E70/><V71/><F71/><W119/><G101/><T35/><D37/><U67/><E48/><V103/><F103/><W111/><G111/><T98/><D35/><U95/><E63/><V21/><F62/><W20/><G34/><T9/><D9/><U79/><E123/><V24/><F43/><W60/><G119/><T132/><D132/><U85/><E41/><V1/><F1/><W13/><G13/><T45/><D61/><U99/><E121/><V116/><F116/><W83/><G60/><T89/><D98/><U27/><E99/><V5/><F104/><W122/><G122/><T77/><D77/><U76/><E79/><V46/><F107/><W55/><G78/><T7/><D7/><U2/><E76/><V6/><F21/><W65/><G72/><T87/><D89/><N who="1" m="53303" /><E120/><V51/><F51/><N who="3" m="30975" /><G32/><T10/><D10/><U23/><E90/><V54/><AGARI ba="0,0" hai="5,6,12,14,17,19,24,26,28,29,44,46,52,54" machi="54" ten="25,16000,3" yaku="5,1,0,1,22,2,8,1,52,2,54,1" doraHai="3" who="2" fromWho="2" sc="190,-80,360,-40,225,160,225,-40" /><INIT seed="5,0,0,3,0,36" ten="110,320,385,185" oya="1" hai0="133,28,108,123,34,41,91,83,55,88,98,119,3" hai1="24,64,101,61,60,87,112,39,32,106,4,76,73" hai2="45,48,68,66,82,20,113,69,71,118,92,109,134" hai3="126,56,5,129,93,117,9,62,85,59,65,67,50"/><U53/><E73/><V127/><F109/><W96/><G126/><T31/><D3/><U49/><E39/><V21/><F118/><W124/><G124/><T54/><D119/><U122/><E122/><V121/><F127/><W95/><G117/><T81/><D123/><U27/><E112/><V51/><F66/><W11/><G129/><T16/><D108/><U84/><E4/><V43/><F121/><W132/><G132/><T97/><D34/><U104/><E61/><V57/><F92/><W17/><G17/><T52/><D41/><U110/><E110/><V120/><F120/><W13/><G85/><T116/><D116/><U75/><E75/><V47/><F57/><W26/><G26/><T23/><D133/><U44/><E106/><V111/><F111/><W29/><G29/><N who="0" m="11339" /><D81/><U58/><E76/><V8/><F82/><W6/><G50/><T7/><D7/><U130/><E130/><V25/><F25/><N who="1" m="9801" /><E32/><V46/><F134/><W114/><G114/><T78/><D78/><U131/><E131/><V22/><F113/><W35/><G35/><T30/><N who="0" m="11347" /><T14/><DORA hai="33" /><D83/><U15/><E15/><V99/><F69/><W100/><G95/><T135/><D135/><U12/><E12/><V90/><F71/><W89/><G100/><T94/><D98/><N who="1" m="61495" /><E87/><V37/><F68/><W70/><REACH who="3" step="1"/><G67/><REACH who="3" ten="110,320,385,175" step="2"/><T2/><D2/><AGARI ba="0,1" hai="2,5,6,9,11,13,56,59,62,65,70,89,93,96" machi="2" ten="30,7700,0" yaku="1,1,2,1,7,1,52,1,53,0" doraHai="36,33" doraHaiUra="79,18" who="3" fromWho="0" sc="110,-77,320,0,385,0,175,87" /><INIT seed="6,0,0,1,1,22" ten="33,320,385,262" oya="2" hai0="52,42,2,115,122,74,33,106,77,63,114,81,16" hai1="71,124,25,116,47,118,120,61,87,60,111,10,9" hai2="119,35,38,65,53,31,73,56,69,103,107,45,78" hai3="126,76,59,23,70,44,51,58,109,48,28,79,15"/><V18/><F18/><W37/><G109/><T3/><D122/><U13/><E111/><V46/><F119/><W19/><G70/><T36/><D106/><U135/><E120/><V7/><F7/><W129/><G126/><T102/><D102/><U14/><E47/><V29/><F29/><W17/><G129/><T113/><D33/><U123/><E123/><V86/><F86/><W43/><G28/><T121/><D121/><U41/><E87/><V32/><F32/><W0/><G0/><T98/><D98/><U75/><E41/><V8/><F8/><W105/><G105/><T94/><D94/><U132/><E71/><V91/><F91/><W95/><G95/><T80/><D80/><U67/><E67/><V90/><F90/><W1/><G1/><T40/><D40/><U134/><E124/><V24/><F78/><W89/><G89/><T72/><D72/><U26/><REACH who="1" step="1"/><E134/><REACH who="1" ten="33,310,385,262" step="2"/><V4/><F46/><W6/><G59/><N who="0" m="35303" /><D42/><U20/><E20/><V130/><F69/><W110/><G58/><T83/><D36/><U131/><E131/><V104/><F38/><W125/><G37/><T82/><D74/><AGARI ba="0,1" hai="9,10,13,14,25,26,60,61,74,75,116,118,132,135" machi="74" ten="25,8000,1" yaku="1,1,22,2,52,2,53,0" doraHai="22" doraHaiUra="30" who="1" fromWho="0" sc="33,-80,310,90,385,0,262,0" owari="-47,-55.0,400,50.0,385,19.0,262,-14.0" /></mjloggm>