<mjloggm ver="2.3"><GO type="169" lobby="0"/><UN n0="%70%63%63%61%62%63" n1="%E3%83%88%E3%83%88%E3%83%AA%E5%85%88%E7%94%9F%31%39%E6%AD%B3" n2="%EF%BC%84%E3%83%8A%E3%83%8A%E3%82%B7%E3%83%BC%EF%BF%A5" n3="%E3%83%95%E3%82%A7%E3%83%AB%E3%83%8A%E3%83%B3%E3%83%89" dan="17,19,17,17" rate="2123.12,2262.71,2147.51,2275.59" sx="M,F,M,M"/><TAIKYOKU oya="0"/><INIT seed="0,0,0,2,2,32" ten="250,250,250,250" oya="0" hai0="21,97,63,58,16,52,12,54,74,132,115,45,131" hai1="49,33,112,107,85,60,101,9,46,27,28,56,48" hai2="13,116,17,70,83,15,105,103,94,38,90,35,124" hai3="123,78,59,30,72,1,122,26,134,22,92,129,102"/><T31/><D115/><U111/><E111/><V126/><F35/><W51/><G134/><T53/><D131/><U77/><E112/><V82/><F70/><W6/><G129/><T120/><D120/><N who="3" m="46121" /><G72/><T113/><D113/><U20/><E107/><V41/><F116/><W62/><G78/><T80/><D132/><U11/><E101/><V67/><F67/><N who="3" m="39391" /><G51/><N who="0" m="28783" /><D31/><U117/><E33/><V29/><F29/><W76/><G76/><T25/><D74/><U75/><E49/><V87/><F41/><W47/><G47/><T99/><D80/><N who="2" m="30762" /><F38/><W109/><G109/><T84/><D84/><U66/><E117/><V37/><F37/><W128/><G128/><T36/><D36/><U93/><E75/><V96/><F17/><W55/><G55/><N who="0" m="34271" /><D25/><U119/><E119/><V43/><F43/><W106/><G106/><T5/><D5/><U133/><E133/><V10/><F10/><N who="3" m="2383" /><G102/><T135/><D135/><U19/><E19/><V104/><F105/><W114/><G114/><T0/><D0/><U50/><E46/><V98/><F98/><AGARI ba="0,0" hai="12,16,21,53,54,97,98,99" m="34271,28783" machi="98" ten="30,5800,0" yaku="8,1,54,2" doraHai="32" who="0" fromWho="2" sc="250,58,250,0,250,-58,250,0" /><INIT seed="0,1,0,4,2,9" ten="308,250,192,250" oya="0" hai0="36,59,126,31,33,42,127,51,45,6,49,80,102" hai1="90,71,55,10,117,97,111,98,43,86,76,132,29" hai2="61,8,81,19,44,104,84,67,38,114,89,115,87" hai3="92,48,39,66,74,103,121,113,60,128,75,37,32"/><T34/><D102/><U125/><E117/><V82/><F104/><W5/><G113/><T72/><D6/><U133/><E71/><V54/><F38/><W101/><G32/><T7/><D7/><U15/><E111/><V95/><F44/><W4/><G128/><T88/><D72/><U62/><E125/><N who="0" m="47625" /><D31/><U64/><E43/><V94/><F54/><W122/><G48/><N who="0" m="18507" /><D59/><N who="1" m="36959" /><E29/><V17/><F8/><W73/><G92/><T123/><D123/><N who="3" m="47113" /><G60/><T13/><D13/><U96/><E15/><V69/><F95/><W58/><G58/><T70/><D70/><U119/><E10/><V112/><REACH who="2" step="1"/><F94/><REACH who="2" ten="308,250,182,250" step="2"/><W108/><G5/><T46/><D45/><U30/><E98/><V18/><F18/><W85/><G4/><T110/><D110/><U47/><E96/><V135/><F135/><W26/><G108/><T68/><D68/><U129/><E97/><V2/><F2/><W79/><G103/><T20/><D20/><U11/><E11/><V22/><F22/><W93/><G101/><T131/><D131/><U105/><E129/><V63/><F63/><W40/><G93/><T100/><D100/><U124/><E124/><V109/><F109/><W116/><G39/><T120/><D120/><U14/><E105/><V91/><AGARI ba="1,1" hai="17,19,61,67,69,81,82,84,87,89,91,112,114,115" machi="91" ten="30,4000,0" yaku="1,1,0,1,9,1,53,0" doraHai="9" doraHaiUra="3" who="2" fromWho="2" sc="308,-21,250,-11,182,53,250,-11" /><INIT seed="1,0,0,4,2,69" ten="287,239,235,239" oya="1" hai0="58,126,94,64,0,107,9,11,44,37,92,59,71" hai1="99,55,20,129,5,133,125,2,40,14,131,16,134" hai2="48,87,19,119,17,108,73,80,4,83,30,84,47" hai3="39,95,45,132,3,13,33,50,68,34,8,110,100"/><U81/><E55/><N who="2" m="30111" /><F73/><W18/><G68/><T135/><D71/><U7/><E125/><V74/><F74/><W62/><G110/><T67/><D44/><U24/><E81/><N who="2" m="31307" /><F108/><W120/><G120/><T54/><D54/><U15/><E99/><V22/><F119/><W113/><G113/><T105/><D126/><U115/><E40/><V12/><F4/><N who="1" m="1609" /><E2/><V77/><F77/><W118/><G118/><T127/><D127/><U106/><E106/><V38/><F38/><W103/><G3/><T46/><D46/><U98/><E115/><V56/><F30/><W97/><G132/><N who="1" m="50794" /><E98/><V60/><F19/><W101/><G62/><T61/><D61/><U89/><E89/><V70/><F70/><W41/><REACH who="3" step="1"/><G50/><REACH who="3" ten="287,239,235,229" step="2"/><T49/><D0/><U75/><E75/><V25/><F25/><W65/><G65/><AGARI ba="0,1" hai="12,17,22,56,60,65,84,87" m="31307,30111" machi="65" ten="30,1000,0" yaku="8,1" doraHai="69" who="2" fromWho="3" sc="287,0,239,0,235,20,229,-10" /><INIT seed="2,0,0,5,1,0" ten="287,239,255,219" oya="2" hai0="26,25,9,129,87,66,60,67,1,97,120,55,59" hai1="52,73,100,84,94,78,74,135,128,44,126,27,110" hai2="124,132,3,105,83,106,49,98,111,131,21,2,13" hai3="48,121,117,46,104,109,133,37,107,123,125,96,16"/><V7/><F132/><W50/><G117/><T19/><D120/><U75/><E135/><V61/><F131/><W56/><G133/><T118/><D129/><U54/><E128/><V38/><F38/><W76/><G37/><T58/><D118/><U17/><E110/><V65/><F124/><W77/><G109/><T91/><D97/><U5/><E126/><V102/><F106/><W108/><G108/><T93/><D66/><U88/><E100/><V51/><F111/><W119/><G119/><T24/><D1/><U57/><E5/><V71/><F83/><W34/><G125/><T29/><D9/><U85/><E44/><V35/><F35/><W42/><G34/><T12/><D12/><U72/><E72/><V39/><F39/><W103/><G107/><T114/><D114/><U113/><E113/><V23/><F2/><W86/><G16/><T68/><D68/><U64/><E64/><V80/><F80/><W14/><G14/><T99/><D87/><U81/><REACH who="1" step="1"/><E57/><REACH who="1" ten="287,229,255,219" step="2"/><V10/><REACH who="2" step="1"/><F3/><REACH who="2" ten="287,229,245,219" step="2"/><W79/><G123/><T30/><REACH who="0" step="1"/><D19/><REACH who="0" ten="277,229,245,219" step="2"/><U122/><E122/><V92/><F92/><W6/><G121/><T8/><D8/><U95/><E95/><V33/><F33/><W130/><G130/><T45/><D45/><U134/><E134/><V28/><F28/><W20/><G46/><T70/><D70/><U62/><E62/><AGARI ba="0,3" hai="24,25,26,29,30,55,58,59,60,62,67,91,93,99" machi="62" ten="40,2600,0" yaku="1,1,8,1,53,0" doraHai="0" doraHaiUra="47" who="0" fromWho="1" sc="277,56,229,-26,245,0,219,0" /><INIT seed="3,0,0,5,5,109" ten="333,203,245,219" oya="3" hai0="11,45,114,113,126,26,65,13,122,116,34,36,133" hai1="84,77,127,38,135,91,68,92,76,48,59,83,75" hai2="42,54,101,106,90,105,29,0,107,47,111,118,85" hai3="121,6,71,5,67,25,22,125,102,99,63,21,80"/><W53/><G121/><T28/><D116/><U134/><E38/><V112/><F118/><W64/><G125/><T24/><D133/><N who="1" m="50699" /><E68/><V50/><F0/><W100/><G80/><T31/><D126/><U49/><E127/><V12/><F111/><W30/><G100/><T98/><D65/><U66/><E76/><V79/><F79/><W8/><G67/><T103/><D122/><U108/><E108/><V41/><F101/><W40/><G40/><N who="0" m="22663" /><D28/><U120/><E120/><V74/><F74/><W62/><G8/><T16/><D31/><U115/><E115/><N who="0" m="44041" /><D34/><U87/><E75/><V95/><F112/><W72/><G72/><T94/><AGARI ba="0,0" hai="11,13,16,24,26,94,98,103" m="44041,22663" machi="94" ten="30,8000,1" yaku="11,1,52,3,54,1" doraHai="109" who="0" fromWho="0" sc="333,80,203,-20,245,-20,219,-40" /><INIT seed="4,0,0,1,1,55" ten="413,183,225,179" oya="0" hai0="4,19,66,39,61,10,6,5,90,81,70,38,56" hai1="110,34,9,25,0,94,36,125,102,106,37,24,97" hai2="111,119,45,98,113,13,21,58,27,72,12,108,86" hai3="123,121,73,14,116,20,83,26,131,7,84,85,109"/><T63/><D10/><U15/><E110/><V75/><F113/><W53/><G73/><T42/><D42/><U30/><E125/><V95/><F119/><W69/><G69/><T8/><D8/><U18/><E106/><V104/><F104/><W115/><G109/><T118/><D118/><U2/><REACH who="1" step="1"/><E25/><REACH who="1" ten="413,173,225,179" step="2"/><V3/><F108/><W48/><G26/><T120/><D120/><U76/><E76/><V88/><F111/><W107/><G123/><T31/><D39/><AGARI ba="0,1" hai="0,2,9,15,18,24,30,34,36,37,39,94,97,102" machi="39" ten="40,1300,0" yaku="1,1,53,0" doraHai="55" doraHaiUra="87" who="1" fromWho="0" sc="413,-13,173,23,225,0,179,0" /><INIT seed="5,0,0,2,1,101" ten="400,196,225,179" oya="1" hai0="47,71,59,135,27,7,22,6,120,93,73,132,11" hai1="18,97,117,107,20,96,58,17,70,106,130,1,119" hai2="45,30,39,54,68,23,49,74,89,123,129,112,100" hai3="87,8,26,51,67,116,66,81,98,5,60,61,9"/><U124/><E1/><V55/><F123/><W133/><G133/><T122/><D71/><U38/><E70/><V118/><F118/><W77/><G116/><T113/><D113/><U125/><E58/><V102/><F129/><W62/><G26/><T86/><D73/><U126/><E38/><V109/><F109/><W37/><G37/><T4/><D11/><N who="3" m="4169" /><G5/><T14/><D14/><U121/><E130/><V91/><F68/><W79/><G79/><T76/><D47/><U13/><E121/><N who="0" m="46697" /><D59/><U24/><E117/><V128/><F128/><W80/><G80/><N who="0" m="47367" /><D93/><U90/><E119/><V114/><F74/><W69/><G69/><T29/><AGARI ba="0,0" hai="4,6,7,22,27,29,132,135" m="47367,46697" machi="29" ten="40,1500,0" yaku="13,1" doraHai="101" who="0" fromWho="0" sc="400,15,196,-7,225,-4,179,-4" /><INIT seed="6,0,0,1,2,135" ten="415,189,221,175" oya="2" hai0="74,71,8,109,43,113,55,25,87,58,41,133,90" hai1="81,92,119,132,14,97,35,31,67,83,1,20,53" hai2="111,11,130,96,108,33,49,18,68,9,126,80,78" hai3="91,45,94,39,26,42,48,2,61,70,62,73,60"/><V54/><F68/><W12/><G2/><T106/><D113/><U84/><E119/><V56/><F33/><W105/><G105/><T10/><D106/><U46/><E1/><V40/><F130/><W72/><G70/><T65/><D74/><U112/><E112/><V104/><F40/><W122/><G122/><T77/><D109/><N who="2" m="42058" /><F18/><W66/><G66/><T32/><D77/><U22/><E132/><V63/><F126/><W103/><G103/><T44/><D65/><U64/><E35/><V79/><F63/><W28/><G39/><T82/><D43/><U75/><E75/><N who="2" m="43103" /><F79/><W118/><G118/><T36/><D71/><U51/><E81/><V3/><F3/><W37/><G37/><T52/><D55/><U99/><E83/><V110/><N who="2" m="42066" /><V16/><DORA hai="86" /><F16/><W128/><G12/><T85/><D133/><U57/><E67/><V47/><F47/><W4/><G128/><T15/><D15/><U24/><E14/><V13/><F13/><W102/><G4/><T127/><D127/><U115/><E22/><V59/><F59/><W50/><G50/><T7/><D52/><N who="1" m="29815" /><E64/><V17/><F17/><W95/><G73/><T5/><D82/><U21/><E21/><V6/><F6/><W101/><G72/><T107/><D7/><U114/><E114/><V93/><F104/><W69/><G69/><T38/><D5/><U124/><E115/><V34/><F34/><W23/><G95/><T123/><D32/><U19/><E124/><V134/><F134/><W117/><G117/><T116/><D116/><U30/><E92/><V120/><F120/><RYUUKYOKU ba="0,0" sc="415,-15,189,-15,221,15,175,15" hai2="9,11,49,54,56,93,96" hai3="23,26,28,42,45,48,60,61,62,91,94,101,102" /><INIT seed="6,1,0,3,5,48" ten="400,174,236,190" oya="2" hai0="67,96,87,132,83,77,104,9,134,23,46,26,34" hai1="20,60,29,117,2,114,57,4,126,38,58,3,24" hai2="88,35,59,22,8,91,32,112,120,99,40,44,43" hai3="37,0,131,64,68,82,63,11,127,7,135,101,116"/><V123/><F8/><W86/><G116/><T5/><D67/><U90/><E117/><V21/><F112/><W33/><G33/><T119/><D119/><U107/><E38/><V28/><F99/><W53/><G37/><T118/><D118/><U103/><E114/><V108/><F59/><W12/><G135/><T115/><D34/><U16/><E126/><V14/><F14/><W51/><G127/><T15/><D46/><U79/><E79/><V69/><F69/><W97/><G131/><T75/><D115/><U13/><E4/><V125/><F125/><W65/><G65/><T6/><D6/><U62/><E90/><V10/><F10/><W80/><G86/><T124/><D124/><U61/><E103/><V31/><F44/><W111/><G111/><AGARI ba="1,0" hai="21,22,28,31,32,35,40,43,88,91,108,111,120,123" machi="111" ten="25,4800,0" yaku="22,2,54,1" doraHai="48" who="2" fromWho="3" sc="400,0,174,0,236,51,190,-51" /><INIT seed="6,2,0,0,0,91" ten="400,174,287,139" oya="2" hai0="46,78,134,60,47,18,53,20,32,19,17,81,38" hai1="132,123,52,128,4,117,56,10,61,34,7,22,57" hai2="68,111,112,0,65,103,72,122,36,106,92,37,110" hai3="116,1,99,26,64,115,125,48,71,3,96,118,84"/><V66/><F122/><W80/><G125/><T85/><D32/><U16/><E117/><V62/><F112/><W107/><G115/><T130/><D134/><U51/><E34/><V45/><F106/><W2/><G118/><T98/><D130/><U94/><E128/><V83/><F0/><W23/><G116/><T40/><D98/><U27/><E132/><V12/><F12/><W77/><G48/><T95/><D95/><U89/><E10/><V15/><F15/><W114/><G107/><T28/><D28/><U50/><E123/><V133/><F133/><W131/><G131/><T101/><D101/><U87/><E51/><V33/><F33/><W113/><G113/><T100/><D100/><U5/><E5/><V13/><F13/><W43/><G43/><T63/><D47/><U86/><E86/><V135/><F135/><W29/><REACH who="3" step="1"/><G114/><REACH who="3" ten="400,174,287,129" step="2"/><T73/><D40/><U25/><E25/><V35/><F36/><W42/><G42/><T24/><D38/><U74/><E74/><V49/><F37/><W97/><G97/><T90/><D24/><U39/><E39/><V8/><F110/><W82/><G82/><T129/><D81/><U124/><E124/><V44/><F83/><W55/><G55/><AGARI ba="2,1" hai="4,7,16,22,27,50,52,55,56,57,61,87,89,94" machi="55" ten="30,8000,1" yaku="7,1,8,1,52,1,54,2" doraHai="91" who="1" fromWho="3" sc="400,0,174,96,287,0,129,-86" /><INIT seed="7,0,0,4,0,93" ten="400,270,287,43" oya="3" hai0="90,14,40,123,56,84,0,47,4,9,33,124,19" hai1="80,7,31,5,30,98,22,120,88,39,66,61,105" hai2="125,99,21,85,82,72,58,2,44,3,133,74,54" hai3="24,10,46,131,119,129,92,36,116,83,107,28,135"/><W77/><G107/><T134/><D123/><U48/><E39/><V52/><F133/><W63/><G135/><T100/><D124/><U132/><E132/><V109/><F109/><W130/><G63/><T121/><D121/><U25/><E120/><V57/><F125/><W50/><G36/><T26/><D56/><N who="1" m="37159" /><E105/><V79/><F44/><W97/><G10/><T65/><D100/><U18/><E48/><V111/><F111/><W6/><G6/><N who="1" m="2058" /><E98/><V42/><F42/><N who="3" m="24919" /><G24/><T106/><D90/><U108/><E108/><V38/><F38/><W71/><G28/><T112/><D19/><U53/><E53/><V117/><F54/><W67/><G67/><T128/><D9/><U70/><E70/><V126/><F126/><W13/><G13/><T37/><D84/><AGARI ba="0,0" hai="18,22,25,30,31,80,84,88" m="2058,37159" machi="84" ten="30,2000,0" yaku="8,1,54,1" doraHai="93" who="1" fromWho="0" sc="400,-20,270,20,287,0,43,0" owari="380,48.0,290,9.0,287,-11.0,43,-46.0" /></mjloggm>