<mjloggm ver="2.3"><GO type="169" lobby="0"/><UN n0="%E3%83%9E%E3%82%AC%E3%82%B8%E3%83%B3" n1="%E5%B0%B1%E6%B4%BB%E7%94%9F%40%E5%B7%9D%E6%9D%91%E8%BB%8D%E5%9B%A3" n2="%E3%81%A1%E3%82%83%E3%81%93%E3%81%93" n3="%E3%81%97%E3%82%87%E3%81%BC%E3%82%93%EF%BD%8E" dan="16,17,17,17" rate="2154.61,2179.96,2152.10,2205.30" sx="F,M,F,F"/><TAIKYOKU oya="0"/><INIT seed="0,0,0,1,4,120" ten="250,250,250,250" oya="0" hai0="38,66,123,104,23,14,82,11,96,116,109,54,91" hai1="26,48,108,43,51,33,17,24,4,31,129,61,99" hai2="21,19,18,130,40,27,95,45,16,94,59,74,0" hai3="30,12,22,39,57,62,71,73,7,101,46,122,131"/><T98/><D116/><U52/><E129/><V35/><F0/><W83/><G71/><T32/><D32/><U3/><E3/><V89/><F130/><W9/><G122/><T107/><D38/><U41/><E4/><V42/><F35/><W63/><G131/><T5/><D66/><U76/><E76/><V112/><F74/><W58/><G101/><T25/><D123/><U60/><E99/><V29/><F112/><W65/><G39/><T80/><D104/><U135/><E135/><V124/><F124/><W53/><G46/><T78/><D107/><U84/><E84/><V2/><F2/><W85/><G73/><T119/><D119/><U115/><E115/><V134/><F134/><W121/><G121/><T77/><D54/><U128/><E128/><V105/><F105/><W56/><G56/><T70/><D70/><U28/><E17/><V69/><F69/><W44/><G44/><T93/><D96/><U68/><E68/><V103/><F59/><W6/><G22/><T79/><REACH who="0" step="1"/><D109/><REACH who="0" ten="240,250,250,250" step="2"/><U8/><E33/><V34/><F34/><W55/><G65/><T102/><D102/><U86/><E108/><V67/><F67/><W133/><G133/><T113/><D113/><U132/><E132/><V125/><F103/><W15/><G55/><T50/><D50/><U126/><E126/><V36/><F125/><W1/><G53/><T13/><D13/><U92/><E48/><N who="2" m="26663" /><F42/><W117/><G117/><T110/><D110/><U90/><E43/><V72/><F36/><W114/><G1/><T100/><D100/><U49/><E41/><V97/><F97/><RYUUKYOKU ba="0,1" sc="240,30,250,-10,250,-10,250,-10" hai0="5,11,14,23,25,77,78,79,80,82,91,93,98" /><INIT seed="0,1,1,5,3,7" ten="270,240,240,240" oya="0" hai0="55,103,51,60,127,99,65,56,80,70,92,15,125" hai1="35,39,91,96,53,20,36,86,40,102,14,59,10" hai2="93,6,38,133,61,78,121,83,79,67,123,128,45" hai3="75,47,135,19,41,3,0,109,62,48,4,122,32"/><T12/><REACH who="0" step="1"/><D80/><REACH who="0" ten="260,240,240,240" step="2"/><U81/><E35/><V94/><F83/><W73/><G32/><T82/><D82/><U85/><E85/><V5/><F121/><W27/><G122/><T57/><D57/><U69/><E69/><V42/><F123/><W74/><G74/><T23/><D23/><U100/><E20/><V63/><F78/><W107/><G75/><T72/><D72/><U134/><E134/><V44/><F79/><W1/><G73/><T87/><D87/><U9/><E40/><V101/><F42/><W29/><G135/><T124/><AGARI ba="1,2" hai="12,15,51,55,56,60,65,70,92,99,103,124,125,127" machi="124" ten="30,11700,0" yaku="21,2,0,1,18,1,53,0" doraHai="7" doraHaiUra="25" who="0" fromWho="0" sc="260,140,240,-40,240,-40,240,-40" /><INIT seed="0,2,0,5,3,134" ten="400,200,200,200" oya="0" hai0="37,126,49,68,20,127,84,2,54,72,16,17,50" hai1="98,124,93,18,115,97,3,66,130,19,46,42,47" hai2="101,102,125,103,77,71,82,70,9,89,116,85,62" hai3="32,109,43,31,28,131,55,107,67,118,51,10,33"/><T52/><D37/><U73/><E3/><V112/><F9/><W27/><G118/><T75/><D2/><U133/><E73/><V60/><F112/><W99/><G109/><T110/><D68/><U135/><E115/><V6/><F6/><W100/><G131/><T25/><D84/><U40/><E130/><V22/><F22/><W74/><G74/><T83/><D110/><U4/><E93/><V41/><F41/><W58/><G67/><T106/><D106/><U81/><E81/><V119/><F70/><W90/><G43/><T45/><D17/><U105/><E66/><V21/><F21/><W113/><G113/><T57/><REACH who="0" step="1"/><D75/><REACH who="0" ten="390,200,200,200" step="2"/><U121/><E105/><V36/><F71/><W59/><G107/><T8/><D8/><U14/><E4/><V5/><F5/><W64/><G10/><T132/><D132/><U29/><E121/><V86/><F36/><W111/><G111/><T91/><D91/><U122/><E122/><V12/><F89/><W108/><G90/><T78/><AGARI ba="2,1" hai="16,20,25,45,49,50,52,54,57,72,78,83,126,127" machi="78" ten="30,18000,2" yaku="1,1,0,1,52,2,54,2,53,0" doraHai="134" doraHaiUra="1" who="0" fromWho="0" sc="390,196,200,-62,200,-62,200,-62" /><INIT seed="0,3,0,3,1,127" ten="586,138,138,138" oya="0" hai0="75,122,60,34,67,91,19,58,77,119,9,56,66" hai1="105,2,68,84,123,78,21,46,25,97,107,24,69" hai2="37,3,106,49,39,47,110,104,130,28,95,108,0" hai3="54,102,51,36,62,4,40,27,124,41,65,33,99"/><T88/><D34/><U111/><E2/><N who="2" m="555" /><F95/><W133/><G4/><T7/><D119/><U42/><E111/><N who="2" m="42539" /><F130/><W20/><G33/><T87/><D122/><U53/><E123/><V18/><F28/><W59/><G124/><T83/><D7/><U98/><E53/><N who="2" m="29887" /><F18/><W117/><G133/><T44/><D44/><U118/><E118/><V86/><F86/><W30/><G36/><AGARI ba="3,0" hai="36,37,39,104,106" m="29887,42539,555" machi="36" ten="40,1300,0" yaku="14,1" doraHai="127" who="2" fromWho="3" sc="586,0,138,0,138,22,138,-22" /><INIT seed="1,0,0,5,4,94" ten="586,138,160,116" oya="1" hai0="133,12,121,66,77,15,54,76,124,97,122,87,123" hai1="39,106,60,40,65,69,1,58,118,92,90,2,119" hai2="29,61,11,7,9,68,111,110,3,83,5,135,41" hai3="37,80,74,101,27,38,131,59,67,19,44,89,88"/><U8/><E106/><V33/><F41/><W46/><G131/><T36/><D36/><U4/><E1/><N who="2" m="175" /><F83/><W104/><G38/><T125/><D66/><U134/><E134/><V10/><F10/><W56/><G74/><T18/><D133/><U55/><E40/><V112/><F112/><W17/><G104/><T13/><D18/><U25/><E25/><N who="2" m="18607" /><F135/><W28/><G101/><T129/><D129/><U48/><REACH who="1" step="1"/><E39/><REACH who="1" ten="586,128,160,116" step="2"/><V72/><F3/><W82/><G37/><T14/><D122/><U102/><E102/><V6/><F110/><W51/><G27/><T62/><D123/><U64/><E64/><V75/><F111/><W81/><G67/><T79/><D121/><U98/><AGARI ba="0,1" hai="2,4,8,48,55,58,60,65,69,90,92,98,118,119" machi="98" ten="20,7800,0" yaku="1,1,0,1,7,1,52,1,53,0" doraHai="94" doraHaiUra="71" who="1" fromWho="1" sc="586,-26,128,88,160,-26,116,-26" /><INIT seed="1,1,0,3,3,37" ten="560,216,134,90" oya="1" hai0="30,108,21,19,115,111,120,131,93,122,53,116,64" hai1="11,62,3,60,132,121,79,107,105,117,78,89,61" hai2="35,95,49,125,9,39,16,31,58,51,48,102,103" hai3="73,77,128,0,55,96,8,15,101,109,129,12,33"/><U50/><E121/><N who="0" m="46697" /><D115/><U84/><E117/><V26/><F39/><W17/><G109/><T81/><D116/><U124/><E124/><V52/><F125/><W133/><G33/><T65/><D131/><N who="3" m="50249" /><G133/><T45/><D81/><U22/><E132/><V6/><F6/><N who="3" m="1095" /><G17/><T44/><D30/><U99/><E22/><N who="2" m="13639" /><F35/><W85/><G73/><T42/><D93/><U38/><E38/><V67/><F31/><W90/><G55/><T112/><D53/><U59/><E11/><V80/><F67/><W5/><G77/><T97/><D112/><U127/><E3/><V54/><F9/><W7/><G7/><T82/><D64/><U13/><E13/><V76/><F95/><N who="3" m="54735" /><G5/><T104/><D65/><U100/><E107/><AGARI ba="1,0" hai="12,15,96,101,107" m="54735,1095,50249" machi="107" ten="30,1000,0" yaku="19,1" doraHai="37" who="3" fromWho="1" sc="560,0,216,-13,134,0,90,13" /><INIT seed="2,0,0,1,4,4" ten="560,203,134,103" oya="2" hai0="49,32,91,33,102,106,26,66,134,38,123,22,57" hai1="13,71,126,63,135,67,12,127,69,100,56,59,125" hai2="1,55,44,10,99,105,15,104,27,128,107,116,3" hai3="30,9,64,79,16,0,129,74,40,50,96,31,90"/><V20/><F116/><W110/><G74/><T108/><D38/><U120/><E120/><V92/><F128/><W6/><G129/><T70/><D123/><U121/><E121/><V53/><F3/><W60/><G79/><T94/><D70/><U45/><E135/><V42/><F1/><W23/><G110/><T83/><D83/><U78/><E78/><V113/><F113/><W88/><G50/><T73/><D73/><U86/><E86/><V115/><F115/><W81/><G40/><T84/><D108/><U61/><E100/><V93/><F93/><W62/><G62/><T65/><D33/><U28/><E28/><V24/><F42/><W111/><G111/><T48/><D32/><U103/><E103/><V77/><F77/><W114/><G114/><T133/><D102/><U85/><E85/><V34/><F34/><W25/><G90/><T35/><D35/><U21/><E45/><V118/><F118/><W36/><G36/><T109/><D106/><U8/><E21/><V43/><F20/><W98/><G81/><T117/><D117/><U17/><REACH who="1" step="1"/><E12/><REACH who="1" ten="560,193,134,103" step="2"/><V95/><F15/><W124/><G124/><T58/><D109/><U39/><E39/><V80/><F44/><W75/><G75/><T54/><D133/><U41/><E41/><V5/><F43/><W72/><G72/><T112/><D134/><U87/><E87/><V89/><F89/><W131/><G131/><T19/><D112/><U47/><E47/><V97/><F99/><N who="3" m="37931" /><G88/><T11/><D11/><U14/><E14/><V52/><F97/><W76/><G76/><T132/><D132/><RYUUKYOKU ba="0,1" sc="560,10,193,10,134,-30,103,10" hai0="19,22,26,48,49,54,57,58,65,66,84,91,94" hai1="8,13,17,56,59,61,63,67,69,71,125,126,127" hai3="0,6,9,16,23,25,30,31,60,64" /><INIT seed="3,1,1,4,3,54" ten="570,203,104,113" oya="3" hai0="21,132,105,7,18,95,115,8,4,74,97,78,38" hai1="106,103,121,71,119,90,20,87,127,111,13,65,24" hai2="1,12,37,63,94,11,22,126,28,0,40,49,123" hai3="56,73,130,50,93,125,52,80,43,104,92,82,109"/><W2/><G104/><T83/><D105/><U14/><E121/><V35/><F37/><W29/><G2/><T131/><D38/><U36/><E36/><V64/><F123/><W86/><G130/><T41/><D41/><U15/><E111/><V31/><F35/><W16/><G109/><T134/><D131/><U79/><E127/><V55/><F40/><W122/><G29/><T116/><D116/><U133/><E133/><N who="0" m="51305" /><D8/><U34/><E119/><V59/><F126/><W84/><G73/><T99/><D99/><N who="1" m="61823" /><E79/><V46/><F94/><N who="3" m="36459" /><G125/><T124/><D124/><U26/><E87/><N who="3" m="33322" /><G122/><T88/><D115/><U47/><E90/><V39/><F31/><W25/><G43/><T120/><D120/><U6/><E6/><V42/><F28/><W89/><G89/><T62/><D62/><N who="1" m="40375" /><E26/><AGARI ba="1,1" hai="4,7,18,21,26,74,78,83,88,95,97" m="51305" machi="26" ten="30,2000,0" yaku="20,1,54,1" doraHai="54" who="0" fromWho="1" sc="570,33,203,-23,104,0,113,0" /><INIT seed="4,0,0,2,1,77" ten="603,180,104,113" oya="0" hai0="121,47,64,52,115,89,74,6,18,76,120,80,61" hai1="15,78,130,62,70,108,3,104,58,71,1,110,0" hai2="124,96,53,5,55,126,119,131,35,85,111,57,133" hai3="101,51,90,40,72,2,66,23,125,67,38,7,97"/><T54/><D6/><U34/><E34/><V50/><F111/><W123/><G38/><T118/><D118/><U25/><E104/><V109/><F109/><W75/><G90/><T21/><D115/><U91/><E130/><V36/><F36/><W43/><G2/><T106/><D106/><U17/><E25/><V127/><F35/><W112/><G23/><T19/><D19/><U60/><E78/><V132/><F119/><W41/><G51/><T14/><D89/><U42/><E42/><V73/><F73/><W20/><G20/><T4/><D4/><U12/><E91/><V103/><F85/><W98/><G7/><T39/><D54/><U113/><E0/><V81/><F53/><W8/><G8/><T99/><D99/><N who="3" m="37897" /><G101/><T122/><D39/><U83/><E58/><V63/><F5/><W100/><G100/><T10/><D47/><U107/><E107/><N who="2" m="63975" /><F131/><W135/><G112/><T29/><D29/><U16/><E113/><V48/><F81/><AGARI ba="0,0" hai="1,3,12,15,16,17,60,62,70,71,81,83,108,110" machi="81" ten="25,8000,1" yaku="22,2,52,2,54,1" doraHai="77" who="1" fromWho="2" sc="603,0,180,80,104,-80,113,0" /><INIT seed="5,0,0,0,0,17" ten="603,260,24,113" oya="1" hai0="29,40,117,104,79,22,81,122,102,60,134,91,9" hai1="70,69,94,12,35,11,47,52,103,90,21,57,73" hai2="33,97,20,37,38,114,113,25,5,111,80,36,130" hai3="93,64,49,74,101,58,110,108,124,2,39,100,10"/><U126/><E35/><V23/><F111/><W106/><G39/><T26/><D40/><U127/><E73/><V43/><F43/><W14/><G74/><T62/><D117/><U125/><E103/><V99/><F130/><W34/><G106/><T78/><D102/><U42/><E47/><V112/><F5/><W119/><G2/><T7/><D104/><U50/><E42/><V4/><F4/><W0/><G0/><T3/><D134/><U131/><E131/><V118/><F80/><W13/><G34/><T19/><D122/><U1/><E1/><V98/><F118/><W53/><G64/><T32/><D91/><U55/><E55/><V66/><F66/><W83/><G119/><T71/><D71/><U109/><E109/><V107/><F107/><W120/><G120/><T27/><D79/><U8/><E70/><V133/><F133/><W76/><G14/><T46/><D46/><U61/><E61/><V128/><F128/><W75/><G101/><T41/><D41/><U92/><E92/><V63/><F63/><W6/><G124/><T96/><D96/><N who="1" m="57431" /><E69/><V51/><F51/><W59/><G59/><T87/><AGARI ba="0,0" hai="3,7,9,19,22,26,27,29,32,60,62,78,81,87" machi="87" ten="20,2700,0" yaku="0,1,7,1,52,1" doraHai="17" who="0" fromWho="0" sc="603,27,260,-13,24,-7,113,-7" /><INIT seed="6,0,0,3,4,50" ten="630,247,17,106" oya="2" hai0="121,83,15,40,25,104,107,17,105,93,19,1,8" hai1="13,101,102,97,23,123,18,67,44,115,99,70,6" hai2="37,27,103,11,21,130,124,53,60,133,94,71,3" hai3="57,32,48,61,72,112,4,108,22,58,114,55,26"/><V10/><F37/><W35/><G108/><T43/><D121/><U76/><E123/><V92/><F133/><W116/><G4/><T100/><D1/><U14/><E115/><N who="3" m="44074" /><G72/><T68/><D68/><U96/><E76/><V79/><F130/><W65/><G116/><T74/><D93/><N who="2" m="35946" /><F124/><W41/><G41/><T88/><D100/><U34/><E34/><V39/><F39/><W31/><AGARI ba="0,0" hai="22,26,31,32,35,48,55,57,58,61,65" m="44074" machi="31" ten="30,4000,0" yaku="15,1,11,1,52,1" doraHai="50" who="3" fromWho="3" sc="630,-10,247,-10,17,-20,106,40" owari="620,71.0,237,4.0,-3,-50.0,146,-25.0" /></mjloggm>