<mjloggm ver="2.3"><GO type="169" lobby="0"/><UN n0="%6A%75%6E%6F%6E" n1="%E5%B0%B1%E6%B4%BB%E7%94%9F%40%E5%B7%9D%E6%9D%91%E8%BB%8D%E5%9B%A3" n2="%7A%65%72%6F%52%58" n3="%4C%61%73%6B%26%59%75" dan="17,18,16,17" rate="2109.39,2256.54,2157.21,2186.71" sx="M,M,M,M"/><TAIKYOKU oya="0"/><INIT seed="0,0,0,3,5,113" ten="250,250,250,250" oya="0" hai0="35,76,77,91,122,31,20,88,121,85,25,34,51" hai1="132,44,61,3,126,134,26,135,38,54,116,8,2" hai2="47,70,128,13,62,0,67,103,12,40,60,9,130" hai3="32,117,49,33,125,53,6,101,115,68,71,87,131"/><T106/><D106/><U1/><E116/><V21/><F103/><W42/><G42/><T124/><D124/><U59/><E126/><V73/><F73/><W83/><G101/><T100/><D100/><U43/><REACH who="1" step="1"/><E26/><REACH who="1" ten="250,240,250,250" step="2"/><V102/><F130/><W27/><G117/><T22/><D25/><U28/><E28/><V90/><F128/><W29/><G125/><T107/><D31/><U36/><E36/><V66/><F102/><W96/><G131/><T55/><D107/><U78/><E78/><V75/><F90/><W52/><G27/><T69/><D76/><U95/><E95/><V104/><F104/><W63/><G29/><T58/><D77/><U81/><E81/><V112/><F112/><W129/><G83/><T84/><D122/><U39/><E39/><V92/><F92/><W72/><G129/><T48/><D121/><U80/><E80/><V14/><F75/><W98/><G115/><T123/><D123/><U10/><AGARI ba="0,1" hai="1,2,3,8,10,38,43,44,54,59,61,132,134,135" machi="10" ten="40,5200,0" yaku="1,1,0,1,20,1,53,0" doraHai="113" doraHaiUra="45" who="1" fromWho="1" sc="250,-26,240,62,250,-13,250,-13" /><INIT seed="1,0,0,2,4,0" ten="224,302,237,237" oya="1" hai0="112,97,85,79,91,80,1,46,58,44,16,69,24" hai1="4,11,123,110,3,106,126,135,14,134,30,119,40" hai2="86,132,50,111,8,48,27,118,49,122,104,17,66" hai3="5,61,101,84,36,130,63,67,10,117,93,70,15"/><U121/><E106/><V96/><F122/><N who="1" m="46601" /><E40/><V125/><F118/><W73/><G130/><T20/><D112/><U38/><E38/><V102/><F132/><N who="1" m="50729" /><E119/><V103/><F111/><W98/><G73/><T127/><D69/><U74/><E74/><V31/><F125/><W47/><G117/><T83/><D127/><U128/><E126/><V29/><F103/><W82/><G63/><T107/><D1/><U26/><E128/><V22/><F66/><W65/><G65/><T75/><D107/><U19/><E110/><V64/><F64/><W92/><G92/><T72/><D97/><U129/><E129/><V43/><F43/><W100/><G47/><T54/><REACH who="0" step="1"/><D75/><REACH who="0" ten="214,302,237,237" step="2"/><U114/><E114/><V71/><F71/><W78/><REACH who="3" step="1"/><G36/><REACH who="3" ten="214,302,237,227" step="2"/><T59/><D59/><U33/><E3/><V25/><F104/><W7/><G7/><AGARI ba="0,2" hai="4,7,11,14,19,26,30,33" m="50729,46601" machi="7" ten="30,12000,1" yaku="20,1,34,2,52,2" doraHai="0" who="1" fromWho="3" sc="214,0,302,140,237,0,227,-120" /><INIT seed="1,1,0,5,2,36" ten="214,442,237,107" oya="1" hai0="60,8,90,2,94,95,3,29,131,58,116,135,101" hai1="42,40,16,20,57,133,53,76,5,26,54,118,80" hai2="70,92,85,18,48,121,97,49,15,30,33,83,74" hai3="1,132,45,112,13,11,27,50,119,32,55,129,73"/><U108/><E118/><V99/><F74/><W19/><G112/><T6/><D116/><U64/><E133/><V52/><F70/><W107/><G119/><T59/><D135/><U117/><E117/><V25/><F121/><W127/><G132/><T37/><D131/><U24/><E5/><V84/><F49/><W128/><G107/><T41/><D2/><U56/><E64/><V78/><F85/><W81/><G127/><T14/><D29/><U43/><E108/><V35/><F35/><W23/><G81/><T104/><D104/><U87/><E26/><V102/><F99/><W21/><G73/><T12/><D101/><U34/><E34/><V110/><F110/><W28/><REACH who="3" step="1"/><G23/><REACH who="3" ten="214,442,237,97" step="2"/><T71/><D95/><U79/><E79/><V4/><F33/><W69/><G69/><T111/><D111/><U125/><E125/><V31/><F4/><AGARI ba="1,1" hai="1,4,11,13,19,21,27,28,32,45,50,55,128,129" machi="4" ten="40,5200,0" yaku="1,1,24,2,53,0" doraHai="36" doraHaiUra="86" who="3" fromWho="2" sc="214,0,442,0,237,-55,97,65" /><INIT seed="2,0,0,5,5,119" ten="214,442,182,162" oya="2" hai0="81,129,61,92,103,22,16,52,53,79,84,64,94" hai1="57,96,58,113,134,71,33,89,116,11,21,104,74" hai2="62,44,127,65,23,46,20,2,13,29,42,40,125" hai3="118,68,86,32,130,38,90,87,91,112,0,100,9"/><V7/><F2/><W25/><G68/><T18/><D129/><U102/><E33/><V59/><F7/><W43/><G118/><T17/><D22/><N who="2" m="8234" /><F13/><W60/><G60/><T77/><D77/><U133/><E74/><V122/><F29/><W36/><G100/><T55/><REACH who="0" step="1"/><D103/><REACH who="0" ten="204,442,182,162" step="2"/><U35/><E102/><V110/><F122/><W56/><G130/><T108/><D108/><U19/><E21/><V99/><F110/><W66/><G32/><T5/><D5/><U124/><E35/><V50/><F99/><W95/><G9/><T45/><D45/><N who="2" m="17514" /><F50/><W105/><G38/><T1/><D1/><U26/><E96/><V67/><F67/><W4/><G66/><T12/><D12/><U51/><E11/><V85/><F127/><W31/><G4/><T82/><D82/><U80/><E80/><V126/><F126/><W121/><G0/><T24/><D24/><U30/><E26/><V15/><F125/><W106/><G25/><T27/><D27/><U10/><E10/><V28/><F15/><W128/><G36/><T83/><D83/><U97/><E97/><V37/><F37/><W70/><G128/><T88/><D88/><U111/><E124/><V34/><F34/><W135/><G91/><T117/><D117/><U120/><E116/><V3/><F3/><W107/><G90/><T75/><D75/><U54/><E111/><V115/><F28/><W47/><G31/><T114/><D114/><U63/><E30/><V123/><F115/><W98/><G112/><T39/><D39/><U49/><E113/><V14/><F14/><W109/><G109/><RYUUKYOKU ba="0,1" sc="204,30,442,-10,182,-10,162,-10" hai0="16,17,18,52,53,55,61,64,79,81,84,92,94" /><INIT seed="3,1,1,2,1,99" ten="234,432,172,152" oya="3" hai0="57,16,65,135,97,102,83,52,5,125,43,126,26" hai1="96,60,30,116,42,73,69,95,35,24,74,101,90" hai2="31,131,62,115,77,68,106,34,82,127,110,53,25" hai3="133,17,48,84,40,103,87,63,51,132,72,13,59"/><W61/><G72/><T28/><D135/><N who="3" m="51785" /><G103/><T12/><D5/><U1/><E1/><V14/><F115/><W45/><G51/><T55/><D43/><U41/><E116/><V114/><F114/><W80/><G80/><T81/><D65/><N who="1" m="41127" /><E42/><V46/><F110/><W93/><G93/><N who="0" m="58671" /><D26/><U50/><E50/><V128/><F127/><N who="0" m="48650" /><D28/><U120/><E41/><V85/><F106/><W129/><G129/><N who="2" m="49737" /><F14/><W54/><G61/><N who="0" m="36007" /><D55/><U47/><E47/><V113/><F113/><W64/><G40/><T33/><D33/><U3/><E3/><V49/><F62/><W123/><G123/><T105/><D105/><N who="1" m="63655" /><E120/><V39/><F68/><W27/><G27/><T118/><D118/><U7/><E7/><V67/><F67/><W10/><AGARI ba="1,1" hai="10,13,17,45,48,54,59,63,64,84,87" m="51785" machi="10" ten="30,1500,0" yaku="20,1" doraHai="99" who="3" fromWho="3" sc="234,-6,432,-6,172,-6,152,28" /><INIT seed="3,2,0,2,4,66" ten="228,426,166,180" oya="3" hai0="125,71,112,20,29,64,72,113,123,24,27,96,47" hai1="83,6,8,32,82,131,68,76,61,65,109,115,31" hai2="77,120,100,10,53,14,37,78,41,79,126,134,122" hai3="2,3,102,1,73,81,108,34,44,22,124,92,69"/><W101/><G34/><T9/><D123/><N who="2" m="47146" /><F134/><W57/><G124/><T38/><D125/><U54/><E109/><V35/><F35/><W94/><G108/><T50/><D38/><U5/><E115/><N who="0" m="44105" /><D72/><U21/><E83/><V28/><F28/><W36/><G57/><T58/><D9/><U11/><E131/><V43/><F126/><W40/><G22/><T55/><D96/><U25/><E54/><V39/><F53/><W30/><G30/><T107/><D107/><U116/><E116/><V105/><F100/><W51/><G36/><N who="2" m="13897" /><F105/><W23/><G23/><T127/><D127/><U106/><E106/><V62/><F62/><W48/><G48/><T98/><D98/><U103/><E103/><V91/><F91/><W45/><G101/><T56/><D27/><U52/><E52/><V26/><F26/><W4/><G102/><T93/><D93/><U88/><E32/><V118/><F118/><W16/><G92/><T67/><D67/><U110/><E110/><V59/><F59/><W15/><G94/><T86/><D86/><U133/><E133/><V90/><F90/><W132/><G132/><T46/><D58/><U19/><E88/><V85/><F85/><W80/><G80/><T49/><D49/><U135/><E135/><V13/><F10/><N who="1" m="3625" /><E31/><V87/><F87/><W63/><G81/><T33/><D33/><U17/><E17/><V114/><F114/><W75/><G16/><T89/><D89/><U111/><E111/><V12/><AGARI ba="2,0" hai="12,13,14,41,43,77,78,79" m="13897,47146" machi="12" ten="40,5200,0" yaku="28,2,13,1" doraHai="66" who="2" fromWho="2" sc="228,-15,426,-15,166,58,180,-28" /><INIT seed="4,0,0,4,0,99" ten="213,411,224,152" oya="0" hai0="114,18,86,64,68,56,81,126,58,101,59,55,135" hai1="39,67,28,43,3,82,92,69,129,37,21,15,38" hai2="105,106,32,5,130,11,24,9,8,107,44,20,34" hai3="66,48,118,93,108,116,122,16,128,52,72,36,120"/><T14/><D135/><U46/><E3/><V7/><F130/><W42/><G72/><T31/><D126/><U19/><E129/><V73/><F73/><W45/><G128/><T23/><D114/><U133/><E133/><V103/><F103/><W100/><G108/><T41/><D41/><U95/><E28/><V35/><REACH who="2" step="1"/><F44/><REACH who="2" ten="213,411,214,152" step="2"/><W6/><G116/><T29/><D101/><U117/><E117/><V97/><F97/><N who="3" m="59439" /><G118/><T123/><D123/><N who="3" m="47145" /><G66/><T112/><D112/><U51/><E67/><V115/><F115/><W25/><G6/><T85/><D64/><U87/><REACH who="1" step="1"/><E69/><REACH who="1" ten="213,401,214,152" step="2"/><V110/><F110/><W127/><G127/><T70/><D68/><U65/><E65/><V60/><F60/><W131/><G131/><T47/><D70/><U124/><E124/><V119/><F119/><W61/><G61/><T84/><REACH who="0" step="1"/><D81/><REACH who="0" ten="203,401,214,152" step="2"/><U76/><AGARI ba="0,3" hai="15,19,21,37,38,39,43,46,51,76,82,87,92,95" machi="76" ten="30,2000,0" yaku="1,1,0,1,53,0" doraHai="99" doraHaiUra="134" who="1" fromWho="1" sc="203,-10,401,50,214,-5,152,-5" /><INIT seed="5,0,0,1,0,110" ten="193,451,209,147" oya="1" hai0="27,17,111,104,127,128,62,32,24,89,101,38,1" hai1="92,85,40,114,57,106,51,16,66,117,116,102,30" hai2="15,48,109,132,123,34,58,77,46,25,37,31,80" hai3="52,95,91,112,83,103,35,72,124,78,55,36,63"/><U28/><E106/><V47/><F123/><W99/><G35/><T126/><D38/><U86/><E40/><V120/><F120/><W107/><G36/><T122/><D122/><U105/><E105/><V13/><F109/><W70/><G124/><N who="0" m="47659" /><D111/><U81/><E66/><V90/><F90/><W84/><G112/><T45/><D1/><U113/><E57/><V133/><F58/><W60/><G60/><T82/><D45/><N who="2" m="16906" /><F48/><W14/><REACH who="3" step="1"/><G14/><REACH who="3" ten="193,451,209,137" step="2"/><T74/><D62/><U67/><E51/><V96/><F37/><W118/><G118/><T87/><D32/><U64/><E116/><V20/><F13/><W61/><G61/><T43/><D24/><U26/><E117/><V12/><F34/><W121/><G121/><T21/><D27/><U125/><E125/><V108/><F12/><W79/><G79/><T23/><D23/><N who="1" m="13671" /><E64/><AGARI ba="0,1" hai="52,55,63,64,70,72,78,83,84,91,95,99,103,107" machi="64" ten="40,8000,1" yaku="1,1,24,2,54,1,53,0" doraHai="110" doraHaiUra="41" who="3" fromWho="1" sc="193,0,451,-80,209,0,137,90" /><INIT seed="6,0,0,1,1,110" ten="193,371,209,227" oya="2" hai0="50,119,41,127,47,126,111,89,27,104,55,135,18" hai1="8,53,86,6,33,68,87,117,20,99,116,80,130" hai2="74,40,10,46,13,122,65,39,109,56,28,118,57" hai3="105,123,62,16,11,64,5,58,128,48,77,44,59"/><V45/><F122/><W72/><G123/><T31/><D111/><U114/><E33/><V1/><F118/><W79/><G105/><T37/><D119/><U82/><E68/><V52/><F74/><W107/><G107/><T29/><D135/><U85/><E114/><V102/><F109/><W63/><G128/><T69/><D104/><U23/><E130/><V22/><F1/><W36/><G36/><T0/><D0/><U88/><E99/><V92/><F65/><W3/><G72/><T81/><D69/><U2/><E86/><V91/><F102/><W19/><G77/><T14/><D89/><U24/><E53/><V42/><F22/><W93/><G93/><T17/><D81/><U7/><E7/><V25/><F25/><W66/><G79/><T125/><D27/><U75/><E23/><V100/><F28/><W98/><G98/><T106/><D106/><U133/><E133/><V30/><F30/><W4/><G4/><T51/><D17/><U61/><E61/><V70/><F70/><W54/><AGARI ba="0,0" hai="3,5,11,16,19,44,48,54,58,59,62,63,64,66" machi="54" ten="20,5200,0" yaku="0,1,7,1,9,1,54,1" doraHai="110" who="3" fromWho="3" sc="193,-13,371,-13,209,-26,227,52" /><INIT seed="7,0,0,5,4,84" ten="180,358,183,279" oya="3" hai0="27,53,116,0,50,107,100,97,32,129,26,47,123" hai1="113,85,108,43,109,65,70,114,66,31,67,86,78" hai2="45,54,117,5,64,112,15,57,17,44,99,122,13" hai3="73,56,98,121,101,76,94,79,23,106,81,37,93"/><W8/><G37/><T19/><D116/><U11/><E70/><V87/><F117/><W6/><G121/><T120/><D0/><U39/><E31/><V48/><F112/><N who="1" m="43113" /><E11/><N who="2" m="4335" /><F122/><W58/><G79/><T103/><D129/><U68/><E68/><V88/><F99/><W96/><G23/><T46/><D103/><U83/><E85/><V20/><F64/><W12/><REACH who="3" step="1"/><G106/><REACH who="3" ten="180,358,183,269" step="2"/><T80/><D32/><U21/><E21/><V132/><F132/><W62/><G62/><T133/><D133/><U51/><E39/><V69/><F69/><W38/><G38/><T34/><D34/><U75/><E75/><V72/><F72/><W35/><G35/><T55/><D123/><U71/><E71/><V127/><F127/><W111/><G111/><T25/><D120/><U30/><E30/><V128/><F128/><W125/><G125/><T9/><D9/><U118/><E118/><V131/><F131/><W36/><G36/><T49/><D80/><AGARI ba="0,1" hai="15,17,20,44,45,48,54,57,80,87,88" m="4335" machi="80" ten="30,3900,0" yaku="8,1,52,1,54,1" doraHai="84" who="2" fromWho="0" sc="180,-39,358,0,183,49,269,0" owari="141,-36.0,358,46.0,232,-17.0,269,7.0" /></mjloggm>