<mjloggm ver="2.3"><GO type="169" lobby="0"/><UN n0="%E7%A7%81%E3%81%AF%E3%81%8C%E3%81%A1%E3%81%BB%E3%82%82" n1="%E5%B0%B1%E6%B4%BB%E7%94%9F%40%E5%B7%9D%E6%9D%91%E8%BB%8D%E5%9B%A3" n2="%E7%A2%BA%E8%AA%8D%E4%BA%8B%E9%A0%85" n3="%E3%82%8F%E3%83%BC%E3%81%BF%E3%83%BC" dan="17,18,16,16" rate="2176.05,2265.98,2106.48,2007.59" sx="M,M,M,M"/><TAIKYOKU oya="0"/><INIT seed="0,0,0,2,4,132" ten="250,250,250,250" oya="0" hai0="52,22,75,62,112,116,8,28,60,94,71,125,64" hai1="95,33,104,53,119,32,35,51,0,37,93,47,27" hai2="103,44,88,113,50,96,134,86,105,56,99,9,127" hai3="131,110,25,49,123,128,114,77,124,87,129,102,23"/><T18/><D75/><U97/><E119/><V68/><F68/><W38/><G38/><T135/><D116/><U20/><E0/><V65/><F113/><W54/><G114/><T118/><D118/><U133/><E133/><V13/><F134/><W85/><G110/><T55/><D135/><U120/><E120/><V14/><F99/><W11/><G77/><T10/><D112/><U42/><E104/><V16/><F127/><W100/><G11/><T72/><D72/><U66/><E66/><V84/><F65/><W63/><G63/><T3/><D28/><U45/><REACH who="1" step="1"/><E97/><REACH who="1" ten="250,240,250,250" step="2"/><V74/><F96/><W48/><G123/><T43/><D3/><U83/><E83/><V59/><F105/><W31/><G128/><T19/><D64/><U41/><E41/><V130/><F130/><W89/><G131/><T61/><D43/><U91/><E91/><V29/><F88/><W57/><G129/><T73/><D94/><U117/><E117/><V30/><F103/><W122/><G89/><T106/><D106/><U115/><E115/><V39/><F74/><W7/><G102/><T81/><D73/><U46/><E46/><V67/><F44/><W40/><G100/><T21/><D81/><U76/><E76/><V109/><F67/><W26/><G122/><T111/><D71/><U90/><E90/><V108/><F108/><W34/><G40/><T6/><D111/><U82/><E82/><V4/><F109/><W36/><G36/><T78/><D55/><U70/><E70/><V69/><F69/><W15/><G54/><T121/><D121/><U1/><E1/><RYUUKYOKU ba="0,1" sc="250,-10,240,30,250,-10,250,-10" hai1="20,27,32,33,35,37,42,45,47,51,53,93,95" /><INIT seed="1,1,1,0,3,94" ten="240,270,240,240" oya="1" hai0="70,44,96,98,108,122,28,77,72,130,109,79,95" hai1="68,100,117,54,67,18,134,30,60,82,8,90,23" hai2="1,58,103,83,9,133,59,76,116,80,43,26,51" hai3="66,6,74,88,81,17,61,46,45,127,16,55,48"/><U56/><E117/><V38/><F116/><W110/><G110/><N who="0" m="42603" /><D70/><U33/><E134/><V120/><F120/><W91/><G127/><T124/><D124/><U21/><E8/><V114/><F114/><W131/><G131/><T128/><D122/><U97/><E82/><V78/><F133/><W75/><G6/><T4/><D4/><U19/><E90/><V85/><F38/><W71/><G46/><T36/><D28/><U126/><E126/><V34/><F1/><W118/><G118/><T39/><D95/><U15/><E30/><V0/><F0/><W107/><G107/><T13/><D13/><U2/><E2/><V50/><F34/><W101/><G101/><T35/><D35/><U24/><E33/><V41/><F9/><W47/><G47/><T99/><D39/><U49/><REACH who="1" step="1"/><E100/><REACH who="1" ten="240,260,240,240" step="2"/><V102/><REACH who="2" step="1"/><F85/><REACH who="2" ten="240,260,230,240" step="2"/><W93/><G74/><T125/><D125/><U52/><E52/><V86/><F86/><W27/><G55/><T119/><D119/><U40/><E40/><V53/><F53/><W115/><G75/><T89/><D89/><U92/><E92/><V65/><F65/><W87/><G93/><T25/><D72/><U123/><E123/><V121/><F121/><W20/><G91/><T12/><D128/><U104/><E104/><V22/><F22/><W5/><G20/><T3/><D130/><U32/><E32/><V112/><F112/><W129/><G115/><T31/><D3/><U106/><E106/><V37/><F37/><W14/><G129/><T11/><D36/><U105/><E105/><V73/><F73/><W64/><G88/><RYUUKYOKU ba="1,3" sc="240,-15,260,15,230,15,240,-15" hai1="15,18,19,21,23,24,49,54,56,60,67,68,97" hai2="26,41,43,50,51,58,59,76,78,80,83,102,103" /><INIT seed="1,2,3,4,0,134" ten="225,275,245,225" oya="1" hai0="33,5,41,87,20,21,107,105,24,122,79,38,99" hai1="55,4,128,113,70,47,32,129,14,56,3,27,44" hai2="63,95,35,9,104,126,125,52,71,42,80,133,111" hai3="69,7,123,115,64,25,22,108,36,61,10,53,102"/><U106/><E70/><V103/><F133/><W60/><G115/><T127/><D5/><U89/><E113/><V46/><F111/><W58/><G123/><T88/><D79/><U118/><E118/><V92/><F35/><W77/><G108/><T50/><D38/><U31/><E3/><V86/><F9/><W57/><G36/><T81/><D122/><U73/><E73/><V94/><F104/><W23/><G77/><T76/><D107/><U30/><E30/><V119/><F119/><W101/><G69/><T67/><D67/><U97/><E14/><V8/><F8/><W12/><REACH who="3" step="1"/><G22/><REACH who="3" ten="225,275,245,215" step="2"/><T37/><D37/><U72/><E72/><V62/><F71/><W1/><G1/><T19/><D33/><U13/><E13/><V6/><F103/><W93/><G93/><T131/><D20/><U132/><E132/><V74/><F94/><W117/><G117/><T90/><D76/><U130/><E4/><V121/><F6/><W84/><G84/><T0/><D0/><U40/><E40/><V124/><F74/><W120/><G120/><T100/><D41/><U91/><E91/><N who="2" m="51655" /><F121/><W43/><G43/><T96/><D90/><U16/><E89/><V114/><F114/><W109/><G109/><T59/><D88/><U49/><REACH who="1" step="1"/><E16/><AGARI ba="2,4" hai="7,10,12,16,23,25,53,57,58,60,61,64,101,102" machi="16" ten="30,8000,1" yaku="1,1,7,1,8,1,54,1,53,1" doraHai="134" doraHaiUra="51" who="3" fromWho="1" sc="225,0,275,-86,245,0,215,126" /><INIT seed="2,0,0,1,1,43" ten="225,189,245,341" oya="2" hai0="80,1,53,73,38,46,55,4,70,44,35,103,41" hai1="87,98,109,81,84,124,96,120,104,106,16,123,8" hai2="19,28,0,128,121,9,31,93,85,112,75,117,129" hai3="54,122,69,24,56,134,47,111,58,90,18,126,105"/><V57/><F75/><W135/><G105/><N who="1" m="40554" /><E8/><V118/><F57/><W25/><G122/><N who="1" m="46634" /><E16/><V132/><F93/><W71/><G111/><T7/><D103/><U2/><E2/><V12/><F85/><N who="1" m="32841" /><E109/><V97/><F97/><N who="1" m="37481" /><E81/><V102/><F121/><W21/><G18/><T108/><D35/><U63/><E63/><V34/><F0/><W17/><G17/><T133/><D70/><U39/><E39/><V64/><F9/><W49/><G71/><T127/><D53/><U59/><E59/><V79/><F19/><W22/><G69/><T20/><D20/><U101/><E124/><V95/><F34/><W48/><G126/><T51/><D108/><U45/><E101/><V27/><F102/><W77/><G22/><T36/><D38/><U40/><E40/><V94/><F31/><W26/><G21/><T50/><D51/><U82/><E82/><V10/><F28/><W88/><G24/><T76/><D127/><U91/><E91/><V32/><F27/><W37/><G37/><T72/><D72/><U131/><E45/><V29/><F10/><W100/><G100/><T113/><D7/><U11/><E11/><V30/><F30/><W119/><G58/><T86/><D4/><U52/><E131/><V13/><F128/><W110/><G56/><T5/><D5/><U115/><E115/><V68/><F112/><W65/><G110/><T78/><D1/><U67/><E67/><V3/><F64/><W15/><G65/><T61/><D113/><U62/><E62/><V107/><F129/><W66/><G66/><T130/><D61/><U92/><E92/><RYUUKYOKU ba="0,0" sc="225,-10,189,30,245,-10,341,-10" hai1="52" /><INIT seed="3,1,0,5,1,70" ten="215,219,235,331" oya="3" hai0="0,2,23,100,129,94,20,67,109,103,60,68,88" hai1="131,22,95,107,45,24,30,101,32,92,111,89,3" hai2="96,130,25,54,93,10,105,74,122,44,114,90,6" hai3="56,112,38,9,72,11,12,57,18,34,66,64,36"/><W13/><G72/><T29/><D109/><U26/><E3/><V115/><F130/><W46/><G34/><T37/><D37/><U65/><E111/><V61/><F74/><W62/><G112/><T59/><D129/><U118/><E118/><V73/><F73/><W58/><G46/><T104/><D68/><U117/><E117/><V134/><F134/><W83/><G83/><T63/><D60/><U39/><E65/><V43/><F122/><W19/><G56/><T51/><D51/><U125/><E125/><V110/><F105/><W50/><G50/><T97/><D103/><U27/><E131/><V31/><F110/><W71/><G71/><T35/><D35/><U8/><E8/><V79/><F79/><W119/><G119/><T133/><D133/><U21/><E107/><V47/><F61/><AGARI ba="1,0" hai="9,11,12,13,18,19,36,38,57,58,61,62,64,66" machi="61" ten="40,12000,1" yaku="32,3,52,2" doraHai="70" who="3" fromWho="2" sc="215,0,219,0,235,-123,331,123" /><INIT seed="3,2,0,2,2,67" ten="215,219,112,454" oya="3" hai0="21,87,102,71,37,97,132,6,110,64,2,51,11" hai1="76,38,65,27,44,59,106,114,26,117,92,111,32" hai2="54,20,104,100,36,3,130,17,10,48,95,108,1" hai3="62,77,80,96,7,81,84,55,66,33,25,134,94"/><W42/><G134/><T125/><D110/><U73/><E106/><V135/><F108/><W116/><G116/><T47/><D132/><U49/><E111/><V119/><F135/><W124/><G124/><T9/><D125/><U35/><E38/><V133/><F133/><W0/><G42/><T86/><D37/><U43/><E114/><V120/><F119/><W63/><G80/><T19/><D11/><U12/><E117/><V112/><F112/><W127/><G127/><T89/><D89/><U74/><E12/><V118/><F118/><W52/><G63/><T23/><D23/><U98/><E76/><V8/><F104/><W60/><G60/><T78/><D71/><U105/><E105/><V85/><F36/><W82/><G82/><T13/><D64/><U46/><E46/><V101/><F120/><W39/><G39/><T56/><D56/><U61/><E27/><V113/><F113/><W50/><G50/><T126/><D78/><U45/><E45/><V75/><F75/><W69/><G7/><T24/><D2/><U131/><E131/><V34/><F3/><W93/><G0/><T99/><D126/><U40/><E40/><V4/><F1/><W31/><G93/><N who="0" m="58671" /><D99/><U41/><E41/><AGARI ba="2,0" hai="6,9,13,19,21,24,41,47,51,86,87" m="58671" machi="41" ten="30,1000,0" yaku="8,1" doraHai="67" who="0" fromWho="1" sc="215,16,219,-16,112,0,454,0" /><INIT seed="4,0,0,5,5,116" ten="231,203,112,454" oya="0" hai0="40,131,57,54,23,46,113,72,48,115,73,31,32" hai1="83,134,91,36,27,129,109,28,96,86,87,101,126" hai2="125,30,11,61,111,12,66,78,89,21,50,55,26" hai3="39,35,49,37,95,7,14,90,59,119,63,20,33"/><T45/><D32/><U93/><E109/><V34/><F125/><W133/><G119/><T70/><D131/><U56/><E126/><V127/><F127/><W135/><G49/><T117/><D117/><U103/><E129/><V64/><F111/><W25/><G7/><T41/><D31/><U77/><E36/><V1/><F78/><W2/><G14/><T67/><D23/><U105/><E134/><N who="3" m="51210" /><G2/><T15/><D15/><U53/><E105/><V8/><F89/><W29/><G39/><N who="0" m="21663" /><D73/><U24/><E87/><V88/><F11/><W75/><G37/><N who="0" m="21807" /><D72/><U80/><E80/><V16/><F61/><AGARI ba="0,0" hai="48,54,57,61,67,70,113,115" m="21807,21663" machi="61" ten="30,5800,0" yaku="24,1,34,2" doraHai="116" who="0" fromWho="2" sc="231,58,203,0,112,-58,454,0" /><INIT seed="4,1,0,0,4,42" ten="289,203,54,454" oya="0" hai0="36,56,9,28,114,135,5,67,18,44,60,38,118" hai1="82,80,132,14,30,123,50,15,129,87,48,116,69" hai2="54,115,55,119,120,16,49,102,110,35,99,95,53" hai3="70,63,112,33,39,108,76,77,125,86,89,85,45"/><T66/><D118/><U131/><E123/><V96/><F110/><W23/><G33/><T124/><D28/><U103/><E69/><V20/><F120/><W74/><G74/><T58/><D18/><U6/><E116/><V52/><F119/><W75/><G75/><T126/><D9/><U83/><E132/><V34/><F115/><W41/><G108/><T10/><D10/><U104/><E30/><V51/><F99/><W25/><G125/><N who="0" m="48235" /><D5/><U31/><E31/><V90/><F102/><W122/><G86/><T128/><D114/><U19/><E87/><V71/><F71/><W13/><G25/><T109/><D109/><U134/><E134/><V106/><F106/><W117/><G117/><T37/><D135/><U62/><E62/><V91/><F91/><W47/><G122/><T100/><D100/><U111/><E111/><V92/><F92/><W88/><G112/><T64/><D128/><N who="1" m="49227" /><E6/><V22/><F22/><W2/><G2/><T133/><D133/><U78/><E78/><V3/><F3/><W21/><G21/><T130/><D130/><U98/><E15/><V84/><F96/><W46/><G13/><T127/><D127/><U12/><E14/><V61/><F61/><W4/><G23/><AGARI ba="1,0" hai="12,19,23,48,50,80,82,83,98,103,104" m="49227" machi="23" ten="30,1000,0" yaku="19,1" doraHai="42" who="1" fromWho="3" sc="289,0,203,13,54,0,454,-13" /><INIT seed="5,0,0,0,0,131" ten="289,216,54,441" oya="1" hai0="61,114,129,98,106,92,63,77,86,0,47,14,84" hai1="57,24,93,119,18,49,75,20,120,8,46,102,64" hai2="3,70,110,78,113,69,42,10,68,133,23,54,22" hai3="88,21,71,127,31,25,32,94,37,55,1,53,41"/><U48/><E120/><V62/><F110/><W7/><G127/><T108/><D0/><U118/><E75/><V4/><F113/><W79/><G71/><T6/><D108/><U80/><E80/><V35/><F35/><W121/><G121/><T5/><D106/><U26/><E8/><V111/><F111/><W112/><G112/><T123/><D114/><U28/><E49/><V19/><F42/><W15/><G79/><T97/><D123/><U103/><E57/><V33/><F33/><W74/><G41/><T83/><D129/><U76/><E76/><V51/><F78/><W65/><G65/><T107/><D107/><U132/><E64/><V124/><F124/><W13/><G13/><T9/><D5/><U91/><E118/><V126/><F126/><W115/><G37/><T12/><D14/><U17/><E119/><V45/><F133/><W72/><G72/><T40/><D86/><U50/><E50/><V11/><REACH who="2" step="1"/><F62/><REACH who="2" ten="289,216,44,441" step="2"/><W101/><G101/><T29/><D61/><U85/><E132/><V27/><F27/><W73/><G25/><T130/><D63/><U82/><E26/><V135/><F135/><W87/><G115/><T38/><D130/><U39/><E39/><V105/><F105/><W52/><G32/><T117/><D117/><U44/><E102/><V95/><F95/><W96/><G94/><T89/><D29/><U58/><E103/><V43/><F43/><W66/><G31/><T99/><AGARI ba="0,1" hai="6,9,12,38,40,47,77,83,84,89,92,97,98,99" machi="99" ten="20,1500,0" yaku="0,1,7,1" doraHai="131" who="0" fromWho="0" sc="289,25,216,-7,44,-4,441,-4" /><INIT seed="6,0,0,2,3,36" ten="314,209,40,437" oya="2" hai0="31,18,106,81,73,89,95,122,74,112,108,70,30" hai1="79,87,76,49,86,7,94,129,116,69,25,40,48" hai2="11,102,54,82,115,57,135,126,50,80,107,1,19" hai3="130,28,91,77,29,121,58,85,100,133,16,96,93"/><V132/><F115/><W42/><G121/><T2/><D108/><U17/><E69/><V20/><F126/><W10/><G133/><N who="2" m="51273" /><F102/><W68/><G68/><T72/><D70/><U14/><E129/><V97/><F107/><W53/><G77/><N who="1" m="29770" /><E116/><V117/><F97/><W24/><G130/><T109/><D109/><U110/><E110/><V131/><F117/><W118/><G118/><T134/><D2/><U4/><E25/><N who="2" m="14495" /><F131/><W65/><G96/><T104/><D134/><U59/><E94/><V6/><AGARI ba="0,0" hai="1,6,11,50,54,57,80,82" m="14495,51273" machi="6" ten="30,1500,0" yaku="20,1" doraHai="36" who="2" fromWho="2" sc="314,-5,209,-5,40,15,437,-5" /><INIT seed="6,1,0,4,3,28" ten="309,204,55,432" oya="2" hai0="31,90,50,100,11,126,56,23,44,79,10,107,60" hai1="108,61,33,52,86,19,22,78,45,2,58,18,5" hai2="17,55,35,74,9,37,103,92,117,84,12,99,24" hai3="96,32,67,95,109,127,124,30,101,38,75,89,42"/><V110/><F117/><W70/><G109/><T121/><D121/><U106/><E33/><V47/><F74/><W76/><G70/><T91/><D107/><U133/><E106/><V83/><F110/><W26/><G67/><T54/><D100/><U43/><E108/><V51/><F37/><W85/><G42/><T82/><D126/><U113/><E113/><V93/><F93/><W73/><G38/><T20/><D79/><U21/><E133/><V29/><F84/><W59/><G59/><T69/><D69/><U49/><E5/><V122/><REACH who="2" step="1"/><F83/><REACH who="2" ten="309,204,45,432" step="2"/><N who="3" m="45471" /><G73/><T34/><D82/><N who="1" m="47447" /><E2/><V120/><AGARI ba="1,1" hai="9,12,17,24,29,35,47,51,55,92,99,103,120,122" machi="120" ten="30,11700,0" yaku="1,1,0,1,52,1,53,1" doraHai="28" doraHaiUra="40" who="2" fromWho="2" sc="309,-40,204,-40,45,130,432,-40" /><INIT seed="6,2,0,0,2,18" ten="269,164,175,392" oya="2" hai0="82,8,63,113,115,50,94,122,128,69,40,19,87" hai1="51,90,126,41,9,85,95,81,108,29,84,28,27" hai2="43,83,26,103,71,24,60,93,3,86,107,7,100" hai3="111,89,132,30,130,36,35,4,64,125,1,76,37"/><V88/><F107/><W68/><G111/><T102/><D122/><U70/><E108/><V22/><F43/><W72/><G89/><T10/><D128/><U47/><E70/><V2/><F71/><W124/><G130/><T116/><D116/><U99/><E126/><N who="3" m="48746" /><G132/><T119/><D119/><U123/><E123/><V39/><F39/><W34/><G76/><T67/><D40/><U42/><E9/><V78/><F60/><N who="3" m="39943" /><G72/><T73/><D50/><U135/><E135/><V91/><F91/><W38/><G30/><N who="1" m="11882" /><E27/><V97/><F26/><W121/><G121/><T66/><D73/><U31/><N who="1" m="11890" /><U11/><DORA hai="14" /><E11/><AGARI ba="2,0" hai="1,4,11,34,35,36,37,38" m="39943,48746" machi="11" ten="40,2600,0" yaku="18,1,23,1" doraHai="18,14" who="3" fromWho="1" sc="269,0,164,-32,175,0,392,32" /><INIT seed="7,0,0,5,1,131" ten="269,132,175,424" oya="3" hai0="58,87,38,95,45,47,3,113,114,57,129,112,43" hai1="2,94,8,15,118,46,37,14,40,116,85,123,27" hai2="92,78,132,1,18,103,96,35,64,69,88,73,25" hai3="41,30,105,133,12,28,102,54,101,125,74,104,4"/><W23/><G74/><T98/><D3/><U9/><E123/><V49/><F1/><W10/><G125/><T34/><D34/><U42/><E2/><V107/><F49/><W71/><G71/><T122/><D122/><U76/><E27/><V33/><F18/><W0/><G0/><T36/><D87/><U110/><E110/><V5/><F5/><W109/><G109/><T31/><D31/><U7/><E40/><V62/><F25/><W21/><G41/><N who="0" m="22695" /><D129/><U20/><E20/><V59/><F69/><W89/><G30/><T16/><D16/><U108/><E108/><V19/><F19/><W55/><G28/><T106/><D106/><U39/><E39/><V52/><F64/><W24/><G104/><T51/><D38/><U13/><E76/><V70/><F78/><W120/><G105/><T127/><D127/><U72/><E72/><V60/><F73/><W29/><G120/><T17/><D17/><U50/><E37/><V79/><F79/><W56/><G29/><T128/><D128/><U91/><REACH who="1" step="1"/><E7/><REACH who="1" ten="269,122,175,424" step="2"/><V44/><F33/><W68/><G23/><T77/><D77/><U135/><E135/><V11/><F132/><W22/><G133/><T111/><D111/><U124/><E124/><V86/><F35/><W117/><G22/><T80/><D43/><U82/><E82/><V97/><F11/><AGARI ba="0,1" hai="8,9,11,13,14,15,42,46,50,85,91,94,116,118" machi="11" ten="40,1300,0" yaku="1,1,53,0" doraHai="131" doraHaiUra="66" who="1" fromWho="2" sc="269,0,122,23,175,-13,424,0" owari="269,7.0,145,-35.0,162,-24.0,424,52.0" /></mjloggm>