<mjloggm ver="2.3"><GO type="169" lobby="0"/><UN n0="%E5%B0%B1%E6%B4%BB%E7%94%9F%40%E5%B7%9D%E6%9D%91%E8%BB%8D%E5%9B%A3" n1="%E2%80%A0%E3%81%BE%E3%83%BC%E5%9D%8A%E2%80%A0" n2="%E3%81%AE%E3%81%B3%E3%81%97%E3%82%8D%E2%99%82" n3="%E3%81%8A%E3%81%98%E3%81%95%E3%82%93" dan="18,17,16,16" rate="2210.89,2173.16,2122.47,2118.55" sx="M,M,M,M"/><TAIKYOKU oya="0"/><INIT seed="0,0,0,3,3,67" ten="250,250,250,250" oya="0" hai0="120,66,118,25,98,123,74,68,92,108,70,41,13" hai1="95,54,119,61,117,82,29,83,47,105,59,56,103" hai2="21,6,101,81,0,10,34,65,127,64,100,72,42" hai3="7,89,76,45,113,63,106,69,16,96,128,80,79"/><T132/><D118/><U33/><E105/><V9/><F34/><W78/><G113/><T60/><D74/><U38/><E33/><V86/><F72/><W88/><G7/><T85/><D132/><U62/><E29/><V115/><F127/><W109/><G109/><T15/><D108/><U112/><E112/><V102/><F115/><W73/><G128/><T24/><D85/><U23/><E23/><V44/><F10/><W122/><G122/><T131/><D41/><U39/><E95/><V5/><F5/><W55/><G73/><T97/><D92/><U104/><E103/><V134/><F134/><W130/><G130/><T87/><D87/><U114/><E114/><V93/><F93/><N who="3" m="56359" /><G69/><T18/><D18/><U133/><E104/><V1/><F21/><W35/><G35/><T51/><D66/><U3/><E47/><V32/><F32/><W28/><G28/><T48/><REACH who="0" step="1"/><D60/><REACH who="0" ten="240,250,250,250" step="2"/><U36/><E133/><V116/><F116/><W121/><G106/><T57/><D57/><U111/><E111/><V77/><F65/><W37/><G121/><T124/><D124/><U49/><E61/><V91/><F64/><W40/><G16/><T135/><D135/><U110/><E110/><V11/><F42/><W52/><G63/><T19/><D19/><U46/><E62/><V58/><F86/><N who="3" m="50375" /><G37/><T31/><D31/><U90/><E117/><V27/><F81/><N who="1" m="30729" /><E119/><V22/><F44/><W8/><G8/><T12/><D12/><U107/><E107/><V26/><F9/><W94/><G94/><T2/><D2/><U53/><E3/><V84/><F0/><RYUUKYOKU ba="0,1" sc="240,15,250,-15,250,-15,250,15" hai0="13,15,24,25,48,51,68,70,97,98,120,123,131" hai3="40,45,52,55,76,78,79" /><INIT seed="0,1,1,0,5,91" ten="255,235,235,265" oya="0" hai0="79,88,6,17,74,116,22,121,20,103,46,101,69" hai1="8,34,73,106,107,42,126,29,23,130,11,44,131" hai2="93,12,0,98,39,7,16,85,4,75,1,86,117" hai3="37,124,47,134,3,112,13,56,28,122,15,94,125"/><T92/><D116/><U62/><E73/><V100/><F75/><W24/><G112/><T38/><D121/><U129/><E34/><V114/><F114/><W43/><G3/><T115/><D69/><U133/><E133/><V10/><F117/><W53/><G134/><T52/><D115/><U81/><E126/><N who="3" m="48746" /><G94/><T72/><D6/><U119/><E119/><V77/><F39/><W26/><G122/><T45/><D74/><U18/><E29/><V76/><F4/><W104/><G104/><N who="1" m="39978" /><E62/><V78/><REACH who="2" step="1"/><F0/><REACH who="2" ten="255,235,225,265" step="2"/><W35/><G26/><N who="0" m="14607" /><D38/><N who="1" m="21591" /><E81/><V83/><F83/><W68/><G68/><T36/><D36/><U54/><E54/><V19/><F19/><W60/><AGARI ba="1,2" hai="13,15,24,28,35,37,43,47,53,56,60" m="48746" machi="60" ten="30,1100,0" yaku="18,1" doraHai="91" who="3" fromWho="3" sc="255,-6,235,-4,225,-4,265,34" /><INIT seed="1,0,0,2,4,45" ten="249,231,221,299" oya="1" hai0="72,117,74,55,97,36,80,84,12,90,88,43,128" hai1="105,77,86,114,60,14,126,109,11,134,125,50,94" hai2="16,48,93,70,32,61,68,6,115,34,92,26,0" hai3="101,102,21,42,123,35,38,29,3,64,89,75,22"/><U23/><E105/><V100/><F115/><W95/><G35/><T103/><D117/><U79/><E114/><V9/><F92/><W15/><G3/><T4/><D128/><U67/><E134/><V129/><F129/><W25/><G75/><T5/><D90/><N who="1" m="53591" /><E23/><V99/><F70/><W111/><G123/><T119/><D119/><U28/><E28/><V17/><F48/><W41/><G64/><T121/><D121/><U54/><E109/><V107/><F93/><W7/><G111/><T1/><D1/><U87/><E87/><V116/><F116/><W44/><G42/><T40/><D36/><U112/><E112/><V135/><F135/><W78/><G78/><T76/><D72/><U30/><E30/><N who="2" m="19543" /><F34/><W71/><G71/><T59/><D74/><U110/><E110/><V20/><F20/><W132/><G132/><T24/><D76/><U85/><E85/><V8/><F9/><W127/><G102/><T33/><D33/><U81/><E81/><V82/><F82/><W124/><G101/><T39/><D39/><U46/><E77/><V106/><F107/><W118/><G118/><T133/><D133/><U31/><E79/><V58/><F58/><W120/><G120/><T57/><D103/><U122/><E122/><V56/><F56/><W131/><G131/><T69/><D69/><N who="1" m="42215" /><E31/><V62/><F62/><W53/><G53/><T91/><D97/><U49/><E49/><V13/><F0/><W10/><REACH who="3" step="1"/><G22/><REACH who="3" ten="249,231,221,289" step="2"/><T130/><D130/><U19/><E54/><V63/><F63/><W65/><G65/><AGARI ba="0,1" hai="6,8,13,16,17,61,65,68,99,100,106" m="19543" machi="65" ten="30,2000,0" yaku="25,1,54,1" doraHai="45" who="2" fromWho="3" sc="249,0,231,0,221,30,289,-20" /><INIT seed="2,0,0,5,2,74" ten="249,231,251,269" oya="2" hai0="1,110,123,135,127,69,126,62,11,42,77,14,72" hai1="66,134,32,93,105,95,84,97,22,78,124,75,125" hai2="130,49,41,115,50,31,36,51,120,29,24,79,132" hai3="106,116,114,64,103,26,16,108,91,111,9,19,61"/><V80/><F132/><W27/><G116/><T39/><D123/><U4/><E32/><V112/><F130/><W15/><G114/><T82/><D135/><U90/><E4/><V131/><F131/><W129/><G129/><T101/><D101/><N who="1" m="62639" /><E66/><V56/><F120/><W44/><G91/><T89/><D89/><N who="1" m="53415" /><E22/><V109/><F109/><N who="3" m="42059" /><G103/><T118/><D118/><U60/><E60/><V20/><F31/><W99/><G99/><T119/><D119/><U37/><E37/><V70/><F70/><N who="3" m="42255" /><G106/><T57/><D110/><U117/><E117/><V68/><F68/><W100/><G100/><T86/><D69/><U3/><E3/><V102/><F102/><W21/><G44/><T122/><D122/><U87/><E134/><V55/><F36/><W128/><G128/><T53/><D1/><U34/><E34/><V10/><F10/><W35/><G35/><T23/><D23/><U7/><E7/><V58/><F58/><W73/><G73/><T30/><D72/><U6/><E6/><V17/><F29/><W25/><AGARI ba="0,0" hai="9,15,16,19,21,25,26,27" m="42255,42059" machi="25" ten="30,2000,0" yaku="14,1,54,1" doraHai="74" who="3" fromWho="3" sc="249,-5,231,-5,251,-10,269,20" /><INIT seed="3,0,0,4,5,23" ten="244,226,241,289" oya="3" hai0="43,85,120,74,96,61,33,28,59,129,30,56,41" hai1="29,48,113,84,131,3,126,45,32,91,132,100,54" hai2="34,122,73,44,50,104,130,82,115,65,77,35,11" hai3="47,27,98,83,51,128,90,57,121,102,111,14,15"/><W88/><G121/><T101/><D74/><U17/><E113/><V87/><F130/><W9/><G128/><T39/><D129/><U4/><E131/><V97/><F115/><W95/><G111/><T36/><D120/><U112/><E112/><V38/><F38/><W10/><G57/><T69/><D69/><U78/><E78/><V58/><F122/><W75/><G75/><T86/><D96/><U103/><E126/><V49/><F11/><N who="3" m="4107" /><G27/><T117/><D33/><U70/><E70/><V63/><F73/><W46/><G46/><T2/><D2/><U66/><E66/><V93/><F104/><W7/><G7/><T13/><D13/><N who="3" m="4617" /><G83/><T108/><D108/><U71/><E71/><V119/><F50/><W42/><AGARI ba="0,0" hai="42,47,51,88,90,95,98,102" m="4617,4107" machi="42" ten="30,3000,0" yaku="8,1,54,1" doraHai="23" who="3" fromWho="3" sc="244,-10,226,-10,241,-10,289,30" /><INIT seed="3,1,0,1,4,75" ten="234,216,231,319" oya="3" hai0="105,70,19,9,134,97,129,3,121,32,50,16,112" hai1="27,37,128,58,42,43,14,132,36,55,73,54,45" hai2="4,26,90,115,99,47,100,106,2,130,41,44,51" hai3="131,114,59,49,104,57,88,117,33,34,56,96,25"/><W84/><G114/><T98/><D121/><U13/><E73/><V12/><F130/><W62/><G117/><T118/><D70/><U1/><E1/><V48/><F2/><W5/><G5/><T122/><D32/><U77/><E27/><V40/><F115/><W7/><G7/><T123/><D118/><U91/><E91/><V92/><F26/><W29/><G131/><T102/><D112/><U22/><E22/><V38/><F38/><W81/><G34/><T109/><D109/><U46/><E128/><V0/><F0/><W68/><G49/><T24/><D129/><U66/><E132/><V83/><F83/><W67/><G59/><T39/><D39/><U11/><E77/><V10/><F106/><W20/><G20/><T82/><D134/><U103/><E103/><AGARI ba="1,0" hai="4,10,12,40,41,44,47,48,51,90,92,99,100,103" machi="103" ten="40,2600,0" yaku="9,1,8,1" doraHai="75" who="2" fromWho="1" sc="234,0,216,-29,231,29,319,0" /><AGARI ba="1,0" hai="25,29,33,56,57,62,67,68,81,84,88,96,103,104" machi="103" ten="40,7700,0" yaku="25,2,54,1" doraHai="75" who="3" fromWho="1" sc="234,0,187,-77,260,0,319,77" /><INIT seed="3,2,0,5,4,64" ten="234,110,260,396" oya="3" hai0="125,135,91,32,68,29,34,129,111,60,118,0,124" hai1="48,33,47,67,123,114,78,24,82,104,79,12,126" hai2="107,45,121,7,66,4,23,95,49,109,43,2,81" hai3="41,38,3,44,27,21,87,110,30,113,5,119,74"/><W61/><G113/><T127/><D118/><U83/><E104/><V89/><F109/><W46/><G119/><T17/><D111/><U14/><E114/><V133/><F107/><W130/><G110/><T86/><D129/><U18/><E123/><V88/><F133/><W122/><G122/><T1/><D135/><U65/><E126/><V116/><F116/><W80/><G130/><T25/><D34/><U103/><E103/><V131/><F131/><W115/><G115/><T63/><D17/><U100/><E100/><V55/><F121/><W98/><G98/><T106/><D106/><U20/><E33/><V22/><F66/><W94/><G46/><T72/><D72/><U40/><E12/><V59/><F81/><W105/><G105/><T35/><D35/><U99/><E99/><V16/><F23/><W120/><G120/><T15/><D15/><U9/><E82/><V26/><F2/><W102/><G102/><T112/><D112/><U31/><REACH who="1" step="1"/><E79/><REACH who="1" ten="234,100,260,396" step="2"/><V108/><F108/><W128/><G128/><T8/><D1/><U57/><E57/><V93/><F93/><W96/><G96/><T101/><D101/><U19/><E19/><V28/><F28/><W56/><G94/><T134/><D134/><U97/><E97/><N who="2" m="57575" /><F89/><N who="3" m="51431" /><G3/><T76/><D76/><U39/><E39/><V132/><F132/><W52/><G5/><N who="0" m="1063" /><D68/><U92/><E92/><AGARI ba="2,1" hai="25,29,32,60,63,86,91,92,124,125,127" m="1063" machi="92" ten="30,1000,0" yaku="18,1" doraHai="64" who="0" fromWho="1" sc="234,26,100,-16,260,0,396,0" /><INIT seed="4,0,0,0,2,113" ten="260,84,260,396" oya="0" hai0="119,35,117,6,76,100,17,127,74,116,89,133,80" hai1="122,1,64,123,18,21,14,28,15,124,22,75,44" hai2="68,96,13,33,40,111,114,63,102,104,71,42,108" hai3="84,5,72,103,69,61,51,20,86,47,110,79,50"/><T130/><D35/><U30/><E75/><V27/><F114/><W95/><G110/><T31/><D31/><N who="1" m="11819" /><E64/><N who="2" m="40991" /><F13/><N who="1" m="4617" /><E44/><V52/><F71/><W48/><G5/><T125/><D6/><U77/><E77/><V8/><F8/><W57/><G69/><T0/><D0/><U46/><E46/><V19/><F19/><W9/><G9/><T87/><D130/><U66/><E66/><V24/><F24/><W49/><G20/><N who="1" m="7786" /><E1/><V54/><F42/><N who="3" m="24695" /><G79/><T7/><D7/><U37/><E37/><V26/><F40/><W94/><G72/><T62/><D17/><U16/><E124/><N who="0" m="47689" /><D133/><U82/><E82/><V34/><F104/><W32/><G103/><T58/><D100/><U83/><E83/><V43/><F102/><W67/><G32/><T85/><D89/><U73/><E73/><V91/><F34/><W56/><G56/><T41/><D41/><U45/><E45/><V60/><F43/><W2/><G2/><T93/><D93/><AGARI ba="0,0" hai="49,50,51,57,61,67,84,86,93,94,95" m="24695" machi="93" ten="30,1000,0" yaku="8,1" doraHai="113" who="3" fromWho="0" sc="260,-10,84,0,260,0,396,10" /><INIT seed="5,0,0,5,0,60" ten="250,84,260,406" oya="1" hai0="1,120,77,6,112,73,46,68,41,78,39,63,100" hai1="118,65,115,22,85,70,24,21,124,17,9,31,69" hai2="14,131,84,0,116,32,123,58,12,53,33,66,81" hai3="55,98,106,96,72,105,2,28,54,47,93,132,87"/><U117/><E115/><V59/><F0/><W108/><G72/><T130/><D112/><U11/><E124/><V79/><F123/><W91/><G2/><T133/><D133/><U64/><E85/><V52/><F116/><W86/><G106/><T110/><D110/><U18/><E24/><V30/><F131/><W75/><G75/><T76/><D130/><U7/><E7/><V37/><F37/><W111/><G132/><T82/><D120/><U42/><E42/><V90/><F30/><AGARI ba="0,0" hai="9,11,17,18,21,22,30,31,64,65,69,70,117,118" machi="30" ten="25,9600,0" yaku="22,2,52,2" doraHai="60" who="1" fromWho="2" sc="250,0,84,96,260,-96,406,0" /><INIT seed="5,1,0,1,1,74" ten="250,180,164,406" oya="1" hai0="7,86,126,69,127,62,48,63,90,129,88,6,59" hai1="46,97,60,33,44,40,94,65,122,108,52,70,96" hai2="131,29,9,105,106,26,50,3,51,99,58,119,43" hai3="23,125,20,24,36,19,57,128,2,124,53,113,82"/><U66/><E122/><V11/><F131/><W76/><G36/><T102/><D102/><U41/><E33/><V54/><F119/><W68/><G68/><T135/><D135/><U17/><E108/><V28/><F28/><W116/><G2/><T39/><D39/><N who="1" m="21535" /><E17/><V49/><F43/><W133/><G113/><T89/><D129/><U27/><E27/><V77/><F77/><W101/><G128/><T98/><D98/><U25/><E25/><V71/><F71/><W18/><G133/><T55/><D86/><U115/><E94/><V91/><F106/><W92/><G116/><T42/><D69/><U10/><E10/><V34/><F91/><W14/><G92/><T107/><D107/><U15/><E15/><V117/><F117/><W80/><G101/><T13/><D13/><U67/><E97/><V22/><F34/><W93/><G93/><T110/><D110/><U64/><E96/><V75/><F75/><W8/><G8/><T56/><D7/><U134/><E134/><V21/><F21/><W121/><G121/><T100/><D100/><U16/><E16/><V104/><F104/><W112/><G112/><T123/><D6/><U85/><E85/><V45/><F3/><W37/><G37/><T12/><D12/><U32/><E32/><V109/><F109/><W114/><G114/><T84/><D84/><U72/><E72/><V81/><F81/><W83/><G76/><T47/><D123/><U120/><E120/><V132/><F132/><W5/><G5/><T79/><D79/><U78/><E78/><V130/><F130/><W1/><G1/><RYUUKYOKU ba="1,0" sc="250,15,180,-15,164,-15,406,15" hai0="42,47,48,55,56,59,62,63,88,89,90,126,127" hai3="14,18,19,20,23,24,53,57,80,82,83,124,125" /><INIT seed="6,2,0,4,3,50" ten="265,165,149,421" oya="2" hai0="8,108,129,0,11,83,22,128,103,80,57,69,37" hai1="2,133,84,105,55,48,71,59,125,25,65,87,17" hai2="68,88,110,64,100,114,39,9,89,41,12,97,123" hai3="102,132,10,81,77,49,53,111,90,70,135,36,52"/><V62/><F123/><W40/><G70/><T99/><D69/><U51/><E2/><V74/><F114/><W4/><G111/><T82/><D37/><U43/><E105/><V15/><F74/><N who="3" m="43191" /><G102/><T94/><D108/><U126/><E133/><N who="3" m="51274" /><G90/><T45/><D0/><U7/><E7/><V73/><F73/><W63/><G63/><T121/><D121/><U23/><E71/><V33/><F33/><W58/><G58/><T109/><D109/><U131/><E131/><N who="0" m="50249" /><D45/><N who="1" m="25663" /><E65/><V30/><F30/><W35/><G49/><T104/><D104/><U19/><E19/><V3/><F3/><N who="3" m="287" /><G35/><T112/><D112/><U38/><E38/><V130/><F130/><W107/><G107/><T86/><D86/><U14/><E14/><V13/><F110/><W75/><G75/><T56/><D22/><U47/><E59/><AGARI ba="2,0" hai="8,11,56,57,59,80,82,83,94,99,103" m="50249" machi="59" ten="30,1000,0" yaku="19,1" doraHai="50" who="0" fromWho="1" sc="265,16,165,-16,149,0,421,0" /><INIT seed="7,0,0,3,3,73" ten="281,149,149,421" oya="3" hai0="123,72,120,1,91,10,108,36,102,55,65,58,34" hai1="101,110,116,40,48,38,39,22,42,15,107,19,52" hai2="20,43,47,87,30,115,4,32,37,2,29,128,31" hai3="64,112,62,46,41,25,106,86,74,49,81,105,95"/><W129/><G74/><T3/><D55/><U8/><E110/><V26/><F115/><W104/><G112/><T35/><D91/><U94/><E107/><V88/><F128/><W114/><G114/><T77/><D58/><N who="1" m="33031" /><E38/><V53/><F32/><W44/><G129/><T9/><D9/><U119/><E39/><V11/><F53/><W61/><G95/><AGARI ba="0,0" hai="2,4,11,20,26,29,30,31,37,43,47,87,88,95" machi="95" ten="30,2000,0" yaku="7,1,54,1" doraHai="73" who="2" fromWho="3" sc="281,0,149,0,149,20,421,-20" owari="281,8.0,149,-35.0,169,-23.0,401,50.0" /></mjloggm>