<mjloggm ver="2.3"><GO type="225" lobby="0"/><UN n0="%73%61%72%61%68%31%32%33" n1="%E5%B0%B1%E6%B4%BB%E7%94%9F%40%E5%B7%9D%E6%9D%91%E8%BB%8D%E5%9B%A3" n2="%E2%98%85%E3%83%9F%E3%83%BC%E3%82%B3%E2%98%85" n3="%E6%B4%BE%E9%81%A3%E3%81%AE%E3%82%B8%E3%83%A3%E3%83%83%E3%82%AF" dan="16,17,16,17" rate="2117.84,2198.37,2116.25,2162.36" sx="M,M,F,M"/><TAIKYOKU oya="0"/><INIT seed="0,0,0,4,1,43" ten="250,250,250,250" oya="0" hai0="99,110,73,102,74,130,23,122,25,92,5,6,40" hai1="116,26,37,44,114,111,135,0,39,31,94,57,55" hai2="79,66,124,101,84,48,78,53,127,30,88,86,9" hai3="115,112,131,69,75,91,63,19,128,129,51,119,80"/><T87/><D122/><U121/><E116/><V71/><F101/><W100/><G119/><T24/><D130/><U32/><E121/><V45/><F30/><W62/><G19/><T14/><D40/><U96/><E0/><V3/><F66/><W120/><G120/><T2/><D2/><U35/><E35/><V49/><F71/><W90/><G100/><T97/><D110/><U42/><E111/><V18/><F86/><W117/><G117/><T134/><D134/><U85/><E135/><V113/><F49/><W133/><G133/><T123/><D123/><U56/><E114/><V27/><F113/><N who="3" m="43595" /><G51/><T82/><D97/><U21/><E39/><V46/><F46/><W67/><G63/><T8/><D6/><U28/><E85/><V11/><F27/><W65/><G65/><T13/><D13/><U16/><E55/><V107/><F107/><W7/><G7/><T20/><D24/><U52/><E32/><V77/><F18/><W118/><G118/><T68/><D68/><U60/><E57/><V47/><F47/><W22/><G22/><T64/><D64/><U41/><E41/><V109/><F109/><W33/><G33/><T125/><D125/><N who="2" m="48202" /><F3/><W106/><G106/><T83/><D83/><AGARI ba="0,0" hai="9,11,45,48,53,77,78,79,83,84,88" m="48202" machi="83" ten="30,3900,0" yaku="18,1,52,1,54,1" doraHai="43" who="2" fromWho="0" sc="250,-39,250,0,250,39,250,0" /><INIT seed="1,0,0,4,5,94" ten="211,250,289,250" oya="1" hai0="130,59,65,7,66,124,56,72,18,126,125,82,73" hai1="53,35,58,29,16,3,133,123,17,127,12,24,13" hai2="1,49,63,30,86,119,68,38,79,85,50,0,102" hai3="10,52,6,129,134,5,97,27,45,117,71,31,81"/><U2/><E123/><V121/><F38/><W88/><G71/><T61/><D7/><U43/><E43/><V47/><F119/><W128/><G117/><T44/><D130/><N who="3" m="50281" /><G134/><T109/><D109/><U95/><E133/><V91/><F121/><W87/><G10/><T67/><D18/><U20/><E95/><V131/><F30/><W110/><G110/><T4/><D4/><U62/><REACH who="1" step="1"/><E127/><REACH who="1" ten="211,240,289,250" step="2"/><V77/><F131/><W39/><G97/><T54/><D82/><U101/><E101/><V42/><F102/><W26/><G39/><T34/><D34/><U75/><E75/><N who="0" m="28745" /><D44/><U92/><E92/><V64/><F47/><W120/><G120/><T122/><D122/><U90/><E90/><V36/><F91/><W41/><G41/><T118/><D118/><U116/><E116/><V46/><F46/><W9/><G45/><T99/><D99/><U93/><E93/><V103/><F42/><W70/><G88/><T107/><D107/><U80/><E80/><V21/><F103/><W78/><G81/><T8/><D8/><AGARI ba="0,1" hai="2,3,8,12,13,16,17,20,24,29,35,53,58,62" machi="8" ten="30,11600,0" yaku="1,1,7,1,54,1,53,1" doraHai="94" doraHaiUra="22" who="1" fromWho="0" sc="211,-116,240,126,289,0,250,0" /><INIT seed="1,1,0,4,5,63" ten="95,366,289,250" oya="1" hai0="84,95,111,18,127,110,53,30,88,58,60,54,85" hai1="8,14,41,73,43,128,27,80,22,35,49,67,12" hai2="13,103,66,42,77,72,75,113,102,45,59,20,131" hai3="91,7,126,96,115,34,6,134,21,135,11,24,65"/><U52/><E35/><V70/><F70/><W98/><G115/><T87/><D127/><U69/><E128/><V55/><F131/><W74/><G74/><T109/><D30/><U82/><E69/><V119/><F119/><W33/><G126/><T61/><D18/><N who="1" m="12759" /><E67/><V31/><F113/><W116/><G65/><T120/><REACH who="0" step="1"/><D120/><REACH who="0" ten="85,366,289,250" step="2"/><U81/><E73/><V16/><F31/><N who="3" m="17807" /><G116/><T1/><D1/><U114/><E114/><V37/><F75/><W89/><G7/><T51/><D51/><U97/><E14/><V124/><F124/><W107/><G6/><T5/><D5/><N who="1" m="3087" /><E97/><V133/><F72/><W130/><G96/><T56/><AGARI ba="1,1" hai="53,54,56,58,60,61,84,85,87,88,95,109,110,111" machi="56" ten="40,8000,1" yaku="1,1,0,1,9,1,14,1,54,1,53,0" doraHai="63" doraHaiUra="4" who="0" fromWho="0" sc="85,93,366,-41,289,-21,250,-21" /><INIT seed="2,0,0,3,3,2" ten="178,325,268,229" oya="2" hai0="6,41,104,111,32,107,47,100,65,126,127,49,130" hai1="133,10,12,112,9,30,106,14,7,33,43,82,34" hai2="132,35,31,84,44,115,95,20,23,120,8,36,64" hai3="98,99,79,52,86,92,124,116,54,56,27,67,48"/><V70/><F115/><W129/><G116/><T37/><D32/><U109/><E106/><V15/><F120/><W73/><G73/><T134/><D65/><U117/><E117/><V46/><F132/><W69/><G69/><T68/><D68/><U19/><E43/><V62/><F35/><N who="1" m="13321" /><E82/><V90/><F36/><W45/><G124/><N who="0" m="47659" /><D111/><U80/><E80/><V61/><F61/><W17/><G129/><T39/><D130/><U87/><E87/><V76/><F76/><W102/><G67/><T77/><D77/><U53/><E53/><V4/><REACH who="2" step="1"/><F31/><REACH who="2" ten="178,325,258,229" step="2"/><W81/><G79/><T0/><D134/><U59/><E133/><V105/><F105/><N who="0" m="40522" /><D100/><U91/><E30/><V28/><F28/><W1/><G102/><T55/><D55/><U103/><E103/><V71/><F71/><W89/><G56/><T128/><D128/><U21/><E112/><V122/><F122/><W13/><G54/><T108/><D108/><U131/><E131/><V118/><F118/><W40/><G52/><T75/><D75/><U5/><E109/><V78/><F78/><W11/><G89/><T96/><D96/><U60/><E91/><V97/><F97/><W25/><G98/><T101/><D101/><U113/><E113/><V72/><F72/><W125/><G125/><T93/><D93/><U85/><E85/><V58/><F58/><W29/><G92/><T135/><D135/><U24/><E59/><V18/><F18/><W16/><G99/><T94/><D94/><U50/><E60/><V51/><F51/><W38/><G38/><T88/><D88/><U83/><E50/><RYUUKYOKU ba="0,1" sc="178,10,325,10,258,10,229,-30" hai0="0,6,37,39,41,47,49" hai1="5,7,9,10,12,14,19,21,24,83" hai2="4,8,15,20,23,44,46,62,64,70,84,90,95" /><INIT seed="2,1,1,2,2,30" ten="188,335,268,199" oya="2" hai0="34,80,111,77,7,127,102,26,117,11,67,85,45" hai1="114,91,112,99,6,32,125,124,27,96,126,70,98" hai2="51,25,4,66,15,133,42,41,65,120,107,109,48" hai3="43,81,92,78,47,23,115,93,8,28,110,14,59"/><V10/><F120/><W87/><G110/><T9/><D111/><U22/><E70/><V54/><F107/><W5/><G115/><N who="1" m="44074" /><E6/><V61/><F133/><W121/><G121/><T132/><D132/><U84/><E32/><V1/><F1/><W90/><G59/><T86/><D34/><U40/><E40/><N who="2" m="15467" /><F109/><W50/><G90/><T21/><D127/><U71/><E71/><V130/><F130/><W18/><REACH who="3" step="1"/><G28/><REACH who="3" ten="188,335,268,189" step="2"/><N who="0" m="17487" /><D117/><U69/><E69/><V97/><F66/><W116/><G116/><T119/><D119/><U82/><E99/><V44/><F97/><W24/><AGARI ba="1,2" hai="5,8,14,18,23,24,43,47,50,78,81,87,92,93" machi="24" ten="20,12000,2" yaku="1,1,0,1,7,1,25,2,8,1,53,1" doraHai="30" doraHaiUra="16" who="3" fromWho="3" sc="188,-31,335,-31,268,-61,189,143" /><INIT seed="3,0,0,1,1,114" ten="157,304,207,332" oya="3" hai0="50,128,118,126,94,37,18,129,5,28,1,52,8" hai1="100,101,120,23,74,14,108,107,102,2,135,55,61" hai2="60,29,45,68,54,99,72,79,93,113,12,124,90" hai3="75,63,21,117,134,64,9,59,56,88,127,57,46"/><W111/><G117/><T42/><D28/><U123/><E2/><V17/><F113/><W115/><G115/><T95/><D37/><U132/><E74/><V13/><F124/><W15/><G75/><T20/><D42/><U22/><E108/><V85/><F72/><W91/><G111/><T48/><D126/><U16/><E107/><V69/><F29/><W67/><G46/><T112/><D112/><U81/><E81/><N who="2" m="47295" /><F69/><W3/><G21/><T10/><D10/><U24/><E61/><V30/><F68/><W70/><G134/><N who="1" m="51242" /><E55/><V87/><F30/><AGARI ba="0,0" hai="14,16,22,23,24,30,100,101,102,120,123" m="51242" machi="30" ten="30,2000,0" yaku="20,1,54,1" doraHai="114" who="1" fromWho="2" sc="157,0,304,20,207,-20,332,0" owari="157,-34.0,324,12.0,187,-21.0,332,43.0" /></mjloggm>