<mjloggm ver="2.3"><GO type="225" lobby="0"/><UN n0="%E3%82%A6%E3%83%AB%E3%83%88%E3%83%A9%E7%AB%8B%E7%9B%B4" n1="%E3%82%AA%E3%82%A2%E3%83%AA%E3%83%A0%E3%81%AE%E8%A9%A0%E5%94%B1" n2="%74%61%6B%75%61%6B%61" n3="%E3%81%BF%E3%81%A3%E3%81%A4%E3%81%83%EF%BD%9E" dan="17,16,17,16" rate="2207.25,2156.96,2212.89,2114.52" sx="M,M,M,F"/><TAIKYOKU oya="0"/><INIT seed="0,0,0,1,0,17" ten="250,250,250,250" oya="0" hai0="18,110,100,123,13,0,72,1,85,27,40,64,6" hai1="96,102,124,88,107,46,36,114,71,14,31,65,122" hai2="66,87,135,69,51,57,79,103,116,43,129,73,131" hai3="49,74,80,117,134,130,75,109,28,19,120,132,21"/><T62/><D72/><U133/><E122/><V16/><F73/><W101/><G117/><T89/><D123/><U113/><E133/><N who="3" m="51306" /><G120/><T84/><D110/><U2/><E2/><V118/><F69/><W76/><G75/><T25/><D100/><U77/><E77/><V33/><F33/><W41/><G109/><T105/><D105/><U128/><E128/><N who="2" m="49227" /><F103/><W93/><G130/><T94/><D40/><U98/><E124/><V29/><F29/><W67/><G67/><T8/><D85/><U83/><E31/><V82/><F135/><W90/><G28/><T112/><D0/><U106/><E14/><V47/><F16/><W115/><G101/><T38/><D38/><U12/><E106/><V42/><F42/><W121/><G121/><T50/><D50/><U68/><E102/><V20/><F20/><W37/><G115/><T119/><D112/><U26/><E107/><V78/><F78/><W91/><G37/><T39/><D39/><U24/><E36/><V30/><F30/><W22/><G22/><T86/><D86/><N who="1" m="50271" /><E114/><V52/><F66/><W56/><G41/><T111/><D111/><U59/><E113/><V108/><F108/><W11/><G11/><T58/><D119/><U23/><E68/><V48/><AGARI ba="0,0" hai="43,47,48,51,52,57,79,82,87,116,118" m="49227" machi="48" ten="30,2000,0" yaku="19,1,54,1" doraHai="17" who="2" fromWho="2" sc="250,-10,250,-5,250,20,250,-5" /><INIT seed="1,0,0,5,1,41" ten="240,245,270,245" oya="1" hai0="53,48,107,6,112,85,24,15,101,62,79,54,83" hai1="27,97,55,131,11,110,124,75,56,51,113,68,37" hai2="49,125,1,34,44,36,108,72,117,60,74,46,63" hai3="29,25,33,96,30,134,120,45,10,22,111,123,71"/><U135/><E113/><V92/><F117/><W70/><G111/><T7/><D112/><U121/><E121/><V81/><F36/><W95/><G134/><T114/><D114/><U64/><E75/><V9/><F34/><W127/><G127/><T115/><D115/><U129/><E135/><V26/><F108/><W59/><G10/><T100/><D107/><U94/><E110/><V61/><F125/><W119/><G119/><T132/><D132/><U5/><E124/><V76/><F72/><W58/><G33/><T47/><D24/><U93/><E37/><V16/><F49/><W77/><G77/><T28/><D28/><U21/><E64/><V109/><F109/><W14/><G14/><T42/><D62/><U106/><E68/><V39/><F39/><W103/><G30/><T38/><D38/><U104/><E104/><V50/><F50/><W78/><G78/><T12/><D12/><N who="1" m="5231" /><E106/><V133/><F133/><W52/><G71/><T3/><D3/><U20/><E20/><N who="2" m="13575" /><F1/><W8/><G70/><T105/><D105/><U82/><E82/><V128/><F9/><W65/><G8/><N who="0" m="4503" /><D7/><U66/><E66/><V86/><F128/><N who="1" m="49225" /><E97/><V31/><F31/><AGARI ba="0,0" hai="21,27,31,51,55,56,93,94" m="49225,5231" machi="31" ten="30,1500,0" yaku="19,1" doraHai="41" who="1" fromWho="2" sc="240,0,245,15,270,-15,245,0" /><INIT seed="1,1,0,0,3,43" ten="240,260,255,245" oya="1" hai0="55,4,41,25,2,118,117,33,18,85,54,109,10" hai1="83,30,3,64,93,120,32,108,8,63,38,40,72" hai2="66,124,135,34,56,31,52,23,68,119,44,21,123" hai3="107,121,45,35,16,110,131,97,113,27,103,61,115"/><U5/><E120/><V11/><F123/><W104/><G121/><T80/><D41/><U69/><E93/><V102/><F119/><W73/><G110/><T59/><D109/><U94/><E94/><V39/><F124/><W42/><G131/><T29/><D18/><U106/><E108/><V49/><F102/><W60/><G73/><T70/><D70/><U78/><E106/><V79/><F79/><W89/><G107/><T75/><D75/><U53/><E53/><V91/><F135/><W1/><G1/><T84/><D84/><U76/><E76/><V87/><F11/><W58/><G35/><T99/><D99/><U20/><E20/><V14/><F14/><W127/><G89/><T74/><D74/><U17/><E17/><V57/><F34/><W126/><G113/><T65/><D65/><U9/><E9/><V6/><F6/><W111/><G111/><T24/><D24/><N who="1" m="18503" /><E40/><N who="2" m="22559" /><F57/><W71/><G58/><T128/><D128/><U7/><E7/><V125/><F31/><W77/><G71/><T46/><D55/><U88/><E88/><V37/><F37/><AGARI ba="1,0" hai="3,5,8,37,38,63,64,69,72,78,83" m="18503" machi="37" ten="30,2900,0" yaku="33,2" doraHai="43" who="1" fromWho="2" sc="240,0,260,32,255,-32,245,0" /><INIT seed="1,2,0,0,2,38" ten="240,292,223,245" oya="1" hai0="131,31,34,18,88,32,128,80,99,64,7,6,127" hai1="43,102,44,62,104,56,91,86,126,60,2,114,49" hai2="85,89,4,76,97,120,29,55,117,25,21,73,103" hai3="96,129,106,47,116,39,108,3,59,118,74,90,135"/><U123/><E114/><V51/><F120/><W68/><RYUUKYOKU type="yao9" ba="2,0" sc="240,0,292,0,223,0,245,0" hai3="3,39,47,59,68,74,90,96,106,108,116,118,129,135" /><INIT seed="1,3,0,4,3,29" ten="240,292,223,245" oya="1" hai0="58,110,60,18,87,81,26,57,11,120,73,31,36" hai1="54,95,43,67,135,61,38,106,118,123,78,85,35" hai2="80,65,84,98,69,125,42,52,92,131,70,108,68" hai3="20,100,93,45,28,109,97,8,12,37,77,59,48"/><U113/><E106/><V128/><F108/><W104/><G109/><T132/><D110/><U127/><E113/><V49/><F125/><W32/><G32/><T53/><D36/><U41/><E118/><V55/><F42/><W13/><G37/><T76/><D132/><U115/><E115/><V19/><F65/><W126/><G126/><T10/><D120/><U25/><E123/><V119/><F19/><W40/><G104/><T7/><D18/><U90/><E127/><V112/><F119/><W94/><G77/><T50/><D73/><U21/><E135/><V3/><F3/><W89/><G59/><T122/><D7/><U47/><E43/><V2/><F2/><W5/><G28/><T116/><D116/><U71/><E78/><N who="2" m="46103" /><F49/><W46/><G46/><T34/><REACH who="0" step="1"/><D122/><REACH who="0" ten="230,292,223,245" step="2"/><U96/><E35/><V82/><F112/><W66/><G66/><AGARI ba="3,1" hai="10,11,26,31,34,50,53,57,58,60,66,76,81,87" machi="66" ten="30,8000,1" yaku="1,1,2,1,7,1,52,1,53,1" doraHai="29" doraHaiUra="51" who="0" fromWho="3" sc="230,99,292,0,223,0,245,-89" /><INIT seed="2,0,0,5,3,6" ten="329,292,223,156" oya="2" hai0="106,8,81,13,107,94,96,70,52,125,75,35,103" hai1="100,4,74,85,54,62,132,20,38,16,22,99,92" hai2="129,19,46,72,37,119,49,133,61,32,76,116,0" hai3="79,105,78,135,36,18,55,91,93,51,112,124,64"/><V98/><F37/><W80/><G105/><T30/><D70/><U47/><E74/><V12/><F0/><W130/><G36/><T24/><D125/><U90/><E132/><V108/><F129/><W101/><G130/><T44/><D75/><U27/><E4/><V123/><F123/><W53/><G135/><T68/><D68/><U58/><E22/><V131/><F32/><W21/><G124/><T88/><D81/><U43/><REACH who="1" step="1"/><E85/><REACH who="1" ten="329,282,223,156" step="2"/><V7/><F133/><W56/><G112/><T10/><D35/><U5/><E5/><V50/><F7/><W134/><G134/><T15/><D107/><U86/><E86/><V14/><F72/><W57/><G64/><T9/><D106/><U83/><E83/><V28/><F116/><W66/><G66/><T31/><D24/><U82/><E82/><V25/><F119/><W65/><G65/><T77/><D77/><U73/><E73/><V42/><F25/><W63/><G80/><T60/><D15/><U34/><E34/><V40/><F76/><W29/><G29/><T48/><D13/><U113/><E113/><V69/><F28/><W102/><G79/><T59/><D103/><AGARI ba="0,1" hai="16,20,27,38,43,47,54,58,62,90,92,99,100,103" machi="103" ten="40,8000,1" yaku="1,1,25,2,54,1,53,0" doraHai="6" doraHaiUra="114" who="1" fromWho="0" sc="329,-80,282,90,223,0,156,0" /><INIT seed="3,0,0,1,5,21" ten="249,372,223,156" oya="3" hai0="50,95,7,35,30,53,86,103,127,15,34,33,66" hai1="77,99,123,44,10,112,72,133,41,132,39,116,87" hai2="124,82,9,64,54,118,120,45,122,32,79,25,110" hai3="47,55,70,56,93,22,49,134,57,36,52,117,27"/><W97/><G117/><T125/><D66/><U80/><E112/><V26/><F118/><W42/><G134/><T76/><D30/><U121/><E116/><V68/><F110/><W98/><G70/><T96/><D76/><U38/><E38/><V51/><F124/><N who="0" m="47690" /><D86/><U102/><E87/><N who="2" m="48607" /><F32/><W17/><REACH who="3" step="1"/><G93/><REACH who="3" ten="249,372,223,146" step="2"/><T12/><D7/><U40/><E133/><V126/><F126/><W129/><G129/><T2/><D2/><U23/><E132/><V28/><F28/><W83/><G83/><T46/><AGARI ba="0,1" hai="12,15,33,34,35,46,50,53,95,96,103" m="47690" machi="46" ten="40,1500,0" yaku="18,1" doraHai="21" who="0" fromWho="0" sc="249,25,372,-4,223,-4,146,-7" owari="274,7.0,368,47.0,219,-18.0,139,-36.0" /></mjloggm>