<mjloggm ver="2.3"><GO type="169" lobby="0"/><UN n0="%E3%81%86%E3%81%AA%E3%81%8E" n1="%E3%82%A6%E3%83%AB%E3%83%88%E3%83%A9%E7%AB%8B%E7%9B%B4" n2="%E3%83%AA%E3%83%81%E3%83%A3%21%21" n3="%E4%B8%80%E9%96%83%E3%81%95%E3%82%93" dan="16,18,16,16" rate="2101.16,2199.55,2107.87,2034.24" sx="M,M,M,M"/><TAIKYOKU oya="0"/><INIT seed="0,0,0,5,1,27" ten="250,250,250,250" oya="0" hai0="9,46,21,68,107,10,54,13,114,23,126,51,72" hai1="6,15,38,100,134,99,55,90,91,132,62,96,113" hai2="67,121,58,42,47,109,49,70,117,65,66,86,43" hai3="35,87,79,119,19,116,93,101,29,31,73,1,74"/><T69/><D114/><U129/><E38/><V4/><F4/><W44/><G1/><T118/><D118/><U102/><E62/><N who="2" m="40311" /><F86/><W133/><G44/><T56/><D107/><U63/><E63/><N who="2" m="38135" /><F117/><W78/><G101/><T25/><D72/><U82/><E15/><V110/><F121/><W131/><G93/><T7/><D126/><U60/><E6/><V52/><F66/><W115/><G87/><T11/><D23/><U76/><E82/><V124/><F124/><W18/><G35/><T37/><D68/><U127/><E127/><V97/><F97/><W120/><G120/><T83/><D69/><U104/><E104/><V33/><F33/><W128/><REACH who="3" step="1"/><G133/><REACH who="3" ten="250,250,250,240" step="2"/><T36/><D83/><U16/><E102/><V71/><F71/><W59/><G59/><T89/><D56/><U20/><E100/><V108/><AGARI ba="0,1" hai="42,43,47,49,52,108,109,110" m="38135,40311" machi="108" ten="30,7900,0" yaku="14,1,34,2,54,1" doraHai="27" who="2" fromWho="2" sc="250,-39,250,-20,250,89,240,-20" /><INIT seed="1,0,0,2,2,103" ten="211,230,339,220" oya="1" hai0="90,126,42,84,94,101,68,13,50,76,73,40,59" hai1="36,32,66,30,35,112,110,117,88,53,75,18,116" hai2="95,60,120,119,23,16,6,25,47,102,41,129,31" hai3="57,48,107,111,17,69,27,127,83,62,65,109,98"/><U70/><E112/><V125/><F119/><W1/><G1/><T7/><D68/><U85/><E75/><V4/><F120/><W55/><G127/><T100/><D126/><U5/><E5/><V19/><F129/><W130/><G130/><T122/><D122/><U14/><E110/><N who="3" m="41994" /><G83/><T51/><D76/><U34/><E30/><V33/><F60/><W26/><G17/><N who="2" m="6729" /><F33/><W0/><G0/><T74/><D73/><U29/><E29/><V105/><F105/><W89/><G89/><T108/><D74/><U12/><E12/><V22/><F22/><W39/><G39/><T86/><D108/><U45/><E66/><V28/><F28/><W79/><G79/><T121/><D121/><U8/><E70/><V91/><F102/><AGARI ba="0,0" hai="26,27,48,55,57,62,65,69,98,102,107" m="41994" machi="102" ten="30,2000,0" yaku="14,1,52,1" doraHai="103" who="3" fromWho="2" sc="211,0,230,0,339,-20,220,20" /><INIT seed="2,0,0,5,0,72" ten="211,230,319,240" oya="2" hai0="42,1,37,29,74,57,54,93,78,21,117,39,33" hai1="30,27,87,66,129,108,11,3,125,86,6,116,19" hai2="124,81,89,34,9,52,120,112,135,76,132,46,96" hai3="8,35,49,114,25,64,24,115,28,32,56,43,13"/><V121/><F34/><W98/><G98/><T44/><D33/><U36/><E36/><V17/><F112/><W113/><G64/><T0/><D37/><U68/><E125/><V111/><F124/><W73/><G73/><T48/><D93/><U97/><E108/><V26/><F111/><W103/><G103/><T85/><D74/><U92/><E129/><V18/><F89/><W100/><G100/><T126/><D126/><U75/><E75/><N who="2" m="43167" /><F96/><W67/><G43/><T5/><D5/><U7/><E7/><V59/><F46/><W104/><G104/><T58/><D117/><U12/><E116/><V94/><F94/><W70/><G70/><T61/><D29/><U88/><E66/><V122/><F26/><N who="3" m="10347" /><G28/><T2/><D21/><U23/><REACH who="1" step="1"/><E68/><REACH who="1" ten="211,220,319,240" step="2"/><V106/><F121/><W53/><G67/><T38/><D39/><U20/><AGARI ba="0,1" hai="3,6,11,12,19,20,23,27,30,86,87,88,92,97" machi="20" ten="20,12000,2" yaku="1,1,2,1,0,1,7,1,54,1,53,1" doraHai="72" doraHaiUra="14" who="1" fromWho="1" sc="211,-30,220,130,319,-60,240,-30" /><INIT seed="3,0,0,4,2,80" ten="181,350,259,210" oya="3" hai0="25,40,107,10,42,27,33,66,24,116,1,86,83" hai1="9,125,62,48,129,70,18,84,63,131,17,89,96" hai2="79,132,43,46,118,88,49,28,110,13,38,56,97" hai3="7,99,135,47,55,73,106,8,4,82,30,91,76"/><W120/><G120/><T94/><D107/><U98/><E48/><V68/><F118/><W103/><G135/><T22/><D33/><U34/><E34/><V21/><F68/><W35/><G8/><T15/><D1/><U128/><E125/><V85/><F110/><W72/><G72/><T11/><D66/><N who="1" m="41303" /><E63/><V41/><F132/><W75/><G75/><T113/><D116/><U67/><E67/><V123/><F38/><W16/><G30/><T65/><D65/><U45/><E45/><V26/><F123/><W81/><G35/><T3/><D3/><U0/><E18/><V111/><F111/><W37/><G16/><N who="0" m="10527" /><D113/><U112/><E112/><V100/><F79/><W23/><G23/><T59/><D94/><N who="1" m="54567" /><E17/><V124/><F124/><W51/><REACH who="3" step="1"/><G37/><REACH who="3" ten="181,350,259,200" step="2"/><T52/><D11/><U90/><E9/><V31/><F31/><W19/><G19/><T32/><D10/><U29/><E29/><V58/><F13/><W54/><G54/><T6/><D32/><U20/><E20/><V119/><F43/><W117/><G117/><T2/><D2/><U39/><E39/><V50/><F119/><W115/><G115/><T36/><D36/><U102/><E0/><V78/><F21/><W14/><G14/><T77/><D6/><U60/><E129/><V134/><F134/><W64/><G64/><T71/><D71/><U61/><E131/><V69/><F69/><W122/><G122/><T74/><D74/><U53/><E53/><V130/><F28/><W95/><G95/><T105/><D105/><N who="1" m="63687" /><E128/><V127/><F130/><W126/><G126/><T87/><D42/><RYUUKYOKU ba="0,1" sc="181,-15,350,15,259,-15,200,15" hai1="60,61,90,98" hai3="4,7,47,51,55,73,76,81,82,91,99,103,106" /><INIT seed="3,1,1,3,0,111" ten="166,365,244,215" oya="3" hai0="13,52,21,93,84,128,14,0,16,65,33,68,107" hai1="92,28,22,127,78,36,8,30,131,115,80,77,38" hai2="54,4,9,18,58,42,12,3,135,90,41,123,121" hai3="25,120,11,19,101,32,85,39,76,69,34,100,45"/><W87/><G69/><T1/><D107/><U94/><E22/><N who="2" m="11591" /><F90/><W124/><G120/><N who="2" m="46153" /><F135/><W62/><G62/><AGARI ba="1,1" hai="3,4,9,41,42,54,58,62" m="46153,11591" machi="62" ten="30,1000,0" yaku="13,1" doraHai="111" who="2" fromWho="3" sc="166,0,365,0,244,23,215,-13" /><INIT seed="4,0,0,1,1,130" ten="166,365,267,202" oya="0" hai0="73,52,35,40,77,135,8,110,116,122,18,28,120" hai1="115,129,1,88,61,66,31,119,85,13,123,7,109" hai2="103,14,93,126,69,133,79,3,72,83,0,65,91" hai3="22,27,42,75,111,39,97,4,44,37,46,47,71"/><T16/><D116/><U112/><E123/><V19/><F103/><W29/><G111/><T76/><D110/><U80/><E119/><V127/><F133/><W36/><G71/><T82/><D135/><U104/><E104/><V117/><F117/><W131/><G75/><T121/><D77/><U51/><E31/><V57/><F69/><W98/><G131/><T95/><D40/><U48/><E1/><V59/><F59/><W24/><G4/><T118/><D118/><U30/><E30/><V26/><F26/><W5/><G5/><T41/><D41/><U55/><E55/><V38/><F57/><W62/><G62/><T114/><D114/><U125/><E125/><N who="2" m="47627" /><F65/><W6/><G6/><T45/><D8/><N who="1" m="4255" /><E129/><V21/><F38/><W10/><G10/><T68/><D68/><N who="1" m="42063" /><E109/><V70/><F70/><W94/><G42/><T99/><D28/><U128/><E128/><V50/><F50/><W113/><G113/><T134/><D134/><U32/><E48/><V25/><F14/><W105/><G105/><T96/><D35/><U132/><E51/><V74/><F74/><W43/><G43/><T102/><REACH who="0" step="1"/><D99/><AGARI ba="0,0" hai="0,3,19,21,25,72,79,83,91,93,99" m="47627" machi="99" ten="30,1000,0" yaku="18,1" doraHai="130" who="2" fromWho="0" sc="166,-10,365,0,267,10,202,0" /><INIT seed="5,0,0,5,0,69" ten="156,365,277,202" oya="1" hai0="56,129,85,35,118,44,116,90,61,74,111,12,91" hai1="133,15,7,82,134,73,36,14,110,81,10,132,64" hai2="101,55,113,117,49,45,104,6,63,57,124,9,119" hai3="39,121,103,54,128,41,8,67,93,46,62,26,97"/><U115/><E115/><V96/><F124/><W83/><G121/><T60/><D111/><U66/><E110/><V105/><F105/><W28/><G128/><T89/><D74/><U27/><E27/><V68/><F68/><W126/><G126/><T3/><D3/><U75/><E36/><V21/><F21/><W130/><G130/><T120/><D120/><U79/><E15/><V71/><F71/><W123/><G123/><T53/><D129/><U59/><E59/><V17/><F17/><W2/><G54/><T13/><D35/><U114/><E114/><V37/><F113/><W24/><G83/><T1/><D1/><U25/><E25/><V78/><F78/><AGARI ba="0,0" hai="7,10,14,64,66,73,75,78,79,81,82,132,133,134" machi="78" ten="40,3900,0" yaku="9,1,20,1" doraHai="69" who="1" fromWho="2" sc="156,0,365,39,277,-39,202,0" /><INIT seed="5,1,0,5,5,77" ten="156,404,238,202" oya="1" hai0="65,64,51,30,134,68,102,44,124,15,99,62,90" hai1="74,122,57,86,3,50,49,18,132,128,121,112,85" hai2="101,63,6,46,40,38,58,98,5,52,17,60,119" hai3="88,92,81,116,131,107,75,96,69,126,111,37,7"/><U32/><E32/><V48/><F119/><W108/><G37/><T70/><D134/><U9/><E74/><V23/><F60/><W84/><G69/><T22/><D124/><U14/><E3/><V91/><F91/><W76/><G126/><T127/><D127/><U106/><E106/><V79/><F79/><W114/><G116/><T13/><D90/><U2/><E2/><V16/><F38/><W78/><G7/><T31/><D15/><U20/><E132/><V104/><REACH who="2" step="1"/><F17/><REACH who="2" ten="156,404,228,202" step="2"/><W100/><G131/><T19/><D68/><U135/><E18/><V118/><F118/><W27/><G114/><T72/><D72/><U54/><E112/><V28/><F28/><W80/><REACH who="3" step="1"/><G27/><AGARI ba="1,1" hai="5,6,16,23,27,40,46,48,52,58,63,98,101,104" machi="27" ten="30,7700,0" yaku="1,1,7,1,54,2,53,0" doraHai="77" doraHaiUra="8" who="2" fromWho="3" sc="156,0,404,0,228,90,202,-80" /><INIT seed="6,0,0,5,2,5" ten="156,404,318,122" oya="2" hai0="121,126,87,12,84,24,27,26,82,66,53,34,105" hai1="112,42,40,20,62,134,106,64,133,97,57,74,131" hai2="65,22,116,79,35,25,108,123,4,54,99,38,14" hai3="118,56,10,37,86,52,39,18,3,85,7,67,77"/><V95/><F116/><W11/><G118/><T135/><D121/><U119/><E74/><V73/><F123/><W110/><G110/><T58/><D105/><U68/><E119/><V127/><F35/><W72/><G67/><T19/><D34/><U36/><E112/><V115/><F38/><W55/><G72/><T83/><D126/><U17/><E68/><V30/><F115/><W111/><G111/><T9/><D66/><U102/><E131/><V43/><F43/><W130/><G130/><T103/><D103/><U124/><E124/><V49/><F127/><W50/><G55/><T125/><D125/><U80/><E80/><N who="0" m="30761" /><D135/><N who="1" m="51723" /><E36/><V29/><F65/><W81/><REACH who="3" step="1"/><G86/><REACH who="3" ten="156,404,318,112" step="2"/><T94/><D94/><U70/><E70/><V31/><F73/><W69/><G69/><T122/><D122/><U78/><E64/><V33/><F108/><W104/><G104/><T117/><D117/><U120/><E106/><V45/><F33/><W109/><G109/><T1/><D1/><U41/><E120/><V32/><F32/><W96/><G96/><T100/><D100/><U0/><E97/><V92/><F79/><W76/><G76/><T2/><D2/><U46/><E78/><V44/><F99/><W59/><G59/><T93/><D93/><N who="2" m="35914" /><F45/><W13/><AGARI ba="0,1" hai="3,7,10,11,13,18,37,39,50,52,56,77,81,85" machi="13" ten="30,12000,2" yaku="1,1,0,1,52,2,54,1,53,1" doraHai="5" doraHaiUra="47" who="3" fromWho="3" sc="156,-30,404,-30,318,-60,112,130" /><INIT seed="7,0,0,2,1,115" ten="126,374,258,242" oya="3" hai0="33,126,81,82,20,26,18,93,71,118,29,58,134" hai1="30,122,74,55,59,133,102,27,38,62,83,84,60" hai2="36,125,120,114,117,35,61,57,4,2,78,11,69" hai3="106,1,52,50,127,80,107,51,128,110,130,129,37"/><W101/><G37/><T6/><D71/><U97/><E74/><V49/><F117/><W109/><G1/><T23/><D93/><U116/><E116/><V15/><F36/><W25/><G127/><T66/><D118/><U56/><E133/><V103/><F35/><W16/><G80/><T77/><D134/><U68/><E68/><V121/><F125/><W87/><G87/><T64/><D126/><U96/><E38/><V135/><F135/><W12/><G25/><T53/><D33/><U90/><E102/><V63/><F114/><W10/><G51/><T7/><D77/><U95/><E95/><V40/><F103/><W5/><G5/><T0/><D0/><U13/><E13/><V41/><F78/><W113/><G113/><T76/><D76/><U119/><E119/><V111/><F111/><N who="3" m="42507" /><G101/><T99/><D99/><U124/><E122/><N who="2" m="47211" /><F2/><W67/><G67/><T94/><D94/><U79/><E79/><V54/><F49/><W91/><G91/><T47/><D26/><U72/><E72/><V112/><F112/><W43/><G43/><T108/><D108/><U22/><E124/><V131/><F131/><W70/><G70/><T8/><D8/><U31/><E31/><V73/><F73/><W32/><G32/><T14/><D14/><U88/><E90/><V39/><F39/><W86/><G86/><T132/><D29/><U85/><E84/><V98/><F98/><W75/><G75/><T45/><D132/><U44/><E44/><AGARI ba="0,0" hai="10,12,16,44,50,52,106,107,128,129,130" m="42507" machi="44" ten="40,12000,1" yaku="19,1,10,1,54,2" doraHai="115" who="3" fromWho="1" sc="126,0,374,-120,258,0,242,120" owari="126,-37.0,254,-15.0,258,6.0,362,46.0" /></mjloggm>