<mjloggm ver="2.3"><GO type="169" lobby="0"/><UN n0="%6B%69%79%6F%64%61%69" n1="%E5%B0%B1%E6%B4%BB%E7%94%9F%40%E5%B7%9D%E6%9D%91%E8%BB%8D%E5%9B%A3" n2="%E5%A5%B3%E5%AD%90%E5%8A%9B%E2%98%86%E3%81%94%E3%82%8A%E3%82%89" n3="%E3%81%9D%E3%81%93%E3%81%AF%E3%81%8B%E3%81%A8%E3%81%AA%E3%81%84" dan="17,17,17,16" rate="2223.77,2246.35,2209.60,2105.92" sx="M,M,F,M"/><TAIKYOKU oya="0"/><INIT seed="0,0,0,4,1,58" ten="250,250,250,250" oya="0" hai0="64,42,91,33,5,2,98,56,75,37,36,24,123" hai1="72,43,13,67,100,120,50,103,126,69,40,21,82" hai2="125,130,115,110,129,122,9,127,124,106,62,38,27" hai3="121,46,92,47,94,19,107,116,88,95,57,48,45"/><T111/><D123/><U134/><E120/><V128/><F106/><W81/><G107/><T102/><D75/><U117/><E117/><V63/><F122/><W49/><G116/><T17/><D91/><U35/><E35/><V41/><F110/><W85/><G121/><T109/><D5/><U53/><E126/><V44/><F115/><W96/><G96/><T30/><D2/><U77/><E134/><V52/><F9/><W108/><G108/><N who="0" m="41547" /><D17/><U76/><E76/><V101/><F101/><W68/><G68/><T133/><D133/><U104/><E104/><V114/><F114/><W90/><G90/><T7/><D7/><U70/><E100/><V25/><F52/><N who="3" m="31887" /><G19/><T22/><D42/><AGARI ba="0,0" hai="42,45,46,47,48,81,85,88,92,94,95" m="31887" machi="42" ten="30,3900,0" yaku="8,1,54,2" doraHai="58" who="3" fromWho="0" sc="250,-39,250,0,250,0,250,39" /><INIT seed="1,0,0,0,4,44" ten="211,250,250,289" oya="1" hai0="123,102,71,117,118,4,132,41,127,68,40,25,85" hai1="95,70,30,130,52,103,114,8,119,45,74,110,57" hai2="133,26,96,23,27,15,105,59,107,21,87,0,72" hai3="37,9,112,73,93,106,60,81,129,61,55,19,6"/><U88/><E119/><V58/><F0/><W65/><G106/><T43/><D102/><U35/><E70/><V42/><F72/><W122/><G37/><T111/><D4/><U22/><E114/><V120/><F120/><W10/><G73/><T126/><D85/><U12/><E35/><V54/><F15/><W2/><G81/><T94/><D94/><U50/><E74/><V49/><F133/><W17/><G129/><T80/><D80/><U24/><E130/><V7/><F7/><W36/><G36/><T48/><D25/><U135/><E135/><V11/><F11/><W29/><G29/><T34/><D34/><U33/><E33/><V1/><F1/><W76/><G76/><T39/><D39/><U51/><E103/><V101/><F42/><N who="0" m="16490" /><D132/><U13/><E110/><V82/><F107/><W38/><G93/><T92/><D92/><U5/><E13/><V18/><F87/><W77/><G9/><T121/><D111/><U124/><E124/><N who="0" m="47657" /><D71/><U16/><E5/><V134/><F82/><W125/><G10/><T108/><D68/><U86/><E45/><V67/><F134/><W78/><G6/><T20/><D20/><U131/><E131/><V104/><F104/><W31/><G2/><T62/><D108/><U115/><E115/><V46/><REACH who="2" step="1"/><F67/><REACH who="2" ten="211,250,240,289" step="2"/><W47/><G65/><T75/><D75/><U63/><AGARI ba="0,1" hai="8,12,16,22,24,30,50,51,52,57,63,86,88,95" machi="63" ten="20,24000,3" yaku="0,1,7,1,8,1,52,2,54,3" doraHai="44" who="1" fromWho="1" sc="211,-80,250,250,240,-80,289,-80" /><INIT seed="1,1,0,3,4,105" ten="131,500,160,209" oya="1" hai0="88,100,44,19,34,90,82,11,58,94,104,79,48" hai1="76,13,6,14,113,91,70,78,8,87,67,96,5" hai2="128,40,45,120,23,77,35,39,130,119,37,56,135" hai3="121,66,26,24,107,25,43,4,57,68,81,84,15"/><U60/><E113/><V102/><F35/><W73/><G68/><T122/><D34/><U131/><E131/><N who="2" m="50219" /><F102/><W97/><G73/><T124/><D122/><U85/><E96/><V134/><F77/><W46/><G107/><T129/><D129/><U106/><E106/><V83/><F83/><W80/><G97/><T49/><D124/><U30/><E30/><V41/><F23/><W127/><G127/><T42/><D104/><U123/><E123/><V111/><F120/><W51/><G81/><T126/><D126/><U115/><E115/><V98/><F98/><W89/><G121/><T28/><D28/><U50/><E50/><V55/><F119/><W47/><G47/><T92/><D100/><U54/><E54/><V53/><F111/><W63/><G4/><T36/><D36/><N who="2" m="13898" /><F45/><W132/><G15/><N who="0" m="7679" /><D79/><U21/><E85/><V33/><F33/><W86/><G86/><N who="0" m="50263" /><D90/><U112/><E112/><V10/><F10/><W59/><G89/><T65/><D94/><U95/><E21/><V93/><F93/><W108/><G108/><T75/><D75/><U2/><E2/><V62/><F55/><W103/><G103/><T69/><D92/><U110/><E110/><V9/><F9/><AGARI ba="1,0" hai="5,6,8,9,13,14,60,67,70,76,78,87,91,95" machi="9" ten="40,2000,0" yaku="9,1" doraHai="105" who="1" fromWho="2" sc="131,0,500,23,160,-23,209,0" /><INIT seed="1,2,0,3,2,40" ten="131,523,137,209" oya="1" hai0="134,52,119,8,5,129,131,7,67,74,109,103,97" hai1="89,124,20,75,4,29,94,118,11,123,22,85,61" hai2="107,92,50,10,125,25,127,84,62,98,34,53,104" hai3="135,102,133,32,110,70,30,13,77,54,86,45,47"/><U100/><E118/><V80/><F62/><W14/><G70/><T15/><D74/><U46/><E75/><V112/><F112/><W115/><G115/><T2/><D119/><U95/><E123/><V113/><F113/><W128/><G128/><N who="0" m="49227" /><D67/><U82/><E124/><N who="2" m="47691" /><F10/><W43/><G110/><T108/><D134/><N who="3" m="51209" /><G102/><T114/><D114/><U56/><E46/><N who="3" m="17418" /><G43/><T117/><D117/><U73/><E73/><V90/><F34/><W41/><G41/><T24/><D24/><U57/><E57/><N who="2" m="32951" /><F25/><N who="3" m="18511" /><G54/><T87/><D52/><U44/><E44/><V33/><F33/><W64/><G64/><T48/><D109/><U55/><E100/><AGARI ba="2,0" hai="80,84,90,92,98,100,104,107" m="32951,47691" machi="100" ten="30,1000,0" yaku="18,1" doraHai="40" who="2" fromWho="1" sc="131,0,523,-16,137,16,209,0" /><INIT seed="2,0,0,5,3,55" ten="131,507,153,209" oya="2" hai0="39,104,14,94,69,24,105,56,4,3,11,120,41" hai1="34,17,111,102,135,96,72,93,117,1,131,121,23" hai2="35,19,130,71,76,62,92,119,13,64,68,106,90" hai3="77,122,65,61,12,107,115,100,5,134,88,112,133"/><V22/><F119/><W30/><G77/><T125/><D69/><U8/><E34/><V52/><F106/><W25/><G122/><T78/><D120/><U66/><E72/><V91/><F35/><W49/><G49/><T110/><D110/><U108/><E117/><V2/><F2/><W97/><G12/><T123/><D123/><U53/><E121/><V124/><F124/><W84/><G5/><T47/><D125/><U70/><E131/><V27/><F130/><W89/><G25/><T43/><D43/><U67/><E135/><N who="3" m="51722" /><G30/><T85/><D24/><U37/><E37/><V40/><F40/><W29/><G29/><T57/><D14/><U98/><E98/><V26/><F76/><W75/><G75/><T18/><D18/><U83/><E83/><V6/><F71/><N who="3" m="42415" /><G89/><T127/><D127/><U20/><E20/><V129/><F129/><W82/><AGARI ba="0,0" hai="82,84,88,97,100,107,112,115" m="42415,51722" machi="82" ten="30,2000,0" yaku="20,1,54,1" doraHai="55" who="3" fromWho="3" sc="131,-5,507,-5,153,-10,209,20" /><INIT seed="3,0,0,4,0,22" ten="126,502,143,229" oya="3" hai0="103,30,12,38,95,124,128,100,5,125,29,16,27" hai1="82,48,52,53,40,11,43,112,8,61,49,65,33" hai2="120,99,91,87,59,35,92,63,72,126,98,78,76" hai3="121,56,107,45,108,110,105,42,37,75,118,89,113"/><W44/><G121/><T3/><D38/><U13/><E33/><V1/><F120/><W88/><G113/><T24/><D128/><U83/><E112/><V25/><F1/><W132/><G75/><T10/><D95/><U67/><E61/><V4/><F4/><W36/><G56/><T84/><D84/><U129/><REACH who="1" step="1"/><E13/><REACH who="1" ten="126,492,143,229" step="2"/><V85/><F35/><W102/><G118/><T80/><D80/><U28/><E28/><N who="0" m="10857" /><D103/><U81/><E81/><V50/><F63/><W55/><G102/><T6/><D100/><U106/><E106/><V18/><F126/><N who="0" m="48746" /><D6/><U130/><AGARI ba="0,1" hai="8,11,40,43,48,49,52,53,65,67,82,83,129,130" machi="130" ten="25,8000,1" yaku="1,1,0,1,22,2,54,1,53,0" doraHai="22" doraHaiUra="135" who="1" fromWho="1" sc="126,-20,492,90,143,-20,229,-40" /><INIT seed="4,0,0,4,5,11" ten="106,582,123,189" oya="0" hai0="32,62,112,91,30,18,135,109,94,70,49,15,115" hai1="22,35,34,7,105,1,80,100,10,65,16,86,17" hai2="110,78,72,4,90,33,26,67,45,66,124,83,77" hai3="85,96,0,71,73,108,57,42,6,106,54,48,52"/><T128/><D128/><U27/><E65/><V84/><F110/><W56/><G73/><T125/><D109/><U99/><REACH who="1" step="1"/><E17/><REACH who="1" ten="106,572,123,189" step="2"/><V118/><F67/><W82/><G108/><T111/><D111/><U31/><E31/><V126/><F66/><W133/><G71/><T132/><D30/><U8/><E8/><V117/><F117/><W29/><G29/><T98/><D70/><U46/><E46/><V37/><F118/><W63/><G57/><T21/><D32/><U75/><E75/><V95/><F45/><W9/><G9/><T69/><D69/><U55/><E55/><V14/><F72/><W19/><G52/><T24/><D125/><U92/><E92/><V2/><F95/><W101/><G19/><T41/><D41/><U87/><E87/><V122/><F84/><W40/><G42/><T131/><D131/><U60/><E60/><V58/><F124/><W129/><G63/><T20/><D62/><U12/><E12/><V43/><F14/><W68/><G54/><T113/><D49/><U3/><E3/><V39/><F43/><W79/><G56/><T44/><D44/><U38/><E38/><V28/><F126/><W93/><G40/><T120/><D120/><U36/><E36/><V116/><F122/><W119/><G129/><T102/><D102/><U81/><E81/><V76/><F116/><W103/><G119/><T61/><D61/><U114/><E114/><V74/><F58/><W13/><G68/><T47/><D47/><U134/><E134/><V121/><F121/><W104/><G103/><T5/><D5/><U51/><E51/><RYUUKYOKU ba="0,1" sc="106,15,572,15,123,-15,189,-15" hai0="15,18,20,21,24,91,94,98,112,113,115,132,135" hai1="1,7,10,16,22,27,34,35,80,86,99,100,105" /><INIT seed="4,1,1,5,0,112" ten="121,587,108,174" oya="0" hai0="126,81,19,91,75,31,63,115,120,5,64,132,88" hai1="17,41,80,6,122,135,7,21,59,61,68,38,54" hai2="118,125,92,69,101,114,15,23,1,13,40,84,72" hai3="18,45,30,57,62,79,32,130,43,109,60,104,66"/><T103/><D120/><U9/><E122/><V90/><F1/><W24/><G104/><T35/><D115/><U108/><E108/><V42/><F114/><W53/><G109/><T110/><D110/><U82/><E135/><V124/><F72/><W49/><G130/><T123/><D123/><U105/><E105/><V8/><F69/><W12/><G79/><T67/><D5/><N who="1" m="1547" /><E68/><V14/><F101/><W100/><G100/><T98/><D132/><U121/><E38/><V113/><F113/><W83/><G83/><T37/><D37/><U25/><E121/><V94/><F8/><W129/><G129/><T133/><D133/><U16/><E41/><N who="2" m="15979" /><F23/><W131/><G131/><T22/><D31/><U87/><E87/><V117/><F94/><W4/><G4/><T50/><D35/><U86/><E86/><V48/><F48/><W51/><G66/><N who="0" m="25131" /><D50/><U36/><E36/><V111/><F111/><W96/><G96/><T89/><D63/><U65/><E65/><V74/><F74/><W33/><G33/><T34/><D34/><U93/><E93/><V99/><F99/><W128/><G128/><T77/><D126/><AGARI ba="1,1" hai="13,14,15,84,90,92,117,118,124,125,126" m="15979" machi="126" ten="40,5200,0" yaku="18,1,52,2" doraHai="112" who="2" fromWho="0" sc="121,-55,587,0,108,65,174,0" /><INIT seed="5,0,0,5,0,91" ten="66,587,173,174" oya="1" hai0="124,114,88,112,83,80,47,2,98,123,69,108,21" hai1="31,22,87,135,103,7,104,109,10,84,94,75,81" hai2="15,130,18,99,41,55,64,66,61,95,93,29,6" hai3="19,33,32,131,28,57,97,77,17,5,89,126,79"/><U24/><E109/><V14/><F130/><W106/><G33/><T105/><D69/><U38/><E38/><V132/><F132/><W44/><G32/><T62/><D2/><U26/><E135/><V45/><F29/><W116/><G106/><T119/><D108/><U121/><E121/><V58/><F6/><W73/><G73/><T59/><D123/><U65/><E65/><V96/><F96/><W74/><G74/><T100/><D119/><U12/><E104/><V63/><F63/><W20/><G126/><T46/><D124/><U120/><E120/><V54/><F54/><W115/><G115/><T70/><D70/><U78/><REACH who="1" step="1"/><E24/><REACH who="1" ten="66,577,173,174" step="2"/><V90/><F66/><W11/><G116/><T128/><D114/><U30/><E30/><V4/><F64/><W118/><G28/><T37/><D112/><U102/><E102/><V48/><F4/><W127/><G5/><T111/><D37/><U27/><E27/><V56/><F18/><W76/><G118/><T1/><D111/><U16/><E16/><V101/><REACH who="2" step="1"/><F58/><REACH who="2" ten="66,577,163,174" step="2"/><W53/><G17/><T68/><D128/><U23/><E23/><V92/><F92/><N who="3" m="56463" /><G131/><T50/><D68/><U43/><E43/><V42/><F42/><W85/><G57/><T129/><D129/><U82/><E82/><V113/><F113/><W3/><G20/><T51/><D105/><U34/><E34/><V86/><AGARI ba="0,2" hai="14,15,41,45,48,55,56,61,86,90,93,95,99,101" machi="86" ten="20,16000,3" yaku="1,1,0,1,7,1,8,1,52,2,53,2" doraHai="91" doraHaiUra="8" who="2" fromWho="2" sc="66,-40,577,-80,163,180,174,-40" /><INIT seed="6,0,0,2,4,40" ten="26,497,343,134" oya="2" hai0="86,116,8,126,37,120,12,129,131,27,29,74,57" hai1="75,105,7,132,26,81,123,80,36,31,118,55,43" hai2="50,17,106,72,73,21,58,67,109,45,59,47,16" hai3="20,68,102,107,1,60,35,22,11,121,44,96,134"/><V111/><F106/><W110/><G121/><T90/><D74/><U114/><E105/><V127/><F127/><W103/><G35/><T18/><D37/><U92/><E118/><V2/><F2/><W124/><G103/><T0/><D120/><U133/><E114/><V101/><F101/><W52/><G110/><N who="2" m="41993" /><F67/><W119/><G134/><N who="1" m="51818" /><E123/><V69/><F69/><W63/><G119/><T78/><D78/><U115/><E115/><V10/><F10/><W91/><G91/><T48/><D116/><U99/><E75/><N who="2" m="28747" /><F17/><W128/><G128/><T54/><D126/><U9/><E9/><V113/><F113/><W104/><G104/><T5/><D131/><U70/><E7/><V98/><F98/><W41/><G124/><T108/><D108/><U42/><E70/><V89/><F89/><W94/><G1/><T77/><D77/><U4/><E4/><V53/><F59/><W13/><G107/><T93/><D129/><U125/><E125/><V117/><F117/><W100/><G100/><T65/><D65/><U38/><E31/><V46/><F58/><N who="3" m="34887" /><G63/><T64/><D64/><U84/><E99/><V34/><F34/><W56/><G56/><T97/><D97/><U85/><E26/><AGARI ba="0,0" hai="16,21,26,45,46,47,50,53" m="28747,41993" machi="26" ten="30,12000,1" yaku="10,1,52,3,54,1" doraHai="40" who="2" fromWho="1" sc="26,0,497,-120,343,120,134,0" /><INIT seed="6,1,0,4,0,49" ten="26,377,463,134" oya="2" hai0="12,117,113,96,70,103,102,21,101,13,132,68,84" hai1="130,25,116,98,19,11,41,7,59,24,26,58,62" hai2="104,67,124,78,17,73,118,52,53,91,97,112,105" hai3="1,45,111,20,34,119,95,107,22,3,123,44,6"/><V128/><F118/><W87/><G107/><T92/><D117/><U46/><E116/><V37/><F37/><W69/><G34/><T27/><D113/><U109/><E109/><V86/><F112/><W88/><G69/><T100/><D132/><U126/><E130/><V125/><F128/><W48/><G111/><T38/><D38/><U8/><E126/><N who="2" m="48747" /><F67/><W93/><G123/><T122/><D122/><U79/><E79/><V66/><F66/><W74/><G74/><T5/><D70/><U35/><E35/><V39/><F39/><W85/><G119/><T56/><D68/><U135/><E135/><V9/><F73/><W42/><G6/><T82/><D56/><U80/><E80/><N who="2" m="49607" /><F78/><W115/><G115/><T61/><D61/><U133/><E133/><V121/><F121/><W0/><G3/><T32/><D32/><U28/><E28/><V43/><F43/><W120/><G120/><T114/><D114/><U50/><E98/><V18/><F18/><W40/><G1/><T129/><D129/><U2/><REACH who="1" step="1"/><E62/><REACH who="1" ten="26,367,463,134" step="2"/><V55/><F97/><W77/><G77/><T110/><D110/><U134/><E134/><V15/><AGARI ba="1,1" hai="9,15,17,52,53,55,104,105" m="49607,48747" machi="15" ten="40,12000,1" yaku="18,1,52,3,54,1" doraHai="49" who="2" fromWho="2" sc="26,-41,367,-41,463,133,134,-41" owari="-15,-52.0,326,13.0,596,70.0,93,-31.0" /></mjloggm>