<mjloggm ver="2.3"><GO type="169" lobby="0"/><UN n0="%E3%80%9D%E3%83%A9%E3%83%A0%E3%83%80%E3%83%87%E3%83%AB%E3%82%BF%E3%80%9F" n1="%65%72%61%6E%76%69%74%61" n2="%E3%82%A6%E3%83%AB%E3%83%88%E3%83%A9%E7%AB%8B%E7%9B%B4" n3="%E3%81%99%E3%81%BF%E3%82%84%E3%81%AB" dan="16,16,17,17" rate="2074.68,2103.58,2206.76,2167.01" sx="F,M,M,M"/><TAIKYOKU oya="0"/><INIT seed="0,0,0,3,1,28" ten="250,250,250,250" oya="0" hai0="97,10,45,44,0,3,124,110,5,56,13,126,132" hai1="8,62,99,95,41,119,65,116,133,33,129,86,60" hai2="30,100,53,40,27,67,15,118,48,75,96,107,51" hai3="111,46,76,14,102,61,29,35,42,131,82,18,79"/><T26/><D132/><U113/><E133/><V85/><F75/><W49/><G111/><T87/><D97/><U57/><E113/><V16/><F118/><W106/><G131/><T43/><D56/><U121/><E129/><V130/><F130/><W19/><G102/><T32/><D87/><U54/><E121/><V36/><F67/><W134/><G106/><T7/><D110/><U92/><E41/><V4/><F4/><W12/><G134/><T31/><D5/><U120/><E120/><V52/><F36/><W55/><G35/><T6/><D6/><U84/><E33/><V104/><F104/><W73/><G29/><T108/><D108/><U123/><E123/><V47/><F85/><W20/><G79/><T24/><D24/><U78/><E8/><V1/><F1/><N who="0" m="586" /><D43/><U59/><E78/><V125/><F125/><AGARI ba="0,0" hai="7,10,13,26,31,32,44,45,124,125,126" m="586" machi="125" ten="30,2900,0" yaku="18,1,52,1" doraHai="28" who="0" fromWho="2" sc="250,29,250,0,250,-29,250,0" /><INIT seed="0,1,0,3,1,116" ten="279,250,221,250" oya="0" hai0="28,18,79,133,125,96,54,78,35,124,44,16,50" hai1="65,74,80,63,55,106,22,81,114,83,37,123,13" hai2="71,118,12,77,23,90,100,76,130,112,40,111,128" hai3="45,120,92,70,10,47,58,24,3,132,101,46,87"/><T89/><D133/><U108/><E106/><V75/><F71/><W27/><G70/><T73/><D35/><U129/><E74/><V34/><F34/><W53/><G132/><T110/><D28/><U17/><E37/><V61/><F40/><W103/><G120/><T4/><D4/><U11/><E108/><V69/><F112/><W115/><G115/><T43/><D110/><U64/><E129/><V38/><F38/><W86/><G3/><T105/><D43/><U0/><E0/><V8/><F100/><N who="3" m="38475" /><G10/><T25/><D25/><N who="3" m="9801" /><G92/><N who="0" m="56335" /><D105/><U82/><E11/><V7/><F23/><W97/><G97/><T67/><D67/><U29/><E29/><V93/><F111/><W48/><AGARI ba="1,0" hai="45,46,47,48,53,58,86,87" m="9801,38475" machi="48" ten="30,1100,0" yaku="8,1" doraHai="116" who="3" fromWho="3" sc="279,-6,250,-4,221,-4,250,14" /><INIT seed="1,0,0,0,0,109" ten="273,246,217,264" oya="1" hai0="86,120,44,24,56,130,67,42,50,101,12,85,131" hai1="29,43,92,127,23,19,113,87,35,17,45,21,106" hai2="89,105,14,114,123,26,81,55,122,22,61,95,52" hai3="78,54,76,6,97,59,15,63,2,117,103,4,16"/><U65/><E106/><V132/><F105/><W110/><G110/><T11/><D120/><U60/><E127/><V104/><F104/><W53/><G117/><T73/><D73/><U0/><E0/><V27/><F132/><W75/><G54/><T98/><D24/><U99/><E87/><V10/><F122/><W128/><G128/><N who="0" m="49195" /><D56/><U84/><E84/><V100/><F100/><W48/><G63/><T134/><D67/><U80/><E80/><V40/><F123/><W46/><G46/><T121/><D134/><U79/><E79/><V51/><F81/><W5/><G2/><T58/><D58/><U47/><E35/><V25/><F114/><W20/><REACH who="3" step="1"/><G75/><REACH who="3" ten="273,246,217,254" step="2"/><T34/><D121/><U88/><E45/><V62/><F62/><W83/><G83/><T124/><D124/><U13/><E113/><V77/><F61/><W66/><G66/><T71/><D71/><U3/><E3/><V1/><F1/><W31/><G31/><T118/><D118/><U68/><E47/><V133/><F55/><W90/><G90/><T82/><D82/><U126/><E29/><V41/><F133/><W9/><G9/><T125/><D125/><U94/><E126/><V102/><F22/><W116/><G116/><T74/><D74/><U39/><E43/><V32/><F32/><W70/><G70/><T28/><D34/><U72/><E72/><V18/><F77/><W64/><G64/><T111/><D28/><U96/><E39/><V129/><F129/><W36/><G36/><T108/><D111/><U37/><E37/><V30/><F40/><W112/><G112/><RYUUKYOKU ba="0,1" sc="273,-10,246,-10,217,-10,254,30" hai3="4,5,6,15,16,20,48,53,59,76,78,97,103" /><INIT seed="2,1,1,2,0,111" ten="263,236,207,284" oya="2" hai0="54,8,100,24,55,125,11,44,99,7,15,37,129" hai1="68,17,49,38,102,119,30,25,110,132,40,13,131" hai2="84,65,115,22,45,90,71,76,60,106,0,124,123" hai3="12,74,59,19,79,112,47,43,46,56,121,31,81"/><V23/><F123/><W73/><G121/><T91/><D125/><U77/><E68/><V70/><F70/><W78/><G31/><T6/><D129/><U36/><E102/><V94/><F124/><W103/><G103/><T26/><D91/><U63/><E77/><V95/><F106/><W80/><G112/><T108/><D108/><U53/><E110/><V4/><F115/><W126/><G126/><T51/><D55/><U41/><E119/><V92/><F76/><W57/><REACH who="3" step="1"/><G43/><REACH who="3" ten="263,236,207,274" step="2"/><T21/><D37/><U88/><E38/><V113/><F113/><W16/><G16/><T58/><D44/><U2/><E36/><V39/><F39/><W93/><G93/><N who="0" m="58479" /><D21/><AGARI ba="1,2" hai="12,19,21,46,47,56,57,59,73,74,78,79,80,81" machi="21" ten="40,2600,0" yaku="1,1,9,1,53,0" doraHai="111" doraHaiUra="33" who="3" fromWho="0" sc="263,-29,236,0,207,0,274,49" /><INIT seed="3,0,0,2,1,61" ten="234,236,207,323" oya="3" hai0="0,7,59,20,58,111,54,21,28,103,77,36,116" hai1="86,113,53,127,73,92,57,31,115,124,94,95,87" hai2="29,117,41,118,39,26,101,102,83,37,15,42,19" hai3="105,78,98,110,126,82,17,44,63,112,74,76,8"/><W40/><G112/><N who="1" m="43082" /><E31/><V43/><F83/><W11/><G78/><T80/><D36/><U75/><E53/><V131/><F29/><W46/><G126/><N who="1" m="48170" /><E57/><V13/><F26/><W33/><G33/><T67/><D116/><U134/><E134/><V48/><F48/><W64/><G46/><T109/><D103/><N who="2" m="39434" /><F19/><W121/><G17/><T71/><D71/><U69/><E69/><V56/><F56/><W128/><G44/><T27/><D7/><U135/><E135/><V30/><F30/><W90/><G63/><N who="0" m="38399" /><D0/><U24/><E24/><V79/><F79/><W16/><G76/><T18/><D18/><U93/><N who="1" m="23552" /><DORA hai="38" /><U25/><E25/><V88/><F39/><W5/><G16/><T129/><D129/><U72/><AGARI ba="0,0" hai="72,73,75,86,87" m="23552,48170,43082" machi="72" ten="60,8000,1" yaku="28,2,18,1,34,2" doraHai="61,38" who="1" fromWho="1" sc="234,-20,236,80,207,-20,323,-40" /><INIT seed="4,0,0,3,5,135" ten="214,316,187,283" oya="0" hai0="72,3,60,40,23,61,62,17,58,22,18,14,48" hai1="132,101,9,44,124,118,87,107,42,86,112,99,110" hai2="10,33,36,82,7,77,121,16,117,59,91,54,75" hai3="127,102,57,111,70,125,39,106,53,114,79,64,45"/><T104/><D72/><U92/><E9/><V52/><F121/><W31/><G111/><T78/><D104/><U105/><E44/><V12/><F33/><W116/><G116/><T66/><D78/><U27/><E27/><V15/><F117/><W21/><G79/><T41/><D3/><U83/><E42/><V80/><F36/><W88/><G102/><T134/><D134/><U97/><E118/><V38/><F38/><W123/><G106/><N who="1" m="40458" /><E132/><V13/><F82/><W0/><G0/><T96/><D96/><N who="1" m="59527" /><E110/><V55/><F91/><W29/><G70/><T32/><D32/><U84/><E124/><N who="3" m="47690" /><G64/><T68/><D48/><U133/><E112/><V76/><F76/><W50/><G114/><T43/><REACH who="0" step="1"/><D68/><REACH who="0" ten="204,316,187,283" step="2"/><U30/><E133/><V108/><F108/><W93/><G123/><T81/><D81/><U5/><E5/><V115/><F115/><W25/><G39/><T8/><D8/><U26/><E99/><V28/><F7/><W103/><G103/><T95/><D95/><U24/><E97/><V2/><F2/><W4/><G4/><T46/><D46/><U11/><E11/><V94/><F94/><W126/><G126/><T85/><D85/><U19/><E84/><V71/><F71/><W129/><G45/><T122/><D122/><U73/><E73/><V63/><REACH who="2" step="1"/><F28/><REACH who="2" ten="204,316,177,283" step="2"/><W131/><G31/><T90/><D90/><U49/><E83/><V98/><F98/><AGARI ba="0,2" hai="21,25,29,50,53,57,88,93,98,129,131" m="47690" machi="98" ten="30,8000,1" yaku="18,1,52,3,54,1" doraHai="135" who="3" fromWho="2" sc="204,0,316,0,177,-80,283,100" /><INIT seed="5,0,0,2,3,93" ten="204,316,97,383" oya="1" hai0="9,95,31,65,1,50,107,35,79,131,119,134,92" hai1="16,76,3,70,101,22,45,60,83,102,81,27,20" hai2="125,46,71,123,19,114,103,33,132,130,133,86,4" hai3="40,30,42,106,89,10,12,55,113,34,17,124,72"/><U68/><E3/><V7/><F71/><W57/><G72/><T44/><D119/><U14/><E83/><V38/><F123/><W61/><G106/><T32/><D134/><N who="2" m="51818" /><F33/><W105/><G105/><T18/><D107/><U90/><E90/><V6/><F86/><W56/><G113/><T58/><D131/><U88/><E45/><V25/><F103/><W122/><G122/><T5/><D79/><U53/><E88/><V116/><F46/><W121/><G121/><T64/><D18/><U135/><E135/><V15/><F38/><W0/><G0/><T111/><D111/><U96/><E101/><V77/><F77/><W99/><G124/><T115/><D115/><U41/><E41/><V21/><F114/><W85/><G34/><T49/><D1/><U28/><E53/><V129/><F116/><W117/><G30/><T87/><D44/><U36/><E36/><V128/><F25/><W112/><G112/><T109/><D109/><U13/><E13/><V126/><AGARI ba="0,0" hai="4,6,7,15,19,21,125,126,128,129,130" m="51818" machi="126" ten="50,12000,2" yaku="30,2,19,1,20,1,34,2" doraHai="93" who="2" fromWho="2" sc="204,-30,316,-60,97,120,383,-30" /><INIT seed="6,0,0,1,5,12" ten="174,256,217,353" oya="2" hai0="94,48,135,85,44,74,10,90,24,128,4,34,54" hai1="117,50,103,39,116,13,47,65,102,60,30,19,22" hai2="127,81,28,99,55,83,14,62,89,63,112,107,110" hai3="21,69,9,38,133,49,98,105,66,32,11,126,57"/><V82/><F127/><W75/><G32/><T130/><D74/><U16/><E39/><V0/><F0/><W52/><G75/><T25/><D135/><U36/><E36/><V106/><F112/><W95/><G105/><T100/><D100/><U33/><E33/><V134/><F134/><W132/><G126/><T2/><REACH who="0" step="1"/><D34/><REACH who="0" ten="164,256,217,353" step="2"/><U68/><E103/><V101/><F110/><W42/><G133/><T97/><D97/><U118/><E102/><V23/><F107/><W17/><G132/><T8/><D8/><U72/><E72/><V43/><F89/><W70/><G11/><T40/><D40/><U131/><E131/><AGARI ba="0,1" hai="2,4,10,24,25,44,48,54,85,90,94,128,130,131" machi="131" ten="40,5200,0" yaku="1,1,19,1,53,1" doraHai="12" doraHaiUra="91" who="0" fromWho="1" sc="164,62,256,-52,217,0,353,0" /><INIT seed="7,0,0,0,2,55" ten="226,204,217,353" oya="3" hai0="34,57,0,56,28,41,36,30,117,119,45,132,16" hai1="37,38,9,58,2,8,42,43,101,24,108,129,19" hai2="118,25,97,103,33,22,20,7,72,104,93,66,64" hai3="127,39,70,80,123,114,5,74,84,44,14,86,75"/><W18/><G70/><T124/><D0/><U60/><E108/><V35/><F118/><W15/><G5/><T96/><D132/><U87/><E129/><V120/><F72/><W85/><G80/><T11/><D124/><U115/><E115/><V31/><F120/><W77/><G77/><T112/><D112/><U10/><E101/><V6/><F104/><W17/><G39/><T122/><D122/><U47/><E2/><V106/><F106/><W113/><G84/><T100/><D119/><U4/><E4/><N who="2" m="1579" /><F35/><W27/><G44/><T98/><D117/><U40/><E87/><V102/><F33/><W81/><G27/><T135/><D135/><U65/><REACH who="1" step="1"/><E38/><REACH who="1" ten="226,194,217,353" step="2"/><V48/><F103/><W111/><G86/><T54/><D34/><U63/><E63/><V110/><F110/><W126/><G85/><T134/><D134/><U99/><E99/><V52/><F20/><AGARI ba="0,1" hai="8,9,10,19,20,24,37,40,42,43,47,58,60,65" machi="20" ten="40,2600,0" yaku="1,1,52,1,53,0" doraHai="55" doraHaiUra="94" who="1" fromWho="2" sc="226,0,194,36,217,-26,353,0" owari="226,-17.0,230,3.0,191,-31.0,353,45.0" /></mjloggm>