<mjloggm ver="2.3"><GO type="169" lobby="0"/><UN n0="%E5%B0%B1%E6%B4%BB%E7%94%9F%40%E5%B7%9D%E6%9D%91%E8%BB%8D%E5%9B%A3" n1="%E3%81%86%E3%81%8D%E3%81%A7%E3%82%93" n2="%66%65%65%73" n3="%EF%BC%93%E7%95%AA%EF%BC%A4%EF%BC%A8%E4%BA%95%E7%AB%AF" dan="17,17,17,16" rate="2136.22,2144.33,2150.20,2032.91" sx="M,M,M,M"/><TAIKYOKU oya="0"/><INIT seed="0,0,0,3,1,31" ten="250,250,250,250" oya="0" hai0="20,120,8,66,72,94,37,103,40,126,131,105,85" hai1="104,82,1,110,52,81,2,61,22,102,115,99,21" hai2="18,133,79,69,97,113,6,29,130,93,38,34,100" hai3="35,80,24,96,71,65,5,116,134,112,4,128,124"/><T91/><D120/><U78/><E110/><V83/><F69/><W127/><G116/><T67/><D126/><N who="3" m="48169" /><G112/><T17/><D131/><U11/><E81/><V28/><F38/><W13/><G128/><T123/><D123/><U47/><E115/><V0/><F113/><W57/><G71/><T54/><D72/><U111/><E111/><V59/><F130/><W122/><G122/><T16/><D54/><U92/><E104/><V14/><F0/><W36/><G36/><T63/><D40/><U119/><E119/><V90/><F6/><W135/><G80/><T76/><D37/><U56/><E47/><V88/><F133/><N who="3" m="50699" /><G96/><T84/><D76/><U108/><E108/><V74/><F59/><W118/><G118/><T32/><D85/><U25/><E11/><V46/><F46/><W10/><G57/><T26/><D103/><U129/><E22/><V41/><F41/><W45/><G45/><T98/><D98/><U30/><REACH who="1" step="1"/><E129/><REACH who="1" ten="250,240,250,250" step="2"/><V3/><F83/><W33/><G35/><T121/><D105/><U89/><E89/><V106/><F34/><W49/><G33/><T62/><D32/><U68/><E68/><V107/><F90/><W48/><G10/><T39/><D121/><U43/><E43/><V70/><F70/><W27/><G5/><T109/><D109/><U50/><E50/><V58/><F88/><W60/><G49/><T86/><D39/><U23/><E23/><V51/><F51/><W44/><G48/><T64/><D84/><AGARI ba="0,1" hai="1,2,21,25,30,52,56,61,78,82,84,92,99,102" machi="84" ten="30,3900,0" yaku="1,1,7,1,54,1,53,0" doraHai="31" doraHaiUra="87" who="1" fromWho="0" sc="250,-39,240,49,250,0,250,0" /><INIT seed="1,0,0,4,4,92" ten="211,289,250,250" oya="1" hai0="62,109,6,94,64,132,36,105,127,118,20,61,0" hai1="78,40,59,76,73,44,124,84,38,86,50,100,52" hai2="91,15,119,63,14,99,110,3,133,21,83,135,5" hai3="9,130,19,126,108,129,51,122,107,81,98,24,90"/><U79/><E73/><V101/><F119/><W134/><G122/><T74/><D118/><U114/><E114/><V115/><F115/><W45/><G108/><T67/><D105/><U97/><REACH who="1" step="1"/><E124/><REACH who="1" ten="211,279,250,250" step="2"/><V96/><F110/><W128/><G126/><T12/><D127/><U66/><E66/><V29/><F133/><W13/><G134/><T39/><D74/><U71/><E71/><V23/><F135/><W47/><G130/><T77/><D132/><U93/><AGARI ba="0,1" hai="38,40,44,50,52,59,76,78,79,84,86,93,97,100" machi="93" ten="30,11700,0" yaku="1,1,0,1,52,1,54,1,53,0" doraHai="92" doraHaiUra="60" who="1" fromWho="1" sc="211,-39,279,127,250,-39,250,-39" /><INIT seed="1,1,0,2,1,119" ten="172,406,211,211" oya="1" hai0="56,113,7,32,13,121,96,73,131,42,46,17,84" hai1="134,44,9,127,68,22,79,92,98,74,110,87,26" hai2="132,4,21,6,48,0,24,120,54,61,38,37,50" hai3="19,117,58,114,15,51,97,33,60,100,20,130,11"/><U31/><E74/><V111/><F111/><W8/><G33/><T80/><D113/><U103/><E127/><V62/><F132/><W101/><G114/><T128/><D73/><U124/><E124/><V91/><F91/><W109/><G109/><T5/><D32/><U95/><E68/><V90/><F90/><W71/><G117/><T52/><D96/><U133/><E9/><N who="3" m="3658" /><G71/><T105/><D105/><U70/><E70/><V57/><F0/><W78/><G130/><T14/><D128/><U81/><E110/><V126/><F126/><W65/><G78/><T122/><D7/><N who="2" m="2602" /><F38/><W30/><G97/><T23/><D13/><U94/><REACH who="1" step="1"/><E44/><REACH who="1" ten="172,396,211,211" step="2"/><V67/><F120/><N who="0" m="46186" /><D131/><U129/><E129/><V75/><F75/><W107/><G107/><AGARI ba="1,1" hai="22,26,31,79,81,87,92,94,95,98,103,107,133,134" machi="107" ten="40,2000,0" yaku="1,1,53,0" doraHai="119" doraHaiUra="43" who="1" fromWho="3" sc="172,0,396,33,211,0,211,-23" /><INIT seed="1,2,0,5,0,72" ten="172,429,211,188" oya="1" hai0="126,43,3,105,99,82,73,36,53,61,122,77,65" hai1="4,88,60,108,63,128,25,129,5,104,22,17,59" hai2="96,97,116,44,117,135,121,37,67,78,85,48,23" hai3="41,74,10,87,50,2,107,11,95,101,54,75,31"/><U49/><E104/><V32/><F32/><W106/><G41/><T16/><D126/><U125/><E125/><V123/><F37/><W7/><G31/><T20/><D122/><N who="2" m="46602" /><F67/><W8/><G75/><T112/><D112/><U18/><E17/><V83/><F23/><W51/><G74/><T68/><D3/><U15/><E108/><V33/><F48/><W0/><G0/><T103/><BYE who="3" /><D53/><U6/><E15/><V26/><F44/><W127/><G127/><T113/><D113/><U52/><REACH who="1" step="1"/><E88/><REACH who="1" ten="172,419,211,188" step="2"/><V55/><F117/><W120/><G120/><T93/><D36/><U13/><E13/><V1/><F1/><W38/><G38/><T76/><D43/><UN n3="%EF%BC%93%E7%95%AA%EF%BC%A4%EF%BC%A8%E4%BA%95%E7%AB%AF" /><U109/><E109/><V14/><F14/><W81/><G107/><T56/><D105/><U91/><E91/><V86/><F116/><W100/><G106/><T119/><D119/><U19/><E19/><V98/><F26/><W79/><G2/><T57/><REACH who="0" step="1"/><D76/><REACH who="0" ten="162,419,211,188" step="2"/><U110/><E110/><V27/><F78/><W133/><G79/><T35/><D35/><U47/><E47/><V130/><F33/><W118/><G118/><T134/><D134/><U124/><E124/><V58/><F135/><W28/><G133/><T115/><D115/><U29/><E29/><V45/><F45/><W40/><G28/><T30/><D30/><U34/><E34/><V70/><F130/><AGARI ba="2,2" hai="4,5,6,18,22,25,49,52,59,60,63,128,129,130" machi="130" ten="40,7700,0" yaku="1,1,19,1,54,1,53,0" doraHai="72" doraHaiUra="89" who="1" fromWho="2" sc="162,0,419,103,211,-83,188,0" /><INIT seed="1,3,0,3,4,51" ten="162,522,128,188" oya="1" hai0="1,46,30,39,41,65,19,115,5,99,96,47,87" hai1="112,72,134,95,70,56,85,123,26,4,90,22,55" hai2="14,121,75,25,74,131,79,84,130,110,107,27,29" hai3="78,111,37,36,102,10,13,40,52,63,125,67,34"/><U60/><E123/><V15/><F121/><W2/><G34/><T71/><D115/><U103/><E72/><V18/><F107/><W73/><G2/><T133/><D133/><U68/><E112/><V124/><F84/><W16/><G111/><T20/><D30/><U129/><E129/><N who="2" m="49163" /><F110/><W31/><G125/><T7/><D47/><U86/><E103/><V44/><F44/><W97/><G31/><T127/><D127/><U3/><E85/><V114/><F114/><W59/><G40/><T45/><D45/><U82/><E82/><N who="2" m="45431" /><F75/><W120/><G120/><T0/><D87/><U32/><E32/><N who="2" m="20527" /><F124/><W49/><G78/><T81/><D81/><U108/><E108/><V38/><F38/><W109/><G73/><T50/><D39/><U24/><E26/><V28/><F18/><W118/><G118/><T35/><D35/><AGARI ba="3,0" hai="14,15,27,28,35" m="20527,45431,49163" machi="35" ten="30,1000,0" yaku="19,1" doraHai="51" who="2" fromWho="0" sc="162,-19,522,0,128,19,188,0" /><INIT seed="2,0,0,4,0,97" ten="143,522,147,188" oya="2" hai0="101,73,57,87,61,24,88,69,22,2,112,82,19" hai1="92,59,102,38,67,81,124,105,40,132,0,50,5" hai2="72,16,39,31,75,134,20,118,109,114,32,128,36" hai3="94,121,4,62,70,77,21,98,123,27,42,29,129"/><V53/><F118/><W63/><G129/><T127/><D112/><U13/><E105/><V95/><F114/><W43/><G77/><T133/><D127/><U55/><E0/><V48/><F128/><W8/><G123/><T51/><D133/><U3/><E3/><V135/><F31/><W35/><G35/><T100/><D2/><U80/><E124/><V122/><F32/><W45/><G121/><T15/><D73/><N who="2" m="28234" /><F95/><W37/><G43/><T84/><D69/><U18/><E5/><V99/><F99/><W120/><G70/><T14/><D51/><N who="1" m="31231" /><E67/><V90/><F90/><W52/><G120/><T89/><D15/><U130/><E38/><V12/><F122/><W6/><G52/><N who="0" m="33959" /><D14/><U107/><E107/><V54/><F54/><W115/><G115/><T23/><D23/><N who="1" m="11727" /><E132/><N who="2" m="50731" /><F109/><W83/><G6/><T10/><D10/><U66/><E66/><V113/><F113/><W17/><G4/><T41/><D41/><U65/><E65/><V117/><F117/><W28/><G8/><T44/><D44/><AGARI ba="0,0" hai="12,16,20,36,39,44,48,53" m="50731,28234" machi="44" ten="30,2900,0" yaku="20,1,54,1" doraHai="97" who="2" fromWho="0" sc="143,-29,522,0,147,29,188,0" /><INIT seed="2,1,0,3,2,41" ten="114,522,176,188" oya="2" hai0="26,124,69,113,3,112,103,19,97,110,15,35,84" hai1="7,51,60,58,102,129,47,128,22,85,87,12,131" hai2="45,2,132,34,55,24,81,117,89,28,66,68,114" hai3="127,105,62,72,71,116,119,125,40,83,13,63,1"/><V39/><F117/><W18/><G1/><T54/><D124/><N who="3" m="47689" /><G105/><T25/><D110/><U8/><E22/><V94/><F114/><W88/><G40/><T135/><D135/><U11/><E102/><V67/><F2/><W42/><G42/><T61/><D3/><U30/><E30/><V80/><F39/><W133/><G133/><T44/><D84/><U74/><E11/><V59/><F45/><W4/><G4/><T20/><D69/><U120/><E74/><V101/><F101/><W96/><G72/><T10/><D35/><U70/><E70/><V32/><F32/><W33/><G33/><T82/><D82/><U123/><E51/><V53/><F53/><W50/><G50/><T36/><D26/><U104/><E104/><V75/><F132/><W106/><G106/><T56/><D36/><U90/><E47/><V130/><F130/><W21/><G71/><T100/><D44/><U29/><E29/><V49/><F68/><W98/><G98/><T108/><D108/><U9/><E8/><V14/><F14/><W134/><G134/><T16/><REACH who="0" step="1"/><D103/><REACH who="0" ten="104,522,176,188" step="2"/><U37/><E85/><V99/><F80/><W52/><G83/><T6/><D6/><U126/><E37/><V107/><F81/><W43/><G119/><T38/><D38/><U5/><E7/><V57/><F75/><W46/><G116/><T64/><D64/><N who="2" m="24618" /><F59/><W121/><G43/><T0/><D0/><U17/><E5/><V118/><F118/><W91/><G46/><T111/><D111/><U31/><E126/><V115/><F115/><W78/><G78/><T48/><D48/><RYUUKYOKU ba="1,1" sc="104,15,522,-15,176,15,188,-15" hai0="10,15,16,19,20,25,54,56,61,97,100,112,113" hai2="24,28,34,49,55,57,89,94,99,107" /><INIT seed="2,2,1,4,1,112" ten="119,507,191,173" oya="2" hai0="106,22,79,78,109,6,95,82,49,90,134,125,4" hai1="42,117,81,115,57,41,19,77,12,34,52,68,92" hai2="127,74,111,121,11,33,50,98,103,25,97,32,2" hai3="114,30,76,18,26,89,54,55,38,66,62,104,108"/><V61/><F121/><W37/><G114/><T80/><D106/><U113/><E117/><V116/><F116/><W13/><G108/><T44/><D109/><U21/><E68/><V1/><F111/><W118/><G104/><T105/><D105/><U86/><E115/><V110/><F110/><W102/><G102/><T96/><D125/><U65/><E65/><V94/><F74/><W91/><G118/><T28/><D134/><U45/><E34/><V123/><F123/><W73/><G38/><T46/><D28/><U71/><E71/><V129/><F127/><W119/><G37/><T120/><D120/><U5/><E45/><V27/><F50/><W131/><G131/><T122/><D122/><U93/><E5/><N who="0" m="2153" /><D22/><U67/><E67/><V51/><F51/><W31/><G119/><T128/><D46/><U43/><REACH who="1" step="1"/><E113/><REACH who="1" ten="119,497,191,173" step="2"/><V130/><F130/><W133/><G133/><T101/><D128/><U0/><E0/><V23/><F129/><W20/><G66/><T17/><D17/><U64/><E64/><V135/><F33/><W36/><G18/><T107/><D107/><U124/><E124/><V72/><F32/><W63/><G31/><T14/><D14/><U9/><E9/><V126/><F11/><W83/><G13/><T48/><D44/><U58/><E58/><V40/><F126/><W24/><G30/><T84/><D78/><U7/><E7/><V70/><F70/><W87/><G76/><T3/><D3/><U75/><E75/><V47/><F72/><W59/><G73/><T60/><D79/><U99/><E99/><V132/><F98/><RYUUKYOKU ba="2,2" sc="119,-10,497,30,191,-10,173,-10" hai1="12,19,21,41,42,43,52,57,77,81,86,92,93" /><INIT seed="3,3,2,0,3,90" ten="109,527,181,163" oya="3" hai0="128,92,16,72,40,99,87,131,11,115,108,116,73" hai1="121,97,96,0,12,132,28,104,18,54,1,60,2" hai2="65,120,94,42,5,79,36,114,50,4,57,67,71" hai3="14,93,85,127,29,124,69,41,78,37,122,119,46"/><W123/><G119/><T17/><D116/><U59/><E121/><V82/><F114/><W7/><G69/><T68/><D115/><U13/><E104/><V129/><F120/><W118/><G118/><T8/><D68/><U112/><E112/><V38/><F129/><N who="0" m="49738" /><D40/><U126/><E126/><N who="3" m="48170" /><G29/><T19/><D87/><U51/><E28/><V55/><F67/><W47/><G47/><T25/><D25/><U56/><E13/><V70/><F70/><W22/><G78/><T6/><D108/><U49/><E132/><V95/><F36/><W26/><G14/><N who="0" m="5399" /><D11/><U32/><E32/><V98/><F5/><W23/><G7/><T44/><D44/><U3/><E2/><V83/><F4/><W86/><G122/><T81/><D81/><N who="2" m="30730" /><F79/><W130/><G123/><T77/><D77/><U91/><E91/><AGARI ba="3,2" hai="16,17,19,72,73,91,92,99" m="5399,49738" machi="91" ten="30,3900,0" yaku="19,1,52,1,54,1" doraHai="90" who="0" fromWho="1" sc="109,68,527,-48,181,0,163,0" /><INIT seed="4,0,0,0,3,44" ten="177,479,181,163" oya="0" hai0="128,135,129,85,40,5,90,122,75,64,127,20,132" hai1="71,109,54,123,99,58,84,76,59,130,35,63,8" hai2="118,66,115,102,80,126,88,134,22,67,116,3,72" hai3="50,111,107,56,125,23,9,77,18,79,98,53,131"/><T21/><D122/><U82/><E35/><V114/><F3/><W97/><G111/><T108/><D75/><U95/><E109/><V30/><F102/><W74/><G131/><N who="0" m="50251" /><D108/><U42/><E130/><V0/><F0/><W68/><G68/><T7/><D64/><U94/><E71/><V32/><F32/><W100/><G125/><T78/><D78/><U81/><E42/><V70/><F126/><W43/><G74/><T11/><D40/><U119/><E119/><N who="2" m="45611" /><F134/><N who="0" m="51242" /><D127/><U49/><E99/><V89/><F70/><W57/><G43/><T51/><D51/><U39/><E39/><V62/><F72/><W105/><G98/><T91/><D91/><N who="2" m="34890" /><F80/><W24/><G79/><T121/><D121/><U1/><E81/><V46/><F62/><W93/><G77/><T55/><D55/><U103/><E103/><V120/><F120/><W47/><G105/><T48/><D48/><U37/><E37/><V96/><F96/><W41/><G107/><T29/><D29/><U26/><E49/><V6/><F67/><W12/><REACH who="3" step="1"/><G41/><REACH who="3" ten="177,479,181,153" step="2"/><T28/><D28/><AGARI ba="0,1" hai="9,12,18,23,24,28,47,50,53,56,57,93,97,100" machi="28" ten="30,8000,1" yaku="1,1,2,1,7,1,8,1,52,1,53,0" doraHai="44" doraHaiUra="36" who="3" fromWho="0" sc="177,-80,479,0,181,0,153,90" /><INIT seed="5,0,0,1,4,91" ten="97,479,181,243" oya="1" hai0="133,84,67,22,72,95,103,42,4,49,79,76,120" hai1="56,97,115,81,48,131,88,101,38,63,16,58,15" hai2="62,46,124,106,130,5,132,26,20,123,90,80,60" hai3="37,110,127,51,85,94,128,69,117,0,31,59,118"/><U50/><E38/><V99/><F123/><W27/><G110/><T134/><D67/><U25/><E25/><V105/><F5/><W121/><G121/><T1/><D1/><U119/><E115/><V114/><F114/><W33/><G37/><T29/><D4/><U71/><E71/><V47/><F106/><W8/><G69/><T83/><D29/><U104/><E58/><V44/><F132/><N who="0" m="50794" /><D22/><U75/><E131/><V40/><F40/><W32/><G32/><T57/><D42/><U113/><E119/><V23/><F23/><W55/><G127/><T126/><D49/><U52/><E75/><V43/><F43/><W122/><G128/><T111/><D57/><U3/><E3/><V100/><F124/><W10/><G122/><T96/><D120/><U61/><E50/><V35/><F35/><W54/><G0/><T112/><D112/><U68/><E68/><V129/><F129/><W66/><G66/><T86/><D126/><U36/><E36/><V74/><F130/><W116/><G55/><T73/><D111/><U102/><E101/><V64/><F64/><W12/><G12/><T9/><D9/><U14/><E15/><V70/><F70/><W93/><G10/><T13/><D13/><U39/><E39/><V108/><F108/><W82/><G8/><T41/><D41/><U125/><E113/><V77/><F20/><W18/><G18/><T6/><D6/><U65/><E65/><V92/><F26/><W89/><AGARI ba="0,0" hai="27,31,33,51,54,59,82,85,89,93,94,116,117,118" machi="89" ten="30,7900,0" yaku="0,1,12,1,52,2" doraHai="91" who="3" fromWho="3" sc="97,-20,479,-39,181,-20,243,79" /><INIT seed="6,0,0,0,1,32" ten="77,440,161,322" oya="2" hai0="49,69,47,120,75,108,91,70,134,9,100,99,90" hai1="2,86,44,76,30,78,67,135,71,124,20,130,29" hai2="1,31,112,103,68,131,119,94,66,127,62,25,61" hai3="37,95,111,45,42,6,117,92,132,85,56,18,48"/><V98/><F119/><W64/><G117/><T40/><D120/><U26/><E2/><V17/><F17/><W104/><G104/><T41/><D108/><U46/><E130/><V8/><F131/><W87/><G111/><T24/><D134/><U107/><E107/><V43/><F43/><W126/><G132/><T52/><D75/><U39/><E124/><V125/><F112/><W89/><G126/><N who="2" m="48137" /><F61/><W80/><G6/><T96/><D24/><U114/><E114/><V33/><F8/><W4/><G4/><T116/><D116/><U38/><E67/><V93/><F1/><W16/><G92/><AGARI ba="0,0" hai="25,31,33,62,66,68,92,93,94,98,103" m="48137" machi="92" ten="30,1500,0" yaku="18,1" doraHai="32" who="2" fromWho="3" sc="77,0,440,0,161,15,322,-15" /><INIT seed="6,1,0,4,0,30" ten="77,440,176,307" oya="2" hai0="76,119,52,96,6,54,100,1,73,116,114,75,18" hai1="46,50,19,39,67,134,35,108,129,120,127,123,5" hai2="44,102,15,115,51,63,79,104,118,37,4,88,20" hai3="47,85,57,90,31,135,3,56,16,98,8,74,9"/><V94/><F37/><W110/><G74/><T14/><D6/><U26/><E108/><V68/><F118/><W70/><G70/><T48/><D1/><U32/><E39/><V122/><F122/><W7/><G110/><T33/><D33/><U55/><E129/><V133/><F79/><W89/><G135/><T11/><D114/><U126/><E5/><V95/><F104/><W131/><G131/><T124/><D124/><N who="1" m="47659" /><E67/><V65/><F133/><W45/><G31/><T2/><D2/><U28/><E134/><V66/><F66/><W72/><G72/><T29/><D29/><U59/><E19/><V111/><F115/><W36/><G98/><T38/><D38/><U41/><E35/><V53/><F102/><W82/><G89/><T0/><D0/><U64/><E41/><V121/><F121/><W105/><G105/><T91/><D91/><U130/><E130/><V101/><F101/><W61/><G36/><T84/><D116/><U86/><E86/><V78/><F78/><W60/><G16/><T97/><D119/><U40/><E40/><V22/><F111/><W132/><G132/><T125/><D125/><U106/><E106/><V92/><F88/><W81/><G81/><N who="0" m="47143" /><D54/><U49/><E50/><V23/><REACH who="2" step="1"/><F4/><REACH who="2" ten="77,440,166,307" step="2"/><W71/><G7/><T42/><D100/><U13/><E64/><V77/><F77/><W113/><G113/><T17/><D75/><U117/><E117/><V83/><F83/><W43/><G3/><T12/><D73/><U58/><E123/><V27/><F27/><W99/><G90/><T103/><D103/><U107/><E107/><RYUUKYOKU ba="1,1" sc="77,-10,440,-10,166,30,307,-10" hai2="15,20,22,23,44,51,53,63,65,68,92,94,95" /><INIT seed="6,2,1,3,0,132" ten="67,430,196,297" oya="2" hai0="98,111,52,82,116,58,17,20,5,60,48,107,103" hai1="61,10,117,18,126,89,11,102,110,72,64,135,109" hai2="130,36,30,56,51,1,13,134,45,53,74,96,101" hai3="70,95,68,14,47,24,90,99,122,78,104,27,75"/><V16/><F1/><W91/><G122/><T105/><D111/><U73/><E102/><V77/><F134/><W43/><G104/><T57/><D116/><U76/><E117/><V21/><F30/><W32/><G78/><T3/><D105/><U120/><E135/><V50/><F36/><W97/><G75/><T19/><D82/><U118/><E118/><V0/><F0/><W29/><G14/><T69/><D69/><U119/><E119/><V131/><F77/><W86/><G27/><T65/><REACH who="0" step="1"/><D20/><REACH who="0" ten="57,430,196,297" step="2"/><U66/><E109/><V25/><F131/><W94/><G70/><T59/><D59/><U87/><E110/><V84/><F130/><W55/><G68/><T40/><D40/><U133/><E133/><V62/><F74/><W128/><G128/><T35/><D35/><U112/><E72/><V85/><F56/><W92/><G43/><T37/><D37/><U81/><E81/><V80/><F80/><W100/><G47/><T63/><D63/><U39/><E61/><V124/><F62/><W127/><G32/><T38/><D38/><U129/><E39/><V121/><F21/><W123/><G123/><T8/><AGARI ba="2,2" hai="3,5,8,17,19,48,52,57,58,60,65,98,103,107" machi="8" ten="30,7900,0" yaku="1,1,0,1,54,1,53,1" doraHai="132" doraHaiUra="7" who="0" fromWho="0" sc="57,105,430,-22,196,-41,297,-22" /><INIT seed="7,0,0,5,4,67" ten="162,408,155,275" oya="3" hai0="102,114,106,29,75,7,11,2,26,0,22,132,82" hai1="113,17,86,53,104,46,12,14,103,65,92,123,31" hai2="81,19,49,112,71,127,101,4,13,5,27,76,85" hai3="135,62,89,116,70,9,36,51,88,133,73,37,68"/><W124/><G116/><T34/><D132/><N who="3" m="50761" /><G124/><T25/><D114/><U117/><E113/><V80/><F112/><W126/><G126/><T38/><D38/><N who="3" m="14953" /><G73/><T122/><D122/><U32/><E123/><V44/><F71/><N who="3" m="27179" /><G62/><T72/><D82/><U63/><E63/><V130/><F127/><W40/><G9/><T28/><D75/><U109/><E117/><V23/><F101/><W74/><G74/><T95/><D72/><U30/><E103/><V98/><F98/><W24/><G24/><T16/><D106/><U77/><E104/><V121/><F121/><W110/><G110/><T118/><D118/><U35/><E109/><V52/><F130/><W66/><G66/><T120/><D120/><U79/><E65/><V69/><F69/><W97/><G97/><T84/><D102/><U87/><E86/><N who="2" m="48391" /><F27/><W8/><G8/><T99/><D99/><U96/><E87/><V56/><F56/><W108/><G108/><T21/><D84/><U91/><E96/><V115/><F115/><W45/><AGARI ba="0,0" hai="40,45,51,88,89" m="27179,14953,50761" machi="45" ten="40,12000,1" yaku="20,1,52,3,54,1" doraHai="67" who="3" fromWho="3" sc="162,-40,408,-40,155,-40,275,120" owari="122,-28.0,368,17.0,115,-38.0,395,49.0" /></mjloggm>