<mjloggm ver="2.3"><GO type="169" lobby="0"/><UN n0="%E3%81%B3%E3%81%A3%E3%81%8F%E3%82%8B" n1="%E3%82%A8%E3%83%83%E3%83%95%E3%82%A7%E3%83%AB%E5%A1%94" n2="%E3%82%A6%E3%83%AB%E3%83%88%E3%83%A9%E7%AB%8B%E7%9B%B4" n3="%70%6F%6E%5F%6B%61%73%75" dan="17,17,18,16" rate="2169.93,2132.65,2216.31,2119.36" sx="F,M,M,M"/><TAIKYOKU oya="0"/><INIT seed="0,0,0,4,4,119" ten="250,250,250,250" oya="0" hai0="111,118,65,71,25,49,0,131,100,106,33,7,56" hai1="46,83,105,134,16,88,123,114,126,82,128,20,50" hai2="23,37,124,132,98,63,40,120,34,35,89,2,13" hai3="64,58,92,104,75,62,70,81,127,79,99,109,97"/><T67/><D118/><U15/><E105/><V9/><F40/><W45/><G109/><T30/><D131/><U10/><E128/><V129/><F37/><W60/><G127/><T72/><D72/><U93/><E126/><V76/><F76/><W39/><G104/><T28/><D7/><U59/><E134/><V116/><F63/><W11/><G11/><T26/><D0/><U8/><E114/><V1/><F89/><W53/><G92/><T55/><D111/><U73/><E123/><V121/><F98/><W96/><G45/><T48/><D71/><U102/><E102/><V51/><F51/><W57/><REACH who="3" step="1"/><G39/><REACH who="3" ten="250,250,250,240" step="2"/><T135/><D135/><U74/><E74/><V108/><F124/><W19/><G19/><T86/><D106/><U36/><E36/><V32/><F129/><W78/><G78/><T91/><D100/><U4/><E73/><V101/><F101/><W27/><G27/><T66/><D26/><N who="1" m="14599" /><E10/><V68/><F108/><W61/><G61/><T113/><D113/><U122/><E122/><N who="2" m="47211" /><F132/><W94/><G94/><N who="0" m="54647" /><D25/><U43/><E59/><AGARI ba="0,1" hai="53,57,58,59,60,62,64,70,75,79,81,96,97,99" machi="59" ten="40,1300,0" yaku="1,1,53,0" doraHai="119" doraHaiUra="31" who="3" fromWho="1" sc="250,0,250,-13,250,0,240,23" /><INIT seed="1,0,0,3,5,77" ten="250,237,250,263" oya="1" hai0="83,84,86,92,68,46,120,8,125,2,13,109,41" hai1="27,124,112,93,102,64,126,129,1,36,76,18,128" hai2="37,51,9,75,43,88,67,132,33,24,52,48,56" hai3="38,21,57,23,0,119,127,108,15,50,65,4,3"/><U73/><E36/><V82/><F132/><W133/><G133/><T110/><D68/><U122/><E1/><V14/><F67/><W99/><G38/><T78/><D2/><U29/><E18/><V32/><F37/><W101/><G119/><T69/><D69/><U16/><E64/><V71/><F71/><W53/><G127/><N who="1" m="48682" /><E122/><V96/><F33/><W80/><G65/><T117/><D117/><U39/><E39/><V30/><F43/><W45/><G57/><T95/><D120/><U58/><E58/><V98/><F51/><W113/><G23/><T91/><D125/><U12/><E112/><V66/><F66/><W114/><G0/><T116/><D116/><U20/><E102/><V61/><F61/><W22/><G22/><T100/><D100/><U42/><E93/><V54/><F54/><W89/><G3/><T60/><D95/><U49/><E76/><V72/><F72/><W28/><G28/><T131/><D60/><U81/><E73/><V19/><REACH who="2" step="1"/><F75/><REACH who="2" ten="250,237,240,263" step="2"/><W5/><G50/><N who="0" m="26959" /><D131/><N who="1" m="50251" /><E49/><V105/><F105/><W34/><G114/><T94/><D94/><U63/><E63/><V55/><F55/><W134/><G53/><T11/><D13/><U17/><E42/><V10/><F10/><W118/><G113/><T115/><D115/><U62/><E62/><V130/><F130/><W90/><G118/><T107/><D107/><U104/><E104/><V6/><F6/><W85/><G5/><T26/><D11/><N who="1" m="6175" /><E29/><V35/><F35/><W79/><G4/><T87/><D8/><U40/><E40/><V74/><F74/><N who="3" m="43127" /><G34/><T106/><D106/><RYUUKYOKU ba="0,1" sc="250,-15,237,15,240,15,263,-15" hai1="17,20,27,81" hai2="9,14,19,24,30,32,48,52,56,82,88,96,98" /><INIT seed="1,1,1,5,1,112" ten="235,252,255,248" oya="1" hai0="123,65,68,108,40,6,90,48,32,24,16,79,69" hai1="125,47,14,80,2,82,111,53,17,3,67,0,38" hai2="71,52,102,70,76,110,62,26,13,22,119,109,28" hai3="57,64,10,25,92,44,84,75,42,87,37,55,104"/><U9/><E125/><V35/><F76/><W49/><G104/><T126/><D108/><N who="2" m="41578" /><F102/><W31/><G75/><T117/><D126/><U124/><E124/><V113/><F113/><W45/><G10/><T115/><D32/><U19/><E111/><V12/><F119/><W63/><G92/><T93/><D115/><U60/><E19/><N who="2" m="10607" /><F12/><W56/><G45/><T59/><D123/><U89/><E38/><V129/><F129/><W88/><G88/><T96/><D117/><U4/><E89/><V95/><F95/><W29/><G29/><T122/><D122/><U77/><E17/><V18/><F18/><W83/><G83/><T120/><D120/><U11/><E11/><V74/><F74/><W121/><G121/><T33/><D33/><AGARI ba="1,1" hai="25,31,33,37,42,44,49,55,56,57,63,64,84,87" machi="33" ten="30,1000,0" yaku="7,1" doraHai="112" who="3" fromWho="0" sc="235,-13,252,0,255,0,248,23" /><INIT seed="2,0,0,4,4,123" ten="222,252,255,271" oya="2" hai0="22,4,86,1,115,5,100,78,90,64,103,117,96" hai1="30,38,21,49,14,53,116,135,60,71,89,29,24" hai2="111,17,59,91,40,67,26,107,120,108,66,118,84" hai3="82,94,131,57,87,119,125,28,77,101,109,44,32"/><V132/><F107/><W106/><G119/><T122/><D117/><U37/><E116/><V70/><F120/><W3/><G3/><T51/><D115/><U85/><E135/><V48/><F70/><W62/><G131/><T2/><D122/><U121/><E121/><V16/><F118/><W102/><G106/><T46/><D64/><N who="2" m="24618" /><F26/><W11/><G11/><T56/><D78/><U52/><E71/><V58/><F132/><W113/><G113/><T129/><D129/><U97/><E97/><V31/><F31/><W9/><G9/><T99/><D56/><N who="2" m="21546" /><F48/><W55/><G28/><T69/><D69/><U112/><E112/><V43/><F91/><W68/><G68/><T36/><D36/><U95/><E60/><V73/><F84/><W105/><G105/><T65/><D65/><U20/><E53/><V93/><F93/><W13/><G94/><T128/><D128/><U6/><E30/><V80/><F80/><W35/><G87/><T79/><D79/><U45/><E6/><V130/><F73/><W15/><G82/><T47/><D86/><U88/><REACH who="1" step="1"/><E89/><REACH who="1" ten="222,242,255,271" step="2"/><V72/><F130/><W25/><G62/><T133/><D90/><U50/><E50/><V63/><F63/><W18/><G55/><T124/><D51/><U61/><E61/><V34/><F34/><W74/><G35/><T75/><D133/><U41/><E41/><N who="2" m="15947" /><F72/><W104/><G74/><T92/><D75/><U81/><E81/><V33/><F33/><W12/><G32/><T7/><D96/><U27/><E27/><V126/><F126/><W10/><G125/><T110/><D124/><RYUUKYOKU ba="0,1" sc="222,-15,242,15,255,15,271,-15" hai1="14,20,21,24,29,37,38,45,49,52,85,88,95" hai2="16,17,108,111" /><INIT seed="2,1,1,1,2,28" ten="207,257,270,256" oya="2" hai0="111,65,131,29,98,101,88,59,124,86,15,39,82" hai1="17,67,83,93,64,12,41,51,40,0,46,42,119" hai2="81,13,16,74,1,133,118,96,90,125,31,72,68" hai3="3,75,112,37,60,116,34,92,122,109,56,134,55"/><V71/><F1/><W52/><RYUUKYOKU type="yao9" ba="1,1" sc="207,0,257,0,270,0,256,0" hai3="3,34,37,52,55,56,60,75,92,109,112,116,122,134" /><INIT seed="2,2,1,0,0,123" ten="207,257,270,256" oya="2" hai0="115,10,3,96,56,98,83,54,72,74,52,110,87" hai1="64,22,39,25,0,55,113,112,69,41,43,58,50" hai2="33,75,122,63,97,118,80,90,117,124,29,99,94" hai3="135,109,105,18,42,28,68,15,70,36,8,14,1"/><V89/><F33/><W116/><G109/><T4/><D115/><U120/><E0/><V19/><F29/><W31/><G116/><N who="2" m="44649" /><F19/><W84/><G1/><T20/><D110/><U86/><E86/><N who="2" m="50375" /><F63/><W91/><G105/><T61/><D72/><U107/><E107/><V108/><F122/><W121/><G121/><T53/><D74/><U59/><E120/><V38/><F38/><W37/><G37/><T103/><D20/><U24/><E22/><V76/><F99/><W34/><G135/><T114/><D98/><U6/><E6/><V81/><F124/><W134/><G134/><T45/><D114/><U26/><E58/><V119/><F119/><W100/><G28/><T133/><D45/><N who="1" m="23743" /><E43/><V95/><F95/><W85/><G42/><T71/><D71/><U65/><E65/><V88/><F108/><W60/><G36/><T101/><D133/><U102/><E102/><AGARI ba="2,1" hai="75,76,81,88,90,94,97,102" m="50375,44649" machi="102" ten="30,5800,0" yaku="34,2,54,1" doraHai="123" who="2" fromWho="1" sc="207,0,257,-64,270,74,256,0" /><INIT seed="2,3,0,2,1,36" ten="207,193,344,256" oya="2" hai0="64,90,66,94,103,69,67,21,35,126,106,45,76" hai1="22,89,37,135,54,129,24,50,122,27,81,88,134" hai2="53,83,16,17,115,33,113,40,19,11,49,77,31" hai3="87,43,108,39,92,29,80,57,1,133,2,102,111"/><V46/><F11/><W28/><G133/><T75/><D35/><U60/><E37/><V79/><F33/><W52/><G102/><T118/><D126/><U100/><E100/><V110/><F31/><W8/><G92/><T98/><D118/><U18/><E129/><V4/><F4/><W13/><G28/><T117/><D117/><U112/><E112/><V104/><F104/><W20/><G20/><T124/><D124/><U9/><E122/><V23/><F110/><N who="3" m="42027" /><G29/><T128/><D128/><U93/><E9/><V62/><F23/><W82/><G43/><T85/><D21/><U5/><E5/><V72/><REACH who="2" step="1"/><F79/><REACH who="2" ten="207,193,334,256" step="2"/><W65/><G8/><T74/><D69/><U55/><E135/><V116/><F116/><W125/><G125/><T3/><D3/><U14/><E134/><V132/><F132/><W120/><G1/><T7/><D7/><U51/><E22/><V0/><F0/><W59/><G2/><T105/><D105/><U70/><E18/><V101/><F101/><W109/><G109/><T48/><REACH who="0" step="1"/><D76/><REACH who="0" ten="197,193,334,256" step="2"/><U44/><E27/><V78/><F78/><W12/><G12/><T131/><D131/><U107/><E107/><V56/><AGARI ba="3,2" hai="16,17,19,40,46,49,53,56,62,72,77,83,113,115" machi="56" ten="30,11700,0" yaku="1,1,0,1,52,1,54,1,53,0" doraHai="36" doraHaiUra="99" who="2" fromWho="2" sc="197,-42,193,-42,334,146,256,-42" /><INIT seed="2,4,0,3,3,11" ten="155,151,480,214" oya="2" hai0="96,133,36,71,31,56,26,57,45,135,30,85,104" hai1="132,131,20,27,39,40,23,68,118,6,105,4,121" hai2="127,7,107,106,32,86,70,25,59,111,69,92,2" hai3="83,28,65,94,100,8,15,24,80,17,35,88,48"/><V124/><F59/><W110/><G110/><T82/><D71/><N who="2" m="27146" /><F92/><W55/><G65/><T126/><D126/><N who="2" m="48170" /><F86/><W38/><G38/><T76/><D31/><U16/><E68/><V97/><F97/><W53/><G100/><T60/><D96/><U90/><E105/><N who="2" m="39947" /><F111/><W54/><REACH who="3" step="1"/><G48/><REACH who="3" ten="155,151,480,204" step="2"/><T50/><D104/><U51/><E51/><V62/><F62/><W112/><G112/><T122/><D36/><U78/><E39/><V72/><F72/><W37/><G37/><T81/><D122/><U74/><E121/><V58/><F58/><W14/><G14/><T102/><D102/><U46/><E74/><V49/><F49/><W73/><G73/><T129/><D57/><U21/><E27/><V0/><F7/><W12/><G12/><T44/><D56/><U125/><E125/><V130/><F130/><W41/><G41/><T101/><D60/><U67/><E131/><V114/><F114/><W9/><G9/><T98/><D129/><U116/><E6/><V134/><F134/><W115/><G115/><T91/><D133/><U34/><E4/><V43/><F43/><W123/><G123/><T77/><D135/><U52/><E40/><V99/><F25/><W13/><G13/><T113/><D113/><U87/><E132/><V64/><F64/><W119/><G119/><T109/><D109/><U66/><E118/><V3/><F3/><W29/><G29/><T103/><D30/><U120/><E116/><V128/><F0/><W89/><G89/><T108/><D91/><U42/><E90/><V33/><F128/><W75/><G75/><T95/><D108/><RYUUKYOKU ba="4,1" sc="155,-10,151,-10,480,-10,204,30" hai3="8,15,17,24,28,35,53,54,55,80,83,88,94" /><INIT seed="3,5,1,2,3,45" ten="145,141,470,234" oya="3" hai0="133,33,126,69,67,48,40,77,130,105,2,88,118" hai1="104,19,16,92,71,78,17,97,85,51,32,18,42" hai2="21,125,95,100,94,120,91,76,56,8,66,53,37" hai3="44,102,70,68,111,25,0,107,38,31,89,96,64"/><W50/><G111/><T113/><RYUUKYOKU type="yao9" ba="5,1" sc="145,0,141,0,470,0,234,0" hai0="2,33,40,48,67,69,77,88,105,113,118,126,130,133" /><INIT seed="3,6,1,4,4,25" ten="145,141,470,234" oya="3" hai0="102,132,8,36,40,115,107,104,9,31,123,96,67" hai1="32,85,53,124,109,78,65,131,64,121,106,71,113" hai2="61,11,82,80,133,30,15,87,73,86,10,35,14" hai3="100,122,22,3,103,126,59,43,99,27,41,101,51"/><W72/><G126/><T1/><D123/><U18/><E18/><V75/><F61/><W5/><G122/><T118/><D118/><U19/><E19/><V128/><F35/><W33/><G72/><T50/><D36/><U119/><E53/><V88/><F128/><W29/><G33/><T70/><D132/><U68/><E85/><V98/><F98/><W39/><G39/><T116/><D115/><U95/><E95/><V49/><F49/><W26/><G26/><T76/><D107/><U84/><E84/><V52/><F52/><N who="3" m="32159" /><G3/><T108/><D1/><U48/><E48/><V120/><F120/><W21/><G21/><T105/><D105/><U2/><E65/><V112/><F133/><W44/><G5/><T17/><D70/><U7/><E64/><V54/><F54/><W111/><G111/><T90/><D108/><U47/><E47/><V16/><F112/><W114/><G114/><T20/><D104/><U97/><E7/><N who="2" m="3423" /><F75/><W4/><G4/><T127/><D127/><U91/><E124/><V42/><F73/><W6/><G6/><T56/><D116/><U45/><E119/><V83/><F42/><N who="3" m="15883" /><G99/><T46/><D96/><U38/><E97/><V89/><F80/><W129/><G129/><T62/><D102/><U130/><E130/><V92/><F83/><W135/><G135/><T24/><D76/><U74/><E131/><V77/><F77/><W110/><G110/><T69/><D90/><U60/><E113/><V125/><F125/><W94/><G94/><T12/><D69/><U34/><E109/><V23/><F23/><AGARI ba="6,1" hai="8,9,12,17,20,23,24,31,40,46,50,56,62,67" machi="23" ten="30,3900,0" yaku="7,1,8,1,52,1" doraHai="25" who="0" fromWho="2" sc="145,67,141,0,470,-57,234,0" /><INIT seed="4,0,0,5,3,102" ten="212,141,413,234" oya="0" hai0="123,11,54,41,31,113,62,95,47,6,26,18,116" hai1="17,108,21,122,94,92,69,84,129,104,96,134,58" hai2="24,98,12,7,2,43,130,53,28,118,72,25,71" hai3="111,14,101,67,114,80,125,59,107,19,39,64,33"/><T110/><D116/><U90/><E69/><V93/><F72/><W100/><G111/><T46/><D113/><U133/><E108/><V51/><F2/><W22/><G39/><T105/><D105/><U82/><E58/><V109/><F130/><W119/><G33/><T38/><D123/><U63/><E63/><V56/><F71/><W124/><G114/><T99/><D110/><U81/><E17/><V65/><F65/><W40/><G40/><T83/><D18/><U45/><E45/><N who="2" m="26047" /><F28/><W73/><G101/><T127/><D83/><N who="1" m="31755" /><E21/><V128/><F128/><W74/><G119/><T29/><D127/><U112/><E129/><V4/><F118/><W79/><G73/><T35/><D31/><U57/><E57/><V68/><F68/><W77/><G77/><T120/><D120/><U48/><E48/><N who="2" m="30759" /><F109/><W70/><G59/><T34/><D34/><U23/><E112/><V106/><F24/><W30/><G30/><T78/><D78/><U60/><E60/><V75/><F25/><W1/><G1/><T87/><D62/><U86/><E122/><V135/><F12/><W27/><G27/><T44/><D54/><U37/><E37/><V91/><F7/><W61/><G67/><T50/><D38/><U15/><E15/><V8/><F4/><W88/><G125/><T49/><D41/><U115/><E115/><V20/><F8/><W52/><G124/><T131/><D131/><U32/><E32/><V42/><F42/><W36/><G36/><T89/><D99/><U121/><E121/><V5/><F98/><N who="3" m="61847" /><G52/><T0/><AGARI ba="0,0" hai="0,6,11,26,29,35,44,46,47,49,50,87,89,95" machi="0" ten="30,1500,0" yaku="0,1" doraHai="102" who="0" fromWho="0" sc="212,15,141,-5,413,-5,234,-5" /><INIT seed="4,1,0,2,4,82" ten="227,136,408,229" oya="0" hai0="120,29,131,75,91,35,6,0,28,79,78,19,114" hai1="45,87,134,101,63,33,109,70,92,77,118,98,89" hai2="61,40,127,13,122,21,124,2,126,22,14,36,72" hai3="12,39,99,93,10,100,112,9,18,44,135,97,69"/><T53/><D120/><U24/><E134/><V55/><F72/><W94/><G112/><T42/><D114/><U5/><E109/><V81/><F2/><W103/><G135/><T59/><D131/><U125/><E125/><V84/><F122/><W7/><G69/><T50/><D6/><U88/><E118/><V23/><F55/><W95/><G39/><T68/><D0/><U102/><E5/><V90/><F61/><W64/><G64/><T123/><D123/><U32/><E77/><V57/><REACH who="2" step="1"/><F57/><REACH who="2" ten="227,136,398,229" step="2"/><W1/><REACH who="3" step="1"/><G44/><AGARI ba="1,1" hai="13,14,21,22,23,36,40,44,81,84,90,124,126,127" machi="44" ten="50,8000,1" yaku="1,1,2,1,18,1,52,1,53,0" doraHai="82" doraHaiUra="60" who="2" fromWho="3" sc="227,0,136,0,398,93,229,-83" /><INIT seed="5,0,0,4,4,61" ten="227,136,491,146" oya="1" hai0="128,57,53,29,56,86,101,116,64,70,26,65,8" hai1="122,76,108,54,99,23,118,132,31,13,96,87,17" hai2="103,34,78,125,39,0,104,88,85,50,48,30,106" hai3="28,35,112,67,33,19,127,123,12,102,110,42,111"/><U16/><E122/><V131/><F39/><W100/><G123/><T105/><D116/><U80/><E118/><V32/><F0/><W51/><G112/><T97/><D70/><U66/><E132/><V124/><F78/><W121/><G121/><T107/><D128/><U129/><E129/><V43/><F131/><W90/><G127/><N who="2" m="48713" /><F103/><W20/><G90/><T24/><D8/><U91/><E108/><V38/><F38/><W134/><G134/><T47/><D47/><U14/><E31/><V46/><F48/><W10/><G100/><T98/><D86/><U25/><E25/><N who="2" m="18511" /><F34/><W115/><G102/><T74/><D101/><U58/><E76/><V83/><AGARI ba="0,0" hai="43,46,50,83,85,88,104,106" m="18511,48713" machi="83" ten="30,2000,0" yaku="18,1,54,1" doraHai="61" who="2" fromWho="2" sc="227,-5,136,-10,491,20,146,-5" /><INIT seed="6,0,0,3,5,130" ten="222,126,511,141" oya="2" hai0="95,59,109,113,44,117,118,64,22,101,72,47,19" hai1="133,57,37,108,49,81,129,38,3,128,30,134,17" hai2="65,53,40,68,98,58,82,100,103,14,52,32,54" hai3="2,89,75,78,36,1,12,51,132,121,71,66,120"/><V46/><F32/><W87/><G36/><N who="1" m="13930" /><E3/><V16/><F68/><W18/><G75/><T55/><D72/><U93/><E108/><V85/><F65/><W104/><G104/><T92/><D109/><U15/><E30/><V107/><F103/><W84/><G78/><T60/><D113/><U28/><E28/><V4/><F4/><W124/><G84/><T115/><D115/><U43/><E93/><N who="0" m="35913" /><D101/><U119/><E119/><N who="0" m="45577" /><D64/><U5/><E5/><V13/><F58/><W0/><G71/><T8/><D8/><N who="1" m="6375" /><E81/><V111/><F111/><W79/><G66/><T31/><D31/><U131/><E57/><V45/><F40/><W39/><G39/><T10/><D10/><U105/><E105/><V33/><F33/><W90/><G0/><T94/><D94/><U50/><E50/><V62/><F62/><W61/><G51/><T116/><D116/><U97/><E97/><V70/><F70/><W25/><G61/><T83/><D83/><U42/><E42/><V6/><F6/><W67/><G1/><T48/><D48/><U41/><E41/><V74/><F74/><W24/><G2/><T86/><D86/><U23/><E23/><V102/><F102/><W96/><G87/><T56/><D56/><U110/><E110/><V11/><F85/><W69/><G96/><T21/><D21/><U99/><E99/><V7/><F82/><W123/><G69/><T26/><AGARI ba="0,0" hai="19,22,26,44,47,55,59,60" m="45577,35913" machi="26" ten="30,1100,0" yaku="12,1" doraHai="130" who="0" fromWho="0" sc="222,11,126,-3,511,-5,141,-3" /><INIT seed="7,0,0,5,5,99" ten="233,123,506,138" oya="3" hai0="121,124,49,70,28,26,46,21,111,115,54,109,12" hai1="102,125,18,25,36,79,48,44,86,96,117,43,103" hai2="67,133,90,118,13,123,80,108,35,81,63,47,98" hai3="14,100,53,58,74,30,64,34,0,29,85,131,19"/><W75/><G131/><T45/><D70/><U72/><E72/><V94/><F35/><W97/><G0/><T113/><D124/><U11/><E125/><V101/><F108/><W89/><G64/><T51/><D121/><U122/><E122/><V15/><F118/><W95/><G34/><T82/><D82/><N who="1" m="47455" /><E36/><V84/><F133/><W17/><G74/><T106/><D106/><U41/><E117/><V9/><F123/><W23/><G19/><T4/><D4/><U134/><E134/><V33/><F33/><W69/><G75/><T5/><D5/><U61/><E61/><V114/><F114/><N who="0" m="43530" /><D12/><N who="1" m="7455" /><E25/><V126/><F126/><W127/><G69/><T57/><D57/><U105/><E105/><V59/><F47/><W71/><G71/><T40/><AGARI ba="0,0" hai="21,26,28,40,45,46,49,51,54,109,111" m="43530" machi="40" ten="30,2000,0" yaku="15,1,11,1" doraHai="99" who="0" fromWho="0" sc="233,20,123,-5,506,-5,138,-10" owari="253,5.0,118,-38.0,501,60.0,128,-27.0" /></mjloggm>