<mjloggm ver="2.3"><GO type="225" lobby="0"/><UN n0="%E3%81%AA%E3%81%A3%E3%81%8D%E3%82%8A" n1="%E3%83%AD%E3%83%9C%E3%82%B3%E3%83%97" n2="%E6%A9%8B%E6%9C%AC%E5%8D%83%E5%85%89%E5%B9%B4" n3="%E3%82%A6%E3%83%AB%E3%83%88%E3%83%A9%E7%AB%8B%E7%9B%B4" dan="16,17,17,17" rate="2157.03,2143.17,2182.90,2173.16" sx="M,M,M,M"/><TAIKYOKU oya="0"/><INIT seed="0,0,0,0,1,43" ten="250,250,250,250" oya="0" hai0="105,9,35,44,13,114,14,77,60,97,131,2,100" hai1="110,16,30,63,98,19,0,104,6,122,27,59,69" hai2="1,124,119,130,55,40,99,108,12,20,107,28,51" hai3="5,37,111,62,73,67,121,109,38,41,79,133,49"/><T68/><D114/><U18/><E69/><V128/><F1/><W26/><G5/><T39/><D35/><U86/><E122/><V126/><F108/><N who="3" m="41547" /><G79/><T31/><D131/><N who="2" m="50218" /><F40/><W25/><G73/><T46/><D77/><U3/><E110/><V103/><F119/><W116/><G116/><T91/><D39/><U94/><E104/><V123/><F123/><W61/><G121/><T125/><D125/><U93/><E86/><V85/><F85/><W80/><G80/><T112/><D112/><U10/><E3/><V132/><F12/><W54/><G25/><T83/><D31/><U50/><E50/><V118/><F118/><W76/><G26/><T90/><D2/><U15/><E0/><V33/><F33/><W24/><G24/><T117/><D14/><U106/><E106/><V8/><F8/><W135/><G76/><T4/><D117/><U42/><E42/><V29/><F132/><N who="3" m="50763" /><G41/><T45/><REACH who="0" step="1"/><D83/><REACH who="0" ten="240,250,250,250" step="2"/><U70/><E30/><V101/><F29/><W71/><G62/><T89/><D89/><U134/><E63/><V95/><F103/><W120/><G120/><T7/><D7/><U78/><E6/><V88/><F28/><W23/><G23/><T36/><D36/><U64/><E134/><V32/><F20/><W52/><G38/><T129/><D129/><U47/><E15/><V72/><F32/><W11/><G37/><T21/><D21/><U92/><E78/><V74/><F74/><W115/><G115/><T113/><D113/><U84/><E27/><V96/><F72/><W127/><G127/><T82/><D82/><U53/><E10/><RYUUKYOKU ba="0,1" sc="240,15,250,-15,250,15,250,-15" hai0="4,9,13,44,45,46,60,68,90,91,97,100,105" hai2="51,55,88,95,96,99,101,107,124,126" /><INIT seed="0,1,1,3,5,39" ten="255,235,265,235" oya="0" hai0="101,75,113,57,97,85,74,123,121,16,127,86,124" hai1="23,135,108,27,66,13,40,59,4,18,30,52,65" hai2="115,21,79,36,58,28,134,49,84,71,11,76,50" hai3="53,8,91,3,37,81,129,132,62,22,125,77,67"/><T26/><D57/><U61/><E135/><V38/><F71/><W114/><G114/><T14/><D26/><U47/><E108/><V6/><F115/><W46/><G132/><T87/><D113/><U5/><E4/><V100/><F100/><W111/><G91/><T94/><D14/><U103/><E5/><V43/><F50/><W42/><G111/><T110/><D110/><U117/><E103/><V96/><F96/><W41/><G129/><T10/><D10/><U80/><E117/><V34/><F34/><W64/><G125/><N who="0" m="48203" /><D16/><U56/><E56/><V32/><F32/><W90/><G90/><T24/><D24/><U126/><E80/><N who="2" m="47111" /><F79/><W1/><G1/><T120/><AGARI ba="1,1" hai="74,75,85,86,87,94,97,101,120,121,123" m="48203" machi="120" ten="40,7800,0" yaku="18,1,34,2" doraHai="39" who="0" fromWho="0" sc="255,91,235,-27,265,-27,235,-27" /><INIT seed="0,2,0,4,4,75" ten="346,208,238,208" oya="0" hai0="14,53,104,85,109,92,84,96,114,26,11,15,128" hai1="71,49,66,33,48,86,23,38,94,113,88,44,101" hai2="78,37,118,25,117,58,9,20,59,123,39,103,72" hai3="97,24,90,119,32,110,81,34,93,124,57,131,108"/><T135/><D114/><U122/><E122/><V89/><F103/><W121/><G119/><N who="2" m="45577" /><F123/><W3/><G3/><T76/><D104/><U54/><E33/><V2/><F89/><W91/><G121/><T116/><D116/><U73/><E38/><N who="2" m="14347" /><F9/><W21/><G57/><T36/><D36/><U22/><E113/><V70/><F2/><W125/><G131/><T4/><D135/><U0/><E0/><V98/><F98/><W10/><G10/><T50/><D109/><N who="3" m="42089" /><G34/><T105/><D105/><U27/><E101/><V62/><F70/><W52/><G32/><T12/><D26/><U80/><E27/><V42/><F42/><W46/><G90/><N who="0" m="55319" /><D128/><U69/><E69/><V64/><F59/><W130/><G130/><T67/><D67/><U41/><E66/><V106/><F106/><W17/><G81/><N who="0" m="47143" /><D85/><N who="1" m="52495" /><E71/><V127/><F72/><W102/><G102/><T79/><D79/><N who="1" m="46367" /><E73/><V83/><F25/><W112/><G112/><T126/><D126/><U51/><E51/><AGARI ba="2,0" hai="17,21,24,46,51,52,91,93,97,124,125" m="42089" machi="51" ten="30,2000,0" yaku="14,1,54,1" doraHai="75" who="3" fromWho="1" sc="346,0,208,-26,238,0,208,26" /><INIT seed="1,0,0,5,3,16" ten="346,182,238,234" oya="1" hai0="114,115,50,132,17,31,55,13,26,54,77,70,57" hai1="104,7,124,45,101,66,64,84,80,111,40,121,125" hai2="9,86,76,43,67,88,24,25,119,120,92,117,85" hai3="82,61,2,37,97,126,87,99,22,83,128,78,79"/><U29/><E121/><V0/><F120/><W28/><G37/><T93/><D70/><U71/><E111/><V36/><F67/><W118/><G2/><T72/><D132/><U105/><E7/><V15/><F0/><W94/><G128/><T27/><D72/><U34/><E101/><V69/><F69/><W52/><G126/><N who="1" m="48746" /><E34/><V21/><F25/><N who="3" m="16439" /><G118/><T135/><D135/><U38/><E29/><N who="2" m="17551" /><F36/><W113/><G113/><T14/><D31/><U133/><E133/><V108/><F108/><W75/><G75/><T73/><D73/><U68/><E68/><V44/><F119/><W60/><G60/><T19/><D50/><U107/><E71/><V112/><F112/><W90/><G83/><T39/><D39/><U134/><E134/><V58/><F117/><W91/><G99/><T23/><D57/><AGARI ba="0,0" hai="52,57,61,78,79,82,87,90,91,94,97" m="16439" machi="57" ten="30,3900,0" yaku="8,1,52,1,54,1" doraHai="16" who="3" fromWho="0" sc="346,-39,182,0,238,0,234,39" /><INIT seed="2,0,0,5,1,38" ten="307,182,238,273" oya="2" hai0="6,62,95,127,121,46,135,57,1,124,34,111,106" hai1="70,134,64,61,86,99,116,53,110,114,94,25,23" hai2="8,101,52,74,5,21,31,72,125,39,41,75,87" hai3="105,115,48,91,26,24,18,104,28,130,90,56,27"/><V2/><F125/><N who="0" m="48202" /><D121/><U92/><E116/><V37/><F101/><W76/><G130/><T133/><D106/><U47/><E114/><V100/><F100/><W112/><G76/><T89/><D34/><U3/><E110/><V19/><F31/><W58/><G18/><T59/><D111/><U66/><E3/><V120/><F120/><W85/><G28/><T7/><D46/><U12/><E134/><N who="0" m="51209" /><D1/><U73/><E47/><V43/><F87/><W93/><G85/><N who="0" m="52655" /><D59/><U14/><E73/><V63/><F39/><W82/><G58/><T30/><D30/><U40/><E70/><V96/><F96/><W123/><G56/><T103/><D103/><U79/><E99/><V0/><F37/><W80/><G123/><T84/><D84/><U55/><E86/><V119/><F2/><W118/><G105/><T65/><AGARI ba="0,0" hai="6,7,57,62,65" m="52655,51209,48202" machi="65" ten="30,2000,0" yaku="18,1,20,1" doraHai="38" who="0" fromWho="0" sc="307,20,182,-5,238,-10,273,-5" /><INIT seed="3,0,0,0,2,113" ten="327,177,228,268" oya="3" hai0="42,125,126,68,110,115,37,34,131,43,54,65,51" hai1="102,72,3,92,108,6,117,46,73,1,103,71,94" hai2="31,116,13,57,62,38,7,77,79,29,59,85,134" hai3="118,107,114,78,52,99,24,15,18,112,36,61,50"/><W55/><G36/><T21/><D34/><U26/><E71/><V97/><F116/><W100/><G118/><T5/><D115/><U0/><E117/><V121/><F38/><W9/><G78/><N who="2" m="29705" /><F134/><W98/><G98/><T10/><D21/><U104/><E104/><V91/><F97/><W93/><G107/><T130/><D65/><U44/><E6/><V76/><F76/><W19/><G61/><T12/><D68/><U81/><E26/><V35/><F35/><W86/><G55/><T132/><D132/><U128/><E81/><V74/><F74/><W48/><G48/><T27/><D27/><U82/><E82/><V25/><F25/><W17/><G86/><T4/><D4/><U22/><E22/><V40/><F40/><N who="0" m="15402" /><D37/><U133/><E133/><V66/><F59/><W120/><G120/><T56/><D110/><U84/><E108/><V88/><F121/><W101/><G101/><T123/><D123/><U69/><E69/><V122/><F122/><W64/><G64/><T95/><D95/><U124/><E124/><AGARI ba="0,0" hai="5,10,12,51,54,56,124,125,126,130,131" m="15402" machi="124" ten="30,1000,0" yaku="18,1" doraHai="113" who="0" fromWho="1" sc="327,10,177,-10,228,0,268,0" owari="337,43.0,167,-33.0,228,-17.0,268,7.0" /></mjloggm>