<mjloggm ver="2.3"><GO type="169" lobby="0"/><UN n0="%E3%82%B7%E3%83%A3%E3%83%BC%E3%83%AA%E3%83%97%E3%83%88%E3%83%A9" n1="%E5%B0%B1%E6%B4%BB%E7%94%9F%40%E5%B7%9D%E6%9D%91%E8%BB%8D%E5%9B%A3" n2="%E3%81%93%E3%81%A3%E3%81%97%E3%83%BC" n3="%E3%82%B7%E3%83%B3%E3%83%87%E3%83%AB%E3%83%A9" dan="17,17,17,16" rate="2214.10,2244.06,2146.81,2132.98" sx="M,M,M,F"/><TAIKYOKU oya="0"/><INIT seed="0,0,0,0,3,0" ten="250,250,250,250" oya="0" hai0="51,45,91,109,9,82,38,35,125,68,83,74,124" hai1="49,116,36,3,111,18,22,32,80,130,14,21,88" hai2="59,72,54,28,61,10,76,94,16,96,46,77,79" hai3="93,69,53,132,43,134,107,24,71,65,23,133,58"/><T85/><D68/><U57/><E36/><V15/><F28/><W13/><G107/><T98/><D35/><U48/><E32/><V120/><F120/><W12/><G43/><T99/><D38/><U29/><E3/><V118/><F118/><W31/><G93/><T128/><D9/><U41/><E116/><V95/><F72/><W5/><G65/><T8/><D8/><U97/><E111/><V42/><REACH who="2" step="1"/><F96/><REACH who="2" ten="250,250,240,250" step="2"/><W39/><G133/><T103/><D109/><U117/><E117/><V60/><F60/><W6/><G31/><T101/><D128/><U66/><E29/><V44/><F44/><W89/><G132/><T37/><D45/><U7/><E130/><V50/><AGARI ba="0,1" hai="10,15,16,42,46,50,54,59,61,76,77,79,94,95" machi="50" ten="30,7900,0" yaku="1,1,0,1,8,1,54,1,53,0" doraHai="0" doraHaiUra="34" who="2" fromWho="2" sc="250,-39,250,-20,240,89,250,-20" /><INIT seed="1,0,0,2,0,73" ten="211,230,329,230" oya="1" hai0="129,68,3,74,115,120,125,39,116,44,23,67,84" hai1="28,64,34,52,99,69,95,50,124,113,102,127,112" hai2="42,30,105,14,110,54,17,10,72,47,21,1,77" hai3="66,18,133,80,9,46,65,29,134,26,76,45,121"/><U27/><E69/><V5/><F110/><W122/><G9/><T83/><RYUUKYOKU type="yao9" ba="0,0" sc="211,0,230,0,329,0,230,0" hai0="3,23,39,44,67,68,74,83,84,115,116,120,125,129" /><INIT seed="1,1,0,3,4,9" ten="211,230,329,230" oya="1" hai0="110,83,125,79,48,12,71,61,68,14,108,99,77" hai1="62,16,129,51,22,95,49,116,65,34,101,120,115" hai2="57,73,105,84,31,1,96,102,91,122,36,50,60" hai3="103,134,72,7,82,24,19,113,11,86,104,13,69"/><U32/><E116/><V52/><F36/><W80/><G134/><T56/><D48/><U111/><E120/><V47/><F1/><W46/><G113/><T26/><D26/><U92/><E115/><V3/><F3/><W8/><G69/><N who="0" m="26699" /><D99/><U64/><E129/><V40/><F31/><W21/><G72/><N who="0" m="43431" /><D79/><U44/><E111/><N who="0" m="42537" /><D125/><U100/><E34/><V27/><F27/><W30/><G46/><T28/><D28/><U126/><E32/><V93/><REACH who="2" step="1"/><F73/><REACH who="2" ten="211,230,319,230" step="2"/><W106/><G24/><T90/><D90/><U124/><E124/><V112/><F112/><W4/><G30/><T0/><D0/><U15/><E126/><V109/><F109/><W123/><G123/><AGARI ba="1,1" hai="40,47,50,52,57,60,84,91,93,96,102,105,122,123" machi="123" ten="40,8000,1" yaku="1,1,54,1,53,2" doraHai="9" doraHaiUra="117" who="2" fromWho="3" sc="211,0,230,0,319,93,230,-83" /><INIT seed="2,0,0,1,5,32" ten="211,230,412,147" oya="2" hai0="0,110,21,41,2,124,108,98,17,92,111,67,60" hai1="100,50,19,29,63,117,77,78,62,88,85,23,73" hai2="106,43,38,46,36,131,103,112,35,135,125,1,11" hai3="4,14,52,128,65,99,48,120,61,87,44,70,6"/><V104/><F135/><W72/><G72/><T58/><D41/><U64/><E117/><V105/><F131/><W116/><G128/><T115/><D124/><U25/><E73/><V3/><F125/><W26/><G116/><T42/><D42/><U49/><E100/><V80/><F11/><W133/><G133/><T27/><REACH who="0" step="1"/><D115/><REACH who="0" ten="201,230,412,147" step="2"/><U122/><E122/><V79/><F112/><W95/><G120/><T101/><AGARI ba="0,1" hai="0,2,17,21,27,58,60,67,92,98,101,108,110,111" machi="101" ten="30,12000,2" yaku="1,1,2,1,0,1,14,1,52,2,53,0" doraHai="32" doraHaiUra="86" who="0" fromWho="0" sc="201,130,230,-30,412,-60,147,-30" /><INIT seed="3,0,0,0,5,92" ten="331,200,352,117" oya="3" hai0="90,37,123,67,0,112,131,94,14,115,52,78,31" hai1="111,127,16,73,22,87,107,9,82,34,121,77,70" hai2="130,4,116,1,57,88,84,124,81,83,2,35,109" hai3="133,71,125,91,38,79,135,132,12,108,120,45,8"/><W134/><G120/><T119/><D0/><U30/><E70/><V72/><F109/><W113/><G113/><T13/><D37/><U95/><E121/><V25/><F130/><W129/><G129/><T85/><D131/><U18/><E107/><V100/><F124/><W49/><G125/><T32/><D67/><U5/><E111/><V36/><F36/><W21/><G108/><T68/><D68/><U40/><E40/><V101/><F116/><W65/><G38/><T98/><D123/><U17/><E127/><V50/><F2/><W26/><G79/><T10/><D119/><U102/><E34/><V99/><F100/><W64/><G71/><T23/><D32/><U69/><E69/><V122/><F122/><W96/><G134/><T6/><D78/><U97/><E30/><V44/><F57/><W55/><G91/><T20/><D31/><U80/><E80/><V61/><F83/><W74/><G74/><T7/><D85/><U39/><E39/><V128/><F72/><W54/><G96/><T53/><D23/><U89/><E22/><V3/><F35/><W93/><G93/><T51/><D20/><U104/><E18/><V75/><F75/><W86/><G86/><T126/><D126/><U76/><E77/><V27/><F84/><W58/><G21/><T24/><D24/><U15/><AGARI ba="0,0" hai="5,9,15,16,17,73,76,82,87,89,95,97,102,104" machi="15" ten="20,12000,2" yaku="0,1,7,1,24,2,52,1,54,1" doraHai="92" who="1" fromWho="1" sc="331,-30,200,120,352,-30,117,-60" /><INIT seed="4,0,0,5,3,54" ten="301,320,322,57" oya="0" hai0="102,71,104,45,129,124,80,51,78,42,77,60,89" hai1="76,23,113,40,52,26,8,28,25,74,48,121,72" hai2="115,84,58,10,7,65,131,98,126,123,59,63,103" hai3="79,37,31,55,3,39,133,85,90,66,22,101,2"/><T33/><D124/><U69/><E121/><V87/><F123/><W122/><G122/><T17/><D129/><U0/><E69/><V97/><F131/><W4/><G133/><T109/><D33/><U132/><E132/><V93/><F126/><W82/><G66/><T12/><D109/><U92/><E40/><V9/><F115/><W19/><G31/><T96/><D89/><U107/><E107/><V108/><F108/><W134/><G134/><T70/><D60/><U46/><E113/><V11/><F7/><W68/><G68/><T43/><D77/><U27/><E92/><V94/><REACH who="2" step="1"/><F59/><REACH who="2" ten="301,320,312,57" step="2"/><W41/><G4/><T14/><D71/><U86/><E0/><V36/><F36/><W5/><G5/><T30/><D70/><U99/><E74/><V119/><F119/><W95/><G2/><T56/><D56/><U75/><E72/><V117/><F117/><W64/><G37/><T130/><D130/><U120/><E75/><V50/><F50/><W53/><G39/><T1/><D51/><U128/><E128/><V20/><F20/><W16/><G22/><N who="0" m="11559" /><D45/><U81/><E120/><V105/><F105/><W83/><G3/><T106/><D104/><U88/><E8/><V91/><AGARI ba="0,1" hai="9,10,11,58,63,65,84,87,91,93,94,97,98,103" machi="91" ten="30,8000,1" yaku="1,1,0,1,8,1,52,1,53,1" doraHai="54" doraHaiUra="57" who="2" fromWho="2" sc="301,-40,320,-20,312,90,57,-20" /><INIT seed="5,0,0,4,5,45" ten="261,300,402,37" oya="1" hai0="4,89,79,129,36,23,99,48,72,123,21,70,29" hai1="128,112,118,12,124,98,19,56,9,57,44,131,47" hai2="86,62,54,24,81,22,94,49,122,133,35,13,74" hai3="121,116,16,67,20,7,0,126,42,88,104,109,105"/><U15/><E118/><V127/><F133/><W59/><G109/><T83/><D36/><U120/><E120/><V78/><F127/><W33/><G121/><T69/><D4/><U93/><E124/><V26/><F62/><W96/><G126/><T87/><D123/><U130/><E112/><V64/><F64/><W63/><G116/><T18/><D129/><U75/><E75/><V91/><F35/><W115/><G115/><T97/><D29/><U73/><E73/><V108/><F108/><W77/><G33/><T27/><D23/><U102/><E15/><V32/><F32/><W114/><G114/><T61/><D61/><U76/><E76/><V2/><F2/><W52/><G77/><T38/><D38/><U117/><E117/><V106/><F106/><W125/><G42/><T103/><D48/><U90/><E102/><V85/><F74/><W11/><G125/><T113/><D97/><U134/><E134/><V53/><F53/><W111/><G111/><T43/><D43/><U10/><E10/><V55/><F55/><W5/><G5/><T1/><D1/><U119/><E119/><V100/><F100/><W6/><G6/><T84/><D84/><U8/><E8/><V34/><F34/><W50/><G96/><T30/><D30/><U101/><E101/><V39/><F39/><W92/><G92/><N who="0" m="54335" /><D113/><U17/><E17/><N who="2" m="10543" /><F122/><W107/><G88/><T3/><D3/><U82/><E82/><V65/><F65/><W66/><REACH who="3" step="1"/><G63/><REACH who="3" ten="261,300,402,27" step="2"/><T110/><D110/><U132/><E132/><V28/><F78/><W51/><G51/><T31/><D31/><RYUUKYOKU ba="0,1" sc="261,10,300,10,402,-30,27,10" hai0="18,21,27,69,70,72,79,83,99,103" hai1="9,12,19,44,47,56,57,90,93,98,128,130,131" hai3="0,7,11,16,20,50,52,59,66,67,104,105,107" /><INIT seed="5,1,1,4,5,70" ten="271,310,372,37" oya="1" hai0="119,27,88,39,40,37,62,30,64,15,131,33,81" hai1="126,76,108,28,122,49,125,22,24,53,87,21,56" hai2="77,3,101,51,92,85,105,1,128,114,130,12,99" hai3="63,5,23,7,116,123,134,19,25,107,59,6,26"/><U113/><E122/><V50/><F114/><W121/><G107/><T0/><D0/><U55/><E113/><V57/><F12/><W89/><G134/><T78/><D119/><U118/><E118/><V36/><F36/><W69/><G69/><T111/><D111/><U41/><E108/><V2/><F57/><W66/><G116/><T96/><D40/><U17/><E41/><V75/><F75/><W109/><G109/><T82/><D131/><N who="2" m="50218" /><F77/><W31/><REACH who="3" step="1"/><G89/><AGARI ba="1,1" hai="1,2,3,50,51,85,89,92,99,101,105" m="50218" machi="89" ten="40,1300,0" yaku="19,1" doraHai="70" who="2" fromWho="3" sc="271,0,310,0,372,26,37,-16" /><INIT seed="6,0,0,1,1,35" ten="271,310,398,21" oya="2" hai0="96,44,134,77,119,11,36,118,127,91,38,52,64" hai1="102,10,82,80,16,13,17,30,54,85,68,90,41" hai2="74,43,73,33,100,110,105,19,114,39,60,122,48" hai3="66,31,63,108,106,22,62,95,8,89,46,101,79"/><V50/><F114/><W109/><G79/><T53/><D77/><U1/><E68/><V32/><F39/><W47/><G106/><T78/><D78/><U29/><E102/><V59/><F105/><W70/><G101/><T133/><D91/><U132/><E132/><N who="0" m="50793" /><D96/><U116/><E116/><N who="0" m="44585" /><D11/><U135/><E135/><V45/><F100/><W21/><G8/><T83/><D83/><U3/><E41/><V57/><F74/><W14/><G14/><T126/><D64/><U113/><E113/><V107/><F73/><W117/><G117/><T34/><D34/><U104/><E104/><V51/><F33/><W103/><G103/><T99/><D99/><U128/><E128/><V0/><F32/><W111/><G62/><T125/><D44/><U92/><E80/><V93/><F60/><W26/><REACH who="3" step="1"/><G22/><REACH who="3" ten="271,310,398,11" step="2"/><T42/><D42/><U58/><E10/><V56/><F43/><W86/><AGARI ba="0,1" hai="21,26,31,46,47,63,66,70,86,89,95,108,109,111" machi="86" ten="30,7900,0" yaku="1,1,2,1,0,1,53,1" doraHai="35" doraHaiUra="20" who="3" fromWho="3" sc="271,-20,310,-20,398,-39,11,89" /><INIT seed="7,0,0,1,2,48" ten="251,290,359,100" oya="3" hai0="20,68,130,91,15,67,54,43,17,46,80,70,34" hai1="39,118,105,37,63,64,132,117,9,95,18,24,86" hai2="112,90,126,4,42,78,75,113,62,108,92,7,16" hai3="3,127,99,79,111,53,98,131,93,120,21,89,85"/><W104/><G120/><T123/><D123/><U94/><E105/><V44/><F108/><W30/><G111/><T83/><D130/><U56/><E132/><V134/><F126/><W121/><G121/><T122/><D34/><U61/><E61/><V65/><F134/><W12/><G3/><T32/><D32/><U40/><E40/><V103/><F16/><N who="3" m="10375" /><G127/><T29/><D29/><U27/><E9/><V119/><F103/><W52/><G104/><T69/><D122/><U133/><E133/><V107/><F107/><W25/><G131/><T5/><D67/><U31/><E18/><V41/><F78/><W14/><G14/><T76/><D5/><N who="2" m="2122" /><F44/><W124/><G124/><T51/><D91/><N who="1" m="53623" /><E95/><V55/><F75/><W110/><G110/><T50/><REACH who="0" step="1"/><D76/><REACH who="0" ten="241,290,359,100" step="2"/><U10/><E31/><V33/><F33/><W57/><G79/><T45/><AGARI ba="0,1" hai="15,17,20,43,45,46,50,51,54,68,69,70,80,83" machi="45" ten="40,8000,1" yaku="1,1,2,1,0,1,52,1,53,1" doraHai="48" doraHaiUra="36" who="0" fromWho="0" sc="241,90,290,-20,359,-20,100,-40" owari="331,13.0,270,-13.0,339,44.0,60,-44.0" /></mjloggm>