<mjloggm ver="2.3"><GO type="169" lobby="0"/><UN n0="%6B%62%37%37%37" n1="%E5%91%82%E5%A7%AB" n2="%6B%69%79%6F%6E%61%72%69" n3="%E5%B0%B1%E6%B4%BB%E7%94%9F%40%E5%B7%9D%E6%9D%91%E8%BB%8D%E5%9B%A3" dan="16,18,16,16" rate="2078.91,2218.48,2107.98,2091.80" sx="M,F,M,M"/><TAIKYOKU oya="0"/><INIT seed="0,0,0,5,2,34" ten="250,250,250,250" oya="0" hai0="31,112,24,95,3,48,79,6,19,84,42,129,88" hai1="89,39,114,81,86,53,76,54,20,11,30,36,134" hai2="35,72,60,2,100,49,32,25,125,83,23,67,85" hai3="55,105,9,59,115,51,99,123,98,65,64,126,107"/><T17/><D112/><U70/><E70/><V106/><F72/><W133/><G115/><T33/><D129/><U15/><E134/><V69/><F125/><W135/><G126/><T75/><D75/><U4/><E114/><V47/><F2/><W91/><G9/><T82/><D42/><U16/><E30/><V66/><F66/><W61/><G123/><T5/><D48/><U1/><E54/><V117/><F117/><W52/><G65/><T58/><D58/><U122/><E122/><V40/><F100/><W63/><G63/><T101/><D101/><U113/><E113/><V43/><F43/><W108/><G108/><T27/><D24/><U130/><E130/><V37/><F106/><W127/><G127/><T46/><D46/><U73/><REACH who="1" step="1"/><E53/><REACH who="1" ten="250,240,250,250" step="2"/><V62/><F69/><W56/><G55/><T97/><REACH who="0" step="1"/><D6/><REACH who="0" ten="240,240,250,250" step="2"/><U44/><E44/><V0/><F47/><W77/><G133/><T131/><D131/><U96/><E96/><V92/><F67/><W93/><G135/><T116/><D116/><U132/><E132/><V18/><F40/><W14/><G99/><T12/><D12/><U26/><E26/><V13/><F25/><W109/><G14/><T110/><D110/><U74/><E74/><V104/><F13/><W45/><G109/><T71/><D71/><U102/><E102/><V78/><F37/><W128/><G128/><T111/><D111/><U8/><E8/><AGARI ba="0,2" hai="3,5,8,17,19,27,31,33,79,82,84,88,95,97" machi="8" ten="40,12000,1" yaku="1,1,52,1,54,1,53,1" doraHai="34" doraHaiUra="80" who="0" fromWho="1" sc="240,140,240,-120,250,0,250,0" /><INIT seed="0,1,0,3,0,17" ten="380,120,250,250" oya="0" hai0="3,49,72,34,95,89,61,55,54,94,115,90,45" hai1="18,9,10,122,63,60,65,64,84,28,85,47,131" hai2="25,2,130,118,111,78,23,92,21,128,97,107,42" hai3="0,12,11,114,39,4,48,31,126,98,116,123,108"/><T53/><D72/><U22/><E131/><N who="2" m="50219" /><F111/><W121/><G39/><T79/><D115/><U105/><E105/><V13/><F118/><W103/><G114/><T24/><D79/><U120/><E47/><V74/><F2/><W27/><G116/><T75/><D75/><U67/><E28/><V43/><F107/><W86/><G108/><T106/><D106/><U134/><E134/><V80/><F13/><W83/><G48/><T71/><D3/><U32/><E32/><V44/><F25/><W110/><G110/><T8/><D8/><N who="1" m="3179" /><E122/><V91/><F43/><W56/><G56/><T129/><D129/><U29/><E29/><V57/><F57/><W96/><G0/><T109/><D109/><U26/><E120/><N who="3" m="46154" /><G103/><T101/><D34/><U35/><E35/><V5/><F5/><W124/><G27/><T113/><D113/><U76/><E76/><V40/><F40/><W7/><G31/><T99/><D24/><U51/><E51/><AGARI ba="1,0" hai="21,23,42,44,51,74,78,80,91,92,97" m="50219" machi="51" ten="30,3900,0" yaku="19,1,52,2" doraHai="17" who="2" fromWho="1" sc="380,0,120,-42,250,42,250,0" /><INIT seed="1,0,0,0,0,66" ten="380,78,292,250" oya="1" hai0="20,11,79,54,5,10,90,41,67,49,23,32,14" hai1="31,118,39,105,52,84,91,51,115,56,16,98,57" hai2="62,13,48,19,45,34,8,59,78,96,97,102,104" hai3="103,7,99,110,37,100,128,53,88,108,82,107,131"/><U25/><E118/><V85/><F34/><W12/><G37/><T47/><D32/><U9/><E115/><V17/><F97/><N who="3" m="61839" /><G53/><T69/><D79/><U87/><E39/><V76/><F85/><N who="3" m="50231" /><G12/><T58/><D90/><U61/><E105/><V77/><F19/><W121/><G7/><N who="0" m="3423" /><D69/><U134/><E134/><V33/><F33/><W30/><G30/><T18/><D67/><U112/><E112/><V74/><F74/><W132/><G132/><T38/><D38/><U109/><E109/><N who="3" m="42090" /><G121/><T28/><D28/><U29/><E98/><V111/><F111/><W4/><G4/><T94/><D5/><U124/><E84/><V0/><F0/><W21/><G21/><T24/><D23/><N who="1" m="13543" /><E9/><V101/><F96/><W55/><G55/><T22/><D22/><U65/><E124/><V129/><F8/><W86/><G86/><T64/><D41/><U27/><E27/><V80/><F13/><W93/><AGARI ba="0,0" hai="93,99,103,128,131" m="42090,50231,61839" machi="93" ten="30,7900,0" yaku="14,1,34,2,54,1" doraHai="66" who="3" fromWho="3" sc="380,-20,78,-39,292,-20,250,79" /><INIT seed="2,0,0,2,0,27" ten="360,39,272,329" oya="2" hai0="75,21,45,65,76,96,130,100,54,117,38,78,12" hai1="113,29,40,82,134,16,69,5,108,112,14,6,64" hai2="62,36,115,53,8,55,61,11,86,32,110,123,28" hai3="7,121,99,90,39,46,111,74,10,17,128,101,107"/><V87/><F115/><W42/><G121/><T0/><D117/><U119/><E119/><V50/><F123/><W25/><G111/><T73/><D0/><U35/><E40/><V31/><F36/><W37/><G128/><T79/><D65/><U104/><E104/><V114/><F114/><N who="1" m="44137" /><E82/><V125/><F32/><W70/><G70/><T51/><D38/><U33/><E64/><V94/><F110/><W15/><G39/><T89/><D130/><U95/><E95/><V30/><F125/><W80/><G25/><T83/><D89/><U77/><E77/><V72/><F72/><W18/><G90/><T9/><D21/><N who="1" m="11415" /><E69/><V23/><F23/><W20/><G20/><T49/><D49/><U59/><E59/><N who="2" m="35071" /><F62/><W34/><G34/><N who="1" m="12810" /><E134/><V1/><F94/><W91/><G74/><T84/><D75/><U4/><E108/><V67/><F67/><W93/><G80/><T129/><D129/><U126/><E126/><V60/><F60/><W102/><G102/><T57/><D73/><U43/><E43/><V24/><F87/><AGARI ba="0,0" hai="7,10,15,17,18,37,42,46,87,91,93,99,101,107" machi="87" ten="30,1000,0" yaku="7,1" doraHai="27" who="3" fromWho="2" sc="360,0,39,0,272,-10,329,10" /><INIT seed="3,0,0,3,0,116" ten="360,39,262,339" oya="3" hai0="130,19,7,56,99,72,129,9,50,20,61,126,101" hai1="14,11,49,18,104,105,73,42,111,76,77,120,26" hai2="33,58,10,25,27,135,45,1,60,133,94,0,36" hai3="90,82,81,17,12,122,80,95,39,53,75,79,47"/><W87/><G122/><T31/><D72/><U69/><E69/><V114/><F114/><W132/><G132/><T102/><D31/><U112/><E112/><V22/><F33/><W40/><REACH who="3" step="1"/><G53/><REACH who="3" ten="360,39,262,329" step="2"/><T46/><D126/><U125/><E125/><V134/><F135/><W54/><G54/><T63/><D130/><U8/><E120/><V123/><F134/><W83/><G83/><T115/><D129/><U74/><E111/><V91/><F133/><W113/><G113/><T92/><D115/><U109/><E109/><V118/><F123/><W48/><G48/><T62/><D50/><U65/><E49/><V2/><F118/><W55/><G55/><T13/><D46/><U124/><E124/><V88/><F45/><W38/><G38/><T5/><D56/><U6/><E42/><V44/><F44/><W66/><G66/><T100/><D9/><AGARI ba="0,1" hai="9,12,17,39,40,47,75,79,80,81,82,87,90,95" machi="9" ten="30,2900,0" yaku="1,1,7,1,53,0" doraHai="116" doraHaiUra="128" who="3" fromWho="0" sc="360,-29,39,0,262,0,329,39" /><INIT seed="3,1,0,0,1,133" ten="331,39,262,368" oya="3" hai0="110,93,73,24,30,68,38,71,36,80,56,69,89" hai1="79,18,21,1,78,62,98,128,54,6,81,118,9" hai2="34,7,124,4,103,8,13,74,3,100,101,134,109" hai3="46,25,106,117,26,121,127,37,51,72,132,40,20"/><W84/><G117/><T23/><D110/><U41/><E128/><V75/><F109/><W126/><G72/><T50/><D73/><U87/><E118/><V53/><F34/><W27/><G132/><T105/><D105/><U125/><E41/><V90/><F134/><W44/><G106/><T42/><D80/><U61/><E79/><V15/><F90/><W39/><G121/><T66/><D66/><U91/><E125/><N who="3" m="47626" /><G84/><T95/><D95/><U57/><E98/><V55/><F75/><W10/><G10/><T67/><D42/><U120/><E120/><V129/><F8/><W77/><G77/><T131/><D131/><U33/><E33/><V88/><F74/><W64/><G64/><T111/><D111/><U96/><E96/><V97/><F97/><W122/><G122/><T130/><D130/><U108/><E108/><V32/><F32/><W119/><G119/><T28/><D67/><U99/><E99/><V45/><F129/><W107/><G107/><T47/><D38/><N who="3" m="14345" /><G44/><T65/><D36/><U12/><REACH who="1" step="1"/><E78/><REACH who="1" ten="331,29,262,368" step="2"/><V135/><F124/><W2/><G2/><T43/><D71/><U123/><E123/><V11/><F3/><W83/><G83/><T0/><D69/><U58/><E58/><V48/><F135/><W82/><G82/><T17/><D0/><U70/><E70/><V86/><F45/><W113/><G113/><T59/><D68/><U85/><E85/><V63/><F86/><W19/><AGARI ba="1,1" hai="19,20,25,26,27,40,46,51" m="14345,47626" machi="19" ten="30,11700,0" yaku="18,1,52,3" doraHai="133" who="3" fromWho="3" sc="331,-40,29,-40,262,-40,368,130" owari="291,9.0,-11,-51.0,222,-18.0,498,60.0" /></mjloggm>