<mjloggm ver="2.3"><GO type="169" lobby="0"/><UN n0="%E3%83%A1%E3%82%A4%E3%82%A2%E3%82%AF%E3%83%88" n1="%E3%82%A6%E3%83%AB%E3%83%88%E3%83%A9%E7%AB%8B%E7%9B%B4" n2="%73%73%74%61%72%6F" n3="%E5%A5%B3%E5%AD%90%E5%8A%9B%E2%98%86%E3%81%94%E3%82%8A%E3%82%89" dan="16,17,17,16" rate="2086.12,2210.40,2169.35,2149.14" sx="M,M,M,M"/><TAIKYOKU oya="0"/><INIT seed="0,0,0,4,2,21" ten="250,250,250,250" oya="0" hai0="101,74,125,13,2,69,14,55,5,25,65,103,83" hai1="100,63,108,107,53,64,120,104,133,113,60,135,105" hai2="48,47,89,51,121,50,49,130,27,18,70,79,52" hai3="56,19,39,54,97,6,128,116,36,110,106,132,98"/><T46/><D2/><U33/><E120/><V134/><F121/><W23/><G116/><T124/><D69/><U75/><E75/><V99/><F70/><W71/><G71/><T34/><D65/><U38/><E38/><V78/><F130/><W131/><G110/><T90/><D46/><U29/><E108/><V92/><F134/><W122/><G132/><T20/><D34/><U57/><E100/><V109/><F109/><W3/><G122/><T91/><D55/><U66/><E113/><V35/><REACH who="2" step="1"/><F18/><REACH who="2" ten="250,250,240,250" step="2"/><W82/><G19/><T24/><D5/><U17/><E17/><V86/><F86/><W31/><G6/><T62/><D74/><U45/><E135/><V123/><F123/><W126/><G128/><T68/><D68/><U118/><E133/><V93/><F93/><W112/><G131/><T80/><REACH who="0" step="1"/><D20/><REACH who="0" ten="240,250,240,250" step="2"/><U22/><E22/><V9/><F9/><W30/><G23/><T87/><D87/><U44/><E33/><V41/><F41/><W58/><G112/><T61/><AGARI ba="0,2" hai="13,14,24,25,61,62,80,83,90,91,101,103,124,125" machi="61" ten="25,18000,2" yaku="1,1,0,1,22,2,52,2,53,0" doraHai="21" doraHaiUra="16" who="0" fromWho="0" sc="240,200,250,-60,240,-60,250,-60" /><INIT seed="0,1,0,0,0,3" ten="440,190,180,190" oya="0" hai0="33,50,102,104,126,41,27,9,63,131,39,21,94" hai1="114,56,60,72,71,15,73,47,123,108,100,53,127" hai2="115,90,74,62,61,44,19,88,17,112,78,103,26" hai3="51,118,117,98,76,125,116,28,57,54,105,132,110"/><T107/><D39/><U77/><E123/><V29/><F103/><W18/><G110/><T84/><D33/><U128/><E108/><V79/><F44/><W121/><G121/><T4/><D126/><U91/><E127/><V85/><F85/><W75/><G125/><T48/><D131/><U2/><E2/><V80/><F26/><W101/><G132/><T5/><D107/><U65/><E128/><V83/><REACH who="2" step="1"/><F29/><REACH who="2" ten="440,190,170,190" step="2"/><W135/><G28/><T10/><D104/><U49/><E100/><V120/><F120/><W16/><G135/><T64/><D102/><U37/><E77/><V6/><F6/><N who="0" m="2666" /><D41/><U130/><E130/><V23/><F23/><W42/><G42/><T0/><D0/><U30/><E30/><V99/><F99/><W20/><G20/><T95/><D84/><U43/><E15/><V129/><F129/><W67/><G117/><T52/><D10/><U34/><E34/><V89/><F89/><W58/><G116/><T25/><D25/><U12/><E12/><V93/><F93/><N who="0" m="35338" /><D9/><U109/><E109/><V13/><F13/><W124/><G118/><T70/><D27/><U111/><E111/><V22/><F22/><W31/><G124/><T97/><D97/><U55/><E91/><V35/><F35/><W40/><G31/><T66/><D21/><U1/><E1/><V82/><F82/><N who="3" m="45343" /><G40/><T14/><D14/><U87/><E87/><V8/><F8/><W69/><G98/><T59/><D70/><U38/><E71/><V32/><F32/><W81/><G69/><T133/><D133/><U134/><E134/><V86/><F86/><RYUUKYOKU ba="1,1" sc="440,15,190,-15,170,15,190,-15" hai0="48,50,52,59,63,64,66" hai2="17,19,61,62,74,78,79,80,83,88,90,112,115" /><INIT seed="0,2,1,4,2,28" ten="455,175,185,175" oya="0" hai0="107,61,85,17,128,20,95,129,88,23,126,122,7" hai1="44,49,21,90,112,87,38,62,70,30,86,24,81" hai2="19,52,110,74,48,14,96,31,16,26,109,12,45" hai3="73,15,127,120,0,101,60,135,131,5,108,56,100"/><T76/><D107/><U78/><E112/><V91/><F74/><W79/><G108/><N who="2" m="41577" /><F14/><W47/><G127/><T33/><D122/><U106/><E106/><V53/><F53/><W113/><G113/><T114/><D114/><U11/><E38/><V104/><F12/><W37/><G15/><T6/><D126/><U77/><E11/><V124/><F124/><W32/><G131/><T105/><D105/><U83/><E70/><V99/><F91/><W18/><G0/><T93/><D17/><N who="2" m="6730" /><F104/><W41/><G18/><T68/><D76/><U13/><E13/><V115/><F115/><W42/><G79/><T10/><D10/><U66/><E90/><V50/><F50/><W111/><G73/><T67/><D95/><U34/><E62/><V35/><AGARI ba="2,1" hai="26,31,35,45,48,52,96,99" m="6730,41577" machi="35" ten="30,7900,0" yaku="14,1,52,1,54,2" doraHai="28" who="2" fromWho="2" sc="455,-41,175,-22,185,95,175,-22" /><INIT seed="1,0,0,2,3,39" ten="414,153,280,153" oya="1" hai0="52,90,101,95,8,135,33,40,30,1,93,76,115" hai1="16,65,113,31,2,45,13,91,69,24,109,66,0" hai2="6,74,131,59,51,130,122,106,97,119,92,98,110" hai3="72,38,53,121,5,50,14,79,112,36,49,82,26"/><U68/><E113/><V127/><F122/><W73/><G112/><T35/><D115/><U96/><E109/><V15/><F119/><W11/><G121/><T48/><D76/><U54/><E68/><V126/><F110/><W87/><G49/><T103/><D135/><U116/><E116/><V77/><F106/><W19/><G72/><T102/><D95/><N who="1" m="56447" /><E69/><V125/><F74/><W34/><G73/><T83/><D83/><U117/><E0/><V85/><F6/><W37/><G34/><T9/><D1/><U64/><E2/><V43/><F15/><W32/><G32/><T108/><D35/><U28/><E24/><V62/><F77/><W27/><REACH who="3" step="1"/><G5/><REACH who="3" ten="414,153,280,143" step="2"/><T25/><D108/><U120/><E120/><V60/><F51/><W57/><AGARI ba="0,1" hai="11,14,19,26,27,36,37,38,50,53,57,79,82,87" machi="57" ten="30,4000,0" yaku="1,1,2,1,0,1,53,0" doraHai="39" doraHaiUra="67" who="3" fromWho="3" sc="414,-10,153,-20,280,-10,143,50" /><INIT seed="2,0,0,5,3,101" ten="404,133,270,193" oya="2" hai0="102,85,9,76,24,115,48,67,49,39,84,11,131" hai1="81,75,133,15,91,46,62,42,100,110,114,4,126" hai2="31,121,25,10,125,128,1,40,118,35,83,127,54" hai3="59,113,61,123,71,112,36,99,17,14,107,134,52"/><V116/><BYE who="1" /><F40/><W92/><G123/><T72/><D39/><U47/><E47/><V38/><F38/><UN n1="%E3%82%A6%E3%83%AB%E3%83%88%E3%83%A9%E7%AB%8B%E7%9B%B4" /><W103/><G36/><T22/><D72/><U32/><E114/><N who="3" m="44138" /><G71/><T111/><D115/><U95/><E32/><V26/><F83/><W34/><G34/><T3/><D111/><U12/><E110/><V86/><F86/><W96/><G134/><T97/><D131/><U0/><E133/><V120/><F54/><W60/><G60/><T132/><D132/><U108/><E108/><V73/><F73/><W20/><G99/><T41/><D67/><U63/><E126/><N who="2" m="48139" /><F26/><W80/><G80/><T79/><D24/><U93/><E81/><V90/><F90/><W124/><G124/><T70/><D97/><U66/><E91/><V69/><F69/><W13/><G13/><T37/><D3/><U8/><E15/><V29/><F29/><W16/><G17/><T30/><D30/><U77/><E12/><V117/><F128/><W18/><G18/><T50/><D70/><U87/><E75/><V104/><F104/><AGARI ba="0,0" hai="14,16,20,52,59,61,92,96,103,104,107" m="44138" machi="104" ten="30,8000,1" yaku="11,1,52,2,54,2" doraHai="101" who="3" fromWho="2" sc="404,0,133,0,270,-80,193,80" /><INIT seed="3,0,0,5,0,84" ten="404,133,190,273" oya="3" hai0="17,34,23,110,8,16,41,7,49,102,45,40,53" hai1="75,26,73,82,124,39,71,44,35,95,79,125,24" hai2="32,20,100,5,99,42,88,78,61,97,4,104,127" hai3="101,114,29,47,134,56,113,93,51,15,90,62,132"/><W37/><G37/><T50/><D34/><U59/><E71/><V55/><F32/><W72/><G72/><T69/><D69/><U27/><E35/><V10/><F78/><W43/><G15/><T6/><D110/><U131/><E131/><V83/><F127/><W120/><G101/><T119/><D119/><U121/><E121/><V36/><F20/><W9/><G9/><T106/><D106/><U38/><E75/><V74/><F74/><W22/><G120/><T92/><D41/><U64/><E44/><V30/><F30/><W123/><G22/><T21/><D8/><U66/><E95/><V130/><F130/><W31/><G123/><T135/><D135/><N who="3" m="51753" /><G31/><T0/><D0/><U63/><REACH who="1" step="1"/><E66/><REACH who="1" ten="404,123,190,273" step="2"/><V86/><F104/><W117/><G117/><T122/><D122/><U28/><E28/><V2/><F100/><W13/><G29/><T129/><D102/><U68/><E68/><V18/><F4/><W96/><G13/><N who="0" m="9359" /><D92/><U11/><E11/><V67/><F10/><W105/><G105/><T115/><D129/><U65/><E65/><AGARI ba="0,1" hai="43,47,51,56,62,65,90,93,96,113,114" m="51753" machi="65" ten="30,2900,0" yaku="20,1,52,1" doraHai="84" who="3" fromWho="1" sc="404,0,123,-29,190,0,273,39" /><INIT seed="3,1,0,0,2,38" ten="404,94,190,312" oya="3" hai0="54,87,134,86,115,23,125,90,102,110,10,112,18" hai1="69,81,97,16,106,133,119,123,31,24,1,27,73" hai2="71,109,11,9,45,55,108,121,41,116,130,88,49" hai3="67,34,17,105,13,21,0,26,57,135,103,50,76"/><W14/><G0/><T70/><D70/><U58/><E69/><V92/><F116/><W74/><G135/><T44/><D110/><N who="2" m="42602" /><F71/><W68/><G68/><T25/><D134/><U131/><E133/><V63/><F130/><W89/><G34/><T120/><D120/><U40/><E1/><V107/><F107/><W56/><G105/><T5/><D102/><U79/><E131/><V35/><F35/><W60/><G103/><T93/><D125/><U91/><E123/><V59/><F121/><W127/><G127/><T43/><D54/><U3/><E3/><V37/><F37/><W8/><G8/><T33/><D33/><U65/><E119/><V104/><F104/><W82/><REACH who="3" step="1"/><G89/><REACH who="3" ten="404,94,190,302" step="2"/><T52/><D115/><U28/><E106/><V30/><F30/><W80/><G80/><T113/><D113/><U61/><E31/><V96/><AGARI ba="1,1" hai="9,11,41,45,49,55,59,63,88,92,96" m="42602" machi="96" ten="30,4000,0" yaku="14,1,52,1,54,1" doraHai="38" who="2" fromWho="2" sc="404,-11,94,-11,190,53,302,-21" /><INIT seed="4,0,0,5,2,103" ten="393,83,243,281" oya="0" hai0="6,2,70,106,118,63,28,86,75,8,117,23,125" hai1="16,19,114,105,72,39,0,4,66,45,22,27,95" hai2="132,9,111,34,25,52,92,53,74,37,121,56,116" hai3="30,55,115,11,50,80,73,47,38,12,60,122,120"/><T1/><D86/><U43/><E114/><V100/><F121/><N who="3" m="46699" /><G115/><T29/><D75/><U127/><E127/><V54/><F111/><W81/><G73/><T126/><D63/><U76/><E66/><V51/><F74/><W77/><G30/><T71/><D23/><U109/><E95/><V93/><F37/><W15/><G77/><T134/><D134/><U42/><E42/><V20/><F132/><W67/><G38/><T101/><D101/><U135/><E135/><V26/><F116/><W79/><G79/><T49/><D49/><U97/><E109/><V124/><F124/><N who="0" m="47722" /><D106/><U13/><E97/><N who="2" m="59431" /><F34/><W14/><G11/><T68/><D8/><U40/><E105/><V82/><F82/><W104/><G104/><T84/><D84/><U10/><E43/><V113/><F113/><W5/><G5/><T62/><D6/><U57/><E57/><AGARI ba="0,0" hai="12,14,15,47,50,55,57,60,67,80,81" m="46699" machi="57" ten="30,1000,0" yaku="13,1" doraHai="103" who="3" fromWho="1" sc="393,0,83,-10,243,0,281,10" /><INIT seed="5,0,0,4,5,51" ten="393,73,243,291" oya="1" hai0="11,77,30,130,58,108,46,56,113,127,90,95,79" hai1="88,99,76,22,135,45,35,17,119,106,85,100,105" hai2="101,9,44,20,26,94,14,28,65,38,102,129,15" hai3="87,133,25,54,29,66,110,97,109,80,74,53,73"/><U103/><E119/><V6/><F129/><W67/><G133/><T123/><D108/><U118/><E118/><V19/><F65/><W52/><G109/><T32/><D130/><U50/><E35/><V21/><F38/><W132/><G132/><T117/><D117/><U121/><E121/><V134/><F134/><W4/><G110/><T122/><D127/><U112/><E135/><V111/><F111/><W49/><G49/><T93/><D11/><U5/><E5/><V31/><F44/><W104/><G4/><T78/><D46/><U24/><E112/><V18/><F94/><N who="0" m="35850" /><D90/><U81/><E103/><AGARI ba="0,0" hai="6,9,14,15,18,19,20,21,26,28,31,101,102,103" machi="103" ten="40,1300,0" yaku="8,1" doraHai="51" who="2" fromWho="1" sc="393,0,73,-13,243,13,291,0" /><INIT seed="6,0,0,0,0,60" ten="393,60,256,291" oya="2" hai0="70,88,115,3,62,87,76,34,132,133,46,30,93" hai1="15,83,96,116,55,126,120,58,14,69,22,24,85" hai2="7,28,5,12,90,71,123,121,49,57,13,128,31" hai3="74,78,80,105,107,65,95,26,0,36,97,16,122"/><V66/><F71/><W73/><G122/><T33/><BYE who="1" /><D3/><U29/><E29/><UN n1="%E3%82%A6%E3%83%AB%E3%83%88%E3%83%A9%E7%AB%8B%E7%9B%B4" /><V42/><F128/><W63/><G0/><T39/><D115/><U77/><E69/><V21/><F42/><W91/><G36/><T127/><D127/><U129/><E126/><V130/><F130/><W94/><G74/><T11/><D11/><U25/><E116/><V82/><F123/><W40/><G40/><T48/><D39/><U68/><E129/><V27/><F121/><W103/><G26/><T118/><D118/><U41/><E68/><V112/><F112/><W52/><G52/><T104/><D104/><U17/><E41/><V109/><F109/><W56/><REACH who="3" step="1"/><G16/><REACH who="3" ten="393,60,256,281" step="2"/><T8/><D133/><U43/><E43/><V45/><F31/><W131/><G131/><T53/><D53/><U20/><E120/><V89/><F45/><W35/><G35/><T111/><D33/><U23/><E96/><AGARI ba="0,1" hai="56,63,65,73,78,80,91,94,95,96,97,103,105,107" machi="96" ten="30,3900,0" yaku="1,1,7,1,52,1,53,0" doraHai="60" doraHaiUra="135" who="3" fromWho="1" sc="393,0,60,-39,256,0,281,49" /><INIT seed="7,0,0,1,5,1" ten="393,21,256,330" oya="3" hai0="26,82,9,123,109,114,19,34,84,83,128,112,88" hai1="107,90,74,85,47,65,86,18,119,120,49,117,64" hai2="37,39,73,38,0,80,100,35,134,89,16,68,113" hai3="81,17,61,127,75,104,23,93,31,4,60,27,55"/><W70/><G104/><T110/><D123/><U78/><E18/><V96/><F113/><N who="0" m="43626" /><D128/><U111/><E49/><V40/><F134/><W56/><G127/><T42/><D42/><U51/><E51/><V71/><F0/><W124/><G124/><T46/><D46/><U108/><E47/><V28/><F40/><W14/><G70/><T101/><D101/><U45/><E45/><V66/><F16/><W69/><G75/><T50/><D50/><U43/><E43/><V3/><F3/><W97/><G81/><T72/><D9/><U13/><E13/><V21/><F21/><W6/><G69/><T131/><D131/><U54/><E54/><V20/><F20/><N who="3" m="15847" /><G61/><T11/><D11/><U44/><E44/><V103/><F103/><AGARI ba="0,0" hai="4,6,14,17,23,55,56,60,93,97,103" m="15847" machi="103" ten="30,5800,0" yaku="8,1,52,2" doraHai="1" who="3" fromWho="2" sc="393,0,21,0,256,-58,330,58" /><INIT seed="7,1,0,3,2,64" ten="393,21,198,388" oya="3" hai0="120,46,94,54,105,114,126,133,85,47,103,101,117" hai1="92,21,131,8,37,11,93,100,53,135,113,122,83" hai2="16,23,86,66,30,70,61,87,36,111,76,119,123" hai3="124,41,1,73,48,38,130,35,127,58,75,96,115"/><W18/><G130/><T2/><D2/><U59/><E131/><V42/><F111/><W15/><G1/><T0/><D0/><U82/><E135/><V109/><F109/><W71/><G71/><T14/><D120/><U43/><E122/><V104/><F104/><W116/><G116/><T95/><D117/><U29/><E113/><V68/><F119/><W57/><G115/><T65/><D114/><U67/><E37/><V88/><F123/><W121/><G121/><T125/><D133/><U6/><E43/><V7/><F7/><W34/><G38/><T10/><D65/><U50/><E6/><V132/><F30/><W9/><G96/><T107/><D54/><U31/><E50/><V52/><F132/><W39/><G39/><T20/><D20/><U118/><E118/><V69/><F76/><W44/><G58/><T84/><D14/><U3/><E3/><V81/><F87/><W97/><G97/><T91/><D91/><U106/><E106/><V134/><F134/><W26/><G57/><T99/><D99/><U56/><E21/><V17/><F52/><W32/><REACH who="3" step="1"/><G26/><REACH who="3" ten="393,21,198,378" step="2"/><T98/><D98/><U102/><REACH who="1" step="1"/><E53/><REACH who="1" ten="393,11,198,378" step="2"/><V24/><REACH who="2" step="1"/><F17/><REACH who="2" ten="393,11,188,378" step="2"/><W79/><G79/><T13/><D107/><U45/><E45/><AGARI ba="1,3" hai="16,23,24,36,42,45,61,66,68,69,70,81,86,88" machi="45" ten="40,16000,3" yaku="1,1,2,1,52,3,54,2,53,1" doraHai="64" doraHaiUra="12" who="2" fromWho="1" sc="393,0,11,-163,188,193,378,0" owari="393,49.0,-152,-65.0,381,18.0,378,-2.0" /></mjloggm>