<mjloggm ver="2.3"><GO type="225" lobby="0"/><UN n0="%E3%82%A6%E3%83%AB%E3%83%88%E3%83%A9%E7%AB%8B%E7%9B%B4" n1="%E8%87%AA%E7%A7%B0%E6%9C%80%E5%BC%B7%E9%9B%80%E5%A3%AB%EF%BC%93" n2="%E3%83%8B%E3%83%A3%E3%83%83%E3%83%94%E3%83%BC%E5%A4%8F%E7%9B%AE" n3="%E5%A6%82%E6%9C%88%E3%82%AB%E3%83%AB%E3%83%8A" dan="17,16,17,16" rate="2205.66,2144.62,2171.10,2083.62" sx="M,M,M,M"/><TAIKYOKU oya="0"/><INIT seed="0,0,0,4,3,123" ten="250,250,250,250" oya="0" hai0="107,134,65,75,77,0,54,23,82,58,85,99,11" hai1="9,80,28,120,2,127,22,14,108,100,19,15,29" hai2="101,133,94,55,21,98,70,69,87,102,90,131,18" hai3="50,89,126,84,128,129,3,114,25,51,118,83,49"/><T31/><D134/><U4/><E120/><V115/><F115/><W40/><G114/><T48/><D65/><U12/><E100/><V16/><F133/><W76/><G118/><T24/><D107/><U67/><E67/><V72/><F131/><N who="3" m="50251" /><G126/><T66/><D66/><U53/><E53/><V119/><F119/><W122/><G122/><T96/><REACH who="0" step="1"/><D75/><REACH who="0" ten="240,250,250,250" step="2"/><U61/><E127/><V46/><F72/><N who="3" m="43399" /><G3/><T44/><D44/><U5/><E2/><V20/><F46/><N who="3" m="25799" /><G25/><T1/><D1/><U64/><E14/><V135/><F135/><W74/><G74/><T95/><D95/><AGARI ba="0,1" hai="50,51,84,89,95" m="25799,43399,50251" machi="95" ten="30,1000,0" yaku="19,1" doraHai="123" who="3" fromWho="0" sc="240,-10,250,0,250,0,250,20" /><INIT seed="1,0,0,0,4,90" ten="230,250,250,270" oya="1" hai0="103,135,85,44,117,89,47,82,88,108,124,57,72" hai1="94,87,121,43,13,34,118,96,27,86,116,24,2" hai2="101,59,105,127,134,22,133,120,65,131,74,58,4" hai3="5,122,39,73,80,50,106,40,130,41,64,0,52"/><U115/><E2/><V70/><F74/><W28/><G122/><T9/><D117/><U81/><E121/><V126/><F120/><W35/><G64/><T46/><D72/><U99/><E43/><V51/><F4/><W104/><G40/><T49/><D108/><U111/><E115/><V112/><F22/><W18/><G18/><T38/><D38/><U11/><E111/><V119/><F101/><W3/><G52/><N who="0" m="31887" /><D135/><N who="2" m="51722" /><F105/><W7/><G39/><T14/><D103/><U109/><E109/><V36/><F36/><W98/><G106/><T102/><D102/><U83/><E34/><V71/><F119/><W91/><G73/><T8/><D124/><N who="2" m="47658" /><F112/><W129/><G0/><T23/><D23/><U21/><E21/><V48/><F131/><W45/><G3/><T56/><D56/><N who="2" m="21546" /><F65/><W113/><G113/><T37/><D37/><U128/><E128/><V25/><F25/><W114/><G114/><T60/><D60/><U16/><E118/><V110/><F110/><W10/><G130/><T15/><D9/><U97/><E116/><V20/><F20/><W125/><G10/><T53/><D8/><U29/><E24/><V66/><F66/><W77/><G129/><T78/><D53/><U30/><E27/><V54/><F54/><W67/><G67/><T123/><D123/><U1/><E1/><V100/><F100/><W75/><G125/><T55/><D55/><U6/><E6/><V33/><F33/><W76/><G104/><T84/><D78/><U79/><E30/><V93/><F93/><AGARI ba="0,0" hai="14,15,44,46,47,82,84,85,88,89,93" m="31887" machi="93" ten="30,7700,0" yaku="8,1,52,1,54,2" doraHai="90" who="0" fromWho="2" sc="230,77,250,0,250,-77,270,0" /><INIT seed="2,0,0,2,4,16" ten="307,250,173,270" oya="2" hai0="84,10,66,128,14,20,109,133,78,61,132,75,101" hai1="37,5,121,22,104,46,105,38,57,55,83,8,35" hai2="95,126,24,68,107,115,54,131,134,45,87,34,1" hai3="53,65,118,72,63,56,9,33,82,51,73,7,97"/><V130/><F115/><W15/><G118/><T58/><D75/><U125/><E35/><V2/><F107/><W127/><G127/><T122/><D122/><U50/><E125/><V90/><F126/><W98/><G33/><T93/><D109/><U36/><E121/><V12/><F68/><W47/><G72/><T69/><D69/><U3/><E83/><V11/><F134/><W27/><G73/><T26/><D128/><N who="2" m="49194" /><F54/><W94/><G82/><T23/><D78/><U99/><E99/><V70/><F70/><W117/><G117/><T86/><D86/><U81/><E81/><V28/><F45/><W48/><G27/><T77/><D77/><U44/><E44/><V30/><F30/><W116/><G116/><T124/><D124/><U102/><E102/><V129/><N who="2" m="49202" /><V74/><DORA hai="4" /><F74/><W17/><G94/><T88/><D101/><U25/><REACH who="1" step="1"/><E46/><REACH who="1" ten="307,240,173,270" step="2"/><V79/><F79/><W59/><REACH who="3" step="1"/><G7/><AGARI ba="0,1" hai="1,2,7,11,12,24,28,34,87,90,95" m="49202" machi="7" ten="40,3900,0" yaku="19,1,52,1" doraHai="16,4" who="2" fromWho="3" sc="307,0,240,0,173,49,270,-39" /><INIT seed="2,1,0,4,5,40" ten="307,240,222,231" oya="2" hai0="26,104,33,123,16,126,70,5,130,6,64,133,8" hai1="114,96,86,17,69,28,109,97,88,135,76,22,24" hai2="65,129,15,42,35,32,95,98,59,122,54,27,74" hai3="57,107,18,90,0,94,2,52,73,29,128,58,83"/><V132/><F74/><W50/><G107/><T119/><D6/><U124/><E69/><V34/><F122/><W101/><G128/><T79/><D79/><U68/><E68/><V12/><F129/><W103/><G29/><T125/><D130/><U55/><E114/><V105/><F105/><W81/><G0/><T116/><D104/><U106/><E109/><V41/><F65/><W23/><G2/><N who="0" m="55" /><D123/><U100/><E124/><N who="0" m="47721" /><D133/><U102/><E76/><V47/><F27/><W117/><G117/><T80/><D80/><N who="3" m="30793" /><G58/><T39/><D39/><U89/><E135/><V85/><F132/><W120/><G73/><T45/><D45/><U53/><E28/><V11/><F85/><N who="3" m="52559" /><G120/><T49/><D64/><U37/><E37/><V111/><F111/><W67/><G67/><T1/><D70/><U131/><E131/><V56/><F56/><W31/><G31/><T127/><D1/><U19/><E106/><V63/><F11/><W60/><G50/><T30/><D49/><U7/><E7/><V51/><REACH who="2" step="1"/><F42/><REACH who="2" ten="307,240,212,231" step="2"/><W134/><G134/><T71/><D127/><U118/><E86/><V62/><F62/><W92/><G92/><T84/><D71/><U91/><E118/><V46/><F46/><W113/><G113/><T77/><D84/><U115/><E115/><V78/><F78/><W108/><G108/><T4/><D77/><U48/><E55/><V36/><F36/><W72/><G72/><T9/><D4/><U14/><E97/><V110/><F110/><W20/><G20/><T121/><D121/><U25/><E96/><V82/><F82/><W112/><G112/><RYUUKYOKU ba="1,1" sc="307,10,240,-30,212,10,231,10" hai0="9,16,26,30,33,116,119" hai2="12,15,32,34,35,41,47,51,54,59,63,95,98" hai3="18,23,52,57,60,101,103" /><INIT seed="2,2,1,3,3,78" ten="317,210,222,241" oya="2" hai0="22,124,16,87,133,134,65,26,61,119,132,48,123" hai1="125,98,108,0,135,52,9,38,34,27,73,130,31" hai2="82,13,46,5,112,49,92,88,129,120,118,69,37" hai3="44,1,100,24,18,121,70,35,47,72,58,56,59"/><V107/><F37/><W10/><G121/><T28/><D123/><U116/><RYUUKYOKU type="yao9" ba="2,1" sc="317,0,210,0,222,0,241,0" hai1="0,9,27,31,34,38,52,73,98,108,116,125,130,135" /><INIT seed="2,3,1,5,3,61" ten="317,210,222,241" oya="2" hai0="128,76,31,121,72,60,95,129,42,44,96,84,19" hai1="81,49,110,29,30,53,46,25,23,34,57,113,91" hai2="68,100,105,9,112,98,106,125,109,122,73,18,93" hai3="83,37,45,11,62,111,86,47,15,21,133,27,135"/><V120/><F112/><W52/><G111/><T101/><D121/><U10/><E113/><V132/><F68/><W69/><G37/><T80/><D31/><U104/><E104/><N who="2" m="40043" /><F18/><N who="3" m="12727" /><G69/><T1/><D60/><U28/><E110/><V55/><F55/><W74/><G74/><T32/><D19/><U6/><E34/><V117/><F9/><W126/><G126/><T51/><D32/><U43/><E81/><V4/><F4/><N who="3" m="3559" /><G135/><T85/><D1/><U20/><E91/><V118/><F109/><W82/><G133/><T119/><D119/><N who="2" m="45578" /><F132/><W77/><G83/><T13/><D13/><U16/><E23/><V70/><F70/><W22/><G22/><T130/><AGARI ba="3,1" hai="42,44,51,72,76,80,84,85,95,96,101,128,129,130" machi="130" ten="30,2000,0" yaku="0,1,19,1" doraHai="61" who="0" fromWho="0" sc="317,39,210,-8,222,-13,241,-8" /><INIT seed="3,0,0,1,0,4" ten="356,202,209,233" oya="3" hai0="12,62,69,132,32,31,35,133,126,127,36,39,129" hai1="107,105,17,88,95,64,135,30,57,44,33,6,25" hai2="99,2,68,108,102,75,60,15,65,92,78,37,72" hai3="120,114,51,28,3,50,81,85,18,98,134,109,9"/><W55/><G114/><T49/><D12/><U77/><E77/><V97/><F2/><W56/><G120/><T103/><D49/><U94/><E6/><V45/><F108/><W80/><G109/><T130/><D103/><U41/><E135/><N who="0" m="51785" /><D62/><U11/><E94/><V101/><F78/><W79/><G134/><T42/><D69/><U24/><E57/><V87/><F87/><W111/><G111/><T59/><D59/><U8/><E64/><V34/><F34/><W43/><G98/><T91/><D91/><U54/><E54/><V125/><F125/><N who="0" m="47626" /><D31/><U82/><E82/><V71/><F71/><W0/><G81/><T53/><D53/><U21/><E105/><V110/><F110/><W48/><G28/><T86/><D86/><U5/><E107/><V106/><F15/><W70/><G70/><T100/><D100/><U117/><E5/><V66/><F66/><W123/><G123/><T16/><D16/><U128/><E117/><V20/><F72/><W61/><G43/><T124/><D124/><U119/><E119/><V118/><F75/><W63/><G63/><T58/><D58/><U73/><E73/><V116/><F116/><W26/><G26/><T13/><D13/><U113/><E113/><V115/><F115/><W1/><G1/><T29/><D29/><U96/><E128/><N who="0" m="49257" /><D42/><U22/><E33/><AGARI ba="0,0" hai="32,33,35,36,39" m="49257,47626,51785" machi="33" ten="40,32000,5" yakuman="39" doraHai="4" who="0" fromWho="1" sc="356,320,202,-320,209,0,233,0" owari="676,78.0,-118,-62.0,209,-19.0,233,3.0" /></mjloggm>