<mjloggm ver="2.3"><GO type="169" lobby="0"/><UN n0="%E3%81%AF%E3%81%92%E3%81%A1%E3%82%87%E3%81%8F" n1="%E3%82%A6%E3%83%AB%E3%83%88%E3%83%A9%E7%AB%8B%E7%9B%B4" n2="%E3%83%AA%E3%83%81%E3%83%A3%21%21" n3="%E3%82%B9%E3%82%B1%E3%83%BC%E3%82%BF%E3%83%BC" dan="17,17,18,18" rate="2237.63,2191.12,2220.88,2243.27" sx="M,M,M,M"/><TAIKYOKU oya="0"/><INIT seed="0,0,0,5,2,19" ten="250,250,250,250" oya="0" hai0="3,92,125,85,111,64,80,78,124,47,99,131,42" hai1="43,21,11,129,123,26,13,70,122,84,132,51,33" hai2="134,109,29,4,106,62,20,23,83,66,1,59,46" hai3="53,8,73,34,27,81,40,120,90,55,48,82,95"/><T7/><D131/><U72/><E72/><V115/><F115/><W39/><G120/><T130/><D130/><U25/><E129/><V114/><F114/><W31/><G39/><T28/><D64/><U5/><E70/><V65/><F106/><W60/><G40/><T89/><D111/><U58/><E132/><V71/><F109/><W94/><G94/><T14/><D28/><U88/><E26/><V116/><F29/><W41/><G41/><T18/><D3/><U117/><E33/><V104/><F104/><W50/><G60/><T56/><D56/><U15/><E15/><V96/><F134/><W35/><G8/><T135/><D135/><U107/><E107/><V100/><F46/><W2/><G73/><T68/><D68/><U17/><E117/><V16/><F83/><W67/><G67/><T38/><REACH who="0" step="1"/><D7/><REACH who="0" ten="240,250,250,250" step="2"/><U24/><E122/><V79/><F4/><W0/><G0/><T87/><D87/><U10/><E123/><V30/><F1/><W36/><G31/><T75/><D75/><U108/><E108/><V69/><F66/><W77/><G2/><T113/><D113/><U61/><E5/><V22/><F30/><W118/><G35/><T12/><D12/><U45/><E13/><N who="2" m="9231" /><F71/><W9/><G34/><T37/><D37/><U54/><REACH who="1" step="1"/><E25/><REACH who="1" ten="240,240,250,250" step="2"/><V112/><F69/><W110/><G27/><T133/><D133/><U98/><E98/><V102/><F116/><W126/><G118/><T49/><D49/><U97/><E97/><V105/><F96/><W127/><G110/><T76/><D76/><U44/><E44/><V103/><F79/><RYUUKYOKU ba="0,2" sc="240,15,240,15,250,-15,250,-15" hai0="14,18,38,42,47,78,80,85,89,92,99,124,125" hai1="10,11,17,21,24,43,45,51,54,58,61,84,88" /><INIT seed="0,1,2,0,2,71" ten="255,255,235,235" oya="0" hai0="31,114,86,72,1,102,16,42,122,66,44,67,54" hai1="58,50,116,0,111,3,115,23,112,90,88,46,87" hai2="93,32,131,70,119,135,52,51,127,134,61,60,106" hai3="56,92,7,2,11,105,63,33,22,21,125,98,27"/><T28/><D72/><U19/><E58/><V37/><F106/><W74/><G125/><T113/><D122/><U120/><E120/><V25/><F127/><W17/><G74/><T124/><D1/><U49/><E116/><V103/><F119/><W64/><G105/><T38/><D124/><U6/><E111/><V94/><F131/><W126/><G126/><T48/><D102/><U107/><E107/><V132/><F37/><W91/><G22/><T104/><D104/><U97/><E97/><N who="2" m="59823" /><F70/><W82/><G82/><T85/><D113/><N who="1" m="43595" /><E6/><V41/><F41/><W99/><REACH who="3" step="1"/><G98/><REACH who="3" ten="255,255,235,225" step="2"/><T24/><D114/><U55/><E87/><V20/><F32/><AGARI ba="1,3" hai="2,7,11,17,21,27,32,33,56,63,64,91,92,99" machi="32" ten="40,2600,0" yaku="1,1,2,1,53,0" doraHai="71" doraHaiUra="123" who="3" fromWho="2" sc="255,0,255,0,235,-29,225,59" /><INIT seed="1,0,0,1,5,82" ten="255,255,206,284" oya="1" hai0="121,114,17,111,9,15,36,13,128,65,95,115,41" hai1="79,31,125,109,84,11,73,33,14,118,71,77,85" hai2="108,48,122,90,68,35,60,12,52,70,66,86,51" hai3="133,91,124,37,83,24,1,130,3,59,49,88,42"/><U112/><E112/><V101/><F122/><W69/><G69/><T103/><D65/><U45/><E118/><V94/><F108/><W132/><G37/><T4/><D111/><U21/><E109/><V56/><F35/><W117/><G117/><T50/><D36/><U106/><E106/><V63/><F70/><W44/><G124/><T87/><D128/><U54/><E33/><V89/><F101/><W81/><G130/><T102/><D121/><U19/><E71/><V113/><F113/><W58/><G24/><T98/><D114/><U25/><E125/><V80/><REACH who="2" step="1"/><F12/><REACH who="2" ten="255,255,196,284" step="2"/><W120/><G120/><T5/><D115/><U22/><E11/><V34/><F34/><W72/><G3/><T30/><D103/><U131/><E131/><V43/><F43/><W47/><G1/><T135/><D15/><U116/><E116/><V93/><F93/><W6/><G42/><T8/><D8/><U92/><E92/><V119/><F119/><W10/><G10/><T74/><D95/><U28/><E28/><V61/><F61/><W78/><G133/><T55/><D30/><U110/><E110/><V27/><F27/><W46/><G132/><T62/><D135/><U104/><E104/><V40/><F40/><W97/><G83/><T18/><D41/><U75/><E25/><V76/><F76/><W99/><G78/><T127/><D9/><U96/><E79/><V0/><F0/><W7/><G81/><T20/><D127/><U26/><E77/><V134/><F134/><W29/><G29/><T100/><D100/><U105/><E31/><V123/><F123/><RYUUKYOKU ba="0,1" sc="255,-10,255,-10,196,30,284,-10" hai2="48,51,52,56,60,63,66,68,80,86,89,90,94" /><INIT seed="2,1,1,2,1,18" ten="245,245,226,274" oya="2" hai0="113,1,58,99,82,117,104,54,127,57,111,17,69" hai1="55,88,116,59,53,56,35,31,128,49,27,16,45" hai2="51,77,70,84,62,63,108,101,30,83,75,115,44" hai3="132,5,135,26,86,22,40,25,38,29,67,112,34"/><V46/><F115/><W110/><G67/><T65/><D69/><U37/><E116/><V97/><F108/><W71/><G71/><T28/><D1/><U130/><E37/><V73/><F30/><N who="3" m="19799" /><G86/><T47/><D28/><U122/><E122/><V90/><F46/><W93/><G93/><T87/><D127/><U123/><E123/><V21/><F21/><N who="3" m="15535" /><G40/><T20/><D117/><U8/><E88/><V109/><F109/><W100/><G100/><T4/><D4/><U9/><E45/><V114/><F114/><W6/><G38/><T52/><D113/><U10/><REACH who="1" step="1"/><E16/><REACH who="1" ten="245,235,226,274" step="2"/><V103/><F103/><W89/><G89/><T24/><D47/><U81/><E81/><V11/><F90/><W60/><G110/><T95/><D111/><U15/><E15/><V76/><F76/><W48/><G112/><T74/><D82/><U124/><E124/><V43/><F11/><W119/><G119/><T32/><D99/><U61/><AGARI ba="1,2" hai="8,9,10,27,31,35,49,53,55,56,59,61,128,130" machi="61" ten="30,2000,0" yaku="1,1,0,1,53,0" doraHai="18" doraHaiUra="3" who="1" fromWho="1" sc="245,-6,235,43,226,-11,274,-6" /><INIT seed="3,0,0,3,3,32" ten="239,278,215,268" oya="3" hai0="121,102,129,63,73,101,112,34,8,14,108,42,18" hai1="107,43,59,70,75,35,88,7,109,24,67,29,16" hai2="79,111,113,78,93,5,1,2,97,9,83,85,57" hai3="61,110,23,72,26,58,128,103,53,91,65,49,66"/><W52/><G128/><T89/><D121/><U100/><E75/><V117/><F117/><W81/><G103/><T33/><D73/><U36/><E59/><V40/><F113/><W64/><G110/><T120/><D120/><U116/><E116/><V74/><F111/><W82/><G91/><T71/><D112/><U13/><E7/><V12/><F40/><W20/><G20/><T133/><D42/><U38/><E43/><V46/><F46/><W105/><G105/><T90/><D108/><U60/><E88/><N who="0" m="33897" /><D71/><U98/><E109/><V3/><F57/><N who="3" m="34983" /><G72/><T62/><D34/><U80/><E80/><V104/><F104/><W87/><G87/><T86/><D33/><U51/><E51/><V119/><F119/><W95/><G95/><T50/><D50/><U124/><E124/><V131/><F131/><W4/><G4/><T39/><D39/><U130/><E130/><V11/><F74/><W69/><G69/><T84/><D129/><U0/><E0/><V56/><F56/><W22/><G22/><AGARI ba="0,0" hai="13,16,22,24,29,35,36,38,60,67,70,98,100,107" machi="22" ten="30,7700,0" yaku="7,1,25,2,54,1" doraHai="32" who="1" fromWho="3" sc="239,0,278,77,215,0,268,-77" /><INIT seed="4,0,0,4,5,28" ten="239,355,215,191" oya="0" hai0="36,127,71,47,49,61,100,30,94,33,109,104,52" hai1="26,77,124,118,112,126,133,105,35,8,110,119,69" hai2="134,76,54,13,74,44,122,81,60,56,84,25,80" hai3="51,72,41,92,21,19,43,116,59,120,31,0,48"/><T129/><D129/><U75/><E26/><V53/><F122/><W17/><G116/><T73/><D73/><U114/><E8/><V6/><F134/><W95/><G0/><T15/><D127/><U78/><E77/><V88/><F25/><W97/><G72/><T70/><D109/><U102/><E102/><V121/><F121/><W82/><G120/><T3/><D3/><U113/><E105/><V128/><F128/><W87/><G31/><T99/><D36/><U131/><E131/><V46/><REACH who="2" step="1"/><F53/><REACH who="2" ten="239,355,205,191" step="2"/><N who="3" m="32167" /><G41/><T23/><D30/><U86/><E133/><V29/><F29/><W85/><G43/><T106/><D71/><U115/><E69/><V18/><F18/><W22/><G17/><T125/><D70/><U57/><E115/><V111/><F111/><W11/><G19/><T89/><D52/><U64/><E110/><V55/><F55/><W50/><G50/><T58/><D49/><U1/><E114/><V62/><F62/><W93/><G51/><T4/><D61/><U20/><E113/><V5/><F5/><W90/><G97/><T67/><D99/><U45/><E112/><V107/><F107/><W27/><G27/><T34/><D104/><U98/><E98/><V40/><F40/><W101/><G101/><T65/><D100/><U10/><E126/><V38/><F38/><W135/><G135/><T96/><D106/><U91/><E124/><V132/><F132/><W117/><G117/><T39/><D39/><U66/><E119/><V14/><F14/><W7/><G87/><N who="0" m="52543" /><D125/><U83/><E118/><V63/><F63/><W37/><G37/><RYUUKYOKU ba="0,1" sc="239,-15,355,-15,205,15,191,15" hai2="6,13,44,46,54,56,60,74,76,80,81,84,88" hai3="7,11,21,22,82,85,90,92,93,95" /><INIT seed="5,1,1,5,4,21" ten="224,340,220,206" oya="1" hai0="38,128,4,55,2,56,43,122,16,30,35,36,22" hai1="126,104,19,78,0,123,120,24,97,108,94,119,115" hai2="100,20,70,83,14,8,13,26,68,134,81,41,88" hai3="114,64,45,46,127,95,62,93,15,59,117,33,49"/><U135/><E0/><V124/><F124/><W52/><G127/><T99/><D128/><U106/><E126/><V57/><F134/><W89/><G114/><T82/><D122/><U65/><E119/><V112/><F112/><W31/><G117/><T51/><D35/><U42/><E115/><V73/><F73/><W79/><G79/><T90/><D30/><U118/><E118/><V6/><F68/><W72/><G72/><T58/><D43/><U37/><E106/><V66/><F70/><W133/><G133/><T125/><D56/><U132/><E104/><V60/><F100/><W74/><G95/><T61/><D51/><U54/><E37/><V50/><F14/><W23/><G33/><T111/><D111/><U101/><E108/><V5/><F5/><W25/><G15/><T110/><D110/><U3/><E3/><V17/><F88/><W11/><G11/><N who="0" m="2455" /><D125/><U131/><E131/><V69/><REACH who="2" step="1"/><F69/><REACH who="2" ten="224,340,210,206" step="2"/><W32/><G74/><T105/><D90/><N who="1" m="55511" /><E135/><V87/><F87/><N who="3" m="52415" /><G32/><T98/><D98/><U84/><E132/><V121/><F121/><W7/><G7/><T129/><D129/><U130/><E130/><V18/><F18/><W67/><G46/><AGARI ba="1,2" hai="6,8,13,17,20,26,41,46,50,57,60,66,81,83" machi="46" ten="40,8000,1" yaku="1,1,8,1,52,1,53,1" doraHai="21" doraHaiUra="12" who="2" fromWho="3" sc="224,0,340,0,210,103,206,-83" /><INIT seed="6,0,0,5,3,69" ten="224,340,313,123" oya="2" hai0="105,117,37,62,66,131,77,16,74,55,49,11,10" hai1="132,43,111,17,53,47,63,112,79,102,135,76,28" hai2="24,45,80,14,116,71,118,22,130,58,86,72,5" hai3="101,59,0,96,36,19,95,67,110,81,15,115,44"/><V61/><F71/><W84/><G0/><T128/><D105/><U108/><E28/><V54/><F72/><W9/><G110/><T113/><D113/><U70/><E102/><V46/><F130/><N who="0" m="49706" /><D117/><U87/><E17/><V7/><F118/><W119/><G119/><T6/><D6/><N who="2" m="2058" /><F14/><W104/><G115/><T32/><D32/><U41/><E112/><V30/><F116/><W31/><G31/><T78/><D37/><U1/><E1/><V98/><F98/><W93/><G59/><N who="0" m="37215" /><D74/><U75/><E75/><V38/><F38/><W106/><G67/><T39/><D39/><U34/><E34/><V103/><F103/><W100/><G100/><T25/><D11/><U68/><E68/><V3/><F3/><W20/><G9/><T92/><D92/><U12/><E70/><V21/><F21/><W129/><G106/><T27/><D27/><U107/><E107/><V48/><F48/><W73/><G73/><T13/><D25/><U126/><E111/><V57/><F57/><AGARI ba="0,0" hai="10,13,16,49,55,57,77,78" m="37215,49706" machi="57" ten="30,2000,0" yaku="19,1,54,1" doraHai="69" who="0" fromWho="2" sc="224,20,340,0,313,-20,123,0" /><INIT seed="7,0,0,5,5,68" ten="244,340,293,123" oya="3" hai0="129,19,8,54,44,9,13,63,26,5,17,20,6" hai1="108,89,0,30,50,24,40,58,99,80,74,28,123" hai2="57,86,65,113,127,32,61,60,132,101,102,110,84" hai3="120,121,36,70,82,47,98,72,81,76,83,122,51"/><W62/><G70/><T12/><D129/><U96/><E80/><V91/><F110/><W97/><G62/><T106/><D106/><U33/><E99/><V48/><F32/><W15/><G15/><T38/><D38/><U55/><E30/><V119/><F119/><W124/><G124/><T22/><D63/><U94/><E74/><V21/><F127/><W16/><G16/><N who="0" m="12615" /><D44/><U87/><E96/><V43/><F132/><W90/><G36/><T116/><D54/><U133/><E133/><V49/><F21/><W130/><G130/><T18/><D116/><U71/><E71/><V67/><F91/><W73/><G90/><T134/><D134/><U85/><E0/><AGARI ba="0,0" hai="0,5,6,8,9,12,13,17,18,19,20" m="12615" machi="0" ten="30,12000,2" yaku="35,5,54,1" doraHai="68" who="0" fromWho="1" sc="244,120,340,-120,293,0,123,0" owari="364,47.0,220,-18.0,293,9.0,123,-38.0" /></mjloggm>