<mjloggm ver="2.3"><GO type="225" lobby="0"/><UN n0="%E3%83%BB%E3%80%82%EF%BC%BE" n1="%E3%82%A6%E3%83%AB%E3%83%88%E3%83%A9%E7%AB%8B%E7%9B%B4" n2="%E3%83%94%E3%83%83%E3%82%B3%E3%83%AD%E4%BF%82%E9%95%B7" n3="%E5%8F%8B%47%46%49" dan="16,17,16,16" rate="2106.17,2177.07,2086.33,2134.04" sx="F,M,M,M"/><TAIKYOKU oya="0"/><INIT seed="0,0,0,0,1,42" ten="250,250,250,250" oya="0" hai0="37,73,87,20,61,98,23,125,132,133,16,59,67" hai1="93,69,10,35,66,63,70,94,121,45,31,57,111" hai2="95,17,127,8,58,71,51,119,91,60,21,62,44" hai3="85,124,126,25,41,110,7,18,55,28,114,9,120"/><T78/><D73/><U33/><E121/><V92/><F71/><W49/><G114/><T83/><D37/><U115/><E115/><V104/><F104/><W19/><G120/><T77/><D125/><N who="3" m="48233" /><G41/><T34/><D34/><U76/><E111/><V46/><F127/><W86/><G86/><T54/><D98/><U15/><E76/><V75/><F75/><W116/><G85/><T32/><D32/><U48/><E35/><V113/><F8/><W72/><G110/><T134/><D78/><U6/><E33/><V97/><F119/><W43/><G43/><T2/><D2/><U52/><E31/><V105/><F105/><W88/><G88/><T56/><REACH who="0" step="1"/><D16/><REACH who="0" ten="240,250,250,250" step="2"/><U24/><E24/><V65/><F113/><W22/><G72/><T100/><D100/><U135/><E135/><V103/><F62/><AGARI ba="0,1" hai="20,23,54,56,59,61,62,67,77,83,87,132,133,134" machi="62" ten="40,7700,0" yaku="1,1,20,1,53,1" doraHai="42" doraHaiUra="80" who="0" fromWho="2" sc="240,87,250,0,250,-77,250,0" /><INIT seed="0,1,0,5,3,115" ten="327,250,173,250" oya="0" hai0="123,43,128,127,32,66,16,112,101,45,65,99,134" hai1="133,19,125,102,21,5,70,2,0,119,62,3,88" hai2="36,68,124,6,103,69,50,82,113,23,79,98,72" hai3="126,24,97,80,131,4,54,22,40,89,121,63,118"/><T92/><D112/><U41/><E102/><V91/><F113/><W77/><G126/><T96/><D123/><U116/><E41/><V61/><F36/><W111/><G121/><T110/><D32/><U84/><E125/><V30/><F124/><W117/><G111/><T100/><D127/><U83/><E5/><V51/><F6/><W39/><G131/><T8/><D128/><U27/><REACH who="1" step="1"/><E133/><REACH who="1" ten="327,240,173,250" step="2"/><V58/><F103/><W31/><G4/><T120/><D134/><U71/><E71/><V37/><F69/><W9/><G40/><T34/><D120/><U53/><E53/><V132/><F68/><W48/><G39/><T7/><D7/><U106/><E106/><V28/><F37/><W60/><G9/><T42/><D42/><U13/><E13/><V87/><F132/><W57/><G63/><T94/><D110/><U1/><N who="1" m="0" /><DORA hai="11" /><U33/><E33/><V25/><F50/><W95/><REACH who="3" step="1"/><G60/><REACH who="3" ten="327,240,173,240" step="2"/><T10/><D43/><U20/><E20/><V14/><F61/><W44/><G44/><T122/><D122/><U26/><E26/><V52/><F25/><W108/><G108/><T17/><D34/><U64/><AGARI ba="1,2" hai="19,21,27,62,64,70,83,84,88,116,119" m="0" machi="64" ten="60,8000,1" yaku="1,1,0,1,52,2,54,1,53,0" doraHai="115,11" doraHaiUra="38,107" who="1" fromWho="1" sc="327,-41,240,103,173,-21,240,-21" /><INIT seed="1,0,0,3,1,99" ten="286,343,152,219" oya="1" hai0="16,51,114,110,9,65,37,58,23,94,57,80,87" hai1="36,66,98,83,108,28,118,88,42,119,24,48,8" hai2="101,132,33,116,105,111,103,96,123,85,13,100,45" hai3="69,15,34,97,32,35,125,84,129,5,1,127,21"/><U91/><E36/><V128/><F116/><W104/><G69/><T52/><D37/><U133/><E133/><V3/><F3/><W107/><G129/><T47/><D114/><U95/><E108/><V109/><F123/><W78/><G1/><T40/><D110/><N who="2" m="41994" /><F128/><W121/><G121/><T4/><D94/><U70/><E66/><V60/><F132/><W18/><G5/><T82/><D65/><U130/><E70/><V122/><F122/><W126/><G97/><T81/><D87/><U64/><E64/><V20/><F33/><W61/><G61/><T86/><D86/><U79/><E130/><V62/><F45/><W50/><G50/><T113/><D40/><U68/><E48/><V74/><F74/><W17/><REACH who="3" step="1"/><G18/><REACH who="3" ten="286,343,152,209" step="2"/><T102/><D16/><U39/><E98/><V14/><F62/><W11/><G11/><T10/><D10/><U29/><E8/><V30/><F60/><W73/><G73/><T2/><D9/><U54/><E68/><V117/><F85/><W131/><G131/><T76/><D4/><U112/><E119/><V38/><F117/><W71/><G71/><T41/><D2/><U12/><E118/><V92/><F38/><W27/><G27/><T67/><D51/><U31/><E24/><N who="2" m="16647" /><F105/><W7/><G7/><T75/><D75/><U77/><E39/><V120/><F120/><W22/><G22/><T0/><D23/><U53/><E112/><V49/><F49/><W89/><G89/><AGARI ba="0,1" hai="13,14,89,92,96,100,101,103" m="16647,41994" machi="89" ten="30,7700,0" yaku="14,1,52,3" doraHai="99" who="2" fromWho="3" sc="286,0,343,0,152,87,209,-77" /><INIT seed="2,0,0,1,3,102" ten="286,343,239,132" oya="2" hai0="98,53,82,50,24,57,87,121,11,13,55,65,75" hai1="43,31,117,12,115,118,45,76,0,47,73,77,113" hai2="67,108,61,124,112,72,58,86,88,7,25,107,28" hai3="40,66,39,71,21,38,64,125,35,91,10,42,27"/><V79/><F112/><W46/><G35/><T20/><D121/><U81/><E12/><V52/><F7/><W36/><G125/><T89/><D75/><U44/><E43/><V129/><F129/><W32/><G32/><T134/><D134/><U70/><E70/><V62/><F124/><W83/><G71/><T18/><D98/><U80/><E31/><V49/><F108/><W34/><G34/><T3/><D3/><U95/><E95/><V9/><F9/><W104/><G10/><T100/><D100/><U37/><E37/><V15/><F15/><W23/><G23/><T92/><D82/><N who="1" m="31851" /><E73/><V99/><F79/><N who="1" m="30281" /><E0/><V131/><F72/><W105/><G66/><T6/><D55/><U29/><E29/><V109/><F109/><W4/><G64/><AGARI ba="0,0" hai="6,11,13,18,20,24,50,53,57,64,65,87,89,92" machi="64" ten="40,1300,0" yaku="8,1" doraHai="102" who="0" fromWho="3" sc="286,13,343,0,239,0,132,-13" /><INIT seed="3,0,0,1,1,37" ten="299,343,239,119" oya="3" hai0="51,18,10,119,110,50,103,67,128,52,68,114,120" hai1="12,93,40,88,87,17,62,72,94,71,45,7,106" hai2="118,46,96,89,115,11,61,27,44,35,104,69,86" hai3="2,78,122,124,109,74,14,36,49,1,3,53,133"/><W117/><G117/><T70/><D120/><U16/><E72/><V30/><F115/><W23/><G122/><T85/><D110/><U54/><E106/><V129/><F11/><W90/><G109/><T98/><D128/><U130/><E130/><V38/><F38/><W20/><G36/><T32/><D32/><U135/><E135/><V63/><F63/><W92/><G133/><T81/><D50/><N who="1" m="26919" /><E71/><V58/><F129/><W113/><G113/><T131/><D85/><U132/><E132/><V82/><F118/><W56/><G124/><T43/><D10/><N who="1" m="4191" /><E94/><V91/><F69/><W25/><G14/><T22/><D103/><U112/><E112/><V65/><F104/><W101/><G101/><T83/><D67/><U80/><E93/><V99/><F96/><W134/><G134/><T0/><D22/><U57/><AGARI ba="0,0" hai="16,17,54,57,62,80,87,88" m="4191,26919" machi="57" ten="30,7900,0" yaku="8,1,52,1,54,2" doraHai="37" who="1" fromWho="1" sc="299,-20,343,79,239,-20,119,-39" owari="279,8.0,422,52.0,219,-18.0,80,-42.0" /></mjloggm>