<mjloggm ver="2.3"><GO type="41" lobby="0"/><UN n0="%6B%77%6C%61%75" n1="%E5%B0%B1%E6%B4%BB%E7%94%9F%40%E5%B7%9D%E6%9D%91%E8%BB%8D%E5%9B%A3" n2="%E3%83%9A%E3%83%83%E3%83%81%E3%83%A7%E3%83%AA%E3%83%B3" n3="%E9%BB%92%E3%81%84%E3%81%AB%E3%81%93%E3%81%A1%E3%82%83%E3%82%93" dan="14,17,14,13" rate="1948.07,2155.24,1949.23,1827.04" sx="F,M,F,M"/><TAIKYOKU oya="0"/><INIT seed="0,0,0,2,0,96" ten="250,250,250,250" oya="0" hai0="102,17,86,79,67,1,69,38,45,54,25,13,113" hai1="26,93,106,15,116,35,120,92,81,121,3,49,50" hai2="110,107,128,75,95,43,73,20,65,134,56,7,8" hai3="77,21,83,122,99,44,129,37,126,101,12,18,104"/><T62/><D113/><U71/><E106/><V127/><F107/><W64/><G122/><T39/><D1/><U59/><E3/><V133/><F43/><W85/><G126/><T109/><D25/><U105/><E105/><V103/><F20/><W124/><G124/><T27/><D27/><U111/><E71/><V76/><F76/><W55/><G129/><T19/><D109/><U53/><E116/><V98/><F127/><W132/><G132/><N who="2" m="50793" /><F128/><W66/><G37/><T0/><D0/><U29/><E111/><V112/><F112/><W89/><G44/><T135/><D135/><U115/><E115/><V31/><F31/><W61/><REACH who="3" step="1"/><G77/><REACH who="3" ten="250,250,250,240" step="2"/><T14/><D39/><U47/><E120/><V42/><F110/><W23/><G23/><T131/><D131/><U34/><E121/><V16/><F42/><W11/><G11/><T114/><D114/><U108/><E35/><V46/><F46/><W24/><G24/><T88/><D79/><U10/><E108/><V82/><F8/><W5/><G5/><T117/><D38/><U33/><E33/><V6/><F6/><W2/><G2/><T9/><D45/><U32/><E32/><V48/><F7/><W72/><G72/><T4/><D4/><U63/><E10/><V57/><F73/><W58/><AGARI ba="0,1" hai="12,18,21,55,58,61,64,66,83,85,89,99,101,104" machi="58" ten="30,4000,0" yaku="1,1,0,1,52,1,53,0" doraHai="96" doraHaiUra="41" who="3" fromWho="3" sc="250,-20,250,-10,250,-10,240,50" /><INIT seed="1,0,0,1,0,96" ten="230,240,240,290" oya="1" hai0="125,44,74,91,130,86,58,108,122,112,87,85,5" hai1="35,24,83,80,48,73,89,81,51,133,56,88,8" hai2="37,47,61,106,36,128,6,45,121,13,57,18,39" hai3="25,120,78,110,71,28,10,14,55,126,29,19,99"/><U117/><E117/><V30/><F121/><W104/><G110/><T41/><D112/><U9/><E73/><V79/><F128/><W82/><G71/><T40/><D108/><U72/><E72/><V23/><F106/><W32/><G120/><T107/><D107/><U20/><E35/><V94/><F79/><W63/><G126/><T97/><D74/><U22/><E133/><V15/><F94/><W119/><G119/><T21/><D130/><U68/><E68/><V93/><F93/><W114/><G114/><T3/><D125/><U127/><E127/><V42/><F30/><W109/><G109/><T54/><D122/><U101/><E101/><V118/><F118/><W7/><G104/><T98/><D5/><U131/><E131/><V134/><F134/><W38/><G38/><T67/><D3/><U129/><E129/><V124/><F124/><W123/><G99/><N who="0" m="37899" /><D67/><U16/><E22/><V92/><F92/><W60/><G123/><T76/><D76/><U46/><E56/><V59/><F59/><W43/><G43/><N who="0" m="16459" /><D21/><U64/><E64/><V105/><F105/><W27/><G55/><T52/><D44/><U12/><E8/><V65/><REACH who="2" step="1"/><F45/><REACH who="2" ten="230,240,230,290" step="2"/><W84/><REACH who="3" step="1"/><G7/><REACH who="3" ten="230,240,230,280" step="2"/><T132/><D132/><U34/><E46/><V53/><F53/><N who="0" m="20586" /><D58/><U11/><E51/><V49/><F49/><W69/><G69/><T75/><D75/><U50/><E48/><V95/><F95/><AGARI ba="0,2" hai="85,86,87,91,95" m="20586,16459,37899" machi="95" ten="30,2000,0" yaku="8,1,54,1" doraHai="96" who="0" fromWho="2" sc="230,40,240,0,230,-20,280,0" /><INIT seed="2,0,0,0,2,95" ten="270,240,210,280" oya="2" hai0="49,118,33,26,114,57,2,52,128,28,103,134,120" hai1="106,27,133,76,73,51,56,58,47,16,10,25,135" hai2="11,111,4,63,39,34,67,127,92,60,38,109,22" hai3="89,77,54,84,18,116,113,87,42,44,71,81,13"/><V79/><F127/><W50/><G71/><T97/><D120/><U37/><E106/><V112/><F34/><W14/><G116/><T21/><D114/><U78/><E37/><V85/><F112/><W64/><G113/><T108/><D108/><N who="2" m="41546" /><F22/><W48/><G64/><T96/><D118/><U94/><E94/><V32/><F32/><W55/><G42/><T43/><D2/><U41/><E25/><V86/><F86/><W105/><G105/><T100/><D128/><U117/><E117/><V9/><F9/><W88/><G84/><T66/><D134/><N who="1" m="51211" /><E73/><V59/><F63/><W17/><G17/><T119/><D119/><U123/><E123/><V83/><F92/><W29/><G29/><T74/><D74/><U20/><E10/><V61/><F61/><W24/><G24/><T35/><D66/><U72/><E72/><V75/><F75/><W70/><G70/><T129/><D129/><U131/><E131/><V101/><F101/><N who="0" m="38986" /><D35/><U8/><E8/><V30/><F30/><W121/><G121/><T132/><D132/><U130/><E130/><V68/><F68/><W62/><G62/><T98/><D33/><U124/><E124/><V65/><F65/><W45/><G13/><AGARI ba="0,0" hai="4,11,13,38,39,59,60,67,79,83,85" m="41546" machi="13" ten="30,2900,0" yaku="14,1,10,1" doraHai="95" who="2" fromWho="3" sc="270,0,240,0,210,29,280,-29" /><INIT seed="2,1,0,3,3,43" ten="270,240,239,251" oya="2" hai0="117,34,80,40,118,29,32,84,105,42,99,134,94" hai1="41,57,54,93,59,130,77,69,72,126,101,113,44" hai2="9,61,3,15,26,23,38,125,100,18,124,116,30" hai3="73,49,128,74,14,1,70,133,22,58,8,95,37"/><V92/><F38/><W90/><G70/><T106/><D29/><U39/><E69/><V55/><F116/><N who="0" m="44650" /><D42/><U64/><E113/><V120/><F120/><W96/><G133/><T82/><D40/><U16/><E126/><V123/><F123/><W25/><G128/><T19/><D19/><U28/><E130/><V21/><F3/><W11/><G37/><T88/><D134/><U48/><E28/><V110/><F110/><W98/><G1/><T50/><D50/><U81/><E64/><V104/><F104/><N who="0" m="40042" /><D32/><U7/><E7/><V89/><F100/><W6/><G8/><T85/><D34/><U52/><E93/><V131/><F131/><W4/><G4/><T31/><D31/><U108/><E101/><V51/><F61/><W87/><G74/><T46/><D46/><U79/><E79/><V109/><F109/><W17/><G73/><T35/><D35/><U119/><E119/><V132/><F132/><W107/><G107/><T68/><D68/><U83/><E83/><AGARI ba="1,0" hai="80,82,83,84,85,88,94,99" m="40042,44650" machi="83" ten="30,7700,0" yaku="12,1,34,2,54,1" doraHai="43" who="0" fromWho="1" sc="270,80,240,-80,239,0,251,0" /><INIT seed="3,0,0,2,5,95" ten="350,160,239,251" oya="3" hai0="4,2,133,36,31,43,114,12,49,6,48,125,122" hai1="101,128,11,28,130,5,9,73,62,117,113,119,35" hai2="135,14,87,55,116,103,57,120,54,121,18,94,70" hai3="118,111,131,110,44,112,75,59,67,126,80,25,40"/><W115/><G75/><T50/><D122/><N who="2" m="47210" /><F70/><W102/><G80/><T38/><D114/><U69/><E73/><V22/><F116/><N who="1" m="44617" /><E101/><V79/><F135/><W72/><G118/><T63/><D133/><U60/><E69/><V129/><F129/><N who="1" m="49769" /><E113/><V83/><F57/><W32/><G131/><T42/><D2/><N who="1" m="183" /><E11/><V109/><F109/><N who="3" m="41483" /><G126/><T15/><D31/><U29/><E35/><V66/><F66/><W124/><G72/><T82/><D82/><U39/><E39/><N who="0" m="14889" /><D63/><AGARI ba="0,0" hai="28,29,60,62,63" m="183,49769,44617" machi="63" ten="30,2000,0" yaku="12,1,19,1" doraHai="95" who="1" fromWho="0" sc="350,-20,160,20,239,0,251,0" /><INIT seed="4,0,0,1,5,70" ten="330,180,239,251" oya="0" hai0="16,89,39,113,100,23,110,59,62,25,65,101,35" hai1="64,108,2,22,10,6,133,87,88,111,69,51,55" hai2="1,44,13,96,21,17,32,135,49,63,8,85,34" hai3="9,19,121,20,28,103,109,97,24,71,67,112,115"/><T93/><D113/><U29/><E133/><V81/><F135/><W106/><G109/><T47/><D110/><U40/><E40/><V5/><F96/><W12/><G121/><T3/><D35/><U74/><E74/><V98/><F98/><W30/><G30/><T54/><D3/><U99/><E99/><V73/><F63/><W95/><G95/><T57/><D39/><U36/><E36/><V38/><F73/><W31/><G31/><T45/><D100/><U118/><E118/><V0/><F0/><W52/><G71/><T131/><D101/><U61/><E29/><V66/><F66/><W104/><G67/><T78/><D78/><U120/><E22/><V33/><F38/><W76/><G76/><T129/><D131/><U84/><E84/><V123/><F123/><W86/><G86/><N who="0" m="52407" /><D129/><U18/><E18/><V126/><F126/><W117/><G117/><T56/><D56/><U132/><E132/><V124/><F124/><W43/><G43/><T11/><D11/><U42/><E42/><V27/><F85/><W37/><G106/><T127/><D127/><U122/><E122/><V58/><F58/><W119/><G119/><T15/><D25/><U53/><E120/><V105/><F105/><W68/><G68/><T83/><D83/><U60/><E60/><AGARI ba="0,0" hai="15,16,23,45,47,54,57,59,60,62,65" m="52407" machi="60" ten="30,2900,0" yaku="8,1,54,1" doraHai="70" who="0" fromWho="1" sc="330,29,180,-29,239,0,251,0" /><INIT seed="4,1,0,0,2,63" ten="359,151,239,251" oya="0" hai0="9,99,53,29,70,19,116,57,66,13,94,101,8" hai1="41,102,21,98,6,3,47,12,17,27,38,65,55" hai2="107,16,49,105,84,88,42,121,133,92,96,95,118" hai3="122,15,33,80,44,79,46,59,74,87,120,114,14"/><T40/><D116/><U104/><E55/><V89/><F118/><W124/><G33/><T76/><D29/><U93/><E3/><V128/><F121/><W31/><G124/><T119/><D119/><U5/><E104/><V112/><F112/><W56/><G114/><T30/><D30/><U32/><E32/><V108/><F108/><W39/><G31/><T58/><D40/><U106/><E106/><V26/><F133/><W125/><G125/><T86/><D70/><U43/><E43/><V127/><F127/><W22/><G74/><T85/><D8/><U134/><E134/><V111/><F111/><W64/><G22/><T1/><D1/><U36/><E36/><V81/><F128/><W23/><G23/><T97/><D97/><U51/><E38/><V20/><F42/><W132/><G132/><T103/><D103/><U126/><E126/><V61/><F49/><W110/><G110/><T100/><D100/><U34/><E34/><V25/><F25/><W82/><G87/><N who="0" m="33291" /><D76/><U83/><E83/><V50/><F50/><W72/><G72/><T67/><D53/><U131/><E131/><V123/><F123/><W52/><G39/><T91/><D101/><U0/><E0/><V37/><F37/><W7/><G7/><N who="1" m="2570" /><E27/><V24/><F24/><W45/><G45/><T62/><D62/><U130/><E130/><V4/><F61/><W60/><G60/><T28/><D28/><U135/><E135/><V113/><F113/><W78/><G52/><T129/><D129/><U18/><E18/><V73/><F4/><W117/><G117/><T109/><D109/><RYUUKYOKU ba="1,0" sc="359,0,151,0,239,0,251,0" hai0="9,13,19,57,58,66,67,91,94,99" hai1="12,17,21,41,47,51,65,93,98,102" hai2="16,20,26,73,81,84,88,89,92,95,96,105,107" hai3="14,15,44,46,56,59,64,78,79,80,82,120,122" /><INIT seed="4,2,0,1,3,114" ten="359,151,239,251" oya="0" hai0="92,101,49,25,9,63,86,5,40,119,41,103,110" hai1="21,129,54,75,108,128,32,64,14,71,38,87,65" hai2="18,58,28,56,70,15,6,43,53,131,93,39,7" hai3="122,134,30,45,132,90,44,117,48,81,80,31,84"/><T37/><D119/><U29/><E38/><V126/><F70/><W120/><G117/><T79/><D110/><U0/><E75/><V88/><F126/><W83/><G48/><T27/><D37/><U121/><E0/><V3/><F131/><N who="1" m="50249" /><E108/><V2/><F28/><N who="3" m="10795" /><G90/><T82/><D63/><U19/><E121/><N who="3" m="46698" /><G84/><T73/><D73/><U17/><E71/><V10/><F39/><W135/><AGARI ba="2,0" hai="44,45,80,81,83,132,134,135" m="46698,10795" machi="135" ten="40,8000,1" yaku="28,2,20,1,13,1" doraHai="114" who="3" fromWho="3" sc="359,-42,151,-22,239,-22,251,86" /><INIT seed="5,0,0,1,4,106" ten="317,129,217,337" oya="1" hai0="59,84,116,52,99,48,11,105,6,63,89,75,60" hai1="17,12,22,30,69,71,81,65,88,91,58,76,108" hai2="44,51,113,15,62,109,95,13,68,121,97,115,124" hai3="90,32,37,39,45,133,3,9,111,101,85,118,2"/><U86/><E108/><V0/><F121/><W82/><G118/><T26/><D116/><U28/><E71/><V107/><F107/><W40/><G111/><T117/><D117/><U135/><E69/><V79/><F0/><W38/><G133/><T130/><D130/><U104/><E104/><V123/><F123/><W114/><G114/><N who="2" m="43529" /><F109/><W42/><G101/><T61/><D75/><U20/><E135/><V57/><F68/><W66/><G66/><T78/><D78/><U14/><E14/><V94/><F79/><W122/><G122/><T70/><D26/><N who="1" m="16455" /><E30/><V19/><F124/><W7/><G32/><T8/><D70/><U120/><E120/><V16/><F13/><W5/><REACH who="3" step="1"/><G45/><REACH who="3" ten="317,129,217,327" step="2"/><T35/><D35/><U53/><E65/><N who="2" m="39119" /><F15/><W74/><G74/><T36/><D105/><U10/><E10/><AGARI ba="0,1" hai="2,3,5,7,9,10,37,38,39,40,42,82,85,90" machi="10" ten="40,2600,0" yaku="1,1,9,1,53,0" doraHai="106" doraHaiUra="131" who="3" fromWho="1" sc="317,0,129,-26,217,0,327,36" /><INIT seed="6,0,0,2,3,105" ten="317,103,217,363" oya="2" hai0="26,17,134,91,34,132,94,87,68,86,128,23,39" hai1="3,125,4,51,109,25,59,55,41,15,113,32,102" hai2="93,92,118,79,96,112,107,85,90,129,6,70,104" hai3="97,120,77,72,48,22,98,133,119,57,65,56,131"/><V67/><F67/><W8/><G120/><T117/><D68/><U101/><E3/><V19/><F70/><W123/><G123/><T108/><D108/><U114/><E109/><V71/><F71/><W58/><G119/><T20/><D117/><U95/><E125/><V31/><F31/><W33/><G33/><T74/><D34/><U62/><E32/><V35/><F19/><W11/><G133/><N who="0" m="51307" /><D39/><U24/><E113/><V64/><F64/><W83/><G131/><T40/><D40/><U135/><E135/><V36/><F6/><W121/><G121/><T106/><D106/><N who="2" m="40490" /><F36/><W37/><G37/><T47/><D47/><U89/><E114/><V84/><F35/><W44/><G65/><T103/><D103/><U29/><E29/><V100/><F118/><W49/><G22/><N who="0" m="13647" /><D128/><U38/><E38/><V115/><F129/><W80/><G80/><AGARI ba="0,0" hai="79,80,84,85,90,92,93,96,100,112,115" m="40490" machi="80" ten="30,2900,0" yaku="34,2" doraHai="105" who="2" fromWho="3" sc="317,0,103,0,217,29,363,-29" /><INIT seed="6,1,0,3,2,102" ten="317,103,246,334" oya="2" hai0="71,105,42,111,134,27,78,34,103,13,66,68,119" hai1="109,88,81,90,55,131,51,31,76,63,65,30,0" hai2="46,7,99,26,101,92,10,2,116,54,1,123,87" hai3="47,75,117,96,43,129,126,48,89,18,56,110,97"/><V91/><F123/><W58/><G117/><T73/><D111/><U135/><E0/><V53/><F116/><W28/><G75/><T59/><D119/><U11/><E109/><V79/><F79/><W38/><G110/><T62/><D134/><U19/><E135/><V16/><F1/><W52/><G129/><T60/><D42/><U94/><E131/><V125/><F125/><W23/><G126/><T127/><D127/><U37/><E37/><V61/><F46/><W64/><G28/><T128/><D128/><U84/><E11/><V39/><F39/><W82/><G64/><T83/><D13/><U98/><E19/><V112/><F61/><W69/><G69/><N who="0" m="42183" /><D62/><U115/><E115/><V86/><F86/><W130/><G130/><T114/><D59/><U24/><E24/><V113/><F113/><W5/><G5/><T41/><D41/><U133/><E133/><V104/><REACH who="2" step="1"/><F112/><REACH who="2" ten="317,103,236,334" step="2"/><W85/><REACH who="3" step="1"/><G58/><REACH who="3" ten="317,103,236,324" step="2"/><T8/><D114/><U9/><E76/><V124/><F124/><W49/><G49/><T72/><D72/><U4/><E65/><V29/><F29/><W17/><G17/><T118/><D118/><U21/><E63/><V6/><F6/><W3/><G3/><T132/><D78/><U93/><E31/><V70/><F70/><W120/><G120/><T100/><D68/><U35/><E30/><V57/><F57/><W15/><AGARI ba="1,2" hai="15,18,23,38,43,47,48,52,56,82,85,89,96,97" machi="15" ten="20,5200,0" yaku="1,1,0,1,7,1,54,1,53,0" doraHai="102" doraHaiUra="25" who="3" fromWho="3" sc="317,-14,103,-14,236,-27,324,75" /><INIT seed="7,0,0,0,4,76" ten="303,89,209,399" oya="3" hai0="71,101,6,65,62,24,111,127,98,64,15,133,123" hai1="3,7,34,29,99,131,53,48,45,55,103,132,61" hai2="36,26,22,75,73,33,74,93,109,60,30,16,20" hai3="134,97,83,4,114,108,14,13,91,100,126,85,128"/><W43/><G134/><T32/><D111/><U19/><E132/><V51/><F36/><W130/><G108/><T5/><D133/><U116/><E116/><V92/><F109/><W12/><G114/><T81/><D127/><U1/><E131/><N who="3" m="50218" /><G126/><T80/><D123/><U135/><E135/><V104/><F104/><N who="3" m="63503" /><G43/><T56/><D56/><U47/><E7/><AGARI ba="0,0" hai="4,7,12,13,14,83,85,91" m="63503,50218" machi="7" ten="30,2900,0" yaku="19,1,52,1" doraHai="76" who="3" fromWho="1" sc="303,0,89,-29,209,0,399,29" owari="303,10.0,60,-44.0,209,-19.0,428,53.0" /></mjloggm>