<mjloggm ver="2.3"><GO type="169" lobby="0"/><UN n0="%E3%82%A6%E3%83%AB%E3%83%88%E3%83%A9%E7%AB%8B%E7%9B%B4" n1="%E3%82%A8%E3%83%83%E3%83%95%E3%82%A7%E3%83%AB%E5%A1%94" n2="%E5%B0%B1%E6%B4%BB%E7%94%9F%40%E5%B7%9D%E6%9D%91%E8%BB%8D%E5%9B%A3" n3="%67%75%73%68" dan="17,16,17,16" rate="2149.84,2081.69,2209.21,2153.09" sx="M,M,M,M"/><TAIKYOKU oya="0"/><INIT seed="0,0,0,0,4,49" ten="250,250,250,250" oya="0" hai0="34,127,42,132,126,28,128,69,29,74,102,73,93" hai1="63,43,120,71,129,13,98,88,16,45,27,64,92" hai2="60,110,1,66,46,119,80,114,17,51,44,58,50" hai3="116,47,122,94,123,48,7,4,96,19,108,109,83"/><T11/><D69/><U79/><E129/><V32/><F32/><W135/><G83/><T106/><D106/><U5/><E79/><V20/><F1/><W31/><G31/><T86/><D128/><U3/><E120/><N who="3" m="46122" /><G19/><T57/><D42/><U130/><E130/><V35/><F35/><W30/><G30/><T36/><D36/><U9/><E27/><V12/><F110/><N who="3" m="42603" /><G135/><T104/><D132/><U70/><E70/><V117/><F114/><W14/><G14/><T52/><D28/><U53/><E53/><V133/><F133/><W115/><G115/><T24/><D11/><U103/><E103/><V10/><F80/><W95/><G95/><T75/><D104/><U6/><REACH who="1" step="1"/><E3/><REACH who="1" ten="250,240,250,250" step="2"/><V82/><F117/><W0/><G0/><T111/><D111/><U55/><E55/><V100/><F119/><W125/><G116/><T78/><D78/><U65/><E65/><V91/><F100/><N who="3" m="60439" /><G125/><T124/><D75/><U121/><E121/><V62/><F91/><W38/><G38/><AGARI ba="0,1" hai="5,6,9,13,16,38,43,45,63,64,71,88,92,98" machi="38" ten="30,8000,1" yaku="1,1,7,1,54,2,53,1" doraHai="49" doraHaiUra="40" who="1" fromWho="3" sc="250,0,240,90,250,0,250,-80" /><INIT seed="1,0,0,3,5,4" ten="250,330,250,170" oya="1" hai0="95,115,104,84,32,21,36,17,55,43,31,88,46" hai1="57,18,49,120,71,64,133,97,81,10,112,73,45" hai2="70,121,54,1,119,34,107,100,118,117,86,83,75" hai3="124,5,109,60,113,56,6,78,19,14,82,89,44"/><U42/><E133/><V92/><F34/><W67/><G109/><T102/><D115/><U128/><E128/><V15/><F1/><W20/><G113/><T69/><D69/><U48/><E112/><V28/><F70/><W26/><G124/><T63/><D32/><U35/><E35/><V53/><F28/><W87/><G44/><T129/><D129/><U101/><E71/><V37/><F37/><W77/><G26/><T114/><D31/><U27/><E120/><V80/><F121/><W51/><G51/><T50/><D63/><U30/><E81/><V74/><F53/><W22/><G22/><T7/><D7/><AGARI ba="0,0" hai="5,6,7,14,19,20,56,60,67,77,78,82,87,89" machi="7" ten="40,1300,0" yaku="8,1" doraHai="4" who="3" fromWho="0" sc="250,-13,330,0,250,0,170,13" /><INIT seed="2,0,0,5,2,107" ten="237,330,250,183" oya="2" hai0="106,44,16,98,29,77,9,55,103,4,12,47,32" hai1="108,64,48,26,122,20,35,135,102,40,46,14,54" hai2="110,121,89,3,111,57,133,31,93,25,112,116,73" hai3="119,131,23,87,94,92,68,86,50,100,76,79,123"/><V51/><F3/><W41/><G68/><T120/><D120/><U38/><E122/><V72/><F112/><W65/><G123/><T81/><D32/><U124/><E102/><V37/><F37/><W24/><G65/><T69/><D29/><U97/><E97/><V99/><F121/><W2/><G2/><T84/><D69/><U27/><E35/><V83/><F83/><W78/><G119/><T42/><D55/><U67/><E14/><V70/><F70/><W49/><G131/><T0/><REACH who="0" step="1"/><D42/><REACH who="0" ten="227,330,250,183" step="2"/><U10/><E40/><V15/><F116/><W43/><G43/><T13/><D13/><U95/><E67/><V75/><F15/><W33/><G33/><T8/><AGARI ba="0,1" hai="0,4,8,9,12,16,44,47,77,81,84,98,103,106" machi="8" ten="20,5200,0" yaku="1,1,0,1,7,1,54,1,53,0" doraHai="107" doraHaiUra="85" who="0" fromWho="0" sc="227,62,330,-13,250,-26,183,-13" /><INIT seed="3,0,0,5,0,27" ten="289,317,224,170" oya="3" hai0="42,57,50,1,87,110,73,56,81,121,30,72,68" hai1="74,21,71,94,59,53,114,6,125,77,49,15,104" hai2="133,20,119,13,128,38,78,122,58,69,67,86,5" hai3="118,96,117,62,45,54,75,11,129,25,99,95,127"/><W17/><G75/><T82/><D68/><U109/><E104/><V84/><F69/><W111/><G127/><T120/><D1/><U43/><E71/><V134/><F38/><W108/><G129/><T9/><D87/><U31/><E125/><V131/><F119/><W40/><G96/><T19/><D50/><U102/><E114/><V0/><F0/><W44/><G118/><T51/><D51/><U60/><E74/><V123/><F67/><W132/><G117/><T10/><D19/><U18/><E109/><N who="3" m="42058" /><G132/><N who="2" m="50793" /><F58/><N who="3" m="35159" /><G40/><T89/><D110/><U52/><E43/><V88/><F78/><W63/><G63/><T22/><D42/><U46/><E77/><V14/><F86/><W33/><G11/><T103/><D103/><U48/><E60/><V8/><F84/><W91/><G33/><T16/><D73/><U76/><E76/><V24/><F88/><W105/><G105/><T98/><D89/><U93/><E102/><V26/><F131/><W135/><G135/><T92/><D72/><U90/><E90/><V29/><F128/><W113/><G113/><T23/><D98/><U126/><E126/><V124/><F124/><W41/><G41/><T39/><D9/><U61/><E61/><V7/><F7/><W55/><G55/><T36/><D10/><U32/><E6/><V12/><F122/><W4/><G4/><T35/><D35/><U34/><E34/><N who="2" m="20775" /><F123/><W79/><G79/><T37/><D37/><U115/><E115/><V28/><AGARI ba="0,0" hai="5,8,12,13,14,20,26,28" m="20775,50793" machi="28" ten="30,8000,1" yaku="20,1,34,2,52,2" doraHai="27" who="2" fromWho="2" sc="289,-20,317,-20,224,80,170,-40" /><INIT seed="4,0,0,5,3,63" ten="269,297,304,130" oya="0" hai0="105,50,87,35,53,61,102,130,4,82,10,97,119" hai1="14,85,44,55,41,23,110,117,109,89,47,80,84" hai2="60,103,78,18,21,59,56,79,86,122,30,15,42" hai3="121,25,1,125,107,91,132,123,34,57,69,52,39"/><T28/><D119/><U113/><E117/><V72/><F72/><W13/><G1/><T74/><D130/><U27/><E113/><V51/><F122/><N who="3" m="46603" /><G39/><T66/><D74/><U92/><E14/><V135/><F135/><W24/><G132/><T73/><D73/><U76/><E55/><N who="2" m="31871" /><F42/><W118/><G118/><T0/><D28/><U9/><E9/><V128/><F128/><W77/><G77/><T93/><D35/><U67/><E47/><V17/><F103/><W68/><G107/><T64/><D61/><U20/><E20/><N who="2" m="11327" /><F86/><W94/><G13/><N who="0" m="5319" /><D105/><U32/><E32/><V81/><F81/><W46/><G46/><N who="0" m="27863" /><D0/><U83/><E92/><V7/><F30/><N who="3" m="19783" /><G25/><T101/><D101/><U99/><E83/><V12/><F7/><W31/><G31/><T95/><D95/><U126/><E80/><V48/><F48/><N who="3" m="30855" /><G125/><T127/><D127/><U37/><E126/><V62/><F62/><W2/><G2/><T36/><D36/><U8/><E37/><V98/><F98/><AGARI ba="0,0" hai="68,69,91,94,98" m="30855,19783,46603" machi="98" ten="30,2000,0" yaku="13,1,54,1" doraHai="63" who="3" fromWho="2" sc="269,0,297,0,304,-20,130,20" /><INIT seed="5,0,0,4,5,9" ten="269,297,284,150" oya="1" hai0="123,89,113,75,120,78,65,26,92,70,12,132,1" hai1="35,107,99,18,119,86,71,11,19,49,3,33,58" hai2="87,103,125,112,63,66,48,109,30,69,82,2,90" hai3="45,64,72,111,59,98,121,36,53,17,106,52,95"/><U81/><E71/><V14/><F2/><W27/><G121/><T124/><D1/><U102/><E119/><V88/><F109/><W55/><G111/><T46/><D70/><U62/><E49/><V44/><F103/><W76/><G106/><T28/><D65/><U131/><E131/><V135/><F30/><W108/><G108/><T31/><D78/><U127/><E127/><V74/><F74/><W61/><G76/><T133/><D46/><U77/><E19/><V54/><F135/><N who="0" m="51786" /><D75/><U73/><E73/><V84/><F125/><W10/><G72/><T79/><D79/><U32/><E18/><V100/><F100/><N who="3" m="60511" /><G36/><T56/><D56/><U97/><E97/><V114/><REACH who="2" step="1"/><F14/><REACH who="2" ten="269,297,274,150" step="2"/><N who="3" m="7383" /><G27/><T22/><D31/><U21/><E3/><V47/><F47/><AGARI ba="0,1" hai="45,47,52,53,55,59,61,64" m="7383,60511" machi="47" ten="30,3900,0" yaku="8,1,52,1,54,1" doraHai="9" who="3" fromWho="2" sc="269,0,297,0,274,-39,150,49" /><INIT seed="6,0,0,3,3,32" ten="269,297,235,199" oya="2" hai0="73,70,88,113,68,105,62,85,121,28,5,67,11" hai1="25,38,45,64,15,66,17,44,79,76,71,123,80" hai2="118,120,19,101,77,106,56,84,42,109,107,133,48" hai3="65,87,110,6,60,10,131,134,63,82,98,22,117"/><V103/><F120/><W104/><G117/><T69/><D121/><U126/><E123/><V59/><F118/><W129/><G110/><T86/><D73/><U90/><E25/><V74/><F74/><W23/><G134/><T78/><D105/><U8/><E126/><V99/><F133/><W37/><G37/><T94/><D28/><U91/><E71/><V43/><F19/><W55/><G55/><T4/><D113/><U27/><E27/><V39/><F39/><W33/><G33/><T1/><REACH who="0" step="1"/><D5/><REACH who="0" ten="259,297,235,199" step="2"/><U96/><E38/><V0/><F109/><W35/><G35/><T125/><D125/><U114/><E114/><V29/><F29/><W122/><G122/><T31/><D31/><U21/><E17/><V128/><F106/><W119/><G119/><T115/><D115/><U61/><E80/><AGARI ba="0,1" hai="1,4,11,62,67,68,69,70,78,80,85,86,88,94" machi="80" ten="40,5200,0" yaku="1,1,52,1,54,1,53,0" doraHai="32" doraHaiUra="41" who="0" fromWho="1" sc="259,62,297,-52,235,0,199,0" /><INIT seed="7,0,0,2,5,45" ten="321,245,235,199" oya="3" hai0="63,69,68,14,126,84,106,59,46,71,1,30,40" hai1="31,88,44,8,70,93,125,36,26,42,98,117,9" hai2="58,7,109,64,53,60,22,124,73,50,89,33,28" hai3="92,38,51,20,5,43,110,80,61,96,67,41,4"/><W90/><G38/><T132/><D1/><U10/><E70/><V29/><F73/><W56/><G110/><T11/><D106/><U99/><E125/><V72/><F72/><W76/><G20/><T32/><D84/><U16/><E117/><V48/><F33/><W102/><G102/><T18/><D132/><U128/><E128/><V112/><F112/><W25/><G25/><T127/><D30/><N who="2" m="11882" /><F124/><N who="0" m="47658" /><D32/><U74/><E74/><V100/><F100/><W114/><G114/><T79/><D79/><U87/><REACH who="1" step="1"/><E16/><REACH who="1" ten="321,235,235,199" step="2"/><V104/><F109/><W103/><G76/><T54/><D71/><U101/><E101/><V94/><F104/><W120/><G120/><T0/><D0/><U81/><E81/><V111/><F111/><W133/><G133/><T21/><D11/><U13/><E13/><V116/><F116/><W78/><G78/><T34/><D34/><AGARI ba="0,1" hai="8,9,10,26,31,34,36,42,44,87,88,93,98,99" machi="34" ten="40,2600,0" yaku="1,1,54,1,53,0" doraHai="45" doraHaiUra="135" who="1" fromWho="0" sc="321,-26,235,36,235,0,199,0" /><INIT seed="8,0,0,1,4,27" ten="295,271,235,199" oya="0" hai0="10,123,77,41,69,84,29,68,18,125,16,80,20" hai1="17,5,107,133,115,76,2,124,122,116,42,102,24" hai2="6,38,12,0,67,21,126,99,86,93,127,118,54" hai3="74,131,39,64,44,58,104,33,65,83,57,82,95"/><T62/><D123/><U117/><E122/><V121/><F38/><W26/><G104/><T113/><D113/><U37/><E76/><V111/><F111/><W46/><G131/><T52/><D125/><U15/><E24/><V30/><F0/><W60/><G95/><T72/><D72/><U51/><E37/><V63/><F121/><W32/><G74/><T4/><D41/><U79/><E79/><V91/><F54/><W100/><G26/><N who="0" m="16583" /><D68/><U70/><E70/><V47/><F47/><W8/><G39/><T50/><D62/><U92/><E107/><V48/><F48/><W90/><G60/><T11/><D69/><U36/><E36/><V13/><F99/><W34/><G34/><T59/><D4/><U23/><E124/><V73/><F73/><W55/><G55/><T134/><D134/><U25/><E133/><V14/><F6/><W7/><G7/><T94/><D94/><U22/><E115/><V89/><F118/><N who="1" m="45673" /><E2/><V87/><F126/><W130/><G130/><T56/><D56/><U114/><E114/><V112/><F112/><W53/><G53/><T96/><D96/><N who="1" m="59655" /><E5/><V106/><F106/><W78/><G78/><T19/><AGARI ba="0,0" hai="10,11,16,18,19,50,52,59,77,80,84" m="16583" machi="19" ten="30,11700,0" yaku="8,1,52,1,54,2" doraHai="27" who="0" fromWho="0" sc="295,117,271,-39,235,-39,199,-39" owari="412,51.0,232,3.0,196,-20.0,160,-34.0" /></mjloggm>