<mjloggm ver="2.3"><GO type="169" lobby="0"/><UN n0="%E5%B0%B1%E6%B4%BB%E7%94%9F%40%E5%B7%9D%E6%9D%91%E8%BB%8D%E5%9B%A3" n1="%63%68%75%75%79%61%61%61" n2="%E3%83%9B%E3%83%BB%E3%82%B8%E3%83%A5%E3%83%B3" n3="%E3%83%89%E3%83%BC%E3%83%AB%E3%83%9F%E3%83%BC" dan="17,16,17,17" rate="2135.55,2089.12,2220.88,2134.51" sx="M,M,M,M"/><TAIKYOKU oya="0"/><INIT seed="0,0,0,0,5,46" ten="250,250,250,250" oya="0" hai0="92,88,118,0,9,85,16,103,61,48,129,68,59" hai1="79,87,102,112,10,105,106,15,91,23,86,98,52" hai2="13,94,2,111,30,115,97,90,77,53,18,110,84" hai3="107,17,70,1,27,101,3,31,132,96,74,12,57"/><T50/><D118/><U122/><E122/><V26/><F2/><W75/><G132/><T133/><D68/><U60/><E112/><V5/><F5/><W123/><G123/><T80/><D129/><U108/><E108/><V113/><F53/><W134/><G134/><T109/><D133/><U4/><E23/><V24/><F77/><W67/><G57/><T95/><D109/><N who="2" m="41482" /><F97/><W131/><G131/><T99/><D80/><U64/><E106/><V120/><F120/><W117/><G117/><T62/><D62/><U54/><E79/><V32/><F26/><W63/><G17/><T7/><REACH who="0" step="1"/><D16/><REACH who="0" ten="240,250,250,250" step="2"/><U21/><E21/><AGARI ba="0,1" hai="13,18,21,24,30,32,84,90,94,113,115" m="41482" machi="21" ten="30,1000,0" yaku="14,1" doraHai="46" who="2" fromWho="1" sc="240,0,250,-10,250,20,250,0" /><INIT seed="1,0,0,2,1,20" ten="240,240,270,250" oya="1" hai0="132,40,38,79,68,55,43,128,30,82,54,60,108" hai1="75,57,33,114,93,26,120,101,91,11,41,53,89" hai2="2,36,15,25,56,49,131,34,134,118,111,124,105" hai3="47,107,50,95,10,22,44,87,48,24,100,73,46"/><U39/><E120/><V99/><RYUUKYOKU type="yao9" ba="0,0" sc="240,0,240,0,270,0,250,0" hai2="2,15,25,34,36,49,56,99,105,111,118,124,131,134" /><INIT seed="1,1,0,5,1,92" ten="240,240,270,250" oya="1" hai0="17,95,107,6,8,133,39,23,135,117,110,111,103" hai1="88,48,28,93,10,67,65,24,15,119,82,59,2" hai2="101,51,27,100,18,98,44,102,76,130,40,5,32" hai3="14,80,21,53,115,64,131,45,30,123,13,75,38"/><U89/><E2/><V134/><F134/><N who="0" m="51210" /><D107/><U47/><E119/><V97/><F130/><W60/><G115/><T121/><D39/><U73/><E73/><V124/><F124/><W56/><G123/><T106/><D106/><U120/><E120/><V104/><F5/><W62/><G131/><T78/><D78/><U52/><E82/><V55/><F104/><W126/><G126/><T42/><D42/><U36/><E36/><V7/><F7/><W63/><G75/><T66/><D66/><U81/><E81/><V58/><F76/><W116/><G116/><T31/><D95/><U118/><E118/><V68/><F68/><W127/><G80/><T16/><D103/><U84/><E89/><V77/><F77/><W49/><G127/><T85/><D85/><U12/><E47/><V70/><F70/><W94/><G38/><T74/><D74/><U57/><E57/><V87/><F87/><W83/><G83/><T3/><D117/><U34/><REACH who="1" step="1"/><E15/><REACH who="1" ten="240,230,270,250" step="2"/><V114/><F114/><W86/><G13/><T54/><D121/><U35/><E35/><V108/><F32/><W0/><G0/><T79/><D79/><U128/><E128/><V37/><F108/><N who="0" m="41514" /><D54/><U69/><E69/><V113/><F113/><W105/><G53/><T19/><D31/><U129/><E129/><V109/><F109/><W71/><G30/><T122/><D122/><U61/><E61/><N who="2" m="36063" /><F37/><W90/><G71/><T25/><AGARI ba="1,1" hai="3,6,8,16,17,19,23,25" m="41514,51210" machi="25" ten="30,8000,1" yaku="20,1,14,1,34,2,54,1" doraHai="92" who="0" fromWho="0" sc="240,93,230,-41,270,-21,250,-21" /><INIT seed="2,0,0,5,5,49" ten="333,189,249,229" oya="2" hai0="80,25,106,39,58,72,111,60,63,110,51,41,61" hai1="103,100,119,44,42,36,26,57,78,37,135,59,3" hai2="27,2,5,13,1,6,117,130,86,16,128,94,73" hai3="113,30,105,132,38,45,96,91,112,116,66,34,97"/><V68/><F73/><W118/><G66/><T79/><D106/><U101/><E3/><N who="2" m="1035" /><F68/><W89/><G30/><T48/><D25/><U46/><E119/><N who="3" m="45610" /><G34/><T10/><D10/><U52/><E135/><V53/><F117/><W115/><G45/><N who="0" m="23743" /><D58/><U19/><E78/><V70/><F70/><W76/><G38/><T127/><D127/><U54/><E37/><V81/><F94/><N who="3" m="56399" /><G132/><T131/><D131/><N who="2" m="50218" /><F27/><W82/><G105/><T95/><D95/><U84/><E84/><V55/><F6/><W8/><G8/><T99/><D99/><U129/><E129/><V74/><F5/><W67/><G67/><T33/><D33/><U20/><REACH who="1" step="1"/><E46/><REACH who="1" ten="333,179,249,229" step="2"/><V87/><F74/><N who="3" m="43287" /><G115/><T83/><D83/><U29/><E29/><V23/><F87/><W133/><G133/><T18/><D80/><U4/><E4/><V69/><F69/><W92/><AGARI ba="0,1" hai="91,92,97,112,113" m="43287,56399,45610" machi="92" ten="30,2000,0" yaku="34,2" doraHai="49" who="3" fromWho="3" sc="333,-5,179,-5,249,-10,229,30" /><INIT seed="3,0,0,0,1,75" ten="328,174,239,259" oya="3" hai0="89,73,115,54,64,85,47,37,82,53,6,70,62" hai1="59,68,125,74,43,113,44,9,25,63,79,93,95" hai2="22,7,126,10,32,30,96,120,106,16,114,49,102" hai3="3,87,41,15,123,90,121,135,130,122,83,97,72"/><W5/><G3/><T61/><D115/><U117/><E113/><V86/><F114/><W19/><G5/><T88/><D73/><U76/><E117/><V134/><F134/><W78/><G41/><T46/><D61/><U131/><E68/><V38/><F38/><W103/><G135/><T42/><D6/><U1/><E131/><V128/><F128/><W24/><G24/><T58/><D70/><U116/><E116/><V36/><F36/><W104/><G130/><T69/><D69/><U91/><E125/><V34/><F126/><W112/><G112/><T51/><REACH who="0" step="1"/><D89/><REACH who="0" ten="318,174,239,259" step="2"/><U14/><E74/><V23/><F7/><W94/><REACH who="3" step="1"/><G122/><REACH who="3" ten="318,174,239,249" step="2"/><T107/><D107/><U21/><E1/><V18/><F106/><W111/><G111/><T105/><D105/><U119/><E119/><V27/><F120/><W81/><G81/><T67/><AGARI ba="0,2" hai="37,42,46,47,51,53,54,58,62,64,67,82,85,88" machi="67" ten="30,4000,0" yaku="1,1,0,1,54,1,53,0" doraHai="75" doraHaiUra="17" who="0" fromWho="0" sc="318,60,174,-10,239,-10,249,-20" /><INIT seed="4,0,0,3,5,36" ten="378,164,229,229" oya="0" hai0="76,85,17,93,109,75,41,54,108,16,121,48,47" hai1="89,123,64,119,22,120,8,2,10,126,112,103,34" hai2="104,74,58,91,23,129,5,68,31,11,88,101,27" hai3="98,115,95,37,14,65,52,111,29,81,84,13,42"/><T4/><D121/><N who="1" m="46667" /><E64/><V117/><F68/><W49/><G111/><N who="0" m="42571" /><D4/><N who="1" m="1047" /><E89/><V122/><F122/><W59/><G29/><T78/><D75/><U39/><E39/><V30/><F74/><W128/><G128/><T134/><D134/><U77/><E77/><N who="0" m="29801" /><D54/><U135/><E103/><V132/><F129/><W114/><G65/><T80/><D93/><U56/><E56/><V116/><F132/><W44/><G95/><T43/><D41/><U92/><E92/><V124/><F58/><W131/><G98/><T86/><D86/><U106/><E106/><V79/><F79/><AGARI ba="0,0" hai="16,17,43,47,48,79,80,85" m="29801,42571" machi="79" ten="30,5800,0" yaku="10,1,52,1,54,1" doraHai="36" who="0" fromWho="2" sc="378,58,164,0,229,-58,229,0" /><INIT seed="4,1,0,0,1,130" ten="436,164,171,229" oya="0" hai0="42,39,45,82,122,69,123,73,29,127,91,74,62" hai1="17,89,102,43,35,95,14,48,52,115,75,118,81" hai2="25,108,9,92,97,113,88,85,61,77,65,64,126" hai3="32,4,26,10,63,72,94,55,129,15,79,87,0"/><T22/><D127/><U27/><E118/><V103/><F108/><W34/><G129/><T3/><D3/><U2/><E2/><V83/><F126/><W125/><G125/><T1/><D1/><U105/><E43/><V21/><F113/><W47/><G72/><T133/><D133/><U135/><E115/><V28/><F9/><W60/><G34/><T57/><D69/><U31/><E102/><V70/><REACH who="2" step="1"/><F64/><REACH who="2" ten="436,164,161,229" step="2"/><W71/><G10/><T120/><D120/><U49/><E135/><V107/><F107/><W46/><G4/><T56/><D122/><U117/><E105/><V6/><F6/><W128/><G128/><T121/><D121/><U44/><E117/><V19/><F19/><W11/><G11/><T111/><D123/><U132/><E132/><V124/><F124/><W86/><G0/><T38/><D111/><U106/><E106/><V7/><F7/><W37/><G15/><T109/><D109/><U12/><E12/><V33/><F33/><W112/><G32/><T116/><D116/><U36/><E14/><V96/><F96/><W59/><G112/><T40/><D74/><U20/><E35/><V54/><F54/><W16/><G55/><T78/><D73/><U58/><E17/><V53/><F53/><W76/><G16/><T67/><D39/><U5/><E36/><V110/><F110/><W100/><G37/><T114/><D38/><U18/><E5/><V131/><F131/><W23/><G23/><T90/><D114/><U119/><E119/><V8/><F8/><W134/><G134/><T24/><D40/><U98/><E18/><RYUUKYOKU ba="1,1" sc="436,-10,164,-10,161,30,229,-10" hai2="21,25,28,61,65,70,77,83,85,88,92,97,103" /><INIT seed="5,2,1,1,0,107" ten="426,154,191,219" oya="1" hai0="17,62,81,15,42,45,69,98,63,72,93,43,131" hai1="117,99,133,66,129,21,19,84,132,54,105,92,78" hai2="96,20,56,100,16,53,61,5,0,109,2,115,48" hai3="83,77,24,76,94,134,123,46,7,51,70,135,44"/><U101/><E117/><V4/><F109/><W8/><G70/><T36/><D131/><U130/><E66/><V41/><F115/><W104/><G104/><T127/><D127/><U13/><E54/><V39/><F39/><W64/><G64/><T88/><D43/><U110/><E110/><V86/><F0/><W35/><G123/><T33/><D33/><U50/><E50/><V29/><F29/><W58/><G24/><T18/><D69/><U113/><E113/><V38/><F38/><W68/><G35/><T97/><D97/><U3/><E3/><V90/><F2/><W27/><G27/><T80/><D17/><U25/><E25/><V10/><F10/><W102/><G68/><T122/><D122/><U121/><E121/><V124/><F124/><W11/><G7/><T82/><REACH who="0" step="1"/><D72/><REACH who="0" ten="416,154,191,219" step="2"/><U14/><E14/><N who="2" m="9239" /><F96/><W108/><G108/><T26/><D26/><U116/><E116/><V59/><F100/><W111/><G111/><T119/><D119/><U49/><E49/><V30/><F41/><W12/><G51/><T95/><D95/><U71/><E71/><V89/><F30/><W40/><G94/><T28/><D28/><U65/><E65/><N who="2" m="39079" /><F86/><W118/><G40/><T74/><D74/><U125/><E125/><V31/><F31/><W120/><G118/><T6/><D6/><AGARI ba="2,2" hai="4,5,6,48,53,59,89,90" m="39079,9239" machi="6" ten="30,2000,0" yaku="8,1,54,1" doraHai="107" who="2" fromWho="0" sc="416,-26,154,0,191,46,219,0" /><INIT seed="6,0,0,3,3,59" ten="390,154,237,219" oya="2" hai0="9,89,84,81,103,12,111,54,85,8,57,11,99" hai1="55,92,80,28,0,13,22,115,112,106,45,41,127" hai2="118,29,65,2,64,4,21,58,63,50,101,42,97" hai3="3,66,25,86,73,24,35,107,5,88,126,76,53"/><V32/><F118/><W60/><G107/><T109/><D85/><U62/><E106/><V52/><F32/><W117/><G117/><T129/><D129/><U132/><E132/><V44/><F4/><W19/><G76/><T125/><D125/><U27/><E0/><V74/><F2/><W116/><G73/><T70/><D70/><U114/><E127/><V38/><F74/><W98/><G98/><T30/><D30/><U108/><E108/><V94/><F38/><W105/><G5/><T122/><D122/><U15/><E80/><V93/><F94/><N who="3" m="54551" /><G105/><T75/><D75/><U104/><E104/><V72/><F72/><W18/><G35/><T131/><D131/><U120/><E92/><V79/><F79/><W83/><G83/><T37/><D37/><U16/><E120/><V51/><F51/><W68/><G3/><T46/><D46/><U20/><E41/><V78/><F78/><W7/><G7/><T134/><D134/><U56/><E45/><V69/><F69/><W1/><G1/><T121/><D121/><U135/><REACH who="1" step="1"/><E135/><REACH who="1" ten="390,144,237,219" step="2"/><V71/><F71/><W77/><G126/><T48/><D111/><U124/><E124/><V49/><F93/><W82/><G116/><T95/><D109/><U123/><E123/><V87/><F42/><W39/><G68/><T91/><D103/><U6/><E6/><AGARI ba="0,1" hai="6,8,9,11,12,48,54,57,81,84,89,91,95,99" machi="6" ten="30,2000,0" yaku="7,1,8,1" doraHai="59" who="0" fromWho="1" sc="390,30,144,-20,237,0,219,0" /><INIT seed="7,0,0,0,3,88" ten="420,124,237,219" oya="3" hai0="42,28,112,111,6,93,9,127,35,100,115,114,51" hai1="59,53,64,44,106,84,27,5,117,79,73,91,22" hai2="129,76,65,98,60,81,54,95,48,124,135,17,119" hai3="50,128,29,94,2,38,97,96,16,15,110,49,72"/><W90/><G38/><T52/><D111/><U132/><E106/><V58/><F119/><W46/><G2/><T68/><D127/><U45/><E117/><V69/><F124/><W25/><G72/><T43/><D68/><U13/><E132/><V83/><F135/><W14/><G128/><T80/><D80/><U19/><E64/><V118/><F118/><W134/><G110/><T56/><D28/><U85/><E73/><V105/><F105/><W82/><G82/><T86/><D35/><U47/><E79/><V87/><F129/><W99/><G134/><T77/><D77/><U39/><E39/><V70/><F81/><W7/><G7/><T102/><D86/><U89/><E5/><V21/><F48/><W113/><G113/><T32/><D32/><U23/><E85/><V4/><F65/><W26/><G50/><T34/><D34/><U108/><E108/><V103/><F4/><W126/><G126/><T33/><D33/><U63/><REACH who="1" step="1"/><E84/><REACH who="1" ten="420,114,237,219" step="2"/><V120/><F120/><W92/><G99/><N who="0" m="59503" /><D102/><U1/><E1/><AGARI ba="0,1" hai="1,6,9,42,43,51,52,56,112,114,115" m="59503" machi="1" ten="30,7700,0" yaku="15,1,11,1,52,1,54,1" doraHai="88" who="0" fromWho="1" sc="420,87,114,-77,237,0,219,0" owari="507,60.0,37,-46.0,237,4.0,219,-18.0" /></mjloggm>