<mjloggm ver="2.3"><GO type="41" lobby="0"/><UN n0="%68%6F%6D%6F%64%61%74%69" n1="%E5%B0%B1%E6%B4%BB%E7%94%9F%40%E5%B7%9D%E6%9D%91%E8%BB%8D%E5%9B%A3" n2="%79%6F%E3%81%A1%E3%82%83%E3%82%93" n3="%E3%81%A8%E3%81%82%E3%82%8B%E7%99%BD%E9%BB%92%E7%8C%AB" dan="14,17,15,13" rate="1892.71,2183.09,1916.50,1887.40" sx="M,M,M,F"/><TAIKYOKU oya="0"/><INIT seed="0,0,0,3,2,124" ten="250,250,250,250" oya="0" hai0="47,120,17,40,22,32,112,43,16,51,101,99,78" hai1="21,48,23,115,61,28,56,74,88,7,129,34,84" hai2="5,45,64,35,109,69,103,3,82,93,31,131,26" hai3="105,12,96,58,132,106,2,133,10,68,116,80,107"/><T73/><D120/><U89/><E74/><V55/><F131/><W119/><G68/><T62/><D32/><U50/><E34/><V65/><F109/><W108/><G108/><T81/><D112/><U77/><E129/><V41/><F82/><W60/><G2/><T70/><D17/><U100/><E115/><V18/><F69/><W63/><G80/><T59/><D70/><U53/><E100/><V37/><F3/><W6/><G96/><T126/><D126/><U135/><E135/><N who="3" m="51786" /><G63/><T9/><D9/><U8/><E77/><V79/><F79/><W67/><AGARI ba="0,0" hai="6,10,12,58,60,67,105,106,107,116,119" m="51786" machi="67" ten="40,1500,0" yaku="20,1" doraHai="124" who="3" fromWho="3" sc="250,-7,250,-4,250,-4,250,15" /><INIT seed="1,0,0,5,4,79" ten="243,246,246,265" oya="1" hai0="82,32,28,67,5,56,41,61,34,81,98,85,124" hai1="77,109,17,23,76,71,74,100,132,99,50,65,104" hai2="86,103,89,121,68,21,80,7,113,36,129,78,88" hai3="91,53,29,70,11,16,59,12,128,73,115,60,9"/><U10/><E132/><V2/><F121/><W93/><G115/><T87/><D5/><U112/><E112/><V47/><F68/><W40/><G29/><T58/><D41/><U49/><E109/><V92/><F113/><W57/><G73/><T111/><D111/><U46/><E10/><V72/><F129/><W120/><G70/><T69/><D124/><U66/><E50/><V15/><F2/><W133/><G40/><T0/><D0/><U114/><E114/><V135/><F135/><W22/><G133/><T90/><D98/><U110/><E110/><V8/><F36/><W75/><G75/><T44/><D44/><U39/><E39/><V122/><F122/><W62/><G128/><T55/><D28/><U107/><E107/><V31/><F47/><W108/><G108/><T102/><D102/><U24/><E71/><V63/><F63/><W27/><G12/><T94/><D94/><U18/><E17/><V13/><F72/><W118/><G118/><T19/><D19/><U64/><REACH who="1" step="1"/><E74/><REACH who="1" ten="243,236,246,265" step="2"/><V48/><F48/><W97/><REACH who="3" step="1"/><G120/><REACH who="3" ten="243,236,246,255" step="2"/><T4/><D69/><U125/><E125/><V52/><F31/><W35/><G35/><T96/><D32/><U134/><E134/><V1/><F1/><W43/><G43/><AGARI ba="0,2" hai="18,23,24,43,46,49,64,65,66,76,77,99,100,104" machi="43" ten="40,2000,0" yaku="1,1,53,0" doraHai="79" doraHaiUra="127" who="1" fromWho="3" sc="243,0,236,40,246,0,255,-20" /><INIT seed="1,1,0,0,1,7" ten="243,276,246,235" oya="1" hai0="31,123,34,60,114,57,78,36,76,3,112,35,1" hai1="41,65,80,87,23,120,122,85,108,71,89,11,72" hai2="61,17,99,96,66,44,33,54,29,37,69,134,88" hai3="106,111,42,81,100,74,55,116,118,0,26,115,53"/><U22/><E72/><V109/><F134/><W75/><G111/><T132/><D57/><U124/><E41/><V50/><F109/><W127/><G115/><T113/><D60/><U16/><E108/><V86/><F33/><W56/><G42/><T58/><D58/><U47/><E124/><V10/><F29/><W68/><G68/><T9/><D31/><U102/><E102/><V91/><F37/><W51/><G127/><T84/><D84/><U70/><E47/><V107/><F107/><W83/><G0/><T62/><D62/><U6/><E87/><V82/><F91/><W133/><G133/><T40/><D40/><U48/><E48/><V13/><AGARI ba="1,0" hai="10,13,17,44,50,54,61,66,69,82,86,88,96,99" machi="13" ten="30,8000,1" yaku="0,1,25,2,52,1,54,1" doraHai="7" who="2" fromWho="2" sc="243,-21,276,-41,246,83,235,-21" /><INIT seed="2,0,0,1,4,47" ten="222,235,329,214" oya="2" hai0="90,67,87,80,125,25,60,74,61,24,37,106,42" hai1="122,41,17,51,1,133,6,33,83,99,0,97,16" hai2="78,93,88,11,65,22,120,124,102,123,117,21,19" hai3="128,92,111,115,26,39,82,5,103,126,8,73,55"/><V66/><F117/><W13/><G111/><T45/><D106/><U36/><E36/><V71/><F124/><W96/><G126/><T101/><D125/><U112/><E33/><V84/><F71/><W131/><G39/><T20/><D101/><U31/><E1/><V68/><F123/><W48/><G26/><T58/><D74/><U107/><E107/><V109/><F109/><W95/><G115/><T81/><D81/><U135/><E31/><V52/><F120/><W46/><REACH who="3" step="1"/><G95/><REACH who="3" ten="222,235,329,204" step="2"/><T105/><D105/><U72/><E112/><V76/><F68/><W79/><AGARI ba="0,1" hai="5,8,13,46,48,55,73,79,82,92,96,103,128,131" machi="79" ten="30,7900,0" yaku="1,1,2,1,0,1,52,1,53,0" doraHai="47" doraHaiUra="15" who="3" fromWho="3" sc="222,-20,235,-20,329,-39,204,89" /><INIT seed="3,0,0,1,5,37" ten="202,215,290,293" oya="3" hai0="19,73,122,89,134,116,69,83,21,101,99,8,15" hai1="72,53,108,54,24,18,51,7,74,96,39,97,80" hai2="121,28,6,64,93,63,20,90,26,58,41,124,86" hai3="45,115,112,107,92,88,60,128,17,23,84,95,12"/><W130/><G107/><T30/><D122/><U71/><E39/><V113/><F121/><W65/><G45/><T10/><D116/><U132/><E71/><V40/><F113/><W4/><G4/><T118/><D118/><U127/><E108/><V67/><F124/><W135/><G135/><T94/><D69/><U59/><E127/><V129/><F129/><W14/><G14/><T47/><D134/><U9/><E132/><V46/><F6/><W42/><G42/><N who="2" m="16489" /><F46/><W56/><REACH who="3" step="1"/><G95/><REACH who="3" ten="202,215,290,283" step="2"/><T0/><D47/><U125/><E125/><V33/><F33/><W123/><G123/><T91/><D0/><U27/><E7/><V104/><F104/><W29/><G29/><T119/><D30/><U68/><E24/><V111/><F111/><W120/><G120/><T13/><D119/><U2/><E2/><V57/><F57/><W31/><G31/><T133/><D133/><U62/><E27/><V105/><F105/><W25/><G25/><T22/><D15/><U32/><E68/><V87/><F67/><W79/><G79/><T66/><D66/><U43/><E43/><V77/><F77/><W110/><G110/><T78/><D8/><U109/><E109/><V61/><F61/><W98/><G98/><AGARI ba="0,1" hai="20,26,28,58,63,64,86,87,90,93,98" m="16489" machi="98" ten="30,7700,0" yaku="8,1,52,3" doraHai="37" who="2" fromWho="3" sc="202,0,215,0,290,87,283,-77" /><INIT seed="4,0,0,4,5,117" ten="202,215,377,206" oya="0" hai0="43,22,135,14,128,57,62,75,103,73,130,79,59" hai1="34,107,97,64,10,108,48,7,69,96,83,123,95" hai2="82,26,76,50,55,90,122,124,115,32,77,132,1" hai3="17,38,13,106,29,65,110,68,21,44,51,105,113"/><T121/><D135/><U104/><E108/><V9/><F115/><W87/><G110/><T114/><D114/><U45/><E34/><V58/><F132/><W24/><G113/><T16/><D103/><U30/><E30/><V5/><F124/><W39/><G38/><T36/><D121/><U98/><E95/><V131/><F131/><N who="0" m="50218" /><D79/><U81/><E123/><V60/><F122/><W112/><G39/><T86/><D86/><U8/><E64/><V100/><F100/><W35/><G112/><T66/><D59/><U49/><E69/><V126/><F126/><W80/><G65/><T133/><D133/><U127/><E127/><V6/><F6/><W0/><G0/><T102/><D102/><U70/><E70/><V91/><F76/><W42/><REACH who="3" step="1"/><G68/><REACH who="3" ten="202,215,377,196" step="2"/><T31/><D31/><U23/><E104/><V74/><F32/><W53/><G53/><T12/><D36/><U4/><E107/><V99/><F99/><W89/><AGARI ba="0,1" hai="13,17,21,24,29,35,42,44,51,80,87,89,105,106" machi="89" ten="20,2700,0" yaku="1,1,0,1,7,1,53,0" doraHai="117" doraHaiUra="71" who="3" fromWho="3" sc="202,-13,215,-7,377,-7,196,37" /><INIT seed="5,0,0,1,4,51" ten="189,208,370,233" oya="1" hai0="100,87,0,40,17,42,74,129,34,60,59,57,67" hai1="37,62,123,72,39,122,106,16,13,32,102,58,28" hai2="120,53,125,12,114,5,1,3,31,35,63,94,11" hai3="92,73,85,69,54,135,89,117,21,55,115,96,76"/><U25/><E72/><V128/><F120/><W95/><G69/><T41/><D0/><U7/><E7/><V126/><F94/><W103/><G115/><T80/><D34/><U9/><E102/><V104/><F104/><W19/><G135/><T93/><D74/><U18/><E106/><V82/><F82/><N who="3" m="47303" /><G73/><T124/><D129/><U66/><REACH who="1" step="1"/><E18/><REACH who="1" ten="189,198,370,233" step="2"/><V91/><F128/><W68/><G68/><T38/><D124/><U56/><E56/><V98/><F126/><W86/><G117/><T6/><D6/><U52/><E52/><V27/><F125/><W30/><G30/><T119/><D119/><U20/><E20/><V24/><F114/><W116/><G116/><T118/><D118/><U26/><E26/><AGARI ba="0,1" hai="19,21,26,54,55,86,89,92,95,96,103" m="47303" machi="26" ten="30,3900,0" yaku="8,1,52,2" doraHai="51" who="3" fromWho="1" sc="189,0,198,-39,370,0,233,49" /><INIT seed="6,0,0,4,1,131" ten="189,159,370,282" oya="2" hai0="9,71,108,31,73,42,20,64,118,80,112,57,101" hai1="13,79,5,50,19,132,32,66,27,103,95,125,105" hai2="7,10,135,40,61,47,74,58,52,92,109,88,102" hai3="59,90,55,23,6,18,86,44,22,49,123,94,33"/><V39/><F109/><W15/><G123/><T51/><D108/><U3/><E105/><V34/><F34/><W30/><G33/><T106/><D112/><U36/><E36/><V29/><F29/><W87/><G6/><T12/><D118/><U60/><E79/><V38/><F74/><W35/><G35/><T62/><D106/><U53/><E125/><V99/><F135/><W115/><G115/><T96/><D96/><U25/><E3/><V37/><REACH who="2" step="1"/><F102/><REACH who="2" ten="189,159,360,282" step="2"/><W70/><G30/><T75/><D101/><U67/><E132/><V104/><F104/><W114/><G114/><T16/><D75/><U26/><E32/><V120/><F120/><W81/><G23/><T21/><D73/><U48/><E103/><V1/><AGARI ba="0,1" hai="1,7,10,37,38,39,40,47,52,58,61,88,92,99" machi="1" ten="20,12000,1" yaku="1,1,0,1,7,1,54,2,53,0" doraHai="131" doraHaiUra="14" who="2" fromWho="2" sc="189,-40,159,-40,360,130,282,-40" /><INIT seed="6,1,0,3,5,2" ten="149,119,490,242" oya="2" hai0="107,94,101,20,16,131,106,128,113,26,66,71,61" hai1="60,91,122,105,104,115,108,59,0,48,119,7,99" hai2="52,83,90,13,89,132,15,18,82,75,86,39,49" hai3="31,36,109,32,40,24,93,103,123,127,28,19,73"/><V4/><F39/><W34/><G123/><T72/><D72/><U46/><E108/><V87/><F132/><W38/><G109/><T54/><D113/><U41/><E119/><V125/><F125/><W120/><G73/><T85/><D54/><U30/><E122/><V56/><F75/><W70/><G70/><T29/><D29/><U100/><E115/><V133/><F133/><W117/><G120/><T110/><D110/><U67/><E30/><V3/><REACH who="2" step="1"/><F18/><REACH who="2" ten="149,119,480,242" step="2"/><W53/><G19/><T116/><D116/><U78/><E78/><V88/><F88/><W14/><G36/><T27/><D16/><U96/><E91/><V134/><F134/><W121/><G38/><T64/><D131/><U47/><E47/><V124/><F124/><W92/><G127/><T118/><D128/><U17/><E17/><V80/><F80/><W50/><G121/><T11/><D118/><U12/><E96/><V65/><F65/><W69/><G117/><T114/><D66/><U102/><E102/><V55/><F55/><W81/><G53/><T58/><D64/><U22/><E100/><V79/><F79/><W95/><G103/><T98/><D98/><U42/><E99/><V1/><F1/><W43/><G81/><T10/><D101/><U23/><E0/><V6/><F6/><W51/><G40/><T44/><D44/><U76/><E76/><V21/><F21/><N who="1" m="7689" /><E42/><V62/><F62/><W97/><G43/><T68/><D114/><U35/><E35/><V37/><F37/><W77/><G77/><T84/><D61/><U8/><E41/><V33/><F33/><RYUUKYOKU ba="1,1" sc="149,-15,119,15,480,15,242,-15" hai1="7,8,12,46,48,59,60,67,104,105" hai2="3,4,13,15,49,52,56,82,83,86,87,89,90" /><INIT seed="6,2,1,0,5,34" ten="134,134,495,227" oya="2" hai0="133,36,11,104,73,14,111,59,31,128,44,62,40" hai1="15,75,27,17,47,32,26,67,54,38,29,80,100" hai2="60,42,74,101,127,135,56,112,105,103,72,7,19" hai3="69,28,41,99,122,1,87,25,98,58,121,21,108"/><V71/><F71/><W33/><G69/><T130/><D104/><U37/><E100/><V12/><F127/><W110/><G41/><T48/><D73/><U24/><E67/><V57/><F135/><W96/><G87/><T126/><D111/><U102/><E102/><V20/><F112/><W16/><G58/><T68/><D31/><U123/><E123/><V50/><F7/><W39/><G39/><T18/><D133/><U86/><E75/><V77/><F74/><W81/><G81/><T65/><D126/><U109/><E109/><N who="3" m="42090" /><G96/><T66/><REACH who="0" step="1"/><D66/><REACH who="0" ten="124,134,495,227" step="2"/><U51/><E38/><V124/><F124/><W114/><G114/><T49/><D49/><U88/><REACH who="1" step="1"/><E37/><REACH who="1" ten="124,124,495,227" step="2"/><V129/><F105/><W132/><G132/><T115/><D115/><U61/><E61/><V83/><F72/><W45/><G121/><T125/><D125/><U3/><E3/><V79/><F60/><W95/><G1/><T63/><D63/><U107/><E107/><V94/><F77/><W55/><G122/><T118/><D118/><U70/><E70/><V89/><F79/><W8/><G95/><T10/><D10/><AGARI ba="2,3" hai="10,15,17,24,26,27,29,32,47,51,54,80,86,88" machi="10" ten="30,12000,2" yaku="1,1,7,1,25,2,54,1,53,1" doraHai="34" doraHaiUra="82" who="1" fromWho="0" sc="124,-126,124,156,495,0,227,0" owari="-2,-50.0,280,8.0,495,59.0,227,-17.0" /></mjloggm>