<mjloggm ver="2.3"><GO type="169" lobby="0"/><UN n0="%73%68%6F%6F%74%33%39" n1="%E3%82%A6%E3%83%AB%E3%83%88%E3%83%A9%E7%AB%8B%E7%9B%B4" n2="%73%75%7A%75%6D%65%E3%81%AE%E6%B6%99" n3="%68%61%73%65%33%32%38" dan="18,17,16,16" rate="2193.41,2193.37,2109.64,2120.41" sx="M,M,M,M"/><TAIKYOKU oya="0"/><INIT seed="0,0,0,5,4,113" ten="250,250,250,250" oya="0" hai0="111,117,98,99,6,76,46,55,114,1,131,42,28" hai1="43,123,61,19,86,4,119,0,106,52,82,63,90" hai2="75,56,41,27,116,44,29,120,80,16,129,31,110" hai3="115,36,48,100,112,72,118,88,126,58,68,108,11"/><T12/><D114/><U47/><E123/><V91/><F110/><W85/><G108/><T77/><D111/><U78/><E106/><V53/><F120/><W60/><G72/><T8/><D131/><U34/><E34/><V15/><F129/><W105/><G36/><T89/><D28/><U135/><E135/><V97/><F116/><W104/><G126/><T92/><D117/><U57/><E119/><V124/><F124/><W51/><G118/><T18/><D55/><U109/><E109/><V33/><F31/><W70/><G70/><T102/><D6/><U122/><E122/><V101/><F91/><W32/><G32/><T45/><D1/><U50/><E19/><V87/><F87/><W103/><G104/><T121/><D121/><U39/><REACH who="1" step="1"/><E78/><REACH who="1" ten="250,240,250,250" step="2"/><V24/><F33/><W125/><G105/><T38/><REACH who="0" step="1"/><D46/><REACH who="0" ten="240,240,250,250" step="2"/><U96/><E96/><V69/><F44/><W30/><G112/><T14/><D14/><U79/><E79/><V35/><F97/><W54/><G115/><T132/><D132/><U3/><E3/><V49/><F15/><W13/><G13/><T10/><D10/><AGARI ba="0,2" hai="0,4,10,39,43,47,50,52,57,61,63,82,86,90" machi="10" ten="40,2600,0" yaku="1,1,54,1,53,0" doraHai="113" doraHaiUra="20" who="1" fromWho="0" sc="240,-26,240,46,250,0,250,0" /><INIT seed="1,0,0,2,1,123" ten="214,286,250,250" oya="1" hai0="11,67,129,112,26,130,28,65,34,124,125,69,102" hai1="134,106,49,52,33,35,2,110,50,80,111,40,3" hai2="47,90,51,121,21,19,1,95,61,5,29,109,126" hai3="115,127,31,103,32,57,64,73,79,86,4,96,20"/><U88/><E106/><V44/><F121/><W105/><G115/><T135/><D102/><U75/><E40/><V38/><F29/><W9/><G127/><N who="0" m="48715" /><D69/><U116/><E116/><V101/><F101/><W37/><G37/><T119/><D119/><U53/><E88/><V58/><F5/><W92/><G32/><T39/><D39/><U14/><E14/><V25/><F1/><W107/><G73/><T133/><D11/><U97/><E97/><V60/><F126/><W117/><G117/><T81/><D81/><U93/><E93/><V8/><F8/><W56/><G56/><T22/><D34/><U70/><E70/><V7/><F7/><W74/><G74/><T72/><D72/><U23/><E75/><V84/><F60/><N who="3" m="37903" /><G86/><T27/><D27/><U71/><E71/><V83/><F44/><W77/><G77/><T113/><D67/><U120/><E23/><V99/><F38/><W30/><G30/><T98/><D65/><U54/><E54/><N who="2" m="34007" /><F84/><W24/><G79/><T118/><D98/><U132/><E120/><V104/><F104/><W91/><G91/><T122/><D118/><U66/><E66/><V128/><F83/><AGARI ba="0,0" hai="2,3,33,35,49,50,52,53,80,83,110,111,132,134" machi="83" ten="25,12000,1" yaku="22,2,52,2,54,1" doraHai="123" who="1" fromWho="2" sc="214,0,286,120,250,-120,250,0" /><INIT seed="1,1,0,0,0,61" ten="214,406,130,250" oya="1" hai0="12,18,132,126,29,121,28,64,53,16,101,100,8" hai1="23,95,86,20,58,120,127,69,89,77,54,131,39" hai2="92,19,32,2,21,42,3,72,106,59,57,96,108" hai3="81,90,63,118,83,6,102,103,99,94,46,45,112"/><U38/><E69/><V13/><F108/><W9/><G112/><T88/><D121/><U73/><E120/><V133/><F32/><W104/><G118/><T80/><D126/><U129/><E127/><V98/><F133/><W122/><G122/><T66/><D132/><U47/><E77/><V125/><F72/><W11/><G63/><T119/><D53/><U48/><E73/><V67/><F125/><W74/><G74/><T79/><D79/><U27/><E20/><V135/><F42/><W134/><G134/><T55/><D55/><U109/><E109/><V87/><F87/><N who="3" m="50559" /><G104/><T60/><D119/><U115/><E115/><V44/><F44/><N who="3" m="17003" /><G81/><T84/><D18/><U7/><E7/><V82/><F82/><W105/><G6/><T14/><D14/><U56/><E38/><V17/><F106/><W91/><G105/><T123/><D123/><U43/><REACH who="1" step="1"/><E56/><REACH who="1" ten="214,396,130,250" step="2"/><V50/><F135/><W117/><G117/><T36/><D36/><U51/><E51/><V62/><F50/><W93/><G9/><T111/><D111/><U68/><E68/><V10/><F57/><W70/><G11/><T26/><D29/><AGARI ba="1,1" hai="23,27,29,39,43,47,48,54,58,86,89,95,129,131" machi="29" ten="40,2000,0" yaku="1,1,53,0" doraHai="61" doraHaiUra="76" who="1" fromWho="0" sc="214,-23,396,33,130,0,250,0" /><INIT seed="1,2,0,5,1,86" ten="191,429,130,250" oya="1" hai0="78,20,76,13,118,15,8,106,31,119,135,25,61" hai1="80,12,88,57,102,0,32,71,14,91,74,6,26" hai2="94,98,64,16,89,81,28,59,51,95,126,36,9" hai3="72,33,131,127,38,115,85,39,113,79,122,133,34"/><U46/><E71/><V7/><F126/><W92/><G122/><T55/><D106/><U52/><E102/><V128/><F36/><N who="3" m="13867" /><G92/><T53/><D135/><U132/><E132/><V1/><F128/><W117/><G85/><T22/><D61/><U23/><E32/><N who="3" m="12394" /><G133/><T100/><D100/><U83/><E0/><V87/><F28/><W134/><G134/><T114/><D31/><N who="1" m="17887" /><E46/><V129/><F129/><W73/><G127/><T68/><D68/><U116/><E116/><V18/><F94/><W63/><G131/><T62/><D62/><N who="1" m="36135" /><E74/><V97/><F97/><W29/><G29/><T19/><D25/><U75/><E75/><V47/><F59/><W96/><G72/><T41/><D119/><U93/><E91/><V65/><F64/><W5/><G73/><T101/><D101/><U120/><E120/><V48/><F65/><W77/><G77/><T37/><D78/><U99/><E6/><V123/><F123/><W58/><G5/><T90/><D76/><U121/><E121/><V3/><F3/><W69/><G69/><T30/><D55/><U130/><E130/><V82/><F82/><AGARI ba="2,0" hai="12,14,80,82,83,88,93,99" m="36135,17887" machi="82" ten="30,11600,0" yaku="8,1,52,1,54,2" doraHai="86" who="1" fromWho="2" sc="191,0,429,122,130,-122,250,0" /><INIT seed="1,3,0,2,1,93" ten="191,551,8,250" oya="1" hai0="92,49,113,61,50,48,29,14,84,72,125,107,59" hai1="76,82,58,133,96,46,73,99,119,45,43,24,35" hai2="40,124,110,69,111,116,78,6,10,3,85,11,128" hai3="53,9,112,135,36,105,16,39,67,18,37,87,0"/><U115/><E119/><V104/><F116/><W130/><G112/><T129/><D113/><U64/><E115/><V94/><F104/><W117/><G117/><T13/><D72/><U19/><E133/><V79/><F124/><W118/><G118/><T121/><D107/><U23/><E35/><V134/><F69/><W127/><G105/><T103/><D125/><U66/><E46/><V34/><F34/><W109/><G127/><T80/><D129/><U7/><E7/><V27/><F40/><W68/><G130/><T75/><D121/><U91/><E91/><N who="2" m="53615" /><F128/><W89/><G135/><T8/><D75/><U123/><E123/><V108/><F134/><W5/><G109/><T131/><D131/><U83/><E83/><V114/><F114/><W55/><G55/><T28/><D14/><U63/><E66/><V101/><F101/><W12/><G0/><T98/><D84/><U70/><E70/><V26/><F11/><W25/><G25/><AGARI ba="3,0" hai="3,6,10,25,26,27,78,79,108,110,111" m="53615" machi="25" ten="30,1000,0" yaku="14,1" doraHai="93" who="2" fromWho="3" sc="191,0,551,0,8,19,250,-19" /><INIT seed="2,0,0,4,2,23" ten="191,551,27,231" oya="2" hai0="39,51,123,69,81,103,121,57,107,61,75,119,86" hai1="132,28,43,120,133,6,84,14,94,130,47,80,55" hai2="88,67,8,114,135,65,17,45,113,72,58,131,59" hai3="11,48,89,13,134,34,90,15,52,29,42,66,83"/><V36/><F131/><W5/><G134/><T106/><D119/><U4/><E120/><V53/><F72/><W38/><G66/><T32/><D39/><U49/><E130/><V102/><F102/><W41/><G38/><T9/><D51/><U108/><E108/><V24/><F135/><W50/><G34/><T99/><D107/><U105/><E105/><V125/><F125/><W7/><G29/><T101/><D101/><U35/><E94/><V44/><F36/><W25/><G25/><T129/><D129/><U12/><E28/><V62/><F8/><N who="3" m="4239" /><G50/><T111/><D111/><U3/><E35/><V30/><F17/><W64/><G64/><T118/><D118/><U117/><E3/><V73/><F73/><W21/><G21/><T1/><D32/><U109/><E109/><V74/><F74/><W31/><G31/><T18/><D69/><U87/><E117/><V78/><F78/><W97/><G97/><T104/><D104/><U100/><E100/><V77/><F77/><W54/><G54/><N who="0" m="33975" /><D75/><U33/><E33/><V37/><F37/><W46/><G83/><T26/><D1/><U116/><E116/><V95/><F65/><W98/><G98/><T68/><D68/><U19/><E133/><V20/><F113/><W2/><G2/><T10/><D123/><U115/><E115/><V124/><F114/><W56/><G46/><T122/><D122/><U63/><E132/><V82/><F82/><W96/><G96/><T110/><D110/><U16/><E80/><V79/><F79/><W76/><G76/><N who="0" m="46375" /><D121/><U127/><E127/><V126/><F126/><RYUUKYOKU ba="0,0" sc="191,15,551,-15,27,-15,231,15" hai0="9,10,18,26,99,103,106" hai3="7,11,15,41,42,48,52,56,89,90" /><INIT seed="3,1,0,2,0,63" ten="206,536,12,246" oya="3" hai0="128,37,126,35,124,88,36,122,123,117,1,81,85" hai1="54,21,24,38,44,34,32,111,133,28,71,20,120" hai2="134,67,121,90,127,56,62,49,86,83,11,57,58" hai3="118,94,29,109,2,42,82,13,92,22,68,70,51"/><W99/><G118/><T23/><D35/><U9/><E71/><V129/><F127/><N who="0" m="48682" /><D1/><U101/><E101/><V25/><F134/><W61/><G2/><T87/><D117/><U96/><E96/><V19/><F129/><W15/><G109/><T48/><D128/><U0/><E54/><V116/><F116/><W14/><G70/><T12/><D48/><U31/><E44/><V130/><F130/><W27/><G82/><N who="0" m="49207" /><D23/><U80/><E38/><N who="0" m="14953" /><D12/><U89/><E21/><N who="2" m="13503" /><F121/><W17/><G68/><T108/><D108/><U95/><E20/><V66/><F62/><W60/><G29/><T97/><D97/><U59/><E31/><V77/><F11/><W33/><G33/><T7/><D7/><U113/><E9/><V16/><F16/><W64/><G17/><T47/><D47/><U84/><E28/><V103/><F103/><W93/><G99/><T105/><D105/><U115/><E34/><V91/><F49/><W55/><G51/><T40/><D40/><U110/><E32/><V10/><F10/><W8/><G42/><T102/><D102/><U76/><E0/><V41/><F41/><W46/><G8/><T106/><D106/><U98/><E111/><V69/><F69/><W125/><G125/><T107/><D107/><U135/><E110/><V131/><F131/><W50/><G27/><T79/><AGARI ba="1,0" hai="79,81,87,122,123" m="14953,49207,48682" machi="79" ten="30,2000,0" yaku="18,1,54,1" doraHai="63" who="0" fromWho="0" sc="206,23,536,-6,12,-6,246,-11" /><INIT seed="4,0,0,5,4,68" ten="229,530,6,235" oya="0" hai0="87,22,39,134,105,118,111,60,59,4,54,72,34" hai1="71,98,25,32,109,133,80,36,28,66,91,119,3" hai2="62,106,12,93,99,46,97,37,9,95,50,24,2" hai3="6,41,90,64,129,89,31,124,7,45,17,110,107"/><T29/><D118/><U61/><E109/><V11/><F37/><W78/><G110/><T58/><D72/><U57/><E36/><V8/><F106/><W0/><G107/><T86/><D111/><U84/><E3/><V43/><F2/><W96/><G64/><T101/><D34/><U116/><E133/><V10/><F62/><W26/><G124/><T77/><D39/><U81/><E57/><V113/><F113/><W114/><G114/><T1/><D134/><U13/><E13/><V23/><F12/><W42/><G42/><T130/><D130/><U122/><E122/><V14/><F14/><W38/><G129/><T102/><D105/><U120/><E120/><V20/><N who="2" m="2048" /><DORA hai="74" /><V30/><F20/><W135/><G135/><T128/><D4/><U15/><E15/><V53/><F53/><W48/><G0/><T55/><D1/><U33/><E33/><V88/><F95/><W75/><G6/><T127/><D127/><U35/><E35/><V123/><F123/><W16/><G7/><T83/><D128/><U131/><E131/><V49/><F49/><W82/><G48/><N who="0" m="31047" /><D87/><AGARI ba="0,0" hai="23,24,30,43,46,50,87,88,93,97,99" m="2048" machi="87" ten="50,3200,0" yaku="8,1,54,1" doraHai="68,74" who="2" fromWho="0" sc="229,-32,530,0,6,32,235,0" /><INIT seed="5,0,0,1,4,62" ten="197,530,38,235" oya="1" hai0="109,20,40,79,82,130,52,64,1,55,4,59,98" hai1="105,76,56,116,36,24,46,134,43,100,34,131,90" hai2="31,81,114,29,3,129,99,41,26,63,89,113,73" hai3="54,103,2,96,39,120,49,17,75,8,21,132,107"/><U83/><E116/><V6/><F129/><W111/><G111/><T23/><D109/><U53/><E131/><V48/><F3/><W70/><G120/><T118/><D118/><U119/><E119/><V50/><F6/><W57/><G39/><T85/><D130/><U104/><E100/><V135/><F135/><W123/><G123/><T68/><D1/><U95/><E134/><V124/><F124/><W115/><G115/><N who="2" m="44041" /><F41/><W117/><G132/><T35/><D35/><U27/><E34/><V14/><F14/><W25/><G117/><T37/><D4/><U122/><E122/><V13/><F13/><W51/><G75/><T18/><D18/><U38/><E38/><V91/><F63/><W32/><G70/><T61/><D98/><U9/><E9/><V65/><F65/><W72/><G72/><T69/><D55/><U19/><E19/><V16/><F99/><W102/><G102/><T110/><D110/><U33/><E24/><V77/><F31/><W93/><G107/><T15/><D15/><U58/><E105/><V71/><F71/><W67/><G2/><T133/><D69/><U44/><E104/><V22/><F29/><W10/><G32/><T78/><D133/><U106/><E106/><V42/><F48/><W5/><G5/><T74/><D40/><U97/><E33/><V92/><F92/><W66/><G49/><N who="0" m="31119" /><D37/><U80/><E36/><V94/><F94/><W126/><G126/><T28/><D28/><U60/><E95/><V0/><F0/><W84/><G84/><T112/><D112/><U128/><E128/><V11/><F11/><AGARI ba="0,0" hai="8,10,11,17,21,25,51,54,57,66,67,93,96,103" machi="11" ten="40,8000,1" yaku="6,1,8,1,52,2" doraHai="62" who="3" fromWho="2" sc="197,0,530,0,38,-80,235,80" owari="197,-20.0,530,62.0,-42,-54.0,315,12.0" /></mjloggm>