<mjloggm ver="2.3"><GO type="225" lobby="0"/><UN n0="%E3%82%A6%E3%83%AB%E3%83%88%E3%83%A9%E7%AB%8B%E7%9B%B4" n1="%E6%9D%8E%E8%B3%80" n2="%4D%4F%44" n3="%74%61%74%73%75%37%30%32" dan="17,16,16,17" rate="2136.66,2074.90,2052.24,2179.41" sx="M,M,M,M"/><TAIKYOKU oya="0"/><INIT seed="0,0,0,2,3,55" ten="250,250,250,250" oya="0" hai0="68,81,129,116,44,99,61,111,102,103,63,31,29" hai1="74,120,84,24,50,127,75,2,98,57,19,96,114" hai2="46,133,92,40,77,124,87,18,1,42,13,21,54" hai3="45,80,125,113,128,7,65,131,108,135,12,69,23"/><T126/><D116/><U39/><E39/><V41/><F1/><W115/><G69/><T33/><D129/><N who="3" m="49737" /><G65/><T66/><D126/><U107/><E120/><V8/><F124/><W94/><G125/><T48/><D111/><U20/><E114/><N who="3" m="43530" /><G45/><T76/><D63/><U25/><E127/><V97/><F133/><W0/><G80/><T28/><D33/><U64/><E2/><V9/><F87/><W70/><G70/><T17/><D17/><U38/><E38/><V134/><F77/><W82/><G82/><T10/><D10/><U16/><E84/><V49/><REACH who="2" step="1"/><F134/><REACH who="2" ten="250,250,240,250" step="2"/><W83/><G135/><T123/><D123/><U119/><E74/><V100/><AGARI ba="0,1" hai="8,9,13,18,21,40,41,42,46,49,54,92,97,100" machi="100" ten="30,7900,0" yaku="1,1,2,1,0,1,8,1,53,0" doraHai="55" doraHaiUra="130" who="2" fromWho="2" sc="250,-39,250,-20,240,89,250,-20" /><INIT seed="1,0,0,4,0,61" ten="211,230,329,230" oya="1" hai0="71,68,35,83,81,91,92,107,124,84,127,72,103" hai1="36,105,55,39,90,42,118,77,104,123,112,2,34" hai2="70,73,121,119,22,56,57,125,108,97,89,93,17" hai3="29,95,128,12,98,47,45,114,23,131,86,58,109"/><U111/><E118/><V37/><F119/><W85/><G114/><T126/><D35/><U132/><E112/><V120/><F70/><W101/><G109/><T33/><D33/><U67/><E55/><V21/><F108/><W9/><G131/><T6/><D6/><U10/><E111/><V5/><F37/><W69/><G69/><T74/><D68/><U106/><E90/><V49/><F73/><N who="0" m="28266" /><D71/><U80/><E34/><V113/><F113/><W1/><G1/><T82/><D107/><U50/><E123/><V26/><F125/><W133/><G133/><T46/><D46/><N who="3" m="17417" /><G128/><T52/><D52/><U54/><E42/><V60/><F5/><N who="3" m="3119" /><G58/><T24/><D24/><AGARI ba="0,0" hai="23,24,29,85,86,95,98,101" m="3119,17417" machi="24" ten="30,1000,0" yaku="8,1" doraHai="61" who="3" fromWho="0" sc="211,-10,230,0,329,0,230,10" /><INIT seed="2,0,0,4,4,129" ten="201,230,329,240" oya="2" hai0="119,64,114,60,109,106,115,76,56,103,7,113,22" hai1="26,48,45,55,30,95,21,123,127,29,50,44,107" hai2="57,81,80,128,130,70,10,99,105,13,77,59,74" hai3="58,120,108,16,49,126,131,66,52,37,75,78,40"/><V18/><F70/><W104/><G120/><T63/><D119/><U51/><E107/><V4/><F81/><W32/><G104/><T65/><D109/><U42/><E127/><V125/><F125/><W36/><G126/><T83/><D7/><U14/><E123/><V43/><F43/><W2/><G2/><T122/><D122/><U89/><E48/><V96/><F4/><W35/><G108/><T8/><D8/><U86/><E14/><V39/><F39/><W53/><G131/><N who="2" m="50217" /><F105/><W61/><G53/><T133/><D22/><U98/><REACH who="1" step="1"/><E86/><REACH who="1" ten="201,220,329,240" step="2"/><V84/><F84/><W88/><G37/><T91/><D106/><U118/><E118/><V17/><F13/><W72/><G75/><T54/><D113/><U92/><E92/><V124/><F74/><W38/><G36/><T23/><D114/><U73/><E73/><V110/><F124/><W33/><G72/><T47/><D115/><U69/><E69/><V135/><F110/><W28/><G38/><T132/><D83/><U6/><E6/><V27/><F80/><W41/><G78/><T112/><D76/><U25/><E25/><V0/><F27/><W90/><G41/><T79/><D79/><U46/><E46/><V85/><F77/><W1/><G40/><T11/><D112/><U101/><E101/><V117/><F85/><W31/><G1/><T62/><D103/><U97/><E97/><V5/><F117/><W100/><G100/><T19/><D47/><U9/><E9/><V87/><F87/><W15/><G90/><T82/><D11/><U24/><E24/><V20/><F10/><RYUUKYOKU ba="0,1" sc="201,-10,220,30,329,-10,240,-10" hai1="21,26,29,30,42,44,45,50,51,55,89,95,98" /><INIT seed="3,1,1,1,4,18" ten="191,250,319,230" oya="3" hai0="2,122,21,10,15,129,42,1,69,78,68,35,73" hai1="128,113,127,86,53,46,62,17,121,54,29,125,72" hai2="76,28,134,30,92,59,117,63,60,51,103,57,126" hai3="64,81,14,112,19,24,115,55,13,132,56,116,95"/><W106/><G106/><T0/><D122/><U82/><E72/><V38/><F38/><W12/><G116/><T8/><D35/><U32/><E113/><V39/><F39/><W85/><G132/><T11/><D129/><U67/><E128/><V118/><F134/><W47/><G64/><T4/><D42/><U6/><E6/><V109/><F109/><W50/><G95/><T93/><D93/><U23/><E29/><V25/><F76/><W40/><G24/><T3/><N who="0" m="0" /><DORA hai="33" /><T52/><D52/><U58/><E32/><V5/><F5/><W98/><G98/><T105/><D105/><U44/><E44/><V133/><F133/><W80/><G19/><T84/><D84/><U123/><E46/><V7/><F7/><W27/><G27/><T77/><D77/><N who="1" m="46415" /><E54/><V104/><F126/><N who="1" m="48137" /><E53/><V87/><F118/><W97/><G97/><T79/><D79/><U110/><E110/><V45/><F87/><W107/><G107/><T124/><D124/><U88/><E88/><V36/><F104/><W131/><G131/><T31/><D31/><U94/><E94/><V70/><F30/><W71/><G71/><T75/><D75/><U22/><E22/><V9/><F92/><W41/><G41/><T108/><D108/><U100/><E100/><V114/><F103/><W90/><REACH who="3" step="1"/><G80/><REACH who="3" ten="191,250,319,220" step="2"/><N who="0" m="45135" /><D4/><U49/><E121/><V26/><F117/><W119/><G119/><T101/><D101/><U74/><E123/><V130/><F28/><W111/><G111/><T16/><D69/><U120/><E120/><V99/><F130/><W135/><G135/><T37/><D68/><RYUUKYOKU ba="1,2" sc="191,15,250,-15,319,-15,220,15" hai0="8,10,11,15,16,21,37" hai3="12,13,14,40,47,50,55,56,81,85,90,112,115" /><INIT seed="3,2,2,2,0,75" ten="206,235,304,235" oya="3" hai0="59,112,122,103,106,129,102,98,127,121,93,2,46" hai1="117,18,128,40,42,9,73,96,76,108,71,23,5" hai2="72,130,65,56,135,50,29,4,68,54,115,30,37" hai3="25,119,83,67,84,38,45,64,53,70,31,81,17"/><W101/><G119/><T90/><D2/><U91/><E71/><V99/><F115/><W132/><G132/><T104/><D46/><U22/><E108/><V77/><F135/><W88/><G70/><T26/><D59/><U118/><E128/><V35/><F37/><W109/><G109/><T61/><D61/><U79/><E73/><V69/><F130/><W16/><G101/><N who="0" m="38411" /><D26/><U113/><E91/><V13/><F35/><W92/><G38/><T33/><D33/><U12/><E96/><V95/><F77/><N who="1" m="29769" /><E113/><V14/><F72/><W62/><G31/><T52/><D129/><U6/><E6/><V131/><F131/><W21/><G17/><T11/><D112/><U8/><E9/><V55/><F68/><W86/><G62/><T125/><D11/><U78/><E78/><V116/><F116/><N who="1" m="44649" /><E23/><V27/><F69/><W39/><G39/><T0/><D0/><AGARI ba="2,2" hai="0,5,8,12,18,22,40,42" m="44649,29769" machi="0" ten="30,7700,0" yaku="12,1,52,3" doraHai="75" who="1" fromWho="0" sc="206,-83,235,103,304,0,235,0" owari="123,-38.0,338,44.0,304,10.0,235,-16.0" /></mjloggm>