<mjloggm ver="2.3"><GO type="169" lobby="0"/><UN n0="%72%69%6F%75%63%68%61%6E" n1="%44%6F%72%61%6B%6F" n2="%73%61%6E%67%6F%64%64%6F" n3="%E3%82%A6%E3%83%AB%E3%83%88%E3%83%A9%E7%AB%8B%E7%9B%B4" dan="16,17,16,17" rate="2037.39,2195.79,2100.55,2140.30" sx="M,F,M,M"/><TAIKYOKU oya="0"/><INIT seed="0,0,0,1,1,80" ten="250,250,250,250" oya="0" hai0="133,110,51,90,58,101,7,46,85,62,65,28,127" hai1="48,118,29,87,60,114,74,69,63,94,100,135,47" hai2="31,79,99,1,83,91,109,20,104,13,78,76,42" hai3="67,44,64,19,92,38,40,70,81,24,77,108,112"/><T103/><D127/><U75/><E118/><V54/><F1/><W117/><G112/><T66/><D133/><U22/><E135/><V106/><F42/><W119/><G92/><T21/><D110/><U125/><E125/><V37/><F37/><W43/><G43/><T86/><D66/><U61/><E69/><V72/><F109/><W113/><G113/><T15/><D7/><U32/><E32/><V93/><F54/><W84/><G108/><T5/><D5/><U49/><E114/><V6/><F31/><W10/><G70/><T116/><D116/><N who="3" m="44617" /><G24/><N who="0" m="16399" /><D15/><U8/><E8/><V82/><F20/><W130/><G67/><T27/><D27/><N who="1" m="16631" /><E74/><V134/><F134/><W102/><G64/><T96/><D96/><N who="1" m="59415" /><E75/><V59/><F72/><W34/><G38/><T53/><D86/><U30/><E30/><V98/><F98/><W122/><G34/><T120/><D120/><U52/><E49/><V39/><F39/><W131/><G122/><T97/><D97/><U129/><E129/><V115/><F115/><W45/><G131/><T0/><D0/><U89/><E63/><V14/><F14/><W95/><G130/><T126/><D126/><U68/><E68/><V41/><F13/><W132/><G132/><T50/><D50/><U26/><E26/><V18/><F6/><W57/><G102/><T56/><D56/><U111/><E111/><V35/><F59/><W55/><G57/><T2/><D2/><U11/><E11/><V16/><F35/><W3/><G3/><T4/><D4/><U36/><E36/><V17/><F41/><W25/><G40/><RYUUKYOKU ba="0,0" sc="250,10,250,10,250,10,250,-30" hai0="46,51,53,58,62,65,85,90,101,103" hai1="47,48,52,60,61,87,89" hai2="16,17,18,76,78,79,82,83,91,93,99,104,106" /><INIT seed="0,1,0,0,3,130" ten="260,260,260,220" oya="0" hai0="5,135,45,98,101,63,72,23,30,49,82,53,100" hai1="31,55,118,16,122,110,18,93,66,13,37,21,54" hai2="132,0,27,134,70,81,7,32,112,22,4,117,113" hai3="47,121,26,52,108,40,106,85,104,92,44,41,10"/><T97/><D135/><N who="2" m="51754" /><F70/><W73/><G85/><T96/><D5/><U120/><E37/><V123/><F123/><W62/><G92/><T87/><D72/><U133/><E133/><V74/><F117/><W89/><G89/><T58/><D30/><U126/><E66/><V29/><F74/><W60/><G26/><T17/><D23/><U69/><E69/><V80/><F0/><W6/><G73/><T14/><D17/><U68/><E68/><V125/><F125/><W28/><G121/><T64/><REACH who="0" step="1"/><D14/><REACH who="0" ten="250,260,260,220" step="2"/><U61/><E122/><V83/><F32/><W65/><G6/><AGARI ba="1,1" hai="4,6,7,22,27,29,80,81,83,112,113" m="51754" machi="6" ten="30,7700,0" yaku="20,1,52,3" doraHai="130" who="2" fromWho="3" sc="250,0,260,0,260,90,220,-80" /><INIT seed="1,0,0,1,5,93" ten="250,260,350,140" oya="1" hai0="81,88,19,67,129,46,121,56,119,20,80,84,50" hai1="1,94,22,35,34,134,52,87,108,36,4,8,11" hai2="18,79,100,74,86,42,90,83,5,37,66,9,75" hai3="21,92,48,116,115,96,122,135,65,47,102,54,39"/><U13/><E36/><V29/><F29/><W38/><G122/><T99/><D119/><U60/><E134/><V23/><F66/><W24/><G135/><T101/><D129/><U10/><E108/><V95/><F100/><W117/><G115/><T85/><D121/><U14/><E22/><V55/><F37/><W62/><G117/><T132/><D132/><U12/><E1/><V7/><F42/><W104/><G104/><T82/><D84/><U123/><E123/><V16/><F18/><W107/><G107/><T111/><D111/><U40/><E40/><V114/><F114/><W76/><G76/><T97/><D67/><U89/><REACH who="1" step="1"/><E4/><REACH who="1" ten="250,250,350,140" step="2"/><V59/><F5/><W112/><G116/><T98/><D101/><U91/><E91/><V31/><F31/><W57/><G112/><T2/><D2/><U45/><E45/><V43/><F7/><W15/><REACH who="3" step="1"/><G15/><REACH who="3" ten="250,250,350,130" step="2"/><N who="0" m="9343" /><D56/><AGARI ba="0,2" hai="8,10,11,12,13,14,34,35,52,56,60,87,89,94" machi="56" ten="40,3900,0" yaku="1,1,54,1,53,0" doraHai="93" doraHaiUra="0" who="1" fromWho="0" sc="250,-39,250,59,350,0,130,0" /><INIT seed="1,1,0,5,1,6" ten="211,309,350,130" oya="1" hai0="111,104,11,105,15,103,64,84,132,42,46,131,95" hai1="0,19,56,75,127,48,134,44,2,12,86,88,114" hai2="78,67,98,40,83,82,96,17,85,10,16,73,54" hai3="45,89,76,33,79,13,110,87,122,119,66,81,123"/><U77/><E114/><V36/><F67/><W133/><G33/><T58/><D111/><U63/><E127/><V20/><F54/><W80/><G66/><T5/><D131/><U60/><E134/><V120/><F120/><W37/><G133/><T113/><D113/><U97/><E97/><V61/><F61/><W1/><G110/><T92/><D132/><U72/><E63/><V59/><F59/><W8/><G119/><T128/><D128/><U31/><E31/><V50/><F73/><W30/><G30/><T4/><D4/><U121/><E121/><V101/><F82/><W65/><G65/><T9/><D9/><N who="1" m="6543" /><E77/><V102/><F36/><W99/><G1/><T24/><D24/><U21/><E21/><V28/><F28/><W116/><G116/><T51/><D103/><U62/><E62/><V108/><F10/><W94/><G45/><T107/><D64/><N who="1" m="38919" /><E0/><V69/><F69/><W14/><G37/><T18/><D58/><U125/><E2/><V35/><F35/><W106/><G106/><T115/><D115/><U53/><E125/><V57/><F108/><W41/><G14/><T29/><D29/><U23/><E23/><V129/><F129/><W22/><G22/><T7/><REACH who="0" step="1"/><D92/><REACH who="0" ten="201,309,350,130" step="2"/><U26/><E26/><N who="2" m="14599" /><F57/><W130/><G130/><T49/><D49/><U112/><E112/><V135/><F135/><W39/><G8/><T90/><AGARI ba="1,1" hai="5,7,11,15,18,42,46,51,84,90,95,104,105,107" machi="90" ten="40,5200,0" yaku="1,1,0,1,52,1,53,0" doraHai="6" doraHaiUra="34" who="0" fromWho="0" sc="201,65,309,-27,350,-14,130,-14" /><INIT seed="2,0,0,1,3,109" ten="266,282,336,116" oya="2" hai0="64,120,78,0,96,83,117,98,61,80,94,3,10" hai1="71,67,129,51,37,88,124,122,14,133,53,54,49" hai2="110,21,103,77,44,116,24,31,79,85,52,7,84" hai3="63,104,2,18,12,17,86,40,13,81,26,91,45"/><V93/><F116/><W46/><G104/><T95/><D120/><U48/><E122/><V29/><F110/><W111/><G2/><T47/><D117/><U9/><E124/><V27/><F7/><W43/><G111/><T126/><D126/><U92/><E129/><V105/><F105/><W102/><G102/><T82/><D78/><N who="2" m="29706" /><F27/><W135/><G135/><T65/><D47/><U62/><E133/><V127/><F127/><W119/><G119/><T4/><D3/><U16/><REACH who="1" step="1"/><E37/><REACH who="1" ten="266,272,336,116" step="2"/><V25/><F31/><W106/><G106/><T113/><D113/><U58/><E58/><V128/><F128/><W32/><G46/><T11/><D11/><U5/><E5/><V39/><F39/><W132/><G45/><T55/><D10/><U56/><E56/><V20/><F29/><W59/><G132/><T33/><D4/><U70/><E70/><V107/><F107/><W97/><G59/><T68/><D68/><U90/><E90/><V72/><F44/><W57/><G57/><N who="0" m="35007" /><D64/><U19/><E19/><V99/><F52/><W108/><G18/><T22/><D65/><U38/><E38/><V35/><F35/><W60/><G32/><T28/><D33/><U76/><E76/><V8/><F8/><W41/><G108/><T101/><D101/><U118/><E118/><V1/><F21/><N who="3" m="13615" /><G60/><T75/><D75/><U114/><E114/><V131/><F20/><W134/><G134/><T6/><D6/><U89/><E89/><V73/><F131/><W15/><G63/><T69/><D0/><U50/><N who="1" m="12800" /><DORA hai="125" /><U66/><E66/><V30/><F1/><RYUUKYOKU ba="0,1" sc="266,-15,272,15,336,-15,116,15" hai1="9,14,16,53,54,62,67,71,88,92" hai3="12,13,15,40,41,43,81,86,91,97" /><INIT seed="3,1,1,5,4,129" ten="251,287,321,131" oya="3" hai0="80,108,130,62,1,133,75,41,94,112,116,77,17" hai1="34,102,68,97,85,50,31,132,43,81,103,89,40" hai2="117,76,91,128,83,24,12,55,110,14,57,22,44" hai3="78,101,3,95,65,37,118,2,56,7,121,38,16"/><W49/><G121/><T28/><D133/><U109/><E109/><V5/><F128/><W59/><G118/><T6/><D116/><U66/><E132/><V124/><F117/><W9/><G2/><T82/><D130/><U87/><E50/><V131/><F131/><W90/><G101/><T111/><D112/><U74/><E74/><V98/><F44/><W92/><G78/><T127/><D127/><U100/><E87/><N who="2" m="48615" /><F5/><W46/><G16/><T84/><D28/><U86/><E86/><V36/><F36/><W71/><G71/><T60/><D41/><U30/><E34/><V99/><F110/><N who="0" m="42026" /><D94/><U58/><E68/><V123/><F123/><W135/><G135/><T122/><D122/><U8/><E8/><V53/><F53/><W35/><G35/><T18/><D18/><U48/><E97/><N who="2" m="36875" /><F91/><W115/><G115/><T105/><D105/><U45/><E40/><V61/><F124/><W13/><G3/><T10/><D17/><AGARI ba="1,1" hai="12,14,17,22,24,55,57,61" m="36875,48615" machi="17" ten="30,1000,0" yaku="8,1" doraHai="129" who="2" fromWho="0" sc="251,-13,287,0,321,23,131,0" /><INIT seed="4,0,0,4,2,10" ten="238,287,344,131" oya="0" hai0="53,80,120,35,9,32,82,51,13,106,90,31,84" hai1="86,8,34,98,24,60,28,74,48,55,63,101,93" hai2="81,49,14,23,72,121,119,128,30,135,42,105,1" hai3="111,61,125,45,21,50,39,20,92,94,16,122,64"/><T75/><D120/><U110/><E110/><V47/><F1/><W113/><G111/><T102/><D31/><U127/><E127/><V38/><F121/><W58/><G122/><T37/><D37/><U129/><E129/><V124/><F128/><W59/><G125/><T0/><D0/><U126/><E126/><V100/><F135/><W22/><G113/><T130/><D130/><U133/><E133/><V108/><F108/><W54/><G39/><T103/><D106/><U109/><E109/><V66/><F66/><W19/><G45/><N who="0" m="27887" /><D35/><U6/><E86/><V5/><F124/><W132/><G132/><T7/><D32/><U25/><E25/><V78/><F100/><N who="0" m="38442" /><D75/><U89/><E101/><V118/><F105/><W3/><G3/><T116/><D116/><U15/><REACH who="1" step="1"/><E74/><REACH who="1" ten="238,277,344,131" step="2"/><V67/><F118/><W87/><G87/><T79/><D82/><U65/><E65/><V44/><F67/><W2/><G2/><T52/><D52/><U36/><E36/><V41/><F119/><W112/><G112/><T131/><D131/><U85/><E85/><V95/><F72/><W69/><G94/><T99/><D99/><U104/><E104/><V70/><F95/><W77/><G92/><T18/><D79/><U71/><E71/><V43/><F38/><W29/><G77/><T88/><D90/><U76/><E76/><V26/><F78/><W115/><G115/><T134/><D134/><U33/><E33/><V83/><F70/><W73/><G73/><T17/><AGARI ba="0,1" hai="7,9,13,17,18,80,84,88" m="38442,27887" machi="17" ten="30,6000,0" yaku="8,1,52,1,54,1" doraHai="10" who="0" fromWho="0" sc="238,70,277,-20,344,-20,131,-20" /><INIT seed="4,1,0,3,0,50" ten="308,257,324,111" oya="0" hai0="117,17,105,75,122,29,44,120,59,90,33,10,64" hai1="70,30,121,12,54,18,16,108,94,76,8,55,40" hai2="74,52,110,6,15,22,115,116,125,77,132,114,4" hai3="37,3,63,107,100,1,9,36,14,23,71,78,109"/><T11/><D117/><U112/><E70/><V119/><F110/><W92/><G109/><T123/><D105/><U49/><E108/><V89/><F125/><W127/><G107/><T103/><D75/><U101/><E121/><V13/><F132/><W87/><G127/><T134/><D134/><U96/><E112/><N who="2" m="43051" /><F74/><W106/><G106/><T39/><D103/><U69/><E69/><V27/><F77/><W91/><G78/><T95/><D17/><U133/><E133/><V47/><F89/><W2/><G100/><T79/><D79/><U19/><E76/><V93/><F93/><W135/><G135/><T48/><D39/><U113/><E30/><N who="2" m="17783" /><F52/><N who="1" m="20009" /><E113/><V61/><F47/><AGARI ba="1,0" hai="8,12,16,18,19,40,47,49,94,96,101" m="20009" machi="47" ten="30,12000,2" yaku="8,1,52,3,54,2" doraHai="50" who="1" fromWho="2" sc="308,0,257,123,324,-123,111,0" /><INIT seed="5,0,0,0,3,13" ten="308,380,201,111" oya="1" hai0="20,123,1,108,101,131,90,54,110,88,99,96,93" hai1="103,100,56,64,135,111,125,80,116,113,97,72,5" hai2="71,117,109,76,22,106,55,30,102,105,33,24,127" hai3="95,78,107,63,43,121,73,35,41,37,34,53,89"/><U112/><E5/><V46/><F71/><W85/><G121/><T69/><D69/><U114/><E116/><V74/><F127/><W36/><G107/><N who="0" m="63911" /><D1/><U70/><E70/><V59/><F46/><W26/><G78/><T119/><D54/><U94/><E64/><V42/><F42/><W128/><G73/><T25/><D119/><U75/><E56/><V8/><F102/><W134/><G26/><T27/><D27/><U77/><E125/><V61/><F109/><N who="0" m="42090" /><D20/><U87/><E111/><V66/><F8/><W14/><G53/><T86/><D25/><U81/><E135/><V11/><F11/><W60/><G14/><T21/><D21/><U9/><E9/><V133/><F133/><W38/><G134/><T57/><D57/><U62/><E62/><V129/><F117/><W0/><G0/><T91/><D131/><U18/><E18/><V32/><F129/><W67/><G128/><T132/><D132/><U17/><E17/><V28/><F66/><W31/><G31/><T58/><D58/><U115/><E115/><V15/><F30/><W98/><G63/><T118/><D118/><U104/><E81/><N who="2" m="45207" /><F33/><W10/><G10/><T65/><D65/><U6/><E6/><V84/><F32/><N who="3" m="12331" /><G60/><T7/><D7/><U126/><E126/><V79/><F15/><W47/><G67/><T52/><D52/><U122/><E122/><V45/><F45/><N who="3" m="23719" /><G37/><T39/><D123/><U48/><E48/><V50/><F50/><W82/><G82/><N who="0" m="49239" /><D39/><U68/><E68/><V4/><F4/><W40/><G40/><T92/><D92/><U130/><E130/><RYUUKYOKU ba="0,0" sc="308,0,380,0,201,0,111,0" hai0="90,91,93,99" hai1="72,75,77,80,87,94,97,100,103,104,112,113,114" hai2="22,24,28,55,59,61,79,84,105,106" hai3="38,43,47,85,89,95,98" /><INIT seed="5,1,0,3,2,123" ten="308,380,201,111" oya="1" hai0="61,74,57,53,48,20,54,4,135,55,59,33,117" hai1="132,80,85,8,70,121,40,125,30,87,130,36,111" hai2="115,101,42,118,129,96,108,27,13,39,126,122,69" hai3="11,22,26,127,110,0,71,116,63,109,112,6,25"/><U91/><E121/><V46/><F118/><W50/><G71/><T77/><D33/><U90/><E70/><V93/><F122/><W23/><G63/><T100/><D117/><U98/><E132/><V94/><F126/><W41/><G116/><T128/><D100/><U9/><E125/><V51/><F129/><W16/><G127/><T34/><D34/><U105/><E130/><V88/><F115/><W37/><G37/><T83/><D128/><U3/><E30/><V134/><F134/><W29/><REACH who="3" step="1"/><G112/><REACH who="3" ten="308,380,201,101" step="2"/><T32/><D135/><U14/><E36/><V10/><F69/><W7/><G7/><T68/><D4/><U47/><E8/><V62/><F62/><W52/><G52/><T2/><D54/><U64/><E9/><V79/><F39/><W49/><G49/><T99/><D68/><U113/><E113/><V104/><F79/><W103/><G103/><T82/><D55/><U44/><E64/><V84/><F27/><W120/><G120/><T17/><D61/><U43/><E40/><V92/><F108/><W131/><G131/><T119/><D57/><U67/><E43/><V133/><F133/><W102/><G102/><T12/><D119/><U19/><E67/><V81/><F104/><W66/><G66/><T5/><D59/><U107/><E111/><V95/><F101/><W78/><G78/><N who="0" m="44375" /><D53/><U38/><E38/><V45/><N who="2" m="23552" /><DORA hai="31" /><V89/><F96/><W28/><G28/><T1/><D99/><U75/><E98/><V15/><F10/><W24/><G24/><T124/><D48/><U106/><E106/><V60/><F60/><RYUUKYOKU ba="1,1" sc="308,-10,380,-10,201,-10,101,30" hai3="0,6,11,16,22,23,25,26,29,41,50,109,110" /><INIT seed="6,2,1,5,4,32" ten="298,370,191,131" oya="2" hai0="82,45,23,38,125,22,104,84,39,130,48,25,80" hai1="106,44,30,2,42,59,62,41,37,81,51,110,26" hai2="63,68,114,24,12,27,115,43,21,52,8,73,34" hai3="90,17,111,3,61,98,64,18,4,112,14,65,97"/><V67/><F73/><W123/><G123/><T70/><D104/><U55/><E110/><V120/><F120/><W99/><G111/><T5/><D70/><U54/><E106/><V47/><F34/><W134/><G134/><T133/><D5/><U75/><E2/><V50/><F43/><W94/><G112/><N who="2" m="43049" /><F21/><W109/><G109/><T95/><D22/><U1/><E1/><V118/><F118/><W29/><G29/><T60/><D60/><U66/><E75/><V58/><F68/><W108/><G108/><T56/><D56/><N who="1" m="37191" /><E81/><V19/><AGARI ba="2,1" hai="8,12,19,24,27,47,50,52,58,63,67" m="43049" machi="19" ten="30,3000,0" yaku="15,1,54,1" doraHai="32" who="2" fromWho="2" sc="298,-12,370,-12,191,46,131,-12" /><INIT seed="6,3,0,4,4,31" ten="286,358,237,119" oya="2" hai0="14,18,29,62,19,53,26,120,32,27,35,119,111" hai1="20,129,67,42,134,17,133,87,22,2,57,38,65" hai2="86,97,103,126,4,23,47,100,125,78,37,88,135" hai3="10,30,44,128,45,34,91,93,118,68,109,71,59"/><V104/><F4/><W39/><G109/><T52/><D111/><U13/><E2/><V131/><F37/><W112/><G118/><T114/><D120/><U132/><E129/><V130/><F47/><W43/><G128/><N who="2" m="49193" /><F135/><W83/><G112/><T115/><D119/><U50/><E38/><V127/><F23/><W121/><G121/><T75/><D75/><U80/><E22/><V122/><F122/><W72/><G59/><N who="0" m="35175" /><D14/><U15/><E15/><V123/><F123/><W105/><G105/><T99/><D99/><U69/><E69/><V46/><F46/><W25/><G45/><T102/><D102/><U106/><E106/><V9/><F9/><W92/><G10/><T1/><D1/><U33/><E42/><V108/><F108/><W101/><G101/><T76/><D76/><U89/><E132/><V60/><F60/><W24/><G24/><N who="0" m="9259" /><D53/><N who="1" m="31927" /><E133/><V40/><F103/><W21/><G21/><T98/><D98/><U116/><E116/><V58/><F78/><W73/><G71/><T96/><D96/><U12/><E134/><V117/><F117/><W41/><G68/><T54/><D54/><U110/><E110/><V107/><F107/><W28/><G43/><T84/><D84/><U82/><E12/><V0/><F40/><W5/><G30/><T11/><D29/><U70/><E70/><V6/><F58/><W85/><REACH who="3" step="1"/><G5/><REACH who="3" ten="286,358,237,109" step="2"/><T16/><D11/><U51/><E20/><V74/><F125/><W63/><G63/><T36/><D36/><U61/><E61/><V124/><F127/><W94/><AGARI ba="3,1" hai="25,28,34,39,41,44,72,73,83,85,91,92,93,94" machi="94" ten="30,4000,0" yaku="1,1,0,1,52,1,53,0" doraHai="31" doraHaiUra="7" who="3" fromWho="3" sc="286,-13,358,-13,237,-23,109,59" /><INIT seed="7,0,0,1,1,12" ten="273,345,214,168" oya="3" hai0="113,91,125,87,68,37,77,13,111,79,42,30,52" hai1="17,75,33,131,103,25,49,60,44,118,27,100,57" hai2="2,76,46,34,81,130,112,120,40,36,9,62,122" hai3="88,92,82,66,63,20,107,78,72,4,31,84,58"/><W47/><G4/><T80/><D111/><U124/><E75/><N who="2" m="43167" /><F34/><W0/><G0/><T21/><D68/><U133/><E33/><V55/><F112/><W26/><G47/><T135/><D37/><U10/><E124/><V117/><F117/><W134/><G107/><T45/><D42/><U132/><E131/><V105/><F105/><W123/><REACH who="3" step="1"/><G134/><REACH who="3" ten="273,345,214,158" step="2"/><T54/><D135/><U86/><E132/><V61/><F61/><W119/><G119/><T126/><D45/><U106/><E133/><V121/><F130/><W16/><G16/><N who="0" m="10383" /><D113/><U93/><E106/><V67/><F62/><W8/><G8/><T43/><D43/><U7/><E118/><V38/><F67/><W70/><G70/><T51/><D30/><U96/><E60/><V98/><F55/><N who="0" m="21034" /><D51/><U71/><E49/><V83/><F38/><W32/><G32/><T56/><D56/><U24/><E57/><V35/><F35/><W3/><G3/><T23/><D23/><U18/><E44/><V22/><F22/><W99/><G99/><T94/><D126/><U108/><E71/><V95/><F9/><W109/><G109/><T14/><D125/><U5/><E108/><V73/><F2/><W50/><G50/><T85/><D14/><N who="1" m="5455" /><E96/><V53/><F53/><W59/><G59/><T41/><D41/><U127/><E127/><V64/><F64/><W114/><G114/><T65/><D65/><U128/><E7/><V116/><F116/><W6/><G6/><T74/><D74/><U129/><E128/><V101/><F73/><W39/><G39/><T110/><D110/><U90/><E129/><RYUUKYOKU ba="0,1" sc="273,0,345,0,214,0,158,0" hai0="77,79,80,85,87,91,94" hai1="17,18,24,25,27,86,90,93,100,103" hai2="36,40,46,83,95,98,101,120,121,122" hai3="20,26,31,58,63,66,72,78,82,84,88,92,123" /><INIT seed="7,1,1,5,3,100" ten="273,345,214,158" oya="3" hai0="129,23,62,83,115,119,10,12,101,112,22,92,19" hai1="72,1,121,8,125,88,63,51,4,55,2,124,14" hai2="46,90,35,48,99,38,109,132,26,79,77,105,20" hai3="118,108,33,11,91,107,27,110,57,73,60,74,5"/><W54/><G118/><T116/><D129/><U32/><E121/><V64/><F38/><W68/><G68/><T16/><D62/><U9/><E72/><V52/><F35/><W87/><G107/><T37/><D37/><U78/><E32/><V85/><F109/><N who="3" m="42091" /><G27/><N who="0" m="14791" /><D83/><U71/><E88/><V0/><F132/><W80/><G33/><T44/><D44/><N who="1" m="28135" /><E78/><V29/><F105/><W84/><G84/><T61/><D61/><U133/><E9/><V25/><F85/><W53/><G53/><T56/><D56/><U120/><E120/><V18/><F64/><W21/><G21/><T96/><D23/><U86/><E86/><V76/><F99/><W102/><G102/><T117/><D117/><U128/><E128/><V70/><F70/><W126/><G126/><N who="1" m="48746" /><E133/><V50/><F20/><W13/><AGARI ba="1,1" hai="5,11,13,54,57,60,73,74,80,87,91" m="42091" machi="13" ten="30,1500,0" yaku="10,1" doraHai="100" who="3" fromWho="3" sc="273,-6,345,-6,214,-6,158,28" /><INIT seed="7,2,0,2,1,27" ten="267,339,208,186" oya="3" hai0="115,126,60,125,112,92,119,99,3,23,12,102,81" hai1="9,67,128,62,104,132,22,38,36,52,44,87,69" hai2="95,114,2,28,41,109,25,1,34,117,17,45,21" hai3="84,72,111,131,39,80,70,55,96,110,14,7,89"/><W29/><G72/><T15/><D119/><U75/><E75/><V88/><F109/><N who="3" m="41483" /><G131/><T30/><D3/><U13/><E104/><V90/><F117/><W78/><G70/><T31/><D81/><U8/><E132/><V4/><F114/><N who="0" m="43562" /><D60/><U46/><E128/><V0/><F95/><N who="3" m="56431" /><G39/><T74/><D74/><U116/><E116/><V6/><F6/><W124/><G124/><N who="0" m="47723" /><D12/><U32/><E36/><V94/><F0/><W123/><G123/><T127/><D127/><U51/><E13/><N who="2" m="9391" /><F1/><W108/><N who="3" m="41491" /><W5/><DORA hai="129" /><G14/><T20/><D20/><U71/><E22/><V105/><F105/><W37/><G37/><T113/><D113/><U85/><E38/><N who="2" m="21687" /><F94/><W43/><G43/><T10/><D23/><U91/><E71/><V16/><F16/><AGARI ba="2,0" hai="10,15,16,30,31,92,99,102" m="47723,43562" machi="16" ten="30,12000,2" yaku="15,1,11,1,18,1,52,2,54,1" doraHai="27,129" who="0" fromWho="2" sc="267,126,339,0,208,-126,186,0" owari="393,49.0,339,14.0,82,-42.0,186,-21.0" /></mjloggm>