<mjloggm ver="2.3"><GO type="41" lobby="0"/><UN n0="%E5%B0%B1%E6%B4%BB%E7%94%9F%40%E5%B7%9D%E6%9D%91%E8%BB%8D%E5%9B%A3" n1="%E4%B8%89%E5%91%B3%E7%B7%9A%E5%AF%A9%E8%AD%B0%E9%80%A3%E7%9B%9F" n2="%E3%81%BF%E3%81%8B%E3%82%93%E3%81%95%E3%82%80%E3%82%89%E3%81%84" n3="%E3%83%90%E3%82%A6%E3%83%A0%E3%82%AF%E3%83%BC%E3%83%98%E3%83%B3" dan="18,15,14,13" rate="2186.80,2012.32,1999.47,1874.31" sx="M,M,M,M"/><TAIKYOKU oya="0"/><INIT seed="0,0,0,5,0,12" ten="250,250,250,250" oya="0" hai0="73,88,100,133,94,35,75,78,101,72,105,126,130" hai1="4,135,54,99,118,38,81,110,74,108,93,123,97" hai2="79,45,37,111,67,113,102,129,117,22,51,48,28" hai3="34,82,66,15,89,30,17,106,42,39,92,24,91"/><T1/><D35/><U41/><E118/><V32/><F32/><W9/><G106/><T31/><D31/><U80/><E123/><V116/><F113/><W84/><G66/><T56/><D1/><U18/><E135/><V59/><F79/><W14/><G42/><T87/><D133/><U0/><E81/><V115/><F115/><W104/><G104/><T103/><D56/><U46/><E54/><V49/><F102/><N who="0" m="39530" /><D126/><U50/><E18/><V21/><F28/><W63/><G63/><T114/><D114/><U131/><E131/><V47/><F129/><W122/><G122/><T60/><D60/><U124/><E50/><V76/><F76/><W23/><G39/><T127/><D127/><U19/><E19/><V13/><F111/><N who="1" m="42537" /><E93/><V69/><F69/><W77/><REACH who="3" step="1"/><G92/><REACH who="3" ten="250,250,250,240" step="2"/><T52/><D130/><U58/><E124/><V8/><F37/><W121/><G121/><T25/><D52/><U120/><E120/><V71/><F117/><W95/><G95/><T11/><D105/><U2/><E38/><V65/><F116/><W10/><G10/><T40/><D11/><U109/><E41/><V20/><F71/><W6/><AGARI ba="0,1" hai="6,9,14,15,17,23,24,30,34,77,82,84,89,91" machi="6" ten="20,8000,1" yaku="1,1,0,1,7,1,52,1,53,1" doraHai="12" doraHaiUra="7" who="3" fromWho="3" sc="250,-40,250,-20,250,-20,240,90" /><INIT seed="1,0,0,3,1,90" ten="210,230,230,330" oya="1" hai0="9,118,55,68,41,64,128,120,81,15,111,65,53" hai1="3,34,103,6,59,130,91,60,132,126,129,107,39" hai2="96,134,16,121,135,35,62,70,32,112,77,93,30" hai3="106,58,22,57,100,27,12,25,29,83,26,97,11"/><U94/><E34/><V84/><F121/><W131/><G131/><N who="1" m="50186" /><E39/><V36/><F36/><W69/><G69/><T74/><D118/><U50/><E132/><N who="2" m="50731" /><F30/><W85/><G57/><T37/><D120/><U28/><E126/><V117/><F117/><W82/><G58/><T119/><D119/><U95/><E91/><V116/><F116/><W47/><G47/><T2/><D2/><U20/><E50/><V48/><F48/><W4/><REACH who="3" step="1"/><G82/><REACH who="3" ten="210,230,230,320" step="2"/><T49/><D68/><U123/><E123/><V124/><F70/><W108/><G108/><T0/><D81/><U92/><E59/><V86/><F112/><W45/><G45/><T14/><D111/><U110/><E110/><V127/><F127/><W89/><AGARI ba="0,1" hai="4,11,12,22,25,26,27,29,83,85,89,97,100,106" machi="89" ten="20,5200,0" yaku="1,1,0,1,7,1,53,1" doraHai="90" doraHaiUra="80" who="3" fromWho="3" sc="210,-13,230,-26,230,-13,320,62" /><INIT seed="2,0,0,1,5,82" ten="197,204,217,382" oya="2" hai0="67,44,86,36,15,87,81,31,101,102,14,58,83" hai1="17,128,134,10,24,7,105,42,48,50,60,28,93" hai2="116,130,127,103,57,39,95,79,2,126,66,8,73" hai3="21,107,6,125,40,77,55,74,13,12,68,78,98"/><V124/><F130/><W52/><G68/><T72/><D72/><U80/><E128/><V99/><F116/><W47/><G125/><T114/><D114/><U38/><E105/><V27/><F39/><W9/><G107/><T3/><D3/><U133/><E17/><V117/><F117/><W85/><G74/><T69/><D69/><U37/><E60/><V70/><F70/><W108/><G98/><T112/><D112/><U64/><E64/><V129/><F129/><W76/><G108/><T88/><D31/><U41/><E50/><V56/><F66/><W119/><G119/><T16/><D36/><U35/><E93/><V23/><F73/><W123/><G85/><T33/><D33/><U97/><E97/><V109/><F79/><W113/><G113/><T49/><D58/><U59/><E80/><V26/><F109/><W43/><G123/><T71/><D67/><U115/><E115/><V51/><F51/><N who="3" m="27135" /><G40/><N who="0" m="24711" /><D71/><U5/><E5/><N who="2" m="1079" /><F27/><W135/><G135/><N who="1" m="51722" /><E41/><V106/><F106/><W19/><AGARI ba="0,0" hai="6,9,12,13,19,21,52,55,76,77,78" m="27135" machi="19" ten="30,2000,0" yaku="8,1,54,1" doraHai="82" who="3" fromWho="3" sc="197,-5,204,-5,217,-10,382,20" /><INIT seed="3,0,0,2,2,125" ten="192,199,207,402" oya="3" hai0="104,89,72,46,110,15,64,51,90,56,119,31,63" hai1="98,74,28,70,7,99,88,95,86,19,5,44,4" hai2="29,114,54,2,121,21,34,67,92,12,68,75,107" hai3="134,106,115,36,109,100,38,27,42,55,133,6,8"/><W84/><G115/><T101/><D72/><U83/><E70/><V58/><F2/><W0/><G106/><T71/><D119/><U57/><E74/><V123/><F75/><W97/><G109/><T47/><D110/><U132/><E132/><V3/><F3/><W41/><G84/><T35/><D15/><U13/><E28/><V1/><F1/><W105/><G41/><T130/><D56/><U116/><E116/><V117/><F117/><W37/><G55/><T52/><D46/><U79/><E44/><V60/><F107/><W135/><G42/><T126/><D126/><U87/><REACH who="1" step="1"/><E57/><REACH who="1" ten="192,189,207,402" step="2"/><V78/><F58/><W49/><G135/><T85/><D130/><U40/><E40/><V32/><F29/><W102/><G134/><T127/><D127/><U43/><E43/><V66/><F68/><W93/><G133/><T82/><D31/><U80/><E80/><V30/><F30/><W18/><G37/><T23/><D35/><U10/><AGARI ba="0,1" hai="4,5,7,10,13,19,79,83,86,87,88,95,98,99" machi="10" ten="30,8000,1" yaku="1,1,0,1,8,1,54,1,53,1" doraHai="125" doraHaiUra="77" who="1" fromWho="1" sc="192,-20,189,90,207,-20,402,-40" /><INIT seed="4,0,0,3,5,54" ten="172,279,187,362" oya="0" hai0="6,24,34,42,128,32,40,96,36,28,19,55,130" hai1="90,93,62,22,31,44,13,98,132,43,30,12,120" hai2="75,68,104,65,105,61,124,83,126,2,74,50,53" hai3="17,135,3,38,15,123,95,85,84,20,119,134,108"/><T8/><D36/><U51/><E120/><V63/><F2/><W52/><G108/><T25/><D96/><U106/><E106/><V9/><F9/><W16/><G119/><T39/><D39/><U116/><E116/><V114/><F114/><W133/><G38/><T56/><D19/><U80/><E132/><V77/><F75/><W4/><G123/><T81/><D81/><U60/><E80/><V10/><F10/><N who="3" m="2335" /><G95/><T14/><D25/><N who="1" m="16695" /><E31/><V97/><F63/><AGARI ba="0,0" hai="12,13,43,44,51,60,62,63,90,93,98" m="16695" machi="63" ten="30,1000,0" yaku="8,1" doraHai="54" who="1" fromWho="2" sc="172,0,279,10,187,-10,362,0" /><INIT seed="5,0,0,0,1,11" ten="172,289,177,362" oya="1" hai0="66,15,105,72,81,131,62,90,99,79,127,87,121" hai1="3,93,13,53,84,32,108,112,98,85,124,46,22" hai2="34,86,107,101,18,9,109,88,28,51,40,119,104" hai3="83,67,120,94,116,7,45,30,52,132,89,33,29"/><U95/><E32/><V59/><F109/><W115/><G120/><T60/><D121/><U135/><E3/><V19/><F119/><W24/><G67/><T80/><D127/><U128/><E124/><V73/><F73/><W36/><G132/><T35/><D35/><U6/><E135/><V126/><F126/><W31/><G116/><T74/><D131/><U111/><E128/><V92/><F101/><W12/><G115/><T133/><D133/><U69/><E69/><V37/><F37/><W44/><G83/><T82/><D66/><U58/><E112/><V1/><F19/><W129/><G129/><T54/><D54/><U134/><E46/><V56/><F56/><W125/><G45/><T20/><D105/><U103/><E95/><V10/><F40/><W113/><G113/><T43/><D43/><U97/><E97/><V114/><F114/><W21/><G36/><T123/><D123/><U26/><E26/><V65/><F10/><N who="3" m="4191" /><G33/><T61/><D99/><U42/><E42/><V91/><F1/><W48/><G125/><T106/><D106/><U23/><E23/><V0/><F0/><W77/><G77/><T55/><D55/><U25/><E25/><V47/><F107/><W122/><G122/><T14/><D20/><U118/><E118/><V76/><F76/><AGARI ba="0,0" hai="14,15,60,61,62,72,74,76,79,80,81,82,87,90" machi="76" ten="40,5200,0" yaku="9,1,52,2" doraHai="11" who="0" fromWho="2" sc="172,52,289,0,177,-52,362,0" /><INIT seed="6,0,0,4,0,114" ten="224,289,125,362" oya="2" hai0="74,130,133,12,129,75,49,125,25,65,18,79,82" hai1="90,48,118,56,135,64,15,71,26,68,78,76,3" hai2="47,86,126,8,128,0,113,1,16,44,29,89,10" hai3="112,24,53,100,116,35,39,51,40,99,61,59,108"/><V60/><F29/><W124/><G124/><T32/><D125/><U5/><E3/><V101/><F126/><W33/><G112/><T43/><D133/><U31/><E135/><V14/><F113/><W121/><G108/><T117/><D65/><U45/><E71/><V97/><F128/><N who="0" m="49258" /><D75/><U42/><E68/><V23/><F60/><W93/><G121/><T111/><D111/><U37/><E78/><V96/><F1/><W11/><G39/><T119/><D43/><U50/><E76/><V57/><F57/><W131/><G131/><T107/><D107/><U127/><E127/><V122/><F122/><W84/><G24/><T54/><D25/><U28/><E28/><V83/><F96/><W120/><G120/><T7/><D7/><U66/><E66/><V4/><REACH who="2" step="1"/><F10/><REACH who="2" ten="224,289,115,362" step="2"/><W73/><G11/><N who="0" m="6431" /><D32/><U13/><E31/><V52/><F52/><W95/><G53/><T80/><D80/><U104/><E64/><V34/><F34/><W94/><G35/><T134/><D134/><U81/><E42/><V87/><F87/><W72/><G84/><T88/><D54/><U6/><E56/><V132/><F132/><W9/><G59/><T19/><D49/><U62/><E50/><V106/><AGARI ba="0,1" hai="0,4,8,14,16,23,44,47,83,86,89,97,101,106" machi="106" ten="20,7800,0" yaku="1,1,0,1,7,1,54,1,53,0" doraHai="114" doraHaiUra="69" who="2" fromWho="2" sc="224,-26,289,-26,115,88,362,-26" /><INIT seed="6,1,0,3,0,130" ten="198,263,203,336" oya="2" hai0="114,38,126,45,71,90,116,10,75,82,54,31,65" hai1="11,99,122,40,1,77,32,19,128,96,88,9,33" hai2="41,42,87,52,43,84,35,0,76,13,91,70,95" hai3="119,29,132,118,109,112,27,24,44,108,26,83,8"/><V18/><F0/><W68/><G68/><T69/><D31/><U81/><E128/><V135/><F70/><W79/><G132/><T39/><D10/><U98/><E122/><V57/><F35/><W2/><G29/><T111/><D75/><U104/><E104/><V47/><F135/><W28/><G28/><T100/><D100/><U134/><E134/><V66/><F66/><W7/><G112/><T17/><D17/><U61/><E40/><V6/><F6/><W14/><G14/><T56/><D90/><U115/><E115/><V60/><F76/><W25/><G25/><T49/><D82/><U78/><E33/><V20/><REACH who="2" step="1"/><F47/><REACH who="2" ten="198,263,193,336" step="2"/><W21/><G44/><T64/><D114/><U131/><E131/><V58/><F58/><W74/><G2/><T4/><D4/><U102/><E32/><V34/><F34/><W73/><G7/><T123/><D123/><U53/><E77/><V67/><F67/><N who="0" m="25674" /><D116/><U103/><E78/><V124/><F124/><W129/><G79/><T101/><D126/><U3/><E3/><V110/><F110/><W121/><G119/><T72/><D111/><U113/><E1/><V5/><F5/><W63/><G118/><T117/><D72/><U105/><E113/><V106/><F106/><W86/><G74/><T15/><D117/><U59/><E105/><V62/><F62/><W94/><G73/><T97/><D45/><U51/><E61/><V127/><F127/><W89/><G109/><T48/><D71/><U93/><E59/><V36/><F36/><N who="0" m="13866" /><D69/><U92/><E103/><V30/><F30/><W16/><G108/><RYUUKYOKU ba="1,1" sc="198,-10,263,-10,193,30,336,-10" hai2="13,18,20,41,42,43,52,57,60,84,87,91,95" /><INIT seed="6,2,1,2,5,4" ten="188,253,223,326" oya="2" hai0="90,91,61,36,79,70,100,80,125,89,114,94,87" hai1="115,108,111,53,107,133,68,110,57,71,20,11,132" hai2="86,135,27,93,88,33,55,48,69,0,18,21,99" hai3="119,15,92,112,3,31,66,123,103,104,74,83,42"/><V50/><F0/><W43/><G3/><T96/><D36/><U17/><E107/><V38/><F38/><W60/><G119/><T52/><D125/><U97/><E97/><V67/><F135/><N who="1" m="51785" /><E115/><V124/><F124/><W73/><G123/><T117/><D114/><U118/><E118/><V130/><F130/><W6/><G112/><T40/><D117/><U95/><E95/><V84/><F33/><W26/><G43/><T129/><D129/><U8/><E71/><V121/><F121/><W76/><G42/><T75/><D40/><U45/><E68/><V44/><REACH who="2" step="1"/><F48/><REACH who="2" ten="188,253,213,326" step="2"/><W106/><G106/><T81/><REACH who="0" step="1"/><D70/><REACH who="0" ten="178,253,213,326" step="2"/><U131/><E131/><V32/><F32/><W134/><G134/><T46/><D46/><U30/><E45/><V105/><F105/><W16/><G104/><T62/><D62/><AGARI ba="2,3" hai="18,21,27,44,50,55,62,67,69,84,86,88,93,99" machi="62" ten="40,7700,0" yaku="1,1,54,1,53,1" doraHai="4" doraHaiUra="49" who="2" fromWho="0" sc="178,-83,253,0,213,113,326,0" /><INIT seed="6,3,0,2,4,18" ten="95,253,326,326" oya="2" hai0="53,112,106,41,108,24,73,102,25,95,115,99,11" hai1="84,135,54,89,127,52,35,68,98,67,64,36,120" hai2="79,76,32,70,31,101,27,45,130,3,1,59,55" hai3="90,78,7,65,62,48,123,21,34,57,71,22,124"/><V51/><F70/><W132/><G123/><T28/><D73/><U9/><E120/><V60/><F130/><W114/><G34/><T61/><D108/><U66/><E35/><V109/><F109/><W2/><G78/><T83/><D41/><U39/><E127/><V4/><F101/><W81/><G124/><T134/><D134/><U50/><E135/><V117/><F117/><W49/><G132/><T91/><D11/><U33/><E33/><V113/><F113/><W116/><G116/><T75/><D25/><U14/><E68/><V131/><F131/><W29/><G29/><T128/><D128/><U47/><E98/><V107/><F107/><W26/><G26/><T5/><D5/><U121/><E54/><V72/><F4/><W6/><G2/><T13/><D13/><U97/><E97/><V122/><F122/><W30/><G30/><T16/><D75/><U119/><E119/><V93/><F79/><W88/><G71/><T80/><D106/><U44/><E44/><V118/><F118/><W103/><G114/><N who="0" m="43563" /><D28/><U56/><E56/><V0/><F0/><W129/><G57/><N who="0" m="34991" /><D102/><U15/><E15/><V10/><F10/><W85/><G129/><T82/><D82/><N who="1" m="49303" /><E121/><V110/><F110/><W58/><G103/><T126/><D126/><U105/><E105/><V104/><F104/><W63/><G58/><T125/><D125/><U43/><E43/><V111/><F111/><W42/><G42/><T92/><D92/><U37/><E37/><V46/><F93/><W23/><G65/><T19/><D19/><AGARI ba="3,0" hai="9,14,19,36,39,47,50,52,64,66,67" m="49303" machi="19" ten="30,2000,0" yaku="25,1,54,1" doraHai="18" who="1" fromWho="0" sc="95,-29,253,29,326,0,326,0" /><INIT seed="7,0,0,0,3,96" ten="66,282,326,326" oya="3" hai0="29,70,69,26,6,77,65,125,134,33,116,118,11" hai1="82,31,43,99,89,35,25,39,74,44,50,93,115" hai2="121,80,90,130,62,4,92,128,18,28,0,105,111" hai3="30,3,40,55,124,101,10,37,88,104,127,83,106"/><W59/><G30/><T87/><D125/><N who="3" m="48201" /><G101/><T107/><D134/><U114/><E74/><V52/><F105/><W76/><G88/><T119/><D87/><U95/><E82/><V66/><F111/><W108/><G108/><T54/><D54/><U38/><REACH who="1" step="1"/><E95/><REACH who="1" ten="66,272,326,326" step="2"/><V23/><F80/><W34/><G34/><T122/><D122/><U63/><E63/><V79/><F121/><W117/><G117/><T120/><D120/><U85/><E85/><V53/><F79/><W64/><G64/><T68/><D77/><U103/><E103/><V57/><F92/><W94/><G94/><T86/><D86/><U21/><E21/><V36/><F90/><W75/><G40/><T100/><D11/><U81/><E81/><V48/><F66/><W41/><G41/><T61/><REACH who="0" step="1"/><D6/><REACH who="0" ten="56,272,326,326" step="2"/><U84/><E84/><V97/><F4/><N who="3" m="1311" /><G37/><AGARI ba="0,2" hai="25,31,35,37,38,39,43,44,50,89,93,99,114,115" machi="37" ten="40,1300,0" yaku="1,1,53,0" doraHai="96" doraHaiUra="102" who="1" fromWho="3" sc="56,0,272,33,326,0,326,-13" owari="56,-44.0,305,-9.0,326,42.0,313,11.0" /></mjloggm>