<mjloggm ver="2.3"><GO type="169" lobby="0"/><UN n0="%E3%83%8D%E3%83%BC%E3%83%A0%E3%83%AC%E3%82%B9%EF%BC%97" n1="%E2%80%A0%73%74%72%61%77%E2%80%A0" n2="%E5%B0%B1%E6%B4%BB%E7%94%9F%40%E5%B7%9D%E6%9D%91%E8%BB%8D%E5%9B%A3" n3="%E3%82%A6%E3%83%AB%E3%83%88%E3%83%A9%E7%AB%8B%E7%9B%B4" dan="17,17,17,17" rate="2116.14,2174.89,2195.23,2231.12" sx="M,M,M,M"/><TAIKYOKU oya="0"/><INIT seed="0,0,0,2,0,82" ten="250,250,250,250" oya="0" hai0="92,6,134,24,16,100,63,21,42,108,110,117,106" hai1="119,68,40,120,49,18,78,51,27,113,8,26,121" hai2="97,23,103,4,50,93,88,58,45,64,56,133,36" hai3="76,131,85,99,5,44,0,105,19,118,31,125,28"/><T61/><D117/><U69/><E119/><V15/><F36/><W11/><G118/><T77/><D106/><U111/><E111/><N who="0" m="42537" /><D42/><U130/><E78/><V74/><F74/><W60/><G105/><T127/><D6/><U126/><E18/><V87/><F133/><W83/><G131/><T89/><D100/><U38/><E8/><N who="2" m="4487" /><F23/><W20/><G125/><T91/><D77/><U43/><E126/><V80/><F64/><W32/><G32/><T65/><D127/><U101/><E101/><V30/><F30/><W22/><G99/><N who="0" m="57743" /><D134/><U72/><E72/><V13/><F13/><W109/><G109/><T94/><D65/><U112/><REACH who="1" step="1"/><E38/><REACH who="1" ten="250,240,250,250" step="2"/><V98/><F98/><AGARI ba="0,1" hai="16,21,24,61,63,91,94,98" m="57743,42537" machi="98" ten="30,5800,0" yaku="14,1,10,1,54,1" doraHai="82" who="0" fromWho="2" sc="250,68,240,0,250,-58,250,0" /><INIT seed="0,1,0,1,5,12" ten="318,240,192,250" oya="0" hai0="92,107,98,55,122,111,85,83,115,48,102,59,117" hai1="97,118,66,93,5,9,39,57,78,37,65,24,86" hai2="75,77,134,20,101,6,84,41,35,68,106,32,130" hai3="34,44,11,13,94,33,120,88,79,50,17,45,3"/><T110/><D115/><U127/><E127/><V56/><F68/><W38/><G120/><T22/><D122/><U25/><E118/><V52/><F75/><W95/><G79/><T104/><D117/><U28/><E86/><V29/><F130/><W27/><G3/><T31/><D31/><U16/><E78/><V113/><F113/><W114/><G114/><T40/><D40/><U30/><E39/><V103/><F134/><W26/><G38/><T133/><D133/><U131/><E37/><V2/><F41/><W80/><G80/><T63/><D63/><N who="1" m="38127" /><E66/><V53/><F106/><W124/><G124/><T132/><D132/><U47/><E47/><V76/><F20/><W61/><G61/><T91/><REACH who="0" step="1"/><D22/><REACH who="0" ten="308,240,192,250" step="2"/><N who="1" m="13383" /><E30/><V128/><F29/><W0/><G34/><T126/><D126/><U71/><E131/><V135/><F135/><W72/><G33/><T69/><D69/><U21/><E71/><V73/><F128/><W129/><G129/><T62/><D62/><U67/><E67/><V105/><F35/><W60/><G60/><T74/><D74/><U70/><E70/><V46/><F73/><W87/><G72/><T81/><D81/><U119/><E119/><V8/><F32/><W43/><G43/><T123/><D123/><U58/><E28/><V89/><F53/><W64/><G64/><T19/><D19/><U99/><E97/><V100/><F105/><AGARI ba="1,1" hai="48,55,59,83,85,91,92,98,102,104,105,107,110,111" machi="105" ten="40,2000,0" yaku="1,1,53,0" doraHai="12" doraHaiUra="23" who="0" fromWho="2" sc="308,33,240,0,192,-23,250,0" /><INIT seed="0,2,0,2,4,54" ten="341,240,169,250" oya="0" hai0="100,39,70,71,123,129,34,67,9,119,36,66,87" hai1="76,17,68,72,42,90,60,78,25,13,74,135,98" hai2="0,43,97,24,125,52,88,120,114,83,115,53,57" hai3="133,14,6,107,131,18,105,61,32,2,113,122,62"/><T41/><D34/><U134/><E42/><V121/><F0/><W33/><G14/><T49/><D100/><U104/><E25/><V8/><F125/><W22/><G6/><T112/><D87/><U103/><E68/><N who="0" m="26153" /><D9/><U46/><E60/><N who="2" m="35879" /><F121/><W69/><G22/><T3/><D3/><U56/><E56/><V16/><F120/><W130/><G69/><T20/><D20/><U21/><E46/><V117/><F117/><W81/><G122/><T93/><D93/><U85/><E74/><V75/><F43/><W63/><G2/><T106/><D106/><U109/><E109/><V4/><F53/><W102/><G105/><T108/><D123/><U51/><E51/><V101/><F101/><W30/><G102/><T132/><D119/><U95/><REACH who="1" step="1"/><E78/><REACH who="1" ten="341,230,169,250" step="2"/><V128/><F128/><W15/><G130/><T111/><D129/><U44/><E44/><V59/><F75/><W116/><G131/><T64/><D132/><U73/><E73/><V1/><F59/><W91/><G133/><T11/><D112/><U47/><E47/><V58/><F58/><W35/><G113/><T99/><D49/><U45/><E45/><V126/><F126/><W31/><G116/><T65/><D41/><U124/><E124/><V110/><F110/><W38/><G38/><T89/><D111/><U48/><E48/><V23/><F83/><AGARI ba="2,1" hai="13,17,21,72,76,83,85,90,95,98,103,104,134,135" machi="83" ten="40,5200,0" yaku="1,1,24,2,53,0" doraHai="54" doraHaiUra="27" who="1" fromWho="2" sc="341,0,230,68,169,-58,250,0" /><INIT seed="1,0,0,3,1,44" ten="341,298,111,250" oya="1" hai0="38,39,85,120,52,121,54,67,55,42,27,96,56" hai1="112,72,41,81,58,109,33,100,37,128,122,3,10" hai2="51,25,125,63,79,103,8,0,105,28,53,134,61" hai3="108,101,5,132,86,116,31,68,30,76,80,49,1"/><U135/><RYUUKYOKU type="yao9" ba="0,0" sc="341,0,298,0,111,0,250,0" hai1="3,10,33,37,41,58,72,81,100,109,112,122,128,135" /><INIT seed="1,1,0,3,1,36" ten="341,298,111,250" oya="1" hai0="96,98,119,8,46,111,84,75,3,50,56,65,71" hai1="61,6,117,112,34,5,70,124,101,125,58,17,94" hai2="130,110,25,14,24,16,1,88,29,31,122,15,43" hai3="2,133,26,90,72,95,103,19,128,42,81,35,54"/><U40/><E112/><V69/><F69/><W62/><G2/><T67/><D75/><U91/><E117/><V78/><F122/><W93/><G128/><T100/><D119/><U97/><E70/><V18/><F78/><W10/><G133/><T116/><D116/><U63/><E34/><V118/><F118/><W131/><G131/><T49/><D71/><U21/><E40/><V22/><F1/><W79/><G103/><T45/><D111/><U47/><E47/><V82/><F130/><W23/><G35/><T60/><D67/><U89/><E125/><V99/><F110/><W108/><G108/><T106/><D96/><U134/><E124/><V68/><F68/><W55/><G10/><T107/><D107/><U64/><E63/><V53/><F53/><W44/><G62/><T30/><D30/><N who="2" m="11274" /><F43/><W80/><G80/><T4/><D84/><U9/><E134/><V37/><F37/><W114/><G114/><T73/><D73/><U121/><E121/><V20/><F82/><W11/><G11/><T66/><D66/><U33/><E33/><V120/><F120/><W76/><G76/><T0/><D0/><U7/><REACH who="1" step="1"/><E9/><REACH who="1" ten="341,288,111,250" step="2"/><N who="2" m="6223" /><F99/><N who="3" m="57783" /><G42/><T28/><D46/><U135/><E135/><V59/><F59/><W85/><G44/><T74/><D45/><U104/><E104/><V77/><F77/><W86/><G72/><T38/><D74/><U51/><E51/><V83/><F22/><W129/><G129/><T127/><D127/><U32/><E32/><V113/><F113/><W109/><G109/><T92/><D106/><U12/><AGARI ba="1,1" hai="5,6,7,12,17,21,58,61,64,89,91,94,97,101" machi="12" ten="30,11700,0" yaku="1,1,0,1,8,1,53,1" doraHai="36" doraHaiUra="52" who="1" fromWho="1" sc="341,-40,288,130,111,-40,250,-40" /><INIT seed="1,2,0,3,0,20" ten="301,418,71,210" oya="1" hai0="75,55,69,61,91,82,34,23,10,115,119,11,1" hai1="81,107,32,134,40,73,121,113,128,117,83,17,125" hai2="46,102,4,28,18,95,44,22,31,124,52,45,89" hai3="12,41,48,130,76,24,132,85,43,88,110,67,98"/><U101/><RYUUKYOKU type="yao9" ba="2,0" sc="301,0,418,0,71,0,210,0" hai1="17,32,40,73,81,83,101,107,113,117,121,125,128,134" /><INIT seed="1,3,0,0,2,70" ten="301,418,71,210" oya="1" hai0="67,56,35,52,17,90,28,113,61,37,48,59,93" hai1="100,79,26,38,72,18,41,101,115,45,62,109,99" hai2="97,68,15,0,13,116,126,87,32,24,23,89,71" hai3="114,82,2,22,76,107,47,30,74,108,98,86,63"/><U117/><E115/><V12/><F116/><W36/><G2/><T39/><D113/><U91/><E117/><V55/><F0/><W19/><G114/><T9/><D35/><U124/><E124/><V40/><F126/><W102/><G108/><T29/><D17/><U103/><E109/><V125/><F125/><W119/><G119/><T75/><D75/><U31/><E18/><V78/><F32/><W120/><G120/><T5/><D29/><U3/><E3/><V106/><F40/><W130/><G130/><T46/><D28/><U112/><E62/><V64/><F64/><W80/><G30/><T43/><D93/><U14/><E14/><V42/><F42/><W57/><G47/><T1/><D90/><U54/><E54/><V94/><F55/><W81/><G74/><T4/><D4/><U69/><E69/><V58/><F58/><W104/><G104/><T95/><D95/><U135/><E91/><V60/><F60/><AGARI ba="3,0" hai="1,5,9,37,39,43,46,48,52,56,59,60,61,67" machi="60" ten="30,7700,0" yaku="7,1,52,2,54,1" doraHai="70" who="0" fromWho="2" sc="301,86,418,0,71,-86,210,0" owari="387,19.0,418,52.0,-15,-52.0,210,-19.0" /></mjloggm>