<mjloggm ver="2.3"><GO type="169" lobby="0"/><UN n0="%E5%B0%B1%E6%B4%BB%E7%94%9F%40%E5%B7%9D%E6%9D%91%E8%BB%8D%E5%9B%A3" n1="%E6%A5%95%E5%86%86%E8%BB%8C%E9%81%93" n2="%4E%41%4F%54%4F" n3="%E3%83%8F%E3%82%A4%E3%83%86%E3%83%B3%E3%83%9C%E3%83%BC" dan="17,16,16,16" rate="2157.85,2047.72,2073.18,2123.33" sx="M,M,M,M"/><TAIKYOKU oya="0"/><INIT seed="0,0,0,3,4,36" ten="250,250,250,250" oya="0" hai0="57,1,12,34,4,52,51,16,42,10,9,25,126" hai1="26,112,30,49,90,135,80,108,93,62,31,96,84" hai2="94,3,117,128,119,78,97,66,20,111,130,105,0" hai3="46,70,76,86,44,129,98,121,83,82,50,132,134"/><T69/><D126/><U81/><E108/><V127/><F105/><W55/><G70/><T103/><D69/><U102/><E135/><V85/><F66/><W61/><G129/><N who="2" m="49769" /><F111/><W118/><G118/><N who="2" m="45065" /><F20/><W11/><G121/><T19/><D103/><U64/><E112/><V106/><F106/><W74/><G98/><T6/><D6/><U99/><E99/><V116/><N who="2" m="45073" /><V18/><DORA hai="35" /><F18/><W15/><G61/><T73/><D73/><U122/><E122/><V133/><F133/><W71/><G71/><T43/><REACH who="0" step="1"/><D19/><REACH who="0" ten="240,250,250,250" step="2"/><U101/><E101/><N who="2" m="60599" /><F127/><W2/><G134/><T24/><D24/><U131/><E131/><V72/><F72/><W41/><G132/><T5/><D5/><U75/><E75/><V28/><F28/><AGARI ba="0,1" hai="1,4,9,10,12,16,25,28,34,42,43,51,52,57" machi="28" ten="40,18000,2" yaku="1,1,52,3,54,2,53,0" doraHai="36,35" doraHaiUra="17,110" who="0" fromWho="2" sc="240,190,250,0,250,-180,250,0" /><INIT seed="0,1,0,5,3,84" ten="430,250,70,250" oya="0" hai0="110,47,104,53,115,14,18,36,135,78,102,51,12" hai1="60,76,44,86,96,25,129,3,113,121,58,72,32" hai2="126,111,10,107,120,19,87,50,2,81,39,83,5" hai3="40,93,41,99,56,90,49,95,63,85,26,8,7"/><T103/><D115/><U66/><E3/><V119/><F39/><W45/><G26/><T38/><D135/><U4/><E4/><V117/><F107/><W67/><G40/><T112/><D112/><U132/><E113/><V0/><F120/><W122/><G122/><T22/><D78/><U69/><E121/><V123/><F123/><W64/><G64/><T6/><D110/><U46/><E132/><V20/><F2/><W125/><G125/><T74/><D74/><U59/><E72/><V89/><F111/><W43/><G43/><T109/><D109/><U23/><E32/><V118/><F50/><W91/><G8/><T37/><D104/><U62/><E96/><V65/><F65/><W1/><G1/><T134/><D134/><U80/><E129/><V133/><F126/><W124/><G124/><T114/><D114/><U57/><REACH who="1" step="1"/><E62/><REACH who="1" ten="430,240,70,250" step="2"/><V106/><F133/><W131/><G131/><T71/><D6/><AGARI ba="1,1" hai="6,7,41,45,49,56,63,67,85,90,91,93,95,99" machi="6" ten="40,5200,0" yaku="8,1,52,2" doraHai="84" who="3" fromWho="0" sc="430,-55,240,0,70,0,250,65" /><INIT seed="1,0,0,2,0,0" ten="375,240,70,315" oya="1" hai0="67,73,4,20,133,59,135,28,60,61,10,79,122" hai1="88,71,110,114,120,17,108,53,14,89,55,1,66" hai2="97,106,54,80,90,77,81,100,12,30,57,2,112" hai3="51,104,25,128,116,44,101,36,11,113,94,132,91"/><U5/><E120/><V96/><F2/><W68/><G113/><T72/><D122/><U69/><E114/><V86/><F112/><W92/><G68/><T42/><D42/><U56/><E69/><V48/><F30/><W38/><G104/><T9/><D9/><N who="1" m="2223" /><E71/><V49/><F12/><W19/><G116/><T65/><D20/><U24/><E24/><V84/><REACH who="2" step="1"/><F96/><REACH who="2" ten="375,240,60,315" step="2"/><W111/><G111/><N who="1" m="42538" /><E66/><V102/><F102/><W124/><G101/><T119/><D28/><U85/><E85/><V22/><F22/><W95/><G128/><T43/><D119/><U37/><E37/><V109/><F109/><W27/><G38/><T76/><D67/><U21/><E55/><V7/><F7/><W41/><G36/><T45/><D65/><U31/><E31/><V70/><F70/><W127/><G132/><T99/><D133/><U117/><E117/><V32/><F32/><W129/><G129/><T107/><D135/><U50/><AGARI ba="0,1" hai="14,17,21,50,53,56,88,89" m="42538,2223" machi="50" ten="30,11700,0" yaku="14,1,10,1,52,1,54,1" doraHai="0" who="1" fromWho="1" sc="375,-39,240,127,60,-39,315,-39" /><INIT seed="1,1,0,4,1,34" ten="336,367,21,276" oya="1" hai0="133,59,8,48,86,125,7,53,46,62,131,88,4" hai1="49,96,19,3,114,105,108,50,56,11,18,20,40" hai2="74,13,109,134,23,124,98,36,55,51,112,100,64" hai3="69,30,73,39,83,118,94,76,10,78,121,14,43"/><U93/><E105/><V61/><F36/><W15/><G121/><T71/><D131/><U63/><E114/><V38/><F38/><W2/><G69/><T91/><D133/><U95/><E108/><V21/><F74/><W52/><G118/><T81/><D125/><U16/><E95/><N who="2" m="58463" /><F109/><W127/><G127/><T17/><D71/><U120/><E120/><V116/><F134/><W0/><G30/><T102/><D102/><U9/><E3/><V25/><F116/><W58/><G78/><T84/><D17/><U32/><E32/><V26/><F112/><W126/><G15/><T44/><D44/><N who="1" m="25735" /><E50/><V79/><F79/><W106/><G106/><T87/><D8/><U28/><E28/><N who="2" m="17455" /><F13/><W24/><G24/><T65/><REACH who="0" step="1"/><D87/><REACH who="0" ten="326,367,21,276" step="2"/><U111/><E111/><V70/><F70/><W107/><G126/><T132/><D132/><U130/><E130/><V12/><F124/><W37/><G107/><T113/><D113/><U77/><E11/><V89/><F12/><W67/><G14/><T60/><D60/><U85/><E9/><V57/><F26/><W97/><G10/><T27/><D27/><U90/><E20/><V29/><F23/><W6/><G6/><T35/><D35/><U122/><E122/><V115/><F115/><W92/><G73/><T41/><D41/><U31/><E31/><V42/><F42/><W66/><G43/><T99/><D99/><U128/><E128/><V103/><F103/><W135/><G97/><T117/><D117/><U5/><E5/><V72/><F29/><W80/><G135/><T47/><D47/><U123/><E123/><RYUUKYOKU ba="1,1" sc="326,30,367,-10,21,-10,276,-10" hai0="4,7,46,48,53,59,62,65,81,84,86,88,91" /><INIT seed="2,2,1,4,4,127" ten="356,357,11,266" oya="2" hai0="8,114,42,87,131,115,84,104,48,97,23,24,103" hai1="86,19,49,105,39,13,21,2,106,123,34,77,40" hai2="18,72,7,50,133,109,10,102,35,58,100,30,53" hai3="75,51,111,32,28,56,134,118,78,101,88,26,52"/><V85/><F72/><W98/><G118/><T112/><D131/><U6/><E39/><V44/><F133/><W69/><G69/><T25/><D25/><U60/><E34/><V82/><F109/><W129/><G111/><T91/><D8/><U70/><E123/><V132/><F132/><W94/><G134/><T63/><D63/><U31/><E31/><V122/><F122/><W38/><G38/><T67/><D67/><U45/><E2/><V126/><F126/><W43/><G43/><T61/><D61/><U66/><E6/><V46/><F30/><W93/><G129/><T125/><D125/><U62/><E77/><N who="2" m="46287" /><F7/><W96/><G78/><T68/><D68/><U47/><E86/><V81/><F81/><W1/><G1/><T99/><D99/><U4/><E4/><V90/><F90/><W15/><G15/><T65/><D65/><U135/><E135/><V29/><F29/><W37/><G37/><T16/><REACH who="0" step="1"/><D91/><REACH who="0" ten="346,357,11,266" step="2"/><U124/><E124/><V64/><F35/><W113/><G113/><T0/><D0/><U33/><E33/><V57/><F64/><W71/><G71/><T17/><D17/><U117/><E62/><V80/><F80/><W92/><REACH who="3" step="1"/><G75/><REACH who="3" ten="346,357,11,256" step="2"/><T107/><D107/><AGARI ba="2,3" hai="26,28,32,51,52,56,88,92,93,94,96,98,101,107" machi="107" ten="30,8000,1" yaku="1,1,2,1,7,1,54,2,53,0" doraHai="127" doraHaiUra="5" who="3" fromWho="0" sc="346,-86,357,0,11,0,256,116" /><INIT seed="3,0,0,0,4,73" ten="260,357,11,372" oya="3" hai0="37,17,87,108,125,5,106,40,134,63,93,74,116" hai1="58,39,25,7,118,49,112,86,76,85,64,52,9" hai2="101,89,46,123,110,2,57,78,103,96,82,119,11" hai3="130,133,41,60,0,48,66,20,24,22,26,98,99"/><W50/><G0/><T44/><D106/><U53/><E39/><V36/><F110/><W104/><G130/><T120/><D120/><U31/><E112/><V3/><F119/><W131/><G131/><T28/><D116/><U111/><E111/><V105/><F123/><W65/><G133/><T117/><D74/><U114/><E114/><V33/><F33/><W45/><G104/><T21/><D117/><U69/><E118/><V97/><F89/><W75/><G75/><T8/><D125/><U70/><E64/><V115/><F57/><W30/><G50/><T32/><D134/><U51/><E70/><V62/><F62/><W67/><REACH who="3" step="1"/><G60/><REACH who="3" ten="260,357,11,362" step="2"/><T92/><D108/><U47/><E51/><V129/><F115/><W127/><G127/><T71/><D63/><U124/><E124/><V91/><F129/><W94/><G94/><T55/><D92/><U90/><E49/><V80/><F36/><W126/><G126/><T1/><D93/><U4/><E47/><V38/><F38/><W107/><G107/><T68/><D44/><U81/><E69/><V113/><F46/><W27/><G27/><T132/><D37/><U6/><E58/><V88/><F113/><W72/><G72/><T12/><D71/><U121/><E121/><V13/><F2/><W15/><G15/><T84/><D68/><U42/><E42/><V95/><F3/><W56/><G56/><T29/><D40/><U109/><E109/><V135/><F135/><W100/><G100/><T10/><D132/><U14/><E53/><V16/><F80/><W79/><G79/><T54/><D54/><RYUUKYOKU ba="0,1" sc="260,-15,357,-15,11,15,362,15" hai2="11,13,16,78,82,88,91,95,96,97,101,103,105" hai3="20,22,24,26,30,41,45,48,65,66,67,98,99" /><INIT seed="3,1,1,3,5,121" ten="245,342,26,377" oya="3" hai0="108,85,27,35,74,1,61,60,79,132,55,105,69" hai1="8,125,126,100,118,72,25,22,33,59,89,11,117" hai2="13,31,112,86,41,24,45,130,70,110,123,56,16" hai3="76,66,53,127,97,88,12,91,50,57,96,135,32"/><W83/><G32/><T58/><D74/><U51/><E72/><V98/><F70/><W73/><G135/><T26/><D1/><U0/><E33/><V82/><F130/><W103/><G127/><N who="1" m="48650" /><E100/><V48/><F112/><W81/><G66/><T115/><D115/><U39/><E39/><V18/><F123/><W40/><G40/><T104/><D132/><U78/><E78/><V14/><F110/><W46/><G83/><T95/><D108/><U87/><E59/><V84/><F98/><W17/><G57/><T10/><D10/><N who="1" m="3627" /><E51/><V44/><F44/><W93/><REACH who="3" step="1"/><G97/><REACH who="3" ten="245,342,26,367" step="2"/><T6/><D35/><U94/><E0/><V47/><F47/><W5/><G5/><T116/><D69/><U131/><E131/><V28/><F56/><W29/><G29/><AGARI ba="1,2" hai="22,25,29,87,89,94,117,118" m="3627,48650" machi="29" ten="30,1000,0" yaku="18,1" doraHai="121" who="1" fromWho="3" sc="245,0,342,33,26,0,367,-13" /><INIT seed="4,0,0,3,1,77" ten="245,375,26,354" oya="0" hai0="130,113,84,7,129,97,33,55,0,71,29,90,34" hai1="51,28,99,87,31,47,75,73,54,93,39,123,70" hai2="48,89,115,81,86,16,103,57,122,91,80,9,79" hai3="23,6,60,42,18,50,63,96,41,118,19,8,128"/><T46/><D113/><U92/><E70/><V133/><F122/><W110/><G118/><T4/><D71/><U49/><E39/><V52/><F115/><W32/><G32/><N who="0" m="12395" /><D97/><U5/><E123/><V68/><F133/><W65/><G110/><T15/><D29/><U117/><E117/><V100/><F68/><W120/><G120/><T22/><D0/><U121/><E5/><V116/><F116/><W20/><G128/><N who="0" m="49259" /><D22/><U76/><E121/><V105/><F105/><W109/><G109/><T83/><D15/><U2/><E2/><V124/><F124/><W82/><G96/><T114/><D114/><U12/><E12/><N who="2" m="7183" /><F81/><W1/><G82/><T134/><D134/><U107/><E107/><V119/><F119/><W43/><G50/><AGARI ba="0,0" hai="4,7,46,50,55,83,84,90" m="49259,12395" machi="50" ten="30,2900,0" yaku="19,1,52,1" doraHai="77" who="0" fromWho="3" sc="245,29,375,0,26,0,354,-29" /><INIT seed="4,1,0,4,4,107" ten="274,375,26,325" oya="0" hai0="17,60,86,29,46,114,72,44,8,18,40,49,51" hai1="83,33,52,104,130,102,21,30,41,58,55,85,64" hai2="77,7,2,99,90,59,13,91,108,133,84,113,76" hai3="38,115,100,112,135,23,75,50,54,61,32,47,66"/><T74/><D114/><U131/><E33/><V24/><F2/><W126/><G32/><T42/><D29/><U120/><E41/><V6/><F108/><W68/><G100/><T128/><D128/><N who="1" m="49195" /><E120/><V96/><F133/><W124/><G23/><T37/><D86/><U67/><E102/><V62/><F24/><W78/><G135/><T10/><D60/><N who="1" m="35911" /><E104/><V103/><F113/><N who="3" m="43595" /><G38/><AGARI ba="1,0" hai="8,10,17,18,37,38,40,42,44,46,49,51,72,74" machi="38" ten="25,9600,0" yaku="22,2,52,2" doraHai="107" who="0" fromWho="3" sc="274,99,375,0,26,0,325,-99" /><INIT seed="4,2,0,3,0,26" ten="373,375,26,226" oya="0" hai0="122,0,27,123,76,37,74,90,80,46,75,63,132" hai1="6,58,23,131,73,99,85,60,97,35,48,95,70" hai2="56,129,67,44,100,20,29,4,116,62,135,130,53" hai3="7,127,39,21,93,50,25,111,15,11,42,81,96"/><T98/><D132/><U8/><E35/><V2/><F135/><W28/><G39/><T88/><D0/><U94/><E73/><V1/><F100/><W134/><G134/><T82/><D63/><U113/><E70/><V133/><F116/><W19/><G111/><T104/><D27/><U117/><E117/><V118/><F118/><W79/><G127/><T47/><D37/><U71/><E71/><V121/><F121/><N who="0" m="46090" /><D47/><U5/><E48/><N who="2" m="28807" /><F4/><W83/><G19/><T32/><D46/><U52/><E85/><V55/><F67/><W24/><G24/><T108/><D32/><U91/><E23/><V125/><F125/><W115/><G115/><T17/><D17/><U89/><E113/><V72/><F72/><W45/><REACH who="3" step="1"/><G79/><REACH who="3" ten="373,375,26,216" step="2"/><N who="0" m="44151" /><D108/><U31/><E31/><V43/><F133/><W30/><G30/><T66/><D66/><U18/><E18/><V112/><F112/><W92/><G92/><T102/><AGARI ba="2,1" hai="75,76,82,88,90,98,102,104" m="44151,46090" machi="102" ten="30,6000,0" yaku="34,2,54,1" doraHai="26" who="0" fromWho="0" sc="373,76,375,-22,26,-22,216,-22" /><INIT seed="4,3,0,3,0,71" ten="449,353,4,194" oya="0" hai0="0,93,123,131,73,4,15,81,47,27,17,28,57" hai1="22,76,51,30,64,54,112,59,105,53,5,6,78" hai2="67,63,109,121,100,82,132,91,125,58,74,75,39" hai3="129,18,127,8,84,99,44,62,29,104,33,16,118"/><T92/><D123/><U90/><E105/><V122/><F132/><W65/><G118/><T133/><D133/><U50/><E64/><V124/><F100/><W135/><G135/><T85/><D73/><N who="2" m="27658" /><F109/><W96/><G129/><T80/><D131/><U10/><E112/><V37/><F91/><W14/><G127/><N who="2" m="48713" /><F82/><N who="0" m="31850" /><D0/><U113/><E113/><V95/><F95/><W12/><G104/><T79/><D4/><U13/><E90/><V98/><F98/><W111/><G111/><T25/><D47/><U107/><E107/><V86/><F86/><W20/><G84/><T115/><D115/><U19/><E30/><V43/><F43/><W70/><G29/><T60/><D79/><U2/><REACH who="1" step="1"/><E6/><REACH who="1" ten="449,343,4,194" step="2"/><V117/><F117/><W40/><REACH who="3" step="1"/><G33/><REACH who="3" ten="449,343,4,184" step="2"/><T77/><D77/><U11/><E11/><V61/><F61/><W9/><G9/><N who="0" m="6383" /><D28/><U1/><E1/><V23/><F23/><W88/><G88/><N who="0" m="53263" /><D93/><U52/><E52/><AGARI ba="3,2" hai="25,27,52,57,60" m="53263,6383,31850" machi="52" ten="30,5800,0" yaku="8,1,54,2" doraHai="71" who="0" fromWho="1" sc="449,87,343,-67,4,0,184,0" /><INIT seed="4,4,0,5,5,119" ten="536,276,4,184" oya="0" hai0="118,74,107,61,124,13,42,134,126,46,63,38,66" hai1="88,36,30,1,127,78,120,21,86,26,0,100,69" hai2="87,55,113,117,57,131,2,44,52,25,17,29,37" hai3="128,89,32,96,49,28,67,56,130,39,104,45,15"/><T8/><D118/><U135/><E36/><V71/><F71/><W20/><G39/><T27/><D107/><U110/><E69/><V94/><F117/><W98/><G32/><T14/><D74/><U84/><E110/><V108/><F108/><W129/><G104/><T125/><D134/><U90/><E135/><V80/><F2/><W123/><G89/><T73/><D73/><U58/><E127/><V35/><F131/><W102/><G102/><T11/><D27/><U19/><E100/><V9/><F94/><W72/><G72/><T48/><D38/><U54/><E78/><V82/><F113/><W75/><G75/><T112/><D112/><U33/><E120/><V133/><F133/><W64/><G123/><T76/><D76/><U132/><E132/><V105/><F105/><W3/><G3/><T47/><D66/><N who="3" m="25129" /><G56/><T41/><D125/><U51/><E33/><V85/><F80/><W70/><G70/><T92/><D92/><U53/><E30/><V99/><F99/><W10/><G20/><T115/><D115/><U40/><E1/><V4/><F17/><N who="3" m="8439" /><G28/><T79/><D79/><U83/><E0/><N who="2" m="135" /><F82/><W60/><G60/><T95/><D95/><U24/><E24/><V109/><F109/><W111/><G111/><T16/><D48/><N who="1" m="31047" /><E86/><N who="2" m="32779" /><F57/><W97/><G97/><T22/><D22/><U18/><E18/><AGARI ba="4,0" hai="8,11,13,14,16,18,41,42,46,47,61,63,124,126" machi="18" ten="25,4800,0" yaku="22,2,54,1" doraHai="119" who="0" fromWho="1" sc="536,60,276,-60,4,0,184,0" /><INIT seed="4,5,0,3,2,40" ten="596,216,4,184" oya="0" hai0="125,134,81,22,52,91,19,75,100,68,79,6,71" hai1="107,109,98,41,65,37,85,113,4,131,60,3,111" hai2="56,38,8,2,70,69,115,27,101,51,132,45,86" hai3="62,26,43,54,99,58,74,15,44,50,59,103,16"/><T10/><D125/><U77/><E3/><V48/><F115/><W63/><G74/><T53/><D134/><U83/><E4/><V9/><F132/><W1/><G1/><T73/><D73/><U108/><E131/><V61/><F101/><W64/><G26/><T29/><D29/><U126/><E126/><V76/><F48/><W90/><G90/><T84/><D100/><U105/><E113/><V5/><F38/><W18/><G15/><T130/><D130/><U80/><E98/><V106/><F106/><AGARI ba="5,0" hai="16,18,43,44,50,54,58,59,62,63,64,99,103,106" machi="106" ten="30,3900,0" yaku="7,1,52,1,54,1" doraHai="40" who="3" fromWho="2" sc="596,0,216,0,4,-54,184,54" owari="596,69.0,216,-18.0,-50,-55.0,238,4.0" /></mjloggm>