<mjloggm ver="2.3"><GO type="169" lobby="0"/><UN n0="%E3%82%A6%E3%83%AB%E3%83%88%E3%83%A9%E7%AB%8B%E7%9B%B4" n1="%E3%83%97%E3%83%AD%E3%82%AD%E3%82%B7%E3%83%BC" n2="%E7%A2%BA%E8%AA%8D%E4%BA%8B%E9%A0%85" n3="%66%65%65%73" dan="18,16,16,17" rate="2239.54,2144.15,2126.44,2166.34" sx="M,M,M,M"/><TAIKYOKU oya="0"/><INIT seed="0,0,0,2,0,72" ten="250,250,250,250" oya="0" hai0="15,78,121,101,116,42,134,103,94,57,86,43,53" hai1="123,71,135,41,63,124,119,115,56,132,130,49,122" hai2="54,17,114,8,29,16,73,20,44,47,60,39,96" hai3="112,88,38,2,28,83,80,97,55,84,81,25,7"/><T110/><D121/><N who="1" m="46091" /><E119/><V126/><F114/><W40/><G112/><T107/><D107/><U113/><E71/><V85/><F126/><W59/><G97/><T106/><D106/><U11/><E11/><V64/><F73/><W36/><G2/><T129/><D116/><U75/><E75/><V118/><F118/><W68/><G7/><T89/><D134/><N who="1" m="51243" /><E124/><V14/><F29/><W3/><G3/><T117/><D129/><U82/><E82/><V31/><F31/><W90/><G68/><T12/><D110/><U109/><E109/><V46/><F96/><W32/><G40/><N who="0" m="15403" /><D117/><U104/><E104/><V99/><F39/><W105/><G105/><T100/><D78/><U19/><E19/><V48/><F99/><W61/><REACH who="3" step="1"/><G81/><REACH who="3" ten="250,250,250,240" step="2"/><T133/><D133/><U125/><E125/><V93/><F93/><W0/><G0/><T102/><D102/><U9/><E130/><V5/><F5/><W10/><G10/><T27/><D27/><U120/><E9/><V98/><F8/><W111/><G111/><T77/><D103/><U37/><E120/><V79/><F98/><W22/><G22/><T45/><D101/><U34/><E37/><V66/><F20/><W26/><G26/><T50/><D100/><U67/><E34/><V33/><F33/><W13/><G13/><T1/><D1/><U58/><E41/><V30/><F14/><W128/><G128/><T65/><D12/><U69/><E69/><V21/><F21/><W131/><G131/><T95/><D15/><U6/><E6/><V91/><F17/><W62/><G62/><N who="0" m="38095" /><D95/><U51/><E49/><RYUUKYOKU ba="0,1" sc="250,10,250,10,250,-30,240,10" hai0="45,50,53,77,86,89,94" hai1="51,56,58,63,67,113,115" hai3="25,28,32,36,38,55,59,61,80,83,84,88,90" /><INIT seed="0,1,1,3,1,121" ten="260,260,220,250" oya="0" hai0="67,39,0,117,126,29,62,16,1,66,93,109,74" hai1="42,51,36,64,15,2,133,27,92,14,106,81,108" hai2="83,107,48,135,130,68,53,71,24,73,124,111,43" hai3="72,125,75,17,101,105,31,123,41,52,69,12,131"/><T61/><D74/><U18/><E106/><V112/><F112/><W118/><G118/><T35/><D117/><U87/><E2/><V30/><F107/><W63/><G123/><T91/><D39/><U11/><E36/><V127/><F43/><W122/><G122/><T7/><D126/><N who="2" m="48170" /><F135/><W46/><G125/><T99/><D7/><U102/><E133/><V21/><F130/><W9/><G131/><T65/><D29/><U103/><E64/><V20/><F20/><W129/><G129/><T76/><D35/><U54/><E42/><V95/><F95/><W94/><G105/><T33/><D33/><U116/><E116/><V55/><F111/><W19/><G31/><T40/><D109/><U134/><E108/><V25/><F25/><W49/><G19/><T79/><D40/><U89/><E27/><V6/><F6/><W80/><G80/><T38/><D38/><U132/><E134/><V98/><F98/><W3/><G3/><T128/><D128/><U82/><E15/><V60/><F60/><N who="0" m="23146" /><D1/><U114/><E114/><V50/><F50/><W45/><G94/><T100/><D0/><U13/><E13/><V119/><F119/><W58/><G101/><N who="1" m="38410" /><E132/><V4/><F4/><W78/><G45/><AGARI ba="1,1" hai="11,14,18,45,51,54,81,82,87,89,92" m="38410" machi="45" ten="30,1000,0" yaku="8,1" doraHai="121" who="1" fromWho="3" sc="260,0,260,23,220,0,250,-13" /><INIT seed="1,0,0,3,2,52" ten="260,283,220,237" oya="1" hai0="129,134,42,72,135,91,115,105,8,77,28,75,67" hai1="3,111,36,112,126,25,61,114,19,13,118,79,113" hai2="60,16,83,107,49,46,39,63,68,131,119,30,9" hai3="106,64,82,45,24,78,27,43,89,40,41,124,0"/><U15/><E36/><V4/><F119/><W109/><G0/><T59/><D105/><U80/><E118/><V69/><F107/><W56/><G106/><T12/><D115/><U122/><E3/><V108/><F108/><W102/><G102/><T86/><D42/><U98/><E122/><V104/><F104/><W10/><G109/><T23/><D77/><U38/><E38/><V17/><F131/><W73/><G124/><T34/><D34/><U100/><E111/><V44/><F30/><W117/><G117/><T84/><D84/><U132/><E126/><V14/><F83/><W20/><G27/><T21/><D21/><U85/><E132/><N who="0" m="50729" /><D23/><U74/><E74/><V22/><F39/><W128/><G128/><T88/><D28/><U92/><E25/><V35/><F35/><W62/><G89/><N who="0" m="34379" /><D86/><U6/><E6/><V94/><F22/><W97/><G10/><T99/><D99/><U65/><REACH who="1" step="1"/><E19/><REACH who="1" ten="260,273,220,237" step="2"/><V51/><F4/><W90/><G97/><T54/><D129/><U101/><E101/><V7/><F7/><W127/><G127/><T58/><D75/><U95/><E95/><V110/><F110/><W1/><G1/><T66/><D72/><U57/><AGARI ba="0,1" hai="13,15,57,61,65,79,80,85,92,98,100,112,113,114" machi="57" ten="30,6000,0" yaku="1,1,0,1,52,1,53,0" doraHai="52" doraHaiUra="125" who="1" fromWho="1" sc="260,-20,273,70,220,-20,237,-20" /><INIT seed="1,1,0,1,3,5" ten="240,343,200,217" oya="1" hai0="35,121,67,126,80,86,29,95,123,53,64,72,134" hai1="46,27,56,30,105,92,66,78,62,94,129,99,9" hai2="42,21,65,122,47,82,88,51,127,55,101,98,41" hai3="20,34,131,69,1,19,7,10,52,89,79,109,132"/><U100/><E129/><V39/><F122/><W17/><G69/><T26/><D126/><U45/><E78/><V81/><F127/><W91/><G79/><T71/><D134/><U12/><E105/><V113/><F113/><W28/><G131/><T15/><D72/><U2/><E2/><V75/><F65/><W8/><G132/><T130/><D130/><U84/><E84/><V57/><F75/><W120/><G120/><N who="0" m="46155" /><D95/><U31/><E92/><V18/><F42/><W117/><G117/><T25/><D25/><U14/><E14/><V74/><F74/><W63/><G109/><T102/><D102/><U106/><E106/><V124/><F124/><W24/><G10/><T38/><D38/><U49/><E49/><N who="2" m="30959" /><F39/><W6/><G6/><T77/><D71/><U104/><E104/><V48/><F48/><W44/><G19/><T116/><D116/><U13/><E13/><N who="2" m="9423" /><F101/><W128/><G128/><T87/><D87/><U60/><E60/><V43/><F43/><W22/><G44/><N who="1" m="17002" /><E27/><V59/><F59/><N who="3" m="35303" /><G22/><T133/><D133/><U4/><AGARI ba="1,0" hai="4,9,12,30,31,56,62,66,94,99,100" m="17002" machi="4" ten="30,3000,0" yaku="8,1,52,1" doraHai="5" who="1" fromWho="1" sc="240,-11,343,33,200,-11,217,-11" /><INIT seed="1,2,0,4,0,42" ten="229,376,189,206" oya="1" hai0="122,54,12,68,101,31,78,23,123,61,91,2,20" hai1="126,14,59,32,76,43,44,34,86,132,13,47,66" hai2="88,4,114,133,67,26,49,30,93,106,62,102,110" hai3="119,113,104,127,17,84,70,10,72,16,56,135,64"/><U81/><E132/><V115/><F133/><W82/><G72/><T125/><D2/><U89/><E126/><V57/><F110/><W117/><G135/><T107/><D125/><U94/><E34/><V87/><F4/><W71/><G113/><N who="2" m="43017" /><F49/><W83/><G104/><T33/><D78/><U58/><E43/><V109/><F109/><W27/><G127/><T60/><D91/><U105/><E105/><V128/><F128/><W97/><G97/><N who="0" m="61871" /><D60/><N who="1" m="38167" /><E59/><V35/><F106/><W38/><G38/><T134/><D54/><U52/><E52/><N who="2" m="34087" /><F102/><W6/><G56/><T95/><D134/><U7/><E32/><V18/><F18/><N who="3" m="7275" /><G27/><N who="0" m="18687" /><D12/><N who="1" m="4715" /><E7/><V8/><F67/><W103/><G103/><T22/><D61/><U130/><E130/><V53/><F53/><W25/><G64/><T37/><D68/><U69/><E69/><V5/><F5/><W116/><G25/><T21/><D37/><U131/><E131/><V73/><F73/><W118/><G118/><T85/><N who="0" m="5120" /><DORA hai="48" /><T124/><D124/><U96/><AGARI ba="2,0" hai="44,47,76,81,86,89,94,96" m="4715,38167" machi="96" ten="30,6000,0" yaku="8,1,52,2" doraHai="42,48" who="1" fromWho="1" sc="229,-22,376,66,189,-22,206,-22" /><INIT seed="1,3,0,3,5,78" ten="207,442,167,184" oya="1" hai0="81,90,86,109,25,42,23,61,121,45,133,76,54" hai1="71,113,16,24,132,135,80,30,51,59,82,75,15" hai2="44,112,58,41,38,134,63,21,105,101,83,91,127" hai3="118,10,43,97,6,35,0,67,116,115,4,87,84"/><U106/><E71/><V66/><F134/><N who="1" m="51241" /><E106/><V56/><F127/><W98/><G115/><T110/><D121/><U1/><E1/><V52/><F112/><W107/><G35/><T34/><D34/><N who="1" m="20807" /><E75/><V5/><F5/><W88/><G84/><T53/><D133/><U85/><E85/><V77/><F91/><W55/><G43/><T50/><D76/><U14/><E14/><V131/><F131/><W17/><G67/><T70/><D70/><U73/><E73/><V65/><F21/><W128/><G128/><T79/><D79/><U95/><E95/><V129/><F129/><W32/><G32/><T27/><D27/><U125/><E125/><V99/><REACH who="2" step="1"/><F58/><REACH who="2" ten="207,442,157,184" step="2"/><W89/><G4/><T7/><D7/><U108/><E113/><V48/><F48/><W117/><G89/><T8/><D8/><U57/><E59/><V33/><F33/><W104/><G6/><T102/><D102/><U119/><E119/><V22/><F22/><W3/><G3/><T68/><D68/><U94/><E51/><V103/><F103/><W20/><G0/><T47/><D47/><U40/><E57/><V122/><F122/><W130/><G10/><T60/><D60/><U96/><E15/><V11/><F11/><W72/><G130/><T2/><D61/><U74/><E96/><V69/><F69/><W62/><G98/><T9/><D9/><U64/><E64/><V19/><F19/><W37/><G97/><T28/><D2/><U124/><E16/><V29/><F29/><W39/><G17/><T46/><D46/><U49/><E124/><V36/><F36/><RYUUKYOKU ba="3,1" sc="207,15,442,-15,157,15,184,-15" hai0="23,25,28,42,45,50,53,54,81,86,90,109,110" hai2="38,41,44,52,56,63,65,66,77,83,99,101,105" /><INIT seed="2,4,1,5,2,129" ten="222,427,172,169" oya="2" hai0="59,64,103,40,29,132,2,22,69,60,56,134,0" hai1="14,45,76,80,114,39,47,4,54,19,87,89,30" hai2="135,61,3,84,52,21,63,48,1,95,31,70,66" hai3="8,93,126,37,98,10,71,58,17,117,100,123,27"/><V16/><F135/><N who="0" m="51754" /><D40/><U94/><E114/><V86/><F31/><W106/><G71/><T9/><D103/><U44/><E30/><V81/><F63/><W34/><G123/><T77/><D77/><U65/><E65/><V49/><F95/><W130/><G117/><T50/><D9/><U67/><E67/><V13/><F49/><W112/><G37/><T24/><D50/><N who="1" m="28999" /><E4/><V43/><F43/><W20/><G112/><T111/><D111/><U91/><E39/><V118/><F118/><W120/><G120/><T18/><D29/><U6/><E6/><V15/><F15/><W96/><G130/><T99/><D99/><N who="1" m="57807" /><E76/><V127/><F127/><W74/><G126/><T68/><D56/><U115/><E115/><V79/><REACH who="2" step="1"/><F86/><REACH who="2" ten="222,427,162,169" step="2"/><W85/><G85/><T125/><D125/><U12/><E14/><V46/><AGARI ba="4,2" hai="1,3,13,16,21,46,48,52,61,66,70,79,81,84" machi="46" ten="20,18000,2" yaku="1,1,2,1,0,1,7,1,54,2,53,1" doraHai="129" doraHaiUra="75" who="2" fromWho="2" sc="222,-64,427,-64,162,212,169,-64" /><INIT seed="2,5,0,3,1,67" ten="158,363,374,105" oya="2" hai0="93,42,15,73,25,69,97,99,20,24,55,118,125" hai1="0,22,88,89,47,103,64,135,35,82,30,57,65" hai2="122,32,86,66,124,46,58,18,10,48,19,72,130" hai3="68,29,6,126,96,119,51,53,109,16,39,52,56"/><V17/><F122/><W71/><G119/><T13/><D42/><U104/><E0/><V3/><F72/><W105/><G39/><T43/><D43/><U90/><E35/><V87/><F32/><W4/><G29/><T28/><D73/><U33/><E33/><V116/><F116/><W117/><G117/><T77/><D77/><U38/><E135/><V85/><F130/><W34/><G34/><T44/><D125/><U21/><E104/><V7/><F124/><W78/><G78/><T111/><D111/><U95/><E82/><V75/><F75/><W61/><G126/><T123/><D123/><U40/><E57/><V114/><F114/><W79/><G79/><T115/><D115/><U108/><E108/><V127/><F127/><W113/><G113/><T14/><D69/><U74/><E74/><V120/><F120/><W23/><G109/><T128/><D128/><U45/><E45/><V41/><REACH who="2" step="1"/><F87/><REACH who="2" ten="158,363,364,105" step="2"/><W11/><G105/><T60/><D118/><U100/><E21/><V133/><F133/><W112/><G112/><T131/><D131/><U80/><E22/><V2/><F2/><W134/><G134/><T76/><D20/><U50/><E95/><V107/><F107/><W62/><G23/><T81/><D93/><U12/><E80/><V91/><F91/><W26/><G26/><T27/><D28/><U94/><E30/><V110/><F110/><W59/><G11/><T37/><D81/><U83/><E83/><V129/><F129/><W121/><G121/><T102/><D25/><U98/><E94/><V8/><F8/><W101/><G101/><RYUUKYOKU ba="5,1" sc="158,-10,363,-10,364,30,105,-10" hai2="3,7,10,17,18,19,41,46,48,58,66,85,86" /><INIT seed="2,6,1,5,4,53" ten="148,353,394,95" oya="2" hai0="74,40,56,47,102,45,31,27,43,10,65,130,135" hai1="17,124,132,126,44,114,34,134,84,76,12,111,5" hai2="61,48,129,131,121,109,115,0,16,87,21,72,75" hai3="29,2,86,83,37,54,127,67,73,91,20,50,55"/><V95/><F115/><W125/><G37/><T78/><D74/><U133/><E114/><V88/><F121/><W113/><G113/><T69/><D69/><U41/><E34/><V118/><F118/><W60/><G2/><T51/><D78/><U9/><E111/><V103/><F0/><W123/><G123/><T122/><D122/><U92/><E17/><V71/><F109/><W1/><G1/><T77/><D77/><U96/><E84/><V117/><F117/><W63/><G73/><T59/><D130/><N who="2" m="49674" /><F103/><W70/><G63/><T38/><D135/><U112/><E76/><V97/><F48/><W8/><G8/><T19/><D65/><U15/><E15/><N who="2" m="9375" /><F97/><W52/><REACH who="3" step="1"/><G50/><REACH who="3" ten="148,353,394,85" step="2"/><T46/><D38/><N who="1" m="21559" /><E112/><V85/><F75/><W93/><G93/><T24/><D51/><U62/><E62/><V11/><F11/><W3/><G3/><T98/><D43/><U6/><E9/><V106/><F72/><W90/><G90/><T7/><D40/><U18/><E133/><V80/><F61/><W100/><G100/><T58/><D7/><U81/><E134/><V13/><F95/><W22/><G22/><N who="0" m="13407" /><D10/><N who="1" m="6423" /><E132/><V64/><F88/><W28/><G28/><T39/><D39/><U89/><E5/><V36/><F36/><W68/><G68/><T105/><D31/><U104/><E6/><V101/><F71/><W23/><G23/><T116/><D116/><U99/><E92/><V82/><F101/><W79/><G79/><T42/><D42/><U25/><E89/><V107/><F82/><W57/><G57/><N who="0" m="14595" /><T108/><DORA hai="33" /><D108/><U110/><E110/><RYUUKYOKU ba="6,2" sc="148,15,353,-15,394,-15,85,15" hai0="27,45,46,47,98,102,105" hai3="20,29,52,54,55,60,67,70,83,86,91,125,127" /><INIT seed="3,7,2,3,0,100" ten="163,338,379,100" oya="3" hai0="9,28,57,45,37,103,107,30,68,18,73,13,75" hai1="72,22,125,8,41,82,25,102,64,70,66,129,110" hai2="50,58,69,92,42,90,134,111,17,126,53,39,135" hai3="119,11,12,115,122,113,96,6,0,10,52,112,76"/><W78/><G122/><T29/><D68/><U87/><E72/><V40/><F111/><W97/><G119/><T109/><D109/><U106/><E110/><V133/><F126/><W24/><G24/><T71/><D71/><U62/><E125/><V4/><F39/><W54/><G97/><T36/><D57/><U31/><E129/><V81/><F69/><W15/><G96/><T121/><D121/><U91/><E66/><V3/><F81/><W56/><G0/><T79/><D103/><U20/><E41/><V132/><F132/><W83/><G56/><T33/><D107/><U51/><E51/><V89/><F17/><W55/><REACH who="3" step="1"/><G83/><REACH who="3" ten="163,338,379,90" step="2"/><T38/><D33/><U98/><E8/><N who="2" m="2079" /><F92/><W7/><AGARI ba="7,3" hai="6,7,10,11,12,15,52,54,55,76,78,112,113,115" machi="7" ten="40,12000,1" yaku="1,1,0,1,9,1,54,1,53,0" doraHai="100" doraHaiUra="86" who="3" fromWho="3" sc="163,-47,338,-47,379,-47,90,171" /><INIT seed="3,8,0,1,2,84" ten="116,291,332,261" oya="3" hai0="85,93,105,28,67,42,83,92,65,119,9,94,57" hai1="95,113,122,133,38,121,109,86,120,102,77,81,51" hai2="74,68,89,8,21,124,82,129,88,131,76,56,62" hai3="132,4,87,55,104,78,101,97,30,58,71,63,98"/><W73/><G73/><T32/><D105/><U53/><E38/><V11/><F68/><W2/><G30/><T96/><D119/><U103/><E113/><V112/><F112/><W34/><G34/><T75/><D75/><U61/><E61/><V52/><F124/><W45/><G71/><T108/><D108/><U60/><E60/><V54/><F54/><W127/><G127/><T118/><D118/><U125/><E125/><V5/><F21/><W70/><G70/><T10/><D42/><U39/><E39/><V36/><F36/><W1/><G132/><T79/><D32/><U91/><E133/><V19/><F19/><W20/><G20/><T16/><D28/><U18/><E18/><V15/><F11/><W24/><G24/><T40/><D40/><U111/><E51/><V0/><F0/><W80/><G4/><T3/><D3/><U50/><E50/><V123/><F123/><W66/><G45/><T35/><D35/><U135/><E53/><V59/><F56/><W37/><G37/><T33/><D33/><U13/><E13/><V22/><F22/><W31/><G31/><T23/><D96/><N who="1" m="57471" /><E135/><V107/><F107/><W130/><G66/><N who="0" m="25099" /><D57/><U7/><E7/><V134/><F134/><W114/><G114/><T29/><D29/><U25/><E25/><AGARI ba="8,0" hai="9,10,16,23,25,79,83,85,92,93,94" m="25099" machi="25" ten="30,2000,0" yaku="8,1,54,1" doraHai="84" who="0" fromWho="1" sc="116,44,291,-44,332,0,261,0" /><INIT seed="4,0,0,1,4,130" ten="160,247,332,261" oya="0" hai0="9,7,3,108,126,93,19,94,87,0,37,55,100" hai1="20,111,54,70,134,116,81,74,92,43,4,104,82" hai2="124,131,67,24,23,14,101,12,96,109,118,84,31" hai3="66,61,60,50,42,51,22,107,75,128,17,132,88"/><T49/><D37/><U21/><E104/><V83/><F109/><W117/><G117/><T72/><D72/><U133/><E116/><V34/><F118/><W129/><G107/><T11/><D108/><U57/><E111/><V121/><F121/><W64/><G75/><T47/><D126/><U89/><E70/><V10/><F131/><N who="3" m="50251" /><G88/><T48/><D100/><U115/><E43/><V110/><F110/><W62/><G132/><N who="1" m="50794" /><E4/><V65/><F34/><W27/><G42/><T52/><D87/><N who="1" m="52287" /><E115/><V69/><F69/><W59/><G62/><T120/><D120/><U30/><E30/><V79/><F124/><W28/><G28/><T78/><D78/><N who="1" m="44247" /><E82/><V98/><F31/><W44/><G44/><T36/><D36/><U68/><E68/><AGARI ba="0,0" hai="17,22,27,50,51,59,60,61,64,66,68" m="50251" machi="68" ten="30,1000,0" yaku="19,1" doraHai="130" who="3" fromWho="1" sc="160,0,247,-10,332,0,261,10" /><INIT seed="5,0,0,3,2,109" ten="160,237,332,271" oya="1" hai0="74,118,122,13,14,48,18,77,76,0,85,31,57" hai1="46,129,44,70,119,38,83,62,6,94,134,98,34" hai2="65,17,113,35,25,55,29,7,130,91,102,111,21" hai3="15,95,121,56,11,101,75,8,52,90,105,116,54"/><U135/><E34/><V114/><F111/><W112/><G121/><T79/><D0/><U47/><E119/><V40/><F130/><W32/><G32/><T33/><D74/><U81/><E129/><V80/><F40/><W63/><G116/><T5/><D118/><U58/><E70/><V104/><F65/><W19/><G75/><T103/><D122/><U51/><E38/><V110/><F110/><W42/><G42/><T126/><D126/><U84/><E51/><V49/><F7/><W127/><G127/><T89/><D103/><N who="1" m="60887" /><E6/><V30/><F102/><W99/><G112/><N who="2" m="43113" /><F104/><W96/><G8/><T12/><D5/><U23/><E23/><V68/><F68/><W53/><AGARI ba="0,0" hai="11,15,19,52,53,54,56,63,90,95,96,99,101,105" machi="53" ten="20,2700,0" yaku="0,1,7,1,54,1" doraHai="109" who="3" fromWho="3" sc="160,-7,237,-13,332,-7,271,27" /><INIT seed="6,0,0,1,5,131" ten="153,224,325,298" oya="2" hai0="130,34,23,8,99,9,22,117,39,43,82,74,106" hai1="84,68,32,85,124,60,67,35,94,88,98,61,6" hai2="30,86,100,91,120,53,49,75,79,135,21,76,33" hai3="96,127,63,11,73,62,56,58,83,14,118,7,5"/><V47/><F120/><W1/><G118/><T57/><D34/><U16/><E124/><V81/><F33/><W104/><G127/><T24/><D117/><U129/><E129/><V28/><F100/><W134/><G1/><T20/><D130/><U40/><E6/><V101/><F101/><W26/><G26/><T122/><D122/><U54/><E40/><V31/><F75/><W128/><G128/><T12/><D106/><U78/><E35/><V69/><F69/><W55/><G104/><T113/><D113/><U107/><E107/><V93/><F21/><W2/><G96/><T87/><D74/><U3/><E3/><V110/><F110/><W125/><G125/><T112/><D112/><U18/><E32/><V41/><F53/><W132/><G2/><T65/><D99/><U95/><E84/><V102/><F102/><W44/><G44/><T126/><D126/><U77/><E77/><V80/><F79/><W64/><G73/><T51/><D39/><U119/><E119/><V52/><F41/><W114/><G83/><T48/><D24/><U133/><E78/><V109/><F109/><W116/><G114/><T59/><D9/><U42/><E42/><V97/><F81/><W70/><G70/><T36/><D36/><U92/><E95/><V25/><F25/><W15/><G116/><T123/><D123/><U0/><E94/><V108/><F108/><W90/><G90/><N who="0" m="51575" /><D43/><U17/><E98/><V72/><F72/><W121/><G121/><T10/><D65/><U115/><E115/><V46/><F76/><W103/><G103/><T13/><D10/><AGARI ba="0,0" hai="5,7,10,11,14,15,55,56,58,62,63,64,132,134" machi="10" ten="40,8000,1" yaku="6,1,9,1,52,2" doraHai="131" who="3" fromWho="0" sc="153,-80,224,0,325,0,298,80" /><INIT seed="7,0,0,2,2,120" ten="73,224,325,378" oya="3" hai0="98,117,131,63,50,68,45,126,61,10,85,13,57" hai1="55,64,54,0,100,86,23,135,110,6,132,102,95" hai2="91,112,69,49,73,8,1,41,52,44,81,32,116" hai3="113,29,62,75,20,19,11,97,56,27,70,37,66"/><W109/><G75/><T36/><D117/><U30/><E64/><V7/><F116/><W130/><G37/><T92/><D126/><U67/><E67/><V114/><F69/><W26/><G130/><T119/><D119/><U2/><E86/><V107/><F107/><W101/><G109/><T28/><D131/><U42/><E23/><V106/><F106/><W80/><G80/><T43/><D28/><U134/><E30/><V118/><F118/><W96/><G113/><T12/><D85/><U51/><E95/><V87/><F32/><W93/><G11/><T22/><D10/><U5/><E51/><V31/><F31/><W4/><G4/><T129/><D129/><U38/><E135/><V3/><F3/><W53/><G97/><T123/><D22/><U59/><E59/><V17/><F73/><W71/><G53/><T103/><D123/><U89/><E89/><V128/><F128/><W82/><G82/><T40/><D40/><U121/><E121/><V90/><F17/><W78/><G78/><T74/><D74/><U21/><E21/><AGARI ba="0,0" hai="19,20,21,26,27,29,56,62,66,70,71,93,96,101" machi="21" ten="30,5800,0" yaku="7,1,25,2" doraHai="120" who="3" fromWho="1" sc="73,0,224,-58,325,0,378,58" owari="73,-43.0,166,-23.0,325,13.0,436,53.0" /></mjloggm>