<mjloggm ver="2.3"><GO type="169" lobby="0"/><UN n0="%E3%82%AD%E3%83%9F%E3%82%BF%E3%83%9E%E3%82%B4" n1="%6B%75%6B%65%6B%65%6B%65" n2="%E3%82%A6%E3%83%AB%E3%83%88%E3%83%A9%E7%AB%8B%E7%9B%B4" n3="%73%73%74%61%72%6F" dan="16,17,17,17" rate="2115.60,2139.30,2208.65,2163.38" sx="M,M,M,M"/><TAIKYOKU oya="0"/><INIT seed="0,0,0,5,2,46" ten="250,250,250,250" oya="0" hai0="78,113,118,50,8,13,45,106,90,18,125,65,70" hai1="101,93,112,58,16,26,104,2,95,128,64,10,3" hai2="60,94,24,53,56,130,4,7,122,34,36,47,99" hai3="33,84,17,11,59,75,32,0,38,88,23,49,77"/><T9/><D106/><U61/><E104/><V25/><F122/><W82/><G38/><T80/><D125/><U81/><E128/><V39/><F130/><W54/><G11/><T86/><D113/><U35/><E112/><V124/><F124/><W29/><G29/><T102/><D102/><U43/><E43/><V48/><F39/><W1/><G33/><T111/><D111/><U117/><E117/><V126/><F36/><W62/><G62/><T41/><D118/><U30/><E81/><V31/><F25/><W68/><G68/><T131/><D131/><U52/><E64/><V67/><REACH who="2" step="1"/><F126/><REACH who="2" ten="250,250,240,250" step="2"/><W120/><G120/><T69/><D65/><U100/><E26/><V37/><F37/><W110/><G110/><T14/><REACH who="0" step="1"/><D90/><AGARI ba="0,1" hai="4,7,24,31,34,47,48,53,56,60,67,90,94,99" machi="90" ten="30,3900,0" yaku="1,1,7,1,52,1,53,0" doraHai="46" doraHaiUra="116" who="2" fromWho="0" sc="250,-39,250,0,240,49,250,0" /><INIT seed="1,0,0,0,3,84" ten="211,250,289,250" oya="1" hai0="15,63,83,33,56,17,40,38,60,103,0,109,11" hai1="58,97,1,10,87,133,70,129,66,27,74,3,14" hai2="43,69,39,79,124,90,71,85,119,2,95,80,131" hai3="50,96,73,35,20,5,24,6,53,32,134,118,64"/><U61/><E74/><V7/><F119/><W82/><G64/><T28/><D109/><U30/><E129/><V111/><F111/><W77/><G118/><T122/><D122/><U125/><E125/><V37/><F131/><W26/><G134/><T75/><D103/><U8/><E133/><V108/><F108/><W81/><G81/><T107/><D107/><U59/><E70/><V106/><F106/><W16/><G96/><T41/><D60/><U68/><E68/><V13/><F13/><W135/><G135/><T31/><D33/><U67/><E8/><N who="2" m="2167" /><F37/><W123/><G123/><T62/><D62/><U72/><E72/><N who="2" m="43111" /><F124/><W104/><G104/><T91/><D0/><U120/><E120/><V115/><F115/><W99/><G99/><T112/><D75/><U100/><E67/><V22/><F22/><W49/><G49/><T23/><D38/><U102/><E58/><V76/><F76/><W65/><G65/><N who="0" m="39143" /><D112/><U36/><E36/><V127/><F127/><W89/><G35/><T78/><D78/><U44/><E3/><V117/><F117/><W126/><G126/><T88/><D83/><U34/><E1/><V86/><F86/><W9/><G32/><T12/><D28/><U19/><E87/><V93/><F93/><W25/><G73/><T101/><D101/><N who="1" m="39019" /><E97/><V18/><F18/><W46/><G6/><N who="0" m="3191" /><D31/><U132/><E132/><V29/><F29/><W51/><G77/><T94/><D94/><U116/><E116/><V47/><AGARI ba="0,0" hai="39,43,47,69,71,85,90,95" m="43111,2167" machi="47" ten="30,2000,0" yaku="25,1,52,1" doraHai="84" who="2" fromWho="2" sc="211,-5,250,-10,289,20,250,-5" /><INIT seed="2,0,0,3,0,90" ten="206,240,309,245" oya="2" hai0="86,113,67,117,48,65,107,0,10,29,88,26,132" hai1="27,52,54,100,95,85,110,104,6,3,93,99,9" hai2="1,81,46,39,11,101,25,44,18,68,60,61,58" hai3="14,21,73,53,16,64,8,122,51,76,75,84,7"/><V66/><F101/><W119/><G119/><T45/><D107/><U17/><E110/><V24/><F81/><W92/><G122/><T129/><D132/><U105/><E105/><V77/><F77/><W28/><G28/><T63/><D129/><U31/><E17/><V89/><F89/><N who="3" m="53287" /><G64/><T62/><D117/><U130/><E130/><V41/><F46/><W74/><G76/><T15/><D0/><U82/><E54/><V97/><F97/><W50/><G50/><T120/><D113/><U72/><E52/><V59/><F68/><W78/><G78/><T56/><D63/><U121/><E72/><V94/><F94/><W20/><G20/><T42/><D65/><U47/><E47/><V79/><F79/><W36/><G36/><T22/><D120/><U123/><E121/><V40/><F40/><W38/><G38/><T55/><D42/><U12/><E3/><V127/><F127/><W109/><G109/><T87/><REACH who="0" step="1"/><D88/><REACH who="0" ten="196,240,309,245" step="2"/><U126/><E126/><V133/><F133/><W32/><G32/><T37/><D37/><U71/><E123/><V19/><F39/><W125/><G125/><T103/><D103/><U124/><E124/><V35/><F1/><N who="3" m="111" /><G75/><T135/><D135/><U70/><E71/><V57/><F66/><W91/><G91/><T102/><D102/><U5/><E70/><V131/><F131/><W49/><G49/><T114/><D114/><U128/><E128/><V2/><F61/><W96/><G96/><T116/><D116/><U34/><E99/><V23/><F60/><W118/><G118/><T134/><D134/><U108/><E104/><RYUUKYOKU ba="0,1" sc="196,15,240,-15,309,-15,245,15" hai0="10,15,22,26,29,45,48,55,56,62,67,86,87" hai3="14,16,21,51,53,73,74" /><INIT seed="3,1,1,2,3,93" ten="211,225,294,260" oya="3" hai0="127,81,7,99,106,18,80,70,39,22,64,42,116" hai1="105,65,54,123,104,78,88,94,3,109,21,135,122" hai2="131,100,114,89,14,110,68,59,71,87,86,125,11" hai3="19,16,58,2,44,126,26,27,84,56,77,25,96"/><W130/><G2/><T95/><D106/><U40/><E3/><V9/><F114/><W72/><G72/><T32/><D32/><U47/><E105/><V107/><F110/><W41/><G130/><T85/><D127/><U115/><E104/><V121/><F125/><W31/><G126/><T63/><D7/><U1/><E115/><V10/><F131/><W60/><G31/><T79/><D81/><U91/><E1/><V76/><F76/><W37/><G58/><T134/><D134/><U51/><E109/><V73/><F73/><W23/><G19/><T129/><D129/><U38/><E78/><V43/><F121/><W35/><G35/><T90/><D39/><U82/><E135/><V49/><F14/><W52/><REACH who="3" step="1"/><G96/><REACH who="3" ten="211,225,294,250" step="2"/><T24/><D116/><U34/><E34/><V98/><F59/><W13/><G13/><T133/><D133/><U66/><E123/><V124/><F124/><W69/><G69/><T45/><D45/><U67/><E122/><V113/><F113/><W50/><G50/><T0/><D0/><U112/><E112/><V74/><F74/><W61/><G61/><T102/><REACH who="0" step="1"/><D42/><REACH who="0" ten="201,225,294,250" step="2"/><U28/><E40/><V46/><REACH who="2" step="1"/><F87/><REACH who="2" ten="201,225,284,250" step="2"/><W33/><G33/><T30/><D30/><U36/><E28/><V12/><F12/><W75/><G75/><T97/><D97/><U55/><E47/><V117/><F117/><W83/><AGARI ba="1,4" hai="16,23,25,26,27,37,41,44,52,56,60,77,83,84" machi="83" ten="30,11700,0" yaku="1,1,0,1,54,2,53,0" doraHai="93" doraHaiUra="8" who="3" fromWho="3" sc="201,-40,225,-40,284,-40,250,160" /><INIT seed="3,2,0,1,0,58" ten="161,185,244,410" oya="3" hai0="114,110,48,3,9,76,111,40,121,64,62,90,56" hai1="18,1,94,108,29,6,95,117,47,8,104,4,68" hai2="7,125,87,11,27,82,72,53,12,17,26,86,73" hai3="20,96,25,97,57,54,22,115,45,41,65,131,24"/><W66/><G115/><T129/><D121/><U43/><E104/><V23/><F125/><W77/><G131/><T34/><D34/><U78/><E68/><V127/><F127/><W88/><G77/><T100/><D129/><U13/><E6/><V60/><F87/><W128/><G128/><T116/><D116/><U44/><E108/><V99/><F99/><W101/><G101/><T15/><D3/><U74/><E29/><V55/><F73/><W81/><G41/><T119/><D119/><U10/><E47/><V38/><F38/><W107/><G45/><T75/><D90/><U79/><E79/><V2/><F72/><W28/><G107/><T89/><D89/><U123/><E123/><V19/><F60/><N who="3" m="35895" /><G97/><T61/><D100/><U39/><REACH who="1" step="1"/><E117/><REACH who="1" ten="161,175,244,410" step="2"/><V59/><F59/><W71/><G71/><T120/><D120/><U46/><E46/><V92/><F2/><W105/><G105/><T106/><D106/><U21/><E21/><N who="2" m="13631" /><F92/><N who="3" m="56327" /><G81/><AGARI ba="2,1" hai="1,4,8,10,13,18,39,43,44,74,78,81,94,95" machi="81" ten="40,5200,0" yaku="1,1,25,2,53,0" doraHai="58" doraHaiUra="103" who="1" fromWho="3" sc="161,0,175,68,244,0,410,-58" /><INIT seed="4,0,0,2,0,60" ten="161,243,244,352" oya="0" hai0="12,98,90,123,116,20,92,5,68,84,99,57,54" hai1="134,104,23,114,47,21,124,113,78,14,130,40,9" hai2="11,125,30,42,32,45,69,79,17,135,110,15,101" hai3="132,83,50,129,128,6,86,26,3,1,89,106,29"/><T2/><D116/><U0/><E104/><V16/><F110/><W131/><G132/><T41/><D123/><U75/><E134/><V95/><F135/><W35/><G106/><T111/><D111/><U96/><E124/><V64/><F125/><W46/><REACH who="3" step="1"/><G6/><REACH who="3" ten="161,243,244,342" step="2"/><T8/><D68/><U76/><E114/><V61/><F69/><W91/><G91/><T48/><REACH who="0" step="1"/><D41/><AGARI ba="0,1" hai="1,3,26,29,35,41,46,50,83,86,89,128,129,131" machi="41" ten="40,2600,0" yaku="1,1,19,1,53,0" doraHai="60" doraHaiUra="18" who="3" fromWho="0" sc="161,-26,243,0,244,0,342,36" /><INIT seed="5,0,0,4,3,33" ten="135,243,244,378" oya="1" hai0="54,121,124,125,63,114,86,117,80,87,110,13,52" hai1="70,103,59,55,93,34,91,60,68,23,38,116,8" hai2="26,24,135,132,30,119,100,69,113,20,79,66,89" hai3="73,31,7,56,12,3,85,25,92,61,128,131,98"/><U62/><E34/><V40/><F119/><W95/><G73/><T90/><D110/><U77/><E116/><V42/><F79/><W9/><G85/><T43/><D117/><U112/><E38/><V130/><F100/><W37/><G37/><T16/><D121/><U32/><E32/><V10/><F69/><W11/><G25/><T45/><D114/><U22/><E112/><V65/><F113/><W109/><G31/><T48/><D63/><U44/><E103/><V53/><F53/><W97/><G109/><T18/><D18/><U57/><E77/><V2/><F89/><W134/><G134/><N who="2" m="51241" /><F26/><W104/><G104/><T47/><D87/><U58/><E70/><V71/><F130/><N who="3" m="49707" /><G98/><T133/><D133/><U120/><E120/><V67/><F71/><W74/><G74/><T75/><D75/><U41/><E68/><V35/><F35/><W29/><G29/><T83/><D83/><U88/><E91/><V84/><F84/><W17/><G97/><T82/><D82/><U39/><E58/><V118/><F118/><W123/><G123/><T28/><D28/><U115/><E115/><V49/><F49/><W102/><G102/><T6/><D6/><AGARI ba="0,0" hai="2,6,10,20,24,30,40,42,65,66,67" m="51241" machi="6" ten="30,2000,0" yaku="20,1,52,1" doraHai="33" who="2" fromWho="0" sc="135,-20,243,0,244,20,378,0" /><INIT seed="6,0,0,1,0,102" ten="115,243,264,378" oya="2" hai0="72,41,105,92,15,70,7,78,24,134,22,5,98" hai1="93,6,131,43,45,14,64,60,94,119,40,16,47" hai2="21,100,42,122,111,116,73,76,27,84,99,120,82" hai3="58,61,135,86,54,17,59,31,53,87,88,81,0"/><V50/><F116/><W11/><G135/><T34/><D70/><U25/><E119/><V32/><F32/><W129/><G129/><T130/><D134/><U48/><E131/><V121/><F111/><W36/><G36/><T67/><D130/><U112/><E25/><V10/><F10/><W74/><G74/><T9/><D67/><U97/><E6/><V83/><F50/><W95/><G31/><T52/><D41/><U133/><E97/><V29/><F42/><W127/><G127/><T69/><D69/><U96/><E96/><V107/><REACH who="2" step="1"/><F122/><REACH who="2" ten="115,243,254,378" step="2"/><W62/><G0/><T57/><D34/><U75/><E133/><V30/><F30/><W77/><G11/><T66/><D7/><U106/><E48/><V89/><AGARI ba="0,1" hai="21,27,29,73,76,82,83,84,89,99,100,107,120,121" machi="89" ten="20,7800,0" yaku="1,1,0,1,7,1,52,1,53,0" doraHai="102" doraHaiUra="37" who="2" fromWho="2" sc="115,-26,243,-26,254,88,378,-26" /><INIT seed="6,1,0,5,4,135" ten="89,217,342,352" oya="2" hai0="16,10,67,21,93,59,130,124,72,27,20,7,110" hai1="75,74,9,79,53,95,78,121,54,90,111,22,91" hai2="115,8,36,133,100,29,33,30,13,131,89,43,109" hai3="63,92,56,123,1,64,42,44,32,19,51,82,106"/><V105/><F133/><W23/><G123/><T129/><D72/><U118/><E111/><V24/><F109/><W69/><G106/><T71/><D71/><U132/><E132/><V41/><F30/><W122/><G122/><T107/><D107/><U6/><E22/><V38/><F100/><W86/><G32/><T55/><D67/><U87/><E121/><V49/><F105/><W40/><G1/><T94/><D110/><U14/><E118/><V50/><F131/><W98/><G69/><T116/><D116/><U76/><E74/><V58/><F115/><W47/><G92/><T117/><D117/><U125/><E75/><V48/><F58/><W66/><G98/><T126/><D20/><U52/><REACH who="1" step="1"/><E91/><REACH who="1" ten="89,207,342,352" step="2"/><V80/><F89/><W12/><G23/><T35/><D35/><U65/><E65/><V88/><F88/><W17/><G66/><T11/><D93/><U60/><E60/><V84/><F33/><W25/><G63/><N who="0" m="36351" /><D94/><U81/><E81/><V68/><F80/><W113/><G82/><T85/><D85/><U31/><E31/><V62/><F29/><W77/><G86/><T2/><D11/><U83/><E83/><V134/><F8/><W4/><G64/><T73/><D73/><U37/><E37/><V15/><F38/><W70/><G70/><T39/><D39/><U45/><E45/><V102/><F68/><W28/><G47/><T128/><AGARI ba="1,1" hai="2,7,10,16,21,27,124,126,128,129,130" m="36351" machi="128" ten="40,8000,1" yaku="19,1,52,2,54,1" doraHai="135" who="0" fromWho="0" sc="89,93,207,-21,342,-41,352,-21" /><INIT seed="7,0,0,3,4,6" ten="182,186,301,331" oya="3" hai0="106,71,105,0,118,110,13,20,38,103,97,48,5" hai1="56,17,74,26,108,115,34,64,104,36,60,124,87" hai2="99,107,67,25,86,7,49,126,32,84,30,85,14" hai3="111,88,44,120,92,127,68,96,41,132,81,125,73"/><W122/><G68/><T2/><D38/><U42/><E74/><V75/><F75/><W70/><G70/><T23/><D105/><U78/><E108/><V47/><F67/><W121/><G111/><T39/><D39/><U10/><E104/><V16/><F7/><W22/><G22/><T54/><D71/><U59/><E115/><V43/><F126/><N who="3" m="48139" /><G132/><T93/><D110/><U15/><E124/><V131/><F131/><W8/><G8/><N who="0" m="4239" /><D2/><U52/><E36/><V58/><F58/><W29/><G29/><T133/><D0/><U24/><E42/><V95/><F107/><W94/><G94/><N who="0" m="58807" /><D133/><U83/><E34/><V45/><F45/><W109/><G109/><T57/><D106/><U79/><E79/><V9/><F86/><N who="3" m="50255" /><G73/><T135/><D118/><U98/><E98/><V72/><F72/><W80/><G80/><T117/><D117/><U53/><E59/><V51/><F51/><N who="3" m="27023" /><G122/><T90/><D135/><U61/><E61/><V28/><F28/><W128/><G128/><T102/><D102/><AGARI ba="0,0" hai="9,14,16,25,30,32,43,47,49,84,85,95,99,102" machi="102" ten="30,3900,0" yaku="7,1,52,1,54,1" doraHai="6" who="2" fromWho="0" sc="182,-39,186,0,301,39,331,0" /><AGARI ba="0,0" hai="92,96,102,120,121" m="27023,50255,48139" machi="102" ten="30,2900,0" yaku="18,1,54,1" doraHai="6" who="3" fromWho="0" sc="143,-29,186,0,340,0,331,29" owari="114,-39.0,186,-21.0,340,14.0,360,46.0" /></mjloggm>