<mjloggm ver="2.3"><GO type="169" lobby="0"/><UN n0="%4D%4A%E3%81%AE%E6%9C%80%E9%AB%98%E5%B3%B0" n1="%E3%83%88%E3%83%88%E3%83%AA%E5%85%88%E7%94%9F%31%39%E6%AD%B3" n2="%E5%AE%AE%E6%9C%AC%E4%BE%86%E5%A4%8F" n3="%6C%67%32%31" dan="17,18,16,16" rate="2187.30,2205.73,2085.56,2166.24" sx="M,F,F,M"/><TAIKYOKU oya="0"/><INIT seed="0,0,0,1,2,132" ten="250,250,250,250" oya="0" hai0="127,119,120,39,95,42,60,52,70,115,49,74,11" hai1="80,106,122,57,22,4,101,62,87,83,76,71,131" hai2="110,114,72,91,129,108,116,35,56,78,90,86,103" hai3="124,63,94,24,6,77,73,34,79,26,30,88,51"/><T64/><D74/><U31/><E122/><V75/><F56/><W133/><G133/><T59/><D120/><U37/><E37/><V44/><F44/><W65/><G6/><T105/><D105/><U128/><E71/><V125/><F35/><W40/><G124/><T3/><D127/><U92/><E106/><V68/><F68/><W66/><G24/><T96/><D115/><U48/><E48/><V98/><F114/><W100/><G100/><T1/><D11/><U2/><E83/><N who="2" m="47479" /><F116/><W7/><G7/><T12/><D12/><U123/><E123/><V19/><F19/><W58/><G66/><T104/><D104/><U126/><E126/><V17/><F17/><W27/><G27/><T13/><D13/><U29/><E4/><V10/><F10/><W54/><G40/><T25/><D25/><N who="1" m="16567" /><E31/><V134/><F134/><W84/><REACH who="3" step="1"/><G73/><REACH who="3" ten="250,250,250,240" step="2"/><N who="2" m="28233" /><F125/><W69/><AGARI ba="0,1" hai="26,30,34,51,54,58,63,65,69,77,79,84,88,94" machi="69" ten="20,5200,0" yaku="1,1,0,1,7,1,54,1,53,0" doraHai="132" doraHaiUra="97" who="3" fromWho="3" sc="250,-26,250,-13,250,-13,240,62" /><INIT seed="1,0,0,2,0,4" ten="224,237,237,302" oya="1" hai0="61,105,112,36,71,84,27,88,103,100,22,121,115" hai1="91,39,59,89,14,135,116,50,70,64,37,117,48" hai2="87,72,5,19,68,35,110,124,132,41,46,98,10" hai3="90,42,107,9,0,17,16,40,1,96,58,53,32"/><U18/><E135/><V3/><F110/><W51/><G32/><T75/><D36/><U44/><E70/><V28/><F132/><W63/><G0/><T129/><D75/><U57/><E14/><V133/><F133/><W108/><G108/><T43/><D43/><U118/><E18/><V93/><F68/><W78/><G78/><T125/><D129/><U76/><E76/><V120/><F120/><W131/><G131/><T54/><D125/><U82/><E82/><V29/><F72/><W56/><G17/><T67/><D54/><N who="1" m="31959" /><E91/><V55/><F124/><W11/><G1/><T113/><D105/><U130/><E89/><V94/><F55/><N who="3" m="31871" /><G107/><T49/><D49/><U95/><E95/><V86/><F19/><W45/><G45/><T7/><D7/><U109/><E130/><V38/><F93/><N who="3" m="56375" /><G9/><T66/><D66/><U127/><E127/><V80/><F35/><W77/><G77/><T69/><D69/><U2/><E2/><V20/><F20/><W101/><G101/><T83/><REACH who="0" step="1"/><D121/><REACH who="0" ten="214,237,237,302" step="2"/><U30/><E109/><V12/><F38/><W6/><G6/><T26/><D26/><U81/><E39/><V104/><F104/><W25/><G25/><T24/><D24/><U62/><E37/><V15/><F5/><W31/><G31/><AGARI ba="0,1" hai="22,27,31,61,67,71,83,84,88,100,103,112,113,115" machi="31" ten="40,2600,0" yaku="1,1,54,1,53,0" doraHai="4" doraHaiUra="119" who="0" fromWho="3" sc="214,36,237,0,237,0,302,-26" /><INIT seed="2,0,0,3,2,42" ten="250,237,237,276" oya="2" hai0="34,89,101,12,47,104,20,40,33,115,131,120,54" hai1="92,128,17,66,78,72,88,46,48,43,3,98,39" hai2="44,15,103,111,70,26,13,8,69,65,9,5,27" hai3="53,0,110,117,102,93,106,50,28,85,35,38,80"/><V95/><F111/><W22/><G110/><T4/><D120/><U133/><E3/><V77/><F77/><W119/><G38/><T16/><D131/><U97/><E128/><V41/><F65/><W32/><G0/><T86/><D115/><U79/><E133/><V24/><F95/><W36/><G36/><T19/><D54/><U21/><E72/><V126/><F103/><W37/><G37/><T121/><D4/><U108/><E108/><V45/><F126/><W124/><G124/><T29/><D29/><U90/><E39/><V64/><F64/><W31/><G106/><T59/><D59/><U76/><E66/><V57/><F57/><W83/><G22/><T10/><D101/><U2/><E2/><V56/><F56/><W134/><G102/><T25/><D104/><U23/><E17/><V62/><F62/><W82/><G93/><AGARI ba="0,0" hai="21,23,43,46,48,76,78,79,88,90,92,93,97,98" machi="93" ten="40,8000,1" yaku="9,1,8,1,52,1,54,1" doraHai="42" who="1" fromWho="3" sc="250,0,237,80,237,0,276,-80" /><INIT seed="3,0,0,4,5,21" ten="250,317,237,196" oya="3" hai0="56,22,77,104,36,2,112,6,96,123,28,108,53" hai1="114,102,80,89,122,70,42,55,19,132,91,11,45" hai2="75,10,14,48,71,101,47,129,60,98,3,117,69" hai3="65,125,74,57,85,52,78,23,16,86,135,106,9"/><W43/><G106/><T97/><D36/><U109/><E122/><V25/><F117/><W126/><G135/><T119/><D108/><U94/><E70/><V68/><F3/><W32/><G32/><T73/><D112/><U93/><E114/><V8/><F75/><W30/><G30/><T39/><D39/><U54/><E109/><V46/><F129/><W24/><G43/><T34/><D34/><U15/><E132/><V17/><F60/><W84/><G65/><T41/><D41/><U103/><E80/><V124/><F124/><N who="3" m="47723" /><G9/><T5/><D104/><U107/><E107/><V61/><F61/><N who="3" m="36007" /><G74/><T18/><D28/><U13/><E42/><V92/><F8/><W79/><AGARI ba="0,0" hai="16,23,24,78,79,84,85,86" m="36007,47723" machi="79" ten="40,12000,1" yaku="18,1,52,1,54,2" doraHai="21" who="3" fromWho="3" sc="250,-40,317,-40,237,-40,196,120" /><INIT seed="3,1,0,1,1,133" ten="210,277,197,316" oya="3" hai0="9,83,107,126,112,43,85,79,125,75,25,128,61" hai1="29,99,69,117,42,30,36,31,32,93,108,98,38" hai2="132,74,95,131,16,52,111,67,96,88,115,84,80" hai3="102,87,48,82,78,65,94,64,135,109,47,18,22"/><W103/><G135/><T15/><D107/><U51/><E69/><V134/><F115/><W54/><G109/><T57/><D128/><U50/><E32/><V66/><F111/><W70/><G70/><T13/><D112/><U105/><E108/><V97/><F74/><W62/><G94/><T44/><D25/><U104/><E117/><V106/><F131/><W58/><REACH who="3" step="1"/><G65/><REACH who="3" ten="210,277,197,306" step="2"/><T121/><D121/><U68/><E68/><V27/><F132/><W100/><G100/><T1/><D1/><U56/><E93/><V91/><F134/><W129/><G129/><T72/><D72/><U7/><E105/><V130/><F106/><W8/><G8/><T127/><D9/><U46/><E104/><V120/><F130/><W3/><G3/><T6/><D75/><U124/><E38/><V28/><F120/><W33/><G33/><T53/><D6/><U77/><E36/><AGARI ba="1,1" hai="13,15,36,43,44,53,57,61,79,83,85,125,126,127" machi="36" ten="40,8000,1" yaku="18,1,52,3" doraHai="133" who="0" fromWho="1" sc="210,93,277,-83,197,0,306,0" /><INIT seed="4,0,0,1,2,66" ten="303,194,197,306" oya="0" hai0="11,68,94,104,125,16,52,128,24,80,29,103,73" hai1="55,134,118,40,64,86,83,124,62,95,58,59,117" hai2="5,37,33,123,120,110,3,57,132,115,67,60,56" hai3="106,89,43,108,39,90,116,38,34,48,114,105,78"/><T0/><D104/><U18/><E134/><V14/><F110/><W99/><G108/><T85/><D68/><U61/><E124/><V25/><F37/><W109/><G109/><T21/><D128/><U15/><E95/><V2/><F132/><W98/><G78/><T81/><D73/><U96/><E96/><V111/><F111/><W75/><G75/><T17/><D125/><U42/><E117/><V129/><F129/><W131/><G131/><T65/><D65/><U7/><E7/><V133/><F133/><W74/><G74/><T112/><D112/><U82/><E118/><V113/><F14/><W92/><G116/><T9/><D0/><U77/><REACH who="1" step="1"/><E82/><REACH who="1" ten="303,184,197,306" step="2"/><V41/><F5/><W53/><G92/><T126/><D81/><U102/><E102/><V51/><F115/><W127/><G114/><T130/><D126/><U63/><E63/><V54/><F113/><W45/><G127/><T49/><D130/><U19/><E19/><N who="0" m="7241" /><D94/><U70/><E70/><V119/><F119/><W72/><G106/><T84/><D103/><U122/><E122/><V4/><F4/><W23/><G105/><T88/><D85/><U121/><E121/><V101/><F101/><W76/><G99/><T30/><D30/><U91/><E91/><V69/><F120/><W50/><G98/><T97/><D97/><U20/><AGARI ba="0,1" hai="15,18,20,40,42,55,58,59,61,62,64,77,83,86" machi="20" ten="20,5200,0" yaku="1,1,0,1,7,1,8,1,53,0" doraHai="66" doraHaiUra="28" who="1" fromWho="1" sc="303,-26,184,62,197,-13,306,-13" /><INIT seed="5,0,0,5,4,124" ten="277,246,184,293" oya="1" hai0="132,47,25,74,1,14,66,28,3,33,61,46,42" hai1="60,6,129,122,118,102,36,76,135,65,29,32,90" hai2="53,73,101,10,21,81,77,126,95,86,87,59,75" hai3="43,89,51,84,16,11,120,52,80,119,38,99,30"/><U71/><E118/><V45/><F126/><W106/><G119/><T2/><D74/><U105/><E122/><V57/><F10/><W69/><G69/><T78/><D78/><U112/><E112/><V127/><F127/><W108/><G108/><T17/><D132/><U23/><E135/><V58/><F21/><W55/><G120/><T41/><D47/><U44/><E23/><V92/><F45/><N who="3" m="26047" /><G38/><T67/><D42/><N who="1" m="22599" /><E90/><V12/><F12/><N who="3" m="7199" /><G106/><T54/><D54/><N who="3" m="20521" /><G99/><T117/><D117/><U72/><E6/><V100/><F53/><W9/><G9/><T133/><D133/><U93/><E32/><V116/><F116/><W62/><G62/><T121/><D121/><U134/><E134/><V83/><REACH who="2" step="1"/><F57/><REACH who="2" ten="277,246,174,293" step="2"/><W70/><G70/><T85/><D46/><U26/><E71/><V79/><AGARI ba="0,1" hai="58,59,73,75,77,79,81,83,86,87,92,95,100,101" machi="79" ten="25,8000,1" yaku="1,1,2,1,0,1,22,2,53,0" doraHai="124" doraHaiUra="31" who="2" fromWho="2" sc="277,-20,246,-40,174,90,293,-20" /><INIT seed="6,0,0,5,2,124" ten="257,206,264,273" oya="2" hai0="24,96,74,57,45,1,107,2,77,20,5,87,114" hai1="37,32,131,48,127,12,82,3,116,120,111,40,26" hai2="126,31,80,34,62,14,33,18,95,15,50,93,123" hai3="68,103,13,10,47,9,60,119,54,66,61,7,115"/><V130/><F123/><W4/><G119/><T11/><D114/><U86/><E116/><V25/><F126/><W89/><G115/><T28/><D74/><U108/><E3/><V113/><F113/><W73/><G73/><T35/><D57/><U134/><E127/><V16/><F34/><W42/><G103/><T43/><D107/><U39/><E120/><V135/><F135/><W102/><G102/><T22/><D96/><U63/><E134/><V84/><F62/><W64/><G54/><T125/><D2/><U92/><E92/><V79/><F50/><W46/><G89/><T91/><D77/><U132/><E132/><V51/><F51/><W23/><G23/><T21/><D125/><U118/><E118/><V55/><F55/><W49/><G49/><T65/><D65/><U38/><E12/><V104/><F104/><W106/><G42/><T117/><D117/><U36/><E48/><V67/><F67/><W99/><G99/><T27/><D43/><U56/><E131/><V78/><F130/><W17/><G106/><T59/><D59/><U71/><E71/><V19/><F79/><W85/><G85/><T101/><D101/><U110/><E40/><V53/><F53/><W41/><G41/><T83/><REACH who="0" step="1"/><D45/><REACH who="0" ten="247,206,264,273" step="2"/><U128/><E39/><V81/><F78/><W76/><G76/><T70/><D70/><U29/><E128/><V122/><F122/><W121/><G121/><T97/><D97/><U88/><REACH who="1" step="1"/><E37/><REACH who="1" ten="247,196,264,273" step="2"/><V72/><F72/><W112/><G68/><T129/><D129/><U75/><E75/><V58/><F58/><W69/><G112/><RYUUKYOKU ba="0,2" sc="247,15,196,15,264,-15,273,-15" hai0="1,5,11,20,21,22,24,27,28,35,83,87,91" hai1="26,29,32,36,38,56,63,82,86,88,108,110,111" /><INIT seed="7,1,2,2,1,4" ten="262,211,249,258" oya="3" hai0="84,53,46,78,33,123,60,105,64,86,85,45,67" hai1="129,42,77,48,14,135,21,75,115,36,68,8,12" hai2="31,17,99,28,114,7,110,93,59,91,111,19,131" hai3="92,98,23,100,128,1,103,9,126,39,79,10,82"/><W40/><G1/><T13/><D105/><U70/><E36/><V44/><F114/><W41/><G103/><T32/><D123/><U58/><E115/><V49/><F131/><W80/><G128/><T63/><D78/><U102/><E129/><V83/><F59/><W127/><G23/><T55/><D84/><U16/><E135/><V27/><F83/><N who="3" m="31787" /><G79/><T3/><REACH who="0" step="1"/><D13/><REACH who="0" ten="252,211,249,258" step="2"/><U106/><E77/><V5/><F111/><W66/><G127/><T22/><D22/><U101/><E75/><V104/><F110/><W24/><G126/><T134/><D134/><U30/><E106/><V37/><F104/><W122/><G122/><T57/><D57/><U113/><E113/><V61/><F99/><W26/><G98/><T72/><D72/><U0/><E0/><AGARI ba="1,3" hai="0,3,32,33,45,46,53,55,60,63,64,67,85,86" machi="0" ten="25,8000,1" yaku="1,1,22,2,53,2" doraHai="4" doraHaiUra="29" who="0" fromWho="1" sc="252,113,211,-83,249,0,258,0" owari="365,46.0,128,-37.0,249,-15.0,258,6.0" /></mjloggm>