<mjloggm ver="2.3"><GO type="169" lobby="0"/><UN n0="%E5%B0%B1%E6%B4%BB%E7%94%9F%40%E5%B7%9D%E6%9D%91%E8%BB%8D%E5%9B%A3" n1="%E3%82%A2%E3%83%95%E3%83%AA%E3%82%AB" n2="%63%68%6F%6E%6A%69" n3="%E6%B0%B4%E5%93%89%E3%81%AE%E3%83%AC%E3%82%B8%E3%82%A7%E3%83%B3%E3%83%89" dan="17,16,16,16" rate="2162.61,2089.99,2123.43,2066.20" sx="M,M,M,M"/><TAIKYOKU oya="0"/><INIT seed="0,0,0,4,0,0" ten="250,250,250,250" oya="0" hai0="58,129,20,130,81,105,43,117,106,1,56,123,38" hai1="5,69,121,98,32,89,34,15,29,16,11,62,86" hai2="3,7,79,83,60,25,30,41,19,109,125,53,36" hai3="23,101,107,91,108,119,85,13,37,52,110,67,128"/><T132/><D117/><U47/><E121/><V124/><F109/><W76/><G119/><T96/><D123/><U135/><E135/><V63/><F19/><W10/><G37/><T120/><D120/><U9/><E47/><N who="2" m="23975" /><F53/><W40/><G76/><T94/><D132/><U80/><E29/><V112/><F112/><W133/><G133/><T84/><D1/><U71/><E98/><V26/><F63/><W90/><G40/><T42/><D20/><U88/><E89/><V95/><F95/><W24/><G67/><T48/><D38/><U113/><E113/><V35/><F26/><W103/><G128/><N who="0" m="49259" /><D106/><U92/><E92/><V45/><F45/><W8/><G91/><N who="0" m="55391" /><D105/><U18/><E62/><V66/><F60/><W87/><G107/><T99/><D99/><U65/><E65/><V50/><F50/><W75/><G23/><T122/><D122/><U39/><E39/><V115/><F66/><W73/><G108/><T102/><D102/><U59/><E71/><V28/><F115/><W70/><G103/><T72/><D72/><U12/><E69/><V74/><F30/><W111/><G111/><T127/><D127/><U114/><E114/><V27/><F27/><W6/><G24/><T22/><D22/><U17/><REACH who="1" step="1"/><E59/><REACH who="1" ten="250,240,250,250" step="2"/><N who="0" m="22569" /><D48/><U134/><E134/><V116/><F116/><W2/><G70/><T14/><D43/><U51/><E51/><V21/><F35/><AGARI ba="0,1" hai="5,9,11,12,15,16,17,18,32,34,35,80,86,88" machi="35" ten="40,12000,2" yaku="1,1,52,1,54,2,53,3" doraHai="0" doraHaiUra="31" who="1" fromWho="2" sc="250,0,240,130,250,-120,250,0" /><INIT seed="1,0,0,1,4,79" ten="250,370,130,250" oya="1" hai0="63,81,99,66,119,125,35,62,57,122,27,117,132" hai1="86,60,20,78,43,133,89,11,50,110,73,113,131" hai2="16,77,98,97,128,42,72,23,15,34,129,53,69" hai3="30,124,18,10,24,26,38,21,80,28,109,134,19"/><U123/><E113/><V75/><F69/><W112/><G38/><T33/><D122/><U126/><E123/><V31/><F42/><W115/><G80/><T91/><D125/><U74/><E126/><V41/><F41/><W1/><G124/><T5/><D132/><U3/><E133/><V107/><F53/><W13/><G134/><T92/><D5/><U120/><E78/><V83/><F75/><W118/><G109/><T130/><D130/><N who="2" m="50282" /><F107/><W6/><G118/><T100/><D63/><U48/><E60/><V103/><F103/><W54/><G54/><T65/><D65/><U17/><E73/><V102/><F102/><W37/><G37/><T51/><D51/><U22/><E74/><V45/><F45/><W101/><G101/><T8/><D8/><U82/><E50/><V58/><F58/><W94/><G94/><T84/><REACH who="0" step="1"/><D27/><AGARI ba="0,0" hai="15,16,23,27,31,34,72,77,83,97,98" m="50282" machi="27" ten="30,3900,0" yaku="19,1,52,1,54,1" doraHai="79" who="2" fromWho="0" sc="250,-39,370,0,130,39,250,0" /><INIT seed="2,0,0,2,3,8" ten="211,370,169,250" oya="2" hai0="68,24,120,1,7,4,76,102,81,133,94,14,96" hai1="12,64,49,85,122,99,124,103,83,80,20,78,105" hai2="29,119,43,87,35,32,88,26,42,74,84,82,36" hai3="110,115,114,25,45,93,73,18,50,91,100,39,113"/><V60/><F119/><W34/><G39/><T38/><D120/><U28/><E122/><V61/><F74/><W13/><G73/><T27/><D1/><U104/><E124/><V67/><F84/><W79/><G79/><T62/><D133/><U10/><E64/><V112/><F112/><W23/><G110/><T66/><D38/><U44/><E83/><V54/><F35/><W22/><G100/><T41/><D41/><U135/><E135/><V71/><REACH who="2" step="1"/><F36/><REACH who="2" ten="211,370,159,250" step="2"/><W116/><G34/><T30/><D30/><U77/><E28/><V52/><F52/><N who="3" m="29775" /><G116/><T55/><D55/><U121/><E85/><V53/><F53/><W130/><G130/><T95/><D81/><U107/><E80/><V58/><AGARI ba="0,1" hai="26,29,32,42,43,54,58,60,61,67,71,82,87,88" machi="58" ten="30,6000,0" yaku="1,1,0,1,54,1,53,0" doraHai="8" doraHaiUra="75" who="2" fromWho="2" sc="211,-20,370,-20,159,70,250,-20" /><INIT seed="2,1,0,1,3,41" ten="191,350,229,230" oya="2" hai0="44,97,80,126,4,129,117,110,19,134,121,95,28" hai1="89,76,23,132,135,119,124,53,66,60,51,17,7" hai2="123,62,113,59,3,40,85,77,81,130,13,35,56" hai3="122,55,46,114,50,98,103,31,84,78,69,27,112"/><V43/><F123/><W61/><G122/><T22/><D121/><U65/><E119/><V45/><F3/><W30/><G78/><T125/><D117/><U11/><E76/><V12/><F113/><N who="3" m="43627" /><G84/><T96/><D110/><U9/><E124/><N who="0" m="47721" /><D134/><N who="1" m="51243" /><E89/><V115/><F43/><W2/><G2/><T0/><D129/><U91/><E91/><V74/><F130/><W120/><G120/><T54/><D28/><U10/><E60/><V29/><F115/><W36/><G36/><T108/><D108/><U58/><E7/><V79/><F79/><W42/><G27/><AGARI ba="1,0" hai="9,10,11,17,23,27,51,53,58,65,66" m="51243" machi="27" ten="30,1000,0" yaku="20,1" doraHai="41" who="1" fromWho="3" sc="191,0,350,13,229,0,230,-13" /><INIT seed="3,0,0,4,0,72" ten="191,363,229,217" oya="3" hai0="44,76,6,123,127,34,32,135,122,111,50,31,91" hai1="40,56,71,126,75,66,90,39,99,15,115,18,95" hai2="107,98,7,82,21,100,20,62,69,116,14,24,26" hai3="12,119,45,35,110,103,118,60,93,106,74,33,47"/><W49/><G106/><T25/><D34/><U85/><E75/><V65/><F116/><W17/><G74/><T59/><D111/><U102/><E71/><V128/><F128/><W43/><G110/><T8/><D127/><U101/><E126/><V19/><F7/><W2/><G2/><T9/><D135/><U77/><E40/><V83/><REACH who="2" step="1"/><F14/><REACH who="2" ten="191,363,219,217" step="2"/><W68/><G12/><T117/><D117/><U41/><E15/><V114/><F114/><W79/><G118/><T105/><D6/><U3/><E115/><V48/><F48/><W57/><G49/><T30/><D122/><U13/><E13/><V124/><F124/><W132/><G119/><T109/><D123/><U61/><E3/><V1/><F1/><W27/><G132/><T10/><D109/><U63/><E39/><V94/><F94/><W78/><G93/><T120/><D105/><U131/><E95/><V28/><AGARI ba="0,1" hai="19,20,21,24,26,28,62,65,69,82,83,98,100,107" machi="28" ten="20,5200,0" yaku="1,1,0,1,7,1,53,1" doraHai="72" doraHaiUra="96" who="2" fromWho="2" sc="191,-13,363,-13,219,62,217,-26" /><INIT seed="4,0,0,5,4,53" ten="178,350,281,191" oya="0" hai0="82,75,115,117,105,106,120,8,86,51,101,89,38" hai1="116,74,79,15,100,130,57,45,56,112,27,91,83" hai2="5,68,135,52,108,85,80,84,64,12,125,70,78" hai3="98,7,62,123,63,97,59,40,39,46,41,90,55"/><T66/><D38/><U19/><E116/><V34/><F108/><W131/><G131/><T4/><D117/><U92/><E130/><V121/><F121/><W22/><G123/><T33/><D120/><U76/><E76/><V126/><F135/><W32/><G32/><T23/><D33/><U71/><E71/><V20/><F34/><W93/><G7/><T21/><D115/><U14/><E14/><V50/><F85/><W29/><G41/><T16/><D75/><U13/><E13/><V35/><F64/><W118/><G118/><T6/><D66/><U94/><E27/><V60/><F60/><W28/><G98/><T107/><D101/><U133/><E45/><V67/><F67/><W129/><G129/><T31/><D51/><U36/><E36/><V132/><F132/><W58/><REACH who="3" step="1"/><G22/><REACH who="3" ten="178,350,281,181" step="2"/><T122/><D122/><U30/><E133/><V69/><F35/><W110/><G110/><T72/><D72/><U96/><E112/><V10/><REACH who="2" step="1"/><F20/><REACH who="2" ten="178,350,271,181" step="2"/><W124/><G124/><T99/><D23/><U9/><E30/><V2/><F2/><W49/><G49/><T65/><D31/><U113/><E113/><V109/><F109/><W37/><G37/><T88/><D21/><U18/><E18/><V17/><F17/><W47/><G47/><AGARI ba="0,2" hai="5,10,12,47,50,52,68,69,70,78,80,84,125,126" machi="47" ten="40,5200,0" yaku="1,1,54,1,53,1" doraHai="53" doraHaiUra="0" who="2" fromWho="3" sc="178,0,350,0,271,72,181,-52" /><INIT seed="5,0,0,2,4,57" ten="178,350,343,129" oya="1" hai0="42,55,61,14,48,47,99,115,103,41,18,73,12" hai1="122,91,50,100,95,108,117,4,133,38,39,35,59" hai2="118,130,85,71,67,78,24,37,116,40,16,20,7" hai3="102,21,33,128,93,84,13,31,88,105,6,27,82"/><U34/><E117/><V94/><F130/><W123/><G128/><T89/><D73/><U76/><E122/><V51/><F7/><W64/><G123/><T97/><D115/><U23/><E76/><V83/><F51/><W46/><G105/><T58/><D14/><U29/><E100/><V2/><F2/><W74/><G74/><T125/><D125/><U86/><E4/><V87/><F40/><W119/><G119/><T121/><D121/><U62/><E50/><V28/><F37/><W30/><G46/><T131/><D131/><U98/><E35/><V8/><F8/><W107/><G107/><T120/><D120/><U44/><E34/><V15/><F118/><W70/><G33/><T80/><D103/><N who="1" m="60895" /><E44/><V22/><F116/><W79/><G102/><T113/><D113/><U126/><E126/><V112/><F112/><W66/><G31/><T134/><D134/><U129/><E133/><V60/><REACH who="2" step="1"/><F94/><REACH who="2" ten="178,350,333,129" step="2"/><W49/><G49/><T72/><D42/><U43/><E43/><V25/><F25/><W75/><REACH who="3" step="1"/><G70/><REACH who="3" ten="178,350,333,119" step="2"/><T69/><D69/><U132/><E132/><V77/><F77/><W56/><G56/><T32/><D58/><U110/><E129/><V135/><F135/><W81/><G81/><T36/><D80/><N who="1" m="49607" /><E39/><V10/><F10/><AGARI ba="0,2" hai="6,10,13,21,27,30,64,66,75,79,82,84,88,93" machi="10" ten="40,5200,0" yaku="1,1,54,1,53,1" doraHai="57" doraHaiUra="17" who="3" fromWho="2" sc="178,0,350,0,333,-52,119,72" /><INIT seed="6,0,0,0,3,101" ten="178,350,281,191" oya="2" hai0="83,103,125,46,113,128,129,97,44,61,42,22,63" hai1="73,17,89,86,77,108,80,90,15,21,133,54,18" hai2="85,58,8,123,24,51,84,48,124,49,121,119,127" hai3="72,132,102,126,10,78,32,88,53,59,109,11,47"/><V1/><F119/><W110/><G32/><T25/><D113/><U56/><E108/><V31/><F58/><W105/><G47/><T106/><D125/><N who="2" m="48202" /><F8/><W135/><G126/><T99/><D99/><U43/><E43/><V65/><F65/><W120/><G120/><N who="2" m="46153" /><F1/><W117/><G117/><T81/><D63/><N who="1" m="36247" /><E133/><N who="3" m="51274" /><G11/><T79/><D61/><U87/><E73/><V68/><F68/><W111/><G10/><T134/><D134/><U35/><E35/><AGARI ba="0,0" hai="24,31,35,48,49,51,84,85" m="46153,48202" machi="35" ten="40,2000,0" yaku="18,1" doraHai="101" who="2" fromWho="1" sc="178,0,350,-20,281,20,191,0" /><INIT seed="6,1,0,4,5,44" ten="178,330,301,191" oya="2" hai0="134,89,29,86,84,57,64,71,93,52,97,61,33" hai1="36,124,114,31,109,47,26,121,98,62,120,42,9" hai2="74,70,81,111,119,13,56,80,16,51,25,22,21" hai3="3,7,20,65,50,15,68,6,99,45,40,91,27"/><V110/><F70/><W72/><G72/><T129/><D134/><U59/><E109/><N who="2" m="41483" /><F119/><W1/><G1/><T104/><D129/><U112/><E9/><V19/><F74/><W23/><G3/><T54/><D104/><U82/><E82/><V125/><F125/><W76/><G76/><T113/><D113/><N who="1" m="43627" /><E98/><V18/><F19/><N who="3" m="10367" /><G65/><T78/><D78/><U133/><E133/><V53/><AGARI ba="1,0" hai="13,16,18,21,22,25,51,53,56,80,81" m="41483" machi="53" ten="30,6000,0" yaku="10,1,52,1,54,1" doraHai="44" who="2" fromWho="2" sc="178,-21,330,-21,301,63,191,-21" /><INIT seed="6,2,0,0,2,45" ten="157,309,364,170" oya="2" hai0="10,122,29,112,56,19,78,130,58,94,40,44,52" hai1="17,101,24,38,37,117,81,134,86,20,89,85,63" hai2="59,108,115,104,11,135,90,92,73,46,74,0,61" hai3="129,47,48,68,120,43,53,127,16,27,41,22,6"/><V71/><F115/><W105/><G120/><T95/><D122/><U96/><E134/><V103/><F71/><W35/><G105/><T107/><D107/><U18/><E117/><V55/><F135/><W30/><G68/><T66/><D112/><U83/><E63/><V113/><F113/><W60/><G129/><T65/><D130/><U31/><E38/><V100/><F46/><W28/><G127/><T8/><D78/><U12/><E37/><V75/><F104/><W128/><G128/><T106/><D106/><U42/><E42/><V5/><REACH who="2" step="1"/><F108/><REACH who="2" ten="157,309,354,170" step="2"/><W99/><G47/><T87/><D44/><U76/><E12/><V36/><F36/><W124/><G124/><T79/><D40/><U70/><E70/><V116/><F116/><W39/><G41/><T110/><D110/><U51/><E24/><V119/><F119/><W118/><G43/><T72/><D58/><U91/><E76/><V21/><F21/><W32/><G22/><T93/><D72/><U131/><E20/><V13/><F13/><W111/><G39/><T62/><D29/><U69/><E69/><V102/><F102/><W57/><G30/><T125/><D125/><U84/><E31/><V4/><F4/><W15/><G6/><T126/><D126/><U2/><E131/><V77/><F77/><W54/><G111/><T33/><D33/><U133/><E133/><V50/><F50/><W64/><G118/><T3/><D3/><U25/><E51/><V123/><F123/><W80/><G35/><T14/><D8/><U67/><E2/><V26/><F26/><W9/><G48/><RYUUKYOKU ba="2,1" sc="157,15,309,-15,354,15,170,-15" hai0="10,14,19,52,56,62,65,66,79,87,93,94,95" hai2="0,5,11,55,59,61,73,74,75,90,92,100,103" /><INIT seed="6,3,1,5,0,55" ten="172,294,369,155" oya="2" hai0="102,105,36,86,129,52,13,107,47,119,54,66,49" hai1="70,82,96,23,10,114,71,24,115,21,89,88,22" hai2="106,128,4,7,98,62,111,81,83,108,112,132,35" hai3="109,15,100,133,65,68,77,85,44,39,38,123,14"/><V118/><F118/><W124/><G109/><N who="2" m="42057" /><F112/><N who="1" m="43049" /><E10/><V6/><F132/><W126/><G123/><T73/><D73/><U63/><E63/><V99/><F128/><W135/><G100/><T29/><D119/><U117/><E117/><V34/><F62/><N who="3" m="39991" /><G77/><T90/><D129/><U12/><E12/><N who="3" m="4650" /><G85/><T79/><D36/><N who="3" m="13865" /><G44/><T67/><D79/><U19/><E71/><V131/><F106/><W78/><G78/><T110/><D110/><U127/><E70/><V59/><F59/><W1/><G1/><T28/><D105/><U50/><E24/><V42/><F42/><W57/><G57/><T87/><D107/><U75/><E75/><V120/><F120/><W95/><G95/><T37/><D37/><U45/><E82/><N who="2" m="31243" /><F131/><W64/><G64/><N who="0" m="24619" /><D102/><U26/><E26/><V16/><F16/><W27/><G27/><T60/><D13/><U93/><E19/><V74/><F74/><W69/><G69/><T0/><D0/><U31/><E31/><N who="0" m="11849" /><D90/><U84/><E89/><V30/><F30/><W46/><G46/><T5/><D5/><U51/><E45/><V3/><F3/><W8/><G8/><T134/><D134/><AGARI ba="3,1" hai="124,126,133,134,135" m="13865,4650,39991" machi="134" ten="40,1300,0" yaku="20,1" doraHai="55" who="3" fromWho="0" sc="172,-22,294,0,369,0,155,32" /><INIT seed="7,0,0,0,5,60" ten="150,294,369,187" oya="3" hai0="91,115,111,89,62,90,126,59,118,66,114,3,76" hai1="97,6,36,131,68,64,108,29,120,72,81,110,75" hai2="102,40,92,54,23,67,47,86,127,113,125,43,37" hai3="93,119,107,77,101,73,50,10,99,1,17,25,32"/><W12/><G119/><T16/><D111/><U49/><E49/><V103/><F54/><W38/><G38/><T11/><D118/><U78/><E120/><V116/><F43/><W88/><G1/><T133/><D133/><U4/><E131/><V57/><F113/><N who="0" m="43018" /><D126/><N who="2" m="48138" /><F23/><W42/><G73/><T95/><D76/><U55/><E55/><V130/><F130/><W18/><G77/><T135/><D135/><U46/><E29/><V27/><F27/><W85/><G32/><T128/><D128/><U82/><E78/><V24/><F24/><W84/><G25/><T105/><D105/><U2/><E2/><V106/><F106/><W41/><G84/><N who="0" m="52647" /><D16/><U83/><E75/><V14/><F14/><W87/><G87/><T9/><D9/><U7/><E72/><V22/><F22/><W53/><REACH who="3" step="1"/><G18/><REACH who="3" ten="150,294,369,177" step="2"/><T58/><D58/><AGARI ba="0,1" hai="10,12,17,41,42,50,53,58,85,88,93,99,101,107" machi="58" ten="30,11600,0" yaku="1,1,2,1,7,1,54,1,53,0" doraHai="60" doraHaiUra="34" who="3" fromWho="0" sc="150,-116,294,0,369,0,177,126" /><INIT seed="7,1,0,2,2,109" ten="34,294,369,303" oya="3" hai0="94,79,112,22,126,67,85,50,120,107,53,130,1" hai1="32,62,65,131,20,36,34,4,93,74,72,111,51" hai2="105,11,13,15,71,27,70,7,61,14,17,3,35" hai3="43,21,122,118,89,102,19,76,64,57,123,37,47"/><W121/><G118/><T78/><D107/><U77/><E36/><V96/><F105/><W59/><G102/><T84/><D1/><U12/><E111/><V133/><F96/><W116/><G116/><T9/><D120/><U54/><E131/><V44/><F44/><W39/><G76/><T82/><D126/><U114/><E114/><V46/><F46/><W5/><G5/><T75/><D130/><U101/><E34/><V110/><F110/><W113/><G113/><T56/><D112/><U129/><E32/><V58/><F133/><W87/><G64/><T88/><D67/><U60/><E129/><V28/><REACH who="2" step="1"/><F17/><REACH who="2" ten="34,294,359,303" step="2"/><W83/><REACH who="3" step="1"/><G39/><REACH who="3" ten="34,294,359,293" step="2"/><T128/><D128/><U80/><E4/><V23/><F23/><W2/><G2/><T41/><D9/><U42/><E20/><V117/><F117/><W86/><G86/><T108/><D108/><U98/><E74/><V45/><F45/><W81/><G81/><T135/><D135/><U31/><E80/><V91/><F91/><W18/><G18/><T63/><D75/><U6/><E72/><V68/><F68/><W99/><G99/><T49/><D41/><U127/><E98/><V26/><F26/><AGARI ba="1,2" hai="19,21,26,37,43,47,57,59,83,87,89,121,122,123" machi="26" ten="40,2000,0" yaku="1,1,53,0" doraHai="109" doraHaiUra="106" who="3" fromWho="2" sc="34,0,294,0,359,-23,293,43" /><INIT seed="7,2,0,3,2,109" ten="34,294,336,336" oya="3" hai0="23,16,114,84,0,133,95,62,43,135,102,134,99" hai1="50,47,83,93,11,108,56,105,120,54,12,130,60" hai2="40,46,75,30,45,82,86,2,77,110,36,22,59" hai3="29,39,3,107,98,71,116,128,31,33,68,121,122"/><W74/><RYUUKYOKU type="yao9" ba="2,0" sc="34,0,294,0,336,0,336,0" hai3="3,29,31,33,39,68,71,74,98,107,116,121,122,128" /><INIT seed="7,3,0,4,2,134" ten="34,294,336,336" oya="3" hai0="44,42,88,46,34,48,78,115,19,100,7,133,53" hai1="37,122,101,18,33,85,15,31,77,6,58,20,123" hai2="55,102,106,117,16,104,9,119,32,81,84,108,96" hai3="57,49,12,121,118,22,91,4,38,63,23,65,25"/><W61/><G38/><T43/><D133/><U66/><E37/><V111/><F106/><W54/><G121/><T109/><D34/><U80/><E101/><V14/><F32/><W64/><G118/><T107/><D109/><U11/><E66/><N who="3" m="25706" /><G91/><T30/><D115/><U59/><E123/><V130/><F130/><W79/><G79/><T56/><D107/><U74/><E122/><V27/><F27/><W40/><G40/><T69/><D69/><U39/><E39/><V103/><F103/><W62/><G25/><T98/><D78/><U21/><E74/><V113/><F113/><W47/><G47/><T71/><D71/><U51/><E33/><V13/><F13/><W131/><G131/><T99/><D7/><U114/><E114/><V35/><F35/><W110/><G110/><T120/><D120/><U76/><E76/><V135/><F135/><W8/><AGARI ba="3,0" hai="4,8,12,22,23,49,54,57,61,62,63" m="25706" machi="8" ten="30,1500,0" yaku="8,1" doraHai="134" who="3" fromWho="3" sc="34,-8,294,-8,336,-8,336,24" owari="26,-47.0,286,-11.0,328,13.0,360,45.0" /></mjloggm>