<mjloggm ver="2.3"><GO type="169" lobby="0"/><UN n0="%52%E3%82%B9%E3%83%A9%E3%83%83%E3%82%B0" n1="%E5%B0%B1%E6%B4%BB%E7%94%9F%40%E5%B7%9D%E6%9D%91%E8%BB%8D%E5%9B%A3" n2="%6C%65%62%65%73%67%75%65" n3="%79%6F%73%68%69%72%6F%75" dan="16,17,16,16" rate="2007.81,2204.31,2025.23,2185.34" sx="M,M,M,M"/><TAIKYOKU oya="0"/><INIT seed="0,0,0,0,3,55" ten="250,250,250,250" oya="0" hai0="96,105,108,47,111,38,82,18,17,73,114,2,33" hai1="123,132,69,36,77,93,133,28,75,65,57,52,118" hai2="16,9,89,109,51,98,122,116,78,41,25,120,102" hai3="100,66,40,80,24,72,76,121,27,130,124,85,22"/><T15/><D33/><U61/><E123/><V34/><F109/><N who="0" m="42058" /><D2/><U58/><E118/><V126/><F78/><W43/><G124/><T30/><D30/><U50/><E28/><V97/><F126/><W125/><G130/><T49/><D38/><U110/><E110/><V88/><F116/><W5/><G125/><T35/><D35/><U67/><E36/><V20/><F34/><W37/><G121/><T31/><D31/><U11/><E11/><V8/><F122/><W135/><G135/><N who="1" m="51786" /><E93/><N who="2" m="58703" /><F120/><W63/><G72/><T6/><D6/><U48/><E67/><V107/><F107/><W32/><G32/><T4/><D4/><U81/><E50/><V45/><F97/><W79/><G5/><T128/><D96/><U83/><E81/><V0/><F0/><W131/><G37/><T103/><D82/><U94/><E94/><V91/><AGARI ba="0,0" hai="8,9,16,20,25,41,45,51,88,89,91" m="58703" machi="91" ten="30,4000,0" yaku="8,1,54,2" doraHai="55" who="2" fromWho="2" sc="250,-20,250,-10,250,40,250,-10" /><INIT seed="1,0,0,4,4,59" ten="230,240,290,240" oya="1" hai0="30,35,84,67,73,4,97,51,34,121,79,66,107" hai1="77,93,0,113,105,62,29,12,27,42,111,9,129" hai2="16,44,50,25,81,65,63,120,53,92,33,47,115" hai3="123,39,89,100,80,130,49,2,70,6,32,125,57"/><U21/><E105/><V101/><F120/><W45/><G123/><T60/><D73/><U43/><E113/><V22/><F115/><W17/><G70/><T103/><D121/><U1/><E129/><V117/><F117/><W15/><G32/><T31/><D4/><U26/><E77/><V71/><F33/><W91/><G125/><T40/><D66/><U28/><E111/><V14/><F81/><W82/><G39/><T86/><D86/><U5/><E93/><V131/><F131/><W78/><G100/><T112/><D112/><U74/><E74/><V11/><F47/><W128/><G57/><T116/><D116/><U24/><E62/><V88/><F101/><W37/><G37/><T13/><D13/><U23/><E43/><V64/><F64/><W58/><G58/><T118/><D118/><U72/><E42/><V87/><REACH who="2" step="1"/><F11/><REACH who="2" ten="230,240,280,240" step="2"/><W75/><G130/><T18/><D35/><N who="1" m="20871" /><E72/><V36/><F36/><W135/><G128/><T132/><D34/><U68/><E68/><V41/><F41/><W10/><G82/><T20/><D40/><U102/><E102/><V122/><F122/><W109/><G109/><T3/><D103/><U54/><E54/><V108/><F108/><W119/><G119/><T61/><D67/><U98/><E98/><V83/><F83/><W95/><G80/><T85/><D97/><U69/><E69/><V99/><F99/><W46/><G46/><T76/><D20/><U124/><E124/><V134/><F134/><W126/><G135/><T55/><D132/><U114/><E114/><V38/><F38/><W7/><G126/><RYUUKYOKU ba="0,1" sc="230,-15,240,15,280,15,240,-15" hai1="0,1,5,9,12,21,23,26,27,29" hai2="14,16,22,25,44,50,53,63,65,71,87,88,92" /><INIT seed="1,1,1,2,3,13" ten="215,255,295,225" oya="1" hai0="112,108,17,102,101,37,76,40,97,125,8,33,120" hai1="55,134,39,116,23,14,94,88,91,4,126,115,96" hai2="0,5,81,132,68,127,56,32,21,29,57,54,114" hai3="119,22,3,36,64,51,50,24,124,59,10,18,26"/><U31/><E116/><V25/><F68/><W15/><G36/><T100/><D33/><U12/><E39/><V62/><F132/><W60/><G124/><T27/><D112/><U46/><E115/><V70/><F114/><W52/><G119/><T105/><D125/><U90/><E134/><V80/><F70/><W30/><G3/><T135/><D135/><U1/><E1/><V121/><F121/><W131/><G131/><T45/><D108/><U9/><E126/><V84/><F127/><W82/><G82/><T111/><D111/><U83/><E83/><V129/><F129/><W98/><G98/><T128/><D128/><U103/><E46/><V47/><F47/><W28/><REACH who="3" step="1"/><G64/><REACH who="3" ten="215,255,295,215" step="2"/><T6/><D120/><U44/><E55/><V118/><F118/><W58/><G58/><T87/><D97/><U2/><E44/><V86/><F57/><W66/><G66/><T11/><D45/><U63/><E63/><V48/><F62/><W61/><G61/><T104/><D104/><U78/><E78/><V77/><F81/><W20/><AGARI ba="1,2" hai="10,15,18,20,22,24,26,28,30,50,51,52,59,60" machi="20" ten="20,12000,2" yaku="1,1,0,1,7,1,9,1,8,1,52,1,54,1,53,0" doraHai="13" doraHaiUra="99" who="3" fromWho="3" sc="215,-31,255,-61,295,-31,215,143" /><INIT seed="2,0,0,3,5,118" ten="184,194,264,358" oya="2" hai0="28,66,24,69,80,86,40,78,10,106,84,5,45" hai1="1,117,46,17,63,87,49,105,30,58,54,107,133" hai2="51,97,89,37,0,76,35,82,126,103,112,120,41" hai3="12,4,132,79,50,104,26,62,20,3,23,39,11"/><V38/><F112/><W90/><G39/><T127/><D106/><U61/><E117/><V115/><F115/><W70/><G104/><T14/><D127/><U60/><E1/><V33/><F126/><W124/><G124/><T128/><D128/><U98/><E133/><V91/><F0/><W56/><G132/><T88/><D66/><U125/><E125/><V83/><F120/><W93/><G3/><T6/><D69/><U81/><E30/><V16/><F51/><W77/><G50/><T22/><D6/><U85/><E85/><V72/><F16/><N who="3" m="12551" /><G23/><T130/><D130/><U55/><E105/><V68/><F68/><W129/><G70/><T7/><D7/><U121/><E121/><V95/><F89/><W131/><G131/><T43/><REACH who="0" step="1"/><D45/><REACH who="0" ten="174,194,264,358" step="2"/><U18/><E107/><V73/><F73/><W99/><G129/><T36/><D36/><U48/><REACH who="1" step="1"/><E98/><REACH who="1" ten="174,184,264,358" step="2"/><V119/><F72/><W64/><AGARI ba="0,2" hai="4,11,12,56,62,64,77,79,90,93,99" m="12551" machi="64" ten="30,2000,0" yaku="8,1,54,1" doraHai="118" who="3" fromWho="3" sc="174,-5,184,-5,264,-10,358,40" /><INIT seed="3,0,0,2,1,120" ten="169,179,254,398" oya="3" hai0="103,121,116,122,16,74,53,55,29,135,0,4,9" hai1="45,10,81,73,88,43,102,114,61,86,71,128,64" hai2="50,70,100,5,19,134,59,11,3,34,60,66,79" hai3="118,2,119,111,101,52,80,72,46,49,91,87,65"/><W129/><G2/><T112/><D74/><U89/><E128/><V56/><F134/><W82/><G129/><T130/><D116/><U75/><E114/><V93/><F34/><W124/><G124/><T131/><D103/><U25/><E102/><V99/><F79/><W97/><G65/><T115/><D29/><U132/><E132/><V40/><F40/><W113/><G113/><N who="0" m="43595" /><D135/><U95/><E25/><V17/><F50/><W20/><G111/><T13/><D130/><U69/><E10/><V1/><F1/><W42/><G20/><N who="0" m="11279" /><D131/><U62/><E62/><V24/><F24/><W37/><G80/><T125/><D125/><U23/><E23/><V76/><F76/><W127/><G72/><T63/><D63/><U78/><E89/><V107/><F19/><W18/><G18/><T54/><AGARI ba="0,0" hai="0,4,9,53,54,55,121,122" m="11279,43595" machi="54" ten="30,2000,0" yaku="11,1,54,1" doraHai="120" who="0" fromWho="0" sc="169,20,179,-5,254,-5,398,-10" /><INIT seed="4,0,0,4,2,22" ten="189,174,249,388" oya="0" hai0="88,84,109,89,41,86,21,92,76,124,54,2,0" hai1="14,33,36,64,57,135,45,49,87,81,1,37,47" hai2="103,10,8,30,16,34,119,128,68,100,26,78,83" hai3="20,79,66,55,134,13,5,118,114,77,129,25,107"/><T123/><D123/><U51/><E1/><V72/><F128/><W18/><G118/><T11/><D124/><U62/><E33/><V97/><F119/><W95/><G107/><T44/><D109/><U133/><E14/><V59/><F68/><W52/><G114/><T23/><D76/><N who="3" m="29257" /><G134/><N who="1" m="51210" /><E87/><V104/><F103/><W61/><G129/><T43/><D54/><N who="3" m="20521" /><G95/><T96/><D96/><U42/><E81/><V108/><F108/><W69/><G69/><T131/><D131/><U67/><E67/><V27/><REACH who="2" step="1"/><F59/><REACH who="2" ten="189,174,239,388" step="2"/><N who="3" m="37183" /><G5/><T126/><D44/><U93/><E93/><V99/><F99/><W58/><G58/><T121/><D92/><U110/><E110/><V73/><F73/><W35/><G35/><T71/><D71/><U40/><AGARI ba="0,1" hai="36,37,40,42,45,47,49,51,57,62,64" m="51210" machi="40" ten="30,4000,0" yaku="20,1,34,2" doraHai="22" who="1" fromWho="1" sc="189,-20,174,50,239,-10,388,-10" /><INIT seed="5,0,0,0,1,82" ten="169,224,229,378" oya="1" hai0="24,43,29,119,18,13,128,107,56,54,125,104,70" hai1="50,113,16,30,65,5,124,0,20,87,32,92,8" hai2="79,132,4,126,40,102,74,109,129,38,27,93,88" hai3="127,67,84,66,45,22,91,19,21,37,3,14,106"/><U83/><E113/><V103/><F109/><W35/><G35/><T115/><D70/><U28/><E124/><V133/><F126/><W89/><G127/><T47/><D125/><U118/><E118/><V71/><F71/><W33/><G33/><T31/><D115/><U81/><E65/><V9/><F129/><W78/><G3/><T95/><D119/><U6/><E6/><V80/><F27/><W85/><G106/><T41/><D128/><U51/><E83/><V58/><F58/><W42/><G78/><T25/><D104/><U114/><E114/><V112/><F112/><W86/><REACH who="3" step="1"/><G22/><REACH who="3" ten="169,224,229,368" step="2"/><T96/><D107/><U12/><E32/><V57/><F133/><W75/><G75/><T53/><D31/><U44/><E30/><V73/><F73/><W69/><G69/><T7/><D29/><U59/><E28/><V1/><F132/><W64/><AGARI ba="0,1" hai="14,19,21,37,42,45,64,66,67,84,85,86,89,91" machi="64" ten="30,8000,1" yaku="1,1,0,1,52,3,53,0" doraHai="82" doraHaiUra="52" who="3" fromWho="3" sc="169,-20,224,-40,229,-20,368,90" /><INIT seed="6,0,0,4,4,8" ten="149,184,209,458" oya="2" hai0="129,4,7,3,134,30,51,63,89,21,97,77,123" hai1="94,2,66,5,108,111,59,64,54,22,9,56,131" hai2="92,99,114,11,102,116,69,121,26,17,115,36,135" hai3="109,10,100,122,44,133,49,107,34,61,60,40,15"/><V103/><F116/><W55/><G109/><T48/><D123/><U57/><E131/><V14/><F121/><W85/><G122/><T35/><D35/><U20/><E54/><V68/><F36/><W93/><G34/><T118/><D118/><U128/><E128/><V117/><F117/><W130/><G133/><T33/><D33/><U62/><E94/><V78/><F135/><W39/><G107/><T95/><D129/><U19/><E22/><V27/><F78/><W23/><G23/><T75/><D134/><U52/><E64/><V46/><F46/><W6/><G130/><T29/><D75/><U110/><REACH who="1" step="1"/><E66/><REACH who="1" ten="149,174,209,458" step="2"/><V13/><F69/><W87/><G100/><T70/><D21/><U73/><E73/><V112/><F68/><W98/><G98/><T83/><D97/><U119/><E119/><V90/><F103/><W25/><G25/><AGARI ba="0,1" hai="2,5,9,19,20,25,52,56,57,59,62,108,110,111" machi="25" ten="40,2600,0" yaku="1,1,54,1,53,0" doraHai="8" doraHaiUra="101" who="1" fromWho="3" sc="149,0,174,36,209,0,458,-26" /><INIT seed="7,0,0,2,4,21" ten="149,210,209,432" oya="3" hai0="127,131,55,52,8,116,47,81,126,97,134,77,38" hai1="17,117,36,107,72,83,58,104,94,96,121,92,25" hai2="62,129,33,65,115,29,89,90,16,12,44,78,102" hai3="45,15,70,60,98,135,51,76,3,18,31,9,128"/><W24/><G128/><T130/><D116/><U41/><E121/><V56/><F129/><N who="0" m="49162" /><D97/><U64/><E92/><V0/><F0/><W101/><G135/><T20/><D8/><U105/><E41/><V37/><F115/><W48/><G76/><T10/><D10/><U87/><E36/><V67/><F102/><W53/><G3/><T22/><D134/><U111/><E111/><V6/><F6/><W93/><G51/><N who="0" m="28799" /><D38/><U132/><E132/><V123/><F123/><W119/><G119/><T122/><D122/><U112/><E72/><V19/><F78/><W73/><G73/><T40/><D40/><U46/><E96/><V23/><F19/><W100/><G100/><T95/><D95/><U88/><E17/><V71/><F37/><W32/><REACH who="3" step="1"/><G60/><REACH who="3" ten="149,210,209,422" step="2"/><T80/><D77/><U75/><E75/><V39/><F62/><W61/><G61/><T34/><D34/><U68/><E117/><V86/><F33/><W26/><G26/><T114/><D114/><U4/><E25/><V63/><F63/><W30/><G30/><T106/><D106/><U28/><E28/><V49/><F29/><W109/><G109/><T85/><D55/><U69/><E112/><V50/><F89/><W110/><G110/><T59/><D59/><U11/><E105/><V57/><F56/><W13/><G13/><T103/><D103/><U43/><E107/><V91/><F57/><W74/><G74/><T108/><D108/><U113/><E104/><V66/><F91/><W42/><G42/><T7/><D7/><U54/><E113/><V1/><F90/><W99/><G99/><RYUUKYOKU ba="0,1" sc="149,-10,210,-10,209,-10,422,30" hai3="9,15,18,24,31,32,45,48,53,70,93,98,101" owari="139,-36.0,200,0.0,199,-20.0,462,56.0" /></mjloggm>