<mjloggm ver="2.3"><GO type="169" lobby="0"/><UN n0="%E3%81%BE%E3%82%8B%E3%81%9F%E3%82%8D%E3%81%86" n1="%E8%85%90%E7%94%9F%E8%B1%9A%E3%82%B3%E3%83%84%E3%83%9C%E3%83%BC" n2="%E3%82%A6%E3%83%AB%E3%83%88%E3%83%A9%E7%AB%8B%E7%9B%B4" n3="%E3%81%BE%E3%81%AA%E3%81%84%E3%81%9F%E3%82%88%E3%81%86%E3%81%98%E3%82%87" dan="17,16,18,16" rate="2118.77,2123.68,2207.88,2078.82" sx="F,M,M,M"/><TAIKYOKU oya="0"/><INIT seed="0,0,0,1,1,23" ten="250,250,250,250" oya="0" hai0="25,93,109,117,107,112,10,3,8,14,71,12,56" hai1="102,30,123,50,134,4,98,15,45,29,43,75,59" hai2="17,55,65,114,47,36,62,68,19,89,85,108,13" hai3="86,87,119,76,126,63,58,39,111,84,5,127,91"/><T52/><D112/><U42/><E123/><V6/><F114/><W21/><G39/><T24/><D117/><U99/><E75/><V16/><F108/><W82/><G119/><T34/><D107/><U110/><E110/><V83/><F6/><W57/><G111/><T27/><D71/><U35/><E134/><V97/><F97/><W41/><G41/><T135/><D109/><U72/><E72/><V115/><F115/><W92/><G5/><N who="0" m="3151" /><D3/><U132/><E132/><V70/><F70/><W1/><G1/><T37/><D37/><U103/><E43/><V46/><F46/><W88/><G21/><T33/><D33/><U113/><E113/><V67/><F67/><W121/><G121/><T128/><D34/><U101/><E15/><V51/><REACH who="2" step="1"/><F36/><REACH who="2" ten="250,250,240,250" step="2"/><W20/><G127/><T106/><D135/><U77/><E4/><V118/><F118/><W125/><G126/><T130/><D106/><U78/><E99/><V74/><F74/><W48/><G125/><T80/><D80/><U81/><E81/><V44/><F44/><W49/><G82/><T9/><D93/><U54/><E98/><V122/><F122/><W133/><G92/><T53/><D56/><U116/><E116/><V104/><F104/><W40/><G58/><T7/><D8/><AGARI ba="0,1" hai="8,13,16,17,19,47,51,55,62,65,68,83,85,89" machi="8" ten="30,8000,1" yaku="1,1,7,1,25,2,54,1,53,0" doraHai="23" doraHaiUra="95" who="2" fromWho="0" sc="250,-80,250,0,240,90,250,0" /><INIT seed="1,0,0,5,1,135" ten="170,250,330,250" oya="1" hai0="25,90,27,63,117,37,20,0,94,50,123,107,52" hai1="67,93,130,134,70,118,115,108,3,47,21,82,6" hai2="31,79,127,111,125,73,61,97,104,77,46,59,17" hai3="86,78,101,11,34,114,4,129,35,32,43,81,131"/><U103/><E134/><V122/><F122/><W116/><G114/><T95/><D123/><U80/><E118/><V7/><F31/><W57/><G116/><T5/><D37/><U39/><E115/><V75/><F7/><W33/><G101/><T24/><D107/><U44/><E130/><N who="3" m="49674" /><G57/><T51/><D117/><U124/><E21/><V89/><F17/><W110/><G110/><T102/><D63/><U106/><E106/><V132/><F46/><W55/><G55/><T45/><D0/><U8/><E108/><V38/><F38/><W100/><G100/><T41/><D5/><U113/><E113/><V23/><F23/><W49/><G32/><T30/><D102/><U72/><E82/><V99/><F132/><W53/><G53/><T92/><REACH who="0" step="1"/><D90/><REACH who="0" ten="160,250,330,250" step="2"/><U87/><E103/><V68/><F89/><W13/><G49/><T58/><AGARI ba="0,1" hai="20,24,25,27,30,41,45,50,51,52,58,92,94,95" machi="58" ten="30,8000,1" yaku="1,1,2,1,0,1,8,1,54,1,53,0" doraHai="135" doraHaiUra="60" who="0" fromWho="0" sc="160,90,250,-40,330,-20,250,-20" /><INIT seed="2,0,0,3,0,36" ten="250,210,310,230" oya="2" hai0="78,58,62,53,111,46,41,14,91,76,110,1,102" hai1="40,31,27,82,93,83,126,130,4,23,124,84,72" hai2="121,73,43,2,98,32,10,33,105,92,129,96,117" hai3="100,6,18,114,123,56,97,71,103,12,108,134,118"/><V89/><F121/><W116/><G118/><T16/><D1/><U81/><E72/><V50/><F73/><W34/><G116/><T125/><D102/><U57/><E130/><V51/><F129/><W35/><G123/><T47/><D47/><U52/><E4/><V15/><F2/><W26/><G108/><N who="0" m="41515" /><D91/><U38/><E93/><V65/><F65/><W64/><G71/><T30/><D30/><U122/><E84/><V3/><F3/><W101/><G134/><T61/><D61/><U42/><E38/><V7/><F117/><W75/><G75/><T44/><D44/><U9/><E9/><V0/><F0/><W106/><G6/><T54/><D54/><U8/><E8/><V63/><F63/><W68/><G56/><T45/><D45/><U87/><E87/><V107/><F98/><W66/><G66/><T37/><D125/><N who="1" m="48235" /><E122/><V128/><F128/><W109/><G103/><T74/><D74/><U99/><E99/><V86/><F96/><W13/><G101/><T69/><D69/><U131/><E131/><V49/><F107/><W88/><G100/><T67/><D67/><U135/><E135/><V5/><F105/><W112/><G97/><T113/><D113/><U24/><E24/><V20/><F5/><W127/><G106/><T119/><D119/><U104/><E104/><V90/><F90/><W21/><G88/><T22/><AGARI ba="0,0" hai="14,16,22,37,41,46,53,58,62,76,78" m="41515" machi="22" ten="30,4000,0" yaku="14,1,52,1,54,1" doraHai="36" who="0" fromWho="0" sc="250,40,210,-10,310,-20,230,-10" /><INIT seed="3,0,0,3,5,41" ten="290,200,290,220" oya="3" hai0="82,45,51,15,6,22,60,84,100,65,20,18,42" hai1="16,77,70,43,107,126,92,130,36,35,27,13,97" hai2="118,88,86,32,38,114,122,56,55,5,106,131,68" hai3="48,78,29,3,21,109,104,14,11,23,85,52,26"/><W98/><G3/><T12/><D100/><U73/><E107/><V28/><F68/><W4/><G109/><T99/><D99/><U113/><E113/><V117/><F106/><W59/><G104/><T7/><D12/><U103/><E70/><V127/><F114/><W8/><G98/><T63/><D22/><U1/><E1/><V19/><F5/><N who="0" m="1546" /><D65/><U133/><E133/><V125/><F38/><W81/><REACH who="3" step="1"/><G8/><REACH who="3" ten="290,200,290,210" step="2"/><T128/><D128/><U87/><E130/><V105/><F105/><W61/><G61/><T102/><D102/><U24/><E97/><V53/><F131/><W121/><G121/><T89/><AGARI ba="0,1" hai="15,18,20,42,45,51,60,63,82,84,89" m="1546" machi="89" ten="30,2000,0" yaku="8,1,52,1" doraHai="41" who="0" fromWho="0" sc="290,30,200,-5,290,-5,210,-10" /><INIT seed="4,0,0,1,1,118" ten="320,195,285,200" oya="0" hai0="44,112,93,134,14,103,119,94,49,0,104,123,56" hai1="114,7,129,20,48,72,73,42,43,125,59,116,77" hai2="53,113,31,22,52,80,26,102,15,25,108,84,128" hai3="99,120,29,35,83,38,105,88,82,3,87,54,27"/><T21/><D119/><U71/><E116/><V32/><F108/><W39/><G3/><T57/><D0/><U13/><E71/><V60/><F128/><W62/><G82/><T95/><D112/><U50/><E129/><V67/><F113/><W55/><G120/><T91/><D123/><U74/><E114/><V86/><F15/><W16/><G55/><T45/><D45/><U30/><E125/><V124/><F102/><W10/><G54/><T5/><D134/><U96/><E77/><V41/><F41/><W4/><G62/><T63/><D104/><U101/><E50/><V78/><F86/><W46/><G46/><T9/><D21/><U110/><E110/><V37/><F37/><W132/><G132/><T28/><D28/><U6/><E43/><V47/><F47/><W117/><G117/><T33/><D33/><U107/><E42/><V64/><F64/><W130/><G130/><T115/><D103/><U2/><E2/><V127/><F127/><W66/><G66/><N who="0" m="39271" /><D57/><U8/><E7/><V133/><F133/><W65/><G4/><T19/><D5/><U131/><E131/><V68/><REACH who="2" step="1"/><F124/><REACH who="2" ten="320,195,275,200" step="2"/><W121/><G65/><T75/><D115/><U106/><E74/><V90/><F90/><W1/><G1/><T100/><D75/><U97/><E73/><V24/><F24/><W126/><G126/><T122/><D122/><U85/><E72/><V23/><F23/><W92/><G121/><T89/><D100/><N who="1" m="62727" /><E85/><V51/><F51/><W58/><G39/><T79/><D79/><U61/><E48/><V98/><F98/><W18/><G99/><RYUUKYOKU ba="0,1" sc="320,15,195,-15,275,15,200,-15" hai0="9,14,19,44,49,89,91,93,94,95" hai2="22,25,26,31,32,52,53,60,67,68,78,80,84" /><INIT seed="4,1,1,2,4,37" ten="335,180,290,185" oya="0" hai0="55,104,29,57,105,79,103,89,111,108,41,60,91" hai1="48,106,71,100,19,36,127,64,96,49,43,114,99" hai2="7,69,47,77,76,59,128,52,44,56,51,24,32" hai3="70,109,12,0,125,20,6,75,119,13,68,46,131"/><T54/><D79/><N who="2" m="30282" /><F32/><W84/><G75/><T101/><D29/><U17/><E127/><V97/><F69/><W118/><G109/><T53/><D53/><U82/><E82/><V123/><F123/><W66/><G84/><T50/><D50/><U93/><E114/><V80/><F128/><W134/><G131/><T45/><D57/><U62/><E49/><N who="2" m="28735" /><F7/><W78/><G78/><T112/><D112/><U39/><E39/><V98/><F24/><W85/><G85/><T63/><REACH who="0" step="1"/><D45/><REACH who="0" ten="325,180,290,185" step="2"/><U135/><E36/><V5/><F59/><W31/><G46/><T110/><D110/><U26/><E48/><V3/><F56/><W22/><G31/><T116/><D116/><U33/><E71/><V120/><F51/><W117/><G70/><T130/><D130/><U10/><E62/><V129/><F44/><W1/><G117/><T88/><D88/><U83/><E64/><V23/><F129/><W8/><G66/><T94/><D94/><U30/><E30/><V58/><F58/><W81/><G68/><T9/><D9/><U95/><E10/><V115/><F115/><W38/><G8/><T34/><D34/><U67/><E33/><V2/><F120/><W40/><G118/><T42/><AGARI ba="1,2" hai="41,42,54,55,60,63,89,91,101,103,104,105,108,111" machi="42" ten="25,24000,3" yaku="1,1,0,1,22,2,52,2,53,2" doraHai="37" doraHaiUra="102" who="0" fromWho="0" sc="325,263,180,-81,290,-81,185,-81" /><INIT seed="4,2,0,1,3,77" ten="588,99,209,104" oya="0" hai0="39,10,71,47,102,7,53,27,40,66,94,6,30" hai1="103,135,115,57,24,67,86,50,61,14,4,105,19" hai2="125,74,32,78,110,44,73,55,68,33,36,130,122" hai3="96,106,107,28,60,29,80,26,31,126,101,123,72"/><T109/><D6/><U22/><E135/><V48/><F55/><W124/><G123/><T25/><D109/><U87/><E115/><V13/><F48/><W9/><G106/><T121/><D121/><U79/><E105/><V129/><F13/><W62/><G9/><T75/><D75/><U1/><E103/><V131/><F44/><W93/><G93/><T34/><D25/><U85/><E1/><V49/><F49/><W134/><G134/><T12/><D71/><U42/><E42/><V64/><F78/><N who="3" m="44103" /><G26/><T83/><D66/><U17/><E50/><V51/><F51/><W119/><G119/><T92/><D53/><U46/><E46/><V116/><F64/><W11/><G11/><T69/><D69/><U54/><E4/><V84/><F33/><W89/><G89/><T63/><D63/><U100/><E100/><V108/><F129/><W38/><G38/><T90/><D102/><U15/><E24/><V59/><F131/><W23/><G23/><T2/><D12/><U76/><REACH who="1" step="1"/><E54/><REACH who="1" ten="588,89,209,104" step="2"/><V0/><F110/><W127/><AGARI ba="2,1" hai="28,29,31,60,62,96,101,107,124,126,127" m="44103" machi="127" ten="40,2700,0" yaku="18,1,52,1" doraHai="77" who="3" fromWho="3" sc="588,-15,89,-9,209,-9,104,43" /><INIT seed="5,0,0,0,5,67" ten="573,80,200,147" oya="1" hai0="18,112,45,62,50,33,125,8,47,55,63,115,19" hai1="22,132,106,70,11,114,38,12,86,75,35,104,121" hai2="84,130,64,66,56,119,65,31,95,73,27,101,123" hai3="76,116,127,57,128,99,59,40,133,117,6,118,37"/><U2/><RYUUKYOKU type="yao9" ba="0,0" sc="573,0,80,0,200,0,147,0" hai1="2,11,12,22,35,38,70,75,86,104,106,114,121,132" /><INIT seed="5,1,0,0,4,48" ten="573,80,200,147" oya="1" hai0="31,22,50,37,91,73,33,106,21,98,13,38,104" hai1="134,105,8,51,109,118,14,111,19,10,82,81,92" hai2="131,107,17,90,20,55,34,89,114,101,76,44,128" hai3="26,40,47,129,77,59,97,53,56,126,42,86,120"/><U45/><E105/><V112/><F34/><W35/><G120/><T135/><D73/><U123/><E123/><V24/><F76/><W28/><G129/><N who="2" m="49737" /><F101/><W80/><G126/><T115/><D33/><U130/><E130/><V110/><F107/><W108/><G108/><N who="1" m="41546" /><E118/><V119/><F119/><W125/><G125/><T72/><D72/><U116/><E116/><V121/><F121/><W132/><G132/><T58/><D135/><U95/><E134/><V84/><F110/><W43/><REACH who="3" step="1"/><G97/><REACH who="3" ten="573,80,200,137" step="2"/><T41/><D98/><U49/><E8/><V23/><F114/><W64/><G64/><T16/><D115/><U113/><E113/><V100/><F112/><W78/><G78/><T99/><D99/><U75/><E75/><V69/><F100/><W62/><G62/><T46/><D91/><U79/><E79/><V9/><F90/><W6/><G6/><T18/><D106/><U32/><E32/><V15/><F89/><W12/><G12/><T96/><D96/><U103/><E103/><V29/><F9/><W67/><G67/><T25/><D104/><U65/><E65/><V117/><F117/><W74/><G74/><T124/><D124/><U87/><E87/><V85/><F85/><W133/><G133/><T1/><D13/><U7/><E7/><V30/><F84/><W93/><G93/><T71/><D25/><U102/><E102/><V61/><F24/><W68/><G68/><T2/><D71/><U39/><E95/><V127/><F127/><W5/><G5/><T63/><D63/><U83/><E92/><V4/><F4/><W36/><G36/><RYUUKYOKU ba="1,1" sc="573,-15,80,15,200,-15,137,15" hai1="10,14,19,39,45,49,51,81,82,83" hai3="26,28,35,40,42,43,47,53,56,59,77,80,86" /><INIT seed="5,2,1,2,3,68" ten="558,95,185,152" oya="1" hai0="89,121,130,111,110,65,82,95,25,92,12,63,19" hai1="124,94,114,13,103,28,113,59,107,36,108,126,54" hai2="39,20,18,117,42,98,51,2,102,101,5,73,35" hai3="15,14,129,55,127,47,69,66,8,4,84,30,7"/><U56/><E107/><V115/><F117/><W29/><G129/><T52/><D130/><U116/><E116/><V125/><F35/><W88/><G127/><N who="1" m="48682" /><E108/><V23/><F73/><W33/><G69/><T109/><D121/><U119/><E119/><V128/><F128/><W86/><G66/><T122/><D122/><U6/><E28/><V76/><F76/><W58/><G47/><T100/><D100/><U96/><E36/><V80/><F80/><N who="3" m="49159" /><G33/><T48/><D111/><U57/><E54/><V85/><F39/><W132/><G86/><T37/><D37/><U64/><E64/><V26/><F42/><W41/><G41/><T70/><D65/><U53/><E53/><V133/><F125/><W16/><G132/><T9/><D70/><U93/><E93/><V112/><F133/><W105/><G105/><T49/><D95/><U106/><E106/><V62/><F115/><N who="1" m="44041" /><E13/><V79/><F112/><W131/><G131/><T104/><D104/><U78/><E78/><V67/><F79/><W10/><G4/><AGARI ba="2,1" hai="4,6,56,57,59,94,96,103" m="44041,48682" machi="4" ten="40,3900,0" yaku="18,1,15,1" doraHai="68" who="1" fromWho="3" sc="558,0,95,55,185,0,152,-45" /><INIT seed="5,3,0,5,4,110" ten="558,150,185,107" oya="1" hai0="11,115,7,75,31,126,125,47,96,109,37,93,29" hai1="1,25,127,119,24,56,77,22,43,35,57,107,81" hai2="69,84,53,27,103,54,10,97,48,132,73,99,78" hai3="64,20,101,70,66,58,8,86,45,111,129,130,124"/><U41/><E119/><V71/><F73/><W38/><G111/><T98/><D75/><U21/><E1/><V46/><F132/><W121/><G121/><T122/><D109/><U2/><E2/><V94/><F27/><W50/><G101/><T5/><D122/><U116/><E116/><V117/><F117/><W4/><G20/><T55/><D93/><U39/><E107/><V91/><F10/><W19/><G19/><T52/><D47/><U12/><E127/><V105/><F54/><W3/><G124/><T42/><D11/><U26/><E35/><V32/><F32/><W106/><G106/><T95/><D95/><U135/><E135/><V90/><F78/><W13/><G3/><T17/><D17/><N who="1" m="10407" /><E39/><V61/><F61/><W87/><G66/><T133/><D37/><U108/><E108/><V40/><F40/><N who="1" m="15433" /><E22/><V104/><F104/><W16/><G38/><T62/><D42/><U83/><E77/><V15/><F15/><W67/><G70/><T114/><D133/><U28/><E28/><V0/><F0/><W128/><G4/><T134/><D134/><U14/><E14/><V34/><F34/><W92/><G92/><AGARI ba="3,0" hai="46,48,53,69,71,84,90,91,92,94,97,99,103,105" machi="92" ten="30,1000,0" yaku="7,1" doraHai="110" who="2" fromWho="3" sc="558,0,150,0,185,19,107,-19" /><INIT seed="6,0,0,3,3,4" ten="558,150,204,88" oya="2" hai0="6,94,52,90,7,58,44,115,45,1,28,27,60" hai1="124,125,80,26,67,47,10,105,130,20,74,12,95" hai2="43,71,62,92,0,19,68,91,103,49,111,122,57" hai3="22,21,69,131,14,107,82,9,109,110,116,89,42"/><V15/><F0/><W31/><G116/><T101/><D101/><U36/><E105/><V84/><F122/><W93/><G107/><T83/><D83/><U29/><E130/><V99/><F43/><W100/><G131/><T54/><D115/><U72/><E67/><V133/><F133/><W85/><G69/><T34/><D1/><U128/><E128/><V16/><F19/><W113/><G113/><T81/><D81/><U75/><E80/><V3/><F3/><W121/><G121/><T98/><D45/><U73/><E95/><V5/><F5/><W104/><G104/><T96/><D96/><U76/><E76/><V55/><F62/><W97/><G42/><T78/><D78/><U87/><E87/><V70/><F111/><W135/><G135/><T66/><D54/><U32/><E47/><V77/><F77/><W126/><G126/><T53/><D53/><U48/><E48/><V134/><F134/><W13/><G22/><T46/><D46/><U64/><E64/><V61/><F61/><W65/><G65/><T118/><D118/><U63/><E63/><V11/><F71/><W102/><G102/><T51/><AGARI ba="0,0" hai="6,7,27,28,34,44,51,52,58,60,66,90,94,98" machi="51" ten="30,2000,0" yaku="0,1,54,1" doraHai="4" who="0" fromWho="0" sc="558,20,150,-5,204,-10,88,-5" /><INIT seed="7,0,0,1,1,3" ten="578,145,194,83" oya="3" hai0="93,94,115,38,66,9,62,135,12,55,56,21,59" hai1="125,79,130,89,2,114,58,104,74,14,96,47,110" hai2="112,124,132,129,72,49,73,36,102,90,28,63,0" hai3="121,13,24,84,119,1,10,22,101,117,60,11,50"/><W92/><G121/><T70/><D38/><U95/><E2/><V78/><F36/><W131/><G131/><T17/><D135/><U16/><E130/><V118/><F73/><W69/><G1/><T7/><D115/><U34/><E34/><V6/><F72/><W4/><G50/><N who="0" m="30839" /><D70/><U48/><E58/><V103/><F49/><W54/><G11/><T8/><D8/><U134/><E114/><V105/><F112/><W75/><G75/><T41/><D41/><U25/><E25/><AGARI ba="0,0" hai="7,9,12,17,21,25,59,62,66,93,94" m="30839" machi="25" ten="30,2000,0" yaku="8,1,52,1" doraHai="3" who="0" fromWho="1" sc="578,20,145,-20,194,0,83,0" owari="598,70.0,125,-27.0,194,-1.0,83,-42.0" /></mjloggm>