<mjloggm ver="2.3"><GO type="169" lobby="0"/><UN n0="%6B%61%6E%65%6E" n1="%70%61%72%61%6F%6E%64%65" n2="%E5%B0%B1%E6%B4%BB%E7%94%9F%40%E5%B7%9D%E6%9D%91%E8%BB%8D%E5%9B%A3" n3="%E9%BB%92%E7%8C%AB%40%E3%81%BA%E3%82%8D%E3%81%BA%E3%82%8D%E2%98%86" dan="16,16,17,18" rate="2018.35,2117.38,2171.12,2209.88" sx="M,M,M,F"/><TAIKYOKU oya="0"/><INIT seed="0,0,0,5,5,1" ten="250,250,250,250" oya="0" hai0="17,0,122,100,60,130,4,29,25,128,78,110,95" hai1="10,98,7,9,35,76,49,53,108,120,133,54,48" hai2="96,5,115,90,106,105,81,30,73,36,33,72,27" hai3="57,42,11,65,129,132,97,2,62,71,114,103,92"/><T21/><D78/><U50/><E120/><V77/><F115/><W118/><G114/><T24/><D122/><U93/><E35/><V46/><F73/><W59/><G118/><T102/><D60/><U18/><E108/><V125/><F125/><W131/><G42/><T112/><D112/><U101/><E133/><V104/><F90/><W22/><G22/><T74/><D74/><U135/><E135/><V55/><F55/><W85/><G132/><T86/><D110/><U56/><E76/><V117/><F117/><W16/><G85/><T68/><D68/><U70/><E70/><V26/><F26/><W8/><G8/><N who="0" m="2055" /><D86/><U61/><E18/><V52/><F52/><N who="1" m="20073" /><E7/><V79/><F79/><W94/><G94/><T134/><D95/><U80/><E80/><V119/><F119/><W15/><REACH who="3" step="1"/><G2/><REACH who="3" ten="250,250,250,240" step="2"/><T6/><D134/><U89/><E101/><V14/><F14/><W107/><G107/><T87/><D87/><U41/><E41/><V20/><F20/><W23/><G23/><N who="0" m="15519" /><D100/><U28/><E98/><V83/><F83/><W109/><G109/><T84/><D102/><U67/><E93/><V64/><F96/><W126/><G126/><T34/><D84/><U121/><E121/><V47/><F36/><W43/><G43/><T37/><D34/><U116/><E116/><V31/><F105/><W32/><G32/><T123/><D37/><U38/><E38/><V39/><F106/><W13/><G13/><T19/><D123/><U75/><E75/><V58/><F104/><W45/><G45/><N who="2" m="16905" /><F39/><W40/><G40/><T127/><D127/><U3/><E3/><RYUUKYOKU ba="0,1" sc="250,-10,250,-10,250,-10,240,30" hai3="11,15,16,57,59,62,65,71,92,97,103,129,131" /><INIT seed="1,1,1,4,4,8" ten="240,240,240,270" oya="1" hai0="88,125,30,43,37,67,89,130,78,84,23,53,82" hai1="75,115,39,100,16,22,63,59,5,46,121,58,107" hai2="68,98,103,36,0,57,104,41,26,81,80,123,66" hai3="27,61,95,135,77,24,134,73,70,62,124,101,113"/><U91/><E115/><V96/><F123/><W19/><G113/><T47/><D67/><U102/><E75/><V54/><F0/><W32/><G124/><T42/><D125/><U4/><E121/><V116/><F116/><W21/><G77/><T44/><D130/><U108/><E107/><V131/><F131/><W72/><G101/><N who="1" m="39018" /><E39/><V105/><F66/><W60/><G95/><T14/><D53/><U51/><E91/><V110/><F68/><W83/><G83/><T52/><D52/><N who="1" m="34247" /><E59/><V29/><F98/><W10/><G10/><T49/><REACH who="0" step="1"/><D30/><REACH who="0" ten="230,240,240,270" step="2"/><U9/><E108/><V55/><F55/><W94/><G70/><T35/><D35/><U17/><E9/><V13/><F110/><W90/><G32/><T99/><D99/><U7/><E22/><V87/><F105/><W3/><G62/><T12/><D12/><U31/><E31/><V33/><F13/><N who="3" m="9455" /><G61/><T18/><AGARI ba="1,2" hai="14,18,23,37,42,43,44,47,49,78,82,84,88,89" machi="18" ten="30,7900,0" yaku="1,1,0,1,52,1,54,1,53,0" doraHai="8" doraHaiUra="127" who="0" fromWho="0" sc="230,102,240,-40,240,-21,270,-21" /><INIT seed="2,0,0,1,2,55" ten="332,200,219,249" oya="2" hai0="109,37,44,74,96,67,88,4,53,18,33,101,5" hai1="108,62,14,15,58,0,106,128,83,130,126,78,40" hai2="94,52,124,34,133,119,9,27,127,25,54,134,111" hai3="38,100,41,45,8,77,122,89,131,35,1,69,105"/><V23/><F119/><W99/><G89/><T90/><D74/><U36/><E106/><V47/><F34/><W31/><G131/><N who="1" m="50218" /><E0/><V80/><F111/><W95/><G95/><T68/><D109/><U61/><E108/><V123/><F123/><W102/><G102/><T112/><D33/><U10/><E126/><N who="2" m="48171" /><F9/><W98/><G98/><T135/><D112/><U84/><E61/><V118/><F118/><W66/><G77/><T32/><D32/><U129/><N who="1" m="50226" /><U75/><DORA hai="17" /><E36/><V107/><F107/><W43/><G43/><T117/><D67/><N who="1" m="39383" /><E40/><V16/><F94/><W26/><G122/><T57/><D68/><U97/><E97/><V79/><F27/><W110/><G110/><T13/><D37/><U86/><E14/><V6/><F6/><AGARI ba="0,0" hai="6,10,15,75,78,83,84,86" m="39383,50226" machi="6" ten="40,2600,0" yaku="19,1,52,1" doraHai="55,17" who="1" fromWho="2" sc="332,0,200,26,219,-26,249,0" /><INIT seed="3,0,0,0,2,120" ten="332,226,193,249" oya="3" hai0="115,127,11,130,49,93,85,134,54,55,109,101,92" hai1="71,33,64,95,50,23,118,106,18,131,82,40,59" hai2="3,56,132,13,25,9,78,133,60,19,129,34,26" hai3="117,2,43,90,77,94,20,72,48,123,112,126,24"/><W97/><G123/><T36/><D36/><U89/><E71/><V128/><F78/><W46/><G117/><T66/><D66/><U8/><E33/><V14/><F60/><W91/><G112/><T15/><D115/><U113/><E106/><V84/><F84/><W6/><G126/><T10/><D127/><U100/><E100/><V111/><F56/><W45/><G72/><T61/><D61/><U124/><E82/><V63/><F63/><W35/><G35/><T5/><D55/><U110/><E59/><V69/><F69/><W135/><G135/><N who="2" m="51785" /><F3/><W79/><G6/><T73/><D73/><U31/><E64/><V81/><F81/><W122/><G2/><T29/><D134/><U22/><E40/><V38/><F38/><W68/><G68/><T67/><D67/><U42/><E50/><V16/><F111/><W116/><G116/><T17/><D109/><U108/><E42/><V103/><F103/><W62/><G122/><T86/><D101/><U7/><E118/><V114/><F114/><W4/><G62/><T75/><D75/><U121/><E121/><V32/><F32/><W83/><G45/><T96/><D85/><U28/><E124/><V44/><F44/><W80/><G80/><T51/><D86/><U98/><E113/><V37/><F37/><W76/><G83/><T87/><D87/><U12/><E108/><V119/><F119/><W52/><G90/><T125/><D125/><U105/><E110/><V53/><F53/><W57/><G4/><T102/><D5/><U21/><E105/><V47/><F47/><W99/><G46/><RYUUKYOKU ba="0,0" sc="332,0,226,0,193,0,249,0" /><INIT seed="4,1,0,3,4,32" ten="332,226,193,249" oya="0" hai0="68,14,98,75,46,134,3,50,97,80,79,0,5" hai1="99,117,91,88,59,107,130,2,131,100,81,33,93" hai2="111,57,113,17,7,77,28,96,24,43,15,4,63" hai3="54,53,18,124,112,13,71,30,127,114,37,128,121"/><T69/><D134/><U45/><E33/><V39/><F113/><N who="3" m="43627" /><G128/><N who="1" m="49194" /><E2/><V62/><F111/><W52/><G71/><T109/><D109/><U44/><E117/><V104/><F77/><W6/><G37/><T10/><D69/><U27/><E27/><V106/><F63/><W72/><G72/><T85/><D68/><U118/><E118/><V70/><F70/><W94/><G121/><T122/><D122/><U55/><E81/><V92/><F43/><W41/><G41/><N who="0" m="24911" /><D75/><U19/><E19/><V61/><F61/><W42/><G42/><T132/><D132/><U103/><E103/><V38/><F38/><W65/><G65/><T116/><D116/><U74/><E74/><V105/><F39/><W25/><G94/><T8/><D8/><U95/><E95/><V31/><F17/><W102/><G6/><T126/><D126/><N who="3" m="48169" /><G102/><T21/><D21/><U120/><E120/><V66/><F15/><W64/><G64/><T9/><D9/><U108/><E108/><V78/><F31/><W133/><G133/><T83/><D83/><U87/><E91/><V90/><REACH who="2" step="1"/><F78/><REACH who="2" ten="332,226,183,249" step="2"/><W60/><G60/><AGARI ba="1,1" hai="44,45,55,59,60,87,88,93,99,100,107" m="49194" machi="60" ten="30,2000,0" yaku="19,1,54,1" doraHai="32" who="1" fromWho="3" sc="332,0,226,33,183,0,249,-23" /><INIT seed="5,0,0,0,2,97" ten="332,259,183,226" oya="1" hai0="87,59,47,9,4,86,90,113,131,74,77,26,27" hai1="46,8,52,85,17,76,122,92,2,102,99,72,129" hai2="84,37,124,105,28,118,101,93,30,29,130,61,88" hai3="18,39,70,71,121,57,75,36,98,68,58,60,116"/><U38/><E122/><V20/><F118/><W127/><G75/><T115/><D74/><U112/><E72/><V33/><F37/><N who="3" m="14411" /><G98/><T0/><D47/><U42/><E112/><N who="0" m="43081" /><D131/><U53/><E129/><V95/><F124/><W104/><G18/><T6/><D6/><U73/><E73/><V120/><F120/><W107/><G121/><T19/><D19/><U114/><E114/><V135/><F135/><W54/><G107/><T45/><D45/><U11/><E11/><V110/><F110/><W41/><G104/><T123/><D123/><U132/><E132/><V133/><F133/><W119/><G41/><T67/><D86/><U89/><E76/><V16/><F130/><W109/><G109/><T22/><D77/><U48/><E38/><V82/><F33/><W83/><G83/><N who="0" m="49535" /><D22/><U64/><E64/><V78/><F61/><AGARI ba="0,0" hai="0,4,9,26,27,59,61,67" m="49535,43081" machi="61" ten="30,1000,0" yaku="15,1" doraHai="97" who="0" fromWho="2" sc="332,10,259,0,183,-10,226,0" /><INIT seed="6,0,0,1,3,49" ten="342,259,173,226" oya="2" hai0="47,34,65,131,132,11,116,95,74,108,0,114,18" hai1="130,38,64,13,53,6,126,76,51,102,118,98,119" hai2="133,94,117,37,30,100,36,80,45,32,105,82,66" hai3="103,3,35,115,8,52,28,19,20,33,106,27,67"/><V9/><F117/><W60/><G115/><T26/><D65/><U120/><E38/><V14/><F133/><W46/><G106/><T12/><D47/><U24/><E64/><V77/><F105/><W83/><G103/><T23/><D74/><U22/><E126/><V55/><F66/><W125/><G125/><T112/><D95/><U73/><E130/><V31/><F37/><W85/><G3/><T21/><D131/><U129/><E129/><V43/><F32/><W135/><G135/><T128/><D128/><U107/><E120/><V63/><F94/><W2/><G2/><T15/><D132/><U5/><E76/><V17/><F100/><W75/><G75/><T97/><D97/><U39/><E39/><V123/><F123/><W68/><G8/><N who="0" m="6407" /><D0/><U110/><E110/><V93/><F93/><W72/><G72/><T54/><D54/><U109/><E109/><V57/><REACH who="2" step="1"/><F77/><REACH who="2" ten="342,259,163,226" step="2"/><W79/><G35/><T62/><D116/><U96/><E107/><V29/><AGARI ba="0,1" hai="9,14,17,29,30,31,36,43,45,55,57,63,80,82" machi="29" ten="30,12000,1" yaku="1,1,2,1,0,1,52,1,53,1" doraHai="49" doraHaiUra="7" who="2" fromWho="2" sc="342,-40,259,-40,163,130,226,-40" /><INIT seed="6,1,0,1,5,114" ten="302,219,293,186" oya="2" hai0="37,89,7,39,82,0,30,96,97,41,109,55,31" hai1="66,49,5,116,76,98,95,57,126,60,131,85,26" hai2="78,127,36,117,81,6,1,68,50,91,121,3,135" hai3="42,29,115,129,71,38,24,32,87,44,94,12,72"/><V18/><F36/><W62/><G72/><T34/><D109/><U123/><E5/><V27/><F68/><W47/><G115/><T9/><D34/><U80/><E131/><V110/><F91/><W48/><G129/><T130/><D130/><U108/><E108/><V54/><F6/><W83/><G94/><T86/><D41/><U102/><E126/><V20/><F121/><W132/><G132/><T23/><D39/><U113/><E113/><V22/><F135/><W93/><G93/><T13/><D37/><U10/><E10/><V21/><F127/><W99/><G99/><N who="0" m="37963" /><D0/><U25/><E123/><V100/><F100/><W64/><G12/><N who="0" m="5183" /><D55/><U53/><REACH who="1" step="1"/><E116/><REACH who="1" ten="302,209,293,186" step="2"/><V35/><F117/><W45/><REACH who="3" step="1"/><G38/><REACH who="3" ten="302,209,293,176" step="2"/><T63/><D82/><U92/><E92/><V16/><F110/><W14/><G14/><T40/><D13/><U51/><E51/><V67/><F1/><W88/><AGARI ba="1,2" hai="24,29,32,42,44,45,47,48,62,64,71,83,87,88" machi="88" ten="20,5200,0" yaku="1,1,0,1,7,1,54,1,53,0" doraHai="114" doraHaiUra="119" who="3" fromWho="3" sc="302,-14,209,-14,293,-27,176,75" /><INIT seed="7,0,0,2,3,30" ten="288,195,266,251" oya="3" hai0="22,68,78,70,129,88,46,13,48,87,86,98,49" hai1="115,125,28,34,65,67,73,118,89,66,93,36,35" hai2="44,97,11,109,94,116,23,103,40,5,117,122,12" hai3="39,85,119,134,59,71,32,41,18,63,99,31,43"/><W75/><G75/><T69/><D78/><U25/><E73/><V21/><F109/><W80/><G119/><T29/><D98/><U47/><E118/><V51/><F122/><W77/><G134/><T6/><D129/><U17/><E115/><V54/><F116/><W61/><G39/><T95/><D48/><U91/><E125/><V128/><F128/><W7/><G7/><T107/><D107/><U27/><E91/><V120/><F120/><W16/><G71/><T112/><D112/><U42/><E27/><V121/><F121/><W45/><G32/><T92/><D6/><U52/><E17/><V56/><REACH who="2" step="1"/><F117/><REACH who="2" ten="288,195,256,251" step="2"/><W114/><G114/><T26/><D13/><U124/><E124/><V8/><F8/><W104/><G104/><T53/><REACH who="0" step="1"/><D87/><REACH who="0" ten="278,195,256,251" step="2"/><U123/><E123/><V84/><F84/><W57/><G85/><T130/><D130/><U2/><E2/><V76/><F76/><W1/><G77/><T72/><D72/><U37/><E37/><AGARI ba="0,2" hai="5,11,12,21,23,37,40,44,51,54,56,94,97,103" machi="37" ten="30,2000,0" yaku="1,1,7,1,53,0" doraHai="30" doraHaiUra="14" who="2" fromWho="1" sc="278,0,195,-20,256,40,251,0" /><INIT seed="8,0,0,4,3,98" ten="278,175,296,251" oya="0" hai0="59,60,10,21,55,50,15,51,56,80,37,62,26" hai1="105,127,45,43,100,5,84,61,33,73,3,79,85" hai2="38,1,29,12,86,122,117,120,116,34,13,67,75" hai3="82,48,18,133,4,41,110,112,96,111,42,9,64"/><T125/><D37/><U70/><E33/><V92/><F75/><W81/><G112/><T113/><D113/><U91/><E127/><V35/><F38/><W58/><G133/><T123/><D125/><U83/><E70/><V128/><F67/><W68/><G68/><T6/><D123/><N who="2" m="47146" /><F128/><W20/><G81/><T7/><D80/><U40/><E61/><V132/><F132/><W99/><G99/><T129/><D6/><U106/><E85/><V39/><F39/><W103/><G82/><T0/><D0/><U102/><E3/><V131/><F1/><W87/><G87/><T28/><D129/><U52/><E5/><V88/><F131/><W65/><G65/><AGARI ba="0,0" hai="7,10,15,21,26,28,50,51,55,56,59,60,62,65" machi="65" ten="30,2900,0" yaku="7,1,8,1" doraHai="98" who="0" fromWho="3" sc="278,29,175,0,296,0,251,-29" owari="307,40.0,175,-32.0,296,10.0,222,-18.0" /></mjloggm>