<mjloggm ver="2.3"><GO type="169" lobby="0"/><UN n0="%77%61%77%61%33%30%33%30" n1="%E3%82%A6%E3%83%AB%E3%83%88%E3%83%A9%E7%AB%8B%E7%9B%B4" n2="%74%61%74%73%75%37%30%32" n3="%E4%B8%87%E7%82%B9%E5%9D%8A" dan="17,18,16,16" rate="2186.94,2218.92,2132.38,2061.73" sx="M,M,M,M"/><TAIKYOKU oya="0"/><INIT seed="0,0,0,0,0,116" ten="250,250,250,250" oya="0" hai0="12,10,103,62,13,92,108,23,82,81,96,0,75" hai1="39,15,124,57,6,85,84,14,101,37,26,87,91" hai2="66,80,1,71,73,5,102,118,105,20,111,126,131" hai3="61,77,25,117,56,44,67,2,113,28,59,4,3"/><T35/><D35/><U58/><E101/><V19/><F118/><W88/><G117/><T70/><D108/><U109/><E91/><V36/><F111/><W125/><G77/><T74/><D0/><U51/><E109/><V94/><F105/><W8/><G113/><T24/><D13/><N who="1" m="4619" /><E26/><V98/><F36/><N who="1" m="13897" /><E6/><V16/><F126/><W34/><G3/><T115/><D115/><U52/><E52/><V121/><F131/><W63/><G125/><T89/><D75/><U99/><E99/><V123/><F20/><W41/><G44/><T68/><D74/><U127/><E51/><V106/><F94/><W47/><G47/><T29/><D103/><U69/><E69/><V18/><F66/><W9/><G41/><T134/><D134/><U43/><E43/><V32/><F71/><W76/><G76/><T64/><REACH who="0" step="1"/><D70/><REACH who="0" ten="240,250,250,250" step="2"/><U42/><E127/><V78/><REACH who="2" step="1"/><F32/><REACH who="2" ten="240,250,240,250" step="2"/><W50/><G34/><T104/><D104/><U22/><E124/><V79/><F79/><W129/><G129/><T122/><D122/><U55/><E22/><V120/><F120/><W49/><G2/><T93/><D93/><U33/><E33/><V17/><N who="2" m="4096" /><DORA hai="65" /><V97/><F97/><W72/><G72/><T135/><D135/><U45/><E87/><V130/><F130/><W38/><G9/><AGARI ba="0,2" hai="1,5,9,73,78,80,98,102,106,121,123" m="4096" machi="9" ten="50,8000,1" yaku="1,1,52,2,54,1,53,0" doraHai="116,65" doraHaiUra="54,133" who="2" fromWho="3" sc="240,0,250,0,240,100,250,-80" /><INIT seed="1,0,0,2,0,71" ten="240,250,340,170" oya="1" hai0="15,3,90,111,88,122,62,9,54,107,79,37,112" hai1="89,70,118,120,85,116,48,68,45,121,27,126,33" hai2="26,92,78,46,86,69,117,101,130,132,131,14,76" hai3="104,40,63,61,12,39,124,29,59,77,43,110,113"/><U95/><E33/><V17/><F69/><N who="1" m="26729" /><E27/><V31/><F132/><W8/><G113/><T4/><D112/><U65/><E95/><V30/><F117/><N who="1" m="45161" /><E89/><N who="2" m="53303" /><F46/><W21/><G104/><T49/><D107/><U13/><E13/><V123/><F123/><N who="1" m="47177" /><E85/><V56/><F56/><W87/><G59/><T99/><D15/><U114/><E65/><V102/><F131/><W93/><G93/><T128/><D90/><U105/><E105/><V0/><F130/><W2/><G87/><T6/><D88/><U129/><E129/><V55/><F55/><W23/><G12/><T24/><D24/><U106/><E106/><V36/><F0/><W66/><G2/><T125/><D3/><U74/><E74/><V38/><F26/><W119/><G66/><T96/><D128/><U57/><E114/><V84/><F84/><W7/><G119/><T41/><D122/><U34/><E34/><V42/><F78/><W127/><G23/><T135/><D79/><U35/><E35/><V50/><F76/><W32/><G21/><T115/><D115/><U98/><E98/><V58/><F101/><W75/><G77/><T20/><D99/><U83/><E83/><V53/><F102/><W60/><G75/><T1/><D96/><U72/><E72/><V5/><F5/><W108/><G32/><T82/><D4/><U109/><E126/><V67/><F67/><W25/><G127/><T91/><D125/><U94/><E94/><V73/><F73/><W52/><G124/><T18/><D6/><U97/><E97/><V64/><F64/><W133/><G7/><T28/><D1/><RYUUKYOKU ba="0,0" sc="240,0,250,0,340,0,170,0" /><INIT seed="2,1,0,4,5,21" ten="240,250,340,170" oya="2" hai0="35,120,79,90,96,135,101,66,28,39,56,88,99" hai1="61,113,73,117,40,108,69,80,49,1,24,134,27" hai2="123,95,71,57,105,55,85,68,2,9,22,124,20" hai3="19,106,16,41,26,94,65,98,77,63,50,43,60"/><V76/><F123/><W119/><G119/><T104/><D120/><U75/><E1/><V18/><F105/><W89/><G106/><T72/><D39/><U133/><E117/><V118/><F118/><W38/><G38/><T33/><D135/><N who="1" m="51723" /><E113/><V14/><F124/><W17/><G77/><T67/><D79/><N who="1" m="44143" /><E75/><V34/><F34/><W3/><G3/><T12/><D72/><U29/><E29/><V44/><F44/><N who="3" m="25871" /><G43/><T109/><D109/><U93/><E93/><V31/><F76/><W46/><G46/><T25/><D33/><U81/><E81/><V47/><F47/><W74/><G74/><T126/><D126/><U8/><E108/><V54/><F55/><W51/><G51/><T7/><D96/><U15/><E49/><N who="2" m="30927" /><F2/><W45/><G45/><T10/><REACH who="0" step="1"/><D56/><REACH who="0" ten="230,250,340,170" step="2"/><U32/><E32/><V37/><F37/><W42/><G98/><T23/><D23/><U62/><E40/><V97/><F9/><W48/><G42/><T121/><D121/><U131/><E131/><V78/><F71/><W6/><G65/><AGARI ba="1,1" hai="7,10,12,25,28,35,65,66,67,88,90,99,101,104" machi="65" ten="40,5200,0" yaku="1,1,52,1,54,1,53,0" doraHai="21" doraHaiUra="128" who="0" fromWho="3" sc="230,65,250,0,340,0,170,-55" /><INIT seed="3,0,0,5,5,103" ten="295,250,340,115" oya="3" hai0="115,0,22,17,69,53,84,56,50,119,129,130,26" hai1="94,20,93,109,80,106,111,114,27,99,42,68,4" hai2="9,117,5,76,43,91,55,58,105,116,125,86,90" hai3="11,83,1,7,12,52,100,10,21,41,108,57,110"/><W104/><G41/><T60/><D0/><U135/><E68/><V127/><F43/><W134/><G134/><T102/><D119/><U82/><E4/><V47/><F47/><W33/><G33/><T25/><D102/><N who="1" m="62815" /><E42/><V65/><F105/><W78/><G21/><T35/><D84/><U23/><E114/><V64/><F76/><W112/><G112/><T49/><D115/><U97/><E94/><V131/><F91/><W34/><G34/><T73/><D73/><U120/><E23/><V123/><F123/><W16/><G100/><T3/><D3/><U66/><E66/><V62/><F65/><W44/><G44/><T6/><D6/><U45/><E45/><V85/><F85/><W107/><G108/><N who="1" m="41546" /><E120/><V92/><F64/><W77/><G77/><T29/><REACH who="0" step="1"/><D69/><REACH who="0" ten="285,250,340,115" step="2"/><U28/><E135/><V38/><F116/><W79/><G110/><T113/><D113/><U14/><E97/><V95/><F117/><W63/><REACH who="3" step="1"/><G78/><REACH who="3" ten="285,250,340,105" step="2"/><T36/><D36/><U121/><E121/><V18/><F38/><W72/><AGARI ba="0,2" hai="1,7,10,11,12,16,52,57,63,72,79,83,104,107" machi="72" ten="20,24000,3" yaku="1,1,2,1,0,1,7,1,52,2,54,2,53,0" doraHai="103" doraHaiUra="126" who="3" fromWho="3" sc="285,-80,250,-80,340,-80,105,260" /><INIT seed="3,1,0,4,3,23" ten="205,170,260,365" oya="3" hai0="4,67,93,100,43,122,48,110,83,99,21,55,18" hai1="69,75,113,70,45,13,14,22,111,97,50,65,84" hai2="44,36,74,56,1,68,53,98,42,95,88,31,109" hai3="132,116,28,131,103,76,104,119,114,127,72,66,133"/><W90/><G66/><T41/><D110/><U102/><E75/><V6/><F109/><W25/><G114/><T123/><D4/><U9/><E111/><V33/><F74/><W60/><G60/><T106/><D67/><U58/><E113/><V35/><F68/><W105/><G90/><T39/><D39/><U10/><E84/><V3/><F6/><W92/><G92/><T12/><D106/><N who="3" m="41065" /><G103/><T129/><D129/><U37/><E37/><V52/><F53/><W71/><G71/><T117/><D117/><U126/><E58/><V64/><F64/><W112/><G112/><T46/><REACH who="0" step="1"/><D83/><REACH who="0" ten="195,170,260,365" step="2"/><U40/><E65/><V27/><REACH who="2" step="1"/><F35/><REACH who="2" ten="195,170,250,365" step="2"/><N who="3" m="20879" /><G119/><T118/><D118/><U87/><E70/><V85/><F85/><W2/><G116/><T80/><D80/><U26/><E69/><V135/><F135/><W96/><G133/><T47/><D47/><U15/><E87/><V101/><F101/><W57/><G132/><T11/><D11/><U130/><E130/><V121/><F121/><AGARI ba="1,2" hai="12,18,21,41,43,46,48,55,93,99,100,121,122,123" machi="121" ten="40,2600,0" yaku="1,1,53,1" doraHai="23" doraHaiUra="89" who="0" fromWho="2" sc="195,49,170,0,250,-29,365,0" /><INIT seed="4,0,0,2,4,76" ten="244,170,221,365" oya="0" hai0="81,105,32,130,98,29,107,83,133,65,31,56,59" hai1="82,8,103,92,18,131,79,28,85,120,71,44,41" hai2="16,62,1,78,38,0,68,54,70,97,10,118,25" hai3="39,87,93,99,121,66,34,123,122,134,125,47,72"/><T49/><D65/><U22/><E71/><V95/><F38/><W57/><G72/><T45/><D32/><U109/><E109/><V127/><F118/><W111/><G111/><T37/><D37/><U115/><E120/><V12/><F127/><W58/><G34/><T23/><D133/><U30/><E131/><V84/><F70/><W110/><G110/><T126/><D130/><U6/><E115/><V35/><F35/><W114/><G114/><T100/><D126/><U63/><E63/><V124/><F124/><W50/><G125/><T132/><D132/><U102/><E92/><V74/><F74/><W21/><G39/><T77/><D107/><U3/><E28/><V128/><F25/><W4/><G134/><T17/><D31/><U119/><E30/><V112/><F112/><W90/><G66/><T69/><D29/><U13/><REACH who="1" step="1"/><E119/><REACH who="1" ten="244,160,221,365" step="2"/><V24/><F128/><W48/><G93/><T61/><D69/><U43/><E43/><V108/><F108/><W96/><G123/><T14/><D61/><U20/><E20/><V2/><F68/><W52/><G21/><T55/><REACH who="0" step="1"/><D83/><REACH who="0" ten="234,160,221,365" step="2"/><U135/><E135/><V40/><F62/><N who="3" m="36135" /><G122/><T19/><D19/><U46/><E46/><V11/><F16/><W53/><G47/><T88/><D88/><U94/><E94/><V64/><F95/><W89/><G90/><T101/><D101/><U117/><E117/><V26/><F64/><W5/><G89/><T42/><D42/><U104/><E104/><V129/><F40/><W60/><G121/><T75/><AGARI ba="0,2" hai="14,17,23,45,49,55,56,59,75,77,81,98,100,105" machi="75" ten="20,7800,0" yaku="1,1,0,1,7,1,52,1,53,0" doraHai="76" doraHaiUra="116" who="0" fromWho="0" sc="234,98,160,-26,221,-26,365,-26" /><INIT seed="4,1,0,2,3,31" ten="332,134,195,339" oya="0" hai0="68,58,93,38,111,65,26,88,96,128,18,85,25" hai1="14,35,63,127,60,77,76,134,50,101,70,51,97" hai2="67,124,120,80,30,98,59,105,36,79,7,73,66" hai3="39,55,20,69,132,5,15,16,4,34,49,123,37"/><T108/><D68/><U62/><E70/><V87/><F120/><W89/><G69/><T94/><D38/><U23/><E35/><V46/><F124/><W78/><G78/><T112/><D112/><U3/><E3/><V118/><F118/><W44/><G132/><T27/><D128/><U19/><E134/><V126/><F126/><W122/><G89/><T13/><D65/><U84/><E127/><V99/><F73/><W41/><G34/><T9/><REACH who="0" step="1"/><D58/><REACH who="0" ten="322,134,195,339" step="2"/><U45/><E45/><V104/><F66/><W106/><G39/><T10/><D10/><U48/><REACH who="1" step="1"/><E84/><REACH who="1" ten="322,124,195,339" step="2"/><V53/><F46/><N who="3" m="28087" /><G123/><T116/><D116/><U121/><E121/><V86/><F87/><W113/><G122/><T95/><D95/><AGARI ba="1,2" hai="14,19,23,48,50,51,60,62,63,76,77,95,97,101" machi="95" ten="40,2600,0" yaku="1,1,8,1,53,0" doraHai="31" doraHaiUra="54" who="1" fromWho="0" sc="322,-29,124,49,195,0,339,0" /><INIT seed="5,0,0,0,4,134" ten="293,173,195,339" oya="1" hai0="19,55,117,82,69,109,20,101,13,92,3,94,49" hai1="25,119,97,66,68,107,87,56,93,30,106,108,36" hai2="34,42,29,38,99,80,51,61,40,95,90,60,100" hai3="113,102,54,65,110,121,122,83,46,58,0,14,16"/><U63/><E36/><V74/><F38/><W15/><G0/><T48/><D3/><U8/><E119/><V73/><F73/><W75/><G110/><T85/><D69/><U7/><E87/><V81/><F34/><W116/><G102/><T126/><D109/><U135/><E68/><V111/><F111/><W104/><G104/><T22/><D49/><U67/><E67/><V131/><F131/><W71/><G46/><T10/><D126/><U39/><E39/><V112/><F29/><W78/><G113/><T18/><D10/><U21/><E135/><V53/><F112/><W115/><G15/><T4/><D4/><U44/><E44/><V32/><F32/><W130/><G130/><T28/><D28/><U70/><E70/><V62/><F74/><W114/><G116/><T118/><D101/><U35/><E35/><V5/><F5/><W47/><G47/><T11/><D117/><U52/><E66/><V64/><F64/><W84/><G75/><T12/><D11/><U91/><REACH who="1" step="1"/><E108/><REACH who="1" ten="293,163,195,339" step="2"/><V96/><F81/><N who="3" m="47159" /><G65/><T125/><D118/><U76/><E76/><V1/><F80/><W9/><G83/><T124/><D82/><U50/><E50/><V72/><F72/><W37/><G37/><T105/><D85/><U88/><E88/><V123/><F51/><N who="3" m="31071" /><G71/><T27/><D48/><U77/><E77/><V43/><F53/><W89/><G89/><T103/><D55/><U79/><E79/><V132/><F132/><W26/><G115/><T129/><D129/><U86/><E86/><V133/><F133/><W57/><G114/><T45/><D45/><RYUUKYOKU ba="0,1" sc="293,-10,163,30,195,-10,339,-10" hai1="7,8,21,25,30,52,56,63,91,93,97,106,107" /><INIT seed="5,1,1,1,5,26" ten="283,193,185,329" oya="1" hai0="62,53,93,133,15,130,45,113,0,97,28,60,44" hai1="87,35,61,90,9,75,78,76,67,135,134,2,57" hai2="43,116,84,117,114,121,37,25,49,71,73,5,110" hai3="8,120,33,96,104,85,22,38,81,55,3,119,102"/><U42/><E35/><V94/><F121/><W88/><G33/><T129/><D0/><U4/><E42/><V48/><F73/><W108/><G108/><T16/><D113/><U69/><E69/><V65/><F110/><W21/><G120/><T46/><D133/><N who="1" m="50699" /><E75/><V106/><F106/><W101/><G101/><T17/><D53/><U91/><E91/><V20/><F114/><W66/><G66/><T72/><D72/><U118/><E118/><V34/><F34/><W56/><G38/><T68/><D68/><U63/><E63/><N who="0" m="24105" /><D15/><U47/><E47/><V52/><F37/><W131/><G119/><T127/><D127/><U126/><E126/><V128/><F65/><W58/><G131/><N who="0" m="50187" /><D28/><U83/><AGARI ba="1,1" hai="2,4,9,57,61,67,76,78,83,87,90" m="50699" machi="83" ten="30,1500,0" yaku="20,1" doraHai="26" who="1" fromWho="1" sc="283,-6,193,28,185,-6,329,-6" /><INIT seed="5,2,0,1,0,126" ten="277,221,179,323" oya="1" hai0="44,26,111,61,76,74,58,67,77,12,28,113,107" hai1="104,43,66,60,9,63,29,87,106,95,50,30,80" hai2="7,2,53,89,16,118,127,21,13,57,35,10,64" hai3="117,17,37,47,84,59,88,70,129,22,133,42,123"/><U65/><E95/><V125/><F118/><W55/><G70/><T135/><D107/><U41/><E9/><V51/><F64/><W105/><G105/><T18/><D74/><U130/><E50/><V48/><F51/><W115/><G115/><T38/><D113/><U82/><E87/><V23/><F21/><W116/><G133/><T114/><D114/><U85/><E85/><V110/><F110/><W32/><G32/><T45/><D135/><U100/><E100/><V103/><F103/><W98/><G98/><T122/><D122/><U128/><AGARI ba="2,0" hai="29,30,41,43,60,63,65,66,80,82,104,106,128,130" machi="128" ten="25,12000,1" yaku="0,1,22,2,52,2" doraHai="126" who="1" fromWho="1" sc="277,-42,221,126,179,-42,323,-42" /><INIT seed="5,3,0,4,0,53" ten="235,347,137,281" oya="1" hai0="106,33,41,7,86,48,85,125,83,76,123,98,12" hai1="74,69,101,108,34,4,110,126,2,35,10,68,97" hai2="122,130,25,52,124,36,121,117,109,112,15,58,104" hai3="75,61,131,67,39,18,17,63,65,114,6,135,32"/><U92/><E74/><V118/><F104/><W93/><G32/><T94/><D33/><U50/><E126/><V44/><F25/><W42/><G75/><T16/><D7/><U72/><E72/><V28/><F28/><W70/><G6/><T40/><D125/><U54/><E69/><V5/><F15/><W71/><G114/><T128/><D128/><U64/><E64/><V31/><F31/><W133/><G131/><T91/><D123/><N who="2" m="47114" /><F5/><W79/><G79/><T29/><D29/><U51/><E68/><V57/><F130/><W100/><G100/><T9/><D106/><U55/><E35/><V103/><F103/><W19/><G93/><N who="0" m="54519" /><D48/><U78/><E78/><V3/><F3/><W88/><G88/><AGARI ba="3,0" hai="9,12,16,40,41,76,83,85,88,94,98" m="54519" machi="88" ten="30,3900,0" yaku="8,1,54,2" doraHai="53" who="0" fromWho="3" sc="235,48,347,0,137,0,281,-48" /><INIT seed="6,0,0,5,2,60" ten="283,347,137,233" oya="2" hai0="75,57,53,103,24,51,34,131,83,15,43,105,102" hai1="95,81,128,35,82,9,64,92,91,116,21,101,78" hai2="6,29,133,22,23,119,118,39,86,100,117,111,71" hai3="44,113,18,1,59,0,89,115,70,99,132,17,13"/><V26/><F39/><W68/><G132/><T54/><D43/><U11/><E35/><V76/><F71/><N who="3" m="27179" /><G44/><T96/><D103/><U38/><E128/><V46/><F133/><W20/><G59/><T84/><D131/><U110/><E110/><V134/><F134/><W112/><G18/><T2/><D2/><U106/><E106/><V37/><F111/><W85/><G99/><T50/><D75/><U79/><E101/><V8/><F100/><W49/><G49/><T98/><D98/><U69/><E69/><V72/><F86/><W65/><G65/><T42/><D42/><U73/><E73/><V108/><F108/><W61/><G61/><T87/><D83/><AGARI ba="0,0" hai="0,1,13,17,20,83,85,89,112,113,115" m="27179" machi="83" ten="40,2600,0" yaku="15,1,11,1" doraHai="60" who="3" fromWho="0" sc="283,-26,347,0,137,0,233,26" /><INIT seed="7,0,0,4,0,73" ten="257,347,137,259" oya="3" hai0="75,2,109,69,16,125,107,85,4,41,56,111,21" hai1="13,33,70,45,61,114,51,67,90,120,59,82,72" hai2="131,98,8,81,68,60,17,24,22,127,46,35,130" hai3="116,10,128,55,49,52,108,23,132,96,115,20,53"/><W94/><G116/><T3/><D107/><U28/><E120/><V124/><F46/><W14/><G115/><T48/><D69/><U1/><E1/><V7/><F60/><W37/><G37/><T89/><D75/><U129/><E114/><V9/><F98/><W133/><G128/><N who="2" m="49193" /><F81/><W103/><G108/><T34/><D34/><U65/><E13/><V105/><F68/><W12/><G49/><T88/><D125/><N who="2" m="48202" /><F105/><W77/><G77/><T87/><D4/><U123/><E82/><V31/><F7/><N who="3" m="3167" /><G14/><AGARI ba="0,0" hai="8,9,14,17,22,24,31,35" m="48202,49193" machi="14" ten="30,7700,0" yaku="19,1,18,1,34,2" doraHai="73" who="2" fromWho="3" sc="257,0,347,0,137,77,259,-77" owari="257,6.0,347,45.0,214,-19.0,182,-32.0" /></mjloggm>