<mjloggm ver="2.3"><GO type="225" lobby="0"/><UN n0="%E3%83%A9%E3%82%B0%E3%83%A9%E3%83%BC%E3%82%B8" n1="%E5%8D%81%E4%B8%89%E4%BB%A3%E7%9B%AE%E6%AC%A1%E5%85%83%E5%A4%A7%E4%BB%8B" n2="%E3%81%95%E3%81%8B%E3%81%95%E3%81%BE%E3%82%A8%E3%83%9E%E3%83%8E%E3%83%B3" n3="%E3%82%A6%E3%83%AB%E3%83%88%E3%83%A9%E7%AB%8B%E7%9B%B4" dan="16,16,16,17" rate="2171.56,2070.88,2140.50,2170.19" sx="F,M,M,M"/><TAIKYOKU oya="0"/><INIT seed="0,0,0,3,3,40" ten="250,250,250,250" oya="0" hai0="68,4,134,114,9,85,27,35,71,99,1,98,34" hai1="53,122,73,131,104,6,33,49,22,108,75,84,87" hai2="12,65,31,124,48,74,54,28,69,106,45,101,37" hai3="123,79,14,115,86,112,11,50,80,25,89,82,20"/><T76/><D114/><U97/><E33/><V129/><F74/><W111/><G111/><T41/><D134/><U88/><E122/><V38/><F129/><W105/><G105/><T83/><D41/><U59/><E131/><V135/><F135/><W13/><G123/><T64/><D34/><U3/><E108/><V133/><F133/><W116/><G116/><T125/><D125/><U121/><E121/><V113/><F113/><W56/><G56/><T39/><D39/><U2/><E22/><V43/><F12/><W95/><G50/><T5/><D5/><U24/><E24/><V77/><F77/><W16/><G82/><T19/><D64/><U58/><E58/><N who="2" m="33095" /><F38/><W61/><G61/><T70/><REACH who="0" step="1"/><D19/><REACH who="0" ten="240,250,250,250" step="2"/><U62/><E6/><V66/><F66/><W100/><G115/><T117/><D117/><U110/><E110/><V47/><F124/><W63/><G112/><T7/><D7/><U126/><E126/><V0/><F65/><W36/><G36/><T60/><D60/><U72/><E62/><V21/><F43/><W81/><G63/><T32/><D32/><U51/><E51/><V94/><F37/><W132/><G132/><T109/><D109/><U57/><E49/><V127/><F127/><W90/><G16/><T78/><D78/><U120/><E120/><V91/><F31/><AGARI ba="0,1" hai="1,4,9,27,31,35,68,70,71,76,83,85,98,99" machi="31" ten="40,3900,0" yaku="1,1,53,1" doraHai="40" doraHaiUra="26" who="0" fromWho="2" sc="240,49,250,0,250,-39,250,0" /><INIT seed="0,1,0,1,2,50" ten="289,250,211,250" oya="0" hai0="88,132,40,99,24,101,79,28,107,8,34,0,126" hai1="31,61,64,90,66,55,60,85,73,5,21,133,114" hai2="72,4,17,134,62,48,44,10,109,84,36,30,112" hai3="95,68,2,57,115,20,35,128,7,33,69,58,46"/><T116/><D116/><U129/><E73/><V76/><F72/><W118/><G115/><T102/><D132/><U71/><E133/><V97/><F36/><W52/><G118/><T87/><D126/><U92/><E114/><V65/><F112/><W22/><G7/><T135/><D135/><U75/><E75/><V130/><F134/><W15/><G2/><T42/><D79/><U70/><E129/><V1/><F109/><W27/><G95/><T104/><D0/><U103/><E103/><V122/><F122/><W94/><G94/><T45/><D8/><U125/><E125/><V82/><F97/><W3/><G3/><T127/><D127/><U119/><E119/><V124/><F124/><W120/><G46/><T113/><D113/><U29/><E5/><V9/><F30/><W26/><G15/><T77/><D77/><U111/><E111/><V100/><F100/><W91/><G91/><T54/><D102/><U14/><REACH who="1" step="1"/><E55/><REACH who="1" ten="289,240,211,250" step="2"/><V32/><F4/><W18/><G128/><T78/><D107/><U25/><E25/><V41/><F130/><W74/><G74/><T80/><D54/><U13/><E13/><V131/><F1/><W47/><G52/><T6/><D6/><U98/><E98/><V63/><F131/><W39/><G27/><T93/><D45/><U12/><E12/><N who="2" m="7311" /><F65/><W37/><G26/><T23/><D34/><U108/><E108/><V11/><F32/><W49/><G47/><T86/><AGARI ba="1,1" hai="23,24,28,40,42,78,80,86,87,88,93,99,101,104" machi="86" ten="20,3900,0" yaku="0,1,7,1,54,1" doraHai="50" who="0" fromWho="0" sc="289,52,240,-14,211,-14,250,-14" /><INIT seed="0,2,0,5,2,18" ten="341,226,197,236" oya="0" hai0="30,119,50,94,95,118,72,51,129,17,89,45,28" hai1="116,57,47,132,87,10,62,111,3,38,64,16,75" hai2="70,54,134,44,109,106,90,43,97,79,63,26,96" hai3="76,29,40,127,91,98,68,88,42,92,53,69,0"/><T123/><D72/><U133/><E116/><V24/><F109/><W37/><G0/><T74/><D74/><U83/><E75/><V110/><F110/><W19/><G76/><T33/><D123/><U117/><E117/><V14/><F106/><W81/><G29/><T120/><D120/><U55/><E111/><V73/><F70/><W39/><G127/><T22/><D129/><U130/><E130/><V25/><F73/><W34/><G34/><T71/><D71/><U122/><E122/><V4/><F79/><W35/><G35/><T21/><D33/><U9/><E3/><V48/><F134/><N who="1" m="51817" /><E38/><V86/><F4/><W99/><G92/><T131/><D131/><U115/><E115/><V65/><F14/><W135/><G135/><T32/><D32/><U59/><E47/><V77/><F77/><W56/><G56/><T52/><D119/><U102/><E102/><V15/><F15/><W126/><G126/><T125/><D125/><U114/><E114/><V82/><REACH who="2" step="1"/><F65/><REACH who="2" ten="341,226,187,236" step="2"/><W58/><G69/><T66/><D66/><U60/><E64/><V80/><F80/><W2/><G81/><T85/><D118/><U46/><E83/><V36/><F36/><W78/><G39/><T5/><D5/><U101/><E9/><V108/><F108/><W93/><G37/><T27/><D95/><U31/><E10/><V41/><F41/><W67/><G40/><T124/><D124/><U23/><E55/><V13/><F13/><W7/><G42/><T1/><D1/><U84/><E46/><V61/><F61/><W121/><G67/><T104/><D45/><RYUUKYOKU ba="2,1" sc="341,-10,226,-10,187,30,236,-10" hai2="24,25,26,43,44,48,54,63,82,86,90,96,97" /><INIT seed="1,3,1,4,3,35" ten="331,216,217,226" oya="1" hai0="55,95,37,121,59,124,44,82,6,41,108,76,127" hai1="8,56,23,39,104,135,19,111,49,12,112,10,78" hai2="42,92,77,80,65,20,115,85,89,79,53,103,0" hai3="15,98,38,30,28,81,60,14,74,3,21,2,34"/><U131/><E112/><V125/><F0/><N who="3" m="43" /><G38/><T72/><D6/><U100/><E39/><V130/><F125/><N who="0" m="48202" /><D121/><U25/><E131/><V45/><F130/><W119/><G60/><N who="0" m="35967" /><D95/><U122/><E122/><V123/><F123/><W26/><G74/><T97/><D97/><U33/><E135/><V129/><F129/><W51/><G98/><T54/><D54/><U106/><E111/><AGARI ba="3,1" hai="37,41,44,72,76,82,108,111" m="35967,48202" machi="111" ten="30,1000,0" yaku="18,1" doraHai="35" who="0" fromWho="1" sc="331,29,216,-19,217,0,226,0" /><INIT seed="2,0,0,5,4,22" ten="360,197,217,226" oya="2" hai0="3,67,44,35,19,64,50,24,71,83,130,118,23" hai1="113,46,109,18,132,100,11,25,77,53,122,20,98" hai2="97,43,129,72,99,47,86,34,13,4,124,68,78" hai3="101,91,84,30,125,31,5,95,81,108,80,59,105"/><V120/><F120/><W87/><G125/><T12/><D3/><U54/><E109/><V73/><F68/><W82/><G108/><T60/><D130/><U10/><E113/><V69/><F69/><W1/><G1/><T38/><D118/><U88/><E122/><V117/><F34/><W48/><G5/><T92/><D38/><U39/><E132/><V40/><F117/><W70/><G70/><T65/><D92/><N who="1" m="58439" /><E39/><V61/><F61/><W131/><G131/><T115/><D115/><U116/><E116/><V27/><F43/><W89/><G101/><T37/><D37/><U29/><E77/><V21/><F124/><W126/><G105/><T121/><D121/><U127/><E127/><V107/><F107/><W133/><G133/><T102/><D102/><U42/><E42/><V16/><F129/><W90/><G126/><T57/><D71/><U103/><E103/><V119/><F72/><W6/><G6/><T76/><D12/><N who="1" m="7455" /><E46/><V15/><F73/><W17/><G17/><T63/><D57/><U52/><E10/><N who="2" m="4295" /><F15/><W33/><G33/><T58/><D35/><U85/><E54/><V32/><F32/><W106/><G106/><T36/><D36/><U96/><E96/><N who="2" m="36939" /><F119/><W51/><G95/><AGARI ba="0,0" hai="20,25,29,52,53,85,88,95" m="7455,58439" machi="95" ten="30,7700,0" yaku="8,1,52,1,54,2" doraHai="22" who="1" fromWho="3" sc="360,0,197,77,217,0,226,-77" /><INIT seed="3,0,0,0,4,101" ten="360,274,217,149" oya="3" hai0="6,108,135,91,75,1,98,94,109,53,133,110,13" hai1="16,104,51,111,37,35,25,71,77,60,27,52,59" hai2="80,134,30,62,99,107,9,102,18,12,74,55,123" hai3="115,65,90,40,120,64,54,45,130,66,42,17,5"/><W58/><G120/><T70/><D1/><U43/><E77/><V41/><F41/><W2/><G115/><T11/><D70/><U68/><E111/><V49/><F62/><W95/><G130/><T32/><D32/><U88/><E104/><V63/><F63/><W105/><G105/><T57/><D75/><U48/><E48/><AGARI ba="0,0" hai="6,11,13,48,53,57,91,94,98,108,109,110,133,135" machi="48" ten="40,1300,0" yaku="14,1" doraHai="101" who="0" fromWho="1" sc="360,13,274,-13,217,0,149,0" owari="373,47.0,261,6.0,217,-18.0,149,-35.0" /></mjloggm>