<mjloggm ver="2.3"><GO type="225" lobby="0"/><UN n0="%E3%83%88%E3%83%88%E3%83%AA%E5%85%88%E7%94%9F%31%39%E6%AD%B3" n1="%E3%83%AF%E3%82%A4%E3%83%AB%E3%83%89" n2="%E4%BB%A3%E6%89%93%E3%81%A1%E3%81%AE%E7%A5%9E%E6%A7%98" n3="%E3%82%B7%E3%83%AD%E3%82%AF%E3%83%AD" dan="17,16,18,16" rate="2170.39,2141.21,2201.33,2164.46" sx="F,M,M,M"/><TAIKYOKU oya="0"/><INIT seed="0,0,0,3,2,57" ten="250,250,250,250" oya="0" hai0="5,30,62,31,44,16,32,86,110,66,43,37,135" hai1="72,106,122,63,52,109,101,113,125,91,34,126,114" hai2="75,87,22,46,0,7,53,18,35,23,40,99,117" hai3="81,45,65,123,15,127,89,102,26,132,108,129,85"/><T8/><D135/><U42/><E34/><V112/><F35/><W58/><G132/><T131/><D131/><U36/><E72/><V70/><F75/><W79/><G129/><T115/><D115/><N who="1" m="44043" /><E122/><V3/><F112/><W96/><G127/><N who="1" m="48650" /><E109/><V47/><F70/><W51/><G108/><T4/><D110/><U54/><E91/><V88/><F117/><W103/><G123/><T25/><D30/><U76/><E76/><V19/><F99/><W74/><G26/><T55/><D86/><U118/><E118/><V24/><F7/><W98/><G15/><T29/><D55/><U67/><E101/><N who="3" m="38410" /><G74/><T20/><D32/><U128/><E106/><V13/><F53/><N who="3" m="29935" /><G79/><T80/><D80/><U14/><E14/><V111/><F111/><W84/><G84/><T134/><D134/><U77/><E77/><V124/><F124/><W73/><G73/><T6/><REACH who="0" step="1"/><D8/><REACH who="0" ten="240,250,250,250" step="2"/><U78/><E128/><V105/><F105/><W121/><G121/><T41/><D41/><U11/><E11/><V2/><REACH who="2" step="1"/><F40/><REACH who="2" ten="240,250,240,250" step="2"/><W95/><G81/><AGARI ba="0,2" hai="0,2,3,13,18,19,22,23,24,46,47,81,87,88" machi="81" ten="40,5200,0" yaku="1,1,2,1,54,1,53,0" doraHai="57" doraHaiUra="71" who="2" fromWho="3" sc="240,0,250,0,240,72,250,-52" /><INIT seed="1,0,0,0,5,93" ten="240,250,312,198" oya="1" hai0="82,130,76,88,17,90,4,72,59,43,10,107,67" hai1="69,85,52,112,19,74,2,99,132,23,14,105,126" hai2="50,100,9,80,34,95,64,135,22,123,1,94,92" hai3="11,70,62,20,32,116,38,110,129,29,122,39,56"/><U48/><E74/><V84/><F34/><W24/><G122/><T27/><D107/><U79/><E2/><V125/><F123/><W66/><G110/><T8/><D130/><U118/><E69/><V3/><F100/><W124/><G124/><T13/><D43/><U115/><E118/><V54/><F64/><W86/><G116/><T40/><D40/><U7/><E7/><V46/><F125/><W21/><G129/><T108/><D108/><U81/><E126/><V109/><F109/><W87/><G11/><T25/><D67/><U47/><REACH who="1" step="1"/><E132/><REACH who="1" ten="240,240,312,198" step="2"/><V96/><F135/><W16/><G70/><T98/><D72/><U134/><E134/><V18/><F3/><W6/><G6/><T131/><D131/><U33/><E33/><V68/><F1/><W101/><G32/><T49/><D4/><U77/><E77/><N who="2" m="46095" /><F68/><W44/><G38/><T119/><D76/><U104/><E104/><V114/><F114/><W65/><G39/><T41/><D119/><U91/><E91/><N who="2" m="55327" /><F9/><W121/><G101/><AGARI ba="0,1" hai="14,19,23,47,48,52,79,81,85,99,101,105,112,115" machi="101" ten="40,7700,0" yaku="1,1,52,1,54,1,53,0" doraHai="93" doraHaiUra="28" who="1" fromWho="3" sc="240,0,240,87,312,0,198,-77" /><INIT seed="1,1,0,1,0,21" ten="240,327,312,121" oya="1" hai0="30,20,0,4,50,57,90,8,117,23,6,56,89" hai1="91,119,1,96,7,82,14,40,17,67,110,123,83" hai2="11,54,109,59,92,32,80,121,99,64,62,124,34" hai3="49,131,77,132,48,9,47,125,52,106,58,93,63"/><U35/><E123/><V111/><F121/><W53/><G106/><T86/><D117/><U113/><E119/><V108/><F124/><W51/><G125/><T3/><D50/><U122/><E122/><V101/><F11/><W135/><G77/><T66/><D8/><U60/><E113/><V27/><F80/><W12/><G131/><T128/><D30/><U105/><E35/><N who="2" m="13355" /><F27/><W79/><G79/><T19/><D19/><U25/><E40/><V94/><F94/><W69/><G93/><T134/><D66/><AGARI ba="1,0" hai="54,59,62,64,66,92,99,101,108,109,111" m="13355" machi="66" ten="40,1300,0" yaku="14,1" doraHai="21" who="2" fromWho="0" sc="240,-16,327,0,312,16,121,0" /><INIT seed="2,0,0,3,2,42" ten="224,327,328,121" oya="2" hai0="93,77,32,100,24,87,36,113,131,1,91,40,129" hai1="57,12,55,74,95,34,31,39,133,16,2,98,11" hai2="111,13,18,114,26,33,10,68,58,94,28,7,14" hai3="52,71,110,47,51,46,79,134,107,109,88,20,101"/><V60/><F68/><W86/><G71/><T25/><D113/><U15/><E2/><V122/><F114/><W17/><G79/><T70/><D1/><U80/><E39/><V75/><F75/><W120/><G134/><T84/><D70/><U115/><E115/><V104/><F104/><W65/><G65/><T49/><D36/><U43/><E43/><V41/><F122/><W5/><G5/><T118/><D118/><U112/><E112/><V37/><F111/><N who="3" m="42507" /><G101/><T67/><D67/><U69/><E69/><V35/><F35/><W48/><G107/><T89/><D77/><U50/><E133/><V59/><F94/><N who="3" m="54551" /><G120/><T78/><D78/><U97/><E74/><V54/><F59/><N who="3" m="33159" /><G51/><T117/><D100/><U82/><E98/><V62/><F7/><W128/><G128/><T125/><D49/><U90/><REACH who="1" step="1"/><E15/><AGARI ba="0,0" hai="15,17,20,46,47" m="33159,54551,42507" machi="15" ten="30,12000,2" yaku="25,1,14,1,52,2,54,2" doraHai="42" who="3" fromWho="1" sc="224,0,327,-120,328,0,121,120" /><INIT seed="3,0,0,1,5,26" ten="224,207,328,241" oya="3" hai0="23,64,71,2,27,122,53,36,106,22,28,17,24" hai1="112,13,31,60,88,74,58,48,68,15,18,32,110" hai2="114,98,0,121,135,7,10,37,47,89,116,1,124" hai3="95,30,41,97,126,107,6,45,62,82,46,123,101"/><W118/><G123/><T38/><D122/><U59/><E74/><V75/><F114/><W84/><G118/><T133/><D2/><U34/><E112/><V132/><F121/><W29/><G126/><T20/><D106/><U33/><E110/><V8/><F116/><W129/><G107/><T11/><D133/><U44/><E68/><V3/><F124/><W39/><G129/><T90/><D11/><U134/><E134/><V51/><F89/><W40/><G62/><T65/><D22/><U103/><E103/><V113/><F113/><W92/><G6/><T9/><D9/><U109/><E109/><V85/><F85/><W25/><G25/><T14/><D14/><U52/><E15/><V77/><F51/><W131/><G92/><T50/><D71/><U79/><E79/><V72/><F98/><W108/><G131/><T127/><D127/><U57/><E88/><V91/><F91/><W42/><G108/><T120/><D120/><U83/><E83/><N who="2" m="45479" /><F75/><W104/><G104/><T12/><D12/><U61/><REACH who="1" step="1"/><E31/><REACH who="1" ten="224,197,328,241" step="2"/><N who="3" m="11786" /><G39/><T56/><D90/><AGARI ba="0,1" hai="40,41,42,45,46,82,84,90,95,97,101" m="11786" machi="90" ten="30,11600,0" yaku="8,1,52,3" doraHai="26" who="3" fromWho="0" sc="224,-116,197,0,328,0,241,126" owari="108,-39.0,197,-20.0,328,13.0,367,46.0" /></mjloggm>