<mjloggm ver="2.3"><GO type="169" lobby="0"/><UN n0="%E5%B0%B1%E6%B4%BB%E7%94%9F%40%E5%B7%9D%E6%9D%91%E8%BB%8D%E5%9B%A3" n1="%E2%80%A0%E3%83%81%E3%82%BF%E3%83%B3%E3%83%80%E3%82%A8%E3%83%AB%E2%80%A0" n2="%E6%B0%B4%E6%9C%AC%E3%82%86%E3%81%8B%E3%82%8A" n3="%E3%83%9E%E3%83%88%E3%83%AA%E3%83%83%E3%82%AF%E3%82%B9" dan="16,16,16,17" rate="2114.49,2077.36,2148.57,2189.25" sx="M,M,F,M"/><TAIKYOKU oya="0"/><INIT seed="0,0,0,1,3,31" ten="250,250,250,250" oya="0" hai0="87,10,119,22,91,60,24,105,67,98,109,133,59" hai1="66,128,17,78,2,12,41,51,62,100,117,61,55" hai2="45,95,114,33,44,86,46,101,50,39,124,47,48" hai3="15,121,14,92,71,8,83,112,19,37,135,21,34"/><T54/><D119/><U120/><E2/><V58/><F114/><W30/><G37/><T80/><D133/><U57/><E117/><V127/><F39/><W18/><G71/><T65/><D109/><U113/><E120/><V36/><F36/><W93/><G112/><T99/><D10/><U110/><E113/><V108/><F108/><W134/><G83/><T85/><D85/><U122/><E122/><V107/><F107/><W125/><G121/><T129/><D129/><U56/><E110/><V35/><F58/><W111/><G111/><T6/><D6/><U7/><E128/><V97/><F86/><W130/><G130/><T20/><D20/><U88/><E78/><V116/><F116/><W27/><G93/><T76/><D105/><U69/><E100/><V102/><F102/><W94/><G92/><T13/><D13/><U73/><E73/><V123/><F123/><W106/><G94/><N who="0" m="56671" /><D99/><U115/><E115/><V25/><F25/><W63/><G63/><T23/><D23/><U4/><E41/><V118/><F118/><W5/><G106/><T75/><D75/><U90/><E4/><V43/><REACH who="2" step="1"/><F50/><REACH who="2" ten="250,250,240,250" step="2"/><W9/><REACH who="3" step="1"/><G125/><AGARI ba="0,1" hai="33,35,43,44,45,46,47,48,95,97,101,124,125,127" machi="125" ten="40,12000,2" yaku="1,1,2,1,18,1,52,2,53,1" doraHai="31" doraHaiUra="96" who="2" fromWho="3" sc="250,0,250,0,240,130,250,-120" /><INIT seed="1,0,0,1,4,34" ten="250,250,370,130" oya="1" hai0="64,69,38,7,81,126,94,112,84,95,63,91,59" hai1="83,53,78,47,36,86,105,12,14,71,56,99,124" hai2="20,11,60,77,41,120,25,96,8,92,58,100,80" hai3="76,103,72,68,135,122,111,125,74,129,93,66,22"/><U61/><E124/><V21/><F41/><W43/><G43/><T51/><D112/><U108/><E71/><V37/><F37/><W113/><G22/><T32/><D32/><U123/><E123/><V19/><F21/><W115/><G66/><T89/><D38/><U16/><E108/><V52/><REACH who="2" step="1"/><F120/><REACH who="2" ten="250,250,360,130" step="2"/><W121/><G111/><T48/><D126/><U2/><E36/><V45/><F45/><W127/><G68/><T30/><D69/><U4/><E47/><V44/><F44/><W114/><G129/><T3/><D30/><U67/><E56/><V50/><F50/><W42/><G42/><T119/><D51/><U97/><E61/><V46/><F46/><W23/><G23/><T33/><D48/><U29/><E29/><V18/><F18/><W40/><G40/><T35/><D59/><U65/><E16/><V110/><F110/><W128/><G128/><T13/><D63/><U26/><E4/><V85/><AGARI ba="0,1" hai="8,11,19,20,25,52,58,60,77,80,85,92,96,100" machi="85" ten="20,8000,1" yaku="1,1,0,1,7,1,8,1,54,1,53,0" doraHai="34" doraHaiUra="132" who="2" fromWho="2" sc="250,-20,250,-40,360,90,130,-20" /><INIT seed="2,0,0,2,1,41" ten="230,210,450,110" oya="2" hai0="19,129,96,71,73,112,78,93,10,84,18,58,127" hai1="91,87,16,103,118,53,119,89,115,11,52,43,54" hai2="57,22,51,108,114,106,5,97,116,35,56,24,69" hai3="76,100,8,15,12,21,63,85,34,75,39,79,92"/><V55/><F69/><W120/><G34/><T113/><D71/><U2/><E115/><V105/><F35/><W59/><G39/><T9/><D73/><U23/><E103/><V122/><F114/><W20/><G20/><T65/><D127/><U28/><E43/><V94/><F116/><W77/><G75/><T49/><D129/><U107/><E107/><V74/><F74/><W68/><G68/><T0/><D0/><U1/><E28/><V123/><F5/><W88/><G120/><T27/><D113/><U36/><E36/><V3/><F3/><W61/><G100/><T33/><D33/><U45/><E45/><V101/><F108/><W38/><G38/><T60/><D49/><U125/><E125/><V86/><F57/><W134/><G134/><T14/><D27/><U13/><E89/><V90/><REACH who="2" step="1"/><F105/><REACH who="2" ten="230,210,440,110" step="2"/><W131/><G131/><T102/><D112/><U109/><E109/><V104/><F104/><W133/><G133/><T47/><D58/><U30/><E1/><V82/><F82/><W128/><G128/><T26/><D93/><U44/><E2/><V110/><F110/><W83/><G83/><T32/><D32/><U80/><E119/><V37/><F37/><W99/><G59/><T132/><D132/><U130/><E118/><V6/><F6/><N who="3" m="3095" /><G99/><T126/><D96/><U66/><E130/><V64/><F64/><W95/><G95/><T40/><D65/><U48/><E66/><V25/><F25/><AGARI ba="0,1" hai="11,13,16,23,25,30,44,48,52,53,54,80,87,91" machi="25" ten="40,12000,2" yaku="25,2,8,1,52,1,54,2" doraHai="41" who="1" fromWho="2" sc="230,0,210,130,440,-120,110,0" /><INIT seed="3,0,0,0,0,42" ten="230,340,320,110" oya="3" hai0="112,130,82,35,23,111,47,3,64,84,54,92,13" hai1="11,26,56,121,30,25,63,59,67,129,20,62,116" hai2="66,100,60,68,122,76,8,14,48,106,134,117,21" hai3="32,27,39,101,81,108,52,86,15,87,95,83,123"/><W103/><G39/><T46/><D3/><U57/><E121/><V105/><F117/><W126/><G123/><T119/><D35/><U131/><E116/><V29/><F122/><W89/><G126/><T69/><D119/><U50/><E50/><V113/><F113/><W74/><G32/><T127/><D127/><U75/><E75/><V58/><F134/><W135/><G27/><T85/><D69/><U132/><E132/><V36/><F36/><W133/><G15/><T99/><D64/><U9/><E26/><V71/><F76/><W38/><G38/><T128/><D111/><U5/><E9/><V19/><F100/><W110/><G52/><T51/><D112/><U55/><REACH who="1" step="1"/><E57/><REACH who="1" ten="230,330,320,110" step="2"/><V4/><F71/><W22/><G22/><T12/><D23/><U93/><E93/><V16/><F68/><W120/><G120/><T41/><D128/><U33/><E33/><V10/><F106/><W43/><G43/><T61/><D130/><U77/><E77/><V49/><F105/><W97/><G74/><T125/><D125/><U118/><E118/><V114/><F114/><W6/><G6/><T53/><D13/><AGARI ba="0,1" hai="5,11,13,20,25,30,55,56,59,62,63,67,129,131" machi="13" ten="40,2600,0" yaku="1,1,53,1" doraHai="42" doraHaiUra="18" who="1" fromWho="0" sc="230,-26,330,36,320,0,110,0" /><INIT seed="4,0,0,0,0,87" ten="204,366,320,110" oya="0" hai0="121,103,5,67,78,120,99,49,28,91,113,22,39" hai1="95,21,6,124,14,56,11,93,104,127,119,51,80" hai2="88,106,76,52,70,118,125,116,107,2,31,25,68" hai3="12,72,111,79,24,62,90,65,112,44,29,10,75"/><T74/><D39/><U42/><E104/><N who="2" m="39979" /><F2/><W3/><G3/><T123/><D5/><U54/><E119/><N who="2" m="45611" /><F76/><W1/><G1/><T38/><D38/><U108/><E108/><V130/><F130/><W131/><G111/><T26/><D67/><U102/><E42/><V64/><F64/><W57/><G131/><T71/><D71/><U47/><E47/><V122/><F122/><W128/><G128/><T82/><D113/><U81/><E21/><N who="2" m="15791" /><F125/><N who="1" m="48201" /><E102/><V20/><F20/><W0/><G0/><T46/><D103/><U58/><E58/><V59/><F88/><W15/><G112/><T134/><D134/><U40/><E40/><V115/><F115/><W33/><G44/><T9/><D9/><U45/><E45/><V8/><F8/><W61/><G61/><AGARI ba="0,0" hai="52,59,61,68,70" m="15791,45611,39979" machi="61" ten="30,2000,0" yaku="12,1,54,1" doraHai="87" who="2" fromWho="3" sc="204,0,366,0,320,20,110,-20" /><INIT seed="5,0,0,1,0,27" ten="204,366,340,90" oya="1" hai0="47,36,12,18,53,22,69,81,76,6,68,85,25" hai1="5,88,42,125,64,14,129,7,112,86,79,34,26" hai2="0,35,109,92,102,99,75,21,58,98,100,122,54" hai3="38,48,13,101,134,71,10,51,33,70,59,50,15"/><U52/><E112/><V104/><F35/><W110/><G110/><T133/><D133/><U55/><E79/><V124/><F109/><W91/><G38/><T31/><D6/><U114/><E114/><V74/><F0/><W41/><G33/><T11/><REACH who="0" step="1"/><D53/><REACH who="0" ten="194,366,340,90" step="2"/><U3/><E55/><V82/><F54/><W106/><G134/><T95/><D95/><U46/><E52/><V103/><F92/><W115/><G115/><T39/><D39/><U17/><E5/><V9/><F104/><W93/><G41/><AGARI ba="0,1" hai="11,12,18,22,25,31,36,41,47,68,69,76,81,85" machi="41" ten="40,2600,0" yaku="1,1,52,1,53,0" doraHai="27" doraHaiUra="63" who="0" fromWho="3" sc="194,36,366,0,340,0,90,-26" /><INIT seed="6,0,0,1,0,25" ten="230,366,340,64" oya="2" hai0="107,93,42,39,26,19,7,131,13,66,36,0,90" hai1="34,68,117,101,8,79,3,96,98,72,130,128,62" hai2="1,69,60,94,92,108,22,32,86,133,28,132,4" hai3="58,77,126,38,29,50,78,12,43,99,109,6,64"/><V10/><F32/><W88/><G38/><T49/><D107/><N who="1" m="63911" /><E98/><V84/><F108/><W121/><G109/><T82/><D66/><N who="1" m="41047" /><E34/><V113/><F113/><W21/><G121/><T105/><D105/><U100/><E100/><V52/><F86/><W124/><G126/><T16/><D0/><U122/><E117/><V73/><F73/><W81/><G124/><T104/><D104/><U110/><E122/><V17/><F84/><W14/><G14/><T57/><D82/><N who="1" m="45415" /><E110/><V80/><F80/><W76/><G81/><T59/><D59/><U27/><E27/><N who="2" m="16503" /><F69/><W24/><G64/><T55/><D42/><U127/><E127/><V134/><F17/><W119/><G119/><T70/><D70/><U71/><E71/><V102/><F102/><W118/><G118/><T89/><D89/><U91/><E91/><V115/><F115/><W85/><G85/><T125/><D125/><U95/><E95/><V15/><F15/><W18/><G6/><AGARI ba="0,0" hai="3,6,8,128,130" m="45415,41047,63911" machi="6" ten="30,1000,0" yaku="23,1" doraHai="25" who="1" fromWho="3" sc="230,0,366,10,340,0,64,-10" /><INIT seed="7,0,0,3,0,18" ten="230,376,340,54" oya="3" hai0="112,115,53,10,80,74,57,102,127,64,121,37,110" hai1="90,113,131,46,78,86,67,94,133,15,39,58,109" hai2="104,29,8,20,76,123,35,47,13,54,51,132,82" hai3="105,43,97,2,40,91,116,41,33,49,124,108,24"/><W25/><G2/><T32/><D37/><U23/><E109/><V99/><F132/><W79/><G116/><T71/><D32/><U73/><E133/><V117/><F123/><W22/><G79/><T63/><D110/><U4/><E113/><N who="0" m="43593" /><D127/><U12/><E4/><V44/><F117/><W100/><G124/><T129/><D129/><U1/><E1/><V72/><F35/><W106/><G108/><T101/><D121/><U77/><E23/><V125/><F125/><W81/><G106/><T122/><D122/><U36/><E36/><V134/><F134/><W19/><G81/><T26/><D26/><U17/><E17/><V62/><F62/><W68/><G68/><T52/><D10/><U119/><E119/><V111/><F111/><W84/><G49/><N who="0" m="30863" /><D53/><U21/><E39/><V16/><F47/><W96/><G96/><T50/><D50/><U75/><E131/><V83/><F83/><W6/><G6/><T89/><D89/><U103/><E46/><V14/><F29/><W114/><G114/><T61/><D61/><U3/><E90/><V126/><F126/><W135/><G135/><T120/><D120/><U130/><E130/><V28/><F28/><W59/><G59/><T11/><D11/><U48/><E58/><V45/><F45/><W0/><G0/><T70/><D70/><U95/><E48/><V7/><REACH who="2" step="1"/><F99/><REACH who="2" ten="230,376,330,54" step="2"/><W5/><G5/><T27/><D102/><U93/><E103/><V55/><F55/><W34/><REACH who="3" step="1"/><G25/><REACH who="3" ten="230,376,330,44" step="2"/><T42/><D71/><U98/><E98/><V56/><F56/><W128/><G128/><T85/><D80/><RYUUKYOKU ba="0,2" sc="230,-15,376,-15,330,15,44,15" hai2="7,8,13,14,16,20,44,51,54,72,76,82,104" hai3="19,22,24,33,34,40,41,43,84,91,97,100,105" /><INIT seed="7,1,2,0,0,47" ten="215,361,345,59" oya="3" hai0="57,1,121,46,71,69,37,45,60,77,84,72,49" hai1="107,82,76,14,35,67,128,129,16,3,4,115,90" hai2="94,130,131,42,80,97,124,51,53,74,34,43,36" hai3="123,17,93,73,78,26,70,105,65,19,109,28,135"/><W12/><G105/><T106/><D1/><U13/><E115/><V112/><F112/><W64/><G123/><T88/><D106/><U114/><E114/><V85/><F124/><W29/><G73/><T23/><D121/><U79/><E107/><V41/><F34/><W132/><G78/><T127/><D127/><U103/><E103/><N who="2" m="60855" /><F74/><W40/><G40/><T21/><D72/><U24/><E67/><N who="3" m="25674" /><G70/><T116/><D77/><U113/><E113/><V101/><F101/><W75/><G75/><T25/><D37/><U61/><E61/><V120/><F120/><W125/><G125/><T62/><D71/><U134/><E134/><N who="3" m="51242" /><G109/><T9/><D69/><U33/><E79/><N who="2" m="46239" /><F36/><W96/><G12/><T91/><D116/><U6/><E14/><V2/><F2/><W38/><G38/><T126/><D126/><U83/><E3/><V22/><F22/><N who="0" m="8202" /><D9/><U27/><E76/><V20/><F20/><N who="3" m="15431" /><G29/><T89/><D25/><U52/><E27/><V68/><F68/><W39/><G39/><T63/><D84/><U92/><E24/><V81/><F81/><W110/><G110/><T133/><D133/><U8/><E83/><V5/><F5/><W15/><G15/><T7/><D7/><U99/><E82/><V48/><F53/><AGARI ba="1,2" hai="45,46,49,53,57,60,62,63,88,89,91" m="8202" machi="53" ten="40,5200,0" yaku="8,1,52,1,54,1" doraHai="47" who="0" fromWho="2" sc="215,75,361,0,345,-55,59,0" owari="290,9.0,361,46.0,290,-11.0,59,-44.0" /></mjloggm>