<mjloggm ver="2.3"><GO type="169" lobby="0"/><UN n0="%E5%B0%B1%E6%B4%BB%E7%94%9F%40%E5%B7%9D%E6%9D%91%E8%BB%8D%E5%9B%A3" n1="%E3%83%9F%E3%82%B9%E3%83%86%E3%82%A3%E3%82%B3" n2="%E7%A7%81%E3%81%AF%E3%81%8C%E3%81%A1%E3%81%BB%E3%82%82" n3="%E3%82%A6%E3%83%92%E3%83%A7%E5%8A%A9" dan="16,16,17,16" rate="2103.45,2074.30,2210.26,2063.63" sx="M,M,M,M"/><TAIKYOKU oya="0"/><INIT seed="0,0,0,5,0,118" ten="250,250,250,250" oya="0" hai0="61,54,41,10,60,125,26,80,79,84,98,133,120" hai1="91,42,77,93,8,2,83,48,117,33,116,64,127" hai2="15,134,58,126,108,30,73,85,24,128,71,57,62" hai3="65,25,101,76,82,75,70,37,74,45,102,110,28"/><T121/><D41/><U31/><E64/><V94/><F73/><W21/><G75/><T43/><D43/><U63/><E127/><V22/><F108/><W6/><G6/><T50/><D125/><U55/><E63/><V109/><F109/><W34/><G21/><T47/><D133/><U14/><E42/><V135/><F128/><W56/><G56/><T104/><D26/><U78/><E2/><V112/><F112/><W114/><G114/><T44/><D44/><U105/><E105/><V59/><F126/><W124/><G124/><T92/><D104/><U51/><E51/><V95/><F15/><W90/><G90/><T96/><D96/><U129/><E129/><V11/><F11/><W1/><G1/><T72/><D72/><U19/><E33/><V32/><F32/><W81/><G81/><T18/><D61/><U46/><E31/><V68/><F62/><N who="3" m="40247" /><G110/><T119/><D60/><U123/><E123/><V39/><F68/><W17/><G17/><T20/><D10/><U49/><E49/><V99/><F71/><W23/><G34/><T100/><REACH who="0" step="1"/><D119/><REACH who="0" ten="240,250,250,250" step="2"/><U7/><E117/><V131/><F131/><W52/><G37/><T3/><D3/><U36/><E36/><V67/><F39/><W115/><G115/><T12/><AGARI ba="0,1" hai="12,18,20,47,50,54,79,80,84,92,98,100,120,121" machi="12" ten="20,12000,1" yaku="1,1,0,1,7,1,52,2,53,0" doraHai="118" doraHaiUra="107" who="0" fromWho="0" sc="240,130,250,-40,250,-40,250,-40" /><INIT seed="0,1,0,5,3,33" ten="370,210,210,210" oya="0" hai0="59,124,118,11,92,57,67,71,7,22,48,117,21" hai1="129,6,91,78,47,43,58,16,64,82,66,88,60" hai2="8,62,134,28,104,4,42,101,72,106,77,131,96" hai3="111,86,69,30,132,110,128,44,38,73,0,79,89"/><T127/><D71/><U121/><E129/><V19/><F131/><W119/><G128/><T122/><D122/><U123/><E66/><V135/><F19/><W40/><G119/><N who="0" m="45579" /><D92/><U94/><E6/><V84/><F28/><W116/><G116/><T99/><D99/><U18/><E123/><V27/><F27/><W32/><G69/><T125/><D48/><U105/><E105/><N who="2" m="63655" /><F62/><W23/><G132/><N who="2" m="50729" /><F42/><W115/><G115/><T90/><D90/><U13/><E121/><V34/><F34/><W65/><G65/><T1/><D67/><U20/><E94/><V120/><F120/><W74/><G32/><T10/><D59/><U51/><REACH who="1" step="1"/><E18/><REACH who="1" ten="370,200,210,210" step="2"/><V49/><F106/><W130/><G130/><T5/><D57/><U61/><E61/><V15/><F104/><W36/><G44/><T2/><AGARI ba="1,1" hai="1,2,5,7,10,11,21,22,124,125,127" m="45579" machi="2" ten="40,12000,1" yaku="18,1,34,2,52,2" doraHai="33" who="0" fromWho="0" sc="370,133,200,-41,210,-41,210,-41" /><INIT seed="0,2,0,2,0,54" ten="503,159,169,169" oya="0" hai0="0,112,80,6,39,126,82,67,84,120,5,121,51" hai1="34,8,122,134,129,30,81,123,108,66,9,109,42" hai2="26,45,71,111,29,60,113,68,87,130,41,106,53" hai3="62,24,88,23,57,59,36,107,10,56,115,119,124"/><T104/><D39/><U64/><E42/><V40/><F106/><W85/><G119/><T86/><D104/><U132/><E81/><V117/><F113/><W77/><G115/><T4/><D112/><U32/><REACH who="1" step="1"/><E30/><REACH who="1" ten="503,149,169,169" step="2"/><V118/><F40/><W19/><G107/><T116/><D116/><U75/><E75/><V103/><F41/><W97/><G124/><T69/><D82/><U100/><E100/><V76/><F103/><W78/><G36/><T74/><D80/><U37/><E37/><V31/><F31/><W7/><G62/><T20/><D74/><U11/><E11/><V63/><F29/><W94/><REACH who="3" step="1"/><G97/><REACH who="3" ten="503,149,169,159" step="2"/><T125/><D126/><U99/><E99/><V93/><F60/><W52/><G52/><T2/><D125/><U105/><E105/><V13/><F63/><W3/><AGARI ba="2,2" hai="3,7,10,19,23,24,56,57,59,77,78,85,88,94" machi="3" ten="30,12000,2" yaku="1,1,0,1,52,3,54,1,53,0" doraHai="54" doraHaiUra="133" who="3" fromWho="3" sc="503,-62,149,-32,169,-32,159,146" /><INIT seed="1,0,0,0,0,102" ten="441,117,137,305" oya="1" hai0="11,97,73,87,80,14,25,7,126,51,108,13,42" hai1="134,78,83,85,41,130,118,89,21,35,129,123,4" hai2="90,33,135,121,44,115,92,124,101,133,26,52,82" hai3="119,116,91,19,39,43,37,71,32,98,54,18,64"/><U76/><E35/><V125/><F82/><W49/><G32/><T63/><D73/><U111/><E41/><V50/><F101/><W131/><G71/><T2/><D108/><U47/><E4/><V106/><F106/><W68/><G68/><T77/><D126/><N who="2" m="48746" /><F121/><W62/><G64/><T84/><D63/><U110/><E47/><V132/><F115/><W24/><G62/><T114/><D114/><U56/><E21/><V57/><F33/><W105/><G131/><N who="1" m="50186" /><E56/><V29/><F29/><W28/><G43/><T17/><D25/><U93/><E123/><V59/><F26/><W109/><G109/><N who="1" m="41482" /><E118/><N who="3" m="45098" /><G39/><T46/><D2/><U79/><E134/><V99/><AGARI ba="0,0" hai="44,50,52,57,59,90,92,99,132,133,135" m="48746" machi="99" ten="40,5200,0" yaku="20,1,18,1,54,1" doraHai="102" who="2" fromWho="2" sc="441,-13,117,-26,137,52,305,-13" /><INIT seed="2,0,0,0,2,86" ten="428,91,189,292" oya="2" hai0="123,0,68,54,47,77,21,6,67,62,2,99,12" hai1="64,71,102,7,15,74,120,50,9,76,52,63,95" hai2="89,14,5,122,28,118,4,1,114,40,46,35,51" hai3="81,103,90,34,106,17,104,48,107,59,42,88,82"/><V8/><F114/><W37/><G34/><T113/><D113/><U96/><E120/><V43/><F122/><W3/><G3/><T92/><D77/><U26/><E76/><V109/><F118/><W100/><G37/><T94/><D123/><U30/><E74/><V130/><F130/><W22/><G59/><T55/><D94/><U121/><E121/><V20/><F109/><W18/><G48/><T111/><D111/><U80/><E80/><N who="3" m="30826" /><G42/><T110/><D110/><U135/><E135/><V85/><F35/><W66/><G66/><T27/><D12/><U53/><REACH who="1" step="1"/><E50/><REACH who="1" ten="428,81,189,292" step="2"/><V128/><F128/><W70/><G107/><T87/><D62/><U38/><E38/><V134/><F134/><W49/><G106/><T23/><D0/><U56/><E56/><V41/><F1/><W65/><G104/><T60/><D2/><U72/><E72/><V31/><F51/><W83/><G83/><T97/><D60/><U101/><E101/><V119/><F46/><W39/><G49/><T16/><D47/><U126/><E126/><V131/><F131/><W57/><G39/><T132/><D132/><U117/><E117/><V105/><F105/><W93/><G103/><T45/><D45/><U116/><E116/><V58/><F119/><W36/><G36/><T25/><D68/><U75/><E75/><V108/><F58/><W125/><G70/><T98/><D55/><U79/><E79/><V24/><F108/><W112/><G125/><T10/><D54/><U124/><E124/><V61/><F61/><W84/><G100/><T69/><D69/><U11/><E11/><RYUUKYOKU ba="0,1" sc="428,-10,81,30,189,-10,292,-10" hai1="7,9,15,26,30,52,53,63,64,71,95,96,102" /><INIT seed="3,1,1,3,0,103" ten="418,111,179,282" oya="3" hai0="76,40,114,67,123,20,21,28,34,43,10,77,78" hai1="35,107,52,126,12,80,134,31,127,104,25,2,125" hai2="131,90,84,44,119,120,122,88,89,54,79,63,15" hai3="91,19,124,24,113,68,32,112,117,38,116,60,45"/><W64/><G91/><T50/><D123/><N who="2" m="47146" /><F119/><N who="3" m="45643" /><G19/><T115/><D67/><U95/><E2/><V87/><F131/><W62/><G124/><T75/><D75/><U118/><E118/><V11/><F79/><W4/><G4/><T37/><D37/><U73/><E95/><V0/><F0/><W71/><G24/><N who="0" m="18695" /><D50/><U94/><E94/><V135/><F135/><W53/><G32/><T6/><D40/><U47/><E12/><V8/><F8/><W109/><G109/><T16/><D43/><U97/><E97/><V55/><F44/><W74/><G74/><T66/><D66/><U102/><E102/><V33/><F33/><W106/><G53/><N who="2" m="19977" /><F63/><W83/><G62/><T128/><D20/><U69/><E69/><V23/><F23/><W39/><G71/><T111/><D111/><U36/><E134/><V22/><F22/><W110/><G110/><T133/><D133/><U58/><E47/><V3/><F3/><W100/><G83/><T101/><D10/><U129/><E36/><N who="3" m="13866" /><G45/><T42/><D6/><AGARI ba="1,1" hai="6,11,15,84,87,88,89,90" m="19977,47146" machi="6" ten="30,2000,0" yaku="13,1,54,1" doraHai="103" who="2" fromWho="0" sc="418,-23,111,0,179,33,282,0" /><INIT seed="4,0,0,4,5,90" ten="395,111,212,282" oya="0" hai0="51,4,109,97,64,120,47,127,132,135,101,83,61" hai1="33,65,52,46,91,99,111,55,86,105,133,118,124" hai2="17,107,98,75,18,19,44,6,113,117,53,122,92" hai3="31,56,96,49,74,70,79,38,73,129,131,123,35"/><T114/><D120/><U126/><E33/><V84/><F75/><W104/><G38/><T108/><D4/><U95/><E118/><V13/><F122/><W5/><G5/><T71/><D83/><U26/><E111/><N who="0" m="42569" /><D114/><U28/><E133/><N who="0" m="51273" /><D101/><N who="1" m="62655" /><E65/><V60/><F113/><W24/><G123/><T29/><D29/><U62/><E62/><V21/><F6/><W42/><G79/><T77/><D77/><U130/><E130/><N who="3" m="49674" /><G70/><T58/><D97/><U68/><E68/><V125/><F117/><W54/><G42/><N who="0" m="25079" /><D127/><N who="1" m="48683" /><E46/><V48/><F125/><W39/><G39/><T34/><D34/><U67/><E67/><V93/><F107/><W3/><G3/><T43/><D43/><U10/><E10/><V27/><F27/><W50/><G104/><T22/><D22/><U76/><E76/><V0/><F0/><W82/><G96/><T102/><D102/><U11/><E11/><V66/><F98/><W72/><G82/><T57/><AGARI ba="0,0" hai="57,58,61,64,71" m="25079,51273,42569" machi="57" ten="40,12000,1" yaku="10,1,20,1,34,2" doraHai="90" who="0" fromWho="0" sc="395,120,111,-40,212,-40,282,-40" /><INIT seed="4,1,0,5,3,72" ten="515,71,172,242" oya="0" hai0="86,29,98,133,20,128,53,16,44,90,36,106,0" hai1="60,49,23,122,125,24,58,74,127,77,19,97,42" hai2="2,81,56,84,116,108,110,119,67,15,38,107,18" hai3="27,13,57,111,69,85,91,120,70,48,47,80,96"/><T62/><D0/><U3/><E122/><V10/><F107/><W51/><G120/><T118/><D118/><N who="2" m="45098" /><F38/><W76/><G111/><T124/><D124/><U7/><E3/><V35/><F35/><W71/><G57/><T1/><D1/><U22/><E7/><V113/><F2/><W9/><G27/><T55/><D128/><U64/><E97/><V54/><F67/><W50/><G96/><T65/><D133/><U63/><E63/><N who="2" m="36247" /><F113/><W102/><G91/><AGARI ba="1,0" hai="10,15,18,81,84,91,108,110" m="36247,45098" machi="91" ten="30,1000,0" yaku="12,1" doraHai="72" who="2" fromWho="3" sc="515,0,71,0,172,13,242,-13" /><INIT seed="5,0,0,3,1,63" ten="515,71,185,229" oya="1" hai0="69,134,97,83,6,102,101,122,25,115,80,92,70" hai1="34,5,37,106,48,17,54,123,131,29,21,11,26" hai2="40,132,30,121,113,8,31,130,127,118,71,98,77" hai3="129,39,128,100,9,89,16,72,95,53,44,32,87"/><U110/><E106/><V50/><F98/><W105/><G72/><T3/><D3/><U124/><E131/><N who="3" m="50250" /><G32/><T19/><D6/><U64/><E124/><V42/><F77/><W58/><G44/><T104/><D25/><U36/><E110/><V79/><F79/><W84/><G39/><T62/><D19/><U57/><E123/><V60/><F8/><W107/><G84/><T133/><D62/><U82/><E82/><V10/><F10/><W13/><G100/><T41/><D41/><U111/><E111/><V76/><F76/><W135/><G135/><T117/><D117/><U75/><E75/><V51/><F132/><W35/><G35/><T81/><D122/><U45/><E45/><V66/><F118/><W28/><G28/><T12/><D12/><U94/><E94/><V65/><F121/><W93/><G93/><T18/><D18/><U49/><E49/><AGARI ba="0,0" hai="9,13,16,49,53,58,87,89,95,105,107" m="50250" machi="49" ten="30,2000,0" yaku="19,1,54,1" doraHai="63" who="3" fromWho="1" sc="515,0,71,-20,185,0,229,20" /><INIT seed="6,0,0,0,5,95" ten="515,51,185,249" oya="2" hai0="47,29,57,3,110,118,106,9,63,97,112,50,28" hai1="75,84,8,64,81,80,18,34,111,42,67,68,16" hai2="31,4,135,46,113,73,99,109,55,33,120,114,53" hai3="60,30,36,101,96,105,87,74,117,108,88,40,134"/><V100/><F73/><W48/><G117/><T21/><D110/><U41/><E111/><V91/><F4/><W51/><G108/><T70/><D70/><U17/><E75/><V45/><F120/><W24/><G74/><T62/><D118/><U65/><E34/><V104/><F109/><W107/><G107/><T15/><D3/><U27/><E68/><V49/><F91/><W11/><G11/><T19/><D112/><U26/><E8/><V77/><F77/><W126/><G126/><T54/><D63/><U61/><E61/><V78/><F78/><W72/><G72/><T52/><D106/><U0/><E0/><V6/><F6/><W66/><G134/><T98/><D28/><U102/><E102/><V82/><F82/><N who="1" m="31849" /><E84/><V119/><F135/><W25/><G40/><AGARI ba="0,0" hai="16,17,18,26,27,40,41,42,64,65,67" m="31849" machi="40" ten="40,8000,1" yaku="28,2,8,1,54,1" doraHai="95" who="1" fromWho="3" sc="515,0,51,80,185,0,249,-80" /><INIT seed="7,0,0,0,2,46" ten="515,131,185,169" oya="3" hai0="80,97,73,31,4,2,20,91,116,36,1,26,64" hai1="85,94,71,74,87,135,101,103,114,120,95,6,99" hai2="84,37,59,49,126,16,108,62,65,124,117,13,104" hai3="42,61,90,89,96,45,63,92,39,27,24,3,33"/><W53/><G3/><T125/><D36/><U58/><E71/><V81/><F37/><W14/><G33/><T82/><D73/><U122/><E6/><V56/><F104/><W52/><G14/><T18/><D64/><U115/><E58/><N who="2" m="37079" /><F108/><W75/><G75/><T19/><D125/><N who="2" m="48234" /><F49/><N who="3" m="26807" /><G89/><T41/><D41/><U119/><E74/><V21/><F117/><W30/><G39/><T112/><D116/><U44/><E44/><V55/><F55/><N who="3" m="21067" /><G30/><T57/><D91/><AGARI ba="0,0" hai="13,16,21,56,59,81,84,91" m="48234,37079" machi="91" ten="30,2000,0" yaku="18,1,54,1" doraHai="46" who="2" fromWho="0" sc="515,-20,131,0,185,20,169,0" owari="495,59.0,131,-37.0,205,1.0,169,-23.0" /></mjloggm>