<mjloggm ver="2.3"><GO type="169" lobby="0"/><UN n0="%E9%A0%88%E4%BD%90%E4%B9%8B%E7%94%B7" n1="%E6%94%BE%E9%8A%83%E7%8E%8B%EF%BC%94" n2="%EF%BC%A4%EF%BC%B2%EF%BC%AF%EF%BC%B0" n3="%E5%B0%B1%E6%B4%BB%E7%94%9F%40%E5%B7%9D%E6%9D%91%E8%BB%8D%E5%9B%A3" dan="16,16,17,17" rate="2044.47,2146.06,2153.42,2223.43" sx="M,M,M,M"/><TAIKYOKU oya="0"/><INIT seed="0,0,0,4,5,102" ten="250,250,250,250" oya="0" hai0="95,71,46,4,23,47,110,3,135,43,6,40,61" hai1="66,81,59,68,26,100,85,33,130,121,13,41,63" hai2="38,35,74,133,119,16,127,122,104,55,73,132,96" hai3="129,0,64,62,76,126,91,88,29,72,45,80,11"/><T49/><D135/><U109/><E121/><V117/><F122/><W17/><G129/><T30/><D3/><U50/><E130/><V39/><F35/><W113/><G113/><T98/><D110/><U78/><E109/><V112/><F55/><W125/><G29/><T90/><D71/><U1/><E1/><V34/><F34/><W53/><G53/><T8/><D61/><U75/><E100/><N who="2" m="62471" /><F112/><W105/><G105/><T5/><D8/><U92/><E13/><V115/><F16/><W120/><G120/><T24/><REACH who="0" step="1"/><D5/><REACH who="0" ten="240,250,250,250" step="2"/><U58/><E68/><V12/><F115/><W103/><G0/><T25/><D25/><U99/><E26/><V36/><F12/><W48/><G11/><T86/><D86/><U18/><E85/><V83/><F127/><W54/><G125/><T82/><D82/><U22/><E81/><V2/><F2/><W97/><G126/><T111/><D111/><U51/><E63/><V67/><F83/><W21/><G62/><T37/><AGARI ba="0,1" hai="4,6,23,24,30,37,40,43,46,47,49,90,95,98" machi="37" ten="20,3900,0" yaku="1,1,0,1,7,1,53,0" doraHai="102" doraHaiUra="128" who="0" fromWho="0" sc="240,49,250,-13,250,-13,250,-13" /><INIT seed="0,1,0,4,4,3" ten="289,237,237,237" oya="0" hai0="29,43,90,49,64,97,72,10,88,37,129,33,61" hai1="58,18,62,24,120,78,39,103,59,118,94,66,15" hai2="113,114,45,99,42,57,109,81,20,133,122,50,127" hai3="21,121,108,41,68,13,16,79,48,28,83,115,111"/><T5/><D72/><U80/><E120/><V86/><F122/><W52/><G68/><T47/><D129/><U22/><E39/><V31/><F109/><N who="3" m="42059" /><G115/><T125/><D125/><U82/><E118/><V46/><F127/><W123/><G28/><T105/><D37/><U38/><E38/><V55/><F133/><W134/><G41/><T40/><D40/><U54/><E78/><V6/><F46/><N who="3" m="27671" /><G134/><T51/><D51/><U73/><E73/><AGARI ba="1,0" hai="13,16,21,73,79,83,121,123" m="27671,42059" machi="73" ten="30,3900,0" yaku="14,1,54,2" doraHai="3" who="3" fromWho="1" sc="289,0,237,-42,237,0,237,42" /><INIT seed="1,0,0,1,0,26" ten="289,195,237,279" oya="1" hai0="20,122,101,49,8,79,90,121,14,64,95,61,53" hai1="34,60,3,105,70,87,30,12,116,77,35,135,32" hai2="80,96,107,57,71,67,43,114,62,50,25,18,28" hai3="134,115,106,108,41,56,130,81,11,93,125,75,27"/><U132/><E116/><V99/><F114/><W76/><G106/><T124/><D101/><U42/><E105/><V104/><F104/><W117/><G115/><T38/><D38/><U40/><E3/><V69/><F69/><W120/><G120/><T59/><D124/><U97/><E97/><V6/><F6/><W126/><G41/><T127/><D127/><N who="3" m="48649" /><G11/><T103/><D103/><U123/><E123/><V119/><F119/><W51/><G51/><T112/><D112/><U13/><E42/><V91/><F107/><W17/><G17/><T66/><D20/><U29/><E40/><V78/><F91/><W63/><G117/><T23/><D23/><U89/><E77/><V1/><F1/><W33/><G108/><T68/><D66/><N who="1" m="41287" /><E12/><V19/><F19/><W128/><G93/><T98/><REACH who="0" step="1"/><D79/><REACH who="0" ten="279,195,237,279" step="2"/><U16/><E34/><V82/><F78/><W4/><G33/><T10/><D10/><N who="1" m="6199" /><E32/><V58/><F67/><W83/><G76/><T48/><D48/><U54/><E35/><V102/><F50/><W88/><G130/><T111/><D111/><U5/><E54/><V84/><F102/><W31/><G128/><T85/><D85/><U65/><E65/><V110/><F84/><W133/><G75/><T2/><D2/><U15/><E87/><V109/><F109/><W131/><G131/><T22/><D22/><U100/><E100/><V47/><F110/><W94/><G133/><N who="1" m="51274" /><E89/><V55/><F55/><N who="3" m="34207" /><G134/><T7/><AGARI ba="0,1" hai="7,8,14,49,53,59,61,64,68,90,95,98,121,122" machi="7" ten="30,2000,0" yaku="1,1,0,1,53,0" doraHai="26" doraHaiUra="37" who="0" fromWho="0" sc="279,30,195,-10,237,-5,279,-5" /><INIT seed="2,0,0,0,0,48" ten="309,185,232,274" oya="2" hai0="118,19,121,132,58,107,17,59,50,49,5,108,54" hai1="114,43,3,63,52,106,46,56,85,83,39,26,12" hai2="22,35,9,133,68,28,73,95,29,37,55,128,117" hai3="87,40,135,30,34,4,25,16,2,82,33,67,23"/><V124/><F117/><W64/><G135/><T90/><D121/><U84/><E3/><V11/><F35/><W51/><G34/><T98/><D132/><U20/><E106/><V31/><F37/><W113/><G113/><T6/><D118/><U93/><E114/><V109/><F68/><W130/><G130/><T129/><D108/><U89/><E12/><V102/><F73/><W42/><G4/><T38/><D38/><U1/><E1/><V61/><F133/><W80/><G2/><T62/><D129/><U74/><E74/><V126/><F128/><W131/><G131/><T57/><D107/><U101/><E101/><V112/><F112/><W81/><G87/><T72/><D72/><U77/><REACH who="1" step="1"/><E20/><REACH who="1" ten="309,175,232,274" step="2"/><V96/><F22/><W91/><G91/><T120/><D90/><U21/><E21/><V115/><F115/><W75/><G75/><T15/><D15/><U18/><E18/><V94/><F109/><W134/><G134/><T111/><D111/><U125/><E125/><V71/><F126/><W8/><G33/><T103/><D103/><U65/><E65/><V105/><F124/><W7/><G67/><T86/><D19/><U110/><E110/><V99/><F105/><W70/><G64/><T104/><D17/><U69/><E69/><V24/><F71/><W127/><G127/><T123/><D104/><U44/><E44/><V100/><F24/><AGARI ba="0,1" hai="24,26,39,43,46,52,56,63,77,83,84,85,89,93" machi="24" ten="40,5200,0" yaku="1,1,52,1,54,1,53,0" doraHai="48" doraHaiUra="27" who="1" fromWho="2" sc="309,0,175,62,232,-52,274,0" /><INIT seed="3,0,0,5,5,44" ten="309,237,180,274" oya="3" hai0="134,67,110,62,64,7,57,40,122,26,1,106,13" hai1="83,71,38,65,37,128,88,117,85,27,47,9,124" hai2="11,72,48,86,23,55,35,28,102,116,75,63,12" hai3="129,4,99,46,108,49,36,90,69,20,68,14,92"/><W39/><G129/><T22/><D122/><U56/><E128/><V60/><F116/><W126/><G126/><T89/><D110/><U31/><E124/><V8/><F35/><W6/><G108/><T91/><D106/><U97/><E71/><V93/><F75/><W131/><G131/><T82/><D1/><U119/><E9/><N who="2" m="3659" /><F72/><W10/><G4/><T109/><D40/><U123/><E123/><V45/><F102/><W17/><G69/><T79/><D13/><U25/><E25/><N who="2" m="16447" /><F12/><W58/><G68/><T132/><D109/><U78/><E47/><V101/><F101/><W2/><REACH who="3" step="1"/><G58/><REACH who="3" ten="309,237,180,264" step="2"/><T54/><D57/><U94/><E119/><V51/><F93/><W104/><G104/><T41/><D7/><U114/><E117/><V33/><F33/><W133/><G133/><T135/><D135/><U105/><E105/><V61/><F86/><W59/><G59/><T0/><D134/><U74/><E85/><V34/><F34/><W121/><G121/><T53/><D132/><U84/><E84/><V81/><F81/><W95/><G95/><T100/><D82/><U66/><E114/><V120/><F120/><W70/><G70/><T18/><D0/><U111/><E111/><V29/><F29/><W130/><G130/><T77/><D77/><U24/><E31/><V73/><F73/><W125/><G125/><T30/><D30/><U21/><E74/><V103/><F103/><W115/><G115/><T118/><D79/><U42/><E83/><V80/><F80/><W96/><G96/><T19/><D100/><U16/><E78/><V113/><F113/><RYUUKYOKU ba="0,1" sc="309,-15,237,-15,180,15,264,15" hai2="45,48,51,55,60,61,63" hai3="2,6,10,14,17,20,36,39,46,49,90,92,99" /><INIT seed="3,1,1,3,4,18" ten="294,222,195,279" oya="3" hai0="109,110,5,132,6,16,83,80,63,114,108,130,128" hai1="127,134,48,43,131,10,24,42,97,21,46,30,74" hai2="57,9,81,66,40,94,45,133,35,14,13,23,113" hai3="34,111,15,105,135,89,28,60,58,107,2,102,116"/><W8/><G116/><T93/><D132/><U41/><E74/><V115/><F35/><W79/><G2/><T70/><D114/><U25/><E134/><V56/><F133/><W65/><G135/><T36/><D36/><U26/><E131/><N who="0" m="50217" /><D93/><U75/><E75/><V50/><F94/><W3/><G3/><T126/><D126/><U99/><E127/><V4/><F81/><N who="0" m="31306" /><D70/><U27/><REACH who="1" step="1"/><E10/><REACH who="1" ten="294,212,195,279" step="2"/><V29/><F115/><W55/><G8/><T44/><D109/><U87/><E87/><V71/><F113/><W96/><G111/><T100/><D110/><U68/><E68/><V53/><F71/><W122/><G122/><T67/><D108/><U123/><E123/><V119/><F119/><W84/><G84/><T103/><D5/><U78/><E78/><V49/><F4/><W112/><G79/><T85/><D6/><U64/><E64/><V73/><F73/><W77/><G77/><T32/><D85/><U19/><E19/><V7/><F7/><W1/><G1/><T47/><D16/><U101/><E101/><V52/><F9/><W76/><G76/><T59/><D103/><U88/><E88/><V62/><REACH who="2" step="1"/><F66/><REACH who="2" ten="294,212,185,279" step="2"/><W125/><G65/><T69/><D67/><U82/><E82/><V91/><F91/><W121/><G89/><T95/><D69/><U90/><E90/><V37/><F37/><W33/><G112/><T106/><D100/><U120/><E120/><V92/><F92/><W11/><G121/><T86/><D95/><U39/><E39/><V117/><F117/><W38/><G38/><T51/><D86/><U22/><E22/><RYUUKYOKU ba="1,3" sc="294,-15,212,15,185,15,279,-15" hai1="21,24,25,26,27,30,41,42,43,46,48,97,99" hai2="13,14,23,29,40,45,49,50,52,53,56,57,62" /><INIT seed="4,2,3,0,1,49" ten="279,227,200,264" oya="0" hai0="32,56,125,23,17,118,91,25,130,64,1,128,18" hai1="72,62,132,93,131,61,79,15,48,60,37,87,86" hai2="20,46,120,75,53,13,7,28,24,29,58,113,89" hai3="51,90,38,8,98,16,40,84,92,52,73,135,112"/><T66/><D118/><U68/><E37/><V109/><F109/><W102/><G73/><T99/><D1/><U78/><E72/><V9/><F120/><W82/><G112/><T119/><D119/><U106/><E106/><V26/><F75/><W111/><G111/><T97/><D32/><U117/><E117/><V123/><F113/><W88/><G135/><T95/><D125/><U27/><E68/><V11/><F123/><W81/><G38/><T10/><D99/><U5/><E132/><V122/><F122/><W22/><G40/><T76/><D76/><N who="1" m="29227" /><E131/><N who="0" m="50217" /><D56/><U115/><E115/><V100/><F100/><W14/><G8/><T134/><D134/><U74/><E74/><V44/><F89/><N who="3" m="34411" /><G84/><T85/><D85/><U127/><E127/><V43/><F11/><W110/><G110/><T71/><D71/><U129/><E87/><V31/><F43/><W108/><G108/><T47/><D47/><AGARI ba="2,3" hai="14,16,22,47,51,52,81,82,92,98,102" m="34411" machi="47" ten="30,8000,1" yaku="8,1,52,1,54,3" doraHai="49" who="3" fromWho="0" sc="279,-86,227,0,200,0,264,116" /><INIT seed="5,0,0,5,0,96" ten="193,227,200,380" oya="1" hai0="105,67,40,20,49,37,128,65,6,75,77,113,34" hai1="121,85,78,55,123,48,132,0,124,16,60,83,69" hai2="118,26,5,61,107,120,98,12,4,122,14,8,134" hai3="53,50,133,21,111,109,81,112,1,39,32,93,46"/><U99/><E0/><V90/><F118/><W80/><G32/><T92/><D128/><U27/><E132/><V72/><F72/><W66/><G1/><T116/><D116/><U43/><E124/><V114/><F134/><W76/><G133/><T79/><D105/><U102/><E43/><V54/><F114/><W104/><G104/><T88/><D34/><U10/><E60/><V106/><F106/><W9/><G112/><T42/><D37/><U7/><E69/><V17/><F26/><W59/><G80/><T64/><D113/><U33/><E7/><V135/><F135/><W30/><G9/><T119/><D119/><U73/><E73/><V74/><F74/><W11/><G11/><T31/><D6/><U130/><E130/><V22/><F4/><W3/><G3/><T52/><D75/><U71/><E71/><V36/><F36/><W35/><G35/><T70/><D70/><U127/><E127/><V103/><REACH who="2" step="1"/><F90/><REACH who="2" ten="193,227,190,380" step="2"/><W13/><G39/><T29/><D29/><U94/><E33/><V82/><F82/><W100/><G30/><T58/><D77/><U131/><E131/><V44/><F44/><W68/><G46/><T95/><D79/><U108/><E27/><V89/><F89/><W84/><G81/><T28/><D28/><U51/><E83/><V62/><F62/><W23/><G76/><T57/><D92/><U41/><E78/><V56/><AGARI ba="0,1" hai="5,8,12,14,17,22,54,56,61,98,103,107,120,122" machi="56" ten="30,4000,0" yaku="1,1,0,1,52,1,53,0" doraHai="96" doraHaiUra="87" who="2" fromWho="2" sc="193,-10,227,-20,190,50,380,-10" /><INIT seed="6,0,0,5,0,129" ten="183,207,240,370" oya="2" hai0="8,56,50,95,64,89,92,53,82,49,12,43,109" hai1="1,134,73,37,120,4,62,81,61,18,55,80,34" hai2="60,127,83,96,52,132,0,5,46,2,3,123,113" hai3="126,107,76,116,16,122,70,87,108,79,58,17,14"/><V20/><F123/><W45/><G70/><T65/><D109/><U68/><E37/><V48/><F113/><W57/><G107/><T47/><D82/><U103/><E34/><V77/><F127/><W88/><G108/><T11/><D11/><U99/><E68/><V119/><F119/><W121/><G116/><T74/><D95/><U91/><E120/><V35/><F35/><W69/><G69/><T44/><D56/><U36/><E73/><V67/><F5/><W19/><G126/><T78/><D78/><N who="3" m="29737" /><G122/><T98/><REACH who="0" step="1"/><D74/><REACH who="0" ten="173,207,240,370" step="2"/><U110/><E81/><V85/><F77/><W101/><G58/><T6/><AGARI ba="0,1" hai="6,8,12,43,44,47,49,50,53,64,65,89,92,98" machi="6" ten="20,8000,1" yaku="1,1,2,1,0,1,7,1,8,1,53,0" doraHai="129" doraHaiUra="133" who="0" fromWho="0" sc="173,90,207,-20,240,-40,370,-20" /><INIT seed="7,0,0,5,0,135" ten="263,187,200,350" oya="3" hai0="122,32,20,128,100,45,101,18,105,48,27,22,19" hai1="74,67,134,113,68,49,121,84,36,125,8,86,110" hai2="12,111,132,133,69,106,66,81,1,33,11,52,98" hai3="3,75,15,53,62,21,31,46,102,103,107,50,37"/><W92/><G3/><T95/><D122/><U65/><E110/><V77/><F111/><W34/><G75/><T126/><D105/><U61/><E121/><V114/><F1/><W17/><G107/><T72/><D72/><U4/><E36/><V7/><F33/><W43/><G62/><T88/><D32/><U35/><E35/><V131/><F66/><W130/><G130/><T41/><D126/><U9/><E74/><V118/><F69/><W109/><G109/><T93/><D93/><U59/><E134/><N who="2" m="51819" /><F118/><W13/><G13/><N who="0" m="9295" /><D128/><U10/><E113/><V71/><F71/><W26/><G92/><T79/><D79/><U85/><E49/><V115/><F52/><W57/><AGARI ba="0,0" hai="15,17,21,26,31,34,37,43,46,50,53,57,102,103" machi="57" ten="20,2100,0" yaku="0,1,7,1" doraHai="135" who="3" fromWho="3" sc="263,-7,187,-7,200,-7,350,21" owari="256,6.0,180,-32.0,193,-21.0,371,47.0" /></mjloggm>