<mjloggm ver="2.3"><GO type="225" lobby="0"/><UN n0="%E2%80%A0%58%54%45%4E%44%E2%80%A0" n1="%E5%A4%A2%E5%96%B0%E3%81%84" n2="%E3%82%A6%E3%83%AB%E3%83%88%E3%83%A9%E7%AB%8B%E7%9B%B4" n3="%E3%83%9B%E3%83%B3%E3%82%A4%E3%83%84%E5%8E%A8" dan="17,16,17,16" rate="2127.75,2163.50,2191.87,2075.50" sx="F,F,M,M"/><TAIKYOKU oya="0"/><INIT seed="0,0,0,4,2,16" ten="250,250,250,250" oya="0" hai0="46,49,106,83,59,75,19,45,68,53,87,76,43" hai1="101,118,57,123,26,98,84,122,62,38,15,9,2" hai2="116,29,25,17,66,105,79,55,72,6,35,51,104" hai3="61,41,112,128,108,92,27,64,58,126,69,131,60"/><T135/><D106/><U97/><E2/><V109/><F109/><W7/><G108/><T44/><D68/><U89/><E118/><V107/><F116/><W95/><G112/><T70/><D70/><U32/><E38/><V12/><F66/><W56/><G7/><T24/><D135/><U125/><E125/><V36/><F36/><W88/><G41/><T40/><D75/><U99/><E32/><V113/><F113/><W4/><G4/><T0/><D0/><U124/><E124/><V81/><F6/><W110/><G110/><T13/><REACH who="0" step="1"/><D24/><REACH who="0" ten="240,250,250,250" step="2"/><U20/><E122/><V93/><F107/><W127/><G27/><T82/><D82/><U37/><E123/><V34/><F93/><W114/><G69/><T134/><D134/><U78/><E26/><V119/><F119/><W80/><G80/><T94/><D94/><U48/><E15/><V39/><F35/><W11/><G114/><T1/><D1/><U102/><E102/><V132/><F132/><W21/><G95/><T86/><D86/><U5/><E84/><V67/><F105/><W120/><G120/><T30/><D30/><U31/><E31/><V133/><F133/><W14/><G127/><T18/><D18/><U90/><E101/><V130/><F104/><W47/><G126/><T65/><D65/><U63/><E5/><V28/><F67/><W117/><G92/><T121/><D121/><U10/><E99/><V85/><F29/><W74/><G74/><T54/><D54/><U73/><E73/><V111/><F72/><W115/><G115/><T129/><D129/><U77/><E98/><RYUUKYOKU ba="0,1" sc="240,30,250,-10,250,-10,250,-10" hai0="13,19,40,43,44,45,46,49,53,59,76,83,87" /><INIT seed="0,1,1,1,1,118" ten="270,240,240,240" oya="0" hai0="134,33,98,4,123,38,105,120,19,14,111,43,45" hai1="16,39,92,60,6,52,50,46,69,129,132,77,135" hai2="67,109,86,112,101,47,104,90,49,96,2,5,107" hai3="80,9,58,35,1,72,89,48,3,31,126,85,84"/><T131/><D33/><U36/><E6/><V83/><F112/><W81/><G72/><T20/><D4/><U95/><E77/><V54/><F109/><W40/><G126/><T41/><D41/><U56/><E69/><V25/><F67/><W24/><G9/><T27/><D111/><U127/><E127/><V37/><F37/><W62/><G48/><T100/><D27/><U26/><E129/><V71/><F71/><W106/><G106/><T8/><D8/><U51/><E39/><V133/><F133/><N who="1" m="51273" /><E36/><V79/><F5/><W108/><G40/><T32/><D134/><U103/><E103/><V57/><F2/><W53/><G108/><T13/><D32/><U63/><E51/><V68/><F68/><W44/><G44/><T102/><D131/><U130/><E130/><V55/><F25/><W10/><G10/><T73/><D102/><U115/><E115/><V97/><F107/><W93/><G93/><N who="1" m="35914" /><E46/><V88/><REACH who="2" step="1"/><F97/><REACH who="2" ten="270,240,230,240" step="2"/><W121/><G62/><AGARI ba="1,2" hai="47,49,54,55,57,62,79,83,86,88,90,96,101,104" machi="62" ten="30,7700,0" yaku="1,1,2,1,7,1,54,1,53,0" doraHai="118" doraHaiUra="116" who="2" fromWho="3" sc="270,0,240,0,230,100,240,-80" /><INIT seed="1,0,0,5,3,135" ten="270,240,330,160" oya="1" hai0="69,43,12,32,85,46,11,121,31,71,56,112,16" hai1="122,2,14,96,100,102,75,97,131,120,86,73,59" hai2="101,64,81,87,47,60,82,8,111,30,29,41,50" hai3="20,7,37,129,83,76,117,92,98,21,48,90,45"/><U4/><E2/><V39/><F111/><W54/><G129/><T28/><D112/><U35/><E4/><V15/><F101/><W132/><G132/><T119/><D119/><U89/><E35/><V68/><F39/><W55/><G117/><T133/><D121/><N who="1" m="46699" /><E14/><V91/><F82/><W0/><G37/><T80/><D133/><U126/><E131/><V5/><AGARI ba="0,0" hai="5,8,15,29,30,41,47,50,60,64,68,81,87,91" machi="5" ten="20,1500,0" yaku="0,1,7,1" doraHai="135" who="2" fromWho="2" sc="270,-4,240,-7,330,15,160,-4" /><INIT seed="2,0,0,2,2,132" ten="266,233,345,156" oya="2" hai0="12,44,106,111,3,94,78,69,122,7,39,90,80" hai1="11,60,115,26,113,120,27,119,55,41,66,116,61" hai2="95,21,56,88,104,98,28,103,126,1,54,92,75" hai3="131,128,74,124,91,31,8,110,49,53,101,4,79"/><V100/><F1/><W85/><G31/><T19/><D122/><U112/><E11/><V24/><F75/><W117/><G117/><T9/><D106/><U25/><E120/><V38/><F38/><W14/><G101/><T72/><D69/><U57/><REACH who="1" step="1"/><E41/><REACH who="1" ten="266,223,345,156" step="2"/><V82/><F104/><W73/><G110/><T0/><D111/><U109/><E109/><V5/><F5/><W89/><G124/><T58/><D7/><U51/><E51/><V40/><F126/><W35/><G35/><T47/><D39/><U42/><E42/><V129/><F40/><W107/><G107/><T87/><D0/><U17/><E17/><V50/><F129/><N who="3" m="49739" /><G79/><T108/><D108/><U68/><AGARI ba="0,1" hai="25,26,27,55,57,60,61,66,68,112,113,115,116,119" machi="68" ten="40,2700,0" yaku="1,1,0,1,53,0" doraHai="132" doraHaiUra="36" who="1" fromWho="1" sc="266,-7,223,37,345,-13,156,-7" /><INIT seed="3,0,0,5,2,74" ten="259,260,332,149" oya="3" hai0="96,33,17,113,94,108,34,77,3,35,22,98,9" hai1="48,88,64,81,93,85,89,79,40,102,50,109,44" hai2="6,12,106,31,92,115,45,10,83,29,125,65,134" hai3="117,133,114,26,51,120,116,75,122,76,87,121,41"/><W19/><G75/><T36/><D36/><U7/><E109/><V52/><F106/><W53/><G41/><T73/><D108/><U32/><E32/><V4/><F115/><W5/><G5/><T67/><D113/><U127/><E127/><V78/><F125/><W23/><G114/><T49/><D67/><U30/><E30/><V1/><F134/><W132/><G87/><T0/><D49/><U38/><E7/><V62/><F92/><W107/><G107/><T104/><D104/><U57/><E102/><V71/><F52/><W129/><G129/><T103/><D98/><U124/><E124/><V46/><F46/><W8/><G8/><T68/><D68/><U135/><E135/><N who="3" m="51786" /><G76/><T95/><D95/><U119/><E119/><V54/><F6/><W55/><G55/><T56/><D9/><U59/><E89/><V105/><F105/><W42/><G42/><T27/><REACH who="0" step="1"/><D56/><AGARI ba="0,0" hai="19,23,26,51,53,56,116,117,120,121,122" m="51786" machi="56" ten="40,2000,0" yaku="20,1" doraHai="74" who="3" fromWho="0" sc="259,-20,260,0,332,0,149,20" /><INIT seed="3,1,0,5,0,85" ten="239,260,332,169" oya="3" hai0="26,98,107,37,122,100,101,92,17,5,73,0,20" hai1="44,131,102,36,126,106,47,120,49,82,31,51,21" hai2="56,50,11,33,71,93,97,34,124,66,4,29,112" hai3="43,24,55,58,88,105,54,108,15,84,113,110,57"/><W60/><G105/><T90/><D122/><U128/><E120/><V129/><F112/><W127/><G113/><T117/><D117/><U115/><E115/><V35/><F71/><W63/><G43/><T25/><D37/><U13/><E82/><V119/><F119/><W18/><G24/><T30/><D73/><U75/><E75/><V22/><F124/><W2/><G2/><T39/><D39/><U38/><E126/><V91/><F129/><N who="1" m="49737" /><E106/><V40/><F22/><W109/><G127/><T68/><D68/><U46/><E102/><V79/><F79/><W67/><G67/><T134/><D134/><U83/><E83/><V94/><F94/><N who="3" m="54535" /><G18/><T9/><REACH who="0" step="1"/><D107/><REACH who="0" ten="229,260,332,169" step="2"/><U14/><E36/><V69/><F69/><W121/><G15/><N who="1" m="5642" /><E38/><V12/><F12/><W96/><G96/><T125/><D125/><U1/><E1/><V77/><F97/><W62/><G121/><T99/><D99/><U41/><E41/><V48/><F40/><W111/><N who="3" m="27648" /><DORA hai="53" /><W72/><G72/><T59/><D59/><AGARI ba="1,1" hai="54,55,57,58,59,60,62,63" m="27648,54535" machi="59" ten="60,18000,2" yaku="14,1,10,1,52,4,54,1" doraHai="85,53" who="3" fromWho="0" sc="229,-183,260,0,332,0,169,193" owari="46,-45.0,260,-14.0,332,13.0,362,46.0" /></mjloggm>