<mjloggm ver="2.3"><GO type="169" lobby="0"/><UN n0="%E9%9B%80%E5%A3%AB%E3%81%AC%E3%82%8B%E3%82%8A%E3%82%93" n1="%E3%82%A6%E3%83%AB%E3%83%88%E3%83%A9%E7%AB%8B%E7%9B%B4" n2="%43%46%76%E6%9D%8F%E6%9D%8F" n3="%E3%83%8B%E3%83%A3%E3%83%83%E3%83%94%E3%83%BC%E5%A4%8F%E7%9B%AE" dan="16,17,16,16" rate="2128.38,2214.88,2080.25,2156.82" sx="M,M,F,M"/><TAIKYOKU oya="0"/><INIT seed="0,0,0,1,3,54" ten="250,250,250,250" oya="0" hai0="104,96,94,29,31,85,124,64,72,46,106,88,90" hai1="36,87,39,91,123,101,77,74,14,17,10,34,56" hai2="48,102,3,109,26,44,130,118,45,38,112,120,33" hai3="92,89,76,125,129,63,13,82,2,119,37,135,43"/><T19/><D72/><U127/><E123/><V132/><RYUUKYOKU type="yao9" ba="0,0" sc="250,0,250,0,250,0,250,0" hai2="3,26,33,38,44,45,48,102,109,112,118,120,130,132" /><INIT seed="0,1,0,4,3,40" ten="250,250,250,250" oya="0" hai0="58,89,60,28,126,62,10,15,99,115,50,103,107" hai1="85,5,93,9,13,128,41,59,2,27,68,100,94" hai2="3,81,36,14,69,71,122,32,57,82,37,70,111" hai3="33,52,23,30,129,64,98,17,19,11,109,102,56"/><T132/><D115/><U114/><E68/><V67/><F3/><W86/><G109/><T73/><D132/><U108/><E108/><V79/><F32/><W38/><G38/><T16/><D126/><U20/><E114/><V116/><F122/><W135/><G135/><T113/><D113/><U63/><E128/><V65/><F111/><W72/><G72/><T96/><D73/><U78/><E41/><V31/><F31/><W48/><G129/><T61/><D28/><U24/><E2/><V44/><F116/><W12/><G33/><T35/><D35/><U18/><E100/><V118/><F118/><W124/><G124/><T45/><D89/><U22/><E85/><V106/><F106/><W120/><G120/><T125/><D96/><U90/><E90/><V121/><F69/><W7/><G64/><T4/><D125/><U131/><E78/><V34/><F34/><W87/><G30/><T105/><D105/><U43/><E43/><V80/><F79/><W0/><REACH who="3" step="1"/><G19/><REACH who="3" ten="250,250,250,240" step="2"/><T91/><D91/><U49/><E131/><V26/><F67/><W88/><G88/><T54/><REACH who="0" step="1"/><D4/><REACH who="0" ten="240,250,250,240" step="2"/><U119/><E119/><V66/><F121/><W92/><AGARI ba="1,2" hai="0,7,11,12,17,23,48,52,56,86,87,92,98,102" machi="92" ten="20,8000,1" yaku="1,1,0,1,7,1,54,1,53,1" doraHai="40" doraHaiUra="55" who="3" fromWho="3" sc="240,-41,250,-21,250,-21,240,103" /><INIT seed="1,0,0,1,3,63" ten="199,229,229,343" oya="1" hai0="107,55,86,58,133,15,52,74,25,93,39,21,118" hai1="61,116,40,72,123,36,32,1,26,88,69,98,99" hai2="78,95,0,54,65,46,59,18,89,9,17,122,103" hai3="91,135,109,132,11,12,114,101,94,66,24,124,22"/><U44/><E123/><V4/><F122/><W41/><G114/><T23/><D118/><U82/><E116/><V125/><F125/><W121/><G121/><T112/><D112/><U2/><E99/><V49/><F103/><W20/><G124/><T29/><D74/><U48/><E48/><V90/><F78/><W85/><G109/><T68/><D68/><U7/><E7/><V105/><F105/><W50/><G101/><T37/><D133/><N who="3" m="51273" /><G66/><T42/><D107/><U84/><E98/><V117/><F117/><W129/><G129/><T70/><D70/><U73/><E73/><V127/><F127/><W6/><G24/><T8/><D23/><U16/><E72/><V35/><F35/><W45/><AGARI ba="0,0" hai="6,11,12,20,22,41,45,50,85,91,94" m="51273" machi="45" ten="30,1100,0" yaku="20,1" doraHai="63" who="3" fromWho="3" sc="199,-3,229,-5,229,-3,343,11" /><INIT seed="2,0,0,2,4,53" ten="196,224,226,354" oya="2" hai0="26,19,37,129,16,49,64,25,87,43,125,65,2" hai1="93,85,127,71,11,114,18,61,68,17,56,123,6" hai2="8,34,12,36,50,89,41,69,118,128,45,86,130" hai3="94,21,116,47,27,101,70,62,60,122,55,23,72"/><V119/><F34/><W78/><G116/><T84/><D37/><U81/><E114/><V14/><F69/><W9/><G122/><T0/><D49/><U54/><E127/><V106/><F106/><W77/><G72/><T51/><D51/><U57/><E123/><V20/><F20/><W35/><G35/><T15/><D15/><N who="2" m="5674" /><F8/><W117/><G117/><T112/><D43/><U46/><E46/><V98/><F98/><N who="3" m="59607" /><G9/><T38/><D38/><U5/><E71/><V24/><F24/><W67/><G21/><T100/><D100/><U111/><E68/><V3/><F3/><W88/><G70/><T113/><REACH who="0" step="1"/><D129/><REACH who="0" ten="186,224,226,354" step="2"/><N who="2" m="49770" /><F36/><W131/><G131/><T4/><D4/><U33/><E5/><V121/><F121/><W99/><G47/><T80/><D80/><AGARI ba="0,1" hai="41,45,50,80,86,89,118,119" m="49770,5674" machi="80" ten="30,1500,0" yaku="19,1" doraHai="53" who="2" fromWho="0" sc="186,-15,224,0,226,25,354,0" /><INIT seed="2,1,0,1,1,33" ten="171,224,251,354" oya="2" hai0="118,65,25,63,34,132,41,44,67,112,99,114,29" hai1="38,43,55,115,127,108,64,0,124,107,125,21,19" hai2="96,16,56,35,87,134,32,66,113,97,119,123,80" hai3="131,126,98,1,117,101,49,30,93,84,51,53,130"/><V116/><F113/><W91/><G117/><T2/><D118/><U3/><E115/><V10/><F123/><W54/><G126/><T27/><D132/><U85/><E107/><V60/><F134/><W102/><G30/><T39/><D67/><U5/><E5/><V9/><F119/><W111/><G1/><N who="1" m="586" /><E108/><V15/><F116/><W100/><G111/><T104/><D27/><N who="1" m="14783" /><E64/><V86/><F9/><W75/><G75/><T68/><D2/><U74/><E74/><V36/><F36/><W110/><G110/><T46/><D46/><N who="1" m="23927" /><E85/><V23/><F86/><W42/><G42/><T135/><D135/><U18/><E18/><N who="2" m="8567" /><F35/><W120/><G120/><T72/><D72/><U89/><E89/><N who="2" m="51431" /><F32/><W95/><G49/><T24/><D24/><AGARI ba="1,0" hai="16,23,24,56,60,66,96,97" m="51431,8567" machi="24" ten="30,2900,0" yaku="8,1,54,1" doraHai="33" who="2" fromWho="0" sc="171,-32,224,0,251,32,354,0" /><INIT seed="2,2,0,1,1,91" ten="139,224,283,354" oya="2" hai0="58,43,122,85,106,54,36,110,59,118,109,37,44" hai1="29,62,107,95,39,113,99,128,22,127,16,28,60" hai2="88,76,82,20,81,49,12,105,104,92,30,47,116" hai3="119,38,125,101,6,45,67,121,126,69,2,100,123"/><V102/><F116/><W80/><G119/><T134/><D106/><U74/><E107/><V17/><F102/><N who="3" m="39531" /><G80/><T64/><D85/><U19/><E39/><N who="0" m="14921" /><D118/><U5/><E74/><V71/><F71/><W72/><G72/><T120/><D64/><U57/><E113/><V7/><F30/><N who="1" m="11881" /><E128/><V68/><F68/><W48/><G38/><N who="0" m="21623" /><D134/><U25/><E127/><N who="3" m="48650" /><G67/><T50/><D59/><U35/><E35/><V96/><F7/><W83/><G83/><T15/><D15/><U11/><E5/><V14/><F14/><W51/><G69/><T108/><AGARI ba="2,0" hai="50,54,58,108,109,110,120,122" m="21623,14921" machi="108" ten="40,5200,0" yaku="14,1,34,2" doraHai="91" who="0" fromWho="0" sc="139,58,224,-15,283,-28,354,-15" /><INIT seed="3,0,0,5,5,98" ten="197,209,255,339" oya="3" hai0="64,95,111,121,66,109,53,97,59,4,78,90,135" hai1="116,75,30,105,61,73,108,25,88,49,130,57,79" hai2="80,86,27,72,60,122,6,28,83,7,56,21,125" hai3="115,133,52,45,43,110,42,2,17,131,40,92,39"/><W33/><G115/><T70/><D121/><U12/><E105/><V117/><F117/><W55/><G131/><T94/><D135/><U1/><E1/><V48/><F122/><W51/><G133/><T14/><D78/><U89/><E130/><V50/><F125/><W134/><G134/><T34/><D34/><U54/><E116/><V119/><F72/><W63/><G2/><T35/><D35/><U104/><E104/><V8/><F119/><W36/><G33/><T128/><D128/><U82/><E75/><V124/><F83/><W23/><G92/><T9/><D94/><U118/><E118/><V62/><F62/><W16/><G110/><T11/><D11/><U71/><E108/><N who="0" m="41545" /><D70/><U102/><E102/><V31/><F8/><W99/><G99/><T93/><D95/><U103/><E103/><V68/><F68/><W112/><G112/><T18/><D18/><U106/><E106/><V120/><F31/><W126/><G126/><T74/><D74/><U32/><REACH who="1" step="1"/><E12/><REACH who="1" ten="197,199,255,339" step="2"/><V19/><F124/><W85/><G85/><T47/><D47/><U67/><AGARI ba="0,1" hai="25,30,32,49,54,57,61,67,71,73,79,82,88,89" machi="67" ten="30,8000,1" yaku="1,1,2,1,0,1,54,1,53,1" doraHai="98" doraHaiUra="107" who="1" fromWho="1" sc="197,-20,199,90,255,-20,339,-40" /><INIT seed="4,0,0,1,4,109" ten="177,289,235,299" oya="0" hai0="89,80,125,43,2,103,82,28,121,86,83,133,4" hai1="20,117,55,94,120,8,126,96,72,9,35,71,92" hai2="62,130,29,53,23,48,10,39,69,11,123,40,118" hai3="87,77,116,127,67,49,99,105,3,14,91,88,42"/><T114/><D121/><U112/><E120/><V75/><F75/><W46/><G3/><T32/><D43/><U84/><E35/><V31/><F123/><W34/><G116/><T19/><D103/><U115/><E72/><V128/><F118/><W85/><G34/><T100/><D100/><U108/><E71/><V13/><F39/><W41/><G127/><T68/><D68/><U135/><E108/><V6/><F40/><W132/><G132/><T18/><D133/><U79/><E117/><V16/><F62/><W58/><G105/><T101/><D101/><N who="1" m="60551" /><E135/><V63/><F63/><N who="3" m="38391" /><G99/><T1/><D125/><U106/><E106/><V50/><F69/><W27/><G27/><T51/><D2/><U81/><E94/><V52/><F50/><W93/><G14/><T124/><D124/><U70/><E70/><V65/><F65/><W36/><G36/><T21/><D51/><U30/><E55/><N who="2" m="21067" /><F48/><W78/><G41/><T54/><D54/><U56/><E56/><V22/><F130/><W7/><G7/><T0/><D0/><U113/><E126/><V107/><F128/><W5/><G5/><T38/><D38/><U129/><E129/><V37/><F37/><W26/><G26/><AGARI ba="0,0" hai="8,9,20,26,30,79,81,84,112,113,115" m="60551" machi="26" ten="30,8000,1" yaku="15,1,11,1,52,3" doraHai="109" who="1" fromWho="3" sc="177,0,289,80,235,0,299,-80" /><INIT seed="5,0,0,0,1,62" ten="177,369,235,219" oya="1" hai0="120,75,15,38,89,17,29,39,91,43,47,21,96" hai1="82,56,98,134,8,34,126,127,117,16,49,101,86" hai2="84,130,106,115,132,76,129,123,59,105,71,60,79" hai3="102,30,50,110,24,119,114,37,61,90,1,3,44"/><U125/><E34/><V85/><F71/><W33/><G37/><T83/><D120/><U6/><E134/><V54/><F123/><W13/><G110/><T5/><D39/><U108/><E117/><V52/><F60/><W72/><G119/><T22/><D96/><U100/><E108/><V0/><F59/><W93/><G114/><T80/><D29/><U63/><E49/><V7/><F7/><W12/><G72/><T31/><D31/><U133/><E98/><V20/><F20/><W135/><G102/><T42/><D42/><U87/><E133/><V26/><F26/><W116/><G135/><T97/><D22/><U67/><E87/><N who="2" m="33355" /><F0/><W27/><G27/><T48/><D48/><U14/><E6/><V81/><F115/><W111/><G111/><T23/><D23/><U131/><E131/><N who="2" m="50187" /><F132/><W128/><G116/><T104/><D5/><U51/><E51/><V113/><F113/><W28/><G28/><T35/><D35/><U99/><E99/><V77/><F81/><N who="0" m="31306" /><D75/><U55/><E55/><AGARI ba="0,0" hai="52,54,55,76,77,79,105,106" m="50187,33355" machi="55" ten="40,8000,1" yaku="28,2,19,1,54,1" doraHai="62" who="2" fromWho="1" sc="177,0,369,-80,235,80,219,0" /><INIT seed="6,0,0,2,1,66" ten="177,289,315,219" oya="2" hai0="26,51,96,90,102,1,3,120,119,134,17,41,32" hai1="93,109,104,14,124,53,122,8,49,50,69,118,114" hai2="117,34,74,38,97,12,24,92,27,33,77,15,39" hai3="9,10,63,7,128,31,123,62,106,35,4,0,112"/><V86/><F86/><W113/><G106/><T78/><D120/><U76/><E104/><V58/><F58/><W55/><G123/><T5/><D134/><U54/><E122/><V131/><F92/><W103/><G103/><T72/><D119/><U84/><E109/><V75/><F97/><W126/><G128/><T44/><D90/><U83/><E69/><V46/><F46/><W115/><G126/><T100/><D100/><U135/><E135/><V25/><F25/><N who="3" m="18927" /><G55/><N who="1" m="21002" /><E114/><N who="3" m="29186" /><W36/><DORA hai="64" /><G36/><T89/><D89/><U121/><E124/><V20/><F77/><W132/><G132/><T21/><D5/><N who="1" m="3343" /><E118/><V23/><REACH who="2" step="1"/><F117/><REACH who="2" ten="177,289,305,219" step="2"/><W29/><G29/><T94/><D78/><U107/><E121/><V73/><F73/><W19/><G19/><T79/><D79/><U98/><E107/><V57/><F57/><W129/><G129/><AGARI ba="0,1" hai="12,15,20,23,24,27,33,34,38,39,74,75,129,131" machi="129" ten="25,12000,1" yaku="1,1,22,2,53,2" doraHai="66,64" doraHaiUra="130,125" who="2" fromWho="3" sc="177,0,289,0,305,130,219,-120" /><INIT seed="6,1,0,1,1,36" ten="177,289,435,99" oya="2" hai0="5,91,111,64,67,39,120,63,50,104,95,109,24" hai1="107,12,65,82,13,59,55,119,56,85,125,121,70" hai2="60,118,47,2,105,17,8,100,30,123,114,135,113" hai3="9,41,90,80,86,40,128,35,71,57,94,23,89"/><V133/><F118/><W19/><G71/><T49/><D39/><U127/><E107/><V83/><F123/><W73/><G35/><T66/><D104/><U29/><E29/><V93/><F30/><W37/><G128/><T88/><D5/><U48/><E70/><V43/><F93/><W0/><G37/><T28/><D63/><N who="1" m="38143" /><E119/><V26/><F60/><W115/><G115/><N who="2" m="44041" /><F100/><W1/><G57/><T78/><D120/><U77/><E121/><V11/><F105/><W14/><G73/><T126/><D126/><AGARI ba="1,0" hai="12,13,48,55,56,77,82,85,125,126,127" m="38143" machi="126" ten="30,1000,0" yaku="18,1" doraHai="36" who="1" fromWho="0" sc="177,-13,289,13,435,0,99,0" /><INIT seed="7,0,0,5,0,9" ten="164,302,435,99" oya="3" hai0="93,87,68,67,95,134,36,131,120,88,7,16,91" hai1="29,106,114,78,90,74,73,47,115,65,26,70,89" hai2="12,57,85,13,112,17,60,117,62,40,21,55,44" hai3="116,96,82,24,125,99,6,132,4,59,111,97,22"/><W124/><G116/><T42/><D120/><U33/><E106/><V43/><F117/><W34/><G34/><T92/><D7/><U128/><E128/><V23/><F112/><N who="1" m="43049" /><E47/><V105/><F105/><W110/><G82/><T11/><D131/><U121/><E121/><V45/><F85/><W108/><G59/><T118/><D68/><U80/><E74/><V48/><F21/><W56/><G56/><T135/><D67/><U51/><E51/><N who="2" m="27039" /><F12/><W77/><G77/><T84/><D95/><U30/><E30/><V123/><F123/><W8/><G132/><T58/><D58/><U113/><E113/><V53/><F40/><W119/><G119/><T19/><D118/><U3/><E3/><V72/><F72/><W127/><REACH who="3" step="1"/><G8/><REACH who="3" ten="164,302,435,89" step="2"/><T54/><D11/><U109/><E109/><V14/><F60/><AGARI ba="0,1" hai="26,29,33,60,65,70,73,78,80,89,90" m="43049" machi="60" ten="30,1000,0" yaku="15,1" doraHai="9" who="1" fromWho="2" sc="164,0,302,20,435,-10,89,0" owari="164,-24.0,322,12.0,425,53.0,89,-41.0" /></mjloggm>