<mjloggm ver="2.3"><GO type="169" lobby="0"/><UN n0="%E5%B0%B1%E6%B4%BB%E7%94%9F%40%E5%B7%9D%E6%9D%91%E8%BB%8D%E5%9B%A3" n1="%7A%65%6C%64%65%6E" n2="%72%6F%6D%61%6E%65%73" n3="%E7%9F%B3%E4%BA%95%E3%82%AF%E3%83%B3%E3%83%84%E6%98%8C%E5%AD%90" dan="17,19,16,16" rate="2246.66,2245.79,2024.21,2074.01" sx="M,M,M,M"/><TAIKYOKU oya="0"/><INIT seed="0,0,0,3,3,63" ten="250,250,250,250" oya="0" hai0="79,95,3,36,118,44,92,31,27,91,67,22,121" hai1="10,21,122,43,65,111,17,30,4,94,61,5,70" hai2="108,87,117,100,16,112,115,68,66,134,105,75,82" hai3="55,0,97,33,125,103,128,106,96,42,45,124,52"/><T15/><D118/><U107/><E122/><V69/><F117/><W133/><G0/><T101/><D3/><U39/><E107/><V48/><F108/><W37/><G33/><T77/><D121/><U88/><E111/><V57/><F75/><W59/><G133/><T49/><D36/><U11/><E39/><V18/><F134/><W74/><G74/><T84/><D15/><U25/><E43/><V127/><F127/><N who="3" m="48715" /><G128/><T89/><D101/><U85/><REACH who="1" step="1"/><E17/><REACH who="1" ten="250,240,250,250" step="2"/><V71/><F18/><W8/><G42/><T130/><D130/><U90/><E90/><V24/><F105/><W19/><G37/><T7/><D7/><AGARI ba="0,1" hai="4,5,7,10,11,21,25,30,61,65,70,85,88,94" machi="7" ten="40,8000,1" yaku="1,1,52,1,54,1,53,1" doraHai="63" doraHaiUra="26" who="1" fromWho="0" sc="250,-80,240,90,250,0,250,0" /><INIT seed="1,0,0,5,3,93" ten="170,330,250,250" oya="1" hai0="41,85,42,83,38,87,31,74,128,15,11,27,10" hai1="24,95,131,52,92,59,63,111,124,62,127,114,13" hai2="105,116,86,102,107,73,119,0,117,25,133,65,28" hai3="88,21,67,12,75,57,99,72,71,20,35,70,29"/><U78/><E114/><V37/><F73/><W76/><G35/><T61/><D128/><U109/><E131/><V101/><F133/><W64/><G12/><T104/><D104/><U113/><E113/><V100/><F0/><W134/><G134/><T23/><D74/><U48/><E78/><V1/><F1/><W68/><G57/><T56/><D38/><U97/><E13/><V55/><F37/><W7/><G7/><T118/><D118/><U84/><E84/><V32/><F65/><W34/><G34/><T6/><D87/><U125/><E92/><V121/><F121/><W110/><G110/><N who="1" m="41994" /><E24/><V39/><F39/><W90/><G70/><T51/><D11/><U132/><E132/><V26/><F55/><W19/><G19/><T112/><D112/><U135/><E135/><V120/><F120/><W53/><G53/><T81/><D81/><U22/><E22/><V54/><F54/><W50/><G50/><T108/><D51/><U46/><E59/><V18/><F86/><W94/><G94/><T96/><D96/><U123/><E123/><V36/><F36/><W122/><G122/><T17/><D108/><U8/><E8/><V14/><REACH who="2" step="1"/><F26/><REACH who="2" ten="170,330,240,250" step="2"/><W58/><G58/><T126/><D56/><U129/><E129/><V3/><F3/><W49/><G49/><T44/><D85/><U79/><E79/><V80/><F80/><W16/><G67/><T69/><D83/><U98/><E98/><V82/><F82/><W43/><G64/><T130/><D130/><U115/><E115/><V60/><F60/><W5/><G76/><T89/><D61/><RYUUKYOKU ba="0,1" sc="170,-15,330,15,240,15,250,-15" hai1="46,48,52,62,63,95,97,124,125,127" hai2="14,18,25,28,32,100,101,102,105,107,116,117,119" /><INIT seed="1,1,1,0,2,99" ten="155,345,255,235" oya="1" hai0="106,78,41,115,87,50,131,135,2,55,38,116,77" hai1="9,107,0,125,30,110,130,109,66,37,62,53,111" hai2="124,17,24,45,91,8,25,35,5,133,118,32,54" hai3="15,94,61,12,103,1,90,40,132,58,36,75,76"/><U81/><E37/><V119/><F91/><W16/><G1/><T42/><D2/><U49/><E107/><V31/><F45/><W34/><G34/><T113/><D106/><U27/><E125/><V98/><F98/><W82/><G132/><T23/><D116/><U96/><E130/><V29/><F54/><W65/><G40/><T63/><D131/><U126/><E126/><V127/><F133/><W52/><G36/><T102/><D135/><U26/><E81/><V121/><F17/><W88/><G65/><T123/><D123/><U114/><E114/><V67/><F67/><W70/><G70/><T19/><D63/><U112/><E112/><V11/><F5/><W33/><G33/><T59/><D38/><U93/><E9/><V10/><F10/><W129/><G129/><T14/><D113/><U92/><E0/><V20/><F20/><W100/><G90/><T43/><D115/><U97/><E97/><V28/><F28/><W21/><G15/><T74/><D74/><U68/><E30/><V117/><F117/><W46/><G46/><T84/><D102/><N who="1" m="60679" /><E93/><V4/><REACH who="2" step="1"/><F4/><REACH who="2" ten="155,345,245,235" step="2"/><W60/><G60/><T85/><AGARI ba="1,2" hai="14,19,23,41,42,43,50,55,59,77,78,84,85,87" machi="85" ten="30,2000,0" yaku="0,1,8,1" doraHai="99" who="0" fromWho="0" sc="155,43,345,-11,245,-6,235,-6" /><INIT seed="2,0,0,3,4,82" ten="198,334,239,229" oya="2" hai0="106,119,127,30,5,59,61,89,4,69,99,41,56" hai1="133,1,19,115,33,96,43,110,6,111,75,13,47" hai2="37,53,132,79,123,126,78,66,21,16,131,94,63" hai3="98,67,117,9,54,22,100,130,20,49,90,95,80"/><V107/><F107/><W135/><G117/><T57/><D127/><U91/><E115/><V25/><F123/><W88/><G130/><T83/><D119/><U0/><E75/><V108/><F37/><W14/><G67/><T62/><D106/><U50/><E33/><V32/><F126/><W118/><G135/><T103/><D41/><U10/><E133/><V86/><F132/><W24/><G118/><T34/><D34/><U84/><E96/><V28/><F131/><W52/><G80/><T87/><D30/><U104/><E104/><V2/><F2/><W72/><G72/><T12/><D69/><U102/><E102/><V15/><F53/><W39/><G39/><T64/><D12/><U101/><E101/><V71/><REACH who="2" step="1"/><F108/><REACH who="2" ten="198,334,229,229" step="2"/><W27/><G54/><T29/><D29/><U58/><E1/><V85/><F85/><W97/><G97/><T48/><D48/><U23/><E110/><V124/><F124/><W114/><G114/><T60/><D64/><U45/><E111/><V35/><F35/><W26/><G49/><T112/><D112/><U120/><E120/><V8/><F8/><W134/><G134/><T92/><AGARI ba="0,1" hai="4,5,56,57,59,60,61,62,83,87,89,92,99,103" machi="92" ten="30,4000,0" yaku="0,1,8,1,52,1" doraHai="82" who="0" fromWho="0" sc="198,50,334,-10,229,-20,229,-10" /><INIT seed="3,0,0,5,0,103" ten="248,324,209,219" oya="3" hai0="126,134,71,61,2,54,24,112,30,129,116,73,8" hai1="131,106,99,4,7,90,81,133,127,91,96,16,67" hai2="57,74,95,105,56,3,46,114,48,32,36,53,14" hai3="120,66,43,15,23,72,76,88,125,44,113,79,50"/><W100/><G120/><T60/><D73/><U135/><E67/><V68/><F3/><W98/><G113/><T26/><D116/><U19/><E81/><V115/><F74/><W121/><G121/><T92/><D112/><N who="2" m="43050" /><F14/><W28/><G125/><T130/><D134/><N who="1" m="51211" /><E131/><N who="0" m="50185" /><D126/><U104/><E127/><V6/><F95/><N who="3" m="58463" /><G66/><T42/><D42/><U29/><E29/><V45/><F105/><N who="1" m="40553" /><E99/><V83/><F83/><W18/><G28/><T122/><D30/><U87/><E96/><V47/><F68/><W65/><G72/><T38/><D71/><U69/><E69/><V17/><F32/><W109/><G65/><T1/><D92/><N who="1" m="54367" /><E91/><V111/><F53/><W11/><G88/><T27/><D54/><U0/><E0/><V5/><F36/><W63/><G79/><T9/><D38/><U62/><E62/><V119/><F119/><W13/><G76/><T93/><D93/><U78/><E78/><V86/><F48/><W117/><G63/><T20/><D61/><U97/><E97/><V108/><F86/><W51/><G117/><T40/><D60/><U101/><E101/><V35/><F35/><W55/><G51/><T89/><D89/><U110/><E110/><V39/><F39/><W10/><G109/><T37/><D37/><U102/><E102/><V77/><F108/><W107/><G107/><T94/><D94/><U64/><E64/><V12/><F111/><W132/><G55/><T85/><D2/><U58/><E58/><N who="2" m="22635" /><F77/><W82/><G82/><T21/><D1/><U84/><E84/><V34/><F34/><W31/><G31/><T124/><D85/><RYUUKYOKU ba="0,0" sc="248,-15,324,15,209,15,219,-15" hai1="4,7,16,19" hai2="5,6,12,17,45,46,47" /><INIT seed="4,1,0,5,2,27" ten="233,339,224,204" oya="0" hai0="7,29,22,12,52,125,127,11,86,105,98,59,63" hai1="55,23,72,79,120,45,67,60,126,13,91,38,109" hai2="0,102,92,1,37,78,84,110,14,53,32,17,5" hai3="69,74,10,113,54,24,111,16,76,9,4,58,82"/><T89/><D105/><U36/><E109/><V97/><F110/><W26/><G111/><T44/><D98/><U90/><E120/><V66/><F37/><W57/><G69/><T128/><D44/><U96/><E72/><V103/><F66/><W118/><G118/><T41/><D41/><U51/><E79/><V65/><F65/><W116/><G116/><T123/><D123/><U77/><E77/><V19/><F32/><W81/><G81/><T33/><D128/><U50/><E126/><V101/><F1/><W131/><G113/><T122/><D122/><U64/><E64/><V71/><F71/><W70/><G70/><T134/><D134/><U135/><E135/><V88/><F0/><W35/><G131/><T61/><D63/><U15/><E15/><V2/><F2/><W112/><G112/><T6/><D6/><U8/><E23/><V34/><F34/><W94/><G94/><T93/><REACH who="0" step="1"/><D22/><REACH who="0" ten="223,339,224,204" step="2"/><U108/><E96/><V28/><F97/><W20/><G35/><T18/><D18/><U31/><E60/><V115/><F5/><W133/><G133/><T47/><D47/><U25/><E45/><V124/><F19/><W43/><G43/><T99/><D99/><U48/><E108/><V104/><F104/><W83/><G4/><T73/><D73/><U56/><E56/><V39/><F17/><N who="3" m="12303" /><G58/><T114/><D114/><U68/><E68/><V42/><F115/><W95/><G16/><T75/><D75/><U130/><E130/><V85/><F42/><W117/><G117/><T49/><D49/><U30/><E51/><V46/><F46/><RYUUKYOKU ba="1,1" sc="223,30,339,-10,224,-10,204,-10" hai0="7,11,12,29,33,52,59,61,86,89,93,125,127" /><INIT seed="4,2,1,0,1,50" ten="253,329,214,194" oya="0" hai0="110,10,94,121,98,92,53,64,134,133,109,3,32" hai1="112,42,74,9,36,4,23,100,113,95,33,69,51" hai2="28,103,19,122,124,118,43,87,35,55,34,77,85" hai3="37,72,49,41,25,102,62,99,125,17,75,131,91"/><T132/><D32/><U71/><E33/><V82/><F122/><W30/><G131/><T14/><D3/><U57/><E74/><V66/><F66/><W115/><G115/><N who="1" m="44106" /><E36/><V56/><F124/><W97/><G125/><T130/><D121/><U21/><E100/><V46/><F118/><W81/><G37/><T0/><D0/><U22/><E95/><N who="0" m="36393" /><D98/><U7/><E7/><V84/><F103/><W11/><G62/><T126/><D64/><U135/><E135/><V105/><F19/><W13/><G99/><T114/><D114/><U123/><E123/><V58/><F105/><W18/><G18/><N who="0" m="8535" /><D126/><U54/><E42/><V16/><F35/><W89/><G41/><T78/><D78/><U108/><E108/><N who="0" m="41577" /><D130/><U2/><AGARI ba="2,1" hai="2,4,9,21,22,23,51,54,57,69,71" m="44106" machi="2" ten="30,4000,0" yaku="15,1,11,1,52,1" doraHai="50" who="1" fromWho="1" sc="253,-22,329,56,214,-12,194,-12" /><INIT seed="5,0,0,2,0,77" ten="231,385,202,182" oya="1" hai0="76,32,51,86,53,81,2,109,102,126,97,116,85" hai1="11,27,92,95,117,17,22,29,65,44,45,113,1" hai2="96,105,48,66,64,101,89,80,135,23,20,50,99" hai3="13,118,112,21,14,37,0,56,42,18,69,41,125"/><U34/><E117/><V59/><F135/><W129/><G69/><T98/><D32/><U90/><E65/><V134/><F134/><W57/><G0/><T120/><D2/><U7/><E113/><V9/><F9/><W43/><G118/><T16/><D109/><U123/><E123/><V38/><F38/><W131/><G112/><T114/><D116/><U119/><E119/><V104/><F59/><N who="3" m="22603" /><G125/><T132/><D126/><U3/><E3/><V88/><REACH who="2" step="1"/><F101/><REACH who="2" ten="231,385,192,182" step="2"/><W25/><G37/><T62/><D102/><U74/><E11/><V49/><F49/><W19/><G129/><T58/><D114/><U36/><E36/><V94/><F94/><W47/><G131/><T115/><D115/><U5/><E92/><V122/><F122/><W67/><G47/><T63/><D132/><U31/><E95/><V10/><F10/><N who="3" m="6455" /><G67/><T107/><D120/><U30/><E45/><V12/><F12/><AGARI ba="0,1" hai="12,14,19,21,25,41,42,43" m="6455,22603" machi="12" ten="30,1000,0" yaku="8,1" doraHai="77" who="3" fromWho="2" sc="231,0,385,0,192,-10,182,20" /><INIT seed="6,0,0,2,2,124" ten="231,385,182,202" oya="2" hai0="50,100,59,77,89,53,91,88,46,0,1,130,38" hai1="117,65,116,24,113,35,64,131,25,90,28,94,70" hai2="47,23,63,125,69,37,52,18,5,15,105,16,83" hai3="75,115,84,107,57,51,12,103,92,40,80,135,43"/><V119/><F119/><W55/><G135/><T58/><D130/><U49/><E131/><V27/><F125/><W7/><G115/><T62/><D77/><U10/><E113/><V129/><F129/><W34/><G34/><T81/><D81/><U120/><E120/><V33/><F105/><W85/><G107/><T96/><D38/><U74/><E74/><V76/><F5/><W48/><G75/><T73/><D59/><U79/><E79/><V106/><F106/><W134/><G134/><T72/><D72/><U128/><E128/><V17/><F69/><W21/><G51/><T122/><D73/><U118/><E70/><V109/><F109/><W126/><G126/><T78/><D78/><U132/><E132/><V8/><F33/><W60/><G60/><T30/><D30/><U45/><E10/><V87/><F37/><W11/><G21/><T6/><D6/><U26/><E28/><N who="2" m="17535" /><F63/><W82/><G103/><T95/><REACH who="0" step="1"/><D122/><REACH who="0" ten="221,385,182,202" step="2"/><U22/><E35/><V56/><F56/><W36/><G36/><T54/><AGARI ba="0,1" hai="0,1,46,50,53,54,58,62,88,89,91,95,96,100" machi="54" ten="30,7900,0" yaku="1,1,2,1,0,1,54,1,53,0" doraHai="124" doraHaiUra="133" who="0" fromWho="0" sc="221,89,385,-20,182,-39,202,-20" /><INIT seed="7,0,0,3,0,52" ten="310,365,143,182" oya="3" hai0="109,61,63,26,86,60,33,12,11,48,40,70,83" hai1="42,102,7,106,103,80,44,65,58,105,54,23,114" hai2="4,115,47,36,25,89,14,51,92,19,88,126,6" hai3="118,35,99,13,66,104,37,133,95,84,98,53,110"/><W75/><G35/><T15/><D109/><U85/><E65/><V79/><F115/><W116/><G37/><T94/><D70/><U97/><E114/><V120/><F126/><W3/><G3/><T1/><D1/><U119/><E7/><V69/><F36/><W91/><G66/><T112/><D112/><U9/><E9/><V78/><F69/><W82/><G13/><T2/><D2/><U131/><E131/><V21/><F120/><W134/><G53/><T117/><D117/><N who="3" m="45161" /><G110/><T123/><D123/><U93/><E103/><V20/><F4/><W57/><G57/><T121/><D121/><U100/><E100/><V124/><F124/><W71/><G71/><T90/><D15/><U130/><E130/><V16/><F6/><W24/><G24/><T31/><D40/><U45/><E119/><V73/><F73/><W28/><G28/><T17/><D48/><U128/><E128/><V56/><F56/><W68/><G68/><T132/><D132/><N who="3" m="50793" /><G104/><T122/><D122/><U76/><E23/><V101/><F101/><W18/><G18/><T46/><D46/><U135/><E135/><V5/><F5/><W8/><G8/><T0/><D0/><U111/><E111/><V59/><F59/><W30/><G30/><T74/><D63/><U39/><E45/><V49/><F49/><AGARI ba="0,0" hai="39,42,44,49,54,58,76,80,85,93,97,102,105,106" machi="49" ten="30,2000,0" yaku="7,1,52,1" doraHai="52" who="1" fromWho="2" sc="310,0,365,20,143,-20,182,0" owari="310,11.0,385,49.0,123,-38.0,182,-22.0" /></mjloggm>