<mjloggm ver="2.3"><GO type="169" lobby="0"/><UN n0="%68%6F%6C%6D%65%73" n1="%E3%83%88%E3%83%88%E3%83%AA%E5%85%88%E7%94%9F%31%39%E6%AD%B3" n2="%6D%61%73%79" n3="%E3%83%9E%E3%82%AC%E3%82%B8%E3%83%B3" dan="17,18,16,16" rate="2161.87,2205.35,2010.82,2158.15" sx="M,F,M,F"/><TAIKYOKU oya="0"/><INIT seed="0,0,0,2,4,50" ten="250,250,250,250" oya="0" hai0="130,12,45,23,69,46,67,44,64,60,127,74,41" hai1="35,65,118,107,114,1,42,47,71,119,2,81,77" hai2="9,43,36,83,95,129,116,30,49,52,59,28,106" hai3="112,17,100,66,78,11,68,84,51,88,82,53,111"/><T133/><D74/><N who="1" m="43191" /><E35/><V97/><F106/><W128/><G112/><T89/><D89/><U110/><E107/><V34/><F129/><W115/><G115/><T121/><D121/><U99/><E99/><V96/><F116/><W5/><G128/><T94/><D94/><U48/><E48/><V91/><F34/><W104/><G111/><T22/><D130/><U73/><E114/><V27/><F9/><W29/><G29/><T10/><D64/><U0/><E110/><V124/><F124/><W132/><G17/><T54/><D127/><U3/><E3/><V102/><F27/><W33/><G33/><T93/><D93/><U101/><E101/><V126/><F126/><W38/><G38/><T58/><D41/><U7/><E7/><V21/><F21/><W134/><G66/><T55/><D133/><U18/><E18/><V39/><F43/><W113/><G68/><T31/><D69/><U75/><E47/><V40/><F40/><W57/><G113/><T98/><D98/><U70/><E42/><V8/><F97/><W105/><G78/><T4/><D23/><U85/><E85/><N who="2" m="50623" /><F8/><W135/><G100/><T86/><D86/><U120/><E120/><V80/><F80/><W32/><G32/><T14/><D14/><AGARI ba="0,0" hai="5,11,14,51,53,57,82,84,88,104,105,132,134,135" machi="14" ten="40,5200,0" yaku="20,1,52,1,54,1" doraHai="50" who="3" fromWho="0" sc="250,-52,250,0,250,0,250,52" /><INIT seed="1,0,0,4,2,17" ten="198,250,250,302" oya="1" hai0="44,81,51,121,130,41,21,132,67,65,13,105,95" hai1="72,50,112,99,107,12,111,35,94,3,74,59,64" hai2="70,85,2,4,32,80,20,120,106,37,30,31,87" hai3="69,18,61,90,82,9,47,78,58,135,133,83,56"/><U116/><E112/><V110/><F120/><W34/><G34/><T1/><D105/><U68/><E116/><V123/><F70/><W93/><G47/><T124/><D1/><U39/><E3/><V28/><F106/><W114/><G69/><T66/><D121/><U6/><E39/><V91/><F37/><W92/><G114/><T7/><D132/><N who="3" m="50761" /><G90/><T8/><D130/><U79/><E107/><V109/><F32/><W27/><G82/><T86/><D95/><N who="3" m="36425" /><G61/><T63/><D124/><U52/><E35/><V103/><F103/><W101/><G101/><T102/><D102/><U96/><E111/><N who="2" m="42507" /><F123/><W122/><G122/><T125/><D125/><U42/><E42/><V25/><F87/><N who="3" m="48631" /><G27/><T118/><D118/><U29/><E96/><V100/><F100/><W89/><G89/><T5/><D5/><U14/><E6/><V40/><F40/><W57/><G18/><T128/><D63/><N who="1" m="39967" /><E29/><N who="2" m="17575" /><F4/><W127/><G9/><T113/><D113/><U119/><E119/><V134/><F134/><W108/><G108/><T62/><D62/><U43/><E43/><V11/><F11/><W45/><G127/><T97/><D97/><U46/><E99/><V49/><F49/><W19/><G19/><N who="0" m="10479" /><D8/><U71/><E71/><V15/><F15/><W131/><G131/><T77/><D7/><U0/><E12/><V54/><F2/><W98/><G98/><T115/><D115/><U60/><E14/><V76/><F91/><W33/><G33/><T38/><D128/><U117/><E0/><V55/><AGARI ba="0,0" hai="28,30,31,54,55,76,80,85" m="17575,42507" machi="55" ten="40,2700,0" yaku="14,1,52,1" doraHai="17" who="2" fromWho="2" sc="198,-7,250,-13,250,27,302,-7" /><INIT seed="2,0,0,1,2,2" ten="191,237,277,295" oya="2" hai0="127,46,128,73,91,44,49,113,89,82,24,43,59" hai1="54,10,12,9,116,124,74,61,86,109,92,18,105" hai2="64,107,114,1,14,33,25,123,120,100,56,130,106" hai3="134,72,78,132,50,93,29,70,8,96,75,110,40"/><V131/><F1/><W104/><G104/><T97/><D128/><N who="2" m="49194" /><F114/><W39/><G39/><T83/><D127/><U3/><E116/><V31/><F14/><W98/><G70/><T121/><D121/><N who="2" m="46666" /><F56/><W85/><G110/><T76/><D59/><N who="1" m="35063" /><E105/><N who="2" m="39947" /><F64/><W16/><G29/><T38/><D113/><U69/><E74/><V118/><F100/><W111/><G75/><T23/><D73/><U62/><E3/><V37/><F37/><W26/><G72/><T11/><D38/><U55/><E69/><V52/><F52/><W5/><G111/><T95/><D44/><U122/><E109/><V42/><F42/><W81/><G40/><T30/><D11/><N who="1" m="6431" /><E122/><V28/><F28/><W115/><G115/><T34/><D30/><U88/><E124/><V45/><F45/><W129/><G129/><T125/><D46/><U6/><E6/><V90/><F90/><W103/><G5/><T77/><D89/><U35/><E35/><V41/><F41/><W15/><G8/><T112/><D34/><U58/><AGARI ba="0,0" hai="9,10,55,58,62,86,88,92" m="6431,35063" machi="58" ten="30,2000,0" yaku="8,1,54,1" doraHai="2" who="1" fromWho="1" sc="191,-5,237,20,277,-10,295,-5" /><INIT seed="3,0,0,5,3,4" ten="186,257,267,290" oya="3" hai0="106,24,103,129,70,91,126,83,118,13,35,134,131" hai1="5,9,71,99,31,11,133,94,79,40,85,49,68" hai2="69,123,19,104,27,18,32,22,61,111,96,64,23" hai3="78,0,46,1,75,113,89,122,48,26,81,65,36"/><W51/><G113/><T109/><D91/><U74/><E74/><V17/><F111/><W119/><G119/><T55/><D83/><N who="1" m="47359" /><E71/><V8/><F123/><W88/><G122/><T67/><D103/><N who="1" m="60919" /><E68/><V95/><F104/><W14/><G65/><T16/><D55/><U58/><E5/><V62/><F62/><W42/><G26/><T6/><D67/><U37/><E37/><V77/><F77/><W132/><G132/><T102/><D70/><U121/><E121/><V107/><F107/><W110/><G14/><T39/><D39/><U130/><E130/><N who="0" m="49673" /><D102/><U3/><E3/><V82/><F82/><W57/><G110/><T63/><D106/><U128/><E133/><V80/><F80/><W125/><G125/><T52/><D134/><U90/><E31/><V66/><F66/><W116/><G116/><T15/><D126/><U120/><E120/><V56/><F69/><W45/><G36/><T114/><D109/><U53/><E128/><V93/><F93/><W92/><G57/><N who="0" m="35239" /><D6/><U73/><E73/><V34/><F96/><W7/><G7/><T25/><D118/><U108/><E108/><V44/><F44/><W86/><G89/><T30/><D114/><U43/><E90/><V84/><F95/><W127/><G127/><T98/><D98/><U112/><E112/><V87/><F34/><W117/><G117/><T50/><D50/><U33/><E33/><V29/><F32/><W20/><G20/><AGARI ba="0,0" hai="13,15,16,20,24,25,30,35" m="35239,49673" machi="20" ten="30,3900,0" yaku="19,1,54,2" doraHai="4" who="0" fromWho="3" sc="186,39,257,0,267,0,290,-39" /><INIT seed="4,0,0,5,3,15" ten="225,257,267,251" oya="0" hai0="111,126,5,47,82,68,22,86,33,93,56,4,8" hai1="122,130,40,65,109,94,9,83,97,87,48,85,57" hai2="74,14,53,133,34,113,73,61,101,35,30,134,72" hai3="10,20,58,81,104,52,38,128,103,36,80,66,132"/><T1/><D68/><U78/><E109/><V50/><F113/><W2/><G128/><T92/><D33/><U71/><E122/><V19/><F61/><W11/><G66/><T29/><D126/><U42/><E130/><V119/><F101/><W76/><G132/><N who="2" m="50793" /><F30/><W59/><G103/><T108/><D5/><U54/><E71/><V90/><F90/><W91/><G104/><T46/><D56/><U55/><E65/><V13/><F13/><W64/><G20/><T129/><D129/><U43/><E9/><N who="2" m="6607" /><F119/><W125/><G91/><N who="0" m="51671" /><D92/><U106/><E106/><V45/><AGARI ba="0,0" hai="34,35,45,50,53,72,73,74" m="6607,50793" machi="45" ten="40,2700,0" yaku="20,1,52,1" doraHai="15" who="2" fromWho="2" sc="225,-13,257,-7,267,27,251,-7" /><INIT seed="5,0,0,2,0,72" ten="212,250,294,244" oya="1" hai0="97,118,5,3,135,114,24,29,44,85,45,69,28" hai1="119,134,79,53,37,133,66,23,60,17,30,46,91" hai2="101,120,116,78,111,81,51,62,49,103,56,0,76" hai3="115,127,34,88,86,87,123,82,65,47,31,39,59"/><U102/><E119/><V10/><F120/><W108/><G123/><T14/><D118/><U71/><E30/><V61/><F116/><W77/><G108/><T64/><D3/><U21/><E102/><N who="2" m="38923" /><F0/><W22/><G34/><T48/><D114/><U126/><E126/><V43/><F111/><W75/><G75/><T32/><D97/><U100/><E100/><V13/><F81/><W105/><G105/><T9/><D29/><U54/><E91/><V95/><F95/><W125/><G115/><T19/><D135/><N who="1" m="51723" /><E79/><N who="2" m="30251" /><F43/><W57/><G127/><T130/><D130/><U99/><E99/><V113/><F113/><W124/><G124/><T40/><D45/><U16/><E46/><V41/><F41/><W90/><G125/><T117/><D117/><U4/><E37/><V58/><F58/><W15/><G39/><T80/><D69/><U67/><E4/><N who="2" m="3271" /><F62/><W36/><G36/><T50/><D48/><U20/><E71/><V121/><F121/><W110/><G47/><T27/><D40/><U89/><E60/><V63/><F63/><W107/><G107/><T12/><D50/><U35/><E35/><V42/><F42/><W73/><G110/><T11/><D32/><U98/><E89/><V68/><F68/><W131/><G90/><T112/><D112/><U132/><E98/><V1/><F1/><W109/><G88/><N who="0" m="51239" /><D44/><U25/><N who="1" m="51731" /><U128/><DORA hai="104" /><E128/><V129/><F129/><W33/><G131/><T74/><D74/><U84/><E84/><V6/><F6/><W26/><G73/><T94/><D5/><U106/><E106/><V2/><F2/><RYUUKYOKU ba="0,0" sc="212,-10,250,-10,294,30,244,-10" hai2="49,51,56,61" /><INIT seed="6,1,0,1,4,122" ten="202,240,324,234" oya="2" hai0="116,31,29,121,79,91,120,84,65,37,25,11,28" hai1="36,34,73,56,98,60,109,21,80,61,57,115,14" hai2="32,64,23,26,133,2,35,53,75,42,86,13,111" hai3="103,82,27,106,92,50,8,119,85,128,89,76,104"/><V10/><F75/><W127/><G119/><T81/><D116/><U131/><E36/><V46/><F133/><W51/><G8/><T112/><D112/><U18/><E34/><V88/><F64/><W40/><G40/><T100/><D100/><U105/><E109/><V16/><F2/><W41/><G41/><T99/><D37/><U96/><E115/><V22/><F111/><W130/><G27/><T30/><D65/><U47/><E131/><N who="3" m="50218" /><G127/><T78/><D11/><U108/><E108/><V66/><F66/><W59/><G103/><T114/><D114/><U118/><E105/><N who="3" m="40554" /><G59/><N who="1" m="22602" /><E73/><AGARI ba="1,0" hai="50,51,73,76,82,85,89,92" m="40554,50218" machi="73" ten="30,1000,0" yaku="19,1" doraHai="122" who="3" fromWho="1" sc="202,0,240,-13,324,0,234,13" /><INIT seed="7,0,0,3,1,7" ten="202,227,324,247" oya="3" hai0="58,107,3,46,134,126,129,68,102,23,10,135,94" hai1="123,112,61,47,96,104,56,40,34,27,35,82,84" hai2="133,62,29,54,76,37,93,17,119,59,24,21,16" hai3="130,92,81,26,33,36,87,100,109,103,97,73,85"/><W8/><G36/><T111/><D111/><U118/><E123/><V70/><F133/><N who="0" m="50698" /><D68/><U125/><E112/><V77/><F37/><W120/><G120/><T90/><D107/><U48/><E125/><V116/><F70/><W99/><G109/><T88/><D129/><U41/><E118/><V78/><F119/><W101/><G26/><T80/><D126/><U131/><E131/><V45/><F116/><W31/><G31/><T69/><D69/><U32/><E41/><V127/><F127/><W4/><G33/><T0/><D46/><U28/><E96/><V18/><F93/><W25/><G25/><T83/><D23/><U66/><E104/><V55/><F45/><W44/><G130/><T91/><D58/><U5/><E5/><V72/><F72/><W6/><G44/><T15/><D102/><U39/><E39/><V113/><F113/><W2/><G6/><N who="0" m="3543" /><D94/><U57/><E57/><V19/><F29/><W65/><G101/><T105/><D105/><U117/><E117/><V128/><F128/><W49/><G100/><T95/><D95/><U43/><E43/><V11/><F55/><W67/><G99/><T9/><D9/><AGARI ba="0,0" hai="9,11,16,17,18,19,21,24,54,59,62,76,77,78" machi="9" ten="40,8000,1" yaku="8,1,52,2,54,1" doraHai="7" who="2" fromWho="0" sc="202,-80,227,0,324,80,247,0" owari="122,-38.0,227,-17.0,404,50.0,247,5.0" /></mjloggm>