<mjloggm ver="2.3"><GO type="169" lobby="0"/><UN n0="%73%69%62%69%79%61" n1="%E3%82%A6%E3%83%AB%E3%83%88%E3%83%A9%E7%AB%8B%E7%9B%B4" n2="%E3%83%A9%E3%83%A0%E3%83%80%E3%81%95%E3%82%93" n3="%70%69%2D%70%6F" dan="16,17,16,18" rate="2104.85,2154.88,2178.04,2168.97" sx="M,M,M,M"/><TAIKYOKU oya="0"/><INIT seed="0,0,0,5,3,76" ten="250,250,250,250" oya="0" hai0="107,84,23,134,27,22,123,117,68,116,18,53,20" hai1="6,69,110,108,25,128,131,72,82,41,83,55,8" hai2="86,42,79,75,93,89,94,1,49,100,24,81,52" hai3="7,65,3,57,64,111,102,2,88,13,126,62,54"/><T19/><D107/><U87/><E69/><V5/><F42/><W61/><G111/><N who="1" m="42538" /><E41/><V45/><F1/><W16/><G126/><T21/><D68/><U114/><E114/><V34/><F5/><W74/><G74/><T50/><D123/><U124/><E124/><V46/><F46/><W106/><G7/><T33/><D134/><U105/><E105/><V120/><F120/><W98/><G88/><T101/><D101/><U91/><E55/><V38/><F38/><W56/><REACH who="3" step="1"/><G54/><REACH who="3" ten="250,250,250,240" step="2"/><T35/><D117/><U0/><E25/><V127/><F127/><W60/><G60/><T103/><D116/><U132/><E132/><V10/><F10/><AGARI ba="0,1" hai="2,3,10,13,16,56,57,61,62,64,65,98,102,106" machi="10" ten="30,7700,0" yaku="1,1,7,1,9,1,54,1,53,0" doraHai="76" doraHaiUra="121" who="3" fromWho="2" sc="250,0,250,0,250,-77,240,87" /><INIT seed="1,0,0,1,4,69" ten="250,250,173,327" oya="1" hai0="99,79,25,118,86,100,50,88,47,75,97,133,77" hai1="45,36,80,123,39,67,102,30,135,70,18,85,26" hai2="61,0,105,89,29,49,87,96,119,60,55,66,128" hai3="76,121,81,44,15,42,134,27,98,4,34,31,51"/><U54/><E123/><V131/><F119/><W83/><G134/><T82/><D133/><U109/><E135/><V23/><F0/><W13/><G121/><T57/><D118/><U126/><E126/><V107/><F96/><W40/><G81/><T117/><D117/><U62/><E109/><V132/><F132/><W116/><G116/><T24/><D57/><U103/><E18/><V93/><F29/><W16/><G98/><T114/><D114/><U72/><E72/><V129/><F23/><W6/><G42/><T38/><D38/><U110/><E110/><V28/><F28/><W2/><G15/><T124/><D124/><U78/><E54/><V64/><F61/><W33/><G2/><T37/><D37/><U32/><REACH who="1" step="1"/><E45/><REACH who="1" ten="250,240,173,327" step="2"/><V35/><F35/><W101/><G33/><T5/><D75/><U9/><E9/><V115/><F115/><W12/><G16/><T21/><D5/><U95/><E95/><V17/><F17/><W94/><G6/><T112/><D112/><U58/><E58/><V125/><F125/><W122/><G4/><T120/><D120/><U71/><E71/><V106/><REACH who="2" step="1"/><F60/><REACH who="2" ten="250,240,163,327" step="2"/><W53/><G122/><T111/><D111/><U90/><E90/><V43/><F43/><W22/><G40/><T3/><D88/><U14/><E14/><V92/><F92/><W63/><G34/><T59/><D3/><U7/><E7/><V130/><N who="2" m="32768" /><DORA hai="74" /><V91/><F91/><W104/><G63/><T65/><D99/><U52/><E52/><V113/><F113/><W41/><G41/><T1/><D97/><U84/><E84/><RYUUKYOKU ba="0,2" sc="250,-15,240,15,163,15,327,-15" hai1="26,30,32,36,39,62,67,70,78,80,85,102,103" hai2="49,55,64,66,87,89,93,105,106,107" /><INIT seed="1,1,2,3,5,116" ten="235,255,178,312" oya="1" hai0="125,93,43,70,4,75,87,36,9,109,129,102,7" hai1="31,63,68,124,28,101,30,97,83,122,81,78,95" hai2="115,20,45,54,73,134,21,128,69,59,130,104,85" hai3="92,44,98,76,3,58,111,79,94,118,55,100,50"/><U23/><E122/><V52/><F73/><W132/><G118/><T108/><D70/><U110/><E124/><V117/><F117/><W126/><G3/><T33/><D33/><U114/><E114/><V14/><F69/><W105/><G126/><T34/><D125/><U32/><E32/><V67/><F104/><W80/><G111/><T40/><D34/><U62/><E110/><N who="0" m="42601" /><D75/><U39/><E39/><V38/><F67/><W65/><G132/><T88/><D129/><N who="2" m="49770" /><F134/><W56/><G79/><T19/><D102/><U60/><E68/><V15/><F115/><W1/><G1/><T113/><D113/><U17/><REACH who="1" step="1"/><E78/><REACH who="1" ten="235,245,178,312" step="2"/><V2/><F38/><W41/><G76/><T64/><D36/><U135/><E135/><V89/><F2/><W96/><G105/><T25/><D64/><U84/><E84/><V103/><F85/><W6/><G65/><T119/><D119/><U47/><E47/><V26/><F45/><W61/><G44/><T29/><D29/><U112/><E112/><V16/><F59/><W11/><G56/><T72/><D72/><U48/><E48/><V77/><F77/><W107/><G50/><T106/><D106/><U5/><E5/><V8/><F103/><W90/><G107/><T71/><D71/><U53/><E53/><V120/><F120/><W12/><G41/><T57/><D57/><U86/><E86/><V37/><F37/><W0/><G0/><N who="0" m="135" /><D7/><U49/><E49/><V66/><F66/><W18/><G6/><T127/><D127/><U13/><AGARI ba="1,3" hai="13,17,23,28,30,31,60,62,63,81,83,95,97,101" machi="13" ten="30,6000,0" yaku="1,1,0,1,8,1,53,0" doraHai="116" doraHaiUra="123" who="1" fromWho="1" sc="235,-21,245,93,178,-21,312,-21" /><INIT seed="1,2,0,4,1,32" ten="214,338,157,291" oya="1" hai0="36,85,3,94,125,101,20,88,26,77,91,118,40" hai1="14,11,115,122,46,83,70,99,124,37,84,130,112" hai2="64,43,16,98,126,86,121,9,71,49,74,66,28" hai3="15,132,133,105,48,5,110,42,1,2,17,22,68"/><U134/><E70/><V33/><F121/><W131/><G110/><T52/><D118/><U103/><E122/><V97/><F74/><W80/><G131/><T59/><D125/><U29/><E130/><V54/><F126/><W129/><G129/><T35/><D35/><U135/><E124/><V107/><F43/><W72/><G68/><T62/><D3/><N who="3" m="1033" /><G105/><T123/><D123/><U39/><E29/><V34/><F86/><W4/><G42/><T100/><D77/><U55/><E55/><V41/><F41/><W89/><G48/><T61/><D61/><U111/><E111/><V79/><F79/><N who="3" m="44135" /><G89/><T31/><D36/><U51/><E51/><V30/><F107/><W21/><G21/><T57/><D40/><U73/><E39/><V47/><F49/><W18/><G18/><T58/><D91/><N who="1" m="51615" /><E37/><V128/><F71/><W82/><G82/><T63/><D58/><U67/><E46/><V120/><F128/><W78/><G78/><T7/><D7/><N who="1" m="3455" /><E73/><V56/><F120/><W106/><G106/><T53/><AGARI ba="2,0" hai="20,26,31,52,53,57,59,62,63,85,88,94,100,101" machi="53" ten="20,12000,2" yaku="0,1,7,1,9,1,8,1,54,2" doraHai="32" who="0" fromWho="0" sc="214,126,338,-62,157,-32,291,-32" /><INIT seed="2,0,0,3,5,84" ten="340,276,125,259" oya="2" hai0="73,122,41,118,2,70,98,115,125,44,113,78,82" hai1="30,64,108,129,65,10,48,0,21,114,22,112,105" hai2="99,119,133,90,35,107,28,25,102,9,132,51,117" hai3="120,14,33,85,57,18,80,97,88,100,56,76,110"/><V128/><F128/><W11/><G120/><T5/><D122/><U13/><E105/><V16/><F51/><W62/><G110/><T4/><D4/><U59/><E0/><V37/><F37/><W39/><G39/><N who="0" m="21567" /><D118/><U26/><E108/><V123/><F123/><W20/><G33/><T27/><D125/><U47/><E129/><V52/><F52/><N who="3" m="34055" /><G57/><T111/><D111/><U104/><E104/><V29/><F29/><W15/><G100/><T93/><D27/><U131/><E131/><V87/><F119/><W135/><G135/><T121/><D121/><U1/><E1/><V95/><REACH who="2" step="1"/><F117/><REACH who="2" ten="340,276,115,259" step="2"/><W24/><G11/><N who="0" m="2487" /><D70/><U46/><E46/><V91/><F91/><AGARI ba="0,1" hai="73,78,82,91,93,98,113,115" m="2487,21567" machi="91" ten="30,2000,0" yaku="25,1,52,1" doraHai="84" who="0" fromWho="2" sc="340,30,276,0,115,-20,259,0" /><INIT seed="3,0,0,5,1,101" ten="370,276,95,259" oya="3" hai0="7,1,11,45,118,4,89,12,87,134,119,109,48" hai1="0,130,9,2,94,114,49,135,133,46,13,78,77" hai2="62,102,83,125,17,64,122,86,120,31,91,103,39" hai3="63,43,34,68,36,28,97,27,126,81,50,56,35"/><W55/><G126/><T123/><D109/><U70/><E70/><V33/><F39/><W110/><G110/><T23/><D134/><N who="1" m="51211" /><E94/><V16/><F125/><W129/><G129/><T25/><D123/><U6/><E114/><V10/><F31/><W54/><G81/><N who="0" m="49391" /><D1/><N who="1" m="619" /><E130/><V105/><F33/><W57/><G68/><T44/><D119/><U52/><AGARI ba="0,0" hai="6,9,13,46,49,52,77,78" m="619,51211" machi="52" ten="30,2000,0" yaku="20,1,54,1" doraHai="101" who="1" fromWho="1" sc="370,-5,276,20,95,-5,259,-10" /><INIT seed="4,0,0,3,0,118" ten="365,296,90,249" oya="0" hai0="83,97,16,60,27,72,123,50,113,2,70,99,8" hai1="25,85,93,79,125,90,112,86,103,40,32,92,19" hai2="127,5,102,76,3,128,63,62,64,39,26,9,71" hai3="33,18,1,56,109,46,134,58,77,4,69,87,119"/><T114/><D123/><U67/><E125/><V124/><F39/><W54/><G119/><T106/><D50/><U23/><E112/><N who="0" m="43113" /><D106/><U108/><E108/><V115/><F115/><W78/><G69/><T14/><D27/><U100/><E40/><V55/><F128/><W49/><G134/><T96/><D2/><U30/><E67/><V43/><F43/><W36/><G109/><T82/><D72/><U52/><E52/><V47/><F76/><W10/><G33/><T21/><D8/><U24/><REACH who="1" step="1"/><E79/><REACH who="1" ten="365,286,90,249" step="2"/><V38/><F127/><W116/><G78/><T12/><D12/><U88/><AGARI ba="0,1" hai="19,23,24,25,30,32,85,86,88,90,92,93,100,103" machi="88" ten="30,12000,2" yaku="1,1,2,1,0,1,9,1,54,1,53,1" doraHai="118" doraHaiUra="17" who="1" fromWho="1" sc="365,-60,286,130,90,-30,249,-30" /><INIT seed="5,0,0,5,5,16" ten="305,416,60,219" oya="1" hai0="67,130,61,8,95,54,86,113,39,112,53,106,68" hai1="42,1,135,66,60,45,93,133,13,12,43,41,34" hai2="76,89,0,104,109,79,57,82,81,107,14,17,127" hai3="99,36,7,77,117,134,58,70,2,35,40,73,75"/><U103/><E34/><V115/><F109/><W88/><G134/><N who="1" m="51210" /><E1/><V29/><F0/><W105/><G70/><T97/><D8/><U122/><E122/><V52/><F127/><W119/><G35/><T51/><D39/><U27/><E27/><V72/><F29/><W30/><G30/><T87/><D106/><U94/><E45/><V28/><F28/><W78/><G58/><N who="0" m="33087" /><D54/><U22/><E103/><V98/><F115/><N who="0" m="44106" /><D130/><U10/><E13/><V80/><F89/><AGARI ba="0,0" hai="61,67,68,86,87,89,95,97" m="44106,33087" machi="89" ten="30,1000,0" yaku="15,1" doraHai="16" who="0" fromWho="2" sc="305,10,416,0,60,-10,219,0" /><INIT seed="6,0,0,1,4,13" ten="315,416,50,219" oya="2" hai0="70,105,8,28,31,133,127,45,89,110,122,29,66" hai1="39,1,72,46,69,126,3,40,80,67,20,124,2" hai2="44,86,114,99,103,130,7,65,90,16,17,73,93" hai3="95,22,117,107,132,55,15,111,106,35,32,18,74"/><V115/><F73/><W11/><G111/><T68/><D105/><U30/><E20/><V59/><F130/><W51/><G117/><T79/><D122/><U104/><E30/><V34/><F34/><W123/><G123/><T135/><D110/><U21/><E21/><V63/><F7/><W78/><G132/><N who="0" m="50763" /><D79/><N who="1" m="44135" /><E104/><V97/><F44/><W23/><G95/><T91/><D127/><U75/><E75/><V5/><F5/><W116/><G23/><T9/><D45/><U108/><E108/><V53/><F65/><W83/><G116/><T52/><D52/><U10/><E10/><N who="0" m="4201" /><D66/><U118/><E118/><V119/><F119/><W62/><G62/><AGARI ba="0,0" hai="1,2,3,39,40,46,62,67,69,124,126" m="44135" machi="62" ten="40,1300,0" yaku="23,1" doraHai="13" who="1" fromWho="3" sc="315,0,416,13,50,0,219,-13" /><INIT seed="7,0,0,1,1,52" ten="315,429,50,206" oya="3" hai0="87,64,3,94,37,15,129,0,97,62,12,117,20" hai1="41,133,92,63,56,31,70,108,130,95,121,77,60" hai2="123,111,1,122,39,47,57,49,71,51,84,132,24" hai3="45,93,68,17,73,118,38,114,9,110,13,74,79"/><W2/><G118/><T81/><D117/><U40/><E108/><V102/><F111/><W112/><G110/><T7/><D129/><U30/><E56/><V18/><F1/><W99/><G68/><T105/><D37/><U23/><E23/><V8/><F8/><W10/><G2/><T44/><D105/><U36/><E77/><V76/><F84/><W65/><G65/><T86/><D44/><U25/><E25/><V4/><F76/><W22/><G45/><T53/><D3/><U48/><E48/><V127/><F102/><W14/><G38/><T54/><D0/><U82/><E82/><V106/><F18/><W61/><G61/><T89/><D7/><U128/><E70/><V6/><F24/><W66/><G22/><T72/><D72/><U50/><E50/><V35/><F6/><N who="3" m="3255" /><G66/><T119/><D119/><U55/><E36/><V11/><F4/><W59/><G79/><T16/><D12/><U29/><E63/><V33/><F11/><W125/><G74/><T5/><D5/><U109/><E121/><V58/><F47/><W26/><G73/><T101/><D86/><U42/><E109/><V78/><F78/><W98/><G26/><T27/><D15/><U100/><E130/><V96/><F39/><W90/><G98/><T115/><D115/><U88/><E128/><V67/><F96/><W131/><G131/><T91/><D101/><U19/><E100/><V43/><F43/><W69/><G99/><T83/><D83/><U120/><E42/><V28/><F28/><W21/><G10/><T75/><D75/><U85/><E40/><RYUUKYOKU ba="0,0" sc="315,30,429,-10,50,-10,206,-10" hai0="16,20,27,53,54,62,64,81,87,89,91,94,97" owari="345,15.0,419,51.0,40,-46.0,196,-20.0" /></mjloggm>