<mjloggm ver="2.3"><GO type="169" lobby="0"/><UN n0="%E3%82%A6%E3%83%AB%E3%83%88%E3%83%A9%E7%AB%8B%E7%9B%B4" n1="%E9%88%B4%E4%BD%B3" n2="%E3%81%8B%E3%82%89%E3%81%A0%E3%81%AB%E3%83%94%E3%83%BC%E3%82%B9" n3="%46%69%72%73%74" dan="16,16,16,17" rate="2165.56,2125.15,2050.38,2062.37" sx="M,M,F,M"/><TAIKYOKU oya="0"/><INIT seed="0,0,0,3,5,11" ten="250,250,250,250" oya="0" hai0="121,24,58,105,26,0,110,93,40,80,13,63,45" hai1="47,22,57,52,131,56,120,119,44,95,87,49,96" hai2="15,101,85,106,55,125,130,102,6,67,59,97,92" hai3="126,27,86,72,70,43,39,115,12,117,84,103,60"/><T73/><D105/><U7/><E119/><V134/><F130/><W82/><G115/><T69/><D0/><U2/><E120/><V88/><F134/><W54/><G126/><T61/><D121/><U50/><E131/><V135/><F135/><W19/><G103/><T51/><D110/><U122/><E122/><V17/><F6/><W35/><G43/><T89/><D73/><U68/><E68/><V113/><F113/><W81/><G39/><T107/><D107/><U78/><E22/><V36/><F36/><W111/><G111/><T23/><D80/><N who="1" m="47511" /><E7/><V108/><F108/><W79/><G82/><T31/><D69/><U53/><E2/><V18/><F18/><W75/><G75/><T76/><D76/><U104/><E104/><V129/><F129/><W123/><G117/><T65/><D63/><U8/><E8/><N who="2" m="6375" /><F106/><W1/><G1/><T112/><D112/><U132/><E132/><V37/><F37/><W94/><G94/><T90/><D26/><U124/><E124/><V77/><F125/><W25/><G25/><T114/><D114/><U99/><E99/><V21/><F21/><N who="3" m="11495" /><G70/><T116/><D116/><U98/><E98/><V71/><F71/><W14/><G72/><T32/><D93/><U100/><AGARI ba="0,0" hai="44,47,49,50,52,53,56,57,95,96,100" m="47511" machi="100" ten="30,2000,0" yaku="8,1,54,1" doraHai="11" who="1" fromWho="1" sc="250,-10,250,20,250,-5,250,-5" /><INIT seed="1,0,0,1,2,129" ten="240,270,245,245" oya="1" hai0="35,53,121,94,117,82,18,115,75,111,98,56,23" hai1="25,135,122,42,71,66,16,38,132,29,134,124,24" hai2="5,102,101,79,91,85,52,59,51,14,107,44,36" hai3="110,69,1,127,62,19,72,108,131,15,93,88,0"/><U54/><E122/><V99/><F79/><W76/><G131/><T113/><D35/><U84/><E124/><V109/><F109/><W87/><G127/><T86/><D75/><U26/><E66/><V116/><F116/><W32/><G32/><T68/><D111/><N who="3" m="42537" /><G72/><T61/><D68/><U112/><E71/><V120/><F120/><W28/><G28/><T20/><D20/><U130/><E130/><V45/><F102/><W48/><G76/><T96/><D96/><U6/><E112/><V77/><F77/><W78/><G78/><T17/><D17/><U70/><E70/><V125/><F125/><W8/><G48/><T63/><D63/><U105/><E105/><V73/><F73/><W97/><G97/><T11/><D11/><U49/><E6/><V37/><F37/><W33/><G33/><T41/><D41/><U133/><E135/><V2/><F2/><W83/><G83/><T65/><D117/><U90/><E42/><V57/><F36/><W126/><G126/><T60/><D121/><U74/><E38/><V47/><F59/><W34/><G34/><T114/><D86/><U55/><E29/><V40/><F40/><W64/><AGARI ba="0,0" hai="0,1,8,15,19,62,64,69,87,88,93" m="42537" machi="64" ten="30,2000,0" yaku="14,1,54,1" doraHai="129" who="3" fromWho="3" sc="240,-5,270,-10,245,-5,245,20" /><INIT seed="2,0,0,1,4,133" ten="235,260,240,265" oya="2" hai0="107,127,34,135,59,131,17,116,44,134,13,42,16" hai1="8,76,7,67,55,97,63,23,35,69,121,68,93" hai2="119,96,64,100,14,48,123,36,110,53,52,114,84" hai3="18,47,109,81,22,80,9,37,32,5,46,95,62"/><V99/><F123/><W120/><G109/><T125/><D107/><U1/><E35/><V104/><F119/><W40/><G32/><T86/><D131/><U45/><E121/><V20/><F114/><W51/><G62/><T25/><D116/><U132/><E132/><N who="0" m="50729" /><D59/><U122/><E122/><V102/><F36/><W74/><G95/><T56/><D56/><U12/><E76/><V15/><F64/><W78/><G81/><T82/><D25/><U118/><E118/><V75/><F75/><W103/><G103/><T49/><D34/><U126/><E69/><V87/><F48/><W89/><G89/><N who="0" m="51415" /><D17/><U58/><E45/><V24/><F20/><AGARI ba="0,0" hai="13,16,20,42,44,49,125,127" m="51415,50729" machi="20" ten="30,7700,0" yaku="20,1,52,2,54,1" doraHai="133" who="0" fromWho="2" sc="235,77,260,0,240,-77,265,0" /><INIT seed="3,0,0,5,3,73" ten="312,260,163,265" oya="3" hai0="100,116,86,62,130,107,57,7,69,135,21,99,43" hai1="78,105,23,118,81,123,109,64,44,80,22,114,50" hai2="132,35,85,84,121,72,63,32,19,31,90,134,55" hai3="75,104,29,45,5,34,30,92,97,108,4,131,103"/><W91/><G131/><T98/><D116/><U46/><E123/><V40/><F72/><W48/><G108/><T67/><D130/><U133/><E114/><V14/><F121/><W28/><G34/><T113/><D135/><N who="2" m="51754" /><F40/><W122/><G122/><T59/><D113/><U51/><E133/><V8/><F31/><W9/><G75/><T10/><D43/><U25/><E105/><V125/><F125/><W39/><G39/><T54/><D98/><U106/><E106/><V52/><F85/><W117/><G117/><T119/><D119/><U61/><E118/><V68/><F68/><W56/><G56/><T95/><D21/><U47/><E109/><V83/><F63/><W115/><G9/><T58/><D86/><U110/><E110/><V82/><F82/><W89/><G115/><T120/><D107/><U36/><E36/><V3/><F3/><W24/><G24/><T124/><D124/><U87/><E81/><V1/><F1/><W93/><G104/><T70/><D120/><U11/><E11/><V13/><F13/><W33/><G33/><AGARI ba="0,0" hai="8,14,19,32,33,35,52,55,83,84,90" m="51754" machi="33" ten="30,2000,0" yaku="20,1,54,1" doraHai="73" who="2" fromWho="3" sc="312,0,260,0,163,20,265,-20" /><INIT seed="4,0,0,5,3,109" ten="312,260,183,245" oya="0" hai0="34,105,65,39,46,84,117,36,53,27,29,70,86" hai1="81,24,120,104,49,0,100,131,94,91,59,102,130" hai2="113,111,22,73,52,10,67,14,61,2,124,98,79" hai3="3,121,69,92,106,4,68,31,19,1,80,15,75"/><T12/><D117/><U132/><E120/><V125/><F111/><W33/><G121/><T42/><D39/><U21/><E0/><V11/><F22/><W127/><G127/><N who="2" m="48713" /><F98/><W55/><G106/><T9/><D105/><U5/><E5/><N who="2" m="1335" /><F79/><W56/><G3/><T41/><D41/><U115/><E132/><V87/><F73/><W90/><G75/><T128/><D128/><N who="1" m="49195" /><E104/><V116/><F87/><W66/><G80/><T123/><D123/><U129/><E81/><V58/><F116/><W45/><G4/><T103/><D103/><U83/><E83/><V108/><F108/><W17/><G1/><T35/><D35/><U134/><E134/><V64/><F113/><W101/><G101/><T107/><D107/><U43/><E115/><V57/><F57/><W72/><G72/><T6/><D86/><N who="1" m="52599" /><E59/><V77/><F77/><W26/><G69/><T78/><D84/><U74/><E74/><V38/><F38/><W114/><G114/><T54/><D78/><U62/><E62/><V89/><F89/><W51/><G68/><T118/><D118/><U82/><E82/><V40/><F40/><W48/><G90/><T63/><AGARI ba="0,0" hai="6,9,12,27,29,34,36,42,46,53,54,63,65,70" machi="63" ten="30,1500,0" yaku="0,1" doraHai="109" who="0" fromWho="0" sc="312,15,260,-5,183,-5,245,-5" /><INIT seed="4,1,0,3,4,69" ten="327,255,178,240" oya="0" hai0="91,132,96,33,82,43,32,7,122,56,63,20,29" hai1="62,5,58,45,18,57,120,70,28,74,112,26,1" hai2="4,49,121,129,98,126,116,102,87,76,2,100,37" hai3="64,117,81,92,30,9,42,89,14,55,79,85,103"/><T131/><D122/><U90/><E120/><V94/><F121/><W21/><G117/><T110/><D7/><U47/><E74/><V39/><F116/><W135/><G135/><T0/><D0/><U44/><E112/><V60/><F49/><W31/><G64/><T11/><D11/><U83/><E18/><V23/><F60/><W72/><G21/><T73/><D132/><U61/><E5/><V54/><F54/><W93/><G55/><T134/><D134/><U3/><E70/><V53/><F53/><W10/><G10/><T25/><D131/><U51/><E51/><V48/><F48/><W108/><G108/><T127/><D127/><U41/><E41/><V13/><F126/><W107/><G92/><T97/><D43/><U15/><E15/><V35/><F35/><W106/><G42/><T101/><D110/><U22/><E3/><V36/><F129/><W95/><G95/><T8/><D8/><U59/><E1/><V113/><F113/><W67/><G107/><T133/><D133/><U84/><AGARI ba="1,0" hai="22,26,28,44,45,47,57,58,59,61,62,83,84,90" machi="84" ten="40,2700,0" yaku="0,1,8,1" doraHai="69" who="1" fromWho="1" sc="327,-14,255,30,178,-8,240,-8" /><INIT seed="5,0,0,5,1,46" ten="313,285,170,232" oya="1" hai0="122,30,131,135,112,26,36,3,52,79,64,121,126" hai1="56,33,109,91,51,43,86,103,9,59,101,129,89" hai2="62,21,0,67,118,100,44,90,127,83,32,17,114" hai3="50,45,66,115,125,48,42,22,2,57,75,68,78"/><U71/><E71/><V93/><F118/><W6/><G125/><T7/><D36/><U81/><E33/><V120/><F120/><W113/><G75/><T102/><D64/><U95/><E129/><V27/><F127/><W117/><G78/><T76/><D102/><N who="1" m="38923" /><E9/><V77/><F0/><W34/><G34/><T28/><D7/><U110/><E110/><V49/><F32/><W47/><G22/><T134/><D3/><U69/><E69/><V72/><F100/><W19/><G19/><T10/><D10/><U130/><E130/><V63/><F67/><W4/><G117/><T5/><D5/><U53/><E109/><V99/><REACH who="2" step="1"/><F114/><REACH who="2" ten="313,285,160,232" step="2"/><N who="3" m="43531" /><G2/><T37/><D126/><U73/><E73/><V8/><F8/><W92/><G66/><T85/><D112/><U54/><E43/><AGARI ba="0,1" hai="17,21,27,43,44,49,62,63,72,77,83,90,93,99" machi="43" ten="30,7700,0" yaku="1,1,7,1,52,1,53,1" doraHai="46" doraHaiUra="88" who="2" fromWho="1" sc="313,0,285,-77,160,87,232,0" /><INIT seed="6,0,0,3,1,114" ten="313,208,247,232" oya="2" hai0="81,56,117,79,47,62,13,25,64,9,57,67,119" hai1="126,78,43,92,35,98,125,99,75,39,22,112,83" hai2="102,3,85,111,14,65,110,4,5,133,108,124,103" hai3="28,55,58,41,15,0,42,129,121,21,66,59,60"/><V130/><F130/><W49/><G0/><T88/><D25/><U50/><E39/><V31/><F133/><W36/><G121/><T135/><D47/><U40/><E35/><V90/><F124/><W19/><G129/><T68/><D88/><N who="1" m="55559" /><E112/><V132/><F132/><W53/><G36/><T38/><D38/><U89/><E50/><V118/><F31/><W76/><G76/><T8/><D8/><U1/><E1/><V100/><F65/><W115/><G115/><T104/><D104/><U54/><E54/><V23/><F3/><W69/><REACH who="3" step="1"/><G28/><REACH who="3" ten="313,208,247,222" step="2"/><T27/><D79/><U122/><E122/><V77/><F77/><W87/><G87/><T26/><D135/><U16/><E99/><V37/><F37/><W12/><G12/><T123/><D13/><N who="1" m="9487" /><E89/><V2/><F103/><W45/><G45/><T24/><D123/><U63/><E63/><AGARI ba="0,1" hai="15,19,21,41,42,49,53,55,58,59,60,63,66,69" machi="63" ten="30,3900,0" yaku="1,1,7,1,53,1" doraHai="114" doraHaiUra="18" who="3" fromWho="1" sc="313,0,208,-39,247,0,222,49" /><INIT seed="7,0,0,1,1,134" ten="313,169,247,271" oya="3" hai0="69,67,46,133,83,111,112,13,118,42,21,80,84" hai1="113,43,130,24,114,98,125,41,54,28,64,120,50" hai2="33,124,106,18,116,109,62,1,58,93,30,15,4" hai3="51,5,10,97,75,12,19,74,122,26,0,31,128"/><W78/><G122/><T76/><D111/><U11/><E120/><V72/><F109/><W68/><G68/><T47/><D118/><U20/><E130/><V9/><F116/><W14/><G128/><T37/><D47/><U27/><E64/><V61/><F72/><W70/><G70/><T91/><D112/><U29/><E98/><V7/><F106/><W86/><G14/><T2/><D2/><U90/><E90/><V103/><F124/><W110/><G110/><T94/><D133/><U132/><E132/><V101/><F7/><W123/><G123/><T121/><D121/><U35/><E11/><V23/><F93/><W17/><G17/><T87/><D21/><U89/><E89/><V6/><F6/><W105/><G51/><T34/><D34/><U38/><E38/><V95/><F95/><W52/><G52/><T63/><D13/><U22/><E35/><V66/><F61/><W127/><G127/><T77/><D94/><U25/><E25/><AGARI ba="0,0" hai="1,4,9,15,18,23,25,30,33,58,62,66,101,103" machi="25" ten="40,2600,0" yaku="24,2" doraHai="134" who="2" fromWho="1" sc="313,0,169,-26,247,26,271,0" owari="313,42.0,143,-36.0,273,7.0,271,-13.0" /></mjloggm>