<mjloggm ver="2.3"><GO type="169" lobby="0"/><UN n0="%E5%B0%B1%E6%B4%BB%E7%94%9F%40%E5%B7%9D%E6%9D%91%E8%BB%8D%E5%9B%A3" n1="%E3%83%9E%E3%83%A1%E3%83%9D%E3%82%B3" n2="%E2%80%BB%34%33%33%E2%80%BB" n3="%68%61%72%75%72%75%39%31" dan="18,16,16,16" rate="2248.11,2155.15,2044.42,2029.93" sx="M,M,M,M"/><TAIKYOKU oya="0"/><INIT seed="0,0,0,5,5,19" ten="250,250,250,250" oya="0" hai0="30,58,125,38,72,57,27,13,130,21,80,104,81" hai1="39,46,107,88,47,100,74,29,10,68,134,114,52" hai2="24,45,78,49,121,133,32,111,65,60,115,11,1" hai3="16,84,117,18,108,73,41,35,95,116,44,92,103"/><T97/><D38/><U53/><E68/><V110/><F121/><W31/><G73/><T4/><D130/><U7/><E74/><V109/><F115/><W55/><G55/><T127/><D104/><U6/><E107/><V70/><F133/><W54/><G54/><T135/><D135/><U8/><E134/><V15/><F1/><W112/><G112/><T71/><D71/><U56/><E29/><N who="2" m="19495" /><F78/><W79/><G31/><T43/><D43/><U48/><E100/><V83/><F83/><N who="0" m="31818" /><D72/><U51/><E114/><V129/><F129/><W124/><G35/><T20/><D97/><U94/><E39/><V113/><F113/><W120/><G79/><T90/><D90/><U118/><E56/><N who="0" m="21609" /><D4/><N who="1" m="1579" /><E118/><V50/><F45/><W91/><G120/><T26/><D13/><U0/><E0/><V99/><F99/><AGARI ba="0,0" hai="8,10,46,47,48,51,52,53,88,94,99" m="1579" machi="99" ten="30,3900,0" yaku="8,1,54,2" doraHai="19" who="1" fromWho="2" sc="250,0,250,39,250,-39,250,0" /><INIT seed="1,0,0,3,3,115" ten="250,289,211,250" oya="1" hai0="98,57,59,66,131,62,31,0,105,89,96,26,10" hai1="76,95,102,24,81,51,40,42,84,121,107,106,103" hai2="116,114,124,63,6,94,101,128,46,71,22,33,1" hai3="119,80,58,23,41,55,43,61,82,99,86,125,50"/><U122/><E24/><V39/><F33/><W93/><G125/><T16/><D131/><U60/><E60/><V83/><F124/><W35/><G35/><T52/><D105/><N who="1" m="39947" /><E51/><V36/><F128/><W77/><G23/><N who="0" m="15839" /><D0/><U90/><E42/><N who="3" m="15882" /><G82/><T19/><D89/><U21/><E21/><V117/><F114/><W2/><G2/><T37/><D37/><N who="2" m="14410" /><F22/><W5/><G5/><T92/><D10/><U78/><E40/><V108/><F83/><W110/><G110/><T47/><D47/><U53/><E53/><V112/><F94/><W27/><G27/><T68/><D68/><U13/><E13/><V25/><F112/><W127/><G127/><T30/><D30/><U15/><E15/><V75/><F101/><N who="1" m="38409" /><E76/><V132/><F1/><W67/><G67/><T11/><D92/><U17/><E17/><N who="0" m="6729" /><D11/><U104/><N who="1" m="39955" /><U29/><DORA hai="69" /><E29/><V111/><F6/><W109/><G77/><T12/><D12/><U100/><N who="1" m="38417" /><U135/><DORA hai="118" /><E135/><V56/><F132/><W120/><G93/><T14/><D14/><U49/><E49/><AGARI ba="0,0" hai="49,52,57,59,62,66,96,98" m="6729,15839" machi="49" ten="30,3900,0" yaku="8,1,54,2" doraHai="115,69,118" who="0" fromWho="1" sc="250,39,289,-39,211,0,250,0" /><INIT seed="2,0,0,1,1,16" ten="289,250,211,250" oya="2" hai0="64,112,119,117,120,102,74,114,110,9,81,55,19" hai1="109,73,21,126,101,48,17,52,66,22,33,72,6" hai2="77,10,88,44,35,49,39,5,24,45,89,36,2" hai3="85,68,79,69,20,121,86,57,70,98,111,28,18"/><V14/><F77/><W29/><G121/><T8/><D64/><U93/><E33/><V96/><F44/><W90/><G111/><T78/><D102/><U107/><E107/><V11/><F35/><W58/><G98/><T34/><D34/><U23/><E6/><V92/><F24/><W124/><G124/><T32/><D32/><U27/><E66/><V53/><REACH who="2" step="1"/><F89/><REACH who="2" ten="289,250,201,250" step="2"/><W127/><G127/><T131/><D110/><U43/><E109/><V12/><F12/><W63/><G79/><T26/><D120/><U84/><E126/><V106/><F106/><W61/><G90/><T115/><D26/><U42/><E27/><V50/><F50/><W83/><G63/><T1/><D1/><U97/><E17/><AGARI ba="0,1" hai="2,5,10,11,14,17,36,39,45,49,53,88,92,96" machi="17" ten="30,5800,0" yaku="1,1,7,1,54,1,53,0" doraHai="16" doraHaiUra="123" who="2" fromWho="1" sc="289,0,250,-58,201,68,250,0" /><INIT seed="2,1,0,3,5,121" ten="289,192,269,250" oya="2" hai0="39,110,98,123,124,33,106,132,61,58,105,44,21" hai1="16,7,111,133,22,129,60,80,95,100,30,69,77" hai2="9,70,42,71,85,75,81,38,6,50,59,49,48" hai3="117,37,18,73,118,107,17,52,41,66,119,4,74"/><V94/><F75/><W99/><G66/><T122/><D33/><U67/><E133/><V90/><F59/><W126/><G4/><T113/><D113/><U56/><E129/><V130/><F130/><W109/><G109/><T28/><D132/><U127/><E7/><V57/><F57/><W43/><G126/><T12/><D124/><U131/><E127/><V63/><F63/><W40/><G37/><T11/><D110/><U115/><E131/><V62/><F62/><W47/><G107/><T108/><D108/><U54/><E111/><V84/><F42/><W78/><G99/><T29/><D44/><U35/><E115/><V68/><F38/><W10/><G10/><T91/><D39/><U116/><E116/><V134/><F134/><W128/><G128/><T25/><D29/><U79/><E35/><V92/><REACH who="2" step="1"/><F85/><REACH who="2" ten="289,192,259,250" step="2"/><W135/><G135/><T72/><D72/><U82/><E69/><V120/><F120/><W13/><G74/><T104/><D58/><U102/><E67/><V83/><F83/><W93/><G119/><T103/><D61/><U14/><E82/><V55/><F55/><W86/><G118/><T51/><D51/><U101/><E80/><V87/><F87/><W45/><G117/><T3/><D123/><U88/><E30/><V5/><F5/><W89/><G73/><T36/><D36/><U27/><E14/><AGARI ba="1,1" hai="6,9,14,48,49,50,68,70,71,81,84,90,92,94" machi="14" ten="50,2400,0" yaku="1,1,53,0" doraHai="121" doraHaiUra="31" who="2" fromWho="1" sc="289,0,192,-27,259,37,250,0" /><INIT seed="2,2,0,4,4,67" ten="289,165,296,250" oya="2" hai0="79,47,39,111,13,46,66,49,22,127,98,14,1" hai1="88,102,107,128,18,38,54,112,96,34,59,94,30" hai2="48,40,51,82,76,121,104,26,21,20,84,106,64" hai3="118,10,116,8,25,44,134,71,65,108,3,29,35"/><V36/><F121/><W31/><G44/><T122/><D1/><U87/><E128/><V17/><F64/><W0/><G65/><T81/><D122/><U93/><E112/><V60/><F60/><W57/><G57/><T28/><D111/><U80/><E38/><V130/><F130/><W6/><G71/><T75/><D127/><U123/><E123/><V42/><F36/><W33/><G108/><T125/><D125/><U53/><E18/><N who="2" m="12567" /><F106/><W133/><G25/><T24/><D66/><U72/><E59/><V117/><F104/><W50/><G50/><N who="2" m="18985" /><F117/><W32/><G32/><T132/><D132/><U100/><E100/><V12/><AGARI ba="2,0" hai="12,17,21,40,42,76,82,84" m="18985,12567" machi="12" ten="30,1500,0" yaku="8,1" doraHai="67" who="2" fromWho="2" sc="289,-7,165,-7,296,21,250,-7" /><INIT seed="2,3,0,1,4,83" ten="282,158,317,243" oya="2" hai0="91,134,59,133,21,33,99,13,35,124,39,8,34" hai1="41,94,75,81,47,120,18,72,15,121,130,25,86" hai2="85,132,119,11,20,114,112,115,45,127,87,125,122" hai3="63,19,31,126,14,102,78,113,65,28,54,26,24"/><V90/><F122/><N who="1" m="47209" /><E130/><V107/><F119/><W56/><G126/><N who="2" m="48137" /><F132/><N who="0" m="50794" /><D39/><N who="1" m="21951" /><E25/><N who="3" m="9834" /><G113/><T105/><D124/><U123/><N who="1" m="47217" /><U2/><DORA hai="73" /><E2/><V23/><F107/><W116/><G116/><T106/><D59/><U74/><E94/><N who="2" m="54623" /><F45/><W84/><G102/><T103/><D21/><N who="2" m="8266" /><F11/><N who="3" m="6623" /><G65/><T131/><D131/><U104/><E104/><V29/><F29/><W93/><G93/><N who="0" m="56767" /><D103/><U7/><E7/><AGARI ba="3,0" hai="7,8,13,33,34,35,105,106" m="56767,50794" machi="7" ten="40,1300,0" yaku="20,1" doraHai="83,73" who="0" fromWho="1" sc="282,22,158,-22,317,0,243,0" /><INIT seed="3,0,0,0,3,96" ten="304,136,317,243" oya="3" hai0="8,47,134,37,123,10,101,116,97,85,115,59,5" hai1="82,60,61,53,104,73,84,70,128,89,1,44,41" hai2="36,69,33,76,54,94,78,2,21,32,86,19,68" hai3="27,45,34,62,29,49,16,80,131,52,74,93,124"/><W30/><G124/><T20/><D123/><U99/><E1/><V63/><F36/><W56/><G131/><T40/><D116/><U23/><E128/><V126/><F2/><W111/><G111/><T48/><D115/><U118/><E118/><V77/><F126/><W79/><G93/><T7/><D134/><U51/><E73/><V75/><F75/><W15/><G27/><T105/><D20/><U50/><E70/><V102/><F69/><W109/><G34/><T130/><D130/><U4/><E4/><V121/><F121/><W24/><G24/><T65/><D85/><U3/><E3/><V132/><F86/><W57/><G109/><T71/><D8/><U129/><E129/><V119/><F132/><W81/><G81/><T92/><D10/><U14/><E14/><V91/><F91/><W95/><G95/><T108/><D108/><U100/><REACH who="1" step="1"/><E23/><REACH who="1" ten="304,126,317,243" step="2"/><V117/><F21/><W103/><G103/><T125/><D125/><U55/><E55/><V120/><F102/><W39/><G39/><T64/><D64/><U38/><E38/><V22/><F54/><W122/><G122/><T87/><D71/><U46/><AGARI ba="0,1" hai="41,44,46,50,51,53,60,61,82,84,89,99,100,104" machi="46" ten="20,5200,0" yaku="1,1,0,1,7,1,52,1,53,0" doraHai="96" doraHaiUra="107" who="1" fromWho="1" sc="304,-13,126,62,317,-13,243,-26" /><INIT seed="4,0,0,5,3,43" ten="291,188,304,217" oya="0" hai0="113,123,104,124,100,19,31,72,48,40,91,8,1" hai1="4,6,59,3,15,111,5,34,22,54,41,51,27" hai2="128,78,86,127,130,63,12,71,89,133,57,87,16" hai3="52,81,98,99,96,73,75,37,55,58,93,33,64"/><T134/><D123/><U85/><E111/><V82/><F71/><W17/><G33/><T49/><D113/><U60/><E3/><V105/><F105/><W20/><G93/><T107/><D72/><U116/><E34/><V65/><F127/><W62/><G37/><T109/><D31/><U125/><E125/><V56/><F133/><W7/><G7/><T66/><D124/><U102/><E116/><V68/><F87/><W25/><G81/><T132/><D109/><U24/><E102/><V36/><F36/><W97/><N who="3" m="24576" /><DORA hai="21" /><W77/><REACH who="3" step="1"/><G77/><REACH who="3" ten="291,188,304,207" step="2"/><T74/><D104/><U131/><E4/><V84/><F78/><W13/><G13/><T122/><D107/><U26/><E5/><V67/><F84/><W118/><G118/><T126/><D1/><U120/><E120/><V50/><F82/><W47/><G47/><T95/><D95/><U18/><E6/><V53/><F86/><W9/><G9/><T121/><D8/><U23/><E85/><V129/><F89/><W29/><G29/><T46/><D91/><U108/><E108/><V80/><F80/><W101/><G101/><T83/><D100/><U28/><E131/><V70/><F65/><W42/><G42/><T90/><D90/><U112/><E112/><V135/><F135/><W44/><G44/><AGARI ba="0,1" hai="15,18,22,23,24,26,27,28,41,44,51,54,59,60" machi="44" ten="40,8000,1" yaku="8,1,52,4" doraHai="43,21" who="1" fromWho="3" sc="291,0,188,90,304,0,207,-80" /><INIT seed="5,0,0,2,4,84" ten="291,278,304,127" oya="1" hai0="119,90,6,126,34,29,94,83,123,52,0,32,67" hai1="108,125,3,45,70,82,79,134,38,81,46,21,101" hai2="104,19,16,47,41,73,27,20,31,35,96,61,13" hai3="9,66,132,58,23,33,100,88,68,78,15,121,42"/><U118/><E118/><V76/><F61/><W57/><G33/><T56/><D119/><U93/><E70/><V103/><F19/><W111/><G111/><T22/><D126/><U77/><E3/><V113/><F113/><W44/><G121/><T25/><D123/><U135/><E108/><V64/><F64/><W130/><G130/><T7/><D67/><U14/><E125/><V110/><F110/><W86/><G78/><N who="1" m="29706" /><E14/><V5/><F76/><W72/><G72/><T4/><D0/><U24/><E38/><V60/><F60/><W65/><G100/><T106/><D106/><U109/><E109/><V71/><F5/><W80/><G23/><T48/><REACH who="0" step="1"/><D83/><REACH who="0" ten="281,278,304,127" step="2"/><U36/><E82/><V30/><F73/><W124/><G124/><T122/><D122/><U2/><E81/><V131/><F131/><W85/><G132/><N who="1" m="50730" /><E2/><V39/><F71/><W11/><G68/><T51/><D51/><U116/><E36/><V114/><F114/><W40/><G80/><T117/><D117/><U97/><E116/><V127/><F127/><W115/><G115/><T107/><D107/><U75/><E75/><V74/><F74/><W89/><REACH who="3" step="1"/><G15/><REACH who="3" ten="281,278,304,117" step="2"/><T17/><D17/><AGARI ba="0,2" hai="17,21,24,45,46,93,97,101" m="50730,29706" machi="17" ten="30,1500,0" yaku="20,1" doraHai="84" who="1" fromWho="0" sc="281,-15,278,35,304,0,117,0" /><INIT seed="5,1,0,5,5,57" ten="266,313,304,117" oya="1" hai0="65,104,105,21,69,90,83,43,28,25,11,55,72" hai1="30,54,111,122,52,98,99,92,135,47,34,82,127" hai2="0,51,46,126,48,107,29,45,26,106,131,1,109" hai3="13,41,6,86,61,23,15,12,118,115,56,117,60"/><U81/><E122/><V125/><F109/><W75/><G75/><T123/><D123/><U120/><E120/><V73/><F26/><W133/><G41/><T128/><D128/><U2/><E2/><V27/><F27/><W62/><G115/><T71/><D43/><U77/><E34/><V79/><F79/><W93/><G133/><T3/><D55/><U10/><E30/><V67/><F67/><N who="3" m="39303" /><G23/><T76/><D90/><U68/><E68/><V58/><F73/><W129/><G6/><T22/><D22/><U35/><E35/><V8/><F58/><W38/><G38/><T19/><D71/><U40/><E111/><V78/><F78/><W101/><G129/><T95/><D95/><U97/><E10/><V132/><F131/><W32/><G32/><T103/><D103/><U87/><E135/><V113/><F132/><W134/><G134/><T108/><D108/><U66/><E66/><V53/><F8/><W70/><G70/><T74/><D74/><U64/><E64/><V50/><F0/><W119/><G86/><T89/><D65/><U5/><E5/><V7/><F29/><W33/><G33/><T80/><D69/><U124/><E82/><V20/><F7/><W85/><G85/><N who="0" m="50343" /><D3/><U17/><E92/><V59/><F1/><W31/><G31/><T116/><D116/><U114/><E17/><V18/><F18/><W4/><G4/><T44/><D28/><U84/><E84/><V100/><F20/><W102/><G102/><T39/><D11/><U42/><E114/><V91/><F113/><W121/><G121/><T9/><D9/><RYUUKYOKU ba="1,0" sc="266,15,313,-15,304,-15,117,15" hai0="19,21,25,39,44,72,76,83,104,105" hai3="12,13,15,61,62,93,101,117,118,119" /><INIT seed="6,2,0,4,3,40" ten="281,298,289,132" oya="2" hai0="17,48,88,93,94,23,65,87,7,135,101,98,123" hai1="69,64,80,104,72,132,62,56,36,78,131,53,2" hai2="46,47,57,13,121,82,41,74,42,11,43,38,59" hai3="109,117,103,54,5,9,10,58,130,30,97,128,67"/><V113/><F121/><W112/><G109/><T68/><D123/><U116/><E116/><V129/><F129/><W90/><G117/><T114/><D114/><U134/><E131/><N who="3" m="50218" /><G30/><T122/><D122/><U73/><E104/><V34/><F34/><W8/><G67/><T32/><D32/><U133/><E2/><V44/><F113/><W89/><G5/><T33/><D33/><U28/><E28/><V66/><F38/><W86/><G86/><T21/><D135/><U120/><E120/><V63/><F74/><W118/><G118/><T31/><D7/><U20/><E36/><V0/><F0/><W119/><G119/><T6/><D6/><U76/><E20/><V52/><F82/><W26/><G26/><N who="0" m="16847" /><D68/><U37/><E37/><V45/><N who="2" m="11264" /><DORA hai="91" /><V55/><F59/><W84/><G84/><T60/><D48/><N who="1" m="30759" /><E78/><V75/><F75/><AGARI ba="2,0" hai="62,64,69,72,73,75,76,80,132,133,134" m="30759" machi="75" ten="30,1000,0" yaku="20,1" doraHai="40,91" who="1" fromWho="2" sc="281,0,298,16,289,-16,132,0" /><INIT seed="7,0,0,3,0,25" ten="281,314,273,132" oya="3" hai0="70,92,104,106,37,132,29,82,73,100,49,105,112" hai1="115,18,55,87,94,109,17,16,88,40,5,103,121" hai2="38,42,101,122,32,95,133,102,127,125,72,31,131" hai3="53,15,90,79,135,107,7,4,24,43,1,75,113"/><W0/><G107/><T62/><D37/><U21/><E109/><V48/><F122/><W56/><G43/><T89/><D70/><U97/><E121/><V69/><F72/><W114/><G135/><T76/><D62/><U33/><E33/><V23/><F133/><W47/><G47/><T111/><D132/><U11/><E115/><N who="3" m="44042" /><G90/><T110/><D112/><U99/><E40/><V6/><F38/><W77/><G24/><T22/><D49/><U124/><E124/><N who="2" m="47691" /><F131/><W59/><G75/><T84/><D29/><U2/><E55/><V44/><F69/><W61/><G15/><T119/><D22/><U68/><E68/><V30/><F32/><W36/><G36/><T126/><D126/><U128/><E128/><V35/><F35/><W118/><G118/><T98/><D119/><U9/><E9/><V8/><F95/><AGARI ba="0,0" hai="73,76,82,84,89,92,95,98,100,104,105,106,110,111" machi="95" ten="40,5200,0" yaku="34,3" doraHai="25" who="0" fromWho="2" sc="281,52,314,0,273,-52,132,0" owari="333,44.0,314,11.0,221,-18.0,132,-37.0" /></mjloggm>