<mjloggm ver="2.3"><GO type="169" lobby="0"/><UN n0="%68%65%74" n1="%E6%9A%97%E3%81%84%E7%AC%A6" n2="%28%E3%81%A3%27%E3%83%AE%27%63%29" n3="%E5%B0%B1%E6%B4%BB%E7%94%9F%40%E5%B7%9D%E6%9D%91%E8%BB%8D%E5%9B%A3" dan="16,16,17,17" rate="2118.39,2106.61,2184.40,2231.79" sx="M,M,M,M"/><TAIKYOKU oya="0"/><INIT seed="0,0,0,0,5,105" ten="250,250,250,250" oya="0" hai0="64,7,15,17,121,91,118,131,42,0,109,10,80" hai1="32,12,96,16,18,33,122,78,85,127,26,67,41" hai2="98,125,53,70,128,56,65,40,24,51,66,47,72" hai3="3,104,5,83,14,39,119,1,45,28,95,68,126"/><T27/><D121/><U34/><E67/><V112/><F112/><W44/><G104/><T74/><D118/><U19/><E122/><V21/><F125/><W50/><G68/><T82/><D64/><U135/><E41/><V69/><F128/><W48/><G126/><T99/><D42/><U92/><E127/><V52/><F70/><W111/><G39/><T93/><D131/><U110/><E135/><V123/><F123/><W76/><G111/><T84/><D109/><U57/><E57/><V88/><F72/><W117/><G28/><T6/><D6/><U79/><E110/><V116/><F116/><W94/><G5/><T134/><D134/><U2/><E2/><V22/><F22/><W124/><G124/><T113/><D113/><U58/><E58/><V37/><F53/><W35/><G14/><T59/><D59/><U100/><E85/><V4/><F4/><W60/><G60/><T81/><D27/><U62/><E62/><V106/><F69/><W86/><G86/><T43/><D43/><U73/><E12/><V61/><F37/><W133/><G133/><T115/><D115/><U11/><E11/><V97/><F97/><W29/><G29/><T36/><D36/><U114/><E114/><V103/><REACH who="2" step="1"/><F88/><REACH who="2" ten="250,250,240,250" step="2"/><W87/><G35/><T31/><D74/><U46/><E73/><V20/><F20/><W55/><G117/><T102/><D31/><AGARI ba="0,1" hai="21,24,31,40,47,51,52,56,61,65,66,98,103,106" machi="31" ten="30,3900,0" yaku="1,1,7,1,54,1,53,0" doraHai="105" doraHaiUra="107" who="2" fromWho="0" sc="250,-39,250,0,240,49,250,0" /><INIT seed="1,0,0,0,3,45" ten="211,250,289,250" oya="1" hai0="112,93,125,87,95,50,8,16,135,110,24,4,71" hai1="103,78,97,113,31,17,35,73,119,37,105,25,19" hai2="15,98,34,83,75,133,92,36,44,99,132,63,61" hai3="106,57,129,39,90,91,134,70,51,101,88,41,12"/><U76/><E37/><V109/><F34/><W69/><G129/><T48/><D71/><U30/><E119/><V42/><F109/><W86/><G134/><N who="2" m="51817" /><F15/><W6/><G39/><T131/><D112/><U56/><E113/><V49/><F36/><W29/><G29/><T116/><D135/><U9/><E31/><V13/><F13/><W38/><G38/><T80/><D116/><U122/><E122/><V126/><F126/><W82/><G101/><T10/><D125/><U102/><E102/><N who="2" m="60743" /><F99/><W89/><G106/><T52/><D110/><U53/><E9/><N who="0" m="3689" /><D4/><U23/><E73/><V59/><F59/><W96/><G96/><T72/><D72/><U66/><E66/><V3/><F3/><W21/><G6/><T47/><D131/><U58/><E58/><V7/><F7/><W85/><G85/><T20/><D50/><U67/><E67/><V18/><F18/><W22/><G22/><T5/><D5/><U43/><E17/><V27/><F27/><W124/><G124/><T77/><AGARI ba="0,0" hai="16,20,24,47,48,52,77,80,87,93,95" m="3689" machi="77" ten="30,7900,0" yaku="8,1,52,1,54,2" doraHai="45" who="0" fromWho="0" sc="211,79,250,-39,289,-20,250,-20" /><INIT seed="2,0,0,2,5,20" ten="290,211,269,230" oya="2" hai0="69,58,95,46,102,8,25,23,111,37,107,78,81" hai1="16,76,32,60,126,0,55,109,90,112,79,88,43" hai2="51,119,67,93,1,113,54,19,44,26,15,56,108" hai3="120,49,21,91,7,42,101,33,17,124,104,72,106"/><V5/><F113/><W84/><G33/><T99/><D69/><U87/><E0/><V63/><F119/><W135/><G72/><T71/><D71/><U134/><E32/><V14/><F108/><W110/><G120/><T36/><D111/><U30/><E30/><V97/><F1/><W129/><G110/><T38/><D58/><N who="1" m="34911" /><E109/><V65/><F65/><W61/><G129/><T22/><D22/><U48/><E112/><V86/><F86/><W4/><G124/><T115/><D115/><U123/><E123/><V24/><F5/><W2/><G135/><T53/><D8/><U18/><E134/><V3/><F3/><W77/><G77/><T118/><D118/><U39/><E39/><V116/><F116/><W103/><G61/><T131/><D131/><U117/><E126/><V132/><F132/><W31/><G31/><T29/><D107/><U40/><E90/><N who="2" m="55479" /><F14/><W64/><G64/><T12/><D12/><U13/><E18/><V11/><AGARI ba="0,0" hai="11,15,19,24,26,44,51,54,56,63,67" m="55479" machi="11" ten="30,6000,0" yaku="8,1,52,2" doraHai="20" who="2" fromWho="2" sc="290,-20,211,-20,269,60,230,-20" /><INIT seed="2,1,0,2,0,59" ten="270,191,329,210" oya="2" hai0="109,13,135,49,42,117,85,10,7,83,8,94,129" hai1="32,44,119,17,102,104,15,25,36,134,124,122,14" hai2="108,112,41,78,56,5,57,106,114,91,27,63,66" hai3="74,28,12,30,133,72,111,39,58,61,125,53,35"/><V11/><F106/><W22/><G111/><T128/><D109/><U126/><E102/><V101/><F101/><W33/><G125/><N who="1" m="48234" /><E104/><V29/><F78/><W97/><G133/><T93/><D135/><U73/><E73/><V3/><F108/><W110/><G110/><T40/><D117/><U47/><E36/><V105/><F105/><W121/><G39/><T45/><D40/><U80/><E80/><V52/><F91/><W2/><G2/><T68/><D68/><U37/><E37/><V67/><F41/><W4/><G121/><T43/><D43/><U88/><E134/><V54/><F114/><W24/><G97/><T26/><D26/><U23/><E119/><V46/><F46/><W99/><G99/><T103/><D10/><U130/><E88/><V51/><REACH who="2" step="1"/><F112/><REACH who="2" ten="270,191,319,210" step="2"/><W75/><G30/><T89/><D103/><U100/><E100/><V79/><F79/><W48/><G72/><T113/><D113/><U0/><E47/><V1/><F1/><W64/><G74/><T82/><REACH who="0" step="1"/><D83/><REACH who="0" ten="260,191,319,210" step="2"/><U76/><E122/><V65/><F65/><W107/><G107/><T55/><D55/><U71/><E0/><V21/><AGARI ba="1,2" hai="3,5,11,21,27,29,51,52,54,56,57,63,66,67" machi="21" ten="20,18000,2" yaku="1,1,0,1,7,1,52,1,54,1,53,1" doraHai="59" doraHaiUra="16" who="2" fromWho="2" sc="260,-61,191,-61,319,203,210,-61" /><INIT seed="2,2,0,4,1,71" ten="199,130,522,149" oya="2" hai0="100,51,103,63,29,115,4,131,42,38,126,73,43" hai1="75,87,57,2,40,20,129,37,113,107,80,88,62" hai2="114,31,34,81,120,56,122,130,105,89,6,84,32" hai3="36,90,19,67,76,13,64,132,18,30,45,41,44"/><V96/><F114/><W68/><G132/><T24/><D73/><U117/><E2/><V47/><F130/><W106/><G106/><T55/><D115/><U23/><E107/><V5/><F56/><W9/><G76/><T109/><D4/><U58/><E113/><V59/><F59/><W121/><G121/><T94/><D109/><U16/><E117/><V110/><F110/><W82/><G30/><T3/><D3/><U134/><E23/><V102/><F47/><W53/><G68/><T7/><D7/><U0/><E0/><V86/><F5/><W93/><G19/><T108/><D63/><U127/><E75/><V77/><F6/><W28/><G28/><T33/><D108/><U1/><E1/><V128/><F128/><W27/><G27/><T104/><D104/><U97/><E97/><V49/><F49/><W50/><REACH who="3" step="1"/><G82/><REACH who="3" ten="199,130,522,139" step="2"/><T78/><D78/><U91/><E134/><V21/><F122/><W69/><G69/><T35/><D24/><U112/><E112/><V60/><F120/><W22/><G22/><T46/><D29/><U133/><E16/><V14/><F31/><W101/><G101/><T17/><D103/><U61/><E20/><V48/><F21/><W125/><G125/><T39/><D17/><U72/><E127/><V70/><F70/><W74/><G74/><T119/><D126/><U10/><E72/><V124/><F124/><W26/><G26/><T66/><D100/><U79/><E133/><V95/><F105/><W99/><AGARI ba="2,1" hai="9,13,18,36,41,44,45,50,53,64,67,90,93,99" machi="99" ten="20,5200,0" yaku="1,1,0,1,7,1,52,1,53,0" doraHai="71" doraHaiUra="83" who="3" fromWho="3" sc="199,-15,130,-15,522,-28,139,68" /><INIT seed="3,0,0,4,5,131" ten="184,115,494,207" oya="3" hai0="52,15,55,79,113,16,133,83,59,117,38,95,122" hai1="67,29,116,118,104,9,93,22,11,60,91,65,31" hai2="102,13,2,23,33,5,35,128,18,80,43,61,125" hai3="44,103,105,42,127,89,37,21,76,25,107,84,99"/><W6/><G127/><T20/><D122/><U74/><E74/><V111/><F102/><W106/><G76/><T27/><D117/><N who="1" m="45163" /><E104/><V32/><F43/><W41/><G42/><T92/><D38/><U28/><E22/><V70/><F70/><W101/><G101/><T81/><D113/><U75/><E75/><V17/><F61/><W10/><G10/><N who="1" m="3594" /><E60/><V90/><F125/><W51/><G37/><T48/><D133/><U97/><AGARI ba="0,0" hai="28,29,31,65,67,91,93,97" m="3594,45163" machi="97" ten="40,1500,0" yaku="12,1" doraHai="131" who="1" fromWho="1" sc="184,-4,115,15,494,-4,207,-7" /><INIT seed="4,0,0,3,3,118" ten="180,130,490,200" oya="0" hai0="92,27,45,75,131,113,42,105,74,28,32,86,13" hai1="73,121,15,89,69,50,47,26,82,106,21,24,30" hai2="132,53,58,66,78,20,71,57,79,34,51,110,85" hai3="83,36,94,135,84,23,80,91,111,37,8,133,81"/><T14/><D105/><U107/><E69/><V41/><F34/><W101/><G111/><T76/><D113/><U6/><E73/><V98/><F110/><W49/><G101/><T65/><D131/><U102/><E102/><V123/><F123/><W25/><G8/><T64/><D75/><U99/><E6/><V29/><F132/><N who="3" m="50763" /><G49/><T19/><D74/><U40/><E15/><V48/><F71/><W33/><G33/><T2/><D2/><U3/><E3/><V77/><F98/><W11/><G11/><T56/><D56/><U52/><E99/><V95/><F41/><W117/><G117/><T116/><D116/><U108/><E108/><V35/><F35/><W112/><G112/><T5/><D5/><U60/><E26/><N who="2" m="16583" /><F66/><W0/><G0/><T61/><D61/><U38/><E60/><N who="2" m="35887" /><F58/><W100/><G100/><T39/><D13/><U31/><E31/><AGARI ba="0,0" hai="23,25,31,36,37,80,81,83,84,91,94" m="50763" machi="31" ten="30,1000,0" yaku="20,1" doraHai="118" who="3" fromWho="1" sc="180,0,130,-10,490,0,200,10" /><INIT seed="5,0,0,5,2,11" ten="180,120,490,210" oya="1" hai0="19,76,83,113,99,23,41,33,94,14,112,13,130" hai1="5,64,49,57,34,0,101,35,125,77,59,60,51" hai2="119,105,45,67,106,18,8,110,38,103,82,84,81" hai3="9,20,85,90,132,124,97,3,129,126,122,16,116"/><U96/><E77/><V15/><F110/><W117/><G129/><T80/><D33/><U50/><E0/><V26/><F119/><N who="3" m="45643" /><G132/><T69/><D69/><U4/><E125/><N who="3" m="48234" /><G122/><T25/><D41/><U134/><E134/><V73/><F67/><W66/><G66/><T48/><D48/><U47/><E59/><V70/><F70/><W123/><G123/><T102/><D130/><U100/><E47/><V120/><F120/><W115/><G115/><N who="0" m="44107" /><D83/><U128/><E128/><V131/><F131/><W108/><G97/><T28/><D28/><U65/><E65/><V114/><F114/><W89/><G85/><AGARI ba="0,0" hai="13,14,19,23,25,76,80,85,94,99,102" m="44107" machi="85" ten="30,3900,0" yaku="15,1,52,2" doraHai="11" who="0" fromWho="3" sc="180,39,120,0,490,0,210,-39" /><INIT seed="6,0,0,4,0,36" ten="219,120,490,171" oya="2" hai0="3,102,88,115,34,95,106,50,96,8,83,33,61" hai1="91,87,78,111,69,92,41,123,122,97,19,28,11" hai2="79,14,119,74,39,127,103,70,113,99,26,109,45" hai3="121,6,93,27,18,16,73,112,128,10,0,21,25"/><V54/><F14/><W80/><G121/><N who="1" m="46090" /><E69/><V29/><F109/><W101/><G128/><T20/><D115/><U118/><E28/><V67/><F119/><W71/><G71/><T43/><D61/><U125/><E11/><V30/><F127/><W13/><G112/><T86/><D20/><U76/><E19/><V90/><F90/><W4/><G73/><T12/><D3/><U37/><E37/><V55/><F30/><W105/><G105/><T58/><D106/><U131/><E111/><V53/><F113/><W46/><G80/><T124/><D124/><U31/><E31/><V120/><F79/><N who="1" m="30249" /><E125/><V56/><F74/><W132/><G132/><T126/><D126/><U59/><E59/><V66/><F120/><W1/><G46/><T82/><D34/><U44/><E44/><V130/><F130/><W116/><G116/><T9/><D33/><U17/><E17/><V81/><F56/><W49/><G49/><T77/><D58/><U57/><E57/><V94/><F70/><W104/><G104/><T48/><D48/><U32/><E32/><V15/><F45/><W117/><G117/><T114/><D114/><U40/><E118/><V7/><F39/><W68/><G68/><T35/><D35/><U135/><E131/><V133/><F29/><W129/><G129/><T2/><D2/><N who="3" m="1129" /><G93/><T89/><D95/><N who="1" m="54783" /><E135/><V22/><F133/><W52/><G101/><AGARI ba="0,0" hai="40,41,92,97,101" m="54783,30249,46090" machi="101" ten="30,3900,0" yaku="13,1,52,2" doraHai="36" who="1" fromWho="3" sc="219,0,120,39,490,0,171,-39" /><INIT seed="7,0,0,1,3,59" ten="219,159,490,132" oya="3" hai0="92,0,52,94,30,99,54,40,95,46,47,5,44" hai1="39,113,102,15,16,85,115,9,118,12,116,73,21" hai2="58,70,134,79,77,6,110,25,107,130,38,84,103" hai3="128,29,120,131,35,98,64,55,129,57,135,97,109"/><W71/><G120/><T24/><D40/><U8/><E73/><V106/><F110/><W126/><G109/><T119/><D119/><N who="1" m="45611" /><E39/><V108/><F70/><W96/><G126/><T88/><D0/><U112/><E102/><V68/><F68/><W101/><G135/><T27/><D5/><N who="1" m="3087" /><E85/><V91/><F134/><W76/><G76/><T53/><REACH who="0" step="1"/><D24/><REACH who="0" ten="209,159,490,132" step="2"/><U124/><E124/><V121/><F91/><W61/><G35/><AGARI ba="0,1" hai="27,30,35,44,46,47,52,53,54,88,92,94,95,99" machi="35" ten="40,8000,1" yaku="1,1,2,1,54,2,53,0" doraHai="59" doraHaiUra="114" who="0" fromWho="3" sc="209,90,159,0,490,0,132,-80" owari="299,10.0,159,-24.0,490,59.0,52,-45.0" /></mjloggm>