<mjloggm ver="2.3"><GO type="225" lobby="0"/><UN n0="%65%71%6D%6D" n1="%E5%B0%B1%E6%B4%BB%E7%94%9F%40%E5%B7%9D%E6%9D%91%E8%BB%8D%E5%9B%A3" n2="%74%61%74%73%75%37%30%32" n3="%E3%82%AB%E3%83%A9%E3%82%B9%E3%81%AE%E5%AD%90" dan="16,17,16,17" rate="2102.77,2194.86,2191.41,2175.98" sx="M,M,M,M"/><TAIKYOKU oya="0"/><INIT seed="0,0,0,1,5,130" ten="250,250,250,250" oya="0" hai0="134,52,116,43,126,80,2,132,62,60,38,85,84" hai1="44,87,14,5,33,118,75,15,78,53,11,35,113" hai2="95,61,66,101,105,27,89,8,37,103,111,23,51" hai3="112,102,72,76,48,121,109,81,91,97,73,65,36"/><T55/><D116/><U57/><E118/><V110/><F37/><W25/><G112/><T39/><D2/><U24/><E75/><V16/><F105/><W21/><G72/><T58/><D126/><U119/><E119/><V104/><F104/><W4/><G36/><N who="0" m="13867" /><D80/><U63/><E113/><V34/><F34/><W83/><G109/><N who="2" m="41481" /><F51/><W29/><G121/><T49/><D85/><U19/><E44/><V79/><F8/><W32/><G4/><T117/><D84/><U71/><E71/><N who="2" m="42447" /><F79/><W74/><G65/><N who="0" m="39063" /><D117/><U107/><E107/><V129/><F129/><W41/><G32/><T114/><D114/><U50/><E50/><V94/><F94/><W12/><G83/><T69/><D43/><U59/><E35/><V128/><F128/><W122/><G41/><T96/><D96/><AGARI ba="0,0" hai="16,23,27,89,95,96,101,103" m="42447,41481" machi="96" ten="30,2000,0" yaku="14,1,54,1" doraHai="130" who="2" fromWho="0" sc="250,-20,250,0,250,20,250,0" /><INIT seed="1,0,0,3,5,19" ten="230,250,270,250" oya="1" hai0="88,37,1,13,55,17,64,29,27,72,0,11,9" hai1="105,67,4,109,22,114,65,91,80,130,52,45,60" hai2="54,106,5,115,6,21,99,82,41,8,128,125,135" hai3="12,100,122,33,38,93,42,43,30,111,107,110,66"/><U40/><E114/><V28/><F115/><W118/><G122/><T16/><D37/><U134/><E105/><V123/><F123/><W61/><G107/><T97/><D72/><U46/><E4/><V84/><F125/><W51/><G38/><T32/><D64/><N who="1" m="24651" /><E130/><V31/><F128/><W117/><G12/><N who="0" m="7183" /><D55/><U83/><E134/><V56/><F135/><W47/><G43/><T49/><D49/><N who="1" m="26791" /><E109/><N who="3" m="41482" /><G100/><T78/><D88/><U68/><E68/><V104/><F41/><W59/><G93/><T71/><D97/><U77/><E77/><N who="2" m="46159" /><F99/><W116/><G30/><N who="2" m="11305" /><F8/><W75/><G75/><T131/><D78/><U53/><E91/><V35/><F35/><AGARI ba="0,0" hai="33,35,42,47,51,59,61,66,116,117,118" m="41482" machi="35" ten="40,2600,0" yaku="12,1,14,1" doraHai="19" who="3" fromWho="2" sc="230,0,250,0,270,-26,250,26" /><INIT seed="2,0,0,5,4,25" ten="230,250,244,276" oya="2" hai0="111,129,15,7,108,82,16,88,76,120,5,131,53" hai1="58,97,118,33,84,104,116,132,54,124,114,91,44" hai2="22,0,40,100,80,96,134,9,2,99,30,61,35" hai3="43,78,126,109,52,125,31,98,95,1,48,47,3"/><V127/><F35/><W26/><G78/><T19/><D120/><U17/><E114/><V122/><F122/><W133/><G43/><T73/><D53/><U79/><E79/><V50/><F127/><N who="3" m="48651" /><G109/><N who="0" m="42059" /><D88/><U38/><E33/><V36/><F36/><W92/><G133/><T83/><D83/><U42/><E132/><V85/><F134/><W67/><G67/><T55/><D55/><U71/><E71/><V12/><F61/><W32/><G95/><T112/><D112/><U14/><E97/><V6/><F2/><W46/><G47/><T103/><D103/><AGARI ba="0,0" hai="1,3,26,31,32,46,48,52,92,98,103" m="48651" machi="103" ten="30,3900,0" yaku="18,1,52,1,54,1" doraHai="25" who="3" fromWho="0" sc="230,-39,250,0,244,0,276,39" /><INIT seed="3,0,0,1,1,122" ten="191,250,244,315" oya="3" hai0="59,21,110,124,134,4,54,113,23,73,41,2,126" hai1="89,96,116,3,22,94,24,74,39,1,36,42,119" hai2="38,118,76,132,71,49,7,78,63,91,82,52,64" hai3="35,8,75,34,53,104,92,55,26,50,0,97,103"/><W68/><G75/><T114/><D41/><U69/><E69/><V128/><F118/><N who="1" m="45097" /><E74/><V33/><F33/><W11/><G68/><T80/><D54/><U123/><E123/><V133/><F38/><N who="1" m="14377" /><E42/><V12/><F128/><W115/><G115/><N who="0" m="44043" /><D59/><U6/><E6/><V10/><F91/><W99/><G55/><T90/><D90/><U60/><E60/><V48/><F48/><W58/><G50/><T85/><D73/><U131/><E131/><V31/><F31/><AGARI ba="0,0" hai="1,3,22,24,31,89,94,96" m="14377,45097" machi="31" ten="30,1000,0" yaku="12,1" doraHai="122" who="1" fromWho="2" sc="191,0,250,10,244,-10,315,0" owari="191,-31.0,260,6.0,234,-17.0,315,42.0" /></mjloggm>