<mjloggm ver="2.3"><GO type="169" lobby="0"/><UN n0="%E3%81%8D%E3%81%8F%E3%81%A6%E3%81%83%E3%81%99%E2%98%86" n1="%73%61%69%72%61%73%75" n2="%E3%83%88%E3%83%88%E3%83%AA%E5%85%88%E7%94%9F%31%39%E6%AD%B3" n3="%79%6F%6A%6F" dan="16,17,18,17" rate="2106.36,2184.24,2200.07,2152.39" sx="M,M,F,F"/><TAIKYOKU oya="0"/><INIT seed="0,0,0,0,3,62" ten="250,250,250,250" oya="0" hai0="29,45,97,121,81,123,51,34,24,104,64,5,60" hai1="65,103,47,69,61,38,72,48,54,27,9,41,74" hai2="96,106,16,56,90,11,73,70,77,49,39,30,92" hai3="119,128,95,46,33,14,50,88,122,8,7,108,83"/><T19/><D5/><U99/><E9/><V22/><F39/><W89/><G119/><T15/><D81/><U120/><E120/><V31/><F70/><W4/><G122/><T114/><D114/><U66/><E27/><V28/><F106/><W0/><G33/><T98/><D98/><U102/><E66/><V86/><F73/><W130/><G108/><T3/><D3/><U135/><E135/><V118/><F118/><W87/><G4/><T58/><D97/><U85/><E85/><V42/><F11/><W18/><G7/><T78/><D78/><U100/><REACH who="1" step="1"/><E99/><REACH who="1" ten="250,240,250,250" step="2"/><V80/><F96/><W109/><G109/><T110/><D110/><U126/><E126/><V13/><F86/><N who="3" m="50399" /><G0/><T57/><D104/><U43/><E43/><V116/><F42/><N who="3" m="24919" /><G130/><T10/><REACH who="0" step="1"/><D58/><AGARI ba="0,1" hai="38,41,47,48,54,58,61,65,69,72,74,100,102,103" machi="58" ten="40,8000,1" yaku="1,1,24,2,52,1,53,0" doraHai="62" doraHaiUra="12" who="1" fromWho="0" sc="250,-80,240,90,250,0,250,0" /><INIT seed="1,0,0,2,4,25" ten="170,330,250,250" oya="1" hai0="75,52,26,27,14,20,51,13,44,57,112,12,62" hai1="90,6,134,42,118,94,76,116,72,124,83,114,32" hai2="119,68,77,4,105,121,55,67,37,65,103,130,108" hai3="40,110,22,131,126,117,29,97,111,96,61,31,63"/><U129/><E114/><V69/><F77/><W1/><G1/><T30/><D75/><U58/><E6/><V33/><F4/><W19/><G131/><T102/><D112/><U107/><E32/><V7/><F7/><W133/><G133/><T10/><D102/><U56/><E42/><V15/><F15/><W113/><G113/><T81/><D81/><U36/><E36/><V3/><F103/><W87/><G40/><T125/><D125/><U28/><E124/><V16/><F33/><W21/><G126/><T38/><D38/><U82/><E134/><V59/><F105/><W8/><G87/><T88/><D27/><U50/><E129/><V101/><F101/><W123/><G19/><T100/><D100/><U17/><E17/><V53/><F16/><W132/><G132/><T35/><D35/><U104/><E50/><V2/><F37/><W54/><G54/><T48/><D10/><U66/><E94/><V34/><F34/><W106/><G117/><T135/><D135/><U89/><E66/><V80/><F130/><W18/><G18/><T115/><D115/><U92/><E92/><V84/><F67/><W71/><G8/><T120/><D120/><U64/><E64/><V23/><F121/><W74/><G123/><T0/><D0/><U24/><E24/><V78/><F3/><W93/><G93/><T109/><D109/><U128/><E128/><V47/><F108/><W122/><G122/><T46/><D88/><U60/><E76/><V41/><F78/><W70/><G106/><T11/><D11/><U43/><E107/><V86/><F2/><RYUUKYOKU ba="0,0" sc="170,15,330,-15,250,-15,250,15" hai0="12,13,14,20,26,30,44,46,48,51,52,57,62" hai3="21,22,29,31,61,63,70,71,74,96,97,110,111" /><INIT seed="2,1,0,1,4,38" ten="185,315,235,265" oya="2" hai0="73,84,44,72,32,109,91,115,31,25,62,71,27" hai1="118,22,6,82,102,130,56,70,12,13,50,69,81" hai2="20,128,85,74,122,79,14,9,80,7,88,126,0" hai3="15,87,52,106,40,67,1,103,97,108,135,100,68"/><V57/><F128/><W4/><G1/><T132/><D115/><U23/><E118/><V94/><F126/><W83/><G108/><T61/><D109/><U117/><E117/><V86/><F122/><W34/><G34/><T30/><D132/><U111/><E102/><V19/><REACH who="2" step="1"/><F57/><REACH who="2" ten="185,315,225,265" step="2"/><W114/><G114/><T92/><D71/><U134/><E130/><V24/><F24/><W110/><G110/><T2/><D44/><U121/><E111/><V95/><F95/><W17/><G135/><T125/><D125/><U120/><E56/><V98/><AGARI ba="1,1" hai="0,7,9,14,19,20,74,79,80,85,86,88,94,98" machi="98" ten="20,7800,0" yaku="1,1,0,1,7,1,54,1,53,0" doraHai="38" doraHaiUra="65" who="2" fromWho="2" sc="185,-27,315,-27,225,91,265,-27" /><INIT seed="2,2,0,3,3,63" ten="158,288,316,238" oya="2" hai0="13,81,5,53,132,109,67,2,69,55,94,70,68" hai1="20,97,89,47,65,0,77,25,18,128,83,66,102" hai2="119,37,111,133,50,10,87,38,54,96,129,52,44" hai3="51,118,86,124,120,117,29,35,93,58,107,115,75"/><V31/><F119/><W1/><G107/><T45/><D109/><U64/><E0/><V112/><F112/><W41/><G1/><T91/><D132/><U40/><E128/><V106/><F133/><W28/><G75/><T60/><D2/><U130/><E130/><V36/><F129/><W15/><G120/><T22/><D81/><U80/><E89/><V9/><F111/><W48/><G93/><T72/><D72/><U71/><E71/><V3/><F31/><W30/><G86/><T90/><D90/><U88/><E88/><V59/><F87/><W127/><G15/><T49/><D55/><U104/><REACH who="1" step="1"/><E77/><REACH who="1" ten="158,278,316,238" step="2"/><V110/><F110/><W19/><G118/><T4/><D4/><U24/><E24/><V56/><F3/><W125/><G117/><T113/><D113/><U39/><AGARI ba="2,1" hai="18,20,25,39,40,47,64,65,66,80,83,97,102,104" machi="39" ten="30,12000,2" yaku="1,1,0,1,52,3,53,1" doraHai="63" doraHaiUra="12" who="1" fromWho="1" sc="158,-32,278,136,316,-62,238,-32" /><INIT seed="3,0,0,5,5,59" ten="126,414,254,206" oya="3" hai0="73,41,36,35,14,66,48,49,31,44,58,122,121" hai1="64,43,114,18,19,52,23,83,9,106,1,128,91" hai2="0,29,46,94,65,134,8,28,32,92,38,87,42" hai3="135,12,86,130,93,80,40,54,37,90,77,20,5"/><W120/><G120/><T109/><D73/><U133/><E114/><V79/><F134/><W57/><G135/><T13/><D35/><U117/><E106/><V131/><F131/><W81/><G130/><T76/><D76/><U110/><E133/><V33/><F29/><W112/><G112/><T111/><D31/><U97/><E43/><V89/><F28/><W113/><G113/><T53/><D13/><U68/><E128/><V103/><F103/><W104/><G104/><T10/><D10/><U4/><E110/><N who="0" m="41993" /><D14/><U115/><E115/><V24/><F24/><W56/><G80/><T125/><D125/><U3/><E23/><V6/><F92/><W88/><G20/><T78/><D78/><U74/><E3/><V63/><REACH who="2" step="1"/><F79/><REACH who="2" ten="126,414,244,206" step="2"/><W60/><G77/><T129/><D129/><U25/><E25/><V15/><F15/><W30/><G30/><T51/><D66/><U39/><E64/><V2/><F2/><W75/><G12/><T16/><D16/><U119/><E18/><V71/><AGARI ba="0,1" hai="0,6,8,32,33,38,42,46,63,65,71,87,89,94" machi="71" ten="20,5200,0" yaku="1,1,0,1,7,1,52,1,53,0" doraHai="59" doraHaiUra="100" who="2" fromWho="2" sc="126,-13,414,-13,244,62,206,-26" /><INIT seed="4,0,0,4,0,104" ten="113,401,306,180" oya="0" hai0="118,29,127,81,60,44,114,43,55,91,68,40,119" hai1="30,101,4,49,110,85,109,93,108,46,71,102,42" hai2="25,116,12,112,38,14,99,115,76,105,35,89,13" hai3="92,56,121,97,9,74,62,122,19,77,21,111,0"/><T123/><D123/><N who="3" m="47113" /><G111/><T70/><D29/><U69/><E4/><V10/><F38/><W130/><G130/><T11/><D11/><U52/><E30/><N who="2" m="19919" /><F76/><W133/><G133/><T66/><D91/><U16/><E101/><N who="2" m="62655" /><F89/><W24/><G9/><T117/><D81/><U2/><E2/><V125/><F125/><W75/><G0/><T39/><D127/><U31/><E71/><N who="0" m="27177" /><D114/><N who="2" m="43562" /><F116/><W131/><G131/><T57/><D39/><U15/><E69/><V28/><F28/><W59/><G77/><T90/><D90/><U6/><E31/><V79/><F79/><W36/><G36/><T124/><D124/><U17/><E85/><V126/><F126/><W48/><G97/><T47/><D55/><U34/><E52/><V87/><F87/><W8/><G92/><T103/><D103/><U32/><E34/><V98/><F98/><W37/><G37/><T83/><D83/><U33/><E32/><V27/><F27/><W72/><G8/><AGARI ba="0,0" hai="8,10,12,13,14" m="43562,62655,19919" machi="8" ten="30,1000,0" yaku="15,1" doraHai="104" who="2" fromWho="3" sc="113,0,401,0,306,10,180,-10" /><INIT seed="5,0,0,2,3,111" ten="113,401,316,170" oya="1" hai0="52,15,121,27,100,86,110,55,73,88,46,81,68" hai1="10,104,134,126,0,41,125,51,124,114,74,49,102" hai2="48,63,67,78,130,54,43,79,13,3,61,35,132" hai3="34,77,57,99,122,83,7,90,92,113,31,26,120"/><U59/><E74/><V1/><F35/><W106/><G113/><T21/><D110/><U36/><E134/><V30/><F132/><W40/><G40/><T25/><D68/><U109/><E109/><V53/><F30/><W69/><G69/><T119/><D119/><U76/><E114/><V14/><F48/><W64/><G7/><T18/><D121/><U6/><E59/><V38/><F43/><W85/><G64/><T80/><D100/><U39/><E76/><V62/><F67/><W19/><G57/><T135/><D135/><U84/><E49/><V107/><F107/><W89/><G89/><T116/><D116/><U96/><REACH who="1" step="1"/><E84/><REACH who="1" ten="113,391,316,170" step="2"/><V123/><F62/><W29/><G120/><T24/><REACH who="0" step="1"/><D46/><AGARI ba="0,1" hai="0,6,10,36,39,41,46,51,96,102,104,124,125,126" machi="46" ten="40,12000,1" yaku="1,1,2,1,18,1,53,1" doraHai="111" doraHaiUra="32" who="1" fromWho="0" sc="113,-120,391,130,316,0,170,0" owari="-7,-51.0,521,62.0,316,12.0,170,-23.0" /></mjloggm>