<mjloggm ver="2.3"><GO type="169" lobby="0"/><UN n0="%E8%85%90%E7%94%9F%E8%B1%9A%E3%82%B3%E3%83%84%E3%83%9C%E3%83%BC" n1="%E6%9C%88%E3%83%9F%E7%85%A7%E2%98%86" n2="%6D%61%74%69%6F%73%61%6E" n3="%E3%83%88%E3%83%88%E3%83%AA%E5%85%88%E7%94%9F%31%39%E6%AD%B3" dan="17,17,16,19" rate="2199.38,2191.60,2065.39,2279.53" sx="M,M,M,F"/><TAIKYOKU oya="0"/><INIT seed="0,0,0,1,3,39" ten="250,250,250,250" oya="0" hai0="110,96,89,87,21,102,79,120,18,86,10,59,6" hai1="36,104,113,23,60,22,112,0,130,52,109,3,1" hai2="82,33,27,126,55,14,103,17,31,9,4,40,73" hai3="67,98,69,84,127,49,66,108,5,134,122,45,94"/><T58/><D120/><U80/><E104/><V71/><F71/><W76/><G122/><T135/><D135/><U65/><E109/><V43/><F103/><W26/><G108/><T57/><D110/><U133/><E36/><V74/><F126/><W107/><G107/><T115/><D115/><N who="1" m="44107" /><E133/><V92/><F74/><W12/><G69/><T16/><D79/><U128/><E80/><V48/><F92/><W2/><G2/><T118/><D118/><U7/><E7/><V25/><F73/><W29/><G127/><T37/><D37/><U44/><E44/><V24/><F82/><N who="3" m="47175" /><G26/><N who="2" m="10345" /><F31/><W111/><G29/><T42/><D21/><N who="1" m="7691" /><E52/><V68/><F33/><W83/><G83/><T101/><D101/><U114/><N who="1" m="44115" /><U119/><DORA hai="11" /><E119/><V30/><F30/><W28/><G28/><T38/><D102/><U56/><AGARI ba="0,0" hai="0,1,3,56,60,65,128,130" m="7691,44115" machi="56" ten="50,1600,0" yaku="11,1" doraHai="39,11" who="1" fromWho="1" sc="250,-8,250,16,250,-4,250,-4" /><INIT seed="1,0,0,3,4,15" ten="242,266,246,246" oya="1" hai0="6,61,125,116,98,22,64,48,13,83,115,133,100" hai1="126,127,119,87,86,79,85,14,3,34,29,95,121" hai2="38,11,23,28,47,108,89,16,72,118,70,25,134" hai3="46,49,123,18,44,96,21,120,41,128,73,57,131"/><U50/><E3/><V60/><F118/><W81/><G96/><T77/><D116/><U59/><E119/><V35/><F72/><W71/><G71/><T9/><D115/><U19/><E121/><V62/><F11/><W88/><G57/><T55/><D133/><U84/><E34/><V56/><F70/><W124/><G124/><N who="1" m="47658" /><E29/><V112/><F134/><W129/><G44/><T114/><D125/><U30/><E30/><V43/><F108/><W52/><G41/><T8/><D114/><U1/><E1/><V110/><F110/><W92/><G73/><T31/><D61/><U91/><E79/><V97/><F112/><W53/><G53/><T65/><D9/><N who="1" m="6607" /><E59/><V24/><REACH who="2" step="1"/><F56/><REACH who="2" ten="242,266,236,246" step="2"/><W78/><G123/><T94/><D8/><U101/><E50/><V74/><F74/><N who="3" m="43223" /><G120/><T12/><D48/><U76/><E76/><V0/><F0/><W39/><G128/><T42/><D77/><U63/><E63/><V135/><F135/><W109/><G109/><T66/><D6/><U130/><E130/><V2/><F2/><W27/><G131/><T82/><D66/><U20/><E20/><V103/><F103/><AGARI ba="0,1" hai="84,85,86,87,91,95,101,103" m="6607,47658" machi="103" ten="30,2900,0" yaku="18,1,52,1" doraHai="15" who="1" fromWho="2" sc="242,0,266,39,236,-29,246,0" /><INIT seed="1,1,0,5,0,26" ten="242,305,207,246" oya="1" hai0="93,95,46,110,4,98,80,68,84,1,34,59,47" hai1="58,73,50,42,60,129,38,24,108,85,17,39,91" hai2="43,76,56,125,124,31,99,83,107,109,102,79,116" hai3="131,119,0,128,44,27,104,62,75,133,120,123,57"/><U21/><E129/><N who="3" m="49738" /><G75/><T40/><D68/><U78/><E73/><V53/><F116/><W61/><G104/><T19/><D110/><U49/><E78/><V13/><F43/><W77/><G77/><T127/><D59/><U55/><E108/><V94/><F109/><W9/><G119/><T14/><D127/><U117/><E117/><V69/><F69/><W32/><G133/><T11/><D34/><U74/><E74/><V5/><F107/><W45/><G61/><T28/><D47/><N who="3" m="17993" /><G0/><T92/><D98/><U114/><E114/><V112/><F112/><W81/><G81/><T63/><D63/><U8/><E42/><V126/><F83/><W23/><G9/><T122/><D122/><U113/><E113/><V67/><F67/><N who="3" m="39375" /><G32/><T10/><D80/><U118/><E118/><V87/><F87/><W12/><G12/><T15/><D1/><U71/><E71/><V70/><F70/><W36/><G36/><T134/><D134/><U132/><E132/><V52/><F13/><W25/><G25/><T115/><D115/><U97/><E39/><V111/><F111/><W88/><G88/><T48/><D84/><U100/><E38/><V106/><F106/><W22/><G22/><T41/><D41/><U105/><E8/><V6/><F79/><W96/><G96/><T72/><D72/><U51/><E60/><N who="2" m="35847" /><F76/><W121/><G121/><T3/><D3/><U90/><E90/><V103/><F125/><W66/><G66/><T54/><D40/><U89/><E89/><V86/><F126/><W30/><AGARI ba="1,0" hai="23,27,30,120,123" m="39375,17993,49738" machi="30" ten="30,2000,0" yaku="19,1,52,1" doraHai="26" who="3" fromWho="3" sc="242,-6,305,-11,207,-6,246,23" /><INIT seed="2,0,0,4,0,97" ten="236,294,201,269" oya="2" hai0="36,56,135,16,1,104,5,105,101,64,129,42,75" hai1="50,41,134,72,123,9,38,70,22,71,118,3,83" hai2="107,114,54,23,116,112,117,19,55,113,85,57,45" hai3="7,69,65,81,100,110,11,96,53,39,126,8,25"/><V31/><F31/><W58/><G39/><T115/><D75/><U30/><E118/><V68/><F68/><W43/><G43/><T80/><D115/><U52/><E134/><V29/><F29/><W124/><G110/><T46/><D80/><U12/><E123/><V84/><F107/><W4/><G25/><T61/><D135/><U51/><E51/><V94/><F45/><W91/><G65/><T20/><D129/><U127/><E127/><N who="3" m="48682" /><G69/><T103/><D105/><U79/><E22/><V59/><F54/><W133/><G91/><T108/><D104/><U18/><E30/><V27/><F57/><W74/><G81/><T78/><D78/><U88/><E3/><V89/><REACH who="2" step="1"/><F85/><REACH who="2" ten="236,294,191,269" step="2"/><W49/><G133/><T32/><D108/><U119/><E119/><V47/><F47/><W130/><G74/><T92/><D32/><U99/><E41/><V24/><F24/><W122/><G122/><T62/><D46/><U33/><E38/><V111/><F111/><W2/><G130/><T14/><D42/><U26/><E26/><V34/><F34/><W109/><G109/><T120/><D36/><U60/><E33/><V76/><F76/><W28/><G28/><T106/><D120/><U77/><E77/><V132/><F132/><W40/><G40/><T66/><D106/><U73/><E73/><V17/><F17/><W86/><G86/><T44/><D44/><N who="1" m="27719" /><E71/><V102/><F102/><W10/><G7/><T90/><D103/><U67/><E88/><V6/><F6/><W131/><G131/><T35/><D90/><U87/><E72/><V15/><F15/><RYUUKYOKU ba="0,1" sc="236,-30,294,10,191,10,269,10" hai1="9,12,18,60,67,70,79,83,87,99" hai2="19,23,27,55,59,84,89,94,112,113,114,116,117" hai3="2,4,8,10,11,49,53,58,96,100" /><INIT seed="2,1,1,5,1,121" ten="206,304,201,279" oya="2" hai0="63,131,25,123,7,133,105,77,96,13,115,72,128" hai1="66,125,0,69,62,84,24,118,117,130,52,1,57" hai2="109,104,15,60,12,111,61,88,46,76,75,51,3" hai3="41,102,67,127,26,101,19,70,9,80,116,74,38"/><V87/><F3/><W94/><G116/><T58/><D123/><U108/><E125/><V86/><F104/><W27/><G127/><T56/><D115/><U34/><E130/><N who="0" m="49705" /><D133/><U65/><E118/><V36/><F36/><W39/><G70/><T2/><D2/><U95/><E117/><V32/><F32/><W22/><G67/><T28/><D77/><U103/><E108/><N who="2" m="41547" /><F86/><W10/><G94/><T97/><D72/><U68/><E68/><V135/><F76/><W50/><G39/><T47/><D97/><U16/><E66/><V73/><F135/><W30/><G38/><T81/><D81/><U54/><E1/><V132/><F132/><W44/><G80/><T85/><D85/><U5/><E34/><V90/><F90/><W126/><G74/><N who="2" m="28169" /><F61/><W120/><G126/><T119/><D63/><U4/><E0/><V14/><F60/><W112/><G120/><T89/><D119/><U37/><E37/><V124/><F124/><W122/><G122/><T11/><D105/><U98/><E84/><V110/><N who="2" m="41555" /><V40/><DORA hai="71" /><F15/><W59/><G102/><T82/><D13/><U129/><E129/><V100/><F100/><W64/><G101/><T20/><D89/><U78/><E78/><V114/><F114/><W113/><G112/><T91/><D91/><U42/><E69/><V23/><F23/><N who="3" m="13695" /><G113/><T35/><D35/><U93/><E103/><V45/><F45/><W31/><G22/><T8/><D20/><U49/><E65/><V92/><AGARI ba="1,1" hai="12,14,40,46,51,87,88,92" m="28169,41555" machi="92" ten="50,18000,2" yaku="14,1,10,1,52,4,54,1" doraHai="121,71" who="2" fromWho="2" sc="206,-61,304,-61,201,193,279,-61" /><INIT seed="2,2,0,5,1,7" ten="145,243,394,218" oya="2" hai0="62,70,119,65,101,29,37,78,0,55,111,14,130" hai1="30,127,10,82,94,90,68,12,53,93,40,41,45" hai2="22,100,102,86,123,51,27,34,39,91,121,81,11" hai3="71,24,113,96,108,2,5,50,122,97,84,110,43"/><V23/><F39/><W32/><G122/><T77/><D0/><U124/><E68/><V59/><F34/><W89/><G71/><T73/><D37/><U4/><E30/><V72/><F72/><W54/><G43/><T106/><D130/><U38/><E41/><V42/><F23/><W28/><G113/><T67/><D67/><U21/><E21/><V13/><F123/><W80/><G5/><T33/><D111/><N who="3" m="42537" /><G2/><T74/><D119/><U36/><E36/><V56/><F121/><W48/><G48/><T115/><D115/><U18/><E4/><N who="2" m="3303" /><F42/><W128/><G128/><T85/><D55/><U120/><E120/><V92/><F51/><W46/><AGARI ba="2,0" hai="24,28,32,46,50,54,80,84,89,96,97" m="42537" machi="46" ten="30,1100,0" yaku="14,1" doraHai="7" who="3" fromWho="3" sc="145,-5,243,-5,394,-7,218,17" /><INIT seed="3,0,0,1,1,71" ten="140,238,387,235" oya="3" hai0="32,104,6,75,78,122,55,39,50,80,81,38,63" hai1="26,95,68,42,52,129,98,30,112,113,65,119,120" hai2="91,44,74,93,83,126,28,0,31,7,37,16,94" hai3="89,110,105,47,4,46,25,27,133,116,88,123,19"/><W1/><G116/><T102/><D122/><U12/><E120/><V106/><F106/><W18/><G123/><T109/><D109/><U128/><E42/><V86/><F126/><W134/><G105/><T76/><D32/><U43/><E43/><N who="2" m="22639" /><F94/><W66/><G66/><T53/><D6/><U2/><E2/><V5/><F5/><W100/><G4/><T14/><D14/><U73/><E73/><V58/><F16/><W20/><G100/><T125/><D125/><U96/><E119/><V70/><F58/><W124/><G124/><T8/><D8/><U56/><E65/><V118/><F118/><W87/><G1/><T62/><D104/><U54/><E12/><V99/><F99/><N who="1" m="37929" /><E95/><V57/><F57/><W84/><REACH who="3" step="1"/><G20/><REACH who="3" ten="140,238,387,225" step="2"/><T33/><D102/><U61/><E113/><V36/><F7/><W49/><G49/><T117/><D117/><U10/><E112/><V67/><F0/><W24/><G24/><T130/><D50/><U77/><E26/><V17/><F67/><W72/><G72/><T111/><D33/><U59/><E10/><V103/><F74/><W11/><G11/><T9/><D9/><U107/><E107/><V121/><F103/><W45/><G45/><T69/><D75/><U82/><E61/><V101/><F121/><W60/><G60/><T40/><D63/><U131/><E131/><V23/><F101/><W114/><G114/><T135/><D62/><U97/><E129/><V13/><F23/><W29/><G29/><T79/><D130/><U64/><E128/><V115/><F28/><W127/><G127/><T85/><D111/><AGARI ba="0,1" hai="18,19,25,27,46,47,84,87,88,89,110,111,133,134" machi="111" ten="25,18000,2" yaku="1,1,6,1,22,2,54,1,53,2" doraHai="71" doraHaiUra="21" who="3" fromWho="0" sc="140,-180,238,0,387,0,225,190" owari="-40,-54.0,238,-16.0,387,19.0,415,51.0" /></mjloggm>