<mjloggm ver="2.3"><GO type="169" lobby="0"/><UN n0="%E9%87%8C%E6%9C%A8%E4%BB%81" n1="%E5%B0%B1%E6%B4%BB%E7%94%9F%40%E5%B7%9D%E6%9D%91%E8%BB%8D%E5%9B%A3" n2="%40%E7%B4%94%E3%81%A1%E3%82%83%E3%82%93" n3="%6D%6F%6E%6F%2D%31%34" dan="16,18,17,16" rate="2084.72,2242.91,2131.47,2044.80" sx="M,M,M,M"/><TAIKYOKU oya="0"/><INIT seed="0,0,0,4,5,77" ten="250,250,250,250" oya="0" hai0="24,109,76,100,3,2,122,9,86,72,61,37,10" hai1="51,89,115,5,55,17,38,29,132,27,90,56,92" hai2="45,105,19,68,23,99,52,85,96,129,83,7,65" hai3="84,16,54,110,42,95,121,53,21,134,70,11,94"/><T112/><D86/><U119/><E119/><V67/><F129/><W58/><G110/><T81/><D112/><U124/><E132/><V108/><F108/><W87/><G134/><T69/><D109/><U135/><E135/><V39/><F7/><W57/><G11/><T127/><D122/><U74/><E124/><V88/><F68/><W32/><G32/><T97/><D37/><U34/><E38/><V114/><F114/><W120/><G42/><T123/><D123/><U130/><E74/><V125/><F125/><W8/><G8/><T117/><D127/><U46/><E5/><V60/><F39/><W78/><G70/><T31/><D10/><U50/><E130/><V116/><F116/><W118/><G118/><T35/><D9/><U12/><E115/><V128/><F128/><W36/><G36/><T14/><D14/><U111/><E111/><V63/><F63/><N who="3" m="36271" /><G87/><T73/><D73/><U41/><E92/><V20/><F20/><AGARI ba="0,0" hai="12,17,20,27,29,34,41,46,50,51,55,56,89,90" machi="20" ten="30,1000,0" yaku="7,1" doraHai="77" who="1" fromWho="2" sc="250,0,250,10,250,-10,250,0" /><INIT seed="1,0,0,3,5,44" ten="250,260,240,250" oya="1" hai0="48,12,33,106,52,65,27,100,14,42,81,47,49" hai1="76,80,62,109,111,107,40,120,74,87,30,18,17" hai2="88,53,84,69,56,78,19,133,117,28,73,124,112" hai3="125,24,83,130,134,3,23,34,20,71,114,58,104"/><U97/><E120/><V75/><F117/><W131/><G83/><T9/><D65/><U91/><E30/><V25/><F69/><W5/><G58/><T32/><D81/><U54/><E40/><V68/><F68/><W113/><G104/><T43/><D43/><U26/><E26/><V126/><F133/><W10/><G71/><T7/><D27/><U95/><E62/><V82/><F112/><N who="3" m="43115" /><G134/><T13/><D100/><N who="1" m="62863" /><E54/><V55/><F19/><AGARI ba="0,0" hai="17,18,19,74,76,80,87,91,95,109,111" m="62863" machi="19" ten="30,1500,0" yaku="24,1" doraHai="44" who="1" fromWho="2" sc="250,0,260,15,240,-15,250,0" /><INIT seed="1,1,0,2,1,17" ten="250,275,225,250" oya="1" hai0="13,102,45,91,79,96,123,106,5,64,12,73,104" hai1="100,54,27,101,2,62,90,80,9,122,69,125,133" hai2="67,95,8,98,51,0,4,105,94,113,99,26,70" hai3="28,87,118,44,76,75,84,36,134,31,55,103,111"/><U47/><E122/><V120/><F120/><W6/><G103/><T15/><D106/><U63/><E125/><V42/><F113/><W30/><G111/><T128/><D123/><U50/><E133/><V7/><F7/><W29/><G134/><T1/><D64/><U97/><E69/><V71/><F105/><W68/><G68/><T41/><D128/><U59/><E2/><V56/><F95/><W14/><G118/><T37/><D91/><U88/><E9/><V58/><F99/><W49/><G36/><T60/><D60/><U81/><E63/><V57/><F98/><W130/><G75/><T33/><D33/><U131/><E131/><V43/><F94/><W112/><G112/><T20/><D20/><U25/><E81/><V115/><F115/><W89/><G76/><T3/><D5/><U66/><E100/><V132/><F132/><W48/><G89/><T10/><D10/><U86/><REACH who="1" step="1"/><E90/><REACH who="1" ten="250,265,225,250" step="2"/><V39/><F70/><W22/><G130/><T83/><AGARI ba="1,1" hai="1,3,12,13,15,37,41,45,73,79,83,96,102,104" machi="83" ten="30,1100,0" yaku="0,1" doraHai="17" who="0" fromWho="0" sc="250,24,265,-6,225,-4,250,-4" /><INIT seed="2,0,0,0,5,6" ten="274,259,221,246" oya="2" hai0="64,121,104,18,21,56,70,51,19,118,106,49,91" hai1="134,77,100,62,90,110,42,27,92,103,38,72,130" hai2="23,113,63,53,24,87,119,88,128,1,2,15,67" hai3="135,112,97,30,46,82,48,94,132,125,120,76,13"/><V133/><F119/><W54/><G120/><T12/><D121/><U50/><E38/><V107/><F107/><W8/><G125/><T60/><D118/><U29/><E110/><V131/><F113/><W84/><G112/><T115/><D115/><U114/><E114/><V0/><F133/><W39/><G39/><T99/><D19/><U33/><E130/><N who="2" m="49707" /><F53/><W80/><G80/><T61/><D106/><U74/><E134/><V22/><F15/><W75/><G30/><T20/><D20/><U45/><E62/><V122/><F24/><W31/><G31/><T3/><D3/><N who="2" m="770" /><V98/><DORA hai="55" /><F98/><W78/><G132/><T16/><D18/><U81/><REACH who="1" step="1"/><E72/><REACH who="1" ten="274,249,221,246" step="2"/><V9/><F122/><W7/><G135/><T17/><D61/><U105/><E105/><V43/><F43/><W71/><G75/><T123/><D123/><U65/><E65/><V89/><F63/><W116/><G116/><T73/><D73/><U36/><E36/><V26/><F67/><W86/><G71/><T5/><D70/><U111/><E111/><V126/><F126/><W109/><G109/><T129/><D104/><U124/><E124/><V10/><F26/><W117/><G117/><T28/><D64/><U34/><E34/><V41/><F41/><W96/><G78/><T4/><D129/><U102/><E102/><V14/><F14/><W25/><G25/><T108/><D12/><U32/><E32/><V58/><F87/><AGARI ba="0,1" hai="27,29,33,42,45,50,74,77,81,87,90,92,100,103" machi="87" ten="30,3900,0" yaku="1,1,7,1,53,1" doraHai="6,55" doraHaiUra="40,59" who="1" fromWho="2" sc="274,0,249,49,221,-39,246,0" /><INIT seed="3,0,0,4,2,92" ten="274,298,182,246" oya="3" hai0="105,58,6,50,8,0,110,45,43,81,19,134,2" hai1="85,1,103,96,30,83,61,51,38,108,135,66,41" hai2="97,29,4,132,14,35,64,133,99,86,56,75,107" hai3="116,102,87,17,55,10,127,106,98,13,34,93,33"/><W89/><G127/><T126/><D126/><U42/><E1/><V28/><F75/><W9/><G116/><T62/><D110/><U115/><E38/><V11/><F107/><W109/><G109/><T21/><D134/><N who="2" m="51818" /><F86/><W95/><G55/><T7/><D105/><U122/><E108/><V15/><F15/><W128/><G128/><T71/><D71/><U63/><E115/><V130/><F130/><W129/><G129/><T57/><D81/><U124/><E124/><V16/><F4/><W47/><G47/><T48/><D48/><U32/><E135/><V46/><F46/><W123/><G123/><T44/><D44/><U76/><E122/><V54/><F64/><W59/><G59/><T65/><D58/><U26/><E51/><N who="2" m="30815" /><F35/><W117/><G117/><T94/><D94/><U79/><E79/><V101/><F101/><W80/><G95/><T36/><D36/><U77/><E77/><V118/><F118/><W67/><G67/><T39/><D39/><U69/><REACH who="1" step="1"/><E61/><REACH who="1" ten="274,288,182,246" step="2"/><V100/><F100/><W73/><G10/><T25/><D8/><U60/><E60/><V113/><F113/><W72/><G72/><T121/><D121/><U120/><E120/><V53/><F53/><W78/><AGARI ba="0,1" hai="9,13,17,33,34,73,78,80,87,89,93,98,102,106" machi="78" ten="30,11700,0" yaku="0,1,24,2,52,1" doraHai="92" who="3" fromWho="3" sc="274,-39,288,-39,182,-39,246,127" /><INIT seed="3,1,0,2,1,44" ten="235,249,143,373" oya="3" hai0="56,45,107,9,51,77,101,27,82,87,49,13,11" hai1="60,122,105,76,68,109,17,28,59,81,103,91,4" hai2="79,61,41,85,33,102,21,121,23,0,112,35,117" hai3="93,65,111,43,119,123,19,95,114,39,118,25,116"/><W84/><G123/><T40/><D27/><U6/><E68/><V31/><F41/><W37/><G114/><T10/><D107/><U89/><E122/><V8/><F102/><W3/><G3/><T32/><D32/><N who="2" m="12362" /><F61/><W94/><G65/><T86/><D101/><U129/><E28/><V7/><F85/><W70/><G70/><T74/><REACH who="0" step="1"/><D13/><REACH who="0" ten="225,249,143,373" step="2"/><U131/><E103/><V78/><F121/><W108/><G25/><T12/><D12/><U38/><E105/><V124/><F0/><W73/><G19/><T97/><D97/><U42/><E17/><V58/><F112/><W36/><G73/><T133/><D133/><U29/><E29/><V72/><F72/><W55/><G84/><T18/><D18/><U16/><E16/><V83/><F31/><W88/><G116/><T110/><D110/><N who="3" m="42025" /><G118/><T130/><D130/><U92/><E109/><V100/><F117/><W126/><G119/><T120/><D120/><U2/><E129/><V48/><F100/><W34/><G34/><T104/><D104/><U90/><E131/><V20/><F7/><W57/><G126/><T113/><D113/><U47/><E2/><V50/><F124/><W66/><G66/><T75/><D75/><N who="1" m="43167" /><E4/><V71/><F71/><W69/><G69/><T80/><D80/><U134/><E6/><V98/><F83/><W135/><G135/><T125/><D125/><U127/><E127/><V67/><F98/><N who="3" m="57639" /><G43/><T99/><D99/><N who="1" m="57743" /><E134/><V62/><F8/><W54/><G55/><AGARI ba="1,1" hai="9,10,11,40,45,49,51,55,56,74,77,82,86,87" machi="55" ten="40,5200,0" yaku="1,1,52,2,53,0" doraHai="44" doraHaiUra="128" who="0" fromWho="3" sc="225,65,249,0,143,0,373,-55" /><INIT seed="4,0,0,0,3,112" ten="290,249,143,318" oya="0" hai0="94,39,1,2,133,71,129,30,130,35,38,68,124" hai1="10,51,105,116,55,20,15,43,0,64,17,4,75" hai2="37,56,57,77,91,110,13,26,80,25,104,86,66" hai3="100,8,126,44,59,108,78,3,12,122,99,29,72"/><T127/><D94/><U113/><E105/><V74/><F110/><W79/><G108/><T45/><D35/><U132/><E75/><V22/><F37/><N who="0" m="13834" /><D30/><U32/><E113/><V40/><F104/><W111/><G111/><T27/><D27/><U82/><E132/><V109/><F109/><W88/><G88/><T107/><D107/><U69/><E43/><V70/><F70/><N who="0" m="26666" /><D45/><U34/><E82/><V7/><F40/><W118/><G29/><T120/><D120/><U36/><E36/><V134/><F134/><W47/><G99/><T5/><D133/><U58/><E69/><V24/><F74/><W96/><G47/><T83/><D83/><U123/><E64/><V50/><F66/><W81/><G44/><T128/><D5/><U125/><E123/><V106/><F106/><W114/><G81/><T93/><D93/><U95/><E95/><V46/><F77/><W135/><G96/><T33/><D33/><U52/><E55/><N who="2" m="30167" /><F7/><W61/><G72/><T42/><D42/><U67/><E67/><V92/><F92/><W98/><G98/><T54/><D54/><U48/><E34/><V121/><F121/><W49/><G79/><T115/><D115/><U62/><E32/><V76/><F76/><W65/><G78/><T103/><D103/><U21/><E4/><V16/><AGARI ba="0,0" hai="13,16,22,24,25,26,56,57,80,86,91" m="30167" machi="16" ten="30,2000,0" yaku="8,1,54,1" doraHai="112" who="2" fromWho="2" sc="290,-10,249,-5,143,20,318,-5" /><INIT seed="5,0,0,0,1,134" ten="280,244,163,313" oya="1" hai0="31,131,124,41,0,80,117,108,135,99,109,27,88" hai1="92,106,120,97,103,115,71,84,67,75,62,3,7" hai2="51,43,126,125,68,76,54,121,61,91,12,6,26" hai3="15,70,81,47,18,93,40,87,79,98,112,102,132"/><U58/><E120/><V104/><F104/><W94/><G112/><T116/><D135/><U17/><E17/><V56/><F121/><W55/><G70/><T129/><D41/><U42/><E115/><V60/><F76/><W57/><G132/><T16/><D0/><U48/><E75/><V73/><F73/><W52/><G94/><T110/><D124/><N who="2" m="47722" /><F68/><W32/><G32/><T24/><D80/><U133/><E133/><V50/><F26/><W20/><REACH who="3" step="1"/><G57/><REACH who="3" ten="280,244,163,303" step="2"/><T89/><D110/><U86/><E71/><V90/><F61/><W44/><G44/><T100/><D109/><U36/><E106/><V38/><F38/><AGARI ba="0,1" hai="15,18,20,38,40,47,52,55,79,81,87,93,98,102" machi="38" ten="30,3900,0" yaku="1,1,7,1,54,1,53,0" doraHai="134" doraHaiUra="127" who="3" fromWho="2" sc="280,0,244,0,163,-39,303,49" /><INIT seed="6,0,0,5,1,25" ten="280,244,124,352" oya="2" hai0="1,125,60,19,8,76,5,41,103,112,132,116,74" hai1="7,56,45,124,130,49,135,88,129,92,105,65,15" hai2="36,31,18,50,111,97,94,127,9,51,69,82,27" hai3="12,87,100,118,114,23,98,16,22,81,71,109,47"/><V123/><F123/><W40/><G109/><T46/><D112/><U62/><E105/><V79/><F111/><W44/><G71/><T21/><D132/><U83/><E135/><V26/><F127/><W119/><G114/><T59/><D125/><U13/><E124/><V131/><F131/><N who="1" m="50185" /><E83/><V133/><F133/><W58/><G58/><T84/><D116/><U110/><E7/><V113/><F113/><W120/><G23/><T72/><D103/><U108/><E15/><V64/><F36/><W24/><G12/><T85/><D74/><U77/><E77/><V35/><F64/><W0/><G0/><T30/><D30/><U61/><E61/><V122/><F69/><W107/><G47/><T39/><D59/><U117/><E13/><V102/><F122/><W104/><G107/><T29/><D29/><U6/><E6/><V90/><F102/><W68/><G68/><T66/><D60/><U3/><E3/><V63/><F63/><W4/><G4/><T115/><D66/><U86/><E117/><V99/><F99/><W53/><G120/><T128/><D115/><U14/><E14/><N who="2" m="7503" /><F26/><W54/><G119/><T121/><D121/><U106/><E106/><V75/><F75/><W96/><G96/><T43/><D128/><U17/><E17/><V93/><F93/><W78/><G118/><T42/><D72/><U52/><AGARI ba="0,0" hai="45,49,52,56,62,65,86,88,92,108,110" m="50185" machi="52" ten="30,4000,0" yaku="19,1,54,2" doraHai="25" who="1" fromWho="1" sc="280,-10,244,40,124,-20,352,-10" /><INIT seed="7,0,0,0,2,35" ten="270,284,104,342" oya="3" hai0="91,99,116,68,20,62,69,50,126,106,59,122,82" hai1="92,114,100,60,73,89,81,23,93,30,25,97,84" hai2="108,48,120,5,38,45,39,112,16,43,118,58,130" hai3="70,33,88,55,113,105,94,101,27,31,104,107,95"/><W65/><G113/><T19/><D116/><U37/><E37/><V13/><F5/><W9/><G9/><T1/><D122/><U7/><E114/><V123/><F13/><W3/><G3/><T32/><D32/><U49/><E7/><V103/><F16/><W12/><G12/><T72/><D126/><U133/><E133/><V14/><F14/><W22/><G55/><T66/><D50/><U74/><E49/><V80/><F80/><W109/><G109/><T110/><D110/><U0/><E0/><V115/><F103/><W51/><G51/><T132/><D132/><U21/><E21/><V52/><F108/><W98/><G22/><T131/><D131/><U125/><E125/><V24/><F24/><W54/><G54/><T61/><D1/><U83/><E60/><V86/><F86/><N who="3" m="52503" /><G95/><T53/><D69/><U85/><E93/><V71/><F118/><W34/><G34/><T127/><D127/><U77/><AGARI ba="0,0" hai="23,25,30,73,74,77,81,83,84,85,89,92,97,100" machi="77" ten="20,1500,0" yaku="0,1,7,1" doraHai="35" who="1" fromWho="1" sc="270,-4,284,15,104,-4,342,-7" owari="266,-13.0,299,10.0,100,-40.0,335,43.0" /></mjloggm>