<mjloggm ver="2.3"><GO type="169" lobby="0"/><UN n0="%47%45%59%55" n1="%E3%83%A6%E3%83%AA%E3%82%A2" n2="%E5%B0%B1%E6%B4%BB%E7%94%9F%40%E5%B7%9D%E6%9D%91%E8%BB%8D%E5%9B%A3" n3="%E3%81%9D%E3%81%93%E3%81%AF%E3%81%8B%E3%81%A8%E3%81%AA%E3%81%84" dan="17,16,17,16" rate="2206.16,2122.14,2262.42,2121.09" sx="M,F,M,M"/><TAIKYOKU oya="0"/><INIT seed="0,0,0,4,1,126" ten="250,250,250,250" oya="0" hai0="99,112,32,45,73,66,89,26,13,0,92,84,17" hai1="94,123,47,129,20,110,95,11,74,36,75,85,132" hai2="135,88,31,6,16,127,40,15,116,37,69,53,1" hai3="63,21,72,39,100,128,124,4,96,120,101,121,133"/><T54/><D112/><U103/><E123/><N who="3" m="47178" /><G124/><T61/><D73/><U113/><E110/><V77/><F69/><W59/><G39/><T9/><D0/><U49/><E132/><V42/><F37/><W114/><G72/><T83/><D32/><U82/><E36/><V14/><F1/><W68/><G68/><T118/><D118/><U70/><E70/><V119/><F77/><W102/><G114/><T97/><D26/><U27/><E113/><V125/><F31/><W18/><G4/><T93/><D66/><U24/><E24/><V79/><F79/><W76/><G76/><T105/><D61/><U52/><E74/><V28/><F28/><W115/><G115/><T23/><D23/><U109/><E109/><V44/><F135/><W55/><G133/><T98/><D105/><U107/><E75/><V71/><F71/><W34/><G34/><T134/><D134/><U7/><E107/><V51/><F125/><W30/><G30/><T50/><AGARI ba="0,0" hai="9,13,17,45,50,54,83,84,89,92,93,97,98,99" machi="50" ten="30,11700,0" yaku="0,1,25,2,8,1" doraHai="126" who="0" fromWho="0" sc="250,117,250,-39,250,-39,250,-39" /><INIT seed="0,1,0,2,0,52" ten="367,211,211,211" oya="0" hai0="79,17,73,92,12,133,14,80,60,38,88,20,57" hai1="97,76,7,94,70,113,9,100,11,67,15,117,30" hai2="69,130,87,112,128,46,127,124,134,84,116,122,50" hai3="64,105,51,34,131,110,10,18,19,85,109,29,39"/><T25/><D133/><U108/><E117/><V66/><F122/><W37/><G105/><T82/><D38/><U103/><E108/><V129/><F112/><W36/><G64/><T126/><D82/><U89/><E113/><V71/><F116/><W47/><G131/><T44/><D44/><U121/><E121/><V22/><F22/><W13/><G19/><T1/><D1/><U3/><E76/><V61/><F71/><W75/><G75/><T102/><D102/><U31/><E70/><V40/><REACH who="2" step="1"/><F134/><REACH who="2" ten="367,211,201,211" step="2"/><W35/><G35/><T123/><D123/><U106/><E9/><V99/><F99/><W74/><G34/><T0/><D126/><AGARI ba="1,1" hai="40,46,50,61,66,69,84,87,124,126,127,128,129,130" machi="126" ten="50,6400,0" yaku="1,1,18,1,19,1,53,0" doraHai="52" doraHaiUra="6" who="2" fromWho="0" sc="367,-67,211,0,201,77,211,0" /><INIT seed="1,0,0,3,2,80" ten="300,211,278,211" oya="1" hai0="50,3,107,43,4,16,0,85,117,94,37,129,66" hai1="87,53,132,111,63,59,62,126,21,123,74,55,7" hai2="17,76,68,113,83,33,125,75,41,13,90,20,100" hai3="130,128,39,64,14,93,24,51,44,124,19,131,35"/><U70/><E123/><V15/><F68/><W114/><G39/><T36/><D107/><U31/><E74/><V133/><F33/><W73/><G73/><T1/><D117/><U89/><E132/><V56/><F100/><W119/><G114/><T99/><D4/><U121/><E121/><V96/><F125/><W110/><G110/><T120/><D120/><U79/><E79/><V82/><F41/><W97/><G124/><T101/><D129/><U22/><E126/><V48/><F15/><W18/><G64/><T32/><D32/><U23/><E111/><V103/><F133/><W135/><G135/><T104/><D66/><U26/><E7/><V38/><F38/><W112/><G112/><T134/><D134/><U67/><REACH who="1" step="1"/><E55/><REACH who="1" ten="300,201,278,211" step="2"/><V52/><F113/><W81/><G119/><T71/><D43/><U2/><E2/><V115/><F115/><W91/><G131/><T29/><D0/><U60/><E60/><V84/><F75/><W54/><G130/><T25/><D1/><U28/><E28/><V116/><F116/><W47/><G128/><T11/><D3/><U12/><E12/><V30/><F30/><W72/><G14/><T9/><D29/><U34/><E34/><V65/><F65/><W42/><G35/><T108/><D108/><U127/><E127/><V118/><F118/><W78/><G24/><T86/><D25/><U45/><E45/><V102/><F76/><W95/><G47/><T109/><D109/><U98/><E98/><V10/><F96/><N who="3" m="57407" /><G54/><T61/><D99/><U40/><E40/><V49/><F52/><W88/><AGARI ba="0,1" hai="18,19,42,44,51,72,78,81,88,95,97" m="57407" machi="88" ten="30,2000,0" yaku="5,1,54,1" doraHai="80" who="3" fromWho="3" sc="300,-5,201,-10,278,-5,211,30" /><INIT seed="2,0,0,1,5,96" ten="295,191,273,241" oya="2" hai0="117,17,115,14,100,128,108,125,30,129,62,3,52" hai1="132,78,91,98,9,12,2,60,122,84,56,50,97" hai2="116,75,107,42,88,34,36,40,5,127,33,4,86" hai3="66,59,121,55,83,65,31,11,19,27,135,134,21"/><V105/><F75/><W23/><G121/><T126/><D115/><U87/><E2/><V46/><F116/><W63/><G11/><T20/><D117/><U124/><E132/><N who="3" m="50730" /><G83/><T131/><D3/><U10/><E124/><N who="0" m="47721" /><D30/><U35/><E122/><V64/><F127/><W94/><G94/><T15/><D108/><U7/><E35/><V57/><F64/><W49/><G63/><T61/><D100/><U39/><E39/><V53/><F34/><W85/><G85/><T90/><D90/><U130/><E130/><V72/><F72/><W71/><G71/><T38/><D38/><U99/><E78/><V123/><F33/><W6/><G6/><T76/><D76/><U111/><E111/><V77/><F77/><W26/><AGARI ba="0,0" hai="19,21,23,26,27,31,49,55,59,65,66" m="50730" machi="26" ten="30,1100,0" yaku="20,1" doraHai="96" who="3" fromWho="3" sc="295,-3,191,-3,273,-5,241,11" /><INIT seed="3,0,0,3,2,121" ten="292,188,268,252" oya="3" hai0="36,100,93,127,17,111,9,59,95,77,107,72,39" hai1="96,40,67,112,61,104,78,26,133,22,19,130,37" hai2="76,114,35,51,106,94,82,109,25,108,65,54,80" hai3="129,62,131,123,6,38,0,16,45,5,90,66,79"/><W23/><G123/><T7/><D107/><U44/><E112/><V2/><F106/><W86/><G79/><T31/><D31/><U125/><E133/><V60/><F2/><W126/><G126/><T42/><D17/><U43/><E125/><V135/><F114/><W69/><G0/><N who="0" m="231" /><D39/><U110/><E130/><N who="3" m="49674" /><G38/><T120/><D100/><U13/><E43/><V102/><F135/><W91/><G45/><N who="0" m="23751" /><D59/><U87/><E78/><V29/><F94/><N who="3" m="54615" /><G91/><T105/><D105/><U53/><E87/><V57/><F102/><W68/><G69/><T8/><D120/><U15/><E53/><V21/><F35/><W20/><G20/><T49/><D8/><U55/><E55/><V116/><F116/><W24/><AGARI ba="0,0" hai="5,6,16,23,24,62,66,68" m="54615,49674" machi="24" ten="30,3000,0" yaku="19,1,54,1" doraHai="121" who="3" fromWho="3" sc="292,-10,188,-10,268,-10,252,30" /><INIT seed="3,1,0,4,2,83" ten="282,178,258,282" oya="3" hai0="108,20,90,12,135,117,56,72,131,110,45,97,25" hai1="4,119,114,57,107,127,15,47,106,2,122,48,49" hai2="19,13,51,71,70,8,24,95,17,66,102,89,128" hai3="38,28,69,79,121,113,105,26,1,99,0,80,91"/><W125/><G113/><T85/><D117/><U124/><E122/><V46/><F128/><W116/><G121/><T21/><D72/><U104/><E114/><V134/><F102/><W30/><G30/><T36/><D131/><U94/><E119/><V133/><F66/><W109/><G38/><T60/><D135/><N who="2" m="51722" /><F19/><W64/><G125/><T73/><D97/><U123/><E123/><V59/><F59/><W129/><G91/><T92/><D73/><U18/><E94/><V33/><F24/><W118/><G129/><T111/><D12/><U54/><E4/><V52/><F33/><N who="3" m="20631" /><G109/><T88/><D90/><U132/><E2/><V77/><F77/><W65/><G65/><N who="0" m="39047" /><D25/><U32/><E32/><V61/><F61/><N who="3" m="40079" /><G118/><T39/><D39/><U34/><E34/><V120/><F120/><W86/><G116/><T115/><D115/><U78/><E78/><V67/><F67/><W81/><G81/><T22/><D22/><U14/><E132/><V84/><AGARI ba="1,0" hai="8,13,17,46,51,52,70,71,84,89,95" m="51722" machi="84" ten="30,4000,0" yaku="20,1,52,1,54,1" doraHai="83" who="2" fromWho="2" sc="282,-11,178,-11,258,43,282,-21" /><INIT seed="4,0,0,0,5,114" ten="271,167,301,261" oya="0" hai0="1,2,60,106,118,32,7,73,121,4,15,111,9" hai1="83,17,31,100,120,85,86,11,5,66,29,124,126" hai2="96,59,75,117,3,22,53,65,69,19,77,93,64" hai3="94,119,68,129,123,74,23,39,133,116,35,115,56"/><T42/><D121/><U28/><E120/><V70/><F3/><N who="0" m="1034" /><D106/><U45/><E100/><V34/><F34/><W24/><G123/><T52/><D73/><U84/><E66/><V27/><F77/><W97/><G74/><T12/><D52/><U49/><E17/><V62/><F75/><W47/><G68/><T48/><D60/><U18/><E83/><V13/><F117/><W104/><G104/><T132/><D48/><U134/><E134/><V0/><F0/><W50/><G56/><T88/><D88/><U44/><E18/><V130/><F130/><W57/><G57/><T107/><D42/><U25/><E25/><V26/><F70/><W41/><G50/><T38/><D38/><U21/><E21/><V61/><F65/><W51/><G51/><T82/><D82/><U54/><E11/><V103/><AGARI ba="0,0" hai="13,19,22,26,27,53,59,61,62,64,69,93,96,103" machi="103" ten="20,1500,0" yaku="0,1,7,1" doraHai="114" who="2" fromWho="2" sc="271,-7,167,-4,301,15,261,-4" /><INIT seed="5,0,0,4,5,111" ten="264,163,316,257" oya="1" hai0="125,82,27,53,41,90,55,3,52,117,123,121,130" hai1="25,61,105,79,15,32,116,64,54,107,72,135,106" hai2="75,108,92,98,14,129,70,18,83,114,103,74,113" hai3="69,68,122,16,47,100,95,17,2,102,71,65,89"/><U12/><E116/><V81/><F108/><W51/><G122/><N who="0" m="46603" /><D3/><U80/><E135/><V30/><F70/><W76/><G2/><T131/><D117/><U46/><E54/><V20/><F129/><W120/><G120/><T7/><D7/><U5/><E5/><V10/><F30/><W60/><G76/><T39/><D125/><U132/><E132/><V93/><F93/><W59/><G102/><T73/><D27/><U62/><E46/><V118/><F118/><W63/><G100/><T0/><D0/><U38/><E62/><V126/><F126/><W66/><G71/><T88/><D73/><N who="2" m="27658" /><F20/><W78/><G78/><T26/><D26/><U84/><E84/><V42/><F42/><W96/><REACH who="3" step="1"/><G59/><REACH who="3" ten="264,163,316,247" step="2"/><T87/><D90/><U28/><REACH who="1" step="1"/><E38/><REACH who="1" ten="264,153,316,247" step="2"/><V37/><F37/><W1/><G1/><T99/><D99/><U94/><E94/><V24/><F98/><W22/><G22/><T91/><D131/><U48/><E48/><V50/><F50/><W115/><G115/><T8/><D130/><U58/><AGARI ba="0,2" hai="12,15,25,28,32,58,61,64,72,79,80,105,106,107" machi="58" ten="30,6000,0" yaku="1,1,0,1,53,1" doraHai="111" doraHaiUra="23" who="1" fromWho="1" sc="264,-20,153,80,316,-20,247,-20" /><INIT seed="5,1,0,2,1,35" ten="244,233,296,227" oya="1" hai0="83,17,115,16,86,79,47,112,33,74,21,103,29" hai1="25,12,133,49,59,96,89,124,5,67,6,53,122" hai2="20,55,7,19,31,93,60,118,72,126,36,80,123" hai3="3,1,45,113,98,42,105,56,22,10,131,77,30"/><U76/><E122/><V58/><F36/><W69/><G69/><T27/><D103/><U127/><E133/><V99/><F118/><W32/><G77/><T24/><D47/><U116/><E116/><V18/><F123/><W78/><G78/><T66/><D66/><U48/><E76/><V104/><F104/><W90/><G32/><T9/><D9/><U109/><E109/><V75/><F80/><W51/><G10/><T84/><REACH who="0" step="1"/><D17/><REACH who="0" ten="234,233,296,227" step="2"/><U50/><E67/><V125/><F18/><W111/><G45/><T57/><D57/><U106/><E106/><V44/><F44/><W28/><G56/><T15/><D15/><U101/><E101/><V71/><F71/><W64/><G105/><T14/><D14/><U94/><E25/><V13/><F13/><W70/><G64/><T40/><D40/><U0/><E0/><V108/><F19/><W38/><G1/><T81/><D81/><U107/><E107/><V61/><F125/><N who="1" m="48201" /><E12/><V135/><F135/><W88/><G3/><T134/><D134/><U129/><E129/><V34/><F126/><W65/><G65/><T54/><D54/><U117/><E117/><V26/><F55/><W11/><G42/><T68/><D68/><U41/><E41/><V43/><F43/><W39/><G70/><T52/><D52/><U121/><E121/><V114/><F108/><W95/><G111/><T4/><D4/><AGARI ba="1,1" hai="4,5,6,48,49,50,53,59,89,94,96" m="48201" machi="4" ten="30,1500,0" yaku="18,1" doraHai="35" who="1" fromWho="0" sc="234,-18,233,28,296,0,227,0" /><INIT seed="5,2,0,4,0,134" ten="216,261,296,227" oya="1" hai0="111,119,58,43,22,36,88,46,125,112,59,73,118" hai1="75,94,131,57,12,61,124,30,109,15,66,56,80" hai2="19,53,132,97,44,79,47,68,9,21,84,121,72" hai3="90,60,48,27,20,71,117,133,106,31,10,54,93"/><U110/><E30/><V45/><F121/><W33/><G106/><T83/><D111/><N who="1" m="42507" /><E131/><V70/><F72/><W23/><G133/><T135/><D135/><U40/><E40/><V64/><F132/><W8/><G33/><T89/><D112/><U95/><E57/><V39/><F39/><W0/><G0/><T76/><D125/><U69/><E69/><V7/><F97/><W127/><G127/><T2/><D22/><U92/><E124/><V1/><F64/><W98/><G71/><T107/><D107/><U122/><E122/><V37/><F37/><W38/><G38/><T11/><D59/><U67/><E67/><V4/><F4/><W113/><G113/><T3/><D3/><U65/><E65/><V130/><F53/><W29/><G60/><T41/><D41/><U74/><E80/><V25/><F130/><W108/><G117/><N who="0" m="44555" /><D58/><U129/><E129/><V63/><F63/><W115/><G115/><T100/><D100/><U104/><E104/><V24/><F24/><N who="3" m="16519" /><G108/><T99/><D99/><U26/><E26/><V120/><F120/><W77/><G77/><T103/><D103/><U42/><E42/><V52/><F52/><W28/><G28/><T81/><D81/><U101/><E101/><V14/><F25/><W85/><G98/><T17/><D17/><U16/><E15/><V126/><F126/><W128/><G128/><T123/><D123/><U82/><E82/><V50/><F50/><W13/><G13/><T49/><D49/><U34/><E34/><V96/><F96/><W6/><G6/><AGARI ba="2,0" hai="2,6,11,36,43,46,73,76,83,88,89" m="44555" machi="6" ten="30,2000,0" yaku="25,1,54,1" doraHai="134" who="0" fromWho="3" sc="216,26,261,0,296,0,227,-26" /><INIT seed="6,0,0,3,1,11" ten="242,261,296,201" oya="2" hai0="86,60,70,98,4,28,3,113,9,108,38,64,130" hai1="53,99,23,90,41,48,21,132,34,72,2,126,44" hai2="120,114,117,43,68,36,13,67,46,129,87,88,123" hai3="30,81,17,82,94,57,97,37,93,52,26,102,69"/><V96/><F117/><W85/><G37/><T45/><D108/><U31/><E72/><V80/><F129/><W20/><G69/><T58/><D130/><U119/><E2/><V27/><F114/><W24/><G93/><T5/><D113/><U76/><E119/><V73/><F73/><W50/><REACH who="3" step="1"/><G85/><REACH who="3" ten="242,261,296,191" step="2"/><T77/><D70/><U125/><E126/><V66/><F68/><W131/><G131/><T112/><D112/><U91/><E125/><V128/><F128/><W124/><G124/><T49/><D38/><U105/><E105/><V109/><F109/><W79/><G79/><T0/><D77/><U95/><E76/><V133/><F36/><W19/><G19/><T74/><D74/><U115/><E95/><V111/><F111/><W122/><G122/><T92/><D86/><U59/><E115/><V78/><F87/><W116/><G116/><T71/><D71/><U32/><E99/><V16/><F78/><W10/><G10/><N who="0" m="2311" /><D92/><U14/><E132/><V56/><F133/><W47/><G47/><T25/><D98/><U110/><E44/><V103/><F96/><W135/><G135/><T6/><D45/><U54/><E110/><V104/><F104/><W89/><G89/><T40/><D9/><U84/><E91/><V106/><F46/><W12/><G12/><T39/><D39/><U127/><E14/><V51/><F13/><W42/><G42/><T61/><D40/><U101/><E41/><V75/><F43/><W65/><G65/><T100/><D64/><U22/><E127/><V55/><F67/><W35/><AGARI ba="0,1" hai="17,20,24,26,30,35,50,52,57,81,82,94,97,102" machi="35" ten="20,5200,0" yaku="1,1,0,1,7,1,54,1,53,0" doraHai="11" doraHaiUra="121" who="3" fromWho="3" sc="242,-13,261,-13,296,-26,191,62" /><INIT seed="7,0,0,5,3,34" ten="229,248,270,253" oya="3" hai0="104,113,27,36,103,71,135,35,26,70,42,32,108" hai1="125,68,14,44,21,117,38,9,118,54,100,49,24" hai2="81,10,97,69,60,65,91,84,41,105,99,74,124" hai3="93,1,59,88,25,11,96,18,37,55,106,101,87"/><W51/><G37/><T130/><D108/><U109/><E109/><V63/><F124/><W83/><G1/><T92/><D130/><U78/><E125/><V89/><F74/><W8/><REACH who="3" step="1"/><G106/><REACH who="3" ten="229,248,270,243" step="2"/><T40/><D104/><U45/><E118/><V57/><F105/><W73/><G73/><T94/><D36/><U76/><E117/><V48/><F97/><W126/><G126/><T112/><REACH who="0" step="1"/><D103/><REACH who="0" ten="219,248,270,243" step="2"/><U66/><E100/><V64/><F91/><W120/><G120/><T23/><D23/><AGARI ba="0,2" hai="8,11,18,23,25,51,55,59,83,87,88,93,96,101" machi="23" ten="40,12000,1" yaku="1,1,8,1,54,1,53,1" doraHai="34" doraHaiUra="22" who="3" fromWho="0" sc="219,-120,248,0,270,0,243,140" owari="99,-40.0,248,-15.0,270,7.0,383,48.0" /></mjloggm>