<mjloggm ver="2.3"><GO type="225" lobby="0"/><UN n0="%E3%81%88%E3%81%99" n1="%E5%B0%B1%E6%B4%BB%E7%94%9F%40%E5%B7%9D%E6%9D%91%E8%BB%8D%E5%9B%A3" n2="%E3%83%80%E3%83%B3%E3%83%86" n3="%E3%81%8A%E3%81%BE%E3%81%A4%E3%82%8A" dan="16,17,17,16" rate="2038.67,2232.37,2160.49,2069.12" sx="M,M,M,M"/><TAIKYOKU oya="0"/><INIT seed="0,0,0,4,1,134" ten="250,250,250,250" oya="0" hai0="110,98,41,47,37,91,122,18,25,62,78,44,3" hai1="117,120,97,104,22,36,63,130,65,77,2,76,23" hai2="81,89,32,19,99,10,27,16,46,58,114,33,116" hai3="54,8,124,4,49,125,24,30,101,45,12,1,118"/><T111/><D122/><U87/><E117/><V135/><F114/><W69/><G118/><T100/><D3/><U73/><E120/><V106/><F116/><W128/><G69/><T92/><D78/><U38/><E130/><V119/><F119/><W85/><G128/><T52/><D100/><U83/><E2/><V121/><F121/><W82/><G101/><T0/><D0/><U57/><E104/><V11/><F135/><W72/><G72/><T31/><D18/><U113/><E113/><V55/><F46/><W48/><G48/><T28/><D28/><U17/><E97/><V42/><F42/><W15/><G15/><T29/><D29/><U5/><E5/><V84/><F106/><W43/><G54/><T59/><REACH who="0" step="1"/><D44/><REACH who="0" ten="240,250,250,250" step="2"/><U50/><E23/><AGARI ba="0,1" hai="23,25,31,37,41,47,52,59,62,91,92,98,110,111" machi="23" ten="40,12000,1" yaku="1,1,2,1,54,1,53,1" doraHai="134" doraHaiUra="88" who="0" fromWho="1" sc="240,130,250,-120,250,0,250,0" /><INIT seed="0,1,0,2,1,109" ten="370,130,250,250" oya="0" hai0="125,18,44,131,122,50,102,16,124,12,80,23,74" hai1="47,39,110,10,22,26,6,112,107,38,36,72,37" hai2="58,126,135,96,35,13,103,123,28,41,3,78,120" hai3="128,101,19,30,45,75,61,119,1,27,82,81,48"/><T8/><D122/><U121/><E110/><V67/><F3/><W21/><G1/><T59/><D59/><U15/><E121/><V99/><F78/><W5/><G119/><T9/><D102/><U89/><E107/><V51/><F126/><N who="0" m="48746" /><D131/><U129/><E129/><V40/><F135/><W94/><G5/><T0/><D0/><U53/><E72/><V90/><F90/><W56/><G75/><T83/><D74/><U97/><N who="1" m="9728" /><DORA hai="108" /><U98/><E89/><V87/><F87/><W4/><G4/><T66/><D66/><U79/><E79/><V32/><F67/><N who="3" m="39335" /><G19/><T92/><D92/><U88/><E88/><V14/><F103/><W20/><G20/><T111/><D111/><U33/><E33/><V57/><F28/><W134/><G134/><T11/><D18/><U104/><E104/><V24/><F51/><W17/><G17/><T7/><D7/><U76/><E76/><V91/><F91/><W43/><G128/><T84/><D84/><U54/><E112/><V100/><F100/><W65/><G65/><T106/><D106/><U93/><E93/><V62/><F62/><W77/><G77/><T2/><D2/><U31/><REACH who="1" step="1"/><E47/><REACH who="1" ten="370,120,250,250" step="2"/><V60/><F60/><W71/><G94/><T55/><AGARI ba="1,1" hai="8,9,11,12,16,23,44,50,55,80,83" m="48746" machi="55" ten="30,3000,0" yaku="18,1,54,1" doraHai="109,108" who="0" fromWho="0" sc="370,43,120,-11,250,-11,250,-11" /><INIT seed="0,2,0,5,5,14" ten="413,109,239,239" oya="0" hai0="6,117,115,100,21,133,22,58,90,5,17,101,40" hai1="110,116,27,7,16,11,50,68,23,60,45,1,52" hai2="97,109,69,26,83,67,104,126,33,19,92,84,87" hai3="81,35,32,3,96,123,64,125,119,43,107,28,99"/><T44/><D115/><U78/><E116/><V10/><F109/><W72/><G119/><T94/><D117/><U48/><E110/><V31/><F126/><W79/><G3/><T108/><D108/><U25/><E78/><V34/><F34/><W49/><G123/><T42/><D58/><U102/><E102/><N who="0" m="39529" /><D133/><U98/><E98/><V47/><F47/><W73/><G125/><T76/><D76/><U111/><E111/><V131/><F131/><W65/><G28/><T66/><D66/><U127/><E127/><V8/><F104/><W74/><G49/><N who="0" m="26759" /><D42/><U2/><E50/><V41/><F41/><W112/><G43/><T57/><D57/><U0/><REACH who="1" step="1"/><E25/><REACH who="1" ten="413,99,239,239" step="2"/><V15/><F26/><W88/><G79/><T39/><D39/><U124/><E124/><V53/><F97/><W114/><G99/><N who="0" m="57815" /><D22/><U129/><E129/><V89/><F33/><W121/><G32/><T13/><AGARI ba="2,1" hai="5,6,13,17,21" m="57815,26759,39529" machi="13" ten="30,3000,0" yaku="8,1,52,1" doraHai="14" who="0" fromWho="0" sc="413,46,99,-12,239,-12,239,-12" /><INIT seed="0,3,0,2,1,93" ten="459,87,227,227" oya="0" hai0="51,78,44,2,99,112,91,68,128,98,125,104,25" hai1="70,130,47,71,10,75,21,109,54,127,126,18,124" hai2="5,134,100,22,11,131,24,120,69,30,88,14,46" hai3="45,26,35,105,90,28,1,50,43,61,96,64,108"/><T56/><D2/><U82/><E109/><V94/><F120/><W116/><G108/><T52/><D68/><U13/><E130/><V85/><F69/><W119/><G1/><T48/><D112/><U60/><E75/><V59/><F134/><W8/><G8/><T115/><D115/><U121/><E121/><V118/><F118/><W129/><G129/><T113/><D113/><U20/><E82/><V23/><F131/><W101/><REACH who="3" step="1"/><G90/><REACH who="3" ten="459,87,227,217" step="2"/><T55/><D91/><U7/><E21/><V79/><F22/><W63/><G63/><T110/><D128/><U114/><E114/><V15/><F79/><W65/><G65/><T97/><D78/><U84/><E84/><V6/><F6/><W117/><G117/><T39/><D110/><U53/><E47/><V107/><F46/><W31/><G31/><T3/><D3/><U42/><E42/><V73/><F73/><W86/><G86/><T27/><D39/><U32/><E32/><V111/><F111/><W133/><G133/><T4/><D4/><U132/><E132/><V106/><F5/><W123/><G123/><T38/><D38/><U12/><REACH who="1" step="1"/><E70/><AGARI ba="3,1" hai="26,28,35,43,45,50,61,64,70,96,101,105,116,119" machi="70" ten="30,12000,2" yaku="1,1,7,1,25,2,52,1,53,1" doraHai="93" doraHaiUra="41" who="3" fromWho="1" sc="459,0,87,-129,227,0,217,139" owari="459,55.0,-42,-54.0,227,-17.0,356,16.0" /></mjloggm>