<mjloggm ver="2.3"><GO type="225" lobby="0"/><UN n0="%28%2A%C2%B4%33%EF%BD%80%2A%29" n1="%46%4C%41%4D%45" n2="%E3%83%AD%E3%83%9C%E3%82%B3%E3%83%97" n3="%E5%B0%B1%E6%B4%BB%E7%94%9F%40%E5%B7%9D%E6%9D%91%E8%BB%8D%E5%9B%A3" dan="17,16,16,17" rate="2143.47,2061.99,2116.27,2176.46" sx="F,M,M,M"/><TAIKYOKU oya="0"/><INIT seed="0,0,0,5,0,99" ten="250,250,250,250" oya="0" hai0="132,121,133,119,101,10,1,88,2,102,83,66,130" hai1="122,79,69,97,96,72,9,104,28,21,65,84,109" hai2="44,53,81,63,120,18,64,14,50,105,108,71,32" hai3="93,86,19,42,48,23,33,107,90,78,98,127,26"/><T52/><D121/><U56/><E122/><V49/><F120/><W12/><G127/><T40/><D119/><U91/><E109/><V118/><F118/><W51/><G42/><T22/><D40/><U4/><E69/><V110/><F32/><W116/><G116/><T67/><D130/><U70/><E70/><V85/><F105/><W113/><G113/><T46/><D22/><U100/><E97/><V6/><F6/><W29/><REACH who="3" step="1"/><G78/><REACH who="3" ten="250,250,250,240" step="2"/><T135/><D2/><U27/><E79/><V125/><F125/><W76/><G76/><T112/><D112/><U73/><E65/><N who="0" m="24585" /><D1/><U103/><E56/><V114/><F114/><W129/><G129/><T57/><D46/><U15/><REACH who="1" step="1"/><E103/><AGARI ba="0,1" hai="12,19,23,26,29,33,48,51,86,90,93,98,103,107" machi="103" ten="40,5200,0" yaku="1,1,52,1,53,1" doraHai="99" doraHaiUra="25" who="3" fromWho="1" sc="250,0,250,-52,250,0,240,62" /><INIT seed="1,0,0,3,4,73" ten="250,198,250,302" oya="1" hai0="126,89,51,76,42,33,110,92,2,22,107,54,111" hai1="68,57,119,65,56,9,0,21,90,106,103,41,14" hai2="80,93,7,67,113,20,72,15,53,26,52,75,85" hai3="46,78,64,122,44,18,16,31,83,104,96,105,59"/><U66/><E119/><V62/><F113/><W91/><G122/><T94/><D33/><U3/><E68/><V4/><F93/><N who="3" m="56383" /><G105/><T61/><D107/><U127/><E41/><V36/><F36/><W134/><G104/><T70/><D2/><U63/><E21/><V128/><F128/><W43/><G31/><T121/><D42/><U135/><E106/><V130/><F130/><W49/><G46/><T12/><D94/><U114/><E103/><V112/><F112/><W102/><G102/><T29/><D126/><U82/><E114/><V87/><F75/><W6/><G6/><T35/><D35/><U99/><E127/><V97/><F72/><W19/><G134/><T71/><D121/><U24/><E24/><V23/><F97/><W30/><G30/><T79/><D61/><U17/><E135/><V40/><F40/><W132/><G132/><T38/><D38/><U131/><E131/><V108/><F62/><N who="3" m="37983" /><G83/><T123/><D123/><U100/><E100/><V95/><F80/><W13/><G78/><N who="0" m="29739" /><D29/><U84/><E99/><V32/><F95/><W69/><G69/><T117/><D117/><U45/><E0/><V86/><F32/><W118/><G118/><T88/><D89/><U109/><E3/><V81/><F81/><W58/><G58/><N who="1" m="22634" /><E82/><V48/><F67/><W27/><G27/><T37/><D37/><U60/><E66/><V34/><F26/><W11/><AGARI ba="0,0" hai="11,13,16,18,19,43,44,49" m="37983,56383" machi="11" ten="30,2000,0" yaku="8,1,54,1" doraHai="73" who="3" fromWho="3" sc="250,-5,198,-10,250,-5,302,20" /><INIT seed="2,0,0,4,0,14" ten="245,188,245,322" oya="2" hai0="97,22,101,37,38,11,47,63,68,17,10,31,30" hai1="35,55,44,65,102,106,53,135,114,117,128,81,26" hai2="123,120,132,32,2,98,119,49,95,131,88,82,39" hai3="57,109,27,50,19,54,90,112,1,8,127,34,64"/><V59/><F119/><W89/><G109/><T83/><D83/><U105/><E117/><V129/><F39/><W62/><G127/><T76/><D76/><U5/><E114/><V48/><F32/><W20/><G112/><T108/><D108/><U12/><E128/><N who="2" m="49227" /><F2/><W0/><G34/><T99/><D47/><U71/><E135/><V18/><F132/><W29/><G1/><T6/><D11/><N who="1" m="4207" /><E44/><V3/><F3/><W111/><G111/><T80/><D80/><U43/><E43/><V28/><F28/><W85/><G85/><T121/><D121/><N who="2" m="46666" /><F59/><N who="3" m="36959" /><G0/><T78/><D37/><U61/><E81/><V77/><F18/><W67/><G67/><T110/><D110/><U84/><E84/><AGARI ba="0,0" hai="48,49,77,82,84,88,95,98" m="46666,49227" machi="84" ten="30,2900,0" yaku="19,1,54,1" doraHai="14" who="2" fromWho="1" sc="245,0,188,-29,245,29,322,0" /><INIT seed="2,1,0,3,4,48" ten="245,159,274,322" oya="2" hai0="94,8,133,3,30,131,95,52,4,123,101,43,82" hai1="84,98,109,62,107,115,108,75,112,14,86,116,55" hai2="124,67,19,128,92,89,40,33,17,119,125,41,87" hai3="69,110,64,45,105,27,26,121,104,25,9,42,16"/><V61/><F119/><W85/><G121/><T81/><D123/><U134/><E14/><V70/><F33/><W114/><G110/><N who="1" m="42602" /><E62/><V71/><F71/><W129/><G129/><T51/><D131/><U1/><E1/><V34/><F34/><W93/><G64/><T66/><D66/><U46/><E46/><V24/><F128/><W96/><G85/><N who="1" m="32874" /><E116/><V80/><F80/><W130/><G114/><N who="1" m="43562" /><E55/><V127/><F24/><W117/><G69/><T113/><D113/><U38/><E38/><V63/><F63/><W68/><G68/><T5/><D43/><AGARI ba="1,0" hai="17,19,40,41,43,61,67,70,87,89,92,124,125,127" machi="43" ten="40,2000,0" yaku="18,1" doraHai="48" who="2" fromWho="0" sc="245,-23,159,0,274,23,322,0" /><INIT seed="2,2,0,4,1,83" ten="222,159,297,322" oya="2" hai0="32,119,43,130,21,99,63,18,8,17,113,14,16" hai1="76,41,23,107,133,114,64,79,74,44,56,38,71" hai2="55,40,34,115,70,61,46,58,52,3,50,120,82" hai3="49,19,15,39,112,104,124,29,110,35,105,28,100"/><V62/><F120/><W96/><G39/><T4/><D113/><U134/><E114/><V131/><F34/><W7/><G105/><T57/><D119/><U60/><E107/><V116/><F3/><W65/><G35/><T26/><D130/><U36/><E36/><N who="2" m="21767" /><F82/><W2/><G112/><T69/><D69/><U12/><E74/><V121/><F115/><W81/><G65/><T97/><D43/><U37/><E37/><V48/><F116/><W132/><G49/><N who="2" m="19049" /><F121/><W42/><G7/><T10/><D32/><U1/><E1/><V128/><F55/><W27/><G2/><T86/><D8/><U98/><E98/><V80/><F80/><W53/><G53/><T22/><D18/><U47/><E47/><V89/><F89/><W20/><G29/><T127/><D99/><U5/><E23/><V67/><AGARI ba="2,0" hai="52,58,61,62,67,70,128,131" m="19049,21767" machi="67" ten="30,6000,0" yaku="34,2,54,1" doraHai="83" who="2" fromWho="2" sc="222,-22,159,-22,297,66,322,-22" /><INIT seed="2,3,0,4,4,15" ten="200,137,363,300" oya="2" hai0="113,55,1,59,24,129,20,121,112,117,7,89,56" hai1="78,131,28,74,31,17,0,80,105,94,79,98,84" hai2="65,128,120,108,27,30,13,93,45,92,99,133,35" hai3="49,61,88,42,8,134,132,40,9,25,115,53,130"/><V123/><F133/><N who="3" m="51307" /><G130/><T38/><D121/><U71/><E0/><V36/><F128/><W37/><G115/><T10/><D129/><U107/><E131/><V86/><F108/><W119/><G119/><T5/><D38/><U68/><E68/><V127/><F127/><W103/><G103/><T95/><D117/><U75/><E71/><V69/><F69/><W97/><G61/><T124/><D59/><U87/><E17/><V72/><F72/><N who="1" m="27689" /><E28/><V22/><F65/><W135/><G25/><T114/><D7/><U18/><E18/><V2/><F2/><W76/><G76/><N who="1" m="29226" /><E31/><V63/><F30/><W43/><G37/><T34/><D124/><U41/><E41/><V126/><F36/><W101/><G135/><T16/><D34/><U19/><E19/><V23/><F35/><W73/><G73/><T62/><D114/><U39/><E39/><V54/><F126/><W110/><G110/><T11/><D10/><U118/><E118/><V60/><F27/><W52/><G9/><T83/><REACH who="0" step="1"/><D83/><REACH who="0" ten="190,137,363,300" step="2"/><U14/><E14/><V3/><F123/><W111/><G8/><T26/><D26/><U50/><E50/><V116/><F13/><W6/><G49/><T32/><D32/><U47/><E47/><V57/><F45/><W21/><G6/><T12/><D12/><U46/><E46/><V29/><F120/><W106/><G111/><T44/><D44/><U64/><E64/><V96/><F116/><W81/><G21/><T91/><D91/><N who="1" m="55647" /><E80/><V102/><F23/><W125/><G125/><T77/><D77/><U90/><E90/><V66/><F22/><RYUUKYOKU ba="3,1" sc="190,10,137,10,363,-30,300,10" hai0="1,5,11,16,20,24,55,56,62,89,95,112,113" hai1="84,87,105,107" hai3="40,42,43,52,53,81,88,97,101,106" /><INIT seed="3,4,1,1,5,105" ten="200,147,333,310" oya="3" hai0="10,100,75,66,95,97,73,89,67,87,47,19,124" hai1="12,114,5,43,125,23,55,65,113,98,4,107,79" hai2="68,48,17,29,129,2,123,21,35,42,61,83,64" hai3="6,0,84,40,46,50,37,102,1,62,128,13,101"/><W57/><G37/><T108/><D124/><U134/><E65/><V20/><F2/><W28/><G128/><T77/><D108/><U11/><E125/><V116/><F116/><W122/><G122/><T99/><D99/><U15/><E134/><V118/><F118/><W52/><G28/><T80/><D47/><U31/><E43/><V36/><F36/><W24/><G24/><T69/><D69/><U70/><E70/><V71/><F35/><W96/><G84/><T56/><D56/><U91/><E55/><V115/><F71/><W117/><G117/><T110/><D110/><U85/><E79/><V26/><F115/><W121/><G121/><T127/><D127/><U39/><E39/><V112/><F123/><W7/><G102/><T76/><D76/><U14/><E14/><V41/><F112/><W82/><G82/><T25/><D75/><U126/><E126/><V78/><F129/><W22/><G1/><T53/><D53/><U34/><E34/><V18/><F48/><W133/><G133/><T58/><D58/><U44/><E44/><V106/><F106/><W120/><G120/><T86/><D86/><U93/><E31/><V3/><F3/><W130/><G130/><T45/><D45/><U8/><REACH who="1" step="1"/><E23/><REACH who="1" ten="200,137,333,310" step="2"/><V59/><F68/><W92/><G0/><T49/><D67/><U88/><E88/><V51/><F29/><W90/><G90/><T9/><D66/><U103/><AGARI ba="4,2" hai="4,5,8,11,12,15,85,91,93,98,103,107,113,114" machi="103" ten="30,4000,0" yaku="1,1,0,1,9,1,53,0" doraHai="105" doraHaiUra="32" who="1" fromWho="1" sc="200,-14,137,72,333,-14,310,-24" owari="186,-31.0,209,-19.0,319,41.0,286,9.0" /></mjloggm>