<mjloggm ver="2.3"><GO type="225" lobby="0"/><UN n0="%E3%82%A6%E3%83%AB%E3%83%88%E3%83%A9%E7%AB%8B%E7%9B%B4" n1="%E3%82%AA%E3%82%A2%E3%83%AA%E3%83%A0%E3%81%AE%E8%A9%A0%E5%94%B1" n2="%E5%A3%87%E2%98%86%E8%9C%9C" n3="%E3%83%AD%E3%83%9C%E3%82%B3%E3%83%97" dan="17,16,17,17" rate="2104.92,2089.91,2178.04,2146.04" sx="M,M,M,M"/><TAIKYOKU oya="0"/><INIT seed="0,0,0,0,5,129" ten="250,250,250,250" oya="0" hai0="44,23,21,74,83,66,31,37,90,34,11,108,10" hai1="43,133,118,67,4,128,123,18,40,6,41,47,0" hai2="127,106,5,65,68,1,38,12,88,134,100,107,104" hai3="51,20,9,60,13,50,95,56,135,30,116,26,45"/><T94/><D108/><U79/><E118/><V87/><F38/><W124/><G116/><T130/><D130/><U28/><E128/><V15/><F127/><W78/><G124/><T17/><D66/><U80/><E123/><V58/><F68/><W85/><G45/><T64/><D34/><U132/><E67/><V102/><F134/><N who="1" m="51817" /><E28/><V2/><F58/><W114/><G135/><T36/><D74/><N who="1" m="43127" /><E18/><V119/><F65/><W112/><G114/><T89/><D37/><N who="1" m="21903" /><E4/><V3/><F119/><W91/><G112/><T99/><D64/><U125/><E125/><V70/><F70/><W33/><G33/><T8/><D31/><U93/><E93/><V109/><F5/><W81/><G30/><T71/><D71/><U103/><E103/><V84/><F109/><W117/><G117/><T57/><D17/><U24/><E24/><V113/><F113/><W110/><G26/><T42/><D57/><U73/><E73/><V63/><F106/><W101/><G101/><T7/><D7/><U25/><E25/><V35/><F102/><W131/><G131/><T122/><D122/><U39/><E39/><V111/><F100/><W76/><G110/><T97/><D83/><U92/><E92/><AGARI ba="0,0" hai="8,10,11,21,23,36,42,44,89,90,92,94,97,99" machi="92" ten="40,2000,0" yaku="9,1" doraHai="129" who="0" fromWho="1" sc="250,20,250,-20,250,0,250,0" /><INIT seed="0,1,0,2,5,98" ten="270,230,250,250" oya="0" hai0="106,78,53,66,107,30,123,39,68,16,90,71,102" hai1="36,12,69,63,131,86,24,50,67,72,48,119,94" hai2="4,125,51,128,21,116,55,132,18,14,47,85,17" hai3="32,104,27,77,45,87,28,46,121,60,33,56,120"/><T135/><D123/><N who="3" m="47177" /><G104/><T103/><D39/><U52/><E72/><V134/><F128/><W93/><G33/><T83/><D30/><U64/><E36/><V0/><F125/><W22/><G32/><T3/><D3/><U92/><E119/><V23/><F116/><W10/><G10/><T49/><D107/><U7/><E131/><V133/><F85/><W62/><G62/><T20/><D106/><U44/><E67/><V15/><F4/><W19/><G19/><T110/><D71/><U70/><E70/><V2/><AGARI ba="1,0" hai="0,2,14,15,17,18,21,23,47,51,55,132,133,134" machi="2" ten="40,5200,0" yaku="0,1,9,1,20,1" doraHai="98" who="2" fromWho="2" sc="270,-27,230,-14,250,55,250,-14" /><INIT seed="1,0,0,4,3,50" ten="243,216,305,236" oya="1" hai0="29,63,133,117,104,76,55,113,43,15,25,33,53" hai1="4,13,119,8,65,45,66,18,86,110,121,59,17" hai2="85,3,57,108,10,89,80,109,38,39,126,32,0" hai3="120,87,106,7,81,95,88,74,132,30,94,97,71"/><U122/><E119/><V12/><F32/><W48/><G120/><T2/><D2/><N who="2" m="554" /><F57/><W49/><G132/><T36/><D113/><U116/><E116/><V75/><F75/><W123/><G123/><T20/><D133/><U41/><E110/><N who="2" m="42603" /><F126/><W112/><G112/><T5/><D104/><U6/><E121/><V11/><F11/><W1/><G71/><T58/><D117/><U82/><E122/><V40/><F40/><W37/><G37/><T46/><D76/><U42/><E42/><V115/><F115/><W114/><G114/><T91/><D91/><U92/><E92/><V131/><F131/><W105/><G74/><T79/><D79/><U128/><E128/><V28/><F28/><W19/><G30/><T21/><REACH who="0" step="1"/><D55/><REACH who="0" ten="233,216,305,236" step="2"/><U130/><E130/><V118/><F118/><W67/><G106/><T107/><D107/><U26/><E41/><V135/><F135/><W129/><G105/><T35/><D35/><U34/><E34/><V125/><F125/><W73/><G129/><T96/><D96/><U54/><E54/><V68/><F68/><W83/><G97/><T69/><D69/><U134/><E134/><V90/><F90/><W93/><G88/><T62/><D62/><U31/><E65/><V103/><F103/><W98/><G67/><T9/><AGARI ba="0,1" hai="5,9,15,20,21,25,29,33,36,43,46,53,58,63" machi="9" ten="30,4000,0" yaku="1,1,0,1,52,1,53,0" doraHai="50" doraHaiUra="127" who="0" fromWho="0" sc="233,50,216,-20,305,-10,236,-10" /><INIT seed="2,0,0,2,1,26" ten="283,196,295,226" oya="2" hai0="114,43,113,74,80,128,50,134,37,116,78,124,130" hai1="117,75,19,59,23,110,25,102,87,109,60,73,54" hai2="16,93,65,67,127,46,118,18,22,105,45,42,41" hai3="72,86,90,131,133,95,47,107,77,88,58,106,62"/><V14/><F105/><W84/><G133/><T34/><D50/><U103/><E117/><V9/><F127/><W81/><G131/><N who="0" m="50219" /><D134/><U17/><E87/><V57/><F118/><W92/><REACH who="3" step="1"/><G47/><REACH who="3" ten="283,196,295,216" step="2"/><N who="0" m="24047" /><D116/><U51/><E110/><V69/><F46/><W108/><G108/><T1/><D124/><U101/><E109/><V28/><F45/><W70/><G70/><T29/><D1/><U89/><E89/><V91/><F69/><W3/><G3/><T2/><D2/><U85/><E85/><V71/><F71/><W100/><G100/><T49/><D49/><U31/><REACH who="1" step="1"/><E51/><REACH who="1" ten="283,186,295,216" step="2"/><V104/><F91/><W24/><G24/><AGARI ba="0,2" hai="24,29,34,74,78,80,113,114" m="24047,50219" machi="24" ten="30,3900,0" yaku="19,1,23,1,52,1" doraHai="26" who="0" fromWho="3" sc="283,59,186,0,295,0,216,-39" /><INIT seed="3,0,0,0,1,106" ten="342,186,295,177" oya="3" hai0="60,8,43,79,71,22,115,120,75,52,105,77,32" hai1="93,134,20,104,9,3,18,61,65,28,86,0,66" hai2="10,17,44,25,84,101,67,34,94,40,72,80,36" hai3="29,123,99,47,70,117,15,133,110,13,21,126,112"/><W19/><G117/><T6/><D32/><U51/><E104/><V30/><F67/><W50/><G123/><T62/><D105/><U69/><E134/><V26/><F101/><W33/><G112/><T130/><D120/><U48/><E66/><V107/><F107/><W92/><G70/><T108/><D52/><U11/><E28/><V64/><F64/><W74/><G133/><T132/><D8/><U63/><E63/><V98/><F98/><W109/><G126/><T128/><D79/><U4/><E11/><V81/><F94/><W102/><G15/><T57/><D6/><U35/><E0/><V27/><F81/><W82/><G33/><T89/><D57/><U78/><E35/><V49/><F36/><W119/><G29/><T14/><D89/><U46/><E46/><V87/><F10/><W88/><G119/><T118/><D130/><U7/><E7/><V12/><F12/><W124/><G124/><T41/><D108/><N who="3" m="41577" /><G102/><T111/><D14/><U129/><E129/><V103/><F103/><W38/><G38/><T16/><D111/><U125/><E125/><V59/><F34/><W116/><G116/><T39/><D118/><U95/><E95/><V37/><F30/><W5/><G5/><T2/><D128/><U90/><E78/><N who="2" m="44103" /><F17/><W68/><G68/><T122/><D16/><U53/><E53/><N who="2" m="32175" /><F37/><W83/><G74/><T23/><D39/><U97/><E97/><V45/><F40/><AGARI ba="0,0" hai="13,19,21,40,47,50,82,83,88,92,99" m="41577" machi="40" ten="30,5800,0" yaku="14,1,10,1,54,1" doraHai="106" who="3" fromWho="2" sc="342,0,186,0,295,-58,177,58" /><INIT seed="3,1,0,1,3,58" ten="342,186,237,235" oya="3" hai0="59,76,113,14,46,86,83,123,57,41,63,44,111" hai1="92,28,130,30,77,22,75,4,20,97,71,40,134" hai2="90,55,17,39,80,73,10,120,102,126,53,129,79" hai3="133,99,12,2,88,68,69,112,100,15,51,16,11"/><W42/><G112/><T49/><D123/><U5/><E71/><V121/><F39/><W89/><G2/><T31/><D111/><U65/><E134/><V72/><F129/><W23/><G133/><T1/><D1/><U119/><E130/><V135/><F135/><W85/><G42/><T84/><D113/><U96/><E119/><V95/><F102/><W35/><G51/><N who="0" m="27023" /><D31/><U124/><E124/><V48/><F72/><W122/><G35/><T45/><D84/><U3/><E3/><V66/><F66/><W67/><G67/><N who="0" m="39407" /><D14/><U104/><E65/><V131/><F126/><W60/><G122/><T32/><D32/><U127/><E40/><V19/><F131/><W116/><G116/><T109/><D109/><U27/><E127/><V101/><F73/><W132/><G132/><T21/><D21/><U106/><E75/><V114/><F114/><W33/><G33/><T43/><D43/><U62/><E77/><V18/><F79/><W115/><G115/><T9/><D9/><U0/><E0/><V8/><F8/><W52/><G85/><T6/><D6/><U61/><E92/><V29/><F120/><W107/><G11/><T74/><D74/><U54/><E54/><AGARI ba="1,0" hai="45,46,49,54,59,76,83,86" m="39407,27023" machi="54" ten="30,2000,0" yaku="8,1,52,1" doraHai="58" who="0" fromWho="1" sc="342,23,186,-23,237,0,235,0" owari="365,46.0,163,-34.0,237,4.0,235,-16.0" /></mjloggm>