<mjloggm ver="2.3"><GO type="169" lobby="0"/><UN n0="%28%C2%B4%E2%80%95%CF%89%E2%80%95%60%29" n1="%E5%8D%9A%E9%BA%97%E3%82%86%E3%81%8B%E3%82%8A" n2="%E3%83%8B%E3%83%A3%E3%83%83%E3%83%94%E3%83%BC%E5%A4%8F%E7%9B%AE" n3="%E3%82%A6%E3%83%AB%E3%83%88%E3%83%A9%E7%AB%8B%E7%9B%B4" dan="16,16,17,17" rate="2060.69,2062.00,2145.24,2159.56" sx="M,M,M,M"/><TAIKYOKU oya="0"/><INIT seed="0,0,0,0,4,80" ten="250,250,250,250" oya="0" hai0="77,73,34,102,19,94,112,66,78,98,27,3,60" hai1="118,29,101,16,30,35,132,36,95,67,90,128,52" hai2="88,133,7,37,12,9,84,107,130,58,4,65,6" hai3="105,39,91,115,2,32,70,21,15,53,54,109,110"/><T106/><D3/><U93/><E118/><V111/><F107/><W123/><G70/><T86/><D112/><U1/><E1/><V119/><F37/><W129/><G32/><T82/><D19/><U83/><E36/><V64/><F119/><W68/><G68/><T48/><D48/><U20/><E128/><V26/><F130/><W51/><G39/><T75/><D77/><U63/><E35/><V127/><F111/><W74/><G2/><T14/><D14/><N who="1" m="9239" /><E67/><N who="2" m="25675" /><F133/><W62/><G74/><T13/><D13/><U124/><E124/><V99/><F99/><W55/><G105/><T44/><D44/><U125/><E125/><V92/><F127/><W72/><G72/><T71/><REACH who="0" step="1"/><D94/><REACH who="0" ten="240,250,250,250" step="2"/><U76/><E76/><V31/><F31/><AGARI ba="0,1" hai="27,31,34,60,66,71,73,75,78,82,86,98,102,106" machi="31" ten="40,12000,1" yaku="1,1,2,1,25,2,52,1,53,0" doraHai="80" doraHaiUra="43" who="0" fromWho="2" sc="240,130,250,0,250,-120,250,0" /><INIT seed="0,1,0,3,3,86" ten="370,250,130,250" oya="0" hai0="113,98,45,122,128,133,105,100,59,80,132,35,84" hai1="92,27,69,33,32,1,60,25,21,73,127,12,123" hai2="94,61,108,31,5,6,38,18,2,57,125,24,131" hai3="75,55,72,97,116,63,3,51,65,107,15,17,39"/><T43/><D35/><U99/><E73/><V112/><F38/><W53/><G3/><T95/><D122/><U29/><E123/><V104/><F104/><W134/><G39/><T23/><D113/><U87/><E127/><V13/><F112/><W115/><G116/><T121/><D121/><U135/><E135/><N who="0" m="51785" /><D128/><U71/><E1/><V89/><F2/><W26/><G26/><T7/><D7/><U102/><E87/><V130/><F125/><W22/><G115/><T120/><D120/><U90/><E102/><V11/><F108/><W64/><G134/><T52/><D23/><U8/><E60/><V106/><F106/><W77/><G77/><N who="0" m="46095" /><D105/><U129/><E129/><V76/><F76/><W88/><G107/><T62/><D45/><U56/><E56/><V103/><F103/><W14/><G75/><T36/><D43/><U40/><E40/><V50/><F131/><W49/><G72/><T110/><D36/><U16/><REACH who="1" step="1"/><E33/><REACH who="1" ten="370,240,130,250" step="2"/><V4/><F130/><W54/><G63/><T34/><D34/><U101/><E101/><V48/><F61/><W126/><G126/><T70/><D70/><U81/><E81/><V47/><F57/><W78/><G49/><T44/><D44/><U9/><E9/><V68/><F68/><W109/><G51/><T96/><D96/><U30/><AGARI ba="1,1" hai="8,12,16,21,25,27,29,30,32,69,71,90,92,99" machi="30" ten="20,8000,1" yaku="1,1,0,1,7,1,52,1,54,1,53,0" doraHai="86" doraHaiUra="41" who="1" fromWho="1" sc="370,-41,240,93,130,-21,250,-21" /><INIT seed="1,0,0,4,1,98" ten="329,333,109,229" oya="1" hai0="134,97,86,135,69,126,110,45,95,21,128,27,56" hai1="85,1,0,83,25,58,61,4,125,109,41,57,10" hai2="90,29,52,80,93,81,33,13,118,113,49,44,15" hai3="84,71,67,59,106,26,70,79,101,119,40,20,9"/><U117/><E117/><V28/><F118/><W76/><G119/><T18/><D69/><U120/><E120/><V38/><F38/><W7/><G40/><T77/><D110/><U65/><E125/><V107/><F107/><W14/><G71/><T94/><D126/><U53/><E41/><V17/><F113/><W3/><G70/><T78/><D128/><U42/><E42/><V19/><F33/><W63/><G3/><T43/><D56/><U82/><E109/><V5/><F5/><W131/><G131/><T129/><D129/><U89/><E25/><V37/><F37/><W114/><G114/><T22/><D22/><U87/><E1/><V103/><F15/><W104/><G104/><T55/><D55/><U96/><E96/><N who="2" m="59791" /><F17/><W8/><G8/><T99/><D134/><U11/><E4/><V48/><F48/><W54/><G106/><T130/><D130/><U2/><E2/><V124/><F124/><W108/><G108/><T36/><D86/><U111/><E0/><V35/><F35/><W32/><G32/><T64/><D64/><U112/><E112/><V34/><F34/><W133/><G67/><T91/><REACH who="0" step="1"/><D135/><REACH who="0" ten="319,333,109,229" step="2"/><U122/><E111/><V132/><F132/><W60/><G133/><T66/><D66/><U127/><E127/><V31/><F90/><AGARI ba="0,1" hai="18,21,27,36,43,45,77,78,90,91,94,95,97,99" machi="90" ten="30,7700,0" yaku="1,1,7,1,9,1,53,1" doraHai="98" doraHaiUra="12" who="0" fromWho="2" sc="319,87,333,0,109,-77,229,0" /><INIT seed="2,0,0,0,5,105" ten="406,333,32,229" oya="2" hai0="90,16,79,51,17,28,45,126,111,94,83,85,44" hai1="59,70,116,3,119,33,113,68,73,72,133,112,57" hai2="97,86,109,91,20,6,69,92,19,13,96,118,23" hai3="62,124,103,88,36,14,65,1,0,49,130,101,38"/><V114/><F114/><N who="1" m="44137" /><E33/><V66/><F118/><N who="1" m="45097" /><E3/><V98/><F109/><W100/><G124/><T26/><D111/><U121/><E133/><V41/><F69/><N who="1" m="26729" /><E121/><V9/><F66/><W48/><G88/><T99/><D126/><U35/><E35/><V15/><REACH who="2" step="1"/><F41/><REACH who="2" ten="406,333,22,229" step="2"/><W74/><G65/><T54/><D44/><U110/><E110/><V95/><F95/><W18/><G130/><T128/><D128/><U27/><E27/><V60/><F60/><W108/><G62/><T81/><D81/><U93/><E93/><V106/><F106/><W53/><G108/><T37/><D37/><U61/><E61/><V117/><F117/><W77/><G38/><T22/><AGARI ba="0,1" hai="16,17,22,26,28,45,51,54,79,83,85,90,94,99" machi="22" ten="20,5200,0" yaku="0,1,7,1,8,1,54,1" doraHai="105" who="0" fromWho="0" sc="406,62,333,-13,22,-26,229,-13" owari="468,56.0,320,12.0,-4,-50.0,216,-18.0" /></mjloggm>