<mjloggm ver="2.3"><GO type="169" lobby="0"/><UN n0="%E6%B0%B4%E6%9C%AC%E3%82%86%E3%81%8B%E3%82%8A" n1="%E5%B0%B1%E6%B4%BB%E7%94%9F%40%E5%B7%9D%E6%9D%91%E8%BB%8D%E5%9B%A3" n2="%E3%82%8A%E3%82%81%E3%82%8D" n3="%E2%99%AA%E7%B5%90%E6%9C%88%E3%82%86%E3%81%8B%E3%82%8A%E2%99%AA" dan="16,18,16,17" rate="2065.92,2158.30,2163.85,2110.83" sx="F,M,M,F"/><TAIKYOKU oya="0"/><INIT seed="0,0,0,2,3,61" ten="250,250,250,250" oya="0" hai0="16,113,33,111,103,114,87,60,62,133,69,21,26" hai1="30,44,115,24,28,81,109,118,12,59,58,135,93" hai2="41,129,110,49,14,11,70,86,100,39,119,76,127" hai3="124,117,68,4,123,23,120,101,77,80,31,72,78"/><T82/><D133/><U20/><E118/><V32/><F119/><W102/><G117/><T27/><D111/><U25/><E115/><V0/><F110/><W112/><G112/><T17/><D103/><U40/><E109/><V35/><F0/><W98/><G124/><T1/><D1/><U132/><E135/><V125/><F39/><W126/><G126/><N who="2" m="48137" /><F129/><W53/><G4/><T104/><D104/><U92/><E132/><V45/><F70/><W9/><G9/><T106/><D106/><U134/><E134/><V36/><F100/><W85/><G68/><T29/><D17/><U15/><E81/><N who="2" m="47399" /><F36/><W95/><G102/><T22/><D33/><U52/><E40/><V108/><F108/><W46/><G72/><T122/><D122/><U43/><E43/><V57/><F57/><W51/><REACH who="3" step="1"/><G77/><REACH who="3" ten="250,250,250,240" step="2"/><T6/><D6/><AGARI ba="0,1" hai="6,11,14,32,35,41,45,49" m="47399,48137" machi="6" ten="30,2000,0" yaku="25,1,18,1" doraHai="61" who="2" fromWho="0" sc="250,-20,250,0,250,30,240,0" /><INIT seed="1,0,0,0,5,58" ten="230,250,280,240" oya="1" hai0="17,60,128,83,22,104,6,129,125,120,55,81,84" hai1="116,64,0,77,121,114,66,3,43,9,100,102,109" hai2="42,14,61,82,2,24,132,68,59,38,15,28,31" hai3="13,32,50,103,35,124,86,95,106,25,45,70,133"/><U99/><E116/><V18/><F2/><W111/><G111/><T10/><D104/><U73/><E114/><V27/><F68/><W89/><G124/><T130/><D125/><U48/><E121/><V34/><F132/><W20/><G133/><T115/><D115/><U76/><E109/><V40/><F82/><W16/><G70/><T5/><D120/><U54/><E43/><V26/><F38/><W72/><G72/><T78/><D83/><U79/><E73/><V110/><F110/><W97/><REACH who="3" step="1"/><G25/><REACH who="3" ten="230,250,280,230" step="2"/><N who="0" m="14543" /><D10/><U96/><E9/><N who="2" m="6479" /><F31/><W101/><G101/><N who="1" m="39018" /><E3/><V80/><F28/><W91/><G91/><T47/><D47/><N who="1" m="27935" /><E0/><V62/><F34/><W113/><G113/><T107/><D107/><U85/><E85/><V53/><F27/><W74/><G74/><T51/><D129/><U94/><E99/><V126/><F126/><W23/><G23/><T41/><D130/><U30/><E30/><V7/><F26/><W87/><G87/><T118/><D128/><U1/><E1/><V71/><F24/><W57/><G57/><N who="0" m="34879" /><D118/><U131/><E131/><V108/><F71/><W37/><G37/><T69/><D69/><U49/><E96/><V29/><F108/><W63/><G63/><T65/><D51/><U105/><E49/><N who="2" m="31151" /><F29/><W46/><G46/><T12/><D84/><U33/><E33/><V39/><F39/><W90/><G90/><T52/><D78/><U123/><E123/><V93/><F62/><W122/><G122/><T36/><D36/><U56/><E105/><V98/><F61/><W127/><G127/><T44/><D44/><U135/><E77/><RYUUKYOKU ba="0,1" sc="230,-10,250,-10,280,-10,230,30" hai3="13,16,20,32,35,45,50,86,89,95,97,103,106" /><INIT seed="2,1,1,0,5,10" ten="220,240,270,260" oya="2" hai0="61,129,8,104,35,37,56,15,103,33,32,22,108" hai1="78,17,91,73,34,120,42,83,53,128,57,102,84" hai2="51,9,24,3,14,7,25,111,20,92,97,133,58" hai3="52,48,44,2,63,90,47,71,117,50,121,124,93"/><V39/><F39/><W134/><G117/><T86/><D37/><U54/><E34/><V76/><F133/><W115/><G121/><T0/><D104/><U96/><E120/><V29/><F111/><W107/><G107/><T5/><D103/><U109/><E109/><V60/><F76/><W64/><G2/><T62/><D108/><U19/><E128/><V67/><F25/><W116/><G116/><T123/><D123/><U13/><E42/><V112/><F112/><W16/><G134/><T27/><D129/><U99/><E19/><V6/><F51/><W23/><G124/><T119/><D119/><U21/><E102/><N who="2" m="60711" /><F3/><W125/><G125/><T18/><D86/><U130/><E130/><V88/><F88/><W105/><G105/><T118/><D118/><U65/><E65/><V68/><F68/><W100/><G100/><T82/><D82/><U94/><REACH who="1" step="1"/><E57/><REACH who="1" ten="220,230,270,260" step="2"/><V12/><F12/><N who="3" m="9607" /><G115/><T69/><D69/><U4/><E4/><AGARI ba="1,2" hai="4,6,7,9,14,20,24,29,58,60,67" m="60711" machi="4" ten="30,5800,0" yaku="25,1,8,1,52,1" doraHai="10" who="2" fromWho="1" sc="220,0,230,-61,270,81,260,0" /><INIT seed="2,2,0,2,5,67" ten="220,169,351,260" oya="2" hai0="97,65,52,68,42,132,110,18,16,124,75,61,111" hai1="64,78,131,37,30,121,55,29,101,96,76,47,126" hai2="127,134,133,54,74,15,129,99,60,10,107,51,3" hai3="0,100,27,22,34,50,14,86,72,25,125,62,45"/><V58/><F74/><W84/><G0/><T11/><D75/><U108/><E64/><V69/><F3/><W26/><G72/><T40/><D124/><U24/><E126/><V12/><F127/><W105/><G34/><T1/><D132/><N who="2" m="50794" /><F129/><W120/><G120/><T98/><D1/><U94/><E131/><V32/><F32/><W4/><G105/><T91/><D11/><U66/><E121/><V117/><F117/><W122/><G100/><T73/><D73/><U2/><E2/><V118/><F118/><W114/><G122/><T23/><D52/><U103/><E108/><N who="0" m="41513" /><D18/><U104/><E101/><N who="2" m="62911" /><F10/><W79/><G125/><T116/><D116/><U56/><E30/><V31/><F31/><W70/><G114/><T106/><D106/><U81/><E104/><V6/><F6/><W87/><G4/><T71/><D71/><U83/><E78/><V17/><F17/><W95/><G79/><T119/><D119/><U63/><E76/><V7/><F7/><W20/><G70/><T115/><D115/><U128/><E128/><V113/><F113/><W44/><G22/><T93/><D98/><U89/><E89/><V36/><F36/><W8/><G20/><T82/><D82/><U48/><REACH who="1" step="1"/><E37/><REACH who="1" ten="220,159,351,260" step="2"/><V53/><F69/><W21/><G26/><AGARI ba="2,1" hai="16,23,26,40,42,61,65,68,91,93,97" m="41513" machi="26" ten="30,3900,0" yaku="14,1,52,1,54,1" doraHai="67" who="0" fromWho="3" sc="220,55,159,0,351,0,260,-45" /><INIT seed="3,0,0,3,1,62" ten="275,159,351,215" oya="3" hai0="110,123,18,46,32,34,126,70,85,22,12,14,117" hai1="50,29,40,121,64,111,6,109,93,35,89,42,15" hai2="76,49,115,113,88,71,99,87,81,122,102,120,60" hai3="55,124,132,65,23,78,77,96,116,108,8,125,5"/><W56/><G116/><T10/><D70/><U92/><E121/><N who="2" m="46699" /><F49/><W128/><G132/><T91/><D117/><U94/><E89/><V13/><F13/><W2/><G128/><T53/><D123/><U9/><E50/><V4/><F60/><N who="3" m="38023" /><G96/><T11/><D110/><N who="1" m="41995" /><E29/><V28/><F28/><W118/><G118/><T83/><D126/><N who="3" m="48745" /><G108/><T73/><D73/><U25/><E25/><V95/><F4/><W98/><G98/><T130/><D130/><U47/><E35/><V75/><F71/><W135/><G135/><T86/><D86/><U68/><E47/><V79/><F79/><N who="3" m="30219" /><G23/><T134/><D134/><U103/><E103/><V58/><F58/><W20/><G20/><T43/><D22/><U59/><E68/><V26/><F26/><W69/><G69/><T131/><D131/><U24/><E24/><V54/><F54/><AGARI ba="0,0" hai="2,5,8,54,55" m="30219,48745,38023" machi="54" ten="30,2900,0" yaku="18,1,52,1" doraHai="62" who="3" fromWho="2" sc="275,0,159,0,351,-29,215,29" /><INIT seed="3,1,0,4,3,85" ten="275,159,322,244" oya="3" hai0="29,55,80,40,83,81,99,5,104,56,13,78,130" hai1="127,11,98,67,111,44,93,133,118,72,62,53,14" hai2="47,124,18,102,105,125,121,95,39,46,108,37,35" hai3="21,134,42,65,94,88,52,10,6,119,63,19,122"/><W3/><G119/><T69/><D69/><U43/><E72/><V100/><F108/><W66/><G122/><T101/><D130/><U15/><E118/><V49/><F35/><W33/><G33/><T123/><D123/><U70/><E111/><V25/><F121/><W48/><G42/><T7/><D40/><U57/><E127/><V135/><F105/><W90/><G134/><T71/><D71/><U50/><E133/><V110/><F135/><W87/><G90/><T129/><D129/><U28/><E28/><V106/><F106/><W34/><G34/><T54/><D78/><U103/><REACH who="1" step="1"/><E11/><REACH who="1" ten="275,149,322,244" step="2"/><V0/><F110/><W2/><G2/><T23/><D29/><U84/><E84/><V76/><F0/><W58/><G63/><AGARI ba="1,1" hai="14,15,43,44,50,53,57,62,63,67,70,93,98,103" machi="63" ten="30,2000,0" yaku="1,1,7,1,53,0" doraHai="85" doraHaiUra="27" who="1" fromWho="3" sc="275,0,149,33,322,0,244,-23" /><INIT seed="4,0,0,2,2,134" ten="275,182,322,221" oya="0" hai0="125,17,11,54,92,73,51,9,84,62,105,59,126" hai1="80,76,49,79,55,129,68,43,123,25,8,104,15" hai2="6,130,36,4,24,40,116,22,50,5,86,48,83" hai3="39,18,19,14,42,115,45,114,71,53,95,131,100"/><T58/><D105/><U127/><E123/><V101/><F130/><W32/><G131/><T29/><D73/><U94/><E129/><V98/><F116/><W30/><G71/><T12/><D29/><U61/><E104/><V111/><F111/><W132/><G132/><T31/><D31/><U16/><E43/><V109/><F109/><W21/><G32/><T69/><D69/><U41/><E41/><V13/><F36/><W135/><G135/><T113/><D113/><N who="3" m="43017" /><G53/><T81/><D92/><U89/><E25/><V112/><F13/><W75/><G75/><T27/><D27/><U2/><E2/><V34/><F34/><W133/><G133/><T20/><D11/><U88/><E127/><N who="0" m="48649" /><D9/><U85/><E61/><V52/><F24/><N who="3" m="16655" /><G14/><T70/><D70/><U87/><E68/><V93/><F93/><W128/><G128/><T74/><D74/><U96/><E96/><AGARI ba="0,0" hai="18,19,39,42,45,95,96,100" m="16655,43017" machi="96" ten="30,1000,0" yaku="15,1" doraHai="134" who="3" fromWho="1" sc="275,0,182,-10,322,0,221,10" /><INIT seed="5,0,0,2,2,5" ten="275,172,322,231" oya="1" hai0="128,13,27,28,94,58,57,49,40,116,52,32,69" hai1="92,134,30,119,110,24,17,80,22,121,107,37,11" hai2="21,104,93,89,82,65,34,8,54,26,123,83,73" hai3="36,109,112,31,100,105,81,74,66,55,59,61,23"/><U96/><E37/><V41/><F104/><W87/><G109/><T120/><D69/><U101/><E119/><V1/><F34/><W12/><G74/><T48/><D116/><U0/><E121/><V9/><F1/><W126/><G36/><T125/><D125/><U78/><E110/><V99/><F73/><W29/><G126/><T3/><D3/><U60/><E134/><V122/><F122/><W64/><G105/><T88/><D128/><U33/><E60/><V98/><F41/><W19/><G100/><T113/><D113/><U56/><E56/><V132/><F132/><W111/><G112/><T84/><D120/><U86/><E107/><V70/><F70/><W10/><G111/><T117/><D117/><U7/><REACH who="1" step="1"/><E33/><REACH who="1" ten="275,162,322,231" step="2"/><V14/><F123/><W15/><G66/><T50/><D58/><U85/><E85/><V124/><F65/><W97/><G64/><T115/><D115/><U77/><E77/><V129/><F124/><W45/><G45/><T18/><REACH who="0" step="1"/><D40/><REACH who="0" ten="265,162,322,231" step="2"/><U76/><E76/><V43/><F43/><W135/><G135/><T16/><D16/><AGARI ba="0,2" hai="0,7,11,16,17,22,24,30,78,80,86,92,96,101" machi="16" ten="40,12000,1" yaku="1,1,52,1,54,1,53,1" doraHai="5" doraHaiUra="25" who="1" fromWho="0" sc="265,-120,162,140,322,0,231,0" /><INIT seed="5,1,0,1,1,56" ten="145,302,322,231" oya="1" hai0="10,80,102,24,134,18,133,54,78,90,65,45,92" hai1="41,94,57,48,86,62,58,93,122,75,120,28,51" hai2="118,107,74,50,114,34,68,115,47,64,26,82,117" hai3="108,52,85,16,40,32,5,111,46,6,61,101,42"/><U87/><E75/><V109/><F107/><W112/><G32/><T97/><D24/><U4/><E4/><V19/><F109/><W43/><G112/><N who="2" m="43049" /><F64/><W21/><G111/><T77/><D10/><U39/><E28/><N who="2" m="19735" /><F68/><W99/><G85/><N who="0" m="50471" /><D18/><U125/><E125/><V20/><F82/><W73/><G73/><T126/><D45/><U124/><E124/><V103/><F103/><W8/><G8/><T113/><D54/><U104/><E104/><V84/><F84/><W27/><G108/><T30/><D30/><U12/><E12/><N who="2" m="9319" /><F74/><W37/><G37/><T53/><D53/><AGARI ba="1,0" hai="47,50,53,117,118" m="9319,19735,43049" machi="53" ten="30,2000,0" yaku="15,1,11,1" doraHai="56" who="2" fromWho="0" sc="145,-23,302,0,322,23,231,0" /><INIT seed="6,0,0,4,2,47" ten="122,302,345,231" oya="2" hai0="70,69,57,40,41,59,49,35,6,26,77,93,43" hai1="92,126,19,84,29,68,24,81,73,16,97,36,132" hai2="114,95,65,52,78,60,89,105,88,71,85,120,66" hai3="123,17,38,115,98,122,3,42,61,37,14,103,20"/><V64/><F120/><W90/><G3/><T83/><D93/><U86/><E68/><N who="0" m="26217" /><D6/><U54/><E36/><V110/><F105/><W34/><G34/><T111/><D26/><U45/><E73/><V74/><F114/><W108/><G115/><T23/><D23/><U82/><E126/><V131/><F110/><W18/><G108/><T121/><D35/><U1/><E132/><V102/><F131/><W22/><G90/><T80/><D77/><U15/><E1/><V11/><F71/><W2/><G2/><T94/><D94/><U48/><E29/><V7/><F74/><W72/><G72/><T119/><D111/><U117/><E24/><V125/><F125/><W0/><G0/><T112/><D112/><U96/><E117/><V46/><F78/><W135/><G98/><N who="1" m="37994" /><E19/><V31/><F31/><W13/><G103/><T113/><D113/><U116/><E116/><V5/><F102/><W75/><G75/><T33/><D33/><U51/><E51/><N who="2" m="28791" /><F60/><W67/><G123/><T50/><D121/><U124/><E124/><V91/><F7/><W76/><G122/><T99/><D99/><U55/><E55/><V32/><F32/><W118/><G118/><T53/><D119/><U30/><E30/><V27/><F27/><W39/><G76/><T130/><D130/><U9/><E92/><V104/><F104/><W63/><G18/><T109/><D109/><U129/><E129/><V100/><F100/><W87/><G17/><T21/><D21/><U127/><E127/><V134/><F134/><W79/><G135/><T56/><D53/><U106/><E106/><RYUUKYOKU ba="0,0" sc="122,10,302,10,345,10,231,-30" hai0="40,41,43,49,50,56,57,59,80,83" hai1="9,15,16,45,48,54,81,82,84,86" hai2="5,11,64,65,66,85,88,89,91,95" /><INIT seed="6,1,0,3,5,133" ten="132,312,355,201" oya="2" hai0="114,76,45,85,31,61,62,81,79,130,44,27,116" hai1="36,99,82,77,72,110,98,20,67,113,56,108,90" hai2="15,89,112,101,132,111,54,46,25,68,70,107,29" hai3="64,75,55,134,47,105,97,83,135,32,40,88,63"/><V3/><F132/><N who="3" m="50731" /><G32/><T34/><D116/><U124/><E36/><V65/><F3/><W115/><G115/><T19/><D114/><U11/><E11/><V104/><F112/><W58/><G75/><T7/><D130/><U93/><E20/><V91/><F111/><N who="1" m="42537" /><E56/><V21/><F65/><W5/><G5/><T84/><D7/><U22/><E22/><V87/><F91/><W24/><G24/><T71/><D19/><U9/><E9/><V14/><F104/><W60/><G105/><T102/><D102/><N who="1" m="60751" /><E67/><V129/><F129/><W0/><G0/><T1/><D1/><U74/><E113/><V16/><F101/><W4/><G4/><T126/><D71/><U73/><E124/><V120/><F107/><W57/><G47/><T6/><D6/><U96/><E90/><V127/><F127/><W50/><G40/><T18/><D18/><U69/><E69/><V118/><F15/><W28/><G28/><T131/><D126/><U39/><E39/><V123/><F68/><W117/><G50/><T37/><D131/><U121/><E121/><V2/><F2/><W8/><G8/><T42/><REACH who="0" step="1"/><D45/><REACH who="0" ten="122,312,355,201" step="2"/><U35/><E35/><N who="2" m="20911" /><F70/><W33/><G117/><T38/><D38/><U53/><E53/><V100/><F118/><W48/><G33/><T80/><AGARI ba="1,1" hai="27,31,34,37,42,44,61,62,76,79,80,81,84,85" machi="80" ten="30,4000,0" yaku="1,1,0,1,9,1,53,0" doraHai="133" doraHaiUra="128" who="0" fromWho="0" sc="122,53,312,-11,355,-21,201,-11" /><INIT seed="7,0,0,2,3,77" ten="175,301,334,190" oya="3" hai0="16,66,75,114,30,98,48,52,69,113,68,96,57" hai1="42,79,63,18,108,105,133,100,19,71,73,56,22" hai2="127,0,62,38,104,5,81,41,72,25,125,49,130" hai3="90,109,11,60,87,15,14,50,33,92,135,126,118"/><W3/><G118/><T58/><D75/><U39/><E108/><V124/><F130/><W97/><G109/><T134/><D134/><U91/><E133/><V76/><F104/><W17/><G135/><T47/><D30/><U86/><E71/><N who="0" m="27209" /><D16/><U115/><E115/><N who="0" m="44041" /><D66/><U35/><E35/><V40/><F38/><W83/><G33/><T27/><D27/><U123/><E123/><V53/><F62/><W67/><G126/><T111/><D111/><U23/><E100/><V37/><F37/><W2/><G15/><T55/><D47/><U106/><E79/><V132/><F132/><W70/><G50/><AGARI ba="0,0" hai="48,50,52,55,57,58,96,98" m="44041,27209" machi="50" ten="30,3900,0" yaku="15,1,11,1,54,1" doraHai="77" who="0" fromWho="3" sc="175,39,301,0,334,0,190,-39" owari="214,-19.0,301,10.0,334,44.0,151,-35.0" /></mjloggm>