<mjloggm ver="2.3"><GO type="169" lobby="0"/><UN n0="%E3%83%94%E3%83%A8%E3%81%A3%E3%81%99" n1="%6B%75%6B%65%6B%65%6B%65" n2="%E6%B0%91%E8%8A%B8" n3="%E3%82%A6%E3%83%AB%E3%83%88%E3%83%A9%E7%AB%8B%E7%9B%B4" dan="17,17,17,18" rate="2145.79,2166.95,2146.45,2196.75" sx="M,M,M,M"/><TAIKYOKU oya="0"/><INIT seed="0,0,0,2,1,2" ten="250,250,250,250" oya="0" hai0="120,84,23,51,92,97,78,115,103,69,46,107,75" hai1="87,89,54,31,110,35,20,73,1,55,39,96,74" hai2="119,16,116,56,111,33,95,76,72,70,38,101,61" hai3="94,118,6,81,127,27,67,52,8,24,126,122,93"/><T108/><D69/><U124/><E35/><V50/><F38/><W83/><G67/><T15/><D120/><U134/><E1/><V19/><F33/><W104/><G104/><T29/><D115/><U132/><E39/><V125/><F70/><W22/><G118/><N who="2" m="45097" /><F50/><W53/><G22/><T13/><D108/><U123/><E96/><N who="2" m="59551" /><F111/><W17/><G17/><T117/><D75/><U130/><E123/><V48/><F48/><W98/><G98/><T109/><D109/><U5/><E110/><V34/><F34/><W79/><G122/><T12/><D117/><U129/><E124/><V68/><F68/><W80/><G80/><N who="0" m="47127" /><D107/><U113/><E113/><V88/><F125/><W128/><G79/><T3/><D3/><U36/><E36/><V26/><F26/><W25/><G25/><N who="0" m="16575" /><D15/><U43/><E74/><V59/><F59/><W47/><G47/><T32/><D32/><U10/><E73/><V57/><F57/><W37/><G37/><T60/><D60/><U41/><E134/><V18/><F72/><W7/><REACH who="3" step="1"/><G8/><REACH who="3" ten="250,250,250,240" step="2"/><T99/><D99/><U0/><E132/><V102/><F76/><W44/><G44/><T114/><D114/><U28/><E10/><V86/><F19/><W66/><G66/><T62/><D62/><U65/><E65/><N who="2" m="39079" /><F102/><W112/><G112/><T100/><D100/><U121/><E121/><V63/><F63/><W11/><G11/><T90/><D103/><U105/><E105/><V77/><F77/><W58/><G58/><T30/><D30/><U21/><E31/><V85/><F85/><W131/><AGARI ba="0,1" hai="6,7,24,27,52,53,81,83,93,94,126,127,128,131" machi="131" ten="25,12000,2" yaku="1,1,0,1,22,2,52,2,54,1,53,0" doraHai="2" doraHaiUra="9" who="3" fromWho="3" sc="250,-60,250,-30,250,-30,240,130" /><INIT seed="1,0,0,1,1,69" ten="190,220,220,370" oya="1" hai0="24,129,13,42,133,1,34,49,10,61,25,66,38" hai1="92,99,121,7,85,47,86,0,105,119,111,94,89" hai2="50,114,30,39,76,46,67,93,44,21,27,106,130" hai3="73,57,118,51,75,54,65,2,83,32,12,72,62"/><U113/><E0/><V120/><F106/><W112/><G2/><T124/><D1/><U71/><E7/><V90/><F120/><W103/><G112/><T68/><D124/><U91/><E71/><V19/><F114/><W88/><G32/><T77/><D129/><U53/><E113/><V41/><F130/><W84/><G103/><T115/><D115/><U80/><E47/><V8/><F76/><W110/><G110/><T135/><D77/><N who="1" m="46223" /><E53/><V36/><F67/><W40/><G40/><T108/><D108/><U60/><E60/><V82/><F82/><W6/><G6/><T58/><D34/><U45/><E45/><V48/><F8/><W59/><REACH who="3" step="1"/><G12/><REACH who="3" ten="190,220,220,360" step="2"/><T101/><D101/><N who="1" m="62655" /><E111/><V35/><F35/><W95/><G95/><T16/><D133/><U5/><E5/><V17/><F30/><W20/><G20/><T78/><D135/><U31/><E31/><V37/><F19/><W18/><G18/><T81/><D42/><U4/><E4/><V33/><F33/><W74/><N who="3" m="18432" /><DORA hai="102" /><W14/><G14/><T70/><D25/><U43/><E43/><V64/><F37/><W55/><G55/><N who="0" m="32111" /><D38/><U87/><E121/><V3/><F3/><W134/><G134/><T109/><D24/><U125/><E125/><V29/><F29/><W117/><AGARI ba="0,1" hai="51,54,57,59,62,65,83,84,88,117,118" m="18432" machi="117" ten="60,16000,3" yaku="1,1,0,1,54,1,53,5" doraHai="69,102" doraHaiUra="63,104" who="3" fromWho="3" sc="190,-40,220,-80,220,-40,360,170" /><INIT seed="2,0,0,1,1,130" ten="150,140,180,530" oya="2" hai0="96,49,39,108,47,117,85,59,7,45,26,83,118" hai1="73,8,119,23,43,16,134,81,115,50,110,131,46" hai2="44,88,30,55,102,103,11,100,33,36,4,93,98" hai3="64,2,60,133,1,113,135,104,10,105,129,112,35"/><V69/><F69/><W25/><G129/><T78/><D108/><U70/><E119/><N who="0" m="45577" /><D7/><U20/><E115/><N who="3" m="44106" /><G10/><T6/><D6/><U80/><E70/><V101/><F33/><W75/><G75/><T3/><D3/><N who="3" m="1033" /><G25/><T38/><D26/><U62/><E8/><V132/><F132/><N who="3" m="50763" /><G35/><T54/><D96/><U76/><E23/><V27/><F27/><W29/><G29/><T58/><D38/><U15/><E131/><V86/><F36/><W40/><G40/><AGARI ba="0,0" hai="39,40,45,47,49,54,58,59,78,83,85" m="45577" machi="40" ten="30,1000,0" yaku="12,1" doraHai="130" who="0" fromWho="3" sc="150,10,140,0,180,0,530,-10" /><INIT seed="3,0,0,4,4,82" ten="160,140,180,520" oya="3" hai0="28,27,22,125,17,68,124,8,122,44,116,112,52" hai1="18,121,0,11,99,50,107,33,101,71,119,40,20" hai2="118,69,108,35,41,92,74,135,109,36,14,98,64" hai3="133,21,130,67,9,57,132,66,45,96,31,38,115"/><W2/><G115/><T55/><D68/><U5/><E119/><V83/><F35/><W76/><G76/><T131/><D112/><U104/><E121/><V100/><F118/><W58/><G96/><T16/><D116/><U61/><E33/><V75/><F135/><W79/><G79/><T46/><D122/><U84/><E107/><V86/><F14/><W89/><G89/><T72/><D72/><U126/><E126/><N who="0" m="48745" /><D131/><U80/><E71/><V65/><F41/><W30/><G21/><T62/><D8/><U53/><E61/><N who="2" m="40111" /><F64/><W10/><G45/><N who="0" m="17515" /><D55/><U90/><E40/><V81/><F36/><W106/><G38/><T129/><D129/><U43/><E43/><V3/><F3/><W54/><G54/><T134/><D134/><U26/><E53/><V51/><F51/><W47/><G2/><T102/><D102/><U95/><REACH who="1" step="1"/><E104/><REACH who="1" ten="160,130,180,520" step="2"/><V42/><F42/><W59/><G106/><T25/><D25/><U23/><E23/><V60/><F60/><W105/><G105/><T63/><D63/><U111/><E111/><V19/><F109/><W37/><G130/><T13/><D13/><U1/><E1/><V77/><F108/><W123/><G123/><T120/><D120/><U12/><E12/><V110/><F110/><W39/><G133/><T88/><D62/><U73/><E73/><V97/><F74/><W85/><G132/><T6/><D52/><U56/><E56/><V87/><F75/><W117/><G58/><T29/><D22/><U48/><AGARI ba="0,1" hai="0,5,11,18,20,26,48,50,80,84,90,95,99,101" machi="48" ten="30,4000,0" yaku="1,1,0,1,52,1,53,0" doraHai="82" doraHaiUra="114" who="1" fromWho="1" sc="160,-10,130,50,180,-10,520,-20" /><INIT seed="4,0,0,0,4,93" ten="150,180,170,500" oya="0" hai0="20,10,123,77,118,72,76,31,53,127,64,59,116" hai1="92,45,95,129,75,9,32,5,37,36,51,96,66" hai2="109,89,87,23,71,57,24,121,56,26,46,17,82" hai3="39,29,94,41,113,27,19,86,54,33,117,44,7"/><T13/><D123/><U65/><E75/><V50/><F121/><W102/><G7/><T70/><D127/><U114/><E32/><V55/><F71/><W99/><G113/><T131/><D131/><U61/><E129/><V110/><F110/><W8/><G54/><T3/><D3/><U69/><E92/><V73/><F109/><W0/><G86/><T60/><D76/><U84/><E84/><V128/><F128/><W18/><G117/><T67/><D67/><U133/><E66/><V52/><F73/><W74/><G74/><T88/><D31/><U97/><E133/><V132/><F132/><W124/><G124/><T40/><D20/><U112/><E37/><V111/><F111/><W28/><G28/><T135/><D135/><U100/><E36/><V1/><F1/><W43/><G43/><T115/><D115/><N who="1" m="44075" /><E95/><V104/><F104/><W42/><G42/><T68/><D40/><N who="1" m="24999" /><E100/><V25/><REACH who="2" step="1"/><F46/><REACH who="2" ten="150,180,160,500" step="2"/><W83/><G0/><AGARI ba="0,1" hai="0,5,9,61,65,69,96,97" m="24999,44075" machi="0" ten="30,7700,0" yaku="15,1,11,1,52,2" doraHai="93" who="1" fromWho="3" sc="150,0,180,87,160,0,500,-77" /><INIT seed="5,0,0,1,2,77" ten="150,267,160,423" oya="1" hai0="40,18,97,57,122,132,117,85,111,119,41,19,38" hai1="80,83,100,50,31,84,114,64,51,71,102,1,26" hai2="67,55,135,107,61,25,93,10,27,63,92,33,86" hai3="14,78,108,48,130,5,17,15,110,125,101,76,87"/><U91/><E1/><V95/><F107/><W4/><G87/><T6/><D111/><U3/><E3/><V23/><F135/><W34/><G48/><T75/><D75/><U21/><E114/><V98/><F33/><W32/><G17/><T0/><D132/><U11/><E71/><V99/><F10/><W74/><G101/><N who="1" m="39018" /><E64/><V20/><F86/><W94/><G94/><T104/><D122/><U70/><E70/><V37/><F37/><W24/><G24/><N who="2" m="9289" /><F67/><W36/><G36/><T90/><D38/><U105/><E105/><V49/><F20/><W2/><G2/><T45/><D104/><U28/><E28/><V65/><F23/><W112/><G112/><T47/><D0/><U52/><E11/><V81/><F81/><N who="1" m="31305" /><E52/><V43/><F43/><W9/><G9/><T113/><D113/><U115/><E115/><V134/><F134/><W12/><G32/><T128/><D90/><U89/><E89/><V103/><F65/><W35/><G34/><T8/><D8/><U68/><E68/><V73/><F73/><W60/><G35/><T129/><D6/><U29/><E29/><V7/><F7/><W39/><G4/><T62/><D119/><U116/><E116/><V127/><F103/><W46/><G5/><T59/><D117/><U72/><E72/><V88/><F88/><W42/><G74/><T56/><D41/><U124/><E124/><V44/><F127/><W123/><G125/><T118/><D118/><U58/><E58/><V120/><F120/><W82/><G123/><T16/><D56/><U66/><E66/><V22/><F22/><RYUUKYOKU ba="0,0" sc="150,-15,267,15,160,15,423,-15" hai1="21,26,31,50,51,84,91" hai2="44,49,55,61,63,92,93,95,98,99" /><INIT seed="5,1,0,2,0,84" ten="135,282,175,408" oya="1" hai0="2,121,19,92,38,59,80,73,129,122,127,54,36" hai1="68,25,66,55,9,106,128,4,123,100,8,46,27" hai2="57,118,105,79,60,29,37,15,14,47,35,16,83" hai3="43,119,116,125,32,85,22,114,28,81,18,113,26"/><U74/><E123/><N who="0" m="47113" /><D2/><U31/><E74/><V99/><F118/><N who="3" m="45099" /><G43/><T30/><D127/><U109/><E128/><V62/><F29/><W111/><G111/><T75/><D129/><U11/><E25/><V98/><F14/><N who="3" m="9559" /><G125/><T115/><D115/><U71/><E109/><V77/><F60/><W48/><G48/><N who="0" m="31175" /><D30/><U56/><E46/><V72/><F57/><W93/><G93/><T53/><D80/><U95/><E106/><V124/><F77/><AGARI ba="1,0" hai="26,28,32,77,81,85,113,114" m="9559,45099" machi="77" ten="30,1000,0" yaku="12,1" doraHai="84" who="3" fromWho="2" sc="135,0,282,0,175,-13,408,13" /><INIT seed="6,0,0,1,3,76" ten="135,282,162,421" oya="2" hai0="60,88,109,36,75,84,63,68,21,85,121,64,90" hai1="93,41,119,66,87,92,30,81,11,78,18,129,122" hai2="115,135,25,65,38,133,123,10,42,96,49,89,105" hai3="35,118,59,113,126,34,2,134,7,17,28,125,56"/><V46/><F123/><W112/><G118/><T124/><D75/><U128/><E122/><V100/><F115/><W37/><G37/><T8/><D36/><U24/><E119/><V23/><F65/><W58/><G134/><N who="2" m="51209" /><F10/><N who="3" m="2423" /><G17/><T47/><D121/><U104/><E104/><V5/><F5/><W83/><G83/><T57/><D124/><N who="3" m="47721" /><G28/><T29/><D109/><U110/><E41/><V107/><F89/><W120/><G120/><T101/><D101/><U79/><E110/><V67/><F67/><W73/><G73/><T99/><D8/><U70/><E78/><V114/><F114/><AGARI ba="0,0" hai="34,35,56,58,59,112,113,114" m="47721,2423" machi="114" ten="40,5200,0" yaku="15,1,11,1,18,1" doraHai="76" who="3" fromWho="2" sc="135,0,282,0,162,-52,421,52" /><INIT seed="7,0,0,1,4,130" ten="135,282,110,473" oya="3" hai0="63,102,52,113,33,2,53,126,50,89,46,131,25" hai1="85,114,23,27,103,134,19,40,37,41,28,94,122" hai2="54,47,109,0,76,24,1,66,58,36,106,39,116" hai3="65,108,93,72,18,78,86,13,123,91,11,101,22"/><W112/><G123/><T92/><D2/><U105/><E105/><V16/><F106/><W82/><G112/><T96/><D126/><U95/><E40/><V57/><F109/><W4/><G65/><T62/><D131/><U87/><E94/><V31/><F116/><W70/><G70/><T35/><D113/><U135/><E23/><V73/><F66/><W81/><G108/><T6/><D6/><U7/><E122/><V88/><F76/><W79/><G101/><T8/><D8/><U118/><E87/><V133/><F73/><W98/><G4/><T29/><D35/><U129/><E7/><V100/><F100/><W77/><G11/><T68/><D68/><U111/><E103/><V14/><F133/><W5/><G5/><T56/><D102/><U59/><E134/><V3/><F88/><W115/><G115/><T26/><D26/><U99/><E27/><V119/><F119/><W49/><G78/><T121/><D121/><U64/><E135/><V9/><F47/><W10/><G22/><T44/><D44/><U12/><E118/><V42/><F42/><W83/><G72/><T110/><D110/><U45/><E111/><V71/><F71/><W80/><G79/><T74/><D74/><U97/><E45/><V125/><F125/><W38/><G77/><T107/><D107/><U48/><E114/><V84/><F84/><W61/><G86/><T51/><AGARI ba="0,0" hai="25,29,33,46,50,51,52,53,56,62,63,89,92,96" machi="51" ten="20,2700,0" yaku="0,1,7,1,54,1" doraHai="130" who="0" fromWho="0" sc="135,27,282,-7,110,-7,473,-13" owari="162,-24.0,275,8.0,103,-40.0,460,56.0" /></mjloggm>