<mjloggm ver="2.3"><GO type="169" lobby="0"/><UN n0="%43%52%41%5A%59%42%45%45" n1="%E5%B0%B1%E6%B4%BB%E7%94%9F%40%E5%B7%9D%E6%9D%91%E8%BB%8D%E5%9B%A3" n2="%E3%81%84%E3%81%A3%E3%81%8D%40%4B%55" n3="%52%65%3A%7A%61%77%61" dan="17,17,16,16" rate="2112.42,2246.87,2045.08,2078.46" sx="M,M,M,F"/><TAIKYOKU oya="0"/><INIT seed="0,0,0,1,0,129" ten="250,250,250,250" oya="0" hai0="42,106,58,77,111,105,84,74,86,130,4,123,82" hai1="95,114,112,63,37,71,75,14,49,54,55,56,34" hai2="3,94,35,11,45,119,59,7,8,10,89,124,80" hai3="31,48,64,0,98,83,65,73,28,6,115,117,135"/><T121/><D4/><U30/><E75/><V118/><F35/><W90/><G115/><N who="1" m="44074" /><E34/><V53/><F124/><W72/><G98/><T99/><D42/><U69/><E30/><V13/><F45/><W62/><G48/><T39/><D58/><N who="1" m="35287" /><E14/><V20/><F80/><W44/><G31/><T2/><D39/><U47/><E95/><V36/><F20/><W128/><G28/><T15/><D15/><U23/><E23/><V85/><F36/><W110/><G83/><N who="0" m="45495" /><D2/><U26/><E26/><V108/><F108/><W41/><G0/><T61/><D61/><N who="1" m="35999" /><E37/><V92/><F92/><W32/><G73/><T107/><D111/><U33/><E33/><V17/><F10/><W113/><G110/><T126/><D126/><U21/><E21/><V101/><F101/><W103/><G72/><T50/><D84/><U22/><E22/><V67/><F7/><W60/><G6/><T12/><D12/><U91/><E91/><V132/><F3/><W40/><G90/><N who="0" m="51543" /><D99/><U81/><E81/><V70/><F11/><W18/><G32/><T52/><D107/><U109/><E109/><V1/><F1/><W19/><G113/><T43/><D106/><U16/><E16/><V104/><F104/><W134/><G19/><T5/><D5/><U100/><E100/><V38/><F38/><W9/><G103/><T24/><D105/><U76/><E76/><V93/><F8/><W25/><G18/><T87/><D24/><U133/><E133/><V46/><F132/><W88/><G135/><T57/><D87/><U78/><E78/><V122/><F85/><W97/><G134/><RYUUKYOKU ba="0,0" sc="250,-10,250,30,250,-10,250,-10" hai1="47,49,69,71" /><INIT seed="1,1,0,1,0,132" ten="240,280,240,240" oya="1" hai0="91,74,102,59,62,48,121,109,51,93,72,14,46" hai1="124,50,116,96,24,126,133,79,105,95,86,18,27" hai2="76,113,85,45,69,11,65,12,30,54,92,16,83" hai3="63,127,104,125,13,112,87,5,98,110,52,89,61"/><U17/><E116/><V53/><F113/><W119/><G112/><T34/><D34/><U66/><E66/><V99/><F30/><W78/><G78/><T118/><D118/><U33/><E133/><V9/><F69/><W100/><G119/><T73/><D102/><U21/><E105/><V88/><F65/><W44/><G110/><T28/><D28/><U25/><E33/><V23/><F45/><W3/><G3/><T97/><D109/><U77/><E50/><V42/><F42/><W37/><G5/><T47/><D121/><U40/><E40/><V111/><F111/><W41/><G13/><T39/><D39/><U56/><E56/><V129/><F129/><W103/><G100/><T70/><D70/><U0/><E0/><V75/><F75/><W4/><G4/><T71/><D71/><U128/><E128/><V22/><F22/><W15/><G15/><T64/><D14/><N who="1" m="9399" /><E86/><V117/><F117/><W80/><G52/><AGARI ba="1,0" hai="9,11,12,16,23,52,53,54,76,83,85,88,92,99" machi="52" ten="40,8000,1" yaku="8,1,54,3" doraHai="132" who="2" fromWho="3" sc="240,0,280,0,240,83,240,-83" /><INIT seed="2,0,0,1,1,63" ten="240,280,323,157" oya="2" hai0="122,99,11,113,59,39,10,125,131,90,6,20,106" hai1="112,132,52,83,14,53,66,118,28,134,73,64,127" hai2="1,18,68,29,62,92,58,54,84,36,16,32,50" hai3="2,13,30,46,41,42,24,120,12,87,26,72,117"/><V57/><F1/><W98/><G72/><T60/><D113/><U123/><E112/><V135/><F36/><W19/><G2/><T65/><D122/><U116/><E28/><V103/><F68/><W56/><G120/><T93/><D39/><U69/><E123/><V3/><F3/><W35/><G117/><N who="1" m="45162" /><E69/><V110/><F110/><W82/><G98/><T33/><D33/><U22/><E22/><V105/><F105/><W38/><G42/><T27/><D131/><U78/><E14/><V133/><F32/><W43/><G43/><T44/><D125/><U37/><E37/><V45/><F29/><W5/><G5/><T107/><D44/><U124/><E53/><V89/><F103/><W34/><G56/><T55/><D11/><U108/><E52/><N who="2" m="34087" /><F58/><W0/><G0/><T109/><D109/><U77/><E77/><V111/><F111/><W17/><G17/><T114/><D114/><U48/><E48/><V4/><F4/><W91/><REACH who="3" step="1"/><G19/><REACH who="3" ten="240,280,323,147" step="2"/><T102/><D6/><U86/><E73/><V80/><F133/><N who="1" m="51305" /><E108/><V126/><F135/><W21/><G21/><T7/><D7/><U94/><E94/><V74/><F74/><W96/><G96/><N who="0" m="57399" /><D55/><U79/><E79/><N who="2" m="46111" /><F126/><AGARI ba="0,1" hai="64,66,78,83,86,124,126,127" m="51305,45162" machi="126" ten="40,8000,1" yaku="18,1,20,1,52,2" doraHai="63" who="1" fromWho="2" sc="240,0,280,90,323,-80,147,0" /><INIT seed="3,0,0,5,4,1" ten="240,370,243,147" oya="3" hai0="10,12,134,126,14,43,38,120,114,63,45,66,129" hai1="30,50,41,104,77,21,3,68,18,40,4,47,131" hai2="124,13,26,101,39,31,25,27,132,80,122,125,128" hai3="36,100,75,19,33,82,102,135,23,34,87,0,121"/><W29/><G121/><T11/><D120/><U105/><E68/><V118/><F39/><W95/><G75/><T83/><D134/><U35/><E131/><V111/><F122/><W65/><G36/><T74/><D129/><U119/><E119/><V106/><F128/><W89/><G135/><T2/><D126/><U55/><E77/><V96/><F132/><W84/><G0/><T16/><D114/><U71/><E71/><V64/><F64/><W17/><G65/><T127/><D127/><N who="2" m="48714" /><F118/><W79/><G34/><T8/><D2/><U15/><E41/><V57/><F111/><W130/><G33/><T109/><D109/><U46/><E46/><V37/><F37/><W103/><REACH who="3" step="1"/><G130/><REACH who="3" ten="240,370,243,137" step="2"/><T72/><D72/><U97/><E3/><V93/><F31/><W51/><G51/><T90/><D74/><U5/><E30/><V133/><F133/><W73/><G73/><T69/><D38/><U42/><E35/><V20/><F27/><AGARI ba="0,1" hai="17,19,23,27,29,79,82,84,87,89,95,100,102,103" machi="27" ten="40,3900,0" yaku="1,1,8,1,53,0" doraHai="1" doraHaiUra="6" who="3" fromWho="2" sc="240,0,370,0,243,-39,137,49" /><INIT seed="3,1,0,1,2,51" ten="240,370,204,186" oya="3" hai0="69,125,45,41,25,84,68,32,9,42,115,15,7" hai1="46,20,97,13,47,62,98,85,3,127,112,17,22" hai2="0,63,35,44,52,72,100,89,118,48,110,111,116" hai3="34,65,36,27,43,10,24,74,59,103,33,124,26"/><W31/><G74/><T101/><D125/><U121/><E3/><V129/><F72/><W113/><G113/><T75/><D75/><U122/><E112/><V79/><F0/><W71/><G71/><T114/><D42/><U94/><E127/><V29/><F79/><W5/><G124/><T93/><D114/><U55/><E121/><V38/><F100/><W131/><G131/><T92/><D115/><U28/><E122/><V50/><F89/><W73/><G73/><T19/><D92/><U11/><E85/><V135/><F29/><W119/><G119/><N who="2" m="45609" /><F35/><W58/><G103/><T66/><D66/><U6/><E28/><V105/><F105/><W70/><G70/><T4/><D4/><U49/><E62/><V126/><F126/><W64/><G34/><T54/><D41/><U53/><E94/><V39/><F129/><W133/><G43/><T104/><D104/><U76/><E76/><V109/><F135/><W16/><G133/><T106/><D106/><U77/><E77/><V99/><F99/><W57/><G36/><N who="2" m="13865" /><F48/><W18/><G31/><N who="0" m="19567" /><D7/><U88/><E88/><V8/><F8/><W82/><G82/><T123/><D123/><U130/><E130/><V108/><N who="2" m="28160" /><DORA hai="1" /><V107/><F107/><W83/><G83/><T30/><D30/><U56/><E97/><V96/><F96/><W14/><G33/><T23/><D101/><U87/><E98/><V40/><F40/><W132/><G132/><T12/><D93/><U60/><E87/><V37/><N who="2" m="13873" /><V78/><DORA hai="80" /><F78/><W128/><G128/><T67/><D84/><U61/><E6/><RYUUKYOKU ba="1,0" sc="240,-15,370,-15,204,15,186,15" hai2="44,50,52,63" hai3="5,10,14,16,18,24,26,27,57,58,59,64,65" /><INIT seed="3,2,0,4,5,90" ten="225,355,219,201" oya="3" hai0="118,94,46,122,7,88,42,134,127,114,71,85,49" hai1="133,40,117,68,61,99,123,55,16,103,75,67,43" hai2="64,62,79,59,91,74,66,131,132,30,45,52,112" hai3="101,111,83,73,89,126,31,36,102,93,48,9,23"/><W14/><G36/><T120/><D118/><U1/><E1/><V60/><F112/><W72/><G126/><T125/><D114/><U84/><E75/><V21/><F131/><W25/><G111/><T32/><D32/><U12/><E123/><V10/><F74/><W4/><G48/><T78/><D71/><U80/><E55/><V18/><F79/><W47/><G47/><T27/><D134/><U44/><E44/><V70/><F132/><W13/><G73/><T56/><D78/><U11/><E133/><V104/><F104/><W128/><G128/><T110/><D110/><U22/><E11/><V76/><F76/><W113/><G113/><T86/><D86/><U41/><E117/><V33/><F33/><W121/><G121/><N who="0" m="46699" /><D27/><U34/><E34/><V63/><F30/><W105/><G105/><T116/><D116/><U39/><E39/><V95/><F10/><N who="3" m="4295" /><G83/><T53/><D7/><U109/><E109/><V38/><F38/><W26/><G72/><T57/><D42/><U50/><E50/><N who="2" m="28751" /><F70/><W3/><G26/><T100/><D100/><U20/><E20/><V96/><F66/><W2/><G2/><T0/><D0/><U108/><E108/><V81/><F81/><W124/><G3/><T19/><D125/><U119/><E119/><V77/><F77/><W135/><G124/><T65/><D127/><U15/><E15/><AGARI ba="2,0" hai="15,18,21,59,60,62,63,64,91,95,96" m="28751" machi="15" ten="30,3900,0" yaku="8,1,52,1,54,1" doraHai="90" who="2" fromWho="1" sc="225,0,355,-45,219,45,201,0" /><INIT seed="4,0,0,3,2,29" ten="225,310,264,201" oya="0" hai0="88,18,72,122,119,13,23,3,95,103,106,132,14" hai1="68,50,99,79,98,108,62,130,75,25,2,52,55" hai2="96,60,86,4,93,16,114,69,109,97,71,81,27" hai3="104,121,38,44,133,63,49,84,77,1,64,12,110"/><T46/><D122/><U123/><E108/><V19/><F109/><W87/><G110/><T90/><D119/><U67/><E2/><V51/><F4/><W111/><G1/><T113/><D3/><U37/><E123/><V47/><F114/><W30/><G38/><T43/><D72/><U11/><E37/><V61/><F71/><W5/><G104/><T8/><D113/><U83/><E130/><V70/><F70/><W41/><G133/><T56/><D132/><U54/><E50/><V128/><F128/><W134/><G134/><T115/><D115/><U17/><REACH who="1" step="1"/><E25/><REACH who="1" ten="225,300,264,201" step="2"/><V100/><F27/><W48/><G49/><N who="0" m="26847" /><D106/><U34/><E34/><V89/><F61/><W135/><G48/><T24/><D14/><AGARI ba="0,1" hai="11,14,17,52,54,55,62,67,68,75,79,83,98,99" machi="14" ten="40,2600,0" yaku="1,1,54,1,53,0" doraHai="29" doraHaiUra="85" who="1" fromWho="0" sc="225,-26,300,36,264,0,201,0" /><INIT seed="5,0,0,1,1,23" ten="199,336,264,201" oya="1" hai0="117,63,18,70,24,37,49,87,16,60,58,22,5" hai1="53,132,1,72,61,75,91,82,59,84,125,17,54" hai2="123,112,78,118,15,30,106,12,93,20,103,96,133" hai3="109,90,114,99,100,4,9,101,27,83,122,6,38"/><U64/><E1/><V14/><F118/><W32/><G122/><T46/><D117/><U107/><E107/><V120/><F133/><W128/><G109/><T92/><D37/><U135/><E125/><V40/><F40/><W134/><G38/><T113/><D113/><U48/><E17/><V36/><F36/><W8/><G114/><T74/><D74/><U88/><E91/><V42/><F42/><W10/><G134/><N who="1" m="51242" /><E54/><V102/><F112/><W77/><G128/><T51/><D70/><AGARI ba="0,0" hai="48,53,59,61,64,70,72,75,82,84,88" m="51242" machi="70" ten="30,2900,0" yaku="20,1,54,1" doraHai="23" who="1" fromWho="0" sc="199,-29,336,29,264,0,201,0" /><INIT seed="5,1,0,1,1,91" ten="170,365,264,201" oya="1" hai0="106,4,119,40,101,78,29,39,95,128,90,13,82" hai1="19,63,115,45,93,54,10,60,74,127,77,43,31" hai2="96,85,66,80,98,129,58,109,104,114,103,132,3" hai3="33,41,46,86,36,20,125,35,48,88,30,8,38"/><U87/><E74/><V23/><F109/><W110/><G110/><T71/><D119/><U28/><E115/><V27/><F3/><W68/><G68/><T118/><D118/><U72/><E72/><V49/><F114/><W7/><G125/><T67/><D29/><U52/><E127/><V5/><F5/><W24/><G35/><T116/><D116/><U92/><E77/><V105/><F129/><W113/><G33/><T123/><D128/><U122/><E87/><V126/><F132/><W100/><G100/><T75/><D123/><U47/><E10/><V37/><F37/><W135/><G113/><T16/><D4/><U133/><E19/><V1/><F1/><W62/><G62/><T61/><D101/><U12/><E12/><V18/><F126/><W56/><G56/><T55/><D106/><U14/><E14/><V42/><F42/><W76/><G76/><T97/><D55/><U130/><E43/><V17/><F104/><W32/><G32/><T131/><D131/><U44/><E130/><V59/><F105/><W51/><G38/><T112/><D112/><U121/><E47/><V89/><F103/><W111/><G111/><T65/><D67/><U26/><E26/><V69/><F18/><W108/><G135/><AGARI ba="1,0" hai="28,31,44,45,52,54,60,63,92,93,121,122,133,135" machi="135" ten="25,12000,1" yaku="22,2,52,2,54,1" doraHai="91" who="1" fromWho="3" sc="170,0,365,123,264,0,201,-123" /><INIT seed="5,2,0,4,1,33" ten="170,488,264,78" oya="1" hai0="128,29,135,36,65,86,40,103,13,47,27,22,110" hai1="34,12,95,18,11,41,25,93,62,71,20,130,84" hai2="81,45,108,1,52,121,75,60,55,56,53,117,122" hai3="5,133,88,64,92,113,38,96,76,90,54,111,85"/><U123/><E123/><V79/><F117/><W82/><G111/><T63/><D110/><U17/><E130/><V124/><F108/><W68/><G38/><T115/><D128/><U43/><E34/><V107/><F107/><W72/><G133/><T14/><D135/><U30/><E18/><V7/><F124/><W97/><G54/><T26/><D115/><U99/><E71/><V104/><F104/><W87/><G5/><T114/><D114/><U2/><E2/><V73/><F73/><W98/><G64/><T66/><D103/><U3/><E3/><V112/><F112/><W46/><G46/><T100/><D100/><U69/><E69/><V48/><F7/><W131/><G68/><T0/><D0/><U28/><E28/><V31/><F31/><W35/><G35/><T49/><D26/><U101/><E62/><V32/><F1/><W89/><G113/><T105/><D105/><U94/><REACH who="1" step="1"/><E84/><REACH who="1" ten="170,478,264,78" step="2"/><N who="3" m="32330" /><G131/><T37/><D63/><U24/><E24/><V77/><F32/><W102/><AGARI ba="2,1" hai="72,76,82,88,89,90,92,96,97,98,102" m="32330" machi="102" ten="30,12000,2" yaku="35,5,54,1" doraHai="33" who="3" fromWho="3" sc="170,-32,478,-62,264,-32,78,136" /><INIT seed="6,0,0,4,0,44" ten="138,416,232,214" oya="2" hai0="64,14,84,104,71,34,45,36,78,2,13,120,93" hai1="10,62,85,15,135,130,105,33,103,63,122,107,131" hai2="79,75,96,31,66,116,76,53,59,60,123,90,115" hai3="113,134,17,61,89,88,51,39,106,87,20,102,58"/><V56/><F116/><W92/><G39/><T35/><D104/><U118/><E33/><V133/><F123/><W38/><G38/><T110/><D120/><U19/><E122/><V24/><F133/><W70/><G70/><T68/><D2/><U126/><E118/><V48/><F75/><W0/><G0/><T67/><D36/><U50/><E135/><V43/><F115/><W21/><G113/><T6/><D45/><U91/><E50/><V98/><F43/><W117/><G117/><T65/><D110/><U112/><E112/><V69/><F69/><W55/><G134/><T82/><D71/><U81/><E126/><V1/><F1/><W124/><G124/><T73/><D68/><U28/><E28/><V111/><F111/><W26/><G21/><T83/><D93/><U129/><E103/><V47/><F47/><W119/><G119/><T4/><D14/><U109/><E109/><V23/><F96/><N who="3" m="59655" /><G106/><AGARI ba="0,0" hai="10,15,19,62,63,81,85,91,105,106,107,129,130,131" machi="106" ten="50,1600,0" yaku="19,1" doraHai="44" who="1" fromWho="3" sc="138,0,416,16,232,0,214,-16" /><INIT seed="7,0,0,2,3,17" ten="138,432,232,198" oya="3" hai0="81,120,24,96,65,33,50,57,18,73,130,79,36" hai1="53,28,68,87,111,106,66,34,126,35,82,30,1" hai2="94,115,90,124,88,64,51,121,52,102,0,40,74" hai3="127,38,61,132,86,8,60,19,93,75,48,54,78"/><W12/><G38/><T123/><D36/><U23/><E106/><V44/><F74/><W98/><G75/><T58/><D130/><U47/><E1/><V27/><F0/><W118/><G118/><T56/><D65/><U76/><E111/><V7/><F64/><W104/><G127/><T71/><D71/><U125/><E66/><V5/><F115/><W14/><G104/><T39/><D39/><U113/><E113/><V105/><F105/><W6/><G132/><T45/><D96/><U119/><E68/><V11/><F40/><W13/><G86/><T133/><D133/><U80/><E80/><V85/><F102/><W83/><G83/><T107/><D107/><U134/><E134/><V37/><F37/><W62/><G78/><T103/><D103/><U92/><E92/><V69/><F69/><W114/><G6/><T15/><D24/><N who="1" m="16415" /><E30/><V112/><F112/><W97/><G114/><T20/><REACH who="0" step="1"/><D33/><REACH who="0" ten="128,432,232,198" step="2"/><U117/><E35/><V135/><F27/><W108/><G108/><T29/><D29/><U46/><E34/><V10/><F135/><W41/><G98/><T84/><D84/><U100/><E100/><V32/><F32/><W131/><G131/><T4/><D4/><U26/><E26/><V109/><F7/><W110/><G110/><T55/><AGARI ba="0,1" hai="15,18,20,45,50,55,56,57,58,73,79,81,120,123" machi="55" ten="30,4000,0" yaku="1,1,0,1,52,1,53,0" doraHai="17" doraHaiUra="101" who="0" fromWho="0" sc="128,50,432,-10,232,-10,198,-20" owari="178,-22.0,422,52.0,222,2.0,178,-32.0" /></mjloggm>