<mjloggm ver="2.3"><GO type="169" lobby="0"/><UN n0="%4A%6F%75%72%6E%65%79" n1="%E3%81%87%E3%82%8B%E3%81%87%E3%82%8B" n2="%E3%81%B6%E3%81%A3%E3%81%A8%E3%81%B3%E3%82%AB%E3%83%BC%E3%83%89" n3="%E3%82%A6%E3%83%AB%E3%83%88%E3%83%A9%E7%AB%8B%E7%9B%B4" dan="16,16,17,17" rate="2124.77,2143.72,2180.38,2166.28" sx="M,F,M,M"/><TAIKYOKU oya="0"/><INIT seed="0,0,0,5,2,106" ten="250,250,250,250" oya="0" hai0="108,15,30,60,8,32,85,103,12,88,91,126,124" hai1="89,97,122,129,81,54,29,62,41,3,20,134,83" hai2="90,105,10,33,113,35,72,0,101,119,48,132,37" hai3="50,117,6,40,84,14,98,112,21,16,127,5,104"/><T107/><D108/><U76/><E122/><V13/><F48/><W94/><G112/><T74/><D32/><N who="2" m="12362" /><F90/><N who="3" m="55639" /><G104/><T68/><D30/><U18/><E29/><V100/><F100/><W73/><G73/><T52/><D74/><U43/><E3/><V70/><F13/><W96/><G127/><N who="0" m="48683" /><D85/><U34/><E34/><V80/><F113/><W51/><G117/><T114/><D114/><U1/><E1/><V7/><F119/><W86/><G96/><N who="0" m="61927" /><D15/><U63/><E97/><N who="2" m="61615" /><F132/><W47/><G51/><T87/><D87/><AGARI ba="0,0" hai="5,6,14,16,21,40,47,50,84,86,87" m="55639" machi="87" ten="30,2000,0" yaku="8,1,54,1" doraHai="106" who="3" fromWho="0" sc="250,-20,250,0,250,0,250,20" /><INIT seed="1,0,0,1,1,53" ten="230,250,250,270" oya="1" hai0="34,69,43,16,28,48,56,8,72,126,132,32,82" hai1="51,78,3,105,67,74,89,26,7,38,22,98,73" hai2="40,133,27,17,84,33,114,60,93,11,106,128,21" hai3="99,42,121,14,49,129,45,9,79,30,4,37,97"/><U96/><E38/><V77/><F106/><W113/><G121/><T12/><D69/><U25/><E67/><V0/><F128/><W117/><G113/><T18/><D132/><U76/><E7/><V118/><F118/><W131/><G117/><T124/><D18/><U46/><E3/><V58/><F114/><W61/><G30/><T115/><D115/><U94/><E105/><V35/><F133/><W123/><G123/><T63/><D48/><U47/><E22/><V24/><F40/><W112/><G112/><T91/><D43/><U57/><E51/><V107/><F107/><W64/><G79/><T2/><D2/><U119/><E119/><V6/><F27/><W36/><G36/><T55/><D28/><U59/><E89/><V100/><F77/><W83/><G83/><T88/><D72/><U23/><E23/><V62/><F62/><W110/><G110/><T71/><D71/><U127/><REACH who="1" step="1"/><E94/><REACH who="1" ten="230,240,250,270" step="2"/><V135/><F135/><W31/><G37/><T1/><D1/><U81/><E81/><V10/><F10/><W39/><G39/><T15/><D82/><U92/><E92/><V90/><F100/><W125/><G129/><T120/><D34/><U29/><E29/><V134/><F134/><W85/><G31/><T44/><D32/><U13/><E13/><V103/><F103/><W101/><G101/><T5/><D15/><U122/><E122/><V109/><F109/><W108/><G108/><T95/><D120/><U70/><E70/><V102/><F102/><W80/><G131/><T20/><D95/><U65/><E65/><AGARI ba="0,1" hai="0,6,11,17,21,24,33,35,58,60,65,84,90,93" machi="65" ten="30,2000,0" yaku="7,1,52,1" doraHai="53" who="2" fromWho="1" sc="230,0,240,-20,250,30,270,0" /><INIT seed="2,0,0,1,4,53" ten="230,220,280,270" oya="2" hai0="19,104,105,72,119,9,90,61,33,130,62,68,88" hai1="95,63,38,124,6,98,134,40,110,64,52,18,35" hai2="12,100,82,51,89,24,22,10,125,133,115,107,117" hai3="74,116,8,30,32,2,69,1,27,44,79,13,127"/><V60/><F115/><W102/><G69/><T112/><D112/><U109/><E35/><V108/><F117/><W128/><G116/><T41/><D119/><U23/><E134/><V113/><F113/><W43/><G128/><T93/><D130/><U54/><E124/><V122/><F122/><W49/><G127/><T66/><D72/><U48/><E6/><N who="2" m="3159" /><F107/><W31/><G102/><T0/><D33/><U45/><E18/><N who="2" m="12375" /><F133/><W15/><G31/><T29/><D29/><U92/><E23/><V21/><F100/><W135/><G135/><T26/><D41/><U94/><E98/><V126/><F108/><W65/><G15/><T37/><D37/><U123/><E123/><V3/><F3/><W36/><G36/><T131/><D131/><U39/><E39/><V57/><F21/><W80/><REACH who="3" step="1"/><G65/><REACH who="3" ten="230,220,280,260" step="2"/><T47/><D66/><U86/><E38/><V121/><F121/><W67/><G67/><T42/><D68/><U46/><E110/><V97/><F126/><W101/><G101/><T11/><D0/><U75/><E109/><V84/><F125/><W50/><G50/><T4/><D62/><U55/><E48/><V96/><F51/><W17/><AGARI ba="0,1" hai="1,2,8,13,17,27,30,32,43,44,49,74,79,80" machi="17" ten="20,2700,0" yaku="1,1,0,1,7,1,53,0" doraHai="53" doraHaiUra="83" who="3" fromWho="3" sc="230,-7,220,-7,280,-13,260,37" /><INIT seed="3,0,0,2,3,0" ten="223,213,267,297" oya="3" hai0="82,25,128,109,23,122,2,90,114,135,8,106,36" hai1="61,80,66,107,54,73,47,41,125,91,93,52,102" hai2="64,46,101,22,95,63,42,65,88,105,96,77,98" hai3="60,99,118,12,89,49,123,55,24,84,17,9,94"/><W15/><G123/><T103/><D122/><U126/><E107/><V70/><F77/><W81/><G118/><T32/><D36/><U129/><E102/><V16/><F63/><W134/><G134/><T74/><D135/><U33/><E33/><V39/><REACH who="2" step="1"/><F70/><REACH who="2" ten="223,213,257,297" step="2"/><W27/><G60/><T68/><D68/><U97/><E125/><V86/><F86/><W104/><G104/><T44/><D106/><U10/><E126/><V28/><F28/><W112/><G112/><T3/><D114/><U48/><E73/><V87/><F87/><W18/><G99/><T21/><D74/><U71/><E129/><V34/><F34/><W78/><G78/><T6/><D32/><U13/><REACH who="1" step="1"/><E80/><REACH who="1" ten="223,203,257,297" step="2"/><V111/><F111/><W133/><G133/><T30/><D82/><U59/><E59/><V56/><F56/><N who="3" m="32879" /><G81/><T131/><D109/><U7/><AGARI ba="0,2" hai="7,10,13,41,47,48,52,54,61,66,71,91,93,97" machi="7" ten="20,12000,2" yaku="1,1,0,1,7,1,52,1,54,1,53,1" doraHai="0" doraHaiUra="43" who="1" fromWho="1" sc="223,-30,203,140,257,-30,297,-60" /><INIT seed="4,0,0,0,1,12" ten="193,343,227,237" oya="0" hai0="46,49,59,11,98,79,64,115,108,5,106,70,31" hai1="33,2,118,44,20,38,110,121,74,60,10,128,87" hai2="28,91,100,17,43,89,29,90,96,117,9,47,99" hai3="26,42,18,39,120,40,1,3,81,32,82,125,97"/><T111/><D115/><U126/><RYUUKYOKU type="yao9" ba="0,0" sc="193,0,343,0,227,0,237,0" hai1="2,10,20,33,38,44,60,74,87,110,118,121,126,128" /><INIT seed="4,1,0,3,4,58" ten="193,343,227,237" oya="0" hai0="24,82,0,48,74,63,60,30,66,84,23,27,2" hai1="135,96,79,28,51,77,45,57,3,105,124,62,134" hai2="93,112,4,38,53,94,98,125,101,115,123,33,18" hai3="5,17,114,39,36,87,34,40,37,47,13,21,55"/><T73/><D48/><U46/><E3/><V59/><F123/><W15/><G114/><N who="2" m="43561" /><F33/><W78/><G34/><T109/><D109/><U128/><E124/><V97/><F4/><W10/><REACH who="3" step="1"/><G55/><REACH who="3" ten="193,343,227,227" step="2"/><T110/><D110/><U52/><E52/><V86/><F125/><W26/><G26/><T75/><D24/><U92/><E134/><V19/><F86/><W49/><G49/><T44/><D44/><U100/><E51/><N who="2" m="31167" /><F38/><W67/><G67/><T6/><D6/><U133/><E46/><V14/><F14/><W54/><G54/><T88/><REACH who="0" step="1"/><D60/><REACH who="0" ten="183,343,227,227" step="2"/><U76/><E62/><V70/><F70/><AGARI ba="1,2" hai="0,2,23,27,30,63,66,70,73,74,75,82,84,88" machi="70" ten="40,12000,1" yaku="1,1,2,1,52,1,54,1,53,0" doraHai="58" doraHaiUra="69" who="0" fromWho="2" sc="183,143,343,0,227,-123,227,0" /><INIT seed="4,2,0,2,5,102" ten="326,343,104,227" oya="0" hai0="128,93,31,113,60,130,54,57,63,110,114,53,87" hai1="47,126,62,119,58,2,75,94,55,103,69,78,12" hai2="123,100,89,134,44,106,121,42,41,21,95,50,68" hai3="72,29,38,49,18,24,45,85,77,23,92,64,4"/><T74/><D74/><U28/><E2/><V22/><F134/><W117/><G117/><T25/><D93/><U56/><E119/><V99/><F68/><W32/><G72/><T107/><D87/><U124/><E69/><V52/><F121/><W40/><G64/><T5/><D5/><U112/><E112/><N who="0" m="43113" /><D107/><U66/><E47/><V14/><F123/><W71/><G71/><T7/><D7/><U0/><E0/><V36/><F36/><W125/><G125/><N who="1" m="48234" /><E28/><V11/><F42/><W26/><G4/><T118/><D118/><U109/><E109/><V34/><F34/><W80/><REACH who="3" step="1"/><G92/><REACH who="3" ten="326,343,104,217" step="2"/><T90/><D110/><U70/><E94/><V81/><F41/><W13/><G13/><T17/><D130/><U83/><E12/><V35/><F35/><W10/><G10/><T88/><D128/><U79/><E66/><V61/><F61/><W129/><G129/><T20/><D63/><U65/><E75/><V135/><F135/><W3/><G3/><T51/><D17/><U37/><E62/><V19/><REACH who="2" step="1"/><F95/><REACH who="2" ten="326,343,94,217" step="2"/><W8/><G8/><T1/><D1/><U108/><E70/><V111/><F111/><W82/><G82/><T101/><D101/><U15/><E103/><V43/><F43/><W116/><G116/><T9/><D9/><U115/><E83/><V133/><F133/><W86/><G86/><AGARI ba="2,2" hai="11,14,19,21,22,44,50,52,81,86,89,99,100,106" machi="86" ten="40,8000,1" yaku="1,1,25,2,52,1,54,1,53,0" doraHai="102" doraHaiUra="30" who="2" fromWho="3" sc="326,0,343,0,94,106,217,-86" /><INIT seed="5,0,0,5,1,21" ten="326,343,200,131" oya="1" hai0="102,78,29,123,76,117,60,32,13,68,70,101,37" hai1="121,20,54,71,34,99,104,65,24,96,31,42,28" hai2="73,46,83,86,41,110,82,3,94,16,12,127,66" hai3="26,111,100,48,19,50,84,22,27,98,4,53,107"/><U135/><E121/><V63/><F110/><W43/><G111/><T89/><D117/><U6/><E135/><V14/><F3/><W45/><G4/><T18/><D37/><U113/><E113/><V95/><F14/><W47/><REACH who="3" step="1"/><G84/><REACH who="3" ten="326,343,200,121" step="2"/><T91/><D123/><U119/><E6/><V62/><F73/><W85/><G85/><T132/><D132/><U87/><E87/><V64/><F83/><W51/><G51/><T129/><D60/><N who="2" m="23082" /><F127/><W49/><G49/><T23/><D76/><U81/><E81/><V74/><F74/><W130/><G130/><T133/><D78/><U52/><E119/><V5/><F5/><W72/><G72/><T69/><D129/><U44/><E71/><V58/><F86/><W131/><G131/><T80/><D133/><U75/><E75/><V15/><F82/><W0/><G0/><T17/><D80/><U57/><E65/><V35/><F66/><W59/><G59/><T79/><D79/><U10/><E57/><V105/><F64/><W56/><G56/><T39/><D70/><U103/><E44/><V2/><F58/><W128/><G128/><T40/><D69/><U125/><E125/><V116/><F2/><W126/><G126/><T55/><D68/><U114/><E114/><V8/><F116/><W134/><G134/><T30/><D39/><U38/><E38/><V1/><F1/><W7/><G7/><T122/><D122/><U11/><E99/><V112/><F112/><W92/><G92/><T93/><D93/><U115/><E115/><V106/><F95/><W124/><G124/><T25/><D102/><RYUUKYOKU ba="0,1" sc="326,-10,343,-10,200,-10,121,30" hai3="19,22,26,27,43,45,47,48,50,53,98,100,107" /><INIT seed="6,1,1,2,5,100" ten="316,333,190,151" oya="2" hai0="67,71,87,4,119,113,16,17,38,12,134,45,57" hai1="132,51,83,70,8,11,90,29,109,111,112,58,74" hai2="120,76,62,59,82,56,47,14,34,37,97,66,135" hai3="117,131,64,93,73,107,25,96,84,85,80,44,24"/><V50/><F120/><W13/><G117/><T122/><D122/><U18/><E70/><V133/><F34/><W88/><G131/><T106/><D71/><U61/><E112/><V72/><F37/><W39/><G64/><T7/><D106/><U92/><E132/><N who="2" m="50763" /><F14/><W86/><G13/><T27/><D134/><U110/><E8/><V22/><F22/><W48/><G39/><T10/><D113/><U26/><E11/><V31/><F31/><W15/><G15/><T3/><D3/><U60/><E29/><V32/><F32/><W21/><G107/><T127/><D127/><U98/><E26/><V52/><F97/><W68/><G68/><AGARI ba="1,1" hai="47,50,52,56,59,62,66,68,72,76,82" m="50763" machi="68" ten="30,2900,0" yaku="20,1,54,1" doraHai="100" who="2" fromWho="3" sc="316,0,333,0,190,42,151,-32" /><INIT seed="6,2,0,2,3,22" ten="316,333,232,119" oya="2" hai0="81,109,99,116,66,8,39,28,127,114,61,97,38" hai1="115,107,37,83,3,63,101,129,24,87,133,25,26" hai2="13,14,32,95,55,23,128,70,41,98,58,74,45" hai3="51,72,12,90,67,96,10,30,125,86,134,132,47"/><V42/><F32/><W21/><G72/><T106/><D109/><U53/><E3/><V112/><F74/><W44/><G125/><T130/><D127/><U60/><E37/><V100/><F70/><W9/><G67/><T7/><D114/><U17/><E115/><V62/><F128/><W119/><G119/><T1/><D130/><U108/><E129/><V50/><F112/><W117/><G117/><T54/><D54/><U121/><E108/><V118/><F118/><W4/><G96/><T43/><D116/><U68/><E133/><V80/><F80/><W131/><G131/><T16/><D43/><U35/><E35/><V85/><F85/><W105/><G105/><T104/><D99/><U11/><E107/><V124/><F124/><W36/><G10/><T78/><D28/><U64/><E101/><V20/><F42/><W77/><G36/><T93/><D16/><U46/><E121/><V29/><F23/><W65/><G65/><T15/><D15/><U69/><E11/><V34/><F34/><W5/><G5/><T102/><D93/><U110/><E110/><V48/><F48/><W111/><G111/><T0/><D106/><U126/><E126/><V79/><F79/><W76/><G134/><T6/><D6/><U92/><E92/><V71/><F71/><W59/><G77/><T122/><D0/><U19/><E69/><V2/><F2/><W57/><G132/><T89/><D122/><U31/><E31/><V18/><F29/><W91/><G30/><T73/><D89/><N who="1" m="51455" /><E60/><V120/><F120/><W52/><G91/><T40/><D40/><RYUUKYOKU ba="2,0" sc="316,10,333,10,232,10,119,-30" hai0="1,7,8,38,39,61,66,73,78,81,97,102,104" hai1="17,19,24,25,26,46,53,63,64,68" hai2="13,14,18,20,41,45,50,55,58,62,95,98,100" /><INIT seed="6,3,0,4,2,116" ten="326,343,242,89" oya="2" hai0="45,109,8,40,54,86,102,2,126,134,3,73,118" hai1="12,125,31,32,44,76,19,110,85,127,104,92,69" hai2="82,59,51,22,113,52,10,79,9,18,49,103,20" hai3="81,14,37,64,106,123,88,1,132,91,99,48,36"/><V74/><F113/><W23/><G1/><T34/><D109/><U97/><E110/><V90/><F103/><W65/><G132/><T47/><D73/><U114/><E114/><V0/><F0/><W112/><G112/><T111/><D111/><U98/><E69/><V25/><F90/><W100/><G123/><T38/><D134/><U30/><E104/><V17/><REACH who="2" step="1"/><F51/><REACH who="2" ten="326,343,232,89" step="2"/><W53/><G37/><T78/><D102/><U7/><E125/><V124/><F124/><W71/><G36/><T35/><D2/><U11/><E127/><V115/><F115/><W16/><G71/><T70/><D70/><U42/><E76/><V58/><F58/><W68/><G68/><T107/><D78/><U105/><E105/><V128/><F128/><W15/><G15/><AGARI ba="3,1" hai="9,10,15,17,18,20,22,25,49,52,59,74,79,82" machi="15" ten="30,5800,0" yaku="1,1,7,1,54,1,53,0" doraHai="116" doraHaiUra="33" who="2" fromWho="3" sc="326,0,343,0,232,77,89,-67" /><INIT seed="6,4,0,0,5,5" ten="326,343,309,22" oya="2" hai0="82,4,77,8,31,23,109,65,13,85,7,74,118" hai1="95,97,102,84,58,126,88,75,9,36,62,26,19" hai2="47,107,87,73,128,122,34,108,104,129,92,11,37" hai3="120,50,68,56,80,121,1,21,45,119,117,130,79"/><V48/><F73/><W55/><G1/><T94/><D109/><U114/><E75/><V25/><F108/><W110/><G110/><T78/><D118/><N who="3" m="45065" /><G21/><T29/><D65/><U81/><E36/><V86/><F37/><W98/><G80/><T71/><D71/><U16/><E114/><V59/><F59/><W51/><G98/><T103/><D77/><U96/><E126/><V0/><F122/><N who="3" m="47211" /><G79/><T54/><D54/><U115/><E115/><V113/><F113/><W69/><G130/><N who="2" m="50281" /><F25/><W28/><G28/><N who="0" m="10827" /><D23/><N who="1" m="13671" /><E96/><V40/><F34/><W61/><G51/><T116/><D74/><U124/><E124/><V6/><F92/><W125/><G125/><T133/><D116/><U63/><E58/><V89/><F89/><W22/><G22/><T41/><D94/><U53/><E53/><AGARI ba="4,0" hai="45,50,53,55,56,61,68,69" m="47211,45065" machi="53" ten="30,2000,0" yaku="34,2" doraHai="5" who="3" fromWho="1" sc="326,0,343,-32,309,0,22,32" /><INIT seed="7,0,0,0,4,23" ten="326,311,309,54" oya="3" hai0="32,4,125,41,130,122,88,31,107,12,66,100,99" hai1="62,42,22,81,50,91,70,126,27,113,76,67,106" hai2="29,123,104,78,119,105,112,17,56,135,16,65,90" hai3="82,20,102,40,114,85,21,43,129,87,59,15,10"/><W120/><G120/><T61/><D122/><U63/><E106/><V64/><F119/><W13/><G129/><T80/><D130/><U3/><E3/><V38/><F38/><W37/><G114/><T51/><D125/><U45/><E113/><V5/><F123/><W94/><G59/><T9/><D31/><U30/><E126/><V118/><F118/><W39/><G94/><T73/><D32/><U33/><E63/><V6/><F29/><W69/><G10/><T131/><D131/><U84/><E33/><V83/><F83/><W117/><G82/><T7/><D51/><U49/><E76/><V74/><F78/><W24/><G117/><T72/><D41/><U52/><E52/><V14/><F56/><W47/><G102/><T68/><D7/><U1/><E1/><V132/><F112/><W101/><G101/><T2/><D2/><U92/><E81/><V134/><F74/><W19/><G69/><T133/><D133/><U26/><E26/><V116/><F116/><W98/><G98/><T0/><D0/><U108/><E108/><V48/><F90/><W96/><G96/><T8/><D8/><U121/><E121/><V79/><F79/><W46/><REACH who="3" step="1"/><G13/><REACH who="3" ten="326,311,309,44" step="2"/><T28/><D80/><U55/><E70/><V89/><F134/><W97/><G97/><T128/><D128/><U75/><E92/><V103/><F103/><W124/><G124/><T25/><D88/><U111/><E111/><V95/><F89/><W109/><G109/><T18/><D4/><U86/><E91/><V115/><F115/><W71/><G71/><T77/><D77/><RYUUKYOKU ba="0,1" sc="326,15,311,-15,309,-15,44,15" hai0="9,12,18,25,28,61,66,68,72,73,99,100,107" hai3="15,19,20,21,24,37,39,40,43,46,47,85,87" /><INIT seed="7,1,1,3,2,123" ten="341,296,294,59" oya="3" hai0="67,78,126,27,86,22,105,124,117,23,100,81,93" hai1="29,44,94,59,62,52,69,95,38,18,39,116,75" hai2="99,102,128,133,114,55,24,92,118,89,82,120,17" hai3="49,88,51,7,112,119,21,5,135,73,132,109,66"/><W32/><G32/><T60/><D105/><U45/><E116/><V47/><F118/><W101/><G119/><T74/><D117/><U65/><E75/><V103/><F114/><W11/><G73/><T8/><D8/><U48/><E29/><V10/><F128/><W37/><G37/><T130/><D130/><U20/><E45/><V77/><F133/><N who="3" m="51275" /><G112/><T84/><D100/><U9/><E9/><V4/><F120/><W76/><G76/><T41/><D41/><N who="1" m="22591" /><E38/><V34/><F34/><W12/><G101/><T122/><D122/><U53/><E53/><V35/><F35/><W13/><G66/><T2/><D2/><U68/><E68/><V70/><F70/><W83/><G109/><T85/><D93/><U36/><E36/><V110/><F110/><W63/><G63/><T108/><D108/><U127/><E127/><N who="0" m="48681" /><D27/><AGARI ba="1,1" hai="18,20,27,48,52,59,62,65,69,94,95" m="22591" machi="27" ten="30,2000,0" yaku="24,1,54,1" doraHai="123" who="1" fromWho="0" sc="341,-23,296,33,294,0,59,0" owari="318,12.0,329,43.0,294,-11.0,59,-44.0" /></mjloggm>