<mjloggm ver="2.3"><GO type="169" lobby="0"/><UN n0="%E3%82%A6%E3%83%AB%E3%83%88%E3%83%A9%E7%AB%8B%E7%9B%B4" n1="%E3%81%86%E3%81%A0%E3%81%A3%E3%81%B7" n2="%E2%80%A0%58%54%45%4E%44%E2%80%A0" n3="%6B%75%6B%65%6B%65%6B%65" dan="17,17,17,17" rate="2215.46,2159.45,2175.57,2127.67" sx="M,M,F,M"/><TAIKYOKU oya="0"/><INIT seed="0,0,0,0,3,55" ten="250,250,250,250" oya="0" hai0="123,114,118,106,70,119,121,77,64,45,36,96,105" hai1="78,22,48,17,69,20,111,89,67,88,101,102,35" hai2="54,26,94,11,68,39,122,44,76,90,79,3,56" hai3="24,34,37,47,103,135,53,25,116,10,57,32,43"/><T6/><D6/><U51/><E111/><V50/><F122/><N who="0" m="46602" /><D96/><U87/><E35/><V42/><F68/><W21/><G116/><N who="0" m="44587" /><D77/><U125/><E125/><V127/><F127/><W18/><G135/><T80/><D80/><U81/><E67/><V33/><F3/><W84/><G103/><N who="1" m="39434" /><E69/><V86/><F33/><W8/><G34/><T75/><D75/><U109/><E109/><V7/><F11/><W2/><G2/><T61/><D114/><U49/><E20/><V65/><F7/><W83/><G25/><AGARI ba="0,0" hai="17,22,25,48,49,51,78,81,87,88,89" m="39434" machi="25" ten="30,2000,0" yaku="8,1,54,1" doraHai="55" who="1" fromWho="3" sc="250,0,250,20,250,0,250,-20" /><INIT seed="1,0,0,4,4,96" ten="250,270,250,230" oya="1" hai0="9,69,93,29,35,75,119,70,52,86,64,12,25" hai1="133,129,98,109,79,47,99,49,28,125,76,108,123" hai2="66,65,24,57,121,106,34,17,89,102,55,53,73" hai3="78,41,126,101,26,122,117,77,132,114,58,71,43"/><U19/><E123/><V38/><F121/><W107/><G122/><T30/><D75/><U0/><E0/><V60/><F38/><W88/><G71/><T36/><D36/><U32/><E125/><V91/><F73/><W21/><G114/><T16/><D119/><U83/><E133/><V3/><F3/><W135/><G126/><T80/><D64/><U18/><E79/><N who="3" m="30218" /><G58/><T127/><D127/><U92/><E129/><V20/><F34/><W6/><G6/><T33/><D93/><U120/><E28/><V85/><F66/><W31/><G88/><T110/><D110/><N who="1" m="42603" /><E32/><V2/><F2/><W111/><G111/><T44/><D30/><U39/><E39/><V56/><F85/><W5/><G5/><T40/><D35/><U128/><E128/><V13/><F24/><W67/><G67/><T74/><D74/><N who="1" m="43415" /><E99/><V95/><F65/><W87/><G87/><T131/><D131/><U97/><E97/><N who="2" m="59711" /><F106/><W15/><G117/><T50/><D40/><N who="1" m="24807" /><E120/><V72/><F72/><W112/><G107/><T37/><D37/><U104/><E104/><V82/><F82/><W61/><G31/><T118/><D118/><U4/><E4/><V84/><F84/><W45/><G135/><T27/><D27/><U124/><E124/><V105/><F105/><W113/><G26/><T46/><D46/><U51/><E51/><AGARI ba="0,0" hai="13,17,20,51,53,55,56,57,60,89,91" m="59711" machi="51" ten="30,2000,0" yaku="8,1,52,1" doraHai="96" who="2" fromWho="1" sc="250,0,270,-20,250,20,230,0" /><INIT seed="2,0,0,5,4,86" ten="250,250,270,230" oya="2" hai0="100,106,85,102,7,125,72,92,120,64,46,78,66" hai1="97,56,101,49,25,73,24,15,87,28,33,16,59" hai2="79,22,35,19,36,105,26,77,122,63,132,68,38" hai3="118,54,29,43,23,13,95,96,116,129,9,40,62"/><V88/><F122/><W93/><G129/><T130/><D130/><U39/><E39/><V81/><F105/><W128/><G128/><T20/><D120/><U113/><E73/><V45/><F35/><W47/><G40/><T60/><D125/><U99/><E113/><V6/><F6/><W135/><G135/><T103/><D7/><U61/><E25/><V11/><F11/><W84/><G84/><T112/><D112/><U89/><E49/><V131/><F131/><W82/><G82/><T75/><D46/><U3/><E3/><V55/><F132/><W110/><G93/><T42/><D42/><U12/><E12/><V31/><F31/><W4/><G110/><T74/><D20/><U37/><E37/><V52/><F45/><W44/><G44/><T5/><D5/><U70/><E70/><V71/><F36/><W8/><G8/><T133/><D133/><U50/><E50/><V34/><F34/><W41/><G41/><T123/><D123/><U32/><E32/><V58/><F55/><W53/><G53/><T115/><D115/><U0/><E0/><V27/><F27/><N who="3" m="16639" /><G43/><T51/><D51/><U126/><E126/><V114/><F38/><W121/><G121/><T124/><D124/><U2/><E2/><V80/><F114/><W10/><G10/><T107/><D78/><N who="2" m="29706" /><F71/><W98/><G47/><T18/><D18/><U14/><E16/><V17/><F68/><W67/><G54/><T48/><D48/><U30/><E30/><N who="2" m="17751" /><F80/><W69/><G95/><T1/><D1/><U117/><E33/><V127/><F127/><W111/><G111/><RYUUKYOKU ba="0,0" sc="250,-15,250,-15,270,15,230,15" hai2="17,19,52,58,63,81,88" hai3="4,9,13,62,67,69,96,98,116,118" /><INIT seed="2,1,0,0,2,49" ten="235,235,285,245" oya="2" hai0="2,24,76,112,119,12,52,10,98,65,27,40,100" hai1="127,92,89,96,70,59,62,33,18,109,128,14,74" hai2="1,58,8,57,123,21,16,54,124,129,26,22,43" hai3="107,6,80,130,39,104,103,97,46,69,25,44,61"/><V135/><F123/><W47/><G130/><T56/><D2/><U86/><E128/><V99/><F129/><W110/><G110/><T64/><D112/><U120/><E109/><V118/><F118/><W30/><G107/><T17/><D119/><U132/><E120/><V91/><F135/><W113/><G113/><T15/><D40/><U133/><E74/><V32/><F124/><W116/><G116/><T7/><D76/><U5/><E127/><V72/><F72/><W87/><G6/><T115/><D115/><U108/><E108/><V82/><F32/><W105/><G105/><T36/><D36/><U84/><E5/><V73/><F73/><W20/><G69/><T53/><D98/><U125/><E70/><V4/><F43/><W55/><G39/><T85/><D85/><U83/><E33/><V78/><F58/><W3/><G3/><T102/><D102/><U101/><E84/><V45/><F45/><W81/><G87/><T111/><D100/><U63/><E125/><V94/><F22/><W79/><G79/><T34/><D34/><U106/><E106/><V35/><F35/><W19/><G30/><T77/><D77/><U23/><REACH who="1" step="1"/><E59/><REACH who="1" ten="235,225,285,245" step="2"/><V41/><F57/><W60/><G104/><T11/><D111/><U71/><E71/><V68/><F68/><W48/><G97/><T13/><D56/><U28/><E28/><V93/><F99/><W75/><G75/><T42/><D7/><U9/><E9/><V0/><F0/><W37/><G37/><T50/><D10/><U66/><E66/><V122/><F1/><W67/><G67/><RYUUKYOKU ba="1,1" sc="235,-10,225,30,285,-10,245,-10" hai1="14,18,23,62,63,83,86,89,92,96,101,132,133" /><INIT seed="3,2,1,4,0,19" ten="225,255,275,235" oya="3" hai0="33,53,64,116,63,47,20,36,6,21,122,88,28" hai1="65,48,45,37,117,5,46,26,127,79,131,8,101" hai2="123,93,41,80,77,66,9,95,114,126,83,68,119" hai3="113,128,121,85,4,24,40,12,109,18,39,2,103"/><W52/><G113/><T82/><D122/><U57/><E127/><V42/><F114/><W31/><G121/><T60/><D116/><U132/><E117/><V3/><F119/><W72/><G72/><T78/><D33/><U35/><E132/><V25/><F123/><W130/><G103/><T104/><D104/><U133/><E133/><V54/><F126/><W81/><G109/><T124/><D124/><U125/><E125/><V111/><F111/><W134/><G134/><T61/><D28/><U73/><E131/><N who="3" m="50218" /><G4/><T92/><D6/><U38/><E101/><V17/><F3/><W62/><G2/><T99/><D64/><U94/><E73/><V110/><F83/><W14/><G40/><T10/><D10/><U89/><E79/><V100/><F100/><W30/><G39/><T71/><D71/><U135/><E38/><V16/><F80/><W59/><G31/><T118/><D118/><U87/><E37/><V108/><F42/><W102/><G18/><T69/><D69/><U27/><E5/><V76/><F41/><W105/><G102/><T56/><D47/><U90/><E46/><V43/><F17/><W86/><G105/><T58/><D36/><U84/><E45/><V44/><F16/><W11/><G11/><T55/><D61/><N who="1" m="38063" /><E8/><V129/><F9/><W70/><G70/><T112/><D112/><U13/><E135/><V120/><F129/><W0/><G0/><T107/><D107/><U75/><E75/><AGARI ba="2,1" hai="20,21,53,55,56,58,60,63,75,78,82,88,92,99" machi="75" ten="30,8000,1" yaku="7,1,9,1,52,2,54,1" doraHai="19" who="0" fromWho="1" sc="225,96,255,-86,275,0,235,0" /><INIT seed="4,0,0,2,4,76" ten="321,169,275,235" oya="0" hai0="81,91,71,110,26,59,13,75,6,84,65,30,42" hai1="72,1,114,108,92,52,66,14,45,95,22,119,58" hai2="127,49,106,39,46,9,126,88,8,130,69,85,18" hai3="63,120,15,97,134,55,102,54,90,89,124,28,33"/><T123/><D123/><U101/><E108/><V105/><F69/><W98/><G33/><T19/><D110/><U44/><E1/><V129/><F39/><W80/><G28/><T23/><D71/><U38/><E119/><V128/><F106/><W116/><G15/><T99/><D75/><U3/><E3/><V74/><F105/><W41/><G41/><T62/><D42/><U135/><E135/><V122/><F74/><W121/><G116/><T132/><D132/><U0/><E0/><V31/><F31/><W29/><G29/><T51/><D51/><U10/><E72/><V47/><F122/><W61/><G102/><T107/><D107/><U56/><E114/><V70/><F70/><W37/><G124/><N who="2" m="47657" /><F18/><W113/><G37/><T111/><D111/><U78/><E78/><V21/><F21/><W94/><G94/><T43/><D43/><U96/><E22/><V125/><F125/><W87/><G87/><T117/><D117/><U67/><E92/><N who="2" m="54287" /><F49/><W68/><G68/><T60/><D6/><U115/><E115/><V118/><F118/><W104/><G104/><T27/><D99/><U77/><E38/><V25/><F25/><N who="0" m="9226" /><D30/><U2/><E2/><V112/><F112/><W11/><G113/><T4/><D4/><N who="1" m="3399" /><E44/><AGARI ba="0,0" hai="8,9,44,46,47,128,129,130" m="54287,47657" machi="44" ten="40,5200,0" yaku="19,1,18,1,54,1" doraHai="76" who="2" fromWho="1" sc="321,0,169,-52,275,52,235,0" /><INIT seed="5,0,0,5,0,66" ten="321,117,327,235" oya="1" hai0="3,47,126,5,117,6,128,29,106,0,76,86,39" hai1="42,88,118,34,53,31,41,96,122,100,32,16,124" hai2="125,21,25,108,127,134,59,18,58,69,113,65,30" hai3="2,89,75,62,130,132,9,14,101,64,110,115,93"/><U70/><E122/><V23/><F108/><W54/><G75/><T90/><D106/><U112/><E118/><V33/><F33/><W57/><G110/><T38/><D76/><U85/><E70/><V8/><F8/><W79/><G2/><T91/><D86/><U133/><E112/><V102/><F102/><W56/><G115/><T83/><D47/><U109/><E109/><V52/><F113/><W26/><G132/><T17/><D17/><U19/><E133/><V11/><F11/><W84/><G130/><T44/><D44/><U51/><E124/><N who="2" m="47691" /><F134/><W24/><G79/><T74/><D126/><U92/><E31/><V78/><F78/><W4/><G101/><T50/><D29/><U119/><E119/><V123/><F52/><W67/><G64/><T104/><D104/><U81/><E32/><V72/><F72/><W12/><G14/><T129/><D74/><U116/><E34/><V63/><F123/><W46/><G46/><T20/><D117/><U35/><E35/><V49/><F49/><AGARI ba="0,0" hai="4,9,12,24,26,49,54,56,57,62,67,84,89,93" machi="49" ten="30,2000,0" yaku="7,1,8,1" doraHai="66" who="3" fromWho="2" sc="321,0,117,0,327,-20,235,20" /><INIT seed="6,0,0,3,4,42" ten="321,117,307,255" oya="2" hai0="24,29,6,0,28,89,3,121,82,32,70,84,63" hai1="54,95,107,50,102,117,43,23,99,110,20,120,127" hai2="36,61,73,22,25,12,71,57,86,130,65,45,62" hai3="109,96,92,103,58,46,38,124,26,83,106,1,19"/><V39/><F73/><W125/><G1/><T129/><D121/><U48/><E110/><V17/><F130/><W122/><G122/><T94/><D129/><U77/><E120/><V81/><F25/><W135/><G109/><T93/><D29/><U18/><E117/><V75/><F75/><W119/><G119/><T47/><D94/><U33/><E33/><V11/><F11/><W98/><G135/><T37/><D6/><U2/><E2/><V113/><F113/><W21/><G83/><T31/><D31/><U91/><E127/><V40/><F36/><W78/><G78/><T88/><D70/><U97/><E77/><V7/><F7/><W114/><G114/><T128/><D128/><U87/><E99/><V116/><F116/><W49/><G58/><T72/><D63/><U133/><E133/><V13/><F13/><W67/><G67/><T126/><D126/><U27/><E43/><V59/><REACH who="2" step="1"/><F62/><REACH who="2" ten="321,117,297,255" step="2"/><W4/><G4/><T108/><D72/><U112/><E112/><V76/><AGARI ba="0,1" hai="12,17,22,39,40,45,57,59,61,65,71,76,81,86" machi="76" ten="20,18000,2" yaku="1,1,2,1,0,1,7,1,52,1,53,1" doraHai="42" doraHaiUra="60" who="2" fromWho="2" sc="321,-60,117,-60,297,190,255,-60" /><INIT seed="6,1,0,5,2,54" ten="261,57,487,195" oya="2" hai0="79,92,134,88,66,25,77,107,81,128,48,65,71" hai1="87,131,132,5,72,45,109,86,110,17,40,7,135" hai2="61,53,125,67,85,74,121,58,38,0,16,8,28" hai3="43,123,49,26,12,120,21,84,15,3,34,129,35"/><V47/><F74/><W1/><G43/><T98/><D128/><U31/><E72/><V60/><F121/><N who="3" m="46667" /><G49/><T68/><D134/><N who="1" m="51243" /><E31/><V11/><F125/><W42/><G84/><N who="1" m="32298" /><E40/><V103/><F103/><W101/><G101/><T44/><D107/><U57/><E17/><V112/><F85/><W104/><G42/><T30/><D81/><U116/><E45/><V73/><F38/><W90/><G90/><T6/><D6/><N who="1" m="2059" /><E131/><V122/><F47/><W52/><G104/><T117/><D44/><U39/><E39/><V91/><F91/><W29/><G129/><T51/><D88/><U126/><E126/><V27/><F73/><W24/><G29/><T114/><D30/><U96/><E96/><V14/><F28/><W20/><G24/><T94/><D25/><U108/><E116/><V115/><F27/><W55/><G26/><T46/><D98/><U133/><N who="1" m="51251" /><U95/><DORA hai="111" /><E95/><V93/><F93/><W63/><G20/><T64/><D46/><U80/><E80/><V78/><F122/><W13/><G21/><T70/><D94/><U37/><E37/><V83/><F83/><W118/><G118/><T99/><D92/><U113/><E113/><V50/><F115/><W130/><G130/><T22/><D114/><U59/><AGARI ba="1,0" hai="57,59,108,109,110" m="2059,32298,51251" machi="59" ten="60,8000,1" yaku="28,2,20,1,52,2" doraHai="54,111" who="1" fromWho="1" sc="261,-21,57,83,487,-41,195,-21" /><INIT seed="7,0,0,5,3,27" ten="240,140,446,174" oya="3" hai0="100,119,46,87,63,43,105,26,61,23,16,13,99" hai1="56,111,104,71,58,90,2,122,52,28,117,126,80" hai2="72,3,17,84,34,103,12,134,108,42,68,10,79" hai3="6,5,60,54,20,133,14,75,8,22,0,35,109"/><W51/><G75/><T47/><D119/><U50/><E111/><V115/><F68/><W31/><G35/><T33/><D47/><U129/><E122/><V107/><F3/><W66/><G109/><T70/><D70/><U92/><E71/><V45/><F34/><W83/><G133/><T85/><D85/><U132/><E104/><V131/><F72/><W76/><G66/><T19/><D87/><N who="1" m="50535" /><E2/><V1/><F115/><W135/><G135/><T53/><D53/><N who="1" m="31799" /><E132/><V11/><F1/><W36/><G60/><T41/><D41/><U29/><E117/><V128/><F107/><W82/><G36/><T88/><D88/><U25/><E129/><N who="2" m="49739" /><F103/><W40/><G40/><T77/><D77/><U127/><E92/><V4/><F108/><W114/><G114/><T91/><D91/><U89/><E89/><V49/><F134/><W55/><G55/><T7/><D7/><U110/><E110/><V130/><F130/><W102/><G102/><T125/><D125/><N who="1" m="47627" /><E25/><V97/><F97/><W120/><G120/><T65/><D65/><U106/><E106/><V124/><F124/><W64/><G64/><T38/><D33/><U123/><E123/><V21/><F4/><N who="3" m="1643" /><G0/><T69/><D69/><U18/><E18/><V37/><F37/><W96/><G96/><T98/><D98/><U9/><E9/><AGARI ba="0,0" hai="9,13,16,19,23,26,38,43,46,61,63,99,100,105" machi="9" ten="30,2000,0" yaku="7,1,54,1" doraHai="27" who="0" fromWho="1" sc="240,20,140,-20,446,0,174,0" owari="260,6.0,120,-38.0,446,55.0,174,-23.0" /></mjloggm>