<mjloggm ver="2.3"><GO type="169" lobby="0"/><UN n0="%40%75" n1="%7A%6B%75%72%74" n2="%E3%82%A6%E3%83%AB%E3%83%88%E3%83%A9%E7%AB%8B%E7%9B%B4" n3="%79%6F%79%75%75%37%37" dan="16,17,17,17" rate="2107.16,2183.96,2177.02,2117.67" sx="F,M,M,M"/><TAIKYOKU oya="0"/><INIT seed="0,0,0,4,1,102" ten="250,250,250,250" oya="0" hai0="54,8,61,59,103,58,65,33,132,15,135,114,86" hai1="45,5,32,126,53,52,13,41,68,29,47,109,105" hai2="85,7,40,24,64,122,25,14,50,39,121,120,26" hai3="76,101,80,30,42,115,74,129,134,93,127,95,28"/><T60/><D114/><U55/><E68/><V6/><F39/><W78/><G115/><T69/><D33/><U67/><E67/><V49/><F64/><W104/><G42/><T98/><D86/><U62/><E109/><V27/><N who="2" m="6144" /><DORA hai="88" /><V107/><F40/><W1/><G1/><T110/><D110/><U70/><E29/><V131/><F14/><W66/><G66/><T97/><D69/><U123/><E32/><V118/><F85/><N who="3" m="48263" /><G30/><T79/><D79/><U106/><E70/><V91/><F91/><W2/><G2/><T63/><D63/><U31/><E31/><V38/><F38/><W116/><G28/><T111/><D98/><U112/><E112/><V51/><F107/><W48/><G48/><T56/><D56/><U83/><E62/><V35/><F35/><W17/><G17/><T81/><D81/><U87/><E123/><V119/><REACH who="2" step="1"/><F131/><REACH who="2" ten="250,250,240,250" step="2"/><W92/><G129/><T4/><REACH who="0" step="1"/><D111/><REACH who="0" ten="240,250,240,250" step="2"/><U96/><E87/><V11/><F11/><W43/><G78/><T10/><D10/><U3/><E96/><V0/><F0/><W20/><G20/><T117/><D117/><AGARI ba="0,2" hai="6,7,49,50,51,117,118,119,120,121,122" m="6144" machi="117" ten="70,12000,2" yaku="1,1,29,2,28,2,12,1,53,0" doraHai="102,88" doraHaiUra="16,125" who="2" fromWho="0" sc="240,-120,250,0,240,140,250,0" /><INIT seed="1,0,0,0,4,127" ten="120,250,380,250" oya="1" hai0="108,41,29,36,75,30,129,120,105,70,79,98,46" hai1="114,125,118,133,124,55,58,7,25,34,43,84,35" hai2="5,31,126,99,52,0,40,116,97,74,22,101,18" hai3="119,102,117,122,89,51,73,49,104,121,78,68,53"/><U83/><E118/><N who="3" m="45066" /><G68/><T4/><D70/><U9/><E114/><V44/><F116/><W107/><G89/><T72/><D30/><U17/><E43/><V28/><F74/><W106/><G102/><T123/><D108/><U8/><E133/><V112/><F0/><W111/><G111/><T24/><D4/><U12/><E25/><V93/><F5/><W48/><G53/><T50/><D50/><U42/><E42/><V38/><F126/><N who="1" m="48745" /><E84/><V14/><F112/><W26/><G26/><T77/><D75/><U130/><E83/><AGARI ba="0,0" hai="48,49,51,73,78,83,104,106,107,121,122" m="45066" machi="83" ten="40,1300,0" yaku="12,1" doraHai="127" who="3" fromWho="1" sc="120,0,250,-13,380,0,250,13" /><INIT seed="2,0,0,0,1,93" ten="120,237,380,263" oya="2" hai0="37,90,38,85,113,64,10,62,5,36,118,98,128" hai1="77,79,6,55,39,30,110,13,12,69,117,107,46" hai2="80,61,9,43,133,8,2,14,129,108,57,115,103" hai3="0,97,76,100,51,104,22,67,127,60,29,82,26"/><V130/><F115/><W95/><G127/><T125/><D128/><U119/><E69/><V72/><F133/><W122/><G0/><T75/><D75/><U45/><E107/><V68/><F68/><W35/><G51/><T58/><D125/><U89/><E30/><V87/><F72/><W59/><G122/><T40/><D40/><U120/><E120/><V52/><F108/><W86/><G104/><T63/><D118/><U112/><E112/><V83/><F2/><W15/><G35/><T78/><D78/><U92/><E110/><V70/><F70/><W111/><G111/><T27/><D63/><U71/><E71/><V34/><F34/><W28/><G28/><T66/><D66/><U48/><E117/><V101/><F43/><W74/><G74/><T132/><D27/><U124/><E124/><V99/><F103/><W102/><G15/><T105/><D113/><U106/><E106/><N who="2" m="63807" /><F87/><W16/><G29/><T96/><D105/><U73/><E119/><V1/><F1/><W126/><G126/><T53/><D53/><U4/><E73/><V114/><F114/><W109/><G109/><T131/><D132/><U135/><E135/><V134/><F134/><W44/><G102/><T91/><D131/><N who="2" m="50186" /><F9/><W18/><G18/><AGARI ba="0,0" hai="8,14,18,52,57,61,80,83" m="50186,63807" machi="18" ten="30,5800,0" yaku="19,1,52,1,54,1" doraHai="93" who="2" fromWho="3" sc="120,0,237,0,380,58,263,-58" /><INIT seed="2,1,0,4,0,53" ten="120,237,438,205" oya="2" hai0="117,130,76,104,81,97,131,128,45,95,2,8,47" hai1="80,13,119,118,34,116,49,55,100,0,11,25,7" hai2="110,132,85,15,43,92,22,19,28,111,30,84,86" hai3="24,59,12,88,20,64,87,72,54,79,16,52,115"/><V42/><F92/><W127/><G127/><T44/><D104/><U106/><E0/><V99/><F99/><W31/><G115/><T103/><D117/><U66/><E66/><V65/><F65/><W78/><G72/><T107/><D2/><U122/><E122/><V82/><F82/><N who="3" m="49271" /><G64/><T89/><D8/><U57/><E80/><V39/><F132/><W35/><G35/><T134/><D134/><U133/><E133/><V46/><REACH who="2" step="1"/><F43/><REACH who="2" ten="120,237,428,205" step="2"/><W71/><G71/><T63/><D63/><U121/><E121/><V70/><F70/><W69/><G69/><T113/><D113/><U73/><E116/><V51/><F51/><N who="3" m="31135" /><G54/><T74/><REACH who="0" step="1"/><D47/><REACH who="0" ten="110,237,428,205" step="2"/><U56/><E118/><V91/><F91/><W36/><G36/><T23/><D23/><U96/><E119/><V5/><F5/><W61/><G61/><T129/><D129/><U10/><E7/><V93/><F93/><W3/><G3/><T48/><D48/><U62/><E49/><V32/><F32/><W98/><G79/><T67/><D67/><U120/><E34/><V1/><F1/><W29/><G78/><T40/><D40/><U125/><E120/><V17/><F17/><N who="3" m="12303" /><G98/><AGARI ba="1,2" hai="44,45,74,76,81,89,95,97,98,103,107,128,130,131" machi="98" ten="40,2600,0" yaku="1,1,19,1,53,0" doraHai="53" doraHaiUra="108" who="0" fromWho="3" sc="110,49,237,0,428,0,205,-29" /><INIT seed="3,0,0,2,3,32" ten="159,237,428,176" oya="3" hai0="33,90,50,113,51,100,81,135,59,97,127,108,46" hai1="43,35,99,122,37,13,3,101,61,107,93,131,118" hai2="20,48,130,75,38,98,125,29,76,62,129,102,34" hai3="72,36,31,56,6,68,120,22,47,21,133,27,16"/><W103/><G120/><T83/><D33/><U94/><E122/><V19/><F38/><W66/><G72/><T91/><D108/><U45/><E35/><V117/><F117/><W25/><G133/><T86/><D127/><U63/><E118/><V44/><F125/><W116/><G116/><T104/><D135/><U24/><E131/><V77/><F62/><W123/><G123/><T8/><D113/><U132/><E132/><V89/><F89/><W85/><G6/><T2/><D59/><U71/><E24/><V28/><F29/><W84/><G103/><T69/><D69/><U110/><E110/><V14/><F28/><W70/><G56/><T64/><D64/><U17/><E3/><V119/><F34/><W128/><G128/><N who="2" m="49257" /><F75/><W57/><G68/><T82/><D91/><U42/><E42/><N who="2" m="24599" /><F119/><W10/><G70/><T26/><D26/><U54/><E63/><V49/><F49/><W18/><G47/><T74/><D74/><U65/><E54/><V111/><F111/><W121/><G36/><T96/><D96/><U9/><AGARI ba="0,0" hai="9,13,17,37,43,45,61,65,71,93,94,99,101,107" machi="9" ten="20,1500,0" yaku="0,1,7,1" doraHai="32" who="1" fromWho="1" sc="159,-4,237,15,428,-4,176,-7" /><INIT seed="4,0,0,3,0,18" ten="155,252,424,169" oya="0" hai0="35,95,110,7,42,134,0,102,131,122,65,14,125" hai1="5,51,60,26,114,63,59,44,85,119,82,10,121" hai2="40,15,12,123,67,24,135,17,3,83,2,23,88" hai3="49,47,99,75,19,90,70,16,112,50,89,132,20"/><T116/><D116/><U37/><E37/><V84/><F123/><W74/><G70/><T21/><D122/><U117/><E121/><V22/><F135/><W79/><G132/><T72/><D72/><U91/><E114/><V104/><F104/><W118/><G118/><T78/><D134/><U97/><E97/><V39/><F67/><W108/><G108/><T120/><D78/><U124/><E124/><V4/><F39/><W34/><G34/><T57/><D35/><U52/><E63/><V9/><F40/><W115/><G99/><T29/><D0/><U66/><REACH who="1" step="1"/><E26/><REACH who="1" ten="155,242,424,169" step="2"/><V106/><F106/><W103/><G112/><T43/><D125/><U94/><E94/><V69/><F69/><W86/><G115/><T33/><D95/><U98/><E98/><V32/><F32/><W28/><G103/><T27/><D120/><U46/><E46/><V107/><F107/><W68/><G68/><T71/><D71/><U6/><E6/><V77/><F77/><W62/><G79/><T1/><D7/><U54/><E54/><V58/><F58/><W105/><G105/><T127/><D27/><U130/><E130/><V101/><F101/><W133/><G47/><T38/><D57/><U87/><E87/><V80/><F80/><W100/><G86/><T113/><D102/><U31/><E31/><AGARI ba="0,1" hai="2,3,4,9,12,15,17,22,23,24,31,83,84,88" machi="31" ten="30,7700,0" yaku="7,1,52,2,54,1" doraHai="18" who="2" fromWho="1" sc="155,0,242,-77,424,87,169,0" /><INIT seed="5,0,0,1,4,50" ten="155,165,511,169" oya="1" hai0="31,54,67,132,66,105,124,102,72,22,109,14,49" hai1="76,95,30,135,110,88,17,12,73,125,39,96,18" hai2="3,129,28,24,89,53,19,106,44,78,107,2,103" hai3="11,70,38,91,111,7,120,99,123,23,100,83,41"/><U85/><E39/><V86/><F78/><W68/><G111/><T133/><D109/><U116/><E110/><V65/><F19/><W84/><G23/><T56/><D124/><U71/><E71/><V130/><F65/><W35/><G35/><T92/><D72/><U119/><E125/><V126/><F126/><W77/><G68/><T1/><D1/><U5/><E5/><V47/><F106/><W62/><G62/><T8/><D105/><U90/><E135/><N who="0" m="51785" /><D31/><U79/><E30/><V63/><F103/><W128/><G70/><T46/><D22/><U37/><E37/><V29/><F107/><W4/><G128/><T118/><D118/><U113/><E113/><V48/><F63/><W75/><G100/><T45/><D92/><U108/><E108/><V94/><F47/><N who="0" m="17930" /><D102/><U131/><E131/><N who="2" m="50187" /><F29/><W33/><G75/><T15/><D15/><U87/><E73/><V51/><F51/><W43/><G38/><T40/><D40/><U80/><E116/><V61/><F61/><W55/><G43/><T57/><D57/><U34/><E119/><V82/><F94/><W64/><G41/><T42/><D42/><U93/><E34/><AGARI ba="0,0" hai="2,3,24,28,34,44,48,53,82,86,89" m="50187" machi="34" ten="30,2000,0" yaku="19,1,52,1" doraHai="50" who="2" fromWho="1" sc="155,0,165,-20,511,20,169,0" /><INIT seed="6,0,0,5,5,90" ten="155,145,531,169" oya="2" hai0="36,70,42,0,16,56,10,111,115,22,11,123,85" hai1="24,8,48,25,103,55,95,5,105,132,84,17,23" hai2="14,82,59,80,50,68,124,69,73,118,86,101,131" hai3="122,40,76,51,113,15,87,32,66,104,93,114,35"/><V2/><F2/><W126/><G104/><T18/><D70/><U83/><E132/><V106/><F118/><W135/><G135/><T125/><D111/><U57/><E105/><V78/><F131/><W62/><G122/><T100/><D123/><U98/><E23/><V41/><F124/><W63/><G126/><T67/><D125/><U128/><E128/><V119/><F119/><W64/><G15/><T79/><D100/><U6/><E17/><V38/><F38/><W102/><G40/><T77/><D0/><U65/><E65/><N who="3" m="25194" /><G51/><T34/><D34/><N who="3" m="12841" /><G76/><T44/><D67/><U72/><E72/><V47/><F14/><W29/><G29/><T27/><D56/><U121/><E121/><V109/><F59/><W61/><G87/><T1/><D1/><U4/><REACH who="1" step="1"/><E8/><REACH who="1" ten="155,135,531,169" step="2"/><V71/><F73/><W45/><G113/><T75/><D115/><U92/><E92/><V21/><F106/><W60/><G114/><T134/><D75/><U7/><N who="1" m="1024" /><DORA hai="33" /><U43/><E43/><V89/><F41/><W99/><N who="3" m="15872" /><DORA hai="52" /><W120/><G120/><T133/><D134/><U13/><E13/><V54/><F71/><W116/><G116/><T20/><D133/><U3/><E3/><V107/><F107/><W94/><G94/><T53/><D11/><U12/><E12/><V81/><F69/><W127/><G127/><T88/><D10/><U96/><E96/><V112/><F68/><W31/><G31/><T58/><D22/><U49/><E49/><V30/><F50/><W91/><G102/><T26/><D18/><U28/><E28/><V46/><F101/><RYUUKYOKU ba="0,1" sc="155,-15,135,15,531,-15,169,15" hai1="24,25,48,55,57,83,84,95,98,103" hai3="45,91,93,99" /><INIT seed="7,1,1,3,0,70" ten="140,150,516,184" oya="3" hai0="14,45,103,91,12,41,8,39,36,84,124,67,52" hai1="76,56,30,66,53,2,120,104,68,10,118,35,58" hai2="42,72,57,123,110,13,95,48,127,0,80,100,78" hai3="96,19,47,43,34,132,93,65,55,111,74,29,17"/><W113/><G74/><T129/><D103/><U27/><E120/><V28/><F0/><W49/><G113/><T60/><D124/><U98/><E118/><V130/><F28/><W69/><G132/><T4/><D129/><U71/><E76/><V61/><F110/><W73/><G73/><T16/><D52/><U3/><E3/><V15/><F127/><W121/><G55/><T63/><D39/><U44/><E44/><V32/><F32/><W128/><G47/><T92/><D67/><U135/><E135/><V108/><F108/><W37/><G34/><T22/><AGARI ba="1,1" hai="4,8,12,14,16,22,36,41,45,60,63,84,91,92" machi="22" ten="20,5200,0" yaku="0,1,7,1,52,1,54,1" doraHai="70" who="0" fromWho="0" sc="140,65,150,-14,516,-14,184,-27" owari="205,1.0,136,-36.0,502,59.0,157,-24.0" /></mjloggm>