<mjloggm ver="2.3"><GO type="169" lobby="0"/><UN n0="%7A%61%63%63" n1="%E9%87%8F%E5%AD%90%28%E3%82%8A%E3%82%87%E3%81%86%E3%81%97%29" n2="%65%67%69%73%68%6F%32" n3="%E3%83%88%E3%83%88%E3%83%AA%E5%85%88%E7%94%9F%31%39%E6%AD%B3" dan="16,16,17,19" rate="2135.88,2110.46,2196.96,2252.93" sx="F,M,M,F"/><TAIKYOKU oya="0"/><INIT seed="0,0,0,4,1,94" ten="250,250,250,250" oya="0" hai0="134,4,15,102,43,118,0,40,68,89,21,30,77" hai1="74,109,19,99,14,132,8,38,48,128,101,46,47" hai2="107,29,70,104,119,75,5,53,11,1,81,10,37" hai3="50,67,90,93,61,115,108,117,9,135,64,33,76"/><T106/><D68/><U59/><E128/><V32/><F11/><W42/><G115/><T80/><D118/><U20/><E132/><V45/><F53/><W44/><G117/><T122/><D122/><U126/><E74/><V16/><F70/><W18/><G135/><T41/><D134/><U23/><E126/><V62/><F62/><W116/><G108/><T86/><D0/><U58/><E38/><V69/><F69/><W55/><G33/><T100/><D106/><U113/><E109/><V7/><F7/><W85/><G116/><T120/><D120/><U133/><E113/><V78/><F16/><W127/><G127/><T25/><REACH who="0" step="1"/><D77/><REACH who="0" ten="240,250,250,250" step="2"/><U28/><E133/><V57/><F119/><W121/><G76/><T36/><D36/><U12/><E28/><V56/><F56/><N who="3" m="34975" /><G121/><T88/><D88/><U125/><E125/><V103/><F57/><W24/><G90/><T87/><D87/><U112/><E59/><V97/><F104/><W82/><G85/><T84/><D84/><U96/><E58/><V52/><F37/><W3/><G3/><T66/><D66/><U2/><E2/><V71/><F71/><W105/><G105/><T129/><D129/><U114/><E112/><V98/><F107/><W49/><G64/><T83/><D83/><U111/><E114/><V124/><F124/><W110/><G82/><T22/><D22/><U72/><E23/><V34/><F103/><W35/><G67/><T63/><D63/><U27/><E101/><V51/><F34/><W79/><G35/><T131/><D131/><U54/><E20/><V26/><AGARI ba="0,1" hai="1,5,10,26,29,32,45,51,52,75,78,81,97,98" machi="26" ten="30,8000,1" yaku="5,1,0,1,52,2,54,1" doraHai="94" who="2" fromWho="2" sc="240,-40,250,-20,250,90,250,-20" /><INIT seed="1,0,0,2,4,50" ten="200,230,340,230" oya="1" hai0="128,106,17,18,47,70,80,69,92,64,97,88,5" hai1="36,93,15,4,133,66,103,95,21,78,90,117,102" hai2="62,28,48,74,85,67,39,61,41,89,40,14,107" hai3="51,132,27,56,8,123,7,52,25,101,109,32,119"/><U26/><E36/><V54/><F74/><W46/><G123/><T22/><D128/><U135/><E117/><V91/><F107/><W16/><G119/><T118/><D118/><U131/><E66/><V57/><F61/><W12/><G109/><T83/><D106/><U20/><E78/><V112/><F112/><W24/><G132/><N who="1" m="50762" /><E131/><V30/><F14/><N who="3" m="5407" /><G32/><T126/><D5/><U3/><E3/><V6/><F6/><W63/><G101/><N who="1" m="38410" /><E95/><V87/><F85/><W2/><G2/><T11/><D64/><U110/><E26/><V34/><F34/><W23/><G27/><T71/><D126/><U108/><E4/><V58/><F91/><W104/><G104/><T105/><D105/><U113/><E15/><V81/><F39/><W42/><AGARI ba="0,0" hai="12,16,23,24,25,42,46,51,52,56,63" m="5407" machi="42" ten="30,7900,0" yaku="8,1,52,1,54,2" doraHai="50" who="3" fromWho="3" sc="200,-20,230,-39,340,-20,230,79" /><INIT seed="2,0,0,1,5,38" ten="180,191,320,309" oya="2" hai0="21,28,66,39,33,47,117,121,20,97,37,49,5" hai1="92,3,122,90,63,52,45,23,64,134,79,115,82" hai2="113,80,65,75,77,98,17,119,8,124,105,32,35" hai3="9,111,53,76,103,58,54,106,118,93,120,25,104"/><V67/><F119/><W127/><G118/><T36/><D121/><U81/><E3/><V69/><F124/><W12/><G120/><T85/><D33/><U125/><E115/><V108/><F113/><W109/><G127/><T129/><D129/><U51/><E134/><V6/><F108/><N who="3" m="41547" /><G76/><T56/><D5/><U26/><E122/><V61/><F67/><W48/><G25/><T50/><D117/><U73/><E125/><V1/><REACH who="2" step="1"/><F17/><REACH who="2" ten="180,191,310,309" step="2"/><N who="3" m="8335" /><G54/><T60/><D28/><U4/><E4/><V40/><F40/><W11/><G11/><T131/><D66/><U78/><E64/><V16/><F16/><W18/><G18/><T86/><D131/><U101/><E52/><V59/><F59/><W89/><G103/><AGARI ba="0,1" hai="1,6,8,32,35,61,65,69,75,77,80,98,103,105" machi="103" ten="40,12000,1" yaku="1,1,33,3,53,1" doraHai="38" doraHaiUra="102" who="2" fromWho="3" sc="180,0,191,0,310,130,309,-120" /><INIT seed="2,1,0,1,5,110" ten="180,191,440,189" oya="2" hai0="40,104,44,54,119,89,62,27,14,33,8,102,51" hai1="21,4,123,77,126,38,130,85,92,125,132,129,91" hai2="22,103,87,68,23,81,124,94,78,65,99,13,117" hai3="83,70,98,25,15,45,19,47,39,55,37,109,107"/><V75/><F124/><N who="1" m="47721" /><E38/><V58/><F117/><W46/><G109/><T2/><D119/><U61/><E4/><V20/><F68/><W93/><G107/><T26/><D2/><U43/><E43/><V32/><F32/><W48/><G70/><T11/><D33/><U28/><E61/><N who="2" m="38071" /><F75/><W18/><G83/><T30/><D102/><U9/><E9/><V114/><F114/><W97/><G97/><T82/><D104/><U101/><E123/><V135/><F135/><W86/><G86/><T1/><D1/><U52/><E52/><V74/><F74/><W112/><G112/><T0/><D0/><U42/><E42/><V66/><F66/><W127/><G127/><T72/><D8/><U6/><E6/><V118/><F118/><W116/><G116/><T7/><D30/><U57/><E57/><V50/><F50/><W96/><G96/><T133/><D133/><U56/><E56/><V131/><F131/><N who="1" m="50185" /><E101/><V121/><F121/><W69/><G69/><T3/><D3/><U88/><E28/><V113/><F113/><W49/><G39/><T134/><D62/><U31/><E31/><V128/><F128/><W64/><G37/><T12/><D40/><U120/><E120/><V29/><F29/><W73/><G64/><T95/><D51/><U63/><E63/><V80/><F80/><W5/><G49/><T106/><D82/><N who="1" m="47311" /><E21/><V115/><F115/><W105/><G48/><T84/><D54/><U53/><E53/><V34/><F34/><W100/><G55/><T59/><D59/><U16/><E132/><V108/><F108/><W67/><G67/><RYUUKYOKU ba="1,0" sc="180,-10,191,-10,440,30,189,-10" hai2="13,20,22,23,78,81,87,94,99,103" /><INIT seed="2,2,0,3,1,26" ten="170,181,470,179" oya="2" hai0="77,63,15,103,62,61,6,56,110,20,82,7,131" hai1="80,119,78,128,50,118,89,23,21,33,88,92,134" hai2="101,67,122,58,86,48,79,113,1,32,37,9,94" hai3="42,106,108,121,132,45,116,30,83,124,19,129,125"/><V66/><F113/><W2/><G116/><T102/><D131/><U75/><E128/><V70/><F122/><W68/><G129/><T43/><D110/><U73/><E33/><V64/><F37/><W55/><G121/><T10/><D43/><U99/><E50/><V93/><F32/><W11/><G106/><T96/><D6/><U49/><E49/><V65/><F70/><W40/><G68/><T5/><D5/><U84/><E21/><V109/><F109/><W120/><G120/><T53/><D102/><N who="1" m="60775" /><E23/><V24/><F24/><W130/><G130/><T47/><D47/><U16/><E16/><V112/><F112/><W46/><G108/><T104/><REACH who="0" step="1"/><D20/><REACH who="0" ten="160,181,470,179" step="2"/><U28/><E134/><V123/><F123/><W38/><G132/><T107/><D107/><U39/><E39/><V72/><F101/><W87/><G38/><T57/><D57/><U51/><E28/><V44/><F1/><W54/><G2/><T8/><D8/><U76/><E51/><V0/><F9/><W81/><G11/><T90/><D90/><N who="1" m="34923" /><E78/><V135/><F0/><W117/><G19/><T71/><D71/><U14/><E14/><V126/><F135/><W35/><G35/><T100/><D100/><U97/><E97/><V17/><F17/><W85/><G117/><AGARI ba="2,1" hai="73,75,76,80,84,117,118,119" m="34923,60775" machi="117" ten="30,3900,0" yaku="34,2,54,1" doraHai="26" who="1" fromWho="3" sc="160,0,181,55,470,0,179,-45" /><INIT seed="3,0,0,2,1,57" ten="160,236,470,134" oya="3" hai0="100,106,5,38,10,56,69,126,68,102,23,90,135" hai1="50,49,19,41,53,95,83,27,98,48,36,4,51" hai2="72,123,99,63,129,14,45,74,34,103,110,47,67" hai3="109,31,120,18,93,9,85,37,8,24,64,108,2"/><W82/><G120/><T125/><D38/><U58/><E4/><V43/><F110/><N who="3" m="42603" /><G37/><T7/><D135/><U78/><E36/><V132/><F129/><W114/><G114/><T128/><D128/><U86/><E41/><V16/><F132/><W25/><G93/><T65/><D90/><U61/><N who="1" m="12288" /><DORA hai="0" /><U30/><E19/><V21/><F34/><N who="3" m="20839" /><G2/><T73/><D73/><U121/><E121/><V70/><F123/><W62/><G25/><T26/><D10/><U101/><E27/><V87/><F87/><W75/><G75/><T124/><D106/><U131/><E131/><V55/><F55/><W60/><G64/><T59/><D100/><U44/><E44/><V17/><F47/><W11/><G18/><T84/><D102/><U54/><E30/><V79/><F45/><W15/><G15/><T32/><D84/><U111/><E111/><V92/><F43/><W28/><G28/><T52/><D32/><U117/><E53/><V133/><F17/><W77/><AGARI ba="0,0" hai="8,9,11,60,62,77,82,85" m="20839,42603" machi="77" ten="30,11700,0" yaku="14,1,10,1,52,2" doraHai="57,0" who="3" fromWho="3" sc="160,-39,236,-39,470,-39,134,117" /><INIT seed="3,1,0,3,1,105" ten="121,197,431,251" oya="3" hai0="91,124,82,35,128,107,26,127,7,85,44,4,68" hai1="40,17,47,131,87,10,88,102,3,72,75,101,117" hai2="95,86,119,77,81,55,90,110,83,23,58,16,25" hai3="2,80,78,130,41,64,13,39,8,115,135,11,50"/><W97/><G115/><T53/><D68/><U121/><E121/><V112/><F110/><W34/><G34/><T84/><D107/><U118/><E131/><V6/><F112/><W120/><G120/><T52/><D128/><U37/><E17/><V48/><F119/><N who="1" m="45577" /><E10/><V32/><F32/><W108/><G130/><T70/><D70/><U27/><E27/><V113/><F113/><W28/><G28/><T76/><D35/><U21/><E21/><V60/><F6/><W111/><G135/><T133/><D26/><U114/><E3/><V65/><REACH who="2" step="1"/><F77/><REACH who="2" ten="121,197,421,251" step="2"/><W92/><G78/><T98/><D4/><U36/><E114/><V42/><F42/><W106/><G41/><T103/><D7/><U15/><E36/><V93/><F93/><W24/><G92/><T74/><D133/><U66/><E66/><V5/><F5/><N who="3" m="1079" /><G64/><T67/><D67/><U12/><E37/><V49/><F49/><W96/><G50/><T0/><D0/><U14/><E40/><V61/><F61/><W69/><G39/><T30/><D53/><U29/><E47/><AGARI ba="1,1" hai="16,23,25,47,48,55,58,60,65,81,83,86,90,95" machi="47" ten="30,7700,0" yaku="1,1,7,1,8,1,54,1,53,0" doraHai="105" doraHaiUra="99" who="2" fromWho="1" sc="121,0,197,-80,421,90,251,0" /><INIT seed="4,0,0,3,2,134" ten="121,117,511,251" oya="0" hai0="120,59,49,78,65,6,87,26,45,73,86,123,110" hai1="94,79,81,54,88,82,40,24,116,119,16,129,97" hai2="31,29,77,95,53,17,55,56,27,101,103,102,19" hai3="38,35,127,20,69,124,121,91,126,105,5,72,118"/><T67/><D73/><U51/><E129/><V130/><F130/><W48/><G118/><T131/><D131/><U75/><E40/><V37/><F37/><W113/><G69/><T93/><D6/><U68/><E68/><V106/><F106/><W2/><G35/><T133/><D110/><U10/><E82/><V12/><F77/><W92/><G38/><T66/><D133/><U25/><E25/><V64/><F95/><W8/><G105/><T43/><D86/><U122/><E122/><V4/><F4/><W76/><G113/><T111/><D111/><U9/><E9/><V13/><F64/><W33/><G33/><T107/><D107/><U128/><E128/><V114/><F114/><W125/><G121/><T21/><D59/><U74/><E74/><V46/><F46/><W44/><G20/><T30/><REACH who="0" step="1"/><D93/><REACH who="0" ten="111,117,511,251" step="2"/><U63/><E116/><V36/><F56/><W57/><G57/><T83/><AGARI ba="0,1" hai="21,26,30,43,45,49,65,66,67,78,83,87,120,123" machi="83" ten="30,6000,0" yaku="1,1,2,1,0,1,53,0" doraHai="134" doraHaiUra="132" who="0" fromWho="0" sc="111,70,117,-20,511,-20,251,-20" /><INIT seed="4,1,0,5,2,41" ten="181,97,491,231" oya="0" hai0="22,102,48,6,28,13,50,127,63,40,126,83,77" hai1="106,27,58,111,73,82,74,128,35,132,99,34,123" hai2="37,44,125,14,10,57,18,16,88,12,108,86,92" hai3="98,23,45,107,61,104,32,65,67,91,56,85,135"/><T130/><D130/><U59/><E123/><V64/><F125/><N who="0" m="47626" /><D102/><U93/><E111/><V33/><F33/><W42/><G32/><T97/><D97/><U1/><E1/><V9/><F108/><W109/><G109/><T5/><D63/><U87/><E132/><V11/><F37/><W71/><G135/><T38/><D38/><U25/><E106/><V60/><F44/><W121/><G121/><T133/><D133/><U105/><E105/><V4/><F4/><N who="0" m="1642" /><D40/><U68/><E128/><V76/><F76/><W52/><G98/><T101/><D101/><U0/><E0/><V19/><AGARI ba="1,0" hai="9,10,11,12,14,16,18,19,57,60,64,86,88,92" machi="19" ten="30,7900,0" yaku="0,1,8,1,54,2" doraHai="41" who="2" fromWho="2" sc="181,-40,97,-21,491,82,231,-21" /><INIT seed="5,0,0,0,5,49" ten="141,76,573,210" oya="1" hai0="105,89,97,103,25,85,40,130,29,91,33,83,110" hai1="4,37,45,21,135,125,74,17,92,128,16,78,68" hai2="63,10,47,64,3,5,58,76,133,115,70,2,96" hai3="82,104,114,122,79,107,69,86,90,62,93,67,102"/><U72/><E125/><V30/><F133/><W8/><G122/><T109/><D130/><U118/><E118/><V44/><F115/><W27/><G114/><T20/><D33/><U129/><E135/><V52/><F3/><W9/><G27/><T100/><D40/><U22/><E68/><V134/><F134/><W19/><G19/><T87/><REACH who="0" step="1"/><D103/><REACH who="0" ten="131,76,573,210" step="2"/><U80/><E4/><V0/><F0/><W124/><G124/><T126/><D126/><U38/><E92/><AGARI ba="0,1" hai="20,25,29,83,85,87,89,91,92,97,100,105,109,110" machi="92" ten="30,2000,0" yaku="1,1,7,1,53,0" doraHai="49" doraHaiUra="13" who="0" fromWho="1" sc="131,30,76,-20,573,0,210,0" /><INIT seed="6,0,0,3,5,21" ten="161,56,573,210" oya="2" hai0="124,4,115,45,122,90,97,44,134,74,123,73,54" hai1="36,112,51,119,32,83,41,65,23,99,34,24,67" hai2="46,126,10,5,117,16,62,113,28,68,94,116,22" hai3="47,43,132,66,70,42,31,71,102,130,52,15,75"/><V84/><F113/><W14/><G75/><T108/><D115/><U33/><E112/><V72/><F72/><W48/><G130/><T88/><D108/><U17/><E119/><V29/><F126/><W69/><G132/><T0/><D4/><U78/><E36/><V96/><F84/><W6/><G102/><T60/><D134/><U40/><E99/><V91/><F46/><W30/><G66/><T111/><D60/><U103/><E103/><V131/><F131/><W50/><G6/><T105/><D54/><U38/><E38/><V128/><F128/><W125/><G125/><T1/><D97/><U59/><E41/><N who="3" m="15370" /><G52/><T82/><D124/><U106/><E106/><V63/><F117/><W100/><G47/><T11/><D105/><U81/><E81/><V133/><F133/><W64/><G64/><T98/><D98/><U95/><E95/><V79/><F79/><W109/><G100/><T120/><D82/><U57/><E40/><V92/><F92/><W58/><G58/><T27/><D120/><U20/><E57/><V53/><F116/><W121/><G109/><T25/><D111/><U135/><E135/><V19/><F19/><W107/><G121/><T110/><D110/><U49/><E59/><N who="2" m="35183" /><F63/><W76/><G76/><T3/><D3/><U80/><E80/><V104/><F104/><W55/><G107/><T86/><D86/><U89/><E78/><V7/><F68/><W56/><G50/><N who="1" m="18954" /><E83/><V114/><F114/><W26/><G31/><N who="2" m="11849" /><F10/><AGARI ba="0,0" hai="0,1,10,11,25,27,44,45,73,74,88,90,122,123" machi="10" ten="25,8000,1" yaku="22,2,52,2,54,1" doraHai="21" who="0" fromWho="2" sc="161,80,56,0,573,-80,210,0" /><INIT seed="7,0,0,3,5,99" ten="241,56,493,210" oya="3" hai0="12,110,76,115,46,101,77,113,114,49,26,124,19" hai1="48,84,134,51,93,44,127,130,58,131,119,105,4" hai2="31,32,117,83,7,102,22,73,3,50,104,116,17" hai3="28,109,35,30,74,11,52,64,25,39,123,59,63"/><W60/><G123/><T75/><D110/><U79/><E105/><V82/><F50/><W92/><G109/><T108/><D26/><U80/><E4/><V61/><F61/><W45/><G74/><T13/><D124/><U6/><E6/><V8/><F83/><W78/><G78/><T27/><D27/><U112/><E58/><V15/><F82/><W118/><G118/><T43/><D108/><U24/><E24/><N who="2" m="18535" /><F73/><W66/><G30/><T100/><D13/><U128/><E51/><V87/><F87/><W1/><G11/><N who="0" m="6559" /><D75/><N who="1" m="43135" /><E48/><V67/><F67/><W40/><G1/><T81/><D81/><U107/><E44/><V126/><F126/><W38/><G38/><T86/><D86/><U89/><E127/><V121/><F121/><W71/><G92/><T72/><D72/><U96/><E119/><V42/><F42/><W16/><REACH who="3" step="1"/><G16/><REACH who="3" ten="241,56,493,200" step="2"/><T29/><D29/><U37/><E37/><V21/><F21/><W68/><G68/><T94/><D94/><U10/><E10/><V90/><F117/><W14/><G14/><T5/><D77/><U56/><E134/><V62/><F116/><W85/><G85/><T47/><D76/><U129/><N who="1" m="32768" /><DORA hai="135" /><U9/><E9/><V133/><F8/><W103/><G103/><T57/><D101/><N who="1" m="62887" /><E56/><V36/><F3/><W41/><G41/><T23/><D57/><U122/><E122/><V70/><F17/><W125/><G125/><T18/><D43/><U132/><E132/><V95/><F133/><W54/><AGARI ba="0,1" hai="25,28,35,39,40,45,52,54,59,60,63,64,66,71" machi="54" ten="30,12000,1" yaku="1,1,0,1,54,1,53,2" doraHai="99,135" doraHaiUra="55,53" who="3" fromWho="3" sc="241,-40,56,-40,493,-40,200,130" /><INIT seed="7,1,0,2,4,31" ten="201,16,453,330" oya="3" hai0="77,12,36,29,41,99,76,64,123,37,120,93,5" hai1="28,105,46,33,97,70,104,74,10,25,27,8,2" hai2="126,75,135,6,102,14,44,90,39,107,84,24,22" hai3="122,67,62,53,57,34,63,112,40,16,83,7,73"/><W56/><G122/><T133/><D64/><U110/><E110/><V128/><F75/><W125/><G112/><T61/><D61/><U124/><E124/><V118/><F118/><W101/><G125/><T109/><D109/><U9/><E46/><V98/><F126/><W42/><G7/><T79/><D41/><U48/><E48/><V89/><F128/><W43/><G101/><T81/><D81/><U132/><E132/><V50/><F135/><W103/><G103/><T54/><D54/><U17/><E70/><V114/><F39/><W130/><G130/><T72/><D72/><U117/><E117/><V45/><F114/><W55/><G34/><T30/><D133/><U134/><E134/><V66/><F66/><W32/><G32/><T18/><D5/><N who="1" m="1079" /><E74/><V129/><F129/><W100/><G100/><T113/><D113/><U49/><E49/><V106/><F106/><W78/><G67/><T23/><D37/><U86/><E86/><V38/><F38/><W91/><G91/><T35/><D36/><U119/><E119/><V96/><F96/><W3/><G3/><T85/><D99/><U71/><E71/><V108/><F108/><W1/><G1/><T60/><D123/><U94/><E104/><V15/><F89/><W11/><G43/><T51/><D120/><U58/><E105/><V59/><F6/><W69/><REACH who="3" step="1"/><G69/><REACH who="3" ten="201,16,453,320" step="2"/><T21/><D35/><U20/><E58/><V111/><F111/><W13/><AGARI ba="1,1" hai="11,13,16,40,42,53,55,56,57,62,63,73,78,83" machi="13" ten="30,12000,1" yaku="1,1,2,1,0,1,9,1,54,1,53,0" doraHai="31" doraHaiUra="88" who="3" fromWho="3" sc="201,-41,16,-41,453,-41,320,133" owari="160,-24.0,-25,-53.0,412,21.0,453,56.0" /></mjloggm>