<mjloggm ver="2.3"><GO type="169" lobby="0"/><UN n0="%E3%83%84%E3%82%A4%E3%82%B9%E3%83%88" n1="%E5%B1%B1%E6%9C%AC%E5%8B%98%E5%8A%A9" n2="%E5%B0%B1%E6%B4%BB%E7%94%9F%40%E5%B7%9D%E6%9D%91%E8%BB%8D%E5%9B%A3" n3="%7A%65%52%6F" dan="16,17,17,17" rate="2030.13,2104.65,2169.53,2251.77" sx="M,M,M,M"/><TAIKYOKU oya="0"/><INIT seed="0,0,0,4,2,14" ten="250,250,250,250" oya="0" hai0="88,49,45,3,102,97,4,31,57,73,79,34,47" hai1="7,126,77,81,92,58,17,59,44,36,100,103,67" hai2="62,117,84,64,38,87,128,71,66,76,24,121,132" hai3="5,37,85,101,89,13,93,42,55,86,80,2,46"/><T69/><D69/><U82/><E126/><V104/><F121/><W119/><G2/><T70/><D70/><U29/><E7/><V60/><F104/><W23/><G119/><T90/><D57/><U94/><E29/><V131/><F38/><W54/><G101/><T56/><D56/><U95/><E36/><V27/><F71/><W83/><G93/><T65/><D65/><U50/><E59/><V1/><F1/><W110/><G110/><T16/><D47/><U135/><E135/><V112/><F76/><W40/><G40/><T26/><D4/><U125/><E125/><V108/><F108/><W10/><G23/><T98/><D3/><U15/><E103/><V11/><F11/><W30/><G30/><T52/><D98/><U32/><E32/><V109/><F109/><W18/><REACH who="3" step="1"/><G5/><REACH who="3" ten="250,250,250,240" step="2"/><T9/><D102/><U115/><E100/><V116/><F132/><W106/><G106/><T6/><D6/><U78/><E82/><V123/><REACH who="2" step="1"/><F123/><REACH who="2" ten="250,250,240,240" step="2"/><W25/><G25/><T63/><D26/><U75/><E78/><AGARI ba="0,2" hai="10,13,18,37,42,46,54,55,78,80,83,85,86,89" machi="78" ten="30,3900,0" yaku="1,1,7,1,52,1,53,0" doraHai="14" doraHaiUra="21" who="3" fromWho="1" sc="250,0,250,-39,240,0,240,59" /><INIT seed="1,0,0,5,1,71" ten="250,211,240,299" oya="1" hai0="55,107,77,38,84,42,115,111,37,120,99,2,68" hai1="61,130,48,28,81,41,63,106,87,128,105,85,53" hai2="66,5,122,97,31,90,44,88,121,11,110,60,89" hai3="67,70,39,117,75,13,118,95,21,103,69,40,26"/><U129/><E28/><V98/><F110/><W24/><G75/><T65/><D111/><U126/><E126/><V1/><F31/><W7/><G103/><T116/><D115/><U80/><E41/><V131/><F131/><W123/><G95/><T109/><D109/><U72/><E72/><V43/><F121/><W15/><G123/><T32/><D120/><U114/><E114/><V29/><F29/><W86/><G86/><N who="1" m="32778" /><E48/><V101/><F101/><W12/><G7/><T79/><D116/><N who="3" m="44649" /><G67/><T23/><D32/><U46/><E46/><V19/><F19/><N who="3" m="12351" /><G26/><T64/><D64/><U36/><E36/><V30/><F30/><W83/><G83/><N who="1" m="31818" /><E53/><V78/><F78/><W91/><G91/><T92/><D79/><U22/><E22/><V56/><REACH who="2" step="1"/><F122/><REACH who="2" ten="250,211,230,299" step="2"/><W16/><G16/><T45/><D77/><U10/><E10/><V57/><F57/><W54/><G70/><T3/><D68/><U134/><E134/><V58/><F58/><W112/><G69/><T74/><D74/><U18/><E18/><V52/><F52/><W27/><G54/><T108/><D108/><U104/><AGARI ba="0,1" hai="61,63,104,105,106,128,129,130" m="31818,32778" machi="104" ten="50,9600,0" yaku="28,2,19,1" doraHai="71" who="1" fromWho="1" sc="250,-32,211,106,230,-32,299,-32" /><INIT seed="1,1,0,2,3,102" ten="218,317,198,267" oya="1" hai0="122,76,116,80,97,8,61,87,67,100,30,134,47" hai1="117,63,96,11,68,59,113,115,104,48,35,72,3" hai2="127,130,95,46,21,120,40,22,50,92,29,4,24" hai3="17,52,99,43,7,86,26,128,103,20,110,66,10"/><U18/><E117/><V65/><F120/><W93/><G110/><T14/><D122/><U70/><E72/><V9/><F130/><W55/><G128/><T51/><D116/><U69/><E35/><V82/><F127/><W39/><G66/><T109/><D109/><U53/><E18/><V71/><F22/><W108/><G108/><T88/><D30/><U91/><E91/><V33/><F33/><W73/><G73/><T94/><D134/><U135/><E135/><V57/><F71/><W37/><G86/><T111/><D111/><U27/><E27/><V125/><F125/><W106/><G93/><T129/><D129/><U114/><E11/><V23/><F23/><W118/><G118/><T12/><D8/><U107/><E3/><V77/><F57/><W1/><REACH who="3" step="1"/><G43/><REACH who="3" ten="218,317,198,257" step="2"/><T25/><D67/><U133/><E133/><V123/><F65/><W112/><G112/><T131/><D131/><U19/><E96/><V81/><F123/><W36/><AGARI ba="1,1" hai="1,7,10,17,20,26,36,37,39,52,55,99,103,106" machi="36" ten="30,7900,0" yaku="1,1,0,1,52,1,54,1,53,0" doraHai="102" doraHaiUra="41" who="3" fromWho="3" sc="218,-21,317,-40,198,-21,257,92" /><INIT seed="2,0,0,5,3,72" ten="197,277,177,349" oya="2" hai0="18,67,71,61,121,24,20,14,23,8,2,99,11" hai1="114,103,50,98,3,56,130,81,36,75,40,95,106" hai2="107,94,58,97,33,31,55,7,93,90,96,6,45" hai3="37,63,87,35,82,111,47,17,53,51,42,59,9"/><V78/><F107/><W73/><G111/><T126/><D121/><U28/><E114/><V80/><F33/><W92/><G35/><T57/><D126/><U133/><E3/><V124/><F124/><W41/><G73/><T132/><D132/><U112/><E133/><V101/><F31/><W5/><G92/><T123/><D123/><U135/><E135/><V84/><REACH who="2" step="1"/><F45/><REACH who="2" ten="197,277,167,349" step="2"/><W15/><G37/><T38/><D38/><U70/><E36/><V89/><F89/><N who="3" m="51447" /><G5/><T122/><D122/><U29/><E28/><V68/><F68/><W30/><G30/><T62/><D71/><U74/><E29/><V88/><F88/><W10/><G10/><T131/><D11/><U26/><E70/><V91/><F91/><W46/><G46/><T102/><D8/><U13/><E112/><V83/><F83/><W64/><AGARI ba="0,1" hai="9,15,17,41,42,47,51,53,59,63,64" m="51447" machi="64" ten="30,2000,0" yaku="25,1,8,1" doraHai="72" who="3" fromWho="3" sc="197,-5,277,-5,167,-10,349,30" /><INIT seed="3,0,0,1,4,114" ten="192,272,157,379" oya="3" hai0="38,99,12,75,3,46,44,107,127,47,73,13,117" hai1="61,41,27,29,60,5,7,33,93,25,121,32,109" hai2="82,116,76,129,130,85,10,118,95,59,84,113,72" hai3="37,57,35,104,2,66,100,14,103,30,62,31,34"/><W22/><G2/><T115/><D115/><U15/><E121/><V21/><F10/><W87/><G37/><T48/><D38/><U70/><E109/><V90/><F21/><W65/><G35/><T77/><D127/><U83/><E41/><V110/><F110/><W88/><G34/><T79/><D3/><U126/><E126/><V54/><F113/><W78/><G78/><T71/><D71/><U92/><E83/><N who="2" m="45447" /><F54/><W20/><G65/><T128/><D128/><N who="2" m="49258" /><F59/><W108/><G108/><T133/><D133/><U8/><E70/><V45/><F45/><W123/><G123/><T64/><D64/><U111/><E111/><V18/><F18/><N who="3" m="10327" /><G104/><T9/><D107/><U43/><E43/><V53/><F53/><W17/><G31/><T134/><D75/><U67/><E67/><V131/><N who="2" m="49266" /><V68/><DORA hai="106" /><F68/><W125/><G30/><T122/><D73/><U91/><E29/><V69/><F69/><W36/><G36/><T16/><D134/><U0/><E0/><V80/><F80/><N who="3" m="49255" /><G125/><T124/><D124/><U135/><E135/><V56/><F56/><W50/><G50/><T96/><D122/><U94/><E33/><V97/><F84/><W119/><G17/><T40/><D48/><U49/><E49/><V89/><AGARI ba="0,0" hai="82,85,89,90,95,97,116,118" m="49266,45447" machi="89" ten="40,12000,2" yaku="19,1,34,2,52,3" doraHai="114,106" who="2" fromWho="2" sc="192,-30,272,-30,157,120,379,-60" /><INIT seed="4,0,0,0,4,104" ten="162,242,277,319" oya="0" hai0="34,58,72,35,17,9,43,30,45,128,73,78,118" hai1="19,79,20,49,116,83,87,5,71,126,119,2,111" hai2="113,4,109,25,15,133,6,81,32,82,12,94,42" hai3="31,112,70,27,24,8,117,66,97,55,48,38,29"/><T127/><D118/><U54/><E111/><V37/><F109/><W135/><G38/><T84/><D127/><U121/><E71/><V123/><F123/><W101/><G117/><T23/><D128/><U65/><E121/><V10/><F133/><W52/><G135/><T124/><D124/><U93/><E126/><V108/><F108/><W89/><G112/><T39/><D9/><U99/><E65/><V107/><F107/><W18/><G89/><T7/><D7/><U0/><E0/><V50/><F37/><W77/><G77/><T26/><D58/><U3/><E3/><V63/><F113/><W21/><G66/><T85/><D35/><U80/><E2/><V44/><F63/><W105/><G70/><T131/><D131/><U69/><E69/><V11/><F94/><W129/><G129/><T28/><D28/><AGARI ba="0,0" hai="4,6,10,11,12,15,25,28,32,42,44,50,81,82" machi="28" ten="40,1300,0" yaku="9,1" doraHai="104" who="2" fromWho="0" sc="162,-13,242,0,277,13,319,0" /><INIT seed="5,0,0,2,4,23" ten="149,242,290,319" oya="1" hai0="22,38,59,76,84,115,51,134,112,103,98,49,113" hai1="13,57,68,1,79,85,121,63,100,34,25,21,54" hai2="75,55,125,67,12,74,96,122,60,102,92,48,46" hai3="87,77,3,94,105,8,106,9,15,2,123,5,109"/><U104/><E121/><V41/><F122/><W27/><G109/><T31/><D134/><U33/><E1/><V56/><F125/><W82/><G123/><T50/><D38/><U39/><E39/><V20/><F12/><W66/><G66/><T14/><D59/><U88/><E68/><V91/><F20/><W58/><G58/><T120/><D120/><U28/><E79/><V35/><F35/><W116/><G116/><T19/><D31/><U4/><E104/><V71/><REACH who="2" step="1"/><F102/><REACH who="2" ten="149,242,280,319" step="2"/><W36/><G2/><T29/><D103/><U89/><E100/><V18/><F18/><W17/><G36/><AGARI ba="0,1" hai="36,41,46,48,55,56,60,67,71,74,75,91,92,96" machi="36" ten="30,8000,1" yaku="1,1,7,1,24,2,53,1" doraHai="23" doraHaiUra="44" who="2" fromWho="3" sc="149,0,242,0,280,90,319,-80" /><INIT seed="6,0,0,1,5,94" ten="149,242,370,239" oya="2" hai0="78,2,26,96,97,0,40,124,98,111,58,91,129" hai1="81,108,60,102,38,110,51,103,22,125,16,89,25" hai2="71,30,48,73,107,132,104,120,33,43,39,50,8" hai3="74,83,29,1,62,56,45,86,75,134,13,53,18"/><V106/><F120/><W59/><G1/><T9/><D111/><U6/><E125/><V36/><F73/><W93/><G134/><T67/><D124/><U42/><E38/><V100/><F132/><W32/><G32/><T95/><D129/><U77/><E6/><V99/><F71/><W133/><G29/><T27/><D2/><U14/><E89/><V64/><F64/><W35/><G35/><T76/><D40/><U119/><E119/><V34/><F8/><W84/><G133/><T82/><D0/><U31/><E60/><V88/><F100/><W61/><G45/><T135/><D9/><U121/><E121/><V105/><F105/><W28/><G28/><T37/><D37/><U69/><E69/><V80/><F80/><W7/><G7/><T55/><D67/><U24/><E110/><V54/><F48/><W4/><G4/><T131/><D135/><U87/><E108/><V41/><F39/><W11/><G93/><T113/><D131/><U127/><E127/><V123/><F123/><W117/><G117/><T21/><D113/><U126/><E126/><V114/><F114/><W90/><G84/><N who="0" m="48215" /><D76/><U101/><E31/><V79/><F79/><W116/><G116/><T12/><D12/><U17/><E17/><V72/><F72/><W52/><AGARI ba="0,0" hai="11,13,18,52,53,56,59,61,62,74,75,83,86,90" machi="52" ten="20,5200,0" yaku="0,1,7,1,9,1,54,1" doraHai="94" who="3" fromWho="3" sc="149,-13,242,-13,370,-26,239,52" /><INIT seed="7,0,0,1,4,68" ten="136,229,344,291" oya="3" hai0="1,107,126,46,59,88,123,130,45,39,47,98,7" hai1="133,86,5,77,62,127,56,99,43,51,90,32,95" hai2="67,55,92,20,26,122,70,114,100,48,2,24,41" hai3="93,13,29,18,23,21,115,89,79,76,63,84,8"/><W57/><G115/><T33/><D123/><U105/><E133/><V14/><F2/><W66/><G29/><T78/><D126/><U82/><E127/><V81/><F114/><W124/><G124/><T106/><D130/><U101/><E32/><V53/><F70/><W40/><G40/><T96/><D33/><U52/><E5/><V128/><F67/><W37/><G37/><T85/><D78/><AGARI ba="0,0" hai="8,13,18,21,23,57,63,66,76,78,79,84,89,93" machi="78" ten="40,2000,0" yaku="8,1" doraHai="68" who="3" fromWho="0" sc="136,-20,229,0,344,0,291,20" /><INIT seed="7,1,0,4,3,1" ten="116,229,344,311" oya="3" hai0="106,130,105,131,91,0,47,70,18,40,14,12,16" hai1="78,11,95,89,46,21,120,60,17,61,93,126,125" hai2="82,110,8,23,71,127,29,10,33,116,67,129,38" hai3="5,68,30,55,100,7,48,132,6,9,27,35,97"/><W122/><G122/><T50/><D70/><U42/><E120/><V65/><F33/><W81/><G68/><T135/><D91/><U123/><E123/><V101/><F38/><W34/><G81/><T39/><D39/><U69/><E78/><V54/><F71/><W13/><G35/><T113/><D0/><U109/><E109/><V36/><F36/><W88/><G88/><T22/><D135/><U134/><E134/><V86/><F110/><W59/><G132/><T64/><D64/><N who="2" m="24650" /><F116/><W52/><G55/><T118/><D118/><U84/><E69/><V102/><F54/><W62/><G62/><T53/><D53/><U32/><E32/><V57/><F57/><W49/><G49/><T76/><D76/><U128/><E128/><V121/><F129/><W3/><G3/><T92/><D113/><U72/><E72/><V26/><F121/><W56/><G56/><T75/><D75/><U43/><E95/><AGARI ba="1,0" hai="5,6,7,9,13,27,30,34,48,52,59,95,97,100" machi="95" ten="30,12000,1" yaku="7,1,52,3,54,1" doraHai="1" who="3" fromWho="1" sc="116,0,229,-123,344,0,311,123" owari="116,-28.0,106,-39.0,344,14.0,434,53.0" /></mjloggm>