<mjloggm ver="2.3"><GO type="169" lobby="0"/><UN n0="%43%6F%43%6F%4E%61%6E" n1="%E5%B0%B1%E6%B4%BB%E7%94%9F%40%E5%B7%9D%E6%9D%91%E8%BB%8D%E5%9B%A3" n2="%E7%89%8C%E5%BB%83%E4%BA%BA" n3="%6F%6E%65%73%74%61%72" dan="16,17,17,17" rate="2131.62,2202.07,2156.64,2143.30" sx="M,M,M,M"/><TAIKYOKU oya="0"/><INIT seed="0,0,0,1,4,61" ten="250,250,250,250" oya="0" hai0="115,81,54,117,89,53,114,87,70,124,106,31,42" hai1="125,119,21,126,20,130,112,15,95,37,62,109,30" hai2="113,105,71,64,103,90,8,23,92,72,101,98,16" hai3="34,131,102,1,11,118,22,108,85,48,97,76,55"/><T56/><D117/><U60/><E37/><V78/><F113/><W45/><G108/><T75/><D70/><U41/><E41/><V100/><F8/><W3/><G131/><T28/><D124/><U58/><E119/><V80/><F71/><W10/><G34/><T104/><D42/><U6/><E130/><V69/><F69/><W82/><G118/><T84/><D75/><U94/><E109/><V46/><F46/><W17/><G3/><T49/><D49/><U18/><E112/><V91/><F91/><W107/><REACH who="3" step="1"/><G1/><REACH who="3" ten="250,250,250,240" step="2"/><T4/><D114/><U96/><E126/><V44/><F44/><W26/><AGARI ba="0,1" hai="10,11,17,22,26,45,48,55,76,82,85,97,102,107" machi="26" ten="20,5200,0" yaku="1,1,2,1,0,1,7,1,53,0" doraHai="61" doraHaiUra="36" who="3" fromWho="3" sc="250,-26,250,-13,250,-13,240,62" /><INIT seed="1,0,0,1,0,2" ten="224,237,237,302" oya="1" hai0="129,88,28,135,55,49,61,96,9,5,67,93,18" hai1="89,81,59,57,105,118,14,69,25,31,45,100,62" hai2="76,99,0,113,107,3,80,33,106,71,110,64,7" hai3="77,26,11,82,84,27,50,111,23,102,114,35,123"/><U98/><E118/><V43/><F110/><W109/><G114/><T63/><D135/><U47/><E69/><V39/><F33/><W48/><G123/><T87/><D129/><U10/><E81/><V42/><F42/><W101/><G35/><T68/><D28/><U115/><E89/><V131/><F113/><W74/><G74/><T108/><D108/><N who="3" m="41545" /><G11/><T97/><D61/><U85/><E85/><V13/><F13/><W104/><G27/><T130/><D18/><U122/><E122/><V73/><F99/><N who="3" m="61503" /><G102/><T15/><REACH who="0" step="1"/><D130/><REACH who="0" ten="214,237,237,302" step="2"/><U70/><E115/><V32/><F131/><W6/><G6/><T36/><D36/><U132/><E132/><V16/><F16/><AGARI ba="0,1" hai="16,23,26,48,50,77,82,84" m="61503,41545" machi="16" ten="30,2000,0" yaku="14,1,54,1" doraHai="2" who="3" fromWho="2" sc="214,0,237,0,237,-20,302,30" /><INIT seed="2,0,0,0,5,68" ten="214,237,217,332" oya="2" hai0="113,35,133,29,126,89,6,54,80,132,7,112,52" hai1="79,33,51,18,90,103,57,30,25,74,135,101,32" hai2="65,38,55,93,83,97,47,120,104,67,58,99,63" hai3="50,110,17,5,14,96,129,77,82,121,128,115,85"/><V105/><F120/><W60/><G121/><T130/><D80/><U16/><E33/><V15/><F83/><W108/><G115/><T43/><D89/><U41/><E135/><N who="0" m="51785" /><D43/><U4/><E4/><N who="0" m="1577" /><D130/><N who="3" m="50281" /><G5/><T45/><D126/><U119/><E119/><V75/><F15/><W76/><G50/><N who="0" m="28751" /><D54/><U20/><E90/><V111/><F75/><W40/><G40/><T44/><D44/><U36/><E79/><V10/><F111/><N who="3" m="42539" /><G60/><T70/><D70/><U117/><E74/><V84/><F63/><W118/><G96/><T87/><D87/><U71/><E71/><V61/><F99/><W19/><G118/><T28/><D35/><U127/><E32/><V86/><F97/><W62/><G62/><T34/><D34/><U78/><E117/><V106/><F86/><W66/><G66/><T91/><D91/><U72/><E78/><V3/><F67/><W102/><G77/><T123/><D123/><U116/><E116/><V21/><F65/><W122/><G122/><T95/><D95/><U92/><E92/><V125/><F61/><W114/><G82/><T88/><D88/><U56/><E72/><V9/><F93/><W46/><G85/><T49/><D49/><U1/><E51/><V26/><F84/><W31/><G76/><T134/><N who="0" m="51793" /><T100/><DORA hai="64" /><D100/><U131/><E131/><V109/><F109/><W13/><G102/><T39/><D39/><U23/><E101/><V0/><F125/><W98/><G46/><T124/><D124/><U59/><E127/><V53/><F47/><W37/><G98/><T81/><D81/><U107/><E103/><RYUUKYOKU ba="0,0" sc="214,30,237,-10,217,-10,332,-10" hai0="28,29,112,113" /><INIT seed="3,1,0,4,0,70" ten="244,227,207,322" oya="3" hai0="77,46,39,74,84,110,26,94,126,14,40,119,6" hai1="13,135,43,22,27,131,109,30,65,47,71,64,106" hai2="87,49,2,67,8,83,57,103,31,42,69,89,36" hai3="33,120,93,37,10,53,0,85,108,125,100,44,112"/><W99/><G112/><T73/><D119/><U52/><E106/><V97/><F31/><W101/><G120/><T127/><D110/><U1/><E1/><V38/><F69/><W55/><G33/><T133/><D133/><U76/><E109/><V98/><F98/><W60/><G108/><T20/><D6/><U68/><E135/><V51/><F42/><W24/><G125/><N who="0" m="47627" /><D14/><U72/><E131/><V88/><F89/><W3/><G24/><T90/><D77/><U12/><E72/><V132/><F132/><W16/><G85/><T86/><D86/><U96/><E76/><V75/><F75/><W48/><G37/><T128/><D128/><U111/><E111/><V118/><F118/><W19/><G101/><T63/><D63/><U9/><E96/><V80/><F80/><W29/><G29/><AGARI ba="1,0" hai="20,26,29,39,40,46,73,74,84,90,94" m="47627" machi="29" ten="30,2000,0" yaku="18,1,52,1" doraHai="70" who="0" fromWho="3" sc="244,23,227,0,207,0,322,-23" /><INIT seed="4,0,0,4,5,71" ten="267,227,207,299" oya="0" hai0="118,60,18,1,54,73,59,121,61,81,83,9,75" hai1="127,65,114,32,97,56,62,91,58,26,96,17,30" hai2="4,29,47,108,119,126,120,84,0,94,105,102,82" hai3="44,123,10,38,125,48,98,50,112,37,36,66,132"/><T133/><D121/><U52/><E127/><V23/><F108/><W21/><G125/><T103/><D118/><U100/><E114/><V27/><F126/><W20/><G112/><T14/><D133/><U7/><E7/><V28/><F120/><W42/><G132/><T80/><D1/><U131/><E131/><V95/><F105/><W77/><G123/><T33/><D33/><U25/><E91/><V76/><F119/><W87/><G66/><T19/><D103/><U39/><E39/><V5/><F0/><W135/><G135/><T34/><D34/><U8/><E100/><V117/><F117/><W12/><G48/><T86/><D86/><U53/><E65/><V22/><F47/><W116/><G98/><T122/><D122/><U89/><E89/><V109/><F109/><W57/><G57/><T55/><D19/><U49/><REACH who="1" step="1"/><E26/><REACH who="1" ten="267,217,207,299" step="2"/><N who="2" m="16471" /><F95/><W15/><G116/><T6/><D6/><U90/><E90/><V2/><F2/><W69/><G15/><AGARI ba="0,1" hai="8,15,17,25,30,32,49,52,53,56,58,62,96,97" machi="15" ten="40,2600,0" yaku="1,1,54,1,53,0" doraHai="71" doraHaiUra="124" who="1" fromWho="3" sc="267,0,217,36,207,0,299,-26" /><INIT seed="5,0,0,0,1,37" ten="267,253,207,273" oya="1" hai0="12,56,89,111,5,71,15,42,53,125,74,79,104" hai1="134,114,44,60,9,87,6,19,107,115,65,72,81" hai2="84,38,28,36,109,88,8,126,20,14,120,95,48" hai3="39,83,27,113,128,97,70,3,110,103,32,101,57"/><U85/><E134/><V55/><F109/><W50/><G70/><T119/><D71/><U59/><E107/><V52/><F120/><W133/><G39/><T40/><D104/><U64/><E64/><V117/><F117/><W106/><G110/><T51/><D119/><U24/><E72/><V13/><F126/><W7/><G133/><T108/><D125/><U46/><E87/><V25/><F14/><W35/><G103/><T43/><D89/><U90/><E114/><V75/><F75/><W116/><G116/><T1/><D1/><U68/><E68/><V80/><F95/><W2/><G113/><T41/><N who="0" m="10240" /><DORA hai="105" /><T61/><D61/><U99/><E99/><V98/><F55/><W92/><G35/><T18/><D5/><U29/><E115/><V47/><REACH who="2" step="1"/><F98/><REACH who="2" ten="267,253,197,273" step="2"/><W66/><G97/><T135/><D12/><N who="1" m="7567" /><E6/><AGARI ba="0,1" hai="6,8,13,20,25,28,36,38,47,48,52,80,84,88" machi="6" ten="30,8000,1" yaku="1,1,7,1,54,2,53,1" doraHai="37,105" doraHaiUra="86,67" who="2" fromWho="1" sc="267,0,253,-80,197,90,273,0" /><INIT seed="6,0,0,4,2,49" ten="267,173,287,273" oya="2" hai0="35,80,107,120,127,88,2,28,96,66,43,71,36" hai1="110,20,134,85,106,21,116,12,130,114,67,108,65" hai2="48,119,73,103,82,50,72,100,31,123,46,128,22" hai3="59,57,97,86,118,104,87,33,13,90,109,8,42"/><V53/><F119/><W6/><G118/><T79/><D2/><U25/><E116/><V14/><F123/><W69/><G109/><T84/><D120/><U19/><E106/><V45/><F128/><W15/><G69/><T56/><D127/><U91/><E130/><V9/><F82/><W133/><G33/><T131/><D131/><U3/><E3/><V51/><F51/><W29/><G29/><T58/><D79/><U105/><E105/><V122/><F122/><W55/><G42/><T135/><D43/><U78/><E78/><V41/><F73/><W24/><G24/><N who="0" m="18823" /><D36/><U44/><E114/><V5/><F72/><W4/><G59/><T52/><D52/><U81/><E134/><V62/><F62/><N who="3" m="36159" /><G104/><T125/><D135/><U124/><E124/><V74/><REACH who="2" step="1"/><F74/><REACH who="2" ten="267,173,277,273" step="2"/><W7/><G133/><T102/><D125/><U23/><E108/><V17/><F17/><W10/><G6/><T40/><D40/><U99/><E110/><V121/><F121/><W98/><G7/><T54/><D66/><U126/><E126/><V32/><F32/><W83/><G4/><T64/><D54/><U77/><E44/><V18/><F18/><W26/><G83/><T89/><D64/><N who="1" m="24651" /><E25/><AGARI ba="0,1" hai="5,9,14,22,25,31,41,45,46,48,50,53,100,103" machi="25" ten="40,7700,0" yaku="1,1,8,1,52,1,53,0" doraHai="49" doraHaiUra="113" who="2" fromWho="1" sc="267,0,173,-77,277,87,273,0" /><INIT seed="6,1,0,4,4,100" ten="267,96,364,273" oya="2" hai0="73,44,105,130,101,88,4,97,68,122,133,11,81" hai1="125,26,76,52,135,35,38,58,124,87,132,62,91" hai2="126,90,63,45,84,102,33,65,23,15,64,5,14" hai3="25,0,104,131,99,59,12,43,61,113,119,31,123"/><V60/><F33/><W34/><G119/><T80/><D122/><U24/><E38/><V77/><F126/><N who="1" m="48745" /><E76/><V106/><F77/><W78/><G131/><T83/><D130/><U85/><E35/><V109/><F45/><W57/><G0/><T134/><D73/><U86/><E91/><V48/><F48/><W17/><G123/><T75/><D75/><U70/><E70/><V18/><F5/><W41/><G78/><T6/><D68/><U22/><E22/><V115/><F109/><W47/><G113/><T36/><D88/><U30/><E30/><V93/><F115/><W20/><G43/><N who="0" m="22631" /><D11/><U72/><E72/><V3/><F23/><W13/><G13/><T55/><D55/><U8/><E8/><V118/><F90/><W42/><G42/><T7/><D4/><U89/><E89/><V53/><F53/><W117/><G117/><T10/><D6/><U69/><E69/><V127/><F84/><N who="1" m="21505" /><U71/><DORA hai="107" /><E71/><V94/><F118/><W98/><G20/><T50/><D10/><U46/><E46/><V121/><F121/><W74/><G34/><T120/><D7/><U56/><E56/><V37/><F15/><W103/><G57/><T108/><D120/><U40/><E40/><V114/><F14/><W92/><G41/><T21/><D21/><U27/><AGARI ba="1,0" hai="24,26,27,52,58,62,132,135" m="21505,48745" machi="27" ten="40,2700,0" yaku="18,1,54,1" doraHai="100,107" who="1" fromWho="1" sc="267,-8,96,30,364,-14,273,-8" /><INIT seed="7,0,0,0,5,126" ten="259,126,350,265" oya="3" hai0="65,8,24,18,66,110,53,51,27,72,96,91,22" hai1="52,118,33,93,104,4,112,47,119,90,56,133,100" hai2="20,45,113,25,31,34,32,130,63,9,94,71,135" hai3="2,117,17,21,67,29,125,78,101,114,43,49,26"/><W89/><G117/><T36/><D72/><U84/><E33/><V42/><F130/><W37/><G125/><T54/><D36/><U129/><E4/><V77/><F77/><W40/><G114/><T3/><D110/><U61/><E112/><V44/><F113/><W128/><G128/><T79/><D79/><U76/><E129/><V15/><F45/><W13/><G37/><T106/><D53/><U95/><E133/><V109/><F109/><W16/><G2/><T0/><D0/><U58/><E47/><V131/><F131/><W127/><G127/><T55/><D55/><U35/><E35/><V68/><F68/><W48/><G101/><T103/><D91/><U134/><E134/><V11/><F11/><N who="3" m="6207" /><G67/><T116/><D116/><U98/><E93/><V81/><F135/><W59/><G78/><T41/><D41/><N who="3" m="15945" /><G59/><T74/><D74/><U85/><E58/><V38/><F71/><W75/><G75/><T19/><D3/><U60/><E60/><V1/><F1/><W70/><G70/><T46/><D8/><U115/><E115/><V120/><F34/><W28/><G89/><T92/><D106/><U102/><E102/><V83/><F32/><W73/><G73/><T57/><D57/><U69/><E69/><V132/><F132/><W23/><G29/><T122/><D122/><U107/><E107/><V14/><F120/><W97/><G97/><T124/><D124/><U6/><E6/><V10/><F38/><W62/><G62/><T108/><D108/><U86/><E76/><V88/><F63/><W82/><G82/><T87/><D87/><RYUUKYOKU ba="0,0" sc="259,10,126,10,350,-30,265,10" hai0="18,19,22,24,27,46,51,54,65,66,92,96,103" hai1="52,56,61,84,85,86,90,95,98,100,104,118,119" hai3="17,21,23,26,28,48,49" /><INIT seed="7,1,0,5,0,21" ten="269,136,320,275" oya="3" hai0="69,44,49,88,92,0,83,75,34,95,122,26,124" hai1="81,36,57,68,55,46,125,112,54,52,61,8,30" hai2="38,79,130,60,13,76,86,22,35,135,45,6,62" hai3="128,126,72,59,97,28,39,102,127,87,107,41,78"/><W37/><G128/><T17/><D0/><U118/><E118/><V63/><F35/><W104/><G104/><T131/><D122/><U2/><E112/><V47/><F38/><W108/><G108/><T94/><D69/><U4/><E125/><N who="3" m="47626" /><G41/><N who="0" m="24719" /><D34/><U106/><E106/><V32/><F32/><W119/><G119/><T110/><D75/><U111/><E111/><V70/><F70/><W65/><G72/><T64/><D131/><U11/><E11/><N who="2" m="4343" /><F130/><W3/><G3/><T80/><D110/><U20/><E68/><V7/><F7/><W93/><G28/><T109/><D124/><U132/><E132/><V27/><F135/><W115/><G115/><T90/><D64/><U51/><E36/><V85/><F47/><W129/><G129/><T24/><D109/><U71/><E71/><V50/><F79/><W1/><G1/><T19/><D19/><U105/><E105/><V53/><F76/><W123/><G123/><T120/><D120/><U42/><REACH who="1" step="1"/><E81/><REACH who="1" ten="269,126,320,275" step="2"/><N who="0" m="31305" /><D17/><AGARI ba="1,1" hai="17,22,27,45,50,53,60,62,63,85,86" m="4343" machi="17" ten="30,2000,0" yaku="8,1,52,1" doraHai="21" who="2" fromWho="0" sc="269,-23,126,0,320,33,275,0" owari="246,-15.0,126,-37.0,353,44.0,275,8.0" /></mjloggm>