<mjloggm ver="2.3"><GO type="225" lobby="0"/><UN n0="%E5%B0%B1%E6%B4%BB%E7%94%9F%40%E5%B7%9D%E6%9D%91%E8%BB%8D%E5%9B%A3" n1="%E3%82%AB%E3%83%9C%E3%83%81%E3%83%A3%E3%82%BF%E3%83%8D" n2="%E3%81%88%E3%82%8B%E3%81%9F%E3%81%9D" n3="%E3%83%80%E3%83%B3%E3%83%86" dan="17,17,17,17" rate="2215.13,2139.79,2172.03,2156.59" sx="M,M,F,M"/><TAIKYOKU oya="0"/><INIT seed="0,0,0,4,1,0" ten="250,250,250,250" oya="0" hai0="3,96,120,81,99,112,82,44,13,7,4,124,15" hai1="24,75,55,2,122,78,31,66,129,94,113,70,32" hai2="1,21,106,18,86,27,54,121,34,28,109,20,10" hai3="57,40,14,16,37,45,46,11,23,135,35,115,89"/><T56/><D3/><U19/><E122/><V90/><F106/><W72/><G35/><T60/><D120/><U52/><E129/><V38/><F121/><W30/><G115/><T69/><D124/><U39/><E113/><V84/><F38/><W65/><G135/><T5/><D69/><U58/><E39/><V47/><F109/><W128/><G72/><T134/><D44/><U91/><E70/><V49/><F34/><W85/><G128/><T77/><D134/><U9/><E78/><V74/><F74/><W36/><G36/><T116/><D116/><U26/><E75/><V126/><F126/><W41/><G41/><T25/><D25/><U83/><E83/><N who="0" m="31753" /><D77/><U73/><E73/><V130/><F130/><W6/><G30/><T117/><D117/><U67/><E55/><V119/><F119/><W104/><G104/><T29/><D29/><U92/><E92/><V98/><F1/><W50/><G37/><T133/><D133/><U53/><E53/><V68/><F68/><W100/><G100/><T8/><D112/><U88/><E91/><V43/><F43/><W51/><G46/><T127/><D127/><U107/><E107/><V87/><F98/><N who="0" m="37418" /><D8/><U12/><E2/><V102/><F10/><W76/><G76/><T114/><D114/><U22/><E32/><V118/><F118/><W93/><G45/><T59/><D59/><U42/><E42/><V62/><F102/><W131/><G131/><T48/><D48/><N who="1" m="30983" /><E26/><N who="2" m="14615" /><F62/><N who="3" m="38095" /><G40/><T61/><D61/><U105/><E105/><V125/><F125/><W111/><G111/><T71/><D71/><U123/><E123/><RYUUKYOKU ba="0,0" sc="250,0,250,0,250,0,250,0" hai0="4,5,7,13,15,56,60" hai1="9,12,19,22,24,31,66,67,88,94" hai2="21,27,28,47,49,54,84,86,87,90" hai3="6,11,14,16,23,50,51,85,89,93" /><INIT seed="0,1,0,2,3,74" ten="250,250,250,250" oya="0" hai0="62,115,22,44,26,107,49,85,96,61,46,73,40" hai1="37,33,99,68,95,34,13,64,25,76,119,39,120" hai2="126,130,67,58,100,30,15,81,87,92,104,0,124" hai3="83,48,69,70,54,3,10,56,43,1,123,103,47"/><T106/><D73/><U57/><E119/><V105/><F0/><W59/><G123/><T9/><D115/><U41/><E120/><V91/><F30/><W102/><G83/><T77/><D107/><N who="2" m="41034" /><F15/><W82/><G59/><T121/><D121/><U20/><E68/><V133/><F58/><W28/><G28/><T50/><D96/><U114/><E114/><V112/><F67/><W36/><G3/><T78/><D9/><U17/><E39/><V109/><F112/><W23/><G23/><T2/><D2/><U89/><E37/><V11/><F11/><W90/><G70/><T51/><D106/><U18/><E41/><V42/><F42/><W98/><G69/><T108/><D108/><U31/><E18/><V117/><F109/><W88/><G82/><T16/><D85/><U80/><E57/><V27/><F27/><W84/><G84/><T45/><D40/><U60/><E60/><AGARI ba="1,0" hai="16,22,26,44,45,46,49,50,51,60,61,62,77,78" machi="60" ten="40,12000,1" yaku="8,1,52,2,54,1" doraHai="74" who="0" fromWho="1" sc="250,123,250,-123,250,0,250,0" /><INIT seed="0,2,0,3,2,17" ten="373,127,250,250" oya="0" hai0="13,9,97,18,81,125,133,68,32,37,70,0,1" hai1="123,10,61,2,73,53,85,42,39,44,43,93,99" hai2="77,23,83,92,112,54,135,110,40,107,114,15,117" hai3="58,25,22,33,34,47,95,72,21,76,90,109,3"/><T79/><D37/><U106/><E123/><V7/><F107/><W80/><G3/><T69/><D32/><U98/><E43/><V41/><F110/><W108/><G47/><T30/><D133/><U134/><E134/><V129/><F135/><W35/><G58/><T127/><D30/><U62/><E106/><V29/><F129/><W11/><G11/><T28/><D28/><U84/><E99/><V111/><F111/><N who="3" m="42571" /><G25/><T119/><D97/><AGARI ba="2,0" hai="21,22,33,34,35,72,76,80,90,95,97" m="42571" machi="97" ten="40,5200,0" yaku="14,1,52,2" doraHai="17" who="3" fromWho="0" sc="373,-58,127,0,250,0,250,58" /><INIT seed="1,0,0,0,4,100" ten="315,127,250,308" oya="1" hai0="59,28,42,41,119,126,50,33,58,97,71,12,47" hai1="9,135,16,133,118,72,109,13,129,127,70,26,67" hai2="53,125,96,114,83,124,20,75,132,15,31,22,21" hai3="110,5,82,10,134,108,91,19,76,89,24,103,39"/><U74/><E118/><V106/><F132/><N who="1" m="50761" /><E127/><N who="2" m="48715" /><F114/><W29/><G39/><T43/><D71/><U57/><E70/><V25/><F53/><W6/><G19/><T111/><D119/><U37/><E37/><V34/><F15/><N who="3" m="5583" /><G103/><T27/><D111/><N who="3" m="42537" /><G6/><T8/><D126/><U11/><E109/><V46/><F46/><W60/><G60/><T80/><D97/><U86/><E129/><V40/><F40/><W88/><G134/><T63/><D80/><U44/><E26/><V7/><F7/><W107/><G107/><T101/><D101/><U131/><E131/><V54/><F54/><W115/><G115/><T93/><D93/><U69/><E69/><V49/><F49/><W66/><G66/><T1/><D1/><U4/><E44/><V128/><F128/><W98/><G98/><T113/><D113/><U77/><E67/><V85/><F75/><N who="1" m="28713" /><E57/><V92/><F106/><W130/><G130/><T0/><D0/><N who="1" m="135" /><E86/><V122/><F122/><W117/><G117/><T102/><D59/><U64/><E64/><V62/><F62/><W78/><G82/><T36/><D36/><U104/><E77/><N who="2" m="46319" /><F34/><AGARI ba="0,0" hai="24,29,34,76,78,88,89,91" m="42537,5583" machi="34" ten="30,2000,0" yaku="14,1,54,1" doraHai="100" who="3" fromWho="2" sc="315,0,127,0,250,-20,308,20" /><INIT seed="2,0,0,1,3,2" ten="315,127,230,328" oya="2" hai0="12,58,130,91,60,105,30,37,78,21,67,111,25" hai1="63,27,5,14,76,36,31,108,87,92,8,42,51" hai2="28,47,73,113,41,86,96,97,75,125,38,95,3" hai3="13,72,107,70,100,64,44,22,126,129,116,101,29"/><V99/><F113/><W26/><G72/><T39/><D105/><U34/><E108/><V93/><F125/><W61/><G116/><T122/><D122/><U134/><E134/><V40/><F40/><W32/><G126/><T24/><D78/><U120/><E120/><V50/><F3/><W90/><G129/><T35/><D111/><U4/><E36/><V11/><F28/><W48/><G90/><T69/><D130/><U132/><E132/><V20/><F20/><W83/><G83/><T98/><D69/><U110/><E110/><V74/><F11/><W133/><G133/><T65/><D12/><U102/><E63/><V6/><F6/><W62/><G62/><T115/><D115/><U68/><E68/><V112/><F112/><W106/><G106/><T128/><D128/><U9/><E102/><V45/><F86/><W66/><G66/><T46/><D46/><U0/><E92/><V7/><F7/><W127/><G127/><T52/><D39/><U104/><E104/><V81/><F81/><W117/><G117/><T53/><D53/><U119/><E119/><V23/><F23/><W59/><G70/><T71/><D37/><U89/><E76/><V94/><F47/><W121/><G107/><T17/><D71/><U19/><E42/><V15/><F38/><W54/><G121/><T56/><D56/><U135/><E135/><V85/><F85/><W88/><G32/><T79/><D79/><U43/><E43/><V16/><F15/><W10/><G44/><T123/><D123/><U77/><E77/><V84/><F84/><W118/><G118/><RYUUKYOKU ba="0,0" sc="315,15,127,-15,230,15,328,-15" hai0="17,21,24,25,30,35,52,58,60,65,67,91,98" hai2="16,41,45,50,73,74,75,93,94,95,96,97,99" /><INIT seed="2,1,0,5,4,67" ten="330,112,245,313" oya="2" hai0="56,14,92,130,86,96,133,55,22,70,97,84,93" hai1="76,59,98,62,0,46,60,131,134,72,125,44,13" hai2="91,17,39,30,107,77,121,20,83,31,106,102,127" hai3="10,15,21,61,124,16,114,49,29,36,87,100,103"/><V11/><F121/><W117/><G36/><T90/><D70/><U101/><E0/><V74/><F127/><W89/><G117/><T63/><D130/><U120/><E131/><V6/><F39/><W12/><G124/><T7/><D133/><U41/><E125/><V4/><F91/><W38/><G38/><T33/><D33/><U42/><E134/><V26/><F4/><N who="3" m="3143" /><G114/><T37/><D37/><U113/><E113/><V27/><F102/><W50/><G61/><T1/><D1/><U58/><E120/><V119/><F119/><W78/><G78/><T8/><REACH who="0" step="1"/><D22/><REACH who="0" ten="320,112,245,313" step="2"/><U94/><E13/><V19/><F106/><W104/><G104/><T45/><D45/><U105/><E46/><V135/><F107/><W95/><G29/><T68/><D68/><U132/><E105/><V118/><F118/><W81/><G81/><T80/><D80/><U52/><E132/><V57/><F57/><W69/><G69/><T110/><D110/><U3/><E3/><V24/><F135/><W35/><G35/><T53/><D53/><N who="1" m="33871" /><E44/><V85/><F20/><W75/><G75/><T115/><D115/><U123/><E123/><V109/><F74/><W40/><G40/><N who="1" m="15466" /><E72/><V112/><F112/><W71/><G71/><T122/><D122/><U51/><E76/><V66/><F109/><W111/><G111/><T23/><D23/><U64/><E64/><V88/><F66/><W99/><G99/><T43/><D43/><U28/><E28/><N who="2" m="10795" /><F77/><W126/><G126/><T65/><D65/><U116/><E116/><V54/><F54/><W79/><G79/><T47/><D47/><RYUUKYOKU ba="1,1" sc="320,0,112,0,245,0,313,0" hai0="7,8,14,55,56,63,84,86,90,92,93,96,97" hai1="51,52,59,62,94,98,101" hai2="6,11,17,19,24,26,27,83,85,88" hai3="15,16,21,49,50,87,89,95,100,103" /><INIT seed="2,2,1,3,3,56" ten="320,112,245,313" oya="2" hai0="100,104,33,34,107,77,101,70,36,48,9,118,62" hai1="35,111,6,15,86,7,31,115,18,124,135,110,55" hai2="30,87,29,105,11,28,79,8,126,14,71,129,109" hai3="63,90,68,4,127,25,27,81,38,39,3,64,42"/><V72/><F72/><W60/><G127/><T108/><D36/><U69/><E55/><V94/><F105/><W128/><G128/><T32/><D77/><U74/><E86/><V12/><F126/><W52/><G4/><N who="1" m="1578" /><E69/><V45/><F129/><W0/><G0/><T134/><D9/><N who="2" m="3658" /><F71/><W2/><G2/><T120/><D120/><U89/><E89/><N who="2" m="53567" /><F109/><N who="1" m="41481" /><E74/><V66/><F79/><W40/><G3/><T132/><D118/><U22/><E124/><V67/><F45/><W23/><G38/><T44/><D108/><U88/><E88/><V119/><F119/><W80/><G39/><T20/><D107/><U103/><E103/><V1/><F1/><W73/><G73/><T102/><D104/><U133/><E115/><V83/><F83/><W85/><G80/><T24/><D70/><U78/><E78/><V93/><F93/><W13/><G42/><N who="0" m="24599" /><D100/><U116/><E116/><V106/><F106/><W98/><G40/><T122/><D102/><U21/><E35/><V47/><F47/><W84/><G81/><T91/><D91/><U58/><E58/><V26/><F67/><W53/><G90/><T82/><D101/><U75/><E75/><V113/><F113/><W99/><G68/><T46/><D82/><U37/><E37/><V54/><F66/><W16/><G64/><T114/><D46/><U97/><E97/><N who="3" m="36874" /><G85/><T17/><D114/><U19/><E31/><N who="2" m="11851" /><F54/><N who="3" m="21099" /><G84/><T95/><D122/><U123/><E123/><V125/><F125/><W130/><G130/><T57/><D95/><U59/><E59/><V43/><F43/><W49/><G49/><T76/><D76/><RYUUKYOKU ba="2,1" sc="320,0,112,0,245,0,313,0" hai0="17,20,24,32,33,34,57,62,132,134" hai1="15,18,19,21,22,133,135" hai2="12,14,26,30" hai3="13,16,23,25,27,60,63" /><INIT seed="2,3,1,5,5,92" ten="320,112,245,313" oya="2" hai0="58,0,128,127,45,77,56,99,108,35,18,132,80" hai1="103,60,88,6,11,76,16,38,118,134,97,70,107" hai2="96,42,129,61,98,12,5,48,64,30,27,91,125" hai3="41,87,21,10,104,31,94,101,119,47,34,32,126"/><V105/><F125/><W37/><G119/><T39/><D35/><U74/><E118/><V40/><F129/><W59/><G126/><T110/><D127/><U100/><E134/><V122/><F105/><W73/><G73/><T63/><D0/><U93/><E38/><V116/><F116/><W121/><G121/><T68/><D132/><U19/><E70/><V26/><F122/><W52/><G10/><T57/><D18/><U20/><E60/><V7/><F91/><W117/><G117/><T43/><D128/><U130/><E130/><V24/><F30/><W123/><G123/><T23/><D23/><U115/><E115/><V49/><F61/><W9/><G9/><T78/><D99/><N who="2" m="37930" /><F64/><W86/><G104/><T15/><D15/><U106/><E106/><V17/><F48/><W133/><G133/><T33/><D33/><U85/><E20/><N who="2" m="11303" /><F49/><W36/><G36/><T82/><D63/><U69/><E103/><V95/><F95/><W114/><G101/><T51/><D68/><U84/><E84/><V13/><F13/><W79/><G94/><T90/><D39/><U28/><E28/><V72/><F72/><W71/><G71/><T83/><D90/><U89/><E89/><V1/><F1/><W62/><G114/><T124/><D124/><U81/><E69/><V109/><F109/><AGARI ba="3,1" hai="43,45,51,56,57,58,77,78,80,82,83,108,109,110" machi="109" ten="50,1600,0" yaku="14,1" doraHai="92" who="0" fromWho="2" sc="320,35,112,0,245,-25,313,0" /><INIT seed="3,0,0,1,5,53" ten="355,112,220,313" oya="3" hai0="5,62,100,57,1,13,104,130,4,94,15,96,77" hai1="12,107,129,119,91,29,80,19,26,126,115,0,14" hai2="85,59,101,98,114,49,28,83,124,70,33,48,16" hai3="95,121,24,125,54,60,18,52,89,30,67,31,105"/><W72/><G72/><T99/><D130/><U20/><E107/><V131/><F70/><W44/><G105/><T27/><D1/><U113/><E91/><V109/><F114/><W110/><G121/><T51/><D77/><U2/><E80/><V42/><F109/><W120/><G120/><T7/><D51/><U132/><E129/><V108/><F108/><W93/><G110/><T79/><D79/><U103/><E103/><V117/><F117/><W127/><G18/><T106/><D27/><U45/><E45/><V46/><F131/><W25/><G44/><T21/><D21/><U82/><E82/><V133/><F124/><W112/><G112/><T66/><REACH who="0" step="1"/><D106/><REACH who="0" ten="345,112,220,313" step="2"/><U111/><E111/><V74/><F74/><W6/><G6/><T38/><D38/><U81/><E81/><V116/><F116/><W50/><G50/><T97/><D97/><U90/><E90/><AGARI ba="0,1" hai="4,5,7,13,15,57,62,66,90,94,96,99,100,104" machi="90" ten="40,2600,0" yaku="1,1,52,1,53,0" doraHai="53" doraHaiUra="128" who="0" fromWho="1" sc="345,36,112,-26,220,0,313,0" owari="381,48.0,86,-41.0,220,-18.0,313,11.0" /></mjloggm>