<mjloggm ver="2.3"><GO type="169" lobby="0"/><UN n0="%EF%BC%8A%E7%B4%97%E5%BC%A5%E8%8F%AF%EF%BC%8A" n1="%E3%82%A6%E3%83%AB%E3%83%88%E3%83%A9%E7%AB%8B%E7%9B%B4" n2="%67%6F%69%73%75%62%61%69" n3="%E5%B0%B1%E6%B4%BB%E7%94%9F%40%E5%B7%9D%E6%9D%91%E8%BB%8D%E5%9B%A3" dan="16,17,16,17" rate="2099.03,2232.12,2163.83,2218.50" sx="F,M,M,M"/><TAIKYOKU oya="0"/><INIT seed="0,0,0,5,1,7" ten="250,250,250,250" oya="0" hai0="18,105,45,16,41,1,28,129,30,26,72,131,73" hai1="59,44,62,112,51,114,122,2,48,19,60,120,29" hai2="84,43,86,3,104,132,34,69,94,135,125,33,42" hai3="11,61,64,46,123,6,52,38,36,25,70,92,106"/><T134/><D105/><U49/><E29/><V111/><F104/><W130/><G106/><T113/><D113/><N who="1" m="43627" /><E19/><N who="0" m="7209" /><D1/><U63/><E2/><V75/><F75/><N who="0" m="28746" /><D26/><U108/><E108/><V97/><F69/><W79/><G25/><T21/><D21/><U128/><E128/><N who="0" m="49225" /><D134/><U76/><E76/><V13/><F111/><W17/><G17/><T35/><D35/><U10/><E10/><V78/><F3/><W57/><G79/><T119/><D119/><U91/><E91/><V50/><F34/><W37/><G130/><T85/><D85/><U100/><E100/><V110/><F33/><W0/><G123/><N who="1" m="47146" /><E44/><V103/><F110/><W58/><G92/><T82/><D82/><U80/><E80/><V127/><F84/><W98/><G46/><T133/><D133/><U23/><E23/><V15/><F86/><W53/><G0/><T32/><D32/><U102/><E102/><V5/><F78/><W74/><G74/><T47/><D47/><U77/><E77/><V68/><F135/><W12/><G12/><T95/><D95/><U115/><N who="1" m="43635" /><U83/><DORA hai="9" /><E83/><V89/><F132/><W71/><G6/><T24/><D24/><U126/><E126/><V107/><F5/><W55/><G11/><T65/><D65/><AGARI ba="0,0" hai="48,49,51,59,60,62,63,65" m="47146,43635" machi="65" ten="50,6400,0" yaku="11,1,34,2" doraHai="7,9" who="1" fromWho="0" sc="250,-64,250,64,250,0,250,0" /><INIT seed="1,0,0,2,3,112" ten="186,314,250,250" oya="1" hai0="82,49,23,115,131,73,21,119,108,61,126,103,29" hai1="111,51,70,92,6,50,53,77,97,123,95,76,90" hai2="124,133,60,41,47,16,43,113,78,17,132,27,32" hai3="74,36,107,64,68,11,93,15,13,8,86,135,129"/><U72/><E123/><V66/><F113/><W89/><G36/><T30/><D115/><U81/><E70/><V2/><F124/><W22/><G74/><T91/><D126/><U44/><E111/><V54/><F2/><W106/><G129/><T38/><D38/><U7/><E77/><V80/><F54/><W33/><G33/><T19/><D131/><U110/><E110/><V5/><F5/><W75/><G75/><T87/><D103/><U56/><REACH who="1" step="1"/><E95/><REACH who="1" ten="186,304,250,250" step="2"/><V128/><F128/><W96/><G68/><T62/><D108/><U10/><E10/><V0/><F78/><W12/><G11/><T101/><D119/><U42/><AGARI ba="0,1" hai="6,7,42,44,50,51,53,56,72,76,81,90,92,97" machi="42" ten="20,7800,0" yaku="1,1,0,1,7,1,53,1" doraHai="112" doraHaiUra="55" who="1" fromWho="1" sc="186,-26,304,88,250,-26,250,-26" /><INIT seed="1,1,0,0,5,108" ten="160,392,224,224" oya="1" hai0="28,13,92,73,26,125,19,97,31,61,80,45,134" hai1="94,99,58,102,3,59,82,113,32,17,48,72,111" hai2="15,78,57,23,25,104,75,50,22,71,54,79,88" hai3="122,63,86,112,89,120,68,128,2,127,60,1,38"/><U77/><E32/><V100/><F71/><W119/><G38/><T114/><D134/><U115/><E3/><V34/><F34/><W11/><G127/><T35/><D125/><U49/><E111/><V53/><F75/><W83/><G128/><T116/><D116/><U130/><E130/><V12/><F104/><W10/><G119/><T91/><D31/><U33/><E33/><V109/><F100/><W46/><G46/><T42/><D61/><U47/><E17/><V81/><F109/><W30/><G30/><T51/><D114/><U129/><E129/><V70/><F70/><W126/><G126/><T16/><REACH who="0" step="1"/><D13/><REACH who="0" ten="150,392,224,224" step="2"/><U96/><E115/><V9/><F15/><W18/><G112/><T52/><D52/><U62/><E113/><V5/><F54/><W24/><G63/><T110/><D110/><U95/><E62/><V121/><F121/><W64/><G2/><T66/><D66/><U6/><E6/><V106/><F5/><W36/><G1/><T76/><AGARI ba="1,1" hai="16,19,26,28,35,42,45,51,73,76,80,91,92,97" machi="76" ten="30,4000,0" yaku="1,1,0,1,54,1,53,0" doraHai="108" doraHaiUra="7" who="0" fromWho="0" sc="150,53,392,-21,224,-11,224,-11" /><INIT seed="2,0,0,0,0,56" ten="203,371,213,213" oya="2" hai0="8,118,102,33,81,54,89,91,87,74,5,19,68" hai1="15,17,0,10,98,105,61,2,108,55,134,38,131" hai2="133,53,63,23,86,75,16,70,71,122,31,30,72" hai3="4,35,51,67,96,126,125,103,94,76,84,83,66"/><V62/><F122/><W32/><G4/><T48/><D118/><U60/><E38/><V130/><F133/><W99/><G51/><T73/><D33/><U132/><E108/><V117/><F117/><W128/><G128/><T36/><D36/><U52/><E131/><V47/><F130/><W3/><G3/><T95/><D102/><U50/><E98/><V111/><F111/><W40/><G40/><T6/><D19/><U110/><E105/><V13/><F86/><W24/><G99/><T82/><D68/><U64/><E110/><V42/><F71/><W120/><G120/><T39/><D39/><U124/><E124/><N who="3" m="47722" /><G24/><T100/><D100/><U11/><E64/><AGARI ba="0,0" hai="32,35,64,66,67,76,83,84,94,96,103" m="47722" machi="64" ten="30,1000,0" yaku="18,1" doraHai="56" who="3" fromWho="1" sc="203,0,371,-10,213,0,213,10" /><INIT seed="3,0,0,3,0,73" ten="203,361,213,223" oya="3" hai0="85,127,7,106,109,36,67,22,71,132,63,49,82" hai1="58,128,41,3,60,107,131,134,117,62,28,12,20" hai2="79,61,52,108,39,90,119,50,47,27,129,40,2" hai3="92,83,37,101,87,45,95,123,84,43,97,94,69"/><W99/><G123/><T75/><D36/><U11/><E107/><V51/><F2/><W88/><G69/><T59/><D106/><U116/><E41/><V66/><F119/><N who="1" m="45641" /><E134/><V77/><F108/><W102/><REACH who="3" step="1"/><G87/><REACH who="3" ten="203,361,213,213" step="2"/><T126/><D85/><U9/><E131/><V118/><F118/><W104/><AGARI ba="0,1" hai="37,43,45,83,84,88,92,94,95,97,99,101,102,104" machi="104" ten="20,18000,2" yaku="1,1,2,1,0,1,7,1,54,1,53,2" doraHai="73" doraHaiUra="96" who="3" fromWho="3" sc="203,-60,361,-60,213,-60,213,190" /><INIT seed="3,1,0,4,3,117" ten="143,301,153,403" oya="3" hai0="101,131,70,66,134,53,65,87,10,9,105,36,132" hai1="19,44,130,88,96,60,0,94,32,21,99,24,107" hai2="113,83,116,29,62,100,28,57,98,72,54,51,30" hai3="22,59,73,133,85,102,13,74,78,61,26,2,18"/><W37/><G2/><T11/><D36/><U109/><E0/><V63/><F116/><W118/><G118/><T97/><D131/><U91/><E130/><V34/><F34/><W69/><G69/><T41/><D41/><U125/><E109/><V56/><F113/><W47/><G102/><T76/><D53/><U93/><E125/><V128/><F128/><W33/><G133/><N who="0" m="51307" /><D70/><U40/><E107/><V23/><F23/><W114/><G114/><T112/><D112/><U38/><E60/><V115/><F115/><W17/><G78/><T79/><D87/><U77/><E77/><AGARI ba="1,0" hai="9,10,11,65,66,76,77,79,97,101,105" m="51307" machi="77" ten="30,1000,0" yaku="20,1" doraHai="117" who="0" fromWho="1" sc="143,13,301,-13,153,0,403,0" /><INIT seed="4,0,0,4,2,107" ten="156,288,153,403" oya="0" hai0="123,121,42,39,113,26,115,20,105,22,134,40,79" hai1="43,126,110,93,10,61,28,91,67,87,0,59,53" hai2="118,36,132,37,17,109,65,100,63,62,108,69,81" hai3="60,103,49,114,52,72,70,76,46,24,29,6,55"/><T116/><D116/><U111/><E126/><V120/><F120/><N who="0" m="46154" /><D105/><U101/><E43/><N who="0" m="16425" /><D39/><U38/><E38/><V25/><F118/><W19/><G114/><N who="0" m="43531" /><D134/><U94/><E28/><V30/><F132/><W4/><G19/><T44/><D44/><U18/><E18/><V47/><F47/><W34/><G103/><T131/><D131/><U68/><E101/><V54/><F17/><W95/><G95/><T84/><D26/><U41/><E94/><V96/><F81/><AGARI ba="0,0" hai="20,22,79,81,84" m="43531,16425,46154" machi="81" ten="40,2000,0" yaku="15,1" doraHai="107" who="0" fromWho="2" sc="156,20,288,0,153,-20,403,0" /><INIT seed="4,1,0,0,3,47" ten="176,288,133,403" oya="0" hai0="20,32,107,18,68,75,100,72,28,102,99,7,104" hai1="34,97,81,118,58,5,35,41,90,66,27,115,122" hai2="103,3,0,57,79,125,92,69,40,53,56,101,113" hai3="91,89,93,84,37,44,129,39,77,134,10,59,67"/><T88/><D68/><U86/><E118/><V121/><F69/><W65/><G77/><T38/><D38/><U135/><E122/><V76/><F121/><W106/><G106/><T52/><D7/><U132/><E5/><V128/><F113/><W74/><G74/><T130/><D130/><U16/><E41/><V48/><F128/><W12/><G129/><T14/><D88/><U109/><E109/><V62/><F125/><W24/><G134/><N who="1" m="51242" /><E115/><V22/><F40/><W36/><G24/><T126/><D126/><U119/><E97/><V54/><F22/><W23/><G23/><T50/><D28/><U46/><E46/><V112/><F112/><W33/><G33/><T31/><D31/><U55/><E66/><V42/><F42/><W94/><G59/><T2/><D32/><U15/><E27/><V9/><F103/><W1/><G1/><T30/><D30/><U26/><E26/><V111/><F111/><W25/><G25/><T105/><D2/><U19/><E19/><V63/><F63/><W123/><G123/><T87/><D87/><U95/><E81/><V49/><F62/><W124/><G44/><T13/><D13/><U61/><E119/><V120/><F120/><W82/><G124/><T60/><D60/><U117/><E117/><V71/><F71/><W127/><G127/><T85/><D85/><U29/><E29/><V17/><F0/><W8/><G82/><T64/><D64/><N who="3" m="24649" /><G12/><T108/><D108/><U43/><E43/><V98/><F3/><W21/><G21/><AGARI ba="1,0" hai="15,16,21,34,35,55,58,61,86,90,95" m="51242" machi="21" ten="30,2000,0" yaku="20,1,54,1" doraHai="47" who="1" fromWho="3" sc="176,0,288,23,133,0,403,-23" /><INIT seed="5,0,0,1,2,55" ten="176,311,133,380" oya="1" hai0="40,78,107,65,97,2,91,44,14,25,43,23,63" hai1="85,87,36,100,131,33,74,48,8,99,15,116,52" hai2="92,58,76,50,81,134,102,75,51,49,57,94,105" hai3="69,122,37,121,7,0,12,80,41,4,59,115,130"/><U35/><E74/><V19/><F134/><W83/><G69/><T112/><D2/><U13/><E36/><V54/><F105/><W60/><G0/><T29/><D112/><U106/><E116/><V135/><F135/><W1/><G1/><T103/><D78/><U68/><E68/><V34/><F34/><W18/><G115/><T5/><D44/><U126/><E131/><V95/><F102/><W90/><G130/><T120/><D91/><U46/><E126/><V39/><F39/><W108/><G108/><T6/><D120/><U62/><E62/><V133/><F133/><W17/><G41/><T53/><D53/><U104/><E104/><V20/><REACH who="2" step="1"/><F54/><REACH who="2" ten="176,311,123,380" step="2"/><N who="3" m="33911" /><G37/><T89/><D89/><U125/><E35/><V98/><F98/><W67/><G90/><T71/><REACH who="0" step="1"/><D5/><REACH who="0" ten="166,311,123,380" step="2"/><U101/><E101/><V27/><AGARI ba="0,2" hai="19,20,27,49,50,51,57,58,75,76,81,92,94,95" machi="27" ten="30,7900,0" yaku="1,1,0,1,52,2,53,0" doraHai="55" doraHaiUra="9" who="2" fromWho="2" sc="166,-20,311,-39,123,99,380,-20" /><INIT seed="6,0,0,5,4,62" ten="146,272,222,360" oya="2" hai0="73,36,77,134,25,51,81,119,32,90,125,87,71" hai1="15,9,132,121,58,93,46,68,103,133,31,91,115" hai2="72,106,5,39,131,4,29,38,8,64,49,104,105" hai3="96,1,2,94,41,65,23,86,128,40,28,50,27"/><V129/><F72/><W120/><G120/><T21/><D36/><N who="2" m="13866" /><F29/><W20/><G128/><N who="2" m="49225" /><F8/><W101/><G23/><T89/><D119/><U34/><E68/><V112/><F49/><W122/><G122/><T84/><D134/><U69/><E69/><V88/><F112/><W12/><G12/><T7/><D32/><U44/><E115/><V0/><F0/><W130/><G130/><T37/><D37/><U13/><E121/><V54/><F54/><W114/><G114/><T42/><D125/><U97/><E31/><V35/><F35/><W116/><G116/><T78/><D71/><U118/><E34/><V123/><F123/><W107/><G50/><T110/><D110/><U108/><E108/><V63/><F88/><W135/><G135/><T45/><D7/><N who="2" m="2634" /><F63/><W24/><G2/><T30/><REACH who="0" step="1"/><D73/><REACH who="0" ten="136,272,222,360" step="2"/><U56/><E133/><V99/><F99/><W3/><G96/><T98/><D98/><U75/><E75/><V76/><F76/><W100/><G86/><T66/><D66/><AGARI ba="0,1" hai="64,66,104,105,106" m="2634,49225,13866" machi="66" ten="40,12000,1" yaku="28,2,19,1,52,2" doraHai="62" who="2" fromWho="0" sc="136,-120,272,0,222,130,360,0" /><INIT seed="6,1,0,1,3,20" ten="16,272,352,360" oya="2" hai0="130,72,103,40,74,110,68,55,121,52,131,79,16" hai1="33,38,123,45,104,114,133,21,42,15,94,8,64" hai2="6,12,134,39,85,88,122,1,115,116,4,35,32" hai3="92,3,83,36,23,71,90,113,0,96,65,67,14"/><V30/><F39/><W7/><G36/><T2/><D2/><U63/><E104/><V9/><F116/><W87/><G71/><T29/><D110/><U84/><E33/><V107/><F107/><W128/><G128/><N who="0" m="49195" /><D121/><U77/><E123/><V19/><F122/><W86/><G113/><T10/><D68/><U124/><E114/><V91/><F115/><W119/><G119/><T69/><D69/><U80/><E124/><V108/><F108/><W26/><G3/><T17/><D103/><U75/><E133/><V31/><F134/><W13/><G0/><T27/><D40/><U106/><E106/><V47/><F47/><W126/><G126/><T125/><D125/><U99/><E75/><N who="0" m="28713" /><D79/><U43/><E43/><V60/><F60/><W22/><G22/><N who="0" m="15607" /><D10/><U120/><E120/><V54/><F54/><AGARI ba="1,0" hai="16,17,52,54,55" m="15607,28713,49195" machi="54" ten="30,7700,0" yaku="19,1,52,1,54,2" doraHai="20" who="0" fromWho="2" sc="16,80,272,0,352,-80,360,0" /><INIT seed="7,0,0,0,2,61" ten="96,272,272,360" oya="3" hai0="78,12,6,125,116,107,4,83,122,96,35,21,27" hai1="121,41,82,73,134,5,106,33,23,128,3,10,101" hai2="105,22,14,104,69,130,30,62,55,129,133,86,80" hai3="126,88,56,110,115,8,60,97,99,7,48,26,43"/><W76/><G115/><T40/><D122/><U45/><E121/><V74/><F74/><W63/><G76/><T70/><D116/><U100/><E33/><V58/><F69/><W65/><G26/><T52/><D125/><U123/><E123/><V50/><F50/><W117/><G63/><T75/><D40/><U31/><E106/><V34/><F34/><W93/><G110/><T132/><D132/><U85/><E134/><V15/><F133/><W67/><G97/><T54/><D35/><U94/><E94/><V57/><F57/><W17/><G17/><T89/><D70/><U16/><E31/><V112/><F112/><W91/><G91/><T68/><D68/><U111/><E111/><V51/><F51/><W38/><G38/><T79/><D79/><N who="1" m="44399" /><E85/><V53/><F53/><W77/><G77/><T1/><D1/><U120/><E120/><V42/><F42/><W44/><G117/><T84/><D12/><N who="2" m="4650" /><F22/><W71/><G126/><T39/><D39/><N who="1" m="21695" /><E128/><N who="2" m="49259" /><F30/><W64/><G71/><T103/><D4/><U95/><E95/><V81/><F81/><W24/><G24/><AGARI ba="0,0" hai="3,5,10,16,23,24,100,101" m="21695,44399" machi="24" ten="30,2000,0" yaku="25,1,54,1" doraHai="61" who="1" fromWho="3" sc="96,0,272,20,272,0,360,-20" owari="96,-40.0,292,9.0,272,-13.0,340,44.0" /></mjloggm>