<mjloggm ver="2.3"><GO type="169" lobby="0"/><UN n0="%E6%96%A7%E4%B9%83%E6%9C%A8%E4%BD%99%E6%8E%A5" n1="%73%69%65%72%61%34%30%31" n2="%E3%82%A6%E3%83%AB%E3%83%88%E3%83%A9%E7%AB%8B%E7%9B%B4" n3="%5A%5A%5A%5A%5A" dan="16,17,18,16" rate="2106.35,2174.61,2176.69,2089.98" sx="F,F,M,M"/><TAIKYOKU oya="0"/><INIT seed="0,0,0,5,5,72" ten="250,250,250,250" oya="0" hai0="23,9,61,65,93,113,39,40,16,92,18,90,19" hai1="112,104,64,84,134,128,32,123,17,7,6,132,47" hai2="85,8,28,97,108,120,5,46,63,89,2,35,43" hai3="102,60,38,76,51,95,12,24,135,101,45,48,105"/><T79/><D113/><U129/><E104/><V77/><F120/><W124/><G135/><N who="1" m="51754" /><E64/><V25/><F108/><W111/><G111/><T110/><D110/><U107/><E107/><V103/><F63/><W42/><G124/><T66/><D9/><U78/><E47/><V57/><F57/><W94/><G105/><T109/><D109/><U80/><E32/><V125/><F125/><W96/><G60/><T100/><D40/><U130/><E123/><V82/><F103/><W127/><G127/><T133/><D39/><U106/><E106/><V73/><F97/><W59/><G24/><T56/><D66/><U75/><E112/><V131/><F131/><W126/><G126/><T55/><D65/><U74/><E17/><V26/><F28/><W87/><G12/><N who="0" m="9607" /><D133/><U15/><E15/><V29/><F29/><W54/><G102/><T14/><D14/><U44/><E44/><V71/><F71/><W121/><G121/><T10/><D10/><U3/><E3/><V122/><F35/><W21/><G21/><T118/><D118/><U0/><E0/><V67/><F67/><W22/><G22/><T20/><D20/><U98/><E98/><V81/><REACH who="2" step="1"/><F122/><REACH who="2" ten="250,250,240,250" step="2"/><W41/><G101/><T11/><D100/><U114/><E114/><V69/><F69/><W27/><G96/><T4/><D61/><U115/><E115/><V13/><F13/><W91/><G59/><T30/><D30/><U1/><E1/><V116/><F116/><W70/><G70/><T31/><D31/><U36/><E36/><AGARI ba="0,1" hai="2,5,8,25,26,36,43,46,73,77,81,82,85,89" machi="36" ten="30,12000,2" yaku="1,1,7,1,25,2,52,1,53,1" doraHai="72" doraHaiUra="37" who="2" fromWho="1" sc="250,0,250,-120,240,130,250,0" /><INIT seed="1,0,0,1,0,87" ten="250,130,370,250" oya="1" hai0="35,101,130,132,47,4,119,75,26,121,71,88,14" hai1="95,100,81,43,107,97,110,68,3,25,44,99,53" hai2="128,23,50,9,27,22,13,39,55,48,120,127,10" hai3="108,67,106,32,64,46,60,63,77,118,113,84,20"/><U56/><E68/><V70/><F39/><W90/><G32/><T74/><D71/><U72/><E3/><V15/><F70/><W0/><G0/><T109/><D119/><U126/><E126/><V11/><F120/><W31/><G113/><T103/><D121/><U61/><E110/><V58/><F128/><W123/><G123/><T134/><D109/><U66/><E72/><V28/><F127/><W17/><G106/><T12/><D130/><U89/><E81/><V40/><F23/><W116/><G108/><T69/><D69/><U115/><E115/><V131/><F131/><W24/><G46/><AGARI ba="0,0" hai="9,10,11,13,15,22,27,28,40,46,48,50,55,58" machi="46" ten="40,1300,0" yaku="8,1" doraHai="87" who="2" fromWho="3" sc="250,0,130,0,370,13,250,-13" /><INIT seed="2,0,0,2,1,74" ten="250,130,383,237" oya="2" hai0="105,130,91,14,114,79,120,26,109,51,113,25,78" hai1="30,18,34,0,37,104,80,73,116,68,31,118,65" hai2="93,133,12,77,88,29,16,22,60,61,82,47,52" hai3="123,20,21,107,69,122,39,36,4,132,11,54,66"/><V106/><F106/><W85/><G107/><T58/><D120/><U76/><E18/><V110/><F29/><W27/><G132/><T94/><D105/><U43/><E31/><V134/><F110/><W67/><G54/><N who="0" m="32095" /><D109/><U95/><E95/><V17/><F17/><W48/><G48/><T112/><D130/><U115/><E115/><V13/><F13/><W28/><G85/><N who="0" m="52591" /><D114/><U75/><E75/><V92/><F92/><W99/><G99/><T89/><D113/><U5/><E104/><V42/><F52/><W49/><G49/><T131/><D131/><U35/><E30/><V45/><F61/><W81/><G81/><T8/><D89/><U33/><E65/><V98/><F60/><W101/><G101/><T108/><D108/><U119/><E68/><V124/><F42/><W83/><G83/><T125/><D125/><U57/><E57/><V59/><F59/><W53/><G69/><T15/><D15/><U10/><E118/><V72/><F124/><W1/><G67/><T71/><D71/><U63/><E63/><V126/><F126/><W90/><G66/><T56/><D56/><U44/><AGARI ba="0,0" hai="0,5,10,33,34,35,37,43,44,73,76,80,116,119" machi="44" ten="40,12000,2" yaku="0,1,25,2,23,2,52,1" doraHai="74" who="1" fromWho="1" sc="250,-30,130,120,383,-60,237,-30" /><INIT seed="3,0,0,3,0,54" ten="220,250,323,207" oya="3" hai0="68,49,107,62,103,104,119,45,11,28,109,57,55" hai1="69,74,33,131,105,36,87,122,60,37,67,15,50" hai2="120,126,89,64,59,73,65,102,56,51,130,17,112" hai3="47,0,29,97,99,13,98,94,121,81,61,42,132"/><W8/><G121/><T85/><D119/><U52/><E74/><V80/><F112/><W48/><G132/><T128/><D128/><U71/><E105/><V44/><F130/><W31/><G81/><T43/><D109/><U125/><E122/><V135/><F135/><W100/><G0/><T124/><D124/><U70/><E33/><V91/><F102/><W106/><G61/><T5/><D103/><U38/><E131/><V84/><F73/><W92/><G106/><T14/><D28/><N who="3" m="10825" /><G100/><T35/><D35/><U7/><E87/><N who="2" m="50407" /><F17/><AGARI ba="0,0" hai="8,13,17,42,47,48,92,94,97,98,99" m="10825" machi="17" ten="30,1500,0" yaku="8,1" doraHai="54" who="3" fromWho="2" sc="220,0,250,0,323,-15,207,15" /><INIT seed="3,1,0,3,4,116" ten="220,250,308,222" oya="3" hai0="31,18,120,78,132,65,70,114,63,80,128,73,12" hai1="6,106,66,25,54,100,32,22,119,117,83,85,98" hai2="97,104,123,5,34,133,30,43,108,125,99,89,7" hai3="129,51,109,13,110,122,105,86,90,49,79,84,16"/><W38/><G105/><T95/><D128/><U20/><E32/><V124/><F43/><W48/><G38/><T82/><D132/><U93/><E6/><V103/><F133/><W81/><G129/><T37/><D37/><U118/><E66/><V121/><F7/><W115/><G115/><T127/><D127/><N who="2" m="48714" /><F5/><W35/><G35/><T1/><D1/><U77/><E54/><V55/><F55/><W53/><G53/><T42/><D42/><U74/><REACH who="1" step="1"/><E25/><REACH who="1" ten="220,240,308,222" step="2"/><N who="2" m="18767" /><F108/><N who="3" m="41579" /><G122/><N who="2" m="46601" /><F97/><W68/><G68/><T23/><D120/><U76/><E76/><V88/><AGARI ba="1,1" hai="88,89,99,103,104" m="46601,18767,48714" machi="88" ten="40,12000,2" yaku="18,1,13,1,52,3,54,1" doraHai="116" who="2" fromWho="2" sc="220,-31,240,-31,308,133,222,-61" /><INIT seed="4,0,0,1,5,90" ten="189,209,441,161" oya="0" hai0="104,125,33,80,19,28,43,29,110,95,32,46,8" hai1="23,37,78,4,56,118,99,77,116,65,60,24,59" hai2="132,11,126,107,123,84,89,105,91,5,71,2,97" hai3="52,76,111,30,131,72,34,51,83,49,87,42,26"/><T64/><D104/><U79/><E37/><V106/><F123/><W70/><G111/><T114/><D110/><U14/><E56/><V115/><F71/><W36/><G131/><T39/><D114/><U53/><E65/><V17/><F126/><W134/><G134/><T127/><D64/><U47/><E47/><V135/><F17/><W108/><G108/><T88/><D80/><U94/><E14/><V12/><F2/><W81/><G70/><T7/><D19/><U58/><E58/><V3/><F3/><W75/><G36/><T9/><D32/><U35/><E4/><V68/><F91/><W18/><G18/><T40/><D40/><U54/><E54/><V13/><F13/><W96/><G96/><N who="0" m="57447" /><D33/><U128/><E35/><V101/><F68/><W25/><G25/><T113/><D113/><U57/><E57/><V67/><F67/><W69/><G69/><T48/><D39/><U27/><E27/><V98/><F115/><W86/><G42/><T117/><D117/><U102/><REACH who="1" step="1"/><E128/><REACH who="1" ten="189,199,441,161" step="2"/><V74/><F5/><W31/><G34/><T21/><D7/><U0/><E0/><V16/><F12/><W109/><G109/><T22/><D8/><U100/><E100/><V130/><F101/><W10/><G10/><T41/><D9/><U133/><E133/><V103/><F103/><W92/><G26/><T93/><D41/><U122/><E122/><V62/><F135/><W1/><G1/><T55/><D55/><U15/><E15/><V82/><F132/><W66/><G52/><T50/><D43/><U129/><E129/><V38/><F130/><RYUUKYOKU ba="0,1" sc="189,-10,199,30,441,-10,161,-10" hai1="23,24,53,59,60,77,78,79,94,99,102,116,118" /><INIT seed="5,1,1,5,4,106" ten="179,229,431,151" oya="1" hai0="18,102,62,10,7,42,124,8,112,29,60,108,0" hai1="128,78,73,49,43,21,27,90,84,118,82,69,92" hai2="94,98,12,103,66,113,75,23,85,125,57,97,37" hai3="39,6,46,55,20,51,100,22,87,135,81,129,50"/><U52/><E69/><V13/><F37/><W95/><G135/><T123/><D108/><U16/><E128/><V130/><F75/><W58/><G129/><T72/><D72/><U47/><REACH who="1" step="1"/><E43/><REACH who="1" ten="179,219,431,151" step="2"/><V132/><F130/><W93/><G39/><T114/><D42/><U79/><E79/><V17/><F132/><W115/><G115/><T88/><D114/><U64/><E64/><V131/><F131/><W36/><G36/><T70/><D70/><U117/><AGARI ba="1,2" hai="16,21,27,47,49,52,73,78,82,84,90,92,117,118" machi="117" ten="30,18000,2" yaku="1,1,0,1,52,1,54,2,53,1" doraHai="106" doraHaiUra="14" who="1" fromWho="1" sc="179,-61,219,203,431,-61,151,-61" /><INIT seed="5,2,0,1,0,98" ten="118,422,370,90" oya="1" hai0="92,99,90,33,5,110,128,14,11,12,112,122,29" hai1="75,113,50,26,53,82,45,42,95,72,71,20,62" hai2="115,106,39,87,51,107,59,120,61,32,67,89,73" hai3="49,30,84,46,129,44,127,101,124,36,69,58,108"/><U34/><E34/><V37/><F73/><W74/><G74/><T9/><D110/><U104/><E104/><V21/><F32/><W54/><G30/><T97/><D112/><U2/><E2/><V93/><F120/><W28/><G28/><T8/><D122/><U121/><E121/><V78/><F78/><W15/><G108/><T111/><D128/><U85/><E95/><V103/><F115/><W55/><G15/><T4/><D9/><U52/><E53/><V80/><F107/><W76/><G76/><T60/><D60/><U119/><E119/><V70/><F106/><W22/><G22/><T23/><D111/><U116/><E113/><V109/><F109/><W25/><G25/><T132/><D132/><U102/><E102/><V57/><F21/><W88/><G69/><T118/><D118/><U83/><E83/><V47/><F37/><W13/><G13/><T114/><D114/><U123/><E123/><V48/><F39/><W100/><G129/><T17/><D33/><U133/><E133/><V31/><F31/><W16/><G16/><T94/><D29/><N who="1" m="17607" /><E116/><V64/><F64/><W6/><G6/><T79/><D79/><N who="1" m="46303" /><E71/><V117/><F117/><W10/><G36/><T63/><D63/><U0/><E0/><V135/><F135/><W81/><G10/><T40/><D40/><U68/><E68/><V130/><F130/><W24/><G55/><T125/><D8/><U91/><E91/><V134/><F134/><W27/><G54/><T96/><D11/><U77/><E77/><V19/><F70/><W56/><G88/><T41/><D90/><RYUUKYOKU ba="2,0" sc="118,-10,422,30,370,-10,90,-10" hai1="42,45,50,52,62,72,75" /><INIT seed="5,3,0,2,2,22" ten="108,452,360,80" oya="1" hai0="105,62,90,83,25,114,70,69,85,104,66,55,92" hai1="13,52,124,72,121,100,16,4,58,54,49,86,129" hai2="101,91,28,135,74,120,88,46,20,87,117,29,8" hai3="103,110,35,37,84,6,67,19,133,97,82,15,53"/><U36/><E72/><V127/><F74/><W30/><G110/><T40/><D40/><U21/><E36/><V47/><F120/><W123/><G123/><T71/><D114/><U10/><E121/><V24/><F117/><W99/><G37/><T32/><D55/><U131/><E124/><V45/><F127/><W34/><G133/><T3/><D3/><U5/><E100/><V38/><F135/><W61/><G53/><T11/><D11/><U93/><E54/><V80/><F38/><W106/><G6/><T42/><D42/><U77/><E77/><V27/><F8/><W89/><G99/><T64/><D83/><U59/><E59/><V39/><F101/><W109/><G109/><T130/><D130/><N who="1" m="49675" /><E10/><V78/><REACH who="2" step="1"/><F39/><REACH who="2" ten="108,452,350,80" step="2"/><W41/><G103/><T23/><D32/><AGARI ba="3,1" hai="20,24,27,28,29,32,45,46,47,78,80,87,88,91" machi="32" ten="40,8000,1" yaku="1,1,2,1,52,2,54,1,53,0" doraHai="22" doraHaiUra="132" who="2" fromWho="0" sc="108,-89,452,0,350,99,80,0" /><INIT seed="6,0,0,2,2,63" ten="19,452,449,80" oya="2" hai0="75,130,131,49,114,106,33,8,31,88,45,65,62" hai1="117,123,118,102,58,135,29,21,120,7,4,36,84" hai2="115,81,0,111,93,82,24,55,22,99,124,128,26" hai3="74,103,27,16,37,60,59,79,101,1,46,87,19"/><V129/><F0/><W122/><G122/><N who="1" m="46634" /><E36/><V35/><F35/><W2/><G74/><T9/><D75/><U104/><E84/><V47/><F115/><W17/><G2/><T96/><D114/><U40/><E40/><V44/><F26/><W121/><G1/><T133/><D133/><U92/><E104/><V127/><F111/><W86/><G121/><T70/><D131/><N who="2" m="50250" /><F55/><W100/><G37/><T116/><D116/><U15/><E135/><V64/><F64/><N who="3" m="38943" /><G27/><T51/><D130/><U14/><E58/><V126/><F47/><W98/><G98/><T73/><D73/><U113/><E113/><V18/><F44/><W10/><G46/><T42/><D51/><U108/><E108/><V125/><N who="2" m="31744" /><DORA hai="69" /><V71/><F71/><W72/><G72/><T3/><D3/><U78/><E29/><V50/><F50/><W105/><G105/><T77/><D77/><U56/><E56/><V12/><F24/><W68/><G68/><T57/><D70/><U85/><E21/><V67/><F67/><W80/><G87/><T132/><D132/><U20/><E20/><V52/><F52/><W25/><G25/><T32/><D32/><U38/><E38/><V23/><F23/><W34/><G34/><T110/><D110/><U83/><E117/><V48/><F48/><W54/><G54/><T94/><D106/><U91/><E118/><V119/><F119/><W43/><G43/><T5/><REACH who="0" step="1"/><D5/><REACH who="0" ten="9,452,449,80" step="2"/><U61/><E4/><V107/><F107/><W39/><G39/><T95/><D95/><U30/><E7/><V28/><F28/><W109/><G109/><RYUUKYOKU ba="0,1" sc="9,10,452,-30,449,10,80,10" hai0="8,9,31,33,42,45,49,57,62,65,88,94,96" hai2="12,18,22,81,82,93,99" hai3="10,16,17,19,79,80,86,100,101,103" /><INIT seed="6,1,1,5,2,116" ten="19,422,459,90" oya="2" hai0="83,64,76,67,58,57,7,29,21,73,123,86,55" hai1="94,11,87,41,115,49,25,43,30,48,47,59,117" hai2="122,6,104,33,100,85,35,4,31,45,98,63,96" hai3="17,72,0,129,16,128,28,109,75,111,92,27,125"/><V54/><F122/><W84/><G0/><T40/><D123/><U120/><E117/><V99/><F104/><W113/><G125/><T3/><D40/><U65/><E115/><V2/><F100/><W42/><G42/><T78/><D3/><U12/><E120/><V50/><F2/><W124/><G124/><T22/><D7/><U62/><E94/><V36/><F36/><W61/><G113/><T52/><D73/><U82/><E25/><V9/><F9/><W81/><G92/><T88/><D29/><U131/><E30/><V24/><F35/><W79/><G61/><T18/><D57/><U130/><E49/><V107/><F107/><W10/><G75/><T14/><D22/><U44/><E44/><V112/><F112/><W60/><G60/><N who="0" m="35911" /><D55/><U69/><E69/><V5/><F85/><W26/><G72/><T32/><D32/><U37/><E37/><V68/><REACH who="2" step="1"/><F63/><REACH who="2" ten="19,422,449,90" step="2"/><W105/><G105/><T23/><D23/><U39/><E39/><V110/><F110/><W46/><G111/><T97/><D97/><U132/><E132/><V126/><F126/><W70/><G109/><T71/><D71/><AGARI ba="1,2" hai="4,5,6,24,31,33,45,50,54,68,71,96,98,99" machi="71" ten="40,2000,0" yaku="1,1,53,0" doraHai="116" doraHaiUra="15" who="2" fromWho="0" sc="19,-23,422,0,449,43,90,0" owari="-4,-50.0,422,22.0,492,59.0,90,-31.0" /></mjloggm>