<mjloggm ver="2.3"><GO type="169" lobby="0"/><UN n0="%E3%82%A6%E3%83%AB%E3%83%88%E3%83%A9%E7%AB%8B%E7%9B%B4" n1="%EF%BC%88%C2%B4%E3%83%BB%CF%89%E3%83%BB%EF%BD%80%2A%EF%BC%89" n2="%E5%BE%A9%E8%AE%90%E3%81%A1%E3%82%83%E3%82%93" n3="%E9%88%B4%E5%B1%8B%E5%86%85%E4%BA%94%E6%9B%B2" dan="17,16,16,16" rate="2144.57,2018.74,2172.79,2088.01" sx="M,M,F,M"/><TAIKYOKU oya="0"/><INIT seed="0,0,0,1,1,47" ten="250,250,250,250" oya="0" hai0="133,1,68,91,10,61,70,7,131,130,72,35,18" hai1="41,108,4,117,111,60,93,134,121,96,32,38,104" hai2="9,85,14,118,77,124,66,90,33,65,63,129,49" hai3="97,78,87,113,53,128,56,13,81,106,48,120,20"/><T12/><D72/><U15/><E60/><V103/><F33/><W105/><G113/><T123/><D123/><U125/><E93/><V11/><F118/><W30/><G128/><N who="0" m="49195" /><D35/><U3/><E96/><V112/><F129/><W82/><G120/><T39/><D39/><U95/><E95/><V5/><F112/><W80/><G106/><T55/><D91/><U59/><E59/><V58/><F124/><W107/><G107/><T98/><D98/><U110/><E41/><V34/><F34/><W36/><G36/><T19/><D133/><U71/><E38/><V115/><F103/><W6/><G105/><T119/><D119/><U79/><E79/><V92/><F115/><W73/><G73/><T44/><D61/><U28/><E104/><V16/><F77/><W22/><G97/><T24/><D24/><N who="1" m="18439" /><E3/><V54/><F63/><W102/><G102/><T74/><D74/><U0/><E0/><AGARI ba="0,0" hai="0,5,9,11,14,16,49,54,58,65,66,85,90,92" machi="0" ten="30,3900,0" yaku="7,1,52,1,54,1" doraHai="47" who="2" fromWho="1" sc="250,0,250,-39,250,39,250,0" /><INIT seed="1,0,0,5,2,71" ten="250,211,289,250" oya="1" hai0="123,90,27,127,47,17,112,41,130,126,98,50,61" hai1="106,44,86,84,125,104,101,62,3,133,67,9,79" hai2="23,132,19,64,135,33,38,80,32,68,121,122,119" hai3="59,102,4,52,5,35,58,89,46,87,0,24,103"/><U29/><E125/><V107/><F119/><W74/><G74/><T100/><D112/><U77/><E133/><V16/><F107/><W65/><G46/><T128/><D90/><U124/><E124/><N who="0" m="47657" /><D61/><U117/><E117/><V25/><F64/><W1/><G35/><T134/><D17/><U49/><E29/><V66/><F66/><W109/><G109/><T42/><D27/><U34/><E34/><V82/><F68/><W51/><G24/><T21/><D21/><U63/><E104/><V93/><F93/><W78/><G78/><T30/><D30/><U39/><E63/><V15/><F25/><W95/><G0/><T110/><D110/><U111/><E111/><V88/><F23/><W56/><G1/><T54/><D123/><U10/><E3/><V75/><F15/><W114/><G114/><T11/><D11/><U14/><E10/><V120/><F120/><W57/><G65/><T81/><D81/><U36/><E14/><V99/><F99/><W22/><REACH who="3" step="1"/><G22/><REACH who="3" ten="250,211,289,240" step="2"/><T108/><D108/><U28/><E28/><V12/><F75/><W60/><G60/><T20/><D20/><U18/><E62/><V97/><F12/><W6/><AGARI ba="0,1" hai="4,5,6,51,52,56,57,58,59,87,89,95,102,103" machi="6" ten="30,7900,0" yaku="1,1,0,1,8,1,54,1,53,0" doraHai="71" doraHaiUra="7" who="3" fromWho="3" sc="250,-20,211,-39,289,-20,240,89" /><INIT seed="2,0,0,0,0,109" ten="230,172,269,329" oya="2" hai0="2,133,58,39,112,104,7,91,106,48,118,119,120" hai1="74,21,105,43,89,63,37,34,0,96,6,82,16" hai2="45,132,25,33,126,87,121,49,95,54,28,27,70" hai3="26,41,35,85,59,17,98,18,94,14,57,64,66"/><V15/><F121/><W10/><G41/><T29/><D120/><U100/><E34/><V124/><F70/><W51/><G85/><T65/><D29/><U4/><E0/><V107/><F107/><W131/><G131/><T50/><D39/><U71/><E43/><V115/><F132/><W134/><G134/><T31/><D31/><U135/><E37/><V55/><F27/><W129/><G35/><T56/><D133/><U68/><E135/><V46/><F15/><W86/><G86/><T12/><D12/><U44/><E44/><V8/><F8/><W23/><G129/><T1/><D91/><U3/><E3/><V93/><F115/><W123/><G59/><T116/><D112/><U75/><E75/><V62/><F87/><W122/><G123/><T125/><D125/><N who="2" m="48234" /><F62/><W52/><G122/><T128/><D128/><U111/><E71/><V102/><F102/><AGARI ba="0,0" hai="10,14,17,18,23,26,51,52,57,64,66,94,98,102" machi="102" ten="30,3900,0" yaku="7,1,8,1,54,1" doraHai="109" who="3" fromWho="2" sc="230,0,172,0,269,-39,329,39" /><INIT seed="3,0,0,5,2,32" ten="230,172,230,368" oya="3" hai0="61,132,106,84,99,1,38,42,135,88,8,18,29" hai1="43,16,3,25,94,122,0,11,74,134,85,102,66" hai2="87,128,14,126,54,62,119,73,48,91,86,71,63" hai3="70,57,76,96,125,12,44,129,20,65,81,7,120"/><W121/><G70/><T117/><D29/><U115/><E122/><V113/><F73/><W30/><G44/><N who="0" m="23639" /><D61/><U33/><E115/><V31/><F113/><W36/><G36/><T24/><D117/><U83/><E43/><V59/><F119/><W130/><G96/><T27/><D99/><U123/><E123/><V103/><F103/><W82/><G57/><T49/><D49/><U53/><E66/><V69/><F31/><W21/><G65/><T131/><D106/><U9/><E74/><V26/><F26/><W98/><G98/><T114/><D114/><U51/><E94/><V4/><F69/><W10/><G30/><T41/><D41/><U93/><E93/><V95/><F71/><W127/><G120/><T15/><D131/><U6/><E102/><V112/><F128/><N who="3" m="49259" /><G121/><T110/><D27/><U104/><E104/><V47/><F63/><W133/><G21/><T79/><D24/><U64/><E64/><V17/><F112/><W60/><G20/><T45/><D45/><N who="1" m="27887" /><E134/><V37/><F37/><W23/><G133/><T118/><D118/><U108/><E25/><V75/><F62/><W5/><G60/><T111/><D135/><U55/><E33/><V116/><F47/><W109/><G12/><T80/><D132/><U101/><E101/><V39/><F14/><W67/><G67/><T19/><D15/><N who="1" m="7279" /><E55/><V90/><F54/><W2/><G23/><T56/><D8/><U28/><E28/><V97/><F39/><W22/><G22/><T13/><D13/><U46/><E46/><V124/><F116/><W72/><G10/><T89/><D56/><RYUUKYOKU ba="0,0" sc="230,0,172,0,230,0,368,0" /><INIT seed="4,1,0,3,4,43" ten="230,172,230,368" oya="0" hai0="16,47,52,56,107,11,89,20,124,68,65,48,117" hai1="64,75,72,79,85,73,29,128,18,84,23,118,82" hai2="22,38,77,129,67,119,12,19,127,2,42,76,93" hai3="10,62,7,15,44,27,0,94,59,3,130,35,71"/><T33/><D33/><U98/><E118/><V37/><F2/><W111/><G71/><T49/><D107/><U30/><E128/><V31/><F129/><W8/><G130/><T54/><D117/><U133/><E133/><V69/><F127/><W74/><G74/><T81/><D124/><U51/><E64/><V21/><F38/><W92/><G35/><T115/><D115/><U45/><E85/><V87/><F119/><W53/><G27/><N who="0" m="14727" /><D68/><U96/><E96/><V125/><F67/><W121/><G121/><T134/><D134/><U132/><E98/><V113/><F69/><W4/><G15/><T122/><D122/><U32/><E32/><V13/><F113/><W97/><G111/><T17/><D65/><U83/><E83/><V25/><F13/><W95/><G44/><T14/><D89/><AGARI ba="1,0" hai="0,3,4,7,8,10,53,59,62,89,92,94,95,97" machi="89" ten="30,2000,0" yaku="7,1,9,1" doraHai="43" who="3" fromWho="0" sc="230,-23,172,0,230,0,368,23" /><INIT seed="5,0,0,4,0,48" ten="207,172,230,391" oya="1" hai0="54,101,70,108,96,53,114,120,58,52,65,71,69" hai1="21,13,91,38,17,129,31,50,11,27,78,67,90" hai2="115,130,57,132,26,56,93,64,134,73,81,127,126" hai3="15,1,103,49,98,97,44,3,35,60,55,105,89"/><U85/><E38/><V77/><F93/><W4/><G35/><T29/><D108/><U68/><E129/><V104/><F26/><W61/><G3/><T123/><D29/><U111/><E111/><V63/><F115/><W102/><G89/><T128/><D114/><U121/><E121/><N who="0" m="46665" /><D128/><U119/><E119/><V37/><F37/><W12/><G1/><T30/><D30/><U131/><E131/><V9/><F104/><W43/><G4/><T82/><D82/><N who="1" m="47319" /><E68/><N who="0" m="17409" /><T45/><DORA hai="19" /><D45/><U5/><E67/><V84/><F9/><W72/><G72/><T74/><D74/><U39/><E39/><V133/><F130/><W83/><G83/><T42/><D42/><U51/><E31/><V0/><F0/><W22/><G43/><T76/><D76/><U79/><E79/><V41/><F41/><W92/><G12/><T40/><D40/><U8/><E8/><V25/><F73/><W36/><G36/><T10/><D10/><U14/><E27/><V124/><F25/><W112/><G112/><T7/><D7/><U117/><E117/><V80/><F80/><W16/><AGARI ba="0,0" hai="15,16,22,44,49,55,60,61,92,97,98,102,103,105" machi="16" ten="30,7900,0" yaku="0,1,52,2,54,1" doraHai="48,19" who="3" fromWho="3" sc="207,-20,172,-39,230,-20,391,79" /><INIT seed="6,0,0,4,2,55" ten="187,133,210,470" oya="2" hai0="21,60,48,66,102,103,83,22,17,101,29,114,40" hai1="11,4,24,26,78,80,74,73,36,99,25,87,70" hai2="0,12,2,1,120,63,41,96,127,51,88,38,85" hai3="50,39,130,86,89,57,23,132,97,128,20,28,95"/><V3/><F38/><W111/><G39/><T125/><D114/><U49/><E36/><V119/><F119/><W14/><G20/><T110/><D110/><U31/><E70/><V124/><F120/><W79/><G111/><T68/><D125/><U76/><E31/><V61/><F96/><W134/><G79/><T10/><D83/><U93/><E49/><V123/><F123/><W77/><G77/><T81/><D81/><U84/><E74/><V115/><F115/><W58/><G50/><T43/><D10/><U33/><E33/><V104/><F104/><W42/><G42/><T109/><D109/><U122/><E122/><V117/><F12/><W16/><G97/><T46/><D40/><U62/><E62/><V106/><F106/><W37/><G28/><T32/><REACH who="0" step="1"/><D17/><REACH who="0" ten="177,133,210,470" step="2"/><U113/><E113/><V65/><F117/><W64/><G16/><T44/><D44/><U91/><REACH who="1" step="1"/><E76/><REACH who="1" ten="177,123,210,470" step="2"/><V100/><F124/><W5/><G37/><T53/><D53/><U129/><E129/><V105/><F127/><W135/><G130/><T116/><D116/><U107/><E107/><V82/><F105/><W19/><G128/><T131/><D131/><U126/><E126/><V75/><F41/><W9/><G64/><T7/><D7/><U30/><E30/><V13/><F65/><W92/><G92/><T56/><D56/><U18/><E18/><V59/><F59/><W108/><G108/><T133/><D133/><U98/><E98/><V118/><F118/><W54/><G54/><T34/><D34/><U72/><E72/><V8/><F75/><W94/><G94/><RYUUKYOKU ba="0,2" sc="177,10,123,10,210,-30,470,10" hai0="21,22,29,32,43,46,48,60,66,68,101,102,103" hai1="4,11,24,25,26,73,78,80,84,87,91,93,99" hai3="5,9,14,19,23,57,58,86,89,95,132,134,135" /><INIT seed="7,1,2,3,2,8" ten="187,133,180,480" oya="3" hai0="1,19,127,130,86,61,92,33,72,12,123,93,84" hai1="97,60,107,101,43,57,67,39,85,37,90,117,53" hai2="63,128,66,4,70,119,65,122,18,118,74,28,64" hai3="0,26,87,5,75,56,38,103,76,46,82,95,9"/><W30/><G56/><T104/><D19/><U29/><E117/><V45/><F74/><W109/><G109/><T25/><D25/><U62/><E43/><V44/><F28/><W132/><G132/><T15/><D61/><U6/><E6/><V41/><F4/><W79/><G79/><T51/><D51/><U59/><REACH who="1" step="1"/><E29/><REACH who="1" ten="187,123,180,480" step="2"/><V48/><F41/><W27/><G30/><T135/><D135/><U100/><E100/><V47/><F18/><W133/><G133/><T126/><D127/><U99/><E99/><V23/><F122/><W115/><G115/><T106/><D126/><U36/><E36/><V17/><F118/><W49/><G38/><T73/><D123/><U54/><E54/><V113/><F119/><W35/><G35/><T77/><D33/><U80/><AGARI ba="1,3" hai="37,39,53,57,59,60,62,67,80,85,90,97,101,107" machi="80" ten="20,2700,0" yaku="1,1,0,1,7,1,53,0" doraHai="8" doraHaiUra="21" who="1" fromWho="1" sc="187,-8,123,60,180,-8,480,-14" owari="179,-22.0,183,-2.0,172,-33.0,466,57.0" /></mjloggm>