<mjloggm ver="2.3"><GO type="169" lobby="0"/><UN n0="%E3%82%A6%E3%83%AB%E3%83%88%E3%83%A9%E7%AB%8B%E7%9B%B4" n1="%E3%83%AD%E3%83%83%E3%83%86%E9%9B%80%E7%90%83" n2="%7A%61%63%63" n3="%6B%69%79%6F%64%61%69" dan="17,17,17,18" rate="2134.82,2148.99,2173.07,2241.69" sx="M,M,F,M"/><TAIKYOKU oya="0"/><INIT seed="0,0,0,4,1,106" ten="250,250,250,250" oya="0" hai0="33,71,124,87,38,6,89,44,114,90,120,92,12" hai1="119,25,94,96,26,59,98,133,127,126,100,91,112" hai2="62,132,49,11,36,131,122,42,27,110,73,70,3" hai3="9,72,10,46,40,129,74,67,43,99,85,113,93"/><T57/><D71/><U105/><E119/><V65/><F122/><W102/><G43/><T135/><D114/><U123/><E123/><V55/><F132/><W60/><G113/><T34/><D120/><U64/><E133/><V77/><F27/><W68/><G129/><T53/><D135/><U116/><E116/><V51/><F131/><W7/><G85/><T19/><D124/><N who="1" m="47659" /><E112/><V16/><F110/><W32/><G32/><T0/><D0/><U79/><E79/><V111/><F111/><W115/><G10/><T81/><D6/><U31/><E31/><V80/><F55/><W29/><G29/><T48/><D38/><U8/><E8/><V125/><F125/><W20/><G20/><T23/><REACH who="0" step="1"/><D44/><REACH who="0" ten="240,250,250,250" step="2"/><U2/><E2/><V47/><REACH who="2" step="1"/><F16/><REACH who="2" ten="240,250,240,250" step="2"/><W84/><G115/><T103/><D103/><U13/><E100/><V117/><F117/><W17/><G17/><T4/><D4/><AGARI ba="0,2" hai="3,4,11,36,42,47,49,51,62,65,70,73,77,80" machi="4" ten="40,8000,1" yaku="1,1,25,2,52,1,53,1" doraHai="106" doraHaiUra="37" who="2" fromWho="0" sc="240,-80,250,0,240,100,250,0" /><INIT seed="1,0,0,4,1,15" ten="160,250,340,250" oya="1" hai0="99,101,55,84,6,26,97,32,39,70,14,44,4" hai1="45,8,100,129,116,114,85,33,80,133,87,59,71" hai2="65,18,38,64,78,124,47,112,20,3,34,9,111" hai3="51,1,31,89,109,24,82,127,92,122,35,73,41"/><U135/><E71/><V53/><F34/><W36/><G1/><T7/><D70/><U121/><E114/><V128/><F112/><W104/><G104/><T119/><D119/><U86/><E116/><V48/><F128/><W115/><G109/><T94/><D32/><U57/><E129/><V113/><F111/><W29/><G29/><T90/><D26/><U125/><E125/><V120/><F120/><W110/><G110/><T95/><D39/><U23/><E33/><V52/><F38/><W132/><G132/><N who="1" m="50762" /><E80/><V98/><F124/><W16/><G36/><T21/><D97/><U76/><E76/><V61/><F78/><W93/><G122/><T77/><D77/><U37/><E100/><V123/><F123/><W134/><G115/><T22/><REACH who="0" step="1"/><D14/><REACH who="0" ten="150,250,340,250" step="2"/><U58/><E121/><V43/><F98/><W79/><G134/><T13/><D13/><U49/><E37/><V108/><F108/><W74/><G127/><T17/><D17/><U67/><E87/><V56/><F113/><W60/><G16/><T81/><D81/><U54/><E86/><V117/><F117/><W5/><G82/><T63/><D63/><U12/><E85/><V126/><F126/><W68/><G60/><T66/><D66/><U107/><E67/><V46/><F65/><W19/><G68/><T103/><D103/><U28/><E28/><V91/><F64/><W0/><G19/><T106/><D106/><U69/><E107/><V62/><F62/><W105/><G79/><T72/><D72/><U25/><E69/><V75/><F75/><N who="3" m="28683" /><G105/><T88/><D88/><U42/><E12/><RYUUKYOKU ba="0,1" sc="150,30,250,-10,340,-10,250,-10" hai0="4,6,7,21,22,44,55,84,90,94,95,99,101" /><INIT seed="2,1,1,2,1,75" ten="180,240,330,240" oya="2" hai0="46,53,22,92,68,114,97,84,81,87,36,90,39" hai1="116,96,59,58,76,113,11,21,94,65,64,20,128" hai2="28,104,42,4,40,37,3,57,38,69,41,112,85" hai3="54,31,107,19,26,108,101,110,80,12,99,34,106"/><V73/><F112/><W95/><G54/><T7/><D68/><U13/><E113/><V93/><F104/><W131/><G131/><T79/><D114/><U9/><E128/><V120/><F120/><W1/><G1/><T25/><D7/><U17/><E116/><V63/><F73/><W49/><G49/><T91/><D53/><U48/><E76/><V74/><F69/><W23/><REACH who="3" step="1"/><G80/><REACH who="3" ten="180,240,330,230" step="2"/><T86/><D46/><U30/><E48/><V52/><F38/><W124/><G124/><T134/><D134/><U33/><E65/><V132/><F37/><W32/><G32/><T29/><REACH who="0" step="1"/><D97/><REACH who="0" ten="170,240,330,230" step="2"/><U0/><E64/><V66/><F52/><W133/><G133/><T18/><D18/><U119/><E17/><V43/><F66/><W51/><G51/><T67/><D67/><U126/><E126/><V62/><F132/><W125/><G125/><T129/><D129/><U115/><E115/><V15/><F43/><W72/><G72/><T109/><D109/><AGARI ba="1,3" hai="12,19,23,26,31,34,95,99,101,106,107,108,109,110" machi="109" ten="40,8000,1" yaku="1,1,14,1,53,3" doraHai="75" doraHaiUra="121" who="3" fromWho="0" sc="170,-83,240,0,330,0,230,113" /><INIT seed="3,0,0,4,4,122" ten="87,240,330,343" oya="3" hai0="32,43,90,0,25,71,92,59,63,46,56,19,7" hai1="48,80,74,35,134,107,42,70,26,108,115,12,22" hai2="44,11,52,132,58,55,87,27,73,72,112,79,33" hai3="83,123,113,65,41,68,121,47,86,116,36,109,124"/><W14/><G113/><T135/><D135/><U38/><E48/><V16/><F132/><W50/><G116/><T5/><D71/><U97/><E12/><V4/><F112/><W129/><G124/><T2/><D2/><U117/><E22/><V114/><F114/><W88/><G129/><T118/><D118/><U51/><E51/><V76/><F44/><W91/><G109/><T101/><D101/><U24/><E24/><V105/><F105/><W100/><G100/><T29/><D19/><U75/><E26/><V3/><F55/><W10/><G91/><T128/><D128/><U39/><E42/><V89/><F73/><W94/><G94/><T13/><D13/><U6/><E6/><V62/><F72/><W125/><G125/><T133/><D133/><U102/><E102/><V82/><REACH who="2" step="1"/><F33/><REACH who="2" ten="87,240,320,343" step="2"/><W21/><G123/><T78/><D46/><U106/><E35/><V20/><AGARI ba="0,1" hai="3,4,11,16,20,27,52,58,62,76,79,82,87,89" machi="20" ten="30,8000,1" yaku="1,1,2,1,0,1,54,2,53,0" doraHai="122" doraHaiUra="37" who="2" fromWho="2" sc="87,-20,240,-20,320,90,343,-40" /><INIT seed="4,0,0,2,4,95" ten="67,220,410,303" oya="0" hai0="16,63,49,107,120,113,53,19,72,101,11,26,117" hai1="132,86,81,77,36,17,118,131,69,91,32,108,116" hai2="121,135,84,54,41,94,79,90,68,75,31,99,124" hai3="89,40,83,39,92,10,64,112,126,85,28,3,105"/><T109/><D117/><U38/><E108/><V23/><F121/><W74/><G64/><T34/><D120/><U130/><E69/><V65/><F68/><W37/><G28/><T128/><D72/><U96/><E32/><V33/><F65/><W115/><G126/><T52/><D109/><U7/><E7/><V48/><F135/><W12/><G3/><T30/><D128/><N who="1" m="49195" /><E132/><V47/><F33/><W129/><G105/><T61/><D113/><N who="3" m="43593" /><G40/><T76/><D76/><U122/><E17/><V70/><F70/><W6/><G129/><T24/><D19/><U104/><E122/><V80/><F124/><W82/><G82/><T45/><D53/><U106/><E36/><V60/><F31/><W15/><G15/><T59/><D45/><U18/><E18/><V56/><REACH who="2" step="1"/><F23/><REACH who="2" ten="67,220,400,303" step="2"/><W9/><G9/><T78/><D78/><AGARI ba="0,1" hai="6,10,12,37,39,74,78,83,85,89,92" m="43593" machi="78" ten="30,1000,0" yaku="15,1" doraHai="95" who="3" fromWho="0" sc="67,-10,220,0,400,0,303,20" /><INIT seed="5,0,0,0,4,55" ten="57,220,400,323" oya="1" hai0="97,15,116,53,107,44,58,64,115,2,11,85,62" hai1="52,24,128,83,27,63,12,66,100,99,48,134,37" hai2="114,3,60,0,5,72,65,92,46,21,130,101,98" hai3="102,67,129,103,111,73,131,51,31,108,8,26,113"/><U127/><E37/><V122/><F122/><W17/><G73/><T126/><D2/><U59/><E134/><V16/><F130/><N who="3" m="49675" /><G113/><T93/><D116/><U42/><E128/><V69/><F72/><W76/><G76/><T54/><D115/><U104/><E127/><V132/><F132/><W38/><G38/><T40/><D107/><U71/><E42/><V41/><F5/><W79/><G79/><T10/><D85/><U61/><E83/><V7/><F7/><W86/><G86/><T56/><D126/><U124/><E124/><V120/><F120/><W45/><G67/><T28/><D28/><U96/><E96/><V123/><F123/><W1/><G1/><T84/><D84/><U4/><REACH who="1" step="1"/><E48/><REACH who="1" ten="57,210,400,323" step="2"/><V68/><F114/><W23/><G111/><T118/><D118/><U110/><E110/><V22/><F98/><W20/><G108/><T94/><D64/><U36/><E36/><V80/><F65/><W112/><G112/><T125/><D125/><U106/><E106/><V25/><F41/><W87/><G51/><N who="0" m="27015" /><D97/><U121/><E121/><V9/><F69/><W57/><G103/><T70/><D70/><U75/><E75/><V34/><F101/><W119/><G102/><T78/><D78/><U117/><E117/><V133/><F68/><W109/><G109/><T74/><D74/><U88/><E88/><V39/><F133/><W30/><G119/><T81/><D81/><U82/><E82/><V91/><F80/><W18/><G87/><T89/><D89/><U33/><E33/><V77/><F39/><W49/><G49/><N who="0" m="30767" /><D11/><AGARI ba="0,1" hai="4,11,12,24,27,52,59,61,63,66,71,99,100,104" machi="11" ten="40,7700,0" yaku="1,1,52,1,54,1,53,0" doraHai="55" doraHaiUra="43" who="1" fromWho="0" sc="57,-77,210,87,400,0,323,0" owari="-20,-52.0,297,-10.0,400,50.0,323,12.0" /></mjloggm>