<mjloggm ver="2.3"><GO type="169" lobby="0"/><UN n0="%E3%82%A6%E3%83%AB%E3%83%88%E3%83%A9%E7%AB%8B%E7%9B%B4" n1="%E3%81%9F%E3%81%91%E3%81%93%E3%81%9E%E3%83%BC" n2="%E3%82%BC%E3%83%B3%E3%83%84%E3%83%83%E3%83%91" n3="%69%6E%66%6F%31%32%33" dan="17,16,16,16" rate="2203.34,2156.52,2113.94,2088.53" sx="M,M,M,M"/><TAIKYOKU oya="0"/><INIT seed="0,0,0,1,5,81" ten="250,250,250,250" oya="0" hai0="23,106,93,130,45,7,22,124,68,9,134,30,5" hai1="37,4,121,2,126,72,75,47,65,15,46,58,62" hai2="135,36,57,120,51,95,88,48,87,116,44,13,91" hai3="35,8,98,90,128,27,50,10,77,16,80,96,1"/><T26/><D106/><U99/><E121/><V21/><F120/><W107/><G128/><T82/><D68/><U101/><E2/><V52/><F135/><W69/><G69/><T12/><D130/><U20/><E126/><V67/><F116/><W71/><G71/><T55/><D134/><U66/><E66/><V70/><F36/><W103/><G1/><T110/><D124/><U131/><E131/><V18/><F70/><W102/><G90/><T79/><D110/><U111/><E111/><V59/><F67/><W54/><G35/><T85/><D93/><U33/><E33/><V24/><F51/><W28/><G28/><T86/><D23/><U132/><E132/><V92/><F24/><W42/><G42/><T25/><D25/><U78/><E78/><V76/><F76/><W39/><G39/><T112/><D112/><U56/><E72/><V83/><F83/><W117/><G117/><T125/><D125/><U113/><E75/><V14/><F14/><W108/><G108/><T41/><D55/><U109/><E109/><V97/><AGARI ba="0,0" hai="13,18,21,44,48,52,57,59,87,88,91,92,95,97" machi="97" ten="20,12000,2" yaku="0,1,7,1,8,1,52,1,54,2" doraHai="81" who="2" fromWho="2" sc="250,-60,250,-30,250,120,250,-30" /><INIT seed="1,0,0,1,4,21" ten="190,220,370,220" oya="1" hai0="3,20,97,71,96,85,116,125,26,17,16,43,2" hai1="32,1,55,115,81,92,12,103,77,114,128,57,80" hai2="122,50,54,90,94,78,73,4,93,130,87,111,59" hai3="117,64,11,68,79,119,67,66,65,31,36,48,9"/><U82/><E1/><V22/><F111/><W30/><G36/><T18/><D116/><N who="3" m="44617" /><G79/><T132/><D71/><U72/><E128/><V102/><F130/><W13/><G48/><T41/><D125/><U127/><E127/><V126/><F126/><W108/><G108/><T110/><D110/><U47/><E32/><V33/><F33/><W37/><G37/><T107/><D132/><U63/><E114/><V0/><F122/><W49/><G49/><T23/><D107/><U7/><E115/><V19/><F73/><W86/><G86/><T69/><D69/><U99/><REACH who="1" step="1"/><E47/><REACH who="1" ten="190,210,370,220" step="2"/><V38/><F0/><W5/><G68/><T46/><D2/><U29/><E29/><V74/><F74/><W60/><G30/><T113/><D3/><U105/><E105/><V14/><F38/><W134/><G31/><T120/><D113/><U25/><E25/><V83/><F4/><W24/><G24/><N who="0" m="14343" /><D120/><U89/><E89/><V27/><F102/><W98/><G5/><T133/><D133/><U51/><E51/><V88/><F14/><W75/><G13/><T118/><D118/><U76/><E76/><V6/><F6/><W104/><G134/><T124/><D124/><U39/><E39/><V34/><F34/><W35/><G35/><T15/><D46/><U70/><E70/><V84/><REACH who="2" step="1"/><F78/><REACH who="2" ten="190,210,360,220" step="2"/><W101/><G101/><T123/><D123/><U112/><E112/><V62/><F62/><W109/><G60/><T106/><D15/><U56/><E56/><V10/><F10/><AGARI ba="0,2" hai="7,10,12,55,57,63,72,77,80,81,82,92,99,103" machi="10" ten="40,2000,0" yaku="1,1,53,0" doraHai="21" doraHaiUra="42" who="1" fromWho="2" sc="190,0,210,40,360,-20,220,0" /><INIT seed="1,1,0,2,4,10" ten="190,250,340,220" oya="1" hai0="49,111,26,117,23,19,95,123,8,21,43,28,22" hai1="68,32,125,52,14,103,79,82,133,12,65,25,96" hai2="55,104,27,16,30,124,99,92,105,59,56,17,40" hai3="73,11,77,120,33,44,113,83,31,87,132,131,0"/><U128/><E128/><V76/><F124/><W70/><G113/><T84/><D117/><U110/><E125/><V107/><F40/><W64/><G120/><T62/><D111/><U74/><E133/><V75/><F75/><W115/><G115/><T112/><D112/><U108/><E32/><V85/><F76/><W36/><G87/><T122/><D62/><N who="1" m="39991" /><E25/><V35/><F85/><W47/><G47/><N who="0" m="25855" /><D123/><U63/><E63/><V89/><REACH who="2" step="1"/><F59/><REACH who="2" ten="190,250,330,220" step="2"/><W4/><G132/><T60/><D122/><U13/><E96/><V41/><F41/><N who="3" m="22567" /><G131/><T114/><D114/><U98/><E98/><V5/><F5/><W46/><G46/><T97/><D84/><U109/><E103/><V42/><F42/><W86/><G86/><T18/><D97/><U81/><E81/><V72/><F72/><W101/><G101/><T9/><D95/><U45/><E45/><V6/><F6/><W38/><G38/><T127/><D127/><U20/><E52/><V78/><F78/><W134/><G134/><T51/><D60/><AGARI ba="1,1" hai="16,17,27,30,35,55,56,60,89,92,99,104,105,107" machi="60" ten="40,5200,0" yaku="1,1,54,1,53,1" doraHai="10" doraHaiUra="58" who="2" fromWho="0" sc="190,-55,250,0,330,65,220,0" /><INIT seed="2,0,0,3,2,16" ten="135,250,395,220" oya="2" hai0="67,54,55,88,118,2,108,57,84,33,52,75,46" hai1="116,130,28,135,47,105,95,120,123,63,19,94,92" hai2="38,3,1,59,112,30,111,36,122,79,125,87,9" hai3="69,23,97,27,126,15,42,50,72,39,98,81,48"/><V32/><F122/><W76/><G69/><T12/><D2/><U93/><E116/><V127/><F112/><W37/><G126/><N who="2" m="48137" /><F32/><W134/><G134/><T80/><D33/><U60/><E105/><V89/><F30/><W65/><G65/><T70/><D108/><U101/><E135/><V20/><F79/><W8/><G39/><N who="2" m="14889" /><F59/><W90/><G37/><T43/><D118/><U102/><E28/><V124/><F124/><W44/><G50/><N who="0" m="26975" /><D70/><U13/><E130/><V128/><F128/><W14/><G90/><T73/><D73/><U17/><E47/><V51/><F51/><W129/><G129/><T78/><D75/><U132/><E132/><V6/><F111/><W22/><G14/><T68/><D68/><U62/><N who="1" m="23552" /><DORA hai="71" /><U11/><REACH who="1" step="1"/><E19/><REACH who="1" ten="135,240,395,220" step="2"/><V114/><F114/><W131/><G131/><T113/><D113/><U26/><E26/><V110/><F110/><W77/><G27/><T82/><D12/><U85/><E85/><V100/><F100/><AGARI ba="0,1" hai="11,13,17,60,62,63,100,101,102,120,123" m="23552" machi="100" ten="60,8000,1" yaku="1,1,53,3" doraHai="16,71" doraHaiUra="133,96" who="1" fromWho="2" sc="135,0,240,90,395,-80,220,0" /><INIT seed="3,0,0,3,1,82" ten="135,330,315,220" oya="3" hai0="47,67,113,88,73,32,64,84,30,19,123,55,78" hai1="37,2,100,83,66,81,56,125,27,121,108,105,13" hai2="22,131,126,91,135,28,11,86,49,0,128,12,38" hai3="80,43,21,31,90,97,134,103,57,70,39,50,92"/><W124/><G70/><T109/><D123/><U115/><E2/><V133/><F38/><W99/><G134/><N who="2" m="51209" /><F0/><W7/><G124/><T8/><D109/><U71/><E37/><V94/><F49/><W117/><G117/><T6/><D113/><U35/><E121/><V34/><F22/><W119/><G119/><T63/><D73/><U1/><E1/><V129/><F28/><W18/><G7/><T48/><D78/><U33/><E125/><V46/><F46/><W122/><G122/><T36/><D36/><U29/><E33/><V127/><F34/><W16/><G39/><T112/><D112/><U130/><E130/><V20/><F20/><W102/><G31/><T118/><D118/><U104/><E56/><V76/><F76/><W116/><G116/><T96/><D6/><AGARI ba="0,0" hai="6,11,12,86,91,94,126,127,128,129,131" m="51209" machi="6" ten="40,8000,1" yaku="30,2,19,1,20,1,52,1" doraHai="82" who="2" fromWho="0" sc="135,-80,330,0,315,80,220,0" /><INIT seed="4,0,0,5,3,39" ten="55,330,395,220" oya="0" hai0="19,53,93,41,95,47,130,49,98,86,33,18,81" hai1="44,57,67,62,35,21,63,116,43,17,105,92,8" hai2="101,134,2,119,50,107,32,121,1,26,79,64,52" hai3="99,45,106,94,6,24,123,66,73,88,38,91,4"/><T89/><D33/><U61/><E105/><V36/><F36/><W16/><G73/><T37/><D130/><U83/><E35/><V135/><F64/><W97/><G123/><T128/><D128/><U75/><E116/><V7/><F121/><W112/><G112/><T127/><D127/><U56/><E8/><V109/><F109/><W51/><G38/><T68/><D68/><U90/><E75/><V84/><F119/><W103/><G66/><T129/><D129/><U72/><E72/><V111/><F111/><W114/><G114/><T100/><REACH who="0" step="1"/><D93/><REACH who="0" ten="45,330,395,220" step="2"/><U10/><E92/><V46/><F32/><W29/><G106/><T117/><D117/><U82/><E67/><V122/><F122/><W120/><G120/><T3/><D3/><U34/><E34/><V115/><F115/><W102/><G102/><T60/><D60/><U31/><E61/><V110/><F110/><W14/><G103/><T104/><D104/><U55/><E62/><V58/><F1/><W30/><G97/><T9/><D9/><U76/><E10/><N who="2" m="2423" /><F101/><W22/><G99/><T96/><D96/><U108/><E108/><V28/><F107/><W80/><G94/><T131/><D131/><U20/><E63/><V48/><F135/><W113/><G113/><T27/><D27/><U133/><E133/><V65/><F134/><W125/><G125/><T124/><D124/><U71/><E71/><V11/><F65/><W132/><G132/><T25/><D25/><U54/><E21/><V78/><F11/><W77/><G22/><T42/><D42/><U85/><E43/><V0/><F0/><RYUUKYOKU ba="0,1" sc="45,30,330,-10,395,-10,220,-10" hai0="18,19,37,41,47,49,53,81,86,89,95,98,100" /><INIT seed="4,1,1,3,3,11" ten="75,320,385,210" oya="0" hai0="91,106,21,64,45,55,82,58,14,122,30,16,86" hai1="97,104,25,132,70,50,20,121,83,6,130,74,19" hai2="125,90,40,8,96,0,128,133,124,113,115,4,10" hai3="107,110,15,59,77,12,48,65,117,62,68,60,27"/><T29/><D106/><U99/><E70/><V71/><F71/><W18/><G110/><T43/><D122/><U85/><E74/><V49/><F40/><W52/><G117/><T118/><D118/><U123/><E130/><V75/><F75/><W63/><G107/><T67/><D30/><U61/><E61/><V103/><F90/><W3/><G3/><T93/><D29/><U1/><E132/><V109/><F49/><W28/><G77/><T34/><D34/><U78/><E1/><V41/><F41/><W2/><G2/><T131/><D131/><U53/><E6/><V46/><F46/><N who="3" m="27671" /><G68/><T42/><D82/><U26/><E104/><V105/><F128/><W80/><G80/><T81/><D81/><U102/><E102/><V119/><F119/><W5/><G5/><T56/><D56/><N who="1" m="32823" /><E123/><V51/><F109/><W24/><G28/><T69/><D69/><U88/><E121/><V31/><F31/><W47/><G47/><T134/><D134/><U135/><E135/><V127/><F133/><W95/><G95/><T39/><D43/><U101/><E101/><V72/><F72/><W54/><G54/><T84/><REACH who="0" step="1"/><D84/><REACH who="0" ten="65,320,385,210" step="2"/><U57/><E57/><V94/><F105/><W89/><G59/><T114/><D114/><U35/><E78/><V23/><F113/><W38/><G65/><T116/><D116/><U32/><E32/><V33/><F115/><W66/><G66/><T92/><D92/><U120/><E120/><V111/><F33/><W13/><G62/><AGARI ba="1,2" hai="14,16,21,39,42,45,55,58,62,64,67,86,91,93" machi="62" ten="30,11600,0" yaku="1,1,7,1,52,1,54,1,53,0" doraHai="11" doraHaiUra="79" who="0" fromWho="3" sc="65,139,320,0,385,0,210,-119" /><INIT seed="4,2,0,2,1,87" ten="204,320,385,91" oya="0" hai0="24,51,18,21,69,127,129,113,8,20,94,78,62" hai1="80,41,5,27,6,120,56,29,92,4,23,33,60" hai2="99,49,65,31,22,50,126,25,123,75,1,131,12" hai3="122,44,84,67,107,115,134,111,52,110,70,58,93"/><T54/><D113/><U53/><E120/><V104/><F1/><W30/><G107/><T68/><D129/><U45/><E80/><V81/><F123/><W108/><G122/><T103/><D127/><U79/><E79/><V125/><F65/><W88/><G115/><T46/><D78/><U35/><REACH who="1" step="1"/><E92/><REACH who="1" ten="204,310,385,91" step="2"/><V40/><F81/><W96/><G134/><T16/><D94/><U38/><AGARI ba="2,1" hai="4,5,6,23,27,29,33,35,38,41,45,53,56,60" machi="38" ten="30,4000,0" yaku="1,1,2,1,0,1,53,0" doraHai="87" doraHaiUra="102" who="1" fromWho="1" sc="204,-22,310,56,385,-12,91,-12" /><INIT seed="5,0,0,3,3,124" ten="182,366,373,79" oya="1" hai0="15,52,84,79,36,96,7,10,91,134,113,77,121" hai1="110,78,73,2,129,68,4,72,22,60,101,112,14" hai2="111,31,59,62,20,107,90,127,45,56,61,83,132" hai3="95,42,67,114,43,82,122,125,115,104,97,32,51"/><U87/><E2/><V11/><F111/><W29/><G122/><T102/><D36/><U66/><E112/><N who="3" m="43050" /><G104/><T69/><D69/><U128/><E110/><V109/><F107/><W98/><G32/><T76/><D113/><U120/><E120/><V58/><F127/><W1/><G1/><T55/><D134/><U106/><E106/><V37/><F132/><W92/><G29/><T12/><D121/><U108/><E108/><V100/><F100/><W81/><G67/><T57/><D15/><U133/><E133/><V89/><F109/><W30/><G30/><T85/><D102/><U88/><E101/><V130/><F11/><W41/><G51/><T26/><D26/><U5/><E78/><V80/><F45/><W3/><G3/><T75/><D75/><U53/><E53/><V46/><F46/><W47/><G47/><T131/><D55/><U74/><E22/><V21/><F56/><W135/><G125/><T28/><D28/><U40/><E40/><N who="3" m="10242" /><W118/><DORA hai="27" /><G118/><T126/><D126/><U64/><E64/><V34/><F31/><W105/><G105/><T86/><D57/><U19/><E19/><V49/><F49/><W23/><G23/><T94/><D52/><U50/><E50/><V35/><F37/><W54/><G54/><T18/><D18/><U38/><E38/><V16/><F16/><W44/><G44/><T48/><D48/><U33/><E33/><V99/><F99/><N who="3" m="37899" /><G135/><T13/><D12/><U6/><REACH who="1" step="1"/><E14/><REACH who="1" ten="182,356,373,79" step="2"/><V24/><F24/><W17/><G17/><T63/><D13/><U117/><E117/><V71/><F34/><RYUUKYOKU ba="0,1" sc="182,-15,356,15,373,-15,79,15" hai1="4,5,6,60,66,68,72,73,74,87,88,128,129" hai3="81,82,92,95" /><INIT seed="5,1,1,3,4,89" ten="167,371,358,94" oya="1" hai0="97,102,53,71,43,91,77,121,96,110,46,54,70" hai1="7,127,94,27,6,105,65,131,82,51,16,23,66" hai2="100,101,106,72,126,63,33,119,37,26,21,109,2" hai3="132,64,118,111,56,92,35,75,117,134,3,125,90"/><U52/><E105/><V79/><F109/><W129/><G3/><T11/><D110/><U48/><E131/><V116/><F37/><W130/><G111/><T112/><D77/><U45/><E127/><V40/><F2/><W17/><G35/><T115/><D121/><U86/><E48/><V80/><F33/><W4/><G4/><N who="1" m="1578" /><E94/><V78/><F40/><W93/><G17/><T87/><D11/><U58/><E45/><V98/><F126/><W99/><G125/><T74/><D74/><U12/><E27/><V73/><F63/><N who="3" m="37991" /><G75/><T135/><D135/><N who="3" m="51753" /><G92/><N who="0" m="54399" /><D71/><U9/><E9/><V57/><F57/><W124/><G124/><T67/><D70/><U114/><E114/><N who="0" m="43561" /><D96/><U13/><E13/><V10/><F10/><W31/><G31/><T25/><D25/><U34/><E34/><V19/><REACH who="2" step="1"/><F101/><REACH who="2" ten="167,371,348,94" step="2"/><W128/><AGARI ba="1,2" hai="90,93,99,117,118,128,129,130" m="51753,37991" machi="128" ten="40,5200,0" yaku="19,1,20,1,52,1" doraHai="89" who="3" fromWho="3" sc="167,-14,371,-27,348,-14,94,75" /><INIT seed="6,0,0,1,1,7" ten="153,344,334,169" oya="2" hai0="94,87,25,86,60,12,68,5,44,101,9,35,10" hai1="69,93,16,80,72,40,30,55,54,59,2,6,61" hai2="117,52,97,90,115,135,92,4,24,125,107,130,48" hai3="85,62,134,37,21,118,63,27,38,45,120,64,116"/><V89/><F117/><W18/><G120/><T110/><D110/><U17/><E69/><V131/><F115/><W8/><G134/><T32/><D32/><U81/><E40/><V126/><F107/><W106/><G106/><T79/><D44/><U98/><E30/><V1/><F24/><W28/><G85/><T111/><D111/><U14/><E2/><V124/><F90/><W66/><G45/><T22/><D35/><U57/><E72/><V39/><F39/><W73/><G73/><T88/><D101/><N who="1" m="60623" /><E6/><V103/><F103/><W70/><G38/><T19/><D10/><N who="1" m="6231" /><E17/><V74/><F74/><W42/><G42/><T15/><D79/><U113/><E113/><V76/><F76/><W31/><G37/><T29/><D29/><U84/><E84/><V0/><F135/><W121/><G28/><T65/><REACH who="0" step="1"/><D86/><REACH who="0" ten="143,344,334,169" step="2"/><U91/><E91/><V43/><F43/><W112/><G112/><T49/><D49/><AGARI ba="0,1" hai="49,54,55,57,59,61,80,81" m="6231,60623" machi="49" ten="30,3900,0" yaku="8,1,52,1,54,1" doraHai="7" who="1" fromWho="0" sc="143,-39,344,49,334,0,169,0" /><INIT seed="7,0,0,3,0,35" ten="104,393,334,169" oya="3" hai0="71,61,68,70,101,12,36,121,80,56,16,79,40" hai1="95,134,93,17,77,81,1,99,119,31,64,42,82" hai2="122,104,24,113,87,97,74,92,2,98,46,126,38" hai3="63,120,4,0,130,102,107,115,110,100,6,129,67"/><W15/><G120/><T131/><D121/><U60/><E119/><V108/><F108/><W111/><G15/><T33/><D33/><U76/><E134/><V78/><F122/><W57/><G115/><T44/><D131/><N who="3" m="50185" /><G4/><T45/><D101/><N who="3" m="39017" /><G107/><T39/><D80/><U53/><E31/><V14/><F113/><W123/><G123/><T62/><D79/><U88/><E42/><V20/><F74/><W86/><G86/><T83/><D83/><U75/><E53/><V28/><F104/><W23/><G23/><T59/><D16/><U47/><E47/><V48/><F38/><W11/><AGARI ba="0,0" hai="0,6,11,57,63,67,110,111" m="39017,50185" machi="11" ten="40,3900,0" yaku="19,1,52,1" doraHai="35" who="3" fromWho="3" sc="104,-13,393,-13,334,-13,169,39" /><INIT seed="7,1,0,0,5,107" ten="91,380,321,208" oya="3" hai0="17,96,4,31,78,109,15,66,105,24,45,18,62" hai1="81,87,23,7,108,3,12,131,80,53,63,36,97" hai2="119,100,67,79,14,38,44,126,27,40,34,91,75" hai3="48,90,125,41,13,93,19,110,16,115,70,2,32"/><W55/><G2/><T49/><D109/><U82/><E36/><V11/><F126/><W5/><G70/><T1/><D78/><U124/><E3/><V128/><F128/><W43/><G110/><T25/><D1/><U58/><E108/><V122/><F119/><W120/><G120/><T114/><D114/><U47/><E124/><V39/><F122/><W133/><G32/><T64/><D4/><U74/><E74/><V130/><F130/><W21/><G5/><T99/><D15/><U86/><E131/><V54/><F100/><W29/><G29/><T103/><D99/><U20/><E97/><V71/><F38/><W85/><G133/><T59/><D66/><U51/><E7/><V10/><F91/><W88/><G115/><T117/><D25/><U98/><E98/><V30/><F54/><W106/><G106/><T8/><D8/><U101/><E101/><V76/><F76/><W65/><G65/><T116/><D117/><U132/><E132/><V35/><F35/><W0/><G0/><T127/><D127/><U84/><E12/><V42/><F42/><AGARI ba="1,0" hai="20,23,42,47,51,53,58,63,80,81,82,84,86,87" machi="42" ten="40,1300,0" yaku="8,1" doraHai="107" who="1" fromWho="2" sc="91,0,380,16,321,-16,208,0" owari="91,-41.0,396,49.0,305,11.0,208,-19.0" /></mjloggm>