<mjloggm ver="2.3"><GO type="169" lobby="0"/><UN n0="%E3%83%8A%E3%82%A4%E3%83%AB%E3%83%91%E3%83%BC%E3%83%81" n1="%6E%61%63%6F%6D%61%69%69" n2="%E5%B0%B1%E6%B4%BB%E7%94%9F%40%E5%B7%9D%E6%9D%91%E8%BB%8D%E5%9B%A3" n3="%E6%B0%B4%E5%93%89%E3%81%AE%E3%83%AC%E3%82%B8%E3%82%A7%E3%83%B3%E3%83%89" dan="16,16,17,16" rate="2033.18,2107.37,2191.05,2099.58" sx="M,F,M,M"/><TAIKYOKU oya="0"/><INIT seed="0,0,0,4,2,69" ten="250,250,250,250" oya="0" hai0="80,33,45,124,3,24,6,48,115,57,117,79,118" hai1="99,15,135,66,7,13,56,122,44,43,41,71,59" hai2="8,121,131,113,68,112,132,88,98,116,53,65,129" hai3="108,78,85,101,83,62,84,82,70,74,40,109,52"/><T81/><D115/><N who="2" m="44106" /><F68/><W76/><G101/><T36/><D124/><U91/><E122/><V5/><F65/><W54/><G40/><T100/><D100/><U14/><E135/><V10/><F5/><W86/><G70/><T37/><D57/><U63/><E7/><V94/><F53/><W105/><G105/><T60/><D60/><U128/><E128/><N who="2" m="49227" /><F121/><W133/><G133/><T61/><D61/><U107/><E43/><V47/><F132/><W92/><G62/><T90/><D6/><U50/><E107/><V9/><F47/><W93/><REACH who="3" step="1"/><G86/><REACH who="3" ten="250,250,250,240" step="2"/><T110/><D45/><U67/><E71/><V130/><F130/><W28/><G28/><T17/><D17/><U104/><E104/><V77/><F116/><W11/><G11/><T29/><D117/><U42/><E41/><V23/><F23/><W25/><G25/><T27/><D24/><U119/><E119/><V95/><F9/><W1/><G1/><T2/><D3/><U125/><E63/><V21/><F21/><W58/><G58/><T46/><D2/><U126/><E59/><V96/><F10/><W34/><G34/><T55/><D118/><U38/><E66/><V123/><F8/><W0/><G0/><T35/><D33/><U26/><E67/><V4/><F4/><W75/><AGARI ba="0,1" hai="52,54,74,75,76,78,82,83,84,85,92,93,108,109" machi="75" ten="25,8000,1" yaku="1,1,0,1,22,2,54,1,53,0" doraHai="69" doraHaiUra="114" who="3" fromWho="3" sc="250,-40,250,-20,250,-20,240,90" /><INIT seed="1,0,0,5,3,134" ten="210,230,230,330" oya="1" hai0="54,78,102,70,119,23,45,44,125,37,74,95,128" hai1="135,99,32,123,3,55,22,17,69,2,31,0,8" hai2="85,41,11,111,35,16,81,121,12,77,90,93,127" hai3="18,104,48,124,117,27,109,36,29,6,92,86,26"/><U1/><E69/><V68/><F121/><W56/><G104/><T94/><D119/><U98/><E123/><V34/><F68/><W46/><G36/><T61/><D125/><U110/><E135/><V39/><F127/><W71/><G71/><T21/><D128/><U87/><E110/><V60/><F111/><W57/><G124/><T73/><D78/><U64/><E64/><V126/><F126/><W62/><G109/><T72/><D37/><U66/><E66/><V101/><F101/><W30/><G6/><T38/><D38/><U20/><E87/><V7/><F60/><W112/><G112/><T82/><D82/><U103/><E55/><V15/><F41/><W131/><G131/><T100/><D61/><U43/><E43/><V28/><F28/><W116/><G18/><T108/><D70/><U49/><E49/><V75/><REACH who="2" step="1"/><F39/><REACH who="2" ten="210,230,220,330" step="2"/><W114/><G62/><T5/><D108/><U47/><E103/><V53/><F53/><W120/><G120/><T83/><D54/><U51/><E31/><V89/><F89/><W76/><G30/><T24/><D100/><U113/><E113/><V40/><F40/><W122/><G29/><T50/><D102/><U14/><E32/><V13/><F13/><W96/><G122/><T79/><D79/><U65/><E65/><V97/><F97/><N who="1" m="36873" /><E3/><V52/><F52/><W63/><G116/><T9/><D50/><U4/><E2/><V91/><F91/><W106/><G117/><T33/><D33/><U80/><E0/><V19/><F19/><W25/><G114/><T10/><D45/><U84/><E1/><RYUUKYOKU ba="0,1" sc="210,-10,230,-10,220,30,330,-10" hai2="7,11,12,15,16,34,35,75,77,81,85,90,93" /><INIT seed="2,1,1,3,4,16" ten="200,220,250,320" oya="2" hai0="20,15,39,52,79,116,93,34,47,44,128,25,36" hai1="89,21,67,35,104,60,24,42,3,63,57,12,135" hai2="65,77,61,119,22,50,48,111,102,114,5,100,92" hai3="73,107,45,56,121,90,66,62,88,131,58,49,69"/><V51/><F119/><W9/><G121/><T123/><D123/><U17/><E104/><V43/><F114/><W98/><G73/><T112/><D112/><U76/><E135/><V10/><F111/><W37/><G37/><T125/><D116/><U64/><E3/><V53/><F43/><W1/><G131/><T109/><D109/><U14/><E76/><V81/><F53/><W54/><G107/><T74/><D128/><U33/><E42/><V101/><F92/><W120/><G120/><T132/><D34/><U8/><E89/><V106/><F106/><W82/><G98/><T23/><D74/><U91/><E91/><V86/><F22/><W129/><G129/><T40/><D132/><U30/><REACH who="1" step="1"/><E14/><REACH who="1" ten="200,210,250,320" step="2"/><V85/><F85/><W70/><G90/><T126/><D15/><U31/><E31/><V29/><F29/><W103/><G88/><T94/><D40/><U4/><E4/><V26/><F26/><W68/><G1/><T108/><D108/><U105/><E105/><V13/><REACH who="2" step="1"/><F102/><REACH who="2" ten="200,210,240,320" step="2"/><W27/><G103/><T83/><D25/><U38/><E38/><V0/><F0/><W55/><G27/><T28/><D28/><U6/><E6/><V118/><F118/><W113/><G113/><T84/><D36/><U78/><E78/><V95/><F95/><W115/><G115/><T80/><D39/><U18/><E18/><V71/><AGARI ba="1,3" hai="5,10,13,48,50,51,61,65,71,77,81,86,100,101" machi="71" ten="30,3000,0" yaku="1,1,0,1,53,0" doraHai="16" doraHaiUra="41" who="2" fromWho="2" sc="200,-11,210,-11,240,63,320,-11" /><INIT seed="2,2,0,4,5,10" ten="189,199,303,309" oya="2" hai0="115,111,33,57,106,31,2,43,95,81,36,4,134" hai1="45,72,26,74,22,52,96,97,118,93,129,35,32" hai2="23,76,3,94,17,73,18,0,71,9,107,60,85" hai3="48,38,51,120,50,105,112,101,68,124,100,39,6"/><V127/><F107/><W135/><G120/><T42/><D115/><U15/><E118/><V75/><F127/><W25/><G112/><T87/><D111/><U40/><E129/><V14/><F94/><W59/><G68/><T82/><D106/><U54/><E35/><V20/><F71/><W132/><G124/><T64/><D2/><U99/><E32/><V12/><F60/><W27/><G6/><T121/><D134/><N who="3" m="51241" /><G59/><T86/><D57/><U37/><E26/><N who="3" m="9738" /><G105/><T69/><D4/><U24/><E24/><V92/><F9/><W30/><G30/><T55/><D31/><U110/><E110/><V109/><F109/><W62/><G62/><T46/><D33/><U53/><REACH who="1" step="1"/><E93/><REACH who="1" ten="189,189,303,309" step="2"/><V16/><F92/><W102/><AGARI ba="2,1" hai="38,39,48,50,51,100,101,102" m="9738,51241" machi="102" ten="40,5200,0" yaku="28,2,20,1" doraHai="10" who="3" fromWho="3" sc="189,-15,189,-15,303,-28,309,68" /><INIT seed="3,0,0,2,3,80" ten="174,174,275,377" oya="3" hai0="84,60,18,63,94,126,98,74,107,3,83,20,52" hai1="25,40,48,135,19,99,75,89,26,121,31,44,2" hai2="133,16,8,79,120,67,43,41,130,128,51,106,58" hai3="29,88,104,34,129,101,93,112,111,117,103,119,65"/><W134/><G65/><T17/><D3/><U108/><E108/><V37/><F106/><W54/><G54/><T59/><D74/><U33/><E121/><V53/><F133/><W81/><G29/><T12/><D126/><U6/><E75/><V109/><F109/><W132/><G34/><T23/><D107/><U5/><E2/><V76/><F67/><W66/><G66/><T7/><D63/><U73/><E73/><V86/><F79/><W30/><G30/><T105/><D105/><U70/><E135/><N who="3" m="51754" /><G111/><T21/><D7/><U123/><E123/><V62/><F37/><W91/><G112/><T72/><D72/><U90/><E70/><V64/><F120/><W22/><G22/><T4/><D4/><U13/><E26/><V110/><F110/><W1/><G1/><T9/><D18/><U42/><E99/><V100/><F100/><N who="3" m="38475" /><G104/><T102/><REACH who="0" step="1"/><D20/><REACH who="0" ten="164,174,275,377" step="2"/><U124/><E5/><V15/><F128/><W92/><G129/><T113/><D113/><U96/><E6/><V24/><F130/><W14/><G117/><T78/><AGARI ba="0,1" hai="9,12,17,21,23,52,59,60,78,83,84,94,98,102" machi="78" ten="20,12000,2" yaku="1,1,0,1,7,1,8,1,52,1,54,1,53,0" doraHai="80" doraHaiUra="0" who="0" fromWho="0" sc="164,130,174,-30,275,-30,377,-60" /><INIT seed="4,0,0,3,2,27" ten="294,144,245,317" oya="0" hai0="44,80,84,65,46,111,69,112,129,83,29,18,89" hai1="34,40,131,61,77,8,73,87,33,66,54,123,19" hai2="17,95,110,132,25,9,113,0,38,127,96,57,97" hai3="93,64,114,39,130,53,2,15,55,14,94,121,36"/><T24/><D112/><U37/><E123/><V109/><F38/><W98/><G2/><T135/><D129/><U21/><E73/><V118/><F113/><W20/><G114/><T3/><D135/><U105/><E105/><V49/><F127/><W75/><G75/><T56/><D69/><U62/><E8/><V51/><F132/><W119/><G119/><T124/><D124/><U92/><E131/><V68/><F68/><W22/><G130/><T43/><D111/><U58/><E40/><V31/><F118/><W120/><G64/><T12/><D3/><U122/><E37/><V103/><F51/><W7/><G98/><T60/><D83/><U35/><E122/><V108/><F96/><W78/><G78/><T42/><D46/><U63/><E66/><V100/><F100/><W28/><G7/><T133/><D44/><U102/><E77/><V72/><F72/><W126/><G126/><T107/><D107/><U41/><E41/><V45/><F57/><W70/><G70/><T82/><D80/><U6/><E6/><V76/><F76/><W11/><G11/><T50/><D50/><U23/><E23/><V104/><F104/><W26/><G26/><T134/><D133/><U88/><REACH who="1" step="1"/><E102/><REACH who="1" ten="294,134,245,317" step="2"/><V101/><F103/><W86/><G121/><T99/><D134/><U16/><E16/><V91/><F101/><W79/><G79/><T81/><D18/><U1/><E1/><V116/><F0/><W48/><G120/><T13/><D43/><U30/><E30/><V125/><F125/><W128/><G28/><T10/><D42/><U71/><E71/><RYUUKYOKU ba="0,1" sc="294,-10,134,30,245,-10,317,-10" hai1="19,21,33,34,35,54,58,61,62,63,87,88,92" /><INIT seed="5,1,1,1,5,88" ten="284,164,235,307" oya="1" hai0="16,60,58,98,13,45,83,121,103,2,37,118,33" hai1="95,91,72,9,132,89,57,43,97,7,31,4,24" hai2="134,41,21,119,92,99,12,10,39,65,125,28,19" hai3="126,34,8,96,85,38,20,79,6,114,59,71,73"/><U113/><E72/><V74/><F119/><W131/><G71/><T127/><D118/><U94/><E132/><V78/><F125/><W3/><G34/><T54/><D127/><U76/><E76/><V56/><F134/><W111/><G111/><T81/><D2/><U11/><E43/><V67/><F74/><W40/><G126/><T84/><D33/><U110/><E110/><V122/><F122/><W75/><G114/><T112/><D112/><U62/><E113/><V82/><F41/><W55/><G131/><T130/><D121/><U124/><E124/><V17/><F39/><W116/><G116/><T101/><D83/><U48/><E48/><V22/><F56/><W18/><G40/><T46/><D101/><U1/><E24/><N who="2" m="16399" /><F82/><W80/><G38/><T133/><D37/><U123/><E31/><V107/><F107/><W102/><G18/><T106/><D130/><U87/><E123/><V25/><F78/><W42/><G20/><T27/><D27/><U50/><E50/><V90/><AGARI ba="1,1" hai="10,12,17,19,22,25,65,67,90,92,99" m="16399" machi="90" ten="30,2000,0" yaku="8,1,52,1" doraHai="88" who="2" fromWho="2" sc="284,-6,164,-11,235,33,307,-6" /><INIT seed="6,0,0,2,3,100" ten="278,153,268,301" oya="2" hai0="77,116,30,117,31,10,38,17,8,42,112,124,36" hai1="49,99,104,59,80,44,13,74,91,29,28,15,134" hai2="25,78,128,83,27,75,39,72,57,11,63,123,52" hai3="3,97,18,127,53,56,5,60,103,45,1,110,109"/><V73/><F123/><W119/><G119/><N who="0" m="45643" /><D124/><U4/><BYE who="0" /><E134/><V121/><F121/><W37/><G127/><T66/><D66/><U9/><E15/><UN n0="%E3%83%8A%E3%82%A4%E3%83%AB%E3%83%91%E3%83%BC%E3%83%81" /><V122/><F122/><W24/><G37/><N who="0" m="14443" /><D42/><U126/><E126/><V98/><F39/><W120/><G120/><T125/><D77/><U76/><E59/><V114/><F114/><W26/><G45/><T16/><D112/><U35/><E35/><V12/><F98/><W68/><G68/><T48/><D48/><U67/><E67/><V132/><F132/><W89/><G89/><T79/><D79/><U21/><E21/><V40/><F40/><W46/><G46/><T105/><D105/><U19/><E4/><V41/><F41/><W131/><G131/><T90/><D90/><U64/><E64/><V84/><REACH who="2" step="1"/><F128/><REACH who="2" ten="278,153,258,301" step="2"/><W96/><G96/><T65/><D125/><U47/><E47/><V34/><F34/><W51/><G110/><T62/><D65/><U102/><REACH who="1" step="1"/><E91/><REACH who="1" ten="278,143,258,301" step="2"/><V14/><F14/><W108/><G108/><T95/><D8/><U69/><E69/><V107/><F107/><W70/><G109/><T111/><D10/><U93/><E93/><V101/><F101/><W20/><G103/><T106/><D95/><U33/><E33/><V94/><F94/><W54/><G70/><T61/><D106/><U81/><E81/><V32/><F32/><W135/><G135/><T113/><D111/><U7/><E7/><AGARI ba="0,2" hai="7,11,12,25,27,52,57,63,72,73,75,78,83,84" machi="7" ten="40,12000,1" yaku="1,1,54,1,53,2" doraHai="100" doraHaiUra="23" who="2" fromWho="1" sc="278,0,143,-120,258,140,301,0" /><INIT seed="6,1,0,5,4,104" ten="278,23,398,301" oya="2" hai0="7,16,135,69,26,84,54,94,6,130,134,23,110" hai1="131,24,95,76,34,105,120,28,125,19,132,128,32" hai2="88,112,78,61,12,14,63,50,68,107,59,56,111" hai3="108,83,114,46,85,47,25,58,29,91,106,53,64"/><V82/><F107/><W18/><G108/><T92/><D69/><U122/><E105/><V42/><F111/><W123/><G123/><N who="1" m="47146" /><E95/><N who="0" m="36393" /><D130/><N who="1" m="49707" /><E76/><V13/><F112/><W65/><G106/><T21/><D21/><N who="1" m="15375" /><E132/><N who="0" m="50729" /><D84/><U40/><E40/><V87/><F68/><W15/><G114/><T51/><D110/><U121/><N who="1" m="47154" /><U99/><DORA hai="48" /><E99/><V124/><F78/><W44/><G64/><T70/><D70/><U127/><E19/><V100/><F100/><W39/><G65/><T49/><D51/><U52/><E52/><V37/><F37/><W0/><G39/><T126/><D54/><U103/><E103/><V101/><F101/><W116/><G46/><T73/><D49/><U33/><AGARI ba="1,0" hai="32,33,34,125,127" m="15375,49707,47154" machi="33" ten="60,8000,1" yaku="13,1,19,1,34,2" doraHai="104,48" who="1" fromWho="1" sc="278,-21,23,83,398,-41,301,-21" /><INIT seed="7,0,0,3,1,38" ten="257,106,357,280" oya="3" hai0="116,57,96,32,89,81,73,59,20,129,75,86,62" hai1="65,50,71,25,61,113,100,135,104,102,45,84,76" hai2="11,47,68,107,44,10,7,52,115,97,41,56,17" hai3="93,4,54,66,23,24,14,60,133,77,83,58,39"/><W26/><G133/><T79/><D116/><U28/><E135/><V40/><F68/><W19/><G39/><T134/><D134/><U31/><E113/><V74/><F74/><W99/><G4/><T112/><D32/><U118/><E118/><V72/><F72/><W114/><G114/><T78/><D73/><U0/><E0/><V80/><F115/><W5/><G5/><T1/><D1/><U43/><E31/><V111/><F111/><W53/><G83/><T92/><D129/><U110/><E110/><V126/><F126/><W123/><G77/><T122/><D122/><U42/><E76/><V48/><F97/><W18/><G123/><T29/><D112/><U15/><E15/><N who="2" m="5599" /><F107/><W82/><G82/><T120/><D59/><U125/><E84/><V124/><F124/><W127/><G127/><T91/><D75/><U63/><E125/><V16/><F80/><W8/><REACH who="3" step="1"/><G26/><REACH who="3" ten="257,106,357,270" step="2"/><N who="0" m="16583" /><D120/><U21/><E61/><N who="2" m="35975" /><F11/><W33/><G33/><T30/><D79/><U9/><E9/><V70/><F70/><W64/><G64/><N who="0" m="38991" /><D78/><U119/><E119/><V88/><F48/><W34/><G34/><T85/><D81/><U101/><REACH who="1" step="1"/><E104/><REACH who="1" ten="257,96,357,270" step="2"/><V6/><F6/><W121/><G121/><T106/><D106/><U55/><AGARI ba="0,2" hai="21,25,28,42,43,45,50,55,63,65,71,100,101,102" machi="55" ten="30,12000,2" yaku="1,1,2,1,0,1,52,2,53,1" doraHai="38" doraHaiUra="51" who="1" fromWho="1" sc="257,-30,96,140,357,-30,270,-60" owari="227,-17.0,236,4.0,327,42.0,210,-29.0" /></mjloggm>