<mjloggm ver="2.3"><GO type="169" lobby="0"/><UN n0="%59%6F%70%70%59" n1="%E3%82%A6%E3%83%AB%E3%83%88%E3%83%A9%E7%AB%8B%E7%9B%B4" n2="%E3%83%8D%E3%82%B3%E3%83%9E%E3%82%B8%E3%83%B3" n3="%68%6F%6C%6D%65%73" dan="16,17,16,17" rate="2053.86,2175.32,2091.90,2109.57" sx="F,M,M,M"/><TAIKYOKU oya="0"/><INIT seed="0,0,0,3,1,78" ten="250,250,250,250" oya="0" hai0="4,115,101,84,89,52,82,91,83,47,24,25,87" hai1="29,94,99,123,53,9,69,133,40,34,111,14,130" hai2="26,105,46,107,6,30,56,116,124,64,102,106,43" hai3="57,54,132,77,90,75,8,10,112,21,126,119,68"/><T70/><D70/><U27/><E123/><V134/><F134/><W118/><G112/><T131/><D115/><U63/><E133/><V22/><F124/><W100/><G132/><T39/><D131/><U122/><E122/><V31/><F116/><W11/><G126/><T13/><D101/><U45/><E111/><V58/><F6/><W125/><G125/><T73/><D73/><U71/><E130/><V74/><F31/><W1/><G1/><T110/><D110/><U98/><E53/><V95/><F74/><W12/><G68/><T128/><D128/><U86/><E86/><V121/><F64/><W5/><G5/><T72/><D72/><U2/><E2/><V20/><F20/><W120/><G120/><T3/><D3/><U16/><E63/><V88/><F102/><W59/><G59/><T28/><D28/><U92/><E94/><V76/><F76/><W109/><G109/><T44/><D39/><U51/><REACH who="1" step="1"/><E99/><REACH who="1" ten="250,240,250,250" step="2"/><V23/><F121/><W65/><G118/><T62/><D62/><U38/><E38/><V7/><F107/><W135/><G135/><T50/><REACH who="0" step="1"/><D44/><REACH who="0" ten="240,240,250,250" step="2"/><U49/><E49/><V55/><F46/><W66/><G119/><T80/><D80/><U36/><E36/><V15/><F105/><W81/><G81/><T33/><D33/><U67/><E67/><V117/><F106/><W42/><G66/><T108/><D108/><U18/><E18/><V41/><F117/><W85/><G65/><T0/><D0/><U60/><E60/><V96/><F95/><W48/><G48/><T93/><D93/><U103/><AGARI ba="0,2" hai="9,14,16,27,29,34,40,45,51,69,71,92,98,103" machi="103" ten="20,8000,1" yaku="1,1,5,1,0,1,7,1,54,1,53,0" doraHai="78" doraHaiUra="61" who="1" fromWho="1" sc="240,-40,240,100,250,-20,250,-20" /><INIT seed="1,0,0,0,1,15" ten="200,340,230,230" oya="1" hai0="42,109,126,71,62,118,26,37,0,78,47,58,63" hai1="17,27,64,101,84,14,32,107,3,89,123,112,30" hai2="70,46,128,121,21,85,113,92,105,75,1,13,131" hai3="114,124,16,129,100,29,91,86,53,25,59,117,31"/><U22/><E123/><V24/><F1/><W67/><G114/><T28/><D0/><U97/><E3/><V79/><F105/><W83/><G129/><T50/><D118/><U55/><E55/><V51/><F70/><W23/><G124/><T130/><D126/><U110/><E110/><V81/><F13/><W90/><G117/><T98/><D78/><U72/><E72/><V108/><F108/><W132/><G132/><T11/><D109/><U44/><E44/><V127/><F113/><W56/><G100/><T134/><D134/><U41/><E41/><V36/><F36/><W12/><G67/><T80/><D80/><U49/><E49/><V96/><F75/><W122/><G122/><T120/><D11/><U133/><E133/><V18/><F127/><W54/><G90/><T99/><D130/><U69/><E112/><V7/><F7/><W111/><G111/><T52/><D63/><N who="1" m="40095" /><E89/><V93/><F93/><W39/><G39/><T103/><D103/><U106/><E84/><V74/><F74/><W60/><G12/><T73/><D73/><U119/><E107/><V40/><REACH who="2" step="1"/><F121/><REACH who="2" ten="200,340,220,230" step="2"/><W82/><G83/><T38/><D38/><U77/><E119/><V66/><F66/><W88/><REACH who="3" step="1"/><G91/><AGARI ba="0,1" hai="18,21,24,40,46,51,79,81,85,91,92,96,128,131" machi="91" ten="40,2600,0" yaku="1,1,52,1,53,0" doraHai="15" doraHaiUra="102" who="2" fromWho="3" sc="200,0,340,0,220,36,230,-26" /><INIT seed="2,0,0,1,4,125" ten="200,340,256,204" oya="2" hai0="56,84,63,48,134,26,102,53,119,104,11,73,83" hai1="74,58,92,108,86,34,13,31,120,62,10,65,59" hai2="43,118,69,97,20,129,123,87,122,90,28,12,78" hai3="113,100,60,131,22,96,115,42,80,81,126,54,103"/><V77/><F118/><W76/><G126/><T82/><D119/><U5/><E74/><V47/><F69/><W32/><G32/><T9/><D134/><U16/><E108/><V55/><F97/><W38/><G38/><T70/><D73/><U105/><E105/><V6/><F55/><W64/><G42/><T72/><D72/><U49/><E34/><V98/><F98/><W33/><G33/><T112/><D112/><N who="3" m="43081" /><G54/><T121/><D83/><N who="3" m="31817" /><G22/><T85/><D85/><U61/><E31/><V71/><F71/><N who="3" m="42375" /><G76/><T75/><D121/><U7/><E49/><V111/><F78/><W68/><G68/><T88/><D75/><U127/><E120/><V3/><F77/><W106/><G100/><T44/><D102/><U25/><E127/><V19/><F111/><W110/><G110/><T17/><D70/><U46/><E46/><V95/><F47/><W21/><G21/><T18/><D104/><U109/><E109/><V79/><F43/><W35/><G35/><T101/><D101/><U117/><E117/><V2/><F79/><W1/><G1/><T14/><D26/><U36/><E25/><V0/><F122/><W50/><G50/><T132/><D132/><U39/><E39/><V128/><F123/><W67/><G67/><T45/><D48/><U114/><E36/><V133/><F133/><W116/><G116/><T29/><D29/><U52/><E114/><V37/><F37/><W135/><G135/><T8/><D8/><U91/><AGARI ba="0,0" hai="5,7,10,13,16,52,58,59,61,62,65,86,91,92" machi="91" ten="30,7900,0" yaku="0,1,8,1,54,2" doraHai="125" who="1" fromWho="1" sc="200,-20,340,79,256,-39,204,-20" /><INIT seed="3,0,0,2,4,126" ten="180,419,217,184" oya="3" hai0="43,25,116,32,5,9,92,127,119,122,38,96,45" hai1="88,30,42,87,57,69,77,55,14,89,52,7,105" hai2="27,0,114,48,94,135,6,84,59,29,73,4,118" hai3="123,44,75,56,98,19,10,67,90,18,104,128,68"/><W79/><G123/><T49/><D122/><U130/><E69/><V93/><F114/><W101/><G68/><T95/><D127/><U39/><E105/><V120/><F73/><W31/><G31/><T66/><D66/><U76/><E30/><V51/><F118/><W129/><G44/><T47/><D32/><U97/><E42/><V103/><F103/><W37/><G37/><T50/><D25/><U17/><E7/><V28/><F84/><W54/><G67/><T20/><D20/><U41/><E55/><V65/><F65/><W12/><G90/><T91/><D38/><U81/><E130/><N who="3" m="50282" /><G79/><T61/><D95/><N who="1" m="56551" /><E41/><V131/><F120/><W125/><G75/><T100/><D91/><U112/><E39/><V15/><F28/><W16/><G125/><T11/><D61/><AGARI ba="0,0" hai="10,12,16,18,19,54,56,61,98,101,104" m="50282" machi="61" ten="30,12000,1" yaku="19,1,52,3,54,1" doraHai="126" who="3" fromWho="0" sc="180,-120,419,0,217,0,184,120" /><INIT seed="3,1,0,1,4,131" ten="60,419,217,304" oya="3" hai0="40,87,13,133,117,135,41,118,92,48,10,80,130" hai1="103,84,61,38,53,114,134,132,55,99,63,90,58" hai2="42,32,52,85,89,105,120,46,91,45,5,122,22" hai3="76,71,47,31,74,107,9,121,54,8,7,102,51"/><W24/><G121/><N who="2" m="46697" /><F32/><W72/><G71/><T113/><D113/><U19/><E38/><N who="2" m="21719" /><F105/><W73/><G107/><T123/><D130/><U50/><E19/><V56/><F5/><W110/><G102/><T126/><D92/><N who="1" m="58855" /><E55/><V3/><F3/><W59/><G110/><T96/><D96/><U26/><E26/><V115/><F22/><W86/><G86/><T129/><D129/><U83/><E114/><V43/><F85/><W101/><G101/><T14/><D123/><U34/><E34/><V67/><F67/><W88/><G88/><N who="2" m="33865" /><F115/><W0/><G9/><T70/><D70/><U78/><E90/><V2/><F2/><W25/><G25/><T23/><D23/><U4/><E4/><V112/><F112/><W27/><G27/><T37/><D37/><U44/><E44/><V18/><F18/><W39/><G39/><T77/><D126/><U57/><E57/><V94/><F94/><W29/><G24/><T97/><D97/><U12/><E12/><N who="0" m="4713" /><D10/><U36/><E36/><N who="2" m="21863" /><F56/><W69/><G69/><T35/><D35/><U106/><E106/><V79/><F79/><W11/><G11/><T16/><D16/><U119/><E119/><N who="0" m="45577" /><D48/><U30/><E30/><V124/><F124/><W108/><G31/><T65/><D65/><U15/><E15/><V33/><F33/><W82/><G29/><T98/><D98/><U68/><E68/><V93/><F93/><W104/><G104/><T127/><D127/><U125/><E125/><V60/><F60/><W21/><G0/><T81/><D81/><U49/><E63/><V17/><F17/><W20/><G82/><RYUUKYOKU ba="1,0" sc="60,10,419,10,217,10,304,-30" hai0="40,41,77,80,87,133,135" hai1="49,50,53,58,61,78,83,84,132,134" hai2="52" /><INIT seed="4,2,0,0,2,7" ten="70,429,227,274" oya="0" hai0="75,109,44,105,36,132,104,70,3,54,56,87,65" hai1="12,59,88,43,24,92,15,130,62,118,61,77,16" hai2="4,72,32,123,85,116,64,86,134,84,99,102,28" hai3="8,97,122,31,13,1,115,45,120,101,119,125,90"/><T107/><D132/><U18/><E118/><V131/><F64/><W106/><G119/><T22/><D75/><U53/><E130/><V37/><F37/><W0/><G115/><T23/><D3/><U112/><E112/><V21/><F32/><W49/><G31/><T47/><D109/><U73/><E73/><V68/><F68/><W42/><G90/><T121/><D121/><N who="3" m="46697" /><G125/><T127/><D127/><U26/><E77/><V27/><F72/><W5/><AGARI ba="2,0" hai="0,1,5,8,13,42,45,49,97,101,106" m="46697" machi="5" ten="30,2000,0" yaku="13,1,52,1" doraHai="7" who="3" fromWho="3" sc="70,-12,429,-7,227,-7,274,26" /><INIT seed="5,0,0,1,1,45" ten="58,422,220,300" oya="1" hai0="94,122,58,126,88,95,125,31,33,42,99,51,11" hai1="73,78,56,130,18,67,71,91,115,75,101,7,2" hai2="83,80,107,128,5,112,29,132,22,43,84,68,82" hai3="119,69,90,52,111,85,81,59,40,46,116,55,17"/><U35/><E71/><V32/><F32/><W114/><G69/><T79/><D79/><U89/><E35/><V113/><F5/><W106/><G111/><T76/><D76/><U4/><E101/><V134/><F43/><W28/><G106/><T53/><D122/><U86/><E78/><V117/><F68/><W63/><G28/><T12/><D42/><U92/><E115/><N who="2" m="44107" /><F117/><N who="3" m="45131" /><G17/><T72/><D72/><U16/><E18/><V129/><F107/><W14/><G14/><T49/><D95/><U13/><E16/><V19/><F29/><W60/><G114/><T133/><D133/><N who="2" m="51306" /><F84/><W26/><G40/><T110/><D110/><U74/><E86/><V10/><F10/><W100/><G100/><T37/><D37/><U36/><E7/><V65/><F65/><W66/><G66/><T23/><D33/><U61/><E4/><V48/><F48/><N who="0" m="18506" /><D12/><AGARI ba="0,0" hai="12,19,22,80,82,83,128,129" m="51306,44107" machi="12" ten="40,5200,0" yaku="15,1,11,1,20,1" doraHai="45" who="2" fromWho="0" sc="58,-52,422,0,220,52,300,0" /><INIT seed="6,0,0,0,0,80" ten="6,422,272,300" oya="2" hai0="47,56,41,66,113,75,86,7,19,89,72,14,133" hai1="15,5,53,8,77,78,42,127,128,27,55,126,6" hai2="122,24,110,105,90,73,62,132,93,31,57,95,76" hai3="107,94,20,97,40,130,135,50,28,99,87,16,106"/><V101/><F122/><W68/><G68/><T114/><D133/><U123/><E128/><V124/><F124/><N who="1" m="47657" /><E123/><V134/><F110/><W58/><G28/><T25/><D7/><U39/><E6/><V111/><F111/><W112/><G130/><T82/><D25/><U103/><E103/><V45/><F45/><W131/><G131/><T91/><D56/><U12/><E12/><V65/><F105/><W22/><G22/><T43/><D66/><U59/><E27/><V0/><F0/><W120/><G120/><T79/><D72/><U17/><E17/><V102/><F95/><W109/><G109/><T51/><D43/><U125/><E55/><V48/><F48/><W129/><G129/><T98/><D98/><U35/><E35/><V69/><F69/><W11/><G106/><T83/><D91/><U23/><E23/><N who="2" m="15775" /><F76/><W34/><G20/><T85/><D75/><U26/><E125/><V38/><F73/><W118/><G97/><T32/><D32/><U108/><E108/><V119/><F119/><W18/><G99/><T63/><D63/><N who="1" m="36335" /><E26/><V64/><F64/><W121/><G34/><T81/><D81/><U70/><E70/><V60/><F38/><W52/><G118/><T2/><D2/><U49/><E39/><V96/><F62/><W10/><G121/><T21/><AGARI ba="0,0" hai="14,19,21,41,47,51,79,82,83,85,86,89,113,114" machi="21" ten="30,4000,0" yaku="0,1,52,2" doraHai="80" who="0" fromWho="0" sc="6,40,422,-10,272,-20,300,-10" /><INIT seed="7,0,0,0,3,130" ten="46,412,252,290" oya="3" hai0="53,75,26,120,86,96,134,69,20,42,131,108,83" hai1="22,65,34,62,32,2,71,9,0,39,19,77,16" hai2="41,127,13,95,119,63,54,84,59,82,43,104,49" hai3="85,47,44,30,15,101,129,116,56,79,3,23,48"/><W1/><G129/><T72/><D69/><U74/><E16/><V7/><F127/><W18/><G116/><T8/><D53/><U38/><E19/><V118/><F104/><W28/><G101/><T87/><D42/><U115/><E22/><V66/><F119/><W21/><G56/><T111/><D8/><U40/><E115/><V89/><F7/><W107/><G107/><T105/><D20/><U36/><E40/><V124/><F13/><W51/><G85/><T73/><D26/><U76/><E76/><V27/><F124/><W135/><G79/><T100/><D131/><U10/><E10/><V60/><F60/><W103/><G103/><T45/><D45/><U132/><E132/><V110/><F110/><W80/><G80/><T78/><D120/><U126/><E126/><V128/><F118/><W94/><G94/><T17/><D17/><U109/><E109/><V123/><F95/><W35/><G18/><T114/><D114/><U25/><E25/><V55/><F55/><W37/><G15/><T68/><D68/><U97/><E97/><V102/><F123/><W117/><G117/><T121/><D121/><U29/><E29/><V57/><F102/><W33/><G37/><T58/><D58/><U61/><E61/><V113/><F113/><W98/><G98/><T125/><D125/><U5/><E2/><V52/><F66/><W24/><G24/><T70/><D70/><U91/><E91/><V46/><F128/><W4/><G4/><T92/><D134/><AGARI ba="0,0" hai="1,3,21,23,28,30,33,35,44,47,48,51,134,135" machi="134" ten="25,9600,0" yaku="22,2,52,2" doraHai="130" who="3" fromWho="0" sc="46,-96,412,0,252,0,290,96" owari="-50,-55.0,412,51.0,252,-15.0,386,19.0" /></mjloggm>