<mjloggm ver="2.3"><GO type="169" lobby="0"/><UN n0="%E6%98%9F%E9%99%8D%E3%82%8B%E8%A1%97" n1="%E5%85%83%E7%8F%8D" n2="%E3%82%A6%E3%83%AB%E3%83%88%E3%83%A9%E7%AB%8B%E7%9B%B4" n3="%E3%82%B9%E3%82%B1%E3%83%BC%E3%82%BF%E3%83%BC" dan="17,16,17,18" rate="2202.60,2174.14,2213.09,2254.86" sx="F,M,M,M"/><TAIKYOKU oya="0"/><INIT seed="0,0,0,3,4,46" ten="250,250,250,250" oya="0" hai0="59,112,56,86,72,5,103,120,27,60,45,28,63" hai1="44,88,11,105,37,101,29,30,17,102,97,106,65" hai2="4,49,0,32,133,78,92,95,74,53,115,135,66" hai3="104,77,26,62,114,89,121,61,132,6,116,54,85"/><T23/><D72/><U100/><E65/><V81/><F32/><W51/><G104/><T91/><D120/><U122/><E122/><V82/><F115/><W94/><G116/><T20/><D112/><U83/><E11/><N who="2" m="2439" /><F82/><W22/><G132/><N who="2" m="50761" /><F66/><W31/><G121/><T58/><D5/><U87/><E17/><V34/><F34/><W50/><G50/><T129/><D129/><U127/><E127/><V123/><F123/><W8/><G77/><T117/><D117/><U19/><E19/><V126/><F126/><W41/><G41/><T96/><D20/><U99/><E102/><V57/><AGARI ba="0,0" hai="49,53,57,74,78,81,92,95" m="50761,2439" machi="57" ten="30,2000,0" yaku="20,1,52,1" doraHai="46" who="2" fromWho="2" sc="250,-10,250,-5,250,20,250,-5" /><INIT seed="1,0,0,4,2,47" ten="240,245,270,245" oya="1" hai0="76,5,106,91,132,49,134,125,60,93,8,18,74" hai1="131,30,126,127,77,25,87,133,135,72,31,69,130" hai2="4,88,112,3,1,9,65,103,12,108,53,109,22" hai3="13,44,118,40,55,48,68,129,114,50,117,113,66"/><U79/><E69/><V61/><F103/><W2/><G2/><T80/><D106/><U20/><E31/><V34/><F34/><W86/><G13/><T98/><D125/><N who="1" m="47627" /><E87/><V28/><F88/><W17/><G17/><T84/><D60/><U43/><E43/><V58/><F112/><N who="3" m="43115" /><G129/><N who="1" m="49162" /><E72/><V111/><F65/><W92/><G92/><T78/><D18/><U67/><E67/><V82/><F82/><W7/><G7/><T6/><D5/><U56/><E56/><V119/><F119/><N who="3" m="45579" /><G86/><T110/><D76/><AGARI ba="0,0" hai="20,25,30,76,77,79,133,135" m="49162,47627" machi="76" ten="40,12000,1" yaku="30,2,18,1,19,1" doraHai="47" who="1" fromWho="0" sc="240,-120,245,120,270,0,245,0" /><INIT seed="1,1,0,3,2,45" ten="120,365,270,245" oya="1" hai0="113,11,77,7,107,114,132,53,6,56,121,23,61" hai1="92,54,111,115,55,87,120,29,81,44,40,0,118" hai2="88,122,5,97,119,79,73,67,31,59,32,1,60" hai3="112,106,75,12,18,17,69,70,48,47,41,8,42"/><U104/><E104/><V66/><F122/><W129/><G112/><T134/><D107/><U51/><E115/><V46/><F119/><W38/><G129/><T10/><D77/><U95/><E118/><V128/><F128/><W135/><G135/><N who="0" m="51755" /><D23/><U20/><E120/><V93/><F1/><W110/><G75/><T91/><D121/><U9/><E111/><V131/><F5/><N who="0" m="1546" /><D91/><U100/><E0/><V49/><F131/><W37/><G110/><T98/><D98/><N who="1" m="59463" /><E9/><AGARI ba="1,0" hai="9,10,11,53,56,61,113,114" m="1546,51755" machi="9" ten="30,1000,0" yaku="20,1" doraHai="45" who="0" fromWho="1" sc="120,13,365,-13,270,0,245,0" /><INIT seed="2,0,0,4,0,113" ten="133,352,270,245" oya="2" hai0="78,64,37,24,83,97,49,30,20,46,48,34,28" hai1="12,52,55,39,63,117,124,33,106,31,54,50,100" hai2="3,10,61,22,8,38,51,125,70,77,9,69,99" hai3="59,135,94,23,122,133,5,15,101,79,25,43,1"/><V96/><F38/><W131/><G43/><T127/><D127/><U18/><E39/><V13/><F125/><W75/><G79/><T71/><D37/><U76/><E124/><V26/><F3/><W85/><G75/><T62/><D34/><U45/><E117/><V87/><F13/><W36/><G85/><T132/><D132/><U65/><E76/><V81/><F51/><W58/><G36/><T103/><D30/><U66/><E66/><V91/><F91/><W110/><G59/><T21/><D21/><U60/><E60/><V42/><F42/><W74/><G58/><T128/><D46/><U67/><E67/><V41/><F41/><W134/><G94/><T7/><D7/><U6/><E6/><V16/><REACH who="2" step="1"/><F61/><REACH who="2" ten="133,352,260,245" step="2"/><W115/><G15/><T119/><D128/><U14/><E14/><V80/><F80/><W68/><G131/><T108/><D108/><U17/><E12/><V114/><F114/><W109/><G115/><T40/><D40/><U111/><E111/><V0/><F0/><W86/><G1/><T105/><REACH who="0" step="1"/><D119/><REACH who="0" ten="123,352,260,245" step="2"/><U53/><E63/><V56/><F56/><W84/><G109/><T95/><D95/><U121/><E106/><V19/><F19/><W92/><G92/><T102/><D102/><U35/><E100/><V116/><F116/><W47/><G101/><T57/><D57/><U88/><E18/><V4/><F4/><W72/><G5/><T129/><D129/><U90/><E17/><V107/><F107/><W73/><G110/><T104/><D104/><U32/><E45/><V130/><F130/><W120/><G133/><RYUUKYOKU ba="0,2" sc="123,15,352,-15,260,15,245,-15" hai0="20,24,28,48,49,62,64,71,78,83,97,103,105" hai2="8,9,10,16,22,26,69,70,77,81,87,96,99" /><INIT seed="2,1,2,2,5,87" ten="138,337,275,230" oya="2" hai0="0,27,62,48,124,110,120,23,64,41,24,92,40" hai1="74,134,79,50,112,128,55,30,76,58,31,65,114" hai2="73,39,107,95,63,116,42,66,46,127,72,104,78" hai3="101,16,80,88,7,81,22,89,90,29,61,3,60"/><V84/><F116/><W56/><G3/><T44/><D0/><U38/><E38/><V4/><F127/><W132/><G132/><T119/><D120/><U35/><E134/><V83/><F4/><W67/><G101/><T118/><D124/><U33/><E128/><V98/><F104/><W126/><G126/><T93/><D110/><U121/><E121/><V129/><F107/><W43/><G43/><T105/><D41/><U113/><E65/><V57/><REACH who="2" step="1"/><F129/><REACH who="2" ten="138,337,265,230" step="2"/><W108/><G108/><T17/><D105/><U130/><E130/><V18/><F18/><W135/><G135/><T122/><D122/><U123/><E123/><V5/><F5/><W37/><G37/><T100/><D118/><U19/><E19/><V28/><F28/><W71/><G29/><T13/><D119/><U45/><E30/><V94/><F94/><W12/><REACH who="3" step="1"/><G7/><REACH who="3" ten="138,337,265,220" step="2"/><T26/><REACH who="0" step="1"/><D100/><AGARI ba="1,4" hai="39,42,46,57,63,66,72,73,78,83,84,95,98,100" machi="100" ten="30,5800,0" yaku="1,1,7,1,53,1" doraHai="87" doraHaiUra="54" who="2" fromWho="0" sc="138,-61,337,0,265,101,220,0" /><INIT seed="2,2,0,0,1,86" ten="77,337,366,220" oya="2" hai0="8,49,135,71,63,15,72,132,4,42,118,80,91" hai1="77,68,123,17,51,10,113,62,21,88,52,87,3" hai2="130,37,116,31,64,12,25,115,55,29,121,44,82" hai3="6,53,101,111,43,5,89,79,78,76,11,133,13"/><V0/><F0/><W39/><G111/><T104/><D104/><U112/><E77/><V122/><F116/><W95/><G133/><T110/><D110/><U60/><E123/><V128/><F115/><W33/><G33/><T58/><D71/><U94/><E3/><V120/><F64/><W73/><G101/><T107/><D107/><U28/><E28/><V57/><F12/><W38/><G73/><T70/><D70/><U106/><E106/><V66/><F66/><W125/><G125/><T74/><D118/><U27/><E10/><V81/><F44/><W119/><G43/><T85/><D42/><U93/><E93/><V50/><F37/><W41/><G41/><T124/><D49/><U32/><E32/><V102/><F102/><W16/><G53/><N who="0" m="34255" /><D124/><U117/><E117/><V105/><F105/><W20/><G6/><T109/><D109/><U9/><E9/><V2/><F2/><W83/><G83/><N who="2" m="31753" /><F25/><W97/><REACH who="3" step="1"/><G119/><REACH who="3" ten="77,337,366,210" step="2"/><T56/><D74/><U134/><E134/><V100/><F100/><W26/><AGARI ba="2,1" hai="5,11,13,16,20,26,38,39,76,78,79,89,95,97" machi="26" ten="30,8000,1" yaku="1,1,2,1,0,1,52,1,54,1,53,0" doraHai="86" doraHaiUra="46" who="3" fromWho="3" sc="77,-22,337,-22,366,-42,210,96" /><INIT seed="3,0,0,1,4,70" ten="55,315,324,306" oya="3" hai0="34,93,43,0,85,33,129,88,100,113,51,114,122" hai1="30,94,96,73,18,117,78,29,106,128,66,3,40" hai2="109,84,46,65,79,112,48,90,23,89,20,49,130" hai3="35,56,12,95,132,17,9,110,82,102,64,32,124"/><W103/><G124/><T118/><D0/><U13/><E3/><V123/><F112/><N who="0" m="43114" /><D122/><U105/><E128/><V44/><F130/><W25/><G132/><T24/><D129/><U4/><E4/><V104/><F104/><W50/><G110/><T1/><D1/><U127/><E127/><V14/><F65/><W97/><G103/><T76/><D118/><U125/><E125/><V133/><F133/><W77/><G25/><T81/><D100/><U72/><E117/><V41/><F109/><W53/><REACH who="3" step="1"/><G64/><REACH who="3" ten="55,315,324,296" step="2"/><T52/><D24/><U126/><E126/><V21/><F123/><W71/><G71/><T31/><D31/><U6/><E66/><V115/><F115/><W42/><G42/><T92/><D43/><U27/><E40/><N who="2" m="24583" /><F14/><W121/><G121/><T91/><D91/><U8/><E30/><V55/><F41/><W28/><G28/><T22/><D22/><U120/><E120/><V39/><F39/><W87/><AGARI ba="0,1" hai="9,12,17,32,35,50,53,56,77,82,87,95,97,102" machi="87" ten="20,7800,0" yaku="1,1,0,1,7,1,53,1" doraHai="70" doraHaiUra="75" who="3" fromWho="3" sc="55,-26,315,-26,324,-26,296,88" /><INIT seed="3,1,0,3,4,108" ten="29,289,298,384" oya="3" hai0="99,74,57,54,38,5,96,48,92,32,39,128,31" hai1="86,85,53,69,103,22,33,133,88,10,41,63,51" hai2="100,94,15,97,110,93,34,126,118,101,28,90,62" hai3="87,37,109,121,80,112,12,7,14,58,82,27,78"/><W30/><G37/><T59/><D74/><U6/><E33/><V55/><F110/><W120/><G109/><T52/><D128/><U79/><E133/><V68/><F118/><W76/><G112/><T17/><D5/><U61/><E41/><V125/><F34/><W0/><G0/><T95/><D32/><U60/><E69/><V105/><F28/><W134/><G134/><T47/><D17/><U40/><E40/><V129/><F129/><W124/><G124/><N who="2" m="47721" /><F15/><W21/><G58/><T16/><D16/><U66/><E66/><N who="2" m="41047" /><F55/><W4/><G14/><T36/><D47/><U8/><E103/><N who="2" m="60855" /><F105/><W20/><G7/><T131/><D131/><U3/><E10/><V13/><F13/><W9/><REACH who="3" step="1"/><G21/><REACH who="3" ten="29,289,298,374" step="2"/><T116/><D116/><U35/><E22/><V91/><F91/><W24/><G24/><T106/><D38/><U2/><E35/><V25/><F25/><W50/><G50/><T23/><D23/><U114/><E2/><V65/><F65/><W130/><G130/><T43/><D48/><U107/><E51/><V29/><F29/><W111/><G111/><T56/><D31/><U46/><E3/><V104/><F104/><W1/><G1/><T127/><D127/><U67/><E6/><V44/><F44/><W84/><AGARI ba="1,1" hai="4,9,12,20,27,30,76,78,80,82,84,87,120,121" machi="84" ten="20,7800,0" yaku="1,1,0,1,7,1,9,1,53,0" doraHai="108" doraHaiUra="102" who="3" fromWho="3" sc="29,-27,289,-27,298,-27,374,91" /><INIT seed="3,2,0,4,2,34" ten="2,262,271,465" oya="3" hai0="78,52,72,133,124,94,20,37,39,29,93,123,112" hai1="131,74,47,53,113,114,27,122,4,54,19,17,35" hai2="61,6,51,41,88,80,32,127,44,99,7,57,13" hai3="25,69,24,104,58,62,129,101,84,3,81,59,21"/><W107/><G3/><T46/><D123/><U68/><E122/><V60/><F32/><W134/><G69/><T109/><D109/><U79/><E68/><V82/><F127/><W132/><G59/><T42/><D124/><U98/><E131/><V85/><F99/><W23/><G23/><T86/><D72/><U102/><E4/><N who="2" m="1579" /><F13/><W121/><G25/><T9/><D39/><U110/><E110/><V90/><F61/><W76/><G121/><T66/><D66/><U5/><E5/><V71/><F71/><W15/><G15/><T100/><D133/><N who="3" m="51305" /><G101/><T48/><D112/><N who="1" m="43115" /><E79/><N who="2" m="46239" /><F82/><W119/><G119/><T49/><D37/><U50/><E74/><V26/><F26/><W115/><G129/><T103/><D9/><U10/><E10/><V108/><F108/><W73/><G73/><T12/><D103/><U92/><E54/><AGARI ba="2,0" hai="41,44,51,54,57,60,88,90" m="46239,1579" machi="54" ten="30,2000,0" yaku="8,1,54,1" doraHai="34" who="2" fromWho="1" sc="2,0,262,-26,271,26,465,0" /><INIT seed="4,0,0,1,5,64" ten="2,236,297,465" oya="0" hai0="57,0,99,75,7,27,55,41,33,91,103,18,66" hai1="32,29,28,21,95,80,26,51,128,77,107,109,12" hai2="71,36,1,62,87,131,14,88,100,44,48,86,96" hai3="117,22,79,104,3,81,84,120,135,72,116,126,98"/><T133/><D75/><U108/><E107/><V31/><F1/><W129/><G3/><T121/><D121/><U8/><E128/><V97/><F36/><W118/><G22/><T89/><D41/><U60/><E95/><V19/><F31/><W114/><G120/><T25/><D66/><U70/><E29/><V42/><F131/><W56/><G56/><T119/><D119/><U4/><E32/><V93/><F62/><W47/><G47/><T92/><D133/><U74/><E51/><V78/><F71/><W13/><G13/><T49/><D33/><U82/><E82/><N who="2" m="47447" /><F100/><N who="3" m="62487" /><G129/><T46/><D46/><U9/><E9/><AGARI ba="0,0" hai="9,14,19,42,44,48,87,88,93,96,97" m="47447" machi="9" ten="30,2000,0" yaku="8,1,54,1" doraHai="64" who="2" fromWho="1" sc="2,0,236,-20,297,20,465,0" /><INIT seed="5,0,0,4,5,98" ten="2,216,317,465" oya="1" hai0="37,106,102,53,11,49,80,3,35,4,18,71,132" hai1="28,60,124,67,17,64,92,89,84,40,46,20,50" hai2="58,94,47,31,26,122,133,126,57,109,93,68,95" hai3="36,10,82,5,115,56,69,14,73,39,70,34,52"/><U24/><E124/><V107/><F109/><W45/><G34/><T72/><D53/><U127/><E127/><V130/><F122/><W0/><G115/><T85/><D49/><U119/><E119/><V75/><F126/><W25/><G25/><T100/><D72/><U78/><E78/><V86/><F75/><W6/><G6/><T121/><D106/><U43/><E43/><V118/><F68/><W110/><G14/><T22/><D71/><U125/><E125/><V134/><F107/><W87/><G87/><T99/><D37/><U129/><E129/><V123/><F123/><W63/><G39/><T38/><D38/><U62/><E67/><V42/><F86/><W27/><G27/><T59/><D99/><U8/><E64/><V81/><F81/><W112/><G112/><T116/><D116/><U15/><REACH who="1" step="1"/><E28/><REACH who="1" ten="2,206,317,465" step="2"/><V21/><F130/><W55/><G110/><T65/><D121/><U16/><AGARI ba="0,1" hai="8,15,16,17,20,24,40,46,50,60,62,84,89,92" machi="16" ten="20,18000,2" yaku="1,1,2,1,0,1,7,1,8,1,54,1,53,0" doraHai="98" doraHaiUra="66" who="1" fromWho="1" sc="2,-60,206,190,317,-60,465,-60" owari="-58,-56.0,396,20.0,257,-14.0,405,50.0" /></mjloggm>