<mjloggm ver="2.3"><GO type="41" lobby="0"/><UN n0="%6B%2E%69%6B%69" n1="%79%75%6D%69%63%63%68%69" n2="%E5%B0%B1%E6%B4%BB%E7%94%9F%40%E5%B7%9D%E6%9D%91%E8%BB%8D%E5%9B%A3" n3="%E6%98%86" dan="14,15,17,14" rate="1940.20,1963.34,2203.24,1873.58" sx="M,F,M,M"/><TAIKYOKU oya="0"/><INIT seed="0,0,0,4,5,77" ten="250,250,250,250" oya="0" hai0="58,25,29,64,4,9,76,13,24,83,87,121,80" hai1="54,109,1,33,37,57,23,85,68,49,105,122,40" hai2="74,42,72,12,86,22,31,108,132,8,119,82,2" hai3="69,26,70,66,41,124,46,99,73,134,84,62,19"/><T81/><D121/><U67/><E105/><V32/><F119/><W120/><G73/><T104/><D104/><U135/><E33/><V48/><F132/><W53/><G134/><T125/><D125/><U94/><E1/><V10/><F108/><W131/><G124/><T118/><D118/><U50/><E135/><V35/><F2/><W71/><G120/><T27/><D29/><U102/><E122/><V5/><F10/><W93/><G131/><T111/><D111/><U21/><E109/><V79/><F32/><W14/><G26/><T89/><D89/><U88/><E102/><V45/><REACH who="2" step="1"/><F22/><REACH who="2" ten="250,250,240,250" step="2"/><W61/><G61/><AGARI ba="0,1" hai="4,9,13,24,25,27,58,61,64,76,80,81,83,87" machi="61" ten="40,12000,1" yaku="8,1,52,3" doraHai="77" who="0" fromWho="3" sc="250,130,250,0,240,0,250,-120" /><INIT seed="0,1,0,3,5,110" ten="380,250,240,130" oya="0" hai0="92,78,71,120,65,74,5,43,87,108,93,124,131" hai1="52,62,132,134,39,9,106,50,20,128,38,107,21" hai2="97,18,16,117,15,83,91,31,135,57,58,29,11" hai3="49,88,66,122,130,0,12,3,70,113,46,59,85"/><T69/><D43/><U47/><E128/><V61/><F135/><N who="1" m="51753" /><E9/><V82/><F117/><W40/><G130/><T17/><D5/><U73/><E73/><V123/><F123/><W55/><G122/><T19/><D65/><U7/><E7/><V45/><F45/><W2/><G70/><T23/><D23/><N who="1" m="8779" /><E62/><V10/><F97/><W118/><G66/><T99/><D99/><U24/><E24/><V54/><F91/><W79/><G79/><T8/><D78/><U126/><E126/><V77/><F58/><W48/><G118/><T76/><D8/><U60/><E60/><V80/><F77/><W22/><G22/><T33/><D76/><U25/><E25/><V86/><F86/><W35/><G35/><T98/><D98/><U64/><E64/><V121/><F121/><W102/><G102/><T119/><D33/><U89/><E89/><V111/><F111/><W101/><G101/><T13/><D74/><U104/><AGARI ba="1,0" hai="38,39,47,50,52,104,106,107" m="8779,51753" machi="104" ten="40,2700,0" yaku="20,1,54,1" doraHai="110" who="1" fromWho="1" sc="380,-14,250,30,240,-8,130,-8" /><INIT seed="1,0,0,4,0,52" ten="366,280,232,122" oya="1" hai0="83,77,62,7,19,40,110,132,20,81,3,47,55" hai1="73,79,111,74,135,16,66,112,94,76,127,125,124" hai2="2,57,98,37,119,104,82,126,122,51,106,43,6" hai3="90,134,72,25,100,60,8,85,95,54,96,49,120"/><U113/><E66/><V11/><F122/><W65/><G72/><N who="1" m="27754" /><E16/><V133/><F119/><W69/><G120/><T15/><D110/><U121/><E121/><V75/><F133/><W5/><G134/><T18/><D132/><U128/><E135/><V13/><F126/><W58/><G25/><T89/><D3/><U84/><E111/><V44/><F13/><W38/><G38/><T105/><D105/><U91/><E128/><V87/><F98/><W68/><G68/><T24/><D7/><U23/><E23/><V117/><F117/><W118/><G118/><T109/><D89/><U131/><E131/><V33/><F33/><W86/><REACH who="3" step="1"/><G100/><REACH who="3" ten="366,280,232,112" step="2"/><T4/><D24/><U116/><E116/><V93/><F75/><W59/><G59/><T35/><D35/><U99/><E113/><V50/><F37/><W27/><G27/><T0/><D109/><U53/><E112/><V71/><F71/><W115/><G115/><T97/><D47/><U30/><E127/><V29/><F29/><W41/><G41/><T26/><D40/><U36/><E30/><V17/><F44/><W12/><AGARI ba="0,1" hai="5,8,12,49,54,58,60,65,69,85,86,90,95,96" machi="12" ten="20,5200,0" yaku="1,1,0,1,7,1,52,1,53,0" doraHai="52" doraHaiUra="14" who="3" fromWho="3" sc="366,-13,280,-26,232,-13,112,62" /><INIT seed="2,0,0,3,4,23" ten="353,254,219,174" oya="2" hai0="111,28,49,118,72,66,45,44,86,10,100,109,48" hai1="59,13,120,93,64,37,128,75,129,102,34,63,20" hai2="97,43,35,133,134,32,12,6,40,67,84,19,17" hai3="26,29,103,24,91,124,108,60,50,73,113,95,3"/><V69/><F69/><W127/><G3/><T107/><D72/><U89/><E34/><N who="2" m="12843" /><F67/><W4/><G4/><T76/><D28/><U105/><E75/><V33/><F97/><W98/><G29/><T65/><D118/><U11/><E37/><V77/><F77/><W80/><G113/><T126/><D10/><U14/><E102/><V117/><F84/><W125/><G60/><T81/><D100/><U106/><E120/><V7/><N who="2" m="12851" /><V114/><DORA hai="54" /><F114/><W87/><G50/><T21/><D21/><U92/><E20/><N who="2" m="11303" /><F43/><W41/><G41/><T53/><D107/><U18/><E93/><V52/><F40/><W122/><G122/><T110/><D126/><U31/><E92/><V135/><F117/><W62/><G62/><T70/><D70/><U119/><E119/><V130/><F130/><N who="1" m="50281" /><E89/><V0/><F0/><W1/><G1/><T79/><D76/><U57/><E106/><V132/><N who="2" m="34304" /><DORA hai="116" /><V96/><F96/><W8/><G73/><T68/><D68/><U123/><E105/><V51/><F19/><W74/><G74/><T71/><D71/><U22/><E64/><V38/><F38/><W46/><G46/><AGARI ba="0,0" hai="6,7,46,51,52" m="34304,11303,12851" machi="46" ten="70,6800,0" yaku="20,1,54,1" doraHai="23,54,116" who="2" fromWho="3" sc="353,0,254,0,219,68,174,-68" /><INIT seed="2,1,0,0,2,76" ten="353,254,287,106" oya="2" hai0="119,135,104,108,133,70,95,105,109,19,68,48,78" hai1="98,117,87,85,12,47,132,110,67,61,64,94,20" hai2="32,99,101,13,123,8,9,113,79,40,72,71,15" hai3="130,30,23,122,125,42,25,33,114,26,92,118,91"/><V111/><F123/><W81/><G118/><T90/><D78/><U102/><E117/><V45/><F113/><W34/><G122/><T121/><D48/><U128/><E110/><N who="0" m="42601" /><D19/><U88/><E132/><N who="0" m="50761" /><D121/><U57/><E128/><V3/><F71/><N who="0" m="27178" /><D119/><U18/><E47/><V16/><F32/><W75/><G130/><T35/><D35/><U115/><E115/><V4/><F111/><W96/><G114/><T126/><D126/><U58/><E102/><V43/><F45/><W28/><G125/><T7/><D7/><U131/><E131/><V6/><F79/><W31/><G34/><T5/><D5/><U50/><E50/><V59/><F72/><W86/><G75/><T41/><D41/><U134/><E134/><V17/><F59/><W84/><G33/><T82/><D82/><U106/><E106/><V97/><F101/><W21/><G42/><T83/><D83/><U56/><E56/><V1/><AGARI ba="1,0" hai="1,3,4,6,8,9,13,15,16,17,40,43,97,99" machi="1" ten="25,9600,0" yaku="0,1,22,2,54,1" doraHai="76" who="2" fromWho="2" sc="353,-33,254,-33,287,99,106,-33" /><INIT seed="2,2,0,5,4,90" ten="320,221,386,73" oya="2" hai0="30,100,0,8,15,133,70,71,129,93,120,97,65" hai1="13,69,54,98,111,66,32,59,101,123,135,5,130" hai2="29,9,102,22,34,41,87,72,48,115,14,51,79" hai3="85,49,55,64,45,6,31,99,12,126,46,16,94"/><V131/><F115/><W63/><G31/><T42/><D120/><U50/><E111/><V36/><F34/><W61/><G6/><T124/><D0/><U121/><E135/><V7/><F72/><W17/><G17/><T39/><D124/><U37/><E37/><V44/><F131/><W105/><G105/><T109/><D129/><U40/><E32/><V19/><F102/><W117/><G126/><T4/><D109/><U91/><E130/><V60/><F29/><W110/><G117/><T134/><D30/><U68/><E40/><V122/><F122/><N who="1" m="46601" /><E91/><V114/><F114/><W76/><G110/><T81/><D81/><U67/><E13/><V103/><F103/><W47/><G63/><T35/><D35/><U82/><E82/><V10/><F10/><W52/><G55/><T132/><D65/><N who="1" m="24587" /><E5/><V57/><F87/><W83/><G61/><T96/><D97/><U112/><E112/><V20/><F79/><W27/><G64/><T95/><D95/><AGARI ba="2,0" hai="50,54,59,68,69,95,98,101" m="24587,46601" machi="95" ten="30,2000,0" yaku="13,1,52,1" doraHai="90" who="1" fromWho="0" sc="320,-26,221,26,386,0,73,0" /><INIT seed="3,0,0,5,5,6" ten="294,247,386,73" oya="3" hai0="96,7,121,61,23,13,84,71,51,28,21,76,24" hai1="111,134,72,101,113,74,81,55,95,38,26,30,25" hai2="120,22,130,58,117,91,68,116,54,88,102,60,79" hai3="90,17,8,59,37,44,103,16,89,49,93,135,69"/><W126/><G69/><T12/><D71/><U40/><E113/><V66/><F130/><W124/><G37/><T107/><D121/><U11/><E111/><V73/><F120/><W34/><G34/><T104/><D61/><U106/><E106/><V45/><F102/><W127/><G135/><T94/><D107/><U35/><E134/><V47/><F79/><W118/><G118/><T67/><D67/><U36/><E26/><V105/><F105/><W125/><G125/><T27/><D51/><U10/><E55/><V18/><F73/><W46/><G46/><T110/><D104/><U1/><E1/><V52/><F116/><W114/><G114/><T109/><D84/><U97/><E72/><V39/><F117/><W33/><G33/><T31/><D76/><U129/><E129/><V119/><F119/><W77/><G77/><T108/><D7/><U63/><E63/><V15/><F39/><W82/><G103/><AGARI ba="0,0" hai="12,13,21,23,24,27,28,31,94,96,103,108,109,110" machi="103" ten="40,2600,0" yaku="9,1,14,1" doraHai="6" who="0" fromWho="3" sc="294,26,247,0,386,0,73,-26" /><INIT seed="4,0,0,3,5,32" ten="320,247,386,47" oya="0" hai0="101,74,37,7,97,16,89,12,121,8,5,91,24" hai1="102,56,90,75,13,14,48,19,96,30,40,85,60" hai2="105,51,119,114,27,68,66,29,20,67,81,112,107" hai3="54,47,123,109,111,113,76,106,62,31,87,125,93"/><T69/><D37/><U3/><E75/><V10/><F119/><W79/><G106/><N who="2" m="40457" /><F68/><W44/><G123/><T100/><D121/><U122/><E122/><V99/><F99/><W38/><G31/><T26/><D69/><U118/><E118/><V11/><F51/><W58/><G79/><T120/><D74/><U63/><E3/><V46/><F46/><W95/><G95/><N who="0" m="58431" /><D120/><U34/><E34/><V83/><F11/><W41/><G76/><T130/><D101/><U88/><E30/><V4/><F81/><W78/><G78/><T124/><D124/><U45/><E90/><N who="0" m="34313" /><D130/><U134/><E134/><V6/><F6/><AGARI ba="0,0" hai="5,6,7,8,12,16,24,26" m="34313,58431" machi="6" ten="30,2900,0" yaku="8,1,54,1" doraHai="32" who="0" fromWho="2" sc="320,29,247,0,386,-29,47,0" /><INIT seed="4,1,0,0,0,23" ten="349,247,357,47" oya="0" hai0="132,110,52,92,120,4,76,113,63,127,97,2,49" hai1="18,21,114,66,121,48,109,107,6,73,84,68,47" hai2="77,80,54,64,41,22,19,102,42,59,44,85,26" hai3="116,67,101,126,50,130,27,75,90,65,53,24,74"/><T56/><D120/><U38/><E109/><V123/><F123/><W93/><G116/><T78/><D110/><U61/><E73/><V89/><F102/><W70/><G75/><T106/><D113/><U94/><E107/><V0/><F0/><W115/><G74/><T71/><D106/><U60/><E121/><V5/><F5/><W34/><G34/><T15/><D2/><U79/><E114/><V7/><F7/><W32/><G32/><T57/><D71/><U12/><E38/><V117/><F117/><W99/><G115/><T81/><D81/><U69/><E6/><V122/><F122/><W20/><G20/><T29/><D29/><U96/><E84/><V128/><F128/><W10/><G130/><T35/><D132/><U8/><E79/><V72/><F64/><N who="3" m="24651" /><G10/><T43/><D43/><U82/><E82/><V40/><F72/><W39/><G39/><T86/><D86/><U62/><E68/><V33/><F33/><W124/><G70/><T13/><D35/><U30/><E30/><V103/><F103/><W46/><G101/><T91/><D127/><AGARI ba="1,0" hai="24,27,46,50,53,90,93,99,124,126,127" m="24651" machi="127" ten="30,3900,0" yaku="18,1,52,2" doraHai="23" who="3" fromWho="0" sc="349,-42,247,0,357,0,47,42" /><INIT seed="5,0,0,4,2,106" ten="307,247,357,89" oya="1" hai0="69,67,65,44,132,80,76,112,73,133,90,104,22" hai1="77,41,103,79,109,119,81,128,113,26,108,0,129" hai2="96,30,33,75,15,32,125,134,20,47,8,85,105" hai3="3,121,99,126,118,63,55,130,27,70,36,97,21"/><U124/><E119/><V17/><F75/><W37/><G3/><T14/><D104/><U1/><E113/><V71/><F71/><W59/><G121/><T91/><D112/><U2/><E124/><V78/><F125/><W87/><G126/><T29/><D44/><U39/><E103/><V18/><F134/><N who="0" m="51818" /><D69/><U42/><E26/><V56/><F30/><W131/><G118/><T31/><D14/><U123/><E123/><V122/><F56/><W34/><G34/><T46/><D46/><N who="1" m="23871" /><E42/><V45/><F96/><W43/><G70/><T89/><D22/><U62/><E62/><V57/><F105/><W93/><G87/><T50/><D50/><U49/><E49/><V120/><F57/><W25/><G25/><T13/><D13/><U95/><E95/><V10/><F15/><W66/><G66/><AGARI ba="0,0" hai="29,31,65,66,67,73,76,80,89,90,91" m="51818" machi="66" ten="30,2000,0" yaku="20,1,52,1" doraHai="106" who="0" fromWho="3" sc="307,20,247,0,357,0,89,-20" /><INIT seed="6,0,0,5,3,66" ten="327,247,357,69" oya="2" hai0="70,14,59,29,52,28,87,124,5,56,15,84,93" hai1="55,97,73,61,98,49,39,18,118,99,22,40,51" hai2="13,133,34,63,116,68,103,127,96,113,32,62,42" hai3="83,112,19,0,88,53,41,135,92,119,36,31,65"/><V105/><F116/><W69/><G0/><T35/><D124/><U26/><E73/><V17/><F127/><W111/><G111/><T117/><D117/><U54/><E118/><V109/><F109/><W46/><G119/><T7/><D35/><U120/><E120/><V85/><F113/><W20/><G112/><T80/><D93/><U121/><E121/><V38/><F133/><W134/><G31/><T16/><D70/><U30/><E61/><V43/><F85/><W86/><G53/><T47/><D47/><U108/><E108/><V128/><F128/><W27/><REACH who="3" step="1"/><G83/><REACH who="3" ten="327,247,357,59" step="2"/><T82/><D16/><U106/><E30/><V79/><F17/><W122/><G122/><T57/><D57/><U114/><E55/><AGARI ba="0,1" hai="5,7,14,15,28,29,52,55,56,59,80,82,84,87" machi="55" ten="25,6400,0" yaku="22,2,8,1,54,1" doraHai="66" who="0" fromWho="1" sc="327,74,247,-64,357,0,59,0" /><INIT seed="7,0,0,4,1,26" ten="401,183,357,59" oya="3" hai0="96,60,52,13,86,63,109,135,130,21,16,84,40" hai1="103,47,104,69,62,48,1,67,56,133,123,126,105" hai2="39,6,10,25,90,71,80,119,83,29,44,8,24" hai3="118,64,61,38,35,85,7,37,97,66,93,89,125"/><W98/><G118/><T18/><D109/><U116/><E1/><V131/><F131/><W57/><G64/><T12/><D130/><U43/><E116/><V19/><F119/><W22/><G35/><T31/><D135/><U120/><E133/><V79/><F71/><W0/><G125/><T108/><D31/><U101/><E126/><V28/><F39/><W87/><G87/><T129/><D40/><U23/><E23/><V115/><F115/><W9/><REACH who="3" step="1"/><G22/><REACH who="3" ten="401,183,357,49" step="2"/><T128/><D108/><U88/><E120/><V34/><F34/><W45/><G45/><T111/><D111/><U124/><E123/><V20/><F44/><W53/><G53/><T102/><D21/><U76/><E124/><V2/><F20/><W46/><G46/><T78/><D52/><U55/><E55/><V94/><F79/><W77/><G77/><T5/><D78/><U11/><E76/><V99/><F80/><W74/><G74/><T92/><D86/><U91/><E67/><V112/><F83/><W58/><G58/><T81/><D84/><U30/><E56/><V4/><F112/><W42/><G42/><T110/><D81/><U3/><E43/><V107/><F99/><AGARI ba="0,1" hai="0,7,9,37,38,57,61,66,85,89,93,97,98,99" machi="99" ten="40,2000,0" yaku="1,1,53,0" doraHai="26" doraHaiUra="117" who="3" fromWho="2" sc="401,0,183,0,357,-20,49,30" /><INIT seed="7,1,0,4,4,2" ten="401,183,337,79" oya="3" hai0="84,41,38,37,46,124,83,103,42,69,70,9,27" hai1="71,61,86,43,39,63,115,130,44,28,80,62,134" hai2="90,25,54,81,93,33,85,55,14,91,98,114,104" hai3="59,66,132,76,118,32,78,0,120,29,95,56,89"/><W60/><G118/><T117/><D117/><U102/><E134/><V94/><F114/><W116/><G116/><T21/><D124/><U100/><E115/><V23/><F33/><W12/><G0/><T97/><D9/><U7/><E71/><V57/><F104/><W108/><G120/><T67/><D67/><U106/><E106/><V49/><F14/><W122/><G122/><T20/><D20/><U88/><E130/><V22/><F25/><W35/><G132/><T68/><D68/><U129/><E129/><V126/><F126/><W40/><G108/><T92/><D41/><U58/><E58/><V26/><F26/><W30/><G40/><T19/><D37/><U127/><E127/><V10/><F10/><W45/><G45/><T65/><D65/><U74/><E28/><V113/><F113/><W72/><G35/><T5/><D5/><U133/><E133/><V123/><F123/><W1/><G1/><T121/><D121/><U31/><E31/><N who="3" m="11786" /><G32/><T11/><D11/><U112/><E112/><V79/><REACH who="2" step="1"/><F54/><REACH who="2" ten="401,183,327,79" step="2"/><W75/><G75/><AGARI ba="1,1" hai="22,23,49,55,57,75,79,81,85,90,91,93,94,98" machi="75" ten="30,3900,0" yaku="1,1,2,1,7,1,53,0" doraHai="2" doraHaiUra="135" who="2" fromWho="3" sc="401,0,183,0,327,52,79,-42" owari="401,50.0,183,-22.0,379,18.0,37,-46.0" /></mjloggm>