<mjloggm ver="2.3"><GO type="169" lobby="0"/><UN n0="%E3%82%A6%E3%83%AB%E3%83%88%E3%83%A9%E7%AB%8B%E7%9B%B4" n1="%E3%83%A1%E3%83%AB%E3%82%AB%E3%83%88%E3%83%AB%E3%81%8F%E3%82%93" n2="%74%61%74%73%75%37%30%32" n3="%E5%A4%8F%E8%94%AD" dan="18,17,17,16" rate="2202.54,2160.01,2185.12,2057.07" sx="M,M,M,M"/><TAIKYOKU oya="0"/><INIT seed="0,0,0,2,2,102" ten="250,250,250,250" oya="0" hai0="29,35,129,65,20,28,63,32,39,118,100,133,26" hai1="131,47,52,36,80,22,96,68,13,56,89,17,83" hai2="99,59,78,10,135,106,54,97,31,130,120,108,53" hai3="4,58,81,93,121,127,38,101,62,15,111,84,37"/><T41/><D118/><U24/><E68/><V64/><F120/><W119/><G119/><T57/><D129/><U76/><E131/><V110/><F130/><W72/><G121/><T5/><D133/><U103/><E89/><V116/><F135/><W113/><G113/><T128/><D128/><U115/><E115/><V98/><F116/><W69/><G69/><T33/><D5/><U46/><E24/><V2/><F31/><W104/><G111/><N who="2" m="42537" /><F78/><N who="3" m="44231" /><G127/><T117/><D117/><U8/><E8/><V18/><F64/><N who="3" m="38999" /><G15/><T25/><D41/><U85/><E83/><V70/><F70/><W71/><G4/><T14/><D39/><U23/><E36/><V40/><F40/><W45/><G45/><T51/><D14/><U122/><E23/><V60/><F54/><W92/><G92/><T87/><D51/><U82/><E82/><V49/><F49/><W125/><G71/><T77/><D77/><U124/><E124/><V134/><F134/><W61/><G61/><T114/><D114/><U27/><E13/><N who="2" m="7479" /><F2/><W66/><G66/><T123/><D123/><U3/><E3/><V73/><F73/><W1/><G1/><T55/><D55/><U67/><E67/><V30/><F30/><W95/><G125/><T105/><REACH who="0" step="1"/><D87/><REACH who="0" ten="240,250,250,250" step="2"/><U109/><E122/><V132/><F132/><W48/><G48/><T50/><D50/><N who="1" m="30743" /><E109/><V75/><F75/><W34/><G84/><T88/><D88/><U9/><E47/><V44/><F44/><W79/><G37/><T42/><D42/><U16/><E46/><V112/><F112/><W21/><G38/><T12/><D12/><RYUUKYOKU ba="0,1" sc="240,15,250,-15,250,15,250,-15" hai0="20,25,26,28,29,32,33,35,57,63,65,100,105" hai2="53,59,60,97,98,99,106" /><INIT seed="0,1,1,0,4,77" ten="255,235,265,235" oya="0" hai0="24,131,49,48,109,8,101,75,110,122,79,57,4" hai1="62,41,106,102,124,126,111,0,134,107,84,117,6" hai2="113,130,103,70,80,71,104,90,15,23,27,69,132" hai3="92,5,73,81,129,1,116,17,125,31,120,99,30"/><T52/><D122/><U45/><E117/><V26/><F113/><W46/><G116/><T59/><D101/><U51/><E111/><N who="0" m="42505" /><D131/><U50/><E134/><V63/><F132/><W11/><G129/><T36/><D36/><U43/><E62/><V100/><F130/><W74/><G120/><T95/><D95/><U9/><E102/><V54/><F15/><W3/><G125/><N who="1" m="48234" /><E84/><V34/><F27/><W127/><G127/><T13/><D24/><U88/><E88/><V105/><F34/><W25/><G3/><T98/><D98/><U56/><E56/><V38/><F38/><W76/><G74/><T65/><D65/><U128/><E128/><V64/><F103/><W53/><G17/><T82/><D59/><U121/><E121/><V87/><F54/><W21/><G31/><T89/><D89/><U7/><E7/><V19/><REACH who="2" step="1"/><F100/><REACH who="2" ten="255,235,255,235" step="2"/><W39/><G53/><T28/><D28/><U37/><E37/><V55/><F55/><W114/><G114/><T22/><D22/><U68/><E68/><AGARI ba="1,2" hai="19,23,26,63,64,68,69,70,71,80,87,90,104,105" machi="68" ten="40,2600,0" yaku="1,1,52,1,53,0" doraHai="77" doraHaiUra="33" who="2" fromWho="1" sc="255,0,235,-29,255,49,235,0" /><INIT seed="1,0,0,2,5,6" ten="255,206,304,235" oya="1" hai0="25,87,97,119,94,95,103,44,126,117,91,66,89" hai1="77,80,2,102,37,123,74,68,101,15,27,106,124" hai2="16,88,133,10,98,112,121,35,120,135,83,65,33" hai3="75,48,49,29,104,115,125,34,11,3,73,30,107"/><U46/><E123/><N who="2" m="47179" /><F65/><W111/><G115/><T19/><D66/><U85/><E15/><N who="2" m="7287" /><F112/><W59/><G111/><T86/><D25/><U32/><E124/><V36/><F36/><W108/><G108/><T23/><D23/><U0/><E85/><V54/><F54/><W28/><G125/><T67/><D19/><U47/><E47/><V92/><F83/><W96/><G34/><T90/><D67/><U7/><E68/><V79/><F79/><W39/><G39/><T17/><D17/><U100/><E106/><V130/><F130/><W20/><G20/><T118/><D44/><U13/><E46/><V4/><F4/><W71/><G71/><T129/><D129/><U114/><E37/><V42/><F42/><W26/><G104/><T43/><D43/><U53/><E53/><V8/><F8/><W12/><G11/><T21/><D126/><U122/><E114/><V84/><F84/><W60/><G107/><T40/><D40/><U62/><E62/><V72/><F72/><W56/><G73/><T64/><D64/><U70/><E70/><V99/><F99/><W45/><G75/><T51/><D51/><U57/><E57/><V22/><F22/><W78/><G59/><T58/><D21/><U82/><E82/><V128/><F128/><W76/><G96/><N who="0" m="59807" /><D58/><U116/><E122/><V52/><F52/><W63/><G56/><T134/><D87/><U50/><E50/><V1/><F1/><W113/><G3/><T41/><D41/><U127/><E127/><V18/><F18/><W132/><G60/><T93/><D90/><U24/><E74/><RYUUKYOKU ba="0,0" sc="255,15,206,-15,304,15,235,-15" hai0="86,89,91,93,94,97,117,118,119,134" hai2="33,35,88,92,98,133,135" /><INIT seed="2,1,0,3,3,104" ten="270,191,319,220" oya="2" hai0="58,5,44,40,68,101,14,50,112,43,19,20,85" hai1="4,1,95,2,98,59,16,47,57,88,22,123,99" hai2="61,90,91,21,84,55,78,127,125,53,103,46,13" hai3="89,86,81,17,60,23,18,67,129,62,121,73,9"/><V133/><F103/><W132/><G121/><T130/><D68/><U108/><E123/><V33/><F33/><W111/><G111/><T6/><D112/><U54/><E108/><V64/><F133/><W120/><G120/><T34/><D34/><U87/><E47/><V8/><F21/><W69/><G132/><T117/><D130/><U106/><E59/><N who="2" m="36927" /><F78/><W70/><G129/><T100/><D117/><U135/><E135/><V11/><F11/><W110/><G110/><T109/><D109/><U71/><E71/><V30/><F30/><W96/><G96/><T52/><D43/><U63/><E4/><V79/><F79/><W114/><G114/><T105/><D105/><U26/><E87/><V3/><F3/><W0/><G73/><T122/><D122/><U134/><E134/><V94/><F46/><W28/><G28/><T76/><D100/><AGARI ba="1,0" hai="1,2,16,22,26,54,57,63,88,95,98,99,100,106" machi="100" ten="40,8000,1" yaku="25,2,54,2" doraHai="104" who="1" fromWho="0" sc="270,-83,191,83,319,0,220,0" /><INIT seed="3,0,0,3,4,37" ten="187,274,319,220" oya="3" hai0="64,66,99,94,25,4,12,35,33,0,126,75,107" hai1="68,70,47,48,115,98,41,100,122,85,103,123,17" hai2="19,71,83,5,133,130,21,65,108,80,60,13,134" hai3="34,101,49,97,51,124,102,15,53,113,104,29,10"/><W43/><G113/><T72/><D107/><U111/><E115/><V131/><F108/><W38/><G124/><T81/><D0/><U8/><E111/><V6/><F83/><W22/><G34/><T28/><D35/><U78/><E100/><V1/><F80/><W120/><G120/><T42/><D126/><U52/><E78/><V57/><F71/><W77/><G77/><T95/><D12/><U32/><E32/><V74/><F74/><W23/><G101/><T76/><D4/><N who="2" m="1642" /><F1/><W56/><G38/><T59/><D75/><U39/><E85/><V24/><F13/><W44/><REACH who="3" step="1"/><G29/><REACH who="3" ten="187,274,319,210" step="2"/><T7/><D33/><U86/><E123/><V93/><F93/><W112/><G112/><T105/><D95/><U116/><E122/><V46/><F46/><W50/><G50/><T16/><D94/><U45/><E45/><V82/><F82/><W11/><G11/><T54/><D81/><U132/><E8/><V129/><AGARI ba="0,1" hai="19,21,24,57,60,65,129,130,131,133,134" m="1642" machi="129" ten="40,1500,0" yaku="19,1" doraHai="37" who="2" fromWho="2" sc="187,-4,274,-4,319,25,210,-7" /><INIT seed="4,0,0,2,2,89" ten="183,270,344,203" oya="0" hai0="73,110,54,114,69,106,48,61,93,29,108,127,27" hai1="129,35,105,98,23,115,18,30,84,85,46,82,6" hai2="74,91,17,40,123,60,9,86,45,81,135,8,51" hai3="95,5,122,77,58,49,132,34,97,25,24,99,78"/><T42/><D106/><U120/><E120/><V47/><F123/><W57/><G122/><T2/><D73/><U92/><E129/><V44/><F135/><W131/><G132/><T12/><D2/><U88/><E6/><V94/><F74/><W119/><G119/><T15/><D42/><U13/><E115/><V118/><F118/><W101/><G131/><T37/><D37/><U121/><E121/><V125/><F125/><W53/><G34/><T71/><D114/><U63/><E105/><V62/><F47/><W124/><G124/><T16/><D127/><U90/><E46/><V117/><F45/><N who="3" m="27823" /><G5/><T104/><D104/><U116/><E116/><V130/><F130/><W102/><G99/><T72/><D72/><U96/><REACH who="1" step="1"/><E63/><REACH who="1" ten="183,260,344,203" step="2"/><V80/><F62/><W41/><G41/><T109/><D61/><U87/><E87/><V83/><F117/><W113/><G113/><T56/><D12/><U68/><E68/><V22/><F60/><W126/><G126/><T134/><D134/><U11/><E11/><V59/><F59/><W7/><G7/><T39/><D39/><U64/><E64/><V38/><F38/><W52/><G57/><T100/><D71/><U50/><E50/><V20/><REACH who="2" step="1"/><F22/><REACH who="2" ten="183,260,334,203" step="2"/><W133/><G133/><T55/><D69/><U32/><E32/><V76/><F76/><W111/><G77/><T19/><D55/><U67/><E67/><V128/><F128/><W26/><G78/><T112/><D112/><U75/><E75/><V43/><F43/><W66/><G58/><T70/><D70/><U4/><E4/><V31/><F31/><RYUUKYOKU ba="0,2" sc="183,-15,260,15,334,15,203,-15" hai1="13,18,23,30,35,82,84,85,88,90,92,96,98" hai2="8,9,17,20,40,44,51,80,81,83,86,91,94" /><INIT seed="5,1,2,5,1,4" ten="168,275,349,188" oya="1" hai0="73,96,1,49,81,22,64,53,28,61,127,124,111" hai1="69,50,65,76,45,60,26,110,90,43,113,16,47" hai2="39,11,94,42,2,119,19,40,6,95,116,62,77" hai3="29,82,33,57,93,12,132,35,123,52,21,20,75"/><U79/><E113/><V105/><F105/><W115/><G123/><T38/><D1/><U18/><E110/><V10/><F62/><W48/><G115/><T74/><D38/><U134/><E134/><V7/><F19/><W78/><G132/><T122/><D111/><U89/><E18/><V54/><F54/><W80/><G80/><T117/><D117/><U129/><E129/><V30/><F30/><W92/><G21/><T51/><D51/><U121/><E121/><V56/><F56/><W109/><G109/><T120/><D96/><U99/><E47/><V88/><F77/><W103/><G103/><T125/><D81/><U85/><E99/><V55/><F55/><W87/><G29/><T70/><D73/><U3/><E3/><V68/><F2/><W14/><G14/><T36/><D74/><U86/><E86/><V34/><F39/><W13/><G13/><T101/><D36/><U126/><E126/><V128/><F34/><W118/><G118/><T72/><D72/><U67/><E67/><V100/><F100/><W25/><G92/><T66/><D101/><U41/><E41/><V59/><F59/><W112/><G112/><T71/><D22/><N who="1" m="13639" /><E90/><V0/><F88/><N who="3" m="53407" /><G25/><T135/><D28/><U32/><E32/><V37/><F0/><W91/><G91/><T5/><D135/><U24/><E24/><V106/><F37/><W84/><G75/><T23/><D23/><U130/><E130/><V17/><F106/><W133/><G133/><T104/><D104/><U114/><E114/><V44/><F128/><W9/><G20/><T131/><D125/><RYUUKYOKU ba="1,2" sc="168,-15,275,15,349,-15,188,15" hai1="43,45,50,60,65,69,76,79,85,89" hai3="9,12,33,35,48,52,57,78,82,84" /><INIT seed="5,2,2,0,3,8" ten="153,290,334,203" oya="1" hai0="38,74,50,27,82,88,31,85,104,0,70,132,77" hai1="73,135,6,67,37,15,40,93,83,49,13,87,41" hai2="32,72,134,86,112,19,30,122,117,57,97,76,106" hai3="75,12,89,17,18,28,81,102,100,64,109,35,84"/><U80/><E37/><V23/><F117/><W103/><G109/><T29/><D38/><U99/><E135/><V96/><F134/><W2/><G2/><T25/><D132/><U14/><E6/><V54/><F122/><W22/><G75/><T52/><D70/><U110/><E110/><V121/><F72/><W124/><G124/><T34/><D104/><U129/><E129/><V33/><F30/><W119/><G119/><T53/><D50/><U127/><E127/><V1/><F1/><W58/><G35/><T114/><D0/><U69/><E73/><V63/><F121/><W48/><G28/><T126/><D126/><U44/><E41/><V46/><F46/><W71/><G71/><T3/><D3/><U60/><REACH who="1" step="1"/><E87/><REACH who="1" ten="153,280,334,203" step="2"/><V95/><F86/><W21/><G64/><T68/><D114/><U107/><E107/><V111/><F112/><W51/><REACH who="3" step="1"/><G58/><REACH who="3" ten="153,280,334,193" step="2"/><T101/><D68/><U118/><E118/><V24/><F111/><W11/><G11/><T91/><D74/><U61/><E61/><V36/><F57/><W66/><G66/><T47/><D34/><U26/><E26/><AGARI ba="2,4" hai="12,17,18,21,22,26,48,51,81,84,89,100,102,103" machi="26" ten="40,8000,1" yaku="1,1,8,1,52,1,53,1" doraHai="8" doraHaiUra="10" who="3" fromWho="1" sc="153,0,280,-86,334,0,193,126" /><INIT seed="6,0,0,0,5,129" ten="153,194,334,319" oya="2" hai0="5,48,40,71,109,20,96,131,94,79,74,134,92" hai1="76,128,113,95,51,47,69,65,111,132,2,66,64" hai2="84,91,36,44,106,34,13,82,38,49,102,33,135" hai3="67,119,58,7,52,120,60,104,50,9,43,72,77"/><V8/><F135/><W126/><G119/><T16/><D109/><U41/><E2/><V63/><F63/><W3/><G120/><T24/><D131/><U105/><E128/><V115/><F115/><W22/><G104/><T75/><D71/><U123/><E105/><V10/><F10/><W27/><G126/><T118/><D118/><U68/><E76/><V121/><F121/><W30/><G43/><T93/><D134/><U1/><E1/><V61/><F61/><W45/><G77/><T35/><D5/><U116/><E116/><V88/><F91/><W99/><G99/><T14/><D96/><U21/><E123/><V59/><F59/><W89/><G89/><T28/><REACH who="0" step="1"/><D79/><REACH who="0" ten="143,194,334,319" step="2"/><U112/><E111/><V81/><F81/><W86/><G72/><T107/><D107/><U42/><E132/><V110/><F110/><W90/><G86/><T19/><D19/><U55/><E95/><V18/><F106/><W98/><G98/><T6/><D6/><U101/><E101/><V122/><F102/><W31/><G90/><T46/><AGARI ba="0,1" hai="14,16,20,24,28,35,40,46,48,74,75,92,93,94" machi="46" ten="30,4000,0" yaku="1,1,0,1,54,1,53,0" doraHai="129" doraHaiUra="114" who="0" fromWho="0" sc="143,50,194,-10,334,-20,319,-10" /><INIT seed="7,0,0,3,4,132" ten="193,184,314,309" oya="3" hai0="65,114,27,14,43,119,107,83,26,63,16,45,126" hai1="135,15,34,67,87,47,133,103,94,121,8,99,76" hai2="127,10,24,71,81,52,0,7,62,78,28,79,85" hai3="90,97,105,29,115,75,59,129,88,37,108,89,42"/><W104/><G75/><T36/><D119/><U23/><E121/><V61/><F127/><W49/><G115/><T130/><D107/><U66/><E34/><V95/><F71/><W96/><G129/><T93/><D114/><U11/><E133/><V38/><F38/><W91/><G29/><T32/><D126/><U4/><E135/><V113/><F113/><W9/><G108/><T41/><D41/><U100/><E100/><V106/><F106/><W12/><G37/><T48/><D36/><U58/><E23/><V39/><F39/><W110/><G110/><T68/><D32/><U18/><E58/><V70/><F70/><W20/><G20/><T122/><D122/><U72/><E72/><V123/><F123/><W124/><G124/><T31/><D31/><U1/><REACH who="1" step="1"/><E47/><REACH who="1" ten="193,174,314,309" step="2"/><V6/><F10/><W74/><G74/><T118/><D118/><U5/><E5/><V117/><F7/><W82/><G59/><T44/><D44/><U101/><E101/><V109/><F6/><N who="3" m="3127" /><G104/><T30/><D130/><U51/><E51/><V92/><F109/><W53/><G105/><T112/><D112/><U17/><E17/><V3/><F117/><W60/><G60/><T40/><D30/><U25/><E25/><N who="0" m="9225" /><D83/><AGARI ba="0,1" hai="1,4,8,11,15,18,66,67,76,83,87,94,99,103" machi="83" ten="40,1300,0" yaku="1,1,53,0" doraHai="132" doraHaiUra="64" who="1" fromWho="0" sc="193,-13,174,23,314,0,309,0" owari="180,-32.0,197,-20.0,314,41.0,309,11.0" /></mjloggm>