<mjloggm ver="2.3"><GO type="169" lobby="0"/><UN n0="%E8%B6%85%E7%8D%A3%EF%BC%A7%EF%BC%A9%EF%BC%A7%EF%BC%A1" n1="%E3%82%A2%E3%83%8B%E3%82%AA%E3%83%B3" n2="%E3%83%94%E3%82%B3%E3%83%9E%E3%82%B9%E3%83%86%E3%82%A3%E3%83%95" n3="%E3%83%88%E3%83%88%E3%83%AA%E5%85%88%E7%94%9F%31%39%E6%AD%B3" dan="17,16,16,19" rate="2119.66,2090.81,2143.99,2285.06" sx="M,M,M,F"/><TAIKYOKU oya="0"/><INIT seed="0,0,0,3,1,35" ten="250,250,250,250" oya="0" hai0="117,122,19,119,70,116,131,104,109,10,96,46,77" hai1="91,34,120,7,113,127,125,5,94,39,69,132,111" hai2="24,90,114,31,57,49,13,4,83,9,48,30,67" hai3="74,85,14,36,133,103,81,25,42,51,135,52,86"/><T82/><D70/><U76/><E120/><V121/><F121/><W65/><G74/><N who="0" m="43319" /><D122/><U134/><E69/><V101/><F114/><W99/><G65/><T73/><D19/><U79/><E34/><V29/><F101/><W118/><G118/><T106/><D46/><U40/><E113/><V62/><REACH who="2" step="1"/><F24/><REACH who="2" ten="250,250,240,250" step="2"/><W55/><G25/><T123/><D123/><U89/><E111/><V53/><F53/><W11/><G55/><T71/><D109/><U93/><REACH who="1" step="1"/><E40/><REACH who="1" ten="250,240,240,250" step="2"/><V95/><F95/><W43/><G42/><T63/><D117/><U115/><E115/><V27/><F27/><W97/><G43/><T72/><D119/><U41/><E41/><V47/><F47/><W64/><G81/><T0/><D116/><U61/><E61/><V12/><F12/><W124/><G14/><T58/><D63/><U45/><E45/><V15/><F15/><W68/><G51/><T44/><D44/><U128/><E128/><V100/><F100/><W26/><G103/><T59/><D131/><U33/><E33/><V129/><F129/><W21/><G26/><T17/><D106/><U54/><E54/><V16/><F16/><W87/><G52/><T1/><D104/><U108/><E108/><V98/><F98/><W18/><G97/><T92/><D96/><U84/><E84/><AGARI ba="0,2" hai="4,9,13,29,30,31,48,49,57,62,67,83,84,90" machi="84" ten="40,2600,0" yaku="1,1,8,1,53,0" doraHai="35" doraHaiUra="88" who="2" fromWho="1" sc="250,0,240,-26,240,46,250,0" /><INIT seed="1,0,0,5,1,102" ten="250,214,286,250" oya="1" hai0="81,62,26,96,31,98,35,3,131,17,105,32,110" hai1="5,28,104,85,124,46,53,7,133,95,125,72,15" hai2="20,118,73,65,106,47,23,89,69,71,126,114,38" hai3="119,116,50,25,92,121,56,57,97,103,134,115,123"/><U30/><E72/><V43/><F73/><W49/><G115/><T99/><D110/><U82/><E95/><V93/><F118/><N who="3" m="45099" /><G134/><T117/><D117/><U36/><E133/><V40/><F114/><W87/><G25/><T109/><D109/><U44/><E53/><V84/><F126/><N who="1" m="48745" /><E36/><V18/><F43/><W22/><G22/><T34/><D81/><U64/><E64/><V107/><F23/><W66/><G87/><T19/><D131/><U9/><E5/><V68/><REACH who="2" step="1"/><F65/><REACH who="2" ten="250,214,276,250" step="2"/><W10/><G66/><T45/><D34/><U122/><E122/><V78/><F78/><W77/><G77/><T88/><D35/><U21/><E21/><V86/><F86/><W42/><G42/><T48/><D32/><U128/><E128/><V58/><F58/><W90/><G56/><T127/><D127/><U112/><E112/><V83/><F83/><W41/><G41/><T14/><D45/><N who="1" m="17515" /><E82/><V91/><F91/><W74/><G90/><T100/><D88/><U70/><E70/><V80/><F80/><W0/><G74/><T4/><D4/><U61/><E85/><V13/><AGARI ba="0,1" hai="13,18,20,38,40,47,68,69,71,84,89,93,106,107" machi="13" ten="30,7900,0" yaku="1,1,0,1,52,2,53,0" doraHai="102" doraHaiUra="59" who="2" fromWho="2" sc="250,-20,214,-39,276,89,250,-20" /><INIT seed="2,0,0,0,4,20" ten="230,175,365,230" oya="2" hai0="109,9,84,80,29,19,25,94,17,44,47,87,66" hai1="31,122,76,30,129,110,77,22,90,101,106,71,43" hai2="75,34,82,119,111,26,32,105,113,67,0,78,79" hai3="74,57,104,135,103,14,83,73,85,46,2,52,118"/><V35/><F113/><W124/><G118/><T51/><D109/><U18/><E110/><V96/><F111/><W16/><G2/><T88/><D66/><U133/><E122/><V23/><F119/><W131/><G46/><T58/><D58/><U62/><E129/><V55/><F0/><W40/><G40/><T115/><D115/><U45/><E133/><V112/><F112/><W99/><G131/><T69/><D69/><U134/><E134/><V89/><F67/><W6/><G6/><T61/><D61/><U98/><E90/><V36/><F36/><W63/><G124/><T38/><D38/><U10/><E10/><V53/><F79/><W49/><G63/><T42/><D44/><U114/><E114/><V5/><F5/><W91/><REACH who="3" step="1"/><G135/><REACH who="3" ten="230,175,365,220" step="2"/><T48/><D51/><U108/><E62/><V64/><F64/><W41/><G41/><T70/><D70/><U8/><E108/><V128/><F128/><W12/><G12/><T24/><D29/><U3/><E31/><V130/><F130/><W97/><G97/><T4/><D19/><U50/><E30/><V120/><F120/><W95/><G95/><T121/><D17/><U92/><E92/><N who="2" m="56335" /><F105/><W7/><G7/><T13/><REACH who="0" step="1"/><D121/><REACH who="0" ten="220,175,365,220" step="2"/><U37/><E37/><V56/><F56/><W93/><G93/><T107/><D107/><U72/><E71/><V65/><F65/><W28/><G28/><T15/><D15/><U132/><E132/><V1/><F1/><W127/><G127/><T126/><D126/><U125/><E125/><V39/><F39/><W54/><G54/><N who="2" m="20489" /><F34/><W117/><G117/><RYUUKYOKU ba="0,2" sc="220,10,175,-30,365,10,220,10" hai0="4,9,13,24,25,42,47,48,80,84,87,88,94" hai2="23,26,32,35,75,78,82" hai3="14,16,49,52,57,73,74,83,85,91,99,103,104" /><INIT seed="2,1,2,5,3,10" ten="230,145,375,230" oya="2" hai0="112,106,18,96,43,17,130,36,78,45,39,42,58" hai1="28,84,98,82,16,119,108,52,107,26,91,117,64" hai2="41,49,47,102,0,72,60,133,67,1,77,109,21" hai3="56,124,70,134,57,35,92,30,114,66,111,95,80"/><V97/><F133/><W12/><G134/><T6/><D112/><U76/><E64/><V34/><F34/><W2/><G2/><T94/><D106/><U59/><E108/><V127/><F109/><W86/><G111/><T135/><D135/><U85/><E107/><V63/><F127/><W22/><G124/><T46/><D130/><U88/><E117/><V75/><F60/><W51/><G114/><T90/><D78/><U125/><E119/><V110/><F110/><W105/><G105/><T14/><D58/><U32/><E125/><V33/><F33/><W50/><G35/><T4/><REACH who="0" step="1"/><D18/><REACH who="0" ten="220,145,375,230" step="2"/><U27/><E16/><V40/><F77/><W126/><G57/><T19/><D19/><U13/><E28/><V8/><F75/><W131/><G30/><T115/><D115/><U37/><E32/><V116/><F72/><W123/><G56/><T87/><D87/><U103/><E85/><V62/><F116/><W3/><G131/><T15/><D15/><U25/><E13/><V53/><F0/><W24/><G3/><T120/><D120/><U104/><REACH who="1" step="1"/><E37/><REACH who="1" ten="220,135,375,230" step="2"/><V23/><F1/><W65/><G12/><T83/><D83/><U38/><E38/><V73/><F73/><W100/><G126/><T101/><D101/><U54/><E54/><V128/><F53/><W55/><G100/><T9/><AGARI ba="1,4" hai="4,6,9,14,17,36,39,42,43,45,46,90,94,96" machi="9" ten="20,12000,2" yaku="1,1,0,1,7,1,9,1,52,1,53,1" doraHai="10" doraHaiUra="5" who="0" fromWho="0" sc="220,163,135,-31,375,-61,230,-31" /><INIT seed="3,0,0,2,2,79" ten="383,104,314,199" oya="3" hai0="103,44,19,110,37,4,90,39,112,61,117,82,99" hai1="52,53,12,77,116,24,23,120,70,118,28,108,132" hai2="35,26,95,66,14,17,71,21,5,78,36,43,123" hai3="127,134,94,119,1,65,60,91,84,51,100,111,55"/><W25/><G119/><N who="1" m="45610" /><E120/><V124/><F123/><W85/><G1/><T33/><D117/><U69/><E132/><V107/><F107/><W41/><G134/><T9/><D33/><U45/><E108/><V16/><F124/><W130/><G127/><T64/><D110/><U105/><E105/><V62/><F5/><W109/><G130/><T18/><D112/><U32/><E77/><V68/><F68/><N who="1" m="26217" /><E45/><V10/><F35/><W80/><G41/><T49/><D18/><AGARI ba="0,0" hai="12,18,23,24,28,32,52,53" m="26217,45610" machi="18" ten="30,2000,0" yaku="12,1,54,1" doraHai="79" who="1" fromWho="0" sc="383,-20,104,20,314,0,199,0" /><INIT seed="4,0,0,0,3,53" ten="363,124,314,199" oya="0" hai0="106,132,2,64,59,13,134,74,30,52,70,135,102" hai1="71,109,57,14,15,79,105,45,63,96,99,47,5" hai2="128,60,8,97,115,110,93,117,38,65,7,83,118" hai3="130,86,4,126,67,66,111,49,3,28,25,84,34"/><T116/><D2/><U91/><E71/><N who="2" m="42407" /><F110/><W75/><G111/><T103/><D74/><U77/><E109/><V9/><F38/><W6/><G75/><T104/><D116/><N who="2" m="44650" /><F115/><W19/><G130/><T82/><D30/><U32/><E32/><V56/><F128/><W95/><G126/><T31/><D31/><U23/><E105/><N who="0" m="40553" /><D82/><U20/><E5/><V50/><F83/><W21/><G4/><T129/><D129/><U87/><E87/><V73/><F73/><W37/><G37/><T90/><D90/><U54/><E91/><N who="2" m="55487" /><F7/><W18/><G84/><T119/><D119/><U113/><E113/><V122/><F122/><W133/><G86/><T12/><D64/><U55/><REACH who="1" step="1"/><E63/><REACH who="1" ten="363,114,314,199" step="2"/><V89/><F89/><W94/><G34/><T41/><D70/><U0/><E0/><V131/><F131/><W24/><G3/><T88/><D88/><U39/><E39/><V33/><F33/><W17/><G6/><T69/><D69/><U48/><E48/><V27/><F27/><W68/><G49/><N who="0" m="31119" /><D41/><U107/><E107/><V81/><F81/><W35/><G68/><T42/><D42/><U114/><E114/><V40/><F40/><W124/><G25/><T101/><AGARI ba="0,1" hai="12,13,101,102,103,132,134,135" m="31119,40553" machi="101" ten="40,7800,0" yaku="20,1,52,1,54,1" doraHai="53" who="0" fromWho="0" sc="363,88,114,-26,314,-26,199,-26" /><INIT seed="4,1,0,4,4,92" ten="451,88,288,173" oya="0" hai0="109,37,118,41,9,60,61,16,25,3,6,123,107" hai1="131,52,2,76,77,18,110,0,21,126,43,56,47" hai2="82,66,74,88,26,102,29,49,99,58,44,93,86" hai3="119,27,33,73,79,85,70,133,87,135,20,1,89"/><T4/><D118/><U122/><E122/><V71/><F71/><W53/><G119/><T91/><D123/><U45/><E110/><V38/><F38/><W67/><G1/><T36/><D109/><U106/><E106/><V117/><F117/><W129/><G33/><T125/><D125/><U80/><E126/><V10/><F10/><W103/><G129/><T22/><D107/><U23/><E131/><V134/><F134/><W54/><G73/><T15/><D6/><U24/><E23/><N who="2" m="15583" /><F74/><W78/><G103/><T115/><D115/><U121/><E121/><V13/><F13/><W65/><G20/><T63/><D41/><U96/><E77/><V120/><F120/><W98/><G89/><T69/><D69/><U30/><E30/><V62/><F49/><W68/><G27/><T113/><D113/><U132/><E132/><V46/><AGARI ba="1,0" hai="44,46,58,62,66,82,86,88,93,99,102" m="15583" machi="46" ten="30,7900,0" yaku="25,1,8,1,52,1,54,1" doraHai="92" who="2" fromWho="2" sc="451,-40,88,-21,288,82,173,-21" /><INIT seed="5,0,0,3,3,130" ten="411,67,370,152" oya="1" hai0="100,91,75,103,5,87,111,10,45,29,60,65,22" hai1="78,15,61,20,37,74,72,58,115,64,31,55,53" hai2="35,17,49,42,124,6,25,84,105,81,108,59,104" hai3="80,68,121,123,33,109,36,120,43,23,30,28,2"/><U76/><E37/><V56/><F108/><W102/><G109/><T94/><D75/><U4/><E115/><V8/><F124/><W50/><G68/><T3/><D111/><U44/><E31/><V135/><F135/><W13/><G36/><T9/><D45/><U113/><E113/><V83/><F83/><W71/><G71/><T70/><D10/><U21/><E4/><V132/><F132/><W101/><G2/><T7/><D5/><U63/><E44/><N who="2" m="25751" /><F35/><W129/><G129/><T114/><D114/><U86/><E86/><V89/><F104/><W41/><G33/><T82/><D82/><U85/><E85/><V34/><F34/><W19/><G80/><T18/><D29/><U69/><E69/><V96/><F105/><W93/><G30/><T88/><D91/><U0/><E0/><V12/><F96/><W40/><G28/><T79/><D79/><U67/><REACH who="1" step="1"/><E58/><REACH who="1" ten="411,57,370,152" step="2"/><N who="2" m="22059" /><F25/><AGARI ba="0,1" hai="3,7,9,18,22,25,60,65,70,87,88,94,100,103" machi="25" ten="30,2000,0" yaku="7,1,54,1" doraHai="130" who="0" fromWho="2" sc="411,30,57,0,370,-20,152,0" /><INIT seed="6,0,0,0,3,36" ten="441,57,350,152" oya="2" hai0="44,25,26,2,18,92,49,48,23,39,128,96,132" hai1="121,127,115,75,123,116,86,118,113,85,45,91,32" hai2="17,102,73,30,9,72,58,52,38,57,122,35,99" hai3="84,3,74,81,62,109,68,83,104,129,54,101,28"/><V76/><F122/><N who="1" m="46601" /><E32/><V60/><F38/><W8/><G109/><T125/><D2/><U80/><E45/><V65/><F35/><W87/><G129/><T94/><D128/><U66/><E66/><V11/><F30/><W41/><G28/><T88/><D125/><U0/><E0/><V31/><F31/><W134/><G134/><T89/><D132/><U15/><E15/><V110/><F110/><W78/><G74/><T42/><D25/><U40/><E40/><V24/><F76/><W67/><G54/><T16/><D18/><U10/><E10/><V112/><F112/><N who="1" m="43081" /><E75/><V1/><F1/><W97/><G3/><T27/><D26/><U120/><N who="1" m="46609" /><U47/><DORA hai="46" /><E47/><V59/><F73/><W7/><G8/><N who="2" m="3145" /><F72/><W103/><G7/><T43/><REACH who="0" step="1"/><D43/><REACH who="0" ten="431,57,350,152" step="2"/><U107/><E127/><V71/><F71/><W4/><G41/><T135/><D135/><U19/><E19/><V77/><F24/><W20/><G4/><T51/><D51/><U22/><E22/><V70/><F17/><W105/><G20/><T106/><D106/><U55/><E107/><V29/><F29/><W93/><G105/><T108/><D108/><U37/><E37/><V79/><F70/><W82/><G104/><T21/><D21/><U14/><E14/><V111/><F111/><W100/><G68/><T12/><D12/><U90/><E55/><V5/><F5/><W131/><G131/><T64/><D64/><U34/><E34/><V61/><F58/><W6/><G6/><T133/><D133/><U13/><E13/><V130/><F130/><W117/><G67/><RYUUKYOKU ba="0,1" sc="431,10,57,10,350,10,152,-30" hai0="16,23,27,39,42,44,48,49,88,89,92,94,96" hai1="80,85,86,90,91,116,118" hai2="52,57,59,60,61,65,77,79,99,102" /><INIT seed="6,1,1,4,3,66" ten="441,67,360,122" oya="2" hai0="57,67,41,104,37,118,32,7,87,55,27,54,96" hai1="50,30,112,132,5,102,77,89,116,56,127,99,63" hai2="45,80,34,26,40,113,119,131,44,120,31,10,78" hai3="36,61,133,60,23,90,100,74,13,29,122,83,82"/><V130/><F119/><W15/><G122/><T125/><D7/><U73/><E116/><V48/><F120/><W14/><G36/><T17/><D118/><U18/><E5/><V12/><F113/><W3/><G3/><T105/><D55/><U126/><E112/><V95/><F95/><W59/><G133/><T0/><D0/><U107/><E30/><V72/><REACH who="2" step="1"/><F45/><REACH who="2" ten="441,67,350,122" step="2"/><W84/><G82/><T134/><D105/><U33/><E132/><V101/><F101/><W123/><G100/><T25/><D104/><U8/><E107/><V68/><F68/><W65/><G123/><T86/><D134/><U62/><E102/><V19/><AGARI ba="1,2" hai="10,12,19,26,31,34,40,44,48,72,78,80,130,131" machi="19" ten="30,3000,0" yaku="1,1,0,1,53,0" doraHai="66" doraHaiUra="93" who="2" fromWho="2" sc="441,-11,67,-11,350,53,122,-11" /><INIT seed="6,2,0,2,0,92" ten="430,56,403,111" oya="2" hai0="49,28,51,116,50,112,132,59,4,30,72,68,34" hai1="39,83,126,48,129,1,26,14,53,115,2,35,102" hai2="117,80,85,0,54,113,109,105,62,86,57,131,66" hai3="3,37,119,107,11,24,124,31,8,19,43,82,104"/><V46/><F117/><W36/><G119/><T9/><D116/><U98/><E39/><V75/><F0/><W135/><G135/><T118/><D118/><U44/><E129/><V88/><F131/><W106/><G124/><T78/><D68/><U17/><E126/><V6/><F6/><W7/><G43/><T40/><D132/><U99/><E115/><V32/><F32/><N who="3" m="20583" /><G11/><T33/><D112/><U10/><E83/><V127/><F113/><W63/><G19/><T130/><D40/><U79/><E79/><V100/><F127/><W120/><G120/><T81/><D130/><U87/><E87/><V103/><F109/><W38/><G63/><T5/><D5/><U22/><E35/><V64/><F75/><W60/><G60/><T16/><D16/><N who="1" m="12615" /><E1/><V95/><F105/><W121/><G82/><T69/><D69/><U134/><E2/><V67/><F46/><W93/><G93/><T128/><D128/><U90/><E134/><V56/><REACH who="2" step="1"/><F56/><REACH who="2" ten="430,56,393,111" step="2"/><W42/><G121/><T114/><D114/><U122/><E122/><V20/><F20/><W84/><G106/><T125/><D125/><U47/><E44/><V76/><AGARI ba="2,1" hai="54,57,62,64,66,67,76,80,85,86,88,95,100,103" machi="76" ten="30,11700,0" yaku="1,1,0,1,8,1,54,1,53,0" doraHai="92" doraHaiUra="108" who="2" fromWho="2" sc="430,-41,56,-41,393,133,111,-41" /><INIT seed="6,3,0,3,2,102" ten="389,15,526,70" oya="2" hai0="39,50,63,61,74,58,105,59,56,44,107,11,15" hai1="43,30,131,17,73,108,112,92,103,66,93,42,10" hai2="47,120,94,88,25,118,0,37,35,134,22,82,123" hai3="96,71,9,60,36,95,78,114,12,54,115,99,90"/><V128/><F118/><W91/><G36/><T126/><D74/><U49/><E108/><V132/><F0/><W111/><G111/><T6/><D39/><U104/><E73/><V98/><F35/><W81/><G71/><T76/><D76/><U20/><E66/><V68/><F68/><W122/><G122/><T52/><REACH who="0" step="1"/><D126/><REACH who="0" ten="379,15,526,70" step="2"/><U72/><E72/><V75/><F75/><W106/><G114/><T13/><D13/><U40/><E112/><V24/><F123/><W116/><G12/><T124/><D124/><U3/><E3/><V97/><F120/><W84/><G115/><T26/><D26/><U89/><E131/><V45/><F25/><W33/><G78/><T69/><D69/><U34/><E34/><V101/><F37/><W41/><G33/><T130/><D130/><U129/><E129/><V31/><F128/><W14/><G14/><T109/><D109/><U133/><E133/><V48/><F132/><W70/><G70/><T110/><D110/><U18/><E10/><V127/><F127/><W87/><G9/><T5/><D5/><U23/><E30/><V28/><F134/><W86/><G116/><T38/><D38/><U53/><E104/><AGARI ba="3,1" hai="6,11,15,44,50,52,56,58,59,61,63,104,105,107" machi="104" ten="40,16000,3" yaku="1,1,52,3,54,1,53,3" doraHai="102" doraHaiUra="55" who="0" fromWho="1" sc="379,179,15,-169,526,0,70,0" owari="558,65.0,-154,-65.0,526,33.0,70,-33.0" /></mjloggm>