<mjloggm ver="2.3"><GO type="225" lobby="0"/><UN n0="%E3%81%93%E3%81%A3%E3%81%97%E3%83%BC" n1="%E5%B0%B1%E6%B4%BB%E7%94%9F%40%E5%B7%9D%E6%9D%91%E8%BB%8D%E5%9B%A3" n2="%E3%81%86%E3%81%A9%E3%82%93%E5%B1%8B" n3="%E5%90%91%E4%BA%95%E7%90%86" dan="16,17,16,17" rate="2146.45,2176.19,2034.69,2169.07" sx="M,M,M,M"/><TAIKYOKU oya="0"/><INIT seed="0,0,0,5,4,17" ten="250,250,250,250" oya="0" hai0="56,23,76,64,70,42,100,59,27,31,122,6,126" hai1="81,67,101,58,88,132,24,15,39,119,11,18,10" hai2="73,35,93,28,0,36,40,99,66,62,4,29,129" hai3="113,52,38,107,135,2,78,105,106,75,125,98,79"/><T26/><D126/><U124/><E119/><V57/><F73/><W25/><G2/><T117/><D6/><U37/><E101/><V104/><F129/><W69/><G38/><T8/><D8/><U49/><E124/><V41/><F104/><W82/><G69/><T71/><D122/><U68/><E68/><V46/><F35/><W5/><G5/><T9/><D9/><U108/><E108/><V92/><F0/><W22/><G113/><T43/><D117/><U118/><E118/><V47/><F4/><W83/><G135/><T94/><D76/><U61/><E132/><V77/><F77/><W12/><G12/><T103/><D94/><U127/><E127/><V112/><F112/><W63/><G125/><T91/><D31/><U109/><E109/><V80/><F80/><W128/><G128/><T44/><D44/><U120/><E120/><V116/><F116/><W19/><G98/><T87/><D87/><U96/><E11/><V30/><REACH who="2" step="1"/><F99/><REACH who="2" ten="250,250,240,250" step="2"/><W95/><G95/><T65/><REACH who="0" step="1"/><D91/><REACH who="0" ten="240,250,240,250" step="2"/><U85/><E96/><V89/><F89/><W121/><G121/><T111/><D111/><U53/><E88/><V13/><F13/><W134/><G134/><T33/><D33/><U90/><E90/><V50/><AGARI ba="0,2" hai="28,29,30,36,40,41,46,47,50,57,62,66,92,93" machi="50" ten="30,2000,0" yaku="1,1,0,1,53,0" doraHai="17" doraHaiUra="74" who="2" fromWho="2" sc="240,-10,250,-5,240,40,250,-5" /><INIT seed="1,0,0,1,2,8" ten="230,245,280,245" oya="1" hai0="66,104,72,132,134,43,120,96,26,89,14,11,92" hai1="34,65,0,44,76,124,7,133,109,53,128,37,113" hai2="31,36,18,78,117,12,71,35,32,79,83,110,28" hai3="20,106,50,123,69,15,27,60,129,45,25,90,47"/><U22/><E34/><V118/><F36/><W1/><G1/><T54/><D72/><U56/><E7/><V13/><F71/><W135/><G123/><T94/><D66/><U24/><E76/><V61/><F61/><W81/><G106/><T63/><D43/><N who="1" m="22639" /><E0/><V74/><F18/><W112/><G112/><T121/><D26/><U2/><E2/><V122/><F122/><N who="0" m="47210" /><D94/><U41/><E22/><V9/><F9/><W62/><G20/><T101/><D54/><U102/><E102/><V127/><F83/><W87/><G90/><T51/><D51/><N who="1" m="30783" /><E24/><V21/><F21/><W38/><G25/><T98/><D63/><N who="3" m="24105" /><G27/><T75/><D75/><U52/><E65/><V99/><F99/><W23/><G81/><T39/><D39/><U59/><E113/><V55/><F74/><W95/><G95/><T40/><D40/><U49/><E128/><V29/><F29/><W103/><G129/><T70/><D70/><U33/><E33/><V97/><F97/><W105/><G105/><T80/><D80/><U125/><E133/><V88/><F55/><W4/><G135/><T131/><D131/><U115/><E115/><V86/><F86/><W67/><G87/><T10/><D10/><U58/><E41/><V82/><F82/><W130/><G130/><T48/><D48/><N who="1" m="30983" /><E109/><V42/><F42/><N who="3" m="22743" /><G103/><T64/><D64/><U57/><E49/><V16/><F110/><W73/><G73/><T84/><D84/><U85/><E85/><V3/><F32/><W126/><G67/><T93/><D104/><U116/><E116/><V6/><F118/><W46/><G50/><RYUUKYOKU ba="0,0" sc="230,15,245,15,280,-15,245,-15" hai0="11,14,89,92,93,96,98,101,132,134" hai1="57,59,124,125" /><INIT seed="1,1,0,0,0,32" ten="245,260,265,230" oya="1" hai0="81,105,49,90,38,41,29,2,83,117,57,113,85" hai1="65,104,58,39,13,45,23,86,101,77,44,0,56" hai2="21,108,118,73,34,31,130,110,71,4,10,87,64" hai3="120,75,94,99,112,19,126,129,35,17,20,91,59"/><U55/><E0/><N who="2" m="263" /><F87/><W52/><G35/><T80/><D2/><U6/><E104/><V37/><F21/><W63/><G120/><T88/><D38/><U89/><E39/><V66/><F118/><W70/><G112/><T3/><D3/><U134/><E134/><V92/><F92/><W24/><G126/><T109/><D105/><U26/><E101/><V98/><F98/><W72/><G129/><T53/><D41/><U84/><E77/><V69/><F73/><W42/><G70/><N who="2" m="26633" /><F37/><W12/><REACH who="3" step="1"/><G42/><REACH who="3" ten="245,260,265,220" step="2"/><T51/><D113/><U122/><E122/><V131/><F131/><W123/><G123/><T97/><D117/><U127/><E127/><V9/><F130/><W119/><G119/><T96/><D109/><U133/><E133/><V114/><F114/><W16/><G16/><T128/><D128/><U1/><E65/><V62/><F66/><W115/><G115/><T8/><D29/><U68/><E68/><V47/><F31/><W82/><G82/><T48/><D83/><U15/><E55/><V11/><F34/><W25/><G25/><T102/><D81/><U30/><E30/><V116/><F116/><W103/><G103/><T60/><D102/><U93/><E26/><V132/><F132/><W33/><G33/><T50/><D90/><U54/><E54/><V27/><F27/><W106/><G106/><T36/><D80/><U100/><E100/><V7/><F110/><W76/><G76/><T95/><D53/><U125/><E125/><V121/><F108/><W43/><G43/><T14/><N who="0" m="12800" /><DORA hai="22" /><T5/><D5/><U61/><E89/><RYUUKYOKU ba="1,1" sc="245,-10,260,-10,265,-10,220,30" hai3="12,17,19,20,24,52,59,63,72,75,91,94,99" /><INIT seed="2,2,1,5,2,6" ten="235,250,255,250" oya="2" hai0="17,51,68,128,10,74,37,36,129,117,78,21,9" hai1="112,127,27,75,100,33,73,23,13,81,39,64,59" hai2="124,5,133,118,60,30,86,55,43,92,123,15,35" hai3="115,34,0,102,95,46,66,44,67,3,110,62,22"/><V130/><F118/><W116/><G34/><T61/><D117/><U12/><E112/><V89/><F123/><W90/><G116/><T76/><D51/><U31/><E39/><N who="0" m="14921" /><D61/><U131/><E127/><V18/><F43/><W72/><G72/><T105/><D105/><U32/><E131/><N who="0" m="50249" /><D68/><U53/><E64/><V50/><F124/><W91/><G115/><T47/><D47/><U83/><E100/><V58/><F130/><W134/><G62/><T28/><D28/><U4/><E75/><V82/><F133/><W87/><G102/><T121/><D121/><U113/><E113/><V104/><F104/><W106/><G106/><T7/><D7/><U1/><E73/><V135/><F5/><W69/><G69/><T65/><D65/><U29/><E29/><V40/><F135/><W48/><G134/><T96/><D96/><U114/><E114/><V2/><F40/><W54/><G48/><T125/><D125/><U79/><E33/><V20/><F60/><W26/><G46/><T94/><D94/><U119/><E119/><V88/><F30/><W103/><G95/><T122/><D122/><U49/><E32/><V85/><F35/><W120/><G120/><T8/><D74/><U42/><E42/><V45/><F45/><W24/><G44/><T99/><D99/><U52/><E53/><V98/><F98/><W63/><G54/><T126/><D126/><U132/><E132/><V16/><F18/><W80/><G67/><T93/><D93/><U108/><E59/><V11/><F92/><W57/><G66/><T77/><D21/><U14/><E23/><RYUUKYOKU ba="2,1" sc="235,30,250,-10,255,-10,250,-10" hai0="8,9,10,17,76,77,78" /><INIT seed="3,3,1,4,4,101" ten="265,240,245,240" oya="3" hai0="103,131,98,121,81,71,39,122,126,0,128,3,20" hai1="63,90,26,84,85,82,69,124,38,95,80,127,76" hai2="132,133,42,27,48,35,116,110,47,34,83,112,115" hai3="29,119,31,5,54,50,93,96,108,94,25,77,125"/><W135/><G119/><T99/><D39/><U7/><E38/><V134/><F116/><W32/><G125/><N who="1" m="48202" /><E7/><V15/><F110/><W16/><G108/><T75/><D71/><U97/><E26/><V52/><F15/><W123/><G123/><T61/><D61/><U65/><E82/><V114/><F83/><W11/><G135/><T129/><D126/><U118/><E118/><V57/><REACH who="2" step="1"/><F27/><REACH who="2" ten="265,240,235,240" step="2"/><W28/><G32/><T58/><D122/><U49/><E49/><AGARI ba="3,2" hai="34,35,42,47,48,49,52,57,112,114,115,132,133,134" machi="49" ten="50,8000,1" yaku="1,1,2,1,20,1,54,1,53,0" doraHai="101" doraHaiUra="70" who="2" fromWho="1" sc="265,0,240,-89,235,109,240,0" owari="265,7.0,151,-35.0,344,44.0,240,-16.0" /></mjloggm>