<mjloggm ver="2.3"><GO type="169" lobby="0"/><UN n0="%E3%82%A6%E3%83%AB%E3%83%88%E3%83%A9%E7%AB%8B%E7%9B%B4" n1="%6F%6E%65%73%74%61%72" n2="%E3%81%84%E3%81%97%E3%82%82%E3%82%8A" n3="%E3%81%BE%E3%82%8B%E3%81%9F%E3%82%8D%E3%81%86" dan="18,17,16,16" rate="2192.86,2227.41,2035.20,2077.51" sx="M,M,M,F"/><TAIKYOKU oya="0"/><INIT seed="0,0,0,4,1,1" ten="250,250,250,250" oya="0" hai0="62,71,131,128,123,33,109,113,4,90,60,116,120" hai1="61,129,56,68,8,36,126,38,82,2,29,70,93" hai2="46,97,22,125,69,9,89,111,17,98,122,47,53" hai3="75,54,84,95,64,87,99,79,10,57,32,35,88"/><T66/><D33/><U103/><E126/><V16/><F122/><W94/><G64/><N who="0" m="41351" /><D90/><U55/><E129/><N who="0" m="49737" /><D4/><U37/><E29/><V119/><F69/><W51/><G75/><T107/><D107/><U39/><N who="1" m="9216" /><DORA hai="76" /><U50/><E61/><V74/><F111/><W67/><G35/><T45/><D109/><U13/><E2/><V31/><F125/><W127/><G32/><T20/><D20/><U77/><E93/><V83/><F119/><W25/><G127/><T118/><D45/><U0/><E0/><V110/><F110/><W40/><G25/><T63/><D63/><U19/><REACH who="1" step="1"/><E103/><REACH who="1" ten="250,240,250,250" step="2"/><V58/><F31/><W133/><G94/><T112/><D118/><U11/><E11/><V49/><F9/><W23/><G10/><T21/><D116/><U73/><AGARI ba="0,1" hai="8,13,19,50,55,56,68,70,73,77,82" m="9216" machi="73" ten="60,7900,0" yaku="1,1,0,1,52,1,53,0" doraHai="1,76" doraHaiUra="114,124" who="1" fromWho="1" sc="250,-39,240,89,250,-20,250,-20" /><INIT seed="1,0,0,5,5,70" ten="211,329,230,230" oya="1" hai0="122,32,67,75,118,41,3,76,39,85,82,78,84" hai1="12,129,43,83,55,94,74,20,92,103,89,65,113" hai2="15,23,33,121,126,10,44,34,46,28,108,93,73" hai3="123,87,96,102,134,98,105,5,66,104,25,90,0"/><U48/><E113/><V130/><F121/><W26/><G123/><T9/><D32/><U95/><E129/><V97/><F108/><W60/><G134/><T132/><D122/><U133/><E133/><V51/><F73/><W107/><G0/><T40/><D40/><U101/><E43/><V131/><F126/><W110/><G5/><T4/><D118/><U27/><E65/><V54/><F44/><W17/><G110/><T115/><D115/><U38/><E38/><V100/><F23/><W18/><G26/><T106/><D106/><U109/><E12/><V37/><F28/><W120/><G120/><T6/><D132/><U2/><E2/><V35/><REACH who="2" step="1"/><F37/><REACH who="2" ten="211,329,220,230" step="2"/><W59/><G25/><T7/><D75/><U24/><E74/><V52/><F52/><W99/><REACH who="3" step="1"/><G102/><REACH who="3" ten="211,329,220,220" step="2"/><T80/><D67/><U135/><E101/><V53/><F53/><W81/><AGARI ba="0,2" hai="17,18,59,60,66,81,87,90,96,98,99,104,105,107" machi="81" ten="40,8000,1" yaku="1,1,2,1,0,1,53,1" doraHai="70" doraHaiUra="77" who="3" fromWho="3" sc="211,-20,329,-40,220,-20,220,100" /><INIT seed="2,0,0,2,3,62" ten="191,289,200,320" oya="2" hai0="25,12,65,108,0,17,38,105,98,11,80,73,130" hai1="112,123,127,27,135,19,29,61,36,83,101,9,91" hai2="131,103,104,18,129,71,10,55,99,23,68,13,115" hai3="77,78,87,33,30,58,95,21,92,85,90,22,46"/><V45/><F115/><W121/><G121/><T94/><D105/><U120/><E36/><V116/><F116/><W134/><G134/><T1/><D38/><U37/><E37/><V47/><F10/><W40/><G33/><T64/><D108/><U66/><E112/><V100/><F100/><W76/><G58/><T34/><D130/><N who="2" m="49674" /><F55/><W124/><G124/><T114/><D114/><U53/><E53/><V72/><F72/><W2/><G2/><T132/><D132/><U81/><E101/><V20/><F20/><W51/><G30/><T42/><D42/><U70/><E127/><V125/><F125/><W111/><G111/><T16/><D0/><U110/><E110/><V48/><F48/><W89/><AGARI ba="0,0" hai="21,22,40,46,51,76,77,78,85,87,89,90,92,95" machi="89" ten="30,4000,0" yaku="0,1,9,1,8,1" doraHai="62" who="3" fromWho="3" sc="191,-10,289,-10,200,-20,320,40" /><INIT seed="3,0,0,5,4,85" ten="181,279,180,360" oya="3" hai0="67,90,118,116,15,93,20,88,28,65,130,9,102" hai1="79,5,19,74,133,36,125,132,11,106,101,27,77" hai2="26,6,82,129,57,81,44,100,64,45,25,50,46" hai3="123,49,121,52,34,95,60,40,114,92,63,131,75"/><W18/><G114/><T78/><D118/><U115/><E36/><V76/><F129/><W135/><G131/><T117/><D130/><U24/><E125/><V51/><F6/><W35/><G40/><T108/><D117/><U17/><E115/><V84/><F100/><W41/><G41/><T3/><D3/><N who="1" m="447" /><E106/><V127/><F127/><W2/><G2/><T110/><D78/><N who="1" m="29707" /><E101/><V59/><F82/><W105/><G105/><T42/><D42/><U30/><E74/><V22/><F26/><N who="1" m="9769" /><E30/><V134/><F134/><AGARI ba="0,0" hai="17,19,132,133,134" m="9769,29707,447" machi="134" ten="30,1000,0" yaku="20,1" doraHai="85" who="1" fromWho="2" sc="181,0,279,10,180,-10,360,0" /><INIT seed="4,0,0,3,1,18" ten="181,289,170,360" oya="0" hai0="77,129,26,107,22,38,130,20,3,106,67,59,98" hai1="27,39,134,89,42,0,108,5,60,1,7,17,65" hai2="102,96,74,133,10,95,123,13,97,119,87,94,92" hai3="16,86,135,24,64,54,57,100,19,115,72,56,78"/><T9/><D38/><U83/><E108/><V114/><F114/><W112/><G72/><T81/><D98/><U88/><E134/><V116/><F123/><W33/><G100/><T35/><D35/><U68/><E7/><V132/><F74/><W120/><G135/><N who="2" m="51785" /><F10/><W110/><G110/><T118/><D118/><N who="2" m="45098" /><F13/><W62/><G120/><T99/><D99/><N who="2" m="37962" /><F102/><W37/><G37/><T12/><D3/><U4/><E4/><V48/><F48/><W30/><G112/><T53/><D26/><U55/><E5/><V50/><F50/><W103/><G115/><T69/><D9/><U52/><E1/><V126/><F126/><W127/><G103/><T113/><D12/><U49/><E0/><V128/><F128/><N who="0" m="49258" /><D113/><U70/><E70/><V2/><F2/><W25/><G127/><T21/><D69/><U15/><E27/><V41/><F41/><W47/><G25/><T8/><D8/><U66/><E49/><V73/><F73/><W125/><G125/><T14/><D14/><U101/><E101/><V75/><F75/><W76/><G33/><T36/><D36/><U28/><E42/><V117/><N who="2" m="45106" /><V29/><DORA hai="124" /><F29/><W122/><G30/><T31/><D31/><U104/><E28/><V61/><F61/><W45/><G19/><T32/><D32/><U11/><E39/><V44/><F44/><W91/><G24/><T84/><D67/><U6/><E66/><V109/><F109/><W131/><G16/><T63/><AGARI ba="0,0" hai="20,21,22,53,59,63,77,81,84,106,107" m="49258" machi="63" ten="30,18000,2" yaku="19,1,52,6" doraHai="18,124" who="0" fromWho="0" sc="181,180,289,-60,170,-60,360,-60" /><INIT seed="4,1,0,4,0,43" ten="361,229,110,300" oya="0" hai0="71,33,69,90,14,34,72,48,118,59,57,86,65" hai1="115,126,52,5,2,49,38,124,17,134,77,114,91" hai2="123,108,62,70,24,12,89,78,135,11,21,28,103" hai3="10,30,51,40,45,41,44,29,39,101,46,120,75"/><T60/><D72/><U119/><E134/><V127/><F108/><W19/><G75/><T82/><D118/><U35/><E38/><V47/><F123/><W16/><G120/><T15/><D69/><U32/><E77/><V1/><F135/><W116/><G116/><T92/><D34/><N who="1" m="12843" /><E91/><V97/><F127/><N who="1" m="48681" /><E119/><V64/><F1/><W88/><G101/><T99/><D33/><U113/><E17/><N who="3" m="6730" /><G39/><T107/><D107/><U87/><E87/><V132/><F132/><W9/><G88/><T31/><D71/><U26/><E26/><V27/><F27/><W56/><G56/><T53/><D31/><N who="3" m="11785" /><G51/><T110/><D110/><U50/><E52/><V84/><F78/><AGARI ba="1,0" hai="14,15,48,53,57,59,60,65,78,82,86,90,92,99" machi="78" ten="30,2900,0" yaku="7,1,8,1" doraHai="43" who="0" fromWho="2" sc="361,32,229,0,110,-32,300,0" /><INIT seed="4,2,0,0,1,116" ten="393,229,78,300" oya="0" hai0="82,75,103,135,99,21,117,62,13,80,77,11,87" hai1="113,3,110,16,25,118,47,26,76,6,67,40,84" hai2="114,48,121,131,98,108,30,90,2,132,23,66,130" hai3="51,60,22,129,54,19,88,89,32,102,93,37,0"/><T24/><D135/><U128/><E110/><V15/><F2/><W79/><G32/><T125/><D125/><U81/><E128/><N who="2" m="49195" /><F108/><W46/><G0/><T112/><D112/><U124/><E124/><V104/><F114/><W101/><G129/><T20/><D62/><U52/><E113/><V68/><F132/><W120/><G37/><T33/><D33/><U105/><E105/><V92/><F104/><W91/><G79/><T10/><D10/><U36/><E67/><V123/><F48/><W65/><G93/><T126/><D24/><U50/><E118/><V85/><F68/><W57/><REACH who="3" step="1"/><G120/><REACH who="3" ten="393,229,78,290" step="2"/><N who="2" m="46153" /><F66/><W45/><G45/><T27/><D126/><U42/><E36/><V7/><F30/><W134/><G134/><T133/><D133/><U8/><REACH who="1" step="1"/><E26/><AGARI ba="2,1" hai="19,22,26,46,51,54,57,60,65,88,89,91,101,102" machi="26" ten="40,5200,0" yaku="1,1,8,1,54,1,53,0" doraHai="116" doraHaiUra="95" who="3" fromWho="1" sc="393,0,229,-58,78,0,290,68" /><INIT seed="5,0,0,0,0,41" ten="393,171,78,358" oya="1" hai0="44,12,86,75,27,74,39,105,93,70,90,48,67" hai1="80,0,51,36,37,34,63,110,104,40,33,46,128" hai2="2,7,61,20,11,95,78,15,4,30,94,42,135" hai3="120,84,122,35,88,59,111,82,9,22,106,116,89"/><U5/><E128/><V102/><F135/><W124/><G35/><T69/><D105/><U123/><E123/><V65/><F78/><W98/><G111/><T79/><D39/><U109/><E104/><V112/><F112/><W16/><G124/><T114/><D114/><U8/><E80/><V92/><F4/><W13/><G116/><T101/><D101/><U132/><E132/><V125/><F125/><W72/><G72/><T10/><D27/><U130/><E130/><V53/><F53/><W100/><G59/><T47/><D70/><U3/><E3/><V118/><F118/><W73/><G73/><T32/><D32/><N who="1" m="12395" /><E63/><V76/><F76/><W129/><G129/><T96/><D69/><U108/><AGARI ba="0,0" hai="0,5,8,36,37,40,46,51,108,109,110" m="12395" machi="108" ten="40,3900,0" yaku="10,1,52,1" doraHai="41" who="1" fromWho="1" sc="393,-13,171,39,78,-13,358,-13" /><INIT seed="5,1,0,4,5,56" ten="380,210,65,345" oya="1" hai0="125,64,108,123,115,55,45,47,60,134,84,67,73" hai1="89,79,92,85,50,46,54,127,3,105,90,58,100" hai2="30,81,61,42,32,33,6,116,103,97,98,14,21" hai3="69,111,131,29,94,114,57,1,70,37,96,38,132"/><U68/><E127/><V78/><F116/><W124/><G1/><T15/><D73/><U74/><E68/><V48/><F30/><W28/><G111/><T71/><D108/><U35/><E3/><V128/><F128/><W76/><G131/><T118/><D118/><U23/><E35/><V9/><F21/><W41/><G76/><T19/><D134/><U34/><E34/><V49/><F49/><W17/><G132/><T95/><D115/><U126/><E126/><V27/><F27/><W104/><G104/><T87/><D67/><U26/><E105/><V25/><F25/><W0/><G0/><T10/><D123/><U75/><E100/><V7/><F7/><W82/><G82/><T109/><D109/><U31/><E79/><V93/><F97/><W2/><G2/><T135/><D135/><U11/><E11/><V18/><F18/><W86/><G86/><T22/><D125/><U44/><E44/><V20/><F20/><W80/><G96/><T88/><D87/><U133/><E133/><V39/><F39/><W112/><G17/><T117/><D117/><U107/><E107/><V122/><F122/><W13/><G124/><T99/><D99/><U91/><E75/><V77/><F77/><W8/><G8/><T66/><D66/><U72/><E72/><V101/><F101/><W53/><G37/><T4/><D55/><N who="1" m="30167" /><E74/><V52/><F78/><W130/><G112/><T102/><D102/><U16/><E31/><V51/><F81/><W83/><G38/><T63/><D10/><U129/><E129/><V113/><F113/><W120/><G114/><RYUUKYOKU ba="1,0" sc="380,-10,210,30,65,-10,345,-10" hai1="16,23,26,54,58,85,89,90,91,92" /><INIT seed="5,2,0,0,5,88" ten="370,240,55,335" oya="1" hai0="28,9,112,123,34,45,16,121,47,57,122,102,117" hai1="103,29,78,7,79,37,70,30,125,27,15,106,74" hai2="129,91,21,22,97,23,19,43,89,80,133,31,62" hai3="5,99,84,115,13,132,118,85,38,72,53,90,73"/><U36/><E70/><V1/><F1/><W68/><G115/><T61/><D117/><U109/><E125/><V60/><F133/><W100/><G132/><T46/><D112/><U63/><E30/><V83/><F129/><W124/><G68/><T3/><D102/><U101/><E63/><N who="2" m="24107" /><F43/><W11/><G124/><T108/><D108/><U48/><E48/><V58/><F31/><W93/><G38/><T131/><D131/><U17/><E7/><V26/><F58/><W126/><G126/><T51/><D28/><U4/><E4/><V67/><F67/><W33/><G33/><T114/><D34/><U92/><E106/><V64/><F64/><W6/><G118/><T55/><D114/><U0/><E0/><V105/><F105/><W77/><G6/><N who="0" m="1247" /><D16/><U130/><E37/><V128/><F128/><W10/><G10/><T116/><D116/><U111/><E74/><V39/><F39/><W40/><G40/><AGARI ba="2,0" hai="40,45,46,47,51,55,57,61,121,122,123" m="1247" machi="40" ten="30,1000,0" yaku="13,1" doraHai="88" who="0" fromWho="3" sc="370,16,240,0,55,0,335,-16" /><INIT seed="6,0,0,5,3,48" ten="386,240,55,319" oya="2" hai0="24,37,38,74,84,11,83,33,94,57,100,58,40" hai1="134,69,115,90,130,71,113,110,132,104,82,70,32" hai2="6,119,112,56,50,36,129,76,5,109,93,114,23" hai3="34,51,44,91,125,43,16,68,29,1,86,13,85"/><V72/><F36/><W9/><G68/><T124/><D24/><U73/><E110/><V89/><F119/><W126/><G1/><T2/><D84/><N who="1" m="50455" /><E130/><V103/><F103/><W21/><G34/><T8/><D94/><U47/><E32/><V123/><F123/><W54/><G43/><T67/><D67/><U55/><E104/><V80/><F129/><W25/><REACH who="3" step="1"/><G86/><REACH who="3" ten="386,240,55,309" step="2"/><T59/><D40/><U0/><E73/><V46/><F109/><W105/><G105/><T20/><D74/><U14/><E0/><V27/><F56/><W26/><G26/><T116/><D58/><U128/><E128/><V107/><F107/><W78/><G78/><T92/><D2/><U75/><E75/><V66/><F66/><W88/><G88/><T87/><D33/><U18/><E71/><V28/><F112/><N who="1" m="43081" /><E70/><V61/><F114/><W17/><G17/><T111/><D111/><U52/><E69/><V135/><F135/><N who="1" m="51753" /><E47/><V63/><F5/><W62/><G62/><T106/><D106/><U127/><E127/><V30/><F6/><W22/><G22/><AGARI ba="0,1" hai="14,18,22,52,55" m="51753,43081,50455" machi="22" ten="30,8000,1" yaku="15,1,20,1,52,2,54,1" doraHai="48" who="1" fromWho="3" sc="386,0,240,90,55,0,309,-80" /><INIT seed="7,0,0,4,5,131" ten="386,330,55,229" oya="3" hai0="25,133,88,14,1,0,118,82,81,112,84,75,121" hai1="94,126,129,77,22,48,85,71,73,99,119,27,103" hai2="111,64,128,74,124,96,120,58,44,56,127,110,38" hai3="59,49,7,31,6,18,45,134,28,20,21,104,70"/><W65/><G104/><T55/><D118/><U98/><E71/><V8/><F74/><W122/><G70/><T24/><D121/><U12/><E119/><V52/><F8/><W76/><G122/><T51/><D133/><U79/><E73/><V114/><F96/><W72/><G134/><T50/><D75/><U115/><E129/><V26/><F26/><W29/><G72/><T101/><D55/><U40/><E126/><V4/><F4/><W117/><G76/><T87/><D88/><N who="1" m="53519" /><E12/><V108/><F120/><W10/><G117/><T93/><D14/><U17/><E115/><V63/><F128/><W106/><G106/><T36/><D93/><N who="1" m="58831" /><E99/><V89/><F89/><W135/><G135/><T100/><D36/><U54/><E40/><V125/><F114/><AGARI ba="0,0" hai="0,1,24,25,50,51,81,82,84,87,100,101,112,114" machi="114" ten="25,1600,0" yaku="22,2" doraHai="131" who="0" fromWho="2" sc="386,16,330,0,55,-16,229,0" owari="402,50.0,330,13.0,39,-46.0,229,-17.0" /></mjloggm>