<mjloggm ver="2.3"><GO type="169" lobby="0"/><UN n0="%E3%82%A6%E3%83%AB%E3%83%88%E3%83%A9%E7%AB%8B%E7%9B%B4" n1="%E3%82%AB%E3%83%9C%E3%83%81%E3%83%A3%E3%82%BF%E3%83%8D" n2="%7A%61%6B%75%72%6F%72%6F" n3="%6E%61%6B%61%6A%75%75%6E" dan="17,17,16,16" rate="2188.89,2155.49,2088.30,2181.83" sx="M,M,M,M"/><TAIKYOKU oya="0"/><INIT seed="0,0,0,5,0,2" ten="250,250,250,250" oya="0" hai0="15,132,47,44,94,17,53,14,38,48,99,13,33" hai1="101,5,54,116,77,126,12,133,16,61,1,97,65" hai2="98,83,57,108,42,31,100,112,103,3,58,28,105" hai3="82,87,18,64,125,104,72,69,89,114,7,78,27"/><T76/><D33/><U96/><E116/><V49/><F112/><W121/><G114/><T24/><D132/><U115/><E115/><V86/><F108/><W51/><G125/><T122/><D122/><U111/><E111/><V60/><F3/><W25/><G121/><T79/><D38/><U127/><E133/><V59/><F60/><W81/><G104/><T36/><D36/><U120/><E77/><V95/><F103/><W90/><G69/><T109/><D47/><U84/><E84/><V62/><F62/><W113/><G64/><T88/><REACH who="0" step="1"/><D109/><REACH who="0" ten="240,250,250,250" step="2"/><U19/><E120/><V20/><F105/><W75/><G113/><T11/><D11/><N who="1" m="4207" /><E126/><V119/><F119/><W0/><G75/><T55/><D55/><U32/><E32/><V93/><F20/><AGARI ba="0,1" hai="13,14,15,17,20,24,44,48,53,76,79,88,94,99" machi="20" ten="40,7700,0" yaku="1,1,8,1,54,1,53,0" doraHai="2" doraHaiUra="102" who="0" fromWho="2" sc="240,87,250,0,250,-77,250,0" /><INIT seed="0,1,0,3,2,71" ten="327,250,173,250" oya="0" hai0="25,23,115,47,61,39,133,124,34,44,37,94,76" hai1="43,13,122,70,59,84,130,46,19,24,32,113,110" hai2="109,89,17,30,135,56,77,14,82,9,132,0,74" hai3="31,78,97,63,6,118,41,51,5,121,1,79,80"/><T102/><D115/><U57/><E70/><V107/><F107/><W36/><G118/><T55/><D34/><U62/><E122/><V73/><F0/><W85/><G121/><T101/><D76/><U111/><E113/><V20/><F56/><W120/><G120/><T10/><D10/><U114/><E114/><V65/><F65/><W22/><G79/><T83/><D83/><U2/><E2/><V112/><F112/><W3/><G3/><T53/><D124/><U100/><E130/><V33/><F33/><W87/><G1/><T127/><D127/><U68/><E100/><N who="0" m="38505" /><D94/><U29/><E84/><V93/><F74/><W134/><G97/><T104/><D23/><U49/><E68/><V128/><F128/><W123/><G123/><T12/><D12/><U7/><E7/><V91/><F9/><W98/><G98/><T66/><D25/><U16/><E59/><V106/><F106/><W108/><G80/><T45/><D104/><U50/><E50/><V60/><F93/><W125/><G22/><T81/><D81/><U18/><REACH who="1" step="1"/><E13/><REACH who="1" ten="327,240,173,250" step="2"/><V86/><F14/><W129/><G51/><T8/><D61/><U52/><AGARI ba="1,1" hai="16,18,19,24,29,32,43,46,49,52,57,62,110,111" machi="52" ten="30,8000,1" yaku="1,1,2,1,0,1,54,2,53,0" doraHai="71" doraHaiUra="116" who="1" fromWho="1" sc="327,-41,240,93,173,-21,250,-21" /><INIT seed="1,0,0,4,4,121" ten="286,333,152,229" oya="1" hai0="92,69,2,16,36,60,59,80,101,76,116,134,67" hai1="48,38,87,11,129,8,127,70,5,77,75,66,33" hai2="27,113,40,44,109,18,62,110,94,104,123,125,52" hai3="23,103,10,1,17,90,20,130,41,78,46,74,6"/><U86/><E33/><V29/><F104/><W93/><G130/><T95/><D2/><U114/><E114/><V88/><F123/><W122/><G103/><T12/><D116/><U9/><E129/><V19/><F113/><W85/><G122/><T34/><D134/><U4/><E127/><V30/><F125/><W97/><G97/><T98/><D36/><U51/><E38/><V55/><F62/><W102/><G102/><T119/><D34/><U57/><E70/><V128/><F128/><W68/><G68/><T54/><D119/><U79/><E75/><V63/><F63/><W91/><G91/><T96/><D69/><U58/><E9/><V106/><F106/><W14/><G74/><T131/><D131/><U82/><REACH who="1" step="1"/><E82/><REACH who="1" ten="286,323,152,229" step="2"/><V126/><F126/><W135/><G135/><T39/><D39/><U99/><E99/><N who="2" m="57799" /><F40/><W56/><G41/><T53/><D96/><U118/><E118/><V49/><F55/><W32/><G32/><T21/><D95/><U7/><E7/><V26/><F30/><W108/><G6/><T24/><D80/><U73/><E73/><V13/><F29/><W25/><G93/><T107/><D107/><U65/><AGARI ba="0,1" hai="4,5,8,11,48,51,57,58,65,66,77,79,86,87" machi="65" ten="25,12000,1" yaku="1,1,0,1,22,2,8,1,53,0" doraHai="121" doraHaiUra="133" who="1" fromWho="1" sc="286,-40,323,130,152,-40,229,-40" /><INIT seed="1,1,0,3,2,117" ten="246,453,112,189" oya="1" hai0="55,60,42,93,106,1,69,45,68,110,14,21,26" hai1="125,83,8,89,81,19,59,40,35,38,30,63,86" hai2="112,123,105,119,124,77,96,94,48,34,17,31,104" hai3="133,79,51,91,128,62,70,114,98,44,25,130,64"/><U76/><E125/><V126/><F119/><W23/><G114/><T134/><D1/><U0/><E35/><V85/><F112/><W43/><G79/><T95/><D106/><U97/><E30/><V10/><F48/><W99/><G133/><T103/><D110/><U108/><E108/><V111/><F111/><W82/><G82/><T39/><D134/><U90/><E97/><V113/><F113/><W13/><G13/><T107/><D14/><U15/><E0/><V72/><F31/><W61/><G61/><T47/><D107/><N who="2" m="41034" /><F17/><W11/><G11/><T12/><D12/><U16/><E38/><V52/><F52/><W102/><G91/><N who="1" m="34826" /><E83/><N who="2" m="45479" /><F10/><W49/><G102/><T22/><D103/><U75/><E75/><V56/><F34/><W58/><G70/><T36/><D69/><U2/><E2/><V66/><F56/><W18/><REACH who="3" step="1"/><G51/><REACH who="3" ten="246,453,112,179" step="2"/><T50/><D50/><U135/><E135/><V120/><F85/><W80/><G80/><T29/><D68/><U127/><E127/><N who="2" m="48683" /><F66/><W46/><G46/><T74/><D47/><U24/><E40/><V122/><F96/><AGARI ba="1,1" hai="18,23,25,43,44,49,58,62,64,96,98,99,128,130" machi="96" ten="40,1300,0" yaku="1,1,53,0" doraHai="117" doraHaiUra="109" who="3" fromWho="2" sc="246,0,453,0,112,-16,179,26" /><INIT seed="2,0,0,5,5,65" ten="246,453,96,205" oya="2" hai0="69,42,86,25,75,5,31,32,122,3,125,46,47" hai1="4,59,91,8,84,15,112,97,78,18,13,39,82" hai2="43,41,108,72,62,114,88,17,99,45,48,133,10" hai3="119,132,83,40,1,63,89,107,87,81,103,60,38"/><V66/><F114/><W123/><G123/><T19/><D122/><U50/><E39/><V131/><F72/><W70/><G119/><T12/><D125/><U52/><E112/><V126/><F133/><W74/><G132/><T121/><D121/><U120/><E120/><V29/><F126/><W111/><G111/><T93/><D75/><U53/><E53/><V28/><F108/><W110/><G110/><T14/><D14/><U80/><E97/><V61/><F43/><W7/><G107/><T105/><D105/><U20/><E78/><V27/><F131/><W23/><G103/><T92/><D86/><U95/><AGARI ba="0,0" hai="4,8,13,15,18,20,50,52,59,80,82,84,91,95" machi="95" ten="20,12000,2" yaku="0,1,7,1,25,2,8,1,54,1" doraHai="65" who="1" fromWho="1" sc="246,-30,453,120,96,-60,205,-30" /><INIT seed="3,0,0,3,5,110" ten="216,573,36,175" oya="3" hai0="74,126,76,88,112,122,20,17,90,99,25,47,8" hai1="21,119,59,13,14,2,11,28,16,1,100,104,68" hai2="108,57,29,91,116,44,65,83,41,101,39,128,107" hai3="36,52,81,0,93,131,86,92,5,75,89,40,38"/><W42/><G131/><T84/><D122/><U24/><E68/><V77/><F116/><W7/><G38/><T54/><D126/><U32/><E104/><V4/><F128/><W87/><G75/><T34/><D34/><U132/><E100/><V18/><F91/><W3/><G36/><T109/><D109/><U85/><E119/><V105/><F108/><W33/><G33/><T97/><D112/><U115/><E59/><V15/><F29/><W117/><G117/><T67/><D67/><U130/><E85/><V124/><F101/><W134/><G134/><T37/><D74/><U27/><E130/><V66/><F124/><W9/><G52/><T12/><D76/><U58/><E58/><V114/><F114/><W49/><G49/><N who="0" m="28991" /><D37/><U78/><E78/><V46/><F4/><W120/><G120/><T94/><D90/><U106/><E106/><V30/><F30/><AGARI ba="0,0" hai="8,12,17,20,25,30,84,88,94,97,99" m="28991" machi="30" ten="30,2000,0" yaku="8,1,54,1" doraHai="110" who="0" fromWho="2" sc="216,20,573,0,36,-20,175,0" /><INIT seed="4,0,0,4,5,111" ten="236,573,16,175" oya="0" hai0="103,119,39,24,67,112,93,100,51,37,73,17,21" hai1="129,74,34,31,64,115,56,32,130,107,20,121,108" hai2="30,104,45,52,69,29,43,4,68,72,85,105,63" hai3="94,70,42,0,77,87,1,18,35,36,71,132,116"/><T11/><D73/><U22/><E108/><V134/><F72/><W135/><G116/><T14/><D119/><U83/><E121/><V10/><F134/><N who="3" m="51243" /><G35/><T27/><D67/><U41/><E107/><V53/><F85/><W75/><G18/><T117/><D117/><U122/><E122/><V82/><F82/><N who="3" m="45375" /><G94/><T97/><D103/><U50/><E83/><V114/><F114/><W113/><G87/><T47/><D112/><U57/><E50/><V98/><F98/><W128/><G128/><T62/><D62/><U5/><E5/><V2/><F105/><W9/><G113/><T88/><D100/><U65/><E115/><V44/><F104/><W60/><G60/><T133/><D133/><U78/><E31/><V95/><F95/><W106/><G106/><T125/><D125/><U54/><E74/><V118/><F118/><W7/><G1/><T3/><D3/><U46/><E78/><V84/><F84/><W91/><G91/><T79/><D79/><U76/><E76/><V80/><F80/><W25/><G25/><T26/><REACH who="0" step="1"/><D21/><REACH who="0" ten="226,573,16,175" step="2"/><U48/><E20/><V61/><F2/><W120/><G120/><T123/><D123/><U126/><E22/><V59/><F10/><W40/><G71/><T90/><D90/><U89/><E89/><V66/><F66/><N who="1" m="25705" /><E126/><V12/><F12/><W38/><G70/><T127/><D127/><U96/><E96/><V110/><F110/><W8/><G8/><T58/><D58/><U109/><E109/><V86/><F59/><W81/><G81/><T13/><D13/><U49/><E57/><V16/><F69/><RYUUKYOKU ba="0,1" sc="226,10,573,10,16,-30,175,10" hai0="11,14,17,24,26,27,37,39,47,51,88,93,97" hai1="32,34,41,46,48,49,54,56,129,130" hai3="0,7,9,36,38,40,42" owari="236,4.0,593,68.0,-14,-51.0,185,-21.0" /></mjloggm>