<mjloggm ver="2.3"><GO type="169" lobby="0"/><UN n0="%E3%81%82%E3%81%B2%E3%82%8B%E3%81%95%E3%82%93" n1="%E3%83%88%E3%83%88%E3%83%AA%E5%85%88%E7%94%9F%31%39%E6%AD%B3" n2="%E3%83%9B%E3%83%BB%E3%82%B8%E3%83%A5%E3%83%B3" n3="%79%61%67%69%30%32%32%30" dan="17,17,17,17" rate="2204.23,2167.50,2226.62,2194.42" sx="M,F,M,M"/><TAIKYOKU oya="0"/><INIT seed="0,0,0,4,4,21" ten="250,250,250,250" oya="0" hai0="89,62,85,10,2,5,70,114,108,23,50,6,130" hai1="26,29,134,35,105,40,84,133,32,66,117,107,60" hai2="129,37,68,8,135,106,123,75,58,38,17,93,16" hai3="43,92,110,78,90,99,67,0,63,53,19,116,27"/><T14/><D114/><U45/><E117/><V33/><F68/><W7/><G116/><T64/><D130/><U120/><E84/><V101/><F106/><W88/><G110/><T127/><D127/><U94/><E94/><V25/><F75/><W46/><G78/><T48/><D108/><U49/><E35/><V115/><F115/><W118/><G118/><T109/><D109/><U87/><E87/><V47/><F123/><W131/><G131/><T76/><D76/><U103/><E120/><V69/><F69/><W96/><G53/><T15/><D2/><U119/><E119/><V44/><F129/><W3/><G7/><T31/><D5/><U125/><E125/><V54/><F33/><W61/><G61/><T132/><D132/><N who="1" m="50795" /><E103/><V11/><F135/><W55/><G55/><T20/><D20/><U36/><E49/><V13/><F38/><W91/><G0/><T113/><D113/><U65/><E65/><V74/><F37/><W39/><G3/><T73/><D73/><U51/><E51/><N who="2" m="31071" /><F74/><W77/><G77/><T97/><D97/><U81/><E81/><V18/><F25/><W95/><G91/><T104/><D104/><U111/><E111/><V126/><F126/><W4/><G4/><T56/><D70/><AGARI ba="0,0" hai="26,29,32,36,40,45,60,66,70,105,107" m="50795" machi="70" ten="30,3900,0" yaku="20,1,23,1,52,1" doraHai="21" who="1" fromWho="0" sc="250,-39,250,39,250,0,250,0" /><INIT seed="1,0,0,4,1,133" ten="211,289,250,250" oya="1" hai0="87,55,113,36,91,63,96,112,56,107,121,15,106" hai1="60,46,18,14,81,43,132,65,9,82,86,40,129" hai2="2,93,32,3,31,68,29,50,70,75,94,101,73" hai3="4,85,103,92,95,16,51,98,41,126,114,24,5"/><U58/><E132/><V45/><F50/><W28/><G114/><T123/><D36/><U27/><E129/><V53/><F53/><W122/><G122/><T48/><D15/><U22/><E46/><V19/><F101/><W6/><G126/><T7/><D7/><U33/><E33/><V127/><F19/><W8/><G41/><T130/><D130/><U20/><E20/><V42/><F32/><W66/><G51/><T62/><D113/><U134/><E134/><V0/><F0/><W116/><G116/><T118/><D118/><U80/><REACH who="1" step="1"/><E86/><REACH who="1" ten="211,279,250,250" step="2"/><V67/><F45/><W26/><G66/><T117/><D87/><U84/><E84/><V100/><F67/><W111/><G111/><T124/><D117/><U52/><E52/><V83/><F42/><W30/><G85/><T74/><D55/><U39/><E39/><V77/><F83/><W115/><G115/><T125/><D112/><U90/><E90/><V23/><F100/><W108/><G108/><T1/><D91/><U88/><E88/><V12/><F23/><W38/><G38/><T135/><D135/><U131/><E131/><V97/><F75/><W78/><G78/><T10/><D74/><U128/><E128/><V105/><F77/><W89/><G89/><T64/><D64/><U17/><AGARI ba="0,1" hai="9,14,17,18,22,27,40,43,58,60,65,80,81,82" machi="17" ten="30,12000,1" yaku="1,1,0,1,8,1,53,2" doraHai="133" doraHaiUra="37" who="1" fromWho="1" sc="211,-40,279,130,250,-40,250,-40" /><INIT seed="1,1,0,0,2,73" ten="171,409,210,210" oya="1" hai0="128,66,25,90,114,133,32,13,17,96,127,92,98" hai1="104,78,109,52,97,94,9,88,0,5,8,29,117" hai2="123,43,36,33,38,115,79,85,51,100,47,75,56" hai3="106,84,121,65,22,19,12,129,71,74,3,122,64"/><U11/><E117/><V14/><F123/><W2/><G74/><T23/><D114/><U42/><E109/><V15/><F75/><W37/><G37/><T54/><D133/><U7/><E42/><V49/><F33/><W44/><G106/><T83/><D128/><U28/><E104/><V63/><F115/><W24/><G129/><T81/><D127/><U135/><E135/><V16/><F100/><W4/><G44/><T113/><D113/><U68/><E68/><V55/><F15/><W72/><G72/><T131/><D131/><U126/><E126/><V69/><F38/><W99/><G99/><T91/><D66/><U10/><E78/><V21/><REACH who="2" step="1"/><F69/><REACH who="2" ten="171,409,200,210" step="2"/><W134/><G71/><T58/><D32/><U108/><E7/><V26/><F26/><W89/><G134/><T119/><D13/><U18/><E108/><V77/><F77/><W124/><G124/><T102/><D119/><U103/><E103/><V53/><F53/><W39/><G39/><T61/><REACH who="0" step="1"/><D91/><REACH who="0" ten="161,409,200,210" step="2"/><U110/><E110/><V70/><F70/><W50/><G122/><T34/><D34/><U107/><E88/><V41/><F41/><W101/><G121/><T30/><D30/><U1/><E29/><V6/><F6/><W59/><G101/><T112/><D112/><U87/><E28/><V80/><AGARI ba="1,2" hai="14,16,21,36,43,47,49,51,55,56,63,79,80,85" machi="80" ten="30,8000,1" yaku="1,1,0,1,52,1,54,1,53,1" doraHai="73" doraHaiUra="57" who="2" fromWho="2" sc="161,-21,409,-41,200,103,210,-21" /><INIT seed="2,0,0,3,3,99" ten="140,368,303,189" oya="2" hai0="32,113,115,15,110,58,38,109,86,87,43,92,106" hai1="4,53,127,85,88,75,71,96,108,46,78,22,91" hai2="35,80,70,52,66,76,24,12,68,65,55,129,31" hai3="19,67,102,17,116,128,14,13,54,101,82,8,84"/><V2/><F2/><W10/><G116/><T28/><D106/><U1/><E71/><V49/><F129/><W126/><G128/><T20/><D32/><U73/><E108/><V57/><F12/><W39/><G39/><T26/><D38/><U117/><E117/><V114/><F114/><W77/><G126/><T111/><D43/><U134/><E127/><V119/><F119/><W74/><G67/><T33/><D58/><U37/><E134/><V25/><F68/><W44/><G74/><T121/><D121/><U63/><E22/><V132/><F70/><W9/><G9/><T72/><D72/><U29/><E29/><V11/><F132/><W7/><G7/><T16/><REACH who="0" step="1"/><D92/><REACH who="0" ten="130,368,303,189" step="2"/><U18/><E73/><N who="2" m="43023" /><F57/><W45/><G45/><T93/><D93/><N who="1" m="56359" /><E46/><V50/><F65/><W97/><G97/><T23/><D23/><U98/><E98/><V36/><F66/><W112/><G112/><AGARI ba="0,1" hai="15,16,20,26,28,33,86,87,109,110,111,112,113,115" machi="112" ten="50,6400,0" yaku="1,1,14,1,54,1,53,0" doraHai="99" doraHaiUra="94" who="0" fromWho="3" sc="130,74,368,0,303,0,189,-64" /><INIT seed="3,0,0,2,2,62" ten="204,368,303,125" oya="3" hai0="117,11,53,42,70,107,35,90,93,21,122,82,112" hai1="33,12,91,34,104,72,44,66,60,38,116,92,13" hai2="130,123,17,86,88,37,89,16,133,58,105,110,119" hai3="43,23,108,63,54,39,49,9,83,50,129,111,109"/><W1/><G129/><T94/><D117/><U100/><E72/><V101/><F119/><W80/><G23/><T18/><D122/><U47/><E116/><V30/><F37/><W10/><G39/><T27/><D107/><U45/><E38/><V125/><F130/><W118/><G118/><T124/><D124/><U121/><E121/><V68/><F68/><W134/><G134/><T113/><D35/><U102/><E34/><V106/><F133/><W24/><G24/><T61/><D42/><U67/><E33/><V7/><F30/><W8/><G1/><T65/><D53/><U64/><E60/><V132/><F132/><W96/><G96/><T127/><D127/><U97/><E104/><V75/><F75/><W22/><G22/><T51/><D51/><N who="3" m="19465" /><G43/><T114/><D11/><N who="3" m="2817" /><W85/><DORA hai="3" /><G85/><AGARI ba="0,0" hai="18,21,27,61,65,70,82,85,90,93,94,112,113,114" machi="85" ten="40,2600,0" yaku="11,1,52,1" doraHai="62,3" who="0" fromWho="3" sc="204,26,368,0,303,0,125,-26" /><INIT seed="4,0,0,0,1,17" ten="230,368,303,99" oya="0" hai0="79,125,99,18,48,41,85,32,121,2,10,49,115" hai1="20,22,46,30,82,69,72,74,57,39,28,106,81" hai2="116,24,117,50,133,102,100,75,4,93,77,91,70" hai3="6,8,23,7,135,89,112,73,87,65,11,107,19"/><T104/><D121/><U53/><E106/><V114/><F70/><W45/><G73/><T33/><D115/><U122/><E122/><V5/><F114/><W66/><G107/><T113/><D113/><U124/><E69/><V60/><F133/><W26/><G112/><T71/><D71/><U96/><E124/><V119/><F60/><W15/><G135/><T51/><D125/><U59/><E96/><V3/><F50/><W44/><G65/><T78/><D41/><U105/><E105/><V128/><F128/><W130/><G66/><T97/><D104/><U110/><E53/><V0/><F77/><W67/><G67/><T83/><D78/><U54/><E54/><V111/><F75/><W16/><G130/><T27/><D33/><U92/><E92/><V43/><F43/><W90/><G90/><T42/><D42/><U98/><E98/><N who="2" m="57663" /><F111/><W40/><G11/><T129/><D129/><U131/><E131/><V68/><F68/><W101/><G101/><N who="2" m="39017" /><F24/><W56/><G56/><T25/><D32/><U36/><REACH who="1" step="1"/><E46/><REACH who="1" ten="230,358,303,99" step="2"/><N who="3" m="18026" /><G40/><T120/><D120/><U38/><E38/><V37/><F37/><W95/><AGARI ba="0,1" hai="6,7,8,15,16,19,23,26,87,89,95" m="18026" machi="95" ten="30,4000,0" yaku="8,1,52,1,54,1" doraHai="17" who="3" fromWho="3" sc="230,-20,358,-10,303,-10,99,50" /><INIT seed="5,0,0,4,2,30" ten="210,348,293,149" oya="1" hai0="106,23,134,82,88,87,84,34,65,25,61,74,91" hai1="1,37,94,48,6,129,24,13,63,75,60,64,121" hai2="52,93,28,98,89,35,55,18,99,7,103,69,76" hai3="97,78,105,116,104,118,51,111,67,96,113,5,107"/><U53/><E121/><V128/><F128/><W68/><G5/><T10/><D106/><U101/><E75/><V21/><F69/><W16/><G111/><T112/><D112/><U4/><E37/><V3/><F76/><W108/><G108/><T115/><D115/><U0/><E129/><V38/><F38/><W17/><G113/><T85/><D134/><U11/><E24/><V41/><F41/><W117/><G78/><T135/><D135/><U19/><E0/><V40/><F40/><W39/><G39/><T45/><D74/><U109/><E109/><V33/><F7/><W49/><G67/><T90/><D10/><U79/><E79/><V31/><F3/><W2/><G68/><T26/><D45/><U119/><E119/><V100/><F89/><W9/><G2/><T73/><D73/><U77/><E77/><V14/><F31/><W66/><G66/><T95/><D34/><U122/><E122/><V32/><REACH who="2" step="1"/><F28/><REACH who="2" ten="210,348,283,149" step="2"/><W81/><G81/><T124/><D90/><U80/><E80/><V83/><F83/><W102/><G102/><T132/><D91/><U54/><E4/><V12/><F12/><N who="3" m="7183" /><G17/><T50/><D82/><U62/><E19/><V127/><F127/><W58/><G58/><T47/><D124/><U8/><E1/><V46/><F46/><W70/><G70/><T44/><D47/><U42/><E6/><V123/><F123/><W86/><G86/><T56/><D132/><U133/><E101/><V15/><F15/><W125/><G125/><T29/><D85/><U59/><E133/><V36/><F36/><W126/><G126/><RYUUKYOKU ba="0,1" sc="210,-15,348,-15,283,15,149,15" hai2="14,18,21,32,33,35,52,55,93,98,99,100,103" hai3="49,51,96,97,104,105,107,116,117,118" /><INIT seed="6,1,1,5,2,61" ten="195,333,298,164" oya="2" hai0="111,28,72,70,122,52,6,99,71,29,105,132,64" hai1="1,40,110,91,88,121,36,95,8,31,39,60,56" hai2="15,104,5,58,4,127,84,113,92,79,90,101,75" hai3="74,19,97,44,83,115,46,118,49,21,43,120,42"/><V35/><F35/><W2/><G118/><T24/><D122/><U38/><E110/><V123/><F123/><W135/><G120/><T130/><D111/><U59/><E121/><V100/><F127/><W133/><G2/><T13/><D72/><U109/><E109/><V69/><F69/><W114/><G97/><T50/><D132/><N who="3" m="50761" /><G83/><T14/><D130/><U107/><E107/><V89/><F113/><N who="3" m="43019" /><G74/><T116/><D116/><U7/><E91/><V16/><F104/><W112/><N who="3" m="43027" /><W57/><DORA hai="10" /><G19/><T67/><D105/><U3/><E3/><V102/><F75/><W34/><G34/><T76/><D99/><U106/><E106/><V73/><F73/><W54/><G21/><N who="0" m="15375" /><D29/><U51/><E31/><V33/><F33/><W65/><G46/><N who="0" m="27735" /><D71/><U82/><E1/><V0/><F0/><W80/><G80/><T125/><D70/><U85/><E82/><N who="2" m="47199" /><F58/><W48/><G65/><N who="0" m="25163" /><D125/><U93/><E93/><V26/><F92/><W81/><G81/><T98/><D76/><U11/><E95/><V103/><N who="2" m="25600" /><DORA hai="63" /><V87/><F87/><W66/><G66/><T20/><D98/><U55/><E85/><V45/><F45/><W62/><G43/><T86/><D86/><U78/><E40/><V25/><F89/><W41/><G41/><T126/><D126/><U22/><E88/><V9/><F90/><W77/><G77/><T94/><D94/><U17/><E78/><V117/><F117/><W124/><G124/><T131/><D131/><U30/><E30/><V12/><F4/><W119/><G119/><T18/><D6/><U32/><E7/><RYUUKYOKU ba="1,1" sc="195,10,333,-30,298,10,164,10" hai0="13,14,18,20" hai2="5,9,12,15,16,25,26" hai3="42,44,48,49,54,57,62" /><INIT seed="6,2,1,3,2,71" ten="205,303,308,174" oya="2" hai0="119,58,125,99,54,59,56,74,23,109,0,63,3" hai1="70,114,15,132,53,21,29,55,84,106,129,61,35" hai2="101,5,20,1,10,11,87,24,94,69,67,135,112" hai3="51,2,25,48,86,34,93,96,68,18,30,127,4"/><V49/><F112/><W91/><G68/><T98/><D109/><U27/><E114/><V39/><F39/><W80/><G127/><T120/><D120/><U60/><E129/><V32/><F32/><W118/><G118/><T113/><D113/><U134/><E106/><V130/><F130/><W117/><G117/><T19/><D119/><U104/><E104/><V108/><F135/><N who="1" m="51753" /><E84/><V12/><F108/><W124/><G124/><T50/><D125/><U88/><E88/><V13/><F49/><W100/><REACH who="3" step="1"/><G18/><REACH who="3" ten="205,303,308,164" step="2"/><T115/><D115/><U111/><E70/><V65/><F69/><W95/><G95/><T37/><D19/><N who="1" m="10495" /><E111/><V7/><F1/><W78/><G78/><T9/><D0/><U116/><E116/><V76/><F76/><W42/><G42/><T31/><D3/><U36/><E36/><V38/><F38/><W17/><G17/><T72/><D37/><U64/><E64/><V47/><F67/><W14/><G14/><T90/><D54/><AGARI ba="2,2" hai="27,29,35,53,54,55,60,61" m="10495,51753" machi="54" ten="30,1000,0" yaku="20,1" doraHai="71" who="1" fromWho="0" sc="205,-16,303,36,308,0,164,0" /><INIT seed="7,0,0,3,5,117" ten="189,339,308,164" oya="3" hai0="66,55,92,7,104,79,24,116,121,56,96,72,74" hai1="115,111,36,12,3,10,58,133,91,122,86,0,132" hai2="48,2,85,67,69,135,53,103,51,77,38,49,102" hai3="23,87,16,123,33,59,46,88,17,110,81,28,57"/><W129/><G123/><T44/><D116/><U52/><E122/><V100/><F38/><W78/><G33/><T73/><D121/><U76/><E76/><V1/><F135/><N who="1" m="51785" /><E36/><V43/><F43/><W112/><G112/><T5/><D104/><U22/><E22/><V90/><F77/><W118/><G118/><T61/><D79/><U75/><E75/><V6/><F53/><W84/><G129/><T101/><REACH who="0" step="1"/><D24/><REACH who="0" ten="179,339,308,164" step="2"/><U128/><E128/><V106/><F106/><W11/><G110/><T47/><D47/><U120/><E111/><V26/><F26/><N who="3" m="16479" /><G46/><T127/><D127/><U31/><E120/><V41/><F41/><W20/><G11/><T119/><D119/><U113/><E113/><V89/><F6/><W125/><G125/><T93/><D93/><U8/><E115/><V30/><F30/><W37/><G37/><T13/><D13/><U34/><E12/><V109/><F109/><W98/><G98/><T14/><D14/><U82/><E3/><V60/><REACH who="2" step="1"/><F90/><REACH who="2" ten="179,339,298,164" step="2"/><W64/><G64/><T71/><D71/><U40/><E40/><V50/><N who="2" m="12288" /><DORA hai="83" /><V42/><F42/><W80/><G17/><T97/><D97/><U35/><E31/><V27/><F27/><AGARI ba="0,2" hai="16,20,27,57,59,78,80,81,84,87,88" m="16479" machi="27" ten="30,12000,1" yaku="8,1,52,2,54,2" doraHai="117,83" who="3" fromWho="2" sc="179,0,339,0,298,-120,164,140" /><INIT seed="7,1,0,1,3,50" ten="179,339,178,304" oya="3" hai0="134,73,86,19,28,100,99,118,113,44,15,119,71" hai1="97,84,20,108,51,111,58,83,17,132,26,42,33" hai2="72,120,64,104,0,76,89,122,16,43,46,14,106" hai3="3,40,103,29,135,98,96,24,27,74,130,11,121"/><W55/><G74/><T52/><D73/><U6/><E132/><V102/><F0/><W117/><G117/><T101/><D71/><U105/><E33/><V2/><F2/><W31/><G121/><N who="2" m="46697" /><F64/><W32/><G135/><T53/><D134/><U63/><E6/><V60/><F60/><W34/><G40/><T79/><D28/><U95/><E105/><N who="2" m="40555" /><F102/><N who="0" m="39530" /><D119/><U78/><E51/><N who="2" m="27103" /><F89/><W94/><G130/><T61/><D118/><U133/><E42/><V35/><F35/><W116/><G116/><T91/><D113/><U112/><E112/><V127/><F127/><W62/><G98/><T66/><D44/><U45/><E45/><V124/><F124/><W67/><G67/><T77/><D99/><U123/><E133/><V107/><N who="2" m="40563" /><V47/><DORA hai="128" /><F47/><W110/><G110/><T88/><D91/><N who="1" m="55551" /><E123/><V4/><F4/><W92/><G92/><N who="0" m="54295" /><D66/><N who="1" m="39287" /><E111/><V59/><F59/><W115/><G115/><T49/><D61/><U30/><E108/><V69/><F69/><W109/><G109/><T36/><D36/><U80/><E80/><N who="2" m="45063" /><F16/><AGARI ba="1,0" hai="16,17,20,26,30,78,83,84" m="39287,55551" machi="16" ten="30,2000,0" yaku="8,1,54,1" doraHai="50,128" who="1" fromWho="2" sc="179,0,339,23,178,-23,304,0" owari="179,-22.0,362,46.0,155,-34.0,304,10.0" /></mjloggm>