<mjloggm ver="2.3"><GO type="169" lobby="0"/><UN n0="%E6%9D%B1%E9%A2%A8%E3%81%AE%E5%A4%AE" n1="%E2%98%86%E7%9C%9F%E9%A2%A8%E2%98%86" n2="%74%61%6E%61%4B%61" n3="%E3%82%A6%E3%83%AB%E3%83%88%E3%83%A9%E7%AB%8B%E7%9B%B4" dan="17,16,16,18" rate="2177.01,2128.80,2166.43,2196.60" sx="M,F,M,M"/><TAIKYOKU oya="0"/><INIT seed="0,0,0,1,4,112" ten="250,250,250,250" oya="0" hai0="95,130,65,57,29,94,115,64,78,26,68,31,125" hai1="67,104,49,96,53,18,59,83,132,21,93,16,134" hai2="103,37,121,10,110,114,97,13,47,41,66,113,70" hai3="119,117,73,54,34,44,56,42,85,105,25,128,100"/><T9/><D115/><U86/><E104/><V58/><F121/><W61/><G73/><T40/><D130/><U12/><E67/><V5/><F110/><W63/><G128/><T6/><D125/><U39/><E39/><V7/><F7/><W79/><G63/><T131/><D131/><U15/><E18/><V81/><F81/><W123/><G123/><T118/><D68/><U91/><REACH who="1" step="1"/><E15/><REACH who="1" ten="250,240,250,250" step="2"/><V76/><F113/><W45/><G105/><T99/><D78/><AGARI ba="0,1" hai="12,16,21,49,53,59,78,83,86,91,93,96,132,134" machi="78" ten="40,5200,0" yaku="1,1,2,1,54,1,53,0" doraHai="112" doraHaiUra="62" who="1" fromWho="0" sc="250,-52,240,62,250,0,250,0" /><INIT seed="1,0,0,5,0,70" ten="198,302,250,250" oya="1" hai0="28,99,64,32,90,72,30,34,86,62,68,82,67" hai1="101,79,49,39,100,95,91,47,6,133,75,61,11" hai2="10,134,132,37,94,131,3,66,20,45,63,56,33" hai3="117,115,65,52,124,0,87,50,27,109,54,80,12"/><U83/><E133/><N who="2" m="51307" /><F33/><W81/><G0/><T40/><D67/><U7/><E61/><V41/><F131/><W97/><G115/><T98/><D40/><U119/><E119/><V31/><F94/><W46/><G109/><T1/><D1/><N who="1" m="463" /><E7/><N who="2" m="1407" /><F20/><W135/><G124/><T84/><D72/><U111/><E49/><V77/><F77/><W78/><G135/><T126/><D126/><U48/><E48/><V55/><F31/><W8/><G117/><T60/><D64/><AGARI ba="0,0" hai="37,41,45,55,56,63,64,66" m="1407,51307" machi="64" ten="30,2000,0" yaku="20,1,52,1" doraHai="70" who="2" fromWho="0" sc="198,-20,302,0,250,20,250,0" /><INIT seed="2,0,0,1,0,19" ten="178,302,270,250" oya="2" hai0="64,76,33,103,99,7,95,53,65,37,13,106,8" hai1="27,93,17,2,35,57,40,52,91,59,67,21,62" hai2="112,39,1,50,122,97,118,100,120,125,4,117,56" hai3="9,38,121,92,42,23,58,129,69,46,119,114,30"/><V6/><F39/><W10/><G69/><T87/><D33/><U49/><E2/><V107/><F112/><W134/><G119/><T115/><D115/><U98/><E35/><V128/><F128/><W32/><G121/><T47/><D106/><U71/><REACH who="1" step="1"/><E40/><REACH who="1" ten="178,292,270,250" step="2"/><V16/><F118/><W18/><G42/><T78/><D37/><U29/><E29/><V79/><F117/><W66/><G30/><T26/><D26/><U94/><E94/><V15/><F1/><W55/><G92/><T126/><D126/><U51/><E51/><V54/><F125/><W135/><G32/><T127/><D127/><U0/><E0/><V22/><REACH who="2" step="1"/><F79/><REACH who="2" ten="178,292,260,250" step="2"/><W130/><G38/><T77/><REACH who="0" step="1"/><D87/><REACH who="0" ten="168,292,260,250" step="2"/><U11/><E11/><V63/><F63/><W102/><G9/><T96/><D96/><U89/><E89/><V86/><F86/><W44/><G10/><T73/><D73/><U43/><E43/><V124/><F124/><W88/><G88/><T75/><D75/><U5/><E5/><AGARI ba="0,3" hai="4,5,6,15,16,22,50,54,56,97,100,107,120,122" machi="5" ten="40,7700,0" yaku="1,1,52,1,54,1,53,0" doraHai="19" doraHaiUra="90" who="2" fromWho="1" sc="168,0,292,-77,260,107,250,0" /><INIT seed="2,1,0,0,4,127" ten="168,215,367,250" oya="2" hai0="35,85,129,96,48,78,79,106,83,2,66,8,90" hai1="7,112,47,18,28,119,114,15,126,0,70,31,98" hai2="30,97,20,19,9,122,131,68,116,92,75,100,84" hai3="125,4,14,123,87,56,12,40,134,46,42,72,27"/><V101/><F122/><W24/><G72/><T21/><D35/><U77/><E70/><V45/><F75/><W80/><G123/><T6/><D66/><U13/><E77/><V86/><F116/><W49/><G134/><T37/><D37/><U17/><E47/><V76/><F68/><W36/><G125/><T44/><D21/><N who="1" m="11439" /><E98/><V71/><F71/><W109/><G109/><T99/><D129/><U52/><E52/><V50/><F131/><W105/><G105/><T3/><D3/><U23/><E126/><V115/><F115/><N who="1" m="44073" /><E119/><V62/><F101/><W74/><G56/><T29/><D29/><U53/><E53/><V93/><F93/><W58/><G58/><T39/><D39/><U124/><E124/><V118/><F118/><W108/><G42/><T67/><D67/><U5/><E0/><V82/><F62/><W25/><G108/><T38/><D38/><U133/><E133/><V94/><F9/><W89/><G74/><T1/><D1/><U132/><E132/><V65/><F65/><W43/><G43/><N who="0" m="24607" /><D106/><U103/><E103/><V95/><F30/><AGARI ba="1,0" hai="5,7,15,18,23,28,30,31" m="44073,11439" machi="30" ten="30,2000,0" yaku="34,2" doraHai="127" who="1" fromWho="2" sc="168,0,215,23,367,-23,250,0" /><INIT seed="3,0,0,2,0,103" ten="168,238,344,250" oya="3" hai0="24,91,26,134,6,65,84,18,27,124,107,44,89" hai1="31,122,115,104,81,128,1,86,112,68,80,113,35" hai2="62,32,127,76,82,79,121,45,77,78,67,53,14" hai3="5,36,102,131,19,66,10,123,17,52,126,63,95"/><W120/><G36/><T56/><D124/><U116/><E122/><V118/><F127/><W47/><G126/><T98/><D134/><U25/><E116/><V109/><F118/><W96/><G131/><T87/><D6/><U119/><E119/><V43/><F109/><W29/><G29/><T61/><D44/><U39/><E39/><V90/><F32/><W28/><G28/><T111/><D111/><U135/><E135/><V20/><F121/><W0/><G123/><T3/><D3/><U34/><E128/><V54/><F90/><N who="0" m="34314" /><D107/><U2/><E104/><V13/><F54/><W51/><REACH who="3" step="1"/><G120/><REACH who="3" ten="168,238,344,240" step="2"/><T48/><D98/><U59/><E31/><V133/><F133/><W15/><G15/><T42/><D27/><U38/><E38/><V75/><F14/><W132/><G132/><T129/><D26/><U9/><E25/><V4/><F13/><W74/><G74/><T99/><D129/><U85/><E113/><V12/><F12/><W58/><AGARI ba="0,1" hai="0,5,10,17,19,47,51,52,58,63,66,95,96,102" machi="58" ten="20,12000,1" yaku="1,1,0,1,7,1,54,1,53,1" doraHai="103" doraHaiUra="92" who="3" fromWho="3" sc="168,-40,238,-40,344,-40,240,130" /><INIT seed="3,1,0,4,1,69" ten="128,198,304,370" oya="3" hai0="83,130,75,44,98,9,56,105,59,31,12,92,93" hai1="80,122,113,71,123,108,3,85,102,101,100,14,70" hai2="126,25,20,96,42,77,94,104,10,17,35,36,99" hai3="66,121,120,112,97,128,125,111,40,47,88,2,106"/><W19/><G2/><T90/><D130/><U30/><E3/><V68/><F68/><W117/><G117/><T91/><D31/><U27/><E113/><V45/><F126/><W32/><G32/><T57/><D105/><U67/><E108/><V52/><F35/><W132/><G112/><T26/><D26/><U37/><E37/><V24/><F104/><W48/><G128/><T39/><D83/><U74/><E74/><V118/><F118/><W6/><G6/><T95/><D75/><U23/><E70/><V115/><F115/><W131/><G125/><T49/><D39/><U18/><E67/><V119/><F119/><W116/><G116/><T11/><D11/><U134/><E71/><V103/><F77/><W7/><G7/><T1/><D1/><U0/><E0/><V79/><F79/><W73/><G73/><T65/><D65/><U21/><REACH who="1" step="1"/><E134/><REACH who="1" ten="128,188,304,370" step="2"/><V53/><F25/><W4/><G132/><T109/><D109/><U124/><E124/><V16/><REACH who="2" step="1"/><F99/><REACH who="2" ten="128,188,294,370" step="2"/><W41/><G97/><T64/><D98/><U61/><E61/><V107/><F107/><W55/><G106/><T54/><REACH who="0" step="1"/><D64/><REACH who="0" ten="118,188,294,370" step="2"/><U81/><E81/><V51/><F51/><W82/><G48/><T62/><D62/><U34/><E34/><V110/><F110/><W135/><G66/><T50/><D50/><U63/><E63/><V86/><F86/><W22/><G111/><T33/><D33/><U43/><E43/><V46/><F46/><W28/><G47/><T133/><D133/><U114/><E114/><V127/><F127/><W58/><G135/><T129/><D129/><RYUUKYOKU ba="1,3" sc="118,10,188,10,294,10,370,-30" hai0="9,12,44,49,54,56,57,59,90,91,92,93,95" hai1="14,18,21,23,27,30,80,85,100,101,102,122,123" hai2="10,16,17,20,24,36,42,45,52,53,94,96,103" /><INIT seed="4,2,3,2,1,0" ten="128,198,304,340" oya="0" hai0="70,28,93,67,61,29,58,96,13,46,74,108,42" hai1="83,120,100,118,73,50,32,117,52,22,8,17,119" hai2="47,40,44,104,31,72,81,127,87,25,45,99,75" hai3="53,19,21,82,76,130,51,62,112,26,107,111,95"/><T110/><D74/><U59/><E120/><V5/><F127/><W122/><G107/><T12/><D70/><U63/><E32/><V113/><F113/><W89/><G112/><T80/><D80/><U128/><E128/><V124/><F124/><W66/><G111/><N who="0" m="42539" /><D13/><U55/><E100/><V34/><F5/><W41/><G130/><T125/><D125/><U134/><E134/><V79/><REACH who="2" step="1"/><F40/><REACH who="2" ten="128,198,294,340" step="2"/><W103/><G41/><T43/><D43/><U77/><E8/><V84/><F84/><W90/><G122/><T1/><D1/><U11/><E11/><V24/><F24/><W2/><G2/><T49/><D12/><U14/><REACH who="1" step="1"/><E119/><REACH who="1" ten="128,188,294,340" step="2"/><V88/><F88/><AGARI ba="2,5" hai="28,29,42,46,49,58,61,67,88,93,96" m="42539" machi="88" ten="30,2900,0" yaku="10,1,54,1" doraHai="0" who="0" fromWho="2" sc="128,85,188,0,294,-35,340,0" /><INIT seed="4,3,0,3,0,94" ten="213,188,259,340" oya="0" hai0="100,82,56,134,108,127,115,30,93,19,128,103,23" hai1="99,10,96,91,130,77,129,132,119,57,15,50,18" hai2="20,33,48,64,85,12,70,53,105,62,126,6,39" hai3="29,16,101,78,47,86,125,8,61,22,104,34,68"/><T113/><D127/><U38/><E38/><V89/><F126/><W21/><G47/><T44/><D128/><N who="1" m="49259" /><E119/><V13/><F39/><W124/><G86/><T63/><D134/><U4/><E132/><V35/><F105/><W117/><G78/><T87/><D108/><U67/><E77/><V40/><F40/><W5/><G22/><T69/><D30/><U123/><E123/><V42/><F42/><W76/><G76/><T79/><D69/><U135/><E135/><V110/><F110/><W32/><G32/><T73/><D44/><U58/><E91/><V121/><F121/><W1/><G117/><T72/><D72/><U88/><E88/><V41/><F41/><W120/><G120/><T114/><D93/><U65/><E4/><V55/><F55/><W25/><G61/><T75/><D75/><U60/><E50/><V118/><F118/><W7/><G7/><T74/><D74/><U52/><E58/><V95/><F12/><N who="3" m="9351" /><G68/><T81/><D81/><U46/><E46/><V66/><F66/><AGARI ba="3,0" hai="10,15,18,52,57,60,65,66,67,96,99" m="49259" machi="66" ten="30,7700,0" yaku="19,1,52,2,54,1" doraHai="94" who="1" fromWho="2" sc="213,0,188,86,259,-86,340,0" /><INIT seed="5,0,0,0,5,96" ten="213,274,173,340" oya="1" hai0="30,76,64,110,18,121,36,132,56,16,105,48,101" hai1="114,39,5,11,6,120,124,130,12,98,102,123,84" hai2="42,99,52,70,43,31,82,22,97,47,115,111,44" hai3="40,89,59,58,51,63,77,112,128,94,95,10,2"/><U62/><E114/><V25/><F111/><W55/><G77/><T29/><D110/><U38/><E124/><V83/><F70/><W73/><G73/><T107/><D36/><U27/><E130/><V108/><F108/><W87/><G112/><T3/><D3/><U17/><E39/><V13/><F115/><W60/><G40/><T93/><D76/><U37/><E37/><V54/><F13/><W35/><G35/><T91/><D132/><U19/><E38/><V117/><F117/><W103/><G2/><T79/><D79/><U135/><E135/><V33/><F33/><W1/><G1/><T90/><D48/><U26/><E84/><V57/><F57/><W126/><G126/><T104/><D56/><U50/><E50/><V65/><F22/><W49/><G10/><T14/><D64/><U0/><E62/><V80/><F65/><N who="3" m="39063" /><G128/><T72/><D72/><U21/><E5/><V85/><F85/><W78/><G78/><T133/><D133/><U20/><REACH who="1" step="1"/><E0/><REACH who="1" ten="213,264,173,340" step="2"/><V122/><F122/><W119/><G119/><T53/><D121/><U45/><E45/><V92/><F44/><W86/><G86/><T109/><D109/><U118/><E118/><V81/><F47/><W68/><G68/><T88/><D53/><U4/><E4/><V46/><F46/><W134/><G134/><T129/><D129/><U61/><E61/><V75/><F75/><W69/><G69/><T116/><D116/><U131/><E131/><V113/><F54/><W24/><G51/><T67/><D67/><U7/><E7/><V71/><F52/><W28/><G55/><RYUUKYOKU ba="0,1" sc="213,-10,264,30,173,-10,340,-10" hai1="6,11,12,17,19,20,21,26,27,98,102,120,123" /><INIT seed="5,1,1,3,4,18" ten="203,294,163,330" oya="1" hai0="41,94,27,5,129,134,15,33,9,105,125,130,34" hai1="95,131,103,50,115,108,74,76,73,88,20,7,29" hai2="102,19,8,2,107,4,81,122,31,92,99,63,6" hai3="83,89,119,30,101,10,46,100,25,66,126,44,65"/><U26/><E115/><V43/><F122/><W39/><G126/><T14/><D105/><U13/><E131/><N who="0" m="50185" /><D41/><U16/><E103/><V68/><F43/><W17/><G39/><T47/><D47/><U49/><E108/><V123/><F123/><W21/><G46/><T22/><D125/><U106/><E106/><V57/><F68/><W60/><G44/><T109/><D134/><U96/><E7/><V62/><F31/><W12/><G119/><T53/><D53/><U75/><REACH who="1" step="1"/><E76/><REACH who="1" ten="203,284,163,330" step="2"/><V132/><F132/><W127/><G127/><T117/><D109/><U79/><E79/><V64/><F107/><W91/><G101/><T32/><D117/><U93/><E93/><V48/><F2/><W55/><G100/><T80/><D94/><U1/><E1/><V28/><F92/><W3/><G3/><N who="0" m="191" /><D80/><U0/><E0/><V133/><F81/><W135/><G135/><T120/><D120/><U71/><E71/><V59/><F133/><W45/><G83/><T111/><D111/><U61/><E61/><V113/><F62/><W77/><G60/><T58/><D58/><U87/><E87/><V70/><F59/><W82/><G82/><T124/><D124/><U72/><N who="1" m="18432" /><DORA hai="69" /><U114/><E114/><V104/><F57/><W52/><G77/><T116/><D116/><U36/><E36/><V112/><F113/><W97/><G45/><T38/><D38/><U128/><E128/><V110/><F112/><W90/><G97/><T11/><D11/><AGARI ba="1,2" hai="11,13,16,20,26,29,49,50,88,95,96" m="18432" machi="11" ten="70,12000,1" yaku="1,1,52,1,54,2,53,1" doraHai="18,69" doraHaiUra="85,35" who="1" fromWho="0" sc="203,-123,284,143,163,0,330,0" /><INIT seed="5,2,0,0,3,69" ten="80,427,163,330" oya="1" hai0="22,15,94,106,110,31,83,64,128,21,60,86,24" hai1="18,17,49,77,78,111,58,53,113,73,82,61,135" hai2="75,89,124,90,41,81,5,105,117,42,80,70,100" hai3="25,9,133,74,95,119,59,76,134,108,96,98,27"/><U10/><E113/><V92/><F70/><W66/><G108/><T0/><D110/><U11/><E135/><V44/><F117/><W1/><G119/><T29/><D106/><U46/><E111/><V125/><F5/><W7/><G76/><T103/><D0/><U50/><E50/><V54/><F54/><W84/><G84/><T72/><D72/><U40/><E78/><N who="2" m="44127" /><F44/><W101/><G96/><T102/><D128/><U88/><E88/><N who="2" m="33899" /><F42/><W109/><G74/><T65/><D65/><U39/><E61/><V47/><F47/><W52/><G66/><T13/><D13/><U37/><E37/><V12/><F12/><W57/><G57/><T107/><D107/><U3/><E10/><V36/><F41/><W93/><G27/><T123/><D123/><U104/><E104/><V87/><F36/><W121/><G25/><T129/><D129/><U48/><E48/><V8/><F8/><W132/><G121/><T62/><D62/><U131/><E131/><V19/><F19/><W120/><G120/><T33/><D33/><U122/><E122/><V97/><F105/><N who="3" m="63671" /><G109/><T118/><D118/><U67/><E67/><V6/><F6/><AGARI ba="2,0" hai="3,6,11,17,18,39,40,46,49,53,58,73,77,82" machi="6" ten="40,7700,0" yaku="25,2,52,1" doraHai="69" who="1" fromWho="2" sc="80,0,427,83,163,-83,330,0" /><INIT seed="5,3,0,3,2,110" ten="80,510,80,330" oya="1" hai0="52,128,49,109,108,9,71,0,10,29,30,80,122" hai1="119,73,94,18,16,61,74,131,12,72,83,43,59" hai2="111,62,21,19,44,79,124,25,114,84,113,125,50" hai3="78,38,86,91,68,102,88,127,27,48,133,98,53"/><U3/><E3/><V77/><F111/><W41/><G68/><T32/><D71/><U28/><E119/><V85/><F62/><W70/><G70/><T33/><D128/><U104/><E104/><V22/><F22/><W11/><G41/><T120/><D80/><U123/><E131/><V117/><F117/><W47/><G38/><T63/><D63/><U66/><E123/><V60/><F60/><W57/><G133/><T95/><D95/><U99/><E28/><V87/><F79/><W130/><G127/><N who="2" m="48713" /><F77/><W100/><G78/><T46/><D46/><U42/><E83/><V115/><F85/><W40/><G27/><T35/><D35/><U5/><E5/><V54/><AGARI ba="3,0" hai="19,21,25,44,50,54,84,87,113,114,115" m="48713" machi="54" ten="40,12000,2" yaku="15,1,11,1,18,1,52,3" doraHai="110" who="2" fromWho="2" sc="80,-33,510,-63,80,129,330,-33" /><INIT seed="6,0,0,3,4,10" ten="47,447,209,297" oya="2" hai0="127,87,92,111,123,37,45,11,9,3,51,1,76" hai1="100,116,66,128,27,97,20,114,118,130,120,83,40" hai2="49,115,82,36,101,14,104,12,57,89,60,88,119" hai3="75,38,69,74,63,46,5,13,55,129,77,39,134"/><V8/><F36/><W52/><G77/><T23/><D37/><U4/><E114/><V25/><F119/><W21/><G21/><T53/><D111/><U99/><E120/><V56/><F115/><W93/><G93/><T33/><D33/><U85/><E40/><V2/><F104/><W50/><G5/><T84/><D127/><U70/><E4/><V18/><F101/><W98/><G98/><N who="1" m="37386" /><E66/><N who="2" m="39175" /><F2/><W42/><G75/><T61/><D123/><U72/><E70/><V121/><F121/><W32/><G74/><T117/><D117/><U67/><E67/><V108/><F108/><W124/><G32/><T102/><D3/><U78/><E72/><V58/><F25/><W62/><G124/><T15/><D1/><U41/><E41/><V0/><F0/><W44/><G134/><T109/><D109/><U47/><E47/><V64/><F82/><W105/><G105/><T94/><D61/><U135/><E135/><V22/><F64/><N who="3" m="41111" /><G129/><N who="1" m="49770" /><E100/><V79/><F79/><W131/><G131/><T125/><D102/><U96/><E96/><V132/><F132/><W6/><G63/><T31/><D125/><U126/><E126/><V95/><F49/><N who="3" m="28727" /><G39/><T113/><D113/><U59/><E118/><V26/><F95/><N who="0" m="36394" /><D76/><U16/><E116/><V43/><F43/><W122/><G122/><T35/><D35/><U68/><E68/><V81/><F81/><W7/><G42/><T24/><D15/><N who="2" m="5674" /><F8/><AGARI ba="0,0" hai="8,9,11,23,24,31,45,51,53,84,87" m="36394" machi="8" ten="30,1000,0" yaku="8,1" doraHai="10" who="0" fromWho="2" sc="47,10,447,0,209,-10,297,0" /><INIT seed="7,0,0,1,3,10" ten="57,447,199,297" oya="3" hai0="3,21,32,47,72,105,88,90,96,93,58,50,107" hai1="77,46,81,28,71,104,22,12,34,14,76,75,123" hai2="17,101,42,18,64,73,6,7,121,59,125,54,118" hai3="35,51,130,100,85,57,56,122,80,48,36,131,61"/><W127/><G35/><T115/><D32/><U66/><E123/><V102/><F118/><W106/><G36/><T30/><D3/><U20/><E77/><V16/><F73/><W70/><G100/><T31/><D72/><U55/><E104/><V114/><F121/><W113/><G106/><T2/><D2/><U37/><E34/><V119/><F119/><W94/><G94/><T41/><D107/><U68/><E68/><V132/><F114/><W120/><G85/><T135/><D105/><U109/><E109/><V40/><F125/><W15/><G15/><T49/><D135/><U78/><E78/><V33/><F33/><W111/><G80/><T44/><D115/><U133/><E133/><V29/><F29/><W45/><G113/><T92/><D58/><U83/><E83/><V116/><F64/><W87/><G87/><T97/><D21/><U84/><E75/><V8/><F132/><W53/><G127/><T112/><D112/><U19/><E37/><V98/><F116/><W79/><G79/><T13/><D13/><U60/><E28/><V24/><F24/><W43/><G70/><T82/><D82/><U38/><E38/><V26/><F26/><W0/><G0/><T23/><D23/><U99/><E99/><V5/><F8/><W27/><G27/><T4/><REACH who="0" step="1"/><D4/><REACH who="0" ten="47,447,199,297" step="2"/><U63/><E14/><V103/><F5/><W69/><G69/><T89/><D89/><U95/><E12/><V74/><F6/><W62/><G57/><T91/><D91/><U134/><E134/><V9/><F7/><W39/><G56/><T65/><D65/><RYUUKYOKU ba="0,1" sc="47,30,447,-10,199,-10,297,-10" hai0="30,31,41,44,47,49,50,88,90,92,93,96,97" owari="77,-42.0,447,54.0,189,-21.0,287,9.0" /></mjloggm>