<mjloggm ver="2.3"><GO type="169" lobby="0"/><UN n0="%3D%E5%9C%92%E5%9F%8E%E5%AF%BA%E6%80%9C%3D" n1="%E3%82%88%E3%83%BC%EF%BC%A0%E3%83%AD%E3%83%83%E3%82%AF" n2="%74%61%72%6F%33%39%30%30" n3="%E3%83%88%E3%83%88%E3%83%AA%E5%85%88%E7%94%9F%31%39%E6%AD%B3" dan="18,16,17,18" rate="2246.50,2090.99,2135.10,2198.31" sx="F,M,M,F"/><TAIKYOKU oya="0"/><INIT seed="0,0,0,5,4,34" ten="250,250,250,250" oya="0" hai0="51,57,23,107,134,37,127,36,39,58,26,40,116" hai1="62,50,77,86,10,115,92,64,120,108,33,111,52" hai2="29,135,130,42,79,87,6,122,90,55,117,72,96" hai3="74,49,94,75,101,102,125,21,123,63,84,121,9"/><T83/><D107/><U43/><E33/><V47/><F122/><N who="3" m="46603" /><G125/><T118/><D83/><N who="1" m="47471" /><E120/><V106/><F130/><W46/><G63/><T65/><D23/><U70/><E115/><V89/><F135/><W78/><G21/><T22/><D22/><U103/><E103/><N who="3" m="39434" /><G9/><T132/><D26/><U97/><E97/><V7/><F96/><W76/><G94/><T59/><D65/><U98/><E98/><V15/><F106/><W112/><G84/><T67/><D67/><U110/><E92/><V24/><F87/><W129/><G112/><T41/><D127/><U71/><E10/><V91/><F24/><W31/><G31/><T128/><D128/><U95/><E95/><V109/><F29/><W16/><G16/><T114/><D114/><U81/><E71/><V35/><F35/><W8/><G8/><T44/><REACH who="0" step="1"/><D41/><REACH who="0" ten="240,250,250,250" step="2"/><U60/><E43/><V133/><F42/><N who="3" m="24791" /><G129/><T93/><D93/><U61/><E81/><V0/><F133/><AGARI ba="0,1" hai="36,37,39,40,44,51,57,58,59,116,118,132,133,134" machi="133" ten="50,24000,3" yaku="1,1,20,1,34,3,53,3" doraHai="34" doraHaiUra="54" who="0" fromWho="2" sc="240,250,250,0,250,-240,250,0" /><INIT seed="0,1,0,2,5,82" ten="490,250,10,250" oya="0" hai0="48,14,21,77,86,43,72,56,92,1,5,78,13" hai1="79,20,88,118,124,49,33,7,80,106,133,65,100" hai2="3,90,66,119,74,37,76,63,98,34,12,23,105" hai3="28,67,128,51,125,96,135,36,30,134,41,102,101"/><T19/><D1/><U39/><E118/><V127/><F119/><W44/><G128/><T70/><D70/><U53/><E39/><V113/><F113/><W120/><G125/><T58/><D72/><U112/><E33/><V108/><F127/><W69/><G120/><T104/><D104/><U94/><E124/><V89/><F108/><W129/><G129/><T121/><D58/><U117/><E117/><V35/><F3/><W97/><G36/><T73/><D73/><U6/><E65/><V57/><F37/><W16/><G67/><T17/><D5/><U54/><E133/><N who="3" m="50698" /><G69/><T95/><D121/><U83/><E112/><V15/><F35/><W0/><G0/><T132/><D132/><U68/><E68/><V11/><F34/><W110/><G16/><T115/><D115/><U131/><E131/><V31/><F31/><N who="3" m="11819" /><G110/><T9/><D43/><U130/><E130/><V40/><F40/><W38/><G51/><T62/><D48/><U4/><E20/><V25/><F25/><W27/><G27/><T123/><D123/><U24/><E24/><V2/><F23/><W50/><G50/><T85/><D9/><U81/><E49/><V103/><F2/><W42/><G42/><T59/><D21/><U52/><E79/><V126/><F126/><W60/><G60/><AGARI ba="1,0" hai="13,14,17,19,56,59,60,62,77,78,85,86,92,95" machi="60" ten="25,12000,1" yaku="22,2,8,1,52,2" doraHai="82" who="0" fromWho="3" sc="490,123,250,0,10,0,250,-123" /><INIT seed="0,2,0,0,1,29" ten="613,250,10,127" oya="0" hai0="83,34,110,94,15,96,52,134,103,61,1,64,14" hai1="9,3,116,20,24,63,42,16,112,123,38,4,26" hai2="95,118,78,6,100,99,130,46,135,128,50,7,56" hai3="32,55,31,51,18,65,122,109,85,71,133,115,25"/><T92/><D1/><U49/><E38/><V124/><F135/><W72/><G115/><T89/><D34/><U12/><E63/><V132/><F132/><W74/><G133/><T106/><D106/><U126/><E42/><V47/><F124/><W23/><G109/><T8/><D83/><U98/><E49/><V88/><F118/><W91/><G122/><T58/><D110/><U62/><E62/><V127/><F127/><W66/><G71/><T41/><D41/><U84/><E84/><V97/><F78/><W44/><G72/><T37/><D37/><U70/><E70/><V131/><F56/><W107/><G107/><T10/><D64/><U19/><E98/><V101/><F47/><W111/><G74/><T90/><D134/><U79/><E79/><V113/><F113/><W11/><G111/><T48/><D48/><U5/><E126/><V28/><F28/><W35/><G11/><N who="0" m="4139" /><D103/><N who="2" m="39498" /><F99/><AGARI ba="2,0" hai="14,15,52,58,61,89,90,92,94,96,99" m="4139" machi="99" ten="30,2900,0" yaku="8,1,54,1" doraHai="29" who="0" fromWho="2" sc="613,35,250,0,10,-35,127,0" owari="648,75.0,250,5.0,-25,-53.0,127,-27.0" /></mjloggm>