<mjloggm ver="2.3"><GO type="233" lobby="0"/><UN n0="%E3%83%AF%E3%83%B3%E3%82%BF%E3%83%B3%EF%BC%A0%E6%A8%AA%E6%B5%9C" n1="%E5%A5%B3%E3%81%AA%E3%81%AE%E3%81%82%E3%81%8C%E3%82%89%E3%81%9B%E3%81%A6" n2="%E3%82%AB%E3%83%9D%E3%83%8D%E5%9B%A3%E3%81%AE%E5%85%84%E8%B2%B4" n3="%E3%82%A6%E3%83%AB%E3%83%88%E3%83%A9%E7%AB%8B%E7%9B%B4" dan="17,17,16,17" rate="2159.18,2108.41,2133.60,2179.60" sx="M,M,M,M"/><TAIKYOKU oya="0"/><INIT seed="0,0,0,1,1,85" ten="250,250,250,250" oya="0" hai0="51,129,41,21,36,76,32,112,60,81,89,71,44" hai1="134,37,102,113,2,66,42,109,63,118,3,18,127" hai2="31,79,27,6,33,100,22,84,120,52,35,107,101" hai3="30,126,70,74,40,98,93,96,108,86,83,80,28"/><T5/><D112/><U56/><E118/><V97/><F101/><W95/><G40/><T132/><D32/><U88/><E109/><V116/><F120/><W65/><G108/><T110/><D110/><U57/><E102/><V59/><F6/><W135/><G86/><T1/><D132/><U114/><E134/><V124/><F124/><W87/><G87/><T34/><D34/><U78/><E78/><V11/><F11/><W23/><G135/><T46/><D129/><U24/><E127/><V9/><F9/><W50/><G126/><T117/><D117/><U12/><E24/><V82/><REACH who="2" step="1"/><F116/><REACH who="2" ten="250,250,240,250" step="2"/><W115/><G115/><T121/><D5/><U111/><E111/><V49/><AGARI ba="0,1" hai="22,27,31,33,35,49,52,59,79,82,84,97,100,107" machi="49" ten="20,8000,1" yaku="1,1,2,1,0,1,7,1,54,1,53,0" doraHai="85" doraHaiUra="90" who="2" fromWho="2" sc="250,-40,250,-20,240,90,250,-20" /><INIT seed="1,0,0,4,2,18" ten="210,230,330,230" oya="1" hai0="84,3,40,48,76,10,58,82,91,107,9,102,96" hai1="17,37,30,55,12,51,133,34,23,52,104,25,75" hai2="28,41,43,73,103,49,72,89,86,125,45,105,35" hai3="71,70,68,99,38,67,132,118,112,92,36,21,8"/><U1/><E37/><V111/><F125/><W60/><G112/><T6/><D10/><U131/><E104/><V22/><F35/><W46/><G132/><T65/><D65/><U33/><E75/><V2/><F2/><W93/><G118/><T85/><D58/><U121/><E121/><V59/><F111/><W120/><G120/><T62/><D62/><U19/><E133/><V53/><F105/><W4/><G46/><T129/><D129/><U113/><E113/><V29/><F103/><W95/><G99/><T106/><D107/><U20/><E131/><V56/><F56/><W5/><G21/><T64/><D64/><U44/><E1/><V134/><F41/><W119/><G119/><T97/><D97/><U100/><E100/><V122/><F122/><W16/><G60/><T83/><D48/><U127/><E127/><V81/><F134/><W39/><G67/><T79/><REACH who="0" step="1"/><D40/><REACH who="0" ten="200,230,330,230" step="2"/><U50/><E30/><V26/><F29/><W87/><G87/><T80/><D80/><U66/><E66/><V63/><AGARI ba="0,1" hai="22,26,28,43,45,49,53,59,63,72,73,81,86,89" machi="63" ten="20,2700,0" yaku="0,1,7,1,52,1" doraHai="18" who="2" fromWho="2" sc="200,-7,230,-13,330,37,230,-7" /><INIT seed="2,0,0,5,5,131" ten="193,217,367,223" oya="2" hai0="74,63,89,52,113,91,38,105,7,42,54,30,6" hai1="90,68,55,64,73,4,45,21,33,126,123,121,134" hai2="61,25,2,20,111,58,71,69,31,39,40,133,93" hai3="12,114,124,119,26,18,50,13,56,85,94,34,82"/><V10/><F111/><W51/><G119/><T97/><D113/><U48/><E33/><V100/><F133/><W53/><G114/><T96/><D74/><U106/><E106/><V36/><F2/><W0/><G0/><T57/><D30/><U67/><E73/><V22/><F22/><W70/><G70/><T15/><D38/><U92/><E4/><V23/><F23/><W118/><G118/><T78/><D78/><U19/><E126/><V88/><F10/><W112/><G112/><T35/><D42/><U75/><E75/><V46/><F100/><W110/><G110/><T27/><D27/><U98/><E134/><V43/><F43/><W129/><G129/><T8/><D35/><U80/><E80/><V5/><F5/><W130/><G130/><T37/><D37/><U81/><E81/><V87/><REACH who="2" step="1"/><F36/><REACH who="2" ten="193,217,357,223" step="2"/><W122/><G34/><T65/><D7/><U128/><E128/><V86/><F86/><W9/><G85/><T3/><D3/><U41/><E41/><V32/><F32/><W116/><G9/><T44/><D8/><U107/><E123/><V83/><F83/><W109/><G82/><T79/><D6/><U117/><E121/><V76/><F76/><W11/><G122/><T108/><D79/><U29/><E117/><V62/><F62/><W14/><G116/><T127/><D108/><U125/><E21/><V24/><F24/><W132/><G26/><T66/><D63/><U104/><E29/><V95/><F95/><W120/><G94/><T28/><D28/><U103/><E92/><V60/><F60/><W84/><G109/><RYUUKYOKU ba="0,1" sc="193,-10,217,-10,357,30,223,-10" hai2="20,25,31,39,40,46,58,61,69,71,87,88,93" /><INIT seed="2,1,1,2,3,44" ten="183,207,387,213" oya="2" hai0="6,62,81,112,118,121,78,99,1,51,5,125,122" hai1="12,10,29,43,80,79,124,7,15,105,82,98,11" hai2="56,54,16,90,30,70,23,35,111,65,38,113,100" hai3="94,33,107,73,25,19,31,89,123,48,63,109,64"/><V120/><F38/><W134/><G123/><T69/><D112/><U37/><E124/><V75/><F120/><W115/><G115/><T36/><D36/><U102/><E29/><V2/><F2/><W132/><G73/><T50/><D1/><U20/><E20/><V14/><F113/><W34/><G107/><T119/><D99/><U21/><E21/><V58/><F70/><W131/><G19/><T9/><D121/><U0/><E82/><V117/><F117/><N who="0" m="44554" /><D125/><U87/><E37/><V49/><F75/><W45/><G34/><T47/><D47/><U26/><E26/><N who="2" m="16735" /><F35/><W83/><G83/><T71/><D122/><U17/><E43/><V135/><F135/><W4/><G4/><N who="0" m="1643" /><D9/><U61/><E0/><V8/><F100/><W68/><G131/><T108/><D108/><U39/><E39/><V133/><F111/><W42/><REACH who="3" step="1"/><G109/><REACH who="3" ten="183,207,387,203" step="2"/><T41/><D71/><U116/><E116/><V114/><F114/><W13/><G13/><T77/><D81/><U91/><E105/><V106/><F106/><W27/><G27/><T88/><D78/><U53/><E79/><V92/><F133/><W96/><AGARI ba="1,2" hai="25,31,33,42,45,48,63,64,68,89,94,96,132,134" machi="96" ten="30,8000,1" yaku="1,1,0,1,52,1,53,2" doraHai="44" doraHaiUra="130" who="3" fromWho="3" sc="183,-21,207,-21,387,-41,203,103" /><INIT seed="3,0,0,1,0,13" ten="162,186,346,306" oya="3" hai0="110,109,84,11,106,56,80,31,107,88,53,58,18" hai1="25,62,42,9,131,28,97,4,78,34,95,49,96" hai2="76,36,90,66,134,73,39,67,101,40,119,3,117" hai3="69,19,130,75,111,6,118,55,116,135,41,86,99"/><W8/><G75/><T89/><D31/><U68/><E131/><V50/><F101/><W47/><G130/><T128/><D89/><U32/><E78/><V115/><F76/><W102/><G135/><T29/><D29/><U129/><E129/><V94/><F94/><W51/><G111/><N who="0" m="42507" /><D128/><U132/><E132/><V92/><F92/><W60/><G86/><T54/><D58/><U82/><E82/><V98/><F90/><W103/><G103/><T35/><D35/><U122/><E34/><V27/><F73/><W20/><G69/><T113/><D113/><U15/><E96/><V26/><F98/><W52/><G60/><N who="0" m="35855" /><D54/><U1/><E1/><V24/><F3/><W74/><G74/><T121/><D121/><U23/><E32/><V38/><F134/><W48/><G55/><T127/><D127/><U105/><E105/><V45/><REACH who="2" step="1"/><F115/><REACH who="2" ten="162,186,336,306" step="2"/><W22/><G99/><T7/><D107/><U37/><E97/><V16/><F16/><W79/><G102/><T43/><D106/><U64/><E95/><V12/><F12/><W77/><G79/><T14/><D43/><U126/><E42/><V124/><F124/><W63/><G77/><T30/><D30/><U93/><E126/><V2/><F2/><N who="3" m="87" /><G19/><AGARI ba="0,1" hai="7,11,14,18,19,80,84,88" m="35855,42507" machi="19" ten="30,7700,0" yaku="14,1,52,2,54,1" doraHai="13" who="0" fromWho="3" sc="162,87,186,0,336,0,306,-77" /><INIT seed="4,0,0,3,4,44" ten="249,186,336,229" oya="0" hai0="31,133,112,19,86,34,26,92,50,104,8,14,37" hai1="93,121,18,70,97,36,123,75,96,0,74,28,10" hai2="22,42,4,55,24,125,33,43,127,88,45,35,48" hai3="7,52,1,72,106,73,20,130,61,114,2,15,53"/><T90/><D104/><U87/><E36/><V128/><F4/><W135/><G114/><T67/><D37/><U49/><E70/><V5/><F5/><W58/><G106/><T66/><D112/><U17/><E28/><V29/><F128/><W89/><G130/><T62/><D133/><U129/><E129/><V69/><F69/><W57/><G135/><T105/><D105/><U102/><E0/><V65/><F65/><W132/><G132/><T131/><D131/><U110/><E110/><V77/><F77/><W119/><G119/><T32/><D32/><U84/><E10/><V124/><F88/><W80/><G89/><T47/><REACH who="0" step="1"/><D62/><REACH who="0" ten="239,186,336,229" step="2"/><U100/><E93/><V27/><F35/><W98/><G61/><T113/><D113/><U76/><E76/><V11/><F11/><W79/><G79/><T117/><D117/><U68/><E68/><V107/><F107/><W99/><G80/><T103/><D103/><U21/><E123/><V51/><F51/><W71/><G71/><T38/><D38/><U134/><E121/><V85/><F125/><W111/><G111/><T101/><D101/><U122/><E122/><V3/><F124/><W95/><G95/><T25/><D25/><U56/><E134/><V30/><F127/><W81/><G81/><T91/><D91/><U16/><E100/><V94/><F94/><W63/><G63/><T40/><AGARI ba="0,1" hai="8,14,19,26,31,34,40,47,50,66,67,86,90,92" machi="40" ten="20,18000,2" yaku="1,1,0,1,7,1,52,1,53,2" doraHai="44" doraHaiUra="60" who="0" fromWho="0" sc="239,190,186,-60,336,-60,229,-60" /><INIT seed="4,1,0,3,2,66" ten="429,126,276,169" oya="0" hai0="97,47,72,106,4,2,20,48,87,94,127,100,22" hai1="73,15,71,35,16,134,26,61,43,28,53,85,32" hai2="126,57,75,37,68,124,12,110,41,40,60,42,125" hai3="129,34,91,83,24,0,117,93,33,109,30,105,59"/><T132/><D72/><U95/><E73/><V133/><F75/><W50/><G105/><T114/><D114/><U13/><E134/><V112/><F110/><W77/><G117/><T84/><D127/><U21/><E43/><V7/><F7/><W96/><G109/><T108/><D108/><U128/><E128/><V130/><F12/><W80/><G0/><T135/><D87/><U39/><E39/><V81/><F81/><W58/><G129/><T88/><D4/><U120/><E120/><V69/><F130/><W62/><G34/><T111/><D2/><U11/><E13/><V8/><F8/><W86/><G83/><T64/><D64/><U115/><E115/><V55/><F112/><W1/><G1/><T76/><D76/><U25/><E25/><V49/><F133/><N who="0" m="51274" /><D111/><U103/><E85/><V131/><F131/><W74/><G50/><T9/><D9/><U5/><E5/><V70/><F37/><W121/><G121/><T99/><D97/><U79/><E79/><V3/><F3/><W54/><G96/><T38/><D38/><U29/><E35/><V107/><F107/><W123/><G123/><T63/><D63/><AGARI ba="1,0" hai="40,41,42,49,55,57,60,63,68,69,70,124,125,126" machi="63" ten="60,16000,3" yaku="29,2,18,1,34,3,52,3" doraHai="66" who="2" fromWho="0" sc="429,-163,126,0,276,163,169,0" /><INIT seed="5,0,0,5,0,109" ten="266,126,439,169" oya="1" hai0="119,55,70,77,129,112,47,27,84,78,124,120,1" hai1="118,33,26,21,76,57,105,133,25,101,56,68,49" hai2="130,92,110,44,134,103,62,66,121,69,102,131,15" hai3="12,100,0,39,99,53,88,41,51,11,7,97,16"/><U135/><E118/><V122/><F110/><W116/><G116/><T128/><D119/><U104/><E68/><V58/><F134/><N who="1" m="51209" /><E76/><V17/><F44/><W81/><G39/><T96/><D70/><U113/><E113/><V20/><F69/><W107/><G41/><T123/><D112/><U60/><E101/><N who="2" m="38411" /><F92/><W54/><G51/><N who="0" m="29183" /><D96/><U18/><E49/><V89/><F89/><W95/><REACH who="3" step="1"/><G81/><REACH who="3" ten="266,126,439,159" step="2"/><T38/><D38/><U2/><E2/><V108/><F108/><W6/><G6/><T10/><D123/><U111/><E111/><V75/><F75/><W31/><G31/><T82/><D120/><U63/><E63/><V4/><F4/><W94/><G94/><T37/><D37/><U80/><E80/><V32/><F32/><W13/><G13/><T28/><D28/><N who="1" m="19607" /><E60/><V5/><F5/><W40/><G40/><T67/><D82/><U8/><E8/><AGARI ba="0,1" hai="0,7,8,11,12,16,53,54,88,95,97,99,100,107" machi="8" ten="30,7700,0" yaku="1,1,7,1,54,2,53,0" doraHai="109" doraHaiUra="106" who="3" fromWho="1" sc="266,0,126,-77,439,0,159,87" /><INIT seed="6,0,0,0,1,27" ten="266,49,439,246" oya="2" hai0="98,62,132,128,38,129,79,25,30,34,59,13,120" hai1="1,7,100,127,109,51,36,96,2,78,80,18,111" hai2="110,44,102,4,75,83,37,76,91,22,31,88,103" hai3="23,134,94,56,107,116,112,61,122,28,53,118,73"/><V108/><F4/><W87/><G122/><T10/><D120/><U63/><E36/><V19/><F37/><W48/><G107/><T35/><D38/><U52/><E127/><V82/><F44/><W47/><G73/><T45/><D45/><U105/><E18/><V104/><F31/><W50/><G134/><T135/><D98/><U16/><E63/><V6/><F6/><W69/><G112/><T65/><D79/><U15/><E109/><N who="2" m="42091" /><F104/><W20/><G20/><T106/><D35/><U70/><E70/><V74/><F22/><W46/><G23/><T81/><D81/><N who="2" m="30730" /><F19/><W26/><G26/><T42/><D106/><U113/><E111/><V86/><F76/><W125/><G28/><T124/><D124/><U43/><E113/><V5/><F5/><W90/><G125/><T0/><D42/><U8/><E43/><V9/><F9/><W126/><G69/><T115/><D115/><U17/><E17/><V123/><F123/><W55/><REACH who="3" step="1"/><G126/><REACH who="3" ten="266,49,439,236" step="2"/><T99/><D30/><U57/><REACH who="1" step="1"/><E7/><REACH who="1" ten="266,39,439,236" step="2"/><V68/><F68/><W89/><G89/><T84/><D132/><U21/><E21/><V85/><F74/><AGARI ba="0,2" hai="1,2,8,15,16,51,52,57,74,78,80,96,100,105" machi="74" ten="30,7700,0" yaku="1,1,7,1,54,2,53,0" doraHai="27" doraHaiUra="60" who="1" fromWho="2" sc="266,0,39,97,439,-77,236,0" /><INIT seed="7,0,0,1,4,79" ten="266,136,362,236" oya="3" hai0="134,107,0,47,80,50,88,111,44,122,113,45,102" hai1="34,14,96,38,23,63,40,28,92,69,36,124,31" hai2="6,109,35,123,33,67,105,119,10,78,128,91,12" hai3="74,77,59,53,42,131,76,72,108,3,112,65,1"/><W68/><G42/><T58/><D122/><U133/><E133/><V103/><F119/><W89/><G65/><T71/><D111/><U118/><E118/><V37/><F109/><W21/><G68/><T48/><D71/><U73/><E73/><V126/><F67/><W19/><G108/><T18/><D0/><U15/><E34/><V114/><F37/><W94/><G131/><T82/><D134/><U13/><E124/><V54/><F103/><W9/><G112/><T127/><D107/><U116/><E116/><V20/><F105/><W24/><G3/><T41/><D102/><U61/><E69/><V81/><F54/><W8/><G1/><T26/><D127/><U135/><E135/><V52/><F126/><W101/><G101/><T130/><D130/><U2/><E2/><V104/><F104/><W56/><G56/><T49/><D58/><U84/><E84/><V16/><F123/><W43/><G43/><T99/><D113/><U106/><E106/><V4/><F52/><W115/><G115/><T83/><D41/><U121/><E121/><V17/><F33/><W5/><G5/><T60/><D60/><N who="1" m="23115" /><E23/><V100/><F35/><W75/><G8/><T29/><D29/><N who="1" m="11339" /><E40/><V117/><F117/><W86/><G9/><T32/><D32/><U110/><E110/><V30/><F10/><W57/><G57/><T95/><D45/><U25/><E25/><V46/><F46/><W129/><G129/><T98/><D98/><U22/><E22/><AGARI ba="0,0" hai="18,22,26,44,47,48,49,50,80,82,83,88,95,99" machi="22" ten="40,8000,1" yaku="8,1,52,3,54,1" doraHai="79" who="0" fromWho="1" sc="266,80,136,-80,362,0,236,0" owari="346,15.0,56,-44.0,362,45.0,236,-16.0" /></mjloggm>