<mjloggm ver="2.3"><GO type="169" lobby="0"/><UN n0="%53%65%6B%75%74%61" n1="%E5%B0%B1%E6%B4%BB%E7%94%9F%40%E5%B7%9D%E6%9D%91%E8%BB%8D%E5%9B%A3" n2="%E3%81%AE%E3%82%8A%E5%BC%81" n3="%E7%AB%8B%E8%8F%AF%E5%A5%8F" dan="16,17,16,17" rate="2040.51,2225.04,2161.64,2192.22" sx="M,M,M,F"/><TAIKYOKU oya="0"/><INIT seed="0,0,0,2,0,51" ten="250,250,250,250" oya="0" hai0="78,17,128,132,56,129,99,44,97,123,113,124,109" hai1="50,21,133,100,114,43,20,36,53,70,3,9,63" hai2="86,110,10,39,104,81,25,69,84,7,66,82,60" hai3="107,6,126,31,135,2,118,35,85,29,8,98,83"/><T111/><D123/><U95/><E133/><V41/><F110/><N who="0" m="41994" /><D132/><U89/><E114/><V120/><F120/><W62/><G135/><T74/><D113/><U12/><E3/><V18/><F104/><W45/><G126/><T42/><D17/><U130/><E100/><V34/><F39/><W112/><G112/><T101/><D56/><U127/><E127/><V94/><F41/><W13/><G118/><T121/><D121/><U19/><E130/><N who="0" m="50281" /><D101/><U64/><E43/><V48/><F48/><W80/><G45/><T11/><D11/><U88/><E36/><V67/><F67/><W125/><G125/><T103/><D103/><U116/><E116/><V102/><F102/><W28/><G107/><T46/><D46/><U76/><E76/><V55/><F18/><W52/><G98/><T61/><D61/><U5/><E95/><V115/><F115/><W24/><G2/><T73/><D78/><U14/><E21/><V1/><F34/><W119/><G119/><T122/><D122/><U37/><E37/><V91/><F25/><W23/><G35/><T26/><D26/><U57/><AGARI ba="0,0" hai="5,9,12,14,19,20,50,53,57,63,64,70,88,89" machi="57" ten="20,5200,0" yaku="0,1,7,1,52,1,54,1" doraHai="51" who="1" fromWho="1" sc="250,-26,250,52,250,-13,250,-13" /><INIT seed="1,0,0,4,2,59" ten="224,302,237,237" oya="1" hai0="36,85,89,76,115,92,46,91,12,113,98,20,8" hai1="121,88,1,119,33,4,19,30,14,100,134,45,56" hai2="108,34,26,31,80,77,127,13,70,65,3,135,129" hai3="131,90,15,2,82,47,132,29,123,21,68,49,16"/><U62/><E119/><V23/><F108/><W118/><G123/><T93/><D20/><U11/><E121/><V25/><F129/><W126/><G131/><T64/><D64/><U95/><E134/><V72/><F3/><W83/><G132/><T27/><D27/><U102/><E30/><V53/><F135/><W71/><G126/><T22/><D22/><U125/><E33/><V94/><F127/><W43/><G118/><T103/><D76/><U58/><E58/><V69/><F13/><W99/><G2/><T79/><D79/><U81/><E81/><V60/><F53/><W73/><G29/><T110/><D110/><U74/><E74/><V109/><F94/><W37/><G37/><T48/><D36/><U50/><E4/><V6/><F6/><W97/><G73/><T10/><D103/><U105/><E105/><V44/><F44/><W124/><G124/><T101/><D101/><U42/><E1/><V67/><F109/><W107/><G107/><T128/><D128/><U61/><E125/><V39/><F39/><W96/><REACH who="3" step="1"/><G90/><REACH who="3" ten="224,302,237,227" step="2"/><T28/><D28/><U122/><E122/><V18/><REACH who="2" step="1"/><F67/><REACH who="2" ten="224,302,227,227" step="2"/><W32/><G32/><T40/><D115/><U57/><E100/><V0/><F0/><W112/><G112/><T84/><D113/><U7/><E102/><V38/><F38/><W104/><G104/><T78/><D12/><U120/><E120/><V133/><F133/><W106/><G106/><T63/><D40/><U114/><E114/><V66/><F66/><W116/><G116/><T35/><D35/><U86/><E7/><V54/><F54/><RYUUKYOKU ba="0,2" sc="224,-30,302,10,227,10,227,10" hai1="11,14,19,42,45,50,56,57,61,62,86,88,95" hai2="18,23,25,26,31,34,60,65,69,70,72,77,80" hai3="15,16,21,43,47,49,68,71,82,83,96,97,99" /><INIT seed="1,1,2,2,3,12" ten="194,312,237,237" oya="1" hai0="1,89,91,101,92,93,84,53,9,73,64,130,62" hai1="42,98,49,119,16,54,108,27,67,105,19,7,126" hai2="125,118,83,24,131,97,78,106,94,10,18,77,103" hai3="110,99,88,59,56,129,109,51,33,55,68,114,34"/><U13/><E119/><V29/><F118/><W81/><G114/><T135/><D73/><U38/><E67/><V31/><F131/><W28/><G129/><T47/><D130/><U5/><E38/><V74/><F125/><W102/><G68/><T104/><D104/><U45/><E126/><V113/><F113/><W79/><G56/><T46/><D101/><U14/><E27/><V127/><F127/><W122/><G122/><T107/><D107/><U8/><E108/><N who="3" m="41578" /><G28/><T132/><D1/><U82/><E82/><V117/><F117/><W69/><G69/><T48/><D9/><N who="1" m="6223" /><E105/><V30/><F78/><W63/><G63/><T128/><D128/><U134/><E134/><V32/><F106/><N who="3" m="63839" /><G88/><T3/><D3/><U75/><E75/><AGARI ba="1,2" hai="33,34,51,55,59,75,79,81" m="63839,41578" machi="75" ten="30,1000,0" yaku="14,1" doraHai="12" who="3" fromWho="1" sc="194,0,312,-13,237,0,237,33" /><INIT seed="2,0,0,0,2,71" ten="194,299,237,270" oya="2" hai0="108,83,24,87,84,85,91,43,9,120,69,110,128" hai1="65,6,62,63,113,106,86,124,57,26,107,90,12" hai2="109,93,115,81,134,60,31,64,38,79,101,58,27" hai3="76,4,23,129,77,10,51,96,30,125,112,20,88"/><V126/><F115/><W18/><G112/><T39/><D69/><U73/><E73/><V67/><F134/><W3/><G125/><T44/><D120/><U16/><E113/><V103/><F126/><W29/><G129/><T17/><D128/><U80/><E124/><V89/><F109/><N who="0" m="42090" /><D24/><U19/><E6/><V5/><F5/><W55/><G23/><T13/><AGARI ba="0,0" hai="9,13,17,39,43,44,83,84,85,87,91" m="42090" machi="13" ten="30,2000,0" yaku="14,1,52,1" doraHai="71" who="0" fromWho="0" sc="194,20,299,-5,237,-10,270,-5" /><INIT seed="3,0,0,1,2,102" ten="214,294,227,265" oya="3" hai0="20,131,8,54,58,37,14,59,94,63,77,83,44" hai1="16,110,40,42,129,68,104,130,65,80,50,97,13" hai2="19,101,132,100,99,28,105,118,106,0,70,92,69" hai3="91,120,61,17,11,93,57,111,81,79,25,74,86"/><W75/><G120/><T22/><D131/><N who="1" m="50187" /><E110/><V135/><F118/><W31/><G111/><T45/><D94/><U76/><E65/><V87/><F0/><W128/><G128/><T18/><D44/><U39/><E68/><N who="2" m="26219" /><F28/><W133/><G133/><N who="2" m="51273" /><F87/><W36/><G36/><T49/><D37/><U32/><E39/><V24/><F101/><W29/><G74/><T5/><D18/><U52/><E32/><V66/><F66/><W123/><G123/><T125/><D125/><U26/><E26/><V9/><F24/><W60/><G60/><T119/><D119/><U7/><E7/><V53/><F53/><W113/><G113/><T33/><D33/><U82/><E97/><V62/><F62/><W30/><G11/><T124/><D124/><U89/><E89/><V134/><N who="2" m="51281" /><V126/><DORA hai="109" /><F126/><W127/><G127/><T10/><D10/><N who="1" m="6199" /><E104/><N who="2" m="40043" /><F9/><W23/><G30/><T78/><D78/><U88/><E82/><V108/><F108/><W90/><G90/><T1/><D1/><U41/><E88/><V114/><F19/><W56/><G56/><N who="0" m="21547" /><D63/><U98/><E98/><V122/><F122/><W107/><G107/><T46/><D46/><N who="1" m="27735" /><E42/><V73/><F73/><AGARI ba="0,0" hai="40,41,73,76,80" m="27735,6199,50187" machi="73" ten="30,3900,0" yaku="19,1,54,2" doraHai="102,109" who="1" fromWho="2" sc="214,0,294,39,227,-39,265,0" /><INIT seed="4,0,0,5,4,78" ten="214,333,188,265" oya="0" hai0="67,46,134,14,107,34,120,61,111,105,0,66,83" hai1="104,7,36,72,15,58,99,45,110,10,80,53,54" hai2="84,108,18,9,1,86,60,59,27,29,130,33,97" hai3="106,131,13,87,70,118,89,133,26,31,55,94,43"/><T115/><D0/><U100/><E110/><V63/><F108/><W117/><G131/><T116/><D111/><U77/><REACH who="1" step="1"/><E58/><REACH who="1" ten="214,323,188,265" step="2"/><V79/><F130/><W73/><G118/><T102/><D116/><U122/><E122/><V2/><F59/><W113/><G117/><T42/><D120/><U88/><E88/><V95/><F79/><W21/><G89/><T16/><D102/><U4/><E4/><V109/><F109/><W132/><G132/><T82/><D134/><U81/><E81/><V25/><F1/><W56/><G133/><T114/><D83/><U62/><E62/><V101/><F2/><W17/><G56/><T112/><D82/><U125/><E125/><V96/><F60/><W123/><G123/><T37/><D61/><U119/><E119/><V44/><F63/><W75/><G73/><T127/><D127/><U12/><E12/><V11/><F44/><W28/><G75/><T51/><D115/><U128/><E128/><V93/><F27/><W76/><G26/><T40/><D114/><U92/><E92/><V35/><F35/><W68/><G94/><T103/><D34/><U48/><E48/><V74/><F74/><W121/><G121/><T98/><D112/><U91/><E91/><V8/><REACH who="2" step="1"/><F18/><REACH who="2" ten="214,323,178,265" step="2"/><W85/><G17/><T57/><D57/><U47/><E47/><V3/><F3/><W5/><G113/><T19/><D19/><U69/><E69/><V41/><F41/><AGARI ba="0,2" hai="7,10,15,36,41,45,53,54,72,77,80,99,100,104" machi="41" ten="40,5200,0" yaku="1,1,52,1,53,1" doraHai="78" doraHaiUra="38" who="1" fromWho="2" sc="214,0,323,72,178,-52,265,0" /><INIT seed="5,0,0,4,3,122" ten="214,395,126,265" oya="1" hai0="101,35,66,102,103,87,69,24,2,52,19,58,41" hai1="8,80,29,5,117,37,25,6,135,132,16,63,98" hai2="32,53,22,70,67,96,128,81,82,120,75,31,119" hai3="126,133,105,40,36,94,12,112,47,129,116,111,55"/><U14/><E37/><V93/><F119/><W3/><RYUUKYOKU type="yao9" ba="0,0" sc="214,0,395,0,126,0,265,0" hai3="3,12,36,40,47,55,94,105,111,112,116,126,129,133" /><INIT seed="5,1,0,4,1,59" ten="214,395,126,265" oya="1" hai0="60,41,21,62,127,84,51,54,56,93,22,12,88" hai1="9,64,135,46,58,131,45,129,3,66,30,125,121" hai2="105,50,101,109,5,132,57,113,83,31,76,68,126" hai3="89,74,44,4,1,87,97,37,48,65,26,133,128"/><U102/><E30/><V25/><F109/><W61/><G37/><T6/><D127/><U112/><E102/><V130/><F126/><W99/><G74/><T111/><D111/><U69/><E9/><V17/><F130/><W70/><G128/><T43/><D21/><U29/><E29/><V82/><F132/><W78/><G78/><T53/><D6/><U27/><E27/><V124/><F124/><W55/><G133/><T19/><REACH who="0" step="1"/><D62/><REACH who="0" ten="204,395,126,265" step="2"/><N who="1" m="37975" /><E125/><V35/><F5/><W81/><REACH who="3" step="1"/><G26/><REACH who="3" ten="204,395,126,255" step="2"/><T18/><D18/><U100/><E129/><V42/><F17/><W117/><G117/><T67/><D67/><U13/><E66/><V23/><F113/><W115/><G115/><T134/><D134/><U96/><E112/><V39/><F25/><W28/><G28/><T123/><D123/><U14/><E135/><V8/><F31/><W91/><G91/><T106/><D106/><U73/><E121/><V49/><F105/><W119/><G119/><T16/><D16/><U107/><E131/><V38/><F101/><W120/><G120/><T85/><D85/><U79/><E107/><V108/><F108/><W110/><G110/><T20/><D20/><U75/><E100/><V10/><F23/><W71/><G71/><T0/><D0/><U94/><E69/><V40/><F68/><W114/><G114/><T47/><AGARI ba="1,2" hai="12,19,22,41,43,47,51,53,54,56,60,84,88,93" machi="47" ten="20,12000,2" yaku="1,1,0,1,7,1,8,1,52,1,54,1,53,1" doraHai="59" doraHaiUra="15" who="0" fromWho="0" sc="204,143,395,-61,126,-31,255,-31" /><INIT seed="6,0,0,3,1,135" ten="347,334,95,224" oya="2" hai0="31,61,132,82,35,57,28,54,1,37,19,94,128" hai1="51,9,26,47,30,18,127,93,118,40,116,44,67" hai2="92,119,58,77,8,88,39,50,21,33,66,64,3" hai3="79,86,100,80,42,62,45,32,87,134,98,36,108"/><V11/><F119/><W115/><G134/><T59/><D132/><U43/><E127/><V60/><F33/><W95/><G108/><T0/><D37/><U20/><E67/><V81/><F39/><W105/><G32/><T99/><D19/><U27/><E93/><V125/><F125/><W104/><G115/><T22/><D22/><U126/><E126/><V68/><F50/><W55/><G86/><T25/><D31/><U109/><E109/><V70/><F21/><W113/><G113/><T85/><D59/><U73/><E73/><V97/><F3/><W90/><G79/><T91/><D128/><U29/><E9/><V15/><F66/><W110/><G110/><T101/><AGARI ba="0,0" hai="0,1,25,28,35,54,57,61,82,85,91,94,99,101" machi="101" ten="20,1500,0" yaku="0,1,7,1" doraHai="135" who="0" fromWho="0" sc="347,15,334,-4,95,-7,224,-4" /><INIT seed="7,0,0,2,3,132" ten="362,330,88,220" oya="3" hai0="126,100,34,8,133,127,65,51,3,109,73,99,71" hai1="85,67,49,10,125,7,76,64,119,38,91,39,26" hai2="12,17,29,104,66,24,52,63,33,107,111,36,68" hai3="105,55,116,124,130,15,1,87,79,121,110,11,80"/><W98/><G1/><T88/><D73/><U83/><E125/><N who="0" m="47625" /><D34/><U37/><E119/><V48/><F36/><W19/><G124/><T93/><D51/><U43/><E26/><V106/><F111/><W58/><G110/><T53/><D53/><U75/><E91/><V123/><F123/><W14/><G121/><T135/><D109/><U16/><E16/><V92/><F92/><W115/><G115/><T86/><D65/><U134/><E134/><V74/><F74/><W44/><G116/><T112/><D71/><U120/><E120/><V81/><F81/><W60/><G130/><T30/><D30/><U70/><E70/><V108/><F108/><W22/><G44/><T9/><D112/><U46/><REACH who="1" step="1"/><E75/><REACH who="1" ten="362,320,88,220" step="2"/><V128/><F128/><W27/><G105/><N who="0" m="63647" /><D9/><U28/><E28/><V2/><F2/><AGARI ba="0,1" hai="2,7,10,37,38,39,43,46,49,64,67,76,83,85" machi="2" ten="40,1300,0" yaku="1,1,53,0" doraHai="132" doraHaiUra="57" who="1" fromWho="2" sc="362,0,320,23,88,-13,220,0" owari="362,46.0,343,14.0,75,-42.0,220,-18.0" /></mjloggm>