<mjloggm ver="2.3"><GO type="169" lobby="0"/><UN n0="%E5%9C%B0%E7%90%83%E5%A7%94%E5%93%A1%E9%95%B7" n1="%E9%88%B4%E4%BE%8D" n2="%74%61%6B%61%79%79%79%79" n3="%E3%83%88%E3%83%88%E3%83%AA%E5%85%88%E7%94%9F%31%39%E6%AD%B3" dan="16,16,16,18" rate="2060.89,2136.08,2089.26,2242.52" sx="M,M,M,F"/><TAIKYOKU oya="0"/><INIT seed="0,0,0,2,3,69" ten="250,250,250,250" oya="0" hai0="5,37,56,36,14,87,88,115,15,73,18,16,79" hai1="70,64,10,135,76,107,94,100,24,44,105,110,130" hai2="95,39,8,89,129,34,9,3,109,68,97,49,91" hai3="1,131,86,83,17,33,26,11,127,20,65,112,59"/><T55/><D115/><U40/><E110/><V123/><F68/><W90/><G112/><T84/><D73/><U38/><E130/><V106/><F123/><W102/><G131/><T120/><D120/><U98/><E135/><V12/><F34/><W31/><G127/><T28/><D28/><U81/><E24/><V60/><F109/><W111/><G111/><T113/><D113/><U58/><E70/><V80/><F39/><W13/><G102/><T118/><D118/><U92/><E92/><V116/><F116/><W122/><G122/><T71/><D71/><U114/><E114/><V85/><F60/><W52/><G65/><T78/><D5/><U108/><E108/><V93/><F129/><W6/><REACH who="3" step="1"/><G52/><REACH who="3" ten="250,250,250,240" step="2"/><T61/><D78/><U50/><E64/><V75/><F89/><W133/><G133/><T53/><D53/><U66/><E66/><V22/><F91/><W57/><AGARI ba="0,1" hai="1,6,11,13,17,20,26,31,33,57,59,83,86,90" machi="57" ten="30,7900,0" yaku="1,1,0,1,24,2,53,0" doraHai="69" doraHaiUra="48" who="3" fromWho="3" sc="250,-39,250,-20,250,-20,240,89" /><INIT seed="1,0,0,5,5,130" ten="211,230,230,329" oya="1" hai0="21,86,16,52,100,66,77,81,43,9,42,98,25" hai1="39,96,1,20,113,80,105,72,131,63,7,54,124" hai2="74,111,27,118,95,69,32,47,85,17,112,28,129" hai3="90,55,76,8,14,12,24,29,4,134,40,64,117"/><U126/><E131/><V99/><F118/><W78/><G117/><T33/><D66/><U70/><E113/><V57/><F111/><W127/><G127/><T122/><D122/><U73/><E39/><V83/><F69/><W60/><G134/><T109/><D109/><U2/><E20/><V51/><F74/><N who="1" m="28777" /><E80/><V106/><F106/><W26/><G40/><T120/><D120/><U68/><E54/><V94/><F129/><W133/><G133/><T123/><D123/><U45/><E45/><V92/><F57/><N who="3" m="36879" /><G29/><T36/><D36/><U61/><E7/><V34/><F112/><W75/><G75/><T38/><D38/><U37/><E37/><V35/><F17/><W84/><G12/><N who="0" m="7183" /><D33/><U93/><E105/><V3/><F3/><N who="1" m="1033" /><E93/><V128/><F128/><W49/><G24/><T79/><D79/><U41/><E96/><V0/><F0/><W104/><G26/><T115/><D115/><U53/><E41/><V103/><F99/><W15/><G15/><T119/><D119/><U125/><E53/><V5/><F5/><W59/><G104/><T10/><D10/><U65/><E65/><V46/><F103/><W31/><G31/><N who="0" m="17839" /><D52/><U107/><E107/><V110/><F110/><W132/><G132/><T82/><D82/><AGARI ba="0,0" hai="4,8,14,49,55,59,76,78,82,84,90" m="36879" machi="82" ten="30,1000,0" yaku="8,1" doraHai="130" who="3" fromWho="0" sc="211,-10,230,0,230,0,329,10" /><INIT seed="2,0,0,0,1,39" ten="201,230,230,339" oya="2" hai0="45,20,12,9,107,102,27,84,61,124,67,60,115" hai1="90,120,77,26,50,66,109,114,65,52,95,16,28" hai2="7,24,94,135,31,54,37,69,0,62,64,33,70" hai3="2,8,19,40,74,11,101,15,35,110,81,105,68"/><V59/><F135/><W36/><G68/><T47/><D115/><U122/><E114/><V76/><F37/><W113/><G113/><T132/><D132/><U133/><E77/><V100/><F76/><W104/><G35/><T119/><D119/><U3/><E3/><V112/><F112/><W127/><G110/><T18/><D124/><U42/><E109/><V130/><F130/><W71/><G71/><T87/><D107/><U88/><E42/><V126/><F126/><W78/><G101/><T117/><D117/><U14/><E133/><V5/><F0/><W6/><G127/><T125/><D125/><U30/><E26/><V51/><REACH who="2" step="1"/><F70/><REACH who="2" ten="201,230,220,339" step="2"/><W82/><G36/><T134/><D134/><U98/><E120/><V83/><F83/><W17/><G81/><T46/><D102/><U41/><E122/><V58/><F58/><W21/><G82/><T106/><D106/><U92/><E92/><V4/><F4/><W38/><G78/><T85/><D67/><N who="1" m="25611" /><E90/><V25/><F25/><W22/><G104/><T34/><REACH who="0" step="1"/><D34/><REACH who="0" ten="191,230,220,339" step="2"/><U123/><E123/><V13/><F13/><W89/><G105/><T131/><D131/><U1/><E1/><V75/><F75/><W91/><G74/><T96/><D96/><AGARI ba="0,2" hai="5,7,24,31,33,51,54,59,62,64,69,94,96,100" machi="96" ten="40,3900,0" yaku="1,1,53,1" doraHai="39" doraHaiUra="29" who="2" fromWho="0" sc="191,-39,230,0,220,59,339,0" /><INIT seed="2,1,0,4,4,92" ten="152,230,279,339" oya="2" hai0="11,72,12,67,4,101,111,28,125,10,90,135,22" hai1="91,9,129,61,66,7,39,124,108,87,48,23,93" hai2="54,104,78,102,44,20,6,115,86,25,0,29,97" hai3="128,43,82,80,68,51,103,35,50,40,127,27,46"/><V118/><F118/><W114/><G68/><T30/><D111/><U47/><E39/><V18/><F115/><W106/><G114/><T24/><D125/><U62/><E108/><V105/><F0/><W45/><G127/><T69/><D135/><U133/><E129/><V85/><F6/><W2/><G2/><T17/><D72/><U34/><E34/><V84/><F105/><W113/><G113/><T89/><D101/><U37/><E37/><V55/><F55/><W53/><G128/><T112/><D112/><U60/><E133/><V42/><F54/><W132/><G132/><T52/><D69/><U99/><E23/><V13/><F78/><W123/><G123/><T71/><D71/><U36/><E36/><V8/><REACH who="2" step="1"/><F85/><REACH who="2" ten="152,230,269,339" step="2"/><W49/><G53/><T81/><D67/><U41/><E124/><V79/><F79/><W107/><G107/><T120/><D120/><U131/><E131/><V64/><F64/><W63/><G106/><T59/><D81/><U33/><E66/><V38/><AGARI ba="1,1" hai="8,13,18,20,25,29,38,42,44,84,86,97,102,104" machi="38" ten="20,7800,0" yaku="1,1,0,1,7,1,52,1,53,0" doraHai="92" doraHaiUra="130" who="2" fromWho="2" sc="152,-27,230,-27,269,91,339,-27" /><INIT seed="2,2,0,4,3,111" ten="125,203,360,312" oya="2" hai0="50,59,10,67,3,28,89,23,20,39,64,133,80" hai1="82,6,15,54,1,32,26,58,24,99,124,102,130" hai2="70,126,125,132,98,105,106,73,5,93,62,85,108" hai3="13,77,128,112,113,90,122,44,69,22,116,84,66"/><V79/><F5/><W81/><G116/><T114/><D39/><U40/><E124/><N who="2" m="47723" /><F132/><W65/><G122/><T94/><D80/><U101/><E130/><V88/><F108/><W68/><G128/><T49/><D133/><U121/><E121/><V16/><F16/><N who="3" m="10511" /><G44/><T30/><D114/><N who="3" m="44137" /><G77/><T46/><D3/><U52/><E1/><V27/><F27/><W8/><G8/><T36/><D36/><U47/><E47/><V14/><F14/><W55/><G55/><N who="0" m="32247" /><D10/><U118/><E54/><V35/><F35/><W11/><G11/><T33/><D33/><U74/><E52/><V17/><F17/><W25/><G25/><T61/><D61/><U115/><E24/><V78/><F70/><AGARI ba="2,0" hai="65,66,68,69,70,81,84,90" m="44137,10511" machi="70" ten="30,8000,1" yaku="11,1,52,3,54,1" doraHai="111" who="3" fromWho="2" sc="125,0,203,0,360,-86,312,86" /><INIT seed="3,0,0,4,4,23" ten="125,203,274,398" oya="3" hai0="58,112,1,135,32,20,80,98,123,106,30,29,31" hai1="101,128,15,93,107,43,100,36,64,84,38,68,17" hai2="24,133,86,109,111,57,122,75,16,87,8,19,118" hai3="45,121,70,26,10,108,85,5,110,88,14,54,67"/><W77/><G121/><T79/><D123/><U120/><E120/><V13/><F118/><W53/><G77/><T48/><D1/><U74/><E74/><V102/><F133/><W83/><G67/><T66/><D32/><U65/><E107/><V103/><F75/><W124/><G70/><T49/><D135/><U2/><E2/><V56/><F122/><W116/><G116/><T117/><D117/><U59/><E68/><V9/><F13/><W11/><G124/><T12/><D112/><U3/><E3/><V132/><F132/><W99/><G11/><T91/><D12/><U44/><E36/><V114/><F114/><W113/><G113/><T47/><D66/><U127/><E128/><V130/><F130/><W78/><G45/><T46/><D58/><U35/><E35/><V60/><F60/><W22/><G99/><T50/><D20/><U40/><E40/><V52/><F52/><W73/><G54/><T51/><N who="0" m="12288" /><DORA hai="131" /><T90/><D106/><U25/><E59/><V21/><F21/><W7/><G53/><T37/><D37/><U63/><E64/><V89/><F89/><N who="0" m="33802" /><D98/><U71/><E63/><V55/><F55/><W6/><G78/><T129/><D129/><U96/><E65/><V27/><AGARI ba="0,0" hai="8,9,16,19,24,27,56,57,86,87,102,103,109,111" machi="27" ten="25,12000,2" yaku="0,1,22,2,52,2,54,1" doraHai="23,131" who="2" fromWho="2" sc="125,-30,203,-30,274,120,398,-60" /><INIT seed="4,0,0,2,5,74" ten="95,173,394,338" oya="0" hai0="88,91,100,111,99,43,55,121,50,135,11,8,92" hai1="7,77,4,16,116,125,117,76,126,119,132,86,20" hai2="103,93,134,66,81,23,113,64,108,80,123,41,40" hai3="106,33,34,38,25,18,26,82,12,3,57,128,37"/><T13/><D121/><U62/><E62/><V58/><F123/><W114/><G106/><T48/><D135/><U27/><E132/><V39/><F113/><W9/><G114/><T59/><D111/><U107/><E107/><V51/><F39/><W29/><G128/><T79/><D79/><N who="1" m="30283" /><E86/><V63/><F66/><W127/><G82/><N who="2" m="31849" /><F134/><W78/><G78/><T19/><REACH who="0" step="1"/><D11/><REACH who="0" ten="85,173,394,338" step="2"/><U6/><E119/><V96/><F108/><W31/><G127/><N who="1" m="48650" /><E117/><V72/><F72/><W15/><G9/><T46/><AGARI ba="0,1" hai="8,13,19,43,46,48,50,55,59,88,91,92,99,100" machi="46" ten="30,11700,0" yaku="1,1,0,1,8,1,54,1,53,0" doraHai="74" doraHaiUra="130" who="0" fromWho="0" sc="85,127,173,-39,394,-39,338,-39" /><INIT seed="4,1,0,1,4,46" ten="212,134,355,299" oya="0" hai0="23,87,60,64,91,134,29,28,10,12,84,129,30" hai1="103,68,86,61,135,2,110,92,65,133,111,49,107" hai2="105,25,44,115,125,80,75,38,35,45,15,31,119" hai3="43,17,99,130,88,8,51,123,54,85,112,13,39"/><T19/><D129/><U26/><E2/><V113/><F125/><W116/><G116/><T117/><D117/><U90/><E26/><V120/><F120/><W108/><G108/><T22/><D134/><N who="1" m="51211" /><E107/><V16/><F119/><W74/><G74/><T96/><D96/><N who="1" m="59783" /><E49/><V56/><F105/><W109/><G109/><T70/><REACH who="0" step="1"/><D87/><REACH who="0" ten="202,134,355,299" step="2"/><U21/><E21/><V11/><F75/><W58/><G130/><T18/><D18/><U78/><E78/><V93/><F16/><W122/><G99/><T101/><D101/><U40/><E40/><V6/><F115/><W83/><G112/><T72/><D72/><U34/><E34/><V118/><F35/><W55/><G43/><T20/><D20/><U53/><E53/><V89/><F113/><W124/><G124/><T32/><D32/><U81/><AGARI ba="1,1" hai="61,65,68,81,86,90,110,111" m="59783,51211" machi="81" ten="30,1100,0" yaku="20,1" doraHai="46" who="1" fromWho="1" sc="202,-6,134,24,355,-4,299,-4" /><INIT seed="5,0,0,5,5,111" ten="196,158,351,295" oya="1" hai0="58,129,68,44,4,60,7,86,132,49,8,123,81" hai1="135,108,114,57,122,12,99,100,75,83,67,74,65" hai2="118,29,105,62,59,9,46,95,41,70,69,84,103" hai3="63,128,42,89,13,61,64,110,87,66,54,33,115"/><U116/><E122/><V121/><F118/><W94/><G110/><T35/><D35/><U40/><E116/><V93/><F121/><W98/><G33/><T56/><D123/><U28/><E108/><V55/><F105/><W32/><G32/><T80/><D132/><U96/><E135/><V91/><F29/><W16/><G128/><T72/><D72/><U5/><E74/><V125/><F125/><W25/><G115/><T112/><D112/><U22/><E114/><V133/><F133/><W43/><G25/><T97/><D97/><N who="1" m="37451" /><E75/><V39/><F103/><W52/><G43/><T79/><D129/><U48/><E100/><V19/><F95/><W76/><G42/><T30/><D30/><U6/><E83/><V23/><REACH who="2" step="1"/><F9/><REACH who="2" ten="196,158,341,295" step="2"/><W3/><G94/><T18/><D8/><U134/><E134/><V101/><F101/><W130/><G130/><T50/><D81/><U88/><E28/><V106/><F106/><W77/><G3/><T14/><D80/><U47/><E22/><V17/><F17/><W104/><G104/><T15/><D18/><U27/><E5/><V53/><F53/><W90/><G16/><T117/><D117/><U45/><E6/><V120/><F120/><W92/><G92/><T26/><D4/><U71/><E40/><V73/><F73/><W1/><G1/><T24/><D7/><U36/><E27/><AGARI ba="0,1" hai="19,23,27,39,41,46,55,59,62,69,70,84,91,93" machi="27" ten="30,2000,0" yaku="1,1,7,1,53,0" doraHai="111" doraHaiUra="78" who="2" fromWho="1" sc="196,0,158,-20,341,30,295,0" /><INIT seed="6,0,0,0,1,15" ten="196,138,371,295" oya="2" hai0="38,94,56,123,108,62,134,18,34,82,42,77,102" hai1="78,128,133,126,132,67,27,30,122,104,86,69,88" hai2="87,130,85,13,68,120,16,119,14,45,95,12,75" hai3="89,59,103,72,131,1,53,24,73,43,52,64,115"/><V92/><F75/><W50/><G1/><T58/><D123/><U11/><E122/><V81/><F119/><W4/><G4/><T84/><D108/><U106/><E78/><N who="2" m="46263" /><F68/><W125/><G131/><T79/><D34/><U31/><E128/><V46/><F130/><W135/><G135/><N who="1" m="51786" /><E126/><V101/><F120/><W26/><G125/><T40/><D134/><U71/><E11/><N who="2" m="6175" /><F87/><W65/><G103/><T111/><D79/><U9/><E9/><V112/><F112/><W90/><G43/><N who="0" m="16427" /><D38/><U110/><E110/><V8/><F14/><W3/><G3/><T2/><D2/><U97/><E31/><V28/><F28/><W113/><G59/><T23/><D62/><N who="1" m="40183" /><E71/><V105/><F105/><W6/><G6/><T21/><D111/><U93/><E86/><V116/><F116/><W19/><G50/><T48/><D48/><U109/><E109/><V29/><F29/><W124/><G124/><T117/><D117/><U114/><E114/><V118/><F118/><W36/><REACH who="3" step="1"/><G19/><REACH who="3" ten="196,138,371,285" step="2"/><T39/><D39/><AGARI ba="0,1" hai="24,26,36,39,52,53,64,65,72,73,89,90,113,115" machi="39" ten="25,8000,1" yaku="1,1,2,1,22,2,54,1,53,0" doraHai="15" doraHaiUra="57" who="3" fromWho="0" sc="196,-80,138,0,371,0,285,90" /><INIT seed="7,0,0,0,1,1" ten="116,138,371,375" oya="3" hai0="112,130,58,43,84,10,2,48,54,68,91,97,60" hai1="117,72,6,98,12,76,41,7,129,50,82,132,26" hai2="23,122,3,71,19,80,111,33,4,70,88,63,16" hai3="36,77,38,106,45,104,32,69,89,53,29,121,95"/><W102/><G121/><T119/><D119/><U134/><E129/><V74/><F111/><W44/><G69/><T131/><D112/><U49/><E117/><V108/><F108/><W113/><G113/><T52/><D97/><U73/><E73/><V18/><F33/><W14/><G77/><T30/><D43/><U37/><E26/><V47/><F122/><W118/><G118/><T56/><D30/><U59/><E98/><V51/><F4/><N who="1" m="1577" /><E12/><V62/><F3/><W105/><G14/><T85/><D68/><U90/><E90/><V5/><F5/><W40/><G102/><T34/><D34/><U107/><E107/><V46/><F71/><W79/><G79/><T21/><D2/><U17/><E59/><V96/><F70/><W100/><G100/><T110/><D110/><U135/><E17/><N who="2" m="6763" /><F74/><W11/><G11/><T103/><D103/><U99/><E99/><V92/><F80/><W22/><G32/><T61/><D10/><U81/><E81/><V115/><F115/><W126/><G126/><T9/><D9/><U0/><E0/><V114/><F114/><W65/><G22/><T116/><D116/><U66/><E66/><V75/><F75/><W13/><G65/><T124/><D124/><U86/><E72/><V83/><F83/><W78/><G13/><T24/><D48/><U25/><E25/><N who="2" m="14591" /><F47/><AGARI ba="0,0" hai="37,41,47,49,50,76,82,86,132,134,135" m="1577" machi="47" ten="40,8000,1" yaku="20,1,52,3" doraHai="1" who="1" fromWho="2" sc="116,0,138,80,371,-80,375,0" owari="116,-38.0,218,-18.0,291,9.0,375,47.0" /></mjloggm>