<mjloggm ver="2.3"><GO type="169" lobby="0"/><UN n0="%E5%B0%B1%E6%B4%BB%E7%94%9F%40%E5%B7%9D%E6%9D%91%E8%BB%8D%E5%9B%A3" n1="%63%72%69%74%74%65%72" n2="%68%65%74" n3="%4A%61%6E%2D%4D%61%63%68" dan="17,16,16,17" rate="2253.72,2040.70,2056.38,2195.94" sx="M,M,M,M"/><TAIKYOKU oya="0"/><INIT seed="0,0,0,3,3,61" ten="250,250,250,250" oya="0" hai0="87,84,2,41,10,92,121,36,59,128,101,32,102" hai1="66,25,43,34,51,117,20,3,120,49,30,62,86" hai2="88,15,125,100,109,5,105,13,130,108,48,46,42" hai3="122,96,126,127,133,58,116,39,17,40,71,44,50"/><T103/><D121/><U83/><E120/><V107/><F130/><W74/><G74/><T119/><D32/><U73/><E117/><V75/><F75/><W110/><G122/><T21/><D119/><U57/><E3/><V106/><F125/><N who="3" m="47627" /><G17/><T18/><D128/><U123/><E123/><V95/><F100/><W0/><G96/><T38/><D41/><U37/><E73/><V4/><F4/><W111/><G0/><T52/><D10/><U1/><E1/><V54/><F42/><W67/><G133/><T7/><D7/><U90/><REACH who="1" step="1"/><E34/><REACH who="1" ten="250,240,250,250" step="2"/><V98/><REACH who="2" step="1"/><F5/><REACH who="2" ten="250,240,240,250" step="2"/><W129/><G116/><T9/><D2/><U76/><E76/><V68/><F68/><W91/><G129/><T23/><D36/><U63/><E63/><V99/><F99/><W16/><G71/><T135/><D38/><U85/><E85/><V132/><F132/><W104/><G39/><T69/><D87/><U77/><E77/><V45/><F45/><AGARI ba="0,2" hai="20,25,30,37,43,45,49,51,57,62,66,83,86,90" machi="45" ten="40,5200,0" yaku="1,1,52,1,53,1" doraHai="61" doraHaiUra="56" who="1" fromWho="2" sc="250,0,240,72,240,-52,250,0" /><INIT seed="1,0,0,5,5,7" ten="250,312,188,250" oya="1" hai0="89,117,109,126,95,104,99,133,120,6,108,118,58" hai1="79,130,125,66,36,87,80,107,86,0,39,132,134" hai2="37,124,119,102,129,81,91,1,12,16,17,72,116" hai3="92,55,11,41,3,59,38,23,97,127,45,5,131"/><U48/><E0/><V63/><F1/><W27/><G131/><T88/><D120/><U15/><E130/><V82/><F129/><W26/><G127/><T135/><D6/><U9/><E125/><V100/><F124/><W13/><G23/><T52/><D104/><U74/><E107/><V73/><F37/><N who="1" m="14409" /><E66/><V121/><F63/><W43/><G43/><T61/><D89/><U90/><E48/><V114/><F91/><W68/><G68/><T33/><D33/><U51/><E51/><V70/><F12/><W44/><G3/><T10/><D10/><U2/><E2/><V18/><F70/><W76/><G76/><T123/><D126/><U115/><E115/><V69/><F69/><W20/><G20/><T28/><D28/><U65/><E65/><V101/><F121/><W42/><G42/><T25/><D25/><N who="3" m="9225" /><G41/><T83/><D83/><N who="2" m="31754" /><F114/><W46/><G38/><T128/><D128/><U8/><E90/><V14/><F14/><W24/><N who="3" m="9233" /><W35/><DORA hai="103" /><G35/><T64/><D64/><U40/><E40/><V47/><F47/><W57/><G55/><T106/><D106/><U32/><E32/><V93/><F93/><W96/><G92/><T122/><D122/><U67/><E67/><V49/><F49/><W30/><G30/><T21/><D21/><U111/><E79/><V53/><F53/><W29/><G29/><T110/><D123/><U94/><E94/><V112/><F112/><W75/><G75/><AGARI ba="0,0" hai="16,17,18,72,73,75,100,101,102,116,119" m="31754" machi="75" ten="40,5200,0" yaku="28,2,54,1" doraHai="7,103" who="2" fromWho="3" sc="250,0,312,0,188,52,250,-52" /><INIT seed="2,0,0,5,2,35" ten="250,312,240,198" oya="2" hai0="6,103,129,37,3,36,90,45,131,16,19,124,92" hai1="56,105,51,95,32,99,78,100,82,125,71,132,14" hai2="20,114,42,119,93,46,17,73,13,15,29,66,43" hai3="130,54,72,86,11,98,52,10,69,107,135,59,63"/><V77/><F119/><W58/><G72/><T116/><D124/><U83/><E125/><V4/><F114/><W24/><G69/><T70/><D70/><U12/><E71/><V106/><F106/><W89/><G135/><T38/><D103/><U1/><E132/><V26/><F66/><W74/><G74/><T28/><D28/><U22/><E32/><V91/><F4/><W39/><G39/><T18/><D45/><U133/><E133/><V33/><F13/><W34/><G130/><N who="0" m="49675" /><D116/><U126/><E126/><V67/><F67/><W97/><G107/><T68/><D68/><U60/><E1/><V110/><F110/><W118/><G118/><T96/><D6/><U112/><E112/><V8/><F33/><W122/><G122/><T7/><D7/><U117/><E117/><V123/><F123/><W65/><G65/><T85/><D96/><N who="3" m="36969" /><G24/><T21/><D21/><U84/><E105/><V2/><F2/><AGARI ba="0,0" hai="2,3,16,18,19,36,37,38,85,90,92" m="49675" machi="2" ten="40,8000,1" yaku="19,1,52,2,54,1" doraHai="35" who="0" fromWho="2" sc="250,80,312,0,240,-80,198,0" /><INIT seed="3,0,0,3,3,118" ten="330,312,160,198" oya="3" hai0="23,99,69,92,9,48,93,71,75,4,90,107,98" hai1="128,41,29,34,42,83,86,44,11,130,114,89,58" hai2="61,26,31,45,27,100,50,123,132,104,0,36,13" hai3="76,72,28,18,88,60,125,97,38,133,14,124,20"/><W134/><G38/><T35/><D35/><U131/><E114/><V12/><F0/><W73/><G60/><T16/><D75/><N who="3" m="28745" /><G28/><T135/><D107/><U96/><E29/><V24/><F36/><W129/><G76/><T113/><D135/><N who="3" m="51721" /><G129/><T54/><D113/><U66/><E34/><V120/><F132/><W79/><G79/><T56/><D9/><U110/><E11/><V22/><F31/><W105/><G105/><T126/><D4/><U84/><E110/><V67/><F100/><W77/><G77/><T64/><D64/><U74/><E74/><V68/><F104/><W122/><G122/><N who="2" m="46633" /><F22/><W106/><G88/><T52/><D54/><AGARI ba="0,0" hai="12,13,24,26,27,45,50,54,61,67,68" m="46633" machi="54" ten="30,7700,0" yaku="13,1,52,3" doraHai="118" who="2" fromWho="0" sc="330,-77,312,0,160,77,198,0" /><INIT seed="4,0,0,2,2,81" ten="253,312,237,198" oya="0" hai0="134,5,116,119,112,15,34,51,95,113,117,52,62" hai1="111,121,128,132,53,49,47,108,105,3,99,31,59" hai2="27,10,48,66,129,76,20,63,85,61,9,42,21" hai3="125,88,35,83,78,74,77,109,110,16,25,30,131"/><T115/><D34/><U104/><E121/><V32/><F32/><W67/><G131/><T55/><D95/><U2/><E128/><V64/><F129/><W29/><G125/><T87/><D5/><U130/><E130/><V106/><F106/><W122/><G67/><T22/><D134/><U68/><E132/><V73/><F73/><W127/><G122/><T38/><D38/><U124/><E124/><V26/><F76/><W33/><G127/><T17/><D62/><U8/><E68/><V133/><F133/><W37/><G37/><T126/><D126/><U23/><E108/><V107/><F107/><W60/><G60/><T94/><REACH who="0" step="1"/><D51/><REACH who="0" ten="243,312,237,198" step="2"/><U40/><E49/><V120/><F48/><W13/><G110/><T84/><D84/><U97/><E105/><V57/><F120/><W102/><G109/><T72/><D72/><U79/><E104/><V89/><F85/><W86/><G102/><T54/><D54/><U50/><E53/><V135/><F135/><W1/><G74/><T103/><D103/><U11/><E50/><V96/><F63/><W41/><G41/><T101/><D101/><U93/><E40/><V14/><F42/><W12/><G1/><T75/><D75/><U18/><E3/><V98/><F61/><W69/><G69/><T90/><AGARI ba="0,1" hai="15,17,22,52,55,87,90,94,112,113,115,116,117,119" machi="90" ten="40,12000,1" yaku="1,1,0,1,15,1,52,1,54,1,53,0" doraHai="81" doraHaiUra="46" who="0" fromWho="0" sc="243,130,312,-40,237,-40,198,-40" /><INIT seed="4,1,0,2,5,82" ten="373,272,197,158" oya="0" hai0="37,22,127,33,2,9,121,85,90,71,27,30,6" hai1="134,91,41,80,84,125,38,39,119,132,11,117,116" hai2="79,124,13,96,53,113,19,25,15,98,36,65,123" hai3="48,126,26,92,1,75,112,60,67,14,77,29,56"/><T83/><D71/><U81/><E125/><V95/><F123/><W35/><G1/><T128/><D37/><U93/><E11/><V129/><F113/><W107/><G107/><T32/><D121/><U24/><E24/><V0/><F0/><W42/><G112/><T5/><D127/><U62/><E62/><V102/><F124/><W7/><G77/><T94/><D128/><U12/><E12/><V89/><F129/><W131/><G75/><T106/><D106/><U44/><REACH who="1" step="1"/><E38/><REACH who="1" ten="373,262,197,158" step="2"/><V3/><F36/><W111/><G126/><T63/><D63/><U34/><E34/><V31/><F13/><W10/><G131/><T110/><D110/><U100/><E100/><V55/><F3/><W74/><G111/><T87/><REACH who="0" step="1"/><D5/><REACH who="0" ten="363,262,197,158" step="2"/><U17/><E17/><V46/><F19/><W109/><G60/><T78/><AGARI ba="1,2" hai="2,6,9,22,27,30,32,33,78,83,85,87,90,94" machi="78" ten="20,18000,2" yaku="1,1,2,1,0,1,7,1,52,2,53,0" doraHai="82" doraHaiUra="105" who="0" fromWho="0" sc="363,203,262,-61,197,-61,158,-61" /><INIT seed="4,2,0,2,0,40" ten="566,201,136,97" oya="0" hai0="111,54,32,12,19,43,102,124,35,114,132,99,9" hai1="59,0,125,38,103,74,53,134,101,8,128,26,117" hai2="11,6,49,68,67,96,90,113,92,69,73,3,106" hai3="33,58,72,78,10,5,121,91,45,135,46,52,15"/><T4/><D114/><U36/><E117/><V51/><F113/><W82/><G33/><T48/><D111/><U112/><E74/><V23/><F73/><W75/><G75/><T115/><D115/><U110/><E112/><V131/><F131/><W89/><G121/><T21/><D124/><U41/><E128/><V31/><F106/><W88/><REACH who="3" step="1"/><G135/><REACH who="3" ten="566,201,136,87" step="2"/><T42/><D35/><U29/><E134/><V27/><F67/><W116/><G116/><T55/><D32/><U47/><E110/><V7/><F7/><W133/><G133/><T83/><D132/><U30/><E125/><V50/><AGARI ba="2,1" hai="3,6,11,23,27,31,49,50,51,68,69,90,92,96" machi="50" ten="30,1100,0" yaku="0,1" doraHai="40" who="2" fromWho="2" sc="566,-7,201,-5,136,27,87,-5" /><INIT seed="5,0,0,1,5,128" ten="559,196,163,82" oya="1" hai0="131,34,110,13,63,47,80,15,62,51,67,21,7" hai1="19,69,43,98,68,48,4,90,11,29,118,85,17" hai2="36,81,126,38,50,26,0,132,58,100,127,76,30" hai3="52,123,60,37,93,124,66,20,114,108,16,82,53"/><U40/><E118/><V125/><F0/><W129/><G123/><T57/><D34/><U54/><E29/><V79/><F100/><W72/><G108/><T99/><D131/><U94/><E68/><V96/><F96/><W10/><G37/><T44/><D110/><U87/><E69/><V88/><F88/><W135/><G10/><T86/><D7/><U83/><E87/><V65/><F79/><W31/><G31/><T92/><D63/><U6/><E6/><V18/><F18/><N who="1" m="6665" /><E11/><V55/><F65/><W112/><G93/><T28/><D28/><U95/><E4/><V84/><REACH who="2" step="1"/><F132/><REACH who="2" ten="559,196,153,82" step="2"/><W120/><G135/><T41/><D99/><U12/><E98/><V121/><F121/><W1/><G120/><T75/><D86/><U122/><E85/><V104/><F104/><W107/><G107/><T109/><D75/><U117/><E90/><V5/><F5/><W134/><G134/><T101/><D101/><U32/><E122/><V35/><AGARI ba="0,1" hai="26,30,35,36,38,50,55,58,76,81,84,125,126,127" machi="35" ten="30,4000,0" yaku="1,1,0,1,18,1,53,0" doraHai="128" doraHaiUra="102" who="2" fromWho="2" sc="559,-10,196,-20,153,50,82,-10" /><INIT seed="6,0,0,5,1,13" ten="549,176,203,72" oya="2" hai0="95,101,110,90,120,29,94,31,112,8,5,65,88" hai1="38,76,109,22,58,60,130,132,83,39,79,62,124" hai2="100,113,123,92,125,128,81,64,131,2,17,25,45" hai3="127,118,117,126,42,19,129,82,106,66,47,55,89"/><V50/><F123/><W15/><G106/><T115/><D120/><U56/><E109/><V24/><F2/><W102/><G102/><T104/><D110/><U27/><E124/><N who="3" m="47658" /><G66/><T122/><D122/><U93/><E93/><V6/><F6/><W43/><G129/><N who="2" m="49737" /><F113/><N who="0" m="43594" /><D65/><U108/><E130/><V16/><F64/><W98/><G55/><T78/><D78/><U40/><E108/><V80/><F125/><W84/><G98/><N who="0" m="61495" /><D94/><U1/><E76/><V74/><F74/><W54/><G54/><T134/><D134/><U48/><E132/><V30/><F25/><W68/><G68/><T41/><D41/><N who="3" m="15369" /><G47/><T119/><D119/><U70/><E27/><V37/><F37/><W135/><G135/><T133/><D133/><U97/><E39/><V96/><F81/><W91/><G91/><N who="0" m="34859" /><D95/><U59/><E38/><V35/><F80/><W52/><G52/><AGARI ba="0,0" hai="16,17,24,30,35,45,50,52,92,96,100" m="49737" machi="52" ten="30,12000,1" yaku="19,1,52,2,54,2" doraHai="13" who="2" fromWho="3" sc="549,0,176,0,203,120,72,-120" owari="549,65.0,176,-22.0,323,12.0,-48,-55.0" /></mjloggm>