<mjloggm ver="2.3"><GO type="225" lobby="0"/><UN n0="%E3%82%AB%E3%83%A9%E3%82%B9%E3%81%AE%E5%AD%90" n1="%E8%B2%BF%E6%98%93" n2="%E3%82%A6%E3%83%AB%E3%83%88%E3%83%A9%E7%AB%8B%E7%9B%B4" n3="%34%62%65%70%68%79" dan="16,17,17,16" rate="2095.59,2127.40,2157.37,2130.55" sx="M,M,M,M"/><TAIKYOKU oya="0"/><INIT seed="0,0,0,2,1,58" ten="250,250,250,250" oya="0" hai0="81,48,57,106,7,103,50,88,115,95,98,59,117" hai1="35,129,5,40,30,47,12,66,93,119,28,64,0" hai2="123,15,118,105,42,39,67,38,61,75,100,18,110" hai3="86,26,113,13,87,10,54,91,125,4,126,90,99"/><T25/><D117/><U97/><E119/><V17/><F118/><W121/><G113/><T52/><D115/><U92/><E0/><V14/><F123/><W29/><G121/><T111/><D111/><U70/><E129/><V72/><F110/><W120/><G120/><T27/><D7/><U107/><E107/><V19/><F100/><W114/><G114/><T83/><D106/><U133/><E133/><V77/><F105/><W49/><G99/><T116/><D116/><U78/><E78/><V9/><F42/><W122/><G122/><T63/><D50/><N who="1" m="26983" /><E70/><V104/><F104/><W76/><G76/><T85/><D83/><U112/><E35/><V135/><F135/><W101/><G101/><T1/><D1/><U65/><E112/><V45/><F45/><N who="3" m="27951" /><G87/><T84/><D85/><U96/><E96/><V56/><F77/><W71/><G71/><T68/><D68/><U73/><E73/><V102/><F102/><W32/><G86/><T24/><D25/><U109/><E109/><V6/><REACH who="2" step="1"/><F14/><REACH who="2" ten="250,250,240,250" step="2"/><W20/><G91/><T130/><D130/><U44/><E12/><V108/><F108/><W82/><G90/><T23/><D23/><U11/><E44/><V36/><AGARI ba="0,1" hai="6,9,15,17,18,19,36,38,39,56,61,67,72,75" machi="36" ten="40,5200,0" yaku="1,1,0,1,52,1,53,0" doraHai="58" doraHaiUra="16" who="2" fromWho="2" sc="250,-26,250,-13,240,62,250,-13" /><INIT seed="1,0,0,0,5,50" ten="224,237,302,237" oya="1" hai0="27,52,101,105,94,97,1,59,77,53,112,36,110" hai1="42,96,17,120,38,111,78,82,74,103,106,39,18" hai2="125,131,135,104,51,9,24,119,93,83,130,61,113" hai3="41,21,35,62,65,121,29,25,75,55,10,114,16"/><U11/><E120/><V28/><F104/><W100/><G121/><T122/><D122/><U107/><E107/><V115/><F119/><W13/><G114/><N who="2" m="43529" /><F125/><W87/><G75/><T98/><D112/><U80/><E111/><V99/><F135/><W133/><G133/><T129/><D110/><U37/><E82/><V22/><F83/><W127/><G127/><T49/><D36/><U30/><E42/><V54/><F61/><W81/><G41/><T0/><D129/><U19/><REACH who="1" step="1"/><E30/><REACH who="1" ten="224,227,302,237" step="2"/><V102/><F9/><AGARI ba="0,1" hai="9,11,17,18,19,37,38,39,74,78,80,96,103,106" machi="9" ten="50,4800,0" yaku="1,1,2,1,53,0" doraHai="50" doraHaiUra="89" who="1" fromWho="2" sc="224,0,227,58,302,-48,237,0" /><INIT seed="1,1,0,5,4,110" ten="224,285,254,237" oya="1" hai0="48,91,39,24,126,93,20,60,32,74,118,107,66" hai1="115,25,72,85,5,71,26,102,47,97,51,94,113" hai2="27,38,59,43,81,18,14,82,41,101,62,84,105" hai3="96,128,76,61,31,58,77,8,0,86,23,21,127"/><U56/><E71/><V83/><F38/><W100/><G127/><T73/><D118/><U87/><E72/><V132/><F132/><W130/><G0/><T119/><D119/><U2/><E56/><V67/><F105/><W65/><G8/><T3/><D3/><U124/><E124/><V7/><F101/><W68/><G68/><T37/><D107/><U50/><E5/><V104/><F104/><W134/><G134/><T131/><D131/><N who="3" m="50217" /><G86/><T15/><D126/><U22/><E2/><V129/><F129/><W30/><G21/><T53/><D32/><U55/><E25/><V19/><F84/><W40/><G40/><N who="2" m="15433" /><F27/><N who="3" m="16767" /><G31/><T35/><D74/><U114/><REACH who="1" step="1"/><E51/><REACH who="1" ten="224,275,254,237" step="2"/><V88/><F7/><W44/><G44/><T106/><D73/><U36/><E36/><V10/><F19/><AGARI ba="1,1" hai="19,22,26,47,50,55,85,87,94,97,102,113,114,115" machi="19" ten="40,12000,1" yaku="1,1,52,3,53,0" doraHai="110" doraHaiUra="4" who="1" fromWho="2" sc="224,0,275,133,254,-123,237,0" /><INIT seed="1,2,0,2,5,13" ten="224,408,131,237" oya="1" hai0="55,76,24,69,14,37,53,3,63,106,35,132,67" hai1="85,120,39,12,124,68,28,74,135,29,93,59,36" hai2="134,48,104,92,71,82,45,108,111,27,32,31,4" hai3="19,112,89,56,110,101,46,38,50,113,65,34,88"/><U6/><E68/><V73/><F104/><W129/><G34/><T8/><D3/><U102/><E74/><V10/><F71/><W33/><G33/><T128/><D37/><U44/><E102/><V9/><F134/><W121/><G121/><T99/><D76/><U123/><E93/><V75/><F92/><W98/><G110/><N who="2" m="42025" /><F82/><W15/><G129/><T51/><D132/><U64/><E59/><V57/><F57/><W107/><G38/><T52/><D128/><U83/><E64/><V91/><F91/><W77/><G77/><T72/><D72/><N who="2" m="27722" /><F4/><W118/><G118/><T26/><D35/><U49/><E39/><V11/><F11/><W61/><G113/><T66/><D66/><U117/><E36/><V87/><F87/><W109/><G112/><T119/><D119/><U18/><E135/><V58/><F58/><W131/><G131/><T97/><D51/><U21/><E117/><V86/><F86/><W122/><G109/><T1/><D1/><U94/><E94/><V125/><F125/><W42/><G122/><T2/><D2/><U54/><E124/><V126/><F126/><W47/><G46/><T5/><REACH who="0" step="1"/><D106/><REACH who="0" ten="214,408,131,237" step="2"/><U95/><E120/><V105/><F105/><W100/><G100/><T0/><D0/><U84/><E123/><V116/><F116/><W30/><G30/><T80/><D80/><U60/><E83/><V7/><F7/><W22/><AGARI ba="2,1" hai="15,19,22,42,47,50,56,61,65,88,89,98,101,107" machi="22" ten="20,5200,0" yaku="0,1,7,1,52,1,54,1" doraHai="13" who="3" fromWho="3" sc="214,-15,408,-28,131,-15,237,68" /><INIT seed="2,0,0,5,4,95" ten="199,380,116,305" oya="2" hai0="37,60,42,24,39,55,44,119,16,72,2,64,133" hai1="88,30,89,33,69,80,40,26,106,41,27,25,117" hai2="96,22,5,85,98,58,14,130,92,114,20,97,104" hai3="46,65,109,35,61,105,108,57,6,4,86,54,94"/><V116/><F116/><W115/><G35/><T73/><D119/><U71/><E106/><V8/><F104/><W78/><G105/><T90/><D39/><U31/><E80/><V9/><F114/><W121/><G115/><T123/><D123/><U74/><E117/><V129/><F9/><W87/><G121/><T17/><D2/><U101/><E101/><V70/><F70/><W66/><G78/><T45/><D133/><U134/><E74/><V125/><F125/><W12/><G12/><T124/><D124/><U59/><E59/><V81/><F92/><W102/><G102/><T53/><D73/><U15/><E15/><V28/><F58/><W0/><G0/><T23/><D72/><U7/><E7/><N who="3" m="2602" /><G46/><T110/><D110/><N who="3" m="42601" /><G94/><T56/><D17/><U13/><E13/><V128/><F28/><N who="1" m="10793" /><E134/><V48/><F48/><W132/><G132/><T11/><D45/><U99/><E99/><V18/><F5/><W126/><G126/><T93/><REACH who="0" step="1"/><D11/><REACH who="0" ten="189,380,116,305" step="2"/><U107/><E33/><V91/><AGARI ba="0,1" hai="8,14,18,20,22,81,85,91,96,97,98,128,129,130" machi="91" ten="40,12000,1" yaku="0,1,19,1,52,3" doraHai="95" who="2" fromWho="2" sc="189,-40,380,-40,116,130,305,-40" /><INIT seed="2,1,0,4,1,113" ten="149,340,246,265" oya="2" hai0="5,125,83,117,90,88,49,40,123,62,26,101,10" hai1="1,124,35,6,32,45,37,34,87,3,60,50,29" hai2="24,7,38,48,120,63,102,133,2,110,11,71,94" hai3="80,59,130,20,68,78,64,16,23,46,119,134,25"/><V74/><F120/><W100/><G68/><T131/><D123/><U4/><E37/><V17/><F38/><W42/><G130/><T132/><D131/><U115/><E60/><V28/><F74/><W75/><G134/><T98/><D132/><U12/><E87/><V53/><F133/><W103/><G119/><T122/><D122/><U81/><E81/><V58/><F110/><W92/><G92/><T121/><D121/><U67/><E67/><V95/><F17/><W104/><G104/><T128/><D128/><U135/><E135/><V70/><F102/><W43/><G23/><T18/><D125/><U56/><E56/><V55/><F71/><W112/><G112/><T9/><D117/><U84/><E84/><V22/><REACH who="2" step="1"/><F70/><REACH who="2" ten="149,340,236,265" step="2"/><W108/><G108/><T57/><D5/><U61/><E6/><V52/><F52/><W51/><G100/><T19/><D19/><U13/><E115/><V111/><F111/><W69/><G69/><T116/><D116/><U54/><E4/><V8/><F8/><W91/><G103/><T109/><D10/><U21/><E54/><V85/><F85/><N who="3" m="50599" /><G75/><T47/><D109/><U118/><E118/><V99/><F99/><W93/><G43/><T96/><D96/><U86/><E86/><V39/><F39/><W76/><G42/><T127/><D83/><U15/><E124/><V65/><F65/><W41/><G93/><N who="0" m="58575" /><D127/><U97/><E97/><V72/><F72/><W0/><G0/><T14/><D26/><N who="1" m="16591" /><E3/><V114/><F114/><W66/><G66/><AGARI ba="1,1" hai="9,14,18,40,47,49,57,62,66,88,90" m="58575" machi="66" ten="30,2000,0" yaku="8,1,54,1" doraHai="113" who="0" fromWho="3" sc="149,33,340,0,236,0,265,-23" /><INIT seed="3,0,0,1,2,29" ten="182,340,236,242" oya="3" hai0="26,40,111,60,33,80,99,134,75,71,55,88,95" hai1="120,2,84,54,56,32,82,106,97,59,74,78,41" hai2="43,44,109,64,79,5,17,47,38,83,50,23,127" hai3="42,53,46,69,30,90,0,129,103,102,87,81,51"/><W121/><G121/><T35/><D111/><U13/><E32/><V12/><F109/><W94/><G0/><T8/><D134/><U128/><E2/><V52/><F127/><W113/><G113/><T105/><D26/><U58/><E120/><V24/><F64/><W122/><G122/><T39/><D8/><U93/><E128/><V118/><F5/><W34/><G69/><T20/><D20/><U6/><E41/><V86/><REACH who="2" step="1"/><F24/><REACH who="2" ten="182,340,226,242" step="2"/><W124/><G124/><T131/><D131/><U98/><E6/><V77/><F77/><W85/><G129/><T22/><D22/><U91/><E78/><V15/><F15/><W126/><G126/><T10/><D10/><U45/><E13/><V4/><F4/><W110/><G110/><T9/><D9/><U36/><E106/><V18/><F18/><W25/><G42/><T66/><D105/><U116/><E116/><AGARI ba="0,1" hai="12,17,23,38,43,44,47,50,52,79,83,86,116,118" machi="116" ten="40,5200,0" yaku="1,1,54,1,53,1" doraHai="29" doraHaiUra="16" who="2" fromWho="1" sc="182,0,340,-52,226,62,242,0" /><INIT seed="4,0,0,3,1,56" ten="182,288,288,242" oya="0" hai0="103,51,62,45,81,124,49,135,79,101,109,88,77" hai1="4,46,100,58,107,117,105,15,22,9,52,116,114" hai2="129,83,126,108,14,50,74,53,29,57,113,91,98" hai3="71,133,13,131,82,69,21,25,76,31,120,63,27"/><T41/><D135/><U112/><E46/><V20/><F108/><W3/><G3/><T61/><D109/><U37/><E22/><V28/><F113/><N who="1" m="43625" /><E37/><V55/><F129/><W119/><G119/><N who="1" m="45642" /><E100/><N who="0" m="38473" /><D124/><U94/><E94/><N who="2" m="56671" /><F74/><W30/><G133/><T68/><D68/><U59/><E59/><N who="2" m="33207" /><F126/><W125/><G125/><T48/><D48/><AGARI ba="0,0" hai="4,9,15,48,52,58,105,107" m="45642,43625" machi="48" ten="30,3900,0" yaku="15,1,11,1,54,1" doraHai="56" who="1" fromWho="0" sc="182,-39,288,39,288,0,242,0" owari="143,-36.0,327,43.0,288,9.0,242,-16.0" /></mjloggm>