<mjloggm ver="2.3"><GO type="41" lobby="0"/><UN n0="%70%6C%6D%6F%6B%6E%69%6A" n1="%73%26%63%6F%2E" n2="%61%74%75%6B%6F%34%38" n3="%E5%B0%B1%E6%B4%BB%E7%94%9F%40%E5%B7%9D%E6%9D%91%E8%BB%8D%E5%9B%A3" dan="13,13,15,17" rate="1945.83,2075.43,1973.37,2180.38" sx="M,M,M,F"/><TAIKYOKU oya="0"/><INIT seed="0,0,0,2,4,133" ten="250,250,250,250" oya="0" hai0="62,4,127,86,61,108,95,109,114,52,0,54,105" hai1="20,60,41,36,101,91,17,106,6,110,100,99,116" hai2="48,22,111,121,102,122,9,80,83,70,71,59,11" hai3="47,119,37,93,21,89,104,63,125,82,94,96,88"/><T69/><D114/><U128/><E116/><V28/><F102/><W79/><G119/><T56/><D105/><U117/><E117/><V25/><F111/><N who="0" m="42570" /><D127/><U130/><E110/><V90/><F59/><W131/><G131/><T32/><D32/><U27/><E6/><V67/><F48/><W58/><G104/><T72/><D72/><U65/><E91/><V113/><F67/><W8/><G125/><T34/><D34/><U77/><E77/><V5/><F22/><W134/><G134/><T81/><D95/><U84/><E100/><V115/><F25/><W124/><G124/><T103/><D103/><U3/><E84/><V45/><F45/><W23/><G37/><T13/><D0/><U14/><E3/><V2/><F2/><W57/><G47/><T49/><D69/><U118/><E118/><V46/><F46/><W31/><G31/><T38/><D38/><U78/><E36/><V73/><F28/><W107/><G107/><T135/><D135/><U42/><E78/><V29/><F29/><W66/><G58/><N who="0" m="33039" /><D13/><U7/><E130/><V132/><F132/><W87/><REACH who="3" step="1"/><G8/><REACH who="3" ten="250,250,250,240" step="2"/><T40/><D40/><U85/><E106/><V126/><F126/><W44/><G44/><T53/><D53/><U97/><E42/><V16/><F115/><W33/><G33/><T76/><D62/><U112/><E60/><V18/><F113/><W129/><G129/><T10/><D10/><U24/><E41/><V35/><F35/><W74/><AGARI ba="0,1" hai="21,23,57,63,66,74,79,82,87,88,89,93,94,96" machi="74" ten="20,5200,0" yaku="1,1,0,1,7,1,54,1,53,0" doraHai="133" doraHaiUra="39" who="3" fromWho="3" sc="250,-26,250,-13,250,-13,240,62" /><INIT seed="1,0,0,4,2,51" ten="224,237,237,302" oya="1" hai0="5,77,79,53,114,66,68,120,80,110,25,81,88" hai1="17,65,30,72,15,101,116,14,113,48,84,117,63" hai2="95,91,23,126,56,133,34,74,111,1,49,96,67" hai3="7,78,108,102,33,131,9,45,112,106,3,52,64"/><U105/><E72/><V62/><F34/><W128/><G112/><T22/><D114/><U109/><E113/><V11/><F111/><W31/><G64/><T50/><D110/><U70/><E109/><V100/><F133/><W32/><G78/><T57/><D120/><U97/><E84/><V55/><F126/><W35/><G108/><T16/><D5/><U19/><E48/><V86/><F74/><W44/><G31/><T54/><D68/><U41/><E41/><V71/><F1/><W59/><G102/><T27/><D66/><U107/><E107/><V132/><F132/><W115/><G106/><T82/><D27/><U0/><E0/><V24/><F11/><W21/><G21/><T13/><D25/><U47/><E47/><V89/><REACH who="2" step="1"/><F86/><REACH who="2" ten="224,237,227,302" step="2"/><W6/><G115/><T58/><D79/><U4/><E30/><AGARI ba="0,1" hai="23,24,30,49,55,56,62,67,71,89,91,95,96,100" machi="30" ten="30,7700,0" yaku="1,1,2,1,7,1,52,1,53,0" doraHai="51" doraHaiUra="104" who="2" fromWho="1" sc="224,0,237,-77,227,87,302,0" /><INIT seed="2,0,0,4,0,12" ten="224,160,314,302" oya="2" hai0="28,46,83,23,82,124,10,0,35,96,50,99,52" hai1="33,7,102,127,38,88,77,21,53,24,63,79,2" hai2="134,5,41,75,105,49,116,45,85,64,22,114,20" hai3="104,70,98,40,43,112,56,123,29,69,1,95,117"/><V110/><F105/><W126/><G104/><T8/><D124/><U13/><E127/><V129/><F75/><W65/><G1/><T48/><D35/><U100/><E38/><V122/><F5/><W115/><G29/><T94/><D0/><U89/><E33/><V101/><F116/><W9/><G9/><T80/><D48/><U93/><E2/><V74/><F74/><W78/><G78/><N who="1" m="29706" /><E7/><V135/><F122/><W3/><G3/><T14/><D96/><N who="1" m="57383" /><E13/><V18/><F101/><W31/><G31/><T71/><D71/><U120/><E89/><V130/><F114/><N who="3" m="43563" /><G126/><T84/><D84/><U109/><E109/><V67/><F85/><W108/><G108/><T60/><D60/><U133/><E133/><N who="2" m="50699" /><F22/><W15/><G15/><T26/><REACH who="0" step="1"/><D14/><REACH who="0" ten="214,160,314,302" step="2"/><U91/><E120/><V32/><F32/><W37/><G123/><T66/><D66/><N who="2" m="25130" /><F110/><W11/><G117/><T62/><D62/><U106/><E106/><V107/><F107/><W76/><G70/><T44/><D44/><U73/><E73/><V97/><F97/><W58/><G98/><T55/><D55/><U103/><E53/><V25/><AGARI ba="0,1" hai="18,20,25,41,45,49,129,130" m="25130,50699" machi="25" ten="30,3000,0" yaku="20,1,52,1" doraHai="12" who="2" fromWho="2" sc="214,-10,160,-10,314,40,302,-10" /><INIT seed="2,1,0,2,4,51" ten="204,150,354,292" oya="2" hai0="90,56,133,126,116,41,124,59,0,68,38,13,74" hai1="30,37,134,117,67,104,63,45,48,86,47,46,12" hai2="81,39,127,123,130,32,17,1,71,6,109,96,92" hai3="49,18,21,113,58,105,42,40,83,106,135,61,33"/><V95/><F39/><W89/><G33/><T50/><D0/><U55/><E104/><V114/><F71/><W76/><G113/><T64/><D74/><U110/><E117/><V53/><F32/><W65/><G135/><T3/><D3/><U10/><E134/><V26/><F114/><W119/><G119/><T44/><D133/><U31/><E110/><V91/><F123/><W28/><G28/><T20/><D116/><U125/><E125/><N who="0" m="48233" /><D90/><U94/><E37/><V72/><F127/><W16/><G89/><T11/><D20/><U43/><E43/><V22/><F130/><W98/><G98/><T70/><D13/><U87/><E87/><V131/><F131/><W75/><G18/><T73/><D11/><U57/><E31/><V121/><F121/><W80/><G80/><T129/><D73/><U77/><E30/><V66/><F66/><W34/><G34/><T132/><D129/><U118/><E118/><V111/><F95/><W82/><G82/><T35/><D35/><U69/><E94/><V102/><F6/><W7/><G7/><T23/><D23/><U36/><E36/><V24/><F1/><W60/><G106/><T128/><D128/><U115/><E115/><V84/><F26/><W15/><G105/><T101/><D101/><U52/><E10/><V2/><F2/><W62/><G65/><T93/><D93/><U99/><E12/><V79/><REACH who="2" step="1"/><F53/><REACH who="2" ten="204,150,344,292" step="2"/><W122/><G122/><T85/><D132/><U25/><E25/><V5/><F5/><W120/><G120/><T8/><D68/><U29/><E55/><V100/><F100/><RYUUKYOKU ba="1,1" sc="204,-15,150,-15,344,15,292,15" hai2="17,22,24,72,79,81,84,91,92,96,102,109,111" hai3="15,16,21,40,42,49,58,60,61,62,75,76,83" /><INIT seed="2,2,1,5,5,119" ten="189,135,359,307" oya="2" hai0="80,9,97,20,99,105,86,1,3,39,61,58,123" hai1="98,124,47,96,32,90,17,22,15,85,114,51,101" hai2="129,36,92,18,70,6,34,35,103,65,52,49,13" hai3="95,64,127,27,109,94,107,69,91,121,7,88,19"/><V26/><F36/><W37/><G107/><T28/><D39/><U115/><E32/><V128/><F6/><W48/><G37/><T2/><D9/><U42/><E124/><V21/><F70/><W126/><G7/><T81/><D81/><U41/><E41/><V132/><F65/><W111/><G69/><T120/><D20/><U46/><E46/><V66/><F66/><W106/><G64/><T110/><D28/><U113/><REACH who="1" step="1"/><E101/><REACH who="1" ten="189,125,359,307" step="2"/><V50/><F35/><W38/><G126/><T116/><D116/><U87/><E87/><V100/><F34/><W53/><G127/><T112/><D112/><U5/><E5/><V31/><F103/><W63/><G38/><T11/><D110/><U0/><E0/><V104/><F100/><W83/><G109/><T131/><D1/><U78/><E78/><V77/><F77/><W25/><G111/><T8/><D2/><U134/><E134/><V74/><F132/><W29/><G91/><T23/><D3/><U60/><E60/><V72/><F74/><W24/><G88/><T12/><D86/><U71/><E71/><V55/><F72/><W45/><G45/><T62/><D62/><U93/><AGARI ba="2,2" hai="15,17,22,42,47,51,85,90,93,96,98,113,114,115" machi="93" ten="30,4000,0" yaku="1,1,0,1,53,1" doraHai="119" doraHaiUra="89" who="1" fromWho="1" sc="189,-12,125,66,359,-22,307,-12" /><INIT seed="3,0,0,0,1,30" ten="177,191,337,295" oya="3" hai0="118,102,95,71,109,1,114,41,111,4,8,110,134" hai1="26,13,129,121,77,68,39,59,43,90,117,56,50" hai2="28,61,67,34,79,93,22,16,48,78,69,76,2" hai3="132,37,44,115,51,53,135,49,23,11,91,106,113"/><W82/><G106/><T25/><D118/><U103/><E121/><V74/><F2/><W127/><G23/><T73/><D73/><U124/><E117/><V119/><F119/><W63/><G11/><T60/><D134/><N who="3" m="51241" /><G91/><T112/><D41/><U35/><E68/><V70/><F74/><W15/><G15/><T96/><REACH who="0" step="1"/><D25/><REACH who="0" ten="167,191,337,295" step="2"/><U80/><E26/><V101/><F70/><W72/><G72/><T75/><D75/><U47/><E43/><V31/><F69/><W32/><G115/><T108/><N who="0" m="28160" /><DORA hai="7" /><T45/><D45/><U46/><E46/><V122/><F122/><W0/><G113/><T24/><D24/><U33/><E47/><V123/><F123/><W20/><G44/><T57/><D57/><U99/><E56/><V36/><F36/><W54/><G37/><T107/><D107/><U100/><E59/><V125/><F67/><AGARI ba="0,1" hai="1,4,8,60,67,71,95,96,102,112,114" m="28160" machi="67" ten="70,8000,1" yaku="1,1,14,1,52,1,53,0" doraHai="30,7" doraHaiUra="85,14" who="0" fromWho="2" sc="167,90,191,0,337,-80,295,0" /><INIT seed="4,0,0,5,5,52" ten="257,191,257,295" oya="0" hai0="110,75,73,113,42,4,21,9,22,16,125,129,43" hai1="3,78,49,91,54,13,105,57,115,82,99,108,92" hai2="66,77,134,70,59,55,121,19,38,32,53,119,123" hai3="18,50,74,112,27,31,29,15,33,48,104,85,127"/><T116/><D116/><U56/><E3/><V6/><F77/><W88/><G74/><T98/><D113/><U58/><E108/><V124/><F32/><W63/><G104/><T35/><D110/><U30/><E115/><V40/><F6/><W25/><G112/><T24/><D35/><U41/><E105/><V133/><F19/><W128/><G128/><T11/><D129/><U103/><E30/><V64/><F119/><W12/><G127/><T28/><D125/><U132/><E132/><N who="2" m="50795" /><F124/><W122/><G63/><T96/><D4/><U126/><E126/><V44/><F53/><W109/><G109/><T71/><D71/><U10/><E41/><V106/><F106/><W62/><G62/><T20/><D20/><U90/><E103/><V131/><F131/><W93/><G122/><N who="2" m="46601" /><F70/><W89/><G89/><T83/><D28/><U23/><E23/><V130/><F130/><W46/><G18/><T36/><D24/><U5/><E90/><V111/><F111/><W61/><G61/><AGARI ba="0,0" hai="38,40,44,55,59,61,64,66" m="46601,50795" machi="61" ten="30,7700,0" yaku="20,1,34,2,52,1" doraHai="52" who="2" fromWho="3" sc="257,0,191,0,257,77,295,-77" /><INIT seed="5,0,0,4,2,59" ten="257,191,334,218" oya="1" hai0="117,96,41,75,54,133,6,24,29,80,71,110,51" hai1="88,57,16,115,26,10,91,15,61,67,12,47,124" hai2="76,32,42,17,14,53,23,11,102,5,105,101,77" hai3="31,112,20,83,28,121,63,81,104,2,87,98,69"/><U3/><E115/><V132/><F32/><W106/><G2/><T55/><D117/><U65/><E124/><V33/><F42/><W9/><G121/><T100/><D71/><U129/><E129/><V43/><F132/><W93/><G112/><T134/><D110/><U19/><E3/><V58/><F33/><W40/><G40/><T60/><D6/><U92/><E26/><V45/><F105/><W135/><G135/><N who="0" m="51723" /><D41/><U34/><E34/><V108/><F108/><W1/><G1/><T79/><D60/><U114/><E114/><V56/><F56/><W39/><G39/><T128/><D51/><U72/><E72/><V49/><F76/><W4/><G20/><N who="0" m="15495" /><D128/><U107/><E107/><AGARI ba="0,0" hai="54,55,75,79,80,96,100,107" m="15495,51723" machi="107" ten="30,1000,0" yaku="20,1" doraHai="59" who="0" fromWho="1" sc="257,10,191,-10,334,0,218,0" /><INIT seed="6,0,0,2,1,126" ten="267,181,334,218" oya="2" hai0="24,49,121,6,132,60,92,128,68,34,5,100,85" hai1="70,75,40,41,105,10,120,106,90,58,124,32,84" hai2="69,54,50,104,31,13,48,108,38,45,97,122,11" hai3="127,2,67,83,111,81,88,65,42,7,25,116,30"/><V103/><F122/><W91/><G111/><T20/><D121/><U129/><E120/><V80/><F69/><W15/><G127/><T28/><D132/><U29/><E70/><V98/><F108/><W115/><G2/><T12/><D49/><U22/><E75/><V56/><F38/><W51/><G116/><T26/><D60/><U95/><E32/><V4/><F31/><W135/><G135/><T86/><D68/><U14/><E124/><V125/><F125/><W134/><G134/><T123/><D123/><U23/><E29/><V130/><F97/><W33/><G115/><T89/><D100/><U76/><E76/><V1/><F80/><W99/><G83/><T119/><D85/><U73/><E73/><V17/><F45/><W44/><G91/><T133/><D119/><U0/><E0/><V21/><REACH who="2" step="1"/><F48/><REACH who="2" ten="267,181,324,218" step="2"/><W63/><G99/><T47/><D47/><U96/><E96/><V36/><F36/><W43/><G51/><T66/><D28/><U112/><E112/><V107/><F107/><W79/><G44/><T72/><D133/><U74/><E106/><V57/><F57/><W37/><G37/><T46/><D46/><U19/><E105/><V117/><F117/><W101/><G81/><T52/><D92/><U113/><E113/><V61/><F61/><W118/><G63/><T9/><D72/><U114/><E114/><V35/><F35/><W94/><G33/><T87/><D34/><U93/><E74/><V78/><F78/><W59/><G79/><T110/><D110/><U77/><E77/><V3/><F3/><W102/><G118/><RYUUKYOKU ba="0,1" sc="267,-10,181,-10,324,30,218,-10" hai2="1,4,11,13,17,21,50,54,56,98,103,104,130" /><INIT seed="6,1,1,0,2,32" ten="257,171,354,208" oya="2" hai0="127,39,13,1,22,18,121,135,21,20,58,95,63" hai1="70,102,12,49,40,123,94,120,100,52,51,87,77" hai2="65,69,14,9,41,103,96,80,88,122,50,61,57" hai3="97,82,24,75,55,107,47,25,8,6,126,72,114"/><V29/><F122/><N who="1" m="46633" /><E70/><V28/><F69/><W3/><G126/><T30/><D121/><U46/><E12/><V5/><F103/><N who="1" m="39465" /><E94/><N who="2" m="56391" /><F80/><W26/><G97/><T36/><D135/><U66/><E66/><V19/><F5/><W93/><G107/><T59/><D127/><U117/><E117/><V15/><F15/><W91/><G114/><T33/><D33/><U54/><E49/><V38/><F38/><W98/><G82/><AGARI ba="1,1" hai="40,46,51,52,54,77,82,87" m="39465,46633" machi="82" ten="30,2000,0" yaku="13,1,54,1" doraHai="32" who="1" fromWho="3" sc="257,0,171,33,354,0,208,-23" /><INIT seed="7,0,0,3,4,2" ten="257,204,354,185" oya="3" hai0="51,30,115,109,84,134,4,59,132,135,95,26,74" hai1="25,46,80,48,117,55,81,121,114,23,100,87,111" hai2="107,98,65,78,101,53,118,99,18,14,120,89,123" hai3="79,88,128,125,75,22,73,76,61,47,93,45,31"/><W68/><G125/><T58/><D109/><U67/><E111/><V56/><F118/><W0/><G128/><T130/><D74/><U29/><E117/><V90/><F78/><N who="3" m="29739" /><G75/><T96/><D130/><U50/><E121/><N who="2" m="46667" /><F65/><W27/><G73/><T102/><D84/><U35/><E114/><V72/><F72/><W15/><G0/><T7/><D115/><U116/><E116/><V97/><F97/><N who="3" m="57511" /><G68/><T104/><D104/><U11/><E35/><V20/><F98/><W119/><G119/><T131/><D51/><AGARI ba="0,0" hai="14,18,20,51,53,56,89,90,99,101,107" m="46667" machi="51" ten="30,1000,0" yaku="13,1" doraHai="2" who="2" fromWho="0" sc="257,-10,204,0,354,10,185,0" owari="247,5.0,204,-20.0,364,46.0,185,-31.0" /></mjloggm>