<mjloggm ver="2.3"><GO type="169" lobby="0"/><UN n0="%74%61%6B%61%79%79%79%79" n1="%E5%B5%8C%E5%BC%B5%E3%81%AE%E4%B8%8B%E6%9D%91" n2="%E6%9A%97%E3%81%84%E7%AC%A6" n3="%E3%83%88%E3%83%88%E3%83%AA%E5%85%88%E7%94%9F%31%39%E6%AD%B3" dan="16,16,16,18" rate="2090.61,2030.77,2017.26,2257.71" sx="M,M,M,F"/><TAIKYOKU oya="0"/><INIT seed="0,0,0,2,4,130" ten="250,250,250,250" oya="0" hai0="102,101,16,1,3,78,58,6,53,64,21,35,50" hai1="27,59,119,63,108,89,56,42,65,131,103,31,73" hai2="68,40,72,0,99,13,36,8,17,30,115,135,85" hai3="49,23,29,95,74,61,41,111,37,86,104,109,82"/><T134/><D35/><U133/><E73/><V39/><F72/><W9/><G104/><T81/><D134/><U97/><E131/><V110/><F68/><W47/><G74/><T107/><D64/><U87/><E133/><V76/><F115/><W93/><G9/><T123/><D123/><U77/><E119/><V66/><F66/><W54/><G61/><T45/><D6/><U18/><E77/><V14/><F0/><W94/><G23/><T5/><D5/><U88/><E42/><V91/><F30/><W83/><G29/><T44/><D81/><U7/><E7/><V92/><F110/><N who="3" m="41995" /><G86/><T79/><D107/><U52/><E18/><V51/><F135/><W28/><G28/><T116/><D116/><U122/><E122/><V15/><F39/><W20/><G20/><T124/><D124/><U117/><E117/><V98/><F36/><W71/><G71/><T4/><D4/><U113/><E87/><V34/><F34/><W48/><G48/><N who="0" m="31015" /><D1/><U100/><E113/><V10/><F10/><W22/><G22/><T67/><D67/><U128/><E128/><V2/><F2/><W43/><G43/><N who="0" m="24863" /><D45/><AGARI ba="0,0" hai="37,41,45,47,49,54,82,83,93,94,95" m="41995" machi="45" ten="30,1000,0" yaku="14,1" doraHai="130" who="3" fromWho="0" sc="250,-10,250,0,250,0,250,10" /><INIT seed="1,0,0,4,1,83" ten="240,250,250,260" oya="1" hai0="25,36,100,91,22,28,10,60,42,89,9,69,30" hai1="35,37,87,128,111,39,124,31,58,107,72,121,86" hai2="50,127,49,75,29,81,45,62,59,23,48,57,116" hai3="120,33,74,133,112,7,125,5,130,80,98,19,76"/><U106/><E121/><V26/><F116/><W38/><G112/><T67/><D30/><U1/><E1/><V44/><F127/><W0/><G120/><T18/><D100/><U51/><E72/><V88/><F75/><W129/><G38/><T56/><D69/><U84/><E124/><V96/><F59/><W114/><G125/><T103/><D103/><U79/><E79/><V6/><F6/><W90/><G114/><T73/><D73/><U71/><E71/><V64/><REACH who="2" step="1"/><F96/><REACH who="2" ten="240,250,240,260" step="2"/><W11/><G5/><T117/><D117/><U12/><E128/><V95/><F95/><N who="3" m="56695" /><G130/><T3/><D56/><U115/><E115/><V126/><F126/><W20/><G7/><T32/><D3/><U53/><E111/><V104/><F104/><W97/><G97/><T61/><D67/><U40/><E107/><V55/><F55/><W105/><G105/><T24/><D61/><U46/><E106/><V4/><F4/><W94/><G0/><T135/><D60/><U16/><E31/><V21/><F21/><W17/><G11/><T2/><D10/><U63/><REACH who="1" step="1"/><E35/><REACH who="1" ten="240,240,240,260" step="2"/><V8/><F8/><AGARI ba="0,2" hai="8,12,16,37,39,40,46,51,53,58,63,84,86,87" machi="8" ten="40,18000,2" yaku="1,1,2,1,52,3,54,1,53,0" doraHai="83" doraHaiUra="101" who="1" fromWho="2" sc="240,0,240,200,240,-180,260,0" /><INIT seed="1,1,0,3,2,47" ten="240,440,60,260" oya="1" hai0="9,75,127,123,60,45,117,31,126,101,30,19,5" hai1="34,7,15,3,102,82,33,54,133,1,66,107,40" hai2="20,96,64,59,129,22,17,12,122,61,32,116,109" hai3="92,2,52,27,93,72,74,121,95,11,38,85,57"/><U0/><E66/><V16/><F32/><W53/><G121/><T135/><D117/><U36/><E36/><V10/><F122/><W104/><G104/><T94/><D123/><U134/><E40/><V84/><F116/><W48/><G38/><T124/><D135/><N who="1" m="51723" /><E102/><V28/><F129/><W56/><G27/><T67/><D75/><U77/><E107/><V18/><F109/><W14/><G2/><N who="0" m="183" /><D19/><U131/><E54/><V98/><F28/><W42/><G42/><T49/><D94/><U130/><E82/><V25/><REACH who="2" step="1"/><F84/><REACH who="2" ten="240,440,50,260" step="2"/><W62/><REACH who="3" step="1"/><G85/><REACH who="3" ten="240,440,50,250" step="2"/><T81/><D124/><U76/><E131/><V35/><F35/><W8/><G8/><T100/><D127/><U112/><E33/><V110/><F110/><W4/><AGARI ba="1,2" hai="4,11,14,48,52,53,56,57,62,72,74,92,93,95" machi="4" ten="30,7900,0" yaku="1,1,0,1,52,1,54,1,53,0" doraHai="47" doraHaiUra="97" who="3" fromWho="3" sc="240,-21,440,-40,50,-21,250,102" /><INIT seed="2,0,0,1,0,47" ten="219,400,29,352" oya="2" hai0="87,115,51,22,92,124,11,37,129,19,82,55,13" hai1="120,14,116,48,15,79,45,131,40,88,34,61,8" hai2="58,2,93,118,63,127,65,89,81,103,117,113,101" hai3="35,73,53,10,1,7,105,27,54,95,75,107,25"/><V86/><F2/><W18/><G95/><T24/><D115/><U99/><E34/><V97/><F113/><W71/><G71/><T110/><D37/><U80/><E116/><V121/><F121/><W85/><G85/><T42/><D129/><U23/><E131/><V5/><F5/><W111/><G111/><T102/><D124/><U21/><E61/><V33/><F33/><W123/><G123/><T96/><D110/><U36/><E36/><V41/><F127/><W78/><G35/><T100/><D42/><U12/><E8/><V57/><F41/><W3/><G78/><T46/><D102/><U59/><E59/><V31/><F103/><W122/><G122/><T133/><D133/><U76/><E120/><V70/><F31/><W49/><G18/><T109/><D109/><U132/><E132/><V104/><F70/><W108/><G108/><T119/><D119/><U50/><E50/><V32/><F32/><W30/><G10/><T106/><D106/><U4/><E4/><V9/><F9/><W126/><G7/><T66/><D66/><U90/><E90/><V135/><F135/><W6/><G6/><T60/><D60/><U29/><E29/><V17/><F17/><W52/><G30/><T91/><D11/><U39/><E39/><V56/><F56/><W67/><G126/><T64/><D64/><U16/><E23/><V44/><F44/><W0/><G67/><T28/><D28/><U20/><E20/><V62/><REACH who="2" step="1"/><F104/><REACH who="2" ten="219,400,19,352" step="2"/><W114/><G105/><T77/><D100/><U84/><E16/><V83/><F83/><W94/><G1/><RYUUKYOKU ba="0,1" sc="219,15,400,-15,19,15,352,-15" hai0="13,19,22,24,46,51,55,77,82,87,91,92,96" hai2="57,58,62,63,65,81,86,89,93,97,101,117,118" /><INIT seed="2,1,1,0,0,119" ten="234,385,34,337" oya="2" hai0="89,75,135,128,72,11,29,61,59,7,130,87,19" hai1="56,10,62,31,116,40,105,127,44,99,5,50,68" hai2="78,47,23,1,82,53,45,93,114,125,35,71,34" hai3="73,103,3,18,124,17,96,109,100,27,107,129,60"/><V74/><F71/><W132/><G3/><T104/><D104/><U38/><E116/><V55/><F114/><W98/><G73/><T32/><D135/><U94/><E105/><V39/><F125/><W111/><G124/><T54/><D19/><U42/><E42/><V133/><F133/><W49/><G132/><T9/><D29/><U2/><E31/><V48/><F1/><W30/><G129/><N who="0" m="49771" /><D32/><U16/><E68/><V80/><F93/><N who="3" m="58383" /><G49/><T57/><D57/><U101/><E127/><V36/><F23/><N who="3" m="15743" /><G60/><T58/><D58/><U22/><E38/><V108/><F108/><AGARI ba="1,1" hai="17,18,98,103,107,108,109,111" m="15743,58383" machi="108" ten="30,1000,0" yaku="14,1" doraHai="119" who="3" fromWho="2" sc="234,0,385,0,34,-13,337,23" /><INIT seed="3,0,0,5,1,84" ten="234,385,21,360" oya="3" hai0="54,95,28,116,120,25,31,41,2,77,123,81,44" hai1="122,106,94,26,30,89,11,62,74,32,114,100,36" hai2="125,105,96,3,97,27,76,110,64,42,73,112,129" hai3="70,131,118,113,9,134,19,88,79,33,34,109,124"/><W50/><G113/><T72/><D116/><U18/><E122/><V29/><F3/><W23/><G118/><T55/><D2/><U59/><E36/><V133/><F97/><W115/><G115/><T135/><D135/><U90/><E74/><V38/><F64/><W40/><G70/><T7/><D7/><U47/><E47/><V93/><F93/><W130/><G134/><T61/><D61/><U67/><E106/><V92/><F92/><W17/><G79/><T66/><D66/><U108/><E108/><V58/><F58/><W10/><G124/><T12/><D12/><U99/><REACH who="1" step="1"/><E114/><REACH who="1" ten="234,375,21,360" step="2"/><V71/><F42/><W53/><G40/><T24/><D41/><U63/><E63/><V20/><F38/><W65/><G109/><T51/><D44/><U104/><E104/><V15/><F112/><W8/><G131/><T87/><D72/><U91/><E91/><V14/><F110/><W46/><G130/><T85/><D77/><U48/><E48/><V57/><F129/><W43/><G43/><T60/><D60/><U107/><E107/><V16/><F133/><W68/><G50/><T37/><D51/><U6/><E6/><V119/><F119/><W101/><G46/><T4/><D4/><U22/><E22/><V56/><F73/><W103/><G23/><T75/><D75/><U1/><E1/><V5/><F125/><W111/><G111/><T83/><D95/><U82/><E82/><V80/><F105/><W117/><G117/><T13/><D37/><U132/><E132/><V35/><F20/><W49/><G49/><T21/><D21/><RYUUKYOKU ba="0,1" sc="234,15,375,15,21,-15,360,-15" hai0="13,24,25,28,31,54,55,81,83,85,87,120,123" hai1="11,18,26,30,32,59,62,67,89,90,94,99,100" /><INIT seed="4,1,1,5,4,5" ten="249,390,6,345" oya="0" hai0="125,2,66,109,50,132,128,58,79,54,97,10,63" hai1="93,129,19,16,56,133,73,17,27,67,69,6,24" hai2="116,42,105,43,13,115,38,3,37,12,118,18,33" hai3="51,126,30,49,95,110,122,113,77,65,134,80,89"/><T114/><D114/><U32/><E69/><V90/><F33/><W98/><G110/><T84/><D132/><U107/><E73/><V28/><F3/><W121/><G134/><T55/><D128/><U75/><E75/><V131/><F28/><W47/><G113/><T88/><D125/><U64/><E107/><V25/><F25/><N who="1" m="9801" /><E32/><V104/><F115/><W72/><G126/><T44/><D109/><U74/><E74/><V130/><F18/><W91/><G30/><T29/><D29/><U68/><E68/><V78/><F90/><W48/><G65/><T46/><D97/><U4/><E129/><V57/><F57/><W26/><G26/><T1/><D79/><AGARI ba="1,1" hai="12,13,37,38,42,43,78,79,104,105,116,118,130,131" machi="79" ten="25,1600,0" yaku="22,2" doraHai="5" who="2" fromWho="0" sc="249,-19,390,0,6,29,345,0" /><INIT seed="5,0,0,2,4,19" ten="230,390,35,345" oya="1" hai0="105,77,27,46,48,55,78,28,23,69,100,30,24" hai1="33,122,72,21,62,50,1,111,106,99,59,127,126" hai2="41,110,112,104,61,11,101,129,47,96,49,113,20" hai3="66,9,92,18,102,81,94,26,0,12,67,65,60"/><U53/><E33/><V57/><F11/><W97/><G0/><T90/><D69/><U128/><E1/><V35/><F35/><W123/><G123/><T71/><D71/><U68/><E72/><V117/><F110/><W134/><G134/><T22/><REACH who="0" step="1"/><D90/><REACH who="0" ten="220,390,35,345" step="2"/><U43/><E68/><V37/><F117/><W84/><G67/><T70/><D70/><U2/><E111/><V79/><F129/><W44/><G66/><T114/><D114/><U39/><E128/><V131/><F131/><W76/><G65/><T80/><D80/><U83/><E83/><V13/><F79/><W124/><G81/><T34/><D34/><U75/><E127/><V73/><F73/><W133/><G124/><T25/><D25/><U93/><E75/><V132/><F132/><W5/><G76/><T31/><D31/><U42/><E126/><V118/><F118/><W54/><G26/><T89/><D89/><U56/><E122/><V88/><F113/><W14/><G133/><T15/><D15/><U3/><E2/><V52/><F112/><W125/><G14/><T16/><D16/><U119/><E3/><V45/><F88/><N who="3" m="53255" /><G18/><T98/><AGARI ba="0,1" hai="22,23,24,27,28,30,46,48,55,77,78,98,100,105" machi="98" ten="30,8000,1" yaku="1,1,0,1,9,1,52,2,53,0" doraHai="19" doraHaiUra="91" who="0" fromWho="0" sc="220,90,390,-40,35,-20,345,-20" /><INIT seed="6,0,0,0,4,135" ten="310,350,15,325" oya="2" hai0="27,68,53,63,67,105,94,59,99,31,81,17,1" hai1="60,9,41,124,14,83,5,111,24,130,34,62,4" hai2="90,80,112,107,98,101,117,40,6,58,118,65,47" hai3="45,2,71,50,120,95,19,85,116,72,91,11,87"/><V74/><F65/><W15/><G116/><T18/><D1/><U55/><E111/><V121/><F58/><W16/><G120/><T126/><D126/><U61/><E124/><V127/><F127/><W106/><G106/><T88/><D105/><U36/><E5/><V52/><F121/><W56/><G71/><T44/><D44/><U84/><E36/><V104/><F104/><W122/><G72/><T92/><D81/><U119/><E41/><V78/><F112/><W110/><G122/><T134/><D134/><U21/><E34/><V82/><F6/><W96/><G110/><T8/><D8/><U86/><E119/><V70/><F70/><W57/><G2/><T0/><D0/><U114/><E130/><V133/><F133/><W12/><G57/><T35/><REACH who="0" step="1"/><D94/><REACH who="0" ten="300,350,15,325" step="2"/><U89/><E114/><V10/><F10/><N who="3" m="6167" /><G56/><T28/><D28/><U42/><E42/><AGARI ba="0,1" hai="11,15,19,42,45,50,85,87,91,95,96" m="6167" machi="42" ten="30,2000,0" yaku="8,1,54,1" doraHai="135" who="3" fromWho="1" sc="300,0,350,-20,15,0,325,30" /><INIT seed="7,0,0,5,1,98" ten="300,330,15,355" oya="3" hai0="15,14,23,83,17,53,135,1,46,58,74,11,18" hai1="59,75,105,116,103,127,118,67,30,22,61,73,101" hai2="10,40,109,20,70,38,89,50,71,106,126,82,129" hai3="37,28,55,130,128,94,36,97,133,9,41,68,115"/><W47/><G68/><T27/><D135/><U104/><E127/><V25/><F20/><W86/><G133/><T54/><D1/><U5/><E5/><V134/><F10/><W91/><G115/><T2/><D2/><U81/><E81/><V42/><F25/><W77/><G28/><T111/><D111/><U0/><E0/><V120/><F50/><W63/><G37/><T99/><D27/><N who="1" m="16759" /><E104/><V123/><F42/><W108/><G108/><T51/><D99/><N who="1" m="61631" /><E103/><V66/><F40/><W45/><G9/><T24/><D24/><U90/><E90/><V69/><F89/><W7/><G7/><T87/><D74/><U93/><E93/><V113/><F71/><W26/><G26/><T125/><D125/><U79/><E79/><V34/><F70/><W4/><G4/><T64/><D64/><U6/><E6/><V13/><F66/><W29/><G29/><T132/><D132/><U48/><E48/><V100/><F13/><W122/><G122/><T96/><D96/><U3/><E3/><V21/><F120/><W8/><G8/><T44/><D54/><U12/><E12/><V114/><F126/><W60/><G45/><T112/><REACH who="0" step="1"/><D112/><REACH who="0" ten="290,330,15,355" step="2"/><U56/><E75/><V39/><F114/><W124/><G124/><T102/><D102/><U52/><E73/><V76/><F100/><W49/><G128/><T33/><D33/><U107/><E107/><V95/><F113/><W62/><G130/><T117/><D117/><N who="1" m="45163" /><E52/><V57/><F106/><W84/><BYE who="2" /><G55/><T72/><D72/><U80/><E80/><V110/><F110/><W43/><G97/><RYUUKYOKU ba="0,1" sc="290,15,330,15,15,-15,355,-15" hai0="11,14,15,17,18,23,44,46,51,53,58,83,87" hai1="56,59,61,67" owari="305,-9.0,355,45.0,0,-50.0,340,14.0" /></mjloggm>