<mjloggm ver="2.3"><GO type="169" lobby="0"/><UN n0="%E3%81%A1%E3%82%8A%E3%82%81%E3%82%93%E3%81%98%E3%82%83%E3%81%93" n1="%E5%B0%B1%E6%B4%BB%E7%94%9F%40%E5%B7%9D%E6%9D%91%E8%BB%8D%E5%9B%A3" n2="%E2%80%A0%58%54%45%4E%44%E2%80%A0" n3="%E5%82%B7%E3%81%AF%E6%B5%85%E3%81%84%E3%81%86%E3%81%A1%E3%81%AB" dan="16,16,17,16" rate="2085.73,2153.89,2176.59,2172.96" sx="M,M,F,M"/><TAIKYOKU oya="0"/><BYE who="3" /><UN n3="%E5%82%B7%E3%81%AF%E6%B5%85%E3%81%84%E3%81%86%E3%81%A1%E3%81%AB" /><INIT seed="0,0,0,4,1,95" ten="250,250,250,250" oya="0" hai0="50,55,85,113,26,27,47,114,130,112,103,74,14" hai1="80,92,98,133,109,78,31,135,40,28,64,4,63" hai2="79,131,12,43,134,67,83,59,68,123,6,115,120" hai3="24,60,3,122,100,119,111,96,32,13,57,45,11"/><T36/><D74/><U5/><E40/><V16/><BYE who="3" /><F115/><W46/><G46/><UN n3="%E5%82%B7%E3%81%AF%E6%B5%85%E3%81%84%E3%81%86%E3%81%A1%E3%81%AB" /><T107/><D36/><U94/><E109/><V125/><F68/><W73/><G111/><T116/><D116/><U9/><E31/><V51/><F131/><W17/><G73/><T81/><D130/><U90/><E28/><V1/><F134/><W72/><G72/><T132/><D132/><U29/><E29/><V10/><F125/><W69/><G32/><T21/><D14/><U53/><E53/><V38/><F38/><W7/><G24/><T30/><D103/><U126/><E126/><V89/><F89/><W105/><G119/><T102/><D102/><U37/><E37/><V0/><F67/><W104/><G45/><T2/><D107/><U88/><E80/><V97/><F0/><W34/><G34/><T49/><D2/><U48/><E48/><V42/><F123/><W101/><G69/><T124/><D124/><U65/><E78/><V118/><F120/><W44/><G44/><T75/><D75/><U41/><E41/><V117/><F117/><W23/><G122/><T58/><D27/><U128/><E128/><V56/><F6/><W61/><REACH who="3" step="1"/><G57/><REACH who="3" ten="250,250,250,240" step="2"/><T66/><D113/><U84/><E133/><V19/><F59/><W91/><G91/><N who="0" m="51631" /><D112/><U99/><E135/><V121/><F56/><W127/><G127/><T106/><D114/><U8/><E84/><V70/><F70/><W52/><G52/><N who="0" m="29759" /><D66/><U110/><E110/><V39/><F121/><W62/><G62/><AGARI ba="0,1" hai="4,5,8,9,62,63,64,65,88,90,92,94,98,99" machi="62" ten="25,12000,2" yaku="22,2,8,1,52,2,54,1" doraHai="95" who="1" fromWho="3" sc="250,0,250,130,250,0,240,-120" /><INIT seed="1,0,0,0,2,121" ten="250,380,250,120" oya="1" hai0="80,58,20,117,4,25,69,105,0,29,28,24,108" hai1="41,91,116,73,63,77,106,12,122,45,40,107,124" hai2="5,112,65,132,38,125,26,129,88,44,6,32,52" hai3="89,98,90,13,15,135,123,109,102,35,74,47,34"/><U78/><E122/><V57/><F129/><W39/><G123/><T100/><D69/><U22/><E116/><V76/><F132/><W134/><G74/><T42/><D117/><U113/><E113/><V85/><F112/><W104/><G13/><T71/><D71/><U75/><E124/><V82/><F125/><W33/><G15/><T50/><D80/><U43/><E45/><V101/><F101/><W95/><G90/><T120/><D120/><U64/><E91/><V79/><F65/><W18/><G18/><T51/><D105/><U23/><E12/><V119/><F119/><W110/><G95/><T127/><D100/><U53/><E53/><V11/><F32/><W70/><G89/><T126/><D0/><U59/><E73/><V2/><F6/><W55/><G70/><T37/><D4/><U62/><E62/><V130/><F26/><W61/><G61/><T1/><D1/><U81/><E77/><V21/><F21/><W83/><G83/><T54/><D37/><U17/><E17/><V94/><F82/><W128/><G128/><T68/><D68/><U36/><E36/><V16/><F16/><W92/><G92/><T133/><D42/><U27/><E27/><V111/><F130/><W87/><G87/><T56/><D54/><U14/><E14/><V46/><F38/><W49/><G39/><T86/><D20/><U103/><E107/><V7/><F7/><W131/><G131/><T114/><D133/><AGARI ba="0,0" hai="33,34,35,47,49,55,98,102,104,109,110,133,134,135" machi="133" ten="50,6400,0" yaku="20,1,52,2" doraHai="121" who="3" fromWho="0" sc="250,-64,380,0,250,0,120,64" /><INIT seed="2,0,0,4,4,128" ten="186,380,250,184" oya="2" hai0="7,126,84,106,70,95,29,22,72,39,120,74,16" hai1="28,82,54,125,49,122,23,96,15,130,56,66,8" hai2="129,135,108,123,88,17,64,2,35,118,21,114,92" hai3="4,11,101,103,40,19,33,116,93,59,87,79,10"/><V55/><F114/><W134/><G33/><T60/><D106/><U30/><E130/><V5/><F118/><W61/><G116/><T20/><D120/><U57/><E125/><V69/><F123/><W44/><G134/><T46/><D126/><U124/><E124/><V77/><F35/><W25/><G25/><T91/><D7/><U14/><E122/><V86/><F129/><W68/><G68/><T110/><D110/><U94/><E82/><V3/><F108/><W58/><G19/><T67/><D29/><N who="1" m="11371" /><E23/><V75/><F5/><W121/><G121/><T97/><D22/><U48/><E8/><V26/><F135/><W13/><G11/><T9/><D9/><U38/><E38/><V62/><REACH who="2" step="1"/><F55/><REACH who="2" ten="186,380,240,184" step="2"/><W76/><G4/><T0/><D0/><U78/><E66/><V111/><F111/><W24/><G40/><T107/><D67/><U119/><E119/><V104/><F104/><W31/><G31/><T131/><D107/><U12/><E78/><V1/><F1/><W133/><G133/><T53/><D131/><U105/><E105/><V6/><F6/><W109/><G76/><T81/><D53/><U36/><E36/><V71/><F71/><W115/><G79/><T52/><D70/><U90/><E49/><V41/><F41/><W83/><G109/><T98/><D39/><U127/><E127/><V50/><F50/><W32/><G32/><T80/><D52/><U100/><E57/><V47/><F47/><W45/><G58/><T89/><D46/><U132/><E132/><V63/><F63/><W112/><G59/><T102/><D60/><RYUUKYOKU ba="0,1" sc="186,-15,380,15,240,15,184,-15" hai1="12,14,15,48,54,56,90,94,96,100" hai2="2,3,17,21,26,62,64,69,75,77,86,88,92" /><INIT seed="2,1,1,4,4,9" ten="171,395,255,169" oya="2" hai0="108,100,47,78,111,88,43,1,2,7,79,69,53" hai1="54,130,25,44,34,41,106,85,26,82,24,49,107" hai2="66,20,51,18,14,76,135,16,113,77,71,30,13" hai3="50,128,93,45,62,59,3,104,80,52,64,97,70"/><V102/><F113/><W29/><G128/><T95/><D100/><U134/><E34/><V101/><F135/><W122/><G122/><T61/><D69/><U65/><E134/><V75/><F30/><W5/><G29/><T0/><D61/><U11/><E130/><V120/><F120/><W68/><G104/><T4/><D53/><U131/><E65/><V15/><F75/><W12/><G3/><T55/><D55/><U35/><E35/><V105/><F105/><W115/><G115/><T39/><D7/><U56/><E131/><V110/><F110/><N who="0" m="42026" /><D4/><U36/><REACH who="1" step="1"/><E11/><REACH who="1" ten="171,385,255,169" step="2"/><N who="2" m="6207" /><F66/><W33/><G33/><T19/><D19/><U42/><E42/><V6/><F71/><W23/><G5/><T63/><D63/><U133/><E133/><V28/><F28/><W123/><G123/><T89/><D89/><AGARI ba="1,2" hai="24,25,26,36,41,44,49,54,56,82,85,89,106,107" machi="89" ten="40,1300,0" yaku="1,1,53,0" doraHai="9" doraHaiUra="17" who="1" fromWho="0" sc="171,-16,385,36,255,0,169,0" /><INIT seed="3,0,0,4,4,118" ten="155,421,255,169" oya="3" hai0="52,56,113,16,120,97,15,18,66,4,74,94,37" hai1="125,134,132,2,21,40,78,72,20,124,31,30,122" hai2="109,104,19,126,27,76,67,5,17,35,103,57,106" hai3="127,87,44,135,28,63,75,48,45,65,117,7,33"/><W130/><G75/><T108/><D113/><U112/><E40/><V6/><F109/><W34/><G117/><T80/><D108/><U116/><E72/><V24/><F126/><N who="1" m="48745" /><E78/><V121/><F121/><W119/><G127/><T58/><D37/><U110/><E110/><V92/><F76/><W13/><G119/><T1/><D120/><U131/><E116/><V42/><F42/><W61/><G130/><T102/><D66/><U114/><E2/><V93/><F67/><W98/><G65/><T26/><D74/><U69/><E122/><V77/><F77/><W85/><G13/><T41/><D41/><U38/><E38/><V47/><F57/><W101/><G101/><T111/><D111/><U128/><E69/><V9/><F103/><W59/><G59/><T83/><D58/><U23/><E112/><V70/><F9/><W99/><G28/><N who="1" m="10794" /><E114/><V82/><F82/><W43/><G43/><T123/><D123/><U0/><E0/><V133/><F70/><W12/><G135/><AGARI ba="0,0" hai="20,21,23,128,131,132,134,135" m="10794,48745" machi="135" ten="40,16000,3" yaku="30,2,28,2,20,1,18,1,34,2" doraHai="118" who="1" fromWho="3" sc="155,0,421,160,255,0,169,-160" /><INIT seed="4,0,0,1,4,109" ten="155,581,255,9" oya="0" hai0="5,88,95,53,73,13,41,14,43,59,27,135,125" hai1="102,57,124,66,93,89,61,21,10,28,22,96,29" hai2="118,76,16,2,90,67,18,85,7,52,71,74,20" hai3="112,9,35,104,50,63,62,82,32,4,56,72,98"/><T132/><D73/><U69/><E124/><V97/><F118/><W17/><G17/><T101/><D101/><U111/><E111/><V115/><F18/><W91/><G63/><T31/><D125/><U77/><E77/><V64/><F71/><W131/><G50/><N who="0" m="31159" /><D5/><U19/><E69/><V107/><F2/><W126/><G126/><T100/><D100/><U15/><E89/><V84/><F74/><W39/><G39/><T119/><D119/><U12/><E22/><V58/><F97/><W75/><G104/><T130/><D130/><U30/><E28/><V3/><F3/><W86/><G131/><T127/><D127/><U79/><E79/><V44/><F44/><W8/><G8/><T0/><D0/><U133/><E133/><N who="0" m="51273" /><D14/><U116/><E116/><V51/><F7/><AGARI ba="0,0" hai="7,10,12,15,19,21,29,30,57,61,66,93,96,102" machi="7" ten="30,2000,0" yaku="7,1,8,1" doraHai="109" who="1" fromWho="2" sc="155,0,581,20,255,-20,9,0" /><INIT seed="5,0,0,3,1,52" ten="155,601,235,9" oya="1" hai0="41,119,85,34,37,47,93,5,131,82,105,63,126" hai1="97,101,61,42,102,6,18,103,29,117,24,79,107" hai2="83,69,23,17,33,14,56,55,60,132,20,73,59" hai3="46,38,8,89,0,27,25,135,98,94,134,96,15"/><U53/><E117/><V16/><F33/><W32/><G0/><T66/><D105/><U76/><E6/><V40/><F132/><N who="3" m="50731" /><G32/><T10/><D126/><U127/><E127/><V122/><F122/><W71/><G71/><T130/><D93/><U116/><E116/><V4/><F4/><N who="3" m="3463" /><G98/><T124/><D34/><U133/><E133/><V49/><F73/><W84/><G96/><T9/><D124/><U11/><E42/><AGARI ba="0,0" hai="25,27,38,42,46,84,89,94" m="3463,50731" machi="42" ten="30,1000,0" yaku="20,1" doraHai="52" who="3" fromWho="1" sc="155,0,601,-10,235,0,9,10" /><INIT seed="6,0,0,2,0,39" ten="155,591,235,19" oya="2" hai0="58,11,34,84,28,70,47,31,22,37,8,91,65" hai1="109,73,40,133,32,100,45,131,48,118,119,64,36" hai2="53,52,67,104,83,3,76,6,101,43,120,10,54" hai3="81,117,95,33,97,135,80,88,129,14,41,94,86"/><V111/><F120/><W51/><G33/><T2/><D70/><U105/><E73/><V106/><F111/><W124/><G117/><N who="1" m="44554" /><E32/><V93/><F67/><W62/><G124/><T66/><D34/><U134/><E100/><V38/><F93/><W69/><G129/><T113/><D113/><U30/><E30/><V17/><F101/><W79/><G135/><N who="1" m="51722" /><E105/><V21/><F21/><W26/><G26/><T61/><D66/><U49/><E109/><V24/><F17/><W56/><G69/><T57/><D22/><U59/><E131/><V68/><F24/><W115/><G14/><T5/><D8/><U108/><E108/><V126/><F68/><W9/><G9/><T89/><D91/><U92/><E92/><V0/><F126/><W1/><G1/><T122/><D31/><U98/><E98/><V125/><F0/><W116/><G115/><T25/><D28/><U127/><E127/><V20/><F20/><W82/><G116/><T103/><D25/><U130/><E130/><V90/><F90/><W78/><G95/><T4/><D103/><U23/><E23/><V42/><F125/><W99/><G99/><T7/><D89/><U15/><E15/><V29/><F29/><W121/><G121/><T60/><D2/><U114/><E114/><V132/><F132/><W63/><G97/><T75/><D11/><U19/><E19/><V72/><F106/><W50/><G50/><T35/><D75/><U55/><E64/><V128/><F128/><W12/><G12/><T27/><D65/><U74/><E74/><V112/><F112/><W18/><G18/><RYUUKYOKU ba="0,0" sc="155,-10,591,30,235,-10,19,-10" hai1="36,40,45,48,49,55,59" /><INIT seed="7,1,0,2,4,4" ten="145,621,225,9" oya="3" hai0="111,115,33,30,58,94,34,98,25,113,91,17,56" hai1="108,75,29,68,24,71,116,106,107,104,35,22,110" hai2="45,55,72,87,95,51,38,57,8,123,100,97,127" hai3="21,80,119,86,122,133,83,120,3,135,11,69,132"/><W0/><G69/><N who="1" m="26698" /><E22/><V23/><F127/><W73/><G119/><T79/><D111/><N who="1" m="42539" /><E75/><V74/><F23/><W6/><G3/><T121/><D121/><N who="3" m="46697" /><G73/><T81/><D17/><U109/><E109/><V16/><F87/><W99/><G86/><N who="0" m="48447" /><D34/><U70/><E70/><V125/><F123/><W62/><G62/><T63/><D63/><U126/><E126/><V46/><F125/><W1/><G1/><T105/><D105/><U53/><E53/><V19/><F38/><W32/><G32/><T9/><D9/><U14/><E14/><N who="2" m="7239" /><F74/><W27/><G99/><T112/><AGARI ba="1,0" hai="25,30,33,56,58,91,94,98,112,113,115" m="48447" machi="112" ten="30,2000,0" yaku="15,1,11,1" doraHai="4" who="0" fromWho="0" sc="145,23,621,-6,225,-6,9,-11" owari="168,-23.0,615,71.0,219,2.0,-2,-50.0" /></mjloggm>