<mjloggm ver="2.3"><GO type="225" lobby="0"/><UN n0="%E3%83%89%E3%83%A9%E3%83%AD%E3%83%B3%E3%83%80%E3%82%A4%E3%83%B4" n1="%68%61%6E%65%31%35%30%30" n2="%43%46%76%E6%9D%8F%E6%9D%8F" n3="%E5%B0%B1%E6%B4%BB%E7%94%9F%40%E5%B7%9D%E6%9D%91%E8%BB%8D%E5%9B%A3" dan="16,18,16,18" rate="2106.04,2257.27,2082.47,2226.49" sx="M,M,F,M"/><TAIKYOKU oya="0"/><INIT seed="0,0,0,3,4,104" ten="250,250,250,250" oya="0" hai0="73,102,23,9,91,27,6,25,69,105,127,66,33" hai1="8,42,32,44,0,116,22,103,51,2,65,21,83" hai2="86,94,38,29,49,78,48,130,135,47,14,89,71" hai3="54,129,39,50,114,57,59,68,1,122,121,90,62"/><T4/><D33/><U125/><E32/><V133/><F71/><W111/><G1/><T107/><D6/><U88/><E116/><V113/><F113/><W36/><G90/><T55/><D73/><U124/><E103/><V72/><F130/><W117/><G114/><T112/><D112/><U7/><E65/><V108/><F108/><W95/><G95/><T37/><D37/><N who="3" m="14409" /><G117/><T13/><D127/><N who="1" m="48715" /><E2/><V12/><F29/><W60/><G111/><T76/><D76/><U132/><E132/><N who="2" m="50763" /><F38/><W15/><G15/><N who="2" m="5673" /><F47/><N who="3" m="27999" /><G129/><T115/><D115/><U87/><AGARI ba="0,0" hai="0,7,8,21,22,42,44,51,83,87,88" m="48715" machi="87" ten="30,2000,0" yaku="18,1,54,1" doraHai="104" who="1" fromWho="1" sc="250,-10,250,20,250,-5,250,-5" /><INIT seed="1,0,0,0,5,111" ten="240,270,245,245" oya="1" hai0="60,49,75,11,116,19,17,110,68,113,87,95,54" hai1="106,58,6,82,30,56,7,94,118,13,8,2,69" hai2="70,47,20,114,26,21,135,28,102,80,86,101,133" hai3="67,5,64,88,4,18,124,10,25,93,50,123,73"/><U99/><E118/><V39/><F70/><W0/><G73/><T3/><D75/><U27/><E69/><V22/><F39/><W84/><G123/><T79/><D116/><U72/><E106/><V121/><F47/><W131/><G131/><T53/><D113/><U108/><E108/><V109/><F121/><W78/><G124/><T46/><D110/><U42/><E42/><V97/><F109/><W77/><G50/><T63/><D3/><U62/><E2/><V91/><F114/><W31/><G18/><N who="0" m="6667" /><D68/><U130/><E130/><V107/><REACH who="2" step="1"/><F101/><REACH who="2" ten="240,270,235,245" step="2"/><W61/><G4/><T24/><D46/><U15/><E6/><V90/><F90/><W132/><G77/><T100/><D100/><U40/><E7/><V38/><F38/><W89/><G78/><T76/><D76/><U45/><E45/><V115/><F115/><W36/><G36/><T134/><D79/><U96/><E72/><V51/><F51/><W127/><G127/><T59/><D49/><U119/><E119/><V83/><F83/><W92/><G61/><T126/><D63/><U44/><E82/><V34/><AGARI ba="0,1" hai="20,21,22,26,28,34,80,86,91,97,102,107,133,135" machi="34" ten="30,2000,0" yaku="1,1,0,1,53,0" doraHai="111" doraHaiUra="122" who="2" fromWho="2" sc="240,-5,270,-10,235,30,245,-5" /><INIT seed="2,0,0,3,1,96" ten="235,260,265,240" oya="2" hai0="119,38,42,35,76,85,103,92,18,118,122,36,89" hai1="54,121,77,23,51,65,48,50,33,59,97,61,24" hai2="126,31,112,29,102,27,9,12,111,73,10,60,63" hai3="120,32,58,106,41,107,26,95,3,105,78,75,25"/><V47/><F112/><W81/><G120/><T83/><D122/><U49/><E121/><V94/><F73/><W20/><G3/><T8/><D35/><U28/><E77/><V19/><F126/><W82/><G41/><T43/><D103/><U45/><E33/><V39/><F39/><N who="0" m="14890" /><D18/><U115/><E115/><V84/><F47/><W91/><G81/><T0/><D8/><U34/><E34/><V99/><F111/><W16/><G58/><T21/><D21/><U98/><AGARI ba="0,0" hai="23,24,28,45,48,49,50,51,54,59,61,65,97,98" machi="98" ten="30,2000,0" yaku="0,1,8,1" doraHai="96" who="1" fromWho="1" sc="235,-5,260,20,265,-10,240,-5" /><INIT seed="3,0,0,5,1,131" ten="230,280,255,235" oya="3" hai0="43,70,73,6,135,86,79,27,101,85,14,36,67" hai1="90,76,120,112,61,125,95,19,93,24,97,46,99" hai2="129,1,15,121,87,51,107,64,48,113,118,59,88" hai3="78,71,123,52,41,42,12,102,45,10,54,44,33"/><W77/><G123/><T23/><D101/><U83/><E120/><V116/><F1/><W38/><G71/><T57/><D70/><U100/><E112/><V66/><F107/><W25/><G102/><T53/><D67/><U21/><E125/><V134/><F121/><W92/><G92/><T80/><D135/><U89/><E100/><V126/><F113/><W4/><G33/><T7/><D36/><U11/><E11/><V13/><F129/><W30/><G77/><T50/><D43/><U35/><E35/><V130/><F130/><W108/><G78/><T115/><D115/><U127/><E127/><V117/><F126/><W55/><G108/><T56/><D56/><U0/><E0/><V8/><F15/><W60/><G60/><T34/><D34/><U39/><E61/><V9/><F8/><W2/><G2/><T20/><D20/><U65/><E65/><V63/><F66/><W16/><G30/><T68/><D68/><U110/><E110/><V106/><F106/><W133/><G133/><T3/><D14/><U40/><E76/><V74/><F74/><W114/><G114/><T26/><D26/><U49/><E39/><V47/><F134/><W31/><G31/><N who="0" m="17919" /><D3/><U132/><E132/><V98/><F47/><N who="3" m="17995" /><G38/><T37/><D37/><U128/><E128/><V17/><REACH who="2" step="1"/><F98/><REACH who="2" ten="230,280,245,235" step="2"/><W62/><G62/><T18/><D18/><U58/><E99/><V104/><F104/><W91/><G91/><T96/><D96/><U72/><E97/><V28/><F28/><W124/><G124/><T5/><D73/><U29/><E72/><V84/><F84/><RYUUKYOKU ba="0,1" sc="230,10,280,-30,245,10,235,10" hai0="5,6,7,50,53,57,79,80,85,86" hai2="9,13,17,48,51,59,63,64,87,88,116,117,118" hai3="4,10,12,16,25,41,42,52,54,55" /><INIT seed="3,1,1,4,1,70" ten="240,250,255,245" oya="3" hai0="87,102,2,29,13,38,52,126,79,6,76,34,122" hai1="43,98,37,9,135,14,18,72,10,46,109,30,3" hai2="93,11,96,1,94,22,24,97,133,99,90,131,101" hai3="57,120,33,64,110,7,61,91,4,28,75,74,62"/><W21/><G120/><T86/><D2/><U95/><E109/><V113/><F113/><W16/><G110/><T130/><D122/><U134/><E72/><V60/><F133/><N who="1" m="50697" /><E30/><V39/><F39/><W92/><G75/><T0/><D0/><U36/><E3/><V59/><F131/><W68/><G74/><T106/><D38/><N who="1" m="21879" /><E10/><V20/><F97/><N who="3" m="57503" /><G33/><T17/><D34/><U81/><E81/><V47/><F47/><W53/><G28/><T63/><D29/><U54/><E54/><N who="2" m="33911" /><F1/><W66/><G66/><T50/><D52/><U78/><E78/><V26/><F11/><W103/><G103/><AGARI ba="1,1" hai="9,14,18,36,37,95,98,103" m="21879,50697" machi="103" ten="30,7700,0" yaku="20,1,52,3" doraHai="70" who="1" fromWho="3" sc="240,0,250,90,255,0,245,-80" owari="240,-16.0,340,43.0,255,6.0,165,-33.0" /></mjloggm>