<mjloggm ver="2.3"><GO type="41" lobby="0"/><UN n0="%63%6F%6F%6C%62%6F%77" n1="%E5%B0%B1%E6%B4%BB%E7%94%9F%40%E5%B7%9D%E6%9D%91%E8%BB%8D%E5%9B%A3" n2="%E5%BD%B9%E3%81%AB%E7%AB%8B%E3%81%9F%E3%81%AA%E3%81%84%E4%BA%BA" n3="%E8%B5%A4%E5%9D%82%37" dan="13,17,13,14" rate="1902.20,2155.42,1868.63,1850.61" sx="M,M,M,M"/><TAIKYOKU oya="0"/><INIT seed="0,0,0,5,3,79" ten="250,250,250,250" oya="0" hai0="48,21,63,119,44,33,122,102,89,14,101,94,22" hai1="54,77,78,83,88,59,91,49,24,9,17,103,75" hai2="113,52,112,92,61,67,104,80,111,73,128,0,76" hai3="107,43,5,105,56,2,38,23,57,34,96,31,40"/><T84/><D122/><U81/><E103/><V124/><F104/><N who="3" m="40011" /><G96/><T45/><D33/><U127/><E127/><V1/><F124/><W3/><G23/><T125/><D125/><U100/><E100/><V42/><F128/><W69/><G57/><T10/><D119/><U25/><E9/><V18/><F111/><W20/><G20/><T118/><D118/><U12/><E12/><V70/><F42/><W62/><G56/><T4/><D45/><U47/><E17/><V131/><F131/><W8/><G43/><T116/><D116/><U36/><E36/><V7/><F18/><W123/><G123/><T106/><D101/><U117/><E117/><V93/><F1/><N who="3" m="47" /><G40/><T110/><D110/><U108/><E108/><V74/><F73/><W87/><G87/><T66/><D106/><U126/><E126/><V95/><F0/><W97/><G97/><T15/><D102/><U121/><E121/><V98/><F7/><W26/><G38/><T53/><D15/><U27/><REACH who="1" step="1"/><E47/><REACH who="1" ten="250,240,250,250" step="2"/><V51/><REACH who="2" step="1"/><F98/><REACH who="2" ten="250,240,240,250" step="2"/><W86/><G3/><T135/><REACH who="0" step="1"/><D135/><REACH who="0" ten="240,240,240,250" step="2"/><U19/><E19/><V130/><F130/><W60/><G2/><T133/><D133/><U28/><E28/><V46/><AGARI ba="0,3" hai="46,51,52,61,67,70,74,76,80,92,93,95,112,113" machi="46" ten="30,7900,0" yaku="1,1,0,1,52,1,54,1,53,0" doraHai="79" doraHaiUra="129" who="2" fromWho="2" sc="240,-39,240,-20,240,109,250,-20" /><INIT seed="1,0,0,4,3,73" ten="201,220,349,230" oya="1" hai0="36,8,28,11,61,9,40,62,94,67,130,42,59" hai1="125,15,101,127,90,48,135,1,27,92,112,128,103" hai2="21,0,85,70,38,78,119,23,46,37,126,32,123" hai3="118,95,16,43,29,114,44,116,82,58,53,31,33"/><U75/><E1/><V5/><F32/><W41/><G114/><T107/><D107/><U109/><E112/><V47/><F123/><W84/><G95/><T10/><D130/><U34/><E128/><V83/><F119/><N who="3" m="45611" /><G33/><T76/><D28/><N who="3" m="10825" /><G16/><T65/><D94/><U79/><E27/><V117/><F117/><W51/><G44/><T56/><D36/><U50/><E34/><V133/><F133/><W80/><G80/><T18/><D18/><U131/><E15/><V7/><F126/><N who="1" m="48137" /><E131/><V57/><F70/><W104/><G104/><T45/><D45/><U110/><E135/><V22/><F57/><W54/><G54/><T74/><REACH who="0" step="1"/><D8/><REACH who="0" ten="191,220,349,230" step="2"/><U115/><E115/><V68/><F47/><W17/><G17/><T72/><D72/><U105/><E105/><V88/><F46/><W108/><G108/><N who="1" m="41578" /><E103/><V63/><F37/><W71/><G71/><T39/><D39/><U98/><E101/><V121/><F38/><W113/><G113/><T64/><D64/><U129/><E129/><V106/><F106/><W86/><G82/><AGARI ba="0,1" hai="9,10,11,40,42,56,59,61,62,65,67,74,76,82" machi="82" ten="40,5200,0" yaku="1,1,9,1,52,1,53,0" doraHai="73" doraHaiUra="91" who="0" fromWho="3" sc="191,62,220,0,349,0,230,-52" /><AGARI ba="0,0" hai="48,50,75,79,82,90,92,98" m="41578,48137" machi="82" ten="30,11600,0" yaku="18,1,14,1,10,1,52,1" doraHai="73" who="1" fromWho="3" sc="253,0,220,116,349,0,178,-116" /><INIT seed="1,1,0,0,4,97" ten="253,336,349,62" oya="1" hai0="124,120,2,119,45,9,3,89,48,74,131,56,29" hai1="82,101,47,73,86,133,5,55,134,105,24,112,113" hai2="81,95,43,15,57,122,8,41,71,10,28,98,79" hai3="30,75,53,126,93,114,50,39,19,76,31,52,62"/><U94/><E5/><V54/><F122/><W65/><G126/><T80/><D120/><U16/><E73/><V32/><F71/><W35/><G114/><T68/><D68/><U102/><E105/><V96/><F96/><W118/><G118/><T51/><D119/><U1/><E1/><V77/><F8/><W132/><G132/><N who="1" m="50794" /><E94/><V44/><F77/><W110/><G110/><T61/><D124/><U100/><E47/><V121/><F121/><W23/><G39/><T92/><D131/><U123/><E55/><V117/><F117/><W125/><G125/><T27/><D80/><U49/><E49/><V116/><F116/><W111/><G111/><T83/><D83/><U127/><E127/><V63/><F44/><W78/><G75/><T87/><D74/><U36/><E36/><V85/><F28/><W38/><G38/><T99/><D9/><U135/><E123/><V7/><REACH who="2" step="1"/><F32/><REACH who="2" ten="253,336,339,62" step="2"/><W70/><G35/><T60/><D99/><U88/><E135/><V84/><F84/><W17/><G31/><T91/><D91/><AGARI ba="1,1" hai="7,10,15,41,43,54,57,63,79,81,85,91,95,98" machi="91" ten="30,3900,0" yaku="1,1,7,1,8,1,53,0" doraHai="97" doraHaiUra="129" who="2" fromWho="0" sc="253,-42,336,0,339,52,62,0" /><INIT seed="2,0,0,0,2,16" ten="211,336,391,62" oya="2" hai0="68,99,131,48,26,113,21,60,61,133,114,83,45" hai1="76,62,127,59,0,10,89,67,73,77,117,123,129" hai2="119,112,81,116,51,72,3,94,88,125,120,101,126" hai3="39,41,95,71,37,47,34,17,12,64,65,18,97"/><V80/><F3/><W43/><G34/><T31/><D133/><U102/><E117/><N who="2" m="45131" /><F51/><W28/><G28/><T96/><D131/><U58/><E129/><V46/><F46/><W55/><G97/><T92/><D96/><U53/><E123/><V13/><F13/><W52/><G95/><T14/><D83/><N who="2" m="31818" /><F120/><W110/><G18/><T109/><D109/><U108/><E108/><V5/><F5/><W38/><G17/><T40/><D68/><U63/><E127/><N who="2" m="48651" /><F101/><W107/><G107/><T8/><D114/><U25/><E102/><V49/><F49/><N who="3" m="28735" /><G12/><T98/><D98/><U6/><E73/><V105/><F105/><W69/><G110/><T36/><D113/><U27/><E27/><V128/><F128/><W130/><G130/><T33/><D33/><U11/><E25/><V42/><F42/><N who="3" m="15883" /><G55/><T85/><D85/><U7/><E7/><V103/><F103/><W134/><G134/><T135/><D135/><U74/><E74/><V29/><F29/><W22/><G22/><T100/><D36/><N who="3" m="9217" /><W115/><DORA hai="70" /><G115/><T93/><REACH who="0" step="1"/><D93/><REACH who="0" ten="201,336,391,62" step="2"/><U1/><E1/><V82/><F112/><W78/><G78/><T124/><D124/><U57/><E76/><V35/><F35/><W24/><G24/><T32/><D32/><U23/><E77/><V4/><F82/><W56/><G65/><T2/><D2/><U20/><E0/><V90/><F72/><W44/><G44/><T75/><D75/><U15/><E67/><V66/><F66/><W121/><G121/><T122/><D122/><U79/><E79/><V19/><F94/><W91/><G91/><RYUUKYOKU ba="0,1" sc="201,15,336,-15,391,-15,62,15" hai0="8,14,21,26,31,40,45,48,60,61,92,99,100" hai3="56,64,69,71" /><INIT seed="3,1,1,0,1,40" ten="216,321,376,77" oya="3" hai0="22,129,64,38,34,61,53,26,103,32,128,111,72" hai1="63,58,66,118,80,31,98,73,37,9,47,114,43" hai2="85,134,100,83,109,132,126,54,55,49,18,101,29" hai3="89,92,17,39,68,21,131,35,7,116,123,30,65"/><W77/><G123/><T124/><D72/><U81/><E114/><V108/><F29/><W52/><G116/><T105/><D38/><U107/><E118/><V135/><F126/><W60/><G131/><T11/><D124/><U121/><E121/><V96/><F18/><W115/><G115/><T5/><D111/><N who="2" m="42570" /><F49/><W59/><G39/><T95/><D105/><U24/><E73/><V41/><F41/><W110/><G110/><T45/><D53/><N who="2" m="19978" /><F96/><W46/><G46/><T113/><D113/><U125/><E125/><V102/><F85/><W19/><G77/><T6/><D45/><U42/><E42/><V97/><F97/><W120/><G120/><T90/><D103/><U8/><E80/><AGARI ba="1,1" hai="80,83,100,101,102,132,134,135" m="19978,42570" machi="80" ten="40,8000,1" yaku="28,2,20,1,14,1" doraHai="40" who="2" fromWho="1" sc="216,0,321,-83,376,93,77,0" /><INIT seed="4,0,0,1,4,83" ten="216,238,469,77" oya="0" hai0="30,104,43,61,13,85,1,126,127,47,19,76,121" hai1="107,135,40,20,58,102,35,2,80,70,128,69,41" hai2="7,36,90,133,45,48,5,87,129,22,38,33,112" hai3="78,60,67,86,3,103,108,11,72,55,4,73,32"/><T23/><D1/><U52/><E35/><V116/><F33/><W125/><G108/><T131/><D121/><U81/><E2/><V94/><F112/><W46/><G125/><T71/><D104/><U53/><E135/><V62/><F116/><W122/><G122/><T66/><D131/><U28/><E128/><V31/><F129/><W109/><G109/><T17/><D30/><U106/><E20/><V120/><F120/><W21/><G32/><T96/><D96/><U26/><E26/><V29/><F133/><W92/><G103/><T79/><D79/><U65/><E58/><V91/><F62/><W49/><G21/><T114/><D114/><U57/><E57/><V56/><F56/><W18/><G18/><T130/><D130/><U44/><E44/><V8/><F38/><W95/><G95/><T115/><D115/><U68/><E102/><V9/><F36/><W42/><G42/><N who="1" m="16490" /><E28/><N who="2" m="10827" /><F22/><W39/><G39/><T37/><REACH who="0" step="1"/><D17/><REACH who="0" ten="206,238,469,77" step="2"/><U100/><E100/><V6/><F7/><W25/><G25/><T14/><D14/><U75/><E75/><V118/><F6/><W89/><REACH who="3" step="1"/><G78/><REACH who="3" ten="206,238,469,67" step="2"/><T10/><D10/><U12/><E106/><V64/><F8/><W134/><G134/><T105/><D105/><U97/><E107/><V27/><F9/><W54/><G54/><T59/><D59/><AGARI ba="0,2" hai="3,4,11,46,49,55,59,60,67,72,73,86,89,92" machi="59" ten="30,3900,0" yaku="1,1,7,1,52,1,53,0" doraHai="83" doraHaiUra="110" who="3" fromWho="0" sc="206,-39,238,0,469,0,67,59" /><INIT seed="5,0,0,4,5,79" ten="167,238,469,126" oya="1" hai0="90,96,46,102,87,103,59,44,33,115,109,21,5" hai1="126,42,128,25,68,51,125,135,66,18,131,0,1" hai2="123,61,52,15,32,94,13,20,111,92,14,28,76" hai3="57,69,45,88,129,101,120,4,82,55,64,107,8"/><U105/><E105/><V22/><F123/><W41/><G120/><T97/><D33/><U39/><E39/><V30/><F32/><W113/><G129/><N who="1" m="49738" /><E68/><V71/><F111/><W93/><G113/><T121/><D109/><U31/><E66/><V50/><F76/><W81/><G107/><T17/><D121/><U118/><E118/><V114/><F71/><W83/><G101/><T124/><D5/><U98/><E98/><V53/><F61/><N who="3" m="37935" /><G69/><T122/><D122/><U24/><E51/><V29/><F114/><W67/><G67/><T11/><D11/><U38/><E42/><V91/><F50/><N who="3" m="29135" /><G41/><T56/><D17/><U63/><E63/><V85/><REACH who="2" step="1"/><F94/><REACH who="2" ten="167,238,459,126" step="2"/><W74/><G74/><T54/><D115/><U133/><E38/><V36/><F36/><W9/><G4/><T19/><D54/><AGARI ba="0,1" hai="13,14,15,20,22,28,29,30,52,53,54,85,91,92" machi="54" ten="40,5200,0" yaku="1,1,8,1,54,1,53,0" doraHai="79" doraHaiUra="73" who="2" fromWho="0" sc="167,-52,238,0,459,62,126,0" /><INIT seed="6,0,0,1,3,125" ten="115,238,521,126" oya="2" hai0="71,19,95,44,48,61,126,114,134,18,56,88,68" hai1="34,94,37,8,42,14,12,39,72,97,15,127,132" hai2="11,116,103,80,64,120,129,100,130,75,122,55,76" hai3="5,27,40,98,50,25,101,59,66,135,38,24,60"/><V53/><F64/><W35/><G135/><T105/><D105/><U2/><E72/><V86/><F116/><W99/><G35/><T22/><D134/><U79/><E34/><V104/><F11/><W106/><G38/><T81/><D19/><U47/><E132/><V9/><F9/><W31/><G31/><T119/><D119/><U43/><E127/><V4/><F4/><W107/><G5/><T54/><D114/><U13/><E79/><V117/><F117/><W90/><G90/><T124/><D81/><U30/><E30/><V74/><F55/><W121/><G121/><N who="2" m="46697" /><F53/><W29/><G29/><T51/><D126/><U96/><E2/><V70/><F70/><W123/><G123/><T92/><D92/><U113/><E113/><V102/><F104/><W83/><G83/><T28/><D28/><U26/><E26/><V49/><F49/><W52/><G40/><T1/><D1/><U112/><E112/><V67/><F67/><W41/><G41/><T128/><D124/><U62/><E62/><V84/><F84/><W77/><G77/><T87/><D51/><U36/><E43/><V32/><F32/><W108/><G108/><T78/><D78/><U16/><REACH who="1" step="1"/><E97/><REACH who="1" ten="115,228,521,126" step="2"/><V82/><F75/><W10/><G99/><T131/><D71/><U45/><E45/><V93/><F74/><W65/><G107/><T109/><D68/><U58/><E58/><V57/><F57/><W133/><G133/><T0/><D0/><U111/><E111/><V118/><F76/><W110/><G110/><T17/><D109/><U91/><AGARI ba="0,1" hai="8,12,13,14,15,16,36,37,39,42,47,91,94,96" machi="91" ten="30,4000,0" yaku="1,1,0,1,54,1,53,0" doraHai="125" doraHaiUra="20" who="1" fromWho="1" sc="115,-10,228,50,521,-20,126,-10" /><INIT seed="7,0,0,0,2,5" ten="105,278,501,116" oya="3" hai0="130,26,125,14,117,77,66,127,84,78,71,41,82" hai1="132,70,65,19,97,107,73,68,42,72,94,128,123" hai2="112,24,120,101,83,38,61,69,0,89,16,113,59" hai3="60,80,49,81,133,86,76,37,32,93,115,47,13"/><W12/><G32/><T22/><D117/><U50/><E123/><V48/><F38/><W33/><G33/><T3/><D3/><U21/><E107/><V8/><F120/><W126/><G126/><T9/><D130/><U118/><E118/><V18/><F101/><W88/><G133/><T108/><D108/><U98/><E128/><V87/><F69/><W30/><G115/><N who="2" m="44105" /><F24/><W2/><G2/><T135/><D135/><U7/><E7/><N who="2" m="1127" /><F48/><W1/><G1/><T35/><D35/><U67/><E98/><V28/><F28/><W105/><G105/><T39/><D77/><U6/><E67/><AGARI ba="0,0" hai="16,18,59,61,67,83,87,89" m="1127,44105" machi="67" ten="30,3900,0" yaku="15,1,52,1,54,1" doraHai="5" who="2" fromWho="1" sc="105,0,278,-39,501,39,116,0" owari="105,-39.0,239,4.0,540,63.0,116,-28.0" /></mjloggm>