<mjloggm ver="2.3"><GO type="97" lobby="0"/><UN n0="%E5%B0%B1%E6%B4%BB%E7%94%9F%40%E5%B7%9D%E6%9D%91%E8%BB%8D%E5%9B%A3" n1="%E5%9F%8E%E5%8F%A3" n2="%74%61%63%6B%65%79%30%37" n3="%E3%81%BD%E3%81%A3%E3%81%8F%E3%82%93%E3%81%84%E3%81%8D%E3%81%BE%E3%81%99" dan="17,15,14,14" rate="2147.73,1921.55,1891.94,1938.11" sx="M,M,M,M"/><TAIKYOKU oya="0"/><INIT seed="0,0,0,0,3,132" ten="250,250,250,250" oya="0" hai0="81,35,92,98,62,102,27,28,8,65,100,87,45" hai1="57,12,22,106,88,127,69,18,77,33,63,32,120" hai2="51,25,6,78,134,94,123,80,72,130,64,84,76" hai3="110,60,70,95,97,112,111,101,55,14,126,83,40"/><T26/><D26/><U9/><E69/><V30/><F123/><W117/><G112/><T37/><D8/><U68/><E120/><V54/><F134/><W16/><G117/><T108/><D108/><N who="3" m="41513" /><G40/><T82/><D102/><U93/><E68/><V103/><F130/><W44/><G83/><T36/><D45/><U85/><E106/><V0/><F64/><N who="3" m="41223" /><G55/><T17/><D17/><U90/><E127/><V75/><F76/><W49/><G49/><T74/><D74/><U10/><E77/><V4/><F103/><W31/><G31/><T131/><D131/><U61/><E61/><V99/><F0/><W11/><G44/><T66/><D66/><U5/><E90/><V122/><F122/><W58/><G58/><T46/><D46/><U109/><E109/><V48/><F48/><W29/><G29/><T43/><D43/><U20/><E10/><V53/><F53/><W124/><AGARI ba="0,0" hai="11,14,16,95,97,101,124,126" m="41223,41513" machi="124" ten="30,7900,0" yaku="14,1,52,2,54,1" doraHai="132" who="3" fromWho="3" sc="250,-39,250,-20,250,-20,250,79" /><INIT seed="1,0,0,0,4,33" ten="211,230,230,329" oya="1" hai0="81,46,99,116,96,13,47,5,134,51,62,12,28" hai1="122,44,34,120,127,32,57,64,123,20,78,58,9" hai2="66,61,45,90,132,23,15,135,119,98,113,84,26" hai3="88,80,117,39,65,41,124,11,30,97,38,59,91"/><U36/><E78/><V121/><F121/><W89/><G124/><T129/><D116/><U69/><E127/><V52/><F119/><W114/><G114/><T95/><D129/><U125/><E125/><V131/><F131/><W106/><G117/><T53/><D134/><N who="2" m="51242" /><F113/><W85/><G30/><T56/><D28/><U27/><E69/><V31/><F98/><W40/><G11/><N who="0" m="4207" /><D81/><U49/><E36/><V73/><F73/><W68/><G68/><T42/><D95/><U55/><E9/><V1/><F15/><W110/><G110/><T103/><D103/><U0/><E0/><V79/><F79/><N who="3" m="46239" /><G39/><T94/><D94/><U4/><E4/><V87/><F1/><W37/><G38/><T86/><D86/><U29/><REACH who="1" step="1"/><E64/><REACH who="1" ten="211,220,230,329" step="2"/><V128/><F128/><W101/><G37/><T100/><D100/><U115/><E115/><V67/><F67/><W104/><G65/><T108/><D108/><U130/><E130/><V22/><F66/><W133/><G101/><T111/><D111/><U35/><AGARI ba="0,1" hai="20,27,29,32,34,35,44,49,55,57,58,120,122,123" machi="35" ten="40,12000,1" yaku="1,1,0,1,53,3" doraHai="33" doraHaiUra="118" who="1" fromWho="1" sc="211,-40,220,130,230,-40,329,-40" /><INIT seed="1,1,0,3,0,46" ten="171,350,190,289" oya="1" hai0="2,102,79,29,13,117,119,40,17,86,14,127,78" hai1="20,54,125,52,16,118,9,24,65,56,49,10,27" hai2="57,22,18,12,4,96,33,133,0,58,7,88,59" hai3="11,107,100,50,43,94,90,53,114,122,135,81,131"/><U109/><E125/><V77/><F33/><W66/><G122/><T98/><D2/><U91/><E118/><V126/><F126/><W70/><G114/><T103/><D127/><U61/><E109/><V112/><F112/><W6/><G107/><T108/><D108/><U121/><E121/><V37/><F37/><W8/><G43/><T71/><D71/><U74/><E74/><V68/><F68/><W45/><G135/><T48/><D29/><U106/><E106/><V39/><F39/><W5/><G131/><T130/><D130/><U85/><E27/><V34/><F34/><W44/><G44/><N who="0" m="25607" /><D119/><U26/><E26/><V83/><F133/><W134/><G134/><T115/><D115/><U89/><E89/><V128/><F0/><W41/><G41/><T104/><D104/><U1/><E1/><V75/><REACH who="2" step="1"/><F128/><REACH who="2" ten="171,350,180,289" step="2"/><W19/><G70/><T63/><D117/><U84/><E84/><V21/><F21/><W35/><G35/><T123/><D123/><U95/><E54/><V113/><F113/><W110/><G110/><T105/><D86/><U82/><E82/><V111/><F111/><W62/><G81/><T72/><D72/><U73/><E73/><V36/><F36/><W38/><G38/><T28/><D98/><U124/><E124/><V67/><F67/><W97/><G66/><T101/><D105/><U120/><E120/><V3/><F3/><W30/><G97/><T64/><D64/><U129/><E129/><V15/><F15/><W132/><G132/><T116/><D14/><U42/><E42/><V47/><F47/><AGARI ba="1,1" hai="9,10,16,20,24,47,49,52,56,61,65,85,91,95" machi="47" ten="30,12000,1" yaku="7,1,8,1,52,1,54,2" doraHai="46" who="1" fromWho="2" sc="171,0,350,133,180,-123,289,0" /><INIT seed="1,2,0,2,0,1" ten="171,483,57,289" oya="1" hai0="35,19,68,26,105,48,33,20,82,69,135,13,89" hai1="38,8,92,23,61,52,56,104,32,73,126,90,81" hai2="58,7,10,65,98,50,27,12,51,123,16,118,44" hai3="66,103,22,85,64,25,94,15,24,108,110,84,49"/><U78/><E104/><V130/><F123/><W36/><G36/><T121/><D105/><U34/><E38/><V59/><F118/><W4/><G49/><T119/><D119/><U134/><E134/><V77/><F130/><W99/><G85/><T112/><D112/><U128/><E128/><V113/><F113/><W122/><G122/><T60/><D121/><U107/><E107/><V57/><F77/><W42/><G42/><T14/><D135/><U79/><E79/><V95/><F65/><W9/><G84/><T129/><D129/><U62/><E126/><V30/><F44/><W83/><G83/><T101/><D101/><U71/><E23/><V76/><F76/><W53/><G53/><T43/><D60/><U39/><E39/><V2/><F2/><W46/><G46/><T115/><D115/><U29/><E29/><V70/><F70/><W109/><G25/><T41/><D82/><U47/><E47/><V120/><F120/><W75/><G75/><T3/><D3/><U91/><E91/><N who="2" m="55679" /><F30/><AGARI ba="2,0" hai="4,9,15,22,24,30,64,66,94,99,103,108,109,110" machi="30" ten="40,2600,0" yaku="14,1,52,1" doraHai="1" who="3" fromWho="2" sc="171,0,483,0,57,-32,289,32" /><INIT seed="2,0,0,1,3,95" ten="171,483,25,321" oya="2" hai0="57,68,109,120,32,25,110,92,96,118,134,72,66" hai1="27,11,111,135,81,34,39,14,51,59,16,80,15" hai2="129,119,24,78,4,82,89,53,35,44,106,115,91" hai3="52,33,9,6,22,47,30,1,62,97,98,114,125"/><V101/><F119/><W19/><G125/><T40/><D72/><U21/><E39/><V108/><F115/><W12/><G114/><T71/><D120/><U17/><E111/><N who="0" m="42505" /><D134/><U93/><E135/><V75/><F108/><W13/><G13/><T126/><D126/><U88/><E34/><V49/><F129/><W104/><G104/><T116/><D40/><U54/><E27/><V122/><F122/><W45/><G45/><T105/><D105/><U28/><E28/><V56/><F4/><W113/><G113/><T42/><D42/><U121/><E121/><V74/><F74/><W26/><G62/><N who="0" m="38223" /><D25/><U70/><E70/><N who="0" m="26665" /><D32/><U5/><E5/><V127/><F127/><W46/><G46/><T84/><D84/><AGARI ba="0,0" hai="11,14,15,16,17,21,51,54,59,80,81,84,88,93" machi="84" ten="30,12000,2" yaku="7,1,25,2,8,1,54,2" doraHai="95" who="1" fromWho="0" sc="171,-120,483,120,25,0,321,0" /><INIT seed="3,0,0,1,3,117" ten="51,603,25,321" oya="3" hai0="123,87,111,24,110,38,126,11,39,59,52,82,102" hai1="107,51,5,94,56,112,58,92,55,46,17,132,113" hai2="16,35,125,33,8,93,31,89,9,109,101,57,64" hai3="0,115,53,103,61,97,95,6,26,44,133,99,77"/><W118/><G118/><T60/><D123/><U48/><E107/><V80/><F109/><N who="0" m="41482" /><D126/><U76/><E5/><V74/><F125/><W122/><G0/><T10/><D102/><U81/><E132/><V43/><F101/><W40/><G6/><T124/><D24/><U47/><E113/><V129/><F129/><W88/><G115/><T18/><D124/><U134/><E134/><V62/><F43/><W104/><G133/><T28/><D28/><U4/><E4/><V20/><F31/><W27/><G77/><N who="0" m="46543" /><D18/><U105/><E105/><V54/><F35/><W128/><G128/><T67/><D67/><U29/><E29/><V106/><F106/><W50/><G122/><T127/><D127/><U12/><E112/><V1/><F33/><W41/><G41/><T130/><D130/><U7/><E7/><V100/><F1/><W68/><REACH who="3" step="1"/><G53/><REACH who="3" ten="51,603,25,311" step="2"/><T96/><D39/><U86/><E58/><V120/><F120/><W36/><G36/><T69/><D69/><U13/><E56/><V19/><F54/><W90/><G90/><T72/><D38/><U98/><E98/><N who="2" m="59471" /><F74/><W75/><G75/><T34/><D96/><U63/><E63/><V21/><F21/><W65/><AGARI ba="0,1" hai="26,27,40,44,50,61,65,68,88,95,97,99,103,104" machi="65" ten="30,6000,0" yaku="1,1,0,1,54,1,53,0" doraHai="117" doraHaiUra="83" who="3" fromWho="3" sc="51,-20,603,-20,25,-20,311,70" /><INIT seed="3,1,0,4,0,38" ten="31,583,5,381" oya="3" hai0="49,31,92,4,19,77,44,50,25,90,29,64,8" hai1="93,16,132,129,41,26,135,84,11,2,10,1,30" hai2="69,101,28,37,88,66,113,32,61,120,54,40,73" hai3="51,57,124,78,87,105,67,60,74,126,96,108,130"/><W36/><G74/><T9/><D77/><U75/><E75/><V12/><F113/><W14/><G36/><T117/><D64/><U103/><E129/><V81/><F101/><W20/><G130/><T131/><D131/><U34/><E41/><V134/><F134/><N who="1" m="51241" /><E11/><N who="0" m="4169" /><D4/><U5/><E5/><V118/><F118/><W65/><G96/><N who="0" m="57367" /><D117/><U133/><E133/><V109/><F109/><W6/><G105/><T53/><D50/><U7/><E7/><V85/><F73/><W119/><G67/><T56/><D44/><U48/><E48/><V89/><F120/><W3/><G108/><T82/><D82/><U99/><E84/><V43/><F12/><AGARI ba="1,0" hai="1,2,10,12,16,26,30,34,93,99,103" m="51241" machi="12" ten="30,2000,0" yaku="20,1,54,1" doraHai="38" who="1" fromWho="2" sc="31,0,583,23,5,-23,381,0" owari="31,-37.0,606,71.0,-18,-52.0,381,18.0" /></mjloggm>