<mjloggm ver="2.3"><GO type="169" lobby="0"/><UN n0="%32%33%42%65%63%6B" n1="%63%72%69%74%74%65%72" n2="%E3%82%A2%E3%83%95%E3%83%AA%E3%82%AB" n3="%E5%B0%B1%E6%B4%BB%E7%94%9F%40%E5%B7%9D%E6%9D%91%E8%BB%8D%E5%9B%A3" dan="16,16,16,17" rate="2059.94,2048.18,2117.08,2241.20" sx="F,M,M,M"/><TAIKYOKU oya="0"/><INIT seed="0,0,0,5,0,21" ten="250,250,250,250" oya="0" hai0="113,99,40,36,2,107,119,132,59,116,7,79,9" hai1="20,89,49,106,63,74,77,117,120,38,75,76,48" hai2="102,73,14,10,122,33,129,104,134,101,45,55,109" hai3="13,17,23,16,131,100,71,34,60,83,88,15,118"/><T46/><D113/><U12/><E120/><V125/><F122/><W133/><G118/><T11/><D132/><U114/><E117/><V41/><F134/><W62/><G34/><T81/><D11/><U70/><E106/><V78/><F33/><W53/><G133/><T128/><D59/><U0/><E38/><V64/><F64/><W54/><G131/><T4/><D4/><U95/><E0/><V111/><F129/><W47/><G100/><N who="0" m="62879" /><D128/><U18/><E114/><V97/><F102/><W69/><G69/><T80/><D80/><U1/><E1/><V72/><F55/><N who="3" m="21003" /><G47/><T26/><D26/><U57/><E70/><V28/><F28/><W103/><G103/><T86/><D86/><U37/><E37/><V121/><F121/><W32/><G32/><T25/><D25/><U94/><E74/><V66/><F66/><W5/><G5/><T3/><D3/><U6/><E6/><N who="2" m="3415" /><F78/><N who="1" m="30313" /><E75/><V43/><F43/><W124/><G71/><T115/><D115/><U58/><E95/><V35/><F35/><W50/><G50/><N who="1" m="19562" /><E63/><N who="3" m="24106" /><G124/><T24/><D116/><U108/><E108/><N who="2" m="41547" /><F125/><W96/><G83/><T92/><D81/><U91/><E91/><V135/><F135/><W123/><G123/><T56/><D119/><U19/><E19/><N who="3" m="7242" /><G23/><T90/><D90/><U84/><AGARI ba="0,0" hai="12,18,20,57,58,84,89,94" m="19562,30313" machi="84" ten="30,1100,0" yaku="8,1" doraHai="21" who="1" fromWho="1" sc="250,-5,250,11,250,-3,250,-3" /><INIT seed="1,0,0,3,3,53" ten="245,261,247,247" oya="1" hai0="88,12,43,104,97,52,63,39,122,133,55,87,16" hai1="10,75,84,119,51,30,107,15,65,71,69,100,109" hai2="108,131,106,40,94,8,4,32,31,21,114,17,67" hai3="135,102,11,23,111,117,59,78,132,64,85,50,110"/><U5/><E119/><V82/><F106/><W42/><G102/><T56/><D133/><N who="3" m="51273" /><G11/><N who="0" m="6175" /><D104/><U127/><E75/><V77/><F108/><N who="3" m="41515" /><G23/><T41/><D39/><U101/><E109/><V96/><F131/><W25/><G25/><T18/><D122/><U48/><E127/><V57/><F40/><N who="0" m="15434" /><D97/><U49/><E107/><V91/><F32/><W89/><G78/><T38/><D38/><U2/><E2/><V123/><F114/><W45/><G117/><T124/><D124/><U37/><E30/><V112/><F31/><W98/><G98/><T80/><D18/><U34/><E34/><V9/><F112/><W86/><G89/><T62/><D55/><U103/><E37/><V66/><F66/><W19/><G19/><T74/><D74/><U28/><E28/><V120/><F120/><W44/><G44/><T118/><D118/><U0/><E0/><V93/><F123/><W26/><G26/><T72/><D72/><U125/><E125/><V134/><F134/><W54/><G64/><T36/><D36/><AGARI ba="0,0" hai="36,42,45,50,54,59,85,86" m="41515,51273" machi="36" ten="30,3900,0" yaku="20,1,14,1,52,1" doraHai="53" who="3" fromWho="0" sc="245,-39,261,0,247,0,247,39" /><INIT seed="2,0,0,2,5,17" ten="206,261,247,286" oya="2" hai0="68,20,119,41,107,13,7,84,78,58,79,33,109" hai1="62,69,40,25,104,83,37,111,82,103,134,53,127" hai2="126,52,129,117,1,38,113,121,133,77,87,10,11" hai3="128,91,101,102,26,67,99,43,46,122,130,71,61"/><V76/><F38/><W54/><G122/><T115/><D68/><U35/><E111/><V45/><F121/><W118/><G118/><T75/><D33/><U47/><E127/><V105/><F105/><W48/><G26/><T108/><D115/><U39/><E134/><V96/><F113/><W66/><G66/><T93/><D107/><U60/><E37/><V132/><F117/><W16/><G91/><T34/><D34/><U0/><E0/><V80/><F126/><W29/><G29/><T72/><D119/><U27/><E62/><V2/><F77/><W18/><G43/><T97/><D41/><U51/><E103/><V131/><F96/><W24/><G102/><T86/><D7/><U114/><E104/><V23/><F2/><W63/><G61/><T50/><D72/><U56/><E114/><V92/><F92/><N who="3" m="58599" /><G24/><N who="1" m="9290" /><E35/><V55/><F1/><W3/><G3/><T15/><D75/><U4/><E4/><V32/><F32/><W90/><G90/><T30/><D79/><U12/><E12/><N who="0" m="4681" /><D78/><U125/><E125/><V116/><F116/><W28/><G28/><T9/><D30/><U31/><E31/><V94/><F133/><W88/><G88/><T59/><D108/><U64/><AGARI ba="0,0" hai="39,40,47,51,53,56,60,64,69,82,83" m="9290" machi="64" ten="30,1100,0" yaku="24,1" doraHai="17" who="1" fromWho="1" sc="206,-3,261,11,247,-5,286,-3" /><INIT seed="3,0,0,5,2,63" ten="203,272,242,283" oya="3" hai0="36,67,2,69,96,130,38,95,126,81,115,14,125" hai1="105,111,68,0,11,66,82,113,47,108,91,109,79" hai2="21,87,42,33,49,57,107,25,26,110,50,112,72" hai3="73,28,29,53,46,118,55,133,104,54,59,75,124"/><W22/><G118/><T76/><D2/><U134/><E113/><V71/><F72/><W77/><G104/><T7/><D130/><U30/><E105/><V102/><F71/><W132/><G46/><T123/><D123/><U61/><E134/><N who="3" m="51818" /><G124/><T84/><D115/><U122/><E122/><V88/><F112/><W12/><G59/><T60/><D126/><U127/><E127/><V3/><F3/><W18/><G77/><T1/><D1/><U23/><E91/><V35/><F110/><W119/><G119/><T80/><D80/><U89/><E89/><V20/><F33/><W58/><G58/><T100/><REACH who="0" step="1"/><D125/><REACH who="0" ten="193,272,242,283" step="2"/><U16/><E82/><N who="2" m="49271" /><F35/><W83/><G83/><T8/><AGARI ba="0,1" hai="7,8,14,36,38,60,67,69,76,81,84,95,96,100" machi="8" ten="30,4000,0" yaku="1,1,0,1,52,1,53,0" doraHai="63" doraHaiUra="41" who="0" fromWho="0" sc="193,50,272,-10,242,-10,283,-20" /><INIT seed="4,0,0,2,3,31" ten="243,262,232,263" oya="0" hai0="130,61,41,81,86,40,83,27,76,80,46,112,20" hai1="14,25,6,96,13,119,67,29,8,3,97,91,77" hai2="118,100,113,24,125,120,88,109,56,124,127,62,110" hai3="70,15,94,38,128,1,53,50,98,133,72,58,108"/><T43/><D112/><U131/><E119/><V63/><F113/><W52/><G1/><T36/><D130/><U64/><E77/><V87/><F118/><W28/><G72/><T132/><D132/><U123/><E123/><V99/><F120/><W74/><G74/><T116/><D116/><U2/><E131/><V11/><F11/><W4/><G108/><N who="2" m="41577" /><F24/><W12/><G128/><T115/><D115/><U122/><E122/><V10/><F10/><W107/><G107/><T5/><D5/><U105/><E2/><V75/><F75/><W51/><G38/><T34/><D34/><U95/><E14/><V69/><F56/><W23/><G70/><T0/><D0/><U54/><E3/><V55/><F55/><W79/><G79/><T126/><D81/><U68/><E68/><V89/><F69/><W18/><G133/><T73/><D61/><N who="2" m="23050" /><F87/><W30/><G12/><T37/><D37/><U59/><E97/><V21/><F21/><W16/><G18/><T102/><D20/><N who="1" m="15527" /><E105/><AGARI ba="0,0" hai="88,89,99,100,105,124,125,127" m="23050,41577" machi="105" ten="40,2600,0" yaku="18,1,54,1" doraHai="31" who="2" fromWho="1" sc="243,0,262,-26,232,26,263,0" /><INIT seed="5,0,0,0,5,61" ten="243,236,258,263" oya="1" hai0="73,57,83,10,56,76,111,88,65,59,123,31,128" hai1="75,49,46,25,33,38,20,86,92,89,114,6,100" hai2="93,79,0,70,14,50,30,4,74,18,60,58,2" hai3="40,11,131,121,101,134,34,105,107,41,125,5,15"/><U68/><E68/><V13/><F70/><W96/><G121/><T130/><D111/><U39/><E75/><V43/><F30/><W71/><G34/><T80/><D123/><U106/><E33/><V81/><F4/><W51/><G107/><T72/><D31/><U45/><E114/><V32/><F32/><W36/><G36/><T87/><D73/><U26/><E6/><V48/><F14/><W35/><G35/><T94/><D10/><U110/><E110/><V97/><F43/><W28/><G28/><T67/><D80/><U52/><E45/><V16/><F18/><W54/><G131/><AGARI ba="0,0" hai="56,57,59,65,67,72,76,83,87,88,94,128,130,131" machi="131" ten="40,8000,1" yaku="19,1,52,2,54,1" doraHai="61" who="0" fromWho="3" sc="243,80,236,0,258,0,263,-80" /><INIT seed="6,0,0,3,3,0" ten="323,236,258,183" oya="2" hai0="33,53,110,32,66,83,64,47,50,3,98,69,92" hai1="117,14,124,45,61,4,25,132,116,84,118,20,130" hai2="17,133,59,74,82,103,126,119,36,113,123,128,80" hai3="44,108,51,79,42,97,68,34,78,85,101,76,60"/><V100/><F36/><W104/><G108/><T57/><D3/><U15/><E45/><V70/><F70/><W40/><G40/><T49/><D110/><U120/><E84/><V1/><F1/><W9/><G34/><T52/><D83/><U109/><E61/><V91/><F59/><W99/><G99/><T43/><D43/><U35/><E109/><V75/><F17/><W93/><G68/><T12/><D12/><N who="1" m="4651" /><E124/><V67/><F67/><W26/><G26/><T19/><D19/><N who="1" m="12447" /><E130/><V131/><F126/><W5/><G60/><T94/><D69/><U71/><E71/><V63/><F63/><W115/><G115/><T121/><D57/><U16/><E132/><V22/><F22/><W28/><G28/><T41/><D41/><U27/><E120/><V77/><F133/><W73/><G73/><T31/><D121/><U11/><E35/><V39/><F39/><W81/><REACH who="3" step="1"/><G104/><REACH who="3" ten="323,236,258,173" step="2"/><T111/><D111/><U105/><E105/><V102/><F113/><W95/><G95/><T23/><D92/><U122/><E122/><V10/><F123/><W29/><G29/><T106/><D106/><U87/><E118/><V18/><F119/><W55/><G55/><T135/><D135/><U54/><E116/><V8/><F75/><W62/><G62/><T134/><D134/><U86/><E54/><V127/><F127/><W89/><G89/><N who="0" m="55631" /><D33/><U107/><E107/><V58/><F74/><W21/><G21/><T65/><D32/><U112/><E112/><V129/><F129/><W13/><AGARI ba="0,1" hai="5,9,13,42,44,51,76,78,79,81,85,93,97,101" machi="13" ten="20,16000,3" yaku="1,1,0,1,7,1,25,2,8,1,52,1,53,1" doraHai="0" doraHaiUra="37" who="3" fromWho="3" sc="323,-40,236,-40,258,-80,173,170" /><INIT seed="7,0,0,2,0,58" ten="283,196,178,343" oya="3" hai0="113,86,17,69,126,85,100,7,37,4,63,56,1" hai1="40,42,46,35,88,72,130,97,9,90,75,53,44" hai2="67,81,64,127,132,108,94,110,65,59,68,135,70" hai3="29,27,134,34,39,133,24,50,99,96,13,60,106"/><W38/><G27/><T128/><D56/><U51/><E35/><V89/><F81/><W10/><G50/><T11/><D17/><U84/><E130/><V105/><F105/><W49/><G60/><T45/><D63/><U116/><E116/><V122/><F127/><W31/><G31/><T119/><D11/><U20/><E72/><V12/><F12/><W87/><G87/><T5/><D100/><U115/><E75/><V36/><F36/><W21/><G49/><T118/><D37/><N who="3" m="13833" /><G34/><T52/><D113/><U2/><E115/><V22/><F22/><W120/><G106/><T61/><D61/><U71/><E71/><N who="2" m="27179" /><F122/><W73/><G73/><T98/><D85/><U30/><E2/><V66/><F89/><N who="1" m="34409" /><E9/><V23/><F94/><W32/><G120/><T77/><D86/><U26/><E84/><V57/><F23/><W0/><G0/><T74/><D1/><U33/><E33/><V8/><F8/><W107/><G107/><T95/><D74/><U91/><E97/><V93/><F93/><W25/><G32/><T83/><D95/><U55/><N who="1" m="34417" /><U78/><DORA hai="19" /><E78/><V6/><F6/><N who="3" m="3287" /><G24/><T15/><D5/><U125/><E125/><V62/><F59/><W124/><G124/><T109/><D4/><U129/><E129/><V101/><F101/><W47/><G99/><T103/><D7/><U28/><E28/><V104/><F104/><W80/><G25/><T54/><D98/><U41/><E46/><V3/><F3/><W76/><G47/><T123/><D45/><U102/><E102/><V121/><F121/><W16/><G96/><RYUUKYOKU ba="0,0" sc="283,-15,196,15,178,15,343,-15" hai1="20,26,30,40,41,42,44,51,53,55" hai2="57,62,64,65,66,67,108,110,132,135" owari="268,7.0,211,-19.0,193,-31.0,328,43.0" /></mjloggm>