<mjloggm ver="2.3"><GO type="169" lobby="0"/><UN n0="%E3%82%BF%EF%BD%9E%E5%9D%8A" n1="%4F%4E%41%4B%41%4E" n2="%E3%83%88%E3%83%88%E3%83%AA%E5%85%88%E7%94%9F%31%39%E6%AD%B3" n3="%E6%9A%97%E3%81%84%E7%AC%A6" dan="16,17,18,16" rate="2090.17,2213.20,2266.93,2037.84" sx="M,M,F,M"/><TAIKYOKU oya="0"/><INIT seed="0,0,0,1,4,76" ten="250,250,250,250" oya="0" hai0="86,14,99,131,126,42,83,74,27,123,6,48,73" hai1="55,19,75,12,45,70,97,23,43,58,1,133,103" hai2="52,112,84,81,33,7,110,8,88,104,121,114,62" hai3="119,122,77,49,108,130,85,4,30,87,47,10,80"/><T31/><D123/><U11/><E133/><V57/><F121/><W35/><G122/><T5/><D131/><U59/><E70/><V46/><F110/><W50/><G108/><T96/><D126/><U67/><E75/><V32/><F104/><W41/><G130/><T94/><D74/><U107/><E67/><V109/><F109/><W125/><G125/><T64/><D64/><U15/><E1/><V44/><F44/><W89/><G119/><T38/><D38/><U98/><E98/><N who="0" m="37417" /><D73/><U111/><E55/><V54/><F54/><W116/><G116/><T3/><D3/><U25/><E15/><V18/><F18/><W120/><G120/><T9/><D94/><U37/><REACH who="1" step="1"/><E111/><REACH who="1" ten="250,240,250,250" step="2"/><V117/><F117/><W72/><G72/><T2/><D2/><U118/><E118/><V26/><F46/><W90/><G47/><N who="0" m="25719" /><D27/><U28/><AGARI ba="0,1" hai="11,12,19,23,25,28,37,43,45,58,59,97,103,107" machi="28" ten="20,2700,0" yaku="1,1,0,1,7,1,53,0" doraHai="76" doraHaiUra="79" who="1" fromWho="1" sc="250,-13,240,37,250,-7,250,-7" /><INIT seed="1,0,0,0,2,76" ten="237,277,243,243" oya="1" hai0="120,83,14,72,108,34,38,135,99,125,50,123,3" hai1="5,58,133,77,102,9,33,11,1,111,53,54,21" hai2="103,35,107,106,42,94,89,12,52,67,55,73,6" hai3="124,60,0,90,98,13,41,4,132,86,80,20,43"/><U116/><E33/><V28/><F73/><W17/><G132/><T57/><D38/><U15/><E116/><V85/><F42/><W97/><G124/><T8/><D3/><U105/><E133/><V117/><F117/><W22/><G4/><N who="0" m="3335" /><D34/><U119/><E119/><V113/><F113/><W79/><G0/><T87/><D72/><U25/><E111/><V64/><F106/><W16/><G60/><T109/><D125/><U39/><E39/><V88/><F103/><W18/><G18/><T95/><D57/><U81/><E102/><V36/><F107/><W48/><G48/><T134/><D50/><U115/><E105/><V59/><F36/><W31/><G31/><T84/><D84/><U40/><E40/><N who="3" m="15434" /><G79/><N who="0" m="46591" /><D135/><U7/><E58/><V44/><F28/><W128/><G128/><T51/><D51/><U74/><REACH who="1" step="1"/><E115/><REACH who="1" ten="237,267,243,243" step="2"/><V23/><F35/><W29/><G29/><AGARI ba="0,1" hai="1,5,7,9,11,15,21,25,29,53,54,74,77,81" machi="29" ten="30,11600,0" yaku="1,1,2,1,7,1,52,1,53,0" doraHai="76" doraHaiUra="62" who="1" fromWho="3" sc="237,0,267,126,243,0,243,-116" /><INIT seed="1,1,0,0,5,5" ten="237,393,243,127" oya="1" hai0="7,108,33,98,104,32,97,75,50,24,115,109,45" hai1="132,10,73,27,51,41,1,74,12,82,2,102,44" hai2="25,11,86,92,21,133,135,17,84,78,85,29,69" hai3="39,14,128,63,129,127,61,79,37,47,71,19,68"/><U70/><E70/><N who="3" m="26666" /><G79/><T55/><D115/><U120/><E120/><V123/><F123/><W58/><G19/><T28/><D75/><U9/><E132/><N who="2" m="50763" /><F69/><W121/><G14/><T26/><D7/><U72/><E102/><V87/><F11/><W56/><G121/><T60/><D60/><N who="3" m="23113" /><G47/><T106/><D98/><U95/><E95/><V124/><F124/><W40/><G40/><T94/><D104/><U52/><E82/><N who="2" m="47191" /><F17/><W130/><G127/><T119/><D106/><U46/><E27/><V18/><F18/><W23/><G23/><T54/><D26/><U80/><E80/><V49/><F49/><W43/><G43/><T113/><D45/><U62/><E62/><V110/><F92/><W100/><G100/><T0/><D50/><U3/><REACH who="1" step="1"/><E12/><REACH who="1" ten="237,383,243,127" step="2"/><V6/><F25/><W22/><G22/><T31/><D24/><U91/><E91/><V38/><F21/><W4/><G4/><T99/><D94/><U88/><E88/><V105/><F105/><W30/><G30/><T66/><D28/><U65/><E65/><V20/><F6/><W36/><AGARI ba="1,1" hai="36,37,39,56,58,128,129,130" m="23113,26666" machi="36" ten="50,8000,1" yaku="28,2,19,1,34,2" doraHai="5" who="3" fromWho="3" sc="237,-21,383,-41,243,-21,127,93" /><INIT seed="2,0,0,3,3,83" ten="216,342,222,220" oya="2" hai0="22,51,106,4,70,61,54,11,43,85,6,74,72" hai1="97,38,116,100,0,105,40,9,36,58,77,20,65" hai2="7,35,57,134,23,66,37,27,88,132,113,60,47" hai3="95,49,86,14,56,25,21,122,12,129,59,130,76"/><V19/><F113/><W15/><G122/><T89/><D106/><U81/><E116/><V3/><F35/><W8/><G130/><T114/><D114/><U101/><E101/><V117/><F117/><W64/><G129/><T55/><D43/><U45/><E38/><V104/><F104/><W121/><G121/><T62/><D22/><U71/><E58/><N who="3" m="22058" /><G49/><T94/><D70/><U111/><E20/><V26/><F26/><W32/><G64/><T103/><D103/><U41/><E41/><V79/><F79/><W78/><G32/><T92/><D51/><U17/><E111/><V125/><F125/><W30/><G8/><T13/><D6/><U48/><E48/><V68/><F68/><W50/><G50/><T18/><D4/><U34/><E34/><V87/><F7/><W119/><G119/><T115/><D115/><U33/><E33/><V84/><F3/><W126/><G126/><T42/><D42/><U5/><E17/><V109/><F109/><W31/><G30/><T44/><D44/><U91/><E65/><V127/><F127/><W107/><G107/><T110/><D110/><U69/><E91/><AGARI ba="0,0" hai="12,14,15,21,25,31,76,78,86,91,95" m="22058" machi="91" ten="30,2000,0" yaku="8,1,52,1" doraHai="83" who="3" fromWho="1" sc="216,0,342,-20,222,0,220,20" /><INIT seed="3,0,0,0,4,30" ten="216,322,222,240" oya="3" hai0="55,16,123,108,54,103,94,88,34,51,118,122,47" hai1="35,28,31,7,82,91,132,127,6,59,99,42,117" hai2="128,44,43,74,131,86,124,4,46,14,2,60,21" hai3="18,81,125,104,63,10,45,70,3,111,22,13,96"/><W93/><G104/><T135/><D118/><U11/><E117/><V87/><F74/><W98/><G98/><T95/><D135/><U52/><E132/><V26/><F2/><W39/><G125/><T0/><D0/><U134/><E134/><V56/><F124/><W24/><G81/><T113/><D108/><U109/><E109/><V75/><F75/><W73/><G73/><T84/><D113/><U80/><E127/><V92/><F14/><W100/><G39/><T105/><D105/><U79/><E42/><V62/><F4/><W130/><G45/><T27/><D54/><U17/><E17/><V120/><F120/><W115/><G115/><T57/><D47/><U5/><E11/><V48/><F46/><W12/><G3/><T72/><D72/><U85/><E35/><V23/><F62/><W101/><G13/><T76/><D76/><U65/><E65/><N who="2" m="39047" /><F92/><W68/><G111/><T89/><D103/><U15/><E15/><V77/><F77/><W119/><G101/><T61/><D51/><N who="1" m="31135" /><E82/><V25/><F23/><W33/><G119/><T110/><D110/><U71/><E71/><V8/><F8/><W29/><G10/><T78/><D78/><U64/><E64/><V9/><F9/><W40/><G40/><T38/><D38/><U116/><E116/><V19/><F25/><W1/><G1/><T102/><D102/><U107/><E107/><V37/><F37/><W90/><G100/><T97/><D34/><U67/><E67/><V133/><F133/><W53/><G130/><AGARI ba="0,0" hai="19,21,26,43,44,48,86,87,128,130,131" m="39047" machi="130" ten="30,1000,0" yaku="19,1" doraHai="30" who="2" fromWho="3" sc="216,0,322,0,222,10,240,-10" /><INIT seed="4,0,0,5,5,18" ten="216,322,232,230" oya="0" hai0="50,29,38,94,92,73,3,124,79,21,106,132,48" hai1="87,59,131,99,72,25,33,28,27,69,2,77,74" hai2="114,70,23,8,66,103,119,55,98,45,80,20,93" hai3="117,0,4,65,19,68,22,12,10,128,1,24,91"/><T57/><D106/><U67/><E131/><V43/><F114/><W39/><G39/><T95/><D38/><U47/><E2/><V133/><F133/><W113/><G68/><T125/><D3/><U123/><E123/><V86/><F119/><W37/><G65/><T135/><D73/><U111/><E111/><V85/><F70/><W127/><G37/><T54/><D79/><U42/><E59/><V115/><F66/><W17/><G117/><T11/><D11/><U40/><E27/><V97/><F115/><W104/><G104/><T32/><D32/><U26/><E26/><V78/><F98/><W5/><G113/><T9/><D9/><U102/><E87/><V112/><F112/><W129/><G91/><T100/><D100/><U53/><E53/><V120/><F120/><W84/><G84/><T101/><D101/><U61/><E77/><V51/><F8/><N who="3" m="2063" /><G127/><N who="0" m="48715" /><D50/><U121/><E121/><V108/><F108/><W75/><G75/><T130/><D130/><N who="3" m="50281" /><G0/><T16/><D29/><AGARI ba="0,0" hai="5,10,12,17,19,22,24,29" m="50281,2063" machi="29" ten="30,7700,0" yaku="19,1,34,2,52,1" doraHai="18" who="3" fromWho="0" sc="216,-77,322,0,232,0,230,77" /><INIT seed="5,0,0,5,4,67" ten="139,322,232,307" oya="1" hai0="125,10,31,12,28,128,101,133,43,3,30,15,26" hai1="114,16,104,22,25,36,129,123,70,20,90,53,92" hai2="17,65,108,5,21,34,62,11,135,13,14,0,78" hai3="83,130,106,116,121,117,103,48,4,24,86,95,100"/><U6/><E104/><V38/><F108/><W74/><G4/><N who="0" m="1311" /><D43/><U47/><E123/><V61/><F38/><W72/><G24/><T32/><D101/><U59/><E114/><V51/><F135/><W8/><G8/><T77/><D77/><U75/><E129/><V84/><F34/><W111/><G48/><T7/><D128/><U44/><E75/><V79/><F61/><W110/><G130/><T105/><D105/><U80/><E70/><V120/><F120/><W93/><G121/><T85/><D85/><U82/><E6/><V134/><F134/><W66/><G66/><T42/><D42/><U96/><E22/><V39/><F39/><W107/><G86/><T37/><D37/><U40/><E44/><V63/><F63/><AGARI ba="0,0" hai="16,20,25,36,40,47,53,59,63,80,82,90,92,96" machi="63" ten="30,11600,0" yaku="7,1,25,2,54,1" doraHai="67" who="1" fromWho="2" sc="139,0,322,116,232,-116,307,0" /><INIT seed="5,1,0,0,1,77" ten="139,438,116,307" oya="1" hai0="117,89,24,14,58,88,18,5,75,54,73,129,29" hai1="110,79,86,126,17,102,47,91,99,63,128,59,85" hai2="124,118,40,11,78,107,39,109,101,51,45,16,15" hai3="43,1,130,98,132,66,82,74,9,22,35,12,97"/><U44/><E128/><V48/><F109/><W31/><G66/><T34/><D117/><U53/><E110/><V69/><F118/><W19/><G130/><T115/><D129/><U32/><E32/><V83/><F69/><W131/><G43/><T55/><D115/><U96/><E126/><V93/><F107/><W103/><G132/><T67/><D67/><U60/><E60/><V4/><F124/><W57/><G57/><T120/><D120/><U108/><E108/><V28/><F28/><W90/><G103/><T106/><D106/><U46/><E102/><V72/><F101/><W0/><G0/><T135/><D135/><U105/><E105/><V50/><REACH who="2" step="1"/><F93/><REACH who="2" ten="139,438,106,307" step="2"/><W134/><G131/><T8/><D29/><U68/><E68/><V64/><F64/><W27/><G134/><T122/><D122/><U10/><E10/><V81/><F81/><W92/><G82/><T121/><D121/><U30/><E30/><V56/><F56/><W76/><G74/><T6/><D73/><U49/><E59/><V23/><F23/><W20/><G22/><N who="0" m="13399" /><D75/><U71/><E71/><V2/><F2/><W25/><G1/><T100/><D100/><U3/><E3/><V41/><F41/><W127/><G127/><T112/><D34/><U26/><E46/><V104/><F104/><W70/><G70/><T111/><D111/><U38/><E47/><V94/><F94/><W36/><G35/><T13/><D58/><U61/><E44/><V42/><F42/><W84/><G31/><T113/><D113/><U80/><E63/><V21/><F21/><W95/><G20/><RYUUKYOKU ba="1,1" sc="139,-10,438,-10,106,30,307,-10" hai2="4,11,15,16,39,40,45,48,50,51,72,78,83" /><INIT seed="6,2,1,1,4,130" ten="129,428,136,297" oya="2" hai0="83,100,80,37,125,38,63,50,121,70,129,92,34" hai1="89,28,35,103,13,112,114,55,135,98,131,2,126" hai2="20,6,87,24,61,1,17,40,91,46,85,47,88" hai3="128,101,19,68,7,110,32,72,53,48,111,26,33"/><V15/><F1/><W69/><G72/><T27/><D121/><U59/><E2/><V96/><F96/><W12/><G101/><T124/><D129/><U118/><E131/><V115/><F115/><W97/><G97/><N who="0" m="59431" /><D50/><U8/><E118/><V54/><F87/><W90/><G90/><T62/><D34/><U23/><E35/><V93/><F91/><W42/><G42/><T120/><D120/><U18/><E126/><N who="0" m="48745" /><D27/><U66/><E89/><V41/><F61/><N who="0" m="23050" /><D70/><U49/><E49/><N who="2" m="28991" /><F46/><W84/><G128/><T67/><D67/><U3/><E103/><V113/><F113/><W105/><G33/><T9/><D9/><AGARI ba="2,1" hai="6,9,15,17,20,24,40,41,85,88,93" m="28991" machi="9" ten="30,2900,0" yaku="8,1,54,1" doraHai="130" who="2" fromWho="0" sc="129,-35,428,0,136,45,297,0" /><INIT seed="6,3,0,0,2,95" ten="94,428,181,297" oya="2" hai0="18,98,47,0,71,102,31,64,81,112,83,50,104" hai1="111,37,45,59,122,17,46,84,2,30,115,133,82" hai2="126,1,121,28,63,41,80,48,3,134,57,27,123" hai3="14,9,92,117,35,40,74,68,125,60,49,103,120"/><V53/><F134/><W6/><G74/><T89/><D0/><U20/><E2/><V33/><F126/><W66/><G120/><T94/><D112/><U11/><E37/><V124/><F124/><W76/><G76/><T7/><D7/><U70/><E70/><V114/><F114/><W100/><G35/><T56/><D71/><U15/><E111/><V26/><F3/><W108/><G108/><T51/><D31/><U130/><E115/><V55/><F1/><W34/><G34/><T54/><D18/><U19/><E30/><V25/><F41/><W69/><G125/><T22/><D22/><U119/><E119/><V93/><F121/><W75/><G75/><T29/><D29/><U44/><E130/><V58/><F123/><W127/><G69/><T38/><D38/><U128/><E128/><V67/><F80/><W135/><G117/><T5/><D5/><U62/><E133/><V78/><F78/><W73/><G73/><T79/><D64/><U113/><E113/><V88/><REACH who="2" step="1"/><F67/><REACH who="2" ten="94,428,171,297" step="2"/><W116/><G127/><T12/><D12/><N who="1" m="9319" /><E122/><V52/><F52/><W85/><G135/><T132/><D132/><U101/><E82/><V21/><F21/><W4/><G116/><T24/><D24/><U106/><E15/><V10/><F10/><W16/><G40/><T129/><D129/><U105/><E11/><V23/><F23/><W131/><G131/><T87/><REACH who="0" step="1"/><D79/><REACH who="0" ten="84,428,171,297" step="2"/><U90/><E17/><V36/><F36/><W42/><G16/><T77/><D77/><U109/><E109/><V118/><F118/><W61/><G66/><T32/><D32/><RYUUKYOKU ba="3,2" sc="84,15,428,-15,171,15,297,-15" hai0="47,50,51,54,56,81,83,87,89,94,98,102,104" hai2="25,26,27,28,33,48,53,55,57,58,63,88,93" /><INIT seed="6,4,2,3,4,29" ten="99,413,186,282" oya="2" hai0="15,59,37,113,127,124,27,42,70,2,65,30,50" hai1="53,28,128,67,79,35,33,41,98,4,94,51,75" hai2="49,130,129,97,133,21,111,47,106,104,99,119,24" hai3="38,123,81,134,5,64,126,92,114,135,77,7,116"/><V103/><F119/><W25/><G38/><T120/><D2/><U69/><E41/><V6/><F133/><N who="3" m="50699" /><G116/><T93/><D120/><U60/><E28/><V52/><F111/><W121/><G64/><T58/><D113/><U39/><E39/><V108/><F108/><W80/><G25/><T96/><D37/><U44/><E128/><N who="2" m="49259" /><F6/><N who="3" m="2059" /><G114/><T102/><D15/><U131/><E131/><V100/><F21/><W46/><G46/><T68/><D59/><U125/><E4/><V56/><F24/><W112/><G112/><T36/><D36/><U107/><E107/><V12/><F12/><W76/><G92/><T48/><D42/><U73/><E125/><N who="0" m="48201" /><D58/><AGARI ba="4,2" hai="47,49,52,56,58,97,99,100,103,104,106" m="49259" machi="58" ten="30,2900,0" yaku="19,1,54,1" doraHai="29" who="2" fromWho="0" sc="99,-41,413,0,186,61,282,0" /><INIT seed="6,5,0,4,1,10" ten="58,413,247,282" oya="2" hai0="65,125,105,107,114,103,16,74,50,121,26,19,131" hai1="80,24,94,62,84,117,39,91,93,73,97,12,9" hai2="13,46,8,6,56,82,113,27,123,81,124,122,108" hai3="57,34,119,49,54,95,28,68,5,120,18,86,1"/><V48/><F113/><W71/><G119/><T83/><D65/><U78/><E39/><V127/><F108/><W67/><G67/><T66/><D66/><U104/><E117/><V75/><F27/><W89/><G120/><T4/><D4/><U64/><E24/><V90/><F56/><W132/><G132/><T88/><D50/><U42/><E42/><V0/><F0/><W17/><G28/><T96/><D26/><U38/><E38/><V133/><F133/><W30/><G30/><T40/><D40/><U3/><E3/><V59/><F59/><W98/><G34/><T58/><D58/><U7/><E94/><V130/><F130/><W112/><G5/><T32/><D32/><U76/><E76/><V63/><F63/><W36/><G36/><T31/><D31/><U128/><E128/><V110/><F110/><W55/><G1/><T35/><D35/><U11/><E64/><V41/><F90/><W70/><G55/><T53/><D53/><U115/><E62/><V92/><F92/><W33/><G33/><T99/><D131/><U101/><E11/><V102/><F102/><W72/><G72/><T85/><D114/><AGARI ba="5,0" hai="7,9,12,73,78,80,84,91,93,97,101,104,114,115" machi="114" ten="40,5200,0" yaku="24,2,52,1" doraHai="10" who="1" fromWho="0" sc="58,-67,413,67,247,0,282,0" owari="-9,-51.0,480,58.0,247,-15.0,282,8.0" /></mjloggm>