<mjloggm ver="2.3"><GO type="169" lobby="0"/><UN n0="%E3%82%A6%E3%83%AB%E3%83%88%E3%83%A9%E7%AB%8B%E7%9B%B4" n1="%6F%6E%65%73%74%61%72" n2="%E3%83%AA%E3%83%81%E3%83%A3%21%21" n3="%E3%83%90%E3%83%90%E3%82%A2%E3%81%AE%E6%97%A5%E5%82%98" dan="17,17,16,16" rate="2138.20,2173.67,2129.96,2128.40" sx="M,M,M,F"/><TAIKYOKU oya="0"/><INIT seed="0,0,0,0,5,29" ten="250,250,250,250" oya="0" hai0="126,118,20,53,18,35,132,86,23,88,64,14,46" hai1="59,66,38,0,2,109,15,85,76,13,39,117,48" hai2="104,21,114,102,10,121,11,27,120,92,106,98,4" hai3="103,58,51,9,125,82,81,42,124,83,78,50,57"/><T36/><D118/><U44/><E109/><V122/><F114/><W99/><G78/><T116/><D116/><U75/><E75/><V54/><F54/><W33/><G9/><T135/><D64/><U47/><E76/><V72/><F72/><W7/><G7/><T113/><D113/><U28/><E66/><V34/><F10/><W69/><G69/><T93/><D126/><U130/><E28/><V91/><F91/><W56/><G33/><T40/><D35/><U107/><E117/><V60/><F60/><W87/><G87/><T90/><D53/><U17/><E85/><V49/><F49/><W67/><G67/><T127/><D127/><N who="3" m="48713" /><G42/><T65/><D65/><U71/><E59/><V96/><F96/><W55/><G55/><T101/><D101/><U89/><E71/><V129/><F129/><W32/><G32/><T73/><D73/><U62/><E48/><N who="3" m="18474" /><G103/><T105/><D90/><U80/><E89/><V108/><F34/><W8/><G8/><T79/><D79/><U31/><E62/><V45/><F45/><W68/><G68/><T77/><D77/><U95/><E47/><V100/><F100/><W134/><G99/><T1/><D1/><U26/><E44/><V37/><F37/><W22/><G22/><T128/><D128/><U97/><E39/><V25/><F108/><W131/><G131/><T52/><D52/><U30/><E38/><V133/><F21/><N who="0" m="8266" /><D105/><N who="2" m="40554" /><F27/><W70/><G70/><T61/><D61/><U110/><E26/><V84/><F25/><W41/><G41/><T3/><D3/><U12/><E130/><V123/><F120/><RYUUKYOKU ba="0,0" sc="250,15,250,-15,250,-15,250,15" hai0="14,18,36,40,46,86,88,93,132,135" hai3="56,57,58,81,82,83,134" /><INIT seed="0,1,0,2,5,59" ten="265,235,235,265" oya="0" hai0="15,74,122,114,4,2,93,56,83,115,110,17,129" hai1="39,3,38,31,132,135,27,72,102,90,124,1,7" hai2="48,96,14,50,45,65,18,120,97,36,123,107,35" hai3="70,87,28,26,116,85,24,80,84,10,5,111,54"/><T64/><D122/><U0/><E124/><V9/><F35/><W106/><G111/><T134/><D74/><U104/><E72/><V8/><F36/><N who="1" m="13865" /><E90/><V61/><F9/><W52/><G116/><T73/><D73/><U67/><E67/><V105/><F48/><W88/><G106/><T11/><D83/><U43/><E43/><V113/><F113/><W133/><G70/><T32/><D110/><U33/><E7/><V34/><F34/><W99/><G133/><N who="1" m="51274" /><E102/><V77/><F77/><W62/><G54/><T20/><D134/><U16/><E16/><V37/><F37/><W71/><G71/><T127/><D127/><U55/><E55/><V117/><F117/><W92/><G80/><T40/><D40/><U49/><E49/><V46/><F46/><W81/><G81/><T25/><D115/><U100/><E100/><V89/><F123/><W47/><G47/><T130/><D114/><U86/><E86/><V21/><F8/><W51/><G51/><T94/><D64/><U68/><E68/><V112/><F112/><W125/><G125/><T128/><D56/><U23/><E104/><N who="2" m="40011" /><F89/><W78/><G78/><T29/><AGARI ba="1,0" hai="2,4,11,15,17,20,25,29,32,93,94,128,129,130" machi="29" ten="40,12000,1" yaku="0,1,24,2,19,1" doraHai="59" who="0" fromWho="0" sc="265,123,235,-41,235,-41,265,-41" /><INIT seed="0,2,0,2,3,24" ten="388,194,194,224" oya="0" hai0="19,22,82,100,52,62,54,63,81,14,15,105,70" hai1="33,45,76,99,34,3,74,41,35,96,1,88,5" hai2="128,18,39,90,60,91,89,132,57,30,104,102,129" hai3="73,36,47,133,103,26,125,86,31,134,11,51,131"/><T94/><D105/><U46/><E5/><V126/><F39/><W12/><G73/><T65/><D14/><U78/><E74/><V17/><F132/><W83/><G36/><T116/><D116/><U85/><E34/><V43/><F126/><W112/><G103/><T79/><D63/><U106/><E106/><V108/><F43/><W124/><G112/><T28/><D28/><U16/><E41/><V6/><F6/><N who="3" m="3191" /><G131/><N who="2" m="50249" /><F108/><W25/><G25/><T97/><REACH who="0" step="1"/><D81/><REACH who="0" ten="378,194,194,224" step="2"/><U114/><E1/><V111/><F30/><W53/><G134/><T101/><D101/><U123/><E3/><V8/><F111/><W0/><G0/><T72/><AGARI ba="2,1" hai="15,19,22,52,54,62,65,70,72,79,82,94,97,100" machi="72" ten="20,7800,0" yaku="1,1,0,1,7,1,54,1,53,0" doraHai="24" doraHaiUra="2" who="0" fromWho="0" sc="378,94,194,-28,194,-28,224,-28" /><INIT seed="0,3,0,5,2,115" ten="472,166,166,196" oya="0" hai0="122,86,109,92,38,116,77,14,79,35,49,75,66" hai1="101,29,45,125,110,60,21,0,127,65,44,95,129" hai2="55,108,34,10,69,113,12,119,16,58,72,91,47" hai3="27,7,57,71,98,48,70,123,52,8,23,9,134"/><T64/><D38/><U73/><E110/><V78/><F108/><W1/><G134/><T46/><D109/><U41/><E129/><V107/><F107/><W20/><G123/><T126/><D35/><U84/><E73/><V81/><F113/><W51/><G9/><T114/><D114/><U4/><E0/><V111/><F111/><W67/><G67/><T62/><D122/><U112/><E4/><V2/><F69/><W96/><G20/><T103/><D126/><U104/><E104/><V13/><F34/><W18/><REACH who="3" step="1"/><G51/><REACH who="3" ten="472,166,166,186" step="2"/><T93/><D64/><U100/><E112/><V120/><F120/><W74/><G74/><T3/><D49/><U5/><E65/><V39/><F72/><W89/><G89/><T61/><D66/><U50/><E21/><V102/><F91/><W24/><G24/><T11/><D11/><U15/><E50/><V132/><F10/><W90/><G90/><T99/><D75/><U17/><E125/><V118/><F132/><W135/><G135/><T76/><D62/><U97/><E60/><N who="2" m="35935" /><F102/><W68/><AGARI ba="3,1" hai="1,7,8,18,23,27,48,52,57,68,70,71,96,98" machi="68" ten="30,4000,0" yaku="1,1,0,1,54,1,53,0" doraHai="115" doraHaiUra="37" who="3" fromWho="3" sc="472,-23,166,-13,166,-13,186,59" /><INIT seed="1,0,0,0,0,130" ten="449,153,153,245" oya="1" hai0="71,10,80,105,128,73,102,124,111,97,109,25,35" hai1="106,20,125,114,52,117,90,26,44,83,74,110,78" hai2="21,98,86,4,121,61,64,62,123,82,103,58,47" hai3="24,7,120,39,104,54,101,23,1,56,9,119,95"/><U2/><E117/><V55/><F4/><W65/><G120/><T134/><D128/><U66/><E114/><V17/><F47/><W14/><G104/><T11/><D71/><U133/><E106/><V76/><F98/><W46/><G119/><T59/><D59/><U75/><E125/><V36/><F36/><W72/><G72/><T100/><D100/><U99/><E110/><V96/><F17/><W53/><G1/><T22/><D35/><U94/><E66/><V51/><F21/><W6/><G6/><T38/><D38/><U31/><E2/><V132/><F132/><W88/><G101/><T37/><D134/><U69/><E69/><V45/><REACH who="2" step="1"/><F62/><REACH who="2" ten="449,153,143,245" step="2"/><N who="3" m="38087" /><G39/><T129/><D37/><U0/><E0/><V28/><F28/><N who="3" m="17439" /><G46/><T127/><D129/><U68/><E68/><V81/><F81/><W89/><G95/><AGARI ba="0,1" hai="45,51,55,58,61,64,76,82,86,95,96,103,121,123" machi="95" ten="30,3900,0" yaku="1,1,7,1,53,1" doraHai="130" doraHaiUra="40" who="2" fromWho="3" sc="449,0,153,0,143,49,245,-39" /><INIT seed="2,0,0,5,3,52" ten="449,153,192,206" oya="2" hai0="22,54,95,66,12,1,127,81,123,40,42,75,67" hai1="32,70,37,58,80,133,105,14,86,126,115,45,119" hai2="97,29,100,71,107,96,85,118,130,11,124,76,20" hai3="92,35,84,34,21,15,113,79,112,26,78,93,101"/><V7/><F118/><W41/><G41/><T77/><D123/><U110/><RYUUKYOKU type="yao9" ba="0,0" sc="449,0,153,0,192,0,206,0" hai1="14,32,37,45,58,70,80,86,105,110,115,119,126,133" /><INIT seed="2,1,0,2,2,80" ten="449,153,192,206" oya="2" hai0="124,48,104,123,18,64,98,62,9,63,112,87,59" hai1="66,129,113,50,125,108,17,84,7,56,42,58,132" hai2="120,82,43,36,101,116,91,130,8,81,45,40,89" hai3="78,111,97,121,37,32,105,114,6,12,76,3,19"/><V54/><F120/><W0/><G37/><T68/><D123/><U24/><E113/><V44/><F116/><W118/><G32/><T110/><D112/><U133/><E108/><V109/><F101/><W83/><G118/><T95/><D110/><U79/><E129/><V128/><F109/><W99/><G121/><T52/><D104/><U29/><E7/><V117/><F117/><W94/><G111/><T38/><D38/><U65/><E17/><V34/><F8/><W126/><G114/><T71/><D124/><U106/><E106/><V70/><F54/><W1/><G126/><T33/><D33/><U75/><E75/><V60/><F34/><W119/><G76/><T55/><D87/><U39/><E39/><V72/><F60/><W96/><G105/><T28/><D28/><U103/><E103/><V27/><F36/><W93/><G6/><T15/><D55/><U102/><E65/><V14/><F14/><W25/><G25/><T49/><D71/><U35/><E66/><V21/><F21/><W107/><G107/><T31/><D31/><U47/><E102/><AGARI ba="1,0" hai="9,15,18,48,49,52,59,62,63,64,68,95,98,102" machi="102" ten="30,2000,0" yaku="7,1,54,1" doraHai="80" who="0" fromWho="1" sc="449,23,153,-23,192,0,206,0" /><INIT seed="3,0,0,4,2,74" ten="472,130,192,206" oya="3" hai0="81,102,41,52,67,128,15,111,54,57,78,98,2" hai1="110,100,19,66,13,99,85,35,6,30,122,31,23" hai2="103,16,79,97,34,50,84,40,12,46,115,107,134" hai3="26,29,39,9,124,108,132,61,33,69,80,56,47"/><W123/><G123/><T1/><D67/><U70/><E110/><V24/><F115/><W27/><G108/><T48/><D111/><U106/><E122/><V130/><F134/><W38/><G69/><T60/><D15/><U68/><E31/><V96/><F130/><W82/><G132/><T43/><D128/><U36/><E36/><V92/><F34/><W91/><G124/><T32/><D32/><U133/><E133/><V53/><F24/><W94/><G26/><T17/><D17/><U7/><E85/><V113/><F113/><W64/><G9/><T73/><D43/><U126/><E70/><V83/><F40/><W45/><G38/><T89/><D89/><U18/><E18/><V49/><F49/><W109/><G109/><T131/><D41/><U44/><E44/><V135/><F135/><W55/><G39/><T116/><D131/><U87/><E87/><V88/><F107/><W125/><G125/><T22/><D22/><U59/><E59/><V58/><F58/><W65/><G65/><T101/><D116/><U93/><E93/><V20/><F97/><W104/><G104/><T25/><D25/><N who="1" m="18895" /><E126/><V105/><F105/><W119/><G119/><T8/><D8/><U90/><E90/><AGARI ba="0,0" hai="12,16,20,46,50,53,79,83,84,88,90,92,96,103" machi="90" ten="40,8000,1" yaku="8,1,52,1,54,2" doraHai="74" who="2" fromWho="1" sc="472,0,130,-80,192,80,206,0" /><INIT seed="4,0,0,5,1,88" ten="472,50,272,206" oya="0" hai0="69,58,79,15,80,95,120,53,90,110,4,99,74" hai1="29,119,85,43,96,77,21,117,92,93,8,86,130" hai2="28,105,108,59,18,33,129,71,39,87,11,47,126" hai3="56,98,42,114,107,94,55,20,112,82,65,6,13"/><T35/><D69/><U24/><E130/><V125/><F108/><W61/><G107/><T122/><D35/><U66/><E66/><V1/><F71/><W64/><G42/><T12/><D110/><U38/><E8/><V76/><F105/><W63/><G82/><T132/><D132/><U111/><E111/><V23/><F129/><W128/><G128/><T16/><D4/><U54/><E54/><V17/><F59/><W5/><G20/><T67/><D67/><N who="3" m="25673" /><G63/><T9/><REACH who="0" step="1"/><D15/><REACH who="0" ten="462,50,272,206" step="2"/><U72/><E117/><V118/><F33/><W40/><G13/><T84/><D84/><U68/><E119/><V81/><F87/><W78/><G5/><T2/><D2/><U48/><E68/><V50/><F1/><W57/><G6/><T91/><D91/><U14/><E86/><V37/><F118/><W134/><G134/><T101/><D101/><U75/><E14/><V135/><F135/><W46/><G114/><T131/><D131/><U113/><E113/><V45/><F126/><W10/><G112/><T7/><D7/><U109/><E85/><V121/><F125/><W31/><G78/><T27/><D27/><U104/><E77/><V89/><F76/><W0/><G0/><T102/><D102/><U30/><E109/><V25/><F89/><W36/><G98/><T32/><D32/><U49/><E96/><V3/><F25/><W103/><G103/><T41/><D41/><U52/><E43/><V106/><F3/><W115/><G115/><T83/><D83/><U127/><E24/><V124/><F81/><W22/><G40/><T133/><D133/><RYUUKYOKU ba="0,1" sc="462,30,50,-10,272,-10,206,-10" hai0="9,12,16,53,58,74,79,80,90,95,99,120,122" /><INIT seed="4,1,1,3,1,124" ten="492,40,262,196" oya="0" hai0="14,96,48,132,82,22,106,66,25,134,0,46,64" hai1="129,120,52,43,108,99,45,104,62,101,76,49,109" hai2="86,30,21,111,81,34,80,41,133,50,69,70,118" hai3="15,94,39,72,5,42,92,79,6,135,122,7,51"/><T9/><D0/><U130/><E120/><V112/><F111/><W26/><G39/><T68/><D82/><U75/><E75/><V13/><F34/><W116/><G116/><T32/><D32/><U85/><E76/><V98/><F112/><W35/><G72/><T36/><D36/><U3/><E3/><V17/><F133/><N who="0" m="51306" /><D68/><U95/><E85/><V16/><F118/><W65/><G79/><T131/><D131/><N who="1" m="50187" /><E104/><V125/><F86/><W63/><G92/><T20/><D96/><U87/><E87/><V2/><F98/><W29/><G94/><T88/><D88/><U115/><E115/><V107/><F2/><W11/><G122/><T119/><D106/><U47/><E62/><V67/><F107/><W55/><G135/><T23/><D119/><U19/><E19/><V33/><F16/><W37/><G5/><N who="0" m="3375" /><D25/><U71/><E71/><V77/><F17/><W105/><G63/><T12/><D12/><U78/><E78/><V4/><F13/><W28/><G6/><T84/><D84/><U24/><E24/><V53/><F4/><W83/><G105/><T54/><AGARI ba="1,1" hai="20,22,23,46,48,54,64,66" m="3375,51306" machi="54" ten="30,1500,0" yaku="20,1" doraHai="124" who="0" fromWho="0" sc="492,28,40,-6,262,-6,196,-6" /><INIT seed="4,2,0,1,4,13" ten="520,34,256,190" oya="0" hai0="128,129,56,17,109,112,125,59,100,132,107,76,45" hai1="62,110,15,61,66,6,1,119,10,117,25,81,52" hai2="70,127,114,106,8,78,86,122,113,57,23,123,130" hai3="108,0,38,118,116,95,74,98,9,120,63,44,124"/><T115/><D76/><U22/><E110/><V71/><F106/><W34/><G108/><T3/><D100/><U26/><E26/><V42/><F8/><W73/><G34/><T103/><D103/><U102/><E1/><V90/><F78/><W135/><G74/><T121/><D107/><U48/><E81/><V105/><F105/><W58/><G73/><T54/><D109/><U50/><E50/><V87/><F127/><W84/><G84/><T77/><D77/><U47/><E102/><V83/><F130/><W39/><G39/><T49/><D3/><U93/><E93/><V60/><F42/><W92/><G92/><T7/><D7/><U80/><E80/><V36/><F36/><W101/><G124/><T68/><D125/><U88/><E88/><N who="2" m="51295" /><F23/><W33/><G33/><T20/><D68/><N who="2" m="26154" /><F90/><W24/><G120/><T82/><D82/><U94/><E94/><V85/><F87/><W89/><G135/><T133/><D121/><U131/><E131/><N who="0" m="50249" /><D59/><U40/><E40/><V16/><F85/><W2/><G101/><T29/><D56/><U69/><REACH who="1" step="1"/><E62/><REACH who="1" ten="520,24,256,190" step="2"/><V32/><F60/><W55/><G24/><N who="0" m="14351" /><D29/><AGARI ba="2,1" hai="6,10,15,22,25,29,47,48,52,61,66,69,117,119" machi="29" ten="30,3900,0" yaku="1,1,7,1,54,1,53,0" doraHai="13" doraHaiUra="96" who="1" fromWho="0" sc="520,-45,24,55,256,0,190,0" /><INIT seed="5,0,0,5,4,89" ten="475,79,256,190" oya="1" hai0="12,91,76,58,1,48,38,120,64,109,33,39,135" hai1="123,2,40,41,47,132,82,46,86,130,129,77,10" hai2="96,126,74,128,61,131,75,3,43,80,31,17,111" hai3="69,107,125,116,87,42,26,4,134,21,124,62,8"/><U106/><E106/><V97/><F111/><W22/><G134/><T30/><D1/><U103/><E132/><V25/><F3/><W15/><G107/><T92/><D76/><U52/><E103/><V60/><F126/><W63/><G116/><T90/><D30/><U50/><E123/><V18/><F43/><W72/><G72/><T5/><D33/><U28/><E28/><V115/><F115/><W93/><G42/><T94/><D109/><U121/><E121/><V14/><F80/><W100/><G69/><T27/><D27/><U78/><E78/><V65/><F31/><N who="3" m="17871" /><G22/><T20/><D20/><U35/><E35/><V13/><F25/><W105/><G105/><T108/><D12/><U119/><E119/><V7/><F65/><W84/><G84/><T24/><D24/><U112/><E112/><V11/><F11/><W118/><G118/><T57/><D5/><AGARI ba="0,0" hai="5,7,13,14,17,18,60,61,74,75,96,97,128,131" machi="5" ten="25,1600,0" yaku="22,2" doraHai="89" who="2" fromWho="0" sc="475,-16,79,0,256,16,190,0" /><INIT seed="6,0,0,1,4,71" ten="459,79,272,190" oya="2" hai0="111,23,43,1,41,124,52,47,98,18,37,21,12" hai1="68,135,27,19,57,25,77,34,13,104,87,42,66" hai2="70,56,39,29,90,123,101,127,129,26,60,100,32" hai3="5,16,97,79,128,48,102,99,74,106,83,118,114"/><V44/><F123/><W109/><G109/><T33/><D33/><U36/><E104/><V49/><F127/><W0/><G118/><T54/><D1/><U67/><E68/><V65/><F129/><W85/><G128/><T117/><D111/><U40/><E135/><V125/><F125/><W2/><G114/><T50/><D124/><U119/><E119/><V38/><F90/><W63/><G5/><T55/><D117/><U94/><E34/><V30/><F30/><W95/><G63/><T10/><D37/><U15/><E57/><V22/><F32/><W89/><G97/><T81/><D43/><U108/><E108/><V14/><F14/><W45/><REACH who="3" step="1"/><G16/><REACH who="3" ten="459,79,272,180" step="2"/><T122/><D98/><U88/><E77/><V121/><F121/><W64/><G64/><N who="1" m="24618" /><E36/><V59/><F39/><W80/><G80/><T61/><D122/><U51/><E15/><V115/><F115/><W113/><G113/><T84/><D61/><U96/><E96/><V62/><F38/><W75/><G75/><T103/><D18/><U20/><E51/><V46/><F70/><W72/><G72/><T134/><D12/><U3/><E3/><V130/><F49/><W107/><G107/><T105/><D105/><U4/><E4/><V91/><F62/><W35/><G35/><T120/><D50/><U133/><E133/><V78/><F130/><W7/><G7/><T31/><D134/><U92/><E92/><V6/><F60/><W82/><G82/><T126/><D81/><U9/><E9/><V132/><F132/><W53/><AGARI ba="0,1" hai="0,2,45,48,53,74,79,83,85,89,95,99,102,106" machi="53" ten="20,8000,1" yaku="1,1,0,1,7,1,24,2,53,0" doraHai="71" doraHaiUra="69" who="3" fromWho="3" sc="459,-20,79,-20,272,-40,180,90" /><INIT seed="7,0,0,1,1,68" ten="439,59,232,270" oya="3" hai0="27,132,46,42,38,122,123,1,75,34,101,56,60" hai1="103,130,90,11,7,77,40,133,85,19,47,0,135" hai2="8,112,58,102,57,14,71,81,100,115,96,105,37" hai3="22,12,48,63,106,114,6,79,69,59,92,66,78"/><W26/><G106/><T70/><D75/><U67/><E130/><V15/><F71/><W88/><G114/><N who="2" m="43561" /><F81/><W126/><G126/><T62/><D1/><U128/><E128/><V93/><F105/><W52/><G6/><T80/><D132/><U131/><E131/><V18/><F102/><W98/><REACH who="3" step="1"/><G12/><REACH who="3" ten="439,59,232,260" step="2"/><T118/><D123/><U28/><E135/><V99/><F99/><W17/><AGARI ba="0,1" hai="17,22,26,48,52,59,63,66,69,78,79,88,92,98" machi="17" ten="20,18000,2" yaku="1,1,2,1,0,1,7,1,54,2,53,0" doraHai="68" doraHaiUra="134" who="3" fromWho="3" sc="439,-60,59,-60,232,-60,260,190" owari="379,18.0,-1,-50.0,172,-23.0,450,55.0" /></mjloggm>