<mjloggm ver="2.3"><GO type="169" lobby="0"/><UN n0="%59%75%6B%69%46" n1="%44%41%4E%4B%55" n2="%E3%82%A6%E3%83%AB%E3%83%88%E3%83%A9%E7%AB%8B%E7%9B%B4" n3="%E7%8E%A9%E5%80%8B%4A%42" dan="16,16,17,16" rate="2058.77,2035.52,2190.99,2099.95" sx="M,M,M,M"/><TAIKYOKU oya="0"/><INIT seed="0,0,0,5,2,135" ten="250,250,250,250" oya="0" hai0="9,122,106,56,97,43,126,33,84,6,90,107,79" hai1="124,48,108,12,116,20,103,54,93,70,94,86,2" hai2="125,112,74,119,1,19,15,53,38,83,110,32,85" hai3="28,44,88,63,3,14,22,118,96,27,50,105,80"/><T60/><D122/><U128/><E2/><V62/><F112/><W29/><G3/><T99/><D33/><U101/><E70/><V51/><F38/><W36/><G36/><T8/><D79/><U121/><E121/><V39/><F39/><W30/><G118/><T120/><D120/><U47/><E116/><V82/><F119/><W42/><G63/><T37/><D106/><U21/><E108/><V76/><F1/><W55/><G42/><T114/><D107/><U41/><E128/><V65/><F32/><W95/><G105/><T13/><D114/><U72/><E72/><V111/><F125/><W61/><G61/><T67/><D126/><U69/><E69/><V100/><F100/><N who="1" m="38473" /><E124/><V4/><F4/><W10/><REACH who="3" step="1"/><G80/><REACH who="3" ten="250,250,250,240" step="2"/><T89/><D43/><U91/><E93/><V78/><F62/><W45/><G45/><T134/><D37/><U117/><E117/><V31/><F65/><W26/><G26/><T46/><D46/><U34/><E41/><V113/><F113/><W25/><G25/><T130/><D67/><U7/><E34/><V133/><F111/><W57/><G57/><T104/><D56/><U58/><E58/><V18/><F110/><W102/><G102/><T40/><D60/><U127/><E127/><V129/><F82/><W68/><G68/><T81/><D81/><U16/><E47/><V23/><F83/><W5/><AGARI ba="0,1" hai="5,10,14,22,27,28,29,30,44,50,55,88,95,96" machi="5" ten="20,8000,1" yaku="1,1,0,1,7,1,8,1,54,1,53,0" doraHai="135" doraHaiUra="52" who="3" fromWho="3" sc="250,-40,250,-20,250,-20,240,90" /><INIT seed="1,0,0,0,5,37" ten="210,230,230,330" oya="1" hai0="44,34,5,36,38,117,76,83,56,41,63,116,119" hai1="61,102,99,68,64,11,84,50,8,20,91,16,67" hai2="21,35,60,13,112,1,9,31,78,93,72,43,129" hai3="28,39,7,101,87,52,25,81,105,115,130,86,45"/><U113/><E113/><V62/><F112/><W89/><G130/><T82/><D34/><U48/><E67/><V58/><F129/><W131/><G131/><T97/><D97/><U53/><E11/><V29/><F72/><W108/><G115/><T85/><D5/><U109/><E8/><V3/><F78/><W49/><G39/><T2/><D2/><U32/><E32/><V103/><F35/><W74/><G74/><T100/><D100/><U124/><E124/><V54/><F62/><W55/><G108/><T23/><D23/><U26/><E109/><V73/><F73/><W135/><G135/><T6/><D6/><U22/><E53/><V110/><F110/><W123/><G123/><T118/><N who="0" m="29696" /><DORA hai="134" /><T24/><D24/><U80/><REACH who="1" step="1"/><E22/><REACH who="1" ten="210,220,230,330" step="2"/><V40/><F1/><W65/><G65/><T128/><D128/><U96/><E96/><N who="2" m="59791" /><F3/><W121/><G55/><T19/><D19/><U17/><E17/><N who="2" m="10415" /><F9/><W75/><G7/><T125/><D125/><U12/><E12/><V69/><F69/><W51/><G121/><T46/><D41/><AGARI ba="0,1" hai="29,31,40,41,43,54,58,60" m="10415,59791" machi="41" ten="30,7700,0" yaku="8,1,52,3" doraHai="37,134" who="2" fromWho="0" sc="210,-77,220,0,230,87,330,0" /><INIT seed="2,0,0,1,5,110" ten="133,220,317,330" oya="2" hai0="71,121,123,128,11,119,42,33,70,43,25,45,53" hai1="67,40,69,99,15,22,107,14,23,90,49,81,1" hai2="102,120,5,9,50,65,80,8,6,124,47,59,129" hai3="92,86,127,126,105,122,75,39,64,10,24,54,61"/><V56/><F120/><W4/><G122/><T95/><D11/><U130/><E1/><V31/><F129/><W117/><G117/><T135/><D119/><U89/><E130/><V41/><F124/><N who="3" m="47659" /><G75/><T62/><D128/><U16/><E69/><V60/><F102/><W48/><G39/><T76/><D95/><U111/><E67/><V134/><F134/><W131/><G105/><T17/><D17/><U19/><E111/><V27/><F80/><W112/><G24/><T68/><D76/><U38/><E38/><V114/><F114/><W44/><G131/><T87/><D87/><U37/><E37/><V12/><F59/><W104/><G104/><T113/><D135/><U101/><REACH who="1" step="1"/><E81/><REACH who="1" ten="133,210,317,330" step="2"/><V118/><F118/><W72/><G64/><T58/><D121/><U32/><E32/><V34/><F9/><W82/><G82/><T2/><D123/><U84/><E84/><V108/><F108/><W30/><G86/><T73/><D33/><U63/><E63/><V52/><REACH who="2" step="1"/><F65/><REACH who="2" ten="133,210,307,330" step="2"/><W74/><G72/><T20/><D73/><U55/><E55/><V57/><F57/><W78/><G74/><T97/><D53/><U29/><E29/><V66/><F66/><W94/><G54/><T91/><D58/><U106/><E106/><V100/><F100/><W103/><G30/><T115/><D113/><U18/><E18/><AGARI ba="0,2" hai="5,6,8,12,18,27,31,34,41,47,50,52,56,60" machi="18" ten="30,5800,0" yaku="1,1,7,1,54,1,53,0" doraHai="110" doraHaiUra="132" who="2" fromWho="1" sc="133,0,210,-58,307,78,330,0" /><INIT seed="2,1,0,4,4,2" ten="133,152,385,330" oya="2" hai0="87,132,93,74,67,17,32,72,34,85,53,8,13" hai1="49,97,68,44,5,40,58,71,95,96,73,110,9" hai2="1,109,66,28,135,55,84,60,131,92,0,120,125" hai3="119,116,134,81,6,107,42,15,76,78,52,45,69"/><V102/><F120/><W56/><G107/><T89/><D67/><U48/><E73/><V77/><F131/><W86/><G69/><T23/><D132/><U18/><E18/><V75/><F135/><W63/><G134/><T30/><D30/><U79/><E79/><V33/><F75/><W20/><G78/><T29/><D29/><U115/><E115/><V129/><F129/><W35/><G35/><T101/><D101/><U25/><E25/><V31/><F125/><W133/><G133/><T88/><D53/><U43/><E110/><V38/><F38/><W126/><G126/><T36/><D36/><U83/><E83/><V50/><F109/><W3/><G3/><T91/><D91/><U26/><E26/><V22/><F33/><W112/><G112/><T82/><D72/><U105/><E105/><V100/><F0/><W124/><G124/><T64/><D64/><U117/><E117/><V121/><F1/><W70/><G70/><T12/><REACH who="0" step="1"/><D74/><REACH who="0" ten="123,152,385,330" step="2"/><U65/><E43/><V14/><F102/><W47/><G119/><T111/><D111/><U114/><E114/><V104/><F100/><W16/><G116/><T61/><D61/><N who="1" m="38071" /><E49/><V27/><F31/><W123/><G123/><T11/><D11/><U99/><E68/><N who="2" m="42055" /><F121/><W103/><G103/><T41/><D41/><U122/><E71/><V24/><F104/><W130/><G130/><T80/><D80/><U128/><E128/><V10/><F10/><N who="3" m="4567" /><G42/><T7/><AGARI ba="1,1" hai="7,8,12,13,17,23,32,34,82,85,87,88,89,93" machi="7" ten="20,8000,1" yaku="1,1,0,1,7,1,52,1,54,1,53,0" doraHai="2" doraHaiUra="21" who="0" fromWho="0" sc="123,93,152,-21,385,-41,330,-21" /><INIT seed="3,0,0,3,1,57" ten="216,131,344,309" oya="3" hai0="123,131,98,87,110,46,63,32,50,129,72,51,122" hai1="15,135,97,16,29,96,107,62,21,59,61,42,120" hai2="130,116,52,124,54,48,92,73,121,7,33,111,118" hai3="105,3,35,12,44,66,70,41,68,11,30,93,64"/><W133/><G105/><T67/><D72/><U71/><E120/><N who="0" m="46121" /><D98/><N who="1" m="37995" /><E107/><V81/><F92/><W108/><G3/><T106/><D106/><U91/><E135/><V85/><F85/><W102/><G133/><T28/><D87/><U31/><E71/><V1/><F81/><W24/><G108/><T38/><D110/><U101/><E101/><V82/><F82/><W80/><G80/><T27/><D46/><U113/><E113/><V94/><F94/><W119/><G119/><T2/><D2/><U86/><E42/><V4/><F1/><W100/><G68/><N who="0" m="42111" /><D38/><U37/><E37/><V78/><F73/><W58/><G70/><T76/><D76/><U109/><E109/><V17/><F78/><W134/><G134/><T14/><D14/><U65/><E62/><V88/><F111/><W18/><G102/><T115/><D115/><U34/><E34/><V0/><F33/><W103/><G100/><T83/><D83/><AGARI ba="0,0" hai="15,16,21,29,31,59,61,65,83,86,91" m="37995" machi="83" ten="30,3900,0" yaku="8,1,52,1,54,1" doraHai="57" who="1" fromWho="0" sc="216,-39,131,39,344,0,309,0" /><INIT seed="4,0,0,5,0,50" ten="177,170,344,309" oya="0" hai0="99,107,57,127,22,67,129,46,40,93,20,116,37" hai1="75,83,84,113,4,121,65,73,53,123,29,109,78" hai2="27,103,68,45,1,69,108,80,92,15,13,38,89" hai3="105,96,91,60,112,126,120,11,110,114,63,77,5"/><T62/><D127/><U74/><E109/><V106/><F1/><W51/><G110/><T119/><D129/><U3/><E65/><V135/><F27/><W81/><G126/><T131/><D131/><U85/><E29/><V128/><F45/><W104/><G51/><T44/><D107/><U24/><E24/><V64/><F38/><W9/><G120/><T49/><D20/><U36/><E36/><V47/><F47/><W21/><G21/><T79/><D79/><U101/><E101/><V125/><F128/><W12/><G11/><T95/><D95/><U72/><E113/><N who="3" m="43626" /><G91/><T0/><D0/><U30/><E30/><V18/><F18/><W2/><G12/><T133/><D22/><U70/><E70/><V117/><F108/><W98/><G98/><T54/><REACH who="0" step="1"/><D133/><REACH who="0" ten="167,170,344,309" step="2"/><U55/><E121/><V42/><F106/><W8/><G105/><T115/><D115/><U14/><E3/><V43/><F92/><W31/><G104/><T122/><D122/><U33/><E123/><V130/><F130/><W118/><G2/><T10/><D10/><U134/><E134/><V132/><F125/><W111/><G9/><T88/><AGARI ba="0,1" hai="37,40,44,46,49,54,57,62,67,88,93,99,116,119" machi="88" ten="20,12000,1" yaku="1,1,0,1,7,1,52,1,54,1,53,0" doraHai="50" doraHaiUra="35" who="0" fromWho="0" sc="167,130,170,-40,344,-40,309,-40" /><INIT seed="4,1,0,4,4,47" ten="297,130,304,269" oya="0" hai0="96,132,3,103,6,68,39,30,0,72,79,80,11" hai1="115,92,78,13,125,95,122,31,127,64,76,67,53" hai2="42,131,41,57,35,5,29,86,22,123,45,27,89" hai3="9,102,18,130,48,56,90,70,82,87,44,63,111"/><T24/><D132/><U120/><E13/><V58/><F123/><N who="1" m="47145" /><E31/><V66/><F131/><W17/><G70/><T2/><D68/><U77/><E53/><V16/><F5/><W21/><G111/><T101/><D39/><U33/><E33/><V93/><F66/><N who="1" m="25129" /><E115/><V54/><F45/><W99/><G130/><T20/><REACH who="0" step="1"/><D101/><REACH who="0" ten="287,130,304,269" step="2"/><U28/><E28/><V4/><F4/><W104/><G102/><T75/><D75/><U62/><E62/><V37/><F37/><W119/><G63/><T109/><D109/><U10/><E10/><V135/><F135/><W128/><G9/><T49/><D49/><U83/><E83/><V134/><F134/><W8/><G8/><T124/><D124/><AGARI ba="1,1" hai="76,77,78,92,95,124,125,127" m="25129,47145" machi="124" ten="40,5200,0" yaku="28,2,18,1" doraHai="47" who="1" fromWho="0" sc="287,-55,130,65,304,0,269,0" /><INIT seed="5,0,0,3,0,80" ten="232,195,304,269" oya="1" hai0="50,51,23,0,115,77,37,108,107,72,103,20,106" hai1="71,132,56,64,117,44,92,112,3,89,97,55,94" hai2="68,57,25,60,123,114,49,13,22,87,28,45,82" hai3="21,93,61,102,100,135,16,90,15,113,96,36,74"/><U17/><E117/><V111/><F123/><W10/><G36/><T83/><D108/><U59/><E3/><V38/><F111/><W66/><G74/><T118/><D37/><U95/><E112/><V99/><F114/><W73/><G73/><T70/><D0/><U98/><E132/><V32/><F68/><W46/><G135/><T91/><D70/><U35/><E35/><V109/><F38/><W7/><G46/><T134/><D118/><U116/><E116/><V88/><F99/><W105/><G105/><T30/><D107/><U8/><E71/><V53/><F109/><W43/><G43/><T85/><D115/><U14/><E64/><V47/><F32/><W1/><REACH who="3" step="1"/><G113/><REACH who="3" ten="232,195,304,259" step="2"/><T6/><D134/><U75/><E75/><V12/><F47/><W26/><G26/><T110/><D72/><U129/><E44/><V31/><F31/><W52/><G52/><AGARI ba="0,1" hai="12,13,22,25,28,45,49,52,53,57,60,82,87,88" machi="52" ten="30,8000,1" yaku="7,1,8,1,52,1,54,2" doraHai="80" who="2" fromWho="3" sc="232,0,195,0,304,90,259,-80" /><INIT seed="6,0,0,2,3,104" ten="232,195,394,179" oya="2" hai0="118,59,45,36,97,35,127,24,1,92,30,15,91" hai1="116,105,54,71,73,124,100,32,121,60,134,110,53" hai2="4,93,22,23,103,40,38,43,20,11,108,135,111" hai3="77,51,25,12,109,46,117,49,131,17,81,16,85"/><V86/><F135/><W68/><G109/><N who="2" m="42057" /><F38/><W3/><G117/><T79/><D1/><U89/><E89/><N who="2" m="53431" /><F103/><W66/><G3/><AGARI ba="0,0" hai="3,4,11,20,22,23,40,43" m="53431,42057" machi="3" ten="30,1500,0" yaku="10,1" doraHai="104" who="2" fromWho="3" sc="232,0,195,0,394,15,179,-15" /><INIT seed="6,1,0,2,0,55" ten="232,195,409,164" oya="2" hai0="124,36,27,99,12,68,47,10,2,86,84,60,93" hai1="31,128,38,26,122,4,76,39,35,117,49,33,74" hai2="7,72,46,96,59,132,53,45,95,135,101,114,98" hai3="0,24,8,5,50,115,18,130,79,97,42,61,41"/><V43/><F72/><W105/><G130/><T58/><D2/><U29/><E117/><V22/><F114/><W133/><G133/><T75/><D75/><U9/><E128/><V67/><F67/><W78/><G61/><T62/><D68/><U19/><E19/><V126/><F126/><W104/><G115/><T16/><D60/><U48/><E122/><V107/><F7/><W14/><G24/><T65/><D124/><U63/><E63/><V100/><F22/><W80/><G79/><T69/><D69/><U77/><E74/><V90/><F90/><W54/><G104/><T30/><D47/><U34/><E34/><V23/><F23/><W112/><G112/><T119/><D36/><U116/><E116/><V52/><F46/><W17/><G17/><T103/><D119/><U108/><E26/><V134/><F59/><W51/><G51/><AGARI ba="1,0" hai="43,45,51,52,53,95,96,98,100,101,107,132,134,135" machi="51" ten="40,3900,0" yaku="20,1,54,1" doraHai="55" who="2" fromWho="3" sc="232,0,195,0,409,42,164,-42" /><INIT seed="6,2,0,5,3,96" ten="232,195,451,122" oya="2" hai0="124,7,20,119,86,118,17,34,64,10,53,110,59" hai1="129,49,31,65,82,115,135,22,40,97,0,100,130" hai2="73,105,3,102,50,123,81,12,117,107,67,27,8" hai3="13,76,46,108,109,35,72,101,114,104,11,71,121"/><V128/><F123/><W63/><G121/><T36/><D34/><U9/><E65/><V38/><F38/><W16/><G35/><T89/><D110/><U58/><E82/><V39/><F39/><W1/><G1/><T69/><D36/><U5/><E115/><V4/><F128/><N who="1" m="49257" /><E135/><V122/><F122/><W120/><G120/><T85/><D64/><U23/><E31/><V41/><F67/><W113/><G46/><T77/><D77/><U24/><E24/><V88/><F81/><N who="3" m="45191" /><G63/><T103/><D103/><U92/><E58/><V42/><F27/><W91/><G91/><T66/><D69/><U2/><E2/><V87/><F88/><W14/><G14/><N who="0" m="9271" /><D66/><U106/><E92/><V93/><F12/><W70/><G70/><T47/><D89/><U54/><E54/><V133/><F42/><W127/><G71/><T95/><D95/><U111/><E111/><V75/><F93/><W84/><G84/><T131/><D86/><U112/><E112/><N who="3" m="43114" /><G127/><T94/><D124/><U57/><E57/><V30/><F87/><W62/><G62/><N who="0" m="36207" /><D47/><AGARI ba="2,0" hai="0,5,9,22,23,40,47,49,97,100,106" m="49257" machi="47" ten="30,2000,0" yaku="19,1,52,1" doraHai="96" who="1" fromWho="0" sc="232,-26,195,26,451,0,122,0" /><INIT seed="7,0,0,0,2,6" ten="206,221,451,122" oya="3" hai0="125,64,56,24,65,51,59,49,19,52,114,55,107" hai1="57,132,110,118,53,69,102,72,89,23,0,73,111" hai2="29,121,131,117,22,97,13,75,91,124,48,28,77" hai3="80,103,76,2,83,133,122,129,68,94,127,79,14"/><W71/><G2/><T17/><D107/><U130/><E69/><V12/><F91/><W135/><G122/><T106/><D106/><U90/><E130/><V18/><F97/><N who="3" m="59831" /><G129/><T42/><D125/><U66/><E132/><N who="3" m="50762" /><G127/><T101/><D101/><U15/><E66/><N who="0" m="25705" /><D114/><U115/><E0/><V109/><F124/><W9/><G80/><T1/><D1/><U86/><E102/><V10/><F131/><W82/><G82/><T119/><D119/><U25/><E15/><V31/><F117/><W39/><G39/><T108/><D108/><U4/><E4/><V78/><F109/><W134/><N who="3" m="50770" /><W112/><DORA hai="81" /><G112/><T62/><D24/><U96/><E115/><V88/><F121/><W40/><G40/><T5/><D5/><U74/><E118/><V7/><F75/><N who="3" m="43519" /><G76/><T44/><AGARI ba="0,0" hai="17,19,42,44,49,51,52,55,56,59,62" m="25705" machi="44" ten="30,2000,0" yaku="8,1,54,1" doraHai="6,81" who="0" fromWho="0" sc="206,20,221,-5,451,-5,122,-10" owari="226,3.0,216,-18.0,446,54.0,112,-39.0" /></mjloggm>