<mjloggm ver="2.3"><GO type="169" lobby="0"/><UN n0="%E3%81%9F%E3%82%93%E3%82%86%E3%81%86" n1="%E3%83%88%E3%83%88%E3%83%AA%E5%85%88%E7%94%9F%31%39%E6%AD%B3" n2="%E7%94%9F%E3%81%8D%E3%81%A6%E3%81%A6%E3%82%88%E3%81%8B%E3%81%A3%E3%81%9F" n3="%E3%83%90%E3%83%90%E3%82%A2%E3%81%AE%E6%97%A5%E5%82%98" dan="16,19,16,17" rate="2091.50,2264.47,2102.43,2105.61" sx="F,F,F,F"/><TAIKYOKU oya="0"/><INIT seed="0,0,0,4,0,77" ten="250,250,250,250" oya="0" hai0="78,43,15,69,64,75,57,104,79,116,80,60,46" hai1="67,123,70,89,112,90,41,28,42,32,35,20,24" hai2="107,16,55,124,68,102,98,129,96,81,76,72,135" hai3="99,54,87,125,3,128,31,110,0,126,83,113,58"/><T63/><D116/><U22/><E123/><V65/><F124/><W44/><G113/><T19/><D104/><U29/><E67/><V27/><F129/><W50/><G128/><T11/><D79/><U105/><E105/><V84/><F135/><W7/><G110/><T4/><D19/><U39/><E24/><V82/><F98/><W18/><G31/><T86/><D75/><U97/><E97/><V73/><F55/><W93/><G18/><T94/><D94/><U53/><E53/><V120/><F120/><W56/><G0/><T47/><REACH who="0" step="1"/><D43/><REACH who="0" ten="240,250,250,250" step="2"/><U111/><E42/><V45/><F73/><W34/><G93/><T118/><D118/><U106/><E41/><V48/><F72/><W8/><G125/><T36/><D36/><U74/><E74/><V12/><F76/><W21/><G126/><T49/><D49/><U108/><E106/><V131/><F131/><W25/><G50/><T51/><D51/><U134/><E39/><V14/><F48/><W100/><G44/><T38/><D38/><U23/><E111/><V1/><F45/><W9/><G7/><T101/><D101/><U66/><E108/><V127/><F127/><W10/><G100/><T2/><D2/><U40/><E40/><V95/><F1/><W61/><G3/><T17/><D17/><U30/><E30/><V115/><F16/><W88/><G8/><T52/><AGARI ba="0,1" hai="4,11,15,46,47,52,57,60,63,64,69,78,80,86" machi="52" ten="20,12000,1" yaku="1,1,0,1,7,1,52,1,54,1,53,0" doraHai="77" doraHaiUra="13" who="0" fromWho="0" sc="240,130,250,-40,250,-40,250,-40" /><INIT seed="0,1,0,2,1,36" ten="370,210,210,210" oya="0" hai0="32,33,46,4,64,114,105,115,54,49,44,58,16" hai1="25,53,113,23,62,19,0,99,50,89,48,97,51" hai2="135,86,26,101,67,109,47,68,79,106,74,35,11" hai3="76,83,98,117,14,61,57,130,7,63,43,40,124"/><T120/><D105/><U116/><E116/><V133/><F11/><W91/><G117/><T45/><D4/><U111/><E0/><V100/><F86/><N who="3" m="48487" /><G124/><T108/><D120/><U24/><E111/><V73/><F47/><W121/><G130/><T70/><D108/><U104/><E113/><V96/><F101/><W6/><G63/><T5/><D5/><N who="3" m="1545" /><G14/><T112/><D64/><U85/><E104/><V28/><F109/><W65/><G121/><T38/><D70/><U103/><E103/><V122/><F122/><W31/><G31/><T18/><REACH who="0" step="1"/><D38/><REACH who="0" ten="360,210,210,210" step="2"/><U132/><E132/><N who="2" m="50763" /><F79/><W12/><G12/><T75/><D75/><U94/><E25/><V71/><F71/><W72/><G72/><T78/><D78/><U8/><E24/><V84/><F74/><W107/><G107/><T110/><D110/><U92/><E92/><AGARI ba="1,1" hai="40,43,57,61,65,91,92,98" m="1545,48487" machi="92" ten="30,3900,0" yaku="8,1,52,2" doraHai="36" who="3" fromWho="1" sc="360,0,210,-42,210,0,210,52" /><INIT seed="1,0,0,2,2,125" ten="360,168,210,262" oya="1" hai0="13,53,66,74,37,61,84,47,40,29,101,48,73" hai1="22,116,133,4,8,135,14,10,83,89,32,72,58" hai2="114,76,126,128,19,44,5,122,9,124,87,129,26" hai3="45,42,88,3,98,82,65,18,105,97,119,20,91"/><U95/><E116/><V79/><F44/><W62/><G3/><T106/><D29/><U41/><E32/><V123/><F19/><W67/><G119/><T115/><D115/><U92/><E41/><V38/><F38/><W12/><G105/><T104/><D104/><U11/><E58/><V57/><F57/><N who="3" m="37071" /><G67/><T1/><D1/><U130/><E130/><N who="2" m="50283" /><F26/><W25/><G25/><T110/><D13/><U134/><E4/><V24/><F24/><W100/><G12/><T96/><D84/><N who="1" m="50335" /><E72/><V99/><F99/><W111/><G97/><T90/><D74/><U28/><E28/><V59/><F59/><W49/><G98/><T23/><D73/><U2/><E2/><N who="2" m="183" /><F114/><W132/><G18/><AGARI ba="0,0" hai="8,10,11,14,18,22,92,95,133,134,135" m="50335" machi="18" ten="40,2000,0" yaku="20,1" doraHai="125" who="1" fromWho="3" sc="360,0,168,20,210,0,262,-20" /><INIT seed="1,1,0,5,2,126" ten="360,188,210,242" oya="1" hai0="42,77,100,28,134,125,63,7,75,3,49,43,5" hai1="107,108,78,121,76,39,70,105,116,123,88,62,16" hai2="114,94,8,17,119,36,74,84,104,31,69,128,47" hai3="131,12,4,79,90,2,0,19,41,45,61,120,44"/><U113/><E113/><V93/><F104/><W11/><G120/><T97/><D125/><U6/><E116/><V20/><F74/><W101/><G101/><T91/><D91/><U38/><E6/><V18/><F69/><W55/><G79/><T106/><D63/><U87/><E108/><V30/><F119/><W92/><G131/><T124/><D124/><U68/><E62/><V52/><F36/><W109/><G109/><T58/><D28/><N who="2" m="10794" /><F128/><W133/><G133/><T21/><D21/><U127/><E127/><V67/><F67/><W54/><G0/><T9/><D7/><U22/><E22/><V56/><F47/><W34/><G45/><T83/><REACH who="0" step="1"/><D134/><REACH who="0" ten="350,188,210,242" step="2"/><U24/><E88/><V37/><F114/><W132/><G61/><T99/><D99/><U89/><E89/><V33/><F33/><W51/><G34/><T64/><D64/><U57/><E121/><V110/><F110/><W115/><G132/><T86/><D86/><U1/><E87/><V48/><F84/><W59/><G90/><T129/><D129/><U10/><E123/><V112/><F112/><W135/><G115/><T25/><D25/><U13/><E24/><N who="2" m="14351" /><F37/><W35/><G135/><T85/><D85/><U98/><E39/><V26/><F26/><W111/><G35/><T14/><D14/><AGARI ba="1,1" hai="8,14,18,48,52,56,93,94" m="14351,10794" machi="14" ten="30,2000,0" yaku="8,1,54,1" doraHai="126" who="2" fromWho="0" sc="350,-23,188,0,210,33,242,0" /><INIT seed="2,0,0,4,3,1" ten="327,188,243,242" oya="2" hai0="121,15,8,11,72,13,22,69,41,135,123,29,7" hai1="26,118,49,132,42,23,55,48,59,79,98,73,57" hai2="0,5,19,60,61,115,94,21,122,105,96,112,100" hai3="75,82,6,90,31,24,34,131,86,101,116,102,70"/><V134/><F122/><N who="0" m="46602" /><D41/><U104/><E118/><V39/><F39/><W45/><G131/><T117/><D69/><U14/><E132/><V77/><F77/><W74/><G70/><T20/><D72/><U32/><E32/><V46/><F46/><W10/><G116/><T71/><D71/><U50/><E73/><V133/><F105/><W95/><G45/><T97/><D97/><U119/><E119/><V108/><F108/><W28/><G28/><T3/><D117/><U43/><E79/><V30/><F30/><W127/><G127/><T40/><D40/><U51/><E104/><V93/><F93/><W83/><G102/><T120/><D120/><U103/><E59/><V17/><F17/><W12/><REACH who="3" step="1"/><G83/><REACH who="3" ten="327,188,243,232" step="2"/><T81/><D81/><U106/><E43/><V89/><F100/><W66/><G66/><T36/><D135/><N who="2" m="51722" /><F115/><W4/><G4/><N who="0" m="1055" /><D29/><U9/><E42/><V56/><F56/><W67/><G67/><T53/><D53/><U129/><E57/><V27/><F112/><W18/><G18/><N who="0" m="8575" /><D36/><U76/><E55/><V87/><F96/><AGARI ba="0,1" hai="6,10,12,24,31,34,74,75,82,86,90,95,96,101" machi="96" ten="40,2600,0" yaku="1,1,52,1,53,0" doraHai="1" doraHaiUra="68" who="3" fromWho="2" sc="327,0,188,0,243,-26,232,36" /><INIT seed="3,0,0,3,3,83" ten="327,188,217,268" oya="3" hai0="54,85,123,112,68,63,64,7,62,78,86,14,70" hai1="26,133,46,52,71,66,103,93,40,43,23,73,34" hai2="59,15,106,20,38,128,33,3,87,129,37,84,90" hai3="45,61,88,22,53,12,13,91,8,74,67,94,0"/><W42/><G74/><T18/><D123/><U108/><E34/><V21/><F33/><W111/><G53/><T24/><D112/><U10/><E73/><V28/><F3/><W55/><G55/><T104/><D104/><U82/><E108/><V107/><F59/><W2/><G13/><T81/><D7/><U9/><E133/><V79/><F79/><W6/><G22/><T113/><D24/><U105/><E105/><V56/><F56/><W27/><G27/><T116/><D113/><U17/><E66/><V135/><F90/><W97/><G91/><T99/><D99/><N who="1" m="59887" /><E71/><V96/><F96/><W114/><G111/><T49/><D116/><U29/><E82/><V72/><F72/><W76/><G76/><T130/><D130/><U30/><E43/><V47/><F15/><W119/><G119/><T124/><D124/><U44/><E40/><V117/><F117/><W120/><G120/><T110/><D110/><U118/><E44/><V19/><F47/><W31/><G31/><N who="1" m="11786" /><E118/><V5/><F28/><W48/><G114/><T80/><D68/><AGARI ba="0,0" hai="0,2,6,8,12,42,45,48,61,67,68,88,94,97" machi="68" ten="30,2900,0" yaku="7,1,54,1" doraHai="83" who="3" fromWho="0" sc="327,-29,188,0,217,0,268,29" /><INIT seed="3,1,0,0,3,25" ten="298,188,217,297" oya="3" hai0="74,128,46,113,117,87,29,122,61,130,92,121,82" hai1="20,103,114,86,108,37,18,51,59,72,78,33,8" hai2="83,53,112,125,30,28,52,21,66,135,10,12,1" hai3="79,49,115,75,0,68,120,110,95,9,91,104,101"/><W44/><G68/><T88/><D46/><U96/><E114/><V106/><F106/><W94/><G120/><N who="0" m="46187" /><D61/><U123/><E123/><V127/><F112/><W111/><G115/><T133/><D29/><N who="2" m="11370" /><F135/><W11/><G79/><N who="0" m="44407" /><D113/><U109/><E72/><V17/><F83/><W40/><G75/><T100/><D133/><U43/><E33/><V2/><F66/><W26/><G26/><T71/><D71/><U42/><E37/><V81/><F81/><W3/><G95/><N who="0" m="54687" /><D117/><U48/><E43/><V54/><F10/><W23/><G9/><T15/><D15/><U45/><E8/><V55/><N who="2" m="13312" /><DORA hai="105" /><V132/><F132/><W118/><G118/><T31/><D31/><U13/><E42/><V131/><F131/><W22/><G0/><T38/><D38/><U126/><E13/><V58/><F58/><W98/><G11/><T62/><D62/><U16/><E59/><V24/><F24/><W50/><G3/><T5/><D5/><U89/><E18/><V102/><F2/><W32/><G32/><T60/><D60/><U6/><E16/><V97/><F1/><W39/><G22/><T80/><D80/><U99/><E6/><V47/><F47/><W85/><G23/><T64/><D64/><U70/><E20/><V57/><F57/><W27/><G27/><T84/><D100/><U67/><E45/><V34/><F34/><W119/><G119/><T41/><D41/><U129/><E70/><V69/><F69/><W73/><G73/><T4/><D4/><U107/><E103/><V65/><F65/><W7/><G7/><T124/><D124/><RYUUKYOKU ba="1,0" sc="298,10,188,-30,217,10,297,10" hai0="84,92,128,130" hai2="12,17,21,97,102,125,127" hai3="39,40,44,49,50,85,91,94,98,101,104,110,111" /><INIT seed="3,2,0,3,5,104" ten="308,158,227,307" oya="3" hai0="95,19,67,118,93,124,134,125,64,22,61,114,87" hai1="97,77,92,123,106,59,41,47,83,23,33,128,36" hai2="80,60,101,133,81,107,96,28,15,63,127,20,17" hai3="90,30,94,73,3,55,1,110,16,27,53,132,88"/><W91/><G73/><T70/><D118/><U103/><E128/><V98/><F133/><W116/><G116/><T24/><D134/><U37/><E123/><V4/><F127/><N who="0" m="48714" /><D114/><U72/><E33/><V48/><F98/><W58/><G132/><T105/><D105/><U31/><E37/><V122/><F122/><W130/><G130/><T45/><D67/><U54/><E106/><V35/><F4/><W100/><G110/><T2/><D2/><U62/><E23/><V121/><F121/><W65/><G1/><T21/><D45/><U38/><E31/><V8/><F35/><W89/><G3/><T57/><D70/><U25/><E25/><V14/><F48/><W68/><G30/><N who="0" m="17679" /><D87/><U32/><E32/><V50/><F28/><W117/><G68/><T34/><D34/><U108/><REACH who="1" step="1"/><E38/><REACH who="1" ten="308,148,227,307" step="2"/><V39/><F39/><W102/><G117/><T71/><D71/><U119/><E119/><V29/><F29/><W51/><G27/><AGARI ba="2,1" hai="19,22,27,57,61,64,93,95" m="17679,48714" machi="27" ten="30,1000,0" yaku="18,1" doraHai="104" who="0" fromWho="3" sc="308,26,148,0,227,0,307,-16" /><INIT seed="4,0,0,4,0,89" ten="334,148,227,291" oya="0" hai0="13,134,35,84,108,44,60,118,46,85,10,53,72" hai1="66,83,26,43,77,119,55,22,97,126,49,27,133" hai2="123,1,32,37,40,92,19,28,103,87,74,51,56" hai3="70,104,120,128,135,6,69,117,111,14,107,34,127"/><T99/><D72/><U98/><E119/><V8/><F74/><W115/><G14/><T112/><D35/><U61/><E133/><V3/><F123/><W88/><G88/><T41/><D118/><U64/><E43/><V65/><F37/><W54/><G6/><T29/><D29/><U130/><E130/><V76/><F32/><W25/><G25/><T59/><D134/><U18/><E126/><V36/><F36/><W86/><G86/><T62/><D108/><U106/><E26/><V20/><F1/><W47/><G104/><T57/><D99/><U93/><E98/><V7/><F28/><W91/><G91/><T102/><D102/><U122/><E106/><V38/><F38/><W21/><G21/><T17/><D112/><U79/><E122/><V94/><F103/><W5/><G5/><T63/><D63/><U67/><E61/><V95/><F65/><W81/><G81/><T105/><D105/><U124/><E124/><V75/><F75/><W90/><G107/><T15/><D15/><U24/><E83/><V113/><F113/><W48/><G34/><T42/><D42/><U114/><E27/><V101/><F101/><W11/><G127/><T12/><D12/><U82/><E82/><V100/><F100/><W73/><G120/><T9/><D9/><U39/><E114/><V131/><F131/><W45/><G128/><T132/><D132/><U33/><E33/><V78/><F87/><N who="0" m="33354" /><D41/><U125/><E125/><V129/><F129/><W16/><G135/><T71/><D71/><U30/><E30/><V68/><F68/><W96/><G70/><RYUUKYOKU ba="0,0" sc="334,30,148,-10,227,-10,291,-10" hai0="10,13,17,44,46,53,57,59,60,62" /><INIT seed="4,1,0,1,3,47" ten="364,138,217,281" oya="0" hai0="94,99,42,31,7,122,121,38,58,23,130,127,71" hai1="91,24,134,97,131,67,102,101,20,12,22,119,45" hai2="6,4,64,75,86,0,90,100,14,81,33,126,93" hai3="77,103,135,68,92,66,54,108,63,60,11,48,32"/><T49/><D71/><U52/><E119/><V15/><F33/><W133/><G32/><T28/><D7/><U123/><E123/><V17/><F126/><W72/><G108/><T50/><D127/><U129/><E134/><V44/><F64/><W84/><G72/><T105/><D105/><U85/><E67/><V120/><F120/><W79/><G60/><T40/><D38/><U27/><E12/><V61/><F61/><W19/><G19/><T69/><D69/><U111/><E111/><V115/><F15/><W74/><G11/><T104/><D104/><U55/><E97/><V80/><F0/><W125/><G74/><T106/><D106/><U43/><E85/><V8/><F115/><W39/><G39/><T16/><D58/><U57/><E91/><V82/><F75/><W56/><G125/><T118/><D118/><U95/><E95/><V30/><F30/><N who="0" m="11306" /><D122/><U78/><E57/><V89/><F100/><W46/><G68/><T117/><D117/><U34/><E34/><V128/><F128/><W109/><G109/><T37/><D37/><U5/><E5/><N who="2" m="2155" /><F44/><W3/><G3/><T21/><D130/><U76/><E45/><V1/><F1/><W116/><G116/><T110/><D110/><U88/><REACH who="1" step="1"/><E88/><AGARI ba="1,0" hai="8,14,17,80,81,82,86,88,89,90,93" m="2155" machi="88" ten="30,2000,0" yaku="8,1,54,1" doraHai="47" who="2" fromWho="1" sc="364,0,138,-23,217,23,281,0" /><INIT seed="5,0,0,4,3,86" ten="364,115,240,281" oya="1" hai0="49,25,77,7,8,120,62,30,14,55,80,92,101" hai1="75,87,27,47,111,36,84,40,63,114,100,112,73" hai2="42,88,94,6,4,72,17,58,18,35,10,116,91" hai3="135,74,29,0,85,57,9,3,113,71,24,69,115"/><U45/><E111/><V37/><F72/><N who="1" m="27721" /><E100/><V33/><F37/><W70/><G74/><T68/><D120/><U131/><E47/><V117/><F58/><W110/><G135/><T16/><D68/><U96/><E96/><V125/><F94/><W22/><G110/><T60/><D101/><U79/><E79/><V118/><F42/><W83/><G57/><T11/><D92/><U53/><E53/><V129/><F10/><W51/><G51/><T89/><D77/><U41/><E41/><V105/><F105/><W52/><G52/><T78/><D78/><U5/><E63/><V15/><F15/><W43/><G43/><T38/><D38/><U67/><E67/><V102/><F102/><W48/><G48/><T93/><D80/><U130/><E5/><V44/><F44/><W31/><G31/><T121/><D121/><U97/><E97/><V126/><F117/><W119/><G119/><T123/><D123/><U98/><E98/><V64/><F64/><W34/><G34/><T124/><D62/><U90/><E27/><V99/><F99/><W21/><G21/><T82/><D60/><U133/><E84/><V13/><F13/><W32/><G32/><T95/><D7/><U50/><E36/><V26/><F26/><W1/><REACH who="3" step="1"/><G9/><REACH who="3" ten="364,115,240,271" step="2"/><T107/><D11/><U56/><E56/><V103/><REACH who="2" step="1"/><F103/><REACH who="2" ten="364,115,230,271" step="2"/><W109/><G109/><T106/><D8/><U20/><E133/><V122/><F122/><W76/><AGARI ba="0,2" hai="0,1,3,22,24,29,69,70,71,76,83,85,113,115" machi="76" ten="40,2700,0" yaku="1,1,0,1,53,0" doraHai="86" doraHaiUra="2" who="3" fromWho="3" sc="364,-7,115,-13,230,-7,271,47" /><INIT seed="6,0,0,5,2,133" ten="357,102,223,318" oya="2" hai0="11,48,56,44,61,122,103,23,9,66,88,37,45" hai1="57,31,81,12,118,86,129,43,101,27,117,76,16" hai2="5,32,96,15,92,50,2,98,108,49,47,104,74" hai3="115,22,28,119,46,68,95,83,7,42,99,135,3"/><V116/><F74/><W112/><G119/><T33/><D33/><U13/><E129/><V77/><F32/><W85/><G68/><T36/><D122/><U1/><E1/><V132/><F77/><W93/><G7/><T58/><D103/><U111/><E111/><V90/><F2/><W41/><G3/><T73/><D73/><U69/><E69/><V109/><F116/><W113/><G135/><T0/><D37/><U25/><E12/><V67/><F67/><W105/><G105/><T20/><D36/><U4/><E4/><V55/><F132/><W8/><G8/><N who="0" m="3147" /><D0/><U130/><E130/><V19/><F5/><W124/><G124/><T52/><D88/><U106/><E43/><N who="3" m="16394" /><G46/><AGARI ba="0,0" hai="20,23,44,45,46,48,52,56,58,61,66" m="3147" machi="46" ten="30,2000,0" yaku="8,1,54,1" doraHai="133" who="0" fromWho="3" sc="357,20,102,0,223,0,318,-20" /><INIT seed="7,0,0,3,0,9" ten="377,102,223,298" oya="3" hai0="17,101,77,90,65,21,40,59,135,37,74,7,35" hai1="51,34,70,122,8,5,121,31,22,81,130,47,14" hai2="48,129,53,84,63,104,83,108,46,19,75,27,33" hai3="93,55,56,132,71,126,89,106,32,1,76,66,96"/><W10/><G32/><T80/><D35/><U95/><E70/><V2/><F2/><W102/><G71/><T128/><D7/><U36/><E36/><V125/><F75/><W94/><G66/><T78/><D101/><U97/><E130/><V82/><F104/><W28/><G28/><T29/><D29/><U44/><E34/><V12/><F125/><W113/><G126/><T24/><D78/><U41/><E31/><V88/><F108/><W38/><G38/><T18/><D90/><U50/><E22/><V92/><F129/><W6/><G113/><T120/><D40/><U123/><E123/><V91/><F91/><W119/><G119/><T16/><D37/><U110/><E110/><V45/><F45/><W109/><G109/><T0/><D0/><U42/><REACH who="1" step="1"/><E81/><REACH who="1" ten="377,92,223,298" step="2"/><V25/><F33/><W30/><G30/><T15/><D21/><U52/><E52/><V124/><F124/><W117/><G55/><T23/><D80/><U49/><E49/><V99/><F83/><W72/><G10/><T64/><D23/><U105/><E105/><V85/><F82/><W11/><G106/><T54/><D54/><U112/><E112/><V103/><F53/><W98/><G11/><T58/><D128/><U107/><E107/><V60/><F48/><W111/><G111/><T100/><D120/><U73/><E73/><V67/><F67/><W4/><G72/><T114/><D65/><U134/><E134/><V79/><F46/><W131/><G132/><T115/><D64/><U68/><E68/><V86/><F63/><W39/><G131/><T26/><D135/><RYUUKYOKU ba="0,1" sc="377,-10,92,30,223,-10,298,-10" hai1="5,8,14,41,42,44,47,50,51,95,97,121,122" owari="377,48.0,122,-38.0,213,-19.0,288,9.0" /></mjloggm>