<mjloggm ver="2.3"><GO type="169" lobby="0"/><UN n0="%E3%82%AE%E3%82%AC%E3%83%9E%E3%82%A4%E3%83%B3" n1="%E4%BB%A3%E6%89%93%E3%81%A1%E3%81%AE%E7%A5%9E%E6%A7%98" n2="%E3%82%A6%E3%83%AB%E3%83%88%E3%83%A9%E7%AB%8B%E7%9B%B4" n3="%70%63%63%61%62%63" dan="17,18,17,17" rate="2169.47,2217.69,2171.49,2128.68" sx="M,M,M,M"/><TAIKYOKU oya="0"/><INIT seed="0,0,0,3,3,41" ten="250,250,250,250" oya="0" hai0="5,25,91,122,74,0,101,63,99,81,89,113,123" hai1="50,108,48,57,12,127,84,115,82,67,132,40,119" hai2="64,75,39,35,54,125,107,68,85,33,22,14,31" hai3="55,19,49,46,135,23,94,118,28,133,96,60,37"/><T97/><D113/><U7/><E119/><V112/><F75/><W1/><G1/><T65/><D25/><U51/><E115/><V38/><F112/><W131/><G118/><T18/><D18/><U83/><E108/><V109/><F107/><W86/><G86/><T110/><D110/><U53/><E132/><V10/><F109/><W71/><G131/><T17/><D17/><U103/><E127/><V87/><F22/><W92/><G37/><T59/><D99/><U11/><E103/><V26/><F35/><W27/><G28/><T44/><D44/><N who="1" m="25607" /><E67/><V102/><F102/><W15/><G15/><T72/><D122/><U121/><E121/><V36/><F125/><W111/><G111/><T78/><D74/><U124/><E124/><V52/><F64/><N who="3" m="41351" /><G96/><T129/><D129/><U88/><E51/><V73/><F68/><W62/><G62/><T130/><D130/><U106/><E106/><V134/><F134/><AGARI ba="0,0" hai="19,23,27,46,49,55,92,94,133,134,135" m="41351" machi="134" ten="30,2000,0" yaku="20,1,52,1" doraHai="41" who="3" fromWho="2" sc="250,0,250,0,250,-20,250,20" /><INIT seed="1,0,0,5,4,17" ten="250,250,230,270" oya="1" hai0="55,20,113,59,31,69,42,83,2,112,37,92,11" hai1="1,121,87,38,80,26,124,78,126,15,68,57,21" hai2="67,70,8,95,133,103,51,72,6,76,54,10,107" hai3="96,34,58,85,13,111,132,52,24,48,36,25,4"/><U45/><E68/><V9/><F133/><W40/><G132/><T79/><D69/><U110/><E1/><V32/><F32/><W19/><G111/><T49/><D92/><U105/><E121/><V77/><F107/><W12/><G34/><T75/><D31/><U82/><E110/><V99/><F6/><W122/><G122/><T71/><D71/><U65/><E105/><V81/><F76/><W43/><G96/><T135/><D20/><U41/><E15/><V93/><F93/><W101/><G4/><T102/><D102/><U47/><E47/><V106/><F106/><W27/><G36/><T3/><D3/><U23/><E82/><V61/><REACH who="2" step="1"/><F8/><REACH who="2" ten="250,250,220,270" step="2"/><W129/><G129/><T62/><D135/><U7/><E7/><V84/><F84/><W66/><G85/><T94/><D94/><U30/><REACH who="1" step="1"/><E23/><REACH who="1" ten="250,240,220,270" step="2"/><V89/><F89/><W33/><G33/><T14/><D112/><U108/><E108/><V0/><F0/><W18/><G101/><T50/><D113/><U131/><E131/><V109/><F109/><W74/><G13/><T22/><D22/><U90/><E90/><V86/><F86/><W130/><G12/><T44/><REACH who="0" step="1"/><D2/><REACH who="0" ten="240,240,220,270" step="2"/><U97/><E97/><V115/><F115/><W53/><G130/><T114/><D114/><U134/><E134/><V116/><F116/><W56/><G27/><T60/><D60/><AGARI ba="0,3" hai="21,26,30,38,41,45,57,60,65,78,80,87,124,126" machi="60" ten="40,3900,0" yaku="1,1,52,1,53,0" doraHai="17" doraHaiUra="91" who="1" fromWho="0" sc="240,-39,240,69,220,0,270,0" /><INIT seed="1,1,0,0,4,42" ten="201,309,220,270" oya="1" hai0="39,110,50,67,70,79,100,65,98,83,132,4,75" hai1="85,124,107,12,125,22,9,48,109,43,57,17,104" hai2="54,56,34,118,40,0,13,108,47,24,72,131,3" hai3="96,91,113,36,58,73,90,28,41,99,45,80,69"/><U78/><E109/><V6/><F118/><W68/><G113/><T38/><D110/><U64/><E64/><V71/><F71/><W62/><G68/><T35/><D132/><U25/><E78/><V112/><F108/><W33/><G69/><T135/><D135/><U5/><E85/><V129/><F72/><W117/><G117/><T97/><D98/><U121/><E121/><V94/><F112/><W19/><G90/><T89/><D89/><U133/><E133/><V30/><F94/><W101/><G19/><T27/><D4/><U119/><E119/><V26/><F26/><W130/><G130/><N who="2" m="49673" /><F13/><W60/><G60/><T87/><D50/><U49/><E49/><N who="2" m="30799" /><F6/><W66/><G73/><T10/><D87/><U29/><E5/><V122/><F122/><W120/><G120/><T52/><D10/><U20/><E20/><V31/><F31/><W8/><G8/><T127/><D127/><N who="1" m="48715" /><E57/><V74/><F74/><W55/><G58/><T77/><D75/><U37/><E37/><AGARI ba="1,0" hai="0,3,24,30,34,37,40,47" m="30799,49673" machi="37" ten="30,2000,0" yaku="19,1,52,1" doraHai="42" who="2" fromWho="1" sc="201,0,309,-23,220,23,270,0" /><INIT seed="2,0,0,4,5,74" ten="201,286,243,270" oya="2" hai0="39,54,89,33,49,35,123,56,98,78,55,19,126" hai1="11,9,53,96,63,64,14,16,135,13,4,3,94" hai2="45,124,134,26,43,23,82,57,125,129,58,93,109" hai3="31,70,60,86,92,48,110,87,111,69,128,28,51"/><V102/><F129/><W7/><G7/><T103/><D123/><U112/><E135/><V22/><F22/><W75/><G75/><T115/><D115/><U5/><E112/><V100/><F134/><W95/><REACH who="3" step="1"/><G60/><REACH who="3" ten="201,286,243,260" step="2"/><T67/><D126/><U21/><E53/><V113/><F113/><W116/><G116/><T133/><D55/><U83/><E83/><V41/><F82/><W10/><G10/><T27/><D54/><U132/><E132/><V12/><F125/><W114/><G114/><T1/><D133/><U44/><E44/><V77/><F124/><W131/><AGARI ba="0,1" hai="28,31,48,51,69,70,86,87,92,95,110,111,128,131" machi="131" ten="25,6400,0" yaku="1,1,0,1,22,2,53,0" doraHai="74" doraHaiUra="38" who="3" fromWho="3" sc="201,-16,286,-16,243,-32,260,74" /><INIT seed="3,0,0,2,1,13" ten="185,270,211,334" oya="3" hai0="112,102,130,60,79,25,54,73,22,125,92,37,95" hai1="96,19,41,1,21,30,87,45,80,9,124,75,89" hai2="88,39,128,36,94,127,120,2,10,34,108,133,134" hai3="61,50,122,48,46,23,12,103,81,118,63,4,57"/><W121/><G118/><T29/><D130/><U132/><E124/><V77/><F34/><W111/><G103/><T67/><D125/><U16/><E132/><N who="2" m="50795" /><F127/><W64/><G111/><T6/><D112/><U70/><E70/><V11/><F108/><W69/><G81/><T38/><D54/><U51/><E75/><V114/><F114/><W8/><G23/><T24/><D6/><U107/><E1/><V35/><F35/><W71/><G71/><T26/><D92/><N who="1" m="56335" /><E9/><N who="2" m="3083" /><F2/><W109/><G109/><T32/><D26/><N who="1" m="16719" /><E107/><V119/><F119/><W135/><G135/><T93/><D93/><U68/><E68/><V49/><F77/><AGARI ba="0,0" hai="16,19,41,45,51,77,80,87" m="16719,56335" machi="77" ten="30,7700,0" yaku="8,1,52,2,54,1" doraHai="13" who="1" fromWho="2" sc="185,0,270,77,211,-77,334,0" /><INIT seed="4,0,0,0,2,123" ten="185,347,134,334" oya="0" hai0="54,130,115,55,23,33,84,109,74,30,67,11,131" hai1="103,80,28,112,132,35,68,0,100,104,126,59,88" hai2="134,48,43,41,37,93,36,127,85,8,86,75,56" hai3="107,118,119,15,98,34,13,12,7,97,94,73,45"/><T63/><D74/><U121/><E68/><V31/><F75/><W77/><G34/><T110/><D115/><U105/><E0/><V71/><F8/><W61/><G107/><T18/><D11/><U83/><E59/><V47/><F31/><W10/><G98/><T46/><D84/><U96/><E28/><V6/><F6/><W72/><G61/><T66/><D30/><U62/><E62/><V65/><F93/><W29/><G29/><T20/><D33/><U113/><E35/><V82/><F82/><N who="1" m="31273" /><E121/><V89/><F89/><W2/><G77/><T129/><D46/><U42/><E42/><N who="2" m="24695" /><F85/><W120/><G120/><T99/><D99/><N who="1" m="61471" /><E126/><V58/><F86/><W90/><G73/><T106/><D106/><U4/><E4/><V40/><F127/><W16/><G72/><T21/><D18/><U92/><E132/><V3/><F134/><W70/><G90/><T39/><D39/><N who="2" m="14922" /><F3/><W27/><G27/><T79/><D79/><U64/><E64/><N who="0" m="24617" /><D63/><AGARI ba="0,0" hai="40,41,43,56,58,63,65,71" m="14922,24695" machi="63" ten="30,8000,1" yaku="35,5" doraHai="123" who="2" fromWho="0" sc="185,-80,347,0,134,80,334,0" /><INIT seed="5,0,0,4,1,104" ten="105,347,214,334" oya="1" hai0="123,29,86,95,55,68,126,73,64,17,51,97,87" hai1="0,133,98,91,14,54,30,124,93,47,37,103,119" hai2="35,61,78,41,38,32,121,89,8,92,117,82,58" hai3="52,27,33,2,109,40,6,1,120,75,16,13,42"/><U113/><E0/><V105/><F105/><W132/><G109/><T127/><D123/><U19/><E119/><V129/><F117/><W111/><G111/><T24/><D17/><U45/><E113/><V94/><F121/><W102/><G120/><T25/><D64/><U34/><E124/><V83/><F8/><W20/><G102/><T7/><D68/><U112/><E133/><V116/><F116/><W4/><G75/><T60/><D60/><U62/><E112/><V26/><F26/><W70/><G70/><T101/><D7/><U108/><E37/><V106/><F106/><W44/><G4/><T39/><D39/><U48/><E62/><V81/><F94/><W88/><G88/><T128/><D128/><U36/><E30/><V110/><F110/><W46/><G132/><T65/><D65/><U122/><E34/><V107/><F107/><W57/><G42/><T80/><D73/><U77/><E77/><V71/><F78/><W85/><G40/><T66/><D66/><U50/><E36/><V74/><F74/><W15/><G15/><T115/><D115/><U11/><E122/><V125/><F71/><W72/><G72/><T99/><D99/><U84/><E108/><V59/><F125/><N who="0" m="47626" /><D29/><U21/><E11/><V118/><F129/><W22/><G2/><T23/><D23/><U49/><REACH who="1" step="1"/><E47/><REACH who="1" ten="105,337,214,334" step="2"/><N who="2" m="23991" /><F118/><W56/><G46/><N who="0" m="28151" /><D87/><U69/><E69/><V76/><F32/><W31/><G85/><T96/><D96/><U90/><E90/><AGARI ba="0,1" hai="24,25,80,86,90,95,97,101" m="28151,47626" machi="90" ten="30,1000,0" yaku="18,1" doraHai="104" who="0" fromWho="1" sc="105,20,337,-10,214,0,334,0" /><INIT seed="6,0,0,4,3,19" ten="125,327,214,334" oya="2" hai0="109,70,38,33,30,36,3,127,52,59,55,85,86" hai1="98,79,11,16,134,53,45,61,112,21,120,92,106" hai2="57,18,122,83,77,116,56,39,96,6,72,37,131" hai3="51,34,4,132,64,23,113,135,12,24,67,90,71"/><V41/><F122/><W32/><G113/><T129/><D109/><U40/><E106/><V48/><F116/><W123/><G123/><T49/><D129/><U105/><E105/><V14/><F131/><W84/><G51/><T15/><D127/><U43/><E134/><N who="3" m="51242" /><G71/><T13/><D3/><U107/><E107/><V63/><F6/><W125/><G125/><T108/><D108/><U110/><E110/><V119/><F96/><W121/><G12/><T102/><D70/><U47/><E79/><V35/><F35/><N who="3" m="13355" /><G4/><T73/><D73/><U60/><E11/><V62/><F119/><W80/><G121/><T97/><D38/><U50/><E112/><V82/><F82/><W17/><AGARI ba="0,0" hai="17,23,24,64,67,80,84,90" m="13355,51242" machi="17" ten="30,2000,0" yaku="20,1,52,1" doraHai="19" who="3" fromWho="3" sc="125,-5,327,-5,214,-10,334,20" /><INIT seed="7,0,0,3,3,64" ten="120,322,204,354" oya="3" hai0="114,91,80,116,38,10,65,18,123,27,45,131,0" hai1="37,105,121,26,44,108,96,117,33,58,19,7,76" hai2="21,99,119,118,13,46,42,66,49,63,88,29,59" hai3="98,68,92,22,9,56,60,103,97,5,74,126,50"/><W31/><G74/><T17/><D131/><U133/><E108/><V100/><F88/><W132/><G132/><T73/><D123/><U83/><E121/><V16/><REACH who="2" step="1"/><F29/><REACH who="2" ten="120,322,194,354" step="2"/><W109/><G31/><T129/><D116/><U95/><E117/><V67/><F67/><W130/><G109/><T25/><D129/><U39/><E133/><V32/><F32/><W81/><G130/><T124/><D114/><U40/><E33/><V52/><F52/><W84/><G103/><T85/><D124/><U4/><E40/><V71/><F71/><W3/><G68/><T110/><D110/><U86/><E96/><V69/><F69/><W70/><G70/><T122/><D122/><U106/><E83/><V43/><F43/><W12/><G98/><T120/><D120/><U94/><E76/><V89/><F89/><W23/><G81/><T30/><D73/><U36/><E36/><V15/><F15/><W8/><G97/><T115/><D115/><U51/><E39/><V34/><F34/><W111/><G12/><T35/><D38/><U128/><E37/><V79/><F79/><W62/><G126/><T61/><D27/><U24/><E24/><V28/><F28/><W127/><G127/><T54/><D65/><U135/><E26/><V6/><F6/><W87/><G5/><T2/><D61/><U112/><E7/><V134/><F134/><W20/><G62/><T47/><D54/><U41/><E4/><V14/><F14/><W75/><G60/><T78/><D91/><U48/><E135/><V107/><AGARI ba="0,1" hai="13,16,21,42,46,49,59,63,66,99,100,107,118,119" machi="107" ten="20,8000,1" yaku="1,1,0,1,7,1,54,1,53,1" doraHai="64" doraHaiUra="55" who="2" fromWho="2" sc="120,-20,322,-20,194,90,354,-40" owari="100,-40.0,302,10.0,284,-12.0,314,42.0" /></mjloggm>