<mjloggm ver="2.3"><GO type="169" lobby="0"/><UN n0="%E5%B0%B1%E6%B4%BB%E7%94%9F%40%E5%B7%9D%E6%9D%91%E8%BB%8D%E5%9B%A3" n1="%E3%81%8F%E3%81%85%E3%81%A1%E3%82%83%E3%82%93%EF%BC%A0%50%45" n2="%6D%75%6B%69%74%74%69" n3="%68%65%61%6C%74%68%79%37" dan="18,16,17,18" rate="2263.71,2063.58,2144.59,2185.73" sx="M,M,M,M"/><TAIKYOKU oya="0"/><INIT seed="0,0,0,3,2,127" ten="250,250,250,250" oya="0" hai0="23,108,2,128,119,95,4,37,109,79,99,102,31" hai1="44,126,65,62,106,46,120,50,27,61,111,40,56" hai2="8,101,47,64,41,9,10,77,131,134,54,90,21" hai3="92,28,113,133,112,85,107,75,71,116,22,86,49"/><T104/><D119/><U100/><E100/><V7/><F134/><W55/><G71/><T114/><D114/><U32/><E106/><V19/><F64/><W59/><G116/><T125/><D37/><N who="1" m="21519" /><E27/><V122/><F122/><W30/><G133/><T6/><D125/><U45/><E32/><V94/><F101/><W88/><G107/><T39/><D39/><U63/><E126/><V52/><F77/><W60/><G75/><T58/><D79/><U72/><E72/><V33/><F33/><W118/><G118/><T82/><D82/><U121/><E111/><N who="0" m="42569" /><D104/><U96/><E96/><V67/><F67/><W25/><G30/><T80/><D80/><U81/><E81/><V0/><F0/><W130/><G113/><T68/><D68/><U1/><E1/><V97/><F7/><N who="0" m="2602" /><D2/><U123/><E46/><V17/><F131/><W18/><G130/><T66/><D128/><U11/><E11/><V129/><F129/><W42/><G112/><T48/><D23/><U132/><E132/><V89/><F89/><W53/><G42/><AGARI ba="0,0" hai="42,45,50,56,61,62,63,65,120,121,123" m="21519" machi="42" ten="30,2000,0" yaku="34,2" doraHai="127" who="1" fromWho="3" sc="250,0,250,20,250,0,250,-20" /><INIT seed="1,0,0,2,0,73" ten="250,270,250,230" oya="1" hai0="28,26,77,98,89,78,65,125,27,20,97,16,57" hai1="2,102,31,44,60,18,111,42,39,14,7,132,36" hai2="113,129,53,43,80,108,83,87,9,55,75,3,50" hai3="124,11,61,19,74,135,92,24,69,4,130,118,48"/><U71/><E132/><V38/><F108/><W91/><G135/><T40/><D125/><U51/><E31/><V133/><F133/><W67/><G124/><T121/><D121/><U21/><E102/><V123/><F123/><W99/><G130/><T35/><D40/><U119/><E119/><V109/><F109/><W128/><G128/><T64/><D65/><U47/><E111/><V110/><F110/><W93/><G74/><T33/><D33/><U82/><E82/><V37/><F129/><W30/><G118/><T126/><D126/><U95/><E95/><V116/><F116/><W127/><G127/><T94/><REACH who="0" step="1"/><D97/><REACH who="0" ten="240,270,250,230" step="2"/><U23/><E39/><V117/><F38/><W13/><G99/><T8/><D8/><U112/><E112/><V76/><F37/><W70/><G11/><T134/><D134/><U106/><E106/><V90/><F113/><W131/><G67/><T66/><D66/><U122/><E122/><V54/><F117/><W84/><G131/><T96/><D96/><U88/><E88/><V120/><F120/><W100/><G91/><T32/><D32/><U85/><E85/><V103/><F43/><W59/><G84/><T81/><D81/><U15/><E23/><V0/><F83/><W22/><G22/><T105/><D105/><U58/><E71/><V101/><F9/><W5/><G70/><T79/><D79/><U115/><E115/><V29/><F76/><W72/><G69/><T62/><AGARI ba="0,1" hai="16,20,26,27,28,35,57,62,64,77,78,89,94,98" machi="62" ten="30,12000,2" yaku="1,1,0,1,52,2,54,1,53,1" doraHai="73" doraHaiUra="25" who="0" fromWho="0" sc="240,130,270,-60,250,-30,230,-30" /><INIT seed="2,0,0,1,4,114" ten="370,210,220,200" oya="2" hai0="27,61,20,56,111,3,1,36,50,122,84,104,82" hai1="64,79,124,121,23,87,19,123,60,7,31,110,41" hai2="2,43,81,125,25,74,115,93,101,38,80,70,102" hai3="96,62,17,53,76,99,42,107,14,133,71,116,52"/><V37/><F115/><W55/><G133/><T34/><D36/><U28/><E110/><V77/><F70/><W95/><G116/><T103/><D34/><U40/><E7/><V59/><F2/><W16/><G107/><T100/><D122/><N who="1" m="46603" /><E124/><V89/><F125/><W72/><G42/><N who="1" m="16490" /><E87/><V85/><F59/><W21/><G76/><T65/><D104/><U13/><E79/><V130/><F130/><W11/><G72/><T75/><D75/><U47/><E47/><V39/><F43/><W0/><G0/><T97/><D50/><U86/><E86/><V94/><REACH who="2" step="1"/><F25/><REACH who="2" ten="370,210,210,200" step="2"/><N who="3" m="14503" /><G71/><AGARI ba="0,1" hai="13,19,23,28,31,60,64,71" m="16490,46603" machi="71" ten="30,1000,0" yaku="13,1" doraHai="114" who="1" fromWho="3" sc="370,0,210,20,210,0,200,-10" /><INIT seed="3,0,0,1,5,118" ten="370,230,210,190" oya="3" hai0="16,106,30,125,62,66,46,126,48,79,27,70,24" hai1="116,25,133,77,7,60,129,131,124,4,68,51,75" hai2="20,13,108,67,134,83,123,113,97,31,47,132,40" hai3="45,9,73,43,36,98,33,69,104,26,35,93,86"/><W56/><G73/><T12/><D106/><U119/><E77/><V95/><F113/><W53/><G69/><T82/><D79/><U107/><E107/><V78/><F67/><W14/><G104/><T32/><D27/><U28/><E75/><N who="2" m="43487" /><F108/><W71/><G86/><T120/><D82/><U29/><E51/><N who="2" m="27111" /><F31/><N who="1" m="11849" /><E25/><V115/><F115/><W42/><G42/><T58/><D70/><U8/><E60/><V64/><F64/><W88/><G26/><T41/><REACH who="0" step="1"/><D120/><REACH who="0" ten="360,230,210,190" step="2"/><U87/><E68/><V44/><F123/><W18/><REACH who="3" step="1"/><G71/><REACH who="3" ten="360,230,210,180" step="2"/><T114/><D114/><U135/><E87/><V84/><F84/><W117/><G117/><N who="1" m="45130" /><E124/><V59/><F134/><N who="1" m="51209" /><E8/><AGARI ba="0,2" hai="8,12,16,24,30,32,41,46,48,58,62,66,125,126" machi="8" ten="40,2600,0" yaku="1,1,54,1,53,0" doraHai="118" doraHaiUra="130" who="0" fromWho="1" sc="360,46,230,-26,210,0,180,0" /><INIT seed="4,0,0,2,0,82" ten="406,204,210,180" oya="0" hai0="5,81,58,54,116,53,103,4,88,125,44,67,77" hai1="106,43,92,1,135,71,46,97,73,117,72,70,9" hai2="127,32,14,119,104,74,19,115,34,16,25,66,87" hai3="8,69,48,41,17,29,62,13,10,130,110,118,95"/><T78/><D116/><U98/><E117/><V42/><F119/><W90/><G110/><T28/><D125/><U47/><E135/><V49/><F74/><W131/><G29/><T109/><D103/><U12/><E1/><V52/><F104/><W128/><G118/><T63/><D28/><U15/><E106/><V60/><F42/><W11/><G69/><T56/><D44/><U85/><E92/><V105/><F105/><W99/><REACH who="3" step="1"/><G62/><REACH who="3" ten="406,204,210,170" step="2"/><N who="0" m="36111" /><D109/><U83/><E9/><V108/><F108/><W2/><G2/><T37/><D37/><U113/><E83/><V21/><F127/><W7/><G7/><T86/><D67/><U122/><E43/><V79/><F66/><W121/><G121/><T123/><D123/><U65/><E122/><V96/><F60/><W107/><G107/><T101/><D101/><U26/><E65/><V68/><F68/><W100/><G100/><T30/><D30/><U102/><E102/><V94/><F115/><W75/><G75/><T27/><D5/><U124/><E124/><V40/><F19/><W36/><G36/><T134/><D4/><U55/><E55/><V20/><F52/><W39/><G39/><T132/><D132/><U24/><REACH who="1" step="1"/><E113/><REACH who="1" ten="406,194,210,170" step="2"/><V59/><F40/><W84/><G84/><AGARI ba="0,2" hai="12,15,24,26,46,47,70,71,72,73,84,85,97,98" machi="84" ten="25,16000,3" yaku="1,1,2,1,22,2,52,2,53,2" doraHai="82" doraHaiUra="80" who="1" fromWho="3" sc="406,0,194,180,210,0,170,-160" /><INIT seed="5,0,0,5,1,18" ten="406,374,210,10" oya="1" hai0="126,119,7,60,6,90,110,44,120,27,42,87,15" hai1="69,41,22,39,58,97,73,1,45,76,111,52,2" hai2="13,36,26,10,11,19,37,14,122,48,94,24,98" hai3="4,68,85,28,53,128,55,132,34,133,107,77,109"/><U67/><E111/><V102/><F122/><W82/><G109/><T5/><D110/><U63/><E97/><V35/><F48/><W112/><G107/><T89/><D120/><U31/><E76/><V51/><F51/><W0/><G68/><T3/><D3/><U79/><E79/><V117/><F117/><W72/><G112/><T17/><D119/><U40/><E40/><V113/><F113/><W134/><G128/><T70/><D126/><U23/><E73/><V127/><F127/><W88/><G0/><N who="1" m="106" /><E31/><V65/><F65/><W62/><G4/><T84/><D70/><U108/><E108/><V81/><F81/><W47/><G47/><T57/><D27/><U115/><E115/><V12/><F12/><W32/><G62/><T129/><D129/><U75/><E75/><V123/><F123/><W116/><G116/><T54/><D44/><U92/><E92/><V20/><F35/><N who="3" m="13355" /><G28/><T64/><D42/><U9/><E9/><V100/><F100/><W49/><G49/><AGARI ba="0,0" hai="22,23,39,41,45,49,52,58,63,67,69" m="106" machi="49" ten="30,11600,0" yaku="24,1,52,2,54,1" doraHai="18" who="1" fromWho="3" sc="406,0,374,116,210,0,10,-116" owari="406,21.0,490,59.0,210,-19.0,-106,-61.0" /></mjloggm>