<mjloggm ver="2.3"><GO type="169" lobby="0"/><UN n0="%6F%6E%65%73%74%61%72" n1="%E3%83%88%E3%83%88%E3%83%AA%E5%85%88%E7%94%9F%31%39%E6%AD%B3" n2="%67%61%72%75%63%69%61" n3="%53%61%62%75%52%75%6E" dan="17,18,16,16" rate="2179.07,2222.23,2160.34,2028.19" sx="M,F,M,M"/><TAIKYOKU oya="0"/><INIT seed="0,0,0,0,2,67" ten="250,250,250,250" oya="0" hai0="0,74,16,37,19,60,102,30,66,127,53,20,94" hai1="32,96,73,39,28,108,103,2,76,101,31,58,12" hai2="55,62,17,92,69,49,95,113,26,117,10,21,9" hai3="128,1,65,121,100,44,42,27,88,14,22,114,110"/><T72/><D37/><U47/><E2/><V126/><F113/><W106/><G1/><T40/><D0/><U59/><E108/><V5/><F126/><W118/><G114/><T123/><D40/><U99/><E73/><V104/><F104/><W116/><G110/><T18/><D123/><U107/><E76/><V35/><F35/><W87/><G128/><T79/><D79/><U97/><E39/><V132/><F132/><W125/><G125/><T54/><D127/><U98/><E47/><V111/><F111/><W68/><G14/><T120/><D120/><U133/><E133/><V50/><F117/><W43/><G100/><T83/><D83/><U135/><E135/><V24/><F24/><W71/><G106/><T112/><D72/><U15/><E99/><V7/><F49/><W130/><G130/><T56/><D74/><U129/><E129/><V93/><F62/><W3/><G3/><T82/><D82/><U84/><E84/><V70/><F10/><W124/><G65/><T105/><D105/><U115/><E115/><V119/><F119/><N who="3" m="45611" /><G124/><T8/><D8/><U90/><E90/><V52/><F5/><W109/><G109/><T29/><D112/><U64/><E107/><V4/><F4/><W80/><G121/><T134/><D134/><U38/><E38/><V86/><F86/><W46/><G46/><T81/><D81/><U11/><E11/><V63/><F9/><W48/><G43/><T36/><D36/><U45/><E101/><V89/><F7/><W51/><G51/><T85/><D102/><U75/><E103/><V77/><F50/><RYUUKYOKU ba="0,0" sc="250,-10,250,-10,250,-10,250,30" hai3="22,27,42,44,48,68,71,80,87,88" /><INIT seed="1,1,0,5,3,84" ten="240,240,240,280" oya="1" hai0="123,102,118,134,40,20,44,132,80,22,87,11,18" hai1="15,1,28,68,110,67,89,14,133,53,54,7,64" hai2="52,94,4,72,2,48,91,60,56,130,114,12,86" hai3="63,111,0,85,77,83,8,10,119,49,42,69,29"/><U71/><E28/><V51/><F2/><W41/><G111/><T21/><D123/><U55/><E1/><V129/><F72/><W13/><G119/><T79/><D118/><U92/><E133/><N who="0" m="51305" /><D102/><U3/><E3/><V26/><F114/><W112/><G29/><T73/><D11/><U101/><E101/><V57/><F26/><W46/><G112/><T109/><D73/><U97/><E110/><V82/><F57/><W115/><G115/><T126/><D126/><U16/><E7/><V61/><F48/><W128/><G41/><T74/><D74/><U107/><E107/><V104/><F104/><W108/><G128/><N who="2" m="49257" /><F82/><W116/><G116/><T38/><D109/><U34/><E34/><V113/><F113/><W47/><G47/><T59/><D59/><U124/><E124/><V127/><F127/><W99/><G69/><T50/><D38/><U121/><E121/><V5/><F5/><W78/><G0/><T120/><D120/><U70/><REACH who="1" step="1"/><E15/><AGARI ba="1,0" hai="15,18,20,21,22,40,44,50,79,80,87" m="51305" machi="15" ten="30,1000,0" yaku="20,1" doraHai="84" who="0" fromWho="1" sc="240,13,240,-13,240,0,280,0" /><INIT seed="2,0,0,2,3,13" ten="253,227,240,280" oya="2" hai0="116,111,95,18,133,130,16,38,132,54,30,94,109" hai1="66,108,135,56,112,27,17,81,80,50,88,53,42" hai2="35,92,85,122,4,73,76,34,26,46,10,96,89" hai3="123,101,31,127,121,15,100,7,69,87,0,52,14"/><V60/><F122/><W110/><G69/><T113/><D130/><U37/><E112/><V99/><F60/><W58/><G0/><T90/><D38/><U1/><E1/><V118/><F118/><W67/><G67/><T84/><D113/><U51/><E108/><N who="0" m="41545" /><D116/><U83/><E135/><N who="0" m="51785" /><D30/><U2/><E2/><V33/><F46/><W49/><G127/><T91/><D54/><N who="1" m="31831" /><E66/><V23/><F73/><W82/><G31/><T77/><D77/><U20/><E42/><V126/><F126/><W44/><G110/><T93/><D94/><U9/><E9/><V64/><F64/><W6/><G121/><T12/><D12/><U41/><E41/><V131/><F131/><W63/><G15/><T119/><D119/><U68/><E68/><V103/><F76/><N who="3" m="46535" /><G14/><T48/><D48/><U102/><E102/><N who="3" m="39530" /><G123/><T28/><D28/><U98/><E37/><V106/><F4/><W40/><AGARI ba="0,0" hai="6,7,40,44,49,52,58,63" m="39530,46535" machi="40" ten="30,2000,0" yaku="8,1,54,1" doraHai="13" who="3" fromWho="3" sc="253,-5,227,-5,240,-10,280,20" /><INIT seed="3,0,0,0,5,134" ten="248,222,230,300" oya="3" hai0="87,77,62,103,90,57,93,64,7,56,107,113,80" hai1="45,14,88,86,63,102,91,114,83,82,31,9,35" hai2="68,1,36,12,40,76,130,20,17,19,85,42,123" hai3="51,133,11,53,25,55,73,119,4,118,58,120,117"/><W24/><G73/><T135/><D113/><U98/><E114/><V41/><F68/><W33/><G120/><T15/><D135/><U94/><E35/><V69/><F1/><W124/><G133/><T18/><D7/><U0/><E0/><V105/><F123/><W37/><G37/><T54/><D107/><U26/><E63/><V38/><F105/><W47/><G33/><T129/><D103/><U50/><E26/><V32/><F69/><W46/><G124/><T23/><D129/><U78/><E83/><V66/><F66/><W60/><REACH who="3" step="1"/><G47/><REACH who="3" ten="248,222,230,290" step="2"/><T108/><D108/><U92/><E31/><V101/><F32/><W30/><G30/><T27/><D27/><U84/><E84/><V95/><F130/><W65/><G65/><T52/><REACH who="0" step="1"/><D57/><REACH who="0" ten="238,222,230,290" step="2"/><U44/><E44/><V125/><F125/><W100/><G100/><T122/><D122/><U49/><E45/><V132/><F132/><W74/><G74/><AGARI ba="0,2" hai="15,18,23,52,54,56,62,64,74,77,80,87,90,93" machi="74" ten="30,3900,0" yaku="1,1,7,1,54,1,53,0" doraHai="134" doraHaiUra="121" who="0" fromWho="3" sc="238,59,222,0,230,0,290,-39" /><INIT seed="4,0,0,4,2,121" ten="297,222,230,251" oya="0" hai0="51,87,128,116,106,118,25,34,126,98,89,81,68" hai1="104,57,64,97,94,67,48,54,35,47,82,84,86" hai2="79,58,83,110,73,111,135,78,30,17,36,65,102" hai3="95,76,12,43,62,60,0,39,66,61,63,131,80"/><T105/><D68/><U49/><E104/><N who="0" m="40041" /><D51/><U19/><E35/><V127/><F36/><W42/><G131/><T20/><D34/><U1/><E1/><V2/><F102/><W88/><G0/><T117/><D25/><U71/><E71/><V120/><F120/><W13/><G76/><N who="0" m="46503" /><D20/><U75/><E75/><V22/><F79/><W122/><G80/><T41/><D41/><U115/><E115/><V109/><F2/><W15/><G122/><T70/><D70/><U93/><E19/><V96/><F96/><N who="3" m="57447" /><G39/><T134/><D128/><U59/><E82/><V32/><F32/><W28/><G28/><T4/><D4/><U130/><E97/><V3/><F3/><W132/><G132/><T101/><D134/><U108/><E130/><V56/><F135/><W119/><G119/><T55/><D55/><U50/><E50/><V29/><F127/><W74/><G74/><T123/><D123/><U11/><E54/><V125/><F125/><W46/><G46/><T21/><D21/><U99/><E99/><V124/><F124/><W91/><N who="3" m="15360" /><DORA hai="37" /><W33/><G66/><T5/><D126/><U16/><E47/><V129/><F129/><W10/><G10/><T92/><D5/><U7/><E7/><V107/><F107/><W38/><G38/><T52/><D52/><U18/><E11/><V112/><F65/><W133/><G133/><T23/><D23/><U77/><E77/><V24/><REACH who="2" step="1"/><F112/><REACH who="2" ten="297,222,220,251" step="2"/><W40/><G33/><T9/><D101/><U14/><E14/><V31/><AGARI ba="0,1" hai="17,22,24,29,30,31,56,58,73,78,83,109,110,111" machi="31" ten="40,16000,3" yaku="1,1,2,1,0,1,52,3,53,2" doraHai="121,37" doraHaiUra="85,53" who="2" fromWho="2" sc="297,-80,222,-40,220,170,251,-40" /><INIT seed="5,0,0,2,0,11" ten="217,182,390,211" oya="1" hai0="65,95,106,111,91,48,103,69,102,25,10,118,85" hai1="99,62,89,38,54,51,105,44,93,24,100,64,90" hai2="126,128,35,14,71,45,110,117,130,119,8,76,120" hai3="55,29,109,20,5,73,133,56,132,124,80,47,72"/><U1/><E1/><V31/><F71/><W26/><G109/><T52/><D118/><N who="2" m="45066" /><F45/><W70/><G124/><T66/><D111/><U27/><E38/><V12/><F110/><W58/><G70/><T127/><D127/><U68/><REACH who="1" step="1"/><E90/><REACH who="1" ten="217,172,390,211" step="2"/><V81/><F126/><W78/><G132/><T86/><D91/><U36/><E36/><V4/><F120/><W122/><G133/><T104/><D103/><U59/><E59/><V82/><F76/><W34/><G122/><T135/><D102/><U84/><AGARI ba="0,1" hai="24,27,44,51,54,62,64,68,84,89,93,99,100,105" machi="84" ten="20,7800,0" yaku="1,1,0,1,7,1,53,1" doraHai="11" doraHaiUra="50" who="1" fromWho="1" sc="217,-26,172,88,390,-26,211,-26" /><INIT seed="5,1,0,5,0,45" ten="191,260,364,185" oya="1" hai0="10,21,53,103,102,74,128,41,64,109,135,44,36" hai1="99,52,31,134,119,79,43,88,98,30,62,39,95" hai2="22,117,65,25,69,127,46,29,61,32,16,77,60" hai3="76,18,40,3,112,13,26,70,48,17,35,129,56"/><U2/><E119/><V72/><F117/><W8/><G112/><T49/><D109/><U20/><E2/><V113/><F113/><W85/><G70/><T105/><D135/><U27/><E134/><V83/><F127/><W110/><G110/><T5/><D128/><U66/><E79/><V106/><F61/><W55/><G129/><T90/><D74/><U96/><E43/><V91/><F106/><W28/><G3/><T130/><D130/><U121/><E39/><V12/><F46/><W94/><G40/><T84/><D21/><U97/><E121/><V50/><REACH who="2" step="1"/><F91/><REACH who="2" ten="191,260,354,185" step="2"/><W107/><G107/><T1/><D105/><U104/><E104/><V24/><F24/><W38/><G38/><T89/><D64/><U58/><E31/><V132/><F132/><W116/><G116/><T51/><D90/><U81/><E81/><V125/><F125/><W14/><G28/><T100/><REACH who="0" step="1"/><D53/><AGARI ba="1,1" hai="20,27,30,52,53,58,62,66,88,95,96,97,98,99" machi="53" ten="40,7700,0" yaku="8,1,54,2" doraHai="45" who="1" fromWho="0" sc="191,-80,260,90,354,0,185,0" /><INIT seed="5,2,0,3,1,92" ten="111,350,354,185" oya="1" hai0="133,3,113,9,73,0,52,89,39,28,51,83,98" hai1="118,103,77,80,66,23,62,24,90,76,13,87,127" hai2="30,70,97,34,20,130,50,101,29,115,117,61,88" hai3="27,81,33,132,109,91,84,14,125,106,59,102,41"/><U55/><E118/><V21/><F117/><W8/><G109/><T1/><D39/><U116/><E116/><V57/><F88/><W10/><G132/><T104/><D133/><U58/><E127/><V85/><F85/><W42/><G125/><T119/><D113/><U124/><E124/><V107/><F130/><W69/><G69/><T134/><D134/><U53/><E13/><V75/><F75/><W43/><G59/><T36/><D36/><U48/><E103/><V108/><F108/><W16/><G8/><T120/><D119/><U74/><E74/><V96/><F96/><W17/><G33/><T94/><D120/><U18/><REACH who="1" step="1"/><E53/><REACH who="1" ten="111,340,354,185" step="2"/><V49/><F115/><W105/><G102/><T79/><D104/><U11/><E11/><V93/><F107/><W37/><G37/><T86/><D28/><U7/><E7/><V99/><F30/><W68/><G105/><T44/><REACH who="0" step="1"/><D9/><REACH who="0" ten="101,340,354,185" step="2"/><U12/><E12/><V40/><F29/><W112/><G106/><T72/><AGARI ba="2,2" hai="0,1,3,44,51,52,72,73,79,83,86,89,94,98" machi="72" ten="40,8000,1" yaku="1,1,2,1,0,1,52,1,54,1,53,0" doraHai="92" doraHaiUra="5" who="0" fromWho="0" sc="101,106,340,-42,354,-22,185,-22" /><INIT seed="6,0,0,0,0,118" ten="207,298,332,163" oya="2" hai0="23,84,14,16,132,130,93,135,79,72,33,67,20" hai1="6,40,114,97,70,30,2,5,126,128,105,47,13" hai2="52,26,131,111,27,104,17,99,86,45,75,18,125" hai3="119,43,129,122,78,25,11,19,8,66,15,42,28"/><V36/><F75/><W3/><G119/><T29/><D130/><U10/><E70/><V133/><F131/><W76/><G129/><T96/><D72/><U41/><E128/><V83/><F125/><W113/><G113/><T49/><D33/><U85/><E114/><V117/><F117/><W38/><G66/><T12/><D67/><U121/><E121/><V68/><F68/><W32/><G122/><T50/><D79/><U94/><E126/><V123/><F133/><N who="0" m="51274" /><D84/><U0/><E105/><V89/><F123/><W69/><G69/><T127/><D127/><U56/><E30/><V77/><F111/><W71/><G71/><T106/><D106/><U46/><E56/><V57/><F36/><W107/><G107/><T74/><D74/><U4/><E85/><N who="2" m="48367" /><F45/><N who="1" m="16905" /><E2/><V64/><F64/><W88/><G38/><T134/><N who="0" m="51282" /><T90/><DORA hai="101" /><D14/><U55/><E55/><V34/><F34/><W48/><G76/><T37/><D37/><U116/><E0/><V24/><F99/><W91/><G78/><T81/><D81/><U65/><E116/><V80/><F104/><W39/><G39/><T115/><D115/><U31/><E65/><V60/><AGARI ba="0,0" hai="17,18,24,26,27,52,57,60,80,86,89" m="48367" machi="60" ten="30,3000,0" yaku="8,1,54,1" doraHai="118,101" who="2" fromWho="2" sc="207,-10,298,-10,332,30,163,-10" /><INIT seed="6,1,0,3,3,35" ten="197,288,362,153" oya="2" hai0="29,76,95,36,54,119,7,81,10,131,49,84,24" hai1="20,67,18,68,117,125,53,101,90,73,15,69,78" hai2="109,58,74,115,46,88,86,118,52,70,112,102,59" hai3="92,8,128,129,31,0,61,97,72,71,120,103,96"/><V121/><F74/><W87/><G120/><T99/><D131/><U41/><E117/><V60/><F70/><W65/><G72/><T124/><D124/><U104/><E125/><V5/><F121/><W80/><G31/><T111/><D36/><U116/><E116/><V75/><F75/><W82/><G97/><T12/><D119/><U28/><E41/><V123/><F118/><W26/><G26/><T48/><D54/><U4/><E67/><V44/><F123/><W122/><G122/><T66/><D66/><U107/><E28/><V93/><F109/><W89/><REACH who="3" step="1"/><G82/><REACH who="3" ten="197,288,362,143" step="2"/><T64/><D111/><U114/><E73/><V33/><F33/><W25/><G25/><T51/><D64/><U42/><E104/><V63/><F102/><W108/><G108/><T19/><D29/><U130/><E101/><V77/><F77/><W91/><G91/><N who="0" m="55807" /><D24/><U17/><E90/><V40/><F115/><W39/><G39/><T47/><D19/><U55/><E114/><V37/><F112/><W3/><G3/><T45/><AGARI ba="1,1" hai="7,10,12,45,47,48,49,51,76,81,84" m="55807" machi="45" ten="30,1100,0" yaku="8,1" doraHai="35" who="0" fromWho="0" sc="197,24,288,-4,362,-6,143,-4" /><INIT seed="7,0,0,5,5,81" ten="221,284,356,139" oya="3" hai0="3,9,28,135,46,73,54,57,114,113,128,8,51" hai1="69,79,36,18,126,66,52,19,132,63,24,7,95" hai2="60,94,93,61,131,110,2,30,89,5,55,40,10" hai3="111,82,101,12,97,80,104,67,33,27,85,0,58"/><W125/><G125/><T76/><D135/><U119/><E36/><V47/><F110/><W45/><G0/><T44/><D128/><U130/><E130/><V49/><F131/><W103/><G111/><T90/><D28/><U53/><E132/><V78/><F78/><W17/><G103/><T133/><D133/><U91/><E126/><V15/><F2/><W29/><G45/><N who="0" m="17515" /><D3/><U106/><E106/><V42/><F30/><W26/><G26/><T65/><D65/><U107/><E107/><V35/><F35/><W48/><G48/><T34/><D34/><U38/><E38/><V121/><F121/><W13/><G82/><N who="0" m="45327" /><D90/><U129/><E129/><V134/><F134/><W127/><G127/><T102/><D102/><U72/><E119/><V70/><F70/><W77/><REACH who="3" step="1"/><G17/><REACH who="3" ten="221,284,356,129" step="2"/><T98/><D51/><U123/><E24/><V118/><F118/><W74/><G74/><T43/><D43/><N who="2" m="16426" /><F94/><W31/><G31/><T11/><D114/><U99/><E95/><V1/><F1/><W92/><G92/><T100/><D113/><U86/><E72/><V22/><F22/><W21/><G21/><T122/><D100/><U20/><E20/><V64/><F64/><W41/><G41/><T16/><D16/><U120/><E19/><V4/><F4/><W96/><G96/><AGARI ba="0,1" hai="5,10,15,47,49,55,60,61,89,93,96" m="16426" machi="96" ten="30,1000,0" yaku="8,1" doraHai="81" who="2" fromWho="3" sc="221,0,284,0,356,20,129,-10" owari="221,-18.0,284,8.0,376,48.0,119,-38.0" /></mjloggm>