<mjloggm ver="2.3"><GO type="169" lobby="0"/><UN n0="%E3%83%89%E3%83%BC%E3%83%AB%E3%83%9F%E3%83%BC" n1="%E3%83%94%E3%83%BC%E3%83%81%E3%83%BB%E3%83%9E%E3%82%AD" n2="%E3%83%97%E3%83%83%E3%82%B7%E3%83%A5%E6%8A%BC%E3%81%99%E5%83%A7" n3="%E5%B0%B1%E6%B4%BB%E7%94%9F%40%E5%B7%9D%E6%9D%91%E8%BB%8D%E5%9B%A3" dan="16,17,18,17" rate="2123.09,2101.03,2224.63,2214.30" sx="M,F,M,M"/><TAIKYOKU oya="0"/><INIT seed="0,0,0,1,1,31" ten="250,250,250,250" oya="0" hai0="19,90,103,2,82,8,40,1,12,10,133,116,22" hai1="45,84,30,117,32,52,135,68,66,58,25,110,64" hai2="127,36,86,67,124,130,47,11,98,102,123,72,100" hai3="118,6,104,61,24,56,37,20,41,43,120,27,129"/><T106/><D133/><U85/><E117/><V119/><F72/><W3/><G118/><T35/><D116/><U65/><E135/><V70/><F123/><W81/><G120/><T57/><D40/><U126/><E68/><V87/><F70/><W101/><G129/><T115/><D115/><U15/><E126/><N who="2" m="48171" /><F67/><W4/><G27/><T122/><D122/><U128/><E128/><V17/><F100/><W34/><G34/><T99/><D57/><U134/><E134/><V28/><F28/><W121/><G121/><T132/><D35/><U91/><E45/><V107/><F130/><W63/><G63/><T39/><D132/><U48/><E110/><V55/><F55/><W94/><G104/><T21/><D39/><U60/><E15/><N who="2" m="7423" /><F119/><W42/><G81/><T23/><REACH who="0" step="1"/><D10/><REACH who="0" ten="240,250,250,250" step="2"/><U108/><E108/><V13/><F36/><W74/><G37/><T88/><D88/><U76/><E91/><V62/><F47/><W93/><G43/><T97/><D97/><U73/><REACH who="1" step="1"/><E60/><REACH who="1" ten="240,240,250,250" step="2"/><V33/><F62/><W26/><G61/><T131/><D131/><U79/><E79/><V83/><F102/><W9/><G101/><T69/><D69/><U112/><E112/><V16/><F98/><W111/><G111/><T44/><D44/><U109/><E109/><V38/><F38/><W49/><G42/><T105/><D105/><U77/><E77/><V14/><F107/><W75/><G41/><T53/><D53/><U125/><E125/><V46/><F46/><W59/><G59/><T80/><D80/><AGARI ba="0,2" hai="25,30,32,48,52,58,64,65,66,73,76,80,84,85" machi="80" ten="40,5200,0" yaku="1,1,52,1,54,1,53,0" doraHai="31" doraHaiUra="113" who="1" fromWho="0" sc="240,-52,240,72,250,0,250,0" /><INIT seed="1,0,0,4,4,72" ten="188,312,250,250" oya="1" hai0="22,56,131,45,127,121,97,103,87,66,98,10,109" hai1="101,62,60,115,32,78,91,27,90,124,59,21,111" hai2="92,44,61,39,41,67,74,106,69,125,133,120,43" hai3="30,36,84,48,93,117,18,49,8,122,110,26,25"/><U104/><E32/><V5/><F92/><W119/><G36/><T52/><D10/><U65/><E115/><V114/><F120/><W128/><G122/><T6/><D121/><U100/><E124/><V9/><F43/><W73/><G73/><T54/><D127/><U129/><E129/><V81/><F125/><W37/><G37/><T51/><D131/><U70/><E111/><V77/><F133/><W4/><G128/><T113/><D6/><U105/><E78/><V130/><F130/><W88/><G110/><T63/><D113/><U68/><E59/><V132/><F132/><W20/><G4/><T123/><D109/><U95/><E101/><V1/><REACH who="2" step="1"/><F114/><REACH who="2" ten="188,312,240,250" step="2"/><W14/><REACH who="3" step="1"/><G25/><REACH who="3" ten="188,312,240,240" step="2"/><T34/><D123/><U96/><E27/><V53/><F53/><W0/><G0/><T126/><D52/><U2/><E2/><V86/><F86/><W38/><G38/><T35/><D87/><U50/><E96/><V55/><F55/><W19/><G19/><T112/><D97/><U29/><E65/><V15/><F15/><W107/><G107/><AGARI ba="0,2" hai="1,5,9,39,41,44,61,67,69,74,77,81,106,107" machi="107" ten="40,12000,2" yaku="1,1,25,2,33,3,52,1,53,0" doraHai="72" doraHaiUra="108" who="2" fromWho="3" sc="188,0,312,0,240,140,240,-120" /><INIT seed="2,0,0,4,0,85" ten="188,312,380,120" oya="2" hai0="86,40,72,23,64,30,45,107,110,68,60,93,89" hai1="132,55,121,80,71,38,91,21,105,127,92,52,81" hai2="49,62,36,11,69,123,56,35,74,83,14,25,128" hai3="27,95,3,94,101,125,65,33,79,114,133,12,82"/><V67/><F123/><W96/><G3/><T118/><D110/><U97/><E121/><V5/><F128/><W63/><G125/><T88/><D107/><U115/><E115/><V13/><F36/><W135/><G114/><T90/><D72/><U58/><E127/><V77/><F35/><W48/><G48/><T75/><D75/><U53/><E71/><V28/><F69/><W19/><G33/><T102/><D102/><U98/><E38/><V112/><F112/><W73/><G27/><T87/><D118/><U32/><E32/><V44/><F25/><W7/><G7/><T2/><D2/><U57/><E132/><V50/><F28/><W113/><G113/><T29/><D23/><U43/><E43/><V16/><REACH who="2" step="1"/><F44/><REACH who="2" ten="188,312,370,120" step="2"/><W4/><G133/><T51/><REACH who="0" step="1"/><D90/><REACH who="0" ten="178,312,370,120" step="2"/><U70/><E91/><V41/><F41/><W42/><G42/><T119/><D119/><U122/><E122/><V108/><F108/><W46/><G135/><T76/><D76/><U59/><E70/><V1/><F1/><W17/><G79/><T100/><D100/><U8/><E59/><V109/><F109/><W126/><G126/><T26/><D26/><U24/><E58/><V47/><F47/><W18/><G46/><T111/><D111/><U22/><E57/><V117/><F117/><W15/><G101/><T34/><D34/><U20/><E24/><V66/><F66/><W131/><G65/><T129/><D129/><U54/><E54/><V31/><F31/><W39/><G131/><T116/><D116/><U106/><E55/><V9/><AGARI ba="0,2" hai="5,9,11,13,14,16,49,50,56,62,67,74,77,83" machi="9" ten="20,7800,0" yaku="1,1,0,1,7,1,54,1,53,0" doraHai="85" doraHaiUra="37" who="2" fromWho="2" sc="178,-26,312,-26,370,98,120,-26" /><INIT seed="2,1,0,4,4,112" ten="152,286,468,94" oya="2" hai0="49,62,10,30,93,0,26,4,37,21,45,109,43" hai1="76,128,17,108,98,16,89,96,2,70,32,65,53" hai2="46,1,71,19,13,54,88,74,50,133,22,52,57" hai3="11,18,44,125,134,42,127,104,15,135,111,79,102"/><V28/><F71/><W73/><G104/><T75/><D109/><U113/><E113/><V106/><F133/><N who="3" m="50699" /><G102/><T130/><D130/><U56/><E2/><V121/><F121/><W90/><G90/><T115/><D115/><U110/><E76/><V12/><F106/><W7/><G79/><T101/><D75/><U83/><E32/><V80/><F1/><N who="3" m="495" /><G73/><T14/><D0/><U23/><E70/><V69/><F69/><W40/><G111/><T38/><REACH who="0" step="1"/><D62/><REACH who="0" ten="142,286,468,94" step="2"/><U85/><E110/><V47/><F74/><W118/><G118/><T34/><D34/><U59/><E108/><V103/><F103/><W116/><G116/><T122/><D122/><U29/><E128/><V119/><F119/><W67/><G67/><T3/><D3/><U60/><E65/><V31/><F46/><W86/><G86/><T41/><D41/><N who="3" m="15977" /><G44/><T58/><D58/><U9/><E59/><V5/><F57/><W48/><G48/><T97/><AGARI ba="1,1" hai="4,10,14,21,26,30,37,38,43,45,49,93,97,101" machi="97" ten="30,2000,0" yaku="1,1,0,1,53,0" doraHai="112" doraHaiUra="114" who="0" fromWho="0" sc="142,33,286,-6,468,-11,94,-6" /><INIT seed="3,0,0,5,1,13" ten="175,280,457,88" oya="3" hai0="70,88,62,44,113,97,86,134,22,65,31,135,20" hai1="3,19,130,28,75,53,127,68,106,116,34,129,48" hai2="82,23,71,118,95,133,89,96,110,21,66,35,123" hai3="15,50,72,51,80,24,115,73,18,119,94,63,43"/><W2/><G2/><T77/><D113/><U41/><E116/><V17/><F35/><W14/><G119/><T100/><D44/><U4/><E106/><V27/><F123/><W47/><G115/><T5/><D5/><U74/><E68/><V91/><F110/><W37/><G24/><T84/><D77/><U114/><E114/><V102/><F133/><N who="0" m="50698" /><D31/><U126/><E41/><V10/><F10/><W122/><G122/><T7/><D7/><U111/><E111/><V76/><F118/><W121/><G121/><T112/><D112/><U25/><E3/><V92/><F71/><W78/><G72/><T59/><D70/><U81/><E4/><V120/><F120/><W45/><G63/><T8/><D8/><U49/><E75/><V33/><F66/><W109/><G109/><T56/><D59/><U93/><E74/><V98/><F33/><W99/><G47/><T87/><D88/><U9/><E34/><V46/><F46/><W69/><G69/><T16/><D16/><U58/><E19/><V90/><F23/><W83/><G83/><T104/><AGARI ba="0,0" hai="20,22,56,62,65,84,86,87,97,100,104" m="50698" machi="104" ten="30,1100,0" yaku="20,1" doraHai="13" who="0" fromWho="0" sc="175,11,280,-3,457,-3,88,-5" /><INIT seed="4,0,0,0,0,28" ten="186,277,454,83" oya="0" hai0="12,50,39,113,58,59,75,15,14,110,123,116,68" hai1="62,42,111,73,82,134,37,51,2,120,69,29,74" hai2="90,83,57,5,17,31,70,101,89,32,104,102,54" hai3="77,87,56,24,67,72,79,16,84,3,96,118,11"/><T35/><D39/><U27/><E51/><V53/><F70/><W80/><G118/><T41/><D75/><U127/><E82/><V52/><F5/><W108/><G108/><T92/><D123/><U105/><E62/><V23/><F104/><W94/><G3/><T40/><D116/><U100/><E100/><N who="2" m="38507" /><F32/><W1/><G1/><T25/><D68/><U131/><E42/><V107/><F107/><W49/><G79/><T97/><D110/><U88/><E88/><N who="2" m="33899" /><F83/><W7/><G7/><T71/><D71/><U38/><E27/><N who="2" m="14831" /><F31/><W33/><G94/><T103/><D35/><U95/><E29/><V34/><F34/><W112/><G96/><T119/><D119/><U63/><E38/><V76/><F76/><W9/><G112/><T93/><D113/><U60/><E95/><V21/><F21/><W125/><G125/><T85/><D25/><U130/><E74/><V10/><F10/><W8/><G33/><T98/><D85/><U65/><E73/><V117/><F117/><W46/><G24/><T13/><D93/><U4/><E69/><V45/><F45/><W114/><G114/><T128/><D92/><U86/><E105/><V106/><F106/><W26/><G26/><T109/><D109/><U91/><E111/><V99/><F99/><W133/><G133/><T55/><D97/><U124/><E134/><V135/><F135/><W66/><G16/><T61/><D98/><U47/><E127/><V81/><F81/><W20/><G20/><T115/><N who="0" m="3072" /><DORA hai="121" /><T48/><D115/><U6/><E124/><V126/><F126/><W122/><G72/><RYUUKYOKU ba="0,0" sc="186,-10,277,-10,454,30,83,-10" hai2="52,53,54,57" /><INIT seed="5,1,0,4,5,0" ten="176,267,484,73" oya="1" hai0="99,117,8,97,129,50,109,65,53,52,120,108,45" hai1="30,122,118,48,26,114,101,110,107,72,41,33,47" hai2="78,49,96,112,106,83,11,5,130,32,46,134,67" hai3="92,79,13,80,37,125,128,34,105,19,95,104,36"/><U22/><E118/><V28/><F112/><W31/><G125/><T91/><D117/><U63/><E122/><V76/><F134/><W73/><G128/><T77/><D77/><U10/><E114/><V115/><F130/><W68/><G68/><T16/><D120/><U86/><E72/><V20/><F32/><W102/><G34/><T38/><D38/><U64/><E110/><V69/><F69/><W90/><G31/><T84/><D129/><U7/><E86/><V81/><F67/><W27/><G27/><T113/><D65/><U4/><E10/><V17/><F28/><W60/><G60/><T132/><D53/><U75/><E75/><V98/><F106/><W15/><G95/><T111/><D132/><U43/><E41/><V3/><F115/><W35/><G35/><T18/><D113/><U71/><E22/><V131/><F131/><W6/><G15/><N who="0" m="7271" /><D18/><U23/><E23/><V9/><F9/><W62/><G62/><T57/><D57/><U127/><E127/><V66/><F66/><W1/><G1/><T135/><D135/><U40/><E40/><V24/><F46/><W44/><G44/><T126/><D126/><U133/><E133/><V21/><F21/><N who="3" m="11503" /><G6/><T93/><D93/><U100/><E100/><V56/><F83/><W89/><G89/><T119/><D119/><U39/><E39/><N who="3" m="14922" /><G102/><T54/><D54/><U88/><E88/><V121/><F121/><W29/><G29/><T59/><D45/><U87/><E101/><V116/><F116/><W82/><G82/><N who="0" m="49559" /><D111/><U74/><E107/><N who="3" m="41034" /><G90/><T94/><D94/><U123/><E123/><RYUUKYOKU ba="1,0" sc="176,15,267,-15,484,-15,73,15" hai0="50,52,59,97,99,108,109" hai3="73,79,80,92" /><INIT seed="6,2,0,3,5,75" ten="191,252,469,88" oya="2" hai0="104,5,53,28,17,118,18,83,84,102,50,40,7" hai1="42,89,43,66,56,27,122,78,49,46,70,4,90" hai2="101,48,88,125,112,60,8,124,26,121,55,131,31" hai3="9,95,92,1,35,67,16,114,115,30,39,123,2"/><V106/><F121/><W130/><G39/><T103/><D40/><U69/><E4/><N who="0" m="1609" /><D28/><U132/><E27/><V29/><F8/><W25/><G67/><T109/><D109/><U37/><E89/><V20/><F112/><N who="3" m="43051" /><G123/><T119/><D17/><U33/><E90/><V77/><F60/><W108/><G108/><T80/><D18/><U3/><E3/><N who="3" m="1034" /><G130/><T74/><D74/><U111/><E66/><V15/><F15/><AGARI ba="2,0" hai="9,15,16,25,30,35,92,95" m="1034,43051" machi="15" ten="30,3900,0" yaku="15,1,11,1,54,1" doraHai="75" who="3" fromWho="2" sc="191,0,252,0,469,-45,88,45" /><INIT seed="7,0,0,4,2,86" ten="191,252,424,133" oya="3" hai0="79,14,75,130,88,73,67,80,61,57,102,10,33" hai1="40,89,72,48,97,59,81,134,64,121,107,8,129" hai2="15,28,39,27,82,42,76,50,119,101,37,106,46" hai3="87,41,92,112,49,100,43,94,95,91,19,83,31"/><W9/><G112/><T99/><D33/><U52/><E121/><V2/><F2/><W122/><G122/><T6/><D130/><U51/><E134/><V35/><F119/><W0/><G100/><T38/><D38/><U115/><E115/><V114/><F114/><W96/><G31/><T65/><D88/><U78/><E129/><V74/><F106/><W62/><G96/><T13/><D67/><U1/><E64/><V60/><F60/><W77/><G62/><T123/><D123/><U55/><E40/><N who="3" m="15434" /><G0/><T116/><D116/><U90/><E107/><V109/><F109/><W132/><G132/><T12/><D75/><U45/><E97/><V53/><F101/><W70/><G70/><T20/><D20/><U110/><E110/><V54/><F39/><W16/><G9/><T108/><D108/><U128/><E128/><V118/><F37/><W24/><G24/><T47/><D47/><U58/><E45/><V66/><F118/><W63/><G77/><T98/><D98/><U18/><E1/><V127/><F76/><W21/><G63/><T126/><D126/><U69/><E69/><V120/><F127/><W5/><G5/><T36/><D36/><U25/><E25/><V84/><F27/><N who="3" m="14759" /><G19/><T133/><D133/><U105/><E105/><AGARI ba="0,0" hai="6,10,12,13,14,57,61,65,73,79,80,99,102,105" machi="105" ten="30,1000,0" yaku="7,1" doraHai="86" who="0" fromWho="1" sc="191,10,252,-10,424,0,133,0" owari="201,-20.0,242,4.0,424,53.0,133,-37.0" /></mjloggm>