<mjloggm ver="2.3"><GO type="169" lobby="0"/><UN n0="%E3%82%A6%E3%83%AB%E3%83%88%E3%83%A9%E7%AB%8B%E7%9B%B4" n1="%6A%75%6D%70%2D%75%70" n2="%E3%83%9B%E3%83%BB%E3%82%B8%E3%83%A5%E3%83%B3" n3="%E3%82%BF%E3%82%AD%E3%83%88%E3%83%BC%E3%83%AB" dan="17,17,16,16" rate="2181.27,2192.88,2160.10,2133.05" sx="M,M,M,M"/><TAIKYOKU oya="0"/><INIT seed="0,0,0,4,4,9" ten="250,250,250,250" oya="0" hai0="108,95,75,67,99,60,130,92,123,54,28,88,128" hai1="18,135,102,118,64,42,115,13,32,43,62,66,116" hai2="12,117,89,41,132,11,10,6,103,93,55,30,65" hai3="78,44,7,17,126,59,79,25,24,52,119,5,111"/><T0/><BYE who="1" /><D0/><U39/><E39/><V82/><F132/><W38/><G111/><T110/><D75/><U131/><E131/><N who="0" m="50217" /><D123/><U94/><E94/><V69/><F117/><W50/><G119/><T40/><D40/><UN n1="%6A%75%6D%70%2D%75%70" /><U21/><E115/><V73/><F41/><N who="1" m="15369" /><E32/><V85/><F30/><W109/><G109/><N who="0" m="42091" /><D28/><U37/><E135/><V114/><F114/><W125/><G38/><T112/><D112/><U31/><E37/><V46/><F69/><W26/><G126/><T124/><D124/><U2/><E2/><V16/><F65/><N who="1" m="25193" /><E116/><V57/><F46/><W58/><G125/><T8/><D54/><U70/><E70/><V91/><F103/><W87/><G87/><T15/><D95/><U23/><E102/><V81/><F73/><W120/><G120/><T34/><D34/><U84/><E84/><V71/><F71/><W129/><G129/><T77/><D77/><U27/><E118/><V1/><REACH who="2" step="1"/><F91/><REACH who="2" ten="250,250,240,250" step="2"/><W127/><G127/><T96/><D88/><U133/><E133/><V56/><F56/><W98/><G58/><N who="0" m="37271" /><D92/><U122/><E122/><V86/><F86/><W104/><G79/><T83/><D83/><U90/><E90/><V22/><F22/><W36/><G78/><T20/><D20/><U101/><E101/><V74/><F74/><W63/><G36/><T72/><D72/><U113/><E113/><V106/><F106/><W100/><G104/><T105/><D105/><U19/><E31/><V49/><AGARI ba="0,1" hai="1,6,10,11,12,16,49,55,57,81,82,85,89,93" machi="49" ten="20,12000,2" yaku="1,1,0,1,7,1,52,1,54,1,53,1" doraHai="9" doraHaiUra="33" who="2" fromWho="2" sc="250,-60,250,-30,240,130,250,-30" /><INIT seed="1,0,0,3,4,106" ten="190,220,370,220" oya="1" hai0="63,88,51,6,10,15,50,102,3,126,22,30,53" hai1="107,21,14,119,52,77,72,1,71,103,65,120,36" hai2="104,122,37,109,42,31,28,132,121,94,83,68,78" hai3="54,43,48,11,87,24,110,23,7,39,85,115,32"/><U2/><E120/><V34/><F94/><W17/><G110/><T62/><D126/><U19/><E119/><V47/><F109/><W105/><G115/><T64/><D102/><U123/><E123/><V45/><F132/><W135/><G135/><T61/><D64/><U128/><E128/><V75/><F31/><W108/><G108/><T97/><D3/><U60/><E36/><V44/><F44/><W81/><G105/><T101/><D101/><U112/><E112/><V133/><F133/><W18/><G18/><T96/><D51/><U59/><E103/><V35/><F47/><W0/><G81/><T33/><D33/><N who="2" m="12298" /><F28/><W134/><G134/><T29/><D22/><U113/><E107/><V80/><F104/><W12/><G43/><T93/><REACH who="0" step="1"/><D97/><REACH who="0" ten="180,220,370,220" step="2"/><U98/><E98/><V13/><F121/><W95/><G39/><T99/><D99/><U40/><E113/><V114/><F114/><W67/><G67/><T9/><D9/><U111/><E111/><V90/><F122/><W20/><G20/><T82/><D82/><U58/><E71/><V86/><F68/><W84/><G95/><T79/><D79/><U5/><E1/><V27/><F37/><W46/><REACH who="3" step="1"/><G32/><REACH who="3" ten="180,220,370,210" step="2"/><T66/><D66/><U41/><E65/><V76/><F83/><W25/><AGARI ba="0,2" hai="0,7,11,12,17,23,24,25,46,48,54,84,85,87" machi="25" ten="30,7900,0" yaku="1,1,2,1,0,1,53,1" doraHai="106" doraHaiUra="49" who="3" fromWho="3" sc="180,-20,220,-39,370,-20,210,99" /><INIT seed="2,0,0,0,0,18" ten="160,181,350,309" oya="2" hai0="14,37,126,93,23,82,6,72,128,40,27,36,60" hai1="98,2,122,116,42,69,59,115,105,134,85,29,22" hai2="101,118,68,111,130,91,110,62,94,79,66,65,113" hai3="19,92,35,0,95,77,24,100,34,11,88,132,54"/><V26/><F113/><W63/><G132/><T117/><D117/><U28/><E69/><V20/><F118/><W106/><G106/><T86/><D126/><U131/><E2/><V120/><F120/><W58/><G77/><T47/><D128/><U10/><E131/><V53/><F130/><W61/><G61/><T103/><D103/><U83/><E134/><V125/><F125/><W43/><G43/><T104/><D104/><U32/><E32/><V3/><F3/><W8/><G8/><T25/><D93/><U7/><E42/><V12/><F66/><W97/><G0/><T44/><D60/><U74/><E10/><V80/><F12/><W51/><G51/><T123/><D72/><U84/><E7/><V133/><F53/><W15/><REACH who="3" step="1"/><G24/><REACH who="3" ten="160,181,350,299" step="2"/><T127/><D27/><U17/><E115/><V124/><F133/><W21/><G21/><T38/><D23/><U45/><E116/><V107/><F124/><W5/><G5/><T109/><D25/><U30/><E105/><V64/><F64/><W57/><G57/><T41/><D127/><U90/><E59/><V96/><F26/><W76/><G76/><T102/><D37/><U87/><E45/><V89/><F20/><W16/><G16/><T108/><D123/><U55/><E17/><V81/><F107/><W56/><G56/><T49/><D38/><U31/><E122/><V75/><F62/><W4/><G4/><T39/><D39/><U13/><E22/><V129/><F65/><W112/><G112/><T33/><D36/><U1/><N who="1" m="7680" /><DORA hai="78" /><U67/><E1/><V73/><F129/><RYUUKYOKU ba="0,1" sc="160,-10,181,-10,350,-10,299,30" hai3="11,15,19,34,35,54,58,63,88,92,95,97,100" /><INIT seed="3,1,1,2,4,16" ten="150,171,340,329" oya="3" hai0="24,49,118,94,35,116,8,90,96,4,13,87,28" hai1="45,5,31,68,86,46,47,48,123,132,88,79,67" hai2="14,107,11,41,23,83,73,3,7,34,131,62,106" hai3="104,59,25,10,6,80,89,76,39,20,64,56,129"/><W27/><G39/><T95/><REACH who="0" step="1"/><D49/><REACH who="0" ten="140,171,340,329" step="2"/><U32/><E48/><V70/><F62/><W60/><G129/><T38/><D38/><U112/><E123/><V119/><F131/><W29/><G27/><T99/><D99/><U42/><E42/><V0/><F119/><W53/><G104/><T40/><D40/><U122/><E122/><V98/><F41/><W127/><G127/><T103/><AGARI ba="1,2" hai="4,8,13,24,28,35,87,90,94,95,96,103,116,118" machi="103" ten="20,8000,1" yaku="21,2,0,1,7,1,53,1" doraHai="16" doraHaiUra="81" who="0" fromWho="0" sc="140,103,171,-21,340,-21,329,-41" /><INIT seed="4,0,0,1,4,7" ten="243,150,319,288" oya="0" hai0="63,124,34,96,88,4,25,100,20,72,46,109,41" hai1="16,76,12,10,5,30,2,90,18,31,51,17,133" hai2="22,81,104,6,36,68,43,52,74,126,57,101,33" hai3="15,95,127,60,111,24,73,82,84,14,86,3,62"/><T131/><D72/><U97/><E133/><V53/><F33/><W116/><G111/><T26/><D109/><U118/><E118/><V78/><F68/><W49/><G127/><T23/><D124/><U113/><E113/><V38/><F126/><W58/><G3/><T28/><D131/><U55/><E76/><V108/><F108/><W93/><G73/><T129/><D129/><U120/><E2/><V64/><F64/><W1/><G1/><T106/><D4/><U39/><E39/><V61/><F53/><W37/><G37/><T54/><D88/><U79/><E79/><V47/><F6/><W8/><G15/><T70/><D54/><U44/><REACH who="1" step="1"/><E120/><REACH who="1" ten="243,140,319,288" step="2"/><V98/><F38/><W112/><G112/><T67/><D26/><U56/><E56/><V66/><F66/><W27/><G27/><T48/><AGARI ba="0,1" hai="20,23,25,28,34,41,46,48,63,67,70,96,100,106" machi="48" ten="20,7800,0" yaku="0,1,7,1,25,2" doraHai="7" who="0" fromWho="0" sc="243,88,140,-26,319,-26,288,-26" /><INIT seed="4,1,0,4,5,134" ten="331,114,293,262" oya="0" hai0="107,69,58,99,54,48,66,123,51,132,131,7,125" hai1="135,5,56,25,113,55,61,47,94,126,67,73,79" hai2="82,59,32,87,31,29,16,119,14,109,72,118,21" hai3="127,77,36,53,112,80,90,98,65,86,13,104,44"/><T88/><D123/><U103/><E135/><V0/><F109/><W116/><G112/><T120/><D120/><U76/><E113/><V64/><F72/><W6/><G116/><N who="2" m="44585" /><F0/><W39/><G65/><T101/><D132/><U15/><E25/><V43/><F43/><W2/><G2/><T60/><D131/><U4/><E73/><V11/><F32/><W78/><G36/><T96/><D7/><U128/><E128/><V115/><F115/><W30/><G30/><T92/><REACH who="0" step="1"/><D125/><REACH who="0" ten="321,114,293,262" step="2"/><U45/><E5/><N who="2" m="3439" /><F64/><W49/><G127/><T3/><D3/><U81/><E126/><V84/><F59/><W89/><G6/><T133/><D133/><U38/><E4/><V12/><F87/><W33/><G86/><T41/><D41/><U70/><E70/><V23/><F23/><W9/><G9/><T122/><D122/><U52/><E56/><V63/><F63/><AGARI ba="1,1" hai="48,51,54,58,60,63,66,69,88,92,96,99,101,107" machi="63" ten="30,12000,1" yaku="1,1,7,1,54,1,53,2" doraHai="134" doraHaiUra="93" who="0" fromWho="2" sc="321,133,114,0,293,-123,262,0" /><INIT seed="4,2,0,1,0,16" ten="454,114,170,262" oya="0" hai0="82,55,77,68,34,23,38,127,49,9,120,22,69" hai1="100,79,46,103,32,41,4,90,98,3,6,95,78" hai2="45,106,93,121,28,61,7,122,60,109,99,63,12" hai3="131,40,134,102,54,56,112,44,105,125,97,118,117"/><T80/><D34/><U85/><E32/><V50/><F106/><W124/><G112/><T129/><D38/><U19/><E3/><V8/><F109/><W111/><G131/><T66/><D120/><U24/><E78/><V21/><F28/><W73/><G134/><T26/><D129/><U36/><E79/><V39/><F39/><W74/><G111/><T27/><D9/><U133/><E133/><V87/><F87/><W57/><G73/><T62/><D127/><N who="3" m="48713" /><G74/><T86/><D69/><U14/><E24/><V33/><F33/><W11/><G11/><T42/><D42/><U92/><REACH who="1" step="1"/><E103/><REACH who="1" ten="454,104,170,262" step="2"/><V84/><F121/><W91/><G102/><T104/><D27/><U0/><E0/><V116/><F122/><W115/><G118/><T58/><D26/><U88/><E88/><N who="2" m="53383" /><F116/><W128/><G91/><T132/><D132/><U29/><E29/><V76/><F76/><W48/><G117/><T119/><D119/><U70/><E70/><V94/><F21/><AGARI ba="2,1" hai="4,6,14,19,21,36,41,46,85,90,92,95,98,100" machi="21" ten="30,7700,0" yaku="1,1,7,1,52,1,53,1" doraHai="16" doraHaiUra="17" who="1" fromWho="2" sc="454,0,104,93,170,-83,262,0" /><INIT seed="5,0,0,0,0,89" ten="454,197,87,262" oya="1" hai0="63,80,57,117,2,87,40,101,126,103,25,96,120" hai1="82,131,3,51,128,109,7,113,0,71,98,50,70" hai2="75,119,135,124,12,30,47,94,104,54,102,105,4" hai3="67,72,49,79,115,24,88,95,44,13,53,19,59"/><U118/><E118/><V86/><F75/><W93/><G115/><T36/><D2/><N who="1" m="555" /><E113/><V8/><F119/><W100/><G72/><T74/><D117/><U46/><E7/><V31/><F124/><W106/><G106/><T48/><D48/><N who="1" m="18475" /><E46/><V73/><F73/><W60/><G79/><T97/><D126/><U37/><E82/><V10/><F47/><W16/><G100/><T39/><D103/><U61/><E98/><N who="2" m="59735" /><F104/><W111/><G111/><T17/><D97/><U99/><E99/><V23/><F105/><W110/><G110/><T32/><D96/><U58/><E37/><V18/><F135/><W14/><G88/><T108/><D80/><U20/><E20/><V130/><F130/><N who="1" m="49705" /><E109/><V125/><F125/><W114/><G114/><T90/><D39/><U34/><E34/><V5/><F86/><W85/><G85/><T26/><D87/><U107/><E107/><V41/><F41/><W35/><G35/><T29/><D32/><U22/><E22/><V69/><F69/><W42/><G42/><T129/><D40/><U52/><AGARI ba="0,0" hai="52,58,61,70,71" m="49705,18475,555" machi="52" ten="40,3900,0" yaku="19,1,54,1" doraHai="89" who="1" fromWho="1" sc="454,-13,197,39,87,-13,262,-13" /><INIT seed="5,1,0,5,1,7" ten="441,236,74,249" oya="1" hai0="126,119,22,29,41,56,4,55,61,31,67,115,19" hai1="63,60,102,125,79,5,83,30,109,88,59,25,135" hai2="82,36,75,70,68,52,78,28,93,84,42,44,37" hai3="34,57,94,38,105,89,15,1,54,43,11,33,117"/><U0/><E135/><V39/><F28/><W24/><G105/><T91/><D119/><U131/><E125/><V20/><F20/><W110/><G110/><T81/><D115/><U73/><E131/><V10/><F93/><W113/><G1/><T6/><D41/><U49/><E109/><V58/><F75/><W14/><G14/><T101/><D101/><U92/><E102/><V123/><F123/><W108/><G113/><T69/><D126/><U74/><E74/><V132/><F132/><W121/><G108/><T16/><D19/><U99/><E5/><V72/><F84/><W35/><G117/><T111/><D111/><U45/><E0/><V129/><F129/><W18/><G121/><T50/><D31/><U3/><E59/><V116/><F116/><W87/><G43/><T13/><D29/><U46/><E3/><V90/><F90/><W8/><G38/><T17/><D17/><U48/><E25/><V27/><F27/><W97/><G97/><T53/><D53/><N who="1" m="29839" /><E30/><V23/><F23/><W107/><G107/><T86/><AGARI ba="1,0" hai="4,6,13,16,22,50,55,56,61,67,69,81,86,91" machi="86" ten="30,2000,0" yaku="0,1,54,1" doraHai="7" who="0" fromWho="0" sc="441,23,236,-11,74,-6,249,-6" /><INIT seed="6,0,0,1,4,18" ten="464,225,68,243" oya="2" hai0="53,92,46,127,52,105,59,111,128,38,60,69,10" hai1="109,118,4,88,114,50,39,20,17,116,100,91,48" hai2="57,130,72,135,36,54,31,37,99,68,85,112,124" hai3="78,61,2,77,132,75,9,102,13,94,90,26,106"/><V22/><F72/><W81/><G2/><T1/><D105/><U103/><E39/><V82/><F68/><W42/><G132/><T35/><D35/><U95/><E109/><V23/><F135/><W32/><G42/><T28/><D28/><U125/><E125/><V8/><F31/><W64/><G32/><T34/><D53/><U79/><E79/><V86/><F8/><W134/><G26/><T119/><D60/><U63/><E63/><V44/><F124/><W56/><G78/><T108/><D92/><U131/><E4/><V98/><F112/><W93/><G134/><T70/><D46/><U117/><E131/><V107/><F107/><W19/><G90/><N who="1" m="34346" /><E114/><V16/><F44/><W66/><G66/><T33/><D10/><U15/><E95/><V6/><F6/><W101/><G101/><N who="1" m="38986" /><E116/><V121/><F57/><W76/><G76/><T24/><D59/><U58/><E58/><V3/><F54/><W87/><G75/><T133/><D52/><U29/><E117/><V40/><F130/><W11/><G11/><T83/><D128/><U129/><E129/><V5/><F5/><W123/><G123/><T122/><D122/><U14/><E29/><V27/><F121/><W43/><G43/><T71/><D71/><U113/><E113/><V30/><F40/><W74/><G74/><T115/><D70/><U96/><E96/><N who="2" m="36907" /><F3/><W84/><G84/><N who="2" m="32361" /><F82/><W41/><G41/><T47/><D83/><U126/><E126/><V73/><F73/><W49/><G49/><N who="1" m="19050" /><E118/><V45/><F45/><W110/><G110/><T97/><D127/><U67/><E67/><RYUUKYOKU ba="0,0" sc="464,-30,225,10,68,10,243,10" hai1="14,15,17,20" hai2="16,22,23,27,30,36,37" hai3="9,13,19,56,61,64,77,81,87,93,94,102,106" /><INIT seed="6,1,0,0,5,101" ten="434,235,78,253" oya="2" hai0="119,70,68,25,31,123,32,105,22,94,80,103,135" hai1="108,102,29,130,53,109,79,86,81,49,14,73,4" hai2="116,66,117,126,120,91,47,110,39,125,84,60,121" hai3="75,52,65,96,113,13,122,12,71,40,30,61,0"/><V69/><F84/><W127/><G122/><N who="2" m="47209" /><F91/><W9/><G113/><T42/><D22/><U87/><E87/><V76/><F76/><W54/><G127/><N who="2" m="48649" /><F110/><W97/><G40/><AGARI ba="1,0" hai="39,40,47,60,66,69,116,117" m="48649,47209" machi="40" ten="30,11600,0" yaku="18,1,23,1,34,2" doraHai="101" who="2" fromWho="3" sc="434,0,235,0,78,119,253,-119" /><INIT seed="6,2,0,5,3,71" ten="434,235,197,134" oya="2" hai0="57,63,119,125,8,133,2,100,88,5,91,76,116" hai1="17,134,117,7,47,103,11,59,26,25,52,78,109" hai2="45,105,77,102,110,106,118,28,49,69,51,89,108" hai3="123,65,18,56,41,121,82,95,64,4,94,124,29"/><V84/><F118/><N who="0" m="45098" /><D133/><U114/><E134/><V122/><F122/><W131/><G124/><T23/><D125/><U39/><E114/><V120/><F120/><W13/><G131/><T60/><D100/><U112/><E17/><V73/><F69/><W22/><G121/><T14/><D76/><U97/><E112/><V48/><F45/><W111/><G123/><T36/><D36/><U74/><E109/><N who="2" m="42091" /><F28/><W92/><G111/><T127/><D127/><U19/><E19/><V10/><F102/><W44/><G56/><T12/><D63/><U86/><E97/><V87/><F10/><W53/><G53/><N who="0" m="33839" /><D23/><U46/><E103/><V24/><F24/><W62/><G62/><T9/><D14/><U83/><E26/><V80/><F73/><W34/><G4/><AGARI ba="2,0" hai="2,4,5,8,9,12,88,91" m="33839,45098" machi="4" ten="30,2000,0" yaku="12,1,54,1" doraHai="71" who="0" fromWho="3" sc="434,26,235,0,197,0,134,-26" /><INIT seed="7,0,0,5,0,111" ten="460,235,197,108" oya="3" hai0="20,77,113,104,73,25,0,115,112,65,69,41,106" hai1="10,118,101,83,44,90,96,34,82,3,60,47,67" hai2="46,4,33,86,98,92,89,12,57,51,23,32,52" hai3="31,120,68,48,131,134,85,21,135,133,100,13,39"/><W66/><G39/><T114/><D114/><U9/><E34/><V43/><F98/><W124/><G120/><T130/><D0/><U123/><E123/><V24/><F4/><W72/><G72/><T75/><D130/><U127/><E127/><V11/><F11/><W1/><G1/><T88/><D41/><U78/><E90/><V109/><F109/><W26/><G131/><T50/><D50/><U17/><E17/><N who="2" m="10663" /><F24/><W125/><G100/><T16/><D88/><U63/><E10/><V55/><F55/><W110/><G110/><T29/><D16/><U116/><E83/><V102/><F102/><W107/><G107/><N who="0" m="41003" /><D77/><U38/><E96/><V6/><F6/><W119/><G119/><T108/><D108/><U99/><E99/><V129/><F129/><W59/><G85/><T2/><D2/><U22/><E101/><V27/><F27/><W54/><REACH who="3" step="1"/><G13/><REACH who="3" ten="460,235,197,98" step="2"/><T19/><D75/><N who="1" m="43359" /><E38/><AGARI ba="0,1" hai="32,33,38,43,46,51,52,57,86,89,92" m="10663" machi="38" ten="30,2000,0" yaku="25,1,54,1" doraHai="111" who="2" fromWho="1" sc="460,0,235,-20,197,30,98,0" owari="460,55.0,215,-18.0,227,3.0,98,-40.0" /></mjloggm>