<mjloggm ver="2.3"><GO type="169" lobby="0"/><UN n0="%E7%99%BD%E9%B9%BF%E6%84%9B%E8%8E%89" n1="%E3%83%A6%E3%83%AA%E3%82%A2" n2="%E3%83%97%E3%83%A9%E3%83%81%E3%83%8A%E3%83%A0" n3="%E5%B0%B1%E6%B4%BB%E7%94%9F%40%E5%B7%9D%E6%9D%91%E8%BB%8D%E5%9B%A3" dan="18,16,17,17" rate="2195.13,2151.11,2127.61,2223.56" sx="F,F,M,M"/><TAIKYOKU oya="0"/><INIT seed="0,0,0,3,4,31" ten="250,250,250,250" oya="0" hai0="50,3,55,29,57,99,44,5,27,107,77,7,132" hai1="74,24,85,130,32,56,13,37,91,78,98,87,133" hai2="1,35,71,102,68,101,16,21,119,86,69,88,33" hai3="112,93,83,19,67,39,61,0,105,28,114,70,89"/><T90/><D132/><U42/><E130/><V131/><F1/><W129/><G105/><T135/><D135/><U109/><E109/><V15/><F131/><W41/><G0/><T36/><D77/><U11/><E74/><V23/><F119/><W108/><G129/><T94/><D107/><U100/><E133/><V17/><F102/><W81/><G108/><T73/><D73/><U58/><E42/><V14/><F101/><W126/><G126/><T103/><D3/><U2/><E37/><V63/><F63/><W20/><G28/><T116/><D116/><U59/><E2/><V8/><F8/><W118/><G118/><T122/><D122/><U51/><E78/><V52/><F52/><W125/><G125/><T104/><D36/><U26/><E85/><V115/><F115/><W6/><G6/><T106/><D44/><U22/><E51/><V4/><F4/><W34/><G41/><T62/><D50/><U18/><E11/><V80/><AGARI ba="0,0" hai="14,15,16,17,21,23,33,35,68,69,71,80,86,88" machi="80" ten="30,12000,2" yaku="0,1,9,1,52,2,54,2" doraHai="31" who="2" fromWho="2" sc="250,-60,250,-30,250,120,250,-30" /><INIT seed="1,0,0,1,1,52" ten="190,220,370,220" oya="1" hai0="82,19,89,68,22,106,33,97,120,105,123,4,12" hai1="1,15,119,124,59,7,94,61,75,91,104,62,130" hai2="96,66,90,98,16,87,101,50,46,132,110,30,47" hai3="121,42,80,54,45,116,85,63,10,38,11,13,26"/><U88/><E119/><V23/><F110/><W114/><G121/><N who="0" m="46667" /><D68/><U36/><E36/><V81/><F132/><W53/><G116/><T84/><D33/><U92/><E1/><V57/><F30/><W122/><G122/><T17/><D4/><U86/><E104/><V107/><F98/><W0/><G114/><T24/><D97/><N who="1" m="57479" /><E75/><V5/><F5/><W39/><G39/><T128/><D128/><U56/><E130/><V117/><F117/><W111/><G111/><T74/><D74/><U31/><E124/><V28/><F28/><W65/><G26/><T125/><D125/><U115/><E115/><V102/><F102/><W29/><G29/><T18/><D18/><U9/><E31/><V41/><F66/><W76/><G0/><T69/><D69/><U109/><E109/><V40/><F57/><AGARI ba="0,0" hai="7,9,15,56,57,59,61,62,86,91,94" m="57479" machi="57" ten="30,12000,1" yaku="8,1,52,3,54,1" doraHai="52" who="1" fromWho="2" sc="190,0,220,120,370,-120,220,0" /><INIT seed="1,1,0,3,5,80" ten="190,340,250,220" oya="1" hai0="15,17,115,49,69,94,11,72,35,78,79,133,7" hai1="82,46,88,105,58,71,91,70,0,92,129,122,4" hai2="23,66,102,13,61,95,41,30,74,119,87,104,106" hai3="109,98,12,56,8,127,31,90,75,131,52,25,93"/><U5/><E122/><V24/><F74/><W38/><G38/><T134/><D115/><U44/><E105/><V3/><F3/><W99/><G127/><T14/><D35/><U50/><E0/><V124/><F124/><W20/><G131/><T40/><D69/><U84/><E129/><V97/><F119/><W62/><G109/><T6/><D94/><U55/><E71/><V86/><F41/><W21/><G75/><T39/><D39/><U112/><E70/><V34/><F34/><W130/><G130/><T53/><D40/><N who="1" m="24839" /><E46/><V100/><F13/><W59/><G59/><N who="0" m="33199" /><D72/><U113/><E113/><V132/><F132/><N who="0" m="50794" /><D6/><U125/><E125/><V108/><F108/><W67/><G21/><AGARI ba="1,0" hai="7,11,14,15,17,21,78,79" m="50794,33199" machi="21" ten="30,1000,0" yaku="20,1" doraHai="80" who="0" fromWho="3" sc="190,13,340,0,250,0,220,-13" /><INIT seed="2,0,0,1,5,70" ten="203,340,250,207" oya="2" hai0="105,127,53,25,90,75,78,37,16,39,5,49,31" hai1="86,84,18,54,89,74,72,98,27,103,130,135,108" hai2="12,132,69,116,52,67,10,57,76,79,111,59,94" hai3="42,106,99,44,96,19,102,112,50,133,118,88,100"/><V13/><F111/><W113/><G118/><T40/><D105/><U80/><E108/><V23/><F116/><W8/><G133/><T85/><D127/><U122/><E130/><V47/><F132/><W17/><G8/><T38/><D5/><U125/><E125/><V11/><F69/><W4/><G4/><T58/><D75/><U56/><E135/><V63/><F47/><W43/><G43/><T62/><D78/><N who="2" m="29738" /><F94/><W30/><G30/><T77/><D77/><U15/><E27/><V61/><F13/><W35/><G35/><T87/><D16/><AGARI ba="0,0" hai="10,11,12,16,23,52,57,59,61,63,67" m="29738" machi="16" ten="30,5800,0" yaku="8,1,54,2" doraHai="70" who="2" fromWho="0" sc="203,-58,340,0,250,58,207,0" /><INIT seed="2,1,0,4,3,21" ten="145,340,308,207" oya="2" hai0="41,25,35,51,72,73,36,125,77,53,104,38,39" hai1="22,122,88,27,95,43,50,64,112,57,87,134,81" hai2="100,34,29,1,48,6,46,49,69,52,109,108,68" hai3="71,4,123,82,93,11,7,30,99,84,102,0,75"/><V118/><F118/><W116/><G123/><T10/><D41/><U40/><E122/><V120/><F120/><W8/><G71/><T44/><D104/><U20/><E112/><V23/><F34/><W31/><G75/><T2/><D125/><U12/><E12/><V98/><F1/><W80/><G116/><T55/><D55/><N who="1" m="31991" /><E134/><V70/><F6/><W83/><REACH who="3" step="1"/><G84/><REACH who="3" ten="145,340,308,197" step="2"/><T45/><D73/><U131/><E131/><V58/><F70/><W9/><G9/><T67/><D72/><U32/><E32/><V86/><F86/><W47/><G47/><T113/><D44/><U62/><E20/><V135/><F135/><W28/><G28/><T16/><D113/><U56/><E81/><V18/><F29/><AGARI ba="1,1" hai="22,27,29,40,43,56,62,64,87,88,95" m="31991" machi="29" ten="30,3900,0" yaku="8,1,52,1,54,1" doraHai="21" who="1" fromWho="2" sc="145,0,340,52,308,-42,197,0" /><INIT seed="3,0,0,1,4,90" ten="145,392,266,197" oya="3" hai0="131,76,16,5,10,87,128,11,62,38,113,126,135" hai1="57,30,44,64,102,132,118,81,22,82,95,105,74" hai2="99,115,80,36,94,45,89,91,61,52,117,75,23" hai3="60,114,28,77,56,92,18,119,107,54,51,13,123"/><W26/><G107/><T35/><D38/><U84/><E105/><V98/><F115/><W97/><G119/><T66/><D35/><U4/><E74/><V71/><F117/><W20/><G114/><T130/><D113/><U120/><E132/><V42/><F23/><W41/><G123/><T0/><D135/><U2/><E2/><V112/><F112/><W109/><G109/><T21/><D126/><U124/><E124/><V104/><F104/><W58/><G77/><T15/><D11/><U129/><E4/><V73/><F71/><W1/><G1/><T29/><D29/><U78/><E129/><V33/><F33/><W103/><G41/><T83/><REACH who="0" step="1"/><D130/><REACH who="0" ten="135,392,266,197" step="2"/><U25/><E118/><V59/><F80/><W127/><G127/><T110/><D110/><U31/><E120/><V93/><AGARI ba="0,1" hai="36,42,45,52,59,61,73,75,89,91,93,94,98,99" machi="93" ten="30,8000,1" yaku="0,1,9,1,52,2,54,1" doraHai="90" who="2" fromWho="2" sc="135,-20,392,-20,266,90,197,-40" /><INIT seed="4,0,0,1,4,1" ten="115,372,356,157" oya="0" hai0="75,83,42,90,28,123,55,116,61,46,121,66,93" hai1="52,31,115,6,70,77,91,126,100,0,65,87,4" hai2="39,104,68,24,80,16,22,14,25,43,103,5,127" hai3="92,117,114,45,8,125,122,95,54,110,129,27,84"/><T57/><D116/><U109/><E109/><V33/><F68/><W9/><G117/><T12/><D28/><U26/><E126/><V73/><F103/><W50/><G125/><T133/><D133/><U88/><E0/><V108/><F104/><W74/><G74/><T134/><D134/><U96/><E77/><V48/><F39/><W112/><G110/><T11/><D66/><U135/><E135/><V64/><F64/><W76/><G129/><T49/><D83/><U94/><E115/><N who="3" m="44074" /><G27/><T30/><D30/><U79/><E79/><V71/><F71/><W101/><G122/><T37/><D37/><U23/><E91/><V113/><F33/><W130/><G130/><T67/><D67/><U60/><REACH who="1" step="1"/><E52/><REACH who="1" ten="115,362,356,157" step="2"/><V128/><F108/><W97/><G76/><T98/><REACH who="0" step="1"/><D75/><REACH who="0" ten="105,362,356,157" step="2"/><U34/><E34/><V120/><F73/><W17/><G17/><AGARI ba="0,2" hai="11,12,17,42,46,49,55,57,61,90,93,98,121,123" machi="17" ten="30,11600,0" yaku="1,1,2,1,7,1,53,1" doraHai="1" doraHaiUra="40" who="0" fromWho="3" sc="105,136,362,0,356,0,157,-116" /><INIT seed="4,1,0,3,5,62" ten="241,362,356,41" oya="0" hai0="32,66,110,52,46,8,27,56,12,30,92,120,116" hai1="11,43,115,96,122,123,76,37,133,127,40,132,7" hai2="44,74,51,53,91,16,70,34,113,111,0,39,114" hai3="79,86,50,100,135,25,119,23,60,15,49,42,107"/><T81/><D116/><U104/><E115/><N who="2" m="44043" /><F0/><W65/><G119/><T28/><D120/><U78/><E127/><V21/><F34/><W45/><G135/><N who="1" m="51786" /><E96/><V88/><F74/><W59/><G107/><T80/><D110/><U128/><E104/><V4/><F4/><W124/><G124/><T1/><D1/><N who="1" m="495" /><E128/><V5/><F5/><W129/><G129/><T17/><D28/><U35/><E35/><V130/><F111/><W103/><G15/><T99/><D46/><N who="1" m="23823" /><E43/><N who="2" m="22655" /><F70/><W22/><G50/><T63/><REACH who="0" step="1"/><D52/><REACH who="0" ten="231,362,356,41" step="2"/><U102/><E123/><V73/><F130/><W9/><G9/><T85/><D85/><U29/><E122/><V125/><F125/><W84/><G23/><T106/><D106/><U26/><E102/><AGARI ba="1,1" hai="8,12,17,27,30,32,56,63,66,80,81,92,99,102" machi="102" ten="30,11600,0" yaku="1,1,7,1,52,1,53,1" doraHai="62" doraHaiUra="61" who="0" fromWho="1" sc="231,129,362,-119,356,0,41,0" /><INIT seed="4,2,0,5,2,54" ten="360,243,356,41" oya="0" hai0="105,87,76,100,28,14,132,130,116,94,118,50,32" hai1="43,84,85,61,102,25,1,0,128,134,113,121,45" hai2="133,29,62,48,75,72,96,103,64,115,19,95,15" hai3="58,97,65,51,37,39,57,26,66,107,79,106,59"/><T93/><D32/><U46/><E121/><V30/><F115/><W98/><G79/><T7/><D28/><U86/><E134/><V114/><F114/><W117/><G26/><T47/><D105/><N who="3" m="39945" /><G51/><T90/><D132/><U80/><E128/><V31/><F48/><W22/><G22/><T126/><D130/><U36/><E113/><V109/><F109/><W78/><G78/><T125/><D76/><U6/><E6/><V35/><F133/><W73/><G73/><T40/><D7/><U23/><E102/><V5/><F5/><W16/><G16/><T77/><D77/><U127/><E127/><N who="0" m="48649" /><D14/><U69/><E80/><V11/><REACH who="2" step="1"/><F35/><REACH who="2" ten="360,243,346,41" step="2"/><W4/><G4/><T34/><D34/><U124/><E124/><V21/><F21/><W8/><G8/><T68/><D68/><AGARI ba="2,1" hai="11,15,19,29,30,31,62,64,68,72,75,95,96,103" machi="68" ten="40,1300,0" yaku="1,1,53,0" doraHai="54" doraHaiUra="53" who="2" fromWho="0" sc="360,-19,243,0,346,29,41,0" /><INIT seed="5,0,0,1,2,24" ten="341,243,375,41" oya="1" hai0="0,121,106,127,5,60,38,51,14,82,23,131,117" hai1="30,116,128,80,63,119,99,42,83,123,100,112,34" hai2="69,78,61,59,96,108,88,28,8,62,81,2,65" hai3="87,6,76,118,56,29,92,124,35,93,66,15,115"/><U31/><E123/><V44/><F108/><W134/><G115/><T125/><D117/><U52/><E34/><V27/><F44/><W12/><G118/><T46/><D38/><U33/><E33/><V40/><F40/><W110/><G110/><T90/><D121/><U45/><E119/><V17/><F2/><W39/><G39/><T47/><D106/><U105/><E116/><V43/><F43/><W11/><G134/><T77/><D131/><U72/><E128/><V84/><F17/><W101/><G124/><N who="0" m="47691" /><D0/><U86/><E112/><V18/><F18/><W126/><G126/><T1/><D90/><U67/><E72/><V13/><F13/><W73/><G73/><T85/><D60/><U64/><E52/><V107/><F8/><W3/><G93/><T120/><D120/><U104/><E104/><V26/><F26/><W54/><G66/><T68/><D68/><U25/><E25/><V50/><F50/><W58/><G58/><T98/><D98/><U20/><E20/><V4/><F4/><W21/><G35/><T135/><D135/><U41/><E67/><V48/><F48/><W109/><G109/><T71/><D71/><U49/><E42/><V74/><F107/><W89/><G76/><T94/><D51/><U53/><E41/><V129/><F129/><W79/><G79/><T97/><D1/><U22/><E22/><N who="2" m="15479" /><F96/><W70/><G101/><N who="0" m="60599" /><D23/><U75/><E75/><V57/><F62/><N who="3" m="36119" /><G70/><T19/><D19/><U103/><E103/><V37/><F37/><W91/><G91/><T9/><AGARI ba="0,0" hai="5,9,14,46,47,77,82,85" m="60599,47691" machi="9" ten="30,1100,0" yaku="18,1" doraHai="24" who="0" fromWho="0" sc="341,11,243,-5,375,-3,41,-3" /><INIT seed="6,0,0,5,2,25" ten="352,238,372,38" oya="2" hai0="94,19,55,31,115,93,86,79,75,20,104,95,99" hai1="124,89,43,111,122,5,73,133,84,103,110,67,97" hai2="47,32,128,0,62,9,106,119,78,51,80,12,22" hai3="118,44,63,1,49,98,59,26,54,102,52,56,10"/><V72/><F119/><W100/><G118/><T13/><D115/><U8/><E73/><V38/><F32/><W107/><G100/><T48/><D75/><U92/><E133/><V61/><F106/><W135/><G135/><T109/><D109/><U34/><E34/><V6/><F128/><W24/><G1/><T71/><D71/><U81/><E124/><V82/><F82/><W18/><G10/><T130/><D130/><U11/><E11/><V41/><F51/><W29/><G18/><AGARI ba="0,0" hai="0,6,9,12,18,22,38,41,47,61,62,72,78,80" machi="18" ten="40,3900,0" yaku="25,2" doraHai="25" who="2" fromWho="3" sc="352,0,238,0,372,39,38,-39" owari="352,15.0,238,-16.0,411,51.0,-1,-50.0" /></mjloggm>