<mjloggm ver="2.3"><GO type="41" lobby="0"/><UN n0="%6F%67%75%6F%79" n1="%E5%B0%B1%E6%B4%BB%E7%94%9F%40%E5%B7%9D%E6%9D%91%E8%BB%8D%E5%9B%A3" n2="%E5%8D%81%E6%96%87%E5%AD%97%E5%B0%8F%E5%BC%A5%E5%A4%AA" n3="%E3%81%8F%E3%83%BC%E3%81%BE%E3%82%82%E3%82%93" dan="13,18,13,13" rate="1872.65,2219.16,2087.04,2024.30" sx="M,M,M,M"/><TAIKYOKU oya="0"/><INIT seed="0,0,0,1,4,103" ten="250,250,250,250" oya="0" hai0="117,97,0,21,48,2,93,49,19,36,91,122,108" hai1="87,95,43,26,11,27,12,112,100,75,84,110,68" hai2="94,133,22,104,52,120,45,80,101,13,64,130,115" hai3="99,135,24,30,77,3,70,63,51,62,76,50,89"/><T98/><D122/><U119/><E75/><V126/><F120/><W74/><G3/><T37/><D117/><U8/><E68/><V86/><F115/><W29/><G135/><T106/><D108/><U78/><E78/><V5/><F64/><W118/><G118/><T90/><D106/><U34/><E34/><V54/><F133/><W1/><G1/><T23/><D19/><U15/><E100/><V14/><F126/><W65/><G30/><T58/><D93/><U116/><E95/><V69/><F69/><W60/><G89/><T85/><D85/><U114/><REACH who="1" step="1"/><E43/><REACH who="1" ten="250,240,250,250" step="2"/><V121/><F94/><W129/><G77/><T96/><D96/><U127/><E127/><V25/><F101/><W31/><G99/><T102/><D102/><U107/><E107/><V105/><F105/><W81/><G129/><T134/><D134/><U88/><E88/><V47/><F104/><W38/><G76/><T33/><D33/><U7/><E7/><V18/><F5/><W123/><G74/><T92/><D92/><U42/><E42/><V113/><F130/><W79/><G123/><T57/><AGARI ba="0,1" hai="0,2,21,23,36,37,48,49,57,58,90,91,97,98" machi="57" ten="25,4800,0" yaku="0,1,22,2" doraHai="103" who="0" fromWho="0" sc="250,58,240,-16,250,-16,250,-16" /><INIT seed="0,1,0,2,2,85" ten="308,224,234,234" oya="0" hai0="2,129,78,87,95,44,4,115,116,113,118,48,1" hai1="49,91,18,101,94,63,17,37,106,45,23,98,35" hai2="33,43,34,131,66,83,61,89,56,67,15,81,39" hai3="22,112,100,132,32,123,24,42,30,127,6,3,120"/><T103/><D87/><U119/><E35/><V7/><F131/><W14/><G100/><T80/><D95/><U124/><E119/><N who="0" m="45609" /><D80/><U40/><E124/><V97/><F81/><W109/><G42/><T70/><D103/><U102/><E37/><V84/><F67/><W122/><G127/><T65/><D78/><U64/><E106/><V5/><F97/><W27/><G112/><N who="0" m="43083" /><D4/><U86/><E86/><V21/><F7/><W62/><G62/><N who="0" m="40247" /><D2/><U47/><E47/><V12/><F12/><W38/><G38/><T88/><D88/><U93/><E93/><V130/><F21/><W79/><G79/><T68/><D1/><U121/><E121/><V29/><F29/><W41/><G41/><T19/><D19/><U54/><E40/><V74/><F74/><W117/><G117/><T104/><D104/><U71/><E18/><V9/><F34/><W75/><G75/><T105/><D105/><U59/><E71/><V16/><F33/><W55/><G55/><T10/><D10/><U26/><AGARI ba="1,0" hai="17,23,26,45,49,54,59,63,64,91,94,98,101,102" machi="26" ten="20,5200,0" yaku="0,1,7,1,8,1,52,1" doraHai="85" who="1" fromWho="1" sc="308,-27,224,55,234,-14,234,-14" /><INIT seed="1,0,0,4,2,21" ten="281,279,220,220" oya="1" hai0="97,133,49,37,130,23,30,103,16,102,126,1,42" hai1="70,12,71,88,54,90,44,114,107,91,29,39,69" hai2="106,84,46,25,120,83,122,77,72,2,79,11,98" hai3="78,73,129,75,50,86,13,5,116,117,89,113,52"/><U112/><E107/><V93/><F79/><W96/><G113/><T74/><D74/><U60/><E39/><V48/><F72/><W58/><G129/><T56/><D1/><U51/><E60/><V3/><F106/><W0/><G0/><T134/><D37/><U104/><E104/><V85/><F85/><W8/><G96/><T10/><D130/><U15/><REACH who="1" step="1"/><E29/><REACH who="1" ten="281,269,220,220" step="2"/><V55/><F122/><W43/><G117/><T64/><D30/><U40/><E40/><V27/><F120/><W45/><G116/><T108/><D126/><U81/><E81/><V67/><F67/><W87/><G78/><T119/><D119/><U121/><E121/><V66/><F66/><W127/><G127/><T59/><D64/><U124/><E124/><V6/><REACH who="2" step="1"/><F3/><REACH who="2" ten="281,269,210,220" step="2"/><W105/><G105/><T125/><D125/><U92/><E92/><V32/><F32/><W24/><G75/><T4/><D133/><U68/><N who="1" m="17920" /><DORA hai="35" /><U110/><E110/><V131/><F131/><W95/><G73/><T115/><D134/><U26/><E26/><V61/><F61/><W65/><G24/><T7/><D108/><U41/><E41/><V33/><F33/><W99/><G65/><T80/><D42/><U62/><E62/><AGARI ba="0,2" hai="5,8,13,43,45,50,52,58,62,86,87,89,95,99" machi="62" ten="30,3900,0" yaku="7,1,8,1,54,1" doraHai="21,35" who="3" fromWho="1" sc="281,0,269,-39,210,0,220,59" /><INIT seed="2,0,0,5,3,95" ten="281,230,210,279" oya="2" hai0="23,78,9,3,88,58,51,129,70,61,69,50,98" hai1="71,55,7,111,64,112,1,38,101,40,59,54,36" hai2="85,2,10,57,114,47,103,56,108,121,75,97,115" hai3="99,109,132,13,21,33,44,87,86,72,12,127,91"/><V60/><F75/><W133/><G33/><T53/><D129/><U0/><E7/><V63/><F121/><W46/><G72/><T30/><D78/><U122/><E1/><V16/><F85/><W25/><G127/><T134/><D134/><U26/><E26/><V105/><F47/><W22/><G25/><T68/><D3/><U73/><E0/><V4/><F108/><W128/><G91/><T81/><D9/><U106/><E101/><V94/><F105/><W125/><G125/><T116/><D116/><U80/><E80/><V18/><F57/><W48/><G48/><T66/><D81/><U79/><E79/><V42/><F42/><W84/><G84/><T120/><D120/><U82/><E82/><V107/><F107/><W31/><G31/><T28/><D23/><U89/><E89/><V130/><F130/><W8/><G8/><T43/><D28/><U41/><E106/><V118/><F118/><W29/><G29/><T39/><D30/><U19/><E73/><V96/><F96/><W93/><G93/><T32/><D88/><U104/><E104/><V113/><REACH who="2" step="1"/><F56/><REACH who="2" ten="281,230,200,279" step="2"/><W11/><G99/><T117/><D98/><U34/><E59/><V76/><F76/><W90/><G128/><T52/><D117/><U14/><E111/><V17/><AGARI ba="0,1" hai="2,4,10,16,17,18,60,63,94,97,103,113,114,115" machi="17" ten="40,12000,1" yaku="1,1,0,1,52,1,54,1,53,0" doraHai="95" doraHaiUra="24" who="2" fromWho="2" sc="281,-40,230,-40,200,130,279,-40" /><INIT seed="2,1,0,3,5,92" ten="241,190,330,239" oya="2" hai0="32,72,24,17,51,37,4,74,52,55,129,118,94" hai1="124,106,121,87,27,8,127,119,81,68,76,0,53" hai2="88,9,73,123,86,2,18,12,134,26,93,107,71" hai3="29,60,23,95,56,67,89,36,96,35,120,130,38"/><V31/><F123/><W44/><G130/><T34/><D37/><U48/><E68/><V39/><F71/><W99/><G120/><T97/><D4/><U7/><E119/><V25/><F107/><W5/><G35/><T104/><D118/><U108/><E121/><V65/><F65/><W117/><G117/><T75/><D129/><U40/><E108/><V125/><F73/><W33/><G33/><T116/><D116/><U83/><E40/><V14/><F39/><W47/><G5/><T58/><D104/><U61/><E61/><V82/><F2/><W64/><G64/><T135/><D135/><U113/><E113/><V30/><F134/><W6/><G6/><T103/><D24/><N who="2" m="9322" /><F125/><W49/><G44/><T84/><D17/><U90/><E106/><V43/><F43/><W101/><G29/><N who="2" m="10761" /><F14/><W110/><G110/><T15/><D15/><U91/><E27/><V54/><F54/><W19/><G19/><T42/><D42/><U28/><E28/><V112/><F112/><W98/><G23/><T132/><D132/><U57/><E124/><V69/><F69/><W115/><G115/><T10/><D10/><U11/><E127/><V100/><F100/><W50/><G36/><T111/><D111/><U80/><E11/><V21/><F82/><W85/><G101/><T102/><D102/><U41/><E41/><V122/><F122/><W45/><G38/><T133/><D133/><U46/><E46/><V59/><F59/><N who="3" m="37279" /><G50/><T131/><D131/><U1/><E1/><V128/><F128/><W66/><G49/><N who="0" m="30991" /><D84/><U20/><E20/><AGARI ba="1,0" hai="9,12,18,20,21,86,88,93" m="10761,9322" machi="20" ten="30,2900,0" yaku="8,1,54,1" doraHai="92" who="2" fromWho="1" sc="241,0,190,-32,330,32,239,0" /><INIT seed="2,2,0,5,5,54" ten="241,158,362,239" oya="2" hai0="87,61,76,4,118,43,69,129,89,127,22,50,51" hai1="39,34,9,95,30,103,21,93,46,36,121,79,37" hai2="12,130,15,108,98,91,24,26,104,20,2,135,45" hai3="71,48,85,13,31,66,32,14,132,65,115,72,100"/><V33/><F2/><W111/><G72/><T131/><D118/><U18/><E121/><V125/><F33/><W83/><G115/><T5/><D22/><U6/><E79/><V119/><F119/><W112/><G112/><T117/><D117/><U1/><E103/><V128/><F125/><W64/><G100/><T55/><D127/><U88/><E46/><V60/><F135/><W126/><G71/><T77/><D43/><U97/><E93/><N who="2" m="56639" /><F104/><W28/><G126/><T29/><D29/><U94/><E94/><V70/><F45/><W133/><G48/><T68/><D61/><U59/><E59/><V35/><F35/><W102/><G102/><T0/><D55/><U120/><E120/><V10/><F108/><W7/><G32/><T109/><D109/><U110/><E110/><V19/><F15/><N who="3" m="5643" /><G7/><T62/><D62/><U40/><E40/><V3/><F10/><W116/><G116/><T123/><D123/><U23/><REACH who="1" step="1"/><E18/><REACH who="1" ten="241,148,362,239" step="2"/><V16/><F19/><W67/><G111/><T57/><D57/><U84/><E84/><V78/><F78/><W92/><G92/><T124/><D124/><U44/><E44/><V99/><F16/><W96/><G96/><T90/><D87/><U73/><E73/><V27/><F99/><W56/><G85/><T82/><D82/><U38/><N who="1" m="9728" /><DORA hai="63" /><U41/><E41/><V107/><F70/><W86/><G86/><T49/><D76/><U74/><E74/><V58/><F58/><W52/><G83/><T105/><D77/><U42/><E42/><V101/><F101/><W106/><N who="3" m="16896" /><DORA hai="113" /><W75/><G75/><RYUUKYOKU ba="2,1" sc="241,-10,148,30,362,-10,239,-10" hai1="1,6,9,21,23,30,34,88,95,97" /><INIT seed="3,3,1,3,1,109" ten="231,178,352,229" oya="3" hai0="104,4,107,52,89,67,74,37,90,78,83,105,28" hai1="45,54,132,81,31,12,50,101,5,30,11,53,73" hai2="85,96,46,122,94,95,69,126,116,9,47,15,27" hai3="93,91,123,72,19,14,42,113,131,23,16,49,20"/><W38/><G123/><T129/><D37/><U2/><E132/><V7/><F69/><W29/><G72/><T55/><D67/><U6/><E101/><V34/><F116/><W79/><G79/><T112/><D4/><U0/><E6/><V64/><F64/><W62/><G29/><T22/><D129/><U119/><E119/><V48/><F122/><W10/><G38/><T59/><D112/><U71/><E71/><V117/><F126/><W82/><G82/><T103/><D103/><U100/><E100/><V21/><F34/><W36/><G36/><T124/><D124/><U13/><E54/><V75/><F75/><W24/><G113/><T41/><D41/><U40/><E53/><V58/><F58/><W32/><G32/><T44/><D28/><U118/><E118/><V125/><F125/><W26/><G62/><T87/><D22/><U114/><E114/><V99/><F117/><W63/><G63/><T61/><D44/><N who="2" m="16938" /><F48/><W86/><G131/><T111/><D111/><U1/><E13/><V68/><F68/><W39/><G39/><T17/><D17/><U56/><E56/><V127/><F127/><W102/><G49/><T33/><D33/><U92/><E92/><N who="2" m="35371" /><F85/><W84/><G84/><T51/><D51/><U18/><E5/><V25/><F25/><W60/><G102/><T65/><D89/><U121/><E121/><V128/><F128/><W8/><G60/><T133/><D133/><U43/><E43/><V57/><F57/><W106/><G42/><T97/><D97/><U35/><E35/><V76/><F76/><W70/><G70/><RYUUKYOKU ba="3,1" sc="231,10,178,10,352,10,229,-30" hai0="52,55,59,61,65,74,78,83,87,90,104,105,107" hai1="0,1,2,11,12,18,30,31,40,45,50,73,81" hai2="7,9,15,21,27,96,99" /><INIT seed="4,4,1,5,3,96" ten="241,188,362,199" oya="0" hai0="69,39,28,24,80,105,58,75,130,107,78,59,5" hai1="20,91,4,106,113,56,70,49,115,48,82,31,3" hai2="46,103,53,85,15,19,16,47,17,72,116,67,14" hai3="126,64,34,81,66,6,68,9,10,94,100,55,35"/><T125/><D69/><U37/><E70/><V41/><F72/><W8/><G6/><T71/><D71/><U25/><E37/><V110/><F67/><W43/><G43/><T62/><D39/><U12/><E3/><V42/><F110/><W118/><G118/><T23/><D125/><U29/><E29/><V127/><F127/><W121/><G126/><T21/><D130/><U101/><E12/><N who="2" m="4651" /><F116/><W38/><G38/><T133/><D133/><U63/><E4/><V95/><F53/><W92/><G121/><T117/><D117/><U57/><E91/><N who="2" m="53743" /><F103/><W109/><G109/><T84/><D5/><U18/><E82/><V32/><F32/><W102/><G68/><T114/><D114/><N who="1" m="43531" /><E18/><V112/><F112/><W33/><G81/><T98/><D98/><N who="1" m="61751" /><E57/><V123/><F123/><W22/><G22/><T26/><D75/><U129/><E129/><V111/><F111/><W45/><G92/><T88/><D78/><U77/><E77/><V60/><F19/><W132/><G94/><T87/><D87/><U7/><E7/><V61/><F16/><W65/><G132/><T89/><D89/><U52/><AGARI ba="4,1" hai="20,25,31,48,49,52,56,63" m="61751,43531" machi="52" ten="30,7900,0" yaku="15,1,11,1,52,1,54,1" doraHai="96" who="1" fromWho="1" sc="241,-43,188,101,362,-24,199,-24" /><INIT seed="5,0,0,1,1,91" ten="198,289,338,175" oya="1" hai0="83,28,134,100,33,35,82,115,105,25,63,2,121" hai1="44,10,56,40,60,52,129,125,74,14,4,94,116" hai2="36,13,79,72,97,57,19,53,89,1,15,69,117" hai3="29,90,77,45,38,87,106,37,112,98,81,75,20"/><U51/><E116/><V48/><F1/><W122/><G122/><T55/><D121/><U84/><E74/><V0/><F0/><W61/><G112/><T31/><D2/><U11/><E129/><V68/><F36/><W119/><G119/><T71/><D115/><U24/><E125/><V21/><F117/><W30/><G61/><T126/><D126/><U70/><E70/><V124/><F124/><W76/><G76/><T7/><D7/><U111/><E111/><V47/><F47/><W78/><G78/><T132/><D100/><U99/><E24/><V108/><F108/><W92/><G20/><T39/><D105/><U54/><E11/><V102/><F89/><W34/><G34/><T41/><D41/><U59/><E84/><V95/><REACH who="2" step="1"/><F15/><REACH who="2" ten="198,289,328,175" step="2"/><W16/><G38/><T65/><D39/><U93/><E99/><V128/><F128/><W130/><G130/><T46/><D134/><U86/><E86/><V6/><F6/><W101/><G37/><AGARI ba="0,1" hai="4,10,14,37,40,44,51,52,54,56,59,60,93,94" machi="37" ten="30,11600,0" yaku="7,1,52,2,54,1" doraHai="91" who="1" fromWho="3" sc="198,0,289,126,328,0,175,-116" /><INIT seed="5,1,0,4,4,21" ten="198,415,328,59" oya="1" hai0="25,64,18,35,53,56,100,44,93,38,23,76,24" hai1="0,36,9,124,52,14,92,19,13,67,69,129,10" hai2="62,2,27,31,94,86,6,50,32,77,120,12,66" hai3="72,71,15,115,128,132,60,133,89,107,112,59,28"/><U57/><E36/><V22/><F120/><W30/><G71/><T1/><D1/><U118/><E118/><V43/><F2/><W41/><G41/><T40/><D76/><U68/><E0/><V5/><F32/><W116/><G72/><T87/><D35/><U39/><E39/><V55/><F43/><W54/><G107/><T95/><D64/><U122/><E122/><V73/><F73/><W48/><G116/><T109/><D109/><U91/><E67/><V97/><F12/><W75/><G75/><T20/><D87/><U37/><E37/><V130/><F130/><W61/><G128/><T65/><D100/><U119/><E124/><V104/><F104/><W98/><G15/><T26/><D65/><U110/><E110/><V105/><F105/><W16/><G16/><T46/><D46/><U125/><E125/><V117/><F117/><W11/><G11/><T96/><D96/><U51/><E119/><V83/><F50/><W80/><G60/><T134/><D134/><N who="3" m="51817" /><G61/><T79/><D79/><U103/><E129/><V78/><F55/><W4/><G4/><T99/><D99/><U90/><E69/><V34/><F34/><W127/><G127/><T42/><D42/><U106/><E68/><V29/><F31/><N who="3" m="11819" /><G98/><T101/><D101/><U121/><E106/><V7/><F78/><W108/><G108/><T33/><D33/><U81/><E103/><N who="2" m="60855" /><F7/><W113/><G80/><T70/><D70/><U58/><E121/><V82/><F82/><W8/><G8/><T17/><D95/><U123/><E123/><V49/><F49/><W47/><G47/><RYUUKYOKU ba="1,0" sc="198,-15,415,-15,328,15,59,15" hai2="5,6,22,27,29,62,66,77,83,86" hai3="48,54,59,89,112,113,115" /><INIT seed="6,2,0,0,3,121" ten="183,400,343,74" oya="2" hai0="17,65,46,25,90,15,44,18,134,56,102,122,21" hai1="110,48,9,2,75,8,67,76,35,52,68,4,94" hai2="77,34,3,13,23,93,28,85,32,119,70,24,26" hai3="33,63,5,41,49,109,60,81,27,113,135,101,104"/><V95/><F70/><W111/><G5/><T53/><D122/><U117/><E35/><V7/><F119/><W83/><G135/><T89/><D134/><U71/><E117/><V96/><F3/><W79/><G113/><T78/><D78/><U82/><E110/><V43/><F43/><W73/><G83/><T39/><D102/><U16/><E67/><V129/><F129/><W66/><G49/><T58/><D39/><U42/><E42/><V61/><F61/><W6/><G60/><T114/><D114/><U91/><E16/><V108/><F7/><W118/><G6/><T55/><D65/><U19/><E19/><V112/><F13/><W50/><G50/><T87/><D87/><U11/><E68/><V106/><F112/><W22/><G41/><T80/><D80/><U62/><E62/><V125/><F108/><W51/><G51/><T97/><D97/><U12/><E2/><V123/><F123/><W115/><G115/><T99/><D99/><U36/><E36/><V132/><F132/><W100/><G100/><T98/><D98/><U30/><E71/><V38/><F38/><W88/><G88/><T57/><D15/><U131/><E131/><V47/><F47/><N who="0" m="17962" /><D17/><U20/><E4/><V107/><F24/><W0/><G0/><T29/><D29/><U37/><E37/><V10/><F10/><W127/><G118/><T103/><D103/><U120/><E120/><V116/><F116/><W124/><G101/><T126/><D126/><N who="3" m="48169" /><G104/><T105/><D105/><U130/><E130/><V128/><F128/><W14/><G14/><T84/><D84/><RYUUKYOKU ba="2,0" sc="183,30,400,-10,343,-10,74,-10" hai0="18,21,25,53,55,56,57,58,89,90" /><INIT seed="7,3,0,1,2,18" ten="213,390,333,64" oya="3" hai0="56,82,32,63,20,42,71,100,99,6,44,131,104" hai1="36,89,59,106,25,72,7,66,120,27,134,86,15" hai2="47,130,31,19,97,37,111,0,46,51,114,35,94" hai3="70,78,102,55,38,14,26,50,83,93,67,109,54"/><W133/><G109/><T69/><D131/><U30/><E72/><V33/><F111/><W62/><G38/><T116/><D116/><U11/><E36/><V49/><F130/><W95/><G133/><T57/><D6/><U34/><E106/><V24/><F37/><W13/><G55/><T126/><D126/><U17/><E134/><V53/><F0/><W64/><G64/><T110/><D110/><U76/><E76/><V9/><F114/><W65/><G65/><T22/><D32/><U48/><E120/><V88/><F33/><W4/><G26/><T41/><D82/><U8/><E27/><V119/><F119/><W84/><G4/><T90/><D90/><U29/><E34/><V103/><F103/><W115/><G115/><T3/><D3/><U58/><E58/><V124/><F124/><W81/><G81/><T39/><D41/><U123/><E123/><V107/><F107/><W1/><G1/><T122/><D122/><U127/><E127/><V60/><F60/><W80/><G80/><T112/><D112/><U98/><E25/><V135/><F135/><W40/><G40/><T105/><D105/><U61/><E48/><V2/><F2/><W91/><G102/><T87/><D87/><U45/><E45/><V52/><F19/><W101/><G101/><T113/><D113/><U74/><E74/><V12/><F9/><W92/><REACH who="3" step="1"/><G78/><REACH who="3" ten="213,390,333,54" step="2"/><T21/><D69/><U129/><E129/><V118/><F118/><W121/><G121/><T128/><D128/><U16/><E7/><V23/><F12/><W79/><G79/><T73/><D73/><RYUUKYOKU ba="3,1" sc="213,10,390,-30,333,10,54,10" hai0="20,21,22,39,42,44,56,57,63,71,99,100,104" hai2="23,24,31,35,46,47,49,51,52,53,88,94,97" hai3="13,14,50,54,62,67,70,83,84,91,92,93,95" /><INIT seed="7,4,1,1,1,79" ten="223,360,343,64" oya="3" hai0="8,130,38,24,73,90,46,108,26,39,74,6,80" hai1="127,0,25,75,35,105,107,22,132,88,87,82,71" hai2="47,63,13,65,43,60,83,1,17,70,7,92,31" hai3="64,58,68,115,99,37,28,45,59,109,55,78,69"/><W91/><G28/><T52/><D130/><U40/><E35/><V129/><F31/><W54/><G78/><T57/><D108/><U124/><E0/><V128/><F63/><N who="3" m="38007" /><G91/><T111/><D111/><U42/><E71/><N who="3" m="27210" /><G99/><T122/><D122/><U77/><E132/><V98/><F7/><W135/><G109/><T81/><D90/><U51/><E51/><V120/><F1/><W119/><G119/><T4/><D46/><U93/><E105/><V2/><F2/><W121/><G121/><T3/><D57/><U20/><E107/><V102/><F120/><W97/><G97/><T10/><D3/><U14/><E14/><V11/><REACH who="2" step="1"/><F83/><REACH who="2" ten="223,360,333,64" step="2"/><W9/><G9/><T19/><D19/><N who="1" m="12447" /><E22/><V134/><F134/><W125/><G135/><T48/><D74/><U96/><E75/><V112/><F112/><W21/><G21/><T49/><D73/><U113/><E113/><V15/><F15/><W116/><G116/><T84/><D84/><U53/><E124/><V44/><F44/><W100/><G115/><T114/><D114/><U67/><E127/><V56/><F56/><W33/><G33/><T23/><D23/><U126/><E126/><V118/><F118/><W95/><G125/><T34/><D34/><U133/><E133/><V103/><F103/><W110/><G110/><T106/><D106/><U61/><E67/><V94/><F94/><W18/><G18/><T76/><D76/><U32/><E32/><V36/><AGARI ba="4,2" hai="11,13,17,36,43,47,60,65,70,92,98,102,128,129" machi="36" ten="30,2000,0" yaku="1,1,0,1,53,0" doraHai="79" doraHaiUra="86" who="2" fromWho="2" sc="223,-9,360,-9,333,52,64,-14" owari="214,-19.0,351,15.0,385,49.0,50,-45.0" /></mjloggm>