<mjloggm ver="2.3"><GO type="225" lobby="0"/><UN n0="%E2%98%86%E9%BB%84%E7%80%AC%E3%82%84%E3%82%88%E3%81%84%E2%98%86" n1="%53%65%6E%61%72" n2="%E3%82%A6%E3%83%AB%E3%83%88%E3%83%A9%E7%AB%8B%E7%9B%B4" n3="%E8%92%BC%E6%9C%88%E6%BD%AE" dan="16,16,17,17" rate="2023.55,2053.96,2157.34,2165.77" sx="F,M,M,M"/><TAIKYOKU oya="0"/><INIT seed="0,0,0,3,3,52" ten="250,250,250,250" oya="0" hai0="5,33,48,131,134,8,7,42,43,101,113,109,110" hai1="92,115,50,123,94,128,118,127,61,41,17,66,132" hai2="38,63,103,15,104,73,24,130,14,12,49,6,32" hai3="68,116,57,11,25,35,64,95,54,58,133,107,84"/><T98/><D113/><U44/><E123/><V119/><F38/><W86/><G107/><T106/><D33/><U26/><E118/><V2/><F73/><W10/><G116/><T122/><D122/><U39/><E115/><V91/><F119/><W27/><G68/><T19/><D134/><U3/><E3/><V1/><F103/><W67/><G133/><T96/><D131/><U80/><E132/><V99/><F104/><W69/><G69/><T87/><D98/><U55/><E128/><V22/><F63/><N who="3" m="38007" /><G67/><T13/><D87/><N who="3" m="33321" /><G95/><T23/><D7/><U78/><E127/><V125/><F6/><W53/><G53/><T105/><D105/><U88/><E78/><V126/><F125/><W71/><G35/><T56/><D56/><N who="1" m="32887" /><E80/><V75/><F32/><W97/><G97/><T16/><D19/><U59/><E92/><V112/><F126/><W81/><G81/><T102/><D102/><U111/><E94/><N who="2" m="56799" /><F112/><W45/><G45/><T18/><D5/><U89/><E89/><V46/><F75/><W47/><G47/><T108/><D48/><U29/><E88/><V65/><F130/><W37/><G37/><T121/><D121/><U120/><E17/><N who="2" m="12367" /><F2/><W90/><G90/><T117/><D117/><U0/><E0/><V31/><F1/><W34/><G71/><T135/><D135/><U36/><E120/><V62/><F49/><N who="3" m="30927" /><G34/><T76/><D76/><U85/><E39/><V77/><F77/><W9/><AGARI ba="0,0" hai="9,10,11,25,27" m="30927,33321,38007" machi="9" ten="30,4000,0" yaku="8,1,52,2" doraHai="52" who="3" fromWho="3" sc="250,-20,250,-10,250,-10,250,40" /><INIT seed="1,0,0,1,1,126" ten="230,240,240,290" oya="1" hai0="23,5,46,107,43,61,66,103,52,70,3,21,135" hai1="48,99,49,59,60,10,121,100,117,94,54,113,35" hai2="85,1,74,18,50,45,114,92,63,57,78,24,130" hai3="28,123,109,6,17,86,30,16,64,47,111,119,88"/><U26/><E113/><V97/><F1/><W68/><G123/><T96/><D135/><U72/><E121/><V2/><F2/><W84/><G6/><T29/><D29/><N who="3" m="11369" /><G119/><T12/><D3/><U87/><E72/><V132/><F74/><W4/><G4/><T55/><D23/><U67/><E117/><V27/><F132/><W41/><G64/><T7/><D5/><U14/><E35/><V69/><F69/><W105/><G105/><T93/><D107/><U83/><E26/><V125/><F125/><W34/><G84/><T42/><D42/><U82/><E67/><V38/><F38/><N who="3" m="21943" /><G68/><T51/><REACH who="0" step="1"/><D21/><REACH who="0" ten="220,240,240,290" step="2"/><U127/><E127/><V102/><F114/><W65/><G34/><T36/><D36/><U90/><E82/><V58/><F18/><AGARI ba="0,1" hai="10,14,18,48,49,54,59,60,83,87,90,94,99,100" machi="18" ten="30,2900,0" yaku="7,1,8,1" doraHai="126" who="1" fromWho="2" sc="220,0,240,39,240,-29,290,0" /><INIT seed="1,1,0,3,2,107" ten="220,279,211,290" oya="1" hai0="1,2,26,52,19,33,37,81,129,127,3,49,9" hai1="83,123,93,82,47,98,43,135,132,126,13,84,11" hai2="133,77,25,78,31,88,20,39,69,91,105,8,102" hai3="110,59,97,79,53,44,85,17,63,62,21,71,121"/><U124/><E123/><V68/><F39/><W61/><G121/><T58/><D127/><N who="1" m="48683" /><E47/><V87/><F133/><N who="1" m="51273" /><E43/><V94/><F105/><W4/><G44/><T117/><D117/><U42/><E42/><V38/><F38/><W70/><G70/><T51/><D37/><U109/><E109/><V134/><F134/><W57/><G71/><T29/><D129/><U40/><E40/><V122/><F122/><W128/><G128/><T131/><D131/><U14/><E84/><V114/><F114/><W65/><G85/><T112/><D112/><U116/><E116/><V27/><F102/><W6/><G110/><T90/><D51/><U111/><E111/><V23/><F68/><W50/><G50/><T76/><D90/><N who="1" m="55607" /><E14/><V74/><F69/><W0/><G62/><T96/><D96/><U28/><E28/><V45/><F45/><W92/><G79/><T66/><D66/><U75/><E75/><V115/><F74/><W10/><G97/><T72/><REACH who="0" step="1"/><D1/><REACH who="0" ten="210,279,211,290" step="2"/><U89/><E89/><V120/><F91/><W16/><G0/><T5/><D5/><AGARI ba="1,1" hai="5,11,13,82,83" m="55607,51273,48683" machi="5" ten="30,2900,0" yaku="18,1,20,1" doraHai="107" who="1" fromWho="0" sc="210,-32,279,42,211,0,290,0" /><INIT seed="1,2,0,2,1,70" ten="178,321,211,290" oya="1" hai0="84,27,101,109,35,114,45,58,131,19,79,65,102" hai1="41,6,113,97,44,10,22,69,103,60,127,53,5" hai2="104,9,100,62,105,29,17,73,51,107,42,40,32" hai3="120,76,3,66,34,11,12,16,124,123,15,134,88"/><U126/><E113/><V125/><F73/><W81/><G34/><T0/><D0/><U80/><E80/><V4/><F125/><N who="1" m="47625" /><E22/><V99/><F17/><W37/><G81/><T135/><D135/><U119/><E119/><V83/><F83/><W68/><G134/><T112/><D109/><U75/><E75/><V23/><F23/><W98/><G124/><T72/><D131/><U121/><E121/><V59/><F29/><W28/><G28/><T54/><D72/><U7/><E53/><V85/><F85/><W30/><G120/><T24/><D35/><U36/><E60/><V49/><F32/><W82/><G82/><N who="0" m="47199" /><D114/><U38/><E69/><V118/><F118/><W74/><G68/><T18/><D112/><U67/><E67/><V25/><F25/><N who="0" m="9802" /><D65/><U92/><E36/><V21/><F21/><W39/><G66/><T55/><D45/><U13/><AGARI ba="2,0" hai="5,6,7,10,13,38,41,44,92,97,103" m="47625" machi="13" ten="30,3000,0" yaku="18,1,52,1" doraHai="70" who="1" fromWho="1" sc="178,-12,321,36,211,-12,290,-12" /><INIT seed="1,3,0,1,3,31" ten="166,357,199,278" oya="1" hai0="83,23,71,86,115,114,113,59,56,129,85,76,67" hai1="18,110,41,19,65,38,91,12,5,122,135,10,24" hai2="28,133,1,54,126,36,106,13,96,88,42,11,94" hai3="0,66,32,35,90,64,95,62,17,132,74,48,20"/><U92/><E122/><V80/><F126/><W93/><G74/><T43/><D129/><U44/><E135/><V27/><F133/><W101/><G132/><T118/><D118/><U117/><E117/><V69/><F69/><W111/><G0/><T70/><D43/><U108/><E65/><V39/><F1/><W87/><G111/><N who="1" m="42538" /><E24/><V107/><F80/><W105/><G105/><T103/><D103/><U89/><E89/><V73/><F73/><W60/><G48/><T50/><D85/><AGARI ba="3,0" hai="5,10,12,18,19,38,41,44,85,91,92" m="42538" machi="85" ten="30,2900,0" yaku="14,1,10,1" doraHai="31" who="1" fromWho="0" sc="166,-38,357,38,199,0,278,0" /><INIT seed="1,4,0,4,5,59" ten="128,395,199,278" oya="1" hai0="123,30,45,67,115,9,17,34,78,107,41,85,75" hai1="61,113,12,124,134,118,39,27,108,16,46,77,128" hai2="89,63,25,5,81,51,98,28,44,92,47,74,18" hai3="88,37,11,93,60,15,79,57,72,99,6,2,55"/><U48/><E113/><V122/><F122/><W120/><G37/><T32/><D115/><U50/><E118/><V31/><F5/><W87/><G120/><T53/><D123/><U105/><E105/><V126/><F126/><W111/><G111/><T14/><D75/><U22/><E124/><V130/><F130/><W24/><G2/><T26/><D107/><U7/><E128/><V35/><F47/><W114/><G114/><T70/><D53/><U83/><E108/><V91/><F63/><W100/><G24/><T58/><D70/><U19/><E134/><V42/><F31/><W103/><G72/><T76/><D34/><U95/><E7/><V135/><F18/><W116/><G116/><T84/><D76/><U4/><E4/><V52/><F135/><W23/><G23/><T102/><D102/><U66/><E95/><V71/><F71/><W101/><REACH who="3" step="1"/><G79/><REACH who="3" ten="128,395,199,268" step="2"/><T64/><D78/><U73/><E39/><V104/><F74/><W36/><G36/><T133/><D133/><U65/><E27/><V38/><F38/><W96/><AGARI ba="4,1" hai="6,11,15,55,57,60,87,88,93,96,99,100,101,103" machi="96" ten="30,12000,2" yaku="1,1,0,1,8,1,52,1,54,1,53,1" doraHai="59" doraHaiUra="80" who="3" fromWho="3" sc="128,-34,395,-64,199,-34,268,142" /><INIT seed="2,0,0,3,4,13" ten="94,331,165,410" oya="2" hai0="111,24,123,7,76,87,54,117,33,29,79,53,50" hai1="70,86,4,65,71,19,96,27,57,74,75,60,23" hai2="82,22,72,133,112,129,126,124,58,3,103,118,56" hai3="48,39,40,17,100,105,120,132,1,55,125,92,25"/><V45/><F3/><W127/><G1/><T80/><D123/><U15/><E71/><V32/><F32/><W59/><G105/><T34/><D111/><U28/><E4/><V81/><F118/><W6/><G120/><T106/><D117/><U68/><E68/><V97/><F112/><W64/><G6/><T114/><D114/><U61/><E96/><V47/><F129/><W10/><G64/><T44/><D106/><U36/><E36/><V46/><F97/><W42/><G132/><T18/><D7/><U113/><E113/><V134/><F22/><N who="3" m="13519" /><G39/><T51/><D34/><U12/><E86/><V98/><F98/><N who="3" m="59463" /><G10/><T5/><D5/><U9/><REACH who="1" step="1"/><E15/><REACH who="1" ten="94,321,165,410" step="2"/><V131/><F131/><W69/><G69/><T121/><D121/><U77/><E77/><V89/><F72/><W30/><G30/><T63/><D76/><U88/><E88/><V110/><F89/><W78/><G78/><T35/><D35/><U122/><E122/><V115/><F110/><W38/><G38/><T2/><D2/><U26/><E26/><V116/><F115/><W31/><G31/><T73/><D73/><U49/><E49/><V94/><F116/><W67/><G125/><T41/><D18/><U0/><E0/><V66/><F126/><W52/><G127/><T16/><D16/><U95/><E95/><V102/><F94/><W62/><G48/><N who="0" m="26639" /><D63/><U135/><E135/><V101/><F124/><W119/><G119/><T83/><D83/><N who="2" m="31754" /><F134/><W104/><G104/><T37/><D37/><U21/><E21/><V43/><F133/><W91/><G91/><T99/><D99/><RYUUKYOKU ba="0,1" sc="94,10,321,10,165,-30,410,10" hai0="24,29,33,50,51,53,54,79,80,87" hai1="9,12,19,23,27,28,57,60,61,65,70,74,75" hai3="40,42,52,55,59,62,67" /><INIT seed="3,1,1,4,0,91" ten="104,331,135,420" oya="3" hai0="65,98,39,74,84,33,134,103,52,119,21,80,44" hai1="100,63,29,101,82,35,104,90,86,40,27,45,41" hai2="121,115,50,10,126,79,99,28,3,12,34,113,95" hai3="106,46,26,19,89,58,13,118,5,31,60,8,128"/><W0/><G118/><T71/><D119/><U55/><E41/><V135/><F3/><W88/><G106/><T105/><D74/><U20/><E35/><V43/><F79/><W14/><G46/><T42/><D33/><U102/><E104/><V24/><F126/><W23/><G128/><T9/><D134/><U59/><REACH who="1" step="1"/><E102/><REACH who="1" ten="104,321,135,420" step="2"/><V112/><F43/><W7/><G7/><T108/><D108/><U110/><E110/><V25/><F135/><W4/><G5/><T93/><D105/><U114/><E114/><V15/><F113/><W77/><G77/><T123/><D123/><U11/><E11/><V16/><F10/><N who="3" m="6583" /><G0/><T36/><D9/><U116/><E116/><V6/><F121/><W61/><G61/><T130/><D130/><U56/><E56/><V107/><F107/><W53/><AGARI ba="1,2" hai="4,8,14,23,26,31,53,58,60,88,89" m="6583" machi="53" ten="30,3000,0" yaku="8,1,54,1" doraHai="91" who="3" fromWho="3" sc="104,-11,321,-11,135,-11,420,53" owari="93,-41.0,310,11.0,124,-28.0,473,58.0" /></mjloggm>