<mjloggm ver="2.3"><GO type="169" lobby="0"/><UN n0="%E5%B0%B1%E6%B4%BB%E7%94%9F%40%E5%B7%9D%E6%9D%91%E8%BB%8D%E5%9B%A3" n1="%E3%82%B8%E3%83%A3%E3%82%B9%E3%82%BF%E3%82%A6%E3%82%A7%E3%82%A4" n2="%E6%9D%B1%E9%A2%A8%E3%81%B1%E3%81%84%E3%82%93" n3="%53%69%6D%61%54%6F%6D%6F" dan="17,16,16,16" rate="2226.75,2095.90,2131.37,2062.51" sx="M,M,M,M"/><TAIKYOKU oya="0"/><INIT seed="0,0,0,4,5,84" ten="250,250,250,250" oya="0" hai0="4,52,72,12,50,117,38,19,135,9,60,88,83" hai1="37,101,80,107,69,59,113,108,8,53,121,6,111" hai2="112,93,127,40,64,79,42,95,91,128,70,47,86" hai3="90,61,118,7,54,2,99,18,89,103,29,87,67"/><T20/><D117/><U98/><E121/><V96/><F112/><W14/><G118/><T115/><D38/><U65/><E37/><V16/><F128/><W100/><G2/><T68/><D115/><U130/><E130/><V77/><F127/><W30/><G7/><T62/><D68/><U11/><E113/><V58/><F70/><W132/><G132/><T74/><D74/><U110/><E65/><V3/><F3/><W105/><G103/><T15/><D135/><U45/><E69/><V94/><F47/><W78/><G78/><N who="2" m="29705" /><F64/><W125/><G125/><T134/><D72/><U75/><E45/><V133/><F133/><W48/><G61/><T63/><D134/><U76/><REACH who="1" step="1"/><E6/><REACH who="1" ten="250,240,250,250" step="2"/><V56/><F56/><W21/><G67/><T51/><D52/><U120/><E120/><V116/><F58/><W92/><G90/><T26/><D26/><U81/><E81/><N who="2" m="49615" /><F116/><W31/><G31/><T126/><D126/><U28/><E28/><V57/><F57/><AGARI ba="0,1" hai="14,18,21,29,30,48,54,57,87,89,92,99,100,105" machi="57" ten="30,7700,0" yaku="7,1,25,2,52,1" doraHai="84" who="3" fromWho="2" sc="250,0,240,0,250,-77,250,87" /><INIT seed="1,0,0,0,1,90" ten="250,240,173,337" oya="1" hai0="64,38,96,89,115,130,75,15,80,108,132,20,128" hai1="84,72,65,44,82,98,105,119,21,77,123,68,79" hai2="58,122,28,118,135,48,67,30,109,100,83,71,13" hai3="60,97,133,31,52,53,42,66,116,22,4,107,11"/><U1/><E1/><V92/><F122/><W124/><G124/><T129/><D38/><U9/><E119/><V85/><F118/><W29/><G116/><T56/><D115/><U134/><E105/><V101/><F109/><W87/><G133/><T27/><D108/><U95/><E123/><V49/><F135/><W6/><G42/><T25/><D132/><U106/><E134/><V34/><F34/><W99/><G87/><T33/><D33/><U62/><E9/><V45/><F71/><W57/><G107/><T73/><D15/><U78/><E44/><V41/><F13/><N who="3" m="5351" /><G6/><T7/><D7/><U93/><E21/><V0/><F0/><W19/><G99/><T91/><D91/><BYE who="0" /><N who="1" m="53479" /><E95/><V23/><F23/><UN n0="%E5%B0%B1%E6%B4%BB%E7%94%9F%40%E5%B7%9D%E6%9D%91%E8%BB%8D%E5%9B%A3" /><W40/><G40/><T112/><D112/><U120/><E120/><V111/><F111/><W131/><G131/><T46/><D46/><U55/><E55/><N who="3" m="21066" /><G97/><T51/><D75/><U102/><BYE who="2" /><AGARI ba="0,0" hai="62,65,68,72,77,78,79,82,98,102,106" m="53479" machi="102" ten="30,3000,0" yaku="24,1,52,1" doraHai="90" who="1" fromWho="1" sc="250,-10,240,30,173,-10,337,-10" /><INIT seed="1,1,0,5,3,134" ten="240,270,163,327" oya="1" hai0="124,58,96,3,11,88,46,63,132,67,107,121,105" hai1="98,72,45,43,108,44,14,97,129,113,0,89,118" hai2="34,75,21,56,39,42,61,70,64,9,127,93,130" hai3="55,122,116,100,26,101,25,10,119,135,19,29,82"/><U17/><E113/><V133/><F133/><W38/><G122/><T83/><D132/><U4/><E118/><N who="3" m="45098" /><G135/><T117/><D117/><U92/><E129/><V81/><F81/><W8/><G38/><T13/><D3/><U94/><E72/><V90/><F90/><W30/><G82/><T65/><D121/><U106/><E106/><V1/><F1/><W27/><G55/><T112/><D112/><U41/><E108/><V37/><F37/><W16/><G100/><T110/><D110/><U78/><E78/><V109/><F109/><W28/><G101/><T6/><D67/><U59/><E4/><V31/><F31/><W71/><G71/><T115/><D124/><U120/><E0/><V35/><F35/><W74/><G74/><T126/><D126/><U66/><E120/><V76/><F76/><W114/><G114/><T40/><D115/><U80/><E80/><V22/><F22/><W99/><G99/><T12/><D12/><U62/><E43/><V20/><F20/><W95/><G95/><T24/><D24/><U77/><E41/><V68/><F68/><W102/><G102/><T52/><D65/><U23/><E77/><V50/><F50/><W111/><G111/><T33/><D33/><U84/><E84/><V53/><F53/><W5/><G5/><T85/><REACH who="0" step="1"/><D96/><REACH who="0" ten="230,270,163,327" step="2"/><U51/><E51/><AGARI ba="1,1" hai="6,11,13,40,46,51,52,58,63,83,85,88,105,107" machi="51" ten="30,8000,1" yaku="1,1,2,1,7,1,54,2,53,0" doraHai="134" doraHaiUra="125" who="0" fromWho="1" sc="230,93,270,-83,163,0,327,0" /><INIT seed="2,0,0,1,2,86" ten="323,187,163,327" oya="2" hai0="21,80,41,105,18,113,93,126,46,96,128,71,16" hai1="74,32,27,44,94,129,134,58,97,84,73,40,9" hai2="99,53,90,63,133,68,31,4,29,104,33,67,35" hai3="112,23,89,108,48,76,19,131,70,62,47,13,87"/><V60/><F60/><W111/><G131/><T45/><D105/><U54/><E129/><V43/><F43/><W123/><G123/><T88/><D71/><U69/><E69/><V124/><F124/><W24/><G112/><T75/><D113/><U7/><E134/><V6/><F6/><W83/><G70/><T25/><D126/><U66/><E66/><V100/><F100/><W103/><G103/><T38/><D128/><U122/><E84/><V42/><F42/><W109/><G62/><T30/><REACH who="0" step="1"/><D45/><REACH who="0" ten="313,187,163,327" step="2"/><U37/><E44/><V17/><F17/><W132/><G132/><T110/><D110/><U78/><E122/><V8/><F8/><W11/><G11/><T92/><D92/><U85/><E9/><V61/><F61/><W36/><G111/><T65/><D65/><U51/><E94/><V72/><F72/><W52/><G109/><T107/><D107/><U57/><E74/><V115/><F115/><W26/><G108/><T22/><D22/><U82/><E73/><V28/><F28/><W15/><G47/><T79/><AGARI ba="0,1" hai="16,18,21,25,30,38,41,46,75,79,80,88,93,96" machi="79" ten="30,8000,1" yaku="1,1,0,1,52,1,54,2,53,0" doraHai="86" doraHaiUra="102" who="0" fromWho="0" sc="313,90,187,-20,163,-40,327,-20" /><INIT seed="3,0,0,2,3,39" ten="403,167,123,307" oya="3" hai0="40,125,2,108,34,120,54,65,0,41,88,3,91" hai1="130,86,111,47,33,118,44,85,71,87,89,72,128" hai2="126,21,106,115,16,22,7,101,5,112,79,31,114" hai3="1,132,38,23,64,113,78,57,43,97,27,122,116"/><W35/><G116/><T76/><D34/><U10/><E33/><V75/><F75/><W74/><G122/><T77/><D120/><U99/><E72/><V45/><F45/><N who="1" m="17481" /><E71/><V98/><F98/><W80/><G113/><T37/><D37/><U134/><E118/><V42/><F42/><W83/><G35/><T32/><D32/><U105/><E10/><V9/><F9/><W94/><G38/><T73/><D73/><U123/><E123/><V95/><F95/><W52/><G43/><N who="0" m="16459" /><D65/><U90/><E134/><V50/><F50/><W121/><G132/><T110/><D54/><U124/><E111/><N who="0" m="42537" /><D125/><U109/><E109/><V70/><F70/><W117/><G117/><T58/><D58/><U36/><E36/><V69/><F69/><W82/><G64/><T135/><D135/><U61/><E124/><V19/><F19/><W103/><G121/><T46/><D46/><U6/><E6/><V107/><F107/><W51/><REACH who="3" step="1"/><G1/><REACH who="3" ten="403,167,123,297" step="2"/><T4/><D4/><U28/><E130/><V48/><F48/><W68/><G68/><T102/><D102/><U8/><E128/><V84/><F84/><W81/><G81/><T131/><D131/><U11/><E86/><V30/><F30/><AGARI ba="0,1" hai="23,27,30,51,52,57,74,78,80,82,83,94,97,103" machi="30" ten="30,11600,0" yaku="1,1,7,1,54,1,53,1" doraHai="39" doraHaiUra="25" who="3" fromWho="2" sc="403,0,167,0,123,-116,297,126" /><INIT seed="3,1,0,5,3,77" ten="403,167,7,423" oya="3" hai0="132,21,104,103,64,16,63,32,88,86,49,128,126" hai1="76,87,5,48,35,70,1,8,9,59,109,0,65" hai2="45,121,24,46,75,34,3,52,84,55,72,133,43" hai3="117,38,28,62,94,95,85,31,80,51,39,7,113"/><W101/><G113/><T60/><D32/><U19/><E35/><V96/><F96/><W61/><G117/><T67/><D126/><U112/><E112/><V110/><F110/><W57/><G39/><T14/><D128/><U23/><E70/><V83/><F83/><W71/><G38/><T108/><D132/><U135/><E109/><V122/><F122/><W53/><G7/><T106/><D108/><U130/><E130/><V56/><F56/><W115/><G115/><T102/><D104/><U22/><E135/><V78/><F78/><N who="3" m="46231" /><G71/><T116/><D49/><U89/><E76/><V131/><F131/><W68/><G68/><T15/><D15/><U33/><E33/><V42/><F42/><W4/><G4/><T105/><D105/><U36/><E36/><V58/><F58/><W123/><G123/><T98/><D116/><U20/><E65/><N who="0" m="25161" /><D106/><U90/><E0/><V17/><F17/><W30/><G101/><N who="0" m="38411" /><D98/><U107/><E107/><V29/><F29/><N who="3" m="7427" /><W37/><DORA hai="82" /><G37/><T40/><D40/><U26/><E1/><V47/><F47/><W81/><G81/><AGARI ba="1,0" hai="14,16,21,60,63,81,86,88" m="38411,25161" machi="81" ten="30,8000,1" yaku="8,1,52,2,54,2" doraHai="77,82" who="0" fromWho="3" sc="403,83,167,0,7,0,423,-83" /><INIT seed="4,0,0,5,3,58" ten="486,167,7,340" oya="0" hai0="0,71,61,115,108,52,112,82,97,83,79,47,57" hai1="29,20,93,43,92,12,73,119,81,118,21,96,133" hai2="121,117,56,15,87,37,34,30,130,4,48,95,128" hai3="91,51,24,111,132,80,6,116,62,14,70,122,127"/><T5/><D108/><U53/><E43/><V13/><F13/><W131/><G111/><T35/><D35/><U38/><E38/><V25/><F25/><W110/><G110/><T66/><D5/><U85/><E73/><V33/><F33/><W90/><G116/><T109/><D0/><U22/><E133/><V100/><F100/><W77/><G132/><T126/><D126/><U84/><E29/><V102/><F102/><W60/><G127/><T26/><D26/><U17/><E118/><V18/><F18/><W65/><G131/><T114/><D109/><U89/><E119/><V7/><F7/><W49/><G122/><T99/><D47/><U75/><E75/><V27/><F27/><W36/><G36/><T10/><D10/><U50/><E85/><V124/><F124/><W19/><G6/><T3/><D3/><U11/><REACH who="1" step="1"/><E96/><REACH who="1" ten="486,157,7,340" step="2"/><N who="0" m="36937" /><D79/><U44/><AGARI ba="0,1" hai="11,12,17,20,21,22,44,50,53,81,84,89,92,93" machi="44" ten="30,12000,2" yaku="1,1,0,1,25,2,8,1,53,1" doraHai="58" doraHaiUra="8" who="1" fromWho="1" sc="486,-60,157,130,7,-30,340,-30" owari="426,52.0,287,-11.0,-23,-52.0,310,11.0" /></mjloggm>