<mjloggm ver="2.3"><GO type="169" lobby="0"/><UN n0="%6A%75%6D%70%2D%75%70" n1="%E5%B0%B1%E6%B4%BB%E7%94%9F%40%E5%B7%9D%E6%9D%91%E8%BB%8D%E5%9B%A3" n2="%E9%BB%92%E7%8A%AC%40%E3%81%A6%E3%82%93%E3%81%BB%E3%83%BC" n3="%6B%E3%81%AE%64%65%73%75" dan="16,17,16,16" rate="2166.02,2204.79,2178.24,2111.91" sx="M,M,F,M"/><TAIKYOKU oya="0"/><INIT seed="0,0,0,1,2,2" ten="250,250,250,250" oya="0" hai0="26,36,72,112,135,34,50,83,35,61,56,93,0" hai1="59,74,42,63,37,25,28,92,101,46,19,98,60" hai2="90,77,114,58,65,55,9,12,115,73,105,4,66" hai3="27,88,129,94,89,80,31,122,126,124,10,86,17"/><T48/><D112/><U38/><E74/><V51/><F105/><W84/><G129/><T85/><D36/><U134/><E134/><V6/><F77/><W39/><G39/><T44/><D135/><U81/><E81/><V132/><F73/><W87/><G122/><T68/><D50/><U117/><E117/><V131/><F132/><W113/><G113/><T3/><D68/><U125/><E125/><N who="3" m="48234" /><G87/><T16/><D93/><U33/><E60/><V30/><F131/><W78/><G78/><T52/><D35/><U91/><E19/><V71/><F30/><W67/><G67/><N who="2" m="25609" /><F71/><W128/><G128/><T104/><D34/><U120/><E120/><V32/><F32/><N who="3" m="20607" /><G17/><T116/><D104/><U82/><E38/><V108/><F108/><W99/><G86/><T79/><D116/><U96/><E82/><V70/><F70/><W97/><G99/><T40/><REACH who="0" step="1"/><D72/><REACH who="0" ten="240,250,250,250" step="2"/><U102/><E98/><V119/><F119/><W123/><G123/><T43/><D43/><U7/><E101/><V62/><F115/><W110/><G10/><T21/><AGARI ba="0,1" hai="0,3,16,21,26,40,44,48,52,56,61,79,83,85" machi="21" ten="30,12000,1" yaku="1,1,0,1,54,2,53,1" doraHai="2" doraHaiUra="76" who="0" fromWho="0" sc="240,130,250,-40,250,-40,250,-40" /><INIT seed="0,1,0,0,3,66" ten="370,210,210,210" oya="0" hai0="128,98,4,75,39,5,50,52,65,43,91,88,37" hai1="45,27,24,8,56,30,61,70,107,112,100,59,71" hai2="109,51,35,77,72,10,73,110,134,69,22,124,11" hai3="76,83,64,82,113,34,21,114,74,38,19,97,118"/><T18/><D128/><U17/><E112/><V90/><F35/><W12/><G118/><T111/><D75/><U41/><E107/><V42/><F134/><W48/><G38/><T103/><D39/><U54/><E100/><V68/><F22/><W25/><G97/><T44/><D65/><U81/><E81/><V23/><F23/><W106/><G106/><T36/><D36/><U2/><E59/><V125/><F90/><N who="0" m="34346" /><D37/><U93/><E93/><V6/><F51/><W127/><G127/><N who="2" m="48713" /><F42/><W129/><G129/><T95/><D111/><N who="2" m="42506" /><F77/><W13/><G64/><T87/><D87/><U3/><E41/><V15/><F11/><W20/><G82/><T96/><D96/><U7/><E45/><V130/><F130/><W117/><G117/><T102/><D102/><U46/><E46/><V101/><F101/><W55/><G34/><T49/><D18/><U0/><E17/><V135/><F135/><W14/><REACH who="3" step="1"/><G21/><REACH who="3" ten="370,210,210,200" step="2"/><T132/><D132/><U115/><E115/><V47/><F47/><AGARI ba="1,1" hai="12,13,14,19,20,25,47,48,55,74,76,83,113,114" machi="47" ten="40,2600,0" yaku="1,1,2,1,53,0" doraHai="66" doraHaiUra="120" who="3" fromWho="2" sc="370,0,210,0,210,-29,200,39" /><AGARI ba="1,0" hai="4,5,43,44,47,49,50,52,95,98,103" m="34346" machi="47" ten="30,5800,0" yaku="8,1,54,2" doraHai="66" who="0" fromWho="2" sc="370,58,210,0,181,-58,239,0" /><INIT seed="0,2,0,4,0,45" ten="428,210,123,239" oya="0" hai0="129,62,116,47,26,17,25,58,61,22,76,15,36" hai1="23,119,103,72,13,102,35,32,56,133,60,101,68" hai2="107,73,71,87,31,64,59,78,43,33,10,109,104" hai3="96,117,52,0,50,94,40,114,48,84,51,46,66"/><T91/><D116/><U108/><E119/><V49/><F73/><W70/><G114/><T128/><D76/><U125/><E72/><V134/><F134/><W85/><G117/><T90/><D47/><U81/><E133/><V8/><F71/><W69/><G0/><T79/><D79/><U4/><E125/><V111/><F31/><W6/><G6/><T100/><D100/><U74/><E108/><N who="2" m="41547" /><F33/><W105/><G105/><N who="2" m="40521" /><F43/><W1/><G1/><T57/><D36/><U12/><E68/><V3/><F3/><W124/><G124/><T93/><D93/><U123/><E123/><V89/><F78/><W118/><G118/><T16/><D15/><U127/><E127/><V121/><F121/><W95/><G66/><T53/><D53/><U92/><E74/><V82/><F64/><W18/><G69/><T77/><D77/><U29/><E81/><V2/><F2/><W99/><G70/><T63/><D63/><U19/><E92/><N who="3" m="35370" /><G18/><T30/><D30/><U14/><E29/><V24/><F24/><W9/><G9/><T7/><D7/><U88/><E4/><V42/><F42/><W44/><G51/><T11/><D11/><U113/><E113/><V65/><F65/><W21/><G21/><AGARI ba="2,0" hai="16,17,21,22,25,26,57,58,61,62,90,91,128,129" machi="21" ten="25,4800,0" yaku="22,2,54,1" doraHai="45" who="0" fromWho="3" sc="428,54,210,0,123,0,239,-54" /><INIT seed="0,3,0,4,1,41" ten="482,210,123,185" oya="0" hai0="44,39,72,0,133,18,53,99,83,111,89,57,25" hai1="104,98,69,96,23,109,64,107,35,88,17,117,106" hai2="14,5,108,48,125,15,81,61,29,28,16,1,95" hai3="31,128,77,103,114,68,9,93,110,105,20,11,40"/><T38/><D0/><U116/><E35/><V129/><F1/><W58/><G114/><T91/><D133/><U4/><E4/><V51/><F129/><W56/><G110/><T45/><D111/><U82/><E109/><V8/><F108/><W85/><G105/><T52/><D72/><U33/><E33/><V118/><F118/><W19/><G68/><T7/><D7/><U49/><E69/><V26/><F125/><W66/><G128/><T3/><D3/><U126/><E64/><V21/><F29/><W127/><G31/><T123/><D123/><U73/><E126/><V119/><F119/><W37/><G127/><T75/><D75/><U59/><E59/><N who="3" m="22570" /><G40/><T130/><D130/><U46/><E73/><V113/><F113/><W67/><G37/><T70/><D70/><U65/><E65/><N who="3" m="24586" /><G77/><T42/><D42/><U80/><E116/><V24/><F61/><W34/><G34/><T6/><D6/><U47/><E117/><V79/><F95/><W76/><G76/><T71/><D71/><U74/><E74/><V32/><REACH who="2" step="1"/><F26/><REACH who="2" ten="482,210,113,185" step="2"/><N who="3" m="14623" /><G85/><AGARI ba="3,1" hai="5,8,14,15,16,21,24,28,32,48,51,79,81,85" machi="85" ten="30,3900,0" yaku="1,1,7,1,54,1,53,0" doraHai="41" doraHaiUra="115" who="2" fromWho="3" sc="482,0,210,0,113,58,185,-48" /><INIT seed="1,0,0,1,0,77" ten="482,210,171,137" oya="1" hai0="91,62,35,26,31,76,1,37,13,16,95,122,57" hai1="120,107,38,40,74,43,34,29,72,21,58,104,96" hai2="36,130,7,81,18,86,93,85,80,10,82,87,60" hai3="52,119,14,100,99,11,105,126,118,0,65,75,63"/><U23/><E120/><V134/><F36/><W17/><G126/><T5/><D122/><U41/><E38/><V22/><F130/><W115/><G115/><T73/><D37/><U24/><E58/><V108/><F134/><W132/><G132/><T44/><D44/><U127/><E127/><V103/><F108/><W12/><G0/><T129/><D129/><U116/><E116/><V2/><F60/><W111/><G111/><T90/><D5/><U59/><E59/><V32/><F32/><W113/><G113/><T109/><D1/><U112/><E96/><V117/><F117/><W89/><G75/><T94/><D109/><U66/><E66/><V101/><REACH who="2" step="1"/><F93/><REACH who="2" ten="482,210,161,137" step="2"/><W135/><G135/><T133/><D95/><U25/><E112/><V9/><F9/><W4/><G118/><T125/><D94/><U27/><E34/><V47/><F47/><W84/><G119/><T61/><D61/><U46/><E46/><V110/><F110/><W33/><G33/><T8/><D125/><U45/><E45/><V98/><F98/><W114/><G114/><T6/><D133/><U67/><E67/><V54/><F54/><W19/><G52/><T106/><D57/><U20/><REACH who="1" step="1"/><E29/><REACH who="1" ten="482,200,161,137" step="2"/><V97/><F97/><W49/><G65/><T131/><D31/><U68/><E68/><V124/><F124/><W78/><G99/><T121/><D35/><U39/><E39/><V53/><F53/><W64/><G64/><T3/><D131/><U83/><E83/><V15/><AGARI ba="0,2" hai="2,7,10,15,18,22,80,81,82,85,86,87,101,103" machi="15" ten="30,8000,1" yaku="1,1,0,1,52,3,53,0" doraHai="77" doraHaiUra="70" who="2" fromWho="2" sc="482,-20,200,-40,161,100,137,-20" /><INIT seed="2,0,0,3,0,53" ten="462,160,261,117" oya="2" hai0="75,78,45,13,84,49,90,42,56,2,30,110,18" hai1="89,52,71,109,94,54,99,51,68,5,87,121,22" hai2="86,60,123,65,6,105,48,82,77,38,64,55,92" hai3="12,117,15,135,97,83,66,104,118,114,69,122,103"/><V88/><F38/><W126/><G122/><T95/><D110/><U72/><E72/><V107/><F123/><W59/><G126/><T3/><D30/><U34/><E34/><V124/><F6/><W37/><G135/><T20/><D78/><U74/><E74/><V24/><F24/><W17/><G37/><T93/><D75/><U29/><E121/><V80/><F124/><W62/><G114/><T106/><D106/><U46/><E109/><V8/><F8/><W131/><G131/><T127/><D127/><U14/><E54/><V19/><F19/><W44/><G44/><T132/><D132/><U73/><E73/><V112/><F112/><W35/><G35/><T85/><D56/><U70/><E5/><V134/><F134/><W11/><G69/><T28/><D28/><U43/><E14/><V7/><F7/><W10/><REACH who="3" step="1"/><G83/><REACH who="3" ten="462,160,261,107" step="2"/><T100/><D45/><U47/><E43/><V128/><F128/><W32/><G32/><T108/><D42/><U130/><E130/><V96/><F82/><W115/><G115/><T40/><D108/><U129/><E129/><V113/><F113/><W33/><G33/><T27/><D40/><U25/><REACH who="1" step="1"/><E47/><REACH who="1" ten="462,150,261,107" step="2"/><V0/><F0/><W4/><AGARI ba="0,2" hai="4,10,11,12,15,17,59,62,66,97,103,104,117,118" machi="4" ten="20,8000,1" yaku="1,1,0,1,7,1,52,1,53,1" doraHai="53" doraHaiUra="61" who="3" fromWho="3" sc="462,-20,150,-20,261,-40,107,100" /><INIT seed="3,0,0,0,4,97" ten="442,130,221,207" oya="3" hai0="22,118,55,64,126,40,114,6,109,135,88,51,23" hai1="42,24,41,78,7,65,49,128,122,16,52,117,10" hai2="31,113,20,68,58,62,14,82,91,87,96,133,59" hai3="5,9,95,106,105,70,104,57,0,115,1,27,8"/><W101/><G70/><T69/><D118/><U72/><E122/><V48/><F113/><W18/><G115/><T66/><D114/><U30/><E117/><V15/><F133/><W98/><G57/><T50/><D135/><U35/><E128/><V92/><F68/><W80/><G80/><T89/><D126/><U131/><E131/><V71/><F71/><W86/><G86/><T83/><D109/><U76/><E65/><N who="0" m="25193" /><D6/><U99/><E99/><V53/><F31/><W39/><G39/><T100/><D100/><U56/><E72/><V29/><F29/><W127/><G127/><T47/><D69/><U85/><E85/><V60/><F20/><N who="0" m="7722" /><D83/><U38/><E7/><V21/><F21/><W11/><G27/><T124/><D124/><U34/><E34/><V103/><F48/><W84/><G5/><T119/><D119/><U44/><REACH who="1" step="1"/><E41/><REACH who="1" ten="442,120,221,207" step="2"/><V67/><AGARI ba="0,1" hai="14,15,53,58,59,60,62,67,82,87,91,92,96,103" machi="67" ten="20,5200,0" yaku="0,1,7,1,8,1,52,1" doraHai="97" who="2" fromWho="2" sc="442,-13,120,-13,221,62,207,-26" /><INIT seed="4,0,0,5,4,62" ten="429,107,283,181" oya="0" hai0="94,61,119,97,31,106,5,101,78,73,12,63,25" hai1="129,131,81,6,67,72,74,35,23,22,15,95,79" hai2="45,121,29,110,37,30,99,10,87,126,28,82,32" hai3="108,16,58,44,56,88,96,86,90,85,49,127,92"/><T57/><D119/><U40/><E35/><V75/><F75/><W13/><G127/><T50/><D63/><U18/><E6/><V133/><F121/><W60/><G108/><T66/><D50/><U70/><E74/><V54/><F110/><W135/><G135/><T124/><D106/><U0/><E0/><V103/><F133/><W83/><G86/><T113/><D124/><U3/><E3/><V9/><F32/><W2/><G60/><T117/><D113/><U42/><E95/><N who="2" m="58879" /><F37/><W55/><REACH who="3" step="1"/><G2/><REACH who="3" ten="429,107,283,171" step="2"/><T24/><D73/><U91/><E129/><V76/><F126/><W98/><G98/><T14/><D117/><U20/><E131/><V34/><F34/><W48/><G48/><AGARI ba="0,1" hai="9,10,28,29,30,45,48,54,76,82,87" m="58879" machi="48" ten="30,1000,0" yaku="8,1" doraHai="62" who="2" fromWho="3" sc="429,0,107,0,283,20,171,-10" /><INIT seed="5,0,0,1,2,53" ten="429,107,303,161" oya="1" hai0="32,39,25,94,0,55,105,128,117,86,31,79,125" hai1="118,56,54,127,97,42,93,82,135,34,3,108,113" hai2="83,47,104,74,129,68,17,119,4,43,10,23,33" hai3="5,102,121,126,18,21,87,62,98,67,58,45,85"/><U9/><E118/><V76/><F68/><W19/><G126/><T52/><D39/><U89/><E34/><V134/><F33/><W112/><G112/><T46/><D105/><U100/><E127/><V63/><F104/><W38/><G121/><T107/><D107/><U26/><E113/><V103/><F103/><W44/><G5/><T41/><D0/><U40/><E135/><V78/><F78/><W59/><G38/><T66/><D66/><U36/><E108/><V12/><F134/><W8/><G8/><T120/><D128/><U7/><E36/><V122/><F122/><W37/><G37/><T1/><D1/><U80/><E26/><V65/><F65/><W71/><G71/><T99/><D120/><U84/><REACH who="1" step="1"/><E80/><REACH who="1" ten="429,97,303,161" step="2"/><V77/><F83/><W69/><G69/><T20/><D117/><U130/><E130/><V27/><F119/><W132/><G132/><T133/><D32/><U123/><E123/><V92/><F129/><W6/><G6/><T72/><D125/><U11/><E11/><V60/><F4/><W2/><G2/><T124/><D124/><U114/><E114/><V115/><F10/><W116/><G116/><T88/><D133/><U48/><AGARI ba="0,1" hai="3,7,9,40,42,48,54,56,82,84,89,93,97,100" machi="48" ten="20,12000,1" yaku="1,1,0,1,7,1,52,1,53,1" doraHai="53" doraHaiUra="50" who="1" fromWho="1" sc="429,-40,97,130,303,-40,161,-40" /><INIT seed="5,1,0,5,4,67" ten="389,227,263,121" oya="1" hai0="109,94,127,10,81,14,114,100,5,27,123,72,23" hai1="2,74,128,22,77,69,112,84,76,99,57,79,125" hai2="132,103,3,115,11,41,117,101,63,36,44,95,98" hai3="12,62,28,19,131,18,25,68,90,88,42,1,85"/><U135/><E74/><V110/><F117/><W6/><G131/><T48/><D127/><U97/><E2/><V108/><F103/><W126/><G126/><T133/><D133/><U92/><E125/><V122/><F122/><W102/><G102/><T52/><D114/><U8/><E69/><V24/><F132/><W50/><G1/><T47/><D109/><U66/><E135/><V40/><F40/><W129/><G129/><T106/><D106/><U73/><E73/><V71/><F115/><W20/><G6/><T38/><D38/><U0/><E128/><V39/><F39/><W60/><G68/><T56/><D72/><U120/><E120/><V119/><F119/><W118/><G118/><T113/><D113/><U21/><E8/><V130/><F130/><W116/><G116/><T65/><D81/><U33/><E33/><V17/><F24/><W59/><G19/><T87/><D65/><U61/><E0/><V111/><F3/><W4/><G4/><T16/><D123/><U75/><E75/><V91/><F101/><W54/><G42/><T83/><D100/><U15/><E112/><V49/><F36/><W78/><G78/><N who="0" m="46583" /><D94/><U96/><REACH who="1" step="1"/><E15/><REACH who="1" ten="389,217,263,121" step="2"/><N who="2" m="7423" /><F71/><W70/><G70/><T124/><D124/><U134/><E134/><V105/><F105/><W104/><G104/><T121/><D121/><U82/><E82/><V51/><F111/><W13/><G12/><T43/><D43/><U53/><E53/><V86/><F110/><W30/><G13/><T55/><D55/><U107/><E107/><V80/><F108/><W35/><G35/><T7/><D5/><RYUUKYOKU ba="1,1" sc="389,15,217,15,263,-15,121,-15" hai0="7,10,14,16,23,27,47,48,52,56" hai1="21,22,57,61,66,76,77,79,84,92,96,97,99" /><INIT seed="5,2,1,2,4,31" ten="404,232,248,106" oya="1" hai0="15,9,117,23,47,50,26,65,95,114,42,25,35" hai1="116,111,107,100,3,58,91,128,11,56,21,127,27" hai2="119,30,123,93,74,48,44,108,34,52,109,77,81" hai3="75,96,104,53,1,118,66,16,73,51,124,49,106"/><U71/><E116/><V14/><F119/><W64/><G118/><T39/><D114/><U40/><E71/><V70/><F70/><W103/><G124/><T5/><D117/><U45/><E127/><V79/><F123/><W54/><G1/><T0/><D65/><U29/><E128/><V83/><F14/><W122/><G122/><T121/><D121/><U13/><E3/><V129/><F129/><W22/><G22/><T94/><D39/><U120/><E120/><V68/><F68/><W72/><G96/><T46/><D46/><U134/><E134/><V33/><F93/><W110/><G110/><T126/><D126/><U18/><E111/><V85/><REACH who="2" step="1"/><F34/><REACH who="2" ten="404,232,238,106" step="2"/><W89/><G104/><T113/><D94/><U62/><E107/><V6/><F6/><W2/><G106/><T69/><D95/><U102/><E91/><V99/><F99/><W84/><G2/><T24/><D69/><U98/><E98/><V55/><F55/><W80/><G53/><T10/><D35/><U78/><E78/><V28/><F28/><W17/><G103/><T41/><D41/><U82/><E82/><V32/><F32/><W86/><G54/><T61/><D42/><U8/><E8/><V132/><F132/><W105/><G105/><T133/><D9/><U57/><REACH who="1" step="1"/><E62/><REACH who="1" ten="404,222,238,106" step="2"/><V43/><F43/><W67/><REACH who="3" step="1"/><G84/><REACH who="3" ten="404,222,238,96" step="2"/><T115/><D0/><U131/><E131/><V76/><F76/><W135/><G135/><T63/><D133/><U37/><AGARI ba="2,4" hai="11,13,18,21,27,29,37,40,45,56,57,58,100,102" machi="37" ten="30,3000,0" yaku="1,1,0,1,53,0" doraHai="31" doraHaiUra="88" who="1" fromWho="1" sc="404,-12,222,76,238,-12,96,-12" /><INIT seed="5,3,0,0,5,15" ten="392,298,226,84" oya="1" hai0="38,102,35,115,73,125,9,60,70,101,34,120,4" hai1="83,118,109,135,33,69,20,58,6,103,11,96,3" hai2="108,36,79,50,57,81,126,2,61,114,62,133,23" hai3="40,1,22,14,0,87,19,134,65,72,55,129,59"/><U17/><E118/><V28/><F2/><W123/><G72/><T90/><D35/><U49/><E69/><V117/><F36/><W97/><G134/><T100/><D34/><U80/><E33/><V13/><F117/><W7/><G129/><T113/><D38/><U18/><E135/><V85/><F108/><W111/><G111/><T54/><D73/><U110/><E110/><V94/><F133/><W128/><G128/><T47/><D125/><U51/><E109/><V76/><F114/><W12/><G123/><T5/><D120/><U39/><E39/><V75/><F75/><W66/><G40/><T64/><D90/><U77/><E51/><V84/><F126/><W104/><G1/><T24/><D24/><U63/><E49/><V37/><F37/><W131/><G0/><T46/><D54/><U74/><E20/><V45/><F57/><W41/><G41/><T27/><D27/><U92/><REACH who="1" step="1"/><E80/><REACH who="1" ten="392,288,226,84" step="2"/><V82/><F50/><W105/><G22/><T99/><D113/><U48/><E48/><V89/><F23/><W56/><G131/><T29/><D115/><U26/><E26/><V132/><F132/><W53/><G56/><T43/><D70/><U124/><E124/><V127/><F127/><W44/><G59/><T119/><D119/><U121/><E121/><V52/><F82/><W106/><G44/><T25/><D47/><U91/><E91/><V107/><F45/><W71/><G71/><T78/><D46/><U130/><E130/><V42/><F81/><W16/><G65/><AGARI ba="3,1" hai="3,6,11,17,18,58,63,65,74,77,83,92,96,103" machi="65" ten="30,11600,0" yaku="1,1,7,1,52,2,53,0" doraHai="15" doraHaiUra="112" who="1" fromWho="3" sc="392,0,288,135,226,0,84,-125" owari="392,19.0,423,52.0,226,-17.0,-41,-54.0" /></mjloggm>