<mjloggm ver="2.3"><GO type="41" lobby="0"/><UN n0="%E3%82%8C%E3%81%98%50" n1="%E3%82%B8%E3%83%A3%E3%83%93%E3%83%BC%EF%BC%A0" n2="%E6%B5%B7%E8%8B%94%E3%83%8E%E5%8A%A9" n3="%E5%B0%B1%E6%B4%BB%E7%94%9F%40%E5%B7%9D%E6%9D%91%E8%BB%8D%E5%9B%A3" dan="14,15,14,18" rate="1979.03,1957.35,1922.97,2219.88" sx="M,M,M,M"/><TAIKYOKU oya="0"/><INIT seed="0,0,0,3,3,32" ten="250,250,250,250" oya="0" hai0="123,121,71,128,46,21,127,100,39,64,14,108,8" hai1="132,62,117,59,74,30,4,73,28,115,63,111,50" hai2="29,124,113,75,134,110,130,88,120,66,85,97,105" hai3="122,44,3,2,96,23,126,79,81,51,6,40,119"/><T42/><D128/><U107/><E117/><V5/><F66/><W90/><G119/><T65/><D127/><U7/><E115/><V16/><F29/><W114/><G114/><T26/><D100/><U57/><E132/><V103/><F120/><W70/><G70/><T47/><D47/><U19/><E19/><V80/><F113/><W129/><G6/><T27/><D27/><U116/><E50/><V11/><F130/><W17/><G129/><T83/><D83/><U31/><E116/><V45/><F110/><W87/><G126/><T95/><D95/><U91/><E91/><V131/><F131/><W112/><G112/><T106/><D106/><U41/><E41/><V12/><F124/><W52/><G40/><T72/><D72/><U53/><E53/><V78/><F134/><W102/><G79/><T86/><D86/><U54/><E54/><V133/><F133/><W99/><G99/><T68/><D108/><U10/><E10/><V109/><F109/><W33/><G33/><T20/><D20/><U25/><E25/><V92/><F45/><W93/><G122/><N who="0" m="46603" /><D68/><U60/><E111/><V56/><F56/><W84/><G84/><T94/><D94/><U135/><E135/><V22/><F22/><W43/><G43/><T82/><D82/><U38/><E38/><V1/><F1/><W48/><G48/><T35/><D35/><U36/><E36/><V61/><F61/><N who="1" m="15617" /><U67/><DORA hai="98" /><E67/><V18/><AGARI ba="0,0" hai="5,11,12,16,18,75,78,80,85,88,92,97,103,105" machi="18" ten="30,12000,2" yaku="0,1,24,2,52,1,54,2" doraHai="32,98" who="2" fromWho="2" sc="250,-60,250,-30,250,120,250,-30" /><INIT seed="1,0,0,1,4,75" ten="190,220,370,220" oya="1" hai0="0,58,91,60,69,74,107,16,17,88,86,13,44" hai1="94,118,122,14,102,133,82,132,105,123,39,29,55" hai2="50,40,125,11,6,120,130,3,21,97,47,34,95" hai3="108,99,37,25,53,28,35,30,23,1,117,129,36"/><U65/><E118/><V31/><F120/><W59/><G1/><T114/><D69/><U32/><E65/><V43/><F130/><W134/><G108/><T72/><D0/><U27/><E39/><V135/><F135/><N who="1" m="51785" /><E105/><V26/><F125/><W77/><G129/><T98/><D44/><U15/><E55/><V85/><F85/><W79/><G134/><T121/><D114/><U41/><E41/><V56/><F56/><W67/><G67/><T131/><D131/><U49/><E49/><V61/><F61/><W46/><G46/><T92/><D121/><N who="1" m="46091" /><E82/><V63/><F63/><W78/><G117/><T100/><D91/><U64/><E64/><V128/><F128/><W109/><G109/><T84/><D86/><U112/><E112/><V90/><F34/><W115/><G115/><T124/><D124/><U24/><E24/><V89/><F89/><W110/><G110/><T54/><REACH who="0" step="1"/><D17/><REACH who="0" ten="180,220,370,220" step="2"/><U71/><E71/><V20/><F43/><W62/><G99/><AGARI ba="0,1" hai="14,15,27,29,32,94,99,102" m="46091,51785" machi="99" ten="30,1500,0" yaku="20,1" doraHai="75" who="1" fromWho="3" sc="180,0,220,25,370,0,220,-15" /><INIT seed="1,1,0,0,4,50" ten="180,245,370,205" oya="1" hai0="123,93,14,122,109,56,118,44,120,65,114,99,8" hai1="135,63,90,64,102,7,80,53,10,106,95,37,34" hai2="24,38,67,41,48,55,9,134,71,23,108,126,33" hai3="62,18,57,84,91,131,96,11,133,5,70,92,85"/><U81/><E135/><V16/><F134/><W25/><G70/><T112/><D118/><U124/><E124/><V88/><F126/><W132/><G131/><T46/><D109/><U4/><E34/><V51/><F108/><W115/><G115/><T59/><D112/><U94/><E37/><V36/><F67/><W49/><G49/><T3/><D3/><U117/><E117/><V97/><F71/><W19/><G132/><T75/><D75/><U2/><E106/><V1/><F33/><W28/><G133/><T130/><D130/><U125/><E125/><V113/><F113/><W103/><G5/><N who="0" m="3343" /><D114/><U76/><E4/><V27/><F27/><W78/><G78/><T61/><D56/><U128/><E128/><V111/><F111/><W15/><G19/><T127/><D127/><U52/><E102/><AGARI ba="1,0" hai="44,46,59,61,65,93,99,102,120,122,123" m="3343" machi="102" ten="30,1000,0" yaku="13,1" doraHai="50" who="0" fromWho="1" sc="180,13,245,-13,370,0,205,0" /><INIT seed="2,0,0,3,3,132" ten="193,232,370,205" oya="2" hai0="62,3,63,106,113,46,18,129,15,23,119,76,98" hai1="125,104,108,6,71,73,107,95,20,40,80,66,103" hai2="50,131,77,87,101,10,32,122,123,91,47,12,99" hai3="31,85,5,79,42,93,0,109,39,28,81,65,84"/><V118/><F32/><W14/><G109/><T21/><D3/><U97/><E108/><V35/><F35/><W121/><G121/><T57/><D113/><U115/><E115/><V92/><F118/><W30/><G65/><T128/><D76/><U22/><E40/><V19/><F131/><W130/><G130/><N who="0" m="50283" /><D46/><U74/><E6/><V135/><F77/><W38/><G0/><T105/><D23/><U64/><E125/><V4/><F135/><W36/><G42/><T86/><D98/><U89/><E71/><V83/><REACH who="2" step="1"/><F4/><REACH who="2" ten="193,232,360,205" step="2"/><W116/><G116/><T69/><D119/><U70/><E70/><V1/><F1/><W117/><G117/><T24/><D69/><U25/><E73/><V58/><F58/><W120/><G120/><T51/><D57/><U110/><E74/><V26/><F26/><W134/><G134/><T56/><D24/><U114/><E25/><V54/><AGARI ba="0,1" hai="10,12,19,47,50,54,83,87,91,92,99,101,122,123" machi="54" ten="20,12000,1" yaku="1,1,0,1,7,1,25,2,53,0" doraHai="132" doraHaiUra="133" who="2" fromWho="2" sc="193,-40,232,-40,360,130,205,-40" /><INIT seed="2,1,0,0,4,128" ten="153,192,490,165" oya="2" hai0="85,54,129,43,126,93,66,87,58,112,30,49,120" hai1="60,135,55,91,41,18,11,105,61,74,119,115,124" hai2="15,27,42,6,10,25,108,79,14,96,36,118,23" hai3="59,19,31,82,125,32,63,4,8,71,12,29,84"/><V102/><F118/><W0/><G125/><T132/><D120/><U94/><E119/><V34/><F108/><W134/><G71/><T53/><D112/><U35/><E115/><V95/><F79/><W9/><G134/><T72/><D72/><U67/><E105/><V89/><F42/><W1/><G32/><T26/><D129/><U50/><E35/><V81/><F36/><W13/><G0/><T99/><D43/><U103/><E124/><V2/><F15/><W90/><REACH who="3" step="1"/><G1/><REACH who="3" ten="153,192,490,155" step="2"/><T92/><D126/><U70/><E135/><V47/><F34/><W38/><G38/><T111/><D132/><U28/><E70/><V104/><F2/><W40/><G40/><T107/><D111/><U17/><E41/><V78/><F47/><W110/><G110/><T37/><D37/><U22/><E74/><V21/><F27/><W33/><G33/><T62/><D26/><U76/><E28/><V109/><F25/><W106/><G106/><T133/><D30/><U97/><E18/><V117/><F109/><W122/><G122/><T51/><D133/><U75/><E17/><V80/><F117/><W131/><G131/><T7/><D107/><U24/><E24/><V114/><F114/><W69/><G69/><T88/><D7/><U130/><E130/><V39/><F39/><W52/><AGARI ba="1,1" hai="4,8,9,12,13,19,29,31,52,59,63,82,84,90" machi="52" ten="20,8000,1" yaku="1,1,0,1,7,1,8,1,54,1,53,0" doraHai="128" doraHaiUra="100" who="3" fromWho="3" sc="153,-21,192,-21,490,-41,155,93" /><INIT seed="3,0,0,3,1,27" ten="132,171,449,248" oya="3" hai0="117,36,43,41,38,128,66,108,69,61,25,106,77" hai1="129,2,131,60,24,52,48,126,55,39,9,110,16" hai2="133,100,42,76,46,83,96,82,78,103,56,101,21" hai3="34,119,72,68,91,54,65,120,4,26,107,79,51"/><W113/><G119/><T7/><D106/><U75/><E39/><V114/><F114/><W71/><G120/><T74/><D117/><U49/><E75/><V13/><F133/><W33/><G4/><T123/><D123/><U10/><E110/><V0/><F0/><W58/><G107/><T14/><D108/><U87/><E126/><V3/><F3/><W112/><G72/><T89/><D25/><U70/><E87/><V73/><F56/><W127/><G79/><T124/><D128/><N who="1" m="49227" /><E2/><V28/><F13/><W122/><G33/><T125/><D89/><U67/><E9/><V19/><F19/><W135/><G135/><T63/><D77/><U84/><E84/><V40/><F96/><W32/><G32/><T102/><D74/><U86/><E86/><V1/><F1/><W93/><G127/><T31/><D102/><U115/><E115/><V18/><F73/><W29/><G122/><T111/><D111/><U35/><E35/><V59/><F78/><W5/><G5/><T132/><D7/><U45/><E48/><V88/><F76/><W95/><G91/><T134/><D14/><N who="1" m="7255" /><E24/><V44/><F88/><W57/><G112/><T6/><D6/><U50/><E50/><V90/><F90/><W62/><G113/><T47/><D38/><U99/><E99/><V22/><F103/><W116/><G116/><T130/><D36/><U20/><E20/><V94/><F94/><W23/><G34/><T98/><D124/><U15/><E15/><V53/><F101/><W8/><G8/><T85/><D125/><U121/><E121/><V11/><F100/><RYUUKYOKU ba="0,0" sc="132,-15,171,15,449,-15,248,15" hai1="45,49,52,55,60,67,70" hai3="23,26,29,51,54,57,58,62,65,68,71,93,95" /><INIT seed="3,1,0,2,4,8" ten="117,186,434,263" oya="3" hai0="99,34,63,16,100,109,68,75,71,55,133,84,129" hai1="96,104,95,12,130,114,93,42,0,54,11,85,61" hai2="20,21,38,112,111,110,28,51,59,92,94,65,27" hai3="52,3,35,78,29,57,86,53,5,60,15,18,6"/><W119/><G3/><T43/><D75/><U105/><E114/><V66/><F38/><W113/><G113/><T79/><D34/><U77/><E130/><V41/><F112/><W121/><G121/><T45/><D129/><U91/><E42/><V64/><F41/><W69/><G69/><T73/><D73/><U134/><E134/><V9/><F9/><N who="3" m="6511" /><G35/><T2/><D2/><U50/><E0/><V89/><F94/><W101/><G101/><T31/><D31/><U67/><E77/><V7/><F7/><N who="3" m="2571" /><G29/><T47/><D133/><U128/><E128/><V17/><F51/><W62/><G119/><T117/><D117/><U106/><E50/><V123/><F123/><W76/><G86/><T97/><D68/><U87/><E54/><V135/><F135/><W22/><G22/><T49/><D71/><U132/><E132/><V46/><F46/><W32/><G32/><T102/><D47/><U1/><E1/><V126/><F59/><AGARI ba="1,0" hai="52,53,57,59,60,62,76,78" m="2571,6511" machi="59" ten="30,5800,0" yaku="8,1,52,1,54,1" doraHai="8" who="3" fromWho="2" sc="117,0,186,0,434,-61,263,61" /><INIT seed="3,2,0,1,5,35" ten="117,186,373,324" oya="3" hai0="128,28,52,126,129,44,4,101,38,57,50,19,54" hai1="71,82,0,78,100,7,17,18,94,72,30,39,15" hai2="117,76,112,32,68,3,84,48,24,95,13,34,86" hai3="118,70,79,66,58,64,41,46,37,56,6,5,9"/><W114/><G118/><T123/><D123/><U90/><E71/><V67/><F117/><W33/><G33/><T36/><D28/><U14/><E39/><V43/><F112/><W45/><G79/><T102/><D19/><U75/><E30/><V88/><F67/><W93/><G93/><T106/><D126/><U20/><E100/><N who="0" m="38505" /><D4/><U51/><E51/><V130/><F68/><W83/><G83/><T105/><D105/><U59/><E59/><V125/><F125/><W26/><G26/><T47/><D106/><U61/><E61/><V53/><F130/><N who="0" m="50282" /><D44/><U49/><E49/><AGARI ba="2,0" hai="36,38,47,49,50,52,54,57" m="50282,38505" machi="49" ten="30,2000,0" yaku="19,1,54,1" doraHai="35" who="0" fromWho="1" sc="117,26,186,-26,373,0,324,0" /><INIT seed="4,0,0,4,0,92" ten="143,160,373,324" oya="0" hai0="108,60,37,100,107,71,81,42,98,23,29,97,34" hai1="90,101,126,103,73,48,40,78,124,135,38,110,41" hai2="116,27,91,10,44,28,96,47,72,13,120,43,2" hai3="65,55,105,30,68,85,46,80,128,122,21,67,32"/><T76/><D108/><U9/><E110/><V88/><F72/><W112/><G32/><T17/><D29/><U14/><E135/><V31/><F120/><W56/><G68/><T77/><D34/><U24/><E73/><V53/><F2/><W127/><G105/><T69/><D76/><U79/><E38/><V4/><F116/><W129/><G46/><T119/><D119/><U99/><E24/><V75/><F75/><W25/><G112/><T132/><D132/><U86/><E48/><N who="2" m="26655" /><F91/><N who="3" m="51623" /><G127/><N who="1" m="48682" /><E101/><V57/><F47/><W134/><G134/><T82/><D97/><U12/><E12/><V115/><F27/><W16/><G30/><T33/><D33/><U52/><E14/><V84/><F115/><W58/><G58/><T59/><D42/><N who="1" m="16491" /><E9/><V35/><F35/><W70/><G70/><T83/><D37/><U3/><E3/><V93/><F84/><W89/><G89/><T111/><D111/><U15/><E15/><V62/><AGARI ba="0,0" hai="4,10,13,28,31,53,57,62,88,93,96" m="26655" machi="62" ten="30,4000,0" yaku="8,1,52,1,54,1" doraHai="92" who="2" fromWho="2" sc="143,-20,160,-10,373,40,324,-10" /><INIT seed="5,0,0,2,3,21" ten="123,150,413,314" oya="1" hai0="61,113,85,0,135,22,74,86,8,112,98,25,24" hai1="39,67,101,111,118,76,128,35,103,10,34,116,41" hai2="110,3,100,52,54,32,16,115,13,29,97,78,33" hai3="134,83,63,70,9,77,79,6,117,89,108,66,105"/><U60/><E128/><V133/><F3/><W44/><G108/><T73/><D135/><U96/><E111/><V122/><F110/><W84/><G105/><T50/><D98/><U132/><E132/><V129/><F133/><W55/><G117/><T93/><D61/><U53/><E76/><V91/><F129/><W26/><G26/><N who="0" m="10347" /><D50/><U64/><E39/><V36/><F29/><W107/><G107/><T119/><D119/><U87/><E41/><V19/><F36/><W102/><G102/><T80/><D22/><U23/><E23/><V42/><F42/><W81/><G81/><T106/><D106/><U127/><E96/><V68/><F68/><W69/><G69/><T65/><D65/><U88/><E60/><V125/><F33/><W7/><G134/><T71/><D71/><U48/><E48/><V15/><F32/><W20/><G20/><T14/><D0/><U5/><E10/><V94/><F122/><W4/><G9/><T99/><D8/><U28/><E28/><V59/><F115/><N who="0" m="44106" /><D14/><U131/><E131/><V27/><F27/><W45/><G45/><T46/><D46/><U1/><E1/><V114/><F114/><W37/><G37/><T109/><D109/><U95/><E116/><V18/><F59/><W104/><G104/><T17/><D17/><U31/><E118/><V72/><F100/><W62/><G44/><T126/><D126/><U90/><E127/><V58/><F125/><W40/><G40/><T2/><D2/><U82/><E101/><V120/><F58/><W30/><G30/><T47/><D47/><U51/><E51/><RYUUKYOKU ba="0,0" sc="123,-10,150,-10,413,-10,314,30" hai3="4,6,7,55,62,63,66,70,77,79,83,84,89" /><INIT seed="6,1,0,3,5,49" ten="113,140,403,344" oya="2" hai0="81,73,2,31,55,97,95,17,34,54,104,79,16" hai1="18,118,108,11,59,58,20,0,6,85,101,5,63" hai2="84,13,82,37,107,44,57,111,76,72,112,53,22" hai3="9,7,69,119,120,102,99,87,123,60,128,89,43"/><V25/><F107/><W19/><G119/><T70/><D2/><U8/><E118/><V86/><F112/><W33/><G33/><T80/><D70/><U130/><E108/><V125/><F125/><W91/><G91/><T14/><D81/><U47/><E130/><V106/><F106/><W41/><G19/><T117/><D104/><U124/><E124/><V126/><F126/><W26/><G128/><T24/><D117/><U115/><E115/><V129/><F129/><W92/><G26/><T135/><D135/><U105/><E85/><V113/><F113/><W71/><G71/><T45/><D45/><U50/><E105/><V36/><F13/><W48/><G60/><T64/><D64/><U42/><E101/><V4/><F4/><W110/><G110/><T3/><D3/><U62/><E59/><V75/><F44/><W74/><G74/><T40/><D40/><U90/><E90/><V127/><F127/><W121/><G69/><T28/><D28/><U66/><E62/><V100/><F100/><W65/><G65/><T56/><D56/><U12/><E0/><V88/><F75/><W67/><G67/><T23/><D17/><U122/><E122/><V27/><F72/><W68/><G68/><T83/><D83/><U30/><E30/><V94/><F111/><W114/><G114/><T78/><D78/><U32/><E32/><V133/><F133/><W51/><G7/><AGARI ba="1,0" hai="5,6,7,8,11,12,18,20,42,47,50,58,63,66" machi="7" ten="40,1300,0" yaku="8,1" doraHai="49" who="1" fromWho="3" sc="113,0,140,16,403,0,344,-16" /><INIT seed="7,0,0,5,0,98" ten="113,156,403,328" oya="3" hai0="21,82,15,14,65,41,86,75,106,54,77,127,94" hai1="69,134,84,133,95,80,42,126,112,78,102,58,64" hai2="73,33,105,19,2,123,43,119,23,130,96,111,57" hai3="48,135,121,67,35,49,74,109,12,6,46,25,70"/><W72/><G121/><T55/><D127/><U131/><E42/><V66/><F2/><W8/><G109/><T89/><D65/><U59/><E131/><V56/><F33/><W63/><G135/><N who="1" m="51722" /><E126/><V107/><F73/><W92/><G49/><T93/><D41/><U115/><E69/><V83/><F111/><W3/><G3/><T20/><D106/><U104/><E64/><V117/><F123/><W38/><G38/><T30/><D94/><U68/><E68/><V11/><F107/><W36/><G36/><T13/><REACH who="0" step="1"/><D30/><REACH who="0" ten="103,156,403,328" step="2"/><U91/><E104/><V113/><F43/><W10/><G92/><T22/><AGARI ba="0,1" hai="13,14,15,20,21,22,54,55,75,77,82,86,89,93" machi="22" ten="30,4000,0" yaku="1,1,2,1,0,1,53,0" doraHai="98" doraHaiUra="124" who="0" fromWho="0" sc="103,50,156,-10,403,-10,328,-20" owari="153,-25.0,146,-35.0,393,49.0,308,11.0" /></mjloggm>