<mjloggm ver="2.3"><GO type="169" lobby="0"/><UN n0="%E4%B8%AD%E5%A0%85%EF%BC%A0%E3%83%8F%E3%83%BC%E3%83%99%E3%82%B9%E3%83%88" n1="%E3%82%AF%E3%83%AD%E3%83%8E%E3%82%B9%40" n2="%E3%81%92%E3%81%A3%E3%81%A1" n3="%E3%82%A6%E3%83%AB%E3%83%88%E3%83%A9%E7%AB%8B%E7%9B%B4" dan="16,17,16,17" rate="2120.50,2280.74,2130.59,2197.79" sx="F,M,M,M"/><TAIKYOKU oya="0"/><INIT seed="0,0,0,2,2,25" ten="250,250,250,250" oya="0" hai0="66,67,130,2,72,60,10,122,109,133,21,71,78" hai1="16,59,134,102,63,98,48,58,132,127,13,86,28" hai2="87,126,84,100,38,93,39,7,44,34,104,119,121" hai3="103,113,11,108,6,4,47,97,61,45,90,128,115"/><T5/><D122/><U70/><E127/><V69/><F121/><W29/><G108/><T80/><D133/><N who="1" m="51307" /><E86/><V49/><F126/><W54/><G90/><T22/><D109/><U35/><E48/><V17/><F104/><W33/><G128/><T52/><D130/><U9/><E70/><V114/><F114/><W129/><G129/><T73/><D73/><U30/><E35/><V131/><F131/><W85/><G85/><T94/><D67/><N who="1" m="39415" /><E59/><V53/><F69/><W117/><G61/><T18/><D94/><AGARI ba="0,0" hai="9,13,16,28,30,94,98,102" m="39415,51307" machi="94" ten="30,7700,0" yaku="20,1,52,2,54,1" doraHai="25" who="1" fromWho="0" sc="250,-77,250,77,250,0,250,0" /><INIT seed="1,0,0,0,0,105" ten="173,327,250,250" oya="1" hai0="69,51,48,93,65,106,117,20,82,124,121,25,58" hai1="79,49,129,119,80,103,0,15,123,130,111,102,45" hai2="96,2,14,83,115,27,107,7,85,24,10,17,41" hai3="42,59,44,40,56,32,128,9,88,8,132,16,3"/><U34/><E0/><V61/><F115/><W126/><G32/><T91/><D121/><U30/><E123/><V95/><F107/><W68/><G68/><T66/><D106/><U23/><E119/><V109/><F109/><W98/><G128/><N who="1" m="49258" /><E34/><V87/><F41/><W13/><G126/><T90/><D117/><U118/><E118/><V135/><F135/><W94/><G132/><T52/><D124/><U131/><E111/><V104/><F104/><W70/><G70/><T122/><D122/><U127/><E127/><V75/><F61/><W113/><G113/><T39/><D39/><U116/><E116/><V86/><F75/><W26/><G26/><T57/><D69/><U76/><E76/><V120/><F83/><W29/><G29/><T28/><D82/><U47/><E47/><V43/><F43/><W112/><G112/><T21/><D21/><U72/><E131/><V63/><F63/><W5/><REACH who="3" step="1"/><G42/><REACH who="3" ten="173,327,250,240" step="2"/><T134/><D134/><U53/><E30/><V31/><F31/><W35/><G35/><T11/><D11/><U64/><E64/><V92/><F120/><W89/><G89/><T12/><D91/><U37/><E37/><AGARI ba="0,1" hai="3,5,8,9,13,16,37,40,44,56,59,88,94,98" machi="37" ten="30,12000,2" yaku="1,1,7,1,54,2,53,2" doraHai="105" doraHaiUra="54" who="3" fromWho="1" sc="173,0,327,-120,250,0,240,130" /><INIT seed="2,0,0,1,5,41" ten="173,207,250,370" oya="2" hai0="3,7,54,38,72,100,31,125,37,91,6,101,16" hai1="127,32,129,66,95,120,76,4,122,52,56,14,105" hai2="69,80,20,22,107,0,13,99,45,119,108,82,42" hai3="30,62,1,58,39,118,48,46,112,74,57,116,67"/><V40/><F0/><W70/><G1/><T18/><D72/><U97/><E105/><V49/><F119/><W15/><G74/><T135/><D135/><U50/><E32/><V88/><F69/><W25/><G112/><T23/><D31/><U111/><E76/><V84/><F108/><W92/><G15/><T26/><D125/><U110/><E127/><V98/><F40/><N who="3" m="22815" /><G92/><T128/><D128/><U51/><E129/><V104/><F80/><W87/><G87/><T73/><D73/><U130/><E66/><V109/><F109/><N who="1" m="41481" /><E130/><V124/><F124/><W34/><G58/><T102/><D91/><N who="1" m="55551" /><E51/><V134/><F134/><W44/><G34/><T55/><D3/><U8/><AGARI ba="0,0" hai="4,8,14,50,52,56,120,122" m="55551,41481" machi="8" ten="30,2000,0" yaku="14,1,54,1" doraHai="41" who="1" fromWho="1" sc="173,-5,207,20,250,-10,370,-5" /><INIT seed="3,0,0,2,5,72" ten="168,227,240,365" oya="3" hai0="113,31,2,59,68,10,28,95,23,16,87,121,42" hai1="30,12,85,3,122,51,74,82,5,99,97,69,96" hai2="106,27,19,32,48,86,118,7,13,1,131,67,134" hai3="0,132,40,89,92,63,15,126,17,90,73,25,57"/><W50/><G0/><T115/><D68/><U105/><E3/><V9/><F118/><W36/><G36/><T6/><D121/><U11/><E69/><V84/><F134/><W119/><G119/><T58/><D42/><U34/><E122/><V91/><F131/><W24/><G73/><T127/><D127/><U104/><E74/><V45/><F67/><W75/><G75/><T100/><D58/><U112/><E112/><N who="0" m="43081" /><D59/><U124/><E124/><V8/><F106/><W53/><G132/><T88/><D100/><U22/><E34/><V56/><F56/><W111/><G111/><T46/><D46/><U93/><E51/><V94/><F27/><AGARI ba="0,0" hai="2,6,10,16,23,27,28,31,87,88,95" m="43081" machi="27" ten="30,3900,0" yaku="11,1,54,2" doraHai="72" who="0" fromWho="2" sc="168,39,227,0,240,-39,365,0" /><INIT seed="4,0,0,3,0,37" ten="207,227,201,365" oya="0" hai0="89,23,123,126,129,72,51,32,109,84,125,21,93" hai1="27,87,98,77,119,94,106,67,36,116,95,103,54" hai2="14,12,65,90,9,64,57,101,68,127,79,99,19" hai3="105,58,102,52,15,56,5,132,134,25,75,118,4"/><T33/><D123/><U0/><E0/><V30/><F68/><W91/><G75/><T60/><D72/><U80/><E36/><V114/><F79/><W45/><G118/><T124/><D129/><U44/><E67/><V92/><F30/><W13/><G25/><T86/><D109/><U85/><E27/><V76/><F76/><W100/><G91/><N who="0" m="53479" /><D60/><U6/><E6/><V24/><F114/><W71/><G71/><T88/><D51/><U42/><E54/><V46/><F127/><W110/><G105/><T97/><D97/><U111/><E111/><V104/><F24/><W74/><G74/><T70/><D70/><U117/><E44/><V96/><F57/><W20/><G110/><T38/><D38/><U31/><E42/><V130/><F130/><W34/><G34/><N who="0" m="13419" /><D89/><N who="1" m="53551" /><E31/><V62/><F62/><W11/><G58/><T82/><AGARI ba="0,0" hai="21,23,82,86,88,124,125,126" m="13419,53479" machi="82" ten="40,3900,0" yaku="18,1,54,1" doraHai="37" who="0" fromWho="0" sc="207,39,227,-13,201,-13,365,-13" /><INIT seed="4,1,0,5,1,105" ten="246,214,188,352" oya="0" hai0="84,47,42,17,115,34,92,69,113,87,43,45,35" hai1="15,111,53,91,94,44,73,38,55,74,93,132,54" hai2="122,41,81,13,80,95,124,50,51,9,12,75,7" hai3="119,19,63,109,68,22,96,32,135,77,40,67,112"/><T65/><D17/><U2/><E2/><V110/><F110/><W36/><G32/><T82/><D92/><U1/><E1/><V108/><F108/><W23/><G119/><T90/><D65/><U59/><E111/><V57/><F122/><W85/><G112/><T120/><D120/><U127/><E132/><V28/><F28/><W99/><G135/><T98/><D98/><U126/><E59/><V121/><F121/><W20/><G19/><T29/><D69/><U70/><E70/><V0/><F124/><N who="1" m="47657" /><E15/><V134/><F134/><W10/><G10/><T79/><D29/><U103/><E103/><V89/><F81/><W58/><G58/><T71/><D71/><U64/><E64/><V129/><F129/><W8/><G8/><T11/><D11/><U97/><E94/><V72/><F80/><W39/><G67/><T14/><D14/><U3/><E3/><V118/><F118/><W46/><G68/><T52/><D82/><U86/><E97/><V24/><F24/><W27/><G27/><T16/><D16/><U5/><E5/><V104/><F104/><W25/><G25/><T125/><D125/><U78/><E78/><V116/><F116/><W37/><G99/><T107/><D107/><U26/><E26/><V60/><F13/><W30/><G96/><T66/><D66/><U76/><E76/><V88/><F89/><W21/><G30/><T33/><D79/><U6/><E6/><V61/><F0/><W83/><G109/><T102/><D102/><U114/><E114/><V56/><F56/><W31/><N who="3" m="5120" /><DORA hai="101" /><W4/><G77/><RYUUKYOKU ba="1,0" sc="246,-10,214,30,188,-10,352,-10" hai1="38,44,53,54,55,73,74,86,91,93" /><INIT seed="5,2,0,3,1,6" ten="236,244,178,342" oya="1" hai0="57,97,76,43,4,108,127,112,51,134,121,19,85" hai1="23,26,68,128,31,71,66,84,124,130,29,69,126" hai2="133,5,12,77,20,9,78,46,14,129,63,90,60" hai3="64,38,32,119,27,50,101,120,117,10,11,105,102"/><U55/><E66/><V40/><F133/><W114/><G38/><T59/><D108/><U135/><E55/><V16/><F129/><N who="1" m="49769" /><E84/><V28/><F28/><N who="3" m="19487" /><G114/><T93/><D134/><U79/><E79/><V18/><F5/><W73/><G73/><T41/><D127/><N who="1" m="48683" /><E31/><V95/><F78/><W8/><G120/><T33/><D85/><U86/><E86/><V94/><F77/><W99/><G64/><T52/><D76/><U56/><E56/><V83/><F83/><W96/><G50/><T13/><D121/><U62/><E62/><V3/><F3/><W100/><G105/><T30/><D59/><U25/><E25/><V7/><F7/><W47/><G47/><T2/><D2/><U122/><E122/><V88/><F95/><W75/><G75/><T106/><D106/><U53/><E53/><V131/><F131/><W0/><G0/><T44/><D57/><U80/><E80/><V37/><F90/><W67/><G67/><T92/><D92/><U107/><E107/><V22/><F60/><W115/><G99/><T58/><D58/><U17/><E29/><V70/><F63/><W81/><G96/><T39/><D30/><U132/><AGARI ba="2,0" hai="17,23,26,68,69,71,132,135" m="48683,49769" machi="132" ten="50,12000,1" yaku="30,2,19,1,18,1" doraHai="6" who="1" fromWho="1" sc="236,-42,244,126,178,-42,342,-42" /><INIT seed="5,3,0,0,0,18" ten="194,370,136,300" oya="1" hai0="97,31,112,114,19,21,51,131,60,133,113,13,82" hai1="40,44,1,90,70,92,42,132,29,88,17,134,67" hai2="91,33,106,32,76,9,15,79,58,55,75,30,122" hai3="98,53,23,59,66,26,125,93,0,87,73,56,111"/><U78/><E1/><V119/><F119/><W22/><G73/><T74/><D133/><N who="1" m="51307" /><E29/><V3/><F3/><W117/><G111/><T38/><D38/><U39/><E78/><V37/><F37/><W124/><G0/><T11/><D131/><U130/><E42/><V99/><F122/><W49/><G87/><T62/><D97/><U4/><E4/><V34/><F30/><W54/><G66/><T2/><D51/><U83/><E83/><V95/><F106/><W14/><G14/><T105/><D105/><U50/><E50/><V48/><REACH who="2" step="1"/><F75/><REACH who="2" ten="194,370,126,300" step="2"/><W129/><G117/><T77/><D31/><U85/><E130/><V61/><F61/><W101/><G129/><T10/><D2/><U109/><E109/><V45/><F45/><W103/><G49/><T123/><D123/><U69/><E44/><V57/><F57/><W110/><G110/><T41/><D41/><U89/><E40/><V63/><F63/><AGARI ba="3,1" hai="10,11,13,19,21,60,62,63,74,77,82,112,113,114" machi="63" ten="40,2600,0" yaku="15,1,52,1" doraHai="18" who="0" fromWho="2" sc="194,45,370,0,126,-35,300,0" /><INIT seed="6,0,0,4,5,102" ten="239,370,91,300" oya="2" hai0="10,6,88,51,44,26,91,124,87,122,46,25,133" hai1="128,92,78,20,95,47,75,73,106,3,53,72,0" hai2="71,69,80,15,101,110,126,28,112,39,107,57,7" hai3="77,54,81,56,4,65,36,16,38,48,89,62,64"/><V13/><F39/><W63/><G4/><T33/><D122/><U97/><E78/><V76/><F28/><W130/><G89/><T1/><D133/><U5/><E5/><V30/><F30/><W37/><G16/><T35/><D124/><U104/><E20/><V50/><F126/><W43/><G130/><T17/><D91/><U134/><E134/><V86/><F112/><W70/><G81/><T96/><D96/><U45/><E53/><V21/><F110/><W19/><G19/><T117/><D117/><U12/><E12/><V84/><F21/><W49/><G77/><T115/><D115/><U103/><E128/><V32/><F32/><W109/><G109/><T85/><D85/><U131/><E131/><V90/><F69/><N who="3" m="42135" /><G49/><T121/><D121/><U41/><E41/><AGARI ba="0,0" hai="36,37,38,41,43,48,54,56,63,65,70" m="42135" machi="41" ten="30,8000,1" yaku="35,5" doraHai="102" who="3" fromWho="1" sc="239,0,370,-80,91,0,300,80" /><INIT seed="7,0,0,5,0,83" ten="239,290,91,380" oya="3" hai0="65,79,133,5,56,57,50,46,6,121,124,71,32" hai1="11,105,99,116,53,82,126,104,85,118,36,94,49" hai2="70,39,43,0,76,59,86,95,114,42,98,51,41" hai3="17,101,132,100,13,44,30,107,102,27,24,22,97"/><W90/><G132/><T38/><D32/><U23/><E36/><V45/><F0/><W26/><G30/><T25/><D121/><U72/><E11/><V84/><F70/><W28/><G28/><T112/><D133/><U123/><E23/><V77/><F114/><W93/><G44/><T92/><D124/><U69/><E69/><V1/><F1/><W20/><G20/><T21/><D79/><N who="1" m="44391" /><E53/><V134/><F134/><W40/><G107/><N who="1" m="41034" /><E49/><V48/><F39/><W8/><G8/><T4/><D112/><U31/><E31/><V74/><F74/><W14/><G14/><T12/><D25/><U63/><E63/><V9/><F9/><W10/><G10/><T35/><D35/><U61/><E61/><V130/><F130/><W113/><G113/><T87/><D21/><U115/><E115/><V96/><F59/><W125/><G125/><T19/><D71/><U58/><E58/><V109/><F109/><W60/><G60/><T108/><D108/><U88/><E126/><V89/><F41/><AGARI ba="0,0" hai="13,17,22,24,26,27,40,41,90,93,97,100,101,102" machi="41" ten="40,2000,0" yaku="8,1" doraHai="83" who="3" fromWho="2" sc="239,0,290,0,91,-20,380,20" owari="239,-16.0,290,9.0,71,-43.0,400,50.0" /></mjloggm>