<mjloggm ver="2.3"><GO type="169" lobby="0"/><UN n0="%E3%83%96%E3%83%AB%E3%83%96%E3%83%AB%E3%83%8F%E3%83%BC%E3%83%84" n1="%E3%82%AC%E3%83%9F%E3%82%B4%E3%83%B3" n2="%E5%A3%87%E2%98%86%E8%9C%9C" n3="%E3%82%A6%E3%83%AB%E3%83%88%E3%83%A9%E7%AB%8B%E7%9B%B4" dan="17,17,16,17" rate="2219.44,2151.66,2135.06,2145.03" sx="M,M,M,M"/><TAIKYOKU oya="0"/><INIT seed="0,0,0,4,2,82" ten="250,250,250,250" oya="0" hai0="66,28,94,86,81,95,62,56,128,73,71,97,2" hai1="26,131,13,87,93,52,116,78,74,23,84,109,63" hai2="29,30,118,112,135,113,76,133,32,134,103,54,12" hai3="75,117,59,31,114,34,36,17,115,43,9,49,10"/><T39/><D2/><U108/><E116/><V83/><F118/><W22/><G117/><T42/><D73/><U127/><E131/><V47/><F103/><W35/><G75/><T72/><D72/><U41/><E127/><V27/><F29/><W80/><G36/><T48/><D128/><U61/><E41/><V19/><F54/><W46/><G31/><T91/><D28/><N who="1" m="17503" /><E13/><V6/><F47/><W44/><G59/><T7/><D7/><U69/><E93/><V53/><F53/><W77/><G35/><T24/><D24/><U125/><E125/><V20/><REACH who="2" step="1"/><F6/><REACH who="2" ten="250,250,240,250" step="2"/><W99/><G46/><N who="0" m="23903" /><D97/><U121/><E121/><V123/><F123/><W129/><G99/><T51/><D51/><U111/><E63/><V120/><F120/><W122/><G49/><T40/><D40/><U16/><E16/><V65/><F65/><W45/><G17/><T79/><D48/><U105/><E105/><V104/><F104/><W90/><G43/><T126/><D126/><U124/><E124/><V4/><F4/><W107/><G107/><T8/><D62/><U89/><E52/><V106/><F106/><W132/><G129/><T37/><D66/><U11/><E61/><V55/><F55/><W100/><G122/><T92/><D37/><U21/><E109/><V18/><F18/><W38/><G38/><T110/><D110/><U15/><E111/><V85/><AGARI ba="0,1" hai="12,19,20,27,30,32,76,83,85,112,113,133,134,135" machi="85" ten="30,7900,0" yaku="1,1,0,1,20,1,52,1,53,0" doraHai="82" doraHaiUra="3" who="2" fromWho="2" sc="250,-39,250,-20,240,89,250,-20" /><INIT seed="1,0,0,0,3,93" ten="211,230,329,230" oya="1" hai0="110,129,31,19,133,125,123,61,101,88,53,47,4" hai1="32,39,5,11,38,111,35,82,83,105,45,109,104" hai2="1,51,28,7,107,58,0,81,13,135,50,41,17" hai3="122,21,42,113,10,43,3,106,67,30,79,87,96"/><U59/><E59/><V29/><F107/><W80/><G122/><T72/><D110/><N who="1" m="41995" /><E11/><V23/><F135/><W14/><G113/><T127/><D133/><U121/><E121/><V75/><F75/><W48/><G67/><T73/><D123/><U25/><E5/><V134/><F134/><W103/><G3/><T56/><D129/><U46/><E25/><V126/><F126/><N who="0" m="48138" /><D4/><U37/><E105/><V71/><F71/><W115/><G115/><T36/><D31/><U76/><E104/><V91/><F7/><W55/><G30/><T34/><D19/><U84/><E83/><V90/><F0/><W44/><G21/><T54/><D34/><AGARI ba="0,0" hai="32,34,35,37,38,39,45,46,76,82,84" m="41995" machi="34" ten="40,3900,0" yaku="14,1,10,1" doraHai="93" who="1" fromWho="0" sc="211,-39,230,39,329,0,230,0" /><INIT seed="1,1,0,2,5,130" ten="172,269,329,230" oya="1" hai0="38,68,34,131,107,28,106,84,2,129,119,56,37" hai1="116,120,49,63,32,44,40,102,121,39,35,113,78" hai2="43,24,12,122,70,93,128,25,47,80,30,19,45" hai3="41,55,79,132,87,99,94,98,72,108,54,50,104"/><U0/><E0/><V42/><F122/><W18/><G41/><N who="2" m="15369" /><F70/><W53/><G108/><T59/><D2/><U3/><E3/><V9/><F128/><N who="0" m="49226" /><D68/><U81/><E113/><V71/><F71/><W58/><G99/><T67/><D67/><U26/><E116/><V90/><F80/><W74/><G74/><T29/><D84/><U100/><E100/><V103/><F103/><W17/><G55/><T20/><D20/><U114/><E114/><V101/><F101/><W105/><G87/><T118/><D34/><U88/><E102/><V13/><F13/><W4/><G72/><T89/><D89/><U1/><E1/><V109/><F109/><W134/><G79/><T69/><D56/><U96/><E88/><V111/><F111/><W62/><G98/><T115/><D59/><U48/><E96/><N who="2" m="57399" /><F30/><N who="0" m="11882" /><D69/><U31/><E35/><V75/><F75/><W23/><G94/><T95/><D95/><U27/><E27/><AGARI ba="1,0" hai="9,12,19,24,25,27,45,47" m="57399,15369" machi="27" ten="30,1000,0" yaku="8,1" doraHai="130" who="2" fromWho="1" sc="172,0,269,-13,329,13,230,0" /><INIT seed="2,0,0,2,4,42" ten="172,256,342,230" oya="2" hai0="57,132,37,19,0,5,115,35,124,31,65,3,1" hai1="17,104,77,26,12,60,22,67,53,133,75,125,122" hai2="50,83,105,117,97,93,84,129,64,13,85,135,113" hai3="38,45,49,52,16,82,72,33,69,40,66,63,61"/><V100/><F113/><W112/><G33/><T36/><D115/><U21/><E104/><V18/><F117/><W58/><G112/><T28/><D65/><U47/><E125/><V87/><F135/><W7/><G7/><T56/><D5/><U74/><E133/><V128/><F64/><N who="3" m="41119" /><G82/><T107/><D132/><U71/><E122/><V23/><F105/><W127/><G16/><T121/><D107/><U131/><E131/><N who="2" m="50251" /><F50/><W79/><G79/><AGARI ba="0,0" hai="13,18,23,79,83,84,85,87,93,97,100" m="50251" machi="79" ten="30,1500,0" yaku="19,1" doraHai="42" who="2" fromWho="3" sc="172,0,256,0,342,15,230,-15" /><INIT seed="2,1,0,0,5,20" ten="172,256,357,215" oya="2" hai0="49,27,102,18,110,127,114,2,51,78,25,83,81" hai1="30,50,13,54,68,64,111,132,58,87,35,46,98" hai2="24,33,86,15,134,57,129,103,101,120,0,11,109" hai3="65,43,9,44,40,115,96,105,90,66,133,36,28"/><V80/><F120/><W12/><G133/><T99/><D2/><U79/><E132/><V31/><F129/><W21/><G115/><T100/><D114/><U125/><E111/><V17/><F134/><W124/><G124/><T48/><D110/><U29/><E125/><V14/><F109/><W123/><G123/><T117/><D127/><U5/><E68/><V63/><F14/><W85/><G43/><T95/><D117/><U16/><E5/><V72/><F72/><W77/><G96/><T74/><D100/><U70/><E70/><V22/><F33/><W84/><G105/><T113/><D113/><U62/><E35/><V135/><F0/><W19/><G77/><T104/><D81/><N who="1" m="47551" /><E98/><V94/><F94/><W32/><G32/><T6/><D6/><U39/><E39/><V106/><F106/><W130/><G130/><T92/><D18/><U42/><E42/><V34/><F34/><W93/><G85/><T3/><D3/><U56/><E46/><V26/><F26/><W23/><G28/><T116/><D116/><U108/><E108/><V45/><F45/><W76/><G44/><T53/><D53/><U73/><E73/><V75/><F75/><W55/><G40/><T118/><D118/><U107/><E107/><V37/><F37/><W61/><G36/><T119/><D119/><U10/><AGARI ba="1,0" hai="10,13,16,29,30,50,54,56,58,62,64" m="47551" machi="10" ten="30,2000,0" yaku="8,1,54,1" doraHai="20" who="1" fromWho="1" sc="172,-6,256,23,357,-11,215,-6" /><INIT seed="3,0,0,1,5,21" ten="166,279,346,209" oya="3" hai0="68,41,13,129,123,113,100,2,34,130,122,75,53" hai1="71,77,57,50,42,52,131,16,108,72,102,106,49" hai2="89,0,109,46,15,97,1,85,26,135,128,99,59" hai3="90,124,79,96,6,61,25,11,95,115,86,82,43"/><W134/><G115/><T56/><D2/><U12/><E108/><V92/><F109/><W33/><G124/><T119/><D75/><U126/><E71/><V60/><F135/><W93/><G134/><T58/><D34/><U24/><E126/><V104/><F128/><W91/><G43/><T27/><D68/><U39/><E39/><V18/><F0/><W35/><G61/><T23/><D119/><U7/><E131/><N who="0" m="50185" /><D113/><U110/><E110/><V31/><F1/><W64/><G64/><T66/><D13/><U65/><E65/><V28/><F46/><W10/><G35/><T38/><D100/><U19/><E106/><V76/><F104/><W133/><G133/><T103/><D103/><U70/><E102/><V125/><F125/><W63/><G63/><N who="0" m="38263" /><D41/><U17/><E70/><V62/><F15/><W111/><G111/><T84/><D84/><U8/><E77/><V14/><F14/><W132/><G132/><T22/><D22/><N who="1" m="13407" /><E72/><V120/><F76/><W88/><G6/><T118/><D38/><U4/><E7/><V73/><F73/><W69/><G69/><T37/><D37/><U44/><AGARI ba="0,0" hai="4,8,12,16,17,42,44,49,50,52,57" m="13407" machi="44" ten="30,7900,0" yaku="8,1,52,1,54,2" doraHai="21" who="1" fromWho="1" sc="166,-20,279,79,346,-20,209,-39" /><INIT seed="4,0,0,4,4,4" ten="146,358,326,170" oya="0" hai0="44,37,81,88,61,124,114,18,69,7,2,72,82" hai1="19,132,77,108,100,57,46,3,64,62,107,47,75" hai2="21,36,115,118,110,96,123,0,32,6,109,102,127" hai3="71,54,59,84,1,15,101,93,48,78,56,28,50"/><T12/><D114/><U83/><E108/><V14/><F123/><W16/><G1/><T66/><D124/><U87/><E132/><V125/><F36/><W105/><G71/><T117/><D117/><U79/><E3/><V41/><F41/><W17/><G28/><T90/><D7/><U73/><E73/><V129/><F115/><W31/><G31/><T20/><D2/><U74/><E74/><V95/><F118/><W29/><G29/><T35/><D35/><U119/><E119/><V134/><F32/><W97/><G17/><T51/><D37/><U25/><E100/><V106/><F134/><W99/><G78/><T98/><D72/><U111/><E107/><V122/><F106/><W131/><G84/><T89/><REACH who="0" step="1"/><D98/><REACH who="0" ten="136,358,326,170" step="2"/><U34/><E34/><V60/><F125/><W55/><G131/><T39/><D39/><U116/><E116/><V126/><F129/><W13/><REACH who="3" step="1"/><G16/><REACH who="3" ten="136,358,326,160" step="2"/><T53/><AGARI ba="0,2" hai="12,18,20,44,51,53,61,66,69,81,82,88,89,90" machi="53" ten="30,11700,0" yaku="1,1,0,1,54,1,53,1" doraHai="4" doraHaiUra="65" who="0" fromWho="0" sc="136,137,358,-39,326,-39,160,-39" /><INIT seed="4,1,0,0,5,127" ten="273,319,287,121" oya="0" hai0="16,98,75,53,21,131,100,15,47,97,19,18,80" hai1="90,74,71,7,57,84,95,48,40,54,25,34,33" hai2="88,14,62,77,68,107,109,55,70,114,86,108,51" hai3="20,5,8,50,3,78,35,92,134,128,41,91,63"/><T94/><D131/><U133/><E133/><V61/><F107/><W31/><G78/><T72/><D72/><U6/><E71/><V60/><F77/><W110/><G110/><T113/><D113/><U24/><E74/><V116/><F114/><W23/><G134/><T101/><D75/><U123/><E123/><V39/><F116/><W64/><G35/><T119/><D80/><U130/><E130/><V125/><F125/><W12/><G31/><T69/><D69/><U93/><E40/><V11/><F39/><W59/><G3/><T27/><D119/><U52/><E34/><V135/><F135/><W45/><REACH who="3" step="1"/><G128/><REACH who="3" ten="273,319,287,111" step="2"/><T120/><D120/><U103/><E33/><V22/><F109/><W58/><G58/><T118/><D118/><U129/><E129/><V112/><F108/><W32/><G32/><T17/><D27/><U66/><E25/><V89/><F112/><W73/><G73/><T106/><D47/><U9/><E57/><N who="2" m="33023" /><F68/><W104/><G104/><T1/><D1/><U85/><E24/><V79/><F70/><W126/><G126/><T105/><D105/><U0/><E0/><V44/><F44/><W13/><G13/><T26/><D26/><U10/><E7/><V132/><F132/><W65/><G65/><T82/><D19/><U56/><E66/><V4/><F79/><W49/><G49/><T76/><D17/><U121/><E6/><V29/><F29/><W30/><G30/><T37/><D18/><U28/><E28/><V42/><F4/><W46/><G46/><T122/><D16/><U67/><E56/><V111/><F111/><RYUUKYOKU ba="1,1" sc="273,-10,319,-10,287,-10,111,30" hai3="5,8,12,20,23,41,45,50,59,63,64,91,92" /><INIT seed="5,2,1,0,0,65" ten="263,309,277,141" oya="1" hai0="69,68,109,84,85,135,116,17,46,100,49,21,16" hai1="25,107,81,124,112,71,111,78,12,113,52,73,101" hai2="94,98,2,130,115,88,96,34,89,127,82,28,40" hai3="134,105,132,102,117,13,133,20,11,14,19,33,128"/><U106/><E124/><V122/><F122/><W10/><G105/><T1/><D109/><U95/><E111/><V72/><F2/><W125/><G102/><T114/><D116/><U76/><E76/><N who="2" m="44295" /><F28/><W110/><G110/><T60/><D1/><U87/><E25/><V91/><F40/><W38/><G38/><T104/><D17/><U59/><E12/><N who="3" m="4714" /><G125/><T126/><D126/><U42/><E42/><V26/><F26/><N who="3" m="14623" /><G117/><T70/><D60/><U83/><E71/><V99/><F34/><W31/><G128/><T18/><D18/><U103/><E107/><V119/><F127/><W4/><G4/><T93/><D104/><U53/><E106/><V43/><F43/><W80/><G80/><T44/><D100/><U15/><E15/><V58/><F119/><W39/><G39/><T121/><D121/><U30/><E30/><V129/><F58/><W47/><G47/><T3/><D44/><U24/><E24/><AGARI ba="2,1" hai="10,11,24,31,33,132,133,134" m="14623,4714" machi="24" ten="40,5200,0" yaku="20,1,34,2" doraHai="65" who="3" fromWho="1" sc="263,0,309,-58,277,0,141,68" /><INIT seed="6,0,0,2,4,27" ten="263,251,277,209" oya="2" hai0="40,43,86,118,105,85,106,119,64,122,19,13,104" hai1="26,5,70,50,96,126,100,49,42,128,134,110,133" hai2="131,77,61,46,52,38,10,79,73,67,47,116,90" hai3="101,62,48,22,108,82,30,58,107,23,33,125,7"/><V20/><F116/><N who="0" m="44586" /><D64/><U14/><E70/><V24/><F131/><W0/><G108/><T65/><D65/><U59/><E128/><V57/><F10/><W75/><G125/><T51/><D122/><U9/><E126/><V103/><F103/><W117/><G117/><T94/><D51/><U53/><E110/><V16/><F73/><W18/><G48/><T54/><D54/><U2/><E2/><V11/><F38/><W15/><G58/><T130/><D130/><U4/><E4/><V35/><F35/><W34/><G62/><T71/><D71/><U69/><E69/><V36/><F36/><W60/><G60/><T120/><D94/><U129/><E129/><V68/><F90/><W81/><G107/><T41/><D120/><U88/><E88/><V1/><F1/><W44/><G101/><T12/><D19/><U3/><E3/><V6/><F68/><W17/><G44/><N who="2" m="16937" /><F6/><W63/><G7/><T31/><D31/><U56/><E42/><V29/><F67/><W28/><G0/><T72/><D72/><U92/><E134/><V124/><F124/><W111/><G75/><T89/><D89/><U127/><E133/><V109/><F109/><W95/><G111/><T98/><D98/><U135/><E127/><V121/><F121/><W25/><G30/><T99/><D99/><U74/><E74/><V102/><F102/><W83/><G28/><T123/><D123/><U76/><E135/><V84/><F84/><AGARI ba="0,0" hai="12,13,40,41,43,84,85,86,104,105,106" m="44586" machi="84" ten="40,5200,0" yaku="28,2,12,1" doraHai="27" who="0" fromWho="2" sc="263,52,251,0,277,-52,209,0" /><INIT seed="7,0,0,3,1,50" ten="315,251,225,209" oya="3" hai0="134,131,105,126,2,79,110,86,104,48,57,82,108" hai1="6,47,1,64,18,26,99,69,32,37,29,132,80" hai2="21,53,97,60,23,5,107,135,68,87,42,115,4" hai3="51,33,46,98,70,109,121,41,124,15,106,116,129"/><W36/><RYUUKYOKU type="yao9" ba="0,0" sc="315,0,251,0,225,0,209,0" hai3="15,33,36,41,46,51,70,98,106,109,116,121,124,129" /><INIT seed="7,1,0,4,3,98" ten="315,251,225,209" oya="3" hai0="7,41,25,99,83,78,102,103,33,2,100,28,73" hai1="50,44,131,121,77,49,129,39,133,74,93,70,72" hai2="10,18,120,96,65,119,115,42,95,60,61,27,124" hai3="6,88,38,64,22,104,67,19,11,68,9,69,32"/><W0/><G38/><T37/><D7/><U125/><E121/><V106/><F119/><W30/><G104/><T12/><D2/><U76/><E70/><V63/><F106/><W3/><G88/><T36/><D12/><U118/><E118/><V79/><F115/><W134/><G134/><T8/><D8/><U85/><E125/><V127/><F79/><N who="1" m="30281" /><E39/><V14/><F42/><W20/><G30/><T5/><D5/><U81/><E93/><V55/><F120/><W52/><G52/><T66/><D66/><N who="3" m="25129" /><G32/><T56/><D56/><U123/><E123/><V122/><F122/><W105/><G19/><T1/><D1/><N who="3" m="585" /><G6/><T16/><D16/><U128/><E133/><V110/><F65/><W71/><G105/><T13/><D13/><U57/><E57/><V135/><F135/><W51/><G51/><N who="1" m="19466" /><E44/><V132/><F132/><W84/><G84/><T87/><D37/><U130/><E131/><V45/><F124/><W47/><G47/><T58/><D58/><U92/><E92/><V46/><F127/><W53/><G53/><T90/><D36/><U91/><AGARI ba="1,0" hai="72,74,81,85,91,128,129,130" m="19466,30281" machi="91" ten="40,1500,0" yaku="19,1" doraHai="98" who="1" fromWho="1" sc="315,-5,251,18,225,-5,209,-8" owari="310,41.0,269,7.0,220,-18.0,201,-30.0" /></mjloggm>