<mjloggm ver="2.3"><GO type="169" lobby="0"/><UN n0="%E3%83%88%E3%83%88%E3%83%AA%E5%85%88%E7%94%9F%31%39%E6%AD%B3" n1="%46%69%72%73%74" n2="%E3%82%AB%E3%83%9C%E3%83%81%E3%83%A3%E3%82%BF%E3%83%8D" n3="%E3%81%86%E3%81%AA%E3%81%8E" dan="18,16,16,16" rate="2249.07,2032.64,2185.04,2083.82" sx="F,M,M,F"/><TAIKYOKU oya="0"/><INIT seed="0,0,0,3,1,127" ten="250,250,250,250" oya="0" hai0="95,9,86,45,98,69,115,88,130,82,21,46,28" hai1="93,0,4,89,111,10,17,64,42,129,131,103,110" hai2="44,120,52,38,57,132,12,100,135,71,101,75,11" hai3="109,1,106,13,81,36,74,34,19,27,14,83,50"/><T84/><D115/><U43/><E103/><V8/><F120/><W96/><G36/><T97/><D69/><U3/><E64/><V107/><F75/><W79/><G1/><T77/><D130/><N who="1" m="49675" /><E17/><V56/><F71/><W76/><G109/><N who="1" m="41482" /><E0/><V125/><F125/><W58/><G19/><T122/><D122/><U26/><E26/><V72/><F72/><W61/><G27/><N who="0" m="16495" /><D9/><U105/><E105/><V78/><F11/><W87/><G74/><T126/><D126/><U23/><E23/><V60/><F101/><W133/><G106/><T91/><D97/><AGARI ba="0,0" hai="3,4,10,42,43,89,93,97" m="41482,49675" machi="97" ten="30,8000,1" yaku="19,1,14,1,52,3" doraHai="127" who="1" fromWho="0" sc="250,-80,250,80,250,0,250,0" /><INIT seed="1,0,0,5,4,73" ten="170,330,250,250" oya="1" hai0="101,72,8,77,33,68,107,41,76,47,18,66,6" hai1="45,49,70,125,22,43,112,12,0,84,50,3,110" hai2="21,57,7,131,9,95,114,119,56,10,91,23,13" hai3="2,122,85,15,89,133,17,81,27,11,128,96,86"/><U80/><E112/><V129/><F119/><W82/><G122/><T123/><D123/><U71/><E125/><V92/><F114/><W19/><G133/><T38/><D18/><U31/><E110/><V69/><F69/><W46/><G2/><N who="0" m="87" /><D77/><U97/><E97/><V126/><F126/><W78/><G128/><T34/><D101/><U106/><E106/><V94/><F91/><W88/><G46/><T109/><D107/><U61/><E50/><V24/><F24/><W53/><G53/><T117/><D117/><U5/><E31/><V4/><F92/><N who="3" m="56327" /><G27/><T48/><D48/><U79/><E22/><V35/><REACH who="2" step="1"/><F13/><REACH who="2" ten="170,330,240,250" step="2"/><W67/><G67/><T40/><D109/><U65/><REACH who="1" step="1"/><E71/><REACH who="1" ten="170,320,240,250" step="2"/><V87/><F87/><W90/><G85/><T103/><D68/><U16/><E16/><V64/><F64/><W118/><G118/><T20/><D66/><U63/><E63/><V52/><F52/><W59/><G17/><T55/><D55/><U30/><E30/><V135/><F135/><W42/><G19/><T113/><D113/><U75/><E75/><V134/><F134/><W102/><G86/><T121/><D72/><U62/><E62/><V44/><F44/><W28/><G28/><T1/><D47/><U98/><E98/><V99/><F99/><W115/><G115/><T39/><D121/><U83/><E83/><V14/><F14/><W130/><G15/><T26/><D26/><U124/><E124/><V60/><F60/><W120/><G120/><T25/><D25/><U111/><E111/><V127/><F127/><W132/><G132/><T29/><D29/><RYUUKYOKU ba="0,2" sc="170,-15,320,15,240,15,250,-15" hai1="0,3,5,12,43,45,49,61,65,70,79,80,84" hai2="4,7,9,10,21,23,35,56,57,94,95,129,131" /><INIT seed="1,1,2,3,0,125" ten="155,335,255,235" oya="1" hai0="114,78,79,103,106,98,134,90,9,95,6,11,102" hai1="0,51,47,80,72,100,15,96,129,88,2,35,13" hai2="133,24,124,18,27,22,85,60,37,113,73,21,75" hai3="4,43,99,104,117,38,12,89,67,82,19,5,54"/><U33/><E72/><V52/><F124/><W112/><G112/><T63/><D114/><U131/><E15/><V84/><F113/><W44/><G67/><T23/><D134/><U46/><E13/><V42/><F133/><W7/><G117/><T55/><D23/><U36/><E80/><V118/><F118/><W65/><G65/><T45/><D106/><N who="1" m="63751" /><E88/><V83/><F42/><W26/><G104/><T87/><D102/><U50/><E50/><V30/><F37/><W128/><G54/><T57/><D45/><N who="1" m="16907" /><E51/><V68/><F85/><W20/><G82/><N who="0" m="49527" /><D6/><U69/><E69/><V108/><F68/><W61/><G4/><T8/><AGARI ba="1,2" hai="8,9,11,55,57,63,78,79,95,98,103" m="49527" machi="8" ten="30,1100,0" yaku="8,1" doraHai="125" who="0" fromWho="0" sc="155,34,335,-6,255,-4,235,-4" /><INIT seed="2,0,0,4,4,82" ten="189,329,251,231" oya="2" hai0="88,93,106,26,70,94,4,10,128,35,81,8,41" hai1="99,46,135,55,36,83,45,27,2,108,20,134,33" hai2="102,5,119,21,32,39,19,107,86,113,104,61,51" hai3="68,57,23,38,62,75,111,37,59,18,122,76,78"/><V85/><F39/><W72/><G122/><T24/><D106/><U16/><E108/><V0/><F113/><W95/><G111/><T9/><D70/><U129/><E129/><V121/><F121/><W30/><G30/><T77/><D128/><U34/><E2/><V90/><F119/><W15/><G95/><T100/><D4/><U132/><E99/><V56/><F32/><N who="1" m="12393" /><E36/><V63/><F51/><W22/><G68/><T42/><D94/><U79/><E55/><V84/><F90/><W52/><G38/><T125/><D125/><U118/><E118/><V6/><F63/><W60/><G37/><T130/><D100/><U13/><E27/><V54/><F102/><W50/><G50/><T123/><D123/><U17/><E17/><V87/><N who="2" m="21504" /><DORA hai="28" /><V103/><F103/><W43/><G43/><T116/><D116/><U117/><E117/><V25/><REACH who="2" step="1"/><F5/><REACH who="2" ten="189,329,241,231" step="2"/><W101/><G101/><T47/><D88/><U120/><E120/><V127/><F127/><W92/><G62/><T14/><D130/><U7/><E7/><V112/><F112/><W64/><G60/><T126/><D35/><U1/><E135/><V73/><F73/><W109/><G72/><T96/><D126/><U48/><E48/><V105/><F105/><W131/><G75/><T58/><D96/><U114/><E114/><V44/><F44/><W124/><G131/><T115/><D47/><U98/><E46/><V31/><F31/><W71/><G124/><T66/><D115/><U49/><E134/><V3/><F3/><W29/><G29/><T91/><D91/><U53/><E132/><RYUUKYOKU ba="0,1" sc="189,-10,329,-10,241,30,231,-10" hai2="0,6,19,21,25,54,56,61,104,107" /><INIT seed="2,1,1,0,1,1" ten="179,319,271,221" oya="2" hai0="19,59,73,127,70,47,71,110,106,66,40,64,88" hai1="57,67,12,135,103,17,2,69,121,122,63,38,35" hai2="49,55,25,32,126,81,109,65,124,78,86,28,89" hai3="36,99,60,39,100,4,56,53,15,6,134,105,13"/><V80/><F65/><W87/><G134/><T74/><D106/><U58/><E35/><V34/><F34/><W119/><G119/><T77/><D110/><U97/><E38/><V83/><F109/><W3/><G3/><T75/><D77/><U51/><E2/><V112/><F112/><W61/><G87/><T26/><D127/><N who="2" m="48682" /><F89/><W62/><G39/><T29/><D19/><U9/><E51/><V42/><F42/><W8/><G36/><T46/><D59/><AGARI ba="1,1" hai="25,28,32,49,55,59,78,80,81,83,86" m="48682" machi="59" ten="30,1500,0" yaku="18,1" doraHai="1" who="2" fromWho="0" sc="179,-18,319,0,271,28,221,0" /><INIT seed="2,2,0,1,3,105" ten="161,319,299,221" oya="2" hai0="89,38,130,73,3,74,54,117,131,109,56,121,10" hai1="87,49,75,53,60,70,132,108,25,51,112,97,64" hai2="30,91,104,128,93,80,76,15,47,8,77,37,86" hai3="96,16,90,5,2,58,129,50,115,55,106,82,12"/><V79/><F128/><N who="0" m="49194" /><D121/><U0/><E108/><V66/><F104/><W36/><G36/><T26/><D38/><U126/><E0/><V107/><F107/><W133/><G129/><T31/><D109/><U111/><E111/><V100/><F66/><W103/><G133/><T135/><D135/><U7/><E126/><V33/><F33/><W57/><G115/><T63/><D117/><U6/><E97/><V18/><F30/><W1/><G5/><N who="0" m="1343" /><D89/><U114/><E70/><V101/><REACH who="2" step="1"/><F93/><REACH who="2" ten="161,319,289,221" step="2"/><W34/><G34/><AGARI ba="2,1" hai="26,31,34,54,56,63,73,74" m="1343,49194" machi="34" ten="30,3900,0" yaku="19,1,52,2" doraHai="105" who="0" fromWho="3" sc="161,55,319,0,289,0,221,-45" /><INIT seed="3,0,0,0,1,6" ten="216,319,289,176" oya="3" hai0="20,123,54,89,94,17,83,75,16,122,105,50,8" hai1="31,78,117,131,51,85,121,42,25,127,72,12,104" hai2="91,13,133,49,3,106,10,57,116,66,81,32,126" hai3="1,100,118,45,59,41,97,24,47,98,124,96,74"/><W48/><G118/><T134/><D105/><U38/><E78/><V29/><F116/><W135/><G135/><T113/><D134/><U15/><E85/><V35/><F133/><W9/><G74/><T4/><D113/><U43/><E51/><V107/><F126/><W108/><G124/><T21/><D83/><U129/><E43/><V82/><F3/><W112/><G112/><T103/><D103/><U40/><E42/><V34/><F29/><W70/><G70/><T130/><D75/><U5/><E40/><V132/><F132/><W90/><G108/><T26/><D130/><U7/><E104/><V30/><F30/><W39/><G24/><T22/><D123/><U56/><E38/><V76/><F91/><W44/><G90/><T65/><D65/><U111/><E56/><V14/><F14/><W92/><G39/><T64/><D64/><U37/><E37/><V63/><F49/><W86/><G86/><N who="0" m="52535" /><D122/><U52/><E121/><V62/><F62/><W87/><G87/><T125/><D125/><U68/><E68/><V84/><REACH who="2" step="1"/><F82/><REACH who="2" ten="216,319,279,176" step="2"/><W58/><G41/><T36/><D36/><U18/><E127/><V2/><F2/><W11/><G1/><T23/><N who="0" m="5120" /><DORA hai="120" /><T69/><D26/><U19/><E25/><V46/><F46/><N who="3" m="18027" /><G58/><N who="0" m="33111" /><D69/><U0/><E117/><V95/><F95/><W80/><G59/><T93/><D93/><U119/><E119/><V67/><F67/><W88/><G80/><T71/><D71/><U115/><E115/><V99/><F99/><N who="3" m="37963" /><G88/><T114/><D114/><U77/><E131/><V27/><F27/><W102/><G102/><RYUUKYOKU ba="0,1" sc="216,10,319,-30,279,10,176,10" hai0="4,8,16,17" hai2="10,13,32,34,35,57,63,66,76,81,84,106,107" hai3="9,11,47,48,92,98,100" /><INIT seed="3,1,1,2,5,15" ten="226,289,289,186" oya="3" hai0="81,79,70,69,95,41,94,113,101,45,118,83,124" hai1="4,53,88,20,21,22,122,54,135,5,115,6,130" hai2="114,61,33,103,77,120,98,40,102,64,58,74,60" hai3="123,62,24,87,10,127,9,48,110,1,66,8,111"/><W16/><G123/><T99/><D118/><U91/><E122/><V125/><F120/><W37/><G37/><T75/><D124/><U117/><E117/><V129/><F114/><W57/><G127/><T42/><D113/><U18/><E115/><V104/><F125/><W109/><G87/><T71/><D83/><U107/><E107/><V26/><F129/><W13/><G24/><T78/><D78/><U134/><E130/><V51/><F102/><W108/><N who="3" m="28160" /><DORA hai="25" /><W84/><G84/><T86/><D75/><U89/><REACH who="1" step="1"/><E18/><REACH who="1" ten="226,279,289,186" step="2"/><V35/><F104/><W63/><G1/><T121/><D121/><U72/><E72/><V132/><F74/><W44/><REACH who="3" step="1"/><G63/><REACH who="3" ten="226,279,289,176" step="2"/><T23/><D86/><U73/><E73/><V30/><F61/><W7/><G7/><T100/><D79/><U47/><E47/><V39/><F77/><W50/><G50/><T55/><D45/><U12/><E12/><V19/><F51/><W0/><G0/><T49/><D49/><U85/><E85/><V80/><F60/><W93/><G93/><T67/><D94/><U38/><E38/><V126/><F39/><W34/><G34/><T119/><D95/><U56/><E56/><V116/><F58/><W76/><G76/><T31/><D119/><U131/><E131/><V133/><F116/><W46/><G46/><T2/><D2/><U96/><E96/><V43/><F98/><W27/><G27/><T28/><D99/><U128/><E128/><V65/><F26/><W14/><G14/><T90/><D81/><U112/><E112/><V106/><F80/><W59/><G59/><RYUUKYOKU ba="1,3" sc="226,-15,279,15,289,-15,176,15" hai1="4,5,6,20,21,22,53,54,88,89,91,134,135" hai3="8,9,10,13,16,44,48,57,62,66" /><INIT seed="3,2,3,0,4,74" ten="211,294,274,191" oya="3" hai0="114,21,26,130,1,133,16,73,10,90,118,43,110" hai1="8,99,22,48,51,107,80,106,24,129,87,67,57" hai2="100,78,41,72,116,101,49,132,11,59,123,96,65" hai3="102,23,83,104,15,126,0,62,3,82,31,108,7"/><W120/><G120/><T88/><D118/><U32/><E32/><V135/><F116/><W18/><G126/><T85/><D73/><U93/><E129/><V111/><F123/><W64/><G108/><T122/><D122/><U47/><E8/><V34/><F34/><W131/><G131/><T54/><D130/><U125/><E125/><V91/><F111/><W105/><G105/><T27/><D110/><U36/><E36/><V40/><F91/><W20/><G102/><T17/><D133/><N who="2" m="51274" /><F11/><W46/><G104/><T53/><D114/><U92/><E107/><N who="2" m="63879" /><F101/><W4/><G46/><T60/><D43/><N who="1" m="24703" /><E106/><V6/><F6/><N who="3" m="2091" /><G0/><T109/><D1/><U127/><E127/><V52/><F65/><W119/><G3/><T55/><D109/><U56/><E67/><V37/><F37/><W63/><G119/><T42/><D42/><U28/><E51/><V134/><N who="2" m="51282" /><V124/><DORA hai="33" /><F124/><W75/><G75/><T115/><D115/><U61/><E61/><N who="3" m="23050" /><G64/><T39/><D39/><U128/><E128/><V97/><F97/><W45/><G45/><T98/><D60/><U44/><E44/><V68/><F68/><W5/><N who="3" m="2099" /><W77/><DORA hai="66" /><G77/><T81/><D98/><U86/><E99/><V35/><F35/><W117/><G117/><T19/><D10/><U69/><E69/><V89/><F89/><W13/><G13/><N who="0" m="9359" /><D90/><N who="1" m="51527" /><E87/><V112/><F112/><W14/><G14/><T84/><D84/><U25/><E25/><AGARI ba="2,3" hai="15,18,20,23,25,31,82,83" m="23050,2099" machi="25" ten="40,2000,0" yaku="8,1" doraHai="74,33,66" who="3" fromWho="1" sc="211,0,294,-26,274,0,191,56" /><AGARI ba="2,0" hai="17,19,25,26,27,53,54,55,81,85,88" m="9359" machi="25" ten="30,3900,0" yaku="8,1,54,2" doraHai="74,33,66" who="0" fromWho="1" sc="211,39,268,-39,274,0,247,0" /><INIT seed="3,3,0,4,1,70" ten="250,229,274,247" oya="3" hai0="111,95,96,98,3,51,30,67,1,84,15,47,48" hai1="92,118,87,99,25,52,74,135,129,103,64,23,115" hai2="41,101,104,91,4,11,100,45,31,14,81,10,97" hai3="33,131,29,37,2,117,124,20,105,121,44,46,18"/><W72/><RYUUKYOKU type="yao9" ba="3,0" sc="250,0,229,0,274,0,247,0" hai3="2,18,20,29,33,37,44,46,72,105,117,121,124,131" /><INIT seed="3,4,0,5,5,60" ten="250,229,274,247" oya="3" hai0="70,112,55,46,47,22,66,9,1,131,83,25,76" hai1="77,120,71,114,98,30,13,21,94,74,135,90,73" hai2="129,123,6,54,49,58,48,125,64,38,84,5,4" hai3="67,81,101,52,51,3,42,102,117,91,45,24,28"/><W44/><G3/><T105/><D105/><U79/><E71/><V126/><F38/><W62/><G117/><T122/><D122/><U17/><E120/><V31/><F123/><W27/><G81/><T106/><D106/><U93/><E135/><V110/><F110/><W109/><G91/><T36/><D131/><U43/><E114/><V59/><F129/><W61/><G61/><T7/><D112/><U134/><E134/><V100/><F100/><W82/><G82/><T40/><D47/><U12/><E43/><V15/><F31/><W29/><G109/><T104/><D104/><U56/><E30/><V133/><F133/><W127/><G127/><N who="2" m="48649" /><F84/><W68/><G29/><T2/><D55/><U11/><E74/><V39/><F39/><W78/><G78/><T41/><D41/><U10/><E73/><V132/><F132/><W72/><G72/><N who="0" m="43399" /><D2/><U119/><E119/><V89/><F89/><W85/><G85/><T57/><D57/><N who="2" m="21514" /><F54/><W124/><G124/><T69/><D66/><U130/><E130/><V86/><F86/><W99/><G28/><AGARI ba="4,0" hai="1,7,9,22,25,28,36,40,46,69,70" m="43399" machi="28" ten="30,1000,0" yaku="25,1" doraHai="60" who="0" fromWho="3" sc="250,22,229,0,274,0,247,-22" /><INIT seed="4,0,0,1,3,131" ten="272,229,274,225" oya="0" hai0="2,73,63,135,61,109,36,26,83,124,116,22,25" hai1="39,80,74,23,34,16,29,93,59,54,72,82,85" hai2="67,112,7,87,19,91,90,122,123,50,56,21,57" hai3="79,118,98,89,94,117,120,133,102,96,51,114,81"/><T66/><D116/><N who="3" m="44649" /><G51/><T103/><D36/><U1/><E39/><V33/><F112/><W69/><G69/><T86/><D2/><U58/><E1/><V0/><F33/><W60/><G60/><T11/><D73/><U130/><E130/><V99/><F99/><W100/><G114/><T65/><D124/><U108/><E108/><V28/><F28/><W104/><G120/><T37/><D37/><U64/><E34/><V127/><F127/><W106/><G133/><T107/><D109/><U40/><E40/><V55/><F91/><W48/><G48/><T3/><D135/><U10/><E74/><V17/><F17/><W113/><G113/><T8/><D3/><U35/><E35/><V132/><F132/><W46/><G46/><T52/><D103/><N who="3" m="39465" /><G98/><T105/><D105/><U125/><E125/><V95/><F7/><W53/><G53/><T30/><D107/><U15/><E64/><N who="0" m="24681" /><D26/><U4/><E29/><V71/><F71/><W126/><G126/><T41/><D41/><U121/><E121/><V38/><F38/><W84/><AGARI ba="0,0" hai="79,81,84,89,94,96,104,106" m="39465,44649" machi="84" ten="30,2000,0" yaku="34,2" doraHai="131" who="3" fromWho="3" sc="272,-10,229,-5,274,-5,225,20" /><INIT seed="5,0,0,0,1,7" ten="262,224,269,245" oya="1" hai0="84,6,85,93,14,59,80,5,23,44,58,17,120" hai1="105,63,75,28,24,16,106,92,130,71,78,73,88" hai2="4,8,46,62,72,90,40,21,129,50,128,113,74" hai3="110,54,15,116,42,61,131,47,48,112,132,37,108"/><U81/><E130/><N who="2" m="50283" /><F113/><W57/><G131/><T114/><D114/><U2/><E2/><V66/><F66/><BYE who="2" /><W134/><G15/><T111/><D111/><N who="3" m="42537" /><G112/><T29/><D120/><U13/><E75/><V39/><F39/><W104/><G104/><T126/><D126/><U77/><E77/><UN n2="%E3%82%AB%E3%83%9C%E3%83%81%E3%83%A3%E3%82%BF%E3%83%8D" /><V102/><F102/><W55/><G116/><T19/><D29/><U76/><E76/><V124/><F124/><W41/><G41/><T86/><D80/><U53/><E71/><V65/><F21/><W22/><G22/><N who="0" m="11575" /><D44/><AGARI ba="0,0" hai="37,42,44,47,48,54,55,57,61,132,134" m="42537" machi="44" ten="30,2000,0" yaku="34,2" doraHai="7" who="3" fromWho="0" sc="262,-20,224,0,269,0,245,20" /><INIT seed="6,0,0,0,0,20" ten="242,224,269,265" oya="2" hai0="111,16,43,62,10,18,118,123,60,69,82,57,55" hai1="110,74,5,88,0,17,87,80,31,83,106,39,108" hai2="30,22,113,107,26,8,67,40,46,13,27,103,122" hai3="94,77,34,115,59,3,52,73,15,76,96,42,63"/><V29/><F122/><W12/><G3/><T119/><D111/><U91/><E31/><V126/><F113/><W37/><G34/><T78/><D123/><U131/><E39/><V102/><F126/><W134/><G134/><T79/><D43/><U9/><E131/><V109/><F109/><W127/><G127/><T21/><D10/><U33/><E33/><V50/><F67/><W98/><G115/><T54/><D18/><U61/><E106/><V36/><F36/><W117/><G117/><N who="0" m="44555" /><D69/><U114/><E114/><V7/><F107/><W38/><G38/><T99/><D99/><U51/><E61/><N who="0" m="23657" /><D57/><U11/><E51/><V101/><F103/><W116/><G96/><T92/><D92/><U56/><E56/><V58/><F58/><W81/><G116/><T49/><D49/><U132/><E132/><V135/><F135/><W48/><G37/><T23/><D23/><AGARI ba="0,0" hai="7,8,13,22,23,26,27,29,30,40,46,50,101,102" machi="23" ten="30,12000,1" yaku="7,1,9,1,8,1,52,2" doraHai="20" who="2" fromWho="0" sc="242,-120,224,0,269,120,265,0" /><INIT seed="6,1,0,2,3,26" ten="122,224,389,265" oya="2" hai0="111,110,82,71,1,92,12,129,107,73,16,3,22" hai1="54,21,84,50,31,56,53,93,88,62,81,65,67" hai2="14,130,5,57,104,133,101,85,28,135,113,127,52" hai3="43,66,134,106,100,121,72,64,41,60,114,35,117"/><V38/><F38/><W80/><G117/><T76/><D107/><U96/><E21/><V20/><F104/><W79/><G121/><T49/><D71/><U123/><E123/><V63/><F101/><W8/><G134/><T68/><D68/><U108/><E108/><V94/><F130/><W44/><G114/><T70/><D70/><U58/><REACH who="1" step="1"/><E31/><REACH who="1" ten="122,214,389,265" step="2"/><V2/><F28/><W122/><G122/><T91/><D129/><U42/><E42/><V30/><F30/><W36/><G41/><T4/><D49/><U97/><E97/><V90/><F20/><W103/><G35/><T46/><D46/><U45/><E45/><V126/><F135/><W24/><G106/><T112/><D112/><U18/><E18/><V87/><F113/><W40/><G40/><T15/><D15/><U51/><E51/><V7/><F14/><W69/><G24/><T95/><D95/><U102/><AGARI ba="1,1" hai="50,53,54,56,58,62,65,67,81,84,88,93,96,102" machi="102" ten="20,12000,2" yaku="1,1,0,1,7,1,8,1,54,1,53,1" doraHai="26" doraHaiUra="77" who="1" fromWho="1" sc="122,-31,214,133,389,-61,265,-31" /><INIT seed="7,0,0,1,0,111" ten="91,347,328,234" oya="3" hai0="19,133,59,4,88,84,17,14,81,105,42,90,61" hai1="41,110,12,131,50,54,64,87,63,31,126,37,116" hai2="78,62,5,74,28,16,13,11,66,15,91,1,32" hai3="57,25,135,48,36,86,58,120,108,125,67,55,121"/><W95/><G36/><T117/><D133/><U70/><E110/><V103/><F15/><W22/><G108/><T96/><D117/><U79/><E131/><V98/><F91/><N who="3" m="53751" /><G135/><T85/><D105/><U128/><E126/><V99/><F78/><W73/><G73/><T56/><D96/><U124/><E116/><V92/><F74/><W93/><G121/><T9/><D42/><U97/><E97/><V94/><F32/><W44/><G120/><T2/><D59/><U45/><E31/><V35/><F35/><W8/><G125/><T76/><D76/><U82/><E128/><V115/><F115/><W101/><G67/><T39/><D39/><U7/><E124/><V118/><F118/><W100/><G8/><T24/><D24/><U114/><E114/><V72/><F72/><W68/><G68/><T27/><D27/><U69/><E69/><V83/><F83/><W80/><G80/><T77/><D2/><U109/><E109/><V46/><F46/><W51/><G93/><T10/><D85/><U49/><E37/><V26/><F28/><N who="3" m="17463" /><G57/><T104/><D4/><U112/><E112/><V102/><F26/><W38/><G38/><T33/><D104/><U0/><E0/><V113/><F113/><W43/><AGARI ba="0,0" hai="43,44,48,51,55,58,100,101" m="17463,53751" machi="43" ten="30,1500,0" yaku="8,1" doraHai="111" who="3" fromWho="3" sc="91,-5,347,-5,328,-5,234,15" /><INIT seed="7,1,0,3,4,45" ten="86,342,323,249" oya="3" hai0="133,53,96,131,32,59,124,76,35,86,130,108,21" hai1="123,74,84,67,0,6,93,7,135,62,19,13,31" hai2="105,66,101,5,89,18,98,56,94,132,2,28,128" hai3="92,60,106,22,110,117,15,10,57,30,125,90,116"/><W33/><G106/><T122/><D96/><U1/><E123/><V83/><F132/><W99/><G33/><T127/><D86/><U80/><E74/><V3/><F128/><W29/><G125/><T52/><D76/><U27/><E135/><V20/><F5/><W68/><G68/><T134/><D21/><N who="1" m="15855" /><E93/><V11/><F11/><W91/><G110/><T55/><D32/><U36/><E36/><V65/><F28/><W114/><G114/><T46/><D35/><U39/><E39/><V48/><F2/><W25/><G30/><T4/><D4/><U75/><E75/><V69/><F3/><W42/><G91/><T16/><D16/><U8/><E1/><V87/><F69/><W43/><G116/><T100/><D100/><U129/><E129/><N who="0" m="49161" /><D108/><U63/><E67/><V79/><F105/><W44/><G117/><T120/><D59/><U88/><E0/><V115/><F101/><W50/><G10/><T47/><D134/><U102/><E102/><V26/><F115/><W9/><G9/><T111/><D133/><U119/><E119/><V14/><F26/><W64/><G15/><T38/><D111/><U118/><E118/><V103/><F103/><W85/><G99/><T34/><D34/><U41/><E7/><V23/><F20/><W109/><G109/><T70/><D70/><U73/><E73/><V113/><F113/><W24/><G24/><T78/><D78/><U54/><E6/><V71/><F71/><W72/><G72/><T61/><D38/><U112/><E112/><V104/><F104/><W40/><AGARI ba="1,0" hai="22,25,29,40,42,43,44,50,57,60,64,85,90,92" machi="40" ten="20,7800,0" yaku="0,1,7,1,8,1,52,1" doraHai="45" who="3" fromWho="3" sc="86,-27,342,-27,323,-27,249,81" owari="59,-44.0,315,12.0,296,-10.0,330,42.0" /></mjloggm>