<mjloggm ver="2.3"><GO type="169" lobby="0"/><UN n0="%67%6F%73%68%69%6B%6B%75" n1="%67%75%73%68" n2="%E7%84%9A%E3%81%8D%E7%81%AB" n3="%E5%B0%B1%E6%B4%BB%E7%94%9F%40%E5%B7%9D%E6%9D%91%E8%BB%8D%E5%9B%A3" dan="17,16,17,17" rate="2178.91,2134.63,2208.25,2225.43" sx="F,M,M,M"/><TAIKYOKU oya="0"/><INIT seed="0,0,0,5,0,64" ten="250,250,250,250" oya="0" hai0="51,75,65,105,28,59,76,40,21,132,120,114,115" hai1="80,18,85,125,78,63,37,97,110,7,2,48,14" hai2="20,50,98,11,32,55,118,29,81,13,5,73,84" hai3="102,134,8,0,95,133,66,117,92,16,111,15,130"/><T122/><D105/><U99/><E37/><V121/><F118/><W77/><G117/><T123/><D75/><U101/><E110/><V82/><F121/><W34/><G34/><T19/><D76/><U23/><E125/><V109/><F109/><W58/><G111/><T12/><D132/><N who="3" m="50793" /><G0/><T17/><D28/><U74/><E48/><V44/><F73/><W135/><G135/><T124/><D124/><U46/><E46/><V89/><F32/><W90/><G77/><T10/><D40/><U22/><E22/><V38/><F38/><W56/><G130/><T57/><D65/><U107/><E99/><V42/><F98/><N who="3" m="59743" /><G66/><T45/><D45/><U69/><E74/><V52/><REACH who="2" step="1"/><F82/><REACH who="2" ten="250,250,240,250" step="2"/><W87/><AGARI ba="0,1" hai="8,15,16,56,58,87,90,92" m="59743,50793" machi="87" ten="30,2000,0" yaku="20,1,54,1" doraHai="64" who="3" fromWho="3" sc="250,-10,250,-5,240,-5,250,30" /><INIT seed="1,0,0,4,4,53" ten="240,245,235,280" oya="1" hai0="119,105,11,113,111,43,131,120,55,51,44,132,13" hai1="71,26,128,115,81,32,100,129,49,61,96,46,18" hai2="98,19,24,59,45,34,15,5,110,63,84,22,114" hai3="40,62,21,17,54,16,117,12,95,37,36,3,30"/><U133/><E115/><V103/><F114/><W85/><G117/><T80/><D119/><U20/><E32/><V122/><F122/><W89/><G30/><T23/><D105/><U57/><E71/><V60/><F110/><W112/><G112/><T116/><D116/><U25/><E81/><V82/><F63/><W127/><G127/><T123/><D111/><U78/><E78/><V94/><F45/><W35/><G35/><T126/><D132/><U39/><E39/><V77/><F34/><W68/><G3/><T107/><D107/><U135/><E26/><V92/><F5/><W2/><G2/><T90/><D23/><U91/><E91/><V124/><F124/><W27/><G40/><T108/><D131/><N who="1" m="50251" /><E49/><V75/><F75/><W121/><G121/><N who="0" m="46667" /><D113/><U79/><E46/><V6/><F6/><W56/><REACH who="3" step="1"/><G68/><REACH who="3" ten="240,245,235,270" step="2"/><T73/><D126/><U38/><E135/><V104/><REACH who="2" step="1"/><F24/><REACH who="2" ten="240,245,225,270" step="2"/><W41/><G41/><T93/><D43/><U74/><E133/><V29/><F29/><W0/><G0/><T67/><D108/><U42/><E42/><V125/><F125/><W50/><G50/><T109/><D109/><U130/><E130/><V102/><F102/><W66/><G66/><AGARI ba="0,2" hai="15,19,22,59,60,66,77,82,84,92,94,98,103,104" machi="66" ten="30,3900,0" yaku="1,1,7,1,52,1,53,0" doraHai="53" doraHaiUra="118" who="2" fromWho="3" sc="240,0,245,0,225,59,270,-39" /><INIT seed="2,0,0,1,4,108" ten="240,245,284,231" oya="2" hai0="110,63,22,91,55,85,29,135,17,98,116,48,121" hai1="66,79,130,50,76,80,103,41,67,118,82,53,39" hai2="133,43,33,40,6,71,62,9,75,54,102,4,68" hai3="120,31,90,23,123,44,104,42,51,100,124,84,111"/><V97/><F75/><W8/><G111/><T125/><D121/><U126/><E118/><V7/><F9/><W94/><G124/><T16/><D135/><U64/><E126/><V119/><F119/><W96/><REACH who="3" step="1"/><G8/><REACH who="3" ten="240,245,284,221" step="2"/><T87/><D125/><U106/><E130/><V73/><F133/><W45/><G45/><T3/><D110/><U34/><E34/><V18/><F33/><W74/><G74/><T20/><D116/><U81/><E76/><V28/><F73/><W61/><G61/><T10/><D63/><U13/><E79/><V69/><F28/><W129/><G129/><T99/><D29/><U70/><E70/><V109/><F109/><W78/><G78/><T88/><D10/><U12/><E39/><V105/><REACH who="2" step="1"/><F18/><REACH who="2" ten="240,245,274,221" step="2"/><W128/><G128/><T32/><D32/><U47/><E47/><V77/><F77/><W21/><G21/><T27/><D17/><U134/><E134/><V132/><F132/><W115/><G115/><T86/><D22/><U11/><E11/><V37/><F37/><W131/><G131/><T95/><D3/><U72/><E72/><V36/><F36/><W26/><AGARI ba="0,2" hai="23,26,31,42,44,51,84,90,94,96,100,104,120,123" machi="26" ten="30,2000,0" yaku="1,1,0,1,53,0" doraHai="108" doraHaiUra="14" who="3" fromWho="3" sc="240,-5,245,-5,274,-10,221,40" /><INIT seed="3,0,0,0,1,113" ten="235,240,264,261" oya="3" hai0="24,79,93,85,120,82,27,121,45,55,103,60,91" hai1="116,108,38,134,30,37,135,67,66,100,12,118,92" hai2="117,101,59,111,6,84,19,34,96,50,21,87,71" hai3="131,102,58,28,86,127,53,95,32,106,52,39,48"/><W81/><G127/><T41/><D103/><U78/><E108/><V13/><F71/><W109/><G131/><T3/><D3/><U22/><E78/><V89/><F111/><W36/><G109/><T1/><D1/><U77/><E77/><V4/><F34/><W40/><G40/><T104/><D104/><U105/><E105/><V15/><F84/><W65/><G65/><N who="1" m="24586" /><E100/><V110/><F117/><N who="1" m="45161" /><E92/><N who="2" m="58503" /><F15/><W42/><G42/><T20/><D27/><N who="1" m="16759" /><E12/><V54/><F110/><W10/><G106/><T57/><D79/><U2/><E2/><V0/><F0/><W83/><G95/><AGARI ba="0,0" hai="4,6,13,19,21,50,54,59,87,89,95" m="58503" machi="95" ten="30,2000,0" yaku="25,1,8,1" doraHai="113" who="2" fromWho="3" sc="235,0,240,0,264,20,261,-20" /><INIT seed="4,0,0,5,1,132" ten="235,240,284,241" oya="0" hai0="100,80,115,76,54,18,91,68,77,60,107,65,123" hai1="49,117,58,78,51,98,61,131,84,24,53,93,27" hai2="43,88,125,4,31,66,6,94,8,40,36,45,0" hai3="82,25,124,14,87,63,55,52,34,113,127,96,86"/><T56/><D123/><U75/><E75/><V32/><F66/><W41/><G113/><T35/><D115/><U121/><E117/><V44/><F6/><W21/><G41/><T28/><D18/><U59/><E121/><V23/><F32/><W90/><G34/><T29/><D29/><U19/><E131/><V74/><F74/><W89/><G14/><T12/><D12/><U13/><E84/><V46/><F125/><N who="3" m="48203" /><G96/><N who="0" m="61831" /><D91/><N who="1" m="55615" /><E78/><V105/><F105/><W102/><G102/><T103/><D80/><U101/><E101/><V119/><F119/><W26/><G63/><N who="0" m="39999" /><D103/><U71/><E71/><V69/><F69/><W11/><G11/><T30/><D30/><U37/><E37/><V10/><F10/><W95/><G26/><AGARI ba="0,0" hai="26,28,35,54,56,60,76,77" m="39999,61831" machi="26" ten="30,1500,0" yaku="25,1" doraHai="132" who="0" fromWho="3" sc="235,15,240,0,284,0,241,-15" /><INIT seed="4,1,0,5,5,89" ten="250,240,284,226" oya="0" hai0="70,90,127,22,16,129,38,102,100,41,25,52,74" hai1="19,12,91,128,94,78,56,64,115,109,75,108,85" hai2="118,35,120,44,122,73,126,27,131,30,33,81,47" hai3="125,68,114,88,86,32,42,95,83,24,51,93,28"/><T84/><D74/><U106/><E128/><V110/><F110/><W101/><G68/><T34/><D129/><U13/><E13/><V63/><F131/><W39/><G39/><T8/><D70/><U80/><E115/><V69/><F35/><W17/><G114/><T2/><D127/><U10/><REACH who="1" step="1"/><E106/><REACH who="1" ten="250,230,284,226" step="2"/><V82/><F126/><W112/><G125/><T79/><D34/><U111/><E111/><V119/><F122/><W46/><G112/><T76/><D2/><U72/><E72/><V116/><F120/><W105/><REACH who="3" step="1"/><G17/><REACH who="3" ten="250,230,284,216" step="2"/><T4/><D38/><U77/><E77/><N who="2" m="44207" /><F82/><W87/><G87/><T7/><D79/><U0/><E0/><V66/><AGARI ba="1,2" hai="27,30,33,44,47,63,66,69,116,118,119" m="44207" machi="66" ten="40,1500,0" yaku="12,1" doraHai="89" who="2" fromWho="2" sc="250,-8,230,-5,284,38,216,-5" /><INIT seed="5,0,0,4,2,6" ten="242,225,322,211" oya="1" hai0="118,64,43,32,117,99,69,66,76,103,56,1,102" hai1="25,46,41,45,68,107,37,131,7,11,8,108,104" hai2="65,85,113,34,95,124,22,67,61,111,80,86,17" hai3="13,42,20,89,23,60,90,116,26,63,14,27,78"/><U44/><E68/><V92/><F34/><W87/><G116/><T5/><D32/><U55/><E131/><V62/><F111/><W77/><REACH who="3" step="1"/><G87/><REACH who="3" ten="242,225,322,201" step="2"/><T57/><D118/><U58/><E108/><V91/><F124/><W71/><G71/><T48/><D69/><U93/><E37/><V70/><F113/><W128/><G128/><T18/><D117/><U105/><E41/><AGARI ba="0,1" hai="13,14,20,23,26,27,41,42,60,63,77,78,89,90" machi="41" ten="25,12000,2" yaku="1,1,22,2,8,1,53,2" doraHai="6" doraHaiUra="72" who="3" fromWho="1" sc="242,0,225,-120,322,0,201,130" /><INIT seed="6,0,0,2,0,59" ten="242,105,322,331" oya="2" hai0="55,94,61,122,77,56,42,69,25,49,78,35,118" hai1="75,28,95,100,9,47,17,114,72,27,48,5,58" hai2="74,71,44,40,97,115,65,85,62,116,134,119,68" hai3="50,87,90,30,29,67,19,53,117,81,82,128,130"/><V64/><F74/><W32/><G117/><T107/><D122/><U63/><E114/><V105/><F85/><W66/><G81/><T98/><D118/><N who="2" m="45098" /><F97/><W41/><G41/><T52/><D42/><U84/><E17/><V123/><F105/><W4/><G4/><T89/><D107/><U126/><E126/><V1/><F1/><W6/><G6/><T31/><REACH who="0" step="1"/><D69/><REACH who="0" ten="232,105,322,331" step="2"/><U125/><E125/><V108/><F123/><W93/><G130/><T106/><D106/><U54/><E72/><V2/><F115/><W13/><G128/><T10/><D10/><U12/><E75/><V129/><F129/><W57/><G32/><T91/><D91/><U23/><E100/><V60/><F2/><W120/><G120/><T88/><D88/><N who="1" m="53639" /><E47/><AGARI ba="0,1" hai="25,31,35,47,49,52,55,56,61,77,78,89,94,98" machi="47" ten="30,7700,0" yaku="1,1,7,1,52,1,54,1,53,0" doraHai="59" doraHaiUra="135" who="0" fromWho="1" sc="232,87,105,-77,322,0,331,0" /><INIT seed="7,0,0,4,4,9" ten="319,28,322,331" oya="3" hai0="127,90,91,120,76,35,53,3,78,58,125,66,123" hai1="122,105,109,29,79,82,17,44,93,59,100,30,117" hai2="126,119,89,60,1,7,55,49,72,85,121,14,54" hai3="0,61,18,27,56,75,57,41,33,92,12,134,13"/><W106/><G106/><T111/><D111/><U40/><E93/><V73/><F119/><W52/><G0/><T67/><D3/><U42/><E17/><V115/><F1/><W47/><G75/><T25/><D25/><U36/><E59/><N who="2" m="34943" /><F73/><W135/><G92/><T43/><D43/><U124/><E117/><V71/><F71/><W101/><G101/><T38/><D38/><U97/><E109/><V50/><F72/><W116/><G116/><T99/><D35/><U88/><E122/><N who="0" m="46633" /><D99/><U98/><E40/><V34/><F34/><W6/><G6/><T31/><D31/><U2/><E124/><N who="0" m="47689" /><D91/><U8/><E88/><V130/><F126/><W74/><G74/><T65/><D90/><U23/><E98/><V102/><F121/><W37/><G33/><T108/><D108/><U68/><E30/><V4/><F130/><W32/><G32/><T16/><D16/><U10/><E29/><V129/><F129/><W94/><G27/><T46/><D46/><U45/><E68/><V83/><F115/><W5/><G94/><T28/><D28/><U64/><E105/><V113/><F113/><W80/><G5/><N who="2" m="2121" /><F102/><W19/><G80/><T114/><D114/><U63/><E100/><V77/><F89/><W62/><G19/><T103/><D103/><U84/><E2/><V39/><F39/><W51/><G37/><T133/><D133/><N who="3" m="50697" /><G18/><T112/><D112/><U70/><E36/><V20/><F54/><AGARI ba="0,0" hai="12,13,41,47,51,52,54,56,57,61,62" m="50697" machi="54" ten="30,11600,0" yaku="20,1,52,2,54,1" doraHai="9" who="3" fromWho="2" sc="319,0,28,0,322,-116,331,116" owari="319,12.0,28,-47.0,206,-19.0,447,54.0" /></mjloggm>