<mjloggm ver="2.3"><GO type="169" lobby="0"/><UN n0="%E3%81%93%E3%81%98%E3%81%BE%E3%82%82%E3%82%93" n1="%E5%B0%B1%E6%B4%BB%E7%94%9F%40%E5%B7%9D%E6%9D%91%E8%BB%8D%E5%9B%A3" n2="%E7%88%86%E5%BC%BE%E4%BA%94%E9%83%8E%EF%BC%92" n3="%E9%88%B4%E5%B1%8B%E5%86%85%E4%BA%94%E6%9B%B2" dan="17,17,16,16" rate="2159.01,2180.37,2126.68,2145.27" sx="M,M,M,M"/><TAIKYOKU oya="0"/><INIT seed="0,0,0,4,5,82" ten="250,250,250,250" oya="0" hai0="117,12,11,19,112,30,36,26,115,96,78,134,120" hai1="125,50,103,94,87,47,66,83,90,31,45,81,106" hai2="63,55,135,62,35,67,98,27,24,133,18,129,71" hai3="25,99,123,124,119,54,73,91,56,116,65,130,20"/><T21/><D36/><U9/><E125/><V121/><F121/><W1/><G124/><T102/><D120/><U39/><E31/><V84/><F98/><W111/><G123/><T80/><D117/><U15/><E66/><V22/><F129/><W16/><G130/><T93/><REACH who="0" step="1"/><D134/><REACH who="0" ten="240,250,250,250" step="2"/><U128/><E39/><V13/><F135/><W86/><G119/><T69/><D69/><U131/><E131/><V6/><F133/><W14/><G116/><T127/><D127/><U95/><E128/><V109/><F71/><W10/><G111/><T70/><D70/><U108/><E108/><V23/><F109/><W49/><G1/><T126/><D126/><U3/><E3/><V52/><F35/><W85/><G73/><AGARI ba="0,1" hai="11,12,19,21,26,30,73,78,80,93,96,102,112,115" machi="73" ten="30,5800,0" yaku="1,1,7,1,53,1" doraHai="82" doraHaiUra="72" who="0" fromWho="3" sc="240,68,250,0,250,0,250,-58" /><INIT seed="0,1,0,2,5,87" ten="308,250,250,192" oya="0" hai0="54,51,46,124,103,60,23,89,128,36,13,107,99" hai1="69,109,116,50,133,28,38,56,122,126,16,43,37" hai2="20,18,30,121,72,86,74,58,108,106,22,80,35" hai3="55,93,49,19,100,41,76,65,120,101,135,59,81"/><T12/><D124/><U15/><E122/><V44/><F106/><W48/><G120/><T131/><D36/><U95/><E116/><V96/><F121/><W77/><G135/><T42/><D23/><U92/><E69/><V64/><F35/><W21/><G65/><T75/><D75/><U39/><E133/><V34/><F34/><W67/><G67/><T45/><D45/><U66/><E126/><V26/><F96/><W117/><G117/><T79/><D79/><U71/><E109/><V4/><F108/><W84/><G76/><T130/><REACH who="0" step="1"/><D89/><REACH who="0" ten="298,250,250,192" step="2"/><U85/><E39/><V90/><F44/><W47/><REACH who="3" step="1"/><G93/><REACH who="3" ten="298,250,250,182" step="2"/><T97/><D97/><U17/><E92/><V91/><F72/><W125/><G125/><T118/><D118/><U132/><E95/><V70/><F74/><W24/><AGARI ba="1,2" hai="19,21,24,41,47,48,49,55,59,77,81,84,100,101" machi="24" ten="20,5200,0" yaku="1,1,0,1,7,1,8,1,53,0" doraHai="87" doraHaiUra="31" who="3" fromWho="3" sc="298,-27,250,-14,250,-14,182,75" /><INIT seed="1,0,0,3,5,71" ten="271,236,236,257" oya="1" hai0="3,62,53,133,93,2,27,99,119,79,111,75,31" hai1="32,100,48,121,82,26,51,118,33,96,20,59,15" hai2="110,10,64,108,77,44,8,39,92,115,34,47,52" hai3="125,68,7,65,81,135,16,1,106,50,86,120,28"/><U126/><E121/><V95/><F34/><W89/><G89/><T54/><D119/><U30/><E118/><V123/><F64/><W63/><G63/><T6/><D111/><N who="2" m="42538" /><F77/><W88/><G135/><T97/><D133/><U66/><E126/><V61/><F123/><W72/><G120/><T36/><D99/><U57/><E82/><V21/><F21/><W11/><G125/><T22/><D79/><U42/><E42/><N who="2" m="22623" /><F115/><W74/><G106/><T23/><D75/><U5/><E33/><V14/><F47/><W129/><G65/><T76/><D76/><U58/><E66/><V103/><F103/><W24/><G68/><T60/><D22/><U17/><REACH who="1" step="1"/><E5/><REACH who="1" ten="271,226,236,257" step="2"/><N who="2" m="3343" /><F10/><W117/><G11/><T12/><D6/><U80/><E80/><V102/><F102/><W91/><G7/><T56/><D53/><U128/><E128/><V109/><F109/><W130/><G129/><T113/><D54/><U37/><E37/><V70/><F70/><W104/><G130/><T73/><D36/><U18/><E18/><V105/><F105/><AGARI ba="0,1" hai="15,17,20,26,30,32,48,51,57,58,59,96,100,105" machi="105" ten="40,2000,0" yaku="1,1,53,0" doraHai="71" doraHaiUra="134" who="1" fromWho="2" sc="271,0,226,30,236,-20,257,0" /><INIT seed="1,1,0,4,4,47" ten="271,256,216,257" oya="1" hai0="83,76,46,113,72,59,88,85,70,130,48,103,34" hai1="111,10,41,50,7,86,36,62,22,68,84,115,53" hai2="30,120,52,57,26,127,35,98,24,95,107,61,63" hai3="79,105,121,16,58,92,96,134,80,124,74,25,102"/><U122/><E115/><V64/><F107/><W91/><G121/><T93/><D70/><U27/><E122/><V65/><F120/><W125/><G58/><T67/><D113/><U42/><E111/><V31/><F127/><W106/><G134/><T0/><D0/><U20/><E68/><V118/><F118/><W77/><G77/><T3/><D3/><U23/><E27/><V117/><F117/><W51/><G51/><T39/><D34/><U60/><E10/><V11/><F11/><W4/><G4/><T9/><D130/><U38/><E7/><V116/><F116/><W14/><G25/><T97/><D9/><U108/><E108/><V100/><REACH who="2" step="1"/><F63/><REACH who="2" ten="271,256,206,257" step="2"/><N who="1" m="24105" /><E38/><V32/><AGARI ba="1,1" hai="24,26,30,31,32,35,52,57,61,64,65,95,98,100" machi="32" ten="20,8000,1" yaku="1,1,0,1,7,1,9,1,54,1,53,0" doraHai="47" doraHaiUra="75" who="2" fromWho="2" sc="271,-21,256,-41,206,93,257,-21" /><INIT seed="2,0,0,0,1,130" ten="250,215,299,236" oya="2" hai0="67,124,66,99,108,72,93,119,87,123,11,48,105" hai1="68,9,33,26,95,70,94,46,18,43,125,74,65" hai2="120,91,3,85,29,118,55,104,23,64,128,63,58" hai3="117,27,102,39,38,115,83,56,76,59,86,60,7"/><V5/><F104/><W96/><G117/><T15/><D123/><U19/><E74/><V92/><F120/><W84/><G115/><T79/><D119/><U98/><E125/><V112/><F118/><W73/><G7/><T50/><D124/><U13/><E65/><N who="0" m="24585" /><D72/><U21/><E33/><V106/><F112/><W101/><G101/><N who="0" m="60655" /><D105/><U32/><E32/><V114/><F128/><W1/><G1/><T110/><D110/><U132/><E132/><V122/><F106/><W28/><G39/><T90/><D79/><U52/><E95/><V10/><F114/><W2/><G38/><T34/><D34/><U17/><E17/><V127/><F127/><W100/><G2/><T42/><D42/><U51/><REACH who="1" step="1"/><E43/><REACH who="1" ten="250,205,299,236" step="2"/><V126/><F126/><W14/><G73/><T36/><D108/><U107/><E107/><V71/><F122/><W133/><G133/><T30/><D30/><U62/><E62/><V4/><F4/><W57/><G60/><T8/><D36/><U53/><E53/><V88/><F71/><W113/><G113/><T121/><D121/><U40/><E40/><V80/><F64/><W44/><G28/><T22/><D48/><U135/><E135/><V41/><F41/><W69/><G69/><T134/><D50/><U109/><E109/><V54/><F54/><W81/><G102/><AGARI ba="0,1" hai="9,13,18,19,21,26,46,51,52,68,70,94,98,102" machi="102" ten="30,3900,0" yaku="1,1,7,1,54,1,53,0" doraHai="130" doraHaiUra="37" who="1" fromWho="3" sc="250,0,205,49,299,0,236,-39" /><INIT seed="3,0,0,1,1,125" ten="250,254,299,197" oya="3" hai0="55,86,30,107,83,85,50,133,92,121,112,9,124" hai1="53,131,73,119,93,67,88,48,2,56,17,77,95" hai2="61,36,66,64,3,122,96,69,15,25,21,71,123" hai3="98,1,13,18,130,81,32,60,33,97,128,20,108"/><W99/><G1/><T105/><D121/><N who="2" m="46090" /><F3/><W14/><G108/><T135/><D124/><U26/><E2/><V79/><F79/><W74/><G60/><T58/><D112/><U75/><E95/><V34/><F36/><W104/><G104/><T102/><D30/><U6/><E6/><V106/><F15/><W103/><G103/><T12/><D105/><U129/><E67/><V84/><F84/><W45/><G45/><T80/><D107/><U24/><E119/><V72/><F72/><W76/><REACH who="3" step="1"/><G14/><REACH who="3" ten="250,254,299,187" step="2"/><T78/><D102/><U51/><E26/><V40/><F106/><W127/><G127/><T4/><REACH who="0" step="1"/><D92/><REACH who="0" ten="240,254,299,187" step="2"/><U68/><E93/><V82/><F71/><W22/><G22/><T23/><D23/><U114/><E68/><V109/><F21/><W57/><G57/><T134/><D134/><U28/><E56/><V42/><F69/><W70/><G70/><T111/><D111/><U100/><E114/><V5/><F109/><W46/><G46/><T38/><D38/><U0/><E100/><V90/><F34/><AGARI ba="0,2" hai="13,18,20,32,33,34,74,76,81,97,98,99,128,130" machi="34" ten="40,7700,0" yaku="1,1,52,2,53,0" doraHai="125" doraHaiUra="132" who="3" fromWho="2" sc="240,0,254,0,299,-77,187,97" /><INIT seed="3,1,0,0,2,36" ten="240,254,222,284" oya="3" hai0="62,108,111,56,64,29,67,96,22,127,47,72,25" hai1="74,109,23,32,115,44,120,46,14,0,30,12,66" hai2="131,40,60,70,50,52,45,4,124,81,73,19,77" hai3="9,88,41,39,135,15,31,107,103,43,90,106,99"/><W58/><G39/><T75/><D127/><U55/><E74/><V57/><F124/><W13/><G135/><T71/><D96/><U116/><E0/><V24/><F131/><W94/><G31/><T42/><D67/><U132/><E32/><V37/><F4/><W27/><G27/><T1/><D1/><U2/><E2/><V133/><F133/><W28/><G28/><T92/><D92/><U93/><E132/><V87/><F73/><W84/><G58/><T54/><D108/><U82/><E109/><V35/><F35/><W122/><G122/><T98/><D98/><U97/><E66/><N who="2" m="41287" /><F24/><W20/><G107/><T51/><REACH who="0" step="1"/><D111/><REACH who="0" ten="230,254,222,284" step="2"/><U69/><E69/><V101/><F19/><W91/><G106/><T129/><D129/><U3/><E120/><V85/><F85/><W104/><G104/><T80/><D80/><U10/><E3/><V6/><F6/><N who="3" m="3255" /><G84/><T53/><D53/><U118/><E55/><V59/><F59/><W16/><AGARI ba="1,1" hai="15,16,20,41,43,88,90,91,94,99,103" m="3255" machi="16" ten="30,12000,1" yaku="8,1,52,2,54,2" doraHai="36" who="3" fromWho="3" sc="230,-41,254,-41,222,-41,284,133" /><INIT seed="3,2,0,1,5,134" ten="189,213,181,417" oya="3" hai0="93,67,66,62,125,18,131,83,112,114,92,50,25" hai1="3,39,117,7,57,135,110,68,75,95,133,64,126" hai2="21,38,96,54,53,23,12,41,76,51,2,8,37" hai3="97,49,106,31,60,69,63,90,99,94,36,40,17"/><W47/><G36/><T115/><D131/><U123/><RYUUKYOKU type="yao9" ba="2,0" sc="189,0,213,0,181,0,417,0" hai1="3,7,39,57,64,68,75,95,110,117,123,126,133,135" /><INIT seed="3,3,0,0,0,105" ten="189,213,181,417" oya="3" hai0="56,80,14,6,129,28,110,53,81,78,95,82,72" hai1="90,121,12,34,108,39,86,132,92,107,37,93,103" hai2="8,61,104,119,60,73,111,48,135,83,127,130,97" hai3="0,54,85,91,116,77,1,109,5,69,17,10,122"/><W71/><G122/><T13/><D110/><U49/><E121/><V42/><F8/><W16/><G116/><T55/><D129/><U84/><E34/><V74/><F83/><W76/><G109/><T79/><D28/><U94/><E108/><V9/><F9/><W23/><G0/><T118/><D118/><U22/><E132/><V67/><F119/><W20/><G54/><T123/><D123/><U18/><E107/><V26/><F26/><W115/><G115/><T27/><D27/><U66/><E66/><V35/><F35/><W68/><G20/><T58/><D81/><U102/><E37/><V41/><F60/><W65/><G65/><T2/><D2/><U114/><E39/><V57/><F111/><W126/><G126/><T96/><D6/><U125/><E125/><V50/><F127/><W3/><G3/><T32/><D32/><U25/><E25/><V36/><F36/><W4/><G4/><T31/><D31/><U113/><E113/><V70/><F48/><W21/><G21/><T62/><D56/><U7/><E7/><V24/><F24/><W75/><G77/><T29/><D53/><U106/><E106/><V46/><F57/><W100/><G100/><N who="1" m="38442" /><E114/><V19/><F41/><W88/><G85/><N who="1" m="32874" /><E49/><V131/><F19/><W99/><G99/><AGARI ba="3,0" hai="12,18,22,90,92,93,94,99" m="32874,38442" machi="99" ten="30,1000,0" yaku="8,1" doraHai="105" who="1" fromWho="3" sc="189,0,213,19,181,0,417,-19" /><INIT seed="4,0,0,2,5,86" ten="189,232,181,398" oya="0" hai0="79,69,40,123,103,48,106,128,109,77,68,30,135" hai1="125,25,53,67,29,37,15,33,6,5,62,21,56" hai2="12,81,118,91,111,60,66,76,31,98,134,104,110" hai3="55,35,93,59,43,100,131,32,54,52,64,74,89"/><T129/><D123/><U71/><E37/><V42/><F42/><W87/><G74/><T16/><D135/><U94/><E125/><V80/><F31/><W38/><G131/><N who="0" m="50251" /><D30/><U132/><E132/><V49/><F49/><W70/><G100/><T120/><D120/><U26/><E94/><V47/><F47/><W46/><G70/><N who="0" m="27243" /><D109/><U61/><REACH who="1" step="1"/><E15/><REACH who="1" ten="189,222,181,398" step="2"/><V3/><F12/><W36/><G38/><T65/><D106/><U113/><E113/><V85/><F104/><W133/><G133/><T73/><D103/><U11/><E11/><V22/><F134/><W124/><G124/><T75/><D75/><U8/><E8/><V50/><F110/><W127/><G127/><T84/><D73/><U121/><E121/><V99/><F111/><W57/><G36/><T130/><D130/><U17/><AGARI ba="0,1" hai="5,6,17,21,25,26,29,33,53,56,61,62,67,71" machi="17" ten="20,2700,0" yaku="1,1,0,1,7,1,53,0" doraHai="86" doraHaiUra="112" who="1" fromWho="1" sc="189,-13,222,37,181,-7,398,-7" /><INIT seed="5,0,0,4,0,134" ten="176,259,174,391" oya="1" hai0="33,42,8,101,120,18,96,59,133,129,6,125,108" hai1="123,79,19,30,25,135,37,55,4,71,111,16,64" hai2="93,89,86,1,2,77,78,104,38,91,24,121,109" hai3="127,97,63,112,62,36,58,47,92,7,88,75,103"/><U14/><E37/><V116/><F38/><W12/><G112/><T119/><D108/><U70/><E123/><V57/><F109/><W40/><G75/><T131/><D119/><U105/><E105/><V61/><F116/><W15/><G63/><T72/><D120/><U95/><E135/><V31/><F104/><W5/><G5/><T50/><D133/><U10/><E111/><V45/><F45/><W81/><G7/><T102/><D72/><U84/><E64/><V100/><F100/><W46/><G46/><T106/><D101/><U115/><E115/><V69/><F69/><W34/><G34/><T26/><D42/><U53/><E71/><V48/><F48/><W20/><G20/><N who="0" m="13591" /><D33/><U13/><E70/><V22/><F121/><W124/><G12/><N who="0" m="5143" /><D59/><U82/><E95/><N who="2" m="54711" /><F1/><W51/><G15/><T118/><D50/><U29/><E4/><V68/><F2/><W122/><G122/><T9/><D9/><N who="1" m="6191" /><E25/><V90/><F68/><W35/><G35/><T52/><D118/><U87/><E87/><V128/><F93/><W41/><G41/><T94/><D106/><U54/><AGARI ba="0,0" hai="10,14,19,29,30,53,54,55,79,82,84" m="6191" machi="54" ten="30,3000,0" yaku="8,1,54,1" doraHai="134" who="1" fromWho="1" sc="176,-10,259,30,174,-10,391,-10" /><INIT seed="5,1,0,5,2,87" ten="166,289,164,381" oya="1" hai0="133,26,101,121,125,88,111,8,10,116,92,134,6" hai1="103,67,114,82,11,41,118,104,62,106,51,95,80" hai2="60,83,45,21,130,69,112,107,52,13,113,53,5" hai3="2,86,59,76,48,124,34,4,94,56,15,22,7"/><U29/><E114/><N who="2" m="44139" /><F107/><W66/><G124/><T117/><D111/><U44/><E118/><V73/><F130/><W30/><G34/><T119/><D125/><U25/><E11/><N who="2" m="4335" /><F45/><W71/><G2/><T81/><D121/><U27/><E104/><V89/><F73/><W120/><G71/><T24/><D81/><U72/><E106/><V55/><F21/><W16/><G30/><T84/><D101/><U74/><E74/><V131/><F131/><W100/><G100/><T14/><REACH who="0" step="1"/><D8/><REACH who="0" ten="156,289,164,381" step="2"/><U105/><E105/><V38/><F38/><W126/><G126/><T132/><AGARI ba="1,1" hai="6,10,14,24,26,84,88,92,116,117,119,132,133,134" machi="132" ten="40,16000,3" yaku="1,1,2,1,0,1,20,1,52,1,54,1,53,3" doraHai="87" doraHaiUra="115" who="0" fromWho="0" sc="156,173,289,-81,164,-41,381,-41" /><INIT seed="6,0,0,2,1,96" ten="329,208,123,340" oya="2" hai0="46,93,72,125,32,118,109,13,27,20,77,19,3" hai1="95,42,61,37,123,48,53,66,111,58,85,4,78" hai2="102,6,127,122,90,68,14,36,24,28,11,119,57" hai3="70,112,5,129,99,114,104,63,135,91,7,86,108"/><V21/><F68/><W9/><G108/><T75/><D109/><U23/><E111/><V39/><F122/><W16/><G129/><T35/><D3/><U65/><E123/><V132/><F119/><W117/><G117/><T25/><D118/><U73/><E73/><V88/><F127/><W12/><G135/><T47/><D125/><U51/><E37/><V113/><F132/><W110/><G110/><T17/><D93/><U10/><E23/><V121/><F121/><W29/><G29/><T1/><D1/><U30/><E30/><V94/><F113/><N who="3" m="43627" /><G63/><T54/><D77/><U84/><E84/><V67/><F39/><W33/><G70/><T131/><D131/><U18/><E18/><V87/><F36/><W34/><G33/><T41/><D54/><U105/><E105/><V100/><F90/><W92/><G34/><T115/><D115/><U0/><E42/><V8/><F11/><W43/><G43/><T89/><D89/><U31/><E31/><V38/><F38/><W50/><G50/><T56/><D56/><U69/><E65/><V64/><F64/><W124/><G124/><T116/><D116/><U120/><E120/><V62/><AGARI ba="0,0" hai="6,8,14,21,24,28,57,62,67,87,88,94,100,102" machi="62" ten="30,12000,1" yaku="0,1,8,1,52,2,54,1" doraHai="96" who="2" fromWho="2" sc="329,-40,208,-40,123,120,340,-40" /><INIT seed="6,1,0,3,3,9" ten="289,168,243,300" oya="2" hai0="55,29,46,110,79,107,38,84,103,116,121,115,101" hai1="64,57,120,74,4,118,89,33,87,90,80,131,77" hai2="119,48,5,88,40,78,52,30,49,35,32,133,2" hai3="21,20,111,19,95,112,96,69,53,26,72,105,126"/><V135/><F78/><W17/><G111/><T22/><D110/><U109/><E118/><V1/><F40/><W60/><G126/><T134/><D121/><U37/><E109/><V132/><F119/><W50/><G112/><T23/><D116/><U8/><E37/><V86/><F5/><W124/><G124/><T83/><D115/><U24/><E120/><V92/><F49/><W98/><G72/><T58/><D134/><U44/><E131/><V67/><F67/><W54/><G105/><T85/><D107/><U34/><E44/><N who="2" m="27655" /><F30/><W15/><G69/><T62/><D38/><U70/><E70/><V129/><F129/><W93/><G60/><T91/><D46/><U31/><E34/><AGARI ba="1,0" hai="1,2,32,34,35,86,88,92,132,133,135" m="27655" machi="34" ten="40,7700,0" yaku="20,1,54,2" doraHai="9" who="2" fromWho="1" sc="289,0,168,-80,243,80,300,0" /><INIT seed="6,2,0,5,0,109" ten="289,88,323,300" oya="2" hai0="26,84,134,31,75,76,100,42,49,98,48,116,88" hai1="64,54,22,105,101,80,120,9,21,11,91,106,19" hai2="122,62,123,73,59,96,124,7,46,117,69,16,45" hai3="118,114,8,72,77,32,28,86,103,126,67,29,87"/><V70/><F73/><W83/><G118/><T131/><D116/><U20/><E120/><V33/><F33/><W1/><G126/><T23/><D131/><U127/><E127/><V43/><F124/><W110/><G110/><T125/><D125/><U12/><E64/><V57/><F7/><W39/><G39/><T132/><D76/><U30/><E30/><V10/><F96/><W119/><G119/><T128/><D75/><U18/><E101/><V56/><F117/><W41/><G103/><T65/><D65/><U82/><E54/><V135/><F45/><W38/><G67/><T133/><D42/><U61/><E61/><V13/><F62/><W90/><G32/><T6/><D6/><U50/><E50/><V5/><F5/><W3/><G3/><T51/><D128/><U78/><E91/><V107/><F107/><W47/><G86/><T99/><REACH who="0" step="1"/><D100/><REACH who="0" ten="279,88,323,300" step="2"/><U68/><E68/><V25/><F70/><W92/><G72/><T4/><D4/><U112/><E112/><V14/><F69/><W63/><G114/><T36/><D36/><U2/><E2/><V81/><F43/><W102/><G1/><T15/><D15/><U37/><E37/><V71/><F14/><W129/><G77/><T58/><D58/><U104/><E78/><V52/><F13/><AGARI ba="2,1" hai="9,11,12,13,18,19,20,21,22,80,82,104,105,106" machi="13" ten="50,1600,0" yaku="9,1" doraHai="109" who="1" fromWho="2" sc="279,0,88,32,323,-22,300,0" /><INIT seed="7,0,0,1,3,42" ten="279,120,301,300" oya="3" hai0="44,104,20,19,64,84,71,85,43,126,66,10,107" hai1="115,59,109,32,70,100,67,94,76,111,124,63,55" hai2="123,50,39,2,30,35,16,79,49,134,1,52,133" hai3="62,74,129,51,102,93,117,88,108,121,78,53,11"/><W14/><G121/><T96/><D126/><U17/><E32/><V4/><F39/><W9/><G117/><T132/><D132/><N who="2" m="50794" /><F50/><W73/><G129/><T18/><D10/><U47/><E124/><V82/><F123/><W97/><G108/><T15/><D18/><U40/><E115/><V26/><F4/><W56/><G11/><T6/><D6/><U69/><E76/><V22/><F30/><W127/><G127/><T113/><D113/><U103/><E17/><V65/><F65/><W34/><G34/><T13/><D13/><U122/><E122/><V87/><F35/><W75/><G78/><T118/><D118/><U31/><E31/><V128/><F128/><W80/><G80/><T7/><D7/><U8/><E8/><V83/><F82/><W110/><G110/><T131/><D131/><U105/><E105/><V46/><AGARI ba="0,0" hai="1,2,16,22,26,46,49,52,79,83,87" m="50794" machi="46" ten="30,7900,0" yaku="20,1,52,1,54,2" doraHai="42" who="2" fromWho="2" sc="279,-20,120,-20,301,79,300,-39" owari="259,-14.0,100,-40.0,380,48.0,261,6.0" /></mjloggm>