<mjloggm ver="2.3"><GO type="225" lobby="0"/><UN n0="%E5%B0%B1%E6%B4%BB%E7%94%9F%40%E5%B7%9D%E6%9D%91%E8%BB%8D%E5%9B%A3" n1="%E3%81%BF%E3%81%BF%E3%81%9A" n2="%E3%81%B1%E3%81%8A%E3%83%BC%E3%83%BC%E3%82%93" n3="%E8%B5%A4%E9%98%AA%E9%83%81%E4%B9%83" dan="17,17,16,16" rate="2149.69,2187.83,2124.82,2104.40" sx="M,M,M,F"/><TAIKYOKU oya="0"/><INIT seed="0,0,0,5,3,6" ten="250,250,250,250" oya="0" hai0="118,84,105,56,103,88,64,61,86,10,40,87,97" hai1="33,57,101,123,122,59,27,69,71,104,99,114,81" hai2="94,4,2,111,130,121,46,34,90,48,133,132,8" hai3="76,28,108,92,72,119,0,26,125,117,30,37,52"/><T129/><D118/><U126/><E59/><V91/><F121/><N who="1" m="46089" /><E57/><V85/><F130/><W131/><G0/><T5/><D129/><U120/><N who="1" m="46097" /><U51/><DORA hai="41" /><E51/><V54/><F111/><W75/><G37/><T18/><D40/><U12/><E12/><V23/><F34/><W38/><G38/><T93/><D18/><U55/><E55/><V58/><F23/><W127/><G131/><T24/><D24/><U116/><E81/><V32/><F32/><W83/><G108/><T113/><D113/><U112/><E116/><V19/><F19/><W102/><G26/><T43/><D43/><U78/><E78/><V31/><F31/><W74/><G52/><T3/><AGARI ba="0,0" hai="3,5,10,56,61,64,84,86,87,88,93,97,103,105" machi="3" ten="20,7800,0" yaku="0,1,7,1,52,1,54,1" doraHai="6,41" who="0" fromWho="0" sc="250,78,250,-26,250,-26,250,-26" /><INIT seed="0,1,0,4,3,7" ten="328,224,224,224" oya="0" hai0="29,42,19,118,105,128,86,134,30,117,15,59,89" hai1="119,54,122,23,78,58,104,95,5,116,43,63,93" hai2="79,103,66,45,13,73,80,27,85,20,107,18,76" hai3="99,11,33,48,57,121,109,98,61,120,88,50,6"/><T25/><D105/><U96/><E122/><N who="3" m="47210" /><G109/><T75/><D75/><U1/><E104/><V35/><F66/><N who="3" m="39215" /><G33/><T34/><D29/><U111/><E111/><V127/><F127/><W14/><G88/><T65/><D128/><U55/><E43/><V49/><F103/><W126/><G126/><T36/><D134/><U91/><E78/><V39/><F39/><W46/><G50/><T53/><D65/><U70/><E70/><V0/><F0/><W132/><G132/><T31/><D31/><U22/><E55/><AGARI ba="1,0" hai="6,11,14,46,48,55,98,99" m="39215,47210" machi="55" ten="30,2000,0" yaku="13,1,52,1" doraHai="7" who="3" fromWho="1" sc="328,0,224,-23,224,0,224,23" /><INIT seed="1,0,0,1,0,24" ten="328,201,224,247" oya="1" hai0="115,33,72,110,84,82,116,12,39,54,117,81,31" hai1="77,122,100,14,26,119,55,133,69,56,99,47,75" hai2="32,63,10,6,2,103,62,11,67,104,83,57,66" hai3="126,50,95,86,43,134,16,73,19,113,21,71,125"/><U121/><E119/><V64/><F32/><W87/><G73/><T85/><D115/><U1/><E1/><V68/><F83/><W98/><G71/><T78/><D39/><U9/><E69/><V34/><F34/><W61/><G134/><T102/><D102/><U30/><E47/><V105/><F103/><N who="3" m="60895" /><G113/><T131/><D131/><U17/><E133/><V38/><F38/><W74/><G74/><T76/><D110/><U101/><E77/><V135/><F135/><W13/><G61/><T114/><D114/><U20/><E75/><V129/><F129/><W120/><G120/><T112/><D112/><U27/><E27/><V45/><F45/><N who="3" m="25919" /><G19/><T15/><D72/><U7/><E101/><V94/><F94/><W48/><G48/><T89/><D33/><U118/><E118/><V96/><F96/><W3/><G3/><T123/><D123/><U88/><E17/><V0/><F67/><W107/><G107/><T52/><D89/><U93/><REACH who="1" step="1"/><E100/><REACH who="1" ten="328,191,224,247" step="2"/><V22/><F0/><W41/><G41/><T23/><D23/><U46/><E46/><V79/><F22/><W58/><G58/><T5/><D5/><U90/><E90/><V42/><F79/><W35/><G35/><T124/><D124/><AGARI ba="0,1" hai="13,16,21,86,87,124,125,126" m="25919,60895" machi="124" ten="30,2000,0" yaku="18,1,54,1" doraHai="24" who="3" fromWho="0" sc="328,-20,191,0,224,0,247,30" /><INIT seed="2,0,0,3,1,31" ten="308,191,224,277" oya="2" hai0="61,62,98,21,58,127,106,2,33,20,76,65,22" hai1="124,42,71,99,59,70,72,77,120,3,67,39,104" hai2="10,41,57,135,134,131,78,60,128,28,126,27,45" hai3="68,11,63,49,24,26,93,123,5,118,88,40,29"/><V0/><F78/><W133/><G118/><T37/><D2/><U132/><E59/><V86/><F86/><W56/><G123/><T16/><D37/><U8/><E120/><V38/><F10/><W17/><G68/><T92/><D33/><U1/><E124/><V55/><F0/><N who="1" m="73" /><E8/><V43/><F43/><W14/><G133/><N who="2" m="50697" /><F126/><W109/><G109/><T46/><D106/><U91/><E91/><V108/><F108/><W15/><G49/><T35/><D35/><AGARI ba="0,0" hai="27,28,35,38,41,45,55,57,60,128,131" m="50697" machi="35" ten="30,2900,0" yaku="20,1,52,1" doraHai="31" who="2" fromWho="0" sc="308,-29,191,0,224,29,277,0" /><INIT seed="2,1,0,1,3,34" ten="279,191,253,277" oya="2" hai0="53,36,113,102,76,128,60,4,108,75,99,29,32" hai1="47,15,0,104,77,98,61,129,91,26,12,96,85" hai2="132,107,63,111,3,80,58,27,16,14,46,6,52" hai3="25,41,82,72,1,101,49,117,95,97,31,126,71"/><V106/><F132/><W69/><G117/><T43/><D53/><U13/><E129/><V115/><F115/><W87/><G72/><T17/><D17/><U5/><E77/><V20/><F111/><W11/><G126/><T119/><D108/><U78/><E78/><V89/><F46/><W122/><G122/><T109/><D109/><U28/><E47/><V123/><F123/><W84/><G84/><T18/><D18/><U133/><E61/><V51/><F63/><W130/><G130/><T19/><D19/><U21/><E133/><V54/><F54/><W22/><G49/><T10/><D113/><U116/><E116/><V9/><F89/><W134/><G41/><T39/><D119/><U112/><E104/><V45/><F45/><W64/><G64/><T81/><D128/><U50/><E50/><V37/><F37/><W70/><G134/><T23/><D60/><U62/><E62/><V83/><F83/><W74/><G74/><T67/><D67/><U135/><E135/><V86/><REACH who="2" step="1"/><F27/><REACH who="2" ten="279,191,243,277" step="2"/><W8/><G82/><T114/><D114/><U118/><E118/><V42/><F42/><W131/><G131/><T79/><D43/><U38/><E38/><V66/><F66/><W59/><G25/><N who="0" m="16575" /><D39/><U100/><E112/><V90/><AGARI ba="1,1" hai="3,6,9,14,16,20,51,52,58,80,86,90,106,107" machi="90" ten="20,18000,2" yaku="1,1,0,1,7,1,52,1,54,2,53,0" doraHai="34" doraHaiUra="57" who="2" fromWho="2" sc="279,-61,191,-61,243,193,277,-61" /><INIT seed="2,2,0,3,4,50" ten="218,130,436,216" oya="2" hai0="128,64,57,29,15,92,124,123,80,113,0,93,56" hai1="11,7,77,78,70,34,81,85,21,20,75,3,122" hai2="111,28,6,95,100,96,105,19,118,89,73,88,134" hai3="33,76,27,112,2,99,94,17,98,68,65,133,48"/><V117/><F28/><W61/><G133/><T9/><D0/><U51/><E34/><V23/><F6/><W40/><G2/><T121/><D113/><U79/><E70/><V90/><F134/><W132/><G132/><T66/><D124/><U4/><E4/><V59/><F73/><W97/><G112/><T83/><D128/><U41/><E122/><V1/><F1/><W36/><G36/><T32/><D32/><U130/><E130/><V25/><F111/><W125/><G125/><T16/><D29/><U104/><E104/><V8/><F8/><W62/><G76/><T54/><D121/><U109/><E109/><V45/><F45/><W87/><G62/><N who="0" m="37959" /><D66/><U18/><E75/><V14/><F14/><W30/><G17/><T37/><D37/><U127/><E127/><V102/><F59/><W115/><G115/><T126/><D126/><U82/><E82/><N who="0" m="31273" /><D123/><U106/><E106/><V101/><F105/><W12/><G65/><T55/><D57/><U84/><E84/><V116/><AGARI ba="2,0" hai="19,23,25,88,89,90,95,96,100,101,102,116,117,118" machi="116" ten="40,3900,0" yaku="0,1,54,1" doraHai="50" who="2" fromWho="2" sc="218,-15,130,-15,436,45,216,-15" /><INIT seed="2,3,0,5,2,66" ten="203,115,481,201" oya="2" hai0="7,36,6,14,33,69,57,59,121,128,95,79,68" hai1="60,39,133,30,15,117,123,63,110,16,90,12,74" hai2="135,9,11,21,56,104,23,82,77,81,106,109,93" hai3="92,37,20,97,67,84,78,34,119,52,47,27,25"/><V35/><F35/><W100/><G119/><T107/><D107/><U5/><E117/><V46/><F56/><W26/><G34/><T88/><D36/><U13/><E39/><V118/><F93/><W18/><G67/><T51/><D33/><U73/><E30/><V130/><F46/><W116/><G116/><T49/><D121/><U62/><E110/><V71/><F109/><W50/><G37/><T108/><D108/><U134/><E123/><V28/><F118/><W76/><REACH who="3" step="1"/><G84/><REACH who="3" ten="203,115,481,191" step="2"/><N who="0" m="52615" /><D128/><U131/><E131/><V44/><F130/><W3/><G3/><T41/><D69/><U22/><E90/><V0/><F71/><W53/><G53/><T112/><D68/><U64/><E64/><V126/><F0/><W85/><G85/><T127/><D41/><U115/><E115/><V105/><F77/><AGARI ba="3,1" hai="18,20,25,26,27,47,50,52,76,77,78,92,97,100" machi="77" ten="40,5200,0" yaku="1,1,8,1,54,1,53,0" doraHai="66" doraHaiUra="54" who="3" fromWho="2" sc="203,0,115,0,481,-61,191,71" /><INIT seed="3,0,0,1,4,11" ten="203,115,420,262" oya="3" hai0="91,72,41,30,98,103,61,43,34,7,59,88,5" hai1="45,52,107,122,48,78,17,26,46,38,110,66,134" hai2="87,73,92,84,80,135,108,64,125,102,53,69,50" hai3="58,20,68,93,63,86,0,71,51,129,117,32,77"/><W27/><G20/><T28/><D72/><U14/><E122/><V82/><F108/><W85/><G51/><T119/><D119/><U90/><E110/><V49/><F125/><W83/><G0/><T118/><D118/><U67/><E107/><V97/><F135/><W29/><G129/><T62/><D103/><U94/><E134/><V95/><F64/><W12/><G12/><T109/><D109/><U22/><E78/><N who="2" m="46167" /><F73/><W74/><G117/><T132/><D132/><U76/><E76/><N who="2" m="46471" /><F69/><W99/><G74/><T37/><D37/><U114/><E114/><V21/><F21/><W44/><G86/><T121/><D121/><U81/><E81/><V101/><F53/><W47/><G68/><T36/><D36/><U24/><E38/><V31/><F31/><N who="0" m="11818" /><D98/><AGARI ba="0,0" hai="49,50,92,95,97,98,101,102" m="46471,46167" machi="98" ten="30,1000,0" yaku="8,1" doraHai="11" who="2" fromWho="0" sc="203,-10,115,0,420,10,262,0" owari="193,-21.0,115,-38.0,430,53.0,262,6.0" /></mjloggm>