<mjloggm ver="2.3"><GO type="169" lobby="0"/><UN n0="%E5%85%AC%E5%8B%99%E5%93%A1%E3%81%8F%E3%82%93" n1="%E3%83%8F%E3%82%A4%E3%83%86%E3%83%B3%E3%83%9C%E3%83%BC" n2="%E3%82%A6%E3%83%AB%E3%83%88%E3%83%A9%E7%AB%8B%E7%9B%B4" n3="%61%61%61%66%78" dan="17,16,18,16" rate="2131.68,2112.96,2210.26,2056.39" sx="F,M,M,F"/><TAIKYOKU oya="0"/><INIT seed="0,0,0,5,5,47" ten="250,250,250,250" oya="0" hai0="106,18,78,9,45,90,35,59,38,31,21,19,63" hai1="110,74,13,55,133,82,67,27,117,11,126,20,132" hai2="77,122,28,95,51,99,71,125,91,50,42,94,83" hai3="97,114,135,107,93,105,119,70,103,23,10,3,32"/><T123/><D106/><U29/><E117/><V76/><F122/><W16/><G114/><T62/><D123/><U101/><E67/><V61/><F125/><W54/><G119/><T120/><D120/><U98/><E126/><V79/><F28/><W87/><G135/><T111/><D35/><U8/><E110/><V7/><F42/><W0/><G32/><T57/><D111/><U53/><E8/><V104/><F104/><W88/><G70/><T127/><D127/><U15/><E15/><V37/><F37/><W113/><G113/><T43/><D78/><U80/><E80/><V66/><F83/><W48/><G10/><T44/><D44/><U46/><E46/><V12/><F7/><W73/><G73/><T36/><D36/><U116/><E116/><V30/><F30/><W58/><G107/><T86/><D9/><U81/><E81/><V26/><F26/><AGARI ba="0,0" hai="0,3,16,23,26,48,54,58,87,88,93,97,103,105" machi="26" ten="30,7700,0" yaku="7,1,52,1,54,2" doraHai="47" who="3" fromWho="2" sc="250,0,250,0,250,-77,250,77" /><INIT seed="1,0,0,5,5,71" ten="250,250,173,327" oya="1" hai0="46,75,102,65,48,82,15,50,111,86,112,32,68" hai1="69,93,36,18,98,1,47,101,133,87,96,91,29" hai2="7,95,59,88,16,79,125,118,44,97,20,128,64" hai3="61,52,23,26,73,14,25,113,45,94,4,60,89"/><U58/><E69/><V39/><F118/><W84/><G73/><T13/><D112/><U5/><E133/><V92/><F125/><W8/><G113/><T107/><D75/><U40/><E29/><V49/><F128/><W90/><G26/><T34/><D111/><U30/><E30/><V2/><F79/><W135/><G135/><T100/><D65/><U99/><E18/><V103/><F7/><W24/><G24/><T124/><D68/><U57/><REACH who="1" step="1"/><E101/><REACH who="1" ten="250,240,173,327" step="2"/><V6/><F103/><W17/><G90/><T106/><D124/><U11/><AGARI ba="0,1" hai="1,5,11,36,40,47,57,58,87,91,93,96,98,99" machi="11" ten="30,11700,0" yaku="1,1,2,1,0,1,52,1,53,0" doraHai="71" doraHaiUra="22" who="1" fromWho="1" sc="250,-39,240,127,173,-39,327,-39" /><INIT seed="1,1,0,0,0,57" ten="211,367,134,288" oya="1" hai0="7,127,21,125,13,128,9,112,130,133,19,131,62" hai1="69,36,113,42,14,26,35,37,68,32,18,41,54" hai2="76,50,118,126,10,74,95,90,45,55,58,25,61" hai3="29,124,65,91,48,106,110,12,2,98,117,102,38"/><U89/><E113/><V4/><F118/><W109/><G38/><T73/><D73/><U129/><E89/><V40/><F126/><N who="0" m="48138" /><D62/><U24/><E14/><V71/><F71/><W82/><G124/><T47/><D47/><U123/><E129/><V51/><F25/><W63/><G2/><N who="0" m="247" /><D112/><U114/><E114/><V16/><F16/><W11/><G29/><T33/><D33/><U6/><E18/><V15/><F74/><W100/><G117/><T70/><BYE who="3" /><D70/><U39/><E6/><V60/><REACH who="2" step="1"/><F76/><REACH who="2" ten="211,367,124,288" step="2"/><W31/><G31/><T119/><D119/><U86/><E69/><V108/><F108/><UN n3="%61%61%61%66%78" /><W116/><G116/><T83/><D83/><U99/><E68/><V49/><F49/><W44/><G102/><T97/><D97/><AGARI ba="1,1" hai="4,10,15,40,45,50,51,55,58,60,61,90,95,97" machi="97" ten="30,8000,1" yaku="1,1,7,1,8,1,52,2,53,0" doraHai="57" doraHaiUra="27" who="2" fromWho="0" sc="211,-83,367,0,124,93,288,0" /><INIT seed="2,0,0,4,0,101" ten="128,367,217,288" oya="2" hai0="56,60,107,80,71,24,38,77,54,70,124,130,116" hai1="115,98,93,37,0,117,75,119,109,49,20,27,59" hai2="50,81,102,112,45,2,76,47,57,5,99,63,79" hai3="39,123,31,113,52,74,33,135,32,110,127,30,34"/><V55/><F112/><W105/><RYUUKYOKU type="yao9" ba="0,0" sc="128,0,367,0,217,0,288,0" hai3="30,31,32,33,34,39,52,74,105,110,113,123,127,135" /><INIT seed="2,1,0,4,3,89" ten="128,367,217,288" oya="2" hai0="73,103,43,83,134,84,111,5,93,6,25,122,127" hai1="34,3,131,87,108,32,4,79,91,98,64,97,17" hai2="107,45,62,57,51,58,72,2,40,78,115,94,125" hai3="33,22,70,71,37,20,27,95,35,110,21,119,7"/><V9/><F107/><W60/><G37/><T0/><D0/><U11/><E79/><V23/><F115/><W85/><G119/><T49/><D122/><U13/><E131/><V120/><F120/><W48/><G110/><T74/><D111/><U38/><E38/><V12/><F125/><W16/><G7/><T28/><D127/><U81/><E108/><V59/><F2/><W8/><G48/><T47/><D134/><U53/><E64/><V1/><F1/><W126/><G126/><T82/><D74/><U123/><E123/><V96/><F23/><W113/><G113/><T41/><D41/><U14/><E3/><V68/><F68/><W63/><G70/><T18/><D18/><U80/><E80/><V75/><F78/><W46/><G46/><T66/><D66/><U99/><REACH who="1" step="1"/><E53/><REACH who="1" ten="128,357,217,288" step="2"/><V116/><F116/><W109/><G109/><T105/><D73/><U121/><E121/><V128/><F128/><W65/><G60/><T50/><D82/><U117/><E117/><V56/><N who="2" m="14336" /><DORA hai="54" /><V129/><F129/><W88/><REACH who="3" step="1"/><G27/><REACH who="3" ten="128,357,217,278" step="2"/><T101/><D25/><U69/><E69/><V86/><F62/><W61/><G61/><T100/><D105/><U76/><E76/><V132/><F132/><W10/><G10/><AGARI ba="1,2" hai="4,10,11,13,14,17,32,34,81,87,91,97,98,99" machi="10" ten="40,1300,0" yaku="1,1,53,0" doraHai="89,54" doraHaiUra="130,124" who="1" fromWho="3" sc="128,0,357,36,217,0,278,-16" /><INIT seed="3,0,0,3,1,30" ten="128,393,217,262" oya="3" hai0="109,24,102,75,83,9,27,21,62,79,99,4,46" hai1="96,130,85,28,36,50,113,55,20,52,8,64,107" hai2="89,33,104,12,94,49,42,13,44,97,76,105,118" hai3="71,17,7,14,51,133,95,111,129,92,123,77,110"/><W39/><G71/><T127/><D127/><U81/><E36/><V25/><F118/><W57/><G39/><T18/><D109/><N who="3" m="41481" /><G123/><T90/><D90/><U70/><E113/><V29/><REACH who="2" step="1"/><F76/><REACH who="2" ten="128,393,207,262" step="2"/><W34/><G77/><T128/><D128/><U63/><E130/><V68/><F68/><W1/><G129/><T117/><D117/><U135/><E135/><V19/><F19/><W69/><G133/><T119/><D119/><U112/><E112/><V114/><F114/><W22/><G69/><T56/><D46/><U84/><E70/><V59/><F59/><W72/><G72/><T48/><D48/><U98/><E50/><V6/><F6/><W16/><G51/><T45/><D45/><U0/><E63/><V41/><F41/><W37/><G57/><T134/><D134/><U60/><E60/><V116/><F116/><W120/><G120/><T122/><D122/><U61/><E61/><V132/><F132/><W2/><G37/><T108/><D108/><U126/><E126/><V131/><F131/><W91/><G17/><T11/><D4/><U67/><E28/><V43/><F43/><W35/><G7/><T73/><D73/><U31/><E31/><V125/><F125/><W23/><G23/><T53/><REACH who="0" step="1"/><D27/><REACH who="0" ten="118,393,207,262" step="2"/><U26/><E26/><V32/><F32/><N who="3" m="12331" /><G91/><T88/><D88/><U93/><E20/><V78/><F78/><W65/><G65/><T100/><D100/><U121/><E64/><V103/><F103/><W10/><G22/><T87/><D87/><U115/><E84/><V74/><F74/><W101/><G101/><T38/><D38/><RYUUKYOKU ba="0,2" sc="118,10,393,-30,207,10,262,10" hai0="9,11,18,21,24,53,56,62,75,79,83,99,102" hai2="12,13,25,29,33,42,44,49,89,94,97,104,105" hai3="1,2,10,14,16,92,95" /><INIT seed="3,1,2,3,4,3" ten="128,363,217,272" oya="3" hai0="18,36,23,32,33,100,29,99,105,129,119,22,53" hai1="2,62,45,132,117,16,135,77,26,125,19,35,47" hai2="91,115,70,90,123,97,7,128,17,49,73,10,42" hai3="67,31,30,85,51,6,24,81,59,92,89,64,88"/><W57/><G6/><T114/><D119/><U68/><E2/><V55/><F70/><W11/><G11/><T37/><D114/><U4/><E4/><V87/><F73/><W43/><G43/><T65/><D129/><U41/><E77/><V60/><F115/><W50/><G24/><T9/><D9/><U5/><E5/><V8/><F128/><W44/><G44/><T103/><D103/><U122/><E122/><V76/><F123/><W118/><G118/><T71/><D53/><U106/><E106/><V0/><F97/><W27/><G27/><N who="0" m="18495" /><D33/><U61/><E117/><V56/><F76/><W108/><G108/><T21/><BYE who="3" /><D18/><U102/><E102/><V80/><F91/><W134/><G134/><T98/><D98/><U14/><E35/><V63/><REACH who="2" step="1"/><F42/><REACH who="2" ten="128,363,207,272" step="2"/><W133/><G133/><T54/><D54/><U131/><E131/><V28/><F28/><W110/><G110/><T111/><D111/><U94/><E135/><V127/><F127/><UN n3="%61%61%61%66%78" /><W82/><REACH who="3" step="1"/><G92/><REACH who="3" ten="128,363,207,262" step="2"/><T104/><D104/><U40/><E132/><V46/><F46/><W120/><G120/><T25/><D25/><U66/><E26/><V101/><F101/><W79/><G79/><T58/><D58/><U15/><E45/><V84/><F84/><AGARI ba="1,4" hai="30,31,50,51,57,59,64,67,81,82,84,85,88,89" machi="84" ten="25,18000,2" yaku="1,1,22,2,8,1,54,1,53,2" doraHai="3" doraHaiUra="78" who="3" fromWho="2" sc="128,0,363,0,207,-183,262,223" /><INIT seed="3,2,0,4,5,33" ten="128,363,24,485" oya="3" hai0="135,99,96,24,72,128,119,124,56,118,108,44,64" hai1="115,133,85,16,126,28,98,8,6,105,94,59,113" hai2="83,79,47,45,43,73,4,17,84,116,78,120,121" hai3="88,35,114,110,87,111,89,30,46,31,12,49,69"/><W51/><G69/><T125/><D72/><U48/><E105/><V123/><F116/><N who="0" m="44586" /><D44/><U103/><E28/><N who="3" m="10794" /><G35/><T41/><D41/><U92/><E133/><V62/><F4/><W3/><G12/><T22/><D108/><N who="3" m="41513" /><G114/><T122/><D122/><U52/><E126/><N who="0" m="48745" /><D128/><U18/><E115/><V38/><F47/><W5/><G5/><T32/><BYE who="3" /><D32/><U66/><E66/><V75/><F78/><W104/><G104/><T26/><D135/><U57/><E57/><UN n3="%61%61%61%66%78" /><V77/><F77/><W76/><G3/><T100/><D22/><U70/><E70/><V97/><F62/><W130/><G130/><T129/><D129/><U10/><E113/><V36/><F36/><W134/><G134/><T61/><D99/><U95/><E10/><V0/><F0/><W1/><G1/><T112/><D112/><U27/><E27/><V25/><F97/><W2/><G2/><T63/><D63/><U19/><E85/><V9/><REACH who="2" step="1"/><F25/><REACH who="2" ten="128,363,14,485" step="2"/><W34/><G76/><T68/><D68/><U55/><E55/><V132/><F132/><W39/><G39/><T13/><D13/><AGARI ba="2,1" hai="6,8,13,16,18,19,48,52,59,92,94,95,98,103" machi="13" ten="40,5200,0" yaku="8,1,54,2" doraHai="33" who="1" fromWho="0" sc="128,-58,363,68,14,0,485,0" /><AGARI ba="2,0" hai="9,13,17,38,43,45,73,75,79,83,84,120,121,123" machi="13" ten="40,2600,0" yaku="1,1,13,1,53,0" doraHai="33" doraHaiUra="131" who="2" fromWho="0" sc="70,-26,431,0,14,26,485,0" /><INIT seed="4,0,0,3,3,63" ten="44,431,40,485" oya="0" hai0="133,131,36,15,17,88,40,99,50,95,71,125,33" hai1="116,70,68,61,128,7,26,85,1,113,20,76,41" hai2="82,117,73,11,53,134,49,62,98,103,59,64,6" hai3="87,80,46,43,123,38,101,90,21,100,32,114,69"/><T31/><D36/><U78/><E116/><V92/><F134/><W104/><G114/><T110/><D110/><U120/><E120/><V16/><F117/><W119/><G119/><T89/><D133/><U29/><E41/><V108/><F108/><W105/><G32/><T35/><D131/><U118/><E118/><V109/><F109/><W67/><G123/><T45/><D125/><U14/><E113/><V132/><F132/><W2/><G2/><T42/><D71/><U57/><E1/><V25/><F73/><W126/><G126/><T129/><D129/><U91/><E128/><V19/><F82/><W130/><G130/><T94/><D31/><U56/><E56/><V124/><F124/><W47/><G47/><T60/><D60/><U27/><E27/><V122/><F25/><W18/><G104/><T51/><D51/><U39/><E39/><V54/><F54/><W111/><G105/><T28/><D28/><U5/><E70/><V8/><F122/><W102/><G111/><T0/><D0/><U23/><E68/><V106/><F106/><W96/><G96/><T48/><D48/><U37/><E37/><V127/><F127/><W12/><REACH who="3" step="1"/><G69/><REACH who="3" ten="44,431,40,475" step="2"/><T55/><D35/><U10/><E5/><V22/><F6/><W74/><G74/><T97/><D33/><U44/><E44/><N who="2" m="27815" /><F19/><W121/><G121/><T65/><D65/><AGARI ba="0,1" hai="12,18,21,38,43,46,65,67,80,87,90,100,101,102" machi="65" ten="40,8000,1" yaku="1,1,52,2,53,1" doraHai="63" doraHaiUra="13" who="3" fromWho="0" sc="44,-80,431,0,40,0,475,90" owari="-36,-54.0,431,23.0,40,-36.0,565,67.0" /></mjloggm>