<mjloggm ver="2.3"><GO type="169" lobby="0"/><UN n0="%E8%87%AA%E7%A7%B0%E6%9C%80%E5%BC%B7%E9%9B%80%E5%A3%AB%EF%BC%93" n1="%E3%82%A6%E3%83%AB%E3%83%88%E3%83%A9%E7%AB%8B%E7%9B%B4" n2="%64%6F%6E%63%68%61%6E%33" n3="%E2%80%A0%41%71%75%61%E2%80%A0" dan="16,16,17,17" rate="2145.34,2130.10,2202.28,2137.01" sx="M,M,M,M"/><TAIKYOKU oya="0"/><INIT seed="0,0,0,2,2,45" ten="250,250,250,250" oya="0" hai0="17,19,5,98,88,3,22,91,44,129,93,28,61" hai1="107,109,60,33,99,100,64,47,6,51,104,18,125" hai2="75,114,50,85,41,15,14,106,36,96,97,121,57" hai3="67,66,58,53,7,116,49,77,26,2,132,29,39"/><T87/><D129/><U69/><E125/><V21/><F75/><W31/><G116/><T73/><D73/><U117/><E109/><V90/><F121/><W128/><G128/><T8/><D61/><U102/><E117/><V55/><F114/><W113/><G113/><T105/><D105/><U4/><E33/><V101/><F96/><W38/><G132/><T35/><D35/><U86/><E86/><V110/><F110/><W123/><G123/><T78/><D78/><U24/><E102/><V115/><F115/><W79/><G2/><T131/><D131/><U40/><REACH who="1" step="1"/><E107/><REACH who="1" ten="250,240,250,250" step="2"/><V124/><F124/><W135/><G135/><T62/><D62/><U120/><E120/><V111/><F111/><W118/><G118/><T108/><D108/><U127/><E127/><V81/><F106/><W130/><G130/><T13/><D3/><U94/><E94/><V52/><F101/><W34/><G34/><T76/><D76/><U42/><E42/><V59/><F97/><W23/><G79/><T74/><D74/><U83/><E83/><V63/><REACH who="2" step="1"/><F21/><AGARI ba="0,1" hai="4,6,18,21,24,40,47,51,60,64,69,99,100,104" machi="21" ten="40,5200,0" yaku="1,1,52,1,53,1" doraHai="45" doraHaiUra="103" who="1" fromWho="2" sc="250,0,240,62,250,-52,250,0" /><INIT seed="1,0,0,5,4,68" ten="250,302,198,250" oya="1" hai0="45,67,14,131,114,59,18,85,71,38,28,46,113" hai1="15,39,87,56,23,76,94,55,91,78,98,122,117" hai2="57,20,33,47,11,70,101,86,121,106,112,49,133" hai3="135,72,25,100,134,77,2,120,17,51,10,44,80"/><U105/><E122/><V35/><F70/><W126/><G120/><T118/><D118/><U79/><E117/><V92/><F121/><W81/><G126/><T63/><D28/><U132/><E132/><N who="3" m="50730" /><G100/><T109/><D109/><U107/><E39/><V53/><F133/><W116/><G116/><T27/><D27/><U97/><E107/><V95/><F106/><W48/><G81/><T62/><D85/><U3/><E3/><V50/><F11/><W123/><G123/><T88/><D131/><U37/><E37/><V19/><F112/><W13/><G2/><T129/><D129/><U69/><E69/><V82/><F33/><W128/><G128/><T6/><D6/><U74/><E74/><V58/><F35/><W130/><G130/><T41/><D88/><U1/><E1/><V96/><F95/><W110/><G110/><T84/><D84/><U111/><E111/><V83/><F50/><W42/><G25/><T24/><D24/><U104/><E104/><V4/><F4/><W36/><AGARI ba="0,0" hai="10,13,17,36,42,44,48,51,72,77,80" m="50730" machi="36" ten="30,2000,0" yaku="20,1,52,1" doraHai="68" who="3" fromWho="3" sc="250,-5,302,-10,198,-5,250,20" /><INIT seed="2,0,0,4,4,131" ten="245,292,193,270" oya="2" hai0="40,88,80,14,91,10,70,109,23,112,72,46,15" hai1="37,7,99,86,76,59,120,28,49,97,11,29,57" hai2="75,19,43,38,68,2,106,26,22,13,51,81,92" hai3="127,36,9,94,130,52,114,48,31,30,3,113,32"/><V24/><F106/><W82/><G36/><T27/><D112/><N who="3" m="43113" /><G130/><T95/><D70/><U64/><E37/><V77/><F68/><W6/><G127/><T123/><D123/><U41/><E120/><V100/><F2/><W135/><G32/><T18/><D109/><U107/><E107/><V20/><F38/><W121/><G121/><T25/><D72/><U102/><E29/><V110/><F110/><W93/><G82/><T101/><D101/><U44/><E28/><N who="3" m="10794" /><G135/><T62/><D62/><U53/><E64/><V89/><F100/><W115/><N who="3" m="43121" /><W63/><DORA hai="90" /><G63/><T125/><D125/><U134/><E134/><V8/><F22/><W65/><G65/><T128/><D128/><U45/><E102/><V96/><REACH who="2" step="1"/><F20/><REACH who="2" ten="245,292,183,270" step="2"/><W84/><G84/><N who="0" m="50183" /><D25/><U87/><E86/><V98/><F98/><W132/><G132/><T12/><D10/><U21/><E99/><V71/><F71/><W129/><G129/><T0/><D0/><U67/><E97/><V119/><F119/><W85/><G85/><N who="0" m="52719" /><D27/><U104/><E87/><V34/><F34/><W103/><G103/><T108/><D108/><U47/><E104/><V50/><F50/><AGARI ba="0,1" hai="12,14,15,18,23,40,46,50" m="52719,50183" machi="50" ten="30,3900,0" yaku="8,1,52,1,54,1" doraHai="131,90" who="0" fromWho="2" sc="245,49,292,0,183,-39,270,0" /><INIT seed="3,0,0,0,4,103" ten="294,292,144,270" oya="3" hai0="35,30,36,16,84,18,52,48,73,98,68,9,55" hai1="85,106,100,130,74,110,91,51,47,6,72,86,90" hai2="28,67,62,115,42,45,3,118,27,135,44,21,15" hai3="59,26,50,128,129,109,54,76,124,81,119,5,107"/><W7/><G119/><T12/><D73/><N who="1" m="28267" /><E6/><V79/><F115/><W101/><G124/><T92/><D36/><U122/><E47/><V131/><F135/><W64/><G26/><T13/><D68/><U8/><E51/><V82/><F131/><N who="3" m="50251" /><G109/><T120/><D120/><U33/><E8/><V63/><F3/><W105/><G101/><T31/><D35/><U24/><E24/><V116/><F63/><N who="3" m="38015" /><G81/><T77/><D77/><U96/><E33/><V104/><F45/><N who="3" m="27983" /><G76/><T4/><D4/><AGARI ba="0,0" hai="4,5,7,105,107" m="27983,38015,50251" machi="4" ten="30,5800,0" yaku="19,1,52,2" doraHai="103" who="3" fromWho="0" sc="294,-58,292,0,144,0,270,58" /><INIT seed="3,1,0,2,4,2" ten="236,292,144,328" oya="3" hai0="119,49,53,47,31,73,118,127,85,54,83,6,94" hai1="131,105,109,63,113,17,51,65,76,38,78,67,26" hai2="12,124,134,16,101,64,122,79,52,116,58,42,59" hai3="107,18,132,23,100,0,108,9,19,22,86,1,46"/><W66/><G107/><T36/><D127/><U104/><E113/><V3/><F116/><W111/><G100/><T117/><D31/><U126/><E38/><V135/><F124/><W97/><G97/><T120/><D120/><U98/><E126/><V57/><F122/><W32/><G66/><T110/><D110/><N who="3" m="42025" /><G86/><T128/><D128/><U82/><E131/><V74/><F101/><W62/><G62/><T92/><D36/><U114/><E114/><V96/><F96/><W34/><G46/><T84/><D73/><U87/><E67/><V125/><F125/><W115/><G115/><T55/><D85/><U56/><E109/><V8/><F42/><W44/><G44/><T99/><D6/><U112/><E112/><V121/><F121/><W27/><G132/><N who="2" m="50729" /><F3/><N who="3" m="1099" /><G9/><T13/><D13/><AGARI ba="1,0" hai="13,18,19,22,23,27,32,34" m="1099,42025" machi="13" ten="30,11600,0" yaku="14,1,10,1,34,2" doraHai="2" who="3" fromWho="0" sc="236,-119,292,0,144,0,328,119" /><INIT seed="3,2,0,4,3,83" ten="117,292,144,447" oya="3" hai0="113,17,68,7,80,128,52,46,8,1,133,92,95" hai1="36,53,14,105,62,57,119,96,44,134,54,27,0" hai2="120,82,60,125,94,4,23,117,37,20,49,12,131" hai3="39,109,106,13,19,67,70,33,35,122,77,121,72"/><W66/><G39/><T40/><D113/><U87/><E0/><V84/><F37/><W85/><G72/><T59/><D133/><U124/><E134/><V16/><F117/><W58/><G70/><T18/><D68/><U112/><E112/><V2/><F131/><W118/><G106/><T114/><D114/><U22/><E124/><V93/><F125/><W32/><G118/><T56/><D128/><U25/><E119/><V90/><F120/><W55/><G109/><T126/><D126/><U75/><E75/><V6/><F60/><W73/><G73/><T115/><D115/><U42/><E105/><V15/><F2/><W129/><G129/><T104/><D104/><U88/><E96/><V123/><F123/><W107/><G107/><T29/><D29/><U64/><E14/><V69/><F69/><W61/><G122/><T21/><D80/><U24/><REACH who="1" step="1"/><E22/><REACH who="1" ten="117,282,144,447" step="2"/><V10/><F12/><W111/><G121/><T132/><D132/><U101/><E101/><V65/><F23/><W108/><G108/><T30/><D30/><U81/><AGARI ba="2,1" hai="24,25,27,36,42,44,53,54,57,62,64,81,87,88" machi="81" ten="30,7900,0" yaku="1,1,0,1,52,1,54,1,53,0" doraHai="83" doraHaiUra="98" who="1" fromWho="1" sc="117,-22,282,95,144,-22,447,-41" /><INIT seed="4,0,0,4,5,112" ten="95,377,122,406" oya="0" hai0="96,39,108,115,85,80,116,32,67,19,83,84,28" hai1="1,25,134,2,57,97,98,22,89,78,86,79,17" hai2="66,58,93,113,64,48,54,24,114,100,14,37,99" hai3="20,124,12,63,40,105,71,92,47,81,61,36,125"/><T55/><D39/><U60/><E134/><V6/><F37/><W126/><G105/><T5/><D5/><U129/><E129/><V131/><F131/><W8/><G71/><T111/><D115/><N who="2" m="44042" /><F24/><W21/><G92/><T90/><D67/><N who="2" m="25642" /><F14/><W44/><G81/><T18/><D96/><N who="1" m="36971" /><E1/><V135/><F6/><W34/><G34/><T46/><D46/><U107/><E2/><V10/><F10/><W26/><G47/><T16/><D55/><N who="1" m="33855" /><E107/><V65/><N who="2" m="25650" /><V45/><DORA hai="120" /><F45/><W11/><G11/><T91/><REACH who="0" step="1"/><D116/><REACH who="0" ten="85,377,122,406" step="2"/><U62/><E62/><V29/><F29/><W119/><G119/><T68/><D68/><U101/><E101/><V9/><F9/><W117/><G117/><T121/><D121/><U27/><E17/><V133/><AGARI ba="0,1" hai="48,54,58,93,99,100,133,135" m="25650,44042" machi="133" ten="40,1500,0" yaku="15,1" doraHai="112,120" who="2" fromWho="2" sc="85,-7,377,-4,122,25,406,-4" /><INIT seed="5,0,0,0,4,99" ten="78,373,147,402" oya="1" hai0="33,17,0,14,107,89,75,94,96,18,66,95,126" hai1="106,105,16,81,74,61,98,54,134,21,53,78,15" hai2="35,132,58,28,97,121,127,67,128,34,39,12,124" hai3="30,19,43,64,103,133,40,52,76,130,82,57,72"/><U117/><E117/><V88/><F121/><W55/><G130/><T1/><D75/><U79/><E134/><V69/><F69/><W120/><G120/><T102/><D33/><U70/><E79/><V42/><F128/><W4/><G30/><T86/><D126/><N who="2" m="48170" /><F28/><W92/><G4/><T26/><D66/><U49/><E98/><V50/><F12/><W115/><G133/><T68/><D68/><U22/><E22/><V38/><F132/><W73/><G115/><T111/><D111/><U7/><E7/><V45/><F67/><W85/><G64/><T47/><D47/><U44/><REACH who="1" step="1"/><E70/><REACH who="1" ten="78,363,147,402" step="2"/><V110/><F110/><W123/><G123/><T87/><D1/><U27/><E27/><V63/><F34/><W8/><G73/><T56/><D0/><U29/><E29/><V83/><F35/><W51/><G72/><T112/><D112/><U25/><E25/><V113/><F97/><N who="3" m="59815" /><G55/><T118/><D118/><U80/><E80/><V131/><F83/><W65/><G65/><T32/><D32/><U119/><E119/><V93/><F113/><W108/><G108/><T2/><D2/><U11/><E11/><V24/><F131/><W104/><G104/><T90/><D26/><U6/><E6/><V13/><F24/><W71/><G71/><T109/><D109/><U31/><E31/><V91/><F13/><AGARI ba="0,1" hai="8,13,19,40,43,51,52,57,76,82,85" m="59815" machi="13" ten="30,3900,0" yaku="8,1,52,1,54,1" doraHai="99" who="3" fromWho="2" sc="78,0,363,0,147,-39,402,49" /><INIT seed="6,0,0,4,3,63" ten="78,363,108,451" oya="2" hai0="23,111,56,119,45,123,127,75,2,114,133,113,66" hai1="130,101,72,106,29,122,20,43,41,134,48,82,19" hai2="132,96,47,102,80,59,89,14,125,12,7,36,54" hai3="112,61,74,71,129,35,28,77,97,85,38,87,76"/><V78/><F132/><W94/><G38/><T30/><D75/><U27/><E134/><V8/><F125/><W22/><G129/><T70/><D133/><U110/><E110/><V104/><F89/><W128/><G128/><T83/><D2/><U49/><E130/><V13/><F47/><W60/><G35/><T4/><D111/><U26/><E122/><V120/><F36/><W9/><G112/><N who="0" m="43115" /><D4/><U65/><E106/><V68/><F68/><W126/><G126/><T0/><D0/><U95/><E72/><V121/><F121/><W42/><G42/><T44/><D123/><U124/><E124/><V73/><REACH who="2" step="1"/><F120/><REACH who="2" ten="78,363,98,451" step="2"/><W40/><G71/><T62/><D127/><U1/><E43/><V91/><F91/><W10/><G40/><T84/><D119/><U46/><E41/><V17/><F17/><W5/><G77/><N who="0" m="46191" /><D70/><U109/><E109/><V99/><F99/><W11/><G97/><T86/><D86/><U93/><E19/><V34/><F34/><W25/><G87/><T98/><D98/><U57/><E46/><V116/><F116/><W32/><G32/><T107/><D107/><U24/><E29/><V88/><F88/><W55/><G28/><T81/><D81/><U105/><E82/><V79/><F79/><W135/><G76/><T117/><D117/><U103/><E105/><V67/><F67/><W53/><G135/><T118/><D118/><U37/><E65/><V3/><F3/><W92/><G85/><T100/><D100/><U51/><E103/><V16/><F16/><W21/><G74/><T58/><D58/><U90/><E57/><RYUUKYOKU ba="0,1" sc="78,15,363,-15,98,15,451,-15" hai0="23,30,44,45,56,62,66" hai2="7,8,12,13,14,54,59,73,78,80,96,102,104" /><INIT seed="6,1,1,0,4,5" ten="93,348,113,436" oya="2" hai0="23,74,127,31,16,14,7,25,116,42,95,130,124" hai1="8,3,126,84,37,93,60,36,97,53,18,15,17" hai2="134,65,81,2,98,6,106,119,39,78,128,28,67" hai3="56,11,92,72,20,46,109,30,62,118,9,122,55"/><V50/><F119/><W0/><G109/><T52/><D74/><U1/><E126/><N who="0" m="48169" /><D42/><U110/><E110/><V57/><F28/><W100/><G72/><T91/><D130/><U115/><E115/><V48/><F39/><W64/><G122/><T35/><D116/><U33/><E33/><V133/><F128/><W27/><G0/><T32/><D7/><U107/><E107/><V24/><F24/><W58/><G118/><T117/><D117/><U43/><E1/><V29/><F29/><W135/><G135/><N who="2" m="51721" /><F6/><W123/><G46/><T45/><D45/><U82/><E3/><V90/><F2/><W12/><G123/><T120/><D120/><U75/><E75/><N who="2" m="43231" /><F57/><W70/><G70/><T132/><D132/><U21/><E37/><V51/><F90/><W77/><G77/><T94/><D32/><U112/><E112/><V71/><F71/><W10/><G100/><AGARI ba="1,1" hai="48,50,51,65,67,98,100,106" m="43231,51721" machi="100" ten="30,1500,0" yaku="20,1" doraHai="5" who="2" fromWho="3" sc="93,0,348,0,113,28,436,-18" /><INIT seed="6,2,0,1,1,61" ten="93,348,141,418" oya="2" hai0="72,8,77,86,122,11,26,66,56,103,89,25,104" hai1="55,32,59,7,96,0,30,4,94,85,22,57,53" hai2="81,116,119,126,75,121,48,117,88,106,2,63,76" hai3="101,46,10,129,17,127,109,20,133,80,73,45,36"/><V65/><F121/><W33/><G33/><T74/><D122/><U92/><E32/><V90/><F2/><W50/><G109/><T18/><D74/><U79/><E0/><V102/><F126/><W52/><G127/><T37/><D37/><U19/><E30/><V84/><F48/><W111/><G111/><T14/><D72/><U93/><E96/><V114/><F114/><W91/><G129/><T131/><D131/><U6/><E79/><V35/><F35/><W67/><G101/><T124/><D77/><U27/><REACH who="1" step="1"/><E85/><REACH who="1" ten="93,338,141,418" step="2"/><V107/><F90/><W130/><G91/><T49/><D124/><U13/><E13/><V132/><F102/><W51/><G130/><T39/><D103/><U110/><E110/><V44/><F75/><W83/><G73/><T105/><D104/><U58/><AGARI ba="2,1" hai="4,6,7,19,22,27,53,55,57,58,59,92,93,94" machi="58" ten="40,8000,1" yaku="1,1,0,1,29,2,8,1,53,0" doraHai="61" doraHaiUra="100" who="1" fromWho="1" sc="93,-22,338,96,141,-42,418,-22" /><INIT seed="7,0,0,0,0,79" ten="71,434,99,396" oya="3" hai0="1,135,103,49,60,132,31,122,0,124,94,40,75" hai1="97,54,55,28,62,41,82,27,111,63,15,134,37" hai2="80,121,116,2,8,107,20,93,30,110,17,3,61" hai3="83,78,85,13,86,66,100,26,52,84,48,70,106"/><W45/><G106/><T68/><D122/><U11/><E111/><V109/><F107/><W47/><G100/><T76/><D103/><U4/><E37/><V21/><F93/><W35/><G70/><T112/><D94/><U18/><E41/><V91/><F91/><W67/><G13/><T25/><D49/><U44/><E134/><N who="0" m="51241" /><D124/><U38/><E38/><V7/><F80/><W102/><G102/><T9/><D40/><U34/><E82/><V120/><F61/><W65/><REACH who="3" step="1"/><G47/><REACH who="3" ten="71,434,99,386" step="2"/><T10/><D112/><U123/><E123/><V99/><F121/><W24/><G24/><T131/><D131/><U59/><E97/><V23/><F99/><W51/><G51/><T113/><D113/><U39/><E39/><V118/><F120/><W33/><G33/><N who="0" m="20719" /><D10/><U19/><E44/><V64/><F8/><W56/><G56/><AGARI ba="0,1" hai="4,11,15,18,19,27,28,34,54,55,56,59,62,63" machi="56" ten="40,1300,0" yaku="9,1" doraHai="79" who="1" fromWho="3" sc="71,0,434,23,99,0,386,-13" owari="71,-43.0,457,56.0,99,-30.0,373,17.0" /></mjloggm>