<mjloggm ver="2.3"><GO type="169" lobby="0"/><UN n0="%E5%B0%B1%E6%B4%BB%E7%94%9F%40%E5%B7%9D%E6%9D%91%E8%BB%8D%E5%9B%A3" n1="%E5%B9%B3%E4%BA%95%E9%8A%80%E4%BA%8C" n2="%E3%82%B9%E3%82%B1%E3%83%BC%E3%82%BF%E3%83%BC" n3="%E3%81%97%E3%81%8B%E8%8C%B6" dan="18,17,17,16" rate="2266.92,2167.63,2146.28,2122.34" sx="M,M,M,M"/><TAIKYOKU oya="0"/><INIT seed="0,0,0,4,0,122" ten="250,250,250,250" oya="0" hai0="88,17,24,86,32,49,113,15,56,92,107,31,133" hai1="51,25,76,104,110,42,22,91,68,105,130,43,98" hai2="65,77,7,82,75,79,126,63,100,27,123,62,30" hai3="103,35,54,14,125,21,37,61,33,99,132,94,71"/><T66/><D113/><U96/><E68/><V84/><F123/><W48/><G37/><T78/><D133/><U5/><E130/><V115/><F115/><W13/><G132/><T36/><D36/><U59/><E76/><V93/><F126/><W112/><G125/><T134/><D134/><U131/><E131/><V55/><F7/><W83/><G112/><T40/><D107/><U124/><E124/><V121/><F121/><W81/><G35/><T26/><D26/><U118/><E118/><V73/><F79/><W2/><G2/><T29/><D78/><U117/><E117/><V116/><F55/><W67/><G33/><T97/><D29/><U70/><E70/><V46/><F46/><W34/><G34/><T119/><D119/><U18/><E5/><V38/><F63/><W9/><G21/><T20/><D40/><U41/><E98/><N who="2" m="59471" /><F38/><W3/><G3/><T4/><D4/><U58/><E104/><V108/><F116/><W45/><REACH who="3" step="1"/><G13/><REACH who="3" ten="250,250,250,240" step="2"/><T89/><D32/><U52/><E22/><V0/><F0/><W87/><G87/><T90/><D86/><U69/><E25/><V135/><F135/><W60/><G60/><N who="0" m="38151" /><D49/><U114/><E51/><V50/><F50/><W12/><G12/><T47/><D47/><U80/><E114/><V1/><F1/><W74/><G74/><T106/><D15/><U85/><E85/><V44/><F44/><W39/><G39/><T53/><D24/><U10/><E42/><V57/><F75/><W64/><G64/><T127/><D127/><U120/><E43/><V19/><F73/><W6/><AGARI ba="0,1" hai="6,9,14,45,48,54,61,67,71,81,83,94,99,103" machi="6" ten="20,5200,0" yaku="1,1,5,1,0,1,7,1,53,0" doraHai="122" doraHaiUra="102" who="3" fromWho="3" sc="250,-26,250,-13,250,-13,240,62" /><INIT seed="1,0,0,2,0,118" ten="224,237,237,302" oya="1" hai0="52,109,32,47,7,112,91,95,98,94,119,105,84" hai1="44,116,3,61,89,101,85,93,29,13,65,54,67" hai2="97,69,24,25,36,73,132,27,50,17,123,72,63" hai3="21,31,41,126,108,87,10,11,80,121,131,0,58"/><U83/><E3/><V43/><F132/><W110/><G0/><T125/><D119/><U33/><E116/><V5/><F36/><W62/><G126/><T19/><D32/><U48/><E33/><V120/><F5/><W60/><G131/><T88/><D112/><U122/><E29/><V86/><F17/><W39/><G41/><T4/><D125/><U2/><E2/><V9/><F9/><W114/><G39/><T92/><D109/><N who="3" m="42089" /><G114/><T129/><D129/><U28/><E28/><V127/><F127/><W113/><G113/><T78/><D105/><U12/><E122/><V64/><F86/><W117/><G117/><T102/><D19/><U45/><E45/><V23/><F23/><W111/><N who="3" m="42097" /><W99/><DORA hai="135" /><G99/><N who="0" m="57735" /><D78/><U103/><E65/><V59/><F97/><W90/><G60/><T18/><D18/><U42/><E42/><V75/><REACH who="2" step="1"/><F59/><REACH who="2" ten="224,237,227,302" step="2"/><W74/><G21/><T130/><D130/><U124/><E124/><V6/><F6/><W77/><G31/><T133/><D133/><U46/><E46/><AGARI ba="0,1" hai="24,25,27,43,46,50,63,64,69,72,73,75,120,123" machi="46" ten="50,6400,0" yaku="1,1,52,2,53,0" doraHai="118,135" doraHaiUra="8,53" who="2" fromWho="1" sc="224,0,237,-64,227,74,302,0" /><INIT seed="2,0,0,2,2,101" ten="224,173,301,302" oya="2" hai0="2,82,126,97,11,76,116,12,71,128,33,55,95" hai1="17,65,28,107,133,100,22,114,53,112,120,31,38" hai2="40,119,86,94,15,18,69,43,132,122,8,25,99" hai3="80,23,34,83,49,4,78,109,41,5,37,74,123"/><V50/><F122/><W92/><G123/><T84/><D126/><U77/><E120/><V131/><F119/><W13/><G34/><T118/><D128/><U110/><E38/><V35/><F132/><W102/><G37/><T10/><D71/><U64/><E133/><V60/><F131/><W32/><G32/><T45/><D33/><U61/><E110/><V9/><F86/><W6/><G109/><T81/><D2/><U125/><E125/><V117/><F117/><W27/><G80/><T48/><D82/><U29/><E77/><V88/><F9/><W108/><G108/><T103/><REACH who="0" step="1"/><D11/><REACH who="0" ten="214,173,301,302" step="2"/><U63/><E112/><V89/><F69/><W127/><G127/><T130/><D130/><U62/><E114/><V98/><F35/><W105/><G83/><T47/><D47/><U36/><E36/><V0/><F0/><W16/><G74/><T46/><D46/><U14/><REACH who="1" step="1"/><E53/><REACH who="1" ten="214,163,301,302" step="2"/><V111/><F111/><W93/><G78/><T73/><D73/><U56/><E56/><V52/><F52/><W113/><G113/><T30/><D30/><U106/><E106/><V54/><F54/><W104/><G105/><T75/><D75/><U24/><E24/><V26/><F25/><W44/><REACH who="3" step="1"/><G27/><REACH who="3" ten="214,163,301,292" step="2"/><T7/><AGARI ba="0,3" hai="7,10,12,45,48,55,76,81,84,95,97,103,116,118" machi="7" ten="30,4000,0" yaku="1,1,0,1,53,1" doraHai="101" doraHaiUra="91" who="0" fromWho="0" sc="214,70,163,-10,301,-20,292,-10" /><INIT seed="3,0,0,0,2,121" ten="284,153,281,282" oya="3" hai0="124,24,60,127,12,62,130,35,110,84,37,50,11" hai1="95,19,39,57,29,113,6,13,94,45,86,58,54" hai2="16,100,81,52,27,14,40,118,30,93,55,9,83" hai3="123,15,82,87,25,114,117,49,46,68,92,70,2"/><W109/><G123/><T74/><D37/><U42/><E113/><V75/><F118/><W5/><G117/><T36/><D36/><U101/><E6/><V51/><F75/><W107/><G107/><T65/><D74/><U17/><E29/><V131/><F131/><W28/><G2/><T73/><D73/><U66/><E66/><V61/><F40/><W3/><G3/><T59/><D130/><U103/><E19/><V80/><F61/><W20/><G114/><T47/><D84/><U56/><E54/><V116/><F116/><W71/><G92/><T104/><D104/><U99/><E86/><V79/><F79/><W69/><N who="3" m="17920" /><DORA hai="44" /><W26/><G26/><T132/><D62/><U53/><E53/><V90/><F100/><W119/><G119/><T96/><D96/><U76/><E76/><V85/><REACH who="2" step="1"/><F51/><REACH who="2" ten="284,153,271,282" step="2"/><W1/><G49/><T112/><D50/><U41/><E41/><V18/><F18/><W21/><G46/><T77/><D47/><U78/><E78/><V33/><AGARI ba="0,1" hai="9,14,16,27,30,33,52,55,80,81,83,85,90,93" machi="33" ten="30,7900,0" yaku="1,1,0,1,54,2,53,0" doraHai="121,44" doraHaiUra="98,126" who="2" fromWho="2" sc="284,-20,153,-20,271,89,282,-39" /><INIT seed="4,0,0,0,5,53" ten="264,133,360,243" oya="0" hai0="93,124,47,21,74,4,85,94,125,69,6,119,100" hai1="115,60,63,64,81,39,49,135,19,25,0,50,128" hai2="11,109,13,17,44,113,129,95,106,75,82,35,27" hai3="71,67,118,31,83,3,78,54,15,20,58,33,8"/><T42/><D74/><U45/><E0/><V40/><F109/><W48/><G3/><T9/><D69/><N who="1" m="42143" /><E81/><V110/><F106/><W57/><G118/><T73/><D73/><U108/><E25/><V132/><F110/><W105/><G105/><T76/><D21/><U68/><E19/><V77/><F113/><W61/><G33/><T56/><D119/><U102/><E102/><V86/><F129/><W16/><G31/><T99/><D6/><U51/><E128/><V87/><F132/><W52/><G54/><T127/><D76/><U14/><E14/><V23/><F95/><W121/><G121/><T59/><D85/><U90/><E90/><V10/><F10/><W43/><G43/><T32/><D94/><U122/><E108/><V97/><F97/><W84/><REACH who="3" step="1"/><G8/><REACH who="3" ten="264,133,360,233" step="2"/><T18/><D32/><U41/><E122/><V2/><F2/><W103/><G103/><T26/><D4/><U126/><E135/><V131/><F131/><W65/><G65/><T37/><REACH who="0" step="1"/><D26/><REACH who="0" ten="254,133,360,233" step="2"/><U104/><E104/><V30/><F35/><W120/><G120/><T134/><D134/><U79/><E115/><V89/><F27/><W72/><G72/><T123/><D123/><U24/><E24/><V66/><F75/><W46/><AGARI ba="0,2" hai="15,16,20,46,48,52,57,58,61,67,71,78,83,84" machi="46" ten="20,16000,3" yaku="1,1,0,1,7,1,52,2,54,2,53,1" doraHai="53" doraHaiUra="62" who="3" fromWho="3" sc="254,-80,133,-40,360,-40,233,180" /><INIT seed="5,0,0,0,3,120" ten="174,93,320,413" oya="1" hai0="20,22,67,17,89,124,8,65,28,90,18,103,77" hai1="115,1,78,82,132,21,46,36,74,10,35,123,57" hai2="69,83,87,34,60,99,6,92,70,29,131,105,7" hai3="25,81,4,61,31,23,66,13,85,50,100,3,47"/><U121/><E35/><V122/><F122/><W125/><G3/><T54/><D124/><U133/><E21/><N who="0" m="8297" /><D103/><U16/><E57/><V110/><F92/><W12/><G125/><T38/><D38/><U11/><E115/><V63/><F99/><W135/><G100/><T51/><D77/><U53/><E11/><V102/><F87/><W43/><G135/><N who="1" m="51786" /><E53/><V114/><F83/><W93/><G93/><T30/><D67/><U48/><E48/><V27/><F27/><W112/><G4/><T107/><D65/><U113/><E113/><V40/><F114/><W76/><REACH who="3" step="1"/><G112/><REACH who="3" ten="174,93,320,403" step="2"/><T128/><D107/><U45/><E16/><N who="0" m="6249" /><D8/><U56/><E10/><V33/><F105/><W19/><G19/><T37/><D30/><U73/><E1/><V0/><F29/><W116/><G116/><T104/><D104/><U52/><E121/><V130/><F0/><W62/><G62/><T64/><D28/><U88/><E123/><V95/><F63/><W49/><G49/><T72/><D51/><N who="1" m="30751" /><E36/><V129/><F60/><W109/><G109/><T97/><D37/><U134/><E134/><V71/><F110/><W68/><AGARI ba="0,1" hai="12,13,23,25,31,43,47,50,61,66,68,76,81,85" machi="68" ten="20,2700,0" yaku="1,1,0,1,7,1,53,0" doraHai="120" doraHaiUra="55" who="3" fromWho="3" sc="174,-7,93,-13,320,-7,403,37" /><INIT seed="6,0,0,4,3,74" ten="167,80,313,440" oya="2" hai0="114,90,18,102,11,61,47,87,80,64,126,63,12" hai1="132,109,75,60,89,19,41,42,14,9,4,29,33" hai2="20,35,91,26,65,34,100,36,31,128,121,124,28" hai3="7,38,66,21,98,23,71,111,8,103,107,77,85"/><V24/><F121/><W6/><G38/><T116/><D114/><U51/><E75/><V96/><F36/><W69/><G111/><T78/><D126/><U122/><E109/><V131/><F124/><W95/><G66/><T86/><D116/><U104/><E122/><V117/><F117/><W118/><G118/><T113/><D113/><U57/><E104/><V108/><F91/><W52/><G6/><T81/><D102/><U92/><E132/><V127/><F65/><W45/><G69/><T134/><D134/><U93/><E93/><N who="2" m="58383" /><F108/><W10/><G71/><T37/><D64/><U83/><E83/><V27/><F127/><W0/><G8/><T44/><D37/><U1/><E51/><V15/><F15/><W39/><G39/><T79/><D90/><U123/><E123/><V67/><F67/><W25/><G107/><T58/><D58/><U13/><E1/><V105/><F27/><W120/><G120/><T46/><AGARI ba="0,0" hai="11,12,18,44,46,47,61,63,78,79,80,81,86,87" machi="46" ten="30,8000,1" yaku="0,1,9,1,8,1,52,2" doraHai="74" who="0" fromWho="0" sc="167,80,80,-20,313,-40,440,-20" /><INIT seed="7,0,0,4,5,75" ten="247,60,273,420" oya="3" hai0="122,3,55,31,89,5,32,132,56,116,2,69,71" hai1="103,6,7,72,10,113,57,80,133,127,92,44,111" hai2="11,128,109,73,100,33,12,20,90,59,8,53,37" hai3="114,135,84,134,107,51,115,48,23,108,49,98,45"/><W54/><G23/><T82/><D116/><U29/><E111/><V95/><F33/><W17/><G17/><T28/><D122/><U30/><E113/><N who="3" m="43018" /><G84/><T50/><D132/><N who="3" m="50729" /><G98/><T79/><D89/><U40/><E127/><V1/><F90/><W27/><G27/><T86/><D5/><U65/><E133/><V41/><F20/><W15/><G15/><T60/><D71/><U16/><E57/><V110/><F59/><W22/><G22/><T130/><D130/><U64/><E29/><V39/><F128/><W68/><G107/><T34/><D34/><U125/><E125/><V94/><F12/><W83/><G83/><T131/><D131/><U78/><E30/><V36/><F11/><W93/><G93/><T62/><D69/><U26/><E92/><V35/><F8/><W14/><G14/><T63/><REACH who="0" step="1"/><D31/><REACH who="0" ten="237,60,273,420" step="2"/><U42/><E103/><V19/><F100/><W77/><G68/><T126/><D126/><U123/><E123/><V43/><F35/><W9/><G108/><T120/><D120/><U88/><E88/><V101/><F109/><W106/><G106/><T81/><D81/><U66/><E66/><V58/><BYE who="1" /><F110/><W85/><G45/><T119/><D119/><U96/><E96/><V124/><F124/><W18/><G18/><T112/><D112/><U67/><E67/><V104/><F104/><UN n1="%E5%B9%B3%E4%BA%95%E9%8A%80%E4%BA%8C" /><W105/><G105/><T118/><D118/><U0/><E7/><V97/><F19/><W87/><G54/><T47/><D47/><U24/><E44/><V74/><F53/><W21/><G9/><T61/><N who="0" m="15872" /><DORA hai="76" /><T121/><D121/><RYUUKYOKU ba="0,1" sc="237,30,60,-10,273,-10,420,-10" hai0="2,3,28,32,50,55,56,79,82,86" owari="267,7.0,50,-45.0,263,-14.0,420,52.0" /></mjloggm>