<mjloggm ver="2.3"><GO type="169" lobby="0"/><UN n0="%E3%81%86%E3%81%8D%E3%81%A7%E3%82%93" n1="%6D%69%74%73%75%36%31%31" n2="%E5%B0%B1%E6%B4%BB%E7%94%9F%40%E5%B7%9D%E6%9D%91%E8%BB%8D%E5%9B%A3" n3="%EF%BC%93%E7%95%AA%EF%BC%A4%EF%BC%A8%E4%BA%95%E7%AB%AF" dan="17,16,17,16" rate="2119.18,2137.02,2219.07,2041.10" sx="M,M,M,M"/><TAIKYOKU oya="0"/><INIT seed="0,0,0,3,1,14" ten="250,250,250,250" oya="0" hai0="135,44,95,9,36,130,70,49,85,25,10,3,80" hai1="88,124,57,51,120,34,60,47,28,39,67,92,131" hai2="123,122,56,26,17,1,52,104,113,101,129,127,114" hai3="22,119,59,125,87,55,69,133,6,81,118,11,7"/><T68/><D36/><U8/><E120/><V116/><F127/><W73/><G69/><T105/><D105/><U132/><E124/><V65/><F129/><W35/><G35/><T89/><D3/><U107/><E107/><V32/><F116/><W108/><G73/><T16/><D70/><U117/><E131/><V38/><F38/><W75/><G75/><T41/><D68/><U134/><E117/><V94/><F104/><W86/><G133/><N who="1" m="51306" /><E8/><N who="0" m="3177" /><D130/><U99/><E39/><V24/><F1/><W42/><G6/><T77/><D135/><U48/><E47/><V115/><F65/><W43/><G11/><T71/><D71/><U2/><E2/><V53/><F53/><W79/><G7/><T21/><D95/><U29/><E34/><V12/><F94/><W83/><G125/><T45/><D44/><U84/><E99/><V19/><F101/><W37/><G37/><T96/><D96/><U0/><E0/><V82/><F82/><W13/><G119/><T103/><D103/><U15/><E15/><V54/><F12/><W40/><G83/><T4/><D4/><U64/><E64/><V27/><F32/><W90/><G81/><T5/><D5/><U46/><E46/><V62/><REACH who="2" step="1"/><F54/><REACH who="2" ten="250,250,240,250" step="2"/><W100/><G100/><T66/><D66/><U111/><E92/><V121/><AGARI ba="0,1" hai="17,19,24,26,27,52,56,62,113,114,115,121,122,123" machi="121" ten="50,16000,3" yaku="1,1,2,1,0,1,29,2,52,2,54,1,53,0" doraHai="14" doraHaiUra="76" who="2" fromWho="2" sc="250,-80,250,-40,240,170,250,-40" /><INIT seed="1,0,0,5,0,32" ten="170,210,410,210" oya="1" hai0="11,64,20,119,134,58,95,73,79,90,62,89,52" hai1="70,78,61,133,93,7,127,65,33,114,124,101,55" hai2="0,76,71,14,110,39,18,125,5,81,92,59,113" hai3="22,77,6,94,85,105,37,97,57,126,117,2,121"/><U45/><E33/><V108/><F71/><W44/><G121/><T103/><D119/><U130/><E78/><V23/><F39/><W122/><G122/><T135/><D20/><U72/><E72/><V41/><F113/><W56/><G126/><N who="1" m="48170" /><E114/><V13/><F125/><W68/><G68/><T8/><D103/><U46/><E7/><V118/><F118/><W35/><G35/><T104/><D104/><U17/><E17/><V27/><F41/><W82/><G105/><T120/><D79/><U34/><E34/><V53/><F92/><W38/><G22/><T63/><D73/><U15/><E15/><V99/><F99/><W48/><G38/><T67/><D120/><U98/><E130/><V60/><F0/><W84/><G37/><T86/><D90/><U21/><E21/><V102/><F102/><N who="3" m="60727" /><G2/><T26/><D67/><U111/><E111/><N who="2" m="42539" /><F5/><W91/><G6/><T75/><D26/><U80/><E80/><V132/><F132/><N who="0" m="50730" /><D75/><AGARI ba="0,0" hai="13,14,18,23,27,53,59,60,75,76,81" m="42539" machi="75" ten="30,1000,0" yaku="14,1" doraHai="32" who="2" fromWho="0" sc="170,-10,210,0,410,10,210,0" /><INIT seed="2,0,0,3,5,28" ten="160,210,420,210" oya="2" hai0="109,36,92,57,110,89,19,105,120,102,127,3,112" hai1="124,114,55,23,101,108,62,117,9,135,0,134,42" hai2="45,26,119,34,126,56,91,2,39,29,44,13,8" hai3="103,133,11,132,5,88,20,97,78,123,7,125,128"/><V115/><F119/><W63/><G123/><T100/><D3/><U27/><E117/><V107/><F115/><W10/><G128/><T33/><D36/><U53/><E42/><V54/><F126/><W67/><G78/><T12/><D112/><U98/><E114/><V99/><F2/><W1/><G20/><N who="0" m="11367" /><D105/><U32/><E124/><V35/><F39/><W50/><G50/><T80/><D80/><U38/><E38/><V49/><F35/><W61/><G125/><T48/><D127/><U90/><E90/><V79/><F79/><W30/><G30/><T43/><D33/><U129/><E129/><V116/><F116/><W118/><G118/><T93/><D92/><U72/><E72/><V94/><REACH who="2" step="1"/><F107/><REACH who="2" ten="160,210,410,210" step="2"/><W131/><G131/><T87/><D120/><U15/><E32/><V85/><F85/><W84/><G84/><T40/><D87/><U73/><E0/><V17/><AGARI ba="0,1" hai="8,13,17,26,29,34,44,45,49,54,56,91,94,99" machi="17" ten="20,18000,2" yaku="1,1,0,1,7,1,52,1,53,2" doraHai="28" doraHaiUra="41" who="2" fromWho="2" sc="160,-60,210,-60,410,190,210,-60" /><INIT seed="2,1,0,1,2,1" ten="100,150,600,150" oya="2" hai0="70,130,64,16,92,4,18,23,3,111,99,21,73" hai1="61,100,75,54,116,110,85,72,35,14,69,24,126" hai2="7,46,36,84,0,27,57,124,38,51,82,102,55" hai3="67,10,68,128,95,56,22,52,106,81,79,97,108"/><V30/><F124/><W86/><G106/><T83/><D111/><U90/><E116/><V2/><F102/><W45/><G108/><T66/><D70/><U87/><E110/><V60/><F36/><W9/><G128/><T19/><D73/><U8/><E100/><V98/><F98/><W96/><G45/><T65/><D83/><U63/><E87/><V32/><F38/><W120/><G120/><T62/><D62/><U105/><E105/><V113/><F113/><W129/><G129/><T42/><D42/><U49/><E126/><V41/><REACH who="2" step="1"/><F7/><REACH who="2" ten="100,150,590,150" step="2"/><W115/><G115/><T121/><D130/><U88/><E69/><V117/><F117/><W37/><G37/><T6/><D121/><U123/><E123/><V74/><F74/><W12/><G97/><T20/><D3/><U122/><E122/><V15/><F15/><W107/><G68/><T103/><AGARI ba="1,1" hai="4,6,16,18,19,20,21,23,64,65,66,92,99,103" machi="103" ten="40,12000,2" yaku="0,1,29,2,8,1,52,2,54,1" doraHai="1" who="0" fromWho="0" sc="100,133,150,-31,590,-61,150,-31" /><INIT seed="3,0,0,5,1,134" ten="233,119,529,119" oya="3" hai0="80,113,5,7,45,8,127,72,105,22,67,77,65" hai1="85,12,43,110,111,108,91,42,96,79,20,84,114" hai2="119,86,30,62,0,132,83,24,17,2,47,51,117" hai3="82,1,40,107,27,104,103,131,73,129,9,14,122"/><W54/><G122/><T23/><D105/><U90/><E114/><V81/><F132/><W28/><G1/><T75/><D72/><U21/><E96/><V34/><F81/><W46/><G54/><T116/><D116/><U57/><E79/><V58/><F17/><W87/><G73/><T10/><D45/><U76/><E76/><V120/><F120/><W99/><G107/><T33/><D33/><U6/><E57/><V13/><F13/><W16/><G87/><N who="1" m="33354" /><E6/><V94/><F94/><W64/><G64/><T124/><D7/><U11/><E11/><N who="0" m="4137" /><D5/><U29/><E29/><V19/><F117/><W109/><G82/><T123/><D113/><U125/><E12/><V70/><F70/><W92/><G104/><T93/><D93/><U49/><E49/><V102/><F102/><W39/><REACH who="3" step="1"/><G109/><REACH who="3" ten="233,119,529,109" step="2"/><T18/><D123/><U55/><E55/><V52/><F2/><W37/><G37/><T97/><D67/><U31/><E43/><V41/><F0/><W61/><G61/><T126/><D65/><U50/><E42/><V44/><F119/><W71/><G71/><T38/><D38/><U63/><E63/><V112/><F112/><W118/><G118/><T59/><D80/><U88/><E50/><V3/><F3/><W106/><G106/><T15/><D75/><U133/><E133/><V26/><F86/><W53/><G53/><T101/><D124/><U60/><E60/><V32/><F83/><W68/><G68/><T89/><D126/><U56/><E125/><V74/><F74/><W48/><G48/><T25/><D127/><U69/><E69/><RYUUKYOKU ba="0,1" sc="233,-10,119,-10,529,-10,109,30" hai3="9,14,16,27,28,39,40,46,92,99,103,129,131" /><INIT seed="3,1,1,4,0,104" ten="223,109,519,139" oya="3" hai0="118,59,94,71,86,25,67,80,63,68,22,17,61" hai1="85,92,6,132,88,103,109,44,23,7,1,133,123" hai2="121,66,108,96,5,70,24,72,56,36,83,4,28" hai3="78,58,114,101,57,98,106,10,40,124,110,2,126"/><W90/><G114/><T12/><D94/><U105/><E123/><V45/><F121/><W73/><G110/><T52/><D118/><U116/><E109/><V41/><F108/><W117/><G117/><T69/><REACH who="0" step="1"/><D25/><REACH who="0" ten="213,109,519,139" step="2"/><U62/><E116/><V82/><F96/><W11/><G126/><T119/><D119/><U53/><E105/><V18/><F83/><W91/><G124/><T9/><D9/><U128/><E128/><V65/><F82/><W75/><G11/><T34/><D34/><U32/><E32/><V107/><F24/><W112/><G10/><T54/><D54/><U26/><E1/><V135/><F107/><W89/><G2/><T47/><D47/><U21/><E21/><V84/><F45/><W95/><G112/><T14/><D14/><U74/><E44/><V29/><F41/><W27/><G106/><T99/><D99/><U93/><E23/><V42/><F65/><W31/><G98/><T87/><D87/><U0/><E26/><V115/><F66/><W64/><G64/><T120/><D120/><U15/><E15/><V77/><F42/><W35/><G40/><T20/><D20/><U55/><E0/><V130/><F84/><W100/><G95/><T30/><D30/><U51/><E93/><V33/><F33/><W46/><G46/><T81/><D81/><U125/><E125/><V38/><F115/><W122/><G122/><T76/><AGARI ba="1,2" hai="12,17,22,52,59,61,63,67,68,69,71,76,80,86" machi="76" ten="20,8000,1" yaku="1,1,0,1,7,1,54,1,53,1" doraHai="104" doraHaiUra="8" who="0" fromWho="0" sc="213,103,109,-21,519,-21,139,-41" /><INIT seed="4,0,0,5,3,93" ten="316,88,498,98" oya="0" hai0="50,54,103,118,25,106,15,124,16,91,133,33,119" hai1="30,130,46,45,110,82,36,120,116,40,47,49,14" hai2="21,122,24,8,101,31,100,90,126,57,128,121,51" hai3="107,17,64,117,56,37,79,22,108,75,10,131,102"/><T95/><D124/><U72/><E120/><V114/><F126/><W87/><G108/><T127/><D127/><U41/><E110/><V129/><F114/><W9/><G117/><T63/><D63/><U80/><E116/><V18/><F90/><W29/><G37/><T135/><D103/><U92/><E30/><V76/><F76/><W62/><G131/><N who="2" m="50249" /><F57/><W52/><G29/><N who="0" m="19631" /><D106/><U26/><E130/><V1/><F51/><W70/><G75/><T2/><D2/><U85/><E72/><V39/><F39/><W7/><G107/><T73/><D54/><U97/><E45/><V55/><F55/><W67/><G102/><N who="2" m="39529" /><F1/><W77/><G67/><T109/><D50/><U65/><E65/><V132/><F132/><N who="0" m="50762" /><D73/><U99/><E36/><V44/><F44/><W59/><G52/><T19/><D19/><U125/><E49/><V84/><F84/><W88/><G64/><T4/><D4/><U98/><E125/><V48/><F48/><W71/><G7/><T115/><D115/><U6/><E85/><V105/><F105/><W42/><G17/><T43/><D43/><U111/><E111/><V96/><F121/><W3/><G42/><T11/><D109/><U83/><E6/><V58/><F122/><W74/><G74/><T78/><D78/><U12/><E40/><V104/><F58/><W89/><G59/><T23/><D11/><U86/><E41/><V35/><F8/><W61/><G56/><T60/><D60/><U112/><E112/><V68/><F68/><W20/><G3/><T13/><D15/><N who="1" m="5675" /><E26/><N who="2" m="14647" /><F104/><W123/><G123/><T5/><D5/><RYUUKYOKU ba="0,0" sc="316,0,88,0,498,0,98,0" hai0="13,16,23,91,95,118,119" hai1="46,47,80,82,83,86,92,97,98,99" hai2="24,31,35,96" hai3="9,10,20,22,61,62,70,71,77,79,87,88,89" /><INIT seed="4,1,0,2,3,83" ten="316,88,498,98" oya="0" hai0="96,39,23,123,94,95,86,34,125,29,3,120,99" hai1="28,61,0,37,79,66,71,58,9,98,115,74,77" hai2="109,72,27,18,2,30,89,116,60,63,104,56,11" hai3="15,21,113,8,52,24,48,49,46,64,10,105,78"/><T59/><D34/><U135/><E37/><V100/><F109/><W73/><G105/><T82/><D39/><U55/><E28/><V35/><F72/><W97/><G113/><T103/><D3/><U106/><E135/><V93/><F116/><W57/><G97/><T44/><D125/><U126/><E126/><V41/><F41/><W128/><G128/><T50/><D59/><U81/><E79/><V84/><F56/><W131/><G131/><T43/><D23/><U108/><E115/><V85/><F100/><W26/><G78/><T80/><D82/><U25/><E25/><N who="3" m="9834" /><G73/><T114/><D29/><U36/><E36/><V47/><F104/><W92/><G92/><T69/><D69/><U119/><E119/><V7/><F47/><W65/><G21/><T12/><D12/><U127/><E108/><V62/><REACH who="2" step="1"/><F18/><REACH who="2" ten="316,88,488,98" step="2"/><W70/><G70/><T14/><D114/><U32/><E127/><V54/><F54/><W42/><G64/><T118/><D118/><U102/><E71/><V121/><F121/><W134/><G65/><T38/><D123/><U1/><E55/><V33/><F33/><W90/><G57/><T68/><D120/><U101/><E101/><V133/><F133/><W112/><G134/><T110/><D110/><U91/><E32/><V31/><F31/><W51/><G112/><T13/><D68/><U124/><E124/><V87/><AGARI ba="1,1" hai="2,7,11,27,30,35,60,62,63,84,85,87,89,93" machi="87" ten="30,12000,2" yaku="1,1,0,1,52,3,53,1" doraHai="83" doraHaiUra="5" who="2" fromWho="2" sc="316,-61,88,-31,488,133,98,-31" /><INIT seed="5,0,0,1,5,24" ten="255,57,621,67" oya="1" hai0="93,133,60,63,21,121,42,3,1,29,112,114,0" hai1="23,92,117,7,81,8,30,98,22,95,108,99,39" hai2="16,80,31,33,85,40,64,89,56,14,70,131,103" hai3="44,19,57,10,34,25,12,53,86,115,90,58,109"/><U52/><E117/><V45/><F131/><W122/><G109/><T100/><D42/><U116/><E39/><V78/><F70/><W113/><G122/><T13/><D121/><U127/><E116/><V5/><F5/><W71/><G71/><T120/><D120/><U96/><E108/><V6/><F6/><W65/><G65/><T9/><D100/><U130/><E130/><V48/><F103/><W20/><G34/><T61/><D93/><U106/><E81/><V119/><F119/><W36/><G36/><T135/><D21/><U49/><E106/><V87/><F31/><W62/><G57/><T83/><D29/><U94/><E127/><V28/><F28/><W69/><G44/><T47/><D47/><U74/><E74/><V35/><F56/><W27/><G69/><T126/><D83/><U75/><E75/><V41/><F64/><W101/><G101/><T46/><D46/><U97/><N who="1" m="24576" /><DORA hai="68" /><U88/><E88/><V2/><F2/><W50/><G62/><T124/><D63/><U38/><E38/><V15/><F15/><W17/><REACH who="3" step="1"/><G27/><REACH who="3" ten="255,57,621,57" step="2"/><T37/><D61/><U4/><E49/><V128/><F128/><W123/><G123/><T73/><D60/><U18/><E52/><N who="2" m="29711" /><F33/><W11/><G11/><T77/><D37/><U84/><E8/><N who="2" m="6215" /><F35/><W110/><G110/><T67/><D126/><U107/><E107/><V54/><F54/><W132/><G132/><T105/><D133/><U55/><E55/><V118/><F118/><W125/><G125/><T79/><D124/><U26/><E84/><V129/><F129/><W51/><G51/><RYUUKYOKU ba="0,1" sc="255,-30,57,10,621,10,57,10" hai1="4,7,18,22,23,26,30,92,94,95" hai2="40,41,78,80,85,87,89" hai3="10,12,17,19,20,25,50,53,58,86,90,113,115" /><INIT seed="5,1,1,0,0,59" ten="225,67,631,67" oya="1" hai0="113,31,62,49,78,80,100,5,134,135,116,123,6" hai1="21,95,34,99,39,106,114,90,89,15,108,27,9" hai2="69,61,36,129,96,11,92,26,120,133,70,105,47" hai3="10,14,38,72,60,73,52,88,65,87,121,40,42"/><U54/><E39/><V102/><F120/><W97/><G121/><T132/><D123/><U55/><E106/><V98/><F129/><W22/><G97/><T8/><D116/><U110/><E34/><V74/><F74/><W20/><G73/><N who="0" m="43087" /><D31/><U109/><E114/><V7/><F133/><W45/><G72/><T2/><D49/><U79/><E79/><V111/><F26/><W0/><G0/><T32/><D32/><U124/><E124/><V91/><F111/><W53/><G42/><T66/><D100/><U75/><E90/><V28/><F28/><W43/><G43/><T103/><D6/><U16/><REACH who="1" step="1"/><E75/><REACH who="1" ten="225,57,631,67" step="2"/><V19/><F36/><W30/><G22/><T44/><D113/><U117/><E117/><V84/><F91/><W51/><G38/><T119/><D119/><U112/><E112/><V35/><F105/><W85/><G20/><T122/><D122/><U68/><E68/><V118/><F35/><W3/><G88/><T115/><D115/><U94/><E94/><V50/><F69/><W104/><G104/><T37/><D135/><U127/><E127/><V29/><F70/><W82/><G82/><T83/><D83/><U33/><E33/><V107/><F92/><W4/><G87/><T1/><D134/><U48/><E48/><V56/><F50/><W25/><G85/><T130/><D132/><U126/><E126/><V23/><F84/><W18/><G51/><T125/><D125/><U24/><E24/><V77/><F107/><W131/><G25/><T86/><D37/><U13/><E13/><V93/><F118/><W101/><G14/><RYUUKYOKU ba="1,2" sc="225,-10,57,30,631,-10,67,-10" hai1="9,15,16,21,27,54,55,89,95,99,108,109,110" /><INIT seed="5,2,2,4,0,47" ten="215,87,621,57" oya="1" hai0="66,51,57,125,131,72,102,11,80,109,12,82,103" hai1="30,95,2,68,101,54,60,37,59,88,83,87,21" hai2="99,50,100,90,113,26,25,91,35,108,61,93,64" hai3="18,105,39,127,8,106,135,23,10,121,43,77,86"/><U129/><E37/><V115/><F108/><W33/><G33/><T84/><D109/><U22/><E2/><V134/><F134/><W28/><G28/><T13/><D72/><U98/><E129/><V65/><F65/><W62/><G135/><T74/><D74/><U67/><REACH who="1" step="1"/><E30/><REACH who="1" ten="215,77,621,57" step="2"/><V1/><F1/><W122/><G122/><T111/><D131/><U29/><E29/><V94/><F113/><W27/><G121/><T31/><D31/><U16/><E16/><V0/><F115/><W71/><G127/><T45/><D125/><U5/><E5/><V124/><F0/><W97/><G39/><T15/><D111/><U46/><E46/><V41/><F124/><W69/><G18/><T117/><D45/><U7/><E7/><V75/><F35/><W36/><G36/><T85/><D117/><U53/><E53/><V52/><F75/><W58/><G43/><T128/><D128/><U48/><AGARI ba="2,3" hai="21,22,48,54,59,60,67,68,83,87,88,95,98,101" machi="48" ten="20,12000,1" yaku="1,1,0,1,7,1,52,1,54,1,53,0" doraHai="47" doraHaiUra="70" who="1" fromWho="1" sc="215,-42,77,156,621,-42,57,-42" /><INIT seed="5,3,0,4,5,51" ten="173,233,579,15" oya="1" hai0="9,109,74,8,135,17,131,48,92,32,79,39,134" hai1="107,132,46,66,80,22,67,120,11,113,40,85,52" hai2="10,69,0,84,3,50,6,53,19,75,87,25,27" hai3="114,54,41,122,4,93,5,62,83,42,38,133,100"/><U28/><E120/><V63/><F75/><W94/><G122/><T21/><D39/><U60/><E107/><V47/><F0/><W45/><G114/><T70/><D32/><U81/><E132/><V102/><F102/><W59/><G133/><T88/><D70/><U104/><E104/><V124/><F124/><W126/><G126/><T101/><D101/><U115/><E11/><V30/><F19/><W129/><G129/><T7/><D109/><U71/><E67/><V33/><F27/><W36/><G83/><T128/><D79/><U12/><E40/><V95/><F95/><W58/><G58/><T35/><D35/><U56/><E46/><V15/><F15/><W2/><G2/><T61/><D74/><U64/><E81/><V110/><F110/><W90/><G100/><T57/><D128/><U44/><E44/><V24/><F24/><W20/><G94/><T96/><D92/><U111/><E111/><V82/><F82/><W18/><G41/><T99/><D131/><U118/><E118/><V121/><F121/><W123/><G38/><T105/><D105/><U72/><E72/><V1/><F1/><W130/><G130/><T16/><D135/><U14/><E71/><V112/><F112/><N who="1" m="43081" /><E28/><V106/><F106/><W97/><REACH who="3" step="1"/><G123/><REACH who="3" ten="173,233,579,5" step="2"/><T26/><D134/><U119/><E119/><V127/><F127/><W108/><G108/><T37/><D37/><U76/><E64/><V103/><F103/><W23/><G23/><T117/><D21/><U89/><E22/><V68/><F68/><W91/><G91/><T29/><D88/><U34/><E89/><RYUUKYOKU ba="3,1" sc="173,-15,233,-15,579,15,5,15" hai2="3,6,10,25,30,33,47,50,53,63,69,84,87" hai3="4,5,18,20,36,42,45,54,59,62,90,93,97" /><INIT seed="6,4,1,5,0,3" ten="158,218,594,20" oya="2" hai0="15,33,128,117,23,92,19,63,85,17,102,47,27" hai1="51,48,39,107,121,81,76,99,74,94,57,45,114" hai2="20,120,62,29,113,59,65,14,61,100,112,130,108" hai3="103,54,118,38,111,28,56,91,50,124,71,36,43"/><V96/><F120/><W119/><G28/><T10/><D128/><U49/><E114/><V115/><F130/><W80/><G103/><T8/><D33/><U89/><E121/><V55/><F108/><W26/><G26/><T66/><D47/><U42/><REACH who="1" step="1"/><E107/><REACH who="1" ten="158,208,594,20" step="2"/><V16/><F29/><W133/><G111/><T18/><D117/><U129/><E129/><V135/><F135/><W127/><G133/><T72/><D19/><U22/><E22/><V2/><F2/><W69/><G118/><T90/><D18/><U70/><E70/><N who="3" m="26634" /><G119/><T12/><D17/><U13/><E13/><V60/><REACH who="2" step="1"/><F65/><REACH who="2" ten="158,208,584,20" step="2"/><W86/><G43/><T25/><D66/><U78/><E78/><V126/><F126/><AGARI ba="4,3" hai="36,38,50,54,56,80,86,91,124,126,127" m="26634" machi="126" ten="30,1000,0" yaku="18,1" doraHai="3" who="3" fromWho="2" sc="158,0,208,0,584,-22,20,52" /><INIT seed="7,0,0,1,5,120" ten="158,208,562,72" oya="3" hai0="20,35,18,114,44,98,92,105,13,89,73,39,71" hai1="86,19,85,16,27,124,133,84,6,11,49,26,66" hai2="77,134,67,118,5,15,104,129,25,79,65,12,54" hai3="64,55,132,8,60,45,70,69,38,116,96,30,63"/><W29/><G116/><T100/><D71/><U10/><E66/><V76/><F118/><W121/><G121/><T113/><D73/><U122/><E122/><V126/><F104/><W0/><G132/><T82/><D82/><U52/><E133/><V56/><F134/><W93/><G70/><T95/><D35/><U107/><E107/><V24/><F129/><W80/><G80/><T17/><D18/><N who="1" m="6699" /><E124/><V111/><F111/><W14/><G0/><T7/><D7/><U9/><E6/><V22/><F126/><W75/><G75/><T41/><D89/><U72/><E72/><V81/><F81/><W94/><G38/><T109/><D109/><U97/><E97/><V125/><F125/><W47/><G93/><T1/><D1/><U123/><E123/><V83/><F83/><W99/><G99/><T48/><D39/><U127/><E127/><V117/><F117/><W46/><G14/><N who="2" m="5161" /><F5/><W42/><G42/><T101/><D100/><U74/><E74/><V78/><F78/><W51/><G8/><T53/><D41/><U102/><E102/><V108/><F108/><W110/><G63/><T59/><D59/><AGARI ba="0,0" hai="9,10,11,26,27,49,52,59,84,85,86" m="6699" machi="59" ten="30,3900,0" yaku="8,1,54,2" doraHai="120" who="1" fromWho="0" sc="158,-39,208,39,562,0,72,0" owari="119,-28.0,247,5.0,562,66.0,72,-43.0" /></mjloggm>