<mjloggm ver="2.3"><GO type="169" lobby="0"/><UN n0="%28%E3%81%A3%27%E3%83%AE%27%63%29" n1="%E3%81%8F%E3%82%8D%E3%81%AF%E3%81%A1" n2="%E3%82%A6%E3%83%AB%E3%83%88%E3%83%A9%E7%AB%8B%E7%9B%B4" n3="%E3%83%AB%E3%83%BC%E3%82%B7%E3%82%A2%E3%81%AE%E3%82%88%E3%81%86%E3%81%AB" dan="16,17,18,16" rate="2079.76,2163.97,2230.01,2098.26" sx="F,M,M,M"/><TAIKYOKU oya="0"/><INIT seed="0,0,0,3,5,114" ten="250,250,250,250" oya="0" hai0="106,43,9,20,59,102,48,36,35,89,73,28,53" hai1="41,83,68,80,3,29,87,14,4,126,63,133,117" hai2="111,25,62,77,101,11,31,127,75,18,86,122,17" hai3="90,96,57,56,95,61,104,85,52,103,92,44,123"/><T50/><D73/><U105/><E105/><V72/><F111/><W23/><G123/><T108/><D35/><U45/><E3/><V71/><F127/><W15/><G44/><T118/><D36/><U135/><E126/><V49/><F122/><W22/><G104/><T7/><D108/><U27/><E117/><V124/><F124/><W13/><G57/><T32/><D32/><U91/><E80/><V19/><F11/><W34/><G34/><T46/><D106/><U21/><E4/><V130/><F130/><W88/><G103/><T121/><D102/><U5/><E5/><V26/><F101/><W69/><G69/><T132/><D121/><U39/><REACH who="1" step="1"/><E14/><AGARI ba="0,0" hai="13,14,15,22,23,52,56,61,85,88,90,92,95,96" machi="14" ten="40,5200,0" yaku="8,1,54,2" doraHai="114" who="3" fromWho="1" sc="250,0,250,-52,250,0,250,52" /><INIT seed="1,0,0,4,1,37" ten="250,198,250,302" oya="1" hai0="44,113,12,110,131,29,48,46,63,96,42,100,25" hai1="66,1,87,21,130,24,36,50,127,65,97,22,16" hai2="3,74,78,86,72,55,5,51,135,120,109,108,82" hai3="103,80,34,123,98,99,129,54,75,28,2,125,26"/><U38/><E1/><V10/><F120/><W77/><G123/><T14/><D113/><U81/><E130/><V19/><F19/><W71/><G129/><T4/><D131/><U58/><E127/><V76/><F135/><W40/><G125/><T102/><D110/><N who="2" m="42602" /><F78/><W45/><G54/><T47/><D63/><U20/><E36/><V128/><F128/><W104/><G98/><T49/><D4/><U122/><E38/><V121/><F121/><W94/><G94/><T79/><D79/><U33/><E122/><V64/><F64/><N who="1" m="24681" /><E33/><V126/><F126/><W43/><G45/><AGARI ba="0,0" hai="3,5,10,45,51,55,72,74,76,82,86" m="42602" machi="45" ten="30,1000,0" yaku="14,1" doraHai="37" who="2" fromWho="3" sc="250,0,198,0,250,10,302,-10" /><INIT seed="2,0,0,5,2,32" ten="250,198,260,292" oya="2" hai0="74,88,10,39,126,47,76,117,4,51,109,61,66" hai1="9,125,84,118,13,93,45,24,96,91,54,95,114" hai2="25,58,5,16,56,135,112,122,21,107,31,128,12" hai3="37,22,68,69,110,89,53,17,82,60,59,57,124"/><V2/><F107/><W42/><G110/><T113/><D113/><U50/><E125/><V27/><F112/><W129/><G124/><T79/><D126/><U29/><E114/><V18/><F58/><W71/><G129/><T80/><D109/><U62/><E118/><V34/><F56/><W6/><G6/><T11/><D39/><U90/><E62/><V33/><F128/><W7/><G7/><T19/><D117/><U104/><E104/><V36/><F36/><W43/><G37/><T108/><D108/><U130/><E130/><V133/><F34/><W116/><G116/><T26/><D76/><U103/><E24/><V28/><F122/><W131/><G131/><T85/><D19/><N who="2" m="7210" /><F12/><W63/><G89/><T75/><D26/><U70/><E70/><V20/><F20/><W40/><G82/><T98/><D98/><U111/><E111/><V94/><F94/><W120/><G120/><T46/><D46/><U100/><REACH who="1" step="1"/><E29/><REACH who="1" ten="250,188,260,292" step="2"/><V102/><F102/><W105/><G105/><T3/><D61/><U52/><E52/><V48/><F48/><W87/><G53/><T1/><D51/><U123/><E123/><V99/><F99/><W65/><G63/><T30/><D30/><U41/><E41/><V72/><F72/><W86/><G57/><T8/><D74/><U38/><E38/><V14/><F14/><W55/><G55/><T115/><D75/><U64/><E64/><V77/><F77/><W132/><G65/><T121/><D66/><U0/><E0/><V81/><F81/><W67/><G67/><T101/><D79/><U23/><E23/><RYUUKYOKU ba="0,1" sc="250,-15,188,15,260,15,292,-15" hai1="9,13,45,50,54,84,90,91,93,95,96,100,103" hai2="2,5,21,25,27,28,31,33,133,135" /><INIT seed="2,1,1,4,1,132" ten="235,203,275,277" oya="2" hai0="113,1,76,48,23,47,121,81,126,8,115,89,118" hai1="39,119,45,56,125,63,122,2,98,123,71,54,67" hai2="13,114,32,70,82,28,52,12,27,73,85,16,111" hai3="25,62,95,84,46,78,79,120,101,90,61,102,21"/><V36/><F114/><W40/><G120/><N who="1" m="46122" /><E2/><V65/><F111/><W96/><G102/><T110/><D121/><U10/><E10/><V92/><F36/><W129/><G129/><T127/><D110/><U72/><E72/><V99/><F73/><W134/><G134/><T34/><D34/><U14/><E14/><V108/><F108/><W58/><G46/><T106/><D106/><U75/><E98/><V55/><F65/><W15/><G15/><T80/><D118/><U83/><E83/><V24/><F70/><W135/><G40/><T77/><D23/><U9/><E9/><V64/><F64/><W57/><G57/><T124/><D81/><U88/><E88/><N who="2" m="55687" /><F32/><W100/><G100/><T91/><D91/><U60/><E75/><V31/><F13/><W19/><G62/><T131/><D89/><U35/><E35/><V33/><F33/><W117/><G117/><T37/><D131/><U18/><E18/><V22/><F27/><W86/><G86/><N who="0" m="48391" /><D77/><U17/><E17/><V74/><F74/><W0/><G0/><T29/><D29/><N who="2" m="11338" /><F24/><W42/><G135/><T11/><D37/><U49/><E119/><V66/><F66/><W4/><G25/><T59/><D59/><U6/><E39/><V105/><F105/><W7/><G90/><AGARI ba="1,1" hai="12,16,22,52,55,82,85,90" m="11338,55687" machi="90" ten="30,11600,0" yaku="8,1,54,3" doraHai="132" who="2" fromWho="3" sc="235,0,203,0,275,129,277,-119" /><INIT seed="2,2,0,1,5,76" ten="235,203,404,158" oya="2" hai0="126,81,39,12,111,77,103,107,44,7,67,57,135" hai1="75,61,93,59,122,96,97,38,19,91,24,31,20" hai2="8,125,70,87,79,69,17,64,94,55,6,40,15" hai3="116,78,104,60,89,106,33,127,133,123,84,82,13"/><V99/><F125/><W66/><G123/><T42/><D126/><U53/><E122/><V117/><F117/><W110/><G127/><T54/><D111/><U25/><E38/><V128/><F128/><W1/><G116/><T90/><D135/><U27/><E75/><V134/><F134/><W58/><G133/><T43/><D43/><U16/><E97/><V98/><F40/><W120/><G1/><T48/><D90/><U36/><E36/><V71/><F55/><W132/><G120/><T50/><D67/><U100/><E100/><V47/><F47/><W129/><G110/><T105/><D103/><U68/><E68/><V35/><F35/><W109/><G129/><T85/><REACH who="0" step="1"/><D39/><REACH who="0" ten="225,203,404,158" step="2"/><U119/><E119/><V88/><F64/><W130/><G109/><T118/><D118/><U114/><E114/><V21/><REACH who="2" step="1"/><F79/><REACH who="2" ten="225,203,394,158" step="2"/><W74/><G132/><T92/><D92/><U56/><E93/><V49/><F49/><W23/><G130/><T26/><D26/><AGARI ba="2,2" hai="6,8,15,17,21,26,69,70,71,87,88,94,98,99" machi="26" ten="40,7700,0" yaku="1,1,54,1,53,1" doraHai="76" doraHaiUra="3" who="2" fromWho="0" sc="225,-83,203,0,394,103,158,0" /><INIT seed="2,3,0,1,5,22" ten="142,203,497,158" oya="2" hai0="21,24,93,12,103,110,0,100,36,59,29,19,81" hai1="105,91,70,23,106,6,43,111,32,121,119,89,102" hai2="126,115,8,60,130,82,47,92,49,85,122,40,67" hai3="65,78,131,99,18,97,11,64,41,50,77,132,94"/><V72/><F122/><W123/><G132/><T90/><D110/><U5/><E119/><V107/><F107/><W125/><G131/><T56/><D0/><U124/><E32/><V84/><F72/><W39/><G125/><T52/><D36/><U73/><E70/><V109/><F115/><W14/><G39/><T51/><D81/><U120/><E43/><V128/><F109/><W96/><G94/><T55/><D55/><U108/><E23/><V27/><F126/><W117/><G117/><T3/><D59/><U30/><E124/><V16/><F92/><W48/><G123/><T35/><REACH who="0" step="1"/><D3/><REACH who="0" ten="132,203,497,158" step="2"/><U9/><E108/><V4/><F82/><W101/><G101/><T61/><D61/><U95/><E111/><V66/><F128/><W127/><G127/><T116/><D116/><U135/><E102/><V129/><F130/><W69/><G69/><T112/><D112/><U46/><E121/><V58/><F129/><W34/><G34/><T53/><D53/><U15/><E120/><V79/><F66/><N who="3" m="25707" /><G41/><T44/><D44/><U33/><E46/><V76/><F76/><AGARI ba="3,1" hai="11,14,18,48,50,76,77,78,96,97,99" m="25707" machi="76" ten="30,1000,0" yaku="8,1" doraHai="22" who="3" fromWho="2" sc="132,0,203,0,497,-19,158,29" /><INIT seed="3,0,0,5,5,120" ten="132,203,478,187" oya="3" hai0="129,54,81,68,125,32,5,108,121,72,2,15,73" hai1="69,94,52,18,134,10,13,44,21,1,85,127,101" hai2="46,115,135,67,23,118,74,56,71,22,66,130,47" hai3="119,37,45,26,58,59,63,48,110,3,87,41,40"/><W62/><G119/><T99/><D121/><U36/><E69/><V122/><F22/><W31/><G3/><T34/><D68/><U83/><E127/><V93/><F23/><W112/><G112/><T35/><D99/><N who="1" m="59639" /><E36/><V106/><F93/><W77/><G110/><T65/><D65/><U50/><E134/><V117/><F56/><W6/><G6/><T60/><D60/><U55/><E1/><V86/><F86/><W7/><G7/><T14/><D54/><N who="1" m="30023" /><E21/><V123/><F106/><W33/><G41/><T70/><D81/><U95/><E95/><V89/><F89/><AGARI ba="0,0" hai="10,13,18,52,55,83,85,89" m="30023,59639" machi="89" ten="30,3900,0" yaku="25,1,8,1,54,1" doraHai="120" who="1" fromWho="2" sc="132,0,203,39,478,-39,187,0" /><INIT seed="4,0,0,1,1,36" ten="132,242,439,187" oya="0" hai0="2,37,26,33,52,40,51,135,77,59,102,75,78" hai1="28,117,0,95,107,57,17,4,63,80,111,84,85" hai2="67,113,87,127,86,29,125,91,133,69,122,61,120" hai3="112,109,97,13,32,74,20,124,100,49,89,93,1"/><T34/><D135/><U116/><E111/><V92/><F113/><W114/><G109/><T88/><D102/><U65/><E107/><V121/><F29/><W96/><G32/><T18/><D2/><U19/><E28/><V134/><F87/><W94/><G1/><T130/><D130/><U119/><E95/><V15/><F15/><W98/><G49/><N who="0" m="31119" /><D75/><U11/><REACH who="1" step="1"/><E85/><REACH who="1" ten="132,232,439,187" step="2"/><V16/><F133/><W5/><G74/><T132/><D132/><U81/><E81/><V47/><F134/><W10/><G124/><T8/><D34/><U104/><E104/><V101/><F127/><W105/><REACH who="3" step="1"/><G20/><REACH who="3" ten="132,232,439,177" step="2"/><T27/><D33/><U129/><E129/><V64/><F125/><W70/><G70/><T14/><D37/><U54/><E54/><V62/><F69/><W123/><G123/><T106/><D106/><U44/><E44/><V131/><F47/><W128/><G128/><T90/><D40/><U42/><E42/><V53/><F131/><W66/><G66/><T115/><D115/><U83/><E83/><V71/><F53/><W24/><G24/><N who="0" m="9259" /><D51/><U35/><E35/><V39/><F39/><W50/><G50/><T73/><D73/><U12/><E12/><V55/><F122/><W41/><G41/><T38/><D38/><U6/><E6/><V58/><F121/><W7/><G7/><T99/><D99/><U103/><E103/><AGARI ba="0,2" hai="5,10,13,89,93,94,96,97,98,100,103,105,112,114" machi="103" ten="40,1300,0" yaku="1,1,53,0" doraHai="36" doraHaiUra="23" who="3" fromWho="1" sc="132,0,232,-13,439,0,177,33" /><INIT seed="5,0,0,2,0,64" ten="132,219,439,210" oya="1" hai0="99,129,81,4,69,15,79,114,123,100,66,117,31" hai1="92,60,23,82,29,30,45,5,27,109,47,94,49" hai2="98,13,1,76,8,73,127,105,101,118,0,2,85" hai3="93,91,37,65,110,12,34,95,63,21,62,48,54"/><U67/><E109/><V42/><F118/><W103/><G34/><T6/><D117/><U3/><E29/><V130/><F127/><W39/><G110/><T9/><D114/><U87/><E5/><V75/><F130/><W18/><G39/><T83/><D129/><U132/><E132/><V120/><F120/><W128/><G37/><T44/><D123/><U97/><E3/><V59/><F42/><W108/><G108/><T125/><D125/><U53/><E45/><V57/><F85/><W126/><G126/><T32/><D44/><U106/><E106/><V41/><F41/><W96/><G65/><T80/><D4/><U11/><E11/><V107/><F107/><W119/><G128/><T86/><D31/><U104/><E104/><V113/><F113/><W43/><G43/><T36/><D32/><U17/><E97/><V28/><F28/><W38/><G38/><T88/><D36/><U112/><E30/><V72/><F76/><W70/><G70/><T50/><D50/><U33/><E112/><V58/><F13/><W19/><G19/><T121/><D121/><U115/><E33/><V20/><F20/><W68/><G68/><T14/><D14/><U46/><E46/><V26/><F26/><W74/><G74/><T52/><D52/><U40/><E40/><V7/><AGARI ba="0,0" hai="0,1,2,7,8,57,58,59,72,73,75,98,101,105" machi="7" ten="40,1500,0" yaku="0,1" doraHai="64" who="2" fromWho="2" sc="132,-4,219,-7,439,15,210,-4" /><INIT seed="6,0,0,4,1,26" ten="128,212,454,206" oya="2" hai0="29,27,68,66,49,8,112,18,126,95,34,58,47" hai1="83,45,106,25,111,114,44,70,127,21,61,64,67" hai2="30,32,102,123,33,69,75,116,122,100,94,81,31" hai3="72,119,80,134,54,16,4,105,110,12,62,132,50"/><V71/><F94/><W99/><G110/><T3/><D112/><U0/><E111/><V118/><F81/><W42/><G119/><T87/><D126/><U46/><E127/><V10/><F10/><W37/><G4/><T120/><D120/><U28/><E114/><V36/><F36/><W57/><G37/><T55/><D68/><U48/><E0/><V124/><F124/><W84/><G72/><AGARI ba="0,0" hai="30,31,32,33,69,71,72,75,100,102,116,118,122,123" machi="72" ten="25,9600,0" yaku="22,2,52,2" doraHai="26" who="2" fromWho="3" sc="128,0,212,0,454,96,206,-96" /><INIT seed="6,1,0,1,2,31" ten="128,212,550,110" oya="2" hai0="86,43,112,39,130,36,44,30,17,53,95,83,103" hai1="101,82,2,62,129,68,66,96,41,25,100,19,21" hai2="4,28,42,93,29,80,69,120,81,47,3,111,63" hai3="75,5,35,32,72,109,78,71,104,26,115,40,122"/><V11/><F120/><W59/><G59/><T51/><D112/><U99/><E2/><V52/><F111/><W126/><G26/><T127/><D127/><U123/><E123/><V23/><F93/><W73/><G122/><T46/><D130/><U88/><E129/><V20/><F29/><W1/><G126/><T77/><D30/><U131/><E131/><V34/><F80/><N who="3" m="45127" /><G109/><T132/><D132/><U74/><E41/><V9/><F9/><N who="3" m="2223" /><G40/><T105/><D17/><U114/><E114/><V37/><F28/><W64/><G115/><T76/><D105/><U98/><REACH who="1" step="1"/><E74/><REACH who="1" ten="128,202,550,110" step="2"/><N who="3" m="28170" /><G104/><T15/><D43/><U50/><E50/><V22/><F42/><W117/><G117/><T54/><D51/><U8/><E8/><V102/><F11/><W61/><AGARI ba="1,1" hai="32,35,61,64,71" m="28170,2223,45127" machi="61" ten="30,7900,0" yaku="33,2,52,2" doraHai="31" who="3" fromWho="3" sc="128,-21,202,-21,550,-40,110,92" /><INIT seed="7,0,0,0,1,30" ten="107,181,510,202" oya="3" hai0="124,86,88,128,32,120,117,133,41,93,46,62,94" hai1="13,52,72,113,16,78,2,100,116,47,39,111,6" hai2="5,31,37,80,101,42,53,27,103,61,130,23,76" hai3="104,135,36,51,85,60,63,22,55,9,112,34,73"/><W29/><G73/><T38/><D117/><U14/><E111/><V77/><F37/><W84/><G36/><T123/><D124/><U57/><E116/><V82/><F42/><W68/><G104/><T83/><D133/><U1/><E100/><V119/><F130/><W33/><G9/><T64/><D128/><U107/><E107/><V97/><F119/><W121/><G121/><T127/><D127/><U49/><E113/><V110/><F110/><W50/><G135/><T0/><D0/><U99/><E99/><V12/><F82/><W43/><G43/><T15/><D15/><U90/><E90/><V35/><F35/><W106/><G106/><T19/><D19/><U125/><E125/><V134/><F134/><W24/><G50/><T40/><D40/><N who="1" m="22943" /><E16/><V79/><F80/><W118/><G112/><T126/><D126/><U25/><E25/><V44/><F97/><W131/><G131/><T74/><D32/><N who="3" m="12393" /><G118/><T45/><D45/><U3/><E3/><V21/><F44/><N who="3" m="28135" /><G68/><T4/><D4/><U58/><E58/><N who="2" m="35023" /><F21/><W122/><G122/><T89/><D74/><U67/><E67/><V66/><F66/><W87/><G22/><T109/><D109/><U69/><E69/><V7/><F7/><W54/><G54/><T26/><D26/><U18/><E18/><V96/><F96/><W71/><G71/><T95/><D89/><U114/><E114/><V10/><AGARI ba="0,0" hai="5,10,12,23,27,31,76,77,79,101,103" m="35023" machi="10" ten="30,1100,0" yaku="8,1" doraHai="30" who="2" fromWho="2" sc="107,-3,181,-3,510,11,202,-5" owari="104,-40.0,178,-22.0,521,62.0,197,0.0" /></mjloggm>