<mjloggm ver="2.3"><GO type="41" lobby="0"/><UN n0="%31%39%31%34%79%61%73%75" n1="%E3%82%A2%E3%82%AF%E3%82%B9%E3%82%B1" n2="%E3%83%AA%E3%82%A2%E3%83%B3" n3="%E5%B0%B1%E6%B4%BB%E7%94%9F%40%E5%B7%9D%E6%9D%91%E8%BB%8D%E5%9B%A3" dan="14,14,13,17" rate="1905.62,1961.26,1897.22,2180.85" sx="M,M,M,M"/><TAIKYOKU oya="0"/><INIT seed="0,0,0,5,1,118" ten="250,250,250,250" oya="0" hai0="76,109,95,121,58,11,124,113,111,92,56,67,20" hai1="120,44,90,89,49,37,66,34,79,7,117,13,104" hai2="39,18,82,116,83,59,129,123,87,100,112,107,55" hai3="57,6,40,53,8,16,94,108,125,97,51,33,12"/><T38/><D38/><U32/><E117/><V130/><F116/><W52/><G108/><N who="0" m="41547" /><D113/><U72/><E104/><V114/><F39/><W26/><G125/><T102/><D124/><U15/><E37/><V84/><F18/><W10/><G33/><T133/><D76/><U86/><E72/><V27/><F27/><W19/><G40/><T43/><D43/><U68/><E79/><V4/><F4/><W131/><G131/><T29/><D11/><U45/><E7/><V14/><F14/><N who="3" m="5399" /><G53/><T71/><D71/><U99/><E68/><V60/><F107/><W2/><G2/><T126/><D126/><U128/><E66/><V134/><F100/><N who="3" m="60471" /><G19/><T103/><D103/><U78/><E78/><V106/><F106/><W30/><G26/><N who="0" m="16583" /><D95/><U96/><E128/><V24/><F24/><W122/><G122/><T5/><D5/><U75/><E75/><V47/><F123/><W91/><G91/><T3/><D3/><U21/><E120/><V98/><F129/><W74/><G74/><T85/><D121/><U115/><E115/><V88/><F130/><W48/><G30/><T101/><D101/><U70/><E70/><V61/><F114/><W132/><G132/><T41/><D41/><U110/><E110/><V93/><F134/><W54/><G54/><T64/><D133/><U25/><E90/><V62/><F112/><W81/><G81/><T80/><D80/><U63/><E89/><V105/><F105/><W69/><G69/><T36/><D36/><U31/><E31/><V23/><F83/><W28/><G28/><T0/><D0/><U22/><E34/><RYUUKYOKU ba="0,0" sc="250,-10,250,-10,250,-10,250,30" hai3="10,12,16,48,51,52,57" /><INIT seed="1,1,0,3,3,33" ten="240,240,240,280" oya="1" hai0="123,40,77,16,47,127,13,135,84,59,67,106,56" hai1="120,15,89,71,66,10,128,20,78,85,93,9,1" hai2="26,60,18,126,99,42,132,17,70,124,74,105,82" hai3="113,29,111,5,121,103,0,130,65,50,90,48,4"/><U134/><E120/><V98/><F42/><W61/><G121/><T44/><D106/><U101/><E134/><V2/><F132/><W25/><G113/><T94/><D135/><U53/><E128/><V100/><F99/><W107/><G90/><T69/><D69/><U31/><E78/><V63/><F2/><W118/><G5/><T23/><D123/><U43/><E43/><V129/><F129/><W88/><G88/><T6/><D6/><U28/><E1/><V35/><F82/><W87/><G87/><T131/><D131/><U27/><E31/><N who="2" m="19959" /><F74/><W8/><G111/><T92/><D127/><N who="2" m="48682" /><F63/><W51/><G118/><T117/><D117/><U75/><E75/><V39/><F39/><W55/><G130/><T12/><D40/><U112/><E112/><V115/><F115/><W57/><G103/><T14/><D67/><AGARI ba="1,0" hai="17,18,60,67,70,98,100,105" m="48682,19959" machi="67" ten="30,2000,0" yaku="25,1,18,1" doraHai="33" who="2" fromWho="0" sc="240,-23,240,0,240,23,280,0" /><INIT seed="2,0,0,1,4,92" ten="217,240,263,280" oya="2" hai0="83,58,66,125,116,26,49,43,114,93,108,115,104" hai1="25,84,88,102,122,121,17,47,22,62,20,46,51" hai2="78,96,16,11,38,37,73,36,24,112,130,61,31" hai3="60,10,110,6,111,95,100,55,18,91,113,56,34"/><V119/><F112/><W71/><G34/><T45/><D104/><U80/><E62/><V86/><F119/><W132/><G113/><T19/><D116/><U32/><E32/><V77/><F73/><W94/><G132/><T117/><D117/><U27/><E102/><V109/><F130/><W70/><G100/><T76/><D125/><U14/><E47/><V23/><F109/><N who="3" m="41483" /><G18/><T0/><D0/><U103/><E103/><V1/><F61/><W28/><G28/><T105/><D105/><U75/><E75/><V120/><F120/><N who="1" m="46185" /><E22/><V29/><F77/><W40/><G40/><AGARI ba="0,0" hai="14,17,20,25,27,40,46,51,80,84,88" m="46185" machi="40" ten="30,2000,0" yaku="13,1,54,1" doraHai="92" who="1" fromWho="3" sc="217,0,240,20,263,0,280,-20" /><INIT seed="3,0,0,2,3,15" ten="217,260,263,260" oya="3" hai0="29,2,86,88,100,0,74,113,36,115,3,14,81" hai1="84,39,8,26,34,20,131,65,90,134,123,25,45" hai2="129,43,16,110,7,52,130,55,91,61,48,62,112" hai3="49,76,27,87,23,64,94,105,128,11,114,54,106"/><W59/><G114/><N who="0" m="43531" /><D36/><U102/><E123/><V93/><F7/><W10/><G128/><N who="2" m="49257" /><F112/><W50/><G64/><T66/><D66/><U60/><E131/><V69/><F110/><W109/><G109/><T111/><D29/><U71/><E134/><V104/><F104/><W37/><G37/><T70/><D70/><U89/><E34/><V122/><F122/><W24/><G24/><T58/><D74/><U118/><E118/><V9/><F43/><W41/><G105/><T19/><D100/><U18/><E102/><V4/><F4/><W79/><G106/><T83/><D58/><U101/><E101/><V31/><F31/><W80/><G79/><T63/><D63/><N who="2" m="24074" /><F69/><W78/><G94/><N who="0" m="54551" /><D111/><U67/><E67/><V57/><F55/><W125/><G78/><T127/><D127/><U97/><E39/><V75/><F75/><W32/><G125/><T38/><D38/><U13/><E97/><N who="2" m="57535" /><F9/><AGARI ba="0,0" hai="0,2,3,9,14,19,81,83" m="54551,43531" machi="9" ten="40,5200,0" yaku="11,1,52,1,54,1" doraHai="15" who="0" fromWho="2" sc="217,52,260,0,263,-52,260,0" /><INIT seed="4,0,0,4,4,53" ten="269,260,211,260" oya="0" hai0="29,32,26,66,70,61,8,6,119,56,49,83,55" hai1="115,9,99,123,27,23,39,96,75,24,105,103,52" hai2="101,34,81,71,45,132,38,72,40,36,3,93,111" hai3="118,128,59,33,51,37,30,117,120,108,50,13,10"/><T131/><D131/><U0/><E123/><V41/><F93/><W124/><G37/><T77/><D119/><U60/><E39/><V48/><F48/><W17/><G108/><T135/><D135/><U89/><E75/><V46/><F101/><W14/><G120/><T18/><D18/><U130/><E130/><V22/><F22/><W88/><G124/><T133/><D133/><U134/><E134/><V28/><F132/><W97/><G128/><T20/><D32/><U16/><E115/><V54/><F54/><W73/><G73/><T68/><D83/><U7/><E27/><V109/><F71/><W121/><G121/><T125/><D125/><U94/><E60/><V112/><F112/><W74/><G74/><T82/><D82/><U47/><E47/><V76/><F3/><W90/><G33/><T127/><D127/><U43/><REACH who="1" step="1"/><E52/><REACH who="1" ten="269,250,211,260" step="2"/><V98/><F98/><W129/><G97/><T80/><D6/><U42/><AGARI ba="0,1" hai="0,7,9,16,23,24,42,43,89,94,96,99,103,105" machi="42" ten="30,8000,1" yaku="1,1,2,1,0,1,54,1,53,1" doraHai="53" doraHaiUra="84" who="1" fromWho="1" sc="269,-40,250,90,211,-20,260,-20" /><INIT seed="5,0,0,2,4,18" ten="229,340,191,240" oya="1" hai0="51,2,119,92,53,114,11,128,44,74,45,135,126" hai1="113,117,55,120,134,33,37,108,115,68,69,129,54" hai2="32,59,1,122,67,130,24,50,43,80,60,105,42" hai3="110,109,6,52,14,61,8,39,121,9,5,38,65"/><U7/><E120/><V84/><F105/><W64/><G121/><T71/><D74/><U28/><E117/><V102/><F102/><W70/><G65/><T131/><D2/><U20/><E33/><V78/><F1/><W86/><G86/><T127/><D11/><U106/><E106/><V66/><F122/><W118/><G118/><T101/><D92/><U91/><E7/><V133/><F130/><N who="0" m="49706" /><D101/><U41/><E129/><V111/><F111/><W72/><G72/><T31/><D31/><U26/><E134/><V46/><F133/><W93/><G93/><T4/><D4/><U63/><E91/><V99/><F99/><W22/><G110/><T35/><D35/><U25/><E108/><V98/><F98/><W87/><G87/><T73/><D73/><U94/><E26/><V76/><F67/><W58/><G109/><T123/><D119/><U19/><E94/><V34/><F42/><W3/><REACH who="3" step="1"/><G22/><REACH who="3" ten="229,340,191,230" step="2"/><T116/><D116/><U13/><E20/><V23/><REACH who="2" step="1"/><F76/><REACH who="2" ten="229,340,181,230" step="2"/><W10/><G10/><T27/><D123/><U100/><E115/><V96/><F96/><W112/><G112/><T103/><D114/><U83/><E113/><V16/><AGARI ba="0,2" hai="16,23,24,32,34,43,46,50,59,60,66,78,80,84" machi="16" ten="20,8000,1" yaku="1,1,0,1,7,1,52,1,54,1,53,0" doraHai="18" doraHaiUra="48" who="2" fromWho="2" sc="229,-20,340,-40,181,100,230,-20" /><INIT seed="6,0,0,5,3,106" ten="209,300,281,210" oya="2" hai0="74,115,45,22,111,42,15,48,118,5,9,1,63" hai1="77,13,90,49,124,121,53,129,120,97,26,85,30" hai2="56,83,44,71,7,62,100,119,81,47,8,135,55" hai3="126,10,75,82,23,88,65,122,58,18,64,87,114"/><V125/><F119/><W31/><G122/><T43/><D111/><U130/><E13/><V110/><F110/><W24/><G126/><T2/><D115/><U54/><E124/><V69/><F125/><W102/><G114/><T91/><D118/><U113/><E113/><V50/><F135/><W36/><G36/><T0/><D63/><U17/><E17/><V28/><F100/><W109/><G109/><T107/><D107/><U14/><E14/><V101/><F101/><W128/><G128/><N who="1" m="49258" /><E97/><V3/><F28/><W46/><G102/><T133/><D133/><U98/><E98/><V21/><F21/><W12/><G75/><T61/><D61/><U41/><E77/><V86/><F47/><W20/><G58/><T93/><D22/><N who="1" m="15703" /><E41/><V116/><F116/><W123/><G123/><N who="1" m="47178" /><E49/><V96/><F96/><W11/><G11/><T127/><D127/><U134/><E134/><V37/><F37/><W117/><G117/><T4/><D5/><U67/><E67/><V79/><REACH who="2" step="1"/><F81/><AGARI ba="0,0" hai="53,54,81,85,90" m="47178,15703,49258" machi="81" ten="30,2000,0" yaku="19,1,13,1" doraHai="106" who="1" fromWho="2" sc="209,0,300,20,281,-20,210,0" /><INIT seed="7,0,0,2,0,114" ten="209,320,261,210" oya="3" hai0="5,34,52,31,129,107,9,106,43,17,70,92,45" hai1="69,27,126,10,132,33,7,75,130,91,104,65,0" hai2="26,72,101,2,118,128,68,42,90,41,6,79,134" hai3="97,63,88,30,11,51,15,48,110,125,96,116,38"/><W62/><G116/><T86/><D70/><U103/><E104/><V46/><F68/><W83/><G38/><T61/><D129/><U20/><E75/><V19/><F101/><W76/><G125/><T39/><D34/><U64/><E126/><V105/><F105/><W13/><G30/><T59/><D31/><U55/><E132/><V111/><F42/><W127/><G127/><T78/><D17/><U84/><E130/><V80/><F128/><W73/><G110/><T121/><D121/><U3/><E103/><V23/><F90/><W71/><G15/><T50/><D39/><U99/><E99/><V36/><F111/><W119/><G119/><T123/><D123/><U47/><E0/><V109/><F109/><W16/><G96/><T135/><D135/><U77/><E77/><V58/><F58/><W94/><REACH who="3" step="1"/><G63/><REACH who="3" ten="209,320,261,200" step="2"/><T21/><D21/><U24/><E24/><V74/><F134/><W32/><G32/><T35/><D35/><U56/><E33/><V98/><F98/><W112/><G112/><T87/><D86/><U113/><E27/><V124/><F124/><W67/><AGARI ba="0,1" hai="11,13,16,48,51,62,67,71,73,76,83,88,94,97" machi="67" ten="30,11700,0" yaku="1,1,0,1,54,2,53,0" doraHai="114" doraHaiUra="108" who="3" fromWho="3" sc="209,-39,320,-39,261,-39,200,127" owari="170,-33.0,281,8.0,222,-18.0,327,43.0" /></mjloggm>