<mjloggm ver="2.3"><GO type="169" lobby="0"/><UN n0="%E5%AD%90%E7%AB%9C%EF%BC%90%EF%BC%93%EF%BC%90%EF%BC%98" n1="%68%61%72%75%72%75%39%31" n2="%6B%69%79%6F%64%61%69" n3="%E3%83%88%E3%83%88%E3%83%AA%E5%85%88%E7%94%9F%31%39%E6%AD%B3" dan="17,17,17,18" rate="2124.37,2100.18,2169.15,2266.19" sx="M,M,M,F"/><TAIKYOKU oya="0"/><INIT seed="0,0,0,1,1,23" ten="250,250,250,250" oya="0" hai0="84,36,51,39,103,94,123,61,40,88,30,46,120" hai1="71,126,117,66,111,95,47,134,44,9,53,48,3" hai2="133,76,19,92,57,119,77,12,105,24,59,90,21" hai3="63,5,27,37,113,50,34,125,31,28,128,43,18"/><T110/><D110/><U60/><E117/><V29/><F105/><W32/><G113/><T109/><D30/><U78/><E111/><V96/><F133/><W6/><G37/><T127/><D127/><U8/><E134/><V7/><F7/><W49/><G125/><T83/><D109/><U55/><E126/><V101/><F101/><W16/><G63/><T75/><D61/><U124/><E124/><V15/><F15/><W89/><G89/><T14/><D14/><U108/><E108/><V116/><F116/><W42/><REACH who="3" step="1"/><G27/><REACH who="3" ten="250,250,250,240" step="2"/><T54/><D39/><U132/><E132/><V10/><F119/><W122/><G122/><T79/><REACH who="0" step="1"/><D103/><REACH who="0" ten="240,250,250,240" step="2"/><U11/><E60/><V112/><F112/><W58/><G58/><AGARI ba="0,2" hai="36,40,46,51,54,58,75,79,83,84,88,94,120,123" machi="58" ten="30,12000,1" yaku="1,1,2,1,7,1,54,1,53,1" doraHai="23" doraHaiUra="72" who="0" fromWho="3" sc="240,140,250,0,250,0,240,-120" /><AGARI ba="0,0" hai="10,12,19,21,24,29,57,58,59,76,77,90,92,96" machi="58" ten="40,2600,0" yaku="8,1,52,1" doraHai="23" who="2" fromWho="3" sc="380,0,250,0,250,26,120,-26" /><INIT seed="0,1,0,0,2,88" ten="380,250,276,94" oya="0" hai0="43,130,12,39,10,7,95,29,119,9,106,42,135" hai1="110,117,118,41,80,25,70,30,54,23,60,79,75" hai2="40,82,127,53,101,121,45,99,2,134,133,131,27" hai3="89,16,86,122,129,17,36,67,8,81,76,108,65"/><T14/><D119/><U46/><E110/><V92/><F2/><W22/><G36/><T33/><D106/><U120/><E120/><V59/><F121/><W13/><G122/><T57/><D135/><N who="2" m="51722" /><F82/><W93/><G129/><T62/><D130/><U78/><E79/><V51/><F131/><W49/><G49/><T116/><D116/><U68/><E68/><V64/><F27/><W6/><G108/><T15/><D33/><U128/><E128/><V4/><F4/><W107/><G107/><T85/><D29/><U69/><E69/><V100/><F127/><W83/><G17/><T24/><D24/><U125/><E125/><V52/><F100/><W113/><G113/><T91/><D39/><U112/><E112/><V132/><N who="2" m="51730" /><V63/><AGARI ba="1,0" hai="40,45,51,52,53,59,63,64,92,99,101" m="51730" machi="63" ten="40,8000,1" yaku="4,1,20,1,52,1,54,1" doraHai="88" who="2" fromWho="2" sc="380,-41,250,-21,276,83,94,-21" /><INIT seed="1,0,0,4,5,100" ten="339,229,359,73" oya="1" hai0="66,75,65,1,82,59,29,22,128,117,21,41,3" hai1="58,113,45,131,110,5,34,84,13,49,35,20,97" hai2="17,53,40,104,12,93,111,26,0,4,115,102,46" hai3="11,47,28,55,63,23,48,42,70,126,62,33,14"/><U109/><E113/><V38/><F111/><N who="1" m="42505" /><E131/><V8/><F115/><W116/><G33/><T44/><D117/><U54/><E84/><V125/><F125/><W133/><G126/><T16/><D128/><U79/><E79/><V121/><F121/><W74/><G74/><T50/><D75/><U119/><E119/><V85/><F53/><W24/><G133/><T25/><D82/><U81/><E81/><V130/><F130/><W73/><G73/><T19/><D29/><U103/><E45/><V27/><F104/><W92/><G70/><T89/><D89/><U118/><E118/><V129/><F129/><W98/><G42/><T71/><D71/><U61/><E61/><V135/><F135/><W18/><REACH who="3" step="1"/><G116/><REACH who="3" ten="339,229,359,63" step="2"/><T106/><D106/><N who="1" m="63855" /><E35/><V68/><F68/><W6/><G6/><T36/><D36/><U123/><E34/><V15/><F4/><W86/><G86/><T87/><D87/><U80/><E123/><V78/><F38/><W107/><G107/><T91/><D91/><AGARI ba="0,1" hai="11,14,18,23,24,28,47,48,55,62,63,91,92,98" machi="91" ten="30,3900,0" yaku="1,1,7,1,8,1,53,0" doraHai="100" doraHaiUra="120" who="3" fromWho="0" sc="339,-39,229,0,359,0,63,49" /><INIT seed="2,0,0,2,4,97" ten="300,229,359,112" oya="2" hai0="75,110,115,51,73,101,134,133,5,29,41,47,52" hai1="105,90,46,19,17,93,117,54,77,128,68,107,53" hai2="44,20,122,26,123,11,79,64,36,35,12,102,114" hai3="2,48,9,60,103,30,100,40,74,58,50,106,28"/><V95/><F35/><W111/><G74/><T108/><D115/><U132/><E117/><V16/><F79/><W6/><G111/><N who="0" m="42539" /><D29/><N who="3" m="11369" /><G2/><T49/><D5/><U15/><E68/><V125/><F114/><W84/><G106/><T65/><D101/><N who="3" m="38985" /><G40/><T121/><D65/><U14/><E77/><V92/><F64/><N who="3" m="38935" /><G84/><T83/><D121/><U55/><E107/><V33/><F33/><W104/><G104/><T32/><D32/><U86/><E105/><V94/><F125/><W130/><G130/><T37/><D37/><U129/><E129/><V62/><F123/><W113/><G113/><T72/><D83/><U13/><E128/><V43/><F122/><W116/><G116/><T23/><D75/><U8/><E86/><V96/><REACH who="2" step="1"/><F62/><REACH who="2" ten="300,229,349,112" step="2"/><W81/><G81/><T67/><D73/><U45/><E45/><V76/><F76/><W25/><G25/><T21/><D72/><U10/><E46/><V57/><F57/><W31/><N who="3" m="11377" /><AGARI ba="0,1" hai="11,12,16,20,26,31,36,43,44,92,94,95,96,102" machi="31" ten="30,18000,2" yaku="1,1,3,1,7,1,52,1,54,1,53,1" doraHai="97" doraHaiUra="38" who="2" fromWho="3" sc="300,0,229,0,349,190,112,-180" owari="300,10.0,229,-17.0,539,64.0,-68,-57.0" /></mjloggm>