<mjloggm ver="2.3"><GO type="169" lobby="0"/><UN n0="%E3%82%8F%E3%81%91%E3%82%8F%E3%81%8B%E3%82%81" n1="%E7%88%86%E5%BC%BE%E4%BA%94%E9%83%8E%EF%BC%92" n2="%E3%82%A6%E3%83%AB%E3%83%88%E3%83%A9%E7%AB%8B%E7%9B%B4" n3="%E6%A1%9C%E4%BA%95%E3%81%95%E3%82%93" dan="16,17,17,17" rate="2098.38,2145.93,2200.53,2155.29" sx="M,M,M,M"/><TAIKYOKU oya="0"/><INIT seed="0,0,0,5,2,94" ten="250,250,250,250" oya="0" hai0="42,115,131,63,0,53,109,41,77,62,112,105,133" hai1="81,106,65,61,59,54,132,45,20,16,104,134,3" hai2="108,116,30,28,25,75,27,102,18,69,129,73,97" hai3="113,118,123,49,122,55,107,95,52,14,22,82,23"/><T56/><D105/><U92/><E3/><V66/><F18/><W48/><G107/><T58/><D77/><U117/><E117/><V130/><F116/><W12/><G118/><T11/><D0/><U8/><E8/><V128/><F108/><W43/><G43/><N who="0" m="16395" /><D11/><U103/><E81/><V31/><F66/><W33/><G82/><T96/><D96/><N who="1" m="59783" /><E65/><V114/><F69/><W6/><G95/><T85/><D85/><U15/><E45/><V111/><F114/><W83/><G83/><T24/><D24/><N who="2" m="9290" /><F111/><W88/><G33/><T71/><D109/><U64/><E64/><V87/><F87/><W46/><G46/><T1/><D1/><U91/><E91/><V5/><F5/><W32/><G32/><T26/><D71/><U21/><E20/><V80/><F80/><W38/><G38/><T101/><D101/><U35/><E35/><V84/><F84/><W110/><G110/><T44/><D115/><U119/><E119/><V98/><F102/><W51/><G113/><T70/><D70/><U121/><E121/><V67/><F67/><W135/><G6/><T86/><D86/><U50/><E50/><V4/><F4/><W40/><G51/><T29/><D112/><U72/><E72/><AGARI ba="0,0" hai="28,30,31,72,73,75,97,98,128,129,130" m="9290" machi="72" ten="40,8000,1" yaku="28,2,19,1,52,2" doraHai="94" who="2" fromWho="1" sc="250,0,250,-80,250,80,250,0" /><INIT seed="1,0,0,5,1,45" ten="250,170,330,250" oya="1" hai0="53,41,5,20,7,68,23,86,109,16,42,90,125" hai1="34,2,55,129,33,44,122,62,10,57,78,11,110" hai2="103,100,63,134,66,61,37,118,58,75,14,50,83" hai3="128,51,76,121,124,18,113,36,8,84,126,106,132"/><U35/><E122/><V32/><F37/><W115/><G36/><T91/><D68/><U93/><E110/><V117/><F32/><W26/><G121/><T97/><D109/><U29/><E129/><V104/><F134/><W67/><G106/><T9/><D125/><N who="3" m="48233" /><G132/><T59/><D23/><U74/><E29/><V85/><F75/><W40/><G128/><T82/><D91/><U79/><E93/><V27/><F27/><W46/><G67/><T95/><D97/><U94/><E94/><V133/><F133/><W107/><G107/><T25/><D82/><U119/><E119/><V12/><F66/><W71/><G71/><T17/><D17/><U56/><E44/><V112/><F58/><W88/><G76/><T31/><D31/><U4/><E74/><V15/><F15/><N who="3" m="7527" /><G26/><T77/><D77/><U120/><E120/><V130/><F104/><W72/><G72/><T96/><D86/><U127/><E127/><V131/><F85/><W105/><G105/><T123/><D123/><U70/><E70/><V38/><F38/><W39/><G39/><T6/><REACH who="0" step="1"/><D9/><REACH who="0" ten="240,170,330,250" step="2"/><U81/><E11/><V47/><F131/><W3/><G3/><T64/><D64/><U111/><E111/><V43/><F130/><W69/><G69/><T87/><D87/><U22/><E78/><V135/><F135/><W80/><AGARI ba="0,1" hai="40,46,51,80,84,88,113,115" m="7527,48233" machi="80" ten="30,4000,0" yaku="18,1,52,1,54,1" doraHai="45" who="3" fromWho="3" sc="240,-10,170,-20,330,-10,250,50" /><INIT seed="2,0,0,2,4,120" ten="230,150,320,300" oya="2" hai0="32,115,67,21,134,59,28,111,103,7,44,58,60" hai1="37,117,81,80,1,77,110,14,76,50,35,104,46" hai2="61,36,29,13,135,2,10,26,8,109,112,69,89" hai3="27,113,99,38,0,3,108,15,85,95,70,72,75"/><V74/><F74/><W127/><G38/><T52/><D115/><U123/><E104/><V43/><F36/><W31/><G70/><T90/><D32/><U11/><E35/><V114/><F43/><W64/><G64/><T22/><D103/><U57/><E123/><V132/><F89/><W24/><G113/><N who="2" m="43625" /><F61/><W88/><G127/><T106/><D106/><U86/><E117/><V124/><F69/><W105/><G75/><T126/><D126/><U19/><E37/><V51/><F51/><W100/><G27/><T33/><D44/><U73/><E1/><V48/><F48/><W55/><G55/><T116/><D116/><U53/><REACH who="1" step="1"/><E46/><REACH who="1" ten="230,140,320,300" step="2"/><V79/><F124/><W107/><G107/><T130/><D33/><U23/><E23/><V97/><F2/><W65/><G3/><T5/><D22/><U40/><E40/><V16/><F8/><W93/><G0/><T131/><D130/><U102/><E102/><V42/><F42/><W49/><G105/><T39/><D131/><U92/><E92/><V4/><F10/><W98/><G95/><T82/><D39/><U62/><E62/><V68/><F135/><W87/><G93/><T83/><D134/><U18/><E18/><V54/><F16/><W101/><G100/><T66/><D21/><U17/><E17/><V84/><F132/><W25/><G101/><T63/><D63/><U45/><E45/><V78/><F4/><W47/><G47/><T12/><D5/><U122/><E122/><V9/><F9/><W94/><G94/><T118/><D7/><U6/><E6/><V41/><F41/><RYUUKYOKU ba="0,1" sc="230,-10,140,30,320,-10,300,-10" hai1="11,14,19,50,53,57,73,76,77,80,81,86,110" /><INIT seed="3,1,1,1,5,23" ten="220,170,310,290" oya="3" hai0="0,6,64,24,73,62,5,76,84,20,125,105,32" hai1="86,28,116,97,12,131,35,45,98,41,1,10,27" hai2="134,94,65,75,104,90,100,43,53,124,18,126,106" hai3="130,8,9,39,16,46,48,96,119,91,54,56,67"/><W7/><G119/><T38/><D73/><U92/><E131/><V44/><F75/><W59/><G130/><T99/><D38/><U88/><E1/><V82/><F65/><W89/><G39/><T26/><D0/><U107/><E107/><V77/><F53/><W133/><G133/><T108/><D32/><U127/><E127/><N who="2" m="48683" /><F18/><W57/><G67/><T78/><D125/><U74/><E74/><N who="2" m="43319" /><F100/><W122/><G122/><T66/><D105/><U135/><E135/><V80/><F80/><W19/><G9/><T3/><D3/><U34/><E34/><V42/><F134/><W71/><G71/><T115/><D115/><U123/><E116/><V52/><F52/><W33/><G33/><T72/><D72/><U51/><REACH who="1" step="1"/><E123/><REACH who="1" ten="220,160,310,290" step="2"/><V36/><F42/><W129/><G129/><T110/><D110/><U113/><E113/><V111/><F111/><W22/><G96/><AGARI ba="1,2" hai="36,43,44,90,94,96,104,106" m="43319,48683" machi="96" ten="30,1000,0" yaku="18,1" doraHai="23" who="2" fromWho="3" sc="220,0,160,0,310,33,290,-13" /><INIT seed="4,0,0,0,0,61" ten="220,160,343,277" oya="0" hai0="28,92,37,79,103,66,35,31,84,82,4,12,132" hai1="54,77,80,91,56,115,131,116,118,30,130,117,15" hai2="25,113,43,111,78,81,129,50,119,127,47,51,11" hai3="109,26,94,126,38,13,125,68,105,88,123,67,52"/><T32/><D37/><U45/><E30/><V21/><F111/><W23/><G109/><T75/><D32/><U42/><E91/><V57/><F113/><W134/><G105/><T85/><D35/><U65/><E15/><V36/><F129/><N who="1" m="49161" /><E80/><V95/><F127/><N who="3" m="48651" /><G38/><T70/><D70/><U60/><E77/><V112/><F112/><W62/><G134/><T69/><D69/><U8/><E8/><V104/><F104/><W29/><G123/><T20/><D75/><U9/><E9/><V27/><F11/><W83/><G83/><T64/><D132/><U5/><E5/><V90/><F119/><W48/><G13/><T110/><D110/><U3/><E3/><V128/><F128/><W93/><G88/><N who="0" m="53263" /><D103/><U96/><E96/><V63/><F81/><W133/><G133/><T101/><D101/><U71/><E115/><V34/><F34/><W22/><G22/><T89/><D4/><U72/><E72/><V122/><F122/><W40/><G40/><T86/><D86/><U97/><E97/><V102/><F102/><W16/><G29/><N who="0" m="11339" /><D79/><U76/><E76/><V55/><F78/><W2/><G2/><T108/><D108/><U73/><E73/><V6/><F6/><W44/><AGARI ba="0,0" hai="16,23,26,44,48,52,62,67,68,93,94" m="48651" machi="44" ten="30,7900,0" yaku="18,1,52,1,54,2" doraHai="61" who="3" fromWho="3" sc="220,-39,160,-20,343,-20,277,79" /><INIT seed="5,0,0,5,4,94" ten="181,140,323,356" oya="1" hai0="5,106,21,120,49,116,0,79,51,107,15,78,10" hai1="46,97,29,25,103,13,61,96,114,99,132,9,126" hai2="64,54,44,66,42,95,112,36,12,82,38,47,101" hai3="58,98,70,67,6,30,26,76,100,72,119,113,77"/><U8/><E126/><V123/><F123/><W133/><G72/><T35/><D116/><U134/><E114/><V52/><F82/><W127/><G70/><T3/><D120/><U53/><E103/><V4/><F12/><W68/><G68/><T93/><D93/><U92/><E92/><V7/><F95/><N who="3" m="58463" /><G133/><N who="1" m="51306" /><E13/><V87/><F87/><W43/><G113/><T48/><D35/><N who="1" m="20911" /><E61/><V50/><F101/><W17/><G6/><T80/><D79/><U40/><E53/><N who="2" m="29919" /><F4/><W89/><G89/><T83/><D83/><U55/><E55/><N who="2" m="21035" /><F7/><W18/><G43/><T37/><D106/><U23/><E23/><V62/><F112/><W111/><G127/><T124/><D107/><U65/><E65/><N who="2" m="25195" /><F62/><N who="3" m="38359" /><G119/><T130/><D3/><U117/><E117/><V118/><F118/><W74/><G74/><T2/><D2/><U59/><E59/><V84/><F84/><W19/><G111/><T110/><D110/><U63/><E63/><V108/><F108/><W86/><G86/><T60/><D0/><U39/><AGARI ba="0,0" hai="8,9,39,40,46,96,97,99" m="20911,51306" machi="39" ten="30,11700,0" yaku="20,1,52,3" doraHai="94" who="1" fromWho="1" sc="181,-39,140,117,323,-39,356,-39" /><INIT seed="5,1,0,1,0,112" ten="142,257,284,317" oya="1" hai0="24,33,30,122,66,79,117,85,64,106,94,32,123" hai1="133,130,38,65,87,37,75,26,57,118,99,98,48" hai2="132,12,91,14,43,108,29,80,23,107,58,72,95" hai3="125,124,104,67,109,9,52,128,20,63,49,111,22"/><U81/><E75/><V55/><F107/><W11/><G104/><T73/><D106/><U83/><E133/><V7/><F108/><W82/><G82/><T126/><D73/><U46/><E130/><V3/><F132/><W19/><G128/><T100/><D33/><U47/><E118/><V121/><F121/><N who="0" m="46090" /><D126/><N who="3" m="48745" /><G11/><T21/><D32/><U18/><E83/><V17/><F43/><W105/><G9/><T70/><D79/><U129/><E129/><V4/><F29/><W59/><G105/><T0/><D0/><U1/><E1/><V54/><F12/><N who="3" m="9319" /><G22/><T71/><D71/><AGARI ba="1,0" hai="49,52,59,63,67,71,109,111" m="9319,48745" machi="71" ten="30,2000,0" yaku="18,1,54,1" doraHai="112" who="3" fromWho="0" sc="142,-23,257,0,284,0,317,23" /><INIT seed="6,0,0,4,2,46" ten="119,257,284,340" oya="2" hai0="70,128,92,85,31,81,54,108,111,84,80,82,33" hai1="13,6,55,19,91,59,62,38,7,113,71,112,78" hai2="12,60,18,58,121,126,51,132,53,26,131,107,96" hai3="127,20,76,74,114,16,63,100,39,65,44,115,72"/><V48/><F121/><W50/><G39/><T21/><D70/><U4/><E38/><V5/><F131/><W98/><G127/><T41/><D33/><U101/><E71/><V24/><F126/><W73/><G76/><T15/><D41/><U94/><E101/><V3/><F3/><W11/><G11/><T57/><D128/><U86/><E78/><V120/><F120/><W2/><G2/><T47/><D47/><U14/><E14/><V125/><F125/><W64/><G98/><T122/><D122/><U75/><E75/><V36/><F36/><W90/><G90/><T117/><D117/><U66/><E66/><V104/><F104/><W1/><G100/><T123/><D123/><U87/><E87/><V83/><F107/><W105/><G105/><T103/><D103/><U130/><E130/><V40/><F5/><W129/><G1/><T61/><D31/><U35/><E35/><V30/><F30/><W0/><G0/><T134/><D134/><U106/><E106/><V119/><F119/><W109/><G129/><T89/><D84/><U22/><AGARI ba="0,0" hai="4,6,7,13,19,22,55,59,62,86,91,94,112,113" machi="22" ten="30,1100,0" yaku="0,1" doraHai="46" who="1" fromWho="1" sc="119,-3,257,11,284,-5,340,-3" /><INIT seed="7,0,0,1,2,83" ten="116,268,279,337" oya="3" hai0="22,59,69,110,134,76,79,103,129,11,126,48,130" hai1="125,33,77,64,94,51,19,86,5,29,108,27,73" hai2="40,115,18,118,78,87,45,114,132,49,89,42,71" hai3="37,97,60,44,81,102,1,99,116,133,32,121,72"/><W127/><G121/><T50/><D69/><U107/><E107/><V90/><F71/><W88/><G116/><T23/><D110/><U3/><E125/><V61/><F118/><W106/><G32/><T24/><D11/><U112/><E108/><V63/><F78/><N who="0" m="29738" /><D103/><U66/><E73/><V57/><F132/><W39/><G1/><T58/><D24/><U15/><E51/><N who="0" m="19497" /><D126/><U101/><E101/><V131/><F131/><N who="0" m="50186" /><D134/><U70/><E70/><V21/><F42/><W98/><G102/><T104/><D104/><U91/><E3/><V84/><F90/><W95/><G81/><T10/><D10/><U53/><E77/><V128/><F89/><W9/><G9/><T30/><D30/><U124/><E124/><V43/><F43/><W119/><G88/><T54/><D54/><U31/><E31/><V75/><F75/><W109/><G72/><T16/><D16/><U41/><E41/><V12/><F128/><W38/><G99/><T8/><D8/><U135/><E53/><V6/><F6/><W25/><G98/><T82/><D82/><U4/><E135/><V105/><F105/><W120/><G97/><T28/><D28/><U117/><E4/><V7/><F7/><W56/><G39/><T26/><D26/><U74/><E5/><V96/><F96/><W80/><G38/><T55/><D55/><U46/><E27/><V68/><F68/><W85/><G25/><T36/><D36/><U67/><E29/><V100/><F100/><W123/><G37/><T52/><D52/><U65/><E91/><V122/><F18/><W2/><G133/><RYUUKYOKU ba="0,0" sc="116,30,268,-10,279,-10,337,-10" hai0="22,23,58,59" owari="146,-35.0,258,-14.0,269,7.0,327,42.0" /></mjloggm>