<mjloggm ver="2.3"><GO type="169" lobby="0"/><UN n0="%E2%91%A3%E3%82%BB%E3%83%B3%E3%83%81" n1="%52%69%2D%4D%6F%2D" n2="%E5%B0%B1%E6%B4%BB%E7%94%9F%40%E5%B7%9D%E6%9D%91%E8%BB%8D%E5%9B%A3" n3="%73%61%69%72%61%73%75" dan="18,17,18,17" rate="2178.04,2194.43,2184.63,2151.04" sx="M,M,M,M"/><TAIKYOKU oya="0"/><INIT seed="0,0,0,4,0,76" ten="250,250,250,250" oya="0" hai0="67,133,1,19,128,79,50,127,46,32,14,39,123" hai1="16,70,125,27,56,90,124,106,33,54,25,110,122" hai2="11,119,116,28,23,82,44,38,12,129,35,6,3" hai3="52,112,95,102,48,69,81,61,77,80,118,100,24"/><T65/><D1/><U36/><E122/><V105/><F105/><W15/><G118/><N who="2" m="45097" /><F38/><W17/><G112/><T96/><D123/><U114/><E70/><V21/><F44/><W60/><G24/><T41/><D32/><U132/><E36/><V63/><F63/><N who="3" m="24139" /><G69/><T87/><D133/><U37/><E37/><V0/><F129/><W98/><G100/><T55/><D128/><U26/><E106/><V62/><F62/><W78/><G77/><T34/><D34/><U107/><E107/><V126/><F126/><W30/><G78/><T115/><D115/><U31/><E132/><V68/><F68/><W64/><G30/><T89/><D96/><U45/><E114/><V29/><F82/><W97/><G97/><T40/><D79/><U135/><E135/><V88/><F88/><W10/><G64/><N who="0" m="24651" /><D127/><U109/><E124/><V117/><N who="2" m="45105" /><V20/><DORA hai="91" /><F35/><W83/><G81/><N who="0" m="49391" /><D39/><U131/><E33/><V53/><F53/><W85/><G85/><T86/><D86/><U4/><E125/><V58/><F58/><AGARI ba="0,0" hai="10,15,17,48,52,58,80,83,95,98,102" m="24139" machi="58" ten="30,8000,1" yaku="8,1,52,3,54,1" doraHai="76,91" who="3" fromWho="2" sc="250,0,250,0,250,-80,250,80" /><INIT seed="1,0,0,5,0,134" ten="250,250,170,330" oya="1" hai0="117,50,57,122,20,14,5,116,84,64,93,98,126" hai1="19,25,76,66,23,77,1,21,49,11,86,130,128" hai2="111,3,96,102,9,43,131,13,15,92,22,107,121" hai3="33,59,113,42,36,75,88,62,12,35,108,82,56"/><U48/><E66/><V17/><F121/><W91/><G113/><T70/><D70/><U39/><E39/><V41/><F131/><N who="1" m="50217" /><E86/><V44/><F111/><W81/><G42/><T8/><D122/><U125/><E23/><V7/><F107/><W27/><G36/><T132/><D132/><U61/><E61/><V4/><F3/><W30/><G108/><T114/><D114/><U73/><E73/><V106/><F106/><W60/><G12/><T18/><D84/><U105/><E105/><V53/><REACH who="2" step="1"/><F4/><REACH who="2" ten="250,250,160,330" step="2"/><W34/><G34/><T100/><D117/><U78/><E125/><V112/><F112/><W109/><G35/><T45/><D116/><U0/><E0/><V69/><F69/><W74/><G109/><T115/><D115/><U32/><E32/><V31/><F31/><W103/><G30/><T124/><D64/><U47/><E47/><V110/><F110/><W71/><G33/><T55/><REACH who="0" step="1"/><D45/><REACH who="0" ten="240,250,160,330" step="2"/><U65/><E65/><V10/><F10/><W119/><G71/><T129/><D129/><U90/><E11/><V6/><F6/><W101/><G119/><T51/><D51/><AGARI ba="0,2" hai="7,9,13,15,17,22,41,43,44,51,53,92,96,102" machi="51" ten="40,2600,0" yaku="1,1,8,1,53,0" doraHai="134" doraHaiUra="26" who="2" fromWho="0" sc="240,-26,250,0,160,46,330,0" /><INIT seed="2,0,0,5,3,55" ten="214,250,206,330" oya="2" hai0="62,18,20,65,36,70,51,106,50,135,27,113,83" hai1="24,117,54,81,132,112,100,88,10,91,17,35,32" hai2="64,69,8,119,5,45,25,33,14,128,77,31,84" hai3="78,43,61,49,7,34,38,16,3,87,102,60,11"/><V68/><F119/><W63/><G34/><T125/><D113/><U108/><E117/><V48/><F64/><W66/><G38/><T15/><D36/><U6/><E112/><V103/><F103/><W90/><G78/><T56/><D125/><U85/><E108/><V47/><F47/><W19/><G102/><T67/><D135/><U134/><E100/><V53/><F128/><W28/><G28/><T121/><D106/><U52/><E91/><V79/><REACH who="2" step="1"/><F84/><REACH who="2" ten="214,250,196,330" step="2"/><W57/><G66/><T93/><D67/><U80/><E132/><V120/><F120/><W0/><G0/><T127/><D121/><U71/><E134/><V96/><F96/><W130/><G130/><T118/><D118/><U39/><E85/><V94/><F94/><W75/><G75/><T76/><D70/><AGARI ba="0,1" hai="5,8,14,25,31,33,45,48,53,68,69,70,77,79" machi="70" ten="40,2000,0" yaku="1,1,53,0" doraHai="55" doraHaiUra="97" who="2" fromWho="0" sc="214,-20,250,0,196,30,330,0" /><INIT seed="2,1,0,2,4,80" ten="194,250,226,330" oya="2" hai0="10,28,21,48,42,0,114,34,63,17,98,58,93" hai1="78,29,53,68,131,128,75,60,109,56,97,13,12" hai2="38,95,102,134,104,49,30,18,89,22,66,92,77" hai3="54,4,8,16,115,107,91,79,6,132,83,69,72"/><V118/><F38/><W45/><G69/><T112/><D34/><U121/><E109/><V123/><F118/><W33/><G33/><T81/><D42/><U96/><E29/><V87/><F123/><W59/><G107/><T46/><D46/><U41/><E121/><V7/><F134/><W74/><G115/><T61/><D48/><U130/><E41/><V24/><F77/><W26/><G72/><T32/><D32/><U62/><E75/><V116/><F116/><W9/><G45/><T2/><D63/><U99/><E78/><V73/><F73/><W76/><G76/><T125/><D125/><U51/><E62/><V111/><F111/><W122/><G132/><T1/><D81/><U64/><AGARI ba="1,0" hai="12,13,51,53,56,60,64,68,96,97,99,128,130,131" machi="64" ten="40,2700,0" yaku="0,1,19,1" doraHai="80" who="1" fromWho="1" sc="194,-8,250,30,226,-14,330,-8" /><INIT seed="3,0,0,4,0,32" ten="186,280,212,322" oya="3" hai0="86,115,58,114,31,102,70,74,39,117,108,90,71" hai1="47,63,69,30,3,35,37,132,76,23,38,56,119" hai2="26,33,87,99,78,94,88,92,72,34,53,52,13" hai3="104,44,89,4,27,79,49,61,65,127,96,50,128"/><W20/><G127/><T68/><D74/><U7/><E23/><V95/><F72/><W18/><G128/><T105/><D117/><U82/><E119/><V129/><F129/><W123/><G123/><T41/><D31/><U91/><E91/><N who="2" m="55711" /><F34/><W28/><G79/><T62/><D108/><U124/><E56/><V126/><F33/><W6/><G50/><T29/><D29/><U131/><E131/><V67/><F67/><W36/><G36/><T21/><D21/><U10/><E124/><V25/><F78/><W43/><G28/><T101/><D41/><U57/><E132/><V103/><F13/><W60/><G60/><T66/><D39/><U16/><E69/><V125/><F125/><W75/><G75/><T93/><REACH who="0" step="1"/><D105/><REACH who="0" ten="176,280,212,322" step="2"/><U112/><E37/><V134/><F126/><W73/><G73/><T42/><D42/><U83/><E38/><V55/><F134/><W111/><G104/><T45/><D45/><U84/><E47/><V109/><F109/><W19/><G111/><T116/><D116/><U122/><E35/><V113/><F113/><AGARI ba="0,1" hai="58,62,66,68,70,71,86,90,93,101,102,113,114,115" machi="113" ten="50,3200,0" yaku="1,1,11,1,53,0" doraHai="32" doraHaiUra="14" who="0" fromWho="2" sc="176,42,280,0,212,-32,322,0" /><INIT seed="4,0,0,2,2,65" ten="218,280,180,322" oya="0" hai0="34,8,133,124,75,38,104,53,81,97,50,122,55" hai1="21,23,45,82,103,100,15,5,85,47,91,37,24" hai2="7,28,120,99,94,12,95,58,77,90,6,61,78" hai3="131,87,107,79,73,109,30,76,71,125,114,27,129"/><T86/><D38/><U31/><E37/><V134/><F120/><W54/><G54/><T29/><D122/><U20/><E5/><V96/><F134/><W39/><G87/><T36/><D36/><U80/><E80/><V64/><F28/><W25/><G39/><T117/><D117/><U88/><E91/><V13/><F13/><W110/><G107/><T84/><D75/><U42/><E42/><V19/><F7/><W102/><G102/><T98/><D104/><U59/><E59/><V128/><F6/><W132/><G132/><T18/><D133/><U49/><E49/><V40/><F40/><W14/><G14/><T111/><D86/><U83/><E83/><V33/><F33/><W72/><G114/><T17/><D124/><U67/><E67/><V11/><REACH who="2" step="1"/><F128/><REACH who="2" ten="218,280,170,322" step="2"/><W41/><G30/><T52/><D29/><U60/><E15/><V10/><F10/><W112/><G41/><T106/><D34/><U2/><E31/><V32/><F32/><W48/><G131/><T89/><D8/><U113/><E23/><V56/><F56/><W108/><G129/><T69/><D18/><U135/><E21/><V0/><F0/><W127/><G110/><T3/><D17/><U22/><E22/><V123/><F123/><W68/><G48/><T70/><D111/><U1/><E1/><V43/><F43/><W74/><G109/><T35/><D50/><U116/><E2/><V62/><F62/><W92/><G108/><T16/><D3/><U101/><E135/><V51/><F51/><W115/><G115/><T26/><D16/><U66/><E113/><RYUUKYOKU ba="0,1" sc="218,-10,280,-10,170,30,322,-10" hai2="11,12,19,58,61,64,77,78,90,94,95,96,99" /><INIT seed="5,1,1,0,5,78" ten="208,270,200,312" oya="1" hai0="129,92,82,57,103,111,79,94,1,33,24,120,34" hai1="134,90,97,69,56,77,43,67,30,84,42,59,119" hai2="8,81,100,12,3,28,73,54,55,51,47,89,46" hai3="29,25,49,130,5,131,74,58,109,61,132,23,104"/><U62/><E119/><V108/><F108/><W16/><G109/><T40/><D111/><U70/><E134/><V31/><F3/><W44/><G104/><T118/><D118/><U37/><E30/><V91/><F100/><W133/><G74/><T114/><D1/><U18/><E77/><V99/><F99/><W45/><G5/><T14/><D114/><U66/><E97/><V83/><F73/><W4/><G4/><T95/><D103/><U6/><E6/><N who="2" m="3095" /><F31/><W96/><G96/><T39/><D24/><U19/><E84/><V52/><F28/><W113/><G113/><T127/><D14/><U87/><E87/><V72/><F72/><W102/><G45/><N who="2" m="16905" /><F51/><W115/><G29/><T68/><D68/><U38/><E90/><AGARI ba="1,1" hai="52,54,55,81,83,89,90,91" m="16905,3095" machi="90" ten="30,7700,0" yaku="8,1,52,2,54,1" doraHai="78" who="2" fromWho="1" sc="208,0,270,-80,200,90,312,0" /><INIT seed="6,0,0,0,1,33" ten="208,190,290,312" oya="2" hai0="132,14,102,125,42,127,5,82,61,73,41,99,29" hai1="80,35,3,13,47,20,0,51,77,34,130,37,43" hai2="133,49,85,109,39,27,108,107,75,93,117,124,69" hai3="105,100,23,123,122,22,58,50,11,21,4,78,63"/><V116/><F39/><W110/><G78/><N who="0" m="44367" /><D29/><U17/><E130/><V10/><F69/><W88/><G110/><N who="2" m="42601" /><F75/><W113/><G100/><T92/><D61/><U54/><E35/><V7/><F107/><W25/><G105/><T79/><D79/><U38/><E34/><V111/><F111/><W32/><G113/><T53/><D53/><U86/><REACH who="1" step="1"/><E38/><REACH who="1" ten="208,180,290,312" step="2"/><V44/><F116/><W48/><G32/><T87/><D132/><U134/><E134/><V74/><F133/><W12/><G123/><T72/><D127/><U52/><E52/><N who="2" m="29735" /><F124/><W65/><G122/><T115/><D125/><U131/><E131/><V76/><F117/><W119/><G119/><T67/><D115/><U19/><E19/><V24/><F74/><W96/><G25/><T46/><D72/><U16/><E16/><V8/><F24/><W59/><G59/><AGARI ba="0,1" hai="0,3,13,17,20,37,43,47,51,54,59,77,80,86" machi="59" ten="30,7700,0" yaku="1,1,7,1,52,2,53,0" doraHai="33" doraHaiUra="57" who="1" fromWho="3" sc="208,0,180,87,290,0,312,-77" /><INIT seed="7,0,0,3,1,128" ten="208,267,290,235" oya="3" hai0="27,55,108,135,61,105,49,113,41,109,99,54,93" hai1="18,84,17,112,119,1,92,111,72,38,14,115,63" hai2="11,31,90,43,51,16,69,34,56,32,57,132,67" hai3="86,76,40,83,77,45,24,71,60,123,48,15,124"/><W9/><G123/><T103/><D113/><N who="1" m="43595" /><E111/><V13/><F132/><W30/><G124/><T4/><D135/><U19/><E1/><V46/><F31/><W95/><G95/><T121/><D121/><U107/><E107/><V85/><F69/><W131/><G131/><T58/><D4/><U116/><E72/><V102/><F102/><W129/><G129/><T106/><D41/><U118/><E38/><V74/><F74/><W78/><G60/><T29/><D106/><U104/><E104/><V82/><REACH who="2" step="1"/><F67/><REACH who="2" ten="208,267,280,235" step="2"/><W28/><G71/><T10/><D105/><U110/><E116/><V73/><F73/><W2/><G30/><T130/><D130/><U114/><E118/><V52/><F52/><W97/><G28/><T37/><D37/><U134/><E119/><V26/><F26/><W122/><G24/><T23/><REACH who="0" step="1"/><D10/><REACH who="0" ten="198,267,280,235" step="2"/><U98/><E134/><V21/><F21/><W120/><G122/><T35/><D35/><AGARI ba="0,2" hai="11,13,16,32,34,35,43,46,51,56,57,82,85,90" machi="35" ten="40,2600,0" yaku="1,1,54,1,53,0" doraHai="128" doraHaiUra="100" who="2" fromWho="0" sc="198,-26,267,0,280,46,235,0" owari="172,-33.0,267,7.0,326,42.0,235,-16.0" /></mjloggm>