<mjloggm ver="2.3"><GO type="169" lobby="0"/><UN n0="%E5%B0%B1%E6%B4%BB%E7%94%9F%40%E5%B7%9D%E6%9D%91%E8%BB%8D%E5%9B%A3" n1="%E7%A0%B2%E3%81%AE%E4%B8%8A%E3%81%AE%E3%81%82%E3%81%AE%E5%A8%98" n2="%E5%AF%8C%E7%94%B7%E3%81%A7%E3%81%99" n3="%E6%AF%94%E5%98%89%E7%A7%80%E4%BB%81" dan="17,16,16,16" rate="2209.52,2130.14,2066.57,2086.09" sx="M,F,M,M"/><TAIKYOKU oya="0"/><INIT seed="0,0,0,3,2,9" ten="250,250,250,250" oya="0" hai0="80,48,57,118,109,89,115,99,30,56,45,26,131" hai1="44,40,85,101,63,104,76,102,29,86,98,100,14" hai2="133,42,107,68,87,21,18,53,129,66,132,82,93" hai3="33,134,46,25,10,125,52,51,16,65,114,17,4"/><T31/><D118/><U120/><E120/><V88/><F107/><W81/><G114/><T34/><D115/><U37/><E29/><V72/><F42/><W1/><G134/><N who="2" m="51817" /><F129/><W117/><G117/><T83/><D131/><U90/><E76/><N who="2" m="44295" /><F53/><W96/><G125/><T69/><D69/><U110/><E110/><V116/><F116/><W0/><G0/><T27/><D109/><U91/><E63/><V35/><F35/><W19/><G65/><T113/><D113/><U79/><E79/><V106/><F106/><W38/><G38/><T20/><D99/><U13/><E102/><V64/><F68/><W78/><G96/><T73/><D73/><U59/><E59/><V39/><F39/><W112/><G112/><T122/><D122/><U123/><E101/><V111/><F111/><W92/><G92/><T74/><D74/><U49/><E37/><V105/><F105/><W124/><G124/><T67/><D67/><U7/><E7/><V58/><F58/><W24/><REACH who="3" step="1"/><G33/><REACH who="3" ten="250,250,250,240" step="2"/><T128/><D128/><U77/><E123/><V11/><F64/><W55/><G55/><T3/><D3/><U5/><E77/><V97/><F66/><W54/><G54/><T12/><D89/><U84/><REACH who="1" step="1"/><E5/><REACH who="1" ten="250,240,250,240" step="2"/><V61/><F88/><AGARI ba="0,2" hai="13,14,40,44,49,84,85,86,88,90,91,98,100,104" machi="88" ten="40,12000,2" yaku="1,1,2,1,52,2,54,1,53,2" doraHai="9" doraHaiUra="8" who="1" fromWho="2" sc="250,0,240,140,250,-120,240,0" /><INIT seed="1,0,0,3,3,36" ten="250,380,130,240" oya="1" hai0="5,18,52,88,6,47,65,15,84,75,58,133,53" hai1="117,22,38,0,46,31,99,61,12,77,95,17,109" hai2="64,92,119,131,59,123,87,122,66,73,3,134,81" hai3="67,91,127,40,111,42,112,118,10,93,132,104,70"/><U20/><E117/><V43/><F119/><W89/><G118/><T57/><D75/><U115/><E0/><V9/><F73/><W83/><G104/><T106/><D106/><U110/><E115/><V98/><F131/><W21/><G112/><T2/><D2/><U68/><E77/><V126/><F126/><W14/><G127/><T94/><D65/><N who="1" m="41007" /><E46/><V63/><F66/><W25/><G70/><T49/><D133/><U85/><E85/><V69/><F69/><W55/><G67/><T24/><D24/><N who="1" m="16791" /><E38/><V82/><F43/><N who="3" m="16427" /><G132/><T8/><D47/><U128/><E128/><V28/><F134/><W108/><G55/><T41/><D41/><U114/><E114/><V100/><F3/><W125/><G125/><T4/><D4/><U45/><E45/><V103/><F64/><W78/><G93/><T124/><D124/><U23/><E95/><V13/><F92/><W90/><G78/><T129/><D129/><U29/><E99/><V79/><F98/><W97/><G97/><T86/><D86/><U37/><E37/><V11/><F87/><W32/><G32/><T113/><D113/><U51/><E51/><AGARI ba="0,0" hai="5,6,8,15,18,49,51,52,53,57,58,84,88,94" machi="51" ten="30,8000,1" yaku="7,1,9,1,8,1,54,2" doraHai="36" who="0" fromWho="1" sc="250,80,380,-80,130,0,240,0" /><INIT seed="2,0,0,4,0,114" ten="330,300,130,240" oya="2" hai0="81,119,104,44,131,49,62,8,14,50,84,20,125" hai1="134,25,107,74,109,61,106,120,54,9,82,31,65" hai2="101,47,0,98,23,22,29,124,28,56,122,15,2" hai3="26,70,95,97,46,133,102,94,18,90,111,85,58"/><V33/><F122/><W129/><G111/><T24/><D104/><U37/><E109/><V78/><F47/><W126/><G126/><T128/><D125/><U4/><E120/><V132/><F124/><W127/><G127/><T60/><D119/><U69/><E37/><V130/><F78/><W110/><G110/><T100/><D100/><U77/><E54/><V113/><F130/><W91/><G129/><T41/><D50/><U96/><E96/><V87/><F87/><W116/><G133/><T19/><D128/><U59/><E59/><V55/><F113/><W117/><G70/><T89/><REACH who="0" step="1"/><D131/><REACH who="0" ten="320,300,130,240" step="2"/><U76/><E134/><V40/><F132/><W36/><G102/><T135/><D135/><U99/><E99/><V105/><F105/><W38/><G38/><T21/><D21/><U3/><E77/><V93/><F22/><AGARI ba="0,1" hai="3,4,9,22,25,31,61,65,69,74,76,82,106,107" machi="22" ten="30,1000,0" yaku="7,1" doraHai="114" who="1" fromWho="2" sc="320,0,300,20,130,-10,240,0" /><INIT seed="3,0,0,5,1,78" ten="320,320,120,240" oya="3" hai0="26,73,123,116,70,42,54,60,79,13,125,64,72" hai1="68,69,23,8,83,40,39,25,131,56,76,124,134" hai2="19,88,101,17,50,37,121,80,74,130,63,118,102" hai3="129,9,4,128,28,15,33,2,98,47,103,44,16"/><W10/><G28/><T94/><D123/><U93/><E124/><V12/><F118/><W21/><G33/><T5/><D116/><U117/><E117/><V114/><F114/><W109/><G10/><T35/><D125/><U111/><E111/><V55/><F37/><W27/><G2/><T67/><D67/><U85/><E134/><V97/><F130/><N who="3" m="50283" /><G109/><T58/><D42/><U11/><E131/><V92/><F121/><W71/><G71/><T105/><D105/><AGARI ba="0,0" hai="4,9,15,16,21,27,44,47,98,103,105" m="50283" machi="105" ten="30,2900,0" yaku="19,1,54,1" doraHai="78" who="3" fromWho="0" sc="320,-29,320,0,120,0,240,29" /><INIT seed="3,1,0,2,1,119" ten="291,320,120,269" oya="3" hai0="6,54,67,92,50,3,28,124,89,35,121,81,78" hai1="69,77,125,9,42,46,10,31,33,130,17,5,74" hai2="40,71,75,120,56,91,127,90,83,135,98,57,15" hai3="43,48,55,37,106,126,101,95,32,73,14,97,49"/><W16/><G32/><T88/><D124/><U70/><E125/><V8/><F71/><W1/><G1/><T59/><D121/><U27/><E130/><V122/><F127/><W60/><G73/><T112/><D112/><U53/><E53/><V62/><F40/><W47/><G126/><T68/><D6/><U66/><E66/><V24/><F24/><W11/><REACH who="3" step="1"/><G106/><REACH who="3" ten="291,320,120,259" step="2"/><T93/><D3/><U4/><E74/><V79/><F135/><W12/><G12/><T26/><D68/><U86/><E69/><V19/><F57/><AGARI ba="1,1" hai="11,14,16,37,43,47,48,49,55,57,60,95,97,101" machi="57" ten="40,3900,0" yaku="1,1,54,1,53,0" doraHai="119" doraHaiUra="76" who="3" fromWho="2" sc="291,0,320,0,120,-42,259,52" /><INIT seed="3,2,0,0,2,132" ten="291,320,78,311" oya="3" hai0="40,31,82,4,19,84,89,99,78,41,122,2,81" hai1="124,95,117,10,69,115,42,129,68,39,23,48,103" hai2="65,105,11,120,127,15,123,86,53,74,83,67,55" hai3="63,101,135,71,13,43,100,109,5,17,91,72,96"/><W12/><G72/><T62/><D122/><N who="2" m="46634" /><F86/><W119/><G119/><T108/><D108/><U112/><E117/><V56/><F105/><W64/><G135/><T79/><D31/><U131/><E39/><V50/><F55/><W106/><G109/><T35/><D35/><U7/><E23/><V87/><F74/><W27/><G101/><T49/><D2/><U8/><E48/><V98/><F98/><W32/><G5/><T113/><D113/><U24/><E42/><V77/><F127/><W38/><G17/><AGARI ba="2,0" hai="11,15,17,50,53,56,65,67,77,83,87" m="46634" machi="17" ten="30,1000,0" yaku="13,1" doraHai="132" who="2" fromWho="3" sc="291,0,320,0,78,16,311,-16" /><INIT seed="4,0,0,2,1,68" ten="291,320,94,295" oya="0" hai0="118,12,16,92,65,82,80,33,69,126,9,71,34" hai1="24,98,40,121,61,79,87,46,128,72,35,62,81" hai2="113,135,115,51,13,133,18,38,86,88,123,32,27" hai3="5,21,131,28,105,77,107,129,73,48,85,66,106"/><T17/><D118/><U60/><E128/><N who="3" m="49226" /><G66/><T101/><D126/><U23/><E35/><V110/><F110/><W39/><G5/><T84/><D17/><U53/><E121/><V120/><F51/><W54/><G73/><T45/><D45/><U43/><E53/><V108/><F108/><W109/><G109/><T29/><D82/><U91/><E98/><V75/><F75/><W116/><G116/><T50/><D50/><U11/><E11/><V25/><F38/><W74/><G74/><T114/><D114/><N who="2" m="43530" /><F86/><W52/><G39/><T99/><D29/><U64/><E64/><V15/><F88/><W49/><G49/><T130/><D130/><U96/><E96/><V76/><F76/><W111/><G111/><T42/><D42/><U57/><E57/><V59/><F59/><W100/><G100/><T95/><D95/><U63/><N who="1" m="15360" /><DORA hai="41" /><U83/><REACH who="1" step="1"/><E46/><REACH who="1" ten="291,310,94,295" step="2"/><V44/><F44/><W127/><G54/><T78/><REACH who="0" step="1"/><D65/><REACH who="0" ten="281,310,94,295" step="2"/><U104/><E104/><V132/><F32/><AGARI ba="0,2" hai="9,12,16,32,33,34,69,71,78,80,84,92,99,101" machi="32" ten="40,18000,2" yaku="1,1,2,1,54,1,53,4" doraHai="68,41" doraHaiUra="31,14" who="0" fromWho="2" sc="281,200,310,0,94,-180,295,0" owari="481,58.0,310,11.0,-86,-59.0,295,-10.0" /></mjloggm>