<mjloggm ver="2.3"><GO type="169" lobby="0"/><UN n0="%6F%6E%65%73%74%61%72" n1="%E3%81%AF%E3%81%92%E3%81%A1%E3%82%87%E3%81%8F" n2="%E6%B8%85%E3%80%85%E3%81%97%E3%81%84%E6%94%BE%E9%8A%83" n3="%E3%82%A6%E3%83%AB%E3%83%88%E3%83%A9%E7%AB%8B%E7%9B%B4" dan="17,17,16,16" rate="2164.05,2165.72,2085.99,2167.30" sx="M,M,M,M"/><TAIKYOKU oya="0"/><INIT seed="0,0,0,0,4,95" ten="250,250,250,250" oya="0" hai0="87,128,100,135,13,67,81,126,51,5,71,131,130" hai1="109,9,104,101,2,31,10,116,92,56,102,33,41" hai2="37,132,58,115,93,113,124,89,114,21,7,61,129" hai3="65,68,119,96,97,120,19,55,35,133,36,44,29"/><T111/><D126/><U39/><E116/><V79/><F132/><W108/><G119/><T1/><D135/><U14/><E109/><V32/><F129/><W50/><G133/><T122/><D122/><U54/><E104/><V117/><F32/><W83/><G29/><T63/><D111/><U23/><E33/><V72/><F124/><W62/><G35/><T74/><D74/><U28/><E2/><V80/><F37/><W85/><G108/><T134/><D134/><U127/><E127/><V48/><F117/><W22/><G36/><T52/><D1/><U66/><E66/><V103/><F7/><W84/><G120/><T59/><D100/><U26/><E31/><V3/><F3/><W45/><G45/><T17/><D5/><U107/><E107/><V4/><F103/><W76/><REACH who="3" step="1"/><G85/><REACH who="3" ten="250,250,250,240" step="2"/><T40/><D128/><U82/><E28/><V73/><F73/><W69/><G69/><T118/><D118/><U0/><E39/><V27/><F72/><W49/><G49/><T20/><REACH who="0" step="1"/><D40/><REACH who="0" ten="240,250,250,240" step="2"/><U99/><E41/><V70/><F113/><W86/><G86/><T94/><D94/><U43/><E43/><V75/><F115/><W64/><G64/><T46/><D46/><U34/><E92/><V42/><F114/><W110/><G110/><T18/><D18/><U125/><E125/><V16/><F42/><W25/><AGARI ba="0,2" hai="19,22,25,44,50,55,62,65,68,76,83,84,96,97" machi="25" ten="20,12000,2" yaku="1,1,0,1,7,1,52,2,53,1" doraHai="95" doraHaiUra="15" who="3" fromWho="3" sc="240,-60,250,-30,250,-30,240,140" /><INIT seed="1,0,0,1,2,25" ten="180,220,220,380" oya="1" hai0="83,85,89,65,57,67,108,23,98,51,60,27,69" hai1="24,100,81,112,101,91,13,48,129,127,84,93,110" hai2="11,78,79,99,92,131,64,88,76,94,130,59,17" hai3="2,86,121,15,8,61,10,106,90,74,96,103,122"/><U134/><E112/><V80/><F64/><W46/><G74/><T7/><D108/><U97/><E110/><V29/><F59/><W118/><G118/><T120/><D120/><U31/><E127/><V119/><F11/><W117/><G117/><T38/><D38/><U42/><E129/><N who="2" m="49163" /><F17/><W111/><G111/><T22/><D7/><U102/><E134/><V53/><F53/><W125/><G125/><T126/><D126/><U14/><E42/><V107/><F107/><W21/><G8/><T12/><D12/><U52/><E14/><V95/><F119/><W4/><G46/><T73/><D67/><U33/><REACH who="1" step="1"/><E13/><REACH who="1" ten="180,210,220,380" step="2"/><V0/><F0/><W132/><G132/><T123/><D123/><U39/><E39/><V133/><F133/><W82/><G2/><T72/><D22/><U18/><E18/><V135/><F135/><W40/><G21/><T71/><D23/><U75/><E75/><N who="2" m="43135" /><F29/><W56/><G40/><T1/><D1/><U28/><E28/><V70/><F70/><W19/><G19/><T49/><D69/><U109/><E109/><V43/><F43/><W44/><G122/><T41/><D71/><U55/><E55/><V34/><F34/><W9/><G121/><T16/><D41/><U50/><E50/><V87/><F99/><W47/><G10/><T37/><D98/><U54/><E54/><AGARI ba="0,1" hai="4,9,15,44,47,54,56,61,82,86,90,96,103,106" machi="54" ten="30,1000,0" yaku="7,1" doraHai="25" who="3" fromWho="1" sc="180,0,210,-10,220,0,380,20" /><INIT seed="2,0,0,5,5,88" ten="180,200,220,400" oya="2" hai0="47,54,124,111,12,119,7,8,5,42,94,81,126" hai1="65,122,93,15,98,109,31,86,56,69,2,33,68" hai2="67,32,64,46,117,103,116,73,66,28,55,1,80" hai3="35,76,99,50,38,22,23,115,84,104,36,34,130"/><V3/><F116/><W132/><G99/><T133/><D119/><U127/><E2/><V25/><F117/><W70/><G84/><T101/><D111/><U108/><E127/><N who="0" m="48681" /><D133/><U41/><E122/><V44/><F103/><W102/><G50/><N who="0" m="26999" /><D81/><U89/><E41/><V78/><REACH who="2" step="1"/><F46/><REACH who="2" ten="180,200,210,400" step="2"/><W39/><G102/><T105/><D105/><U26/><E108/><V27/><F27/><W49/><G104/><T106/><D106/><U135/><E109/><V129/><F129/><W110/><G130/><T77/><D77/><U123/><E123/><V13/><F13/><W37/><G76/><T118/><D118/><U79/><E15/><V90/><F90/><W10/><G110/><T57/><D12/><U52/><E135/><V62/><F62/><W40/><G132/><T97/><D8/><U58/><E79/><V125/><F125/><W83/><G10/><T45/><D45/><U20/><E26/><V107/><F107/><W114/><G114/><T43/><D43/><U11/><E11/><V85/><F85/><W128/><G115/><T82/><D82/><U91/><E86/><V63/><F63/><AGARI ba="0,1" hai="5,7,54,57,63,94,97,101" m="26999,48681" machi="63" ten="30,2000,0" yaku="18,1,52,1" doraHai="88" who="0" fromWho="2" sc="180,30,200,0,210,-20,400,0" /><INIT seed="3,0,0,5,5,24" ten="210,200,190,400" oya="3" hai0="102,27,124,10,55,31,91,92,12,37,0,19,48" hai1="71,122,20,113,117,96,35,85,28,21,3,72,97" hai2="127,84,47,45,13,130,108,49,129,95,54,118,9" hai3="125,70,6,110,11,132,116,60,2,107,41,120,66"/><W81/><G120/><T16/><D124/><U15/><E72/><V26/><F118/><W46/><G116/><T121/><D37/><U78/><E117/><V62/><F127/><W68/><G125/><T39/><D39/><U76/><E3/><V32/><F108/><W82/><G110/><T100/><D0/><U99/><E71/><V83/><F95/><W93/><G107/><T22/><D19/><N who="1" m="10367" /><E35/><V69/><F47/><W59/><G132/><T104/><D104/><U30/><E113/><V25/><F69/><W4/><G4/><T75/><D75/><U80/><E122/><V119/><F62/><W73/><G93/><T101/><D121/><U40/><E40/><V134/><F134/><W123/><G82/><T109/><D109/><U5/><E5/><N who="2" m="3247" /><F32/><W61/><G61/><T133/><D133/><U103/><E103/><V63/><F63/><W7/><G7/><T67/><D67/><U23/><E78/><N who="2" m="46199" /><F119/><W14/><G123/><T53/><REACH who="0" step="1"/><D48/><REACH who="0" ten="200,200,190,400" step="2"/><U51/><E51/><V106/><F106/><W33/><G2/><T65/><D65/><U1/><E1/><V43/><F43/><W126/><G126/><T56/><D56/><U89/><E76/><V77/><F77/><N who="3" m="44207" /><G70/><T79/><D79/><U18/><E18/><V135/><F135/><W36/><G68/><T50/><D50/><U44/><E44/><V29/><F130/><W114/><G114/><T58/><D58/><U74/><E74/><V34/><F129/><W88/><G36/><T52/><D52/><U98/><N who="1" m="24576" /><DORA hai="87" /><U112/><E112/><V90/><F90/><W115/><G88/><RYUUKYOKU ba="0,1" sc="200,10,200,10,190,10,400,-30" hai0="10,12,16,22,27,31,53,55,91,92,100,101,102" hai1="21,23,28,30,80,85,89" hai2="25,26,29,34,45,49,54" /><INIT seed="4,1,1,5,3,32" ten="210,210,200,370" oya="0" hai0="24,125,74,72,130,12,110,68,22,119,35,111,87" hai1="28,18,115,117,44,56,99,122,51,30,120,27,65" hai2="113,85,62,19,9,135,93,97,131,109,91,105,82" hai3="47,10,15,53,94,95,13,6,20,4,134,101,41"/><T55/><D119/><U60/><E117/><V73/><F109/><N who="0" m="41482" /><D130/><U49/><E115/><V126/><F113/><W2/><G101/><T129/><D129/><U5/><E51/><V64/><F131/><W39/><G134/><T81/><D125/><U100/><E5/><V77/><F135/><W23/><G53/><T37/><D37/><U16/><E120/><V108/><F126/><W31/><G31/><N who="0" m="19943" /><D68/><U11/><E122/><V57/><F108/><W118/><G118/><T63/><D12/><U38/><E38/><V66/><F66/><W123/><G123/><T42/><D22/><N who="1" m="15479" /><E11/><V78/><F78/><W92/><G15/><T40/><D63/><U112/><E30/><V76/><F76/><W104/><G23/><T48/><D55/><N who="1" m="30119" /><E112/><V102/><REACH who="2" step="1"/><F9/><REACH who="2" ten="210,210,190,370" step="2"/><W88/><G10/><T21/><D21/><U133/><E133/><V116/><F116/><W59/><G20/><T29/><D29/><U90/><E90/><V8/><F8/><W75/><G6/><T83/><D74/><U107/><E18/><AGARI ba="1,2" hai="18,19,57,62,64,73,77,82,85,91,93,97,102,105" machi="18" ten="40,5200,0" yaku="1,1,24,2,53,0" doraHai="32" doraHaiUra="3" who="2" fromWho="1" sc="210,0,210,-55,190,75,370,0" /><INIT seed="5,0,0,0,0,82" ten="210,155,265,370" oya="1" hai0="119,18,39,126,24,127,1,2,133,57,43,10,8" hai1="54,83,111,31,88,87,102,89,19,38,45,0,131" hai2="80,15,20,107,113,22,130,12,96,30,112,128,17" hai3="36,66,11,79,114,95,4,16,50,60,115,29,13"/><U106/><E0/><N who="0" m="105" /><D57/><U53/><E131/><N who="2" m="50219" /><F107/><W72/><G36/><T84/><D119/><U51/><E111/><V125/><F96/><W61/><G29/><T78/><D133/><U97/><E38/><V77/><F30/><W28/><G79/><T135/><D135/><U76/><E31/><V21/><F125/><N who="0" m="47626" /><D84/><U105/><E105/><V67/><F67/><W92/><G28/><T116/><D78/><U121/><E121/><V5/><F5/><W37/><G4/><T75/><D75/><U104/><E104/><V25/><F25/><W100/><G66/><T132/><D116/><U98/><E98/><V91/><F91/><W109/><G72/><T90/><D90/><U41/><E89/><V35/><F35/><W64/><G64/><T120/><D120/><U27/><REACH who="1" step="1"/><E76/><REACH who="1" ten="210,145,265,370" step="2"/><V86/><F15/><W40/><G37/><T62/><D39/><U110/><E110/><V85/><F12/><W129/><G13/><T46/><D132/><U48/><E48/><V3/><F3/><W55/><G50/><N who="0" m="26975" /><D62/><U65/><E65/><V47/><F77/><W26/><G61/><T63/><D63/><U6/><E6/><V101/><F112/><W73/><G60/><T103/><D103/><U56/><E56/><V134/><F113/><W59/><G59/><T44/><D44/><U68/><E68/><V99/><F47/><W69/><G69/><T81/><D81/><U33/><E33/><V32/><F32/><W52/><G115/><T71/><D71/><U34/><E34/><V122/><F134/><W123/><G114/><T74/><D74/><U42/><E42/><RYUUKYOKU ba="0,1" sc="210,15,145,15,265,-15,370,-15" hai0="8,10,18,24" hai1="19,27,41,45,51,53,54,83,87,88,97,102,106" /><INIT seed="5,1,1,2,0,99" ten="225,160,250,355" oya="1" hai0="87,73,59,132,69,76,6,42,39,0,120,114,82" hai1="97,15,33,34,55,9,86,22,51,96,122,127,61" hai2="10,89,117,11,25,84,52,101,63,37,75,83,26" hai3="98,124,100,36,85,48,40,16,105,131,50,74,109"/><U5/><E122/><V111/><F117/><W2/><G74/><T30/><D69/><U128/><E128/><V108/><F37/><W90/><G2/><T88/><D132/><U66/><E127/><V54/><F75/><W113/><G109/><T133/><D133/><U70/><E22/><V24/><F108/><W53/><G36/><T77/><D114/><U60/><E60/><V135/><F135/><W112/><G40/><T115/><D115/><N who="3" m="44105" /><G124/><T28/><D59/><U72/><E72/><V44/><F101/><W23/><G53/><T31/><D120/><U7/><E7/><V21/><F21/><W125/><G131/><T8/><REACH who="0" step="1"/><D73/><REACH who="0" ten="215,160,250,355" step="2"/><U123/><E123/><V106/><F111/><W102/><G125/><T58/><D58/><U121/><E121/><V129/><F129/><W45/><G45/><AGARI ba="1,2" hai="0,6,8,28,30,31,39,42,45,76,77,82,87,88" machi="45" ten="40,5200,0" yaku="1,1,54,1,53,1" doraHai="99" doraHaiUra="71" who="0" fromWho="3" sc="215,75,160,0,250,0,355,-55" /><INIT seed="6,0,0,3,1,0" ten="290,160,250,300" oya="2" hai0="30,40,79,24,27,51,116,118,71,22,10,15,90" hai1="72,113,74,92,78,42,43,114,112,37,7,47,38" hai2="94,12,117,25,35,59,83,88,111,65,89,109,53" hai3="14,96,45,85,62,80,26,63,93,121,134,126,49"/><V129/><F117/><N who="0" m="45162" /><D71/><U91/><E78/><V66/><F129/><W16/><G26/><N who="0" m="16727" /><D79/><U69/><E69/><V18/><F83/><W100/><G126/><T41/><D90/><N who="2" m="34922" /><F25/><N who="0" m="9802" /><D51/><U122/><E122/><V123/><F35/><W20/><G134/><T44/><D44/><U102/><E102/><V131/><F131/><W31/><G31/><T127/><D127/><U75/><E7/><AGARI ba="0,0" hai="7,10,15,40,41" m="9802,16727,45162" machi="7" ten="30,2000,0" yaku="12,1,52,1" doraHai="0" who="0" fromWho="1" sc="290,20,160,-20,250,0,300,0" /><INIT seed="7,0,0,3,3,24" ten="310,140,250,300" oya="3" hai0="79,18,17,105,132,135,19,35,130,112,119,84,2" hai1="51,103,131,61,52,95,50,30,60,58,34,68,59" hai2="31,55,33,64,129,7,16,38,118,75,86,41,10" hai3="6,13,121,92,54,3,22,8,99,23,45,56,123"/><W43/><G123/><T49/><D130/><U82/><E131/><V36/><F118/><W97/><G121/><T98/><D119/><U110/><E110/><V124/><F75/><W125/><G125/><T46/><D35/><U53/><E68/><V67/><F124/><W106/><G106/><T116/><D116/><U101/><E82/><V71/><F129/><W102/><G3/><T128/><D128/><U14/><E14/><V25/><F16/><W74/><G74/><T85/><D2/><U113/><E113/><V94/><F55/><W28/><G28/><T109/><D109/><U62/><REACH who="1" step="1"/><E95/><REACH who="1" ten="310,130,250,300" step="2"/><V87/><F71/><W44/><G92/><T76/><D112/><U39/><E39/><V4/><F38/><W20/><G43/><T5/><D132/><U73/><E73/><V27/><F41/><W47/><G102/><T81/><D81/><U57/><E57/><V90/><F94/><W9/><G9/><T108/><D135/><U117/><E117/><V91/><F10/><W37/><G37/><T40/><D108/><U72/><E72/><V78/><F36/><W65/><G65/><T89/><D40/><U26/><AGARI ba="0,1" hai="26,30,34,50,51,52,53,58,59,60,61,62,101,103" machi="26" ten="30,8000,1" yaku="1,1,0,1,9,1,52,1,54,1,53,0" doraHai="24" doraHaiUra="11" who="1" fromWho="1" sc="310,-20,130,90,250,-20,300,-40" /><INIT seed="8,0,0,1,0,64" ten="290,220,230,260" oya="0" hai0="78,107,30,112,135,42,133,35,44,97,9,98,66" hai1="34,105,59,0,49,22,69,28,88,109,21,14,96" hai2="38,111,24,110,32,58,89,26,55,76,4,115,104" hai3="120,101,13,5,41,67,116,74,87,79,18,57,17"/><T25/><D112/><U75/><E0/><V73/><F115/><W54/><G74/><T7/><D78/><U84/><E75/><V53/><F104/><W39/><G101/><T12/><D66/><U85/><E109/><V52/><F38/><W3/><G3/><T31/><D31/><U40/><E69/><V51/><F4/><W100/><G100/><T60/><D60/><U123/><E123/><V70/><F70/><W103/><G103/><T95/><D107/><U106/><E34/><V127/><F127/><W132/><G67/><T93/><D93/><N who="1" m="56359" /><E105/><V77/><F89/><W37/><G37/><T129/><D129/><U119/><E119/><V6/><F6/><W43/><G116/><T23/><D35/><U94/><E106/><V2/><F2/><W99/><G39/><N who="0" m="21599" /><D95/><U113/><E113/><V130/><F130/><W36/><G36/><T72/><D72/><U10/><E94/><V124/><F73/><W122/><G120/><T114/><D114/><U86/><E28/><V121/><F121/><W19/><G122/><T117/><D117/><U56/><E40/><V29/><F124/><W1/><G1/><T8/><D9/><U80/><E80/><V46/><F26/><W118/><G118/><T45/><D45/><U108/><E108/><N who="2" m="41515" /><F46/><W82/><G99/><T20/><D20/><N who="1" m="7787" /><E49/><V126/><F126/><W68/><G68/><T63/><D63/><U71/><E71/><V125/><F125/><W131/><G132/><AGARI ba="0,0" hai="7,8,12,23,25,30,97,98,132,133,135" m="21599" machi="132" ten="30,1500,0" yaku="20,1" doraHai="64" who="0" fromWho="3" sc="290,15,220,0,230,0,260,-15" owari="305,40.0,220,-28.0,230,-17.0,245,5.0" /></mjloggm>