<mjloggm ver="2.3"><GO type="169" lobby="0"/><UN n0="%6F%6E%65%73%74%61%72" n1="%E3%83%88%E3%83%88%E3%83%AA%E5%85%88%E7%94%9F%31%39%E6%AD%B3" n2="%E3%82%B8%E3%83%A3%E3%82%B9%E3%82%BF%E3%82%A6%E3%82%A7%E3%82%A4" n3="%62%69%67%6B%75%6D%61" dan="17,19,17,16" rate="2203.64,2272.76,2181.83,2168.83" sx="M,F,M,M"/><TAIKYOKU oya="0"/><INIT seed="0,0,0,2,2,48" ten="250,250,250,250" oya="0" hai0="65,80,33,119,92,37,39,116,98,22,23,82,3" hai1="61,103,122,5,20,128,91,24,70,121,100,36,21" hai2="85,10,133,18,4,71,25,99,47,50,9,35,49" hai3="104,107,57,42,32,16,78,11,106,58,118,1,12"/><T124/><D33/><U125/><E36/><V102/><F71/><W56/><G32/><T34/><D34/><U127/><E5/><V95/><F133/><W69/><G69/><T129/><D65/><N who="1" m="41263" /><E91/><V90/><F35/><W51/><G118/><T96/><D92/><U88/><E88/><V14/><F47/><W77/><G1/><T19/><D3/><U64/><E64/><V123/><F123/><W55/><REACH who="3" step="1"/><G42/><REACH who="3" ten="250,250,250,240" step="2"/><T31/><D116/><U46/><E121/><V112/><F112/><W66/><G66/><T26/><D119/><U74/><E122/><V87/><F87/><W117/><G117/><T110/><D98/><U81/><E125/><V89/><F85/><W130/><G130/><T60/><D96/><U29/><E128/><V101/><F101/><W113/><G113/><T105/><D129/><U132/><E127/><V115/><F115/><W94/><G94/><T30/><D124/><U76/><E103/><V67/><F67/><W41/><G41/><T40/><D40/><U68/><E68/><V72/><F72/><W27/><G27/><T53/><D26/><U120/><E100/><V97/><F25/><W7/><G7/><T63/><D105/><U73/><E73/><V134/><F134/><W17/><G17/><T83/><D19/><N who="1" m="12319" /><E132/><V59/><F99/><W126/><G126/><T84/><D84/><U45/><E120/><V75/><F75/><W62/><G62/><T44/><D63/><U111/><E111/><V6/><F6/><W8/><G8/><T131/><D60/><U15/><E29/><N who="0" m="10761" /><D110/><U109/><E109/><V2/><F4/><RYUUKYOKU ba="0,1" sc="250,-15,250,15,250,-15,240,15" hai1="15,21,45,46,74,76,81" hai3="11,12,16,51,55,56,57,58,77,78,104,106,107" /><INIT seed="1,1,1,3,1,115" ten="235,265,235,255" oya="1" hai0="86,118,99,40,73,65,33,26,22,52,1,57,112" hai1="134,45,126,109,76,72,96,128,121,58,91,108,42" hai2="119,18,8,36,23,48,35,83,110,59,49,92,81" hai3="43,68,29,79,20,90,2,75,127,11,28,24,87"/><U84/><E121/><V95/><F35/><W63/><G127/><T74/><D112/><U131/><E126/><V31/><F36/><W0/><G43/><T78/><D118/><U15/><E134/><V44/><F119/><W30/><G79/><T111/><D33/><U13/><E58/><V32/><F32/><W19/><G75/><T16/><D111/><N who="1" m="42571" /><E96/><V80/><F110/><W37/><G37/><T106/><D65/><U39/><E76/><V116/><F116/><W27/><G63/><T64/><D64/><U98/><E98/><V66/><F8/><W53/><G53/><T132/><D1/><U4/><E72/><V47/><F31/><W14/><G68/><T120/><D40/><U50/><E39/><V105/><F105/><W55/><G55/><T21/><D21/><U124/><E124/><V107/><F107/><W3/><G90/><T113/><D132/><U114/><E114/><V51/><F66/><W97/><G87/><T117/><D117/><U69/><E69/><V101/><F59/><W34/><G97/><T130/><D113/><U71/><E71/><V54/><F101/><W12/><G12/><N who="1" m="4682" /><E4/><AGARI ba="1,1" hai="0,2,3,4,11,14,19,20,24,27,28,29,30,34" machi="4" ten="40,12000,2" yaku="35,6" doraHai="115" who="3" fromWho="1" sc="235,0,265,-123,235,0,255,133" /><INIT seed="2,0,0,1,5,116" ten="235,142,235,388" oya="2" hai0="30,74,60,58,43,86,6,53,7,85,93,14,121" hai1="21,127,10,54,95,78,117,80,26,16,19,79,12" hai2="46,125,115,131,81,109,2,33,98,70,77,59,113" hai3="112,107,120,39,17,4,72,22,94,102,132,119,126"/><V61/><F70/><W29/><G29/><T45/><D121/><U97/><E127/><V1/><F125/><W71/><G126/><T44/><D74/><U32/><E117/><V133/><F33/><W62/><G119/><T65/><D30/><U56/><E80/><V63/><F131/><W91/><G39/><T92/><D43/><U134/><E134/><V13/><F133/><W73/><G132/><T37/><D37/><U99/><E32/><V8/><F46/><N who="0" m="18026" /><D65/><U41/><E41/><V87/><F109/><W96/><G120/><T64/><D53/><U124/><E124/><V106/><F63/><W38/><G38/><T82/><D86/><U122/><E122/><V135/><F135/><W25/><G4/><N who="0" m="1579" /><D14/><U105/><E105/><V84/><F84/><W28/><G28/><T48/><D48/><U40/><E40/><V104/><F1/><W83/><G112/><T52/><D64/><U67/><E67/><V23/><F2/><W128/><G128/><T68/><D68/><U130/><E130/><V76/><F76/><AGARI ba="0,0" hai="52,58,60,76,82,85,92,93" m="1579,18026" machi="76" ten="30,2000,0" yaku="8,1,54,1" doraHai="116" who="0" fromWho="2" sc="235,20,142,0,235,-20,388,0" /><INIT seed="3,0,0,4,1,82" ten="255,142,215,388" oya="3" hai0="69,122,130,115,121,17,29,40,7,61,131,73,32" hai1="123,13,48,58,80,90,98,79,92,60,86,71,63" hai2="14,94,24,95,42,37,113,78,55,27,21,117,36" hai3="89,16,66,105,70,1,84,41,99,125,85,18,101"/><W76/><G1/><T111/><D73/><U74/><E123/><V96/><F113/><W34/><G34/><T31/><D115/><U102/><E71/><V109/><F117/><W51/><G125/><T28/><D40/><U62/><E13/><V0/><F0/><W43/><G66/><T23/><D7/><U97/><E48/><V135/><F78/><W2/><G2/><T116/><D61/><U4/><E4/><V6/><F109/><W93/><G70/><T44/><D44/><U87/><REACH who="1" step="1"/><E58/><REACH who="1" ten="255,132,215,388" step="2"/><V133/><F6/><W38/><G51/><T19/><D69/><U77/><E77/><V91/><F14/><W126/><G126/><T8/><D122/><U26/><E26/><V35/><F27/><W83/><REACH who="3" step="1"/><G38/><REACH who="3" ten="255,132,215,378" step="2"/><T118/><D121/><U10/><E10/><V88/><F37/><W46/><G46/><T11/><D8/><U110/><E110/><V57/><F36/><W49/><G49/><T53/><D111/><U22/><E22/><V25/><F21/><W108/><G108/><T30/><D23/><U54/><E54/><V132/><F42/><AGARI ba="0,2" hai="16,18,41,42,43,76,83,84,85,89,93,99,101,105" machi="42" ten="40,12000,1" yaku="1,1,52,2,54,1,53,0" doraHai="82" doraHaiUra="67" who="3" fromWho="2" sc="255,0,132,0,215,-120,378,140" /><INIT seed="3,1,0,5,0,79" ten="255,132,95,518" oya="3" hai0="68,59,73,94,93,106,89,17,5,98,8,125,3" hai1="118,100,66,91,55,48,99,13,29,27,83,6,31" hai2="51,53,39,64,11,18,50,71,24,84,20,65,122" hai3="81,4,107,86,35,135,90,45,115,121,131,9,97"/><W37/><G121/><T134/><D68/><U128/><E128/><V36/><F122/><W43/><G115/><T61/><D106/><U133/><E133/><V85/><F36/><W1/><G131/><T102/><D73/><U70/><E118/><V30/><F39/><W101/><REACH who="3" step="1"/><G35/><REACH who="3" ten="255,132,95,508" step="2"/><T67/><D134/><AGARI ba="1,1" hai="1,4,9,37,43,45,81,86,90,97,101,107,134,135" machi="134" ten="40,7700,0" yaku="1,1,2,1,52,1,53,0" doraHai="79" doraHaiUra="132" who="3" fromWho="0" sc="255,-80,132,0,95,0,508,90" /><INIT seed="3,2,0,1,1,58" ten="175,132,95,598" oya="3" hai0="15,4,114,31,113,22,107,0,17,66,104,115,130" hai1="34,14,46,78,21,132,65,51,8,41,75,43,67" hai2="110,90,35,98,19,57,96,74,62,93,102,70,48" hai3="123,131,88,53,26,109,55,27,121,33,111,29,77"/><W56/><G77/><T45/><D130/><U100/><E34/><V38/><F110/><N who="3" m="41995" /><G131/><T80/><D66/><U7/><E132/><V16/><F38/><W135/><G135/><T128/><D128/><U12/><E100/><V3/><F3/><W112/><G112/><T120/><D120/><N who="3" m="46153" /><G27/><N who="0" m="16887" /><D80/><U44/><E78/><V24/><F74/><W101/><G101/><T11/><D45/><U133/><E75/><V76/><F76/><W36/><G36/><T99/><D99/><U97/><E97/><V103/><F103/><W71/><G71/><T42/><D42/><U68/><E68/><V126/><F126/><W106/><G106/><T122/><D122/><U81/><E81/><V129/><F129/><W23/><G33/><T124/><D124/><U127/><E127/><V125/><F125/><W39/><G39/><T108/><D108/><U49/><E133/><V54/><F24/><W73/><G73/><T59/><D107/><U72/><E72/><V91/><F35/><W10/><G10/><N who="0" m="6391" /><D104/><U52/><E41/><V85/><F98/><W61/><G88/><N who="2" m="33833" /><F85/><W37/><G37/><T64/><D115/><U116/><E43/><V18/><F70/><W25/><G25/><T79/><D79/><U84/><E84/><V1/><F1/><W6/><G6/><T92/><D92/><U87/><E87/><V69/><F69/><W32/><G32/><T28/><D28/><U82/><E7/><V20/><F20/><W117/><G117/><T86/><D86/><U89/><E116/><V83/><F83/><W105/><G105/><T9/><D11/><U63/><E8/><RYUUKYOKU ba="2,0" sc="175,10,132,-30,95,10,598,10" hai0="0,4,9,59,64,113,114" hai2="16,18,19,48,54,57,62,93,96,102" hai3="23,26,29,53,55,56,61" /><INIT seed="3,3,0,0,0,15" ten="185,102,105,608" oya="3" hai0="133,65,89,56,125,112,84,12,107,90,62,42,120" hai1="9,85,43,1,34,86,104,100,99,20,124,134,92" hai2="35,11,18,58,117,122,70,110,40,121,132,64,102" hai3="106,109,50,55,68,8,41,119,96,29,83,71,14"/><W130/><G119/><T10/><D107/><U95/><E34/><V26/><F117/><W23/><G41/><T17/><D133/><U60/><E134/><V73/><F73/><W0/><G130/><T93/><D125/><U4/><E124/><V54/><F132/><W123/><G123/><T91/><D120/><U113/><E113/><V97/><F40/><W87/><G0/><T28/><D112/><U31/><E104/><V16/><F11/><W128/><G128/><T69/><D69/><U48/><E92/><V61/><F110/><W38/><G38/><T49/><REACH who="0" step="1"/><D28/><REACH who="0" ten="175,102,105,608" step="2"/><U77/><E31/><N who="2" m="19959" /><F122/><W82/><G109/><T129/><D129/><U94/><E94/><V108/><F108/><W46/><G71/><T53/><D53/><U13/><E95/><V32/><F121/><W75/><G68/><T52/><D52/><U114/><E114/><V44/><F44/><AGARI ba="3,1" hai="10,12,17,42,44,49,56,62,65,84,89,90,91,93" machi="44" ten="40,5200,0" yaku="1,1,8,1,52,1,53,0" doraHai="15" doraHaiUra="22" who="0" fromWho="2" sc="175,71,102,0,105,-61,608,0" /><INIT seed="4,0,0,3,3,125" ten="246,102,44,608" oya="0" hai0="80,36,120,28,52,132,75,102,46,4,123,42,0" hai1="126,114,84,10,37,51,73,39,128,60,93,2,117" hai2="14,91,107,100,69,32,18,103,94,97,66,98,90" hai3="61,95,59,41,11,79,104,101,48,96,118,106,134"/><T58/><D132/><U31/><E117/><V68/><F32/><W86/><G118/><T78/><D102/><U85/><E73/><V92/><F107/><W15/><G134/><T133/><D28/><U115/><E126/><V116/><F116/><W111/><G111/><T88/><D133/><U29/><E60/><V83/><F83/><W77/><G77/><T47/><D47/><U121/><E121/><V22/><REACH who="2" step="1"/><F66/><REACH who="2" ten="246,102,34,608" step="2"/><W19/><G106/><T5/><D123/><U34/><E34/><V27/><F27/><W119/><G104/><T87/><D120/><U12/><E114/><V13/><F13/><W21/><G119/><T25/><D25/><U70/><E12/><V65/><F65/><W81/><G11/><T8/><D8/><U122/><E10/><V43/><F43/><W112/><G112/><T35/><D35/><U130/><E122/><V67/><F67/><W109/><G109/><T30/><D0/><U131/><E2/><V45/><F45/><W129/><G41/><T135/><D135/><U55/><E115/><V108/><F108/><W110/><G110/><T64/><D64/><U53/><E93/><V82/><F82/><W40/><G40/><T6/><D46/><U113/><E113/><V56/><F56/><W71/><G59/><T99/><D42/><U7/><E37/><V33/><F33/><W62/><G81/><N who="0" m="49263" /><D36/><U20/><E39/><V57/><F57/><W44/><G44/><T124/><D124/><U50/><E53/><V76/><F76/><W89/><G79/><N who="0" m="44159" /><D58/><U17/><E55/><V54/><F54/><W49/><G15/><RYUUKYOKU ba="0,1" sc="246,-10,102,-10,34,30,608,-10" hai2="14,18,22,68,69,90,91,92,94,97,98,100,103" /><INIT seed="5,1,1,2,2,6" ten="236,92,64,598" oya="1" hai0="76,53,48,68,16,131,133,8,62,102,42,40,90" hai1="89,19,82,98,33,77,108,80,106,109,128,91,121" hai2="14,49,44,71,64,93,34,79,4,50,96,22,112" hai3="3,9,56,37,118,25,107,57,29,88,130,83,2"/><U45/><E33/><V85/><F34/><W113/><G107/><T17/><D102/><N who="1" m="62807" /><E19/><V32/><F32/><W61/><G37/><T24/><D76/><U51/><E121/><V81/><F112/><W70/><G113/><T38/><D38/><U13/><E13/><V92/><F71/><W100/><G100/><T120/><D68/><U84/><E51/><V43/><F64/><W95/><G83/><T54/><D62/><U36/><E45/><V59/><F96/><W123/><G123/><T86/><D48/><U47/><E47/><V110/><F110/><N who="1" m="42601" /><E36/><V94/><F22/><W63/><G70/><T23/><D17/><U116/><E116/><V55/><REACH who="2" step="1"/><F93/><REACH who="2" ten="236,92,54,598" step="2"/><W28/><G118/><T129/><D23/><U5/><E128/><V117/><F117/><W58/><G130/><T124/><D129/><U60/><E60/><V67/><F67/><W127/><G63/><T78/><D131/><U135/><E135/><V69/><F69/><W41/><G61/><T105/><D133/><U75/><E5/><V125/><F125/><W30/><G127/><T111/><D124/><U134/><E134/><V97/><F97/><W74/><G95/><T119/><D111/><U72/><E72/><V26/><F26/><W18/><G74/><T87/><D24/><U46/><E46/><V20/><F20/><W132/><G132/><T11/><D119/><U1/><E1/><V104/><F104/><W99/><G25/><T7/><D120/><U103/><E103/><V52/><F52/><W126/><G126/><T101/><D53/><U65/><E65/><V21/><F21/><RYUUKYOKU ba="1,2" sc="236,-15,92,15,54,15,598,-15" hai1="75,77,80,82,84,89,91" hai2="4,14,43,44,49,50,55,59,79,81,85,92,94" /><INIT seed="5,2,2,4,1,79" ten="221,107,69,583" oya="1" hai0="63,112,51,37,126,70,22,4,14,31,78,10,121" hai1="85,119,34,49,86,12,3,7,45,116,29,77,36" hai2="104,120,25,90,84,105,97,87,109,67,15,39,108" hai3="42,65,76,18,26,125,83,21,74,122,48,69,54"/><U20/><E36/><V66/><F39/><W11/><G122/><T128/><D37/><U106/><E106/><V73/><F25/><W17/><G42/><T114/><D121/><U43/><E34/><V98/><F15/><W16/><G65/><N who="0" m="41279" /><D126/><U103/><E103/><V82/><F120/><W115/><G69/><T52/><D78/><U35/><E35/><V44/><F44/><W47/><G125/><T133/><D31/><U62/><E3/><V113/><F73/><W1/><G115/><N who="0" m="44075" /><D22/><U50/><E29/><V9/><F9/><W124/><G124/><T100/><D100/><U132/><E20/><V102/><F113/><W130/><G130/><T6/><D133/><U0/><E132/><V5/><F5/><W38/><G38/><T81/><D81/><U80/><E0/><V64/><F104/><W107/><G107/><T93/><D93/><U61/><E49/><V23/><F23/><W117/><G117/><T110/><D110/><U123/><E123/><V24/><F24/><W41/><G1/><T71/><D71/><U30/><E30/><V32/><F32/><W75/><G11/><T59/><D4/><U89/><E119/><V58/><F58/><W68/><G68/><T88/><D88/><U111/><E111/><N who="2" m="42571" /><F97/><W60/><G74/><T56/><D59/><U92/><REACH who="1" step="1"/><E116/><REACH who="1" ten="221,97,69,583" step="2"/><V94/><F105/><W19/><G21/><T134/><D134/><U135/><E135/><V46/><F46/><W27/><G27/><T127/><D127/><U129/><E129/><AGARI ba="2,3" hai="6,10,14,51,52,56,128,129" m="44075,41279" machi="129" ten="30,2000,0" yaku="15,1,54,1" doraHai="79" who="0" fromWho="1" sc="221,56,97,-26,69,0,583,0" /><INIT seed="6,0,0,4,4,36" ten="277,71,69,583" oya="2" hai0="65,123,88,89,63,64,129,27,57,110,14,100,35" hai1="120,83,70,81,15,56,105,109,6,93,37,122,12" hai2="107,135,99,45,92,119,87,116,103,127,28,32,41" hai3="106,7,43,98,79,91,47,85,39,67,52,13,50"/><V77/><F135/><W25/><G79/><T74/><D74/><U26/><E109/><V97/><F127/><W90/><G67/><T33/><D123/><N who="1" m="47147" /><E105/><V75/><F28/><W78/><G25/><T59/><D89/><U51/><E37/><V55/><F32/><W96/><G78/><T18/><D59/><U5/><E70/><V132/><F55/><W82/><G90/><T128/><D18/><U9/><E93/><V134/><F75/><W62/><G106/><T72/><D63/><U125/><E125/><V124/><F124/><W0/><G0/><T54/><D14/><N who="1" m="5163" /><E26/><V22/><F22/><W4/><G4/><N who="1" m="1642" /><E9/><V101/><F77/><W115/><G13/><T19/><D72/><U112/><E112/><V61/><F87/><W111/><G7/><T104/><D54/><AGARI ba="0,0" hai="51,54,56,81,83" m="1642,5163,47147" machi="54" ten="30,1000,0" yaku="13,1" doraHai="36" who="1" fromWho="0" sc="277,-10,71,10,69,0,583,0" /><INIT seed="7,0,0,0,0,7" ten="267,81,69,583" oya="3" hai0="74,95,86,17,42,62,21,124,11,108,96,0,69" hai1="123,78,16,132,22,24,100,128,109,31,67,8,94" hai2="26,48,115,110,129,15,66,60,83,20,107,93,127" hai3="75,87,32,71,30,77,76,114,46,118,134,6,14"/><W40/><G118/><T99/><D95/><U34/><E123/><V85/><F107/><W49/><G114/><T10/><D17/><U51/><E109/><V55/><F110/><W82/><G134/><T63/><D86/><U104/><E104/><V70/><F115/><W122/><G122/><T18/><D21/><N who="1" m="15759" /><E132/><V37/><F37/><W27/><G71/><T120/><D42/><U29/><E34/><V92/><F129/><W131/><G131/><T41/><D18/><U43/><E128/><V98/><F127/><W90/><G75/><T68/><D63/><U125/><E125/><V59/><F15/><W117/><G117/><T84/><D96/><N who="1" m="59415" /><E78/><V72/><F72/><W23/><G32/><T130/><D84/><U113/><E113/><V52/><F98/><W2/><G2/><T121/><D62/><U44/><E67/><V28/><F55/><W81/><G82/><T53/><D99/><U119/><E119/><V116/><F116/><W9/><AGARI ba="0,0" hai="6,9,14,23,27,30,40,46,49,76,77,81,87,90" machi="9" ten="30,6000,0" yaku="0,1,8,1,52,1" doraHai="7" who="3" fromWho="3" sc="267,-20,81,-20,69,-20,583,60" owari="247,5.0,61,-34.0,49,-45.0,643,74.0" /></mjloggm>