<mjloggm ver="2.3"><GO type="233" lobby="0"/><UN n0="%E3%81%8A%E3%83%BC%E3%81%84%E3%81%8A%E8%8C%B6" n1="%E3%81%8A%E3%81%98%E3%81%95%E3%82%93" n2="%E3%81%8A%E7%9F%A5%E3%82%89%E3%81%9B" n3="%E3%82%A6%E3%83%AB%E3%83%88%E3%83%A9%E7%AB%8B%E7%9B%B4" dan="17,16,16,17" rate="2213.11,2135.85,2107.81,2152.06" sx="M,M,M,M"/><TAIKYOKU oya="0"/><INIT seed="0,0,0,5,0,87" ten="250,250,250,250" oya="0" hai0="96,101,93,76,22,54,24,13,53,59,82,10,1" hai1="36,35,17,30,68,120,117,84,88,15,102,107,127" hai2="57,132,73,51,135,128,26,58,65,40,121,95,98" hai3="72,29,92,118,7,122,12,129,67,3,4,50,78"/><T20/><D20/><U86/><E117/><V52/><F73/><W32/><G67/><T111/><D111/><U113/><E120/><V38/><F121/><W56/><G56/><T28/><D28/><U34/><E113/><V44/><F128/><W125/><G50/><T89/><D89/><U104/><E68/><V131/><F131/><W112/><G92/><T81/><D81/><U19/><E36/><V91/><REACH who="2" step="1"/><F26/><REACH who="2" ten="250,250,240,250" step="2"/><W115/><G72/><T45/><D45/><U16/><E127/><V6/><F6/><W116/><G7/><T2/><D2/><U42/><E107/><V108/><F108/><W60/><G4/><T90/><D90/><U66/><E104/><V70/><F70/><W71/><G71/><T37/><D37/><U61/><E88/><V94/><F94/><W27/><G3/><T109/><D109/><U130/><E130/><V48/><F48/><W14/><G129/><T123/><D123/><U8/><E102/><V23/><F23/><W0/><G122/><T119/><D119/><U46/><E35/><V105/><F105/><W133/><G32/><T5/><D5/><U43/><E34/><V85/><F85/><W25/><G0/><T79/><D79/><U80/><E86/><V11/><F11/><W63/><G78/><T103/><D103/><U31/><E84/><V77/><F77/><W49/><G118/><T21/><D21/><U114/><E114/><V47/><F47/><W39/><G115/><T97/><D97/><U69/><E46/><V74/><F74/><W75/><G116/><T126/><D126/><U64/><E8/><RYUUKYOKU ba="0,1" sc="250,-10,250,-10,240,30,250,-10" hai2="38,40,44,51,52,57,58,65,91,95,98,132,135" /><INIT seed="1,1,1,2,2,25" ten="240,240,270,240" oya="1" hai0="78,52,113,54,83,74,70,90,56,119,23,122,65" hai1="84,104,75,81,34,4,72,32,109,31,39,111,99" hai2="134,67,14,29,10,126,127,120,71,37,44,61,132" hai3="46,101,112,68,6,1,9,16,2,30,96,50,66"/><U64/><E39/><V124/><F120/><W42/><G112/><T117/><D117/><U131/><E131/><V17/><REACH who="2" step="1"/><F29/><REACH who="2" ten="240,240,260,240" step="2"/><W128/><G30/><T36/><D36/><U85/><E31/><V69/><F69/><W7/><G128/><T130/><D130/><U95/><E109/><V123/><F123/><W55/><G68/><T80/><D80/><U60/><E111/><V18/><F18/><W135/><G16/><T93/><D93/><U3/><E104/><V125/><N who="2" m="31744" /><DORA hai="86" /><V13/><F13/><W5/><G135/><T63/><D63/><U8/><E81/><V40/><AGARI ba="1,2" hai="10,14,17,37,40,44,61,67,71,132,134" m="31744" machi="40" ten="60,7900,0" yaku="1,1,0,1,18,1,53,0" doraHai="25,86" doraHaiUra="115,51" who="2" fromWho="2" sc="240,-21,240,-40,260,102,240,-21" /><INIT seed="2,0,0,1,0,34" ten="219,200,362,219" oya="2" hai0="16,2,71,7,9,90,134,19,127,3,78,56,82" hai1="109,61,51,60,65,27,10,38,63,8,135,131,41" hai2="97,112,45,22,73,118,6,55,35,36,79,42,25" hai3="129,53,33,88,28,113,124,84,20,4,114,98,106"/><V111/><F118/><W48/><G33/><T62/><D62/><U26/><E109/><V108/><F112/><W15/><G124/><T70/><D70/><U0/><E131/><V21/><F6/><W93/><G129/><T23/><D23/><U14/><E135/><V12/><F55/><W121/><G121/><T126/><D126/><U17/><E38/><V67/><F67/><W32/><G32/><T75/><D75/><U31/><E65/><V59/><F59/><W125/><G125/><T39/><D39/><U110/><E110/><N who="2" m="42027" /><F12/><W120/><G120/><T119/><D119/><U43/><E51/><V77/><F97/><W24/><G4/><T81/><D81/><U58/><E58/><V11/><F11/><W13/><G114/><T101/><D101/><U74/><E74/><V122/><F122/><W99/><G113/><T130/><D130/><U86/><E86/><V64/><F64/><W52/><G53/><T85/><D85/><U87/><E87/><V92/><F92/><W30/><G15/><T69/><D69/><U47/><E47/><V104/><F104/><W5/><G106/><T18/><D18/><U128/><E128/><V68/><F68/><W50/><G13/><T57/><D57/><U83/><E83/><N who="2" m="45487" /><F79/><W133/><G5/><T96/><D96/><U49/><E49/><V72/><F72/><W123/><G48/><T40/><D40/><U115/><E115/><V95/><F95/><W46/><G123/><T102/><D102/><U1/><E41/><V29/><AGARI ba="0,0" hai="21,22,25,29,35,36,42,45" m="45487,42027" machi="29" ten="30,3000,0" yaku="14,1,10,1" doraHai="34" who="2" fromWho="2" sc="219,-10,200,-10,362,30,219,-10" /><INIT seed="2,1,0,0,3,131" ten="209,190,392,209" oya="2" hai0="12,46,22,44,58,111,132,135,7,59,11,69,119" hai1="42,64,125,23,33,96,93,76,128,49,122,118,86" hai2="31,30,75,116,67,34,87,16,82,88,36,38,91" hai3="84,85,14,25,105,17,113,114,1,60,8,78,65"/><V6/><F116/><W92/><G105/><T3/><D119/><U98/><E118/><V104/><F104/><W108/><G1/><T39/><D69/><U80/><E33/><V27/><F75/><W35/><G108/><T56/><D111/><U5/><E128/><V124/><F124/><W41/><G41/><T72/><D72/><U57/><E125/><V66/><F6/><W9/><G9/><T21/><D39/><U74/><E122/><V28/><F34/><W99/><G35/><T55/><D55/><U52/><E5/><V19/><F27/><W62/><G25/><T54/><D54/><U120/><E120/><V90/><F36/><W15/><G15/><T2/><D12/><U94/><E74/><V81/><F38/><W71/><G62/><T129/><D129/><U73/><E73/><V126/><F126/><W110/><G110/><T37/><D37/><U10/><E10/><V134/><F134/><N who="0" m="51242" /><D3/><U63/><E42/><V26/><F26/><W50/><G50/><T83/><D83/><U32/><E32/><V100/><F81/><W0/><G0/><T40/><D40/><U130/><E130/><V48/><F48/><W103/><G78/><T109/><D109/><U61/><E61/><V102/><F67/><W133/><G133/><T121/><D121/><U51/><E51/><V101/><F66/><W112/><AGARI ba="1,0" hai="8,14,17,60,65,71,84,85,92,99,103,112,113,114" machi="112" ten="30,2000,0" yaku="0,1,11,1" doraHai="131" who="3" fromWho="3" sc="209,-6,190,-6,392,-11,209,23" /><INIT seed="3,0,0,4,1,93" ten="203,184,381,232" oya="3" hai0="50,54,35,37,58,121,102,114,84,6,128,67,49" hai1="124,60,83,111,15,23,28,86,112,131,7,11,71" hai2="75,113,82,24,92,94,76,4,14,33,25,27,74" hai3="16,3,19,36,1,29,106,89,64,45,39,21,18"/><W101/><G64/><T108/><D121/><U80/><E112/><V88/><F113/><W123/><G123/><T115/><D35/><U98/><E111/><V52/><F74/><W68/><G68/><T118/><D6/><U95/><E124/><V70/><F70/><W69/><G69/><T56/><D102/><U122/><E122/><V30/><F92/><W42/><G39/><T63/><D84/><U17/><E131/><V5/><F52/><W126/><G126/><T62/><D37/><U87/><E28/><V104/><F104/><W43/><G43/><T119/><D108/><U34/><E34/><V99/><REACH who="2" step="1"/><F4/><REACH who="2" ten="203,184,371,232" step="2"/><W78/><G106/><T20/><D20/><U41/><E41/><V130/><F130/><W57/><G57/><T117/><D128/><U38/><E71/><V72/><F72/><W73/><G73/><T103/><D103/><U22/><E22/><V134/><F134/><W47/><G101/><T81/><D81/><U61/><E83/><V127/><F127/><W135/><G135/><T10/><D10/><AGARI ba="0,1" hai="5,10,14,24,25,27,30,33,75,76,82,88,94,99" machi="10" ten="40,5200,0" yaku="1,1,52,1,54,1,53,0" doraHai="93" doraHaiUra="132" who="2" fromWho="0" sc="203,-52,184,0,371,62,232,0" /><INIT seed="4,0,0,2,3,46" ten="151,184,433,232" oya="0" hai0="129,27,21,130,54,39,134,42,107,29,95,52,132" hai1="65,81,126,133,7,11,43,22,104,44,56,67,76" hai2="103,73,68,25,55,88,58,4,41,123,92,89,128" hai3="53,111,0,109,101,71,98,78,105,120,124,108,91"/><T122/><D107/><U87/><E126/><V34/><F68/><W35/><G0/><T63/><D122/><U26/><E133/><N who="0" m="51305" /><D95/><U113/><E104/><V9/><F123/><W24/><G120/><T69/><D69/><U38/><E56/><V79/><F41/><W47/><G71/><T16/><D63/><U84/><E113/><V121/><F128/><N who="0" m="49258" /><D29/><U72/><E67/><V32/><F121/><W100/><G100/><T45/><AGARI ba="0,0" hai="16,21,27,39,42,45,52,54" m="49258,51305" machi="45" ten="40,12000,1" yaku="20,1,19,1,54,2" doraHai="46" who="0" fromWho="0" sc="151,120,184,-40,433,-40,232,-40" /><INIT seed="4,1,0,3,2,100" ten="271,144,393,192" oya="0" hai0="2,112,41,101,50,29,56,97,70,83,86,21,60" hai1="17,11,90,47,84,0,119,59,53,122,66,111,105" hai2="33,63,62,73,96,132,76,129,85,102,72,121,34" hai3="109,116,95,79,61,23,107,99,81,14,37,93,16"/><T74/><D112/><U130/><E119/><V75/><F121/><W115/><G116/><T3/><D74/><U43/><E122/><V68/><F129/><W104/><G109/><T55/><D29/><U18/><E130/><V12/><F132/><W106/><G115/><T54/><D41/><U117/><E66/><V30/><F12/><W123/><G37/><T114/><D21/><U134/><E134/><V26/><F34/><W88/><G123/><T103/><D114/><U67/><E67/><N who="2" m="41079" /><F85/><W1/><G1/><T19/><D19/><U45/><E117/><V42/><F63/><W27/><G61/><T89/><D103/><U69/><E69/><V57/><F57/><W94/><REACH who="3" step="1"/><G14/><REACH who="3" ten="271,144,393,182" step="2"/><T51/><D70/><U108/><E108/><V77/><F42/><W125/><G125/><T58/><REACH who="0" step="1"/><D60/><REACH who="0" ten="261,144,393,182" step="2"/><U24/><E111/><V133/><F133/><W40/><G40/><T92/><AGARI ba="1,2" hai="2,3,50,51,54,55,56,58,83,86,89,92,97,101" machi="92" ten="20,18000,2" yaku="1,1,2,1,0,1,7,1,9,1,53,2" doraHai="100" doraHaiUra="49" who="0" fromWho="0" sc="261,203,144,-61,393,-61,182,-61" /><INIT seed="4,2,0,0,4,64" ten="464,83,332,121" oya="0" hai0="31,102,74,46,73,21,39,118,113,40,96,123,71" hai1="54,130,45,127,99,68,85,4,90,48,107,81,80" hai2="119,111,8,58,1,83,95,34,66,60,42,88,75" hai3="53,38,19,17,117,5,121,84,134,26,0,124,129"/><T28/><D118/><U15/><E127/><V67/><F119/><W33/><G53/><T3/><D123/><U2/><E130/><V103/><F34/><W122/><G84/><T97/><D113/><U18/><E2/><V32/><F32/><W12/><G38/><T65/><D3/><U82/><E4/><V77/><F111/><W9/><G117/><T37/><D21/><U92/><E107/><V49/><F103/><W131/><G124/><T110/><D110/><U126/><E126/><V87/><F1/><W89/><G89/><T132/><D132/><U52/><E68/><V62/><F8/><W43/><G43/><T51/><D51/><U78/><REACH who="1" step="1"/><E54/><REACH who="1" ten="464,73,332,121" step="2"/><V59/><F42/><W29/><G134/><T7/><D7/><U91/><E91/><V106/><F106/><W30/><G30/><T135/><D71/><U27/><E27/><V86/><F49/><W100/><G100/><T79/><D39/><U94/><E94/><V93/><F93/><W63/><G63/><T14/><D37/><U105/><E105/><V125/><F125/><W41/><G41/><T47/><D40/><U11/><AGARI ba="2,1" hai="11,15,18,45,48,52,78,80,81,82,85,90,92,99" machi="11" ten="20,8000,1" yaku="1,1,0,1,7,1,8,1,54,1,53,0" doraHai="64" doraHaiUra="116" who="1" fromWho="1" sc="464,-42,73,96,332,-22,121,-22" /><INIT seed="5,0,0,5,1,71" ten="422,169,310,99" oya="1" hai0="64,123,10,34,86,8,87,120,44,108,50,75,113" hai1="15,14,6,0,28,128,7,117,70,91,99,85,83" hai2="67,26,4,103,111,135,9,92,13,104,12,84,124" hai3="73,24,54,79,81,36,39,118,127,48,122,121,55"/><U16/><E117/><V30/><F111/><W119/><G127/><T29/><D108/><U33/><E70/><V101/><F124/><W51/><G24/><N who="0" m="18727" /><D75/><U1/><E128/><V125/><F135/><W56/><G122/><N who="0" m="46635" /><D64/><U41/><E41/><V62/><F125/><W3/><G3/><T78/><D113/><U109/><E109/><V72/><F72/><W66/><G66/><T11/><D78/><U77/><E28/><V59/><F104/><W35/><G35/><T93/><D93/><N who="1" m="56767" /><E33/><V40/><F40/><AGARI ba="0,0" hai="8,10,11,40,44,50,86,87" m="46635,18727" machi="40" ten="30,1000,0" yaku="13,1" doraHai="71" who="0" fromWho="2" sc="422,10,169,0,310,-10,99,0" /><INIT seed="6,0,0,1,0,12" ten="432,169,300,99" oya="2" hai0="74,113,112,133,98,119,122,18,131,28,45,129,100" hai1="82,126,103,116,72,33,17,38,135,3,54,86,1" hai2="96,102,114,80,58,125,120,10,15,41,128,134,21" hai3="20,40,89,88,90,14,75,78,95,124,105,73,94"/><V104/><F120/><W42/><G124/><T115/><D122/><U47/><E33/><V34/><F125/><W92/><G14/><T22/><D133/><U56/><E116/><V60/><F34/><W61/><G61/><T52/><D74/><N who="3" m="28169" /><G20/><T48/><D28/><U13/><E72/><V57/><F134/><W64/><G64/><T70/><D70/><U50/><E103/><V6/><F114/><W65/><G65/><T110/><D110/><U68/><E68/><V127/><F127/><W111/><G111/><T27/><D119/><U87/><E87/><V53/><F128/><W8/><G8/><T19/><D18/><U16/><E126/><V81/><F41/><N who="3" m="15979" /><G78/><T63/><D63/><U0/><E135/><V130/><F130/><W55/><G55/><T71/><D71/><U29/><E29/><V4/><F4/><W97/><G97/><T132/><D132/><U23/><E38/><V43/><F43/><W7/><G7/><T30/><D30/><U101/><E101/><V9/><F9/><W24/><G24/><T44/><D44/><U123/><E123/><V69/><F69/><W76/><G76/><T121/><D121/><U51/><E47/><V46/><F46/><W11/><G11/><T99/><D99/><U85/><E54/><V67/><F21/><W39/><G39/><T59/><D45/><U91/><E23/><V117/><F117/><W79/><G79/><T109/><D109/><U26/><E26/><V36/><F36/><W84/><G84/><T32/><D32/><U77/><E77/><V83/><F67/><W108/><G108/><RYUUKYOKU ba="0,0" sc="432,10,169,-30,300,10,99,10" hai0="19,22,27,48,52,59,98,100,112,113,115,129,131" hai2="6,10,15,53,57,58,60,80,81,83,96,102,104" hai3="88,89,90,92,94,95,105" /><INIT seed="6,1,0,1,2,124" ten="442,139,310,109" oya="2" hai0="95,71,74,91,125,132,27,84,72,48,46,32,47" hai1="58,89,70,75,82,9,66,130,128,111,63,126,120" hai2="24,29,34,104,0,85,102,25,79,77,106,59,73" hai3="44,100,86,116,90,112,43,26,60,23,109,83,64"/><V12/><F0/><W101/><G112/><T113/><D71/><U45/><E111/><V88/><F73/><W110/><G116/><T20/><D32/><U35/><E35/><V108/><F108/><W8/><G8/><T16/><D113/><U11/><E126/><V42/><F42/><W36/><G110/><T115/><D115/><U28/><E28/><V19/><F25/><W103/><G109/><T80/><D125/><U131/><E120/><V68/><F68/><W40/><G40/><T7/><D132/><U129/><E129/><V105/><F102/><W38/><G38/><T127/><D127/><U122/><E122/><V57/><F79/><W51/><G36/><T55/><D7/><U33/><E33/><V50/><F77/><W10/><G10/><N who="1" m="3594" /><E45/><V62/><F50/><W17/><REACH who="3" step="1"/><G103/><REACH who="3" ten="442,139,310,99" step="2"/><T118/><D118/><U69/><E89/><V96/><F96/><W56/><AGARI ba="1,1" hai="17,23,26,43,44,51,56,60,64,83,86,90,100,101" machi="56" ten="20,12000,2" yaku="1,1,2,1,0,1,7,1,8,1,53,2" doraHai="124" doraHaiUra="99" who="3" fromWho="3" sc="442,-31,139,-31,310,-61,99,133" /><INIT seed="7,0,0,4,3,16" ten="411,108,249,232" oya="3" hai0="59,102,61,121,87,20,5,126,135,48,65,40,76" hai1="22,101,110,66,124,68,8,132,92,122,69,134,30" hai2="79,57,31,78,130,116,105,45,83,51,60,10,32" hai3="77,44,33,90,9,67,86,64,2,125,6,29,111"/><W95/><G125/><T54/><D121/><U74/><E74/><V56/><F105/><W4/><G111/><T43/><D126/><U37/><E37/><V112/><F116/><W133/><G133/><T127/><D127/><U109/><E124/><V53/><F112/><W24/><G6/><T115/><D115/><U98/><E122/><V46/><F32/><W120/><G120/><T49/><D135/><U94/><E8/><V89/><F31/><W99/><G77/><N who="2" m="29193" /><F10/><W14/><G2/><T52/><D102/><U118/><E101/><V123/><F130/><W128/><G128/><T82/><D5/><U27/><E30/><V91/><F123/><W103/><REACH who="3" step="1"/><G44/><REACH who="3" ten="411,108,249,222" step="2"/><N who="2" m="17001" /><F83/><AGARI ba="0,1" hai="4,9,14,24,29,33,64,67,83,86,90,95,99,103" machi="83" ten="30,5800,0" yaku="1,1,7,1,53,1" doraHai="16" doraHaiUra="93" who="3" fromWho="2" sc="411,0,108,0,249,-58,222,68" /><INIT seed="7,1,0,5,5,55" ten="411,108,191,290" oya="3" hai0="78,34,1,28,8,132,76,43,12,9,130,32,111" hai1="135,134,66,92,128,23,100,81,63,4,59,69,37" hai2="42,90,115,122,2,5,102,36,121,54,131,0,110" hai3="96,17,14,46,93,24,21,86,103,84,16,49,72"/><W123/><G72/><T27/><D111/><U10/><E37/><V40/><F110/><W6/><G6/><T58/><D32/><U114/><E114/><V22/><F102/><W13/><G123/><N who="2" m="47113" /><F115/><W56/><G56/><T50/><D130/><U77/><E128/><V124/><F124/><W52/><G24/><T67/><D132/><U112/><E112/><V82/><F131/><W101/><G101/><T15/><D1/><N who="2" m="618" /><F5/><W29/><G29/><T109/><D109/><U97/><E23/><AGARI ba="1,0" hai="13,14,16,17,21,23,46,49,52,84,86,93,96,103" machi="23" ten="30,12000,1" yaku="7,1,9,1,8,1,54,2" doraHai="55" who="3" fromWho="1" sc="411,0,108,-123,191,0,290,123" owari="411,21.0,-15,-52.0,191,-21.0,413,52.0" /></mjloggm>