<mjloggm ver="2.3"><GO type="225" lobby="0"/><UN n0="%74%61%6B%75%61%6B%61" n1="%E3%81%BF%E3%81%A3%E3%81%A4%E3%81%83%EF%BD%9E" n2="%E9%98%BF%E4%BF%AE%E7%BE%85%E4%BD%B3%E5%A5%88" n3="%E3%82%A6%E3%83%AB%E3%83%88%E3%83%A9%E7%AB%8B%E7%9B%B4" dan="17,16,17,17" rate="2195.20,2097.40,2177.28,2211.39" sx="M,F,F,M"/><TAIKYOKU oya="0"/><INIT seed="0,0,0,4,3,135" ten="250,250,250,250" oya="0" hai0="106,80,50,19,132,37,0,126,56,134,129,14,74" hai1="110,82,123,36,16,130,51,44,39,105,79,83,72" hai2="102,85,32,84,29,122,92,10,61,13,98,54,91" hai3="5,2,68,90,21,77,69,133,8,53,88,7,57"/><T40/><D0/><U86/><E123/><V28/><F122/><W127/><G77/><N who="0" m="44087" /><D106/><U41/><E105/><V9/><F32/><W42/><G42/><T100/><D100/><U108/><E130/><V35/><F35/><W89/><G133/><N who="0" m="51307" /><D37/><U31/><E31/><V55/><F10/><W24/><G127/><T47/><D56/><U3/><E3/><V11/><F11/><W121/><G7/><T94/><D94/><U65/><E65/><V107/><F84/><W103/><G121/><T49/><D49/><U78/><REACH who="1" step="1"/><E16/><REACH who="1" ten="250,240,250,250" step="2"/><V4/><F29/><W66/><G66/><T34/><D129/><U95/><E95/><V60/><F28/><W119/><G119/><T87/><D34/><U116/><E116/><V120/><F120/><W25/><G2/><T64/><D64/><U117/><E117/><V15/><F15/><W124/><G69/><T71/><D19/><U23/><E23/><V59/><F107/><W75/><G21/><T101/><D14/><U26/><E26/><V81/><F13/><W1/><G25/><T38/><D71/><U27/><E27/><V113/><F9/><W73/><G24/><T48/><D38/><AGARI ba="0,1" hai="36,38,39,41,44,51,72,78,79,82,83,86,108,110" machi="38" ten="40,1300,0" yaku="1,1,53,0" doraHai="135" doraHaiUra="17" who="1" fromWho="0" sc="250,-13,240,23,250,0,250,0" /><INIT seed="1,0,0,0,0,13" ten="237,263,250,250" oya="1" hai0="130,134,86,56,110,54,97,82,5,115,67,112,51" hai1="87,57,135,129,111,36,30,103,2,128,119,0,27" hai2="81,28,55,84,19,3,131,50,25,58,65,8,62" hai3="10,7,73,99,94,22,68,85,53,32,132,33,61"/><U70/><E70/><V48/><F131/><N who="1" m="50249" /><E119/><V43/><F3/><N who="1" m="1065" /><E135/><V72/><F72/><W104/><G73/><T49/><D130/><U6/><E111/><V17/><F8/><W14/><G104/><T69/><D110/><U90/><E6/><V47/><F28/><W38/><G132/><T34/><D5/><U80/><E36/><V107/><F107/><W29/><G38/><T101/><D34/><N who="1" m="20831" /><E57/><N who="2" m="32999" /><F25/><N who="3" m="16567" /><G68/><T64/><D134/><U31/><E31/><V59/><F59/><N who="3" m="35055" /><G33/><T24/><D69/><U114/><E103/><V1/><F1/><W88/><G32/><T45/><D24/><U77/><E114/><V26/><F26/><W122/><G122/><T102/><D115/><U92/><E92/><V18/><F18/><W133/><G133/><T89/><D112/><U52/><E52/><V4/><F4/><W60/><G60/><T127/><D102/><U42/><E42/><V118/><F118/><W95/><G95/><N who="0" m="58559" /><D127/><U113/><E113/><V79/><AGARI ba="0,0" hai="17,19,43,47,50,58,62,65,79,81,84" m="32999" machi="79" ten="30,4000,0" yaku="8,1,52,2" doraHai="13" who="2" fromWho="2" sc="237,-10,263,-20,250,40,250,-10" /><INIT seed="2,0,0,5,0,90" ten="227,243,290,240" oya="2" hai0="122,117,51,71,2,86,68,58,77,63,73,94,19" hai1="40,5,119,24,57,113,25,50,110,11,92,106,115" hai2="130,121,36,79,46,48,15,104,72,76,10,74,17" hai3="42,103,56,62,45,88,108,116,127,59,31,91,44"/><V64/><F121/><W84/><G116/><T26/><D122/><U125/><E106/><V52/><F104/><W16/><G108/><T83/><D2/><U124/><E110/><V98/><F130/><W60/><G127/><N who="1" m="48714" /><E119/><V21/><F64/><W37/><G31/><T20/><D51/><U55/><E40/><V30/><F36/><W135/><G103/><T43/><D43/><U129/><E129/><V6/><F30/><W66/><G135/><T32/><D32/><U80/><E80/><V111/><F111/><W102/><G102/><T123/><D123/><U67/><E67/><V0/><F98/><W101/><G101/><T53/><REACH who="0" step="1"/><D117/><REACH who="0" ten="217,243,290,240" step="2"/><U23/><E115/><V39/><F39/><W1/><G1/><T34/><D34/><U12/><E113/><V93/><F0/><W3/><G3/><T47/><D47/><U14/><E50/><V109/><F109/><W131/><G131/><T38/><D38/><U99/><E57/><V18/><F46/><W61/><G45/><T27/><D27/><U105/><E25/><V65/><F48/><W29/><G59/><T69/><D69/><U13/><E24/><V100/><F15/><W128/><G128/><T134/><D134/><U70/><E70/><V28/><F28/><W132/><G29/><T85/><D85/><U118/><E118/><V89/><F74/><W41/><G84/><T120/><D120/><U95/><E14/><V78/><F72/><W22/><G42/><T4/><D4/><U9/><E9/><V96/><F6/><W8/><G8/><T112/><D112/><U82/><E11/><RYUUKYOKU ba="0,1" sc="217,30,243,-10,290,-10,240,-10" hai0="19,20,26,53,58,63,68,71,73,77,83,86,94" /><INIT seed="3,1,1,4,2,88" ten="247,233,280,230" oya="3" hai0="125,44,7,27,18,38,132,53,54,127,86,30,59" hai1="94,39,133,96,56,130,77,34,73,33,40,61,50" hai2="13,129,78,23,8,63,55,62,106,121,68,41,0" hai3="64,87,118,114,108,102,52,122,95,15,17,58,6"/><W25/><G114/><T83/><D7/><U24/><E39/><V57/><F106/><W10/><G118/><T92/><D18/><U5/><E5/><V60/><F41/><W4/><G122/><T72/><D72/><U100/><E130/><V79/><F0/><W119/><G119/><T109/><D109/><U11/><E133/><V36/><F36/><W3/><G3/><T99/><D38/><U32/><E11/><V107/><F107/><W135/><G135/><T128/><D44/><U37/><E37/><V22/><F68/><W28/><G108/><T51/><D54/><U76/><E24/><V16/><F129/><W90/><G64/><T89/><D128/><U47/><REACH who="1" step="1"/><E73/><REACH who="1" ten="247,223,280,230" step="2"/><V45/><F121/><W115/><G115/><T117/><D132/><U1/><E1/><V126/><F126/><W20/><G102/><T80/><D117/><U46/><E46/><V123/><F45/><W71/><G71/><T120/><D120/><U85/><E85/><V49/><F123/><W29/><G4/><T69/><D69/><U67/><AGARI ba="1,2" hai="32,33,34,40,47,50,56,61,67,76,77,94,96,100" machi="67" ten="30,4000,0" yaku="1,1,0,1,52,1,53,0" doraHai="88" doraHaiUra="81" who="1" fromWho="1" sc="247,-11,223,63,280,-11,230,-21" /><INIT seed="4,0,0,0,5,24" ten="236,286,269,209" oya="0" hai0="135,71,66,33,14,82,122,101,6,44,84,3,19" hai1="23,118,13,76,119,38,83,109,81,63,70,20,102" hai2="43,89,108,34,21,93,5,100,56,110,36,69,39" hai3="120,10,17,40,79,7,133,88,129,106,52,28,92"/><T78/><D122/><U1/><E1/><V0/><F69/><W91/><G106/><T75/><D33/><U121/><E38/><V51/><F34/><W98/><G120/><T126/><D126/><U85/><E109/><V114/><F39/><W27/><G129/><T67/><D135/><U59/><E121/><V134/><F100/><W113/><G133/><T55/><D71/><U65/><E102/><V22/><F134/><W47/><G113/><T95/><D3/><U104/><E104/><V132/><F132/><W54/><G79/><T87/><D6/><U96/><E96/><V123/><F123/><W94/><G17/><T72/><D72/><U73/><E70/><V115/><F36/><W35/><G40/><T61/><D75/><U4/><E23/><V124/><F124/><W46/><G47/><T49/><D61/><U97/><E97/><N who="2" m="57519" /><F108/><W30/><G46/><T53/><D53/><N who="3" m="20585" /><G27/><T12/><D12/><U41/><E41/><V18/><F110/><W9/><G35/><T86/><D101/><U74/><E74/><V107/><F107/><W37/><G37/><T15/><D15/><U58/><E58/><V99/><F56/><W25/><G25/><T60/><D95/><U64/><E64/><N who="0" m="24617" /><D60/><U32/><E32/><V131/><F131/><W90/><G94/><T77/><D77/><N who="1" m="46319" /><E4/><V125/><F125/><W116/><G116/><T26/><D26/><U29/><E13/><N who="2" m="9423" /><F5/><W112/><G112/><N who="2" m="43049" /><F0/><N who="3" m="231" /><G10/><AGARI ba="0,0" hai="10,14,19,44,49,55,78,82,84,86,87" m="24617" machi="10" ten="30,1500,0" yaku="8,1" doraHai="24" who="0" fromWho="3" sc="236,15,286,0,269,0,209,-15" /><INIT seed="4,1,0,1,2,125" ten="251,286,269,194" oya="0" hai0="130,123,54,121,47,6,116,66,94,83,22,26,129" hai1="117,106,120,74,73,51,33,115,80,119,28,67,34" hai2="2,20,55,78,113,122,32,57,118,53,40,102,68" hai3="0,8,23,81,92,86,87,43,17,79,108,13,25"/><T63/><D6/><U99/><E120/><V15/><F122/><W107/><G107/><T10/><D10/><U37/><E37/><V98/><F68/><W70/><G108/><T4/><D4/><U91/><E51/><V42/><F32/><N who="1" m="12393" /><E28/><V44/><F2/><W69/><G0/><T110/><D94/><U100/><E91/><V31/><F113/><W82/><G43/><T41/><D83/><U24/><E24/><V52/><F118/><N who="1" m="45065" /><E80/><V1/><F1/><W133/><G133/><T95/><D54/><U16/><E16/><V9/><F78/><W112/><G112/><T50/><D95/><U56/><E115/><V29/><F57/><W111/><G111/><T46/><D46/><U65/><E56/><V97/><F20/><W14/><G92/><T131/><D116/><U93/><E93/><V5/><F42/><W30/><REACH who="3" step="1"/><G13/><REACH who="3" ten="251,286,269,184" step="2"/><T85/><D110/><U126/><E106/><V60/><F40/><W61/><G61/><T84/><D121/><U134/><E134/><V132/><F132/><W103/><G103/><T27/><D123/><U48/><E100/><V3/><F60/><W35/><G35/><T135/><D135/><U101/><E101/><V127/><F102/><W39/><G39/><T71/><D27/><U12/><E12/><V49/><F3/><W36/><G36/><T114/><D114/><U62/><E62/><V109/><F109/><W124/><G124/><T72/><D72/><U76/><E126/><V19/><F127/><W45/><G45/><T59/><D71/><U58/><E74/><V11/><F44/><W38/><G38/><RYUUKYOKU ba="1,1" sc="251,15,286,-15,269,-15,184,15" hai0="22,26,41,47,50,59,63,66,84,85,129,130,131" hai3="8,14,17,23,25,30,69,70,79,81,82,86,87" /><INIT seed="4,2,1,2,1,46" ten="266,271,254,199" oya="0" hai0="91,22,13,94,78,105,3,110,16,0,108,93,132" hai1="62,4,50,25,41,23,64,128,43,58,70,73,69" hai2="124,72,45,81,67,60,74,52,65,104,44,125,40" hai3="119,135,47,130,15,14,2,33,111,102,35,48,82"/><T6/><D105/><U68/><E73/><V106/><F81/><W90/><G111/><N who="0" m="42539" /><D132/><U83/><E4/><V39/><F60/><W115/><G119/><T100/><D78/><U113/><E83/><V12/><F12/><N who="3" m="4651" /><G2/><T97/><D6/><U134/><E23/><V76/><F76/><W129/><G102/><T32/><D32/><U5/><E25/><V63/><F63/><W17/><G135/><T55/><D55/><N who="1" m="32119" /><E5/><V114/><F114/><W1/><G1/><T116/><D116/><U95/><E95/><V38/><F40/><N who="1" m="15433" /><E134/><V101/><F101/><W86/><G17/><T10/><D22/><U87/><E87/><AGARI ba="2,1" hai="0,3,10,13,16,87,91,93,94,97,100" m="42539" machi="87" ten="30,2900,0" yaku="10,1,54,1" doraHai="46" who="0" fromWho="1" sc="266,45,271,-35,254,0,199,0" owari="311,41.0,236,-16.0,254,5.0,199,-30.0" /></mjloggm>