<mjloggm ver="2.3"><GO type="169" lobby="0"/><UN n0="%6A%69%6E%6B%61%69" n1="%E3%81%A4%E3%81%A3%E3%81%8D%EF%BD%9E%32%6E%64" n2="%E3%82%A6%E3%83%AB%E3%83%88%E3%83%A9%E7%AB%8B%E7%9B%B4" n3="%6B%6F%6A%69%6D%6F%6E%39" dan="17,16,18,16" rate="2109.14,2125.24,2197.39,2122.12" sx="M,M,M,M"/><TAIKYOKU oya="0"/><INIT seed="0,0,0,0,4,115" ten="250,250,250,250" oya="0" hai0="54,80,82,113,18,24,62,84,28,122,97,91,76" hai1="124,60,125,77,40,95,90,25,42,93,17,70,13" hai2="55,102,2,32,87,96,68,48,131,52,85,41,30" hai3="67,50,127,130,35,121,27,64,51,134,37,74,112"/><T75/><D122/><U72/><E72/><V89/><F2/><W118/><RYUUKYOKU type="yao9" ba="0,0" sc="250,0,250,0,250,0,250,0" hai3="27,35,37,50,51,64,67,74,112,118,121,127,130,134" /><INIT seed="0,1,0,3,2,25" ten="250,250,250,250" oya="0" hai0="30,27,45,53,79,40,128,75,127,111,114,29,97" hai1="47,58,13,8,38,107,64,133,89,82,10,131,105" hai2="32,85,83,120,106,15,66,124,73,93,118,23,78" hai3="7,41,76,6,21,61,70,35,113,16,62,68,24"/><T36/><D114/><U3/><E131/><V4/><F32/><W69/><G113/><T1/><D1/><U109/><E109/><V98/><F120/><W86/><G41/><T104/><D111/><U46/><E133/><V11/><F124/><W101/><G101/><T49/><D127/><U117/><E117/><V9/><F118/><W54/><G35/><T123/><D123/><U88/><E3/><V14/><F66/><W18/><G18/><T55/><D128/><U84/><E38/><V28/><F106/><W57/><REACH who="3" step="1"/><G62/><REACH who="3" ten="250,250,250,240" step="2"/><T96/><D36/><U116/><E116/><V42/><F42/><W100/><G100/><T67/><D104/><U26/><E107/><V59/><F4/><W122/><G122/><T12/><D40/><U72/><E105/><V20/><F9/><W17/><G17/><T60/><D60/><U65/><E10/><V87/><F11/><W81/><AGARI ba="1,1" hai="6,7,16,21,24,54,57,61,68,69,70,76,81,86" machi="81" ten="40,5200,0" yaku="1,1,0,1,54,1,53,0" doraHai="25" doraHaiUra="115" who="3" fromWho="3" sc="250,-27,250,-14,250,-14,240,65" /><INIT seed="1,0,0,2,1,62" ten="223,236,236,305" oya="1" hai0="25,63,55,5,119,51,4,92,20,114,6,91,53" hai1="87,109,131,9,105,124,15,12,123,19,64,122,47" hai2="52,26,61,60,22,18,103,39,121,76,32,104,34" hai3="125,33,99,113,31,102,79,36,134,27,58,69,16"/><U95/><E105/><V86/><F121/><W118/><G69/><T94/><D114/><U71/><E131/><V84/><F39/><W0/><G36/><T41/><D119/><U29/><E124/><V59/><F61/><W93/><G113/><T101/><D101/><U98/><E109/><V120/><F120/><W43/><G0/><T38/><D38/><U7/><E29/><V1/><F1/><W72/><G43/><T126/><D126/><U117/><E117/><V49/><F103/><W97/><G134/><T57/><D41/><U30/><E30/><V77/><F104/><W13/><G125/><T46/><REACH who="0" step="1"/><D91/><REACH who="0" ten="213,236,236,305" step="2"/><U14/><E123/><V54/><F34/><W66/><G118/><T133/><D133/><U65/><E122/><V68/><F32/><W21/><G102/><T116/><D116/><U17/><E71/><V83/><F68/><W81/><G93/><T2/><D2/><U82/><E95/><V135/><F135/><W78/><G79/><T67/><D67/><U45/><E64/><V132/><F132/><W110/><G110/><T28/><AGARI ba="0,1" hai="4,5,6,20,25,28,46,51,53,55,57,63,92,94" machi="28" ten="30,8000,1" yaku="1,1,0,1,8,1,53,2" doraHai="62" doraHaiUra="48" who="0" fromWho="0" sc="213,90,236,-40,236,-20,305,-20" /><INIT seed="2,0,0,3,2,110" ten="303,196,216,285" oya="2" hai0="88,51,57,67,111,127,35,102,18,104,120,66,49" hai1="25,124,5,70,60,90,20,41,135,73,34,30,84" hai2="62,106,112,116,33,130,2,87,31,97,91,36,52" hai3="96,119,86,61,22,103,40,98,16,11,45,82,133"/><V46/><F2/><W99/><G119/><T108/><D35/><U85/><E73/><V126/><F116/><W13/><G61/><T125/><D102/><U81/><E135/><V68/><F112/><W71/><G71/><T23/><D104/><U95/><E124/><N who="0" m="47689" /><D120/><U74/><E74/><V121/><F121/><W117/><G117/><T54/><D88/><U29/><E29/><V19/><F19/><W78/><G133/><T94/><D94/><U50/><E5/><V39/><F126/><W43/><G43/><T15/><D51/><U115/><E115/><V107/><F107/><W76/><G76/><T28/><D28/><U80/><E34/><V118/><F118/><W9/><REACH who="3" step="1"/><G103/><REACH who="3" ten="303,196,216,275" step="2"/><T12/><D108/><U64/><E41/><N who="2" m="22823" /><F62/><W83/><G83/><T24/><D111/><U47/><E81/><V100/><F68/><W77/><G77/><T63/><D66/><U69/><E69/><AGARI ba="0,1" hai="12,15,18,23,24,49,54,57,63,67,69" m="47689" machi="69" ten="30,1000,0" yaku="18,1" doraHai="110" who="0" fromWho="1" sc="303,20,196,-10,216,0,275,0" /><INIT seed="3,0,0,1,2,82" ten="323,186,216,275" oya="3" hai0="97,127,126,90,37,117,69,91,22,75,113,12,72" hai1="40,55,105,123,43,135,88,86,16,92,67,64,94" hai2="52,25,116,15,118,7,71,99,110,29,119,3,57" hai3="76,93,84,101,26,80,56,106,130,107,44,38,34"/><W74/><G56/><T48/><D69/><U41/><E123/><V45/><F71/><W129/><G44/><T31/><D37/><U6/><E135/><V54/><F110/><W47/><G47/><T114/><D48/><U60/><E105/><N who="3" m="39946" /><G38/><T33/><D33/><U131/><E131/><N who="3" m="50186" /><G26/><N who="0" m="16855" /><D12/><U23/><E94/><V63/><F3/><W115/><G34/><T14/><D14/><N who="1" m="9623" /><E6/><V46/><F99/><N who="3" m="59631" /><G115/><N who="0" m="44043" /><D117/><U62/><E55/><V4/><F54/><W11/><G11/><T87/><D97/><U134/><E134/><V28/><F28/><W59/><G59/><T49/><D49/><U39/><E39/><V77/><F46/><W98/><G98/><T89/><D75/><AGARI ba="0,0" hai="74,75,76,80,84" m="59631,50186,39946" machi="75" ten="30,11600,0" yaku="19,1,34,2,52,1" doraHai="82" who="3" fromWho="0" sc="323,-116,186,0,216,0,275,116" /><INIT seed="3,1,0,2,1,79" ten="207,186,216,391" oya="3" hai0="78,54,133,117,88,123,130,4,34,51,24,112,81" hai1="26,45,103,47,14,104,109,89,3,23,82,108,11" hai2="63,29,113,21,40,107,25,22,118,122,125,6,55" hai3="65,43,87,13,7,49,95,126,10,66,128,59,1"/><W76/><G128/><T102/><D123/><U73/><E3/><V70/><F107/><W31/><G126/><T72/><D117/><U2/><E2/><V132/><F118/><W75/><G75/><T30/><D130/><U120/><E120/><V83/><F113/><W101/><G31/><T96/><D112/><U5/><E104/><V68/><F125/><W32/><G32/><T91/><D4/><U100/><E100/><V115/><F115/><W60/><G1/><T71/><D71/><U39/><E103/><V121/><F6/><W0/><G0/><T98/><D133/><U15/><E15/><V50/><F40/><W131/><G131/><T74/><D74/><U27/><E27/><V105/><F105/><W111/><G111/><N who="1" m="42570" /><E39/><V52/><F132/><W33/><G33/><T8/><D8/><U16/><E89/><V99/><F25/><W77/><G66/><T46/><REACH who="0" step="1"/><D102/><REACH who="0" ten="197,186,216,391" step="2"/><U129/><E129/><V134/><F70/><W44/><G101/><T116/><D116/><U86/><E73/><V67/><F68/><W37/><G37/><T9/><D9/><U19/><E5/><V56/><F134/><W12/><G10/><T18/><D18/><U17/><E17/><V93/><F122/><W119/><G119/><T124/><D124/><U41/><E41/><V110/><F121/><W97/><G7/><T62/><D62/><U69/><E69/><V36/><F63/><W58/><G60/><T80/><D80/><U135/><E135/><V57/><F83/><W127/><G127/><T84/><D84/><U48/><E48/><V106/><F50/><RYUUKYOKU ba="1,1" sc="197,15,186,15,216,-15,391,-15" hai0="24,30,34,46,51,54,72,78,81,88,91,96,98" hai1="11,14,16,19,23,26,45,47,82,86" /><INIT seed="4,2,1,0,1,129" ten="212,201,201,376" oya="0" hai0="71,66,77,92,45,132,108,79,35,134,127,106,9" hai1="118,78,0,57,15,75,41,95,18,109,46,122,99" hai2="19,61,3,50,126,22,115,123,120,116,84,88,125" hai3="80,54,124,17,10,89,94,70,31,103,42,6,104"/><T121/><D121/><U4/><E109/><V101/><F3/><W67/><G42/><T128/><D108/><U65/><E118/><V48/><F101/><W12/><G124/><N who="2" m="47721" /><F61/><W96/><G31/><T33/><D127/><U2/><E122/><N who="2" m="46635" /><F115/><W39/><G39/><T40/><D106/><U53/><E65/><V112/><F112/><W7/><G67/><T107/><D107/><U100/><E4/><V110/><F110/><W37/><G37/><T130/><D92/><U69/><E69/><V43/><F43/><W14/><G70/><T29/><D9/><U114/><E114/><V86/><F86/><N who="3" m="50375" /><G104/><T98/><D98/><U81/><E41/><V44/><F44/><W62/><G12/><T82/><D66/><U20/><REACH who="1" step="1"/><E46/><REACH who="1" ten="212,191,201,376" step="2"/><V47/><F47/><W56/><AGARI ba="2,2" hai="6,7,10,14,17,54,56,62,94,96,103" m="50375" machi="56" ten="30,1100,0" yaku="8,1" doraHai="129" who="3" fromWho="3" sc="212,-7,191,-5,201,-5,376,37" /><INIT seed="5,0,0,3,0,89" ten="205,186,196,413" oya="1" hai0="88,74,17,7,33,23,37,121,50,32,27,123,135" hai1="43,116,100,94,69,95,59,109,65,104,30,64,105" hai2="66,55,134,13,10,101,124,118,114,4,35,125,90" hai3="44,0,48,117,132,103,87,108,24,12,72,75,111"/><U73/><E116/><V107/><F118/><W119/><G0/><T85/><D74/><U130/><E69/><V53/><F35/><W61/><G61/><T63/><D37/><U80/><E130/><V68/><F134/><W83/><G12/><T102/><D102/><U56/><E109/><V110/><F110/><W76/><G24/><T34/><D135/><U22/><E43/><V86/><F114/><W51/><G51/><T70/><D7/><U97/><E105/><V93/><F101/><W82/><G48/><T113/><D50/><U36/><E36/><V5/><F5/><W128/><G44/><T131/><D113/><U31/><E104/><V25/><F25/><W133/><G103/><T9/><D9/><U11/><E11/><V19/><F107/><W8/><G8/><T6/><D6/><U39/><E39/><V52/><F4/><W16/><G16/><T81/><REACH who="0" step="1"/><D131/><REACH who="0" ten="195,186,196,413" step="2"/><U46/><E73/><V47/><F47/><W54/><G128/><T45/><D45/><U60/><E46/><V1/><F1/><W77/><G119/><T40/><D40/><U28/><E22/><V84/><F124/><W120/><G117/><T42/><D42/><U99/><E100/><V29/><F125/><W79/><G111/><T15/><D15/><U129/><E129/><V41/><F41/><W92/><G108/><T2/><D2/><U96/><E80/><V3/><F3/><W127/><G132/><T38/><D38/><U18/><E18/><V91/><F29/><W14/><G133/><T78/><D78/><U26/><E26/><V57/><F10/><RYUUKYOKU ba="0,1" sc="195,15,186,15,196,-15,413,-15" hai0="17,23,27,32,33,34,63,70,81,85,88,121,123" hai1="28,30,31,56,59,60,64,65,94,95,96,97,99" /><INIT seed="5,1,1,4,3,43" ten="210,201,181,398" oya="1" hai0="3,41,39,98,67,50,76,1,47,42,69,46,83" hai1="95,125,59,80,17,60,102,49,21,114,9,126,123" hai2="38,37,30,23,115,129,22,35,135,34,75,70,18" hai3="14,121,55,77,89,84,127,133,118,108,53,119,100"/><U36/><E123/><V40/><F70/><W2/><G2/><T87/><REACH who="0" step="1"/><D98/><REACH who="0" ten="200,201,181,398" step="2"/><U12/><E126/><V132/><F135/><W128/><G121/><T72/><D72/><U112/><E125/><V103/><F75/><W28/><G119/><T104/><D104/><U7/><E114/><V134/><F115/><W24/><G118/><T20/><D20/><U45/><E112/><V25/><F23/><W61/><G127/><T81/><D81/><U111/><E80/><V57/><F22/><W52/><G108/><T8/><D8/><U0/><E111/><V68/><F134/><W116/><G116/><T54/><D54/><U86/><E21/><V56/><F132/><W78/><G55/><T27/><D27/><U79/><E9/><V106/><F25/><W113/><G52/><T4/><D4/><U88/><E7/><V124/><F106/><W117/><G53/><T107/><D107/><U63/><E60/><AGARI ba="1,2" hai="1,3,39,41,42,46,47,50,60,67,69,76,83,87" machi="60" ten="40,8000,1" yaku="21,2,52,2,53,0" doraHai="43" doraHaiUra="97" who="0" fromWho="1" sc="200,103,201,-83,181,0,398,0" /><INIT seed="6,0,0,4,2,73" ten="303,118,181,398" oya="2" hai0="127,8,35,113,106,32,112,104,114,119,36,26,93" hai1="98,15,79,71,97,46,60,131,33,52,5,115,28" hai2="54,74,10,122,63,80,44,108,65,85,17,83,2" hai3="94,126,101,53,64,19,6,40,30,45,130,23,37"/><V103/><F122/><W124/><G64/><T69/><D36/><U109/><E109/><V77/><F108/><W24/><G6/><T49/><D119/><U11/><E115/><V67/><F103/><W95/><G130/><T50/><D127/><N who="3" m="48681" /><G101/><T43/><D93/><N who="3" m="35337" /><G53/><T87/><D87/><U27/><E131/><V105/><F105/><N who="0" m="40554" /><D8/><U90/><E90/><V51/><F63/><W9/><G9/><T125/><D125/><U59/><E71/><V21/><F2/><W133/><G133/><T56/><D69/><U62/><E62/><V34/><F34/><N who="0" m="12842" /><D26/><U12/><E12/><V91/><REACH who="2" step="1"/><F10/><REACH who="2" ten="303,118,171,398" step="2"/><W82/><G37/><T89/><D112/><U68/><E68/><V14/><AGARI ba="0,1" hai="14,17,21,44,51,54,65,67,74,77,80,83,85,91" machi="14" ten="20,12000,1" yaku="1,1,2,1,0,1,7,1,52,1,53,0" doraHai="73" doraHaiUra="3" who="2" fromWho="2" sc="303,-40,118,-40,171,130,398,-40" /><INIT seed="6,1,0,0,2,102" ten="263,78,301,358" oya="2" hai0="8,44,68,7,54,91,109,117,115,45,128,1,30" hai1="5,87,48,86,70,39,83,90,3,80,15,58,62" hai2="55,27,84,135,37,112,122,22,51,89,126,42,88" hai3="43,41,57,29,35,77,93,111,116,124,92,119,69"/><V133/><F122/><W78/><G69/><T96/><D109/><U31/><E39/><V74/><F74/><W61/><G111/><T75/><D75/><U49/><E3/><V106/><F106/><W17/><G35/><T72/><D72/><U38/><E38/><V65/><F65/><W132/><G29/><T71/><D117/><U121/><E121/><V130/><F126/><W97/><G93/><T9/><D128/><U113/><E113/><V53/><F130/><W25/><G124/><T20/><D115/><U99/><E70/><V131/><F131/><W14/><G25/><T46/><D54/><N who="2" m="20490" /><F51/><W12/><G12/><N who="0" m="5151" /><D68/><U73/><E73/><V94/><F112/><W56/><G56/><T16/><D71/><U4/><E31/><N who="2" m="17911" /><F42/><N who="3" m="15883" /><G116/><T123/><D1/><U10/><E99/><V34/><F34/><W36/><G36/><T120/><D123/><U32/><E32/><V104/><F37/><W63/><G119/><T118/><D120/><U103/><E103/><V11/><F11/><N who="3" m="6367" /><G63/><T105/><D105/><U59/><E5/><V76/><F104/><W23/><G61/><T110/><D110/><U28/><E28/><V114/><F114/><W66/><G66/><T95/><D118/><U47/><E62/><V129/><F129/><W26/><G57/><T134/><D134/><N who="2" m="51210" /><F94/><W50/><G50/><N who="1" m="19562" /><E47/><V79/><F84/><W98/><G132/><T24/><D44/><U0/><E0/><V127/><F127/><W100/><G98/><T19/><D30/><U21/><E21/><V101/><F101/><W6/><G6/><T40/><D40/><U64/><E64/><RYUUKYOKU ba="1,0" sc="263,0,78,0,301,0,358,0" hai0="9,16,19,20,24,45,46,91,95,96" hai1="4,10,15,58,59,80,83,86,87,90" hai2="76,79,88,89" hai3="23,26,77,78,92,97,100" /><INIT seed="6,2,0,0,2,3" ten="263,78,301,358" oya="2" hai0="111,84,18,51,123,4,78,115,102,25,39,105,54" hai1="20,29,63,128,50,33,75,95,118,89,93,129,120" hai2="49,71,6,99,67,2,23,40,32,28,110,76,24" hai3="113,70,41,61,90,34,17,27,13,57,60,43,56"/><V121/><F121/><W10/><G70/><T101/><D39/><U8/><E118/><V30/><F110/><W15/><G113/><T31/><D111/><U127/><E33/><V94/><F76/><W97/><G34/><T86/><D115/><U62/><E127/><V12/><F71/><W100/><G27/><T66/><D66/><U0/><E75/><V1/><F67/><W7/><G90/><T107/><D18/><U112/><E112/><V45/><F30/><W46/><G46/><T36/><D36/><U103/><E103/><V59/><F59/><W122/><G122/><T42/><D42/><U133/><E120/><V131/><F131/><W68/><G68/><T64/><D64/><U53/><E133/><V119/><F119/><W74/><G74/><T91/><D78/><U81/><E81/><V117/><F117/><W125/><G125/><T83/><D86/><U85/><E95/><V87/><F87/><W55/><G97/><T19/><D19/><U16/><E29/><V69/><F69/><W106/><G100/><N who="0" m="38507" /><D4/><U58/><E129/><V88/><REACH who="2" step="1"/><F32/><REACH who="2" ten="263,78,291,358" step="2"/><W82/><G57/><N who="0" m="32991" /><D123/><U11/><E128/><V21/><F21/><W132/><G56/><T98/><D98/><U48/><E48/><V109/><F109/><W116/><G116/><T65/><D65/><U35/><E35/><V104/><F104/><W114/><G106/><T52/><D105/><U44/><E44/><V37/><F37/><W73/><G114/><T38/><D107/><U80/><E20/><V77/><F77/><W26/><G73/><T14/><D38/><U130/><E130/><RYUUKYOKU ba="2,1" sc="263,-10,78,-10,291,30,358,-10" hai2="1,2,6,12,23,24,28,40,45,49,88,94,99" /><INIT seed="6,3,1,4,1,62" ten="253,68,321,348" oya="2" hai0="127,16,103,111,98,67,110,78,112,108,115,61,34" hai1="100,4,39,2,60,124,18,113,49,85,20,15,31" hai2="119,3,128,71,26,46,37,125,12,35,10,29,75" hai3="135,5,17,36,95,27,59,32,33,43,123,54,77"/><V28/><F75/><W22/><G123/><T6/><D6/><U129/><E39/><V109/><F71/><W47/><G135/><T65/><D127/><U96/><E124/><V99/><F125/><W74/><G5/><T107/><D34/><U121/><E121/><V102/><F119/><W82/><G95/><T38/><D38/><U25/><E113/><N who="0" m="43593" /><D78/><U7/><E129/><V89/><F128/><W69/><G69/><T63/><D16/><U83/><E2/><V120/><F120/><W41/><G41/><T30/><D30/><U80/><E49/><AGARI ba="3,1" hai="17,22,27,32,33,36,43,47,49,54,59,74,77,82" machi="49" ten="30,1000,0" yaku="7,1" doraHai="62" who="3" fromWho="1" sc="253,0,68,-19,321,0,348,29" /><INIT seed="7,0,0,4,2,75" ten="253,49,321,377" oya="3" hai0="87,134,115,129,21,132,74,25,99,34,45,78,11" hai1="2,56,52,101,47,37,89,93,8,125,54,133,84" hai2="27,58,44,96,43,20,41,118,28,71,110,64,109" hai3="85,7,18,70,33,61,1,120,10,22,3,29,55"/><W65/><G120/><T40/><BYE who="1" /><D34/><U48/><E48/><V102/><F71/><W6/><G85/><T117/><D117/><U98/><E98/><V105/><F118/><W100/><G100/><T94/><D74/><U122/><E122/><V73/><F73/><W82/><G82/><T67/><D67/><U86/><E86/><V124/><F124/><W32/><G29/><T72/><D72/><U126/><E126/><V97/><F97/><W24/><G55/><T81/><D129/><U123/><E123/><V31/><F31/><W51/><G51/><T39/><D11/><AGARI ba="0,0" hai="1,3,6,7,10,11,18,22,24,32,33,61,65,70" machi="11" ten="40,2000,0" yaku="9,1" doraHai="75" who="3" fromWho="0" sc="253,-20,49,0,321,0,377,20" owari="233,-17.0,49,-45.0,321,12.0,397,50.0" /></mjloggm>