<mjloggm ver="2.3"><GO type="169" lobby="0"/><UN n0="%E4%BC%8A%E8%A3%8F%E9%87%8E%E5%8A%A0%E5%A5%88" n1="%E3%82%A6%E3%83%AB%E3%83%88%E3%83%A9%E7%AB%8B%E7%9B%B4" n2="%E8%B5%A4%E9%A4%85" n3="%EF%BD%9E%E5%8E%9F%E6%9D%91%E5%92%8C%EF%BD%9E" dan="16,17,16,16" rate="2042.93,2144.85,2032.22,2079.56" sx="F,M,M,F"/><TAIKYOKU oya="0"/><INIT seed="0,0,0,2,0,45" ten="250,250,250,250" oya="0" hai0="51,91,12,95,131,74,128,108,104,109,133,24,113" hai1="88,83,49,93,48,37,28,63,21,2,9,33,60" hai2="123,25,75,121,57,1,120,126,5,106,32,80,135" hai3="10,78,85,8,36,111,115,117,76,87,110,38,13"/><T96/><D113/><U23/><E37/><V67/><F57/><W35/><G35/><T11/><D133/><U39/><E39/><V30/><F135/><W42/><G42/><T54/><D24/><N who="1" m="16415" /><E2/><V101/><F126/><W52/><G13/><T81/><D104/><U127/><E33/><V72/><F67/><W71/><G71/><T64/><D64/><U86/><E127/><V20/><F20/><W19/><G19/><N who="0" m="8607" /><D81/><U129/><E129/><N who="0" m="49737" /><D74/><U114/><E114/><V73/><F80/><W134/><G115/><T41/><D41/><U62/><E9/><N who="2" m="2223" /><F73/><W34/><G34/><T122/><D122/><U90/><E21/><V14/><F14/><W15/><G15/><T98/><D98/><AGARI ba="0,0" hai="48,49,60,62,63,83,86,88,90,93,98" m="16415" machi="98" ten="30,7700,0" yaku="8,1,52,2,54,1" doraHai="45" who="1" fromWho="0" sc="250,-77,250,77,250,0,250,0" /><AGARI ba="0,0" hai="25,30,32,72,75,98,101,106,120,121,123" m="2223" machi="98" ten="30,1000,0" yaku="23,1" doraHai="45" who="2" fromWho="0" sc="173,-10,327,0,250,10,250,0" /><INIT seed="1,0,0,1,1,133" ten="163,327,260,250" oya="1" hai0="109,99,103,43,47,108,86,21,62,129,15,0,135" hai1="96,39,104,51,102,124,111,127,2,32,115,132,63" hai2="68,83,65,25,70,54,101,10,73,112,105,98,30" hai3="134,16,40,100,33,95,82,31,26,78,56,89,5"/><U119/><E119/><V9/><F112/><W49/><G134/><T76/><D135/><U66/><E115/><V42/><F42/><W4/><G100/><T117/><D117/><U118/><E118/><V46/><F73/><W12/><G40/><T79/><D0/><U28/><E39/><V128/><F128/><W22/><G49/><T24/><D15/><U74/><E132/><V125/><F83/><W97/><REACH who="3" step="1"/><G56/><REACH who="3" ten="163,327,260,240" step="2"/><T38/><D129/><U121/><E51/><V120/><F101/><W55/><G55/><T20/><D62/><U19/><E121/><V72/><F54/><W59/><G59/><T77/><D86/><AGARI ba="0,1" hai="4,5,12,16,22,26,31,33,78,82,86,89,95,97" machi="86" ten="30,3900,0" yaku="1,1,7,1,54,1,53,0" doraHai="133" doraHaiUra="48" who="3" fromWho="0" sc="163,-39,327,0,260,0,240,49" /><INIT seed="2,0,0,1,0,60" ten="124,327,260,289" oya="2" hai0="134,53,61,73,133,2,76,78,56,54,43,116,31" hai1="39,16,115,57,23,34,25,64,87,33,6,117,55" hai2="47,120,84,75,37,79,5,67,107,22,118,69,83" hai3="8,41,124,28,20,74,52,17,114,68,130,24,44"/><V112/><F112/><W82/><G114/><T9/><D116/><U108/><E117/><V66/><F118/><W11/><G124/><T4/><D31/><U101/><E115/><V88/><F120/><W126/><G130/><T89/><D43/><U70/><E39/><V19/><F107/><W1/><G126/><T21/><D21/><U65/><E70/><V3/><F69/><W86/><G74/><T14/><D2/><U119/><E119/><V105/><F105/><W128/><G128/><T77/><D73/><U93/><E108/><V106/><F106/><W15/><G68/><T99/><D53/><U40/><E40/><N who="2" m="22927" /><F19/><W129/><G1/><T127/><D127/><U48/><E6/><V113/><F22/><W131/><G8/><T38/><D38/><U51/><E51/><V81/><F113/><W122/><G122/><T96/><REACH who="0" step="1"/><D89/><REACH who="0" ten="114,327,260,289" step="2"/><N who="1" m="53439" /><E34/><V102/><F102/><W50/><G41/><T121/><D121/><U100/><E33/><V27/><F27/><W63/><G63/><T109/><D109/><U72/><E72/><V80/><F81/><W59/><G59/><T0/><D0/><U46/><E57/><V94/><F80/><W30/><G28/><T12/><D12/><U26/><E26/><V10/><AGARI ba="0,1" hai="3,5,10,66,67,75,79,83,84,88,94" m="22927" machi="10" ten="30,11700,0" yaku="25,1,52,2,54,1" doraHai="60" who="2" fromWho="2" sc="114,-39,327,-39,260,127,289,-39" /><INIT seed="2,1,0,5,1,70" ten="75,288,387,250" oya="2" hai0="120,88,102,109,2,94,116,61,127,41,131,51,52" hai1="25,85,64,37,44,115,98,26,56,72,76,18,7" hai2="71,54,78,77,36,122,119,4,104,14,124,8,84" hai3="90,12,28,89,134,130,99,22,125,132,103,81,68"/><V111/><F119/><W133/><G68/><T108/><D120/><U20/><E115/><V69/><F122/><W13/><G125/><T79/><D116/><U86/><E7/><V45/><F124/><W73/><G130/><T117/><D117/><U53/><E72/><V24/><F104/><W82/><G28/><T11/><D127/><U49/><E76/><V110/><F24/><W47/><G47/><T113/><D113/><U10/><E10/><V34/><F34/><W91/><G22/><T21/><D131/><U62/><E37/><V43/><F54/><W31/><G31/><T126/><D126/><U19/><E98/><V29/><F29/><W93/><G13/><T106/><D79/><N who="2" m="30218" /><F84/><W87/><G12/><T95/><D106/><U23/><AGARI ba="1,0" hai="18,19,20,23,25,26,44,49,53,56,62,64,85,86" machi="23" ten="30,4000,0" yaku="0,1,9,1,8,1" doraHai="70" who="1" fromWho="1" sc="75,-11,288,43,387,-21,250,-11" /><INIT seed="3,0,0,2,4,135" ten="64,331,366,239" oya="3" hai0="61,128,26,35,110,74,54,66,95,42,102,105,99" hai1="58,131,28,23,101,98,93,80,67,45,129,121,20" hai2="53,113,73,88,60,111,32,117,133,14,115,41,29" hai3="33,2,22,13,36,78,125,3,85,62,12,103,72"/><W10/><G72/><T106/><D74/><U104/><E121/><V27/><F117/><W43/><G33/><T46/><D110/><U77/><E104/><V9/><F111/><W18/><G103/><T5/><D128/><U57/><E45/><V49/><F133/><W1/><G43/><T59/><D5/><U84/><E57/><V11/><F73/><W15/><G36/><T70/><D26/><U107/><E107/><V19/><F9/><W83/><G125/><T114/><D35/><U24/><REACH who="1" step="1"/><E20/><REACH who="1" ten="64,321,366,239" step="2"/><V51/><F115/><W69/><G69/><T82/><D114/><U81/><E81/><V123/><F113/><W124/><G124/><T109/><D82/><U112/><E112/><V108/><F123/><W90/><G62/><AGARI ba="0,1" hai="23,24,28,58,62,67,77,80,84,93,98,101,129,131" machi="62" ten="40,5200,0" yaku="1,1,25,2,53,0" doraHai="135" doraHaiUra="0" who="1" fromWho="3" sc="64,0,321,62,366,0,239,-52" /><INIT seed="4,0,0,3,1,103" ten="64,383,366,187" oya="0" hai0="102,73,38,7,123,104,61,94,10,49,18,133,87" hai1="28,3,134,50,27,35,114,86,57,26,96,44,85" hai2="135,69,41,84,97,111,83,93,21,2,132,56,76" hai3="122,100,20,130,98,128,64,81,89,37,53,129,99"/><T107/><D123/><U65/><E3/><V113/><F69/><W92/><G37/><T54/><D38/><U91/><E134/><N who="2" m="51243" /><F113/><W31/><G64/><T0/><D73/><U25/><E114/><V80/><F111/><W29/><G53/><T47/><D133/><U33/><E33/><V24/><F2/><W117/><G20/><T60/><D18/><U126/><E126/><V77/><F41/><W95/><G31/><T78/><D78/><U9/><E9/><V106/><F56/><W112/><G29/><T8/><D8/><U46/><E35/><V116/><F106/><N who="3" m="63775" /><G112/><T4/><D4/><U40/><E46/><V1/><F1/><W115/><G115/><T12/><D0/><U34/><E34/><V125/><F125/><W58/><G58/><T17/><D7/><U23/><E23/><V72/><F72/><W101/><G117/><T118/><D118/><U79/><E57/><V119/><F21/><W121/><G81/><T120/><D120/><U62/><E65/><V74/><F24/><W42/><G42/><T109/><D109/><U71/><E26/><V14/><F14/><W5/><G5/><T68/><D68/><U30/><E27/><V63/><F63/><W110/><G110/><T13/><D13/><U131/><E25/><V32/><F32/><W51/><G51/><T105/><REACH who="0" step="1"/><D102/><AGARI ba="0,0" hai="74,76,77,80,83,84,93,97,102,116,119" m="51243" machi="102" ten="30,3900,0" yaku="20,1,34,2" doraHai="103" who="2" fromWho="0" sc="64,-39,383,0,366,39,187,0" /><INIT seed="5,0,0,3,1,16" ten="25,383,405,187" oya="1" hai0="35,69,108,129,4,48,42,117,45,100,10,15,125" hai1="44,27,64,113,33,93,46,114,39,6,47,0,32" hai2="37,121,123,78,67,83,40,126,54,38,94,119,97" hai3="103,13,66,41,104,24,49,68,91,30,9,81,92"/><U71/><E39/><V79/><F119/><W65/><G104/><T98/><D117/><U122/><E122/><V96/><F126/><W74/><G68/><T88/><D125/><U101/><E0/><V84/><F67/><W110/><G110/><T31/><D108/><U133/><E6/><V60/><F78/><W89/><G74/><T118/><D118/><U29/><E133/><V2/><F2/><W36/><G36/><T127/><D127/><U112/><E64/><V61/><F97/><W17/><G103/><T11/><D129/><U131/><E71/><V116/><F116/><W7/><G81/><T107/><D69/><U51/><E131/><V90/><F37/><W106/><G106/><T75/><D75/><U70/><E70/><V85/><F96/><W86/><G91/><T55/><D10/><U128/><E128/><V56/><REACH who="2" step="1"/><F61/><REACH who="2" ten="25,383,395,187" step="2"/><W120/><G120/><T135/><D135/><U52/><E33/><V115/><F115/><W82/><G65/><T87/><D35/><U34/><E32/><V124/><F124/><W73/><G66/><T134/><D134/><U28/><E29/><V109/><F109/><W23/><G73/><T58/><D31/><U12/><E12/><V72/><F72/><W1/><G1/><T19/><D4/><U8/><E8/><V53/><F53/><W102/><G30/><T14/><D14/><U20/><E34/><V111/><F111/><W18/><G7/><T43/><REACH who="0" step="1"/><D58/><REACH who="0" ten="15,383,395,187" step="2"/><U77/><E77/><V22/><F22/><W57/><G57/><T95/><AGARI ba="0,2" hai="11,15,19,42,43,45,48,55,87,88,95,98,100,107" machi="95" ten="20,12000,2" yaku="1,1,2,1,0,1,7,1,54,1,53,1" doraHai="16" doraHaiUra="50" who="0" fromWho="0" sc="15,140,383,-60,395,-30,187,-30" /><INIT seed="6,0,0,1,4,46" ten="155,323,365,157" oya="2" hai0="100,116,126,58,81,104,3,20,133,72,1,24,7" hai1="127,23,91,50,38,107,69,25,67,55,115,110,63" hai2="49,76,26,112,29,102,27,135,21,56,83,39,33" hai3="97,77,123,35,48,13,75,85,0,74,5,66,19"/><V80/><F39/><W14/><G123/><T89/><D126/><U30/><E110/><V84/><F112/><W51/><G35/><T64/><D133/><U52/><E127/><V31/><F135/><W132/><G132/><T117/><D7/><U87/><E38/><V92/><F80/><N who="3" m="47247" /><G75/><T78/><D89/><U11/><E115/><V6/><F6/><W65/><G74/><T68/><D68/><U79/><E107/><V98/><F56/><W60/><G0/><T103/><D1/><U73/><E73/><V8/><F8/><N who="3" m="4239" /><G97/><T108/><D3/><U130/><E79/><V96/><F96/><W125/><G125/><T119/><D108/><U41/><E11/><V124/><F124/><W111/><G111/><T61/><D104/><U45/><REACH who="1" step="1"/><E130/><REACH who="1" ten="155,313,365,157" step="2"/><V90/><F76/><W94/><G94/><AGARI ba="0,1" hai="23,25,30,41,45,50,52,55,63,67,69,87,91,94" machi="94" ten="30,8000,1" yaku="1,1,2,1,7,1,52,1,54,1,53,0" doraHai="46" doraHaiUra="93" who="1" fromWho="3" sc="155,0,313,90,365,0,157,-80" /><INIT seed="7,0,0,4,1,30" ten="155,403,365,77" oya="3" hai0="6,75,65,23,39,90,50,33,107,109,36,66,47" hai1="105,69,122,97,127,68,131,71,19,88,93,12,110" hai2="91,16,20,10,62,96,99,132,34,7,118,84,64" hai3="53,58,13,31,85,42,94,43,63,112,14,76,48"/><W51/><G112/><T57/><D6/><U119/><E110/><V4/><F118/><W67/><G31/><T78/><D33/><U55/><E122/><V40/><F40/><W29/><G29/><T117/><D23/><U9/><E127/><V80/><F132/><W128/><G128/><T25/><D25/><U82/><E105/><V37/><F37/><W56/><G76/><T101/><D90/><U46/><E131/><V104/><F34/><W74/><G74/><T79/><D57/><U38/><E82/><V3/><F4/><W125/><G125/><T95/><D50/><U113/><E113/><V102/><F96/><W92/><G43/><T120/><D95/><N who="3" m="36393" /><G85/><T87/><D87/><U129/><E129/><V130/><F130/><W49/><G42/><T98/><D79/><U124/><E124/><V123/><F123/><W24/><G24/><T114/><D114/><U59/><E119/><V89/><F89/><W54/><G48/><T134/><D117/><U22/><E38/><V73/><F73/><W21/><G21/><T61/><D120/><U0/><E0/><V121/><F121/><W32/><G32/><T18/><D36/><U35/><E35/><V2/><F2/><W45/><AGARI ba="0,0" hai="13,14,45,49,51,53,54,56,58,63,67" m="36393" machi="45" ten="30,1500,0" yaku="8,1" doraHai="30" who="3" fromWho="3" sc="155,-5,403,-5,365,-5,77,15" /><INIT seed="7,1,0,2,3,73" ten="150,398,360,92" oya="3" hai0="67,31,47,113,76,0,116,88,66,78,16,1,37" hai1="132,61,20,84,21,120,23,101,90,80,92,100,119" hai2="110,77,8,104,19,60,10,36,117,114,81,94,26" hai3="7,2,49,106,123,48,44,58,6,59,17,50,30"/><W15/><G106/><T53/><D116/><U131/><E120/><V83/><F110/><W130/><G123/><T70/><D70/><U126/><E119/><V121/><F117/><W128/><G30/><T42/><D31/><U105/><E105/><V115/><F104/><W54/><G2/><T43/><D53/><U91/><E126/><V129/><F121/><W32/><G32/><T122/><D122/><U41/><E131/><N who="3" m="50218" /><G44/><T75/><D16/><U4/><E132/><V111/><F111/><W27/><G27/><T34/><D34/><U107/><E107/><V93/><F129/><W9/><G59/><T22/><D47/><U35/><E35/><V135/><F135/><W56/><G56/><T18/><D1/><U65/><E41/><V57/><F36/><W3/><G3/><T82/><D0/><U33/><E33/><V52/><F81/><W64/><G64/><N who="0" m="24619" /><D43/><U51/><E51/><AGARI ba="1,0" hai="6,7,9,15,17,48,49,50,51,54,58" m="50218" machi="51" ten="30,1500,0" yaku="19,1" doraHai="73" who="3" fromWho="1" sc="150,0,398,-18,360,0,92,18" /><INIT seed="7,2,0,0,2,19" ten="150,380,360,110" oya="3" hai0="31,48,114,120,119,116,121,104,110,9,50,14,122" hai1="26,12,97,53,90,49,63,55,130,82,100,117,62" hai2="16,34,27,94,2,101,78,8,125,99,39,102,77" hai3="65,128,52,30,15,134,123,68,10,33,37,21,58"/><W69/><G123/><T88/><D104/><U54/><E130/><V5/><F39/><W46/><G128/><T115/><D31/><U28/><E49/><V3/><F125/><W81/><G33/><T89/><D14/><U76/><E90/><N who="0" m="34921" /><D9/><U91/><E91/><V108/><F2/><W105/><G105/><T51/><D110/><U85/><E12/><V61/><F108/><W79/><G134/><T42/><D42/><U20/><REACH who="1" step="1"/><E117/><AGARI ba="2,0" hai="48,50,51,114,115,116,117,119,120,121,122" m="34921" machi="117" ten="50,6400,0" yaku="28,2,54,1" doraHai="19" who="0" fromWho="1" sc="150,70,380,-70,360,0,110,0" owari="220,-18.0,310,11.0,360,46.0,110,-39.0" /></mjloggm>