<mjloggm ver="2.3"><GO type="169" lobby="0"/><UN n0="%68%65%74" n1="%E7%99%BD%E9%B9%BF%E6%84%9B%E8%8E%89" n2="%E3%82%A6%E3%83%AB%E3%83%88%E3%83%A9%E7%AB%8B%E7%9B%B4" n3="%E3%82%AB%E3%83%9C%E3%83%81%E3%83%A3%E3%82%BF%E3%83%8D" dan="16,18,16,16" rate="2114.92,2236.37,2098.31,2149.17" sx="M,F,M,M"/><TAIKYOKU oya="0"/><INIT seed="0,0,0,5,2,0" ten="250,250,250,250" oya="0" hai0="63,20,9,99,92,6,49,72,7,78,4,82,107" hai1="81,32,127,112,47,116,59,113,122,60,120,15,11" hai2="65,85,62,22,46,108,109,114,5,51,13,39,29" hai3="71,87,42,17,50,37,3,34,91,125,23,133,123"/><T28/><D107/><U75/><E32/><V33/><F39/><W88/><G34/><T53/><D63/><U80/><E116/><V31/><F114/><N who="1" m="44137" /><E127/><V121/><F121/><N who="1" m="46697" /><E47/><V79/><F33/><W103/><G123/><T70/><D70/><U89/><E89/><V55/><F22/><W10/><G91/><T129/><D129/><U118/><E75/><V45/><F45/><W18/><G125/><T126/><D126/><U43/><E43/><V117/><F117/><W26/><G37/><T54/><D9/><U93/><E93/><V58/><F109/><W21/><G71/><T36/><D36/><U110/><E118/><V66/><F108/><W95/><G103/><T35/><D35/><U97/><E97/><V24/><F85/><W73/><G73/><T106/><D106/><U14/><E14/><V64/><F79/><W98/><G98/><T128/><D128/><U68/><E68/><V132/><F24/><W16/><G26/><T19/><D28/><U102/><E102/><V104/><F104/><W41/><G41/><T52/><D49/><U61/><E61/><V57/><F31/><W12/><G50/><T96/><REACH who="0" step="1"/><D92/><REACH who="0" ten="240,250,250,250" step="2"/><U27/><E110/><V135/><F29/><W101/><G95/><T130/><D130/><U90/><E11/><N who="2" m="4335" /><F62/><W25/><G10/><T74/><D74/><U40/><E60/><V8/><F8/><W30/><G30/><T86/><D86/><U111/><E111/><V56/><F66/><W119/><G87/><T76/><D76/><U38/><E38/><V69/><F69/><W115/><G115/><T94/><D94/><RYUUKYOKU ba="0,1" sc="240,15,250,-15,250,15,250,-15" hai0="4,6,7,19,20,52,53,54,72,78,82,96,99" hai2="46,51,55,56,57,58,64,65,132,135" /><INIT seed="0,1,1,4,3,92" ten="255,235,265,235" oya="0" hai0="115,106,74,132,83,30,73,39,125,130,113,28,50" hai1="96,104,2,134,79,54,98,40,111,12,13,22,108" hai2="80,110,49,61,84,53,68,81,37,17,29,99,131" hai3="107,127,7,135,34,64,117,27,124,6,100,59,1"/><T90/><D39/><U66/><E2/><V55/><F37/><W67/><G117/><T95/><D28/><U121/><E121/><V123/><F123/><W58/><G135/><T11/><D30/><U0/><E0/><V70/><F29/><W9/><G27/><T48/><D48/><U51/><E134/><V47/><F110/><N who="1" m="42025" /><E40/><V26/><F131/><W4/><G34/><T24/><D24/><U19/><E66/><N who="3" m="25130" /><G1/><T120/><D50/><U128/><E128/><V31/><F17/><W25/><G25/><T126/><D11/><U56/><E104/><V15/><F15/><W82/><G82/><T3/><D3/><U18/><E79/><V46/><F80/><W8/><G100/><T76/><D120/><U86/><E86/><V102/><F84/><W23/><G107/><T87/><D132/><U14/><E14/><V38/><F81/><W109/><G23/><AGARI ba="1,1" hai="12,13,18,19,22,23,51,54,56,96,98" m="42025" machi="23" ten="30,3900,0" yaku="14,1,52,2" doraHai="92" who="1" fromWho="3" sc="255,0,235,52,265,0,235,-42" /><INIT seed="1,0,0,3,1,38" ten="255,287,265,193" oya="1" hai0="76,7,11,102,112,69,42,85,55,19,132,84,123" hai1="126,115,73,103,26,63,40,65,47,62,24,0,23" hai2="106,33,8,128,34,35,72,32,109,3,119,130,80" hai3="71,99,44,30,54,48,52,120,124,45,81,135,111"/><U117/><E115/><V6/><F119/><W90/><G120/><T92/><D112/><U2/><E117/><V114/><F114/><W13/><G111/><T22/><D69/><U64/><E73/><V5/><F109/><W41/><G71/><T122/><D132/><U131/><E131/><V49/><F49/><W25/><G135/><T66/><D66/><U15/><E126/><V39/><F106/><W74/><G124/><T36/><D55/><U21/><E15/><V96/><F96/><W70/><G70/><T116/><D116/><U28/><E103/><V29/><F39/><W1/><G1/><T121/><D76/><U133/><E133/><V60/><F60/><W113/><G113/><T50/><D36/><U58/><E63/><V77/><F6/><W12/><G45/><N who="0" m="25911" /><D92/><U134/><E65/><V87/><F87/><N who="3" m="50543" /><G74/><T59/><D59/><U91/><E134/><V17/><REACH who="2" step="1"/><F17/><REACH who="2" ten="255,287,255,193" step="2"/><W82/><G99/><T89/><D84/><U14/><E62/><V86/><F86/><W79/><G79/><T107/><D107/><U93/><E58/><V129/><F129/><W83/><G54/><T104/><D104/><U94/><E64/><V57/><F57/><W118/><G118/><T75/><D75/><U43/><E47/><V100/><F100/><W98/><G98/><T31/><D102/><U10/><E91/><V97/><F97/><W9/><G52/><T51/><D51/><U27/><E43/><V20/><F20/><N who="3" m="15655" /><G9/><T108/><D108/><U101/><E40/><V4/><F4/><W18/><G18/><T127/><D19/><U110/><E110/><RYUUKYOKU ba="0,1" sc="255,-15,287,-15,255,15,193,15" hai2="3,5,8,29,32,33,34,35,72,77,80,128,130" hai3="12,13,41,44,48,82,83" /><INIT seed="2,1,1,3,4,10" ten="240,272,270,208" oya="2" hai0="83,107,61,132,77,29,81,72,13,85,46,26,25" hai1="49,123,69,68,48,22,117,135,122,130,31,37,88" hai2="9,116,91,35,94,129,39,87,74,109,84,2,110" hai3="76,131,14,34,8,57,12,4,112,92,63,113,54"/><V23/><F35/><W47/><G34/><T97/><D132/><U42/><E31/><V11/><F74/><W32/><G32/><T36/><D29/><U98/><E22/><V59/><F39/><W133/><G133/><T33/><D33/><U106/><E135/><V126/><F116/><W52/><G76/><T128/><D128/><U95/><E117/><V51/><F129/><W1/><G131/><T64/><D36/><U30/><E30/><V96/><F23/><W3/><G92/><T15/><D46/><N who="1" m="23887" /><E106/><V62/><F51/><N who="1" m="19529" /><E130/><V75/><F75/><W44/><G3/><T78/><D107/><U119/><E119/><V56/><F126/><W70/><G70/><T99/><D97/><U41/><E41/><V27/><F27/><W93/><G54/><T19/><D99/><U67/><E67/><V66/><F59/><W58/><G58/><T115/><D115/><N who="3" m="44105" /><G93/><T86/><D72/><U40/><E40/><V38/><F38/><W79/><G79/><T127/><D127/><U80/><E80/><V43/><F43/><W53/><G53/><T103/><D103/><U114/><E114/><V73/><F73/><W0/><G0/><T82/><D83/><U89/><E89/><V101/><F84/><W28/><G28/><T24/><D19/><U105/><E105/><N who="2" m="63655" /><F2/><W104/><G104/><T100/><D100/><U7/><E7/><V55/><F55/><W125/><G125/><T108/><D108/><AGARI ba="1,1" hai="9,11,56,62,66,87,91,94,108,109,110" m="63655" machi="108" ten="30,2900,0" yaku="14,1,10,1" doraHai="10" who="2" fromWho="0" sc="240,-32,272,0,270,42,208,0" /><INIT seed="2,2,0,0,4,27" ten="208,272,312,208" oya="2" hai0="102,106,43,114,84,4,25,109,111,110,126,22,6" hai1="32,57,129,48,99,42,87,134,24,115,98,63,33" hai2="112,70,90,96,37,50,8,62,36,5,31,9,19" hai3="0,54,89,30,132,56,77,81,16,105,29,103,13"/><V39/><F112/><W120/><G120/><T127/><D43/><U91/><E115/><V113/><F113/><W21/><G0/><T119/><D114/><U67/><E134/><V131/><F131/><W20/><G132/><T118/><D84/><U18/><E129/><V130/><F130/><W73/><G89/><T12/><D102/><U34/><E18/><V101/><F90/><W93/><G105/><T64/><D64/><U47/><REACH who="1" step="1"/><E24/><REACH who="1" ten="208,262,312,208" step="2"/><V104/><F19/><W116/><G116/><N who="0" m="44587" /><D106/><U117/><E117/><V40/><F5/><N who="0" m="2154" /><D12/><U41/><E41/><V28/><F8/><W135/><G135/><T123/><D123/><U92/><AGARI ba="2,1" hai="32,33,34,42,47,48,57,63,67,87,91,92,98,99" machi="92" ten="30,4000,0" yaku="1,1,0,1,53,1" doraHai="27" doraHaiUra="58" who="1" fromWho="1" sc="208,-12,262,56,312,-22,208,-12" /><INIT seed="3,0,0,5,1,132" ten="196,318,290,196" oya="3" hai0="31,20,2,40,104,52,108,109,124,29,77,66,5" hai1="88,94,37,35,119,74,100,58,116,65,129,42,50" hai2="48,69,34,68,79,130,75,73,89,93,120,117,30" hai3="84,71,78,128,36,72,32,0,82,115,1,6,126"/><W41/><G115/><T25/><D104/><U61/><E74/><V45/><F117/><N who="1" m="45129" /><E35/><V54/><F130/><W123/><G123/><T103/><D103/><U15/><E37/><V28/><F120/><W133/><G133/><T60/><D40/><U86/><E129/><V70/><F34/><W134/><G134/><T3/><D77/><U107/><E15/><V121/><F121/><W47/><G128/><T83/><D83/><U44/><E100/><V11/><F11/><N who="3" m="2503" /><G32/><T55/><D25/><U8/><E8/><V67/><F67/><W4/><G84/><T51/><D66/><U26/><E26/><V99/><REACH who="2" step="1"/><F79/><REACH who="2" ten="196,318,280,196" step="2"/><W87/><G71/><T76/><D76/><U106/><AGARI ba="0,1" hai="42,44,50,58,61,65,86,88,94,106,107" m="45129" machi="106" ten="30,2000,0" yaku="12,1,54,1" doraHai="132" who="1" fromWho="1" sc="196,-5,318,30,280,-5,196,-10" /><INIT seed="4,0,0,0,1,101" ten="191,348,275,186" oya="0" hai0="17,30,14,11,118,91,95,81,133,45,27,46,128" hai1="98,105,106,90,73,72,15,32,33,43,123,52,31" hai2="114,56,115,53,102,6,113,62,42,35,70,103,132" hai3="135,65,47,110,19,104,94,9,120,21,119,87,55"/><T117/><D133/><U75/><E43/><V20/><F35/><W29/><G110/><T60/><D128/><U112/><E123/><V78/><F132/><W39/><G135/><T76/><D118/><U58/><E112/><V74/><F6/><W83/><G119/><T92/><D117/><U64/><E64/><V34/><F34/><W1/><G120/><T99/><D95/><U40/><E40/><V10/><F10/><W49/><G39/><T79/><D60/><U93/><E15/><V69/><F42/><W89/><G65/><T71/><D71/><N who="2" m="27146" /><F20/><W26/><G1/><T122/><D122/><U97/><E97/><V7/><F7/><W36/><G36/><T25/><D79/><U38/><E38/><V4/><F4/><W108/><G108/><T125/><D125/><U48/><REACH who="1" step="1"/><E33/><REACH who="1" ten="191,338,275,186" step="2"/><V96/><F96/><W129/><G129/><T84/><D27/><AGARI ba="0,1" hai="27,31,32,48,52,58,72,73,75,90,93,98,105,106" machi="27" ten="40,8000,1" yaku="1,1,2,1,52,2,54,1,53,0" doraHai="101" doraHaiUra="66" who="1" fromWho="0" sc="191,-80,338,90,275,0,186,0" /><INIT seed="5,0,0,3,5,108" ten="111,428,275,186" oya="1" hai0="118,2,5,127,111,96,59,48,97,125,80,88,22" hai1="17,41,84,120,0,110,7,14,90,9,30,123,13" hai2="6,113,115,1,65,92,26,4,112,35,43,40,56" hai3="64,66,100,44,103,82,79,109,28,134,58,31,69"/><U81/><E110/><V91/><F65/><N who="3" m="25195" /><G109/><T124/><D111/><U39/><E30/><N who="3" m="11306" /><G69/><T76/><D118/><U102/><E102/><N who="3" m="38954" /><G44/><T20/><D5/><N who="2" m="2154" /><F1/><W122/><G122/><T129/><D2/><U117/><E117/><V11/><F35/><W15/><G134/><T8/><D8/><U32/><E32/><V119/><F119/><W21/><G58/><T62/><D48/><U135/><E135/><V130/><F130/><W29/><N who="3" m="11314" /><W116/><DORA hai="126" /><G116/><T12/><D129/><U57/><E57/><V67/><F11/><W75/><G15/><T38/><D12/><U36/><E13/><V74/><F74/><W94/><G94/><N who="0" m="56391" /><D38/><U61/><E36/><V27/><F67/><W71/><G71/><T50/><D50/><U16/><E0/><V24/><F56/><W132/><G132/><T42/><D42/><U51/><E41/><V68/><F68/><W83/><G21/><T72/><D97/><AGARI ba="0,0" hai="24,26,27,40,43,91,92,97,112,113,115" m="2154" machi="97" ten="40,8000,1" yaku="15,1,11,1,52,3" doraHai="108,126" who="2" fromWho="0" sc="111,-80,428,0,275,80,186,0" /><INIT seed="6,0,0,3,2,105" ten="31,428,355,186" oya="2" hai0="108,89,2,16,22,11,104,69,93,103,126,46,120" hai1="95,9,39,128,72,135,106,129,60,133,122,27,56" hai2="28,8,68,55,49,134,62,118,42,54,51,63,110" hai3="24,113,61,88,114,0,21,117,71,35,85,58,81"/><V75/><F28/><W78/><G35/><T5/><D120/><U92/><E106/><V116/><F8/><W90/><G0/><T86/><D108/><U83/><E39/><V32/><F32/><W7/><G7/><T84/><D126/><U91/><E122/><V10/><F10/><W45/><G71/><T20/><D69/><U38/><E38/><V111/><F75/><W4/><G4/><T57/><D104/><U14/><E27/><V99/><F99/><W112/><G45/><T97/><D22/><U34/><E34/><V40/><F68/><W13/><G13/><T73/><D73/><U47/><E47/><V26/><F26/><W125/><G117/><T53/><D46/><U29/><E29/><V48/><F48/><W82/><G82/><T74/><D74/><U52/><E83/><V131/><F131/><N who="1" m="50249" /><E72/><V100/><F100/><W33/><G33/><T30/><D30/><U107/><E107/><V6/><F6/><W36/><G36/><T25/><REACH who="0" step="1"/><D103/><REACH who="0" ten="21,428,355,186" step="2"/><U59/><E9/><V96/><F96/><W3/><G125/><T41/><D41/><U1/><E1/><V76/><F76/><W17/><G3/><T102/><D102/><U127/><E127/><V80/><F80/><W132/><G132/><AGARI ba="0,1" hai="40,42,49,51,54,55,62,63,110,111,116,118,132,134" machi="132" ten="25,12000,1" yaku="22,2,34,3" doraHai="105" who="2" fromWho="3" sc="21,0,428,0,355,130,186,-120" /><INIT seed="6,1,0,4,3,71" ten="21,428,485,66" oya="2" hai0="60,5,78,87,69,22,119,133,107,101,116,48,121" hai1="65,105,4,42,96,33,0,19,77,124,11,49,62" hai2="81,8,32,113,61,23,100,127,1,52,110,70,114" hai3="46,128,102,88,93,56,18,130,64,118,37,50,34"/><V7/><F32/><W112/><G34/><T82/><D121/><U47/><E124/><V91/><F100/><W111/><G111/><T39/><D133/><U134/><E134/><V16/><F127/><W106/><G118/><N who="0" m="45099" /><D5/><U131/><E131/><N who="3" m="50218" /><G112/><N who="2" m="43113" /><F110/><W76/><G76/><T35/><D35/><U109/><E109/><V58/><F70/><W21/><G102/><T9/><D9/><U31/><E77/><V53/><F91/><W126/><G126/><T59/><D22/><U89/><E105/><V28/><F81/><W129/><G106/><T54/><D101/><U117/><E117/><V6/><F6/><W97/><N who="3" m="50226" /><W94/><DORA hai="74" /><G94/><T67/><D107/><U55/><E89/><V38/><F38/><AGARI ba="1,0" hai="38,39,48,54,59,60,67,69,78,82,87" m="45099" machi="38" ten="30,7700,0" yaku="12,1,52,3" doraHai="71,74" who="0" fromWho="2" sc="21,80,428,0,485,-80,66,0" /><INIT seed="7,0,0,2,4,50" ten="101,428,405,66" oya="3" hai0="95,39,23,69,65,27,45,106,111,37,99,135,77" hai1="123,8,57,104,53,61,94,21,11,109,128,60,118" hai2="96,89,97,124,51,42,133,114,122,18,110,17,46" hai3="58,113,75,74,34,130,112,129,63,32,24,15,14"/><W127/><G24/><T16/><D111/><U105/><E123/><V38/><F110/><W81/><G81/><T126/><D106/><U86/><E109/><V107/><F122/><W117/><G117/><T103/><D77/><U92/><E128/><N who="3" m="49258" /><G127/><T19/><D126/><U78/><E118/><V101/><F124/><W132/><G132/><T40/><D135/><U7/><E105/><V71/><F71/><W93/><G93/><N who="1" m="35946" /><E104/><V1/><F1/><W88/><G88/><T35/><D35/><N who="3" m="13353" /><G58/><T72/><D72/><N who="3" m="27689" /><G63/><T29/><REACH who="0" step="1"/><D39/><REACH who="0" ten="91,428,405,66" step="2"/><U134/><E134/><V68/><F38/><W3/><G3/><T119/><D119/><U70/><E78/><V25/><F133/><W66/><G66/><T26/><D26/><U87/><E86/><V100/><F25/><W54/><G54/><T20/><D20/><U62/><E87/><V131/><F131/><W98/><G98/><T67/><D67/><U59/><E53/><V79/><F97/><W121/><G121/><T125/><D125/><U48/><E21/><V28/><F96/><W115/><AGARI ba="0,1" hai="14,15,112,113,115" m="27689,13353,49258" machi="115" ten="50,12000,1" yaku="28,2,15,1,19,1" doraHai="50" who="3" fromWho="3" sc="91,-40,428,-40,405,-40,66,130" /><INIT seed="7,1,0,5,3,26" ten="51,388,365,196" oya="3" hai0="68,15,124,79,132,74,65,118,69,14,56,10,21" hai1="46,98,24,135,25,83,41,111,75,2,77,128,123" hai2="91,87,102,28,93,109,116,94,6,133,35,44,104" hai3="72,40,31,96,88,8,100,60,99,0,34,119,82"/><W81/><G119/><T73/><D118/><U37/><E111/><V105/><F116/><W9/><G40/><T71/><D132/><U5/><E123/><V54/><F6/><W89/><G60/><T20/><D124/><U45/><E135/><V90/><F133/><W23/><G34/><T66/><D10/><N who="3" m="4201" /><G72/><T106/><D56/><U17/><E128/><V115/><F109/><W38/><G38/><T95/><D95/><U130/><E130/><V76/><F76/><W39/><G39/><T78/><D106/><U110/><E110/><V58/><F44/><W85/><G0/><T27/><D27/><U52/><E17/><V43/><F43/><W107/><G107/><T7/><D7/><U1/><E1/><V12/><F12/><W18/><G100/><T53/><D53/><U127/><E127/><V70/><F102/><W61/><G61/><T36/><D36/><U84/><E5/><V16/><F70/><W86/><G31/><T108/><D108/><U4/><E4/><V29/><F16/><W55/><G55/><T57/><D57/><U80/><E2/><V125/><F125/><W11/><G11/><T134/><D134/><U33/><E33/><V67/><F54/><W30/><G30/><N who="2" m="11881" /><F35/><W3/><G3/><T47/><REACH who="0" step="1"/><D71/><REACH who="0" ten="41,388,365,196" step="2"/><U120/><E52/><V103/><F105/><W101/><G101/><T129/><D129/><U131/><E131/><V64/><F103/><W51/><G51/><T113/><D113/><U97/><E45/><V32/><F104/><W48/><G48/><T63/><D63/><U13/><E46/><V117/><F115/><RYUUKYOKU ba="1,1" sc="41,15,388,-15,365,-15,196,15" hai0="14,15,20,21,47,65,66,68,69,73,74,78,79" hai3="18,23,81,82,85,86,88,89,96,99" /><INIT seed="7,2,1,2,2,85" ten="56,373,350,211" oya="3" hai0="78,52,67,44,74,70,33,105,133,81,38,99,20" hai1="7,19,112,48,129,5,4,6,39,92,100,75,22" hai2="114,17,103,131,120,36,122,0,47,124,12,126,28" hai3="1,30,134,29,56,15,98,80,93,51,64,42,69"/><W97/><G1/><T27/><D133/><U101/><E39/><V89/><F0/><W109/><G134/><T10/><D33/><U25/><E112/><V68/><F114/><W82/><G109/><T132/><D132/><U14/><E75/><V128/><F68/><W130/><G130/><N who="2" m="49705" /><F28/><N who="3" m="10859" /><G69/><T95/><D105/><U79/><E129/><V41/><F89/><N who="3" m="55471" /><G98/><T63/><D10/><N who="1" m="4447" /><E79/><V84/><F84/><W24/><G24/><T50/><D38/><U116/><E116/><V90/><F90/><W77/><G77/><T62/><D67/><U123/><E123/><N who="2" m="47147" /><F103/><N who="1" m="39497" /><E92/><V59/><F59/><W43/><G15/><T3/><D70/><U31/><E31/><V16/><F17/><W121/><G121/><T91/><REACH who="0" step="1"/><D3/><REACH who="0" ten="46,373,350,211" step="2"/><U96/><E96/><V34/><F34/><W107/><G107/><T13/><D13/><U113/><E113/><V35/><F35/><W40/><G64/><T135/><D135/><U37/><E37/><V83/><F83/><W94/><G94/><T46/><D46/><U18/><E19/><V111/><F111/><W117/><G117/><T23/><D23/><AGARI ba="2,2" hai="12,16,23,36,41,47,124,126" m="47147,49705" machi="23" ten="30,3900,0" yaku="19,1,13,1,54,1" doraHai="85" who="2" fromWho="0" sc="46,-45,373,0,350,65,211,0" owari="1,-50.0,373,17.0,415,52.0,211,-19.0" /></mjloggm>