<mjloggm ver="2.3"><GO type="225" lobby="0"/><UN n0="%E9%95%B7%E3%81%84%E5%A4%A2" n1="%E5%B0%B1%E6%B4%BB%E7%94%9F%40%E5%B7%9D%E6%9D%91%E8%BB%8D%E5%9B%A3" n2="%E6%A9%8B%E6%9C%AC%E5%8D%83%E5%85%89%E5%B9%B4" n3="%E5%B8%82%E5%B7%9D%E8%BF%B7%E7%A0%82" dan="17,17,16,16" rate="2202.51,2171.61,2204.72,2203.02" sx="M,M,M,F"/><TAIKYOKU oya="0"/><INIT seed="0,0,0,5,5,83" ten="250,250,250,250" oya="0" hai0="103,69,112,59,72,101,33,74,23,0,108,129,22" hai1="10,70,14,109,133,88,118,128,78,53,27,13,122" hai2="79,61,106,32,6,135,105,39,24,20,7,30,37" hai3="115,25,90,3,47,99,34,45,43,57,97,19,98"/><T93/><BYE who="2" /><D69/><U91/><E122/><UN n2="%E6%A9%8B%E6%9C%AC%E5%8D%83%E5%85%89%E5%B9%B4" /><V130/><F79/><W60/><G115/><T96/><D33/><U36/><E118/><V15/><F130/><W66/><G3/><T42/><D0/><U117/><E128/><V35/><F135/><W40/><G90/><T124/><D129/><U94/><E109/><V71/><F20/><N who="3" m="13471" /><G34/><N who="2" m="12841" /><F15/><W51/><G47/><T28/><D112/><U89/><E70/><V102/><F24/><W55/><AGARI ba="0,0" hai="40,43,45,51,55,57,60,66,97,98,99" m="13471" machi="55" ten="30,1100,0" yaku="8,1" doraHai="83" who="3" fromWho="3" sc="250,-5,250,-3,250,-3,250,11" /><INIT seed="1,0,0,4,5,114" ten="245,247,247,261" oya="1" hai0="16,69,9,85,74,60,45,47,94,121,105,107,131" hai1="26,134,2,96,40,125,44,124,59,115,112,4,128" hai2="116,129,46,24,34,31,19,76,75,42,50,37,43" hai3="87,67,28,80,52,38,98,109,91,15,122,88,11"/><U32/><E128/><V22/><F129/><W123/><G38/><T20/><D121/><U126/><E134/><V135/><F135/><W90/><G109/><T18/><D74/><U92/><E2/><V104/><F104/><W111/><G111/><T64/><D131/><U73/><E73/><V56/><F116/><W51/><G67/><T66/><D66/><U89/><E4/><V110/><F110/><W65/><G65/><T106/><D9/><U81/><E59/><V93/><F43/><W103/><G28/><T57/><D69/><U48/><REACH who="1" step="1"/><E81/><REACH who="1" ten="245,237,247,261" step="2"/><V79/><F75/><W1/><G1/><T83/><D83/><U120/><E120/><V70/><F70/><W7/><G122/><T127/><D127/><U27/><E27/><V84/><F56/><N who="3" m="32799" /><G123/><T6/><D6/><U71/><E71/><V10/><F46/><W3/><G3/><T61/><D61/><U58/><E58/><V63/><F63/><W0/><G0/><T113/><D113/><U36/><E36/><V102/><F37/><W99/><G103/><T21/><D47/><U53/><E53/><V118/><F102/><W101/><G101/><T29/><D45/><U97/><E97/><AGARI ba="0,1" hai="7,11,15,80,87,88,90,91,97,98,99" m="32799" machi="97" ten="30,3900,0" yaku="8,1,54,2" doraHai="114" who="3" fromWho="1" sc="245,0,237,-39,247,0,261,49" /><INIT seed="2,0,0,2,4,37" ten="245,198,247,310" oya="2" hai0="19,95,30,56,71,81,61,105,6,112,92,31,98" hai1="0,77,36,35,49,115,75,119,9,82,40,41,48" hai2="69,50,72,28,8,110,63,108,55,90,101,22,123" hai3="46,20,24,124,26,60,118,121,16,43,17,99,132"/><V25/><F123/><W73/><G121/><T18/><D105/><U39/><E115/><V12/><F72/><W13/><G118/><T45/><D71/><U33/><E119/><V59/><F101/><W111/><G73/><T47/><D6/><N who="1" m="1223" /><E48/><V78/><F78/><W57/><G132/><T106/><D106/><U89/><E49/><V91/><F69/><W109/><G124/><T96/><D81/><U7/><E89/><V64/><F110/><N who="3" m="41995" /><G99/><N who="0" m="37931" /><D112/><U74/><E7/><N who="2" m="3103" /><F108/><W86/><G86/><T76/><D76/><U128/><E128/><V117/><F117/><W11/><G26/><T102/><D102/><U122/><E122/><V10/><F10/><W134/><G134/><T15/><D47/><N who="1" m="23943" /><E74/><V65/><F65/><N who="3" m="39055" /><G46/><AGARI ba="0,0" hai="33,35,39,41,46,75,77,82" m="23943,1223" machi="46" ten="30,8000,1" yaku="25,1,33,2,52,2" doraHai="37" who="1" fromWho="3" sc="245,0,198,80,247,0,310,-80" /><INIT seed="3,0,0,4,5,32" ten="245,278,247,230" oya="3" hai0="76,118,26,42,13,46,60,122,130,38,86,16,55" hai1="56,71,15,98,85,93,64,131,107,72,49,75,52" hai2="19,18,77,66,34,69,110,123,4,127,51,54,50" hai3="97,65,104,44,124,133,100,27,105,6,21,103,14"/><W132/><G124/><T24/><D122/><U120/><E120/><V87/><F34/><W25/><G65/><T82/><D118/><U48/><E131/><V29/><F110/><W30/><G44/><T61/><D130/><U73/><E107/><V67/><F29/><W99/><REACH who="3" step="1"/><G25/><REACH who="3" ten="245,278,247,220" step="2"/><T53/><D53/><U1/><E64/><V135/><F67/><W113/><G113/><T128/><D128/><U47/><E71/><V114/><F66/><W63/><G63/><T40/><D61/><U80/><E15/><V90/><F127/><W43/><G43/><N who="0" m="16427" /><D38/><U41/><E1/><V101/><F69/><W134/><G134/><T12/><D12/><U126/><E126/><V115/><F135/><W39/><G39/><T70/><D70/><U10/><E47/><V95/><F115/><W96/><G96/><T74/><D74/><U23/><E41/><V31/><F114/><W84/><G84/><T79/><D60/><U125/><E49/><V0/><F51/><W108/><G108/><T68/><D68/><U36/><E125/><V9/><F123/><W94/><G94/><T121/><D121/><U78/><E36/><V62/><F62/><W88/><G88/><N who="0" m="51287" /><D26/><U2/><E93/><V119/><F119/><W106/><G106/><T83/><D24/><U102/><E98/><V33/><F101/><W92/><G92/><T129/><D129/><U20/><E102/><V91/><F91/><W5/><G5/><T28/><D83/><U116/><E116/><V111/><F111/><W37/><G37/><T3/><D46/><U7/><AGARI ba="0,1" hai="2,7,10,20,23,48,52,56,72,73,75,78,80,85" machi="7" ten="40,5200,0" yaku="0,1,52,1,54,1" doraHai="32" who="1" fromWho="1" sc="245,-13,278,62,247,-13,220,-26" owari="232,-17.0,340,45.0,234,3.0,194,-31.0" /></mjloggm>