<mjloggm ver="2.3"><GO type="169" lobby="0"/><UN n0="%52%69%2D%4D%6F%2D" n1="%33%E7%95%AA%44%48%E4%BA%95%E7%AB%AF" n2="%E5%B0%B1%E6%B4%BB%E7%94%9F%40%E5%B7%9D%E6%9D%91%E8%BB%8D%E5%9B%A3" n3="%E3%83%80%E3%83%9C" dan="17,16,17,16" rate="2207.98,2111.84,2230.83,2065.49" sx="M,M,M,M"/><TAIKYOKU oya="0"/><INIT seed="0,0,0,0,2,11" ten="250,250,250,250" oya="0" hai0="112,83,12,128,123,63,90,103,24,47,49,48,56" hai1="78,106,77,23,102,54,127,119,3,50,129,130,43" hai2="28,134,31,132,33,74,122,100,59,7,21,19,87" hai3="8,35,0,25,58,93,70,99,110,55,114,10,82"/><T67/><D112/><U131/><E119/><V116/><F74/><W64/><G114/><T42/><D123/><U32/><E32/><V66/><F100/><W104/><G110/><T133/><D133/><U57/><E3/><V20/><F87/><W62/><G0/><T79/><D128/><U18/><E127/><V15/><F66/><W111/><G82/><T117/><D117/><U36/><E36/><V61/><F59/><W88/><G111/><T125/><D125/><U39/><E39/><V96/><F96/><W1/><G104/><T27/><D90/><U75/><E43/><V85/><F85/><W5/><G10/><T29/><D103/><U135/><E135/><N who="2" m="51755" /><F61/><W34/><REACH who="3" step="1"/><G25/><REACH who="3" ten="250,250,250,240" step="2"/><T51/><D27/><N who="1" m="14839" /><E75/><V84/><F116/><W81/><G81/><T72/><REACH who="0" step="1"/><D12/><REACH who="0" ten="240,250,250,240" step="2"/><U40/><E131/><V98/><F15/><W60/><AGARI ba="0,2" hai="1,5,8,34,35,55,58,60,62,64,70,88,93,99" machi="60" ten="20,5200,0" yaku="1,1,0,1,7,1,54,1,53,0" doraHai="11" doraHaiUra="107" who="3" fromWho="3" sc="240,-26,250,-13,250,-13,240,72" /><INIT seed="1,0,0,5,5,82" ten="214,237,237,312" oya="1" hai0="106,90,54,94,31,63,79,60,51,78,48,66,85" hai1="84,7,91,15,57,56,65,10,46,134,24,109,107" hai2="45,110,95,6,105,68,132,96,61,133,12,71,108" hai3="123,8,116,30,72,22,37,14,76,135,89,16,104"/><U118/><E107/><V98/><F6/><W36/><G104/><T99/><D48/><U20/><E118/><V81/><F12/><W62/><G123/><T126/><D126/><U55/><E134/><N who="2" m="51819" /><F45/><W101/><G135/><T67/><D31/><U44/><E109/><N who="2" m="42091" /><F61/><N who="0" m="23626" /><D106/><U86/><E65/><N who="0" m="24585" /><D99/><N who="2" m="37930" /><F105/><W69/><G116/><T87/><D87/><U27/><E86/><V122/><F95/><W130/><G62/><T0/><D0/><U39/><E39/><V28/><F28/><W75/><G37/><T50/><D50/><N who="1" m="29143" /><E44/><AGARI ba="0,0" hai="44,51,54,78,79,85,90,94" m="24585,23626" machi="44" ten="30,2000,0" yaku="8,1,52,1" doraHai="82" who="0" fromWho="1" sc="214,20,237,-20,237,0,312,0" /><INIT seed="2,0,0,5,1,42" ten="234,217,237,312" oya="2" hai0="15,46,8,21,24,70,104,106,73,31,55,2,124" hai1="66,93,126,34,62,83,7,91,116,43,72,65,47" hai2="64,110,3,127,45,115,132,81,26,96,28,97,102" hai3="60,39,27,119,38,134,11,36,9,49,17,87,61"/><V118/><F115/><W25/><G119/><T101/><D73/><U59/><E116/><V23/><F3/><W22/><G134/><T67/><D124/><U35/><E126/><V108/><F127/><W129/><G129/><T44/><D2/><U125/><E125/><V135/><F64/><W32/><G87/><T75/><D75/><U112/><E112/><V68/><F68/><W29/><G49/><T71/><D55/><U80/><E66/><V99/><F118/><W103/><G103/><T57/><D57/><U90/><E7/><V128/><F128/><W14/><REACH who="3" step="1"/><G11/><REACH who="3" ten="234,217,237,302" step="2"/><T77/><D101/><U88/><E72/><V69/><F102/><W114/><G114/><T74/><D74/><U53/><E83/><V48/><F81/><W111/><G111/><N who="2" m="42537" /><F69/><W107/><G107/><T30/><D104/><U131/><E80/><V52/><AGARI ba="0,1" hai="23,26,28,45,48,52,96,97,99,132,135" m="42537" machi="52" ten="40,12000,1" yaku="14,1,10,1,52,1,54,1" doraHai="42" who="2" fromWho="2" sc="234,-40,217,-40,237,130,302,-40" /><INIT seed="2,1,0,0,4,13" ten="194,177,367,262" oya="2" hai0="93,15,12,25,41,114,0,60,119,10,54,18,64" hai1="110,67,38,29,70,130,23,31,87,88,8,36,135" hai2="59,28,53,21,106,103,112,46,57,122,102,17,5" hai3="47,82,133,58,92,91,49,19,39,66,7,97,77"/><V55/><F122/><W20/><G39/><T37/><D114/><U129/><E110/><V79/><F112/><W69/><G69/><T42/><D0/><U32/><E32/><V124/><F124/><W52/><G133/><T101/><D119/><U96/><E135/><V123/><F123/><W121/><G121/><T45/><D41/><U35/><E35/><V128/><F28/><N who="1" m="10825" /><E96/><V75/><F5/><W127/><G7/><T126/><D25/><U16/><E8/><V132/><F128/><N who="1" m="49257" /><E67/><V26/><F46/><W84/><G127/><T81/><D126/><U30/><N who="1" m="10833" /><U2/><DORA hai="1" /><E2/><V11/><F11/><W90/><G66/><T74/><D64/><U99/><E99/><V131/><F106/><W134/><G134/><T62/><D54/><U73/><E73/><V72/><F72/><W113/><G113/><T108/><D108/><U109/><E70/><V61/><F132/><W14/><REACH who="3" step="1"/><G47/><REACH who="3" ten="194,177,367,252" step="2"/><T68/><D68/><U85/><E109/><V100/><F131/><W105/><G105/><T125/><D125/><U107/><E107/><V94/><F59/><W51/><G51/><T120/><D120/><U76/><E38/><V78/><F57/><W86/><G86/><T40/><D45/><U98/><E36/><V27/><F75/><W56/><G56/><T116/><D37/><U117/><E117/><V6/><F6/><W48/><G48/><T95/><D116/><U65/><E65/><V89/><F61/><W24/><G24/><T3/><D3/><U43/><E87/><N who="2" m="52543" /><F27/><W33/><G33/><T4/><D74/><U50/><E50/><RYUUKYOKU ba="1,1" sc="194,-15,177,-15,367,15,252,15" hai2="17,21,26,53,55,78,79,100,102,103" hai3="14,19,20,49,52,58,77,82,84,90,91,92,97" /><INIT seed="2,2,1,1,4,58" ten="179,162,382,267" oya="2" hai0="130,60,118,111,74,28,47,53,37,107,114,1,105" hai1="51,34,21,23,31,10,79,120,100,77,112,108,91" hai2="75,2,27,133,12,22,18,7,67,123,24,13,131" hai3="0,59,41,43,92,14,48,80,93,127,98,125,72"/><V71/><F75/><W104/><G0/><T109/><D114/><U116/><E112/><V73/><F73/><W49/><G104/><T19/><D74/><U113/><E113/><V5/><F71/><W55/><G80/><T38/><D1/><U89/><E120/><V117/><F67/><W45/><G72/><T9/><D28/><U128/><E116/><V135/><F123/><W39/><G14/><N who="0" m="7631" /><D118/><U81/><E34/><V90/><F90/><W52/><G93/><T106/><D130/><U132/><E108/><N who="0" m="41545" /><D47/><U78/><E128/><V29/><F131/><W129/><G129/><T66/><D53/><U61/><E132/><N who="2" m="50763" /><F117/><W64/><G64/><T11/><D11/><U76/><E10/><N who="2" m="2359" /><F7/><W4/><G4/><T110/><N who="0" m="41553" /><T68/><AGARI ba="2,1" hai="37,38,60,66,68,105,106,107" m="41553,7631" machi="68" ten="50,6400,0" yaku="4,1,14,1,52,1" doraHai="58" who="0" fromWho="0" sc="179,80,162,-18,382,-34,267,-18" /><INIT seed="3,0,0,3,3,1" ten="259,144,348,249" oya="3" hai0="114,60,27,7,128,72,10,25,57,69,121,116,113" hai1="74,130,110,135,17,40,16,125,99,94,88,93,78" hai2="89,64,104,42,91,46,122,4,58,33,109,134,53" hai3="67,38,22,71,132,123,75,37,111,96,21,92,14"/><W79/><G123/><T52/><D116/><U48/><E110/><V112/><F104/><W45/><G132/><T76/><D121/><U100/><E130/><V49/><F33/><W82/><G111/><T70/><D128/><U119/><E125/><V8/><F112/><N who="0" m="43114" /><D76/><U118/><E135/><V19/><F122/><W126/><G126/><T131/><D72/><U24/><E78/><V129/><F129/><W0/><G0/><N who="0" m="359" /><D131/><U34/><E74/><V103/><F103/><W61/><G45/><T36/><D36/><U124/><E124/><V85/><F19/><W44/><G14/><T133/><D133/><U23/><E34/><V18/><F18/><W84/><G75/><T56/><D56/><U127/><E127/><V35/><F35/><W39/><REACH who="3" step="1"/><G44/><REACH who="3" ten="259,144,348,239" step="2"/><T120/><D120/><U62/><E118/><V29/><F109/><W31/><G31/><T55/><D55/><U87/><E119/><V77/><F29/><W80/><G80/><T107/><D107/><U54/><E40/><V30/><F30/><W6/><G6/><T108/><D108/><U105/><E105/><V59/><F134/><W43/><G43/><T32/><D32/><U115/><E115/><V117/><F117/><W86/><G86/><T98/><D98/><U11/><E11/><V5/><F53/><W3/><G3/><T50/><D52/><U63/><E17/><V90/><F5/><W47/><G47/><AGARI ba="0,1" hai="16,23,24,47,48,54,62,63,87,88,93,94,99,100" machi="47" ten="30,7700,0" yaku="7,1,8,1,54,2" doraHai="1" who="1" fromWho="3" sc="259,0,144,87,348,0,239,-77" /><INIT seed="4,0,0,2,4,14" ten="259,231,348,162" oya="0" hai0="69,125,23,40,46,119,64,56,104,26,78,70,76" hai1="126,34,98,135,68,50,91,54,21,129,127,5,41" hai2="95,72,89,60,67,18,111,106,133,105,96,94,55" hai3="108,73,113,65,44,63,103,92,2,107,121,1,57"/><T83/><D119/><U80/><E34/><V31/><F72/><W115/><G107/><T97/><D125/><U16/><E68/><V66/><F111/><W43/><G73/><T88/><D70/><U52/><E135/><V130/><F130/><W87/><G108/><T47/><D69/><U116/><E116/><V93/><F133/><W120/><G87/><N who="0" m="50303" /><D97/><U30/><E129/><V86/><F31/><W99/><G2/><T124/><D104/><U79/><E30/><V19/><F105/><W22/><G22/><T134/><D124/><N who="1" m="47659" /><E5/><V123/><F106/><W81/><G81/><T59/><D134/><U8/><E8/><V45/><F123/><N who="3" m="47179" /><G1/><T85/><D85/><N who="1" m="48287" /><E41/><V62/><F45/><N who="0" m="16906" /><D40/><U27/><E50/><AGARI ba="0,0" hai="43,44,50,57,63,65,92,99,103,113,115" m="47179" machi="50" ten="30,1000,0" yaku="13,1" doraHai="14" who="3" fromWho="1" sc="259,0,231,-10,348,0,162,10" /><INIT seed="5,0,0,3,4,56" ten="259,221,348,172" oya="1" hai0="10,30,61,18,96,12,106,34,124,89,52,118,110" hai1="63,2,5,81,9,11,55,23,26,4,123,91,120" hai2="112,15,78,58,24,45,6,76,125,130,35,64,57" hai3="99,100,107,73,122,115,77,25,86,39,98,90,48"/><U95/><E81/><V7/><F125/><W97/><G39/><T21/><D110/><U134/><E134/><V19/><F130/><W102/><G25/><N who="0" m="16687" /><D106/><U131/><E131/><V62/><F112/><W33/><G33/><T66/><D34/><U126/><E126/><V59/><F45/><W108/><G48/><T92/><D118/><U116/><E116/><V27/><F35/><W75/><G108/><T135/><D135/><U101/><E101/><N who="3" m="39018" /><G115/><T47/><D124/><U37/><E37/><V43/><F43/><W54/><G54/><T13/><D13/><U111/><E111/><V82/><F27/><W105/><G122/><T38/><D38/><U69/><E69/><V49/><F24/><W14/><G14/><T119/><D119/><U53/><E53/><N who="2" m="31919" /><F58/><W28/><G28/><T129/><D129/><U3/><E55/><V46/><F46/><W104/><G77/><N who="2" m="29801" /><F82/><AGARI ba="0,0" hai="73,75,82,86,90,97,98,99,104,105,107" m="39018" machi="82" ten="40,8000,1" yaku="35,5" doraHai="56" who="3" fromWho="2" sc="259,0,221,0,348,-80,172,80" /><INIT seed="6,0,0,3,3,32" ten="259,221,268,252" oya="2" hai0="65,94,73,3,115,20,89,42,15,93,19,33,14" hai1="77,13,83,125,52,63,60,87,100,27,66,48,37" hai2="112,72,46,120,76,34,86,24,25,106,29,108,59" hai3="101,44,113,68,35,23,134,43,91,0,81,135,58"/><V8/><F120/><W4/><G35/><T70/><D73/><U10/><E37/><V95/><F106/><W17/><G68/><T61/><D33/><U126/><E100/><V38/><F112/><W2/><G4/><T111/><D111/><U132/><E27/><V36/><F72/><W75/><G101/><T50/><D115/><U119/><E132/><N who="3" m="50730" /><G58/><T114/><D114/><U103/><E103/><V109/><F24/><N who="3" m="14447" /><G113/><T16/><D3/><N who="3" m="1065" /><G75/><T54/><D70/><U9/><E119/><V128/><F59/><W104/><G104/><T82/><D19/><U51/><E51/><V98/><F36/><W122/><G81/><T71/><D82/><U64/><E64/><V67/><F67/><W21/><G21/><T39/><D20/><U5/><E10/><V102/><F8/><W53/><G53/><T99/><D16/><U78/><E78/><V40/><F109/><W123/><G91/><T49/><D89/><U41/><E41/><V80/><F108/><W55/><G55/><T69/><D69/><U74/><E74/><V7/><F7/><W116/><G116/><T121/><D54/><U90/><E90/><V26/><F26/><W11/><G11/><T118/><D118/><U62/><REACH who="1" step="1"/><E66/><REACH who="1" ten="259,211,268,252" step="2"/><V1/><F1/><W18/><G18/><T28/><D65/><U31/><E31/><V85/><F85/><W92/><G92/><T133/><D93/><U88/><E88/><V129/><AGARI ba="0,1" hai="25,29,34,38,40,46,76,80,86,95,98,102,128,129" machi="129" ten="30,1500,0" yaku="0,1" doraHai="32" who="2" fromWho="2" sc="259,-5,211,-5,268,25,252,-5" /><INIT seed="6,1,0,3,5,80" ten="254,206,293,247" oya="2" hai0="22,2,117,99,46,96,70,75,34,103,19,101,7" hai1="66,10,78,63,126,37,133,110,48,29,88,21,9" hai2="32,14,65,39,72,64,30,23,114,69,102,74,27" hai3="71,33,82,87,112,58,1,98,47,122,8,68,107"/><V18/><F114/><W130/><G122/><T76/><D70/><U111/><E37/><V95/><F39/><W36/><G33/><T105/><D34/><U60/><E133/><V67/><F69/><W54/><G130/><T6/><D117/><U25/><E126/><V93/><REACH who="2" step="1"/><F102/><REACH who="2" ten="254,206,283,247" step="2"/><W115/><G112/><T55/><D101/><U0/><E111/><V134/><F134/><W41/><G115/><T97/><D103/><U52/><E110/><V121/><F121/><W40/><G68/><T83/><D105/><U17/><E78/><V86/><F86/><W16/><G71/><T56/><D76/><U113/><E113/><V124/><F124/><W89/><G107/><T15/><D75/><AGARI ba="1,1" hai="14,18,23,27,30,32,64,65,67,72,74,75,93,95" machi="75" ten="40,2000,0" yaku="1,1,53,0" doraHai="80" doraHaiUra="38" who="2" fromWho="0" sc="254,-23,206,0,283,33,247,0" /><INIT seed="6,2,0,3,0,1" ten="231,206,316,247" oya="2" hai0="10,112,67,36,82,4,99,22,135,130,115,100,123" hai1="119,118,28,65,52,81,133,92,9,95,90,124,86" hai2="45,42,15,103,102,66,24,69,108,94,14,75,35" hai3="23,17,26,8,131,107,44,106,12,113,47,96,5"/><V7/><F75/><W93/><G131/><T125/><D123/><U57/><E133/><V34/><F15/><W121/><G121/><T53/><D36/><U132/><E132/><V127/><F127/><W49/><G113/><N who="0" m="43595" /><D135/><U72/><E124/><V30/><F35/><W129/><G129/><T31/><D130/><U80/><E28/><V21/><F108/><W134/><G47/><T32/><D125/><U78/><E65/><V74/><F74/><W97/><G134/><T109/><D109/><U0/><E0/><V120/><F120/><W68/><G68/><T41/><D41/><U116/><REACH who="1" step="1"/><E9/><REACH who="1" ten="231,196,316,247" step="2"/><V87/><F66/><W43/><REACH who="3" step="1"/><G97/><REACH who="3" ten="231,196,316,237" step="2"/><T19/><D99/><U20/><E20/><V55/><F21/><W37/><G37/><T64/><D22/><U33/><E33/><V88/><F34/><W76/><G76/><T27/><D32/><U58/><E58/><V114/><F45/><W25/><G25/><T50/><D27/><U3/><E3/><V63/><F24/><W85/><G85/><T2/><D2/><U16/><E16/><V110/><F87/><W111/><G111/><T62/><D19/><U89/><E89/><AGARI ba="2,2" hai="5,8,12,17,23,26,43,44,49,89,93,96,106,107" machi="89" ten="30,3900,0" yaku="1,1,7,1,52,1,53,0" doraHai="1" doraHaiUra="61" who="3" fromWho="1" sc="231,0,196,-45,316,0,237,65" /><INIT seed="7,0,0,3,1,82" ten="231,151,316,302" oya="3" hai0="29,7,81,37,23,18,46,63,15,51,88,131,108" hai1="126,116,58,75,47,100,94,52,101,57,39,123,128" hai2="19,45,66,33,112,104,27,129,48,89,133,20,32" hai3="85,117,80,92,109,96,107,25,120,106,22,70,21"/><W130/><G70/><T24/><D37/><U44/><E123/><V35/><F104/><W10/><G120/><T73/><D108/><U16/><E116/><V36/><F36/><W0/><G117/><T5/><D131/><U26/><E126/><V13/><F129/><W93/><G130/><T111/><D63/><U2/><E128/><V30/><F112/><W64/><G109/><T102/><D102/><U91/><E75/><V43/><F133/><W110/><G110/><T59/><D59/><U41/><E2/><V3/><F3/><W121/><G121/><T79/><D111/><U50/><E100/><V125/><F125/><W77/><G64/><T31/><D31/><U72/><E101/><V8/><F66/><W34/><G34/><T49/><D49/><U14/><E26/><V115/><F115/><W9/><G22/><T53/><D88/><U54/><E54/><V11/><F89/><W135/><G135/><T90/><D90/><U1/><E1/><V132/><F132/><W98/><G106/><T127/><D127/><U60/><E72/><V6/><F35/><AGARI ba="0,0" hai="5,7,15,18,23,24,29,35,46,51,53,73,79,81" machi="35" ten="30,1000,0" yaku="7,1" doraHai="82" who="0" fromWho="2" sc="231,10,151,0,316,-10,302,0" owari="241,-16.0,151,-35.0,306,41.0,302,10.0" /></mjloggm>