<mjloggm ver="2.3"><GO type="169" lobby="0"/><UN n0="%E6%9E%9D%E8%B1%86%E3%82%AB%E3%83%AC%E3%83%BC%E7%94%98%E5%8F%A3" n1="%E3%83%90%E3%82%A4%E3%82%A2%E3%83%A9%E3%83%B3" n2="%73%69%65%72%61%34%30%31" n3="%E3%82%A6%E3%83%AB%E3%83%88%E3%83%A9%E7%AB%8B%E7%9B%B4" dan="16,17,17,18" rate="2142.02,2129.09,2176.70,2182.81" sx="F,M,F,M"/><TAIKYOKU oya="0"/><INIT seed="0,0,0,1,1,124" ten="250,250,250,250" oya="0" hai0="123,50,19,122,130,114,45,57,105,91,81,49,113" hai1="4,35,24,85,22,117,63,69,103,90,55,87,106" hai2="15,118,18,39,129,71,74,9,0,61,112,89,131" hai3="80,41,75,86,6,120,60,23,104,102,51,68,98"/><T5/><D105/><U10/><E117/><V73/><F39/><W53/><G6/><T29/><D5/><U135/><E35/><V70/><F0/><W26/><G120/><T33/><D19/><U27/><E87/><V11/><F112/><W66/><G41/><T40/><D33/><U46/><E69/><V107/><F107/><W82/><G86/><T52/><D29/><U43/><E103/><V93/><F118/><W65/><G65/><T115/><D91/><U30/><E135/><V127/><F127/><W16/><REACH who="3" step="1"/><G75/><REACH who="3" ten="250,250,250,240" step="2"/><T1/><D1/><U32/><E43/><V44/><F74/><W3/><G3/><T67/><D81/><U13/><E4/><V31/><F73/><W99/><G99/><T56/><D130/><N who="2" m="49674" /><F31/><W128/><G128/><T54/><REACH who="0" step="1"/><D67/><REACH who="0" ten="240,250,250,240" step="2"/><U79/><E30/><V97/><F9/><W7/><G7/><T64/><D64/><U95/><E10/><V108/><F108/><W17/><G17/><T116/><D116/><U72/><E32/><V134/><F134/><W34/><G34/><T36/><AGARI ba="0,2" hai="36,40,45,49,50,52,54,56,57,113,114,115,122,123" machi="36" ten="30,18000,2" yaku="1,1,0,1,9,1,34,3,54,1,53,0" doraHai="124" doraHaiUra="58" who="0" fromWho="0" sc="240,200,250,-60,250,-60,240,-60" /><INIT seed="0,1,0,5,4,8" ten="440,190,190,180" oya="0" hai0="51,101,93,1,123,40,68,72,124,6,125,102,78" hai1="0,130,85,128,92,57,117,104,135,115,55,64,91" hai2="90,74,129,89,49,52,43,69,27,2,127,76,36" hai3="11,88,56,28,34,33,24,83,23,4,29,105,86"/><T10/><D123/><U96/><E0/><V106/><F69/><W66/><G105/><T118/><D118/><U53/><E117/><V12/><F106/><W98/><G29/><T31/><D31/><U30/><E30/><V35/><F2/><W47/><G47/><T119/><D68/><U133/><E64/><V97/><F127/><N who="0" m="48714" /><D119/><U95/><E55/><V109/><F109/><W25/><G25/><T63/><D63/><U77/><E53/><V82/><F129/><N who="1" m="49769" /><E57/><V9/><F43/><W26/><G26/><T38/><D51/><U18/><E18/><V103/><F36/><W16/><G28/><T121/><D121/><U54/><E54/><V108/><F108/><W132/><G132/><N who="1" m="50762" /><E104/><V75/><F35/><W21/><G66/><T46/><D46/><U79/><E115/><V17/><F27/><W19/><G56/><T32/><D40/><U37/><E37/><V112/><F112/><W50/><G50/><T60/><D60/><U111/><E111/><V107/><F74/><W87/><G33/><T65/><D65/><U99/><E99/><V73/><F75/><W114/><G98/><T100/><D38/><U42/><E42/><V67/><F67/><W59/><G34/><T22/><D22/><U120/><E120/><V61/><F61/><W15/><G59/><AGARI ba="1,0" hai="9,12,17,49,52,59,73,76,82,89,90,97,103,107" machi="59" ten="30,3900,0" yaku="7,1,52,1,54,1" doraHai="8" who="2" fromWho="3" sc="440,0,190,0,190,42,180,-42" /><INIT seed="1,0,0,4,0,72" ten="440,190,232,138" oya="1" hai0="18,81,62,8,84,113,17,126,89,129,27,40,97" hai1="78,48,124,11,92,26,44,88,51,54,79,20,85" hai2="15,12,7,71,104,39,47,65,111,73,77,101,41" hai3="100,82,46,98,127,42,22,83,133,115,94,90,130"/><U28/><E124/><V45/><F111/><W19/><G115/><T6/><D126/><U87/><E87/><V34/><F34/><W13/><G127/><T117/><D113/><U99/><E11/><V1/><F47/><W0/><G0/><T64/><D117/><U86/><E86/><V69/><F101/><W70/><G70/><T66/><D40/><U57/><E99/><V35/><F35/><W36/><G133/><T74/><D97/><U80/><E80/><N who="2" m="45103" /><F104/><W9/><G130/><T120/><D120/><U31/><E31/><V21/><F21/><W93/><REACH who="3" step="1"/><G22/><REACH who="3" ten="440,190,232,128" step="2"/><T58/><D129/><U60/><REACH who="1" step="1"/><E51/><REACH who="1" ten="440,180,232,128" step="2"/><V5/><F1/><W50/><G50/><T108/><D108/><U75/><E75/><V23/><F23/><W25/><G25/><T123/><D27/><U135/><E135/><V131/><F131/><W106/><G106/><T105/><D105/><U67/><AGARI ba="0,2" hai="20,26,28,44,48,54,57,60,67,78,79,85,88,92" machi="67" ten="20,18000,2" yaku="1,1,0,1,7,1,8,1,52,2,54,1,53,0" doraHai="72" doraHaiUra="38" who="1" fromWho="1" sc="440,-60,180,200,232,-60,128,-60" /><INIT seed="1,1,0,4,3,77" ten="380,380,172,68" oya="1" hai0="131,69,99,41,57,90,18,13,24,21,120,116,6" hai1="46,84,95,43,134,34,33,112,52,39,5,108,135" hai2="105,37,70,81,20,123,110,54,87,56,62,50,132" hai3="7,114,73,79,74,12,10,113,65,42,45,128,0"/><U78/><E112/><V8/><F105/><W129/><G65/><T124/><D69/><U61/><E5/><V75/><F75/><W29/><G29/><T72/><D72/><U89/><E78/><V117/><F123/><W44/><G12/><T71/><D71/><U2/><E2/><V60/><F37/><W38/><G45/><T93/><D116/><U106/><E106/><V51/><F117/><W36/><G36/><T30/><D131/><N who="3" m="50249" /><G73/><T28/><D124/><U85/><E85/><V115/><F115/><W11/><G11/><N who="0" m="4343" /><D120/><U17/><E17/><V32/><F32/><W3/><G3/><T26/><D41/><U67/><E67/><V63/><F70/><W92/><G92/><T15/><D57/><N who="1" m="34983" /><E108/><V48/><F110/><W31/><G31/><AGARI ba="1,0" hai="15,18,21,24,26,28,30,31,90,93,99" m="4343" machi="31" ten="30,1000,0" yaku="8,1" doraHai="77" who="0" fromWho="3" sc="380,13,380,0,172,0,68,-13" /><INIT seed="2,0,0,3,2,79" ten="393,380,172,55" oya="2" hai0="5,54,86,88,27,115,3,106,29,6,31,126,111" hai1="132,52,95,8,84,130,25,109,57,133,119,13,55" hai2="62,43,42,129,70,94,101,120,125,67,58,114,112" hai3="78,102,39,64,24,97,76,63,40,37,66,81,99"/><V93/><F120/><W89/><G40/><T123/><D123/><U127/><E119/><V71/><F125/><W68/><G64/><T121/><D121/><U61/><E109/><V118/><F118/><W45/><G45/><T91/><D106/><U116/><E116/><V7/><F7/><W65/><G65/><T15/><D3/><U46/><E25/><V77/><F129/><W134/><G134/><N who="1" m="51818" /><E130/><V30/><F77/><W131/><G131/><T72/><D72/><U21/><E21/><V38/><F38/><W47/><G47/><T56/><D91/><N who="1" m="53735" /><E46/><V124/><F124/><W49/><G49/><T48/><D115/><U26/><E26/><V35/><F35/><W9/><G9/><T50/><D50/><U41/><E41/><V0/><F0/><W108/><G108/><T51/><D51/><U22/><E22/><V44/><F30/><N who="0" m="11274" /><D27/><U90/><E90/><V82/><F44/><W75/><G24/><T98/><D111/><U36/><E55/><V80/><F101/><W122/><G122/><T60/><D48/><U18/><E127/><V33/><F67/><W19/><G37/><AGARI ba="0,0" hai="8,13,18,36,37,52,57,61" m="53735,51818" machi="37" ten="30,2000,0" yaku="20,1,54,1" doraHai="79" who="1" fromWho="3" sc="393,0,380,20,172,0,55,-20" /><INIT seed="3,0,0,4,5,19" ten="393,400,172,35" oya="3" hai0="130,36,63,120,7,108,25,49,129,8,92,5,123" hai1="76,32,34,107,96,98,102,11,90,3,50,42,105" hai2="14,99,35,71,87,110,40,65,69,27,37,106,101" hai3="66,82,16,15,28,74,70,18,97,77,47,91,62"/><W73/><G28/><T60/><D36/><U125/><E76/><V134/><F110/><W100/><G47/><T55/><D108/><U26/><E50/><V33/><F134/><W133/><G91/><T61/><D92/><U88/><E42/><V17/><F87/><W22/><G133/><T115/><D25/><U83/><E125/><V121/><F121/><W9/><G74/><T85/><D85/><U112/><E112/><V118/><F118/><W79/><G79/><T53/><D115/><U12/><E3/><V6/><F6/><N who="0" m="2058" /><D8/><U44/><E44/><V0/><F0/><W48/><G48/><T41/><D49/><U57/><E57/><V58/><F58/><W119/><G119/><T109/><D41/><U93/><E26/><V46/><F27/><W13/><REACH who="3" step="1"/><G97/><REACH who="3" ten="393,400,172,25" step="2"/><T2/><D109/><U43/><E98/><V68/><REACH who="2" step="1"/><F65/><REACH who="2" ten="393,400,162,25" step="2"/><W124/><G124/><T21/><D123/><U39/><E96/><V59/><F59/><W111/><G111/><T20/><D120/><U89/><E89/><V75/><F75/><W54/><G54/><N who="0" m="20491" /><D2/><U67/><E67/><V132/><F132/><W24/><G24/><T10/><D10/><AGARI ba="0,2" hai="10,14,17,33,35,37,40,46,68,69,71,99,101,106" machi="10" ten="40,1300,0" yaku="1,1,53,0" doraHai="19" doraHaiUra="104" who="2" fromWho="0" sc="393,-13,400,0,162,33,25,0" /><INIT seed="4,0,0,4,0,64" ten="380,400,195,25" oya="0" hai0="39,74,123,16,118,2,82,32,7,40,60,76,42" hai1="81,36,53,69,35,117,37,3,23,122,135,51,108" hai2="63,13,68,129,26,22,75,29,93,33,14,127,128" hai3="24,41,116,87,91,19,121,97,47,131,105,133,67"/><T110/><D123/><U11/><E35/><V104/><F75/><W109/><G116/><T34/><D118/><U124/><E122/><V83/><F83/><W72/><G72/><T55/><D110/><U113/><E23/><V6/><F104/><W0/><G0/><T85/><D42/><U126/><E81/><V107/><F107/><W77/><G77/><T130/><D130/><N who="2" m="50282" /><F93/><W8/><G109/><T84/><D16/><U52/><E11/><N who="2" m="4343" /><F63/><W78/><G78/><T102/><D102/><U89/><E3/><V66/><F66/><W46/><G121/><T58/><D85/><U112/><E108/><V15/><F68/><W59/><G133/><T88/><D88/><U27/><E69/><V5/><F5/><W99/><G105/><T9/><REACH who="0" step="1"/><D84/><REACH who="0" ten="370,400,195,25" step="2"/><U49/><E89/><V106/><F106/><W18/><G87/><T50/><D50/><U21/><E117/><V80/><F80/><W61/><G91/><T100/><D100/><U70/><E51/><V45/><F127/><W38/><G131/><T134/><D134/><U96/><E135/><V115/><F115/><W73/><G73/><T1/><D1/><U92/><E49/><V57/><F14/><W10/><G19/><T56/><D56/><U95/><E126/><V119/><F57/><W101/><G101/><T48/><D48/><U25/><E124/><V86/><F86/><W132/><G132/><T79/><D79/><U28/><E112/><V31/><F119/><W62/><G18/><T94/><D94/><U44/><E95/><V12/><F45/><AGARI ba="0,1" hai="2,7,9,32,34,39,40,45,55,58,60,74,76,82" machi="45" ten="40,12000,1" yaku="1,1,25,2,53,1" doraHai="64" doraHaiUra="43" who="0" fromWho="2" sc="370,130,400,0,195,-120,25,0" /><INIT seed="4,1,0,4,1,60" ten="500,400,75,25" oya="0" hai0="25,62,14,115,94,16,10,52,105,51,126,86,12" hai1="67,72,18,68,113,106,87,8,50,30,96,83,20" hai2="78,76,74,36,121,93,66,41,27,71,95,64,31" hai3="9,24,26,128,124,75,0,3,37,6,90,117,79"/><T131/><D105/><U65/><E68/><V85/><F121/><W46/><G117/><T17/><D115/><U114/><E72/><V116/><F74/><W127/><G90/><N who="0" m="53591" /><D131/><U81/><E30/><V42/><F71/><W135/><G0/><T122/><D126/><N who="3" m="48169" /><G128/><T103/><D122/><U45/><E83/><V1/><F36/><W89/><G89/><T28/><D62/><U57/><E57/><V54/><F1/><W97/><G97/><T99/><D99/><U7/><E96/><V108/><F108/><W58/><G58/><N who="0" m="33055" /><D103/><U11/><E106/><V48/><F116/><W120/><G120/><T61/><D61/><U84/><E113/><V82/><F76/><W98/><G98/><T2/><D2/><U56/><E114/><V77/><F77/><W125/><N who="3" m="48177" /><W19/><DORA hai="102" /><G135/><T55/><D55/><N who="1" m="30159" /><E87/><V34/><F41/><N who="3" m="22831" /><G19/><N who="0" m="7243" /><D10/><N who="1" m="3627" /><E7/><V119/><F42/><W92/><G92/><T32/><D32/><U38/><E38/><V43/><F43/><W130/><G130/><T13/><D28/><U73/><E73/><V23/><F34/><W111/><G111/><T35/><D35/><U47/><E47/><N who="2" m="27935" /><F119/><W112/><G112/><T109/><D109/><U123/><E123/><V134/><F134/><W29/><G29/><T21/><D21/><U107/><E107/><V44/><F44/><W129/><G129/><T132/><D132/><U100/><E100/><V104/><F104/><W15/><G3/><T5/><D5/><U133/><E133/><V110/><F110/><W40/><G40/><T70/><D70/><U22/><E22/><V59/><F59/><RYUUKYOKU ba="1,0" sc="500,10,400,-30,75,10,25,10" hai0="12,13,14,25" hai2="23,27,31,64,66,78,82,85,93,95" hai3="6,9,15,24,26,75,79" /><INIT seed="4,2,0,5,4,85" ten="510,370,85,35" oya="0" hai0="135,129,74,41,83,56,75,105,92,33,28,9,2" hai1="79,62,52,87,42,50,69,89,23,93,1,128,80" hai2="124,82,5,117,131,71,111,18,64,34,55,15,122" hai3="126,97,12,66,31,108,119,51,77,24,10,98,35"/><T120/><D105/><U91/><E1/><V47/><F34/><W110/><G119/><T132/><D120/><U16/><E128/><V109/><F122/><W107/><G126/><T22/><D129/><U25/><E69/><V14/><F117/><W130/><G130/><T100/><D22/><U134/><E134/><N who="0" m="51241" /><D83/><U61/><E42/><V36/><F131/><W90/><G77/><T26/><D41/><U96/><REACH who="1" step="1"/><E79/><REACH who="1" ten="510,360,85,35" step="2"/><V60/><F71/><W45/><G110/><T53/><D2/><U46/><AGARI ba="2,1" hai="16,23,25,46,50,52,61,62,80,87,89,91,93,96" machi="46" ten="20,16000,3" yaku="1,1,2,1,0,1,7,1,8,1,52,2,54,2,53,0" doraHai="85" doraHaiUra="11" who="1" fromWho="1" sc="510,-82,360,176,85,-42,35,-42" owari="428,23.0,536,64.0,43,-36.0,-7,-51.0" /></mjloggm>