<mjloggm ver="2.3"><GO type="169" lobby="0"/><UN n0="%E3%83%AD%E3%83%83%E3%83%86%E9%9B%80%E7%90%83" n1="%E3%82%A6%E3%83%AB%E3%83%88%E3%83%A9%E7%AB%8B%E7%9B%B4" n2="%74%61%74%73%75%37%30%32" n3="%53%48%49%53%55%4B%45" dan="17,17,16,16" rate="2187.17,2137.89,2149.95,2111.00" sx="M,M,M,M"/><TAIKYOKU oya="0"/><INIT seed="0,0,0,1,0,26" ten="250,250,250,250" oya="0" hai0="98,109,87,60,46,91,81,25,61,31,78,79,107" hai1="49,62,23,45,106,55,111,66,120,48,72,89,103" hai2="95,117,19,42,96,70,121,80,54,129,35,93,65" hai3="77,36,32,74,27,8,3,22,51,105,94,6,59"/><T7/><D109/><U112/><E72/><V28/><F121/><W124/><G105/><T82/><D7/><U33/><E33/><V50/><F129/><W90/><G36/><T40/><D107/><U85/><E120/><V101/><F117/><W115/><G115/><T86/><D98/><U130/><E112/><V29/><F35/><W128/><G32/><T134/><D134/><U122/><E122/><V15/><F42/><W76/><G128/><T92/><D92/><U126/><E130/><V116/><F116/><W11/><G124/><T5/><D5/><U64/><E111/><V12/><F12/><W71/><G71/><T57/><D91/><U97/><E126/><V131/><F131/><W47/><G74/><T102/><D102/><U99/><E99/><V21/><F80/><W67/><G8/><T133/><D133/><U100/><E100/><V30/><F93/><W104/><G104/><T125/><D57/><U44/><E62/><V108/><F108/><W118/><G118/><T63/><D125/><U13/><E85/><V10/><F70/><W41/><G67/><T43/><REACH who="0" step="1"/><D46/><REACH who="0" ten="240,250,250,250" step="2"/><U110/><E89/><V39/><F65/><W83/><G59/><T37/><D37/><U4/><E110/><V135/><F39/><W52/><G83/><T127/><D127/><U73/><E66/><V68/><F68/><W14/><G94/><T123/><D123/><U24/><E64/><V16/><F135/><W18/><G90/><T58/><D58/><U38/><E38/><V75/><F101/><W56/><G3/><T17/><D17/><N who="2" m="6730" /><F95/><W1/><G1/><RYUUKYOKU ba="0,1" sc="240,15,250,-15,250,-15,250,15" hai0="25,31,40,43,60,61,63,78,79,81,82,86,87" hai3="6,11,14,18,22,27,41,47,51,52,56,76,77" /><INIT seed="0,1,1,0,4,90" ten="255,235,235,265" oya="0" hai0="131,128,112,49,8,91,83,92,11,0,120,18,48" hai1="65,64,119,76,124,3,75,16,10,40,36,44,35" hai2="115,110,22,14,70,29,107,103,66,30,67,74,86" hai3="62,19,78,26,88,125,81,87,27,37,50,15,89"/><T116/><D112/><U79/><E119/><V69/><F74/><W41/><G37/><T130/><D116/><U134/><E35/><V114/><F86/><W38/><G38/><T132/><D120/><U135/><E124/><V63/><F110/><W6/><G125/><T118/><D118/><U28/><E28/><V45/><F45/><N who="3" m="25903" /><G6/><N who="0" m="1095" /><D83/><N who="1" m="45471" /><E79/><V17/><F115/><W1/><G1/><T127/><D132/><N who="1" m="50731" /><E16/><V57/><F114/><W122/><G122/><T46/><D46/><U24/><E24/><N who="3" m="9258" /><G62/><T56/><D56/><U77/><E77/><V43/><F43/><W34/><G34/><T9/><D127/><U21/><E21/><AGARI ba="1,1" hai="15,19,21,78,81,87,88,89" m="9258,25903" machi="21" ten="30,2000,0" yaku="8,1,54,1" doraHai="90" who="3" fromWho="1" sc="255,0,235,-23,235,0,265,33" /><INIT seed="1,0,0,4,5,90" ten="255,212,235,298" oya="1" hai0="110,43,114,11,69,96,54,107,132,128,55,37,122" hai1="23,28,40,84,105,103,120,71,129,46,44,38,24" hai2="89,102,70,20,85,32,92,6,130,75,1,30,97" hai3="133,7,95,83,62,73,41,113,4,127,17,51,79"/><U58/><E71/><V111/><F111/><W5/><G113/><T112/><D11/><U65/><E120/><V115/><F115/><N who="0" m="44074" /><D96/><U31/><E129/><V8/><F130/><W18/><G127/><T135/><D107/><U131/><E131/><V56/><F70/><W9/><G133/><N who="0" m="51275" /><D128/><U86/><E31/><V87/><F75/><W53/><G9/><T26/><D26/><U125/><E125/><V104/><F56/><W126/><G126/><T61/><D110/><U81/><E46/><V63/><F63/><W48/><G62/><T10/><D10/><U76/><E58/><V80/><F20/><W118/><G118/><T0/><D0/><U117/><E65/><V19/><F19/><W82/><G82/><T74/><D74/><U78/><E117/><V67/><F67/><W36/><G36/><T33/><D33/><U12/><E12/><V27/><REACH who="2" step="1"/><F85/><REACH who="2" ten="255,212,225,298" step="2"/><N who="3" m="48383" /><G18/><T15/><D122/><U116/><E116/><V22/><F22/><W124/><G73/><T119/><D119/><U47/><E23/><V34/><F34/><W29/><G124/><T109/><D109/><U100/><E24/><V50/><F50/><W134/><G17/><T64/><D15/><U94/><E28/><V3/><F3/><W108/><G29/><T88/><D69/><U123/><E123/><V14/><F14/><W91/><G108/><T99/><D64/><U77/><E86/><V101/><F101/><W39/><G134/><T121/><D61/><U106/><E103/><V59/><F59/><N who="3" m="33215" /><G48/><T49/><D121/><U72/><E72/><V2/><F2/><W60/><G60/><RYUUKYOKU ba="0,1" sc="255,-10,212,-10,225,30,298,-10" hai2="1,6,8,27,30,32,80,87,89,92,97,102,104" /><INIT seed="2,1,1,4,5,16" ten="245,202,255,288" oya="2" hai0="66,2,101,79,30,98,106,38,75,56,108,116,78" hai1="1,89,10,90,24,3,65,4,127,62,107,12,95" hai2="17,23,133,134,135,97,39,68,40,122,91,126,102" hai3="25,86,77,109,103,85,64,7,115,71,123,14,112"/><V47/><F68/><W11/><G123/><T100/><D38/><U6/><E107/><V44/><F47/><W110/><G103/><T120/><D2/><U29/><E127/><V8/><F126/><W9/><G71/><T88/><D30/><U104/><E104/><V63/><F63/><W54/><G64/><T21/><D101/><U84/><E90/><V111/><F91/><W105/><G105/><T28/><D75/><U114/><E114/><N who="3" m="43562" /><G54/><T45/><D45/><U43/><E43/><V52/><F8/><W61/><G61/><N who="0" m="38183" /><D100/><U36/><E36/><V132/><N who="2" m="33792" /><DORA hai="72" /><V31/><F31/><W33/><G77/><N who="0" m="29195" /><D106/><U82/><E1/><V35/><F35/><W87/><G9/><T92/><D108/><U94/><E10/><V117/><F117/><W124/><G124/><T60/><D120/><U46/><E46/><V32/><F32/><W99/><G109/><T96/><D60/><U81/><E62/><V76/><F76/><W51/><G110/><T34/><D34/><U129/><E3/><V27/><F111/><W22/><G33/><T57/><D57/><U18/><E65/><V70/><F70/><W69/><G69/><T0/><D0/><U42/><E42/><V74/><F74/><W13/><G51/><T50/><D50/><U37/><E37/><V93/><REACH who="2" step="1"/><F52/><REACH who="2" ten="245,202,245,288" step="2"/><W5/><G11/><T121/><D116/><U59/><E29/><V41/><F41/><W55/><G55/><T125/><D125/><U83/><E59/><V49/><F49/><W130/><G5/><T73/><D28/><U118/><E118/><V48/><F48/><RYUUKYOKU ba="1,2" sc="245,-10,202,-10,245,30,288,-10" hai2="17,23,27,39,40,44,93,97,102,122" /><INIT seed="2,2,2,1,2,25" ten="235,192,275,278" oya="2" hai0="89,42,17,79,77,21,20,112,52,83,131,96,4" hai1="59,12,125,46,72,37,13,2,117,93,53,91,121" hai2="126,110,19,58,120,107,123,27,103,14,80,86,100" hai3="69,128,99,78,56,97,44,70,84,101,63,87,67"/><V134/><F126/><W30/><G128/><T45/><D112/><U39/><E117/><V10/><F134/><W33/><G97/><T36/><D131/><U22/><E125/><V1/><F110/><W122/><G122/><T23/><D4/><U68/><E72/><V43/><F1/><W106/><G70/><T75/><D79/><U18/><E2/><V114/><F114/><W98/><G98/><T55/><REACH who="0" step="1"/><D17/><REACH who="0" ten="225,192,275,278" step="2"/><U47/><E121/><V29/><F123/><W32/><G78/><T48/><D48/><U3/><E3/><V40/><F120/><W115/><G115/><T90/><D90/><U60/><E68/><V129/><F129/><W108/><G108/><T35/><D35/><U31/><E39/><V95/><F107/><W118/><G118/><T71/><D71/><U38/><E37/><V124/><F124/><W66/><G32/><T81/><D81/><U127/><E38/><V50/><F95/><AGARI ba="2,3" hai="20,21,23,36,42,45,52,55,75,77,83,89,95,96" machi="95" ten="40,2600,0" yaku="1,1,54,1,53,0" doraHai="25" doraHaiUra="7" who="0" fromWho="2" sc="225,62,192,0,275,-32,278,0" /><INIT seed="3,0,0,4,2,83" ten="287,192,243,278" oya="3" hai0="53,105,38,58,126,103,119,32,134,35,88,86,89" hai1="33,23,64,27,98,81,9,25,41,108,135,34,30" hai2="111,15,95,28,79,121,97,115,49,76,122,113,93" hai3="29,42,112,131,120,63,5,110,117,44,17,21,51"/><W80/><G117/><T18/><D119/><U14/><E64/><V22/><F49/><W56/><G112/><N who="2" m="43081" /><F15/><W99/><G120/><N who="2" m="46185" /><F22/><W7/><G131/><T39/><D126/><U100/><E108/><V96/><F28/><W59/><G110/><T125/><D134/><U114/><E135/><V36/><F36/><W68/><G68/><T91/><D125/><U54/><E114/><V87/><F111/><W6/><G29/><T92/><D39/><U40/><E54/><V107/><F107/><W24/><G99/><N who="2" m="37961" /><F87/><W61/><G80/><T19/><D86/><U106/><E81/><V109/><F109/><W52/><REACH who="3" step="1"/><G7/><REACH who="3" ten="287,192,243,268" step="2"/><T129/><D105/><U102/><E34/><V94/><AGARI ba="0,1" hai="76,79,93,94,95" m="37961,46185,43081" machi="94" ten="40,8000,1" yaku="28,2,13,1,34,2" doraHai="83" who="2" fromWho="2" sc="287,-20,192,-20,243,90,268,-40" /><INIT seed="4,0,0,0,0,49" ten="267,172,333,228" oya="0" hai0="87,89,54,24,92,12,108,106,67,23,0,122,109" hai1="107,100,40,125,52,58,5,123,119,98,80,126,28" hai2="97,86,39,48,85,70,44,8,15,130,117,63,46" hai3="47,62,75,56,10,88,132,76,121,96,133,73,113"/><T111/><D0/><U120/><E119/><V30/><F117/><W22/><G113/><T90/><D122/><U38/><E5/><V124/><F124/><N who="1" m="47721" /><E28/><V50/><F130/><W60/><G121/><N who="1" m="46666" /><E80/><V20/><F39/><W45/><G62/><T118/><D106/><U104/><E104/><V84/><F63/><W19/><G10/><T33/><D67/><U64/><E64/><V26/><F97/><W103/><G76/><T7/><D118/><U102/><E102/><V4/><F70/><W128/><G75/><T72/><D72/><U43/><E38/><V127/><F127/><W17/><G73/><T105/><D105/><U83/><E83/><V27/><F26/><N who="3" m="14671" /><G19/><T13/><D7/><U18/><E18/><V99/><F99/><W68/><G68/><T131/><D131/><U21/><E21/><V115/><F115/><W65/><G103/><T1/><D33/><U116/><E116/><V34/><F34/><W29/><G29/><T6/><D23/><U69/><E69/><V101/><F101/><W81/><G128/><T3/><D6/><U11/><E11/><V42/><F86/><N who="3" m="50255" /><G96/><T51/><D24/><U77/><E77/><V95/><REACH who="2" step="1"/><F95/><REACH who="2" ten="267,172,323,228" step="2"/><W53/><G65/><T71/><D71/><U74/><E74/><V91/><F91/><W78/><G78/><T114/><D90/><U16/><E16/><V94/><F94/><W37/><G37/><T55/><D89/><U2/><E2/><V66/><F66/><W9/><G9/><T135/><D1/><U41/><E41/><AGARI ba="0,1" hai="4,8,15,20,27,30,41,42,44,46,48,50,84,85" machi="41" ten="30,7700,0" yaku="1,1,7,1,9,1,8,1,53,0" doraHai="49" doraHaiUra="93" who="2" fromWho="1" sc="267,0,172,-77,323,87,228,0" /><INIT seed="5,0,0,4,3,134" ten="267,95,410,228" oya="1" hai0="40,111,106,41,126,131,82,94,53,133,100,43,0" hai1="60,79,122,101,28,64,19,36,48,61,120,109,30" hai2="52,46,47,102,81,123,49,57,88,67,65,112,27" hai3="22,25,129,97,78,12,4,29,135,9,77,93,113"/><U70/><E36/><V83/><F123/><W59/><G135/><T37/><D106/><U90/><E109/><V128/><F128/><W84/><G129/><T38/><D0/><U15/><E101/><V55/><F102/><W87/><G113/><T105/><D105/><U75/><E79/><N who="3" m="30218" /><G59/><T66/><D82/><U8/><E75/><V20/><F112/><W74/><G74/><T6/><D6/><U18/><E90/><AGARI ba="0,0" hai="4,9,12,22,25,29,84,87,90,93,97" m="30218" machi="90" ten="30,1000,0" yaku="8,1" doraHai="134" who="3" fromWho="1" sc="267,0,95,-10,410,0,228,10" /><INIT seed="6,0,0,1,3,44" ten="267,85,410,238" oya="2" hai0="105,134,89,52,59,50,32,109,4,14,43,2,66" hai1="30,42,84,0,123,106,15,67,104,86,96,124,118" hai2="17,58,19,13,36,21,1,39,12,120,74,48,99" hai3="6,69,113,53,98,125,133,121,46,131,107,132,26"/><V126/><F74/><W78/><G121/><T24/><D109/><U61/><E0/><V119/><F119/><W79/><G6/><T49/><D2/><U11/><E118/><V56/><F1/><W47/><G69/><T77/><D105/><U35/><E123/><V128/><F120/><W38/><G38/><T85/><D134/><N who="3" m="51817" /><G125/><T82/><D32/><U100/><E106/><V64/><F128/><W72/><G131/><T117/><D117/><U20/><E42/><V81/><F126/><W97/><G113/><T28/><D28/><U60/><E60/><N who="2" m="37895" /><F39/><W16/><G72/><T101/><D24/><U45/><E45/><N who="3" m="16906" /><G53/><T130/><D43/><U110/><E110/><V102/><F36/><W29/><G16/><N who="2" m="6217" /><F21/><N who="3" m="15567" /><G107/><T91/><D130/><U55/><E124/><V5/><F5/><W114/><G114/><T68/><D68/><U7/><E20/><V127/><F127/><W115/><G115/><T23/><D23/><U37/><E37/><V71/><F71/><W95/><G98/><T62/><D14/><U27/><REACH who="1" step="1"/><E55/><REACH who="1" ten="267,75,410,238" step="2"/><N who="2" m="32103" /><F81/><W73/><G73/><T8/><D82/><U80/><E80/><V51/><F51/><W87/><G79/><T70/><D77/><U9/><E9/><V57/><F57/><AGARI ba="0,1" hai="7,11,15,27,30,35,57,61,67,84,86,96,100,104" machi="57" ten="30,2000,0" yaku="1,1,7,1,53,0" doraHai="44" doraHaiUra="129" who="1" fromWho="2" sc="267,0,75,30,410,-20,238,0" /><INIT seed="7,0,0,2,2,131" ten="267,105,390,238" oya="3" hai0="3,118,111,72,20,1,17,132,112,121,6,62,15" hai1="89,21,110,82,24,91,2,55,88,86,77,61,33" hai2="34,53,74,119,123,103,73,23,81,18,44,105,60" hai3="36,9,52,25,71,22,100,10,128,48,64,83,14"/><W76/><G128/><T113/><D62/><U87/><E2/><V40/><F119/><W32/><G36/><T122/><D72/><U4/><E33/><V101/><F34/><W78/><G32/><T109/><D132/><U16/><E110/><N who="0" m="41993" /><D6/><U8/><E61/><V69/><F74/><W93/><G71/><T84/><D84/><U51/><E4/><V31/><F31/><W95/><G64/><T104/><D104/><U120/><E120/><N who="0" m="46185" /><D118/><U102/><E102/><V7/><F7/><W135/><G135/><T57/><D57/><U13/><E24/><V42/><F105/><W117/><G117/><T70/><D70/><U68/><E68/><V50/><F123/><W27/><G9/><T29/><D29/><U99/><E99/><V114/><F114/><AGARI ba="0,0" hai="1,3,15,17,20,112,113,114" m="46185,41993" machi="114" ten="40,8000,1" yaku="15,1,11,1,34,2" doraHai="131" who="0" fromWho="2" sc="267,80,105,0,390,-80,238,0" owari="347,44.0,105,-39.0,310,11.0,238,-16.0" /></mjloggm>