<mjloggm ver="2.3"><GO type="233" lobby="0"/><UN n0="%E8%B5%A4%E8%A3%8F%E3%83%9B%E3%82%B7%E3%83%BC%E3%83%8E" n1="%E3%82%A6%E3%83%AB%E3%83%88%E3%83%A9%E7%AB%8B%E7%9B%B4" n2="%E7%A7%81%E3%81%8C%E4%B8%89%E9%87%8D%E3%81%A0" n3="%72%61%67%61%2D%6D" dan="18,17,16,16" rate="2206.29,2204.30,2026.40,2080.40" sx="M,M,F,M"/><TAIKYOKU oya="0"/><INIT seed="0,0,0,0,1,62" ten="250,250,250,250" oya="0" hai0="48,20,131,99,121,89,106,66,84,78,39,93,114" hai1="23,40,60,128,21,122,70,95,37,115,97,56,108" hai2="45,55,19,17,32,35,117,4,13,8,68,16,109" hai3="123,53,76,3,65,43,87,75,1,110,130,50,59"/><T73/><D121/><U24/><E122/><V102/><F68/><W135/><G110/><T118/><D39/><U30/><E108/><V85/><F109/><W113/><G113/><T11/><D114/><U33/><E115/><V127/><F102/><W116/><G135/><T101/><D118/><U34/><E70/><V134/><F85/><W120/><G130/><T47/><D131/><U64/><E128/><V22/><F55/><W129/><G75/><T52/><D20/><U74/><E74/><V92/><F92/><W126/><G1/><T51/><D11/><U10/><E10/><N who="2" m="6199" /><F45/><W36/><G3/><T86/><D51/><U98/><E98/><V96/><F96/><W88/><G129/><T79/><D86/><U82/><E82/><V7/><F127/><W49/><G126/><T107/><D107/><U124/><E124/><V100/><F100/><W103/><G116/><T6/><D6/><N who="2" m="2090" /><F134/><W5/><G123/><T42/><D42/><U14/><E40/><V119/><F119/><W44/><G36/><T58/><REACH who="0" step="1"/><D73/><REACH who="0" ten="240,250,250,250" step="2"/><U18/><REACH who="1" step="1"/><E37/><REACH who="1" ten="240,240,250,250" step="2"/><V91/><F117/><W105/><G120/><T46/><D46/><U31/><E31/><V25/><F91/><AGARI ba="0,2" hai="14,18,21,23,24,30,33,34,56,60,64,91,95,97" machi="91" ten="30,3900,0" yaku="1,1,7,1,52,1,53,0" doraHai="62" doraHaiUra="69" who="1" fromWho="2" sc="240,0,240,59,250,-39,250,0" /><INIT seed="1,0,0,2,4,93" ten="240,299,211,250" oya="1" hai0="8,135,50,47,92,77,104,107,49,94,120,48,32" hai1="103,5,75,61,132,10,100,133,127,44,67,109,89" hai2="95,31,119,97,125,21,55,40,27,121,41,78,73" hai3="122,105,129,115,60,54,80,134,128,76,30,12,33"/><U108/><E75/><V118/><F121/><W114/><G122/><T81/><D120/><U85/><E44/><V124/><F73/><W87/><G134/><N who="1" m="51818" /><E127/><N who="2" m="48715" /><F55/><W64/><G105/><T23/><D32/><U111/><E89/><N who="2" m="55535" /><F78/><W106/><G106/><T20/><D135/><U37/><E85/><V79/><F79/><W99/><G54/><T6/><D47/><U116/><E116/><AGARI ba="0,0" hai="21,27,31,40,41,116,118,119" m="55535,48715" machi="116" ten="30,2000,0" yaku="18,1,52,1" doraHai="93" who="2" fromWho="1" sc="240,0,299,-20,211,20,250,0" /><INIT seed="2,0,0,5,5,73" ten="240,279,231,250" oya="2" hai0="8,50,69,122,91,43,124,104,110,12,97,128,35" hai1="26,55,5,133,15,90,16,71,11,72,96,113,87" hai2="1,92,44,64,53,76,25,115,67,99,19,82,18" hai3="79,34,2,38,100,33,121,3,42,118,65,98,51"/><V86/><F115/><W61/><G118/><T129/><D69/><U49/><E72/><V127/><F1/><W40/><G121/><T28/><D122/><U20/><E113/><V132/><F132/><W117/><G117/><T130/><D110/><U95/><E71/><V88/><F127/><W46/><G79/><T39/><D39/><U126/><E126/><V125/><F125/><W74/><G74/><T108/><D108/><U116/><E116/><V119/><F119/><W123/><G42/><T70/><D70/><U57/><REACH who="1" step="1"/><E133/><REACH who="1" ten="240,269,231,250" step="2"/><V29/><F67/><W21/><G123/><T105/><D124/><U134/><E134/><V81/><F64/><W111/><G111/><T37/><D130/><U30/><E30/><V63/><F81/><W7/><G65/><T93/><D129/><U9/><E9/><V6/><F6/><W101/><G7/><T58/><D128/><U52/><E52/><V114/><F114/><W120/><G120/><T0/><D0/><U131/><E131/><V75/><F75/><W135/><G2/><T17/><D37/><U62/><E62/><V41/><F41/><W78/><G61/><T106/><D35/><U45/><E45/><V31/><F31/><W4/><G3/><T32/><D32/><U94/><E94/><V47/><F63/><W54/><G33/><T36/><D36/><U24/><E24/><V84/><F53/><W85/><G34/><T59/><D106/><U112/><E112/><V27/><F47/><W109/><G135/><T48/><D105/><U13/><E13/><V77/><F44/><W102/><G46/><RYUUKYOKU type="nm" ba="0,1" sc="240,80,269,-20,231,-40,250,-20" hai1="5,11,15,16,20,26,49,55,57,87,90,95,96" /><INIT seed="3,1,1,4,4,124" ten="320,249,191,230" oya="3" hai0="55,82,78,31,14,134,73,36,64,109,23,113,29" hai1="67,9,42,16,22,57,4,101,48,43,53,110,80" hai2="45,54,72,0,91,20,131,61,41,118,28,13,130" hai3="95,37,44,12,99,51,77,111,96,87,10,69,79"/><W107/><G37/><T81/><D36/><U100/><E110/><V117/><F0/><W27/><G69/><T68/><D109/><U30/><E30/><V63/><F72/><W21/><G111/><T26/><D113/><U128/><E67/><V133/><F133/><W104/><G104/><T5/><D134/><U132/><E132/><V83/><F83/><W49/><G107/><T25/><D82/><U121/><E121/><V19/><F91/><W127/><G127/><T102/><D102/><U24/><E128/><N who="2" m="49195" /><F28/><N who="3" m="17519" /><G87/><T18/><D64/><U17/><E17/><V52/><F63/><W94/><G94/><T46/><D68/><U6/><E80/><V47/><F47/><W106/><G106/><T35/><D46/><U8/><E101/><V86/><F86/><W66/><G66/><T116/><D116/><N who="2" m="44650" /><F61/><W122/><G99/><T40/><D31/><U115/><E100/><V105/><F105/><W3/><G3/><T89/><D29/><U2/><E115/><V74/><F74/><W108/><G108/><T85/><D81/><U76/><E76/><N who="3" m="29258" /><G44/><T125/><D73/><U60/><E60/><V15/><F13/><AGARI ba="1,1" hai="2,4,6,8,9,13,16,22,24,42,43,48,53,57" machi="13" ten="30,2000,0" yaku="7,1,54,1" doraHai="124" who="1" fromWho="2" sc="320,0,249,33,191,-23,230,0" /><INIT seed="4,0,0,0,4,94" ten="320,282,168,230" oya="0" hai0="105,31,120,16,98,95,24,72,3,97,113,57,99" hai1="54,117,124,109,75,73,131,101,126,44,8,100,12" hai2="134,78,111,68,60,2,1,26,50,46,102,127,115" hai3="118,52,35,83,43,53,84,58,92,87,36,28,86"/><T119/><D113/><U80/><E117/><V22/><F115/><W88/><G118/><T14/><D3/><U55/><E109/><V5/><F111/><W110/><G110/><T4/><D72/><U32/><E32/><V106/><F127/><N who="1" m="48681" /><E131/><V90/><F134/><W21/><G35/><T82/><D4/><U51/><E55/><V132/><F132/><W62/><G36/><T63/><D82/><U25/><E25/><V79/><F90/><N who="3" m="51487" /><G43/><T77/><D77/><N who="1" m="44079" /><E75/><V45/><F68/><W85/><G53/><T93/><D105/><U121/><E121/><V70/><F70/><W56/><G56/><T39/><D39/><U7/><AGARI ba="0,0" hai="7,8,12,44,51,54,100,101" m="44079,48681" machi="7" ten="30,1100,0" yaku="18,1" doraHai="94" who="1" fromWho="1" sc="320,-5,282,11,168,-3,230,-3" /><INIT seed="5,0,0,0,3,18" ten="315,293,165,227" oya="1" hai0="52,40,108,135,126,72,17,83,103,94,68,114,49" hai1="92,109,1,37,19,86,4,66,45,20,105,84,119" hai2="81,5,43,31,82,130,6,101,129,97,0,116,67" hai3="14,79,90,53,115,24,76,16,58,44,123,51,32"/><U9/><E105/><V62/><F116/><W113/><G123/><T15/><D68/><U78/><E119/><V38/><F31/><N who="3" m="19559" /><G90/><T39/><D40/><U87/><E109/><V89/><F38/><W41/><G41/><T112/><D39/><U7/><E7/><V56/><F43/><W118/><G44/><T71/><D71/><U46/><E37/><V96/><F96/><W75/><G75/><T61/><D61/><U65/><E78/><V122/><F122/><W104/><G104/><T55/><D108/><U99/><E65/><V73/><F0/><W22/><G118/><T85/><D72/><U36/><E66/><V93/><F81/><W124/><G124/><T34/><D34/><U8/><E8/><V23/><F23/><W3/><G3/><T131/><D126/><U26/><REACH who="1" step="1"/><E36/><REACH who="1" ten="315,283,165,227" step="2"/><V111/><F111/><W47/><G79/><T63/><D114/><U80/><E80/><V121/><F121/><W60/><G76/><T28/><D112/><U33/><E33/><V98/><F73/><W29/><G115/><T117/><D83/><U50/><E50/><V125/><F125/><W107/><G107/><T11/><D49/><U10/><E10/><V27/><F82/><W2/><G113/><T100/><D11/><U42/><E42/><V110/><F110/><W25/><G2/><T127/><D117/><U128/><E128/><N who="2" m="49259" /><F6/><W102/><G51/><T54/><D131/><U57/><E57/><V12/><F5/><W95/><G47/><T69/><D127/><U59/><E59/><V64/><F64/><W35/><G95/><T21/><D94/><RYUUKYOKU ba="0,1" sc="315,-15,283,15,165,-15,227,15" hai1="1,4,9,19,20,26,45,46,84,86,87,92,99" hai3="14,16,22,25,29,35,53,58,60,102" /><INIT seed="5,1,1,0,5,135" ten="300,298,150,242" oya="1" hai0="121,36,85,71,94,66,61,34,41,26,9,29,107" hai1="92,8,133,95,127,90,31,54,83,134,50,2,16" hai2="118,32,117,22,89,55,57,1,69,86,114,5,3" hai3="27,93,48,24,91,76,82,0,11,43,65,72,39"/><U42/><E42/><V103/><F32/><W111/><G111/><T116/><D94/><U6/><E31/><V62/><F114/><W53/><G65/><T75/><D85/><N who="1" m="50495" /><E16/><V51/><F103/><W46/><G0/><T28/><D28/><U80/><E80/><V15/><F1/><W102/><G11/><T67/><D41/><U84/><E84/><V38/><F3/><W19/><G19/><T129/><D29/><U4/><E4/><V37/><F37/><W23/><G102/><T59/><D36/><U108/><E108/><V12/><F38/><W74/><G74/><T7/><D75/><U47/><E127/><V128/><F128/><W105/><G105/><T100/><D7/><U14/><E2/><V18/><F5/><W125/><G125/><T96/><D107/><U104/><E104/><V77/><F77/><W35/><G23/><T73/><D34/><U97/><E97/><V126/><F126/><W21/><G21/><T79/><D96/><U123/><E123/><V110/><F110/><W40/><G40/><T115/><D121/><U98/><E98/><V120/><F120/><W45/><G35/><T87/><D87/><AGARI ba="1,1" hai="24,27,39,43,45,46,48,53,72,76,82,87,91,93" machi="87" ten="30,1000,0" yaku="7,1" doraHai="135" who="3" fromWho="0" sc="300,-13,298,0,150,0,242,23" /><INIT seed="6,0,0,2,2,27" ten="287,298,150,265" oya="2" hai0="111,55,67,95,64,90,88,129,35,132,21,16,2" hai1="103,4,49,37,68,3,74,38,24,33,113,42,125" hai2="70,72,82,104,48,114,10,1,105,131,89,14,78" hai3="92,106,62,97,28,102,85,77,0,65,18,98,12"/><V32/><F1/><W46/><G0/><T135/><D35/><U47/><E49/><V110/><F70/><W96/><G46/><T45/><D2/><U23/><E23/><V94/><F32/><W19/><G19/><T69/><D111/><U91/><E91/><V84/><F110/><W112/><G28/><T9/><D9/><N who="1" m="2207" /><E113/><V134/><F114/><W29/><G29/><T108/><D108/><U26/><E26/><V44/><F131/><W6/><G6/><T133/><D129/><U39/><E125/><V8/><F134/><W109/><G112/><T76/><D76/><U80/><E103/><V34/><F34/><W128/><G128/><T124/><D124/><U122/><E122/><V81/><F94/><W119/><G119/><T75/><D75/><U43/><E43/><V79/><F8/><W83/><G106/><T60/><D67/><U31/><E68/><V41/><REACH who="2" step="1"/><F89/><REACH who="2" ten="287,298,140,265" step="2"/><W71/><G109/><T73/><D95/><U54/><E33/><V15/><F15/><W30/><G12/><N who="0" m="9351" /><D90/><U123/><E123/><V61/><F61/><W53/><G62/><T93/><D88/><U130/><E130/><V50/><F50/><W17/><G92/><T51/><D93/><U40/><E39/><V11/><F11/><W13/><G13/><T66/><D66/><U120/><E38/><V101/><F101/><W86/><G102/><T100/><D100/><U99/><E37/><V117/><F117/><W58/><G65/><T107/><D107/><U57/><E120/><V126/><F126/><W56/><G71/><T121/><D121/><U7/><E24/><RYUUKYOKU ba="0,1" sc="287,15,298,-15,140,15,265,-15" hai0="45,51,55,60,64,69,73,132,133,135" hai2="10,14,41,44,48,72,78,79,81,82,84,104,105" /><INIT seed="6,1,1,5,1,89" ten="302,283,155,250" oya="2" hai0="45,66,121,112,38,115,68,36,131,120,25,53,83" hai1="67,84,75,74,99,24,9,91,59,17,124,33,93" hai2="46,88,27,54,55,85,41,123,29,58,4,98,128" hai3="6,111,56,1,96,19,23,129,100,114,77,57,132"/><V110/><F123/><N who="0" m="47178" /><D83/><U32/><E32/><V18/><F128/><W65/><G114/><N who="0" m="43563" /><D25/><U12/><E124/><V116/><F110/><W22/><G111/><T11/><D11/><U117/><E117/><V109/><F116/><W97/><G56/><T26/><D26/><U78/><E78/><V28/><F109/><W122/><G65/><T64/><D131/><U79/><E79/><V44/><F4/><W69/><G57/><T95/><D95/><U130/><E130/><V113/><F113/><W106/><G69/><T133/><D133/><U20/><E33/><V5/><F5/><W92/><G132/><T3/><D3/><U42/><E42/><V61/><F98/><W49/><G129/><T70/><D53/><U50/><E99/><V16/><F55/><W31/><G6/><T90/><D90/><U101/><E101/><V135/><F135/><W35/><G1/><T8/><D8/><U10/><E10/><V71/><F71/><N who="0" m="27178" /><D45/><N who="2" m="17514" /><F41/><W134/><G134/><T94/><D94/><U118/><E118/><V34/><F34/><W86/><G35/><T125/><D125/><U14/><E9/><V63/><F63/><W82/><G122/><T76/><D76/><U102/><E102/><V0/><F0/><W105/><G97/><T62/><D62/><U81/><E81/><N who="2" m="49199" /><F27/><N who="3" m="16895" /><G105/><T103/><D103/><U108/><E24/><V52/><F54/><W39/><G106/><T21/><D21/><U48/><E108/><V60/><F60/><W47/><G22/><T37/><AGARI ba="1,1" hai="36,37,38,64,66" m="27178,43563,47178" machi="37" ten="50,8000,1" yaku="28,2,15,1,34,2" doraHai="89" who="0" fromWho="0" sc="302,93,283,-21,155,-41,250,-21" /><INIT seed="7,0,0,0,2,36" ten="395,262,114,229" oya="3" hai0="13,51,72,67,37,61,47,78,46,93,3,1,119" hai1="100,104,76,19,65,103,114,57,74,30,118,130,123" hai2="49,5,108,23,34,92,101,28,39,102,122,14,83" hai3="98,21,48,120,96,105,116,12,33,24,50,11,26"/><W4/><G120/><T81/><D119/><U32/><E19/><V84/><F39/><W107/><G116/><T79/><D79/><U22/><E22/><V7/><F122/><W15/><G33/><T124/><D124/><U106/><E57/><V31/><F108/><W69/><G69/><T58/><D13/><U16/><E65/><V88/><F34/><W25/><G105/><T56/><D56/><U121/><E16/><V87/><F31/><W62/><G62/><T41/><D93/><U127/><E30/><V80/><F49/><N who="3" m="19051" /><G107/><T109/><D109/><U71/><E71/><V40/><F40/><AGARI ba="0,0" hai="1,3,37,40,41,46,47,51,58,61,67,72,78,81" machi="40" ten="30,3900,0" yaku="7,1,52,2" doraHai="36" who="0" fromWho="2" sc="395,39,262,0,114,-39,229,0" owari="434,53.0,262,6.0,75,-42.0,229,-17.0" /></mjloggm>