<mjloggm ver="2.3"><GO type="169" lobby="0"/><UN n0="%7A%61%74%74%6F" n1="%76%65%74%6F%6F" n2="%E3%83%9E%E3%83%84%E3%82%B6%E3%82%AD" n3="%E3%82%A6%E3%83%AB%E3%83%88%E3%83%A9%E7%AB%8B%E7%9B%B4" dan="16,16,16,17" rate="2048.67,2094.62,2101.57,2213.37" sx="M,M,M,M"/><TAIKYOKU oya="0"/><INIT seed="0,0,0,0,3,68" ten="250,250,250,250" oya="0" hai0="8,0,14,72,116,130,31,120,32,52,89,18,127" hai1="46,39,106,96,95,102,1,82,124,54,110,108,115" hai2="66,84,131,40,107,122,114,104,41,64,81,91,62" hai3="19,87,112,133,65,98,135,63,26,74,15,75,22"/><T12/><D120/><U4/><E124/><V25/><F122/><W35/><G112/><T33/><D72/><U16/><E115/><V23/><F114/><W119/><G87/><T44/><D116/><U38/><E82/><V45/><F131/><W105/><G119/><T76/><D76/><U51/><E106/><V7/><F7/><W90/><G90/><T47/><D127/><U27/><E4/><V50/><F40/><W93/><G93/><T67/><D67/><U17/><E1/><V121/><F121/><W73/><G98/><T30/><D130/><U6/><E6/><V13/><F13/><W59/><G105/><T48/><D0/><U126/><E126/><V132/><F132/><W117/><G117/><T109/><D109/><N who="1" m="42091" /><E27/><V3/><F3/><W2/><G2/><T100/><D100/><U60/><E60/><V79/><F66/><W80/><G80/><T134/><D134/><N who="3" m="51209" /><G73/><T53/><D89/><U55/><E55/><V49/><F79/><W36/><G75/><T71/><D71/><U103/><E102/><V57/><REACH who="2" step="1"/><F50/><REACH who="2" ten="250,250,240,250" step="2"/><W34/><G15/><T92/><D48/><U99/><E99/><V123/><F123/><W97/><G97/><T85/><D8/><U42/><E54/><V37/><F37/><AGARI ba="0,1" hai="16,17,37,38,39,42,46,51,95,96,103" m="42091" machi="37" ten="30,8000,1" yaku="14,1,52,3,54,1" doraHai="68" who="1" fromWho="2" sc="250,0,250,90,240,-80,250,0" /><INIT seed="1,0,0,3,2,110" ten="250,340,160,250" oya="1" hai0="122,20,6,15,66,23,19,3,8,64,25,78,43" hai1="10,42,9,28,5,81,73,101,55,104,22,107,32" hai2="33,132,134,58,76,115,18,94,57,79,128,21,91" hai3="114,113,54,71,46,105,65,61,72,4,130,90,92"/><U30/><E32/><V56/><F33/><W59/><G105/><T102/><D78/><U99/><E107/><V124/><F124/><W0/><G72/><T34/><D43/><U75/><E10/><V80/><F128/><W100/><G100/><T14/><D102/><U117/><E117/><V116/><F116/><W53/><G130/><T38/><D38/><U1/><E55/><V125/><F125/><W26/><G4/><T70/><D70/><U87/><E42/><V37/><F37/><W44/><G0/><T112/><D122/><U131/><E131/><V106/><F106/><W67/><G26/><T74/><D74/><U49/><E49/><V97/><F115/><N who="3" m="44043" /><G90/><T133/><D133/><N who="2" m="51306" /><F80/><W63/><G92/><T82/><D82/><U13/><E30/><V48/><F48/><W95/><G95/><T2/><D112/><U16/><E28/><V35/><F35/><W93/><G93/><T36/><D36/><U40/><E40/><V77/><F77/><AGARI ba="0,0" hai="1,5,9,13,16,22,73,75,77,81,87,99,101,104" machi="77" ten="30,2900,0" yaku="7,1,54,1" doraHai="110" who="1" fromWho="2" sc="250,0,340,29,160,-29,250,0" /><INIT seed="1,1,0,5,4,54" ten="250,369,131,250" oya="1" hai0="56,76,39,55,0,46,93,94,10,8,47,122,89" hai1="116,107,60,129,9,45,113,121,75,70,51,25,114" hai2="40,1,127,12,90,83,131,77,117,44,24,81,135" hai3="125,6,63,34,95,27,32,132,126,72,17,97,101"/><U110/><E75/><V58/><F117/><W18/><G72/><T59/><D39/><U96/><E121/><V65/><F1/><W69/><G6/><T19/><D0/><U43/><E116/><V99/><F135/><W20/><G132/><T37/><D37/><U2/><E129/><V115/><F115/><W86/><G18/><T14/><D76/><U134/><E134/><V35/><F131/><W7/><G7/><T100/><D10/><U73/><E73/><V11/><F127/><N who="3" m="48651" /><G86/><N who="0" m="52407" /><D122/><U74/><E74/><V108/><F108/><W130/><G130/><T120/><D120/><U87/><E110/><V53/><F65/><AGARI ba="1,0" hai="17,20,27,32,34,63,65,69,95,97,101" m="48651" machi="65" ten="30,1000,0" yaku="18,1" doraHai="54" who="3" fromWho="2" sc="250,0,369,0,131,-13,250,13" /><INIT seed="2,0,0,2,4,129" ten="250,369,118,263" oya="2" hai0="127,16,17,92,111,58,76,85,86,15,88,122,51" hai1="82,56,118,120,80,125,10,50,46,48,66,28,107" hai2="36,47,74,95,3,67,9,105,103,94,73,72,81" hai3="40,93,114,19,128,5,68,115,132,116,11,63,34"/><V53/><F67/><N who="3" m="41087" /><G116/><T27/><D111/><U130/><E130/><V98/><F81/><W59/><G128/><T64/><D127/><U69/><E107/><V23/><F23/><W1/><G34/><T38/><D38/><U102/><E125/><V60/><F60/><W97/><G40/><T90/><D76/><U119/><E102/><V39/><F53/><W124/><G19/><T110/><D110/><U112/><E28/><V70/><F70/><W113/><G59/><T91/><D122/><U57/><E10/><V30/><F30/><W83/><G83/><T109/><D109/><U7/><E7/><V43/><REACH who="2" step="1"/><F39/><REACH who="2" ten="250,369,108,263" step="2"/><W135/><G124/><T89/><D64/><U75/><E82/><V4/><AGARI ba="0,1" hai="3,4,9,36,43,47,72,73,74,94,95,98,103,105" machi="4" ten="40,7800,0" yaku="1,1,2,1,0,1,53,0" doraHai="129" doraHaiUra="117" who="2" fromWho="2" sc="250,-26,369,-26,108,88,263,-26" /><INIT seed="2,1,0,5,2,38" ten="224,343,196,237" oya="2" hai0="55,89,121,15,102,8,13,34,14,129,41,49,73" hai1="114,83,1,35,97,42,60,2,56,84,45,17,80" hai2="106,59,130,77,128,76,53,32,79,21,127,134,51" hai3="135,131,52,25,125,105,126,108,10,64,27,88,61"/><V3/><F32/><W81/><G105/><T69/><D73/><U113/><E35/><V107/><F3/><W37/><G37/><T92/><D69/><U110/><E110/><V85/><F127/><N who="3" m="48651" /><G108/><T54/><D129/><N who="2" m="49770" /><F134/><W82/><G131/><T62/><D34/><U122/><E122/><V103/><F103/><W30/><G10/><T4/><D102/><U116/><E116/><V94/><F21/><W65/><G135/><T58/><D121/><U117/><E117/><V9/><F9/><W57/><G27/><T29/><D29/><U26/><E26/><V100/><F85/><N who="3" m="50223" /><G82/><T31/><D31/><U5/><E83/><V101/><F101/><W98/><G98/><AGARI ba="1,0" hai="51,53,59,76,77,79,94,98,100,106,107" m="49770" machi="98" ten="30,1500,0" yaku="19,1" doraHai="38" who="2" fromWho="3" sc="224,0,343,0,196,18,237,-18" /><INIT seed="2,2,0,4,0,70" ten="224,343,214,219" oya="2" hai0="10,35,79,18,38,77,88,16,23,3,11,40,135" hai1="19,127,30,90,66,58,14,91,6,75,118,36,126" hai2="61,7,134,52,73,108,92,48,56,86,123,104,69" hai3="1,57,60,71,115,87,109,8,47,55,107,89,53"/><V129/><F123/><W41/><G107/><T124/><D35/><U93/><E118/><V112/><F112/><W12/><G1/><T32/><D32/><U117/><E117/><V9/><F104/><W39/><G109/><T5/><D10/><U133/><E30/><V96/><F73/><W116/><G71/><T95/><D124/><U59/><E75/><V44/><F108/><W102/><G102/><T114/><D114/><U76/><E76/><V94/><F69/><W42/><G115/><T105/><D135/><U64/><E6/><V31/><F134/><W84/><G116/><T97/><D105/><U111/><E111/><V68/><F68/><W110/><G110/><T100/><D100/><U34/><E34/><V20/><F129/><W46/><G55/><T26/><REACH who="0" step="1"/><D18/><REACH who="0" ten="214,343,214,219" step="2"/><U15/><E19/><V62/><F31/><W85/><G89/><T120/><D120/><U99/><E133/><V80/><F20/><W106/><G106/><T82/><D82/><U103/><E103/><N who="2" m="60807" /><F94/><W17/><REACH who="3" step="1"/><G87/><REACH who="3" ten="214,343,214,209" step="2"/><T128/><D128/><U28/><E127/><V130/><F130/><W4/><G4/><T101/><D101/><U27/><E126/><V24/><F86/><W74/><G74/><T72/><D72/><U22/><E28/><V119/><F119/><W65/><G65/><T98/><D98/><U121/><E66/><V131/><F131/><W113/><G113/><T54/><D54/><U132/><E64/><V33/><F52/><W13/><G13/><T78/><D78/><U81/><E132/><V37/><F7/><W50/><AGARI ba="2,2" hai="8,12,17,39,41,42,46,47,50,53,57,60,84,85" machi="50" ten="20,5200,0" yaku="1,1,0,1,7,1,52,1,53,0" doraHai="70" doraHaiUra="0" who="3" fromWho="3" sc="214,-15,343,-15,214,-28,209,78" /><INIT seed="3,0,0,5,4,91" ten="199,328,186,287" oya="3" hai0="27,112,115,83,23,128,127,96,70,26,62,123,18" hai1="114,124,135,41,11,131,21,65,99,111,73,100,58" hai2="3,104,81,37,129,47,31,35,113,87,39,33,71" hai3="67,59,28,125,53,103,25,102,117,45,52,51,12"/><W64/><G117/><T78/><D123/><U94/><E114/><N who="0" m="43561" /><D128/><U110/><E131/><V105/><F113/><W85/><G125/><T77/><D127/><U44/><E124/><V74/><F129/><W116/><G116/><T126/><D126/><U109/><E73/><V48/><F74/><W6/><G85/><N who="0" m="48367" /><D78/><U121/><E121/><V89/><F71/><W1/><G1/><T49/><D49/><U98/><E11/><V68/><F68/><W60/><G12/><N who="0" m="9671" /><D96/><N who="1" m="59415" /><E21/><V79/><F3/><W82/><G82/><T92/><D92/><U84/><E84/><V0/><F0/><W30/><G6/><T34/><D34/><U29/><E135/><V55/><F79/><W119/><G119/><T61/><D70/><U15/><E29/><N who="3" m="11370" /><G25/><AGARI ba="0,0" hai="25,26,27,61,62" m="9671,48367,43561" machi="25" ten="30,1000,0" yaku="11,1" doraHai="91" who="0" fromWho="3" sc="199,10,328,0,186,0,287,-10" /><INIT seed="4,0,0,3,1,86" ten="209,328,186,277" oya="0" hai0="74,14,117,2,64,48,61,135,101,53,72,102,56" hai1="125,23,132,118,85,68,20,59,78,45,84,127,33" hai2="106,47,115,109,94,63,17,30,15,44,96,133,121" hai3="62,88,83,28,35,0,98,12,112,24,11,46,19"/><T10/><D2/><U27/><E68/><V3/><F109/><W103/><G112/><T55/><D117/><U37/><E118/><V126/><F121/><W57/><G46/><T124/><D135/><U36/><E132/><V91/><F133/><W32/><G0/><T22/><D124/><U119/><E119/><V92/><F115/><W80/><G35/><T1/><D1/><U123/><E123/><V39/><F106/><W79/><G79/><T58/><D22/><U82/><E59/><V13/><F3/><W71/><G71/><T129/><D129/><U75/><E33/><V41/><F126/><N who="1" m="48137" /><E20/><V60/><F30/><W43/><G43/><T128/><D128/><U42/><E36/><V104/><F104/><W131/><G131/><T54/><D74/><U29/><AGARI ba="0,0" hai="23,27,29,37,42,45,75,78,82,84,85" m="48137" machi="29" ten="30,1100,0" yaku="18,1" doraHai="86" who="1" fromWho="1" sc="209,-5,328,11,186,-3,277,-3" /><INIT seed="5,0,0,2,5,99" ten="204,339,183,274" oya="1" hai0="89,84,127,125,64,119,129,104,18,95,78,121,37" hai1="55,9,43,28,53,5,101,14,27,17,60,113,16" hai2="38,86,0,96,83,7,67,80,48,34,107,57,51" hai3="87,117,109,76,68,61,132,41,81,108,73,50,49"/><U105/><E113/><V8/><F38/><W106/><G41/><T59/><D119/><U131/><E131/><V75/><F34/><W66/><G117/><T1/><D37/><U116/><E116/><V31/><F31/><W128/><G128/><T123/><D1/><U100/><E105/><V30/><F30/><W71/><G71/><T93/><D104/><U91/><E91/><V58/><F75/><W114/><G114/><T103/><D18/><N who="1" m="7275" /><E43/><V90/><F80/><W85/><G106/><T22/><D22/><N who="1" m="15479" /><E60/><V11/><F11/><W115/><G115/><T56/><D78/><U36/><E36/><V122/><F122/><N who="0" m="46602" /><D129/><U112/><E112/><V124/><F124/><N who="0" m="47690" /><D64/><U19/><E19/><V130/><F130/><W82/><G66/><T63/><D63/><U2/><E2/><V46/><F67/><W39/><G61/><T118/><D118/><U23/><E23/><V94/><F107/><W25/><G76/><T98/><AGARI ba="0,0" hai="56,59,84,89,93,95,98,103" m="47690,46602" machi="98" ten="40,5200,0" yaku="13,1,18,1,52,1" doraHai="99" who="0" fromWho="0" sc="204,52,339,-26,183,-13,274,-13" /><INIT seed="6,0,0,1,1,3" ten="256,313,170,261" oya="2" hai0="48,47,12,11,19,52,79,100,68,129,27,109,45" hai1="95,54,31,130,89,50,120,101,60,66,113,63,32" hai2="8,111,10,74,87,112,85,119,80,123,7,16,75" hai3="4,41,134,72,17,125,39,25,93,128,28,73,30"/><V107/><F119/><W49/><G39/><T67/><D109/><U132/><E132/><V5/><F123/><W43/><G17/><T37/><D129/><U33/><E130/><V102/><F111/><W84/><G128/><T76/><D100/><U116/><E116/><V115/><F102/><W29/><G25/><T121/><D67/><U92/><E113/><N who="2" m="43595" /><F107/><W59/><G73/><N who="2" m="27657" /><F16/><W14/><G72/><T34/><D68/><U2/><E31/><V42/><F42/><W127/><G134/><T44/><D37/><U18/><E18/><V65/><F65/><W114/><G114/><T55/><D121/><U20/><E66/><V0/><F80/><W6/><G127/><T70/><D70/><U94/><E32/><V61/><F61/><W36/><G125/><T122/><D34/><U105/><E33/><V13/><AGARI ba="0,0" hai="0,5,7,8,10,13,85,87" m="27657,43595" machi="13" ten="30,6000,0" yaku="15,1,52,2" doraHai="3" who="2" fromWho="2" sc="256,-20,313,-20,170,60,261,-20" /><INIT seed="6,1,0,4,4,133" ten="236,293,230,241" oya="2" hai0="105,20,129,121,62,57,53,12,29,69,90,32,68" hai1="70,21,47,2,107,88,25,54,9,115,40,106,34" hai2="98,110,27,49,132,44,99,67,79,43,66,91,81" hai3="51,1,5,118,123,135,41,61,86,24,36,80,10"/><V126/><F132/><W111/><G111/><T33/><D121/><U128/><E70/><V73/><F110/><W85/><G135/><T3/><D3/><U60/><E128/><V64/><F126/><W75/><G118/><T125/><D129/><U30/><E115/><V101/><F91/><W76/><G123/><T109/><D105/><U15/><E60/><V50/><F27/><W55/><G61/><T124/><D109/><U65/><E65/><V11/><F11/><W120/><G24/><N who="0" m="16519" /><D12/><U39/><E54/><V130/><F130/><W56/><REACH who="3" step="1"/><G120/><REACH who="3" ten="236,293,230,231" step="2"/><T77/><D69/><U58/><E2/><V95/><REACH who="2" step="1"/><F99/><REACH who="2" ten="236,293,220,231" step="2"/><W22/><G22/><T23/><D23/><U13/><E21/><V45/><F45/><AGARI ba="1,2" hai="1,5,10,36,41,45,51,55,56,75,76,80,85,86" machi="45" ten="40,8000,1" yaku="1,1,25,2,53,1" doraHai="133" doraHaiUra="72" who="3" fromWho="2" sc="236,0,293,0,220,-83,231,103" /><INIT seed="7,0,0,3,0,117" ten="236,293,137,334" oya="3" hai0="103,133,102,91,41,83,34,46,128,73,35,94,65" hai1="86,114,77,71,97,111,21,101,57,22,108,96,67" hai2="126,106,56,87,12,59,10,5,121,20,2,75,90" hai3="69,85,33,19,13,23,76,11,30,37,72,40,24"/><W113/><G69/><T134/><D65/><U27/><E114/><V89/><F126/><W43/><G72/><T49/><D128/><U28/><E96/><V42/><F75/><W47/><G43/><T9/><D35/><U3/><E71/><V62/><F106/><W115/><G76/><T119/><D34/><U6/><E22/><V100/><F100/><W0/><G85/><T104/><D119/><U125/><E125/><V54/><F42/><W39/><G39/><T110/><D110/><U36/><E36/><V107/><F107/><W99/><G99/><T58/><D58/><U112/><E112/><V118/><F118/><W38/><G38/><T7/><D104/><U17/><E17/><V88/><F121/><W50/><G37/><T123/><D123/><U98/><E98/><V61/><F2/><W78/><G78/><T26/><D26/><U31/><E77/><V82/><REACH who="2" step="1"/><F20/><REACH who="2" ten="236,293,127,334" step="2"/><W16/><G0/><N who="0" m="231" /><D73/><U51/><E21/><V120/><F120/><W129/><G23/><T95/><D102/><U29/><E3/><V48/><F48/><W81/><G50/><T4/><D49/><U63/><E51/><V92/><F92/><W80/><G115/><T74/><D95/><U68/><E101/><V64/><AGARI ba="0,1" hai="5,10,12,54,56,59,61,62,64,82,87,88,89,90" machi="64" ten="20,16000,3" yaku="1,1,0,1,7,1,8,1,54,1,53,3" doraHai="117" doraHaiUra="84" who="2" fromWho="2" sc="236,-40,293,-40,127,170,334,-80" /><INIT seed="8,0,0,1,0,5" ten="196,253,297,254" oya="0" hai0="9,26,4,70,47,107,113,21,101,64,73,61,125" hai1="114,119,87,32,3,51,49,92,106,134,82,127,6" hai2="65,18,44,36,105,120,90,76,103,131,79,66,46" hai3="23,68,16,54,45,135,34,10,13,62,57,72,109"/><T22/><D73/><U39/><E39/><V121/><F90/><W97/><G34/><T75/><D113/><U20/><E106/><V33/><F33/><W35/><G35/><T59/><D75/><U118/><E32/><V67/><F18/><W93/><G68/><T110/><D125/><U14/><E114/><V25/><F25/><N who="3" m="14567" /><G72/><T27/><D110/><U129/><E127/><V80/><F36/><W132/><G109/><T29/><D70/><U94/><E134/><V116/><F105/><W17/><G45/><T48/><D107/><U71/><E71/><V100/><F67/><W74/><G74/><T12/><D101/><U77/><E129/><V81/><F116/><N who="1" m="44585" /><E3/><V1/><F1/><W0/><G0/><T40/><D27/><U115/><E115/><V96/><F96/><W8/><G8/><T111/><D111/><U126/><E126/><V112/><F112/><W60/><G60/><T63/><D61/><U28/><E28/><V85/><F85/><W7/><G7/><T11/><REACH who="0" step="1"/><D4/><REACH who="0" ten="186,253,297,254" step="2"/><U98/><E6/><V130/><AGARI ba="0,1" hai="44,46,65,66,76,79,80,81,100,103,120,121,130,131" machi="130" ten="25,3200,0" yaku="0,1,22,2" doraHai="5" who="2" fromWho="2" sc="186,-16,253,-8,297,42,254,-8" owari="170,-33.0,245,-15.0,339,43.0,246,5.0" /></mjloggm>