<mjloggm ver="2.3"><GO type="169" lobby="0"/><UN n0="%E5%B0%B1%E6%B4%BB%E7%94%9F%40%E5%B7%9D%E6%9D%91%E8%BB%8D%E5%9B%A3" n1="%E7%84%A1%E9%99%90%E6%9C%88%E8%AA%AD" n2="%6B%61%6D%6F%73%68%69%6E" n3="%E5%A4%A2%E3%81%AF%E3%83%8B%E3%83%BC%E3%83%88" dan="16,16,16,16" rate="2139.11,2180.71,2085.95,2090.28" sx="M,M,M,M"/><TAIKYOKU oya="0"/><INIT seed="0,0,0,1,1,100" ten="250,250,250,250" oya="0" hai0="104,58,69,134,123,41,73,114,27,14,105,8,4" hai1="82,83,87,118,15,60,61,116,90,6,40,45,72" hai2="130,128,37,11,107,109,64,50,101,57,115,135,23" hai3="30,91,48,122,20,28,80,32,99,36,26,34,2"/><T56/><D114/><U121/><E121/><V3/><F37/><W66/><G36/><T103/><D123/><U95/><E118/><V24/><F115/><W7/><G66/><T125/><D69/><U31/><E116/><V55/><F109/><W117/><G122/><T89/><D73/><U84/><E72/><V81/><F135/><W47/><G117/><T86/><D134/><U97/><E31/><V17/><F64/><W96/><G2/><T63/><D125/><U119/><E119/><V124/><F124/><W38/><G38/><T132/><D132/><U0/><E0/><V16/><F81/><N who="1" m="30729" /><E45/><V9/><F17/><W102/><G7/><T29/><D41/><U112/><E40/><V93/><F93/><W133/><G133/><T78/><D78/><U88/><E112/><V59/><F57/><W65/><G65/><T43/><D43/><U33/><E33/><V77/><F77/><W21/><G30/><T74/><D74/><U46/><E46/><V25/><F3/><W42/><G34/><T52/><D103/><U79/><E79/><V120/><F120/><W35/><G35/><T49/><D29/><U10/><E87/><V62/><F130/><W70/><G70/><T68/><D68/><U54/><E54/><V108/><F128/><W129/><G129/><T113/><D113/><U110/><E110/><V67/><F108/><W94/><REACH who="3" step="1"/><G80/><AGARI ba="0,0" hai="6,10,15,60,61,80,84,88,90,95,97" m="30729" machi="80" ten="30,2000,0" yaku="8,1,54,1" doraHai="100" who="1" fromWho="3" sc="250,0,250,20,250,0,250,-20" /><INIT seed="1,0,0,2,0,55" ten="250,270,250,230" oya="1" hai0="96,47,2,135,36,74,57,11,21,112,120,69,130" hai1="0,109,78,29,45,22,59,98,15,116,65,83,88" hai2="6,115,1,44,89,72,4,3,16,52,111,49,123" hai3="106,31,5,34,82,77,35,56,32,63,70,134,51"/><U38/><E0/><V91/><F123/><W41/><G106/><T73/><D69/><U79/><E116/><V100/><F72/><W60/><G5/><N who="2" m="2153" /><F3/><W108/><G134/><T27/><D112/><U28/><E109/><V80/><F1/><W127/><G127/><T119/><D2/><U104/><E104/><V81/><F100/><W40/><G108/><T12/><D120/><U75/><E38/><V25/><F111/><W39/><G31/><T48/><D119/><U53/><E78/><V94/><F115/><W10/><G10/><T76/><D36/><U126/><E126/><V90/><F94/><W8/><G8/><T33/><D33/><U46/><E65/><V87/><F81/><W84/><G39/><T62/><D135/><U24/><E29/><V7/><N who="2" m="2161" /><V26/><DORA hai="86" /><F16/><W128/><G128/><T122/><D122/><U58/><E15/><V99/><F99/><W14/><G14/><T125/><D125/><U131/><E131/><V9/><F9/><W124/><G124/><T64/><D11/><U13/><E13/><V23/><F23/><W118/><G118/><T133/><D133/><U17/><E17/><V92/><F92/><W103/><G103/><T107/><D12/><U129/><E129/><V117/><F117/><W121/><G121/><T37/><D37/><U30/><E30/><V42/><F42/><W68/><G68/><T50/><D73/><U67/><E75/><V113/><F113/><W18/><G18/><N who="0" m="12727" /><D130/><U54/><E28/><V102/><F102/><W101/><G101/><N who="0" m="62887" /><D74/><U114/><E114/><V95/><F95/><RYUUKYOKU ba="0,0" sc="250,-10,270,-10,250,30,230,-10" hai2="25,26,44,49,52,80,87,89,90,91" /><INIT seed="2,1,0,4,3,61" ten="240,260,280,220" oya="2" hai0="118,42,18,8,36,24,113,26,107,110,38,23,85" hai1="58,50,12,99,1,82,120,95,41,57,96,22,79" hai2="81,28,51,44,29,109,3,7,97,122,65,131,100" hai3="63,98,66,93,112,102,59,40,37,4,114,74,106"/><V126/><F122/><W47/><G74/><T123/><D107/><U62/><E1/><V77/><F131/><W119/><G119/><T45/><D123/><U46/><E120/><V75/><F126/><W56/><G93/><T108/><D113/><U121/><E121/><V43/><F109/><N who="0" m="42090" /><D118/><U60/><E79/><V16/><F3/><W78/><G78/><T10/><D38/><U84/><E82/><V135/><F7/><W20/><G4/><T92/><D26/><U90/><E22/><V130/><F130/><W69/><REACH who="3" step="1"/><G20/><REACH who="3" ten="240,260,280,210" step="2"/><T5/><D5/><U86/><E12/><V127/><F127/><W116/><G116/><T73/><D73/><U129/><E129/><V21/><F135/><W39/><G39/><T11/><D92/><U9/><E9/><V104/><REACH who="2" step="1"/><F65/><REACH who="2" ten="240,260,270,210" step="2"/><W68/><G68/><T88/><D85/><N who="1" m="32875" /><E99/><V115/><F115/><AGARI ba="1,2" hai="37,40,47,56,59,63,66,69,98,102,106,112,114,115" machi="115" ten="40,8000,1" yaku="1,1,11,1,52,1,53,1" doraHai="61" doraHaiUra="101" who="3" fromWho="2" sc="240,0,260,0,270,-83,210,103" /><INIT seed="3,0,0,4,4,113" ten="240,260,187,313" oya="3" hai0="74,3,126,116,7,50,86,83,102,20,92,103,67" hai1="25,24,133,49,1,6,59,82,60,52,132,121,69" hai2="41,80,40,110,14,123,107,96,89,13,130,87,15" hai3="27,129,21,71,73,115,127,33,57,9,46,79,37"/><W51/><G115/><T53/><D126/><U125/><E121/><V100/><F110/><W44/><G33/><T26/><D74/><U54/><E125/><V43/><REACH who="2" step="1"/><F130/><REACH who="2" ten="240,260,177,313" step="2"/><W94/><G129/><T108/><D108/><U76/><E133/><V35/><F35/><W84/><G127/><T61/><D3/><U120/><E132/><V128/><F128/><W39/><G39/><T34/><D34/><U131/><E131/><V23/><F23/><W95/><G37/><T118/><D7/><U0/><E6/><V112/><F112/><W62/><G9/><T11/><D11/><U2/><E2/><V28/><F28/><W58/><G73/><T81/><D20/><U64/><E0/><V134/><F134/><W77/><G21/><T17/><D17/><U72/><E1/><V29/><F29/><W65/><G27/><T19/><D19/><U56/><REACH who="1" step="1"/><E120/><AGARI ba="0,1" hai="13,14,15,40,41,43,80,87,89,96,100,107,120,123" machi="120" ten="50,3200,0" yaku="1,1,53,1" doraHai="113" doraHaiUra="101" who="2" fromWho="1" sc="240,0,260,-32,177,42,313,0" /><INIT seed="4,0,0,5,0,1" ten="240,228,219,313" oya="0" hai0="49,110,76,131,40,5,109,7,130,15,73,19,100" hai1="120,35,46,30,92,105,14,129,127,121,89,112,104" hai2="115,69,24,61,103,132,57,71,94,118,27,74,93" hai3="16,125,96,79,18,108,12,107,119,98,67,97,36"/><T52/><D40/><U95/><E129/><N who="0" m="49161" /><D100/><U99/><E127/><V38/><F38/><W58/><G36/><T3/><D76/><U117/><E117/><V9/><F74/><W72/><G125/><T83/><D83/><U114/><E46/><V43/><F43/><W126/><G126/><T23/><D73/><U42/><E42/><V55/><F115/><N who="1" m="44073" /><E14/><V48/><F132/><W122/><G108/><N who="0" m="41579" /><D3/><U25/><E92/><V87/><F94/><W21/><G107/><AGARI ba="0,0" hai="25,30,35,89,95,99,104,105,107,120,121" m="44073" machi="107" ten="30,2000,0" yaku="15,1,11,1" doraHai="1" who="1" fromWho="3" sc="240,0,228,20,219,0,313,-20" /><INIT seed="5,0,0,1,5,109" ten="240,248,219,293" oya="1" hai0="89,115,26,71,9,64,11,48,111,27,3,91,46" hai1="67,132,13,2,21,49,129,23,96,121,29,122,34" hai2="59,97,56,50,16,52,117,20,101,19,93,100,116" hai3="33,65,76,104,107,31,119,83,12,120,94,17,102"/><U43/><E2/><V77/><F77/><W114/><G120/><T36/><D36/><U135/><E67/><V22/><F59/><W126/><G65/><T45/><D111/><U10/><E129/><V18/><REACH who="2" step="1"/><F101/><REACH who="2" ten="240,248,209,293" step="2"/><W81/><G102/><T7/><D71/><U113/><E121/><V66/><F66/><W41/><G76/><T55/><D64/><U24/><E122/><V78/><F78/><W53/><G119/><AGARI ba="0,1" hai="16,18,19,20,22,50,52,56,93,97,100,116,117,119" machi="119" ten="40,5200,0" yaku="1,1,54,2,53,0" doraHai="109" doraHaiUra="4" who="2" fromWho="3" sc="240,0,248,0,209,62,293,-52" /><INIT seed="6,0,0,5,5,131" ten="240,248,271,241" oya="2" hai0="51,26,114,21,27,22,84,93,94,130,28,65,100" hai1="118,85,115,113,83,0,81,10,129,14,89,43,45" hai2="99,39,58,68,133,76,13,34,75,63,126,77,106" hai3="16,95,134,91,112,33,49,117,110,78,101,56,120"/><V108/><F58/><W50/><G33/><T35/><D130/><U96/><E118/><V36/><F13/><W72/><G117/><T97/><D114/><N who="1" m="43531" /><E0/><V74/><F77/><W132/><G112/><T127/><D127/><U135/><E96/><V70/><F126/><W116/><G116/><T29/><D65/><U61/><E61/><V25/><F108/><W62/><G110/><T23/><D51/><U86/><E135/><N who="3" m="51754" /><G101/><T24/><D35/><U2/><E2/><V82/><F75/><W1/><G1/><T128/><D128/><U92/><E85/><V48/><F48/><W104/><G104/><T55/><D55/><U66/><E66/><N who="2" m="41055" /><F70/><W122/><G72/><T19/><D84/><U8/><E129/><V31/><F133/><W6/><G78/><T40/><D40/><U52/><E43/><V69/><F69/><W30/><G6/><T107/><AGARI ba="0,0" hai="19,21,22,23,24,26,27,28,29,93,94,97,100,107" machi="107" ten="20,2700,0" yaku="0,1,7,1,9,1" doraHai="131" who="0" fromWho="0" sc="240,27,248,-7,271,-13,241,-7" /><INIT seed="7,0,0,3,2,49" ten="267,241,258,234" oya="3" hai0="21,106,77,23,109,83,107,129,2,25,80,13,128" hai1="130,11,124,37,7,70,63,78,99,95,133,88,50" hai2="51,61,64,26,79,86,103,24,41,36,122,105,18" hai3="59,6,15,82,69,55,40,123,132,58,112,57,73"/><W67/><G123/><T38/><D38/><U42/><E37/><V113/><F113/><W3/><G3/><T31/><D2/><U35/><E35/><V135/><F36/><W92/><G40/><T12/><D109/><U115/><E115/><V104/><F135/><W134/><G112/><T65/><D65/><U89/><E124/><V47/><F122/><W56/><G73/><T30/><D25/><U93/><E78/><AGARI ba="0,0" hai="12,13,21,23,30,31,77,78,80,83,106,107,128,129" machi="78" ten="25,1600,0" yaku="22,2" doraHai="49" who="0" fromWho="1" sc="267,16,241,-16,258,0,234,0" /><INIT seed="8,0,0,1,5,51" ten="283,225,258,234" oya="0" hai0="81,18,1,103,43,55,53,5,120,74,59,61,7" hai1="45,14,38,44,93,9,29,104,110,125,50,109,54" hai2="132,126,64,117,73,86,41,87,119,111,76,88,52" hai3="63,124,46,80,92,89,118,36,77,4,134,123,68"/><T8/><D120/><U0/><E104/><V79/><F111/><W58/><G118/><N who="2" m="45065" /><F132/><W105/><G134/><T128/><D128/><U3/><E125/><V70/><F126/><W24/><G124/><T112/><D112/><U15/><E29/><V28/><F73/><W83/><G105/><T82/><D74/><U67/><E67/><V35/><F41/><W39/><G68/><T56/><D43/><U12/><E38/><V94/><F87/><W19/><G4/><N who="0" m="1611" /><D103/><U130/><E9/><V65/><F35/><W101/><G101/><T66/><D1/><U102/><E130/><V133/><F28/><W62/><G62/><N who="0" m="36111" /><D66/><N who="2" m="25706" /><F70/><W47/><G123/><T97/><D97/><N who="1" m="59695" /><E0/><V57/><F133/><W22/><G39/><T27/><D27/><U33/><E3/><V107/><F107/><W131/><G36/><T75/><D75/><U21/><E110/><V48/><AGARI ba="0,0" hai="48,52,57,76,79,86,88,94" m="25706,45065" machi="48" ten="30,8000,1" yaku="16,1,12,1,52,1,54,2" doraHai="51" who="2" fromWho="2" sc="283,-40,225,-20,258,80,234,-20" owari="243,4.0,205,-29.0,338,44.0,214,-19.0" /></mjloggm>