<mjloggm ver="2.3"><GO type="169" lobby="0"/><UN n0="%69%6E%66%6F%31%32%33" n1="%E3%83%81%E3%83%A7%E3%82%B3%E3%83%AD%E3%83%9C%E3%82%AF%E3%83%B3" n2="%E8%82%89%E2%98%86%E6%A3%92%E5%A4%AA%E9%83%8E" n3="%E5%B0%B1%E6%B4%BB%E7%94%9F%40%E5%B7%9D%E6%9D%91%E8%BB%8D%E5%9B%A3" dan="16,17,16,17" rate="2126.07,2199.82,2120.61,2245.26" sx="M,M,M,M"/><TAIKYOKU oya="0"/><INIT seed="0,0,0,1,1,30" ten="250,250,250,250" oya="0" hai0="8,0,112,116,101,120,39,41,82,122,48,79,37" hai1="16,61,127,44,103,64,18,109,74,34,121,129,54" hai2="126,123,87,107,28,102,29,89,56,12,50,32,38" hai3="113,59,52,17,67,81,9,75,73,57,24,47,58"/><T98/><D112/><U2/><E121/><V6/><F38/><W100/><G113/><T95/><D116/><U118/><E118/><V83/><F123/><W96/><G67/><T66/><D66/><U20/><E2/><V43/><F126/><W130/><G130/><T62/><D62/><U128/><E74/><V104/><F29/><W40/><G81/><T99/><D48/><N who="1" m="28935" /><E127/><V72/><F72/><W68/><G68/><T70/><D70/><U51/><E109/><V3/><F3/><W131/><G131/><N who="1" m="50250" /><E103/><V110/><F102/><W108/><G108/><T78/><D39/><U27/><E51/><V134/><F110/><W105/><G73/><T119/><D119/><U91/><E91/><V85/><F87/><W33/><G75/><T10/><D0/><U117/><E117/><V49/><F49/><W106/><G106/><T14/><D37/><U60/><E60/><V53/><F43/><W86/><G40/><T45/><D41/><U35/><E18/><V46/><F46/><W93/><G86/><T71/><D45/><U111/><E111/><V55/><F107/><W36/><G36/><T114/><D114/><U125/><E125/><V135/><F104/><W84/><G84/><T31/><D101/><U94/><E94/><V88/><F89/><W132/><G105/><T80/><D95/><U42/><E42/><V77/><F88/><W124/><G124/><T90/><D90/><U19/><E19/><V25/><F55/><W13/><G47/><T7/><D122/><U97/><E97/><V69/><F69/><AGARI ba="0,0" hai="16,20,27,34,35,61,64,69" m="50250,28935" machi="69" ten="30,7700,0" yaku="19,1,52,2,54,1" doraHai="30" who="1" fromWho="2" sc="250,0,250,77,250,-77,250,0" /><INIT seed="1,0,0,5,5,3" ten="250,327,173,250" oya="1" hai0="106,108,80,90,93,40,37,89,25,45,54,78,1" hai1="114,16,125,29,34,71,118,76,39,91,124,26,60" hai2="36,117,5,100,69,79,103,128,19,49,51,134,110" hai3="14,43,111,99,18,112,67,81,101,9,53,122,68"/><U30/><E118/><V73/><F51/><W11/><G112/><T2/><D106/><U123/><E123/><V115/><F49/><W35/><G122/><T96/><D108/><U113/><E39/><V57/><F5/><W70/><G35/><T88/><D54/><U15/><E76/><V21/><F19/><W23/><G111/><T92/><D25/><N who="1" m="18735" /><E91/><V109/><F21/><W20/><G43/><T121/><D121/><U41/><E41/><V135/><F57/><W133/><G133/><N who="2" m="50697" /><F69/><W24/><G53/><T77/><D77/><U50/><E50/><V8/><F36/><W72/><G67/><T56/><D56/><U84/><E84/><V64/><F8/><W55/><G55/><T7/><D7/><U127/><E60/><V83/><F64/><W58/><G58/><T105/><D105/><U126/><E71/><V4/><F4/><W63/><G63/><T66/><D66/><U94/><E94/><V46/><F46/><W132/><G132/><T12/><D12/><U59/><E59/><V32/><F32/><W48/><G48/><T85/><REACH who="0" step="1"/><D89/><REACH who="0" ten="240,327,173,250" step="2"/><U33/><E127/><V95/><F110/><W42/><G68/><T74/><AGARI ba="0,1" hai="1,2,37,40,45,74,78,80,85,88,90,92,93,96" machi="74" ten="20,8000,1" yaku="1,1,2,1,0,1,7,1,54,1,53,0" doraHai="3" doraHaiUra="31" who="0" fromWho="0" sc="240,90,327,-40,173,-20,250,-20" /><INIT seed="2,0,0,3,1,90" ten="330,287,153,230" oya="2" hai0="135,104,98,54,105,81,116,43,124,32,22,34,47" hai1="27,107,35,91,123,51,109,42,75,17,52,122,119" hai2="79,85,131,40,5,12,4,106,8,120,92,111,73" hai3="16,39,95,2,83,1,80,26,33,89,71,19,64"/><V74/><F120/><W30/><G39/><T3/><D3/><U58/><E119/><V53/><F106/><W127/><G127/><T86/><D124/><U100/><E75/><V132/><F131/><W18/><G71/><T68/><D68/><U97/><E109/><V20/><F132/><W11/><G64/><T7/><D7/><U103/><E103/><V128/><F111/><W115/><G115/><T46/><D135/><U28/><E17/><V24/><F128/><W13/><G2/><T10/><D10/><U101/><E101/><V55/><F40/><W88/><G1/><T36/><D116/><U63/><E91/><N who="2" m="53359" /><F73/><W65/><G65/><T49/><D22/><U59/><REACH who="1" step="1"/><E42/><REACH who="1" ten="330,277,153,230" step="2"/><V72/><F74/><W56/><G89/><T15/><D43/><U110/><E110/><V84/><F72/><W77/><G77/><T121/><D121/><U48/><E48/><V41/><F41/><W114/><G114/><T99/><D49/><U25/><E25/><V44/><F5/><W69/><G18/><T61/><D36/><U37/><E37/><V102/><F102/><W112/><G19/><T67/><D105/><U57/><E57/><V96/><F96/><W76/><G76/><T117/><D104/><U45/><E45/><V134/><F44/><W78/><G78/><T93/><D47/><U82/><E82/><N who="3" m="31274" /><G69/><T113/><D113/><U62/><E62/><V126/><F134/><W29/><G56/><T94/><D99/><U87/><E87/><V0/><F126/><W125/><G125/><T70/><D117/><U9/><E9/><V133/><F133/><RYUUKYOKU ba="0,1" sc="330,-10,277,30,153,-10,230,-10" hai1="27,28,35,51,52,58,59,63,97,100,107,122,123" /><INIT seed="3,1,1,0,0,40" ten="320,307,143,220" oya="3" hai0="30,4,32,69,8,42,121,28,116,41,75,118,61" hai1="107,13,83,17,80,58,62,88,119,70,37,66,131" hai2="26,92,117,122,73,22,49,39,16,35,87,34,130" hai3="23,135,120,96,126,12,44,79,36,77,112,24,82"/><W9/><G120/><T27/><D121/><U5/><E119/><V18/><F39/><W7/><G112/><T20/><D75/><U46/><E131/><V124/><F73/><W106/><G126/><T98/><D30/><U114/><E114/><V0/><F0/><W123/><G123/><T94/><D42/><U128/><E128/><V104/><F122/><W60/><G60/><T133/><D133/><U113/><E107/><V95/><F104/><W51/><G36/><T59/><D41/><U109/><E109/><V101/><F117/><W50/><G50/><T105/><D32/><U132/><E113/><V15/><F124/><W84/><G135/><T102/><D69/><U53/><E5/><V6/><F6/><W65/><G65/><N who="0" m="39103" /><D105/><U43/><E132/><V21/><F130/><W56/><G56/><T25/><D25/><U68/><E68/><V99/><REACH who="2" step="1"/><F49/><REACH who="2" ten="320,307,133,220" step="2"/><W91/><G106/><T64/><D64/><N who="1" m="38999" /><E37/><V3/><F3/><AGARI ba="1,2" hai="3,4,8,20,27,28,94,98,102,116,118" m="39103" machi="3" ten="30,1000,0" yaku="25,1" doraHai="40" who="0" fromWho="2" sc="320,33,307,0,133,-13,220,0" /><INIT seed="4,0,0,4,3,130" ten="353,307,120,220" oya="0" hai0="82,126,28,7,127,119,96,63,57,22,47,111,1" hai1="50,102,108,81,80,118,87,39,93,129,62,43,35" hai2="105,90,73,58,52,77,21,15,133,121,104,99,122" hai3="91,19,32,110,71,65,98,113,55,27,6,86,24"/><T25/><D119/><U131/><E118/><V83/><F133/><W16/><G110/><T116/><D116/><U10/><E35/><V92/><F105/><W132/><G132/><T115/><D111/><U3/><E108/><V41/><F41/><W72/><G72/><T18/><D115/><U49/><E62/><V85/><F15/><W23/><G6/><T54/><D82/><U120/><E120/><V17/><F17/><W34/><G98/><T78/><D78/><U94/><E81/><V106/><F106/><W37/><G37/><T56/><D47/><U53/><E39/><V9/><F9/><W36/><G36/><T4/><D1/><U97/><E94/><V20/><F20/><W88/><G113/><T51/><D28/><U134/><E134/><V29/><F21/><W109/><G109/><T31/><D31/><U5/><E43/><V60/><F29/><W123/><G123/><T0/><D96/><U61/><E61/><V95/><F95/><W117/><G23/><T103/><D103/><AGARI ba="0,0" hai="52,58,60,73,77,83,85,90,92,99,103,104,121,122" machi="103" ten="40,5200,0" yaku="24,2,54,1" doraHai="130" who="2" fromWho="0" sc="353,-52,307,0,120,52,220,0" /><INIT seed="5,0,0,3,3,134" ten="301,307,172,220" oya="1" hai0="104,135,28,71,25,27,69,128,47,90,72,113,45" hai1="102,99,14,35,111,55,30,8,42,54,130,65,22" hai2="10,84,80,91,82,107,0,78,83,20,5,68,32" hai3="9,103,26,43,75,66,76,40,36,115,87,17,7"/><U48/><E130/><V39/><F68/><W56/><G75/><T110/><D110/><U50/><E111/><V16/><F107/><W34/><G36/><T58/><D72/><U1/><E65/><V125/><F39/><W101/><G115/><T122/><D104/><U57/><E35/><V133/><F133/><W63/><G34/><T88/><D135/><U120/><E120/><V46/><F32/><W112/><G112/><T131/><D113/><U109/><E1/><V51/><F125/><W33/><G33/><T62/><D58/><U127/><E127/><V12/><REACH who="2" step="1"/><F78/><REACH who="2" ten="301,307,162,220" step="2"/><W129/><G129/><T31/><D122/><U44/><E109/><V77/><F77/><W37/><G37/><T94/><D69/><U106/><E106/><V13/><F13/><N who="3" m="5311" /><G40/><AGARI ba="0,1" hai="0,5,10,12,16,20,40,46,51,80,82,83,84,91" machi="40" ten="30,3900,0" yaku="1,1,7,1,54,1,53,0" doraHai="134" doraHaiUra="24" who="2" fromWho="3" sc="301,0,307,0,162,49,220,-39" /><INIT seed="6,0,0,2,3,90" ten="301,307,211,181" oya="2" hai0="108,79,44,14,7,118,12,34,60,57,81,54,80" hai1="123,120,99,45,50,10,56,31,27,66,52,98,104" hai2="1,84,91,89,134,113,122,46,132,37,3,126,22" hai3="133,38,8,129,20,106,111,24,73,71,4,112,47"/><V128/><F122/><N who="1" m="46633" /><E10/><V116/><F116/><W29/><G111/><T127/><D108/><U75/><E75/><V67/><F113/><W48/><G73/><T25/><D127/><U85/><E85/><V109/><F126/><W70/><G106/><T92/><D118/><U35/><E104/><V58/><F109/><W100/><G38/><T49/><D7/><U19/><E19/><V117/><F117/><W9/><G129/><T15/><D79/><U114/><E114/><V83/><F128/><W103/><G133/><N who="2" m="51305" /><F22/><W95/><G112/><T64/><D34/><U72/><E72/><V121/><F121/><W115/><G115/><T77/><D77/><U131/><E131/><V135/><N who="2" m="51313" /><V74/><DORA hai="87" /><F74/><W51/><G51/><T30/><D30/><U63/><AGARI ba="0,0" hai="27,31,35,45,50,52,56,63,66,98,99" m="46633" machi="63" ten="30,2000,0" yaku="13,1,54,1" doraHai="90,87" who="1" fromWho="1" sc="301,-5,307,20,211,-10,181,-5" /><INIT seed="7,0,0,2,5,64" ten="296,327,201,176" oya="3" hai0="53,101,74,6,20,41,42,72,98,7,43,83,79" hai1="45,12,8,97,96,78,120,2,115,50,73,100,95" hai2="65,17,55,40,84,36,62,110,94,85,86,118,48" hai3="67,59,109,34,114,75,87,47,102,52,127,123,11"/><W10/><G75/><T107/><D74/><U92/><E2/><V108/><F118/><W30/><G123/><T31/><D53/><U44/><E115/><V22/><F94/><W89/><G114/><T49/><D49/><U81/><E120/><V37/><F37/><W51/><G109/><T61/><D61/><U56/><E56/><N who="2" m="32871" /><F22/><W35/><G127/><T116/><D116/><U124/><E124/><V117/><F17/><W38/><G102/><T29/><D29/><U3/><E3/><V119/><F86/><W23/><G35/><T122/><D122/><U24/><E24/><V88/><F85/><W15/><G34/><T68/><D68/><U90/><E50/><V27/><F27/><N who="3" m="16767" /><G38/><T91/><D91/><U18/><AGARI ba="0,0" hai="8,12,18,44,45,73,78,81,90,92,95,96,97,100" machi="18" ten="20,1500,0" yaku="0,1,7,1" doraHai="64" who="1" fromWho="1" sc="296,-4,327,15,201,-4,176,-7" owari="292,9.0,342,44.0,197,-20.0,169,-33.0" /></mjloggm>