<mjloggm ver="2.3"><GO type="169" lobby="0"/><UN n0="%E3%82%A6%E3%83%AB%E3%83%88%E3%83%A9%E7%AB%8B%E7%9B%B4" n1="%E3%83%9D%E3%82%B3%E3%83%94%E3%83%B3" n2="%E3%82%AD%E3%83%A9%E3%83%BC%E3%83%9E%E3%82%B8%E3%83%B3%E3%82%AC%E6%A7%98" n3="%E2%80%A0%E3%81%BE%E3%83%BC%E5%9D%8A%E2%80%A0" dan="17,16,16,17" rate="2221.97,2144.66,2094.72,2105.19" sx="M,M,M,M"/><TAIKYOKU oya="0"/><INIT seed="0,0,0,2,5,87" ten="250,250,250,250" oya="0" hai0="19,56,59,22,11,118,74,49,70,32,90,122,96" hai1="57,86,77,64,83,92,9,27,36,66,106,7,98" hai2="15,131,10,115,116,5,128,20,52,25,37,127,107" hai3="1,130,132,112,69,55,53,110,63,67,80,33,14"/><T109/><D70/><U76/><E106/><V41/><F107/><W35/><G1/><T120/><D32/><U26/><E36/><V114/><F41/><W97/><G112/><N who="2" m="43049" /><F37/><W104/><G110/><T34/><D34/><U73/><E73/><V60/><F60/><W94/><G132/><T100/><D118/><U111/><E111/><V62/><F62/><W84/><G130/><N who="2" m="49705" /><F52/><W101/><G55/><T134/><D134/><U125/><E77/><V4/><F4/><W126/><G104/><T44/><D74/><U30/><E57/><V54/><F54/><W88/><G53/><T79/><D79/><U108/><E108/><V119/><F127/><W103/><G126/><T17/><D109/><U46/><E46/><V16/><AGARI ba="0,0" hai="5,10,15,16,20,25,116,119" m="49705,43049" machi="16" ten="40,8000,1" yaku="19,1,34,2,54,1" doraHai="87" who="2" fromWho="2" sc="250,-40,250,-20,250,80,250,-20" /><INIT seed="1,0,0,5,1,65" ten="210,230,330,230" oya="1" hai0="7,107,58,94,104,68,119,129,96,54,9,6,4" hai1="23,22,117,79,133,99,36,55,51,53,110,42,62" hai2="16,0,61,105,98,102,131,35,8,15,28,101,78" hai3="77,116,95,81,1,80,70,20,18,83,92,112,41"/><U57/><E133/><V82/><F131/><W47/><G112/><T71/><D119/><U118/><E110/><V31/><F101/><W38/><G116/><T115/><D115/><U37/><E79/><V97/><F97/><W60/><G1/><T100/><D9/><U84/><E84/><V126/><F126/><W5/><G5/><T64/><D64/><U121/><E121/><V109/><F109/><W89/><G77/><T44/><D44/><U122/><E122/><V26/><F31/><W88/><G60/><T48/><REACH who="0" step="1"/><D129/><REACH who="0" ten="200,230,330,230" step="2"/><U29/><E118/><V59/><F0/><W72/><G72/><T124/><D124/><U2/><E2/><V69/><F59/><W128/><G128/><T76/><D76/><U50/><E117/><V132/><F132/><W111/><G111/><T75/><D75/><U85/><E57/><V90/><F78/><W11/><G11/><T32/><D32/><U34/><E34/><V63/><F35/><W52/><G47/><T3/><D3/><U120/><E120/><V10/><F8/><W39/><G38/><T25/><D25/><U45/><E45/><V130/><F26/><W113/><G39/><T49/><D49/><U106/><E51/><V86/><F130/><W108/><G113/><T66/><D66/><U12/><E50/><V114/><F114/><W134/><G108/><T135/><D135/><U56/><E37/><V87/><F10/><W93/><G134/><T73/><D73/><U127/><E127/><V17/><F63/><W103/><G41/><T43/><D43/><U13/><E36/><V46/><F61/><RYUUKYOKU ba="0,1" sc="200,30,230,-10,330,-10,230,-10" hai0="4,6,7,48,54,58,68,71,94,96,100,104,107" /><INIT seed="2,1,1,5,5,122" ten="230,220,320,220" oya="2" hai0="78,96,93,73,133,89,26,35,79,97,0,23,128" hai1="110,54,72,119,67,28,124,59,134,24,53,30,125" hai2="47,87,7,84,40,83,103,113,18,75,76,129,13" hai3="70,21,29,43,6,120,106,90,34,131,22,46,17"/><V57/><F113/><W16/><G120/><T8/><D35/><U98/><E119/><V108/><F7/><W49/><G131/><T71/><D71/><U31/><E72/><V37/><F129/><W27/><G70/><T126/><D128/><U60/><E134/><V63/><F103/><W19/><G106/><T95/><D73/><U41/><E41/><V4/><F4/><W85/><REACH who="3" step="1"/><G6/><REACH who="3" ten="230,220,320,210" step="2"/><T123/><D123/><U56/><E110/><V51/><F108/><W86/><G86/><T2/><D133/><U80/><E98/><V3/><F87/><W99/><G99/><T94/><D97/><U5/><E5/><V68/><F68/><W74/><G74/><T65/><D96/><U109/><E109/><V55/><F84/><W105/><G105/><T82/><D0/><U64/><E125/><V114/><F3/><W62/><G62/><T101/><D126/><U11/><E124/><V45/><F114/><W15/><G15/><T117/><D2/><U104/><E104/><V111/><F111/><W132/><G132/><T44/><D101/><U25/><E60/><V39/><REACH who="2" step="1"/><F45/><REACH who="2" ten="230,220,310,210" step="2"/><W102/><G102/><T135/><D44/><U20/><E80/><AGARI ba="1,3" hai="16,17,19,21,22,27,29,34,43,46,49,80,85,90" machi="80" ten="40,2600,0" yaku="1,1,54,1,53,0" doraHai="122" doraHaiUra="48" who="3" fromWho="1" sc="230,0,220,-29,310,0,210,59" /><INIT seed="3,0,0,3,2,115" ten="230,191,310,269" oya="3" hai0="67,95,73,44,56,47,128,30,82,118,88,104,108" hai1="60,23,124,93,99,46,45,5,33,68,135,133,94" hai2="17,116,103,69,84,24,79,125,1,6,127,11,59" hai3="16,19,53,31,37,66,20,92,130,29,40,117,132"/><W50/><G130/><T49/><D104/><U2/><E33/><V89/><F69/><W98/><G132/><T81/><D118/><U55/><E124/><N who="2" m="47691" /><F103/><W27/><G117/><T54/><D108/><U119/><E119/><V51/><F79/><W78/><G66/><T122/><D122/><U114/><E114/><V96/><F96/><W75/><G37/><T18/><D30/><U121/><E121/><V126/><F126/><W57/><G40/><T35/><D35/><U36/><E94/><V38/><F38/><W63/><G19/><T15/><D128/><U26/><E93/><V65/><F51/><W91/><REACH who="3" step="1"/><G50/><REACH who="3" ten="230,191,310,259" step="2"/><T85/><D67/><U97/><E36/><V111/><F65/><W76/><G76/><T86/><D73/><U77/><E77/><V21/><F116/><W25/><G25/><T61/><D61/><U8/><E60/><V28/><F24/><W74/><G74/><T14/><D18/><U123/><E26/><V105/><F17/><W106/><G106/><T102/><D49/><U83/><E135/><V64/><F105/><W87/><G87/><T41/><D86/><U43/><E43/><V131/><F131/><W112/><G112/><T113/><D41/><U13/><E133/><V70/><F84/><W7/><G7/><T52/><D85/><U42/><E5/><V120/><F6/><W32/><G32/><T90/><D113/><U101/><E42/><V110/><F64/><W71/><G71/><T80/><D95/><U134/><E68/><V3/><F70/><W0/><G0/><T107/><D107/><U4/><E134/><RYUUKYOKU ba="0,1" sc="230,-10,191,-10,310,-10,259,30" hai3="16,20,27,29,31,53,57,63,75,78,91,92,98" /><INIT seed="3,1,1,3,4,88" ten="220,181,300,289" oya="3" hai0="124,104,37,123,111,30,102,39,14,116,6,47,40" hai1="60,85,66,121,72,46,119,38,33,126,42,23,99" hai2="92,96,12,76,5,52,106,81,26,34,108,28,95" hai3="41,87,55,71,73,135,61,25,112,9,133,75,109"/><W89/><G112/><T113/><D14/><U56/><E126/><V131/><F108/><W35/><G41/><T64/><D6/><U84/><E33/><V20/><F131/><W80/><G109/><T19/><D19/><U7/><E72/><V31/><F52/><W130/><G130/><T63/><D30/><U22/><E121/><V51/><F51/><W1/><G1/><T132/><D102/><U58/><E119/><V10/><F106/><W79/><G9/><T57/><D104/><U70/><E7/><V118/><F96/><W62/><G55/><T90/><D90/><U65/><E99/><V101/><F101/><W54/><G54/><T49/><D111/><U91/><E84/><N who="2" m="48167" /><F34/><W93/><G71/><T122/><D116/><U78/><E78/><V8/><F8/><W115/><G73/><T69/><D124/><U16/><E66/><V128/><F128/><W94/><G115/><T68/><D113/><U4/><E4/><V107/><F107/><W100/><G100/><T103/><D103/><U11/><E23/><N who="2" m="15455" /><F118/><W110/><G110/><T24/><D123/><U114/><E11/><V50/><F50/><W36/><G36/><T2/><D2/><U13/><REACH who="1" step="1"/><E114/><REACH who="1" ten="220,171,300,289" step="2"/><V127/><F127/><W3/><G75/><T15/><D64/><U129/><E129/><V134/><F134/><W45/><G135/><T125/><D132/><U53/><E53/><V29/><F20/><W43/><G133/><T86/><D125/><U82/><AGARI ba="1,2" hai="13,16,22,38,42,46,56,58,60,65,70,82,85,91" machi="82" ten="20,8000,1" yaku="1,1,0,1,7,1,54,1,53,1" doraHai="88" doraHaiUra="18" who="1" fromWho="1" sc="220,-21,171,103,300,-21,289,-41" /><INIT seed="4,0,0,0,4,117" ten="199,274,279,248" oya="0" hai0="59,104,74,30,66,112,35,128,23,91,39,7,82" hai1="79,105,42,51,111,122,89,50,76,133,27,16,119" hai2="4,87,49,93,70,127,48,110,81,85,0,55,21" hai3="8,90,98,103,37,64,17,41,88,72,60,28,22"/><T6/><D35/><U134/><E111/><V19/><F70/><W101/><G72/><T57/><D39/><U86/><E105/><V29/><F0/><W69/><G28/><T12/><D104/><U25/><E119/><V114/><F4/><N who="0" m="1578" /><D74/><U67/><E67/><V11/><F110/><W115/><G115/><T107/><D107/><U78/><E122/><V118/><F118/><W129/><G8/><T95/><D112/><U1/><E1/><V26/><F127/><W38/><G129/><T47/><D128/><U32/><E42/><V61/><F93/><W10/><G10/><T116/><D116/><U62/><E62/><V92/><F92/><W63/><G63/><N who="0" m="38255" /><D47/><U56/><E32/><V31/><F114/><W14/><G103/><T131/><D131/><U24/><E56/><N who="2" m="34975" /><F11/><W33/><G33/><T83/><D59/><U2/><E2/><V15/><F85/><W126/><G126/><T94/><D94/><U75/><E75/><V46/><F46/><W80/><G41/><T3/><D3/><U5/><E5/><V68/><F68/><W100/><G38/><T36/><D36/><U13/><E51/><N who="2" m="19531" /><F15/><W40/><G37/><T108/><D108/><U123/><E50/><V53/><F53/><W77/><G40/><T121/><D121/><U52/><E52/><V44/><F44/><W73/><G101/><T34/><D34/><U65/><E123/><V54/><F54/><W135/><G100/><T58/><D58/><U9/><E65/><V102/><F102/><W96/><G69/><T43/><D43/><U20/><E9/><V71/><F71/><RYUUKYOKU ba="0,0" sc="199,-15,274,15,279,15,248,-15" hai1="13,16,20,24,25,27,76,78,79,86,89,133,134" hai2="19,21,26,29,31,81,87" /><INIT seed="5,1,0,3,0,45" ten="184,289,294,233" oya="1" hai0="13,74,12,2,100,108,77,125,47,104,92,63,24" hai1="126,109,8,72,97,131,6,59,61,90,5,57,56" hai2="78,76,73,121,17,44,133,58,71,53,37,105,117" hai3="27,67,40,111,70,132,64,129,49,23,80,68,119"/><U22/><E126/><V81/><F105/><W51/><G111/><T82/><D108/><U107/><E131/><V134/><F71/><W120/><G120/><T3/><D125/><U101/><E72/><V10/><F78/><W102/><G129/><T48/><D104/><U54/><E6/><V1/><F117/><W0/><G0/><T69/><D24/><U99/><E22/><V36/><F17/><W89/><G132/><N who="2" m="50793" /><F44/><N who="3" m="25735" /><G70/><T14/><D63/><U11/><E109/><V98/><F98/><W9/><G68/><T38/><D38/><U65/><E5/><N who="2" m="1327" /><F121/><W31/><G102/><T46/><D46/><U87/><E99/><V16/><F16/><N who="3" m="12775" /><G9/><T33/><D69/><U39/><E59/><V62/><AGARI ba="1,0" hai="36,37,53,58,62,73,76,81" m="1327,50793" machi="62" ten="30,1100,0" yaku="20,1" doraHai="45" who="2" fromWho="2" sc="184,-4,289,-6,294,14,233,-4" /><INIT seed="6,0,0,1,2,129" ten="180,283,308,229" oya="2" hai0="23,113,108,28,90,71,39,95,121,133,66,88,101" hai1="10,67,124,109,13,54,128,26,44,50,125,100,22" hai2="132,6,99,31,111,97,30,0,46,48,118,81,61" hai3="16,35,74,2,122,126,45,70,62,29,18,127,105"/><V117/><F111/><W12/><G2/><T9/><D39/><U114/><E128/><V51/><F61/><W21/><G74/><T98/><D121/><U3/><E114/><V80/><F46/><W49/><G105/><T53/><D108/><U34/><E34/><V86/><F86/><W135/><G122/><T83/><D113/><U68/><E3/><V77/><F0/><W75/><G75/><T116/><D116/><U36/><E100/><V73/><F6/><W38/><G38/><T130/><D130/><U27/><E109/><V4/><F4/><W7/><G7/><T102/><D71/><U20/><E36/><V11/><F11/><W84/><G84/><N who="0" m="50207" /><D66/><U59/><E68/><V72/><F77/><W76/><G76/><T14/><D133/><AGARI ba="0,0" hai="30,31,48,51,72,73,80,81,97,99,117,118,132,133" machi="133" ten="25,9600,0" yaku="22,2,52,2" doraHai="129" who="2" fromWho="0" sc="180,-96,283,0,308,96,229,0" /><INIT seed="6,1,0,5,0,127" ten="84,283,404,229" oya="2" hai0="19,92,109,64,18,107,95,82,40,41,7,114,129" hai1="89,111,37,115,29,73,72,47,60,113,59,22,118" hai2="126,45,46,8,23,102,38,133,98,124,87,66,75" hai3="58,0,77,135,50,32,14,2,106,80,52,26,110"/><V36/><F75/><W83/><G110/><T103/><D82/><U54/><E118/><V65/><F87/><W25/><G106/><T3/><D107/><U88/><E111/><V31/><F8/><W69/><G69/><T67/><D109/><U81/><E72/><V61/><F23/><W94/><G135/><T97/><D114/><U1/><E1/><V6/><F6/><W9/><G83/><T56/><D56/><U119/><E119/><V99/><F31/><W96/><G32/><T125/><D125/><U90/><E29/><V44/><F44/><W68/><G68/><T63/><D63/><U86/><E73/><V116/><F116/><W78/><G2/><T12/><D3/><U112/><E22/><V33/><F33/><W79/><G0/><T104/><D104/><U101/><E101/><V76/><F102/><N who="3" m="60695" /><G80/><T70/><D70/><U105/><E105/><V74/><F74/><W84/><G84/><T34/><D34/><U57/><E57/><V71/><F71/><W13/><G13/><T132/><D132/><U121/><E121/><V49/><F133/><W43/><G43/><AGARI ba="1,0" hai="37,43,47,54,59,60,81,86,88,89,90,112,113,115" machi="43" ten="40,2600,0" yaku="15,1,54,1" doraHai="127" who="1" fromWho="3" sc="84,0,283,29,404,0,229,-29" /><INIT seed="7,0,0,1,4,73" ten="84,312,404,200" oya="3" hai0="61,1,69,114,109,75,111,59,27,64,44,21,88" hai1="79,4,124,92,20,37,112,126,113,84,87,65,58" hai2="131,18,33,127,17,76,116,70,34,125,36,19,50" hai3="3,122,32,83,119,42,104,57,12,15,16,39,60"/><W134/><G3/><T49/><D1/><U46/><E4/><V74/><F36/><W135/><G104/><T97/><D75/><U78/><E20/><V55/><F70/><W9/><G32/><T48/><D114/><N who="1" m="44139" /><E65/><V81/><F116/><W63/><G119/><T121/><D121/><U2/><E2/><V130/><F34/><W129/><G122/><T66/><D66/><U71/><E71/><V133/><F33/><W89/><G129/><N who="2" m="49161" /><F133/><N who="3" m="50699" /><G57/><AGARI ba="0,0" hai="17,18,19,50,55,57,74,76,81,125,127" m="49161" machi="57" ten="30,2000,0" yaku="19,1,52,1" doraHai="73" who="2" fromWho="3" sc="84,0,312,0,404,20,200,-20" owari="84,-42.0,312,11.0,424,53.0,180,-22.0" /></mjloggm>