<mjloggm ver="2.3"><GO type="169" lobby="0"/><UN n0="%33%37%33%61" n1="%EF%BC%9D%E4%BC%8A%E8%97%A4%E3%81%8B%E3%81%AA%E6%81%B5%EF%BC%9D" n2="%6C%67%32%31" n3="%E3%82%A6%E3%83%AB%E3%83%88%E3%83%A9%E7%AB%8B%E7%9B%B4" dan="16,17,16,17" rate="2092.57,2140.96,2095.10,2169.04" sx="F,F,M,M"/><TAIKYOKU oya="0"/><INIT seed="0,0,0,4,4,34" ten="250,250,250,250" oya="0" hai0="19,50,37,81,31,117,88,6,122,90,11,33,64" hai1="71,126,110,114,56,76,103,119,120,127,44,115,106" hai2="84,28,26,134,61,118,47,66,79,15,16,72,38" hai3="58,67,102,35,57,96,82,22,9,12,65,62,27"/><T45/><D37/><U132/><E71/><V63/><F134/><W41/><G41/><T86/><D122/><U48/><E120/><V92/><F72/><W39/><G39/><T0/><D117/><U13/><E119/><V135/><F135/><W78/><G35/><T30/><D64/><U60/><E132/><V59/><F118/><W89/><G89/><T125/><D125/><N who="1" m="47627" /><E76/><V29/><F63/><W69/><G12/><T5/><D5/><U68/><E68/><V95/><F79/><W124/><G9/><T100/><D100/><U111/><E13/><V112/><F84/><W53/><G53/><T21/><D90/><U25/><E25/><V121/><F121/><W23/><G124/><T101/><D101/><U14/><E14/><V10/><F29/><W98/><G67/><T70/><D33/><U85/><E85/><V51/><F38/><W105/><G98/><T130/><D130/><U43/><E106/><V123/><F123/><W131/><G131/><T91/><D91/><U1/><E1/><V42/><REACH who="2" step="1"/><F112/><REACH who="2" ten="250,250,240,250" step="2"/><N who="1" m="43049" /><E103/><V74/><F74/><W4/><G4/><T17/><D31/><U32/><E32/><AGARI ba="0,1" hai="10,15,16,26,28,32,42,47,51,59,61,66,92,95" machi="32" ten="30,3900,0" yaku="1,1,7,1,54,1,53,0" doraHai="34" doraHaiUra="83" who="2" fromWho="1" sc="250,0,250,-39,240,49,250,0" /><INIT seed="1,0,0,4,0,75" ten="250,211,289,250" oya="1" hai0="7,22,114,72,15,16,40,5,99,18,85,66,118" hai1="26,14,100,13,37,10,24,4,53,92,105,117,113" hai2="34,102,35,17,82,122,116,125,45,98,88,12,3" hai3="11,48,78,29,57,133,56,73,55,108,68,130,121"/><U103/><E113/><V67/><F116/><W83/><G68/><T32/><D32/><U60/><E117/><V128/><F122/><W39/><G39/><T107/><D72/><U111/><E37/><V90/><F3/><W104/><G104/><T101/><D114/><U54/><E105/><V19/><F125/><W80/><G121/><T38/><D66/><U41/><E41/><V95/><F128/><W115/><G115/><T112/><D112/><U44/><E111/><V27/><F67/><W126/><G108/><T58/><D58/><N who="1" m="34903" /><E14/><V134/><F134/><W123/><G133/><T135/><D135/><U52/><E53/><V59/><F45/><W36/><G36/><T42/><D42/><U132/><E132/><V49/><F35/><W77/><G130/><T97/><D40/><U51/><E92/><V63/><F49/><W8/><G123/><T76/><D38/><U28/><E28/><V69/><F69/><W74/><G126/><T33/><D33/><U93/><E93/><V86/><F102/><AGARI ba="0,0" hai="4,10,13,24,26,44,51,52,100,102,103" m="34903" machi="102" ten="30,2900,0" yaku="8,1,54,1" doraHai="75" who="1" fromWho="2" sc="250,0,211,29,289,-29,250,0" /><INIT seed="1,1,0,5,1,81" ten="250,240,260,250" oya="1" hai0="52,110,120,113,94,33,130,85,132,115,34,71,28" hai1="57,36,39,24,60,78,102,11,18,63,69,131,77" hai2="42,88,22,15,109,118,2,117,122,59,95,72,124" hai3="40,105,17,5,54,107,133,70,66,83,51,65,99"/><U79/><E131/><V116/><F2/><W19/><G133/><T23/><D71/><U101/><E69/><V58/><F122/><W91/><G40/><T25/><D130/><U121/><E121/><V75/><F109/><W123/><G123/><T119/><D119/><U96/><E63/><V108/><F108/><W0/><G0/><T106/><D106/><U87/><E102/><V82/><F124/><W44/><G5/><T13/><D110/><U90/><E11/><V9/><F42/><W127/><G127/><T47/><D132/><U20/><E101/><V135/><F22/><W93/><G107/><T21/><D21/><U104/><E104/><V30/><F30/><W56/><G105/><T134/><D134/><U45/><E45/><V97/><F135/><W84/><G70/><T37/><D37/><U3/><E96/><V41/><F41/><W86/><G99/><T76/><D34/><U128/><E3/><V73/><REACH who="2" step="1"/><F82/><REACH who="2" ten="250,240,250,250" step="2"/><W53/><G17/><AGARI ba="1,1" hai="9,15,17,58,59,72,73,75,88,95,97,116,117,118" machi="17" ten="50,6400,0" yaku="1,1,2,1,54,1,53,0" doraHai="81" doraHaiUra="32" who="2" fromWho="3" sc="250,0,240,0,250,77,250,-67" /><INIT seed="2,0,0,3,1,50" ten="250,240,327,183" oya="2" hai0="62,52,64,73,53,41,10,133,110,69,70,20,76" hai1="90,18,23,107,28,22,8,96,94,98,1,15,49" hai2="59,25,85,16,11,27,54,5,0,38,63,119,135" hai3="48,57,106,17,97,126,115,128,19,124,109,42,36"/><V33/><F135/><W2/><G2/><T26/><D73/><U99/><E107/><V67/><F119/><W117/><G117/><T134/><D76/><U95/><E1/><V114/><F114/><W111/><G115/><T40/><D70/><U65/><E65/><V79/><F38/><W123/><G123/><T77/><D77/><U118/><E118/><V74/><F74/><W113/><G113/><T29/><D10/><U104/><E104/><V13/><F33/><W35/><G35/><T131/><D110/><U60/><E60/><V56/><F85/><W45/><G128/><T66/><D66/><U82/><E28/><V86/><F86/><W80/><G106/><T7/><D7/><U46/><E82/><V30/><F79/><W127/><G97/><N who="1" m="37482" /><E95/><V47/><F47/><W68/><G80/><T44/><D131/><U51/><E51/><V122/><F122/><W9/><G68/><T24/><D24/><U31/><E31/><V39/><F39/><W103/><G103/><T121/><D121/><U75/><E75/><V55/><F67/><W116/><G116/><T34/><D34/><U120/><E120/><V78/><F78/><W6/><G6/><T4/><D4/><U88/><E90/><V32/><F27/><W71/><G71/><T3/><D3/><U21/><E8/><V132/><F132/><N who="0" m="50794" /><D40/><AGARI ba="0,0" hai="15,18,21,22,23,40,46,49,88,94,99" m="37482" machi="40" ten="30,2000,0" yaku="8,1,54,1" doraHai="50" who="1" fromWho="0" sc="250,-20,240,20,327,0,183,0" /><INIT seed="3,0,0,5,3,76" ten="230,260,327,183" oya="3" hai0="31,130,44,120,82,112,114,24,38,78,68,86,56" hai1="98,10,89,113,126,83,92,17,72,124,27,36,13" hai2="69,135,118,109,59,132,60,55,88,121,131,125,37" hai3="62,54,122,79,35,2,20,96,91,119,53,5,133"/><W3/><G35/><T64/><D120/><U90/><E113/><N who="0" m="43625" /><D130/><U45/><E27/><V39/><F131/><W29/><G122/><T50/><D38/><N who="2" m="14346" /><F121/><W9/><G119/><T93/><D68/><U107/><E107/><V103/><F103/><W66/><G133/><N who="2" m="51273" /><F88/><W43/><G43/><N who="0" m="24863" /><D56/><U0/><E0/><V22/><F22/><W40/><G40/><T6/><D64/><U11/><E11/><V48/><F118/><W77/><G3/><T26/><D6/><U87/><E72/><V95/><F95/><N who="3" m="56447" /><G2/><T101/><D31/><U49/><REACH who="1" step="1"/><E36/><REACH who="1" ten="230,250,327,183" step="2"/><V61/><F69/><W108/><G9/><T25/><D26/><U41/><AGARI ba="0,1" hai="10,13,17,41,45,49,83,87,89,90,92,98,124,126" machi="41" ten="30,7900,0" yaku="1,1,2,1,0,1,52,1,53,0" doraHai="76" doraHaiUra="73" who="1" fromWho="1" sc="230,-20,250,89,327,-20,183,-39" /><INIT seed="4,0,0,4,4,119" ten="210,339,307,144" oya="0" hai0="61,83,49,26,31,82,1,102,32,16,20,123,120" hai1="108,87,115,78,71,96,134,45,51,17,113,39,33" hai2="66,117,118,37,122,107,110,34,43,129,58,133,132" hai3="44,72,76,24,7,94,116,29,56,70,105,128,73"/><T25/><D1/><U131/><E108/><V85/><F110/><W14/><G70/><T42/><D102/><U35/><E134/><N who="2" m="51819" /><F34/><W38/><G105/><T75/><D61/><U125/><E125/><V64/><F107/><W135/><G116/><N who="2" m="44649" /><F85/><W88/><G128/><T97/><D97/><U48/><E71/><V101/><F101/><W93/><G135/><T21/><D32/><U130/><E39/><V18/><F18/><W36/><G76/><T124/><D124/><U57/><E96/><V77/><F77/><W52/><G93/><T53/><D42/><N who="1" m="24631" /><E33/><V111/><F111/><W121/><G121/><T104/><D104/><U114/><E35/><V47/><F129/><N who="1" m="49161" /><E17/><V50/><F122/><W9/><G36/><T8/><D75/><U109/><E109/><V28/><F28/><W3/><G73/><T91/><D123/><U10/><E10/><V68/><F68/><W55/><G72/><T13/><D120/><U106/><E106/><V126/><F126/><W79/><G79/><T2/><D2/><U60/><E78/><V67/><F37/><W103/><G103/><T92/><D92/><U4/><E87/><V6/><F6/><W80/><G3/><T69/><D91/><U81/><E81/><V100/><F100/><W74/><G80/><T98/><D98/><U99/><E99/><V65/><F64/><W27/><G74/><T22/><D69/><U86/><E86/><V12/><F12/><W46/><G38/><T23/><N who="0" m="5632" /><DORA hai="62" /><T41/><D31/><U15/><E15/><V90/><F90/><W40/><G88/><T84/><D82/><RYUUKYOKU ba="0,0" sc="210,-10,339,-10,307,30,144,-10" hai2="43,47,50,58,65,66,67" /><INIT seed="5,1,0,4,3,4" ten="200,329,337,134" oya="1" hai0="19,42,112,66,16,55,128,8,29,23,41,126,40" hai1="48,86,58,49,53,44,82,131,134,60,106,122,1" hai2="2,97,0,95,121,73,83,125,120,100,15,90,104" hai3="135,13,59,51,109,87,65,79,93,110,98,18,61"/><U75/><E122/><V111/><F111/><W123/><G123/><T76/><D76/><U129/><E134/><V105/><F125/><W46/><G135/><T62/><D126/><U118/><E118/><V20/><F105/><W108/><G79/><T3/><D128/><N who="1" m="49227" /><E106/><V130/><F130/><W24/><G87/><T68/><D112/><U37/><E75/><V10/><F20/><W64/><G24/><T124/><D124/><U56/><E1/><V57/><F57/><W113/><G65/><T99/><D29/><U80/><E80/><V63/><F63/><W77/><G77/><T92/><D23/><U81/><E86/><N who="2" m="52695" /><F0/><W7/><G7/><T33/><D33/><U6/><E6/><N who="2" m="3543" /><F2/><W31/><G31/><T52/><D3/><U5/><E5/><V50/><F50/><N who="1" m="19561" /><E58/><V21/><F21/><W116/><G116/><T72/><D72/><U9/><E9/><V38/><F38/><W69/><G113/><T91/><REACH who="0" step="1"/><D8/><REACH who="0" ten="190,329,337,134" step="2"/><U96/><E96/><V115/><F115/><W107/><G98/><T133/><D133/><U84/><E84/><V78/><AGARI ba="1,1" hai="73,78,83,97,100,104,120,121" m="3543,52695" machi="78" ten="30,2000,0" yaku="24,1,52,1" doraHai="4" who="2" fromWho="2" sc="190,-6,329,-11,337,33,134,-6" /><INIT seed="6,0,0,1,2,25" ten="184,318,370,128" oya="2" hai0="118,127,128,24,132,66,35,112,17,102,59,92,31" hai1="90,22,98,67,86,71,54,135,68,104,61,72,96" hai2="36,29,77,101,47,89,63,76,8,80,119,99,62" hai3="3,106,88,33,125,13,55,19,131,79,115,84,129"/><V14/><F119/><W105/><G3/><T9/><D118/><U1/><E135/><V120/><F120/><W100/><G79/><T23/><D132/><U10/><E72/><V37/><F29/><W60/><G33/><T75/><D75/><U5/><E104/><V34/><F34/><W20/><G100/><T73/><D73/><U97/><E54/><V95/><F76/><W48/><G60/><T18/><D112/><U57/><REACH who="1" step="1"/><E22/><REACH who="1" ten="184,308,370,128" step="2"/><V30/><F63/><W111/><G111/><T117/><D35/><U45/><E45/><V51/><F62/><W12/><G105/><T44/><D44/><U134/><E134/><V83/><F47/><W109/><G106/><T53/><D23/><U81/><AGARI ba="0,1" hai="1,5,10,57,61,67,68,71,81,86,90,96,97,98" machi="81" ten="30,4000,0" yaku="1,1,0,1,53,1" doraHai="25" doraHaiUra="78" who="1" fromWho="1" sc="184,-10,308,50,370,-20,128,-10" /><INIT seed="7,0,0,1,2,71" ten="174,358,350,118" oya="3" hai0="90,92,107,25,26,129,133,32,70,100,39,97,72" hai1="85,78,60,36,46,121,27,37,120,56,77,88,67" hai2="76,132,28,116,95,15,62,75,7,52,99,114,35" hai3="41,10,131,20,109,22,63,135,69,79,47,53,0"/><W104/><G104/><T102/><D70/><U54/><E120/><V87/><F116/><W117/><G117/><T55/><D39/><U68/><E121/><V108/><F108/><W12/><G109/><T124/><D72/><U17/><E37/><V73/><F28/><W6/><G131/><T98/><D124/><U113/><E113/><V29/><F29/><W30/><G135/><T105/><D133/><U44/><E27/><V4/><F35/><W58/><G69/><T3/><D3/><U11/><E17/><V18/><F132/><W115/><G115/><T118/><D32/><U64/><E11/><V110/><F110/><W83/><G30/><T40/><D40/><N who="1" m="22535" /><E67/><V130/><F130/><W50/><REACH who="3" step="1"/><G0/><REACH who="3" ten="174,358,350,108" step="2"/><T51/><D129/><U66/><E68/><V106/><F106/><W5/><G5/><T112/><D118/><U91/><E66/><V89/><F4/><W2/><G2/><T127/><D127/><U38/><E64/><V21/><F7/><W34/><G34/><T82/><D112/><U33/><E33/><V93/><F114/><W13/><G13/><T24/><D107/><U16/><E77/><V57/><F76/><W8/><G8/><T9/><D9/><U86/><E78/><V126/><F126/><W59/><G59/><T74/><D105/><U43/><E56/><V134/><F134/><W31/><G31/><T45/><D24/><U14/><E14/><V80/><F80/><W61/><G61/><T42/><D25/><U123/><E60/><V94/><F95/><W103/><G103/><AGARI ba="0,1" hai="15,18,21,52,57,62,73,75,87,89,93,94,99,103" machi="103" ten="30,2000,0" yaku="7,1,54,1" doraHai="71" who="2" fromWho="3" sc="174,0,358,0,350,30,108,-20" owari="174,-23.0,358,16.0,380,48.0,88,-41.0" /></mjloggm>