<mjloggm ver="2.3"><GO type="41" lobby="0"/><UN n0="%E8%A5%BF%E9%96%80%E9%BB%92%E7%8C%AA" n1="%E5%B1%B1%E7%94%B0%E3%81%AE%E3%83%90%E3%83%8A%E3%83%8A" n2="%E5%B0%B1%E6%B4%BB%E7%94%9F%40%E5%B7%9D%E6%9D%91%E8%BB%8D%E5%9B%A3" n3="%E3%83%8F%E3%83%B3%E3%81%A1%E3%82%83%E3%82%93" dan="14,15,17,15" rate="2010.65,2042.07,2200.02,1924.02" sx="F,M,M,M"/><TAIKYOKU oya="0"/><INIT seed="0,0,0,1,5,111" ten="250,250,250,250" oya="0" hai0="13,132,44,18,104,22,98,43,110,108,94,55,46" hai1="35,96,69,102,89,27,56,9,0,129,50,38,16" hai2="7,100,20,79,12,117,65,39,87,105,6,80,63" hai3="59,77,76,73,67,133,130,83,61,75,28,119,34"/><T86/><D104/><U19/><E38/><V32/><F39/><W15/><G119/><T92/><D132/><U78/><E69/><V125/><F32/><W3/><G3/><T4/><D4/><U90/><E129/><V127/><F117/><W2/><G130/><T68/><D68/><U101/><E78/><V45/><F45/><W29/><G2/><T88/><D55/><N who="1" m="31863" /><E0/><V103/><F20/><W42/><G133/><T107/><D107/><U17/><E35/><V115/><F12/><W91/><G34/><T93/><D93/><N who="1" m="58511" /><E102/><V126/><F103/><W71/><G42/><T135/><D135/><U30/><E30/><V8/><F100/><W66/><G91/><N who="1" m="34826" /><E27/><V10/><F105/><W70/><G15/><AGARI ba="0,0" hai="9,15,16,17,19" m="34826,58511,31863" machi="15" ten="30,2000,0" yaku="8,1,54,1" doraHai="111" who="1" fromWho="3" sc="250,0,250,20,250,0,250,-20" /><INIT seed="1,0,0,4,1,77" ten="250,270,250,230" oya="1" hai0="113,59,135,30,27,18,11,58,107,66,10,53,60" hai1="70,36,51,41,78,22,71,131,63,26,61,34,81" hai2="24,116,94,114,29,21,2,119,105,12,4,130,73" hai3="72,5,132,82,102,57,108,109,15,54,112,68,46"/><U32/><E131/><V7/><F105/><W31/><G68/><T47/><D113/><U33/><E36/><V115/><F73/><W96/><G112/><N who="2" m="43049" /><F94/><W121/><G132/><T76/><D107/><U89/><E89/><V64/><F64/><W127/><G121/><T86/><D135/><U101/><E101/><V75/><F75/><W28/><G127/><T25/><D47/><U42/><E71/><V44/><F44/><W39/><G39/><T93/><D30/><U134/><E134/><V16/><F130/><W88/><G46/><T43/><D43/><U123/><E123/><V97/><F97/><W83/><G72/><T45/><D45/><U85/><E51/><V79/><F79/><W17/><G5/><N who="2" m="2121" /><F2/><W37/><G37/><T98/><D98/><U0/><E0/><V49/><F49/><W100/><G108/><T35/><D35/><AGARI ba="0,0" hai="12,16,21,24,29,35,116,119" m="2121,43049" machi="35" ten="30,7700,0" yaku="11,1,34,2,54,1" doraHai="77" who="2" fromWho="0" sc="250,-77,270,0,250,77,230,0" /><INIT seed="2,0,0,2,0,1" ten="173,270,327,230" oya="2" hai0="51,59,12,69,40,65,96,57,111,42,121,119,123" hai1="102,6,10,4,84,107,115,87,77,41,63,71,19" hai2="26,98,117,81,3,37,17,43,58,125,95,73,124" hai3="86,105,31,15,45,68,133,49,109,36,33,16,67"/><V18/><F117/><W132/><G109/><T11/><D119/><U116/><E116/><V135/><F135/><N who="3" m="51787" /><G105/><T104/><D111/><U129/><E129/><V130/><F130/><W74/><G74/><T44/><D40/><U108/><E108/><V93/><F37/><W22/><G36/><T120/><D69/><U60/><E115/><V128/><F128/><W29/><G86/><T122/><D65/><U9/><E71/><V85/><F73/><W92/><G33/><T66/><D66/><U106/><E41/><V14/><F3/><W24/><G24/><T5/><N who="0" m="30720" /><DORA hai="34" /><T127/><REACH who="0" step="1"/><D127/><REACH who="0" ten="163,270,327,230" step="2"/><U55/><E55/><V75/><F43/><N who="3" m="24767" /><G67/><T35/><D35/><U118/><E118/><V23/><F124/><W56/><G68/><T2/><D2/><U114/><E114/><V62/><F125/><W101/><G56/><T48/><D48/><U126/><E126/><V32/><F32/><W91/><G101/><AGARI ba="0,1" hai="5,11,12,42,44,51,57,59,96,101,104" m="30720" machi="101" ten="70,4500,0" yaku="1,1,52,1,53,0" doraHai="1,34" doraHaiUra="113,89" who="0" fromWho="3" sc="163,55,270,0,327,0,230,-45" /><INIT seed="3,0,0,5,1,37" ten="218,270,327,185" oya="3" hai0="110,119,85,15,128,13,106,134,43,71,51,29,111" hai1="131,5,91,121,122,40,59,10,117,127,74,38,23" hai2="97,41,11,92,21,31,44,25,52,27,30,129,45" hai3="2,95,77,63,67,118,53,98,16,33,69,57,55"/><W48/><G118/><T73/><D119/><U105/><E74/><V70/><F70/><W17/><G2/><T3/><D73/><U9/><E105/><V36/><F129/><W60/><G33/><T35/><D3/><U120/><E117/><V54/><F11/><W126/><G77/><T24/><D106/><U66/><E131/><V61/><F61/><W104/><G104/><T22/><D71/><U64/><E127/><V42/><F92/><W90/><G126/><T28/><D35/><U6/><E23/><V49/><F97/><W12/><G12/><T132/><D85/><U18/><E18/><V113/><F113/><W103/><G103/><T108/><D29/><U72/><E72/><V81/><F81/><W116/><G116/><T14/><D128/><U107/><E91/><V68/><F68/><W56/><AGARI ba="0,0" hai="16,17,48,53,55,56,57,60,63,67,69,90,95,98" machi="56" ten="20,3900,0" yaku="0,1,7,1,54,1" doraHai="37" who="3" fromWho="3" sc="218,-13,270,-13,327,-13,185,39" /><INIT seed="3,1,0,1,5,129" ten="205,257,314,224" oya="3" hai0="133,118,25,131,12,5,101,62,96,100,84,128,14" hai1="77,91,121,11,80,89,36,112,4,111,21,65,41" hai2="8,49,57,56,0,90,19,26,70,34,119,103,122" hai3="16,47,82,48,125,134,75,54,63,22,32,78,106"/><W107/><G32/><T130/><D118/><U40/><E112/><V6/><F70/><W72/><G125/><T52/><D25/><U45/><E121/><V114/><F114/><W20/><G22/><T76/><D5/><U73/><E111/><V31/><F103/><W58/><G72/><T102/><D96/><U113/><E113/><V50/><F119/><W87/><G134/><T74/><D133/><U88/><E40/><V135/><F135/><W67/><REACH who="3" step="1"/><G75/><REACH who="3" ten="205,257,314,214" step="2"/><T85/><D74/><U108/><E108/><V60/><F34/><W109/><G109/><T18/><D76/><U46/><E21/><V44/><F122/><W3/><G3/><T28/><D131/><U66/><E46/><V1/><F44/><W64/><G64/><T7/><D130/><U30/><REACH who="1" step="1"/><E30/><REACH who="1" ten="205,247,314,214" step="2"/><V9/><F31/><W59/><G59/><T27/><D28/><U116/><E116/><V39/><F56/><W92/><G92/><T35/><D128/><U53/><E53/><V127/><F127/><W71/><G71/><T97/><D52/><U51/><E51/><V15/><F49/><W2/><G2/><AGARI ba="1,2" hai="2,4,11,36,41,45,65,66,73,77,80,88,89,91" machi="2" ten="40,8000,1" yaku="1,1,25,2,54,1,53,0" doraHai="129" doraHaiUra="115" who="1" fromWho="3" sc="205,0,247,103,314,0,214,-83" /><INIT seed="4,0,0,3,5,90" ten="205,350,314,131" oya="0" hai0="97,104,16,111,29,40,9,84,53,77,71,120,8" hai1="52,24,102,48,60,20,38,3,45,56,131,64,121" hai2="66,34,1,116,68,25,36,91,132,105,17,88,27" hai3="82,86,69,75,35,57,67,51,115,114,12,28,87"/><T85/><D120/><U5/><E121/><V11/><F105/><W7/><G69/><T103/><D71/><U47/><E131/><V94/><F36/><W98/><G35/><T65/><D65/><U2/><E102/><V13/><F132/><W4/><G28/><T93/><D111/><U95/><E5/><V44/><F116/><W134/><G134/><T80/><D40/><U32/><E32/><V130/><F130/><W42/><G98/><T31/><D104/><U62/><E95/><V107/><F107/><W63/><G75/><T23/><D85/><U112/><E112/><N who="3" m="43050" /><G87/><T61/><D61/><U123/><E123/><V72/><F72/><W128/><G12/><N who="0" m="9607" /><D53/><U127/><E127/><V14/><F1/><W78/><G128/><T110/><D110/><U18/><E3/><V55/><F34/><W100/><G100/><T122/><D122/><U81/><E2/><V79/><F66/><W118/><G118/><T92/><D92/><U124/><E124/><V15/><F94/><W19/><G19/><T129/><D129/><U106/><E106/><V10/><F17/><W59/><G59/><T58/><D58/><N who="1" m="36951" /><E38/><V50/><F68/><W33/><G33/><T109/><D109/><U99/><E81/><V74/><F74/><W101/><G101/><T43/><D43/><N who="1" m="24703" /><E99/><V37/><F37/><W108/><G108/><T83/><D83/><U41/><E41/><V126/><F126/><W46/><AGARI ba="0,0" hai="4,7,42,46,51,57,63,67,78,82,86" m="43050" machi="46" ten="30,1100,0" yaku="15,1" doraHai="90" who="3" fromWho="3" sc="205,-5,350,-3,314,-3,131,11" /><INIT seed="5,0,0,1,0,92" ten="200,347,311,142" oya="1" hai0="46,43,56,57,19,79,111,130,120,107,9,76,96" hai1="135,115,86,40,33,44,85,13,70,83,125,98,109" hai2="50,132,52,71,10,62,88,80,1,12,28,59,16" hai3="64,60,24,2,101,15,82,127,29,4,37,72,75"/><U63/><E33/><V126/><F126/><W105/><G127/><T97/><D111/><U38/><E125/><V42/><F132/><W108/><G37/><T7/><D107/><U51/><E109/><V14/><F1/><W0/><G15/><T3/><D120/><U17/><E135/><V21/><F71/><N who="3" m="42375" /><G4/><T45/><D130/><U53/><E115/><V27/><F14/><W124/><G124/><T94/><D19/><U67/><E98/><V114/><F114/><W91/><G91/><T58/><D46/><U116/><E83/><V89/><F80/><W36/><G36/><T99/><REACH who="0" step="1"/><D94/><REACH who="0" ten="190,347,311,142" step="2"/><U39/><E116/><V110/><F110/><W129/><G108/><T22/><D22/><U121/><E121/><V74/><F74/><N who="3" m="28203" /><G129/><T41/><D41/><U30/><E40/><V131/><F131/><W117/><G117/><T81/><D81/><U6/><E44/><AGARI ba="0,1" hai="10,12,16,21,27,28,42,44,50,52,59,62,88,89" machi="44" ten="40,8000,1" yaku="8,1,54,3" doraHai="92" who="2" fromWho="1" sc="190,0,347,-80,311,90,142,0" /><INIT seed="6,0,0,5,3,131" ten="190,267,401,142" oya="2" hai0="11,108,78,18,12,32,39,43,57,112,5,46,85" hai1="92,30,60,72,1,111,31,129,6,127,59,115,84" hai2="64,55,26,24,89,97,135,42,98,88,118,95,66" hai3="0,52,132,23,40,17,35,91,58,63,53,14,29"/><V62/><F135/><W68/><G0/><T124/><D108/><U83/><E72/><V130/><F130/><W86/><G68/><T33/><D124/><U119/><E119/><V114/><F114/><W103/><G40/><T61/><D112/><U123/><E127/><V56/><F42/><W34/><G103/><T87/><D5/><U120/><E115/><V54/><F118/><W74/><G74/><T80/><REACH who="0" step="1"/><D87/><REACH who="0" ten="180,267,401,142" step="2"/><U44/><E84/><V50/><F98/><W81/><G132/><T19/><D19/><U25/><E6/><V13/><F13/><W10/><G29/><T99/><D99/><U41/><E31/><V22/><F24/><W113/><G113/><T45/><D45/><U47/><E30/><V93/><F97/><W7/><G53/><AGARI ba="0,1" hai="11,12,18,32,33,39,43,46,53,57,61,78,80,85" machi="53" ten="30,2000,0" yaku="1,1,7,1,53,0" doraHai="131" doraHaiUra="101" who="0" fromWho="3" sc="180,30,267,0,401,0,142,-20" /><INIT seed="7,0,0,2,5,80" ten="210,267,401,122" oya="3" hai0="90,62,107,58,130,124,60,101,19,113,4,74,27" hai1="56,24,13,122,87,127,109,57,95,72,97,42,86" hai2="106,65,123,37,34,48,49,2,32,108,43,61,18" hai3="7,28,91,71,110,78,105,17,96,103,46,76,111"/><W22/><G71/><T50/><D74/><U67/><E72/><V73/><F73/><W39/><G28/><T68/><D4/><U44/><E109/><N who="3" m="41482" /><G7/><T35/><D130/><U79/><E122/><V53/><F2/><W3/><G3/><T133/><D133/><U6/><E127/><V45/><F106/><W114/><G114/><T131/><D124/><U99/><E24/><V116/><F116/><W69/><G69/><T112/><D131/><U36/><E79/><V77/><F123/><W98/><G39/><T115/><D50/><U88/><E97/><V40/><F40/><W33/><G33/><T125/><D125/><U23/><E57/><V81/><F108/><W82/><G46/><T120/><D120/><U100/><E100/><V92/><F18/><W5/><G5/><T121/><D121/><U129/><E129/><V85/><F49/><W128/><G128/><T132/><D132/><U11/><E23/><V64/><F64/><W52/><G52/><T1/><D1/><U41/><E41/><V104/><F53/><W55/><G55/><T83/><D68/><U134/><E134/><V21/><F65/><W102/><G82/><T10/><D58/><U59/><E59/><V8/><F81/><W0/><G91/><T29/><D10/><U26/><E11/><V31/><F45/><W47/><G47/><T119/><D19/><U93/><E44/><V84/><F34/><W94/><G0/><T126/><D126/><U70/><E70/><V75/><F32/><W30/><G30/><T54/><D119/><U16/><E6/><V63/><F31/><RYUUKYOKU ba="0,0" sc="210,-10,267,-10,401,-10,122,30" hai3="17,22,76,78,94,96,98,102,103,105" /><INIT seed="7,1,0,3,4,117" ten="200,257,391,152" oya="3" hai0="59,57,81,71,37,63,109,34,22,38,94,67,130" hai1="101,133,54,20,14,98,49,77,127,124,19,50,5" hai2="123,27,36,7,11,91,73,134,69,90,26,41,56" hai3="1,107,115,6,132,97,15,39,122,128,64,40,105"/><W96/><G132/><T70/><D34/><U30/><E133/><V45/><F69/><N who="0" m="26122" /><D94/><N who="1" m="58583" /><E77/><V47/><F47/><W87/><G128/><T72/><D81/><U120/><E120/><V2/><F123/><W80/><G122/><T131/><D22/><U12/><E30/><V88/><F134/><W103/><G115/><T25/><D25/><U51/><E5/><V17/><F17/><W79/><G64/><N who="0" m="39023" /><D72/><U28/><E28/><V76/><F56/><W3/><G39/><N who="0" m="14859" /><D109/><U108/><E108/><V129/><F129/><W99/><G3/><T121/><D121/><U43/><E14/><V112/><F112/><W100/><G1/><T29/><D29/><U83/><E83/><AGARI ba="1,0" hai="2,7,11,26,27,36,41,45,73,76,83,88,90,91" machi="83" ten="40,5200,0" yaku="25,2,54,1" doraHai="117" who="2" fromWho="1" sc="200,0,257,-55,391,55,152,0" owari="200,-20.0,202,0.0,446,55.0,152,-35.0" /></mjloggm>