<mjloggm ver="2.3"><GO type="169" lobby="0"/><UN n0="%43%52%41%5A%59%42%45%45" n1="%63%67%66%35%34%38%35%38" n2="%E3%82%A6%E3%83%AB%E3%83%88%E3%83%A9%E7%AB%8B%E7%9B%B4" n3="%E6%9E%9D%E8%B1%86%E3%82%AB%E3%83%AC%E3%83%BC%E7%94%98%E5%8F%A3" dan="17,17,18,16" rate="2112.28,2165.54,2171.74,2088.29" sx="M,M,M,F"/><TAIKYOKU oya="0"/><INIT seed="0,0,0,4,0,4" ten="250,250,250,250" oya="0" hai0="55,0,76,35,25,96,23,31,103,11,84,123,111" hai1="90,135,61,49,127,5,40,1,109,54,45,66,22" hai2="115,99,7,75,26,28,64,33,18,16,52,72,42" hai3="56,67,120,98,65,2,132,93,105,30,125,27,104"/><T85/><D123/><U47/><E127/><V107/><F115/><W94/><G120/><T36/><D36/><U6/><E135/><V91/><F42/><W60/><G2/><T32/><D111/><U100/><E109/><V102/><F7/><W12/><G132/><T116/><D116/><U9/><E6/><V43/><F43/><W131/><G94/><T53/><D35/><U83/><E100/><V63/><F91/><W19/><G125/><T50/><D32/><U70/><E22/><V119/><F119/><W112/><G112/><T122/><D122/><U77/><E90/><V57/><REACH who="2" step="1"/><F64/><REACH who="2" ten="250,250,240,250" step="2"/><W78/><G67/><T34/><D55/><U113/><E113/><V114/><F114/><W124/><G124/><T80/><D53/><U130/><E130/><V121/><F121/><W126/><G131/><T82/><D0/><U71/><E70/><V59/><F59/><W14/><G126/><T51/><D103/><U20/><E40/><V41/><F41/><W48/><G56/><T58/><D58/><U89/><E89/><V21/><F21/><W10/><G65/><T17/><D34/><U87/><E20/><V39/><F39/><W133/><G133/><T69/><D69/><U38/><E38/><V62/><F62/><W46/><G60/><T13/><D96/><U73/><E47/><V44/><F44/><W24/><G98/><T92/><D92/><U97/><E97/><V74/><AGARI ba="0,1" hai="16,18,26,28,33,52,57,63,72,74,75,99,102,107" machi="74" ten="30,8000,1" yaku="1,1,0,1,54,2,53,1" doraHai="4" doraHaiUra="29" who="2" fromWho="2" sc="250,-40,250,-20,240,90,250,-20" /><INIT seed="1,0,0,5,5,114" ten="210,230,330,230" oya="1" hai0="8,46,2,70,29,111,75,88,72,116,58,34,134" hai1="128,21,102,50,107,20,44,124,40,54,133,15,110" hai2="42,112,60,113,106,80,14,89,36,61,99,78,4" hai3="19,73,98,127,25,67,52,96,22,7,43,64,65"/><U59/><E124/><V17/><F4/><W92/><G127/><T5/><D70/><U33/><E33/><V11/><F42/><W125/><G125/><T9/><D116/><U104/><E128/><V97/><F36/><W90/><G73/><T83/><D111/><U129/><E129/><V56/><F89/><W51/><G7/><T35/><D134/><U47/><E110/><V123/><F123/><W37/><G37/><T82/><D46/><U101/><E133/><V63/><F56/><W12/><G43/><T94/><D58/><U131/><E131/><V87/><REACH who="2" step="1"/><F106/><REACH who="2" ten="210,230,320,230" step="2"/><W32/><G32/><T62/><D5/><U91/><E107/><V100/><F100/><W132/><G132/><T108/><D108/><U66/><E104/><V39/><F39/><W48/><G48/><T95/><D88/><U76/><E102/><V23/><F23/><W109/><G109/><T0/><D62/><U38/><E101/><V3/><F3/><W41/><G41/><T30/><AGARI ba="0,1" hai="0,2,8,9,29,30,34,35,72,75,82,83,94,95" machi="30" ten="25,3200,0" yaku="0,1,22,2" doraHai="114" who="0" fromWho="0" sc="210,42,230,-16,320,-8,230,-8" /><INIT seed="2,0,0,5,0,59" ten="252,214,312,222" oya="2" hai0="65,115,20,57,81,1,14,127,4,70,9,83,79" hai1="110,54,109,7,131,128,64,130,80,33,63,104,135" hai2="48,72,30,11,103,67,100,6,31,113,126,49,16" hai3="77,97,28,60,44,71,17,53,39,134,129,38,19"/><V98/><F72/><W108/><G77/><T118/><D115/><U120/><E104/><V46/><F113/><W50/><G108/><N who="1" m="41578" /><E33/><V37/><F37/><W85/><G134/><T23/><D70/><N who="1" m="42271" /><E7/><V112/><F112/><W55/><G85/><T26/><D127/><U5/><E5/><V102/><F126/><W121/><G121/><T58/><D118/><U94/><E94/><V99/><F67/><W78/><G78/><T0/><D0/><U32/><E32/><V40/><F49/><W124/><G124/><T96/><D96/><N who="2" m="36906" /><F6/><W8/><G97/><T10/><D65/><U86/><E54/><V61/><F30/><W76/><G28/><T117/><D4/><U18/><E18/><V27/><F31/><W95/><G95/><T52/><D1/><U106/><E106/><V133/><F133/><W62/><G19/><T3/><D3/><U29/><E29/><V125/><F125/><W89/><G17/><T116/><D52/><U119/><E119/><V68/><F102/><W82/><G55/><T34/><D34/><U92/><E92/><V66/><F103/><W47/><G53/><T43/><D116/><U42/><E42/><V90/><F100/><W12/><G82/><T56/><D117/><U105/><E105/><V41/><F41/><W123/><G8/><N who="0" m="3179" /><D43/><U75/><E75/><V45/><F11/><W107/><G107/><T24/><D83/><U122/><E135/><V35/><F35/><W51/><G12/><T84/><D14/><U93/><E93/><V13/><F13/><W15/><G15/><T114/><D114/><U101/><E101/><RYUUKYOKU ba="0,0" sc="252,15,214,15,312,-15,222,-15" hai0="20,23,24,26,56,57,58,79,81,84" hai1="80,86,120,122,128,130,131" /><INIT seed="3,1,0,4,3,48" ten="267,229,297,207" oya="3" hai0="61,101,5,21,56,39,130,79,41,135,68,74,55" hai1="119,91,78,129,113,4,38,49,80,64,105,83,23" hai2="58,114,70,100,75,132,22,18,66,59,111,96,24" hai3="52,69,15,11,109,102,37,87,128,98,93,53,28"/><W76/><G69/><T120/><D120/><U36/><E113/><V54/><F75/><W85/><G37/><T50/><D135/><U103/><E129/><V16/><F114/><W90/><G128/><T47/><D130/><U6/><E119/><V51/><F132/><W65/><G65/><N who="0" m="41007" /><D101/><U8/><E6/><V26/><F111/><W19/><G109/><T95/><D95/><U123/><E123/><V116/><F116/><W131/><G131/><T92/><D92/><U9/><E9/><V20/><F70/><W86/><G76/><T97/><D97/><U1/><E103/><V42/><F42/><W45/><G45/><T115/><D115/><U57/><E105/><V133/><F133/><W33/><REACH who="3" step="1"/><G102/><REACH who="3" ten="267,229,297,197" step="2"/><T110/><D110/><U77/><E36/><V0/><F66/><W40/><G40/><T108/><D108/><U117/><E38/><V127/><F127/><W106/><G106/><T30/><D79/><U118/><E64/><V107/><F0/><W134/><G134/><T104/><D104/><U88/><E78/><V3/><F3/><W27/><AGARI ba="1,1" hai="11,15,19,27,28,33,52,53,85,86,87,90,93,98" machi="27" ten="30,18000,2" yaku="1,1,0,1,52,2,54,1,53,1" doraHai="48" doraHaiUra="10" who="3" fromWho="3" sc="267,-61,229,-61,297,-61,197,193" /><INIT seed="3,2,0,4,0,101" ten="206,168,236,390" oya="3" hai0="93,135,27,49,17,115,69,55,134,132,20,84,68" hai1="126,106,11,64,51,32,36,133,92,105,25,24,122" hai2="16,63,22,72,118,62,7,47,96,109,33,102,91" hai3="103,34,117,74,119,48,88,26,42,57,8,3,75"/><W12/><G3/><T127/><D127/><U41/><E36/><V53/><F33/><W19/><G103/><T73/><D73/><U131/><E122/><V82/><F7/><W71/><G71/><T30/><D115/><U89/><E64/><V90/><F118/><W98/><G75/><T124/><D124/><U116/><E126/><V37/><F109/><W31/><G74/><T18/><D18/><U39/><E39/><V60/><F72/><W85/><G98/><T128/><D128/><U38/><E38/><V13/><F82/><W66/><G66/><T35/><D93/><U14/><E116/><V54/><F54/><W21/><G8/><T86/><D69/><U5/><E131/><V2/><F2/><W121/><G121/><T87/><D68/><U43/><E133/><V111/><F111/><W9/><G9/><T29/><REACH who="0" step="1"/><D35/><REACH who="0" ten="196,168,236,390" step="2"/><U0/><E32/><V81/><F81/><W10/><G10/><T70/><D70/><U79/><E92/><V56/><F16/><W23/><G34/><T130/><D130/><U45/><E0/><V110/><F22/><W76/><G119/><T108/><D108/><U112/><E112/><V94/><F110/><W44/><G117/><T83/><D83/><U99/><E5/><V123/><F123/><W59/><G76/><T28/><D28/><U50/><E11/><V77/><F77/><W113/><G113/><T58/><AGARI ba="2,1" hai="17,20,27,29,30,49,55,58,84,86,87,132,134,135" machi="58" ten="40,5200,0" yaku="1,1,0,1,20,1,53,0" doraHai="101" doraHaiUra="104" who="0" fromWho="0" sc="196,68,168,-15,236,-15,390,-28" /><INIT seed="4,0,0,5,0,117" ten="264,153,221,362" oya="0" hai0="57,46,69,3,15,124,113,0,8,5,111,71,43" hai1="116,120,14,16,23,28,88,96,108,133,39,37,7" hai2="82,17,118,72,4,24,40,121,77,87,1,85,89" hai3="70,60,19,50,93,27,64,22,84,127,48,59,92"/><T97/><D113/><U66/><E108/><V132/><F118/><W65/><G127/><T101/><D124/><U12/><E116/><V47/><F132/><W103/><G70/><T34/><D34/><U135/><E66/><V131/><F131/><W115/><G115/><T35/><D35/><U68/><E68/><V76/><F76/><W112/><G65/><T30/><D30/><U110/><E28/><V123/><F17/><W21/><G112/><T129/><D129/><U73/><E73/><V80/><F24/><W74/><G74/><T49/><D111/><U29/><E29/><V128/><F85/><W81/><G22/><T10/><D57/><U90/><E110/><V18/><F18/><W119/><G119/><T42/><D43/><U126/><E126/><V36/><REACH who="2" step="1"/><F128/><REACH who="2" ten="264,153,211,362" step="2"/><W61/><G19/><T125/><D125/><U102/><E120/><V26/><F26/><W56/><G27/><T54/><D10/><AGARI ba="0,1" hai="1,4,10,36,40,47,72,77,80,82,87,89,121,123" machi="10" ten="40,8000,1" yaku="1,1,25,2,52,2,53,0" doraHai="117" doraHaiUra="114" who="2" fromWho="0" sc="264,-80,153,0,211,90,362,0" /><INIT seed="5,0,0,3,4,38" ten="184,153,301,362" oya="1" hai0="14,85,5,76,90,83,2,93,110,94,129,95,78" hai1="42,114,103,16,99,75,15,68,112,20,79,10,118" hai2="96,81,126,55,57,26,84,113,122,37,119,40,24" hai3="120,69,3,86,133,45,91,125,89,7,72,21,80"/><U106/><E118/><V74/><F74/><W58/><G69/><T63/><D110/><U19/><E68/><V51/><F122/><W102/><G72/><T46/><D2/><U121/><E121/><V116/><F126/><W23/><G125/><T48/><D129/><U50/><E75/><V117/><F113/><N who="1" m="43625" /><E79/><N who="0" m="30249" /><D63/><U54/><E42/><V61/><F96/><W52/><G102/><T32/><D32/><U6/><E20/><V12/><F37/><W82/><G45/><AGARI ba="0,0" hai="6,10,15,16,19,45,50,54,99,103,106" m="43625" machi="45" ten="30,2900,0" yaku="15,1,54,1" doraHai="38" who="1" fromWho="3" sc="184,0,153,29,301,0,362,-29" /><INIT seed="5,1,0,1,1,62" ten="184,182,301,333" oya="1" hai0="24,85,47,83,52,55,119,14,66,35,112,118,132" hai1="22,0,106,88,8,134,19,37,104,28,6,84,67" hai2="58,113,109,36,41,69,114,120,27,63,103,1,57" hai3="70,44,130,50,64,117,45,11,115,81,25,80,108"/><U30/><E134/><V12/><F1/><W110/><G11/><T2/><D2/><U128/><E37/><V20/><F109/><W107/><G107/><T116/><D132/><U15/><E128/><V75/><F120/><W98/><G98/><T38/><D112/><N who="2" m="43114" /><F75/><W126/><G115/><T16/><D66/><U76/><E76/><V133/><F133/><W135/><G135/><T124/><D124/><U39/><E39/><V131/><F12/><W18/><G25/><T74/><D74/><U86/><E86/><V51/><F103/><W61/><G126/><T59/><D59/><U54/><E54/><V56/><F131/><W77/><G130/><T87/><D87/><U92/><REACH who="1" step="1"/><E67/><REACH who="1" ten="184,172,301,333" step="2"/><N who="2" m="41215" /><F36/><W123/><G77/><T97/><D38/><U48/><E48/><V100/><F51/><W73/><G73/><T121/><D116/><U32/><E32/><V68/><F41/><W102/><G117/><T33/><D118/><U79/><E79/><V111/><F111/><W72/><G72/><T9/><D119/><U89/><E89/><V105/><F100/><W23/><G102/><T42/><D42/><U127/><E127/><V4/><F68/><W65/><G70/><T101/><D101/><U29/><AGARI ba="1,1" hai="0,6,8,15,19,22,28,29,30,84,88,92,104,106" machi="29" ten="30,11700,0" yaku="1,1,0,1,54,1,53,1" doraHai="62" doraHaiUra="34" who="1" fromWho="1" sc="184,-40,172,130,301,-40,333,-40" /><INIT seed="5,2,0,0,0,127" ten="144,302,261,293" oya="1" hai0="67,128,66,114,85,57,83,48,26,9,98,131,104" hai1="52,46,35,43,14,23,53,95,33,71,58,122,87" hai2="82,132,28,5,129,63,110,77,60,117,108,76,47" hai3="25,51,113,55,116,84,45,32,74,126,27,92,44"/><U69/><E122/><V86/><F117/><W24/><G74/><T54/><D114/><U75/><E75/><V105/><F105/><W13/><G32/><T41/><D26/><U50/><E53/><V29/><F5/><W79/><G113/><T80/><D41/><U103/><E33/><V125/><F86/><W64/><G64/><T130/><D9/><U18/><E35/><V65/><F82/><N who="0" m="31274" /><D85/><U21/><E21/><V123/><F65/><W62/><G62/><T101/><AGARI ba="2,0" hai="48,54,57,66,67,98,101,104,128,130,131" m="31274" machi="101" ten="40,8000,1" yaku="19,1,52,3" doraHai="127" who="0" fromWho="0" sc="144,86,302,-42,261,-22,293,-22" /><INIT seed="6,0,0,4,3,115" ten="230,260,239,271" oya="2" hai0="92,19,85,130,100,13,103,60,26,31,77,2,101" hai1="128,22,106,124,21,18,117,57,76,79,23,83,118" hai2="42,54,71,94,49,132,14,73,15,36,1,34,16" hai3="52,29,5,10,110,89,104,113,99,135,47,123,46"/><V82/><F1/><W65/><G110/><T112/><D2/><U30/><E106/><V88/><F71/><W41/><G123/><T33/><D112/><U127/><E128/><V11/><F34/><W134/><G113/><T8/><D130/><U6/><E6/><V69/><F69/><W44/><G29/><T122/><D122/><U40/><E30/><V90/><F132/><N who="3" m="50731" /><G65/><T119/><D60/><U129/><E129/><V120/><F120/><W68/><G68/><T74/><D74/><U98/><E98/><N who="2" m="57671" /><F36/><N who="3" m="21543" /><G52/><T114/><D114/><U75/><E40/><V133/><F133/><W64/><G64/><T66/><D66/><U53/><E18/><V93/><F73/><W56/><G56/><T4/><D19/><U38/><E38/><V116/><F42/><W0/><G89/><T27/><D31/><U55/><E55/><V43/><F43/><W121/><G121/><T72/><D33/><U126/><REACH who="1" step="1"/><E79/><REACH who="1" ten="230,250,239,271" step="2"/><V28/><F28/><W95/><G104/><T45/><D77/><U108/><E108/><V91/><F54/><W80/><G5/><T67/><D4/><U96/><E96/><V111/><F16/><W61/><G99/><T39/><D39/><U86/><E86/><V59/><F111/><W3/><G3/><T20/><D85/><U81/><E81/><V50/><F82/><W125/><G80/><T25/><D72/><U9/><E9/><V63/><F11/><W12/><G0/><T87/><D8/><U107/><E107/><V105/><F105/><W7/><G10/><T62/><D87/><U84/><E84/><V48/><F93/><RYUUKYOKU ba="0,1" sc="230,-10,250,30,239,-10,271,-10" hai1="21,22,23,53,57,75,76,83,117,118,124,126,127" /><INIT seed="7,1,1,0,3,1" ten="220,280,229,261" oya="3" hai0="10,35,58,74,66,118,91,85,88,26,98,12,83" hai1="5,13,135,73,38,39,41,51,44,54,27,77,101" hai2="119,25,87,75,29,134,96,16,107,4,45,9,33" hai3="7,114,53,103,129,0,43,67,133,127,55,23,57"/><W90/><G133/><T21/><D35/><U105/><E135/><V117/><F75/><W94/><G129/><T130/><D118/><U79/><E39/><V78/><F45/><W112/><G127/><T120/><D120/><U63/><E73/><V62/><F87/><W80/><G43/><T115/><D74/><U81/><E105/><V104/><F78/><W2/><G80/><T30/><D130/><U84/><E101/><N who="2" m="62503" /><F16/><W126/><G126/><T22/><D22/><U71/><E27/><V46/><F134/><W102/><G67/><T47/><D115/><N who="3" m="44073" /><G23/><T111/><D111/><U125/><E125/><V92/><F117/><W82/><G82/><T20/><D20/><U89/><E38/><V60/><F119/><W17/><G17/><N who="0" m="8343" /><D47/><U42/><E42/><V8/><F46/><W116/><G116/><T128/><D128/><U113/><E113/><V24/><F33/><W86/><G53/><T18/><D18/><U69/><E69/><V124/><F124/><W49/><G0/><T99/><D91/><U15/><E71/><V121/><F121/><W6/><G2/><T132/><D132/><U61/><E15/><V3/><F3/><W14/><G14/><T106/><D106/><U109/><E109/><V37/><F107/><W72/><G72/><T11/><D11/><N who="1" m="4335" /><E41/><V76/><F9/><W36/><G36/><T131/><D131/><U19/><E19/><V108/><F37/><W100/><AGARI ba="1,1" hai="6,7,49,55,57,86,90,94,100,102,103" m="44073" machi="100" ten="30,6000,0" yaku="15,1,52,2" doraHai="1" who="3" fromWho="3" sc="220,-21,280,-21,229,-21,261,73" owari="199,-30.0,259,6.0,208,-19.0,334,43.0" /></mjloggm>