<mjloggm ver="2.3"><GO type="169" lobby="0"/><UN n0="%42%61%72%64%61%6E%74" n1="%41%79%6F%75%46" n2="%E5%B0%B1%E6%B4%BB%E7%94%9F%40%E5%B7%9D%E6%9D%91%E8%BB%8D%E5%9B%A3" n3="%E3%82%AE%E3%82%AC%E3%83%9E%E3%82%A4%E3%83%B3" dan="17,17,17,16" rate="2124.35,2156.99,2242.36,2161.54" sx="M,M,M,M"/><TAIKYOKU oya="0"/><INIT seed="0,0,0,0,5,46" ten="250,250,250,250" oya="0" hai0="83,114,72,29,16,126,94,128,115,51,86,2,96" hai1="35,25,64,104,33,93,40,36,89,120,8,55,47" hai2="54,41,124,79,3,70,49,81,27,105,0,68,48" hai3="56,95,39,15,77,66,12,9,76,99,109,24,74"/><T34/><D2/><U1/><E104/><V78/><F105/><W100/><G109/><T21/><D72/><U116/><E116/><V62/><F27/><W88/><G39/><T30/><D128/><U92/><E120/><V85/><F124/><W98/><G74/><T50/><D126/><U7/><E64/><V122/><F122/><W28/><G66/><T23/><D34/><U57/><E25/><V107/><F107/><W134/><G56/><T44/><D115/><U45/><E45/><V125/><F125/><W6/><G134/><T106/><D106/><U58/><E58/><V38/><F38/><W129/><G15/><N who="0" m="9375" /><D114/><U118/><E93/><V130/><F41/><W103/><G129/><T65/><D65/><U90/><E89/><V26/><F0/><W59/><G59/><T52/><D50/><N who="2" m="19562" /><F3/><W13/><G13/><T43/><D23/><U75/><E75/><V132/><F70/><W61/><G61/><T121/><D43/><U73/><E118/><V67/><F132/><W127/><G127/><T71/><D71/><U17/><E73/><V4/><F130/><W10/><G10/><T19/><D19/><U37/><E17/><V131/><F131/><W80/><G80/><T32/><D32/><U82/><E82/><V22/><F4/><W135/><G135/><T69/><D69/><U112/><E37/><V91/><F54/><W31/><G24/><T14/><D121/><U42/><E112/><V108/><F108/><W53/><G53/><T110/><D110/><U5/><E42/><V63/><F63/><W102/><G99/><T11/><D96/><RYUUKYOKU ba="0,0" sc="250,-15,250,-15,250,15,250,15" hai2="22,26,62,67,68,78,79,81,85,91" hai3="6,9,12,28,31,76,77,88,95,98,100,102,103" /><INIT seed="1,1,0,4,3,57" ten="235,235,265,265" oya="1" hai0="51,50,89,52,108,99,79,130,83,81,25,94,82" hai1="45,18,78,106,134,109,13,49,14,115,69,103,61" hai2="67,126,5,118,87,6,121,111,7,112,1,113,35" hai3="47,123,86,91,102,96,107,128,28,36,19,44,124"/><U76/><E115/><N who="2" m="44107" /><F118/><W133/><G123/><T77/><D108/><U70/><E134/><V20/><F121/><W30/><G133/><T39/><D39/><U23/><E109/><V22/><F67/><W29/><G128/><T71/><D71/><U131/><E131/><V9/><F111/><W21/><G124/><T54/><D130/><U127/><E127/><V0/><F87/><W132/><G36/><T116/><D25/><U74/><E70/><V119/><F119/><W125/><G132/><T75/><D116/><U24/><E106/><V101/><F101/><W8/><G8/><T31/><D31/><U80/><E103/><V85/><F85/><W37/><G37/><T92/><D92/><U38/><E78/><N who="0" m="29705" /><D75/><U105/><E105/><V98/><F98/><W3/><G3/><N who="2" m="1097" /><F126/><W56/><G125/><T104/><D104/><U117/><E38/><V15/><F35/><W26/><REACH who="3" step="1"/><G56/><REACH who="3" ten="235,235,265,255" step="2"/><N who="0" m="32791" /><D81/><AGARI ba="1,1" hai="19,21,26,28,29,30,44,47,81,86,91,96,102,107" machi="81" ten="40,5200,0" yaku="1,1,53,2" doraHai="57" doraHaiUra="40" who="3" fromWho="0" sc="235,-55,235,0,265,0,255,65" /><INIT seed="2,0,0,1,1,129" ten="180,235,265,320" oya="2" hai0="73,46,29,94,30,119,65,2,41,96,74,9,22" hai1="126,109,45,57,55,90,102,11,105,131,89,82,99" hai2="78,100,81,120,133,14,62,88,95,111,52,132,31" hai3="61,4,20,116,3,127,23,72,38,49,12,114,112"/><V7/><F120/><W76/><G116/><T93/><D119/><U71/><E71/><V123/><F123/><W36/><G127/><T24/><D65/><U60/><E131/><V117/><F117/><W0/><G49/><T18/><D94/><U56/><E126/><V37/><F37/><N who="3" m="14443" /><G61/><T135/><D135/><N who="2" m="51786" /><F111/><W68/><G68/><T15/><D30/><U40/><E109/><V75/><F31/><W28/><G12/><T107/><D107/><U39/><E11/><N who="2" m="4479" /><F100/><W108/><G108/><T67/><D67/><U5/><E5/><V86/><F52/><W47/><G4/><T85/><D2/><U83/><E90/><V69/><F69/><W17/><G3/><T33/><D29/><U79/><E89/><V130/><F130/><W124/><G0/><T43/><D43/><U35/><E35/><V80/><F62/><W84/><G28/><T48/><D33/><U122/><E122/><V13/><F13/><W104/><G124/><T97/><D15/><U50/><E79/><V70/><F70/><W53/><G76/><T91/><D9/><U113/><E113/><V16/><F81/><W115/><G53/><AGARI ba="0,0" hai="39,40,45,50,53,55,56,57,60,82,83,99,102,105" machi="53" ten="30,1000,0" yaku="7,1" doraHai="129" who="1" fromWho="3" sc="180,0,235,10,265,0,320,-10" /><INIT seed="3,0,0,5,5,40" ten="180,245,265,310" oya="3" hai0="63,130,58,33,80,89,75,42,94,28,97,43,26" hai1="107,119,106,21,92,23,91,36,6,134,30,38,61" hai2="35,34,85,122,102,104,54,72,55,64,120,116,7" hai3="62,48,47,81,44,13,127,132,82,31,57,53,20"/><W115/><G115/><T87/><D75/><U83/><E83/><N who="3" m="31754" /><G132/><T0/><D0/><U3/><E134/><V66/><F72/><W17/><G127/><T125/><D130/><U101/><E101/><V114/><F114/><W8/><G62/><T90/><REACH who="0" step="1"/><D125/><REACH who="0" ten="170,245,265,310" step="2"/><U73/><E73/><V39/><F120/><W5/><G31/><T69/><D69/><U78/><E3/><V74/><F122/><W96/><G96/><T109/><D109/><U25/><E30/><V60/><F74/><W18/><G5/><T51/><D51/><U126/><E6/><V88/><F7/><W112/><G112/><T22/><D22/><U84/><E23/><V118/><F34/><W1/><G1/><T124/><D124/><U133/><E126/><V9/><F35/><W117/><G117/><T16/><D16/><U65/><E133/><V129/><F116/><W2/><G2/><T29/><D29/><U111/><E111/><V71/><F118/><W67/><G67/><AGARI ba="0,1" hai="26,28,33,42,43,58,63,67,80,87,89,90,94,97" machi="67" ten="30,2000,0" yaku="1,1,7,1,53,0" doraHai="40" doraHaiUra="113" who="0" fromWho="3" sc="170,30,245,0,265,0,310,-20" /><INIT seed="4,0,0,0,0,99" ten="200,245,265,290" oya="0" hai0="37,4,50,57,0,58,88,70,71,54,124,51,109" hai1="115,65,63,5,17,55,101,67,16,40,68,21,31" hai2="84,85,34,35,116,2,127,86,38,93,119,48,125" hai3="12,27,25,129,9,76,77,23,97,44,83,1,73"/><T95/><D37/><U7/><E31/><V94/><F48/><W47/><G129/><T28/><D124/><N who="2" m="47690" /><F2/><W104/><G77/><T8/><D28/><U82/><E40/><V10/><F10/><W24/><G23/><T107/><D107/><U75/><E67/><V20/><F20/><W36/><G1/><T3/><D3/><U133/><E133/><V52/><F52/><W32/><G32/><N who="2" m="12329" /><F38/><W22/><G22/><T18/><D18/><U39/><E39/><V100/><F100/><W45/><G36/><T122/><D122/><U121/><E121/><V41/><F41/><W26/><N who="3" m="6144" /><DORA hai="90" /><W110/><G110/><T64/><D109/><U92/><E55/><V30/><F30/><W113/><G113/><T59/><D51/><U29/><E29/><V81/><F81/><W19/><REACH who="3" step="1"/><G47/><REACH who="3" ten="200,245,265,280" step="2"/><T131/><D131/><U106/><E115/><V61/><F61/><W6/><G6/><T96/><REACH who="0" step="1"/><D64/><REACH who="0" ten="190,245,265,280" step="2"/><U134/><E65/><V46/><F46/><AGARI ba="0,2" hai="0,4,8,46,50,54,57,58,59,70,71,88,95,96" machi="46" ten="40,12000,1" yaku="1,1,2,1,52,1,54,1,53,1" doraHai="99,90" doraHaiUra="132,91" who="0" fromWho="2" sc="190,140,245,0,265,-120,280,0" /><INIT seed="4,1,0,3,5,106" ten="330,245,145,280" oya="0" hai0="115,10,40,52,51,65,93,85,46,118,127,29,44" hai1="122,103,13,120,53,27,114,71,31,61,78,57,17" hai2="87,66,36,126,123,1,33,26,12,72,25,14,132" hai3="75,94,22,15,39,24,80,112,56,76,131,9,2"/><T130/><D118/><U38/><E38/><V104/><F123/><W41/><G112/><T21/><D130/><U7/><E7/><V110/><F104/><W92/><G131/><T4/><D127/><U49/><E103/><V86/><F36/><W134/><G56/><T101/><D115/><U32/><E114/><V109/><F1/><W113/><G134/><T18/><D65/><U64/><REACH who="1" step="1"/><E78/><REACH who="1" ten="330,235,145,280" step="2"/><V50/><F126/><W88/><G113/><T107/><D101/><U54/><E54/><V89/><F132/><W124/><G124/><T34/><D52/><U20/><AGARI ba="1,1" hai="13,17,20,27,31,32,49,53,57,61,64,71,120,122" machi="20" ten="20,5200,0" yaku="1,1,0,1,7,1,53,1" doraHai="106" doraHaiUra="28" who="1" fromWho="1" sc="330,-27,235,65,145,-14,280,-14" /><INIT seed="5,0,0,5,3,71" ten="303,300,131,266" oya="1" hai0="38,53,104,130,115,66,112,85,69,15,59,88,35" hai1="37,93,118,96,19,134,17,79,46,90,12,100,123" hai2="8,21,82,116,2,39,101,126,29,105,63,131,0" hai3="23,61,110,52,97,48,47,43,36,72,106,31,6"/><U51/><E118/><V18/><F116/><W4/><G110/><T1/><D1/><U65/><E123/><V5/><F126/><W84/><G72/><T28/><D104/><U107/><E134/><V70/><F131/><W86/><G106/><T25/><D130/><U99/><E65/><V45/><F29/><W67/><G97/><T41/><D15/><U81/><E12/><V103/><F2/><W127/><G127/><T64/><D69/><U57/><E57/><V76/><F105/><W62/><G62/><N who="0" m="36207" /><D38/><U22/><E22/><V30/><F30/><W111/><G111/><T26/><D41/><U117/><E117/><V78/><F78/><W58/><G86/><T10/><D10/><U49/><E51/><V121/><F121/><W120/><G84/><T16/><D16/><U80/><E37/><V55/><F70/><N who="3" m="42351" /><G120/><T133/><D25/><AGARI ba="0,0" hai="4,6,23,25,31,36,43,47,48,52,58" m="42351" machi="25" ten="30,3900,0" yaku="24,1,52,1,54,1" doraHai="71" who="3" fromWho="0" sc="303,-39,300,0,131,0,266,39" /><INIT seed="6,0,0,0,2,40" ten="264,300,131,305" oya="2" hai0="126,135,118,134,100,6,25,51,130,97,75,87,13" hai1="4,102,103,20,63,61,70,49,121,132,108,83,21" hai2="48,5,66,58,59,37,69,38,3,78,39,81,2" hai3="28,32,53,127,129,114,47,29,89,14,35,119,36"/><V62/><F5/><W124/><G119/><T79/><D75/><U93/><E108/><V80/><F48/><N who="3" m="28831" /><G36/><T82/><D118/><U41/><E132/><N who="0" m="50729" /><D126/><N who="3" m="48169" /><G129/><T95/><D130/><U8/><E121/><V86/><REACH who="2" step="1"/><F80/><REACH who="2" ten="264,300,121,305" step="2"/><W26/><G114/><T104/><D51/><U84/><E83/><V50/><F50/><W12/><G89/><T7/><D7/><U24/><E49/><V71/><F71/><W34/><G29/><T92/><D25/><U125/><E24/><V99/><F99/><W133/><G133/><T74/><D74/><U54/><E70/><V76/><F76/><W94/><G26/><T85/><D85/><U42/><E84/><V88/><F88/><W65/><G28/><T64/><D87/><U46/><E125/><V44/><F44/><W110/><G110/><T122/><D82/><U120/><E46/><V91/><F91/><W22/><G94/><T57/><D79/><U67/><E93/><V77/><F77/><W18/><G14/><T10/><D122/><U23/><E41/><V111/><F111/><W33/><N who="3" m="8192" /><DORA hai="15" /><W30/><G30/><T68/><D68/><U112/><E42/><V19/><F19/><W55/><G12/><T113/><D113/><U1/><E112/><V52/><F52/><W98/><G55/><T123/><D123/><U128/><E120/><V101/><F101/><W0/><G98/><T56/><D95/><U105/><E128/><V96/><F96/><W27/><G0/><AGARI ba="0,1" hai="0,2,3,37,38,39,58,59,62,66,69,78,81,86" machi="0" ten="50,4800,0" yaku="1,1,53,1" doraHai="40,15" doraHaiUra="73,115" who="2" fromWho="3" sc="264,0,300,0,121,58,305,-48" /><INIT seed="6,1,0,0,5,13" ten="264,300,179,257" oya="2" hai0="63,119,42,57,131,56,54,106,86,68,75,108,24" hai1="115,17,128,55,37,7,61,31,4,110,109,44,116" hai2="74,83,49,12,118,47,97,107,101,71,27,76,2" hai3="95,20,29,93,81,52,26,72,122,43,64,11,113"/><V38/><F118/><W0/><G122/><T117/><D75/><U99/><E116/><N who="0" m="44617" /><D108/><U67/><E31/><V127/><F127/><W34/><G64/><T82/><D106/><U59/><E115/><V104/><F2/><W114/><G43/><T65/><D131/><U3/><E128/><V92/><F71/><W51/><G34/><T77/><D42/><U105/><E3/><V111/><F38/><W129/><G129/><T36/><D36/><U73/><E73/><V41/><F111/><W124/><G124/><T8/><D8/><U80/><E80/><V19/><REACH who="2" step="1"/><F27/><REACH who="2" ten="264,300,169,257" step="2"/><W14/><G0/><T130/><D130/><U62/><E110/><V120/><F120/><W16/><G114/><T10/><D24/><U79/><E109/><V123/><F123/><W33/><G113/><T46/><D68/><U23/><E37/><V39/><F39/><W53/><G33/><T90/><D46/><U9/><E44/><V66/><F66/><W40/><G40/><T15/><D65/><U88/><E67/><V25/><F25/><W102/><G53/><T100/><D54/><U112/><E112/><V18/><F18/><W94/><G52/><T69/><D69/><U87/><E55/><V21/><AGARI ba="1,1" hai="12,19,21,41,47,49,74,76,83,92,97,101,104,107" machi="21" ten="20,7800,0" yaku="1,1,0,1,7,1,52,1,53,0" doraHai="13" doraHaiUra="60" who="2" fromWho="2" sc="264,-27,300,-27,169,91,257,-27" /><INIT seed="6,2,0,4,5,14" ten="237,273,260,230" oya="2" hai0="99,60,67,69,75,104,13,71,92,121,4,5,59" hai1="82,31,54,25,115,44,90,84,42,117,56,50,122" hai2="105,123,23,3,70,53,43,94,91,132,57,108,78" hai3="103,134,85,16,55,46,79,129,63,49,124,112,52"/><V33/><F105/><W114/><G124/><T41/><D121/><U119/><E115/><N who="3" m="44074" /><G134/><T6/><D104/><U97/><E122/><V135/><F70/><W118/><G129/><T61/><D75/><U102/><E97/><V18/><F33/><W2/><G118/><T125/><D125/><U113/><E102/><V32/><F32/><W15/><G2/><T131/><D131/><U133/><E133/><N who="2" m="51275" /><F3/><W20/><G103/><T77/><D77/><U7/><E7/><V9/><F78/><W68/><G68/><T8/><D41/><U110/><E110/><V27/><F108/><W62/><G55/><T48/><D48/><U58/><E58/><V38/><F9/><W109/><G109/><T26/><D26/><U101/><E101/><V96/><F123/><W47/><G47/><T37/><D37/><U73/><E73/><V30/><F43/><W21/><G21/><T126/><D126/><U24/><E24/><V65/><F38/><W87/><G87/><T22/><D22/><U76/><E113/><V29/><F65/><W35/><G35/><T28/><D71/><U95/><E25/><V72/><F72/><W34/><G34/><T19/><D28/><U1/><E31/><V93/><F93/><W127/><G127/><T88/><D69/><U11/><E1/><V111/><F111/><W36/><G36/><T107/><D107/><U80/><E11/><V45/><F45/><W12/><G12/><T83/><D83/><AGARI ba="2,0" hai="15,16,20,46,49,52,62,63,79,83,85" m="44074" machi="83" ten="30,8000,1" yaku="15,1,11,1,52,1,54,2" doraHai="14" who="3" fromWho="0" sc="237,-86,273,0,260,0,230,86" /><INIT seed="7,0,0,0,1,10" ten="151,273,260,316" oya="3" hai0="128,58,67,106,131,51,56,5,95,130,65,78,98" hai1="112,29,85,49,32,111,31,42,101,1,90,7,110" hai2="115,45,133,33,11,93,97,52,16,21,74,79,116" hai3="89,27,114,18,99,80,72,76,17,105,48,37,2"/><W108/><G37/><T41/><D106/><U66/><E101/><V102/><F33/><W6/><G114/><T121/><D121/><U107/><E107/><V3/><F116/><W134/><G134/><T75/><D5/><U83/><E66/><V53/><F115/><W22/><G108/><T26/><D78/><U104/><E104/><V35/><F35/><W88/><G2/><T118/><D118/><U12/><E1/><V86/><F74/><W127/><G6/><T59/><D75/><U23/><E32/><V135/><F3/><W73/><G127/><T94/><D26/><U39/><E39/><V14/><F45/><W103/><G73/><T129/><N who="0" m="32768" /><DORA hai="43" /><T24/><D24/><U84/><E112/><V64/><F64/><N who="0" m="24650" /><D98/><U96/><E96/><V19/><F133/><W81/><G81/><T109/><D109/><U57/><E85/><V113/><F113/><W9/><G48/><T54/><D41/><U47/><E111/><V125/><F125/><W8/><G8/><T4/><D4/><U62/><E110/><V36/><F135/><W63/><G63/><T69/><D69/><U87/><E87/><V44/><F86/><W25/><G9/><T77/><D77/><U124/><E7/><V50/><F79/><W30/><G18/><T68/><D68/><U34/><E124/><V100/><F19/><W38/><G38/><T55/><D51/><U70/><E70/><V28/><F36/><W15/><G27/><T126/><D126/><U20/><E83/><V0/><F0/><W82/><G82/><T120/><D120/><U40/><E49/><RYUUKYOKU ba="0,0" sc="151,15,273,-15,260,-15,316,15" hai0="54,55,56,58,59,94,95" hai3="15,17,22,25,30,72,76,80,88,89,99,103,105" owari="166,-33.0,258,6.0,245,-15.0,331,42.0" /></mjloggm>