<mjloggm ver="2.3"><GO type="169" lobby="0"/><UN n0="%68%6F%73%69%67%61%6D%69" n1="%E3%83%94%E3%82%AB%E5%90%BE%E9%83%8E" n2="%E3%82%A6%E3%83%AB%E3%83%88%E3%83%A9%E7%AB%8B%E7%9B%B4" n3="%3D%E5%9C%92%E5%9F%8E%E5%AF%BA%E6%80%9C%3D" dan="16,17,17,17" rate="2170.59,2185.26,2170.34,2177.91" sx="M,M,M,F"/><TAIKYOKU oya="0"/><INIT seed="0,0,0,0,3,16" ten="250,250,250,250" oya="0" hai0="97,70,134,54,128,96,26,126,37,61,112,81,31" hai1="82,17,68,74,58,64,133,132,71,75,113,1,77" hai2="94,88,6,24,2,69,46,12,36,43,106,22,32" hai3="110,125,129,15,99,102,47,130,56,86,100,7,78"/><T131/><D112/><U34/><E34/><V53/><F106/><W44/><G110/><T13/><D37/><U42/><E1/><V60/><F2/><W20/><G125/><T114/><D114/><U57/><E113/><V101/><F101/><W119/><G119/><T89/><D126/><U4/><E4/><V118/><F118/><W0/><G0/><T117/><D117/><U109/><E42/><V122/><F122/><W14/><G56/><T63/><D134/><N who="1" m="51819" /><E75/><V90/><F32/><W124/><G124/><T92/><D13/><U108/><E58/><V123/><F123/><W35/><G35/><T10/><D10/><U23/><E57/><V84/><F53/><W105/><G7/><T40/><D40/><U116/><E116/><V72/><F72/><W115/><G115/><T28/><D54/><U95/><E95/><V45/><F45/><W87/><G105/><T83/><D92/><U33/><E33/><V93/><F6/><W38/><G38/><T27/><REACH who="0" step="1"/><D89/><REACH who="0" ten="240,250,250,250" step="2"/><U67/><E67/><V85/><F12/><W21/><G78/><T25/><D25/><N who="1" m="14575" /><E64/><V66/><F24/><W55/><G55/><T29/><D29/><U50/><E50/><V41/><F41/><W104/><G104/><T3/><D3/><U79/><E77/><V5/><F5/><W11/><G11/><T9/><D9/><U103/><E103/><V98/><F98/><AGARI ba="0,1" hai="14,15,20,21,44,47,86,87,98,99,100,102,129,130" machi="98" ten="25,6400,0" yaku="22,2,52,2" doraHai="16" who="3" fromWho="2" sc="240,0,250,0,250,-64,250,74" /><INIT seed="1,0,0,4,3,82" ten="240,250,186,324" oya="1" hai0="0,27,58,86,16,120,96,93,38,134,95,131,77" hai1="40,52,122,100,89,85,119,8,9,31,128,42,49" hai2="125,59,64,25,44,78,1,84,71,50,48,76,46" hai3="117,81,2,12,22,75,34,130,87,102,129,6,91"/><U61/><E122/><V19/><F1/><W74/><G34/><T121/><D0/><U23/><E100/><V56/><F125/><W72/><G2/><T41/><D131/><N who="3" m="50185" /><G117/><T37/><D134/><U60/><E119/><V118/><F118/><W108/><G108/><T55/><D41/><N who="1" m="15979" /><E128/><V101/><F101/><W109/><G109/><T68/><D68/><U105/><E105/><V90/><F71/><W28/><G102/><T123/><D96/><U133/><E133/><V88/><F19/><N who="3" m="10599" /><G28/><T98/><D98/><U97/><E97/><V113/><F25/><W20/><G20/><N who="0" m="13703" /><D95/><N who="1" m="54703" /><E23/><V67/><REACH who="2" step="1"/><F84/><REACH who="2" ten="240,250,176,324" step="2"/><W135/><G135/><T116/><D116/><U126/><E126/><V63/><F63/><N who="1" m="24137" /><E31/><V51/><F51/><W83/><G74/><T66/><D123/><U7/><E7/><V17/><F17/><W35/><G6/><T33/><D121/><U54/><E49/><V114/><AGARI ba="0,1" hai="44,46,48,50,56,59,64,67,76,78,88,90,113,114" machi="114" ten="25,8000,1" yaku="1,1,0,1,22,2,54,1,53,0" doraHai="82" doraHaiUra="11" who="2" fromWho="2" sc="240,-20,250,-40,176,90,324,-20" /><INIT seed="2,0,0,1,4,104" ten="220,210,266,304" oya="2" hai0="21,1,9,33,116,65,88,2,26,3,99,122,59" hai1="108,15,24,77,35,72,121,7,60,69,40,29,71" hai2="95,82,42,70,58,75,49,18,5,46,43,106,37" hai3="86,64,28,22,84,20,100,13,79,62,83,93,17"/><V63/><F106/><W57/><G28/><T78/><D122/><U47/><E121/><V80/><F5/><W31/><G31/><T54/><D33/><U48/><E108/><V124/><F124/><W16/><G100/><T135/><D135/><U61/><E61/><V30/><F30/><W25/><REACH who="3" step="1"/><G93/><REACH who="3" ten="220,210,266,294" step="2"/><T130/><D116/><U8/><E29/><V92/><F95/><W123/><G123/><T90/><D130/><U50/><E35/><V126/><F92/><W107/><G107/><T115/><D115/><U67/><E69/><V96/><F70/><W12/><G12/><T39/><D1/><U113/><E113/><V102/><F102/><W125/><G125/><T66/><D2/><U118/><E118/><V52/><F126/><W87/><AGARI ba="0,1" hai="13,16,17,20,22,25,57,62,64,79,83,84,86,87" machi="87" ten="20,8000,1" yaku="1,1,0,1,7,1,8,1,54,1,53,0" doraHai="104" doraHaiUra="38" who="3" fromWho="3" sc="220,-20,210,-20,266,-40,294,90" /><INIT seed="3,0,0,2,2,35" ten="200,190,226,384" oya="3" hai0="93,28,92,32,104,119,70,33,133,87,127,99,49" hai1="29,47,68,21,58,76,84,74,85,43,117,89,100" hai2="121,135,106,98,103,65,1,112,73,67,23,46,75" hai3="107,14,11,71,39,0,36,57,69,60,116,7,108"/><W113/><G107/><T62/><D119/><U130/><E68/><V90/><F112/><W95/><G113/><T2/><D133/><U81/><E130/><V97/><F23/><W26/><G116/><T42/><D127/><U40/><E117/><V115/><F46/><W63/><G26/><T77/><D2/><U131/><E131/><V64/><F115/><W102/><G14/><T128/><D128/><U3/><E74/><V82/><F135/><W38/><G108/><T4/><D4/><U41/><E100/><V44/><F44/><W34/><G34/><T15/><D15/><U122/><E122/><V126/><F126/><W61/><REACH who="3" step="1"/><G57/><REACH who="3" ten="200,190,226,374" step="2"/><T50/><D33/><U109/><E58/><V17/><F106/><W80/><G80/><T51/><D32/><U134/><E134/><V72/><F82/><W52/><G52/><T45/><D104/><U125/><E109/><V101/><F121/><W54/><G54/><T94/><D70/><U5/><E125/><V22/><F67/><W59/><G59/><T111/><D111/><U16/><E47/><V96/><F65/><W53/><G53/><T110/><D45/><U91/><E43/><V10/><F64/><W83/><G83/><T31/><D42/><U132/><E132/><V9/><F90/><W79/><G79/><T20/><D77/><U124/><E76/><V120/><F120/><W30/><G30/><T129/><D31/><U24/><E29/><V37/><F37/><W114/><G114/><T78/><D28/><U27/><E124/><V8/><F1/><W66/><G66/><T48/><D110/><RYUUKYOKU ba="0,1" sc="200,-15,190,-15,226,15,374,15" hai2="8,9,10,17,22,72,73,75,96,97,98,101,103" hai3="0,7,11,36,38,39,60,61,63,69,71,95,102" /><INIT seed="3,1,1,5,0,120" ten="185,175,241,389" oya="3" hai0="122,15,38,2,4,82,53,54,65,9,74,55,24" hai1="115,71,57,46,80,81,36,128,21,16,129,48,66" hai2="45,89,31,132,135,73,1,19,34,3,87,94,6" hai3="50,79,86,5,10,88,75,117,110,84,60,83,17"/><W12/><G117/><T26/><D122/><U62/><E115/><V116/><F116/><W121/><G121/><T0/><D65/><U27/><E36/><V90/><F73/><W131/><G131/><N who="1" m="50250" /><E71/><V23/><F45/><W33/><G33/><T63/><D63/><U7/><E7/><V106/><F106/><W101/><G101/><T44/><D15/><U92/><E92/><V133/><F6/><W85/><G60/><T25/><D0/><U51/><E51/><V126/><F126/><W104/><G104/><T72/><D72/><U14/><E14/><N who="2" m="9719" /><F90/><W102/><G102/><T29/><D29/><U47/><E47/><V22/><F34/><W35/><G35/><T95/><D95/><U52/><AGARI ba="1,1" hai="16,21,27,46,48,52,57,62,66,80,81" m="50250" machi="52" ten="30,4000,0" yaku="19,1,54,2" doraHai="120" who="1" fromWho="1" sc="185,-11,175,53,241,-11,389,-21" /><INIT seed="4,0,0,3,5,23" ten="174,228,230,368" oya="0" hai0="130,59,104,122,5,64,46,115,91,68,16,49,100" hai1="71,111,125,51,44,27,26,48,69,41,13,45,24" hai2="99,121,97,70,118,103,98,65,92,55,62,76,63" hai3="112,88,21,7,2,31,102,90,29,11,58,12,33"/><T95/><D122/><U117/><E111/><V73/><F121/><W14/><G102/><T80/><D68/><U85/><E117/><V60/><F118/><W116/><G33/><T10/><D115/><U9/><E85/><V67/><F73/><W20/><G116/><T128/><D80/><U89/><E89/><V134/><F76/><W19/><G58/><T25/><D100/><U4/><REACH who="1" step="1"/><E125/><REACH who="1" ten="174,218,230,368" step="2"/><V79/><F79/><W94/><G90/><T40/><D91/><U39/><E39/><V87/><F87/><W107/><G88/><T81/><D81/><U114/><E114/><V123/><F123/><W133/><G112/><T15/><D130/><U120/><E120/><V47/><F134/><W132/><G133/><T32/><D128/><U50/><E50/><V119/><F119/><W74/><G132/><T38/><D38/><U17/><E17/><V106/><F98/><W96/><G19/><T54/><D16/><U37/><E37/><V93/><F99/><W42/><G96/><T129/><D129/><U56/><E56/><V131/><F131/><W35/><G74/><T30/><D59/><U77/><E77/><V113/><F113/><W34/><G31/><T72/><D72/><U22/><E22/><V43/><F93/><W127/><G94/><T105/><D95/><U36/><E36/><N who="2" m="21991" /><F92/><W6/><G29/><T108/><D108/><U135/><E135/><V126/><F126/><W1/><G21/><T18/><D18/><U124/><E124/><V57/><F70/><W110/><G110/><T86/><D86/><U83/><E83/><V53/><F57/><RYUUKYOKU ba="0,1" sc="174,-15,218,15,230,15,368,-15" hai1="4,9,13,24,26,27,41,44,45,48,51,69,71" hai2="53,55,60,62,63,65,67,97,103,106" /><INIT seed="5,1,1,0,1,122" ten="159,233,245,353" oya="1" hai0="68,102,22,98,32,82,48,31,133,38,2,105,78" hai1="8,76,84,83,47,110,45,26,28,115,6,1,58" hai2="5,11,99,62,71,121,119,73,111,17,124,65,106" hai3="3,64,50,120,43,79,85,101,59,19,107,96,53"/><U66/><E115/><V108/><F17/><W54/><G3/><T7/><D68/><U25/><E25/><V34/><F121/><W14/><G64/><T134/><D48/><U104/><E104/><V118/><F34/><W92/><G120/><T56/><D56/><U67/><E110/><N who="2" m="42027" /><F124/><W52/><G43/><T70/><D22/><U21/><REACH who="1" step="1"/><E67/><REACH who="1" ten="159,223,245,353" step="2"/><V36/><F73/><W97/><G107/><T0/><D105/><U27/><E27/><V117/><F117/><W131/><G131/><T12/><D134/><U94/><E94/><V63/><F63/><AGARI ba="1,2" hai="1,6,8,21,26,28,45,47,58,63,66,76,83,84" machi="63" ten="40,2000,0" yaku="1,1,53,0" doraHai="122" doraHaiUra="123" who="1" fromWho="2" sc="159,0,223,43,245,-23,353,0" /><INIT seed="5,2,0,2,0,3" ten="159,266,222,353" oya="1" hai0="87,71,66,69,21,97,12,131,85,62,56,1,95" hai1="53,92,57,46,68,133,2,99,121,45,49,89,124" hai2="47,111,65,77,6,44,119,72,19,59,81,14,135" hai3="112,43,100,48,13,91,73,101,105,126,74,125,33"/><U50/><E68/><V26/><F119/><W28/><G28/><T127/><D1/><U75/><E75/><V110/><F135/><W5/><G33/><T79/><D131/><U22/><E2/><V54/><F65/><W4/><G91/><T15/><D127/><U80/><E121/><V63/><F26/><W51/><G13/><T23/><D71/><U7/><E124/><V96/><F96/><W17/><G17/><T76/><D69/><U118/><E118/><V16/><F19/><W115/><G43/><T70/><D70/><U20/><E7/><V88/><F88/><W34/><G34/><T29/><D12/><U113/><E113/><V60/><F60/><W102/><G102/><N who="0" m="60735" /><D15/><U27/><E80/><V114/><F6/><W67/><G67/><T11/><D11/><U78/><E78/><N who="0" m="29737" /><D21/><N who="1" m="8299" /><E133/><V122/><F122/><W86/><G86/><T107/><D107/><AGARI ba="2,0" hai="4,5,48,51,73,74,100,101,105,107,112,115,125,126" machi="107" ten="25,6400,0" yaku="22,2,52,2" doraHai="3" who="3" fromWho="0" sc="159,-70,266,0,222,0,353,70" /><INIT seed="6,0,0,5,1,58" ten="89,266,222,423" oya="2" hai0="101,105,103,88,65,68,79,122,25,120,111,110,6" hai1="29,36,15,125,131,61,74,18,31,80,123,45,87" hai2="118,66,2,84,47,55,127,94,113,27,46,13,48" hai3="67,93,51,37,134,109,22,91,115,128,90,49,72"/><V42/><F2/><W117/><G37/><T83/><D6/><U10/><E74/><V69/><F118/><W130/><G72/><T77/><D25/><U8/><E125/><V11/><F127/><W104/><G104/><T92/><D65/><U70/><E131/><V86/><F113/><W17/><G67/><T44/><D44/><U39/><E123/><N who="0" m="47145" /><D68/><U38/><E45/><V54/><F94/><W76/><G91/><T126/><D126/><U95/><E95/><V82/><F27/><W57/><G134/><T81/><D81/><U30/><E10/><V116/><F116/><W78/><G115/><T16/><D16/><U24/><E70/><V1/><F1/><W135/><G93/><T114/><D114/><U133/><E133/><V26/><F26/><W132/><G117/><T112/><D112/><U53/><E24/><V40/><F66/><W85/><G128/><T75/><D79/><U63/><REACH who="1" step="1"/><E53/><REACH who="1" ten="89,256,222,423" step="2"/><V52/><F69/><W89/><G130/><T73/><D73/><U107/><E107/><V28/><F82/><W9/><G132/><T96/><D103/><U41/><E41/><V71/><F71/><W60/><G135/><T129/><D129/><U3/><E3/><V7/><REACH who="2" step="1"/><F28/><REACH who="2" ten="89,256,212,423" step="2"/><W64/><G64/><T100/><D100/><U98/><E98/><AGARI ba="0,2" hai="75,77,83,88,92,96,98,101,105,110,111" m="47145" machi="98" ten="30,3900,0" yaku="34,2,54,1" doraHai="58" who="0" fromWho="1" sc="89,59,256,-39,212,0,423,0" /><INIT seed="7,0,0,0,3,2" ten="148,217,212,423" oya="3" hai0="4,119,42,83,71,18,133,14,102,107,51,79,50" hai1="103,1,13,121,90,45,44,35,77,129,24,41,26" hai2="38,52,134,27,29,47,5,123,54,74,30,65,113" hai3="127,78,135,132,89,85,108,112,63,16,91,117,131"/><W25/><G63/><T60/><D119/><U57/><E1/><V39/><F74/><W105/><G105/><T48/><D133/><U128/><E77/><V88/><F65/><W87/><G78/><T37/><D107/><U92/><E103/><V62/><F62/><W126/><G25/><T64/><D102/><U58/><E13/><V115/><F88/><W75/><G16/><T95/><D95/><U93/><E121/><V67/><F67/><W98/><G75/><T114/><D114/><N who="2" m="43530" /><F123/><W104/><G104/><T15/><D37/><N who="2" m="13834" /><F134/><W72/><G72/><T125/><D125/><U34/><E90/><V22/><F5/><W36/><G91/><T80/><D42/><AGARI ba="0,0" hai="24,26,34,35,41,42,44,45,57,58,92,93,128,129" machi="42" ten="25,1600,0" yaku="22,2" doraHai="2" who="1" fromWho="0" sc="148,-16,217,16,212,0,423,0" owari="132,-37.0,233,3.0,212,-19.0,423,53.0" /></mjloggm>