<mjloggm ver="2.3"><GO type="169" lobby="0"/><UN n0="%43%69%6E%65%63%75%73%73" n1="%E3%81%8C%E3%81%B6%E3%82%8A%E5%AF%84%E3%82%8A" n2="%41%79%6F%75%46" n3="%E3%82%A6%E3%83%AB%E3%83%88%E3%83%A9%E7%AB%8B%E7%9B%B4" dan="18,16,17,16" rate="2176.74,2060.62,2121.34,2156.80" sx="M,M,M,M"/><TAIKYOKU oya="0"/><INIT seed="0,0,0,3,3,69" ten="250,250,250,250" oya="0" hai0="86,1,41,134,35,19,14,129,22,8,96,57,77" hai1="75,103,18,68,52,114,82,76,107,67,61,12,112" hai2="79,4,47,119,128,37,102,84,110,101,25,124,127" hai3="42,70,100,38,28,74,130,93,73,109,39,98,118"/><T23/><D35/><U71/><E71/><V58/><F4/><W49/><G118/><T34/><D34/><U66/><E66/><V53/><F119/><W121/><G70/><T43/><D1/><U2/><E2/><V60/><F110/><W21/><G109/><T48/><D129/><U62/><E103/><V32/><F128/><W125/><G130/><T83/><D134/><U0/><E0/><V91/><F79/><W30/><G125/><N who="2" m="48201" /><F25/><W135/><G135/><T31/><D96/><U9/><E107/><V95/><F32/><W15/><G121/><T36/><D36/><U3/><E3/><V54/><F54/><W45/><G30/><T78/><D78/><U11/><E9/><V5/><F5/><W104/><G104/><T29/><D29/><U133/><E133/><V97/><F84/><W117/><G117/><T85/><D85/><U55/><REACH who="1" step="1"/><E62/><REACH who="1" ten="250,240,250,250" step="2"/><V72/><F72/><W40/><G74/><T10/><D10/><U56/><E56/><V113/><F113/><AGARI ba="0,1" hai="11,12,18,52,55,61,67,68,75,76,82,112,113,114" machi="113" ten="40,5200,0" yaku="1,1,11,1,54,1,53,0" doraHai="69" doraHaiUra="116" who="1" fromWho="2" sc="250,0,240,62,250,-52,250,0" /><INIT seed="1,0,0,2,5,39" ten="250,302,198,250" oya="1" hai0="58,3,128,64,19,33,31,15,60,44,49,42,117" hai1="99,50,89,30,27,59,41,26,94,102,95,92,12" hai2="78,96,71,119,35,23,13,28,16,8,91,36,134" hai3="101,103,76,55,111,98,5,52,122,48,113,105,66"/><U68/><E68/><V24/><F71/><W82/><G113/><T132/><D3/><U124/><E124/><V108/><F119/><W97/><G111/><T67/><D117/><U110/><E110/><V20/><F108/><W115/><G115/><T54/><D33/><U1/><E1/><V109/><F109/><W65/><G5/><T100/><D31/><U62/><E12/><V21/><F78/><W32/><G32/><T87/><D128/><U10/><E10/><V84/><F36/><W38/><G38/><T70/><D132/><U131/><E131/><V127/><F134/><W57/><G55/><T22/><D100/><U112/><E27/><V90/><F127/><W135/><G122/><T104/><D104/><U61/><E112/><V106/><REACH who="2" step="1"/><F84/><REACH who="2" ten="250,302,188,250" step="2"/><W118/><G118/><T17/><D70/><U114/><E114/><V40/><F40/><W18/><G135/><T75/><D75/><U45/><E89/><V116/><F116/><W126/><G126/><T14/><REACH who="0" step="1"/><D87/><REACH who="0" ten="240,302,188,250" step="2"/><U86/><E86/><V79/><F79/><W9/><G101/><AGARI ba="0,2" hai="8,13,16,20,21,23,24,28,35,90,91,96,101,106" machi="101" ten="40,2600,0" yaku="1,1,54,1,53,0" doraHai="39" doraHaiUra="63" who="2" fromWho="3" sc="240,0,302,0,188,46,250,-26" /><INIT seed="2,0,0,0,5,113" ten="240,302,234,224" oya="2" hai0="37,27,48,73,67,117,95,89,59,99,109,66,129" hai1="18,21,105,123,128,107,34,98,103,10,32,126,3" hai2="6,82,41,74,1,20,115,101,76,45,17,133,35" hai3="86,92,65,71,124,40,78,104,102,83,62,11,25"/><V61/><F115/><W51/><G124/><T46/><D73/><U30/><E105/><V14/><F101/><W131/><G131/><T70/><D70/><U52/><E126/><V60/><F35/><W90/><G11/><T91/><D37/><U93/><E107/><V134/><F6/><W100/><G40/><T80/><D129/><U58/><E128/><V50/><REACH who="2" step="1"/><F1/><REACH who="2" ten="240,302,224,224" step="2"/><W47/><G104/><T69/><D109/><U96/><E123/><V111/><F111/><W97/><G25/><T79/><D69/><U84/><E34/><V8/><F8/><W108/><G108/><T38/><D27/><U130/><E130/><V55/><F55/><W75/><G102/><T72/><D67/><U135/><E32/><V56/><F56/><W43/><REACH who="3" step="1"/><G100/><REACH who="3" ten="240,302,224,214" step="2"/><T13/><D66/><U29/><E10/><V39/><F39/><W2/><G2/><T15/><D38/><U85/><E3/><V44/><F44/><W7/><G7/><T53/><D46/><U122/><E122/><V24/><F24/><W125/><G125/><T114/><D114/><U28/><E103/><V23/><F23/><W5/><G5/><T12/><D15/><U68/><E21/><V9/><F9/><W77/><G77/><T57/><D13/><U94/><E68/><V116/><F116/><W121/><G121/><T54/><D12/><U49/><E18/><V118/><F118/><W16/><G16/><T19/><D19/><U127/><E127/><V112/><F112/><W36/><G36/><T26/><D26/><U87/><E135/><AGARI ba="0,2" hai="14,17,20,41,45,50,60,61,74,76,82,133,134,135" machi="135" ten="40,3900,0" yaku="1,1,20,1,53,0" doraHai="113" doraHaiUra="31" who="2" fromWho="1" sc="240,0,302,-39,224,59,214,0" /><INIT seed="2,1,0,3,0,90" ten="240,263,283,214" oya="2" hai0="123,44,47,63,96,5,98,51,17,23,132,99,62" hai1="65,110,121,41,2,97,35,57,60,59,22,3,88" hai2="84,32,43,6,102,61,127,92,13,50,64,14,42" hai3="33,53,67,116,18,40,85,76,93,7,122,82,4"/><V8/><F32/><W9/><G116/><T10/><D123/><U25/><E35/><V11/><F127/><W16/><G122/><T28/><D28/><U26/><E121/><V80/><F50/><W66/><G40/><T75/><D75/><U133/><E26/><V56/><F102/><W12/><G33/><T39/><D39/><U36/><E133/><V77/><REACH who="2" step="1"/><F92/><REACH who="2" ten="240,263,273,214" step="2"/><W95/><G4/><AGARI ba="1,1" hai="4,6,8,11,13,14,42,43,56,61,64,77,80,84" machi="4" ten="30,18000,2" yaku="1,1,2,1,7,1,9,1,8,1,53,1" doraHai="90" doraHaiUra="58" who="2" fromWho="3" sc="240,0,263,0,273,193,214,-183" /><INIT seed="2,2,0,5,0,103" ten="240,263,466,31" oya="2" hai0="63,99,51,41,135,82,28,10,91,24,124,40,68" hai1="117,109,107,50,4,15,102,35,110,118,111,74,114" hai2="44,61,105,69,97,12,22,98,85,134,67,26,129" hai3="17,16,60,23,106,128,5,125,71,78,126,57,72"/><V11/><F134/><W79/><G5/><T96/><D135/><U7/><E35/><V122/><F122/><W101/><G71/><T100/><D124/><N who="3" m="47721" /><G128/><T123/><D10/><U121/><E74/><V36/><F129/><W93/><G93/><N who="0" m="56383" /><D82/><U39/><E39/><V89/><F36/><W52/><G72/><T8/><D8/><U115/><E15/><V37/><F44/><W2/><G2/><T120/><D51/><U73/><E73/><V42/><F42/><W87/><G87/><T84/><D84/><U88/><E50/><V3/><F37/><W43/><G43/><T108/><D41/><U55/><E55/><V48/><F48/><W49/><G49/><T29/><D29/><U94/><E7/><V45/><F45/><W76/><G23/><T112/><D40/><U62/><E62/><V47/><F47/><W53/><G53/><T66/><D112/><N who="1" m="43051" /><E4/><V64/><F3/><W58/><G58/><T30/><D63/><U31/><E31/><V59/><F59/><W56/><G56/><T119/><D30/><U34/><E34/><V127/><F127/><W130/><G130/><T33/><D28/><U54/><E54/><V70/><F70/><W95/><G95/><T104/><D68/><U132/><E132/><V9/><F69/><W116/><G116/><T14/><D119/><U21/><E21/><V1/><F61/><W81/><G81/><T86/><D123/><U113/><E113/><V83/><F22/><W38/><G38/><T75/><D75/><U20/><E20/><V92/><F1/><W32/><G32/><T77/><D120/><RYUUKYOKU ba="2,0" sc="240,-10,263,-10,466,-10,31,30" hai3="16,17,52,57,60,76,78,79,101,106" /><INIT seed="3,3,0,1,4,69" ten="230,253,456,61" oya="3" hai0="103,124,22,134,25,35,16,51,60,40,13,70,104" hai1="75,132,117,114,77,99,64,76,46,91,126,2,81" hai2="3,57,58,32,102,52,50,31,87,74,23,94,37" hai3="11,15,19,27,109,47,17,54,30,110,36,95,53"/><W72/><G72/><T119/><D119/><U113/><E2/><V6/><F74/><W8/><G95/><T118/><D118/><U100/><E64/><V41/><F32/><W79/><G79/><T28/><D40/><U9/><E117/><V125/><F3/><W85/><G85/><T122/><D51/><U120/><E77/><V5/><F125/><W12/><G47/><T106/><D124/><U68/><E68/><V42/><F57/><W55/><REACH who="3" step="1"/><G36/><REACH who="3" ten="230,253,456,51" step="2"/><T24/><D106/><U78/><E78/><V10/><F37/><W135/><G135/><T84/><D84/><U20/><E132/><V48/><F87/><W73/><G73/><T82/><D134/><U111/><E75/><V1/><F94/><W107/><G107/><T29/><D82/><U128/><E76/><V43/><F43/><W89/><G89/><T38/><D38/><U65/><E91/><V101/><F41/><W92/><G92/><T45/><D45/><U66/><E81/><V61/><F42/><W63/><G63/><T96/><D60/><U86/><E46/><V56/><F61/><W21/><AGARI ba="3,1" hai="8,11,12,15,17,19,21,27,30,53,54,55,109,110" machi="21" ten="30,6000,0" yaku="1,1,0,1,9,1,53,0" doraHai="69" doraHaiUra="127" who="3" fromWho="3" sc="230,-23,253,-23,456,-23,51,79" /><INIT seed="3,4,0,5,2,25" ten="207,230,433,130" oya="3" hai0="123,22,60,92,134,133,50,13,5,0,91,56,53" hai1="36,62,120,66,16,110,98,119,125,111,18,124,27" hai2="113,57,121,114,45,61,43,6,77,65,96,70,24" hai3="29,69,81,116,90,100,54,85,30,21,112,115,42"/><W126/><G69/><T11/><D123/><U15/><E36/><V79/><F121/><W130/><G116/><T97/><D0/><U33/><E120/><V106/><F6/><W75/><G75/><T31/><D22/><U28/><E119/><V131/><F131/><W19/><G115/><T8/><D8/><U104/><E104/><V64/><F79/><W72/><G112/><T7/><D7/><U20/><E98/><V83/><F24/><W59/><G72/><T93/><D93/><U3/><E3/><V14/><F14/><N who="3" m="9463" /><G130/><T105/><D105/><U55/><E55/><V84/><F65/><W122/><G122/><T109/><D109/><N who="1" m="41483" /><E18/><V95/><F70/><AGARI ba="4,0" hai="15,16,20,27,28,33,62,66,70,124,125" m="41483" machi="70" ten="30,3900,0" yaku="14,1,52,1,54,1" doraHai="25" who="1" fromWho="2" sc="207,0,230,51,433,-51,130,0" /><INIT seed="4,0,0,5,0,62" ten="207,281,382,130" oya="0" hai0="9,19,80,15,12,2,27,32,121,48,57,116,13" hai1="39,82,50,71,51,40,42,103,129,119,94,115,14" hai2="93,41,44,75,67,3,58,35,70,123,125,95,130" hai3="1,21,60,100,17,124,5,22,69,31,56,108,76"/><T134/><D48/><U102/><E71/><V83/><F70/><W30/><G69/><T36/><D57/><U45/><E119/><V110/><F35/><W10/><G108/><T59/><D59/><U29/><E29/><V73/><F110/><W34/><G124/><T126/><D36/><U72/><E39/><V112/><F123/><W38/><G38/><T86/><D121/><U33/><E33/><V24/><F24/><W65/><G34/><T135/><D86/><U90/><E129/><V104/><F104/><W114/><G114/><T107/><D80/><U28/><E28/><V53/><F3/><W68/><G100/><T20/><D107/><U106/><E115/><V120/><F120/><W131/><G131/><T55/><D55/><U96/><E106/><V128/><F53/><W4/><G4/><N who="0" m="1175" /><D116/><U7/><E72/><V84/><F112/><W8/><G76/><T91/><D91/><U11/><E82/><V98/><F95/><W52/><G21/><T117/><D117/><U25/><E25/><V97/><F75/><W6/><G22/><T127/><D32/><U132/><E132/><AGARI ba="0,0" hai="12,13,15,19,20,27,126,127,132,134,135" m="1175" machi="132" ten="30,5800,0" yaku="20,1,34,2" doraHai="62" who="0" fromWho="1" sc="207,58,281,-58,382,0,130,0" /><INIT seed="4,1,0,4,0,18" ten="265,223,382,130" oya="0" hai0="32,119,120,30,55,107,54,49,95,15,135,104,98" hai1="57,134,9,106,101,17,73,8,68,59,109,103,22" hai2="47,21,36,13,69,14,48,72,127,43,26,3,25" hai3="89,65,87,94,124,105,34,83,99,128,10,114,131"/><T60/><D120/><U108/><E68/><V122/><F3/><W42/><G34/><T110/><D119/><U31/><E73/><V62/><F122/><W12/><G65/><T80/><D32/><U33/><E33/><V29/><F72/><W2/><G2/><T11/><D30/><U37/><E37/><V24/><F127/><W56/><G56/><T121/><D121/><U86/><E31/><V70/><F13/><W77/><G124/><T23/><D60/><U74/><E74/><V61/><F36/><W126/><G126/><T63/><D63/><N who="2" m="24074" /><F70/><W16/><G114/><T111/><D80/><U66/><E86/><V132/><F132/><W52/><G52/><N who="0" m="20011" /><D49/><U85/><E85/><V46/><F46/><W113/><G113/><T102/><D135/><U0/><E134/><V96/><F69/><W51/><REACH who="3" step="1"/><G105/><REACH who="3" ten="265,223,382,120" step="2"/><T88/><D107/><U125/><E0/><V41/><F47/><AGARI ba="1,1" hai="10,12,16,42,47,51,77,83,87,89,94,99,128,131" machi="47" ten="40,8000,1" yaku="1,1,2,1,54,1,53,1" doraHai="18" doraHaiUra="93" who="3" fromWho="2" sc="265,0,223,0,382,-83,120,93" /><INIT seed="5,0,0,1,0,113" ten="265,223,299,213" oya="1" hai0="63,93,75,87,54,70,57,37,88,125,1,32,79" hai1="134,108,104,45,26,91,49,51,83,24,3,119,110" hai2="123,35,40,22,62,61,120,90,60,7,6,36,82" hai3="30,38,98,2,19,86,52,73,0,46,44,10,117"/><U4/><E104/><V31/><F35/><W116/><G73/><T114/><D1/><N who="3" m="617" /><G38/><T14/><D32/><U65/><E65/><V17/><F31/><W68/><G68/><T92/><D37/><U94/><E83/><V105/><F105/><W74/><G74/><T133/><D114/><U115/><E115/><V11/><F36/><W43/><G43/><T85/><D75/><U99/><E51/><V25/><F40/><W100/><G86/><T118/><D70/><U23/><E134/><V55/><F55/><W76/><G76/><T130/><D133/><U29/><E24/><V27/><F27/><W71/><G71/><T28/><D28/><U59/><E59/><V47/><F47/><W18/><G30/><T13/><D130/><U109/><E3/><V122/><F11/><W127/><G127/><T9/><D125/><U12/><E12/><V20/><F20/><W39/><G39/><T96/><D14/><U58/><E58/><V107/><F107/><W102/><G52/><T21/><D21/><U131/><E4/><V129/><F129/><W128/><G128/><T103/><D79/><U41/><E131/><V15/><F15/><N who="3" m="7543" /><G19/><T106/><D106/><U5/><E5/><V69/><F69/><W53/><G53/><T42/><D42/><U66/><E66/><V89/><F82/><W121/><G121/><T124/><D124/><U95/><E94/><V16/><F17/><W80/><G80/><T8/><D93/><U126/><E126/><V48/><F48/><W81/><G81/><T50/><D92/><U135/><E135/><V101/><F101/><RYUUKYOKU ba="0,0" sc="265,-15,223,15,299,15,213,-15" hai1="23,26,29,41,45,49,91,95,99,108,109,110,119" hai2="6,7,16,22,25,60,61,62,89,90,120,122,123" /><INIT seed="5,1,0,3,3,122" ten="250,238,314,198" oya="1" hai0="21,115,34,99,7,51,107,121,88,24,2,38,119" hai1="3,67,54,102,77,96,110,55,101,105,29,71,76" hai2="63,4,14,103,22,124,20,126,26,86,11,28,113" hai3="52,100,64,132,127,43,135,25,59,133,78,44,48"/><U98/><E3/><V5/><F103/><W35/><G100/><T15/><D38/><U87/><E29/><V111/><F63/><N who="3" m="38015" /><G78/><T42/><D107/><U97/><E97/><V12/><F86/><W116/><G25/><T36/><D36/><U128/><E128/><V53/><F53/><W50/><G35/><T46/><D2/><U1/><E1/><V31/><F113/><W118/><G127/><N who="2" m="48681" /><F111/><W130/><G130/><T120/><D34/><U8/><E8/><N who="2" m="4111" /><F28/><W13/><G13/><T27/><D115/><U73/><E73/><V108/><F108/><W68/><G68/><T134/><D15/><U80/><E110/><V41/><F41/><W109/><G109/><T18/><D42/><U61/><REACH who="1" step="1"/><E76/><REACH who="1" ten="250,228,314,198" step="2"/><V39/><F39/><W60/><G60/><T56/><D121/><U72/><E72/><V40/><F31/><W83/><G83/><T89/><D120/><U66/><E66/><V92/><F11/><W65/><G65/><T75/><D99/><U23/><E23/><V84/><F22/><W79/><G79/><T114/><D21/><U19/><E19/><V45/><F20/><W33/><G33/><T74/><D18/><U95/><AGARI ba="1,1" hai="54,55,61,67,71,77,80,87,95,96,98,101,102,105" machi="95" ten="20,3900,0" yaku="1,1,0,1,7,1,53,0" doraHai="122" doraHaiUra="17" who="1" fromWho="1" sc="250,-14,228,52,314,-14,198,-14" /><INIT seed="5,2,0,4,2,24" ten="236,280,300,184" oya="1" hai0="112,9,109,73,12,27,28,119,44,10,79,88,34" hai1="35,59,56,13,101,17,130,53,134,96,55,54,104" hai2="32,124,71,82,118,115,18,2,42,106,70,61,133" hai3="43,113,52,93,39,11,76,38,86,85,36,1,47"/><U89/><E35/><V107/><F118/><W58/><G113/><T62/><D109/><U127/><E134/><V129/><F133/><W21/><G86/><T110/><D110/><U20/><E130/><V102/><F18/><W26/><G11/><T75/><D119/><U121/><E121/><V5/><F129/><W66/><G66/><T49/><D112/><U80/><E127/><V33/><F115/><W122/><G1/><T114/><D114/><U3/><E3/><V95/><F95/><W63/><G122/><T64/><D9/><U92/><E80/><V128/><F128/><W83/><REACH who="3" step="1"/><G93/><REACH who="3" ten="236,280,300,174" step="2"/><T15/><D75/><U100/><REACH who="1" step="1"/><E100/><REACH who="1" ten="236,270,300,174" step="2"/><V19/><F102/><W45/><G45/><T99/><D44/><U67/><E67/><V72/><F2/><W117/><G117/><T41/><D64/><U98/><AGARI ba="2,2" hai="13,17,20,53,54,55,56,59,89,92,96,98,101,104" machi="98" ten="30,3000,0" yaku="1,1,0,1,53,0" doraHai="24" doraHaiUra="69" who="1" fromWho="1" sc="236,-12,270,56,300,-12,174,-12" /><INIT seed="5,3,0,3,4,82" ten="224,326,288,162" oya="1" hai0="8,50,19,39,56,109,48,100,32,71,15,86,89" hai1="129,52,46,114,27,93,14,13,133,120,72,112,98" hai2="16,79,47,4,58,123,88,23,132,84,43,62,90" hai3="41,24,122,81,92,44,74,66,87,105,119,91,51"/><U26/><E72/><V115/><F123/><W97/><G122/><T65/><D39/><U64/><E64/><V11/><F132/><W35/><G119/><T80/><D32/><U76/><E76/><V117/><F117/><W130/><G130/><T61/><D109/><U49/><E133/><V21/><F21/><W134/><G134/><T18/><D100/><U75/><E75/><V34/><F34/><W6/><G6/><T101/><D101/><U118/><E118/><V103/><F103/><W110/><G110/><T111/><D111/><U9/><E129/><V31/><F31/><W60/><G105/><T55/><REACH who="0" step="1"/><D50/><REACH who="0" ten="214,326,288,162" step="2"/><U70/><E120/><V99/><F115/><N who="1" m="44073" /><E70/><V22/><F62/><W135/><G135/><T33/><D33/><U42/><E42/><V131/><F131/><W45/><G35/><T126/><D126/><U78/><E78/><V116/><F79/><W124/><G124/><T29/><D29/><U17/><E14/><V73/><F116/><W94/><G41/><T107/><D107/><U28/><E28/><V104/><F104/><W69/><G24/><T30/><D30/><U77/><E77/><V102/><F73/><W10/><G74/><T0/><D0/><U57/><E27/><V37/><F43/><W128/><G128/><T127/><D127/><U54/><E26/><V12/><F12/><W67/><G51/><T83/><D83/><U5/><E49/><V63/><F37/><W59/><G81/><T68/><D68/><U125/><E125/><V25/><F25/><W7/><G69/><T95/><D95/><U96/><E93/><RYUUKYOKU ba="3,1" sc="214,30,326,-10,288,-10,162,-10" hai0="8,15,18,19,48,55,56,61,65,71,80,86,89" /><INIT seed="6,4,1,0,1,75" ten="244,316,278,152" oya="2" hai0="83,111,80,13,2,89,19,67,42,117,60,121,106" hai1="94,28,108,78,72,53,9,27,46,64,17,45,24" hai2="15,40,44,97,122,85,88,114,125,134,21,99,47" hai3="90,54,79,1,8,29,4,16,129,119,120,50,107"/><V14/><F122/><W33/><G120/><T38/><D121/><U63/><E108/><V71/><F71/><W118/><G107/><T0/><D111/><U20/><E53/><V132/><F114/><W87/><G129/><T93/><D106/><U115/><E115/><V25/><F125/><W5/><G5/><T130/><D130/><U7/><E94/><V39/><F47/><W109/><G109/><T127/><D127/><U74/><E74/><V43/><F43/><W11/><G29/><T76/><D83/><U116/><E116/><V82/><F15/><W12/><G33/><T10/><D42/><U92/><E92/><V55/><F14/><W104/><G104/><T58/><D38/><U98/><E98/><V6/><F55/><W77/><G119/><T26/><D26/><U68/><E72/><V59/><F59/><W23/><G118/><T91/><D91/><U61/><E78/><V96/><REACH who="2" step="1"/><F6/><REACH who="2" ten="244,316,268,152" step="2"/><W126/><G126/><T66/><D117/><U48/><E68/><V100/><F100/><W56/><REACH who="3" step="1"/><G8/><REACH who="3" ten="244,316,268,142" step="2"/><T84/><REACH who="0" step="1"/><D67/><REACH who="0" ten="234,316,268,142" step="2"/><U133/><E64/><V65/><F65/><W135/><G135/><T123/><D123/><U101/><E133/><V37/><F37/><W31/><G31/><AGARI ba="4,4" hai="21,25,31,39,40,44,82,85,88,96,97,99,132,134" machi="31" ten="40,12000,1" yaku="1,1,54,1,53,3" doraHai="75" doraHaiUra="95" who="2" fromWho="3" sc="234,0,316,0,268,172,142,-132" /><INIT seed="6,5,0,4,1,96" ten="234,316,440,10" oya="2" hai0="14,94,52,26,134,86,57,18,113,40,89,90,11" hai1="116,27,120,108,97,5,100,114,19,74,79,125,13" hai2="51,104,87,82,92,119,110,25,32,88,75,6,12" hai3="47,53,41,60,28,65,43,42,93,71,91,124,95"/><V83/><F119/><W84/><G124/><T122/><D122/><U105/><E116/><V31/><F104/><W118/><G118/><T22/><D134/><U0/><E108/><V67/><F110/><W33/><G33/><T10/><D113/><U61/><E125/><V4/><F67/><W29/><G53/><T2/><D2/><U58/><E114/><V62/><F62/><W46/><REACH who="3" step="1"/><G95/><REACH who="3" ten="234,316,440,0" step="2"/><N who="0" m="54711" /><D40/><U55/><E120/><V21/><F92/><W129/><G129/><T1/><D1/><U111/><E111/><V103/><F32/><W109/><G109/><T126/><D126/><U107/><E107/><V37/><F83/><W70/><G70/><T130/><D130/><U132/><E132/><V112/><F112/><W38/><G38/><T35/><D35/><U24/><E0/><V101/><F37/><W123/><G123/><T133/><D133/><U49/><E5/><V135/><F4/><W20/><G20/><T8/><D52/><U9/><E49/><V98/><F51/><W23/><G23/><T121/><D121/><U85/><E74/><V78/><F75/><W36/><G36/><T45/><D57/><U117/><E117/><V54/><F135/><W15/><G15/><T115/><D115/><U80/><AGARI ba="5,1" hai="9,13,19,24,27,55,58,61,79,80,85,97,100,105" machi="80" ten="30,2000,0" yaku="0,1,52,1" doraHai="96" who="1" fromWho="1" sc="234,-10,316,45,440,-15,0,-10" owari="224,-18.0,361,16.0,425,53.0,-10,-51.0" /></mjloggm>