<mjloggm ver="2.3"><GO type="169" lobby="0"/><UN n0="%E3%81%84%E3%81%91%E3%81%9F%E3%82%93" n1="%E3%83%A1%E3%82%AB%E3%82%BC%E3%83%83%E3%83%88%E3%83%B3" n2="%E5%B0%B1%E6%B4%BB%E7%94%9F%40%E5%B7%9D%E6%9D%91%E8%BB%8D%E5%9B%A3" n3="%E3%81%AE%E3%81%86%E3%81%AA%E3%82%81%E3%82%8D%E3%82%93" dan="16,18,17,16" rate="2124.95,2303.58,2193.35,2069.34" sx="M,M,M,M"/><TAIKYOKU oya="0"/><INIT seed="0,0,0,4,0,110" ten="250,250,250,250" oya="0" hai0="118,11,81,37,87,63,13,121,90,76,120,35,134" hai1="28,67,65,130,26,39,29,31,70,25,92,103,91" hai2="131,44,52,5,127,45,33,84,100,72,27,18,133" hai3="123,0,119,89,3,6,93,126,111,105,17,46,107"/><T58/><D118/><U109/><E39/><V50/><F72/><W114/><G119/><T98/><D35/><U66/><E109/><V53/><F131/><W112/><G111/><T55/><D37/><U56/><E70/><V101/><F133/><W68/><G68/><T20/><D134/><U22/><E130/><V36/><F127/><W47/><G126/><T83/><D20/><U54/><E103/><V122/><F122/><W23/><G123/><T4/><REACH who="0" step="1"/><D98/><REACH who="0" ten="240,250,250,250" step="2"/><N who="1" m="57631" /><E22/><V97/><F33/><W30/><G23/><T88/><D88/><U79/><E79/><V16/><F100/><W62/><G89/><T61/><D61/><AGARI ba="0,1" hai="25,26,28,29,31,54,56,61,65,66,67" m="57631" machi="61" ten="30,1000,0" yaku="8,1" doraHai="110" who="1" fromWho="0" sc="240,-10,250,20,250,0,250,0" /><INIT seed="1,0,0,2,5,47" ten="230,270,250,250" oya="1" hai0="99,127,2,12,17,81,114,41,55,23,116,0,96" hai1="36,69,93,34,13,70,118,76,8,112,119,31,52" hai2="73,37,4,1,3,85,25,32,87,101,106,39,7" hai3="123,82,68,79,102,89,129,30,54,131,124,94,98"/><U42/><E76/><V35/><F101/><W72/><G68/><T62/><D114/><U14/><E112/><V29/><F73/><W71/><G71/><T125/><D116/><U105/><E105/><V28/><REACH who="2" step="1"/><F25/><REACH who="2" ten="230,270,240,250" step="2"/><W117/><G117/><T22/><D125/><U128/><E119/><V88/><F88/><W16/><G124/><T51/><D127/><U84/><E118/><V26/><F26/><W108/><G102/><T61/><D0/><U63/><E128/><V5/><F5/><W97/><G129/><T24/><D2/><U40/><E70/><V126/><F126/><W53/><G131/><T132/><D132/><U100/><E100/><V18/><F18/><W56/><G16/><N who="0" m="10503" /><D81/><U46/><E69/><V44/><F44/><W75/><G75/><T83/><D83/><U110/><E46/><V107/><AGARI ba="0,1" hai="1,3,4,7,28,29,32,35,37,39,85,87,106,107" machi="107" ten="25,6400,0" yaku="1,1,0,1,22,2,53,0" doraHai="47" doraHaiUra="130" who="2" fromWho="2" sc="230,-16,270,-32,240,74,250,-16" /><INIT seed="2,0,0,3,1,97" ten="214,238,314,234" oya="2" hai0="48,95,17,71,40,61,130,75,62,103,117,132,124" hai1="26,85,107,113,52,22,72,38,19,36,30,49,54" hai2="100,73,115,82,43,120,80,116,28,0,68,5,127" hai3="58,94,12,90,129,13,91,59,23,64,47,39,83"/><V96/><F116/><W126/><G129/><T66/><D75/><U123/><E72/><V106/><F115/><W108/><G108/><T35/><D130/><U77/><E113/><V16/><F120/><W122/><G122/><T33/><D117/><U125/><E123/><V65/><F127/><W14/><G126/><T74/><D124/><U105/><E125/><V60/><F73/><W25/><G39/><T81/><D132/><U114/><E114/><V45/><F28/><N who="3" m="17471" /><G47/><T55/><D40/><U99/><E54/><V51/><F0/><W119/><G119/><T32/><D62/><U3/><E3/><V44/><F5/><W128/><G128/><T11/><D74/><U110/><E110/><V31/><F31/><W4/><G4/><T34/><D81/><U87/><E38/><V50/><REACH who="2" step="1"/><F16/><REACH who="2" ten="214,238,304,234" step="2"/><W37/><G12/><T70/><D17/><U6/><E19/><V29/><F29/><W57/><G14/><T135/><D11/><U2/><E6/><V63/><F63/><N who="3" m="37999" /><G13/><T102/><D32/><U98/><E2/><V27/><F27/><W134/><G134/><T111/><D135/><U121/><E121/><V24/><F24/><W53/><G37/><T1/><D1/><U9/><E36/><V76/><F76/><W46/><G83/><T118/><D118/><U18/><E30/><V20/><F20/><W112/><G112/><T84/><D111/><U67/><E22/><V78/><F78/><W109/><G109/><T21/><D21/><U88/><E77/><V10/><F10/><W41/><G91/><T42/><D33/><U7/><E7/><RYUUKYOKU ba="0,1" sc="214,-10,238,-10,304,30,234,-10" hai2="43,44,45,50,51,60,65,68,80,82,96,100,106" /><INIT seed="2,1,1,1,4,102" ten="204,228,334,224" oya="2" hai0="87,10,52,18,16,3,42,131,106,17,61,28,39" hai1="8,1,9,57,114,22,94,11,108,93,85,46,6" hai2="72,71,53,116,12,58,40,0,99,14,126,80,92" hai3="103,84,134,55,101,59,78,44,122,125,21,97,64"/><V30/><F0/><W123/><G134/><T20/><D131/><U41/><E108/><V107/><F71/><W82/><G125/><T66/><D87/><U76/><E114/><V27/><F116/><W26/><G44/><T110/><D110/><U100/><E22/><V91/><F40/><W81/><G81/><T51/><D42/><U60/><E94/><V118/><F118/><W115/><G115/><T75/><D75/><U127/><E127/><V43/><F43/><W95/><G103/><T33/><D39/><U119/><E119/><V7/><F7/><W23/><G23/><T121/><D121/><U73/><E100/><V25/><F107/><W104/><G64/><T35/><D106/><U68/><E68/><V112/><F112/><W113/><G95/><T96/><D96/><U48/><E73/><V86/><F72/><W32/><G32/><T98/><D98/><U36/><E36/><V89/><F126/><W124/><G113/><T47/><D3/><U4/><E1/><V5/><F5/><W37/><G37/><T90/><D90/><N who="1" m="53455" /><E76/><V34/><REACH who="2" step="1"/><F25/><REACH who="2" ten="204,228,324,224" step="2"/><W29/><REACH who="3" step="1"/><G124/><REACH who="3" ten="204,228,324,214" step="2"/><T45/><D10/><U79/><E6/><V67/><F67/><W109/><G109/><T2/><D66/><N who="1" m="39183" /><E4/><V56/><F56/><W77/><G77/><T129/><D129/><U69/><E79/><V19/><F19/><W24/><G24/><T49/><D18/><U38/><E38/><V83/><F83/><W133/><G133/><T50/><D2/><U130/><E130/><V70/><F70/><W128/><G128/><T74/><D17/><U135/><E135/><RYUUKYOKU ba="1,3" sc="204,-30,228,10,324,10,214,10" hai1="8,9,11,41,46,48,69" hai2="12,14,27,30,34,53,58,80,86,89,91,92,99" hai3="21,26,29,55,59,78,82,84,97,101,104,122,123" /><INIT seed="2,2,3,4,4,102" ten="174,238,334,224" oya="2" hai0="42,127,12,16,49,3,91,123,74,76,71,68,79" hai1="110,112,130,82,92,114,105,31,58,98,113,73,61" hai2="6,22,80,135,54,13,20,11,1,106,17,117,119" hai3="96,67,18,131,108,24,33,93,39,126,86,78,103"/><V63/><F135/><W107/><G39/><T25/><D3/><U118/><E118/><V133/><F133/><W40/><G40/><T32/><D123/><U14/><E110/><V59/><F106/><W51/><G108/><T124/><D91/><U85/><E31/><V94/><F22/><W43/><G131/><T5/><D5/><U60/><E73/><V30/><F30/><W97/><G126/><N who="0" m="48171" /><D25/><U65/><E105/><V35/><F35/><W104/><G67/><T9/><D32/><U56/><E14/><V83/><REACH who="2" step="1"/><F94/><REACH who="2" ten="174,238,324,224" step="2"/><W0/><G33/><T132/><D132/><U45/><E92/><V53/><F53/><W52/><G52/><T36/><D36/><U111/><E111/><V10/><F10/><W44/><G104/><T15/><D9/><U21/><E21/><V115/><F115/><W41/><G107/><T81/><D42/><U62/><E114/><V34/><F34/><W46/><G43/><T8/><D8/><U89/><E113/><V29/><F29/><W87/><G41/><T134/><D134/><U48/><E112/><V50/><F50/><W19/><G51/><T109/><D49/><U55/><E130/><V72/><F72/><W38/><G38/><T23/><D109/><U27/><E48/><V88/><F88/><W101/><G93/><T26/><D76/><U66/><E89/><V122/><F122/><W84/><G78/><T47/><D47/><U64/><E45/><V125/><F125/><W129/><G46/><T75/><D75/><U70/><E55/><V69/><F69/><AGARI ba="2,4" hai="12,15,16,23,26,68,69,71,74,79,81" m="48171" machi="69" ten="30,2000,0" yaku="18,1,54,1" doraHai="102" who="0" fromWho="2" sc="174,66,238,0,324,-26,224,0" /><INIT seed="3,0,0,1,0,109" ten="240,238,298,224" oya="3" hai0="68,8,75,60,69,54,47,38,110,124,56,95,132" hai1="70,121,94,33,126,43,32,14,12,99,24,92,89" hai2="78,111,81,74,88,55,91,62,4,105,125,83,120" hai3="5,87,117,19,35,26,114,112,53,7,128,106,23"/><W118/><G106/><T135/><D75/><U72/><E70/><N who="0" m="27241" /><D95/><U57/><E72/><V9/><F111/><W34/><G87/><T79/><D79/><U131/><E121/><V130/><F105/><W85/><G85/><T119/><D8/><U133/><E43/><V0/><F120/><W65/><G65/><N who="0" m="39047" /><D110/><U45/><E24/><V58/><F130/><W51/><G128/><T49/><D119/><N who="3" m="45577" /><G53/><T30/><D30/><U107/><E131/><V90/><F125/><W18/><G51/><T86/><D86/><U63/><E126/><V39/><F39/><W40/><G40/><N who="0" m="22935" /><D124/><U61/><E99/><V134/><F134/><W10/><G19/><T59/><AGARI ba="0,0" hai="49,54,59,132,135" m="22935,39047,27241" machi="59" ten="30,2000,0" yaku="34,2" doraHai="109" who="0" fromWho="0" sc="240,20,238,-5,298,-5,224,-10" /><INIT seed="4,0,0,4,2,67" ten="260,233,293,214" oya="0" hai0="108,135,43,122,11,89,131,45,27,44,38,10,2" hai1="75,121,9,79,92,114,46,24,117,7,133,16,37" hai2="69,83,87,124,72,28,1,23,134,49,90,132,116" hai3="115,123,12,57,94,48,112,56,77,59,99,58,26"/><T118/><D118/><U98/><E117/><V73/><F1/><W61/><G123/><T76/><D122/><U71/><E121/><V65/><F124/><W97/><G77/><T3/><D135/><N who="2" m="51754" /><F49/><W68/><G12/><T125/><D125/><U93/><E133/><V51/><F51/><W91/><G26/><T110/><D76/><U62/><E114/><N who="3" m="43562" /><G48/><T19/><D131/><U31/><E79/><V20/><F116/><W101/><N who="3" m="14336" /><DORA hai="66" /><W111/><G111/><N who="0" m="42539" /><D89/><U39/><E75/><N who="2" m="28747" /><F28/><W25/><G25/><T4/><D44/><U0/><E46/><V8/><F8/><N who="0" m="3114" /><D4/><U86/><E7/><V78/><F78/><W42/><G42/><T104/><D104/><U6/><E6/><V128/><F128/><W50/><G50/><T82/><D82/><U127/><E127/><V105/><F105/><N who="3" m="63663" /><G61/><AGARI ba="0,0" hai="20,23,61,65,69,83,87,90" m="28747,51754" machi="61" ten="30,3900,0" yaku="20,1,52,2" doraHai="67,66" who="2" fromWho="3" sc="260,0,233,0,293,39,214,-39" /><INIT seed="5,0,0,0,2,22" ten="260,233,332,175" oya="1" hai0="131,37,84,49,134,0,1,4,25,133,127,87,34" hai1="38,55,125,115,97,36,112,82,66,5,129,30,53" hai2="20,56,81,108,73,96,40,32,50,43,126,72,104" hai3="110,88,119,35,90,70,52,29,15,54,62,2,76"/><U68/><E5/><V75/><F32/><W47/><G2/><T93/><D37/><N who="1" m="14443" /><E97/><V28/><F108/><W121/><G110/><T95/><D4/><U57/><E82/><V12/><F126/><W26/><G121/><T91/><D127/><U86/><E86/><V124/><F124/><W123/><G123/><T111/><D111/><U67/><E30/><V11/><F81/><W16/><G119/><T103/><D103/><U7/><E7/><V19/><F50/><W44/><G76/><T116/><D116/><U71/><E125/><V78/><F56/><W79/><G79/><T92/><D91/><U105/><E105/><V60/><F60/><W41/><G70/><N who="1" m="26666" /><E129/><V114/><F78/><W113/><G90/><T102/><D102/><U130/><E130/><V14/><F96/><W117/><G117/><T27/><D92/><U61/><E55/><V9/><F104/><W85/><G54/><T48/><D34/><U135/><E135/><V94/><F94/><W42/><G85/><T122/><D122/><U132/><E132/><V63/><F28/><W33/><G88/><T10/><D10/><U120/><E120/><V99/><F99/><W128/><G35/><T59/><D131/><U24/><E24/><V3/><F11/><N who="3" m="6271" /><G128/><T13/><D133/><U80/><E80/><V46/><F3/><W74/><G74/><T106/><D134/><U89/><E89/><V77/><F77/><W31/><G31/><T23/><D106/><U21/><E21/><V83/><F83/><W65/><G33/><T39/><D0/><U8/><E8/><V101/><F9/><RYUUKYOKU ba="0,0" sc="260,-10,233,30,332,-10,175,-10" hai1="53,57,61,66,67,112,115" /><INIT seed="5,1,0,3,1,12" ten="250,263,322,165" oya="1" hai0="123,91,44,35,53,70,51,29,13,3,54,131,119" hai1="76,116,124,47,135,52,82,66,95,38,106,99,83" hai2="5,120,49,75,37,45,42,8,59,50,121,7,132" hai3="88,84,77,74,105,89,14,101,107,126,4,86,11"/><U10/><E106/><V60/><F75/><W92/><G126/><T69/><D3/><U62/><E116/><V102/><F102/><W73/><G77/><T96/><D119/><U104/><E104/><V57/><F7/><W46/><G107/><T112/><D112/><U133/><E124/><V108/><F108/><W17/><G46/><T21/><D131/><U68/><E10/><V6/><F6/><W64/><G64/><T55/><D123/><N who="2" m="47178" /><F8/><W113/><G113/><T71/><D35/><U129/><E129/><V27/><F27/><W109/><G109/><T9/><D21/><U43/><E52/><N who="2" m="31887" /><F5/><W122/><G122/><T61/><D29/><U100/><REACH who="1" step="1"/><E83/><REACH who="1" ten="250,253,322,165" step="2"/><V22/><F132/><W110/><G110/><T48/><D9/><U31/><E31/><V39/><F22/><W2/><G4/><T34/><D34/><U32/><E32/><V36/><F60/><W78/><G2/><T118/><D61/><U114/><E114/><V56/><AGARI ba="1,1" hai="36,37,39,42,45,50,56,59" m="31887,47178" machi="56" ten="40,5200,0" yaku="34,2,54,1" doraHai="12" who="2" fromWho="2" sc="250,-14,253,-27,322,65,165,-14" /><INIT seed="6,0,0,3,3,7" ten="236,226,387,151" oya="2" hai0="19,12,83,30,110,9,108,121,119,127,84,92,16" hai1="71,48,90,75,66,125,21,86,0,14,126,55,53" hai2="39,101,50,79,32,36,80,13,116,115,112,78,1" hai3="6,107,11,133,69,95,59,43,102,45,24,35,85"/><V49/><F1/><W40/><G133/><T28/><D121/><U46/><E0/><V118/><F13/><W54/><G69/><T109/><D92/><U51/><E75/><V47/><F47/><W70/><G70/><T29/><D127/><N who="1" m="48651" /><E66/><V132/><F80/><W105/><G35/><T8/><D119/><U135/><E71/><V77/><F101/><W134/><G24/><T111/><D111/><U23/><E14/><V97/><F97/><W65/><G65/><T74/><D74/><U81/><E135/><V72/><F72/><W2/><G134/><T87/><D83/><U106/><E106/><V89/><F89/><W98/><G85/><N who="0" m="32843" /><D12/><U113/><E113/><N who="2" m="43595" /><F32/><W67/><G67/><T57/><D57/><AGARI ba="0,0" hai="21,23,46,48,51,53,55,57,81,86,90" m="48651" machi="57" ten="30,1000,0" yaku="18,1" doraHai="7" who="1" fromWho="0" sc="236,-10,226,10,387,0,151,0" /><INIT seed="7,0,0,0,4,115" ten="226,236,387,151" oya="3" hai0="121,36,129,34,24,62,99,25,32,67,64,6,91" hai1="44,81,119,103,78,41,60,116,39,131,75,19,68" hai2="120,70,57,109,49,125,111,30,10,8,95,31,122" hai3="128,114,89,46,82,56,100,7,77,48,14,65,113"/><W58/><G100/><T63/><D36/><U73/><E103/><V20/><F70/><W51/><G128/><T104/><D121/><N who="2" m="46698" /><F125/><W29/><G29/><N who="2" m="10761" /><F20/><W1/><G1/><T130/><D6/><U97/><E97/><V37/><F37/><W45/><G89/><T123/><D123/><U96/><E96/><V93/><F57/><N who="3" m="22123" /><G65/><T18/><D18/><U87/><E19/><V9/><F49/><N who="3" m="19019" /><G7/><T15/><D15/><U35/><E131/><V23/><F23/><W90/><G14/><T105/><D99/><U98/><E98/><V133/><F133/><W74/><G90/><AGARI ba="0,0" hai="24,25,32,34,62,63,64,67,90,91,104,105,129,130" machi="90" ten="25,1600,0" yaku="22,2" doraHai="115" who="0" fromWho="3" sc="226,16,236,0,387,0,151,-16" owari="242,4.0,236,-16.0,387,48.0,135,-36.0" /></mjloggm>