<mjloggm ver="2.3"><GO type="169" lobby="0"/><UN n0="%E3%83%88%E3%83%88%E3%83%AA%E5%85%88%E7%94%9F%31%39%E6%AD%B3" n1="%E3%81%A4%E3%81%A3%E3%81%8D%EF%BD%9E%32%6E%64" n2="%E3%82%8F%E3%81%9B%E3%80%82" n3="%E6%B4%A5%E7%94%B0%E6%B2%BC%E3%81%A3%E5%AD%90" dan="19,16,16,16" rate="2266.52,2127.37,2025.85,2146.08" sx="F,F,M,M"/><TAIKYOKU oya="0"/><INIT seed="0,0,0,1,3,58" ten="250,250,250,250" oya="0" hai0="44,90,102,133,62,91,55,111,79,119,50,46,108" hai1="85,54,77,86,117,33,112,98,89,59,29,123,104" hai2="63,39,36,93,105,109,11,60,134,1,23,0,19" hai3="28,13,116,26,125,42,83,5,68,126,100,21,25"/><T40/><D119/><U45/><E123/><V48/><F105/><W49/><G68/><T88/><D133/><U121/><E121/><V3/><F11/><N who="3" m="4335" /><G100/><T8/><D79/><U7/><E117/><V34/><F34/><N who="3" m="20751" /><G83/><T52/><D8/><U118/><E118/><V10/><F10/><W130/><G49/><T103/><D55/><U56/><E112/><V2/><F134/><W101/><G101/><T61/><D103/><U30/><E33/><V124/><F109/><N who="0" m="42058" /><D102/><U73/><E7/><V107/><F107/><W37/><G37/><AGARI ba="0,0" hai="37,40,44,46,50,52,61,62,88,90,91" m="42058" machi="37" ten="30,18000,2" yaku="14,1,10,1,52,2,54,2" doraHai="58" who="0" fromWho="3" sc="250,180,250,0,250,0,250,-180" /><INIT seed="0,1,0,2,5,10" ten="430,250,250,70" oya="0" hai0="125,37,93,29,42,74,84,50,83,71,122,111,119" hai1="60,98,100,70,63,51,126,67,33,104,73,54,48" hai2="86,27,91,89,76,49,123,30,26,95,7,97,31" hai3="15,106,112,2,20,17,22,82,68,78,11,127,41"/><T53/><D119/><U25/><E126/><V131/><F131/><W105/><G68/><T40/><D122/><U79/><E73/><V21/><F7/><W62/><G112/><T32/><D71/><U108/><E108/><V69/><F69/><W6/><G127/><T35/><D125/><U23/><E79/><V64/><F64/><W80/><G80/><T39/><D74/><U85/><E85/><V65/><F65/><W135/><G135/><T115/><D115/><U55/><E60/><V81/><F49/><N who="1" m="19017" /><E23/><N who="2" m="15711" /><F123/><W117/><G117/><T116/><D116/><U16/><E16/><V94/><F94/><W52/><G41/><T1/><D1/><U130/><E130/><V128/><F128/><W134/><G22/><T58/><D93/><U118/><E118/><V114/><F114/><W0/><G0/><T121/><D121/><U129/><E129/><V9/><F9/><W3/><G3/><T103/><D111/><U46/><E46/><V132/><F132/><W28/><G28/><AGARI ba="1,0" hai="25,28,33,54,55,63,67,70,98,100,104" m="19017" machi="28" ten="30,1000,0" yaku="25,1" doraHai="10" who="1" fromWho="3" sc="430,0,250,13,250,0,70,-13" /><INIT seed="1,0,0,1,3,98" ten="430,263,250,57" oya="1" hai0="14,60,77,113,130,70,61,9,132,27,114,85,25" hai1="56,96,39,29,5,58,119,3,128,115,79,44,97" hai2="100,4,99,131,72,126,134,20,82,93,101,74,28" hai3="41,46,24,66,59,8,116,50,17,69,33,63,112"/><U10/><E115/><V18/><F4/><W7/><G112/><T1/><D1/><U53/><E119/><V129/><F28/><W26/><G116/><T30/><D130/><N who="2" m="49674" /><F134/><W122/><G122/><T95/><D132/><U62/><E128/><V0/><F0/><W78/><G33/><T76/><D27/><U135/><E135/><V84/><F126/><W102/><G17/><T103/><D113/><U52/><E79/><N who="2" m="46175" /><F18/><W15/><G102/><N who="2" m="39529" /><F20/><W94/><G94/><T36/><D95/><U19/><E29/><V43/><F43/><W125/><G125/><T67/><D30/><U104/><E19/><V42/><F42/><W32/><G32/><T12/><D114/><U34/><E34/><V123/><F123/><W86/><REACH who="3" step="1"/><G69/><REACH who="3" ten="430,263,250,47" step="2"/><T87/><D70/><U51/><E5/><V92/><F92/><W73/><G73/><T48/><D103/><AGARI ba="0,1" hai="72,74,93,99,103" m="39529,46175,49674" machi="103" ten="30,12000,2" yaku="19,1,34,2,52,4" doraHai="98" who="2" fromWho="0" sc="430,-120,263,0,250,130,47,0" /><INIT seed="2,0,0,5,3,57" ten="310,263,380,47" oya="2" hai0="33,102,62,47,44,4,14,16,15,107,81,2,128" hai1="127,61,8,17,56,132,9,101,112,73,87,43,37" hai2="98,26,96,90,114,125,24,20,89,3,63,83,54" hai3="105,130,38,55,18,21,77,117,85,31,40,88,79"/><V29/><F3/><W46/><G117/><T91/><D33/><U34/><E73/><V111/><F114/><W51/><G105/><T80/><D2/><U13/><E112/><V82/><F125/><W25/><G130/><T126/><D128/><U35/><E127/><V42/><F42/><W110/><G110/><T84/><D126/><U131/><E131/><V11/><F11/><W78/><G31/><T72/><D102/><U22/><E132/><V32/><F90/><W28/><G28/><T52/><D107/><U1/><E37/><V23/><F32/><W99/><G99/><T50/><D72/><U58/><E43/><V60/><F54/><W64/><G64/><T93/><D47/><U124/><E124/><V120/><F120/><W12/><G25/><T65/><D14/><U94/><E58/><V69/><F69/><W133/><G133/><T135/><D4/><U0/><E0/><V119/><F119/><W59/><REACH who="3" step="1"/><G77/><REACH who="3" ten="310,263,380,37" step="2"/><T118/><D118/><U49/><E34/><V41/><F111/><W100/><G100/><T92/><D135/><U19/><E101/><V36/><F98/><W48/><G48/><T74/><D65/><U97/><E49/><V103/><F103/><W75/><G75/><T123/><D123/><U76/><E35/><V134/><F96/><W6/><G6/><T71/><D74/><U109/><E109/><V7/><F7/><W95/><AGARI ba="0,1" hai="12,18,21,38,40,46,51,55,59,78,79,85,88,95" machi="95" ten="20,12000,2" yaku="1,1,0,1,7,1,25,2,54,1,53,1" doraHai="57" doraHaiUra="39" who="3" fromWho="3" sc="310,-30,263,-30,380,-60,37,130" /><INIT seed="3,0,0,2,0,81" ten="280,233,320,167" oya="3" hai0="109,7,124,25,86,73,118,79,80,98,15,32,74" hai1="127,91,59,24,2,114,41,122,18,89,61,130,16" hai2="66,33,54,110,62,12,95,8,67,120,123,0,9" hai3="38,58,46,39,30,36,97,112,96,47,64,1,111"/><W104/><G1/><T107/><D118/><U129/><E122/><N who="2" m="46635" /><F33/><W105/><G112/><T94/><D107/><N who="3" m="41033" /><G58/><T108/><D124/><U113/><E2/><V20/><F0/><W69/><G64/><N who="2" m="24617" /><F95/><W19/><G19/><N who="1" m="7210" /><E24/><V75/><F75/><W85/><G30/><N who="0" m="19535" /><D7/><U126/><E41/><V128/><F20/><W131/><G131/><N who="1" m="50186" /><E61/><V76/><F128/><W68/><G85/><T6/><D15/><U42/><E42/><V5/><F9/><W28/><G28/><T84/><D73/><U22/><E22/><V106/><F106/><W65/><G65/><T117/><D117/><U48/><E48/><V93/><F93/><W17/><G17/><T92/><D6/><U50/><E50/><V83/><F54/><W49/><G49/><T119/><D92/><U45/><E45/><N who="3" m="16906" /><G111/><N who="0" m="42571" /><D119/><U55/><E59/><V51/><F110/><W71/><AGARI ba="0,0" hai="36,38,39,68,69,71,96,97" m="16906,41033" machi="71" ten="50,4800,0" yaku="28,2" doraHai="81" who="3" fromWho="3" sc="280,-16,233,-16,320,-16,167,48" /><INIT seed="3,1,0,4,0,84" ten="264,217,304,215" oya="3" hai0="59,34,20,83,115,26,87,48,61,16,2,134,79" hai1="69,92,8,56,70,66,111,12,107,88,102,47,53" hai2="130,64,45,89,119,27,46,103,18,90,120,133,128" hai3="96,50,104,29,113,98,41,85,22,1,54,80,39"/><W101/><G113/><T67/><D134/><U82/><E111/><V112/><F112/><W72/><G1/><T63/><D115/><U38/><E107/><V0/><F0/><W31/><G72/><T94/><D2/><U106/><E106/><V11/><F119/><W108/><G98/><T129/><D129/><N who="2" m="49770" /><F103/><W81/><G81/><T3/><D3/><U5/><E102/><V124/><F133/><W23/><G39/><T95/><D34/><U125/><E125/><V28/><F64/><W44/><G108/><T68/><REACH who="0" step="1"/><D48/><REACH who="0" ten="254,217,304,215" step="2"/><U40/><E66/><AGARI ba="1,1" hai="16,20,26,59,61,63,66,67,68,79,83,87,94,95" machi="66" ten="30,7700,0" yaku="1,1,2,1,7,1,54,1,53,0" doraHai="84" doraHaiUra="135" who="0" fromWho="1" sc="254,90,217,-80,304,0,215,0" /><INIT seed="4,0,0,3,5,82" ten="344,137,304,215" oya="0" hai0="30,120,9,52,80,126,0,75,29,21,96,132,73" hai1="11,76,122,46,102,39,49,86,25,87,40,88,64" hai2="44,14,106,104,84,16,130,22,69,108,134,3,31" hai3="47,20,58,95,128,6,124,70,90,113,54,77,41"/><T24/><D120/><U125/><E125/><V5/><F69/><W74/><G128/><T91/><D126/><U51/><E122/><V34/><F108/><W65/><G113/><T38/><D38/><U55/><E39/><V112/><F112/><W57/><G70/><T7/><D132/><U129/><E129/><V15/><F15/><W56/><G124/><T116/><D116/><U135/><E135/><V18/><F18/><W100/><G100/><T35/><D30/><U79/><E102/><V81/><F44/><W12/><G77/><N who="1" m="29770" /><E64/><V85/><F81/><W92/><G74/><T99/><D35/><U61/><E61/><V115/><F115/><W110/><G95/><T67/><D67/><U98/><E11/><N who="2" m="2495" /><F134/><W33/><G33/><T131/><D131/><U123/><E25/><N who="2" m="18799" /><F130/><W63/><G110/><T117/><D117/><U93/><E123/><V101/><F101/><W114/><G114/><T23/><D0/><U17/><E17/><V32/><F32/><W133/><G133/><T19/><D19/><U45/><AGARI ba="0,0" hai="40,45,46,49,51,55,86,87,88,93,98" m="29770" machi="45" ten="30,7900,0" yaku="8,1,52,2,54,1" doraHai="82" who="1" fromWho="1" sc="344,-39,137,79,304,-20,215,-20" /><INIT seed="5,0,0,5,3,81" ten="305,216,284,195" oya="1" hai0="40,122,106,11,132,127,3,41,88,74,135,90,99" hai1="45,95,133,36,129,79,15,25,65,14,0,70,27" hai2="67,16,87,17,71,69,61,56,78,8,34,30,89" hai3="73,51,83,85,26,123,94,76,62,53,47,108,21"/><U19/><E0/><V52/><F78/><W12/><G108/><T68/><D68/><U100/><E129/><V128/><F128/><W117/><G123/><T97/><D74/><U29/><E133/><N who="0" m="51273" /><D127/><U10/><E70/><V58/><F71/><W35/><G35/><T43/><D122/><U115/><E115/><V46/><F69/><W125/><G117/><T93/><D106/><U72/><E72/><V13/><F34/><W104/><G104/><T121/><D121/><U24/><E65/><V42/><F30/><W98/><G125/><T64/><D64/><U22/><E79/><V113/><F113/><W103/><G12/><T1/><D11/><U101/><E29/><V91/><F91/><N who="0" m="34858" /><D93/><U5/><REACH who="1" step="1"/><E95/><REACH who="1" ten="305,206,284,195" step="2"/><N who="2" m="54719" /><F67/><W120/><G120/><T109/><D109/><U49/><E49/><N who="2" m="26839" /><F58/><W119/><G119/><T75/><D75/><U118/><E118/><V7/><AGARI ba="0,1" hai="7,8,13,16,17,52,56,61" m="26839,54719" machi="7" ten="30,7900,0" yaku="8,1,52,1,54,2" doraHai="81" who="2" fromWho="2" sc="305,-20,206,-39,284,89,195,-20" /><INIT seed="6,0,0,3,2,19" ten="285,167,373,175" oya="2" hai0="125,42,113,115,129,7,124,39,26,33,108,89,82" hai1="17,47,43,45,21,84,51,114,38,15,97,24,87" hai2="80,102,76,66,23,85,103,71,28,104,16,92,119" hai3="3,110,99,58,105,98,50,69,123,73,34,81,29"/><V41/><F28/><W30/><G69/><T22/><D39/><U90/><E114/><N who="0" m="43529" /><D42/><U56/><E56/><V79/><F104/><W54/><G123/><T57/><D57/><U49/><E38/><V65/><F41/><W77/><G3/><T35/><D82/><U127/><E127/><N who="0" m="48713" /><D89/><U135/><E135/><V122/><F122/><W64/><G110/><T118/><D108/><U132/><E132/><V13/><F71/><W130/><G130/><T95/><D95/><N who="1" m="56567" /><E24/><V63/><F63/><W40/><G40/><AGARI ba="0,0" hai="15,17,21,40,43,45,47,49,51,84,87" m="56567" machi="40" ten="30,2000,0" yaku="8,1,52,1" doraHai="19" who="1" fromWho="3" sc="285,0,167,20,373,0,175,-20" /><INIT seed="7,0,0,4,4,60" ten="285,187,373,155" oya="3" hai0="120,30,74,51,101,71,75,122,39,63,38,41,34" hai1="2,69,92,118,110,76,96,22,25,37,107,116,55" hai2="21,82,32,23,73,58,57,112,86,68,65,15,105" hai3="53,64,104,84,124,54,29,61,62,52,126,91,87"/><W3/><G104/><T13/><D13/><U127/><E110/><V99/><F32/><W115/><G115/><T88/><D51/><U8/><E107/><V26/><F73/><W36/><G36/><T67/><D88/><U90/><E127/><N who="3" m="48682" /><G3/><T46/><D101/><U100/><E37/><V89/><F112/><W7/><G7/><T24/><D39/><U47/><E69/><V27/><F68/><N who="3" m="42007" /><G29/><T28/><D30/><U121/><E121/><V0/><F0/><W113/><G113/><T95/><D95/><U14/><E76/><V132/><F132/><W11/><G11/><T114/><D114/><U85/><E2/><V45/><F105/><W9/><G9/><T102/><D102/><U48/><E100/><V129/><F129/><W40/><G40/><T130/><D130/><U35/><E35/><V119/><F119/><N who="1" m="45609" /><E96/><V16/><F99/><W20/><G20/><T133/><D133/><U108/><E108/><V123/><F23/><W131/><G131/><T80/><D75/><U117/><E117/><V12/><F123/><W81/><G87/><T4/><D4/><N who="1" m="3335" /><E22/><V93/><F86/><W1/><G1/><T5/><D5/><U106/><E106/><V66/><F21/><W50/><G61/><T79/><AGARI ba="0,0" hai="24,28,34,38,41,46,63,67,71,74,79,80,120,122" machi="79" ten="30,7900,0" yaku="0,1,23,2,52,1" doraHai="60" who="0" fromWho="0" sc="285,79,187,-20,373,-20,155,-39" owari="364,46.0,167,-23.0,353,15.0,116,-38.0" /></mjloggm>