<mjloggm ver="2.3"><GO type="169" lobby="0"/><UN n0="%E3%82%B3%E3%83%BC%E3%83%A9%E4%B8%8B%E3%81%95%E3%81%84" n1="%68%61%72%75%72%75%39%31" n2="%E3%82%B7%E3%83%A3%E3%82%AD%E3%82%AA%E3%83%8B" n3="%E5%B0%B1%E6%B4%BB%E7%94%9F%40%E5%B7%9D%E6%9D%91%E8%BB%8D%E5%9B%A3" dan="19,16,17,18" rate="2326.09,2083.05,2120.14,2255.34" sx="M,M,M,M"/><TAIKYOKU oya="0"/><INIT seed="0,0,0,2,4,95" ten="250,250,250,250" oya="0" hai0="100,21,0,6,16,57,1,2,130,118,90,9,11" hai1="39,104,93,23,75,106,32,51,41,116,96,35,73" hai2="126,122,40,20,86,42,47,46,5,121,38,82,74" hai3="119,132,45,92,85,94,98,133,111,77,135,4,10"/><T128/><D100/><U37/><E51/><V102/><F126/><W55/><G119/><T13/><D90/><U131/><E23/><V15/><F74/><W105/><G111/><T59/><D118/><U26/><E26/><V109/><F109/><W36/><G105/><T12/><D57/><U24/><E24/><V28/><F102/><W91/><G77/><T52/><REACH who="0" step="1"/><D9/><REACH who="0" ten="240,250,250,250" step="2"/><U65/><E116/><V69/><F69/><W83/><G10/><T99/><D99/><U53/><E104/><V50/><F122/><W48/><G98/><T76/><D76/><U107/><E96/><V49/><F121/><W112/><G83/><T129/><D129/><U56/><E56/><V29/><F38/><W58/><G94/><T64/><D64/><U81/><E65/><V71/><F71/><W117/><G117/><T134/><D134/><U89/><E93/><V19/><F5/><W78/><G4/><T72/><D72/><U124/><E39/><V115/><F115/><W114/><G78/><AGARI ba="0,1" hai="15,19,20,28,29,40,42,46,47,49,50,78,82,86" machi="78" ten="30,3900,0" yaku="7,1,9,1,8,1" doraHai="95" who="2" fromWho="3" sc="240,0,250,0,250,49,250,-39" /><INIT seed="1,0,0,3,1,83" ten="240,250,299,211" oya="1" hai0="120,107,117,26,100,13,27,30,104,1,43,85,37" hai1="105,10,126,109,28,8,20,135,92,133,91,35,38" hai2="59,76,36,50,70,21,81,9,22,53,74,78,23" hai3="131,2,97,77,42,129,3,29,123,112,11,63,66"/><U108/><E105/><V116/><F116/><W61/><G123/><T40/><D1/><U65/><E38/><V48/><F36/><W6/><G112/><T72/><D72/><U89/><E65/><V122/><F122/><W0/><G42/><T113/><D120/><U14/><E35/><V128/><F128/><W33/><G97/><T75/><D75/><U68/><E68/><V98/><F70/><W101/><G101/><T84/><D37/><U25/><E126/><V103/><F78/><W56/><G77/><T110/><D110/><N who="1" m="42603" /><E91/><V102/><F9/><N who="1" m="3689" /><E14/><V49/><REACH who="2" step="1"/><F103/><REACH who="2" ten="240,250,289,211" step="2"/><W95/><G129/><T41/><D100/><U62/><E62/><V64/><F64/><W82/><G63/><T94/><D117/><U80/><E80/><V124/><F124/><W111/><G82/><T18/><D113/><U115/><E115/><V69/><F69/><W99/><G111/><T57/><D104/><AGARI ba="0,1" hai="21,22,23,48,49,50,53,59,74,76,81,98,102,104" machi="104" ten="40,1300,0" yaku="1,1,53,0" doraHai="83" doraHaiUra="86" who="2" fromWho="0" sc="240,-13,250,0,289,23,211,0" /><INIT seed="2,0,0,5,4,66" ten="227,250,312,211" oya="2" hai0="13,126,110,134,123,62,51,82,45,89,23,86,73" hai1="34,111,0,49,125,18,100,26,85,16,32,117,106" hai2="48,17,52,12,71,24,9,108,53,130,33,112,128" hai3="72,75,43,37,70,109,40,68,39,103,6,1,64"/><V119/><F112/><W87/><G103/><T38/><D110/><U107/><E117/><V55/><F119/><W28/><G28/><T58/><D123/><U129/><E0/><V90/><F108/><W57/><G87/><T11/><D126/><U41/><E125/><V19/><F90/><W61/><G109/><T3/><D38/><N who="3" m="14345" /><G6/><T101/><D134/><U78/><E49/><V102/><F102/><W7/><G7/><T54/><D3/><U133/><E41/><N who="3" m="15946" /><G1/><T97/><D73/><U96/><E100/><V81/><F81/><W80/><G80/><T135/><D135/><U25/><E85/><V94/><F94/><W4/><G4/><T50/><D23/><U10/><E96/><V92/><F92/><W113/><G75/><T98/><D98/><U69/><E111/><V99/><F99/><W114/><G72/><T83/><D83/><U8/><E78/><V104/><F104/><W115/><AGARI ba="0,0" hai="57,61,64,68,70,113,114,115" m="15946,14345" machi="115" ten="40,8000,1" yaku="11,1,34,2,52,2" doraHai="66" who="3" fromWho="3" sc="227,-20,250,-20,312,-40,211,80" /><INIT seed="3,0,0,5,3,8" ten="207,230,272,291" oya="3" hai0="93,119,73,88,107,100,133,45,55,52,62,24,118" hai1="18,20,21,99,65,36,116,109,22,59,25,50,23" hai2="14,60,80,51,125,131,54,17,56,1,122,53,69" hai3="81,95,38,128,6,90,129,33,7,124,98,130,28"/><W106/><G38/><T92/><D73/><U9/><E36/><V112/><F112/><W66/><G124/><T15/><D107/><U101/><E109/><V26/><F125/><W19/><G106/><T113/><D133/><U77/><E116/><V104/><F104/><W13/><G66/><T49/><D113/><U71/><E71/><V127/><F127/><W132/><G132/><T67/><D24/><U87/><E9/><V5/><F131/><W64/><G64/><T120/><D120/><U96/><E65/><V43/><F1/><W91/><G28/><T35/><D35/><U41/><E101/><V46/><F69/><W105/><G33/><T108/><D108/><U29/><E29/><V78/><F26/><W123/><G123/><T72/><D72/><U110/><E110/><V84/><F5/><W0/><G0/><T75/><D75/><U68/><E68/><V111/><F111/><W89/><G105/><T61/><D67/><U12/><E25/><V103/><F103/><W76/><G76/><T32/><D32/><U44/><REACH who="1" step="1"/><E59/><REACH who="1" ten="207,220,272,291" step="2"/><V48/><F122/><W10/><G81/><AGARI ba="0,1" hai="12,18,20,21,22,23,41,44,50,77,81,87,96,99" machi="81" ten="40,8000,1" yaku="1,1,2,1,8,1,52,1,53,0" doraHai="8" doraHaiUra="30" who="1" fromWho="3" sc="207,0,220,90,272,0,291,-80" /><INIT seed="4,0,0,0,2,115" ten="207,310,272,211" oya="0" hai0="92,58,100,110,33,132,47,57,118,64,41,94,127" hai1="74,86,7,102,105,14,3,44,48,106,53,59,6" hai2="109,122,51,23,27,62,91,123,111,79,8,56,121" hai3="83,9,31,75,134,1,96,65,43,4,49,128,17"/><T117/><D33/><U42/><E74/><V76/><F51/><W61/><G128/><T19/><D127/><U30/><E3/><V97/><F8/><W131/><G131/><T54/><D94/><U18/><E30/><V133/><F133/><W77/><G134/><T112/><D132/><U40/><E40/><V63/><F63/><W89/><G31/><T107/><D107/><U125/><E125/><V70/><F70/><W87/><G17/><T124/><D124/><U108/><E108/><V99/><F109/><W82/><G96/><T95/><D95/><U22/><E102/><V35/><F35/><W0/><G49/><N who="0" m="30927" /><D19/><U13/><E86/><V72/><F72/><W25/><G25/><T66/><D110/><U119/><E119/><N who="0" m="45577" /><D112/><U113/><E113/><V26/><F26/><W12/><G43/><T28/><D28/><U55/><E42/><V50/><F111/><W5/><G5/><T21/><D21/><U135/><E135/><V34/><F34/><W11/><G11/><T88/><D100/><U93/><E93/><N who="2" m="56511" /><F50/><W103/><G103/><T90/><D90/><U20/><E105/><V52/><F99/><W101/><G101/><T98/><D58/><AGARI ba="0,0" hai="0,1,4,9,12,58,61,65,75,77,82,83,87,89" machi="58" ten="30,1000,0" yaku="7,1" doraHai="115" who="3" fromWho="0" sc="207,-10,310,0,272,0,211,10" /><INIT seed="5,0,0,5,5,108" ten="197,310,272,221" oya="1" hai0="59,49,124,111,104,82,100,45,6,66,34,112,78" hai1="75,30,16,81,56,38,64,67,70,4,96,135,117" hai2="47,53,121,77,41,113,90,18,19,93,5,17,61" hai3="97,24,0,20,132,1,84,63,118,107,87,126,116"/><U32/><E135/><V36/><F121/><W54/><G132/><T62/><D111/><U88/><E38/><V73/><F5/><W125/><G107/><T13/><D34/><U119/><E70/><V85/><F73/><W27/><G97/><T134/><D134/><U76/><E4/><V92/><F77/><W33/><G33/><T37/><D37/><U2/><E2/><N who="3" m="1130" /><G54/><T25/><D25/><N who="3" m="9801" /><G63/><T79/><D79/><U28/><E32/><V68/><F92/><W43/><G43/><T22/><D100/><U94/><E56/><V99/><F99/><W120/><G20/><T91/><D104/><U46/><E46/><V29/><F29/><W114/><G114/><T44/><D91/><U31/><REACH who="1" step="1"/><E16/><REACH who="1" ten="197,300,272,221" step="2"/><V58/><F68/><W80/><G120/><T35/><D35/><U7/><E7/><V9/><F18/><W40/><G40/><T103/><D44/><U123/><E123/><V57/><F19/><W52/><G52/><T51/><D6/><U110/><E110/><V55/><F58/><W50/><G50/><T105/><D49/><U83/><E83/><V122/><F55/><W60/><G80/><T131/><D51/><U8/><E8/><V11/><F122/><W89/><G60/><T10/><D10/><N who="2" m="3594" /><F17/><W98/><G118/><AGARI ba="0,1" hai="28,30,31,64,67,75,76,81,88,94,96,117,118,119" machi="118" ten="40,3900,0" yaku="1,1,54,1,53,0" doraHai="108" doraHaiUra="71" who="1" fromWho="3" sc="197,0,300,49,272,0,221,-39" /><INIT seed="5,1,0,0,0,108" ten="197,349,272,182" oya="1" hai0="71,24,35,29,112,37,3,120,123,94,96,56,78" hai1="57,114,30,86,99,54,76,58,36,15,125,98,38" hai2="8,27,128,115,62,101,48,93,88,44,81,113,1" hai3="82,4,42,117,135,89,46,133,106,28,119,2,34"/><U52/><E125/><V55/><F128/><W102/><G89/><T61/><D37/><U111/><E111/><V105/><F27/><N who="3" m="18719" /><G82/><T85/><D3/><U7/><E30/><V103/><F81/><W75/><G75/><T70/><D112/><N who="2" m="43082" /><F105/><W51/><G2/><T65/><D85/><U84/><E114/><V73/><F73/><W107/><G4/><T63/><D78/><U0/><E0/><V12/><F62/><W45/><G45/><T31/><D31/><U69/><E69/><V6/><F1/><W122/><G122/><N who="0" m="46635" /><D63/><U92/><E92/><V74/><F74/><W10/><G106/><T33/><D33/><U16/><E76/><V79/><F79/><W80/><G80/><T39/><D39/><U91/><E91/><AGARI ba="1,0" hai="24,29,35,56,61,65,70,71,91,94,96" m="46635" machi="91" ten="30,1000,0" yaku="13,1" doraHai="108" who="0" fromWho="1" sc="197,13,349,-13,272,0,182,0" /><INIT seed="6,0,0,3,0,6" ten="210,336,272,182" oya="2" hai0="131,115,98,54,120,3,121,99,44,91,71,7,118" hai1="19,47,80,58,12,32,133,29,35,112,50,15,116" hai2="26,42,81,82,59,52,11,78,85,18,56,55,95" hai3="126,123,24,96,88,75,117,20,41,74,73,93,9"/><V84/><F42/><W61/><G123/><T0/><D71/><U5/><E116/><V109/><F109/><W92/><G117/><T130/><D115/><U38/><E112/><V97/><F56/><W76/><G126/><T65/><D65/><U134/><E29/><V48/><F55/><W110/><G110/><T100/><D118/><U13/><E38/><V62/><F48/><W106/><G106/><T53/><D91/><U51/><E80/><V66/><F66/><W135/><G135/><N who="1" m="51722" /><E5/><V105/><F105/><W77/><G41/><T8/><D3/><U33/><E58/><V21/><F11/><W113/><G113/><T36/><D99/><U127/><E127/><V72/><REACH who="2" step="1"/><F82/><REACH who="2" ten="210,336,262,182" step="2"/><W128/><G61/><T70/><D120/><U10/><E51/><V23/><F23/><W119/><G119/><T90/><D121/><U68/><E68/><V37/><F37/><W83/><G83/><T94/><D70/><U39/><E39/><V49/><F49/><W60/><G60/><T43/><D54/><AGARI ba="0,1" hai="10,12,13,15,19,32,33,35,47,50,54" m="51722" machi="54" ten="40,2600,0" yaku="20,1,52,1" doraHai="6" who="1" fromWho="0" sc="210,-26,336,36,262,0,182,0" /><INIT seed="7,0,0,2,3,3" ten="184,372,262,182" oya="3" hai0="16,123,55,90,19,107,52,14,38,117,67,119,73" hai1="106,103,122,7,48,54,88,130,66,97,8,32,108" hai2="115,60,21,18,124,79,49,71,114,82,91,112,118" hai3="31,109,34,96,99,77,53,51,17,15,135,127,126"/><W20/><G135/><T4/><D123/><U69/><E108/><V33/><F124/><W1/><G77/><T104/><D38/><U61/><E130/><V25/><F118/><W41/><G41/><T131/><D73/><U85/><E32/><V111/><F111/><W70/><G70/><T58/><D67/><U47/><E122/><V65/><F33/><W45/><G109/><T29/><D29/><U42/><E42/><V43/><F91/><W100/><G1/><T75/><D75/><U5/><E8/><V80/><F79/><W23/><G34/><T89/><D131/><U30/><E30/><V62/><F62/><W50/><G51/><T83/><D83/><AGARI ba="0,0" hai="5,7,47,48,54,61,66,69,83,85,88,97,103,106" machi="83" ten="30,7700,0" yaku="7,1,52,2,54,1" doraHai="3" who="1" fromWho="0" sc="184,-77,372,77,262,0,182,0" owari="107,-39.0,449,55.0,262,6.0,182,-22.0" /></mjloggm>