<mjloggm ver="2.3"><GO type="169" lobby="0"/><UN n0="%57%6F%6D%62%61%74" n1="%E3%83%A1%E3%82%AB%E3%82%BC%E3%83%83%E3%83%88%E3%83%B3" n2="%E3%83%95%E3%82%A7%E3%83%AB%E3%83%8A%E3%83%B3%E3%83%89" n3="%E3%83%88%E3%83%88%E3%83%AA%E5%85%88%E7%94%9F%31%39%E6%AD%B3" dan="16,17,17,18" rate="2092.55,2231.32,2203.51,2220.32" sx="M,M,M,F"/><TAIKYOKU oya="0"/><INIT seed="0,0,0,3,5,114" ten="250,250,250,250" oya="0" hai0="25,2,110,127,83,3,105,102,97,85,73,113,15" hai1="118,36,84,71,86,63,95,1,27,37,18,31,0" hai2="80,119,133,20,17,45,94,19,75,79,50,107,72" hai3="101,55,5,13,99,100,39,21,65,122,58,93,125"/><T129/><D113/><U64/><E18/><V123/><F107/><W106/><G39/><T53/><D127/><U98/><E37/><V30/><F123/><W59/><G125/><T135/><D73/><U29/><E36/><V38/><F38/><W33/><G33/><T132/><D129/><U77/><E31/><V7/><F75/><W9/><G122/><T10/><D25/><U104/><E118/><V103/><F133/><N who="0" m="51274" /><D53/><U6/><E104/><V109/><F109/><W87/><G65/><T67/><D67/><U120/><E120/><V78/><F78/><W32/><G32/><T49/><D49/><U43/><E43/><V69/><F69/><W12/><G106/><T24/><D24/><U40/><E40/><V70/><F70/><W26/><G87/><T22/><D22/><U68/><E68/><V57/><F30/><W61/><G58/><T41/><D41/><U134/><E134/><V116/><F57/><W28/><REACH who="3" step="1"/><G13/><REACH who="3" ten="250,250,250,240" step="2"/><T124/><D124/><U60/><E64/><V34/><F34/><W91/><AGARI ba="0,1" hai="5,9,12,21,26,28,55,59,61,91,93,99,100,101" machi="91" ten="20,12000,2" yaku="1,1,2,1,0,1,7,1,8,1,53,1" doraHai="114" doraHaiUra="92" who="3" fromWho="3" sc="250,-60,250,-30,250,-30,240,130" /><INIT seed="1,0,0,5,4,16" ten="190,220,220,370" oya="1" hai0="52,84,61,28,8,114,24,62,113,130,72,12,58" hai1="99,100,55,125,129,20,68,96,131,81,80,87,101" hai2="102,112,2,50,31,33,40,0,85,120,115,116,37" hai3="39,135,78,70,57,10,128,73,38,104,105,79,133"/><U95/><E68/><V23/><F116/><W44/><G70/><T67/><D72/><U47/><E47/><V107/><F120/><W65/><G128/><N who="1" m="49226" /><E55/><V60/><F50/><W29/><G10/><T71/><D130/><U126/><E20/><V59/><F85/><W94/><G94/><T109/><D109/><U49/><E49/><V11/><F23/><W124/><G29/><T75/><D75/><U103/><E81/><V15/><F15/><W132/><G124/><N who="1" m="47722" /><E95/><V5/><F59/><W22/><G22/><T127/><D127/><U93/><E93/><V56/><F56/><W9/><G9/><T48/><D62/><U64/><E64/><V66/><F60/><N who="3" m="38031" /><G73/><T34/><REACH who="0" step="1"/><D84/><REACH who="0" ten="180,220,220,370" step="2"/><U118/><E118/><V19/><F66/><W6/><G39/><T108/><D108/><U82/><E82/><V90/><F37/><W21/><G38/><T26/><D26/><U35/><E35/><V18/><F33/><W122/><G44/><T121/><D121/><U45/><E45/><V63/><F63/><W106/><G122/><T17/><AGARI ba="0,1" hai="8,12,17,24,28,34,48,52,58,61,67,71,113,114" machi="17" ten="20,5200,0" yaku="1,1,0,1,7,1,54,1,53,0" doraHai="16" doraHaiUra="97" who="0" fromWho="0" sc="180,62,220,-26,220,-13,370,-13" /><INIT seed="2,0,0,0,3,20" ten="242,194,207,357" oya="2" hai0="131,47,80,51,17,132,98,50,108,13,40,23,9" hai1="73,36,96,30,124,133,25,10,113,104,76,120,105" hai2="2,97,129,92,4,122,68,135,31,85,70,99,59" hai3="103,8,86,56,119,87,29,78,84,100,38,90,75"/><V83/><F122/><W125/><G119/><T126/><D108/><U24/><E36/><V14/><F2/><W102/><G38/><T55/><D126/><U81/><E124/><V93/><F129/><W71/><G125/><T15/><D131/><U46/><E113/><V64/><F135/><W116/><G116/><T32/><D32/><U130/><E130/><V58/><F31/><W134/><G71/><T107/><D132/><U39/><E133/><V117/><F117/><W106/><G134/><T22/><D80/><U42/><E120/><V79/><F70/><W66/><G8/><T19/><D107/><U7/><E96/><V61/><F68/><W114/><G56/><T12/><D98/><N who="2" m="37386" /><F59/><W53/><G53/><T88/><D88/><U0/><E24/><V82/><F82/><N who="3" m="45407" /><G66/><T95/><D95/><N who="2" m="36426" /><F14/><W63/><G29/><T49/><REACH who="0" step="1"/><D40/><REACH who="0" ten="232,194,207,357" step="2"/><U62/><E62/><V77/><F79/><W128/><G63/><T72/><D72/><U43/><E42/><V52/><F64/><W127/><G128/><T57/><D57/><U33/><AGARI ba="0,1" hai="0,7,10,25,30,33,39,43,46,73,76,81,104,105" machi="33" ten="20,16000,3" yaku="0,1,7,1,25,2,33,3,52,1" doraHai="20" who="1" fromWho="1" sc="232,-40,194,170,207,-80,357,-40" /><INIT seed="3,0,0,1,2,38" ten="192,364,127,317" oya="3" hai0="95,3,62,28,74,80,41,66,59,31,109,73,37" hai1="14,27,46,48,51,115,1,131,11,4,133,18,9" hai2="7,0,19,23,12,99,78,57,21,116,52,75,49" hai3="81,91,83,87,55,88,76,47,71,111,40,79,68"/><W8/><G111/><T54/><D109/><U119/><E115/><V117/><F23/><W20/><G55/><T43/><D3/><U121/><E121/><V30/><F30/><W101/><G101/><T124/><D124/><U123/><E123/><V98/><F75/><W108/><G108/><T84/><D95/><U129/><E133/><V94/><F78/><W105/><G105/><T53/><D37/><U97/><E119/><V34/><F34/><W61/><G20/><T72/><D53/><U35/><E97/><V92/><F99/><W65/><G71/><T56/><D28/><N who="1" m="19871" /><E46/><V6/><F94/><W39/><REACH who="3" step="1"/><G8/><REACH who="3" ten="192,364,127,307" step="2"/><T67/><D67/><U122/><E122/><V125/><F117/><W90/><G90/><T93/><D31/><U36/><E11/><V45/><F116/><W104/><G104/><T103/><D103/><U29/><E9/><V82/><F21/><W113/><G113/><T102/><D102/><U22/><E22/><V107/><F107/><W127/><G127/><T33/><D33/><U132/><E29/><V77/><F125/><W5/><G5/><T10/><D10/><U134/><E4/><V130/><F7/><W85/><AGARI ba="0,1" hai="39,40,47,61,65,68,76,79,81,83,85,87,88,91" machi="85" ten="20,18000,2" yaku="1,1,0,1,7,1,9,1,52,1,54,1,53,0" doraHai="38" doraHaiUra="2" who="3" fromWho="3" sc="192,-60,364,-60,127,-60,307,190" /><INIT seed="3,1,0,0,0,44" ten="132,304,67,497" oya="3" hai0="20,63,126,130,24,124,73,18,4,61,82,8,1" hai1="83,101,119,10,43,66,34,47,106,95,98,33,114" hai2="54,21,100,49,134,9,109,86,97,16,60,78,96" hai3="104,85,99,108,113,92,50,48,42,59,110,77,57"/><W71/><G71/><T122/><D122/><U22/><E114/><V72/><F72/><W107/><G113/><T135/><D130/><U89/><E119/><V58/><F109/><N who="3" m="42091" /><G42/><T14/><D135/><U23/><E66/><V132/><F9/><W94/><G59/><T31/><D73/><U28/><E10/><V90/><F78/><W74/><G74/><T91/><D82/><U120/><E83/><N who="2" m="49503" /><F100/><N who="3" m="60519" /><G57/><T70/><D91/><U2/><E89/><V0/><F0/><W102/><G94/><T11/><D70/><U81/><E95/><V111/><F111/><W38/><G38/><T5/><D61/><U36/><E43/><V39/><F39/><W128/><G128/><T46/><D63/><U7/><E36/><V88/><F60/><W35/><G35/><T115/><D46/><U117/><E47/><V51/><F51/><N who="3" m="19499" /><G102/><T26/><D115/><U112/><E101/><V37/><F37/><W55/><G55/><T68/><D68/><U69/><E69/><V121/><F134/><W127/><G127/><T62/><D62/><U131/><E34/><AGARI ba="1,0" hai="1,4,5,8,11,14,18,20,24,26,31,34,124,126" machi="34" ten="40,5200,0" yaku="34,3" doraHai="44" who="0" fromWho="1" sc="132,55,304,-55,67,0,497,0" /><INIT seed="4,0,0,5,5,30" ten="187,249,67,497" oya="0" hai0="122,16,78,88,101,103,47,51,15,126,85,109,43" hai1="52,121,87,49,81,131,107,4,69,129,65,3,72" hai2="74,5,13,110,82,23,9,68,26,61,108,80,31" hai3="79,38,37,35,125,60,127,96,24,22,36,19,134"/><T10/><D122/><U1/><E107/><V7/><F7/><W102/><G134/><T112/><D112/><U20/><E72/><V29/><F29/><W104/><G79/><T105/><D126/><N who="3" m="48137" /><G60/><T114/><D114/><U84/><E121/><V66/><REACH who="2" step="1"/><F74/><REACH who="2" ten="187,249,57,497" step="2"/><W67/><G67/><T2/><D2/><U92/><E65/><V45/><F45/><W70/><G70/><T116/><D109/><AGARI ba="0,1" hai="5,9,13,23,26,31,61,66,68,80,82,108,109,110" machi="109" ten="40,1300,0" yaku="1,1,53,0" doraHai="30" doraHaiUra="118" who="2" fromWho="0" sc="187,-13,249,0,57,23,497,0" /><INIT seed="5,0,0,5,5,113" ten="174,249,80,497" oya="1" hai0="2,96,77,26,17,132,32,127,94,8,67,87,62" hai1="9,83,124,89,40,122,130,90,25,134,92,11,88" hai2="16,53,4,43,105,45,112,36,99,104,19,79,49" hai3="22,86,51,78,10,39,71,59,35,82,106,116,115"/><U33/><E122/><V109/><F109/><W123/><G35/><T72/><D72/><U118/><E40/><V68/><F112/><W93/><G123/><T47/><D127/><U15/><E124/><V48/><F68/><W0/><G115/><T65/><D132/><U14/><E134/><V70/><F70/><W98/><G71/><T61/><D77/><U69/><E69/><V107/><F4/><W3/><G106/><T38/><D87/><U63/><E63/><V20/><F79/><W131/><G39/><T114/><D38/><U13/><E130/><V117/><F36/><W52/><G131/><T7/><D47/><U102/><E83/><V120/><F120/><W80/><G116/><T125/><D125/><U31/><REACH who="1" step="1"/><E118/><REACH who="1" ten="174,239,80,497" step="2"/><V119/><F119/><W121/><G82/><T24/><D61/><U100/><E100/><V129/><F129/><W97/><G121/><T18/><D62/><U23/><E23/><V66/><F117/><W37/><G22/><T133/><D133/><U6/><E6/><V76/><F20/><W44/><G80/><T135/><D135/><U111/><E111/><V60/><F43/><W91/><G37/><T5/><D5/><U64/><E64/><V110/><F110/><W75/><G51/><T50/><D50/><U84/><E84/><V95/><F49/><W108/><G86/><T46/><D65/><U126/><E126/><V42/><F42/><W73/><G108/><T30/><D67/><U101/><E101/><N who="2" m="60671" /><F76/><W12/><G78/><T21/><D114/><U41/><E41/><N who="2" m="24623" /><F66/><W34/><G73/><T28/><D7/><RYUUKYOKU ba="0,1" sc="174,-15,239,15,80,15,497,-15" hai1="9,11,13,14,15,25,31,33,88,89,90,92,102" hai2="16,19,53,60,104,105,107" /><INIT seed="5,1,1,2,0,82" ten="159,254,95,482" oya="1" hai0="118,5,94,121,40,97,41,122,135,109,104,61,95" hai1="90,116,46,115,132,38,133,120,9,37,110,76,130" hai2="55,69,79,106,66,7,45,68,27,128,105,83,14" hai3="103,36,60,57,64,107,101,13,8,124,25,34,125"/><U81/><E120/><N who="0" m="46185" /><D109/><U99/><E110/><V86/><F128/><W53/><G36/><T20/><D118/><U23/><E115/><V77/><F77/><W26/><G53/><T84/><D104/><U63/><E116/><V11/><F27/><N who="3" m="10251" /><G107/><T108/><D108/><U70/><E23/><V58/><F69/><W16/><G34/><T2/><D61/><U31/><E31/><V51/><REACH who="2" step="1"/><F68/><REACH who="2" ten="159,254,85,482" step="2"/><W21/><G125/><T1/><D135/><U48/><E70/><V54/><F54/><W15/><G124/><T4/><D40/><U100/><E130/><V42/><F42/><W30/><G30/><T127/><D41/><U96/><E76/><V65/><F65/><W28/><G28/><T0/><D127/><U33/><E133/><V17/><F17/><AGARI ba="1,2" hai="8,13,15,16,17,21,57,60,64,101,103" m="10251" machi="17" ten="30,2000,0" yaku="8,1,54,1" doraHai="82" who="3" fromWho="2" sc="159,0,254,0,85,-23,482,43" /><INIT seed="6,0,0,4,5,108" ten="159,254,62,525" oya="2" hai0="82,59,43,50,18,102,29,118,84,96,87,99,0" hai1="111,35,68,10,113,31,76,129,24,110,131,58,46" hai2="115,37,51,40,80,38,42,91,33,4,61,85,114" hai3="109,39,66,135,12,47,30,77,92,97,127,32,104"/><V22/><F33/><W17/><G104/><T117/><D0/><U41/><E68/><V1/><F1/><W122/><G122/><T48/><D29/><U72/><E113/><N who="2" m="43019" /><F4/><W62/><G135/><T90/><D18/><U112/><E112/><V79/><F61/><W60/><G127/><T81/><D43/><N who="2" m="16426" /><F51/><W119/><G62/><T45/><D45/><U56/><E46/><V26/><F79/><W55/><G77/><N who="0" m="46127" /><D59/><U130/><E76/><V83/><F83/><W73/><G60/><T103/><D50/><U25/><E35/><V19/><AGARI ba="0,0" hai="19,22,26,37,38,80,85,91" m="16426,43019" machi="19" ten="30,11700,0" yaku="15,1,52,3" doraHai="108" who="2" fromWho="2" sc="159,-39,254,-39,62,117,525,-39" /><INIT seed="6,1,0,5,1,75" ten="120,215,179,486" oya="2" hai0="132,24,109,128,3,17,61,99,62,10,102,81,116" hai1="103,26,105,80,122,101,25,4,121,76,112,44,74" hai2="54,96,90,5,64,98,12,104,93,35,31,59,13" hai3="119,118,45,66,7,37,95,50,125,46,123,89,108"/><V11/><F64/><W41/><G108/><T94/><D109/><U15/><E112/><V87/><F104/><W135/><G123/><N who="1" m="47114" /><E44/><V0/><F13/><W28/><G135/><T8/><D132/><U27/><E105/><V126/><F12/><W83/><G125/><T67/><D128/><U97/><E97/><V88/><F90/><W47/><G7/><T115/><D115/><U32/><E32/><V43/><F43/><W30/><G46/><T114/><D114/><U120/><E120/><V68/><F68/><W56/><G83/><T1/><D81/><U40/><E40/><V70/><F70/><W72/><G72/><T78/><D78/><U42/><E42/><V57/><F126/><W92/><G56/><T52/><D116/><U2/><E2/><V65/><F59/><W129/><G66/><T85/><D1/><U133/><E133/><V14/><F14/><W34/><G34/><T130/><D3/><U16/><E4/><V127/><F127/><W21/><G21/><AGARI ba="1,0" hai="15,16,21,25,26,27,74,76,80,101,103" m="47114" machi="21" ten="30,3900,0" yaku="13,1,52,1,54,1" doraHai="75" who="1" fromWho="3" sc="120,0,215,42,179,0,486,-42" /><INIT seed="7,0,0,4,5,46" ten="120,257,179,444" oya="3" hai0="5,67,63,34,57,27,20,102,54,94,10,114,129" hai1="15,53,29,35,38,2,105,66,72,44,134,90,65" hai2="116,47,11,8,76,100,95,85,14,92,24,59,22" hai3="101,3,115,118,31,39,127,51,64,119,84,12,33"/><W32/><G51/><T89/><D34/><U113/><E2/><V6/><F116/><W80/><G12/><T52/><D129/><U43/><E72/><V75/><F75/><W17/><G17/><T45/><D102/><U121/><E53/><V50/><F11/><W86/><G64/><T55/><D114/><U36/><E90/><V135/><F135/><W120/><G101/><T82/><D82/><U96/><E96/><V108/><F108/><W81/><G31/><T4/><D45/><U30/><E30/><V111/><F111/><W122/><G3/><T112/><D10/><U1/><E29/><N who="2" m="17559" /><F59/><W77/><G77/><T69/><D112/><U74/><E74/><V93/><F100/><W123/><G123/><T125/><D125/><U21/><E121/><V78/><F85/><W128/><G115/><T109/><D109/><U83/><E105/><V25/><F25/><W71/><G71/><T91/><D69/><U40/><E35/><V68/><F68/><W26/><G26/><T9/><D9/><U56/><E1/><V126/><F126/><W87/><G87/><T133/><D133/><U61/><E134/><V104/><F104/><W99/><G99/><T37/><D37/><U79/><E38/><V49/><F47/><W131/><G127/><T117/><D117/><U88/><E36/><AGARI ba="0,0" hai="32,33,36,39,80,81,84,86,118,119,120,122,128,131" machi="36" ten="25,2400,0" yaku="22,2" doraHai="46" who="3" fromWho="1" sc="120,0,257,-24,179,0,444,24" owari="120,-38.0,233,3.0,179,-22.0,468,57.0" /></mjloggm>