<mjloggm ver="2.3"><GO type="169" lobby="0"/><UN n0="%E3%83%AD%E3%83%B3%E3%82%88%E3%82%8A%E8%A8%BC%E6%8B%A0" n1="%E6%B4%A5%E7%94%B0%E6%B2%BC%E3%81%A3%E5%AD%90" n2="%E3%82%A6%E3%83%AB%E3%83%88%E3%83%A9%E7%AB%8B%E7%9B%B4" n3="%E7%A8%B2%E4%BD%9C%E3%83%B4%E3%82%A9%E3%83%AB%E3%82%B1%E3%82%A4%E3%83%8E" dan="17,16,18,18" rate="2175.18,2140.06,2192.18,2228.36" sx="M,M,M,M"/><TAIKYOKU oya="0"/><INIT seed="0,0,0,1,5,34" ten="250,250,250,250" oya="0" hai0="4,135,117,94,32,88,50,46,56,114,63,121,80" hai1="8,33,44,129,119,61,29,31,19,73,79,120,53" hai2="40,103,1,45,106,13,84,58,30,113,87,82,85" hai3="76,95,86,35,116,11,112,93,107,47,59,122,48"/><T89/><D114/><U92/><E120/><V118/><F113/><W104/><G112/><T42/><D121/><U24/><E119/><V105/><F118/><W134/><G35/><T101/><D32/><U51/><E129/><V41/><F30/><W100/><G116/><T102/><D117/><U75/><E31/><V71/><F58/><W5/><G134/><T123/><D123/><U78/><E92/><V15/><F82/><W70/><G70/><T69/><D69/><U18/><E61/><V108/><F45/><W115/><G59/><T39/><D39/><U62/><E62/><V0/><F103/><W60/><G60/><T83/><D4/><U25/><E8/><V2/><F71/><W66/><G66/><T52/><D135/><U72/><REACH who="1" step="1"/><E25/><REACH who="1" ten="250,240,250,250" step="2"/><V128/><F128/><W54/><G95/><T133/><D133/><U23/><E23/><V6/><F6/><W126/><G93/><T7/><D7/><U109/><E109/><V68/><F68/><W64/><G11/><T57/><D83/><U38/><E38/><V36/><F108/><W9/><G5/><T17/><D80/><U67/><E67/><V12/><F36/><W130/><G64/><T3/><D94/><U28/><E28/><V125/><F125/><W22/><G126/><T65/><D63/><U74/><N who="1" m="18432" /><DORA hai="99" /><U124/><E124/><V37/><F37/><W90/><G130/><T131/><D65/><U27/><E27/><V21/><F21/><W97/><G22/><T98/><D131/><U91/><E91/><V20/><F20/><W110/><G110/><T26/><D89/><RYUUKYOKU ba="0,1" sc="250,-15,240,15,250,15,250,-15" hai1="18,19,24,29,33,44,51,53,78,79" hai2="0,1,2,12,13,15,40,41,84,85,87,105,106" /><INIT seed="1,1,1,0,2,89" ten="235,255,265,235" oya="1" hai0="13,48,9,104,108,127,80,106,95,32,114,40,134" hai1="73,93,57,51,128,105,111,109,56,24,27,47,77" hai2="46,63,120,18,2,23,22,110,7,90,8,102,118" hai3="107,133,10,35,31,92,99,67,103,113,37,29,78"/><U1/><E105/><V50/><F118/><W44/><G113/><T69/><D114/><U12/><E1/><V98/><F120/><W15/><G133/><T20/><D32/><U81/><E128/><V58/><F90/><W28/><G78/><T75/><D69/><U21/><E12/><V33/><F33/><W100/><G67/><T115/><D115/><U79/><E79/><V84/><F84/><W74/><G74/><T19/><D134/><U5/><E5/><V3/><F3/><W121/><G121/><T53/><D40/><U36/><E36/><V54/><F18/><W85/><G85/><T82/><D106/><U38/><E38/><V25/><F25/><W26/><G37/><T87/><D104/><U43/><E27/><V34/><F34/><W62/><G62/><T123/><D123/><U6/><E6/><V45/><F45/><W116/><G44/><T129/><D129/><U94/><E56/><V132/><F132/><W49/><G49/><T70/><D70/><U60/><E109/><V52/><REACH who="2" step="1"/><F110/><REACH who="2" ten="235,255,255,235" step="2"/><W42/><G116/><T124/><D108/><U59/><E111/><V72/><F72/><W0/><G0/><T88/><D9/><U17/><E59/><V91/><F91/><W64/><G10/><T86/><D75/><U101/><E101/><V76/><F76/><W122/><G103/><T16/><D19/><U4/><E4/><V39/><F39/><W135/><G135/><T83/><D86/><U65/><AGARI ba="1,2" hai="17,21,24,43,47,51,57,60,65,73,77,81,93,94" machi="65" ten="20,7800,0" yaku="0,1,7,1,52,2" doraHai="89" who="1" fromWho="1" sc="235,-27,255,101,255,-27,235,-27" /><INIT seed="1,2,0,2,3,92" ten="208,356,228,208" oya="1" hai0="0,34,131,79,31,14,105,109,24,124,99,16,47" hai1="36,130,63,71,39,94,56,75,67,62,2,26,102" hai2="78,119,61,9,49,114,41,45,100,89,65,69,35" hai3="111,120,81,86,83,66,134,93,20,116,52,117,118"/><U96/><E130/><V85/><F35/><W37/><G120/><T12/><D131/><U135/><E75/><V27/><F119/><W76/><G111/><T1/><D109/><U112/><E112/><V133/><F133/><W58/><G134/><T7/><D124/><U5/><E135/><V101/><F114/><W22/><G66/><T6/><D79/><U104/><E104/><V103/><F27/><W97/><G83/><T19/><D47/><U11/><REACH who="1" step="1"/><E26/><REACH who="1" ten="208,346,228,208" step="2"/><V25/><F25/><W21/><G37/><T72/><D72/><U113/><E113/><V122/><F122/><W98/><G93/><T8/><D105/><U125/><E125/><V28/><F28/><W55/><G55/><AGARI ba="2,1" hai="2,5,11,36,39,55,56,62,63,67,71,94,96,102" machi="55" ten="30,11600,0" yaku="1,1,7,1,52,1,53,1" doraHai="92" doraHaiUra="32" who="1" fromWho="3" sc="208,0,346,132,228,0,208,-122" /><INIT seed="1,3,0,3,4,79" ten="208,478,228,86" oya="1" hai0="32,33,3,45,41,38,90,127,107,13,94,62,7" hai1="14,58,129,135,55,15,19,93,56,105,116,83,120" hai2="89,21,42,118,84,22,34,115,44,54,109,40,71" hai3="27,43,72,64,26,35,101,112,59,11,110,50,117"/><U81/><E105/><V78/><F34/><W20/><G112/><T1/><D107/><U82/><E116/><V31/><F71/><W37/><G117/><T6/><D127/><U48/><E120/><V18/><F109/><W24/><G110/><T114/><D114/><U95/><E129/><V17/><F78/><W30/><G72/><T125/><D125/><U76/><E135/><V2/><F2/><W134/><G134/><T91/><D33/><U0/><E0/><V123/><F31/><W66/><G37/><T99/><D32/><U10/><E76/><V108/><F108/><W77/><G77/><T39/><D39/><U113/><E113/><V131/><F131/><W88/><G101/><T80/><D7/><U119/><E119/><V106/><F106/><W103/><G103/><T52/><D13/><U8/><E58/><V73/><F73/><W96/><G11/><T51/><D62/><U128/><E128/><V16/><F118/><W67/><G35/><T12/><D12/><U70/><E70/><V61/><F123/><W130/><G130/><T49/><D6/><AGARI ba="3,0" hai="6,8,10,14,15,19,48,55,56,81,82,83,93,95" machi="6" ten="40,12000,1" yaku="8,1,52,3" doraHai="79" who="1" fromWho="0" sc="208,-129,478,129,228,0,86,0" /><INIT seed="1,4,0,2,2,89" ten="79,607,228,86" oya="1" hai0="40,97,60,62,129,8,102,68,1,23,81,34,104" hai1="71,75,95,10,14,48,54,27,83,78,106,105,111" hai2="35,38,84,55,70,88,134,76,127,33,80,58,5" hai3="19,28,39,109,87,133,110,53,6,52,0,49,2"/><U101/><E71/><V29/><F70/><W79/><G39/><T118/><D118/><U43/><E43/><V90/><F38/><W96/><G133/><T57/><D129/><U37/><E37/><V69/><F69/><W77/><G28/><T112/><D112/><U46/><E111/><N who="3" m="42506" /><G19/><T82/><D34/><U100/><E27/><V119/><F119/><W15/><G96/><T125/><D125/><U103/><REACH who="1" step="1"/><E95/><REACH who="1" ten="79,597,228,86" step="2"/><V126/><F126/><W86/><G0/><T3/><D3/><U18/><AGARI ba="4,1" hai="10,14,18,46,48,54,75,78,83,100,101,103,105,106" machi="18" ten="30,11700,0" yaku="1,1,2,1,0,1,53,1" doraHai="89" doraHaiUra="44" who="1" fromWho="1" sc="79,-43,597,139,228,-43,86,-43" /><INIT seed="1,5,0,0,1,113" ten="36,736,185,43" oya="1" hai0="79,39,25,96,56,76,125,67,75,116,128,120,16" hai1="88,97,123,64,54,102,36,62,51,133,30,22,66" hai2="49,0,106,77,103,115,57,11,14,81,108,74,7" hai3="119,24,114,6,63,29,2,78,134,89,43,48,65"/><U32/><E123/><V31/><F31/><W124/><G114/><T18/><D116/><U69/><E32/><V10/><F108/><W83/><G134/><T53/><D39/><U45/><E66/><V132/><F132/><W95/><G124/><T131/><D67/><U1/><E1/><V59/><F115/><W50/><G119/><T27/><D125/><U5/><E5/><V4/><F49/><W135/><G135/><T44/><D44/><U98/><E133/><V99/><AGARI ba="5,0" hai="0,4,7,10,11,14,57,59,74,77,81,99,103,106" machi="99" ten="30,1100,0" yaku="0,1" doraHai="113" who="2" fromWho="2" sc="36,-8,736,-10,185,26,43,-8" /><INIT seed="2,0,0,0,1,7" ten="28,726,211,35" oya="2" hai0="127,26,125,79,71,64,59,106,107,93,37,134,63" hai1="102,32,57,87,84,128,68,21,1,50,83,114,123" hai2="110,51,11,97,90,29,74,19,58,3,62,132,9" hai3="14,8,27,0,40,130,95,88,48,35,94,10,34"/><V36/><F36/><W22/><G130/><T76/><D37/><U81/><E68/><V100/><F74/><W49/><G0/><T122/><D122/><U98/><E32/><V25/><F110/><W69/><G69/><T120/><D120/><U18/><E1/><V111/><F111/><W43/><G14/><T33/><D134/><U45/><E123/><V31/><F3/><W109/><G109/><T115/><D115/><U2/><E2/><V53/><F100/><W47/><G34/><T5/><D93/><U70/><E70/><V56/><F132/><W12/><G35/><T113/><D113/><U133/><E133/><V54/><F19/><N who="3" m="12767" /><G12/><T104/><D5/><U28/><E28/><N who="2" m="10827" /><F25/><W73/><G73/><T42/><D26/><U6/><E6/><V99/><F99/><N who="3" m="57799" /><G95/><AGARI ba="0,0" hai="9,11,51,53,54,56,58,62,90,95,97" m="10827" machi="95" ten="30,5800,0" yaku="8,1,52,2" doraHai="7" who="2" fromWho="3" sc="28,0,726,0,211,58,35,-58" owari="28,-37.0,726,82.0,269,7.0,-23,-52.0" /></mjloggm>