<mjloggm ver="2.3"><GO type="169" lobby="0"/><UN n0="%E5%B0%B1%E6%B4%BB%E7%94%9F%40%E5%B7%9D%E6%9D%91%E8%BB%8D%E5%9B%A3" n1="%EF%BC%A4%EF%BC%B2%EF%BC%AF%EF%BC%B0" n2="%E8%82%89%E2%98%86%E6%A3%92%E5%A4%AA%E9%83%8E" n3="%E9%A0%88%E4%BD%90%E4%B9%8B%E7%94%B7" dan="17,17,16,16" rate="2229.03,2151.37,2089.01,2046.96" sx="M,M,M,M"/><TAIKYOKU oya="0"/><INIT seed="0,0,0,1,2,75" ten="250,250,250,250" oya="0" hai0="11,97,34,130,115,47,3,128,52,134,48,113,99" hai1="126,104,12,78,81,93,120,91,112,60,10,24,74" hai2="110,124,35,0,76,94,86,54,4,53,125,50,5" hai3="95,19,36,123,51,31,127,64,13,28,41,117,132"/><T114/><D34/><U22/><E120/><V6/><F35/><W7/><G117/><T17/><D134/><U49/><E126/><N who="2" m="48747" /><F94/><W63/><G36/><T79/><D79/><U44/><E104/><V82/><F0/><W26/><G7/><N who="2" m="1793" /><V18/><DORA hai="55" /><F110/><W62/><G95/><T121/><D121/><U61/><E12/><V15/><F50/><W88/><G26/><T108/><D108/><U111/><E10/><AGARI ba="0,0" hai="10,15,18,53,54,76,82,86" m="1793,48747" machi="10" ten="40,2600,0" yaku="18,1,52,1" doraHai="75,55" who="2" fromWho="1" sc="250,0,250,-26,250,26,250,0" /><INIT seed="1,0,0,1,1,24" ten="250,224,276,250" oya="1" hai0="123,68,75,19,121,16,34,134,47,70,2,112,104" hai1="4,56,110,41,96,122,71,120,107,8,113,80,53" hai2="119,61,17,46,99,102,30,127,45,12,35,58,66" hai3="76,117,49,6,84,54,106,10,60,38,86,14,105"/><U109/><E113/><V100/><F102/><W48/><G38/><T79/><D112/><U65/><E41/><V25/><F119/><W83/><G117/><T129/><D104/><U21/><E65/><V132/><F132/><W42/><G60/><T85/><D2/><U13/><E71/><N who="0" m="27177" /><D75/><U31/><E80/><V72/><F72/><W44/><REACH who="3" step="1"/><G86/><REACH who="3" ten="250,224,276,240" step="2"/><T55/><D85/><U115/><E115/><V26/><F127/><W62/><G62/><T91/><D134/><U5/><E122/><V81/><F81/><W73/><G73/><T20/><D123/><U93/><E120/><V116/><F116/><W103/><G103/><T28/><D121/><U1/><E110/><V88/><F100/><W131/><G131/><T95/><D129/><U78/><E109/><V37/><F37/><W32/><G32/><T97/><D34/><U40/><E107/><V15/><F46/><AGARI ba="0,1" hai="6,10,14,42,44,46,48,49,54,76,83,84,105,106" machi="46" ten="30,8000,1" yaku="1,1,7,1,25,2,53,1" doraHai="24" doraHaiUra="82" who="3" fromWho="2" sc="250,0,224,0,276,-80,240,90" /><INIT seed="2,0,0,3,2,25" ten="250,224,196,330" oya="2" hai0="124,30,8,65,87,59,68,82,89,125,0,10,77" hai1="58,123,92,14,23,17,78,120,48,33,96,101,3" hai2="51,39,34,103,19,61,85,70,62,4,64,97,76" hai3="88,126,28,53,41,26,35,37,111,94,105,45,74"/><V72/><F39/><W20/><G111/><T133/><D68/><U42/><E3/><V109/><F72/><W7/><G126/><N who="0" m="48747" /><D133/><U130/><E130/><V84/><F109/><W13/><G74/><T36/><D36/><U11/><E33/><V67/><F4/><W98/><G105/><T113/><D113/><U114/><E114/><V55/><F76/><W128/><G128/><T100/><D100/><U81/><E11/><N who="0" m="4137" /><D0/><U44/><REACH who="1" step="1"/><E58/><REACH who="1" ten="250,214,196,330" step="2"/><V1/><F1/><W75/><G35/><T119/><D119/><U69/><E69/><V117/><F117/><W121/><G121/><T60/><D77/><U50/><E50/><V95/><F34/><W131/><G37/><T57/><D57/><U90/><E90/><V99/><F99/><W16/><G98/><T132/><D132/><U2/><E2/><V38/><F38/><W91/><G91/><T29/><AGARI ba="0,1" hai="29,30,59,60,65,82,87,89" m="4137,48747" machi="29" ten="30,4000,0" yaku="18,1,52,2" doraHai="25" who="0" fromWho="0" sc="250,50,214,-10,196,-20,330,-10" /><INIT seed="3,0,0,4,5,94" ten="300,204,176,320" oya="3" hai0="33,5,46,104,42,4,27,61,37,72,17,64,22" hai1="16,95,50,69,39,14,76,128,9,35,107,56,106" hai2="57,88,105,78,108,36,12,97,90,53,25,54,117" hai3="83,110,85,28,133,20,2,103,131,111,59,45,10"/><W100/><G131/><T43/><D72/><U8/><E39/><V109/><F36/><W126/><G126/><T32/><D104/><U62/><E35/><V44/><F78/><W67/><G133/><T118/><D118/><U41/><E76/><V102/><F117/><W70/><G70/><T19/><D43/><U65/><E128/><V0/><F0/><W121/><G121/><T1/><D19/><U115/><E115/><V60/><F12/><W99/><G45/><T74/><D74/><U96/><E8/><V98/><F25/><W51/><G51/><T79/><D79/><U135/><E135/><V13/><F13/><W7/><G67/><T21/><D21/><U29/><E29/><V80/><F80/><W68/><G68/><T82/><D82/><U84/><E84/><V23/><F23/><W114/><G59/><T89/><D89/><N who="2" m="34410" /><F102/><W93/><G114/><T125/><D125/><U48/><E48/><N who="2" m="28807" /><F105/><W24/><G103/><T101/><D101/><U120/><E120/><V11/><F11/><W86/><REACH who="3" step="1"/><G83/><REACH who="3" ten="300,204,176,310" step="2"/><T34/><REACH who="0" step="1"/><D1/><REACH who="0" ten="290,204,176,310" step="2"/><U66/><E41/><V124/><F124/><W63/><G63/><T15/><D15/><U3/><E62/><V119/><F119/><W30/><G30/><T127/><D127/><U134/><E14/><V38/><F38/><W31/><G31/><T47/><D47/><U129/><E3/><V116/><F116/><W77/><G77/><T75/><D75/><U122/><E134/><V130/><F130/><W40/><G40/><T113/><D113/><U81/><E129/><V132/><F132/><W6/><G6/><RYUUKYOKU ba="0,2" sc="290,10,204,-30,176,10,310,10" hai0="4,5,17,22,27,32,33,34,37,42,46,61,64" hai2="54,57,60,97,98,108,109" hai3="2,7,10,20,24,28,85,86,93,99,100,110,111" /><INIT seed="3,1,2,0,2,66" ten="300,174,186,320" oya="3" hai0="86,17,96,14,134,3,54,28,123,107,118,42,71" hai1="92,30,112,75,81,85,1,12,61,121,135,128,127" hai2="41,9,15,40,10,105,87,125,49,99,2,67,21" hai3="29,16,129,122,22,18,35,102,91,115,8,59,89"/><W108/><G115/><T45/><D3/><U47/><E1/><V37/><F37/><W69/><G122/><T93/><D123/><U58/><E121/><V5/><F67/><W113/><G113/><T117/><D71/><U19/><E112/><V130/><F130/><W34/><G69/><T43/><D134/><U73/><E30/><V50/><F125/><W52/><G129/><T25/><D107/><U64/><E128/><V31/><F87/><W78/><G35/><T120/><D120/><U90/><E135/><V24/><F49/><N who="3" m="31119" /><G34/><T132/><D86/><U53/><E127/><V106/><F50/><W104/><G104/><T95/><D95/><U55/><E47/><V36/><F99/><W32/><G32/><T46/><D132/><U23/><REACH who="1" step="1"/><E75/><REACH who="1" ten="300,164,186,320" step="2"/><V84/><F36/><W70/><G29/><T26/><D28/><U110/><E110/><V38/><F38/><W60/><G108/><T133/><D46/><U82/><E82/><V79/><F41/><W94/><G102/><T101/><D43/><U33/><E33/><V80/><REACH who="2" step="1"/><F40/><REACH who="2" ten="300,164,176,320" step="2"/><W63/><G78/><AGARI ba="1,4" hai="12,19,23,53,55,58,61,64,73,78,81,85,90,92" machi="78" ten="40,1300,0" yaku="1,1,53,0" doraHai="66" doraHaiUra="131" who="1" fromWho="3" sc="300,0,164,56,176,0,320,-16" /><INIT seed="4,0,0,3,4,75" ten="300,220,176,304" oya="0" hai0="38,90,37,86,16,100,105,21,22,106,131,7,44" hai1="83,94,112,20,58,126,33,28,73,1,12,128,15" hai2="24,36,79,89,32,55,107,2,51,80,10,67,31" hai3="133,26,14,18,59,87,63,46,85,30,116,103,109"/><T99/><D106/><U53/><E1/><V29/><F107/><W98/><G109/><T120/><D120/><U3/><E3/><V27/><F36/><W50/><G116/><T49/><D7/><U110/><E33/><V130/><F130/><W81/><G133/><T115/><D131/><U124/><E128/><V95/><F67/><W56/><G63/><T76/><D22/><U11/><E110/><V65/><F65/><W69/><G69/><T25/><D115/><U104/><E104/><V39/><F39/><W129/><G129/><T102/><D102/><U43/><E43/><V5/><F89/><W6/><G6/><T54/><REACH who="0" step="1"/><D76/><REACH who="0" ten="290,220,176,304" step="2"/><U108/><E112/><V42/><F95/><AGARI ba="0,1" hai="16,21,25,37,38,44,49,54,86,90,95,99,100,105" machi="95" ten="30,11600,0" yaku="1,1,2,1,7,1,54,1,53,0" doraHai="75" doraHaiUra="117" who="0" fromWho="2" sc="290,126,220,0,176,-116,304,0" /><INIT seed="4,1,0,5,5,10" ten="416,220,60,304" oya="0" hai0="30,124,82,62,6,88,104,27,134,109,38,35,77" hai1="52,67,127,84,132,98,75,44,42,61,74,86,34" hai2="5,102,119,123,70,69,16,50,58,43,46,133,0" hai3="94,106,40,125,9,135,31,117,107,18,112,78,115"/><T129/><D104/><U64/><E34/><V25/><F123/><W114/><G117/><T113/><D38/><U55/><E127/><V71/><F0/><W60/><G125/><T54/><D124/><U101/><E132/><V79/><F5/><W11/><G135/><T33/><D113/><U8/><E8/><V83/><F133/><W22/><G31/><T28/><D134/><U63/><E98/><V89/><F102/><W24/><G78/><T21/><D6/><U103/><E44/><V14/><F25/><W110/><G110/><T56/><D109/><U53/><E53/><V49/><F119/><W108/><G40/><AGARI ba="1,0" hai="40,42,52,55,61,63,64,67,74,75,84,86,101,103" machi="40" ten="25,3200,0" yaku="22,2,54,1" doraHai="10" who="1" fromWho="3" sc="416,0,220,35,60,0,304,-35" /><INIT seed="5,0,0,4,2,95" ten="416,255,60,269" oya="1" hai0="84,43,105,126,28,29,133,7,41,68,71,69,78" hai1="65,38,16,3,93,19,52,5,37,61,96,70,0" hai2="55,88,14,32,20,24,114,42,21,64,99,92,97" hai3="9,113,53,91,115,86,23,49,58,33,12,109,75"/><U101/><E38/><V110/><F32/><W80/><G109/><T66/><D105/><U59/><E37/><V56/><F110/><W63/><G33/><T132/><D66/><U103/><E103/><V40/><F114/><N who="3" m="43531" /><G75/><T106/><D106/><U72/><E72/><V30/><F64/><W34/><G34/><T81/><D7/><U8/><REACH who="1" step="1"/><E0/><REACH who="1" ten="416,245,60,269" step="2"/><V117/><F117/><W94/><G23/><T46/><D126/><U79/><E79/><V131/><F131/><W120/><G120/><T98/><D132/><U39/><E39/><V122/><F122/><W111/><G111/><T90/><D133/><U18/><E18/><N who="2" m="10327" /><F42/><W134/><G134/><T22/><D22/><U25/><E25/><V17/><F40/><W121/><G121/><T35/><D35/><U74/><E74/><V107/><F107/><W45/><G9/><T60/><D43/><U62/><AGARI ba="0,1" hai="3,5,8,16,19,52,59,61,62,65,70,93,96,101" machi="62" ten="20,18000,2" yaku="1,1,0,1,7,1,52,1,54,2,53,0" doraHai="95" doraHaiUra="31" who="1" fromWho="1" sc="416,-60,245,190,60,-60,269,-60" /><INIT seed="5,1,0,1,0,102" ten="356,435,0,209" oya="1" hai0="129,27,115,88,53,24,62,116,34,107,49,66,108" hai1="119,106,17,86,98,55,75,7,80,69,26,10,124" hai2="39,93,64,21,89,29,52,95,4,2,54,1,77" hai3="51,6,79,11,46,94,84,15,18,72,121,87,68"/><U135/><E119/><V60/><F39/><W112/><G121/><T12/><D108/><U73/><E69/><V35/><F77/><W48/><G68/><T58/><D116/><U74/><E124/><V25/><F95/><W134/><G112/><T110/><D110/><U123/><E123/><V28/><F2/><W92/><G134/><T67/><D115/><U71/><E71/><V19/><F29/><W13/><G72/><T8/><D129/><U31/><E135/><V38/><F38/><W82/><G87/><T99/><D34/><U105/><E17/><V32/><F32/><W47/><G51/><T59/><D67/><U50/><E98/><V126/><F126/><W96/><G96/><T9/><D9/><U122/><E122/><V97/><F64/><W63/><G63/><T76/><D76/><U125/><E125/><V91/><F91/><W5/><G47/><T14/><D107/><U65/><E65/><V131/><F131/><W57/><G57/><T132/><D132/><U40/><E40/><V118/><F60/><W101/><G101/><T113/><D113/><U120/><E120/><V41/><F41/><W103/><G103/><T85/><D99/><U22/><E86/><V109/><F109/><W130/><G130/><T81/><REACH who="0" step="1"/><D14/><REACH who="0" ten="346,435,0,209" step="2"/><U104/><E104/><V30/><F118/><W43/><G5/><AGARI ba="1,1" hai="5,8,12,24,27,49,53,58,59,62,66,81,85,88" machi="5" ten="30,12000,2" yaku="1,1,2,1,7,1,8,1,54,1,53,1" doraHai="102" doraHaiUra="78" who="0" fromWho="3" sc="346,133,435,0,0,0,209,-123" /><INIT seed="6,0,0,4,4,111" ten="479,435,0,86" oya="2" hai0="58,38,104,19,98,107,32,108,82,2,52,110,1" hai1="71,34,70,14,68,113,95,93,37,23,89,97,56" hai2="116,106,119,76,90,62,8,5,59,51,130,102,77" hai3="44,114,29,40,115,134,125,18,83,35,94,103,47"/><V69/><F69/><W53/><G134/><T13/><D38/><U92/><E34/><V57/><F106/><W20/><G125/><T33/><D33/><U124/><E37/><V99/><F130/><W129/><G129/><T112/><D32/><U49/><E124/><V28/><F119/><W101/><G83/><T22/><D112/><N who="3" m="43049" /><G53/><T109/><D82/><U10/><E23/><V123/><F123/><W72/><G72/><T66/><D66/><U4/><E113/><V126/><F126/><W85/><G29/><T42/><D42/><U73/><E73/><V24/><F116/><W27/><G35/><T105/><REACH who="0" step="1"/><D98/><REACH who="0" ten="469,435,0,86" step="2"/><U96/><REACH who="1" step="1"/><E96/><REACH who="1" ten="469,425,0,86" step="2"/><V12/><F90/><N who="3" m="53583" /><G47/><T60/><AGARI ba="0,2" hai="1,2,13,19,22,52,58,60,104,105,107,108,109,110" machi="60" ten="40,5200,0" yaku="1,1,0,1,54,1,53,0" doraHai="111" doraHaiUra="7" who="0" fromWho="0" sc="469,72,425,-13,0,-26,86,-13" owari="541,65.0,412,21.0,-26,-53.0,73,-33.0" /></mjloggm>