<mjloggm ver="2.3"><GO type="225" lobby="0"/><UN n0="%64%61%61%61%61%61%61%61" n1="%74%61%74%73%75%37%30%32" n2="%E3%83%88%E3%83%88%E3%83%AA%E5%85%88%E7%94%9F%31%39%E6%AD%B3" n3="%E5%AB%8C%E3%81%84%E3%81%98%E3%82%83%E3%81%AA%E3%81%84%E3%82%8F%EF%BC%81" dan="17,17,17,17" rate="2209.41,2254.69,2202.07,2130.20" sx="F,M,F,M"/><TAIKYOKU oya="0"/><INIT seed="0,0,0,0,4,81" ten="250,250,250,250" oya="0" hai0="78,57,8,123,129,102,21,27,45,110,61,25,48" hai1="98,2,14,132,105,13,124,121,31,108,53,4,83" hai2="104,41,43,65,10,95,9,34,7,99,29,44,22" hai3="20,16,52,128,96,88,17,133,134,127,33,60,42"/><T115/><D115/><U15/><E121/><V89/><F34/><W77/><G33/><T69/><D69/><U114/><E108/><V82/><F104/><W97/><G42/><T26/><D123/><U94/><E124/><V23/><F65/><W24/><G127/><T28/><D129/><U120/><E132/><N who="3" m="50794" /><G128/><T46/><D110/><U116/><E120/><V117/><F117/><W35/><G77/><T66/><D102/><U63/><E105/><V71/><F71/><W56/><G35/><T84/><D8/><N who="2" m="3178" /><F7/><W55/><G17/><T50/><D46/><U74/><E31/><V0/><F0/><W54/><G88/><T19/><D28/><U49/><E2/><V11/><F11/><W122/><G122/><T39/><D39/><U106/><E106/><V47/><F47/><W5/><G5/><T59/><D59/><U90/><E4/><V111/><F111/><W125/><G125/><T32/><D32/><U92/><E94/><V68/><F68/><W91/><G91/><T93/><D93/><U30/><E30/><V67/><F82/><W73/><G73/><T37/><D37/><U112/><E116/><V58/><F29/><W51/><G51/><N who="0" m="19499" /><D45/><U38/><E63/><N who="2" m="38391" /><F44/><W76/><G76/><T75/><D75/><U119/><E119/><V135/><F135/><W86/><G86/><T18/><D18/><U85/><E74/><V103/><F103/><W131/><G131/><T80/><AGARI ba="0,0" hai="19,21,25,26,27,57,61,66,78,80,84" m="19499" machi="80" ten="30,3000,0" yaku="8,1,52,1" doraHai="81" who="0" fromWho="0" sc="250,30,250,-10,250,-10,250,-10" /><INIT seed="0,1,0,3,0,37" ten="280,240,240,240" oya="0" hai0="75,105,111,82,96,101,20,62,31,14,133,67,91" hai1="74,125,126,41,109,127,93,25,124,60,61,106,118" hai2="57,107,73,38,108,54,21,98,114,7,58,121,83" hai3="84,79,30,49,120,13,36,85,12,113,89,129,78"/><T42/><D133/><U47/><E106/><V27/><F114/><W10/><G36/><T103/><D111/><U72/><N who="1" m="31744" /><DORA hai="18" /><U65/><E109/><V70/><F121/><W81/><G113/><T69/><D101/><U8/><E118/><V43/><F70/><W16/><G129/><T51/><D31/><U35/><E93/><V116/><F116/><W130/><G130/><T94/><D20/><U34/><E8/><V45/><F7/><W134/><G134/><T2/><D14/><U112/><E61/><V86/><F73/><N who="1" m="28265" /><E25/><V92/><F54/><W3/><G3/><T44/><D2/><U71/><E112/><V77/><F107/><W53/><G120/><T29/><D29/><U17/><E17/><V104/><F104/><W110/><G30/><T128/><D128/><U19/><E19/><V22/><F108/><W9/><G110/><T52/><D105/><U40/><E40/><V119/><F119/><W24/><G24/><T66/><D42/><U39/><AGARI ba="1,0" hai="34,35,39,41,47,60,65,71" m="28265,31744" machi="39" ten="60,7900,0" yaku="18,1,23,1,52,1" doraHai="37,18" who="1" fromWho="1" sc="280,-40,240,82,240,-21,240,-21" /><INIT seed="1,0,0,3,1,85" ten="240,322,219,219" oya="1" hai0="51,30,41,99,134,83,12,21,57,69,64,47,14" hai1="56,6,71,106,55,36,126,101,11,49,65,50,115" hai2="10,80,102,97,110,17,39,120,19,38,7,62,105" hai3="96,40,76,16,133,84,79,15,54,3,33,89,43"/><U104/><E115/><V119/><F119/><W98/><G33/><T91/><D134/><U118/><E118/><V121/><F110/><W82/><G3/><T1/><D69/><U53/><E36/><V129/><F129/><W111/><G133/><T109/><D1/><U124/><E65/><V88/><F62/><W81/><G111/><T103/><D109/><U107/><E101/><V25/><F39/><W31/><G31/><T92/><D64/><U18/><E18/><V45/><F45/><W35/><G35/><T116/><D57/><U132/><E132/><V44/><F44/><W60/><G60/><T68/><D68/><U90/><E90/><V5/><F38/><W4/><G54/><N who="1" m="20490" /><E56/><V46/><F46/><W26/><G26/><N who="0" m="16719" /><D116/><U22/><E22/><V8/><F25/><W127/><G4/><N who="2" m="1609" /><F120/><W128/><G128/><T93/><D83/><U70/><E11/><N who="2" m="4139" /><F121/><W0/><G0/><T87/><AGARI ba="0,0" hai="12,14,41,47,51,87,91,92,93,99,103" m="16719" machi="87" ten="30,2000,0" yaku="8,1,52,1" doraHai="85" who="0" fromWho="0" sc="240,20,322,-10,219,-5,219,-5" /><INIT seed="2,0,0,2,1,25" ten="260,312,214,214" oya="2" hai0="73,70,15,106,115,8,90,11,122,119,41,128,48" hai1="34,29,102,51,69,127,27,35,133,9,105,134,97" hai2="46,75,109,114,1,125,66,7,121,117,104,55,83" hai3="96,2,24,118,50,18,91,126,67,74,80,88,107"/><V79/><F114/><W56/><G2/><T54/><D41/><U130/><E35/><V37/><F117/><W16/><G118/><T36/><D36/><U94/><E127/><V31/><F121/><W86/><G126/><T4/><D106/><U20/><E130/><V58/><F125/><W111/><G111/><T65/><D73/><U49/><E20/><V5/><F104/><W81/><G107/><T30/><D65/><U62/><E94/><V28/><F109/><W52/><G67/><T64/><D64/><N who="1" m="41111" /><E9/><N who="2" m="2223" /><F7/><W39/><G39/><T77/><D122/><U93/><E93/><V89/><F89/><W85/><G96/><T6/><D4/><U129/><E129/><V21/><F21/><N who="3" m="13351" /><G74/><T99/><D99/><U22/><E22/><V68/><F66/><W63/><G18/><T53/><D70/><U26/><E26/><V60/><F68/><W131/><G131/><T92/><D128/><U103/><E103/><V108/><F108/><W135/><G135/><AGARI ba="0,0" hai="27,29,34,49,51,97,102,105,133,134,135" m="41111" machi="135" ten="30,3900,0" yaku="25,1,20,1,52,1" doraHai="25" who="1" fromWho="3" sc="260,0,312,39,214,0,214,-39" /><INIT seed="3,0,0,1,5,51" ten="260,351,214,175" oya="3" hai0="133,1,6,104,15,48,123,31,47,129,81,9,16" hai1="28,18,70,122,56,108,106,76,41,29,77,98,19" hai2="4,114,124,118,60,39,95,135,59,55,58,2,35" hai3="107,84,80,40,36,99,119,126,134,68,83,94,0"/><W5/><G119/><T14/><D104/><U67/><E108/><V62/><F118/><W45/><G126/><T50/><D123/><U46/><E122/><V33/><F114/><W72/><G68/><T17/><D129/><U113/><E70/><V63/><F39/><W38/><G38/><T30/><D133/><U7/><E7/><V96/><F135/><W66/><G66/><T54/><D1/><U53/><E67/><V57/><F124/><W78/><G134/><T43/><D81/><U103/><E19/><N who="0" m="7241" /><D15/><U71/><E18/><V22/><F22/><W115/><G115/><T93/><D93/><U32/><E71/><V102/><F4/><W37/><G37/><T24/><D24/><U69/><E69/><V105/><F2/><W85/><G83/><T20/><D20/><U42/><E29/><V10/><F10/><N who="3" m="2343" /><G107/><T121/><D121/><U90/><E28/><V130/><F105/><W97/><G97/><T82/><D82/><U88/><E32/><V23/><F23/><W73/><G73/><T120/><D120/><U75/><E113/><V131/><F33/><W125/><G125/><T111/><D111/><U86/><E75/><V13/><F35/><W27/><G27/><T116/><D116/><U61/><E106/><V112/><F13/><W87/><G87/><T49/><D49/><U11/><E86/><V100/><F112/><W64/><G64/><T65/><D65/><U79/><E11/><V74/><F74/><W128/><G128/><N who="2" m="49193" /><F100/><AGARI ba="0,0" hai="36,40,45,72,78,80,84,85,94,99,100" m="2343" machi="100" ten="30,1500,0" yaku="25,1" doraHai="51" who="3" fromWho="2" sc="260,0,351,0,214,-15,175,15" /><INIT seed="3,1,0,5,0,22" ten="260,351,199,190" oya="3" hai0="44,102,118,63,123,3,19,31,84,90,94,115,6" hai1="50,95,48,105,18,101,97,98,120,62,72,85,111" hai2="76,87,71,100,4,49,57,28,21,39,79,64,122" hai3="68,38,103,32,74,86,133,96,45,12,59,107,29"/><W14/><G74/><T106/><D31/><U34/><E72/><V24/><F39/><W36/><G36/><T134/><D3/><U53/><E120/><V46/><F71/><W127/><G127/><T92/><D6/><U13/><E34/><V16/><F122/><W69/><G133/><T73/><D63/><U42/><E111/><V113/><F113/><W51/><G38/><T75/><D44/><U88/><E42/><V89/><F100/><W23/><G59/><T25/><D19/><U26/><E26/><V47/><F4/><W15/><G23/><T109/><D25/><U78/><E78/><N who="2" m="29739" /><F28/><W55/><REACH who="3" step="1"/><G86/><REACH who="3" ten="260,351,199,180" step="2"/><N who="0" m="52311" /><D73/><U130/><E85/><V9/><F9/><W37/><G37/><T20/><D84/><U77/><E105/><V108/><F108/><W112/><G112/><T117/><D20/><U54/><E130/><V132/><F132/><W56/><G56/><T66/><D106/><U124/><E124/><V11/><F11/><W8/><G8/><T114/><D75/><U116/><E116/><V128/><F128/><W80/><G80/><T43/><D134/><U40/><E13/><V129/><F129/><W131/><G131/><T91/><D118/><U83/><E83/><N who="2" m="49407" /><F49/><W60/><G60/><AGARI ba="1,1" hai="16,21,24,46,47,57,60,64" m="49407,29739" machi="60" ten="30,3900,0" yaku="8,1,52,1,54,1" doraHai="22" who="2" fromWho="3" sc="260,0,351,0,199,52,180,-42" owari="260,6.0,351,45.0,251,-15.0,138,-36.0" /></mjloggm>