<mjloggm ver="2.3"><GO type="169" lobby="0"/><UN n0="%E3%81%AE%E3%81%B3%E3%81%97%E3%82%8D%E2%99%82" n1="%E7%A7%81%E3%81%AF%E3%81%8C%E3%81%A1%E3%81%BB%E3%82%82" n2="%E5%B0%B1%E6%B4%BB%E7%94%9F%40%E5%B7%9D%E6%9D%91%E8%BB%8D%E5%9B%A3" n3="%6D%6F%6E%6F%2D%31%34" dan="16,18,17,16" rate="2104.20,2256.40,2244.36,2122.69" sx="M,M,M,M"/><TAIKYOKU oya="0"/><INIT seed="0,0,0,1,1,33" ten="250,250,250,250" oya="0" hai0="60,62,48,81,85,119,2,9,135,101,65,20,107" hai1="75,44,47,91,131,3,30,108,109,70,83,41,114" hai2="105,118,129,134,94,57,92,121,25,128,74,89,77" hai3="8,98,99,1,116,22,66,111,87,39,120,86,123"/><T88/><D135/><U5/><E70/><V100/><F25/><W126/><G111/><N who="1" m="42570" /><E30/><V58/><F58/><W97/><G39/><T24/><D119/><U130/><E114/><V36/><F57/><W18/><G126/><T28/><D62/><U115/><E115/><V55/><F55/><W14/><G116/><T27/><D48/><U31/><E31/><V17/><F17/><W46/><G46/><T132/><D132/><U125/><E125/><V16/><F16/><W78/><G66/><T82/><D107/><U40/><E91/><V93/><F36/><W112/><G112/><T15/><D101/><U117/><E117/><V54/><F54/><W11/><G78/><T68/><D24/><U80/><E3/><V102/><F134/><W0/><G99/><T95/><REACH who="0" step="1"/><D2/><REACH who="0" ten="240,250,250,250" step="2"/><U42/><E42/><V71/><F118/><W45/><G1/><T61/><D61/><U53/><E41/><V29/><F102/><W113/><G0/><T106/><D106/><U52/><E40/><V35/><F100/><W43/><G43/><T37/><D37/><U63/><E63/><V64/><F105/><W12/><G113/><T50/><D50/><U104/><E104/><V21/><F71/><W84/><G14/><T6/><AGARI ba="0,1" hai="6,9,15,20,27,28,60,65,68,81,82,85,88,95" machi="6" ten="20,7800,0" yaku="1,1,0,1,7,1,54,1,53,0" doraHai="33" doraHaiUra="69" who="0" fromWho="0" sc="240,88,250,-26,250,-26,250,-26" /><INIT seed="0,1,0,3,0,82" ten="328,224,224,224" oya="0" hai0="112,17,127,11,79,96,27,74,9,87,135,70,107" hai1="57,15,4,14,130,84,99,76,90,30,80,39,13" hai2="103,128,10,81,93,83,126,98,61,33,115,131,97" hai3="63,38,5,132,34,50,0,54,109,121,3,102,95"/><T47/><D135/><U75/><E39/><V1/><F33/><W24/><G38/><T29/><D127/><U72/><E130/><N who="2" m="49707" /><F115/><W43/><G43/><T66/><D112/><U25/><E4/><N who="2" m="1295" /><F126/><W78/><G132/><T48/><D74/><U23/><E57/><V45/><F45/><W110/><G63/><T104/><D17/><U85/><REACH who="1" step="1"/><E99/><REACH who="1" ten="328,214,224,224" step="2"/><V105/><F61/><W46/><G5/><T111/><D96/><U129/><E129/><V56/><F56/><W117/><G46/><T86/><D47/><U51/><E51/><V55/><F55/><W40/><G54/><T7/><D48/><U12/><N who="1" m="3072" /><DORA hai="122" /><U133/><E133/><V89/><AGARI ba="1,1" hai="81,83,89,93,97,98,103,105" m="1295,49707" machi="89" ten="30,1100,0" yaku="19,1" doraHai="82,122" who="2" fromWho="2" sc="328,-6,214,-4,224,24,224,-4" /><INIT seed="1,0,0,0,2,125" ten="322,210,248,220" oya="1" hai0="94,49,35,86,52,89,43,67,63,73,75,82,109" hai1="76,113,54,107,66,53,48,115,29,132,55,131,126" hai2="118,36,121,17,119,20,44,30,1,102,99,83,123" hai3="134,6,12,98,135,32,40,19,116,70,85,8,100"/><U74/><E107/><V79/><F1/><W13/><G70/><T122/><D43/><U114/><E29/><V9/><F30/><W18/><G40/><T33/><D109/><U105/><E105/><V69/><F69/><W112/><G112/><T78/><D73/><U41/><E76/><V96/><F9/><W92/><G116/><T7/><D122/><U59/><E74/><V2/><F2/><W133/><G32/><T65/><D65/><U23/><E23/><V47/><F36/><W10/><G85/><T22/><D7/><AGARI ba="0,0" hai="6,7,8,10,12,13,18,19,92,98,100,133,134,135" machi="7" ten="40,2600,0" yaku="9,1,20,1" doraHai="125" who="3" fromWho="0" sc="322,-26,210,0,248,0,220,26" /><INIT seed="2,0,0,0,3,116" ten="296,210,248,246" oya="2" hai0="50,6,97,130,122,132,95,67,7,60,115,22,87" hai1="36,82,68,112,54,18,121,43,88,58,124,21,103" hai2="32,77,79,38,131,133,10,118,90,65,89,135,47" hai3="19,20,1,120,85,37,59,114,113,9,17,51,109"/><V35/><F118/><W72/><G72/><T14/><D132/><N who="2" m="50762" /><F65/><W56/><G37/><T108/><D108/><U111/><E111/><V12/><F131/><W2/><G109/><T46/><D115/><U123/><E103/><V11/><F47/><W39/><G39/><T27/><D130/><U53/><E68/><V23/><F23/><W62/><G85/><T29/><D122/><N who="1" m="46603" /><E112/><V33/><F38/><W15/><G120/><T92/><D87/><N who="1" m="50295" /><E124/><V0/><F0/><W26/><G114/><T128/><D128/><U93/><E93/><V129/><F129/><W78/><G2/><T55/><D92/><U98/><E98/><V105/><F105/><W42/><G1/><T127/><D127/><U49/><E36/><V34/><N who="2" m="8704" /><DORA hai="16" /><V69/><F69/><W91/><G113/><T75/><D75/><U71/><E71/><V25/><F25/><W74/><G74/><T28/><D14/><N who="1" m="9431" /><E58/><V94/><F12/><W117/><G56/><T45/><D95/><U86/><E86/><V80/><F94/><W3/><G15/><T99/><D97/><U66/><E66/><V76/><F80/><W48/><G3/><T107/><D99/><U101/><E101/><V106/><F106/><W125/><G59/><T5/><D107/><U8/><E8/><AGARI ba="0,0" hai="8,10,11,76,77,79,89,90" m="8704,50762" machi="8" ten="70,12000,1" yaku="28,2,20,1" doraHai="116,16" who="2" fromWho="1" sc="296,0,210,-120,248,120,246,0" /><INIT seed="2,1,0,3,5,32" ten="296,90,368,246" oya="2" hai0="52,43,33,12,50,107,60,40,62,64,89,44,0" hai1="132,87,106,109,69,27,96,28,74,93,14,115,105" hai2="128,126,6,102,17,57,34,31,67,48,101,38,99" hai3="55,90,91,131,25,30,51,113,135,78,114,125,134"/><V21/><F38/><W77/><G30/><T130/><D107/><U81/><E69/><V46/><F126/><W53/><G131/><T112/><D112/><U83/><E14/><V120/><F120/><W47/><G25/><T100/><D130/><U133/><E27/><V22/><F128/><W56/><G125/><T129/><D100/><U84/><E28/><V75/><F75/><W1/><G56/><T103/><D103/><U118/><E115/><V13/><F34/><W116/><G51/><T20/><D33/><U79/><E118/><V108/><F6/><W127/><G127/><T122/><D129/><U124/><E124/><V65/><F57/><W110/><G110/><T11/><D122/><U8/><E8/><V41/><F108/><W73/><G73/><T95/><D20/><U59/><E59/><V3/><F3/><W10/><G10/><T45/><D0/><U49/><E49/><V35/><F35/><W119/><G47/><T80/><D80/><U82/><E109/><V42/><F42/><N who="0" m="15914" /><D64/><N who="2" m="24650" /><F99/><W36/><G1/><T54/><D54/><U9/><E106/><V5/><F5/><W117/><G117/><T68/><D45/><U70/><E70/><V39/><F39/><AGARI ba="1,0" hai="36,39,53,55,77,78,90,91,113,114,116,119,134,135" machi="39" ten="25,1600,0" yaku="22,2" doraHai="32" who="3" fromWho="2" sc="296,0,90,0,368,-19,246,19" /><INIT seed="3,0,0,0,5,117" ten="296,90,349,265" oya="3" hai0="85,3,4,62,89,113,75,102,94,93,59,70,33" hai1="101,10,108,26,58,45,107,125,99,104,72,2,119" hai2="16,114,87,12,129,123,103,6,74,47,115,135,126" hai3="32,91,55,53,116,105,43,56,83,54,73,17,29"/><W44/><G105/><T34/><D113/><U37/><E58/><V71/><F74/><W57/><G116/><T61/><D75/><U80/><E26/><V79/><F71/><W14/><G32/><T60/><D70/><U132/><E107/><V27/><F103/><W92/><G83/><T84/><D3/><U97/><E97/><V9/><F126/><W36/><G29/><T90/><D4/><U40/><E119/><V118/><F118/><W49/><G73/><T78/><D78/><U106/><E106/><V7/><F129/><W11/><REACH who="3" step="1"/><G36/><REACH who="3" ten="296,90,349,255" step="2"/><T64/><D102/><U25/><E80/><V41/><F115/><W31/><G31/><T63/><AGARI ba="0,1" hai="33,34,59,60,61,62,63,64,84,85,89,90,93,94" machi="63" ten="30,2000,0" yaku="0,1,9,1" doraHai="117" who="0" fromWho="0" sc="296,30,90,-5,349,-5,255,-10" /><INIT seed="4,0,0,4,5,43" ten="326,85,344,245" oya="0" hai0="50,96,56,28,30,4,84,108,15,91,64,93,8" hai1="65,22,117,123,53,39,68,7,41,124,1,77,111" hai2="31,3,20,74,87,86,61,78,51,5,16,125,99" hai3="70,126,26,12,6,129,103,48,88,63,9,23,100"/><T49/><D108/><U73/><E53/><V25/><F125/><W107/><G129/><T112/><D112/><U120/><E22/><V119/><F119/><W95/><G126/><T92/><D49/><U121/><E121/><V97/><F74/><W81/><G107/><T76/><D76/><U79/><E79/><V57/><F3/><W60/><G81/><T128/><D128/><U69/><E69/><V58/><F5/><W14/><G14/><T40/><D64/><U109/><E109/><V80/><F86/><N who="3" m="52631" /><G70/><T17/><D4/><U118/><E118/><V0/><F0/><W116/><G116/><T38/><D38/><U52/><E52/><N who="2" m="31903" /><F31/><N who="3" m="17887" /><G48/><T122/><D122/><U27/><E124/><V44/><F44/><W67/><G67/><AGARI ba="0,0" hai="16,20,25,58,61,67,78,80,87,97,99" m="31903" machi="67" ten="30,3900,0" yaku="8,1,54,2" doraHai="43" who="2" fromWho="3" sc="326,0,85,0,344,39,245,-39" /><INIT seed="5,0,0,2,2,112" ten="326,85,383,206" oya="1" hai0="126,2,77,53,111,38,55,56,89,72,33,135,10" hai1="63,92,24,21,18,81,15,74,7,73,29,59,52" hai2="16,71,51,44,128,62,65,82,5,130,120,42,58" hai3="122,4,43,68,121,117,98,13,26,35,34,96,60"/><U70/><E70/><V66/><F5/><W102/><G43/><T125/><D111/><U20/><E7/><V118/><F118/><W17/><G98/><T8/><D135/><U87/><REACH who="1" step="1"/><E92/><REACH who="1" ten="326,75,383,206" step="2"/><V64/><F71/><W114/><G68/><T108/><D126/><U101/><E101/><V23/><F120/><W97/><G102/><T11/><D125/><U25/><E25/><N who="2" m="14567" /><F82/><W54/><G122/><T133/><D133/><U100/><E100/><V37/><F37/><W50/><G121/><T1/><D38/><U83/><E83/><V78/><F78/><AGARI ba="0,1" hai="15,18,20,21,24,29,52,59,63,73,74,78,81,87" machi="78" ten="30,5800,0" yaku="1,1,7,1,54,1,53,0" doraHai="112" doraHaiUra="109" who="1" fromWho="2" sc="326,0,75,68,383,-58,206,0" /><INIT seed="5,1,0,1,2,36" ten="326,143,325,206" oya="1" hai0="48,94,108,97,49,132,34,93,9,68,125,80,27" hai1="117,112,69,90,76,8,87,26,44,71,99,25,12" hai2="91,73,29,119,89,130,39,127,2,96,30,131,31" hai3="28,101,58,81,107,40,103,56,45,13,50,59,105"/><U60/><E117/><V65/><F2/><W38/><G28/><T33/><D108/><U6/><E112/><V62/><F73/><W7/><G107/><T35/><D68/><U72/><E72/><V55/><F119/><W17/><G105/><T3/><D132/><U23/><E25/><V115/><F39/><W110/><G110/><T126/><D80/><U66/><E99/><V84/><F127/><N who="0" m="48650" /><D27/><U121/><E76/><V21/><F21/><W19/><G38/><T70/><D70/><U77/><E77/><V46/><F96/><W122/><G81/><T1/><D9/><U11/><E11/><V14/><F14/><W16/><G122/><T85/><D85/><U113/><E44/><V111/><F111/><W22/><G7/><T114/><D114/><U98/><E98/><V109/><F109/><W106/><G106/><T18/><D18/><AGARI ba="1,0" hai="13,16,17,18,19,22,40,45,50,56,58,59,101,103" machi="18" ten="40,5200,0" yaku="8,1,52,1,54,1" doraHai="36" who="3" fromWho="0" sc="326,-55,143,0,325,0,206,55" /><INIT seed="6,0,0,0,4,107" ten="271,143,325,261" oya="2" hai0="85,116,44,59,42,82,2,118,24,20,53,135,11" hai1="129,4,37,64,57,105,5,32,6,13,113,92,52" hai2="49,14,99,104,31,94,108,100,39,123,1,86,106" hai3="114,72,62,128,69,21,132,35,95,51,9,41,60"/><V33/><F1/><W76/><G35/><T88/><D135/><U93/><E32/><V89/><F39/><W80/><G132/><T133/><D133/><U117/><E105/><V45/><F123/><W65/><G128/><T103/><D103/><U131/><E37/><V90/><F108/><W109/><G109/><T68/><D68/><U87/><E64/><V47/><F47/><W18/><G62/><T16/><D2/><U110/><E110/><V15/><F106/><W3/><G95/><T79/><D11/><U36/><E36/><V43/><F33/><W8/><G114/><T34/><D34/><U98/><E113/><V102/><F31/><W7/><G9/><T55/><D79/><U75/><E13/><V29/><F29/><W83/><G83/><T74/><D74/><U66/><E66/><V111/><F111/><W0/><G0/><T121/><D121/><U125/><E125/><V134/><F134/><W77/><G77/><T19/><D19/><U101/><E117/><N who="0" m="45161" /><D59/><U28/><E28/><V115/><F115/><W22/><G18/><T61/><D61/><N who="1" m="36007" /><E75/><V112/><F112/><W78/><G78/><T26/><D24/><U23/><E23/><V96/><F102/><W122/><G122/><T58/><D58/><U119/><E119/><V12/><F99/><W73/><G73/><T126/><D126/><U91/><E131/><V40/><F90/><W56/><G69/><T50/><AGARI ba="0,0" hai="16,20,26,42,44,50,53,55,82,85,88" m="45161" machi="50" ten="30,4000,0" yaku="12,1,54,2" doraHai="107" who="0" fromWho="0" sc="271,40,143,-10,325,-20,261,-10" /><INIT seed="7,0,0,2,5,66" ten="311,133,305,251" oya="3" hai0="51,82,87,52,133,129,38,118,31,57,101,70,130" hai1="83,96,0,74,119,37,12,90,5,88,116,50,60" hai2="30,64,56,42,9,89,24,81,36,112,94,3,28" hai3="75,19,73,26,122,97,55,16,39,61,20,47,99"/><W98/><G122/><T7/><D70/><U71/><E37/><V111/><F111/><W32/><G32/><T14/><D118/><N who="1" m="45099" /><E0/><V132/><F132/><W17/><G39/><T125/><D125/><U131/><E50/><V18/><F112/><W22/><G47/><T34/><D133/><U103/><E5/><V85/><F42/><W68/><G55/><T21/><D34/><U121/><E12/><N who="2" m="7439" /><F36/><W106/><G106/><T48/><D101/><U63/><E63/><N who="2" m="37991" /><F3/><W8/><G8/><N who="0" m="4383" /><D38/><U58/><E58/><V100/><F24/><W53/><G53/><T115/><D115/><U86/><E60/><V2/><F2/><W135/><G135/><T54/><D21/><U35/><E35/><V108/><F108/><W49/><G49/><N who="0" m="19019" /><D31/><N who="2" m="11818" /><F100/><W117/><G117/><T76/><D57/><U43/><E43/><V123/><F123/><W27/><G19/><T120/><D120/><U92/><E121/><V69/><F69/><W134/><G134/><T46/><D46/><U40/><E40/><V93/><AGARI ba="0,0" hai="81,85,89,93,94" m="11818,37991,7439" machi="93" ten="30,1100,0" yaku="8,1" doraHai="66" who="2" fromWho="2" sc="311,-3,133,-3,305,11,251,-5" owari="308,11.0,130,-37.0,316,41.0,246,-15.0" /></mjloggm>