<mjloggm ver="2.3"><GO type="169" lobby="0"/><UN n0="%46%75%6E%54%69%6D%65" n1="%E5%B0%B1%E6%B4%BB%E7%94%9F%40%E5%B7%9D%E6%9D%91%E8%BB%8D%E5%9B%A3" n2="%E3%83%80%E3%83%9C" n3="%73%65%6E%75%72%6C" dan="16,17,16,17" rate="2132.85,2177.76,2055.38,2145.84" sx="M,M,M,F"/><TAIKYOKU oya="0"/><INIT seed="0,0,0,0,4,54" ten="250,250,250,250" oya="0" hai0="16,3,41,86,44,42,56,108,62,85,122,133,125" hai1="75,116,14,63,66,101,96,39,104,58,77,131,2" hai2="123,95,53,135,1,35,72,13,47,20,79,50,130" hai3="4,33,97,88,60,128,106,71,87,129,34,80,51"/><T10/><D122/><U107/><E2/><V114/><F1/><W32/><G4/><T24/><D125/><U94/><E116/><V100/><F35/><W45/><G71/><T5/><D133/><U31/><E39/><V74/><F135/><W29/><G60/><T115/><D115/><U93/><E131/><N who="3" m="50250" /><G106/><T132/><D132/><U55/><E94/><V70/><F114/><W103/><G29/><T65/><D108/><U99/><E99/><V49/><F70/><W28/><G28/><T92/><D92/><U9/><E31/><V82/><F123/><W76/><G76/><T83/><D83/><U68/><E77/><V40/><F130/><W121/><G121/><T22/><REACH who="0" step="1"/><D42/><REACH who="0" ten="240,250,250,250" step="2"/><U111/><E111/><V7/><F95/><N who="3" m="58815" /><G34/><T105/><D105/><U126/><E126/><V118/><F82/><W64/><G64/><T0/><D0/><U61/><REACH who="1" step="1"/><E75/><REACH who="1" ten="240,240,250,250" step="2"/><V21/><F74/><W12/><G80/><T43/><D43/><U117/><E117/><V98/><F118/><W25/><G33/><T110/><D110/><U134/><E134/><V59/><F72/><W119/><G119/><T52/><D52/><U112/><E112/><V89/><F53/><N who="3" m="29935" /><G32/><T46/><D46/><U27/><E27/><V48/><F47/><W23/><G25/><T69/><D69/><U84/><E84/><V90/><F40/><W57/><G87/><T26/><D26/><U17/><AGARI ba="0,2" hai="9,14,17,55,58,61,63,66,68,93,96,101,104,107" machi="17" ten="20,8000,1" yaku="1,1,0,1,7,1,52,1,53,1" doraHai="54" doraHaiUra="67" who="1" fromWho="1" sc="240,-40,240,100,250,-20,250,-20" /><INIT seed="1,0,0,0,2,18" ten="200,340,230,230" oya="1" hai0="8,69,59,75,89,28,90,74,58,3,82,135,84" hai1="64,47,2,117,9,92,0,120,98,36,86,71,4" hai2="110,6,96,134,39,97,16,109,76,17,103,130,40" hai3="94,93,31,23,113,57,54,15,123,111,83,10,73"/><U45/><E117/><V56/><F6/><W121/><G113/><T115/><D115/><U107/><E120/><V20/><F17/><W108/><G73/><T77/><D69/><U29/><E2/><V132/><F76/><W79/><G31/><T67/><D135/><N who="2" m="51754" /><F130/><W88/><G23/><T99/><D28/><U104/><E29/><V128/><F128/><W100/><G100/><T102/><D3/><U61/><E86/><V68/><F68/><W19/><G83/><T119/><D119/><U22/><E45/><N who="2" m="23711" /><F56/><W133/><G79/><T43/><D43/><U114/><E114/><V55/><F55/><W78/><G78/><T70/><D8/><U5/><E5/><V46/><F46/><W41/><G41/><T13/><D75/><U11/><E11/><V80/><F80/><W129/><G129/><T51/><D70/><U106/><E47/><V72/><F72/><W122/><G133/><T32/><D59/><U1/><E1/><V50/><F50/><W101/><G101/><T63/><D74/><U42/><E42/><V44/><F44/><W26/><G88/><N who="0" m="33899" /><D51/><U95/><E36/><V65/><F65/><W12/><G121/><T105/><D13/><U49/><E49/><V48/><F48/><N who="3" m="30919" /><G15/><T24/><D24/><U25/><E98/><N who="2" m="37995" /><F103/><W112/><G112/><T127/><D32/><U35/><E35/><V62/><F62/><W30/><G123/><T125/><D67/><U118/><E118/><V37/><F37/><W33/><G122/><T81/><D82/><U7/><E7/><V116/><F116/><W27/><G27/><AGARI ba="0,0" hai="16,20,27,109,110" m="37995,23711,51754" machi="27" ten="30,3900,0" yaku="20,1,52,1,54,1" doraHai="18" who="2" fromWho="3" sc="200,0,340,0,230,39,230,-39" /><INIT seed="2,0,0,5,3,107" ten="200,340,269,191" oya="2" hai0="109,118,135,53,63,86,129,9,64,49,99,69,79" hai1="48,23,87,2,41,102,73,47,132,61,34,82,20" hai2="106,93,67,46,50,52,88,8,27,104,54,125,45" hai3="4,89,25,13,116,80,65,16,84,26,33,96,40"/><V134/><F125/><W0/><G116/><T83/><D109/><U59/><E34/><V31/><F67/><W62/><G33/><T43/><D118/><U94/><E2/><V28/><F134/><W122/><G122/><T17/><D135/><U123/><E123/><V95/><F8/><W112/><G112/><T117/><D117/><U110/><E110/><V115/><F115/><W68/><G40/><T15/><D129/><U21/><E132/><V130/><F130/><W71/><G71/><T36/><D36/><U32/><E32/><V55/><F55/><W126/><G126/><T66/><D43/><U97/><E73/><V24/><F88/><W42/><G42/><T57/><D99/><U14/><E14/><V90/><F90/><W113/><G113/><T75/><REACH who="0" step="1"/><D66/><REACH who="0" ten="190,340,269,191" step="2"/><U58/><E61/><V119/><F119/><W6/><G96/><T120/><D120/><U108/><E108/><V10/><F10/><W29/><G0/><T98/><D98/><U131/><E131/><V35/><F35/><W114/><G114/><T38/><D38/><U39/><E39/><V12/><F50/><W74/><G65/><T5/><D5/><U133/><E133/><V22/><F22/><N who="3" m="11535" /><G6/><T37/><D37/><U105/><E105/><V103/><F103/><W72/><G4/><T51/><D51/><U3/><E102/><V92/><F106/><W127/><G127/><T18/><D18/><U121/><E121/><V60/><F104/><W56/><G29/><T111/><D111/><U100/><E41/><V81/><F31/><W1/><G62/><T44/><D44/><RYUUKYOKU ba="0,1" sc="190,30,340,-10,269,-10,191,-10" hai0="9,15,17,49,53,57,63,64,69,75,79,83,86" /><INIT seed="3,1,1,3,4,44" ten="220,330,259,181" oya="3" hai0="54,3,69,79,65,134,55,18,14,129,95,42,87" hai1="107,40,12,113,45,9,77,48,76,78,11,35,8" hai2="112,23,88,108,17,24,1,132,59,75,41,66,60" hai3="21,92,72,81,25,91,56,127,106,97,82,98,80"/><W70/><G70/><T2/><D42/><U83/><E113/><V73/><F1/><W101/><G127/><T94/><D129/><U58/><E107/><V16/><F112/><W90/><G56/><T93/><D134/><U102/><E35/><V110/><F41/><W68/><G68/><T89/><D79/><U104/><E104/><V120/><F132/><W51/><G51/><T116/><D116/><U86/><E102/><V124/><F124/><W5/><G5/><T15/><D15/><U22/><E58/><V111/><F120/><W28/><REACH who="3" step="1"/><G91/><REACH who="3" ten="220,330,259,171" step="2"/><T43/><D69/><U63/><E63/><V74/><F88/><W49/><G49/><T130/><D89/><U105/><E48/><V53/><F66/><W103/><G103/><T50/><D65/><U29/><E45/><V128/><F128/><W31/><G31/><AGARI ba="1,2" hai="16,17,23,24,31,53,59,60,73,74,75,108,110,111" machi="31" ten="50,3200,0" yaku="14,1,54,1" doraHai="44" who="2" fromWho="3" sc="220,0,330,0,259,55,171,-35" /><INIT seed="4,0,0,0,3,40" ten="220,330,314,136" oya="0" hai0="127,34,4,53,130,75,125,107,92,37,62,52,17" hai1="94,80,123,73,99,71,0,98,38,9,115,16,121" hai2="8,14,131,5,61,36,57,65,42,12,50,113,86" hai3="26,106,91,18,23,13,128,43,60,72,41,133,45"/><T101/><D130/><U116/><E71/><V89/><F36/><W66/><G128/><T39/><D75/><U74/><E116/><V11/><F131/><W28/><G133/><T20/><D34/><U82/><E38/><V31/><F31/><W24/><G72/><T81/><D107/><U1/><E115/><V117/><F117/><W103/><G43/><T102/><D81/><U63/><E63/><V29/><F29/><W6/><G6/><T95/><D4/><U58/><E58/><V35/><F35/><W96/><G91/><T126/><D62/><U135/><E135/><V111/><F111/><W10/><G26/><T112/><D112/><U90/><E9/><V129/><F113/><W120/><G120/><T68/><D68/><U47/><E94/><N who="0" m="35881" /><D39/><U108/><E90/><V105/><F105/><W84/><G84/><T55/><D37/><U48/><E48/><V85/><F129/><W104/><G104/><T30/><D30/><U44/><REACH who="1" step="1"/><E16/><REACH who="1" ten="220,320,314,136" step="2"/><N who="2" m="8199" /><F89/><W132/><G132/><T124/><D124/><U46/><E46/><AGARI ba="0,1" hai="5,11,14,42,46,50,57,61,65,85,86" m="8199" machi="46" ten="30,3900,0" yaku="8,1,52,1,54,1" doraHai="40" who="2" fromWho="1" sc="220,0,320,-39,314,49,136,0" /><INIT seed="5,0,0,5,1,95" ten="220,281,363,136" oya="1" hai0="45,20,38,72,108,128,31,70,2,66,99,98,96" hai1="36,54,97,57,48,56,122,89,46,107,11,47,101" hai2="83,9,127,14,121,120,100,4,92,135,39,116,112" hai3="50,69,34,42,23,68,33,109,126,58,80,79,75"/><U17/><E122/><V29/><F39/><W0/><G109/><T129/><D108/><U130/><E130/><N who="0" m="50281" /><D72/><U63/><E89/><V115/><F83/><W86/><G126/><T3/><D70/><U12/><REACH who="1" step="1"/><E36/><REACH who="1" ten="220,271,363,136" step="2"/><V5/><F120/><W6/><G79/><T76/><D76/><U74/><E74/><V93/><F121/><W67/><G75/><T73/><D73/><U85/><E85/><V84/><F84/><W51/><G86/><T131/><D131/><U91/><E91/><V119/><F116/><W35/><G80/><T133/><D133/><U62/><E62/><V18/><F119/><W123/><G123/><T77/><D77/><U113/><E113/><V25/><F135/><W59/><G51/><T26/><D66/><AGARI ba="0,1" hai="11,12,17,46,47,48,54,56,57,63,66,97,101,107" machi="66" ten="30,12000,1" yaku="1,1,7,1,52,1,53,2" doraHai="95" doraHaiUra="53" who="1" fromWho="0" sc="220,-120,271,130,363,0,136,0" /><INIT seed="5,1,0,0,4,88" ten="100,401,363,136" oya="1" hai0="121,24,84,7,134,129,74,89,46,13,85,28,75" hai1="102,78,116,94,25,108,55,98,21,41,81,133,34" hai2="96,48,67,117,62,127,30,15,71,3,23,44,106" hai3="86,69,92,101,4,82,90,53,33,135,131,118,1"/><U42/><E116/><V49/><F3/><W120/><G33/><T8/><D129/><U60/><E34/><V126/><F117/><W80/><G120/><T70/><D70/><U77/><E133/><V95/><F106/><W114/><G118/><T52/><D134/><U124/><E124/><N who="2" m="47659" /><F44/><W111/><G111/><T113/><D113/><U64/><E108/><V27/><F15/><W68/><G131/><T100/><D100/><AGARI ba="1,0" hai="23,27,30,48,49,62,67,71,95,96,100" m="47659" machi="100" ten="30,2000,0" yaku="18,1,52,1" doraHai="88" who="2" fromWho="0" sc="100,-23,401,0,363,23,136,0" /><INIT seed="6,0,0,3,2,131" ten="77,401,386,136" oya="2" hai0="69,50,105,73,128,4,72,61,134,49,63,64,80" hai1="54,30,25,94,112,102,24,17,14,87,3,101,59" hai2="33,126,111,51,8,114,121,127,34,89,135,71,7" hai3="58,62,67,60,96,124,27,55,13,53,0,91,42"/><V122/><F71/><W19/><G0/><T84/><D105/><U123/><E3/><N who="2" m="127" /><F89/><W40/><G124/><N who="2" m="47657" /><F51/><W77/><G27/><N who="1" m="10314" /><E123/><N who="2" m="47115" /><F114/><W45/><G77/><T65/><D128/><U23/><E112/><V39/><F39/><W104/><G104/><T90/><D4/><U119/><E30/><V107/><F107/><W2/><G2/><T81/><D134/><U97/><E119/><V5/><F5/><W99/><G62/><T115/><D115/><U129/><E129/><V46/><F46/><W118/><G118/><T74/><REACH who="0" step="1"/><D81/><REACH who="0" ten="67,401,386,136" step="2"/><U28/><E28/><V75/><F135/><W95/><G99/><T48/><D48/><N who="1" m="31175" /><E87/><V9/><F111/><W109/><G109/><T130/><D130/><U120/><E120/><V41/><F34/><W43/><G45/><T47/><D47/><U100/><AGARI ba="0,1" hai="14,17,23,94,97,100,101,102" m="31175,10314" machi="100" ten="30,1100,0" yaku="8,1" doraHai="131" who="1" fromWho="1" sc="67,-3,401,21,386,-5,136,-3" /><INIT seed="7,0,0,4,5,104" ten="64,422,381,133" oya="3" hai0="82,5,101,12,53,20,131,66,103,81,116,10,11" hai1="34,122,126,33,115,2,132,45,42,64,95,23,40" hai2="111,48,67,76,37,107,88,127,93,43,59,72,123" hai3="0,13,38,125,22,17,65,78,85,129,7,105,25"/><W19/><G38/><T57/><D131/><U92/><E2/><V32/><F111/><W4/><G105/><T24/><D116/><U58/><E122/><V63/><F107/><W69/><G69/><T54/><D66/><U62/><E115/><V68/><F32/><W87/><G65/><T99/><D103/><U94/><E132/><V117/><F117/><W135/><G135/><T96/><D11/><U119/><E119/><V84/><F123/><W29/><G129/><T36/><D36/><U60/><E126/><V26/><F26/><N who="3" m="14671" /><G87/><T9/><D9/><U1/><E1/><V79/><F127/><W16/><G85/><T3/><D3/><U31/><E62/><V71/><F79/><W120/><G78/><T73/><D73/><U110/><E110/><V44/><REACH who="2" step="1"/><F37/><REACH who="2" ten="64,422,371,133" step="2"/><W47/><G125/><T61/><D54/><U46/><E31/><V30/><F30/><W28/><G120/><T108/><D108/><U118/><E118/><V124/><F124/><W80/><G29/><T39/><D39/><U6/><E34/><V15/><F15/><W133/><G133/><T113/><D113/><U14/><E33/><V49/><F49/><W50/><G28/><T121/><D121/><U70/><E14/><V134/><F134/><W55/><G13/><T91/><D101/><U21/><E60/><V97/><F97/><W75/><G25/><T102/><D102/><U89/><E89/><V27/><F27/><W114/><G114/><T51/><D51/><U100/><E100/><V98/><F98/><W52/><G0/><T112/><D99/><U74/><E74/><RYUUKYOKU ba="0,1" sc="64,-10,422,-10,371,30,133,-10" hai2="43,44,48,59,63,67,68,71,72,76,84,88,93" owari="54,-45.0,422,53.0,401,20.0,123,-28.0" /></mjloggm>