<mjloggm ver="2.3"><GO type="169" lobby="0"/><UN n0="%E3%82%89%E3%81%8F%E3%81%A0%EF%BC%90%EF%BC%91%EF%BC%90%EF%BC%99" n1="%E5%B0%B1%E6%B4%BB%E7%94%9F%40%E5%B7%9D%E6%9D%91%E8%BB%8D%E5%9B%A3" n2="%64%75%72%72%72%72%72" n3="%E3%81%B5%E3%81%8B%E3%81%98" dan="17,18,17,16" rate="2179.46,2321.75,2167.09,2071.16" sx="M,M,M,M"/><TAIKYOKU oya="0"/><INIT seed="0,0,0,2,3,14" ten="250,250,250,250" oya="0" hai0="9,126,71,12,0,33,92,119,129,90,43,91,40" hai1="82,100,109,76,59,104,51,72,20,130,7,5,128" hai2="42,2,6,17,134,4,107,19,89,38,37,22,111" hai3="93,112,16,81,50,34,29,30,3,125,1,26,103"/><T55/><D71/><U114/><E114/><V53/><F107/><W132/><G112/><T39/><D39/><U124/><E124/><V115/><F115/><W110/><G125/><T11/><D33/><U74/><E74/><V24/><F111/><W133/><G110/><T13/><D126/><U98/><E109/><V15/><F134/><N who="3" m="51819" /><G81/><T83/><D0/><N who="3" m="73" /><G50/><T127/><D127/><U28/><E59/><V116/><F2/><W61/><G61/><T44/><D119/><U45/><E51/><V48/><F116/><W118/><G118/><T87/><D129/><N who="1" m="49771" /><E45/><V99/><F42/><W96/><G34/><T77/><D55/><U123/><E123/><V120/><F38/><W121/><G121/><T58/><D58/><U75/><E75/><V65/><F65/><W113/><G113/><T85/><D77/><U54/><E54/><V32/><F32/><W108/><G108/><T63/><D63/><U88/><E88/><V122/><F37/><W46/><G46/><T73/><D73/><U18/><E28/><V79/><F79/><W80/><G80/><T57/><D57/><U56/><E56/><N who="2" m="32807" /><F122/><W66/><G66/><T62/><D62/><U101/><E101/><V60/><F60/><W95/><G95/><T64/><D64/><U67/><E67/><V70/><F70/><W25/><G30/><T86/><D44/><U21/><E76/><V8/><F120/><W117/><G117/><T97/><D43/><U131/><E131/><V27/><F89/><W94/><G29/><T52/><D40/><U31/><E72/><V47/><F47/><W84/><G103/><RYUUKYOKU ba="0,0" sc="250,0,250,0,250,0,250,0" /><INIT seed="1,1,0,5,4,12" ten="250,250,250,250" oya="1" hai0="76,62,63,113,10,94,87,83,1,120,40,32,61" hai1="121,73,68,36,81,70,91,123,117,24,3,16,23" hai2="114,49,104,0,66,51,42,71,19,18,105,112,46" hai3="4,80,93,17,124,9,103,97,52,125,135,75,57"/><U43/><E117/><V26/><F0/><W119/><G119/><T96/><D32/><U8/><E68/><V54/><F26/><W115/><G115/><N who="2" m="44073" /><F66/><W65/><G65/><T22/><D113/><U126/><E70/><V29/><F29/><W110/><G110/><T55/><D120/><U31/><E126/><N who="3" m="48746" /><G135/><T34/><D34/><U133/><E133/><V100/><F71/><W99/><G99/><T85/><D85/><U128/><E128/><V111/><F111/><W101/><G101/><T47/><D22/><U38/><E31/><V33/><F33/><W108/><G108/><T59/><D10/><U48/><E48/><V25/><F25/><W30/><G30/><T106/><D1/><U45/><E36/><V20/><F20/><W127/><N who="3" m="48754" /><W28/><DORA hai="77" /><G28/><T134/><D106/><N who="2" m="41066" /><F100/><W116/><G116/><T107/><D107/><U72/><E121/><V14/><F14/><N who="3" m="7375" /><G4/><T82/><D134/><U69/><E69/><V90/><F90/><W95/><G95/><T2/><D2/><U7/><REACH who="1" step="1"/><E123/><REACH who="1" ten="250,240,250,250" step="2"/><V86/><F86/><AGARI ba="1,1" hai="3,7,8,16,23,24,38,43,45,72,73,81,86,91" machi="86" ten="40,18000,2" yaku="1,1,2,1,52,2,54,1,53,1" doraHai="12,77" doraHaiUra="92,15" who="1" fromWho="2" sc="250,0,240,193,250,-183,250,0" /><INIT seed="1,2,0,4,4,95" ten="250,433,67,250" oya="1" hai0="42,86,78,37,12,50,20,4,44,81,107,30,73" hai1="19,122,118,87,82,68,15,41,2,85,10,125,135" hai2="57,108,123,17,24,133,58,121,60,56,49,119,115" hai3="54,127,128,70,46,80,75,94,131,113,31,111,104"/><U0/><E122/><V76/><F76/><N who="3" m="44063" /><G104/><T22/><D107/><U129/><E118/><V83/><F83/><W64/><G113/><T106/><D106/><U61/><E129/><N who="3" m="49738" /><G111/><T39/><D73/><U91/><E125/><V116/><F17/><W33/><G127/><T90/><D90/><U62/><E135/><V117/><F24/><N who="3" m="18663" /><G94/><T126/><D126/><U66/><E41/><V43/><F108/><W25/><G25/><T71/><D71/><U105/><E105/><V26/><F26/><W23/><G23/><T21/><D30/><U55/><E85/><V130/><F130/><W124/><G124/><T51/><D51/><U74/><E74/><V13/><F13/><W92/><G92/><T88/><REACH who="0" step="1"/><D78/><REACH who="0" ten="240,433,67,250" step="2"/><U18/><E68/><V67/><F133/><W132/><G132/><T101/><D101/><U6/><E91/><V79/><F79/><W102/><G102/><T53/><D53/><U27/><E55/><V89/><F89/><W45/><G54/><T99/><D99/><U112/><E112/><V109/><F109/><W120/><G120/><N who="2" m="46153" /><F115/><W52/><G52/><T65/><D65/><U93/><E66/><V110/><F110/><W1/><G64/><T59/><D59/><U47/><E87/><V40/><F49/><W38/><G70/><AGARI ba="2,1" hai="40,43,56,57,58,60,67,70,116,117,119" m="46153" machi="70" ten="40,2600,0" yaku="34,2" doraHai="95" who="2" fromWho="3" sc="240,0,433,0,67,42,250,-32" /><INIT seed="2,0,0,5,4,120" ten="240,433,109,218" oya="2" hai0="132,17,107,7,27,110,79,60,53,41,51,75,19" hai1="50,73,8,0,113,123,117,105,76,34,56,119,130" hai2="127,115,97,25,78,122,82,1,42,126,83,96,10" hai3="67,131,59,74,89,86,84,62,111,15,70,101,99"/><V94/><F122/><W85/><G74/><T9/><D107/><U55/><E123/><V45/><F115/><W46/><G131/><T128/><D128/><U5/><E113/><V125/><F25/><W31/><G111/><T23/><D132/><U98/><E130/><V114/><F114/><W95/><G31/><T104/><D104/><U16/><E34/><V65/><F65/><W68/><G101/><T43/><D110/><U14/><E76/><V87/><F83/><W30/><G30/><T12/><D60/><U11/><REACH who="1" step="1"/><E73/><REACH who="1" ten="240,423,109,218" step="2"/><V32/><F32/><W121/><G121/><T92/><D75/><U135/><E135/><V63/><F63/><W133/><G133/><T37/><D79/><U80/><E80/><V3/><F10/><W129/><G129/><T24/><D37/><U18/><E18/><V48/><REACH who="2" step="1"/><F97/><REACH who="2" ten="240,423,99,218" step="2"/><W69/><G99/><T108/><D108/><U116/><E116/><V54/><F54/><W91/><G62/><T124/><D53/><U49/><E49/><V2/><F2/><W6/><G69/><T109/><D109/><U64/><E64/><V29/><F29/><W33/><G33/><T112/><D51/><U93/><E93/><V66/><F66/><W102/><G68/><T61/><D92/><U118/><E118/><V47/><F47/><W81/><G70/><T13/><D112/><U20/><E20/><V22/><F22/><W4/><G46/><T26/><D61/><U40/><E40/><N who="0" m="15433" /><D17/><U71/><E71/><V35/><F35/><W90/><G95/><T103/><D19/><U52/><E52/><V39/><F39/><RYUUKYOKU ba="0,2" sc="240,-15,423,15,99,15,218,-15" hai1="0,5,8,11,14,16,50,55,56,98,105,117,119" hai2="1,3,42,45,48,78,82,87,94,96,125,126,127" /><INIT seed="2,1,2,5,2,76" ten="225,438,114,203" oya="2" hai0="45,79,62,17,11,57,56,38,106,120,124,115,119" hai1="18,112,42,85,7,70,21,110,92,86,94,100,130" hai2="133,16,13,33,54,58,35,121,90,95,65,15,41" hai3="47,5,123,31,105,111,126,20,60,125,28,46,0"/><V107/><F107/><W116/><G123/><T8/><D106/><U78/><E70/><V71/><F121/><W52/><G116/><T101/><D120/><U12/><E112/><V122/><F122/><W99/><G111/><T96/><D115/><U48/><E110/><V24/><F133/><W87/><G87/><N who="1" m="33290" /><E78/><V14/><F41/><W63/><G5/><T114/><D114/><U134/><E130/><V91/><F65/><W50/><G0/><T9/><D124/><N who="3" m="47721" /><G47/><T39/><D119/><U89/><E7/><V32/><F71/><W36/><G36/><T43/><D39/><U59/><E134/><V132/><F132/><W19/><G99/><T2/><D2/><U6/><E6/><V64/><F64/><W103/><G103/><T131/><D131/><U118/><E100/><V109/><F109/><W25/><G105/><T75/><D79/><U69/><E69/><V81/><F81/><W73/><G73/><T30/><D75/><U83/><E118/><V26/><F95/><W22/><G28/><T4/><D30/><U74/><E74/><V27/><REACH who="2" step="1"/><F16/><REACH who="2" ten="225,438,104,203" step="2"/><W104/><G104/><N who="0" m="63527" /><D17/><U53/><E42/><V23/><F23/><W97/><G97/><T84/><D43/><U135/><E135/><V61/><AGARI ba="1,3" hai="13,14,15,24,26,27,32,33,35,54,58,61,90,91" machi="61" ten="40,12000,1" yaku="1,1,0,1,29,2,53,0" doraHai="76" doraHaiUra="80" who="2" fromWho="2" sc="225,-41,438,-41,104,153,203,-41" /><INIT seed="2,2,0,5,0,95" ten="184,397,257,162" oya="2" hai0="135,41,25,13,114,94,33,89,121,107,36,117,23" hai1="42,43,61,115,100,50,60,92,66,85,74,105,30" hai2="112,82,103,73,91,65,51,47,29,35,83,87,132" hai3="20,120,56,4,17,70,52,128,111,14,10,106,6"/><V119/><F119/><W5/><G120/><T109/><D107/><U58/><E74/><V113/><F132/><W7/><G70/><T133/><D121/><U31/><E105/><V101/><F65/><W57/><G111/><T110/><D117/><U127/><E127/><V37/><F37/><W3/><G128/><T16/><D114/><U72/><E72/><V131/><F131/><W46/><REACH who="3" step="1"/><G106/><REACH who="3" ten="184,397,257,152" step="2"/><T134/><D36/><U9/><E115/><V90/><F113/><W97/><G97/><N who="0" m="57551" /><D41/><U124/><E43/><V102/><F112/><W69/><G69/><T122/><D122/><U55/><E42/><V11/><F102/><W12/><G12/><T1/><D1/><U86/><E100/><V125/><F101/><W93/><G93/><T84/><D84/><U118/><E92/><V79/><F103/><W24/><G24/><T104/><D104/><U77/><E86/><V116/><F116/><W98/><G98/><T49/><D109/><U81/><E118/><V63/><F73/><W45/><G45/><T62/><D110/><U40/><E124/><V67/><F47/><W99/><G99/><T88/><D25/><U0/><E40/><V76/><F125/><W15/><G15/><T34/><D49/><AGARI ba="2,1" hai="3,4,5,6,7,10,14,17,20,46,49,52,56,57" machi="49" ten="40,8000,1" yaku="1,1,54,1,53,2" doraHai="95" doraHaiUra="53" who="3" fromWho="0" sc="184,-86,397,0,257,0,152,96" /><INIT seed="3,0,0,0,4,21" ten="98,397,257,248" oya="3" hai0="130,25,54,36,39,50,35,71,77,19,129,22,67" hai1="9,104,114,112,7,124,84,133,91,110,13,100,38" hai2="72,11,83,108,94,115,41,113,33,55,29,62,14" hai3="0,42,111,79,75,24,2,74,90,49,48,15,98"/><W65/><G111/><T128/><D35/><U47/><E110/><V56/><F108/><W117/><G117/><T125/><D125/><U88/><E124/><V105/><F105/><W81/><G65/><T131/><N who="0" m="32768" /><DORA hai="93" /><T95/><D77/><U26/><E133/><V96/><F41/><W66/><G66/><T53/><D53/><U10/><E91/><V63/><F63/><W109/><G109/><T28/><D28/><U92/><E10/><V4/><F83/><W57/><G75/><T31/><D31/><U8/><E8/><V68/><F68/><W52/><G15/><T51/><D51/><U121/><E121/><V3/><F72/><W76/><G76/><T6/><D6/><U32/><E47/><V120/><F3/><W122/><G122/><T106/><D106/><U89/><E89/><V44/><F44/><W116/><G116/><T134/><D134/><U64/><E64/><V97/><F120/><W119/><G119/><T43/><D43/><U46/><E46/><V73/><F73/><W102/><G42/><T5/><D5/><U127/><E127/><V86/><F115/><W18/><G48/><T30/><D30/><U101/><E38/><V34/><F113/><W58/><G90/><T60/><REACH who="0" step="1"/><D95/><REACH who="0" ten="88,397,257,248" step="2"/><N who="1" m="54663" /><E104/><V118/><F118/><W37/><G49/><T27/><D27/><U126/><E126/><V99/><F29/><W85/><G79/><T78/><D78/><U40/><E40/><V87/><F94/><W45/><G24/><T1/><D1/><N who="1" m="239" /><E32/><N who="2" m="12395" /><F86/><W69/><G85/><T61/><D61/><U123/><E112/><V20/><F87/><RYUUKYOKU ba="0,1" sc="88,15,397,-15,257,15,248,-15" hai0="19,22,25,36,39,50,54,60,67,71" hai2="4,11,14,20,55,56,62,96,97,99" /><INIT seed="4,1,1,2,5,69" ten="103,382,272,233" oya="0" hai0="28,97,38,12,100,40,41,95,20,58,129,54,18" hai1="131,77,116,30,26,68,79,104,67,128,78,94,33" hai2="15,57,114,105,0,31,52,7,87,108,125,14,82" hai3="36,80,29,91,8,62,93,46,6,65,63,101,120"/><T1/><D1/><U60/><E116/><V9/><F108/><W123/><G101/><T39/><D129/><N who="1" m="49739" /><E94/><V72/><F105/><AGARI ba="1,1" hai="26,30,33,60,67,68,77,78,79,104,105" m="49739" machi="105" ten="30,1000,0" yaku="19,1" doraHai="69" who="1" fromWho="2" sc="103,0,382,23,272,-13,233,0" /><INIT seed="5,0,0,1,3,103" ten="103,405,259,233" oya="1" hai0="89,101,51,55,132,75,32,61,135,29,34,73,76" hai1="120,121,111,129,49,18,114,13,86,65,90,81,58" hai2="119,115,116,43,77,72,0,99,6,102,59,37,78" hai3="31,14,17,28,46,11,97,16,66,62,100,20,82"/><U125/><E111/><V84/><F84/><W36/><G82/><T47/><D101/><U91/><E114/><V126/><F78/><W4/><G46/><T134/><D76/><U70/><E129/><V23/><F59/><W53/><G53/><T95/><D61/><U108/><E108/><V112/><F23/><W52/><G36/><T30/><D30/><U110/><E125/><V3/><F126/><W54/><G17/><T45/><D45/><U35/><E35/><V85/><F85/><W40/><G40/><T44/><D44/><U33/><E33/><V57/><F57/><W26/><G31/><T22/><D22/><U98/><E70/><V106/><F43/><W130/><G4/><T118/><D118/><N who="2" m="45098" /><F37/><W42/><G42/><T127/><D127/><U24/><E24/><V80/><F6/><W79/><G79/><T92/><D92/><U74/><E74/><BYE who="1" /><N who="0" m="28169" /><D29/><UN n1="%E5%B0%B1%E6%B4%BB%E7%94%9F%40%E5%B7%9D%E6%9D%91%E8%BB%8D%E5%9B%A3" /><U83/><E83/><V93/><F93/><W122/><G122/><T27/><D27/><U105/><E110/><V128/><F128/><W67/><G130/><T133/><N who="0" m="33792" /><DORA hai="109" /><T113/><D113/><AGARI ba="0,0" hai="0,3,72,77,80,99,102,106,112,113,115" m="45098" machi="113" ten="30,12000,2" yaku="15,1,11,1,23,1,52,4" doraHai="103,109" who="2" fromWho="0" sc="103,-120,405,0,259,120,233,0" owari="-17,-52.0,405,51.0,379,18.0,233,-17.0" /></mjloggm>