<mjloggm ver="2.3"><GO type="169" lobby="0"/><UN n0="%E5%B0%B1%E6%B4%BB%E7%94%9F%40%E5%B7%9D%E6%9D%91%E8%BB%8D%E5%9B%A3" n1="%7A%65%72%6F%52%58" n2="%4A%61%63%6B%52%6F%73%65" n3="%64%64%6D%75" dan="17,16,16,16" rate="2184.01,2094.94,2144.75,2098.10" sx="M,M,M,M"/><TAIKYOKU oya="0"/><INIT seed="0,0,0,1,2,45" ten="250,250,250,250" oya="0" hai0="97,62,108,78,87,17,34,79,66,53,126,71,68" hai1="90,118,46,111,59,1,82,130,19,58,30,10,94" hai2="55,107,36,16,131,102,40,106,41,31,42,124,60" hai3="51,26,12,116,15,98,121,0,7,113,77,43,57"/><T109/><D34/><U63/><E118/><V122/><F122/><W28/><G116/><T33/><D33/><U84/><E111/><N who="0" m="42569" /><D126/><U75/><E130/><V44/><F124/><W123/><G113/><T8/><D71/><U80/><E30/><V91/><F131/><W117/><G117/><T49/><D97/><U32/><E32/><V129/><F129/><W119/><G119/><T81/><D8/><U20/><E1/><V35/><F31/><W115/><G115/><T29/><D29/><U38/><E10/><V13/><F35/><W21/><G98/><T85/><D17/><U132/><E132/><V50/><F107/><W88/><G77/><N who="0" m="29195" /><D81/><U67/><E75/><V128/><F106/><W100/><G28/><T25/><D25/><U18/><E18/><V120/><F102/><W89/><G26/><T23/><D23/><U14/><E82/><V96/><F120/><W37/><G21/><T112/><D112/><U5/><E80/><V76/><F76/><W105/><G100/><T70/><D70/><U47/><E5/><V125/><F125/><W99/><G7/><T48/><D53/><N who="1" m="34287" /><E38/><V135/><F36/><W61/><G37/><T52/><D49/><U69/><E69/><V2/><F2/><W104/><G51/><T103/><D103/><U24/><E24/><V6/><F6/><W74/><G0/><T54/><D54/><U101/><E101/><V65/><F128/><W27/><G121/><T73/><D73/><U22/><E20/><N who="2" m="11279" /><F55/><W93/><G74/><T11/><D11/><U64/><E64/><V114/><F114/><W133/><G123/><RYUUKYOKU ba="0,0" sc="250,15,250,15,250,-15,250,-15" hai0="48,52,62,66,68,85,87" hai1="14,19,22,46,47,58,67,84,90,94" /><INIT seed="0,1,0,5,2,52" ten="265,265,235,235" oya="0" hai0="72,22,131,59,118,35,129,57,66,11,29,110,120" hai1="55,50,8,14,125,94,46,134,109,62,43,87,38" hai2="49,115,86,19,123,67,44,112,30,133,10,98,90" hai3="99,85,31,135,34,116,103,79,108,16,45,51,18"/><T73/><D118/><U76/><E109/><V93/><F123/><W42/><G108/><T77/><D110/><U92/><E134/><V124/><F133/><W25/><G116/><T88/><D35/><U101/><E125/><V39/><F39/><W65/><G135/><T28/><D120/><U27/><E27/><V64/><F124/><W119/><G119/><T3/><D3/><U117/><E117/><V26/><F112/><W74/><G74/><T21/><D66/><U17/><E101/><V5/><F19/><W121/><G121/><T126/><D11/><U0/><E0/><V100/><F115/><W128/><G128/><N who="0" m="49227" /><D126/><U4/><E17/><V105/><F10/><W6/><G6/><T132/><D132/><U97/><E97/><V89/><F5/><W80/><REACH who="3" step="1"/><G65/><REACH who="3" ten="265,265,235,225" step="2"/><T54/><D73/><U24/><E4/><V48/><F67/><W58/><G58/><N who="0" m="22027" /><D54/><U114/><E55/><V111/><F64/><W107/><AGARI ba="1,1" hai="16,18,25,31,34,42,45,51,79,80,85,99,103,107" machi="107" ten="20,8000,1" yaku="1,1,0,1,7,1,54,1,53,1" doraHai="52" doraHaiUra="95" who="3" fromWho="3" sc="265,-41,265,-21,235,-21,225,93" /><INIT seed="1,0,0,1,3,105" ten="224,244,214,318" oya="1" hai0="57,71,12,90,22,47,38,92,33,114,129,70,130" hai1="115,78,111,77,117,39,1,83,10,122,13,53,106" hai2="35,58,113,74,45,119,20,121,120,128,124,107,15" hai3="23,132,54,103,72,91,135,86,3,104,25,40,108"/><U36/><E122/><V88/><F35/><W34/><G34/><T116/><D33/><U118/><E115/><V43/><F107/><W63/><G3/><T2/><D2/><U11/><E106/><V50/><F119/><W127/><G40/><T26/><D116/><U0/><E13/><V30/><F113/><W51/><G63/><T29/><D114/><U125/><E83/><V41/><F124/><W14/><G14/><T123/><D123/><U98/><E98/><V8/><F128/><N who="0" m="49258" /><D12/><U81/><E81/><V64/><F43/><W75/><G108/><T131/><D131/><U102/><E53/><V32/><F32/><W19/><G127/><T6/><D6/><U59/><E125/><V85/><F30/><W28/><G28/><T17/><D29/><U100/><REACH who="1" step="1"/><E59/><REACH who="1" ten="224,234,214,318" step="2"/><V5/><F121/><W93/><G104/><T79/><D57/><U69/><E69/><V7/><F120/><W97/><G97/><T16/><D71/><U96/><E96/><V134/><F58/><N who="3" m="33119" /><G103/><T52/><D70/><U49/><E49/><V24/><F64/><W68/><G68/><T27/><D38/><U37/><E37/><V61/><F61/><W76/><G76/><T9/><D79/><U126/><E126/><V31/><F5/><W65/><G65/><T84/><D52/><U89/><E89/><V99/><F99/><W44/><G44/><T73/><D47/><U4/><E4/><V110/><F110/><AGARI ba="0,1" hai="0,1,10,11,36,39,77,78,100,102,110,111,117,118" machi="110" ten="25,4800,0" yaku="1,1,22,2,53,0" doraHai="105" doraHaiUra="55" who="1" fromWho="2" sc="224,0,234,58,214,-48,318,0" /><INIT seed="1,1,0,0,4,123" ten="224,292,166,318" oya="1" hai0="98,99,77,65,68,101,17,117,0,116,31,56,94" hai1="97,122,128,57,62,6,131,39,112,51,19,85,53" hai2="29,92,49,111,72,64,45,55,75,2,7,33,106" hai3="95,28,4,109,32,20,82,104,37,52,71,46,108"/><U89/><E122/><V135/><F64/><W42/><G104/><T78/><D0/><U84/><E39/><V27/><F106/><W25/><G71/><T125/><D68/><U8/><E112/><V127/><F135/><W100/><G82/><T113/><D113/><U70/><E19/><V129/><F129/><N who="1" m="49737" /><E97/><V12/><F12/><W91/><G100/><T1/><D1/><N who="1" m="79" /><E89/><V130/><F130/><W121/><G121/><T110/><D17/><U61/><E61/><V18/><F18/><W10/><G32/><T35/><D31/><U5/><E5/><V63/><F63/><W79/><G52/><T80/><D35/><U87/><E87/><V30/><F30/><W23/><G79/><T120/><D98/><U134/><E134/><V119/><F2/><W66/><G66/><AGARI ba="1,0" hai="51,53,57,62,66,70,84,85" m="79,49737" machi="66" ten="30,1500,0" yaku="19,1" doraHai="123" who="1" fromWho="3" sc="224,0,292,18,166,0,318,-18" /><INIT seed="1,2,0,1,2,68" ten="224,310,166,300" oya="1" hai0="66,45,61,58,24,67,6,101,78,116,65,129,109" hai1="28,31,23,77,21,12,132,124,33,104,40,63,123" hai2="1,72,85,5,4,91,95,103,35,0,44,57,3" hai3="130,127,53,64,93,88,80,50,51,43,73,94,82"/><U117/><E104/><V39/><F72/><W60/><G130/><T131/><D6/><U126/><E77/><V15/><F35/><W98/><G127/><N who="1" m="48682" /><E40/><V20/><F103/><W84/><G43/><T119/><D101/><U70/><E70/><V125/><F125/><W96/><G73/><T22/><D78/><U11/><E63/><V128/><F128/><N who="0" m="49226" /><D109/><U121/><E117/><N who="0" m="45129" /><D45/><U112/><E112/><V102/><F57/><N who="3" m="36879" /><G98/><T113/><D113/><U92/><E92/><V7/><F102/><N who="3" m="60687" /><G51/><T41/><D41/><U81/><E81/><V56/><F56/><AGARI ba="2,0" hai="50,53,56,80,82,84,88,94" m="60687,36879" machi="56" ten="30,2000,0" yaku="8,1,54,1" doraHai="68" who="3" fromWho="2" sc="224,0,310,0,166,-26,300,26" /><INIT seed="2,0,0,3,4,116" ten="224,310,140,326" oya="2" hai0="118,8,122,0,42,120,58,38,24,74,22,66,59" hai1="21,4,102,9,75,18,86,87,82,96,78,30,19" hai2="112,16,95,103,90,125,55,31,1,88,20,36,14" hai3="124,40,10,73,67,48,114,128,26,23,100,60,11"/><V113/><F36/><W62/><G73/><T80/><D118/><U72/><E30/><V121/><F1/><W54/><G128/><T79/><D66/><U53/><E86/><V39/><F39/><W89/><G40/><T101/><D101/><U106/><E53/><V51/><F125/><W2/><G2/><T92/><D92/><U83/><E21/><V7/><F7/><W76/><G76/><T29/><D58/><U13/><REACH who="1" step="1"/><E75/><REACH who="1" ten="224,300,140,326" step="2"/><V65/><F31/><W127/><G127/><T110/><D110/><U44/><E44/><V117/><F117/><W104/><G124/><T129/><D129/><U126/><E126/><V98/><F65/><W12/><G67/><T17/><D59/><U71/><E71/><V134/><F134/><W99/><G54/><T119/><D119/><U41/><E41/><V108/><F108/><W6/><G114/><T33/><D42/><U97/><E97/><V107/><F113/><W34/><G34/><T132/><D132/><U46/><E46/><V57/><F112/><W47/><G47/><T91/><D38/><U70/><E70/><V35/><F35/><W84/><G11/><T109/><D109/><U56/><E56/><V37/><F37/><W64/><G64/><T130/><D130/><U115/><E115/><V15/><F15/><W131/><G131/><T28/><D28/><U43/><E43/><V25/><F25/><W61/><G26/><T85/><D33/><U52/><E52/><V50/><F50/><W111/><G48/><T27/><D27/><U93/><E93/><V94/><F94/><N who="3" m="54567" /><G111/><T105/><D24/><RYUUKYOKU ba="0,1" sc="224,-15,300,15,140,-15,326,15" hai1="4,9,13,18,19,72,78,82,83,87,96,102,106" hai3="6,10,12,23,60,61,62,99,100,104" /><INIT seed="3,1,1,5,1,14" ten="209,315,125,341" oya="3" hai0="111,88,73,69,56,135,89,20,106,74,11,105,24" hai1="15,93,16,1,17,7,112,79,102,72,85,97,41" hai2="65,131,75,22,119,36,115,127,47,133,54,101,77" hai3="26,2,28,6,94,0,49,31,63,98,128,90,117"/><W35/><G117/><T45/><D69/><U132/><E112/><V123/><F101/><W51/><G31/><T84/><D111/><U134/><E72/><V80/><F22/><W34/><G34/><T108/><D108/><U52/><E41/><V8/><F54/><W27/><G27/><T18/><D135/><N who="1" m="51755" /><E1/><V44/><F47/><W38/><G128/><T50/><D89/><U43/><E43/><V60/><F8/><W81/><G38/><T32/><D32/><U33/><E33/><V96/><F133/><W107/><G107/><T70/><D70/><U21/><E21/><V113/><F119/><W110/><G110/><T48/><D11/><N who="1" m="4607" /><E52/><V23/><F131/><W62/><G81/><AGARI ba="1,1" hai="16,17,79,81,85,93,97,102" m="4607,51755" machi="81" ten="30,7700,0" yaku="20,1,52,2,54,1" doraHai="14" who="1" fromWho="3" sc="209,0,315,90,125,0,341,-80" /><INIT seed="4,0,0,0,1,48" ten="209,405,125,261" oya="0" hai0="18,96,57,78,49,65,81,42,39,123,103,133,0" hai1="10,21,116,129,101,82,3,118,30,79,86,26,77" hai2="122,110,40,59,23,34,98,58,6,15,19,66,67" hai3="2,126,90,35,5,95,83,51,27,91,119,72,1"/><T132/><D123/><U8/><E129/><V80/><F122/><W115/><G119/><T9/><D65/><U70/><E70/><V74/><F34/><W52/><G115/><T75/><D18/><U17/><E101/><V37/><F110/><W109/><G109/><T43/><D43/><U134/><E134/><V105/><F66/><W113/><G113/><T121/><D121/><U11/><E3/><V62/><F6/><W102/><G102/><T16/><D39/><U120/><E120/><V13/><F37/><W131/><G131/><T124/><D124/><U84/><E30/><V33/><F33/><W64/><G64/><T107/><D0/><U20/><E20/><V108/><F40/><W85/><G72/><T44/><REACH who="0" step="1"/><D57/><REACH who="0" ten="199,405,125,261" step="2"/><U38/><E38/><V92/><F108/><W87/><G126/><T54/><D54/><U55/><E55/><V25/><F59/><W73/><G5/><T32/><D32/><U104/><E118/><V14/><F105/><W63/><G1/><T130/><D130/><U22/><E104/><V53/><F67/><W60/><G2/><T50/><D50/><U28/><E116/><V68/><F68/><W41/><G41/><T125/><D125/><U127/><E127/><V36/><F36/><W94/><G35/><T76/><D76/><U69/><E69/><V114/><F114/><W24/><G51/><T135/><D135/><U117/><E117/><V106/><F106/><W97/><G52/><T128/><D128/><U31/><E79/><V111/><F111/><W71/><G71/><T47/><D47/><U100/><E77/><RYUUKYOKU ba="0,1" sc="199,30,405,-10,125,-10,261,-10" hai0="9,16,42,44,49,75,78,81,96,103,107,132,133" /><INIT seed="4,1,1,2,4,53" ten="229,395,115,251" oya="0" hai0="87,117,127,108,15,42,12,0,110,133,46,134,29" hai1="97,95,47,35,39,65,107,38,8,85,80,9,67" hai2="72,26,36,84,125,60,68,24,52,115,23,28,122" hai3="69,4,102,45,73,109,123,81,89,48,77,58,33"/><T37/><D117/><U63/><E107/><V74/><F36/><W49/><G69/><T11/><D29/><U10/><E35/><V41/><F122/><W91/><G109/><N who="0" m="42091" /><D127/><U119/><E119/><V126/><F41/><W116/><G116/><T70/><D70/><U112/><E112/><V99/><F115/><W75/><G75/><T6/><D87/><U61/><E47/><V90/><F99/><W5/><G33/><T19/><D19/><U32/><E32/><V62/><F26/><W16/><G102/><T20/><D20/><U64/><E39/><V1/><F1/><W66/><G123/><T130/><D130/><U17/><E17/><V86/><F86/><N who="3" m="48431" /><G16/><T7/><D7/><N who="3" m="2633" /><G73/><T54/><D54/><U94/><E38/><V101/><F68/><W118/><G118/><T18/><D18/><U13/><E13/><AGARI ba="1,1" hai="0,6,11,12,13,15,37,42,46,133,134" m="42091" machi="13" ten="30,1500,0" yaku="10,1" doraHai="53" who="0" fromWho="1" sc="229,28,395,-18,115,0,251,0" /><INIT seed="4,2,0,1,0,78" ten="257,377,115,251" oya="0" hai0="97,100,14,102,58,71,93,74,69,121,88,46,21" hai1="73,4,43,132,52,106,116,6,96,67,27,22,115" hai2="119,42,11,53,127,32,70,2,60,62,76,18,101" hai3="41,16,10,130,108,26,87,113,23,0,24,75,126"/><T117/><D121/><U61/><E116/><V95/><F32/><W30/><G75/><T80/><D117/><U34/><E73/><V59/><F119/><W37/><G108/><T15/><D71/><U79/><E79/><V109/><F109/><W128/><G37/><T39/><D69/><U49/><E34/><V84/><F127/><W17/><G41/><T25/><D39/><U66/><E43/><V28/><F28/><W55/><G55/><T72/><D46/><U98/><E132/><V118/><F118/><W1/><G87/><N who="0" m="50279" /><D72/><U12/><E106/><V110/><F110/><W33/><G126/><T112/><D74/><U131/><E131/><N who="3" m="50218" /><G113/><T104/><D104/><U89/><E115/><V77/><F42/><W31/><G10/><T57/><D102/><U111/><E111/><V44/><F44/><W103/><G103/><T9/><D112/><U85/><E61/><V122/><F122/><W45/><G45/><T29/><D15/><U90/><E12/><V92/><F101/><W13/><G13/><T3/><D3/><AGARI ba="2,0" hai="0,1,3,16,17,23,24,26,30,31,33" m="50218" machi="3" ten="30,7700,0" yaku="19,1,34,2,54,1" doraHai="78" who="3" fromWho="0" sc="257,-83,377,0,115,0,251,83" /><INIT seed="5,0,0,3,1,130" ten="174,377,115,334" oya="1" hai0="88,46,9,68,7,129,39,32,112,126,81,72,3" hai1="63,50,56,110,24,132,77,5,100,97,62,113,67" hai2="69,103,1,33,73,122,125,10,135,60,8,82,15" hai3="108,66,133,37,16,47,65,52,13,90,34,58,45"/><U123/><E123/><V79/><F122/><W44/><G34/><T106/><D129/><U101/><E113/><V127/><F33/><W48/><G108/><T64/><D126/><U107/><E110/><V120/><F120/><W131/><G131/><T87/><D112/><U75/><E100/><V119/><F119/><W53/><G133/><T38/><D106/><U121/><E5/><V28/><F28/><W40/><G90/><T29/><D72/><U124/><E132/><V116/><F116/><W54/><G13/><T99/><D99/><U6/><E6/><V109/><F109/><W71/><G16/><T2/><D2/><U18/><E124/><V93/><F1/><W117/><G117/><T94/><D46/><N who="3" m="18025" /><G66/><T0/><D0/><U104/><E104/><V111/><F135/><W57/><G57/><T91/><D64/><U118/><E77/><V25/><F111/><W49/><G49/><T23/><D68/><U74/><E50/><V84/><F127/><W27/><G27/><T98/><D32/><U92/><E107/><V31/><F15/><W95/><G95/><T12/><D12/><U80/><E118/><V14/><F14/><W61/><AGARI ba="0,0" hai="37,40,47,48,52,53,54,58,61,65,71" m="18025" machi="61" ten="30,12000,2" yaku="24,1,35,5,54,1" doraHai="130" who="3" fromWho="3" sc="174,-30,377,-60,115,-30,334,120" /><INIT seed="6,0,0,2,5,132" ten="144,317,85,454" oya="2" hai0="103,59,110,23,9,128,28,53,35,54,33,120,77" hai1="2,125,98,113,82,99,14,15,6,19,47,127,17" hai2="22,56,89,112,90,63,86,21,5,91,31,80,104" hai3="134,1,67,32,76,24,92,7,70,13,26,131,126"/><V25/><F104/><W12/><G67/><T64/><D120/><U105/><E113/><V115/><F5/><W40/><G40/><T30/><D110/><U109/><E109/><V3/><F3/><W88/><G76/><T37/><D37/><U106/><E82/><V108/><F108/><W101/><G101/><T102/><D128/><U43/><E2/><V85/><F22/><W96/><G70/><T119/><D119/><U95/><E6/><V81/><REACH who="2" step="1"/><F89/><REACH who="2" ten="144,317,75,454" step="2"/><W78/><G88/><T124/><D23/><U117/><E106/><V133/><F133/><W62/><G7/><T66/><D9/><U60/><E105/><V79/><F79/><W34/><G78/><T0/><D0/><U51/><E117/><V87/><F87/><W65/><G1/><T39/><D77/><U41/><E99/><V42/><F42/><W4/><G96/><T123/><D123/><U107/><E107/><V20/><F20/><W38/><G4/><T100/><D100/><U130/><E43/><V116/><F116/><W10/><G134/><T84/><D84/><U68/><E98/><V61/><F61/><W74/><G62/><T94/><D35/><U27/><E60/><V49/><F49/><W45/><G10/><T48/><D33/><U36/><E41/><V114/><F114/><W52/><G32/><T122/><D122/><U57/><E36/><V44/><F44/><W29/><G34/><T50/><D39/><U46/><E46/><V93/><F93/><W16/><G45/><T121/><D121/><U58/><E47/><V8/><F8/><W97/><G38/><RYUUKYOKU ba="0,1" sc="144,-10,317,-10,75,30,454,-10" hai2="21,25,31,56,63,80,81,85,86,90,91,112,115" /><INIT seed="6,1,1,3,4,112" ten="134,307,105,444" oya="2" hai0="92,73,41,103,52,109,7,88,117,38,27,124,132" hai1="29,56,120,95,58,66,24,125,72,119,97,123,19" hai2="114,86,115,61,134,81,37,135,16,69,57,75,122" hai3="121,83,68,6,104,48,2,44,12,105,33,99,62"/><V130/><F69/><W18/><G6/><T110/><D73/><U54/><E72/><V8/><F37/><W50/><G2/><T85/><D103/><U101/><E125/><V30/><F75/><W22/><G33/><T17/><D124/><U11/><E119/><V0/><F30/><W94/><G83/><T36/><D7/><U26/><E66/><N who="2" m="39215" /><F0/><W13/><G13/><T32/><D117/><U51/><E58/><V23/><F8/><W116/><G116/><T98/><D132/><N who="2" m="50730" /><F130/><W65/><G50/><T102/><D52/><U74/><E74/><V53/><F53/><W91/><G121/><N who="1" m="46666" /><E29/><V20/><F122/><W21/><G21/><N who="2" m="8265" /><F16/><W100/><G100/><T55/><D17/><U133/><E133/><V25/><F25/><W80/><REACH who="3" step="1"/><G80/><REACH who="3" ten="134,307,105,434" step="2"/><T71/><D32/><U63/><E51/><V77/><AGARI ba="1,2" hai="77,81,86,114,115" m="8265,50730,39215" machi="77" ten="30,1500,0" yaku="20,1" doraHai="112" who="2" fromWho="2" sc="134,-6,307,-6,105,38,434,-6" /><INIT seed="6,2,0,2,4,37" ten="128,301,143,428" oya="2" hai0="78,63,77,41,33,18,52,42,23,44,6,112,57" hai1="110,108,126,8,111,35,130,107,70,12,61,97,62" hai2="1,5,90,32,26,48,100,81,131,20,59,74,87" hai3="16,127,122,114,125,95,27,24,83,80,45,76,13"/><V2/><F32/><W39/><G122/><T11/><D33/><U102/><E130/><V115/><F131/><W0/><G0/><T79/><D112/><U86/><E35/><V28/><F115/><W98/><G114/><T29/><D29/><U93/><E126/><N who="3" m="48138" /><G45/><T88/><D44/><U15/><E15/><V73/><F100/><N who="3" m="60511" /><G39/><T9/><D88/><U31/><E31/><V22/><F22/><N who="3" m="11535" /><G80/><T67/><D67/><U106/><E70/><V105/><F105/><W17/><G17/><T14/><REACH who="0" step="1"/><D11/><REACH who="0" ten="118,301,143,428" step="2"/><U116/><E8/><V54/><REACH who="2" step="1"/><F5/><REACH who="2" ten="118,301,133,428" step="2"/><W72/><AGARI ba="2,2" hai="24,27,72,76,83" m="11535,60511,48138" machi="72" ten="30,2000,0" yaku="18,1,54,1" doraHai="37" who="3" fromWho="3" sc="118,-7,301,-7,133,-12,428,46" /><INIT seed="7,0,0,1,4,44" ten="111,294,121,474" oya="3" hai0="12,110,96,93,122,129,14,49,30,39,103,59,99" hai1="106,48,7,42,69,64,124,13,0,75,84,3,19" hai2="36,65,54,90,78,66,97,98,56,87,15,50,86" hai3="2,52,17,113,29,116,105,38,94,82,100,46,60"/><W108/><G94/><N who="0" m="58775" /><D39/><U74/><E106/><V53/><F36/><W57/><G52/><N who="0" m="32143" /><D110/><U6/><E64/><N who="2" m="24683" /><F15/><N who="0" m="5674" /><D122/><U33/><E33/><V47/><F78/><W85/><G82/><T16/><D129/><U41/><E69/><V58/><F47/><W70/><G85/><N who="2" m="32265" /><F90/><W128/><G60/><AGARI ba="0,0" hai="50,53,54,56,58,60,97,98" m="32265,24683" machi="60" ten="30,2000,0" yaku="8,1,52,1" doraHai="44" who="2" fromWho="3" sc="111,0,294,0,121,20,474,-20" owari="111,-39.0,294,9.0,141,-26.0,454,56.0" /></mjloggm>