<mjloggm ver="2.3"><GO type="169" lobby="0"/><UN n0="%52%E3%82%B9%E3%83%A9%E3%83%83%E3%82%B0" n1="%E3%82%A6%E3%83%AB%E3%83%88%E3%83%A9%E7%AB%8B%E7%9B%B4" n2="%E4%BF%A1%E6%BF%83%E3%81%AE%E8%8D%92%E6%B3%95%E5%B8%AB" n3="%E3%81%BE%E3%81%8A%E3%81%BD%E3%82%93" dan="16,17,17,16" rate="2036.03,2184.03,2135.88,2068.83" sx="M,M,M,F"/><TAIKYOKU oya="0"/><INIT seed="0,0,0,0,3,18" ten="250,250,250,250" oya="0" hai0="99,124,114,69,87,104,47,123,100,118,46,45,98" hai1="135,110,76,102,125,96,0,41,130,48,53,65,9" hai2="21,8,2,127,116,34,64,134,59,128,67,89,103" hai3="61,23,133,88,122,94,14,36,131,55,105,29,12"/><T40/><D118/><U113/><E41/><V84/><F34/><W37/><G131/><T91/><D123/><U119/><E119/><V58/><F116/><W80/><G133/><T3/><D114/><U28/><E130/><V60/><F128/><W19/><G105/><T71/><D3/><U82/><E135/><V4/><F134/><W51/><G122/><T74/><D74/><U20/><E65/><V1/><F127/><W79/><G61/><T27/><D124/><U86/><E125/><V70/><F1/><W54/><G29/><T111/><D40/><U112/><E110/><V129/><F129/><W132/><G132/><T85/><D111/><U11/><E0/><V35/><F35/><W81/><G12/><T52/><D69/><U43/><E43/><V101/><F21/><W32/><G32/><T39/><D71/><U115/><E20/><V50/><F67/><W121/><G121/><T92/><D39/><U75/><E28/><V72/><F72/><W78/><G36/><T120/><D120/><U33/><E33/><V17/><F17/><W49/><G37/><T77/><D77/><N who="3" m="29193" /><G49/><T63/><REACH who="0" step="1"/><D27/><REACH who="0" ten="240,250,250,250" step="2"/><U73/><E73/><V56/><F70/><W109/><G109/><T6/><D6/><U42/><E75/><V13/><F2/><W117/><G117/><T126/><D126/><U30/><E113/><V97/><F4/><W95/><G51/><T44/><N who="0" m="11776" /><DORA hai="5" /><T62/><D62/><U22/><E115/><V26/><F26/><W31/><G14/><T66/><D66/><U57/><E112/><V108/><F108/><W15/><G15/><RYUUKYOKU ba="0,1" sc="240,30,250,-10,250,-10,250,-10" hai0="52,63,85,87,91,92,98,99,100,104" /><INIT seed="0,1,1,2,3,15" ten="270,240,240,240" oya="0" hai0="67,32,121,42,59,125,2,107,12,44,135,87,91" hai1="83,89,22,13,116,105,26,90,124,86,118,71,95" hai2="43,66,17,35,41,100,130,73,134,0,25,74,18" hai3="24,10,34,80,111,57,21,16,110,78,109,68,65"/><T93/><D107/><U39/><E105/><V122/><F0/><W114/><G68/><T38/><D2/><U117/><E71/><V61/><F122/><W82/><G114/><T37/><D121/><U48/><E39/><V72/><F100/><W92/><G78/><T20/><D32/><U88/><E124/><V63/><F130/><W128/><G128/><T3/><D3/><U94/><E13/><V120/><F120/><W54/><G65/><T1/><D1/><U81/><E48/><V132/><F25/><W98/><G10/><T126/><D135/><N who="2" m="51754" /><F35/><W127/><G34/><T112/><D112/><U69/><E69/><N who="2" m="42191" /><F63/><N who="3" m="36279" /><G127/><T75/><D75/><U49/><E49/><V60/><F60/><W79/><G79/><T55/><D67/><U85/><REACH who="1" step="1"/><E90/><AGARI ba="1,1" hai="16,21,24,80,82,90,92,98,109,110,111" m="36279" machi="90" ten="30,7700,0" yaku="25,1,14,1,52,1,54,1" doraHai="15" who="3" fromWho="1" sc="270,0,240,-80,240,0,240,90" /><INIT seed="1,0,0,5,5,22" ten="270,160,240,330" oya="1" hai0="34,52,78,124,131,123,13,103,51,112,3,62,125" hai1="97,108,43,41,109,69,95,91,119,49,117,73,39" hai2="33,58,40,102,53,71,45,134,99,21,77,11,15" hai3="101,61,67,92,100,129,55,20,12,105,94,132,8"/><U18/><E69/><V80/><F134/><W46/><G132/><T6/><D112/><U7/><E39/><V116/><F116/><W26/><G105/><T56/><D3/><U98/><E7/><V115/><F33/><W64/><G129/><T130/><D123/><U30/><E30/><V127/><F127/><N who="0" m="48714" /><D103/><N who="3" m="39497" /><G94/><T96/><D96/><U28/><E28/><V135/><F21/><W2/><G2/><T85/><D34/><U128/><E73/><V14/><F71/><W10/><G92/><T93/><D6/><U0/><E0/><V38/><F11/><N who="3" m="4139" /><G12/><T81/><D13/><U88/><E95/><V35/><F115/><W59/><G46/><N who="0" m="27767" /><D93/><U74/><E74/><V57/><F35/><W36/><G36/><T63/><D63/><U23/><E49/><V126/><F135/><W37/><G37/><T29/><D29/><AGARI ba="0,0" hai="20,26,29,55,59,61,64,67" m="4139,39497" machi="29" ten="30,2000,0" yaku="8,1,52,1" doraHai="22" who="3" fromWho="0" sc="270,-20,160,0,240,0,330,20" /><INIT seed="2,0,0,3,0,105" ten="250,160,240,350" oya="2" hai0="67,74,119,117,84,35,30,5,59,32,7,62,94" hai1="78,64,19,124,42,4,135,128,21,77,127,54,86" hai2="132,130,104,43,70,129,28,83,23,110,11,61,133" hai3="98,79,41,27,123,36,73,134,71,90,3,125,108"/><V82/><F104/><W88/><G27/><T113/><D30/><U72/><E64/><N who="2" m="41231" /><F43/><W48/><G90/><N who="0" m="53575" /><D113/><U131/><E42/><V91/><F11/><W13/><G48/><T50/><D50/><U109/><E4/><N who="0" m="1609" /><D74/><U95/><E54/><V15/><F110/><W85/><G13/><T57/><D57/><U63/><E63/><V17/><F28/><W58/><G41/><T16/><D16/><U101/><E109/><V107/><F107/><W81/><G98/><T56/><D56/><U112/><E112/><V66/><F66/><W97/><G81/><N who="2" m="30729" /><F91/><W24/><G88/><T69/><D69/><U10/><E10/><V37/><F37/><W76/><G71/><T55/><D67/><U45/><E19/><V92/><F92/><W46/><G36/><T40/><D40/><U51/><E95/><V14/><F15/><W29/><G108/><T93/><D93/><U22/><E51/><V102/><F102/><W2/><G29/><T121/><D121/><U34/><E101/><V68/><F68/><W75/><G123/><T103/><D103/><U96/><E86/><V115/><F115/><W18/><G85/><T118/><AGARI ba="0,0" hai="32,35,55,59,62,117,118,119" m="1609,53575" machi="118" ten="40,1500,0" yaku="12,1" doraHai="105" who="0" fromWho="0" sc="250,15,160,-4,240,-7,350,-4" /><INIT seed="3,0,0,1,2,60" ten="265,156,233,346" oya="3" hai0="45,36,66,78,17,16,28,101,114,73,121,106,34" hai1="98,61,92,41,131,89,87,2,18,56,24,3,9" hai2="37,111,110,77,19,76,104,125,58,38,86,4,81" hai3="64,91,70,134,105,25,102,83,23,90,14,112,47"/><W65/><G70/><T67/><D121/><U43/><E131/><V107/><F4/><W31/><G105/><N who="2" m="40521" /><F19/><N who="0" m="7242" /><D106/><U135/><E135/><V49/><F125/><W69/><G112/><T68/><D68/><U11/><E3/><V120/><F120/><W26/><G69/><T88/><D73/><U13/><E2/><V119/><F119/><W103/><G14/><T93/><D34/><U42/><E87/><N who="2" m="48551" /><F49/><W8/><G8/><T108/><D36/><U124/><E124/><V59/><F59/><W97/><G134/><T113/><D78/><U118/><E118/><V133/><F58/><W122/><G122/><T7/><D101/><N who="3" m="38409" /><G26/><T20/><D7/><U48/><E24/><V53/><F53/><W132/><G47/><T116/><D45/><U30/><E30/><V123/><F123/><W82/><G132/><T94/><D116/><U46/><REACH who="1" step="1"/><E11/><REACH who="1" ten="265,146,233,346" step="2"/><V55/><F133/><W129/><G25/><N who="0" m="16423" /><D108/><U6/><E6/><V5/><F5/><W54/><G31/><T44/><D114/><U27/><E27/><V79/><F111/><W85/><G129/><T57/><D113/><U84/><E84/><V126/><F86/><W96/><G85/><T62/><D94/><U71/><E71/><V115/><F115/><W1/><G97/><N who="0" m="57511" /><D44/><U80/><E80/><V72/><F110/><W39/><G83/><T40/><D40/><U95/><E95/><V22/><F126/><W35/><G82/><T52/><AGARI ba="0,1" hai="52,57,62,66,67" m="57511,16423,7242" machi="52" ten="30,12000,2" yaku="8,1,52,2,54,3" doraHai="60" who="0" fromWho="0" sc="265,130,146,-30,233,-30,346,-60" /><INIT seed="4,0,0,4,5,127" ten="395,116,203,286" oya="0" hai0="8,21,61,110,45,52,39,63,0,125,84,103,124" hai1="50,135,58,9,70,74,62,46,116,53,18,23,83" hai2="60,113,87,47,79,1,115,19,55,105,49,7,13" hai3="77,94,98,29,34,35,99,59,75,111,12,26,57"/><T88/><D110/><U15/><E116/><V120/><F105/><W64/><G111/><T31/><D103/><U37/><E135/><V107/><F107/><W108/><G108/><T51/><D39/><U122/><E122/><V93/><F1/><W2/><G2/><T11/><D11/><U69/><E74/><V40/><F120/><W89/><G35/><T119/><D119/><U104/><E104/><V131/><F93/><W109/><G109/><T82/><D8/><U117/><E117/><V130/><F7/><W67/><G77/><T5/><D5/><U27/><E83/><N who="2" m="47615" /><F60/><W102/><G12/><T85/><D0/><U20/><E37/><V101/><F40/><W32/><G32/><T10/><D10/><U3/><E3/><V25/><F25/><W106/><G75/><T80/><D21/><U28/><REACH who="1" step="1"/><E23/><REACH who="1" ten="395,106,203,286" step="2"/><N who="2" m="11759" /><F101/><W86/><G102/><T22/><D22/><U114/><E114/><AGARI ba="0,1" hai="47,49,55,113,114,115,130,131" m="11759,47615" machi="114" ten="30,3900,0" yaku="15,1,52,2" doraHai="127" who="2" fromWho="1" sc="395,0,106,-39,203,49,286,0" /><INIT seed="5,0,0,0,2,49" ten="395,67,252,286" oya="1" hai0="119,53,58,91,129,128,115,99,107,40,67,16,54" hai1="50,62,122,13,80,9,87,18,106,101,66,26,93" hai2="2,92,29,33,37,57,42,126,125,8,7,86,134" hai3="45,35,21,12,68,96,55,48,85,127,23,79,78"/><U88/><E122/><V6/><F134/><W22/><G35/><T38/><D119/><U36/><E36/><V130/><F130/><N who="0" m="50282" /><D115/><U15/><E106/><V63/><F7/><W72/><G72/><T10/><D38/><U98/><E50/><V4/><F4/><W110/><G127/><T117/><D40/><U61/><E26/><V34/><F86/><W124/><G124/><N who="2" m="47721" /><F29/><W104/><G110/><T77/><D77/><U44/><E44/><N who="2" m="23631" /><F92/><W31/><G68/><T76/><D76/><U41/><E41/><V47/><F47/><W102/><G31/><T74/><D74/><U94/><E66/><AGARI ba="0,0" hai="2,6,8,33,34,57,63,66" m="23631,47721" machi="66" ten="30,1000,0" yaku="18,1" doraHai="49" who="2" fromWho="1" sc="395,0,67,-10,252,10,286,0" /><INIT seed="6,0,0,5,3,92" ten="395,57,262,286" oya="2" hai0="13,19,84,27,121,85,128,20,72,96,68,26,29" hai1="9,56,54,39,130,74,46,50,82,23,21,12,80" hai2="132,10,95,114,78,6,98,0,126,77,4,117,15" hai3="17,89,51,58,49,66,35,94,76,16,2,103,100"/><V36/><F117/><W73/><G2/><T25/><D72/><U65/><E130/><V93/><F36/><W57/><G35/><T75/><D75/><U63/><E39/><V28/><F114/><W34/><G34/><T11/><D68/><U86/><E74/><V62/><F132/><W30/><G30/><T83/><D121/><U22/><E82/><V88/><F126/><W119/><G76/><T91/><D128/><U97/><E23/><V131/><F131/><W7/><G7/><T116/><D116/><U71/><E71/><V108/><F108/><W109/><G109/><T40/><D40/><U79/><E97/><N who="2" m="57511" /><F0/><W69/><G69/><T90/><D96/><U133/><E133/><V112/><F112/><W125/><G125/><T43/><D43/><U1/><E1/><V99/><F28/><W37/><G37/><T42/><D42/><U47/><REACH who="1" step="1"/><E46/><REACH who="1" ten="395,47,262,286" step="2"/><V105/><F99/><N who="3" m="57807" /><G73/><T135/><D135/><U104/><E104/><V120/><F105/><W127/><G119/><T106/><D106/><U134/><E134/><V70/><F70/><W64/><G127/><T44/><D44/><U31/><E31/><V110/><F110/><W107/><G107/><T67/><D29/><U118/><E118/><V115/><F115/><W8/><G8/><T14/><D11/><U33/><E33/><V24/><F98/><W113/><G113/><T87/><D83/><U52/><E52/><V129/><F129/><W111/><G111/><T81/><D67/><U53/><E53/><V41/><F95/><W32/><G66/><T61/><D81/><U3/><E3/><RYUUKYOKU ba="0,1" sc="395,-10,47,30,262,-10,286,-10" hai1="9,12,21,22,47,50,54,56,63,65,79,80,86" /><INIT seed="7,1,1,1,3,9" ten="385,77,252,276" oya="3" hai0="78,112,79,114,127,37,75,16,68,109,80,46,39" hai1="92,27,52,25,50,38,76,89,7,2,116,97,59" hai2="3,106,113,47,86,19,121,1,101,120,107,43,41" hai3="57,66,133,18,135,17,30,13,81,130,117,49,93"/><W53/><G117/><T60/><D109/><U99/><E116/><V40/><F47/><W36/><G36/><T111/><D111/><U12/><E2/><N who="2" m="523" /><F101/><W34/><G130/><T134/><D39/><U23/><E38/><V62/><F62/><N who="3" m="38223" /><G81/><T29/><D29/><U35/><E35/><V88/><F19/><W129/><G93/><T98/><D37/><U118/><E118/><V85/><F113/><W0/><G0/><T119/><D98/><U72/><E72/><V15/><F15/><W33/><G30/><T104/><D104/><N who="2" m="39978" /><F88/><W71/><G18/><T67/><D16/><N who="1" m="10631" /><E76/><V73/><F73/><W42/><G42/><T14/><D79/><U65/><E7/><V128/><F128/><W32/><G71/><T108/><D68/><U84/><E65/><V132/><F132/><N who="3" m="50763" /><G129/><T45/><D80/><U110/><E110/><V4/><F4/><W122/><G17/><T51/><D112/><U28/><E28/><V74/><F74/><W100/><G100/><T105/><D75/><U90/><E99/><V55/><F55/><W31/><G31/><T102/><D102/><U91/><E91/><V125/><F125/><W20/><G20/><T69/><D127/><U44/><E44/><V48/><F48/><W115/><G115/><T6/><D51/><U77/><E77/><V103/><F103/><W5/><G5/><T8/><D6/><U56/><E56/><V87/><AGARI ba="1,1" hai="40,41,43,85,86,87,120,121" m="39978,523" machi="87" ten="40,2700,0" yaku="28,2" doraHai="9" who="2" fromWho="2" sc="385,-8,77,-8,252,40,276,-14" owari="377,48.0,69,-43.0,292,9.0,262,-14.0" /></mjloggm>