<mjloggm ver="2.3"><GO type="225" lobby="0"/><UN n0="%E3%82%A6%E3%83%AB%E3%83%88%E3%83%A9%E7%AB%8B%E7%9B%B4" n1="%E3%83%AD%E3%83%9C%E3%82%B3%E3%83%97" n2="%E8%B5%A4%E8%A3%8F%E3%83%9B%E3%82%B7%E3%83%BC%E3%83%8E" n3="%6F%6B%61%65%72%69" dan="17,17,17,16" rate="2137.31,2119.69,2112.69,2048.95" sx="M,M,M,F"/><TAIKYOKU oya="0"/><INIT seed="0,0,0,2,2,134" ten="250,250,250,250" oya="0" hai0="66,93,0,86,123,110,18,43,118,133,58,49,128" hai1="96,55,5,130,88,120,79,131,135,65,30,104,45" hai2="82,125,10,103,32,106,75,24,74,40,107,132,46" hai3="101,36,77,39,68,42,98,33,76,22,7,111,94"/><T60/><D118/><U19/><E120/><V13/><F132/><W129/><G68/><T64/><D123/><U3/><E65/><V2/><F2/><W112/><G112/><T102/><D133/><U57/><E79/><V80/><F103/><W21/><G33/><T25/><D0/><U14/><E30/><V38/><F24/><W27/><G7/><T62/><D128/><U89/><E45/><V84/><F32/><W17/><G129/><T121/><D121/><U97/><E135/><V73/><F125/><W108/><G42/><T16/><D110/><N who="3" m="42025" /><G22/><N who="0" m="13511" /><D18/><U1/><E5/><V52/><F82/><W70/><G70/><T100/><D62/><U54/><E19/><V26/><F26/><W99/><G99/><T115/><D66/><U78/><E78/><AGARI ba="0,0" hai="17,21,27,36,39,76,77,78,94,98,101" m="42025" machi="78" ten="30,1000,0" yaku="14,1" doraHai="134" who="3" fromWho="1" sc="250,0,250,-10,250,0,250,10" /><INIT seed="1,0,0,2,4,86" ten="250,240,250,260" oya="1" hai0="14,122,5,132,124,39,99,79,94,105,81,64,121" hai1="12,19,34,126,85,83,91,16,20,57,59,103,76" hai2="107,25,56,62,65,129,123,17,92,30,93,134,29" hai3="55,15,128,44,109,7,97,84,125,27,10,73,110"/><U18/><E34/><V135/><F107/><W43/><G73/><N who="0" m="43247" /><D39/><U13/><E126/><V90/><F123/><N who="0" m="47114" /><D64/><U117/><E117/><V78/><F93/><W35/><G125/><T41/><D41/><U2/><E2/><V120/><F78/><W102/><G55/><T95/><D124/><U130/><E130/><V118/><F129/><W6/><G128/><T22/><D132/><N who="2" m="50730" /><F118/><W24/><G35/><T87/><D87/><N who="1" m="48615" /><E103/><V0/><F0/><W42/><G84/><T31/><D31/><U112/><E112/><V127/><F127/><W115/><G115/><T108/><D108/><N who="3" m="41577" /><G7/><T54/><D54/><U3/><E3/><V104/><F104/><N who="3" m="63567" /><G43/><T49/><D105/><U58/><E20/><N who="2" m="13455" /><F120/><W36/><AGARI ba="0,0" hai="6,10,15,24,27,36,42,44" m="63567,41577" machi="36" ten="30,1100,0" yaku="14,1" doraHai="86" who="3" fromWho="3" sc="250,-3,240,-5,250,-3,260,11" /><INIT seed="2,0,0,5,2,28" ten="247,235,247,271" oya="2" hai0="65,92,132,52,75,129,131,5,119,19,68,64,118" hai1="51,112,33,101,41,96,57,124,86,103,82,44,46" hai2="98,79,43,45,80,123,40,111,69,121,10,67,73" hai3="74,11,6,47,27,49,15,58,63,50,20,100,108"/><V4/><F43/><W55/><G74/><T35/><D75/><U72/><E112/><V39/><F98/><W30/><G108/><T99/><D5/><U116/><E72/><V38/><F111/><W17/><G100/><T42/><D42/><U9/><E116/><N who="0" m="44585" /><D132/><U56/><E33/><V29/><F29/><W61/><REACH who="3" step="1"/><G6/><REACH who="3" ten="247,235,247,261" step="2"/><T81/><D129/><U34/><E101/><V62/><REACH who="2" step="1"/><F38/><REACH who="2" ten="247,235,237,261" step="2"/><W128/><G128/><T88/><D131/><U125/><E103/><V107/><F107/><W126/><G126/><T26/><D99/><U106/><E96/><V12/><AGARI ba="0,2" hai="4,10,12,39,40,45,62,67,69,73,79,80,121,123" machi="12" ten="20,3900,0" yaku="1,1,0,1,7,1,53,0" doraHai="28" doraHaiUra="87" who="2" fromWho="2" sc="247,-13,235,-13,237,59,261,-13" /><INIT seed="2,1,0,3,5,46" ten="234,222,296,248" oya="2" hai0="39,17,5,108,131,54,19,126,36,101,122,124,100" hai1="115,29,78,61,51,90,84,72,79,38,99,67,116" hai2="63,4,1,53,30,59,26,9,43,89,49,32,40" hai3="69,91,130,12,34,113,83,20,65,95,24,47,103"/><V119/><F119/><W117/><G117/><T58/><D122/><U27/><E116/><V81/><F81/><W55/><G34/><T121/><D5/><U44/><E38/><N who="0" m="14377" /><D121/><U33/><E72/><V133/><F133/><W15/><G103/><N who="0" m="39499" /><D108/><U129/><E99/><V74/><F74/><W28/><G83/><T135/><D135/><U60/><E115/><V94/><REACH who="2" step="1"/><F63/><REACH who="2" ten="234,222,286,248" step="2"/><W10/><G113/><T86/><D131/><U76/><E129/><V0/><F0/><W35/><G130/><T105/><D105/><U73/><E73/><V22/><F22/><W7/><G20/><T6/><D126/><U25/><E61/><V8/><F8/><W68/><G10/><T96/><D124/><U50/><E60/><V56/><F56/><W132/><G132/><T80/><D58/><U111/><E111/><V2/><F2/><W16/><G68/><T128/><D80/><U134/><E134/><V123/><F123/><W21/><G69/><T57/><D57/><U14/><E33/><V71/><F71/><W106/><G106/><T45/><D128/><U11/><E11/><V93/><F93/><W18/><G95/><T13/><D45/><U82/><E44/><V75/><F75/><W102/><G47/><T70/><D70/><U48/><E78/><V127/><F127/><W104/><G104/><T64/><D6/><U52/><E76/><V118/><F118/><W114/><G7/><T85/><D19/><U87/><E79/><V120/><F120/><W125/><G18/><T107/><D17/><U31/><E82/><V112/><F112/><W66/><G114/><RYUUKYOKU ba="1,1" sc="234,-10,222,-10,286,30,248,-10" hai2="1,4,9,26,30,32,40,43,49,53,59,89,94" /><INIT seed="2,2,1,4,4,115" ten="224,212,316,238" oya="2" hai0="27,75,111,4,100,33,66,23,77,57,15,44,26" hai1="86,129,80,56,72,12,98,85,38,92,65,14,106" hai2="73,67,83,46,101,95,34,96,13,105,124,3,119" hai3="1,28,32,127,18,24,8,126,37,108,54,81,103"/><V49/><F34/><W135/><G37/><T22/><D33/><U63/><E38/><V10/><F3/><W16/><G103/><T7/><D75/><U20/><E106/><V30/><F30/><W41/><G41/><T35/><D35/><U123/><E123/><V58/><F124/><N who="3" m="47659" /><G54/><T9/><D77/><U55/><E72/><V82/><F73/><W76/><G135/><T47/><D100/><N who="1" m="60487" /><E129/><V79/><F119/><W45/><G45/><T87/><D87/><N who="1" m="33291" /><E80/><V68/><F68/><W109/><G81/><T130/><D130/><U36/><E36/><V97/><F97/><W60/><G60/><N who="0" m="38159" /><D111/><N who="3" m="42569" /><G76/><T78/><D78/><U21/><E55/><N who="2" m="30135" /><F105/><W0/><G1/><T43/><D43/><U116/><E116/><V90/><F101/><W2/><G2/><T62/><D47/><U93/><E93/><V104/><F104/><W52/><G52/><T99/><D44/><U17/><E14/><V25/><F25/><W120/><G120/><T31/><D99/><U64/><E64/><V51/><F79/><W102/><G102/><T84/><D84/><U133/><E133/><V29/><F83/><W89/><G89/><T122/><D122/><U117/><E117/><V6/><F82/><W42/><G42/><T88/><D88/><U48/><E48/><V11/><F51/><W121/><G121/><T71/><D62/><U69/><E69/><V94/><F90/><W40/><G40/><T107/><D71/><U128/><E128/><V74/><F94/><W50/><G50/><T134/><D134/><U91/><E91/><V61/><F95/><W59/><G59/><RYUUKYOKU ba="2,1" sc="224,-15,212,15,316,-15,238,15" hai1="12,17,20,21,56,63,65" hai3="0,8,16,18,24,28,32" /><INIT seed="3,3,1,1,3,125" ten="209,227,301,253" oya="3" hai0="110,82,6,119,72,83,13,127,88,117,52,38,69" hai1="75,85,59,107,100,35,106,91,31,34,109,108,21" hai2="122,10,30,48,57,17,60,56,14,87,79,78,22" hai3="77,27,81,62,43,71,25,124,49,128,50,9,41"/><W121/><G121/><T113/><D69/><U47/><E75/><V2/><F122/><W115/><G115/><T24/><D38/><U61/><E47/><V68/><F68/><W55/><G124/><T126/><D24/><N who="1" m="16783" /><E100/><V7/><F30/><W133/><G133/><T29/><D29/><U42/><E42/><N who="3" m="15882" /><G71/><T98/><D52/><N who="1" m="34023" /><E35/><V26/><F2/><W19/><G9/><T5/><D13/><U63/><E63/><V118/><F118/><N who="0" m="45066" /><D5/><U92/><E34/><V135/><F135/><W54/><G62/><T16/><D6/><U80/><E80/><V114/><F114/><W105/><G105/><T20/><D113/><U12/><E12/><V3/><F3/><W32/><G32/><T132/><D132/><U53/><E53/><N who="2" m="31783" /><F57/><W123/><G123/><T96/><D72/><U18/><E18/><V39/><F60/><W1/><G19/><T97/><D126/><U73/><E73/><V51/><F51/><W45/><G1/><T64/><D127/><U131/><E131/><V4/><F4/><W74/><G128/><T37/><D37/><U11/><E11/><V70/><F70/><W94/><G74/><T103/><D103/><U111/><AGARI ba="3,1" hai="85,91,92,106,107,108,109,111" m="34023,16783" machi="111" ten="30,2000,0" yaku="14,1,54,1" doraHai="125" who="1" fromWho="1" sc="209,-8,227,39,301,-8,253,-13" /><INIT seed="4,0,0,2,1,51" ten="201,266,293,240" oya="0" hai0="96,6,34,58,88,79,23,2,40,10,1,80,61" hai1="129,42,59,81,29,112,123,36,110,121,101,25,116" hai2="109,76,87,86,67,63,91,44,7,102,111,135,90" hai3="128,131,37,132,56,60,62,104,4,57,46,75,39"/><T53/><D34/><U8/><E116/><V66/><F7/><W38/><G104/><T52/><D40/><U93/><E36/><V92/><F44/><W127/><G4/><T20/><D1/><U64/><E42/><V47/><F47/><W32/><G32/><T133/><D133/><U28/><E28/><V84/><F135/><W125/><G75/><T69/><D69/><U11/><E110/><V122/><F122/><W14/><G14/><T19/><D53/><U115/><E81/><N who="2" m="47143" /><F63/><N who="3" m="24107" /><G46/><T119/><D119/><U83/><E83/><N who="2" m="49503" /><F66/><W113/><G113/><T114/><D114/><N who="1" m="43563" /><E129/><N who="3" m="49738" /><G132/><T134/><D134/><U30/><E30/><V106/><F67/><W71/><G71/><T13/><D23/><N who="1" m="15551" /><E123/><V16/><F16/><W26/><G26/><T100/><D88/><U50/><E121/><V108/><F108/><W78/><G78/><T82/><REACH who="0" step="1"/><D79/><REACH who="0" ten="191,266,293,240" step="2"/><U22/><E22/><V103/><F111/><W95/><G95/><AGARI ba="0,1" hai="2,6,10,13,19,20,52,58,61,80,82,95,96,100" machi="95" ten="30,12000,1" yaku="1,1,2,1,7,1,52,1,54,1,53,0" doraHai="51" doraHaiUra="120" who="0" fromWho="3" sc="191,130,266,0,293,0,240,-120" owari="321,42.0,266,-13.0,293,9.0,120,-38.0" /></mjloggm>