<mjloggm ver="2.3"><GO type="169" lobby="0"/><UN n0="%4C%61%73%6B%26%59%75" n1="%E5%B0%B1%E6%B4%BB%E7%94%9F%40%E5%B7%9D%E6%9D%91%E8%BB%8D%E5%9B%A3" n2="%E4%B8%89%E5%B0%BA%E7%8E%89" n3="%70%61%72%61%6F%6E%64%65" dan="17,18,16,17" rate="2184.69,2258.89,2103.09,2201.47" sx="M,M,M,M"/><TAIKYOKU oya="0"/><INIT seed="0,0,0,3,4,35" ten="250,250,250,250" oya="0" hai0="117,82,109,0,69,44,11,120,134,119,93,1,71" hai1="115,126,65,132,34,57,100,62,12,43,17,101,20" hai2="22,87,130,33,30,40,94,92,25,63,26,108,90" hai3="46,48,37,110,67,102,68,84,79,107,76,38,5"/><T80/><D11/><U15/><E34/><V19/><F108/><W50/><G107/><T114/><D44/><U42/><E115/><V58/><F130/><W36/><G102/><N who="1" m="39530" /><E132/><V91/><F40/><N who="1" m="15401" /><E126/><V53/><REACH who="2" step="1"/><F91/><REACH who="2" ten="250,250,240,250" step="2"/><W55/><G110/><T29/><D109/><U75/><E75/><V105/><F105/><W103/><G76/><T51/><D134/><U39/><E39/><V83/><AGARI ba="0,1" hai="19,22,25,26,30,33,53,58,63,83,87,90,92,94" machi="83" ten="20,2700,0" yaku="1,1,0,1,7,1,53,0" doraHai="35" doraHaiUra="128" who="2" fromWho="2" sc="250,-13,250,-7,240,37,250,-7" /><INIT seed="1,0,0,4,1,122" ten="237,243,277,243" oya="1" hai0="5,88,99,36,2,121,126,54,108,67,70,110,130" hai1="133,82,34,76,11,132,32,114,73,116,75,57,105" hai2="93,106,101,56,95,64,104,35,17,18,65,45,80" hai3="98,97,8,81,91,42,47,50,63,83,43,113,86"/><U55/><E116/><V58/><F45/><W39/><G113/><T24/><D121/><U96/><E114/><V127/><F80/><W123/><G123/><T59/><D36/><U125/><E75/><V9/><F9/><W38/><G63/><N who="0" m="40319" /><D24/><U115/><E115/><V102/><REACH who="2" step="1"/><F35/><REACH who="2" ten="237,243,267,243" step="2"/><W71/><G8/><N who="0" m="2103" /><D130/><U7/><E34/><V117/><F117/><W128/><G47/><T112/><D112/><U49/><E32/><V3/><F3/><W109/><G128/><T48/><D126/><AGARI ba="0,1" hai="17,18,56,58,64,65,93,95,101,102,104,106,126,127" machi="126" ten="25,3200,0" yaku="1,1,22,2,53,0" doraHai="122" doraHaiUra="107" who="2" fromWho="0" sc="237,-32,243,0,267,42,243,0" /><INIT seed="2,0,0,4,4,53" ten="205,243,309,243" oya="2" hai0="56,31,130,128,38,32,12,23,8,107,86,17,73" hai1="52,98,106,9,109,129,63,4,50,20,1,5,91" hai2="71,127,30,89,22,88,45,123,29,3,82,7,13" hai3="94,2,124,100,26,103,61,54,120,58,69,132,135"/><V65/><F123/><W35/><G120/><T40/><D73/><U57/><E109/><V110/><F110/><W19/><G2/><T108/><D107/><U21/><E129/><N who="0" m="49769" /><D108/><U113/><E113/><V42/><F3/><W112/><G69/><T37/><D86/><U55/><E5/><V67/><F127/><W60/><G124/><T133/><D133/><N who="3" m="51273" /><G112/><T119/><D119/><U104/><E104/><V11/><F71/><W27/><G61/><T49/><D32/><U83/><E83/><V81/><F81/><W116/><G116/><T95/><D95/><U10/><E10/><V87/><F89/><W68/><G68/><T47/><D56/><U96/><E96/><V76/><F76/><W72/><G72/><T28/><D8/><U15/><E1/><V92/><F92/><W70/><G70/><T74/><D74/><U93/><E106/><V46/><F46/><AGARI ba="0,0" hai="4,9,15,20,21,46,50,52,55,57,63,91,93,98" machi="46" ten="30,7700,0" yaku="7,1,8,1,52,1,54,1" doraHai="53" who="1" fromWho="2" sc="205,0,243,77,309,-77,243,0" /><INIT seed="3,0,0,3,2,24" ten="205,320,232,243" oya="3" hai0="76,61,113,14,55,49,28,37,17,29,63,82,106" hai1="59,41,34,79,69,13,91,120,8,30,97,45,70" hai2="42,75,46,85,57,38,32,118,111,1,80,31,129" hai3="132,6,103,109,44,62,71,92,43,27,94,2,74"/><W0/><G74/><T134/><D106/><U53/><E120/><V102/><F118/><W33/><G132/><T11/><D37/><U39/><E79/><V107/><F111/><W110/><G6/><T19/><D134/><U52/><E53/><V96/><F129/><W54/><G94/><T51/><D113/><U4/><E97/><V130/><F130/><W10/><G92/><T99/><D99/><U131/><E131/><V23/><F32/><W121/><G121/><T68/><D19/><U135/><E135/><V66/><F1/><W100/><G54/><T90/><D90/><U116/><E116/><V22/><F75/><W112/><G112/><T86/><D51/><U48/><REACH who="1" step="1"/><E91/><REACH who="1" ten="205,310,232,243" step="2"/><V133/><F133/><W3/><G110/><T127/><D127/><U104/><E104/><V47/><F96/><W83/><G100/><T87/><D87/><U7/><E7/><V119/><F102/><W50/><G103/><T93/><D76/><U12/><E12/><V95/><F107/><W89/><G0/><T115/><D115/><U5/><E5/><V122/><F119/><W18/><G2/><T124/><D124/><U16/><E16/><V9/><F122/><W77/><G18/><T98/><D17/><U84/><E84/><V88/><F88/><W67/><G89/><T78/><D78/><U36/><E36/><V114/><F114/><W81/><G77/><T123/><D123/><U40/><E40/><V25/><F85/><W105/><G105/><T21/><D86/><U126/><E126/><V101/><F42/><W108/><G108/><T65/><D98/><RYUUKYOKU ba="0,1" sc="205,-10,310,30,232,-10,243,-10" hai1="4,8,13,30,34,39,41,45,48,52,59,69,70" /><INIT seed="4,1,1,4,1,30" ten="195,340,222,233" oya="0" hai0="66,99,101,121,32,12,87,21,72,102,68,96,125" hai1="93,98,50,10,118,134,55,48,33,43,15,131,5" hai2="67,112,107,69,49,7,41,132,63,84,100,110,64" hai3="16,52,108,127,94,83,97,103,81,115,31,76,122"/><T70/><D121/><U89/><E118/><V119/><F110/><W82/><G108/><T130/><D72/><U116/><E116/><V38/><F119/><W62/><G122/><T6/><D130/><U61/><E131/><V17/><F7/><W58/><G115/><T109/><D109/><U34/><E134/><V35/><F112/><W28/><G127/><T92/><D87/><U73/><E73/><V1/><F1/><W104/><G104/><T111/><D125/><U105/><E105/><V11/><F64/><W54/><G76/><T39/><D39/><U59/><REACH who="1" step="1"/><E43/><REACH who="1" ten="195,330,222,233" step="2"/><V75/><F41/><W45/><G45/><T13/><D111/><U56/><E56/><V79/><F75/><W47/><G47/><T124/><D124/><U36/><E36/><V91/><F38/><W88/><G54/><T26/><D70/><U117/><E117/><V71/><F69/><W114/><G114/><T90/><D68/><U85/><E85/><V126/><F84/><W19/><G103/><T9/><D102/><U123/><E123/><V65/><F100/><W29/><AGARI ba="1,2" hai="16,19,28,29,31,52,58,62,81,82,83,88,94,97" machi="29" ten="30,8000,1" yaku="0,1,8,1,54,3" doraHai="30" who="3" fromWho="3" sc="195,-41,330,-21,222,-21,233,103" /><INIT seed="5,0,0,1,2,27" ten="154,309,201,336" oya="1" hai0="7,68,19,50,44,67,4,20,135,10,74,91,134" hai1="92,5,97,89,73,84,125,76,16,100,32,123,6" hai2="90,36,54,117,25,130,45,120,118,98,79,104,30" hai3="63,96,55,78,38,115,21,31,52,39,127,61,101"/><U46/><E123/><V24/><F120/><W1/><G1/><T80/><D67/><U113/><E113/><V88/><F79/><W12/><G127/><T109/><D68/><U26/><E125/><V99/><F130/><W51/><G78/><N who="0" m="44119" /><D91/><U95/><E46/><V69/><F69/><W128/><G128/><T64/><D64/><U11/><E73/><V49/><F36/><W58/><G115/><T116/><D10/><U108/><E108/><V53/><F104/><W3/><G3/><T119/><D109/><U110/><E110/><V41/><F41/><W15/><G38/><T56/><D56/><U72/><E72/><V102/><F45/><W40/><G40/><N who="0" m="24839" /><D116/><U17/><E76/><V42/><F42/><W35/><G35/><T29/><D29/><U8/><E8/><V114/><F114/><W83/><G83/><T70/><D70/><U9/><E9/><V13/><F102/><W43/><G43/><T105/><D105/><U62/><E62/><V59/><F59/><W14/><G39/><T28/><D28/><U87/><E87/><V131/><F30/><W0/><G0/><T82/><D82/><U81/><E81/><V57/><F57/><W2/><G2/><T121/><D121/><U65/><E65/><V111/><F111/><W60/><G55/><T48/><D119/><U106/><E106/><V18/><F131/><W47/><G31/><T93/><D93/><U94/><E94/><V75/><F118/><W133/><G133/><N who="0" m="50699" /><D48/><U85/><E32/><V103/><F117/><W33/><G33/><T37/><D37/><U132/><E132/><RYUUKYOKU ba="0,0" sc="154,30,309,-10,201,-10,336,-10" hai0="4,7,19,20" /><INIT seed="6,1,0,2,2,67" ten="184,299,191,326" oya="2" hai0="75,64,51,76,87,122,101,99,92,61,134,128,28" hai1="111,117,44,66,88,41,113,78,124,77,38,69,7" hai2="72,49,112,102,98,46,10,91,37,21,34,73,100" hai3="14,85,107,96,19,30,93,114,2,70,104,29,84"/><V9/><F34/><W52/><G2/><T59/><D122/><U94/><E117/><V79/><F37/><W26/><G70/><T17/><D128/><U80/><E111/><V12/><F112/><W56/><G114/><T23/><D28/><N who="3" m="10857" /><G104/><T24/><D134/><U27/><E124/><V129/><F129/><W65/><G65/><T120/><D120/><U89/><E113/><V45/><F79/><W8/><G26/><T53/><D75/><U83/><E27/><V13/><F21/><W97/><G107/><T103/><D76/><U15/><E94/><N who="2" m="56671" /><F73/><W63/><G96/><T71/><REACH who="0" step="1"/><D87/><REACH who="0" ten="174,299,191,326" step="2"/><U118/><E78/><V5/><F72/><W116/><G116/><T119/><D119/><U95/><E77/><V62/><F62/><W35/><G35/><T54/><D54/><U110/><E110/><V74/><F74/><W0/><G0/><T3/><D3/><U32/><E32/><V39/><F39/><W4/><G4/><T31/><D31/><U130/><E130/><V42/><F46/><W132/><G132/><T90/><AGARI ba="1,1" hai="17,23,24,51,53,59,61,64,71,90,92,99,101,103" machi="90" ten="20,8000,1" yaku="1,1,0,1,7,1,52,1,53,1" doraHai="67" doraHaiUra="60" who="0" fromWho="0" sc="174,93,299,-21,191,-41,326,-21" /><INIT seed="7,0,0,1,0,34" ten="267,278,150,305" oya="3" hai0="119,40,132,78,6,18,53,24,94,135,112,100,31" hai1="50,86,57,20,59,101,71,93,52,73,62,69,33" hai2="95,98,91,70,56,36,113,29,76,83,102,125,55" hai3="72,131,17,92,66,118,110,15,67,54,126,85,108"/><W16/><G118/><T80/><D119/><U45/><E33/><V0/><F113/><W133/><G72/><T58/><D6/><U117/><E73/><V103/><F125/><W77/><G126/><T82/><D40/><U27/><E117/><V48/><F70/><W64/><G133/><N who="0" m="51275" /><D18/><U106/><E106/><V19/><F36/><W12/><G131/><T97/><D78/><U8/><E59/><V115/><F115/><W75/><G75/><T81/><D112/><U90/><E8/><V13/><F29/><W11/><G54/><T120/><D120/><U68/><E101/><V46/><F46/><W105/><G105/><T124/><D124/><U4/><E4/><V42/><F42/><W49/><G49/><N who="0" m="31023" /><D82/><U74/><E74/><V39/><F39/><W38/><G38/><T104/><D104/><U35/><E35/><AGARI ba="0,0" hai="24,31,35,80,81,94,97,100" m="31023,51275" machi="35" ten="30,1000,0" yaku="20,1" doraHai="34" who="0" fromWho="1" sc="267,10,278,-10,150,0,305,0" owari="277,8.0,268,-13.0,150,-35.0,305,40.0" /></mjloggm>