<mjloggm ver="2.3"><GO type="97" lobby="0"/><UN n0="%E5%A4%A7%E6%B1%9F%E5%8E%9F%E5%9C%AD" n1="%E3%83%8B%E3%83%A3%E3%83%BC%E5%8A%A9%E6%94%B9" n2="%E5%B0%B1%E6%B4%BB%E7%94%9F%40%E5%B7%9D%E6%9D%91%E8%BB%8D%E5%9B%A3" n3="%54%6F%73%73%79" dan="13,14,17,14" rate="1814.41,1897.18,2254.56,1868.53" sx="M,M,M,M"/><TAIKYOKU oya="0"/><INIT seed="0,0,0,1,5,19" ten="250,250,250,250" oya="0" hai0="2,23,10,25,88,92,69,43,102,76,133,112,117" hai1="89,129,95,6,38,110,3,100,74,71,62,53,30" hai2="66,96,36,118,67,17,55,56,48,116,91,111,47" hai3="5,60,41,44,114,37,123,73,93,98,1,34,83"/><T125/><D117/><N who="2" m="45162" /><F111/><W54/><G114/><T79/><D112/><U22/><E38/><V18/><F96/><W39/><G123/><T130/><D69/><U11/><E74/><V115/><F91/><W31/><G39/><T46/><D130/><U32/><E129/><V94/><F94/><W59/><G31/><T52/><D133/><U126/><E126/><V119/><F115/><W87/><G34/><T122/><D122/><U0/><E110/><V35/><F35/><W4/><G73/><T107/><D125/><U90/><E32/><V81/><F81/><W131/><G1/><T50/><D2/><U24/><E3/><V101/><F101/><W104/><G104/><T65/><D10/><U12/><E71/><V82/><F82/><W63/><G63/><T68/><D68/><U105/><E105/><V27/><F119/><W9/><G9/><T20/><D65/><N who="2" m="24586" /><F27/><W58/><G131/><T97/><D43/><AGARI ba="0,0" hai="17,18,36,43,47,48,55,56" m="24586,45162" machi="43" ten="30,1000,0" yaku="12,1" doraHai="19" who="2" fromWho="0" sc="250,-10,250,0,250,10,250,0" /><INIT seed="1,0,0,5,2,95" ten="240,250,260,250" oya="1" hai0="39,42,74,66,2,18,59,109,13,131,78,15,112" hai1="54,110,51,132,49,60,127,114,105,102,16,98,22" hai2="119,24,46,116,57,29,55,67,31,38,71,33,53" hai3="45,73,58,90,75,91,104,122,68,133,97,99,76"/><U25/><E114/><V34/><F71/><W72/><G68/><T106/><D106/><U4/><E132/><V80/><F67/><W32/><G45/><T1/><D112/><U87/><E127/><V20/><F80/><N who="3" m="45087" /><G32/><T124/><D109/><U83/><E110/><V120/><F120/><W41/><G58/><T85/><D124/><U130/><E4/><V118/><F31/><W27/><G41/><T28/><D131/><U47/><E130/><V50/><REACH who="2" step="1"/><F38/><REACH who="2" ten="240,250,250,250" step="2"/><W125/><G122/><T10/><D66/><U69/><E69/><V134/><F134/><W82/><G133/><T113/><D59/><U108/><E108/><V111/><F111/><W63/><G125/><T86/><D39/><U44/><E60/><AGARI ba="0,1" hai="20,24,29,33,34,46,50,53,55,57,60,116,118,119" machi="60" ten="40,1300,0" yaku="1,1,53,0" doraHai="95" doraHaiUra="11" who="2" fromWho="1" sc="240,0,250,-13,250,23,250,0" /><INIT seed="2,0,0,1,3,68" ten="240,237,273,250" oya="2" hai0="74,10,76,35,86,108,55,122,90,33,8,81,52" hai1="7,38,57,123,129,125,59,69,44,87,126,75,96" hai2="124,28,25,115,70,47,46,112,116,58,66,5,78" hai3="15,120,84,130,40,83,104,12,109,56,51,73,92"/><V72/><F70/><W20/><G120/><T100/><D122/><U77/><E75/><V135/><F5/><W1/><G1/><T29/><D108/><U23/><E123/><V42/><F46/><W67/><G104/><T62/><D100/><U134/><E69/><V48/><F116/><W26/><G130/><T6/><D10/><U61/><E7/><V98/><F135/><W53/><G109/><T49/><D62/><U132/><E96/><V94/><F124/><N who="1" m="47721" /><E23/><V3/><F3/><W45/><G73/><T2/><D29/><U64/><E77/><V101/><F78/><W128/><G128/><T117/><D117/><U99/><E87/><V119/><F72/><W121/><G92/><T24/><D24/><U106/><E106/><V88/><F119/><W11/><G121/><T16/><D55/><U31/><E31/><V41/><F41/><W71/><G71/><T63/><D63/><N who="1" m="37999" /><E99/><V102/><F112/><W60/><G11/><T0/><D2/><U27/><E27/><V103/><F115/><W82/><G84/><T107/><D107/><U110/><E110/><V114/><F114/><W113/><G113/><T43/><D43/><N who="1" m="22647" /><E129/><V39/><F25/><W13/><REACH who="3" step="1"/><G40/><REACH who="3" ten="240,237,273,240" step="2"/><T79/><D74/><U36/><E36/><V50/><F39/><W111/><G111/><T105/><D105/><U80/><E80/><V30/><F94/><W85/><G85/><T95/><D95/><U127/><E127/><V65/><F98/><W118/><G118/><T17/><D35/><U9/><E9/><V97/><F97/><W37/><G37/><T22/><D33/><RYUUKYOKU ba="0,1" sc="240,-15,237,15,273,-15,240,15" hai1="59,61,132,134" hai3="12,13,15,20,26,45,51,53,56,60,67,82,83" /><INIT seed="3,1,1,5,1,55" ten="225,252,258,255" oya="3" hai0="43,99,6,37,90,81,9,135,44,20,14,71,109" hai1="74,95,33,104,131,96,68,69,118,127,97,31,83" hai2="120,75,87,119,0,126,108,72,59,8,27,123,29" hai3="111,51,2,92,22,103,42,26,86,85,38,36,63"/><W70/><G111/><T13/><D71/><U129/><E118/><V88/><F108/><W130/><G2/><T34/><D135/><U94/><E31/><V98/><F98/><N who="1" m="37993" /><E33/><V11/><F126/><W5/><G130/><N who="1" m="49674" /><E127/><V93/><F119/><W24/><G24/><T80/><D34/><U67/><E67/><V79/><F79/><W3/><G26/><T48/><D109/><U15/><E15/><V54/><F75/><W40/><G3/><T114/><D114/><U78/><E104/><V45/><F45/><W19/><G5/><T17/><D37/><U32/><E32/><N who="2" m="20543" /><F72/><W112/><G38/><T66/><D66/><U56/><E56/><V49/><F0/><W101/><G36/><T61/><D61/><U116/><E116/><V10/><F10/><W52/><G70/><AGARI ba="1,1" hai="68,69,70,74,78,83,94,95" m="49674,37993" machi="70" ten="30,1000,0" yaku="19,1" doraHai="55" who="1" fromWho="3" sc="225,0,252,23,258,0,255,-13" /><INIT seed="4,0,0,0,4,122" ten="225,275,258,242" oya="0" hai0="126,88,51,21,132,83,68,63,134,58,59,17,129" hai1="90,4,52,109,104,93,1,91,10,111,81,16,60" hai2="103,101,18,12,30,84,55,43,133,48,135,78,70" hai3="92,15,75,107,80,123,105,54,28,14,131,119,20"/><T120/><D120/><U42/><E42/><V102/><F70/><W100/><G123/><T47/><D126/><U24/><E104/><V65/><F65/><W3/><G119/><T8/><D129/><U66/><E81/><V86/><F30/><W96/><G131/><T130/><D8/><U26/><E26/><V36/><F43/><W56/><G3/><T97/><D130/><U9/><E91/><V127/><F36/><W23/><G75/><T74/><D68/><U27/><E27/><V114/><F78/><W31/><G80/><T53/><D74/><U125/><E125/><V72/><F72/><W118/><G118/><T29/><D29/><U6/><E6/><V69/><F69/><W79/><G79/><T35/><D35/><U39/><E39/><V25/><F25/><W77/><G77/><T34/><D34/><U85/><E52/><V19/><F114/><W87/><G107/><T49/><D83/><U22/><E10/><V98/><F127/><W128/><G128/><T5/><D5/><U112/><E112/><V57/><F98/><W117/><G105/><T73/><D73/><U124/><E124/><V2/><F2/><W41/><G117/><T89/><D97/><U113/><E113/><V71/><F71/><AGARI ba="0,0" hai="1,4,9,16,22,24,60,66,71,85,90,93,109,111" machi="71" ten="30,7700,0" yaku="7,1,52,2,54,1" doraHai="122" who="1" fromWho="2" sc="225,0,275,77,258,-77,242,0" owari="225,-17.0,352,45.0,181,-32.0,242,4.0" /></mjloggm>