<mjloggm ver="2.3"><GO type="225" lobby="0"/><UN n0="%E3%82%A6%E3%83%AB%E3%83%88%E3%83%A9%E7%AB%8B%E7%9B%B4" n1="%E8%85%B9%E7%97%9B%E3%81%BD%E3%81%A3%E3%81%8F%E3%82%93" n2="%E5%A4%A2%E5%96%B0%E3%81%84" n3="%74%61%6B%75%61%6B%61" dan="17,16,16,18" rate="2196.46,2137.84,2156.48,2191.35" sx="M,M,F,M"/><TAIKYOKU oya="0"/><INIT seed="0,0,0,5,4,82" ten="250,250,250,250" oya="0" hai0="72,53,105,26,81,49,54,124,103,87,80,111,27" hai1="83,50,18,89,125,123,95,63,70,104,10,46,135" hai2="4,1,43,0,98,115,23,14,25,62,3,52,15" hai3="120,128,9,77,29,65,48,110,126,117,6,78,71"/><T12/><D124/><U36/><E104/><V85/><F43/><W35/><G77/><T28/><D111/><U22/><E123/><V109/><F4/><W51/><G78/><T79/><D12/><U99/><E36/><V96/><F109/><W73/><G51/><T102/><D105/><U41/><E125/><V132/><F132/><W21/><G48/><T61/><D61/><U34/><E34/><V17/><F115/><W11/><G65/><T33/><D27/><U57/><E135/><V47/><F15/><W116/><G71/><T121/><D121/><U91/><E10/><V31/><F85/><W40/><G40/><T30/><D30/><U20/><E70/><V108/><F108/><W129/><G73/><T58/><REACH who="0" step="1"/><D54/><REACH who="0" ten="240,250,250,250" step="2"/><N who="1" m="34231" /><E18/><V39/><F62/><W8/><G110/><T76/><AGARI ba="0,1" hai="26,28,33,49,53,58,72,76,79,80,81,87,102,103" machi="76" ten="20,7800,0" yaku="1,1,0,1,7,1,52,1,53,0" doraHai="82" doraHaiUra="127" who="0" fromWho="0" sc="240,88,250,-26,250,-26,250,-26" /><INIT seed="0,1,0,4,5,75" ten="328,224,224,224" oya="0" hai0="15,5,115,116,20,79,40,93,74,126,61,19,134" hai1="114,71,58,41,89,76,60,108,55,85,119,130,4" hai2="2,131,67,69,123,8,82,127,47,25,104,129,101" hai3="16,91,13,68,17,3,37,6,125,26,88,49,118"/><T109/><D116/><U44/><E108/><V0/><F123/><W90/><G37/><T39/><D115/><U113/><E130/><N who="2" m="49675" /><F127/><W86/><G68/><T77/><D74/><U35/><E119/><V66/><F47/><W48/><G118/><T9/><D126/><U70/><E35/><V92/><F92/><W23/><G125/><T112/><D112/><N who="1" m="43115" /><E4/><N who="2" m="1031" /><F2/><W22/><REACH who="3" step="1"/><G86/><REACH who="3" ten="328,224,224,214" step="2"/><T63/><D39/><U14/><E70/><V62/><F69/><W99/><G99/><T64/><D109/><U98/><E71/><V45/><F62/><W36/><G36/><T73/><D63/><U81/><E98/><V87/><F87/><W29/><G29/><T135/><D73/><U10/><E60/><V1/><F66/><W27/><G27/><T111/><D61/><U12/><E85/><V42/><F67/><W80/><G80/><T133/><D64/><U65/><E65/><V94/><F25/><W57/><G57/><T56/><D56/><U107/><E58/><V128/><F82/><W43/><G43/><T83/><D40/><U110/><E41/><V28/><F28/><W38/><G38/><T105/><D83/><U122/><E81/><V18/><F128/><W96/><G96/><T34/><D111/><U24/><E110/><V72/><F72/><W121/><G121/><T124/><D124/><U103/><E24/><V50/><F42/><W11/><AGARI ba="1,1" hai="3,6,11,13,16,17,22,23,26,48,49,88,90,91" machi="11" ten="30,7900,0" yaku="1,1,0,1,54,2,53,0" doraHai="75" doraHaiUra="31" who="3" fromWho="3" sc="328,-40,224,-21,224,-21,214,92" /><INIT seed="1,0,0,5,4,72" ten="288,203,203,306" oya="1" hai0="1,32,97,134,33,108,78,122,67,20,132,57,53" hai1="90,99,119,13,34,45,120,133,85,31,107,35,30" hai2="47,59,135,89,93,82,126,125,129,60,117,112,74" hai3="98,36,124,84,6,19,42,48,17,11,8,109,116"/><U87/><E119/><V15/><F117/><W50/><G36/><T10/><D67/><U64/><E120/><V5/><F112/><W103/><G124/><T40/><D40/><U44/><E64/><V24/><F24/><W3/><G109/><T130/><D20/><U46/><E133/><N who="0" m="51305" /><D108/><U100/><E13/><V68/><F47/><W86/><G11/><T94/><D78/><U65/><E65/><V7/><F68/><W26/><G26/><T101/><D130/><U14/><E14/><V80/><F15/><W110/><G110/><T79/><D79/><U111/><E111/><V38/><F38/><W114/><G114/><T115/><D115/><U70/><E70/><V127/><F129/><W131/><G42/><T29/><D29/><U41/><E41/><V54/><F135/><W51/><G131/><T71/><D71/><U18/><E18/><V37/><F37/><W102/><G19/><T16/><D122/><U22/><E22/><V2/><F74/><W77/><G17/><T75/><D75/><U121/><E121/><V4/><REACH who="2" step="1"/><F2/><REACH who="2" ten="288,203,193,306" step="2"/><W83/><G116/><T9/><D1/><U28/><REACH who="1" step="1"/><E85/><AGARI ba="0,1" hai="4,5,7,54,59,60,80,82,85,89,93,125,126,127" machi="85" ten="50,6400,0" yaku="1,1,2,1,18,1,53,0" doraHai="72" doraHaiUra="104" who="2" fromWho="1" sc="288,0,203,-64,193,74,306,0" /><INIT seed="2,0,0,3,4,110" ten="288,139,267,306" oya="2" hai0="92,41,71,36,49,12,103,15,134,42,58,116,132" hai1="104,114,23,29,37,34,86,20,28,22,14,113,35" hai2="107,7,46,8,55,17,60,126,61,75,84,73,80" hai3="117,79,109,45,44,119,0,51,66,39,74,52,130"/><V47/><F107/><W64/><G0/><T5/><D71/><U97/><E37/><V56/><F126/><W65/><G79/><T78/><D78/><U87/><E104/><V82/><F17/><W128/><G74/><T50/><D36/><U63/><E97/><V33/><F33/><N who="1" m="12297" /><E63/><V91/><F61/><W90/><G90/><T25/><D25/><U43/><E43/><V72/><REACH who="2" step="1"/><F82/><REACH who="2" ten="288,139,257,306" step="2"/><W111/><G117/><T24/><D116/><U115/><E14/><AGARI ba="0,1" hai="7,8,14,46,47,55,56,60,72,73,75,80,84,91" machi="14" ten="40,3900,0" yaku="1,1,2,1,53,0" doraHai="110" doraHaiUra="121" who="2" fromWho="1" sc="288,0,139,-39,257,49,306,0" /><INIT seed="2,1,0,1,4,48" ten="288,100,306,306" oya="2" hai0="19,45,51,75,102,77,41,110,65,78,69,122,64" hai1="43,73,11,88,130,67,9,42,96,12,2,39,44" hai2="79,106,85,10,74,92,133,0,14,28,33,50,34" hai3="91,129,38,31,107,26,123,99,70,111,23,60,76"/><V125/><F0/><W37/><G123/><T115/><D122/><U108/><E108/><V93/><F106/><W8/><G111/><T98/><D110/><U119/><E119/><V71/><F71/><W3/><G129/><T17/><D115/><U63/><E130/><V97/><F28/><W61/><G76/><T128/><D128/><U52/><E73/><V112/><F112/><W1/><G91/><T32/><D32/><U83/><E2/><V5/><F74/><W126/><G126/><T56/><D69/><U90/><E9/><V36/><F36/><W104/><G99/><T15/><D17/><U20/><E20/><V27/><F27/><W135/><G135/><T54/><D65/><U62/><E96/><V18/><F18/><W47/><G47/><T89/><D64/><U55/><E83/><V82/><F133/><W13/><G37/><T86/><D98/><U103/><E103/><V40/><F125/><W121/><G38/><T118/><D102/><U6/><E42/><V84/><F84/><W114/><G114/><T46/><D75/><U66/><E66/><V94/><F97/><W81/><G81/><N who="0" m="49359" /><D118/><U68/><REACH who="1" step="1"/><E55/><REACH who="1" ten="288,90,306,306" step="2"/><V35/><F34/><W117/><G117/><T4/><D41/><U59/><AGARI ba="1,1" hai="6,11,12,39,43,44,52,59,62,63,67,68,88,90" machi="59" ten="30,12000,2" yaku="1,1,2,1,0,1,52,1,54,2,53,0" doraHai="48" doraHaiUra="100" who="1" fromWho="1" sc="288,-31,90,133,306,-61,306,-31" /><INIT seed="3,0,0,1,5,134" ten="257,223,245,275" oya="3" hai0="55,122,71,72,54,19,107,117,32,2,106,5,80" hai1="16,48,126,133,77,13,92,1,99,111,21,69,39" hai2="20,62,56,91,4,41,116,105,95,76,15,10,12" hai3="59,37,114,84,28,61,83,0,33,93,131,29,74"/><W14/><G0/><T120/><D117/><U47/><E69/><V24/><F105/><W42/><G114/><T119/><D119/><U60/><E1/><V64/><F116/><W73/><G131/><T109/><D19/><U82/><E133/><V121/><F121/><W112/><G73/><T46/><D32/><U7/><E111/><V100/><F76/><W25/><G29/><T35/><D35/><U3/><E39/><V86/><F41/><W96/><G74/><T58/><D71/><U103/><E126/><V79/><F79/><W43/><G14/><T57/><D46/><U110/><E110/><V27/><F100/><W78/><G37/><T104/><D109/><U11/><E60/><V113/><F113/><W63/><G63/><T94/><D94/><U45/><REACH who="1" step="1"/><E48/><REACH who="1" ten="257,213,245,275" step="2"/><V52/><F64/><W130/><G112/><T23/><D2/><U31/><E31/><V51/><F62/><W127/><G127/><T135/><D135/><U125/><E125/><V118/><F118/><W26/><G28/><T65/><D65/><U53/><E53/><V97/><F97/><W128/><G128/><T129/><D55/><U8/><E8/><V101/><F101/><W49/><G130/><T90/><D54/><U38/><E38/><V87/><F87/><AGARI ba="0,1" hai="3,7,11,13,16,21,45,47,77,82,87,92,99,103" machi="87" ten="30,3900,0" yaku="1,1,7,1,54,1,53,0" doraHai="134" doraHaiUra="102" who="1" fromWho="2" sc="257,0,213,49,245,-39,275,0" /><INIT seed="4,0,0,4,5,100" ten="257,262,206,275" oya="0" hai0="108,98,23,77,86,93,111,4,42,50,126,24,8" hai1="18,22,58,62,129,113,67,1,17,55,7,12,21" hai2="120,74,59,90,47,20,25,112,48,11,92,83,104" hai3="70,106,118,82,117,31,26,122,54,131,94,73,53"/><T27/><D126/><U56/><E129/><V125/><F120/><W60/><G94/><T71/><D71/><U38/><E38/><V34/><F34/><W68/><G82/><N who="0" m="47439" /><D23/><U99/><E113/><V76/><F112/><W3/><G3/><T72/><D72/><U30/><E30/><V102/><F125/><W87/><G87/><T40/><D27/><U95/><E7/><V52/><F11/><W85/><G85/><T19/><D19/><U109/><E109/><N who="0" m="42057" /><D50/><U2/><E18/><V61/><F90/><W69/><G73/><T135/><D24/><U14/><E22/><V44/><F92/><W110/><G110/><T49/><D49/><U134/><E14/><V88/><F88/><W103/><G131/><T5/><D135/><U0/><E134/><V121/><F121/><W80/><G26/><T41/><D8/><U28/><E28/><V105/><F102/><AGARI ba="0,0" hai="4,5,40,41,42,93,98,102" m="42057,47439" machi="102" ten="30,1500,0" yaku="10,1" doraHai="100" who="0" fromWho="2" sc="257,15,262,0,206,-15,275,0" /><INIT seed="4,1,0,2,3,35" ten="272,262,191,275" oya="0" hai0="122,42,97,0,95,118,27,3,46,1,124,112,121" hai1="10,91,55,123,109,92,87,82,12,30,33,16,106" hai2="64,80,86,125,15,47,69,32,26,8,63,56,78" hai3="75,2,70,76,43,85,17,71,24,20,45,57,37"/><T68/><D68/><U5/><E106/><V113/><F125/><W96/><G85/><T48/><D118/><U81/><E109/><V49/><F113/><W36/><G36/><T119/><D119/><U88/><E123/><V102/><F32/><W116/><G116/><T38/><D112/><U98/><E33/><V103/><F26/><W40/><G40/><T83/><D124/><U105/><E30/><V58/><F58/><W6/><G57/><T115/><D115/><U72/><E105/><V104/><F69/><W108/><G96/><T99/><D99/><U11/><E55/><V100/><F104/><W132/><G132/><T67/><D67/><U127/><E127/><V21/><F21/><W131/><G131/><T59/><D27/><U52/><E52/><V94/><F94/><W73/><G73/><T14/><D83/><U39/><E39/><V51/><REACH who="2" step="1"/><F47/><REACH who="2" ten="272,262,181,275" step="2"/><W13/><G24/><T62/><D122/><U7/><REACH who="1" step="1"/><E10/><REACH who="1" ten="272,252,181,275" step="2"/><V135/><F135/><W128/><G128/><T74/><D121/><U129/><E129/><V29/><F29/><W54/><G71/><T53/><D62/><U126/><E126/><V34/><F34/><W19/><G70/><T107/><D107/><U65/><E65/><V117/><F117/><W31/><G31/><T130/><D130/><U89/><E89/><V111/><F111/><W25/><G108/><T23/><D23/><U41/><E41/><V110/><F110/><W120/><G120/><T44/><D42/><U133/><E133/><V9/><F9/><N who="3" m="2263" /><G43/><N who="0" m="22647" /><D46/><U101/><E101/><V61/><F61/><W84/><G45/><RYUUKYOKU ba="1,2" sc="272,-15,252,15,181,15,275,-15" hai1="5,7,11,12,16,72,81,82,87,88,91,92,98" hai2="8,15,49,51,56,63,64,78,80,86,100,102,103" /><INIT seed="5,2,2,0,5,9" ten="257,267,196,260" oya="1" hai0="12,113,78,75,48,3,6,79,22,7,15,34,103" hai1="115,2,101,17,55,83,11,24,62,64,92,130,8" hai2="129,77,109,60,16,91,84,39,57,69,135,112,33" hai3="132,87,120,106,46,102,40,94,93,28,51,37,70"/><U0/><E0/><V107/><F33/><W61/><G120/><T54/><D34/><U68/><E115/><V97/><F39/><W90/><G132/><T118/><D118/><U98/><E130/><V86/><F69/><W38/><G106/><T104/><D3/><U67/><E2/><V42/><F109/><W29/><G38/><T18/><D113/><U25/><E83/><N who="2" m="47215" /><F107/><W53/><G102/><T116/><D116/><U50/><E67/><N who="2" m="39311" /><F112/><W126/><G94/><T1/><D1/><U111/><E111/><V35/><F35/><W122/><G126/><T26/><D103/><U14/><E8/><V134/><F129/><W30/><G122/><T21/><D104/><U65/><E65/><V128/><F128/><W85/><G85/><T110/><D75/><U127/><E127/><V43/><F97/><W108/><G108/><T31/><D110/><U19/><E19/><V32/><F32/><W36/><G70/><T80/><D80/><U124/><E124/><V63/><F63/><W56/><AGARI ba="2,2" hai="28,29,30,36,37,40,46,51,53,56,61,87,90,93" machi="56" ten="30,1100,0" yaku="0,1" doraHai="9" who="3" fromWho="3" sc="257,-5,267,-7,196,-5,260,37" /><INIT seed="6,0,0,0,2,78" ten="252,260,191,297" oya="2" hai0="75,105,56,110,18,54,102,51,17,121,96,22,124" hai1="27,31,0,10,88,122,116,5,1,58,86,117,43" hai2="63,53,113,50,14,128,127,57,115,106,47,46,82" hai3="13,28,21,62,42,74,68,60,104,95,11,111,6"/><V3/><F3/><W32/><G104/><T12/><D110/><U52/><E43/><V107/><F127/><W109/><G74/><T55/><D121/><U67/><E67/><V59/><F128/><W36/><G36/><T135/><D124/><U2/><E122/><V24/><F24/><N who="3" m="18439" /><G42/><T101/><D75/><U34/><E117/><V7/><F107/><W37/><G37/><T65/><D135/><U89/><E116/><V131/><F106/><W76/><G76/><T29/><D102/><U118/><E118/><V83/><F131/><W119/><G95/><T77/><D77/><U71/><E71/><V45/><F7/><W15/><G62/><T26/><D65/><U23/><E34/><V123/><F14/><N who="3" m="5495" /><G60/><T91/><D91/><U98/><E98/><V129/><F129/><W8/><G68/><T40/><D40/><U35/><E35/><V73/><F123/><W4/><G119/><T64/><D64/><U49/><REACH who="1" step="1"/><E89/><REACH who="1" ten="252,250,191,297" step="2"/><V66/><REACH who="2" step="1"/><F73/><REACH who="2" ten="252,250,181,297" step="2"/><W84/><G111/><T20/><D105/><U38/><E38/><V125/><F125/><W70/><G109/><T100/><D12/><U112/><E112/><AGARI ba="0,2" hai="45,46,47,50,53,57,59,63,66,82,83,112,113,115" machi="112" ten="40,12000,1" yaku="1,1,15,1,52,2,53,0" doraHai="78" doraHaiUra="94" who="2" fromWho="1" sc="252,0,250,-120,181,140,297,0" owari="252,-15.0,130,-37.0,321,42.0,297,10.0" /></mjloggm>