<mjloggm ver="2.3"><GO type="169" lobby="0"/><UN n0="%E3%82%A6%E3%83%AB%E3%83%88%E3%83%A9%E7%AB%8B%E7%9B%B4" n1="%E3%81%B6%E3%81%A3%E3%81%A8%E3%81%B3%E3%82%AB%E3%83%BC%E3%83%89" n2="%E5%85%AC%E5%8B%99%E5%93%A1%E3%81%8F%E3%82%93" n3="%E7%99%BD%E6%9A%97%E6%B7%B5" dan="17,17,16,16" rate="2149.14,2184.81,2117.43,2085.90" sx="M,M,F,M"/><TAIKYOKU oya="0"/><INIT seed="0,0,0,4,3,20" ten="250,250,250,250" oya="0" hai0="5,17,97,14,26,32,110,37,9,41,16,135,122" hai1="25,126,75,60,85,19,127,109,120,52,36,131,63" hai2="117,88,50,87,15,29,93,101,73,31,18,102,7" hai3="82,40,30,62,94,105,76,65,86,12,53,54,100"/><T91/><D122/><U112/><E75/><V46/><F73/><W61/><G105/><T78/><D135/><U1/><E120/><V58/><F7/><W90/><G100/><N who="2" m="38505" /><F117/><W59/><G40/><T113/><D113/><U68/><E112/><V10/><F58/><W107/><G107/><T38/><D110/><U119/><E119/><V106/><F106/><W83/><G83/><T95/><D78/><U45/><E1/><V56/><F56/><W3/><G3/><T72/><D72/><U39/><E131/><V99/><F99/><W96/><G62/><N who="1" m="23594" /><E85/><V123/><F123/><W34/><REACH who="3" step="1"/><G12/><REACH who="3" ten="250,250,250,240" step="2"/><T67/><D67/><U80/><E109/><V74/><F74/><W0/><G0/><T116/><D116/><U44/><E80/><V57/><F57/><W6/><G6/><T8/><D41/><AGARI ba="0,1" hai="10,15,18,29,31,41,46,50,87,88,93" m="38505" machi="41" ten="30,2000,0" yaku="8,1,54,1" doraHai="20" who="2" fromWho="0" sc="250,-20,250,0,250,30,240,0" /><INIT seed="1,0,0,5,5,128" ten="230,250,280,240" oya="1" hai0="25,13,87,49,126,102,38,17,82,46,53,122,67" hai1="40,11,45,100,35,79,135,110,28,91,99,90,24" hai2="16,6,130,27,121,71,41,104,84,19,117,89,37" hai3="34,31,96,70,98,78,108,83,73,134,92,55,74"/><U93/><E110/><V39/><F71/><W88/><G70/><T133/><D122/><U50/><E135/><V107/><F6/><W129/><G34/><T4/><D126/><U57/><E79/><V105/><F121/><W22/><G31/><T66/><D133/><U14/><REACH who="1" step="1"/><E57/><REACH who="1" ten="230,240,280,240" step="2"/><V120/><F120/><W113/><G108/><T81/><D38/><U75/><E75/><V127/><F39/><W132/><G73/><T114/><D114/><U76/><E76/><V56/><F37/><W131/><G113/><T111/><D111/><U59/><E59/><V58/><F58/><W68/><G68/><T118/><D118/><U106/><E106/><V2/><F56/><W116/><G116/><T32/><D66/><U97/><E97/><V36/><F127/><W8/><G98/><T5/><D67/><U12/><E12/><V21/><F117/><W85/><G74/><T63/><D13/><U109/><E109/><V18/><F105/><W95/><G96/><T77/><D77/><U26/><E26/><V54/><F107/><W1/><G78/><T65/><D25/><U43/><E43/><V125/><F104/><W52/><G132/><T72/><D72/><U61/><E61/><V42/><F125/><W23/><G134/><T29/><D63/><U103/><E103/><V62/><F42/><W9/><G1/><T47/><D102/><U80/><E80/><N who="2" m="49287" /><F2/><W115/><G115/><T7/><D65/><U33/><E33/><V48/><F62/><W0/><G0/><T64/><D64/><U60/><E60/><V123/><F123/><W101/><G101/><RYUUKYOKU ba="0,1" sc="230,-10,240,30,280,-10,240,-10" hai1="11,14,24,28,35,40,45,50,90,91,93,99,100" /><INIT seed="1,1,1,2,3,22" ten="220,270,270,230" oya="1" hai0="67,102,61,97,5,38,104,85,124,87,19,60,115" hai1="135,57,81,114,106,27,96,125,58,50,10,121,72" hai2="66,39,13,64,120,84,65,54,30,48,107,78,4" hai3="105,113,126,116,51,103,69,100,53,98,79,36,14"/><U117/><E114/><V99/><F39/><W23/><G36/><T83/><D115/><U41/><E117/><V1/><F1/><W24/><G69/><T71/><D124/><U16/><E121/><V29/><F120/><W52/><G113/><T47/><D5/><U63/><E135/><V56/><F107/><W119/><G126/><T35/><D60/><U77/><E125/><V88/><F99/><W80/><G14/><T86/><D19/><U89/><E89/><V2/><F78/><W26/><G100/><T90/><REACH who="0" step="1"/><D35/><REACH who="0" ten="210,270,270,230" step="2"/><U0/><E63/><V76/><F4/><W28/><G116/><T82/><D82/><U95/><E0/><V122/><F65/><W131/><G119/><T44/><D44/><U25/><E57/><V15/><F66/><W59/><G131/><T129/><D129/><U93/><E58/><V92/><F64/><W12/><G59/><T37/><D37/><U3/><E3/><V6/><F2/><W33/><G51/><T32/><D32/><U109/><E50/><V34/><F34/><W118/><G118/><T40/><AGARI ba="1,2" hai="38,40,47,61,67,71,83,85,86,87,90,97,102,104" machi="40" ten="30,2000,0" yaku="1,1,0,1,53,0" doraHai="22" doraHaiUra="134" who="0" fromWho="0" sc="210,43,270,-11,270,-6,230,-6" /><INIT seed="2,0,0,5,5,130" ten="253,259,264,224" oya="2" hai0="60,40,76,101,84,34,51,29,118,98,43,82,96" hai1="61,38,15,78,1,2,131,63,10,108,37,36,115" hai2="92,126,35,86,0,62,70,102,31,16,49,6,85" hai3="73,20,66,104,21,65,99,122,17,48,114,58,25"/><V124/><F49/><W134/><G73/><T77/><D118/><U12/><E115/><V79/><F79/><W64/><G122/><T113/><D113/><U127/><E78/><V69/><F6/><W94/><G114/><T121/><D121/><U53/><E131/><V52/><F0/><W39/><G39/><T103/><D34/><U111/><E127/><V105/><F105/><W71/><G104/><T83/><D29/><U9/><E38/><V18/><F31/><W57/><G71/><N who="2" m="27145" /><F35/><W125/><G125/><N who="2" m="48233" /><F102/><W32/><G32/><T106/><D51/><U67/><E53/><V26/><F26/><W11/><G48/><T19/><D60/><U116/><E67/><V80/><F92/><W81/><G25/><T89/><D19/><N who="2" m="7210" /><F80/><W54/><G81/><T135/><D77/><U95/><E95/><V97/><F97/><W74/><G99/><T24/><D24/><U45/><E116/><V5/><F5/><W100/><G94/><T7/><D7/><U90/><E2/><V41/><F41/><W88/><G100/><T119/><D43/><U91/><E1/><V128/><F128/><W27/><G27/><T47/><D119/><U14/><E14/><V22/><F22/><W56/><G17/><T68/><D98/><U109/><E109/><V46/><F46/><AGARI ba="0,0" hai="9,10,12,15,36,37,45,46,61,63,90,91,108,111" machi="46" ten="25,1600,0" yaku="22,2" doraHai="130" who="1" fromWho="2" sc="253,0,259,16,264,-16,224,0" /><INIT seed="3,0,0,0,4,0" ten="253,275,248,224" oya="3" hai0="60,66,126,33,113,84,50,111,59,20,89,93,97" hai1="14,73,72,65,62,76,70,29,36,103,44,22,3" hai2="53,54,79,10,120,75,112,95,128,135,25,110,107" hai3="87,123,12,16,63,86,8,23,37,108,78,119,34"/><W35/><G37/><T99/><D111/><U56/><E3/><V129/><F107/><W28/><G119/><T43/><D33/><U48/><E76/><V122/><F112/><W130/><G123/><N who="2" m="47145" /><F110/><W82/><G108/><T92/><D113/><U88/><E103/><V49/><F135/><W125/><G130/><N who="2" m="50281" /><F95/><W83/><G125/><T39/><D126/><U98/><E73/><V90/><F90/><W131/><G131/><T96/><D39/><U57/><E72/><V115/><F115/><W13/><G63/><T46/><REACH who="0" step="1"/><D20/><REACH who="0" ten="243,275,248,224" step="2"/><U100/><E36/><V55/><F75/><W116/><G116/><T67/><D67/><U52/><E29/><V47/><F79/><W64/><G64/><T61/><D61/><U127/><E127/><V40/><F25/><W31/><G34/><T26/><D26/><U51/><E65/><V80/><F80/><AGARI ba="0,1" hai="43,46,50,59,60,66,80,84,89,92,93,96,97,99" machi="80" ten="40,2600,0" yaku="1,1,8,1,53,0" doraHai="0" doraHaiUra="4" who="0" fromWho="2" sc="243,36,275,0,248,-26,224,0" /><INIT seed="4,0,0,0,3,13" ten="279,275,222,224" oya="0" hai0="4,62,66,35,80,76,45,88,100,86,96,109,135" hai1="53,93,104,82,25,7,51,26,114,68,1,119,124" hai2="27,60,42,41,133,20,72,32,121,3,90,127,65" hai3="84,23,69,117,46,94,21,97,73,14,87,10,63"/><T17/><D35/><U11/><E104/><V81/><F32/><W85/><G73/><T31/><D31/><U19/><E119/><V67/><F3/><W58/><G46/><T122/><D122/><U28/><E68/><V71/><F121/><W18/><G69/><T123/><D123/><U105/><E105/><V75/><F127/><W79/><G79/><T9/><D135/><U78/><E124/><V56/><F133/><W101/><REACH who="3" step="1"/><G117/><REACH who="3" ten="279,275,222,214" step="2"/><T83/><D45/><U120/><E120/><V103/><F71/><W8/><G8/><T52/><D9/><U99/><E78/><V49/><F75/><W95/><G95/><T70/><D76/><U92/><E82/><V132/><F72/><W29/><G29/><T126/><D83/><U36/><E93/><V47/><F132/><W111/><G111/><T116/><D109/><U128/><E28/><V40/><F47/><W39/><G39/><T112/><D126/><U89/><E36/><V2/><F81/><W59/><G59/><T113/><D116/><U16/><E11/><V30/><F56/><W106/><G106/><T38/><D38/><U61/><E92/><V130/><F30/><W115/><G115/><T37/><D37/><U98/><E114/><V48/><F40/><W33/><G33/><T57/><D113/><U91/><E89/><V24/><F42/><W5/><G5/><T43/><D4/><U129/><E91/><V74/><F41/><W108/><G108/><T34/><D112/><U102/><E7/><V125/><F74/><W54/><AGARI ba="0,1" hai="10,14,18,21,23,54,58,63,84,85,87,94,97,101" machi="54" ten="30,8000,1" yaku="1,1,0,1,8,1,52,1,53,1" doraHai="13" doraHaiUra="50" who="3" fromWho="3" sc="279,-40,275,-20,222,-20,214,90" /><INIT seed="5,0,0,5,1,44" ten="239,255,202,304" oya="1" hai0="31,3,2,17,62,29,1,40,134,16,10,20,127" hai1="6,34,13,22,92,116,39,15,65,95,107,99,123" hai2="52,68,72,45,63,90,115,38,37,23,109,58,28" hai3="0,131,125,112,59,81,122,117,75,14,101,84,51"/><U47/><E34/><V128/><F109/><W73/><G0/><N who="0" m="107" /><D62/><U21/><E123/><V129/><F72/><W94/><G122/><T114/><D40/><U7/><E116/><V32/><F32/><W135/><G117/><T118/><D118/><U97/><E107/><V119/><F119/><W133/><G112/><T98/><D98/><U36/><E47/><V83/><F68/><W12/><G131/><N who="2" m="50249" /><F115/><W91/><G125/><T93/><D93/><U126/><REACH who="1" step="1"/><E65/><REACH who="1" ten="239,245,202,304" step="2"/><V67/><F67/><W77/><G133/><T50/><D134/><U18/><E18/><V113/><F113/><W85/><G135/><T42/><D16/><U76/><E76/><V49/><F28/><W19/><G19/><T82/><D17/><U5/><E5/><V4/><F4/><W25/><G25/><T80/><D31/><U106/><E106/><V100/><F23/><W24/><G24/><T87/><D20/><U41/><E41/><N who="2" m="24751" /><F100/><W108/><G101/><T33/><D29/><U86/><E86/><AGARI ba="0,1" hai="37,38,52,58,63,83,86,90" m="24751,50249" machi="86" ten="30,3900,0" yaku="19,1,52,1,54,1" doraHai="44" who="2" fromWho="1" sc="239,0,245,-39,202,49,304,0" /><INIT seed="6,0,0,4,4,49" ten="239,206,251,304" oya="2" hai0="108,19,12,32,88,51,123,122,111,89,96,74,13" hai1="27,120,101,31,33,77,67,0,109,48,21,6,87" hai2="50,76,60,55,105,54,102,61,129,126,66,73,93" hai3="128,91,110,72,20,46,131,100,130,44,118,10,95"/><V45/><F105/><W26/><G110/><T59/><D32/><U34/><E109/><V115/><F115/><W94/><G118/><T56/><D51/><U103/><E120/><V57/><F126/><W75/><G10/><T64/><D19/><U9/><E67/><V65/><F129/><W134/><G100/><T98/><REACH who="0" step="1"/><D64/><REACH who="0" ten="229,206,251,304" step="2"/><U16/><E34/><V71/><F66/><W84/><G128/><T14/><D14/><N who="1" m="9367" /><E48/><V40/><F65/><W58/><G130/><T28/><D28/><U35/><E35/><V18/><F18/><W81/><G131/><T90/><D90/><U53/><E53/><V69/><F55/><W3/><G91/><T30/><D30/><U41/><E41/><V116/><F54/><W78/><G26/><T127/><D127/><U24/><E24/><V11/><F50/><W114/><G114/><T36/><D36/><U97/><E103/><V2/><F102/><W29/><G29/><T92/><D92/><N who="1" m="58535" /><E77/><V99/><F93/><W68/><G94/><T121/><D121/><U39/><E39/><V117/><F76/><W22/><G95/><T119/><D119/><U82/><E82/><V15/><F117/><W23/><G81/><T125/><D125/><U106/><E106/><V4/><F116/><W38/><G38/><T79/><D79/><U133/><E133/><V70/><F70/><W17/><G68/><T85/><D85/><AGARI ba="0,1" hai="0,6,9,27,31,33,85,87" m="58535,9367" machi="85" ten="30,2000,0" yaku="24,1,54,1" doraHai="49" who="1" fromWho="0" sc="229,-20,206,30,251,0,304,0" /><INIT seed="7,0,0,4,3,10" ten="209,236,251,304" oya="3" hai0="72,109,53,11,127,119,24,31,82,111,113,99,37" hai1="3,66,63,106,28,6,128,95,4,123,51,90,78" hai2="45,80,25,87,1,108,18,62,129,54,38,94,68" hai3="9,89,103,79,22,134,126,74,49,130,88,96,86"/><W58/><G74/><T85/><D119/><U83/><E123/><V48/><F108/><W43/><G130/><T44/><D127/><U67/><E106/><V65/><F129/><W125/><G134/><T105/><D113/><U41/><E128/><V91/><F1/><W122/><G122/><T97/><D72/><U30/><E41/><V19/><F25/><W59/><G22/><T102/><D99/><N who="1" m="57847" /><E51/><V104/><F104/><W33/><G33/><T23/><D11/><U75/><E3/><V70/><F70/><W8/><G43/><T14/><D14/><U52/><E75/><V116/><F116/><W112/><G112/><T5/><D5/><N who="1" m="2155" /><E83/><V39/><F80/><N who="3" m="47391" /><G49/><T120/><D120/><U93/><E78/><V40/><F38/><W50/><G50/><T60/><D37/><U32/><E93/><V15/><F15/><W55/><G8/><T133/><D133/><U27/><E30/><V57/><AGARI ba="0,0" hai="18,19,39,40,45,48,54,57,62,65,68,87,91,94" machi="57" ten="20,5200,0" yaku="0,1,7,1,24,2" doraHai="10" who="2" fromWho="2" sc="209,-13,236,-13,251,52,304,-26" owari="196,-30.0,223,-18.0,303,40.0,278,8.0" /></mjloggm>