<mjloggm ver="2.3"><GO type="169" lobby="0"/><UN n0="%E5%8D%88%E5%89%8D%E9%9B%B6%E6%99%82" n1="%E6%9B%BF%E7%8E%89%E5%9B%BA%E9%BA%BA" n2="%E5%B0%B1%E6%B4%BB%E7%94%9F%40%E5%B7%9D%E6%9D%91%E8%BB%8D%E5%9B%A3" n3="%6B%69%79%6F%64%61%69" dan="16,16,16,18" rate="2052.12,2184.03,2116.58,2211.71" sx="M,M,M,M"/><TAIKYOKU oya="0"/><INIT seed="0,0,0,1,5,66" ten="250,250,250,250" oya="0" hai0="80,14,18,97,34,2,61,40,104,98,37,115,78" hai1="103,134,99,88,32,71,126,112,60,55,102,49,57" hai2="67,68,23,75,105,24,91,100,52,44,22,53,46" hai3="65,119,82,62,1,41,128,107,113,5,4,87,120"/><T94/><D2/><U63/><E32/><V33/><F75/><W90/><G107/><T50/><D37/><U64/><E126/><V69/><F91/><W28/><G113/><T30/><D104/><U86/><E134/><V13/><F67/><W108/><G119/><T129/><D115/><U79/><E112/><V116/><F105/><W48/><G108/><T45/><D129/><U84/><E79/><V132/><F33/><W6/><G28/><T118/><D118/><U42/><E99/><V8/><F116/><W54/><G41/><T76/><D76/><U83/><REACH who="1" step="1"/><E84/><REACH who="1" ten="250,240,250,250" step="2"/><V47/><F132/><W19/><G128/><T11/><D34/><U124/><E124/><V93/><F100/><W25/><G120/><T101/><D97/><U111/><E111/><V74/><F74/><W131/><G131/><T12/><D78/><U117/><E117/><V125/><F125/><W21/><G1/><T35/><D35/><U70/><E70/><V39/><F39/><W26/><G26/><T9/><D98/><U58/><E58/><V122/><F122/><W43/><G43/><T77/><D77/><U27/><E27/><V123/><F123/><W85/><G85/><T106/><D40/><U114/><E114/><V73/><F73/><W133/><G133/><T16/><D101/><U29/><E29/><V31/><F31/><W109/><G109/><T110/><D30/><U17/><E17/><V95/><F24/><W92/><G87/><T0/><D110/><U3/><E3/><V81/><F68/><W15/><G25/><T121/><D121/><U10/><E10/><RYUUKYOKU ba="0,1" sc="250,-10,240,30,250,-10,250,-10" hai1="42,49,55,57,60,63,64,71,83,86,88,102,103" /><INIT seed="1,1,1,4,5,109" ten="240,270,240,240" oya="1" hai0="107,69,3,52,133,93,58,116,74,126,68,35,61" hai1="64,50,30,33,59,88,51,111,99,62,18,28,27" hai2="73,101,39,132,128,70,127,104,65,77,125,48,14" hai3="91,113,112,16,119,108,121,42,37,106,38,110,13"/><U129/><E129/><V78/><F39/><N who="3" m="14859" /><G106/><T135/><D107/><U114/><E114/><V53/><F128/><W94/><G42/><T0/><D116/><U29/><E111/><N who="3" m="42538" /><G121/><T9/><D74/><U25/><E18/><V66/><F132/><N who="0" m="50762" /><D126/><N who="2" m="48138" /><F73/><W96/><G119/><T67/><D35/><U1/><E1/><N who="0" m="585" /><D9/><AGARI ba="1,1" hai="9,13,16,91,94,96,112,113" m="42538,14859" machi="9" ten="30,7700,0" yaku="14,1,52,2,54,1" doraHai="109" who="3" fromWho="0" sc="240,-80,270,0,240,0,240,90" /><INIT seed="2,0,0,2,0,9" ten="160,270,240,330" oya="2" hai0="115,14,69,2,1,12,77,33,93,34,134,125,15" hai1="99,127,79,87,81,49,61,65,120,16,10,21,55" hai2="128,47,48,30,63,56,72,83,133,23,110,60,26" hai3="66,107,86,122,0,118,90,73,57,113,131,38,94"/><V51/><F128/><W85/><G0/><N who="0" m="107" /><D69/><U76/><E127/><V52/><F133/><W80/><G38/><T6/><D77/><U100/><E120/><V71/><F110/><W17/><G73/><T106/><D93/><U112/><E10/><V11/><F11/><W35/><G107/><T7/><D106/><U103/><E112/><V105/><F105/><W27/><G118/><T28/><D115/><U3/><E3/><V64/><REACH who="2" step="1"/><F47/><REACH who="2" ten="160,270,230,330" step="2"/><W102/><G131/><T41/><D134/><U37/><E103/><V82/><F82/><W22/><G80/><T32/><D125/><U54/><E100/><V13/><F13/><W18/><G102/><T98/><D98/><U53/><E99/><V123/><F123/><W130/><G122/><T135/><D135/><U4/><E76/><AGARI ba="0,1" hai="23,26,30,48,51,52,56,60,63,64,71,72,76,83" machi="76" ten="40,3900,0" yaku="1,1,54,1,53,0" doraHai="9" doraHaiUra="126" who="2" fromWho="1" sc="160,0,270,-39,230,49,330,0" /><INIT seed="2,1,0,0,2,118" ten="160,231,279,330" oya="2" hai0="107,1,120,49,130,135,84,101,43,29,82,19,94" hai1="42,22,105,100,62,57,25,8,104,7,51,117,96" hai2="2,47,80,17,77,75,121,78,16,76,65,27,61" hai3="31,68,32,95,30,91,9,113,90,45,133,83,87"/><V53/><F2/><W54/><G68/><T124/><D107/><U71/><E117/><V129/><F129/><W38/><G32/><T24/><D1/><U85/><E71/><V81/><F121/><W0/><G133/><T111/><D130/><U55/><E85/><V26/><F47/><W128/><G128/><T34/><D135/><U41/><E51/><V67/><F53/><W70/><G70/><T97/><D111/><U110/><E105/><V12/><F61/><W108/><G108/><T11/><D124/><U112/><E112/><V3/><F3/><W20/><G113/><T127/><D127/><U21/><E21/><N who="2" m="13607" /><F27/><W46/><G46/><T123/><D43/><U116/><E116/><V73/><F73/><W64/><G64/><N who="2" m="24649" /><F75/><W132/><G38/><T86/><D49/><U52/><E55/><V122/><F122/><W114/><G54/><T79/><REACH who="0" step="1"/><D84/><REACH who="0" ten="150,231,279,330" step="2"/><U33/><E110/><V106/><F106/><W74/><G87/><T50/><D50/><U99/><E42/><V103/><F103/><W102/><G102/><T93/><D93/><U88/><E41/><V18/><F18/><W66/><G95/><T15/><AGARI ba="1,1" hai="11,15,19,24,29,34,79,82,86,94,97,101,120,123" machi="15" ten="30,7900,0" yaku="1,1,0,1,52,2,53,0" doraHai="118" doraHaiUra="48" who="0" fromWho="0" sc="150,92,231,-21,279,-40,330,-21" /><INIT seed="3,0,0,2,1,54" ten="242,210,239,309" oya="3" hai0="56,100,49,42,19,22,116,75,61,97,3,83,26" hai1="118,89,44,113,57,52,132,28,6,84,111,65,74" hai2="123,62,105,85,71,66,94,68,24,102,43,4,47" hai3="78,5,40,104,82,17,120,107,38,0,53,31,129"/><W36/><G36/><T25/><D3/><U29/><E74/><V9/><F123/><W90/><G90/><T88/><D116/><U16/><E113/><V48/><F105/><W11/><G17/><T30/><D75/><U115/><E115/><V1/><F24/><W133/><G120/><T39/><D39/><U23/><E6/><V27/><F27/><W46/><G31/><T70/><D70/><U119/><E111/><V131/><F131/><W81/><G81/><T59/><D61/><N who="1" m="38063" /><E132/><V12/><F1/><W108/><G129/><T20/><D42/><U134/><E134/><V8/><F9/><W58/><G108/><T10/><D10/><U79/><E79/><V106/><F106/><W69/><G69/><T41/><D41/><U32/><E32/><V34/><F34/><W121/><G121/><T50/><D83/><N who="1" m="49311" /><E119/><V21/><F21/><W110/><G110/><T124/><D124/><U98/><E98/><V55/><F71/><W93/><G93/><N who="0" m="56487" /><D100/><U125/><E125/><V135/><F135/><W72/><G133/><T67/><D67/><U128/><E128/><V18/><F4/><W112/><G112/><T63/><D63/><AGARI ba="0,0" hai="0,5,11,38,40,46,53,58,63,72,78,82,104,107" machi="63" ten="30,11600,0" yaku="7,1,25,2,52,1" doraHai="54" who="3" fromWho="0" sc="242,-116,210,0,239,0,309,116" /><INIT seed="3,1,0,0,1,20" ten="126,210,239,425" oya="3" hai0="117,116,61,75,104,130,53,15,131,33,129,87,34" hai1="36,39,22,70,115,8,25,7,18,127,27,74,95" hai2="35,121,113,58,119,84,13,55,96,73,0,10,52" hai3="49,82,38,72,14,120,98,114,21,9,48,66,1"/><W71/><G38/><T97/><D53/><U56/><E115/><V68/><F68/><W111/><G114/><T108/><D61/><U26/><E70/><V16/><F73/><W83/><G120/><T37/><D37/><U90/><E74/><V23/><F119/><N who="0" m="45642" /><D75/><U62/><E127/><V91/><F121/><W88/><G1/><T118/><N who="0" m="45650" /><T2/><DORA hai="126" /><D2/><U93/><E93/><V105/><F35/><N who="0" m="13322" /><D108/><U12/><E39/><V46/><F113/><W40/><G111/><T59/><D59/><U124/><E36/><V101/><F46/><W29/><G66/><T67/><D67/><N who="1" m="39367" /><E124/><V135/><F135/><W11/><G71/><T106/><D87/><AGARI ba="1,0" hai="7,8,12,18,22,25,26,27,87,90,95" m="39367" machi="87" ten="30,7700,0" yaku="8,1,52,3" doraHai="20,126" who="1" fromWho="0" sc="126,-80,210,80,239,0,425,0" /><INIT seed="4,0,0,2,0,1" ten="46,290,239,425" oya="0" hai0="125,26,42,86,92,28,135,71,63,89,54,120,23" hai1="65,22,5,62,117,10,7,50,44,53,48,91,98" hai2="74,107,132,73,39,36,24,110,46,9,122,55,58" hai3="69,40,15,100,33,101,123,124,13,118,35,95,17"/><T27/><D120/><U127/><E117/><V32/><F110/><W134/><G69/><T133/><D42/><U119/><E127/><V128/><F122/><W49/><G95/><T93/><D125/><U104/><E119/><V77/><F107/><W18/><G40/><T105/><D105/><U115/><E115/><V114/><F114/><W12/><G49/><T43/><D43/><U29/><E10/><V56/><F128/><W60/><G60/><T57/><D71/><U34/><E50/><V94/><F132/><W81/><G81/><T70/><D70/><N who="1" m="42295" /><E22/><V20/><F32/><W90/><G90/><T67/><D67/><U116/><E91/><V0/><F94/><W6/><G12/><T130/><D130/><U2/><E2/><V106/><F106/><W97/><G97/><T103/><REACH who="0" step="1"/><D26/><REACH who="0" ten="36,290,239,425" step="2"/><N who="1" m="18743" /><E116/><V4/><F36/><W80/><G118/><T16/><D16/><U68/><E68/><V14/><F39/><W31/><G124/><T19/><D19/><U109/><E109/><V72/><F24/><W25/><G25/><T61/><D61/><U85/><E104/><V131/><F131/><W111/><G18/><T108/><D108/><U83/><E48/><V121/><F121/><W113/><G17/><T8/><D8/><U78/><E53/><V87/><F55/><W45/><G123/><T84/><D84/><U52/><E98/><AGARI ba="0,1" hai="23,27,28,54,57,63,86,89,92,93,98,103,133,135" machi="98" ten="40,2000,0" yaku="1,1,53,0" doraHai="1" doraHaiUra="3" who="0" fromWho="1" sc="36,30,290,-20,239,0,425,0" /><INIT seed="4,1,0,1,4,48" ten="66,270,239,425" oya="0" hai0="80,115,55,45,77,42,16,65,41,4,110,95,40" hai1="84,133,14,112,120,108,63,130,92,89,17,24,67" hai2="114,10,102,33,52,99,20,121,37,87,59,46,79" hai3="88,51,132,93,83,61,36,21,13,64,34,105,103"/><T29/><D115/><U128/><E120/><V111/><F33/><W119/><G36/><T125/><D125/><U101/><E108/><V15/><F111/><W116/><G34/><T5/><D110/><U54/><E112/><V74/><F74/><W85/><G132/><T6/><D29/><U134/><E101/><V76/><F121/><W86/><G51/><N who="0" m="29167" /><D65/><U129/><E24/><V28/><F37/><W113/><G113/><T1/><D1/><U98/><E98/><V58/><F114/><W124/><G124/><T39/><D39/><U70/><REACH who="1" step="1"/><E54/><REACH who="1" ten="66,260,239,425" step="2"/><V100/><F99/><W90/><G103/><T25/><D95/><U22/><AGARI ba="1,1" hai="14,17,22,63,67,70,84,89,92,128,129,130,133,134" machi="22" ten="40,8000,1" yaku="1,1,2,1,0,1,19,1,53,1" doraHai="48" doraHaiUra="9" who="1" fromWho="1" sc="66,-41,260,93,239,-21,425,-21" /><INIT seed="5,0,0,1,3,10" ten="25,353,218,404" oya="1" hai0="31,93,71,124,70,53,34,0,36,52,80,78,123" hai1="83,105,112,94,101,111,12,98,45,107,88,11,114" hai2="48,129,95,40,24,113,4,16,32,64,74,75,13" hai3="118,110,44,109,89,9,59,84,28,97,66,35,87"/><U128/><E111/><V76/><F129/><W60/><G118/><T51/><D0/><U91/><E128/><V134/><F134/><W63/><G84/><T54/><D31/><U25/><E25/><V85/><F64/><W117/><G117/><T39/><D34/><U72/><E45/><V90/><F113/><N who="1" m="43625" /><E72/><V15/><F75/><W126/><G126/><T130/><D93/><U67/><E67/><V33/><F74/><W99/><G110/><T102/><D102/><U115/><N who="1" m="43633" /><U106/><DORA hai="96" /><E83/><N who="2" m="47335" /><F33/><W3/><G109/><T119/><D80/><U50/><E50/><V17/><F32/><W21/><G35/><T81/><D81/><U37/><E37/><N who="0" m="14409" /><D78/><U30/><E30/><V8/><F24/><W22/><G63/><T27/><D27/><U5/><AGARI ba="0,0" hai="5,11,12,88,91,94,98,101,105,106,107" m="43633" machi="5" ten="50,12000,1" yaku="15,1,52,2,54,1" doraHai="10,96" who="1" fromWho="1" sc="25,-40,353,120,218,-40,404,-40" owari="-15,-52.0,473,58.0,178,-22.0,364,16.0" /></mjloggm>