<mjloggm ver="2.3"><GO type="169" lobby="0"/><UN n0="%E3%81%AA%E3%81%AA%E3%81%BF%E3%82%93%E3%81%94" n1="%E3%83%88%E3%83%88%E3%83%AA%E5%85%88%E7%94%9F%31%39%E6%AD%B3" n2="%EF%BC%9D%E4%BC%8A%E8%97%A4%E3%81%8B%E3%81%AA%E6%81%B5%EF%BC%9D" n3="%E3%83%8F%E3%83%B3%E3%83%97%EF%BD%94" dan="16,18,16,16" rate="2076.04,2221.29,2077.10,2010.69" sx="M,F,F,M"/><TAIKYOKU oya="0"/><INIT seed="0,0,0,1,1,13" ten="250,250,250,250" oya="0" hai0="54,105,112,63,114,45,68,77,102,94,116,19,106" hai1="4,86,100,87,66,103,32,121,98,52,101,12,99" hai2="47,15,31,73,29,107,56,135,75,53,104,8,39" hai3="17,120,113,95,50,2,23,81,109,64,125,72,88"/><T134/><D116/><U108/><E121/><V42/><F135/><W33/><G120/><T38/><D134/><U80/><E32/><V44/><F44/><W18/><G113/><T62/><D77/><U55/><E108/><V89/><F104/><W24/><G109/><T11/><D94/><U117/><E117/><V97/><F75/><W22/><G33/><T76/><D76/><U3/><E3/><V41/><F41/><W129/><G2/><T130/><D130/><U74/><E74/><V85/><F73/><W65/><G129/><T111/><D111/><U69/><E66/><V37/><F37/><W48/><G125/><T131/><D131/><U51/><E69/><V16/><F97/><N who="3" m="57575" /><G81/><T61/><D68/><U46/><E55/><V127/><F107/><W57/><G72/><T20/><D11/><N who="1" m="4199" /><E87/><V71/><F71/><W91/><G91/><AGARI ba="0,0" hai="46,51,52,80,86,91,98,99,100,101,103" m="4199" machi="91" ten="30,2000,0" yaku="8,1,54,1" doraHai="13" who="1" fromWho="3" sc="250,0,250,20,250,0,250,-20" /><INIT seed="1,0,0,0,2,101" ten="250,270,250,230" oya="1" hai0="132,2,48,16,73,10,34,19,66,22,131,25,100" hai1="13,59,120,12,4,0,60,114,98,11,53,29,37" hai2="7,119,112,86,14,41,76,32,126,63,39,77,65" hai3="94,21,61,78,117,18,90,110,36,133,33,122,28"/><U42/><E114/><V17/><F119/><W115/><G122/><T92/><D73/><U135/><E120/><V107/><F112/><W91/><G115/><T97/><D131/><U5/><E135/><V43/><F32/><W15/><G117/><T111/><D111/><U104/><E29/><V1/><F126/><W124/><G110/><T118/><D118/><U20/><E20/><V68/><F107/><W106/><G133/><T23/><D34/><U128/><E128/><V127/><F127/><W96/><G124/><T130/><D130/><U88/><E5/><V54/><F39/><W89/><G36/><T105/><D132/><U123/><E123/><V58/><F1/><W103/><G78/><T93/><D66/><U95/><REACH who="1" step="1"/><E104/><REACH who="1" ten="250,260,250,230" step="2"/><V47/><F7/><W129/><G129/><T70/><D105/><U56/><E56/><V40/><F58/><W30/><G33/><T50/><D70/><U82/><E82/><V113/><F113/><W116/><G116/><T49/><D92/><U31/><E31/><N who="3" m="11818" /><G106/><T9/><REACH who="0" step="1"/><D2/><REACH who="0" ten="240,260,250,230" step="2"/><U81/><E81/><V125/><F125/><W71/><G71/><T46/><D46/><AGARI ba="0,2" hai="0,4,11,12,13,37,42,46,53,59,60,88,95,98" machi="46" ten="40,3900,0" yaku="1,1,54,1,53,0" doraHai="101" doraHaiUra="80" who="1" fromWho="0" sc="240,-39,260,59,250,0,230,0" /><INIT seed="1,1,0,0,2,57" ten="201,319,250,230" oya="1" hai0="74,107,89,38,121,53,35,19,104,101,103,21,133" hai1="34,49,22,116,134,15,108,64,90,88,63,18,112" hai2="96,67,110,13,124,132,3,25,65,41,37,68,6" hai3="122,117,28,83,113,93,97,99,58,84,0,17,55"/><U44/><E112/><V91/><F3/><W39/><G122/><T52/><D35/><U119/><E34/><V70/><F25/><W20/><G113/><T27/><D38/><U126/><E134/><V73/><F73/><W128/><G0/><T24/><D74/><U81/><E126/><V92/><F124/><W12/><G39/><T4/><D4/><U98/><E108/><V71/><F110/><W82/><G128/><T29/><D133/><U69/><E81/><V78/><F78/><W86/><G117/><T102/><D121/><U8/><E22/><V120/><F120/><W115/><G115/><T62/><D89/><U95/><REACH who="1" step="1"/><E90/><REACH who="1" ten="201,309,250,230" step="2"/><V56/><F132/><W131/><G131/><T1/><D107/><U42/><AGARI ba="1,1" hai="8,15,18,42,44,49,63,64,69,88,95,98,116,119" machi="42" ten="20,18000,2" yaku="1,1,2,1,0,1,7,1,52,1,54,1,53,1" doraHai="57" doraHaiUra="47" who="1" fromWho="1" sc="201,-61,309,193,250,-61,230,-61" /><INIT seed="1,2,0,0,3,61" ten="140,502,189,169" oya="1" hai0="129,62,44,7,57,109,1,31,115,120,45,72,100" hai1="36,15,22,51,132,46,30,26,90,64,114,18,86" hai2="60,97,81,130,41,112,77,52,67,25,96,11,16" hai3="107,108,75,47,71,65,110,98,113,101,40,59,5"/><U94/><E114/><V105/><F112/><W12/><G113/><T78/><D115/><RYUUKYOKU type="kaze4" ba="2,0" sc="140,0,502,0,189,0,169,0" /><INIT seed="1,3,0,0,2,62" ten="140,502,189,169" oya="1" hai0="69,40,126,11,10,130,97,33,98,43,27,125,6" hai1="127,121,45,35,16,3,0,119,28,92,36,123,8" hai2="17,59,88,112,132,18,117,103,42,108,29,104,26" hai3="111,95,67,44,80,105,1,120,2,30,41,54,75"/><U79/><E119/><V66/><F117/><W86/><G120/><T60/><D130/><U25/><E127/><V64/><F42/><W96/><G111/><T99/><D27/><U47/><E79/><V107/><F108/><W71/><G75/><T23/><D23/><U82/><E82/><V102/><F59/><W129/><G105/><T37/><D33/><U38/><E92/><V124/><F124/><N who="0" m="47722" /><D37/><U113/><E113/><V5/><F5/><W114/><G129/><T31/><D31/><U32/><E16/><N who="2" m="6251" /><F26/><W22/><G114/><T93/><D93/><U94/><E94/><V20/><F112/><W19/><G30/><T55/><D55/><U85/><E25/><N who="2" m="16551" /><F107/><W72/><G41/><N who="0" m="15947" /><D6/><U57/><E28/><V76/><F104/><W100/><G22/><T70/><D60/><U91/><E8/><AGARI ba="3,0" hai="8,10,11,69,70,97,98,99" m="15947,47722" machi="8" ten="40,5200,0" yaku="28,2,18,1" doraHai="62" who="0" fromWho="1" sc="140,61,502,-61,189,0,169,0" /><INIT seed="2,0,0,1,0,132" ten="201,441,189,169" oya="2" hai0="133,98,109,121,37,119,99,108,85,2,40,18,106" hai1="107,92,135,52,64,25,59,67,97,34,39,30,7" hai2="10,79,16,69,84,19,66,21,103,6,80,49,58" hai3="48,55,4,74,1,87,24,86,90,78,32,105,23"/><V63/><F103/><W125/><G105/><T126/><D2/><U94/><E39/><V91/><F21/><W134/><G32/><T116/><D37/><U57/><E135/><V118/><F118/><N who="0" m="45098" /><D40/><U81/><E7/><V72/><F69/><W129/><G134/><T89/><D18/><U131/><E131/><V102/><F102/><W128/><G74/><T113/><D133/><U36/><E36/><V95/><REACH who="2" step="1"/><F49/><REACH who="2" ten="201,441,179,169" step="2"/><W26/><G48/><T61/><D113/><U71/><E71/><V77/><F77/><W42/><G23/><T83/><D121/><U20/><E20/><V75/><F75/><W114/><G114/><T53/><D106/><U50/><E107/><V31/><F31/><W73/><G73/><T35/><D35/><U14/><E34/><V101/><F101/><W12/><G78/><T5/><D89/><U117/><E30/><V45/><F45/><W82/><G90/><T76/><D76/><U44/><E44/><V68/><F68/><W56/><G129/><T3/><D108/><U47/><E47/><V110/><F110/><W120/><G128/><T65/><D109/><U11/><E50/><V93/><F93/><W122/><G122/><T123/><D123/><U0/><E94/><V41/><F41/><W130/><G42/><T28/><D28/><U104/><E92/><V127/><F127/><W115/><G125/><T112/><D112/><U62/><E117/><V51/><F51/><W27/><G115/><T96/><D83/><U43/><E81/><V33/><F33/><W15/><G120/><T9/><D126/><U8/><E43/><RYUUKYOKU ba="0,1" sc="201,-10,441,-10,179,30,169,-10" hai2="6,10,16,19,58,63,66,72,79,80,84,91,95" /><INIT seed="2,1,1,0,5,18" ten="191,431,209,159" oya="2" hai0="67,46,33,56,82,1,107,100,20,111,84,74,65" hai1="89,28,27,43,119,0,39,48,52,69,98,24,15" hai2="122,99,58,109,95,50,113,126,45,108,116,87,102" hai3="53,40,21,85,83,16,31,133,13,38,81,5,131"/><V61/><F113/><W47/><G131/><T22/><D33/><U12/><E119/><V94/><F116/><W62/><G133/><T132/><D1/><U7/><E69/><V79/><F122/><W60/><G31/><T71/><D71/><U103/><E89/><V51/><F126/><W29/><G29/><T36/><D74/><U17/><E27/><V49/><F45/><W117/><G117/><T35/><D35/><U97/><E39/><V64/><REACH who="2" step="1"/><F95/><REACH who="2" ten="191,431,199,159" step="2"/><W66/><G5/><T120/><D120/><U19/><E7/><V129/><F129/><W101/><G101/><T4/><D46/><U57/><E103/><V68/><F68/><W37/><G37/><T73/><D4/><U135/><E135/><V9/><F9/><W118/><G118/><T130/><D36/><U63/><E57/><V6/><F6/><W2/><G2/><T32/><D56/><U127/><E0/><V3/><F3/><W10/><G10/><T30/><D132/><U93/><E127/><V91/><F91/><W114/><G114/><T112/><D112/><U54/><E93/><V96/><F96/><W41/><G38/><T55/><D130/><U106/><E97/><V128/><F128/><W105/><G47/><T34/><D100/><U92/><E98/><V77/><F77/><W25/><G105/><T88/><D88/><U72/><E106/><V124/><F124/><W44/><G44/><T134/><D107/><U86/><E92/><V11/><F11/><W125/><G125/><T14/><D134/><U42/><E43/><V59/><F59/><W70/><G41/><RYUUKYOKU ba="1,2" sc="191,-10,431,-10,199,30,159,-10" hai2="49,50,51,58,61,64,79,87,94,99,102,108,109" /><INIT seed="2,2,2,0,0,43" ten="181,421,229,149" oya="2" hai0="21,101,79,51,22,111,95,81,7,57,86,61,108" hai1="39,25,12,28,71,135,69,114,46,109,13,27,67" hai2="94,15,129,24,49,66,3,31,8,29,80,5,110" hai3="77,99,53,105,106,125,97,83,20,17,40,64,90"/><V84/><F129/><W0/><G0/><T128/><D128/><U36/><E114/><V120/><F120/><W104/><G125/><T33/><D33/><U41/><E109/><N who="0" m="42057" /><D7/><U92/><E135/><V38/><F38/><W26/><G64/><N who="0" m="38959" /><D51/><U59/><E36/><V37/><F37/><W122/><G122/><T70/><D70/><U44/><E59/><V123/><F123/><W116/><G116/><T102/><D95/><U1/><E1/><V6/><F110/><W100/><G40/><T48/><D48/><U98/><E44/><V9/><F66/><W117/><G117/><T2/><D2/><U30/><E67/><V91/><F24/><W133/><G133/><T113/><D113/><U88/><E69/><V87/><REACH who="2" step="1"/><F49/><REACH who="2" ten="181,421,219,149" step="2"/><W131/><G131/><T32/><D32/><U62/><E71/><V74/><F74/><W11/><G26/><T130/><D130/><U16/><E28/><V93/><F93/><W68/><G106/><T121/><D121/><U134/><E134/><V132/><F132/><W85/><G105/><T54/><D54/><U107/><E107/><V18/><F18/><W45/><G53/><T119/><D119/><U42/><E42/><V10/><F10/><W96/><G11/><T47/><D47/><U78/><E30/><V73/><F73/><W23/><G45/><T56/><D56/><U14/><E25/><V4/><F4/><W34/><G68/><T126/><D126/><U127/><E27/><V112/><F112/><W89/><G34/><T60/><D60/><U124/><E62/><V82/><F82/><W76/><G104/><RYUUKYOKU ba="2,3" sc="181,15,421,-15,219,15,149,-15" hai0="21,22,79,81,86,101,102" hai2="3,5,6,8,9,15,29,31,80,84,87,91,94" /><INIT seed="2,3,3,1,5,11" ten="196,406,234,134" oya="2" hai0="55,60,118,24,41,75,40,51,92,61,89,113,56" hai1="33,6,101,134,27,100,47,84,116,112,16,128,48" hai2="42,3,94,44,66,115,74,17,73,78,5,34,52" hai3="91,122,119,49,63,15,110,46,31,125,99,36,77"/><V96/><F115/><W18/><G122/><T130/><D75/><U98/><E116/><V106/><F106/><W21/><G119/><T102/><D113/><U14/><E112/><V32/><F66/><W4/><G36/><T107/><D107/><U87/><E128/><V97/><F73/><W76/><G125/><T131/><D102/><U93/><E134/><V133/><F133/><W38/><G38/><T121/><D121/><U80/><E6/><V132/><F132/><W85/><G110/><T82/><D82/><U28/><E100/><V124/><F52/><N who="3" m="29751" /><G99/><N who="0" m="57743" /><D118/><U22/><E80/><N who="2" m="45143" /><F17/><W81/><G4/><T105/><D105/><U2/><E2/><V90/><F97/><W12/><G31/><T7/><D7/><U83/><E83/><V59/><F59/><W0/><G0/><T26/><D130/><U95/><E95/><V104/><F124/><W39/><G39/><T53/><D131/><U65/><E65/><V126/><F104/><W127/><G127/><T64/><D64/><U71/><E71/><V54/><F126/><W50/><G63/><N who="0" m="24139" /><D55/><AGARI ba="3,3" hai="14,16,22,27,28,33,47,48,55,84,87,93,98,101" machi="55" ten="30,3900,0" yaku="7,1,52,1,54,1" doraHai="11" who="1" fromWho="0" sc="196,-48,406,78,234,0,134,0" /><INIT seed="3,0,0,3,2,75" ten="148,484,234,134" oya="3" hai0="110,111,102,32,95,31,4,112,131,8,114,64,83" hai1="2,20,58,123,60,1,130,122,92,21,48,98,77" hai2="57,9,28,25,104,96,26,93,125,65,17,116,42" hai3="70,124,7,12,106,94,11,72,13,81,100,74,69"/><W40/><G106/><T43/><D43/><U39/><E39/><V38/><F116/><W129/><G124/><T128/><D64/><U78/><E130/><N who="0" m="49705" /><D95/><U44/><E2/><V89/><F125/><W33/><G129/><T27/><D102/><N who="1" m="60743" /><E1/><V134/><F134/><W121/><G121/><T63/><D63/><U107/><E107/><V73/><F73/><W50/><G74/><T55/><D55/><N who="1" m="30087" /><E123/><V30/><F42/><W67/><G67/><T29/><D83/><U18/><E122/><V101/><F38/><W56/><G100/><T135/><D31/><N who="2" m="11818" /><F104/><W36/><G36/><T115/><D135/><U132/><E20/><V53/><F65/><W127/><G127/><T47/><D47/><U19/><E132/><V71/><F71/><W49/><G70/><T87/><D87/><U82/><E82/><V118/><F101/><W62/><G69/><T66/><D66/><N who="1" m="39191" /><E19/><V133/><F133/><W108/><G81/><T22/><D32/><U46/><E46/><V91/><F57/><W86/><G33/><T52/><D52/><U41/><E41/><V88/><F53/><N who="3" m="34063" /><G72/><T80/><D80/><U90/><E90/><V105/><F105/><W15/><G40/><T85/><D85/><U37/><E37/><V120/><F120/><W103/><G103/><T59/><D59/><U5/><E5/><V6/><F6/><W68/><G68/><T76/><D76/><U45/><E45/><V117/><F91/><W0/><G86/><T10/><D4/><U34/><E34/><V24/><F89/><W79/><G79/><T99/><D99/><U97/><E97/><RYUUKYOKU ba="0,0" sc="148,10,484,10,234,10,134,-30" hai0="8,10,22,27,29,110,111,112,114,115" hai1="18,21,77,78" hai2="9,17,24,25,26,88,93,96,117,118" /><INIT seed="4,1,0,3,0,37" ten="158,494,244,104" oya="0" hai0="82,43,28,51,127,13,65,98,80,31,94,19,63" hai1="58,91,79,100,93,32,3,132,12,45,77,97,50" hai2="7,106,75,62,81,114,74,0,104,92,42,72,5" hai3="47,69,52,67,131,10,33,68,26,120,41,8,70"/><T123/><D123/><U129/><E3/><V90/><F114/><W103/><G131/><T86/><D127/><U85/><E32/><V124/><F124/><W21/><G120/><T25/><D51/><U116/><E116/><V64/><F81/><W22/><G33/><T122/><D43/><N who="1" m="24895" /><E132/><V60/><F42/><W61/><G103/><T15/><D122/><U9/><E58/><V112/><F112/><W17/><G22/><T119/><D119/><U34/><E34/><V109/><F109/><W134/><G134/><T48/><D48/><U59/><E59/><V11/><F5/><W117/><G117/><T20/><D15/><U128/><E128/><V88/><F90/><W99/><G99/><T39/><D39/><U49/><E49/><V38/><F38/><W35/><G35/><T83/><D86/><U2/><E2/><V126/><F126/><W89/><G89/><T115/><D115/><U133/><E133/><V95/><F95/><W101/><G101/><T30/><D63/><U78/><E129/><V84/><REACH who="2" step="1"/><F62/><REACH who="2" ten="158,494,234,104" step="2"/><W29/><G41/><T55/><D55/><U118/><E118/><V87/><F87/><W4/><G47/><T1/><D65/><U56/><E85/><V27/><F27/><W130/><G130/><T102/><REACH who="0" step="1"/><D1/><REACH who="0" ten="148,494,234,104" step="2"/><U71/><E12/><V135/><F135/><W66/><G52/><T110/><D110/><U16/><E77/><V46/><F46/><W44/><G44/><T125/><D125/><U36/><E78/><V105/><F105/><W54/><G54/><T107/><D107/><N who="1" m="63887" /><E79/><V76/><F76/><W14/><G61/><RYUUKYOKU ba="1,2" sc="148,10,494,-30,234,10,104,10" hai0="13,19,20,25,28,30,31,80,82,83,94,98,102" hai2="0,7,11,60,64,72,74,75,84,88,92,104,106" hai3="4,8,10,14,17,21,26,29,66,67,68,69,70" /><INIT seed="4,2,2,4,2,80" ten="158,464,244,114" oya="0" hai0="91,95,61,24,16,89,79,11,82,42,121,68,7" hai1="102,21,131,52,75,73,34,60,135,115,70,57,90" hai2="129,110,55,17,71,5,14,56,74,108,25,20,104" hai3="59,49,120,114,33,3,41,127,66,46,39,118,47"/><T97/><D121/><U123/><E123/><V99/><F71/><W112/><G120/><T122/><D42/><U113/><E34/><V85/><F74/><W38/><G33/><T111/><D122/><U6/><E131/><V86/><F129/><W64/><G3/><T76/><D111/><U117/><E117/><V37/><F37/><W54/><G118/><T69/><D61/><U58/><E70/><V4/><F108/><W81/><G127/><T40/><D40/><U31/><E135/><V30/><F110/><W116/><G81/><T106/><D106/><U119/><E119/><V51/><F99/><W10/><G10/><T84/><D68/><U45/><E6/><N who="2" m="2667" /><F104/><W9/><G9/><AGARI ba="2,2" hai="9,14,17,20,25,30,51,55,56,85,86" m="2667" machi="9" ten="30,3900,0" yaku="8,1,52,2" doraHai="80" who="2" fromWho="3" sc="158,0,464,0,244,65,114,-45" /><INIT seed="5,0,0,2,5,38" ten="158,464,309,69" oya="1" hai0="121,22,86,133,8,131,21,93,103,99,17,62,76" hai1="28,117,26,51,96,79,9,19,42,46,14,45,81" hai2="25,41,104,102,89,30,111,13,128,123,40,7,66" hai3="82,85,58,94,50,129,113,67,37,83,16,100,95"/><U56/><E117/><V32/><F123/><W126/><G37/><T88/><D131/><U64/><E96/><V5/><F111/><W6/><G129/><T52/><D133/><U109/><E109/><V65/><F128/><W53/><G126/><T73/><D121/><U78/><E46/><V118/><F118/><W4/><G113/><T57/><D8/><U130/><E130/><V106/><F89/><W15/><G67/><T20/><D73/><U72/><E78/><V27/><F13/><W69/><G69/><T114/><D114/><U116/><E116/><V36/><F36/><W68/><G68/><T107/><REACH who="0" step="1"/><D76/><REACH who="0" ten="148,464,309,69" step="2"/><U59/><REACH who="1" step="1"/><E64/><REACH who="1" ten="148,454,309,69" step="2"/><V77/><F77/><N who="3" m="46287" /><G100/><T119/><D119/><U1/><E1/><V134/><F102/><W23/><G83/><T0/><D0/><U135/><E135/><V97/><F134/><W44/><G44/><T120/><D120/><U91/><E91/><V49/><F66/><W10/><G4/><T92/><D92/><U132/><E132/><V105/><F65/><W47/><G47/><T61/><D61/><U34/><AGARI ba="0,2" hai="9,14,19,26,28,34,42,45,51,56,59,72,79,81" machi="34" ten="20,7800,0" yaku="1,1,0,1,7,1,52,1,53,0" doraHai="38" doraHaiUra="35" who="1" fromWho="1" sc="148,-26,454,98,309,-26,69,-26" /><INIT seed="5,1,0,1,4,29" ten="122,552,283,43" oya="1" hai0="66,25,112,12,93,130,53,8,35,19,1,76,109" hai1="5,97,125,69,15,57,123,126,7,61,78,0,85" hai2="4,101,106,13,88,44,62,95,59,49,11,100,38" hai3="43,27,36,129,84,86,77,16,128,56,134,110,113"/><U91/><E123/><V55/><F38/><W117/><G110/><T9/><D109/><U96/><E69/><V24/><F24/><W119/><G113/><T2/><D112/><U122/><E122/><V39/><F39/><W83/><G134/><T116/><D116/><N who="3" m="44617" /><G56/><T48/><D130/><N who="3" m="50281" /><G36/><T67/><D76/><U124/><E78/><V33/><F33/><W40/><G84/><T52/><D93/><N who="1" m="54511" /><E15/><V90/><F106/><W3/><G3/><T108/><D108/><U127/><E127/><V120/><F120/><W103/><G103/><N who="2" m="39497" /><F95/><W17/><G27/><T79/><D1/><U26/><E26/><V58/><F58/><W41/><AGARI ba="1,0" hai="16,17,40,41,43,77,83,86" m="50281,44617" machi="41" ten="40,5200,0" yaku="12,1,19,1,54,1" doraHai="29" who="3" fromWho="3" sc="122,-14,552,-27,283,-14,43,55" /><INIT seed="6,0,0,5,4,61" ten="108,525,269,98" oya="2" hai0="39,86,23,42,111,30,31,59,19,134,131,93,15" hai1="28,25,35,22,14,80,48,18,135,6,72,76,70" hai2="84,37,97,73,107,52,51,54,104,68,60,41,96" hai3="20,11,85,92,53,103,46,117,33,110,119,114,1"/><V58/><F73/><W62/><G33/><T124/><D111/><U78/><E135/><V4/><F4/><W95/><G110/><T122/><D122/><U91/><E70/><V0/><F0/><W26/><G114/><T36/><D131/><U89/><E76/><V101/><F84/><W115/><G115/><T69/><D69/><U16/><E6/><V44/><F97/><W133/><G133/><T56/><D124/><U57/><E57/><N who="0" m="22089" /><D36/><U47/><E18/><V2/><F2/><W55/><G1/><T81/><D39/><U125/><E125/><V21/><F54/><AGARI ba="0,0" hai="14,16,22,25,28,35,47,48,54,72,78,80,89,91" machi="54" ten="30,2000,0" yaku="7,1,54,1" doraHai="61" who="1" fromWho="2" sc="108,0,525,20,269,-20,98,0" /><INIT seed="7,0,0,3,5,88" ten="108,545,249,98" oya="3" hai0="44,132,56,28,20,123,27,97,32,109,94,19,37" hai1="75,92,91,110,119,52,96,42,46,86,117,11,102" hai2="134,114,101,121,50,115,128,9,47,8,29,85,43" hai3="67,35,1,22,105,60,51,98,74,120,17,129,80"/><W89/><G120/><T10/><D109/><U18/><E110/><V53/><F121/><W41/><G35/><T48/><D37/><U25/><E75/><V45/><F134/><W107/><G1/><T68/><D68/><U84/><E52/><V0/><F128/><W40/><G129/><T112/><D112/><N who="2" m="43050" /><F0/><W58/><G74/><T81/><D56/><U93/><E84/><V104/><F29/><W34/><G34/><T16/><D32/><U57/><E57/><V7/><F7/><W39/><G39/><T126/><D126/><U133/><E133/><V71/><F71/><W127/><G127/><T33/><D33/><U63/><E63/><V5/><F5/><W66/><G66/><T111/><D111/><U30/><E30/><V135/><F135/><W72/><G72/><T24/><D132/><U61/><E61/><V76/><F101/><W131/><G131/><T38/><D28/><U106/><E106/><V23/><F104/><N who="3" m="40011" /><G51/><T70/><D38/><U21/><E11/><V78/><F23/><W82/><G98/><T26/><D20/><U54/><E54/><V36/><F85/><N who="3" m="50343" /><G82/><T79/><D123/><U69/><E69/><V3/><F3/><W99/><G99/><T95/><D70/><U62/><E62/><V14/><F14/><W100/><G100/><T4/><D97/><U122/><E122/><V113/><F113/><W31/><G31/><T77/><D4/><U90/><E90/><V83/><F83/><W87/><G87/><N who="0" m="48559" /><D10/><AGARI ba="0,0" hai="8,9,10,36,43,45,47,50,53,76,78" m="43050" machi="10" ten="30,1000,0" yaku="15,1" doraHai="88" who="2" fromWho="0" sc="108,-10,545,0,249,10,98,0" owari="98,-30.0,545,64.0,259,6.0,98,-40.0" /></mjloggm>