<mjloggm ver="2.3"><GO type="41" lobby="0"/><UN n0="%4D%4F%70%6F%70%6F" n1="%E5%B0%B1%E6%B4%BB%E7%94%9F%40%E5%B7%9D%E6%9D%91%E8%BB%8D%E5%9B%A3" n2="%63%68%69%73%65%2E" n3="%E3%81%AA%E3%81%86%E3%82%8D%E3%81%86" dan="13,16,14,15" rate="1835.42,2182.23,1939.85,2000.60" sx="F,M,M,M"/><TAIKYOKU oya="0"/><BYE who="0" /><INIT seed="0,0,0,5,0,74" ten="250,250,250,250" oya="0" hai0="69,12,129,131,89,133,120,8,36,27,106,122,107" hai1="128,81,44,93,110,103,52,84,126,127,18,22,102" hai2="45,94,75,96,121,79,5,86,115,43,40,114,119" hai3="55,135,111,1,25,60,105,101,108,16,90,0,72"/><T32/><D32/><U6/><E6/><V68/><F68/><W11/><G72/><T64/><D64/><U59/><E128/><V61/><F121/><W4/><G90/><T9/><D9/><U17/><E110/><N who="3" m="42026" /><G135/><T26/><D26/><U15/><E44/><V29/><F119/><W113/><G113/><T123/><D123/><U132/><E132/><V63/><F75/><W49/><G60/><N who="2" m="23113" /><F114/><W100/><G105/><T85/><D85/><U71/><E71/><V95/><F115/><W10/><G1/><T125/><D125/><N who="1" m="47627" /><E18/><V65/><F65/><W37/><G37/><T98/><D98/><U83/><E93/><N who="2" m="35339" /><F5/><UN n0="%4D%4F%70%6F%70%6F" /><W33/><G33/><T66/><D36/><U20/><E20/><V21/><F45/><N who="3" m="28079" /><G11/><T14/><D66/><U30/><E30/><V97/><F21/><AGARI ba="0,0" hai="0,4,10,16,21,25,100,101" m="28079,42026" machi="21" ten="30,2000,0" yaku="14,1,54,1" doraHai="74" who="3" fromWho="2" sc="250,0,250,0,250,-20,250,20" /><INIT seed="1,0,0,4,1,103" ten="250,250,230,270" oya="1" hai0="63,48,25,44,19,50,41,12,43,11,116,124,83" hai1="55,56,1,8,74,121,76,78,70,117,88,60,14" hai2="101,119,46,2,42,3,66,89,65,126,129,114,97" hai3="113,104,47,133,127,5,130,26,34,52,58,6,77"/><U72/><E121/><V53/><F119/><W102/><G113/><T39/><D116/><U17/><E117/><V32/><F32/><W110/><G77/><T10/><D124/><U22/><E70/><V91/><F114/><W108/><G47/><T4/><D63/><U67/><E67/><V29/><F129/><W115/><G127/><T0/><D25/><U135/><E135/><V123/><F123/><W64/><G64/><T112/><D112/><U98/><E74/><V120/><F120/><W71/><G71/><T18/><D18/><U81/><E76/><V125/><F42/><W45/><G45/><T106/><D106/><U82/><E1/><V7/><F7/><W21/><G34/><T87/><REACH who="0" step="1"/><D43/><REACH who="0" ten="240,250,230,270" step="2"/><U105/><E105/><V99/><F29/><W134/><G115/><T131/><D131/><U23/><REACH who="1" step="1"/><E82/><REACH who="1" ten="240,240,230,270" step="2"/><V27/><F126/><W92/><G104/><T94/><D94/><AGARI ba="0,2" hai="8,14,17,22,23,55,56,60,72,78,81,88,94,98" machi="94" ten="40,12000,1" yaku="1,1,2,1,54,1,53,1" doraHai="103" doraHaiUra="13" who="1" fromWho="0" sc="240,-120,240,140,230,0,270,0" /><INIT seed="1,1,0,3,3,61" ten="120,380,230,270" oya="1" hai0="57,9,1,19,35,37,118,10,50,95,30,83,134" hai1="56,6,74,114,63,111,91,44,106,3,59,99,97" hai2="54,87,98,69,109,23,26,47,103,40,62,43,78" hai3="120,32,126,117,105,93,85,79,53,25,124,45,8"/><U51/><E74/><V17/><F109/><W70/><G70/><T42/><D118/><U41/><E114/><V29/><F78/><W81/><G105/><T131/><D131/><U116/><E116/><V18/><F87/><W4/><G120/><T11/><D1/><U100/><E111/><V7/><F7/><W104/><G104/><T71/><D71/><U132/><E132/><V21/><F29/><W96/><G117/><T28/><D134/><U65/><E6/><V102/><F69/><W94/><G32/><T2/><D2/><U135/><E3/><V66/><F62/><W46/><G25/><T108/><D35/><U76/><E76/><V39/><F39/><W58/><G94/><T112/><D108/><U12/><E12/><V55/><F98/><W80/><G80/><T125/><D112/><U77/><E77/><V67/><F47/><W72/><G72/><T122/><D37/><U89/><E135/><V88/><F26/><W31/><G31/><T129/><D122/><U133/><E133/><V82/><F82/><W36/><G4/><T73/><D125/><U84/><E99/><V20/><F20/><W64/><G8/><T130/><D73/><U90/><REACH who="1" step="1"/><E59/><REACH who="1" ten="120,370,230,270" step="2"/><V121/><F121/><W75/><G58/><T119/><D129/><U115/><E115/><V49/><F49/><W113/><G75/><T60/><D130/><U16/><E16/><V24/><F24/><W27/><G113/><T128/><D128/><U68/><E68/><V52/><F54/><W123/><G27/><T13/><D119/><U107/><E107/><V0/><F0/><RYUUKYOKU type="nm" ba="1,1" sc="120,80,370,-40,230,-20,270,-20" hai1="41,44,51,56,63,65,84,89,90,91,97,100,106" hai2="17,18,21,23,40,43,52,55,66,67,88,102,103" /><INIT seed="1,2,1,1,5,119" ten="200,330,210,250" oya="1" hai0="132,103,86,122,10,80,53,82,9,38,43,89,8" hai1="99,91,3,26,111,36,33,27,1,110,72,55,44" hai2="87,32,13,100,5,59,134,109,12,90,130,81,25" hai3="126,29,112,48,73,117,85,65,118,11,41,107,4"/><U70/><E72/><V83/><F134/><W54/><G107/><T133/><D38/><U69/><E99/><V20/><F130/><W115/><G65/><T78/><D43/><N who="1" m="22631" /><E91/><V93/><F109/><N who="1" m="41481" /><E55/><V50/><F32/><W116/><G29/><T113/><D113/><U7/><E7/><V19/><F100/><W56/><G73/><T77/><D122/><U14/><E14/><V75/><F75/><W42/><G85/><T57/><D103/><U47/><E47/><V127/><F127/><W123/><G126/><T125/><D125/><U128/><E128/><V39/><F39/><W28/><G28/><T105/><D105/><U30/><E27/><V104/><F104/><W124/><G124/><T45/><D45/><U101/><E101/><V0/><F0/><AGARI ba="2,1" hai="0,1,3,26,30,33,69,70" m="41481,22631" machi="0" ten="30,5800,0" yaku="14,1,10,1,23,1" doraHai="119" who="1" fromWho="2" sc="200,0,330,74,210,-64,250,0" /><INIT seed="1,3,0,5,3,85" ten="200,404,146,250" oya="1" hai0="9,108,68,105,92,110,26,30,72,8,99,101,104" hai1="69,33,60,88,119,22,97,11,13,0,95,34,65" hai2="52,66,106,81,46,41,14,115,67,55,42,29,10" hai3="1,134,118,102,117,78,43,3,124,59,109,40,77"/><U19/><REACH who="1" step="1"/><E119/><REACH who="1" ten="200,394,146,250" step="2"/><V20/><F115/><W63/><G117/><T87/><D68/><U5/><AGARI ba="3,1" hai="0,5,11,13,19,22,33,34,60,65,69,88,95,97" machi="5" ten="30,18000,2" yaku="21,2,2,1,0,1,52,1,54,1,53,0" doraHai="85" doraHaiUra="76" who="1" fromWho="1" sc="200,-63,394,199,146,-63,250,-63" /><INIT seed="1,4,0,5,2,4" ten="137,593,83,187" oya="1" hai0="102,82,1,47,58,14,110,41,96,120,65,121,72" hai1="76,66,62,127,125,7,70,50,29,20,12,101,74" hai2="35,64,56,30,92,94,115,27,49,124,99,93,106" hai3="2,16,100,88,45,33,6,28,52,53,36,32,122"/><U103/><E74/><V85/><F124/><N who="1" m="47689" /><E76/><V21/><F115/><W83/><G100/><N who="1" m="38474" /><E50/><V57/><F106/><W22/><G6/><T48/><D1/><U131/><E131/><V24/><F99/><W132/><G2/><T109/><D72/><U126/><E126/><V114/><F114/><W11/><G122/><N who="0" m="47211" /><D82/><U86/><E86/><V38/><F38/><W133/><G36/><T31/><D31/><U79/><E79/><V40/><F35/><N who="3" m="13387" /><G45/><T87/><D14/><U5/><E12/><V54/><F27/><AGARI ba="4,0" hai="5,7,20,27,29,62,66,70" m="38474,47689" machi="27" ten="30,1500,0" yaku="18,1" doraHai="4" who="1" fromWho="2" sc="137,0,593,27,83,-27,187,0" /><INIT seed="1,5,0,5,0,34" ten="137,620,56,187" oya="1" hai0="51,123,58,63,131,28,21,78,7,77,90,57,111" hai1="27,2,108,48,133,122,25,24,68,71,101,8,50" hai2="109,19,134,69,112,87,55,100,84,15,30,5,44" hai3="17,13,75,22,70,99,85,116,125,9,93,120,103"/><U102/><E122/><V73/><F73/><W18/><G70/><T113/><D123/><U47/><E133/><V65/><F134/><W119/><G75/><T130/><D113/><U66/><E108/><V61/><F112/><W14/><G125/><T115/><D115/><U127/><E127/><V23/><F109/><W16/><G120/><T40/><D111/><U41/><E50/><V91/><F100/><W62/><G62/><T46/><D7/><U72/><E72/><V39/><F84/><W106/><G85/><T118/><D118/><U124/><E124/><V6/><F30/><W96/><G18/><T86/><D58/><U12/><E2/><V92/><REACH who="2" step="1"/><F55/><REACH who="2" ten="137,620,46,187" step="2"/><W36/><G119/><T20/><D130/><U3/><E101/><V1/><F1/><W80/><G116/><T89/><D131/><U43/><E3/><V126/><F126/><W4/><G103/><T97/><D28/><U81/><E102/><V64/><F64/><W117/><G117/><T82/><D78/><U128/><E128/><V37/><F37/><W42/><G36/><T129/><D129/><U121/><E121/><V114/><F114/><W53/><G53/><N who="0" m="34223" /><D97/><U33/><E66/><V76/><F76/><W104/><G99/><T38/><D38/><U29/><E29/><V54/><F54/><W135/><G96/><T79/><D79/><U52/><E33/><V132/><F132/><W67/><G67/><T98/><D98/><U110/><E110/><V105/><F105/><W83/><G106/><T35/><D35/><U107/><E107/><V10/><F10/><N who="3" m="4295" /><G104/><T60/><D77/><RYUUKYOKU ba="5,1" sc="137,-10,620,-10,46,30,187,-10" hai2="5,6,15,19,23,39,44,61,65,69,87,91,92" /><INIT seed="2,6,1,1,4,41" ten="127,610,76,177" oya="2" hai0="32,36,34,29,35,71,125,107,78,21,52,100,93" hai1="16,117,83,15,48,44,120,14,102,97,101,62,53" hai2="91,90,0,13,23,70,75,50,38,5,130,129,122" hai3="105,56,131,77,112,58,4,42,127,1,26,99,24"/><V54/><F70/><W67/><G77/><T123/><D123/><U66/><E117/><V19/><F122/><W95/><G105/><T25/><D71/><U133/><E133/><V28/><F75/><W119/><G131/><N who="2" m="50185" /><F38/><W88/><G119/><T124/><D36/><U81/><E120/><V43/><F43/><W115/><G127/><N who="0" m="48715" /><D78/><U74/><E74/><V126/><F126/><W86/><G42/><T118/><D118/><U85/><E15/><V89/><F28/><W11/><G58/><T37/><D37/><U65/><E83/><V10/><F90/><W109/><G109/><T79/><D79/><N who="1" m="46271" /><E62/><V80/><F80/><W106/><G56/><AGARI ba="6,1" hai="0,5,10,13,19,23,50,54,56,89,91" m="50185" machi="56" ten="30,1500,0" yaku="19,1" doraHai="41" who="2" fromWho="3" sc="127,0,610,0,76,43,177,-33" /><INIT seed="2,7,0,2,5,78" ten="127,610,119,144" oya="2" hai0="74,73,123,94,62,84,30,27,16,10,22,34,102" hai1="54,80,114,63,19,5,6,76,9,24,32,44,23" hai2="87,20,120,104,91,53,28,82,61,83,96,119,43" hai3="100,45,39,117,64,132,68,3,77,89,69,70,18"/><V57/><F120/><W2/><G117/><T106/><D123/><U38/><E114/><V4/><F119/><W122/><G100/><T113/><D113/><U109/><E109/><V49/><F104/><W11/><G77/><T15/><D106/><U72/><E32/><V134/><F134/><W36/><G122/><T47/><D47/><U135/><E135/><V48/><F4/><W107/><G64/><T21/><D62/><U17/><E17/><V46/><F96/><W60/><G60/><T95/><D22/><U121/><E121/><V1/><F1/><W37/><G107/><T35/><D35/><U124/><E124/><V71/><F71/><W41/><G132/><T103/><D74/><U92/><E92/><N who="2" m="54399" /><F61/><W50/><REACH who="3" step="1"/><G89/><REACH who="3" ten="127,610,119,134" step="2"/><T97/><D73/><U51/><E63/><V25/><AGARI ba="7,1" hai="20,25,28,43,46,48,49,53,57,82,83" m="54399" machi="25" ten="30,6000,0" yaku="8,1,52,2" doraHai="78" who="2" fromWho="2" sc="127,-27,610,-27,119,91,134,-27" /><INIT seed="2,8,0,4,5,10" ten="100,583,210,107" oya="2" hai0="84,117,71,128,100,74,4,61,113,6,103,50,15" hai1="14,81,19,54,37,58,106,79,102,91,126,64,9" hai2="43,118,41,83,116,36,29,86,13,99,63,87,119" hai3="26,46,53,89,44,129,95,120,132,104,7,70,92"/><V56/><F87/><W68/><G104/><T127/><D117/><U32/><E126/><V94/><F36/><W73/><G73/><T65/><D127/><U114/><E114/><V22/><F29/><W111/><G26/><T60/><D113/><U88/><E37/><V0/><F0/><W2/><G111/><T18/><D128/><U66/><E32/><V77/><F22/><W96/><G132/><T30/><D74/><U38/><E38/><V21/><F21/><W52/><G129/><T67/><D84/><N who="1" m="48191" /><E102/><V51/><F51/><W133/><G133/><T45/><D30/><U40/><E40/><V27/><F27/><W124/><G124/><T69/><D100/><U122/><E106/><V1/><F1/><W28/><G2/><T55/><REACH who="0" step="1"/><D103/><REACH who="0" ten="90,583,210,107" step="2"/><U31/><E31/><V109/><F109/><W125/><G28/><T101/><D101/><U135/><E135/><V107/><F107/><W57/><G125/><T12/><D12/><U33/><E33/><V42/><F13/><W85/><G120/><T90/><D90/><N who="1" m="34347" /><E122/><V97/><REACH who="2" step="1"/><F94/><REACH who="2" ten="90,583,200,107" step="2"/><W123/><G95/><T78/><D78/><U34/><E34/><V105/><F105/><W20/><G92/><T48/><D48/><AGARI ba="8,2" hai="9,14,19,48,54,58,64,66" m="34347,48191" machi="48" ten="30,3900,0" yaku="8,1,52,1,54,1" doraHai="10" who="1" fromWho="0" sc="90,-63,583,83,200,0,107,0" /><INIT seed="3,0,0,5,4,69" ten="27,666,200,107" oya="3" hai0="59,32,40,108,28,86,52,115,63,109,78,64,128" hai1="10,114,84,53,106,43,42,74,80,1,44,130,83" hai2="87,39,113,12,116,65,135,120,91,62,81,19,18" hai3="129,38,97,123,100,92,101,20,107,67,33,8,118"/><W36/><G33/><T61/><D32/><U47/><E106/><V79/><F120/><W133/><G123/><T131/><D28/><U41/><E114/><V127/><F116/><W48/><G20/><T34/><D34/><U90/><E130/><N who="0" m="49705" /><D78/><U22/><E53/><V126/><F39/><W31/><G31/><T54/><D86/><U13/><E1/><V112/><F135/><W104/><G129/><T117/><D117/><U17/><E74/><V134/><F134/><W57/><G133/><T125/><D115/><U72/><E72/><V55/><F55/><W96/><G8/><T49/><D125/><N who="2" m="47626" /><F79/><W16/><G16/><N who="2" m="6185" /><F12/><W105/><G118/><T75/><D75/><U77/><E10/><V24/><F24/><W111/><G107/><T121/><D121/><U23/><E23/><V71/><AGARI ba="0,0" hai="62,65,71,81,87,91,112,113" m="6185,47626" machi="71" ten="30,2000,0" yaku="18,1,54,1" doraHai="69" who="2" fromWho="2" sc="27,-5,666,-5,200,20,107,-10" /><INIT seed="4,0,0,4,3,105" ten="22,661,220,97" oya="0" hai0="115,78,83,64,116,76,131,28,2,102,0,79,74" hai1="90,110,59,96,87,17,73,68,51,20,124,95,62" hai2="122,35,8,63,48,47,34,32,82,128,23,46,42" hai3="129,53,7,43,21,91,36,30,66,27,55,29,81"/><T37/><D116/><U125/><E73/><V119/><F119/><W134/><G66/><T19/><D115/><U133/><E110/><V70/><F122/><W6/><G36/><T108/><D108/><U84/><E133/><V58/><F128/><W112/><G43/><T9/><D131/><U120/><E68/><V114/><F114/><W15/><G134/><T61/><D37/><U54/><E120/><V101/><F70/><W1/><G1/><T56/><D102/><U109/><E109/><V86/><F101/><W4/><G129/><T11/><D28/><U99/><E99/><V16/><F8/><W45/><G30/><T106/><D106/><U18/><E18/><V69/><F69/><W127/><G127/><N who="1" m="48714" /><E51/><V26/><F46/><W60/><G45/><T118/><D118/><U31/><E31/><V135/><F135/><W22/><G60/><T132/><D132/><U123/><E123/><V3/><F3/><W33/><G33/><T75/><D19/><U25/><AGARI ba="0,0" hai="17,20,25,54,59,62,84,87,90,95,96" m="48714" machi="25" ten="30,2000,0" yaku="25,1,18,1" doraHai="105" who="1" fromWho="1" sc="22,-10,661,20,220,-5,97,-5" /><BYE who="0" /><INIT seed="5,0,0,4,4,9" ten="12,681,215,92" oya="1" hai0="33,102,42,101,32,16,117,68,79,36,86,13,129" hai1="123,132,103,22,60,26,52,131,74,107,92,11,67" hai2="114,50,88,112,6,38,55,76,77,30,53,45,124" hai3="23,118,73,14,70,110,127,113,48,4,28,96,111"/><U57/><E107/><V43/><F124/><W37/><G48/><T64/><D64/><U69/><E74/><V2/><F30/><W65/><G65/><T7/><D7/><U75/><E75/><V133/><F133/><W19/><G96/><T125/><D125/><U82/><E123/><V89/><F6/><W44/><G44/><T35/><D35/><U59/><E131/><V27/><F27/><W121/><G70/><T115/><D115/><N who="2" m="44074" /><F2/><W25/><G37/><T80/><D80/><U97/><E132/><V99/><F53/><W0/><G73/><T29/><D29/><N who="1" m="17623" /><E69/><V108/><F108/><W100/><G100/><T41/><D41/><U85/><E11/><V71/><F71/><W10/><G127/><T120/><D120/><U91/><E59/><N who="2" m="33271" /><F99/><W104/><G104/><T3/><D3/><U46/><E46/><V134/><F134/><W78/><G121/><T24/><D24/><U81/><E81/><V128/><F128/><W18/><G113/><T56/><D56/><U93/><E82/><V17/><F17/><W83/><G19/><T1/><D1/><U135/><E135/><V94/><F94/><W105/><G105/><T90/><D90/><AGARI ba="0,0" hai="38,43,45,76,77,88,89,90" m="33271,44074" machi="90" ten="30,3900,0" yaku="15,1,11,1,54,1" doraHai="9" who="2" fromWho="0" sc="12,-39,681,0,215,39,92,0" owari="-27,-53.0,681,79.0,254,5.0,92,-31.0" /></mjloggm>