<mjloggm ver="2.3"><GO type="169" lobby="0"/><UN n0="%68%69%67%68%31%35%31%35" n1="%E3%82%A6%E3%83%AB%E3%83%88%E3%83%A9%E7%AB%8B%E7%9B%B4" n2="%74%6F%72%69%30%36%31%32" n3="%E3%83%97%E3%83%A9%E3%83%81%E3%83%8A%E3%83%A0" dan="16,17,17,17" rate="2036.91,2133.79,2150.45,2128.73" sx="M,M,M,M"/><TAIKYOKU oya="0"/><INIT seed="0,0,0,4,2,85" ten="250,250,250,250" oya="0" hai0="124,20,28,36,1,64,90,81,93,58,87,19,72" hai1="12,30,27,31,67,24,121,77,23,131,46,18,59" hai2="117,111,135,75,14,97,101,11,41,120,95,38,119" hai3="91,39,49,125,82,106,127,54,74,123,32,51,65"/><T103/><D36/><U79/><E121/><V104/><F120/><W68/><G106/><T70/><D1/><U26/><E46/><N who="2" m="23863" /><F75/><W17/><G39/><T132/><D70/><U3/><E3/><V34/><F34/><W52/><G32/><T22/><D124/><N who="3" m="47689" /><G123/><T57/><D132/><U89/><E131/><V126/><F126/><W55/><G74/><T105/><D64/><U44/><E44/><V15/><F135/><W96/><G17/><T71/><D71/><U43/><E43/><V61/><F61/><N who="3" m="39983" /><G82/><T4/><D4/><U63/><REACH who="1" step="1"/><E89/><REACH who="1" ten="250,240,250,250" step="2"/><N who="2" m="55535" /><F117/><W66/><G66/><T69/><D90/><U94/><E94/><AGARI ba="0,1" hai="49,51,52,54,55,91,94,96" m="39983,47689" machi="94" ten="30,3900,0" yaku="18,1,52,1,54,1" doraHai="85" who="3" fromWho="1" sc="250,0,240,-39,250,0,250,49" /><INIT seed="1,0,0,0,3,14" ten="250,201,250,299" oya="1" hai0="82,100,106,63,13,123,51,126,27,41,69,89,65" hai1="32,94,42,6,60,86,30,1,46,134,74,58,26" hai2="4,31,131,98,112,23,53,128,56,5,64,34,15" hai3="93,55,117,108,48,50,85,8,71,114,28,67,20"/><U21/><E74/><V43/><F64/><W120/><G114/><T61/><D126/><U24/><E134/><V122/><F43/><W39/><G39/><T97/><D123/><U92/><E86/><V87/><F98/><W130/><G120/><T129/><D129/><U62/><E6/><N who="2" m="2667" /><F87/><W110/><G8/><T95/><D82/><U52/><E1/><V105/><F105/><W9/><G9/><T125/><D125/><U111/><E62/><V38/><F38/><W3/><G3/><T17/><D61/><U121/><E111/><V16/><F56/><W54/><G67/><T118/><D118/><U36/><REACH who="1" step="1"/><E121/><REACH who="1" ten="250,191,250,299" step="2"/><V45/><F122/><W40/><G117/><T57/><D63/><U44/><E44/><V80/><F45/><W22/><G110/><T109/><D109/><U88/><E88/><V84/><F84/><W35/><G85/><T132/><D89/><U135/><E135/><V102/><F102/><W96/><G108/><T90/><D90/><U103/><E103/><V124/><F112/><W127/><G127/><T113/><D113/><U2/><E2/><V37/><F124/><W116/><G116/><T11/><D100/><U7/><E7/><V66/><F80/><W77/><G96/><T19/><D97/><U68/><E68/><V119/><F119/><W73/><G71/><T70/><D70/><U33/><E33/><V104/><F131/><W101/><G130/><T25/><D69/><U115/><E115/><V81/><F128/><W0/><G73/><T78/><D132/><U133/><E133/><V10/><F81/><W75/><G75/><RYUUKYOKU ba="0,1" sc="250,-10,191,30,250,-10,299,-10" hai1="21,24,26,30,32,36,42,46,52,58,60,92,94" /><INIT seed="1,1,1,1,5,131" ten="240,221,240,289" oya="1" hai0="86,1,31,43,23,69,14,46,126,70,112,90,22" hai1="71,118,93,110,26,88,27,60,9,44,6,8,97" hai2="37,35,111,81,106,58,7,102,66,50,16,5,130" hai3="127,51,83,39,53,32,52,103,128,55,129,78,73"/><U107/><E118/><V123/><F37/><W25/><G39/><T28/><D1/><U105/><E110/><V74/><F35/><W41/><G103/><T119/><D119/><U47/><E71/><V135/><F123/><W75/><G75/><T20/><D112/><U87/><E60/><N who="2" m="38167" /><F102/><W40/><G127/><T42/><D126/><U109/><E109/><V134/><F106/><W59/><G59/><T48/><D42/><U77/><E105/><V15/><F50/><W94/><G94/><N who="0" m="54615" /><D69/><U108/><E108/><V49/><F49/><W21/><G32/><T132/><D70/><U65/><E65/><V101/><F101/><W76/><G76/><T56/><D132/><N who="2" m="50730" /><F130/><N who="3" m="50283" /><G51/><T3/><D56/><U96/><E107/><V4/><F111/><W54/><G54/><T68/><D68/><U122/><E122/><V91/><F91/><W113/><G113/><T92/><D48/><U19/><E47/><V13/><F16/><AGARI ba="1,1" hai="16,21,25,40,41,52,53,55,73,78,83" m="50283" machi="16" ten="30,3900,0" yaku="19,1,54,2" doraHai="131" who="3" fromWho="2" sc="240,0,221,0,240,-42,289,52" /><INIT seed="2,0,0,4,3,99" ten="240,221,198,341" oya="2" hai0="52,117,105,125,70,132,92,96,89,126,80,4,81" hai1="40,109,104,28,2,9,107,103,122,85,29,32,19" hai2="68,115,121,79,15,55,98,7,87,44,57,34,49" hai3="93,59,23,21,47,134,90,10,113,50,5,18,114"/><V110/><F68/><W36/><G36/><T69/><D132/><U106/><E109/><V76/><F121/><W133/><G59/><T27/><D4/><U75/><E75/><V119/><F119/><W35/><G35/><T88/><D117/><U128/><E122/><V108/><F34/><W65/><G65/><T78/><D105/><U12/><E128/><V118/><F118/><W17/><G90/><T37/><D37/><U111/><E111/><N who="2" m="42539" /><F115/><N who="3" m="44043" /><G93/><T14/><D14/><U97/><E40/><N who="2" m="24711" /><F87/><W95/><G133/><T82/><D27/><U84/><E84/><V22/><F98/><W63/><G5/><T71/><D78/><U100/><E97/><V102/><F22/><W31/><G23/><T116/><D116/><U94/><E32/><V61/><F102/><W41/><G21/><T3/><D89/><U16/><E103/><V130/><F130/><W64/><G31/><T11/><D11/><AGARI ba="0,0" hai="7,11,15,55,57,61,76,79" m="24711,42539" machi="11" ten="30,2900,0" yaku="14,1,10,1" doraHai="99" who="2" fromWho="0" sc="240,-29,221,0,198,29,341,0" /><INIT seed="2,1,0,2,2,33" ten="211,221,227,341" oya="2" hai0="110,49,34,54,18,65,101,8,46,56,75,72,129" hai1="71,2,10,5,112,11,115,26,88,42,98,73,127" hai2="108,85,95,119,17,121,123,87,68,35,14,74,15" hai3="97,84,4,39,19,44,48,78,57,99,64,122,130"/><V63/><F74/><W28/><G122/><T50/><D34/><U38/><E71/><V12/><F35/><W106/><G39/><T96/><D110/><U9/><E73/><V47/><F119/><W21/><G28/><T133/><D133/><U58/><E38/><V79/><F47/><W135/><G4/><T36/><D36/><U83/><E42/><V81/><F108/><W55/><G106/><T27/><D129/><U30/><E58/><V62/><F68/><W109/><G135/><T93/><D65/><U45/><E45/><V134/><F134/><W120/><G130/><T16/><D18/><U59/><E59/><V105/><F105/><W7/><G7/><T128/><D128/><U1/><E127/><V86/><F123/><W125/><G125/><T29/><D29/><U67/><E67/><V131/><F131/><W116/><G116/><T20/><REACH who="0" step="1"/><D8/><REACH who="0" ten="201,221,227,341" step="2"/><U69/><E11/><V104/><F121/><W51/><G64/><T25/><D25/><U91/><E10/><V77/><F17/><W0/><G109/><T23/><D23/><U13/><E9/><V3/><F104/><W32/><G32/><T117/><D117/><U113/><E5/><V89/><F15/><W31/><G19/><T40/><AGARI ba="1,1" hai="16,20,27,40,46,49,50,54,56,72,75,93,96,101" machi="40" ten="20,5200,0" yaku="1,1,0,1,7,1,54,1,53,0" doraHai="33" doraHaiUra="111" who="0" fromWho="0" sc="201,65,221,-14,227,-27,341,-14" /><INIT seed="3,0,0,2,5,121" ten="266,207,200,327" oya="3" hai0="96,79,55,36,1,78,108,61,101,27,6,134,122" hai1="84,21,120,5,41,92,52,28,98,63,89,94,88" hai2="43,50,25,106,40,117,29,8,132,126,75,124,3" hai3="67,54,116,114,82,58,133,77,129,49,99,13,47"/><W10/><G114/><T66/><D122/><U105/><E120/><V73/><F106/><W59/><G116/><T107/><D36/><U102/><E41/><N who="2" m="15947" /><F117/><W128/><G99/><T135/><D55/><U125/><E125/><N who="2" m="48235" /><F50/><W85/><G133/><N who="0" m="50699" /><D27/><N who="1" m="16495" /><E105/><V86/><F86/><W111/><G67/><T7/><D78/><U42/><E42/><V39/><F39/><W130/><REACH who="3" step="1"/><G111/><REACH who="3" ten="266,207,200,317" step="2"/><T76/><D108/><U100/><E5/><AGARI ba="0,1" hai="5,10,13,47,49,54,58,59,77,82,85,128,129,130" machi="5" ten="40,12000,1" yaku="1,1,2,1,19,1,53,1" doraHai="121" doraHaiUra="48" who="3" fromWho="1" sc="266,0,207,-120,200,0,317,130" /><INIT seed="3,1,0,5,2,135" ten="266,87,200,447" oya="3" hai0="65,15,79,132,17,127,122,83,84,36,129,45,88" hai1="57,87,47,22,105,12,43,100,128,68,16,66,72" hai2="27,19,38,58,116,106,32,1,114,60,118,23,11" hai3="24,130,5,90,98,112,8,31,2,67,82,52,115"/><W33/><G130/><T51/><D122/><U99/><E72/><V108/><F106/><W101/><G67/><T28/><D132/><U59/><E128/><V93/><F38/><W7/><G7/><T74/><D36/><U75/><E75/><V117/><F93/><W95/><G82/><T76/><D129/><U10/><E68/><V119/><F119/><W103/><REACH who="3" step="1"/><G52/><REACH who="3" ten="266,87,200,437" step="2"/><T9/><D83/><U73/><E66/><N who="2" m="39191" /><F118/><W34/><G34/><T20/><D65/><U120/><E120/><V63/><F32/><W18/><G18/><T6/><D17/><U42/><E73/><V89/><F63/><W110/><G110/><T104/><D6/><U121/><E121/><V94/><F108/><W55/><G55/><T54/><D54/><U109/><E109/><V46/><F116/><W50/><G50/><T0/><D51/><U61/><E61/><V77/><F117/><W85/><G85/><T126/><D74/><U53/><E53/><V49/><F49/><W30/><G30/><T92/><D28/><U62/><E62/><V80/><F80/><W40/><G40/><T35/><D35/><U86/><E86/><V41/><F41/><W25/><G25/><T29/><D29/><U97/><E87/><N who="2" m="52543" /><F77/><W21/><G21/><T70/><D20/><U71/><E71/><V133/><F133/><W13/><G13/><T81/><D70/><U96/><E22/><V131/><F131/><W37/><G37/><T78/><D15/><U3/><E43/><V39/><F39/><W111/><G111/><T56/><D84/><U125/><E42/><V123/><F23/><RYUUKYOKU ba="1,1" sc="266,-10,87,-10,200,-10,437,30" hai3="2,5,8,24,31,33,90,95,98,101,103,112,115" /><INIT seed="3,2,1,5,1,63" ten="256,77,190,467" oya="3" hai0="112,71,73,86,65,4,57,52,19,42,85,121,95" hai1="116,6,98,128,117,126,124,99,12,60,130,45,56" hai2="70,30,50,22,77,25,1,15,36,96,40,122,102" hai3="76,47,68,84,106,94,33,91,119,115,46,132,107"/><W125/><G119/><N who="1" m="45642" /><E6/><V59/><F1/><W2/><G2/><T111/><D73/><U110/><E12/><V8/><F70/><W113/><G33/><T16/><D121/><U41/><E99/><V61/><F36/><W32/><G32/><T118/><D118/><U114/><E98/><V28/><F77/><W129/><G68/><T81/><D111/><U75/><E75/><V127/><F127/><N who="1" m="48681" /><E110/><V104/><F122/><W38/><G76/><T20/><D112/><U11/><E11/><V7/><F30/><W87/><G94/><T58/><D71/><U39/><E114/><V97/><F102/><W51/><G91/><N who="0" m="53751" /><D42/><U34/><E34/><V74/><F74/><W120/><G125/><T92/><D92/><U49/><E39/><V89/><F89/><W5/><G113/><T18/><D4/><U27/><E27/><V55/><F104/><W79/><G5/><T0/><D0/><U9/><E9/><V108/><F108/><W134/><G38/><T100/><D100/><U3/><E3/><V48/><F97/><W88/><G115/><T10/><D10/><U26/><E26/><V54/><F96/><W31/><G107/><T93/><D93/><U62/><E62/><N who="2" m="36215" /><F40/><W109/><G106/><T53/><D85/><U24/><E24/><V43/><F43/><W72/><G84/><T82/><D82/><U83/><E83/><V69/><F69/><W14/><G87/><T90/><D81/><U131/><E131/><V44/><F61/><W23/><G129/><T80/><D80/><U13/><E13/><V105/><F105/><W66/><G109/><RYUUKYOKU ba="2,1" sc="256,-15,77,15,190,15,467,-15" hai1="41,45,49,56,60,128,130" hai2="7,8,15,22,25,28,44,48,50,55" /><INIT seed="4,3,1,4,3,71" ten="241,92,205,452" oya="0" hai0="80,36,20,133,76,0,62,66,120,34,22,7,123" hai1="54,63,95,108,135,17,32,72,37,81,132,110,74" hai2="87,64,90,103,70,77,125,27,12,106,73,92,78" hai3="100,122,6,33,65,14,126,8,118,5,42,35,11"/><T26/><D133/><N who="1" m="51275" /><E32/><V56/><F70/><W79/><G118/><T58/><D34/><U113/><E17/><V4/><F125/><W13/><G126/><T111/><D111/><N who="1" m="42539" /><E113/><V104/><F104/><W97/><G65/><T121/><D36/><U61/><E54/><V119/><F119/><W98/><G79/><N who="2" m="30217" /><F106/><W23/><G42/><T10/><REACH who="0" step="1"/><D26/><REACH who="0" ten="231,92,205,452" step="2"/><U39/><E81/><N who="2" m="49519" /><F27/><W29/><G35/><T15/><D15/><U130/><E130/><V102/><F73/><AGARI ba="3,2" hai="0,7,10,20,22,58,62,66,73,76,80,120,121,123" machi="73" ten="40,3900,0" yaku="1,1,53,1" doraHai="71" doraHaiUra="57" who="0" fromWho="2" sc="231,68,92,0,205,-48,452,0" /><INIT seed="4,4,0,0,1,131" ten="299,92,157,452" oya="0" hai0="115,10,62,37,79,8,127,4,114,17,103,102,129" hai1="15,76,16,53,58,110,22,13,107,29,59,2,33" hai2="118,134,63,122,99,14,0,50,135,78,39,133,40" hai3="20,106,44,19,90,61,117,100,36,21,24,101,94"/><T81/><D37/><U60/><E107/><V41/><F0/><W75/><G75/><T123/><D123/><U83/><E2/><V119/><F39/><W72/><G72/><T70/><D129/><U97/><E110/><V77/><F122/><W52/><G106/><T82/><D127/><U89/><E33/><V1/><F1/><W128/><G128/><T125/><D125/><U68/><E29/><V86/><F99/><W108/><G108/><T27/><D62/><U25/><E68/><V126/><F126/><W5/><G5/><T91/><D70/><U23/><E59/><V74/><F74/><W96/><G36/><T73/><D27/><U116/><E116/><N who="2" m="44587" /><F63/><W28/><G117/><T47/><D47/><U92/><E23/><V93/><F14/><N who="3" m="9335" /><G44/><T64/><D64/><U54/><E54/><V51/><F93/><W95/><G94/><T80/><D73/><AGARI ba="4,0" hai="13,15,16,22,25,53,58,60,73,76,83,89,92,97" machi="73" ten="30,7700,0" yaku="7,1,25,2,54,1" doraHai="131" who="1" fromWho="0" sc="299,-89,92,89,157,0,452,0" /><INIT seed="5,0,0,1,5,101" ten="210,181,157,452" oya="1" hai0="68,123,17,67,73,129,92,58,115,46,33,89,90" hai1="24,25,26,108,80,104,48,51,13,42,118,126,19" hai2="28,79,39,10,107,11,120,114,45,32,69,128,55" hai3="78,4,127,77,98,31,125,86,131,35,36,83,49"/><U63/><E118/><V22/><F120/><W66/><G36/><T93/><D73/><U133/><E104/><V122/><F122/><W60/><G78/><T54/><D33/><U65/><E126/><V18/><F69/><W30/><G131/><T6/><D123/><U119/><E119/><V44/><F28/><W132/><G132/><T34/><D34/><U53/><E133/><V121/><F32/><W15/><G49/><T50/><D6/><U2/><E2/><V62/><F39/><W57/><G98/><T20/><D68/><U21/><E108/><V87/><F107/><W105/><G105/><T9/><D9/><N who="2" m="3082" /><F114/><W116/><G116/><T96/><D115/><U124/><E124/><V0/><F0/><W110/><G35/><T59/><D67/><U12/><E42/><V97/><F97/><W75/><G75/><T16/><D129/><U1/><E1/><V56/><F121/><W43/><G110/><T40/><D20/><U106/><E106/><V5/><F5/><W37/><G127/><T84/><REACH who="0" step="1"/><D59/><REACH who="0" ten="200,181,157,452" step="2"/><N who="1" m="35311" /><E65/><V85/><F128/><W72/><G72/><T61/><AGARI ba="0,1" hai="16,17,40,46,50,54,58,61,84,89,90,92,93,96" machi="61" ten="20,8000,1" yaku="1,1,0,1,7,1,8,1,54,1,53,0" doraHai="101" doraHaiUra="109" who="0" fromWho="0" sc="200,90,181,-40,157,-20,452,-20" /><INIT seed="6,0,0,5,2,99" ten="290,141,137,432" oya="2" hai0="70,13,128,119,132,12,10,3,129,0,80,101,21" hai1="20,126,127,131,97,18,78,24,91,42,123,33,116" hai2="110,79,2,84,55,76,71,16,107,58,50,65,124" hai3="111,19,67,122,120,69,93,37,134,130,40,95,14"/><V48/><F2/><W74/><G74/><T38/><D70/><U117/><E78/><V85/><F124/><N who="1" m="47657" /><E131/><N who="0" m="50249" /><D38/><U60/><E123/><V113/><F113/><W6/><G6/><T44/><D44/><U83/><E42/><V43/><F107/><W133/><G111/><T100/><D132/><N who="3" m="50793" /><G130/><T88/><D119/><U77/><E33/><V108/><F65/><W41/><G69/><T22/><D22/><U4/><E4/><V103/><F71/><W94/><G67/><T135/><D135/><U11/><E11/><V112/><F103/><N who="0" m="39498" /><D21/><U114/><E114/><V53/><F112/><W30/><G30/><T125/><D125/><U90/><E20/><V68/><F68/><W25/><G37/><T121/><D121/><U98/><E117/><V31/><F43/><W106/><G41/><T47/><D47/><U52/><E116/><V57/><REACH who="2" step="1"/><F16/><REACH who="2" ten="290,141,127,432" step="2"/><W96/><G40/><T89/><D3/><U73/><E18/><V86/><F86/><W118/><G118/><T72/><D0/><U102/><E98/><V35/><F35/><W61/><G96/><T51/><D13/><U23/><E97/><V54/><F54/><W15/><G15/><T56/><D12/><U28/><E102/><V26/><F26/><W34/><G25/><T27/><D27/><U17/><E17/><V29/><AGARI ba="0,1" hai="29,31,48,50,53,55,57,58,76,79,84,85,108,110" machi="29" ten="25,9600,0" yaku="1,1,0,1,22,2,53,0" doraHai="99" doraHaiUra="1" who="2" fromWho="2" sc="290,-32,141,-32,127,106,432,-32" /><INIT seed="6,1,0,0,4,18" ten="258,109,233,400" oya="2" hai0="109,57,50,51,8,95,31,25,90,4,107,49,135" hai1="125,104,66,67,75,59,120,131,84,30,123,116,26" hai2="100,6,35,106,60,45,111,97,10,80,133,71,98" hai3="132,24,61,11,114,102,44,69,103,1,28,2,9"/><V126/><F126/><W77/><G77/><T36/><D107/><U89/><E75/><V110/><F133/><W108/><G108/><N who="2" m="41513" /><F97/><W86/><G86/><T124/><D36/><U43/><E104/><V87/><F35/><W72/><G44/><T20/><D109/><U16/><E116/><V17/><F45/><W29/><G72/><T113/><D113/><U55/><E43/><V38/><F38/><W13/><G69/><T41/><D135/><U15/><E125/><V78/><F17/><W12/><G61/><T3/><D124/><U127/><E131/><V96/><F96/><W105/><G132/><T83/><D83/><U64/><E127/><V62/><F71/><W130/><G130/><T81/><D81/><U58/><E26/><V91/><F78/><W22/><G114/><T99/><REACH who="0" step="1"/><D41/><REACH who="0" ten="248,109,233,400" step="2"/><U101/><E30/><V34/><F34/><W128/><G128/><T27/><D27/><U39/><E39/><V32/><F32/><W129/><G129/><T52/><AGARI ba="1,1" hai="3,4,8,20,25,31,49,50,51,52,57,90,95,99" machi="52" ten="30,7900,0" yaku="1,1,0,1,52,1,54,1,53,0" doraHai="18" doraHaiUra="76" who="0" fromWho="0" sc="248,92,109,-21,233,-40,400,-21" /><INIT seed="7,0,0,3,0,33" ten="340,88,193,379" oya="3" hai0="35,133,21,64,52,20,25,84,73,46,16,10,61" hai1="127,134,129,24,80,82,8,31,76,81,102,116,68" hai2="45,44,130,36,119,14,87,115,94,9,128,28,88" hai3="49,41,32,53,120,48,72,60,93,66,109,23,121"/><W67/><G32/><T91/><D73/><U19/><E68/><V98/><F119/><W96/><G72/><T122/><D122/><U22/><E116/><V126/><F126/><W34/><G34/><T69/><D35/><U6/><E127/><V95/><F28/><W62/><G109/><T5/><D133/><U47/><E134/><V101/><F115/><W125/><G125/><T3/><D21/><U74/><E129/><V107/><F36/><W104/><G104/><T55/><D46/><U4/><E102/><V26/><F26/><W7/><G7/><T106/><D106/><U111/><E111/><V135/><F135/><W70/><G23/><T97/><D97/><U11/><E19/><V38/><F38/><W100/><G41/><T92/><AGARI ba="0,0" hai="3,5,10,16,20,25,52,55,61,64,69,84,91,92" machi="92" ten="20,8000,1" yaku="0,1,7,1,52,1,54,2" doraHai="33" who="0" fromWho="0" sc="340,80,88,-20,193,-20,379,-40" owari="420,52.0,68,-43.0,173,-23.0,339,14.0" /></mjloggm>