<mjloggm ver="2.3"><GO type="169" lobby="0"/><UN n0="%43%48%49%52%4F%52%55" n1="%E3%82%A6%E3%83%AB%E3%83%88%E3%83%A9%E7%AB%8B%E7%9B%B4" n2="%E3%81%86%E3%81%8D%E3%81%A7%E3%82%93" n3="%65%72%61%6E%76%69%74%61" dan="16,18,17,16" rate="2166.43,2224.27,2104.79,2075.36" sx="M,M,M,M"/><TAIKYOKU oya="0"/><INIT seed="0,0,0,3,4,107" ten="250,250,250,250" oya="0" hai0="55,19,9,117,78,134,33,71,65,104,2,54,52" hai1="48,59,30,39,126,0,44,45,127,8,101,74,70" hai2="75,66,112,58,47,133,67,51,69,97,16,131,130" hai3="6,109,26,18,83,79,95,100,123,124,93,29,11"/><T28/><D117/><U89/><E30/><V122/><F69/><W76/><G109/><T113/><D113/><U5/><E70/><V42/><F112/><W25/><G124/><N who="1" m="47658" /><E101/><V49/><F97/><W108/><G76/><T20/><D104/><U37/><E89/><V64/><F122/><W15/><G108/><T121/><D121/><U98/><E98/><V22/><F75/><W46/><G100/><T88/><D134/><U87/><E87/><V57/><F133/><W128/><G128/><T103/><D103/><U53/><E74/><V3/><F3/><W86/><G123/><T80/><D88/><U21/><E21/><V81/><F81/><W102/><G102/><T7/><D28/><U10/><E10/><V63/><F51/><W99/><G99/><T82/><D33/><U60/><E45/><V24/><REACH who="2" step="1"/><F57/><REACH who="2" ten="250,250,240,250" step="2"/><W106/><G106/><T105/><D105/><U56/><E56/><V41/><F41/><AGARI ba="0,1" hai="0,5,8,37,39,41,44,48,53,59,60" m="47658" machi="41" ten="30,1000,0" yaku="18,1" doraHai="107" who="1" fromWho="2" sc="250,0,250,20,240,-10,250,0" /><INIT seed="1,0,0,4,0,78" ten="250,270,230,250" oya="1" hai0="25,53,98,133,69,100,60,114,112,22,32,113,109" hai1="102,3,87,50,77,48,71,92,10,9,51,85,23" hai2="93,62,0,90,119,122,91,33,131,8,70,49,127" hai3="1,67,94,95,96,4,35,82,80,79,65,134,105"/><U120/><E71/><V104/><F104/><W125/><G35/><T126/><D109/><U47/><E120/><V135/><F33/><W72/><G125/><T101/><D126/><U52/><E3/><V106/><F106/><W86/><G134/><T56/><D133/><U76/><E23/><V13/><F0/><W46/><G105/><T59/><D32/><U99/><E77/><V116/><F127/><W31/><G31/><T19/><D69/><U129/><E129/><V41/><F135/><W57/><G46/><T54/><REACH who="0" step="1"/><D98/><REACH who="0" ten="240,270,230,250" step="2"/><U6/><E87/><V123/><F70/><W24/><G96/><T89/><D89/><U103/><E103/><V29/><F91/><W37/><G86/><T110/><D110/><U2/><REACH who="1" step="1"/><E10/><REACH who="1" ten="240,260,230,250" step="2"/><V73/><F8/><W88/><G72/><T34/><D34/><U132/><E132/><V5/><F73/><W18/><G79/><T55/><D55/><U43/><E43/><V74/><F41/><W68/><G68/><T58/><D58/><U121/><E121/><V117/><F74/><W75/><G57/><T45/><D45/><U21/><E21/><V26/><F123/><W27/><G75/><T20/><D20/><U66/><E66/><V64/><F64/><W42/><G42/><T17/><D17/><U30/><E30/><V7/><F29/><W40/><G18/><T111/><D111/><U38/><E38/><V36/><F36/><W61/><G40/><T12/><D12/><U84/><E84/><V118/><F118/><W15/><G37/><T39/><D39/><U14/><E14/><V107/><F122/><RYUUKYOKU ba="0,2" sc="240,15,260,15,230,-15,250,-15" hai0="19,22,25,53,54,56,59,60,100,101,112,113,114" hai1="2,6,9,47,48,50,51,52,76,85,92,99,102" /><INIT seed="1,1,2,2,5,3" ten="255,275,215,235" oya="1" hai0="81,50,108,7,105,12,58,131,27,18,101,128,30" hai1="62,57,45,66,120,87,109,125,48,55,94,54,135" hai2="88,49,47,89,99,64,68,29,96,93,119,110,11" hai3="32,69,25,26,72,106,91,129,40,107,53,0,61"/><U113/><E120/><V34/><F110/><W83/><G0/><T78/><D108/><U76/><E109/><V1/><F68/><W43/><G61/><T51/><D7/><U35/><E35/><V60/><F29/><W65/><G53/><T90/><D90/><U8/><E113/><V100/><F34/><W95/><G91/><T134/><D101/><U23/><E125/><V102/><F60/><W59/><G59/><T130/><D105/><U97/><E135/><V127/><F64/><W103/><G95/><T38/><D38/><U28/><E8/><V52/><F119/><W121/><G103/><T82/><D134/><U132/><E132/><V84/><F127/><W122/><G32/><N who="0" m="20575" /><D58/><U75/><E75/><V124/><F124/><W37/><G37/><T79/><D82/><N who="1" m="47559" /><E23/><V4/><F84/><W92/><G72/><N who="0" m="43207" /><D79/><U13/><E28/><V15/><F1/><W112/><G69/><T36/><D36/><U14/><E55/><V10/><F11/><AGARI ba="1,2" hai="11,12,18,50,51,128,130,131" m="43207,20575" machi="11" ten="30,1000,0" yaku="19,1" doraHai="3" who="0" fromWho="2" sc="255,33,275,0,215,-13,235,0" /><INIT seed="2,0,0,3,2,108" ten="288,275,202,235" oya="2" hai0="2,10,98,8,126,112,103,81,13,59,34,16,135" hai1="102,18,111,38,129,65,83,74,63,4,125,105,35" hai2="133,109,40,79,61,99,69,29,72,124,127,68,76" hai3="52,22,24,95,42,101,36,28,37,23,115,92,1"/><V77/><F72/><W49/><G1/><T96/><D135/><U123/><E18/><V94/><F133/><W85/><G115/><T70/><D70/><U106/><E4/><V50/><F29/><W73/><G73/><T117/><D112/><U6/><E6/><V9/><F9/><W107/><G42/><T71/><D71/><U116/><E63/><V56/><F69/><W46/><G23/><T19/><D34/><U66/><E83/><V26/><F26/><W48/><G48/><T114/><D114/><U128/><E102/><N who="2" m="60791" /><F68/><W53/><G53/><T121/><D121/><U27/><E74/><V75/><F75/><W87/><G107/><T86/><D126/><N who="2" m="48170" /><F109/><W67/><G101/><T43/><D103/><U54/><E27/><V89/><F89/><W47/><G67/><T80/><D117/><U31/><E116/><V132/><F132/><W104/><G104/><T21/><D8/><U110/><E125/><V14/><F14/><W44/><G37/><T45/><D2/><U12/><E31/><V130/><F130/><W51/><G36/><T78/><D81/><U91/><E128/><V17/><F17/><W93/><REACH who="3" step="1"/><G51/><REACH who="3" ten="288,275,202,225" step="2"/><N who="0" m="27071" /><D59/><AGARI ba="0,1" hai="22,24,28,44,46,47,49,52,59,85,87,92,93,95" machi="59" ten="40,5200,0" yaku="1,1,8,1,54,1,53,0" doraHai="108" doraHaiUra="113" who="3" fromWho="0" sc="288,-52,275,0,202,0,225,62" /><INIT seed="3,0,0,3,5,66" ten="236,275,202,287" oya="3" hai0="72,56,111,18,20,81,35,69,93,37,127,134,2" hai1="101,132,10,94,26,14,62,33,5,32,113,6,51" hai2="118,83,11,19,7,41,75,59,123,13,65,104,129" hai3="42,88,16,126,47,43,76,85,36,31,121,17,9"/><W67/><G121/><T49/><D35/><U109/><E113/><V115/><F104/><W98/><G126/><T90/><D37/><U15/><E51/><V114/><F118/><W58/><G43/><T133/><D2/><U48/><E48/><V120/><F41/><W102/><G76/><T96/><D127/><U3/><E94/><V21/><F65/><W89/><G31/><T63/><D111/><U60/><E101/><V40/><F59/><W55/><G67/><T128/><D128/><U107/><E107/><V100/><F100/><W92/><G89/><T46/><D81/><U116/><E62/><V110/><F40/><W106/><REACH who="3" step="1"/><G9/><REACH who="3" ten="236,275,202,277" step="2"/><T38/><D90/><U27/><E116/><V112/><F123/><W119/><G119/><T99/><D134/><U117/><E117/><V124/><F120/><W71/><G71/><T45/><D69/><U50/><E132/><V105/><F124/><W28/><G28/><T8/><D8/><U29/><E29/><V30/><F11/><W95/><G95/><T52/><D93/><U84/><E10/><V39/><F30/><W53/><G53/><N who="0" m="34191" /><D133/><U70/><E70/><V0/><F112/><W24/><G24/><T54/><D54/><U125/><E27/><V78/><F114/><W80/><G80/><T68/><D68/><U97/><E26/><V22/><F83/><W12/><G12/><T44/><D52/><U25/><E25/><V122/><F115/><W82/><G82/><T86/><D20/><U87/><E125/><V74/><F122/><W4/><G4/><T73/><D38/><U91/><E6/><RYUUKYOKU ba="0,1" sc="236,-10,275,-10,202,-10,277,30" hai3="16,17,36,42,47,55,58,85,88,92,98,102,106" /><INIT seed="3,1,1,5,2,125" ten="226,265,192,307" oya="3" hai0="44,89,48,112,11,83,40,19,7,67,21,41,22" hai1="51,13,114,56,75,84,132,30,31,99,65,32,80" hai2="105,54,10,25,109,71,131,102,98,14,39,36,128" hai3="121,117,57,69,122,74,50,81,23,106,124,43,77"/><W45/><G69/><T47/><D112/><U135/><E75/><V12/><F71/><W16/><G117/><T118/><D118/><U55/><E32/><V94/><F25/><W68/><G68/><T8/><D67/><U96/><E65/><V58/><F105/><W0/><G0/><T35/><D35/><U119/><E13/><N who="2" m="5227" /><F10/><W85/><G106/><T27/><D7/><U6/><E6/><V108/><F39/><W33/><G33/><T4/><D4/><U113/><E119/><V15/><F15/><W82/><G57/><T88/><D22/><U34/><E99/><V62/><F36/><W134/><G134/><N who="1" m="51242" /><E96/><V91/><F102/><W103/><G103/><T53/><D53/><U38/><E38/><V60/><F62/><W24/><REACH who="3" step="1"/><G124/><REACH who="3" ten="226,265,192,297" step="2"/><T129/><D8/><U126/><E126/><V42/><F42/><W116/><G116/><T59/><D11/><U104/><E104/><V101/><F101/><W63/><G63/><T127/><D127/><U46/><E56/><V123/><F123/><W26/><G26/><T107/><D59/><U95/><E34/><V86/><F98/><W76/><AGARI ba="1,2" hai="16,23,24,43,45,50,74,76,77,81,82,85,121,122" machi="76" ten="20,7800,0" yaku="1,1,0,1,7,1,54,1,53,0" doraHai="125" doraHaiUra="120" who="3" fromWho="3" sc="226,-27,265,-27,192,-27,297,101" /><INIT seed="3,2,0,4,5,61" ten="199,238,165,398" oya="3" hai0="73,54,83,114,65,119,80,125,58,102,121,41,130" hai1="85,38,71,122,48,21,128,75,6,98,81,18,49" hai2="112,31,42,40,25,55,116,28,70,17,36,105,67" hai3="82,99,72,47,9,20,0,12,37,115,43,101,108"/><W11/><G115/><T26/><D119/><U74/><E38/><V24/><F105/><W97/><G97/><T96/><D121/><U86/><E6/><V29/><F116/><W50/><G108/><T94/><D114/><U117/><E117/><V92/><F55/><W15/><G50/><T106/><D125/><U93/><E71/><V95/><F36/><W107/><G20/><T90/><D130/><U69/><E69/><V56/><F70/><W63/><G63/><T87/><D41/><N who="2" m="15978" /><F17/><W13/><G0/><T64/><D26/><N who="2" m="10346" /><F112/><W19/><G11/><T129/><D129/><U118/><E18/><V5/><F5/><W33/><G33/><T34/><D34/><U134/><E128/><V23/><F23/><W76/><AGARI ba="2,0" hai="9,12,13,15,19,37,43,47,72,76,82,99,101,107" machi="76" ten="30,1500,0" yaku="0,1" doraHai="61" who="3" fromWho="3" sc="199,-7,238,-7,165,-7,398,21" /><INIT seed="3,3,0,5,0,8" ten="192,231,158,419" oya="3" hai0="15,83,36,105,22,46,86,38,82,72,3,19,125" hai1="4,118,111,65,33,120,18,113,77,32,9,73,117" hai2="37,7,95,89,93,21,109,42,23,17,48,98,85" hai3="129,94,25,34,31,57,127,71,35,126,123,68,115"/><W1/><G1/><T130/><D125/><U66/><E113/><V27/><F37/><W11/><G123/><T30/><D130/><U26/><E66/><V2/><F2/><W116/><G116/><N who="1" m="44650" /><E65/><V106/><F7/><W39/><G39/><T121/><D3/><N who="1" m="159" /><E120/><V56/><F106/><W81/><G115/><T135/><D121/><U75/><E77/><V100/><F109/><W107/><G107/><T43/><D105/><U16/><E111/><V80/><F23/><W96/><G129/><T70/><D70/><U63/><E63/><V5/><F5/><W103/><G81/><T124/><D124/><U61/><E61/><V110/><F110/><W69/><G35/><N who="1" m="13386" /><E26/><V20/><F80/><W114/><G114/><T44/><D82/><U90/><E90/><V119/><F119/><W92/><G92/><T58/><D83/><U131/><E131/><V13/><F42/><W91/><G91/><T62/><D43/><U52/><E52/><N who="2" m="31751" /><F21/><W47/><G47/><T122/><D46/><U14/><E18/><V84/><F27/><W87/><G57/><T6/><D58/><U74/><E74/><V78/><F78/><W79/><G79/><T64/><D72/><U51/><E51/><V133/><F85/><W97/><G87/><T104/><D86/><U134/><E134/><AGARI ba="3,0" hai="13,17,20,84,89,93,95,98,100,133,134" m="31751" machi="134" ten="30,3900,0" yaku="25,1,52,1,54,1" doraHai="8" who="2" fromWho="1" sc="192,0,231,-48,158,48,419,0" /><INIT seed="4,0,0,0,1,22" ten="192,183,206,419" oya="0" hai0="78,16,110,103,55,45,116,108,105,96,113,120,8" hai1="76,17,19,77,0,88,84,30,133,24,34,40,47" hai2="87,85,51,15,1,23,42,79,28,69,92,63,83" hai3="11,123,4,9,117,80,114,118,75,43,32,81,6"/><T58/><D116/><U68/><E0/><V72/><F1/><W112/><G43/><T53/><D120/><U62/><E133/><V12/><F15/><W37/><G32/><T54/><D78/><U50/><E77/><V89/><F42/><W38/><G75/><T107/><D113/><U95/><REACH who="1" step="1"/><E76/><REACH who="1" ten="192,173,206,419" step="2"/><V100/><F79/><W94/><G123/><T97/><D110/><U74/><E74/><V111/><F111/><W99/><G118/><T119/><D108/><U7/><E7/><V14/><F72/><W13/><G117/><T39/><D119/><U3/><E3/><V59/><F69/><W48/><G6/><T93/><D58/><U86/><E86/><V27/><F87/><W104/><G4/><T124/><D124/><U121/><E121/><V126/><F126/><W82/><G114/><T91/><D45/><U129/><E129/><V46/><F46/><W57/><G112/><T128/><D128/><U44/><E44/><V115/><F115/><W130/><G57/><T98/><D98/><U29/><E29/><V102/><F28/><W106/><G99/><T122/><D122/><U61/><E61/><V132/><F85/><W56/><G56/><T25/><D97/><U70/><E70/><V60/><F63/><W65/><G130/><T134/><D134/><U67/><AGARI ba="0,1" hai="17,19,24,30,34,40,47,50,62,67,68,84,88,95" machi="67" ten="30,7900,0" yaku="1,1,0,1,52,1,54,1,53,0" doraHai="22" doraHaiUra="109" who="1" fromWho="1" sc="192,-39,173,89,206,-20,419,-20" /><INIT seed="5,0,0,5,2,70" ten="153,262,186,399" oya="1" hai0="104,89,37,42,115,95,36,21,81,96,103,13,49" hai1="117,69,12,61,38,133,22,98,87,79,55,135,53" hai2="52,14,8,100,2,94,34,71,131,20,121,92,132" hai3="9,17,65,105,74,73,75,50,111,10,41,59,62"/><U24/><E117/><V82/><F34/><W120/><G105/><T26/><D115/><U1/><E1/><V15/><F71/><W124/><G120/><T56/><D13/><U66/><E12/><V48/><F121/><W109/><G124/><T28/><D81/><N who="1" m="47551" /><E98/><V99/><F131/><W91/><G91/><T97/><REACH who="0" step="1"/><D56/><REACH who="0" ten="143,262,186,399" step="2"/><U90/><E69/><V78/><F15/><W85/><G59/><T112/><D112/><U84/><E135/><V39/><F14/><W88/><G111/><T3/><D3/><U46/><E133/><V23/><F2/><W118/><G109/><T51/><D51/><U102/><E61/><V5/><F48/><W93/><G50/><T108/><D108/><U7/><E7/><V80/><F5/><W45/><G118/><T4/><D4/><U57/><E57/><V0/><F0/><W128/><G128/><T101/><D101/><U11/><E102/><V116/><F100/><W16/><G45/><AGARI ba="0,1" hai="21,26,28,36,37,42,45,49,89,95,96,97,103,104" machi="45" ten="40,5200,0" yaku="1,1,52,2,53,0" doraHai="70" doraHaiUra="134" who="0" fromWho="3" sc="143,62,262,0,186,0,399,-52" /><INIT seed="6,0,0,4,5,29" ten="205,262,186,347" oya="2" hai0="80,90,114,110,23,28,20,135,118,101,121,21,9" hai1="108,57,125,130,31,89,12,82,104,10,72,79,113" hai2="134,81,32,4,37,56,117,88,97,38,36,77,111" hai3="61,122,84,115,87,39,102,128,98,123,59,109,60"/><V105/><F117/><W46/><G115/><T68/><D110/><U19/><E104/><V58/><F111/><W74/><G109/><T64/><D121/><U25/><E108/><V73/><F134/><W7/><G74/><T78/><D114/><U65/><E113/><V18/><F4/><W40/><G7/><T53/><D135/><U75/><E89/><V35/><F18/><W6/><G6/><T93/><D101/><U45/><E45/><V76/><F77/><W99/><G61/><T17/><D68/><U94/><E94/><V91/><F105/><W62/><G62/><T96/><D64/><U95/><E95/><V3/><F3/><W33/><G33/><T132/><D118/><U43/><E43/><V66/><F66/><W103/><G128/><T126/><D126/><U41/><E41/><V51/><F58/><W131/><G131/><T1/><D53/><U112/><E125/><V15/><F15/><W67/><G103/><T22/><D28/><U14/><E14/><V8/><F8/><W124/><G124/><T26/><D132/><U52/><E65/><V55/><REACH who="2" step="1"/><F97/><REACH who="2" ten="205,262,176,347" step="2"/><W133/><G99/><T42/><D9/><U34/><E130/><V27/><F27/><W2/><G2/><T47/><D1/><U106/><E106/><V71/><F71/><W116/><G116/><T54/><D78/><U107/><E107/><V13/><F13/><W85/><G133/><T69/><D69/><U24/><E112/><V11/><F11/><W119/><G119/><T120/><D17/><U16/><E19/><V44/><F44/><W5/><G5/><RYUUKYOKU ba="0,1" sc="205,-15,262,-15,176,15,347,15" hai2="32,35,36,37,38,51,55,56,73,76,81,88,91" hai3="39,40,46,59,60,67,84,85,87,98,102,122,123" /><INIT seed="6,1,1,1,4,66" ten="190,247,191,362" oya="2" hai0="8,107,61,127,121,88,101,103,25,128,69,51,129" hai1="7,56,55,16,83,22,23,125,70,50,63,1,90" hai2="122,57,117,17,130,119,0,134,120,123,100,4,132" hai3="124,74,20,92,91,97,41,99,5,110,6,77,31"/><V114/><F100/><W108/><G41/><T58/><D121/><U80/><E125/><V43/><F43/><W133/><G124/><T86/><D127/><U94/><E7/><V28/><F28/><W18/><G31/><T135/><D135/><N who="2" m="51754" /><F57/><W27/><G133/><T47/><D25/><N who="1" m="14535" /><E70/><V79/><F79/><W98/><G77/><T36/><D8/><U95/><E1/><V89/><F89/><W84/><REACH who="3" step="1"/><G74/><REACH who="3" ten="190,247,191,352" step="2"/><T71/><D36/><U131/><E131/><N who="0" m="50249" /><D107/><U93/><E90/><V67/><F130/><W24/><G24/><T14/><D103/><U72/><E72/><V29/><F29/><W65/><G65/><N who="0" m="39095" /><D101/><U13/><E63/><V62/><F62/><W106/><G106/><T49/><D49/><U19/><AGARI ba="1,2" hai="13,19,23,50,55,56,80,83,93,94,95" m="14535" machi="19" ten="30,2000,0" yaku="8,1,54,1" doraHai="66" who="1" fromWho="1" sc="190,-6,247,43,191,-11,352,-6" /><INIT seed="7,0,0,1,5,78" ten="184,290,180,346" oya="3" hai0="68,43,124,69,103,26,18,74,102,84,95,41,135" hai1="87,54,35,32,88,58,16,131,49,130,38,7,104" hai2="91,132,86,60,99,94,5,42,31,61,118,24,0" hai3="133,33,75,48,28,85,44,46,63,89,72,40,3"/><W4/><G133/><T2/><D74/><U77/><E77/><V114/><F118/><W39/><G63/><T1/><D135/><U81/><E7/><V119/><F119/><W14/><G3/><T56/><D124/><U106/><E38/><V29/><F114/><W98/><G98/><N who="0" m="59743" /><D103/><U76/><E35/><V109/><F109/><W117/><G117/><T15/><D26/><U108/><E32/><V90/><F0/><N who="0" m="106" /><D56/><U34/><E34/><V53/><F42/><N who="0" m="15882" /><D84/><U97/><E108/><V55/><F5/><W19/><G4/><T20/><D69/><U6/><E6/><V116/><F132/><W122/><G122/><T92/><D92/><U57/><E57/><N who="2" m="34863" /><F24/><W62/><G62/><T47/><D47/><U51/><E51/><V80/><F116/><W27/><G46/><T120/><D68/><U93/><REACH who="1" step="1"/><E16/><REACH who="1" ten="184,280,180,346" step="2"/><V82/><F80/><W52/><G39/><T13/><D18/><U134/><E134/><V100/><F100/><W83/><G40/><T127/><D20/><AGARI ba="0,1" hai="14,19,20,27,28,33,44,48,52,72,75,83,85,89" machi="20" ten="30,5800,0" yaku="7,1,52,1,54,1" doraHai="78" who="3" fromWho="0" sc="184,-58,280,0,180,0,346,68" owari="126,-37.0,280,8.0,180,-22.0,414,51.0" /></mjloggm>