<mjloggm ver="2.3"><GO type="169" lobby="0"/><UN n0="%E3%82%A6%E3%83%AB%E3%83%88%E3%83%A9%E7%AB%8B%E7%9B%B4" n1="%E7%A0%B4%E7%89%87" n2="%6D%65%6C%6F%6E%32%39" n3="%E3%82%89%E3%81%8F%E3%81%A0%EF%BC%90%EF%BC%91%EF%BC%90%EF%BC%99" dan="17,16,16,16" rate="2174.76,2086.73,2024.60,2069.68" sx="M,M,M,M"/><TAIKYOKU oya="0"/><INIT seed="0,0,0,2,2,11" ten="250,250,250,250" oya="0" hai0="120,9,91,132,131,80,86,81,89,65,53,36,102" hai1="44,43,113,122,116,21,129,135,25,90,70,15,115" hai2="79,35,110,104,101,128,60,12,66,97,124,83,34" hai3="92,84,108,59,38,7,68,82,75,74,117,133,69"/><T106/><D36/><U39/><E116/><V51/><F124/><W19/><G117/><T105/><D65/><U107/><E122/><V37/><F128/><W119/><G119/><T130/><D53/><U63/><E129/><N who="0" m="49161" /><D9/><U126/><E126/><V64/><F110/><W14/><G38/><T40/><D40/><U46/><E107/><N who="0" m="40969" /><D102/><U48/><E135/><V50/><F64/><W41/><G133/><T47/><D47/><U5/><E70/><V23/><F37/><W78/><G41/><T93/><D132/><U112/><E63/><V26/><F50/><W103/><G108/><T56/><D56/><U100/><E100/><V62/><F51/><W33/><G33/><T99/><D80/><U121/><E121/><AGARI ba="0,0" hai="81,86,89,91,93,99,120,121" m="40969,49161" machi="121" ten="30,5800,0" yaku="19,1,34,2" doraHai="11" who="0" fromWho="1" sc="250,58,250,-58,250,0,250,0" /><INIT seed="0,1,0,2,1,57" ten="308,192,250,250" oya="0" hai0="87,18,77,104,80,67,71,58,119,121,115,38,1" hai1="59,129,131,7,117,116,97,107,50,64,2,27,55" hai2="23,22,28,105,120,84,94,78,125,112,96,6,10" hai3="15,36,124,134,54,74,70,47,46,106,20,91,86"/><T44/><D121/><U108/><E2/><V65/><F120/><W14/><G74/><T39/><D119/><U34/><E7/><V25/><F125/><W109/><G106/><T31/><D115/><U30/><E108/><V56/><F105/><W53/><G70/><T61/><D104/><U66/><E117/><V60/><F112/><W127/><G109/><T63/><D1/><U21/><E116/><V33/><F84/><W16/><G134/><T62/><D31/><U72/><E72/><V123/><F78/><W79/><G79/><T9/><D62/><U88/><E34/><V99/><F99/><W51/><G15/><T89/><D44/><U26/><E26/><V4/><F4/><W37/><G54/><T52/><REACH who="0" step="1"/><D77/><REACH who="0" ten="298,192,250,250" step="2"/><U102/><E131/><V73/><F123/><W132/><G132/><T82/><D82/><U103/><E129/><V24/><F73/><W8/><G47/><T92/><D92/><N who="1" m="56455" /><E107/><V19/><F94/><W13/><G127/><T93/><D93/><U126/><E126/><V98/><REACH who="2" step="1"/><F33/><REACH who="2" ten="298,192,240,250" step="2"/><W90/><G124/><T29/><D29/><U40/><E30/><V0/><AGARI ba="1,2" hai="0,6,10,19,22,23,24,25,28,56,60,65,96,98" machi="0" ten="20,8000,1" yaku="1,1,2,1,0,1,7,1,52,1,53,0" doraHai="57" doraHaiUra="81" who="2" fromWho="2" sc="298,-41,192,-21,240,103,250,-21" /><INIT seed="1,0,0,2,0,75" ten="257,171,343,229" oya="1" hai0="54,129,120,65,14,133,27,91,51,61,103,121,70" hai1="79,2,56,78,101,93,17,3,125,47,108,39,67" hai2="124,105,49,64,109,97,53,33,135,38,4,8,86" hai3="80,28,9,74,7,112,126,60,15,106,23,73,76"/><U87/><E125/><V58/><F38/><W98/><G112/><T44/><D103/><U88/><E108/><V37/><F124/><W6/><G126/><T41/><D27/><U69/><E69/><V104/><F37/><W83/><G60/><T32/><D32/><U57/><E101/><V20/><F135/><W100/><G28/><T111/><D91/><U45/><E39/><V40/><F33/><W43/><G43/><T46/><D14/><U50/><E2/><V1/><F109/><W30/><G30/><T117/><D111/><U18/><E3/><V116/><F116/><W29/><G29/><T110/><D110/><U13/><E47/><V81/><F40/><W5/><G23/><T95/><D95/><U71/><E71/><V10/><F10/><W99/><G99/><T21/><D21/><N who="1" m="11439" /><E18/><V118/><F64/><W107/><G107/><T82/><D117/><U84/><E84/><V12/><F97/><W127/><G127/><T94/><D133/><U134/><E134/><V42/><F118/><W90/><G90/><T59/><D46/><U24/><E24/><V123/><F42/><W52/><G52/><T0/><D0/><U48/><E48/><V26/><F1/><W113/><G113/><T130/><D94/><U36/><E36/><V102/><F102/><W22/><G22/><T55/><D82/><U122/><E122/><N who="0" m="47209" /><D55/><N who="1" m="31863" /><E45/><V85/><F123/><W119/><G119/><T131/><D54/><U35/><E35/><V19/><F85/><W63/><G63/><AGARI ba="0,0" hai="57,63,67,78,79,87,88,93" m="31863,11439" machi="63" ten="30,12000,1" yaku="25,1,8,1,52,2,54,1" doraHai="75" who="1" fromWho="3" sc="257,0,171,120,343,0,229,-120" /><INIT seed="1,1,0,4,2,129" ten="257,291,343,109" oya="1" hai0="92,31,93,104,89,20,36,50,47,1,42,30,80" hai1="87,113,11,135,69,75,132,5,62,128,120,45,110" hai2="53,63,126,2,28,101,86,112,116,77,76,18,64" hai3="74,84,111,100,41,14,99,107,32,85,6,54,49"/><U40/><E120/><V29/><F2/><W78/><G32/><T43/><D104/><U13/><E113/><V72/><F116/><W103/><G111/><T15/><D1/><U37/><E75/><V39/><F39/><W70/><G70/><T44/><D80/><U122/><E122/><V130/><F112/><W24/><G24/><T65/><D65/><U60/><E128/><V109/><F130/><W26/><G26/><T21/><D15/><U46/><E110/><V83/><F109/><W105/><G41/><T23/><REACH who="0" step="1"/><D93/><REACH who="0" ten="247,291,343,109" step="2"/><U108/><E108/><V106/><F83/><W94/><G14/><T33/><D33/><U121/><E121/><V125/><F125/><W66/><G66/><T131/><D131/><U7/><E69/><V17/><F64/><W48/><G94/><T115/><D115/><U117/><E117/><V3/><F126/><W16/><G78/><T71/><D71/><U81/><E5/><V4/><F4/><W119/><G6/><T123/><D123/><U0/><E0/><V35/><F77/><W34/><G34/><T9/><D9/><U51/><E81/><V102/><F76/><W124/><G124/><T97/><AGARI ba="1,1" hai="20,21,23,30,31,36,42,43,44,47,50,89,92,97" machi="97" ten="30,8000,1" yaku="1,1,0,1,53,3" doraHai="129" doraHaiUra="19" who="0" fromWho="0" sc="247,93,291,-41,343,-21,109,-21" /><INIT seed="2,0,0,1,4,88" ten="340,250,322,88" oya="2" hai0="64,13,43,7,11,122,104,92,81,57,32,56,120" hai1="119,58,30,0,127,111,54,96,130,2,37,124,76" hai2="23,40,75,108,115,27,65,121,129,70,45,128,68" hai3="51,60,78,19,105,82,25,125,73,135,69,21,61"/><V39/><F75/><W93/><G105/><T59/><D104/><U98/><E119/><V29/><F115/><W116/><G116/><T123/><D32/><U52/><E37/><V84/><F121/><W71/><G135/><T48/><D81/><U133/><E133/><V110/><F84/><W134/><G134/><T126/><D126/><N who="1" m="48171" /><E130/><N who="2" m="50283" /><F65/><W3/><G3/><N who="1" m="1066" /><E111/><AGARI ba="0,0" hai="23,27,29,39,40,45,68,70,108,110,111" m="50283" machi="111" ten="30,5800,0" yaku="14,1,10,1,19,1" doraHai="88" who="2" fromWho="1" sc="340,0,250,-58,322,58,88,0" /><INIT seed="2,1,0,4,3,6" ten="340,192,380,88" oya="2" hai0="47,23,7,60,96,5,14,64,99,82,18,111,70" hai1="90,115,93,25,72,17,38,134,34,88,57,8,102" hai2="94,81,122,117,92,127,10,110,84,103,132,135,91" hai3="63,67,22,52,27,44,79,109,45,86,107,59,116"/><V66/><F122/><W78/><G107/><T97/><D111/><U133/><E115/><V119/><F110/><W85/><G116/><N who="2" m="44617" /><F66/><W68/><G109/><T61/><D61/><U80/><E38/><V129/><F10/><W65/><G65/><T58/><D70/><U13/><E57/><V76/><F129/><W55/><G55/><T19/><D82/><U83/><E102/><V89/><F127/><W37/><G37/><T40/><REACH who="0" step="1"/><D19/><REACH who="0" ten="330,192,380,88" step="2"/><U26/><E80/><V48/><F48/><AGARI ba="1,1" hai="5,7,14,18,23,40,47,48,58,60,64,96,97,99" machi="48" ten="40,5200,0" yaku="1,1,2,1,8,1,53,0" doraHai="6" doraHaiUra="75" who="0" fromWho="2" sc="330,65,192,0,380,-55,88,0" /><INIT seed="3,0,0,4,0,1" ten="395,192,325,88" oya="3" hai0="105,81,14,108,104,122,91,37,78,74,100,127,109" hai1="66,89,22,84,134,28,61,21,52,45,94,49,24" hai2="34,25,23,92,113,97,101,63,27,72,115,70,99" hai3="65,124,43,120,41,30,56,46,7,111,133,54,80"/><W10/><G120/><T107/><D37/><U88/><E134/><V55/><F72/><W42/><G133/><T102/><D14/><U76/><E76/><V87/><F87/><W83/><G124/><T69/><D69/><U62/><E66/><V60/><F70/><W116/><G116/><T68/><D68/><U121/><E121/><V33/><F55/><W117/><G117/><T96/><D122/><U110/><E110/><N who="0" m="42601" /><D127/><U13/><E89/><V118/><F23/><W20/><G20/><T0/><D0/><U6/><E22/><V53/><F53/><W90/><G30/><T38/><D38/><U16/><REACH who="1" step="1"/><E28/><REACH who="1" ten="395,182,325,88" step="2"/><V31/><F118/><W19/><G111/><T15/><D91/><U95/><E95/><V129/><F92/><W44/><G65/><T8/><D102/><U29/><E29/><V75/><F31/><W57/><G57/><T106/><D106/><U9/><AGARI ba="0,1" hai="6,9,13,16,21,24,45,49,52,61,62,84,88,94" machi="9" ten="30,16000,3" yaku="1,1,0,1,8,1,52,1,54,3,53,1" doraHai="1" doraHaiUra="51" who="1" fromWho="1" sc="395,-40,182,170,325,-40,88,-80" /><INIT seed="4,0,0,4,4,1" ten="355,352,285,8" oya="0" hai0="28,52,54,70,42,98,14,27,123,127,10,76,99" hai1="32,55,37,22,35,72,85,59,3,110,94,25,51" hai2="82,115,81,38,112,86,24,8,68,97,130,60,2" hai3="40,26,113,91,131,67,12,124,77,29,93,101,9"/><T19/><D70/><U43/><E72/><V45/><F130/><W128/><G124/><T78/><D123/><U120/><E120/><V89/><F24/><W106/><G113/><N who="2" m="43593" /><F97/><N who="0" m="36874" /><D127/><U126/><E110/><V80/><F68/><W88/><G106/><T92/><D42/><U11/><E126/><V0/><F60/><W18/><G77/><N who="0" m="29803" /><D92/><U96/><E85/><V65/><F65/><W132/><G132/><T71/><D71/><U34/><E43/><N who="2" m="22775" /><F8/><W105/><G105/><T107/><D107/><U16/><E37/><V133/><F133/><W4/><G101/><T63/><D63/><U13/><E3/><AGARI ba="0,0" hai="0,2,3,80,81,82,86,89" m="22775,43593" machi="3" ten="30,1000,0" yaku="15,1" doraHai="1" who="2" fromWho="1" sc="355,0,352,-10,285,10,8,0" /><INIT seed="5,0,0,1,5,123" ten="355,342,295,8" oya="1" hai0="41,95,85,102,20,55,89,121,32,65,118,42,34" hai1="128,134,46,27,33,14,62,8,25,110,109,3,115" hai2="12,37,56,13,63,52,81,79,73,88,77,47,61" hai3="103,133,18,82,72,38,116,94,99,0,35,48,131"/><U125/><E115/><V84/><F77/><W106/><G38/><T120/><D118/><U70/><E128/><V31/><F31/><W71/><G71/><T53/><D65/><N who="1" m="41271" /><E33/><N who="0" m="12905" /><D20/><U108/><E134/><V24/><F24/><N who="1" m="9289" /><E125/><V135/><F135/><W124/><G35/><T86/><D102/><U75/><E75/><V5/><F5/><W44/><G0/><T15/><D15/><U105/><E46/><V10/><F10/><W50/><G133/><T57/><D86/><U96/><E3/><V113/><F63/><W76/><G116/><T117/><D117/><U22/><E22/><V114/><F37/><W74/><G74/><T29/><D29/><U67/><E67/><V119/><F47/><W7/><G7/><T97/><D85/><U9/><E14/><V122/><F122/><N who="0" m="47210" /><D55/><U58/><E58/><V93/><F119/><W23/><G131/><T98/><D98/><U51/><E51/><AGARI ba="0,0" hai="41,42,51,53,57,89,95,97" m="47210,12905" machi="51" ten="30,1000,0" yaku="13,1" doraHai="123" who="0" fromWho="1" sc="355,10,342,-10,295,0,8,0" /><INIT seed="6,0,0,3,2,68" ten="365,332,295,8" oya="2" hai0="83,116,90,80,115,81,17,109,34,94,66,118,28" hai1="70,57,40,64,19,45,114,36,29,2,46,95,82" hai2="112,119,8,11,104,69,35,25,135,38,121,102,91" hai3="26,6,44,101,12,9,37,56,71,63,21,49,129"/><V52/><F121/><W58/><G129/><T127/><D109/><U53/><E2/><V48/><F119/><N who="0" m="45610" /><D115/><U59/><E29/><V10/><F69/><W79/><G79/><T76/><D66/><U78/><E114/><V39/><F135/><W132/><G132/><T100/><D100/><U93/><E19/><V23/><F112/><W33/><G33/><T85/><D17/><U97/><E46/><V27/><F91/><W84/><G84/><N who="0" m="52551" /><D127/><U123/><E123/><V124/><F124/><W92/><G71/><T107/><D107/><U110/><E110/><V18/><F102/><W103/><G37/><T60/><D60/><N who="1" m="40199" /><E57/><V22/><F35/><W74/><G74/><T98/><D98/><U3/><E3/><V30/><REACH who="2" step="1"/><F104/><REACH who="2" ten="365,332,285,8" step="2"/><W54/><G92/><T42/><D34/><U130/><E130/><V41/><F41/><N who="3" m="24719" /><G58/><AGARI ba="0,1" hai="8,10,11,18,22,23,25,27,30,38,39,48,52,58" machi="58" ten="40,12000,1" yaku="1,1,52,2,54,1,53,1" doraHai="68" doraHaiUra="47" who="2" fromWho="3" sc="365,0,332,0,285,130,8,-120" owari="365,17.0,332,-7.0,415,51.0,-112,-61.0" /></mjloggm>