<mjloggm ver="2.3"><GO type="169" lobby="0"/><UN n0="%E3%83%86%E3%83%AC%E3%83%93%E3%81%A3%E5%AD%90" n1="%E5%B0%B1%E6%B4%BB%E7%94%9F%40%E5%B7%9D%E6%9D%91%E8%BB%8D%E5%9B%A3" n2="%E3%81%8B%E3%81%AB%E3%83%9E%E3%82%B8%E3%83%B3" n3="%E2%80%A0%58%54%45%4E%44%E2%80%A0" dan="17,18,17,17" rate="2141.45,2273.26,2166.63,2200.90" sx="M,M,M,F"/><TAIKYOKU oya="0"/><INIT seed="0,0,0,2,1,44" ten="250,250,250,250" oya="0" hai0="48,97,126,31,120,95,118,108,113,80,102,85,45" hai1="30,78,46,38,0,42,5,134,89,52,47,106,53" hai2="40,14,99,111,66,58,59,91,93,101,2,124,77" hai3="82,16,130,57,8,100,112,37,29,55,12,28,10"/><T23/><D120/><U61/><E106/><V7/><F2/><W27/><G112/><T21/><D113/><U73/><E30/><V65/><F124/><W115/><G115/><T86/><D126/><U87/><E134/><V135/><F77/><W67/><G37/><T116/><D108/><U122/><E61/><V72/><F72/><W62/><G130/><T1/><D1/><U32/><E32/><V133/><F40/><W98/><G82/><T132/><D132/><U20/><E20/><V17/><F7/><W109/><G109/><T92/><D92/><U63/><E63/><V90/><F111/><W3/><G27/><T79/><D85/><U117/><E47/><V125/><F125/><W25/><G25/><T24/><REACH who="0" step="1"/><D21/><REACH who="0" ten="240,250,250,250" step="2"/><U15/><E122/><V35/><F93/><N who="3" m="58447" /><G3/><T131/><D131/><U22/><E0/><V60/><F135/><W76/><G76/><T119/><D119/><U6/><E117/><V103/><F133/><W33/><G33/><T11/><D11/><U68/><E78/><V64/><F35/><W34/><G34/><T4/><D4/><U74/><E74/><V54/><F99/><W39/><G8/><T26/><D26/><U83/><E73/><V9/><F9/><W94/><G94/><T123/><D123/><U56/><E6/><V81/><F81/><W19/><G10/><T88/><D88/><U51/><E5/><V75/><F91/><W104/><G104/><T36/><D36/><U114/><E114/><V13/><F90/><W110/><G39/><T70/><D70/><U84/><E89/><V71/><F75/><RYUUKYOKU ba="0,1" sc="240,30,250,-10,250,-10,250,-10" hai0="23,24,31,45,48,79,80,86,95,97,102,116,118" /><INIT seed="0,1,1,4,5,94" ten="270,240,240,240" oya="0" hai0="19,43,88,124,97,0,92,59,24,28,68,115,44" hai1="131,98,11,93,130,15,83,84,61,77,60,16,56" hai2="58,80,27,21,81,118,5,34,23,129,72,9,122" hai3="71,119,36,109,46,128,117,49,63,127,90,38,102"/><T126/><D68/><U45/><E45/><V106/><F122/><W79/><G79/><T95/><D115/><U120/><E120/><V1/><F118/><N who="3" m="45067" /><G102/><T70/><D70/><U135/><E135/><V112/><F112/><W25/><G90/><T67/><D0/><U48/><E48/><V66/><F106/><W101/><G101/><T6/><D6/><U40/><E40/><V82/><F72/><W86/><G86/><T20/><D92/><U53/><REACH who="1" step="1"/><E61/><REACH who="1" ten="270,230,240,240" step="2"/><V17/><F129/><W69/><G63/><T74/><D74/><U26/><E26/><V114/><F114/><W18/><G25/><T78/><D44/><U65/><E65/><V111/><F66/><W64/><G64/><T31/><D43/><U75/><E75/><V116/><F27/><W99/><G49/><T35/><D67/><U73/><E73/><V51/><F51/><W57/><G46/><T50/><D50/><U12/><E12/><V107/><F116/><W87/><G71/><T103/><D59/><U113/><E113/><V37/><F58/><W85/><G69/><T134/><D134/><U54/><E54/><V62/><F62/><W10/><G57/><T42/><D42/><U91/><AGARI ba="1,2" hai="11,15,16,53,56,60,77,83,84,91,93,98,130,131" machi="91" ten="30,8000,1" yaku="1,1,0,1,52,1,54,1,53,1" doraHai="94" doraHaiUra="8" who="1" fromWho="1" sc="270,-41,230,103,240,-21,240,-21" /><INIT seed="1,0,0,3,2,135" ten="229,333,219,219" oya="1" hai0="123,113,134,9,106,75,127,27,112,115,99,100,2" hai1="47,102,87,67,114,105,13,68,1,108,73,4,39" hai2="107,36,90,3,121,126,130,74,125,70,109,52,77" hai3="45,129,128,16,118,62,71,46,83,50,11,104,25"/><U80/><E13/><V91/><RYUUKYOKU type="yao9" ba="0,0" sc="229,0,333,0,219,0,219,0" hai2="3,36,52,70,74,77,90,91,107,109,121,125,126,130" /><INIT seed="1,1,0,2,0,73" ten="229,333,219,219" oya="1" hai0="97,63,75,130,65,42,119,39,123,128,96,67,108" hai1="84,135,92,56,41,91,13,89,98,74,24,9,78" hai2="25,23,60,70,64,62,107,2,93,59,47,111,7" hai3="53,17,30,95,104,134,116,27,22,112,125,132,31"/><U36/><E135/><N who="3" m="51754" /><G104/><T114/><D114/><U109/><E109/><V83/><F107/><W121/><G53/><T26/><D108/><U69/><E69/><V66/><F111/><W8/><G95/><T1/><D119/><U18/><E36/><V52/><F93/><W57/><G57/><T11/><D123/><U20/><E41/><V71/><F47/><W133/><G133/><T16/><D75/><U46/><E46/><V122/><F122/><W81/><G121/><T118/><D118/><U101/><E56/><V48/><F83/><W49/><G116/><T103/><D39/><U38/><E38/><V12/><F2/><W120/><G120/><T99/><D42/><U0/><E0/><V72/><F72/><W14/><G49/><T94/><D67/><U115/><E115/><V127/><F127/><W35/><G81/><T100/><D100/><U77/><E74/><V40/><F40/><W87/><G87/><T15/><D1/><U37/><E37/><V76/><F7/><N who="3" m="3359" /><G112/><T33/><D63/><U45/><E45/><V32/><F12/><N who="3" m="9511" /><G31/><N who="0" m="19703" /><D65/><U10/><E10/><V80/><F32/><W44/><G44/><T34/><D34/><U68/><E68/><V88/><F88/><N who="1" m="33865" /><E84/><V79/><F80/><W106/><G106/><T86/><D86/><U51/><E51/><V117/><F117/><W102/><G102/><T85/><D85/><U5/><AGARI ba="1,0" hai="5,9,13,18,20,24,77,78,92,98,101" m="33865" machi="5" ten="30,11700,0" yaku="8,1,52,2,54,1" doraHai="73" who="1" fromWho="1" sc="229,-40,333,120,219,-40,219,-40" /><INIT seed="1,2,0,1,5,20" ten="189,453,179,179" oya="1" hai0="88,114,87,100,121,97,75,85,109,118,47,49,90" hai1="123,19,64,83,38,16,29,31,28,23,18,131,66" hai2="93,41,48,24,91,116,107,5,59,39,110,51,127" hai3="61,135,70,63,117,57,95,122,6,56,73,55,68"/><U52/><E38/><V125/><F107/><W14/><G73/><T62/><D118/><U77/><E123/><V98/><F116/><W33/><G117/><T101/><D75/><U72/><E131/><V129/><F129/><W35/><G122/><T119/><D119/><U7/><E7/><V26/><F110/><W45/><G135/><T102/><D121/><U89/><E89/><V84/><F5/><W76/><G76/><T69/><D114/><U86/><E72/><V34/><F34/><W27/><G45/><T132/><D109/><U44/><E23/><V104/><F39/><W134/><G134/><T1/><D1/><U17/><N who="1" m="4096" /><DORA hai="108" /><U71/><E71/><V50/><F59/><W36/><G95/><T120/><D120/><U67/><E67/><V124/><F41/><W105/><G105/><T58/><D69/><U46/><E46/><V103/><AGARI ba="2,0" hai="24,26,48,50,51,84,91,93,98,103,104,124,125,127" machi="103" ten="40,8000,1" yaku="0,1,18,1,52,2" doraHai="20,108" who="2" fromWho="2" sc="189,-22,453,-42,179,86,179,-22" /><INIT seed="2,0,0,3,5,96" ten="167,411,265,157" oya="2" hai0="26,5,122,82,134,98,111,28,0,17,129,130,41" hai1="116,90,120,103,121,24,42,112,3,132,48,84,21" hai2="7,72,49,14,59,86,10,50,52,71,85,73,70" hai3="125,79,128,57,135,62,126,95,45,40,37,47,22"/><V29/><F29/><W31/><G79/><T2/><D122/><N who="1" m="47211" /><E116/><V43/><F72/><W23/><G128/><N who="0" m="49259" /><D41/><U118/><E132/><V32/><F73/><W18/><G135/><T83/><D134/><U91/><E3/><N who="0" m="1065" /><D5/><U75/><E75/><V46/><REACH who="2" step="1"/><F32/><REACH who="2" ten="167,411,255,157" step="2"/><W6/><G31/><T25/><D111/><U110/><E110/><V55/><F55/><W63/><G126/><T89/><D17/><U92/><E118/><V51/><F51/><W60/><G125/><T30/><D28/><U127/><E127/><V81/><F81/><W44/><G18/><T4/><D4/><U20/><E112/><V68/><AGARI ba="0,1" hai="7,10,14,43,46,49,50,52,59,68,70,71,85,86" machi="68" ten="30,6000,0" yaku="1,1,0,1,54,1,53,0" doraHai="96" doraHaiUra="133" who="2" fromWho="2" sc="167,-20,411,-20,255,70,157,-20" /><INIT seed="2,1,0,1,3,128" ten="147,391,325,137" oya="2" hai0="54,20,52,90,9,19,119,12,38,59,116,67,17" hai1="104,22,61,135,81,43,114,63,110,127,14,78,131" hai2="45,105,37,122,100,134,112,10,89,65,113,36,8" hai3="133,96,109,121,132,99,15,53,68,58,92,23,118"/><V60/><F122/><W79/><G121/><T34/><D34/><U97/><E114/><V77/><F77/><W24/><G118/><N who="0" m="45099" /><D38/><U25/><E43/><V56/><F105/><W93/><G68/><T11/><D90/><U28/><E131/><V102/><F89/><N who="3" m="55311" /><G109/><T44/><D44/><U126/><E14/><V4/><F45/><W5/><G79/><T88/><D88/><U0/><E0/><V80/><F80/><W117/><G117/><T2/><D2/><U50/><E50/><V125/><F125/><W7/><G15/><N who="0" m="7423" /><D20/><U82/><E110/><V21/><F21/><W72/><G72/><T106/><D106/><U30/><E82/><V31/><F8/><W6/><G99/><T49/><D54/><U32/><E97/><V108/><F10/><W48/><G93/><T55/><D55/><U83/><E104/><V42/><F42/><W33/><G33/><T120/><D120/><U123/><E83/><V29/><F36/><W51/><G51/><T35/><D35/><U84/><E123/><V66/><F37/><W107/><G107/><T69/><D69/><U57/><E32/><V18/><F108/><W76/><G76/><T87/><D67/><U47/><E30/><V46/><F29/><W85/><G85/><AGARI ba="1,0" hai="9,12,19,49,52,59,85,87" m="7423,45099" machi="85" ten="30,2000,0" yaku="12,1,54,1" doraHai="128" who="0" fromWho="3" sc="147,23,391,0,325,0,137,-23" /><INIT seed="3,0,0,5,0,50" ten="170,391,325,114" oya="3" hai0="1,100,127,113,37,95,110,47,7,35,94,116,124" hai1="72,8,112,36,19,49,53,21,81,63,17,40,76" hai2="131,33,62,20,84,99,103,58,71,60,115,57,119" hai3="4,134,6,69,11,129,2,30,75,61,135,38,52"/><W22/><G38/><T80/><D116/><U56/><E112/><V32/><F115/><W130/><G75/><T54/><D113/><U67/><E8/><V25/><F71/><W51/><G6/><T132/><D35/><U15/><E19/><V87/><F131/><N who="3" m="50187" /><G61/><T92/><D110/><U23/><E36/><V97/><F119/><W16/><G69/><T39/><D132/><U66/><E23/><V120/><F120/><W125/><G30/><T107/><D80/><U73/><E73/><V14/><F14/><N who="3" m="9495" /><G125/><N who="0" m="48203" /><D7/><U114/><E114/><V26/><F20/><W65/><G65/><T77/><D77/><U3/><E3/><V79/><F79/><W9/><G9/><T18/><D18/><U91/><E91/><V5/><F5/><W68/><G68/><T48/><D1/><U108/><E108/><V86/><F103/><W27/><G27/><T55/><D37/><U117/><E117/><V10/><F10/><W109/><G109/><T46/><D39/><U83/><E67/><N who="2" m="39311" /><F32/><W123/><G123/><T126/><D126/><U102/><E102/><V31/><F33/><W70/><G70/><T128/><D128/><U82/><E40/><V106/><F31/><W93/><G93/><T12/><D12/><U34/><E34/><V45/><F25/><W105/><G105/><T28/><D28/><U85/><E72/><V133/><F106/><W13/><G13/><T41/><D107/><U42/><E42/><V64/><F26/><W0/><G0/><T74/><D74/><U104/><E104/><V111/><F111/><W29/><G29/><T89/><D100/><RYUUKYOKU ba="0,0" sc="170,-15,391,15,325,-15,114,15" hai1="15,17,21,49,53,56,63,66,76,81,82,83,85" hai3="2,4,11,51,52,134,135" /><INIT seed="3,1,0,0,2,91" ten="155,406,310,129" oya="3" hai0="52,120,132,135,56,28,3,66,51,108,49,127,129" hai1="84,13,72,106,62,63,36,15,78,79,119,99,88" hai2="57,94,30,17,118,44,123,125,117,42,116,5,50" hai3="29,2,82,4,65,55,124,31,101,41,12,1,40"/><W34/><G124/><T11/><D120/><U75/><E36/><V21/><F125/><W86/><G65/><T103/><D127/><U89/><E84/><V47/><F123/><W100/><G12/><T48/><D108/><U53/><E53/><V10/><F30/><W93/><G55/><T24/><D103/><U71/><E106/><V110/><F110/><W6/><G86/><T73/><D73/><U46/><E46/><V26/><F57/><W111/><G111/><T80/><D80/><U19/><E99/><V104/><F104/><W58/><G58/><T92/><D129/><U70/><E19/><V128/><F44/><W69/><G82/><T121/><D121/><U23/><E23/><V115/><F128/><W109/><G109/><T122/><D122/><U131/><E131/><V130/><F130/><W8/><G8/><T134/><D66/><U97/><E97/><V96/><F115/><W43/><G43/><T81/><D81/><U77/><E77/><V95/><REACH who="2" step="1"/><F96/><REACH who="2" ten="155,406,300,129" step="2"/><W85/><G69/><T54/><D56/><U20/><E20/><V25/><F25/><W0/><G34/><T87/><D24/><U22/><E22/><V7/><F7/><N who="3" m="2603" /><G31/><T102/><D28/><U83/><E119/><V112/><F112/><W105/><G29/><T64/><D135/><U32/><E32/><V98/><F98/><N who="3" m="61623" /><G100/><T35/><D134/><U76/><E76/><V68/><F68/><W90/><G41/><T113/><D132/><U114/><E114/><V38/><F38/><W61/><G40/><T9/><D113/><U60/><E60/><V33/><F33/><RYUUKYOKU ba="1,1" sc="155,-30,406,10,300,10,129,10" hai1="13,15,62,63,70,71,72,75,78,79,83,88,89" hai2="5,10,17,21,26,42,47,50,94,95,116,117,118" hai3="0,1,2,61,85,90,93" /><INIT seed="3,2,1,2,4,38" ten="125,416,310,139" oya="3" hai0="42,106,100,66,56,70,69,124,0,9,74,125,36" hai1="99,134,94,18,48,116,103,16,49,68,24,88,2" hai2="107,23,30,119,77,67,108,82,44,105,25,61,60" hai3="71,79,31,28,135,20,109,72,133,113,128,6,14"/><W47/><G71/><N who="0" m="27147" /><D100/><U120/><E2/><V41/><F119/><W12/><G113/><T110/><D9/><U96/><E120/><V91/><F91/><W83/><G128/><T117/><D74/><U50/><E68/><V92/><F92/><W80/><G80/><T78/><D0/><U130/><E116/><V8/><F8/><N who="3" m="4119" /><G109/><T95/><D95/><N who="1" m="58879" /><E130/><V63/><F67/><W84/><G72/><T98/><D98/><U4/><E134/><N who="3" m="51210" /><G47/><N who="0" m="24007" /><D106/><U87/><E4/><V121/><F108/><W10/><G20/><T59/><D78/><U101/><E24/><V76/><F121/><W97/><G97/><T46/><D117/><U111/><E111/><V51/><REACH who="2" step="1"/><F77/><REACH who="2" ten="125,416,300,139" step="2"/><W22/><G22/><T45/><D110/><U17/><E101/><V43/><F43/><W57/><G57/><N who="0" m="22091" /><D66/><U122/><E122/><V90/><F90/><W131/><G131/><T81/><D81/><U3/><E3/><V85/><AGARI ba="2,2" hai="23,25,30,41,44,51,60,61,63,76,82,85,105,107" machi="85" ten="30,4000,0" yaku="1,1,0,1,52,1,53,0" doraHai="38" doraHaiUra="123" who="2" fromWho="2" sc="125,-12,416,-12,300,66,139,-22" /><INIT seed="4,0,0,3,0,108" ten="113,404,366,117" oya="0" hai0="29,93,39,111,128,86,64,91,19,133,67,87,13" hai1="48,66,110,57,10,72,107,78,122,62,14,33,124" hai2="15,27,45,35,132,81,18,120,112,22,82,52,117" hai3="97,99,4,23,113,121,16,24,9,2,56,7,60"/><T28/><D39/><U95/><E107/><V76/><F120/><W49/><G121/><T46/><D111/><U6/><E110/><V90/><F132/><W134/><G134/><T31/><D133/><U25/><E122/><V127/><F127/><W20/><G7/><T47/><D128/><U12/><E124/><V3/><F3/><W71/><G71/><T83/><D67/><U135/><E135/><V84/><F117/><W0/><G0/><T1/><D64/><U8/><E72/><V105/><F105/><W94/><G49/><T75/><D75/><U40/><E78/><V102/><F102/><W80/><G80/><T44/><D1/><U59/><E95/><V5/><F35/><W68/><G68/><T51/><D86/><U125/><E125/><V126/><F5/><W98/><G23/><T61/><D61/><U58/><E25/><V88/><F27/><W100/><G113/><T104/><D104/><U34/><E34/><V101/><F101/><W11/><REACH who="3" step="1"/><G9/><REACH who="3" ten="113,404,366,107" step="2"/><T116/><D116/><U55/><E33/><V123/><F112/><W26/><G26/><T109/><D109/><U36/><E36/><V106/><F81/><W38/><G38/><T103/><D51/><U70/><E40/><V30/><F82/><W43/><G43/><T96/><D31/><U89/><E10/><AGARI ba="0,1" hai="10,13,19,28,29,44,46,47,83,87,91,93,96,103" machi="10" ten="40,2000,0" yaku="8,1" doraHai="108" who="0" fromWho="1" sc="113,30,404,-20,366,0,107,0" /><INIT seed="4,1,0,2,2,46" ten="143,384,366,107" oya="0" hai0="127,12,99,114,14,5,48,67,86,25,116,31,130" hai1="45,18,21,38,3,119,9,79,75,61,81,66,94" hai2="40,72,24,107,101,108,117,96,39,129,53,6,63" hai3="115,73,132,4,68,95,113,19,23,121,126,111,97"/><T123/><D123/><U124/><E119/><V110/><F117/><W84/><G111/><T59/><D116/><U90/><E124/><V102/><F72/><W135/><G73/><T42/><D127/><U51/><E38/><V122/><F122/><W33/><G126/><T128/><D114/><N who="3" m="43529" /><G121/><T103/><D86/><U15/><E3/><V69/><F102/><N who="3" m="60735" /><G33/><T70/><D70/><U52/><E21/><V85/><F85/><W43/><G68/><T83/><D83/><U88/><E94/><V133/><F6/><W91/><G4/><T65/><D65/><U105/><E105/><V104/><F24/><N who="3" m="14463" /><G43/><T118/><D118/><U112/><E112/><V80/><F40/><W29/><G29/><T36/><D14/><U131/><E131/><V22/><F129/><W7/><G7/><T49/><D12/><U2/><E2/><V20/><F69/><AGARI ba="1,0" hai="9,15,18,45,51,52,61,66,69,75,79,81,88,90" machi="69" ten="30,7700,0" yaku="7,1,52,1,54,2" doraHai="46" who="1" fromWho="2" sc="143,0,384,80,366,-80,107,0" /><INIT seed="5,0,0,3,4,127" ten="143,464,286,107" oya="1" hai0="34,129,135,41,38,5,25,63,70,92,11,67,33" hai1="128,23,36,18,58,43,72,24,94,39,109,64,17" hai2="0,56,52,100,116,88,66,14,27,83,68,45,6" hai3="115,29,26,96,95,8,118,48,78,20,101,76,15"/><U22/><E72/><V69/><F116/><W16/><G118/><T75/><D135/><U19/><E109/><V1/><F100/><W123/><G123/><T62/><D92/><U81/><E81/><V30/><F66/><W99/><G115/><T10/><D10/><U119/><E119/><V86/><F45/><W40/><REACH who="3" step="1"/><G99/><REACH who="3" ten="143,464,286,97" step="2"/><T54/><D34/><U131/><E36/><V13/><F68/><W103/><G103/><T90/><D33/><U107/><E39/><V46/><F69/><W93/><G93/><T2/><D70/><U113/><E107/><V110/><F110/><W133/><G133/><T32/><D32/><U134/><E113/><V53/><F83/><W84/><G84/><T120/><D120/><U87/><E134/><V65/><F86/><W124/><G124/><T102/><D102/><U31/><E87/><V80/><F80/><W61/><G61/><T74/><D62/><U50/><E94/><V35/><F35/><W132/><G132/><T37/><D63/><U73/><E73/><V104/><F104/><W55/><G55/><T130/><D75/><U122/><E122/><V108/><F52/><W111/><G111/><T51/><D74/><U97/><E97/><V3/><F53/><W98/><G98/><T79/><D38/><U114/><E114/><V91/><F108/><W121/><G121/><T59/><D37/><U77/><E64/><V106/><F65/><W126/><G126/><T89/><D67/><U7/><E43/><V4/><F106/><W47/><AGARI ba="0,1" hai="8,15,16,20,26,29,40,47,48,76,78,95,96,101" machi="47" ten="30,8000,1" yaku="1,1,0,1,8,1,54,1,53,1" doraHai="127" doraHaiUra="44" who="3" fromWho="3" sc="143,-20,464,-40,286,-20,97,90" /><INIT seed="6,0,0,3,4,37" ten="123,424,266,187" oya="2" hai0="103,87,118,134,86,121,18,132,64,47,7,97,119" hai1="53,84,68,49,19,80,1,127,24,20,57,5,60" hai2="32,74,39,70,16,131,63,69,17,116,2,109,22" hai3="91,82,85,88,92,40,123,100,79,113,93,43,31"/><V9/><F116/><N who="0" m="44586" /><D7/><U102/><E127/><V98/><F32/><W129/><G123/><T125/><D64/><U15/><E1/><V105/><F74/><W120/><G120/><T13/><D47/><U3/><E3/><V76/><F76/><W61/><G129/><T27/><D27/><U90/><E102/><V51/><F39/><W104/><G113/><T8/><D121/><U45/><E68/><V54/><F131/><W0/><G0/><T89/><D125/><U110/><E110/><V38/><F38/><W135/><G135/><N who="0" m="51755" /><D89/><N who="3" m="34377" /><G104/><AGARI ba="0,0" hai="8,13,18,86,87,97,103,104" m="51755,44586" machi="104" ten="30,2000,0" yaku="12,1,20,1" doraHai="37" who="0" fromWho="3" sc="123,20,424,0,266,0,187,-20" /><INIT seed="7,0,0,2,3,10" ten="143,424,266,167" oya="3" hai0="119,6,99,0,2,120,55,83,97,36,74,42,85" hai1="103,16,49,66,126,79,54,5,106,17,91,115,62" hai2="128,70,93,29,80,25,41,39,69,65,124,121,117" hai3="133,131,31,27,107,88,75,15,9,48,60,68,7"/><W63/><G107/><T96/><D120/><U67/><E79/><V90/><F117/><W46/><G75/><T58/><D119/><U64/><E126/><V111/><F111/><W19/><G131/><T1/><D74/><U11/><E115/><V30/><F80/><W84/><G133/><T35/><D35/><U116/><E116/><V81/><F81/><N who="3" m="49167" /><G68/><T113/><D113/><U122/><E122/><V33/><F69/><W43/><G31/><T112/><D112/><U108/><E108/><V61/><F30/><W37/><G37/><T95/><D42/><U32/><E32/><V129/><F124/><W20/><AGARI ba="0,0" hai="7,9,15,19,20,27,43,46,48,60,63" m="49167" machi="20" ten="30,6000,0" yaku="8,1,52,1,54,1" doraHai="10" who="3" fromWho="3" sc="143,-20,424,-20,266,-20,167,60" /><INIT seed="7,1,0,4,3,22" ten="123,404,246,227" oya="3" hai0="94,131,53,102,82,122,44,70,40,89,49,67,115" hai1="100,32,83,5,101,55,119,127,118,41,130,63,110" hai2="77,74,134,76,31,64,39,54,96,123,132,86,62" hai3="95,15,81,80,14,129,17,61,78,50,21,36,52"/><W34/><G34/><T4/><D122/><U91/><E110/><V24/><F39/><W10/><G36/><T112/><D131/><U46/><E32/><V87/><F123/><W43/><G129/><T128/><D128/><U7/><E130/><V120/><F120/><W57/><G95/><T104/><D82/><U108/><E108/><V18/><F18/><W84/><G81/><T69/><D102/><N who="1" m="39531" /><E55/><V111/><F96/><W59/><G43/><T124/><D104/><U51/><E63/><V75/><F54/><W105/><G105/><T11/><D11/><U47/><E47/><V98/><F98/><W25/><G10/><T103/><D103/><U97/><E127/><V116/><F116/><N who="1" m="44585" /><E97/><V121/><F111/><W9/><G9/><T60/><D4/><U107/><E107/><V66/><F121/><W113/><G113/><N who="0" m="43595" /><D94/><U16/><E16/><V35/><F64/><AGARI ba="1,0" hai="14,15,17,21,25,50,52,57,59,61,64,78,80,84" machi="64" ten="30,11600,0" yaku="7,1,8,1,52,1,54,1" doraHai="22" who="3" fromWho="2" sc="123,0,404,0,246,-119,227,119" /><INIT seed="7,2,0,0,5,34" ten="123,404,127,346" oya="3" hai0="127,36,123,113,57,23,73,128,100,79,117,116,41" hai1="87,37,97,70,92,21,83,42,19,11,76,64,6" hai2="20,38,130,72,48,16,15,63,28,24,10,93,124" hai3="131,86,69,74,3,4,102,12,65,7,61,25,110"/><W112/><G74/><T46/><D123/><U78/><E70/><V13/><F72/><W22/><G3/><T33/><D128/><U96/><E64/><V67/><F38/><W122/><G122/><T52/><D33/><U98/><E37/><V105/><F105/><W90/><G131/><T39/><D39/><U32/><E32/><V29/><F130/><W5/><G110/><T85/><D127/><U132/><E132/><V89/><F124/><W2/><G2/><T50/><D73/><U43/><E76/><V59/><F48/><W44/><G102/><T56/><D100/><U77/><E77/><V95/><F13/><W120/><G120/><T106/><D106/><U99/><E11/><V129/><F129/><W75/><G75/><T27/><D113/><U17/><E17/><N who="2" m="12303" /><F95/><W49/><G12/><T121/><D121/><U125/><E6/><V40/><F40/><N who="1" m="15401" /><E99/><AGARI ba="2,0" hai="10,15,16,28,29,59,63,67,89,93,99" m="12303" machi="99" ten="30,2000,0" yaku="8,1,54,1" doraHai="34" who="2" fromWho="1" sc="123,0,404,-26,127,26,346,0" owari="123,-38.0,378,48.0,153,-25.0,346,15.0" /></mjloggm>