<mjloggm ver="2.3"><GO type="169" lobby="0"/><UN n0="%EF%BC%92%EF%BC%97%EF%BC%93%EF%BC%97" n1="%E7%AB%8B%E8%8F%AF%E5%A5%8F" n2="%E3%82%A2%E3%83%83%E3%83%97%E3%83%AB%E3%82%B0%E3%83%9F" n3="%E3%82%A6%E3%83%AB%E3%83%88%E3%83%A9%E7%AB%8B%E7%9B%B4" dan="16,17,18,18" rate="2056.15,2182.26,2218.30,2196.75" sx="F,F,M,M"/><TAIKYOKU oya="0"/><INIT seed="0,0,0,2,4,114" ten="250,250,250,250" oya="0" hai0="121,86,75,33,68,53,112,52,55,42,98,74,91" hai1="14,128,26,50,34,92,29,79,85,135,104,82,96" hai2="122,45,43,73,18,111,30,5,27,22,133,64,127" hai3="72,70,125,84,94,123,0,1,7,88,103,81,67"/><T69/><D112/><U130/><E135/><V20/><F122/><W54/><G123/><T3/><D121/><U117/><E104/><V24/><F73/><W44/><G125/><T38/><D3/><U76/><E76/><V110/><F127/><W78/><G7/><T9/><D33/><U15/><E50/><V6/><F64/><W102/><G67/><T58/><D9/><U10/><E117/><V77/><F77/><W131/><G70/><T66/><D98/><U28/><E28/><V63/><F63/><W32/><G32/><T100/><D100/><U126/><E126/><V13/><F133/><W105/><G131/><N who="1" m="50218" /><E10/><N who="2" m="6455" /><F45/><W19/><G19/><T25/><D25/><U11/><E11/><V71/><F43/><W129/><G129/><T17/><D17/><U89/><AGARI ba="0,0" hai="14,15,26,29,34,79,82,85,89,92,96" m="50218" machi="89" ten="30,1100,0" yaku="19,1" doraHai="114" who="1" fromWho="1" sc="250,-5,250,11,250,-3,250,-3" /><INIT seed="1,0,0,2,3,96" ten="245,261,247,247" oya="1" hai0="74,129,132,67,81,62,113,34,60,104,111,39,126" hai1="68,45,94,43,95,128,47,27,3,2,102,29,103" hai2="16,80,7,85,36,90,4,91,40,52,35,11,48" hai3="131,79,22,15,86,53,97,10,63,106,18,133,32"/><U134/><E68/><V64/><F35/><W37/><G32/><T75/><RYUUKYOKU type="yao9" ba="0,0" sc="245,0,261,0,247,0,247,0" hai0="34,39,60,62,67,74,75,81,104,111,113,126,129,132" /><INIT seed="1,1,0,4,4,90" ten="245,261,247,247" oya="1" hai0="121,135,81,126,12,74,19,108,17,77,65,120,122" hai1="7,76,85,54,35,132,3,44,14,114,39,106,92" hai2="4,6,89,109,100,10,133,70,116,78,25,23,42" hai3="91,112,5,131,82,53,67,105,27,50,118,104,51"/><U113/><E106/><V52/><F116/><W32/><G112/><T15/><D108/><U79/><E132/><V56/><F70/><W36/><G36/><T93/><D135/><U21/><E35/><V13/><F133/><W33/><G67/><T16/><D126/><U86/><E3/><V0/><F109/><W110/><G110/><T128/><D128/><U73/><E73/><V71/><F71/><W37/><G37/><T101/><D65/><U80/><E39/><V38/><F100/><W87/><G131/><T61/><D61/><U29/><E29/><V34/><F78/><W124/><G124/><T94/><D101/><U31/><E31/><V49/><F34/><W69/><G69/><T63/><D63/><U95/><E114/><V125/><F125/><W97/><G118/><T47/><D47/><U20/><E113/><V75/><F75/><W60/><G5/><T22/><D19/><N who="1" m="10359" /><E7/><N who="2" m="3295" /><F0/><W58/><G33/><T46/><D46/><U134/><E134/><V127/><F127/><W24/><G105/><T123/><D123/><U55/><E21/><AGARI ba="1,0" hai="12,15,16,17,21,22,74,77,81,93,94,120,121,122" machi="21" ten="40,8000,1" yaku="9,1,13,1,52,2,54,1" doraHai="90" who="0" fromWho="1" sc="245,83,261,-83,247,0,247,0" /><INIT seed="2,0,0,4,3,39" ten="328,178,247,247" oya="2" hai0="33,1,85,58,25,74,6,80,54,50,29,67,130" hai1="10,81,135,78,36,55,72,16,134,105,0,43,129" hai2="96,116,51,131,56,92,87,70,124,107,66,17,115" hai3="133,48,2,73,52,18,95,47,3,117,40,9,108"/><V122/><F115/><W121/><G121/><T12/><D130/><U132/><E129/><V61/><F131/><W103/><G117/><T118/><D118/><U35/><E35/><V110/><F122/><W42/><G73/><T128/><D128/><U111/><E111/><V79/><F116/><W4/><G108/><T109/><D109/><U82/><E82/><V59/><F110/><W38/><G133/><T123/><D123/><U86/><E55/><N who="2" m="31871" /><F70/><W60/><G38/><T114/><D67/><U28/><E28/><V19/><F107/><W5/><G18/><N who="2" m="6665" /><F124/><W15/><G60/><T23/><D74/><U77/><E105/><V120/><F120/><W84/><G15/><T21/><D1/><U69/><E69/><V76/><F87/><W101/><G101/><AGARI ba="0,0" hai="59,61,66,76,79,92,96,101" m="6665,31871" machi="101" ten="30,1500,0" yaku="8,1" doraHai="39" who="2" fromWho="3" sc="328,0,178,0,247,15,247,-15" /><INIT seed="2,1,0,4,5,29" ten="328,178,262,232" oya="2" hai0="69,120,26,57,40,43,47,134,133,132,28,46,128" hai1="123,27,12,44,66,61,110,73,126,67,24,77,49" hai2="68,88,20,135,55,116,93,33,114,0,36,76,131" hai3="89,34,118,11,59,65,101,6,17,106,83,9,105"/><V75/><RYUUKYOKU type="yao9" ba="1,0" sc="328,0,178,0,262,0,232,0" hai2="0,20,33,36,55,68,75,76,88,93,114,116,131,135" /><INIT seed="2,2,0,1,0,107" ten="328,178,262,232" oya="2" hai0="88,53,82,117,24,9,39,10,79,67,57,68,133" hai1="47,98,2,29,97,99,3,72,45,54,108,104,131" hai2="28,83,66,86,84,23,63,30,42,123,4,69,1" hai3="40,55,7,95,33,90,111,93,80,92,120,130,116"/><V101/><F123/><W38/><G33/><T105/><D133/><U58/><E108/><V34/><F42/><W106/><G116/><T122/><D122/><U51/><E104/><V22/><F84/><W17/><G106/><T11/><D117/><U20/><E131/><V109/><F101/><W26/><G120/><T91/><D39/><U119/><E119/><V77/><F109/><W25/><G111/><T36/><D36/><U8/><E29/><V49/><F49/><W76/><G130/><T134/><D134/><U87/><E20/><V73/><F34/><W102/><G7/><T56/><D68/><U115/><E87/><V89/><F23/><W32/><G102/><T5/><D24/><U118/><E118/><V37/><F37/><W71/><G71/><T27/><D27/><U43/><E115/><V52/><F22/><W125/><G125/><T65/><D5/><U135/><E135/><V110/><F52/><W128/><G17/><T19/><D19/><U64/><E64/><N who="0" m="24649" /><D57/><U126/><E126/><V100/><F100/><W74/><G128/><T0/><D0/><U112/><E112/><V46/><F46/><W18/><G18/><T113/><D105/><U12/><E45/><V15/><F1/><W85/><G55/><T16/><D16/><U35/><E35/><V129/><F110/><W21/><G32/><T94/><D113/><U13/><E2/><V31/><F129/><W75/><G75/><N who="0" m="43391" /><D94/><N who="3" m="36457" /><G21/><T78/><D78/><U127/><E72/><V121/><F121/><W114/><G114/><T62/><D9/><U6/><E127/><V81/><F4/><RYUUKYOKU ba="2,0" sc="328,0,178,0,262,0,232,0" hai0="10,11,53,56,62,88,91" hai1="3,6,8,12,13,43,47,51,54,58,97,98,99" hai2="15,28,30,31,63,66,69,73,77,81,83,86,89" hai3="25,26,38,40,74,76,80,85,90,95" /><INIT seed="2,3,0,4,3,88" ten="328,178,262,232" oya="2" hai0="40,4,46,33,98,3,54,116,74,34,12,36,52" hai1="59,111,43,57,22,125,131,39,96,14,27,48,118" hai2="13,62,77,127,72,63,61,84,87,117,28,23,86" hai3="5,16,15,112,31,105,68,79,113,75,56,24,94"/><V92/><F117/><W80/><G105/><T93/><D116/><U91/><E111/><V65/><F127/><W26/><G68/><T9/><D74/><U130/><E125/><V55/><F72/><W2/><G56/><T121/><D121/><U110/><E110/><V128/><F128/><N who="1" m="49193" /><E118/><V58/><F77/><W25/><G31/><T18/><D34/><U123/><E123/><V95/><F65/><W78/><G78/><T30/><D30/><N who="1" m="17783" /><E39/><V69/><F69/><W6/><G94/><N who="2" m="35881" /><F28/><W21/><REACH who="3" step="1"/><G2/><REACH who="3" ten="328,178,262,222" step="2"/><T126/><D126/><U99/><E57/><V83/><F83/><W19/><G19/><AGARI ba="3,1" hai="13,19,23,55,58,61,62,63,84,86,87" m="35881" machi="19" ten="30,11600,0" yaku="8,1,52,3" doraHai="88" who="2" fromWho="3" sc="328,0,178,0,262,135,222,-125" /><INIT seed="2,4,0,4,0,101" ten="328,178,397,97" oya="2" hai0="10,106,3,6,104,1,98,45,30,15,107,44,66" hai1="23,46,76,72,25,77,56,18,100,102,115,14,68" hai2="26,95,27,49,79,5,127,31,97,7,89,134,117" hai3="84,109,86,63,22,99,52,29,48,9,64,41,119"/><V36/><F36/><W103/><G41/><T59/><D59/><U35/><BYE who="0" /><E68/><UN n0="%EF%BC%92%EF%BC%97%EF%BC%93%EF%BC%97" /><V43/><F117/><W96/><G9/><T17/><D98/><U133/><E133/><V73/><F134/><W54/><G109/><T24/><D66/><U28/><E115/><V111/><F111/><W120/><G120/><T12/><D12/><U124/><E124/><V113/><F113/><W16/><G119/><T93/><D93/><U74/><E46/><N who="2" m="25823" /><F73/><W125/><G29/><T55/><D55/><U92/><E56/><V70/><F70/><W116/><G125/><T40/><D40/><U57/><E57/><V53/><F127/><W81/><G116/><T61/><D61/><U47/><E47/><V126/><F126/><W20/><G64/><T58/><D58/><U128/><E128/><V8/><F79/><W0/><G0/><T42/><D3/><U88/><E72/><V83/><F83/><W91/><G63/><T21/><D42/><U123/><E123/><V34/><F53/><W32/><G32/><AGARI ba="4,0" hai="1,6,10,15,17,21,24,30,32,44,45,104,106,107" machi="32" ten="40,8000,1" yaku="24,2,52,3" doraHai="101" who="0" fromWho="3" sc="328,92,178,0,397,0,97,-92" /><INIT seed="3,0,0,5,3,115" ten="420,178,397,5" oya="3" hai0="45,9,46,100,129,74,50,96,92,114,4,123,63" hai1="35,40,5,82,17,59,109,52,106,62,51,48,104" hai2="24,78,135,134,85,19,2,28,103,125,25,105,31" hai3="72,22,122,33,42,107,57,90,26,36,86,70,97"/><W133/><G70/><T34/><D123/><U81/><E35/><N who="2" m="20871" /><F103/><W12/><G122/><T38/><D129/><U47/><E109/><V121/><F85/><W116/><G72/><T127/><D127/><U88/><E5/><V132/><F78/><W95/><G116/><T102/><D34/><U23/><E106/><V73/><F105/><W80/><G133/><T54/><D114/><U111/><E104/><V113/><F73/><W49/><G107/><T6/><D74/><U55/><E111/><V76/><F76/><W32/><G36/><T130/><D130/><U118/><E118/><V66/><F66/><W131/><G131/><T83/><D83/><U0/><E0/><V64/><F64/><W21/><G21/><T20/><D20/><U65/><E88/><V27/><F113/><W8/><G33/><T37/><D6/><U79/><E79/><V18/><F125/><W10/><G32/><T30/><D30/><U101/><E101/><V3/><F121/><W99/><G12/><N who="0" m="5159" /><D38/><U43/><E43/><V15/><F19/><N who="3" m="12639" /><G99/><N who="0" m="59495" /><D63/><U124/><E124/><V11/><F31/><W108/><G108/><T75/><D37/><U98/><E98/><V53/><F53/><N who="1" m="20553" /><E48/><V77/><F77/><N who="3" m="46351" /><G57/><N who="0" m="32983" /><D75/><U44/><E44/><AGARI ba="0,0" hai="8,10,42,44,49,90,95,97" m="46351,12639" machi="44" ten="30,1500,0" yaku="8,1" doraHai="115" who="3" fromWho="1" sc="420,0,178,-15,397,0,5,15" /><INIT seed="3,1,0,4,5,22" ten="420,163,397,20" oya="3" hai0="25,48,100,23,58,134,51,19,121,52,62,15,111" hai1="115,35,76,9,80,99,50,93,113,86,49,6,73" hai2="28,119,0,40,95,39,56,84,11,103,106,65,12" hai3="4,79,82,59,89,87,72,124,109,54,32,71,132"/><W68/><G124/><T36/><D121/><U14/><E35/><V130/><F119/><W108/><G132/><T74/><D134/><U34/><E34/><V102/><F106/><W57/><G4/><T97/><D111/><N who="3" m="42569" /><G32/><T43/><D74/><U2/><E73/><V83/><F0/><W29/><G29/><T128/><D128/><U17/><E113/><V104/><F104/><W67/><G67/><T31/><D43/><U120/><E120/><V122/><F122/><W96/><G96/><T75/><D36/><U92/><E115/><V114/><F114/><W44/><G44/><T91/><D91/><U101/><E92/><V5/><F130/><W107/><G107/><T38/><D38/><U42/><E42/><V33/><F40/><W77/><G77/><T117/><D75/><U85/><E85/><V45/><F39/><W26/><G26/><T105/><D117/><U94/><E94/><V64/><F45/><W125/><G125/><T118/><D118/><U37/><E37/><V81/><F95/><N who="3" m="54719" /><G59/><T53/><D53/><U78/><E78/><V1/><F56/><W47/><G47/><T116/><D116/><U30/><E30/><V21/><F65/><W20/><G20/><AGARI ba="1,0" hai="15,19,20,23,25,31,48,51,52,58,62,97,100,105" machi="20" ten="30,3900,0" yaku="7,1,52,1,54,1" doraHai="22" who="0" fromWho="3" sc="420,42,163,0,397,0,20,-42" /><AGARI ba="1,0" hai="2,6,9,14,17,20,49,50,76,80,86,93,99,101" machi="20" ten="30,1000,0" yaku="7,1" doraHai="22" who="1" fromWho="3" sc="462,0,163,10,397,0,-22,-10" owari="462,56.0,173,-23.0,397,20.0,-32,-53.0" /></mjloggm>