<mjloggm ver="2.3"><GO type="169" lobby="0"/><UN n0="%E5%B0%B1%E6%B4%BB%E7%94%9F%40%E5%B7%9D%E6%9D%91%E8%BB%8D%E5%9B%A3" n1="%E3%81%8D%E3%82%83%E3%81%97%E3%82%83%E3%83%BC%E3%81%AE%EF%BC%81" n2="%4A%41%52%4E%41%4C" n3="%73%61%69%72%61%73%75" dan="17,16,16,17" rate="2220.12,2065.32,2029.53,2147.40" sx="M,M,M,M"/><TAIKYOKU oya="0"/><INIT seed="0,0,0,3,4,116" ten="250,250,250,250" oya="0" hai0="57,30,37,110,94,100,115,81,118,93,3,54,25" hai1="134,35,90,119,62,126,49,70,86,8,36,48,6" hai2="96,128,75,107,12,11,23,40,111,71,87,13,99" hai3="1,89,55,0,68,65,50,64,10,22,19,88,18"/><T108/><D118/><U95/><E36/><V4/><F75/><W46/><G0/><T106/><D115/><U80/><E35/><V125/><F71/><W117/><G117/><T69/><D69/><U129/><E119/><V112/><F112/><W97/><G1/><T15/><D37/><U45/><E134/><V27/><F107/><W20/><G10/><T58/><D3/><U29/><E29/><V135/><F135/><W113/><G113/><T72/><D15/><U39/><E39/><V56/><F40/><W53/><G68/><T7/><D7/><U131/><E126/><V120/><F125/><W2/><G2/><T114/><D114/><U121/><E121/><V52/><F13/><N who="3" m="9295" /><G53/><T26/><D106/><U24/><E24/><V132/><F132/><W63/><G63/><T60/><D26/><U66/><E95/><V130/><F120/><W103/><G103/><T33/><D100/><U5/><E48/><N who="2" m="30727" /><F87/><W59/><G59/><T123/><D123/><U127/><E127/><V85/><F85/><W17/><G22/><T14/><D14/><U76/><E8/><V47/><F47/><W51/><G51/><T124/><D124/><U84/><E84/><V42/><F42/><W83/><G83/><T74/><D58/><U31/><E86/><V79/><F79/><W67/><G97/><N who="2" m="37449" /><F111/><N who="0" m="42538" /><D81/><U105/><E80/><V104/><F104/><W92/><G92/><AGARI ba="0,0" hai="25,30,33,54,57,60,72,74,92,93,94" m="42538" machi="92" ten="30,2900,0" yaku="14,1,10,1" doraHai="116" who="0" fromWho="3" sc="250,29,250,0,250,0,250,-29" /><INIT seed="0,1,0,2,5,10" ten="279,250,250,221" oya="0" hai0="13,49,91,104,59,107,128,65,93,34,12,44,57" hai1="35,50,64,125,92,30,81,82,9,90,3,85,61" hai2="16,37,21,118,72,41,51,25,63,69,54,84,129" hai3="1,4,89,39,135,127,67,113,98,99,116,60,83"/><T0/><D0/><U87/><E125/><V6/><F72/><W101/><G116/><T124/><D34/><U76/><E35/><V26/><F118/><W109/><G113/><T24/><D124/><U53/><E30/><V131/><F6/><W18/><G39/><T100/><D128/><N who="2" m="49226" /><F37/><W110/><G127/><T55/><D100/><U11/><E3/><V48/><F41/><W120/><G120/><T73/><D73/><U80/><E80/><V134/><F134/><W45/><G45/><T117/><D117/><U43/><E43/><V62/><F69/><W2/><G4/><T20/><D104/><U130/><E130/><V7/><F7/><W32/><G135/><T33/><D33/><U5/><E5/><V58/><F48/><W114/><G32/><T112/><D107/><U106/><E106/><V22/><F84/><N who="3" m="50335" /><G114/><T47/><D47/><U75/><E75/><V115/><F115/><W29/><G99/><N who="0" m="57791" /><D112/><U86/><E61/><V105/><F105/><W122/><G122/><T66/><D59/><N who="1" m="33207" /><E64/><N who="0" m="24681" /><D44/><U27/><E27/><V42/><F42/><W74/><G1/><T56/><D56/><U19/><E19/><AGARI ba="1,0" hai="16,19,21,22,25,26,51,54,58,62,63" m="49226" machi="19" ten="30,2000,0" yaku="19,1,54,1" doraHai="10" who="2" fromWho="1" sc="279,0,250,-23,250,23,221,0" /><AGARI ba="1,0" hai="12,13,19,20,24,49,55,57" m="24681,57791" machi="19" ten="30,5800,0" yaku="8,1,52,2" doraHai="10" who="0" fromWho="1" sc="279,58,227,-58,273,0,221,0" /><INIT seed="0,2,0,5,4,70" ten="337,169,273,221" oya="0" hai0="69,86,112,8,46,43,93,121,71,107,123,75,17" hai1="126,4,119,97,36,58,96,73,101,24,108,20,0" hai2="62,39,49,132,120,64,104,53,117,21,134,57,118" hai3="31,28,133,29,102,94,52,67,16,12,32,111,128"/><T98/><D112/><U83/><E119/><N who="2" m="45579" /><F104/><W82/><G111/><T88/><D75/><U110/><E126/><V56/><F21/><W74/><G133/><N who="2" m="51305" /><F120/><W37/><G128/><T95/><D107/><U51/><E4/><V14/><F14/><W44/><G67/><T91/><D71/><U125/><E0/><V131/><F131/><W38/><G32/><T22/><D8/><U9/><E9/><V116/><F116/><W106/><G106/><T122/><D69/><U18/><E125/><V13/><F13/><W54/><G54/><T19/><REACH who="0" step="1"/><D22/><REACH who="0" ten="327,169,273,221" step="2"/><U30/><E73/><V27/><F27/><W76/><G102/><T113/><D113/><U109/><E24/><V92/><F92/><W68/><G94/><T84/><D84/><U6/><E20/><V135/><F135/><W114/><G114/><T130/><D130/><U34/><E108/><V127/><F127/><W50/><REACH who="3" step="1"/><G68/><REACH who="3" ten="327,169,273,211" step="2"/><T99/><D99/><U100/><E97/><V124/><F124/><W85/><G85/><T90/><D90/><U35/><E96/><V23/><F23/><AGARI ba="2,2" hai="12,16,23,28,29,31,37,38,44,50,52,74,76,82" machi="23" ten="40,12000,2" yaku="1,1,52,2,54,2,53,1" doraHai="70" doraHaiUra="105" who="3" fromWho="2" sc="327,0,169,0,273,-126,211,146" /><INIT seed="1,0,0,3,0,64" ten="327,169,147,357" oya="1" hai0="82,46,63,109,15,3,100,52,33,72,73,87,79" hai1="92,107,114,69,47,36,71,131,126,78,19,132,40" hai2="86,70,102,5,84,81,133,110,60,129,45,43,135" hai3="53,108,75,1,31,35,18,105,121,96,93,34,37"/><U119/><E114/><V98/><F5/><W89/><G37/><T26/><D3/><U94/><E107/><V134/><F110/><W29/><G1/><T57/><D109/><U25/><E78/><V118/><F118/><W90/><G75/><T0/><D0/><U65/><E119/><V61/><F129/><W67/><G53/><T17/><D100/><U83/><E83/><V24/><F24/><W99/><G108/><T59/><D46/><U58/><E131/><V111/><F111/><W27/><G18/><T117/><D117/><U76/><E76/><N who="2" m="46119" /><F86/><W30/><G121/><T103/><D103/><U44/><E44/><V12/><F12/><W77/><G77/><T11/><D33/><U41/><E41/><V104/><F70/><W42/><G42/><T4/><D26/><U128/><E128/><V6/><F6/><W62/><G89/><T10/><D10/><U2/><E2/><V123/><F123/><W32/><G32/><T39/><D39/><AGARI ba="0,0" hai="39,43,45,60,61,98,102,104,133,134,135" m="46119" machi="39" ten="30,1000,0" yaku="20,1" doraHai="64" who="2" fromWho="0" sc="327,-10,169,0,147,10,357,0" /><INIT seed="2,0,0,4,2,118" ten="317,169,157,357" oya="2" hai0="135,57,66,30,115,94,17,14,122,52,1,33,117" hai1="92,12,20,121,88,104,31,23,62,63,47,125,97" hai2="8,24,90,80,98,76,44,37,58,5,68,18,15" hai3="96,111,42,127,61,39,28,3,4,112,50,79,89"/><V102/><F68/><W10/><G28/><T101/><D117/><U70/><E125/><V95/><F58/><W131/><G50/><T107/><D1/><U126/><E126/><V46/><F37/><W36/><G127/><T67/><D107/><U93/><E104/><V32/><F32/><W16/><G79/><T69/><D115/><U84/><E47/><V45/><F24/><W54/><G42/><T29/><D135/><U56/><E70/><V87/><REACH who="2" step="1"/><F5/><REACH who="2" ten="317,169,147,357" step="2"/><W38/><G39/><T106/><D33/><U40/><E56/><V119/><F119/><W73/><BYE who="2" /><G38/><UN n2="%4A%41%52%4E%41%4C" /><T43/><D69/><U60/><E60/><V78/><AGARI ba="0,1" hai="8,15,18,44,45,46,76,78,80,87,90,95,98,102" machi="78" ten="30,6000,0" yaku="1,1,0,1,8,1,53,0" doraHai="118" doraHaiUra="64" who="2" fromWho="2" sc="317,-20,169,-20,147,70,357,-20" /><INIT seed="2,1,0,5,5,49" ten="297,149,217,337" oya="2" hai0="124,133,80,76,37,87,13,59,121,19,82,106,108" hai1="16,116,83,131,30,27,52,61,55,51,15,40,79" hai2="62,35,114,34,21,2,7,85,96,66,26,45,70" hai3="103,0,89,78,104,8,47,135,4,3,134,50,117"/><V11/><F114/><W23/><G117/><T41/><D121/><U18/><E116/><V94/><F85/><W123/><G78/><T12/><D108/><U24/><E131/><V120/><F45/><W128/><G123/><T88/><D124/><U126/><E126/><V86/><F86/><W44/><G128/><T105/><D133/><N who="3" m="50697" /><G23/><T43/><D59/><N who="1" m="35047" /><E40/><V38/><F38/><W22/><G22/><T60/><D60/><U77/><E83/><V69/><F69/><W122/><G89/><T68/><D68/><U97/><E97/><V112/><F112/><W14/><G47/><T132/><D132/><U100/><E100/><V71/><F71/><W72/><G72/><T42/><D37/><U113/><E113/><V91/><REACH who="2" step="1"/><F120/><REACH who="2" ten="297,149,207,337" step="2"/><W33/><G122/><T81/><D76/><N who="1" m="29259" /><E18/><AGARI ba="1,1" hai="2,7,11,18,21,26,34,35,62,66,70,91,94,96" machi="18" ten="30,5800,0" yaku="1,1,7,1,53,1" doraHai="49" doraHaiUra="63" who="2" fromWho="1" sc="297,0,149,-61,207,71,337,0" /><INIT seed="2,2,0,1,3,15" ten="297,88,278,337" oya="2" hai0="66,99,7,95,5,134,22,78,89,124,42,112,49" hai1="120,20,104,135,102,51,72,27,60,35,111,68,44" hai2="79,38,114,122,23,80,11,129,19,121,123,110,103" hai3="46,76,106,73,13,77,40,127,63,71,97,16,3"/><V2/><F38/><W10/><G127/><T9/><D112/><U6/><E72/><V119/><F103/><W92/><G106/><T84/><D124/><U90/><E111/><V0/><F80/><W50/><G73/><T34/><D134/><U41/><E6/><V39/><F39/><W52/><G3/><N who="2" m="1065" /><F79/><W82/><G82/><T56/><D34/><U65/><E135/><V116/><F114/><W45/><G71/><T55/><D9/><U93/><E120/><V17/><F129/><W69/><G69/><T12/><D42/><U25/><E35/><V74/><F74/><W118/><G118/><N who="2" m="45097" /><F11/><W32/><G32/><T105/><D66/><U133/><E133/><V61/><F61/><W29/><G63/><T47/><D47/><U4/><E102/><V96/><F96/><W108/><G77/><T98/><D105/><U54/><E104/><V132/><F132/><W125/><G76/><T18/><D78/><U83/><E83/><V1/><N who="2" m="1073" /><V53/><DORA hai="57" /><F53/><W130/><G130/><T24/><D98/><U37/><E37/><V117/><N who="2" m="45105" /><V85/><DORA hai="107" /><F85/><W88/><G125/><T64/><D64/><U115/><E54/><V58/><F58/><W33/><G33/><T128/><D128/><U100/><E100/><V59/><F59/><W30/><G108/><T8/><D99/><U21/><E68/><V62/><F62/><W28/><G46/><T48/><D48/><U31/><E51/><V91/><F91/><W113/><G113/><T131/><D131/><U26/><E115/><V94/><F94/><W81/><G81/><RYUUKYOKU ba="2,0" sc="297,15,88,-15,278,-15,337,15" hai0="5,7,8,12,18,22,24,49,55,56,84,89,95" hai3="10,13,16,28,29,30,40,45,50,52,88,92,97" /><INIT seed="3,3,0,2,3,55" ten="312,73,263,352" oya="3" hai0="76,28,23,13,58,0,101,117,129,88,64,98,89" hai1="70,82,36,112,116,45,60,68,132,135,53,24,97" hai2="73,46,5,83,3,79,11,48,128,43,131,99,108" hai3="57,54,124,8,52,10,1,16,42,49,37,26,29"/><W93/><G124/><T130/><D0/><U31/><E82/><V91/><F108/><W78/><G1/><T59/><D76/><U47/><E97/><V62/><F99/><W19/><G37/><T106/><D117/><U67/><E24/><V32/><F91/><N who="0" m="34890" /><D64/><U121/><E31/><V90/><F90/><W122/><G42/><T77/><D77/><U105/><E105/><V61/><REACH who="2" step="1"/><F32/><REACH who="2" ten="312,73,253,352" step="2"/><W80/><G93/><T69/><D69/><U9/><E70/><V94/><F94/><W96/><G96/><T81/><D81/><U21/><E116/><V63/><AGARI ba="3,1" hai="3,5,11,43,46,48,61,62,63,73,79,83,128,131" machi="63" ten="30,2000,0" yaku="1,1,0,1,53,0" doraHai="55" doraHaiUra="15" who="2" fromWho="2" sc="312,-8,73,-8,253,39,352,-13" /><INIT seed="4,0,0,1,2,70" ten="304,65,292,339" oya="0" hai0="71,76,31,3,128,67,95,4,113,135,25,83,2" hai1="6,117,131,105,49,65,97,69,37,130,120,29,107" hai2="66,61,86,43,127,84,22,115,0,123,5,18,12" hai3="59,20,132,93,106,118,126,121,119,35,57,103,92"/><T74/><D113/><U81/><E6/><V53/><F115/><W15/><G35/><T85/><D128/><N who="1" m="49195" /><E49/><V129/><F129/><W17/><G132/><T101/><D135/><U75/><E29/><V96/><F123/><W89/><G126/><T46/><D4/><U82/><E97/><V102/><F127/><W26/><G106/><N who="1" m="40458" /><E75/><V54/><F43/><W125/><G125/><T90/><D101/><U109/><E120/><V39/><F5/><W122/><G122/><T78/><D78/><U52/><E109/><V72/><F0/><W19/><G121/><T104/><D104/><U116/><E52/><V10/><F72/><W73/><G73/><T38/><D67/><U13/><E13/><V16/><F96/><N who="3" m="59791" /><G118/><N who="1" m="45674" /><E65/><V98/><F98/><N who="3" m="57615" /><G119/><T56/><D56/><U23/><E23/><AGARI ba="0,0" hai="15,17,19,20,23,26,57,59" m="57615,59791" machi="23" ten="30,1000,0" yaku="8,1" doraHai="70" who="3" fromWho="1" sc="304,0,65,-10,292,0,339,10" /><INIT seed="5,0,0,4,2,41" ten="304,55,292,349" oya="1" hai0="67,54,39,123,100,47,10,115,65,52,78,126,0" hai1="58,79,96,62,61,101,97,111,16,112,105,9,19" hai2="89,73,1,56,26,75,45,49,23,70,33,95,36" hai3="76,55,2,128,81,69,134,102,92,119,18,12,98"/><U86/><E112/><V125/><F70/><W64/><G2/><T68/><D115/><U15/><E111/><V84/><F1/><W77/><G69/><T122/><D126/><U127/><E127/><V117/><F117/><W57/><G64/><N who="0" m="24651" /><D68/><U21/><E96/><V82/><F125/><W80/><G134/><T7/><D100/><U106/><E106/><V14/><F33/><W87/><G128/><T24/><D78/><N who="3" m="30313" /><G87/><T53/><D24/><U29/><E29/><V99/><F14/><W37/><G37/><T28/><D28/><U129/><E129/><V60/><F36/><W51/><G119/><T108/><D108/><U83/><REACH who="1" step="1"/><E58/><REACH who="1" ten="304,45,292,349" step="2"/><V34/><F34/><W110/><G110/><T30/><D30/><U104/><E104/><V107/><F107/><W109/><G109/><T74/><D74/><U13/><AGARI ba="0,1" hai="9,13,15,16,19,21,61,62,79,83,86,97,101,105" machi="13" ten="20,12000,1" yaku="1,1,0,1,7,1,54,1,53,1" doraHai="41" doraHaiUra="72" who="1" fromWho="1" sc="304,-40,45,130,292,-40,349,-40" /><INIT seed="5,1,0,1,1,14" ten="264,175,252,309" oya="1" hai0="95,109,124,11,35,79,112,135,59,105,16,54,17" hai1="68,108,75,111,113,118,99,128,132,74,97,24,121" hai2="10,34,6,72,64,60,87,71,41,7,30,36,3" hai3="62,12,13,104,134,32,69,122,90,96,26,83,33"/><U57/><E68/><V116/><F116/><W65/><G122/><T47/><D105/><U102/><E118/><V43/><F87/><N who="3" m="50559" /><G33/><T8/><D35/><U22/><E121/><V5/><F43/><W28/><G134/><T66/><D109/><N who="1" m="42059" /><E132/><V93/><F93/><W4/><G4/><T48/><D135/><U39/><E39/><V84/><F84/><W55/><G55/><N who="0" m="30111" /><D112/><U1/><E1/><V50/><F50/><W80/><G80/><T76/><D66/><U27/><E113/><V49/><F49/><W63/><G63/><N who="0" m="36343" /><D124/><U92/><E128/><V29/><F29/><W21/><G21/><T126/><D126/><U91/><E57/><V85/><F85/><W56/><G56/><T31/><D31/><N who="1" m="17815" /><E27/><N who="2" m="18783" /><F6/><W94/><G26/><T125/><D125/><U127/><E127/><V2/><F7/><W18/><G28/><T110/><D110/><U119/><E119/><V9/><F36/><W133/><G133/><T103/><D11/><U101/><E101/><V77/><F9/><N who="3" m="6415" /><G32/><T52/><D8/><U45/><E45/><V23/><F3/><W117/><G117/><T58/><D79/><U98/><E102/><V67/><F77/><W82/><G69/><T131/><D76/><U89/><E89/><V81/><F71/><W114/><G114/><T25/><D25/><U20/><E20/><V37/><F23/><W0/><G0/><T44/><D44/><U120/><E120/><V70/><F70/><W61/><G13/><T38/><D38/><U42/><E42/><V78/><F60/><W115/><G115/><T53/><D131/><U40/><E40/><RYUUKYOKU ba="1,0" sc="264,-15,175,15,252,15,309,-15" hai1="74,75,91,92,97,98,99" hai2="2,5,10,37,41,64,67,72,78,81" /><INIT seed="5,2,0,2,1,119" ten="249,190,267,294" oya="1" hai0="42,107,51,66,117,52,12,1,113,4,124,22,49" hai1="112,70,58,14,77,34,126,9,95,76,104,32,135" hai2="45,103,37,71,63,31,101,38,84,88,110,43,29" hai3="106,122,108,18,89,115,97,67,8,68,64,40,105"/><U74/><E104/><V128/><F110/><W17/><G108/><T118/><D107/><U57/><E70/><V21/><F128/><W130/><G40/><T44/><D113/><U90/><E112/><V111/><F111/><W41/><G115/><T61/><D124/><U55/><E126/><V73/><F73/><W54/><G41/><T98/><D1/><U93/><E135/><V86/><F38/><W26/><G54/><T13/><D98/><U65/><E65/><V96/><F84/><W92/><G122/><T23/><D23/><U127/><E127/><V129/><F129/><W47/><G47/><T10/><D13/><U48/><E58/><V81/><F21/><N who="3" m="13615" /><G64/><T62/><D22/><U85/><E93/><V114/><F114/><W82/><G82/><T83/><D83/><U19/><REACH who="1" step="1"/><E74/><REACH who="1" ten="249,180,267,294" step="2"/><V69/><F69/><W132/><G132/><T120/><D120/><U36/><E36/><V30/><F71/><W75/><G75/><T134/><D134/><U53/><E53/><V56/><REACH who="2" step="1"/><F96/><REACH who="2" ten="249,180,257,294" step="2"/><W60/><G130/><T7/><D117/><U5/><E5/><V121/><F121/><W20/><G68/><T59/><D118/><U116/><E116/><V133/><F133/><W35/><G97/><T6/><D62/><U94/><E94/><V123/><F123/><W39/><G92/><T25/><D25/><U3/><E3/><V102/><F102/><W11/><G60/><T78/><D61/><U99/><E99/><V109/><F109/><W16/><G106/><T131/><D131/><U27/><E27/><V100/><F100/><W80/><G105/><RYUUKYOKU ba="2,2" sc="249,-15,180,15,257,15,294,-15" hai1="9,14,19,32,34,48,55,57,76,77,85,90,95" hai2="29,30,31,37,43,45,56,63,81,86,88,101,103" /><INIT seed="5,3,2,1,3,61" ten="234,195,272,279" oya="1" hai0="16,60,110,102,17,5,129,74,15,111,19,122,81" hai1="46,75,67,118,30,24,91,39,52,23,55,70,63" hai2="108,106,112,44,87,37,93,123,31,101,6,117,56" hai3="2,59,21,11,48,131,80,32,119,78,130,88,85"/><U66/><E118/><V49/><F108/><W134/><G32/><T68/><D122/><U120/><E120/><V95/><F123/><W0/><G134/><T125/><D129/><N who="3" m="49161" /><G119/><T12/><D125/><U35/><E75/><V33/><F106/><W20/><G48/><T116/><D116/><U13/><E67/><V114/><F117/><W29/><G59/><T4/><D102/><U92/><E13/><N who="0" m="5193" /><D60/><U47/><E35/><V128/><F6/><N who="0" m="2666" /><D81/><U97/><REACH who="1" step="1"/><E47/><REACH who="1" ten="234,185,272,279" step="2"/><V90/><F128/><W27/><G0/><T76/><D74/><U65/><E65/><V36/><F33/><N who="3" m="20671" /><G2/><T42/><D68/><U34/><E34/><V127/><F44/><W104/><G11/><T103/><D76/><U100/><E100/><V99/><F101/><W58/><G78/><T69/><D69/><U26/><E26/><V105/><F127/><W18/><G58/><T22/><D103/><U53/><E53/><V10/><F56/><W8/><G104/><T82/><D42/><AGARI ba="3,3" hai="23,24,30,39,42,46,52,55,63,66,70,91,92,97" machi="42" ten="40,12000,1" yaku="1,1,52,1,54,1,53,2" doraHai="61" doraHaiUra="51" who="1" fromWho="0" sc="234,-129,185,159,272,0,279,0" /><INIT seed="5,4,0,5,2,101" ten="105,344,272,279" oya="1" hai0="30,34,89,73,4,72,121,97,19,134,94,126,0" hai1="9,22,5,96,105,128,82,107,70,63,102,40,104" hai2="125,87,32,45,108,44,103,130,31,13,80,118,47" hai3="79,46,91,39,90,77,51,23,8,49,119,120,71"/><U132/><E132/><V131/><F108/><W69/><G120/><T10/><D121/><U6/><E128/><N who="2" m="49195" /><F118/><W12/><G39/><T17/><D134/><U67/><E40/><V122/><F122/><W1/><G1/><T62/><D126/><U133/><E133/><V135/><F135/><W37/><G37/><T85/><D72/><U28/><E82/><V114/><F125/><W112/><G112/><T48/><D73/><U98/><E98/><V106/><F13/><W33/><G33/><T57/><D48/><U14/><REACH who="1" step="1"/><E6/><REACH who="1" ten="105,334,272,279" step="2"/><V78/><F114/><W25/><G119/><T27/><REACH who="0" step="1"/><D97/><REACH who="0" ten="95,334,272,279" step="2"/><U110/><E110/><V100/><F78/><W35/><G79/><T56/><D56/><U115/><E115/><V11/><F47/><W109/><G77/><T74/><D74/><U111/><E111/><V88/><F44/><W15/><G109/><T65/><AGARI ba="4,2" hai="0,4,10,17,19,27,30,34,57,62,65,85,89,94" machi="65" ten="20,2700,0" yaku="1,1,0,1,7,1,53,0" doraHai="101" doraHaiUra="75" who="0" fromWho="0" sc="95,59,334,-17,272,-11,279,-11" /><INIT seed="6,0,0,3,2,93" ten="154,317,261,268" oya="2" hai0="55,85,115,24,5,73,32,26,92,67,104,130,22" hai1="23,107,88,132,75,122,69,20,28,39,111,62,105" hai2="110,81,12,70,135,25,98,2,72,74,37,31,59" hai3="125,116,46,124,121,30,106,133,9,41,129,36,49"/><V44/><F70/><W79/><G121/><T89/><D115/><U108/><E39/><V76/><F2/><W101/><G116/><T53/><D130/><U42/><E42/><V64/><F110/><W10/><G101/><T38/><D38/><U117/><E75/><V127/><F74/><W45/><G79/><T65/><D104/><U29/><E62/><V99/><F12/><W18/><G106/><T80/><D5/><U95/><E69/><V82/><F82/><W118/><G30/><T33/><D73/><U112/><E95/><V1/><F1/><W114/><G133/><T120/><D120/><U4/><E4/><V43/><F135/><W86/><G118/><T77/><D32/><U97/><E132/><V119/><F119/><W128/><G86/><T96/><D33/><U27/><E117/><V0/><F0/><W71/><G114/><T48/><D55/><U61/><E61/><V21/><F127/><N who="3" m="48715" /><G18/><T60/><D60/><U35/><E35/><V8/><F64/><W113/><G71/><T6/><D6/><U51/><E112/><V103/><F59/><W109/><G109/><T102/><D77/><U91/><E122/><V16/><F103/><W47/><G113/><T7/><D7/><U54/><E105/><V87/><F72/><W68/><G68/><T14/><D14/><U19/><E107/><V56/><F56/><W57/><G57/><N who="0" m="32935" /><D24/><U90/><E27/><V52/><F52/><N who="3" m="29743" /><G46/><T34/><D34/><U134/><E108/><V100/><F100/><W3/><G3/><T63/><D63/><U84/><E111/><V15/><AGARI ba="0,0" hai="8,15,16,21,25,31,37,43,44,76,81,87,98,99" machi="15" ten="30,12000,1" yaku="5,1,0,1,52,2,54,1" doraHai="93" who="2" fromWho="2" sc="154,-40,317,-40,261,120,268,-40" /><INIT seed="6,1,0,2,5,77" ten="114,277,381,228" oya="2" hai0="76,6,34,125,84,128,93,11,70,51,85,68,118" hai1="36,131,73,1,54,55,90,129,99,79,115,102,46" hai2="122,92,110,58,113,95,35,2,74,59,60,114,15" hai3="133,120,17,72,20,8,19,101,53,12,66,62,24"/><V105/><F2/><W69/><G133/><T111/><D34/><U63/><E1/><V16/><F105/><W71/><G120/><T7/><D111/><U123/><E90/><V104/><F104/><W132/><G132/><T50/><D128/><N who="1" m="49227" /><E115/><N who="2" m="44043" /><F35/><W43/><G43/><T82/><D125/><U9/><E9/><N who="2" m="6255" /><F122/><W130/><G72/><T100/><D118/><U29/><E29/><V124/><F124/><W37/><G37/><T75/><D75/><U23/><E23/><V112/><F112/><W18/><G101/><T119/><D119/><U31/><E31/><V107/><F107/><W61/><G130/><T78/><D11/><U25/><E25/><V4/><F4/><W40/><G19/><T103/><REACH who="0" step="1"/><D93/><REACH who="0" ten="104,277,381,228" step="2"/><U121/><E121/><V81/><F110/><W88/><G8/><T87/><D87/><U32/><E73/><V116/><F116/><W5/><G20/><T42/><D42/><U83/><E32/><V44/><F95/><W3/><G40/><T48/><D48/><U56/><E123/><V27/><F92/><W38/><G3/><T47/><D47/><U26/><E46/><V39/><F44/><W52/><G5/><T127/><D127/><U22/><E36/><V135/><F39/><W80/><G38/><T33/><D33/><U57/><E22/><V89/><F135/><W65/><G24/><T98/><D98/><U10/><E26/><V134/><F134/><W64/><G12/><T67/><D67/><U97/><E10/><V13/><F74/><W21/><G66/><T126/><D126/><U108/><E108/><V28/><F27/><RYUUKYOKU ba="1,1" sc="104,30,277,-10,381,-10,228,-10" hai0="6,7,50,51,68,70,76,78,82,84,85,100,103" /><INIT seed="7,2,1,0,4,84" ten="134,267,371,218" oya="3" hai0="31,26,28,75,16,94,6,113,129,33,65,71,60" hai1="1,74,66,4,40,2,90,34,120,15,24,128,88" hai2="41,30,63,73,103,127,122,100,79,81,69,92,22" hai3="131,108,86,18,32,51,116,72,82,110,80,37,67"/><W52/><G37/><T78/><D129/><U99/><E74/><V39/><F127/><W83/><G32/><T109/><D109/><N who="3" m="42089" /><G116/><T53/><D113/><U0/><E66/><V111/><F39/><W8/><G67/><T56/><D6/><U102/><E40/><V46/><F69/><W123/><G72/><T107/><D107/><U91/><E120/><V12/><F73/><W133/><G123/><T57/><D71/><U42/><E42/><V89/><F122/><W9/><G133/><T25/><D75/><U13/><E4/><V54/><F41/><W14/><G8/><T62/><D78/><U35/><E128/><V50/><F22/><W43/><G43/><T119/><D119/><U70/><E70/><V85/><F111/><W124/><G124/><T112/><D112/><U55/><E55/><V135/><F30/><W3/><G3/><T121/><D121/><U11/><E24/><V45/><F79/><W87/><G131/><T44/><D44/><AGARI ba="2,1" hai="9,14,18,44,51,52,80,82,83,86,87" m="42089" machi="44" ten="30,2900,0" yaku="10,1,54,1" doraHai="84" who="3" fromWho="0" sc="134,-35,267,0,371,0,218,45" /><INIT seed="7,3,0,1,5,73" ten="99,267,371,263" oya="3" hai0="8,23,29,31,76,94,2,117,95,134,122,27,124" hai1="6,98,25,47,49,75,125,32,89,14,44,16,9" hai2="48,19,97,82,33,58,83,38,81,78,52,18,102" hai3="101,71,128,17,135,65,106,90,112,84,10,70,54"/><W115/><G135/><T86/><D122/><U99/><E75/><V74/><F38/><W7/><G128/><T127/><D117/><U77/><E125/><V24/><F33/><W113/><G65/><T55/><D134/><U131/><E131/><V123/><F123/><W93/><G17/><T51/><D2/><U109/><E109/><V126/><F126/><W120/><G120/><T11/><D86/><U37/><E37/><V130/><F130/><W119/><G119/><T110/><D110/><U104/><E104/><V133/><F133/><W56/><G101/><T53/><D51/><U43/><E77/><V5/><F5/><W121/><G106/><T39/><D39/><U28/><E89/><V1/><F1/><N who="3" m="367" /><G121/><T87/><D87/><U118/><E118/><V67/><F67/><W61/><AGARI ba="3,0" hai="54,56,61,70,71,84,90,93,112,113,115" m="367" machi="61" ten="30,1500,0" yaku="15,1" doraHai="73" who="3" fromWho="3" sc="99,-8,267,-8,371,-8,263,24" /><INIT seed="7,4,0,0,2,66" ten="91,259,363,287" oya="3" hai0="100,75,126,106,87,113,120,112,2,99,92,10,130" hai1="42,41,101,114,20,53,71,131,5,67,62,133,83" hai2="3,89,109,49,103,102,95,1,104,119,21,17,129" hai3="64,135,115,28,94,56,105,90,40,85,76,39,0"/><W27/><G0/><T86/><D2/><U68/><E101/><V34/><F109/><W48/><G105/><T50/><D10/><U78/><E5/><V128/><F119/><W33/><G115/><T36/><D36/><U25/><E114/><V19/><F34/><W47/><G135/><T26/><D26/><U91/><E133/><V24/><F19/><W11/><G11/><T70/><D70/><U127/><E127/><V80/><F80/><W107/><G107/><T22/><D50/><U51/><E91/><V134/><F134/><W44/><G76/><T72/><D22/><U65/><E65/><V59/><F104/><W54/><G64/><T14/><D14/><U55/><E68/><V58/><F1/><W7/><REACH who="3" step="1"/><G44/><REACH who="3" ten="91,259,363,277" step="2"/><T124/><D106/><U52/><E131/><N who="2" m="50251" /><F3/><W23/><G23/><T88/><D130/><U108/><E108/><V63/><F59/><W45/><G45/><T84/><D120/><U73/><REACH who="1" step="1"/><E51/><REACH who="1" ten="91,249,363,277" step="2"/><V98/><F49/><W29/><G29/><AGARI ba="4,2" hai="20,25,29,41,42,52,53,55,62,67,71,73,78,83" machi="29" ten="40,8000,1" yaku="1,1,2,1,52,1,54,1,53,0" doraHai="66" doraHaiUra="9" who="1" fromWho="3" sc="91,0,249,112,363,0,277,-92" owari="91,-41.0,361,16.0,363,46.0,185,-21.0" /></mjloggm>