<mjloggm ver="2.3"><GO type="225" lobby="0"/><UN n0="%E3%83%88%E3%83%88%E3%83%AA%E5%85%88%E7%94%9F%31%39%E6%AD%B3" n1="%64%61%61%61%61%61%61%61" n2="%E3%81%95%E3%81%8B%E3%81%95%E3%81%BE%E3%82%A8%E3%83%9E%E3%83%8E%E3%83%B3" n3="%73%65%74%73%75%2E%31%35" dan="17,17,18,16" rate="2208.33,2205.68,2193.20,2126.96" sx="F,F,M,M"/><TAIKYOKU oya="0"/><INIT seed="0,0,0,5,0,63" ten="250,250,250,250" oya="0" hai0="26,21,45,72,108,120,83,47,93,44,132,23,19" hai1="111,0,16,31,55,27,74,81,98,75,24,87,8" hai2="113,119,115,90,124,123,59,10,13,102,36,67,109" hai3="65,117,38,2,118,48,73,12,46,15,34,66,28"/><T104/><D120/><U39/><E39/><V95/><F123/><W101/><G2/><T105/><D132/><U112/><E111/><V6/><F36/><W107/><G38/><T62/><D108/><U116/><E116/><V40/><F109/><W86/><G73/><T49/><D72/><U25/><E31/><V85/><F40/><W121/><G121/><T125/><D125/><U3/><E112/><V110/><F110/><W103/><G34/><T58/><D83/><U84/><E98/><V29/><F124/><W56/><G107/><T92/><D49/><U42/><E42/><V61/><F119/><W126/><G28/><N who="0" m="17487" /><D105/><U7/><E0/><V4/><F102/><N who="3" m="38923" /><G126/><T130/><D130/><U122/><E122/><V57/><F29/><W97/><G117/><T30/><D104/><U11/><E55/><V89/><F4/><W131/><G131/><T79/><D79/><U78/><REACH who="1" step="1"/><E75/><REACH who="1" ten="250,240,250,250" step="2"/><V88/><REACH who="2" step="1"/><F59/><REACH who="2" ten="250,240,240,250" step="2"/><W17/><G56/><T134/><D30/><U64/><E64/><V68/><F68/><W99/><G65/><N who="0" m="39127" /><D134/><U22/><E22/><V114/><AGARI ba="0,2" hai="6,10,13,57,61,67,85,88,89,90,95,113,114,115" machi="114" ten="30,7900,0" yaku="1,1,0,1,52,1,54,1,53,0" doraHai="63" doraHaiUra="128" who="2" fromWho="2" sc="250,-39,240,-20,240,99,250,-20" /><INIT seed="1,0,0,4,4,72" ten="211,220,339,230" oya="1" hai0="118,67,82,40,42,31,103,120,89,125,78,76,91" hai1="18,43,113,110,13,134,52,33,109,20,23,54,135" hai2="8,58,127,92,131,62,130,74,124,98,65,2,101" hai3="121,12,132,68,114,115,95,19,77,119,80,123,61"/><U11/><E33/><V117/><F117/><W64/><G132/><N who="1" m="50730" /><E43/><N who="0" m="16425" /><D118/><U6/><E113/><V47/><F74/><W73/><G119/><T32/><D32/><U107/><E107/><V81/><F47/><W1/><G1/><T69/><D69/><U128/><E128/><N who="2" m="49195" /><F81/><W75/><G75/><T122/><D125/><U48/><E23/><V9/><F2/><W27/><G27/><T86/><D67/><U116/><E116/><V87/><F87/><W56/><G68/><T93/><D103/><U28/><E28/><V71/><F71/><W79/><G77/><N who="0" m="46415" /><D31/><U0/><E48/><V21/><F21/><W44/><G44/><T106/><D91/><U57/><E57/><V17/><F8/><W38/><G38/><T5/><D106/><U34/><E34/><V99/><F101/><W88/><G115/><T29/><D29/><U83/><E83/><V105/><F105/><W126/><G114/><T7/><D122/><U70/><E70/><V15/><F92/><W59/><G126/><AGARI ba="0,0" hai="9,15,17,58,62,65,98,99,124,126,127" m="49195" machi="126" ten="30,2000,0" yaku="18,1,19,1" doraHai="72" who="2" fromWho="3" sc="211,0,220,0,339,20,230,-20" /><INIT seed="2,0,0,5,1,87" ten="211,220,359,210" oya="2" hai0="59,85,93,106,92,132,120,6,78,127,95,116,104" hai1="25,102,42,52,21,39,50,115,54,97,9,94,70" hai2="99,12,47,13,30,37,8,124,110,109,119,3,71" hai3="40,69,79,126,60,53,98,107,45,23,2,130,77"/><V135/><F119/><W18/><G2/><T114/><D6/><U128/><E115/><V111/><F71/><W35/><G35/><T68/><D68/><U80/><E128/><V105/><F124/><W4/><G4/><T15/><D114/><U19/><E70/><V51/><F135/><W62/><G130/><T90/><D132/><U100/><E39/><V113/><F113/><W61/><G126/><T49/><D127/><U32/><E32/><V88/><F37/><W75/><G69/><T82/><D120/><U38/><E38/><V44/><F30/><W81/><G77/><T27/><D116/><U129/><E129/><V29/><F29/><W5/><G5/><T26/><D15/><U123/><E9/><V28/><F28/><W108/><G108/><T17/><D106/><U74/><E102/><N who="2" m="62687" /><F3/><W33/><G33/><T16/><D104/><U41/><E123/><V14/><F8/><W7/><G7/><T73/><D27/><U67/><E67/><V134/><F51/><W83/><G107/><T131/><D131/><U34/><E34/><V55/><F55/><W31/><G31/><T91/><D73/><U43/><E50/><V103/><F134/><W122/><G122/><T56/><D56/><U96/><E96/><V22/><F109/><W46/><G98/><T72/><D72/><U117/><E117/><V64/><F110/><W36/><G75/><T121/><D121/><U76/><AGARI ba="0,0" hai="19,21,25,41,42,43,52,54,74,76,80,94,97,100" machi="76" ten="30,2000,0" yaku="0,1,54,1" doraHai="87" who="1" fromWho="1" sc="211,-5,220,20,359,-10,210,-5" /><INIT seed="3,0,0,3,4,68" ten="206,240,349,205" oya="3" hai0="84,127,46,16,76,14,90,19,58,93,97,12,86" hai1="0,82,22,34,26,129,78,5,125,50,44,121,70" hai2="35,1,110,33,88,39,103,23,21,73,37,113,45" hai3="135,59,130,11,124,36,55,31,126,101,2,95,38"/><W47/><G130/><T80/><D127/><N who="3" m="48681" /><G135/><T83/><D46/><U41/><E70/><V77/><F1/><W81/><G31/><T108/><D108/><U131/><E34/><V123/><F33/><W102/><G47/><T28/><D28/><U74/><E121/><V54/><F35/><W43/><G43/><T18/><REACH who="0" step="1"/><D58/><REACH who="0" ten="196,240,349,205" step="2"/><U134/><E125/><V94/><F45/><W72/><G2/><T15/><D15/><U112/><E0/><V104/><F110/><W132/><G132/><T115/><D115/><U40/><E112/><V20/><F113/><W118/><G118/><T29/><D29/><U32/><E134/><V106/><F123/><W65/><G65/><T7/><D7/><U119/><E5/><V42/><F42/><W120/><G120/><T99/><D99/><U49/><E119/><V109/><F109/><W56/><G56/><T9/><BYE who="3" /><D9/><U63/><E41/><V96/><F96/><W91/><G91/><AGARI ba="0,1" hai="12,14,16,18,19,76,80,83,84,86,90,91,93,97" machi="91" ten="40,5200,0" yaku="1,1,8,1,54,1,53,0" doraHai="68" doraHaiUra="100" who="0" fromWho="3" sc="196,62,240,0,349,0,205,-52" owari="258,6.0,240,-16.0,349,45.0,153,-35.0" /></mjloggm>