<mjloggm ver="2.3"><GO type="169" lobby="0"/><UN n0="%E3%82%AD%E3%83%A9%E3%83%BC%E3%83%9E%E3%82%B8%E3%83%B3%E3%82%AC%E6%A7%98" n1="%E5%B0%B1%E6%B4%BB%E7%94%9F%40%E5%B7%9D%E6%9D%91%E8%BB%8D%E5%9B%A3" n2="%E7%99%BD%E9%B9%BF%E6%84%9B%E8%8E%89" n3="%7A%65%72%6F%52%58" dan="16,17,16,16" rate="2107.12,2200.35,2102.34,2164.64" sx="F,F,F,M"/><TAIKYOKU oya="0"/><INIT seed="0,0,0,1,5,30" ten="250,250,250,250" oya="0" hai0="120,108,81,47,93,66,10,110,121,119,123,13,83" hai1="51,14,3,127,8,9,98,106,38,90,25,37,12" hai2="62,40,115,57,56,26,50,35,68,58,19,67,103" hai3="23,21,34,61,135,82,111,22,132,79,6,2,84"/><T60/><D119/><U29/><E3/><V0/><F0/><W75/><G111/><N who="0" m="42539" /><D47/><U112/><E127/><V18/><F115/><W101/><G101/><T24/><D93/><U53/><E112/><V89/><F103/><W114/><G114/><T73/><D73/><U80/><E106/><V70/><F70/><W125/><G125/><T11/><D24/><U16/><E12/><V52/><F40/><W7/><G75/><T96/><D96/><U126/><E9/><N who="0" m="3081" /><D13/><U129/><E129/><V20/><F35/><W85/><G34/><T71/><AGARI ba="0,0" hai="60,66,71,81,83,120,121,123" m="3081,42539" machi="71" ten="40,3900,0" yaku="14,1,10,1" doraHai="30" who="0" fromWho="0" sc="250,39,250,-13,250,-13,250,-13" /><INIT seed="0,1,0,1,3,126" ten="289,237,237,237" oya="0" hai0="61,10,127,107,3,58,86,7,110,112,104,46,68" hai1="89,24,13,73,131,53,123,27,36,119,15,39,18" hai2="101,97,133,56,125,134,40,4,33,26,5,42,51" hai3="122,29,118,91,11,0,120,90,129,115,98,88,52"/><T25/><D112/><U59/><E73/><V74/><F74/><W84/><G115/><T49/><D68/><U100/><E100/><V103/><F125/><W41/><G118/><T135/><D127/><U124/><E124/><V93/><F103/><W8/><G41/><N who="2" m="15977" /><F51/><W2/><G29/><T92/><D135/><N who="2" m="51722" /><F56/><W37/><G37/><T20/><D49/><U63/><E123/><N who="3" m="47146" /><G98/><T80/><D46/><U105/><E105/><V38/><F38/><W66/><G66/><T32/><D32/><U117/><E89/><N who="3" m="34410" /><G52/><T6/><D107/><U76/><E53/><V48/><F48/><W70/><G70/><T130/><D104/><U79/><E63/><V77/><F77/><W12/><G11/><T19/><D61/><U111/><E59/><V106/><F106/><W69/><G69/><T9/><D58/><U45/><E45/><V75/><F75/><W1/><G1/><T71/><D71/><U57/><E57/><V102/><F102/><W47/><G47/><T82/><D3/><U55/><E55/><V113/><F113/><W81/><G0/><T14/><D10/><U121/><E121/><V64/><F64/><W72/><G72/><T35/><D9/><U17/><REACH who="1" step="1"/><E111/><REACH who="1" ten="289,227,237,237" step="2"/><V78/><F78/><W109/><G109/><T30/><D110/><U31/><E31/><AGARI ba="1,1" hai="4,5,26,31,33,93,97,101" m="51722,15977" machi="31" ten="30,1000,0" yaku="20,1" doraHai="126" who="2" fromWho="1" sc="289,0,227,-13,237,23,237,0" /><INIT seed="1,0,0,0,1,101" ten="289,214,260,237" oya="1" hai0="23,94,83,44,1,16,114,32,74,99,121,105,81" hai1="89,22,77,98,55,29,47,24,86,25,0,112,3" hai2="73,120,78,4,119,63,132,45,87,36,35,88,37" hai3="6,54,128,46,110,59,48,67,8,62,130,39,113"/><U126/><E112/><V127/><F119/><W21/><G21/><T42/><D114/><U134/><E126/><V20/><F120/><W65/><G113/><T90/><D121/><U76/><E134/><V52/><F35/><W123/><G123/><T115/><D115/><U93/><E25/><V104/><F73/><W66/><G8/><T14/><D1/><U57/><E47/><V43/><F78/><W85/><G85/><T38/><D32/><U9/><E9/><V103/><F4/><W133/><G6/><T70/><D70/><U5/><E5/><V129/><F129/><N who="3" m="49771" /><G133/><T111/><D111/><U10/><E10/><V75/><F75/><W80/><G80/><T30/><D74/><U106/><E3/><V51/><F132/><W97/><G97/><T13/><D30/><U40/><E40/><V33/><F33/><W61/><G110/><T2/><D2/><U7/><E7/><V107/><F127/><W109/><G109/><T95/><D105/><U100/><REACH who="1" step="1"/><E0/><REACH who="1" ten="289,204,260,237" step="2"/><V108/><F108/><W68/><G39/><T135/><D135/><U56/><E56/><V17/><F37/><W53/><AGARI ba="0,1" hai="46,48,53,54,59,61,62,65,66,67,68" m="49771" machi="53" ten="30,4000,0" yaku="19,1,34,2" doraHai="101" who="3" fromWho="3" sc="289,-10,204,-20,260,-10,237,50" /><INIT seed="2,0,0,2,2,120" ten="279,184,250,287" oya="2" hai0="135,78,24,27,58,31,97,75,102,101,62,88,103" hai1="108,80,25,85,79,29,48,40,34,4,127,20,112" hai2="45,92,98,0,122,69,35,9,76,87,56,65,110" hai3="77,131,54,105,109,134,22,7,123,113,71,37,5"/><V100/><F122/><W14/><G105/><T84/><D135/><U68/><E112/><V17/><F35/><W36/><G71/><T133/><D133/><U32/><E68/><V89/><F69/><W121/><G134/><T66/><D75/><U8/><E127/><V11/><F76/><W132/><G132/><T39/><D39/><U72/><E72/><V106/><F0/><W52/><G131/><T125/><D125/><U38/><E38/><V104/><F110/><W90/><G77/><T93/><D78/><U82/><E82/><V16/><F45/><W23/><G14/><T64/><D64/><U99/><E99/><V95/><F106/><W117/><G90/><T41/><D41/><U19/><E108/><V74/><F104/><W30/><G30/><T2/><D2/><U1/><E40/><V3/><F74/><W86/><G86/><T118/><D118/><U70/><E70/><V73/><F73/><W6/><G6/><T10/><D10/><N who="2" m="3594" /><F3/><W94/><G94/><N who="0" m="54535" /><D31/><U83/><E48/><V63/><AGARI ba="0,0" hai="16,17,56,63,65,87,89,92,95,98,100" m="3594" machi="63" ten="30,3000,0" yaku="8,1,54,1" doraHai="120" who="2" fromWho="2" sc="279,-10,184,-10,250,30,287,-10" /><INIT seed="2,1,0,4,1,126" ten="269,174,280,277" oya="2" hai0="9,31,46,13,64,129,103,10,102,132,2,68,90" hai1="56,19,95,96,72,44,33,17,45,15,127,117,27" hai2="23,76,89,133,130,60,42,53,98,25,125,114,50" hai3="52,134,14,81,11,63,75,88,78,55,74,87,40"/><V20/><F114/><W43/><G134/><T116/><D132/><U119/><E72/><V1/><F133/><W39/><G75/><T67/><D2/><U32/><E127/><V73/><F1/><W128/><G128/><T122/><D122/><U54/><E33/><V109/><F125/><W91/><G39/><T21/><D90/><N who="3" m="34345" /><G74/><T70/><D46/><U61/><E117/><V36/><F36/><W100/><G100/><T37/><D37/><U58/><E119/><V6/><F109/><W41/><G63/><T113/><D116/><U12/><E32/><V79/><F6/><AGARI ba="1,0" hai="6,11,14,40,41,43,52,55,78,81,87" m="34345" machi="6" ten="30,3900,0" yaku="8,1,54,2" doraHai="126" who="3" fromWho="2" sc="269,0,174,0,280,-42,277,42" /><INIT seed="3,0,0,0,3,37" ten="269,174,238,319" oya="3" hai0="77,121,29,73,15,2,122,125,105,84,78,34,5" hai1="87,63,120,83,47,97,23,4,99,126,128,100,57" hai2="113,30,51,82,91,6,69,49,90,89,45,3,26" hai3="40,33,134,93,32,24,129,41,9,65,10,1,12"/><W131/><G134/><T27/><D84/><U53/><E120/><V16/><F69/><W75/><G75/><T22/><D105/><U116/><E128/><N who="3" m="49226" /><G65/><T94/><D94/><U115/><E126/><V11/><F113/><W86/><G1/><T31/><D125/><U70/><E115/><V39/><F82/><W132/><G9/><N who="0" m="2231" /><D73/><U111/><E111/><V36/><F51/><W50/><G50/><T110/><D110/><U7/><E70/><V54/><REACH who="2" step="1"/><F16/><REACH who="2" ten="269,174,228,319" step="2"/><W60/><G132/><T68/><D68/><U79/><E116/><V102/><F102/><W59/><G24/><N who="0" m="18791" /><D78/><U103/><E47/><V52/><F52/><N who="3" m="33895" /><G93/><T81/><D122/><U135/><E135/><V101/><F101/><W8/><G8/><T106/><D121/><U0/><E103/><V21/><AGARI ba="0,1" hai="3,6,11,21,26,30,36,39,45,49,54,89,90,91" machi="21" ten="30,2000,0" yaku="1,1,0,1,53,0" doraHai="37" doraHaiUra="38" who="2" fromWho="2" sc="269,-5,174,-5,228,30,319,-10" /><INIT seed="4,0,0,1,0,28" ten="264,169,258,309" oya="0" hai0="41,8,128,72,91,54,105,70,33,60,14,42,71" hai1="69,12,65,88,35,52,3,16,34,55,129,57,101" hai2="53,74,122,100,15,125,117,135,59,83,23,36,79" hai3="123,31,113,110,29,118,121,120,45,126,76,56,37"/><T66/><D72/><U21/><E3/><V119/><F122/><W77/><G118/><T30/><D105/><U61/><E101/><V11/><F36/><W82/><G110/><T132/><D132/><U97/><E129/><V106/><F135/><W115/><G126/><T49/><D71/><U6/><E6/><V43/><F125/><W96/><G56/><T84/><D128/><U92/><REACH who="1" step="1"/><E55/><REACH who="1" ten="264,159,258,309" step="2"/><V9/><F53/><W103/><G121/><T87/><D54/><U10/><E10/><V131/><F11/><W114/><G123/><T62/><D8/><U47/><E47/><V19/><F9/><W5/><G5/><T40/><D40/><U25/><E25/><V107/><F100/><W89/><G103/><T68/><D42/><U58/><E58/><V85/><F59/><W26/><G26/><T7/><D41/><U64/><E64/><V80/><F43/><N who="3" m="22767" /><G120/><T46/><D7/><U0/><E0/><V98/><F131/><W20/><G115/><T27/><D66/><U44/><E44/><V63/><F119/><W78/><G114/><T90/><D46/><U116/><E116/><V50/><F117/><W111/><G113/><T18/><D27/><U22/><E22/><V124/><F124/><W67/><G20/><T93/><D68/><U17/><E17/><V94/><F23/><W51/><G67/><T13/><D70/><U133/><E133/><V127/><F19/><W108/><G108/><T1/><D1/><U102/><E102/><N who="2" m="60759" /><F127/><W81/><G111/><T99/><D18/><U2/><E2/><V24/><F24/><W48/><G29/><RYUUKYOKU ba="0,1" sc="264,-10,159,30,258,-10,309,-10" hai1="12,16,21,34,35,52,57,61,65,69,88,92,97" /><INIT seed="5,1,1,5,5,71" ten="254,189,248,299" oya="1" hai0="93,135,14,77,57,74,15,46,4,64,100,103,84" hai1="19,49,62,45,6,89,2,53,55,5,111,8,70" hai2="108,119,127,31,3,97,133,59,21,68,27,16,123" hai3="107,96,120,36,43,10,34,87,78,35,118,38,0"/><U7/><E111/><V25/><F68/><W69/><G87/><T122/><D74/><U61/><E70/><V98/><F123/><W42/><G120/><T86/><D122/><U92/><E55/><V48/><F108/><W90/><G90/><T63/><D135/><U110/><E110/><V83/><F119/><W112/><G118/><T28/><D28/><U117/><E117/><V134/><F3/><W60/><G43/><T129/><D129/><U17/><E2/><V18/><F83/><W102/><G78/><T130/><D130/><U23/><E8/><V126/><F48/><W88/><G88/><N who="0" m="53383" /><D46/><U82/><E82/><V30/><F21/><W51/><G51/><T26/><D26/><U41/><E41/><V91/><F91/><W124/><G124/><T32/><D32/><N who="3" m="12329" /><G42/><T128/><D128/><U65/><E65/><V29/><F29/><W109/><G112/><T22/><D22/><U104/><E104/><V121/><F121/><W94/><G94/><T101/><D4/><U37/><E37/><V66/><F59/><W81/><G81/><AGARI ba="1,1" hai="14,15,57,63,64,77,81,86,100,101,103" m="53383" machi="81" ten="30,2000,0" yaku="8,1,54,1" doraHai="71" who="0" fromWho="3" sc="254,33,189,0,248,0,299,-23" /><INIT seed="6,0,0,1,0,118" ten="287,189,248,276" oya="2" hai0="24,74,128,105,11,131,101,68,102,37,29,26,81" hai1="20,57,63,80,132,129,52,28,130,62,42,127,93" hai2="51,10,2,104,47,49,95,120,110,90,106,38,124" hai3="23,94,103,7,27,84,77,75,58,109,35,115,46"/><V78/><F120/><W25/><G109/><T36/><D68/><U91/><E127/><V40/><F110/><W114/><G75/><T22/><D11/><U98/><E132/><V76/><F124/><W33/><G7/><T113/><D113/><N who="3" m="43017" /><G46/><T1/><D1/><U96/><E42/><V97/><F49/><W5/><G5/><T48/><D48/><U117/><E117/><V65/><F65/><W121/><G27/><T30/><D74/><U21/><E80/><V0/><F51/><W34/><G121/><T133/><D133/><U18/><E98/><V112/><F112/><W122/><G122/><T72/><D72/><U123/><E123/><V53/><F53/><W44/><G44/><T41/><D41/><U61/><E28/><V60/><F60/><W43/><G43/><T69/><D37/><U100/><E100/><V59/><F59/><W88/><G77/><T108/><D36/><U13/><REACH who="1" step="1"/><E20/><REACH who="1" ten="287,179,248,276" step="2"/><V107/><F107/><W83/><G103/><T89/><D105/><U111/><E111/><V12/><F106/><W3/><G83/><T119/><D108/><U31/><E31/><V8/><F104/><W17/><G34/><T54/><D119/><U32/><E32/><V87/><F97/><W116/><G116/><T135/><D135/><U55/><E55/><V92/><F40/><W67/><G33/><T9/><D101/><U73/><E73/><V99/><F99/><W79/><G35/><T50/><D102/><U14/><E14/><V66/><F12/><W70/><G23/><T64/><D22/><U134/><E134/><V85/><F38/><RYUUKYOKU ba="0,1" sc="287,-10,179,30,248,-10,276,-10" hai1="13,18,21,52,57,61,62,63,91,93,96,129,130" /><INIT seed="7,1,1,5,1,47" ten="277,209,238,266" oya="3" hai0="77,48,53,98,90,13,80,60,9,78,12,40,28" hai1="120,23,55,71,108,97,126,113,106,83,96,111,64" hai2="52,4,124,84,105,17,119,116,35,29,107,45,19" hai3="26,93,44,121,67,92,31,46,74,62,0,21,30"/><W42/><G121/><T20/><D40/><U81/><E71/><V59/><F124/><W51/><G74/><T130/><D60/><U118/><E64/><V122/><F122/><W68/><G0/><T128/><D13/><U76/><E120/><V27/><F4/><W115/><G115/><T1/><D1/><U7/><E7/><V110/><F110/><W41/><G31/><T82/><D98/><U11/><E11/><V22/><F45/><W18/><G30/><T95/><D95/><U88/><E23/><V50/><F84/><W114/><G114/><T135/><D20/><U103/><E55/><V91/><F91/><W125/><G125/><T38/><D38/><AGARI ba="1,1" hai="18,21,26,38,41,42,44,46,51,62,67,68,92,93" machi="38" ten="30,2900,0" yaku="7,1,52,1" doraHai="47" who="3" fromWho="0" sc="277,-32,209,0,238,0,266,42" owari="245,5.0,209,-29.0,238,-16.0,308,40.0" /></mjloggm>