<mjloggm ver="2.3"><GO type="169" lobby="0"/><UN n0="%E5%B0%B1%E6%B4%BB%E7%94%9F%40%E5%B7%9D%E6%9D%91%E8%BB%8D%E5%9B%A3" n1="%4B%E3%80%82" n2="%E3%82%B5%E3%83%96%E3%82%A2%E3%83%A9%E3%83%89" n3="%E3%81%AF%E3%81%92%E3%81%A1%E3%82%87%E3%81%8F" dan="18,17,16,17" rate="2234.50,2178.08,2117.33,2208.61" sx="M,M,M,M"/><TAIKYOKU oya="0"/><INIT seed="0,0,0,5,2,52" ten="250,250,250,250" oya="0" hai0="30,40,109,20,135,23,47,132,57,25,129,106,117" hai1="27,116,91,63,123,49,70,102,65,55,81,114,17" hai2="53,126,28,103,35,50,13,10,93,113,98,68,71" hai3="69,24,44,92,104,6,31,43,124,2,97,95,15"/><T88/><D117/><U73/><E123/><V1/><F1/><W16/><G69/><T39/><D106/><U5/><E116/><V108/><F113/><W32/><G124/><T7/><D129/><U90/><E114/><V9/><F126/><W82/><G82/><T67/><D7/><U48/><E102/><V127/><F108/><W122/><G122/><T84/><D109/><U76/><E5/><V62/><F127/><W56/><G104/><T75/><D75/><U101/><E101/><V118/><F62/><W111/><G111/><T96/><D96/><U12/><E27/><V86/><F118/><W4/><G2/><T54/><D67/><U14/><E49/><V89/><F28/><W58/><G6/><T85/><D23/><U131/><E14/><V72/><F72/><W33/><G33/><T37/><D39/><U79/><E79/><V19/><F9/><W100/><G92/><T22/><D20/><U112/><E131/><V125/><F35/><W119/><G4/><T115/><D115/><U11/><REACH who="1" step="1"/><E112/><REACH who="1" ten="250,240,250,250" step="2"/><V107/><REACH who="2" step="1"/><F125/><REACH who="2" ten="250,240,240,250" step="2"/><W87/><G119/><T46/><D132/><U18/><E18/><V121/><F121/><W34/><G16/><T60/><D135/><U41/><E41/><V59/><AGARI ba="0,2" hai="10,13,19,50,53,59,68,71,86,89,93,98,103,107" machi="59" ten="20,5200,0" yaku="1,1,0,1,7,1,52,1,53,0" doraHai="52" doraHaiUra="74" who="2" fromWho="2" sc="250,-26,240,-13,240,72,250,-13" /><INIT seed="1,0,0,0,0,2" ten="224,227,312,237" oya="1" hai0="34,20,47,39,11,101,36,81,43,13,134,79,108" hai1="45,28,8,12,126,128,4,72,127,87,16,24,41" hai2="94,135,44,42,54,51,89,77,80,84,58,35,40" hai3="123,61,111,29,18,76,49,115,67,85,7,117,133"/><U57/><E72/><V113/><F35/><W25/><G123/><T83/><D34/><U59/><E128/><V10/><F135/><W46/><G133/><T118/><D134/><U37/><E87/><V75/><F113/><W53/><G115/><T48/><D118/><U14/><E28/><V33/><F33/><W15/><G117/><T5/><D108/><U68/><E24/><V121/><F121/><W56/><G111/><T104/><D81/><U124/><REACH who="1" step="1"/><E68/><REACH who="1" ten="224,217,312,237" step="2"/><V95/><F75/><W27/><G29/><T23/><D39/><U65/><E65/><V64/><F64/><W0/><G85/><N who="0" m="48383" /><D36/><U74/><E74/><V122/><F122/><W103/><G27/><T100/><D104/><U32/><E32/><V114/><F114/><W17/><G25/><T116/><D116/><U73/><E73/><V105/><F105/><W50/><G67/><T6/><D6/><U97/><E97/><V120/><F120/><W86/><G7/><T60/><D60/><U22/><AGARI ba="0,1" hai="4,8,12,14,16,22,37,41,45,57,59,124,126,127" machi="22" ten="30,24000,3" yaku="1,1,0,1,18,1,52,1,54,1,53,3" doraHai="2" doraHaiUra="132" who="1" fromWho="1" sc="224,-80,217,250,312,-80,237,-80" /><INIT seed="1,1,0,2,1,90" ten="144,467,232,157" oya="1" hai0="68,129,82,30,110,35,26,58,127,72,76,130,101" hai1="13,18,96,118,84,43,54,106,95,100,116,24,1" hai2="37,131,2,5,132,67,12,73,66,114,25,122,99" hai3="20,31,107,102,29,8,55,83,28,51,33,87,36"/><U134/><E134/><V75/><F122/><W97/><G36/><T74/><D68/><U133/><E133/><V44/><F132/><W23/><G33/><T46/><D127/><U85/><E1/><V0/><F131/><W39/><G8/><T63/><D110/><U128/><E128/><N who="0" m="49257" /><D46/><U27/><E43/><V50/><F37/><W125/><G39/><T49/><D49/><U17/><E116/><V21/><F114/><W22/><G125/><T9/><D9/><U53/><E106/><V103/><F12/><W89/><REACH who="3" step="1"/><G22/><REACH who="3" ten="144,467,232,147" step="2"/><T71/><D71/><U112/><E112/><V3/><F21/><W7/><G7/><T10/><D10/><U60/><E118/><V81/><F5/><W61/><G61/><T93/><D63/><U126/><E60/><V57/><F50/><W41/><G41/><T45/><D45/><AGARI ba="1,1" hai="20,23,28,29,31,45,51,55,83,87,89,97,102,107" machi="45" ten="40,1300,0" yaku="1,1,53,0" doraHai="90" doraHaiUra="124" who="3" fromWho="0" sc="144,-16,467,0,232,0,147,26" /><INIT seed="2,0,0,0,3,25" ten="128,467,232,173" oya="2" hai0="22,112,55,122,15,93,13,120,67,87,6,26,0" hai1="64,80,54,24,78,39,130,61,20,126,92,4,100" hai2="131,8,62,79,50,31,95,107,29,28,17,129,53" hai3="86,46,114,48,56,1,128,47,73,70,96,51,65"/><V32/><F107/><W89/><G73/><T3/><D67/><U91/><E39/><V41/><F32/><W59/><G1/><T71/><D71/><U37/><E37/><V60/><F79/><W9/><G9/><T77/><D55/><U103/><E4/><V23/><F95/><W83/><G70/><T134/><D77/><U116/><E54/><V132/><F41/><N who="3" m="24655" /><G128/><N who="2" m="49225" /><F8/><W68/><G68/><T104/><D87/><U74/><E116/><V34/><F34/><W43/><G114/><T81/><D81/><U108/><E130/><V111/><F132/><W72/><G72/><T36/><D93/><U12/><E100/><V115/><F111/><W113/><G113/><T106/><D36/><U133/><E103/><V11/><F11/><W119/><G119/><T33/><D106/><U57/><E133/><V127/><F127/><W124/><G124/><T18/><D104/><U102/><E108/><V52/><F115/><W109/><G109/><T76/><D76/><U88/><E126/><V10/><F10/><W84/><G96/><T44/><D134/><U42/><E102/><V69/><F69/><W121/><G65/><T110/><D110/><U117/><E117/><V35/><F35/><W14/><G86/><T16/><D112/><U135/><E135/><V38/><F38/><W75/><G75/><T66/><D66/><U45/><E92/><V58/><F53/><W97/><G97/><T7/><D33/><U99/><E99/><V27/><AGARI ba="0,0" hai="17,23,27,28,29,31,50,52,58,60,62" m="49225" machi="27" ten="30,12000,1" yaku="19,1,52,3,54,1" doraHai="25" who="2" fromWho="2" sc="128,-40,467,-40,232,120,173,-40" /><INIT seed="2,1,0,0,1,106" ten="88,427,352,133" oya="2" hai0="36,129,16,58,6,34,131,84,30,1,67,111,15" hai1="22,133,83,54,57,119,38,4,107,19,76,43,127" hai2="77,40,92,14,35,41,79,114,132,103,90,121,50" hai3="5,108,123,13,80,47,93,59,29,45,63,9,55"/><V42/><F121/><W23/><G123/><T99/><D36/><U122/><E107/><V73/><F114/><W135/><G108/><T91/><D111/><U27/><E119/><V126/><F35/><W12/><G135/><T124/><D124/><U70/><E70/><V3/><F3/><W81/><G93/><T105/><D6/><U88/><E122/><V117/><F117/><W61/><G61/><T39/><D1/><U52/><E127/><V68/><F68/><W37/><G37/><T21/><D39/><U102/><E102/><V64/><F126/><W65/><G65/><T8/><D34/><U87/><E4/><V28/><F64/><W46/><REACH who="3" step="1"/><G13/><REACH who="3" ten="88,427,352,123" step="2"/><T97/><D105/><U98/><E133/><V2/><F132/><W120/><G120/><T69/><D69/><U94/><E38/><V89/><F14/><W116/><G116/><T125/><D125/><U104/><E104/><V33/><F2/><W32/><G32/><T10/><D129/><U96/><E43/><V11/><F42/><W20/><G20/><T62/><D131/><U101/><E54/><V128/><F41/><W109/><G109/><T118/><D118/><U110/><E110/><V53/><F40/><W130/><G130/><T66/><D66/><U31/><E101/><V72/><F128/><W26/><AGARI ba="1,1" hai="5,9,12,23,26,29,45,46,47,55,59,63,80,81" machi="26" ten="30,4000,0" yaku="1,1,0,1,8,1,53,0" doraHai="106" doraHaiUra="75" who="3" fromWho="3" sc="88,-11,427,-11,352,-21,123,53" /><INIT seed="3,0,0,3,4,88" ten="77,416,331,176" oya="3" hai0="83,85,9,10,39,77,107,134,53,61,17,26,45" hai1="117,18,72,7,104,42,3,132,84,91,25,37,1" hai2="65,46,97,63,86,69,6,27,79,15,36,35,67" hai3="59,98,103,100,55,43,99,30,56,5,14,48,115"/><W40/><G115/><T66/><D107/><U57/><E104/><V64/><F36/><W105/><G30/><T20/><D134/><U73/><E37/><V28/><F46/><W58/><G5/><T76/><D76/><U93/><E42/><V111/><F111/><W113/><G113/><T114/><D114/><U33/><E132/><V92/><F15/><W131/><G131/><T71/><REACH who="0" step="1"/><D53/><REACH who="0" ten="67,416,331,176" step="2"/><U41/><E117/><V54/><F54/><W34/><G55/><T121/><D121/><U32/><E72/><V133/><F133/><W135/><G135/><T80/><D80/><U124/><E73/><V82/><REACH who="2" step="1"/><F6/><REACH who="2" ten="67,416,321,176" step="2"/><W75/><G40/><AGARI ba="0,2" hai="9,10,17,20,26,39,40,45,61,66,71,77,83,85" machi="40" ten="40,1300,0" yaku="1,1,53,0" doraHai="88" doraHaiUra="125" who="0" fromWho="3" sc="67,33,416,0,321,0,176,-13" /><INIT seed="4,0,0,4,0,11" ten="100,416,321,163" oya="0" hai0="93,34,79,82,95,77,89,133,129,99,52,40,134" hai1="48,5,87,50,43,96,111,62,128,1,104,122,61" hai2="6,24,68,84,123,125,14,92,76,97,100,86,20" hai3="114,58,105,120,46,54,102,131,124,10,90,66,132"/><T17/><D34/><U83/><E1/><V26/><F68/><W69/><G105/><T63/><D40/><U38/><E5/><V64/><F125/><W110/><G102/><T27/><D129/><U107/><E38/><V2/><F2/><W22/><G22/><N who="0" m="13775" /><D93/><U75/><E75/><V91/><F64/><W21/><G69/><T16/><D82/><U12/><E122/><V74/><F74/><W94/><G120/><T109/><D109/><U121/><E121/><V39/><F39/><W115/><G131/><T108/><D108/><U106/><E96/><V71/><F71/><W81/><G81/><T119/><D119/><U85/><E43/><V9/><F76/><N who="0" m="29258" /><D16/><U67/><E83/><N who="2" m="49567" /><F123/><W19/><G110/><T57/><AGARI ba="0,0" hai="52,57,63,89,95,99,133,134" m="29258,13775" machi="57" ten="30,3000,0" yaku="25,1,54,1" doraHai="11" who="0" fromWho="0" sc="100,30,416,-10,321,-10,163,-10" /><INIT seed="4,1,0,2,4,111" ten="130,406,311,153" oya="0" hai0="120,60,61,74,118,46,26,110,79,19,41,25,58" hai1="113,66,30,9,21,59,67,98,33,91,80,101,96" hai2="49,133,7,104,32,17,117,36,108,1,55,3,53" hai3="29,106,57,131,23,103,37,50,5,65,31,39,127"/><T122/><D118/><U95/><E33/><V54/><F117/><W114/><G5/><T132/><D110/><U83/><E9/><V77/><F32/><W71/><G71/><T75/><D132/><U128/><E128/><V2/><F36/><W119/><G119/><T94/><D94/><N who="1" m="56415" /><E113/><V85/><F7/><W125/><G131/><T45/><D19/><U115/><E115/><V38/><F38/><W109/><G109/><T15/><D15/><U72/><E72/><V105/><F108/><W14/><G114/><T70/><D79/><U121/><E121/><V64/><F64/><N who="1" m="24617" /><E59/><V134/><F49/><W99/><G37/><T52/><D58/><U100/><E100/><V112/><F112/><W86/><G39/><T92/><D92/><U0/><E0/><V11/><F11/><W44/><G57/><T116/><D116/><U68/><E68/><V87/><F17/><N who="3" m="10679" /><G65/><T24/><D70/><U62/><E62/><V126/><F126/><N who="3" m="48139" /><G86/><N who="2" m="32777" /><F77/><W47/><G47/><T76/><D76/><U8/><E8/><V40/><F40/><AGARI ba="1,0" hai="29,31,40,44,50,99,103,106" m="48139,10679" machi="40" ten="30,1000,0" yaku="18,1" doraHai="111" who="3" fromWho="2" sc="130,0,406,0,311,-13,153,13" /><INIT seed="5,0,0,0,3,62" ten="130,406,298,166" oya="1" hai0="34,37,97,45,53,111,63,22,123,110,8,72,33" hai1="84,94,18,122,96,56,20,39,100,129,35,109,16" hai2="44,59,108,51,133,89,7,2,38,121,30,70,117" hai3="119,41,32,74,86,42,76,130,46,73,125,107,95"/><U12/><E35/><V49/><F121/><W10/><G107/><T26/><D72/><U83/><E122/><V116/><F108/><W55/><G32/><T87/><D123/><U47/><E129/><V65/><F30/><W106/><G106/><T6/><D34/><U68/><E68/><V132/><F89/><W50/><G130/><T128/><D33/><U91/><E109/><V92/><F92/><W19/><G119/><T0/><D128/><U3/><E3/><V13/><F13/><W104/><G104/><T115/><D115/><U127/><E127/><V126/><F7/><W15/><G125/><T9/><D8/><U112/><E39/><V61/><F2/><W21/><G10/><T57/><D87/><U54/><E47/><V131/><F131/><W64/><G73/><T88/><D45/><U135/><E135/><N who="2" m="51787" /><F126/><W17/><G17/><N who="0" m="12623" /><D37/><U78/><E18/><V48/><F70/><W77/><G74/><T101/><D101/><U114/><E114/><V118/><F38/><W40/><G64/><T66/><D66/><U67/><E67/><V28/><F28/><W60/><G60/><T113/><D113/><U79/><E112/><V71/><F71/><W102/><G102/><T120/><D120/><U69/><E69/><V14/><F14/><W75/><G75/><T80/><D80/><U85/><E84/><V81/><F81/><W124/><G124/><T29/><D29/><U5/><E5/><V31/><F31/><W99/><G86/><T98/><D98/><U11/><E11/><V134/><N who="2" m="51795" /><V82/><DORA hai="90" /><F82/><W24/><G15/><RYUUKYOKU ba="0,0" sc="130,0,406,0,298,0,166,0" hai0="0,6,9,53,57,63,88,97,110,111" hai1="12,16,20,54,56,78,79,83,85,91,94,96,100" hai2="44,48,49,51,59,61,65,116,117,118" hai3="19,21,24,40,41,42,46,50,55,76,77,95,99" /><INIT seed="5,1,0,5,4,134" ten="130,406,298,166" oya="1" hai0="72,61,52,120,68,24,88,2,60,32,62,127,71" hai1="84,11,82,79,17,104,95,122,87,75,92,57,42" hai2="106,28,49,45,25,7,97,77,118,10,101,113,131" hai3="86,83,121,44,37,27,96,117,85,9,56,66,126"/><U0/><E122/><V6/><F118/><W111/><G121/><T133/><D120/><U116/><E104/><V107/><F131/><W132/><G111/><T73/><D2/><U76/><E116/><V54/><F113/><W89/><G117/><T65/><D133/><U94/><E57/><V129/><F129/><W38/><G132/><T58/><D127/><U29/><E29/><V5/><F77/><W112/><G112/><T50/><D32/><U43/><E17/><V36/><F36/><W108/><G108/><T19/><D24/><U115/><E115/><V78/><F78/><W114/><G114/><T23/><D23/><U15/><E15/><V41/><F41/><W47/><G27/><T59/><D19/><U102/><E102/><V35/><REACH who="2" step="1"/><F107/><REACH who="2" ten="130,406,288,166" step="2"/><W99/><G38/><T80/><D72/><U100/><E79/><V128/><F128/><W34/><G37/><T3/><D73/><U90/><E75/><V69/><F69/><W33/><G126/><T18/><D71/><U40/><E43/><V74/><F74/><W8/><G34/><T109/><D109/><U53/><E42/><V64/><F64/><W55/><G66/><T93/><D68/><U105/><E40/><V12/><AGARI ba="1,1" hai="5,6,7,10,12,25,28,35,45,49,54,97,101,106" machi="12" ten="20,2700,0" yaku="1,1,0,1,7,1,53,0" doraHai="134" doraHaiUra="39" who="2" fromWho="2" sc="130,-8,406,-14,288,40,166,-8" /><INIT seed="6,0,0,3,2,71" ten="122,392,328,158" oya="2" hai0="44,0,120,91,49,64,82,6,128,29,48,111,97" hai1="65,39,72,62,116,130,34,51,129,107,63,45,18" hai2="133,92,112,2,23,35,16,61,96,58,118,12,55" hai3="77,99,30,127,86,70,1,115,8,33,24,7,119"/><V57/><F118/><W37/><G70/><T10/><D111/><U73/><E116/><V53/><F2/><W102/><G119/><T32/><D120/><U3/><E107/><V42/><F35/><W100/><G127/><T106/><D128/><N who="1" m="49259" /><E39/><V135/><F42/><W56/><G37/><T54/><D64/><U110/><E34/><V43/><F43/><W74/><G74/><N who="1" m="28778" /><E3/><V93/><F112/><W76/><G100/><T124/><D124/><U25/><E110/><V101/><REACH who="2" step="1"/><F93/><REACH who="2" ten="122,392,318,158" step="2"/><W109/><G115/><T20/><D32/><U50/><E65/><V89/><F89/><W31/><G109/><T132/><D106/><U52/><E51/><AGARI ba="0,1" hai="12,16,23,51,53,55,57,58,61,92,96,101,133,135" machi="51" ten="40,3900,0" yaku="1,1,54,1,53,0" doraHai="71" doraHaiUra="68" who="2" fromWho="1" sc="122,0,392,-39,318,49,158,0" /><INIT seed="6,1,0,1,1,73" ten="122,353,367,158" oya="2" hai0="72,76,112,11,88,12,71,102,98,80,6,16,39" hai1="115,94,53,0,13,10,90,17,18,117,114,32,116" hai2="9,81,23,4,58,22,131,69,19,43,31,120,27" hai3="84,122,36,96,68,118,55,62,77,40,99,28,35"/><V33/><F120/><W78/><G118/><T95/><D71/><U93/><E32/><V104/><F69/><W130/><G122/><T82/><D39/><U63/><E0/><V108/><F104/><W111/><G111/><T44/><D112/><N who="1" m="43051" /><E18/><V65/><F108/><W125/><G36/><T126/><D126/><U89/><E63/><V41/><F131/><W103/><G40/><T50/><D80/><U2/><E2/><N who="2" m="151" /><F81/><W47/><G125/><T97/><D6/><U48/><E93/><V5/><F5/><W133/><G130/><T37/><D37/><U109/><E109/><V57/><F23/><W34/><G34/><T21/><D11/><U54/><E89/><V25/><F65/><W66/><G35/><T127/><D127/><U123/><E123/><V15/><F27/><W85/><G28/><T87/><D102/><U56/><E54/><AGARI ba="1,0" hai="12,16,21,44,50,54,72,76,82,87,88,95,97,98" machi="54" ten="30,7700,0" yaku="7,1,52,1,54,2" doraHai="73" who="0" fromWho="1" sc="122,80,353,-80,367,0,158,0" /><INIT seed="7,0,0,5,0,99" ten="202,273,367,158" oya="3" hai0="81,107,108,20,31,82,21,119,26,55,135,124,71" hai1="24,115,65,110,89,38,4,129,128,13,46,12,22" hai2="48,90,95,73,74,100,60,111,9,42,134,114,97" hai3="3,33,102,106,2,29,116,112,44,105,123,19,70"/><W23/><G70/><T35/><D108/><U43/><E110/><V32/><F32/><W28/><G116/><T0/><D0/><U54/><E115/><V10/><F114/><W58/><G112/><T88/><D71/><U87/><E65/><V47/><F134/><W94/><G123/><T50/><D107/><U63/><E4/><V7/><F9/><W37/><G33/><T14/><D119/><U25/><E63/><V76/><F76/><W51/><G37/><T59/><D124/><U77/><E77/><V67/><F90/><W66/><G105/><T49/><D135/><U113/><E54/><V80/><F80/><W93/><G106/><T40/><D35/><U39/><E39/><V18/><F18/><W79/><G79/><T132/><D132/><U104/><E104/><V41/><F41/><N who="3" m="24975" /><G2/><T118/><D118/><U84/><E25/><V86/><F86/><N who="1" m="32809" /><E89/><V109/><F109/><W131/><G3/><T17/><D88/><U121/><E121/><V11/><F111/><W6/><G6/><T92/><D92/><N who="3" m="35433" /><G102/><T5/><D5/><U85/><E85/><V1/><F11/><W52/><G66/><T27/><D14/><U15/><E113/><V69/><AGARI ba="0,0" hai="1,7,10,42,47,48,60,67,69,73,74,95,97,100" machi="69" ten="20,2700,0" yaku="0,1,7,1,52,1" doraHai="99" who="2" fromWho="2" sc="202,-7,273,-7,367,27,158,-13" owari="195,-20.0,266,7.0,394,48.0,145,-35.0" /></mjloggm>