<mjloggm ver="2.3"><GO type="169" lobby="0"/><UN n0="%E3%82%A6%E3%83%AB%E3%83%88%E3%83%A9%E7%AB%8B%E7%9B%B4" n1="%66%75%6B%75%30%32" n2="%E7%B7%92%E6%96%B9%E6%99%BA%E7%B5%B5%E9%87%8C%2B" n3="%E8%B6%85%E4%BA%BA%EF%BC%AD" dan="17,16,17,16" rate="2228.08,2129.52,2191.78,2220.62" sx="M,M,M,M"/><TAIKYOKU oya="0"/><INIT seed="0,0,0,2,2,20" ten="250,250,250,250" oya="0" hai0="3,14,50,117,106,95,94,98,132,11,19,2,126" hai1="5,40,65,92,122,17,108,69,115,120,47,107,75" hai2="0,27,129,110,105,80,53,124,127,73,51,42,123" hai3="30,6,118,121,76,55,88,31,83,26,113,36,131"/><T45/><D117/><U38/><E107/><V58/><F123/><W111/><G121/><T79/><D126/><N who="2" m="48170" /><F105/><W10/><G118/><T34/><D132/><U91/><E75/><V125/><F0/><W68/><G113/><T44/><D106/><U64/><E115/><V59/><F129/><W23/><G68/><T7/><D34/><U90/><E108/><V32/><F110/><W16/><G36/><T18/><D79/><U29/><E5/><V54/><F42/><W72/><G131/><T1/><D95/><U96/><E29/><N who="2" m="19519" /><F125/><W77/><G77/><T49/><D45/><U70/><E91/><V82/><F73/><W74/><G74/><T130/><D130/><U15/><E70/><V134/><F134/><W84/><G55/><T46/><D44/><U61/><REACH who="1" step="1"/><E65/><REACH who="1" ten="250,240,250,250" step="2"/><V87/><F87/><W133/><G111/><T128/><D128/><U109/><E109/><V86/><F86/><W78/><G133/><T24/><D7/><U93/><E93/><V114/><F114/><W22/><G72/><T33/><D46/><U56/><E56/><V35/><F35/><W66/><G66/><T28/><REACH who="0" step="1"/><D18/><REACH who="0" ten="240,240,250,250" step="2"/><U9/><AGARI ba="0,2" hai="9,15,17,38,40,47,61,64,69,90,92,96,120,122" machi="9" ten="20,5200,0" yaku="1,1,0,1,7,1,53,1" doraHai="20" doraHaiUra="89" who="1" fromWho="1" sc="240,-26,240,72,250,-13,250,-13" /><INIT seed="1,0,0,0,3,88" ten="214,312,237,237" oya="1" hai0="57,93,100,30,72,127,70,94,64,66,109,8,40" hai1="89,126,18,50,110,132,33,134,24,133,80,79,123" hai2="11,36,45,17,84,15,76,7,53,22,77,19,104" hai3="114,74,35,39,9,31,105,112,121,29,42,21,118"/><U3/><E123/><V34/><F34/><W116/><G105/><T122/><D70/><U119/><E119/><N who="3" m="45610" /><G74/><T56/><D72/><U69/><E3/><V98/><F19/><W129/><G42/><T95/><D100/><U51/><E69/><V108/><F108/><W87/><G39/><T12/><D109/><U103/><E110/><V6/><F6/><W81/><G35/><T85/><D122/><U117/><E117/><V130/><F130/><W25/><G121/><T71/><D71/><U20/><E126/><V61/><F36/><W28/><G129/><T5/><D127/><U38/><E38/><V102/><F84/><W83/><G83/><T111/><D111/><U113/><E113/><N who="3" m="43626" /><G9/><T115/><D115/><U48/><E33/><V13/><REACH who="2" step="1"/><F61/><REACH who="2" ten="214,312,227,237" step="2"/><W54/><G54/><T1/><D1/><U26/><E133/><V99/><F99/><W67/><G67/><N who="0" m="25643" /><D30/><U107/><E134/><V27/><F27/><W16/><G31/><T55/><D40/><U4/><E132/><V41/><F41/><W44/><G44/><T90/><D55/><U97/><E26/><V78/><F78/><AGARI ba="0,1" hai="16,21,25,28,29,78,81,87" m="43626,45610" machi="78" ten="30,2000,0" yaku="12,1,54,1" doraHai="88" who="3" fromWho="2" sc="214,0,312,0,227,-20,237,30" /><INIT seed="2,0,0,2,0,3" ten="214,312,207,267" oya="2" hai0="37,80,88,2,20,98,22,76,89,24,79,14,131" hai1="87,77,46,7,111,120,74,30,108,10,64,23,92" hai2="8,15,117,39,85,21,45,104,124,31,58,82,13" hai3="0,27,118,106,81,107,41,132,52,91,61,40,11"/><V47/><F117/><W116/><G132/><T122/><D2/><U71/><E120/><V43/><F104/><W63/><G27/><T121/><D37/><U6/><E74/><V95/><F124/><W53/><G0/><T101/><D131/><U109/><E10/><V83/><F95/><W94/><G11/><T18/><D121/><U38/><E64/><V86/><F58/><W90/><REACH who="3" step="1"/><G94/><REACH who="3" ten="214,312,207,257" step="2"/><T65/><D122/><U36/><E92/><V102/><F102/><W105/><G105/><T49/><D101/><U33/><E111/><V133/><F133/><W62/><G62/><T112/><D24/><U129/><E109/><V44/><F39/><W51/><G51/><T60/><D49/><U123/><E108/><V110/><F110/><W12/><G12/><T130/><D130/><U5/><E123/><V75/><F15/><W97/><G97/><T35/><D35/><U93/><E33/><V68/><F13/><W69/><G69/><T126/><D22/><U119/><E38/><V50/><F68/><W103/><G103/><T55/><D20/><U26/><E129/><V72/><F8/><W100/><G100/><T56/><D14/><U96/><E71/><V114/><F21/><W32/><G32/><T48/><D98/><U4/><E36/><V70/><F70/><W59/><G59/><T99/><D56/><U28/><E96/><V134/><F50/><W1/><G1/><T125/><D48/><U73/><E23/><V19/><F134/><W42/><G42/><T25/><D99/><U113/><E26/><V16/><F43/><W17/><G17/><RYUUKYOKU ba="0,1" sc="214,-10,312,-10,207,-10,257,30" hai3="40,41,52,53,61,63,81,90,91,106,107,116,118" /><INIT seed="3,1,1,5,0,127" ten="204,302,197,287" oya="3" hai0="6,64,5,108,133,27,99,88,111,114,98,23,10" hai1="128,34,118,131,84,89,32,124,62,125,13,60,74" hai2="25,117,47,24,75,50,104,61,93,81,116,22,39" hai3="72,36,90,122,119,120,106,45,94,12,83,69,53"/><W20/><G106/><T56/><D133/><U14/><E74/><V67/><F104/><W11/><G69/><T38/><D38/><U134/><E118/><V132/><F132/><W18/><G119/><T28/><D114/><U112/><E134/><V0/><F0/><W52/><G72/><T87/><D64/><U68/><E112/><V101/><F39/><W59/><G83/><T3/><D56/><U82/><E68/><V66/><F66/><W77/><G77/><T49/><D49/><U71/><E71/><V51/><F51/><N who="3" m="28911" /><G36/><T78/><D78/><U7/><E7/><V103/><F25/><W96/><G122/><T85/><D85/><U31/><E31/><V43/><F75/><W40/><G40/><T113/><D6/><U115/><E115/><V21/><F21/><W105/><G105/><T42/><D42/><U123/><E123/><V33/><F33/><N who="1" m="12905" /><E60/><V107/><F107/><W54/><G120/><T9/><D9/><U79/><E79/><V97/><F103/><W73/><G73/><T130/><D113/><U121/><E62/><V26/><F26/><N who="3" m="14615" /><G59/><T8/><D8/><U48/><E48/><V57/><REACH who="2" step="1"/><F81/><REACH who="2" ten="204,302,187,287" step="2"/><W30/><G30/><AGARI ba="1,2" hai="22,24,30,43,47,50,57,61,67,93,97,101,116,117" machi="30" ten="30,12000,2" yaku="1,1,2,1,7,1,25,2,53,1" doraHai="127" doraHaiUra="16" who="2" fromWho="3" sc="204,0,302,0,187,143,287,-123" /><INIT seed="4,0,0,3,4,50" ten="204,302,330,164" oya="0" hai0="134,96,12,20,11,28,60,84,9,83,36,99,129" hai1="30,35,95,49,6,33,127,104,1,85,18,41,24" hai2="48,43,53,115,31,106,69,116,63,92,46,66,5" hai3="74,123,72,7,68,76,3,42,51,78,73,15,97"/><T91/><D36/><U61/><E104/><V45/><F106/><W86/><G68/><T120/><D120/><U64/><E127/><V56/><F5/><W13/><G123/><T108/><D129/><U128/><E128/><V131/><F31/><W98/><G3/><T107/><D134/><U121/><E121/><V112/><F92/><W80/><G78/><T26/><D108/><U2/><E35/><V71/><F131/><W37/><G37/><T101/><D60/><U79/><E6/><V102/><F102/><W38/><G38/><T4/><D96/><U8/><E8/><V67/><F116/><W0/><G0/><T113/><D11/><U117/><E18/><V111/><F111/><W19/><G13/><T62/><D62/><U75/><E75/><V77/><F77/><W10/><REACH who="3" step="1"/><G19/><REACH who="3" ten="204,302,330,154" step="2"/><T119/><REACH who="0" step="1"/><D113/><REACH who="0" ten="194,302,330,154" step="2"/><U52/><E117/><AGARI ba="0,2" hai="4,9,12,20,26,28,83,84,91,99,101,107,117,119" machi="117" ten="40,7700,0" yaku="1,1,2,1,53,1" doraHai="50" doraHaiUra="81" who="0" fromWho="1" sc="194,97,302,-77,330,0,154,0" /><INIT seed="4,1,0,5,1,2" ten="291,225,330,154" oya="0" hai0="114,117,87,1,122,73,25,77,94,24,54,133,93" hai1="56,75,118,38,18,124,8,43,128,37,14,101,70" hai2="97,72,45,12,74,106,98,71,129,32,61,27,90" hai3="121,113,112,35,9,63,26,103,40,41,130,60,127"/><T104/><D104/><U5/><E70/><V80/><F129/><W47/><G103/><T7/><D117/><U68/><E118/><V78/><F74/><W65/><G130/><T79/><D122/><U42/><E68/><V99/><F90/><W39/><G9/><T102/><D73/><U82/><E128/><V52/><F12/><W131/><G131/><T96/><D114/><N who="3" m="44137" /><G26/><T86/><D133/><U33/><E33/><V58/><F71/><N who="3" m="42407" /><G35/><T95/><D1/><U66/><E101/><V119/><F119/><W116/><G116/><T132/><D132/><U111/><E111/><V34/><F34/><W3/><G3/><T36/><D95/><U59/><E18/><V123/><F123/><W49/><G121/><T11/><D11/><U44/><E66/><V20/><F32/><W29/><G29/><T89/><D89/><U31/><E31/><V4/><F106/><W46/><G63/><T57/><D96/><U109/><E8/><V53/><F99/><W92/><G92/><T28/><D28/><U125/><E82/><V13/><F27/><W76/><G76/><T83/><D102/><U16/><E14/><V50/><F20/><W126/><AGARI ba="1,0" hai="39,40,41,46,47,49,126,127" m="42407,44137" machi="126" ten="30,4000,0" yaku="15,1,34,2" doraHai="2" who="3" fromWho="3" sc="291,-21,225,-11,330,-11,154,43" /><INIT seed="5,0,0,4,3,83" ten="270,214,319,197" oya="1" hai0="120,112,111,115,99,8,9,125,6,129,34,56,105" hai1="26,51,113,81,135,101,25,60,58,12,57,38,52" hai2="131,86,53,31,43,2,121,61,87,95,0,36,109" hai3="45,74,88,4,32,28,55,123,40,108,59,97,44"/><U21/><E38/><V24/><F121/><W128/><G74/><T134/><D34/><U49/><E113/><V78/><F109/><W94/><G108/><T124/><D111/><U82/><E135/><V37/><F78/><W71/><G71/><T104/><D120/><U72/><E101/><V77/><F77/><W54/><G123/><T70/><D70/><U69/><E69/><V93/><F131/><W15/><G128/><T103/><D129/><U62/><E72/><V122/><F122/><W79/><G79/><T92/><D56/><U5/><E5/><V29/><F43/><W22/><G32/><T96/><D134/><U14/><E21/><V75/><F53/><AGARI ba="0,0" hai="12,14,25,26,49,51,52,53,57,58,60,62,81,82" machi="53" ten="25,9600,0" yaku="22,2,8,1,54,1" doraHai="83" who="1" fromWho="2" sc="270,0,214,96,319,-96,197,0" /><INIT seed="5,1,0,1,3,50" ten="270,310,223,197" oya="1" hai0="75,0,23,110,93,66,122,87,16,11,29,51,116" hai1="85,82,38,63,9,39,92,33,53,80,127,73,32" hai2="76,101,86,25,18,71,30,48,120,14,107,34,15" hai3="60,35,84,115,103,26,100,3,37,8,134,72,95"/><U57/><E127/><V61/><F120/><W13/><G72/><T2/><D75/><U109/><E109/><V105/><F14/><W36/><G3/><T41/><D110/><U131/><E131/><V128/><F128/><W126/><G126/><T112/><D116/><U91/><E9/><V119/><F119/><W118/><G118/><T78/><D112/><U88/><E80/><V67/><F76/><W68/><G115/><T28/><D66/><U1/><E1/><V108/><F108/><W104/><G134/><T55/><D41/><U114/><E114/><V69/><F69/><W94/><G103/><T135/><D135/><U111/><E111/><V4/><F4/><W12/><G37/><T123/><D2/><U132/><E132/><V59/><F86/><W70/><G36/><T10/><D10/><U133/><E133/><V62/><F48/><W5/><G13/><N who="0" m="9615" /><D11/><U6/><E6/><V90/><F90/><W44/><G44/><T121/><D0/><U129/><E129/><V96/><F107/><W17/><G84/><T65/><D65/><U124/><E124/><V99/><F99/><N who="3" m="61471" /><G70/><T27/><D27/><U125/><E125/><V40/><F40/><W64/><G5/><T130/><D130/><U58/><E38/><V19/><F15/><W42/><G42/><T31/><D78/><N who="1" m="44367" /><E39/><V20/><F20/><W22/><G8/><T45/><D87/><N who="1" m="52351" /><E32/><V89/><F89/><W24/><G24/><T106/><D93/><N who="1" m="54415" /><E33/><V83/><F83/><W79/><G79/><T81/><D81/><U21/><E21/><V52/><AGARI ba="1,0" hai="18,19,25,30,34,52,59,61,62,67,71,96,101,105" machi="52" ten="20,12000,2" yaku="0,1,7,1,25,2,52,1,54,1" doraHai="50" who="2" fromWho="2" sc="270,-31,310,-61,223,123,197,-31" /><INIT seed="6,0,0,5,0,75" ten="239,249,346,166" oya="2" hai0="74,81,8,3,11,10,39,47,5,34,16,102,94" hai1="119,61,98,68,118,37,32,38,108,27,35,85,107" hai2="18,60,31,30,89,9,54,73,70,115,100,6,122" hai3="36,65,50,101,72,15,41,17,78,129,25,22,43"/><V42/><F122/><W33/><G36/><N who="1" m="13930" /><E108/><V28/><F42/><W55/><G65/><T48/><D34/><N who="1" m="12843" /><E27/><V76/><F100/><W116/><G101/><T110/><D110/><U20/><E20/><V128/><F70/><W51/><G129/><T126/><D126/><U12/><E12/><V44/><F128/><W56/><G116/><T92/><D16/><U80/><E85/><V45/><F6/><W46/><G41/><N who="0" m="22975" /><D48/><U79/><E98/><V95/><F45/><W64/><G64/><T90/><D102/><U132/><E107/><V93/><F93/><N who="0" m="35946" /><D90/><U123/><E123/><V114/><F9/><W120/><G120/><T127/><D127/><U109/><E109/><V29/><F29/><W82/><REACH who="3" step="1"/><G33/><REACH who="3" ten="239,249,346,156" step="2"/><T7/><D7/><U53/><E119/><V99/><F99/><W121/><G121/><T88/><D5/><U97/><E118/><V62/><F54/><W59/><G59/><T113/><D3/><U58/><E53/><V71/><F71/><W83/><G83/><T52/><D52/><U134/><E68/><V14/><F44/><W13/><AGARI ba="0,1" hai="13,15,17,22,25,43,46,50,51,55,56,72,78,82" machi="13" ten="30,4000,0" yaku="1,1,0,1,52,1,53,0" doraHai="75" doraHaiUra="24" who="3" fromWho="3" sc="239,-10,249,-10,346,-20,156,50" /><INIT seed="7,0,0,1,4,107" ten="229,239,326,206" oya="3" hai0="124,72,95,9,37,79,71,74,24,104,116,55,45" hai1="33,102,52,105,109,29,28,43,57,117,112,13,5" hai2="99,111,0,19,60,97,12,94,3,130,7,135,47" hai3="39,48,96,126,125,62,83,88,128,16,42,81,78"/><W132/><G39/><T36/><D104/><U73/><E109/><V18/><F111/><W21/><G132/><T53/><D71/><U113/><E73/><V23/><F130/><W44/><G62/><T25/><D79/><U92/><E105/><V119/><F119/><W129/><G96/><T76/><D76/><U85/><E43/><V40/><F7/><W51/><G51/><T34/><D9/><N who="1" m="4271" /><E33/><V14/><F60/><W10/><G10/><T46/><D95/><U100/><E117/><V30/><F30/><N who="1" m="11881" /><E113/><V26/><F26/><N who="3" m="14631" /><G88/><T91/><D91/><N who="1" m="53359" /><E112/><V1/><F135/><W61/><G61/><AGARI ba="0,0" hai="52,57,61,100,102" m="53359,11881,4271" machi="61" ten="30,2000,0" yaku="8,1,54,1" doraHai="107" who="1" fromWho="3" sc="229,0,239,20,326,0,206,-20" owari="229,-17.0,259,6.0,326,42.0,186,-31.0" /></mjloggm>