<mjloggm ver="2.3"><GO type="169" lobby="0"/><UN n0="%E3%82%82%E3%83%BC%E3%82%8A%E3%83%BC" n1="%E3%83%84%E3%83%AC%E3%82%AA" n2="%E2%91%A3%E3%82%BB%E3%83%B3%E3%83%81" n3="%E3%83%88%E3%83%88%E3%83%AA%E5%85%88%E7%94%9F%31%39%E6%AD%B3" dan="16,17,17,17" rate="2120.38,2189.04,2186.63,2183.61" sx="M,M,M,F"/><TAIKYOKU oya="0"/><INIT seed="0,0,0,1,5,10" ten="250,250,250,250" oya="0" hai0="7,107,17,127,49,37,60,9,35,26,119,5,6" hai1="109,95,21,111,98,27,83,89,24,8,105,54,13" hai2="18,96,22,92,128,91,73,70,64,12,23,48,85" hai3="61,53,55,31,81,97,30,52,79,41,134,126,106"/><T104/><D37/><U125/><E125/><V110/><F73/><W50/><G126/><T88/><D127/><U78/><E105/><V25/><F110/><N who="1" m="41993" /><E21/><V124/><F124/><W57/><G134/><T93/><D119/><U129/><E54/><V112/><F112/><W29/><G106/><T45/><D107/><U101/><E101/><V117/><F117/><W94/><G41/><T84/><D104/><U75/><E129/><V87/><F128/><W82/><G79/><T133/><D133/><U38/><E38/><V0/><F0/><W34/><G34/><T108/><D108/><U68/><E68/><V43/><F64/><W121/><G121/><T14/><D60/><U59/><E59/><V28/><REACH who="2" step="1"/><F70/><REACH who="2" ten="250,250,240,250" step="2"/><W11/><G61/><T56/><D56/><U1/><E1/><V19/><F19/><AGARI ba="0,1" hai="8,13,19,24,27,75,78,83,89,95,98" m="41993" machi="19" ten="30,2000,0" yaku="14,1,52,1" doraHai="10" who="1" fromWho="2" sc="250,0,250,30,240,-20,250,0" /><INIT seed="1,0,0,3,0,35" ten="250,280,220,250" oya="1" hai0="8,82,74,0,37,104,6,51,62,5,129,15,88" hai1="12,72,101,135,75,17,33,44,79,36,16,45,127" hai2="21,96,126,2,1,92,91,54,20,39,106,84,81" hai3="119,55,30,48,103,109,107,116,61,113,110,59,25"/><U63/><E135/><V14/><F39/><W120/><G107/><T7/><D104/><U87/><E33/><V123/><F123/><W90/><G103/><T41/><D129/><U31/><E31/><V53/><F106/><W66/><G90/><T26/><D51/><U94/><E127/><V112/><F126/><W24/><G24/><T114/><D114/><U10/><E101/><V124/><F124/><W133/><G25/><T58/><D26/><U122/><E122/><V4/><F112/><W108/><G30/><T60/><D60/><U99/><E63/><V76/><F21/><W38/><G120/><T111/><D111/><U83/><E75/><V23/><F20/><W19/><G19/><T49/><D49/><U13/><E72/><V11/><REACH who="2" step="1"/><F23/><REACH who="2" ten="250,280,210,250" step="2"/><W78/><G113/><T56/><D37/><U40/><E36/><V132/><F132/><W18/><G38/><T47/><D8/><N who="1" m="6151" /><E40/><V131/><F131/><W29/><G29/><T80/><D41/><U86/><E99/><V70/><F70/><W68/><G133/><T42/><D42/><U73/><E73/><V97/><F97/><W115/><G115/><T125/><D74/><U85/><E85/><V95/><F95/><W22/><G116/><T118/><D125/><U77/><E94/><V9/><F9/><W117/><G117/><T65/><D118/><U57/><E87/><V93/><F93/><W121/><G119/><T52/><D80/><U130/><E130/><V134/><F134/><W98/><G121/><T67/><D82/><U105/><E105/><V69/><F69/><W27/><G98/><RYUUKYOKU ba="0,1" sc="250,-15,280,-15,210,15,250,15" hai2="1,2,4,11,14,53,54,76,81,84,91,92,96" hai3="18,22,27,48,55,59,61,66,68,78,108,109,110" /><INIT seed="2,1,1,3,2,45" ten="235,265,225,265" oya="2" hai0="73,46,55,92,10,18,95,57,60,126,16,78,127" hai1="84,48,94,86,118,133,110,113,123,82,21,83,101" hai2="17,7,44,31,107,80,129,109,52,13,1,5,0" hai3="2,106,6,28,65,105,38,77,100,8,36,71,59"/><V112/><F112/><W32/><G77/><T97/><D78/><U98/><E113/><V37/><F107/><W120/><G59/><T102/><D73/><U30/><E118/><V66/><F31/><W122/><G122/><T85/><D46/><U79/><E123/><V3/><F129/><W88/><G88/><N who="0" m="53263" /><D10/><U50/><E110/><V104/><F104/><W63/><G106/><T64/><D64/><U103/><E103/><V22/><F109/><W11/><G11/><T40/><D40/><U12/><E133/><V19/><F66/><W135/><G135/><T14/><D14/><U24/><E12/><V87/><F19/><W58/><G58/><T125/><AGARI ba="1,1" hai="16,18,55,57,60,95,97,102,125,126,127" m="53263" machi="125" ten="30,4000,0" yaku="18,1,54,2" doraHai="45" who="0" fromWho="0" sc="235,53,265,-11,225,-21,265,-11" /><INIT seed="3,0,0,0,1,65" ten="288,254,204,254" oya="3" hai0="44,39,82,90,8,49,124,19,86,129,32,1,51" hai1="27,11,40,135,114,64,104,34,46,73,74,115,107" hai2="4,101,31,14,121,97,26,111,13,127,36,67,99" hai3="18,17,122,2,6,59,58,92,76,120,24,54,35"/><W119/><G119/><T10/><D129/><U53/><E135/><V113/><F113/><W15/><G76/><T109/><D109/><U30/><E53/><V72/><F72/><N who="1" m="27753" /><E64/><V57/><F36/><W132/><G132/><T62/><D32/><U84/><E84/><V110/><F127/><W87/><G2/><T22/><D124/><U12/><E12/><V123/><F57/><W70/><G70/><T25/><D39/><N who="1" m="21791" /><E11/><N who="2" m="4327" /><F67/><W21/><G6/><T20/><D1/><U41/><E41/><V79/><F79/><W23/><G35/><T45/><D62/><U33/><E33/><N who="2" m="20727" /><F97/><W56/><REACH who="3" step="1"/><G54/><REACH who="3" ten="288,254,204,244" step="2"/><N who="0" m="29991" /><D22/><U5/><E5/><V125/><F125/><W94/><G94/><T95/><D95/><U77/><E77/><V16/><F111/><W105/><G105/><AGARI ba="0,1" hai="27,30,34,104,105,107,114,115" m="21791,27753" machi="105" ten="30,1000,0" yaku="23,1" doraHai="65" who="1" fromWho="3" sc="288,0,254,20,204,0,244,-10" /><INIT seed="4,0,0,2,0,84" ten="288,274,204,234" oya="0" hai0="133,82,30,108,127,81,19,99,42,128,72,24,58" hai1="122,92,59,7,0,13,107,131,54,60,35,29,33" hai2="114,100,3,53,135,6,32,10,102,17,85,134,48" hai3="5,110,97,116,83,86,11,129,109,51,25,57,130"/><T18/><D127/><U71/><E107/><V52/><F114/><W117/><G25/><T101/><D128/><N who="3" m="49257" /><G57/><T96/><D133/><N who="2" m="50698" /><F32/><W21/><G21/><T27/><D108/><N who="3" m="41577" /><G51/><T65/><D42/><U120/><E131/><V76/><F17/><N who="0" m="6154" /><D72/><U90/><E0/><V23/><F23/><W89/><G97/><N who="0" m="37451" /><D101/><N who="2" m="39018" /><F48/><W74/><G74/><T40/><D40/><U64/><E35/><V66/><F66/><W95/><G95/><T55/><D65/><U15/><E33/><V121/><F53/><W31/><G31/><T103/><D103/><U115/><E29/><V28/><F52/><W41/><G41/><T12/><D30/><U50/><E115/><V20/><F20/><W79/><G116/><T119/><D119/><U125/><E125/><V105/><F28/><W106/><G117/><T87/><D12/><U78/><E15/><V124/><F124/><W70/><G70/><T104/><D104/><U126/><E126/><V123/><F105/><W98/><G106/><T111/><D82/><AGARI ba="0,0" hai="3,6,10,76,82,85,121,123" m="39018,50698" machi="82" ten="30,1000,0" yaku="20,1" doraHai="84" who="2" fromWho="0" sc="288,-10,274,0,204,10,234,0" /><INIT seed="5,0,0,3,4,52" ten="278,274,214,234" oya="1" hai0="85,129,14,28,112,35,21,17,78,3,80,32,38" hai1="87,5,45,58,115,82,34,33,20,69,55,39,103" hai2="46,79,132,102,31,97,104,113,95,63,56,37,19" hai3="124,88,2,62,41,81,94,6,67,13,49,1,36"/><U27/><E69/><V51/><F37/><W72/><G36/><T118/><D118/><U109/><E115/><V7/><F113/><W70/><G124/><T4/><D112/><U89/><E5/><V101/><F132/><W75/><G13/><T73/><D129/><U96/><E109/><V24/><F7/><W83/><G83/><T114/><D114/><U16/><E45/><V117/><F117/><W131/><G131/><T111/><D111/><U65/><E65/><V110/><F110/><W100/><G100/><T59/><D38/><U64/><E64/><V60/><F79/><W30/><G30/><T93/><D73/><U133/><E133/><V74/><F74/><W68/><G68/><T135/><D93/><U125/><E125/><V25/><F19/><W127/><G127/><T26/><D135/><U121/><E121/><V57/><F102/><W84/><G94/><T77/><D77/><U15/><E27/><N who="2" m="10315" /><F31/><W98/><G98/><T22/><D4/><U90/><E90/><V44/><F104/><W29/><G29/><T53/><REACH who="0" step="1"/><D3/><REACH who="0" ten="268,274,214,234" step="2"/><N who="3" m="1033" /><G6/><T23/><D23/><U116/><E116/><V43/><F44/><N who="3" m="25743" /><G72/><T126/><D126/><U42/><E39/><V12/><F12/><W122/><G75/><T106/><D106/><U120/><E120/><V105/><F105/><W134/><G122/><T54/><D54/><U47/><E42/><V91/><F101/><W61/><G134/><T40/><D40/><U66/><E47/><V119/><F119/><W8/><G8/><T128/><D128/><U71/><E103/><V108/><F108/><W48/><G67/><RYUUKYOKU ba="0,1" sc="268,15,274,-15,214,15,234,-15" hai0="14,17,21,22,26,28,32,35,53,59,78,80,85" hai2="43,46,51,56,57,60,63,91,95,97" /><INIT seed="6,1,1,2,1,92" ten="283,259,229,219" oya="2" hai0="128,10,62,116,100,50,1,26,22,28,17,37,114" hai1="12,98,27,66,78,67,64,135,40,73,51,2,61" hai2="113,21,103,108,41,52,112,106,0,111,133,48,31" hai3="117,107,132,77,121,24,3,125,8,118,129,59,74"/><V75/><F0/><W34/><RYUUKYOKU type="yao9" ba="1,1" sc="283,0,259,0,229,0,219,0" hai3="3,8,24,34,59,74,77,107,117,118,121,125,129,132" /><INIT seed="6,2,1,1,1,79" ten="283,259,229,219" oya="2" hai0="102,88,48,31,66,96,18,21,28,118,122,101,42" hai1="0,84,63,44,13,97,109,61,60,50,72,133,14" hai2="7,34,47,10,2,39,80,55,53,5,76,78,68" hai3="51,46,15,3,25,49,69,116,40,126,119,58,62"/><V100/><F34/><W103/><G3/><T106/><D122/><U93/><E72/><N who="2" m="43015" /><F68/><W104/><G126/><T56/><D118/><U82/><E0/><V12/><F100/><N who="0" m="38506" /><D106/><U70/><E70/><V65/><F65/><N who="3" m="41143" /><G15/><N who="0" m="9439" /><D42/><N who="1" m="24855" /><E109/><V67/><F67/><W1/><G1/><T123/><D123/><U59/><E59/><V90/><F90/><W4/><G4/><T112/><D112/><U87/><E87/><V45/><F45/><N who="3" m="25767" /><G25/><T105/><D105/><U35/><E35/><V85/><F12/><N who="1" m="4713" /><E133/><V107/><F107/><W17/><G104/><T8/><D8/><U75/><E75/><V98/><F98/><W30/><G119/><T94/><D48/><U135/><E135/><V95/><F7/><W124/><G116/><T71/><D71/><U22/><E22/><V125/><F125/><W134/><G124/><T110/><D110/><U16/><E16/><V38/><F38/><W64/><G17/><T9/><D9/><U113/><E113/><V89/><F78/><W127/><G127/><T129/><D129/><U128/><E128/><V74/><F74/><W86/><G134/><T131/><D131/><U108/><E108/><V99/><F99/><W24/><G51/><T73/><D73/><U132/><E132/><V57/><F57/><W23/><G46/><T27/><D27/><U32/><E32/><V11/><F11/><W29/><G58/><T115/><D115/><U114/><E114/><V41/><AGARI ba="2,1" hai="2,5,10,39,41,47,53,55,85,89,95" m="43015" machi="41" ten="30,3000,0" yaku="25,1,52,1" doraHai="79" who="2" fromWho="2" sc="283,-12,259,-12,229,46,219,-12" /><INIT seed="6,3,0,0,2,98" ten="271,247,275,207" oya="2" hai0="113,103,91,23,67,132,93,47,68,0,10,64,58" hai1="65,56,106,130,41,120,88,18,15,71,69,53,46" hai2="116,97,11,90,122,3,7,125,135,9,82,70,86" hai3="62,26,49,94,60,14,95,40,99,19,129,110,108"/><V31/><F116/><W112/><G129/><T109/><D109/><U42/><E130/><V118/><F118/><W121/><G121/><T101/><D68/><U28/><E106/><V81/><F122/><W83/><G112/><T107/><D107/><U51/><E120/><V134/><F125/><W57/><G108/><T131/><D131/><U115/><E115/><V126/><F126/><W92/><G110/><T84/><D113/><U72/><E72/><V22/><F70/><W85/><G26/><T43/><D132/><N who="2" m="50730" /><F11/><W119/><G119/><T25/><D10/><U123/><E28/><V77/><F97/><W30/><G30/><N who="0" m="17727" /><D0/><U78/><E78/><V128/><F128/><W105/><G105/><T24/><D24/><U36/><E123/><V52/><F52/><N who="3" m="31887" /><G40/><T2/><D2/><U8/><E42/><V104/><F104/><W73/><G73/><T27/><D27/><U87/><REACH who="1" step="1"/><E65/><REACH who="1" ten="271,237,275,207" step="2"/><N who="0" m="25161" /><D58/><U76/><E76/><V16/><F31/><W74/><G74/><T124/><D124/><U44/><E44/><V55/><F55/><W75/><G75/><T133/><D133/><U61/><E61/><V100/><F77/><N who="3" m="46319" /><G62/><T32/><D32/><U114/><E114/><V89/><F3/><W66/><G60/><T39/><D47/><U127/><E127/><V38/><F7/><W13/><G66/><T37/><D43/><U34/><E34/><V21/><F38/><W50/><G50/><T29/><D29/><U45/><E45/><V102/><F16/><W12/><G19/><T63/><D63/><U1/><E1/><V79/><F79/><W4/><G4/><RYUUKYOKU ba="3,1" sc="271,10,237,10,275,-30,207,10" hai0="37,39,84,91,93,101,103" hai1="8,15,18,36,41,46,51,53,56,69,71,87,88" hai3="12,13,14,92,94,95,99" /><INIT seed="7,4,1,1,3,29" ten="281,247,245,217" oya="3" hai0="79,130,132,75,13,33,92,18,135,60,48,91,45" hai1="77,21,68,133,41,84,7,56,10,0,57,86,54" hai2="3,32,83,39,25,85,109,61,128,95,127,89,22" hai3="59,101,52,55,31,114,122,90,19,102,67,42,111"/><W38/><G122/><T5/><D130/><U30/><E68/><V12/><F109/><W74/><G74/><T11/><D33/><U51/><E133/><N who="0" m="51273" /><D60/><U43/><E57/><V100/><F3/><W131/><G131/><T118/><D118/><U53/><E53/><N who="3" m="20554" /><G38/><T16/><D79/><U58/><E58/><V71/><F39/><W69/><G69/><T64/><D64/><U96/><E96/><V94/><F128/><W26/><G111/><T49/><D75/><U78/><E78/><V107/><F127/><W87/><G42/><N who="0" m="24631" /><D49/><U117/><E117/><V98/><F32/><W47/><G47/><T70/><D70/><U80/><E43/><V126/><F126/><W44/><G44/><T72/><D72/><U105/><E41/><V124/><F124/><W20/><G31/><T73/><D73/><U115/><E30/><V88/><F61/><N who="3" m="38335" /><G114/><T35/><D35/><U27/><E115/><V97/><F71/><W9/><G9/><T121/><D121/><U82/><E10/><V104/><REACH who="2" step="1"/><F12/><REACH who="2" ten="281,247,235,217" step="2"/><W34/><G34/><T134/><D134/><U17/><E0/><V6/><F6/><W125/><G125/><T63/><D63/><U37/><E7/><V81/><F81/><AGARI ba="4,2" hai="19,20,26,81,87,90,101,102" m="38335,20554" machi="81" ten="30,2900,0" yaku="8,1,54,1" doraHai="29" who="3" fromWho="2" sc="281,0,247,0,235,-41,217,61" /><INIT seed="7,5,0,4,1,71" ten="281,247,194,278" oya="3" hai0="44,134,48,118,32,91,41,98,28,115,34,119,74" hai1="1,86,59,5,54,61,64,100,60,80,128,46,20" hai2="38,9,120,62,113,81,12,63,89,108,132,130,55" hai3="65,111,83,72,67,13,2,94,6,103,27,40,102"/><W47/><G13/><T124/><D74/><U84/><E128/><V101/><F108/><W126/><G27/><T70/><D70/><U31/><E100/><N who="3" m="38442" /><G94/><T125/><D115/><U4/><E1/><V79/><F130/><W95/><G95/><N who="0" m="56703" /><D134/><U121/><E121/><V78/><F132/><W49/><G49/><T68/><D68/><U57/><E46/><V133/><F133/><W22/><G22/><T88/><D88/><N who="1" m="51207" /><E86/><N who="2" m="50383" /><F38/><N who="3" m="21911" /><G126/><N who="0" m="48747" /><D28/><U18/><E31/><V43/><F43/><W10/><G111/><T56/><D56/><U135/><E135/><V73/><F73/><W66/><G66/><T16/><D16/><U123/><E123/><V76/><F120/><W96/><G96/><T131/><D131/><U53/><E64/><V36/><F36/><W99/><G99/><T114/><D114/><U23/><E23/><V17/><F113/><W33/><G33/><AGARI ba="5,0" hai="32,33,34,41,44,48,118,119" m="48747,56703" machi="33" ten="30,1000,0" yaku="18,1" doraHai="71" who="0" fromWho="3" sc="281,25,247,0,194,0,278,-25" owari="306,41.0,247,-15.0,194,-31.0,253,5.0" /></mjloggm>