<mjloggm ver="2.3"><GO type="169" lobby="0"/><UN n0="%E3%83%9A%E3%83%81%E3%83%A7%E3%83%BC%E3%83%AA%E3%83%B3" n1="%E5%B0%B1%E6%B4%BB%E7%94%9F%40%E5%B7%9D%E6%9D%91%E8%BB%8D%E5%9B%A3" n2="%E7%B5%B6%E5%AF%BE%E4%B9%B1%E8%88%9E" n3="%E3%81%8D%E3%82%83%E3%81%97%E3%82%83%E3%83%BC%E3%81%AE%EF%BC%81" dan="17,18,16,17" rate="2216.43,2199.99,2093.35,2239.05" sx="M,M,F,M"/><TAIKYOKU oya="0"/><INIT seed="0,0,0,1,2,81" ten="250,250,250,250" oya="0" hai0="36,7,134,13,98,43,123,57,122,32,44,58,100" hai1="28,19,135,129,84,10,23,101,73,17,48,59,68" hai2="96,20,128,79,9,5,88,70,78,109,38,80,56" hai3="107,12,86,103,64,120,87,18,132,41,126,4,26"/><T72/><D72/><U104/><E68/><V90/><F70/><W27/><G4/><T34/><D134/><U93/><E73/><V3/><F38/><W1/><G1/><T66/><D34/><U42/><E135/><V65/><F109/><W116/><G116/><T37/><D37/><U124/><E124/><V119/><F128/><W63/><G132/><T105/><D32/><U50/><E129/><V83/><F119/><W16/><G126/><T53/><D66/><U46/><E104/><V11/><F20/><W94/><G107/><T51/><D58/><U45/><E59/><V106/><F106/><W69/><G41/><T121/><D7/><U114/><E114/><V33/><F33/><W85/><G120/><T108/><REACH who="0" step="1"/><D13/><REACH who="0" ten="240,250,250,250" step="2"/><U14/><E14/><V77/><F56/><N who="3" m="36967" /><G12/><T130/><D130/><U31/><E45/><V76/><F65/><W52/><G69/><T82/><D82/><U118/><E118/><V0/><F5/><W49/><G27/><T71/><D71/><U102/><E46/><V2/><F79/><W8/><G26/><T113/><D113/><U74/><E74/><V131/><F131/><W115/><G115/><T24/><D24/><U110/><E110/><AGARI ba="0,1" hai="36,43,44,51,53,57,98,100,105,108,110,121,122,123" machi="110" ten="50,2400,0" yaku="1,1,53,0" doraHai="81" doraHaiUra="67" who="0" fromWho="1" sc="240,34,250,-24,250,0,250,0" /><INIT seed="0,1,0,2,0,60" ten="274,226,250,250" oya="0" hai0="7,43,35,64,57,23,68,19,122,96,92,126,3" hai1="100,108,116,89,59,99,34,38,123,51,109,74,42" hai2="73,88,61,97,10,20,80,101,87,134,56,1,24" hai3="86,50,131,132,16,102,118,104,37,84,121,31,62"/><T26/><D122/><U45/><E34/><V128/><F128/><W106/><G37/><T113/><D113/><U52/><E74/><V110/><F110/><N who="1" m="42601" /><E123/><V28/><F134/><W63/><G31/><T18/><D126/><U115/><E116/><V105/><F73/><W40/><G121/><T111/><D111/><U15/><E115/><V75/><F75/><W17/><G118/><T53/><D43/><U21/><E89/><V36/><F36/><W135/><G40/><T77/><D77/><U119/><E119/><V5/><F61/><W129/><G50/><T13/><D3/><U6/><E21/><V44/><F44/><W78/><G78/><T81/><D81/><U67/><E15/><V71/><F71/><W127/><REACH who="3" step="1"/><G102/><REACH who="3" ten="274,226,250,240" step="2"/><T0/><D35/><U95/><E6/><V66/><REACH who="2" step="1"/><F56/><REACH who="2" ten="274,226,240,240" step="2"/><W25/><G25/><T12/><D26/><U29/><E29/><V93/><F93/><W41/><G41/><T39/><D39/><U94/><E95/><V112/><F112/><W30/><G30/><T91/><D92/><U114/><E114/><V58/><F58/><W4/><G4/><T47/><D57/><U48/><E38/><V107/><F107/><W83/><G83/><T103/><D7/><U125/><E125/><AGARI ba="1,2" hai="16,17,62,63,84,86,104,106,125,127,129,131,132,135" machi="125" ten="25,6400,0" yaku="1,1,22,2,54,1,53,0" doraHai="60" doraHaiUra="69" who="3" fromWho="1" sc="274,0,226,-67,240,0,240,87" /><INIT seed="1,0,0,5,0,35" ten="274,159,240,327" oya="1" hai0="20,105,6,73,23,47,69,92,17,127,114,74,63" hai1="95,58,110,80,117,62,103,67,131,124,89,33,96" hai2="75,38,50,41,85,8,113,102,115,132,2,122,87" hai3="30,106,55,79,112,3,60,7,56,101,116,83,82"/><U28/><E117/><V37/><F122/><W70/><G112/><N who="2" m="43081" /><F75/><W29/><G116/><T10/><D105/><U48/><E131/><V88/><F102/><W40/><G40/><T9/><D114/><U26/><E124/><V49/><F132/><W45/><G45/><T24/><D127/><U129/><E129/><V5/><F87/><W51/><G101/><T61/><D23/><U128/><E128/><V39/><F41/><W78/><G106/><T1/><D10/><U76/><E110/><V123/><F123/><W34/><G34/><T97/><D47/><U15/><E15/><V134/><F134/><W59/><G70/><T0/><D0/><U120/><E120/><V4/><F4/><W72/><G3/><T57/><D69/><U109/><E109/><V46/><F46/><W16/><G7/><T108/><D63/><U43/><E43/><V111/><F111/><W91/><G91/><T98/><D98/><U118/><E118/><V27/><F27/><W31/><G16/><T130/><D130/><U54/><E103/><V42/><F42/><W86/><G30/><T90/><REACH who="0" step="1"/><D108/><REACH who="0" ten="264,159,240,327" step="2"/><U65/><REACH who="1" step="1"/><E62/><REACH who="1" ten="264,149,240,327" step="2"/><V44/><F44/><W14/><G14/><T93/><D93/><AGARI ba="0,2" hai="2,5,8,37,38,39,49,50,85,88,93" m="43081" machi="93" ten="40,5200,0" yaku="11,1,52,1,54,1" doraHai="35" who="2" fromWho="0" sc="264,-52,149,0,240,72,327,0" /><INIT seed="2,0,0,3,4,61" ten="212,149,312,327" oya="2" hai0="16,104,113,76,19,114,90,68,46,127,35,2,103" hai1="70,12,21,89,109,105,125,25,74,48,99,133,94" hai2="118,0,115,100,122,60,22,52,119,9,73,82,24" hai3="97,11,93,75,72,50,4,18,14,36,62,80,23"/><V112/><F122/><W67/><G36/><T51/><D35/><U47/><E74/><V10/><F100/><W83/><G50/><T101/><D2/><U87/><E109/><V32/><F32/><W63/><G75/><T98/><D76/><U106/><E125/><V6/><F10/><W129/><G129/><T128/><D127/><U65/><E133/><V55/><F73/><W49/><G49/><T88/><D128/><U120/><E120/><V33/><F33/><W5/><G72/><T111/><D68/><U110/><E110/><V20/><F82/><W37/><G37/><T27/><D111/><U31/><E12/><V135/><F135/><W34/><G34/><T131/><D131/><U130/><E130/><V38/><F38/><W26/><G5/><T84/><D101/><U41/><REACH who="1" step="1"/><E99/><REACH who="1" ten="212,139,312,327" step="2"/><V79/><F115/><W85/><G97/><T92/><D27/><U8/><E8/><V64/><F112/><W86/><G26/><T3/><D3/><U121/><E121/><V59/><F118/><W107/><G11/><T77/><D114/><U13/><E13/><V1/><F119/><W69/><G14/><T81/><D113/><U124/><E124/><V15/><F1/><W53/><G85/><T7/><D7/><U30/><E30/><V54/><F0/><W95/><G86/><N who="0" m="52311" /><D77/><U44/><E44/><V91/><F79/><W43/><G4/><T45/><D45/><U17/><E17/><V134/><F134/><W42/><G18/><T126/><D126/><U39/><E39/><V66/><F24/><W29/><G29/><T116/><D116/><RYUUKYOKU ba="0,1" sc="212,15,139,15,312,-15,327,-15" hai0="16,19,46,51,81,84,88,98,103,104" hai1="21,25,31,41,47,48,65,70,87,89,94,105,106" /><INIT seed="3,1,1,5,1,102" ten="227,154,297,312" oya="3" hai0="46,57,61,97,127,22,71,68,126,129,55,40,96" hai1="86,73,75,98,28,66,37,80,10,74,105,50,47" hai2="101,48,64,70,94,31,11,93,103,27,104,79,133" hai3="90,12,3,54,111,92,84,132,115,19,1,9,77"/><W34/><G115/><T18/><D129/><U91/><E37/><V78/><F133/><W0/><G132/><T21/><D96/><U109/><E109/><V59/><F11/><W38/><G38/><N who="0" m="21783" /><D97/><U87/><E66/><V41/><F70/><N who="0" m="26666" /><D18/><U13/><E28/><V95/><F64/><W100/><G111/><T125/><AGARI ba="1,1" hai="21,22,55,57,61,125,126,127" m="26666,21783" machi="125" ten="40,1500,0" yaku="18,1" doraHai="102" who="0" fromWho="0" sc="227,28,154,-5,297,-5,312,-8" /><INIT seed="4,0,0,1,4,25" ten="255,149,292,304" oya="0" hai0="44,116,11,68,59,124,28,131,21,57,111,120,45" hai1="89,33,76,43,113,27,51,36,65,6,96,86,123" hai2="83,125,7,99,117,119,15,52,135,93,130,100,50" hai3="29,80,122,34,129,1,74,23,90,73,106,46,55"/><T9/><D68/><U14/><E123/><V69/><F69/><W67/><G34/><T16/><D116/><U5/><E36/><V87/><F130/><W72/><G106/><T58/><D120/><U127/><E127/><V85/><F125/><W8/><G67/><T22/><D124/><U35/><E113/><V2/><F2/><W105/><G105/><T109/><D131/><U133/><E133/><V49/><F135/><W115/><G129/><T92/><D92/><U97/><E76/><V19/><F7/><W26/><G122/><T47/><D28/><U66/><E43/><V12/><F50/><W88/><G115/><T110/><REACH who="0" step="1"/><D16/><REACH who="0" ten="245,149,292,304" step="2"/><U134/><E134/><V108/><F117/><W37/><G80/><T3/><D3/><U10/><E5/><V31/><F119/><W132/><G132/><T102/><D102/><U63/><E33/><V18/><F31/><W70/><G70/><T107/><D107/><U56/><E35/><V30/><F30/><W17/><G17/><T126/><D126/><U114/><E114/><V79/><F19/><W77/><G1/><T4/><D4/><U94/><E27/><V121/><F121/><W91/><G8/><AGARI ba="0,1" hai="8,9,11,21,22,44,45,47,57,58,59,109,110,111" machi="8" ten="50,18000,2" yaku="1,1,29,2,28,2,10,1,53,0" doraHai="25" doraHaiUra="61" who="0" fromWho="3" sc="245,190,149,0,292,0,304,-180" /><INIT seed="4,1,0,1,0,121" ten="435,149,292,124" oya="0" hai0="61,37,59,83,62,103,36,122,32,97,41,129,107" hai1="63,100,109,110,18,48,104,134,93,126,58,10,7" hai2="135,80,76,84,74,75,49,90,132,98,40,102,17" hai3="117,27,28,127,0,91,85,65,128,79,96,88,13"/><T6/><D122/><U2/><E104/><N who="2" m="63575" /><F17/><W108/><G0/><T8/><D32/><U124/><E134/><N who="2" m="51243" /><F40/><W29/><G117/><T125/><D125/><N who="1" m="48235" /><E18/><V115/><F49/><W111/><G127/><T16/><D129/><U77/><E77/><V54/><F54/><W31/><G128/><T35/><D35/><U34/><E34/><V12/><F12/><W45/><G65/><T73/><D62/><U15/><E48/><V70/><F70/><W52/><G27/><T11/><D41/><U53/><E2/><V81/><F115/><W60/><G13/><T14/><D83/><U101/><E93/><V42/><F42/><W78/><G96/><T106/><D73/><AGARI ba="1,0" hai="73,74,75,76,80,81,84,90" m="51243,63575" machi="73" ten="30,3900,0" yaku="20,1,34,2" doraHai="121" who="2" fromWho="0" sc="435,-42,149,0,292,42,124,0" /><INIT seed="5,0,0,0,1,50" ten="393,149,334,124" oya="1" hai0="45,126,13,98,85,41,72,12,22,5,37,32,30" hai1="96,44,6,29,74,54,130,86,10,123,69,43,84" hai2="71,78,11,62,112,95,113,82,49,38,81,124,122" hai3="9,87,88,60,58,127,8,114,110,33,65,17,42"/><U16/><E74/><V92/><F38/><W89/><G33/><T20/><D72/><U90/><E69/><V107/><F107/><W4/><G110/><T28/><D126/><U101/><E123/><V2/><F124/><W73/><G73/><T51/><D98/><U27/><E130/><V106/><F106/><W117/><G127/><T115/><D115/><N who="2" m="44106" /><F122/><W7/><G114/><T23/><D32/><U132/><E132/><V83/><F78/><W79/><G79/><T57/><D85/><U125/><E125/><V134/><F134/><W76/><G76/><T3/><D3/><U105/><E6/><N who="3" m="2090" /><G42/><T26/><D26/><U66/><E66/><N who="2" m="41431" /><F2/><W70/><G70/><T77/><D77/><U103/><E103/><V46/><F11/><W39/><G39/><T75/><D75/><U111/><E111/><V104/><F104/><W14/><G117/><T21/><N who="0" m="5120" /><DORA hai="64" /><T31/><D5/><U121/><E121/><V67/><F67/><W63/><G63/><T93/><D93/><U100/><E100/><V109/><F109/><W116/><G9/><T102/><D102/><U59/><E10/><V133/><F133/><W135/><G135/><T48/><D37/><U0/><E0/><V40/><AGARI ba="0,0" hai="40,46,49,81,82,83,92,95" m="41431,44106" machi="40" ten="30,4000,0" yaku="15,1,11,1,52,1" doraHai="50,64" who="2" fromWho="2" sc="393,-10,149,-20,334,40,124,-10" /><INIT seed="6,0,0,3,1,121" ten="383,129,374,114" oya="2" hai0="42,87,110,57,107,28,106,3,97,30,53,81,114" hai1="93,31,129,103,125,23,40,8,99,6,116,83,20" hai2="89,47,4,113,130,76,26,100,9,74,27,44,72" hai3="82,14,108,11,85,48,132,94,0,67,123,62,95"/><V16/><F113/><W104/><G0/><T32/><D3/><U34/><E116/><V105/><F130/><W66/><G123/><T15/><D114/><U65/><E125/><V112/><F112/><W90/><G104/><T59/><D42/><U17/><E129/><V111/><F111/><W133/><G108/><T18/><D57/><U122/><E122/><V84/><F100/><W54/><G132/><T50/><D110/><U80/><E65/><N who="3" m="24586" /><G62/><T41/><D41/><U69/><E69/><V49/><F105/><W70/><G70/><T127/><D127/><U1/><E40/><V75/><F76/><W118/><G118/><T92/><D107/><U91/><E20/><V7/><F47/><N who="3" m="27935" /><G133/><T78/><D32/><U128/><E128/><V115/><F115/><W56/><G56/><T37/><D37/><U71/><E71/><V21/><F27/><W19/><AGARI ba="0,0" hai="11,14,19,82,85,90,94,95" m="27935,24586" machi="19" ten="30,2000,0" yaku="25,1,8,1" doraHai="121" who="3" fromWho="3" sc="383,-5,129,-5,374,-10,114,20" /><INIT seed="7,0,0,4,3,23" ten="378,124,364,134" oya="3" hai0="2,128,132,35,21,94,37,10,135,65,70,14,123" hai1="66,9,36,56,3,133,75,64,63,88,24,22,81" hai2="127,71,110,122,13,112,4,119,78,74,1,26,47" hai3="99,131,52,83,98,86,29,111,87,33,49,92,44"/><W118/><G118/><T6/><D123/><U60/><E36/><V101/><F119/><W109/><G131/><T95/><D37/><U34/><E133/><N who="0" m="51273" /><D35/><U43/><E34/><V59/><F122/><W69/><G69/><T115/><D115/><U67/><E43/><V11/><F71/><W120/><G120/><T104/><D104/><U40/><E40/><V121/><F121/><W45/><G45/><T41/><D41/><U84/><E75/><V108/><F112/><W8/><G8/><T61/><D128/><U106/><E106/><V82/><F47/><W51/><G51/><T89/><D89/><U130/><E130/><V73/><F73/><W107/><G107/><T38/><D38/><U117/><E117/><V7/><F101/><W55/><G55/><T91/><D91/><U80/><E80/><V25/><F127/><W12/><G12/><T116/><D116/><U100/><E100/><V76/><F76/><W79/><G87/><T53/><D53/><U72/><E72/><V113/><F113/><W48/><G48/><T102/><D102/><U32/><E32/><V57/><F7/><W28/><G99/><T96/><D96/><U124/><E124/><V18/><F108/><N who="3" m="41547" /><G33/><T125/><D125/><U54/><E9/><V0/><F110/><W46/><G46/><T5/><D5/><U17/><E3/><V105/><F105/><W27/><G27/><T85/><D85/><U50/><AGARI ba="0,0" hai="17,22,24,50,54,56,60,63,64,66,67,81,84,88" machi="50" ten="30,7900,0" yaku="0,1,8,1,52,1,54,1" doraHai="23" who="1" fromWho="1" sc="378,-20,124,79,364,-20,134,-39" owari="358,46.0,203,-20.0,344,14.0,95,-40.0" /></mjloggm>