<mjloggm ver="2.3"><GO type="169" lobby="0"/><UN n0="%6A%75%6D%70%2D%75%70" n1="%6B%61%6E%64%6F%72%61%6F" n2="%E5%B0%B1%E6%B4%BB%E7%94%9F%40%E5%B7%9D%E6%9D%91%E8%BB%8D%E5%9B%A3" n3="%E9%8A%80%E8%89%B2%E8%87%AA%E8%BB%A2%E8%BB%8A" dan="16,16,17,16" rate="2067.48,2111.92,2181.34,2036.52" sx="M,M,F,M"/><TAIKYOKU oya="0"/><INIT seed="0,0,0,5,2,75" ten="250,250,250,250" oya="0" hai0="56,43,46,19,118,82,113,103,16,97,33,10,15" hai1="130,119,9,27,127,14,132,55,114,48,20,116,91" hai2="59,120,117,101,112,13,121,26,126,84,88,8,11" hai3="21,107,4,36,34,54,2,29,39,45,64,40,41"/><T85/><D118/><U87/><E127/><V93/><F112/><W24/><G107/><T58/><D113/><U23/><E130/><V47/><F117/><W3/><G64/><T53/><D19/><U110/><E110/><V111/><F126/><W76/><G4/><T35/><D33/><U109/><E109/><V98/><F111/><W65/><G65/><T90/><D35/><U49/><E49/><V100/><F100/><W108/><G108/><T31/><D31/><U81/><E132/><V89/><F89/><W28/><G34/><T71/><D71/><U44/><E114/><V30/><F59/><W131/><G131/><T115/><D115/><U134/><E134/><V92/><F11/><W95/><G95/><N who="0" m="58815" /><D43/><U68/><E68/><V50/><F26/><W122/><G122/><T80/><D80/><U79/><E79/><V133/><F30/><W22/><G45/><T83/><D83/><U12/><E12/><V128/><F128/><W0/><G54/><T38/><D38/><U123/><E123/><V66/><F66/><W106/><G3/><T7/><D7/><U102/><E102/><V67/><F67/><W6/><G6/><T70/><D70/><U73/><E73/><V52/><F133/><W17/><G17/><AGARI ba="0,0" hai="8,13,17,47,50,52,84,88,92,93,98,101,120,121" machi="17" ten="30,3900,0" yaku="7,1,54,2" doraHai="75" who="2" fromWho="3" sc="250,0,250,0,250,39,250,-39" /><INIT seed="1,0,0,0,5,46" ten="250,250,289,211" oya="1" hai0="30,70,82,113,86,101,93,67,129,53,33,83,14" hai1="60,9,10,36,63,7,25,37,27,47,8,88,134" hai2="133,3,97,39,105,15,103,23,4,58,18,49,26" hai3="112,78,13,55,34,59,116,68,66,19,31,94,71"/><U126/><E7/><V75/><F75/><W62/><G112/><T120/><D129/><U89/><E47/><V135/><F39/><N who="1" m="14921" /><E126/><V40/><F3/><W117/><G78/><T115/><D113/><U73/><E73/><V79/><F79/><W69/><G94/><T81/><D115/><U122/><E122/><V65/><F65/><W64/><G31/><T0/><D0/><U51/><E51/><V6/><F26/><N who="1" m="9737" /><E134/><N who="2" m="51211" /><F40/><W17/><G34/><T54/><D120/><U99/><E99/><V56/><F56/><W20/><REACH who="3" step="1"/><G17/><REACH who="3" ten="250,250,289,201" step="2"/><T96/><D30/><U107/><E107/><V123/><F123/><W128/><G128/><T41/><D33/><U118/><E118/><AGARI ba="0,1" hai="13,19,20,55,59,62,64,66,68,69,71,116,117,118" machi="118" ten="50,3200,0" yaku="1,1,12,1,53,0" doraHai="46" doraHaiUra="127" who="3" fromWho="1" sc="250,0,250,-32,289,0,201,42" /><INIT seed="2,0,0,4,3,9" ten="250,218,289,243" oya="2" hai0="0,25,53,95,104,40,29,43,110,1,72,67,121" hai1="26,98,56,74,115,85,4,125,81,18,10,105,109" hai2="21,16,84,94,101,45,126,51,31,70,87,13,50" hai3="35,77,117,80,102,47,100,96,42,111,60,103,88"/><V114/><F114/><W93/><G35/><T69/><D104/><U73/><E109/><V113/><F113/><W44/><G111/><T92/><D72/><U82/><E125/><V131/><F70/><W30/><G30/><T59/><D110/><U133/><E133/><V41/><F126/><W76/><G117/><T65/><D121/><U116/><E116/><V90/><F131/><W52/><G42/><T33/><D1/><U22/><E115/><V7/><F101/><W12/><G12/><T49/><D0/><U118/><E118/><V134/><F134/><W119/><G119/><T127/><D127/><U37/><E37/><V128/><F128/><W20/><G20/><T5/><D5/><U54/><E98/><V23/><F7/><W57/><REACH who="3" step="1"/><G77/><REACH who="3" ten="250,218,289,233" step="2"/><T112/><D43/><U129/><E129/><V97/><F51/><W58/><G58/><T15/><D112/><U78/><E105/><V36/><F36/><W135/><G135/><T46/><D69/><U66/><E82/><V108/><F108/><W130/><G130/><T3/><D3/><U48/><REACH who="1" step="1"/><E66/><REACH who="1" ten="250,208,289,233" step="2"/><V39/><F39/><W63/><G63/><T99/><D65/><U123/><E123/><V106/><F106/><W89/><G89/><T27/><D67/><U132/><E132/><V32/><F32/><W68/><G68/><T2/><D33/><U91/><E91/><V55/><F41/><W24/><G24/><AGARI ba="0,2" hai="13,16,21,23,24,31,45,50,55,84,87,90,94,97" machi="24" ten="40,7700,0" yaku="8,1,52,1,54,1" doraHai="9" who="2" fromWho="3" sc="250,0,208,0,289,97,233,-77" /><INIT seed="2,1,0,0,4,78" ten="250,208,386,156" oya="2" hai0="75,108,18,58,17,112,131,27,55,41,101,88,96" hai1="3,80,60,42,0,26,85,25,74,66,21,71,32" hai2="5,36,109,111,12,6,23,65,77,13,70,48,34" hai3="81,106,24,33,89,11,127,28,44,121,99,133,123"/><V128/><F36/><W67/><G67/><T114/><D112/><U39/><E25/><V87/><F34/><W69/><G69/><T129/><D114/><U105/><E105/><V125/><F125/><W124/><G44/><T50/><D108/><N who="2" m="41546" /><F128/><N who="0" m="49226" /><D75/><U117/><E117/><V110/><F110/><W10/><G133/><T82/><D27/><U43/><E43/><V107/><F107/><W45/><G45/><N who="0" m="25903" /><D101/><U15/><E15/><N who="2" m="5707" /><F48/><W54/><G33/><T37/><D37/><U103/><E103/><V9/><F23/><W31/><G106/><T92/><D82/><U1/><E32/><V22/><F22/><W94/><G81/><T49/><AGARI ba="1,0" hai="17,18,49,55,58,88,92,96" m="25903,49226" machi="49" ten="30,2000,0" yaku="19,1,54,1" doraHai="78" who="0" fromWho="0" sc="250,23,208,-6,386,-11,156,-6" /><INIT seed="3,0,0,4,2,7" ten="273,202,375,150" oya="3" hai0="115,131,27,45,98,130,49,96,19,83,70,41,113" hai1="103,88,108,61,95,16,3,9,127,35,24,110,123" hai2="12,5,105,73,64,18,75,59,84,87,129,112,58" hai3="25,48,119,106,13,65,120,47,60,77,117,102,104"/><W133/><G120/><T100/><D70/><U71/><E123/><V97/><F112/><N who="0" m="43082" /><D83/><U23/><E103/><V101/><F5/><W11/><G77/><T67/><D67/><U6/><E127/><V26/><F26/><W118/><G133/><T57/><D57/><U126/><E126/><V78/><F129/><N who="0" m="49162" /><D100/><U125/><E125/><V94/><F84/><W99/><G25/><T74/><D74/><U17/><E71/><V37/><F37/><W2/><G2/><T124/><D124/><U85/><E61/><V50/><F50/><W134/><G104/><T32/><D32/><U42/><E42/><V36/><F36/><W121/><G134/><T10/><D27/><U107/><E107/><V116/><F116/><W68/><G121/><T81/><D81/><U79/><E79/><V76/><F64/><W93/><G106/><T20/><D20/><U109/><E35/><V69/><F69/><W135/><G135/><T92/><D92/><U90/><E90/><N who="2" m="53599" /><F76/><W62/><G62/><T34/><D34/><U4/><E4/><V82/><F75/><W89/><G102/><T66/><D66/><U56/><E56/><V122/><F122/><W28/><G28/><AGARI ba="0,0" hai="3,6,9,16,17,23,24,28,85,88,95,108,109,110" machi="28" ten="40,8000,1" yaku="14,1,52,1,54,2" doraHai="7" who="1" fromWho="3" sc="273,0,202,80,375,0,150,-80" /><INIT seed="4,0,0,0,4,73" ten="273,282,375,70" oya="0" hai0="123,105,43,23,3,5,121,36,113,12,87,32,2" hai1="28,64,116,10,1,117,40,89,61,65,110,108,71" hai2="70,82,74,75,46,63,134,68,99,60,88,120,69" hai3="54,7,76,96,112,30,85,9,93,19,86,106,4"/><T34/><D105/><U135/><E28/><V42/><F120/><W125/><G106/><T37/><D43/><U48/><E65/><V0/><F0/><N who="0" m="42" /><D87/><U97/><E135/><V29/><F29/><W11/><G30/><T119/><D37/><U115/><E1/><V59/><F134/><W79/><G125/><T33/><D36/><U102/><E10/><N who="3" m="3594" /><G19/><N who="0" m="10727" /><D119/><U6/><E6/><N who="3" m="2090" /><G54/><T128/><D5/><U18/><E18/><V15/><F15/><W83/><G112/><T44/><D44/><U92/><E116/><V49/><F63/><W72/><G72/><T45/><D45/><U91/><E117/><V20/><F20/><W107/><G107/><T103/><D103/><U80/><E102/><V17/><F17/><W100/><G85/><T132/><D132/><U104/><E104/><V129/><F129/><W98/><G96/><T67/><D67/><U62/><E97/><V77/><F74/><W27/><G27/><T101/><D101/><U47/><E80/><V14/><F14/><W56/><G56/><T39/><D39/><U84/><E91/><AGARI ba="0,0" hai="76,79,83,86,91,93,98,100" m="2090,3594" machi="91" ten="30,3900,0" yaku="8,1,52,2" doraHai="73" who="3" fromWho="1" sc="273,0,282,-39,375,0,70,39" /><INIT seed="5,0,0,2,2,105" ten="273,243,375,109" oya="1" hai0="1,100,10,8,121,78,97,72,96,47,117,25,123" hai1="7,57,41,13,115,4,111,133,44,48,11,12,82" hai2="70,38,28,89,27,60,114,20,112,99,86,32,83" hai3="84,53,61,107,34,24,113,31,64,92,75,135,101"/><U3/><E115/><N who="2" m="44075" /><F38/><W95/><G113/><T81/><D117/><U21/><E133/><V49/><F49/><W35/><G35/><T132/><D132/><U55/><E111/><V68/><F32/><W93/><G135/><T76/><D76/><U59/><E59/><V40/><F40/><W122/><G122/><N who="0" m="46603" /><D47/><U118/><E118/><V109/><F109/><W5/><G5/><N who="0" m="1071" /><D100/><U79/><E21/><V90/><F60/><W43/><G43/><T30/><D10/><U74/><REACH who="1" step="1"/><E7/><REACH who="1" ten="273,233,375,109" step="2"/><V58/><F58/><W29/><G34/><AGARI ba="0,1" hai="25,30,34,72,78,81,96,97" m="1071,46603" machi="34" ten="30,2000,0" yaku="13,1,52,1" doraHai="105" who="0" fromWho="3" sc="273,30,233,0,375,0,109,-20" /><INIT seed="6,0,0,3,0,56" ten="303,233,375,89" oya="2" hai0="101,114,64,130,124,40,113,34,104,91,26,60,12" hai1="125,71,128,19,33,3,14,97,115,23,134,85,103" hai2="68,90,84,119,21,8,110,99,28,25,69,48,67" hai3="86,95,66,132,77,5,30,70,15,17,129,120,37"/><V133/><F110/><W82/><G37/><T18/><D91/><U53/><E33/><V41/><F119/><W107/><G107/><T7/><D40/><U73/><E3/><V78/><F133/><W62/><G132/><T111/><D7/><U98/><E73/><V42/><F78/><W13/><G129/><T131/><D101/><U24/><E134/><V47/><F99/><W61/><G120/><T105/><D26/><U45/><E128/><N who="0" m="49193" /><D34/><U50/><E115/><N who="0" m="44041" /><D124/><U123/><E125/><V43/><F8/><W59/><G30/><T58/><D111/><U65/><E123/><V51/><F51/><W20/><G95/><T76/><D76/><U10/><E103/><V93/><F69/><W92/><G92/><T112/><N who="0" m="44049" /><T39/><DORA hai="4" /><D39/><U32/><E32/><V116/><F116/><W89/><G77/><T126/><D126/><U117/><E117/><V55/><F68/><W31/><G31/><T52/><D64/><AGARI ba="0,0" hai="21,25,28,41,42,43,47,48,55,64,67,84,90,93" machi="64" ten="40,2000,0" yaku="8,1" doraHai="56,4" who="2" fromWho="0" sc="303,-20,233,0,375,20,89,0" /><INIT seed="6,1,0,1,2,81" ten="283,233,395,89" oya="2" hai0="51,8,38,33,1,87,125,116,118,91,65,54,124" hai1="67,76,82,123,60,47,17,16,110,7,34,127,119" hai2="30,63,131,27,15,41,97,40,105,55,72,74,66" hai3="45,83,29,109,89,79,84,99,71,117,88,6,126"/><V13/><F131/><W86/><G109/><T32/><D38/><U14/><E110/><V94/><F105/><W21/><G71/><T24/><D65/><U69/><E34/><N who="0" m="13417" /><D24/><U19/><E119/><N who="0" m="45609" /><D8/><U130/><E130/><V50/><F72/><W42/><G117/><T96/><D96/><U100/><E100/><V135/><F74/><W48/><G126/><T122/><D1/><U11/><E127/><V23/><F135/><W77/><G6/><T49/><D49/><U73/><E123/><V134/><F134/><W64/><G64/><T103/><D103/><U104/><E104/><V75/><F75/><W31/><G99/><T93/><D122/><U12/><REACH who="1" step="1"/><E47/><AGARI ba="1,0" hai="47,51,54,87,91,93,124,125" m="45609,13417" machi="47" ten="30,2000,0" yaku="12,1,52,1" doraHai="81" who="0" fromWho="1" sc="283,23,233,-23,395,0,89,0" /><INIT seed="7,0,0,3,4,76" ten="306,210,395,89" oya="3" hai0="16,106,27,23,68,61,116,34,133,37,28,85,102" hai1="78,14,29,4,41,128,30,64,5,49,59,90,86" hai2="112,96,57,88,70,117,38,7,131,114,92,17,97" hai3="58,72,15,51,22,50,129,65,82,75,33,113,121"/><W126/><G33/><T53/><D116/><U87/><E128/><V67/><F38/><W11/><G121/><T132/><D37/><U73/><E73/><V60/><F117/><W120/><G120/><T98/><D85/><U52/><E64/><V45/><F131/><W2/><G129/><T127/><D127/><U9/><E5/><V20/><F7/><W124/><G2/><T119/><D119/><U107/><E107/><V94/><F45/><W43/><G22/><T55/><D53/><U81/><REACH who="1" step="1"/><E41/><REACH who="1" ten="306,200,395,89" step="2"/><V10/><F70/><W115/><G65/><N who="0" m="41007" /><D55/><U93/><AGARI ba="0,1" hai="4,9,14,29,30,49,52,59,78,81,86,87,90,93" machi="93" ten="20,12000,2" yaku="1,1,0,1,7,1,8,1,52,1,54,1,53,0" doraHai="76" doraHaiUra="95" who="1" fromWho="1" sc="306,-30,200,130,395,-30,89,-60" owari="276,-12.0,330,13.0,365,46.0,29,-47.0" /></mjloggm>