<mjloggm ver="2.3"><GO type="169" lobby="0"/><UN n0="%E3%82%A6%E3%83%AB%E3%83%88%E3%83%A9%E7%AB%8B%E7%9B%B4" n1="%E3%83%8B%E3%83%A3%E3%83%83%E3%83%94%E3%83%BC%E5%A4%8F%E7%9B%AE" n2="%68%6F%73%69%67%61%6D%69" n3="%E3%81%92%E3%81%A3%E3%81%A1" dan="17,17,17,16" rate="2206.76,2162.37,2195.98,2095.42" sx="M,M,M,M"/><TAIKYOKU oya="0"/><INIT seed="0,0,0,3,5,73" ten="250,250,250,250" oya="0" hai0="49,33,131,129,125,133,130,86,134,22,27,127,19" hai1="81,0,42,16,14,90,46,99,38,6,77,95,55" hai2="108,23,102,128,107,91,93,71,132,113,64,121,67" hai3="5,2,31,119,24,29,18,100,26,40,101,56,48"/><T114/><D33/><U63/><E6/><V112/><F121/><W123/><G119/><T74/><D74/><U85/><E0/><V1/><F1/><W47/><G123/><T70/><D70/><U52/><REACH who="1" step="1"/><E63/><REACH who="1" ten="250,240,250,250" step="2"/><V13/><F113/><W79/><G5/><T32/><D114/><U122/><E122/><V9/><F112/><W84/><G2/><T7/><D7/><U96/><E96/><V10/><F108/><W97/><G97/><T124/><D32/><U92/><E92/><V15/><F93/><W106/><G106/><T110/><D110/><U120/><E120/><V109/><F107/><W89/><G29/><T58/><D86/><U45/><E45/><V4/><F109/><W105/><G31/><T39/><D39/><U117/><E117/><V30/><F4/><W34/><G105/><T11/><D11/><AGARI ba="0,1" hai="11,14,16,38,42,46,52,55,77,81,85,90,95,99" machi="11" ten="30,8000,1" yaku="1,1,7,1,52,1,54,2,53,0" doraHai="73" doraHaiUra="62" who="1" fromWho="0" sc="250,-80,240,90,250,0,250,0" /><INIT seed="1,0,0,2,3,76" ten="170,330,250,250" oya="1" hai0="5,127,105,30,47,75,57,9,71,106,107,39,59" hai1="81,77,49,36,80,123,11,1,65,125,103,119,48" hai2="2,104,61,60,98,29,54,13,94,78,86,53,74" hai3="37,88,19,84,12,79,95,35,7,14,113,34,26"/><U68/><E119/><V91/><F2/><W31/><G37/><T8/><D71/><U134/><E36/><V120/><F120/><W22/><G113/><T32/><D127/><U83/><E123/><V63/><F29/><W102/><G102/><T18/><D18/><U64/><E77/><V114/><F114/><W132/><G132/><T89/><D89/><U96/><E125/><V21/><F74/><W73/><G7/><T70/><D70/><U135/><E1/><V82/><REACH who="2" step="1"/><F104/><REACH who="2" ten="170,330,240,250" step="2"/><W44/><G31/><T15/><D30/><U111/><E135/><V133/><F133/><W87/><G73/><T42/><D75/><U121/><E134/><V28/><F28/><W100/><G34/><T45/><D32/><U43/><E121/><V101/><F101/><W51/><G100/><T97/><D107/><U20/><E103/><V130/><F130/><W3/><G35/><T46/><D106/><U93/><E111/><V27/><F27/><W23/><G3/><T56/><D105/><U109/><E109/><V118/><F118/><W52/><G26/><T41/><D97/><U4/><E96/><V40/><F40/><W122/><G122/><T67/><D42/><U110/><E43/><V50/><F50/><W117/><G117/><T6/><REACH who="0" step="1"/><D67/><REACH who="0" ten="160,330,240,250" step="2"/><U25/><E65/><V17/><AGARI ba="0,2" hai="13,17,21,53,54,60,61,63,78,82,86,91,94,98" machi="17" ten="30,7900,0" yaku="1,1,0,1,8,1,52,1,53,0" doraHai="76" doraHaiUra="129" who="2" fromWho="2" sc="160,-20,330,-39,240,99,250,-20" /><INIT seed="2,0,0,5,1,131" ten="140,291,339,230" oya="2" hai0="122,29,59,72,31,45,114,106,99,21,50,6,41" hai1="80,105,74,66,84,20,35,44,18,22,52,116,102" hai2="90,89,134,49,60,25,87,123,126,98,115,48,54" hai3="47,16,32,109,93,46,83,42,58,53,75,95,5"/><V4/><F115/><W135/><G109/><T127/><D72/><U68/><E35/><V62/><F123/><W91/><G32/><T64/><D114/><U96/><E74/><V120/><BYE who="0" /><F120/><W27/><G5/><UN n0="%E3%82%A6%E3%83%AB%E3%83%88%E3%83%A9%E7%AB%8B%E7%9B%B4" /><T56/><D122/><U117/><E22/><V81/><F126/><W101/><G101/><T43/><D127/><U39/><E66/><V17/><F4/><W88/><G75/><T13/><D106/><U55/><E68/><V100/><F90/><N who="3" m="34347" /><G135/><T119/><D119/><U97/><E97/><V8/><F134/><W69/><G69/><T79/><D99/><U11/><E11/><V118/><F118/><W61/><G83/><T108/><D108/><U112/><E112/><V76/><F89/><W14/><G27/><T125/><D125/><U73/><E73/><V23/><F8/><N who="3" m="6215" /><G42/><T37/><D43/><U94/><E105/><V110/><F110/><W15/><G15/><T86/><D41/><U77/><E117/><V132/><F132/><W71/><G71/><T107/><D107/><U85/><E39/><V57/><REACH who="2" step="1"/><F62/><REACH who="2" ten="140,291,329,230" step="2"/><W38/><G38/><T133/><D37/><U28/><E116/><V70/><F70/><W65/><G61/><T7/><D133/><U129/><E80/><V40/><F40/><W10/><G10/><T103/><D6/><U26/><E102/><V36/><F36/><W111/><G111/><T19/><D7/><U1/><E96/><V9/><F9/><W113/><G113/><T78/><D103/><U34/><E1/><V128/><F128/><W2/><G2/><T24/><D79/><U30/><E129/><RYUUKYOKU ba="0,1" sc="140,-10,291,-10,329,30,230,-10" hai2="17,23,25,48,49,54,57,60,76,81,87,98,100" /><INIT seed="2,1,1,0,3,131" ten="130,281,359,220" oya="2" hai0="84,6,113,31,10,95,41,47,42,97,89,127,86" hai1="54,93,40,61,25,66,38,104,64,70,73,8,48" hai2="135,79,36,124,23,68,56,78,50,82,99,58,126" hai3="92,14,32,80,39,91,122,5,109,134,33,24,111"/><V77/><F36/><W17/><G39/><T74/><D113/><U106/><E73/><V19/><F68/><W4/><G80/><T132/><D127/><N who="2" m="48682" /><F99/><W20/><G91/><T114/><D114/><U69/><E93/><V62/><F50/><W53/><G53/><T90/><D74/><U105/><E38/><V22/><F135/><W94/><G94/><T96/><D31/><U110/><E69/><V35/><F35/><N who="3" m="13387" /><G92/><T27/><D27/><U13/><E40/><V7/><F7/><N who="3" m="2635" /><G122/><T11/><D6/><U9/><E66/><N who="2" m="39239" /><F58/><W67/><G67/><T129/><D95/><U34/><E64/><V51/><F51/><W116/><G116/><T72/><D47/><U75/><E48/><V29/><F82/><W60/><G60/><T1/><D96/><U118/><E61/><V0/><F79/><W76/><G76/><T101/><D97/><U71/><E71/><V119/><F119/><W120/><G120/><T46/><D46/><U107/><E70/><V57/><F57/><W133/><G24/><T123/><D123/><U3/><E25/><N who="2" m="16575" /><F78/><W103/><G103/><T87/><D101/><U63/><E63/><V102/><F102/><W108/><AGARI ba="1,1" hai="14,17,20,108,109,111,133,134" m="2635,13387" machi="108" ten="40,8000,1" yaku="14,1,34,2,52,2" doraHai="131" who="3" fromWho="3" sc="130,-21,281,-21,359,-41,220,93" /><INIT seed="3,0,0,3,2,132" ten="109,260,318,313" oya="3" hai0="30,90,94,72,97,92,43,76,11,117,46,21,7" hai1="38,25,36,135,61,29,102,99,51,128,22,123,93" hai2="74,67,79,4,129,121,78,31,1,17,109,120,106" hai3="103,41,88,105,133,44,82,3,48,14,18,59,39"/><W71/><G71/><T73/><D117/><U66/><E123/><V16/><F106/><W8/><G133/><T63/><D76/><U12/><E135/><V112/><F67/><W91/><G3/><T20/><D73/><U6/><E128/><V24/><F74/><W5/><G5/><T116/><D72/><U64/><E64/><V96/><F96/><W114/><G114/><T113/><D113/><U89/><E51/><V28/><F112/><W42/><G82/><T47/><D116/><U34/><E89/><V27/><F109/><W58/><G41/><T2/><D30/><U124/><E124/><V52/><F4/><W84/><G39/><T85/><D63/><U81/><E81/><V35/><F1/><W100/><G105/><T118/><D118/><U86/><E86/><V101/><F101/><N who="3" m="38987" /><G84/><T75/><D75/><U49/><E49/><V68/><F68/><W40/><G40/><T60/><D60/><U15/><E34/><V98/><F98/><W69/><G69/><T62/><D62/><U56/><REACH who="1" step="1"/><E6/><REACH who="1" ten="109,250,318,313" step="2"/><V55/><F35/><W134/><G134/><T126/><D126/><U57/><E57/><AGARI ba="0,1" hai="8,14,18,42,44,48,57,58,59,88,91" m="38987" machi="57" ten="30,2900,0" yaku="8,1,54,1" doraHai="132" who="3" fromWho="1" sc="109,0,250,-29,318,0,313,39" /><INIT seed="3,1,0,2,2,80" ten="109,221,318,352" oya="3" hai0="53,133,93,65,67,43,35,17,11,23,90,117,106" hai1="89,20,94,84,30,109,119,22,99,54,122,4,112" hai2="85,95,92,49,128,73,6,12,18,72,124,21,129" hai3="29,120,126,134,86,52,50,44,81,127,88,40,46"/><W48/><G134/><T115/><D35/><U5/><E122/><V102/><F124/><N who="3" m="47659" /><G29/><T135/><D106/><U27/><E112/><V118/><F118/><W24/><G24/><T79/><D117/><U34/><E119/><V16/><F6/><W103/><G103/><T41/><D115/><U2/><E109/><V39/><F39/><W69/><G69/><T105/><D105/><U83/><E54/><V60/><F60/><W38/><G38/><T63/><D79/><U13/><E2/><V111/><F111/><W100/><G100/><T61/><D11/><U51/><E51/><V1/><F1/><W132/><G132/><T78/><D78/><U36/><E36/><V71/><F71/><W10/><G10/><T25/><D133/><U125/><E125/><V77/><F49/><W113/><G113/><T59/><D135/><U15/><E34/><V45/><F45/><W87/><G87/><T82/><D82/><U56/><E56/><V7/><F7/><N who="1" m="2633" /><E20/><V37/><F37/><W108/><G108/><T32/><D32/><U123/><E123/><AGARI ba="1,0" hai="40,44,46,48,50,52,81,86,88,120,123" m="47659" machi="123" ten="30,11600,0" yaku="18,1,52,1,54,2" doraHai="80" who="3" fromWho="1" sc="109,0,221,-119,318,0,352,119" /><INIT seed="3,2,0,5,4,132" ten="109,102,318,471" oya="3" hai0="47,115,116,128,2,95,106,35,84,63,59,75,88" hai1="130,14,17,45,68,127,112,48,51,125,52,73,93" hai2="79,114,90,131,21,10,86,120,32,20,11,49,102" hai3="89,34,62,39,36,64,57,126,70,61,135,46,103"/><W29/><G103/><T110/><D35/><U65/><E112/><V133/><F114/><W58/><G29/><T96/><D2/><U41/><E130/><V97/><F32/><W54/><G34/><T94/><D115/><U117/><E117/><V105/><F131/><W66/><G89/><T33/><D33/><U4/><E73/><V53/><F133/><W69/><G135/><T37/><D128/><U67/><E4/><V8/><F79/><W108/><G108/><T71/><D116/><U78/><E78/><V1/><F1/><W26/><G26/><T82/><D110/><U87/><E87/><V134/><F120/><W38/><G126/><N who="1" m="48138" /><E93/><V104/><F104/><W124/><G124/><T121/><D95/><U100/><E68/><V13/><F134/><W55/><G46/><T25/><D71/><AGARI ba="2,0" hai="36,38,39,54,55,57,58,61,62,64,66,69,70,71" machi="71" ten="50,18000,2" yaku="9,1,35,6" doraHai="132" who="3" fromWho="0" sc="109,-186,102,0,318,0,471,186" owari="-77,-58.0,102,-30.0,318,12.0,657,76.0" /></mjloggm>