<mjloggm ver="2.3"><GO type="169" lobby="0"/><UN n0="%E3%83%92%E3%83%AB%E3%83%99%E3%83%AB%E3%83%88" n1="%E3%82%A6%E3%83%AB%E3%83%88%E3%83%A9%E7%AB%8B%E7%9B%B4" n2="%E3%82%A4%E3%82%AB%E5%A8%98" n3="%E3%83%A1%E3%82%AB%E3%82%BC%E3%83%83%E3%83%88%E3%83%B3" dan="18,18,16,18" rate="2279.85,2151.73,2070.27,2251.22" sx="M,M,F,M"/><TAIKYOKU oya="0"/><INIT seed="0,0,0,4,5,63" ten="250,250,250,250" oya="0" hai0="110,24,126,72,108,86,74,122,84,112,15,89,117" hai1="123,98,101,66,133,13,93,58,129,67,130,2,44" hai2="77,87,55,54,70,16,95,25,0,12,79,83,19" hai3="119,29,64,32,60,100,85,30,48,33,115,39,125"/><T80/><D24/><U51/><E2/><V7/><F0/><W36/><G115/><T4/><D112/><U11/><E123/><V41/><F70/><W42/><G119/><T127/><D117/><U116/><E116/><V131/><F131/><N who="1" m="50185" /><E58/><V121/><F121/><W14/><G125/><N who="0" m="47627" /><D15/><U107/><E107/><V96/><F41/><W73/><G73/><N who="0" m="28267" /><D4/><N who="1" m="3303" /><E133/><V1/><F1/><W47/><G100/><T106/><D122/><U26/><E26/><V76/><F7/><W65/><G33/><T38/><D38/><U10/><E10/><N who="2" m="6167" /><F25/><W102/><G32/><T20/><D20/><U114/><E114/><V8/><F8/><W3/><G39/><T109/><D84/><U59/><E59/><V9/><F9/><W134/><G36/><T21/><D21/><U28/><E28/><V118/><F19/><W92/><G30/><T27/><D27/><U68/><E68/><V45/><F118/><W34/><G29/><T124/><D124/><U22/><E22/><V104/><F104/><AGARI ba="0,0" hai="80,86,89,104,106,108,109,110" m="28267,47627" machi="104" ten="40,12000,1" yaku="14,1,10,1,18,1,34,2" doraHai="63" who="0" fromWho="2" sc="250,120,250,0,250,-120,250,0" /><INIT seed="0,1,0,2,3,130" ten="370,250,130,250" oya="0" hai0="125,92,134,135,82,53,36,96,98,7,42,35,1" hai1="13,37,108,71,18,24,52,89,88,99,21,119,38" hai2="40,105,85,79,50,54,11,30,28,41,76,25,19" hai3="51,81,26,33,49,61,64,121,97,109,103,113,91"/><T94/><D35/><U116/><E71/><V12/><F105/><W34/><G109/><T80/><D53/><U45/><E108/><V68/><F68/><W60/><G113/><T84/><D7/><U75/><E75/><V122/><F122/><W95/><G121/><T55/><D55/><U114/><E114/><V117/><F117/><W73/><G60/><T56/><D56/><U115/><E115/><V77/><F85/><W66/><G66/><T67/><D67/><U69/><E69/><V62/><F62/><W107/><G61/><T10/><D10/><U63/><E38/><V120/><F120/><W78/><G64/><T129/><D42/><U23/><E37/><V44/><REACH who="2" step="1"/><F28/><REACH who="2" ten="370,250,120,250" step="2"/><W104/><G104/><T74/><D129/><U72/><E72/><V32/><AGARI ba="1,1" hai="11,12,19,25,30,32,40,41,44,50,54,76,77,79" machi="32" ten="30,4000,0" yaku="1,1,2,1,0,1,53,0" doraHai="130" doraHaiUra="17" who="2" fromWho="2" sc="370,-21,250,-11,120,53,250,-11" /><INIT seed="1,0,0,0,1,20" ten="349,239,173,239" oya="1" hai0="118,5,11,16,107,76,115,28,17,113,119,73,94" hai1="135,9,102,87,79,77,57,131,41,56,54,43,8" hai2="101,21,50,82,97,7,132,122,98,110,3,45,0" hai3="83,39,130,60,61,123,29,36,47,35,90,89,109"/><U112/><E112/><N who="0" m="43081" /><D94/><U15/><E131/><V91/><F122/><W30/><G123/><T4/><D76/><N who="1" m="29259" /><E135/><V51/><F110/><W127/><G109/><T80/><D80/><U37/><E37/><V58/><F132/><W31/><G130/><T10/><D73/><U19/><E102/><V23/><F58/><N who="1" m="22633" /><E54/><V124/><F124/><W18/><G127/><T62/><D28/><U84/><E9/><N who="0" m="3081" /><D62/><U63/><E63/><V38/><F38/><W65/><G35/><T44/><D44/><U134/><E134/><V103/><F45/><W105/><G47/><T88/><D88/><U68/><E68/><V128/><F91/><W52/><G89/><T26/><D107/><U85/><AGARI ba="0,0" hai="8,15,19,41,43,84,85,87" m="22633,29259" machi="85" ten="30,1500,0" yaku="8,1" doraHai="20" who="1" fromWho="1" sc="349,-5,239,15,173,-5,239,-5" /><INIT seed="1,1,0,4,1,69" ten="344,254,168,234" oya="1" hai0="74,106,70,127,89,34,110,65,29,108,118,87,123" hai1="30,53,52,46,90,27,21,86,15,51,109,113,97" hai2="77,67,124,54,101,10,42,25,33,107,14,73,99" hai3="17,71,66,44,129,135,16,8,35,55,121,80,126"/><U36/><E113/><V47/><F124/><W72/><G35/><T20/><D118/><U22/><E109/><N who="0" m="42089" /><D74/><U78/><E36/><V88/><F54/><W43/><G121/><T95/><D127/><U94/><E53/><V115/><F115/><W7/><G126/><T111/><D106/><U23/><E15/><V75/><F67/><W98/><G129/><T117/><D117/><U13/><E13/><V131/><F131/><W39/><G135/><T104/><D104/><U119/><E119/><V85/><F33/><W18/><G55/><T38/><D34/><U58/><E46/><V32/><F32/><W63/><G98/><T103/><D103/><U5/><E5/><V57/><F57/><W59/><G71/><T61/><D123/><U64/><E64/><V6/><F25/><W116/><G116/><T2/><D2/><U28/><E28/><V105/><F105/><W120/><G120/><T91/><D111/><U24/><E24/><V12/><F12/><W40/><G40/><T3/><D3/><U1/><E1/><V62/><F62/><W122/><G122/><T81/><D20/><U133/><E133/><V56/><F56/><W112/><G112/><T11/><D11/><U45/><E58/><V114/><F114/><W37/><G8/><T68/><D29/><U26/><E26/><V128/><F128/><W93/><G7/><T60/><D70/><U92/><E78/><V0/><F77/><N who="3" m="44071" /><G93/><T50/><D50/><U100/><AGARI ba="1,0" hai="21,22,23,27,30,45,51,52,86,90,92,94,97,100" machi="100" ten="20,7800,0" yaku="0,1,7,1,8,1,54,1" doraHai="69" who="1" fromWho="1" sc="344,-27,254,81,168,-27,234,-27" /><INIT seed="1,2,0,0,5,101" ten="317,335,141,207" oya="1" hai0="60,63,3,59,5,54,42,113,109,120,13,8,44" hai1="82,71,12,40,93,46,100,134,30,105,18,57,0" hai2="99,6,124,111,29,23,73,48,89,74,68,78,67" hai3="97,90,85,118,24,104,75,70,31,47,16,39,98"/><U7/><E71/><V107/><F111/><W61/><G75/><T53/><D109/><U86/><E134/><V62/><F124/><W112/><G118/><T127/><D113/><U58/><E105/><V9/><F48/><W15/><G112/><T37/><D127/><U14/><E30/><V32/><F23/><W81/><G104/><T88/><D120/><U66/><E0/><V77/><F77/><W84/><G70/><T132/><D132/><U115/><E115/><V94/><F78/><W80/><G61/><T92/><D3/><U11/><E66/><V130/><F130/><W34/><G47/><T128/><D128/><U72/><E72/><V49/><F49/><W106/><G106/><T52/><REACH who="0" step="1"/><D60/><REACH who="0" ten="307,335,141,207" step="2"/><U129/><E129/><V103/><F89/><W43/><G43/><T22/><D22/><U41/><E41/><V27/><REACH who="2" step="1"/><F94/><REACH who="2" ten="307,335,131,207" step="2"/><W20/><REACH who="3" step="1"/><G39/><REACH who="3" ten="307,335,131,197" step="2"/><T51/><D51/><U26/><E40/><V117/><F117/><W131/><G131/><T36/><D36/><U102/><E46/><V35/><F35/><W38/><G38/><T76/><D76/><AGARI ba="2,3" hai="15,16,20,24,31,34,76,80,81,84,85,90,97,98" machi="76" ten="30,3900,0" yaku="1,1,7,1,54,1,53,0" doraHai="101" doraHaiUra="135" who="3" fromWho="0" sc="307,-45,335,0,131,0,197,75" /><INIT seed="2,0,0,1,2,135" ten="262,335,131,272" oya="2" hai0="2,54,21,113,80,84,90,30,87,50,119,77,73" hai1="132,15,112,75,48,78,66,94,108,12,133,114,81" hai2="127,20,46,40,55,82,64,68,131,109,13,10,123" hai3="14,79,19,49,0,93,120,58,6,129,65,31,52"/><V17/><F123/><W70/><G120/><T74/><D2/><U76/><E66/><V72/><F131/><W101/><G31/><T39/><D39/><U121/><E121/><V100/><F100/><W102/><G79/><T28/><D113/><U88/><E48/><V116/><F116/><W3/><G129/><T22/><D74/><U122/><E122/><V134/><F134/><N who="1" m="51817" /><E78/><V59/><F109/><W67/><G6/><T32/><D73/><U85/><E108/><V118/><F118/><W18/><G70/><T5/><D5/><U111/><E111/><V92/><F92/><W95/><G49/><T23/><D32/><U71/><E71/><V62/><F127/><W4/><G4/><T1/><D1/><U83/><E94/><V25/><F72/><W117/><G58/><N who="0" m="33111" /><D119/><U11/><E15/><V34/><F82/><AGARI ba="0,0" hai="21,22,23,28,30,77,80,82,84,87,90" m="33111" machi="82" ten="30,1000,0" yaku="8,1" doraHai="135" who="0" fromWho="2" sc="262,10,335,0,131,-10,272,0" /><INIT seed="3,0,0,1,2,106" ten="272,335,121,272" oya="3" hai0="24,48,69,125,127,42,63,85,18,38,88,33,83" hai1="49,57,134,99,94,8,9,41,59,135,116,46,1" hai2="53,44,7,26,43,35,104,129,56,96,6,109,0" hai3="29,101,102,60,86,5,82,108,4,74,13,117,107"/><W27/><G117/><T14/><D38/><U19/><E116/><V119/><F109/><W22/><G108/><T133/><D133/><N who="1" m="50699" /><E9/><V54/><F119/><W79/><G60/><T68/><D42/><U114/><E114/><V111/><F111/><W92/><G13/><T118/><D48/><U110/><E110/><V3/><F129/><W30/><G30/><T77/><D118/><U25/><E25/><V75/><F75/><W65/><G65/><T122/><D122/><U10/><E10/><V52/><F56/><W64/><G64/><T121/><D121/><U71/><E71/><V61/><F61/><W124/><G124/><N who="0" m="47691" /><D63/><U15/><E1/><V76/><F76/><W40/><G40/><T39/><D39/><U50/><E50/><V28/><F104/><W72/><G102/><AGARI ba="0,0" hai="8,15,19,41,46,49,57,59,94,99,102" m="50699" machi="102" ten="30,1000,0" yaku="20,1" doraHai="106" who="1" fromWho="3" sc="272,0,335,10,121,0,272,-10" /><INIT seed="4,0,0,3,0,31" ten="272,345,121,262" oya="0" hai0="45,51,67,135,9,72,117,0,1,77,32,49,18" hai1="126,6,80,70,61,68,39,88,102,116,87,109,85" hai2="15,60,7,55,63,41,82,124,12,105,128,30,66" hai3="13,75,69,22,91,57,112,114,120,46,84,14,26"/><T56/><D117/><U100/><E39/><V10/><F105/><W28/><G69/><T98/><D135/><U4/><E109/><V52/><F124/><W25/><G75/><T108/><D108/><U76/><E126/><V90/><F128/><W35/><G120/><T86/><D72/><U16/><E116/><V123/><F123/><W122/><G122/><T44/><D98/><U81/><E68/><V118/><F118/><W8/><G57/><T106/><D106/><U29/><E29/><V131/><F131/><W121/><G121/><T3/><D67/><U101/><E70/><V96/><F41/><W65/><G65/><T59/><D86/><U20/><E61/><V38/><F38/><W110/><G46/><T42/><D32/><U134/><E134/><V92/><F30/><N who="3" m="19919" /><G110/><T58/><D77/><U129/><E129/><V19/><F82/><W36/><G36/><T103/><D103/><U2/><E2/><V64/><F64/><W27/><G27/><AGARI ba="0,0" hai="4,6,16,20,27,76,80,81,85,87,88,100,101,102" machi="27" ten="40,5200,0" yaku="8,1,54,2" doraHai="31" who="1" fromWho="3" sc="272,0,345,52,121,0,262,-52" /><INIT seed="5,0,0,5,1,92" ten="272,397,121,210" oya="1" hai0="73,60,1,65,131,23,74,91,58,28,54,35,110" hai1="75,12,82,86,0,30,24,33,114,89,128,7,120" hai2="29,63,53,19,70,85,109,61,9,130,108,98,39" hai3="118,32,56,72,4,83,84,6,111,25,34,134,71"/><U46/><E120/><V103/><F39/><W100/><G71/><T37/><D1/><U122/><E122/><V5/><F130/><W97/><G72/><T52/><D37/><U77/><E114/><V2/><F19/><W57/><G111/><T133/><D35/><U106/><E106/><V93/><F29/><W38/><G38/><T87/><D133/><U112/><E112/><V94/><F70/><W16/><G134/><T68/><D131/><U101/><E101/><V123/><F123/><W8/><G118/><T64/><D54/><U66/><E66/><V43/><F43/><W126/><G126/><T125/><D125/><U78/><E128/><V115/><F115/><W55/><G56/><T18/><D28/><U96/><E96/><V88/><REACH who="2" step="1"/><F53/><REACH who="2" ten="272,397,111,210" step="2"/><W95/><G4/><T48/><D110/><AGARI ba="0,1" hai="2,5,9,61,63,85,88,93,94,98,103,108,109,110" machi="110" ten="40,8000,1" yaku="1,1,2,1,52,1,54,1,53,0" doraHai="92" doraHaiUra="26" who="2" fromWho="0" sc="272,-80,397,0,111,90,210,0" /><INIT seed="6,0,0,1,2,14" ten="192,397,201,210" oya="2" hai0="20,124,21,57,103,92,63,3,110,115,127,85,111" hai1="109,95,119,113,59,121,2,23,118,128,9,74,34" hai2="100,6,50,39,88,32,26,43,89,42,11,114,78" hai3="44,29,45,38,53,19,108,126,65,125,102,1,82"/><V72/><F114/><W83/><G1/><T18/><D3/><U133/><RYUUKYOKU type="yao9" ba="0,0" sc="192,0,397,0,201,0,210,0" hai1="2,9,23,34,59,74,95,109,113,118,119,121,128,133" /><INIT seed="6,1,0,1,0,76" ten="192,397,201,210" oya="2" hai0="116,53,119,50,102,120,35,79,130,52,121,117,42" hai1="132,84,91,122,131,18,11,93,1,124,13,109,17" hai2="46,47,74,34,73,134,118,6,30,127,55,123,81" hai3="107,90,88,63,58,9,61,89,96,57,66,4,33"/><V0/><F118/><W60/><G33/><T92/><D35/><U125/><E109/><V133/><F123/><N who="0" m="47178" /><D79/><U24/><E131/><V110/><F127/><N who="1" m="48713" /><E132/><N who="2" m="50795" /><F110/><W25/><G25/><T126/><D126/><U36/><E122/><V39/><F39/><W69/><G69/><T83/><D83/><U8/><E36/><V62/><F30/><W2/><REACH who="3" step="1"/><G66/><REACH who="3" ten="192,397,201,200" step="2"/><T77/><D130/><U44/><E24/><V128/><F34/><W75/><G75/><T5/><D119/><U98/><E1/><V115/><F74/><W135/><G135/><T85/><D117/><U12/><E44/><V80/><F73/><W32/><G32/><T22/><D116/><U48/><E48/><V70/><F128/><W20/><G20/><T87/><D22/><U27/><E27/><V3/><F115/><W86/><G86/><AGARI ba="1,1" hai="8,11,12,13,17,18,84,86,91,93,98" m="48713" machi="86" ten="30,1000,0" yaku="18,1" doraHai="76" who="1" fromWho="3" sc="192,0,397,23,201,0,200,-13" /><INIT seed="7,0,0,3,3,28" ten="192,420,201,187" oya="3" hai0="106,98,92,1,120,129,26,113,56,40,42,62,104" hai1="132,67,130,88,9,15,81,131,105,3,47,90,19" hai2="95,109,48,117,63,29,114,24,75,31,64,126,41" hai3="78,16,4,107,116,54,8,125,74,94,11,32,73"/><W66/><G107/><T71/><D1/><U12/><E3/><V84/><F75/><W100/><G116/><T33/><D120/><U5/><E105/><V36/><F36/><W0/><G32/><T89/><D71/><U133/><E67/><V85/><F109/><W55/><G66/><T115/><D129/><N who="1" m="49163" /><E47/><N who="2" m="25711" /><F117/><W52/><G125/><T44/><D106/><U50/><E50/><V27/><F126/><W46/><G46/><T14/><D44/><U123/><E123/><V108/><F114/><N who="0" m="43530" /><D14/><U70/><E70/><V102/><F27/><W122/><G122/><T86/><D26/><U124/><E124/><V39/><F24/><W51/><G51/><T60/><D33/><U127/><E127/><V45/><F39/><W72/><G78/><T82/><D104/><U25/><E25/><V110/><F45/><W61/><G61/><N who="0" m="23659" /><D56/><U34/><E34/><V79/><F108/><W7/><G16/><T2/><D2/><U134/><E81/><V99/><F110/><W49/><G49/><T23/><D23/><AGARI ba="0,0" hai="5,9,12,15,19,23,88,90,132,133,134" m="49163" machi="23" ten="40,5200,0" yaku="20,1,19,1,54,1" doraHai="28" who="1" fromWho="0" sc="192,-52,420,52,201,0,187,0" owari="140,-36.0,472,57.0,201,0.0,187,-21.0" /></mjloggm>