<mjloggm ver="2.3"><GO type="169" lobby="0"/><UN n0="%E3%83%8D%E3%83%BC%E3%83%A0%E3%83%AC%E3%82%B9%EF%BC%97" n1="%E6%99%82%E3%81%AE%E6%BC%82%E6%B3%8A" n2="%E3%82%A6%E3%83%AB%E3%83%88%E3%83%A9%E7%AB%8B%E7%9B%B4" n3="%E6%99%82%E9%9B%A8%E6%A1%9C%28%E7%9C%9F%29" dan="17,16,17,16" rate="2138.51,2108.15,2150.40,2102.53" sx="M,F,M,M"/><TAIKYOKU oya="0"/><INIT seed="0,0,0,2,0,80" ten="250,250,250,250" oya="0" hai0="113,47,4,9,42,43,65,52,129,12,132,120,16" hai1="66,60,33,98,86,93,30,5,41,127,40,32,29" hai2="102,87,54,26,75,62,14,84,6,48,83,116,0" hai3="73,25,67,77,97,46,104,53,119,76,130,10,118"/><T101/><D113/><U23/><E5/><V19/><F116/><W28/><G67/><T38/><D120/><U81/><E127/><V31/><F102/><W13/><G130/><T92/><D129/><U124/><E33/><V128/><F128/><W95/><G104/><T94/><D132/><U21/><E32/><V59/><F0/><W123/><G123/><T89/><D65/><U125/><E30/><V135/><F6/><W55/><G55/><T78/><D78/><N who="1" m="46391" /><E124/><V91/><F135/><W68/><G68/><T8/><D43/><N who="1" m="16459" /><E29/><V7/><F7/><W1/><G1/><T126/><D126/><U3/><E3/><V70/><F75/><W79/><G73/><T50/><D101/><N who="1" m="60623" /><E125/><V99/><F99/><W122/><G122/><T134/><D134/><U71/><E71/><V56/><F70/><W35/><G118/><T109/><D109/><U36/><E36/><V37/><F37/><W88/><G119/><T74/><D74/><U39/><E39/><V111/><F111/><W44/><REACH who="3" step="1"/><G53/><REACH who="3" ten="250,250,250,240" step="2"/><T20/><D52/><U51/><E66/><V15/><F59/><W57/><G57/><T27/><D38/><U100/><E60/><V105/><F62/><W17/><AGARI ba="0,1" hai="10,13,17,25,28,35,44,46,76,77,79,88,95,97" machi="17" ten="30,4000,0" yaku="1,1,0,1,54,1,53,0" doraHai="80" doraHaiUra="114" who="3" fromWho="3" sc="250,-20,250,-10,250,-10,240,50" /><INIT seed="1,0,0,1,2,85" ten="230,240,240,290" oya="1" hai0="76,31,7,107,115,101,12,72,65,6,37,22,81" hai1="124,95,14,10,57,108,52,87,119,110,38,2,13" hai2="71,125,26,54,64,28,33,16,23,103,47,45,99" hai3="77,127,122,75,113,117,80,59,121,109,3,74,63"/><U88/><E38/><V98/><F125/><W132/><G113/><T35/><D115/><U97/><E119/><V44/><F54/><W105/><G117/><T50/><D37/><U134/><E124/><V60/><REACH who="2" step="1"/><F103/><REACH who="2" ten="230,240,230,290" step="2"/><W82/><G127/><T94/><D101/><N who="1" m="60607" /><E134/><V36/><F36/><W25/><G132/><T62/><D65/><U48/><E2/><V53/><F53/><W67/><G3/><T91/><D35/><U130/><E130/><V102/><F102/><W41/><G121/><T18/><D107/><U40/><E40/><V21/><F21/><W66/><G122/><T27/><D22/><U24/><E10/><V17/><F17/><W9/><G105/><T15/><D18/><U84/><E24/><AGARI ba="0,1" hai="16,23,24,26,28,33,44,45,47,60,64,71,98,99" machi="24" ten="40,2600,0" yaku="1,1,54,1,53,0" doraHai="85" doraHaiUra="112" who="2" fromWho="1" sc="230,0,240,-26,230,36,290,0" /><INIT seed="2,0,0,5,5,104" ten="230,214,266,290" oya="2" hai0="10,50,28,98,89,97,127,64,21,99,88,82,29" hai1="40,30,96,68,54,123,69,83,47,65,131,49,38" hai2="81,55,14,1,52,48,36,39,16,103,77,53,125" hai3="71,114,25,9,3,135,107,12,5,59,61,13,46"/><V113/><F1/><W7/><G107/><T86/><D127/><U27/><E96/><V102/><F113/><W33/><G71/><N who="1" m="27210" /><E83/><V57/><F125/><W90/><G90/><T63/><D10/><U87/><E87/><N who="2" m="48559" /><F39/><W134/><G46/><T128/><D128/><U24/><E30/><V8/><F36/><W129/><G129/><T72/><D72/><U58/><E27/><V85/><F85/><W91/><G91/><T62/><D64/><U23/><E23/><V93/><F93/><W37/><G37/><T32/><D32/><U78/><E24/><V117/><F117/><W19/><G114/><T60/><D21/><U70/><E78/><V112/><F112/><W20/><G5/><T43/><REACH who="0" step="1"/><D89/><REACH who="0" ten="220,214,266,290" step="2"/><U106/><E131/><V115/><F115/><W15/><G33/><T67/><D67/><U42/><E123/><V100/><AGARI ba="0,1" hai="8,14,16,48,52,53,55,57,100,102,103" m="48559" machi="100" ten="30,6000,0" yaku="8,1,54,2" doraHai="104" who="2" fromWho="2" sc="220,-20,214,-20,266,70,290,-20" /><INIT seed="2,1,0,1,5,71" ten="200,194,336,270" oya="2" hai0="134,46,36,70,59,47,31,87,106,102,1,16,20" hai1="69,95,100,112,63,116,22,9,48,124,85,107,132" hai2="3,86,74,51,101,98,54,109,56,30,29,60,7" hai3="131,28,52,105,12,76,133,82,41,126,108,118,33"/><V37/><F74/><W13/><G118/><T62/><D70/><U34/><E116/><V65/><F109/><W17/><G108/><T38/><D134/><U80/><E112/><V19/><F37/><W78/><G105/><T91/><D1/><U99/><E34/><V68/><F19/><W84/><G133/><T89/><D31/><U0/><E132/><V67/><F67/><W127/><G41/><T72/><D72/><U21/><E124/><N who="3" m="47658" /><G131/><T44/><D102/><U77/><E107/><V73/><F73/><W81/><G28/><T64/><D106/><U10/><E10/><V120/><F120/><W42/><G42/><T43/><D43/><U49/><E49/><V23/><F23/><W117/><G117/><T26/><REACH who="0" step="1"/><D91/><REACH who="0" ten="190,194,336,270" step="2"/><U57/><E0/><V5/><F3/><W125/><G125/><T15/><D15/><U83/><E69/><V45/><F68/><W32/><G12/><T97/><D97/><U130/><E99/><V40/><F40/><W96/><G96/><T122/><D122/><U55/><E100/><V4/><F98/><W90/><G90/><T18/><D18/><U113/><E113/><V123/><F101/><W115/><G115/><T11/><D11/><U50/><E9/><V8/><F8/><W103/><G103/><T66/><D66/><U119/><E119/><V75/><F123/><W27/><G13/><T88/><D88/><N who="1" m="53647" /><E130/><V25/><F75/><W39/><G17/><T114/><D114/><U135/><E135/><V104/><F104/><W110/><G110/><T53/><D53/><U121/><E121/><V35/><F30/><RYUUKYOKU ba="1,1" sc="190,15,194,-15,336,15,270,-15" hai0="16,20,26,36,38,44,46,47,59,62,64,87,89" hai2="4,5,7,25,29,35,45,51,54,56,60,65,86" /><INIT seed="2,2,1,5,5,90" ten="205,179,351,255" oya="2" hai0="7,113,95,104,84,132,34,18,44,74,13,22,77" hai1="130,103,108,107,72,110,99,42,36,37,79,19,116" hai2="60,112,32,53,94,47,20,96,117,106,69,73,45" hai3="8,4,50,15,134,0,101,52,81,120,40,111,35"/><V11/><F112/><W29/><G120/><T123/><D123/><U119/><E19/><V57/><F32/><W89/><G111/><N who="1" m="42538" /><E42/><V5/><F106/><W71/><G71/><T3/><D113/><U17/><E17/><V88/><F117/><N who="1" m="45129" /><E37/><V16/><F73/><W97/><G40/><T129/><D34/><U12/><E12/><N who="2" m="5231" /><F69/><W56/><G134/><T133/><D3/><U38/><E38/><V2/><F2/><W78/><G29/><T26/><D7/><U135/><E36/><V6/><F6/><W62/><G35/><T10/><D10/><U124/><E124/><V128/><F128/><W70/><G70/><T39/><D13/><AGARI ba="2,1" hai="13,16,20,45,47,53,57,60,88,94,96" m="5231" machi="13" ten="30,11600,0" yaku="8,1,52,1,54,2" doraHai="90" who="2" fromWho="0" sc="205,-122,179,0,351,132,255,0" /><INIT seed="2,3,0,1,5,64" ten="83,179,483,255" oya="2" hai0="116,90,112,72,49,124,41,42,58,122,79,63,119" hai1="31,35,102,69,125,103,43,20,50,14,52,75,113" hai2="121,93,98,114,48,5,21,2,123,76,78,84,36" hai3="97,3,23,34,117,1,95,132,15,24,18,92,40"/><V104/><F36/><W120/><G120/><T59/><D112/><U101/><E113/><V22/><F114/><W44/><G117/><N who="0" m="45131" /><D90/><U88/><E75/><V131/><F131/><W12/><G132/><T106/><D106/><U55/><E125/><V108/><F108/><W105/><G105/><T85/><D85/><U81/><E35/><V130/><F130/><W80/><G80/><N who="0" m="45159" /><D122/><U71/><E43/><V83/><F104/><W67/><G67/><N who="0" m="39415" /><D124/><U51/><E51/><V28/><F78/><W126/><G126/><T54/><AGARI ba="3,0" hai="41,42,49,54,59" m="39415,45159,45131" machi="54" ten="30,1100,0" yaku="12,1" doraHai="64" who="0" fromWho="0" sc="83,20,179,-6,483,-8,255,-6" /><INIT seed="3,0,0,5,5,14" ten="103,173,475,249" oya="3" hai0="95,56,36,31,69,88,130,45,29,135,12,19,101" hai1="112,90,116,4,53,83,87,26,61,72,114,73,46" hai2="67,131,102,106,47,129,52,2,59,68,128,85,17" hai3="28,70,84,58,100,75,134,24,109,99,71,104,5"/><W13/><G75/><T27/><D69/><U117/><E4/><V11/><F47/><W34/><G134/><T60/><D135/><U64/><E46/><V37/><F37/><W65/><G109/><T23/><D130/><U78/><E53/><V8/><F2/><W41/><G41/><T40/><D101/><U9/><E9/><V119/><F119/><N who="1" m="45641" /><E26/><V51/><F85/><W82/><G13/><T111/><D111/><U80/><E61/><N who="2" m="40047" /><F17/><W20/><G5/><T118/><D118/><U66/><E66/><V43/><F43/><W110/><G110/><T30/><D12/><U49/><E49/><V96/><AGARI ba="0,0" hai="8,11,51,52,59,96,102,106,128,129,131" m="40047" machi="96" ten="40,2700,0" yaku="19,1,54,1" doraHai="14" who="2" fromWho="2" sc="103,-7,173,-7,475,27,249,-13" /><INIT seed="4,0,0,4,2,134" ten="96,166,502,236" oya="0" hai0="103,63,20,80,25,92,1,15,53,16,21,48,57" hai1="85,76,0,121,87,24,95,40,123,82,96,38,58" hai2="105,62,107,72,19,116,100,36,88,119,117,50,31" hai3="6,22,65,13,129,67,39,35,10,131,109,29,78"/><T37/><D37/><U86/><E0/><V23/><F36/><W26/><G109/><T47/><D1/><U66/><E24/><V84/><F72/><W33/><G39/><T120/><D120/><N who="1" m="46155" /><E40/><V127/><F127/><W101/><G101/><T97/><D80/><U28/><E28/><V51/><F31/><W114/><G78/><T17/><REACH who="0" step="1"/><D63/><REACH who="0" ten="86,166,502,236" step="2"/><U122/><E38/><V30/><F62/><W60/><G60/><T115/><D115/><U45/><E122/><V54/><F117/><W4/><G114/><T102/><D102/><U12/><E82/><V79/><F100/><W61/><G61/><T110/><D110/><U56/><E66/><V27/><F119/><W93/><G67/><T64/><D64/><U81/><E81/><V135/><F116/><W34/><G65/><T14/><D14/><U7/><E12/><V108/><F108/><W133/><G133/><T69/><D69/><U99/><E76/><V124/><F79/><W2/><G93/><T125/><D125/><U104/><E95/><N who="2" m="54663" /><F124/><W70/><G70/><T91/><D91/><U128/><E104/><V90/><F90/><W11/><AGARI ba="0,1" hai="2,4,6,10,11,13,22,26,29,33,34,35,129,131" machi="11" ten="40,8000,1" yaku="0,1,34,3" doraHai="134" who="3" fromWho="3" sc="86,-40,166,-20,502,-20,236,90" /><INIT seed="5,0,0,1,4,37" ten="46,146,482,326" oya="1" hai0="88,128,22,101,35,107,64,72,129,95,127,79,119" hai1="81,29,94,96,52,0,108,69,106,43,124,17,25" hai2="32,67,47,57,73,46,48,76,59,123,68,84,92" hai3="66,7,20,30,100,1,63,134,115,38,89,5,12"/><U90/><E69/><V26/><F73/><W49/><G115/><T74/><D35/><U27/><E0/><V51/><F123/><W125/><G38/><T31/><D64/><U97/><E124/><V14/><F14/><W133/><G1/><T65/><D65/><U80/><E108/><V112/><F112/><W103/><G49/><T60/><D60/><U44/><E106/><V55/><F32/><W28/><G125/><T39/><D39/><U130/><E96/><V71/><F26/><N who="1" m="9737" /><E29/><V77/><F84/><W19/><G89/><T33/><D33/><U82/><E17/><V3/><F3/><W2/><G2/><T87/><D22/><U34/><E34/><V102/><F67/><W122/><G122/><T99/><D31/><U78/><E130/><N who="0" m="50281" /><D127/><U61/><E78/><V104/><F102/><N who="3" m="38955" /><G63/><T85/><D119/><U41/><E61/><V36/><F68/><W13/><G66/><T91/><D79/><U83/><N who="1" m="20992" /><DORA hai="58" /><U23/><E23/><V132/><F71/><W8/><G5/><T120/><D120/><U113/><E113/><V45/><F76/><W93/><G28/><T110/><D110/><U114/><E114/><V62/><F77/><W9/><G93/><AGARI ba="0,0" hai="72,74,85,87,88,91,93,95,99,101,107" m="50281" machi="93" ten="30,7700,0" yaku="19,1,34,2,54,1" doraHai="37,58" who="0" fromWho="3" sc="46,77,146,0,482,0,326,-77" /><INIT seed="6,0,0,1,5,41" ten="123,146,482,249" oya="2" hai0="127,59,50,134,0,11,23,95,99,80,30,130,106" hai1="55,119,73,102,61,69,24,105,65,26,49,32,93" hai2="64,45,8,18,39,132,87,128,110,25,35,44,12" hai3="116,40,125,82,71,135,84,120,28,67,51,121,22"/><V2/><F39/><W29/><G116/><T9/><D106/><U78/><E119/><V62/><F128/><W58/><G71/><T126/><D130/><U96/><E32/><V81/><F132/><W79/><G135/><T90/><D134/><U122/><E122/><V66/><F2/><W21/><G121/><T13/><D0/><U76/><E105/><V46/><F110/><W57/><G125/><N who="0" m="47627" /><D80/><U54/><E54/><V111/><F111/><W124/><G124/><T42/><D59/><N who="3" m="22537" /><G67/><N who="2" m="25641" /><F35/><W129/><G129/><T60/><D60/><U133/><E133/><V89/><F25/><W4/><G4/><T1/><D1/><U112/><E26/><V91/><F91/><W31/><G120/><T118/><D118/><U17/><E24/><V104/><F104/><W20/><G51/><T3/><D3/><U85/><E49/><V6/><F6/><W101/><G101/><T83/><D83/><U36/><E102/><V34/><F34/><W52/><G40/><T100/><D100/><U38/><E61/><AGARI ba="0,0" hai="8,12,18,44,45,46,61,62,81,87,89" m="25641" machi="61" ten="30,11600,0" yaku="8,1,52,3" doraHai="41" who="2" fromWho="1" sc="123,0,146,-116,482,116,249,0" /><INIT seed="6,1,0,4,0,47" ten="123,30,598,249" oya="2" hai0="64,52,65,69,10,32,79,56,27,118,6,113,57" hai1="72,42,30,1,110,99,117,7,82,90,49,46,28" hai2="124,39,133,123,97,55,85,48,70,105,91,53,37" hai3="126,22,25,18,16,134,106,8,96,119,31,98,92"/><V80/><F70/><W61/><G119/><T88/><D113/><U13/><E110/><V67/><F67/><W100/><G134/><T15/><D118/><U35/><E117/><V51/><F123/><W77/><G77/><T111/><D111/><U71/><E71/><V120/><F120/><W112/><G112/><T40/><D40/><U84/><E35/><V81/><F124/><W0/><G126/><T101/><D101/><U36/><E1/><V4/><F4/><W95/><G106/><T87/><D79/><U116/><E116/><V115/><F115/><W66/><G8/><T93/><D69/><U54/><E72/><V33/><F33/><W103/><G0/><T38/><D38/><U135/><E135/><V94/><F105/><W76/><REACH who="3" step="1"/><G76/><REACH who="3" ten="123,30,598,239" step="2"/><T129/><D129/><U125/><E125/><V86/><F133/><W26/><G26/><T44/><D27/><U60/><E60/><V73/><F73/><W3/><G3/><T109/><D109/><U50/><E36/><V68/><F37/><W20/><G20/><T102/><D32/><U59/><REACH who="1" step="1"/><E99/><REACH who="1" ten="123,20,598,239" step="2"/><V11/><F39/><W78/><G78/><T74/><D74/><U104/><E104/><V17/><F97/><W12/><G12/><T2/><D2/><U131/><E131/><V29/><F68/><AGARI ba="1,2" hai="16,18,22,25,31,61,66,68,92,95,96,98,100,103" machi="68" ten="30,8000,1" yaku="1,1,7,1,9,1,54,1,53,1" doraHai="47" doraHaiUra="19" who="3" fromWho="2" sc="123,0,20,0,598,-83,239,103" /><INIT seed="7,0,0,3,1,10" ten="123,20,515,342" oya="3" hai0="85,62,76,56,49,19,15,58,133,38,83,107,77" hai1="52,100,26,75,16,81,91,61,44,31,132,13,17" hai2="114,135,2,64,99,117,131,129,92,4,74,41,102" hai3="55,12,43,104,112,46,119,22,115,23,73,125,11"/><W87/><G119/><T124/><D38/><U90/><E132/><V78/><F117/><W97/><G73/><T98/><D133/><U45/><E100/><V86/><F64/><W82/><G125/><T126/><D77/><U7/><E7/><V14/><F2/><W89/><G97/><T20/><D107/><U103/><E103/><V123/><F41/><W25/><G104/><T105/><D105/><U111/><E111/><V29/><F29/><W68/><G68/><T63/><D98/><U113/><E113/><N who="3" m="43594" /><G25/><T134/><D134/><U95/><E75/><V30/><F74/><W8/><G55/><T88/><D49/><U101/><E101/><V0/><F102/><W127/><G127/><T48/><D48/><U57/><E81/><V116/><F99/><W1/><G1/><T69/><D69/><U47/><E95/><V121/><F0/><W37/><G8/><T3/><D3/><U110/><E110/><V65/><F116/><W84/><G87/><T53/><D124/><U80/><E80/><N who="2" m="47383" /><F135/><W70/><G70/><T72/><D72/><U130/><E130/><V109/><F114/><W71/><G71/><T96/><D126/><U27/><E17/><V33/><F109/><W40/><G43/><T34/><D34/><U39/><E39/><V120/><F65/><W18/><AGARI ba="0,0" hai="11,12,18,22,23,37,40,46,82,84,89" m="43594" machi="18" ten="30,3000,0" yaku="15,1,52,1" doraHai="10" who="3" fromWho="3" sc="123,-10,20,-10,515,-10,342,30" /><INIT seed="7,1,0,5,0,21" ten="113,10,505,372" oya="3" hai0="16,8,26,85,77,35,101,58,20,1,36,79,37" hai1="48,24,90,111,56,46,6,95,32,72,80,45,114" hai2="125,122,34,117,105,112,107,19,99,15,128,63,69" hai3="100,54,118,22,130,75,7,93,11,120,89,66,92"/><W83/><G120/><T2/><D101/><U25/><E32/><V38/><RYUUKYOKU type="yao9" ba="1,0" sc="113,0,10,0,505,0,372,0" hai2="15,19,34,38,63,69,99,105,107,112,117,122,125,128" /><INIT seed="7,2,0,2,3,101" ten="113,10,505,372" oya="3" hai0="9,56,107,51,76,6,33,24,31,47,98,43,134" hai1="58,125,81,95,0,119,82,108,66,112,20,103,49" hai2="22,4,52,69,122,30,111,3,113,115,17,40,91" hai3="2,105,73,93,34,11,59,45,62,50,63,129,39"/><W126/><G73/><T70/><D70/><U75/><E0/><V37/><F69/><W120/><G120/><T100/><D134/><U53/><E108/><V121/><F111/><W23/><G34/><T130/><D130/><U54/><E112/><N who="2" m="43083" /><F30/><W68/><G129/><T10/><D76/><U35/><E35/><V15/><F52/><W127/><G105/><T71/><D71/><U5/><E125/><N who="3" m="47626" /><G39/><T8/><D56/><U110/><E119/><V106/><F106/><W135/><G135/><T97/><D97/><U44/><E110/><V104/><F104/><W13/><G68/><T131/><D131/><U61/><E75/><V72/><F72/><W85/><G59/><T65/><D65/><U42/><E5/><V74/><F74/><W21/><G2/><T109/><D109/><U86/><E54/><V123/><F91/><N who="3" m="53487" /><G23/><T27/><D27/><U128/><E128/><V12/><F3/><AGARI ba="2,0" hai="3,6,8,9,10,24,31,33,43,47,51,98,100,107" machi="3" ten="30,2000,0" yaku="7,1,52,1" doraHai="101" who="0" fromWho="2" sc="113,26,10,0,505,-26,372,0" owari="139,-26.0,10,-49.0,479,58.0,372,17.0" /></mjloggm>