<mjloggm ver="2.3"><GO type="169" lobby="0"/><UN n0="%E5%A4%A9%E9%BC%93" n1="%E3%83%8B%E3%83%A3%E3%83%83%E3%83%94%E3%83%BC%E5%A4%8F%E7%9B%AE" n2="%E3%81%B7%E3%81%84%E3%81%AB%E3%82%85" n3="%E3%82%A6%E3%83%AB%E3%83%88%E3%83%A9%E7%AB%8B%E7%9B%B4" dan="18,16,16,16" rate="2166.99,2065.56,2083.00,2127.72" sx="M,M,M,M"/><TAIKYOKU oya="0"/><INIT seed="0,0,0,5,0,120" ten="250,250,250,250" oya="0" hai0="108,73,40,107,3,90,41,59,83,127,17,118,55" hai1="67,11,84,63,37,105,13,2,104,135,94,51,102" hai2="42,81,125,117,60,132,44,109,28,110,71,58,70" hai3="7,87,52,21,95,124,131,119,45,122,93,19,96"/><T123/><D123/><U15/><E37/><V88/><F117/><W20/><G119/><T79/><D118/><U31/><E135/><V121/><F121/><W39/><G122/><T113/><D113/><U14/><E51/><V134/><F28/><W128/><G7/><T25/><D3/><U0/><E31/><V46/><F81/><W16/><G87/><T56/><D107/><U92/><E92/><V30/><F30/><W111/><G124/><T62/><D127/><U75/><E75/><V1/><F1/><W23/><G111/><N who="2" m="42505" /><F125/><W38/><G96/><T24/><D108/><U48/><E11/><V86/><F86/><W6/><G6/><T53/><D90/><U50/><E0/><V35/><F88/><W27/><G21/><T116/><D116/><U5/><E2/><V54/><F35/><W18/><G23/><T77/><D17/><U49/><E5/><V34/><F34/><W72/><G19/><T32/><D32/><U99/><REACH who="1" step="1"/><E84/><REACH who="1" ten="250,240,250,250" step="2"/><V97/><F97/><W66/><G18/><T26/><D73/><U112/><E112/><V61/><F61/><W98/><G16/><T80/><D80/><U12/><N who="1" m="3072" /><DORA hai="129" /><U76/><E76/><N who="0" m="29257" /><D83/><U89/><E89/><V103/><F103/><W115/><G115/><T22/><D22/><U69/><AGARI ba="0,1" hai="48,49,50,63,67,69,94,99,102,104,105" m="3072" machi="69" ten="50,6400,0" yaku="1,1,0,1,53,1" doraHai="120,129" doraHaiUra="29,57" who="1" fromWho="1" sc="250,-32,240,74,250,-16,250,-16" /><INIT seed="1,0,0,0,4,65" ten="218,314,234,234" oya="1" hai0="63,55,50,62,126,105,98,88,135,78,20,3,57" hai1="112,31,102,9,67,97,15,48,27,0,101,69,121" hai2="21,122,61,125,22,87,35,45,124,92,119,100,56" hai3="76,90,26,81,12,52,117,38,71,23,132,107,104"/><U111/><E112/><V25/><F122/><W68/><G38/><T54/><D3/><U115/><E115/><V106/><F106/><W29/><G132/><T43/><D135/><U51/><E121/><V58/><F35/><W116/><G90/><T80/><D126/><U44/><E0/><V79/><F79/><W30/><G12/><T34/><D34/><U85/><E85/><V108/><F108/><W24/><G52/><T32/><D32/><U133/><E133/><V37/><F37/><W128/><G128/><T40/><D20/><U64/><E111/><V134/><F45/><W6/><G6/><T93/><D105/><U114/><E114/><V84/><F134/><W1/><G1/><T17/><D17/><U33/><E102/><V19/><F119/><N who="3" m="45643" /><G107/><T53/><D63/><U91/><E91/><V13/><F100/><W42/><G42/><T72/><REACH who="0" step="1"/><D53/><REACH who="0" ten="208,314,234,234" step="2"/><U8/><E33/><V7/><F125/><W5/><G104/><T10/><D10/><U130/><E8/><V82/><F124/><W120/><G5/><T99/><D99/><U89/><E97/><V60/><F7/><W95/><G120/><T14/><D14/><U39/><E15/><V127/><F127/><W131/><G131/><T16/><D16/><U113/><E130/><V103/><F13/><W77/><G26/><T94/><D94/><U86/><E27/><V4/><F92/><W18/><G95/><T66/><D66/><U49/><E67/><V75/><F25/><W46/><G24/><T109/><D109/><U47/><E9/><V96/><F96/><W73/><G23/><RYUUKYOKU ba="0,1" sc="208,30,314,-10,234,-10,234,-10" hai0="40,43,50,54,55,57,62,72,78,80,88,93,98" /><INIT seed="2,1,1,4,0,91" ten="238,304,224,224" oya="2" hai0="49,32,117,132,66,52,50,44,108,92,107,47,126" hai1="78,34,33,15,116,121,0,129,104,16,118,67,79" hai2="112,36,53,60,48,10,111,40,88,4,51,8,90" hai3="97,56,25,28,127,7,123,110,62,64,130,71,128"/><V77/><F36/><W65/><G123/><T57/><D107/><U82/><E104/><V29/><F77/><W14/><G110/><T80/><D108/><U18/><E67/><V38/><F38/><W72/><G72/><T106/><D106/><U105/><E105/><V12/><F29/><W114/><G127/><T95/><D32/><U81/><E15/><V109/><F112/><W99/><G114/><T6/><D126/><U83/><E0/><V20/><F20/><W135/><G135/><T43/><D132/><U68/><E68/><V37/><F37/><W59/><G14/><T89/><D6/><U102/><E102/><V45/><F60/><N who="3" m="37895" /><G7/><T73/><D117/><U27/><E27/><V125/><F125/><W134/><G71/><T70/><D70/><U5/><E5/><V75/><F75/><W41/><G41/><T13/><D13/><U98/><E82/><V74/><F74/><W54/><G65/><T133/><D133/><U100/><E100/><V2/><F111/><W84/><G134/><T115/><D115/><U93/><E129/><N who="3" m="49770" /><G84/><N who="0" m="50311" /><D73/><U61/><E121/><V9/><F109/><W55/><G55/><N who="0" m="30143" /><D66/><U3/><E3/><V101/><F2/><W119/><G119/><T26/><D26/><U17/><E118/><V23/><F101/><W94/><G25/><T22/><D22/><U39/><E116/><V63/><F4/><W42/><G28/><T30/><D30/><U87/><E39/><V131/><F131/><W103/><G42/><T35/><D35/><U1/><E34/><V58/><F63/><AGARI ba="1,1" hai="43,44,50,52,57,63,92,95" m="30143,50311" machi="63" ten="30,7700,0" yaku="8,1,52,2,54,1" doraHai="91" who="0" fromWho="2" sc="238,90,304,0,224,-80,224,0" /><INIT seed="3,0,0,2,1,63" ten="328,304,144,224" oya="3" hai0="65,51,129,32,9,127,34,85,67,130,132,11,134" hai1="25,72,30,60,49,123,6,35,57,37,89,40,107" hai2="80,36,52,113,8,135,15,53,33,0,100,21,10" hai3="111,102,29,94,92,20,74,95,106,93,38,66,13"/><W12/><G106/><T14/><D127/><U27/><E123/><V109/><F33/><N who="0" m="12906" /><D51/><U98/><E72/><V26/><F36/><W112/><G112/><T108/><D85/><U31/><E6/><V61/><F109/><W64/><G74/><T117/><D108/><U48/><E37/><V2/><F135/><N who="0" m="51754" /><D9/><U126/><E40/><V43/><F100/><W50/><G38/><T115/><D117/><U73/><E73/><V71/><F43/><W3/><G3/><T82/><D82/><U47/><E126/><V28/><F113/><W19/><G111/><T22/><D22/><U56/><E47/><V124/><F124/><W114/><G114/><T7/><D115/><U121/><E121/><V45/><F45/><W5/><G29/><T76/><D76/><U55/><E56/><V91/><F10/><N who="3" m="4175" /><G50/><T101/><D101/><U131/><E49/><V68/><F68/><W128/><G128/><AGARI ba="0,0" hai="7,11,14,65,67,128,129,130" m="51754,12906" machi="128" ten="40,8000,1" yaku="19,1,20,1,52,2" doraHai="63" who="0" fromWho="3" sc="328,80,304,0,144,0,224,-80" /><INIT seed="4,0,0,0,3,100" ten="408,304,144,144" oya="0" hai0="26,27,37,81,9,29,122,59,119,80,49,47,75" hai1="62,116,63,39,115,24,93,74,58,92,99,127,35" hai2="104,11,61,33,19,56,42,117,130,4,133,106,28" hai3="91,52,30,5,95,121,21,23,77,89,90,96,64"/><T55/><D122/><U25/><E39/><V86/><F42/><W69/><G121/><T16/><D119/><U113/><E74/><V3/><F133/><W120/><G120/><T67/><D75/><U15/><E116/><V7/><F7/><W109/><G109/><T38/><D38/><U78/><E78/><V68/><F68/><W88/><G77/><T66/><D37/><U57/><E127/><V108/><F108/><W60/><G5/><T1/><D1/><U6/><E15/><V10/><F130/><W14/><G30/><T12/><D27/><N who="1" m="10315" /><E6/><V32/><F28/><W123/><G123/><T134/><D134/><U98/><E35/><V36/><F36/><W110/><G110/><T114/><D114/><N who="1" m="43531" /><E93/><V51/><F33/><W71/><G14/><T41/><D81/><U83/><E83/><V45/><F32/><W46/><REACH who="3" step="1"/><G71/><REACH who="3" ten="408,304,144,134" step="2"/><T125/><D125/><U132/><E132/><V73/><F117/><W2/><G2/><T135/><D135/><U105/><E105/><V103/><F104/><W118/><G118/><T101/><D29/><U97/><E92/><V43/><F106/><W13/><G13/><T112/><D26/><U82/><E82/><V85/><F73/><W84/><G84/><T48/><D112/><U70/><E70/><V79/><F79/><W107/><G107/><T0/><D80/><U129/><E129/><V31/><F31/><W40/><G40/><T94/><D0/><U54/><E99/><AGARI ba="0,1" hai="9,12,16,41,47,48,49,55,59,66,67,94,99,101" machi="99" ten="40,3900,0" yaku="8,1,54,1" doraHai="100" who="0" fromWho="1" sc="408,49,304,-39,144,0,134,0" /><INIT seed="4,1,0,1,1,97" ten="457,265,144,134" oya="0" hai0="65,129,1,11,63,6,38,66,107,115,32,41,51" hai1="112,135,90,85,34,123,3,93,104,25,126,47,67" hai2="36,59,117,118,122,29,131,50,4,110,121,79,128" hai3="60,31,61,20,2,132,24,101,111,108,78,21,71"/><T83/><D115/><U74/><E3/><V35/><F79/><W10/><G78/><T46/><D129/><N who="2" m="49738" /><F36/><W43/><G43/><T49/><D32/><U80/><E123/><N who="2" m="47115" /><F50/><W0/><G132/><T76/><D107/><U114/><E104/><V134/><F59/><W82/><G82/><T98/><D98/><U55/><E135/><V125/><F134/><W89/><G89/><T103/><D103/><U8/><E126/><V69/><F69/><W96/><G71/><T9/><D9/><U70/><E67/><V73/><F73/><W62/><G20/><T58/><REACH who="0" step="1"/><D66/><REACH who="0" ten="447,265,144,134" step="2"/><U130/><E8/><V15/><F125/><W91/><G10/><T75/><AGARI ba="1,1" hai="1,6,11,38,41,46,49,51,58,63,65,75,76,83" machi="75" ten="20,18000,2" yaku="1,1,2,1,0,1,7,1,25,2,53,0" doraHai="97" doraHaiUra="119" who="0" fromWho="0" sc="447,193,265,-61,144,-61,134,-61" /><INIT seed="4,2,0,0,2,44" ten="640,204,83,73" oya="0" hai0="18,88,103,89,134,58,65,38,116,91,9,8,70" hai1="52,125,106,50,42,87,28,101,15,63,14,7,128" hai2="92,73,54,39,131,67,117,132,79,31,47,1,113" hai3="115,127,77,33,40,98,53,75,13,61,49,37,93"/><T60/><D116/><U41/><E128/><V85/><F73/><W83/><G33/><T62/><D38/><U130/><E130/><V22/><F1/><W32/><G32/><T82/><D134/><U19/><E125/><V90/><F113/><W51/><G115/><T123/><D123/><U55/><E106/><V118/><F67/><W109/><G109/><T17/><D103/><U4/><E101/><V11/><F11/><N who="0" m="4170" /><D70/><U26/><E87/><V97/><F132/><W122/><G127/><T69/><D69/><U12/><E63/><N who="0" m="24105" /><D82/><U108/><E108/><V81/><F39/><W78/><G122/><T35/><D35/><U57/><E55/><V45/><F131/><W29/><G37/><T21/><D21/><N who="1" m="13631" /><E28/><V48/><REACH who="2" step="1"/><F47/><REACH who="2" ten="640,204,73,73" step="2"/><W25/><G75/><T120/><D120/><U34/><E34/><V59/><F59/><W20/><G40/><AGARI ba="2,1" hai="4,7,12,14,15,40,41,42,50,52,57" m="13631" machi="40" ten="30,3900,0" yaku="8,1,52,1,54,1" doraHai="44" who="1" fromWho="3" sc="640,0,204,55,73,0,73,-45" /><INIT seed="5,0,0,3,0,21" ten="640,259,73,28" oya="1" hai0="74,63,107,87,57,80,38,106,73,20,1,22,44" hai1="127,78,6,72,5,68,96,129,99,30,60,25,0" hai2="32,116,117,77,86,115,92,69,120,62,67,29,47" hai3="109,98,93,103,65,104,123,11,84,27,82,3,8"/><U54/><E129/><V124/><F120/><W130/><G123/><T88/><D1/><U94/><E127/><V53/><F115/><W4/><G109/><T128/><D128/><U97/><E0/><V91/><F124/><W101/><G130/><T50/><D38/><U90/><E72/><V52/><F77/><W43/><G65/><T26/><D20/><N who="1" m="15655" /><E68/><V75/><F75/><W51/><G11/><T71/><D71/><U76/><E76/><V18/><F18/><W59/><G103/><T36/><D36/><U10/><E78/><V119/><REACH who="2" step="1"/><F47/><REACH who="2" ten="640,259,63,28" step="2"/><W34/><G104/><T7/><D74/><U58/><E10/><V70/><F70/><W2/><G8/><T35/><D73/><U113/><E113/><V114/><F114/><W135/><G4/><AGARI ba="0,1" hai="4,5,6,54,58,60,90,94,96,97,99" m="15655" machi="4" ten="30,2900,0" yaku="8,1,52,1" doraHai="21" who="1" fromWho="3" sc="640,0,259,39,63,0,28,-29" owari="640,74.0,298,10.0,63,-34.0,-1,-50.0" /></mjloggm>