<mjloggm ver="2.3"><GO type="225" lobby="0"/><UN n0="%E5%B0%B1%E6%B4%BB%E7%94%9F%40%E5%B7%9D%E6%9D%91%E8%BB%8D%E5%9B%A3" n1="%E6%9C%80%E5%BC%B7%E6%9C%80%E5%BE%8C" n2="%E3%81%BF%E3%81%BF%E3%81%9A" n3="%E3%82%86%E3%81%86%E5%A0%95%E5%A4%A9%E4%BD%BF" dan="17,16,16,17" rate="2164.29,2134.51,2139.80,2165.29" sx="M,M,M,F"/><TAIKYOKU oya="0"/><INIT seed="0,0,0,0,1,132" ten="250,250,250,250" oya="0" hai0="50,43,80,86,102,44,74,134,67,59,40,48,46" hai1="92,94,131,5,113,27,18,34,53,36,81,109,78" hai2="63,117,1,121,115,31,42,96,24,105,61,21,19" hai3="12,89,47,56,13,70,82,10,93,98,30,97,120"/><T116/><D116/><U72/><E109/><V64/><F121/><W45/><G120/><T16/><D134/><U103/><E113/><V54/><F115/><W68/><G30/><T28/><D28/><U62/><E131/><V35/><F117/><W76/><G97/><T133/><D133/><U51/><E36/><V119/><F119/><W118/><G13/><T108/><D108/><U6/><E62/><V79/><F79/><W0/><G0/><T57/><D102/><U101/><E34/><V32/><F42/><W49/><G56/><T37/><D74/><U100/><E5/><V9/><F54/><W135/><G135/><T125/><D125/><U22/><REACH who="1" step="1"/><E6/><REACH who="1" ten="250,240,250,250" step="2"/><N who="2" m="1231" /><F35/><W88/><G118/><T23/><D37/><U7/><E7/><V104/><F63/><W95/><G49/><T77/><REACH who="0" step="1"/><D67/><REACH who="0" ten="240,240,250,250" step="2"/><U38/><E38/><V85/><F64/><W124/><G124/><T75/><D75/><U60/><E60/><V99/><F61/><W8/><G70/><T4/><D4/><U91/><E91/><V3/><F3/><W58/><G68/><T17/><D17/><U106/><E106/><V69/><F69/><W122/><G122/><T2/><D2/><U114/><E114/><V112/><F112/><W128/><G89/><T107/><D107/><N who="2" m="41034" /><F19/><W130/><G88/><T11/><D11/><U83/><E83/><V65/><F65/><W73/><G82/><T33/><D33/><U25/><E25/><AGARI ba="0,2" hai="16,23,25,40,43,44,46,48,50,57,59,77,80,86" machi="25" ten="30,18000,2" yaku="1,1,7,1,9,1,8,1,54,1,53,1" doraHai="132" doraHaiUra="14" who="0" fromWho="1" sc="240,200,240,-180,250,0,250,0" /><INIT seed="0,1,0,4,5,5" ten="440,60,250,250" oya="0" hai0="38,37,123,67,111,86,53,54,102,98,81,133,55" hai1="115,109,105,85,63,82,61,66,39,19,64,80,15" hai2="87,79,1,135,118,45,6,78,130,77,116,110,69" hai3="104,73,112,97,12,132,17,83,18,96,40,120,90"/><T46/><D123/><U95/><E39/><V72/><F69/><W9/><G112/><T113/><D113/><U34/><E105/><V4/><F72/><W57/><G120/><T41/><D67/><U65/><E34/><V50/><F110/><W84/><G132/><T44/><D133/><U42/><E109/><V49/><F135/><W25/><G73/><T125/><D125/><U100/><E42/><V122/><F122/><W91/><G40/><T121/><D121/><U114/><E115/><V0/><F87/><W71/><G71/><T134/><D134/><U127/><E114/><V103/><F103/><W14/><G25/><T21/><D21/><U119/><E127/><V51/><F45/><W56/><G104/><T13/><D13/><U3/><E3/><N who="2" m="1099" /><F130/><W48/><G48/><T31/><D31/><U106/><E106/><V26/><F26/><W62/><G91/><T88/><D111/><U11/><E119/><AGARI ba="1,0" hai="4,6,49,50,51,77,78,79,116,118,119" m="1099" machi="119" ten="40,5200,0" yaku="28,2,12,1" doraHai="5" who="2" fromWho="1" sc="440,0,60,-55,250,55,250,0" /><INIT seed="1,0,0,2,4,107" ten="440,5,305,250" oya="1" hai0="87,13,42,96,134,55,89,60,91,4,10,95,63" hai1="111,43,122,51,100,80,121,18,46,29,45,2,23" hai2="67,31,35,88,105,109,69,53,17,79,14,33,127" hai3="41,86,66,68,132,119,21,98,73,22,75,12,38"/><U44/><E2/><V77/><F105/><W130/><G98/><T76/><D134/><U15/><E111/><V74/><F109/><W92/><G92/><N who="0" m="54335" /><D42/><U0/><E0/><V32/><F127/><W39/><G86/><T129/><D129/><U54/><E121/><V64/><F31/><W101/><G101/><T128/><D128/><U27/><E122/><V110/><F110/><W118/><G130/><T71/><D71/><U90/><E100/><V94/><F69/><W84/><G84/><T16/><D76/><U112/><E112/><V48/><F67/><W93/><G93/><T40/><D40/><U104/><E104/><V26/><F26/><W47/><G39/><T24/><D55/><U97/><E43/><V28/><F28/><W7/><G21/><AGARI ba="0,0" hai="4,10,13,16,21,24,60,63,91,95,96" m="54335" machi="21" ten="30,2000,0" yaku="8,1,54,1" doraHai="107" who="0" fromWho="3" sc="440,20,5,0,305,0,250,-20" /><INIT seed="2,0,0,5,3,69" ten="460,5,305,230" oya="2" hai0="48,49,65,61,95,38,122,54,126,18,12,117,73" hai1="14,55,79,67,30,75,50,109,31,57,68,107,123" hai2="27,112,47,104,70,8,59,52,116,124,44,82,115" hai3="66,80,41,60,33,113,3,83,72,74,119,9,100"/><V20/><F116/><W35/><G41/><T92/><D38/><U29/><E107/><V36/><F70/><W87/><G100/><T17/><D73/><U99/><E123/><V56/><F104/><W22/><G22/><T128/><D122/><U133/><E109/><V132/><F8/><W5/><G83/><T10/><D128/><U0/><E133/><V16/><F132/><W86/><G86/><T94/><D126/><U108/><E108/><V34/><F124/><W98/><G98/><T40/><D40/><U135/><E0/><V121/><F121/><W114/><G119/><T84/><D117/><U1/><E135/><V102/><F102/><W39/><G39/><T106/><D106/><U6/><E1/><V2/><F2/><W129/><G129/><T43/><D43/><U71/><E75/><N who="3" m="28714" /><G87/><T11/><D84/><U130/><E79/><V45/><F36/><W26/><G80/><T110/><D110/><U21/><E99/><V103/><F103/><W37/><G37/><T28/><D28/><N who="1" m="10859" /><E130/><V131/><F131/><W58/><G26/><T134/><D134/><U85/><E67/><V19/><F34/><W42/><G42/><T76/><D76/><U127/><E127/><V97/><F97/><W63/><G63/><T81/><D81/><U24/><E85/><V62/><F82/><W125/><G125/><T32/><D32/><U88/><E88/><V25/><F59/><W46/><G46/><T93/><D93/><U51/><E51/><V7/><F7/><W111/><G111/><T53/><D49/><U105/><E105/><V15/><F27/><RYUUKYOKU ba="0,0" sc="460,-30,5,10,305,10,230,10" hai1="6,14,21,24,31,50,55,57,68,71" hai2="15,16,19,20,25,44,45,47,52,56,62,112,115" hai3="3,5,9,33,35,58,60,66,113,114" /><INIT seed="2,1,0,2,5,60" ten="430,15,315,240" oya="2" hai0="58,91,93,82,62,101,71,75,14,42,7,110,134" hai1="27,28,76,29,89,88,67,68,18,90,131,98,47" hai2="56,6,9,39,54,129,72,78,21,94,12,64,1" hai3="65,40,133,31,38,41,61,79,96,15,44,73,34"/><V84/><F129/><W109/><G133/><T119/><D71/><U104/><E131/><V124/><F124/><W23/><G109/><T13/><D110/><U43/><E76/><V103/><F39/><W126/><G126/><T26/><D134/><U100/><E18/><V4/><F72/><W99/><G41/><T95/><D7/><U52/><E43/><V36/><F36/><W85/><G73/><T107/><D42/><U127/><E127/><V57/><F1/><W135/><G135/><T130/><D26/><U80/><E80/><N who="2" m="47127" /><F21/><W63/><G63/><T105/><D93/><U77/><E77/><V24/><F24/><W30/><G34/><T45/><D45/><U46/><E29/><V118/><F118/><W50/><G38/><T69/><D69/><U74/><E74/><V128/><F128/><W17/><G31/><T121/><D121/><U112/><E112/><V113/><F113/><W123/><G30/><T16/><D130/><U53/><E47/><V83/><F83/><N who="3" m="47359" /><G123/><T122/><D14/><U35/><E46/><V22/><F22/><W49/><G49/><T25/><D25/><U97/><REACH who="1" step="1"/><E97/><REACH who="1" ten="430,5,315,240" step="2"/><N who="2" m="59831" /><F6/><W87/><G96/><T19/><D19/><U114/><E114/><V125/><F125/><W111/><G99/><T92/><D16/><U102/><E102/><V5/><F5/><W20/><G111/><T8/><D101/><U66/><E66/><V108/><F108/><W86/><G86/><T55/><D75/><U81/><E81/><V2/><F64/><W10/><G87/><T11/><D82/><U0/><E0/><V51/><F2/><RYUUKYOKU ba="1,1" sc="430,-30,5,10,315,10,240,10" hai1="27,28,35,52,53,67,68,88,89,90,98,100,104" hai2="4,9,12,51,54,56,57" hai3="10,15,17,20,23,40,44,50,61,65" /><INIT seed="2,2,1,3,4,30" ten="400,15,325,250" oya="2" hai0="19,36,11,77,115,64,85,6,65,76,117,49,99" hai1="118,86,13,91,124,12,75,33,111,3,57,74,114" hai2="92,87,109,121,40,97,53,21,50,22,54,67,52" hai3="7,95,107,1,41,73,24,127,89,35,93,43,133"/><V38/><F121/><W105/><G107/><T44/><D36/><U48/><E3/><V42/><F38/><W132/><G105/><T88/><D115/><U101/><E114/><V131/><F131/><W125/><G73/><T18/><D99/><U60/><E118/><V15/><F67/><N who="0" m="25674" /><D6/><U72/><E124/><N who="3" m="47690" /><G7/><T61/><D61/><U70/><E101/><N who="2" m="60583" /><F109/><W81/><G1/><T96/><D96/><U31/><E70/><V135/><F135/><N who="3" m="51787" /><G81/><N who="0" m="49199" /><D117/><U47/><E111/><V126/><F126/><W26/><G26/><T39/><D39/><U9/><E57/><V110/><F110/><W63/><G63/><T20/><D11/><U23/><E60/><V0/><F0/><W55/><G55/><N who="2" m="21065" /><F87/><N who="3" m="52415" /><G95/><T120/><D120/><U123/><E123/><V119/><F119/><W37/><G37/><T98/><D19/><U66/><E66/><V100/><F100/><W14/><G43/><N who="2" m="16425" /><F15/><W112/><G41/><N who="0" m="24719" /><D98/><U68/><E68/><V129/><F129/><W103/><G112/><T59/><D59/><AGARI ba="2,1" hai="21,22,50,54,59" m="16425,21065,60583" machi="59" ten="30,2900,0" yaku="8,1,54,1" doraHai="30" who="2" fromWho="0" sc="400,-35,15,0,325,45,250,0" /><INIT seed="2,3,0,2,3,6" ten="365,15,370,250" oya="2" hai0="99,91,0,76,117,114,72,90,44,14,126,61,58" hai1="127,95,10,51,115,85,135,15,47,77,59,55,40" hai2="68,1,8,124,46,30,73,92,66,71,104,78,75" hai3="96,131,25,74,12,93,56,26,16,21,53,3,45"/><V118/><F92/><W27/><G74/><T18/><D0/><U37/><E115/><V4/><F118/><W63/><G131/><T23/><D114/><U42/><E127/><V101/><F124/><W130/><G130/><T69/><D126/><U62/><E135/><V22/><F22/><W119/><G119/><T20/><D69/><N who="2" m="26698" /><F66/><W86/><G3/><T31/><D117/><U43/><E37/><V54/><F54/><W123/><G123/><T121/><D121/><U49/><E49/><V41/><F30/><W113/><G113/><T39/><D72/><U109/><E109/><V57/><F57/><W67/><G86/><T34/><D76/><U105/><E105/><V111/><F111/><W64/><REACH who="3" step="1"/><G45/><REACH who="3" ten="365,15,370,240" step="2"/><T9/><D44/><U80/><REACH who="1" step="1"/><E95/><REACH who="1" ten="365,5,370,240" step="2"/><V52/><F104/><W81/><G81/><T106/><D106/><U125/><E125/><V84/><F75/><W13/><G13/><T70/><D14/><U5/><AGARI ba="3,2" hai="5,10,15,40,42,43,47,51,55,59,62,77,80,85" machi="5" ten="20,12000,2" yaku="1,1,0,1,7,1,25,2,8,1,52,1,53,0" doraHai="6" doraHaiUra="110" who="1" fromWho="1" sc="365,-33,5,149,370,-63,240,-33" /><INIT seed="3,0,0,2,0,36" ten="332,154,307,207" oya="3" hai0="0,79,28,35,50,61,75,58,31,117,96,76,11" hai1="49,83,110,53,17,128,70,63,66,13,69,99,116" hai2="19,88,112,27,98,44,21,46,94,84,73,81,107" hai3="104,133,48,7,43,125,106,26,124,129,103,68,74"/><W132/><G74/><T108/><D117/><U2/><E2/><V22/><F112/><W90/><G68/><T5/><D108/><U15/><E110/><V29/><F107/><W78/><G78/><T18/><D18/><U119/><E128/><V114/><F114/><W115/><G115/><T101/><D50/><U64/><E99/><V72/><F72/><W122/><G7/><T86/><D75/><U4/><E83/><V62/><F62/><W121/><G90/><T40/><D40/><U9/><E64/><V55/><F55/><W54/><G26/><T67/><D86/><U135/><E70/><V93/><F73/><W45/><G54/><T20/><D35/><U113/><E135/><N who="3" m="51786" /><G129/><T97/><D97/><U25/><E25/><N who="2" m="14527" /><F93/><W60/><G60/><T118/><D118/><U14/><E113/><V92/><F94/><W37/><G48/><T100/><D100/><AGARI ba="0,0" hai="22,27,29,44,46,81,84,88,92,98,100" m="14527" machi="100" ten="30,2000,0" yaku="8,1,54,1" doraHai="36" who="2" fromWho="0" sc="332,-20,154,0,307,20,207,0" owari="312,11.0,154,-35.0,327,43.0,207,-19.0" /></mjloggm>