<mjloggm ver="2.3"><GO type="169" lobby="0"/><UN n0="%4D%75%72%70%68%79" n1="%4C%61%73%6B%26%59%75" n2="%E6%B0%B4%E6%9C%AC%E3%82%86%E3%81%8B%E3%82%8A" n3="%E5%B0%B1%E6%B4%BB%E7%94%9F%40%E5%B7%9D%E6%9D%91%E8%BB%8D%E5%9B%A3" dan="16,17,16,18" rate="2142.84,2196.05,2082.66,2238.90" sx="M,M,F,M"/><TAIKYOKU oya="0"/><INIT seed="0,0,0,3,5,107" ten="250,250,250,250" oya="0" hai0="48,133,43,84,38,94,120,24,60,59,93,12,16" hai1="125,121,65,56,26,97,36,62,18,95,98,112,21" hai2="90,47,81,106,58,49,10,92,102,8,19,9,110" hai3="6,131,11,129,113,39,63,119,13,71,117,66,77"/><T52/><D120/><U122/><E36/><V134/><F110/><W88/><G113/><T99/><D133/><U85/><E112/><V55/><F134/><W54/><G39/><T27/><D38/><U83/><E125/><V72/><F106/><W25/><G25/><T61/><D84/><U40/><E40/><V91/><F19/><W17/><G6/><T29/><D93/><U35/><E35/><V96/><REACH who="2" step="1"/><F58/><REACH who="2" ten="250,250,240,250" step="2"/><W31/><G17/><T130/><D29/><U111/><E111/><V23/><F23/><W37/><G31/><T42/><D130/><U103/><REACH who="1" step="1"/><E97/><REACH who="1" ten="250,240,240,250" step="2"/><V118/><F118/><W73/><G119/><T2/><D99/><U3/><E3/><V4/><F4/><W132/><G117/><T76/><D2/><U1/><E1/><V126/><F126/><W50/><G132/><T0/><D0/><U74/><E74/><V105/><F105/><W7/><G73/><T109/><D109/><U5/><E5/><V123/><F123/><W32/><G32/><T67/><D12/><U14/><E14/><V75/><F75/><W104/><G129/><T116/><D116/><U101/><E101/><V15/><F15/><W20/><G104/><T57/><D27/><U127/><E127/><V68/><F68/><W78/><G131/><T128/><D128/><U135/><E135/><V69/><F69/><W28/><G13/><T124/><D124/><U79/><AGARI ba="0,2" hai="18,21,26,56,62,65,79,83,85,95,98,103,121,122" machi="79" ten="20,2700,0" yaku="1,1,0,1,7,1,53,0" doraHai="107" doraHaiUra="44" who="1" fromWho="1" sc="250,-13,240,47,240,-7,250,-7" /><INIT seed="1,0,0,1,5,66" ten="237,287,233,243" oya="1" hai0="8,104,39,20,3,59,54,37,97,60,57,46,119" hai1="62,103,91,113,94,40,42,55,81,7,107,6,118" hai2="72,123,47,79,24,90,27,75,71,125,108,28,36" hai3="86,56,78,35,38,32,52,96,10,122,64,126,58"/><U134/><E113/><V110/><F123/><W130/><G122/><T13/><D119/><U74/><E118/><V19/><F125/><W83/><G38/><T16/><D46/><U89/><E134/><V23/><F90/><W49/><G126/><T1/><D39/><U132/><E132/><V30/><F36/><W109/><G109/><N who="2" m="42089" /><F47/><W80/><G130/><T69/><D37/><U121/><E121/><V29/><F79/><W2/><G96/><T131/><D131/><U12/><E107/><V76/><F76/><W73/><G64/><T101/><D69/><U85/><E103/><V67/><F27/><W43/><G58/><T5/><REACH who="0" step="1"/><D59/><REACH who="0" ten="227,287,233,243" step="2"/><N who="1" m="35199" /><E74/><N who="2" m="28203" /><F67/><W133/><G133/><T45/><D45/><U9/><E7/><V88/><F71/><W41/><G41/><T128/><D128/><U50/><E50/><V18/><F18/><W114/><G43/><T21/><D21/><U48/><E48/><V34/><F19/><W65/><G114/><T111/><D111/><U25/><E25/><AGARI ba="0,1" hai="1,3,5,8,13,16,20,25,54,57,60,97,101,104" machi="25" ten="30,3900,0" yaku="1,1,7,1,54,1,53,0" doraHai="66" doraHaiUra="115" who="0" fromWho="1" sc="227,49,287,-39,233,0,243,0" /><INIT seed="2,0,0,4,3,17" ten="276,248,233,243" oya="2" hai0="3,89,26,65,7,127,113,116,98,129,28,91,74" hai1="61,97,14,41,125,115,119,123,84,48,85,6,108" hai2="27,134,29,23,43,107,13,92,124,39,25,86,1" hai3="72,120,70,69,87,126,121,22,90,38,88,45,0"/><V53/><F107/><W67/><G72/><T51/><D113/><U81/><E119/><V50/><F1/><W52/><G0/><T68/><D74/><U47/><E115/><V102/><F134/><W31/><G90/><T106/><D116/><U130/><E108/><V21/><F124/><W10/><G10/><T117/><D117/><U18/><E130/><V76/><F39/><W111/><G111/><T58/><D58/><U109/><E109/><V73/><F43/><W59/><G126/><T44/><D129/><U62/><E123/><V54/><F73/><W94/><G45/><T71/><D127/><U96/><E6/><V37/><F37/><W2/><G2/><T78/><D78/><U131/><E131/><V83/><F13/><W34/><G34/><T57/><D57/><U133/><E133/><V63/><F63/><N who="1" m="24073" /><E125/><V132/><F132/><W36/><G36/><T135/><D135/><U56/><E56/><V15/><F15/><W11/><G38/><T16/><D65/><U80/><E84/><V8/><F8/><W24/><G11/><T40/><D7/><U32/><E32/><V75/><F50/><W110/><G67/><T66/><D3/><U64/><E64/><V20/><F75/><W33/><G33/><N who="0" m="20631" /><D66/><U95/><E95/><V122/><F122/><N who="3" m="47211" /><G110/><T5/><D5/><U128/><E128/><V19/><F23/><W49/><G70/><T9/><D71/><U42/><E42/><V46/><F46/><W30/><G69/><T118/><D68/><U12/><E47/><V77/><F77/><W99/><G99/><AGARI ba="0,0" hai="19,20,21,25,27,29,53,54,76,83,86,92,99,102" machi="99" ten="40,7700,0" yaku="8,1,52,2" doraHai="17" who="2" fromWho="3" sc="276,0,248,0,233,77,243,-77" /><INIT seed="2,1,0,1,2,83" ten="276,248,310,166" oya="2" hai0="51,86,14,49,45,30,6,107,111,66,69,13,90" hai1="67,113,23,16,28,99,43,95,24,19,40,84,102" hai2="10,114,36,29,3,80,44,5,61,2,9,21,17" hai3="18,117,55,79,59,108,31,0,123,73,105,76,32"/><V34/><F61/><W134/><G117/><T26/><D111/><U72/><E72/><V47/><F36/><W8/><G123/><T62/><D107/><U56/><E113/><V135/><F47/><W104/><G73/><T50/><D6/><U126/><E126/><V68/><F44/><W103/><G108/><T96/><D96/><U130/><E130/><V42/><F42/><W57/><G134/><T89/><D89/><U115/><E115/><V116/><F80/><W4/><G59/><T124/><D124/><U100/><E100/><V20/><F68/><W120/><G120/><T60/><D60/><N who="1" m="38279" /><E84/><V91/><F91/><W58/><G58/><T37/><D37/><U109/><E109/><V129/><F129/><W15/><G103/><T78/><D78/><U25/><E25/><N who="2" m="18735" /><F114/><W7/><G7/><T118/><D118/><U132/><E132/><V70/><F70/><W38/><G38/><T53/><D13/><U1/><E1/><N who="2" m="11" /><F116/><W22/><G104/><T112/><D14/><U71/><E71/><V92/><F92/><W63/><REACH who="3" step="1"/><G105/><REACH who="3" ten="276,248,310,156" step="2"/><T97/><D112/><U101/><E102/><V131/><F135/><W119/><G119/><T52/><D45/><U122/><E122/><V85/><F131/><W128/><G128/><T54/><D69/><U110/><E110/><V64/><F5/><W74/><G74/><T81/><D66/><U77/><E77/><V75/><F75/><W11/><G11/><T94/><D90/><U39/><E39/><V87/><F64/><W133/><G133/><T93/><D62/><U27/><E28/><V82/><F10/><RYUUKYOKU ba="1,1" sc="276,-15,248,15,310,-15,156,15" hai1="16,19,23,24,27,40,43,95,99,101" hai3="0,4,8,15,18,22,31,32,55,57,63,76,79" /><INIT seed="3,2,1,1,1,38" ten="261,263,295,171" oya="3" hai0="71,51,30,132,111,126,41,37,16,2,9,43,28" hai1="122,94,95,93,44,83,57,70,31,74,121,7,130" hai2="119,118,52,115,85,10,40,19,12,60,113,103,58" hai3="34,48,45,67,124,127,108,98,54,5,17,97,125"/><W100/><G34/><T55/><D37/><U120/><E70/><V105/><F85/><W106/><G5/><T4/><D71/><U24/><E7/><V66/><F103/><W46/><G108/><T82/><D111/><U78/><E130/><V14/><F105/><W36/><G97/><T129/><D129/><U80/><E57/><V79/><F79/><W86/><G67/><T33/><D126/><U32/><E83/><V63/><F40/><N who="3" m="22663" /><G86/><T27/><D132/><U101/><REACH who="1" step="1"/><E44/><REACH who="1" ten="261,253,295,171" step="2"/><V99/><F113/><W50/><G50/><T29/><D82/><U76/><E76/><V123/><F115/><W112/><G112/><T77/><D77/><U62/><E62/><V90/><F63/><W128/><G128/><T0/><D0/><U26/><E26/><V84/><F119/><W21/><G46/><T88/><D2/><U49/><E49/><V13/><F118/><W72/><G48/><T25/><D4/><U65/><E65/><V134/><F66/><W18/><G54/><T3/><D3/><U22/><E22/><V61/><F61/><W133/><G133/><T20/><D27/><U56/><E56/><V91/><F134/><W11/><G72/><T75/><D75/><U53/><E53/><V73/><F73/><W69/><G69/><T6/><D33/><U114/><E114/><V104/><F58/><W15/><G21/><T81/><D6/><U89/><E89/><V135/><F60/><W8/><G15/><T23/><D23/><U96/><AGARI ba="2,2" hai="24,31,32,74,78,80,93,94,95,96,101,120,121,122" machi="96" ten="40,2700,0" yaku="1,1,0,1,53,0" doraHai="38" doraHaiUra="131" who="1" fromWho="1" sc="261,-9,253,53,295,-9,171,-15" /><INIT seed="4,0,0,1,5,111" ten="252,306,286,156" oya="0" hai0="91,58,74,127,99,49,23,130,93,50,38,132,94" hai1="19,47,75,39,97,95,14,87,13,103,76,67,79" hai2="62,16,8,30,109,108,107,115,61,71,114,33,69" hai3="20,65,92,27,88,121,86,101,32,104,120,77,4"/><T1/><D38/><U2/><E2/><V24/><F107/><W102/><G32/><T28/><D74/><U129/><E129/><V116/><F116/><W78/><G65/><T45/><D130/><U70/><E75/><V122/><F122/><N who="3" m="47211" /><G4/><T12/><D1/><U37/><E13/><N who="2" m="7207" /><F62/><W53/><G53/><N who="0" m="32055" /><D127/><U83/><E79/><N who="3" m="30218" /><G20/><T15/><D132/><U42/><E67/><N who="2" m="41199" /><F71/><W21/><G21/><T90/><D28/><U7/><E70/><V31/><F31/><W55/><G55/><N who="0" m="30127" /><D23/><U26/><E26/><V63/><F63/><W124/><G27/><T112/><D112/><AGARI ba="0,0" hai="24,30,33,108,109,112,114,115" m="41199,7207" machi="112" ten="30,8000,1" yaku="15,1,52,3,54,1" doraHai="111" who="2" fromWho="0" sc="252,-80,306,0,286,80,156,0" /><INIT seed="5,0,0,1,3,39" ten="172,306,366,156" oya="1" hai0="131,112,60,117,26,16,28,27,93,29,48,52,37" hai1="12,55,56,43,96,49,78,91,106,111,50,64,6" hai2="123,135,4,79,80,47,108,5,17,34,88,32,30" hai3="84,89,130,9,68,121,116,76,90,98,104,2,53"/><U100/><E111/><V102/><F123/><W115/><G68/><T83/><D117/><U15/><E64/><V41/><F135/><W72/><G121/><T94/><D37/><U132/><E132/><V61/><F102/><W31/><G31/><T103/><D112/><U54/><E78/><V118/><F118/><W24/><G24/><T77/><D131/><U8/><E91/><V36/><F17/><W23/><G23/><N who="0" m="13671" /><D60/><U133/><E133/><V46/><F88/><W7/><G130/><T58/><D27/><U69/><E69/><V113/><F113/><W10/><G116/><T33/><D33/><U73/><E73/><V59/><F108/><W51/><G115/><T63/><D63/><U44/><REACH who="1" step="1"/><E55/><REACH who="1" ten="172,296,366,156" step="2"/><V129/><F129/><W75/><G72/><T114/><D114/><U124/><E124/><V20/><F79/><W101/><G75/><T45/><D103/><U38/><E38/><V25/><F36/><W57/><G76/><T82/><D77/><U3/><AGARI ba="0,1" hai="3,6,8,12,15,43,44,49,50,54,56,96,100,106" machi="3" ten="20,7800,0" yaku="1,1,0,1,7,1,52,1,53,0" doraHai="39" doraHaiUra="120" who="1" fromWho="1" sc="172,-26,296,88,366,-26,156,-26" /><INIT seed="5,1,0,4,2,9" ten="146,384,340,130" oya="1" hai0="79,38,83,16,108,60,1,75,33,43,124,25,96" hai1="51,130,31,134,4,18,42,107,3,8,121,109,114" hai2="17,50,64,59,76,82,53,58,85,30,106,2,27" hai3="98,68,90,12,47,74,52,40,100,44,70,94,45"/><U104/><E121/><V112/><F106/><W103/><G74/><T29/><D108/><U6/><E109/><V65/><F2/><W28/><G28/><T55/><D124/><U21/><E130/><V97/><F97/><W14/><G40/><T23/><D1/><U123/><E123/><V133/><F133/><W105/><G52/><T48/><D60/><U61/><E114/><V101/><F101/><W36/><G36/><T115/><D115/><U73/><E73/><V81/><F17/><W99/><REACH who="3" step="1"/><G100/><REACH who="3" ten="146,384,340,120" step="2"/><T54/><D38/><U77/><E42/><V135/><F112/><W35/><G35/><T37/><D37/><U63/><E31/><V89/><F30/><W5/><G5/><T126/><D126/><U87/><E6/><V56/><F53/><W93/><G93/><T132/><D132/><U119/><E134/><V120/><F135/><W111/><G111/><T66/><D66/><U72/><E72/><V118/><F64/><W127/><G127/><T20/><D33/><U62/><E107/><V49/><F65/><W131/><G131/><T19/><D29/><U78/><E104/><V86/><F50/><W11/><G11/><T0/><D43/><U125/><E51/><V116/><F49/><W122/><G122/><T26/><D55/><U69/><E125/><V80/><F120/><W10/><G10/><T92/><D54/><U39/><E39/><V46/><F46/><W102/><G102/><N who="0" m="60679" /><D48/><U22/><E8/><V24/><F82/><W113/><G113/><T67/><D67/><U57/><E4/><V32/><F32/><W129/><G129/><RYUUKYOKU ba="1,1" sc="146,10,384,-30,340,10,120,10" hai0="0,16,19,20,23,25,26,75,79,83" hai2="24,27,56,58,59,76,80,81,85,86,89,116,118" hai3="12,14,44,45,47,68,70,90,94,98,99,103,105" /><INIT seed="6,2,1,4,3,98" ten="156,354,350,130" oya="2" hai0="10,112,63,44,121,23,73,16,117,14,127,87,65" hai1="89,116,130,15,18,53,38,24,17,128,52,104,6" hai2="82,83,28,113,7,84,90,86,20,4,31,11,45" hai3="41,62,47,67,124,8,93,49,5,78,21,9,19"/><V57/><F113/><W118/><G118/><T129/><D121/><U122/><E116/><V13/><F4/><W119/><G119/><T27/><D117/><U79/><E38/><V3/><F3/><W71/><G124/><T56/><D73/><U42/><E42/><V101/><F20/><W40/><G78/><T1/><D112/><U26/><E104/><V114/><F114/><W68/><G68/><T33/><D127/><U97/><E79/><V51/><F57/><W77/><G77/><T12/><D129/><N who="1" m="49771" /><E6/><V107/><F107/><W54/><G93/><T60/><D33/><U125/><E125/><V66/><F66/><W123/><G123/><T48/><D1/><U94/><E122/><V46/><F101/><W131/><G131/><T135/><D135/><U91/><E91/><N who="2" m="51607" /><F46/><W95/><G95/><T133/><D133/><U75/><E75/><V103/><F103/><W106/><G106/><T43/><D87/><U126/><E126/><V100/><F100/><W70/><G70/><T29/><D12/><U64/><E64/><V69/><F69/><W108/><G108/><T81/><D60/><U109/><E109/><V25/><F25/><N who="1" m="9833" /><E18/><V0/><F0/><W134/><G134/><T92/><D92/><U34/><E34/><V55/><AGARI ba="2,1" hai="7,11,13,28,31,45,51,55,83,86,90" m="51607" machi="55" ten="30,1500,0" yaku="8,1" doraHai="98" who="2" fromWho="2" sc="156,-7,354,-7,350,31,130,-7" /><INIT seed="6,3,0,1,1,18" ten="149,347,381,123" oya="2" hai0="85,46,95,64,49,117,4,30,116,0,82,6,43" hai1="47,127,39,112,45,28,34,123,115,29,76,63,90" hai2="2,55,108,67,106,74,134,100,36,50,26,13,69" hai3="124,71,19,131,89,122,38,1,66,91,79,119,118"/><V10/><F2/><W92/><G122/><T114/><D114/><N who="1" m="43563" /><E123/><V9/><F36/><W62/><G38/><T105/><D105/><U23/><E34/><V8/><F74/><W72/><G1/><T7/><D64/><U17/><E76/><V107/><F13/><W75/><G124/><T14/><D0/><U32/><E32/><V98/><F107/><W88/><G131/><T84/><D30/><N who="1" m="11883" /><E39/><V40/><F134/><W80/><G75/><T78/><D85/><U130/><E130/><V16/><F108/><W113/><G113/><T37/><D95/><U133/><E133/><V120/><F120/><W61/><G92/><T104/><D104/><U56/><E90/><V12/><F40/><W97/><G97/><T24/><D24/><N who="1" m="14447" /><E127/><V101/><F101/><W35/><G35/><T83/><D83/><U128/><E128/><V110/><F110/><W25/><REACH who="3" step="1"/><G61/><REACH who="3" ten="149,347,381,113" step="2"/><T5/><D37/><U109/><E109/><V121/><F121/><W126/><G126/><T77/><D77/><U102/><E102/><V3/><F3/><W86/><G86/><T51/><D51/><U52/><AGARI ba="3,1" hai="45,47,52,56,63" m="14447,11883,43563" machi="52" ten="30,4000,0" yaku="15,1,52,1,54,1" doraHai="18" who="1" fromWho="1" sc="149,-13,347,59,381,-23,113,-13" /><INIT seed="7,0,0,3,0,111" ten="136,406,358,100" oya="3" hai0="75,98,91,88,55,97,125,54,107,70,6,135,133" hai1="132,124,93,25,81,63,74,4,69,36,7,46,73" hai2="79,131,30,95,60,115,76,20,34,40,128,35,19" hai3="84,82,96,90,21,72,61,39,3,49,29,109,2"/><W65/><G109/><T130/><D70/><U119/><E93/><V0/><F0/><W11/><G39/><T45/><D75/><N who="1" m="28683" /><E81/><V94/><F40/><W59/><G72/><T58/><D125/><U121/><E121/><V83/><F30/><W41/><G96/><T110/><D130/><U129/><E25/><V56/><F83/><W105/><G105/><T86/><D6/><U26/><E26/><V114/><F76/><W33/><G33/><T62/><D110/><U50/><E36/><V9/><F79/><W17/><G29/><T89/><D86/><U108/><E108/><V123/><F9/><W113/><G113/><N who="2" m="43017" /><F123/><W117/><G117/><T127/><D127/><U22/><E22/><V85/><F85/><W77/><G77/><T18/><D18/><U16/><E16/><V92/><F35/><W12/><REACH who="3" step="1"/><G21/><REACH who="3" ten="136,406,358,90" step="2"/><T118/><D118/><U48/><E119/><V8/><F34/><W13/><G13/><T134/><D107/><U57/><E124/><V44/><F20/><W78/><G78/><T27/><D27/><U32/><E32/><V126/><F126/><W103/><G103/><T14/><D14/><U71/><E129/><V87/><F131/><W43/><G43/><T102/><D102/><U47/><E132/><V51/><F128/><W24/><G24/><T120/><D120/><U101/><E101/><V53/><F87/><W100/><G100/><T15/><D15/><U116/><E116/><V28/><F28/><W68/><G68/><T104/><D104/><U38/><E69/><V99/><F99/><N who="0" m="37898" /><D91/><U1/><E71/><V106/><F106/><RYUUKYOKU ba="0,1" sc="136,15,406,-15,358,-15,90,15" hai0="45,54,55,58,62,88,89,133,134,135" hai3="2,3,11,12,17,41,49,59,61,65,82,84,90" /><INIT seed="7,1,1,4,1,83" ten="151,391,343,105" oya="3" hai0="67,46,20,29,129,47,108,94,77,61,117,102,98" hai1="34,48,19,96,126,2,107,118,97,10,132,82,30" hai2="52,86,85,125,90,89,87,31,5,75,42,127,84" hai3="110,112,32,0,115,45,119,23,80,1,93,66,60"/><W74/><G119/><T124/><D108/><U135/><E118/><V58/><F75/><W81/><G32/><T121/><D121/><U70/><E70/><V6/><F85/><W35/><G35/><T105/><D117/><U73/><E48/><V63/><F42/><W100/><G110/><T59/><D124/><N who="2" m="47690" /><F31/><W55/><G23/><T57/><D129/><U33/><E30/><V7/><AGARI ba="1,1" hai="5,6,7,52,58,63,84,86,87,89,90" m="47690" machi="7" ten="40,8000,1" yaku="18,1,52,3,54,1" doraHai="83" who="2" fromWho="2" sc="151,-21,391,-21,343,93,105,-41" owari="130,-27.0,370,17.0,436,54.0,64,-44.0" /></mjloggm>