<mjloggm ver="2.3"><GO type="169" lobby="0"/><UN n0="%E3%82%A6%E3%83%AB%E3%83%88%E3%83%A9%E7%AB%8B%E7%9B%B4" n1="%E5%9B%BD%E5%AE%B6%E6%9C%80%E7%B5%82%E6%88%A6%E5%8A%9B" n2="%68%69%6E%61%6A%69%6E%6E" n3="%36%31%30%6B" dan="18,16,16,16" rate="2201.95,2130.10,2082.92,2107.79" sx="M,M,M,M"/><TAIKYOKU oya="0"/><INIT seed="0,0,0,0,4,71" ten="250,250,250,250" oya="0" hai0="93,23,123,113,134,127,16,118,117,124,60,61,53" hai1="75,104,90,112,57,6,32,49,97,10,107,22,119" hai2="77,74,3,135,84,58,5,65,68,89,76,98,126" hai3="109,56,30,80,64,86,42,26,36,85,110,121,48"/><T100/><D123/><U1/><E32/><V50/><F68/><W79/><G121/><T43/><D113/><U106/><E119/><V28/><F28/><W13/><G13/><T37/><D93/><U87/><E75/><V12/><F3/><W101/><G101/><T66/><D100/><U72/><E72/><V120/><F120/><W81/><G64/><T130/><D130/><U70/><E70/><V46/><F98/><W35/><G56/><N who="0" m="34831" /><D16/><U67/><E112/><V88/><F89/><W17/><G17/><T20/><D20/><U55/><E22/><V9/><F74/><W7/><G7/><T114/><D23/><U8/><E67/><V102/><F102/><W131/><G131/><T18/><D18/><U78/><E10/><V29/><F29/><W132/><G132/><T115/><D134/><U103/><REACH who="1" step="1"/><E78/><REACH who="1" ten="250,240,250,250" step="2"/><V129/><F135/><W41/><G79/><T25/><D115/><U19/><E19/><V15/><F129/><W27/><G35/><T31/><D114/><U39/><E39/><V0/><F77/><W128/><G128/><T45/><D31/><U82/><AGARI ba="0,1" hai="1,6,8,49,55,57,82,87,90,97,103,104,106,107" machi="82" ten="20,2700,0" yaku="1,1,0,1,7,1,53,0" doraHai="71" doraHaiUra="59" who="1" fromWho="1" sc="250,-13,240,37,250,-7,250,-7" /><INIT seed="1,0,0,0,2,41" ten="237,277,243,243" oya="1" hai0="120,22,131,12,127,76,51,24,134,101,69,68,9" hai1="27,112,122,115,111,119,128,26,34,87,5,37,16" hai2="23,55,80,91,64,56,121,30,71,118,35,47,74" hai3="113,53,39,43,85,99,73,105,67,84,19,96,36"/><U0/><E37/><V83/><F121/><W97/><G73/><T28/><D127/><U21/><E87/><V40/><F35/><W32/><G113/><T133/><D131/><U17/><E122/><V62/><F74/><W6/><G105/><T82/><D101/><U52/><E52/><V65/><F118/><W8/><G32/><T15/><D15/><N who="1" m="9375" /><E119/><V104/><F104/><W13/><G67/><T61/><D120/><U126/><E126/><V60/><F91/><W31/><G31/><T90/><D90/><U42/><E42/><V44/><F40/><W130/><G130/><T75/><D51/><U3/><E128/><V72/><F83/><W123/><G123/><T116/><D116/><U57/><E57/><V46/><F80/><W89/><G53/><T81/><D81/><U78/><E78/><V106/><F106/><W4/><G85/><T14/><D14/><U114/><E5/><V92/><F72/><W1/><G43/><T45/><D61/><U7/><E7/><V77/><F77/><W66/><G66/><T25/><D69/><U98/><E98/><V49/><REACH who="2" step="1"/><F92/><REACH who="2" ten="237,277,233,243" step="2"/><N who="3" m="54311" /><G36/><T33/><D82/><U108/><E34/><V95/><F95/><W38/><G38/><T109/><D76/><U29/><E115/><V59/><F59/><W70/><G39/><T50/><D75/><U125/><E114/><V93/><F93/><W54/><G70/><T88/><D68/><U124/><E112/><V63/><F63/><W86/><G96/><T20/><D33/><U102/><E125/><V58/><F58/><W48/><G99/><T132/><D88/><RYUUKYOKU ba="0,1" sc="237,-10,277,-10,233,30,243,-10" hai2="23,30,44,46,47,49,55,56,60,62,64,65,71" /><INIT seed="2,1,1,5,0,78" ten="227,267,263,233" oya="2" hai0="131,22,134,96,87,64,115,8,104,40,127,30,95" hai1="26,76,3,91,58,1,46,122,101,99,32,118,108" hai2="54,117,57,43,34,50,53,132,6,45,88,125,13" hai3="114,12,60,73,37,35,41,36,113,112,68,72,77"/><V5/><F117/><W16/><G35/><T124/><D115/><U29/><E118/><V62/><F34/><W42/><G68/><T2/><D40/><N who="3" m="15465" /><G60/><T17/><D64/><U100/><E108/><V19/><F132/><W70/><G70/><T128/><D104/><U25/><E46/><V75/><F75/><N who="3" m="28747" /><G77/><T0/><D87/><U20/><E76/><V9/><F125/><N who="0" m="48202" /><D95/><U71/><E71/><V98/><F43/><W15/><G15/><N who="0" m="7399" /><D96/><U38/><E38/><V116/><F116/><W106/><G106/><T121/><D121/><U119/><E122/><V55/><F55/><W109/><G109/><T90/><D90/><U74/><E74/><V11/><F11/><AGARI ba="1,1" hai="11,12,16,36,37,112,113,114" m="28747,15465" machi="11" ten="40,2600,0" yaku="11,1,54,1" doraHai="78" who="3" fromWho="2" sc="227,0,267,0,263,-29,233,39" /><INIT seed="3,0,0,3,4,96" ten="227,267,234,272" oya="3" hai0="97,16,89,48,121,51,4,22,125,106,82,28,68" hai1="64,110,12,73,78,131,109,55,3,49,6,72,84" hai2="38,41,107,47,123,26,80,118,19,81,11,120,85" hai3="127,67,36,104,126,66,18,15,128,53,25,119,74"/><W21/><G119/><T115/><D121/><U43/><E3/><V50/><F107/><W132/><G36/><T90/><D68/><U44/><E64/><V54/><F118/><W129/><G74/><T52/><D125/><N who="3" m="47625" /><G53/><T122/><D122/><U105/><E105/><V100/><F81/><W79/><G79/><T91/><D4/><U27/><E27/><V86/><F85/><W98/><G25/><T62/><D28/><U92/><E55/><V14/><F26/><W112/><G112/><T46/><D115/><U70/><E73/><V7/><F7/><W101/><G132/><T83/><D62/><U30/><E78/><V39/><F39/><W124/><G124/><T40/><D106/><U1/><E49/><V10/><F123/><W5/><G5/><T37/><D37/><U58/><E6/><V59/><F120/><W9/><G9/><T108/><D108/><U103/><E72/><V111/><F111/><W57/><G57/><N who="0" m="32927" /><D97/><U63/><E63/><V130/><F11/><W13/><G15/><AGARI ba="0,0" hai="15,16,22,40,46,48,82,83,89,90,91" m="32927" machi="15" ten="30,3900,0" yaku="8,1,54,2" doraHai="96" who="0" fromWho="3" sc="227,39,267,0,234,0,272,-39" /><INIT seed="4,0,0,5,1,135" ten="266,267,234,233" oya="0" hai0="23,8,24,49,2,56,52,90,130,29,128,83,9" hai1="51,86,19,34,17,94,103,82,55,104,61,45,64" hai2="87,98,89,46,76,114,12,79,117,37,33,38,54" hai3="93,48,125,18,119,25,122,59,105,65,67,75,127"/><T27/><D2/><U4/><E34/><V132/><F33/><W74/><G105/><T43/><D43/><U66/><E104/><V113/><F132/><W21/><G119/><T0/><D0/><U95/><E4/><V36/><F98/><W72/><G122/><T15/><D27/><U115/><E115/><V58/><F12/><W84/><G48/><T134/><D134/><U99/><E94/><N who="2" m="54591" /><F46/><W42/><G42/><T92/><D83/><U97/><E97/><V131/><F131/><N who="0" m="50218" /><D15/><U6/><E6/><V35/><F35/><W57/><G93/><T73/><D73/><U60/><E86/><AGARI ba="0,0" hai="8,9,23,24,29,49,52,56,86,90,92" m="50218" machi="86" ten="30,2900,0" yaku="19,1,54,1" doraHai="135" who="0" fromWho="1" sc="266,29,267,-29,234,0,233,0" /><INIT seed="4,1,0,5,1,110" ten="295,238,234,233" oya="0" hai0="16,90,77,102,98,40,94,128,12,130,19,2,74" hai1="93,15,95,65,36,122,23,88,61,27,37,68,99" hai2="80,53,109,78,57,59,47,106,60,70,125,4,14" hai3="48,7,56,33,32,114,123,131,25,34,100,51,89"/><T72/><D2/><U28/><E122/><V87/><F106/><W111/><G111/><T30/><D30/><U103/><REACH who="1" step="1"/><E15/><REACH who="1" ten="295,228,234,233" step="2"/><V62/><F109/><W73/><G123/><T101/><D12/><U92/><E92/><V134/><F14/><W124/><G124/><T35/><D19/><U63/><E63/><V42/><F125/><W67/><G7/><T52/><D16/><U117/><E117/><V81/><F4/><W83/><G131/><T22/><D94/><U86/><AGARI ba="1,1" hai="23,27,28,36,37,61,65,68,86,88,93,95,99,103" machi="86" ten="20,5200,0" yaku="1,1,0,1,7,1,54,1,53,0" doraHai="110" doraHaiUra="11" who="1" fromWho="1" sc="295,-27,228,65,234,-14,233,-14" /><INIT seed="5,0,0,2,2,28" ten="268,293,220,219" oya="1" hai0="60,104,58,4,7,59,30,35,46,89,15,39,31" hai1="109,125,106,8,57,10,97,79,116,2,127,47,49" hai2="14,86,90,132,11,126,26,74,105,12,43,34,91" hai3="135,95,120,103,87,33,75,94,24,23,93,13,44"/><U37/><E116/><V20/><F105/><W110/><G120/><T98/><D35/><U83/><E57/><V108/><F74/><W45/><G110/><T36/><D104/><U85/><E37/><V72/><F72/><W17/><G75/><T55/><D39/><U32/><E109/><V78/><F108/><W42/><G135/><T73/><D46/><U112/><E112/><V77/><F43/><W69/><G69/><T53/><D73/><U80/><E80/><V84/><F132/><W66/><G66/><T0/><D0/><U81/><E81/><V111/><F111/><W52/><G87/><T51/><D36/><U50/><E49/><V62/><F62/><W54/><G103/><T118/><D118/><U38/><E38/><V82/><F34/><W113/><G44/><T61/><D51/><U122/><E32/><V18/><F14/><W92/><N who="3" m="23552" /><DORA hai="41" /><W124/><G124/><N who="1" m="47690" /><E2/><V19/><F126/><W128/><G128/><T1/><D1/><U123/><E123/><V114/><F114/><W67/><G67/><T65/><D65/><U76/><E76/><V40/><F40/><W70/><G70/><T99/><D89/><U131/><E131/><V129/><F129/><W102/><G102/><T63/><REACH who="0" step="1"/><D63/><REACH who="0" ten="258,293,220,219" step="2"/><U121/><E122/><V101/><F101/><W29/><REACH who="3" step="1"/><G113/><REACH who="3" ten="258,293,220,209" step="2"/><T21/><D21/><U48/><E121/><V27/><F78/><W5/><G5/><T56/><D56/><U3/><E79/><V25/><F77/><W71/><G71/><T96/><D96/><U64/><E64/><V9/><F11/><W68/><G68/><RYUUKYOKU ba="0,2" sc="258,10,293,-30,220,10,209,10" hai0="4,7,15,30,31,53,55,58,59,60,61,98,99" hai2="9,12,18,19,20,25,26,27,82,84,86,90,91" hai3="13,17,23,24,29,33,42,45,52,54" /><INIT seed="6,1,2,5,0,43" ten="268,263,230,219" oya="2" hai0="112,10,128,114,97,15,0,83,90,14,33,55,1" hai1="134,87,25,16,11,28,74,37,38,133,85,105,23" hai2="20,62,88,56,106,19,51,30,48,123,21,79,36" hai3="39,12,5,67,135,86,109,104,54,65,103,63,110"/><V126/><F36/><N who="1" m="13929" /><E105/><V2/><F2/><W27/><G39/><T49/><D33/><N who="1" m="20623" /><E11/><V89/><F106/><W31/><G86/><N who="0" m="50527" /><D97/><U52/><E74/><V50/><F126/><W121/><G121/><T72/><D72/><U122/><E52/><N who="2" m="34055" /><F123/><W108/><G54/><T129/><D15/><N who="1" m="9631" /><E122/><V42/><F79/><W111/><G67/><T94/><D94/><U44/><E44/><N who="2" m="25623" /><F30/><W91/><G110/><T98/><D1/><U96/><E96/><V68/><F68/><W58/><G104/><T116/><D98/><U7/><E7/><V84/><F21/><W32/><G5/><N who="0" m="3407" /><D0/><U24/><E24/><N who="2" m="14367" /><F89/><W66/><G91/><T3/><D3/><U127/><E127/><V80/><AGARI ba="1,2" hai="50,51,80,84,88" m="14367,25623,34055" machi="80" ten="30,11700,0" yaku="8,1,52,1,54,2" doraHai="43" who="2" fromWho="2" sc="268,-40,263,-40,230,140,219,-40" /><INIT seed="6,2,0,0,1,49" ten="228,223,370,179" oya="2" hai0="122,74,90,126,106,27,0,71,64,29,125,39,31" hai1="95,97,130,133,32,20,79,22,60,44,91,63,57" hai2="117,54,99,24,66,121,81,69,40,36,89,115,86" hai3="61,120,43,12,14,25,59,88,103,109,6,75,2"/><V45/><F121/><W82/><G109/><T4/><D31/><U87/><E32/><V132/><F115/><W70/><G120/><T5/><D122/><U23/><E133/><V67/><F132/><W105/><G70/><T18/><D18/><U135/><E135/><V104/><F24/><W78/><G43/><T100/><D90/><U37/><E130/><V48/><F69/><W21/><G2/><T72/><D39/><U47/><E37/><V46/><F117/><W84/><G6/><T1/><D5/><U28/><E28/><V116/><F116/><W85/><G75/><T131/><D131/><U51/><E51/><V9/><F9/><W56/><G103/><T118/><D118/><U42/><E42/><V34/><F34/><W127/><G105/><T65/><D74/><U129/><E129/><V3/><F3/><W107/><G107/><T17/><D72/><U19/><E19/><V80/><F80/><N who="3" m="47127" /><G56/><T58/><D71/><U68/><E68/><V111/><F111/><W108/><G108/><T119/><D1/><U52/><E63/><V8/><F8/><W26/><G127/><T7/><D0/><U10/><E10/><V113/><F113/><W134/><G134/><T35/><D4/><U55/><E55/><V83/><F83/><AGARI ba="2,0" hai="20,22,23,44,47,52,57,60,79,83,87,91,95,97" machi="83" ten="40,5200,0" yaku="8,1,52,1,54,1" doraHai="49" who="1" fromWho="2" sc="228,0,223,58,370,-58,179,0" /><INIT seed="7,0,0,5,3,25" ten="228,281,312,179" oya="3" hai0="135,40,0,69,91,115,1,31,48,119,56,17,107" hai1="94,66,62,121,127,104,37,92,117,21,67,126,19" hai2="96,52,57,70,75,95,28,82,32,85,51,29,58" hai3="36,15,7,27,38,33,97,6,73,9,98,103,53"/><W106/><G73/><T45/><D107/><U43/><E104/><V61/><F32/><W83/><G83/><T87/><D119/><U79/><E79/><N who="2" m="46303" /><F70/><W26/><G98/><T134/><D69/><U130/><E121/><V16/><F16/><W74/><G74/><T65/><D17/><U59/><E130/><V113/><F113/><W132/><G132/><N who="0" m="50731" /><D31/><N who="2" m="11850" /><F75/><W46/><G7/><T18/><D18/><U112/><E19/><V133/><F133/><W109/><G109/><T78/><D115/><U101/><E112/><V4/><F4/><W81/><G81/><N who="0" m="49647" /><D78/><U14/><E117/><V63/><F58/><W118/><G118/><T80/><D56/><U102/><E59/><V49/><F49/><W125/><G33/><T129/><D48/><U34/><E37/><V124/><F124/><W5/><G5/><T50/><D50/><U10/><E34/><V35/><F35/><W76/><G125/><T42/><D0/><U100/><E127/><V2/><F2/><W123/><G123/><T39/><D39/><N who="3" m="14889" /><G76/><T131/><D1/><U120/><E120/><V71/><F71/><W88/><G88/><AGARI ba="0,0" hai="51,52,57,61,63,88,95,96" m="11850,46303" machi="88" ten="30,12000,2" yaku="8,1,52,3,54,2" doraHai="25" who="2" fromWho="3" sc="228,0,281,0,312,120,179,-120" owari="228,-17.0,281,8.0,432,53.0,59,-44.0" /></mjloggm>