<mjloggm ver="2.3"><GO type="169" lobby="0"/><UN n0="%E3%81%92%E3%82%93%E3%81%8D%E3%81%A1" n1="%E3%81%87%E3%82%8B%E3%81%87%E3%82%8B" n2="%E3%82%A6%E3%83%AB%E3%83%88%E3%83%A9%E7%AB%8B%E7%9B%B4" n3="%79%6F%6A%6F" dan="16,16,17,18" rate="2045.24,2072.34,2157.08,2222.15" sx="M,F,M,F"/><TAIKYOKU oya="0"/><INIT seed="0,0,0,1,5,104" ten="250,250,250,250" oya="0" hai0="102,31,54,99,0,75,111,21,27,39,114,25,105" hai1="109,82,5,87,128,30,19,22,123,96,46,112,33" hai2="44,79,61,11,59,83,64,88,94,69,126,1,115" hai3="47,36,117,98,42,92,135,15,121,110,97,116,78"/><T66/><D114/><U35/><E112/><V26/><F126/><W118/><G110/><T124/><D0/><U55/><E123/><V68/><F115/><W3/><G3/><T100/><D39/><U16/><E109/><V70/><F26/><W9/><G135/><T107/><D111/><U91/><E5/><V2/><F44/><W134/><G134/><T6/><D6/><U113/><E113/><V49/><F49/><W103/><G121/><T67/><D124/><U38/><E128/><V58/><F58/><W13/><G78/><T24/><D54/><U41/><E30/><V84/><REACH who="2" step="1"/><F11/><REACH who="2" ten="250,250,240,250" step="2"/><W37/><G37/><T108/><D108/><U73/><E38/><V90/><F90/><W93/><REACH who="3" step="1"/><G9/><REACH who="3" ten="250,250,240,240" step="2"/><T52/><D31/><U72/><E35/><V56/><F56/><W51/><G51/><T85/><D27/><U28/><E33/><V62/><F62/><W86/><G86/><AGARI ba="0,2" hai="1,2,59,61,64,68,69,70,79,83,84,86,88,94" machi="86" ten="40,2600,0" yaku="1,1,54,1,53,0" doraHai="104" doraHaiUra="129" who="2" fromWho="3" sc="250,0,250,0,240,46,240,-26" /><INIT seed="1,0,0,4,5,45" ten="250,250,286,214" oya="1" hai0="72,77,44,135,79,103,83,39,123,105,85,26,104" hai1="121,36,132,129,50,24,59,18,127,54,56,133,76" hai2="47,118,60,112,92,130,25,8,22,17,87,12,67" hai3="49,0,131,5,66,38,69,119,2,90,95,126,58"/><U27/><E36/><V68/><F118/><W57/><G38/><T98/><D26/><U13/><E121/><V20/><F130/><W71/><G131/><T32/><D44/><U21/><E129/><V80/><F112/><W3/><G126/><T46/><D46/><U122/><E122/><V74/><F74/><W10/><G119/><T48/><D32/><U97/><E127/><V19/><F92/><W94/><G10/><T86/><D48/><U108/><E108/><V101/><F101/><W114/><G114/><T99/><D39/><U6/><E76/><V107/><F107/><W4/><G66/><T88/><D135/><U110/><E110/><V55/><F55/><W91/><G2/><T29/><D29/><U53/><E97/><N who="0" m="36873" /><D123/><U31/><E6/><V96/><F47/><W63/><REACH who="3" step="1"/><G49/><REACH who="3" ten="250,250,286,204" step="2"/><T70/><D70/><U43/><E43/><V65/><F65/><W75/><G75/><T100/><D72/><U28/><E133/><V11/><REACH who="2" step="1"/><F96/><REACH who="2" ten="250,250,276,204" step="2"/><W64/><G64/><T73/><D73/><U82/><E132/><V37/><F37/><W128/><G128/><T78/><D86/><U15/><E50/><V134/><F134/><W93/><G93/><T124/><D124/><U106/><E106/><AGARI ba="0,2" hai="77,78,79,83,85,88,100,103,104,105,106" m="36873" machi="106" ten="30,12000,2" yaku="35,5,54,1" doraHai="45" who="0" fromWho="1" sc="250,140,250,-120,276,0,204,0" /><INIT seed="2,0,0,5,3,93" ten="390,130,276,204" oya="2" hai0="94,115,116,56,2,74,44,128,58,45,1,37,98" hai1="17,102,68,129,75,6,63,26,121,53,13,59,27" hai2="22,65,135,119,83,60,101,73,54,47,133,28,69" hai3="112,120,107,130,86,123,12,49,5,97,81,82,78"/><V24/><F119/><W3/><G3/><T57/><D115/><U96/><E129/><V122/><F122/><W108/><G108/><T16/><D74/><U50/><E75/><V36/><F101/><W18/><G5/><T71/><D71/><U89/><E121/><V38/><F54/><W104/><G130/><T126/><D128/><U100/><E100/><V111/><F111/><W80/><G49/><T99/><D116/><U110/><E110/><V14/><F14/><W118/><G118/><T76/><D76/><U52/><E6/><V43/><REACH who="2" step="1"/><F36/><REACH who="2" ten="390,130,266,204" step="2"/><W0/><G12/><T124/><D37/><U64/><E53/><V11/><F11/><W131/><G131/><T105/><D105/><U91/><E27/><V67/><F67/><W85/><G107/><T29/><D1/><U41/><E26/><V51/><F51/><W30/><G0/><T72/><D2/><U10/><REACH who="1" step="1"/><E41/><REACH who="1" ten="390,120,266,204" step="2"/><V15/><F15/><W92/><G120/><T88/><D126/><U62/><E62/><V95/><F95/><AGARI ba="0,2" hai="10,13,17,50,52,59,63,64,68,89,91,95,96,102" machi="95" ten="30,8000,1" yaku="1,1,7,1,52,1,54,1,53,1" doraHai="93" doraHaiUra="7" who="1" fromWho="2" sc="390,0,120,100,266,-80,204,0" /><INIT seed="3,0,0,2,0,113" ten="390,220,186,204" oya="3" hai0="41,110,1,128,51,47,23,31,131,27,28,96,26" hai1="12,104,55,88,19,8,126,122,40,3,109,7,5" hai2="94,106,52,125,60,17,93,61,120,20,38,49,114" hai3="2,46,71,101,32,92,59,84,21,25,63,43,79"/><W133/><G133/><T64/><D1/><U0/><E122/><V11/><F114/><W90/><G2/><T36/><D110/><U16/><E104/><V76/><F106/><W115/><G115/><T135/><D64/><U66/><E109/><V34/><F38/><W127/><G127/><T78/><D135/><U82/><E126/><V123/><F34/><W22/><G71/><T74/><D96/><U132/><E132/><V10/><F76/><W103/><G79/><T80/><D51/><U65/><E40/><V87/><F125/><W39/><G32/><T134/><D134/><U33/><E33/><V6/><F120/><W77/><G77/><T89/><D89/><U29/><E29/><V15/><F123/><W102/><REACH who="3" step="1"/><G25/><REACH who="3" ten="390,220,186,194" step="2"/><T42/><D27/><U95/><E0/><V111/><F111/><W69/><G69/><T119/><D119/><U24/><E3/><V108/><F108/><W105/><G105/><T107/><D107/><U54/><E24/><V72/><F72/><W100/><N who="3" m="25600" /><DORA hai="53" /><W13/><G13/><T91/><D31/><U112/><E112/><V9/><F6/><W86/><G86/><T124/><D124/><U56/><E5/><V58/><F87/><W75/><G75/><T85/><D74/><U97/><E7/><V18/><F18/><W81/><G81/><T45/><D78/><U44/><E19/><V57/><REACH who="2" step="1"/><F61/><REACH who="2" ten="390,220,176,194" step="2"/><W129/><G129/><T99/><D99/><U35/><E35/><V118/><F118/><W48/><G48/><T67/><D131/><U4/><E16/><V116/><F116/><W73/><G73/><RYUUKYOKU ba="0,2" sc="390,-15,220,-15,176,15,194,15" hai2="9,10,11,15,17,20,49,52,57,58,60,93,94" hai3="21,22,39,43,46,59,63,84,90,92" /><INIT seed="3,1,2,1,2,96" ten="375,205,191,209" oya="3" hai0="15,133,90,118,47,73,125,122,45,2,111,66,36" hai1="109,106,126,117,39,57,3,124,31,107,104,1,17" hai2="9,82,135,0,19,83,116,112,114,85,93,12,95" hai3="6,5,11,63,62,50,79,105,86,10,102,16,84"/><W24/><G50/><T70/><RYUUKYOKU type="yao9" ba="1,2" sc="375,0,205,0,191,0,209,0" hai0="2,15,36,45,47,66,70,73,90,111,118,122,125,133" /><INIT seed="3,2,2,2,0,18" ten="375,205,191,209" oya="3" hai0="124,49,14,76,112,66,92,107,47,8,79,16,10" hai1="106,33,28,20,78,88,104,32,82,71,37,118,97" hai2="3,30,61,81,40,75,100,2,56,126,21,130,90" hai3="99,4,80,60,74,45,68,120,50,25,131,122,86"/><W11/><G74/><T13/><D107/><U119/><E37/><V65/><F126/><W58/><G68/><T114/><D124/><U102/><E71/><V128/><F40/><W35/><G131/><N who="2" m="50217" /><F100/><W27/><G99/><T57/><D92/><U7/><E7/><V127/><F127/><W15/><G35/><T19/><D66/><U83/><E106/><V54/><F54/><N who="3" m="33879" /><G122/><T41/><D57/><U103/><E103/><V39/><F39/><W0/><G0/><N who="2" m="41" /><F90/><N who="3" m="51527" /><G120/><T98/><D98/><U62/><E62/><V129/><N who="2" m="50225" /><V59/><DORA hai="108" /><F59/><W70/><G70/><T111/><D111/><U89/><E33/><V52/><F65/><W133/><G133/><T135/><D135/><U5/><E32/><V69/><F69/><W73/><G73/><T29/><D29/><U77/><E102/><V96/><F96/><W1/><G1/><T53/><REACH who="0" step="1"/><D41/><AGARI ba="2,2" hai="4,11,15,25,27,41,45,50" m="51527,33879" machi="41" ten="30,1500,0" yaku="8,1" doraHai="18,108" who="3" fromWho="0" sc="375,-21,205,0,191,0,209,41" /><INIT seed="3,3,0,3,1,27" ten="354,205,191,250" oya="3" hai0="14,50,52,109,77,122,76,31,23,82,120,43,123" hai1="59,62,29,25,67,3,36,72,33,131,70,85,71" hai2="40,22,61,103,100,126,84,81,65,15,53,28,34" hai3="17,107,57,129,42,94,16,58,104,73,135,48,30"/><W45/><G73/><T69/><D109/><U89/><E72/><V1/><F1/><W98/><G129/><T83/><D69/><U99/><E131/><V47/><F126/><W112/><G112/><T105/><D105/><U97/><E3/><V124/><F124/><W92/><G135/><T60/><D43/><U68/><REACH who="1" step="1"/><E36/><REACH who="1" ten="354,195,191,250" step="2"/><V91/><F34/><W113/><G113/><T11/><D122/><U102/><E102/><V117/><F117/><W66/><G107/><T75/><D120/><U63/><E63/><V18/><F103/><W133/><G104/><T7/><D123/><U101/><E101/><V6/><F100/><W121/><G121/><T64/><D60/><U37/><E37/><V24/><F61/><W10/><G133/><T79/><D75/><U2/><E2/><V134/><F134/><W87/><G48/><T115/><D115/><U132/><E132/><V118/><F118/><W8/><G66/><T0/><D64/><U88/><E88/><V44/><F65/><W125/><G125/><T74/><D0/><U86/><E86/><V12/><F40/><W111/><G87/><T46/><D74/><U93/><AGARI ba="3,1" hai="25,29,33,59,62,67,68,70,71,85,89,93,97,99" machi="93" ten="30,7900,0" yaku="1,1,0,1,52,1,53,1" doraHai="27" doraHaiUra="90" who="1" fromWho="1" sc="354,-23,195,98,191,-23,250,-42" /><INIT seed="4,0,0,5,4,9" ten="331,293,168,208" oya="0" hai0="30,111,122,15,19,118,2,64,93,32,125,110,127" hai1="71,46,86,56,10,130,89,77,20,7,65,38,0" hai2="33,83,70,88,23,87,25,102,69,28,55,11,100" hai3="48,16,53,117,37,43,104,135,99,12,67,82,54"/><T14/><D64/><U18/><E130/><V5/><F70/><W13/><G117/><T107/><D118/><U128/><E128/><V60/><F33/><W8/><G37/><T94/><D107/><U96/><E71/><V98/><F98/><W29/><G135/><T108/><D2/><U101/><E77/><V115/><F115/><W95/><G104/><T22/><D122/><U75/><E75/><V84/><F69/><W103/><G67/><T66/><D66/><U50/><E38/><V36/><F36/><W68/><G29/><T4/><D32/><U52/><E65/><V109/><F109/><W49/><G68/><T41/><D41/><U61/><E101/><V116/><F116/><W45/><G82/><T21/><D30/><U40/><E96/><V24/><F24/><W78/><G78/><T113/><D113/><U112/><E112/><V106/><F106/><W81/><G81/><T34/><D34/><U17/><REACH who="1" step="1"/><E20/><REACH who="1" ten="331,283,168,208" step="2"/><V132/><F132/><W1/><G1/><T72/><D72/><U59/><E59/><N who="2" m="34943" /><F87/><W27/><G99/><T91/><D91/><U114/><E114/><V126/><F126/><N who="0" m="48138" /><D22/><U105/><E105/><V39/><F39/><W74/><G74/><T47/><D47/><U120/><E120/><V73/><F73/><W31/><G103/><T121/><D121/><U92/><AGARI ba="0,1" hai="0,7,10,17,18,40,46,50,52,56,61,86,89,92" machi="92" ten="20,8000,1" yaku="1,1,0,1,7,1,54,1,53,1" doraHai="9" doraHaiUra="51" who="1" fromWho="1" sc="331,-40,283,90,168,-20,208,-20" /><INIT seed="5,0,0,1,5,131" ten="291,373,148,188" oya="1" hai0="46,79,44,87,108,14,67,41,68,49,28,29,106" hai1="114,111,18,100,39,6,77,132,126,104,58,4,86" hai2="63,133,35,101,95,124,122,69,74,98,32,3,128" hai3="57,37,73,72,93,110,109,61,52,12,50,24,76"/><U27/><E114/><V88/><F122/><W91/><G37/><T7/><D108/><U70/><E70/><V83/><F3/><W78/><G24/><T125/><D125/><U15/><E39/><V17/><F124/><W89/><G73/><T65/><D106/><U9/><E104/><V129/><F17/><W90/><G93/><T22/><D68/><U103/><E111/><V134/><F35/><W30/><G30/><T33/><D33/><U13/><E27/><V130/><F32/><W116/><G116/><T54/><D22/><U5/><E58/><V75/><F69/><W115/><G115/><T80/><D29/><U112/><E112/><V92/><F63/><W62/><G109/><T82/><D82/><U20/><E86/><N who="2" m="52247" /><F75/><W96/><G96/><T120/><D28/><U81/><E81/><V94/><F94/><W97/><G97/><T43/><D120/><U21/><E77/><AGARI ba="0,0" hai="74,77,83,95,98,101,128,129,130,133,134" m="52247" machi="77" ten="40,12000,2" yaku="19,1,34,2,52,2,54,1" doraHai="131" who="2" fromWho="1" sc="291,0,373,-120,148,120,188,0" /><INIT seed="6,0,0,2,2,90" ten="291,253,268,188" oya="2" hai0="65,39,84,33,63,134,71,88,29,78,10,37,67" hai1="91,102,126,47,45,118,103,44,68,75,92,24,7" hai2="97,89,15,77,135,30,107,106,73,50,130,128,60" hai3="13,57,32,109,94,18,12,61,132,62,46,119,121"/><V56/><F30/><W8/><G121/><T93/><D134/><U58/><E118/><V117/><F117/><W96/><G119/><T48/><D65/><U100/><E68/><V129/><F135/><W81/><G132/><T55/><D10/><U131/><E75/><V87/><F50/><W1/><G32/><T2/><D2/><U123/><E123/><V41/><F41/><W101/><G109/><T17/><D17/><U3/><E131/><V110/><F110/><W53/><G81/><T42/><D42/><U25/><E7/><V22/><F97/><W95/><G1/><T28/><D78/><U36/><E3/><V27/><F77/><W125/><G125/><T115/><D115/><U20/><E126/><V5/><F73/><W104/><G46/><T133/><D133/><U69/><E69/><V122/><F122/><W6/><REACH who="3" step="1"/><G62/><REACH who="3" ten="291,253,268,178" step="2"/><T35/><D33/><U72/><E36/><V79/><F60/><W21/><AGARI ba="0,1" hai="6,8,12,13,18,21,53,57,61,94,95,96,101,104" machi="21" ten="20,12000,2" yaku="1,1,2,1,0,1,7,1,52,2,53,1" doraHai="90" doraHaiUra="98" who="3" fromWho="3" sc="291,-30,253,-30,268,-60,178,130" /><INIT seed="7,0,0,4,0,117" ten="261,223,208,308" oya="3" hai0="86,115,134,30,22,23,41,52,96,28,130,37,31" hai1="94,54,63,35,51,6,27,64,122,34,81,73,83" hai2="121,87,4,15,120,25,13,56,20,93,74,114,50" hai3="88,8,108,17,127,18,49,44,90,10,11,38,71"/><W48/><G71/><T43/><D130/><U92/><E6/><V89/><F74/><W26/><G127/><T9/><D134/><U60/><E122/><N who="2" m="47211" /><F114/><W14/><G38/><T75/><D75/><U12/><E73/><V42/><F4/><W109/><G26/><T135/><D135/><U105/><E105/><V82/><F82/><N who="1" m="31241" /><E35/><V101/><F101/><W113/><G113/><T67/><D115/><U132/><E34/><V79/><F79/><W21/><G18/><T124/><D124/><U3/><E3/><V29/><F56/><W78/><G78/><T107/><D86/><U53/><E132/><V111/><F111/><N who="3" m="42571" /><G49/><T103/><D67/><U112/><E112/><V32/><F32/><W16/><G17/><T100/><D100/><U119/><E119/><V80/><F80/><W39/><G39/><T46/><D37/><U65/><E27/><V66/><F66/><N who="1" m="25705" /><E12/><V24/><F24/><W131/><G131/><T128/><D128/><U7/><E7/><V59/><F59/><W68/><G68/><T129/><D129/><U69/><E69/><V116/><F116/><W133/><G133/><T118/><D118/><U102/><E102/><V72/><F72/><W98/><G98/><T0/><D103/><U33/><E33/><V61/><F61/><N who="1" m="23625" /><E51/><V62/><F62/><W110/><G110/><T85/><D96/><U58/><E58/><V70/><F70/><W97/><G97/><T1/><D85/><U123/><E123/><V19/><F19/><W104/><G104/><T47/><D107/><U84/><E84/><V40/><F50/><W77/><G77/><RYUUKYOKU ba="0,0" sc="261,-30,223,10,208,10,308,10" hai1="53,54,92,94" hai2="13,15,20,25,29,40,42,87,89,93" hai3="8,10,11,14,16,21,44,48,88,90" owari="231,-17.0,233,3.0,218,-28.0,318,42.0" /></mjloggm>