<mjloggm ver="2.3"><GO type="169" lobby="0"/><UN n0="%E3%83%8B%E3%83%A3%E3%83%83%E3%83%94%E3%83%BC%E5%A4%8F%E7%9B%AE" n1="%E7%9F%B3%E5%B1%8B" n2="%E3%82%A6%E3%83%AB%E3%83%88%E3%83%A9%E7%AB%8B%E7%9B%B4" n3="%E3%82%A4%E3%82%AB%E5%A8%98" dan="17,17,17,16" rate="2138.48,2224.32,2164.31,2106.25" sx="M,M,M,M"/><TAIKYOKU oya="0"/><INIT seed="0,0,0,3,3,127" ten="250,250,250,250" oya="0" hai0="84,63,118,99,126,6,129,75,109,108,90,59,130" hai1="20,131,67,92,89,37,85,91,46,9,14,83,115" hai2="73,113,82,101,94,57,134,135,96,3,121,64,65" hai3="77,124,41,97,72,128,111,26,110,48,119,71,95"/><T25/><D75/><U29/><E115/><V33/><F121/><W68/><G119/><T53/><D118/><U24/><E67/><V61/><F3/><W0/><G0/><T44/><D126/><U116/><E116/><V62/><F33/><W102/><G124/><T16/><D6/><U7/><E131/><N who="0" m="50185" /><D99/><U5/><E37/><V54/><F113/><W93/><G128/><T15/><D25/><U100/><E46/><V27/><F27/><W87/><G26/><T103/><D44/><U49/><E49/><V78/><F62/><W125/><G72/><T4/><D103/><U106/><E106/><V104/><F104/><W114/><G97/><T23/><D4/><N who="1" m="3367" /><E100/><V76/><F101/><W32/><G102/><T69/><D69/><U47/><E47/><V105/><F96/><AGARI ba="0,0" hai="5,7,20,24,29,83,85,89,91,92,96" m="3367" machi="96" ten="30,1000,0" yaku="8,1" doraHai="127" who="1" fromWho="2" sc="250,0,250,10,250,-10,250,0" /><INIT seed="1,0,0,4,2,117" ten="250,260,240,250" oya="1" hai0="110,116,10,65,60,108,37,76,27,7,0,22,54" hai1="23,11,68,34,67,97,44,28,29,125,2,49,15" hai2="18,89,132,120,86,32,77,20,112,50,63,62,114" hai3="36,124,30,46,61,39,131,121,85,33,6,135,83"/><U100/><E125/><V106/><F32/><W130/><G135/><T57/><D116/><U104/><E2/><V12/><F106/><W16/><G121/><T92/><D37/><U91/><E23/><V102/><F102/><W103/><G6/><T26/><D76/><U126/><E126/><V3/><F3/><W90/><G124/><T45/><D92/><U98/><E34/><V51/><F77/><W4/><G4/><T9/><D9/><U35/><E35/><V8/><F132/><W69/><G103/><T19/><D27/><U31/><E68/><V80/><F120/><W42/><G30/><T1/><D1/><U43/><E67/><V81/><F81/><W58/><G33/><T93/><D93/><U95/><REACH who="1" step="1"/><E31/><REACH who="1" ten="250,250,240,250" step="2"/><V122/><F20/><W74/><G69/><T24/><D24/><U72/><E72/><V115/><F122/><W96/><G74/><T13/><D26/><U101/><E101/><V48/><AGARI ba="0,1" hai="8,12,18,48,50,51,62,63,80,86,89,112,114,115" machi="48" ten="40,2700,0" yaku="0,1,11,1" doraHai="117" who="2" fromWho="2" sc="250,-7,250,-13,240,37,250,-7" /><INIT seed="2,0,0,1,4,5" ten="243,237,277,243" oya="2" hai0="119,108,74,83,114,57,82,18,59,122,26,131,130" hai1="23,117,63,25,125,34,67,38,92,80,19,37,46" hai2="81,33,95,90,118,75,96,6,128,42,43,53,0" hai3="105,99,10,112,39,66,72,91,12,48,123,13,94"/><V129/><F33/><W126/><G39/><T109/><D122/><U14/><E117/><V50/><F118/><W27/><G123/><T17/><D119/><U134/><E134/><V76/><F43/><W36/><G36/><T124/><D26/><U60/><E125/><V135/><F42/><W70/><G126/><T132/><D124/><U127/><E127/><V133/><F6/><W35/><G72/><T9/><D74/><U45/><E38/><V52/><F0/><W107/><G112/><T68/><D68/><U79/><E92/><V7/><F7/><W61/><G48/><T115/><REACH who="0" step="1"/><D9/><REACH who="0" ten="233,237,277,243" step="2"/><U58/><E34/><V15/><F135/><AGARI ba="0,1" hai="17,18,57,59,82,83,108,109,114,115,130,131,132,135" machi="135" ten="25,6400,0" yaku="1,1,2,1,22,2,53,0" doraHai="5" doraHaiUra="32" who="0" fromWho="2" sc="233,74,237,0,277,-64,243,0" /><INIT seed="3,0,0,4,3,32" ten="307,237,213,243" oya="3" hai0="127,67,19,115,10,86,130,68,77,61,39,129,99" hai1="73,89,128,104,74,111,13,53,112,20,15,55,114" hai2="71,28,0,8,66,98,102,100,75,70,46,11,76" hai3="88,38,18,14,49,120,96,3,117,107,51,93,94"/><W33/><G117/><T6/><D39/><U17/><E104/><V12/><F28/><W56/><G120/><T64/><D64/><U118/><E118/><V83/><F66/><W135/><G38/><T84/><D127/><U69/><E69/><V97/><F46/><W43/><G33/><T108/><D108/><U21/><E111/><V85/><F85/><W54/><G107/><T122/><D122/><U1/><E89/><V126/><F126/><W113/><G135/><T57/><D68/><U36/><E36/><V22/><F22/><W2/><G113/><T101/><D19/><U80/><E80/><V25/><F25/><W123/><G123/><T92/><D115/><U60/><E60/><V52/><F52/><W65/><G65/><T105/><D105/><U133/><E17/><V106/><F11/><W87/><G43/><T5/><D5/><U63/><E63/><V134/><F134/><W35/><G35/><T109/><D109/><U40/><E133/><V82/><F82/><W45/><G45/><T47/><D47/><U81/><E81/><V44/><F44/><W37/><G51/><T72/><D72/><U132/><E132/><V78/><F78/><W131/><G131/><N who="0" m="50187" /><D77/><U125/><E128/><V4/><REACH who="2" step="1"/><F12/><AGARI ba="0,0" hai="6,10,12,57,61,67,84,86,92,99,101" m="50187" machi="12" ten="30,1000,0" yaku="19,1" doraHai="32" who="0" fromWho="2" sc="307,10,237,0,213,-10,243,0" /><INIT seed="4,0,0,2,4,130" ten="317,237,203,243" oya="0" hai0="75,32,38,29,68,113,112,2,43,110,42,132,35" hai1="96,92,128,78,22,127,62,34,134,101,83,117,114" hai2="111,21,135,13,53,58,94,44,76,97,64,66,103" hai3="61,51,70,63,77,106,40,80,95,116,37,56,71"/><T57/><D68/><U59/><E34/><V126/><F111/><W123/><G106/><T33/><D75/><U119/><E128/><V19/><F126/><W87/><G116/><T115/><D2/><U9/><E127/><V74/><F135/><W10/><G123/><T84/><D110/><U28/><E9/><V24/><F74/><W60/><G37/><T25/><D132/><U54/><E114/><V72/><F72/><W12/><G95/><T20/><D38/><U122/><E122/><V49/><F76/><W65/><G70/><T7/><D7/><U6/><E6/><V18/><REACH who="2" step="1"/><F44/><REACH who="2" ten="317,237,193,243" step="2"/><N who="3" m="25991" /><G71/><T105/><D115/><U50/><E134/><V46/><F46/><W8/><G8/><AGARI ba="0,1" hai="8,13,18,19,21,24,49,53,58,64,66,94,97,103" machi="8" ten="30,3900,0" yaku="1,1,7,1,8,1,53,0" doraHai="130" doraHaiUra="3" who="2" fromWho="3" sc="317,0,237,0,193,49,243,-39" /><INIT seed="5,0,0,2,0,7" ten="317,237,242,204" oya="1" hai0="21,69,127,20,135,76,13,124,53,41,93,38,98" hai1="51,112,60,129,37,40,103,45,43,116,113,106,27" hai2="122,64,55,131,86,72,16,95,120,47,63,26,77" hai3="29,2,17,54,118,107,81,114,15,97,14,12,96"/><U73/><E73/><V0/><F0/><W78/><G2/><T35/><D69/><U99/><E116/><V30/><F131/><W44/><G114/><T89/><D35/><U82/><E129/><V108/><F72/><W110/><G110/><T85/><D135/><U105/><E82/><V18/><F108/><W121/><G121/><T36/><D53/><U46/><E105/><V39/><F120/><W52/><G118/><T65/><D65/><U91/><E91/><V56/><F122/><W10/><G29/><T123/><D123/><U31/><REACH who="1" step="1"/><E60/><REACH who="1" ten="317,227,242,204" step="2"/><V88/><F77/><W61/><G107/><T28/><D76/><U80/><E80/><V132/><F132/><W67/><G81/><T133/><D89/><U90/><E90/><V74/><F74/><W11/><G78/><T92/><D133/><U6/><E6/><V57/><F88/><W5/><G14/><T19/><D13/><U48/><E48/><V75/><F75/><W49/><REACH who="3" step="1"/><G54/><REACH who="3" ten="317,227,242,194" step="2"/><T115/><D115/><U87/><E87/><V111/><F86/><W25/><G25/><T68/><D85/><U50/><E50/><V58/><F55/><W32/><G32/><AGARI ba="0,2" hai="27,31,32,37,40,43,45,46,51,99,103,106,112,113" machi="32" ten="40,7700,0" yaku="1,1,53,2" doraHai="7" doraHaiUra="109" who="1" fromWho="3" sc="317,0,227,97,242,0,194,-77" /><INIT seed="5,1,0,2,0,50" ten="317,324,242,117" oya="1" hai0="46,73,38,14,115,22,92,82,94,60,30,104,19" hai1="132,27,106,64,43,134,78,130,18,10,96,102,15" hai2="16,26,95,66,70,77,129,61,62,99,112,39,122" hai3="103,13,107,34,55,119,71,21,5,17,2,117,23"/><U48/><E64/><V123/><F39/><W98/><G71/><T56/><D104/><U31/><E130/><V101/><F129/><W53/><G34/><T121/><D115/><U58/><E78/><V32/><F112/><W125/><G125/><T75/><D121/><U6/><E6/><V87/><F62/><W42/><G42/><T25/><D46/><U11/><E11/><V24/><F24/><W35/><G35/><T49/><D49/><U51/><E43/><V45/><F45/><W110/><G110/><T29/><D38/><U74/><E74/><V100/><F100/><W72/><G72/><T85/><D73/><U41/><E41/><V36/><F36/><W83/><G83/><T105/><D105/><U109/><E109/><V113/><F113/><W0/><G21/><N who="0" m="11511" /><D30/><U8/><E8/><V76/><F32/><W133/><G133/><N who="1" m="51306" /><E58/><V69/><F69/><W93/><G107/><T40/><D40/><U59/><E59/><V108/><F108/><W1/><REACH who="3" step="1"/><G5/><REACH who="3" ten="317,324,242,107" step="2"/><T9/><D75/><U91/><E106/><N who="2" m="63807" /><F70/><W80/><G80/><T57/><D9/><U97/><E10/><V116/><F123/><W79/><G79/><T37/><D82/><U47/><E31/><V65/><F122/><W81/><G81/><T63/><D29/><U28/><E28/><V4/><F77/><W124/><G124/><T12/><D63/><U68/><E68/><V86/><F61/><W33/><G33/><T84/><D60/><U7/><E7/><V128/><F4/><W3/><N who="3" m="0" /><DORA hai="114" /><W120/><G120/><T89/><D22/><U127/><E127/><RYUUKYOKU ba="1,1" sc="317,-10,324,-10,242,-10,107,30" hai3="13,17,23,53,55,93,98,103,117,119" /><INIT seed="6,2,1,2,4,126" ten="307,314,232,137" oya="2" hai0="10,13,127,71,6,55,115,72,19,113,88,20,83" hai1="122,52,33,54,109,94,26,39,58,47,78,76,117" hai2="67,44,116,1,23,119,82,104,18,40,66,21,103" hai3="61,100,22,132,70,120,81,65,128,51,48,60,69"/><V57/><F1/><W45/><G120/><T50/><D71/><U24/><E109/><V95/><F104/><W7/><G100/><T106/><D106/><U125/><E117/><V98/><F23/><W38/><G7/><T31/><D31/><U77/><E125/><V62/><F82/><W80/><G22/><T87/><D72/><U53/><E33/><V89/><F67/><N who="3" m="41191" /><G81/><T17/><D127/><U85/><E39/><V36/><REACH who="2" step="1"/><F103/><REACH who="2" ten="307,314,222,137" step="2"/><W2/><G80/><T0/><D0/><U99/><E122/><V79/><F79/><W9/><G2/><T130/><D20/><U105/><E105/><V12/><AGARI ba="2,2" hai="12,18,21,36,40,44,57,62,66,89,95,98,116,119" machi="12" ten="20,3900,0" yaku="1,1,0,1,7,1,53,0" doraHai="126" doraHaiUra="108" who="2" fromWho="2" sc="307,-15,314,-15,222,65,137,-15" /><INIT seed="6,3,0,0,1,47" ten="292,299,287,122" oya="2" hai0="94,21,20,59,120,95,44,50,115,24,29,39,67" hai1="35,9,13,99,109,104,76,72,64,31,51,69,100" hai2="92,41,63,131,114,53,61,10,128,93,130,11,54" hai3="102,56,5,85,27,91,68,82,14,119,3,134,73"/><V110/><F41/><W108/><G68/><T38/><D120/><U89/><E109/><V88/><F114/><W58/><G119/><T83/><D115/><U111/><E111/><V36/><F36/><W6/><G108/><T133/><D133/><U74/><E89/><V129/><F129/><W1/><G134/><T40/><D39/><U135/><E76/><V75/><F75/><W80/><G102/><T26/><D83/><U42/><E135/><V107/><F107/><W126/><G126/><T125/><D125/><U18/><E42/><V45/><F110/><W34/><G3/><T17/><D38/><U25/><E51/><N who="2" m="28911" /><F93/><W121/><G1/><T4/><D4/><U87/><E87/><N who="2" m="52255" /><F54/><W79/><G121/><T19/><D29/><U23/><E9/><AGARI ba="3,0" hai="9,10,11,61,63,128,130,131" m="52255,28911" machi="9" ten="30,5800,0" yaku="19,1,52,1,54,1" doraHai="47" who="2" fromWho="1" sc="292,0,299,-67,287,67,122,0" /><INIT seed="6,4,0,1,4,63" ten="292,232,354,122" oya="2" hai0="135,7,120,41,50,132,54,55,28,9,8,111,11" hai1="36,125,96,102,117,105,89,79,26,100,73,24,44" hai2="71,58,21,94,113,121,0,129,134,17,22,5,126" hai3="106,70,130,12,6,62,29,35,87,2,30,119,84"/><V110/><F71/><W46/><G119/><T52/><D111/><U47/><E117/><V31/><F121/><W51/><G106/><T101/><D120/><U14/><E73/><V69/><F69/><W118/><G118/><T40/><D101/><U1/><E1/><V104/><F104/><W39/><G39/><T93/><D93/><U38/><E14/><V15/><F58/><W43/><G2/><T109/><D109/><U133/><E79/><V67/><F94/><W66/><G130/><T65/><D65/><U114/><E105/><V107/><F67/><W75/><G75/><T32/><D7/><U16/><E96/><V77/><F77/><W61/><G61/><T90/><D90/><U33/><E33/><V25/><F107/><W78/><G35/><T42/><D50/><U91/><E133/><V95/><F95/><W131/><G131/><T108/><D108/><U13/><E13/><V127/><F134/><W81/><REACH who="3" step="1"/><G87/><REACH who="3" ten="292,232,354,112" step="2"/><T72/><D72/><U27/><E38/><V4/><F129/><W53/><G53/><T88/><D135/><U115/><E36/><V10/><F110/><W83/><G83/><T3/><D3/><U49/><E49/><V20/><F0/><W60/><G60/><T45/><D132/><U74/><E74/><V86/><F86/><W123/><G123/><T128/><D128/><U85/><E85/><V80/><F80/><W57/><G57/><T97/><D32/><U37/><E37/><V68/><F68/><W48/><G48/><T19/><D54/><U124/><E44/><V23/><N who="2" m="5120" /><DORA hai="122" /><V82/><F82/><RYUUKYOKU ba="4,1" sc="292,-10,232,-10,354,-10,112,30" hai3="6,12,29,30,43,46,51,62,66,70,78,81,84" /><INIT seed="7,5,1,3,0,7" ten="282,222,344,142" oya="3" hai0="76,87,113,105,77,66,0,40,5,86,101,93,3" hai1="135,56,102,51,48,59,50,14,54,58,129,108,47" hai2="38,121,21,19,75,70,110,74,26,88,28,104,134" hai3="94,69,65,106,13,43,67,82,128,63,44,123,107"/><W33/><G123/><T10/><D0/><U1/><E1/><V4/><F38/><W60/><G128/><T122/><D122/><U25/><E102/><V118/><F70/><W131/><G131/><T11/><D66/><U115/><E129/><V116/><F104/><W114/><G33/><T83/><D40/><U27/><E108/><V18/><F110/><W57/><G114/><T20/><D20/><U91/><E135/><V8/><F134/><W68/><G82/><T117/><D117/><U52/><E115/><V36/><F36/><W31/><G31/><T112/><D105/><U79/><E79/><V89/><F74/><W72/><G72/><T61/><D61/><U95/><E14/><V90/><F75/><W80/><G80/><T103/><D3/><U24/><E47/><V71/><F71/><W34/><G34/><T16/><D83/><U97/><AGARI ba="5,1" hai="24,25,27,48,50,51,52,54,56,58,59,91,95,97" machi="97" ten="40,8000,1" yaku="0,1,29,2,8,1,54,1" doraHai="7" who="1" fromWho="1" sc="282,-25,222,105,344,-25,142,-45" owari="257,-14.0,327,42.0,319,12.0,97,-40.0" /></mjloggm>