<mjloggm ver="2.3"><GO type="169" lobby="0"/><UN n0="%E6%B0%B4%E6%9C%AC%E3%82%86%E3%81%8B%E3%82%8A" n1="%EF%BD%9E%E9%9A%BC%EF%BD%9E" n2="%6D%6F%6E%6F%2D%31%34" n3="%E5%B0%B1%E6%B4%BB%E7%94%9F%40%E5%B7%9D%E6%9D%91%E8%BB%8D%E5%9B%A3" dan="16,17,16,17" rate="2159.39,2127.50,2120.99,2250.05" sx="F,M,M,M"/><TAIKYOKU oya="0"/><INIT seed="0,0,0,5,1,23" ten="250,250,250,250" oya="0" hai0="68,26,115,62,19,2,74,29,95,93,58,110,127" hai1="111,79,126,97,1,90,25,103,104,81,128,31,70" hai2="50,86,117,45,101,113,47,17,124,133,129,76,120" hai3="60,61,22,53,75,114,40,35,89,125,91,67,0"/><T96/><D115/><U6/><E70/><V118/><F113/><W14/><G35/><T55/><D74/><U30/><E111/><V66/><F120/><W134/><G75/><T130/><D2/><U109/><E109/><V135/><F101/><W7/><G0/><T98/><D110/><U44/><E128/><V48/><F129/><W112/><G40/><T51/><D130/><U107/><E107/><V64/><F76/><W32/><G32/><T56/><D127/><U106/><E106/><V108/><F86/><W94/><G125/><T80/><D68/><U71/><E71/><V10/><F10/><W100/><G134/><N who="2" m="51209" /><F17/><W105/><G105/><T83/><D19/><U119/><E119/><N who="2" m="45579" /><F124/><W99/><G112/><T27/><D95/><U49/><E90/><V72/><F72/><W121/><G121/><T24/><D29/><U69/><E69/><V85/><F85/><W42/><G91/><N who="0" m="55359" /><D98/><U88/><E88/><V43/><F108/><W18/><G114/><T59/><D59/><U131/><E131/><V8/><F8/><W92/><G92/><T122/><D122/><U38/><E30/><V46/><F43/><W11/><G100/><T5/><D5/><U20/><E126/><V4/><F4/><W16/><G7/><T63/><D63/><U3/><E6/><V34/><F34/><W87/><G61/><T102/><D102/><U65/><E103/><V37/><F37/><W73/><G73/><T54/><AGARI ba="0,0" hai="24,26,27,51,54,55,56,58,62,80,83" m="55359" machi="54" ten="30,11700,0" yaku="8,1,52,3" doraHai="23" who="0" fromWho="0" sc="250,117,250,-39,250,-39,250,-39" /><INIT seed="0,1,0,1,0,87" ten="367,211,211,211" oya="0" hai0="72,98,52,33,69,3,108,135,5,67,128,129,89" hai1="85,27,13,103,49,110,101,22,56,26,84,62,15" hai2="1,126,96,86,30,41,125,63,134,109,76,14,111" hai3="79,4,0,127,120,57,29,38,118,81,47,19,18"/><T122/><D122/><U40/><E110/><N who="2" m="41995" /><F1/><W75/><G118/><T130/><D72/><U36/><E36/><V104/><F30/><W43/><G127/><N who="2" m="48649" /><F41/><W6/><G120/><T61/><D33/><U28/><E49/><V51/><F51/><W83/><G83/><T133/><D108/><U132/><E132/><N who="0" m="50761" /><D5/><U48/><E48/><V12/><F63/><W23/><G57/><T88/><D3/><U32/><E40/><V50/><F50/><W73/><G73/><T7/><D7/><U123/><E123/><V121/><F134/><W44/><G44/><T37/><D37/><U124/><E124/><V74/><F74/><W114/><G114/><T71/><D71/><U107/><E28/><V11/><F11/><N who="3" m="2439" /><G6/><T92/><D89/><U112/><E112/><V42/><F42/><W97/><G29/><T116/><D116/><U117/><E117/><V16/><F121/><W115/><G115/><T99/><D99/><U45/><E45/><V90/><F76/><W21/><G19/><T106/><D106/><U105/><E56/><V10/><F96/><W95/><G18/><T53/><AGARI ba="1,0" hai="52,53,61,67,69,88,92,98,128,129,130" m="50761" machi="53" ten="40,12000,1" yaku="19,1,20,1,52,1,54,2" doraHai="87" who="0" fromWho="0" sc="367,123,211,-41,211,-41,211,-41" /><INIT seed="0,2,0,4,0,23" ten="490,170,170,170" oya="0" hai0="78,4,47,115,44,119,14,40,0,37,103,109,50" hai1="134,86,60,34,90,80,35,84,38,83,127,70,11" hai2="31,96,92,58,22,61,107,25,53,128,98,125,15" hai3="95,49,75,74,106,101,126,129,1,51,67,29,110"/><T10/><D115/><U93/><E38/><V130/><F125/><W123/><G1/><T42/><D119/><U64/><E127/><V9/><F107/><W18/><G106/><T24/><D109/><U21/><E134/><V87/><F87/><W85/><G29/><T48/><D103/><U30/><E11/><V104/><F104/><W66/><G126/><T76/><D37/><U7/><E7/><V82/><F82/><W3/><G3/><T121/><D121/><U68/><E93/><V73/><F73/><W63/><G63/><T62/><D0/><U117/><E117/><V69/><F69/><W132/><G18/><T12/><D12/><U41/><E41/><V17/><REACH who="2" step="1"/><F92/><REACH who="2" ten="490,170,160,170" step="2"/><W39/><G85/><T57/><D76/><U59/><E68/><V33/><F33/><W56/><G95/><T65/><D78/><U94/><E70/><V36/><F36/><W111/><G39/><T116/><D116/><U122/><E122/><V89/><F89/><W72/><G72/><T100/><D100/><U8/><E35/><V135/><F135/><W16/><G101/><T133/><D133/><U2/><E34/><V131/><AGARI ba="2,1" hai="9,15,17,22,25,31,53,58,61,96,98,128,130,131" machi="131" ten="30,7900,0" yaku="1,1,0,1,19,1,52,1,53,0" doraHai="23" doraHaiUra="45" who="2" fromWho="2" sc="490,-41,170,-22,160,95,170,-22" /><INIT seed="1,0,0,5,3,8" ten="449,148,255,148" oya="1" hai0="47,56,84,13,25,92,62,131,38,57,79,110,72" hai1="99,130,64,45,41,15,66,52,49,69,40,76,100" hai2="2,28,29,23,127,83,101,112,67,120,63,126,132" hai3="58,78,21,129,34,31,88,123,7,95,124,109,104"/><U118/><E118/><V102/><F2/><W9/><G104/><T98/><D72/><U18/><E76/><V22/><F132/><W75/><G123/><T71/><D71/><U106/><E130/><V94/><F83/><W93/><G34/><T65/><D38/><U115/><E115/><V33/><F33/><W26/><G129/><T42/><D131/><U105/><E105/><V108/><F108/><W1/><G124/><N who="2" m="47657" /><F94/><W82/><G109/><T122/><D122/><U46/><E69/><V77/><F77/><W20/><G58/><T6/><D25/><U89/><E89/><V73/><F73/><W3/><G3/><T27/><D27/><U12/><E41/><V0/><F0/><W97/><REACH who="3" step="1"/><G95/><REACH who="3" ten="449,148,255,138" step="2"/><T116/><D110/><U53/><E53/><V32/><F32/><W81/><G81/><T51/><D92/><U87/><E87/><V74/><F74/><W96/><G96/><T135/><D98/><U39/><REACH who="1" step="1"/><E12/><REACH who="1" ten="449,138,255,138" step="2"/><V37/><F112/><W134/><G134/><T24/><D84/><U17/><E17/><V44/><F120/><W91/><G91/><T16/><D135/><U35/><E35/><V103/><F103/><W10/><G10/><AGARI ba="0,2" hai="10,15,18,39,40,45,46,49,52,64,66,99,100,106" machi="10" ten="30,11600,0" yaku="1,1,7,1,52,1,54,1,53,0" doraHai="8" doraHaiUra="30" who="1" fromWho="3" sc="449,0,138,136,255,0,138,-116" /><INIT seed="1,1,0,5,1,118" ten="449,274,255,22" oya="1" hai0="119,68,21,82,17,71,115,4,38,120,95,84,60" hai1="85,35,89,100,125,83,111,94,26,31,107,63,22" hai2="127,75,134,36,133,6,52,76,37,114,16,105,51" hai3="65,5,101,41,93,27,81,121,19,108,112,92,32"/><U33/><E125/><V96/><F127/><W61/><G112/><T55/><D38/><U30/><E107/><V80/><F6/><W40/><G5/><T50/><D115/><U9/><E111/><V20/><F114/><W116/><G116/><T78/><D119/><U113/><E113/><V53/><F53/><W62/><G108/><T131/><D131/><U130/><E130/><V12/><F105/><W56/><G121/><T70/><D4/><U132/><E132/><N who="2" m="50795" /><F96/><W48/><G81/><T54/><D95/><U87/><E31/><V13/><F12/><W43/><G101/><T99/><D99/><U64/><E9/><V3/><F3/><W42/><N who="3" m="10752" /><DORA hai="10" /><W74/><G74/><T49/><D120/><U47/><E47/><AGARI ba="1,0" hai="13,16,20,36,37,47,51,52,75,76,80" m="50795" machi="47" ten="30,7700,0" yaku="20,1,52,1,54,2" doraHai="118,10" who="2" fromWho="1" sc="449,0,274,-80,255,80,22,0" /><INIT seed="2,0,0,5,2,92" ten="449,194,335,22" oya="2" hai0="78,10,101,4,98,43,120,83,59,5,40,91,20" hai1="65,13,82,128,80,118,23,36,73,111,26,27,77" hai2="35,134,124,126,57,125,34,79,122,33,69,11,123" hai3="37,109,71,96,12,51,25,64,88,103,104,110,53"/><V130/><F69/><W32/><G37/><T75/><D120/><N who="2" m="46122" /><F79/><W132/><G132/><T74/><D74/><U63/><E111/><N who="3" m="42506" /><G12/><T61/><D20/><U55/><E128/><V24/><F57/><N who="3" m="32959" /><G71/><T9/><D91/><U58/><E36/><V108/><F108/><W47/><G47/><T38/><D10/><U18/><E118/><V99/><F134/><W102/><G64/><T90/><D90/><U3/><E3/><V17/><F130/><W39/><G39/><T0/><D5/><U94/><E80/><V60/><F60/><W121/><G121/><T95/><REACH who="0" step="1"/><D38/><REACH who="0" ten="439,194,335,22" step="2"/><U56/><E73/><V19/><F11/><W117/><G117/><T70/><D70/><U16/><E77/><V49/><F35/><W133/><G133/><T44/><D44/><U14/><E82/><V54/><F34/><W6/><G6/><T15/><D15/><U107/><E14/><V89/><F33/><W112/><G112/><T87/><D87/><U1/><E13/><V50/><F24/><W22/><G32/><T85/><D85/><U21/><E26/><V28/><F126/><W119/><G119/><T81/><D81/><U131/><E27/><V106/><F125/><W97/><G25/><T100/><D100/><N who="3" m="38441" /><G22/><T31/><D31/><U115/><E21/><V45/><F28/><W105/><G88/><T46/><D46/><U29/><E23/><V86/><F124/><W113/><G113/><T127/><D127/><U30/><E115/><V67/><F89/><W93/><G93/><T114/><D114/><U129/><E94/><V66/><F45/><W52/><G52/><AGARI ba="0,1" hai="0,4,9,40,43,52,59,61,75,78,83,95,98,101" machi="52" ten="30,8000,1" yaku="1,1,6,1,7,1,52,1,54,1,53,0" doraHai="92" doraHaiUra="42" who="0" fromWho="3" sc="439,90,194,0,335,0,22,-80" owari="529,63.0,194,-21.0,335,14.0,-58,-56.0" /></mjloggm>