<mjloggm ver="2.3"><GO type="169" lobby="0"/><UN n0="%E7%A0%B2%E3%81%AE%E4%B8%8A%E3%81%AE%E3%81%82%E3%81%AE%E5%A8%98" n1="%E3%82%B8%E3%83%A3%E3%82%B9%E3%83%9F%E3%83%B3%E7%8E%8B%E5%AD%90" n2="%E5%B0%B1%E6%B4%BB%E7%94%9F%40%E5%B7%9D%E6%9D%91%E8%BB%8D%E5%9B%A3" n3="%E3%82%B7%E3%83%A3%E3%83%BC%E3%83%AA%E3%83%97%E3%83%88%E3%83%A9" dan="16,16,17,17" rate="2115.31,2147.97,2189.90,2209.24" sx="F,M,M,M"/><TAIKYOKU oya="0"/><INIT seed="0,0,0,3,2,61" ten="250,250,250,250" oya="0" hai0="68,25,9,13,4,122,95,20,5,69,89,53,31" hai1="2,79,98,56,49,22,101,131,74,108,99,116,55" hai2="115,45,128,119,134,65,104,44,71,75,46,78,132" hai3="41,85,112,47,88,51,117,72,35,36,57,107,91"/><T48/><D122/><U105/><E108/><V1/><F1/><W102/><G72/><T96/><REACH who="0" step="1"/><D5/><REACH who="0" ten="240,250,250,250" step="2"/><U126/><E116/><V93/><F119/><W92/><G117/><T67/><D67/><U17/><E126/><V16/><F65/><W29/><G112/><T23/><D23/><U58/><E22/><V130/><F115/><W19/><G19/><T50/><D50/><U62/><E49/><V125/><F16/><W52/><G91/><T37/><D37/><U30/><E17/><V106/><F125/><W87/><G102/><T38/><D38/><U39/><E39/><V129/><F71/><W40/><G40/><T120/><D120/><U133/><E101/><V100/><F100/><W111/><G111/><T3/><D3/><U70/><E2/><V121/><F121/><W18/><G18/><T66/><D66/><U27/><E70/><V81/><REACH who="2" step="1"/><F93/><REACH who="2" ten="240,250,240,250" step="2"/><W110/><G110/><T73/><D73/><U76/><E74/><V94/><F94/><W86/><REACH who="3" step="1"/><G107/><AGARI ba="0,2" hai="44,45,46,75,78,81,104,106,107,128,129,130,132,134" machi="107" ten="50,3200,0" yaku="1,1,19,1,53,0" doraHai="61" doraHaiUra="12" who="2" fromWho="3" sc="240,0,250,0,240,52,250,-32" /><INIT seed="1,0,0,3,3,94" ten="240,250,292,218" oya="1" hai0="97,83,17,124,6,108,61,120,60,117,2,23,64" hai1="66,43,7,88,55,76,91,30,71,45,29,16,56" hai2="74,67,86,89,77,12,100,125,69,78,0,46,134" hai3="110,82,109,133,128,40,72,118,10,49,24,14,101"/><U39/><E7/><V99/><F0/><W18/><G133/><T57/><D117/><U92/><E76/><V131/><F134/><W52/><G128/><T90/><D108/><N who="3" m="41577" /><G118/><T93/><D124/><U34/><E34/><V115/><F125/><W96/><G40/><T135/><D135/><U42/><E42/><V114/><F131/><W31/><G82/><T129/><D129/><U87/><E71/><V119/><F119/><W122/><G72/><T70/><D120/><U41/><E66/><V62/><F46/><W127/><G127/><T105/><D105/><U80/><E16/><V27/><F27/><W48/><G122/><T8/><D83/><U123/><E41/><V73/><F12/><W102/><G102/><T65/><D17/><U111/><E123/><V50/><F50/><W53/><G48/><T68/><REACH who="0" step="1"/><D23/><REACH who="0" ten="230,250,292,218" step="2"/><U107/><E107/><V20/><F20/><N who="3" m="15751" /><G49/><T1/><D1/><U59/><E111/><V103/><F74/><W3/><G3/><T44/><D44/><U26/><E45/><V33/><F73/><W58/><G58/><AGARI ba="0,1" hai="2,6,8,57,58,60,61,64,65,68,70,90,93,97" machi="58" ten="30,7700,0" yaku="1,1,7,1,9,1,52,1,53,0" doraHai="94" doraHaiUra="13" who="0" fromWho="3" sc="230,87,250,0,292,0,218,-77" /><INIT seed="2,0,0,1,1,49" ten="317,250,292,141" oya="2" hai0="65,56,93,18,134,101,59,31,47,95,96,21,12" hai1="98,61,2,67,106,88,103,127,11,79,26,126,28" hai2="62,116,77,87,20,133,123,130,32,94,50,57,113" hai3="3,112,63,4,84,15,43,82,41,38,5,111,14"/><V125/><F32/><W81/><G84/><T45/><D134/><U105/><E79/><V78/><F116/><W53/><G63/><T44/><D31/><U83/><E105/><V97/><F123/><W102/><G102/><T66/><REACH who="0" step="1"/><D93/><REACH who="0" ten="307,250,292,141" step="2"/><U25/><E28/><V8/><F94/><W42/><G111/><T121/><D121/><U24/><E106/><V100/><F133/><W29/><G29/><T70/><D70/><U115/><E115/><V73/><F113/><W129/><G112/><T122/><D122/><U120/><E120/><V9/><F130/><W107/><G129/><T34/><D34/><U114/><E114/><V128/><F128/><W76/><G107/><T108/><D108/><U22/><E127/><V19/><F125/><W71/><G71/><T40/><D40/><U85/><E126/><V86/><F86/><W51/><G38/><T37/><D37/><U1/><E85/><V75/><F87/><N who="3" m="48551" /><G3/><T131/><D131/><U72/><E72/><V104/><F75/><W64/><G82/><T119/><D119/><U36/><E36/><V132/><F73/><W7/><G64/><AGARI ba="0,1" hai="12,18,21,44,45,47,56,59,64,65,66,95,96,101" machi="64" ten="40,2600,0" yaku="1,1,8,1,53,0" doraHai="49" doraHaiUra="74" who="0" fromWho="3" sc="307,36,250,0,292,0,141,-26" /><INIT seed="3,0,0,2,4,64" ten="343,250,292,115" oya="3" hai0="103,37,18,24,127,55,21,93,80,94,89,26,86" hai1="8,109,108,11,57,4,130,17,82,84,49,59,95" hai2="62,65,32,90,135,41,36,100,66,101,123,5,92" hai3="39,63,102,3,35,53,131,77,56,38,20,40,30"/><W133/><G35/><T79/><D127/><U128/><E95/><V113/><F32/><W106/><G3/><T134/><D134/><U60/><E49/><V122/><F113/><W12/><G133/><T74/><D37/><U42/><E42/><V97/><F135/><W76/><G131/><N who="1" m="50218" /><E17/><V27/><F5/><W47/><G38/><T52/><D74/><U87/><E60/><V120/><F65/><W118/><G118/><T126/><D126/><U91/><E84/><V125/><F125/><W50/><G102/><T104/><D104/><U70/><E70/><N who="2" m="42327" /><F27/><W7/><G106/><T34/><D34/><U129/><E129/><V111/><F111/><N who="1" m="42569" /><E11/><V115/><F115/><W45/><G30/><T25/><D103/><U81/><E81/><V121/><F121/><W98/><G98/><N who="0" m="57647" /><D94/><U28/><E28/><V22/><F22/><W9/><REACH who="3" step="1"/><G20/><REACH who="3" ten="343,250,292,105" step="2"/><T13/><AGARI ba="0,1" hai="13,18,21,24,25,26,52,55,79,80,86" m="57647" machi="13" ten="30,2000,0" yaku="8,1,54,1" doraHai="64" who="0" fromWho="0" sc="343,30,250,-5,292,-5,105,-10" /><INIT seed="4,0,0,5,5,125" ten="373,245,287,95" oya="0" hai0="4,121,54,127,63,57,134,84,11,25,132,21,133" hai1="37,14,118,113,60,115,100,85,93,130,68,10,13" hai2="69,108,30,117,102,29,20,96,67,12,34,44,19" hai3="128,35,0,32,6,24,74,40,61,107,7,9,112"/><T80/><D121/><U56/><E68/><V18/><F108/><W99/><G74/><T58/><D58/><U79/><E118/><V123/><F123/><W52/><G40/><T17/><D127/><U89/><E37/><V2/><F2/><W120/><G112/><N who="1" m="43082" /><E130/><V22/><F34/><W65/><G120/><T81/><REACH who="0" step="1"/><D84/><REACH who="0" ten="363,245,287,95" step="2"/><U26/><E56/><V8/><F117/><W72/><G128/><T71/><D71/><U119/><E85/><V39/><F69/><W50/><G72/><T41/><D41/><U95/><E119/><V3/><F67/><W110/><G110/><T1/><AGARI ba="0,1" hai="1,4,11,17,21,25,54,57,63,80,81,132,133,134" machi="1" ten="30,6000,0" yaku="1,1,0,1,20,1,53,0" doraHai="125" doraHaiUra="90" who="0" fromWho="0" sc="363,70,245,-20,287,-20,95,-20" /><INIT seed="4,1,0,4,5,117" ten="433,225,267,75" oya="0" hai0="22,88,105,27,66,82,115,16,8,134,63,93,102" hai1="14,61,29,87,76,74,19,58,23,0,5,98,30" hai2="60,97,33,126,83,36,78,72,45,86,64,112,113" hai3="6,43,77,32,128,68,91,90,24,69,25,47,31"/><T38/><D38/><U132/><E74/><V21/><F33/><W42/><G128/><T119/><D119/><U127/><E127/><V54/><F126/><W4/><G31/><T48/><D115/><N who="2" m="44106" /><F21/><W75/><G75/><T52/><D134/><U103/><E132/><V51/><F97/><W106/><G47/><T125/><D125/><U130/><E130/><V110/><F110/><W17/><G17/><T39/><D39/><U9/><E76/><V10/><F10/><W101/><G77/><T124/><D124/><U40/><E40/><V65/><F36/><W84/><G84/><T62/><D8/><U80/><E80/><N who="2" m="45127" /><F60/><W28/><G28/><T104/><D63/><U67/><E87/><V133/><F133/><W2/><G101/><T109/><D102/><U20/><REACH who="1" step="1"/><E23/><REACH who="1" ten="433,215,267,75" step="2"/><V96/><F96/><W111/><G111/><T95/><D22/><U11/><E11/><V70/><F70/><W57/><G32/><T121/><D82/><U49/><E49/><V100/><F100/><W89/><G89/><AGARI ba="1,1" hai="45,51,54,64,65,83,86,89" m="45127,44106" machi="89" ten="30,1000,0" yaku="15,1" doraHai="117" who="2" fromWho="3" sc="433,0,215,0,267,23,75,-13" /><INIT seed="5,0,0,2,3,112" ten="433,215,290,62" oya="1" hai0="54,117,16,64,84,67,75,57,50,106,109,86,58" hai1="98,68,19,11,59,105,126,37,99,114,110,63,77" hai2="36,7,47,14,32,97,39,90,128,127,134,5,81" hai3="26,53,38,74,119,71,123,30,22,113,51,104,88"/><U33/><E68/><V8/><F32/><W28/><G104/><T31/><D109/><U111/><E114/><V122/><F122/><W21/><G113/><T102/><D75/><U41/><E33/><V9/><F128/><W129/><G123/><T107/><D31/><U121/><E121/><V0/><F134/><W70/><G38/><T45/><D117/><U83/><E126/><V108/><F108/><N who="1" m="41513" /><E41/><V10/><F127/><W66/><G74/><T3/><D3/><U76/><E37/><V91/><F9/><W2/><G2/><T135/><D135/><U118/><E118/><V100/><F81/><W20/><G129/><T17/><D102/><N who="1" m="62679" /><E99/><V43/><F39/><W120/><G120/><T1/><D1/><U46/><E46/><V124/><F124/><W72/><G72/><T82/><D107/><AGARI ba="0,0" hai="0,5,7,8,10,14,36,43,47,90,91,97,100,107" machi="107" ten="30,1000,0" yaku="7,1" doraHai="112" who="2" fromWho="0" sc="433,-10,215,0,290,10,62,0" /><INIT seed="6,0,0,2,5,88" ten="423,215,300,62" oya="2" hai0="125,95,114,103,96,132,99,16,133,69,107,86,135" hai1="119,62,4,79,75,122,37,128,81,57,97,51,67" hai2="14,52,105,53,1,3,13,91,77,112,34,101,109" hai3="72,42,43,44,9,41,71,2,11,32,61,50,84"/><V65/><F112/><W0/><G72/><T110/><D114/><U7/><E37/><V36/><F34/><W5/><G32/><T27/><D125/><U111/><E111/><V123/><F36/><W129/><G129/><T20/><D110/><U68/><E119/><V26/><F77/><W106/><G106/><T127/><D127/><U113/><E113/><V130/><F109/><W15/><G84/><T19/><D86/><U115/><E115/><V47/><F47/><W70/><G61/><T25/><D69/><U108/><E122/><V102/><F91/><W94/><G94/><T17/><D20/><U22/><E22/><V6/><F26/><W74/><G74/><T55/><D55/><U23/><E128/><V82/><F82/><W83/><G83/><T59/><D59/><U33/><E33/><V76/><F76/><W10/><G50/><T46/><D46/><U54/><E108/><V31/><F31/><W18/><G44/><T117/><D117/><U98/><E23/><V8/><F65/><W78/><G78/><T35/><D35/><U80/><E80/><V60/><F60/><W121/><G121/><T63/><D63/><U87/><E75/><V49/><F49/><W28/><G28/><T21/><D21/><U89/><E79/><V64/><F64/><W104/><G104/><T116/><D116/><U100/><E97/><V48/><F48/><W124/><G124/><T29/><D29/><U30/><E30/><V93/><F105/><AGARI ba="0,0" hai="4,7,51,54,57,62,67,68,81,87,89,98,100,105" machi="105" ten="30,1000,0" yaku="7,1" doraHai="88" who="1" fromWho="2" sc="423,0,215,10,300,-10,62,0" /><INIT seed="7,0,0,2,2,106" ten="423,225,290,62" oya="3" hai0="22,53,128,102,51,112,109,38,73,115,75,40,47" hai1="60,63,84,101,92,41,82,0,103,116,52,125,14" hai2="117,110,61,69,2,26,58,134,67,97,85,18,111" hai3="11,55,83,129,1,100,13,95,71,107,21,99,43"/><W54/><G129/><T30/><D109/><U70/><E0/><V94/><F2/><W46/><G71/><T57/><D102/><U9/><E125/><V27/><F117/><W32/><G32/><T133/><D133/><U98/><E116/><V3/><F3/><W4/><G107/><T34/><D34/><U50/><E41/><V48/><F85/><W44/><G44/><T81/><D81/><U12/><E101/><V127/><F127/><W42/><G42/><T89/><D89/><N who="1" m="51351" /><E70/><V76/><F76/><W29/><G83/><T59/><D59/><N who="1" m="33175" /><E14/><V45/><F134/><W78/><G78/><T120/><D120/><U135/><E135/><V105/><F105/><W90/><G100/><T16/><D30/><U28/><E28/><V35/><F35/><W39/><REACH who="3" step="1"/><G29/><REACH who="3" ten="423,225,290,52" step="2"/><T33/><D33/><U77/><E77/><V62/><F69/><W19/><AGARI ba="0,1" hai="1,4,11,13,19,21,39,43,46,54,55,90,95,99" machi="19" ten="30,6000,0" yaku="1,1,2,1,0,1,53,0" doraHai="106" doraHaiUra="124" who="3" fromWho="3" sc="423,-20,225,-20,290,-20,52,70" /><INIT seed="7,1,0,1,0,38" ten="403,205,270,122" oya="3" hai0="110,128,55,33,73,4,15,58,102,52,123,18,30" hai1="34,64,129,97,135,91,37,134,114,22,117,53,8" hai2="1,6,103,108,125,80,96,17,130,89,59,88,112" hai3="16,77,79,10,3,9,109,100,60,65,29,75,35"/><W48/><G109/><T19/><D55/><U69/><E34/><V124/><F108/><W104/><G9/><T86/><D73/><U116/><E129/><V105/><F112/><W36/><G48/><T82/><D102/><U92/><E114/><V119/><F130/><W132/><G132/><N who="1" m="50730" /><E37/><V87/><F119/><W26/><G75/><T56/><D18/><U111/><E111/><V39/><F39/><W107/><G36/><T12/><D56/><U94/><E8/><N who="2" m="2127" /><F59/><W57/><G3/><T81/><D15/><U54/><E22/><V121/><F17/><W99/><REACH who="3" step="1"/><G107/><REACH who="3" ten="403,205,270,112" step="2"/><T51/><D51/><U7/><E7/><V46/><F105/><W27/><G27/><T83/><D4/><U78/><E92/><V62/><F124/><W106/><G106/><T133/><D110/><U118/><E78/><V84/><F125/><W63/><G63/><AGARI ba="1,1" hai="53,54,63,64,69,91,94,97,116,117,118" m="50730" machi="63" ten="40,2600,0" yaku="12,1,20,1" doraHai="38" who="1" fromWho="3" sc="403,0,205,39,270,0,112,-29" owari="403,51.0,244,-16.0,270,7.0,83,-42.0" /></mjloggm>