<mjloggm ver="2.3"><GO type="41" lobby="0"/><UN n0="%73%68%61%79%75" n1="%6B%65%69%2D%6B%65%69" n2="%E5%B0%B1%E6%B4%BB%E7%94%9F%40%E5%B7%9D%E6%9D%91%E8%BB%8D%E5%9B%A3" n3="%79%75%6B%69%E5%85%8E" dan="14,15,17,13" rate="1980.36,1982.26,2225.82,1802.99" sx="M,M,M,M"/><TAIKYOKU oya="0"/><INIT seed="0,0,0,3,1,59" ten="250,250,250,250" oya="0" hai0="123,133,132,10,3,49,80,124,42,115,25,51,34" hai1="68,55,87,17,79,76,1,78,104,62,74,52,58" hai2="2,84,23,29,24,81,18,77,95,129,121,134,99" hai3="32,72,21,9,66,16,67,131,108,100,12,7,27"/><T128/><D123/><U103/><E1/><V70/><F121/><W91/><G72/><T101/><D115/><U35/><E74/><V57/><F70/><W45/><G131/><T118/><D118/><U20/><E35/><V26/><F129/><W125/><G125/><T38/><D101/><U107/><E68/><V69/><F69/><W60/><G108/><T73/><D124/><U31/><E31/><V36/><F36/><W11/><G100/><T120/><D120/><U50/><E104/><V37/><F37/><W47/><G32/><T85/><D128/><U89/><E103/><V56/><F134/><W46/><G11/><T117/><D117/><U43/><E43/><V119/><F2/><W19/><G67/><T13/><D3/><U86/><E107/><V105/><F105/><W14/><G91/><T22/><D73/><U116/><E89/><N who="2" m="55791" /><F119/><W64/><G64/><T122/><D34/><U127/><E127/><V54/><F54/><W63/><G66/><T28/><D122/><U44/><REACH who="1" step="1"/><E116/><REACH who="1" ten="250,240,250,250" step="2"/><V4/><F29/><W75/><G75/><T94/><D42/><U33/><E33/><V130/><F130/><W8/><AGARI ba="0,1" hai="7,8,9,12,14,16,19,21,27,45,46,47,60,63" machi="8" ten="30,8000,1" yaku="0,1,8,1,52,2,54,1" doraHai="59" who="3" fromWho="3" sc="250,-40,240,-20,250,-20,250,90" /><INIT seed="1,0,0,2,5,77" ten="210,220,230,340" oya="1" hai0="104,1,83,54,29,0,70,121,87,48,101,124,44" hai1="69,53,60,39,6,100,120,14,95,27,13,17,52" hai2="51,111,99,72,119,78,75,86,130,2,126,118,117" hai3="82,74,15,65,73,28,3,114,84,50,19,135,81"/><U105/><E39/><V116/><F2/><W132/><G3/><T62/><D121/><U90/><E105/><V115/><F51/><W128/><G65/><T134/><D124/><U127/><E120/><V68/><F68/><W12/><G28/><T107/><D134/><N who="3" m="51241" /><G114/><T32/><D107/><U63/><E127/><V35/><F35/><W56/><G128/><T46/><D44/><U7/><E100/><V88/><F126/><W34/><G34/><T21/><D21/><N who="1" m="13743" /><E69/><V96/><F115/><W42/><G84/><T79/><D29/><U76/><E76/><V40/><F40/><W58/><G12/><N who="1" m="4714" /><E60/><V125/><F125/><W91/><G91/><T113/><D113/><U41/><E41/><V26/><F26/><W123/><G123/><T89/><D79/><U25/><E25/><V112/><F130/><W8/><G58/><T122/><D122/><U36/><E36/><V55/><F112/><W31/><G31/><T129/><D129/><U47/><E47/><V97/><F118/><W98/><G98/><T64/><REACH who="0" step="1"/><D32/><REACH who="0" ten="200,220,230,340" step="2"/><U43/><E43/><V10/><F78/><W30/><G30/><T92/><D92/><U94/><E95/><V4/><F75/><N who="3" m="28683" /><G42/><T16/><D16/><U37/><E37/><V133/><F72/><W45/><G45/><T20/><D20/><U67/><E6/><V110/><F133/><W5/><G5/><T22/><D22/><U38/><E38/><V102/><F4/><W71/><G71/><T80/><D80/><U109/><E7/><V33/><F116/><W85/><G81/><T66/><D66/><U108/><E67/><RYUUKYOKU ba="0,1" sc="200,30,220,-10,230,-10,340,-10" hai0="0,1,46,48,54,62,64,70,83,87,89,101,104" /><INIT seed="2,1,1,0,2,7" ten="230,210,220,330" oya="2" hai0="58,82,15,130,36,35,135,129,46,98,27,113,41" hai1="12,123,133,45,118,25,33,127,0,1,56,70,13" hai2="86,85,124,53,97,30,34,103,40,2,50,121,131" hai3="8,24,73,108,54,110,66,14,52,61,5,18,80"/><V44/><F121/><W10/><G73/><T17/><D113/><U89/><E70/><V39/><F124/><W28/><G80/><T116/><D116/><U68/><E68/><V9/><F131/><W37/><G37/><T109/><D109/><N who="3" m="42089" /><G24/><T16/><D135/><U92/><E118/><V75/><F75/><W23/><G28/><T79/><D98/><U4/><E45/><V111/><F111/><W76/><G76/><T72/><D58/><U104/><E104/><V134/><F134/><W6/><G6/><T91/><D91/><U60/><E133/><V88/><F34/><W105/><G105/><T119/><D119/><U90/><E90/><V125/><F30/><W117/><G117/><T55/><D55/><N who="3" m="21033" /><G5/><T20/><REACH who="0" step="1"/><D35/><REACH who="0" ten="220,210,220,330" step="2"/><U120/><E89/><V48/><F103/><W126/><G126/><T42/><D42/><U31/><E127/><V107/><F125/><W67/><G67/><T43/><D43/><U100/><E56/><AGARI ba="1,2" hai="8,10,14,18,23,56,61,66" m="21033,42089" machi="56" ten="30,7700,0" yaku="14,1,52,2,54,1" doraHai="7" who="3" fromWho="1" sc="220,0,210,-80,220,0,330,100" /><INIT seed="3,0,0,0,5,10" ten="220,130,220,430" oya="3" hai0="113,124,19,6,45,53,122,31,132,75,37,112,46" hai1="78,33,102,93,65,23,70,85,104,118,5,40,51" hai2="80,59,131,63,86,79,82,77,74,35,52,60,26" hai3="49,17,108,98,133,14,134,12,48,62,91,56,127"/><W24/><G108/><T89/><D75/><U34/><E5/><V115/><F115/><N who="0" m="44106" /><D31/><U27/><E118/><V105/><F131/><W55/><G127/><T2/><D122/><U50/><E104/><V92/><F105/><W36/><G36/><T66/><D66/><U130/><E130/><V11/><F92/><N who="3" m="56607" /><G49/><N who="0" m="28847" /><D19/><U42/><E70/><V107/><F107/><W9/><G48/><T88/><D124/><U117/><E65/><V94/><F94/><W125/><G125/><T95/><D132/><N who="3" m="50793" /><G9/><N who="0" m="2263" /><D95/><U71/><E71/><V13/><F26/><W57/><G56/><T25/><D25/><U69/><E27/><V90/><F35/><W22/><AGARI ba="0,0" hai="12,14,17,22,24,55,57,62" m="50793,56607" machi="22" ten="30,11700,0" yaku="25,1,20,1,52,2" doraHai="10" who="3" fromWho="3" sc="220,-39,130,-39,220,-39,430,117" /><INIT seed="3,1,0,0,3,124" ten="181,91,181,547" oya="3" hai0="72,40,45,35,116,10,84,64,22,38,46,54,94" hai1="5,89,112,14,113,71,33,104,121,78,60,132,102" hai2="108,99,6,44,9,109,125,100,26,135,103,50,55" hai3="53,52,0,68,63,1,21,37,107,90,30,130,16"/><W57/><G107/><T70/><D116/><U18/><E33/><V91/><F125/><W95/><G37/><T75/><D35/><U86/><E121/><V7/><F135/><W96/><G68/><T126/><D126/><U41/><E132/><V111/><F26/><W85/><G30/><T110/><D110/><U61/><E41/><V67/><F67/><W77/><G130/><T76/><D22/><U92/><E78/><V97/><F91/><W51/><G77/><T120/><D120/><U127/><E5/><V31/><F31/><W114/><G114/><T34/><D34/><U3/><E3/><V73/><F73/><W131/><G131/><T27/><D27/><U105/><E127/><V81/><F81/><W8/><G8/><T74/><D94/><U93/><E105/><N who="2" m="63631" /><F9/><W12/><G96/><T128/><D128/><U23/><E104/><AGARI ba="1,0" hai="6,7,44,50,55,99,103,104,108,109,111" m="63631" machi="104" ten="30,1000,0" yaku="14,1" doraHai="124" who="2" fromWho="1" sc="181,0,91,-13,181,13,547,0" /><INIT seed="4,0,0,1,4,30" ten="181,78,194,547" oya="0" hai0="66,43,134,12,27,3,86,123,24,107,4,96,116" hai1="73,18,8,60,99,115,117,9,59,89,47,84,74" hai2="32,101,82,79,49,108,94,83,103,45,71,72,70" hai3="69,104,81,57,77,128,26,130,29,129,97,120,36"/><T2/><D123/><U126/><E117/><V11/><F108/><W80/><G69/><T25/><D116/><U92/><E115/><V5/><F32/><N who="3" m="20535" /><G36/><T0/><D134/><U22/><E126/><V35/><F35/><W23/><G120/><T31/><D43/><U52/><E47/><V16/><F82/><N who="3" m="31851" /><G77/><T133/><D66/><U38/><E38/><V39/><F39/><W41/><G41/><T20/><D133/><U88/><E89/><V68/><F94/><W110/><G110/><T42/><D86/><U76/><E84/><V125/><F125/><W90/><G23/><T112/><D42/><U48/><E76/><V46/><F16/><W119/><G119/><T63/><D112/><U62/><E48/><V67/><F67/><W15/><G15/><T51/><D63/><U75/><REACH who="1" step="1"/><E60/><REACH who="1" ten="181,68,194,547" step="2"/><V19/><F46/><W65/><G90/><T91/><D51/><U102/><E102/><V6/><F49/><W93/><G104/><T56/><D91/><U1/><E1/><V113/><F45/><W54/><G65/><T105/><D56/><U124/><E124/><V34/><F103/><W127/><G127/><T85/><D85/><U50/><E50/><V10/><F101/><W118/><G118/><T40/><D40/><U106/><E106/><V28/><F113/><W111/><G111/><T17/><D96/><U58/><E58/><V33/><F70/><W7/><G97/><T109/><D109/><U122/><E122/><V64/><F71/><W13/><G57/><T132/><D132/><U100/><E100/><V37/><F68/><W61/><G129/><RYUUKYOKU ba="0,1" sc="181,-10,68,30,194,-10,547,-10" hai1="8,9,18,22,52,59,62,73,74,75,88,92,99" /><INIT seed="5,1,1,3,1,19" ten="171,98,184,537" oya="1" hai0="0,96,86,24,51,38,120,103,70,131,89,28,71" hai1="98,56,41,10,61,66,110,117,16,7,15,113,75" hai2="12,44,107,127,118,13,27,68,65,80,128,54,123" hai3="36,57,95,43,29,23,108,126,134,3,90,8,22"/><U20/><E75/><V46/><F123/><W69/><G69/><T17/><D38/><U26/><E117/><V92/><F118/><W64/><G108/><T2/><D120/><U52/><E110/><V116/><F107/><W99/><G134/><T32/><D131/><U88/><E113/><V135/><F116/><W11/><G126/><T100/><D51/><U82/><E41/><V63/><F135/><W6/><G8/><T58/><D58/><U34/><E34/><V49/><F128/><W121/><G121/><T79/><D79/><U21/><E82/><V59/><F127/><W67/><G29/><T48/><D48/><U33/><E33/><V124/><F124/><W83/><G83/><T50/><D50/><U104/><E21/><V129/><F129/><W39/><G39/><T93/><D103/><U130/><E130/><V25/><F80/><W114/><G114/><T97/><D97/><U35/><E35/><V111/><F111/><W122/><G122/><T105/><REACH who="0" step="1"/><D17/><REACH who="0" ten="161,98,184,537" step="2"/><U74/><E74/><V101/><F68/><AGARI ba="1,2" hai="0,2,24,28,32,68,70,71,86,89,93,96,100,105" machi="68" ten="40,2600,0" yaku="1,1,2,1,53,0" doraHai="19" doraHaiUra="62" who="0" fromWho="2" sc="161,49,98,0,184,-29,537,0" /><INIT seed="6,0,0,1,2,47" ten="210,98,155,537" oya="2" hai0="107,61,106,13,89,50,113,86,116,68,52,46,80" hai1="26,78,126,95,53,28,35,33,29,6,19,109,90" hai2="97,20,18,108,132,1,66,123,127,4,5,131,111" hai3="98,104,73,103,134,16,55,21,72,96,24,114,42"/><V121/><F66/><W99/><G114/><T74/><D116/><U17/><E109/><N who="2" m="42059" /><F97/><W91/><G134/><T101/><D113/><U64/><E126/><V8/><F127/><W112/><G112/><T79/><D13/><U14/><E78/><V117/><F117/><W41/><G98/><T48/><D48/><U93/><E64/><V37/><F37/><W87/><G96/><T30/><D30/><U45/><E93/><V75/><F75/><W125/><G125/><T54/><D54/><U122/><E122/><V120/><F132/><W39/><G55/><T81/><REACH who="0" step="1"/><D101/><REACH who="0" ten="200,98,155,537" step="2"/><U128/><E128/><V102/><F102/><W115/><G115/><T51/><D51/><N who="1" m="28911" /><E33/><V71/><F71/><W133/><G133/><T12/><D12/><U58/><E35/><V84/><F131/><W22/><G39/><T118/><D118/><U9/><E26/><N who="2" m="14615" /><F5/><W27/><G41/><T110/><D110/><U7/><E6/><V77/><F123/><W36/><G36/><T60/><D60/><U11/><E11/><V10/><F10/><W62/><G62/><T57/><D57/><U88/><E58/><V38/><F38/><W105/><G42/><T124/><D124/><U76/><E76/><V43/><F43/><W34/><G34/><T49/><D49/><U92/><E28/><V31/><F31/><W129/><G24/><T69/><D69/><U59/><E29/><V83/><AGARI ba="0,1" hai="1,4,8,77,83,84,120,121" m="14615,42059" machi="83" ten="30,1500,0" yaku="10,1" doraHai="47" who="2" fromWho="2" sc="200,-5,98,-5,155,25,537,-5" /><INIT seed="6,1,0,5,3,71" ten="195,93,180,532" oya="2" hai0="34,87,125,53,64,37,110,114,17,106,126,133,85" hai1="32,3,75,8,6,96,61,68,56,98,47,129,46" hai2="76,41,16,104,19,60,86,39,62,79,29,36,78" hai3="111,59,101,128,88,57,31,105,2,100,13,1,94"/><V0/><F104/><W97/><G111/><T131/><D34/><U90/><E32/><V44/><F0/><W50/><G128/><T10/><D106/><U51/><E75/><V58/><F29/><W45/><G31/><T99/><D64/><U124/><E68/><V93/><F39/><W107/><G1/><T28/><D110/><U122/><E122/><V123/><F123/><W103/><G2/><T35/><D114/><U83/><E129/><V118/><F62/><W40/><G107/><T12/><D131/><U116/><E116/><V70/><F70/><W134/><G134/><T74/><D133/><U127/><E83/><V121/><F121/><W27/><G27/><T7/><D99/><U84/><E84/><V63/><F63/><W113/><G113/><T38/><D74/><U5/><E5/><V14/><F118/><W95/><G105/><T119/><D53/><U73/><E73/><V15/><F93/><W66/><G13/><T72/><D72/><U115/><E115/><V67/><F86/><N who="0" m="32778" /><D119/><U108/><E108/><V48/><F36/><N who="0" m="13930" /><D28/><U26/><E26/><V112/><F112/><W22/><G22/><T9/><D35/><U117/><E117/><V80/><F80/><W23/><G23/><N who="0" m="11687" /><D7/><U20/><E20/><V130/><F130/><W89/><G66/><T82/><D82/><U81/><E81/><V18/><AGARI ba="1,0" hai="14,15,16,18,19,41,44,48,58,60,67,76,78,79" machi="18" ten="30,6000,0" yaku="0,1,8,1,54,1" doraHai="71" who="2" fromWho="2" sc="195,-21,93,-21,180,63,532,-21" /><INIT seed="6,2,0,0,2,56" ten="174,72,243,511" oya="2" hai0="85,105,67,12,2,51,107,36,121,96,20,94,5" hai1="7,59,25,8,6,16,62,44,90,92,24,48,135" hai2="132,1,79,39,120,113,33,122,111,57,133,118,73" hai3="131,66,112,93,86,128,126,4,80,49,98,46,13"/><V106/><F79/><W18/><G126/><T26/><D36/><U82/><E135/><V11/><F11/><W125/><G66/><T124/><D2/><U52/><E82/><V72/><F57/><W14/><G125/><T55/><D124/><U117/><E117/><V109/><F1/><W115/><G4/><T58/><D121/><N who="2" m="46698" /><F33/><W38/><G38/><T78/><D67/><U41/><E25/><V100/><F39/><W30/><G30/><T43/><D43/><U27/><E27/><V47/><F47/><W101/><G13/><T123/><D123/><U114/><E114/><N who="3" m="43562" /><G86/><T37/><D37/><U21/><E8/><V95/><F113/><W87/><G87/><AGARI ba="2,0" hai="6,7,16,21,24,41,44,48,52,59,62,87,90,92" machi="87" ten="30,8000,1" yaku="7,1,8,1,52,1,54,2" doraHai="56" who="1" fromWho="3" sc="174,0,72,86,243,0,511,-86" /><INIT seed="7,0,0,4,0,78" ten="174,158,243,425" oya="3" hai0="26,21,97,54,74,109,8,84,104,69,28,10,15" hai1="134,85,66,119,2,12,132,23,56,112,81,135,4" hai2="6,125,113,55,121,3,58,107,111,48,5,27,63" hai3="40,68,36,47,102,18,77,75,45,33,35,116,65"/><W100/><G116/><T82/><D69/><U50/><E112/><V19/><F107/><W79/><G47/><T22/><D74/><U106/><E106/><V49/><F111/><W114/><G114/><T71/><D71/><U73/><E73/><V32/><F125/><W89/><G89/><T17/><D109/><U42/><E119/><V29/><F113/><W101/><G75/><T41/><D41/><U20/><E2/><V76/><F76/><W51/><G36/><T95/><D104/><U83/><E83/><V128/><F128/><W88/><G68/><T37/><D37/><U118/><E118/><V117/><F117/><W91/><G65/><T92/><D95/><U87/><E85/><V53/><F3/><W46/><G46/><T103/><REACH who="0" step="1"/><D54/><REACH who="0" ten="164,158,243,425" step="2"/><N who="1" m="31831" /><E42/><V62/><F53/><W110/><G110/><T44/><D44/><U52/><E52/><V124/><F55/><W126/><G126/><T13/><D13/><U11/><E66/><V99/><F58/><W9/><G40/><T38/><D38/><U39/><E39/><V115/><F49/><W24/><G45/><T122/><D122/><U34/><E34/><V64/><F48/><W93/><G51/><T120/><D120/><U90/><AGARI ba="0,1" hai="4,11,12,20,23,81,87,90,132,134,135" m="31831" machi="90" ten="30,2000,0" yaku="20,1,52,1" doraHai="78" who="1" fromWho="1" sc="164,-5,158,30,243,-5,425,-10" owari="159,-34.0,188,-21.0,238,4.0,415,51.0" /></mjloggm>