<mjloggm ver="2.3"><GO type="169" lobby="0"/><UN n0="%E5%BC%81%E5%A4%A9" n1="%E5%B0%B1%E6%B4%BB%E7%94%9F%40%E5%B7%9D%E6%9D%91%E8%BB%8D%E5%9B%A3" n2="%E3%81%84%E3%81%9F%E3%83%92%E3%83%AD" n3="%6F%6F%6F%6F%6D%6F%72%69" dan="16,18,17,16" rate="2091.07,2206.04,2174.54,2056.96" sx="F,M,M,M"/><TAIKYOKU oya="0"/><INIT seed="0,0,0,3,2,65" ten="250,250,250,250" oya="0" hai0="135,80,53,110,89,74,31,128,11,85,133,119,19" hai1="122,52,44,2,83,93,90,26,70,103,28,21,22" hai2="101,17,99,14,36,4,77,58,29,13,63,100,39" hai3="97,120,72,117,131,69,61,130,81,76,57,38,125"/><T75/><D119/><U40/><E122/><V59/><F29/><W51/><G117/><T124/><D31/><U102/><E2/><V42/><F77/><W132/><G120/><T66/><D124/><U116/><E116/><V109/><F109/><W107/><G125/><T49/><D128/><U55/><E70/><V114/><F114/><W84/><G132/><N who="0" m="50763" /><D110/><U78/><E22/><V7/><F63/><W5/><G38/><T47/><D66/><U64/><E64/><V25/><F99/><W86/><G5/><T67/><D67/><U16/><E28/><V23/><F23/><W56/><G69/><T118/><D118/><U37/><E102/><V32/><F42/><W71/><G71/><T50/><D50/><U127/><E103/><V105/><F25/><W68/><G68/><T79/><D79/><U30/><E30/><V27/><F27/><W33/><G33/><T94/><D94/><U73/><REACH who="1" step="1"/><E127/><REACH who="1" ten="250,240,250,250" step="2"/><V41/><F101/><N who="3" m="62895" /><G131/><T8/><D11/><U35/><E35/><V60/><F100/><W0/><G130/><T126/><D126/><U92/><E92/><V10/><F32/><W129/><G129/><T12/><AGARI ba="0,1" hai="8,12,19,47,49,53,74,75,80,85,89" m="50763" machi="12" ten="30,3000,0" yaku="25,1,20,1" doraHai="65" who="0" fromWho="0" sc="250,40,240,-10,250,-10,250,-10" /><INIT seed="0,1,0,5,3,41" ten="290,230,240,240" oya="0" hai0="25,76,10,19,71,29,134,18,65,103,21,93,32" hai1="61,121,86,38,39,48,102,69,31,54,8,111,120" hai2="105,83,35,114,5,125,104,101,6,135,127,84,44" hai3="53,62,81,75,52,73,50,3,45,88,78,128,100"/><T0/><D76/><U23/><E102/><V77/><F35/><W124/><G124/><T58/><D71/><U7/><E38/><V89/><F114/><W92/><G128/><T16/><D134/><U49/><E39/><V85/><F135/><W63/><G3/><T28/><D93/><U13/><E111/><V106/><F44/><W20/><G75/><T26/><D103/><U33/><E33/><V108/><F101/><W70/><G100/><T130/><D130/><U12/><E49/><V51/><F51/><W115/><G115/><T46/><D65/><U74/><E74/><V116/><F108/><W37/><G37/><T55/><D46/><U126/><E126/><N who="2" m="48139" /><F116/><W27/><G53/><T1/><D55/><U95/><E61/><V129/><F129/><W82/><G70/><T66/><D58/><U122/><E69/><V72/><F72/><W56/><G56/><T112/><D66/><U97/><E86/><V110/><F110/><W133/><G133/><T57/><D57/><U15/><E54/><V96/><F96/><W17/><G82/><AGARI ba="1,0" hai="5,6,77,82,83,84,85,89,104,105,106" m="48139" machi="82" ten="40,1300,0" yaku="18,1" doraHai="41" who="2" fromWho="3" sc="290,0,230,0,240,16,240,-16" /><INIT seed="1,0,0,4,2,70" ten="290,230,256,224" oya="1" hai0="89,98,123,30,42,92,108,104,3,126,20,19,93" hai1="122,80,53,135,32,58,51,50,95,128,15,124,10" hai2="16,91,120,61,117,88,28,107,46,49,76,75,43" hai3="130,109,7,113,56,23,77,111,64,131,18,115,13"/><U26/><E122/><V60/><F107/><W2/><G77/><T78/><D108/><N who="3" m="41545" /><G64/><T59/><D3/><U72/><E128/><N who="3" m="49194" /><G56/><T33/><D126/><U132/><E124/><V63/><F117/><W0/><G7/><T17/><D123/><U5/><E95/><V1/><F1/><AGARI ba="0,0" hai="0,1,2,13,18,23,113,115" m="49194,41545" machi="1" ten="40,8000,1" yaku="14,1,19,1,34,2" doraHai="70" who="3" fromWho="2" sc="290,0,230,0,256,-80,224,80" /><INIT seed="2,0,0,0,1,55" ten="290,230,176,304" oya="2" hai0="51,123,13,66,131,84,35,43,119,53,97,28,110" hai1="122,75,32,128,103,108,49,50,37,17,30,63,21" hai2="83,27,77,11,29,56,127,78,47,76,130,114,109" hai3="69,7,134,73,6,15,16,36,0,26,58,79,12"/><V44/><F114/><W2/><G69/><T112/><D123/><U70/><E37/><V25/><F130/><W18/><G36/><T120/><D120/><U129/><E122/><V99/><F127/><W94/><G134/><T88/><D112/><U5/><E5/><V105/><F109/><W118/><G118/><T96/><D110/><U23/><E75/><V22/><F83/><W45/><G73/><T40/><D131/><N who="1" m="50251" /><E103/><V91/><F11/><N who="3" m="6271" /><G79/><T104/><D66/><N who="1" m="41311" /><E108/><V54/><F27/><W41/><G41/><T8/><D119/><U82/><E82/><V81/><F105/><W113/><G45/><T92/><D97/><U20/><E17/><V115/><F115/><W72/><G72/><T48/><D104/><U125/><E125/><V9/><F9/><N who="3" m="6415" /><G0/><T4/><D96/><U60/><E60/><N who="2" m="35863" /><F99/><W57/><G2/><T74/><D74/><U68/><E68/><V121/><F121/><W126/><G126/><T14/><D43/><U117/><E117/><V3/><F3/><W52/><G113/><T101/><D101/><U61/><E61/><V107/><F107/><W62/><G26/><AGARI ba="0,0" hai="20,21,23,26,30,32,49,50" m="41311,50251" machi="26" ten="30,1000,0" yaku="19,1" doraHai="55" who="1" fromWho="3" sc="290,0,230,10,176,0,304,-10" /><INIT seed="3,0,0,0,3,77" ten="290,240,176,294" oya="3" hai0="84,80,73,85,59,111,102,9,63,43,129,10,79" hai1="5,4,68,0,130,15,47,2,12,125,62,106,50" hai2="51,131,6,8,82,22,20,93,38,122,117,65,21" hai3="126,132,123,116,53,55,3,58,120,115,67,98,35"/><W107/><G3/><T96/><D111/><U72/><E106/><V23/><F38/><W75/><G35/><T25/><D129/><U11/><E72/><V95/><F117/><W101/><G116/><T28/><D43/><U112/><E112/><V92/><F131/><W91/><G115/><T128/><D128/><U76/><E130/><V113/><F113/><W44/><G132/><T33/><D85/><U40/><E76/><V32/><F32/><W99/><G126/><T26/><D26/><U1/><E125/><V17/><F122/><W31/><G31/><T103/><D73/><U56/><E68/><V49/><F65/><W36/><G67/><T104/><REACH who="0" step="1"/><D103/><REACH who="0" ten="280,240,176,294" step="2"/><U74/><E74/><V89/><N who="2" m="5120" /><DORA hai="14" /><V52/><F17/><W46/><G75/><T119/><D119/><U81/><E81/><V7/><F6/><W134/><G123/><T86/><D86/><U69/><E5/><V30/><F30/><W88/><G120/><T24/><D24/><U27/><E27/><V66/><F66/><AGARI ba="0,1" hai="9,10,25,28,33,59,63,66,79,80,84,96,102,104" machi="66" ten="30,7700,0" yaku="1,1,7,1,52,1,53,1" doraHai="77,14" doraHaiUra="60,114" who="0" fromWho="2" sc="280,87,240,0,176,-77,294,0" /><INIT seed="4,0,0,2,0,116" ten="367,240,99,294" oya="0" hai0="26,94,95,68,90,115,82,60,55,6,97,45,85" hai1="4,23,63,106,78,96,43,104,38,113,69,102,61" hai2="13,83,127,2,134,73,31,120,58,72,42,11,56" hai3="25,40,51,62,35,10,91,29,30,20,88,105,32"/><T24/><D115/><U132/><E132/><V17/><F134/><W54/><G105/><T108/><D108/><U19/><E106/><V21/><F127/><W18/><G40/><T135/><D135/><U92/><E104/><V7/><F120/><W36/><G36/><T16/><D6/><U5/><E113/><V27/><F42/><W71/><G32/><T53/><D45/><U86/><E43/><V111/><F111/><W119/><G119/><T107/><D107/><U126/><E126/><V124/><F124/><W98/><G10/><T33/><D33/><U129/><E129/><V1/><F1/><W52/><G98/><T110/><D110/><U70/><E38/><V59/><REACH who="2" step="1"/><F83/><REACH who="2" ten="367,240,89,294" step="2"/><W41/><G41/><T0/><D0/><U77/><E70/><V47/><F47/><N who="3" m="27775" /><G71/><T100/><D68/><U49/><E69/><V84/><F84/><W103/><G35/><AGARI ba="0,1" hai="2,7,11,13,17,21,27,31,35,56,58,59,72,73" machi="35" ten="40,5200,0" yaku="1,1,24,2,53,0" doraHai="116" doraHaiUra="67" who="2" fromWho="3" sc="367,0,240,0,89,62,294,-52" /><INIT seed="5,0,0,5,4,54" ten="367,240,151,242" oya="1" hai0="109,3,70,131,28,50,42,126,35,9,85,135,46" hai1="4,114,34,96,103,80,121,5,68,55,134,67,36" hai2="38,116,15,71,95,39,30,83,53,72,23,17,6" hai3="113,41,65,127,75,117,56,125,73,47,24,43,92"/><U58/><E121/><V78/><F116/><W82/><G117/><T32/><D109/><U18/><E36/><V57/><F71/><W11/><G113/><T101/><D70/><U87/><E34/><V128/><F128/><W27/><G43/><T89/><D131/><U60/><E114/><V49/><F30/><W112/><G112/><T110/><D101/><U88/><E18/><V63/><F6/><W14/><G92/><T97/><D97/><U33/><E33/><V119/><F119/><W129/><G129/><T84/><D28/><U61/><REACH who="1" step="1"/><E134/><REACH who="1" ten="367,230,151,242" step="2"/><V19/><F19/><W79/><G125/><T99/><D135/><U94/><AGARI ba="0,1" hai="4,5,55,58,60,61,67,68,80,87,88,94,96,103" machi="94" ten="20,18000,2" yaku="1,1,2,1,0,1,7,1,52,1,54,1,53,0" doraHai="54" doraHaiUra="107" who="1" fromWho="1" sc="367,-60,230,190,151,-60,242,-60" /><INIT seed="5,1,0,3,1,115" ten="307,420,91,182" oya="1" hai0="119,120,72,70,98,57,48,16,87,5,79,37,93" hai1="104,91,4,124,50,23,95,73,52,86,131,7,56" hai2="47,41,54,31,13,20,34,125,27,77,42,0,84" hai3="24,30,82,53,28,36,22,43,32,26,64,130,123"/><U112/><E112/><V8/><F0/><W106/><G123/><T76/><D70/><U94/><E104/><V49/><F34/><W110/><G106/><T92/><D37/><U62/><E73/><V6/><F125/><W132/><G110/><T118/><D120/><U114/><E114/><V61/><F61/><W25/><G132/><T127/><D127/><U33/><E33/><V78/><F78/><W113/><G64/><T88/><D5/><U105/><E105/><V63/><F63/><W99/><G130/><T107/><D16/><U55/><E124/><V102/><F102/><W21/><G36/><T81/><D79/><U60/><E131/><V133/><F133/><W18/><G43/><T129/><D129/><U69/><E95/><N who="0" m="36425" /><D48/><U75/><E75/><V19/><REACH who="2" step="1"/><F19/><REACH who="2" ten="307,420,81,182" step="2"/><W10/><G113/><T109/><D109/><U65/><E60/><V71/><F71/><W67/><G32/><T80/><D57/><U96/><E96/><V68/><F68/><W100/><G99/><T40/><D40/><U1/><E1/><V83/><AGARI ba="1,1" hai="6,8,13,20,27,31,41,42,47,49,54,77,83,84" machi="83" ten="30,4000,0" yaku="1,1,0,1,8,1,53,0" doraHai="115" doraHaiUra="108" who="2" fromWho="2" sc="307,-11,420,-21,81,53,182,-11" /><INIT seed="6,0,0,1,5,70" ten="296,399,134,171" oya="2" hai0="132,109,29,65,89,86,125,85,75,35,31,21,116" hai1="39,120,115,55,101,69,78,27,117,96,118,129,102" hai2="57,19,122,30,28,56,16,107,36,63,79,54,48" hai3="67,124,17,11,6,58,59,51,114,25,103,88,64"/><V53/><F107/><W15/><G124/><T26/><D109/><U5/><E69/><V110/><F110/><W128/><G103/><T37/><D75/><U22/><E39/><V106/><F106/><W90/><G128/><T49/><D125/><U68/><E68/><V8/><F122/><W1/><G114/><T123/><D123/><U100/><E115/><V46/><F79/><W93/><G25/><T131/><D131/><U4/><E129/><V18/><F8/><W76/><G76/><T82/><D37/><U34/><E34/><V77/><F77/><W121/><G90/><T98/><D65/><U23/><E78/><V113/><F113/><W40/><G121/><T133/><D49/><U99/><E120/><V92/><F92/><W126/><G126/><T38/><D38/><U7/><E55/><V94/><F94/><W130/><G130/><T71/><D71/><U80/><E80/><V52/><F36/><W2/><G2/><T9/><D9/><U33/><E33/><V111/><F111/><W112/><G112/><T45/><D45/><U24/><E24/><V81/><F81/><W105/><G105/><T14/><D14/><U13/><E13/><V20/><F20/><N who="1" m="7721" /><E27/><V108/><F108/><W95/><G95/><N who="0" m="56687" /><D116/><AGARI ba="0,0" hai="4,5,7,96,99,100,101,102,116,117,118" m="7721" machi="116" ten="40,2600,0" yaku="28,2" doraHai="70" who="1" fromWho="0" sc="296,-26,399,26,134,0,171,0" /><INIT seed="7,0,0,5,0,20" ten="270,425,134,171" oya="3" hai0="49,122,28,126,45,130,114,9,2,39,91,87,73" hai1="0,6,82,19,104,65,92,70,81,12,88,113,72" hai2="74,40,30,120,121,29,115,47,38,116,107,80,83" hai3="57,4,61,118,33,94,133,110,18,108,50,109,90"/><W11/><G118/><T53/><D122/><U56/><E104/><V101/><F116/><W54/><G33/><T44/><D73/><U131/><E70/><V16/><F115/><W68/><G133/><T103/><D28/><U14/><E0/><V8/><F101/><W51/><G18/><T119/><D126/><U41/><E41/><V100/><F100/><W13/><REACH who="3" step="1"/><G68/><REACH who="3" ten="270,425,134,161" step="2"/><T64/><D119/><U75/><E19/><V60/><F107/><W124/><G124/><T98/><D114/><U76/><E113/><V25/><F30/><W84/><AGARI ba="0,1" hai="4,11,13,50,51,54,57,61,84,90,94,108,109,110" machi="84" ten="30,6000,0" yaku="1,1,0,1,10,1,53,0" doraHai="20" doraHaiUra="97" who="3" fromWho="3" sc="270,-20,425,-20,134,-20,161,70" /><INIT seed="7,1,0,3,5,56" ten="250,405,114,231" oya="3" hai0="121,112,18,117,75,104,127,31,3,77,20,8,40" hai1="51,41,133,126,116,60,132,72,78,128,27,58,95" hai2="9,86,63,7,43,5,2,69,119,108,50,23,32" hai3="62,66,106,85,46,93,88,52,107,98,29,44,114"/><W91/><G114/><T101/><D8/><U97/><E126/><V105/><F32/><W10/><G29/><T103/><D18/><U134/><E128/><V19/><F105/><W11/><G107/><T90/><D20/><U42/><E116/><V71/><F119/><W82/><G106/><T36/><D90/><N who="1" m="55543" /><E51/><V81/><F108/><W120/><G120/><T49/><D77/><U25/><E78/><V99/><F7/><W68/><G46/><T83/><D83/><U113/><E72/><V76/><F99/><W1/><G1/><T129/><D31/><U122/><E113/><V22/><F22/><W87/><G98/><T48/><D103/><U130/><E130/><V61/><F71/><W102/><G102/><T74/><D49/><U94/><E94/><V21/><F69/><W109/><G109/><T135/><D48/><U16/><E16/><V54/><F23/><W34/><G34/><T70/><D40/><N who="1" m="15467" /><E122/><V92/><F92/><W125/><G125/><T38/><D101/><U110/><E110/><V79/><F79/><W80/><G93/><T47/><D47/><U13/><E13/><V35/><F35/><W14/><G14/><T0/><D0/><U37/><E37/><V131/><F43/><W67/><G67/><AGARI ba="1,0" hai="25,27,58,60,67,132,133,134" m="15467,55543" machi="67" ten="30,2000,0" yaku="20,1,52,1" doraHai="56" who="1" fromWho="3" sc="250,0,405,23,114,0,231,-23" owari="250,5.0,428,53.0,114,-39.0,208,-19.0" /></mjloggm>