<mjloggm ver="2.3"><GO type="225" lobby="0"/><UN n0="%E3%82%A6%E3%83%AB%E3%83%88%E3%83%A9%E7%AB%8B%E7%9B%B4" n1="%E3%81%9D%E3%83%BC%E3%81%B7%E5%BB%B6%E9%95%B7" n2="%47%E3%83%A8%E9%BE%8D%E9%96%80" n3="%6C%65%74%69%74%62%65" dan="17,16,16,16" rate="2166.65,2176.45,2074.27,2090.40" sx="M,M,M,F"/><TAIKYOKU oya="0"/><INIT seed="0,0,0,5,4,45" ten="250,250,250,250" oya="0" hai0="77,0,106,18,30,29,44,94,31,103,92,34,74" hai1="38,104,98,84,57,133,62,135,66,58,67,9,80" hai2="1,15,125,64,17,55,22,21,97,72,23,99,111" hai3="5,63,54,121,46,128,75,59,53,2,109,56,124"/><T126/><D34/><U86/><E38/><V68/><F125/><W48/><G75/><T83/><D126/><U127/><E127/><V122/><F122/><W70/><G124/><T123/><D123/><U40/><E40/><V61/><F111/><W114/><G121/><T129/><D129/><U107/><E9/><V119/><F119/><W32/><G32/><T20/><D0/><U108/><E98/><V87/><F72/><W8/><G114/><T10/><D10/><U112/><E112/><V100/><F1/><W96/><G109/><T101/><D44/><U130/><E108/><V85/><F97/><W134/><G134/><T28/><N who="0" m="7168" /><DORA hai="71" /><T116/><D116/><U93/><E93/><N who="0" m="35945" /><D106/><U120/><E120/><V51/><F87/><W41/><G96/><T7/><D7/><U12/><E12/><V69/><F69/><W50/><REACH who="3" step="1"/><G70/><REACH who="3" ten="250,250,250,240" step="2"/><T33/><D74/><U4/><E133/><V52/><F85/><W88/><G88/><T3/><D33/><U39/><E135/><V132/><F132/><W105/><G105/><T36/><D103/><U91/><E107/><V13/><F100/><W102/><G102/><T16/><D101/><U26/><E104/><V118/><F99/><W90/><G90/><T89/><D89/><U113/><E91/><V110/><F118/><W95/><G95/><T6/><D77/><U76/><E76/><V25/><F110/><W81/><G81/><T27/><D83/><U115/><E80/><V37/><F68/><W24/><G24/><T131/><D27/><U43/><E113/><V82/><F82/><W42/><G42/><RYUUKYOKU ba="0,1" sc="250,-10,250,-10,250,-10,240,30" hai3="2,5,8,41,46,48,50,53,54,56,59,63,128" /><INIT seed="1,1,1,4,3,109" ten="240,240,240,270" oya="1" hai0="129,97,73,95,45,89,14,54,114,120,105,82,9" hai1="88,3,125,12,50,91,56,29,69,52,117,111,28" hai2="116,53,101,22,10,46,55,77,131,39,60,132,7" hai3="43,13,123,87,5,110,36,4,122,86,108,47,62"/><U51/><E3/><V27/><F116/><W2/><G2/><T115/><D129/><U11/><E69/><V81/><F131/><W90/><G62/><T100/><D120/><U30/><E117/><V33/><F132/><W121/><G13/><T135/><D135/><U113/><E111/><N who="3" m="42538" /><G87/><N who="0" m="52671" /><D54/><N who="1" m="31831" /><E113/><N who="0" m="43017" /><D45/><N who="1" m="27759" /><E125/><V85/><F33/><W94/><AGARI ba="1,1" hai="4,5,36,43,47,86,90,94,121,122,123" m="42538" machi="94" ten="40,1500,0" yaku="14,1" doraHai="109" who="3" fromWho="3" sc="240,-5,240,-8,240,-5,270,28" /><INIT seed="2,0,0,4,4,65" ten="235,232,235,298" oya="2" hai0="80,108,12,116,63,100,41,133,93,121,24,67,103" hai1="131,27,112,111,46,110,84,35,16,23,105,135,45" hai2="89,71,113,82,59,85,40,101,130,57,47,104,122" hai3="19,55,6,22,52,39,2,38,79,11,126,74,78"/><V91/><F122/><W129/><G129/><T15/><D121/><U8/><E131/><V73/><F130/><W56/><G126/><T62/><D108/><N who="1" m="41515" /><E112/><V49/><F113/><W34/><G34/><T31/><D133/><U75/><E75/><V26/><F73/><W117/><G55/><T64/><D41/><U33/><E105/><V50/><F71/><W127/><G127/><T20/><D80/><U95/><E135/><V98/><F26/><W69/><G69/><N who="0" m="42135" /><D116/><U125/><E125/><V4/><F4/><W70/><G70/><T30/><D103/><U134/><E134/><V66/><F66/><W48/><G117/><T29/><D29/><U36/><E8/><V115/><F115/><W0/><G0/><T83/><D83/><U10/><E10/><V3/><F3/><W86/><G74/><T118/><D31/><U17/><E17/><V25/><F25/><W88/><G78/><T96/><D118/><U1/><E1/><V132/><F132/><W54/><G79/><T14/><D14/><U106/><E106/><V68/><F68/><W99/><G54/><T18/><D18/><U60/><E60/><V124/><F124/><W37/><G2/><T102/><D102/><U43/><E46/><N who="2" m="25799" /><F91/><AGARI ba="0,0" hai="16,23,27,33,35,36,43,45,84,91,95" m="41515" machi="91" ten="30,2000,0" yaku="14,1,54,1" doraHai="65" who="1" fromWho="2" sc="235,0,232,20,235,-20,298,0" /><INIT seed="3,0,0,1,3,121" ten="235,252,215,298" oya="3" hai0="0,22,74,114,129,52,109,18,112,41,49,12,68" hai1="95,51,117,32,38,115,100,99,64,124,17,85,118" hai2="61,106,60,86,20,87,43,31,39,50,77,44,15" hai3="29,40,119,11,62,9,42,66,116,89,132,127,98"/><W5/><G127/><T108/><D129/><U102/><E38/><V113/><F113/><N who="0" m="43626" /><D68/><U10/><E115/><V8/><F106/><W75/><G75/><T69/><D69/><U131/><E131/><V35/><F35/><W67/><G29/><T96/><D74/><U78/><E32/><V81/><F39/><W16/><G132/><T135/><D135/><U1/><E124/><V34/><F34/><W47/><G66/><T71/><D71/><U48/><E64/><V110/><F110/><W21/><G5/><T63/><D0/><U4/><E102/><V53/><F87/><W55/><G67/><T111/><D96/><U94/><E17/><V45/><F45/><W93/><G116/><N who="1" m="44650" /><E95/><V73/><F73/><W24/><G119/><T125/><D125/><U76/><E85/><V23/><F31/><W80/><G80/><T2/><D2/><U70/><E70/><V54/><F23/><W13/><G9/><T120/><D120/><U105/><E105/><V92/><F20/><W59/><G47/><N who="0" m="27711" /><D63/><N who="2" m="24138" /><F92/><W37/><G37/><T90/><D41/><U65/><E65/><V36/><F36/><W7/><AGARI ba="0,0" hai="7,11,13,16,21,24,40,42,55,59,62,89,93,98" machi="7" ten="20,18000,2" yaku="0,1,7,1,25,2,8,1,54,1" doraHai="121" who="3" fromWho="3" sc="235,-60,252,-60,215,-60,298,180" owari="175,-22.0,192,-1.0,155,-34.0,478,57.0" /></mjloggm>