<mjloggm ver="2.3"><GO type="169" lobby="0"/><UN n0="%74%61%6E%61%4B%61" n1="%E3%81%99%E3%81%BF%E3%82%84%E3%81%AB" n2="%E5%B0%B1%E6%B4%BB%E7%94%9F%40%E5%B7%9D%E6%9D%91%E8%BB%8D%E5%9B%A3" n3="%40%E7%B4%94%E3%81%A1%E3%82%83%E3%82%93" dan="16,18,17,16" rate="2057.29,2197.89,2147.00,2160.73" sx="M,M,M,M"/><TAIKYOKU oya="0"/><INIT seed="0,0,0,5,0,15" ten="250,250,250,250" oya="0" hai0="54,6,58,61,4,78,93,90,35,115,94,76,51" hai1="56,89,36,122,134,79,24,12,5,85,45,25,120" hai2="20,128,33,107,18,31,130,69,82,98,123,108,27" hai3="83,29,65,104,60,124,100,87,34,135,52,64,49"/><T80/><D115/><U84/><E134/><V71/><F123/><W0/><G0/><T39/><D39/><U57/><E79/><N who="0" m="30249" /><D35/><U53/><E36/><V44/><F44/><W63/><G135/><T127/><D127/><U132/><E45/><V103/><F82/><W99/><G124/><T131/><D131/><U46/><E46/><V16/><F108/><W101/><G34/><T112/><D112/><U126/><E132/><V26/><REACH who="2" step="1"/><F18/><REACH who="2" ten="250,250,240,250" step="2"/><W62/><G29/><T81/><D80/><U91/><E126/><V59/><F59/><W96/><G65/><N who="0" m="39095" /><D81/><U109/><E109/><V74/><F74/><W22/><G64/><T28/><D28/><U118/><E122/><V114/><F114/><W30/><G30/><T9/><D94/><U40/><E120/><V72/><F72/><W86/><G83/><T8/><D4/><U43/><E5/><V67/><F67/><W92/><G92/><T88/><D6/><U125/><E125/><V105/><F105/><W17/><G104/><T129/><D129/><AGARI ba="0,1" hai="16,20,26,27,31,33,69,71,98,103,107,128,129,130" machi="129" ten="40,8000,1" yaku="1,1,19,1,52,1,54,1,53,0" doraHai="15" doraHaiUra="47" who="2" fromWho="0" sc="250,-80,250,0,240,90,250,0" /><INIT seed="1,0,0,3,2,71" ten="170,250,330,250" oya="1" hai0="123,111,76,41,129,70,132,6,119,53,84,55,96" hai1="2,39,59,26,33,58,82,28,102,54,99,98,73" hai2="122,56,86,94,100,43,91,120,89,66,64,93,103" hai3="81,25,65,78,13,22,47,51,74,20,21,108,97"/><U36/><E2/><V19/><F43/><W18/><G108/><T79/><D111/><U52/><E73/><V27/><F27/><W32/><G65/><T115/><D119/><U69/><E69/><V67/><F19/><W87/><G74/><T12/><D115/><U30/><E82/><V113/><F113/><W80/><G80/><T101/><D70/><U46/><E46/><V14/><F14/><W42/><REACH who="3" step="1"/><G97/><REACH who="3" ten="170,250,330,240" step="2"/><T10/><D96/><U116/><E116/><V72/><F72/><W29/><AGARI ba="0,1" hai="13,18,20,21,22,25,29,32,42,47,51,78,81,87" machi="29" ten="30,4000,0" yaku="1,1,2,1,0,1,53,0" doraHai="71" doraHaiUra="105" who="3" fromWho="3" sc="170,-10,250,-20,330,-10,240,50" /><INIT seed="2,0,0,5,4,80" ten="160,230,320,290" oya="2" hai0="104,25,98,63,58,96,7,95,72,0,83,135,46" hai1="36,42,37,16,106,23,88,53,92,45,94,30,52" hai2="131,18,32,87,111,76,4,43,115,49,13,128,60" hai3="8,75,118,10,79,120,9,81,82,109,103,57,77"/><V89/><F32/><W56/><G120/><T41/><D135/><U67/><E106/><V33/><F33/><W110/><G118/><T91/><D25/><U73/><E73/><V17/><F115/><W61/><G103/><T5/><D0/><U28/><E37/><V44/><F76/><W74/><REACH who="3" step="1"/><G57/><REACH who="3" ten="160,230,320,280" step="2"/><T59/><D59/><U124/><E124/><V50/><F111/><W100/><G100/><T34/><D104/><U22/><E67/><AGARI ba="0,1" hai="8,9,10,56,61,67,74,75,77,79,81,82,109,110" machi="67" ten="40,2600,0" yaku="1,1,9,1,53,0" doraHai="80" doraHaiUra="84" who="3" fromWho="1" sc="160,0,230,-26,320,0,280,36" /><INIT seed="3,0,0,5,4,43" ten="160,204,320,316" oya="3" hai0="15,134,131,112,57,89,27,104,130,4,25,115,22" hai1="91,50,63,45,3,100,82,18,74,93,44,58,119" hai2="122,114,116,31,54,123,103,37,106,81,94,64,13" hai3="77,75,124,71,108,86,40,23,92,102,78,38,85"/><W21/><G71/><T83/><D104/><U12/><E3/><V97/><F114/><N who="0" m="43562" /><D57/><U8/><E119/><V96/><F116/><W29/><G75/><T111/><D111/><U60/><E100/><V28/><F37/><W128/><G108/><T1/><D83/><U72/><E72/><V70/><F81/><W84/><G128/><N who="0" m="49195" /><D89/><U55/><E74/><V6/><F64/><W42/><G124/><T7/><D134/><U34/><E34/><V135/><F70/><W73/><G73/><T9/><D4/><U66/><E82/><V79/><F79/><N who="3" m="30219" /><G38/><T35/><D35/><U127/><E127/><V26/><F135/><W16/><G102/><T67/><D67/><U121/><E121/><V19/><F6/><W105/><G92/><T61/><D61/><N who="1" m="23627" /><E66/><V10/><F106/><W56/><G56/><T47/><D47/><U132/><E132/><V0/><F94/><W53/><G105/><T14/><D27/><U24/><E24/><V32/><F103/><W120/><G120/><T98/><D98/><AGARI ba="0,0" hai="8,12,18,44,45,50,55,58,91,93,98" m="23627" machi="98" ten="30,3900,0" yaku="8,1,52,2" doraHai="43" who="1" fromWho="0" sc="160,-39,204,39,320,0,316,0" /><INIT seed="4,0,0,1,2,2" ten="121,243,320,316" oya="0" hai0="57,96,73,14,127,123,78,130,133,56,116,119,121" hai1="41,132,122,104,80,59,19,50,105,106,84,99,1" hai2="43,45,32,38,62,48,77,30,39,126,21,94,76" hai3="29,46,54,68,113,129,95,88,26,51,25,10,6"/><T70/><D70/><U117/><E117/><N who="0" m="45129" /><D14/><U115/><E122/><N who="0" m="46601" /><D57/><U101/><E1/><V4/><F126/><W37/><G113/><T52/><D56/><U85/><E115/><V135/><F135/><W131/><G37/><T20/><D20/><U35/><E132/><V22/><F32/><W97/><G68/><T98/><D52/><U11/><E35/><V108/><F108/><W24/><REACH who="3" step="1"/><G29/><REACH who="3" ten="121,243,320,306" step="2"/><T0/><D133/><U12/><E106/><V81/><F30/><W107/><G107/><T69/><D69/><U91/><E105/><V49/><F39/><W103/><G103/><T110/><D110/><U120/><E120/><V27/><F38/><W89/><G89/><T36/><D36/><U9/><E91/><V75/><F76/><W23/><G23/><T53/><D127/><U66/><E101/><V82/><F77/><W86/><G86/><T64/><D78/><U118/><E85/><V134/><F22/><W87/><G87/><T60/><D73/><U15/><E84/><V55/><F75/><W125/><G125/><T58/><D96/><U92/><E99/><V18/><F134/><W83/><G83/><T79/><D98/><U111/><E80/><V5/><F82/><W44/><G44/><T128/><D79/><U7/><E118/><V71/><F81/><W74/><G74/><T109/><D109/><U17/><E111/><V34/><F71/><W47/><G47/><T100/><D100/><U72/><E72/><V63/><F45/><W93/><G93/><T42/><D130/><U114/><E92/><V90/><F94/><W13/><AGARI ba="0,1" hai="6,10,13,24,25,26,46,51,54,88,95,97,129,131" machi="13" ten="30,8000,1" yaku="1,1,5,1,0,1,52,1,54,1,53,0" doraHai="2" doraHaiUra="61" who="3" fromWho="3" sc="121,-40,243,-20,320,-20,306,90" /><INIT seed="5,0,0,0,2,25" ten="81,223,300,396" oya="1" hai0="106,3,26,23,71,68,108,109,119,132,22,114,123" hai1="129,50,118,102,134,81,115,131,101,39,48,38,62" hai2="47,14,112,52,5,45,72,80,21,24,44,99,74" hai3="103,126,35,110,127,36,107,66,135,49,95,94,40"/><U13/><E115/><V89/><F112/><W34/><G36/><T31/><D114/><U85/><E118/><V18/><F74/><W104/><G110/><T97/><D119/><U98/><E62/><V120/><F120/><W51/><G66/><T87/><D3/><U121/><E121/><V46/><F72/><W117/><G117/><T75/><D75/><U63/><E63/><V17/><F5/><W78/><G78/><T116/><D116/><U53/><E13/><V86/><F99/><W77/><G77/><T100/><D123/><U4/><E4/><V122/><F122/><W37/><G37/><T10/><D132/><U128/><E134/><V42/><F42/><W6/><G6/><T41/><D41/><U67/><E67/><V29/><F14/><W55/><G40/><T54/><D10/><U33/><E33/><N who="3" m="12298" /><G135/><T111/><D87/><U93/><E102/><V43/><F43/><W96/><G95/><T76/><D76/><N who="1" m="46247" /><E50/><AGARI ba="0,0" hai="17,18,21,24,29,44,45,46,47,50,52,80,86,89" machi="50" ten="40,5200,0" yaku="8,1,52,1,54,1" doraHai="25" who="2" fromWho="1" sc="81,0,223,-52,300,52,396,0" /><INIT seed="6,0,0,5,4,34" ten="81,171,352,396" oya="2" hai0="65,22,47,50,4,56,31,73,70,72,130,113,105" hai1="120,111,32,5,66,60,125,2,93,29,85,59,79" hai2="38,53,84,128,52,1,99,110,101,40,10,112,102" hai3="86,49,89,13,126,91,64,81,103,33,36,12,39"/><V133/><F112/><W88/><G33/><T77/><D113/><U108/><E125/><V118/><F118/><W45/><G126/><T23/><D70/><U114/><E114/><V43/><F128/><W20/><G103/><T27/><D130/><U9/><E120/><V87/><F133/><W6/><G64/><T54/><D105/><U106/><E106/><V123/><F99/><W98/><G98/><T83/><D4/><U76/><E29/><V7/><F7/><W95/><G36/><T11/><D11/><U115/><E32/><V131/><F10/><N who="3" m="4183" /><G39/><T24/><D65/><U90/><REACH who="1" step="1"/><E115/><REACH who="1" ten="81,161,352,396" step="2"/><V42/><F123/><W80/><G80/><T28/><REACH who="0" step="1"/><D47/><REACH who="0" ten="71,161,352,396" step="2"/><U116/><E116/><V21/><F131/><W117/><G45/><T92/><D92/><U62/><E62/><V35/><F110/><AGARI ba="0,2" hai="2,5,9,59,60,66,76,79,85,90,93,108,110,111" machi="110" ten="40,2600,0" yaku="1,1,52,1,53,0" doraHai="34" doraHaiUra="51" who="1" fromWho="2" sc="71,0,161,46,352,-26,396,0" /><INIT seed="7,0,0,5,0,111" ten="71,207,326,396" oya="3" hai0="99,67,96,123,126,135,43,8,57,134,21,95,115" hai1="10,88,54,33,50,36,19,107,86,82,28,121,46" hai2="85,132,2,12,52,89,80,37,73,26,127,75,40" hai3="14,65,92,64,56,53,16,31,87,34,20,118,97"/><W24/><G118/><T108/><D108/><U0/><E107/><V18/><F2/><W61/><G87/><T133/><D123/><U27/><E36/><V113/><F37/><W15/><G15/><T90/><D126/><U116/><E116/><V23/><F40/><W81/><G81/><T7/><D43/><U100/><E100/><AGARI ba="0,0" hai="14,16,20,24,31,34,53,56,61,64,65,92,97,100" machi="100" ten="30,2900,0" yaku="7,1,54,1" doraHai="111" who="3" fromWho="1" sc="71,0,207,-29,326,0,396,29" owari="71,-43.0,178,-22.0,326,13.0,425,52.0" /></mjloggm>