<mjloggm ver="2.3"><GO type="169" lobby="0"/><UN n0="%E3%83%88%E3%83%88%E3%83%AA%E5%85%88%E7%94%9F%31%39%E6%AD%B3" n1="%63%72%69%74%74%65%72" n2="%EF%BD%9E%E5%8E%9F%E6%9D%91%E5%92%8C%EF%BD%9E" n3="%52%69%2D%4D%6F%2D" dan="18,16,16,18" rate="2182.18,2037.93,2092.34,2264.16" sx="F,M,F,M"/><TAIKYOKU oya="0"/><INIT seed="0,0,0,4,5,52" ten="250,250,250,250" oya="0" hai0="112,63,33,51,114,30,41,88,20,76,126,3,120" hai1="94,127,105,12,35,7,92,100,55,32,87,38,2" hai2="43,109,39,6,23,68,73,74,117,103,29,71,61" hai3="66,53,123,111,79,28,59,25,133,75,113,119,1"/><T21/><D120/><U77/><E2/><V122/><F122/><W78/><G113/><T115/><D3/><U89/><E38/><V14/><F39/><W110/><G119/><T24/><D126/><U134/><E127/><V48/><F109/><N who="3" m="41483" /><G123/><T18/><D76/><U49/><E105/><V65/><F71/><W125/><G125/><T27/><D63/><U31/><E134/><V135/><F135/><W70/><G1/><T44/><D33/><U102/><E77/><V22/><F103/><W34/><G133/><T0/><D0/><U101/><E31/><V17/><F6/><W10/><G10/><T93/><REACH who="0" step="1"/><D115/><REACH who="0" ten="240,250,250,250" step="2"/><U129/><E32/><V13/><F117/><W58/><G75/><T86/><AGARI ba="0,1" hai="18,20,21,24,27,30,41,44,51,86,88,93,112,114" machi="86" ten="20,18000,2" yaku="1,1,2,1,0,1,7,1,54,1,53,1" doraHai="52" doraHaiUra="91" who="0" fromWho="0" sc="240,190,250,-60,250,-60,250,-60" /><INIT seed="0,1,0,3,5,53" ten="430,190,190,190" oya="0" hai0="56,30,101,19,130,21,84,4,75,109,72,119,43" hai1="91,50,123,103,118,132,127,58,26,24,96,65,87" hai2="47,124,0,7,31,52,36,11,68,55,9,10,6" hai3="89,69,60,35,41,90,51,8,76,23,42,125,79"/><T129/><D119/><U126/><E123/><V110/><F110/><W63/><G35/><T44/><D109/><U111/><E111/><V82/><F68/><W74/><G125/><N who="1" m="47626" /><E118/><V1/><F124/><W98/><G74/><T92/><D30/><U49/><E132/><V117/><F117/><W20/><G69/><T5/><D72/><U81/><E65/><V33/><F82/><W105/><G105/><T106/><D75/><U107/><E49/><V95/><F11/><W113/><G8/><T40/><D106/><U122/><E122/><V13/><F13/><W27/><G113/><T128/><D56/><U120/><E120/><V133/><F95/><W28/><G51/><T83/><D92/><U134/><E134/><V64/><F64/><W14/><G14/><N who="0" m="9463" /><D101/><U78/><E78/><V12/><F12/><W59/><G98/><T115/><D115/><U93/><E93/><V32/><F32/><W86/><G86/><T16/><D16/><U37/><E37/><V62/><F133/><W54/><G23/><T3/><D3/><U100/><E100/><V97/><F97/><W39/><G63/><T77/><D43/><N who="3" m="16393" /><G39/><AGARI ba="1,0" hai="4,5,39,40,44,77,83,84,128,129,130" m="9463" machi="39" ten="30,1500,0" yaku="19,1" doraHai="53" who="0" fromWho="3" sc="430,18,190,0,190,0,190,-18" /><INIT seed="0,2,0,5,3,79" ten="448,190,190,172" oya="0" hai0="65,73,128,62,77,75,34,47,3,56,53,27,116" hai1="9,81,118,95,113,17,125,64,48,33,96,19,1" hai2="97,106,109,0,130,20,99,121,104,129,112,74,122" hai3="52,119,59,18,37,98,21,32,108,126,40,63,123"/><T90/><D116/><U72/><E118/><V85/><F0/><W13/><G119/><T107/><D3/><U134/><E134/><V60/><F60/><W24/><G108/><T127/><D107/><N who="2" m="41002" /><F20/><W43/><G126/><T91/><D127/><U10/><E125/><V55/><F55/><W88/><G123/><N who="2" m="47113" /><F112/><W67/><G37/><T86/><D128/><N who="2" m="49258" /><F74/><W23/><G67/><T45/><D73/><U35/><E64/><V102/><F109/><W80/><G32/><T16/><D75/><U51/><E113/><V46/><F46/><N who="0" m="17418" /><D34/><U78/><E1/><V7/><F7/><W6/><G6/><T87/><D65/><U135/><E72/><V15/><F15/><W38/><G38/><T120/><D120/><U39/><E39/><V61/><F61/><W76/><G24/><T4/><D4/><U25/><E25/><V92/><F85/><N who="3" m="48263" /><G23/><N who="0" m="13799" /><D86/><U83/><E35/><V69/><F69/><W114/><G114/><T110/><D110/><U94/><E33/><V36/><F36/><W44/><G44/><T49/><D62/><U124/><E124/><V8/><F8/><W117/><G117/><T111/><D111/><U105/><E9/><V93/><F102/><W5/><G5/><T2/><D2/><U68/><E10/><V84/><F84/><W12/><G12/><T115/><D115/><U100/><E68/><V101/><F101/><W131/><G131/><T103/><D103/><U42/><E100/><V132/><F132/><W11/><G11/><T89/><D77/><U14/><E78/><V30/><F30/><W70/><G70/><T26/><D26/><RYUUKYOKU ba="2,0" sc="448,10,190,-30,190,10,172,10" hai0="49,53,56,87,89,90,91" hai2="92,93,97,99" hai3="13,18,21,40,43,52,59,63,88,98" /><INIT seed="0,3,0,5,2,107" ten="458,160,200,182" oya="0" hai0="62,50,85,114,26,69,135,100,7,89,24,64,40" hai1="76,91,23,94,124,81,45,118,113,5,80,31,119" hai2="68,55,74,96,1,17,106,42,71,21,72,88,127" hai3="6,103,108,60,92,65,70,87,111,43,28,37,39"/><T129/><D114/><U12/><E113/><V18/><F1/><W134/><G134/><T48/><D129/><U93/><E124/><V109/><F18/><W104/><G6/><T11/><D135/><U123/><E123/><V78/><F78/><W46/><G37/><T9/><D100/><U0/><E0/><V14/><F127/><W130/><G130/><T33/><D9/><U58/><E58/><V30/><F42/><W132/><G132/><T22/><D33/><U10/><E45/><V77/><F77/><W15/><G15/><T29/><D26/><U128/><E128/><V121/><F121/><W41/><G41/><T110/><D110/><N who="3" m="42025" /><G28/><T102/><D102/><U52/><E52/><V79/><F79/><W84/><G92/><T117/><D117/><U20/><E94/><V54/><F109/><W133/><G133/><T66/><D66/><U98/><E81/><V57/><F54/><W131/><G131/><T101/><D101/><U32/><E32/><V116/><F30/><W122/><G122/><T112/><D112/><U97/><E31/><V99/><F116/><W59/><G70/><T4/><D40/><U82/><E118/><V16/><F68/><W120/><G120/><T125/><D125/><U56/><E119/><V83/><F71/><W90/><G90/><T13/><D4/><U38/><E5/><V47/><F17/><W105/><G105/><T75/><D7/><U67/><E38/><V25/><F106/><W51/><G39/><T63/><D69/><U95/><E76/><V35/><F88/><W19/><G19/><T49/><D29/><RYUUKYOKU ba="3,0" sc="458,-10,160,-10,200,-10,182,30" hai3="43,46,51,59,60,65,84,87,103,104" /><INIT seed="1,4,0,4,5,32" ten="448,150,190,212" oya="1" hai0="36,88,12,123,99,128,18,106,126,84,27,22,98" hai1="41,1,97,31,124,46,59,3,15,56,60,25,2" hai2="122,6,44,131,64,67,73,77,33,55,71,52,40" hai3="72,20,90,100,42,87,48,49,14,125,79,132,47"/><U68/><E124/><V35/><F122/><W26/><G125/><T110/><D126/><U30/><E15/><V86/><F131/><W21/><G132/><T108/><D36/><U5/><E97/><V13/><F73/><W28/><G100/><T53/><D128/><U109/><E109/><N who="0" m="42089" /><D123/><U104/><E104/><V133/><F33/><W135/><G135/><T66/><D66/><U17/><E17/><V114/><F35/><W101/><G101/><T9/><D53/><N who="2" m="20554" /><F71/><W4/><G72/><T39/><D39/><U8/><E68/><V82/><F114/><W107/><G107/><T65/><D65/><U115/><E115/><V0/><F0/><W61/><G61/><T58/><D58/><U93/><E93/><V112/><F112/><W34/><G49/><T24/><D24/><U37/><E31/><V78/><F78/><W116/><G116/><T85/><D85/><U118/><E118/><V63/><F63/><W62/><G62/><T19/><D106/><U89/><E89/><V11/><F133/><W29/><G29/><T121/><D121/><U91/><E91/><V23/><F23/><W102/><G102/><T54/><D54/><U50/><E37/><V120/><F120/><W127/><G127/><T113/><D113/><U117/><E117/><V94/><F94/><AGARI ba="4,0" hai="9,12,18,19,22,27,84,88,94,98,99" m="42089" machi="94" ten="30,2000,0" yaku="14,1,54,1" doraHai="32" who="0" fromWho="2" sc="448,32,150,0,190,-32,212,0" /><INIT seed="2,0,0,0,4,90" ten="480,150,158,212" oya="2" hai0="37,118,107,53,50,130,0,66,36,57,104,132,68" hai1="23,28,64,92,44,49,29,39,25,103,20,51,110" hai2="26,61,72,70,124,76,3,55,83,109,98,108,21" hai3="81,10,19,32,96,74,123,135,38,24,91,115,93"/><V22/><F3/><W4/><G123/><T16/><D0/><U75/><E75/><V59/><F124/><W102/><G38/><T134/><D130/><U69/><E110/><N who="2" m="42603" /><F70/><W47/><G135/><N who="0" m="51755" /><D118/><U33/><E39/><N who="0" m="14921" /><D16/><U79/><E79/><V9/><F9/><W122/><G32/><T101/><D101/><U42/><E29/><V17/><F98/><W6/><G96/><T125/><D125/><U99/><E51/><V18/><F22/><W43/><G10/><T62/><AGARI ba="0,0" hai="50,53,57,62,66,68,104,107" m="14921,51755" machi="62" ten="40,1500,0" yaku="20,1" doraHai="90" who="0" fromWho="0" sc="480,15,150,-4,158,-7,212,-4" /><INIT seed="3,0,0,2,4,123" ten="495,146,151,208" oya="3" hai0="30,82,19,74,29,90,121,80,18,111,89,117,22" hai1="86,61,79,69,23,77,84,92,105,78,133,91,112" hai2="45,53,128,73,134,20,108,47,93,4,56,12,52" hai3="104,6,49,9,132,13,63,75,135,32,11,41,94"/><W62/><G104/><T28/><D111/><U51/><E112/><V58/><F73/><W66/><G32/><T15/><D121/><U113/><E113/><V131/><F134/><N who="3" m="51243" /><G75/><T16/><D117/><U129/><E133/><V120/><F120/><W81/><G81/><N who="0" m="31339" /><D74/><U44/><E105/><V65/><F93/><W25/><G25/><N who="0" m="14535" /><D19/><U97/><E129/><V0/><F20/><AGARI ba="0,0" hai="15,18,20,28,29,30,89,90" m="14535,31339" machi="20" ten="30,2000,0" yaku="8,1,54,1" doraHai="123" who="0" fromWho="2" sc="495,20,146,0,151,-20,208,0" /><INIT seed="4,0,0,4,0,60" ten="515,146,131,208" oya="0" hai0="98,107,105,4,125,11,77,8,43,35,87,33,5" hai1="0,54,127,78,6,79,90,85,13,131,101,56,118" hai2="24,38,80,93,14,121,34,65,74,128,104,62,76" hai3="12,86,9,46,123,73,32,134,115,37,17,29,122"/><T7/><D125/><U53/><E118/><V130/><F121/><N who="3" m="46091" /><G73/><T88/><D43/><U10/><E127/><V96/><F14/><W50/><G115/><T21/><D77/><U117/><E117/><V106/><F93/><W64/><G134/><T102/><D107/><U82/><E131/><V55/><F55/><W97/><G97/><T110/><D110/><U2/><E101/><V16/><F16/><W72/><G72/><T39/><D39/><U83/><E54/><V40/><F106/><W114/><G114/><T124/><D124/><U99/><E99/><V47/><F24/><N who="3" m="18471" /><G37/><T91/><D91/><U108/><E108/><V95/><F95/><W109/><G109/><T94/><REACH who="0" step="1"/><D21/><REACH who="0" ten="505,146,131,208" step="2"/><U63/><E90/><V31/><F34/><AGARI ba="0,1" hai="4,5,7,8,11,33,34,35,87,88,94,98,102,105" machi="34" ten="40,7700,0" yaku="1,1,2,1,54,1,53,0" doraHai="60" doraHaiUra="41" who="0" fromWho="2" sc="505,87,146,0,131,-77,208,0" /><INIT seed="4,1,0,5,5,131" ten="592,146,54,208" oya="0" hai0="82,25,41,40,47,39,109,91,2,21,11,13,31" hai1="100,29,113,106,20,59,104,33,108,63,84,127,19" hai2="14,50,74,68,89,22,8,125,66,10,79,69,99" hai3="36,58,48,110,34,114,87,96,102,77,0,72,37"/><T119/><D119/><U24/><E108/><V26/><F125/><W97/><G34/><T128/><D128/><U121/><E121/><V112/><F112/><W30/><G30/><T95/><D109/><U1/><E1/><V53/><F74/><W6/><G110/><T45/><D2/><U23/><E127/><V46/><F79/><W54/><G114/><T88/><D82/><U4/><E113/><V43/><F66/><W133/><G72/><T12/><D95/><U71/><E71/><V120/><F120/><W18/><G96/><T92/><D92/><U93/><E4/><V132/><F43/><W83/><G18/><T9/><D13/><U123/><E123/><V73/><F73/><W118/><G118/><T117/><D117/><U38/><E38/><V67/><F67/><W135/><G6/><T55/><D55/><U56/><E56/><V16/><F10/><W42/><G0/><T61/><D61/><U94/><E94/><V51/><F132/><N who="3" m="50763" /><G42/><T124/><D124/><U76/><E33/><V86/><F50/><W62/><G48/><T5/><D9/><U116/><E116/><V35/><F35/><W107/><AGARI ba="1,0" hai="36,37,54,58,62,77,83,87,97,102,107" m="50763" machi="107" ten="30,7900,0" yaku="20,1,52,3" doraHai="131" who="3" fromWho="3" sc="592,-40,146,-21,54,-21,208,82" /><INIT seed="5,0,0,2,1,57" ten="552,125,33,290" oya="1" hai0="69,38,14,72,104,25,66,48,97,89,47,40,54" hai1="90,94,9,77,6,20,32,124,39,84,34,122,68" hai2="67,73,105,126,19,79,74,3,8,62,1,18,108" hai3="16,76,64,26,101,41,85,102,13,21,4,86,55"/><U81/><E122/><V78/><F105/><W30/><G41/><T103/><D72/><U128/><E39/><V0/><F108/><W43/><G43/><T2/><D2/><U42/><E42/><V129/><F129/><W120/><G120/><T29/><D89/><U59/><E128/><V133/><F133/><W17/><G64/><T12/><D66/><U96/><E68/><V75/><F126/><W70/><G70/><T92/><D104/><U53/><E20/><V5/><F5/><W83/><G55/><T63/><D63/><U115/><E115/><V112/><F112/><W22/><G4/><T46/><D69/><U121/><E124/><V24/><F24/><N who="3" m="16663" /><G85/><T60/><D60/><U87/><E87/><V110/><F110/><W114/><G114/><T33/><AGARI ba="0,0" hai="12,14,25,29,33,38,40,46,47,48,54,92,97,103" machi="33" ten="20,1500,0" yaku="0,1,7,1" doraHai="57" who="0" fromWho="0" sc="552,15,125,-7,33,-4,290,-4" /><INIT seed="6,0,0,4,1,122" ten="567,118,29,286" oya="2" hai0="128,84,59,60,66,65,44,135,92,37,30,77,114" hai1="23,61,64,109,118,132,82,19,6,68,72,75,79" hai2="125,96,12,87,95,99,105,41,124,5,58,38,42" hai3="73,49,83,28,86,101,90,111,100,102,43,18,127"/><V36/><F5/><W113/><G28/><T104/><D104/><U24/><E109/><V1/><F1/><W130/><G111/><T15/><D114/><U69/><E118/><V62/><F12/><W32/><G32/><T85/><D128/><U26/><E132/><V107/><F87/><W3/><G3/><T7/><D135/><U9/><E26/><V88/><F62/><W80/><G130/><T57/><D37/><U0/><REACH who="1" step="1"/><E72/><REACH who="1" ten="567,108,29,286" step="2"/><V50/><F58/><AGARI ba="0,1" hai="0,6,9,19,23,24,58,61,64,68,69,75,79,82" machi="58" ten="30,3900,0" yaku="1,1,2,1,7,1,53,0" doraHai="122" doraHaiUra="112" who="1" fromWho="2" sc="567,0,108,49,29,-39,286,0" owari="567,66.0,157,-24.0,-10,-51.0,286,9.0" /></mjloggm>