<mjloggm ver="2.3"><GO type="169" lobby="0"/><UN n0="%E4%B8%89%E5%B0%BA%E7%8E%89" n1="%E9%87%8E%E3%80%85%E5%AE%AE%E8%97%8D" n2="%6E%65%73%69%65%72" n3="%E3%82%A6%E3%83%AB%E3%83%88%E3%83%A9%E7%AB%8B%E7%9B%B4" dan="16,16,16,17" rate="2037.63,2059.67,2066.64,2173.49" sx="M,F,M,M"/><TAIKYOKU oya="0"/><INIT seed="0,0,0,3,3,70" ten="250,250,250,250" oya="0" hai0="108,52,0,96,10,21,54,30,61,34,80,5,90" hai1="23,114,85,103,46,4,9,105,24,40,76,19,111" hai2="60,82,92,36,74,127,43,45,44,12,121,106,50" hai3="11,6,115,88,89,8,53,27,1,20,124,81,122"/><T125/><D125/><U25/><E111/><V66/><F106/><W134/><G115/><T18/><D108/><U126/><E114/><V95/><F127/><W63/><G124/><T65/><D30/><U57/><E126/><V7/><F121/><W104/><G104/><T64/><D34/><U37/><E105/><V26/><F26/><W14/><G134/><T79/><D90/><U120/><E120/><V116/><F116/><W112/><G112/><T73/><D96/><U133/><E103/><V31/><F31/><W135/><G135/><T84/><D73/><U48/><E25/><V13/><F82/><W71/><G122/><T35/><D35/><U119/><E119/><V129/><F129/><W22/><G81/><T109/><D64/><U100/><E100/><V107/><F107/><W38/><G38/><T28/><D28/><U16/><E133/><V99/><F7/><W110/><G110/><T75/><D75/><U17/><E85/><V55/><F74/><W72/><G72/><T128/><D128/><U98/><E98/><V101/><REACH who="2" step="1"/><F92/><REACH who="2" ten="250,250,240,250" step="2"/><W47/><G27/><T86/><D109/><U83/><E83/><V39/><F39/><W2/><G6/><T97/><D97/><U33/><E33/><V3/><F3/><W87/><G1/><T69/><D86/><U62/><E37/><V117/><F117/><W59/><G2/><T113/><D113/><U32/><E32/><V51/><F51/><W130/><G87/><T67/><D67/><N who="1" m="39375" /><E76/><V29/><F29/><W123/><G130/><T91/><D79/><U49/><E48/><V41/><F41/><RYUUKYOKU ba="0,1" sc="250,10,250,10,240,10,250,-30" hai0="0,5,10,18,21,52,54,61,65,69,80,84,91" hai1="4,9,16,17,19,23,24,40,46,49" hai2="12,13,36,43,44,45,50,55,60,66,95,99,101" /><INIT seed="0,1,1,2,1,6" ten="260,260,250,220" oya="0" hai0="118,102,131,124,50,84,76,5,95,96,20,74,0" hai1="111,110,97,78,48,68,26,59,125,32,54,123,101" hai2="109,13,133,22,39,72,64,45,119,82,93,9,128" hai3="2,51,106,24,115,104,112,75,105,3,12,42,61"/><T38/><D38/><U73/><E123/><V92/><F64/><W127/><G51/><T10/><D118/><U70/><E125/><V79/><F119/><W103/><G103/><T25/><D124/><U52/><E54/><V77/><F109/><N who="1" m="41481" /><E78/><V53/><F128/><W117/><G127/><T23/><D131/><U86/><E86/><V44/><F133/><W4/><G24/><T56/><D74/><U34/><E73/><V63/><F22/><W46/><G61/><T28/><D76/><U130/><E130/><V90/><F39/><N who="3" m="21855" /><G12/><T29/><D84/><U69/><E26/><V85/><F79/><W62/><G117/><T15/><D0/><N who="3" m="41" /><G4/><T120/><D120/><U89/><E89/><V66/><F53/><W81/><G62/><T21/><D25/><U35/><E32/><V67/><F92/><AGARI ba="1,1" hai="34,35,48,52,59,68,69,70,92,97,101" m="41481" machi="92" ten="40,2600,0" yaku="14,1,54,1" doraHai="6" who="1" fromWho="2" sc="260,0,260,39,250,-29,220,0" /><INIT seed="1,0,0,0,4,130" ten="260,299,221,220" oya="1" hai0="105,24,17,70,90,54,110,0,59,19,38,8,37" hai1="76,9,81,98,36,131,95,4,16,116,44,88,108" hai2="97,6,85,7,46,65,127,64,30,13,60,12,132" hai3="114,10,129,91,56,51,14,55,96,41,3,52,23"/><U21/><E116/><V83/><F127/><W67/><G114/><T61/><D110/><U124/><E131/><V35/><F97/><W62/><G129/><T2/><D105/><U69/><E69/><V47/><F83/><W29/><G3/><T128/><D128/><U39/><E44/><V79/><F79/><W49/><G29/><T89/><D70/><U77/><E124/><V120/><F30/><W40/><G23/><T72/><D72/><U92/><E95/><V26/><F26/><W45/><G91/><T100/><D100/><U1/><E76/><V94/><F94/><W25/><G25/><T125/><D125/><U80/><E80/><V78/><F78/><W5/><REACH who="3" step="1"/><G96/><REACH who="3" ten="260,299,221,210" step="2"/><T93/><D2/><U134/><E108/><V123/><F35/><W48/><G48/><T135/><D0/><U126/><E126/><V115/><F60/><W34/><G34/><T121/><D89/><U50/><E50/><V109/><F109/><W111/><G111/><T119/><D90/><U66/><E66/><V103/><F103/><W28/><G28/><T104/><D61/><U22/><E21/><V99/><F99/><W117/><G117/><T86/><D119/><U75/><REACH who="1" step="1"/><E134/><REACH who="1" ten="260,289,221,210" step="2"/><V18/><F132/><W31/><G31/><T32/><D135/><U63/><E63/><V102/><F65/><W82/><G82/><T68/><D32/><U118/><E118/><V11/><F64/><W43/><G43/><T15/><D8/><U133/><E133/><V84/><F11/><W107/><G107/><T113/><D104/><U71/><E71/><AGARI ba="0,2" hai="5,10,14,40,41,45,49,51,52,55,56,62,67,71" machi="71" ten="30,3900,0" yaku="1,1,7,1,54,1,53,0" doraHai="130" doraHaiUra="33" who="3" fromWho="1" sc="260,0,289,-39,221,0,210,59" /><INIT seed="2,0,0,4,1,93" ten="260,250,221,269" oya="2" hai0="28,102,90,112,2,79,98,86,46,72,10,132,60" hai1="68,80,14,73,91,64,32,87,49,52,76,135,82" hai2="89,62,42,78,19,43,58,12,111,45,33,54,115" hai3="59,74,8,56,41,21,38,75,77,34,4,26,122"/><V70/><F115/><W30/><G122/><T63/><D112/><U101/><E32/><V71/><F33/><W131/><G21/><T118/><D28/><U0/><E0/><V65/><F78/><W84/><G84/><T40/><D132/><U29/><E29/><V9/><F111/><W6/><G6/><T81/><D10/><U114/><E114/><V15/><F89/><W35/><G75/><T100/><D2/><U23/><E135/><V88/><F88/><W134/><G131/><T31/><D31/><U67/><E68/><V94/><F94/><W110/><G110/><T51/><D118/><U96/><E14/><V48/><F71/><W16/><G16/><T17/><D17/><U57/><REACH who="1" step="1"/><E23/><REACH who="1" ten="260,240,221,269" step="2"/><V55/><REACH who="2" step="1"/><F15/><REACH who="2" ten="260,240,211,269" step="2"/><W44/><G35/><T128/><D128/><U69/><E69/><V126/><F126/><W50/><G134/><T37/><D102/><U20/><E20/><V7/><F7/><W124/><G124/><T22/><D22/><U107/><AGARI ba="0,2" hai="49,52,57,64,67,73,76,80,82,87,91,96,101,107" machi="107" ten="20,12000,2" yaku="1,1,0,1,7,1,52,1,54,1,53,1" doraHai="93" doraHaiUra="105" who="1" fromWho="1" sc="260,-30,240,140,211,-60,269,-30" /><INIT seed="3,0,0,4,2,100" ten="230,380,151,239" oya="3" hai0="128,16,122,39,20,28,65,77,106,89,64,114,134" hai1="10,7,56,27,78,98,8,26,51,83,120,59,30" hai2="113,126,79,40,22,86,82,127,73,95,108,96,76" hai3="93,54,119,24,62,135,42,88,99,45,85,69,80"/><W92/><G135/><T47/><D134/><U124/><E120/><V49/><F22/><W112/><G112/><T4/><D122/><U102/><E124/><N who="2" m="47659" /><F40/><W46/><G119/><T58/><D114/><U110/><E110/><V3/><F3/><W123/><G123/><T25/><D128/><U103/><E51/><V35/><F35/><W130/><G130/><T129/><D77/><U53/><E53/><V29/><F29/><W72/><G72/><T0/><D106/><U32/><E26/><V74/><F49/><W109/><G109/><T60/><D89/><U31/><E31/><V133/><F133/><W66/><G99/><T91/><D91/><U14/><E8/><V87/><F108/><W18/><G54/><T115/><D115/><U23/><E103/><N who="2" m="60831" /><F113/><W90/><G90/><T50/><D39/><U81/><E32/><V68/><F68/><W12/><G24/><T97/><D28/><U71/><E71/><V75/><F75/><W43/><G43/><T117/><D0/><U37/><E37/><V131/><F131/><W34/><G34/><T101/><D129/><U118/><E30/><V94/><F94/><W9/><G46/><T19/><D64/><U61/><E27/><V1/><F1/><W104/><REACH who="3" step="1"/><G104/><REACH who="3" ten="230,380,151,229" step="2"/><N who="0" m="63535" /><D47/><U132/><E132/><V2/><F2/><W63/><G63/><T17/><D25/><U121/><E61/><V52/><F52/><W36/><AGARI ba="0,1" hai="9,12,18,36,42,45,62,66,69,80,85,88,92,93" machi="36" ten="20,7800,0" yaku="1,1,0,1,7,1,54,1,53,0" doraHai="100" doraHaiUra="116" who="3" fromWho="3" sc="230,-26,380,-26,151,-26,229,88" /><INIT seed="3,1,0,0,4,105" ten="204,354,125,317" oya="3" hai0="107,10,11,43,14,23,102,79,8,66,9,128,21" hai1="35,97,96,7,6,86,18,117,118,108,81,74,65" hai2="110,132,95,122,32,25,94,41,130,101,126,76,51" hai3="119,100,38,91,124,121,64,1,134,114,29,71,39"/><W70/><G91/><T15/><D66/><U37/><E37/><N who="3" m="13834" /><G64/><T55/><D43/><U109/><E65/><V46/><F76/><W112/><G100/><T36/><D36/><U93/><E18/><V125/><F101/><W12/><G12/><T106/><D79/><N who="1" m="44279" /><E35/><V98/><F32/><W82/><G82/><T27/><D55/><U59/><E59/><V45/><F41/><W104/><G29/><T75/><D102/><N who="1" m="60687" /><E97/><V49/><F98/><W113/><G121/><T44/><D27/><U69/><E69/><N who="3" m="26122" /><G104/><T135/><D15/><U24/><E24/><V90/><F122/><W85/><G85/><T48/><D14/><U120/><E86/><V84/><F84/><W19/><G19/><T33/><D11/><U22/><E22/><V34/><F25/><W68/><G68/><T13/><D13/><U116/><E120/><V4/><F34/><W42/><G42/><N who="0" m="24599" /><D33/><U53/><E53/><V80/><F51/><W62/><G62/><T5/><D23/><U0/><E7/><V88/><F4/><W3/><G119/><T72/><D21/><U87/><E87/><V16/><F49/><W28/><G124/><T31/><D5/><U50/><E50/><V83/><F126/><W52/><G134/><T61/><D135/><U2/><E6/><V115/><F125/><W60/><G28/><T56/><D31/><U30/><E30/><V54/><F132/><W20/><G20/><T17/><D17/><U73/><E73/><V26/><F16/><W67/><G67/><N who="0" m="39335" /><D75/><U133/><E133/><V47/><F54/><W58/><G52/><T123/><D72/><RYUUKYOKU ba="1,0" sc="204,-15,354,15,125,-15,317,15" hai1="0,2,108,109,116,117,118" hai3="1,3,58,60,112,113,114" /><INIT seed="3,2,0,3,3,98" ten="189,369,110,332" oya="3" hai0="35,129,54,57,76,74,88,60,8,114,12,121,11" hai1="80,92,30,9,66,118,108,130,110,131,72,3,55" hai2="10,102,67,42,133,2,19,82,94,38,126,47,111" hai3="58,20,63,75,41,46,81,90,123,22,59,31,115"/><W4/><G115/><T119/><D114/><U34/><E66/><V107/><F111/><N who="1" m="42537" /><E55/><V122/><F94/><W91/><G123/><T5/><D121/><U87/><E118/><V103/><F122/><W93/><G4/><T6/><D119/><U100/><E30/><V39/><F39/><W124/><G124/><T17/><D35/><U21/><E21/><V116/><F116/><W97/><G31/><T68/><D129/><U7/><E34/><V29/><F29/><W37/><G59/><T71/><D88/><N who="1" m="51303" /><E72/><V48/><F67/><W83/><G83/><T104/><D68/><U45/><E45/><V65/><F82/><W33/><G33/><T120/><D71/><U89/><E100/><V40/><F103/><W79/><REACH who="3" step="1"/><G91/><REACH who="3" ten="189,369,110,322" step="2"/><T84/><D5/><U127/><E127/><V70/><F126/><W117/><G117/><T128/><D120/><U112/><E112/><V86/><F70/><W14/><G14/><T96/><D6/><U109/><E109/><V15/><F15/><W43/><G43/><T106/><D12/><U52/><E52/><AGARI ba="2,1" hai="20,22,37,41,46,52,58,63,75,79,81,90,93,97" machi="52" ten="30,5800,0" yaku="1,1,7,1,54,1,53,0" doraHai="98" doraHaiUra="23" who="3" fromWho="1" sc="189,0,369,-64,110,0,322,74" /><INIT seed="3,3,0,0,4,40" ten="189,305,110,396" oya="3" hai0="9,108,96,70,107,80,67,50,135,101,81,66,65" hai1="120,34,79,110,31,118,16,115,38,86,92,104,28" hai2="102,43,44,10,89,62,129,33,116,111,77,126,78" hai3="13,82,88,17,105,55,117,87,52,130,39,122,121"/><W84/><G117/><T51/><D70/><U4/><E38/><V68/><F116/><W54/><G105/><T12/><D108/><U91/><E115/><V22/><F22/><W21/><G130/><T76/><D135/><U57/><E120/><V103/><F89/><W48/><G39/><T63/><D63/><U42/><E104/><V127/><F33/><W27/><G122/><T109/><D109/><U11/><E34/><V100/><F10/><W20/><G87/><T5/><REACH who="0" step="1"/><D81/><REACH who="0" ten="179,305,110,396" step="2"/><U7/><E110/><V58/><F68/><W35/><G121/><T53/><D53/><U124/><E118/><V46/><F111/><W95/><G82/><T2/><D2/><U128/><E128/><V134/><F134/><W97/><G35/><T85/><AGARI ba="3,1" hai="5,9,12,50,51,65,66,67,76,80,85,96,101,107" machi="85" ten="30,4000,0" yaku="1,1,0,1,53,1" doraHai="40" doraHaiUra="73" who="0" fromWho="0" sc="179,59,305,-13,110,-13,396,-23" /><INIT seed="4,0,0,0,0,40" ten="238,292,97,373" oya="0" hai0="88,87,45,2,128,100,35,1,13,3,125,94,115" hai1="86,92,129,24,56,4,48,121,110,51,98,106,126" hai2="79,95,30,44,59,93,32,55,39,96,77,111,80" hai3="120,97,112,14,26,76,70,5,108,31,91,43,57"/><T12/><D115/><U38/><E38/><V74/><F111/><W60/><G70/><T107/><D125/><U71/><E71/><V109/><F109/><W25/><G108/><T90/><D35/><U130/><E126/><V72/><F30/><W15/><G76/><T127/><D127/><U99/><E110/><V33/><F95/><W83/><G26/><T42/><D128/><U17/><E4/><V20/><F20/><N who="3" m="15783" /><G5/><T16/><D90/><U73/><E73/><V6/><F6/><W49/><G112/><T41/><D45/><U67/><E121/><V102/><F59/><W117/><G117/><T8/><REACH who="0" step="1"/><D12/><REACH who="0" ten="228,292,97,373" step="2"/><U123/><E130/><V84/><F79/><W9/><G15/><T23/><D23/><U114/><E129/><V19/><F33/><W132/><G14/><T50/><D50/><U47/><E51/><V53/><F32/><W58/><G49/><T52/><D52/><U28/><E114/><V68/><F55/><W119/><G91/><T63/><D63/><U118/><E48/><V113/><F53/><W21/><G60/><T116/><D116/><U7/><E47/><V11/><F113/><W64/><G21/><T101/><D101/><U54/><E54/><V104/><F102/><W89/><G89/><T37/><D37/><U62/><E62/><V61/><F61/><W82/><G119/><T22/><D22/><U29/><E118/><V135/><F39/><W78/><G43/><T85/><D85/><U36/><E36/><V134/><F77/><W133/><G78/><T69/><D69/><U66/><E86/><V103/><F68/><RYUUKYOKU ba="0,1" sc="228,30,292,-10,97,-10,373,-10" hai0="1,2,3,8,13,16,41,42,87,88,94,100,107" /><INIT seed="4,1,1,0,2,46" ten="258,282,87,363" oya="0" hai0="74,37,23,45,109,106,7,27,78,135,98,130,6" hai1="61,75,97,99,117,71,131,76,132,77,128,120,127" hai2="72,123,90,20,65,89,60,8,73,35,16,41,11" hai3="55,21,33,19,80,114,122,116,2,79,18,93,108"/><T51/><D37/><U133/><E117/><V14/><F123/><W3/><G33/><T57/><D135/><N who="1" m="51787" /><E120/><V129/><F129/><N who="1" m="49737" /><E71/><V119/><F119/><W111/><G93/><T84/><D109/><U1/><E1/><V50/><F35/><W44/><G55/><T39/><D130/><U48/><E61/><V115/><F115/><W32/><G44/><T38/><D38/><U22/><E22/><V85/><F90/><W82/><G21/><T103/><D39/><U56/><E75/><V63/><F63/><W43/><G32/><T118/><D74/><U66/><E66/><V30/><F30/><W107/><G2/><T12/><D118/><U34/><E34/><V96/><F72/><W64/><G3/><T9/><D57/><U100/><E97/><V0/><F96/><W49/><G122/><T52/><D23/><U94/><E127/><V134/><F73/><W36/><G116/><T13/><D27/><U47/><E56/><N who="2" m="36999" /><F0/><W112/><G111/><T29/><D29/><U69/><E69/><V121/><F121/><W5/><G108/><T4/><REACH who="0" step="1"/><D13/><REACH who="0" ten="248,282,87,363" step="2"/><U81/><E81/><AGARI ba="1,2" hai="4,6,7,9,12,45,51,52,78,81,84,98,103,106" machi="81" ten="40,12000,1" yaku="1,1,2,1,52,1,54,1,53,0" doraHai="46" doraHaiUra="28" who="0" fromWho="1" sc="248,143,282,-123,87,0,363,0" /><INIT seed="4,2,0,2,5,127" ten="391,159,87,363" oya="0" hai0="125,83,58,57,77,76,115,110,39,99,131,12,98" hai1="67,54,9,50,116,8,134,112,22,0,21,133,61" hai2="32,126,75,44,25,16,37,80,41,59,11,107,87" hai3="100,36,24,104,10,73,62,14,92,135,91,130,97"/><T114/><D125/><U20/><E116/><V63/><F126/><W4/><G36/><T95/><D39/><U27/><E27/><V38/><F107/><W71/><G135/><N who="1" m="51722" /><E0/><V51/><F75/><W15/><G73/><T52/><D110/><U3/><E3/><V74/><F74/><W90/><G130/><T122/><D131/><U119/><E119/><V93/><F93/><W18/><G24/><T81/><D122/><U2/><E2/><V17/><F32/><W84/><G91/><T124/><D124/><U43/><E43/><V23/><F11/><N who="1" m="4169" /><E112/><N who="0" m="43049" /><D12/><U102/><E102/><V26/><F26/><W13/><REACH who="3" step="1"/><G4/><REACH who="3" ten="391,159,87,353" step="2"/><T60/><D77/><U103/><E103/><V1/><F1/><W48/><G48/><N who="0" m="30855" /><D76/><U55/><E50/><V96/><F38/><W106/><G106/><T56/><D99/><U66/><E61/><V118/><F37/><W78/><G78/><T65/><D56/><U111/><E111/><V33/><F118/><W120/><G120/><T47/><D47/><U46/><E46/><V7/><F96/><W69/><G69/><T19/><D19/><U117/><E117/><V5/><F17/><W35/><G35/><T89/><AGARI ba="2,1" hai="58,60,65,81,83,89,95,98" m="30855,43049" machi="89" ten="30,3000,0" yaku="15,1,54,1" doraHai="127" who="0" fromWho="0" sc="391,46,159,-12,87,-12,353,-12" /><INIT seed="4,3,0,4,5,91" ten="437,147,75,341" oya="0" hai0="80,1,73,11,50,36,109,135,59,78,120,121,106" hai1="102,133,125,63,113,58,31,38,47,41,107,28,27" hai2="35,126,40,130,30,46,61,77,99,119,29,60,129" hai3="81,67,96,48,111,117,20,3,88,86,9,42,24"/><T5/><D135/><U39/><E133/><V70/><F77/><W85/><G111/><T2/><D109/><U83/><E125/><V68/><F99/><W23/><G117/><T25/><D1/><U16/><E38/><N who="2" m="21783" /><F35/><W101/><G67/><T66/><D106/><U72/><E113/><V49/><F30/><W15/><G3/><T19/><D36/><U0/><E0/><V52/><F29/><W17/><G42/><T65/><D50/><U26/><E72/><V132/><F132/><W79/><G48/><T44/><D44/><U22/><E27/><V92/><F92/><N who="3" m="58503" /><G24/><T104/><D104/><U12/><E83/><AGARI ba="3,0" hai="9,15,17,20,23,79,81,83,85,86,88" m="58503" machi="83" ten="30,3900,0" yaku="8,1,52,1,54,1" doraHai="91" who="3" fromWho="1" sc="437,0,147,-48,75,0,341,48" /><INIT seed="5,0,0,2,2,108" ten="437,99,75,389" oya="1" hai0="100,111,133,30,49,75,53,25,98,93,22,101,31" hai1="58,64,97,106,72,86,121,69,2,3,21,115,84" hai2="0,67,45,37,12,104,112,66,91,15,90,52,78" hai3="63,102,113,68,50,35,1,34,51,118,127,76,10"/><U26/><E72/><V20/><F0/><W120/><G51/><T70/><D111/><U7/><E121/><V105/><F20/><W13/><G50/><T39/><D75/><U110/><E69/><V56/><F56/><W88/><G88/><T134/><D39/><U132/><E110/><V54/><F37/><W8/><G76/><T114/><D114/><U17/><E132/><N who="0" m="50793" /><D70/><U5/><E115/><V123/><F112/><W109/><G102/><N who="0" m="60751" /><D31/><U57/><E2/><V29/><F29/><W62/><G13/><T46/><AGARI ba="0,0" hai="22,25,30,46,49,53,100,101" m="60751,50793" machi="46" ten="30,1100,0" yaku="20,1" doraHai="108" who="0" fromWho="0" sc="437,11,99,-5,75,-3,389,-3" /><INIT seed="6,0,0,4,2,118" ten="448,94,72,386" oya="2" hai0="38,46,35,6,135,63,61,133,109,27,28,111,47" hai1="23,66,105,52,131,127,17,87,26,91,117,0,32" hai2="90,65,108,129,39,62,110,54,41,20,85,67,134" hai3="9,114,72,96,84,79,57,94,70,30,33,22,78"/><V59/><F129/><W45/><G70/><T24/><D6/><U115/><E117/><V132/><F20/><W19/><G72/><T86/><D86/><U16/><E131/><V14/><F14/><W128/><G128/><T2/><D2/><U43/><E0/><V71/><F85/><W4/><G114/><T122/><D122/><U15/><E105/><V1/><F1/><W44/><G57/><T13/><D13/><U119/><E119/><V5/><F5/><W82/><G78/><T121/><D121/><U55/><E115/><V49/><F90/><W51/><G30/><T120/><D120/><U7/><E127/><V48/><F48/><W74/><G74/><T68/><D68/><U34/><E66/><V97/><F67/><W130/><G33/><T3/><D3/><U102/><E102/><V58/><F58/><W69/><G69/><T101/><D101/><U92/><E43/><V76/><F97/><W11/><G4/><T56/><D38/><U18/><E7/><V80/><F80/><W89/><G130/><T36/><D36/><U116/><E116/><V25/><F25/><W50/><G50/><T81/><D81/><U98/><E98/><V99/><F99/><W113/><G113/><T93/><D56/><U31/><E34/><V124/><F76/><W40/><REACH who="3" step="1"/><G45/><REACH who="3" ten="448,94,72,376" step="2"/><N who="0" m="16907" /><D35/><U103/><E32/><V73/><F73/><W10/><G10/><T37/><D37/><U60/><E31/><V112/><F112/><W107/><G107/><T106/><D28/><U100/><E60/><V83/><F124/><W64/><G64/><T53/><D106/><RYUUKYOKU ba="0,1" sc="448,-10,94,-10,72,-10,376,30" hai3="9,11,19,22,40,44,51,79,82,84,89,94,96" /><INIT seed="7,1,1,3,3,15" ten="438,84,62,406" oya="3" hai0="49,11,14,122,50,58,98,65,28,133,62,74,46" hai1="81,121,125,104,53,88,34,106,10,100,129,111,102" hai2="13,41,7,35,67,117,83,54,108,120,27,42,110" hai3="0,33,16,23,90,131,73,24,12,9,99,64,52"/><W1/><G73/><T21/><D74/><U77/><E34/><V93/><F117/><W48/><G33/><T29/><D133/><U8/><E111/><V66/><F35/><W70/><G131/><T19/><D122/><U92/><E121/><V105/><F105/><W37/><G37/><T30/><D98/><N who="1" m="57607" /><E104/><V20/><F108/><W114/><G114/><T95/><D95/><U132/><E106/><V112/><F110/><W128/><G128/><T115/><D115/><U69/><E69/><V113/><F120/><W85/><G99/><T5/><D46/><U116/><E132/><V89/><F112/><W84/><G64/><N who="2" m="24617" /><F113/><W26/><G70/><T101/><D101/><N who="1" m="39019" /><E129/><V126/><F126/><W107/><G107/><T75/><D75/><U4/><E125/><V96/><F54/><W36/><G36/><T18/><D5/><U6/><E53/><V123/><F123/><W55/><G55/><T119/><D119/><U87/><E116/><V22/><F83/><N who="3" m="49439" /><G85/><T40/><D40/><N who="2" m="15466" /><F27/><AGARI ba="1,1" hai="11,14,18,19,21,27,28,29,30,49,50,58,62,65" machi="27" ten="40,5200,0" yaku="8,1,52,2" doraHai="15" who="0" fromWho="2" sc="438,65,84,0,62,-55,406,0" owari="503,60.0,84,-32.0,7,-49.0,406,21.0" /></mjloggm>