<mjloggm ver="2.3"><GO type="225" lobby="0"/><UN n0="%72%69%6F%75%63%68%61%6E" n1="%E3%83%A2%E3%82%B0%E3%83%9E%E3%83%AA%E3%83%A2" n2="%E5%B0%B1%E6%B4%BB%E7%94%9F%40%E5%B7%9D%E6%9D%91%E8%BB%8D%E5%9B%A3" n3="%73%61%72%61%68%31%32%33" dan="17,16,16,16" rate="2139.41,2138.10,2151.49,2166.60" sx="M,M,M,M"/><TAIKYOKU oya="0"/><INIT seed="0,0,0,0,4,31" ten="250,250,250,250" oya="0" hai0="122,58,132,83,106,88,129,4,17,36,62,42,49" hai1="64,43,121,46,82,75,15,21,23,79,56,110,94" hai2="80,96,104,109,68,52,63,16,37,118,128,101,95" hai3="30,57,51,48,55,116,125,126,53,1,73,70,115"/><T25/><D122/><U105/><E121/><V85/><F37/><W18/><G73/><T34/><D36/><U27/><E110/><V14/><F109/><W76/><G76/><T98/><D129/><U40/><E105/><V91/><F128/><W87/><G1/><T3/><D132/><U12/><E94/><V26/><F118/><W111/><G111/><T5/><D3/><U29/><E23/><V47/><F68/><W89/><G70/><T133/><D133/><U11/><E46/><V123/><F123/><W108/><G108/><T44/><D106/><U19/><REACH who="1" step="1"/><E15/><REACH who="1" ten="250,240,250,250" step="2"/><V45/><F104/><W8/><G116/><T39/><D39/><U66/><E66/><V77/><F26/><W9/><G115/><T32/><D25/><U119/><E119/><V33/><F33/><W74/><G125/><T67/><D32/><U71/><E71/><V59/><F101/><W13/><G126/><T61/><D34/><U113/><E113/><V69/><F69/><W2/><G2/><T41/><D67/><U99/><E99/><V114/><F114/><W60/><G9/><AGARI ba="0,1" hai="9,14,16,45,47,52,59,63,77,80,85,91,95,96" machi="9" ten="30,7700,0" yaku="7,1,8,1,54,2" doraHai="31" who="2" fromWho="3" sc="250,0,240,0,250,87,250,-77" /><INIT seed="1,0,0,0,5,134" ten="250,240,337,173" oya="1" hai0="76,120,111,128,67,29,66,40,63,112,117,129,60" hai1="14,130,124,50,74,33,109,20,45,21,30,89,81" hai2="55,32,119,35,42,12,73,15,23,57,51,6,1" hai3="26,9,115,106,116,78,56,96,91,69,4,22,127"/><U8/><E124/><V24/><F73/><W75/><G116/><T95/><D111/><U47/><E109/><V53/><F119/><W84/><G115/><T86/><D112/><U92/><E130/><N who="0" m="50281" /><D117/><U61/><E61/><N who="0" m="23625" /><D120/><U101/><E33/><V132/><F132/><W110/><G69/><T97/><D29/><U52/><E74/><V88/><F42/><W48/><G110/><T102/><D40/><U100/><E81/><AGARI ba="0,0" hai="66,67,76,81,86,95,97,102" m="23625,50281" machi="81" ten="30,1000,0" yaku="19,1" doraHai="134" who="0" fromWho="1" sc="250,10,240,-10,337,0,173,0" /><INIT seed="2,0,0,1,1,1" ten="260,230,337,173" oya="2" hai0="134,51,108,114,67,117,81,94,49,12,110,83,37" hai1="35,0,113,132,112,30,10,14,71,85,130,124,40" hai2="82,97,122,75,64,53,62,115,98,28,13,60,116" hai3="11,77,78,55,52,105,42,16,5,29,102,74,133"/><V118/><F115/><W101/><G105/><T87/><D134/><U66/><E132/><V15/><F122/><W135/><G29/><T65/><D114/><U57/><E71/><V96/><F28/><W88/><G42/><T2/><D117/><U19/><E124/><V50/><F75/><W61/><G61/><T41/><D2/><U123/><E130/><V27/><F27/><W125/><G74/><T89/><D37/><U31/><E40/><V3/><F3/><W92/><G125/><T79/><D83/><U80/><E123/><V20/><F82/><W9/><G92/><T38/><D38/><U22/><E57/><V128/><F128/><W109/><G109/><N who="0" m="42091" /><D12/><U24/><E66/><N who="0" m="25097" /><D41/><U17/><E31/><V58/><F15/><W129/><G129/><T73/><AGARI ba="0,0" hai="49,51,73,79,81,87,89,94" m="25097,42091" machi="73" ten="30,1100,0" yaku="14,1" doraHai="1" who="0" fromWho="0" sc="260,11,230,-3,337,-5,173,-3" /><INIT seed="3,0,0,0,5,101" ten="271,227,332,170" oya="3" hai0="90,16,132,84,35,3,7,4,28,46,79,26,104" hai1="2,116,135,98,57,95,43,133,40,14,134,130,18" hai2="72,48,5,21,1,100,125,97,36,110,117,99,53" hai3="6,49,111,33,82,24,87,123,109,106,77,59,91"/><W47/><G123/><T81/><D104/><U39/><E2/><V17/><F36/><W64/><G6/><T92/><D132/><U107/><E130/><V10/><F72/><W112/><G112/><T94/><D3/><U83/><E83/><V114/><F114/><W69/><G69/><T66/><D66/><U86/><E116/><V22/><F117/><W25/><G106/><T62/><D62/><U122/><E57/><V65/><F65/><W54/><G33/><T58/><D58/><U96/><E122/><V41/><F41/><N who="1" m="15945" /><E107/><V19/><F110/><N who="3" m="41995" /><G77/><T121/><D121/><U118/><E39/><V120/><F120/><W52/><G64/><T38/><D94/><U20/><E118/><V13/><F125/><W102/><G102/><T61/><D38/><U30/><E30/><V119/><F119/><W73/><G73/><T75/><D61/><AGARI ba="0,0" hai="24,25,47,49,52,54,59,61,82,87,91" m="41995" machi="61" ten="30,5800,0" yaku="14,1,10,1,54,1" doraHai="101" who="3" fromWho="0" sc="271,-58,227,0,332,0,170,58" /><INIT seed="3,1,0,5,1,86" ten="213,227,332,228" oya="3" hai0="39,99,123,83,24,44,30,122,97,27,18,46,100" hai1="59,15,103,31,108,6,66,74,96,79,125,85,62" hai2="109,21,43,90,114,51,38,67,116,118,50,71,121" hai3="102,3,63,91,35,72,119,34,19,17,10,52,135"/><W16/><G119/><T124/><D39/><U132/><E108/><V115/><F90/><W128/><G72/><T127/><D83/><N who="1" m="47359" /><E125/><N who="0" m="48201" /><D18/><U81/><E132/><V68/><F21/><W9/><G135/><T133/><D133/><U80/><E74/><V73/><F73/><W76/><G76/><T14/><D14/><U4/><E31/><V32/><F32/><W40/><G35/><N who="0" m="20935" /><D27/><U98/><E6/><V49/><F109/><W70/><G34/><T95/><D97/><N who="1" m="37483" /><E103/><V22/><F22/><W65/><G3/><T57/><D57/><U129/><E129/><V117/><F121/><W37/><G128/><T8/><D8/><AGARI ba="1,0" hai="4,8,15,59,62,66,80,81" m="37483,47359" machi="8" ten="30,1000,0" yaku="8,1" doraHai="86" who="1" fromWho="0" sc="213,-13,227,13,332,0,228,0" owari="200,-30.0,240,4.0,332,43.0,228,-17.0" /></mjloggm>