<mjloggm ver="2.3"><GO type="169" lobby="0"/><UN n0="%E3%82%A6%E3%83%AB%E3%83%88%E3%83%A9%E7%AB%8B%E7%9B%B4" n1="%68%61%79%61%74%6F%E2%98%86" n2="%7A%65%6C%64%65%6E" n3="%E3%81%9F%E3%81%A4%E3%81%8D%E3%82%80%E3%81%A8%E3%82%93" dan="17,17,19,16" rate="2152.05,2222.32,2229.47,2063.88" sx="M,M,M,M"/><TAIKYOKU oya="0"/><INIT seed="0,0,0,3,0,49" ten="250,250,250,250" oya="0" hai0="118,94,92,98,82,45,65,57,67,25,34,64,123" hai1="125,3,91,76,33,39,111,70,74,16,96,69,100" hai2="81,44,103,95,12,130,31,122,55,85,20,71,15" hai3="52,1,78,121,77,68,8,129,0,14,88,109,116"/><T133/><D123/><U99/><E91/><V106/><F71/><W105/><G116/><T56/><D118/><U93/><E93/><V26/><F106/><W17/><G105/><T60/><D133/><U126/><E76/><N who="2" m="46247" /><F130/><W127/><G68/><T72/><D72/><U5/><E33/><V75/><F75/><W59/><G129/><T119/><D119/><U62/><E39/><V110/><F110/><W66/><G66/><T24/><D82/><U9/><E74/><V13/><F122/><W114/><G114/><T53/><D34/><U58/><E111/><V124/><F124/><N who="1" m="47721" /><E100/><V115/><F115/><W132/><G109/><T104/><D104/><U32/><E32/><V120/><F120/><W36/><G36/><T28/><D28/><U50/><E50/><N who="2" m="29127" /><F15/><W48/><G127/><T54/><D45/><U21/><E69/><V113/><F113/><W83/><G132/><T6/><D6/><U79/><E70/><V89/><F103/><W101/><G101/><N who="0" m="60615" /><D94/><U7/><E7/><V80/><F80/><W47/><G121/><T86/><D86/><AGARI ba="0,0" hai="12,13,20,26,31,86,89,95" m="29127,46247" machi="86" ten="30,2000,0" yaku="8,1,52,1" doraHai="49" who="2" fromWho="0" sc="250,-20,250,0,250,20,250,0" /><INIT seed="1,0,0,3,3,62" ten="230,250,270,250" oya="1" hai0="29,67,7,66,19,26,5,97,73,85,84,9,92" hai1="75,45,129,8,72,82,102,34,131,89,56,124,3" hai2="54,113,48,86,105,65,36,24,116,80,88,121,98" hai3="69,20,130,110,117,111,55,77,38,128,87,118,132"/><U40/><E34/><V134/><F36/><W60/><G38/><T107/><D73/><U42/><E102/><V30/><F116/><N who="3" m="44651" /><G132/><T71/><D107/><U44/><E124/><V133/><F121/><W90/><G77/><T95/><D71/><U22/><E22/><V78/><F113/><W27/><G55/><T41/><D41/><U52/><E89/><V6/><F6/><N who="0" m="2058" /><D29/><U4/><E82/><V112/><F112/><W1/><G1/><T115/><D115/><U103/><E103/><V50/><F65/><N who="0" m="24586" /><D26/><U135/><E135/><V59/><F105/><W126/><G60/><T28/><D28/><U35/><E35/><V33/><F133/><W96/><G69/><T99/><D19/><U119/><E119/><V53/><F134/><W12/><G126/><T108/><D9/><U46/><E72/><V37/><F37/><W104/><G104/><T114/><D114/><U21/><E75/><V17/><F17/><N who="3" m="10279" /><G27/><T81/><D108/><N who="3" m="41513" /><G96/><N who="0" m="36939" /><D85/><U47/><E40/><V14/><F98/><W79/><G79/><AGARI ba="0,0" hai="79,81,84,92,95" m="36939,24586,2058" machi="79" ten="30,7700,0" yaku="8,1,52,3" doraHai="62" who="0" fromWho="3" sc="230,77,250,0,270,0,250,-77" /><INIT seed="2,0,0,0,5,82" ten="307,250,270,173" oya="2" hai0="24,94,64,72,78,16,3,23,59,120,9,76,57" hai1="134,67,71,49,66,114,55,32,133,127,91,88,129" hai2="14,90,29,58,19,68,103,47,99,111,35,50,1" hai3="73,86,70,0,112,54,116,109,52,74,48,8,51"/><V39/><F1/><W56/><G116/><T7/><D120/><U104/><E32/><V46/><F68/><W6/><G70/><T125/><D125/><U92/><E104/><V31/><F111/><W87/><G109/><T77/><D72/><U69/><E114/><V5/><F5/><W27/><G112/><T84/><REACH who="0" step="1"/><D64/><REACH who="0" ten="297,250,270,173" step="2"/><U83/><E67/><V101/><F39/><W10/><G74/><T42/><D42/><U131/><E66/><V75/><F75/><W17/><G73/><T117/><D117/><U85/><E127/><V110/><F110/><W81/><G81/><T100/><D100/><U93/><E83/><V118/><F101/><W61/><G61/><T89/><AGARI ba="0,1" hai="3,7,9,16,23,24,57,59,76,77,78,84,89,94" machi="89" ten="30,7900,0" yaku="1,1,0,1,52,1,54,1,53,0" doraHai="82" doraHaiUra="30" who="0" fromWho="0" sc="297,89,250,-20,270,-39,173,-20" /><INIT seed="3,0,0,5,1,6" ten="386,230,231,153" oya="3" hai0="76,114,20,133,64,37,115,134,4,22,103,50,7" hai1="36,13,35,81,10,75,29,70,5,123,95,8,71" hai2="1,127,87,44,40,121,110,33,82,32,100,108,61" hai3="65,66,54,105,124,77,93,126,91,21,89,129,14"/><W25/><G105/><T11/><D37/><U109/><E123/><V2/><F121/><W84/><G129/><T98/><D76/><U67/><E36/><V24/><F100/><W31/><G77/><T128/><D50/><U62/><E109/><N who="2" m="42091" /><F61/><W45/><G54/><T0/><D64/><U96/><E29/><N who="2" m="19495" /><F33/><W3/><G3/><T117/><D7/><U60/><E35/><V41/><F127/><N who="3" m="48683" /><G45/><T56/><D128/><U135/><E135/><N who="0" m="51721" /><D56/><U47/><E47/><V104/><F104/><W23/><G91/><T78/><D78/><U101/><E62/><V26/><F41/><W83/><G93/><N who="0" m="58831" /><D117/><U88/><E70/><V99/><F44/><W34/><G34/><T132/><D132/><U27/><E60/><V116/><F40/><W74/><G74/><T17/><D22/><U80/><E71/><V43/><F43/><W72/><G72/><T9/><D20/><U122/><E75/><V94/><F116/><W15/><G23/><T28/><D28/><U46/><E46/><V49/><F1/><W97/><G97/><T79/><D79/><U73/><E73/><V53/><F2/><W131/><G131/><T86/><D86/><U55/><E122/><V125/><F125/><W59/><G59/><T52/><D52/><U18/><E55/><V58/><F99/><W107/><G107/><T106/><D106/><U113/><E67/><AGARI ba="0,0" hai="14,15,21,25,31,65,66,67,83,84,89" m="48683" machi="67" ten="30,1500,0" yaku="18,1" doraHai="6" who="3" fromWho="1" sc="386,0,230,-15,231,0,153,15" /><INIT seed="3,1,0,1,3,39" ten="386,215,231,168" oya="3" hai0="80,99,78,98,87,115,103,17,88,36,47,108,124" hai1="32,77,117,48,4,83,53,102,16,96,76,22,24" hai2="85,97,14,89,95,125,45,37,93,6,46,55,25" hai3="61,27,101,119,130,105,15,127,112,118,7,79,70"/><W43/><G112/><T8/><D115/><U110/><E117/><V91/><F125/><W109/><G79/><T114/><D114/><U18/><E110/><V54/><F25/><W122/><G122/><T26/><D108/><U69/><E69/><V66/><F66/><W111/><G127/><T60/><D124/><U12/><E32/><V21/><F37/><W62/><G70/><T5/><D60/><U107/><E4/><V33/><F33/><W74/><G27/><T44/><D17/><U3/><E3/><V113/><F113/><W19/><G7/><T13/><D26/><U50/><E50/><V52/><F21/><W131/><G19/><T81/><D36/><U104/><E104/><V38/><REACH who="2" step="1"/><F38/><REACH who="2" ten="386,215,221,168" step="2"/><W94/><G118/><T106/><REACH who="0" step="1"/><D99/><REACH who="0" ten="376,215,221,168" step="2"/><U0/><E96/><V49/><F49/><W64/><G109/><T116/><D116/><U126/><E48/><V20/><F20/><W67/><G111/><T56/><D56/><U133/><E22/><V40/><F40/><W92/><G119/><T90/><D90/><U86/><E126/><V30/><F30/><W28/><G28/><T71/><D71/><U135/><E135/><V10/><AGARI ba="1,2" hai="6,10,14,45,46,52,54,55,85,89,91,93,95,97" machi="10" ten="30,7900,0" yaku="1,1,0,1,8,1,54,1,53,0" doraHai="39" doraHaiUra="59" who="2" fromWho="2" sc="376,-21,215,-21,221,102,168,-40" /><INIT seed="4,0,0,0,2,115" ten="355,194,323,128" oya="0" hai0="121,62,79,58,64,60,67,43,83,69,95,50,32" hai1="21,130,118,110,92,93,52,48,74,25,33,119,9" hai2="127,124,10,30,91,53,104,89,81,80,57,44,117" hai3="116,15,73,5,107,97,47,34,86,70,72,16,75"/><T88/><D32/><U35/><E74/><V82/><F104/><W31/><G70/><T100/><D100/><U0/><E110/><V71/><F71/><W18/><G107/><T134/><D134/><U135/><E135/><V126/><F30/><W29/><G97/><T51/><D121/><U131/><E35/><V22/><F117/><W13/><G116/><T90/><D43/><U109/><E33/><V96/><F22/><W76/><G47/><T105/><D105/><U103/><E109/><V36/><F96/><W8/><G5/><T87/><REACH who="0" step="1"/><D90/><REACH who="0" ten="345,194,323,128" step="2"/><U99/><E118/><V133/><F133/><W68/><G34/><T125/><D125/><U113/><E119/><V6/><F91/><W24/><G76/><T112/><D112/><U3/><E113/><V7/><F89/><W20/><G86/><AGARI ba="0,1" hai="50,51,58,60,62,64,67,69,79,83,86,87,88,95" machi="86" ten="30,5800,0" yaku="1,1,7,1,54,1,53,0" doraHai="115" doraHaiUra="1" who="0" fromWho="3" sc="345,68,194,0,323,0,128,-58" /><INIT seed="4,1,0,4,2,99" ten="413,194,323,70" oya="0" hai0="110,102,38,119,55,50,109,108,135,22,52,7,105" hai1="40,37,114,95,75,132,56,54,86,11,78,90,10" hai2="6,58,76,39,31,57,127,82,118,4,20,34,104" hai3="32,126,44,83,28,96,13,8,125,98,25,12,100"/><T63/><D38/><U30/><E132/><V87/><F39/><W91/><G96/><N who="0" m="61639" /><D119/><U69/><E69/><V70/><F70/><W133/><G133/><T103/><D135/><U85/><E75/><V23/><F127/><W106/><G13/><T62/><D7/><U123/><E123/><V94/><F104/><W84/><REACH who="3" step="1"/><G44/><REACH who="3" ten="413,194,323,60" step="2"/><N who="0" m="27719" /><D103/><U9/><E114/><V59/><F118/><W29/><G29/><T15/><D55/><U5/><E30/><V107/><F31/><W2/><G2/><T122/><D122/><U46/><E5/><AGARI ba="1,1" hai="5,8,12,25,28,32,83,84,91,98,100,106,125,126" machi="5" ten="40,2600,0" yaku="1,1,52,1,53,0" doraHai="99" doraHaiUra="14" who="3" fromWho="1" sc="413,0,194,-29,323,0,60,39" /><INIT seed="5,0,0,1,4,67" ten="413,165,323,99" oya="1" hai0="37,130,35,69,48,52,102,51,105,14,76,44,81" hai1="19,111,2,46,92,31,89,90,133,96,88,64,8" hai2="128,77,4,83,134,124,122,45,30,60,66,54,85" hai3="63,104,74,6,12,10,113,123,32,103,38,125,27"/><U34/><E111/><V18/><F122/><W0/><G123/><T91/><D37/><U68/><E133/><V21/><F134/><W26/><G113/><T115/><D35/><U109/><E109/><V97/><F124/><W106/><G125/><T7/><D69/><U80/><E46/><V47/><F128/><W86/><G86/><T98/><D91/><U112/><E112/><V99/><F4/><W126/><G126/><T42/><D130/><U39/><E39/><V73/><F30/><N who="3" m="19551" /><G12/><T15/><D7/><U72/><E31/><V23/><F73/><W20/><G20/><N who="2" m="7753" /><F18/><W118/><G118/><T100/><D100/><U62/><E34/><V82/><F82/><W59/><G59/><T95/><D105/><N who="3" m="40553" /><G103/><T33/><D33/><U16/><E19/><V131/><F131/><W24/><G24/><T58/><REACH who="0" step="1"/><D115/><REACH who="0" ten="403,165,323,99" step="2"/><U28/><E28/><V94/><F77/><W61/><G38/><T65/><D65/><U75/><E64/><V13/><F66/><W78/><G26/><T57/><D57/><U41/><E90/><V116/><F116/><W5/><G5/><T107/><D107/><U40/><E89/><V114/><F114/><W43/><G6/><T9/><D9/><U55/><E88/><V17/><F17/><W50/><G10/><T117/><D117/><U135/><E16/><V121/><F121/><W93/><G0/><T56/><D56/><U71/><E8/><V11/><F11/><W127/><G127/><T108/><D108/><U70/><E2/><V120/><F120/><W129/><G129/><T29/><D29/><U132/><E132/><RYUUKYOKU ba="0,1" sc="403,30,165,-10,323,-10,99,-10" hai0="14,15,42,44,48,51,52,58,76,81,95,98,102" /><INIT seed="6,1,1,2,2,16" ten="433,155,313,89" oya="2" hai0="37,31,98,102,59,1,78,114,17,106,75,35,43" hai1="104,126,10,60,121,5,3,49,56,97,77,52,84" hai2="23,41,42,74,92,118,83,123,46,82,13,51,8" hai3="22,109,108,76,44,115,131,70,55,26,54,79,39"/><V119/><F123/><W73/><G70/><T125/><D59/><U96/><E121/><V61/><F42/><W93/><G131/><T86/><D17/><U132/><E132/><V36/><F36/><W18/><G115/><T88/><D86/><U130/><E130/><V58/><F92/><W111/><G73/><T9/><D88/><U124/><E104/><V81/><F74/><W63/><G54/><T100/><D100/><U94/><E77/><V12/><F23/><W40/><G55/><T33/><D31/><U57/><E84/><V120/><F120/><W71/><REACH who="3" step="1"/><G93/><REACH who="3" ten="433,155,313,79" step="2"/><T122/><D114/><U66/><REACH who="1" step="1"/><E97/><REACH who="1" ten="433,145,313,79" step="2"/><V21/><F118/><W117/><G117/><T135/><D98/><U28/><E28/><V6/><F119/><W67/><AGARI ba="1,3" hai="18,22,26,39,40,44,63,67,71,76,79,108,109,111" machi="67" ten="40,5200,0" yaku="1,1,0,1,52,1,53,0" doraHai="16" doraHaiUra="80" who="3" fromWho="3" sc="433,-14,145,-14,313,-27,79,85" /><INIT seed="7,0,0,4,5,52" ten="419,131,286,164" oya="3" hai0="107,127,57,30,69,31,93,72,98,39,40,8,119" hai1="126,36,12,33,108,92,124,49,10,76,1,58,48" hai2="38,63,5,109,26,91,133,3,55,100,87,84,90" hai3="21,14,96,42,62,24,79,4,54,50,112,46,25"/><W120/><G54/><T70/><D107/><U82/><E36/><V113/><F109/><W65/><G21/><T80/><D57/><U6/><E33/><V83/><F38/><W22/><G112/><T67/><D67/><U74/><E108/><V56/><F133/><W45/><G96/><T121/><D121/><U19/><E92/><V104/><F113/><W2/><G4/><T9/><D127/><U131/><E131/><V71/><F71/><W75/><G22/><T118/><D80/><U68/><E68/><V117/><F117/><W86/><G14/><T17/><D72/><U85/><E74/><V60/><F104/><W134/><G75/><T122/><D40/><U59/><E49/><V16/><F100/><W61/><G2/><T15/><D39/><U44/><E19/><V110/><F110/><W123/><G134/><T29/><D122/><N who="3" m="46633" /><G46/><T32/><D32/><U135/><E1/><V115/><F115/><W27/><G65/><T20/><D70/><U73/><E73/><V116/><F5/><W129/><G129/><T125/><D69/><U41/><E135/><V114/><F3/><W102/><G102/><T89/><REACH who="0" step="1"/><D125/><AGARI ba="0,0" hai="6,10,12,41,44,48,58,59,76,82,85,124,125,126" machi="125" ten="40,8000,1" yaku="25,2,18,1,52,2" doraHai="52" who="1" fromWho="0" sc="419,-80,131,80,286,0,164,0" owari="339,44.0,211,-19.0,286,9.0,164,-34.0" /></mjloggm>