<mjloggm ver="2.3"><GO type="169" lobby="0"/><UN n0="%E3%81%9F%E3%81%8C%E3%82%84%E3%81%99" n1="%E3%81%99%E3%81%BF%E3%82%84%E3%81%AB" n2="%E3%82%A6%E3%83%AB%E3%83%88%E3%83%A9%E7%AB%8B%E7%9B%B4" n3="%2E%53%61%69" dan="17,19,17,16" rate="2176.13,2262.50,2142.73,2103.27" sx="M,M,M,M"/><TAIKYOKU oya="0"/><INIT seed="0,0,0,5,1,112" ten="250,250,250,250" oya="0" hai0="19,43,4,95,102,14,25,132,57,84,104,10,9" hai1="8,60,77,71,103,107,7,42,3,108,81,131,17" hai2="15,133,68,110,20,125,89,47,120,105,56,39,101" hai3="65,67,26,22,5,51,59,117,119,55,38,116,50"/><T0/><D104/><U91/><E108/><V113/><F20/><W134/><G38/><T93/><D132/><U46/><E131/><V78/><F15/><W130/><G130/><T64/><D43/><U75/><E91/><V27/><F27/><W129/><G129/><T16/><D102/><U96/><E17/><V34/><F56/><W80/><G134/><T48/><D84/><U111/><E111/><V37/><F47/><W31/><G5/><T83/><D83/><U79/><E79/><V114/><F89/><W44/><REACH who="3" step="1"/><G80/><REACH who="3" ten="250,250,250,240" step="2"/><T41/><D64/><U135/><E135/><V18/><F37/><W24/><G24/><T30/><D19/><U82/><E82/><V11/><F39/><W53/><AGARI ba="0,1" hai="22,26,31,44,50,51,53,55,59,65,67,116,117,119" machi="53" ten="40,8000,1" yaku="1,1,0,1,52,3,53,0" doraHai="112" doraHaiUra="12" who="3" fromWho="3" sc="250,-40,250,-20,250,-20,240,90" /><INIT seed="1,0,0,3,4,30" ten="210,230,230,330" oya="1" hai0="121,72,61,134,14,39,128,88,48,27,85,31,105" hai1="9,110,96,81,34,51,64,131,118,15,71,123,83" hai2="109,62,1,2,78,77,79,22,52,13,92,111,54" hai3="114,95,126,101,67,23,26,93,91,53,104,28,44"/><U25/><E123/><V69/><F92/><W55/><G114/><T59/><D72/><U106/><E118/><V73/><F73/><W89/><G126/><T45/><D105/><U32/><E51/><V80/><F80/><W19/><G104/><T40/><D134/><U43/><E43/><V6/><F6/><W4/><G4/><T37/><D14/><U70/><E131/><V41/><F22/><W98/><G67/><T102/><D102/><U133/><E133/><V11/><F13/><W94/><G94/><T35/><D128/><U124/><E124/><V0/><F11/><W100/><G28/><T46/><D46/><U129/><E129/><V63/><F41/><W135/><G135/><T74/><D74/><U115/><E115/><V29/><F29/><W125/><G125/><T103/><D103/><N who="3" m="39497" /><G44/><T58/><D121/><U65/><E106/><V10/><F10/><W56/><G56/><T82/><REACH who="0" step="1"/><D58/><REACH who="0" ten="200,230,230,330" step="2"/><U38/><E15/><V17/><F69/><W49/><G98/><T112/><D112/><U7/><E96/><V18/><F111/><W12/><G12/><T24/><D24/><U47/><E25/><V116/><F109/><W66/><G26/><T122/><D122/><U87/><E110/><V120/><F120/><W5/><G5/><T33/><D33/><U16/><E34/><V119/><F119/><W127/><G127/><T130/><D130/><U50/><E32/><V132/><F116/><W42/><G23/><T113/><D113/><U75/><E71/><V86/><F132/><W36/><G36/><T57/><D57/><U21/><E38/><RYUUKYOKU ba="0,1" sc="200,30,230,-10,230,-10,330,-10" hai0="27,31,35,37,39,40,45,48,59,61,82,85,88" /><INIT seed="2,1,1,5,5,3" ten="230,220,220,320" oya="2" hai0="34,89,132,33,135,2,69,54,109,128,38,107,66" hai1="123,14,49,97,68,112,118,110,98,20,19,8,16" hai2="88,131,90,56,22,104,32,62,106,120,79,125,70" hai3="83,21,42,0,92,99,12,1,60,11,57,23,50"/><V126/><F70/><W80/><G1/><T101/><D89/><N who="2" m="34410" /><F32/><W129/><G0/><T30/><D54/><U67/><E118/><V7/><F120/><W5/><G129/><T46/><D34/><U13/><E112/><V86/><F22/><W41/><G23/><T9/><D46/><U47/><E123/><V75/><F75/><W10/><G10/><T43/><D43/><N who="3" m="16393" /><G50/><T96/><D38/><U117/><E117/><V124/><F131/><W119/><G21/><T4/><D128/><U95/><E110/><V58/><F7/><W102/><G119/><T55/><D55/><AGARI ba="1,1" hai="5,11,12,55,57,60,80,83,92,99,102" m="16393" machi="55" ten="30,2000,0" yaku="8,1,52,1" doraHai="3" who="3" fromWho="0" sc="230,-23,220,0,220,0,320,33" /><INIT seed="3,0,0,0,1,85" ten="207,220,220,353" oya="3" hai0="125,101,21,121,67,30,72,9,48,63,77,53,124" hai1="81,17,56,42,104,130,29,46,91,103,92,79,24" hai2="26,87,31,116,43,120,132,52,38,119,22,23,5" hai3="41,40,118,111,115,122,39,86,113,33,25,58,12"/><W11/><G118/><T71/><D77/><U64/><E130/><V37/><F5/><W3/><G122/><T126/><D72/><U59/><E17/><V105/><F105/><W82/><G3/><T14/><D101/><U84/><E104/><V13/><F120/><W60/><G33/><T133/><D121/><U97/><E64/><V127/><F13/><W70/><G70/><T109/><D109/><U129/><E129/><V96/><F96/><W88/><G111/><T15/><D133/><U6/><E6/><V55/><F43/><W90/><G25/><T112/><D112/><U65/><E65/><V49/><F87/><N who="3" m="50295" /><G39/><T57/><REACH who="0" step="1"/><D9/><REACH who="0" ten="197,220,220,353" step="2"/><U102/><E102/><V51/><F132/><W134/><G115/><T135/><D135/><U18/><E103/><V47/><F119/><W94/><G113/><T54/><D54/><U76/><E76/><V73/><F55/><N who="3" m="33887" /><G134/><T50/><D50/><U68/><E79/><V99/><F51/><W2/><G2/><T110/><D110/><U34/><E42/><V44/><F73/><W19/><AGARI ba="0,1" hai="11,12,19,40,41,86,90,94" m="33887,50295" machi="19" ten="30,11700,0" yaku="8,1,52,2,54,1" doraHai="85" who="3" fromWho="3" sc="197,-39,220,-39,220,-39,353,127" /><INIT seed="3,1,0,4,1,111" ten="158,181,181,480" oya="3" hai0="128,56,57,69,123,20,41,50,73,133,116,49,10" hai1="58,91,90,21,12,112,78,14,102,135,131,119,71" hai2="86,27,122,25,101,2,105,44,30,113,38,134,106" hai3="24,115,0,109,125,84,6,54,22,76,31,55,59"/><W29/><G109/><T51/><D73/><U126/><E71/><V93/><F2/><W36/><G36/><T42/><D20/><U16/><E126/><V127/><F86/><W129/><G125/><T53/><D10/><U66/><E131/><V121/><F93/><W104/><G104/><T118/><D123/><U130/><E130/><V75/><F127/><W64/><G0/><T120/><D120/><U110/><E110/><V11/><F11/><W28/><G6/><T92/><D92/><U99/><E135/><V103/><F44/><W17/><G115/><T72/><D72/><U13/><E112/><V47/><F47/><W8/><G129/><T52/><D69/><U32/><E32/><V98/><F75/><W77/><G8/><T107/><D107/><U48/><E78/><N who="3" m="30314" /><G84/><T39/><D128/><U80/><E119/><N who="0" m="45609" /><D133/><U40/><E80/><V19/><F98/><W81/><G81/><T63/><D39/><U89/><E40/><AGARI ba="1,0" hai="40,41,42,49,50,51,52,53,56,57,63" m="45609" machi="40" ten="30,3900,0" yaku="34,2,54,1" doraHai="111" who="0" fromWho="1" sc="158,42,181,-42,181,0,480,0" /><INIT seed="4,0,0,0,0,48" ten="200,139,181,480" oya="0" hai0="33,95,53,127,58,115,117,123,76,28,129,112,23" hai1="34,49,102,57,69,118,63,11,1,133,131,135,110" hai2="14,37,108,5,103,88,128,21,55,134,64,111,38" hai3="27,122,25,17,61,96,72,59,86,24,109,6,35"/><T132/><D33/><U68/><E34/><V66/><F103/><W47/><G72/><T101/><D117/><U45/><E102/><V15/><F21/><W44/><G109/><N who="2" m="42057" /><F5/><W73/><G73/><T126/><D76/><U87/><E87/><V2/><F2/><W9/><G122/><T19/><D28/><U30/><E30/><V91/><F128/><W113/><G113/><N who="0" m="43595" /><D123/><U89/><E89/><N who="2" m="34379" /><F55/><W94/><G35/><T100/><D129/><U92/><E1/><V16/><F16/><W78/><G17/><T106/><D106/><U124/><E110/><V26/><F26/><W93/><G24/><N who="0" m="14463" /><D132/><N who="1" m="50763" /><E131/><V85/><F85/><W67/><G27/><T10/><D10/><U4/><E11/><V116/><F134/><W54/><G25/><T0/><D0/><U130/><E130/><V46/><F116/><W90/><G78/><T65/><D65/><N who="2" m="25194" /><F46/><W70/><G9/><T7/><D7/><U62/><E4/><V80/><F80/><W97/><G6/><T77/><D77/><U60/><E118/><V99/><F99/><W79/><G79/><T3/><D3/><U50/><E92/><V40/><F40/><W105/><G105/><T98/><D100/><U119/><E119/><V120/><F120/><W81/><G67/><T74/><D74/><U32/><E32/><V104/><F104/><W42/><G86/><T36/><D101/><U56/><E45/><V51/><F51/><W22/><G47/><T71/><D95/><U39/><E50/><V29/><F29/><W13/><G94/><T31/><D31/><U82/><E49/><V52/><F52/><RYUUKYOKU ba="0,0" sc="200,-10,139,-10,181,30,480,-10" hai2="14,15,37,38" /><INIT seed="5,1,0,1,5,24" ten="190,129,211,470" oya="1" hai0="121,55,59,36,29,90,21,33,0,32,19,41,22" hai1="35,105,89,16,9,58,102,72,84,64,45,133,101" hai2="129,78,47,46,31,34,107,25,125,93,94,91,119" hai3="48,99,100,44,127,134,113,52,97,124,27,65,69"/><U23/><E72/><V43/><F107/><W28/><G113/><T114/><D0/><U30/><E133/><V118/><F78/><W112/><G112/><T2/><D2/><U56/><E45/><V108/><F108/><W117/><G117/><T37/><D121/><U15/><E35/><V49/><F129/><W73/><G73/><T104/><D104/><U40/><E40/><V50/><F125/><N who="3" m="48203" /><G134/><T70/><D70/><U115/><E115/><V13/><F13/><W57/><G69/><T96/><D33/><U71/><E71/><V18/><F18/><W63/><G100/><N who="1" m="38506" /><E105/><V74/><F74/><W8/><G8/><T10/><D32/><AGARI ba="1,0" hai="27,28,32,44,48,52,57,63,65,97,99" m="48203" machi="32" ten="30,3900,0" yaku="18,1,52,1,54,1" doraHai="24" who="3" fromWho="0" sc="190,-42,129,0,211,0,470,42" /><INIT seed="6,0,0,0,4,60" ten="148,129,211,512" oya="2" hai0="81,97,85,84,114,42,74,96,43,132,105,14,130" hai1="123,35,73,30,33,11,106,47,61,68,65,86,95" hai2="9,37,107,48,69,82,126,92,59,62,99,127,79" hai3="78,100,18,90,119,67,58,13,1,72,29,75,124"/><V45/><F107/><W66/><G1/><T4/><D74/><U70/><E73/><V21/><F9/><W128/><G100/><T113/><D132/><U56/><E106/><V108/><F21/><W22/><G119/><T27/><D105/><U54/><E123/><V115/><F115/><W19/><G75/><T131/><D4/><U32/><E30/><V25/><F25/><W46/><G72/><T76/><D27/><U83/><E95/><V134/><F134/><W103/><G103/><T57/><D57/><U111/><E111/><V36/><F79/><W12/><G78/><T120/><D76/><U112/><E112/><V77/><F69/><W16/><G124/><T31/><D31/><U109/><E109/><V117/><F82/><W102/><G102/><T89/><D89/><U101/><E101/><N who="2" m="60647" /><F77/><W121/><G121/><T53/><D120/><U118/><E118/><V23/><F23/><W10/><G29/><T98/><D98/><U110/><E11/><V3/><F3/><W88/><G128/><T41/><D41/><U55/><E110/><V122/><F117/><W104/><G104/><T49/><D81/><U6/><E6/><V94/><F94/><W34/><G34/><T17/><D14/><U2/><E2/><V63/><F108/><W20/><G10/><T93/><D93/><U0/><E0/><V28/><F28/><W5/><G20/><T24/><D24/><U80/><E80/><V125/><F122/><W116/><G22/><T91/><D91/><N who="1" m="51679" /><E47/><V87/><F45/><W50/><G46/><T39/><D113/><U135/><E135/><RYUUKYOKU ba="0,0" sc="148,-10,129,30,211,-10,512,-10" hai1="32,33,35,54,55,56,61,65,68,70" /><INIT seed="7,1,0,3,1,52" ten="138,159,201,502" oya="3" hai0="97,16,19,55,101,0,107,41,70,67,45,46,125" hai1="112,88,58,123,15,105,8,134,14,18,28,32,37" hai2="25,69,23,21,104,6,47,106,63,50,7,114,84" hai3="62,43,99,119,82,79,122,20,98,11,51,94,29"/><W121/><G119/><T71/><D0/><U3/><E123/><V111/><F50/><W132/><G132/><T93/><D125/><U30/><E105/><V135/><F63/><W110/><G110/><T113/><D113/><U42/><E3/><V38/><F25/><W2/><G2/><T17/><D67/><U85/><E32/><V120/><F84/><W87/><G11/><T76/><D76/><U36/><E36/><V129/><F47/><W116/><G116/><T60/><D107/><U90/><E134/><V53/><F53/><W34/><G98/><T103/><D103/><U5/><E112/><V66/><F6/><W133/><G82/><T65/><D55/><U54/><E37/><V40/><F38/><W59/><G62/><T127/><D127/><U64/><E42/><V95/><F40/><W96/><G29/><N who="1" m="11370" /><E85/><V131/><F106/><W118/><G20/><T72/><D72/><U100/><E100/><V89/><F23/><W48/><G59/><T10/><D70/><U49/><E64/><V74/><F66/><W81/><G43/><T80/><D80/><U86/><E86/><V12/><F104/><W108/><G87/><T115/><D115/><U39/><E39/><V9/><F114/><W75/><G34/><T33/><D33/><U130/><E130/><V102/><F129/><W73/><G133/><T68/><D68/><U24/><E24/><V27/><F69/><W26/><G26/><T35/><D35/><U128/><E128/><V83/><F131/><W109/><G75/><T22/><D41/><U61/><E61/><V78/><F135/><RYUUKYOKU ba="1,0" sc="138,-10,159,30,201,-10,502,-10" hai1="5,8,14,15,18,49,54,58,88,90" owari="128,-37.0,189,-21.0,191,-1.0,492,59.0" /></mjloggm>