<mjloggm ver="2.3"><GO type="169" lobby="0"/><UN n0="%E3%81%8D%E3%81%A4%E3%83%BC%E3%81%AD" n1="%63%68%6F%6E%6A%69" n2="%E3%83%88%E3%83%88%E3%83%AA%E5%85%88%E7%94%9F%31%39%E6%AD%B3" n3="%E3%81%AF%E3%81%92%E3%81%A1%E3%82%87%E3%81%8F" dan="17,16,18,17" rate="2107.67,2095.52,2207.95,2147.18" sx="M,M,F,M"/><TAIKYOKU oya="0"/><INIT seed="0,0,0,0,2,107" ten="250,250,250,250" oya="0" hai0="27,106,67,74,63,128,30,99,64,135,36,24,41" hai1="1,91,21,50,103,101,118,16,20,121,46,33,29" hai2="125,39,113,6,75,132,65,45,112,97,105,49,32" hai3="81,7,58,90,108,60,12,120,134,34,77,5,48"/><T25/><D74/><U88/><E121/><V19/><F39/><W35/><G120/><T62/><D135/><U72/><E72/><V61/><F132/><W102/><G134/><T66/><D128/><U47/><E1/><V131/><F131/><W70/><G70/><T8/><D30/><U76/><E76/><V93/><F125/><W133/><G102/><N who="1" m="38922" /><E33/><V44/><F105/><W94/><G48/><T104/><D99/><U80/><E118/><V15/><F6/><W124/><G124/><T17/><D106/><U127/><E127/><V109/><F109/><W11/><G5/><T57/><D104/><U129/><E129/><V130/><F32/><W84/><G108/><T59/><D41/><N who="1" m="24911" /><E47/><V43/><F45/><W10/><G133/><T4/><D36/><U2/><E2/><V95/><F75/><W85/><REACH who="3" step="1"/><G11/><REACH who="3" ten="250,250,250,240" step="2"/><T0/><REACH who="0" step="1"/><D67/><AGARI ba="0,1" hai="7,10,12,34,35,58,60,67,77,81,84,85,90,94" machi="67" ten="30,3900,0" yaku="1,1,2,1,7,1,53,0" doraHai="107" doraHaiUra="119" who="3" fromWho="0" sc="250,-39,250,0,250,0,240,49" /><INIT seed="1,0,0,1,0,24" ten="211,250,250,289" oya="1" hai0="48,128,111,2,47,14,73,115,33,64,19,23,95" hai1="54,93,3,97,76,78,40,30,85,86,44,60,126" hai2="129,114,112,1,16,75,105,52,8,39,118,84,92" hai3="59,4,27,13,9,21,131,134,116,91,89,108,119"/><U26/><E126/><V45/><F118/><N who="3" m="45099" /><G108/><T20/><D115/><U5/><E78/><V38/><F105/><W11/><G131/><T107/><D128/><U18/><E18/><V77/><F129/><W102/><G134/><T103/><D73/><U56/><E76/><V80/><F92/><W15/><G59/><T50/><D33/><U113/><E113/><N who="2" m="43627" /><F75/><W135/><G102/><T34/><D34/><U65/><E5/><N who="2" m="1071" /><F16/><N who="3" m="8255" /><G135/><T41/><D107/><U10/><E10/><V120/><F120/><W83/><G83/><T88/><D2/><U31/><E3/><V87/><F87/><N who="1" m="33289" /><E26/><V106/><F106/><W0/><G0/><T66/><D111/><U104/><E104/><V109/><F109/><W101/><G101/><T61/><D103/><N who="1" m="60847" /><E40/><V51/><AGARI ba="0,0" hai="38,39,45,51,52,77,80,84" m="1071,43627" machi="51" ten="30,2000,0" yaku="11,1,54,1" doraHai="24" who="2" fromWho="2" sc="211,-5,250,-10,250,20,289,-5" /><INIT seed="2,0,0,4,5,109" ten="206,240,270,284" oya="2" hai0="8,104,108,15,66,119,47,27,106,86,62,41,85" hai1="107,31,71,38,14,115,98,97,132,48,42,116,133" hai2="89,103,92,122,69,127,68,78,46,36,1,121,105" hai3="118,87,59,53,95,126,64,33,63,60,58,72,125"/><V117/><F117/><W34/><G72/><T55/><D119/><U19/><E116/><V96/><F1/><W88/><REACH who="3" step="1"/><G118/><REACH who="3" ten="206,240,270,274" step="2"/><T5/><D108/><U70/><E31/><V93/><F122/><W40/><G40/><T94/><D106/><U6/><E6/><V123/><F123/><W81/><G81/><T7/><D104/><U56/><E38/><V130/><F121/><W35/><AGARI ba="0,1" hai="33,34,35,53,58,59,60,63,64,87,88,95,125,126" machi="35" ten="40,5200,0" yaku="1,1,0,1,54,1,53,0" doraHai="109" doraHaiUra="74" who="3" fromWho="3" sc="206,-13,240,-13,270,-26,274,62" /><INIT seed="3,0,0,1,4,68" ten="193,227,244,336" oya="3" hai0="84,95,32,110,64,78,73,12,4,96,94,133,102" hai1="31,16,46,17,101,83,24,25,132,130,49,104,23" hai2="14,61,51,72,67,45,129,124,111,74,55,58,119" hai3="22,98,37,86,117,127,15,47,99,120,126,113,80"/><W93/><G113/><T1/><D32/><U35/><E132/><V21/><F119/><W118/><G120/><T69/><D133/><U91/><E130/><V85/><F129/><W44/><G15/><T39/><D110/><U0/><E0/><V88/><F124/><N who="3" m="47659" /><G22/><T128/><D128/><U18/><E101/><V33/><F33/><W115/><G115/><T34/><D34/><U54/><REACH who="1" step="1"/><E104/><REACH who="1" ten="193,217,244,336" step="2"/><V121/><F121/><W48/><G117/><T56/><D1/><U103/><E103/><V77/><F111/><W75/><G118/><T8/><D102/><U107/><E107/><V92/><F77/><W108/><G108/><T135/><D78/><U60/><E60/><V5/><REACH who="2" step="1"/><F21/><REACH who="2" ten="193,217,234,336" step="2"/><W134/><G134/><T59/><D135/><U123/><E123/><V40/><F40/><W90/><G90/><T26/><D8/><AGARI ba="0,2" hai="5,8,14,45,51,55,58,61,67,72,74,85,88,92" machi="8" ten="40,8000,1" yaku="1,1,54,1,53,2" doraHai="68" doraHaiUra="105" who="2" fromWho="0" sc="193,-80,217,0,234,100,336,0" /><INIT seed="4,0,0,3,0,82" ten="113,217,334,336" oya="0" hai0="135,45,65,87,90,104,94,96,9,115,118,32,116" hai1="12,61,26,73,132,2,102,35,24,121,46,58,134" hai2="75,67,86,17,72,64,68,51,4,22,28,85,71" hai3="31,77,79,3,43,107,123,55,84,19,57,103,126"/><T99/><D32/><U20/><E121/><V112/><F4/><W109/><G3/><T13/><D115/><U25/><E2/><V14/><F51/><W5/><G5/><T59/><D135/><N who="1" m="51755" /><E73/><N who="2" m="28235" /><F14/><W36/><G31/><T114/><D114/><U69/><E69/><N who="2" m="26699" /><F28/><W91/><G19/><N who="0" m="8623" /><D104/><U38/><E102/><V98/><F17/><W129/><G103/><T1/><D118/><U124/><E124/><V76/><F112/><W40/><G126/><T37/><D116/><U29/><E46/><V127/><F127/><W50/><G107/><T34/><D1/><U7/><E38/><V74/><F74/><W47/><G123/><T10/><D34/><U66/><E35/><V100/><F100/><W48/><G109/><T131/><D131/><U117/><E117/><V23/><F98/><N who="0" m="37418" /><D37/><U62/><E61/><V133/><F76/><N who="3" m="29259" /><G129/><T122/><D122/><U15/><E15/><V78/><F78/><W39/><G39/><T101/><D10/><AGARI ba="0,0" hai="7,10,12,20,24,25,26,29,58,62,66" m="51755" machi="10" ten="30,1000,0" yaku="20,1" doraHai="82" who="1" fromWho="0" sc="113,-10,217,10,334,0,336,0" /><INIT seed="5,0,0,3,3,86" ten="103,227,334,336" oya="1" hai0="120,70,117,38,94,111,108,36,51,105,12,67,89" hai1="88,20,127,53,124,10,76,24,6,8,30,14,22" hai2="132,75,114,119,104,85,135,49,84,95,4,118,103" hai3="123,71,19,57,79,3,107,112,90,100,87,17,91"/><U41/><E76/><V74/><F4/><W32/><G71/><T15/><D105/><U69/><E69/><V72/><F49/><W39/><G39/><T129/><D70/><U128/><E41/><V7/><F7/><W43/><G3/><T5/><D94/><U109/><E53/><V133/><F114/><W66/><G32/><T106/><D106/><U93/><E128/><V125/><F125/><N who="1" m="48201" /><E10/><V27/><F27/><W0/><G43/><T9/><D129/><U99/><E109/><V65/><F65/><W45/><G45/><T68/><D120/><U1/><E1/><V130/><F130/><W40/><G0/><T121/><D117/><N who="2" m="44554" /><F104/><W61/><G40/><T78/><D121/><U35/><AGARI ba="0,0" hai="6,8,14,20,22,24,30,35,88,93,99" m="48201" machi="35" ten="30,6000,0" yaku="18,1,52,1,54,1" doraHai="86" who="1" fromWho="1" sc="103,-20,227,60,334,-20,336,-20" /><INIT seed="5,1,0,4,4,75" ten="83,287,314,316" oya="1" hai0="118,90,5,16,9,93,101,91,29,40,81,111,129" hai1="123,95,51,69,27,100,73,47,11,114,128,56,112" hai2="76,84,39,108,66,89,58,125,116,97,17,63,22" hai3="0,127,7,80,32,8,96,106,134,49,25,70,64"/><U24/><E123/><V10/><F116/><W52/><G127/><T130/><D118/><U99/><E69/><V88/><F108/><W74/><G134/><T33/><D111/><U78/><E128/><V42/><F125/><W41/><G41/><T115/><D115/><N who="1" m="44075" /><E56/><V44/><F10/><W31/><G64/><T18/><D40/><N who="1" m="25063" /><E11/><V119/><F97/><W50/><G70/><T38/><D9/><U34/><E34/><V107/><F107/><W35/><G35/><T59/><D33/><U77/><E73/><V131/><F131/><W121/><G121/><T1/><D59/><U23/><E27/><V86/><F119/><W36/><G36/><T26/><D38/><U133/><E133/><V61/><F61/><W67/><G67/><T3/><D26/><U21/><E21/><V87/><REACH who="2" step="1"/><F76/><REACH who="2" ten="83,287,304,316" step="2"/><W12/><G106/><T132/><D101/><U103/><E100/><V102/><F102/><W46/><G8/><T92/><D132/><U43/><E43/><V79/><F79/><W110/><G110/><T135/><D135/><U94/><E94/><V28/><F28/><AGARI ba="1,1" hai="23,24,28,77,78,95,99,103" m="25063,44075" machi="28" ten="30,5800,0" yaku="15,1,52,2" doraHai="75" who="1" fromWho="2" sc="83,0,287,71,304,-61,316,0" /><INIT seed="5,2,0,0,4,6" ten="83,358,243,316" oya="1" hai0="62,77,32,14,10,97,51,112,9,82,83,113,33" hai1="34,57,29,53,74,69,8,116,41,79,0,45,52" hai2="76,84,104,108,109,22,105,25,38,24,26,70,27" hai3="61,65,2,132,81,99,102,56,101,130,107,133,4"/><U36/><E116/><V20/><F70/><W90/><G102/><T28/><D28/><U95/><E95/><V18/><F38/><W50/><G130/><T96/><D51/><U63/><E29/><V124/><F124/><W11/><G90/><T91/><D91/><U110/><E34/><V49/><F22/><W93/><G81/><T60/><REACH who="0" step="1"/><D14/><REACH who="0" ten="73,358,243,316" step="2"/><U125/><E110/><V23/><F49/><W40/><G50/><T42/><D42/><U87/><E87/><V21/><F84/><W78/><G40/><T114/><D114/><U59/><E125/><V31/><F31/><W123/><G78/><AGARI ba="2,1" hai="9,10,32,33,60,62,77,78,82,83,96,97,112,113" machi="78" ten="25,8000,1" yaku="1,1,22,2,52,2,53,0" doraHai="6" doraHaiUra="16" who="0" fromWho="3" sc="73,96,358,0,243,0,316,-86" /><INIT seed="6,0,0,4,2,116" ten="169,358,243,230" oya="2" hai0="61,40,99,33,11,89,113,109,125,19,106,4,60" hai1="126,42,97,121,62,9,100,122,59,79,1,81,46" hai2="82,41,15,83,120,36,85,98,117,75,35,80,130" hai3="78,13,2,37,92,96,90,87,91,56,39,112,131"/><V8/><F117/><W111/><G2/><T86/><D109/><U44/><E126/><V70/><F35/><W72/><G111/><T84/><D125/><U26/><E26/><V29/><F29/><W119/><G119/><T95/><D113/><U74/><E59/><V68/><F120/><N who="1" m="46185" /><E62/><V64/><F130/><W52/><G112/><T93/><D33/><U114/><E114/><V110/><F75/><W135/><G72/><T133/><D133/><U47/><E9/><V104/><F110/><W16/><G78/><T23/><D106/><N who="1" m="63759" /><E1/><V108/><F108/><W27/><G27/><T14/><D40/><AGARI ba="0,0" hai="40,42,44,46,47,74,79,81" m="63759,46185" machi="40" ten="30,7700,0" yaku="13,1,52,3" doraHai="116" who="1" fromWho="0" sc="169,-77,358,77,243,0,230,0" /><INIT seed="7,0,0,5,3,119" ten="92,435,243,230" oya="3" hai0="113,54,67,5,42,50,108,89,0,63,109,19,72" hai1="55,8,69,93,76,135,83,90,82,48,77,97,129" hai2="132,75,43,46,31,130,20,104,11,81,15,94,53" hai3="51,125,21,84,7,101,24,122,115,38,17,39,85"/><W121/><G7/><T27/><D72/><U26/><E69/><V123/><F104/><W14/><G101/><T33/><D89/><U30/><E135/><V118/><F118/><W74/><G74/><T12/><D54/><U78/><E129/><V56/><F132/><W1/><G1/><T107/><D50/><U116/><E116/><V61/><F130/><W6/><G115/><T49/><D49/><U37/><E37/><V110/><F110/><W86/><G125/><T10/><D42/><U66/><E66/><V73/><F123/><W92/><G92/><T134/><D107/><U106/><E8/><V9/><F9/><W105/><G105/><T52/><D134/><U98/><E98/><V127/><F127/><W32/><G6/><T16/><D113/><U57/><REACH who="1" step="1"/><E106/><REACH who="1" ten="92,425,243,230" step="2"/><V95/><F11/><W71/><G71/><T45/><D67/><U58/><E58/><V47/><F56/><W111/><G111/><T62/><D62/><U25/><E25/><V100/><F61/><W36/><G51/><T64/><D45/><U44/><E44/><V79/><F47/><W91/><G91/><T65/><D65/><U117/><E117/><V29/><F53/><W133/><G133/><T120/><D120/><U68/><E68/><V3/><F46/><W131/><G131/><T28/><D19/><U59/><E59/><V34/><F100/><W22/><G121/><T96/><D96/><U103/><E103/><V88/><F88/><W112/><G122/><T2/><D2/><U41/><E41/><V35/><F3/><W99/><G99/><T60/><D60/><RYUUKYOKU ba="0,1" sc="92,-10,425,30,243,-10,230,-10" hai1="26,30,48,55,57,76,77,78,82,83,90,93,97" owari="82,-42.0,465,57.0,233,3.0,220,-18.0" /></mjloggm>