<mjloggm ver="2.3"><GO type="169" lobby="0"/><UN n0="%E6%94%AF%E5%80%89%E7%AB%9C" n1="%E5%B0%B1%E6%B4%BB%E7%94%9F%40%E5%B7%9D%E6%9D%91%E8%BB%8D%E5%9B%A3" n2="%E3%83%89%E3%83%A9%E3%83%AD%E3%83%B3%E3%83%80%E3%82%A4%E3%83%B4" n3="%EF%BC%B7%EF%BD%81%EF%BD%8C%EF%BD%8C%EF%BD%99" dan="16,18,16,17" rate="2114.28,2318.56,2092.25,2170.29" sx="M,M,M,M"/><TAIKYOKU oya="0"/><INIT seed="0,0,0,2,1,110" ten="250,250,250,250" oya="0" hai0="72,67,54,45,131,70,59,65,108,93,16,105,109" hai1="27,38,74,79,22,41,17,98,15,99,23,0,134" hai2="68,132,77,91,76,33,47,10,69,49,73,24,100" hai3="83,4,18,31,124,3,14,40,71,117,66,116,63"/><T60/><D105/><U51/><E0/><V94/><F100/><W35/><G18/><T122/><D72/><U36/><E134/><V8/><F132/><W34/><G14/><T95/><D122/><U133/><E133/><V129/><F129/><W82/><G82/><T75/><D75/><U46/><E74/><V126/><F126/><W21/><G21/><T80/><D131/><U130/><E130/><V58/><F69/><W103/><G124/><T84/><D45/><U39/><REACH who="1" step="1"/><E79/><REACH who="1" ten="250,240,250,250" step="2"/><V114/><F73/><W111/><G116/><T120/><D120/><U96/><E96/><V13/><F77/><W30/><G117/><T48/><D109/><U86/><E86/><V85/><F76/><W88/><G111/><T5/><D108/><U107/><E107/><V112/><F85/><W102/><G102/><T57/><D84/><U50/><E50/><V55/><F49/><W19/><G103/><T101/><D101/><U20/><E20/><V64/><F33/><W53/><G35/><T81/><D48/><U104/><E104/><V6/><F8/><W25/><G34/><T37/><D37/><U11/><E11/><V28/><F10/><W44/><G88/><T87/><D87/><U43/><E43/><V26/><F91/><W128/><G40/><T89/><D89/><U9/><E9/><V1/><F1/><W32/><G3/><T78/><D78/><U121/><E121/><V115/><F6/><W97/><G4/><T118/><D5/><U92/><E92/><V123/><F94/><W61/><G32/><T2/><D95/><U52/><E52/><RYUUKYOKU ba="0,1" sc="250,-10,240,30,250,-10,250,-10" hai1="15,17,22,23,27,36,38,39,41,46,51,98,99" /><INIT seed="1,1,1,2,0,113" ten="240,270,240,240" oya="1" hai0="15,8,100,17,131,109,78,9,104,115,81,59,117" hai1="119,121,68,99,39,125,79,120,130,75,37,2,6" hai2="48,71,88,96,106,108,64,34,44,69,127,28,94" hai3="67,40,82,90,76,98,83,61,4,18,74,84,25"/><U134/><RYUUKYOKU type="yao9" ba="1,1" sc="240,0,270,0,240,0,240,0" hai1="2,6,37,39,68,75,79,99,119,120,121,125,130,134" /><INIT seed="1,2,1,4,5,23" ten="240,270,240,240" oya="1" hai0="117,49,54,35,4,80,87,77,133,58,8,104,19" hai1="63,85,50,16,11,6,118,10,59,88,112,2,45" hai2="42,110,107,122,7,123,109,37,70,61,135,78,18" hai3="52,55,114,120,115,39,129,57,28,79,102,67,74"/><U121/><E118/><V60/><F107/><W14/><G39/><T22/><D117/><U113/><E121/><V125/><F135/><W53/><G120/><T83/><D133/><U33/><E33/><V64/><F125/><W0/><G0/><T38/><D35/><U111/><E111/><N who="2" m="42507" /><F7/><W3/><G3/><T86/><D38/><U81/><E11/><V62/><F78/><W95/><G129/><T97/><D104/><U103/><E103/><V30/><F30/><W82/><G28/><T24/><D97/><U105/><E105/><V65/><F18/><W73/><G73/><T34/><D34/><U66/><REACH who="1" step="1"/><E16/><REACH who="1" ten="240,260,240,240" step="2"/><V132/><F132/><W27/><G102/><T76/><D8/><U40/><AGARI ba="2,2" hai="2,6,10,40,45,50,59,63,66,81,85,88,112,113" machi="40" ten="20,12000,1" yaku="1,1,2,1,0,1,7,1,54,1,53,0" doraHai="23" doraHaiUra="90" who="1" fromWho="1" sc="240,-42,260,146,240,-42,240,-42" /><INIT seed="1,3,0,0,5,30" ten="198,406,198,198" oya="1" hai0="96,64,63,7,45,52,91,105,128,94,42,50,62" hai1="6,65,9,115,125,5,87,60,61,124,113,92,18" hai2="95,75,22,24,81,73,117,119,118,21,135,107,106" hai3="59,35,100,123,69,16,29,116,130,10,97,134,132"/><U17/><E92/><V103/><F135/><N who="3" m="51755" /><G123/><T126/><D126/><N who="1" m="48747" /><E87/><V121/><F121/><W55/><G69/><T70/><D128/><U120/><E65/><V108/><F108/><W84/><G84/><T12/><D105/><U54/><E54/><V44/><F22/><W14/><G130/><T101/><D62/><N who="1" m="24171" /><E9/><V68/><F68/><W36/><G36/><T133/><D133/><U129/><E129/><V66/><F66/><W78/><G78/><T39/><D7/><N who="1" m="2571" /><E120/><V80/><F95/><N who="3" m="58431" /><G116/><T110/><D110/><U26/><E26/><V79/><F107/><W76/><G76/><T1/><D1/><U51/><E51/><V131/><F131/><W57/><G55/><T43/><D43/><U27/><E27/><AGARI ba="3,0" hai="10,14,16,27,29,35,57,59" m="58431,51755" machi="27" ten="30,3900,0" yaku="20,1,52,1,54,1" doraHai="30" who="3" fromWho="1" sc="198,0,406,-48,198,0,198,48" /><INIT seed="2,0,0,4,2,11" ten="198,358,198,246" oya="2" hai0="12,52,102,26,36,119,25,91,130,5,23,46,79" hai1="48,69,42,2,134,115,51,95,32,81,0,45,107" hai2="82,104,135,31,8,60,71,111,40,125,14,54,29" hai3="18,50,96,88,75,13,87,113,103,86,85,47,20"/><V53/><F104/><W4/><G75/><T66/><D130/><U67/><E107/><V110/><F135/><W37/><G37/><T123/><D119/><U77/><E32/><V61/><F125/><W6/><G113/><T28/><D123/><U133/><E115/><V55/><F40/><W59/><G59/><T38/><D102/><U108/><E108/><N who="2" m="41515" /><F82/><W124/><G124/><T112/><D112/><U131/><E131/><V74/><F74/><W90/><G6/><T62/><D79/><U73/><E95/><V1/><F1/><W100/><G4/><T21/><D91/><N who="3" m="34857" /><G96/><T101/><D101/><U35/><E35/><V15/><F71/><W94/><G94/><T9/><D46/><U118/><E118/><V27/><F29/><W132/><G132/><N who="1" m="50794" /><E48/><V7/><F15/><W105/><G105/><T49/><D49/><U78/><E78/><V116/><F116/><W122/><G122/><T16/><REACH who="0" step="1"/><D52/><AGARI ba="0,0" hai="13,18,20,47,50,52,85,86,87,100,103" m="34857" machi="52" ten="30,7700,0" yaku="8,1,52,1,54,2" doraHai="11" who="3" fromWho="0" sc="198,-77,358,0,198,0,246,77" /><INIT seed="3,0,0,4,3,110" ten="121,358,198,323" oya="3" hai0="46,88,5,14,129,24,35,81,18,50,61,6,82" hai1="99,100,94,115,77,32,90,26,73,109,2,51,95" hai2="43,66,112,40,63,8,39,70,116,93,114,78,41" hai3="85,29,117,83,15,67,31,58,98,80,127,113,104"/><W60/><G117/><T44/><D129/><U128/><E2/><V21/><F116/><W97/><G127/><T27/><D61/><U25/><E128/><V68/><F39/><W33/><G83/><T38/><D38/><U122/><E109/><V36/><F36/><W52/><G113/><T134/><D134/><U86/><E115/><V37/><F37/><W105/><G105/><T10/><D44/><U42/><E32/><V48/><F70/><W49/><G15/><T62/><D62/><U106/><E122/><V107/><F107/><W96/><G104/><T12/><D81/><N who="1" m="45231" /><E94/><V20/><F78/><W55/><G33/><T13/><D35/><U11/><E11/><V75/><F75/><W59/><REACH who="3" step="1"/><G55/><REACH who="3" ten="121,358,198,313" step="2"/><N who="0" m="30167" /><D12/><U87/><E26/><V132/><F114/><W64/><G64/><T16/><D27/><U76/><E25/><V69/><F112/><W125/><G125/><T47/><D24/><U7/><E106/><V89/><F66/><W131/><G131/><T135/><D135/><U84/><E7/><V45/><F132/><W9/><G9/><N who="0" m="6191" /><D47/><U121/><E121/><V4/><F45/><W92/><G92/><T22/><D22/><U1/><E1/><V123/><F21/><W118/><G118/><T102/><D102/><U101/><E42/><V0/><F20/><W91/><AGARI ba="0,1" hai="29,31,49,52,58,59,60,67,80,85,91,96,97,98" machi="91" ten="30,18000,2" yaku="1,1,0,1,8,1,54,1,53,2" doraHai="110" doraHaiUra="54" who="3" fromWho="3" sc="121,-60,358,-60,198,-60,313,190" /><INIT seed="3,1,0,5,1,16" ten="61,298,138,503" oya="3" hai0="34,123,96,21,134,77,22,24,90,117,63,30,7" hai1="20,125,50,37,68,87,122,107,75,124,13,59,12" hai2="49,6,62,100,18,40,126,66,1,71,98,48,106" hai3="81,26,47,60,56,95,5,109,74,32,51,108,28"/><W121/><G121/><T61/><D123/><U119/><E75/><V41/><F126/><N who="1" m="48745" /><E68/><V8/><F48/><W88/><G5/><T85/><D117/><U104/><E37/><V135/><F135/><W131/><G131/><T70/><D134/><U3/><E3/><V72/><F72/><W10/><G10/><T101/><D7/><U19/><E122/><V23/><REACH who="2" step="1"/><F49/><REACH who="2" ten="61,298,128,503" step="2"/><W42/><G74/><T89/><D61/><U97/><E50/><V73/><F73/><W36/><G36/><T79/><D79/><U103/><E119/><V58/><F58/><W43/><G43/><T4/><D63/><U113/><E59/><V25/><AGARI ba="1,1" hai="1,6,8,18,23,25,40,41,62,66,71,98,100,106" machi="25" ten="20,5200,0" yaku="1,1,0,1,7,1,52,1,53,0" doraHai="16" doraHaiUra="114" who="2" fromWho="2" sc="61,-14,298,-14,128,65,503,-27" /><INIT seed="4,0,0,1,2,132" ten="47,284,193,476" oya="0" hai0="70,99,59,121,91,1,85,31,113,60,58,93,124" hai1="73,67,101,122,33,107,18,14,8,13,127,81,103" hai2="37,10,5,61,68,108,134,86,112,97,28,48,19" hai3="76,79,7,27,30,20,52,102,35,0,46,71,105"/><T117/><D121/><U116/><E33/><V80/><F108/><W133/><G71/><T128/><D117/><U130/><E122/><V22/><F37/><W3/><G133/><T94/><D128/><U51/><E116/><V6/><F134/><W23/><G105/><T72/><D72/><U62/><E130/><V15/><F28/><W17/><G102/><T77/><D113/><U95/><E107/><V74/><F112/><W29/><G29/><T26/><D1/><U104/><E104/><V115/><F115/><W2/><G7/><T12/><D12/><U114/><E114/><V135/><F135/><W44/><G23/><T89/><D77/><U109/><E51/><V106/><F74/><W119/><G119/><T110/><D110/><U43/><E43/><V63/><F68/><W84/><G84/><T78/><D78/><U92/><E81/><V69/><F69/><W88/><G88/><T50/><D50/><U96/><E73/><V56/><F6/><W42/><G46/><T54/><D124/><U9/><E109/><V118/><F118/><W65/><G65/><T21/><D70/><U125/><E67/><V66/><F48/><W64/><G64/><T53/><D58/><U36/><E36/><V49/><F49/><N who="3" m="28711" /><G42/><T4/><D4/><U98/><E62/><N who="2" m="38215" /><F97/><W32/><G32/><T24/><D24/><U38/><E38/><V111/><F106/><W25/><G76/><T126/><D53/><U45/><E45/><V129/><F111/><W120/><G79/><T11/><D126/><U100/><E100/><V75/><F129/><W57/><G120/><RYUUKYOKU ba="0,0" sc="47,10,284,10,193,-30,476,10" hai0="11,21,26,31,54,59,60,85,89,91,93,94,99" hai1="8,9,13,14,18,92,95,96,98,101,103,125,127" hai3="0,2,3,17,20,25,27,30,35,57" /><INIT seed="4,1,0,5,2,0" ten="57,294,163,486" oya="0" hai0="35,36,79,100,12,88,66,99,111,80,56,84,30" hai1="107,134,65,76,128,63,133,89,97,120,21,54,14" hai2="121,114,104,105,18,74,86,23,9,122,67,1,106" hai3="2,24,51,95,27,64,118,16,92,43,101,53,44"/><T52/><D111/><U109/><E120/><V93/><F74/><W117/><G2/><T60/><D36/><U61/><E109/><V6/><F114/><W78/><G78/><T113/><D113/><U77/><E128/><V119/><F119/><W59/><G64/><T112/><D112/><U41/><E41/><V87/><F67/><W7/><G7/><T72/><D12/><U45/><E45/><V116/><F116/><W70/><G70/><T135/><D135/><N who="1" m="51723" /><E54/><V71/><F71/><W32/><G32/><T19/><D19/><N who="1" m="10487" /><E61/><V48/><F48/><W20/><G27/><T85/><D72/><U75/><E75/><V83/><F93/><W57/><G117/><T115/><D115/><U130/><E130/><V3/><F3/><W4/><G4/><T125/><D125/><U10/><E10/><V26/><REACH who="2" step="1"/><F87/><REACH who="2" ten="57,294,153,486" step="2"/><W131/><G131/><T98/><D66/><U33/><E107/><V49/><F49/><N who="3" m="26783" /><G118/><T11/><D99/><U28/><E97/><V82/><F82/><W38/><G38/><T39/><D39/><U42/><E63/><V90/><AGARI ba="1,1" hai="1,6,9,18,23,26,83,86,90,104,105,106,121,122" machi="90" ten="30,7900,0" yaku="1,1,0,1,52,1,53,1" doraHai="0" doraHaiUra="15" who="2" fromWho="2" sc="57,-40,294,-21,153,92,486,-21" /><INIT seed="5,0,0,2,0,63" ten="17,273,245,465" oya="1" hai0="78,37,35,14,16,127,108,119,28,45,72,70,65" hai1="18,51,64,118,54,123,106,74,85,12,95,47,110" hai2="126,53,3,120,24,55,98,112,84,66,116,90,56" hai3="1,79,58,99,10,75,104,93,44,22,111,130,19"/><U2/><E2/><V115/><F3/><W15/><G104/><T109/><D119/><U26/><E106/><V97/><F116/><W86/><G111/><T57/><D127/><U34/><E74/><V114/><F120/><W7/><G130/><T91/><D70/><U0/><E0/><V59/><F126/><W124/><G124/><T121/><D121/><U77/><E110/><V92/><F24/><W134/><G134/><T88/><D28/><U132/><E118/><V102/><F97/><W87/><G58/><N who="2" m="22057" /><F66/><W129/><G129/><T83/><D35/><U113/><E132/><V46/><F46/><W13/><G1/><T8/><D109/><U94/><E123/><V67/><F67/><W68/><G68/><T21/><D108/><U89/><E113/><N who="2" m="28931" /><V32/><DORA hai="30" /><F32/><W27/><G27/><T29/><D29/><U125/><E64/><V81/><AGARI ba="0,0" hai="53,55,81,84,90,92,98,102" m="28931,22057" machi="81" ten="40,2700,0" yaku="15,1,11,1" doraHai="63,30" who="2" fromWho="2" sc="17,-7,273,-13,245,27,465,-7" /><INIT seed="6,0,0,3,3,42" ten="10,260,272,458" oya="2" hai0="108,38,74,27,37,122,43,90,0,131,67,73,68" hai1="76,77,132,110,59,106,115,126,57,45,30,40,84" hai2="12,93,41,21,113,81,34,5,83,111,71,31,19" hai3="60,86,55,127,101,16,124,129,105,63,107,14,56"/><V118/><F118/><W65/><G129/><T49/><D108/><U88/><E110/><V102/><F111/><W123/><G86/><T17/><D122/><U104/><E115/><V97/><F71/><N who="3" m="42407" /><G101/><T44/><D131/><U10/><E126/><N who="3" m="48170" /><G123/><T96/><D0/><U28/><E106/><V61/><F113/><W36/><G36/><T134/><D134/><U128/><E104/><V87/><F5/><W121/><G121/><T103/><D90/><U80/><E10/><AGARI ba="0,0" hai="10,14,16,55,56,63,105,107" m="48170,42407" machi="10" ten="30,2000,0" yaku="18,1,54,1" doraHai="42" who="3" fromWho="1" sc="10,0,260,-20,272,0,458,20" /><INIT seed="7,0,0,4,0,93" ten="10,240,272,478" oya="3" hai0="28,54,42,7,72,14,100,82,31,20,84,16,75" hai1="96,56,52,44,107,83,118,114,123,57,47,86,106" hai2="66,29,78,76,60,36,99,87,26,79,129,5,55" hai3="116,38,105,58,39,119,46,122,4,97,35,94,126"/><W2/><G35/><T53/><D75/><U6/><E118/><V102/><F36/><W124/><G105/><T18/><D72/><U48/><E123/><V132/><F132/><W59/><G4/><T9/><D42/><U81/><E114/><V128/><F5/><W131/><G2/><T64/><D64/><U130/><E130/><N who="2" m="50283" /><F55/><W27/><G27/><T101/><D54/><N who="1" m="31815" /><E107/><N who="2" m="63967" /><F87/><W74/><G74/><T70/><D70/><U21/><E106/><V73/><F73/><W10/><G10/><T37/><D37/><N who="3" m="13833" /><G46/><N who="1" m="17450" /><E6/><V3/><F3/><W92/><G131/><T15/><D53/><U134/><E134/><V90/><F90/><N who="3" m="55447" /><G94/><T98/><D101/><U63/><E21/><N who="2" m="15567" /><F79/><W89/><G89/><T33/><D33/><U11/><E11/><V112/><F112/><W19/><G59/><AGARI ba="0,0" hai="59,60,66,76,78" m="15567,63967,50283" machi="59" ten="30,2000,0" yaku="19,1,52,1" doraHai="93" who="2" fromWho="3" sc="10,0,240,0,272,20,478,-20" owari="10,-49.0,240,-16.0,292,9.0,458,56.0" /></mjloggm>