<mjloggm ver="2.3"><GO type="169" lobby="0"/><UN n0="%4B%61%42%45" n1="%E3%82%A6%E3%82%A3%E3%83%B3%44" n2="%E5%B0%B1%E6%B4%BB%E7%94%9F%40%E5%B7%9D%E6%9D%91%E8%BB%8D%E5%9B%A3" n3="%65%67%69%73%68%6F%32" dan="16,16,17,17" rate="2129.30,2153.30,2195.51,2166.61" sx="F,M,M,M"/><TAIKYOKU oya="0"/><INIT seed="0,0,0,1,0,33" ten="250,250,250,250" oya="0" hai0="114,8,102,26,125,105,13,58,34,97,81,113,35" hai1="133,29,37,11,22,110,80,69,132,126,79,82,54" hai2="120,12,107,49,91,67,131,51,135,42,76,90,100" hai3="117,61,123,2,17,20,96,7,134,119,55,106,115"/><T40/><D125/><U92/><E126/><V89/><F120/><W94/><G106/><T104/><D104/><U50/><E37/><V30/><F131/><W109/><G109/><T10/><D40/><U68/><E110/><V86/><F135/><W63/><G134/><N who="1" m="51818" /><E92/><V9/><F30/><W43/><G43/><T38/><D38/><U46/><E11/><V85/><F67/><W60/><G55/><T87/><D58/><U121/><E121/><V57/><F100/><W84/><G115/><T18/><D10/><U64/><E64/><V118/><F118/><W112/><G112/><T39/><D39/><U53/><E53/><V93/><F107/><W98/><G123/><T111/><D35/><U36/><E36/><V78/><F51/><W56/><G56/><T47/><D47/><U127/><E127/><V70/><F70/><N who="1" m="27241" /><E79/><V74/><F57/><W19/><G20/><T16/><D111/><U95/><E95/><V23/><F23/><W62/><G94/><T25/><D113/><U108/><E108/><V71/><F71/><W21/><G21/><N who="0" m="13479" /><D114/><U32/><E32/><V65/><F65/><W31/><G119/><T72/><D34/><U73/><E73/><V1/><F74/><W45/><G45/><T15/><D72/><U6/><E6/><N who="2" m="1231" /><F42/><W99/><G117/><T83/><D8/><U28/><E28/><V77/><F49/><W128/><G31/><T48/><D48/><U103/><E103/><V59/><F59/><W3/><G7/><T129/><D105/><U0/><E0/><V116/><F116/><W14/><N who="3" m="15360" /><DORA hai="24" /><W122/><G122/><RYUUKYOKU ba="0,0" sc="250,-10,250,30,250,-10,250,-10" hai1="22,29,46,50,54,80,82" /><INIT seed="1,1,0,2,4,102" ten="240,280,240,240" oya="1" hai0="50,12,35,98,14,86,1,132,83,85,4,23,82" hai1="92,62,48,97,100,105,29,34,21,9,84,52,69" hai2="129,57,30,61,66,99,8,25,15,104,0,22,131" hai3="6,68,58,110,63,108,134,79,101,118,18,28,119"/><U72/><E72/><V90/><F0/><W67/><G6/><T19/><D35/><U64/><E9/><V87/><F99/><W115/><G28/><T20/><D132/><U32/><E21/><V60/><F60/><W133/><G79/><T56/><D98/><U130/><E130/><V121/><F121/><W33/><G18/><N who="0" m="10311" /><D4/><U124/><E124/><V3/><F3/><W2/><G101/><T26/><D1/><U38/><E38/><V11/><F104/><W128/><G33/><T89/><D56/><U76/><E29/><V65/><F65/><W5/><G5/><T39/><D39/><U10/><E10/><V45/><F45/><W77/><G77/><N who="0" m="46287" /><D50/><U40/><E40/><V106/><F106/><W75/><G75/><T122/><D122/><U127/><E127/><V71/><F71/><W123/><G2/><T109/><D109/><N who="3" m="42089" /><G123/><T103/><D103/><U7/><E7/><V70/><F70/><W36/><G36/><T125/><D125/><U43/><E43/><V116/><F116/><N who="3" m="44587" /><G128/><N who="2" m="49225" /><F15/><AGARI ba="1,0" hai="14,15,19,23,26,83,86,89" m="46287,10311" machi="15" ten="30,1000,0" yaku="8,1" doraHai="102" who="0" fromWho="2" sc="240,13,280,0,240,-13,240,0" /><INIT seed="2,0,0,1,5,85" ten="253,280,227,240" oya="2" hai0="105,36,128,10,89,47,70,65,73,3,63,110,2" hai1="64,132,21,82,86,119,121,18,125,99,7,43,130" hai2="27,76,103,20,67,106,37,24,62,60,79,83,0" hai3="111,42,1,71,124,19,123,14,6,95,98,32,90"/><V26/><F0/><W101/><G123/><T25/><D110/><U100/><E119/><V30/><F37/><W94/><G111/><T57/><D128/><U96/><E130/><V39/><F39/><W58/><G71/><T56/><D105/><U118/><E118/><V104/><F76/><W38/><G32/><T68/><D56/><U133/><E125/><V4/><F4/><W126/><G1/><T46/><D25/><U108/><E108/><V129/><F129/><W102/><G6/><T117/><D73/><U50/><E64/><V35/><F103/><W87/><G102/><T107/><D107/><U8/><E121/><V15/><F15/><W16/><G38/><T120/><D2/><U12/><E21/><V48/><F48/><W92/><G42/><T29/><D3/><U93/><E18/><V84/><F26/><W17/><G14/><T116/><D36/><U45/><REACH who="1" step="1"/><E96/><REACH who="1" ten="253,270,227,240" step="2"/><V31/><REACH who="2" step="1"/><F62/><REACH who="2" ten="253,270,217,240" step="2"/><W109/><G109/><T131/><D63/><U41/><E41/><V78/><F78/><AGARI ba="0,2" hai="7,8,12,43,45,50,78,82,86,93,99,100,132,133" machi="78" ten="40,5200,0" yaku="1,1,25,2,53,0" doraHai="85" doraHaiUra="66" who="1" fromWho="2" sc="253,0,270,72,217,-52,240,0" /><INIT seed="3,0,0,0,2,119" ten="253,342,165,240" oya="3" hai0="97,87,127,102,54,56,18,49,68,13,105,10,122" hai1="86,19,23,52,100,34,7,135,78,53,73,17,0" hai2="93,126,45,63,5,8,9,21,103,85,47,98,37" hai3="82,120,90,22,88,130,116,118,112,40,108,96,43"/><W48/><G112/><T124/><D68/><U4/><E34/><V76/><F126/><N who="0" m="48170" /><D87/><U117/><E135/><V81/><F37/><W95/><G130/><T39/><D39/><U133/><E133/><V1/><F21/><W114/><G114/><T129/><D129/><U30/><E73/><V50/><F9/><W131/><G131/><T83/><D83/><N who="1" m="47479" /><E0/><V74/><F50/><W33/><G33/><T66/><D66/><U99/><E117/><V106/><REACH who="2" step="1"/><F63/><REACH who="2" ten="253,342,155,240" step="2"/><W128/><G128/><T15/><D13/><U58/><E23/><V77/><F77/><W104/><G22/><T26/><D26/><U115/><E115/><V67/><F67/><W113/><G48/><T107/><D10/><U109/><E30/><V132/><F132/><W62/><G62/><T55/><D15/><U12/><E12/><V84/><F84/><W25/><G113/><T125/><D125/><U42/><E53/><V29/><F29/><W61/><G25/><T80/><D55/><U27/><E52/><V46/><F46/><W14/><G61/><T60/><D49/><U101/><E27/><V31/><F31/><W91/><G14/><T59/><D54/><U28/><E28/><V41/><F41/><W72/><G40/><T123/><D60/><U69/><E42/><V111/><F111/><W75/><G108/><T3/><D18/><U70/><E19/><V6/><F6/><W32/><G43/><T64/><D64/><U38/><E17/><V89/><AGARI ba="0,1" hai="1,5,8,45,47,74,76,81,85,89,93,98,103,106" machi="89" ten="30,8000,1" yaku="1,1,0,1,24,2,53,1" doraHai="119" doraHaiUra="2" who="2" fromWho="2" sc="253,-20,342,-20,155,90,240,-40" /><INIT seed="4,0,0,3,2,35" ten="233,322,245,200" oya="0" hai0="125,51,93,75,97,45,69,73,58,101,118,100,95" hai1="67,60,63,71,23,22,84,103,36,54,39,34,18" hai2="134,0,80,89,110,104,50,31,126,37,26,91,55" hai3="74,130,25,19,43,86,87,1,40,135,38,127,77"/><T66/><D118/><U5/><E34/><V129/><F110/><W72/><G130/><T122/><D122/><U14/><E103/><V32/><F129/><W128/><G128/><T24/><D69/><U68/><E5/><V9/><F126/><W124/><G25/><T52/><D125/><N who="3" m="48201" /><G19/><T6/><D6/><U42/><E42/><N who="3" m="15914" /><G77/><T105/><D24/><U107/><E107/><V2/><F37/><W114/><G38/><T47/><D105/><U119/><E119/><V113/><F113/><W15/><G15/><T10/><D10/><U85/><E18/><V41/><F41/><W109/><G109/><T117/><D117/><U123/><E14/><V4/><F104/><W48/><G48/><T131/><D131/><U7/><E7/><V92/><F134/><W79/><G79/><T11/><D11/><U3/><E36/><V94/><F2/><W46/><G46/><T115/><D115/><U78/><E3/><V70/><F70/><W59/><G59/><T27/><D27/><U106/><E39/><V28/><F28/><W65/><G65/><T99/><D45/><U82/><E67/><V76/><F91/><W111/><G111/><T62/><AGARI ba="0,0" hai="47,51,52,58,62,66,73,75,93,95,97,99,100,101" machi="62" ten="30,6000,0" yaku="0,1,9,1,54,1" doraHai="35" who="0" fromWho="0" sc="233,60,322,-20,245,-20,200,-20" /><INIT seed="4,1,0,3,2,37" ten="293,302,225,180" oya="0" hai0="93,84,122,127,118,55,58,33,36,38,99,4,25" hai1="3,125,18,123,109,92,105,129,101,116,115,43,72" hai2="47,75,24,28,50,30,80,67,81,29,119,98,95" hai3="8,52,83,130,97,126,131,77,90,71,39,103,46"/><T14/><D118/><U89/><RYUUKYOKU type="yao9" ba="1,0" sc="293,0,302,0,225,0,180,0" hai1="3,18,43,72,89,92,101,105,109,115,116,123,125,129" /><INIT seed="4,2,0,1,3,61" ten="293,302,225,180" oya="0" hai0="116,103,49,89,110,14,18,102,64,53,19,84,62" hai1="43,77,100,37,9,56,93,48,118,27,6,41,107" hai2="10,71,16,108,3,115,129,74,76,88,12,42,85" hai3="75,131,20,7,25,34,11,13,73,2,50,111,130"/><T63/><D116/><U95/><E118/><V15/><F108/><W83/><G111/><T44/><D110/><U96/><E37/><V51/><F3/><W106/><G106/><T28/><D28/><U109/><E109/><V5/><F129/><N who="3" m="49163" /><G83/><T26/><D26/><U123/><E123/><V0/><F115/><W67/><G50/><T65/><D62/><U94/><E77/><V23/><F71/><W79/><G79/><T134/><D134/><U97/><E27/><V125/><F125/><W24/><G24/><T72/><D72/><U86/><E86/><V99/><F99/><W133/><G67/><N who="0" m="25675" /><D63/><U46/><E56/><V21/><F76/><W47/><G47/><T17/><D14/><U122/><E122/><V80/><F74/><W4/><G133/><T40/><D40/><U113/><E113/><V70/><F70/><W128/><N who="3" m="49171" /><W127/><DORA hai="135" /><G127/><T22/><D22/><U60/><E60/><V82/><F23/><W87/><G34/><T124/><D124/><U57/><E41/><V39/><F39/><W45/><G20/><T30/><D30/><U121/><E43/><V112/><F112/><W90/><G25/><T52/><D53/><U69/><E69/><V120/><F120/><W119/><G119/><T8/><D8/><U36/><E9/><V38/><F38/><W54/><G75/><T58/><D58/><U105/><E57/><V98/><F42/><W59/><G73/><T132/><D132/><U66/><E36/><V92/><F51/><N who="3" m="29039" /><G59/><T32/><D32/><U91/><E121/><V114/><F114/><W33/><G33/><RYUUKYOKU ba="2,0" sc="293,30,302,-10,225,-10,180,-10" hai0="17,18,19,44,49,52,84,89,102,103" /><INIT seed="4,3,0,2,1,25" ten="323,292,215,170" oya="0" hai0="45,64,86,63,134,62,15,115,120,124,80,61,13" hai1="41,32,56,89,76,74,117,72,132,31,106,21,57" hai2="6,54,1,103,5,59,16,90,40,42,33,99,60" hai3="94,35,131,128,24,122,65,84,101,107,70,26,29"/><T38/><D120/><U126/><E117/><V46/><F33/><W91/><G122/><T69/><D115/><U68/><E68/><V4/><F1/><W83/><G24/><T77/><D134/><U129/><E32/><V133/><F133/><W30/><G94/><T93/><D124/><U113/><E132/><V28/><F28/><N who="3" m="19863" /><G128/><T114/><D114/><U9/><E113/><V78/><F78/><W75/><G75/><T19/><D13/><U130/><E106/><V87/><F46/><W20/><G20/><T108/><D108/><U92/><E41/><V98/><F16/><W109/><G131/><N who="1" m="50186" /><E76/><V53/><F53/><W47/><G47/><T12/><D12/><U39/><E39/><V79/><F79/><W58/><G58/><N who="1" m="22634" /><E9/><V43/><REACH who="2" step="1"/><F103/><REACH who="2" ten="323,292,205,170" step="2"/><W118/><G109/><T119/><D45/><U82/><E21/><V0/><F0/><W34/><G34/><T123/><D123/><U44/><E44/><V105/><F105/><W73/><G73/><T110/><D110/><U50/><E74/><V7/><N who="2" m="1536" /><DORA hai="111" /><V85/><F85/><W104/><G107/><T49/><D86/><U17/><E17/><V135/><F135/><W8/><G8/><T14/><D77/><U10/><E10/><V27/><F27/><W71/><G118/><T23/><D119/><U3/><E31/><V66/><F66/><W127/><G65/><T112/><D64/><U67/><E67/><V37/><F37/><W96/><G127/><T102/><D38/><U81/><E72/><V36/><F36/><W97/><G96/><T125/><D125/><U100/><E126/><RYUUKYOKU ba="3,1" sc="323,-15,292,-15,205,15,170,15" hai2="40,42,43,54,59,60,87,90,98,99" hai3="29,30,70,71,83,84,91,97,101,104" /><INIT seed="5,4,1,0,1,60" ten="308,277,220,185" oya="1" hai0="11,46,2,4,132,29,82,78,133,35,76,6,7" hai1="90,53,105,103,127,28,79,74,3,98,41,119,33" hai2="122,89,115,70,32,116,26,10,75,114,38,15,0" hai3="69,19,57,42,108,107,73,21,62,17,5,94,54"/><U9/><E119/><V71/><F122/><W64/><G107/><T129/><D129/><U125/><E41/><V36/><F116/><W97/><G108/><T58/><D76/><U44/><E44/><V14/><F75/><W67/><G73/><T63/><D46/><U20/><E53/><V99/><F32/><W102/><G42/><T25/><D82/><N who="1" m="45431" /><E20/><V52/><F26/><W111/><G111/><T117/><D78/><U104/><E104/><V16/><F0/><W83/><G69/><T23/><D117/><U93/><E93/><N who="2" m="56751" /><F15/><N who="3" m="9407" /><G83/><T128/><D35/><U123/><E90/><V121/><F121/><W110/><G110/><T77/><D23/><U22/><E22/><V87/><F87/><W134/><G134/><T1/><D132/><U39/><E39/><V130/><F130/><W100/><G5/><T109/><D128/><U55/><E55/><V49/><F38/><W68/><G68/><T112/><D133/><U65/><E123/><V72/><F36/><W30/><G30/><T118/><D118/><U86/><E86/><V48/><F48/><W50/><G50/><T113/><D109/><U95/><E28/><V85/><F85/><W59/><G59/><T84/><D1/><U12/><E33/><V66/><F72/><W61/><G61/><T81/><D29/><U34/><E34/><V135/><F135/><W24/><G102/><T37/><D37/><U120/><E3/><V131/><F131/><W27/><G27/><T18/><D25/><U43/><E120/><V47/><F71/><W124/><G124/><T96/><D2/><U51/><E127/><RYUUKYOKU ba="4,1" sc="308,-15,277,-15,220,15,185,15" hai2="10,14,16,47,49,52,66,70,114,115" hai3="19,24,54,57,62,64,67,94,97,100" /><INIT seed="6,5,1,3,2,24" ten="293,262,235,200" oya="2" hai0="133,62,29,127,46,129,98,102,21,74,106,134,13" hai1="14,23,92,4,1,48,115,99,87,39,10,28,17" hai2="51,83,101,26,15,125,20,78,108,112,81,25,12" hai3="118,33,97,95,77,113,68,37,30,131,61,89,93"/><V75/><F125/><W119/><G37/><T117/><D127/><U132/><E39/><V50/><F108/><W44/><G44/><T65/><D74/><U91/><E115/><V66/><F112/><W19/><G113/><T80/><D80/><U6/><E132/><N who="0" m="50793" /><D129/><U71/><E71/><V11/><F66/><W45/><G45/><T55/><D117/><U8/><E48/><V34/><F101/><W63/><G77/><T69/><D13/><U64/><E64/><V124/><F124/><W0/><G0/><T56/><D46/><U58/><E58/><V135/><F135/><W94/><G131/><T32/><D21/><U36/><E36/><V22/><F34/><W49/><G68/><T116/><D116/><U103/><E28/><V73/><REACH who="2" step="1"/><F11/><REACH who="2" ten="293,262,225,200" step="2"/><N who="1" m="4137" /><E1/><V130/><F130/><W57/><G33/><T54/><D69/><U47/><E47/><V72/><F72/><W82/><G118/><T122/><D122/><U53/><E53/><V85/><F85/><W100/><G119/><T121/><D121/><U86/><E87/><V7/><F7/><W128/><G128/><T70/><D70/><U96/><E103/><V76/><AGARI ba="5,2" hai="12,15,20,22,25,26,50,51,73,75,76,78,81,83" machi="76" ten="25,18000,2" yaku="1,1,0,1,22,2,53,2" doraHai="24" doraHaiUra="104" who="2" fromWho="2" sc="293,-65,262,-65,225,215,200,-65" /><INIT seed="6,6,0,0,5,122" ten="228,197,440,135" oya="2" hai0="135,96,45,49,60,6,3,53,24,8,76,10,102" hai1="118,77,68,101,69,50,33,86,89,84,123,43,34" hai2="74,128,1,7,99,47,107,116,127,55,39,64,12" hai3="132,48,14,67,23,29,104,79,36,72,111,37,18"/><V75/><F12/><W131/><G104/><T38/><D76/><U27/><E118/><V51/><F116/><W106/><G106/><T16/><D135/><U59/><E123/><V133/><F133/><W90/><G132/><T66/><D38/><U100/><E77/><V83/><F127/><W82/><G131/><T125/><D125/><U94/><E59/><V20/><F128/><W85/><G67/><T40/><D40/><U109/><E109/><V15/><F64/><W58/><G29/><T17/><D24/><U88/><E27/><V112/><F112/><W78/><G78/><T9/><D9/><U22/><E22/><V54/><F39/><W62/><G111/><T65/><D10/><U117/><E117/><V121/><F83/><W26/><G26/><T92/><D65/><U134/><E134/><V87/><F87/><N who="1" m="33321" /><E50/><V115/><F1/><W93/><REACH who="3" step="1"/><G62/><REACH who="3" ten="228,197,440,125" step="2"/><T35/><D35/><U11/><E34/><V80/><F107/><W81/><G81/><T120/><D120/><U108/><E33/><V91/><F80/><W103/><G103/><T41/><D66/><U2/><E108/><V30/><F30/><W97/><G97/><T73/><D60/><U32/><E32/><V113/><F99/><W114/><G114/><T105/><D105/><U124/><E101/><V19/><F121/><W0/><G0/><T70/><D102/><U57/><E100/><V119/><F113/><W5/><G5/><T42/><D6/><U28/><E2/><V52/><F7/><W129/><G129/><T130/><D130/><U44/><E28/><V56/><F115/><RYUUKYOKU ba="6,1" sc="228,-10,197,-10,440,-10,125,30" hai3="14,18,23,36,37,48,58,72,79,82,85,90,93" /><INIT seed="7,7,1,1,3,85" ten="218,187,430,155" oya="3" hai0="90,115,101,119,10,39,53,63,49,70,135,15,97" hai1="2,130,22,112,113,129,121,12,0,54,19,80,28" hai2="62,132,65,60,16,73,50,68,58,133,106,43,33" hai3="59,108,13,64,86,84,57,92,37,77,14,117,81"/><W78/><G37/><T25/><D119/><U5/><E121/><V55/><F106/><W27/><G117/><T20/><D39/><U3/><E28/><V79/><F33/><W102/><G108/><T99/><D135/><N who="2" m="51786" /><F79/><W127/><G127/><T75/><D75/><U51/><E80/><V48/><F73/><W109/><G109/><T98/><D63/><U6/><E54/><V40/><F16/><W74/><G74/><T9/><D70/><U69/><E51/><AGARI ba="7,1" hai="40,43,48,50,51,55,58,60,62,65,68" m="51786" machi="51" ten="30,3900,0" yaku="20,1,34,2" doraHai="85" who="2" fromWho="1" sc="218,0,187,-60,430,70,155,0" owari="218,2.0,127,-37.0,500,59.0,155,-24.0" /></mjloggm>