<mjloggm ver="2.3"><GO type="225" lobby="0"/><UN n0="%43%46%76%E6%9D%8F%E6%9D%8F" n1="%E3%82%A6%E3%83%AB%E3%83%88%E3%83%A9%E7%AB%8B%E7%9B%B4" n2="%73%61%72%61%68%31%32%33" n3="%E8%B6%B3%E3%81%AE%E8%B8%8F%E3%81%BF%E5%A0%B4%E3%82%82%E3%81%AA%E3%81%84" dan="16,17,16,17" rate="2077.87,2132.66,2181.76,2210.70" sx="F,M,M,M"/><TAIKYOKU oya="0"/><INIT seed="0,0,0,0,0,28" ten="250,250,250,250" oya="0" hai0="2,78,76,85,94,96,59,125,44,10,91,49,64" hai1="102,32,14,109,17,132,126,131,21,105,31,56,54" hai2="82,116,97,35,67,86,75,57,18,6,115,95,100" hai3="20,108,63,72,71,47,68,77,103,128,135,41,73"/><T121/><D121/><U34/><E109/><V30/><F115/><W74/><G108/><T99/><D125/><U11/><E126/><V88/><F116/><W45/><G128/><T65/><D10/><U119/><E119/><V111/><F111/><W9/><G135/><T104/><D2/><U15/><E131/><V8/><F18/><W39/><G20/><T29/><D29/><U83/><E132/><V25/><F75/><N who="3" m="28747" /><G47/><T40/><D104/><U7/><E31/><V27/><F27/><W3/><G63/><N who="0" m="38015" /><D65/><U90/><E102/><V42/><F42/><W130/><G103/><N who="0" m="60823" /><D99/><U81/><E105/><V36/><F36/><W127/><G127/><T114/><D114/><U69/><E69/><V19/><F19/><W43/><G43/><T110/><D110/><U133/><E133/><V122/><F122/><W24/><G24/><T118/><D118/><U37/><E37/><V87/><F87/><W106/><G106/><T38/><D38/><U79/><E90/><V50/><F67/><W101/><G101/><T80/><AGARI ba="0,0" hai="40,44,49,76,78,80,85,91" m="60823,38015" machi="80" ten="30,1500,0" yaku="8,1" doraHai="28" who="0" fromWho="0" sc="250,15,250,-5,250,-5,250,-5" /><INIT seed="0,1,0,4,4,14" ten="265,245,245,245" oya="0" hai0="107,106,41,66,40,37,129,62,19,99,97,112,33" hai1="135,51,109,15,60,81,94,64,118,75,122,108,134" hai2="7,9,131,103,30,24,27,56,38,61,22,113,53" hai3="126,120,29,46,93,48,92,21,39,65,115,6,85"/><T55/><D112/><U84/><E122/><V86/><F131/><W31/><G115/><T101/><D55/><U88/><E51/><V8/><F113/><W63/><G39/><T59/><D129/><U82/><E118/><V91/><F38/><W117/><G6/><T100/><D37/><U32/><E32/><V87/><F103/><W18/><G126/><T73/><D33/><U79/><E15/><V98/><F24/><W35/><G117/><T76/><D73/><U83/><E60/><V1/><F9/><W52/><G120/><T42/><D76/><U12/><E12/><V80/><F86/><W34/><G34/><T45/><REACH who="0" step="1"/><D19/><REACH who="0" ten="255,245,245,245" step="2"/><U72/><E72/><V36/><F36/><W0/><G35/><T5/><D5/><U69/><E79/><V44/><F44/><W43/><G52/><T102/><D102/><U3/><E75/><V28/><F28/><W104/><G31/><T70/><D70/><U58/><E69/><V89/><F91/><W2/><G29/><T96/><D96/><U11/><E64/><V68/><REACH who="2" step="1"/><F68/><REACH who="2" ten="255,245,235,245" step="2"/><W130/><G130/><T128/><D128/><U13/><E88/><V78/><F78/><W74/><G74/><T20/><D20/><U123/><E123/><V132/><F132/><W57/><G21/><T49/><AGARI ba="1,2" hai="40,41,42,45,49,59,62,66,97,99,100,101,106,107" machi="49" ten="20,7800,0" yaku="1,1,0,1,7,1,9,1,53,0" doraHai="14" doraHaiUra="119" who="0" fromWho="0" sc="255,101,245,-27,235,-27,245,-27" /><INIT seed="0,2,0,4,3,27" ten="356,218,208,218" oya="0" hai0="33,119,69,31,134,117,61,110,36,22,64,103,70" hai1="18,94,120,78,60,81,87,4,118,123,59,62,74" hai2="34,129,13,127,45,67,130,116,29,21,135,52,68" hai3="12,88,76,56,53,6,5,17,2,97,50,105,131"/><T100/><D36/><U93/><E118/><V98/><F116/><W89/><G131/><N who="2" m="50185" /><F127/><W14/><G2/><T11/><D69/><U42/><E4/><N who="3" m="1642" /><G105/><T54/><D33/><U115/><E42/><V1/><F1/><W7/><G76/><T24/><D134/><U25/><E115/><V104/><F135/><W37/><G37/><T124/><D124/><U10/><E62/><N who="2" m="40055" /><F13/><W9/><G97/><T40/><D40/><U99/><E74/><V101/><F21/><AGARI ba="2,0" hai="7,9,12,14,17,21,50,53,56,88,89" m="1642" machi="21" ten="30,2000,0" yaku="8,1,54,1" doraHai="27" who="3" fromWho="2" sc="356,0,218,0,208,-26,218,26" /><INIT seed="1,0,0,1,4,40" ten="356,218,182,244" oya="1" hai0="53,9,96,42,56,132,68,13,46,11,77,4,89" hai1="102,86,5,10,64,48,15,17,36,63,122,83,23" hai2="90,55,99,1,27,6,76,127,8,112,126,20,71" hai3="43,38,72,110,31,123,19,61,103,91,66,59,104"/><U75/><E36/><V101/><F71/><W39/><G72/><T95/><D68/><U47/><E102/><V111/><F111/><W109/><G31/><T120/><D77/><U93/><E93/><V3/><F76/><W78/><G78/><T62/><D132/><U116/><E75/><V60/><F112/><W34/><G34/><T74/><D74/><U135/><E135/><V29/><F3/><W37/><G103/><T35/><D35/><U14/><E122/><V81/><F81/><W22/><G104/><T124/><D124/><U119/><E86/><V25/><F90/><W88/><G123/><T131/><D131/><U7/><E83/><V26/><F55/><W98/><G43/><T84/><D120/><U87/><E87/><V125/><REACH who="2" step="1"/><F60/><REACH who="2" ten="356,218,172,244" step="2"/><W134/><G134/><T0/><D0/><U49/><E63/><V30/><F30/><W106/><G91/><T115/><D62/><U133/><E133/><V57/><F57/><W100/><G88/><T32/><D56/><U2/><E2/><V50/><F50/><W67/><G67/><T79/><D53/><U80/><E49/><V69/><F69/><W58/><G58/><T113/><D115/><U41/><E64/><V117/><F117/><W85/><G110/><T108/><D113/><U16/><REACH who="1" step="1"/><E80/><REACH who="1" ten="356,208,172,244" step="2"/><V107/><AGARI ba="0,2" hai="1,6,8,20,25,26,27,29,99,101,107,125,126,127" machi="107" ten="30,4000,0" yaku="1,1,0,1,18,1,53,0" doraHai="40" doraHaiUra="44" who="2" fromWho="2" sc="356,-10,208,-20,172,60,244,-10" /><INIT seed="2,0,0,0,0,27" ten="346,188,232,234" oya="2" hai0="50,133,119,74,110,86,114,118,115,101,135,36,128" hai1="24,7,23,94,92,126,6,67,39,116,112,105,72" hai2="82,21,130,18,76,37,89,48,25,0,106,11,29" hai3="109,4,52,125,47,132,62,51,111,55,44,12,60"/><V91/><F106/><W75/><G75/><T20/><D36/><U40/><E105/><V98/><F37/><W42/><G4/><T38/><D38/><U100/><E116/><N who="0" m="44585" /><D74/><U90/><E112/><V78/><F130/><W129/><G12/><T17/><D128/><U104/><E72/><V53/><F98/><W103/><G103/><T77/><D110/><N who="3" m="41993" /><G129/><T14/><D101/><U32/><E32/><V63/><F63/><N who="3" m="24107" /><G125/><T34/><D34/><U22/><E100/><V65/><F65/><W57/><G132/><N who="0" m="50763" /><D50/><U46/><E104/><V71/><F71/><W16/><G16/><T64/><D64/><U87/><E67/><V59/><F0/><W5/><G5/><T95/><D95/><U9/><E94/><V123/><F123/><W56/><G55/><T13/><D13/><U127/><E6/><V81/><F18/><W2/><G2/><T107/><D107/><U102/><E102/><V8/><F8/><W85/><G85/><T49/><D14/><U83/><E92/><V80/><F11/><W73/><G73/><T35/><D35/><U99/><E9/><V30/><F30/><W113/><G113/><T120/><D17/><U1/><E7/><V68/><F68/><W45/><G57/><T61/><D115/><U31/><E1/><V26/><F26/><W41/><AGARI ba="0,0" hai="41,42,44,45,47,51,52,56" m="24107,41993" machi="41" ten="40,8000,1" yaku="14,1,34,2,54,1" doraHai="27" who="3" fromWho="3" sc="346,-20,188,-20,232,-40,234,80" /><INIT seed="3,0,0,4,2,56" ten="326,168,192,314" oya="3" hai0="125,77,78,12,16,100,120,42,119,7,130,70,8" hai1="112,109,45,102,48,107,51,35,0,44,94,64,101" hai2="5,28,129,69,10,20,116,108,22,25,135,126,99" hai3="98,38,29,103,33,68,81,83,26,87,27,127,13"/><W97/><G38/><T75/><D119/><U113/><E107/><V3/><F69/><W74/><G127/><T93/><D120/><U85/><E35/><N who="2" m="20879" /><F99/><W115/><G115/><T123/><D123/><U118/><E0/><V66/><F66/><W67/><G97/><N who="0" m="59439" /><D70/><U76/><E118/><V23/><F116/><W82/><G74/><T114/><D130/><U14/><E109/><V92/><F92/><W73/><G73/><T2/><D2/><U49/><E113/><V53/><F53/><W34/><G13/><N who="0" m="5279" /><D75/><U72/><E72/><V11/><F108/><W91/><G27/><T96/><D125/><U6/><E112/><V124/><F129/><W122/><G34/><T79/><D114/><U90/><E76/><V31/><F135/><W36/><G36/><T61/><D96/><U54/><E64/><V63/><F63/><N who="3" m="40063" /><G122/><T133/><D133/><U131/><E131/><V40/><F40/><W105/><AGARI ba="0,0" hai="26,29,33,81,82,83,87,91,98,103,105" m="40063" machi="105" ten="30,3000,0" yaku="25,1,52,1" doraHai="56" who="3" fromWho="3" sc="326,-10,168,-10,192,-10,314,30" owari="316,12.0,158,-34.0,182,-22.0,344,44.0" /></mjloggm>