<mjloggm ver="2.3"><GO type="169" lobby="0"/><UN n0="%E5%B0%B1%E6%B4%BB%E7%94%9F%40%E5%B7%9D%E6%9D%91%E8%BB%8D%E5%9B%A3" n1="%37%79%79%79%79%79%79" n2="%E6%8C%AF%E8%BE%BC%E5%A4%AA%E9%99%BD" n3="%E3%83%8B%E3%83%A3%E3%83%83%E3%83%94%E3%83%BC%E5%A4%8F%E7%9B%AE" dan="17,16,18,17" rate="2188.58,2054.23,2259.43,2209.79" sx="M,M,M,M"/><TAIKYOKU oya="0"/><INIT seed="0,0,0,1,2,59" ten="250,250,250,250" oya="0" hai0="117,86,30,6,122,83,77,28,87,72,37,112,49" hai1="71,78,64,44,21,52,81,94,4,45,131,12,124" hai2="13,84,24,9,39,103,132,60,2,108,48,11,128" hai3="127,133,15,73,43,65,92,98,79,129,116,47,97"/><T101/><D37/><U29/><E131/><V56/><F39/><W70/><G116/><T3/><D117/><U93/><E44/><V100/><F128/><W25/><G129/><T16/><D122/><U80/><E124/><V105/><F105/><W102/><G127/><T0/><D112/><U90/><E94/><V69/><F132/><W91/><G133/><T99/><D6/><U32/><E32/><V50/><F108/><W62/><G25/><T36/><D36/><U27/><E78/><V38/><F69/><W135/><G135/><T1/><D49/><N who="2" m="19050" /><F2/><W120/><G120/><T53/><D53/><U118/><E64/><N who="2" m="38919" /><F38/><W10/><G73/><T8/><D86/><U34/><E71/><V17/><F24/><W106/><G79/><T40/><D40/><U119/><E34/><V66/><F66/><W88/><G43/><T85/><D85/><N who="1" m="52431" /><E119/><V107/><F107/><W7/><REACH who="3" step="1"/><G47/><REACH who="3" ten="250,250,250,240" step="2"/><T126/><D72/><U113/><E45/><V95/><F11/><W121/><G121/><T68/><D126/><U123/><E118/><V54/><F54/><W22/><G22/><T46/><D46/><U130/><E123/><V115/><F115/><W109/><G109/><T41/><D41/><U134/><E130/><V82/><F95/><W89/><AGARI ba="0,1" hai="7,10,15,62,65,70,88,89,91,92,97,98,102,106" machi="89" ten="20,8000,1" yaku="1,1,0,1,7,1,52,1,54,1,53,0" doraHai="59" doraHaiUra="20" who="3" fromWho="3" sc="250,-40,250,-20,250,-20,240,90" /><INIT seed="1,0,0,1,2,44" ten="210,230,230,330" oya="1" hai0="29,19,43,16,104,51,18,85,103,8,57,106,13" hai1="67,65,109,7,23,30,132,15,87,80,100,31,133" hai2="63,50,116,35,49,76,81,61,45,94,88,121,129" hai3="66,1,122,95,40,101,0,28,131,32,20,89,97"/><U112/><E112/><V26/><F116/><W17/><G122/><T25/><D103/><U130/><E100/><V111/><F121/><W93/><G131/><T2/><D2/><U41/><E130/><V92/><F129/><W21/><G40/><T118/><D118/><U79/><E7/><V74/><F111/><W96/><G32/><T46/><D57/><U99/><E99/><V11/><F94/><W60/><G21/><T14/><D85/><U128/><E128/><V10/><F50/><W114/><G114/><T42/><D43/><U71/><E41/><V115/><F115/><W72/><G72/><T110/><D110/><U53/><E53/><V124/><F124/><W78/><G78/><T105/><REACH who="0" step="1"/><D8/><REACH who="0" ten="200,230,230,330" step="2"/><U123/><E109/><V39/><F11/><W58/><G0/><T36/><D36/><U69/><E69/><V22/><F10/><W34/><G1/><T107/><N who="0" m="27136" /><DORA hai="68" /><T47/><D47/><U62/><E123/><V83/><F39/><W5/><G58/><T64/><D64/><U91/><E67/><V125/><F45/><W134/><G66/><T73/><D73/><U55/><E55/><V135/><F74/><W75/><G75/><T27/><D27/><U59/><E59/><V113/><F26/><W82/><G101/><T90/><D90/><U9/><E91/><V86/><F88/><W119/><G89/><T12/><D12/><U84/><E84/><V52/><F86/><W98/><G119/><T3/><D3/><U37/><E37/><V70/><F113/><W56/><G56/><T33/><AGARI ba="0,1" hai="13,14,16,18,19,25,29,33,42,46,51" m="27136" machi="33" ten="60,16000,3" yaku="1,1,0,1,52,1,54,1,53,5" doraHai="44,68" doraHaiUra="38,102" who="0" fromWho="0" sc="200,170,230,-80,230,-40,330,-40" /><INIT seed="2,0,0,0,2,29" ten="370,150,190,290" oya="2" hai0="87,131,19,26,73,38,77,42,99,93,71,129,21" hai1="35,12,96,121,72,117,116,67,44,66,41,106,56" hai2="31,112,54,91,115,69,113,61,84,37,111,108,102" hai3="1,78,50,36,95,49,122,79,110,7,124,52,9"/><V85/><F37/><W39/><G122/><T23/><D71/><U4/><E72/><V97/><F31/><W17/><G110/><N who="2" m="42025" /><F54/><W2/><G124/><T8/><D73/><U20/><E121/><V118/><F61/><W60/><G60/><T5/><D38/><U98/><E56/><V123/><F69/><W65/><G65/><T74/><D74/><U126/><E44/><V57/><F57/><W120/><G120/><T32/><D42/><U94/><E41/><V81/><F123/><W107/><G107/><T75/><D75/><U101/><E126/><V88/><F118/><W0/><G17/><T47/><D47/><U128/><E67/><V6/><F6/><W51/><G36/><T76/><D87/><N who="2" m="33354" /><F81/><W30/><G39/><T34/><D77/><U55/><E66/><V89/><F102/><W63/><G30/><T48/><D48/><U11/><E101/><V133/><F133/><W16/><G63/><T45/><D76/><U135/><E135/><V62/><F62/><W86/><G52/><T58/><D58/><U103/><E55/><V33/><F33/><W59/><G59/><T13/><D45/><U18/><E128/><N who="0" m="49225" /><D23/><U27/><E35/><V82/><F82/><W104/><G51/><T53/><D53/><U10/><E10/><V28/><F28/><W43/><G50/><T3/><D3/><U68/><E68/><V132/><F132/><W109/><G49/><T114/><D114/><U125/><E125/><V46/><F46/><W14/><G109/><T83/><D83/><U40/><E40/><V25/><F25/><W119/><G43/><RYUUKYOKU ba="0,0" sc="370,10,150,10,190,10,290,-30" hai0="5,8,13,19,21,26,32,34,93,99" hai1="4,11,12,18,20,27,94,96,98,103,106,116,117" hai2="88,89,91,97,112,113,115" /><INIT seed="2,1,0,3,3,40" ten="380,160,200,260" oya="2" hai0="47,129,16,107,21,29,59,2,65,37,34,10,14" hai1="128,36,12,69,126,15,48,85,88,20,38,11,64" hai2="135,110,0,22,9,41,56,6,35,30,87,62,73" hai3="50,83,28,27,106,125,105,51,44,82,111,117,101"/><V68/><F73/><W4/><G117/><T3/><D107/><U5/><E128/><V132/><F68/><W81/><G125/><T78/><D78/><U93/><E126/><V52/><F35/><W43/><G111/><T53/><D129/><U42/><E69/><V75/><F75/><W67/><G67/><T1/><D65/><U84/><E64/><V13/><F110/><W31/><G4/><T119/><D119/><U61/><E61/><V55/><F41/><W17/><G101/><T26/><D37/><U112/><E112/><V18/><F30/><W57/><G106/><T114/><D47/><N who="1" m="25719" /><E38/><V24/><F55/><N who="3" m="31999" /><G105/><T96/><D96/><N who="1" m="57383" /><E36/><V33/><F33/><W95/><G95/><T46/><D46/><U71/><E71/><V127/><F127/><W123/><G123/><T124/><D124/><U76/><E76/><V45/><F45/><W108/><G108/><T60/><REACH who="0" step="1"/><D114/><REACH who="0" ten="370,160,200,260" step="2"/><U66/><E66/><V131/><F131/><W77/><G77/><T63/><D63/><U91/><E91/><V39/><F39/><W102/><G102/><T23/><AGARI ba="1,1" hai="1,2,3,10,14,16,21,23,26,29,34,53,59,60" machi="23" ten="40,5200,0" yaku="1,1,0,1,54,1,53,0" doraHai="40" doraHaiUra="109" who="0" fromWho="0" sc="370,65,160,-14,200,-27,260,-14" /><INIT seed="3,0,0,4,2,113" ten="435,146,173,246" oya="3" hai0="55,34,114,112,36,35,70,77,81,78,45,44,40" hai1="101,129,96,127,54,107,133,122,37,79,42,91,75" hai2="89,30,2,22,92,21,23,66,72,32,73,59,52" hai3="87,76,69,10,126,46,15,64,130,118,51,71,6"/><W68/><G118/><T1/><D1/><U119/><E37/><V97/><F2/><W50/><G130/><T99/><D99/><U7/><E7/><V123/><F123/><W88/><G126/><T26/><D26/><U57/><E42/><V39/><F39/><W25/><G76/><T111/><D111/><U117/><E122/><V120/><F120/><W8/><G64/><T65/><D55/><U41/><E41/><V47/><F47/><W60/><G60/><N who="0" m="40231" /><D77/><U106/><E127/><V83/><F83/><W3/><G25/><T63/><D45/><U53/><E107/><V14/><F66/><W116/><G116/><N who="1" m="44618" /><E133/><V98/><F32/><N who="0" m="12330" /><D63/><N who="1" m="36271" /><E91/><V108/><F108/><W124/><G124/><T49/><D49/><U102/><E102/><V94/><F30/><W90/><G90/><T9/><D40/><U43/><E43/><V121/><F121/><W56/><G46/><T125/><D44/><U18/><E54/><V17/><F92/><W67/><G67/><T38/><D81/><N who="1" m="45311" /><E129/><V82/><F82/><W110/><G88/><T19/><D78/><U105/><E105/><V58/><F98/><W104/><G6/><T48/><D38/><U12/><E12/><V85/><F97/><W80/><G15/><N who="0" m="7663" /><D36/><U24/><E24/><V86/><F52/><W20/><G104/><T134/><D125/><U132/><E132/><V109/><F109/><W100/><G110/><T61/><D134/><U74/><E74/><N who="2" m="28779" /><F86/><W95/><G87/><T11/><D48/><U16/><AGARI ba="0,0" hai="16,18,96,101,106" m="45311,36271,44618" machi="16" ten="30,8000,1" yaku="12,1,52,3,54,1" doraHai="113" who="1" fromWho="1" sc="435,-20,146,80,173,-20,246,-40" /><INIT seed="4,0,0,4,3,85" ten="415,226,153,206" oya="0" hai0="67,88,110,63,117,1,29,70,69,7,17,15,71" hai1="79,62,68,24,56,59,95,57,91,42,30,84,109" hai2="27,61,121,6,23,40,66,94,77,34,75,82,12" hai3="20,96,113,50,55,93,10,48,124,114,43,9,74"/><T3/><D117/><U89/><E109/><V111/><F111/><W130/><G74/><T25/><D110/><U14/><E42/><V44/><F121/><W2/><G130/><T26/><D26/><U21/><E14/><V76/><F34/><W133/><G133/><T132/><D132/><U80/><E68/><V119/><F76/><W90/><G124/><T38/><D38/><U11/><E11/><V120/><F120/><W18/><G43/><T41/><D41/><U123/><E123/><V81/><F81/><W32/><G32/><T97/><D7/><U13/><E13/><V126/><F126/><W28/><G28/><T87/><D97/><N who="1" m="57583" /><E79/><V131/><F119/><W78/><G78/><T115/><D3/><U134/><E134/><V54/><F12/><N who="3" m="9287" /><G2/><T65/><D1/><U47/><E47/><V8/><F6/><W99/><G99/><T58/><D25/><U52/><AGARI ba="0,0" hai="21,24,30,52,56,57,59,62,80,84,91" m="57583" machi="52" ten="30,7900,0" yaku="8,1,52,2,54,1" doraHai="85" who="1" fromWho="1" sc="415,-39,226,79,153,-20,206,-20" /><INIT seed="5,0,0,0,0,8" ten="376,305,133,186" oya="1" hai0="102,98,35,111,96,66,19,5,40,39,43,74,107" hai1="78,133,99,23,53,24,76,44,105,81,108,7,109" hai2="47,33,71,132,0,90,79,83,2,34,69,20,25" hai3="84,97,94,29,77,3,104,60,45,114,68,82,1"/><U37/><E133/><V123/><F123/><W26/><G104/><T16/><D111/><N who="1" m="42571" /><E7/><V112/><F90/><W134/><G114/><T80/><D35/><U58/><E81/><V62/><F34/><W135/><G45/><T106/><D66/><U52/><E99/><V120/><F33/><W116/><G116/><T38/><D5/><U51/><E105/><V27/><F27/><W14/><G60/><T119/><D119/><U56/><E56/><V100/><F100/><W30/><G68/><T67/><D67/><U89/><E89/><V125/><F62/><W50/><G50/><T28/><D102/><U115/><E115/><V65/><F65/><W31/><G26/><T88/><D88/><U129/><E129/><V126/><F69/><W22/><G94/><T12/><D80/><U36/><E36/><V103/><F103/><W122/><G97/><T49/><D74/><U46/><E46/><V70/><F71/><W17/><REACH who="3" step="1"/><G122/><REACH who="3" ten="376,305,133,176" step="2"/><T63/><D39/><U92/><E92/><V124/><F70/><W87/><G87/><T15/><D38/><U101/><E37/><V61/><F112/><W73/><G73/><T128/><D106/><U10/><E44/><V6/><F61/><W127/><G127/><T72/><D72/><U18/><E51/><V41/><F120/><W121/><G121/><T42/><D98/><U110/><E110/><V13/><F126/><W32/><G32/><T93/><D96/><U57/><E24/><V131/><F125/><W86/><G86/><T75/><D107/><U118/><E118/><V4/><F124/><W59/><G59/><RYUUKYOKU ba="0,1" sc="376,-10,305,-10,133,-10,176,30" hai3="1,3,14,17,22,29,30,31,77,82,84,134,135" /><INIT seed="6,1,1,5,4,110" ten="366,295,123,206" oya="2" hai0="109,120,6,133,39,74,65,105,98,107,108,121,63" hai1="125,93,32,84,26,100,112,90,38,60,57,91,132" hai2="122,43,23,24,2,0,10,25,118,127,77,75,92" hai3="7,29,56,114,54,111,27,44,12,17,81,104,30"/><V99/><F118/><W130/><G104/><T134/><D39/><U51/><E38/><V87/><F122/><N who="0" m="47210" /><D74/><U115/><E132/><N who="0" m="50793" /><D6/><U61/><E125/><V19/><F127/><W103/><G111/><N who="0" m="42571" /><D98/><U76/><E32/><V59/><F75/><W11/><G103/><T3/><D3/><U42/><E100/><V95/><F2/><W64/><G7/><T13/><D13/><U70/><E26/><V9/><F0/><W83/><G27/><T37/><D37/><U15/><E15/><V128/><F25/><W113/><G12/><T124/><D124/><U22/><E76/><V72/><F72/><W80/><G11/><T45/><D45/><U8/><E8/><V96/><F43/><W73/><G73/><T82/><D82/><U16/><E91/><N who="2" m="55423" /><F128/><W106/><G130/><T79/><D79/><U68/><E42/><V85/><F59/><AGARI ba="1,1" hai="59,63,65,105,107" m="42571,50793,47210" machi="59" ten="40,1300,0" yaku="20,1" doraHai="110" who="0" fromWho="2" sc="366,26,295,0,123,-16,206,0" /><INIT seed="7,0,0,1,0,66" ten="392,295,107,206" oya="3" hai0="71,14,75,108,23,13,134,44,126,2,40,74,123" hai1="46,70,67,99,127,100,7,37,4,41,81,88,1" hai2="95,102,122,42,55,16,51,32,50,33,63,92,60" hai3="79,112,133,65,64,97,82,3,128,57,124,36,110"/><W0/><G36/><T131/><D2/><U132/><E127/><V31/><F42/><W111/><G124/><T76/><D108/><U58/><E132/><V5/><F5/><W120/><G120/><T83/><D71/><U59/><E4/><V101/><F31/><W61/><G133/><T69/><D69/><U91/><E59/><V121/><REACH who="2" step="1"/><F55/><REACH who="2" ten="392,295,97,206" step="2"/><N who="3" m="33983" /><G111/><T114/><D126/><U48/><E41/><V109/><F109/><W98/><G110/><T6/><D134/><U89/><E7/><V26/><F26/><W8/><G0/><T117/><D123/><U17/><E17/><AGARI ba="0,1" hai="16,17,32,33,50,51,60,63,92,95,101,102,121,122" machi="17" ten="25,6400,0" yaku="1,1,22,2,54,1,53,0" doraHai="66" doraHaiUra="35" who="2" fromWho="1" sc="392,0,295,-64,97,74,206,0" owari="392,49.0,231,3.0,171,-33.0,206,-19.0" /></mjloggm>