<mjloggm ver="2.3"><GO type="169" lobby="0"/><UN n0="%73%68%6F%6F%74%33%39" n1="%E3%83%88%E3%83%88%E3%83%AA%E5%85%88%E7%94%9F%31%39%E6%AD%B3" n2="%E3%83%9E%E3%83%88%E3%83%AA%E3%83%83%E3%82%AF%E3%82%B9" n3="%E4%BF%A1%E6%BF%83%E3%81%AE%E8%8D%92%E6%B3%95%E5%B8%AB" dan="18,18,16,16" rate="2196.82,2197.76,2119.25,2057.89" sx="M,F,M,M"/><TAIKYOKU oya="0"/><INIT seed="0,0,0,3,0,63" ten="250,250,250,250" oya="0" hai0="102,74,67,92,127,105,12,20,61,60,131,56,46" hai1="13,42,65,39,69,113,98,117,3,41,48,45,58" hai2="72,85,119,91,18,35,40,109,126,135,34,10,77" hai3="19,122,89,75,49,0,21,120,134,103,17,86,79"/><T6/><D74/><U108/><E117/><V95/><F119/><W68/><G0/><T33/><D33/><U7/><E3/><V8/><F109/><W64/><G103/><T125/><D105/><U78/><E108/><V133/><F126/><W93/><G134/><N who="2" m="51209" /><F40/><W84/><G75/><T9/><D131/><U80/><E69/><V30/><F30/><W124/><G124/><N who="0" m="47691" /><D46/><U97/><E113/><V15/><F10/><W82/><G49/><T55/><D20/><U28/><E28/><V22/><F8/><W110/><G110/><T66/><D60/><N who="1" m="38039" /><E39/><V132/><F132/><W44/><G44/><T32/><D32/><N who="2" m="12330" /><F72/><W129/><G129/><T1/><D1/><U107/><E41/><V83/><F95/><W76/><G21/><T57/><D57/><U62/><E107/><V71/><F71/><W2/><G2/><T70/><D70/><U11/><E62/><V88/><AGARI ba="0,0" hai="15,18,22,77,83,85,88,91" m="12330,51209" machi="88" ten="40,2700,0" yaku="20,1,54,1" doraHai="63" who="2" fromWho="2" sc="250,-13,250,-7,250,27,250,-7" /><INIT seed="1,0,0,4,3,55" ten="237,243,277,243" oya="1" hai0="54,50,61,117,92,105,70,97,112,36,8,4,132" hai1="34,134,7,69,45,83,42,72,65,122,27,103,116" hai2="60,115,20,93,98,58,33,77,17,10,127,39,62" hai3="40,120,100,85,19,53,133,37,12,64,94,99,44"/><U30/><E116/><V31/><F39/><W114/><G133/><T101/><D117/><U51/><E122/><V82/><F127/><W67/><G114/><T91/><D132/><U21/><E134/><V109/><F115/><W123/><G53/><T95/><D36/><U121/><E121/><V18/><F109/><W63/><G85/><T106/><D112/><U26/><E103/><V71/><F71/><W130/><G67/><T84/><D61/><U86/><E72/><V48/><F33/><W9/><REACH who="3" step="1"/><G130/><REACH who="3" ten="237,243,277,233" step="2"/><T22/><D70/><AGARI ba="0,1" hai="9,12,19,37,40,44,63,64,70,94,99,100,120,123" machi="70" ten="30,3900,0" yaku="1,1,2,1,7,1,53,0" doraHai="55" doraHaiUra="49" who="3" fromWho="0" sc="237,-39,243,0,277,0,233,49" /><INIT seed="2,0,0,4,1,66" ten="198,243,277,282" oya="2" hai0="35,112,96,49,29,98,23,86,26,34,97,45,11" hai1="118,74,87,116,63,31,69,28,110,8,52,3,129" hai2="71,57,19,105,5,38,47,127,41,60,119,7,113" hai3="114,46,64,103,43,134,61,135,132,107,15,51,108"/><V30/><F119/><W17/><G108/><T59/><D112/><U106/><E74/><V128/><F113/><W56/><G114/><T85/><D59/><U102/><E110/><V22/><F105/><W73/><G73/><T126/><D126/><U75/><E75/><V24/><F127/><W101/><REACH who="3" step="1"/><G107/><REACH who="3" ten="198,243,277,272" step="2"/><T91/><D35/><U124/><E106/><V16/><F128/><W40/><G40/><T81/><D34/><U111/><E129/><V65/><F19/><W84/><G84/><T44/><D86/><U76/><E87/><V78/><F78/><W80/><G80/><T109/><D109/><U27/><E76/><V82/><F82/><W39/><G39/><T50/><REACH who="0" step="1"/><D11/><AGARI ba="0,1" hai="11,15,17,43,46,51,56,61,64,101,103,132,134,135" machi="11" ten="40,2600,0" yaku="1,1,20,1,53,0" doraHai="66" doraHaiUra="121" who="3" fromWho="0" sc="198,-26,243,0,277,0,272,36" /><INIT seed="3,0,0,3,0,98" ten="172,243,277,308" oya="3" hai0="60,42,22,70,110,96,43,20,120,57,11,1,124" hai1="66,112,91,10,64,132,26,72,59,37,122,73,118" hai2="9,131,79,44,15,77,69,45,121,19,63,76,24" hai3="3,87,18,67,83,29,16,7,0,30,74,36,35"/><W65/><G36/><T127/><D120/><U134/><E122/><V114/><F121/><W75/><G87/><T125/><D70/><U101/><E112/><V27/><F114/><W103/><G83/><T55/><D110/><U97/><E37/><V25/><F131/><W62/><G7/><T58/><D1/><U99/><E118/><V126/><F126/><W129/><G35/><T17/><D11/><U85/><E26/><V128/><F128/><W12/><G12/><T28/><D28/><U39/><E10/><V86/><F69/><W94/><G94/><T38/><D38/><U117/><E39/><V14/><F63/><W8/><G62/><T81/><D81/><N who="1" m="49583" /><E99/><V23/><REACH who="2" step="1"/><F86/><REACH who="2" ten="172,243,267,308" step="2"/><W68/><G68/><T116/><D116/><U93/><E117/><V41/><F41/><W46/><G129/><T130/><D130/><U6/><E73/><V113/><F113/><W111/><G74/><T34/><D43/><U21/><E72/><V40/><F40/><W108/><G75/><T119/><D42/><U90/><E132/><V133/><F133/><W13/><G111/><T51/><D119/><U52/><E134/><V102/><F102/><W107/><G103/><T71/><D71/><U47/><E101/><V48/><F48/><W33/><G108/><T109/><D109/><U88/><E64/><V50/><F50/><W32/><G65/><T95/><D127/><U78/><E66/><V92/><F92/><W4/><G67/><T123/><D125/><U54/><E93/><V106/><F106/><W5/><G107/><T89/><D124/><U100/><E100/><RYUUKYOKU ba="0,1" sc="172,-10,243,-10,267,30,308,-10" hai2="9,14,15,19,23,24,25,27,44,45,76,77,79" /><INIT seed="4,1,1,5,3,86" ten="162,233,297,298" oya="0" hai0="96,102,7,114,115,134,91,13,44,46,94,48,119" hai1="123,52,51,95,72,88,100,108,31,65,73,38,135" hai2="101,22,6,56,113,1,0,25,89,12,77,37,15" hai3="36,85,35,74,30,55,104,59,64,129,103,122,106"/><T43/><D119/><U26/><E108/><V112/><F37/><W70/><G74/><T127/><D134/><U34/><E123/><V97/><F77/><W24/><G36/><T2/><D2/><N who="2" m="1130" /><F56/><W16/><G70/><T126/><D46/><U9/><E135/><V99/><F101/><W3/><G64/><T125/><REACH who="0" step="1"/><D102/><REACH who="0" ten="152,233,297,298" step="2"/><U120/><E100/><V79/><F113/><W19/><G3/><T62/><D62/><U60/><E120/><V84/><F112/><W71/><G122/><T90/><D90/><U132/><E132/><V58/><F89/><W8/><G103/><T116/><D116/><U128/><E128/><V69/><F79/><W49/><G129/><T21/><D21/><U83/><E38/><V53/><F22/><W93/><G35/><T39/><D39/><U28/><E34/><V98/><F69/><W32/><G71/><T41/><D41/><U76/><E60/><V82/><F58/><W80/><G59/><T81/><D81/><U27/><E83/><V133/><F82/><W124/><G80/><T40/><D40/><U57/><E76/><V17/><F133/><W23/><G32/><T107/><D107/><U14/><E88/><V11/><F11/><AGARI ba="1,2" hai="7,11,13,43,44,48,91,94,96,114,115,125,126,127" machi="11" ten="50,9600,0" yaku="1,1,18,1,52,1,53,0" doraHai="86" doraHaiUra="61" who="0" fromWho="2" sc="152,119,233,0,297,-99,298,0" /><INIT seed="4,2,0,5,4,68" ten="271,233,198,298" oya="0" hai0="76,101,67,44,108,27,90,22,47,125,114,128,124" hai1="13,29,38,20,18,109,84,126,88,106,74,73,135" hai2="5,96,58,8,15,69,60,14,51,34,45,85,129" hai3="91,127,2,120,10,121,6,100,118,24,107,50,130"/><T64/><D76/><U110/><E106/><V59/><F34/><W86/><G118/><T78/><D78/><U1/><E1/><V89/><F129/><W66/><G130/><T70/><D128/><U52/><E38/><V19/><F69/><W53/><G66/><T103/><D90/><U3/><E3/><V23/><F60/><W55/><G127/><N who="0" m="48715" /><D114/><U46/><E126/><V4/><F96/><N who="3" m="61831" /><G50/><T37/><D108/><U131/><E135/><V36/><F36/><W112/><G24/><T75/><D75/><U115/><E115/><V39/><F39/><W56/><G56/><T7/><D7/><U12/><E131/><V16/><F4/><W65/><G65/><N who="0" m="25163" /><D70/><U111/><E29/><V119/><F5/><W33/><G112/><T92/><D92/><U123/><E12/><V104/><F104/><W72/><G72/><T93/><D93/><U97/><E97/><V17/><F17/><W26/><G26/><T54/><D37/><U31/><E31/><V132/><F132/><W83/><G33/><T40/><D27/><U95/><E123/><AGARI ba="2,0" hai="2,6,10,53,55,83,86,91,120,121,123" m="61831" machi="123" ten="30,1000,0" yaku="13,1" doraHai="68" who="3" fromWho="1" sc="271,0,233,-16,198,0,298,16" /><INIT seed="5,0,0,0,4,27" ten="271,217,198,314" oya="1" hai0="55,24,32,91,93,40,18,38,44,125,29,120,107" hai1="15,76,99,2,88,67,17,132,131,28,133,23,110" hai2="45,12,56,31,130,116,86,82,101,35,50,122,65" hai3="0,111,108,87,6,25,30,100,85,115,135,9,105"/><U33/><E2/><V36/><F122/><W13/><G87/><T58/><D120/><U75/><E131/><V123/><F123/><W57/><G57/><T95/><D125/><U71/><E110/><V3/><F3/><W68/><G85/><T20/><D107/><U1/><E1/><V62/><F116/><W83/><G83/><T81/><D81/><N who="1" m="45215" /><E67/><V98/><F130/><W14/><G14/><T4/><D4/><U84/><E71/><V74/><F74/><W37/><G68/><T128/><D128/><U52/><E99/><V54/><F36/><W8/><G37/><T78/><D78/><U127/><E127/><V63/><F12/><W134/><G100/><T109/><D109/><N who="3" m="42057" /><G105/><T47/><D47/><U104/><E104/><V119/><F119/><W39/><G39/><T26/><REACH who="0" step="1"/><D91/><REACH who="0" ten="261,217,198,314" step="2"/><U7/><E7/><V16/><F45/><W61/><G6/><T34/><D34/><U102/><E102/><V92/><F35/><W117/><G117/><T19/><D19/><U129/><E129/><V126/><F16/><W46/><G46/><T112/><D112/><U70/><E33/><V89/><F126/><W121/><G115/><T51/><AGARI ba="0,1" hai="18,20,24,26,29,32,38,40,44,51,55,58,93,95" machi="51" ten="20,5200,0" yaku="1,1,0,1,7,1,52,1,53,0" doraHai="27" doraHaiUra="11" who="0" fromWho="0" sc="261,62,217,-26,198,-13,314,-13" /><INIT seed="6,0,0,2,2,24" ten="323,191,185,301" oya="2" hai0="71,29,133,2,55,50,57,18,124,127,73,91,108" hai1="85,112,95,129,41,13,54,114,93,89,115,113,7" hai2="107,10,75,42,19,105,17,74,67,103,81,0,132" hai3="1,39,77,111,5,97,43,23,40,125,26,27,87"/><V120/><F120/><W25/><G111/><T51/><D108/><U16/><N who="1" m="28672" /><DORA hai="22" /><U131/><E41/><N who="3" m="15946" /><G1/><T126/><D2/><U94/><E54/><V116/><F116/><W65/><G39/><T63/><D73/><U9/><REACH who="1" step="1"/><E7/><REACH who="1" ten="323,181,185,301" step="2"/><V28/><F42/><W34/><G5/><T12/><D55/><U20/><E20/><V79/><F67/><W121/><G23/><T72/><D124/><U56/><E56/><V45/><F45/><W44/><G125/><T92/><D57/><U60/><E60/><V86/><F132/><W38/><G65/><T15/><D63/><U66/><E66/><V98/><F10/><W21/><G21/><T47/><D47/><U80/><AGARI ba="0,1" hai="9,13,16,80,85,89,93,94,95,129,131" m="28672" machi="80" ten="60,8000,1" yaku="1,1,0,1,15,1,54,1,53,0" doraHai="24,22" doraHaiUra="37,102" who="1" fromWho="1" sc="323,-20,181,90,185,-40,301,-20" /><INIT seed="7,0,0,3,5,18" ten="303,271,145,281" oya="3" hai0="76,63,50,34,85,105,57,20,32,48,126,40,44" hai1="123,39,42,134,21,4,86,24,45,128,114,118,58" hai2="125,119,36,94,37,67,5,110,52,3,41,47,115" hai3="88,91,106,33,68,77,112,13,61,66,9,108,79"/><W60/><G33/><T83/><D105/><U1/><E123/><V8/><F119/><W11/><G106/><T23/><D126/><U26/><E118/><V135/><F110/><W0/><G108/><T65/><D34/><U17/><E114/><V46/><F115/><W102/><G112/><T31/><D32/><U15/><E128/><V35/><F35/><W81/><G102/><T72/><D31/><U109/><E109/><V6/><F125/><W120/><G120/><T113/><D113/><U84/><E134/><V90/><F135/><W14/><G0/><T29/><D29/><U69/><E69/><V71/><F5/><W99/><G99/><T43/><D72/><U64/><E1/><V104/><F104/><W116/><G116/><T74/><D74/><U70/><E70/><V7/><F7/><W10/><G81/><T87/><D87/><U96/><E96/><V133/><F133/><W22/><G22/><N who="0" m="8235" /><D50/><N who="1" m="26935" /><E4/><V53/><F71/><W16/><G68/><T92/><D92/><U100/><E39/><V62/><F67/><W38/><G66/><T19/><D19/><U117/><E117/><V130/><F130/><W2/><G2/><T127/><D127/><U59/><E100/><V30/><F30/><W95/><G38/><T73/><D73/><U129/><E129/><V132/><F132/><W131/><G131/><T12/><D40/><U122/><E122/><V28/><F28/><W27/><G16/><T75/><D75/><U25/><E64/><V98/><F62/><N who="3" m="24171" /><G27/><T56/><D12/><N who="3" m="4713" /><G95/><T51/><D51/><U55/><E55/><V78/><F78/><AGARI ba="0,0" hai="9,10,11,77,78,79,88,91" m="4713,24171" machi="78" ten="30,12000,1" yaku="6,1,28,2,8,1,54,1" doraHai="18" who="3" fromWho="2" sc="303,0,271,0,145,-120,281,120" owari="303,10.0,271,-13.0,25,-47.0,401,50.0" /></mjloggm>