<mjloggm ver="2.3"><GO type="169" lobby="0"/><UN n0="%E3%83%AA%E3%83%A7%E3%82%AA" n1="%E3%82%84%E3%81%BE%E3%81%AA%E3%81%84%E9%9B%A8" n2="%E3%82%A6%E3%83%AB%E3%83%88%E3%83%A9%E7%AB%8B%E7%9B%B4" n3="%E9%81%BF%E3%81%91%E3%82%8B%E3%83%81%E3%83%BC%E3%82%BA" dan="16,16,17,17" rate="2166.12,2069.01,2204.70,2150.59" sx="M,F,M,F"/><TAIKYOKU oya="0"/><INIT seed="0,0,0,2,0,17" ten="250,250,250,250" oya="0" hai0="19,11,82,58,54,117,27,9,129,61,99,125,30" hai1="18,97,31,112,79,110,22,94,75,6,33,15,1" hai2="73,114,72,34,132,0,78,2,24,109,118,26,51" hai3="45,14,116,101,70,88,16,76,105,81,28,53,21"/><T38/><D117/><U20/><E75/><V102/><F51/><W50/><G70/><T4/><D38/><U64/><E110/><V85/><F85/><W131/><G116/><T93/><D125/><U12/><E33/><V87/><F87/><W134/><G134/><T120/><D120/><U67/><E79/><V119/><F102/><W60/><G60/><T95/><D129/><U8/><E1/><V57/><F57/><W96/><G131/><T121/><D121/><U49/><E49/><V37/><F78/><W43/><G28/><T113/><D113/><U40/><E40/><V46/><F46/><W103/><G103/><T25/><D82/><U41/><E41/><V39/><F34/><W35/><G35/><T127/><D127/><U126/><E112/><V44/><F44/><W123/><G123/><T108/><D108/><U55/><E55/><V130/><F130/><W32/><G32/><T66/><D54/><U36/><E36/><V13/><F13/><W107/><G43/><T92/><D99/><U3/><E3/><V65/><F114/><W77/><G107/><T59/><D59/><U7/><E7/><V56/><F56/><W5/><G5/><T84/><D84/><U52/><E52/><V48/><F109/><W91/><G77/><T69/><D69/><U128/><E128/><V106/><F48/><W104/><G104/><T10/><D4/><U98/><E126/><V115/><F115/><W42/><G42/><T83/><D83/><U74/><E74/><AGARI ba="0,0" hai="14,16,21,45,50,53,74,76,81,88,91,96,101,105" machi="74" ten="30,7700,0" yaku="7,1,52,1,54,2" doraHai="17" who="3" fromWho="1" sc="250,0,250,-77,250,0,250,77" /><INIT seed="1,0,0,4,5,31" ten="250,173,250,327" oya="1" hai0="42,72,0,29,132,21,38,128,63,110,58,40,93" hai1="64,89,109,18,114,81,85,48,24,78,55,80,30" hai2="17,99,84,82,32,123,37,9,124,122,104,105,4" hai3="112,102,3,111,107,43,118,10,135,130,97,98,101"/><U13/><E114/><V92/><F37/><W49/><G112/><T108/><D72/><U12/><E64/><V36/><F36/><W65/><G111/><N who="0" m="42539" /><D0/><U16/><E109/><V126/><F17/><W53/><G130/><T131/><D132/><U116/><E116/><V39/><F39/><W83/><G43/><T57/><D93/><U7/><E7/><V26/><F26/><W59/><G135/><T60/><D21/><U28/><E81/><V8/><F8/><W73/><G65/><N who="0" m="39055" /><D29/><U77/><E13/><V86/><F9/><W90/><G10/><T35/><D35/><U71/><E71/><V68/><F32/><W69/><G118/><T117/><D117/><U129/><E129/><N who="0" m="49737" /><D38/><U70/><E70/><V79/><F68/><W20/><G69/><T91/><D91/><U27/><E30/><V115/><F115/><W22/><G3/><T88/><D88/><U44/><E18/><V133/><F4/><W23/><G90/><T75/><D75/><U61/><E61/><V62/><F62/><W50/><G73/><T52/><AGARI ba="0,0" hai="40,42,52,58,63" m="49737,39055,42539" machi="52" ten="30,8000,1" yaku="14,1,19,1,34,2,54,1" doraHai="31" who="0" fromWho="0" sc="250,80,173,-40,250,-20,327,-20" /><INIT seed="2,0,0,0,5,121" ten="330,133,230,307" oya="2" hai0="39,87,113,57,70,52,105,132,104,43,45,66,86" hai1="95,76,5,96,49,94,20,114,75,117,71,93,125" hai2="61,4,18,58,72,100,91,6,54,40,85,115,77" hai3="23,81,30,129,63,38,108,106,10,62,120,42,12"/><V83/><F115/><W19/><G106/><T119/><D113/><U118/><E71/><V97/><F40/><W68/><G120/><T50/><D132/><U26/><E114/><V116/><F116/><W11/><G129/><T102/><D119/><U128/><E128/><V2/><F18/><W59/><G68/><T55/><D55/><U130/><E130/><V34/><F34/><W47/><G30/><T17/><D17/><U109/><E5/><V46/><F46/><W25/><G81/><T78/><D102/><U48/><E125/><V14/><F14/><W69/><G69/><T44/><D44/><U79/><E96/><V56/><F56/><W127/><G127/><T36/><D36/><U99/><E99/><V22/><F22/><W21/><G63/><N who="0" m="40287" /><D78/><U41/><E41/><V9/><F6/><W64/><G11/><T13/><D13/><U60/><E60/><V28/><F28/><W65/><G65/><T73/><D73/><U74/><E95/><V67/><F67/><W33/><G33/><T107/><AGARI ba="0,0" hai="39,43,45,50,52,57,86,87,104,105,107" m="40287" machi="107" ten="30,2000,0" yaku="24,1,54,1" doraHai="121" who="0" fromWho="0" sc="330,20,133,-5,230,-10,307,-5" /><INIT seed="3,0,0,4,1,46" ten="350,128,220,302" oya="3" hai0="17,40,112,132,90,70,79,68,24,111,0,10,60" hai1="7,33,54,127,121,75,5,11,31,89,37,23,62" hai2="92,12,14,65,72,28,22,47,29,120,16,39,74" hai3="95,87,116,128,43,84,101,58,99,77,36,52,115"/><W49/><G116/><T44/><D111/><U19/><E75/><V71/><F120/><W2/><G2/><T1/><D1/><U105/><E121/><V35/><F71/><W134/><G115/><T110/><D110/><U119/><E37/><V64/><F39/><W73/><G134/><T129/><D79/><U30/><E105/><V8/><F35/><W133/><G133/><T38/><D90/><U45/><E119/><V97/><F72/><W80/><REACH who="3" step="1"/><G128/><REACH who="3" ten="350,128,220,292" step="2"/><T55/><D129/><U9/><E127/><V125/><F125/><W130/><G130/><T104/><D0/><U48/><E33/><V56/><F74/><W18/><G18/><T76/><D17/><U123/><E123/><V106/><F16/><W94/><G94/><T69/><D104/><U98/><E31/><V21/><F92/><W66/><G66/><T63/><D132/><U102/><E30/><V67/><F29/><W126/><G126/><T34/><D34/><U4/><E62/><V3/><F28/><W81/><G81/><T114/><D63/><U25/><REACH who="1" step="1"/><E102/><REACH who="1" ten="350,118,220,292" step="2"/><V93/><F106/><W100/><G100/><T26/><D60/><U13/><E13/><V57/><F14/><W107/><G107/><T61/><D61/><U109/><E109/><V42/><F12/><W91/><G91/><T118/><D114/><U135/><E135/><V83/><F3/><W124/><G124/><T82/><D112/><U53/><E53/><V122/><F122/><W32/><G32/><T15/><D55/><U86/><E86/><V41/><F67/><W131/><G131/><T59/><D118/><RYUUKYOKU ba="0,2" sc="350,-15,118,15,220,-15,292,15" hai1="4,5,7,9,11,19,23,25,45,48,54,89,98" hai3="36,43,49,52,58,73,77,80,84,87,95,99,101" /><INIT seed="3,1,2,3,1,101" ten="335,133,205,307" oya="3" hai0="53,8,96,129,134,60,24,28,87,13,124,66,119" hai1="38,10,12,36,33,108,1,29,55,103,52,79,17" hai2="56,6,50,116,30,120,32,133,40,112,76,121,98" hai3="94,18,58,48,109,35,37,92,61,54,73,34,114"/><W49/><G37/><T100/><D119/><U63/><E108/><V0/><F116/><W95/><G109/><T132/><D53/><U47/><E103/><V16/><F112/><W83/><G114/><T46/><D46/><U113/><E113/><V21/><F76/><W74/><G18/><T19/><D87/><U71/><E79/><V80/><F80/><W23/><G23/><T65/><D124/><U107/><E107/><V75/><F75/><W43/><G83/><T104/><D129/><U78/><E78/><V130/><F130/><W93/><N who="3" m="23552" /><DORA hai="64" /><W86/><G86/><T82/><D82/><U9/><E9/><N who="2" m="2247" /><F98/><W77/><G77/><T84/><D84/><U81/><E81/><V126/><F126/><W110/><G110/><T25/><D66/><U99/><E99/><V26/><F133/><N who="0" m="51306" /><D28/><U5/><E29/><V115/><F115/><W102/><G102/><T117/><D117/><U125/><E125/><V31/><F31/><W97/><G97/><T85/><D85/><U135/><E135/><V11/><F11/><W69/><G69/><AGARI ba="1,2" hai="8,13,19,24,25,60,65,69,96,100,104" m="51306" machi="69" ten="30,3900,0" yaku="20,1,52,2" doraHai="101,64" who="0" fromWho="3" sc="335,62,133,0,205,0,307,-42" /><INIT seed="4,0,0,1,3,58" ten="397,133,205,265" oya="0" hai0="18,117,135,123,129,122,95,40,31,5,93,116,45" hai1="37,94,42,71,28,44,24,0,1,106,16,56,85" hai2="11,7,62,61,13,48,50,27,54,43,6,126,49" hai3="9,127,32,101,23,34,77,26,104,12,107,36,38"/><T73/><D73/><U113/><E106/><V17/><F126/><W14/><G77/><T51/><D31/><U134/><E134/><V108/><F108/><W30/><G127/><T52/><D5/><N who="2" m="1546" /><F43/><W60/><G30/><T33/><D33/><U21/><E71/><V133/><F133/><W111/><G111/><T66/><D18/><U4/><E113/><V110/><F110/><W20/><G101/><T103/><D95/><U22/><E4/><N who="2" m="3303" /><F54/><W57/><G57/><T70/><D93/><U115/><E115/><V125/><F125/><W120/><G9/><T86/><D103/><U92/><E92/><V118/><F118/><N who="0" m="45674" /><D86/><U59/><E59/><V25/><F25/><W99/><G26/><T90/><D90/><U29/><E29/><V81/><F81/><W65/><G99/><T3/><D3/><U72/><E72/><V10/><F10/><W8/><G8/><T128/><D135/><U132/><E132/><V15/><F15/><W130/><G34/><T131/><D40/><U121/><E1/><V69/><F69/><W39/><G32/><T83/><D83/><U84/><E0/><V41/><F41/><W47/><G14/><T82/><D82/><U64/><E94/><V74/><F74/><W88/><G12/><T91/><D91/><U35/><E35/><V114/><F114/><W109/><G88/><T102/><D102/><U105/><E105/><V98/><F98/><W19/><G104/><T78/><D78/><U100/><E100/><V75/><F75/><W80/><G107/><T79/><D79/><U89/><E89/><V96/><F96/><RYUUKYOKU ba="0,0" sc="397,15,133,-15,205,15,265,-15" hai0="45,51,52,66,70,122,123,128,129,131" hai2="17,27,48,49,50,61,62" /><INIT seed="4,1,0,2,1,84" ten="412,118,220,250" oya="0" hai0="95,50,51,0,19,71,122,57,44,16,10,30,24" hai1="18,75,68,69,134,11,99,113,60,80,135,29,21" hai2="118,31,77,132,130,26,104,121,37,112,13,46,5" hai3="65,103,34,66,55,23,91,82,110,27,123,59,2"/><T62/><D122/><U39/><E39/><V76/><F121/><W116/><G34/><T67/><D71/><U109/><E109/><V12/><F104/><W94/><G2/><T114/><D114/><U78/><E29/><V101/><F101/><W105/><G110/><T49/><D44/><U87/><E99/><V1/><F112/><W53/><G116/><T56/><D56/><U64/><E11/><V48/><F37/><W86/><G123/><T63/><D63/><U58/><E113/><V98/><F130/><W4/><G4/><T15/><D0/><U129/><E129/><V42/><F132/><N who="1" m="50729" /><E75/><V89/><F1/><W111/><G105/><T125/><D95/><U74/><E74/><V92/><F118/><W33/><G33/><T90/><D90/><U52/><E64/><V32/><REACH who="2" step="1"/><F5/><REACH who="2" ten="412,118,210,250" step="2"/><W61/><G111/><T73/><D73/><U108/><E108/><V102/><F102/><W3/><G3/><T106/><D106/><U119/><E119/><V20/><F20/><W117/><G117/><T47/><D47/><U83/><E83/><V131/><F131/><W45/><G45/><T7/><REACH who="0" step="1"/><D125/><REACH who="0" ten="402,118,210,250" step="2"/><U17/><E68/><V127/><F127/><W79/><G103/><T81/><D81/><U40/><E69/><V70/><F70/><W43/><G82/><T115/><D115/><U6/><E40/><V100/><F100/><W41/><G41/><T93/><D93/><U124/><E124/><V128/><F128/><W28/><G43/><T14/><D14/><AGARI ba="1,2" hai="12,13,14,26,31,32,42,46,48,76,77,89,92,98" machi="14" ten="40,2600,0" yaku="1,1,52,1,53,0" doraHai="84" doraHaiUra="133" who="2" fromWho="0" sc="402,-29,118,0,210,49,250,0" /><INIT seed="5,0,0,5,3,125" ten="373,118,259,250" oya="1" hai0="128,77,65,23,61,56,92,51,98,90,4,9,66" hai1="117,59,111,106,16,32,86,46,94,0,13,24,85" hai2="31,11,118,131,36,58,50,37,54,116,103,71,121" hai3="105,134,80,68,27,126,5,82,20,72,2,104,43"/><U88/><E117/><V1/><F31/><W127/><G68/><T129/><D77/><U115/><E106/><V28/><F28/><W114/><G114/><T78/><D78/><U60/><E115/><V62/><F103/><W12/><G2/><T29/><D51/><U132/><E0/><V40/><F121/><W57/><G43/><T17/><D29/><U67/><E132/><V123/><F123/><W6/><G57/><T79/><D79/><U130/><E111/><V96/><F96/><W3/><G3/><T63/><D9/><U97/><E46/><N who="2" m="23823" /><F36/><W34/><G34/><T101/><D4/><U30/><REACH who="1" step="1"/><E130/><REACH who="1" ten="373,108,259,250" step="2"/><N who="0" m="50281" /><D101/><U52/><E52/><V75/><F131/><W107/><G134/><T64/><D63/><U76/><E76/><V53/><F1/><W41/><G127/><T109/><D109/><U35/><E35/><V44/><F116/><W84/><G126/><T47/><D47/><U33/><E33/><V42/><F118/><W113/><G113/><T7/><D7/><U95/><E95/><V15/><F44/><W93/><G5/><T74/><D74/><U102/><E102/><V10/><F75/><W81/><G72/><T14/><AGARI ba="0,1" hai="14,17,23,56,61,64,65,66,90,92,98" m="50281" machi="14" ten="30,7900,0" yaku="19,1,52,3" doraHai="125" who="0" fromWho="0" sc="373,89,108,-39,259,-20,250,-20" /><INIT seed="6,0,0,3,5,119" ten="462,69,239,230" oya="2" hai0="86,54,120,107,74,97,8,113,101,70,69,135,23" hai1="14,28,81,60,41,103,102,59,125,52,130,85,38" hai2="24,83,129,93,48,79,104,62,78,127,3,43,51" hai3="91,114,108,95,128,36,111,89,61,17,134,46,66"/><V50/><F104/><W21/><G128/><T64/><D74/><U53/><E130/><V98/><F3/><W22/><G134/><T11/><D54/><U80/><E125/><V39/><F129/><W5/><G5/><T44/><D86/><U122/><E28/><V90/><F127/><W126/><G126/><T100/><D23/><U55/><E14/><V34/><F39/><W31/><G31/><T92/><D92/><U131/><E131/><V33/><F43/><W30/><G30/><T133/><D44/><N who="1" m="23607" /><E81/><V117/><F117/><W25/><G114/><T65/><D97/><U77/><E102/><V115/><F115/><W9/><G9/><T124/><D113/><U29/><E29/><V32/><F24/><W19/><G46/><T13/><D124/><U12/><E12/><V56/><REACH who="2" step="1"/><F83/><REACH who="2" ten="462,69,229,230" step="2"/><W27/><G36/><T109/><D107/><U15/><E15/><V68/><F68/><W105/><G105/><T2/><D13/><U45/><E80/><V88/><F88/><W71/><G91/><T6/><D2/><U96/><E77/><V123/><F123/><W47/><G47/><T75/><D120/><U116/><E116/><V10/><F10/><W72/><G72/><T132/><D70/><U121/><E45/><V106/><F106/><W16/><G17/><T118/><D75/><U94/><E85/><AGARI ba="0,1" hai="16,19,21,22,25,27,61,66,71,85,89,95,108,111" machi="85" ten="30,3900,0" yaku="7,1,9,1,54,1" doraHai="119" who="3" fromWho="1" sc="462,0,69,-39,229,0,230,49" /><INIT seed="7,0,0,2,4,108" ten="462,30,229,279" oya="3" hai0="115,41,64,14,58,99,112,8,57,76,72,52,26" hai1="61,66,125,13,62,51,128,22,19,17,29,133,69" hai2="79,126,63,30,135,46,7,6,34,15,20,9,107" hai3="131,55,124,47,1,84,117,43,35,110,75,77,18"/><W132/><G117/><T38/><D26/><U37/><E51/><V5/><F107/><W67/><G110/><T90/><D72/><U97/><E97/><V68/><F79/><W114/><G35/><T100/><D76/><U12/><E62/><V32/><F68/><W39/><G114/><N who="0" m="43563" /><D90/><U89/><E89/><V45/><F63/><W54/><G132/><T85/><D85/><U122/><E61/><V23/><F135/><W130/><G124/><T33/><D33/><U129/><E66/><V121/><F126/><W98/><G75/><T83/><D83/><U82/><E82/><V48/><F121/><W11/><G98/><T96/><D64/><U102/><E102/><V105/><F34/><W65/><G67/><T123/><D52/><U95/><E95/><V60/><F32/><W3/><G65/><T16/><D123/><U88/><E88/><V81/><F81/><N who="3" m="47151" /><G55/><T87/><D87/><U119/><E125/><V116/><F116/><W25/><G54/><T127/><D127/><U42/><E119/><V92/><F105/><W78/><G78/><T134/><D134/><U10/><E122/><V86/><F86/><W2/><G25/><T36/><D99/><U118/><E118/><V50/><F92/><W101/><G101/><T109/><D109/><U73/><E73/><V74/><F74/><W24/><G24/><T49/><D49/><U120/><E120/><V4/><F60/><W53/><G53/><T40/><D40/><U56/><E133/><V28/><F48/><W113/><G43/><T93/><D41/><U103/><E42/><N who="2" m="24887" /><F46/><W94/><G113/><RYUUKYOKU ba="0,0" sc="462,15,30,-15,229,15,279,-15" hai0="8,14,16,36,38,57,58,93,96,100" hai2="4,5,6,7,9,15,20,23,28,30" owari="477,58.0,15,-48.0,244,-16.0,264,6.0" /></mjloggm>