<mjloggm ver="2.3"><GO type="169" lobby="0"/><UN n0="%68%61%72%75%72%75%39%31" n1="%74%61%74%73%75%37%30%32" n2="%E7%AD%91%E6%81%B5" n3="%E3%82%A6%E3%83%AB%E3%83%88%E3%83%A9%E7%AB%8B%E7%9B%B4" dan="16,16,17,18" rate="2064.39,2144.96,2133.75,2207.00" sx="M,M,M,M"/><TAIKYOKU oya="0"/><INIT seed="0,0,0,4,4,105" ten="250,250,250,250" oya="0" hai0="16,27,12,108,83,25,80,41,65,2,82,76,110" hai1="15,67,71,37,93,129,102,58,33,32,95,42,133" hai2="89,1,66,74,69,122,81,112,128,54,45,73,99" hai3="117,135,5,6,13,7,70,34,11,24,119,61,107"/><T17/><D2/><U31/><E129/><V55/><F1/><W30/><G107/><T88/><D65/><U124/><E133/><V49/><F122/><W8/><G70/><T123/><D123/><U134/><E124/><V97/><F112/><W10/><G61/><T60/><D60/><U126/><E126/><V85/><F128/><W40/><G40/><T72/><D41/><U18/><E134/><V44/><F66/><W111/><G135/><T98/><D98/><U21/><E71/><V120/><F69/><W125/><G125/><T78/><D88/><U22/><E22/><V3/><F3/><W20/><G111/><N who="0" m="42539" /><D78/><U64/><E42/><V9/><F120/><W63/><G63/><T91/><D91/><U46/><E37/><V47/><F9/><W39/><G39/><T52/><D52/><U79/><E46/><V103/><F99/><W28/><G28/><T35/><D35/><U59/><E79/><V113/><F113/><W26/><G26/><N who="0" m="9739" /><D17/><AGARI ba="0,0" hai="5,6,7,8,10,11,13,17,20,24,30,34,117,119" machi="17" ten="40,5200,0" yaku="34,3" doraHai="105" who="3" fromWho="0" sc="250,-52,250,0,250,0,250,52" /><INIT seed="1,0,0,5,0,36" ten="198,250,250,302" oya="1" hai0="1,77,15,83,28,79,72,82,91,76,97,24,27" hai1="60,108,103,93,122,14,5,95,33,109,86,99,127" hai2="80,111,130,47,70,55,118,78,41,6,29,39,62" hai3="125,73,117,114,123,26,45,104,84,32,20,18,94"/><U128/><E33/><V4/><F118/><W119/><G104/><T132/><D1/><U13/><E122/><V96/><F111/><N who="1" m="42569" /><E127/><V7/><F130/><W22/><G73/><T10/><D132/><U134/><E134/><V107/><F29/><W61/><G32/><T35/><D27/><U2/><E128/><V11/><F107/><W16/><G114/><T87/><REACH who="0" step="1"/><D97/><REACH who="0" ten="188,250,250,302" step="2"/><U9/><E60/><V42/><F96/><W43/><G61/><T74/><D74/><U59/><E59/><V25/><F25/><W105/><G125/><T101/><D101/><U0/><E0/><V40/><F62/><W37/><G123/><T112/><D112/><U121/><E121/><V34/><F70/><W66/><G119/><T21/><D21/><U23/><E23/><V3/><F34/><W48/><G117/><T57/><D57/><U106/><E106/><V65/><F3/><W53/><G105/><T52/><D52/><U81/><E81/><V98/><F55/><W90/><G22/><T85/><D85/><U129/><E129/><V58/><F58/><W120/><G120/><T31/><D31/><U113/><E113/><V69/><F98/><W133/><G133/><T88/><D88/><AGARI ba="0,1" hai="2,5,9,13,14,86,88,93,95,99,103" m="42569" machi="88" ten="30,5800,0" yaku="14,1,10,1,54,1" doraHai="36" who="1" fromWho="0" sc="188,-58,250,68,250,0,302,0" /><INIT seed="1,1,0,3,1,23" ten="130,318,250,302" oya="1" hai0="122,49,53,83,98,64,29,66,1,40,55,17,14" hai1="76,93,90,87,4,113,37,16,7,123,105,103,65" hai2="126,70,128,106,134,109,69,85,6,20,54,63,84" hai3="18,108,15,102,112,27,121,77,78,125,116,21,129"/><U51/><E113/><V60/><F106/><W111/><G112/><T0/><D122/><U50/><E123/><V46/><F109/><N who="3" m="42059" /><G121/><T132/><D132/><U135/><E37/><V45/><F134/><W56/><G125/><T88/><D40/><U101/><E135/><V52/><F20/><W99/><G129/><T94/><D29/><U124/><E124/><V80/><F126/><W22/><G56/><T43/><D43/><U114/><E114/><V81/><REACH who="2" step="1"/><F6/><REACH who="2" ten="130,318,240,302" step="2"/><W31/><G116/><T12/><D12/><U2/><E7/><V117/><F117/><W8/><G22/><T42/><D14/><U75/><E4/><V133/><F133/><W96/><G96/><T82/><D17/><U13/><E2/><V30/><F30/><W130/><G130/><AGARI ba="1,1" hai="45,46,52,54,60,63,69,70,80,81,84,85,128,130" machi="130" ten="25,6400,0" yaku="1,1,22,2,54,1,53,0" doraHai="23" doraHaiUra="71" who="2" fromWho="3" sc="130,0,318,0,240,77,302,-67" /><INIT seed="2,0,0,5,5,51" ten="130,318,317,235" oya="2" hai0="25,17,95,111,1,103,6,46,116,127,126,129,92" hai1="120,24,99,35,44,68,28,54,96,98,77,48,132" hai2="121,80,73,93,69,59,7,109,106,56,37,114,104" hai3="26,23,5,47,86,12,125,107,58,63,0,123,45"/><V40/><F114/><W61/><G0/><T117/><D111/><U91/><E68/><V19/><F121/><W34/><G107/><T36/><D6/><U71/><E71/><V30/><F69/><W15/><G34/><T42/><D1/><U89/><E120/><V83/><F7/><W21/><G125/><N who="0" m="47627" /><D129/><U124/><E124/><V134/><F30/><W57/><G86/><T32/><D32/><U135/><REACH who="1" step="1"/><E77/><REACH who="1" ten="130,308,317,235" step="2"/><V62/><F109/><W75/><G123/><T70/><D70/><U2/><E2/><V108/><F108/><W81/><G81/><T105/><D116/><U64/><E64/><V84/><F83/><W33/><G5/><T74/><D117/><U131/><E131/><V29/><F80/><W100/><G33/><T20/><D74/><U76/><E76/><V52/><F73/><W66/><G75/><T18/><D18/><U3/><E3/><V85/><F19/><W102/><G66/><T14/><D14/><U79/><E79/><V49/><F29/><W60/><G12/><T10/><D17/><U82/><E82/><V110/><F110/><W94/><G15/><T115/><D115/><U53/><E53/><V4/><F52/><W128/><G128/><T43/><D25/><U101/><E101/><V87/><F4/><W16/><G102/><T97/><D103/><U39/><E39/><V27/><F37/><W55/><G55/><T8/><D36/><U72/><E72/><V41/><F27/><W118/><G118/><T88/><D43/><U65/><E65/><V90/><F40/><W122/><G122/><T133/><D42/><RYUUKYOKU ba="0,1" sc="130,-10,308,30,317,-10,235,-10" hai1="24,28,35,44,48,54,89,91,96,98,99,132,135" /><INIT seed="3,1,1,4,5,63" ten="120,338,307,225" oya="3" hai0="125,65,61,95,108,22,92,102,43,7,13,87,75" hai1="101,97,25,29,10,117,127,81,42,53,68,6,52" hai2="119,89,44,118,33,113,35,115,39,62,83,114,122" hai3="47,134,76,109,12,121,111,66,2,86,69,4,36"/><W59/><G121/><T98/><D108/><N who="3" m="41545" /><G134/><T9/><D75/><U26/><E127/><V55/><F33/><W105/><G105/><T106/><D125/><U20/><E117/><V112/><F35/><W16/><G69/><T104/><D43/><U50/><E26/><V24/><F115/><W1/><G4/><T15/><D87/><U11/><E68/><V27/><F122/><W58/><G47/><T40/><D40/><U60/><E81/><V133/><F133/><W72/><G36/><T135/><D135/><U64/><E42/><V91/><F39/><W3/><G66/><T94/><D106/><U8/><E6/><V48/><F119/><W103/><G103/><T120/><D120/><U107/><REACH who="1" step="1"/><E50/><REACH who="1" ten="120,328,307,225" step="2"/><V93/><F118/><W14/><G72/><T32/><D32/><U124/><E124/><V38/><F38/><W74/><G74/><T78/><D78/><U77/><E77/><V126/><F126/><W70/><G70/><T85/><D85/><U46/><E46/><V5/><F44/><W56/><G16/><N who="0" m="10527" /><D104/><U84/><E84/><V21/><F113/><W132/><G132/><T131/><D131/><U19/><E19/><V28/><F5/><W116/><G116/><T37/><D37/><U100/><E100/><V30/><F114/><W129/><G129/><T128/><D128/><U45/><E45/><V18/><F18/><W99/><G99/><T34/><D34/><U57/><AGARI ba="1,2" hai="8,10,11,20,25,29,52,53,57,60,64,97,101,107" machi="57" ten="30,7900,0" yaku="1,1,0,1,52,1,54,1,53,0" doraHai="63" doraHaiUra="123" who="1" fromWho="1" sc="120,-21,328,102,307,-21,225,-40" /><INIT seed="4,0,0,0,2,73" ten="99,430,286,185" oya="0" hai0="0,127,78,91,90,97,30,120,31,11,45,126,51" hai1="98,132,84,89,34,39,28,55,119,128,60,23,29" hai2="101,38,105,13,52,104,71,75,121,47,109,10,12" hai3="85,57,124,20,113,80,5,116,107,44,117,19,131"/><T54/><D120/><U25/><E119/><V14/><F71/><W125/><G107/><T9/><D97/><U6/><E39/><V35/><F35/><W64/><G5/><T21/><D21/><U62/><E98/><V87/><F75/><W96/><G96/><T26/><D26/><U130/><E6/><V53/><F109/><W17/><G44/><T18/><D18/><U106/><E106/><V8/><F101/><W82/><G82/><T41/><D41/><U103/><E103/><V93/><F38/><W110/><G17/><T95/><D95/><U133/><E29/><V4/><F14/><W86/><G86/><T43/><D43/><U70/><E34/><V67/><F87/><W94/><G94/><T36/><D36/><U40/><E40/><V65/><F4/><W100/><G100/><T56/><D56/><N who="1" m="34847" /><E62/><V134/><F93/><W108/><G110/><T69/><D69/><U22/><E22/><V79/><F121/><W37/><G108/><T115/><D115/><U76/><E76/><V50/><F79/><W32/><G113/><T88/><D88/><U81/><E70/><V68/><F68/><W49/><G32/><T66/><D66/><U16/><E28/><V122/><F122/><W15/><G64/><T72/><D72/><U61/><E61/><V7/><F7/><W1/><G37/><T111/><D111/><U3/><E3/><V99/><F99/><W58/><G20/><T33/><D33/><U46/><E46/><V92/><F47/><W2/><G58/><T74/><D74/><U102/><E102/><V114/><F105/><RYUUKYOKU ba="0,0" sc="99,-10,430,30,286,-10,185,-10" hai1="16,23,25,81,84,89,128,130,132,133" /><INIT seed="5,1,0,1,5,85" ten="89,460,276,175" oya="1" hai0="92,23,63,84,122,90,74,9,65,60,79,67,104" hai1="89,75,42,99,83,135,11,14,107,47,133,49,34" hai2="43,38,126,77,106,98,66,16,62,116,112,93,35" hai3="22,103,21,95,31,94,69,132,40,1,39,36,76"/><U68/><E34/><V109/><F116/><W115/><G1/><T45/><D122/><U3/><E68/><V61/><F109/><W114/><G69/><T128/><D128/><U8/><E3/><V123/><F123/><W32/><G76/><T15/><D104/><U129/><E129/><V82/><F106/><W56/><G56/><T96/><D74/><U113/><E113/><V105/><F105/><W13/><G13/><T52/><D23/><U125/><E125/><V78/><F35/><W33/><G40/><T91/><D79/><U2/><E2/><V97/><F78/><W41/><G41/><T10/><D10/><U7/><E11/><V100/><F126/><W12/><G12/><T119/><D119/><U117/><E117/><V4/><F4/><W51/><G51/><N who="0" m="28783" /><D63/><U73/><E107/><V120/><F62/><W58/><G58/><T71/><D60/><U0/><E0/><V134/><F112/><W130/><G130/><T19/><D71/><U6/><E7/><V80/><F77/><W55/><G55/><T121/><D121/><U50/><E49/><V44/><F120/><W28/><REACH who="3" step="1"/><G103/><REACH who="3" ten="89,460,276,165" step="2"/><T27/><D27/><U54/><E42/><V110/><F43/><W131/><G131/><T64/><D64/><U72/><E135/><AGARI ba="1,1" hai="21,22,28,31,32,33,36,39,94,95,114,115,132,135" machi="135" ten="25,3200,0" yaku="1,1,22,2,53,0" doraHai="85" doraHaiUra="101" who="3" fromWho="1" sc="89,0,460,-35,276,0,165,45" /><INIT seed="6,0,0,4,0,89" ten="89,425,276,210" oya="2" hai0="61,110,94,38,12,1,84,82,10,68,24,108,105" hai1="17,57,119,81,59,25,45,54,72,37,52,18,128" hai2="107,111,30,48,80,73,56,43,101,22,14,131,83" hai3="39,7,40,62,42,96,90,13,106,20,97,124,70"/><V66/><F131/><W92/><G124/><T121/><D38/><U16/><E119/><V98/><F73/><W99/><G39/><T116/><D116/><U9/><E128/><V49/><F49/><W34/><G34/><T79/><D105/><U113/><E113/><V69/><F69/><W76/><G76/><T46/><D121/><U19/><E72/><V3/><F3/><W26/><G70/><T130/><D130/><U88/><E37/><V36/><F36/><W102/><G62/><T58/><D1/><U2/><E2/><V29/><F66/><W4/><G99/><T5/><D68/><U78/><E78/><V27/><F30/><W75/><G75/><T50/><D24/><U129/><E129/><V8/><F111/><W31/><REACH who="3" step="1"/><G13/><REACH who="3" ten="89,425,276,200" step="2"/><T64/><REACH who="0" step="1"/><D94/><REACH who="0" ten="79,425,276,200" step="2"/><U6/><E81/><V11/><F83/><W132/><G132/><T91/><D91/><U126/><E88/><V123/><F80/><W47/><G47/><T125/><D125/><U112/><E45/><V71/><F71/><W120/><G120/><T51/><D51/><N who="1" m="30879" /><E126/><V103/><F123/><W55/><G55/><AGARI ba="0,2" hai="5,10,12,46,50,55,58,61,64,79,82,84,108,110" machi="55" ten="30,2000,0" yaku="1,1,7,1,53,0" doraHai="89" doraHaiUra="117" who="0" fromWho="3" sc="79,40,425,0,276,0,200,-20" /><INIT seed="7,0,0,0,1,107" ten="119,425,276,180" oya="3" hai0="44,13,85,87,101,97,126,110,62,57,113,102,14" hai1="135,30,117,29,122,118,120,132,109,24,33,19,10" hai2="53,86,114,4,83,129,115,77,3,17,52,133,9" hai3="25,1,104,70,28,80,8,23,112,20,89,40,68"/><W125/><G104/><T134/><D110/><U131/><E109/><V94/><F133/><N who="1" m="51273" /><E30/><V81/><F129/><W72/><G89/><T93/><D134/><U38/><E38/><V27/><F94/><W54/><G54/><T12/><D126/><U49/><E49/><V66/><F66/><W95/><G95/><T84/><D113/><N who="2" m="43018" /><F83/><W47/><G23/><AGARI ba="0,0" hai="3,4,9,17,23,27,52,53,77,81,86" m="43018" machi="23" ten="30,2000,0" yaku="15,1,54,1" doraHai="107" who="2" fromWho="3" sc="119,0,425,0,276,20,180,-20" owari="119,-38.0,425,52.0,296,10.0,160,-24.0" /></mjloggm>