<mjloggm ver="2.3"><GO type="169" lobby="0"/><UN n0="%E3%81%AF%E3%81%92%E3%81%A1%E3%82%87%E3%81%8F" n1="%E5%B0%B1%E6%B4%BB%E7%94%9F%40%E5%B7%9D%E6%9D%91%E8%BB%8D%E5%9B%A3" n2="%E7%A5%9E%E6%A5%BD%E5%9D%82%E3%82%86%E3%81%8B" n3="%52%E3%82%B9%E3%83%A9%E3%83%83%E3%82%B0" dan="17,16,17,16" rate="2169.64,2163.68,2123.56,2018.70" sx="M,M,M,M"/><TAIKYOKU oya="0"/><INIT seed="0,0,0,0,1,40" ten="250,250,250,250" oya="0" hai0="56,113,134,72,29,53,38,130,99,18,9,120,94" hai1="50,49,103,93,45,91,25,16,112,26,77,101,90" hai2="129,82,12,31,126,58,10,128,75,28,32,123,23" hai3="131,95,107,63,43,86,115,81,106,92,7,85,33"/><T51/><D120/><U68/><E68/><V27/><F123/><W62/><G33/><T117/><D117/><U47/><E112/><V105/><F105/><W80/><G43/><T65/><D113/><U0/><E0/><V60/><F126/><W3/><G7/><T78/><D38/><U133/><E77/><V121/><F121/><W111/><G115/><T44/><D130/><N who="2" m="50282" /><F75/><W74/><G131/><T1/><D134/><U97/><E133/><V39/><F82/><W69/><G69/><T122/><D29/><U79/><E79/><V57/><F39/><W13/><G13/><N who="0" m="7471" /><D1/><U41/><E91/><V11/><F58/><W132/><G3/><T24/><D72/><U67/><E67/><V119/><F119/><W83/><G83/><T48/><D24/><N who="1" m="9323" /><E16/><N who="2" m="10631" /><F31/><W59/><G74/><T14/><D14/><U2/><E2/><V22/><F32/><W135/><REACH who="3" step="1"/><G59/><REACH who="3" ten="250,250,250,240" step="2"/><T102/><D122/><U89/><E103/><V36/><F36/><W64/><G64/><AGARI ba="0,1" hai="10,11,22,27,28,57,60,64" m="10631,50282" machi="64" ten="30,2000,0" yaku="19,1,54,1" doraHai="40" who="2" fromWho="3" sc="250,0,250,0,250,30,240,-20" /><INIT seed="1,0,0,5,0,4" ten="250,250,280,220" oya="1" hai0="89,71,11,94,131,13,23,93,52,112,12,17,79" hai1="134,58,64,110,84,135,115,15,105,124,2,106,68" hai2="45,50,92,75,27,28,47,41,81,77,1,117,104" hai3="7,31,108,91,127,80,36,107,46,49,86,42,56"/><U133/><E2/><V60/><F104/><W43/><G107/><T44/><D112/><U51/><E115/><V61/><F1/><W96/><G108/><T101/><D71/><U111/><E68/><V98/><F117/><W57/><G127/><T59/><D131/><U122/><E122/><V130/><F130/><W65/><G56/><T95/><D79/><U34/><E34/><V69/><F47/><W125/><G125/><T114/><D44/><U25/><E124/><V87/><F75/><W5/><G31/><T62/><D114/><U67/><E25/><V118/><F118/><W129/><G129/><T3/><D3/><U22/><E22/><N who="2" m="15479" /><F69/><W53/><G43/><T99/><D101/><AGARI ba="0,0" hai="41,45,50,60,61,77,81,87,92,98,101" m="15479" machi="101" ten="30,1000,0" yaku="8,1" doraHai="4" who="2" fromWho="0" sc="250,-10,250,0,280,10,220,0" /><INIT seed="2,0,0,4,5,105" ten="240,250,290,220" oya="2" hai0="44,104,109,64,24,127,131,122,133,121,2,29,80" hai1="129,81,126,34,58,38,14,46,103,16,76,22,17" hai2="118,8,37,93,124,91,4,3,99,18,87,20,134" hai3="135,15,32,108,35,112,96,23,53,47,73,69,107"/><V88/><F118/><W68/><G108/><T115/><D64/><U54/><E129/><V110/><F134/><W71/><G135/><T6/><D44/><U92/><E126/><V83/><F124/><W62/><G112/><T25/><D80/><U52/><E34/><V70/><F37/><W117/><G117/><T84/><D84/><N who="1" m="48167" /><E38/><V102/><F70/><W12/><G107/><T90/><D90/><U11/><E46/><V10/><F110/><W82/><G96/><T57/><D57/><U100/><E92/><V55/><F8/><W26/><G32/><T77/><D77/><U51/><E54/><V86/><F55/><W33/><G33/><T98/><D98/><U1/><E1/><V40/><F40/><W72/><G82/><T21/><D104/><U79/><E79/><V67/><F67/><W49/><G35/><N who="0" m="20903" /><D127/><U123/><E123/><V60/><F60/><W61/><G15/><AGARI ba="0,0" hai="11,14,15,16,17,22,51,52,58,100,103" m="48167" machi="15" ten="30,3900,0" yaku="8,1,54,2" doraHai="105" who="1" fromWho="3" sc="240,0,250,39,290,0,220,-39" /><INIT seed="3,0,0,5,4,69" ten="240,289,290,181" oya="3" hai0="74,72,16,73,84,111,22,12,10,37,26,63,15" hai1="80,1,113,43,100,96,2,42,103,39,94,7,53" hai2="130,27,87,51,25,14,108,91,36,70,49,117,101" hai3="86,34,61,66,116,18,31,124,126,52,71,54,38"/><W6/><G116/><T19/><D111/><U8/><E113/><V77/><F117/><W32/><G34/><T133/><D133/><U55/><E2/><V128/><F108/><W0/><G32/><T107/><D107/><U33/><E33/><V11/><F70/><W23/><G31/><T29/><D63/><U129/><E129/><N who="2" m="49771" /><F77/><W97/><G6/><T83/><D37/><U75/><E103/><V17/><F101/><W35/><G0/><T95/><D95/><U109/><E109/><V99/><F99/><W56/><G35/><T13/><REACH who="0" step="1"/><D10/><REACH who="0" ten="230,289,290,181" step="2"/><U119/><E119/><V104/><F36/><W64/><G38/><T28/><D28/><U4/><E39/><V82/><F104/><W58/><G61/><T102/><D102/><U65/><E8/><V68/><F68/><W92/><G92/><T44/><D44/><U115/><E94/><V98/><F98/><W21/><G71/><T45/><D45/><U114/><E96/><V93/><F93/><W62/><G62/><T110/><D110/><U41/><E100/><V131/><F131/><W47/><G47/><T134/><D134/><U20/><E65/><V127/><F127/><W9/><G97/><T78/><AGARI ba="0,1" hai="12,13,15,16,19,22,26,29,72,73,74,78,83,84" machi="78" ten="40,5200,0" yaku="1,1,0,1,54,1,53,0" doraHai="69" doraHaiUra="112" who="0" fromWho="0" sc="230,62,289,-13,290,-13,181,-26" /><INIT seed="4,0,0,0,2,46" ten="292,276,277,155" oya="0" hai0="100,43,110,15,84,104,131,17,72,58,14,75,10" hai1="44,122,9,107,67,1,111,98,8,95,39,21,68" hai2="88,134,116,69,119,133,65,3,61,106,11,23,101" hai3="62,52,86,89,129,96,109,13,115,60,48,99,83"/><T7/><D131/><U25/><E111/><V70/><F70/><W19/><G109/><T53/><D110/><U64/><E122/><V37/><F37/><W55/><G129/><T103/><D43/><U120/><E107/><V71/><F71/><W28/><G28/><T108/><D108/><U51/><E39/><V117/><F23/><W126/><G115/><T128/><D128/><U33/><E33/><V32/><F32/><W79/><G126/><T80/><D104/><U59/><E68/><V92/><F106/><W132/><G132/><N who="2" m="50793" /><F101/><W112/><G112/><T36/><D75/><U16/><E1/><V4/><F116/><W6/><G6/><T47/><D72/><U66/><E59/><V0/><F3/><W91/><G91/><N who="0" m="51591" /><D47/><U22/><E22/><V29/><F29/><W125/><G125/><T87/><D87/><AGARI ba="0,0" hai="0,4,11,61,65,69,87,88,92,117,119" m="50793" machi="87" ten="30,2000,0" yaku="20,1,54,1" doraHai="46" who="2" fromWho="0" sc="292,-20,276,0,277,20,155,0" /><INIT seed="5,0,0,1,0,2" ten="272,276,297,155" oya="1" hai0="112,127,12,88,90,54,84,13,64,85,18,121,129" hai1="74,119,135,17,16,1,62,125,65,27,59,128,53" hai2="132,42,66,39,5,50,37,9,21,98,91,117,33" hai3="28,120,75,22,130,80,46,104,68,86,25,76,15"/><U26/><E119/><V81/><F132/><W44/><G104/><T133/><D112/><U11/><E74/><V123/><F33/><W8/><G68/><T40/><D127/><U77/><E135/><V58/><F117/><W97/><G120/><T70/><D133/><U126/><E77/><V60/><F21/><W131/><G97/><T38/><D129/><U73/><E73/><V109/><F109/><W49/><G75/><T72/><D72/><U79/><E79/><V67/><F67/><W29/><G29/><T6/><D38/><U7/><E128/><V14/><F123/><W43/><REACH who="3" step="1"/><G44/><REACH who="3" ten="272,276,297,145" step="2"/><T10/><D121/><U52/><E125/><V118/><F118/><W71/><G71/><T115/><D70/><U63/><E126/><V19/><F98/><W134/><G134/><T106/><D106/><U82/><E82/><V103/><F103/><W45/><G45/><T111/><D85/><U93/><E93/><V108/><F81/><W35/><G35/><T78/><D84/><U3/><E3/><V105/><F105/><W34/><G34/><T83/><D83/><U89/><E89/><V0/><F91/><W56/><G56/><T102/><D88/><U41/><E1/><V69/><F0/><W110/><G110/><T116/><D90/><U36/><E59/><V124/><F124/><W122/><G122/><T61/><D111/><U30/><E36/><V92/><F37/><W114/><G114/><T95/><D115/><U107/><E107/><V32/><F39/><W31/><G31/><T4/><D95/><U47/><E30/><V48/><F92/><RYUUKYOKU ba="0,1" sc="272,-10,276,-10,297,-10,145,30" hai3="8,15,22,25,28,43,46,49,76,80,86,130,131" /><INIT seed="6,1,1,0,1,111" ten="262,266,287,175" oya="2" hai0="34,2,5,10,102,115,18,40,79,119,35,50,99" hai1="120,51,25,36,72,63,89,67,85,117,44,27,59" hai2="76,92,11,131,43,86,100,124,107,31,58,77,134" hai3="26,73,41,23,108,9,81,121,1,19,118,33,38"/><V90/><F124/><W32/><G118/><T91/><D119/><U52/><E117/><V60/><F131/><W16/><G108/><T15/><D79/><U6/><E72/><V29/><F134/><W80/><G121/><T104/><D91/><U28/><E120/><V49/><F107/><W112/><G80/><T101/><D101/><U56/><E6/><V21/><F100/><W12/><G1/><T22/><D115/><U135/><E135/><V4/><F43/><W54/><G41/><T110/><D110/><U94/><E36/><V20/><F49/><W47/><G38/><T109/><D109/><U97/><E28/><N who="2" m="10827" /><F11/><W13/><G13/><T61/><D61/><U69/><E69/><V8/><F8/><W55/><G55/><T127/><D127/><U48/><E97/><V53/><F4/><W62/><G112/><T116/><D116/><U83/><E94/><V65/><F53/><AGARI ba="1,1" hai="25,27,44,48,51,52,53,56,59,63,67,83,85,89" machi="53" ten="30,3900,0" yaku="7,1,8,1,54,1" doraHai="111" who="1" fromWho="2" sc="262,0,266,52,287,-42,175,0" /><INIT seed="7,0,0,4,0,101" ten="262,318,245,175" oya="3" hai0="19,47,83,79,107,57,71,13,9,27,134,123,2" hai1="62,22,100,45,28,35,12,99,118,1,133,24,103" hai2="82,44,42,84,135,41,48,5,67,17,52,111,90" hai3="68,76,14,16,25,128,75,21,125,55,3,104,32"/><W18/><G68/><T121/><D71/><U91/><E1/><V105/><F135/><W86/><G75/><T43/><D134/><U6/><E133/><V56/><F111/><W119/><G119/><T129/><D129/><U65/><E45/><V63/><F5/><W59/><G3/><T117/><D117/><U33/><E33/><V92/><F105/><W54/><G128/><T23/><D57/><N who="1" m="37071" /><E35/><V73/><F73/><W74/><G74/><T116/><D116/><U72/><E72/><V127/><F127/><W132/><G132/><T69/><D69/><U29/><E29/><V122/><F122/><W85/><G125/><T10/><D107/><U46/><E46/><V49/><F17/><W58/><G32/><T40/><D40/><N who="2" m="15466" /><F48/><N who="3" m="31047" /><G104/><T64/><D64/><U11/><E118/><V7/><F7/><W102/><G76/><T114/><D114/><U31/><E31/><V110/><F110/><W97/><G97/><T95/><D2/><U124/><E124/><V30/><F30/><W109/><G102/><T26/><D95/><AGARI ba="0,0" hai="6,11,12,22,24,28,91,95,99,100,103" m="37071" machi="95" ten="30,1000,0" yaku="8,1" doraHai="101" who="1" fromWho="0" sc="262,-10,318,10,245,0,175,0" /><AGARI ba="0,0" hai="44,49,52,56,63,67,82,84,90,92,95" m="15466" machi="95" ten="30,2000,0" yaku="8,1,54,1" doraHai="101" who="2" fromWho="0" sc="252,-20,328,0,245,20,175,0" owari="232,-17.0,328,42.0,265,7.0,175,-32.0" /></mjloggm>