<mjloggm ver="2.3"><GO type="225" lobby="0"/><UN n0="%E3%82%A6%E3%83%AB%E3%83%88%E3%83%A9%E7%AB%8B%E7%9B%B4" n1="%E6%8E%A5%E7%82%B9%40%51%42" n2="%E7%99%BD%E9%B9%BF%E6%84%9B%E8%8E%89" n3="%4B%52%65%72%65%65%65%4E" dan="17,16,18,16" rate="2138.51,2089.20,2268.74,2159.21" sx="M,F,F,M"/><TAIKYOKU oya="0"/><INIT seed="0,0,0,5,5,105" ten="250,250,250,250" oya="0" hai0="29,129,35,3,106,134,27,21,81,107,55,92,71" hai1="40,87,70,10,115,126,98,131,12,101,33,121,113" hai2="97,28,83,75,95,58,18,68,61,44,15,103,4" hai3="116,118,50,57,72,73,45,2,86,64,19,96,49"/><T74/><D92/><U85/><E121/><V51/><F68/><W109/><G2/><T80/><D55/><U17/><E131/><V110/><F110/><W16/><G96/><T60/><D21/><U67/><E126/><V43/><F28/><W23/><G109/><T62/><D62/><N who="1" m="40311" /><E33/><V99/><F4/><W130/><G130/><T31/><D31/><U112/><E40/><V90/><F75/><W128/><G128/><T0/><D81/><U102/><E102/><V100/><F83/><W127/><G86/><T39/><D39/><U79/><E79/><V119/><F119/><W124/><G23/><T93/><D93/><AGARI ba="0,0" hai="10,12,17,85,87,93,98,101,112,113,115" m="40311" machi="93" ten="30,1000,0" yaku="11,1" doraHai="105" who="1" fromWho="0" sc="250,-10,250,10,250,0,250,0" /><INIT seed="1,0,0,0,4,133" ten="240,260,250,250" oya="1" hai0="128,41,6,2,5,32,8,45,9,88,29,33,78" hai1="19,38,89,37,115,117,52,114,110,24,119,55,16" hai2="84,132,72,79,15,68,122,70,81,129,111,35,97" hai3="125,69,103,65,100,124,56,53,85,127,51,91,77"/><U64/><E64/><V113/><F122/><W26/><G77/><T7/><D128/><U101/><E101/><V57/><F132/><W120/><G120/><T135/><D135/><U25/><E89/><V66/><F111/><AGARI ba="0,0" hai="16,19,24,25,37,38,52,55,110,111,114,115,117,119" machi="111" ten="25,9600,0" yaku="22,2,54,2" doraHai="133" who="1" fromWho="2" sc="240,0,260,96,250,-96,250,0" /><INIT seed="1,1,0,0,1,112" ten="240,356,154,250" oya="1" hai0="12,118,40,36,99,17,121,13,108,84,116,44,71" hai1="56,30,131,72,94,89,117,58,134,74,106,92,18" hai2="77,123,4,90,54,10,64,96,35,107,81,46,122" hai3="75,68,120,66,67,65,53,9,133,70,29,5,110"/><U69/><E117/><V102/><F35/><W125/><G75/><T127/><D71/><U11/><E106/><V7/><F64/><W95/><G120/><T38/><D121/><U33/><E69/><V91/><F122/><W45/><G29/><T100/><D84/><U63/><E134/><V109/><F109/><W19/><G133/><T57/><D57/><U130/><E30/><V52/><F123/><W43/><G53/><T119/><D108/><U103/><E33/><V47/><F4/><W114/><G110/><T76/><D76/><U135/><E135/><V126/><F126/><W98/><G19/><T79/><D79/><U124/><E124/><V0/><F47/><W86/><G86/><T82/><D82/><U104/><E104/><V34/><F34/><W97/><G114/><T21/><D127/><U88/><E103/><V59/><F46/><W73/><G73/><T78/><D78/><U48/><E48/><V62/><REACH who="2" step="1"/><F54/><REACH who="2" ten="240,356,144,250" step="2"/><W111/><G125/><T42/><D42/><U83/><E131/><V87/><AGARI ba="1,1" hai="0,7,10,52,59,62,77,81,87,90,91,96,102,107" machi="87" ten="20,8000,1" yaku="1,1,2,1,0,1,7,1,54,1,53,0" doraHai="112" doraHaiUra="22" who="2" fromWho="2" sc="240,-21,356,-41,144,93,250,-21" /><INIT seed="2,0,0,1,3,131" ten="219,315,237,229" oya="2" hai0="26,70,76,10,63,31,11,90,21,22,81,106,39" hai1="33,65,66,20,19,98,124,36,72,18,100,77,57" hai2="56,9,116,101,24,40,32,29,30,132,97,17,0" hai3="121,5,12,14,95,80,94,73,86,110,119,134,13"/><V107/><F116/><W69/><G69/><T125/><D106/><U41/><E33/><V133/><F29/><W49/><G121/><T61/><D39/><U25/><E124/><V118/><F118/><W43/><G119/><T103/><D103/><U99/><E77/><V1/><F40/><W28/><G73/><T83/><D125/><U16/><E72/><V53/><F17/><N who="1" m="6153" /><E36/><V58/><F58/><W37/><G37/><T51/><D51/><U82/><E41/><V44/><F44/><N who="3" m="25759" /><G28/><T114/><D114/><U104/><E82/><V127/><F127/><W59/><G59/><T62/><D70/><U88/><E57/><V45/><F45/><W109/><G134/><N who="2" m="51817" /><F9/><W135/><G135/><T42/><D42/><U129/><E100/><V54/><F54/><W126/><G126/><T34/><D34/><U55/><E104/><V102/><F101/><W105/><G105/><T79/><D21/><U50/><E129/><V71/><F71/><W52/><G52/><T8/><D8/><U78/><E55/><V47/><F47/><W35/><G35/><T74/><D10/><U68/><E68/><V4/><F4/><W115/><G5/><T84/><D11/><U85/><E16/><V75/><F75/><W7/><G7/><T2/><D2/><U96/><E50/><AGARI ba="0,0" hai="0,1,24,30,32,50,53,56,97,102,107" m="51817" machi="50" ten="30,11600,0" yaku="20,1,52,3" doraHai="131" who="2" fromWho="1" sc="219,0,315,-116,237,116,229,0" /><INIT seed="2,1,0,3,2,24" ten="219,199,353,229" oya="2" hai0="54,81,75,56,19,79,95,71,18,69,96,120,112" hai1="104,59,130,100,80,26,78,3,123,103,12,11,128" hai2="49,28,37,133,47,20,35,67,1,102,7,25,91" hai3="36,55,42,106,64,83,105,53,44,62,98,84,6"/><V15/><F37/><W41/><G41/><T33/><D33/><U9/><E123/><V116/><F102/><W87/><G87/><T39/><D39/><U13/><E26/><V8/><F67/><W70/><G6/><T60/><D112/><U92/><E3/><V21/><F116/><W65/><G65/><T52/><D120/><U114/><E114/><V86/><F1/><W68/><G68/><T46/><D54/><U109/><E109/><V34/><F34/><W43/><G43/><T45/><D69/><U27/><E27/><V117/><F133/><W85/><G85/><T118/><D71/><U17/><E104/><V126/><F126/><W14/><G14/><T125/><D125/><U88/><E59/><V23/><F35/><W119/><G119/><T58/><D58/><U99/><E130/><V107/><F107/><W63/><G63/><T131/><D131/><U38/><E38/><V32/><F32/><W115/><G115/><T2/><D2/><U97/><E128/><V51/><F51/><W121/><G121/><T0/><D0/><U124/><E124/><V16/><F7/><W50/><G98/><T135/><D135/><U66/><E66/><V40/><F117/><W94/><G94/><AGARI ba="1,0" hai="8,15,16,20,21,23,25,28,40,47,49,86,91,94" machi="94" ten="30,11600,0" yaku="7,1,8,1,52,1,54,1" doraHai="24" who="2" fromWho="3" sc="219,0,199,0,353,119,229,-119" /><INIT seed="2,2,0,5,4,10" ten="219,199,472,110" oya="2" hai0="63,35,98,0,43,77,42,30,122,87,8,81,123" hai1="79,69,91,17,130,62,45,14,44,73,60,56,134" hai2="119,76,55,11,70,83,3,6,13,68,121,72,97" hai3="96,41,39,21,58,25,118,71,64,65,129,31,102"/><V22/><F119/><W95/><G118/><T54/><D35/><U106/><E106/><V59/><F121/><W94/><G129/><T5/><D30/><U109/><E130/><V88/><F22/><W80/><G71/><T107/><D43/><U117/><E109/><V82/><F3/><W127/><G127/><T47/><D54/><U18/><E117/><V89/><F89/><W86/><G94/><T1/><D63/><U49/><E134/><V93/><F83/><W16/><G41/><T28/><D28/><U128/><E128/><V116/><F116/><W15/><G39/><T66/><D66/><U32/><E32/><V104/><F104/><W120/><G120/><T125/><D0/><U135/><E135/><V78/><F76/><W110/><G110/><T37/><D125/><U85/><E73/><V92/><F92/><W48/><G48/><AGARI ba="2,0" hai="6,11,13,48,55,59,68,70,72,78,82,88,93,97" machi="48" ten="30,5800,0" yaku="7,1,52,1,54,1" doraHai="10" who="2" fromWho="3" sc="219,0,199,0,472,64,110,-64" /><INIT seed="2,3,0,2,2,60" ten="219,199,536,46" oya="2" hai0="56,81,57,97,29,20,69,42,54,92,40,84,50" hai1="122,117,0,14,53,94,51,13,76,16,7,87,15" hai2="113,71,111,33,85,9,32,112,120,118,3,82,109" hai3="96,126,110,35,129,59,90,1,5,79,80,127,107"/><V55/><F71/><W44/><G44/><T105/><D105/><U18/><E117/><V23/><F55/><W75/><G59/><T95/><D69/><U28/><E122/><V99/><F99/><W103/><G35/><T19/><D29/><U17/><E28/><V86/><F86/><W52/><G5/><T74/><D74/><U58/><E0/><V124/><F85/><W125/><G1/><T48/><D48/><U115/><E115/><V47/><F47/><W36/><G52/><T98/><D57/><U6/><REACH who="1" step="1"/><E94/><REACH who="1" ten="219,189,536,46" step="2"/><V65/><F3/><W102/><G36/><T134/><D95/><U135/><E135/><V133/><F133/><W64/><G64/><T123/><D134/><U34/><E34/><V4/><F65/><W63/><G63/><T91/><D123/><U66/><E66/><V30/><F120/><W45/><G45/><T62/><D92/><U61/><E61/><V130/><F118/><W101/><G110/><T68/><D68/><U12/><N who="1" m="3072" /><DORA hai="10" /><U114/><E114/><V43/><F113/><W67/><G67/><T106/><D106/><U21/><E21/><V119/><F23/><W38/><G129/><T83/><D62/><U25/><E25/><V70/><F130/><W89/><REACH who="3" step="1"/><G38/><REACH who="3" ten="219,189,536,36" step="2"/><T77/><D56/><U108/><E108/><V116/><F111/><W11/><G11/><T31/><D54/><U22/><E22/><V121/><F109/><W88/><AGARI ba="3,2" hai="75,79,80,88,89,90,96,101,102,103,107,125,126,127" machi="88" ten="40,16000,3" yaku="1,1,0,1,18,1,34,3,54,1,53,1" doraHai="60,10" doraHaiUra="8,100" who="3" fromWho="3" sc="219,-43,189,-43,536,-83,36,189" /><INIT seed="3,0,0,3,4,85" ten="176,146,453,225" oya="3" hai0="113,76,71,40,60,98,81,72,126,24,55,37,36" hai1="111,121,90,118,110,2,99,97,134,54,80,44,35" hai2="9,103,5,41,56,92,70,79,33,123,105,112,124" hai3="122,104,109,58,42,78,27,45,91,75,96,51,68"/><W8/><G122/><T46/><D37/><U63/><E121/><V22/><F70/><W116/><G68/><T14/><D126/><U47/><E2/><V11/><F123/><W15/><G75/><T13/><D113/><U82/><E35/><V38/><F33/><W132/><G78/><T100/><D24/><U88/><E134/><V57/><F105/><W53/><G116/><T114/><D114/><U19/><E118/><V87/><F112/><W23/><G104/><T21/><D21/><U128/><E128/><V67/><F38/><W125/><G125/><T117/><D117/><U26/><E47/><V129/><F124/><W101/><G101/><T83/><D83/><N who="1" m="31787" /><E26/><V102/><F79/><W107/><G107/><T133/><D133/><U28/><E28/><V39/><F41/><W25/><G42/><T89/><D100/><U119/><E119/><V93/><F39/><W3/><G45/><T84/><D72/><U127/><E127/><V95/><F22/><W59/><G23/><T7/><D7/><U1/><E1/><V64/><F87/><W86/><G86/><T69/><D69/><U115/><E115/><V135/><F135/><W16/><G3/><T20/><D20/><U52/><E19/><V62/><F129/><W30/><G30/><T131/><D131/><U65/><E65/><V74/><F74/><W108/><G132/><T34/><D34/><U4/><E4/><V120/><F120/><W17/><G17/><T10/><D10/><N who="2" m="3594" /><F5/><W77/><G8/><T50/><D36/><U18/><E44/><V12/><F12/><W48/><G15/><RYUUKYOKU ba="0,0" sc="176,-10,146,-10,453,30,225,-10" hai2="56,57,62,64,67,92,93,95,102,103" owari="166,-23.0,136,-36.0,483,57.0,215,2.0" /></mjloggm>