<mjloggm ver="2.3"><GO type="169" lobby="0"/><UN n0="%E5%A4%A7%E6%AD%A3%E7%BE%A9%E9%87%8E%E7%90%83%E5%A8%98" n1="%E3%82%AD%E3%83%A9%E3%83%BC%E3%83%9E%E3%82%B8%E3%83%B3%E3%82%AC%E6%A7%98" n2="%E3%81%A9%E3%82%93%E3%82%88%E3%81%8F" n3="%E3%83%88%E3%83%88%E3%83%AA%E5%85%88%E7%94%9F%31%39%E6%AD%B3" dan="16,17,18,18" rate="2120.33,2188.70,2271.20,2240.85" sx="F,F,M,F"/><TAIKYOKU oya="0"/><INIT seed="0,0,0,2,3,102" ten="250,250,250,250" oya="0" hai0="51,45,34,110,71,2,135,94,126,116,105,68,90" hai1="86,13,38,123,115,44,100,93,87,121,25,120,106" hai2="48,18,101,32,127,63,0,125,20,75,12,9,37" hai3="59,29,67,81,69,31,98,15,131,42,23,89,124"/><T30/><D116/><U24/><E115/><V56/><F37/><W70/><G131/><T117/><D117/><U57/><E13/><V80/><F48/><W73/><G124/><T95/><D2/><U113/><E113/><V46/><F46/><W130/><G130/><T133/><D126/><N who="2" m="48138" /><F32/><W41/><G70/><T3/><D3/><U72/><E72/><V47/><F47/><W60/><G73/><T40/><D105/><U92/><E57/><V112/><F101/><W104/><G69/><T64/><D110/><U11/><E100/><V50/><F50/><W49/><G104/><T22/><D34/><U122/><E106/><V54/><F112/><W10/><G23/><T8/><D8/><U53/><E11/><V79/><F0/><W65/><G65/><T96/><D94/><U134/><E38/><V36/><F36/><W58/><G58/><T5/><D5/><U52/><E122/><V19/><F20/><W114/><G114/><T33/><D22/><U21/><E21/><V61/><F63/><W7/><G49/><T129/><D129/><U76/><E121/><V66/><F66/><W26/><G26/><N who="0" m="18647" /><D64/><U128/><E128/><V132/><F132/><AGARI ba="0,0" hai="40,45,51,68,71,90,95,96,132,133,135" m="18647" machi="132" ten="30,1500,0" yaku="20,1" doraHai="102" who="0" fromWho="2" sc="250,15,250,0,250,-15,250,0" /><INIT seed="0,1,0,4,3,28" ten="265,250,235,250" oya="0" hai0="87,31,13,47,63,4,50,62,58,15,116,127,90" hai1="21,74,44,37,2,19,10,20,121,69,132,123,72" hai2="54,76,7,80,98,48,40,30,41,14,117,25,1" hai3="135,33,119,43,39,64,9,53,109,68,79,16,120"/><T122/><D122/><U60/><E20/><V46/><F117/><W3/><G119/><T57/><D116/><U67/><E132/><V51/><F1/><W106/><G106/><T11/><D127/><U101/><E101/><V23/><F98/><W45/><G135/><T126/><D31/><U134/><E134/><V100/><F100/><W95/><G120/><N who="1" m="46154" /><E21/><V18/><F7/><W61/><G109/><T130/><D126/><U27/><E19/><V125/><F51/><W73/><G95/><T82/><D130/><U0/><E27/><V94/><F94/><W108/><G108/><T115/><D115/><U110/><E110/><V77/><F125/><W75/><G53/><T111/><D111/><U52/><E52/><V104/><F104/><W6/><G79/><T34/><D34/><U55/><E55/><V114/><F114/><W128/><G128/><T78/><D13/><U133/><E133/><V42/><REACH who="2" step="1"/><F80/><REACH who="2" ten="265,250,225,250" step="2"/><W93/><G93/><T24/><D63/><U99/><E99/><V107/><F107/><W56/><G61/><T112/><D112/><U36/><E2/><V66/><F66/><W131/><G64/><T70/><D62/><U96/><E96/><V32/><AGARI ba="1,1" hai="14,18,23,25,30,32,40,41,42,46,48,54,76,77" machi="32" ten="30,4000,0" yaku="1,1,0,1,52,1,53,0" doraHai="28" doraHaiUra="97" who="2" fromWho="2" sc="265,-21,250,-11,225,53,250,-11" /><INIT seed="1,0,0,1,4,31" ten="244,239,278,239" oya="1" hai0="15,27,20,91,123,16,89,41,115,38,51,14,129" hai1="98,78,47,46,130,2,44,76,68,30,39,111,22" hai2="118,114,4,69,5,58,71,82,45,63,134,33,126" hai3="94,12,83,100,19,79,92,52,87,132,104,103,74"/><U107/><E39/><V105/><F105/><W18/><G132/><T50/><D115/><U119/><E119/><V97/><F118/><W65/><G65/><T122/><D38/><U10/><E68/><V1/><F134/><W121/><G121/><N who="0" m="46091" /><D129/><U24/><E130/><V117/><F117/><W17/><G74/><T43/><D51/><U131/><E131/><V53/><F114/><W135/><G135/><T124/><D124/><U125/><E125/><V133/><F133/><W66/><G66/><T120/><N who="0" m="46099" /><T40/><DORA hai="32" /><D50/><U84/><E84/><V127/><F127/><W108/><G108/><T21/><D14/><U109/><E98/><V67/><F126/><W85/><G12/><T72/><D72/><U77/><REACH who="1" step="1"/><E107/><REACH who="1" ten="244,229,278,239" step="2"/><V36/><F69/><W75/><G104/><T81/><D81/><U49/><E49/><V8/><F97/><W59/><G75/><T90/><D89/><U128/><E128/><V48/><F82/><W64/><G87/><T73/><D73/><U80/><E80/><V101/><F101/><N who="3" m="38987" /><G94/><T96/><D96/><U60/><E60/><V70/><F70/><W28/><G92/><T3/><D90/><U93/><E93/><V35/><REACH who="2" step="1"/><F5/><AGARI ba="0,1" hai="2,5,10,22,24,30,44,46,47,76,77,78,109,111" machi="5" ten="50,4800,0" yaku="1,1,52,1,53,0" doraHai="31,32" doraHaiUra="9,110" who="1" fromWho="2" sc="244,0,229,58,278,-48,239,0" /><INIT seed="1,1,0,5,5,111" ten="244,287,230,239" oya="1" hai0="93,134,75,67,68,96,114,116,27,15,22,4,117" hai1="9,57,26,130,132,50,123,29,92,95,23,100,46" hai2="28,120,76,52,41,98,80,14,36,70,101,133,7" hai3="8,33,53,51,62,18,12,86,19,38,17,104,125"/><U45/><E123/><V122/><F70/><W35/><G104/><T47/><D75/><U43/><E132/><V40/><F28/><W64/><G38/><T66/><D114/><U126/><E130/><V115/><F133/><W59/><G125/><T127/><D127/><U55/><E126/><V107/><F36/><W83/><G35/><T30/><D134/><U63/><E100/><V135/><F135/><W105/><G33/><T49/><D68/><U129/><E129/><V13/><F115/><W58/><REACH who="3" step="1"/><G105/><REACH who="3" ten="244,287,230,229" step="2"/><T69/><D117/><U0/><REACH who="1" step="1"/><E46/><REACH who="1" ten="244,277,230,229" step="2"/><V88/><F120/><W119/><G119/><T1/><D116/><U39/><E39/><V73/><F122/><W97/><G97/><T34/><D96/><U131/><E131/><V82/><F98/><W79/><AGARI ba="1,2" hai="8,12,17,18,19,51,53,58,59,62,64,79,83,86" machi="79" ten="20,5200,0" yaku="1,1,0,1,7,1,8,1,53,0" doraHai="111" doraHaiUra="65" who="3" fromWho="3" sc="244,-14,277,-27,230,-14,229,75" /><INIT seed="2,0,0,2,2,94" ten="230,250,216,304" oya="2" hai0="64,77,6,22,43,63,65,12,27,130,90,38,69" hai1="106,10,88,100,16,55,123,104,56,97,120,31,47" hai2="51,68,81,18,82,121,0,34,58,132,118,129,26" hai3="52,2,11,8,57,89,62,36,83,15,108,41,20"/><V17/><F68/><W1/><G108/><T21/><D130/><U40/><E31/><V95/><F121/><N who="1" m="46665" /><E106/><V122/><F122/><W28/><G11/><T25/><D77/><U59/><E55/><V61/><F0/><W84/><G36/><T105/><D105/><U44/><E44/><V70/><F70/><W48/><G41/><T91/><D43/><U128/><E128/><V29/><F129/><W85/><G20/><T126/><D38/><N who="1" m="21911" /><E88/><V71/><F71/><W74/><G28/><T124/><D63/><U101/><E101/><V115/><F115/><W33/><G33/><T117/><D69/><U99/><E99/><V87/><F118/><W78/><G62/><T23/><D117/><U119/><E119/><V131/><F131/><W35/><G35/><T127/><D90/><U46/><E46/><V67/><F132/><W133/><G133/><T110/><D91/><U3/><E3/><V135/><F135/><W42/><G42/><T114/><D114/><U93/><E93/><V54/><F95/><W112/><G112/><T86/><D110/><U30/><E30/><V32/><F32/><W103/><G103/><T37/><D37/><U80/><E80/><V116/><F116/><W76/><G89/><T134/><D134/><U24/><E24/><V79/><REACH who="2" step="1"/><F82/><REACH who="2" ten="230,250,206,304" step="2"/><N who="3" m="45335" /><G1/><T109/><D109/><U66/><E66/><V92/><F92/><W125/><G2/><T96/><D65/><U4/><E104/><V72/><F72/><W111/><G111/><T45/><D64/><U9/><E97/><V102/><F102/><W39/><G83/><T113/><D96/><RYUUKYOKU ba="0,1" sc="230,-10,250,-10,206,30,304,-10" hai2="17,18,26,29,34,51,54,58,61,67,79,81,87" /><INIT seed="2,1,1,3,0,103" ten="220,240,236,294" oya="2" hai0="67,125,109,11,85,118,93,122,123,99,84,54,24" hai1="135,55,23,19,113,77,63,76,0,15,101,22,86" hai2="117,31,66,2,45,91,78,130,100,120,79,12,94" hai3="3,16,102,97,64,48,44,134,18,82,46,32,133"/><V69/><F2/><W7/><G32/><T96/><D67/><U43/><E113/><V8/><F120/><W80/><G64/><T81/><D109/><U92/><E0/><V87/><F117/><W38/><G38/><T132/><D132/><N who="3" m="50793" /><G7/><T33/><D125/><U57/><E135/><V119/><F119/><W49/><G3/><T26/><D118/><U13/><E43/><V95/><F130/><W58/><G58/><T30/><D11/><U68/><E68/><V70/><F31/><W124/><G124/><T27/><D27/><U37/><E37/><V51/><F66/><W34/><G34/><T52/><D33/><U60/><E60/><V126/><F126/><W75/><G48/><T71/><D93/><U1/><E1/><V35/><F35/><W5/><G5/><T14/><D14/><U106/><E106/><V59/><F59/><W104/><G46/><T9/><D9/><U17/><REACH who="1" step="1"/><E86/><REACH who="1" ten="220,230,236,294" step="2"/><V88/><F70/><W90/><G75/><T21/><D71/><U108/><E108/><V111/><F111/><W131/><G131/><T121/><D121/><U110/><E110/><V83/><F69/><W50/><G50/><T53/><D123/><U114/><E114/><V107/><F51/><W73/><G73/><T28/><D122/><U65/><E65/><V39/><F39/><W20/><G49/><T40/><D40/><U10/><E10/><V47/><F107/><W29/><G104/><T74/><D74/><U115/><E115/><V56/><F56/><W128/><G128/><T6/><D85/><U36/><E36/><V129/><F129/><RYUUKYOKU ba="1,2" sc="220,-10,230,30,236,-10,294,-10" hai1="13,15,17,19,22,23,55,57,63,76,77,92,101" /><INIT seed="3,2,2,2,5,4" ten="210,260,226,284" oya="3" hai0="9,44,65,87,32,98,86,31,83,72,12,108,16" hai1="53,22,71,26,99,43,112,59,6,52,110,80,125" hai2="90,76,123,33,29,28,62,124,21,128,119,66,129" hai3="100,118,102,79,75,49,56,54,114,51,93,23,91"/><W82/><G118/><T38/><D108/><U106/><E112/><V15/><F119/><W111/><G114/><T47/><D65/><U103/><E110/><V105/><F105/><W3/><G3/><T92/><D72/><U126/><E71/><V81/><F33/><W120/><G120/><T39/><D87/><U96/><E43/><V18/><F123/><W19/><G51/><T2/><D2/><U46/><E6/><V34/><F34/><W40/><G40/><T63/><D63/><U37/><E99/><V97/><F97/><W70/><G70/><T35/><D47/><U68/><E68/><N who="2" m="42071" /><F90/><W58/><G58/><T5/><D5/><U84/><E46/><V48/><F48/><W104/><G104/><T24/><D35/><U30/><E37/><V27/><F27/><W95/><G111/><T132/><D132/><U14/><E14/><V89/><F89/><W109/><G109/><T1/><D44/><U67/><E67/><V94/><F94/><W7/><G7/><T8/><D1/><U10/><E10/><V25/><F25/><W130/><G95/><T55/><D55/><U116/><E116/><V115/><F115/><W134/><G134/><T117/><D8/><U133/><E133/><V60/><F60/><W131/><G100/><T45/><D45/><U57/><E53/><V73/><F124/><N who="1" m="47721" /><E52/><V107/><F107/><W135/><G102/><N who="0" m="60743" /><D117/><U20/><E20/><V113/><F113/><W88/><G135/><T121/><D121/><U77/><AGARI ba="2,2" hai="22,26,30,57,59,77,80,84,96,103,106" m="47721" machi="77" ten="30,1100,0" yaku="18,1" doraHai="4" who="1" fromWho="1" sc="210,-5,260,37,226,-5,284,-7" /><INIT seed="4,0,0,5,2,0" ten="205,297,221,277" oya="0" hai0="75,100,74,69,59,101,36,3,38,33,51,23,85" hai1="4,25,32,18,26,84,48,90,119,97,34,93,63" hai2="103,7,30,21,94,79,127,116,86,89,24,92,134" hai3="108,37,98,99,117,9,118,96,6,61,70,125,54"/><T12/><D33/><U88/><E119/><V28/><F127/><W41/><G108/><T102/><D3/><U35/><E63/><V128/><F128/><W49/><G125/><T135/><D69/><U110/><E110/><V10/><F134/><W19/><G19/><T27/><D135/><U124/><E124/><V52/><F116/><W55/><G37/><T77/><D12/><U16/><E4/><V107/><F107/><W114/><G41/><T1/><D1/><U60/><E60/><V95/><F79/><W42/><G42/><T22/><D85/><U73/><E73/><V129/><F129/><W47/><G114/><T31/><D22/><U111/><E111/><V87/><F30/><W122/><G122/><T81/><REACH who="0" step="1"/><D75/><REACH who="0" ten="195,297,221,277" step="2"/><U121/><E121/><V82/><F87/><W132/><G132/><T2/><D2/><U126/><E126/><V14/><REACH who="2" step="1"/><F52/><AGARI ba="0,1" hai="23,27,31,36,38,51,52,59,74,77,81,100,101,102" machi="52" ten="40,3900,0" yaku="1,1,54,1,53,0" doraHai="0" doraHaiUra="66" who="0" fromWho="2" sc="195,49,297,0,221,-39,277,0" /><INIT seed="4,1,0,2,1,94" ten="244,297,182,277" oya="0" hai0="49,44,79,76,134,16,70,97,126,124,9,15,47" hai1="40,121,105,14,98,82,90,30,101,109,65,20,35" hai2="116,81,95,57,71,42,46,72,129,3,59,10,32" hai3="17,41,58,104,111,7,99,108,63,120,117,26,128"/><T61/><D134/><U106/><E109/><V54/><F71/><W38/><G117/><T75/><D47/><U12/><E121/><V53/><F32/><W43/><G120/><T86/><D86/><U51/><E106/><V77/><F116/><W11/><G128/><T18/><D18/><U60/><E35/><V133/><F133/><W119/><G119/><T52/><D97/><U74/><E40/><V31/><F31/><W69/><G69/><T96/><D96/><U5/><E51/><V112/><F112/><W48/><G38/><T33/><D33/><U6/><E74/><V93/><F129/><W115/><G115/><T89/><D89/><U85/><E14/><V130/><F130/><W2/><G17/><T123/><D123/><U22/><E30/><V100/><F100/><W67/><G26/><T8/><D8/><U28/><E28/><V113/><F113/><W34/><G34/><T56/><D70/><U4/><REACH who="1" step="1"/><E12/><REACH who="1" ten="244,287,182,277" step="2"/><V80/><F42/><N who="3" m="15883" /><G48/><T135/><D135/><U19/><E19/><V127/><F72/><W64/><G111/><T21/><D9/><U114/><E114/><V36/><F10/><W68/><G108/><T131/><D131/><U23/><E23/><V110/><F36/><W66/><G68/><AGARI ba="1,1" hai="4,5,6,20,22,60,65,68,82,85,90,98,101,105" machi="68" ten="40,2600,0" yaku="1,1,52,1,53,0" doraHai="94" doraHaiUra="88" who="1" fromWho="3" sc="244,0,287,39,182,0,277,-29" /><INIT seed="5,0,0,4,5,22" ten="244,326,182,248" oya="1" hai0="103,62,24,92,33,48,89,6,1,68,118,47,23" hai1="134,115,84,83,126,98,18,45,59,100,13,63,42" hai2="20,11,77,60,26,53,61,64,29,113,34,35,86" hai3="131,112,4,70,15,111,80,71,51,46,85,128,133"/><U67/><E115/><V121/><F113/><W79/><G112/><T96/><D33/><U91/><E134/><V122/><F11/><N who="3" m="4583" /><G133/><T9/><D118/><U30/><E126/><V120/><F53/><W19/><G19/><T97/><D68/><U55/><E30/><V14/><F14/><W110/><G71/><T36/><D36/><U21/><E42/><V58/><REACH who="2" step="1"/><F61/><REACH who="2" ten="244,326,172,248" step="2"/><W130/><G70/><T124/><D62/><U94/><E45/><V37/><F37/><W41/><AGARI ba="0,1" hai="41,46,51,79,80,85,110,111,128,130,131" m="4583" machi="41" ten="30,2000,0" yaku="25,1,19,1" doraHai="22" who="3" fromWho="3" sc="244,-5,326,-10,172,-5,248,30" /><INIT seed="6,0,0,3,3,29" ten="239,316,167,278" oya="2" hai0="71,52,60,97,99,36,49,64,127,28,43,88,42" hai1="7,130,123,129,84,4,1,133,35,91,116,24,8" hai2="16,113,78,117,80,102,46,79,70,106,89,93,66" hai3="34,19,126,86,14,57,65,22,118,51,112,75,110"/><V128/><F117/><W3/><G110/><T40/><D127/><U120/><E116/><V18/><F46/><W13/><G118/><T125/><D125/><U69/><E69/><V15/><F113/><W39/><G126/><T83/><D36/><U74/><E74/><V72/><F78/><W11/><G75/><T81/><D28/><N who="1" m="19847" /><E4/><V21/><F128/><N who="1" m="49257" /><E133/><V58/><F70/><W17/><G39/><T82/><REACH who="0" step="1"/><D88/><REACH who="0" ten="229,316,167,278" step="2"/><U23/><E91/><V104/><F102/><W96/><G112/><T31/><D31/><U77/><E120/><V124/><F124/><W5/><G96/><T2/><D2/><U32/><E1/><V108/><F108/><W131/><G131/><T10/><D10/><U121/><E8/><V94/><F94/><W54/><G3/><T53/><D53/><U105/><E121/><V134/><F134/><W30/><G65/><T33/><D33/><U26/><E32/><V25/><F66/><W92/><G30/><T68/><D68/><U114/><E114/><V63/><F63/><W67/><G34/><T41/><N who="0" m="10240" /><DORA hai="44" /><T59/><AGARI ba="0,1" hai="49,52,59,60,64,71,81,82,83,97,99" m="10240" machi="59" ten="50,8000,1" yaku="1,1,4,1,0,1,52,1,54,1,53,0" doraHai="29,44" doraHaiUra="115,87" who="0" fromWho="0" sc="229,90,316,-20,167,-40,278,-20" /><INIT seed="7,0,0,2,5,121" ten="319,296,127,258" oya="3" hai0="120,67,48,90,72,43,102,59,31,39,114,24,33" hai1="88,82,55,84,99,10,70,28,56,22,96,51,52" hai2="80,26,118,66,98,25,12,108,89,62,3,73,134" hai3="21,76,104,115,49,69,61,16,63,119,47,130,103"/><W117/><G115/><T95/><D120/><U71/><E71/><V87/><F3/><W128/><G76/><T111/><D111/><U83/><E70/><V74/><F118/><W101/><G119/><T112/><D102/><U30/><E10/><V2/><F2/><W38/><G38/><T19/><D72/><U8/><E8/><V105/><F134/><W123/><G123/><T135/><D135/><U127/><E127/><V36/><F36/><W15/><G117/><T132/><D132/><U41/><E41/><V18/><F74/><W75/><G75/><T9/><D39/><U81/><E55/><V125/><F125/><W14/><G14/><T126/><D126/><U34/><E34/><V64/><F64/><W44/><G44/><T93/><D67/><U91/><E91/><V13/><F13/><W20/><G20/><T54/><D43/><U68/><E68/><V32/><F32/><W11/><G11/><T7/><D19/><U6/><E6/><V122/><F122/><W129/><G104/><T50/><D50/><U42/><E42/><V1/><F1/><W37/><G37/><T57/><D57/><U110/><E110/><V27/><F108/><W113/><G113/><N who="0" m="43627" /><D90/><U46/><E56/><V107/><F73/><W58/><G69/><T78/><D78/><U131/><E30/><V65/><F62/><N who="3" m="23563" /><G58/><T17/><D7/><U94/><E131/><N who="3" m="33538" /><W85/><DORA hai="77" /><G85/><T40/><D40/><AGARI ba="0,0" hai="15,16,21,40,47,49,101,103" m="33538,23563" machi="40" ten="40,3900,0" yaku="19,1,54,1" doraHai="121,77" who="3" fromWho="0" sc="319,-39,296,0,127,0,258,39" /><INIT seed="7,1,0,1,0,53" ten="280,296,127,297" oya="3" hai0="34,108,9,7,17,74,3,0,13,68,62,4,76" hai1="122,134,128,16,10,102,90,109,86,91,24,45,66" hai2="133,113,80,99,67,61,12,30,118,35,60,71,121" hai3="63,22,125,107,82,65,36,56,83,8,41,135,40"/><W32/><G32/><T1/><D108/><U130/><E109/><V93/><F118/><W28/><G107/><T25/><D74/><U117/><E122/><V124/><F121/><W75/><G36/><T110/><D76/><U19/><E117/><V100/><F113/><W5/><G135/><T87/><D87/><U6/><E134/><V27/><F133/><W89/><G125/><T42/><D110/><U132/><E132/><V104/><F124/><W119/><G119/><T72/><D72/><U127/><E127/><V73/><F61/><W58/><G58/><T47/><D34/><U18/><E102/><V95/><REACH who="2" step="1"/><F12/><REACH who="2" ten="280,296,117,297" step="2"/><N who="3" m="5135" /><G75/><T2/><D2/><U54/><E130/><V59/><F59/><W11/><G56/><T129/><D129/><U15/><E128/><V57/><F57/><W106/><G63/><T111/><D111/><U14/><E14/><V81/><F81/><W94/><G82/><T84/><D25/><U69/><E24/><V49/><F49/><W70/><G83/><T46/><D46/><U39/><E39/><V131/><F131/><W85/><G65/><T52/><D68/><U101/><E69/><V114/><F114/><W38/><G70/><T97/><D62/><U126/><E66/><V105/><F105/><W78/><G106/><T79/><D0/><U23/><E126/><V37/><F37/><W64/><G64/><T112/><D112/><U21/><E15/><V103/><F103/><W48/><G38/><T43/><D1/><U123/><E123/><V77/><AGARI ba="1,1" hai="27,30,35,60,67,71,73,77,80,93,95,99,100,104" machi="77" ten="30,7900,0" yaku="1,1,0,1,25,2,53,0" doraHai="53" doraHaiUra="116" who="2" fromWho="2" sc="280,-21,296,-21,117,92,297,-40" /><INIT seed="8,0,0,0,2,3" ten="259,275,209,257" oya="0" hai0="32,100,55,62,105,123,13,70,41,109,127,102,117" hai1="47,116,33,73,1,61,114,67,42,18,29,7,4" hai2="124,113,91,53,27,54,131,134,101,8,59,25,128" hai3="30,24,125,72,57,11,64,97,111,12,10,37,68"/><T118/><D123/><U119/><E73/><V48/><F113/><W104/><G111/><T51/><D32/><U45/><E114/><V60/><F101/><W65/><G37/><T5/><D127/><U81/><E18/><V82/><F124/><W130/><G72/><T16/><D109/><U34/><E81/><V133/><F91/><W79/><G79/><T71/><D41/><U20/><E20/><V17/><F82/><W87/><G68/><N who="0" m="26155" /><D62/><U99/><E99/><V96/><F96/><W58/><G130/><N who="2" m="49705" /><F8/><W21/><G10/><N who="0" m="4303" /><D105/><U122/><E122/><V9/><F9/><W86/><G125/><T31/><D31/><U77/><E77/><V126/><F126/><W39/><G39/><T49/><D16/><U132/><E29/><V46/><F17/><N who="3" m="8351" /><G97/><T69/><D69/><N who="1" m="42223" /><E1/><V92/><F92/><W83/><G104/><T85/><D85/><U50/><E45/><V56/><F46/><W66/><G86/><T15/><D15/><U98/><E98/><V0/><F0/><W94/><G83/><T26/><D26/><AGARI ba="0,0" hai="25,26,27,48,53,54,56,59,60,133,134" m="49705" machi="26" ten="30,1000,0" yaku="19,1" doraHai="3" who="2" fromWho="0" sc="259,-10,275,0,209,10,257,0" /><INIT seed="9,0,0,3,0,28" ten="249,275,219,257" oya="1" hai0="108,58,95,128,72,84,66,43,56,26,115,92,50" hai1="120,51,86,41,14,93,118,119,123,81,114,116,49" hai2="89,105,47,33,6,21,3,44,68,104,12,69,39" hai3="127,67,117,63,82,9,79,90,73,70,0,48,125"/><U99/><E114/><V45/><F39/><W27/><G90/><T38/><D72/><U133/><E133/><V129/><F3/><W60/><G48/><N who="1" m="18506" /><E41/><V71/><F129/><W134/><G134/><T24/><D115/><U124/><E124/><V110/><F110/><W130/><G130/><T85/><D38/><U32/><E14/><V62/><F62/><W19/><G19/><T40/><D128/><U80/><E32/><V7/><F89/><W74/><G74/><T83/><D50/><U75/><E75/><V101/><F101/><W37/><G117/><N who="1" m="29954" /><U112/><DORA hai="131" /><E112/><V52/><F52/><W59/><G27/><T22/><D108/><U8/><E8/><V132/><F132/><W16/><G37/><T102/><D22/><U107/><E107/><N who="2" m="41035" /><F21/><W18/><G0/><T109/><D109/><U64/><E64/><V29/><F12/><W94/><G9/><T88/><D66/><U23/><E23/><V78/><F78/><W91/><G127/><T1/><D1/><U25/><E25/><N who="0" m="9833" /><D40/><U10/><E10/><V34/><F29/><W20/><G125/><T46/><D43/><U97/><E97/><V77/><F77/><W57/><G20/><T103/><D46/><U42/><E42/><V35/><AGARI ba="0,0" hai="6,7,33,34,35,44,45,47,68,69,71" m="41035" machi="35" ten="50,16000,3" yaku="29,2,28,2,26,2,52,3" doraHai="28,131" who="2" fromWho="2" sc="249,-40,275,-80,219,160,257,-40" owari="209,-19.0,195,-30.0,379,47.0,217,2.0" /></mjloggm>