<mjloggm ver="2.3"><GO type="169" lobby="0"/><UN n0="%63%6F%61" n1="%E8%AC%8E%E3%81%AE%E4%BA%94%E4%BD%8D%E5%8A%9B" n2="%73%61%6E%64%69%72%69%73" n3="%E5%B0%B1%E6%B4%BB%E7%94%9F%40%E5%B7%9D%E6%9D%91%E8%BB%8D%E5%9B%A3" dan="16,16,16,17" rate="2121.87,2027.36,2082.98,2249.20" sx="M,M,M,M"/><TAIKYOKU oya="0"/><INIT seed="0,0,0,1,2,94" ten="250,250,250,250" oya="0" hai0="126,29,70,99,104,43,0,121,124,77,103,16,110" hai1="79,98,26,73,40,50,105,86,91,10,24,47,120" hai2="1,21,112,48,62,33,53,56,65,93,130,52,118" hai3="125,39,84,36,75,74,14,117,83,13,60,109,100"/><T44/><D121/><U132/><E120/><V59/><F33/><W101/><G117/><T45/><D0/><U35/><E132/><V25/><F1/><W66/><G109/><T106/><D70/><U135/><E135/><V30/><F130/><W68/><G125/><N who="0" m="48235" /><D110/><U4/><E35/><V107/><F107/><N who="0" m="41002" /><D29/><U42/><E42/><V64/><F112/><W15/><G39/><T69/><D69/><U19/><E19/><V9/><F118/><W87/><G36/><T90/><D90/><U12/><E79/><V116/><F116/><W80/><G74/><T127/><N who="0" m="48243" /><T5/><DORA hai="63" /><D5/><U72/><E72/><V38/><F38/><W20/><G75/><T88/><D103/><U123/><E73/><V57/><F9/><W22/><G100/><T28/><D28/><U41/><E123/><V134/><F134/><W108/><G101/><T119/><D119/><U58/><E105/><V81/><F81/><W114/><G114/><T71/><D71/><U92/><E4/><V17/><F30/><W8/><G108/><T82/><D43/><U31/><E31/><V51/><F93/><W61/><G8/><T78/><D78/><U76/><E10/><V67/><AGARI ba="0,0" hai="17,21,25,48,51,52,53,56,57,59,62,64,65,67" machi="67" ten="20,16000,3" yaku="0,1,7,1,9,1,8,1,52,3,54,1" doraHai="94,63" who="2" fromWho="2" sc="250,-80,250,-40,250,160,250,-40" /><INIT seed="1,0,0,1,1,30" ten="170,210,410,210" oya="1" hai0="8,117,118,11,0,51,123,87,39,54,48,84,9" hai1="36,90,132,105,42,97,79,134,73,107,25,24,66" hai2="13,82,52,129,53,133,28,45,108,72,17,81,119" hai3="64,67,99,18,76,33,49,112,29,69,1,31,109"/><U6/><E6/><V91/><F119/><W20/><G1/><T57/><D39/><U55/><E66/><V115/><F108/><W96/><G109/><T92/><D0/><U43/><E55/><V2/><F2/><W32/><G76/><T104/><D104/><N who="1" m="40011" /><E36/><V15/><F72/><W21/><G112/><T80/><D123/><U5/><E5/><V10/><F133/><N who="1" m="51305" /><E79/><V135/><F135/><W120/><G49/><T94/><D118/><U60/><E60/><V63/><F115/><W71/><REACH who="3" step="1"/><G18/><REACH who="3" ten="170,210,410,200" step="2"/><T77/><D117/><U78/><E78/><V101/><F17/><W3/><G3/><T50/><D50/><U122/><E122/><AGARI ba="0,1" hai="20,21,29,31,32,33,64,67,69,71,96,99,120,122" machi="122" ten="25,8000,1" yaku="1,1,22,2,52,2,53,0" doraHai="30" doraHaiUra="70" who="3" fromWho="1" sc="170,0,210,-80,410,0,200,90" /><INIT seed="2,0,0,0,3,92" ten="170,130,410,290" oya="2" hai0="49,67,116,80,26,30,38,9,98,37,96,35,133" hai1="124,126,52,97,132,134,72,29,60,78,106,24,8" hai2="58,47,65,90,41,101,55,19,31,53,12,45,69" hai3="131,61,62,14,112,56,25,11,63,54,81,109,50"/><V10/><F101/><W123/><G109/><T102/><D133/><N who="1" m="51307" /><E8/><V114/><F114/><W42/><G131/><T36/><D116/><U48/><E60/><V51/><F31/><W3/><G3/><T129/><D129/><U117/><E117/><V39/><F90/><W71/><G123/><T64/><D49/><U128/><E78/><V44/><REACH who="2" step="1"/><F55/><REACH who="2" ten="170,130,400,290" step="2"/><W104/><G112/><T59/><D102/><U7/><E29/><V76/><F76/><W89/><G104/><T122/><D122/><U68/><E106/><V103/><F103/><W95/><G71/><T118/><D118/><U40/><E68/><V6/><F6/><W43/><G81/><T99/><D80/><U79/><E52/><V75/><F75/><W94/><G94/><T100/><D100/><U121/><E79/><V15/><F15/><W125/><G25/><T85/><D85/><U119/><E24/><V34/><F34/><W127/><G127/><T27/><D27/><U57/><E72/><V66/><F66/><W32/><G32/><T82/><D82/><U46/><E121/><V2/><F2/><W0/><G0/><T83/><D83/><U22/><E7/><V107/><F107/><W4/><G125/><T91/><D91/><U120/><E120/><V111/><F111/><W1/><G1/><T84/><D64/><U88/><E88/><V110/><F110/><W20/><G89/><T28/><D28/><U113/><E113/><V74/><F74/><W87/><G95/><T130/><D130/><U93/><E128/><V33/><F33/><W73/><G73/><T86/><D67/><RYUUKYOKU ba="0,1" sc="170,-10,130,-10,400,30,290,-10" hai2="10,12,19,39,41,44,45,47,51,53,58,65,69" /><INIT seed="2,1,1,4,1,28" ten="160,120,430,280" oya="2" hai0="61,26,111,128,68,49,99,62,104,72,93,91,19" hai1="0,119,59,43,56,30,41,74,117,79,3,96,98" hai2="129,102,135,89,58,66,69,50,94,84,22,27,40" hai3="45,14,114,78,33,82,1,83,75,5,65,127,133"/><V87/><F69/><W80/><G133/><T116/><D72/><U76/><REACH who="1" step="1"/><E30/><REACH who="1" ten="160,110,430,280" step="2"/><N who="2" m="17783" /><F135/><W125/><G114/><T124/><D111/><U70/><E70/><V92/><F129/><W81/><G1/><T108/><D68/><U123/><E123/><V60/><F102/><W29/><G125/><T20/><D108/><U44/><E44/><N who="2" m="25863" /><F87/><W38/><G127/><T118/><D124/><U52/><E52/><V109/><F109/><W115/><G115/><T67/><D67/><U130/><E130/><V25/><F25/><W110/><G65/><T7/><D128/><U39/><E39/><V122/><F122/><W31/><G110/><T57/><D118/><U113/><E113/><V134/><F134/><W8/><G33/><T48/><D116/><U97/><E97/><V63/><F63/><W2/><G14/><T95/><D62/><U112/><E112/><V85/><F85/><W37/><G37/><T86/><D61/><U103/><E103/><V36/><F36/><W107/><G107/><T64/><D104/><U12/><E12/><V16/><F84/><W15/><G15/><T42/><D64/><U21/><E21/><V101/><F101/><W17/><G17/><T132/><D132/><U73/><AGARI ba="1,2" hai="0,3,41,43,56,59,73,74,76,79,96,98,117,119" machi="73" ten="25,12000,2" yaku="21,2,0,1,22,2,53,2" doraHai="28" doraHaiUra="55" who="1" fromWho="1" sc="160,-31,110,143,430,-61,280,-31" /><INIT seed="3,0,0,5,0,33" ten="129,253,369,249" oya="3" hai0="18,21,3,41,64,46,124,95,40,114,22,116,27" hai1="37,134,53,115,111,54,42,71,36,2,29,74,81" hai2="100,122,65,70,43,86,7,68,75,133,91,44,105" hai3="47,129,132,20,32,61,98,135,92,93,12,84,63"/><W8/><G32/><T69/><D116/><U123/><E29/><V87/><F75/><W88/><G129/><T126/><D114/><U25/><E25/><V60/><F133/><N who="3" m="51275" /><G20/><T121/><D121/><U76/><E71/><V106/><F122/><W109/><G47/><T82/><D82/><U62/><E115/><V30/><F70/><W6/><G109/><T125/><D95/><U14/><E14/><V118/><F118/><W49/><G49/><T51/><D22/><U34/><E34/><V94/><F30/><W108/><G108/><T96/><D96/><U52/><E42/><V17/><F7/><W24/><G24/><T67/><D69/><U112/><E112/><V113/><F113/><W58/><G58/><T79/><D79/><U48/><E48/><V1/><F44/><W35/><G35/><T10/><REACH who="0" step="1"/><D41/><REACH who="0" ten="119,253,369,249" step="2"/><U130/><E76/><V28/><F43/><W101/><AGARI ba="0,1" hai="6,8,12,61,63,84,88,92,93,98,101" m="51275" machi="101" ten="30,3000,0" yaku="20,1,54,1" doraHai="33" who="3" fromWho="3" sc="119,-10,253,-10,369,-10,249,40" /><INIT seed="3,1,0,1,5,121" ten="109,243,359,289" oya="3" hai0="116,21,10,81,130,83,27,58,75,63,62,64,105" hai1="3,57,88,94,50,112,1,54,44,16,111,72,28" hai2="55,20,42,91,80,35,23,67,25,97,113,0,93" hai3="118,86,84,49,108,47,69,4,34,123,92,31,51"/><W22/><G123/><T30/><D116/><U87/><E112/><V61/><F0/><W99/><G69/><T115/><D115/><U124/><E72/><V117/><F117/><W11/><G34/><T12/><D130/><U89/><E111/><V127/><F113/><W8/><G118/><T15/><D105/><U131/><E124/><V53/><F127/><W60/><G60/><T100/><D100/><U18/><E28/><V66/><F42/><W85/><G108/><T56/><D75/><U19/><E131/><V46/><F35/><W39/><G39/><T6/><REACH who="0" step="1"/><D15/><REACH who="0" ten="99,243,359,289" step="2"/><U109/><E1/><V2/><F2/><W13/><G11/><T98/><D98/><N who="1" m="57671" /><E3/><V79/><F97/><W77/><G77/><T68/><D68/><U43/><E109/><V71/><F79/><W132/><G85/><T107/><D107/><U48/><E87/><V5/><F71/><W24/><G132/><T129/><D129/><U126/><E126/><V7/><F7/><W133/><G133/><T59/><D59/><U104/><E104/><V96/><F5/><W40/><G51/><T128/><D128/><U90/><AGARI ba="1,1" hai="16,18,19,43,44,48,50,54,57,89,90" m="57671" machi="90" ten="30,4000,0" yaku="8,1,54,2" doraHai="121" who="1" fromWho="1" sc="99,-11,243,53,359,-11,289,-21" /><INIT seed="4,0,0,1,3,105" ten="88,296,348,268" oya="0" hai0="100,75,128,6,50,129,121,111,42,66,33,108,131" hai1="58,99,21,20,68,120,78,73,10,37,63,72,13" hai2="49,115,4,65,18,61,52,51,12,67,113,29,98" hai3="36,26,86,85,19,124,47,55,95,110,91,127,64"/><T97/><D33/><U134/><E120/><V125/><F4/><W46/><G110/><N who="0" m="42027" /><D121/><U45/><E68/><V7/><F7/><W96/><G64/><N who="2" m="24649" /><F29/><W123/><G123/><T90/><D66/><U112/><E134/><V31/><F31/><W34/><G34/><T30/><D30/><U69/><E69/><V0/><F0/><W25/><G36/><T27/><D27/><N who="3" m="10249" /><G19/><T43/><D6/><U114/><E99/><V53/><F125/><N who="3" m="48203" /><G55/><N who="2" m="21065" /><F61/><W107/><G107/><N who="0" m="63887" /><D50/><U2/><E63/><V54/><F98/><W76/><G76/><T106/><D106/><U9/><E78/><V82/><F54/><W3/><G3/><T56/><D56/><U88/><E58/><V60/><F60/><W94/><G86/><T48/><D48/><U119/><E37/><V74/><F51/><W93/><G96/><T35/><D35/><U109/><E109/><V122/><F49/><W1/><G1/><T11/><D11/><U23/><E9/><V84/><F122/><W118/><G118/><T132/><D132/><U14/><E119/><V103/><F84/><W130/><G130/><N who="0" m="33283" /><T38/><DORA hai="39" /><D38/><U44/><E10/><V22/><F18/><W28/><G28/><T116/><D116/><U40/><E21/><V101/><F22/><W41/><G41/><N who="0" m="15371" /><D90/><U5/><E88/><V83/><F12/><W71/><G71/><T126/><D126/><U135/><E40/><V89/><F89/><W79/><G79/><T87/><D87/><U117/><E135/><V70/><F70/><W133/><G133/><T80/><D80/><AGARI ba="0,0" hai="46,47,80,85,91,93,94,95" m="48203,10249" machi="80" ten="30,1000,0" yaku="18,1" doraHai="105,39" who="3" fromWho="0" sc="88,-10,296,0,348,0,268,10" /><INIT seed="5,0,0,0,1,20" ten="78,296,348,278" oya="1" hai0="39,121,65,32,68,88,135,132,64,110,125,108,67" hai1="112,21,127,14,7,33,122,116,44,90,1,97,43" hai2="25,30,126,93,130,56,57,48,37,63,98,60,50" hai3="87,61,129,34,83,115,29,80,58,100,15,78,102"/><U111/><E116/><V128/><F37/><W119/><G119/><T18/><D18/><U96/><E122/><V101/><F126/><W28/><G115/><T79/><D79/><U19/><E33/><V59/><F50/><W85/><G15/><T9/><D9/><U52/><E112/><V46/><F130/><W22/><G34/><T81/><D32/><U107/><E107/><V8/><F8/><W134/><G134/><N who="0" m="51243" /><D125/><U106/><E127/><V36/><F36/><W120/><G120/><T114/><D114/><U118/><E118/><V89/><F128/><W131/><G131/><T13/><D13/><U104/><E104/><V47/><F101/><N who="3" m="39019" /><G22/><T109/><D121/><U105/><E106/><V40/><REACH who="2" step="1"/><F47/><REACH who="2" ten="78,296,338,278" step="2"/><W41/><G129/><T73/><D39/><U4/><E44/><V54/><F54/><N who="3" m="34007" /><G41/><T35/><D35/><AGARI ba="0,1" hai="25,30,35,40,46,48,56,57,59,60,63,89,93,98" machi="35" ten="40,2600,0" yaku="1,1,52,1,53,0" doraHai="20" doraHaiUra="71" who="2" fromWho="0" sc="78,-26,296,0,338,36,278,0" /><INIT seed="6,0,0,2,1,96" ten="52,296,374,278" oya="2" hai0="30,97,135,121,22,32,86,98,104,31,125,14,48" hai1="7,29,62,117,12,52,131,94,112,20,21,55,79" hai2="33,74,134,118,72,78,119,47,53,2,50,80,85" hai3="13,40,35,75,84,34,103,36,113,8,38,60,115"/><V54/><F2/><W81/><G75/><T15/><D121/><U108/><E108/><V57/><F33/><W71/><G71/><T93/><D135/><U42/><E117/><V111/><F134/><W19/><G60/><T76/><D125/><U25/><E112/><N who="3" m="43082" /><G103/><T123/><D123/><U9/><E131/><V10/><F111/><W92/><G92/><T130/><D130/><U58/><E79/><V122/><F122/><W124/><G124/><T4/><D32/><N who="3" m="12329" /><G40/><T23/><D104/><U69/><E69/><V63/><REACH who="2" step="1"/><F10/><REACH who="2" ten="52,296,364,278" step="2"/><W91/><AGARI ba="0,1" hai="8,13,19,36,38,81,84,91" m="12329,43082" machi="91" ten="30,2000,0" yaku="15,1,11,1" doraHai="96" who="3" fromWho="3" sc="52,-5,296,-5,364,-10,278,30" /><INIT seed="7,0,0,0,1,39" ten="47,291,354,308" oya="3" hai0="27,34,69,131,115,114,12,32,58,82,92,127,71" hai1="99,18,11,57,45,2,118,22,76,78,53,29,43" hai2="28,63,19,49,46,59,130,4,73,74,41,55,13" hai3="117,98,9,116,65,35,103,101,25,100,60,20,37"/><W1/><G37/><T123/><D123/><U54/><E118/><V81/><F130/><W85/><G35/><T16/><D92/><U96/><E2/><V110/><F110/><W77/><G98/><N who="1" m="37418" /><E11/><N who="2" m="4327" /><F28/><W66/><G1/><T108/><D82/><U5/><E5/><V7/><F7/><W80/><G9/><T48/><D108/><U112/><E112/><V23/><F74/><W31/><REACH who="3" step="1"/><G66/><REACH who="3" ten="47,291,354,298" step="2"/><T90/><D131/><U132/><E132/><V126/><F126/><W113/><G113/><T64/><D127/><U24/><E29/><V44/><F73/><W93/><G93/><T61/><D115/><U122/><E122/><V10/><F10/><W129/><G129/><T94/><D114/><U70/><E70/><AGARI ba="0,1" hai="20,25,31,60,65,70,77,80,85,100,101,103,116,117" machi="70" ten="40,3900,0" yaku="1,1,53,1" doraHai="39" doraHaiUra="67" who="3" fromWho="1" sc="47,0,291,-39,354,0,298,49" /><INIT seed="7,1,0,0,0,2" ten="47,252,354,347" oya="3" hai0="55,57,35,54,13,98,68,12,103,104,70,120,77" hai1="21,79,36,119,20,64,19,28,32,29,48,129,87" hai2="134,102,8,82,5,76,118,60,111,90,25,39,0" hai3="123,114,91,84,88,107,122,83,14,128,40,135,22"/><W45/><G107/><T81/><D35/><U44/><E36/><V58/><F111/><W75/><G75/><T101/><D120/><U115/><E115/><V94/><F118/><W131/><G114/><T43/><D43/><U96/><E129/><N who="3" m="49738" /><G135/><T108/><D108/><U50/><E64/><V92/><F134/><W59/><G59/><T51/><D103/><U1/><E1/><V109/><F109/><W52/><G52/><T110/><D110/><U37/><E37/><V33/><F39/><N who="3" m="21663" /><G91/><T7/><D55/><U73/><E73/><V124/><F124/><W41/><G41/><T86/><REACH who="0" step="1"/><D12/><REACH who="0" ten="37,252,354,347" step="2"/><U15/><E15/><V93/><F102/><W24/><G14/><T126/><D126/><U85/><E119/><V9/><F33/><W89/><G89/><T26/><D26/><U17/><E32/><V61/><F25/><W125/><G125/><T69/><D69/><U6/><E79/><V65/><F9/><W112/><G112/><T3/><D3/><U10/><E10/><V127/><F127/><W27/><G27/><T11/><D11/><U18/><E20/><V42/><F42/><W117/><G117/><T100/><D100/><U106/><E21/><V133/><F133/><W4/><G4/><T16/><D16/><AGARI ba="1,1" hai="16,22,24,83,84,88,122,123" m="21663,49738" machi="16" ten="30,5800,0" yaku="19,1,54,2" doraHai="2" who="3" fromWho="0" sc="37,-61,252,0,354,0,347,71" owari="-24,-52.0,252,-15.0,354,15.0,418,52.0" /></mjloggm>