<mjloggm ver="2.3"><GO type="169" lobby="0"/><UN n0="%46%75%72%75%79%61" n1="%E2%80%BB%34%33%33%E2%80%BB" n2="%73%75%7A%75%6D%65%E3%81%AE%E6%B6%99" n3="%E3%82%A6%E3%83%AB%E3%83%88%E3%83%A9%E7%AB%8B%E7%9B%B4" dan="16,16,16,17" rate="2157.33,2075.42,2109.04,2224.55" sx="M,M,M,M"/><TAIKYOKU oya="0"/><INIT seed="0,0,0,1,4,28" ten="250,250,250,250" oya="0" hai0="39,83,64,56,10,130,48,52,50,73,21,5,108" hai1="57,67,26,17,1,37,24,41,88,77,95,87,22" hai2="38,3,103,99,51,53,43,60,6,97,36,84,0" hai3="135,2,80,34,90,54,94,112,100,82,123,58,118"/><T66/><D130/><U44/><E1/><V61/><F43/><W115/><G2/><T119/><D119/><U131/><E131/><V4/><F84/><W75/><G34/><T125/><D125/><U46/><E77/><V18/><F51/><W78/><G118/><T71/><D108/><U8/><E8/><V76/><F53/><W32/><G32/><T19/><D39/><U102/><E102/><V105/><F76/><W12/><G135/><T134/><D73/><U72/><E72/><V16/><F103/><W116/><G116/><T74/><D74/><U106/><E106/><AGARI ba="0,0" hai="0,3,4,6,16,18,36,38,60,61,97,99,105,106" machi="106" ten="25,3200,0" yaku="22,2,54,1" doraHai="28" who="2" fromWho="1" sc="250,0,250,-32,250,32,250,0" /><INIT seed="1,0,0,5,0,12" ten="250,218,282,250" oya="1" hai0="24,106,25,63,3,94,82,71,92,41,51,4,36" hai1="126,88,21,56,52,104,20,66,90,96,62,47,107" hai2="75,49,15,70,22,89,33,69,113,80,68,16,48" hai3="76,43,27,0,46,40,101,19,81,26,35,64,110"/><U5/><E126/><V108/><F108/><W125/><G0/><T120/><D51/><N who="1" m="28799" /><E107/><V72/><F113/><W127/><G110/><T121/><D82/><U58/><E104/><V130/><F130/><W115/><G115/><T109/><D24/><U44/><E44/><V60/><F60/><W124/><G101/><T134/><D25/><U102/><E5/><V87/><REACH who="2" step="1"/><F33/><REACH who="2" ten="250,218,272,250" step="2"/><W67/><G35/><T31/><D109/><U7/><E62/><V135/><F135/><W99/><G124/><T28/><D134/><U79/><E66/><V111/><F111/><W131/><G131/><T97/><D63/><U132/><E132/><V54/><F54/><W123/><G67/><T11/><D121/><U78/><E58/><V42/><F42/><W13/><G64/><T39/><D41/><U84/><E56/><V17/><F17/><W29/><G43/><T112/><D112/><U6/><E6/><V23/><F23/><W129/><G129/><T100/><D120/><U83/><E7/><V55/><F55/><W91/><G123/><T65/><D65/><U128/><E128/><V14/><F14/><W61/><G61/><T74/><D71/><U57/><E57/><V18/><F18/><W30/><G127/><T114/><D114/><U116/><E20/><V85/><F85/><N who="3" m="48295" /><G125/><T122/><D122/><U53/><E21/><V38/><F38/><N who="3" m="21783" /><G13/><T32/><D32/><U117/><E53/><V86/><F86/><W118/><G19/><T133/><D133/><U77/><E102/><V34/><F34/><W105/><G27/><T98/><D36/><U50/><E50/><AGARI ba="0,1" hai="15,16,22,48,49,50,68,69,70,72,75,80,87,89" machi="50" ten="40,8000,1" yaku="1,1,6,1,52,1,54,1,53,0" doraHai="12" doraHaiUra="73" who="2" fromWho="1" sc="250,0,218,-80,272,90,250,0" /><INIT seed="2,0,0,5,2,112" ten="250,138,362,250" oya="2" hai0="29,21,8,75,111,88,10,97,40,103,30,87,9" hai1="119,122,109,22,128,3,129,15,98,80,11,48,106" hai2="38,56,91,24,118,126,127,32,7,4,124,79,125" hai3="14,95,41,27,18,49,43,33,132,133,101,65,51"/><V17/><F38/><W86/><G65/><T116/><D75/><U67/><E122/><V72/><F118/><W102/><G27/><T53/><D111/><U120/><E109/><V104/><F104/><W135/><G33/><T115/><D115/><U130/><E120/><V12/><F91/><N who="3" m="53751" /><G51/><T13/><D40/><N who="3" m="15433" /><G49/><T82/><D116/><U105/><E48/><V96/><F96/><W107/><G107/><T117/><D117/><U123/><E119/><V52/><F79/><W70/><G70/><T121/><D121/><U83/><E123/><V110/><F72/><W39/><G39/><T42/><D42/><U28/><E67/><V2/><F2/><W93/><G93/><N who="0" m="58799" /><D53/><U131/><N who="1" m="32768" /><DORA hai="76" /><U16/><E3/><V45/><F45/><W85/><G85/><T81/><D81/><N who="1" m="31307" /><E98/><V63/><F110/><W100/><G100/><T78/><D78/><U69/><E69/><V37/><F37/><W20/><AGARI ba="0,0" hai="14,18,20,101,102,132,133,135" m="15433,53751" machi="20" ten="40,1500,0" yaku="20,1" doraHai="112,76" who="3" fromWho="3" sc="250,-4,138,-4,362,-7,250,15" /><INIT seed="3,0,0,3,4,81" ten="246,134,355,265" oya="3" hai0="85,62,29,117,65,46,54,32,37,22,24,73,89" hai1="15,93,48,69,1,108,103,55,53,5,86,119,27" hai2="94,58,51,97,19,13,101,30,74,9,120,123,128" hai3="132,26,70,78,79,71,44,20,109,50,63,47,82"/><W131/><G131/><T52/><D117/><U106/><E69/><V124/><F128/><W107/><G107/><T18/><D73/><U98/><E119/><V129/><F129/><W104/><G104/><T43/><D32/><U92/><E108/><V116/><F116/><W76/><G109/><T49/><D29/><U126/><E126/><V72/><F30/><W134/><G82/><T8/><D8/><U110/><E110/><V23/><F9/><W28/><G47/><T16/><D18/><U133/><E133/><N who="3" m="51306" /><G63/><T4/><D4/><U90/><E1/><V34/><F34/><W114/><G114/><T45/><D37/><U57/><E27/><V14/><F124/><W64/><G64/><T125/><D125/><U39/><E39/><V33/><F33/><W77/><N who="3" m="19456" /><DORA hai="11" /><W59/><G59/><N who="0" m="37087" /><D45/><U96/><E55/><AGARI ba="0,0" hai="20,26,28,44,50,55,70,71" m="19456,51306" machi="55" ten="40,2000,0" yaku="20,1" doraHai="81,11" who="3" fromWho="1" sc="246,0,134,-20,355,0,265,20" /><INIT seed="3,1,0,3,3,64" ten="246,114,355,285" oya="3" hai0="35,80,127,16,102,55,66,15,45,129,59,29,8" hai1="135,77,49,60,122,114,95,41,63,2,44,7,1" hai2="24,103,98,104,62,42,90,134,87,13,3,61,85" hai3="46,130,37,109,57,68,27,32,56,79,17,5,131"/><W54/><G5/><T48/><D127/><U106/><E106/><V53/><F134/><W89/><G79/><T84/><D129/><N who="3" m="49161" /><G109/><T96/><D35/><U124/><E135/><V6/><F3/><W119/><G119/><T91/><D29/><U117/><E117/><V58/><F42/><N who="3" m="22863" /><G68/><T47/><REACH who="0" step="1"/><D66/><REACH who="0" ten="236,114,355,285" step="2"/><U125/><E124/><V100/><F24/><W22/><G32/><T19/><D19/><U118/><E125/><V34/><F34/><W132/><G132/><T71/><D71/><U88/><E118/><V0/><F6/><W105/><G105/><AGARI ba="1,1" hai="8,15,16,45,47,48,55,59,80,84,91,96,102,105" machi="105" ten="30,7700,0" yaku="1,1,7,1,54,1,53,1" doraHai="64" doraHaiUra="101" who="0" fromWho="3" sc="236,90,114,0,355,0,285,-80" /><INIT seed="4,0,0,3,5,28" ten="326,114,355,205" oya="0" hai0="40,65,78,83,126,135,67,125,82,134,18,22,120" hai1="43,17,97,129,72,16,112,27,108,109,85,12,42" hai2="117,26,93,89,31,92,51,35,73,15,38,1,56" hai3="23,24,122,41,71,87,131,104,52,80,21,19,127"/><T29/><D40/><U5/><E72/><V10/><F38/><W133/><G104/><T63/><D120/><U79/><E129/><V46/><F73/><W70/><G122/><T47/><D47/><U91/><E112/><V8/><F117/><W76/><G41/><T114/><D29/><U121/><E121/><V39/><F39/><W119/><G119/><T32/><D114/><U45/><E79/><V57/><F1/><W13/><G131/><T115/><D115/><U3/><E3/><V34/><F34/><W14/><G127/><N who="0" m="48651" /><D32/><U48/><E43/><V96/><F92/><W53/><G133/><N who="0" m="50699" /><D78/><U66/><E42/><V111/><F8/><W132/><G132/><T60/><D60/><U25/><E45/><V118/><F118/><W107/><G107/><T86/><D86/><U9/><E85/><V130/><F130/><W90/><G76/><T50/><D50/><U95/><E48/><V62/><F62/><W116/><G116/><T100/><D100/><U106/><E106/><V74/><F74/><W61/><G61/><T110/><D110/><U49/><E49/><V68/><F111/><W123/><G123/><T0/><D0/><U77/><E77/><V98/><F98/><W88/><G87/><T54/><D54/><U128/><E66/><N who="0" m="25097" /><D63/><U64/><E64/><V101/><F101/><W69/><G69/><T36/><D36/><U105/><E105/><V6/><F68/><W7/><G71/><T4/><D4/><U113/><E113/><V103/><F103/><W58/><G70/><T44/><D44/><U124/><E109/><V55/><AGARI ba="0,0" hai="6,10,15,26,31,35,46,51,55,56,57,89,93,96" machi="55" ten="20,5200,0" yaku="5,1,0,1,7,1,52,1" doraHai="28" who="2" fromWho="2" sc="326,-26,114,-13,355,52,205,-13" /><INIT seed="5,0,0,5,1,75" ten="300,101,407,192" oya="1" hai0="91,109,79,113,84,111,82,78,35,2,112,60,92" hai1="11,19,6,36,76,106,97,52,47,46,65,104,134" hai2="110,7,129,105,117,88,30,61,69,94,71,126,56" hai3="87,15,85,32,101,81,28,41,132,50,74,64,125"/><U33/><E33/><V45/><F110/><N who="0" m="41994" /><D2/><U39/><E134/><V1/><F117/><W83/><G125/><T49/><D35/><U118/><E118/><V96/><F126/><W70/><G74/><T57/><D49/><U8/><E19/><V22/><F105/><W128/><G101/><T124/><D124/><U114/><E114/><N who="0" m="44137" /><D82/><U121/><E121/><V53/><F129/><W16/><G83/><T66/><AGARI ba="0,0" hai="57,60,66,78,79,84,91,92" m="44137,41994" machi="66" ten="30,4000,0" yaku="15,1,52,2" doraHai="75" who="0" fromWho="0" sc="300,40,101,-20,407,-10,192,-10" /><INIT seed="6,0,0,3,0,55" ten="340,81,397,182" oya="2" hai0="95,64,111,26,51,132,7,9,80,52,19,79,36" hai1="110,33,58,34,131,88,1,71,107,99,48,66,94" hai2="120,47,54,102,2,56,87,21,91,30,89,118,43" hai3="77,116,103,68,18,90,92,28,84,113,15,27,63"/><V70/><F118/><W24/><G116/><T62/><D36/><U101/><E131/><V96/><F120/><W112/><G77/><T85/><D111/><U69/><E110/><V38/><F2/><W82/><G103/><T97/><D132/><U16/><E1/><V39/><F70/><W6/><G6/><T11/><D26/><U59/><E71/><V46/><F46/><W125/><G92/><T42/><D19/><U41/><E69/><V122/><F122/><W40/><G40/><T129/><D42/><U93/><E107/><V44/><F39/><W8/><G125/><T100/><D7/><U115/><E115/><N who="3" m="44106" /><G28/><T108/><D129/><U61/><E16/><V32/><F47/><W98/><G98/><T81/><D81/><U13/><E13/><V14/><F32/><W65/><AGARI ba="0,0" hai="8,15,18,24,27,63,65,68,82,84,90" m="44106" machi="65" ten="30,2000,0" yaku="15,1,11,1" doraHai="55" who="3" fromWho="3" sc="340,-5,81,-5,397,-10,182,20" /><INIT seed="7,0,0,4,5,106" ten="335,76,387,202" oya="3" hai0="69,11,27,13,4,114,90,105,73,131,87,135,34" hai1="100,42,118,110,130,85,109,77,47,84,76,61,14" hai2="122,51,91,128,56,107,0,88,123,62,124,95,19" hai3="26,63,21,18,97,82,52,72,2,94,133,12,6"/><W55/><G133/><T20/><D105/><U64/><E14/><V116/><F124/><W7/><G2/><T119/><D119/><U50/><E100/><V65/><F128/><W93/><G93/><T111/><D111/><U83/><E130/><V58/><F107/><W59/><G55/><T41/><D135/><U70/><REACH who="1" step="1"/><E118/><REACH who="1" ten="335,66,387,202" step="2"/><V28/><F116/><W98/><G12/><T117/><D131/><U60/><E60/><V38/><F0/><W37/><G98/><T89/><D117/><U24/><E24/><V45/><F28/><W8/><G8/><T46/><D11/><U68/><E68/><V126/><F126/><W81/><G26/><T35/><D69/><U31/><E31/><V79/><F19/><W86/><G18/><T92/><D13/><U1/><E1/><V36/><F58/><W75/><G59/><T67/><D4/><U99/><E99/><V71/><F71/><W80/><G97/><T113/><D27/><U44/><E44/><V121/><F79/><W101/><G101/><T104/><D34/><U102/><E102/><V78/><F78/><W115/><G6/><T134/><D35/><U43/><E43/><N who="2" m="25023" /><F91/><N who="3" m="53623" /><G7/><T39/><D90/><U9/><E9/><V96/><AGARI ba="0,1" hai="36,38,56,62,65,88,95,96,121,122,123" m="25023" machi="96" ten="30,2000,0" yaku="13,1,54,1" doraHai="106" who="2" fromWho="2" sc="335,-5,66,-5,387,30,202,-10" owari="330,13.0,61,-44.0,417,52.0,192,-21.0" /></mjloggm>