<mjloggm ver="2.3"><GO type="169" lobby="0"/><UN n0="%54%43%54" n1="%E3%83%9F%E3%82%AF%E3%83%AD" n2="%E5%B0%B1%E6%B4%BB%E7%94%9F%40%E5%B7%9D%E6%9D%91%E8%BB%8D%E5%9B%A3" n3="%E6%8C%AF%E8%BE%BC%E5%A4%AA%E9%99%BD" dan="16,16,18,17" rate="2089.75,2101.08,2237.64,2249.24" sx="M,M,M,M"/><TAIKYOKU oya="0"/><INIT seed="0,0,0,5,3,97" ten="250,250,250,250" oya="0" hai0="77,56,47,101,120,54,42,102,75,93,78,1,112" hai1="91,50,87,130,90,82,31,88,108,37,95,104,8" hai2="4,46,61,3,115,122,18,86,13,72,83,36,10" hai3="76,70,113,26,73,6,63,81,48,99,20,133,14"/><T23/><D112/><U49/><E37/><V19/><F115/><W53/><G133/><T127/><D120/><U132/><E31/><V58/><F122/><W57/><G113/><T9/><D127/><U134/><E8/><V110/><F110/><W74/><G6/><T71/><D71/><U103/><E50/><V55/><F72/><W25/><G14/><T24/><D75/><U128/><E49/><V15/><F36/><W43/><G25/><T96/><D1/><U118/><E108/><V60/><F46/><W39/><G99/><T35/><D9/><U12/><E12/><V94/><F94/><W89/><G89/><N who="1" m="34410" /><E118/><V64/><F15/><W21/><G21/><T85/><D35/><U16/><E16/><V66/><F61/><W119/><G119/><T121/><D121/><U22/><E22/><V117/><F117/><W17/><G39/><T2/><D2/><U131/><E104/><V65/><REACH who="2" step="1"/><F3/><REACH who="2" ten="250,250,240,250" step="2"/><W5/><G73/><T34/><D47/><U80/><E103/><V84/><F84/><W111/><G74/><T109/><D85/><U106/><E106/><V11/><F11/><W32/><G111/><T29/><D109/><U69/><E69/><V0/><F0/><W62/><G70/><T33/><D101/><U68/><E68/><V52/><F52/><W98/><G63/><T51/><D42/><U123/><E123/><V129/><F129/><W67/><G43/><T45/><D45/><U126/><E126/><V38/><F38/><W107/><G62/><T59/><D59/><U44/><E44/><V100/><F100/><N who="3" m="62871" /><G57/><T30/><D34/><RYUUKYOKU ba="0,1" sc="250,10,250,10,240,10,250,-30" hai0="23,24,29,30,33,51,54,56,77,78,93,96,102" hai1="80,82,87,91,95,128,130,131,132,134" hai2="4,10,13,18,19,55,58,60,64,65,66,83,86" /><INIT seed="0,1,1,3,2,57" ten="260,260,250,220" oya="0" hai0="113,60,98,21,82,84,59,126,89,52,119,83,118" hai1="22,56,31,105,104,73,29,133,35,110,14,131,23" hai2="96,70,116,58,41,20,106,86,28,107,87,51,71" hai3="19,125,24,44,4,0,8,63,64,78,76,81,48"/><T79/><D113/><U38/><E73/><V88/><F116/><W9/><G125/><T65/><D126/><U66/><E38/><V134/><F134/><W11/><G76/><T130/><D130/><U12/><E56/><V75/><F75/><W47/><G47/><T49/><D21/><U3/><E66/><V27/><F71/><W117/><G117/><T50/><D49/><U122/><E3/><V115/><F70/><W39/><G39/><T91/><D89/><U74/><E74/><V101/><F115/><W18/><G18/><T103/><D83/><U121/><E110/><V13/><F13/><W69/><G19/><T40/><D40/><U99/><E99/><V128/><F128/><W112/><G24/><T120/><D120/><U85/><E85/><V111/><F111/><W102/><G102/><T16/><D16/><U10/><E10/><V61/><F107/><W100/><G100/><T34/><D34/><U135/><REACH who="1" step="1"/><E131/><REACH who="1" ten="260,250,250,220" step="2"/><V129/><F129/><W1/><G1/><T26/><D79/><U54/><E54/><V123/><F123/><W132/><G112/><T53/><D53/><U62/><E62/><V108/><F108/><W45/><G0/><T6/><D118/><U92/><E92/><V30/><F61/><W90/><G69/><T43/><D119/><U77/><E77/><V17/><F86/><N who="3" m="50511" /><G78/><T7/><D43/><U33/><AGARI ba="1,2" hai="12,14,22,23,29,31,33,35,104,105,121,122,133,135" machi="33" ten="25,6400,0" yaku="1,1,0,1,22,2,53,0" doraHai="57" doraHaiUra="68" who="1" fromWho="1" sc="260,-33,250,87,250,-17,220,-17" /><INIT seed="1,0,0,2,4,54" ten="227,337,233,203" oya="1" hai0="48,83,60,0,69,56,65,105,79,40,94,28,3" hai1="39,17,112,120,52,49,4,59,109,91,43,24,29" hai2="9,57,46,31,66,129,84,33,132,104,81,61,64" hai3="51,97,71,122,53,128,73,80,87,123,75,89,12"/><U44/><E120/><V88/><F104/><W8/><G71/><T67/><D105/><U25/><E112/><V21/><F33/><W32/><G32/><T10/><D28/><U38/><E4/><V130/><F132/><W62/><G128/><N who="2" m="49257" /><F9/><W35/><G35/><T68/><D68/><U7/><E7/><V111/><F111/><W63/><G75/><T119/><D119/><U102/><E102/><V27/><F46/><N who="3" m="27895" /><G73/><T55/><D10/><U45/><E109/><V125/><F125/><W108/><G108/><T5/><D65/><AGARI ba="0,0" hai="21,27,31,57,61,64,65,66,81,84,88" m="49257" machi="65" ten="30,3900,0" yaku="19,1,52,1,54,1" doraHai="54" who="2" fromWho="0" sc="227,-39,337,0,233,39,203,0" /><INIT seed="2,0,0,2,1,36" ten="188,337,272,203" oya="2" hai0="69,77,42,1,17,99,55,112,13,19,72,15,114" hai1="61,25,104,26,87,113,76,120,73,51,131,65,40" hai2="31,106,35,9,93,118,41,98,32,16,23,92,107" hai3="95,44,126,88,82,39,74,24,134,86,10,5,38"/><V85/><F118/><W90/><G134/><T122/><D1/><U100/><E113/><V68/><F68/><W50/><G126/><T29/><D69/><U59/><E73/><V127/><F127/><W66/><G66/><T0/><D0/><U97/><E131/><V58/><F58/><W102/><G102/><T49/><D29/><U34/><E120/><V71/><F71/><W37/><G24/><T135/><D122/><U125/><E34/><V79/><F31/><W124/><G124/><T70/><D70/><U62/><E62/><V108/><F9/><W130/><G130/><T128/><D128/><U3/><E3/><V101/><F108/><W63/><G63/><T103/><D135/><U20/><E125/><V8/><F8/><W54/><G74/><T133/><D133/><U96/><E100/><V83/><F93/><W81/><REACH who="3" step="1"/><G90/><REACH who="3" ten="188,337,272,193" step="2"/><T30/><D72/><U21/><E25/><V75/><F75/><W18/><G18/><T45/><D30/><U48/><E26/><V111/><F111/><W116/><G116/><T2/><D112/><U53/><E61/><V119/><F119/><W27/><G27/><T52/><D114/><U12/><E65/><V123/><F123/><W89/><G89/><T60/><D19/><U28/><E28/><V117/><F117/><W22/><G22/><T129/><D129/><U78/><E20/><V7/><F35/><W67/><G67/><T80/><D60/><U105/><E21/><V115/><F32/><W64/><G64/><T47/><D17/><U94/><E105/><V46/><F107/><W14/><AGARI ba="0,1" hai="5,10,14,37,38,39,44,50,54,81,82,86,88,95" machi="14" ten="30,7900,0" yaku="1,1,5,1,0,1,54,1,53,0" doraHai="36" doraHaiUra="109" who="3" fromWho="3" sc="188,-20,337,-20,272,-39,193,89" /><INIT seed="3,0,0,1,1,42" ten="168,317,233,282" oya="3" hai0="50,24,63,12,112,126,34,131,26,89,19,47,3" hai1="51,76,20,7,41,114,74,91,110,9,18,5,44" hai2="129,107,46,103,29,134,25,92,125,127,69,132,130" hai3="38,117,113,35,39,106,33,43,111,109,61,94,16"/><W23/><G113/><T68/><D3/><U97/><E114/><V104/><F69/><W70/><G106/><N who="2" m="40489" /><F92/><W133/><G117/><T93/><D112/><U83/><E110/><N who="3" m="41994" /><G133/><N who="2" m="51305" /><F103/><W120/><G120/><T88/><D126/><N who="2" m="48138" /><F46/><N who="3" m="23927" /><G39/><T17/><D68/><U52/><E97/><V102/><F102/><W58/><G94/><T119/><D119/><U65/><E91/><V66/><F66/><N who="3" m="39223" /><G70/><T105/><D105/><U115/><E115/><V0/><F0/><W122/><G122/><T6/><D93/><U31/><E65/><V30/><F30/><W8/><G8/><T100/><D100/><U21/><E31/><V135/><N who="2" m="51313" /><V45/><DORA hai="4" /><F45/><W99/><G99/><T14/><D47/><U90/><E90/><V54/><F54/><W121/><G121/><T2/><D2/><U71/><E71/><V86/><F86/><W13/><AGARI ba="0,0" hai="13,16,23,33,35" m="39223,23927,41994" machi="13" ten="30,11700,0" yaku="14,1,10,1,52,1,54,1" doraHai="42,4" who="3" fromWho="3" sc="168,-39,317,-39,233,-39,282,117" /><INIT seed="3,1,0,4,5,135" ten="129,278,194,399" oya="3" hai0="123,18,61,40,17,82,93,5,21,86,6,100,73" hai1="103,32,51,126,75,117,90,16,9,57,50,53,8" hai2="121,52,91,11,114,109,111,4,70,59,81,66,0" hai3="54,83,56,72,63,2,98,24,58,64,102,124,95"/><W69/><G2/><T79/><D123/><U33/><E32/><V36/><F114/><W42/><G42/><T12/><D40/><U67/><E33/><V14/><F36/><W112/><G112/><T34/><D34/><U77/><E103/><V38/><F38/><W89/><G69/><T44/><D44/><U110/><E110/><N who="2" m="41995" /><F121/><W106/><G72/><T20/><D61/><U19/><E90/><V85/><F66/><W118/><G118/><T115/><D115/><U132/><E67/><V27/><F27/><W31/><G83/><T133/><D133/><U130/><E132/><V28/><F28/><W131/><G131/><T76/><D76/><U80/><E130/><V125/><F70/><W41/><G41/><T48/><D48/><U107/><E53/><V65/><F65/><W122/><G122/><T84/><D73/><U134/><E57/><V94/><F81/><W71/><G71/><T22/><D22/><U78/><E80/><V129/><F129/><W45/><G64/><T101/><D86/><U127/><E134/><V47/><F47/><W1/><G45/><T116/><D116/><U92/><E75/><V25/><F25/><W62/><G24/><N who="0" m="14351" /><D93/><U3/><E117/><V87/><F87/><W60/><G31/><T13/><D13/><U96/><E92/><V37/><F37/><W29/><G29/><T46/><D46/><U68/><E68/><V10/><F0/><W128/><G1/><T105/><D105/><U39/><E3/><V30/><F30/><W88/><G128/><T99/><D99/><U104/><E39/><V43/><F43/><RYUUKYOKU ba="1,0" sc="129,15,278,15,194,-15,399,-15" hai0="5,6,12,18,21,79,82,84,100,101" hai1="8,9,16,19,50,51,77,78,96,104,107,126,127" /><INIT seed="4,2,0,3,2,52" ten="144,293,179,384" oya="0" hai0="64,62,53,43,133,122,128,63,8,92,3,35,38" hai1="50,36,39,113,18,49,116,111,47,76,104,20,94" hai2="42,25,85,112,88,58,127,97,12,37,45,103,1" hai3="19,71,77,83,74,132,129,9,33,22,30,110,98"/><T55/><D122/><U114/><E111/><V66/><F1/><W91/><G110/><T105/><D105/><U2/><E104/><V126/><F112/><N who="1" m="43113" /><E2/><V4/><F25/><W121/><G71/><T78/><D35/><U21/><E116/><V69/><F69/><W124/><G9/><T31/><D31/><U96/><E76/><V17/><F4/><W87/><G22/><N who="1" m="8810" /><E18/><V131/><F131/><W59/><G19/><T32/><D32/><U26/><E26/><V7/><F7/><W46/><G129/><T60/><D78/><U16/><E16/><V135/><F135/><W48/><G77/><T80/><D128/><U123/><E123/><V79/><F79/><W65/><G132/><T23/><D133/><U108/><E108/><V24/><F24/><W6/><G30/><T130/><D3/><U84/><E84/><V82/><F12/><W73/><G87/><T11/><D23/><U134/><E134/><V56/><F17/><W102/><G121/><T115/><D130/><U34/><E34/><V100/><F66/><W29/><G65/><T54/><D115/><U27/><E27/><V90/><F90/><W61/><G91/><T0/><D0/><U109/><E109/><V81/><F81/><W117/><G83/><T93/><D64/><U89/><E49/><V119/><F119/><W67/><G48/><T70/><D80/><U15/><E15/><V41/><F82/><W99/><G117/><T101/><D70/><U5/><E5/><V86/><F97/><W10/><G6/><T118/><D118/><U44/><E44/><V14/><F45/><RYUUKYOKU ba="2,0" sc="144,-10,293,30,179,-10,384,-10" hai1="36,39,47,50,89,94,96" /><INIT seed="5,3,0,0,2,124" ten="134,323,169,374" oya="1" hai0="39,113,84,107,83,106,40,95,109,87,122,79,115" hai1="134,45,135,88,80,3,44,100,14,62,48,37,30" hai2="74,55,128,66,103,65,17,26,38,52,42,46,64" hai3="70,11,5,129,94,132,7,61,25,110,1,76,72"/><U4/><E3/><V15/><F74/><W53/><G7/><T99/><D39/><U47/><E100/><V91/><F103/><W35/><G53/><T108/><D40/><U67/><E37/><V97/><F128/><W68/><G94/><T27/><D84/><N who="1" m="50183" /><E30/><V51/><F26/><W73/><G110/><N who="0" m="42603" /><D27/><U32/><E32/><V71/><F71/><N who="3" m="27179" /><G76/><T114/><D122/><U12/><E4/><V89/><F97/><W59/><G59/><T112/><N who="0" m="28672" /><DORA hai="105" /><T104/><D104/><U43/><E45/><V125/><F125/><W93/><G61/><T29/><D29/><U50/><E62/><V121/><F121/><W120/><G120/><T21/><D21/><U57/><E57/><V8/><REACH who="2" step="1"/><F55/><REACH who="2" ten="134,323,159,374" step="2"/><W9/><G25/><T18/><D18/><U127/><E127/><V56/><AGARI ba="3,1" hai="8,15,17,38,42,46,51,52,56,64,65,66,89,91" machi="56" ten="30,8000,1" yaku="1,1,2,1,0,1,54,1,53,1" doraHai="124,105" doraHaiUra="116,41" who="2" fromWho="2" sc="134,-23,323,-43,159,99,374,-23" /><INIT seed="6,0,0,3,4,130" ten="111,280,258,351" oya="2" hai0="12,101,63,126,86,115,85,90,28,54,30,75,73" hai1="87,59,79,35,133,21,102,122,38,24,48,67,98" hai2="88,26,22,25,120,1,18,43,82,96,106,69,7" hai3="99,32,0,89,114,108,11,76,72,41,84,132,111"/><V92/><F120/><W135/><G32/><T66/><D115/><U65/><E38/><V52/><F69/><W71/><G71/><T8/><D126/><U39/><E39/><V13/><F106/><W14/><G0/><T83/><D101/><U78/><E35/><V23/><F43/><W55/><G99/><T33/><D33/><U53/><E133/><N who="3" m="51274" /><G41/><T125/><D125/><U37/><E37/><V2/><F82/><N who="3" m="45319" /><G55/><T100/><D100/><U74/><E98/><V110/><F110/><W70/><G70/><T105/><D105/><U94/><E53/><V27/><F7/><N who="3" m="3455" /><G114/><T56/><D75/><U112/><E74/><V51/><REACH who="2" step="1"/><F22/><REACH who="2" ten="111,280,248,351" step="2"/><W47/><G47/><AGARI ba="0,1" hai="1,2,13,18,23,25,26,27,47,51,52,88,92,96" machi="47" ten="40,12000,1" yaku="1,1,2,1,54,2,53,0" doraHai="130" doraHaiUra="80" who="2" fromWho="3" sc="111,0,280,0,248,130,351,-120" /><INIT seed="6,1,0,1,5,65" ten="111,280,378,231" oya="2" hai0="17,105,5,76,123,101,84,51,57,0,114,14,109" hai1="52,82,2,16,74,127,24,122,75,78,94,48,93" hai2="112,120,124,7,70,50,25,92,66,121,110,115,107" hai3="53,31,45,96,88,8,80,18,20,69,99,21,119"/><V87/><F107/><W49/><G119/><T130/><D109/><U62/><E2/><V56/><F7/><W95/><G69/><T29/><D123/><N who="2" m="47178" /><F25/><N who="3" m="16815" /><G80/><T126/><D114/><N who="2" m="43562" /><F92/><W13/><G8/><T34/><D126/><U55/><E122/><V46/><F87/><AGARI ba="1,0" hai="13,18,20,45,49,53,87,88,95,96,99" m="16815" machi="87" ten="30,2000,0" yaku="8,1,54,1" doraHai="65" who="3" fromWho="2" sc="111,0,280,0,378,-23,231,23" /><INIT seed="7,0,0,5,0,93" ten="111,280,355,254" oya="3" hai0="46,61,135,107,90,121,44,0,123,24,55,63,62" hai1="42,109,115,97,106,134,36,32,39,99,58,75,81" hai2="116,43,72,79,110,111,12,122,52,40,103,8,94" hai3="65,87,41,133,57,125,124,66,105,26,104,91,64"/><W33/><G41/><T38/><D0/><U16/><E109/><V1/><F1/><W34/><G133/><T2/><D2/><U130/><E32/><N who="3" m="12394" /><G57/><T53/><D107/><N who="3" m="41033" /><G91/><T25/><D90/><U31/><E31/><V77/><F116/><W127/><G87/><T112/><D38/><U120/><E58/><V48/><F122/><W29/><G26/><T108/><D24/><U18/><E42/><N who="2" m="15915" /><F72/><W69/><G29/><T85/><D85/><U35/><E35/><V71/><F71/><AGARI ba="0,0" hai="64,65,66,69,71,124,125,127" m="41033,12394" machi="71" ten="50,9600,0" yaku="28,2,18,1" doraHai="93" who="3" fromWho="2" sc="111,0,280,0,355,-96,254,96" owari="111,-39.0,280,8.0,259,-14.0,350,45.0" /></mjloggm>