<mjloggm ver="2.3"><GO type="225" lobby="0"/><UN n0="%64%61%61%61%61%61%61%61" n1="%63%6F%61" n2="%E3%82%A6%E3%83%AB%E3%83%88%E3%83%A9%E7%AB%8B%E7%9B%B4" n3="%47%E3%83%A8%E9%BE%8D%E9%96%80" dan="16,17,17,16" rate="2117.95,2152.80,2162.38,2070.94" sx="F,M,M,M"/><TAIKYOKU oya="0"/><INIT seed="0,0,0,2,0,58" ten="250,250,250,250" oya="0" hai0="110,87,29,76,33,79,85,16,46,101,82,56,10" hai1="97,34,100,44,118,108,74,25,18,53,88,107,40" hai2="1,105,86,12,99,30,27,73,13,83,121,65,15" hai3="2,54,5,78,113,41,50,103,98,128,84,0,22"/><T120/><D120/><U17/><E118/><V9/><F121/><W38/><G113/><T68/><D68/><U43/><E74/><V11/><F73/><W49/><G128/><T75/><D110/><U72/><E72/><V95/><F105/><W7/><G22/><T122/><D122/><U42/><E108/><V62/><F1/><W28/><G28/><T47/><D101/><U32/><E44/><V134/><F134/><W21/><G21/><T52/><D33/><U57/><E88/><N who="2" m="51295" /><F27/><W90/><G78/><T133/><D29/><U127/><E127/><V115/><F30/><W8/><G38/><T119/><D119/><U14/><E25/><V125/><F125/><W77/><G77/><T114/><D114/><U4/><E4/><V111/><F111/><W3/><G5/><T64/><D64/><U102/><E102/><N who="2" m="60799" /><F115/><W106/><G0/><T117/><D117/><U6/><E6/><V71/><F71/><W60/><G2/><T37/><D133/><U20/><REACH who="1" step="1"/><E18/><REACH who="1" ten="250,240,250,250" step="2"/><V124/><F124/><W135/><G135/><T45/><D37/><U55/><E55/><V112/><F112/><W26/><G26/><T69/><D79/><U131/><E131/><V132/><F132/><W51/><G54/><T61/><REACH who="0" step="1"/><D69/><REACH who="0" ten="240,240,250,250" step="2"/><U35/><E35/><V39/><F39/><W66/><G103/><T123/><D123/><U48/><AGARI ba="0,2" hai="14,17,20,32,34,40,42,43,48,53,57,97,100,107" machi="48" ten="30,2000,0" yaku="1,1,0,1,53,0" doraHai="58" doraHaiUra="63" who="1" fromWho="1" sc="240,-10,240,40,250,-5,250,-5" /><INIT seed="1,0,0,4,5,75" ten="230,280,245,245" oya="1" hai0="101,60,95,13,15,120,10,85,45,130,86,48,21" hai1="73,93,79,43,121,32,31,84,18,44,22,26,6" hai2="105,47,83,98,17,49,102,51,59,54,4,135,132" hai3="122,71,57,96,87,97,109,133,23,53,36,72,82"/><U12/><E121/><V118/><F118/><W11/><G122/><T0/><D120/><U65/><E65/><V25/><F4/><W14/><G109/><T38/><D38/><U106/><E106/><V103/><F103/><W110/><G110/><T3/><D3/><U66/><E66/><V115/><F115/><W40/><G133/><N who="2" m="51273" /><F83/><W19/><G71/><T69/><D0/><U16/><E73/><V61/><F47/><W7/><G72/><T104/><D104/><U68/><E68/><V111/><F111/><W5/><G40/><T91/><D101/><U64/><E64/><V107/><F107/><W2/><G36/><T88/><D130/><U67/><E67/><V56/><F56/><W29/><G5/><N who="0" m="3279" /><D69/><U123/><E123/><V94/><F105/><W1/><G1/><T27/><D60/><U55/><E55/><V125/><F125/><W34/><G53/><N who="0" m="29839" /><D15/><U78/><E6/><V119/><F119/><W116/><G57/><T124/><D124/><U128/><E128/><V70/><F70/><W41/><G116/><T127/><D127/><U117/><E117/><V20/><AGARI ba="0,0" hai="17,20,25,49,51,54,59,61,94,98,102" m="51273" machi="20" ten="30,1100,0" yaku="20,1" doraHai="75" who="2" fromWho="2" sc="230,-3,280,-5,245,11,245,-3" /><INIT seed="2,0,0,2,1,21" ten="227,275,256,242" oya="2" hai0="15,43,68,17,75,77,30,110,114,0,47,1,18" hai1="4,119,59,93,95,13,127,106,70,58,82,55,19" hai2="86,111,45,81,88,36,71,42,31,16,2,94,80" hai3="78,53,105,64,97,66,87,100,130,113,120,132,116"/><V46/><F71/><W52/><G116/><T63/><D114/><U11/><E70/><V50/><F2/><W6/><G113/><T5/><D110/><U85/><E106/><V51/><F111/><W37/><G120/><T8/><D30/><U128/><E119/><V92/><F31/><W7/><G37/><T69/><D0/><U48/><E128/><V122/><F122/><W103/><G130/><T73/><D17/><U84/><E127/><V27/><F36/><W44/><G132/><T24/><D24/><U35/><E35/><V33/><F80/><N who="3" m="47511" /><G105/><T61/><D68/><U133/><E133/><V25/><F33/><W67/><G97/><T126/><D126/><U117/><E117/><V112/><F112/><W60/><G60/><T23/><D69/><U98/><E98/><N who="2" m="57607" /><F16/><W115/><G115/><T109/><D109/><U107/><E107/><V3/><F94/><W129/><G129/><T41/><D73/><U76/><E85/><V65/><F65/><W125/><G125/><T102/><D102/><N who="3" m="38953" /><G44/><T57/><D47/><U32/><E32/><V39/><F39/><W90/><G90/><T89/><D89/><U56/><E19/><V99/><F99/><W34/><G34/><T14/><D1/><U12/><E12/><V135/><F135/><W79/><G79/><T104/><D104/><U38/><E38/><V123/><F123/><W22/><G22/><T83/><REACH who="0" step="1"/><D63/><REACH who="0" ten="217,275,256,242" step="2"/><U62/><E62/><V96/><F3/><W10/><G6/><T26/><D26/><U121/><E121/><V28/><F45/><AGARI ba="0,1" hai="4,11,13,45,48,55,56,58,59,76,82,84,93,95" machi="45" ten="40,1300,0" yaku="8,1" doraHai="21" who="1" fromWho="2" sc="217,0,275,23,256,-13,242,0" /><INIT seed="3,0,0,5,5,68" ten="217,298,243,242" oya="3" hai0="25,74,91,53,28,132,30,69,110,101,20,12,108" hai1="90,78,103,135,34,2,51,6,109,94,50,23,65" hai2="4,52,36,41,106,124,111,54,76,31,121,63,39" hai3="70,119,93,61,127,42,134,114,3,131,57,129,17"/><W81/><G114/><T15/><D74/><U96/><E34/><V55/><F106/><W19/><G119/><T22/><D69/><U58/><E109/><N who="0" m="42089" /><D101/><U5/><E135/><V62/><F111/><W32/><G134/><T71/><D71/><U115/><E115/><V126/><F121/><W122/><G122/><T80/><D132/><U85/><E78/><V77/><F31/><W92/><G70/><T102/><D102/><U79/><E79/><N who="2" m="30283" /><F4/><N who="1" m="1641" /><E2/><V84/><F84/><W29/><G3/><T47/><D80/><N who="1" m="49447" /><E23/><V67/><F41/><W24/><G42/><T33/><D91/><U45/><E45/><V133/><F133/><W83/><G83/><T120/><D120/><U82/><E82/><V26/><F26/><W43/><G81/><T73/><D73/><U88/><E103/><V38/><F67/><N who="3" m="39343" /><G43/><T87/><D87/><U0/><E0/><V125/><AGARI ba="0,0" hai="36,38,39,52,54,55,62,63,124,125,126" m="30283" machi="125" ten="50,16000,3" yaku="29,2,28,2,18,1,52,3,54,1" doraHai="68" who="2" fromWho="2" sc="217,-40,298,-40,243,160,242,-80" owari="177,-22.0,258,6.0,403,50.0,162,-34.0" /></mjloggm>