<mjloggm ver="2.3"><GO type="233" lobby="0"/><UN n0="%E3%82%A6%E3%83%AB%E3%83%88%E3%83%A9%E7%AB%8B%E7%9B%B4" n1="%E6%99%AE%E8%B3%A2" n2="%6D%69%7A%75%79%6F%75" n3="%E5%B0%8F%E9%98%AA%E3%81%A1%E3%81%B2%E3%82%8D" dan="17,16,16,16" rate="2215.28,2172.41,2115.82,2158.36" sx="M,F,M,F"/><TAIKYOKU oya="0"/><INIT seed="0,0,0,1,3,114" ten="250,250,250,250" oya="0" hai0="103,91,1,85,132,71,27,76,73,57,93,34,10" hai1="9,62,119,69,115,0,109,45,110,37,131,18,92" hai2="65,36,125,82,98,54,77,75,2,111,63,41,95" hai3="7,5,44,74,26,122,120,64,56,48,107,3,102"/><T50/><D71/><U112/><E131/><V16/><F111/><N who="1" m="42505" /><E92/><V90/><F125/><W135/><G74/><T29/><D132/><U123/><E123/><N who="3" m="47146" /><G3/><T80/><D103/><U8/><E119/><V14/><F2/><W19/><G135/><T106/><D106/><U66/><E0/><V67/><F36/><W43/><G102/><T58/><REACH who="0" step="1"/><D50/><REACH who="0" ten="240,250,250,250" step="2"/><U11/><E18/><V60/><F41/><AGARI ba="0,1" hai="8,9,11,37,41,45,62,66,69,112,115" m="42505" machi="41" ten="40,1300,0" yaku="14,1" doraHai="114" who="1" fromWho="2" sc="240,0,250,23,250,-13,250,0" /><INIT seed="1,0,0,2,2,20" ten="240,273,237,250" oya="1" hai0="114,126,43,33,68,1,108,82,5,83,93,13,18" hai1="103,45,63,94,130,123,80,96,117,74,14,28,76" hai2="124,87,60,52,21,85,0,15,118,16,133,116,35" hai3="100,134,66,90,110,71,55,25,131,4,88,129,40"/><U97/><E123/><V125/><F0/><W70/><G110/><T30/><D68/><N who="3" m="26153" /><G66/><T59/><D114/><U62/><E117/><V53/><F35/><W122/><G122/><T47/><D108/><U46/><E130/><N who="3" m="49674" /><G40/><T95/><D126/><N who="2" m="48746" /><F133/><W104/><G4/><T128/><D59/><U75/><E28/><V65/><F85/><W48/><G134/><T24/><D128/><U22/><E22/><V10/><F87/><W102/><G25/><T121/><D121/><U23/><E23/><V39/><F39/><W84/><G104/><T9/><D83/><U49/><E14/><V61/><F10/><W69/><N who="3" m="26161" /><W106/><DORA hai="98" /><G106/><T19/><D82/><U37/><E37/><V17/><F17/><W56/><G90/><T77/><D77/><U78/><E80/><AGARI ba="0,0" hai="48,55,56,80,84,88,100,102" m="49674,26161" machi="80" ten="40,8000,1" yaku="19,1,52,2,54,1" doraHai="20,98" who="3" fromWho="1" sc="240,0,273,-80,237,0,250,80" /><INIT seed="2,0,0,1,5,118" ten="240,193,237,330" oya="2" hai0="70,61,84,50,130,26,30,75,80,67,113,132,69" hai1="119,73,32,43,62,21,11,68,18,71,89,39,58" hai2="1,4,66,22,63,86,81,77,107,127,0,128,47" hai3="120,97,76,57,12,37,33,24,122,5,56,115,29"/><V90/><F107/><W31/><G37/><T106/><D113/><U10/><E119/><V40/><F128/><W36/><G36/><T88/><D130/><U93/><E32/><V3/><F127/><W28/><G76/><T25/><D132/><U114/><E73/><V105/><F105/><W126/><G97/><T95/><D106/><U38/><E114/><V129/><F129/><W13/><G56/><T8/><D50/><U74/><E74/><V16/><F4/><W108/><G57/><T82/><D70/><U9/><E39/><V109/><F109/><W103/><G103/><T52/><D52/><U15/><E43/><V110/><F110/><W112/><G108/><T87/><D8/><U20/><E20/><V42/><F47/><W59/><G59/><T79/><REACH who="0" step="1"/><D30/><REACH who="0" ten="230,193,237,330" step="2"/><N who="3" m="11881" /><G126/><T125/><D125/><U96/><REACH who="1" step="1"/><E38/><REACH who="1" ten="230,183,237,330" step="2"/><V131/><F131/><W102/><G112/><T53/><D53/><AGARI ba="0,2" hai="9,10,11,15,18,21,53,58,62,68,71,89,93,96" machi="53" ten="40,2600,0" yaku="1,1,2,1,53,0" doraHai="118" doraHaiUra="83" who="1" fromWho="0" sc="230,-26,183,46,237,0,330,0" /><INIT seed="3,0,0,4,5,58" ten="204,229,237,330" oya="3" hai0="10,115,31,16,103,132,41,57,38,28,13,85,43" hai1="133,93,49,42,47,56,78,91,3,89,53,120,1" hai2="70,48,2,62,52,8,33,95,66,110,22,27,40" hai3="73,87,106,69,29,114,24,61,130,9,105,118,0"/><W34/><G73/><T135/><D115/><U127/><E120/><V18/><F110/><W15/><G118/><T96/><D85/><U117/><E117/><V81/><F40/><W51/><G114/><T75/><D75/><U107/><E107/><V79/><F33/><W32/><G130/><T112/><D112/><U126/><E133/><N who="0" m="51273" /><D57/><U90/><E93/><V74/><F95/><W134/><G134/><T5/><D5/><U12/><E12/><V84/><F2/><W64/><G0/><T113/><D113/><U124/><REACH who="1" step="1"/><E78/><REACH who="1" ten="204,219,237,330" step="2"/><V36/><F36/><AGARI ba="0,1" hai="1,3,36,42,47,49,53,56,89,90,91,124,126,127" machi="36" ten="50,8000,1" yaku="1,1,2,1,18,1,53,1" doraHai="58" doraHaiUra="50" who="1" fromWho="2" sc="204,0,219,90,237,-80,330,0" /><INIT seed="4,0,0,0,1,17" ten="204,309,157,330" oya="0" hai0="101,106,102,108,89,54,1,18,27,87,104,120,6" hai1="42,4,20,71,8,99,131,45,48,28,26,81,21" hai2="88,123,113,34,39,132,98,78,62,85,110,94,3" hai3="76,51,96,97,29,5,121,0,111,117,115,124,93"/><T74/><D6/><U107/><E71/><V40/><F34/><W22/><G111/><T30/><D1/><U66/><E66/><V33/><F3/><W67/><G117/><T109/><D18/><U90/><E131/><V122/><F33/><W128/><G128/><T9/><D9/><U49/><E107/><N who="0" m="41001" /><D54/><U56/><E81/><V82/><F40/><W77/><G124/><T80/><D120/><U70/><E70/><V13/><F39/><W46/><G115/><T7/><D7/><U15/><E56/><V68/><F110/><N who="0" m="42602" /><D74/><U36/><E21/><AGARI ba="0,0" hai="21,27,30,80,87,89,101,102" m="42602,41001" machi="21" ten="30,2900,0" yaku="10,1,52,1" doraHai="17" who="0" fromWho="1" sc="204,29,309,-29,157,0,330,0" /><INIT seed="4,1,0,2,2,132" ten="233,280,157,330" oya="0" hai0="40,65,25,119,24,106,30,36,91,81,114,7,68" hai1="79,83,44,93,62,51,37,53,63,105,45,78,125" hai2="67,48,33,42,95,43,23,32,46,26,13,111,38" hai3="116,97,20,101,109,124,61,17,31,60,127,128,35"/><T2/><D25/><U50/><E105/><V69/><F111/><W34/><G109/><T21/><D119/><U135/><E135/><V54/><F13/><W3/><G3/><T90/><D114/><U71/><E37/><V107/><F107/><W80/><G116/><T75/><D106/><U103/><E125/><N who="3" m="48202" /><G128/><T29/><D29/><U86/><E78/><V8/><F42/><W39/><G39/><T74/><D65/><U92/><E71/><V131/><F131/><W12/><G80/><T102/><D68/><U18/><E18/><V14/><F95/><N who="1" m="36425" /><E103/><V72/><F72/><W84/><G84/><T52/><D102/><U19/><E19/><V112/><F112/><W118/><G118/><T123/><D74/><U130/><E130/><V6/><F43/><AGARI ba="1,0" hai="43,44,45,50,51,53,62,63,79,83,86" m="36425" machi="43" ten="30,1000,0" yaku="8,1" doraHai="132" who="1" fromWho="2" sc="233,0,280,13,157,-13,330,0" /><INIT seed="5,0,0,0,0,115" ten="233,293,144,330" oya="1" hai0="88,76,119,20,128,23,2,13,83,97,21,130,51" hai1="47,91,124,113,123,121,35,18,10,95,85,48,65" hai2="22,45,120,110,72,0,103,107,16,81,42,84,90" hai3="78,71,77,55,29,19,118,93,67,17,64,79,25"/><U109/><E113/><V49/><F0/><W100/><G71/><T122/><D2/><U114/><E114/><V28/><F110/><W86/><G118/><T4/><D51/><U44/><E35/><V112/><F112/><W11/><G55/><T106/><D122/><U129/><E129/><N who="0" m="49769" /><D106/><U73/><E73/><V39/><F120/><W69/><G69/><T31/><D31/><U105/><E105/><V33/><F33/><W94/><G100/><T63/><D63/><U74/><E74/><V70/><F28/><W36/><G36/><T9/><D97/><U41/><E124/><V12/><F70/><W99/><G99/><T108/><D108/><U87/><E109/><V37/><F107/><W116/><G116/><T56/><D56/><U98/><E65/><V131/><F103/><W135/><G135/><T82/><D82/><U26/><E123/><V75/><F131/><W60/><G60/><T104/><D104/><U8/><E47/><V5/><F5/><W132/><G132/><T126/><D126/><U32/><E32/><V14/><F14/><N who="3" m="7391" /><G29/><T117/><D76/><U102/><E121/><V24/><F75/><W1/><G1/><T92/><D92/><N who="3" m="35433" /><G86/><AGARI ba="0,0" hai="4,9,13,20,21,23,83,86,88,117,119" m="49769" machi="86" ten="30,7700,0" yaku="19,1,52,2,54,1" doraHai="115" who="0" fromWho="3" sc="233,77,293,0,144,0,330,-77" /><INIT seed="6,0,0,2,4,45" ten="310,293,144,253" oya="2" hai0="99,40,4,77,89,122,46,127,11,95,53,80,6" hai1="125,17,110,56,33,16,117,3,13,76,62,98,29" hai2="5,94,85,28,101,75,69,105,50,63,91,133,115" hai3="82,19,96,73,74,24,52,60,134,41,108,42,103"/><V132/><F75/><W20/><G108/><T65/><D122/><U86/><E117/><V14/><F115/><W112/><G112/><T15/><D127/><U44/><E3/><V10/><F28/><W47/><G134/><T34/><D34/><U54/><E110/><V43/><F101/><W7/><G7/><T64/><D53/><U26/><E125/><V8/><F105/><W2/><G2/><T58/><D58/><U12/><E98/><V23/><F23/><W18/><G18/><T93/><D93/><U100/><E100/><V120/><F120/><W83/><G73/><T111/><D4/><U135/><E135/><V102/><F102/><W66/><G74/><T25/><D25/><U0/><E0/><V21/><F21/><W129/><G129/><T9/><D9/><U70/><E70/><V104/><F104/><W121/><G121/><T61/><D61/><U37/><E37/><V35/><F35/><W57/><G42/><T32/><D32/><U55/><E12/><V38/><F38/><W39/><REACH who="3" step="1"/><G66/><REACH who="3" ten="310,293,144,243" step="2"/><T90/><D65/><U106/><E17/><V36/><F36/><W48/><G48/><N who="0" m="26695" /><D64/><U88/><E16/><V113/><F113/><W123/><G123/><T116/><D111/><U27/><E29/><V84/><F8/><W118/><G118/><T68/><D116/><U71/><E33/><V107/><F133/><W119/><G119/><T130/><D130/><U49/><E13/><V109/><F132/><W87/><G87/><T67/><D67/><U124/><E124/><V30/><F109/><W22/><G22/><T31/><D11/><RYUUKYOKU ba="0,1" sc="310,-10,293,-10,144,-10,243,30" hai3="19,20,24,39,41,47,52,57,60,82,83,96,103" /><INIT seed="7,1,1,4,3,71" ten="300,283,134,273" oya="3" hai0="23,114,62,112,97,43,22,80,49,72,86,39,117" hai1="0,52,102,98,16,96,65,76,111,59,30,77,103" hai2="10,79,35,27,126,128,1,109,91,12,57,56,29" hai3="83,40,7,135,8,74,4,36,69,101,93,68,130"/><W45/><G135/><T6/><D39/><U11/><E30/><V81/><F109/><W58/><G130/><T24/><D72/><U129/><E65/><V132/><F91/><W125/><G125/><T9/><D62/><N who="1" m="36199" /><E0/><V15/><F132/><W63/><G4/><T100/><D117/><U67/><E67/><V46/><F128/><W75/><G75/><T31/><D49/><U78/><E111/><V51/><F126/><W107/><G107/><T47/><D47/><U123/><E123/><V113/><F113/><N who="0" m="43626" /><D43/><U61/><E61/><V94/><F94/><W134/><G134/><T95/><D24/><U54/><E54/><V131/><F131/><W25/><G25/><T64/><D64/><U92/><E129/><V18/><F1/><N who="3" m="111" /><G93/><T116/><D31/><U89/><E98/><V3/><F15/><AGARI ba="1,1" hai="11,15,16,76,77,78,89,92,96,102,103" m="36199" machi="15" ten="30,3900,0" yaku="8,1,54,2" doraHai="71" who="1" fromWho="2" sc="300,0,283,52,134,-42,273,0" owari="300,10.0,335,44.0,92,-41.0,273,-13.0" /></mjloggm>