<mjloggm ver="2.3"><GO type="169" lobby="0"/><UN n0="%E3%81%BF%E3%81%A3%E3%81%8F%E3%82%8D%E3%83%BC%E3%82%93" n1="%E5%B0%B1%E6%B4%BB%E7%94%9F%40%E5%B7%9D%E6%9D%91%E8%BB%8D%E5%9B%A3" n2="%E3%81%86%E3%82%8B%E3%81%95%E3%81%84%E3%81%AF%E8%A4%92%E3%82%81%E8%A9%9E" n3="%E3%83%97%E3%83%A9%E3%83%81%E3%83%8A%E3%83%A0" dan="16,17,17,16" rate="2036.20,2195.83,2180.60,2127.89" sx="M,M,M,M"/><TAIKYOKU oya="0"/><INIT seed="0,0,0,1,5,68" ten="250,250,250,250" oya="0" hai0="77,90,117,111,79,46,78,135,114,49,45,61,51" hai1="19,65,83,88,20,36,103,82,25,85,100,128,112" hai2="109,89,40,134,58,10,98,34,115,132,8,14,13" hai3="97,127,17,64,15,81,126,91,42,113,63,37,41"/><T47/><D114/><U59/><E128/><V80/><F34/><W130/><G113/><T69/><D117/><U32/><E112/><V3/><F3/><W87/><G130/><T1/><D1/><U21/><E32/><V96/><F115/><W92/><G17/><T2/><D2/><U39/><E82/><V121/><F109/><W48/><G48/><T66/><D135/><U122/><E122/><V107/><F40/><W101/><G15/><T120/><D120/><U74/><E74/><V110/><F110/><W12/><G12/><T30/><D111/><U11/><E11/><V31/><F31/><W62/><G62/><T44/><N who="0" m="11264" /><DORA hai="67" /><T129/><D129/><U94/><E21/><V4/><F58/><W28/><G28/><T38/><D38/><U116/><E116/><V27/><F27/><W76/><G76/><T99/><REACH who="0" step="1"/><D30/><REACH who="0" ten="240,250,250,250" step="2"/><U57/><E39/><V93/><F121/><W125/><REACH who="3" step="1"/><G37/><REACH who="3" ten="240,250,250,240" step="2"/><T9/><D9/><U0/><E36/><V22/><F132/><W118/><G118/><T102/><D102/><U53/><E0/><V54/><F134/><W73/><G73/><T123/><D123/><U35/><E103/><V43/><F10/><W24/><G24/><T33/><D33/><U7/><E35/><V56/><F8/><W26/><G26/><T133/><D133/><U84/><E100/><V5/><F5/><W75/><G75/><T104/><D104/><U70/><E25/><V131/><F4/><W124/><N who="3" m="32256" /><DORA hai="18" /><W23/><G23/><T105/><D105/><U50/><E20/><V6/><F107/><W95/><G95/><AGARI ba="0,2" hai="49,51,61,66,69,77,78,79,90,95,99" m="11264" machi="95" ten="60,18000,2" yaku="1,1,6,1,52,1,53,4" doraHai="68,67,18" doraHaiUra="86,72,29" who="0" fromWho="3" sc="240,200,250,0,250,0,240,-180" /><INIT seed="0,1,0,1,4,86" ten="440,250,250,60" oya="0" hai0="41,6,52,67,11,53,118,31,108,99,46,100,126" hai1="75,12,45,38,103,78,2,51,63,114,34,28,71" hai2="106,1,110,21,26,85,66,80,3,47,23,25,33" hai3="83,49,135,93,129,96,74,17,32,64,92,42,76"/><T56/><D118/><U82/><E2/><V134/><F106/><W90/><G32/><T116/><D116/><U50/><E114/><V127/><F66/><W128/><G64/><T119/><D119/><U121/><E121/><V84/><F33/><W58/><G135/><T102/><D31/><U117/><E117/><V43/><F110/><W19/><G58/><T97/><D108/><U113/><E113/><V55/><F55/><N who="0" m="21066" /><D6/><U77/><E77/><V9/><F9/><W133/><G133/><T27/><D11/><U111/><E111/><V29/><F85/><W109/><G109/><T13/><D13/><U48/><E103/><N who="0" m="39465" /><D27/><U7/><E28/><V94/><F134/><W10/><G93/><T44/><D126/><U91/><E34/><V36/><F94/><W73/><G73/><T79/><D79/><U59/><E71/><V40/><F127/><W131/><REACH who="3" step="1"/><G10/><REACH who="3" ten="440,250,250,50" step="2"/><T70/><D70/><U39/><E59/><V18/><F29/><W101/><G101/><T20/><D56/><U61/><E75/><V16/><F43/><W95/><G95/><T123/><D67/><U105/><E105/><V98/><F98/><W120/><G120/><T22/><D123/><U87/><E45/><AGARI ba="1,1" hai="17,19,42,45,49,74,76,83,90,92,96,128,129,131" machi="45" ten="40,5200,0" yaku="1,1,19,1,52,1,53,0" doraHai="86" doraHaiUra="122" who="3" fromWho="1" sc="440,0,250,-55,250,0,50,65" /><INIT seed="1,0,0,5,4,19" ten="440,195,250,115" oya="1" hai0="128,94,99,77,113,29,48,85,3,10,115,80,43" hai1="108,55,104,66,79,50,86,93,6,106,88,78,131" hai2="75,117,15,30,32,76,70,61,89,109,42,22,11" hai3="21,27,9,91,124,73,34,39,62,63,125,41,127"/><U134/><E131/><V38/><F109/><W16/><G73/><T110/><D110/><U81/><E108/><V53/><F117/><W112/><G112/><T68/><D68/><U52/><E134/><V35/><F76/><W101/><G34/><T119/><D119/><U100/><E66/><V116/><F75/><W59/><G101/><T5/><D128/><U64/><E64/><V69/><F116/><W111/><G111/><T13/><D29/><U4/><E104/><V56/><F89/><W72/><G72/><T130/><D3/><U14/><E14/><V135/><F135/><W17/><G91/><N who="0" m="55775" /><D130/><U102/><E55/><V20/><F70/><W8/><G17/><T129/><D129/><U133/><E133/><V18/><F35/><W47/><G63/><T46/><AGARI ba="0,0" hai="5,10,13,43,46,48,77,80,85,113,115" m="55775" machi="46" ten="30,1100,0" yaku="25,1" doraHai="19" who="0" fromWho="0" sc="440,11,195,-5,250,-3,115,-3" /><INIT seed="2,0,0,0,0,114" ten="451,190,247,112" oya="2" hai0="10,35,75,20,96,15,46,56,34,81,90,120,105" hai1="48,67,40,50,97,23,36,123,1,7,126,79,87" hai2="38,64,60,77,59,47,108,134,100,73,72,31,51" hai3="28,121,122,8,109,115,6,57,66,112,41,83,70"/><V17/><F134/><W26/><G41/><T106/><D120/><N who="3" m="46185" /><G57/><T33/><D20/><U99/><E126/><V58/><F77/><W3/><G66/><T124/><D124/><U29/><E123/><V129/><F129/><W32/><G70/><T95/><D46/><U104/><E67/><V55/><F108/><W92/><G92/><T62/><D81/><U45/><E7/><V125/><F125/><W82/><G82/><T101/><D75/><U119/><E119/><V128/><F128/><W135/><G83/><T94/><D94/><U69/><E69/><V111/><F111/><W44/><G44/><T11/><D11/><U52/><E1/><V54/><F100/><W30/><G109/><T49/><D49/><U84/><E79/><V86/><F86/><W127/><G127/><T88/><D95/><U113/><E113/><N who="3" m="43594" /><G30/><T5/><D105/><U63/><E63/><V19/><F31/><W74/><G74/><T80/><D80/><U91/><E36/><V102/><F102/><W13/><G135/><T42/><D42/><U93/><E104/><V118/><F72/><W85/><G85/><T65/><AGARI ba="0,0" hai="5,10,15,33,34,35,56,62,65,88,90,96,101,106" machi="65" ten="30,2000,0" yaku="0,1,54,1" doraHai="114" who="0" fromWho="0" sc="451,20,190,-5,247,-10,112,-5" /><INIT seed="3,0,0,5,2,45" ten="471,185,237,107" oya="3" hai0="126,72,122,47,98,79,67,66,109,21,80,71,9" hai1="93,17,40,44,124,19,116,27,0,63,35,133,113" hai2="7,70,33,52,69,12,23,129,128,95,64,105,65" hai3="56,59,78,20,130,42,74,48,104,6,24,88,15"/><W90/><G104/><T11/><D122/><U81/><E113/><V55/><F33/><W58/><G130/><N who="2" m="50281" /><F105/><W87/><G74/><T4/><D126/><U119/><E0/><V118/><F118/><W131/><G131/><T36/><D109/><U121/><E121/><V123/><F123/><W32/><G32/><T132/><D21/><U84/><E124/><V31/><F95/><W94/><G90/><T29/><D29/><U92/><E133/><V51/><F55/><W13/><G78/><T3/><D11/><U120/><E120/><V89/><F89/><W114/><G114/><T18/><D18/><U46/><E35/><V127/><F127/><W97/><G97/><T1/><D1/><U111/><E111/><V25/><F12/><W61/><G61/><T75/><D75/><U107/><E63/><V30/><F31/><N who="3" m="17799" /><G6/><T91/><D71/><N who="2" m="27146" /><F7/><W39/><G39/><T10/><D132/><U34/><E34/><V103/><F103/><W38/><G38/><T57/><D91/><U85/><E107/><V14/><F14/><N who="3" m="5131" /><G42/><N who="0" m="22983" /><D98/><U106/><E106/><V77/><F77/><W135/><G135/><T62/><D10/><U22/><E119/><V96/><F96/><W43/><G43/><T125/><D125/><U68/><E40/><V134/><F134/><W37/><G37/><T54/><AGARI ba="0,0" hai="3,4,9,54,57,62,66,67,72,79,80" m="22983" machi="54" ten="30,1100,0" yaku="25,1" doraHai="45" who="0" fromWho="0" sc="471,11,185,-3,237,-3,107,-5" /><INIT seed="4,0,0,1,4,102" ten="482,182,234,102" oya="0" hai0="66,72,78,110,14,13,61,85,124,105,9,112,48" hai1="19,43,96,129,134,21,75,41,122,62,87,63,18" hai2="26,76,116,56,79,99,90,101,55,29,111,46,119" hai3="118,0,84,58,117,23,127,70,38,54,40,57,8"/><T45/><D72/><U50/><E75/><V92/><F46/><W11/><G70/><T31/><D31/><U120/><E129/><V28/><F111/><W3/><G84/><T132/><D110/><U123/><E134/><V51/><F29/><W12/><G40/><T71/><D105/><U133/><E133/><V68/><F68/><W107/><G54/><T20/><D20/><U34/><E34/><V36/><F36/><W16/><G38/><T53/><D132/><U130/><E130/><V32/><F90/><W6/><G127/><T77/><D124/><U113/><E113/><V47/><F47/><W82/><G82/><T126/><D112/><U2/><E2/><V52/><F55/><W95/><G95/><T39/><D39/><U17/><E87/><V135/><F135/><W86/><G86/><T98/><D98/><U114/><E114/><V10/><F10/><W128/><G128/><T73/><D73/><U4/><E4/><V15/><F15/><W94/><G94/><T59/><D13/><U30/><E96/><V100/><F101/><W93/><G93/><T81/><D71/><U42/><E50/><V60/><F51/><W25/><G107/><T97/><D97/><U108/><E108/><V67/><F67/><W91/><G91/><N who="0" m="51631" /><D126/><U89/><E89/><V24/><F24/><AGARI ba="0,0" hai="17,18,19,21,24,30,41,42,43,62,63,120,122,123" machi="24" ten="50,3200,0" yaku="29,2" doraHai="102" who="1" fromWho="2" sc="482,0,182,32,234,-32,102,0" /><INIT seed="5,0,0,2,1,19" ten="482,214,202,102" oya="1" hai0="38,2,128,129,13,108,35,56,5,10,27,69,74" hai1="81,9,106,44,83,42,18,94,16,11,43,32,127" hai2="97,47,100,92,96,73,36,112,110,132,7,101,53" hai3="80,103,39,24,61,93,98,125,88,89,28,65,124"/><U58/><E106/><V0/><F110/><W121/><G39/><T63/><D38/><U40/><E32/><V51/><F73/><W68/><G121/><T15/><D74/><U87/><E127/><N who="3" m="48714" /><G80/><N who="1" m="30794" /><E44/><V55/><F132/><W50/><G50/><T62/><D108/><U133/><E133/><V21/><F36/><W29/><G29/><N who="0" m="19903" /><D69/><U45/><E45/><V33/><F33/><AGARI ba="0,0" hai="24,28,33,61,65,68,88,89,93,98,103" m="48714" machi="33" ten="30,2000,0" yaku="18,1,54,1" doraHai="19" who="3" fromWho="2" sc="482,0,214,0,202,-20,102,20" /><INIT seed="6,0,0,0,1,124" ten="482,214,182,122" oya="2" hai0="130,135,104,120,66,16,55,37,19,1,0,121,61" hai1="83,129,105,128,9,22,8,60,107,26,34,78,5" hai2="44,36,95,118,51,73,77,76,72,63,108,123,131" hai3="96,49,59,94,32,65,2,4,81,100,24,6,88"/><V11/><F36/><W48/><G2/><T33/><D33/><U91/><E34/><V54/><F123/><W110/><G110/><T42/><D104/><U20/><E91/><V27/><F118/><W67/><G48/><T102/><D55/><U3/><E60/><V29/><F108/><W47/><G32/><T68/><D102/><U70/><E70/><V80/><F95/><N who="3" m="58399" /><G24/><T90/><D90/><U117/><E9/><V97/><F97/><N who="3" m="57543" /><G81/><T98/><D98/><U17/><E22/><V127/><F127/><W46/><G46/><T99/><D99/><U64/><E64/><N who="3" m="24650" /><G59/><T89/><D0/><U31/><E31/><V79/><F73/><W101/><G101/><T132/><D1/><U50/><E50/><V52/><F72/><W10/><G10/><T30/><D30/><U39/><E39/><V62/><F11/><W112/><G112/><T125/><D125/><U85/><E117/><V28/><F80/><W109/><G109/><T116/><D116/><U57/><E57/><N who="2" m="35111" /><F27/><W56/><G56/><T115/><D115/><U103/><E103/><V43/><F63/><W40/><AGARI ba="0,0" hai="4,6,40,47,49" m="24650,57543,58399" machi="40" ten="30,2000,0" yaku="8,1,54,1" doraHai="124" who="3" fromWho="3" sc="482,-5,214,-5,182,-10,122,20" /><INIT seed="7,0,0,5,2,34" ten="477,209,172,142" oya="3" hai0="109,9,47,90,31,130,10,52,30,98,74,32,82" hai1="53,33,123,97,93,120,69,73,122,16,72,71,132" hai2="11,49,107,24,39,8,4,59,48,128,111,118,3" hai3="62,35,83,119,38,85,91,115,41,96,84,36,116"/><W61/><G35/><T88/><D32/><U14/><E33/><V77/><F39/><W92/><G85/><N who="0" m="50231" /><D74/><U6/><E6/><V13/><F128/><W18/><G38/><T105/><D105/><U135/><E53/><V129/><F111/><W12/><G115/><T0/><D0/><U45/><E45/><V44/><F107/><W100/><G41/><T76/><D76/><U110/><E110/><V104/><F104/><W89/><G36/><T55/><D55/><U126/><E126/><V95/><F129/><W103/><G119/><T27/><D27/><U86/><E86/><V112/><F24/><W94/><G116/><T17/><D17/><U23/><E73/><V67/><F112/><W117/><G117/><T42/><D42/><U19/><E19/><V70/><F70/><W133/><G133/><N who="1" m="51274" /><E72/><V99/><F77/><W102/><REACH who="3" step="1"/><G83/><REACH who="3" ten="477,209,172,132" step="2"/><T20/><D130/><U40/><E40/><V54/><F118/><W29/><G29/><T114/><D31/><U7/><E7/><V2/><F4/><W26/><G26/><T28/><D28/><U58/><E122/><V22/><F99/><W51/><G51/><T125/><D114/><U78/><E120/><V79/><F49/><W80/><G80/><T127/><D109/><U37/><E37/><V75/><F48/><W43/><G43/><T108/><D108/><U46/><E123/><V87/><F75/><W57/><G57/><T21/><D30/><U68/><E97/><V101/><F59/><W65/><G65/><T124/><D124/><U121/><E121/><V15/><F67/><W5/><G5/><RYUUKYOKU ba="0,1" sc="477,-10,209,-10,172,-10,132,30" hai3="12,18,61,62,84,89,91,92,94,96,100,102,103" /><INIT seed="7,1,1,3,4,23" ten="467,199,162,162" oya="3" hai0="74,110,96,123,78,79,95,56,80,99,97,16,29" hai1="4,35,66,109,21,108,37,19,69,46,50,54,101" hai2="127,133,82,34,85,15,9,128,89,93,92,84,116" hai3="57,11,47,58,42,22,70,81,71,122,10,124,27"/><W55/><G122/><T6/><D6/><U26/><E35/><V2/><F116/><W120/><G120/><T12/><D29/><U32/><E32/><V64/><F2/><W112/><G71/><T88/><D110/><U8/><E101/><V105/><F105/><W0/><G70/><T125/><D125/><U20/><E37/><V91/><F127/><W75/><G124/><T117/><D117/><U77/><E77/><V5/><F128/><W68/><G68/><T126/><D126/><U51/><E51/><V98/><F34/><W73/><G112/><T48/><D79/><U114/><E114/><V24/><F24/><W44/><G0/><T60/><D48/><U17/><E66/><V25/><F25/><W39/><G75/><T134/><D134/><U131/><E69/><V30/><F64/><W130/><G130/><T121/><D123/><U49/><E131/><V113/><F113/><W1/><G10/><T100/><D100/><U129/><E129/><V63/><F63/><W106/><G106/><T31/><D31/><U90/><E50/><V18/><F30/><N who="3" m="17783" /><G55/><T72/><D72/><U86/><E8/><V59/><F133/><W103/><G47/><T104/><D104/><U40/><E54/><V14/><F59/><N who="3" m="22539" /><G103/><T43/><D121/><U45/><E45/><V118/><F118/><W119/><G119/><T67/><D43/><U94/><E4/><V38/><F38/><W87/><G73/><T135/><D135/><U65/><E65/><V33/><F33/><W3/><G11/><AGARI ba="1,1" hai="11,12,16,56,60,67,74,78,80,88,95,96,97,99" machi="11" ten="30,3900,0" yaku="7,1,54,2" doraHai="23" who="0" fromWho="3" sc="467,52,199,0,162,0,162,-42" owari="519,62.0,199,0.0,162,-24.0,120,-38.0" /></mjloggm>