<mjloggm ver="2.3"><GO type="169" lobby="0"/><UN n0="%E3%81%94%E3%82%93%E3%81%96%E3%81%B6%E3%82%8D%E3%83%BC" n1="%6E%61%69%74%61" n2="%53%49%4C%41%53" n3="%E5%B0%B1%E6%B4%BB%E7%94%9F%40%E5%B7%9D%E6%9D%91%E8%BB%8D%E5%9B%A3" dan="16,16,16,17" rate="2161.04,2136.91,2174.80,2218.71" sx="M,M,F,M"/><TAIKYOKU oya="0"/><INIT seed="0,0,0,2,3,19" ten="250,250,250,250" oya="0" hai0="46,56,109,1,44,47,13,78,99,49,110,91,20" hai1="41,116,16,34,67,21,105,64,26,65,69,120,54" hai2="11,3,127,85,106,86,9,33,96,126,130,124,92" hai3="66,45,7,82,48,90,59,72,52,71,61,73,100"/><T14/><D1/><U32/><E116/><V83/><F33/><W31/><G100/><T107/><D78/><U36/><E120/><V88/><F3/><W108/><G108/><N who="0" m="41579" /><D107/><U12/><E105/><V79/><F130/><W131/><G131/><T132/><D132/><U117/><E117/><V17/><F17/><W38/><G7/><T30/><D49/><U75/><E75/><V122/><F122/><W115/><G115/><T15/><D56/><U135/><E135/><V8/><REACH who="2" step="1"/><F106/><REACH who="2" ten="250,250,240,250" step="2"/><W18/><G18/><N who="0" m="10319" /><D30/><U84/><E69/><V24/><F24/><W39/><G31/><T23/><D23/><U74/><E32/><V6/><F6/><W25/><G25/><T62/><D62/><U70/><E34/><V58/><F58/><W89/><G59/><T22/><D22/><U40/><E26/><V5/><F5/><W103/><G61/><T119/><D119/><U123/><E123/><V114/><F114/><W43/><G71/><T4/><D4/><U50/><E70/><V133/><F133/><W129/><G129/><T134/><D134/><U76/><E36/><V51/><F51/><W111/><G39/><T102/><D102/><U128/><E128/><V113/><F113/><W68/><G103/><T121/><D121/><U77/><E50/><V55/><F55/><W42/><G111/><T35/><D35/><U63/><E54/><V80/><F80/><W93/><G38/><T28/><D28/><U87/><E63/><V57/><F57/><W97/><G68/><T2/><D2/><U125/><E16/><V37/><F37/><W60/><G60/><RYUUKYOKU ba="0,1" sc="250,15,250,-15,240,15,250,-15" hai0="14,15,44,46,47,91,99" hai2="8,9,11,79,83,85,86,88,92,96,124,126,127" /><INIT seed="0,1,1,4,2,133" ten="265,235,255,235" oya="0" hai0="45,114,78,43,56,14,124,119,115,93,71,106,31" hai1="27,38,128,37,85,33,117,100,77,6,2,103,62" hai2="101,130,28,66,79,5,44,26,90,3,94,34,9" hai3="123,105,125,16,73,87,12,17,126,127,129,59,61"/><T92/><D71/><U113/><E117/><V131/><F101/><W69/><G129/><N who="2" m="49161" /><F66/><W120/><G73/><T50/><D106/><U60/><E128/><V80/><F44/><W82/><G105/><T107/><D107/><U70/><E113/><V104/><F104/><W96/><G96/><T97/><D119/><U21/><E33/><V86/><F94/><W109/><G69/><T41/><D124/><U55/><E2/><V116/><F116/><W132/><G132/><T52/><D31/><U57/><E6/><V67/><F67/><N who="3" m="39359" /><G109/><T23/><D78/><AGARI ba="1,1" hai="3,5,9,26,28,34,78,79,80,86,90" m="49161" machi="78" ten="30,1000,0" yaku="19,1" doraHai="133" who="2" fromWho="0" sc="265,-13,235,0,255,23,235,0" /><INIT seed="1,0,0,0,0,32" ten="252,235,278,235" oya="1" hai0="108,104,126,43,127,25,95,109,84,98,18,66,132" hai1="36,15,75,40,0,128,9,99,16,49,11,87,61" hai2="71,17,55,37,101,2,88,100,114,67,34,1,122" hai3="73,78,80,68,69,60,129,96,81,3,26,53,83"/><U70/><E75/><V115/><F122/><W90/><G129/><T20/><D132/><U12/><E128/><V74/><F74/><W135/><G135/><T86/><D66/><U48/><E99/><V92/><F34/><W5/><G69/><T52/><D43/><U103/><E103/><N who="2" m="39499" /><F37/><W38/><G26/><T116/><D104/><U133/><E133/><V113/><F55/><W7/><G38/><T134/><D134/><U58/><E70/><V35/><F35/><W106/><G106/><T46/><D116/><U59/><E87/><N who="0" m="33321" /><D98/><U94/><E94/><V93/><F17/><W118/><G118/><T89/><D89/><U72/><E72/><V22/><F22/><W125/><G125/><N who="0" m="47627" /><D95/><N who="2" m="36426" /><F88/><W23/><G90/><T4/><D4/><U107/><E107/><V79/><F79/><W50/><G7/><T85/><N who="0" m="33329" /><T33/><DORA hai="120" /><D33/><U8/><E36/><V62/><AGARI ba="0,0" hai="1,2,62,67,71,113,114,115" m="36426,39499" machi="62" ten="40,5200,0" yaku="11,1,52,2" doraHai="32,120" who="2" fromWho="2" sc="252,-13,235,-26,278,52,235,-13" /><INIT seed="2,0,0,1,1,43" ten="239,209,330,222" oya="2" hai0="62,20,113,68,52,74,85,60,126,131,88,107,11" hai1="33,102,58,34,128,32,121,17,53,46,97,133,27" hai2="36,106,111,109,110,9,28,119,29,70,71,47,115" hai3="122,5,8,50,44,38,45,103,65,120,125,100,42"/><V80/><F119/><W12/><G125/><T91/><D113/><U89/><E133/><V108/><F115/><W101/><REACH who="3" step="1"/><G65/><REACH who="3" ten="239,209,330,212" step="2"/><T124/><D126/><U116/><E116/><V118/><F110/><W129/><G129/><T67/><D124/><U16/><E128/><V10/><F118/><W84/><G84/><T48/><D131/><U86/><E121/><V19/><F106/><W112/><G112/><T95/><D74/><U24/><E24/><V98/><F98/><W69/><G69/><N who="2" m="26121" /><F80/><W105/><G105/><T90/><D107/><U127/><E127/><V135/><F135/><W72/><G72/><T93/><D85/><U104/><E27/><V76/><F76/><W30/><G30/><N who="2" m="11881" /><F19/><W39/><G39/><T37/><D37/><U114/><E114/><V15/><F15/><W2/><G2/><T23/><D67/><U7/><E7/><V83/><F83/><W61/><G61/><N who="0" m="23659" /><D68/><U132/><E132/><V75/><F75/><W64/><G64/><T31/><D31/><U56/><E17/><V55/><F36/><W73/><G73/><T1/><D95/><U49/><REACH who="1" step="1"/><E16/><REACH who="1" ten="239,199,330,212" step="2"/><V77/><F77/><W0/><G0/><T99/><D1/><U82/><AGARI ba="0,2" hai="32,33,34,46,49,53,56,58,82,86,89,97,102,104" machi="82" ten="30,7900,0" yaku="1,1,2,1,0,1,52,1,53,0" doraHai="43" doraHaiUra="6" who="1" fromWho="1" sc="239,-20,199,99,330,-39,212,-20" /><INIT seed="3,0,0,2,3,41" ten="219,298,291,192" oya="3" hai0="134,25,23,26,51,3,91,58,103,74,0,117,100" hai1="121,47,94,31,131,135,106,32,110,29,14,92,28" hai2="34,59,89,68,67,111,123,64,84,46,11,44,113" hai3="98,82,124,7,53,107,88,38,72,33,69,56,83"/><W97/><G69/><T60/><D74/><U114/><E121/><V27/><F113/><W96/><G124/><T102/><D117/><U57/><E110/><V9/><F68/><W63/><G33/><T71/><D134/><U45/><E106/><V119/><F119/><W104/><G7/><T21/><D71/><U6/><E114/><V16/><F123/><W30/><G30/><T85/><D0/><U20/><E32/><V12/><F111/><W130/><G130/><T50/><D3/><U108/><E108/><V8/><F27/><W75/><G38/><T48/><D26/><U42/><E135/><V122/><F34/><W43/><G43/><T37/><D37/><U62/><E131/><V22/><F122/><W112/><G112/><T81/><REACH who="0" step="1"/><D25/><REACH who="0" ten="209,298,291,192" step="2"/><N who="1" m="16423" /><E42/><V18/><F18/><W10/><G10/><T86/><D86/><U65/><E6/><V36/><F36/><W76/><REACH who="3" step="1"/><G88/><REACH who="3" ten="209,298,291,182" step="2"/><T101/><N who="0" m="26112" /><DORA hai="2" /><T5/><D5/><U120/><E120/><V55/><F9/><W35/><G35/><T73/><D73/><U129/><E129/><V125/><F8/><W24/><G24/><T15/><D15/><U126/><E14/><V78/><F11/><W118/><G118/><T54/><AGARI ba="0,2" hai="21,23,48,50,51,54,58,60,81,85,91" m="26112" machi="54" ten="50,6400,0" yaku="1,1,0,1,8,1,53,0" doraHai="41,2" doraHaiUra="90,116" who="0" fromWho="0" sc="209,84,298,-16,291,-16,182,-32" /><INIT seed="4,0,0,5,2,89" ten="293,282,275,150" oya="0" hai0="52,107,129,59,30,130,8,99,53,133,0,46,2" hai1="7,98,27,5,54,1,42,6,28,43,57,72,80" hai2="32,81,41,13,103,118,23,131,18,78,67,94,135" hai3="87,110,14,116,56,68,40,3,35,90,91,125,92"/><T44/><D133/><U127/><E127/><V38/><F135/><W45/><G110/><T31/><D107/><U106/><E1/><N who="0" m="617" /><D8/><U36/><E36/><V96/><F118/><W74/><G125/><T20/><D99/><U4/><N who="1" m="1024" /><DORA hai="112" /><U132/><E132/><V113/><F113/><W85/><G3/><T21/><D59/><U100/><E72/><V126/><F32/><W12/><G68/><T47/><D20/><U97/><E80/><V50/><F126/><W17/><G74/><T65/><D65/><U101/><E98/><V63/><F38/><W62/><G35/><T51/><D51/><U34/><REACH who="1" step="1"/><E101/><REACH who="1" ten="293,272,275,150" step="2"/><V120/><F81/><W66/><G116/><T24/><D31/><U83/><E83/><V108/><F103/><W22/><G12/><T109/><D109/><U29/><E29/><V76/><F96/><W37/><G91/><T82/><D82/><U73/><E73/><V25/><F13/><W95/><G87/><T33/><D33/><U10/><E10/><V88/><F108/><W122/><G122/><T79/><D79/><U124/><E124/><V111/><F120/><W102/><G102/><T69/><D30/><U104/><E104/><V49/><F111/><W134/><G134/><T70/><D21/><U55/><E55/><N who="0" m="21065" /><D24/><U115/><E115/><V61/><F76/><W9/><G22/><T77/><D77/><U105/><E105/><V60/><F78/><W128/><G128/><AGARI ba="0,1" hai="44,46,47,69,70,128,129,130" m="21065,617" machi="128" ten="40,12000,1" yaku="28,2,19,1,54,1" doraHai="89,112" who="0" fromWho="3" sc="293,130,272,0,275,0,150,-120" /><INIT seed="4,1,0,5,5,22" ten="423,272,275,30" oya="0" hai0="38,16,131,121,21,123,107,45,35,93,95,25,51" hai1="19,114,115,81,31,4,47,71,76,82,80,106,134" hai2="84,61,108,113,88,109,75,29,70,128,119,52,67" hai3="20,7,126,36,53,10,110,44,96,5,33,89,39"/><T0/><D107/><U55/><E71/><V49/><F75/><W41/><G33/><T11/><D38/><U1/><E106/><V26/><F113/><N who="1" m="43017" /><E134/><V66/><F66/><W105/><G110/><T50/><D131/><U14/><E31/><V13/><F13/><W129/><G129/><T72/><D72/><N who="1" m="43015" /><E4/><V85/><F119/><W23/><G126/><T118/><D118/><U28/><E1/><V86/><F128/><W101/><G39/><T83/><D35/><U34/><E34/><V111/><F88/><W58/><G89/><T43/><D83/><U79/><E79/><V27/><REACH who="2" step="1"/><F29/><REACH who="2" ten="423,272,265,30" step="2"/><W117/><G7/><T6/><D121/><U132/><E28/><V46/><AGARI ba="1,1" hai="26,27,46,49,52,61,67,70,84,85,86,108,109,111" machi="46" ten="40,12000,2" yaku="1,1,2,1,0,1,52,2,54,1,53,1" doraHai="22" doraHaiUra="60" who="2" fromWho="2" sc="423,-61,272,-31,265,133,30,-31" owari="362,16.0,241,-16.0,398,50.0,-1,-50.0" /></mjloggm>