<mjloggm ver="2.3"><GO type="169" lobby="0"/><UN n0="%E4%B8%96%E7%95%8C%E3%81%AE%E9%9D%92%E6%9C%A8" n1="%E5%B0%B1%E6%B4%BB%E7%94%9F%40%E5%B7%9D%E6%9D%91%E8%BB%8D%E5%9B%A3" n2="%E3%83%87%E3%82%A3%E3%82%BD%E3%83%BC%E3%83%AB" n3="%E6%9A%97%E3%81%84%E7%AC%A6" dan="16,17,16,17" rate="2100.75,2203.01,2134.03,2244.79" sx="M,M,M,M"/><TAIKYOKU oya="0"/><INIT seed="0,0,0,2,1,67" ten="250,250,250,250" oya="0" hai0="122,46,78,19,31,20,71,61,41,9,127,83,111" hai1="70,21,96,104,125,65,6,135,26,10,87,60,88" hai2="58,55,68,124,38,53,123,113,91,106,56,107,97" hai3="76,119,8,15,69,18,85,66,64,43,40,90,108"/><T74/><D122/><U28/><E125/><V114/><F123/><W73/><G119/><T24/><D127/><U52/><E135/><V3/><F124/><W110/><G73/><T130/><D130/><U13/><E104/><V48/><F3/><W36/><G76/><T32/><D111/><N who="3" m="42537" /><G36/><T72/><D9/><U11/><E96/><V51/><F38/><W129/><G129/><T94/><D94/><U126/><E126/><V82/><F82/><N who="3" m="49463" /><G66/><T128/><D128/><U112/><E112/><V42/><F42/><N who="3" m="15915" /><G64/><T23/><D74/><U99/><E99/><V62/><F62/><W132/><G132/><T37/><D61/><U57/><E11/><V79/><F79/><W117/><G117/><T131/><D131/><U4/><E4/><V134/><F134/><W80/><G80/><T105/><D105/><U29/><E29/><V2/><F2/><W35/><G35/><T14/><REACH who="0" step="1"/><D32/><REACH who="0" ten="240,250,250,250" step="2"/><U22/><E22/><V47/><F107/><W33/><G33/><T93/><D93/><U63/><E60/><V95/><F106/><W54/><G54/><T27/><D27/><U7/><E7/><V49/><F114/><W77/><G77/><T30/><D30/><U17/><E28/><V100/><F113/><W34/><G34/><T59/><D59/><U86/><E88/><V120/><F120/><W109/><G109/><T102/><D102/><U92/><E92/><V16/><F100/><W45/><G45/><T12/><D12/><U84/><E65/><V1/><F56/><W103/><G103/><T118/><D118/><U39/><E39/><V50/><F58/><RYUUKYOKU ba="0,1" sc="240,10,250,10,250,-30,250,10" hai0="14,19,20,23,24,31,37,41,46,71,72,78,83" hai1="6,10,13,17,21,26,52,57,63,70,84,86,87" hai3="8,15,18,69" /><INIT seed="0,1,1,4,4,105" ten="250,260,220,260" oya="0" hai0="40,39,122,110,3,135,85,86,62,19,14,96,42" hai1="1,101,30,121,2,99,103,36,4,116,35,48,29" hai2="55,18,31,107,15,26,10,88,63,134,53,49,76" hai3="33,11,132,47,83,94,130,111,95,28,100,65,92"/><T61/><D3/><U54/><E36/><V59/><F107/><W38/><G65/><T87/><D122/><U66/><E116/><V129/><F134/><W34/><G132/><T84/><D135/><U13/><E121/><V97/><F129/><W72/><G130/><T41/><N who="0" m="21504" /><DORA hai="125" /><T21/><D110/><U25/><E66/><V45/><F76/><W6/><G28/><T9/><D39/><U113/><E113/><V52/><F97/><W43/><G100/><T51/><D51/><U124/><E29/><V73/><F73/><W75/><G111/><T60/><REACH who="0" step="1"/><D96/><REACH who="0" ten="240,260,220,260" step="2"/><U112/><E112/><V22/><REACH who="2" step="1"/><F88/><REACH who="2" ten="240,260,210,260" step="2"/><W109/><G109/><T44/><D44/><U81/><E99/><V78/><F78/><W119/><G119/><T118/><D118/><U58/><E101/><V89/><F89/><W46/><G46/><T7/><D7/><U114/><E4/><V27/><F27/><W57/><G47/><T37/><D37/><U70/><E25/><V69/><F69/><W64/><G38/><T12/><D12/><U106/><E13/><V102/><F102/><W79/><G79/><T98/><D98/><U32/><E70/><V82/><F82/><W127/><G83/><T23/><AGARI ba="1,3" hai="9,14,19,21,23,40,41,42,60,61,62" m="21504" machi="23" ten="50,24000,3" yaku="1,1,0,1,29,2,8,1,53,4" doraHai="105,125" doraHaiUra="56,5" who="0" fromWho="0" sc="240,273,260,-81,210,-81,260,-81" /><INIT seed="0,2,0,4,5,48" ten="513,179,129,179" oya="0" hai0="105,28,93,122,87,96,80,86,23,76,85,12,30" hai1="31,7,62,99,13,98,101,67,81,37,50,73,9" hai2="39,17,114,91,104,84,90,27,126,106,115,1,72" hai3="68,129,40,127,38,34,132,119,49,117,16,45,74"/><T102/><D122/><U65/><E37/><V133/><F39/><W35/><G74/><T22/><D105/><U123/><E123/><V128/><F1/><W64/><G35/><T25/><REACH who="0" step="1"/><D12/><REACH who="0" ten="503,179,129,179" step="2"/><U57/><E31/><V69/><F106/><W70/><G119/><T10/><D10/><U42/><E73/><V121/><F104/><W88/><G117/><T44/><D44/><U111/><E111/><V116/><F72/><W63/><G127/><T79/><D79/><U54/><E81/><V19/><F126/><W41/><G129/><T51/><D51/><U131/><E131/><V109/><F109/><W113/><G38/><T61/><D61/><U107/><E99/><V5/><F121/><W0/><G63/><T55/><D55/><U77/><E77/><V47/><F116/><W59/><G0/><T6/><D6/><U14/><E13/><V94/><F128/><W52/><G52/><T24/><AGARI ba="2,1" hai="22,23,24,25,28,30,76,80,85,86,87,93,96,102" machi="24" ten="30,11700,0" yaku="1,1,0,1,9,1,8,1,53,0" doraHai="48" doraHaiUra="125" who="0" fromWho="0" sc="503,133,179,-41,129,-41,179,-41" /><INIT seed="0,3,0,3,3,19" ten="636,138,88,138" oya="0" hai0="75,10,0,52,97,40,101,9,50,128,120,61,95" hai1="132,119,67,102,3,56,42,20,54,90,103,22,88" hai2="59,34,126,15,41,44,78,77,33,70,107,71,6" hai3="96,7,73,1,65,60,104,63,83,8,113,12,122"/><T66/><D128/><U18/><E119/><V118/><F107/><W5/><G113/><T51/><D120/><U109/><E3/><V69/><F118/><W117/><G117/><T89/><D75/><U38/><E109/><V85/><F126/><W43/><G63/><T84/><D0/><U86/><E132/><V129/><F129/><W17/><G7/><T125/><D50/><N who="1" m="30807" /><E38/><V93/><F59/><W133/><G133/><T111/><D40/><U13/><E42/><V24/><F6/><W74/><G122/><T47/><D125/><U16/><E67/><V49/><F15/><W46/><G104/><T92/><REACH who="0" step="1"/><D111/><REACH who="0" ten="626,138,88,138" step="2"/><U45/><E45/><V98/><F41/><W123/><G123/><T23/><D23/><U106/><E106/><V25/><F44/><W87/><G46/><T37/><D37/><U2/><E2/><V108/><F108/><W114/><G43/><T91/><D91/><N who="1" m="34859" /><E86/><V130/><F85/><W81/><G73/><T80/><D80/><U35/><E35/><V68/><F34/><W4/><G81/><T26/><D26/><AGARI ba="3,1" hai="13,16,18,20,22,26,102,103" m="34859,30807" machi="26" ten="30,8000,1" yaku="8,1,52,2,54,2" doraHai="19" who="1" fromWho="0" sc="626,-89,138,99,88,0,138,0" /><INIT seed="1,0,0,3,3,35" ten="537,237,88,138" oya="1" hai0="32,107,70,36,84,6,42,104,7,64,65,15,67" hai1="22,102,53,105,109,33,30,12,18,56,52,113,66" hai2="17,20,120,46,58,111,77,122,31,100,3,99,78" hai3="74,132,85,73,11,86,80,45,38,16,23,4,43"/><U49/><E113/><V54/><F111/><W94/><G132/><T76/><D70/><U96/><E109/><V63/><F31/><W95/><G74/><T124/><D32/><U97/><E97/><V130/><F130/><W24/><G85/><T121/><D124/><U62/><E33/><V69/><F69/><W98/><G98/><T88/><D76/><U48/><E30/><V13/><F46/><W134/><G134/><T101/><D121/><U1/><E1/><V44/><F44/><W19/><G19/><T9/><D6/><U2/><E2/><V25/><F25/><W47/><G45/><T116/><D36/><U133/><E133/><V34/><F34/><W14/><REACH who="3" step="1"/><G73/><REACH who="3" ten="537,237,88,128" step="2"/><T115/><D84/><U92/><E105/><V29/><F120/><W28/><G28/><T37/><D107/><U59/><REACH who="1" step="1"/><E66/><REACH who="1" ten="537,227,88,128" step="2"/><V27/><F122/><W8/><G8/><N who="0" m="4511" /><D67/><U41/><E41/><V50/><F99/><W93/><G93/><T127/><D42/><U75/><E75/><V71/><F29/><W81/><G81/><T55/><D9/><U129/><E129/><V108/><F108/><W131/><G131/><T0/><D65/><U119/><E119/><V118/><F118/><W125/><G125/><T126/><D104/><U60/><AGARI ba="0,2" hai="12,18,22,48,49,52,53,56,59,60,62,92,96,102" machi="60" ten="20,18000,2" yaku="1,1,0,1,7,1,9,1,8,1,54,1,53,0" doraHai="35" doraHaiUra="112" who="1" fromWho="1" sc="537,-60,227,200,88,-60,128,-60" /><INIT seed="1,1,0,3,3,5" ten="477,427,28,68" oya="1" hai0="89,18,101,78,21,2,122,66,37,133,92,100,23" hai1="68,112,48,17,116,26,126,128,104,67,121,34,94" hai2="107,130,25,111,103,49,82,38,135,8,129,11,93" hai3="73,6,59,14,19,3,16,28,120,36,108,79,123"/><U110/><RYUUKYOKU type="yao9" ba="1,0" sc="477,0,427,0,28,0,68,0" hai1="17,26,34,48,67,68,94,104,110,112,116,121,126,128" /><INIT seed="1,2,0,4,3,68" ten="477,427,28,68" oya="1" hai0="32,19,78,40,110,70,100,38,107,36,9,134,120" hai1="73,49,95,96,93,1,14,116,101,56,61,89,98" hai2="55,130,48,50,97,119,106,37,43,115,131,42,79" hai3="64,6,15,90,122,77,45,82,39,2,62,65,21"/><U63/><E1/><V74/><F74/><W84/><G65/><T111/><D134/><U71/><E73/><V54/><F79/><W44/><G2/><T118/><D118/><U125/><E116/><V20/><F106/><W80/><G122/><T5/><D120/><U128/><E125/><V4/><F97/><W46/><G21/><T94/><D32/><U17/><E128/><N who="2" m="49195" /><F119/><W109/><G15/><N who="0" m="7663" /><D5/><U8/><REACH who="1" step="1"/><E71/><REACH who="1" ten="477,417,28,68" step="2"/><V24/><F115/><W76/><G109/><T85/><D70/><U104/><E104/><V124/><F124/><W86/><G6/><T29/><D107/><U132/><E132/><V57/><F4/><W83/><G77/><T52/><D78/><U108/><E108/><V26/><F37/><W28/><G76/><T99/><D36/><U25/><E25/><N who="2" m="9835" /><F20/><W59/><G39/><T3/><D38/><U53/><AGARI ba="2,1" hai="8,14,17,49,53,56,61,63,89,93,95,96,98,101" machi="53" ten="30,11700,0" yaku="1,1,0,1,8,1,53,1" doraHai="68" doraHaiUra="13" who="1" fromWho="1" sc="477,-41,417,133,28,-41,68,-41" owari="436,24.0,550,64.0,-13,-51.0,27,-37.0" /></mjloggm>