<mjloggm ver="2.3"><GO type="169" lobby="0"/><UN n0="%E6%9D%A5%E9%80%B1%E3%81%AE%E7%B3%B8%E4%BA%95" n1="%E3%83%88%E3%83%88%E3%83%AA%E5%85%88%E7%94%9F%31%39%E6%AD%B3" n2="%6A%75%6E%6F%6E" n3="%74%61%74%73%75%37%30%32" dan="16,18,16,16" rate="2143.50,2196.40,2117.22,2135.35" sx="M,F,M,M"/><TAIKYOKU oya="0"/><INIT seed="0,0,0,2,0,26" ten="250,250,250,250" oya="0" hai0="126,133,4,66,108,68,81,104,103,96,21,91,39" hai1="30,87,44,124,101,90,6,82,70,18,120,106,112" hai2="115,53,99,63,88,36,134,74,15,123,93,65,114" hai3="67,41,110,59,72,98,7,49,1,89,95,85,48"/><T40/><D126/><U121/><E124/><V42/><F123/><W17/><G110/><T116/><D116/><U105/><E70/><V52/><F74/><W5/><G72/><T86/><D133/><U77/><E112/><V102/><F134/><W92/><G1/><T84/><D4/><U131/><E131/><V27/><F36/><W94/><G17/><T8/><D108/><U13/><E6/><V3/><F3/><W100/><G94/><T9/><D66/><U22/><E44/><V125/><F42/><W24/><G24/><T56/><D68/><U69/><E69/><V2/><F2/><W61/><G49/><T78/><D56/><U45/><E45/><AGARI ba="0,0" hai="5,7,41,45,48,59,61,67,85,89,92,95,98,100" machi="45" ten="40,1300,0" yaku="8,1" doraHai="26" who="3" fromWho="1" sc="250,0,250,-13,250,0,250,13" /><INIT seed="1,0,0,4,0,17" ten="250,237,250,263" oya="1" hai0="119,70,107,74,83,101,42,65,67,102,3,48,58" hai1="13,0,125,78,23,57,16,2,92,124,88,24,77" hai2="52,45,134,100,55,22,19,36,53,49,26,29,82" hai3="63,87,108,38,60,130,95,120,40,47,6,86,126"/><U73/><E57/><V31/><F134/><W9/><G120/><T131/><D3/><U75/><E77/><V69/><F36/><W132/><G108/><T121/><D48/><U56/><E56/><V106/><F69/><W110/><G132/><T59/><D83/><U5/><E13/><V28/><REACH who="2" step="1"/><F82/><REACH who="2" ten="250,237,240,263" step="2"/><W61/><G110/><T27/><D70/><U127/><E78/><V30/><N who="2" m="7168" /><DORA hai="79" /><V10/><F10/><W122/><G122/><T91/><D121/><U62/><E62/><V111/><F111/><W129/><G126/><T34/><D119/><U94/><E94/><V41/><F41/><W76/><G76/><T11/><D42/><U7/><E0/><V118/><F118/><W18/><G95/><T37/><D107/><U116/><E116/><V128/><F128/><W46/><G130/><T104/><D104/><U112/><E112/><V84/><F84/><W21/><G129/><T115/><D131/><U96/><E2/><V1/><F1/><W12/><REACH who="3" step="1"/><G46/><REACH who="3" ten="250,237,240,253" step="2"/><T64/><D115/><U14/><E75/><V20/><F20/><W105/><G105/><T4/><D74/><U99/><E73/><V43/><F43/><W85/><G85/><T32/><D32/><U8/><E96/><AGARI ba="0,2" hai="19,22,26,45,49,52,53,55,96,100,106" m="7168" machi="96" ten="50,6400,0" yaku="1,1,52,1,54,1,53,0" doraHai="17,79" doraHaiUra="89,68" who="2" fromWho="1" sc="250,0,237,-64,240,84,253,0" /><INIT seed="2,0,0,0,4,120" ten="250,173,324,253" oya="2" hai0="82,81,116,48,41,103,49,90,113,132,22,60,125" hai1="10,99,85,50,87,96,97,39,94,35,56,38,4" hai2="63,36,93,66,46,108,122,91,133,5,102,118,40" hai3="80,69,129,0,78,117,110,111,79,101,127,88,37"/><V95/><F122/><W25/><G117/><T59/><D113/><U114/><E114/><V26/><F118/><W28/><G37/><T3/><D116/><U98/><E35/><V58/><F133/><W62/><G0/><T11/><D132/><U74/><E74/><V7/><F108/><N who="3" m="41515" /><G101/><T16/><D125/><U89/><E39/><V76/><F76/><W75/><G127/><T45/><D11/><U71/><E71/><V123/><F26/><W15/><G129/><T83/><D49/><U21/><E38/><V126/><F123/><W2/><G2/><T20/><D20/><U33/><E33/><V13/><F13/><W34/><G15/><N who="0" m="9503" /><D103/><U14/><REACH who="1" step="1"/><E21/><REACH who="1" ten="250,163,324,253" step="2"/><V121/><F121/><W31/><G75/><T70/><D70/><U130/><E130/><V67/><F126/><W124/><G124/><T51/><D3/><U57/><E57/><V53/><F58/><W44/><G44/><T17/><D59/><U8/><E8/><V100/><F46/><W105/><G105/><T72/><D45/><U61/><E61/><V18/><F63/><W32/><G62/><T86/><D60/><U131/><E131/><V23/><F36/><W52/><G69/><T12/><D72/><U29/><E29/><V42/><F23/><W104/><G31/><T92/><D51/><U55/><AGARI ba="0,1" hai="4,10,14,50,55,56,85,87,89,94,96,97,98,99" machi="55" ten="30,4000,0" yaku="1,1,0,1,8,1,53,0" doraHai="120" doraHaiUra="43" who="1" fromWho="1" sc="250,-10,163,50,324,-20,253,-10" /><INIT seed="3,0,0,1,2,30" ten="240,213,304,243" oya="3" hai0="63,23,124,66,128,80,7,21,112,77,67,68,24" hai1="86,134,70,6,60,79,117,81,19,33,2,131,9" hai2="18,121,102,113,38,15,108,41,49,54,98,69,57" hai3="51,71,4,34,114,84,45,58,13,61,40,50,129"/><W17/><G114/><T82/><D112/><U26/><E131/><V74/><F113/><W76/><G34/><T109/><D128/><U28/><E134/><V105/><F108/><W36/><G129/><T62/><D109/><U118/><REACH who="1" step="1"/><E19/><REACH who="1" ten="240,203,304,243" step="2"/><V104/><F18/><W116/><G116/><T132/><D132/><U135/><E135/><V93/><F121/><W8/><G17/><T39/><D124/><U35/><E35/><V25/><F104/><W44/><G71/><T88/><D68/><U16/><E16/><V83/><F105/><W42/><G36/><T123/><D123/><U55/><E55/><V65/><F54/><W103/><G103/><T120/><D120/><U53/><E53/><V90/><F38/><W5/><G58/><T47/><D39/><U73/><E73/><V64/><F74/><W32/><G32/><T0/><D23/><U56/><E56/><V125/><F57/><W12/><G61/><T59/><D59/><U1/><E1/><V95/><F69/><W96/><G96/><T99/><D99/><U106/><E106/><V115/><F125/><W52/><G52/><T72/><D63/><U22/><E22/><V87/><F115/><W20/><G20/><T111/><D21/><U48/><E48/><V100/><F100/><W11/><G84/><T27/><D62/><U78/><E78/><AGARI ba="0,1" hai="4,5,8,11,12,13,40,42,44,45,50,51,76,78" machi="78" ten="40,12000,1" yaku="32,3,8,1" doraHai="30" who="3" fromWho="1" sc="240,0,203,-120,304,0,243,130" /><INIT seed="3,1,0,0,3,103" ten="240,83,304,373" oya="3" hai0="57,130,4,3,35,78,68,48,134,110,55,91,117" hai1="21,37,94,106,135,98,51,133,102,129,126,5,49" hai2="87,29,90,13,1,115,10,41,72,6,114,26,107" hai3="8,59,47,109,67,53,64,105,88,76,60,69,30"/><W97/><G109/><T40/><D117/><U66/><E37/><V33/><F72/><W39/><G76/><T27/><D68/><U113/><E113/><V124/><F124/><W120/><G120/><T46/><D110/><U50/><E126/><V2/><F41/><W74/><G74/><T63/><D134/><N who="1" m="51211" /><E129/><V70/><F70/><W132/><G132/><T128/><D78/><U119/><E119/><V34/><F34/><W14/><G30/><T81/><D4/><U82/><E66/><V131/><F131/><N who="0" m="50218" /><D3/><U85/><E21/><V11/><F107/><W111/><G105/><T20/><D35/><U12/><E12/><V0/><F90/><W61/><G111/><T93/><D81/><U45/><E5/><V122/><F87/><W23/><G23/><T118/><D118/><U121/><E121/><V56/><F122/><W100/><G100/><T73/><D73/><U127/><E127/><V43/><F10/><W77/><G77/><T31/><D93/><U52/><E94/><V54/><REACH who="2" step="1"/><F43/><REACH who="2" ten="240,83,294,373" step="2"/><N who="3" m="23039" /><G69/><T101/><D101/><U116/><E116/><V84/><F84/><W28/><G8/><T38/><D91/><AGARI ba="1,1" hai="45,49,50,51,52,82,85,91,98,102,106" m="51211" machi="91" ten="30,3900,0" yaku="20,1,52,1,54,1" doraHai="103" who="1" fromWho="0" sc="240,-42,83,52,294,0,373,0" /><INIT seed="4,0,0,4,0,130" ten="198,135,294,373" oya="0" hai0="32,56,33,77,120,35,55,31,116,14,57,121,90" hai1="95,72,62,132,48,46,40,21,80,59,15,108,64" hai2="100,97,52,12,124,117,23,28,11,13,44,37,74" hai3="105,60,51,5,101,73,75,111,16,65,104,113,22"/><T133/><D116/><U61/><E108/><V29/><F74/><W58/><G111/><T3/><D3/><U63/><E72/><V115/><F117/><W107/><G101/><T54/><D77/><U88/><E80/><V49/><F115/><W47/><G5/><T78/><D78/><U27/><E15/><V38/><F124/><W103/><G103/><T50/><D31/><U34/><E34/><V6/><F28/><W99/><G99/><T2/><D2/><U83/><E83/><V102/><F100/><W110/><G113/><T71/><D71/><U36/><E132/><V8/><F23/><W1/><G1/><T85/><D14/><U126/><E126/><V86/><F86/><W114/><G110/><T131/><D131/><U67/><E36/><V92/><REACH who="2" step="1"/><F29/><REACH who="2" ten="198,135,284,373" step="2"/><W118/><G114/><T122/><D133/><U39/><E21/><V68/><F68/><W43/><REACH who="3" step="1"/><G118/><REACH who="3" ten="198,135,284,363" step="2"/><T24/><D122/><U79/><E64/><V128/><F128/><W66/><G66/><T17/><D121/><U42/><E67/><V76/><F76/><W119/><G119/><T135/><D120/><U96/><E79/><V18/><AGARI ba="0,2" hai="6,8,11,12,13,18,37,38,44,49,52,92,97,102" machi="18" ten="20,5200,0" yaku="1,1,0,1,7,1,54,1,53,0" doraHai="130" doraHaiUra="129" who="2" fromWho="2" sc="198,-26,135,-13,284,72,363,-13" /><INIT seed="5,0,0,3,1,28" ten="172,122,356,350" oya="1" hai0="56,126,15,109,91,42,108,112,88,2,43,85,94" hai1="67,100,63,13,127,23,4,31,119,118,70,117,10" hai2="32,49,19,68,128,25,92,111,83,3,21,60,35" hai3="0,74,130,59,77,24,107,101,106,78,18,39,93"/><U96/><E127/><V104/><F111/><W132/><G59/><T55/><D2/><U65/><E65/><V71/><F104/><W45/><G24/><T134/><D126/><U120/><E120/><V115/><F3/><W64/><G18/><T75/><D75/><U53/><E53/><V82/><F128/><W27/><G45/><T86/><D112/><U99/><E99/><V73/><F115/><W97/><G27/><T116/><D116/><U72/><E72/><V41/><F83/><W54/><G64/><T52/><D134/><U110/><E23/><V34/><F60/><W40/><G54/><T58/><D94/><U14/><E31/><V90/><F49/><W50/><G50/><T36/><D15/><U105/><REACH who="1" step="1"/><E14/><REACH who="1" ten="172,112,356,350" step="2"/><V69/><F41/><W37/><G40/><T22/><REACH who="0" step="1"/><D22/><REACH who="0" ten="162,112,356,350" step="2"/><U7/><E7/><V11/><F21/><W5/><G74/><T131/><D131/><U103/><E103/><V79/><F73/><W125/><G130/><T87/><D87/><U17/><E17/><V16/><F16/><W133/><G125/><T48/><D48/><U6/><E6/><V62/><F19/><W102/><G5/><T47/><D47/><U29/><E29/><V12/><F12/><W1/><G97/><T80/><D80/><U33/><E33/><V89/><F32/><W20/><G20/><T123/><D123/><U57/><E57/><V84/><F34/><W44/><G44/><T121/><D121/><U30/><E30/><V51/><F35/><W38/><G38/><AGARI ba="0,2" hai="36,38,42,43,52,55,56,58,85,86,88,91,108,109" machi="38" ten="25,8000,1" yaku="1,1,22,2,54,2,53,0" doraHai="28" doraHaiUra="135" who="0" fromWho="3" sc="162,100,112,0,356,0,350,-80" /><INIT seed="6,0,0,2,3,114" ten="262,112,356,270" oya="2" hai0="118,111,3,123,76,51,104,47,90,69,132,72,112" hai1="80,0,107,2,85,14,129,41,67,53,102,6,100" hai2="61,65,64,32,130,29,10,49,40,63,87,55,33" hai3="91,39,54,21,15,27,37,68,35,4,7,18,59"/><V88/><F40/><W109/><G68/><T25/><RYUUKYOKU type="yao9" ba="0,0" sc="262,0,112,0,356,0,270,0" hai0="3,25,47,51,69,72,76,90,104,111,112,118,123,132" /><INIT seed="6,1,0,4,2,38" ten="262,112,356,270" oya="2" hai0="54,46,67,108,120,135,110,128,101,9,19,131,116" hai1="102,63,17,14,109,125,12,118,107,103,71,41,97" hai2="11,5,37,114,6,124,34,78,113,42,57,59,111" hai3="74,30,83,58,89,36,77,8,81,16,25,24,39"/><V47/><F124/><W99/><G58/><T22/><D120/><U13/><E109/><V26/><F111/><W75/><G99/><T64/><D101/><U10/><E118/><V79/><F34/><W32/><G89/><T45/><D9/><U76/><E125/><V56/><F26/><W70/><G70/><T72/><D72/><U100/><E76/><N who="2" m="29227" /><F11/><W52/><G81/><T134/><D19/><U95/><E107/><V88/><F88/><W106/><G75/><T93/><D22/><U61/><E71/><V43/><F42/><W2/><G106/><T48/><D93/><U21/><E41/><V132/><F132/><N who="0" m="50730" /><D116/><U60/><REACH who="1" step="1"/><E13/><REACH who="1" ten="262,102,356,270" step="2"/><V49/><F43/><W55/><G39/><T7/><D110/><U94/><E94/><V117/><F37/><W91/><G36/><T73/><D108/><U27/><E27/><V3/><F117/><W44/><G44/><T62/><D45/><U0/><E0/><V129/><F3/><W66/><G2/><T80/><D46/><U92/><E92/><V69/><F47/><W23/><G8/><T4/><D80/><U133/><E133/><V98/><F69/><W50/><G91/><T51/><D131/><U105/><E105/><V85/><F129/><W53/><REACH who="3" step="1"/><G50/><REACH who="3" ten="262,102,356,260" step="2"/><T29/><D48/><U87/><E87/><V31/><F85/><W82/><G82/><T18/><D51/><U65/><E65/><AGARI ba="1,2" hai="16,23,24,25,30,32,52,53,55,65,66,74,77,83" machi="65" ten="40,5200,0" yaku="1,1,54,2,53,0" doraHai="38" doraHaiUra="35" who="3" fromWho="1" sc="262,0,102,-55,356,0,260,75" /><INIT seed="7,0,0,2,0,135" ten="262,47,356,335" oya="3" hai0="19,27,129,130,66,103,117,32,123,116,9,5,95" hai1="125,112,101,82,108,71,85,128,91,54,100,115,65" hai2="59,67,47,111,56,53,60,102,84,120,42,8,26" hai3="14,81,105,96,33,83,28,23,78,15,113,6,13"/><W10/><G113/><N who="1" m="43594" /><E54/><V12/><F111/><W119/><G119/><N who="0" m="45643" /><D95/><U61/><E61/><N who="2" m="38335" /><F120/><W94/><G105/><T92/><D92/><U38/><E65/><V34/><F34/><W73/><G83/><T0/><D103/><N who="1" m="39499" /><E38/><V126/><F84/><W122/><G122/><T114/><D66/><U52/><E52/><V88/><F102/><W63/><G63/><T70/><D70/><U110/><E71/><V58/><F88/><W18/><G94/><T64/><D64/><U44/><E44/><V134/><F26/><N who="3" m="18583" /><G96/><T31/><D114/><U57/><E57/><V40/><F134/><W99/><G99/><T39/><D39/><U30/><E128/><N who="0" m="49257" /><D19/><U50/><E50/><V90/><F56/><W127/><G15/><T11/><D11/><U77/><E30/><V48/><F48/><W25/><G14/><T104/><D104/><U55/><E55/><V131/><F53/><W17/><G17/><T74/><D74/><U68/><E68/><V76/><F42/><W133/><G133/><T3/><D123/><U121/><E121/><V51/><F51/><W118/><G118/><T16/><D16/><U109/><E91/><V7/><F90/><W35/><G35/><T79/><D79/><U21/><E21/><V24/><F131/><W72/><G72/><T107/><D107/><U22/><E22/><V36/><F76/><W87/><G73/><T46/><D46/><U75/><E75/><V4/><F58/><W43/><G43/><T93/><D32/><U1/><E1/><N who="2" m="15" /><F60/><W20/><G20/><N who="0" m="15847" /><D3/><U49/><E49/><V45/><F40/><W29/><G29/><RYUUKYOKU ba="0,0" sc="262,10,47,10,356,-30,335,10" hai0="0,5,9,93" hai1="77,82,85,108,109,110,125" hai3="6,10,13,18,23,25,78,81,87,127" owari="272,-13.0,57,-44.0,326,13.0,345,44.0" /></mjloggm>