<mjloggm ver="2.3"><GO type="169" lobby="0"/><UN n0="%68%61%72%75%72%75%39%31" n1="%E5%B0%B1%E6%B4%BB%E7%94%9F%40%E5%B7%9D%E6%9D%91%E8%BB%8D%E5%9B%A3" n2="%E4%BF%BA%E3%81%AE%E5%AB%81" n3="%6A%75%6E%6F%6E" dan="16,18,16,16" rate="2050.29,2232.26,2037.38,2148.64" sx="M,M,F,M"/><TAIKYOKU oya="0"/><INIT seed="0,0,0,5,0,42" ten="250,250,250,250" oya="0" hai0="1,106,14,98,54,79,6,89,129,52,72,86,21" hai1="40,13,80,56,55,102,110,65,39,75,18,69,60" hai2="133,103,38,25,118,19,83,32,126,127,82,34,135" hai3="101,77,41,121,66,125,7,10,104,68,2,8,123"/><T124/><D129/><U107/><E110/><V84/><F38/><W48/><G125/><N who="2" m="47625" /><F103/><W114/><G114/><T70/><D70/><U23/><E107/><V87/><F19/><W85/><G10/><N who="0" m="4439" /><D1/><U33/><E33/><N who="2" m="12907" /><F25/><W20/><G101/><N who="0" m="62775" /><D21/><U17/><E102/><V93/><F93/><W53/><G20/><T58/><D58/><U45/><E18/><V78/><F118/><W3/><G104/><T29/><D29/><U46/><E80/><N who="2" m="30763" /><F78/><W108/><G77/><T131/><D131/><U109/><E109/><V92/><F92/><W63/><G108/><T64/><D124/><U134/><E75/><V22/><F22/><W119/><G119/><T12/><D12/><U122/><E122/><V35/><N who="2" m="12915" /><V27/><DORA hai="36" /><F27/><W16/><G123/><T9/><D9/><U43/><E134/><AGARI ba="0,0" hai="84,87,133,134,135" m="30763,12915,47625" machi="134" ten="50,8000,1" yaku="28,2,20,1,18,1" doraHai="42,36" who="2" fromWho="1" sc="250,0,250,-80,250,80,250,0" /><INIT seed="1,0,0,2,5,2" ten="250,170,330,250" oya="1" hai0="30,11,93,43,27,26,4,41,87,73,107,14,79" hai1="121,127,131,55,90,130,17,66,56,98,25,62,72" hai2="135,119,15,1,125,39,81,109,82,58,35,116,57" hai3="128,134,48,34,60,122,52,7,59,69,129,9,50"/><U75/><E121/><V91/><F1/><W49/><G122/><T88/><D107/><U64/><E127/><V3/><F3/><N who="3" m="255" /><G34/><T84/><D73/><U101/><E75/><V89/><F125/><W45/><G69/><T102/><D102/><U85/><E72/><V117/><F35/><W68/><G68/><T78/><D27/><U46/><E25/><V99/><F39/><W83/><G83/><N who="2" m="31753" /><F15/><W71/><G71/><T115/><D115/><U104/><E17/><V20/><F20/><W51/><G51/><T74/><D74/><U80/><REACH who="1" step="1"/><E46/><REACH who="1" ten="250,160,330,250" step="2"/><V103/><F119/><W76/><G76/><T18/><D18/><U126/><E126/><V40/><F117/><W113/><G113/><T19/><D19/><U29/><E29/><V114/><F116/><W33/><G33/><T31/><D31/><U132/><E132/><V105/><F114/><W61/><G134/><T65/><D79/><U92/><E92/><V106/><F135/><W123/><G123/><T28/><D28/><U95/><E95/><V118/><F118/><W22/><G45/><T47/><D47/><U120/><E120/><V133/><F133/><W23/><G129/><AGARI ba="0,1" hai="55,56,62,64,66,80,85,90,98,101,104,129,130,131" machi="129" ten="40,3900,0" yaku="1,1,19,1,53,0" doraHai="2" doraHaiUra="6" who="1" fromWho="3" sc="250,0,160,49,330,0,250,-39" /><INIT seed="1,1,0,5,4,38" ten="250,209,330,211" oya="1" hai0="78,16,29,124,90,37,105,4,10,55,108,95,9" hai1="47,34,63,21,42,103,65,19,2,8,30,113,27" hai2="120,131,121,45,86,58,32,72,13,126,133,70,100" hai3="59,127,54,91,89,25,6,14,122,129,53,99,43"/><U46/><E113/><V102/><F72/><W117/><G122/><T66/><D105/><U61/><E103/><V62/><F70/><W81/><G129/><T79/><D66/><U98/><E98/><V71/><F71/><W23/><G127/><T48/><D124/><U110/><E110/><V118/><F32/><W31/><G117/><T77/><D37/><U114/><E114/><V49/><F118/><W83/><G43/><T130/><D108/><U52/><E2/><V41/><F126/><W15/><G6/><T44/><D130/><U76/><E76/><V85/><F133/><W1/><G1/><T39/><D39/><U28/><E8/><V22/><F131/><W24/><G99/><T93/><D29/><U101/><E101/><V106/><F106/><W96/><G96/><T82/><D4/><U7/><E7/><V69/><F69/><W3/><G3/><T111/><D111/><U51/><E34/><V92/><F121/><W125/><G125/><T12/><D9/><U20/><E21/><V11/><F22/><W33/><G33/><T5/><D5/><U40/><E47/><V104/><F104/><W35/><G35/><T87/><AGARI ba="1,0" hai="10,12,16,44,48,55,77,78,79,82,87,90,93,95" machi="87" ten="30,8000,1" yaku="0,1,25,2,8,1,54,1" doraHai="38" who="0" fromWho="0" sc="250,83,209,-41,330,-21,211,-21" /><INIT seed="2,0,0,5,5,128" ten="333,168,309,190" oya="2" hai0="135,127,126,11,2,123,96,10,43,122,49,97,32" hai1="88,120,29,125,89,69,68,3,70,18,112,25,26" hai2="79,27,103,92,95,83,63,15,54,6,40,99,59" hai3="85,87,7,90,53,55,133,80,98,28,39,57,56"/><V86/><F40/><W114/><G39/><T36/><D36/><U35/><E112/><V5/><F27/><W61/><G114/><T45/><D32/><U93/><E3/><V101/><REACH who="2" step="1"/><F15/><REACH who="2" ten="333,168,299,190" step="2"/><W14/><G14/><T113/><D113/><U37/><E37/><V51/><F51/><W116/><G116/><T31/><D49/><U108/><E120/><V110/><F110/><W9/><G28/><T21/><D31/><U106/><E108/><V76/><F76/><W132/><G61/><T46/><D43/><U119/><E119/><V118/><F118/><W13/><G13/><T19/><D2/><U1/><E1/><V107/><F107/><W74/><G133/><T102/><D135/><U4/><E26/><V41/><F41/><W105/><G132/><T131/><D131/><U47/><E106/><V52/><F52/><W109/><G55/><T44/><D122/><U65/><E25/><V17/><F17/><W50/><G50/><T124/><D123/><U38/><E18/><V73/><F73/><W91/><G109/><T94/><D19/><U100/><E38/><V34/><F34/><W8/><G53/><T42/><D42/><U75/><E29/><V84/><F84/><W0/><G74/><T64/><D124/><U78/><E35/><V66/><F66/><W48/><G48/><T30/><D126/><U129/><E75/><V58/><F58/><W117/><G117/><T67/><D127/><U22/><E65/><N who="0" m="25161" /><D96/><AGARI ba="0,1" hai="5,6,54,59,63,79,83,86,92,95,96,99,101,103" machi="96" ten="40,7700,0" yaku="1,1,9,1,8,1,53,0" doraHai="128" doraHaiUra="62" who="2" fromWho="0" sc="333,-77,168,0,299,87,190,0" /><INIT seed="2,1,0,5,0,14" ten="256,168,386,190" oya="2" hai0="89,34,135,103,107,84,105,88,97,5,73,48,23" hai1="57,61,19,30,9,111,62,128,121,134,96,1,31" hai2="91,110,33,125,76,130,93,6,94,86,12,44,56" hai3="85,0,29,64,59,106,13,60,65,25,70,126,100"/><V119/><F119/><W95/><G0/><T87/><D34/><U47/><E121/><V102/><F33/><W78/><G126/><T131/><D73/><U120/><E120/><V123/><F123/><W124/><G124/><T101/><D5/><U20/><E111/><V11/><F125/><W116/><G116/><T3/><D3/><U15/><E128/><V72/><F72/><W53/><G106/><T122/><D122/><U81/><E134/><V32/><F32/><W113/><G113/><T104/><D48/><U43/><E81/><V26/><F130/><W50/><G13/><T98/><D131/><U75/><E75/><V68/><F68/><W115/><G115/><T40/><D40/><U127/><E62/><V4/><F110/><W63/><G78/><T90/><D23/><U38/><E96/><N who="0" m="36969" /><D135/><U49/><E38/><V55/><F6/><W22/><G100/><AGARI ba="1,0" hai="84,87,88,89,90,100,101,103,104,105,107" m="36969" machi="100" ten="40,16000,3" yaku="28,2,35,5,54,1" doraHai="14" who="0" fromWho="3" sc="256,163,168,0,386,0,190,-163" /><INIT seed="3,0,0,1,2,76" ten="419,168,386,27" oya="3" hai0="41,65,46,12,127,73,50,114,9,32,47,18,34" hai1="2,117,103,92,52,131,129,27,107,110,5,113,67" hai2="36,29,134,44,14,53,59,102,122,1,62,98,55" hai3="126,112,0,123,45,101,109,132,43,77,13,94,121"/><W96/><G112/><T54/><D127/><U97/><E113/><V22/><F1/><W100/><G126/><T56/><D114/><U124/><E110/><V69/><F134/><W6/><G132/><T88/><D73/><U116/><E67/><V24/><F122/><W35/><G35/><T17/><D65/><U19/><E124/><V133/><F133/><W82/><G109/><T25/><D47/><U3/><E107/><V40/><F14/><W79/><G100/><T16/><D88/><N who="1" m="55431" /><E5/><V48/><F55/><W23/><G79/><T57/><D57/><U51/><E103/><V105/><F69/><W61/><G61/><T10/><D10/><U26/><E3/><V70/><F70/><W38/><G23/><T49/><REACH who="0" step="1"/><D25/><REACH who="0" ten="409,168,386,27" step="2"/><N who="1" m="9227" /><E2/><V104/><REACH who="2" step="1"/><F104/><REACH who="2" ten="409,168,376,27" step="2"/><W68/><G68/><T37/><D37/><AGARI ba="0,2" hai="22,24,29,36,37,40,44,48,53,59,62,98,102,105" machi="37" ten="40,2600,0" yaku="1,1,2,1,53,0" doraHai="76" doraHaiUra="30" who="2" fromWho="0" sc="409,-26,168,0,376,46,27,0" /><INIT seed="4,0,0,1,0,34" ten="383,168,422,27" oya="0" hai0="7,126,96,86,15,41,131,72,45,10,55,118,70" hai1="56,112,32,84,57,76,105,40,35,92,100,63,121" hai2="19,90,49,26,110,114,67,73,129,2,103,111,39" hai3="75,0,107,50,33,46,88,62,64,95,132,82,60"/><T61/><D118/><U123/><E105/><V30/><F39/><W122/><G107/><T91/><D72/><U59/><E63/><V102/><F114/><W109/><G109/><T127/><D131/><U16/><E40/><V53/><F73/><W22/><G33/><T71/><D96/><U93/><E112/><V3/><F67/><W98/><G132/><T85/><D85/><U66/><E66/><V58/><F129/><W13/><G122/><T134/><D134/><U87/><E16/><V130/><F130/><W101/><G0/><T79/><D79/><U47/><E47/><V106/><F111/><W125/><G125/><N who="0" m="47627" /><D55/><U48/><E59/><V78/><F78/><W17/><G64/><T119/><D119/><U6/><E76/><V54/><F110/><W89/><G75/><T113/><D61/><U80/><E80/><V42/><F53/><W5/><G5/><T28/><D28/><U21/><E100/><V135/><F135/><W108/><G108/><T77/><D77/><U97/><E6/><V14/><F102/><W44/><G44/><T120/><D120/><U74/><E74/><V18/><F103/><W65/><G82/><N who="0" m="49623" /><D113/><U11/><E97/><V12/><F106/><W25/><G62/><T37/><AGARI ba="0,0" hai="7,10,15,37,41,45,70,71" m="49623,47627" machi="37" ten="30,1500,0" yaku="18,1" doraHai="34" who="0" fromWho="0" sc="383,15,168,-5,422,-5,27,-5" /><INIT seed="4,1,0,4,0,35" ten="398,163,417,22" oya="0" hai0="46,20,130,87,60,132,116,70,43,18,71,125,94" hai1="103,10,88,75,54,52,122,84,83,98,101,126,36" hai2="121,111,49,68,57,123,91,95,24,13,131,0,129" hai3="120,1,55,105,33,102,133,90,5,115,41,64,72"/><T9/><D116/><U124/><E36/><V16/><F68/><W32/><G72/><T77/><D125/><N who="1" m="48235" /><E122/><V47/><F111/><W74/><G74/><T4/><D130/><N who="2" m="49674" /><F24/><W85/><G64/><T34/><D34/><U30/><E30/><V89/><F57/><W56/><G41/><T65/><D132/><U134/><E134/><V107/><F107/><W127/><G127/><T29/><D29/><U19/><E75/><V58/><F58/><W119/><G119/><T97/><D87/><U26/><E101/><V128/><F0/><W99/><G120/><T113/><D77/><U81/><E83/><V117/><F117/><W40/><G133/><T79/><D79/><U53/><E26/><V42/><N who="2" m="49682" /><V50/><DORA hai="114" /><F50/><W3/><G33/><T31/><D31/><U51/><E19/><V110/><F110/><W6/><G32/><T8/><D113/><U62/><E10/><N who="2" m="6199" /><F91/><W106/><G115/><T14/><D4/><U48/><E62/><V67/><F67/><W92/><G106/><AGARI ba="1,0" hai="48,51,52,53,54,81,84,88,98,103,106" m="48235" machi="106" ten="30,3900,0" yaku="18,1,54,2" doraHai="35,114" who="1" fromWho="3" sc="398,0,163,42,417,0,22,-42" owari="398,20.0,205,-19.0,417,51.0,-20,-52.0" /></mjloggm>