<mjloggm ver="2.3"><GO type="169" lobby="0"/><UN n0="%E3%83%AB%E3%83%8D%E3%82%B9%E3%82%BF" n1="%E5%B0%B1%E6%B4%BB%E7%94%9F%40%E5%B7%9D%E6%9D%91%E8%BB%8D%E5%9B%A3" n2="%E3%83%97%E3%83%AD%E3%83%86%E3%82%A4%E3%83%B3%E5%BE%97%E7%9B%9B" n3="%73%68%6F%6F%74%33%39" dan="16,17,16,17" rate="2106.31,2195.24,2140.26,2131.59" sx="M,M,M,M"/><TAIKYOKU oya="0"/><INIT seed="0,0,0,2,2,39" ten="250,250,250,250" oya="0" hai0="82,30,59,89,19,98,42,62,80,20,108,69,88" hai1="24,130,131,76,38,77,99,25,52,110,56,123,75" hai2="61,128,67,3,127,126,1,54,22,43,132,5,53" hai3="23,94,50,48,105,47,64,8,7,72,106,58,73"/><T32/><D69/><U29/><E123/><V111/><F111/><W93/><G23/><T96/><D32/><U46/><E110/><V26/><F128/><N who="1" m="49193" /><E99/><N who="0" m="37929" /><D30/><U10/><E10/><N who="2" m="2351" /><F3/><W40/><G73/><T68/><D68/><U49/><E75/><V13/><F13/><W134/><G72/><T114/><D114/><U31/><E31/><N who="2" m="17879" /><F43/><W119/><G119/><T55/><D42/><N who="1" m="22871" /><E25/><V103/><F103/><W60/><G134/><T79/><D108/><U28/><E28/><V84/><F84/><W92/><REACH who="3" step="1"/><G50/><REACH who="3" ten="250,250,250,240" step="2"/><T129/><D129/><U27/><E27/><V113/><F113/><W63/><G63/><T78/><D78/><U65/><E65/><V122/><F132/><W107/><G107/><T45/><D79/><U0/><E0/><AGARI ba="0,1" hai="0,7,8,40,47,48,58,60,64,92,93,94,105,106" machi="0" ten="40,2600,0" yaku="1,1,52,1,53,0" doraHai="39" doraHaiUra="17" who="3" fromWho="1" sc="250,0,250,-26,250,0,240,36" /><INIT seed="1,0,0,2,1,61" ten="250,224,250,276" oya="1" hai0="35,85,104,0,26,101,96,31,23,115,29,127,92" hai1="121,75,111,67,123,39,24,17,118,45,59,32,65" hai2="110,19,12,42,73,119,34,15,16,9,66,41,52" hai3="129,7,108,82,99,21,122,83,38,22,14,18,74"/><U30/><E118/><V70/><F73/><W56/><G122/><T106/><D115/><U134/><E75/><V49/><F34/><W10/><G38/><T71/><D0/><U8/><E134/><V62/><F110/><W78/><G108/><T105/><D71/><U133/><E111/><V37/><F37/><W40/><G129/><T80/><D127/><U53/><E133/><V5/><F119/><W4/><G40/><T27/><REACH who="0" step="1"/><D106/><REACH who="0" ten="240,224,250,276" step="2"/><U68/><E68/><V36/><F36/><W114/><G114/><T91/><AGARI ba="0,1" hai="23,26,27,29,31,35,80,85,91,92,96,101,104,105" machi="91" ten="20,5200,0" yaku="1,1,2,1,0,1,7,1,53,0" doraHai="61" doraHaiUra="113" who="0" fromWho="0" sc="240,62,224,-26,250,-13,276,-13" /><INIT seed="2,0,0,3,5,26" ten="302,198,237,263" oya="2" hai0="98,71,85,40,59,23,66,105,127,100,45,16,37" hai1="63,54,61,92,82,121,135,86,132,103,116,88,77" hai2="96,30,95,97,46,22,128,29,101,126,87,39,131" hai3="28,83,76,31,125,9,0,110,17,43,48,79,107"/><V80/><F126/><W14/><G107/><T62/><D127/><U7/><E116/><V108/><F108/><W124/><G110/><T57/><REACH who="0" step="1"/><D85/><REACH who="0" ten="292,198,237,263" step="2"/><U64/><E121/><V118/><F118/><W69/><G125/><T68/><D68/><U65/><E135/><V20/><F97/><W15/><G124/><T94/><D94/><U93/><E132/><V89/><F39/><W122/><G122/><T21/><D21/><N who="2" m="8298" /><F46/><N who="3" m="25695" /><G69/><T13/><AGARI ba="0,1" hai="13,16,23,37,40,45,57,59,62,66,71,98,100,105" machi="13" ten="20,5200,0" yaku="1,1,0,1,7,1,54,1,53,0" doraHai="26" doraHaiUra="120" who="0" fromWho="0" sc="292,62,198,-13,237,-26,263,-13" /><INIT seed="3,0,0,3,1,72" ten="354,185,211,250" oya="3" hai0="8,68,80,7,6,96,33,132,10,109,114,133,71" hai1="46,104,47,13,129,21,126,38,42,97,76,77,74" hai2="44,24,17,115,70,29,57,16,0,87,120,32,113" hai3="55,118,106,15,34,99,35,128,52,134,110,12,102"/><W103/><G118/><T89/><D33/><U107/><E74/><V26/><F70/><W122/><G122/><T5/><D109/><U78/><E129/><V62/><F120/><W19/><G128/><T123/><D123/><U117/><E126/><V22/><F0/><W56/><G110/><T83/><D114/><U82/><E117/><V91/><F44/><W18/><G134/><N who="0" m="51819" /><D96/><U73/><E47/><V121/><F17/><W41/><G41/><T131/><D131/><U9/><E21/><V4/><F4/><W125/><G125/><T53/><D53/><U84/><E97/><V101/><F101/><W49/><G103/><T60/><D60/><U45/><E45/><V40/><F40/><W61/><G18/><T20/><D20/><U36/><E36/><V1/><F1/><W93/><G106/><T14/><D89/><U65/><E65/><V3/><F3/><W111/><G111/><T75/><D75/><U28/><E28/><V88/><F91/><W30/><G30/><T64/><D64/><U63/><E63/><V90/><F90/><W51/><G61/><T94/><D94/><U25/><E25/><V2/><F2/><W81/><G15/><T100/><D14/><U95/><E95/><N who="2" m="54687" /><F121/><W67/><G67/><T105/><D100/><U39/><E39/><V37/><F37/><W119/><G119/><T59/><D105/><N who="1" m="40523" /><E73/><V79/><F79/><W66/><G66/><T112/><D112/><U54/><E54/><N who="2" m="34103" /><F115/><W43/><G43/><T50/><D71/><U48/><E38/><V11/><F113/><W108/><G108/><T98/><D68/><RYUUKYOKU ba="0,0" sc="354,-15,185,15,211,15,250,-15" hai1="9,13,42,46,48,76,77,78,82,84" hai2="11,16,22,24,26,29,32" /><INIT seed="4,1,0,4,5,80" ten="339,200,226,235" oya="0" hai0="27,14,123,77,101,54,83,63,21,49,103,18,47" hai1="41,1,116,61,111,129,12,22,43,23,44,84,75" hai2="118,56,32,7,113,24,33,128,91,62,64,126,26" hai3="51,3,11,69,58,45,71,74,131,16,99,88,78"/><T134/><D123/><U97/><E1/><V120/><F120/><W36/><G131/><T0/><D0/><U60/><E75/><V94/><F118/><W104/><G36/><T81/><D134/><U122/><E111/><V100/><F128/><W15/><G74/><T66/><D14/><U53/><E129/><V124/><F100/><W52/><G78/><T17/><D18/><U125/><E97/><V93/><F7/><W9/><G104/><T34/><D34/><N who="2" m="13418" /><F113/><W89/><G99/><T105/><D105/><U90/><E122/><V20/><F20/><N who="1" m="7721" /><E12/><V37/><F37/><W29/><G29/><T38/><D38/><U82/><E125/><N who="2" m="48235" /><F94/><W28/><G28/><T19/><D19/><U40/><E116/><V96/><AGARI ba="1,0" hai="24,26,56,62,64,91,93,96" m="48235,13418" machi="96" ten="30,1100,0" yaku="18,1" doraHai="80" who="2" fromWho="2" sc="339,-6,200,-4,226,14,235,-4" /><INIT seed="5,0,0,1,3,76" ten="333,196,240,231" oya="1" hai0="16,67,71,25,120,54,2,75,33,64,111,87,104" hai1="118,34,122,1,49,72,133,39,113,91,52,78,0" hai2="60,82,90,74,61,57,92,11,40,86,63,30,100" hai3="10,12,53,4,5,129,41,95,27,48,47,36,59"/><U58/><E122/><V6/><F30/><W114/><G114/><T24/><D75/><U7/><E118/><V37/><F37/><W83/><G129/><T26/><D2/><U31/><E113/><V55/><F40/><W15/><G95/><T19/><D104/><U103/><E133/><V51/><F74/><W117/><G117/><T42/><D42/><U66/><E39/><V123/><F123/><W14/><G5/><T32/><D111/><U22/><E103/><V106/><F106/><W70/><G27/><T96/><D120/><U94/><E34/><V84/><F100/><W116/><G116/><T102/><D87/><U105/><E105/><V128/><F128/><W121/><G121/><T73/><D73/><U56/><E7/><V18/><F18/><W23/><G23/><T101/><D54/><U43/><E43/><V108/><F108/><W119/><G119/><T20/><D71/><U88/><E91/><V132/><F132/><W112/><G112/><T68/><D68/><U126/><E126/><V29/><F29/><W115/><G115/><T80/><D32/><U69/><E69/><V62/><N who="2" m="15360" /><DORA hai="127" /><V98/><REACH who="2" step="1"/><F82/><REACH who="2" ten="333,196,230,231" step="2"/><W107/><G107/><T13/><D80/><U45/><E66/><V65/><F65/><W38/><G70/><T79/><D67/><U99/><E31/><V97/><F97/><W135/><G135/><T110/><D64/><U8/><E22/><V3/><AGARI ba="0,1" hai="3,6,11,51,55,57,84,86,90,92,98" m="15360" machi="3" ten="40,5200,0" yaku="1,1,0,1,53,1" doraHai="76,127" doraHaiUra="125,44" who="2" fromWho="2" sc="333,-13,196,-26,230,62,231,-13" /><INIT seed="6,0,0,3,2,56" ten="320,170,292,218" oya="2" hai0="39,105,71,26,48,13,94,62,40,107,34,82,124" hai1="55,80,32,54,116,66,44,12,57,129,125,58,29" hai2="35,2,90,127,65,5,87,69,17,64,110,120,96" hai3="130,33,20,103,10,113,91,30,104,128,49,21,118"/><V28/><F120/><W92/><G118/><T22/><D34/><U76/><E116/><V27/><F127/><W8/><G104/><T41/><D41/><U25/><E125/><V78/><F78/><W51/><G103/><T126/><D124/><U50/><E129/><N who="3" m="49770" /><G33/><T31/><D39/><U102/><E102/><V42/><F42/><W74/><G74/><T60/><D71/><U14/><E66/><V75/><F75/><W70/><G70/><T77/><D107/><U67/><E67/><V135/><F96/><W117/><G117/><T46/><D105/><U72/><REACH who="1" step="1"/><E44/><REACH who="1" ten="320,160,292,218" step="2"/><V88/><F65/><W3/><G113/><T15/><D126/><U114/><E114/><V43/><F64/><W121/><G121/><T81/><D46/><U47/><E47/><V1/><F69/><W53/><G51/><AGARI ba="0,1" hai="12,14,25,29,32,50,51,54,55,57,58,72,76,80" machi="51" ten="30,3900,0" yaku="1,1,7,1,9,1,53,0" doraHai="56" doraHaiUra="123" who="1" fromWho="3" sc="320,0,160,49,292,0,218,-39" /><INIT seed="7,0,0,1,4,115" ten="320,209,292,179" oya="3" hai0="128,10,92,25,126,5,98,58,38,120,20,80,67" hai1="103,62,72,0,81,131,17,21,132,104,91,68,113" hai2="78,129,106,13,135,86,77,127,8,52,36,32,87" hai3="48,75,133,119,125,105,44,40,6,101,43,102,130"/><W124/><G75/><T3/><D120/><U22/><E0/><V56/><F106/><W76/><G76/><N who="2" m="29289" /><F36/><W69/><G69/><T1/><D38/><U123/><E22/><V99/><F32/><W19/><G6/><T47/><D47/><U28/><E28/><V90/><F127/><N who="3" m="48715" /><G133/><T57/><D1/><U59/><E68/><V41/><F41/><N who="3" m="15947" /><G130/><T60/><D128/><U15/><E62/><N who="2" m="36103" /><F135/><W116/><G19/><T95/><D126/><U108/><E17/><N who="2" m="8359" /><F129/><W12/><G12/><T94/><D3/><U11/><E21/><V23/><F23/><W89/><G89/><T18/><D20/><U74/><E11/><V83/><F87/><W7/><G7/><T71/><D5/><U45/><E91/><V84/><F84/><W79/><G79/><T27/><D71/><U66/><E123/><V93/><F99/><N who="3" m="61631" /><G102/><T121/><D98/><U117/><E113/><V118/><F93/><W42/><AGARI ba="0,0" hai="42,44,48,116,119" m="61631,15947,48715" machi="42" ten="30,6000,0" yaku="18,1,52,2" doraHai="115" who="3" fromWho="3" sc="320,-20,209,-20,292,-20,179,60" /><INIT seed="7,1,0,3,4,72" ten="300,189,272,239" oya="3" hai0="52,120,62,10,40,134,130,69,57,87,106,116,79" hai1="5,83,64,89,125,114,20,36,129,75,131,43,14" hai2="90,8,11,96,107,76,70,56,19,24,32,51,39" hai3="135,29,48,88,103,73,128,78,117,86,110,126,27"/><W132/><G117/><T15/><D106/><U71/><E125/><V50/><F70/><W44/><G126/><T95/><D116/><U3/><E114/><V18/><F39/><W124/><G124/><T41/><D120/><U104/><E20/><N who="2" m="13335" /><F32/><W16/><G103/><T7/><D130/><N who="1" m="49675" /><E14/><N who="2" m="7623" /><F107/><W82/><G128/><T101/><D134/><N who="3" m="51241" /><G110/><T37/><D101/><U91/><E104/><V33/><F33/><N who="3" m="20671" /><G16/><T12/><D10/><N who="1" m="2367" /><E64/><V67/><F11/><W2/><G2/><T105/><D15/><U121/><E71/><V102/><F102/><W6/><G6/><T46/><D69/><U68/><E68/><V80/><F67/><W30/><G30/><T49/><D105/><U100/><E100/><V84/><F56/><W22/><G22/><T60/><D12/><U34/><E34/><V4/><F4/><W1/><G1/><T85/><D7/><U45/><E121/><V61/><F61/><W47/><G48/><T97/><D62/><U9/><E9/><V53/><F53/><W93/><AGARI ba="1,0" hai="44,47,73,78,82,86,88,93" m="20671,51241" machi="93" ten="30,6000,0" yaku="20,1,52,1,54,1" doraHai="72" who="3" fromWho="3" sc="300,-21,189,-21,272,-21,239,63" owari="279,8.0,168,-33.0,251,-15.0,302,40.0" /></mjloggm>