<mjloggm ver="2.3"><GO type="169" lobby="0"/><UN n0="%E5%A4%8F%E8%94%AD" n1="%E3%83%88%E3%83%88%E3%83%AA%E5%85%88%E7%94%9F%31%39%E6%AD%B3" n2="%E4%B8%AD%E3%81%AE%E4%B8%8A" n3="%E8%A1%80%E7%85%99" dan="16,19,16,16" rate="2103.40,2292.65,2029.11,2069.33" sx="M,F,M,M"/><TAIKYOKU oya="0"/><INIT seed="0,0,0,0,3,20" ten="250,250,250,250" oya="0" hai0="85,48,27,71,114,39,55,44,75,36,135,37,47" hai1="131,46,24,97,64,53,121,92,130,87,118,3,8" hai2="76,90,2,29,79,105,6,17,99,134,119,133,86" hai3="49,115,22,109,60,77,54,13,123,103,129,23,83"/><T58/><D75/><U113/><E118/><V91/><F29/><W122/><G109/><T108/><D85/><U89/><E121/><N who="3" m="46090" /><G129/><N who="1" m="49162" /><E113/><V41/><F41/><W106/><G115/><T4/><D114/><U78/><E64/><V16/><F6/><W19/><G60/><T120/><D120/><U32/><E3/><V18/><F2/><W61/><G61/><T10/><D108/><U69/><E69/><V51/><F51/><W45/><G103/><T33/><D71/><U9/><E53/><V68/><F68/><W93/><G93/><T7/><D135/><N who="2" m="51722" /><F119/><W42/><G106/><T72/><D72/><U35/><E46/><V132/><F132/><W50/><G23/><T34/><D34/><U112/><E112/><V102/><F91/><W0/><G0/><T110/><D110/><U62/><E62/><V66/><F66/><W40/><G50/><T98/><D98/><U63/><E63/><V21/><F21/><W56/><G45/><T126/><D44/><U38/><E35/><V70/><F70/><W127/><G127/><T30/><D126/><U104/><E38/><V111/><F111/><W52/><G54/><T11/><REACH who="0" step="1"/><D47/><REACH who="0" ten="240,250,250,250" step="2"/><U124/><E124/><V31/><F31/><W1/><G42/><T14/><D14/><U57/><E32/><V43/><F43/><W107/><G1/><T81/><D81/><AGARI ba="0,1" hai="16,17,18,76,79,81,86,90,99,102,105" m="51722" machi="81" ten="30,2000,0" yaku="20,1,54,1" doraHai="20" who="2" fromWho="0" sc="240,-20,250,0,250,30,250,0" /><INIT seed="1,0,0,2,3,77" ten="220,250,280,250" oya="1" hai0="81,53,129,18,17,60,104,10,19,95,51,13,90" hai1="52,85,124,112,12,91,25,100,35,33,24,101,69" hai2="108,3,93,41,134,59,32,57,38,29,54,75,116" hai3="79,128,78,99,135,82,34,14,110,126,44,5,22"/><U48/><E112/><V113/><F116/><W73/><G34/><T40/><D104/><U62/><E124/><V121/><F121/><W131/><G110/><T80/><D129/><N who="3" m="49737" /><G126/><T88/><D40/><U120/><E120/><V72/><F3/><W89/><G135/><T105/><D60/><U122/><E122/><V68/><F68/><W58/><G44/><N who="0" m="27879" /><D105/><U117/><E117/><V0/><F57/><W65/><G79/><T47/><D47/><N who="1" m="27679" /><E35/><V132/><F54/><W103/><G89/><N who="0" m="34411" /><D95/><U115/><E33/><V61/><F93/><W74/><G73/><T46/><D46/><U114/><E114/><V37/><F113/><W119/><G119/><T50/><D50/><U76/><E69/><V36/><F38/><W30/><G58/><T71/><D71/><U6/><E76/><V21/><F37/><W87/><G74/><T102/><D102/><N who="1" m="39531" /><E62/><V4/><F36/><W64/><G78/><T56/><D56/><U49/><E49/><V127/><F61/><W23/><G65/><T84/><D84/><U45/><E45/><V106/><F127/><W96/><G87/><T31/><D31/><U27/><E115/><V2/><F32/><W16/><G64/><T7/><AGARI ba="0,0" hai="7,10,13,17,18,19,80,81" m="34411,27879" machi="7" ten="30,7900,0" yaku="8,1,52,2,54,1" doraHai="77" who="0" fromWho="0" sc="220,79,250,-39,280,-20,250,-20" /><INIT seed="2,0,0,3,5,1" ten="299,211,260,230" oya="2" hai0="75,106,80,121,81,134,72,105,71,123,2,5,65" hai1="128,133,94,57,35,54,113,119,103,9,131,98,0" hai2="39,31,90,27,47,17,83,41,18,61,52,126,23" hai3="79,42,87,107,12,28,77,116,60,115,93,49,124"/><V46/><F126/><W7/><G107/><N who="0" m="40971" /><D134/><U112/><E119/><V68/><F68/><W66/><G116/><T22/><D22/><U118/><E118/><V88/><F83/><W62/><G115/><T91/><D91/><U95/><E35/><V44/><F39/><W82/><G124/><T108/><D81/><U26/><E26/><V104/><F104/><W92/><G28/><T14/><D14/><U96/><E133/><V86/><F41/><W120/><G79/><N who="0" m="44135" /><D75/><U130/><E57/><N who="2" m="34983" /><F86/><W6/><G120/><T74/><D74/><U29/><E54/><V24/><F24/><W50/><G12/><T38/><D38/><U3/><E29/><V100/><F100/><W25/><G25/><T20/><D20/><U127/><E127/><V99/><F99/><W63/><G66/><T51/><D51/><N who="3" m="19465" /><G42/><T36/><D36/><U21/><E21/><V129/><F129/><W109/><G109/><T10/><D108/><U53/><E53/><V70/><F70/><W110/><G110/><T85/><D85/><U69/><E69/><V4/><F4/><AGARI ba="0,0" hai="4,6,7,60,62,63,77,82,87,92,93" m="19465" machi="4" ten="30,7700,0" yaku="8,1,52,3" doraHai="1" who="3" fromWho="2" sc="299,0,211,0,260,-77,230,77" /><INIT seed="3,0,0,5,2,31" ten="299,211,183,307" oya="3" hai0="105,76,117,130,67,53,123,4,36,108,14,98,104" hai1="24,109,58,3,25,66,80,47,38,125,19,112,1" hai2="41,59,9,42,62,52,68,122,78,115,75,99,8" hai3="119,26,11,127,120,134,114,69,84,90,93,95,129"/><W133/><G69/><T22/><D117/><U27/><E112/><V57/><F115/><W16/><G114/><T63/><D123/><U10/><E109/><V82/><F122/><W132/><G120/><T91/><D36/><U74/><E125/><V73/><F68/><W131/><G119/><T126/><D108/><U60/><E19/><V50/><F75/><W96/><G127/><T39/><D126/><U48/><E38/><V5/><F99/><W121/><G121/><T28/><D39/><U35/><E10/><V87/><F73/><W33/><G33/><T18/><D76/><U29/><E25/><V46/><F9/><W118/><G118/><T81/><D130/><U79/><REACH who="1" step="1"/><E27/><REACH who="1" ten="299,201,183,307" step="2"/><V113/><F113/><W6/><G26/><T110/><D18/><U37/><E37/><V44/><F59/><W2/><REACH who="3" step="1"/><G16/><REACH who="3" ten="299,201,183,297" step="2"/><T103/><D110/><U97/><E97/><V43/><REACH who="2" step="1"/><F46/><REACH who="2" ten="299,201,173,297" step="2"/><W64/><G64/><T17/><D98/><U7/><E7/><V15/><AGARI ba="0,3" hai="5,8,15,41,42,43,44,50,52,57,62,78,82,87" machi="15" ten="20,16000,3" yaku="1,1,2,1,0,1,7,1,25,2,8,1,54,1,53,1" doraHai="31" doraHaiUra="51" who="2" fromWho="2" sc="299,-40,201,-40,173,190,297,-80" /><INIT seed="4,0,0,0,1,93" ten="259,161,363,217" oya="0" hai0="52,33,20,81,6,31,0,1,102,61,127,83,94" hai1="108,18,128,63,55,126,87,75,13,3,30,15,109" hai2="72,64,71,53,47,29,51,67,25,7,116,96,23" hai3="56,119,8,111,42,59,12,123,85,34,106,60,89"/><T105/><D105/><U86/><E3/><V79/><F116/><W27/><G111/><T9/><D33/><U39/><E39/><V91/><F71/><W22/><G123/><T133/><D0/><U57/><E75/><V62/><F72/><W40/><G34/><T2/><D2/><U44/><E128/><V74/><F74/><W11/><G106/><T98/><D133/><U84/><E126/><V65/><F79/><W73/><G73/><T48/><D127/><U37/><E30/><V117/><F117/><W46/><G11/><T78/><D61/><U101/><E15/><V70/><F7/><W24/><G24/><T100/><D102/><U82/><E82/><V97/><F70/><W16/><G59/><T110/><D110/><U28/><E28/><V32/><F32/><W92/><G46/><T134/><D134/><U43/><REACH who="1" step="1"/><E101/><REACH who="1" ten="259,151,363,217" step="2"/><V131/><F131/><W58/><G119/><T90/><D100/><U124/><E124/><V118/><F118/><W80/><G80/><T4/><D78/><U14/><E14/><V38/><F38/><W95/><G12/><T121/><D121/><U10/><AGARI ba="0,1" hai="10,13,18,37,43,44,55,57,63,84,86,87,108,109" machi="10" ten="30,4000,0" yaku="1,1,0,1,53,1" doraHai="93" doraHaiUra="5" who="1" fromWho="1" sc="259,-20,151,50,363,-10,217,-10" /><INIT seed="5,0,0,0,2,35" ten="239,201,353,207" oya="1" hai0="75,37,115,122,102,98,121,18,78,5,109,55,8" hai1="59,63,126,131,56,123,127,70,91,64,42,50,106" hai2="100,57,129,133,16,49,67,83,80,87,40,3,45" hai3="88,94,107,65,113,26,125,48,89,47,112,104,134"/><U61/><E106/><V4/><F129/><W86/><G65/><T84/><D109/><U71/><E91/><V17/><F133/><W33/><G134/><T135/><D135/><U38/><E38/><V9/><F100/><W99/><G125/><N who="1" m="47626" /><E123/><N who="0" m="47113" /><D115/><N who="3" m="44105" /><G26/><T81/><D37/><U46/><E131/><V68/><F68/><W69/><G33/><T58/><D18/><U41/><E41/><V22/><F22/><W130/><G69/><T62/><D75/><U15/><E15/><N who="2" m="5543" /><F80/><N who="3" m="49223" /><G130/><T43/><D43/><AGARI ba="0,0" hai="43,47,48,89,94,99,104,107" m="49223,44105" machi="43" ten="30,2000,0" yaku="15,1,54,1" doraHai="35" who="3" fromWho="0" sc="239,-20,201,0,353,0,207,20" /><INIT seed="6,0,0,0,2,119" ten="219,201,353,227" oya="2" hai0="67,46,7,20,38,95,66,94,134,18,106,85,48" hai1="133,13,80,11,42,114,52,55,19,96,76,102,3" hai2="57,108,9,39,2,88,27,33,71,15,72,63,41" hai3="73,124,6,64,50,117,22,44,65,32,37,110,5"/><V68/><F72/><W122/><G110/><T107/><D38/><U58/><E114/><V105/><F105/><W31/><G73/><T34/><D34/><U99/><E133/><V47/><F2/><W10/><G37/><T79/><D134/><U109/><E109/><V36/><F36/><W101/><G117/><T43/><D7/><U26/><E42/><V132/><F108/><W24/><G124/><T59/><D106/><U126/><E126/><V56/><F132/><W29/><G32/><T86/><D107/><U81/><E3/><V53/><F33/><W8/><G101/><T91/><D59/><U89/><E55/><V82/><F27/><W112/><G112/><T69/><D69/><U128/><E128/><V123/><F123/><W93/><G122/><T45/><D46/><U90/><E26/><V127/><F57/><W4/><G93/><T84/><D79/><U61/><E80/><V83/><F83/><W104/><G104/><T111/><D111/><U121/><E121/><V21/><F21/><W130/><G130/><T17/><D17/><U25/><E25/><V12/><F12/><W98/><G31/><T120/><D120/><U125/><E125/><V87/><F127/><W60/><G24/><N who="0" m="14359" /><D95/><N who="1" m="58751" /><E96/><AGARI ba="0,0" hai="43,45,48,66,67,84,85,86,91,94,96" m="14359" machi="96" ten="30,1000,0" yaku="8,1" doraHai="119" who="0" fromWho="1" sc="219,10,201,-10,353,0,227,0" /><INIT seed="7,0,0,4,1,114" ten="229,191,353,227" oya="3" hai0="26,32,27,77,75,91,119,36,109,68,82,6,123" hai1="66,117,37,83,59,60,134,9,64,130,89,69,1" hai2="124,92,99,52,107,0,8,80,23,135,65,110,43" hai3="41,113,108,126,103,61,90,79,63,72,31,131,10"/><W16/><G113/><T42/><D119/><U71/><E130/><V47/><F110/><W112/><G112/><T7/><D109/><U35/><E35/><V88/><F107/><W78/><G108/><T85/><D123/><U50/><E134/><V22/><F65/><W55/><G131/><T5/><D68/><U46/><E117/><V48/><F135/><W29/><G126/><T84/><D32/><U18/><E37/><V104/><F104/><W129/><G129/><T106/><D106/><U40/><E66/><V38/><F124/><W97/><G41/><T12/><D75/><U120/><E120/><V125/><F125/><W94/><G90/><T44/><REACH who="0" step="1"/><D12/><REACH who="0" ten="219,191,353,227" step="2"/><U76/><E89/><V19/><F88/><W33/><G72/><T86/><D86/><U3/><E3/><V49/><F0/><W45/><G33/><T62/><D62/><U122/><E122/><V15/><F15/><N who="3" m="7287" /><G63/><T53/><D53/><U51/><E51/><V67/><F52/><W127/><G127/><T4/><N who="0" m="1024" /><DORA hai="11" /><T14/><D14/><U118/><E118/><V95/><F49/><N who="3" m="29103" /><G61/><T81/><AGARI ba="0,1" hai="26,27,36,42,44,77,81,82,84,85,91" m="1024" machi="81" ten="40,8000,1" yaku="1,1,0,1,53,2" doraHai="114,11" doraHaiUra="87,39" who="0" fromWho="0" sc="219,90,191,-20,353,-20,227,-40" owari="309,11.0,171,-33.0,333,43.0,187,-21.0" /></mjloggm>