<mjloggm ver="2.3"><GO type="169" lobby="0"/><UN n0="%E3%82%A6%E3%83%AB%E3%83%88%E3%83%A9%E7%AB%8B%E7%9B%B4" n1="%E7%A5%9E%E6%A5%BD%E5%9D%82%E3%82%86%E3%81%8B" n2="%E3%82%B9%E3%82%B1%E3%83%BC%E3%82%BF%E3%83%BC" n3="%4A%61%63%6B%52%6F%73%65" dan="17,16,17,16" rate="2168.94,2047.85,2228.69,2171.85" sx="M,F,M,M"/><TAIKYOKU oya="0"/><INIT seed="0,0,0,1,0,74" ten="250,250,250,250" oya="0" hai0="47,51,91,79,64,80,75,43,42,9,33,96,125" hai1="8,16,65,118,24,67,50,14,78,119,87,0,106" hai2="45,126,111,52,23,94,29,62,100,114,56,97,10" hai3="109,2,70,127,31,1,104,13,48,73,110,44,77"/><T46/><D125/><U116/><E106/><V11/><F111/><N who="3" m="42507" /><G70/><T130/><D130/><U82/><E0/><N who="3" m="106" /><G31/><T120/><D120/><U7/><REACH who="1" step="1"/><E50/><REACH who="1" ten="250,240,250,250" step="2"/><V15/><F126/><W5/><G127/><T90/><D33/><U59/><E59/><V123/><F123/><W17/><G104/><T25/><D51/><U86/><E86/><V19/><F114/><W20/><G48/><T135/><D75/><U49/><E49/><V105/><F45/><W76/><G44/><T60/><D47/><U32/><E32/><V40/><F40/><W121/><G121/><T108/><D46/><U28/><E28/><V61/><F105/><W134/><G73/><T102/><D43/><U107/><E107/><V4/><F29/><W95/><G134/><T81/><D42/><U93/><E93/><V18/><F62/><W115/><G95/><T26/><D135/><U131/><E131/><V21/><REACH who="2" step="1"/><F4/><REACH who="2" ten="250,240,240,250" step="2"/><W53/><G115/><T92/><D108/><U84/><E84/><V6/><F6/><W35/><G5/><T89/><D60/><U112/><E112/><V36/><F36/><W117/><G35/><T124/><D124/><U41/><E41/><V63/><F63/><W54/><G117/><T101/><D92/><U99/><E99/><V122/><F122/><W58/><G58/><T12/><D96/><U30/><E30/><V38/><F38/><W71/><G71/><T133/><D133/><U98/><E98/><V113/><F113/><W3/><G3/><T55/><D102/><U37/><E37/><V57/><F57/><W22/><G17/><T128/><D128/><RYUUKYOKU ba="0,2" sc="250,-15,240,15,240,15,250,-15" hai1="7,8,14,16,24,65,67,78,82,87,116,118,119" hai2="10,11,15,18,19,21,23,52,56,61,94,97,100" /><INIT seed="1,1,2,3,0,120" ten="235,255,255,235" oya="1" hai0="83,14,23,91,86,90,110,6,64,20,99,93,74" hai1="89,132,122,27,57,10,8,49,12,22,36,85,96" hai2="108,35,97,95,131,55,50,4,125,81,70,121,111" hai3="0,76,71,7,87,134,102,9,109,24,52,33,60"/><U11/><E122/><V129/><F121/><W13/><G134/><T128/><D128/><N who="2" m="49226" /><F125/><W62/><G102/><T30/><D74/><U45/><E132/><V17/><F70/><W46/><G71/><T16/><D110/><N who="2" m="42026" /><F35/><W48/><G109/><T68/><D6/><U43/><E96/><V21/><F81/><N who="3" m="47527" /><G0/><T127/><D127/><U31/><E57/><N who="2" m="33015" /><F4/><W15/><G33/><T44/><D68/><U37/><REACH who="1" step="1"/><E12/><REACH who="1" ten="235,245,255,235" step="2"/><N who="2" m="9383" /><F95/><AGARI ba="1,3" hai="8,10,11,22,27,31,36,37,43,45,49,85,89,95" machi="95" ten="40,2000,0" yaku="1,1,53,0" doraHai="120" doraHaiUra="75" who="1" fromWho="2" sc="235,0,245,53,255,-23,235,0" /><INIT seed="1,2,0,5,0,113" ten="235,298,232,235" oya="1" hai0="112,126,128,87,67,108,51,122,20,17,36,97,27" hai1="48,12,38,127,22,82,44,90,18,54,85,119,2" hai2="69,55,6,16,34,73,118,76,133,101,93,59,88" hai3="79,58,83,13,50,81,42,134,28,135,53,91,106"/><U92/><E119/><V80/><F118/><W95/><G106/><T0/><D36/><U40/><E127/><V62/><F133/><W64/><G28/><T10/><D112/><U41/><E2/><V35/><F69/><W125/><G125/><T103/><D126/><U74/><E74/><V4/><F101/><W109/><G109/><T123/><D108/><U63/><E63/><V26/><F35/><W77/><G64/><T121/><D128/><U32/><E32/><V29/><REACH who="2" step="1"/><F16/><REACH who="2" ten="235,298,222,235" step="2"/><W111/><G135/><T47/><D103/><U104/><E104/><V66/><F66/><W49/><G134/><T129/><D67/><U23/><E23/><V9/><F9/><W56/><G111/><T120/><D120/><U124/><E124/><V102/><F102/><W5/><G5/><T70/><D70/><U61/><E22/><V39/><F39/><W60/><G42/><N who="0" m="25079" /><D129/><U45/><E18/><V105/><F105/><W1/><G1/><T3/><D10/><U116/><E116/><V46/><F46/><W75/><G13/><T43/><D43/><U99/><E12/><V8/><F8/><W115/><G115/><T78/><D3/><U30/><E30/><V31/><F31/><W110/><G110/><T84/><D0/><U11/><E11/><V37/><F37/><W100/><G100/><T114/><D114/><U98/><E54/><V130/><F130/><W71/><G71/><T68/><D68/><U33/><E33/><V86/><AGARI ba="2,1" hai="4,6,26,29,34,55,59,62,73,76,80,86,88,93" machi="86" ten="20,5200,0" yaku="1,1,0,1,7,1,54,1,53,0" doraHai="113" doraHaiUra="19" who="2" fromWho="2" sc="235,-15,298,-28,222,68,235,-15" /><INIT seed="2,0,0,3,1,19" ten="220,270,290,220" oya="2" hai0="89,90,118,84,14,83,59,130,43,86,69,60,64" hai1="44,18,105,91,115,123,74,49,63,124,101,52,117" hai2="2,8,24,31,46,21,73,72,119,79,100,98,131" hai3="108,47,58,88,78,66,71,20,25,40,97,126,35"/><V81/><F131/><W68/><G35/><T27/><D130/><U5/><E115/><V103/><F119/><W26/><G26/><T3/><D3/><U22/><E117/><V93/><F73/><W77/><G108/><T61/><D118/><U112/><E112/><V28/><F103/><W80/><G126/><T114/><D114/><U120/><E124/><V56/><F56/><W85/><G68/><T57/><D43/><U55/><E74/><V111/><F111/><W127/><G97/><T1/><D1/><U50/><E5/><V23/><F46/><W39/><G71/><T6/><D27/><N who="1" m="14807" /><E91/><V48/><F48/><N who="1" m="18537" /><E63/><V37/><F37/><W87/><G87/><T109/><D109/><U82/><E82/><V135/><F135/><W12/><G12/><T95/><D69/><U106/><E44/><V32/><REACH who="2" step="1"/><F28/><REACH who="2" ten="220,270,280,220" step="2"/><W10/><G127/><T113/><D113/><U75/><E75/><V53/><F53/><N who="1" m="20553" /><E101/><V132/><F132/><W122/><G58/><N who="0" m="36887" /><D61/><U45/><E45/><V107/><F107/><W110/><G110/><T67/><D67/><U9/><E106/><V134/><F134/><W102/><G66/><T96/><D59/><U41/><E105/><V15/><F15/><W4/><G102/><T121/><D57/><U76/><E41/><V70/><F70/><W33/><G39/><T36/><D36/><U94/><E123/><V133/><F133/><W104/><G122/><T29/><D121/><U125/><E125/><V16/><F16/><W116/><G40/><T42/><D42/><U30/><E120/><V7/><AGARI ba="0,1" hai="2,7,8,21,23,24,31,32,72,79,81,93,98,100" machi="7" ten="30,12000,1" yaku="1,1,0,1,52,2,53,1" doraHai="19" doraHaiUra="99" who="2" fromWho="2" sc="220,-40,270,-40,280,130,220,-40" /><INIT seed="2,1,0,3,0,22" ten="180,230,410,180" oya="2" hai0="32,14,82,5,46,109,17,10,27,16,9,118,43" hai1="64,107,25,132,112,129,79,102,8,111,0,70,29" hai2="56,2,34,62,52,11,15,87,58,124,6,31,121" hai3="19,99,88,44,68,85,97,39,54,116,89,45,26"/><V96/><F124/><W127/><G116/><T106/><D106/><U63/><E112/><V55/><F121/><W76/><G68/><T48/><D118/><U30/><E111/><V60/><F87/><W117/><G117/><T47/><D109/><U126/><E126/><V108/><F108/><W53/><G127/><T41/><D82/><U103/><E103/><V57/><F96/><W49/><G39/><T23/><D32/><N who="1" m="20527" /><E30/><V66/><F2/><W130/><G130/><T65/><D65/><U119/><E119/><V95/><F95/><N who="3" m="54671" /><G76/><T20/><REACH who="0" step="1"/><D5/><REACH who="0" ten="170,230,410,180" step="2"/><U110/><E110/><V105/><F105/><W24/><G89/><T104/><D104/><U59/><E129/><V100/><F100/><W21/><G97/><T67/><D67/><U125/><E125/><V133/><F66/><W74/><G99/><T13/><D13/><U51/><E79/><V28/><F34/><W83/><G83/><T134/><D134/><U114/><E132/><V40/><F133/><W123/><G123/><T33/><D33/><U98/><E114/><V4/><F6/><W69/><G74/><T72/><D72/><U84/><E84/><V78/><F78/><W12/><G69/><T135/><D135/><U37/><E0/><V75/><F75/><W81/><G81/><T93/><D93/><U77/><E77/><V90/><F90/><W94/><G94/><T42/><D42/><U101/><E101/><V1/><F40/><W91/><G91/><T122/><D122/><U36/><E102/><V73/><F73/><W120/><G120/><T92/><D92/><U86/><E107/><RYUUKYOKU ba="1,1" sc="170,15,230,-15,410,-15,180,15" hai0="9,10,14,16,17,20,23,27,41,43,46,47,48" hai3="12,19,21,24,26,44,45,49,53,54" /><INIT seed="3,2,1,5,0,62" ten="185,215,395,195" oya="3" hai0="69,113,120,46,28,67,91,13,59,110,40,53,92" hai1="58,19,114,76,16,127,99,106,112,94,88,8,103" hai2="31,44,0,23,3,87,93,9,130,104,66,30,65" hai3="4,12,86,78,74,133,119,102,80,97,36,121,56"/><W79/><G121/><T82/><D120/><U35/><E127/><V135/><F104/><W10/><G119/><T77/><D113/><U2/><E35/><V54/><F0/><W83/><G133/><T129/><D129/><U43/><E76/><V61/><F3/><W47/><G56/><T126/><D126/><U1/><E43/><V48/><F130/><W89/><G47/><T68/><D110/><U5/><E2/><V73/><F73/><W71/><G71/><T108/><D108/><U134/><E134/><V34/><F34/><W132/><G132/><T55/><D28/><U50/><E112/><V75/><F75/><W96/><G36/><T116/><D116/><U107/><E114/><V125/><F61/><W90/><REACH who="3" step="1"/><G97/><REACH who="3" ten="185,215,395,185" step="2"/><N who="0" m="57503" /><D69/><U85/><REACH who="1" step="1"/><E106/><AGARI ba="2,2" hai="4,10,12,74,78,79,80,83,86,89,90,96,102,106" machi="106" ten="30,11600,0" yaku="1,1,7,1,53,2" doraHai="62" doraHaiUra="72" who="3" fromWho="1" sc="185,0,215,-122,395,0,185,142" /><INIT seed="3,3,0,0,0,60" ten="185,93,395,327" oya="3" hai0="99,18,27,110,36,100,90,26,67,122,87,121,51" hai1="82,38,15,129,123,120,97,66,47,105,106,131,78" hai2="8,46,58,45,88,20,102,69,11,29,14,119,134" hai3="81,61,0,39,92,2,56,72,95,16,6,115,109"/><W73/><G115/><T75/><D36/><U52/><E15/><V107/><F69/><W68/><G68/><T23/><D75/><N who="1" m="43359" /><E66/><V98/><F134/><W35/><G35/><T25/><D110/><U126/><E126/><V5/><F119/><W55/><G109/><T117/><D117/><U1/><E1/><V135/><F135/><W31/><G31/><T24/><D51/><U40/><E52/><V96/><F58/><W111/><G39/><T63/><D100/><N who="1" m="62607" /><E106/><V17/><F29/><W12/><G111/><T49/><D49/><U79/><E79/><V13/><F20/><W7/><G81/><T83/><REACH who="0" step="1"/><D99/><REACH who="0" ten="175,93,395,327" step="2"/><U103/><E103/><V86/><F96/><W85/><G73/><T64/><D64/><U22/><E22/><V80/><AGARI ba="3,1" hai="5,8,11,13,14,17,45,46,80,86,88,98,102,107" machi="80" ten="20,2700,0" yaku="0,1,7,1,54,1" doraHai="60" who="2" fromWho="2" sc="175,-10,93,-10,395,46,327,-16" /><INIT seed="4,0,0,1,2,104" ten="165,83,441,311" oya="0" hai0="46,75,112,18,103,109,126,113,135,55,121,119,107" hai1="20,78,40,120,91,90,105,58,45,27,28,14,30" hai2="108,125,54,110,76,41,16,56,106,9,93,115,134" hai3="6,13,12,132,101,8,21,17,66,60,77,42,38"/><T65/><D121/><U85/><E120/><V89/><F106/><W80/><G132/><T88/><D119/><U0/><E105/><V118/><F115/><N who="0" m="44106" /><D135/><U117/><E117/><V48/><F76/><W67/><G101/><T100/><D126/><U114/><E114/><V74/><F125/><W31/><G31/><T53/><D65/><U71/><E71/><V37/><F134/><W5/><G66/><T23/><D109/><U82/><E0/><V39/><F39/><W127/><G127/><T64/><D64/><U96/><E58/><V94/><F94/><W99/><G99/><N who="0" m="61855" /><D88/><U111/><E111/><V69/><F89/><W123/><G123/><T128/><D103/><U51/><E30/><V131/><F93/><W32/><G32/><T43/><D75/><U87/><E96/><V72/><F74/><W3/><G67/><T11/><D11/><U116/><E116/><V86/><F72/><W68/><G68/><T62/><D62/><U19/><REACH who="1" step="1"/><E85/><REACH who="1" ten="165,73,441,311" step="2"/><V63/><F86/><W81/><G3/><T97/><D97/><U24/><E24/><V133/><F118/><W2/><G2/><T95/><D128/><U130/><E130/><V44/><F131/><W79/><G12/><N who="0" m="9671" /><D95/><U102/><E102/><V33/><F133/><W122/><G122/><T26/><D26/><U84/><E84/><V4/><F110/><W22/><G13/><T29/><D29/><U47/><E47/><V59/><F44/><W61/><G8/><AGARI ba="0,1" hai="8,14,19,20,27,28,40,45,51,78,82,87,90,91" machi="8" ten="30,7700,0" yaku="1,1,7,1,8,1,53,1" doraHai="104" doraHaiUra="10" who="1" fromWho="3" sc="165,0,73,87,441,0,311,-77" /><INIT seed="5,0,0,2,2,70" ten="165,160,441,234" oya="1" hai0="81,107,52,16,11,94,76,56,126,13,99,4,71" hai1="62,6,53,95,61,50,51,14,91,82,1,15,59" hai2="44,80,40,7,38,121,63,66,45,89,3,130,18" hai3="26,114,129,78,42,131,117,79,34,74,30,96,58"/><U127/><E127/><V17/><F130/><N who="3" m="49675" /><G114/><T116/><D71/><U119/><E119/><V100/><F100/><W31/><G117/><T54/><D116/><U22/><E82/><V25/><F121/><W29/><G96/><T120/><D126/><U111/><E111/><V60/><F60/><W92/><G58/><T110/><D110/><U55/><E1/><V132/><F132/><W49/><G92/><T122/><D107/><U65/><E6/><V98/><F44/><N who="3" m="25751" /><G74/><N who="0" m="43159" /><D4/><U32/><E32/><V20/><F7/><W109/><G109/><T24/><D24/><U0/><E0/><V5/><F98/><W2/><G2/><T69/><D56/><N who="1" m="37063" /><E22/><V8/><F80/><W87/><G87/><T67/><D69/><U133/><E133/><V57/><F89/><W108/><G108/><T75/><D75/><U12/><E55/><V27/><F27/><N who="3" m="18751" /><G31/><AGARI ba="0,0" hai="3,5,8,17,18,20,25,31,38,40,45,57,63,66" machi="31" ten="30,2000,0" yaku="7,1,52,1" doraHai="70" who="2" fromWho="3" sc="165,0,160,0,441,20,234,-20" /><INIT seed="6,0,0,3,4,1" ten="165,160,461,214" oya="2" hai0="91,93,24,122,41,100,109,94,44,106,5,102,19" hai1="126,135,36,75,105,33,47,70,4,121,22,9,6" hai2="128,39,58,0,30,49,125,124,21,27,67,123,84" hai3="90,61,99,38,81,95,35,104,23,29,117,50,20"/><V53/><F123/><W130/><G38/><T40/><D106/><U108/><RYUUKYOKU type="yao9" ba="0,0" sc="165,0,160,0,461,0,214,0" hai1="4,6,9,22,33,36,47,70,75,105,108,121,126,135" /><INIT seed="6,1,0,1,0,78" ten="165,160,461,214" oya="2" hai0="67,3,12,107,95,19,113,69,13,102,104,60,17" hai1="122,127,77,89,97,76,49,7,65,79,84,70,46" hai2="59,123,54,119,85,25,55,42,45,71,62,87,114" hai3="8,16,63,108,72,29,50,80,47,94,120,128,131"/><V33/><F123/><W66/><G108/><T126/><D3/><U36/><E127/><V18/><F114/><W100/><G120/><T92/><D113/><U51/><E122/><V2/><F71/><W57/><G29/><T39/><D39/><U132/><E132/><V24/><F2/><W40/><G100/><T130/><D130/><U10/><E97/><V117/><F25/><W37/><G94/><T38/><D38/><U53/><E70/><V125/><F55/><W15/><REACH who="3" step="1"/><G37/><REACH who="3" ten="165,160,461,204" step="2"/><T121/><D121/><U110/><E110/><V74/><F117/><W4/><G4/><T61/><D102/><U58/><E36/><V90/><F119/><W82/><G82/><T26/><D95/><N who="1" m="54695" /><E65/><V135/><F135/><W124/><G124/><T75/><D92/><U22/><E22/><V68/><F125/><W20/><G20/><T115/><D67/><U5/><E10/><V93/><F93/><W106/><G106/><T112/><D126/><U48/><E46/><V21/><F45/><W99/><G99/><T11/><D11/><U34/><E34/><V103/><F21/><W27/><G27/><T109/><D26/><U14/><E14/><V6/><F24/><W133/><G133/><T23/><D23/><U32/><E32/><V134/><F33/><W111/><G111/><T73/><D109/><U44/><E44/><V35/><F35/><W56/><G56/><T91/><D69/><U116/><E116/><V96/><F68/><W0/><G0/><T52/><D52/><U105/><E105/><V30/><F54/><W118/><G118/><T1/><D1/><RYUUKYOKU ba="1,1" sc="165,10,160,10,461,-30,204,10" hai0="12,13,17,19,60,61,73,75,91,104,107,112,115" hai1="5,7,48,49,51,53,58,76,77,79" hai3="8,15,16,40,47,50,57,63,66,72,80,128,131" /><INIT seed="7,2,1,4,5,61" ten="175,170,431,214" oya="3" hai0="133,38,111,105,134,79,21,54,68,31,40,33,42" hai1="2,74,106,45,59,108,10,37,32,110,73,0,13" hai2="120,124,78,101,80,26,49,8,66,19,89,60,64" hai3="98,16,130,83,7,88,121,109,114,103,107,71,23"/><W51/><G121/><T91/><D111/><N who="1" m="42539" /><E13/><V128/><F124/><W41/><G114/><T104/><D33/><U27/><E59/><V53/><F128/><W123/><G130/><T118/><D68/><U132/><E132/><N who="0" m="50793" /><D118/><U29/><E106/><N who="0" m="41065" /><D38/><U93/><E93/><V50/><F89/><W127/><G123/><T126/><D126/><U62/><E62/><V129/><F50/><W39/><G71/><T63/><D91/><U55/><E55/><V25/><F25/><W131/><G131/><T12/><D79/><U67/><E67/><V34/><F34/><W11/><G39/><T20/><D12/><U28/><E28/><V96/><F60/><W56/><G41/><N who="0" m="15979" /><D31/><U6/><E2/><V81/><F81/><W1/><G127/><T94/><D94/><U116/><E116/><V44/><F120/><W122/><G122/><T102/><D102/><U69/><E69/><V9/><F9/><W58/><G51/><T65/><D65/><U18/><E18/><V97/><F129/><W112/><G112/><T24/><D24/><U48/><E48/><V100/><F100/><W92/><G109/><T3/><D3/><U113/><E113/><V76/><F101/><W47/><G83/><T35/><D35/><U36/><E36/><V15/><F26/><N who="3" m="14695" /><G103/><T117/><D117/><U70/><E70/><V22/><F80/><W115/><G107/><T119/><D119/><U99/><E99/><V5/><F49/><W77/><G115/><T85/><D85/><U125/><E125/><V82/><F82/><W84/><G84/><T52/><D63/><U86/><E86/><RYUUKYOKU ba="2,1" sc="175,15,170,15,431,-15,214,-15" hai0="20,21,52,54" hai1="0,6,10,27,29,32,37,45,73,74" owari="190,-21.0,185,-31.0,426,52.0,199,0.0" /></mjloggm>