<mjloggm ver="2.3"><GO type="169" lobby="0"/><UN n0="%E3%83%AB%E3%83%8D%E3%82%B9%E3%82%BF" n1="%E3%82%A6%E3%83%AB%E3%83%88%E3%83%A9%E7%AB%8B%E7%9B%B4" n2="%79%75%2D%2D%2D%2D%2D%75" n3="%E2%80%A0%E3%81%BE%E3%83%BC%E5%9D%8A%E2%80%A0" dan="16,18,17,17" rate="2114.67,2202.92,2183.17,2099.94" sx="M,M,M,M"/><TAIKYOKU oya="0"/><INIT seed="0,0,0,0,2,0" ten="250,250,250,250" oya="0" hai0="37,20,123,122,19,126,27,22,64,5,74,70,28" hai1="4,39,101,81,88,91,49,130,96,73,125,48,36" hai2="76,38,56,14,82,124,116,108,111,7,99,15,41" hai3="110,10,12,40,30,9,17,52,44,135,23,128,29"/><T2/><D37/><U85/><E125/><V102/><F124/><W114/><G114/><T13/><D74/><U71/><E71/><V78/><F116/><W68/><G68/><T94/><D126/><U75/><E130/><V119/><F119/><W47/><G110/><N who="2" m="42025" /><F56/><W66/><G66/><T132/><D94/><U86/><E96/><V127/><F127/><W59/><G128/><T31/><D70/><U6/><REACH who="1" step="1"/><E81/><REACH who="1" ten="250,240,250,250" step="2"/><V131/><F131/><W42/><G135/><T34/><D132/><U118/><E118/><V8/><F82/><W106/><G106/><T129/><D129/><U21/><E21/><V11/><F99/><W104/><G104/><T43/><D22/><U90/><E90/><V51/><F102/><AGARI ba="0,1" hai="4,6,36,39,48,49,73,75,85,86,88,91,101,102" machi="102" ten="25,12000,2" yaku="1,1,22,2,52,2,54,1,53,0" doraHai="0" doraHaiUra="63" who="1" fromWho="2" sc="250,0,240,130,250,-120,250,0" /><INIT seed="1,0,0,0,0,74" ten="250,370,130,250" oya="1" hai0="119,122,40,131,110,23,78,133,85,14,10,103,45" hai1="13,121,25,79,61,27,30,126,64,104,4,35,59" hai2="31,5,80,44,18,127,21,66,60,20,36,81,88" hai3="68,49,106,118,130,38,1,71,76,109,132,84,34"/><U134/><E104/><V2/><F127/><W87/><G49/><N who="0" m="26791" /><D119/><U55/><E121/><V12/><F2/><W24/><G24/><T90/><D122/><U15/><E126/><V32/><F32/><W129/><G76/><T96/><D110/><U48/><E134/><V54/><F5/><W65/><G65/><T93/><D133/><U107/><E107/><V112/><F112/><W83/><G83/><N who="0" m="47351" /><D23/><U99/><E4/><V0/><F0/><W97/><G68/><T29/><D29/><U117/><E117/><V51/><F36/><W33/><G33/><T62/><D62/><U125/><E125/><V58/><F31/><W102/><G132/><T69/><D69/><U82/><E99/><V108/><F108/><W101/><G34/><T91/><D131/><U57/><REACH who="1" step="1"/><E27/><REACH who="1" ten="250,360,130,250" step="2"/><V3/><F3/><W77/><G118/><T43/><D43/><U50/><E50/><V6/><F6/><AGARI ba="0,1" hai="6,10,14,90,91,93,96,103" m="47351,26791" machi="6" ten="30,3900,0" yaku="25,1,8,1,52,1" doraHai="74" who="0" fromWho="2" sc="250,49,360,0,130,-39,250,0" /><INIT seed="2,0,0,3,2,123" ten="299,360,91,250" oya="2" hai0="100,40,78,68,65,122,98,57,128,52,63,47,24" hai1="135,120,76,66,7,109,43,33,6,39,16,38,21" hai2="129,110,34,12,113,53,32,71,131,30,111,26,105" hai3="14,3,15,85,51,25,94,46,87,96,118,9,0"/><V93/><F105/><W101/><G118/><T37/><D122/><U72/><E33/><V45/><F71/><W48/><G0/><T13/><D78/><U95/><E120/><V42/><F113/><W103/><G3/><T114/><D114/><U88/><E66/><V107/><F107/><W8/><G25/><T106/><D128/><N who="2" m="49226" /><F53/><W126/><G126/><T124/><D124/><U36/><E43/><V74/><F74/><W79/><G79/><T44/><D44/><U91/><E76/><V99/><F12/><W112/><G112/><T70/><D13/><U81/><E72/><V119/><F32/><W10/><G10/><T97/><D98/><U27/><E135/><V127/><F127/><W62/><G62/><T82/><D82/><U17/><E81/><V67/><F67/><W90/><G46/><T41/><D41/><U86/><E91/><N who="2" m="55743" /><F119/><W130/><G130/><T18/><D65/><U73/><E73/><V77/><F77/><W61/><G90/><T69/><D70/><U22/><E6/><V49/><AGARI ba="0,0" hai="26,30,34,42,45,49,110,111" m="55743,49226" machi="49" ten="30,6000,0" yaku="19,1,52,2" doraHai="123" who="2" fromWho="2" sc="299,-20,360,-20,91,60,250,-20" /><INIT seed="2,1,0,0,4,18" ten="279,340,151,230" oya="2" hai0="19,37,23,94,4,10,78,40,102,14,89,115,0" hai1="99,53,41,108,113,26,49,9,119,133,24,60,77" hai2="122,104,114,126,6,39,64,73,55,76,50,5,15" hai3="43,130,84,28,57,68,3,13,66,59,46,132,65"/><V32/><F114/><W83/><G3/><T71/><D115/><U70/><E119/><V128/><F39/><W88/><G132/><T27/><D71/><U93/><E113/><V48/><F122/><W8/><G130/><T86/><D37/><U34/><E34/><V58/><F128/><W20/><G68/><T2/><D40/><U120/><E133/><V85/><F32/><W80/><G80/><T135/><D135/><U11/><E77/><V54/><F64/><N who="3" m="24683" /><G46/><T103/><D78/><U79/><E79/><V106/><F73/><W90/><G90/><T134/><D134/><U129/><E70/><V61/><F126/><W95/><G95/><T36/><D36/><U51/><E120/><V45/><F61/><W91/><G91/><T47/><D47/><U87/><E93/><V29/><F29/><W31/><G43/><T82/><D94/><U38/><E60/><V72/><F72/><W7/><G31/><T42/><D42/><U105/><E41/><V16/><F104/><W123/><G123/><T92/><D92/><U74/><E105/><V22/><REACH who="2" step="1"/><F106/><REACH who="2" ten="279,340,141,230" step="2"/><W107/><G107/><T12/><D103/><U81/><E74/><V21/><F21/><W110/><G28/><T97/><D102/><U131/><E38/><V127/><F127/><W98/><G20/><T125/><D125/><U109/><E131/><V69/><F69/><W63/><G63/><T62/><D62/><U33/><E129/><V30/><F30/><W111/><G98/><T124/><D97/><U67/><E99/><V117/><F117/><W121/><G121/><T17/><D124/><RYUUKYOKU ba="1,1" sc="279,10,340,-30,141,10,230,10" hai0="0,2,4,10,12,14,17,19,23,27,82,86,89" hai2="5,6,15,16,22,45,48,50,54,55,58,76,85" hai3="7,8,13,57,59,83,84,88,110,111" /><INIT seed="2,2,1,2,1,74" ten="289,310,151,240" oya="2" hai0="37,50,3,100,114,56,78,14,108,113,122,129,23" hai1="95,111,1,96,83,82,67,70,123,38,76,131,18" hai2="30,80,33,124,103,130,4,88,66,22,17,62,59" hai3="26,87,121,98,134,97,73,51,71,34,93,112,127"/><V91/><F130/><W72/><G121/><T109/><D37/><U118/><E1/><V40/><F124/><W81/><G71/><T105/><D3/><U11/><E38/><V5/><F103/><W36/><G36/><T31/><D122/><U99/><E118/><V92/><F33/><W0/><G0/><T2/><D2/><U61/><E111/><N who="0" m="42569" /><D78/><U133/><E131/><V47/><F30/><W10/><G10/><T42/><D129/><U27/><E133/><V43/><F80/><W101/><G127/><T104/><D100/><U35/><E123/><V12/><F91/><W16/><G134/><T69/><D69/><U128/><E128/><V84/><REACH who="2" step="1"/><F47/><REACH who="2" ten="289,310,141,240" step="2"/><W39/><G34/><T120/><D120/><U94/><E83/><V48/><F48/><W55/><G39/><T19/><D50/><U44/><E44/><V41/><AGARI ba="2,2" hai="4,5,12,17,22,40,41,43,59,62,66,84,88,92" machi="41" ten="30,11700,0" yaku="1,1,0,1,8,1,54,1,53,0" doraHai="74" doraHaiUra="68" who="2" fromWho="2" sc="289,-41,310,-41,141,143,240,-41" /><INIT seed="2,3,0,1,0,13" ten="248,269,284,199" oya="2" hai0="91,46,64,72,6,61,7,0,50,135,106,2,16" hai1="35,47,126,99,39,77,22,103,38,45,34,119,85" hai2="5,131,105,123,53,15,18,25,52,73,102,124,67" hai3="66,40,115,58,60,17,95,130,112,79,134,29,104"/><V83/><F123/><W117/><G104/><T90/><D72/><U122/><E85/><V114/><F114/><W97/><G117/><T55/><D106/><U78/><E22/><V4/><F124/><W120/><G120/><T94/><D135/><U92/><E122/><V23/><F131/><W31/><G134/><T28/><D28/><U118/><E92/><V43/><F43/><W49/><G130/><T63/><D2/><U30/><E99/><V10/><F67/><W70/><G79/><T12/><D0/><U3/><E3/><V87/><F73/><W20/><G112/><T27/><D27/><U42/><E42/><V111/><F111/><W41/><G41/><T76/><D76/><U125/><REACH who="1" step="1"/><E30/><REACH who="1" ten="248,259,284,199" step="2"/><N who="2" m="17727" /><F105/><W24/><G115/><T44/><D44/><U56/><E56/><V113/><F102/><AGARI ba="3,1" hai="34,35,38,39,45,47,77,78,102,103,118,119,125,126" machi="102" ten="25,8000,1" yaku="1,1,22,2,53,2" doraHai="13" doraHaiUra="68" who="1" fromWho="2" sc="248,0,259,99,284,-89,199,0" /><INIT seed="3,0,0,0,0,120" ten="248,358,195,199" oya="3" hai0="104,128,73,123,88,110,20,37,83,41,59,113,81" hai1="5,24,116,107,130,27,131,2,98,135,84,28,102" hai2="121,34,109,71,126,62,53,77,8,40,19,97,106" hai3="96,18,38,16,9,89,7,117,51,129,111,125,118"/><W36/><G125/><T30/><D104/><U72/><E72/><V68/><F126/><W10/><G129/><T33/><D128/><N who="1" m="49195" /><E135/><V74/><F121/><W61/><G51/><T100/><D100/><U25/><E84/><V108/><F34/><W50/><G50/><T47/><D33/><N who="1" m="20615" /><E116/><V11/><F40/><W87/><G87/><T57/><D123/><U4/><E5/><V12/><F8/><AGARI ba="0,0" hai="2,4,8,25,27,98,102,107" m="20615,49195" machi="8" ten="30,1000,0" yaku="19,1" doraHai="120" who="1" fromWho="2" sc="248,0,358,10,195,-10,199,0" /><INIT seed="4,0,0,1,1,25" ten="248,368,185,199" oya="0" hai0="39,41,102,109,5,57,73,135,3,12,50,65,92" hai1="30,46,123,128,96,27,87,67,78,37,114,68,58" hai2="71,83,43,53,4,85,11,104,95,110,66,86,36" hai3="14,0,130,84,23,29,54,120,77,56,18,101,103"/><T60/><D3/><U64/><E68/><V8/><F104/><W9/><G130/><T81/><D109/><U113/><E123/><V131/><F110/><W26/><G120/><T121/><D121/><U49/><E128/><V47/><F131/><W82/><REACH who="3" step="1"/><G0/><REACH who="3" ten="248,368,185,189" step="2"/><T124/><D124/><U33/><E113/><V21/><F71/><W42/><G42/><T91/><D135/><U99/><E114/><V132/><F132/><W17/><G17/><T119/><D119/><U134/><E134/><V94/><F66/><W89/><G89/><T20/><D39/><U55/><E67/><V70/><F70/><W45/><G45/><T90/><D90/><U93/><E64/><V76/><F53/><W105/><G105/><T7/><D102/><U129/><E46/><V107/><F107/><W133/><G133/><T112/><D112/><U16/><E37/><V111/><F111/><W44/><G44/><N who="0" m="25871" /><D73/><U32/><E55/><V115/><F115/><W79/><G79/><T72/><D72/><U10/><E78/><V22/><F43/><W31/><G31/><T106/><D106/><U48/><E30/><V75/><F36/><W2/><G2/><T100/><D100/><U80/><E129/><V51/><F75/><W1/><G1/><T116/><D116/><U59/><E16/><V117/><F117/><W13/><G13/><T118/><D118/><U28/><E28/><V97/><F76/><W62/><AGARI ba="0,1" hai="9,14,18,23,26,29,54,56,62,77,82,84,101,103" machi="62" ten="20,8000,1" yaku="1,1,0,1,7,1,8,1,52,1,53,0" doraHai="25" doraHaiUra="126" who="3" fromWho="3" sc="248,-40,368,-20,185,-20,189,90" /><INIT seed="5,0,0,2,1,41" ten="208,348,165,279" oya="1" hai0="103,94,112,63,98,96,17,40,36,13,7,130,129" hai1="106,3,25,0,30,91,54,44,9,78,88,102,46" hai2="83,38,118,52,18,123,124,51,26,42,93,39,109" hai3="59,108,131,22,50,14,79,43,24,116,35,84,115"/><U32/><E78/><V120/><F109/><W29/><G108/><T80/><D7/><U128/><E102/><V81/><F118/><W57/><G116/><T20/><D112/><U77/><E106/><V132/><F124/><W122/><G122/><T33/><D33/><U82/><E128/><N who="0" m="49257" /><D63/><U121/><E121/><V8/><F132/><W76/><G131/><T135/><D135/><U71/><E71/><V90/><F38/><W65/><G115/><T104/><D40/><U28/><E54/><V48/><F39/><W68/><G68/><T133/><D36/><U113/><E113/><V56/><F120/><W12/><G35/><T4/><D133/><U34/><E77/><V15/><F26/><W27/><G65/><T60/><D4/><U49/><E49/><V19/><F19/><W126/><G126/><T5/><D5/><U99/><E25/><V74/><F74/><W70/><G70/><T92/><D60/><U37/><E37/><V89/><F123/><W6/><G27/><T95/><D80/><N who="2" m="30794" /><F93/><W21/><G6/><T97/><AGARI ba="0,0" hai="13,17,20,92,94,95,96,97,98,103,104" m="49257" machi="97" ten="40,1500,0" yaku="19,1" doraHai="41" who="0" fromWho="0" sc="208,15,348,-7,165,-4,279,-4" /><INIT seed="6,0,0,3,5,87" ten="223,341,161,275" oya="2" hai0="44,20,42,54,41,63,51,116,8,13,5,37,46" hai1="39,33,108,124,129,67,10,103,62,118,16,56,127" hai2="111,120,82,0,130,95,125,102,30,81,3,126,77" hai3="115,6,112,2,49,22,53,11,17,134,90,74,27"/><V83/><F120/><W135/><G74/><T65/><D116/><U84/><E33/><V59/><F111/><W21/><G90/><T133/><D133/><N who="3" m="50697" /><G53/><T32/><D32/><U100/><E39/><V34/><F130/><W89/><G89/><T86/><D86/><U93/><E129/><V71/><F71/><W14/><G49/><T121/><D121/><U70/><E70/><V24/><F77/><W43/><G43/><T91/><D91/><N who="1" m="53479" /><E118/><V38/><F38/><W80/><G80/><T76/><D76/><U31/><E31/><AGARI ba="0,0" hai="2,6,11,14,17,21,22,27,31,112,115" m="50697" machi="31" ten="30,3900,0" yaku="20,1,34,2" doraHai="87" who="3" fromWho="1" sc="223,0,341,-39,161,0,275,39" /><INIT seed="7,0,0,2,1,133" ten="223,302,161,314" oya="3" hai0="11,33,96,23,121,126,42,2,3,117,102,118,122" hai1="101,115,24,132,112,32,110,50,97,85,21,22,131" hai2="43,106,7,49,47,68,87,71,86,13,60,37,91" hai3="107,89,26,17,19,65,120,134,109,28,76,38,61"/><W35/><G120/><T124/><D42/><U0/><E0/><V20/><F106/><W53/><G134/><T39/><D39/><U128/><E110/><V74/><F74/><W80/><G38/><T98/><D33/><U1/><E1/><N who="0" m="9" /><D11/><U55/><E132/><V119/><F119/><N who="0" m="45578" /><D23/><U72/><E85/><V69/><F60/><W12/><G109/><T4/><D4/><U25/><E72/><V51/><F86/><W27/><G27/><N who="1" m="10314" /><E32/><V83/><REACH who="2" step="1"/><F7/><REACH who="2" ten="223,302,151,314" step="2"/><W93/><G107/><N who="0" m="63943" /><D98/><U125/><E97/><V111/><F111/><W104/><G104/><T63/><D63/><U116/><E116/><V31/><F31/><W70/><G28/><T18/><D18/><U62/><E62/><V10/><F10/><W56/><G19/><T135/><D135/><U58/><E131/><V15/><F15/><W41/><G12/><T100/><D100/><U77/><E128/><V95/><F95/><W103/><G17/><T75/><D75/><U113/><E101/><V64/><F64/><W66/><G103/><T57/><D57/><U8/><E8/><V73/><F73/><N who="3" m="43023" /><G66/><T54/><D54/><U48/><E112/><V45/><F45/><W67/><G67/><T114/><D114/><U40/><E113/><V129/><F129/><W99/><G35/><T78/><D122/><U16/><E115/><V34/><F34/><W90/><G26/><T52/><D52/><U46/><E77/><V130/><F130/><W44/><G44/><T59/><D59/><U9/><E9/><V5/><F5/><W81/><G93/><T79/><D121/><U36/><E46/><RYUUKYOKU ba="0,1" sc="223,15,302,-15,151,15,314,-15" hai0="78,79,124,126" hai2="13,20,37,43,47,49,51,68,69,71,83,87,91" /><INIT seed="8,1,1,0,3,93" ten="238,287,166,299" oya="0" hai0="71,126,47,21,11,26,99,17,27,75,42,130,43" hai1="50,85,40,135,35,114,104,20,81,51,0,129,78" hai2="52,127,58,97,39,100,82,62,125,84,73,31,63" hai3="113,22,134,28,23,53,33,108,106,24,15,112,66"/><T54/><D75/><U2/><E35/><V13/><F73/><W77/><G106/><T102/><D71/><U110/><E110/><V107/><F39/><W96/><G66/><T67/><D67/><U55/><E104/><V72/><F72/><W64/><G64/><T14/><D130/><U94/><E129/><V12/><F62/><W83/><G108/><T120/><D120/><U18/><E135/><V65/><F31/><W88/><G134/><T122/><D122/><U61/><E114/><V128/><F128/><W86/><G33/><T5/><D126/><N who="2" m="48138" /><F65/><W34/><G34/><T116/><D116/><U118/><E118/><V79/><AGARI ba="1,1" hai="12,13,52,58,63,79,82,84,97,100,107" m="48138" machi="79" ten="30,4000,0" yaku="18,1,52,1,54,1" doraHai="93" who="2" fromWho="2" sc="238,-21,287,-11,166,53,299,-11" /><INIT seed="9,0,0,3,2,74" ten="217,276,219,288" oya="1" hai0="17,65,55,88,78,80,70,51,43,21,124,60,98" hai1="89,19,24,72,105,38,121,86,94,126,2,9,115" hai2="36,87,73,48,123,46,76,67,103,77,91,12,11" hai3="50,33,18,0,53,35,112,118,120,63,40,45,29"/><U81/><E121/><V135/><F123/><W37/><G0/><T23/><D124/><U117/><E115/><V111/><F111/><W90/><G112/><T100/><D43/><U66/><E38/><V10/><F73/><W83/><G120/><T127/><D127/><U26/><E105/><V79/><F36/><W134/><G134/><T99/><D99/><U39/><E39/><V56/><F135/><W44/><G29/><T42/><D42/><U47/><E117/><V22/><F103/><W4/><G4/><T8/><D8/><U102/><E126/><V41/><F22/><W6/><G6/><T28/><D28/><U128/><E128/><V54/><F67/><W101/><G101/><T31/><D31/><U64/><E47/><V104/><F104/><W62/><G118/><T106/><D17/><U93/><E72/><V68/><F68/><W58/><G63/><T75/><REACH who="0" step="1"/><D88/><REACH who="0" ten="207,276,219,288" step="2"/><N who="1" m="51279" /><E102/><V95/><F12/><W61/><G18/><T113/><D113/><U97/><E2/><V132/><F132/><W7/><G7/><T96/><D96/><U84/><E9/><N who="2" m="3083" /><F41/><W27/><G40/><T49/><D49/><U82/><E19/><V131/><F131/><W125/><G37/><T114/><D114/><U108/><E108/><V92/><F92/><N who="1" m="35433" /><E97/><V133/><F133/><W110/><G125/><T130/><D130/><U32/><E32/><N who="3" m="12362" /><G110/><T15/><D15/><U69/><E69/><V34/><F34/><W119/><G119/><T3/><D3/><U30/><E30/><V109/><F109/><W122/><G122/><T20/><D20/><U25/><AGARI ba="0,1" hai="24,25,26,64,66,82,84,89" m="35433,51279" machi="25" ten="30,6000,0" yaku="5,1,8,1,54,1" doraHai="74" who="1" fromWho="1" sc="207,-20,276,70,219,-20,288,-20" owari="187,-31.0,346,44.0,199,-20.0,268,7.0" /></mjloggm>