<mjloggm ver="2.3"><GO type="169" lobby="0"/><UN n0="%4B%E3%80%82" n1="%E3%83%88%E3%83%88%E3%83%AA%E5%85%88%E7%94%9F%31%39%E6%AD%B3" n2="%E3%81%9F%E3%81%91%E3%81%AB%E3%81%8D" n3="%E3%81%B3%E3%81%A3%E3%81%8F%E3%82%8B" dan="18,19,16,16" rate="2190.66,2295.49,2070.79,2074.99" sx="M,F,M,F"/><TAIKYOKU oya="0"/><INIT seed="0,0,0,4,3,130" ten="250,250,250,250" oya="0" hai0="72,32,23,41,59,54,132,74,115,12,107,15,0" hai1="30,48,97,13,7,64,2,3,66,10,125,70,120" hai2="67,110,118,106,128,47,108,92,131,116,60,8,65" hai3="57,28,134,93,82,89,129,114,99,69,102,35,18"/><T80/><D115/><U55/><E120/><V6/><F106/><W76/><G129/><N who="2" m="49737" /><F92/><W84/><G69/><T40/><D32/><U26/><E125/><V79/><F79/><W100/><G114/><T126/><D0/><U123/><E123/><V71/><F65/><W98/><G28/><T31/><D107/><U73/><E73/><V94/><F94/><W87/><G35/><T103/><D103/><U24/><E97/><N who="3" m="36874" /><G18/><T68/><D68/><U121/><E121/><V133/><F133/><W78/><G57/><T85/><D126/><U33/><E26/><V20/><F20/><W17/><G17/><T56/><D132/><U36/><E36/><V88/><F88/><N who="3" m="53407" /><G134/><T52/><D23/><U27/><E27/><V109/><F47/><W53/><G53/><T95/><D95/><U91/><E91/><V105/><F105/><W77/><AGARI ba="0,0" hai="76,77,78,82,84,89,100,102" m="53407,36874" machi="77" ten="30,12000,2" yaku="8,1,35,5,54,1" doraHai="130" who="3" fromWho="3" sc="250,-60,250,-30,250,-30,250,120" /><INIT seed="1,0,0,2,5,4" ten="190,220,220,370" oya="1" hai0="11,123,10,131,55,29,132,133,96,6,91,134,50" hai1="24,107,23,101,54,16,32,102,79,104,118,1,112" hai2="124,19,49,67,97,45,61,21,42,74,57,83,122" hai3="36,95,15,106,17,52,85,63,76,68,14,58,5"/><U53/><E112/><V34/><F122/><W120/><G36/><T78/><D131/><U100/><E118/><V8/><F34/><W69/><G106/><T43/><D123/><U25/><E1/><V31/><F124/><W128/><G128/><T115/><D115/><U47/><E79/><V93/><F31/><W27/><G120/><T71/><D71/><U7/><E7/><V117/><F117/><W51/><G27/><T62/><D78/><U114/><E114/><V66/><F66/><W84/><G69/><T41/><D29/><U12/><E25/><V9/><F83/><W119/><G119/><T116/><D116/><U3/><E3/><V0/><F74/><W89/><G5/><T108/><D108/><U121/><E121/><V40/><F40/><N who="0" m="15434" /><D6/><U81/><E81/><V94/><F0/><W98/><G15/><T44/><D62/><U59/><E47/><V2/><F2/><W109/><G109/><T20/><D20/><U135/><E135/><V111/><F111/><W56/><G68/><T72/><D72/><U90/><E90/><N who="2" m="55479" /><F94/><AGARI ba="0,0" hai="10,11,44,50,55,91,94,96,132,133,134" m="15434" machi="94" ten="40,5200,0" yaku="20,1,52,2" doraHai="4" who="0" fromWho="2" sc="190,52,220,0,220,-52,370,0" /><INIT seed="2,0,0,5,0,85" ten="242,220,168,370" oya="2" hai0="66,61,103,95,45,64,11,127,126,87,17,122,100" hai1="121,28,124,134,106,125,79,12,96,90,8,27,22" hai2="7,93,104,3,110,6,65,41,16,29,36,81,72" hai3="112,115,113,133,55,71,89,1,123,18,70,102,78"/><V56/><F104/><W105/><G1/><T120/><D45/><U111/><E111/><V33/><F110/><W60/><G123/><T119/><D11/><U114/><E114/><V116/><F116/><W21/><G133/><T108/><D17/><U58/><E134/><V24/><F93/><W23/><G78/><T107/><D108/><U20/><E121/><V130/><F130/><W53/><G102/><T98/><D119/><U73/><E79/><N who="2" m="44263" /><F56/><W51/><G105/><T82/><D66/><U49/><E73/><V86/><F7/><W34/><G34/><T50/><D50/><U47/><E58/><V32/><F86/><W35/><G35/><T88/><D103/><U67/><E22/><N who="2" m="13383" /><F65/><W30/><G30/><T59/><REACH who="0" step="1"/><D107/><REACH who="0" ten="232,220,168,370" step="2"/><U57/><E106/><V99/><F29/><W63/><G18/><T37/><D37/><U80/><E67/><V39/><F36/><W91/><G115/><T131/><D131/><U5/><E57/><V44/><F99/><W129/><G129/><T83/><D83/><U92/><REACH who="1" step="1"/><E80/><REACH who="1" ten="232,210,168,370" step="2"/><V97/><F97/><W84/><G113/><T101/><D101/><U31/><E31/><V9/><AGARI ba="0,2" hai="3,6,9,32,33,39,41,44" m="13383,44263" machi="9" ten="30,3000,0" yaku="25,1,54,1" doraHai="85" who="2" fromWho="2" sc="232,-10,210,-10,168,50,370,-10" /><INIT seed="2,1,0,5,3,115" ten="222,200,218,360" oya="2" hai0="48,127,73,131,123,49,116,86,60,28,20,118,32" hai1="103,62,72,64,67,78,112,2,75,18,77,108,124" hai2="54,24,10,133,114,13,68,121,91,27,40,135,42" hai3="1,11,63,85,37,122,26,52,58,3,76,71,110"/><V87/><F114/><W107/><G37/><T128/><D73/><U51/><E112/><V47/><F68/><W5/><G107/><T23/><D123/><U130/><E2/><V16/><F121/><W100/><G100/><T79/><D127/><U102/><E124/><V120/><F120/><W45/><G110/><T70/><D32/><U25/><E108/><V105/><F105/><W9/><G122/><T31/><D70/><U88/><E130/><N who="0" m="49705" /><D60/><U44/><E72/><V113/><F113/><W93/><G71/><T101/><D101/><N who="1" m="38411" /><E75/><V83/><F42/><W53/><G26/><N who="2" m="9769" /><F40/><W82/><G93/><T29/><D79/><N who="1" m="30219" /><E62/><V132/><F54/><W38/><G38/><T96/><D86/><U46/><E18/><V97/><F97/><W39/><G39/><T14/><D96/><U22/><E22/><N who="0" m="8233" /><D14/><U99/><E25/><V94/><F47/><N who="1" m="17961" /><E51/><AGARI ba="1,0" hai="28,29,31,48,49,51,116,118" m="8233,49705" machi="51" ten="40,8000,1" yaku="28,2,19,1,52,2" doraHai="115" who="0" fromWho="1" sc="222,83,200,-83,218,0,360,0" /><INIT seed="3,0,0,1,2,29" ten="305,117,218,360" oya="3" hai0="65,28,22,60,135,15,107,18,20,56,97,31,66" hai1="72,81,24,126,91,33,58,96,0,5,90,93,103" hai2="54,12,32,80,19,42,46,102,26,123,117,133,112" hai3="16,47,92,51,130,113,3,39,53,40,27,49,11"/><W25/><G113/><T69/><D135/><U23/><E126/><V125/><F117/><W7/><G130/><T62/><D107/><U77/><E33/><V55/><F112/><W6/><G6/><T44/><D97/><U67/><E5/><V128/><F125/><W75/><G75/><T74/><D74/><U17/><E0/><V9/><F133/><W2/><G39/><T95/><D95/><U129/><E129/><V120/><F102/><W110/><G110/><T109/><D109/><U71/><E71/><V98/><F98/><W13/><G92/><T70/><D56/><U132/><E132/><V78/><F128/><W88/><G88/><T104/><D104/><U105/><E105/><V131/><F131/><W59/><REACH who="3" step="1"/><G2/><REACH who="3" ten="305,117,218,350" step="2"/><T41/><D22/><AGARI ba="0,1" hai="3,7,11,13,16,22,25,27,40,47,49,51,53,59" machi="22" ten="30,11600,0" yaku="1,1,2,1,7,1,54,1,53,0" doraHai="29" doraHaiUra="61" who="3" fromWho="0" sc="305,-116,117,0,218,0,350,126" /><INIT seed="3,1,0,2,4,42" ten="189,117,218,476" oya="3" hai0="68,34,98,7,41,72,89,78,107,44,30,112,124" hai1="58,97,100,27,43,18,57,126,9,62,33,1,29" hai2="5,117,59,65,82,79,36,87,55,99,40,129,96" hai3="119,102,86,8,81,75,39,92,123,16,25,90,103"/><W69/><G69/><T14/><D124/><U10/><E126/><V105/><F117/><W74/><G119/><T93/><D112/><U17/><E58/><V63/><F129/><W83/><G39/><T2/><D68/><U94/><E43/><V132/><F132/><W38/><G38/><T0/><D14/><U11/><REACH who="1" step="1"/><E1/><REACH who="1" ten="189,107,218,476" step="2"/><V19/><F40/><W114/><G114/><T23/><D2/><U64/><AGARI ba="1,1" hai="9,10,11,17,18,27,29,33,57,62,64,94,97,100" machi="64" ten="30,4000,0" yaku="1,1,2,1,0,1,53,0" doraHai="42" doraHaiUra="127" who="1" fromWho="1" sc="189,-11,107,53,218,-11,476,-21" /><INIT seed="4,0,0,5,0,63" ten="178,160,207,455" oya="0" hai0="76,54,30,73,15,56,84,131,8,60,49,99,36" hai1="89,116,108,77,91,18,6,21,118,117,123,81,12" hai2="5,50,16,9,35,90,31,125,47,44,41,95,113" hai3="120,87,45,101,67,85,106,2,93,0,62,88,51"/><T38/><D131/><U128/><E108/><V65/><F113/><W27/><G120/><T66/><D73/><U23/><E123/><V7/><F125/><W72/><G72/><T135/><D135/><U48/><E128/><V43/><F31/><W127/><G127/><T79/><D30/><U83/><E6/><V126/><F35/><W24/><G87/><T74/><D74/><U133/><E133/><V102/><F102/><W55/><G2/><T78/><D99/><U52/><E23/><V11/><F65/><W22/><G0/><T97/><D97/><U119/><N who="1" m="29696" /><DORA hai="29" /><U111/><E111/><V58/><F58/><W64/><G27/><T61/><D61/><U124/><E124/><V109/><F109/><W86/><G86/><T13/><D84/><U25/><E25/><V114/><F114/><W57/><G101/><T107/><D107/><U115/><E115/><V130/><F130/><W32/><G32/><T1/><D1/><U53/><E77/><V70/><F70/><W4/><G4/><T19/><REACH who="0" step="1"/><D15/><REACH who="0" ten="168,160,207,455" step="2"/><U28/><E28/><V10/><F126/><W92/><G106/><T20/><D20/><U75/><E75/><V3/><F3/><W110/><G110/><T26/><D26/><U14/><E14/><V98/><F16/><N who="3" m="12359" /><G93/><T33/><D33/><U17/><E17/><V68/><F10/><W37/><G37/><T42/><D42/><AGARI ba="0,1" hai="42,45,51,55,57,62,64,67,85,88,92" m="12359" machi="42" ten="30,8000,1" yaku="8,1,52,2,54,2" doraHai="63,29" who="3" fromWho="0" sc="168,-80,160,0,207,0,455,90" /><INIT seed="5,0,0,2,5,95" ten="88,160,207,545" oya="1" hai0="128,9,2,117,103,1,132,90,34,43,91,118,110" hai1="53,74,35,101,135,67,16,14,5,130,114,25,24" hai2="54,7,122,6,98,8,92,15,71,105,26,76,121" hai3="78,29,72,10,106,104,30,88,84,75,80,13,11"/><U48/><E74/><V94/><F105/><W36/><G72/><T27/><D110/><U126/><E114/><V97/><F71/><W81/><G36/><T102/><D43/><U99/><E130/><V69/><F69/><W131/><G131/><T22/><D34/><U28/><E135/><V87/><F26/><W31/><REACH who="3" step="1"/><G11/><REACH who="3" ten="88,160,207,535" step="2"/><T60/><D128/><U39/><E39/><V113/><F113/><W107/><G107/><T62/><D9/><U49/><E126/><V50/><F121/><W70/><G70/><T46/><D132/><U61/><E49/><V82/><F122/><W93/><G93/><T108/><D108/><U45/><E48/><V41/><F92/><W42/><G42/><T51/><D51/><U12/><E61/><V63/><F63/><W0/><G0/><T119/><D118/><U123/><E123/><V112/><F41/><W4/><AGARI ba="0,1" hai="4,10,13,29,30,31,75,78,80,81,84,88,104,106" machi="4" ten="30,4000,0" yaku="1,1,0,1,54,1,53,0" doraHai="95" doraHaiUra="68" who="3" fromWho="3" sc="88,-10,160,-20,207,-10,535,50" /><INIT seed="6,0,0,5,3,73" ten="78,140,197,585" oya="2" hai0="24,70,15,27,54,132,30,42,102,90,109,52,124" hai1="87,121,91,112,4,123,23,48,107,0,22,131,29" hai2="111,37,8,72,18,77,16,76,56,47,5,104,50" hai3="61,45,134,26,97,6,34,89,74,85,62,38,83"/><V32/><F32/><W133/><G6/><T68/><D109/><U128/><E107/><V125/><F37/><W20/><G34/><T49/><D102/><U58/><E112/><V86/><F72/><W65/><G97/><T82/><D124/><U80/><E0/><V126/><F104/><W92/><G38/><T135/><D15/><U127/><E4/><V120/><F56/><W1/><G45/><T28/><D42/><U79/><E127/><N who="2" m="48651" /><F120/><N who="1" m="46153" /><E29/><V84/><F84/><W19/><G1/><T129/><D90/><U33/><E33/><V36/><F36/><W78/><G62/><T106/><D106/><U25/><E91/><V53/><F111/><W110/><G110/><T108/><D108/><U43/><E25/><V116/><F116/><W46/><REACH who="3" step="1"/><G46/><REACH who="3" ten="78,140,197,575" step="2"/><T105/><D105/><U63/><E43/><V66/><F66/><W2/><G2/><T31/><D28/><U96/><E96/><V81/><F5/><W100/><G100/><T44/><D44/><U9/><E48/><V115/><F115/><W3/><G3/><T35/><D35/><U122/><E122/><V57/><F47/><W94/><G94/><T118/><D118/><U113/><E113/><V11/><F50/><W114/><G114/><T98/><D98/><U101/><E101/><V17/><F53/><W93/><G93/><T55/><D54/><N who="1" m="34263" /><E131/><V12/><F12/><W67/><G67/><T103/><D103/><U88/><E128/><V99/><F99/><W60/><G60/><T7/><D49/><U71/><E80/><N who="2" m="47367" /><F57/><AGARI ba="0,1" hai="19,20,26,57,61,65,74,78,83,85,89,92,133,134" machi="57" ten="40,5200,0" yaku="1,1,52,1,53,1" doraHai="73" doraHaiUra="21" who="3" fromWho="2" sc="78,0,140,0,197,-52,575,62" /><INIT seed="7,0,0,0,4,124" ten="78,140,145,637" oya="3" hai0="55,70,46,117,24,81,1,79,67,2,28,62,61" hai1="103,120,87,8,39,60,119,107,99,134,114,36,85" hai2="29,6,59,106,82,23,19,47,118,105,66,7,110" hai3="135,92,77,21,51,129,130,98,16,12,96,116,4"/><W83/><G116/><T64/><D117/><U58/><E119/><V76/><F118/><RYUUKYOKU type="kaze4" ba="0,0" sc="78,0,140,0,145,0,637,0" /><INIT seed="7,1,0,2,4,46" ten="78,140,145,637" oya="3" hai0="6,76,1,116,10,40,118,5,106,8,83,27,86" hai1="57,68,79,121,42,36,102,56,29,119,115,73,96" hai2="103,133,117,35,28,88,108,124,12,93,72,114,92" hai3="64,25,51,128,45,107,130,58,109,75,122,3,66"/><W44/><G3/><T13/><D106/><U49/><E121/><V26/><F108/><W71/><G75/><T21/><REACH who="0" step="1"/><D40/><REACH who="0" ten="68,140,145,637" step="2"/><U67/><E42/><V70/><F117/><W132/><G107/><T9/><D9/><U110/><E119/><V120/><F120/><W15/><G109/><T41/><D41/><U77/><E110/><V84/><F124/><W33/><G122/><T104/><D104/><U55/><E115/><V99/><F114/><W16/><G132/><T59/><D59/><U91/><E56/><V60/><F133/><W39/><G71/><T111/><D111/><U69/><E69/><V94/><F70/><W24/><G33/><T81/><D81/><U125/><E125/><V48/><F35/><W18/><G39/><T100/><D100/><U22/><E102/><V135/><F103/><W82/><G58/><T63/><D63/><N who="1" m="38383" /><E36/><V38/><F60/><W87/><G82/><T17/><AGARI ba="1,1" hai="1,5,6,8,10,13,17,21,27,76,83,86,116,118" machi="17" ten="20,8000,1" yaku="1,1,0,1,7,1,53,2" doraHai="46" doraHaiUra="7" who="0" fromWho="0" sc="68,93,140,-21,145,-21,637,-41" owari="161,-4.0,119,-38.0,124,-28.0,596,70.0" /></mjloggm>