<mjloggm ver="2.3"><GO type="169" lobby="0"/><UN n0="%EF%BC%B3%E3%81%9E%E3%81%88%E2%98%86" n1="%E6%8C%AF%E8%BE%BC%E5%A4%AA%E9%99%BD" n2="%E5%B0%B1%E6%B4%BB%E7%94%9F%40%E5%B7%9D%E6%9D%91%E8%BB%8D%E5%9B%A3" n3="%E5%80%89%E6%A9%8B%EF%BC%A0%E4%BA%8B%E5%8B%99" dan="17,16,17,17" rate="2103.10,2088.78,2220.50,2201.11" sx="M,M,M,M"/><TAIKYOKU oya="0"/><INIT seed="0,0,0,5,3,121" ten="250,250,250,250" oya="0" hai0="90,19,38,63,106,82,93,91,122,11,18,79,14" hai1="104,10,26,3,53,74,39,47,105,99,85,92,62" hai2="54,8,109,21,32,133,101,34,76,48,2,6,52" hai3="24,123,50,127,0,56,45,17,129,134,94,35,46"/><T23/><D106/><U117/><E74/><V103/><F133/><W13/><G0/><T43/><D122/><U12/><E3/><V95/><F76/><W5/><G123/><T102/><D102/><U114/><E114/><V15/><F109/><W89/><G134/><T132/><D132/><U128/><E128/><V65/><F65/><W59/><G129/><T126/><D126/><U42/><E85/><V107/><F107/><W100/><G127/><T75/><D63/><U71/><E26/><V108/><F108/><W72/><G72/><T28/><D28/><U37/><E37/><V86/><F54/><W83/><G5/><T33/><D33/><U55/><E117/><V125/><F125/><W25/><G46/><T41/><D38/><U29/><E29/><V44/><F101/><W120/><G100/><T135/><D135/><U27/><E27/><V87/><F87/><W20/><G83/><T88/><REACH who="0" step="1"/><D93/><REACH who="0" ten="240,250,250,250" step="2"/><U81/><E105/><V111/><F111/><W68/><G35/><T110/><D110/><U97/><E104/><V113/><F113/><W9/><G120/><T31/><D31/><U36/><E36/><V116/><F116/><W115/><G115/><T57/><D57/><U49/><E39/><V130/><F130/><W70/><G56/><T30/><D30/><U7/><E92/><V60/><F60/><W131/><G59/><T22/><D22/><U84/><E62/><V61/><F61/><W73/><G131/><T119/><D119/><U80/><E71/><N who="3" m="27178" /><G20/><T16/><D16/><U67/><E7/><V4/><F4/><W40/><G73/><RYUUKYOKU ba="0,1" sc="240,15,250,-15,250,-15,250,15" hai0="11,14,18,19,23,41,43,75,79,82,88,90,91" hai3="9,13,17,24,25,40,45,50,89,94" /><INIT seed="0,1,1,0,1,74" ten="255,235,235,265" oya="0" hai0="55,85,69,129,18,133,125,135,20,12,105,1,131" hai1="47,3,101,56,80,94,52,81,4,43,22,98,11" hai2="82,116,130,108,2,114,0,71,93,60,28,58,122" hai3="134,53,128,119,49,67,35,15,61,45,6,118,9"/><T110/><D1/><U70/><E70/><V57/><F122/><W16/><G134/><N who="0" m="51211" /><D69/><U8/><E8/><V106/><F106/><W87/><G128/><N who="0" m="49227" /><D105/><U88/><E22/><V40/><F40/><W121/><G35/><T26/><D110/><U27/><E27/><V7/><F7/><W115/><G115/><T75/><D75/><U59/><E59/><V46/><F58/><W78/><G121/><T97/><D97/><U10/><E10/><V92/><F57/><W66/><G6/><T21/><D55/><U39/><REACH who="1" step="1"/><E101/><REACH who="1" ten="255,225,235,265" step="2"/><V37/><F71/><W44/><G9/><T90/><D21/><U96/><E96/><V14/><F130/><W25/><G25/><T107/><D26/><U77/><E77/><V91/><F2/><W102/><G78/><T68/><D68/><U48/><AGARI ba="1,2" hai="3,4,11,39,43,47,48,52,56,80,81,88,94,98" machi="48" ten="20,12000,2" yaku="1,1,0,1,7,1,54,2,53,1" doraHai="74" doraHaiUra="36" who="1" fromWho="1" sc="255,-61,225,143,235,-31,265,-31" /><INIT seed="1,0,0,4,2,68" ten="194,368,204,234" oya="1" hai0="121,105,60,127,118,123,38,9,70,84,113,50,125" hai1="124,101,1,114,82,64,0,41,6,54,131,28,46" hai2="12,79,19,22,97,58,120,23,21,102,111,89,42" hai3="45,106,48,100,27,33,39,135,72,91,92,44,94"/><U32/><E114/><V29/><F120/><N who="0" m="46154" /><D113/><U31/><E131/><V132/><F132/><W14/><G135/><T51/><D105/><U80/><E124/><N who="0" m="47689" /><D84/><U129/><E129/><V20/><F111/><W65/><G72/><T17/><D118/><U49/><E64/><V93/><F29/><W99/><G65/><N who="0" m="41255" /><D38/><U47/><E101/><V90/><F79/><W69/><G39/><T108/><D108/><U57/><E32/><V116/><F116/><W98/><G100/><T109/><D109/><U37/><E82/><V115/><F115/><W16/><G106/><T5/><D17/><U62/><E80/><V18/><F18/><W78/><G16/><T87/><D87/><U15/><E31/><V130/><F130/><W119/><G33/><T53/><D53/><U85/><E28/><V43/><F43/><W55/><G55/><T126/><N who="0" m="47697" /><T8/><DORA hai="40" /><D8/><U96/><E85/><V36/><F36/><W24/><G119/><T10/><D10/><U26/><E37/><V77/><F42/><W34/><G34/><T35/><D35/><U103/><E41/><V4/><F77/><W81/><G78/><T104/><D104/><U61/><E54/><V107/><F4/><W2/><G99/><T11/><D11/><U83/><E96/><V71/><F107/><W133/><G98/><T52/><D52/><U30/><E30/><V134/><F134/><W67/><G133/><T86/><D86/><U56/><E6/><V25/><F12/><AGARI ba="0,0" hai="5,9,12,50,51" m="41255,47697,46154" machi="12" ten="40,2600,0" yaku="13,1,18,1" doraHai="68,40" who="0" fromWho="2" sc="194,26,368,0,204,-26,234,0" /><INIT seed="2,0,0,3,2,8" ten="220,368,178,234" oya="2" hai0="120,64,83,92,0,119,42,113,100,27,125,123,68" hai1="62,16,95,7,31,6,102,54,29,66,79,72,101" hai2="15,108,14,84,134,43,23,105,127,107,130,45,80" hai3="76,114,74,24,121,33,75,65,55,40,73,46,34"/><V96/><F130/><W41/><G121/><T110/><D0/><U37/><E37/><V91/><F134/><W132/><G132/><T128/><D113/><U48/><E72/><V109/><F127/><W89/><G114/><T2/><D2/><U111/><E79/><V5/><F5/><N who="1" m="1545" /><E111/><N who="2" m="42571" /><F23/><W61/><G76/><T70/><D27/><U103/><E95/><V90/><F90/><W57/><G89/><T86/><D64/><U21/><E66/><V9/><F9/><W59/><G24/><T94/><D100/><U124/><E62/><V36/><F96/><W106/><G106/><AGARI ba="0,0" hai="14,15,36,43,45,80,84,91,105,106,107" m="42571" machi="106" ten="30,11600,0" yaku="14,1,10,1,52,2" doraHai="8" who="2" fromWho="3" sc="220,0,368,0,178,116,234,-116" /><INIT seed="2,1,0,4,2,10" ten="220,368,294,118" oya="2" hai0="83,117,93,13,95,73,65,110,111,57,61,36,33" hai1="12,3,41,87,31,16,109,5,85,30,21,129,91" hai2="56,118,78,53,50,20,98,25,80,72,92,71,115" hai3="55,126,120,81,131,47,104,70,134,23,43,54,58"/><V77/><F115/><W69/><G104/><T89/><D36/><U38/><E109/><N who="0" m="41481" /><D117/><U124/><E129/><V15/><F118/><W100/><G120/><T116/><D116/><U121/><E124/><V49/><F71/><W64/><G126/><T32/><D13/><U18/><E121/><V60/><F78/><W17/><G131/><T26/><D26/><N who="1" m="14647" /><E5/><V125/><F125/><W6/><G134/><T86/><D73/><U1/><E3/><V74/><F74/><W68/><G6/><T105/><D105/><U19/><E19/><V132/><F132/><W0/><G100/><T79/><D79/><U8/><E1/><V62/><F62/><N who="3" m="37975" /><G17/><T63/><D61/><U101/><E38/><V7/><F7/><W29/><G23/><T108/><D108/><U133/><E133/><V45/><F45/><W52/><G29/><N who="1" m="10762" /><E41/><V107/><F107/><W14/><G0/><T84/><D84/><N who="1" m="32331" /><E91/><V123/><F123/><W130/><G81/><T22/><D22/><U103/><AGARI ba="1,0" hai="8,12,16,101,103" m="32331,10762,14647" machi="103" ten="30,4000,0" yaku="8,1,52,1,54,1" doraHai="10" who="1" fromWho="1" sc="220,-11,368,43,294,-21,118,-11" /><INIT seed="3,0,0,2,5,52" ten="209,411,273,107" oya="3" hai0="89,101,92,27,76,36,119,32,21,129,133,104,97" hai1="0,93,66,82,60,39,118,103,24,90,19,122,120" hai2="9,116,87,65,121,74,26,71,128,94,107,54,56" hai3="57,79,131,125,12,14,75,69,43,48,61,72,40"/><W41/><G131/><T80/><D119/><U96/><E39/><V62/><F107/><W35/><G35/><T106/><D129/><U6/><E118/><V5/><F116/><W64/><G125/><T105/><D133/><U127/><E127/><V29/><F74/><W117/><G117/><T95/><D36/><U130/><E130/><V115/><F128/><W134/><G134/><T44/><D44/><U77/><E90/><V4/><F115/><W34/><G34/><T98/><D32/><U109/><E109/><V99/><F87/><W86/><G86/><N who="0" m="52279" /><D21/><U55/><E55/><V85/><F85/><W51/><G79/><T108/><D27/><U25/><E25/><V123/><F26/><W67/><G40/><T30/><D30/><U45/><E45/><V113/><F29/><W28/><G28/><T135/><D135/><U22/><E6/><V7/><F9/><W50/><G50/><T38/><D38/><U13/><E0/><V18/><F18/><W3/><G61/><T37/><D37/><U63/><E63/><V1/><F1/><W33/><G33/><T20/><D20/><U73/><REACH who="1" step="1"/><E24/><REACH who="1" ten="209,401,273,107" step="2"/><V2/><F2/><W58/><G3/><T59/><D108/><U31/><E31/><V81/><F113/><W114/><G114/><T70/><D76/><U112/><E112/><V124/><F124/><W78/><G78/><T126/><D126/><U47/><E47/><V110/><F110/><W100/><G100/><T16/><D101/><U8/><E8/><V42/><F62/><W23/><G23/><T46/><D46/><U17/><E17/><RYUUKYOKU ba="0,1" sc="209,-15,401,15,273,-15,107,15" hai1="13,19,22,60,66,73,77,82,93,96,103,120,122" hai3="12,14,41,43,48,51,57,58,64,67,69,72,75" /><INIT seed="3,1,1,2,4,123" ten="194,416,258,122" oya="3" hai0="56,20,83,131,42,37,52,45,51,3,130,18,85" hai1="24,119,57,108,64,68,107,31,1,69,32,15,53" hai2="114,77,11,129,55,120,86,100,61,125,106,5,49" hai3="65,16,84,128,121,19,91,10,62,9,35,72,6"/><W54/><G121/><T7/><D7/><U118/><E107/><V79/><F114/><W22/><G35/><T116/><D3/><U26/><E1/><V30/><F120/><W127/><G72/><T90/><REACH who="0" step="1"/><D116/><REACH who="0" ten="184,416,258,122" step="2"/><U82/><E119/><V63/><F5/><W0/><G128/><T96/><D96/><U97/><E118/><V94/><F129/><W124/><G124/><T102/><D102/><U17/><E97/><V28/><F100/><W60/><G127/><T4/><D4/><U112/><E112/><V122/><F122/><W81/><G0/><T135/><D135/><U70/><E70/><V75/><F125/><W105/><G6/><T38/><D38/><U132/><E69/><V92/><F75/><W74/><G74/><T73/><D73/><U87/><E68/><V117/><F86/><W14/><G105/><T2/><D2/><U101/><E101/><V33/><F106/><W27/><G54/><T98/><D98/><U134/><E53/><V78/><F55/><W66/><REACH who="3" step="1"/><G9/><REACH who="3" ten="184,416,258,112" step="2"/><T44/><D44/><U110/><E132/><V43/><F11/><W39/><G39/><T115/><D115/><U41/><E134/><V29/><F117/><W99/><G99/><T59/><D59/><U46/><E57/><V8/><F8/><W88/><G88/><T80/><D80/><U47/><E82/><V40/><F92/><W126/><G126/><T34/><D34/><U109/><E32/><V111/><F33/><W104/><G104/><T113/><D113/><U93/><E93/><V21/><F94/><W36/><G36/><T50/><D50/><RYUUKYOKU ba="1,3" sc="184,15,416,-15,258,-15,112,15" hai0="18,20,37,42,45,51,52,56,83,85,90,130,131" hai3="10,14,16,19,22,27,60,62,65,66,81,84,91" /><INIT seed="3,2,3,5,1,112" ten="199,401,243,127" oya="3" hai0="46,124,47,3,6,15,68,64,113,102,14,92,51" hai1="96,52,57,16,69,37,132,20,120,30,103,97,116" hai2="105,85,1,111,94,77,49,135,107,55,27,115,21" hai3="43,133,134,106,8,122,128,36,114,95,98,4,18"/><W131/><G106/><T91/><D113/><U25/><E120/><V101/><F115/><W24/><G114/><T23/><D102/><U118/><E69/><V129/><F1/><W53/><G43/><T72/><D72/><U108/><E37/><V80/><F129/><N who="3" m="49739" /><G36/><T127/><D64/><U84/><E108/><V31/><F111/><W34/><G53/><T40/><D68/><U41/><E41/><V28/><F135/><N who="3" m="51723" /><G122/><T89/><D47/><U75/><E75/><V62/><F62/><W58/><G58/><T5/><D89/><U130/><E130/><V123/><F123/><W76/><G76/><T88/><D91/><U81/><E132/><V74/><F31/><N who="3" m="19815" /><G18/><T83/><D40/><U35/><E35/><V109/><F109/><W119/><G119/><N who="1" m="45610" /><E30/><V33/><F33/><W2/><G95/><T54/><D92/><U22/><E22/><V38/><F38/><W87/><G87/><T63/><D23/><U12/><E25/><V70/><F70/><W67/><G98/><T100/><D83/><U78/><E103/><V44/><F74/><W56/><G56/><T86/><D100/><U82/><E82/><V73/><F73/><W66/><AGARI ba="2,3" hai="2,4,8,66,67" m="19815,51723,49739" machi="66" ten="40,3900,0" yaku="19,1,20,1" doraHai="112" who="3" fromWho="3" sc="199,-15,401,-15,243,-15,127,75" /><INIT seed="3,3,0,0,1,126" ten="184,386,228,202" oya="3" hai0="7,99,133,49,68,102,52,18,118,117,38,10,114" hai1="23,125,8,24,19,42,57,3,106,67,70,46,90" hai2="115,4,119,65,60,61,43,2,78,47,0,28,41" hai3="34,74,103,6,94,108,100,92,56,27,69,25,5"/><W109/><G56/><T105/><D133/><U51/><E106/><V79/><F115/><W63/><G63/><T89/><D114/><U75/><E75/><V13/><F28/><W95/><G74/><T80/><D38/><U14/><E125/><V17/><F4/><N who="3" m="1643" /><G69/><T55/><D68/><U104/><E104/><V33/><F33/><W127/><G34/><T123/><D123/><U124/><E124/><V39/><F119/><W20/><G20/><T111/><D111/><N who="3" m="42569" /><G127/><T21/><D89/><U132/><E132/><V37/><F17/><W59/><G59/><T122/><D80/><U110/><E70/><V98/><F13/><W30/><G30/><T130/><D122/><U48/><E110/><V116/><F47/><W135/><G135/><T35/><D35/><U101/><E57/><V31/><F31/><W32/><G32/><T62/><D62/><U9/><E23/><V66/><F116/><W112/><G112/><T12/><D118/><U128/><E46/><V44/><F44/><W91/><G91/><T88/><D88/><U97/><E90/><V36/><F36/><W134/><G134/><T53/><D117/><U40/><E67/><V93/><F98/><W58/><G58/><T73/><D73/><U26/><E97/><V87/><F87/><W131/><G131/><T64/><D130/><U107/><E128/><V76/><F76/><W86/><G86/><T71/><D71/><U45/><E45/><V77/><F78/><W50/><G50/><T113/><D113/><U72/><E48/><V96/><F96/><W22/><G22/><T29/><D21/><RYUUKYOKU ba="3,0" sc="184,-15,386,-15,228,15,202,15" hai2="0,2,37,39,41,43,60,61,65,66,77,79,93" hai3="25,27,92,94,95,100,103" /><INIT seed="3,4,0,2,1,7" ten="169,371,243,217" oya="3" hai0="16,86,107,40,9,30,114,129,19,81,110,61,93" hai1="51,42,54,50,130,60,80,113,27,87,83,100,4" hai2="109,120,121,65,56,44,101,96,22,64,6,74,24" hai3="95,103,115,43,55,62,5,26,32,17,53,88,0"/><W126/><G115/><T36/><D107/><U2/><E113/><V38/><F109/><W134/><G126/><T58/><D114/><U118/><E130/><V18/><F74/><W72/><G134/><T132/><D132/><U66/><E118/><V12/><F38/><W37/><G72/><T13/><D110/><U79/><E100/><V106/><F44/><W111/><G103/><T84/><D129/><U49/><E2/><V92/><F106/><W102/><G102/><T21/><D40/><U8/><E42/><V116/><F116/><W73/><G73/><T131/><D36/><U125/><E27/><V124/><F124/><W39/><G62/><T45/><D45/><U76/><E8/><N who="2" m="4119" /><F56/><W15/><G0/><T119/><D119/><U34/><E4/><V117/><F117/><W94/><G5/><N who="0" m="3247" /><D131/><U41/><E34/><V77/><F77/><W23/><G111/><T135/><D135/><U71/><E41/><V90/><F101/><W31/><G95/><T108/><D93/><U75/><REACH who="1" step="1"/><E125/><REACH who="1" ten="169,361,243,217" step="2"/><V57/><F121/><W91/><G43/><T98/><D108/><U89/><E89/><V105/><F105/><W63/><G39/><T97/><D30/><U70/><E70/><V10/><F120/><W3/><G37/><T127/><D127/><U1/><E1/><V33/><F33/><W25/><G3/><T35/><D35/><U46/><AGARI ba="4,1" hai="46,49,50,51,54,60,66,71,75,76,79,80,83,87" machi="46" ten="20,2700,0" yaku="1,1,0,1,7,1,53,0" doraHai="7" doraHaiUra="28" who="1" fromWho="1" sc="169,-11,361,49,243,-11,217,-17" /><INIT seed="4,0,0,2,4,77" ten="158,410,232,200" oya="0" hai0="80,5,75,98,90,73,23,62,20,81,2,85,74" hai1="3,43,8,7,24,95,113,105,126,96,4,29,125" hai2="76,26,82,0,106,11,114,31,37,135,22,32,12" hai3="88,57,50,108,42,14,122,41,40,9,134,6,27"/><T94/><D81/><U79/><E105/><V93/><F106/><W116/><G108/><T35/><D35/><U66/><E66/><V58/><F37/><W119/><G134/><T129/><D129/><U92/><E43/><V48/><F135/><W101/><G101/><T133/><D133/><U104/><E7/><V132/><F132/><W33/><G122/><T123/><D123/><U25/><E25/><V17/><F93/><W69/><G69/><T18/><D62/><U45/><E45/><V70/><F70/><W109/><G109/><T131/><D131/><U127/><E79/><V44/><F58/><W47/><G57/><T13/><D5/><U130/><E113/><V65/><F65/><W100/><G100/><T78/><REACH who="0" step="1"/><D2/><REACH who="0" ten="148,410,232,200" step="2"/><U28/><E130/><V72/><F114/><W124/><G6/><T67/><D67/><U55/><E3/><V59/><F0/><W87/><G33/><T84/><D84/><U21/><E4/><V117/><F117/><W51/><G87/><T63/><D63/><U54/><E125/><V60/><F32/><W15/><G124/><T53/><D53/><U83/><E55/><V91/><F82/><W34/><G34/><T56/><D56/><U121/><E83/><V38/><F59/><W52/><G52/><T19/><D19/><U111/><E121/><V120/><F17/><W112/><G112/><T46/><D46/><U110/><E126/><V103/><F44/><W115/><G115/><T61/><D61/><U16/><E127/><V10/><F60/><W49/><G119/><T128/><D128/><U30/><E111/><RYUUKYOKU ba="0,1" sc="148,30,410,-10,232,-10,200,-10" hai0="13,18,20,23,73,74,75,78,80,85,90,94,98" /><INIT seed="4,1,1,4,1,110" ten="178,400,222,190" oya="0" hai0="63,11,129,4,119,127,6,10,37,68,23,43,126" hai1="96,123,72,44,75,5,49,46,97,121,69,124,111" hai2="94,84,61,45,64,107,22,102,73,118,106,33,50" hai3="24,39,113,29,16,100,17,30,67,52,47,65,91"/><T112/><D119/><U70/><E5/><V9/><F33/><W108/><G108/><T12/><D129/><U32/><E111/><V133/><F73/><W28/><G100/><T34/><D34/><U71/><E32/><V92/><F133/><W2/><G2/><T134/><D134/><U128/><E69/><V42/><F118/><W101/><G101/><T18/><D43/><U60/><E49/><V27/><F9/><N who="0" m="3082" /><D37/><U57/><E57/><V95/><F84/><W21/><G39/><T13/><D63/><U25/><E60/><V53/><F42/><W85/><G17/><N who="0" m="10671" /><D68/><U79/><E128/><V20/><F20/><W40/><G113/><T58/><D58/><U135/><E135/><V55/><F55/><W41/><G41/><T88/><D88/><U115/><E71/><V26/><F26/><W83/><REACH who="3" step="1"/><G40/><REACH who="3" ten="178,400,222,180" step="2"/><T38/><D112/><U3/><E115/><V99/><F107/><W80/><G80/><T77/><D38/><U48/><E3/><V8/><F106/><W90/><G90/><T35/><D77/><U56/><E79/><V109/><F109/><W130/><G130/><T0/><D0/><U51/><E121/><V76/><F76/><W86/><G86/><T74/><D74/><U120/><E120/><V59/><F8/><W132/><G132/><T125/><D35/><U7/><E123/><V116/><F116/><W93/><G93/><T81/><D81/><U98/><E75/><V117/><F117/><W131/><G131/><T1/><D1/><U122/><E72/><V89/><F89/><W15/><G15/><T54/><D12/><RYUUKYOKU ba="1,2" sc="178,-15,400,-15,222,15,180,15" hai2="22,27,45,50,53,59,61,64,92,94,95,99,102" hai3="16,21,24,28,29,30,47,52,65,67,83,85,91" /><INIT seed="5,2,2,3,3,16" ten="163,385,237,195" oya="1" hai0="97,40,34,131,7,101,129,98,62,114,55,17,5" hai1="36,102,120,59,43,4,10,50,85,135,25,124,121" hai2="51,73,82,45,27,2,81,64,116,1,68,15,66" hai3="26,83,24,88,105,21,94,72,18,56,42,65,58"/><U11/><E36/><V80/><F116/><W53/><G105/><T48/><D34/><U113/><E113/><V12/><F73/><W30/><G42/><T74/><D74/><U107/><E107/><V108/><F108/><W130/><G130/><N who="0" m="49675" /><D114/><U115/><E115/><V61/><F66/><W126/><G126/><T125/><D125/><U41/><E102/><V60/><F27/><W75/><G65/><T95/><D40/><U128/><E124/><V78/><F78/><W46/><G46/><N who="0" m="28055" /><D62/><U84/><E128/><V117/><F60/><W133/><G133/><T71/><D71/><U132/><E43/><V87/><F117/><W9/><G72/><T77/><D77/><U28/><E41/><V86/><F51/><N who="3" m="30783" /><G75/><T109/><D109/><U35/><E50/><V52/><F45/><W122/><G122/><T31/><D31/><U99/><E120/><V14/><REACH who="2" step="1"/><F52/><REACH who="2" ten="163,385,227,195" step="2"/><W79/><G79/><T118/><D118/><U103/><E121/><V19/><F19/><W22/><G58/><T134/><D134/><U20/><E59/><V89/><F89/><W29/><G18/><T23/><D5/><U104/><E4/><V106/><F106/><W44/><G44/><T8/><D7/><U110/><E110/><V13/><N who="2" m="3584" /><DORA hai="127" /><V32/><F32/><W123/><G123/><T47/><D47/><U33/><E135/><V67/><F67/><W112/><G112/><T92/><D17/><U70/><E132/><V76/><F76/><W63/><G63/><T49/><D49/><U37/><E35/><V69/><F69/><W96/><G9/><T38/><D8/><RYUUKYOKU ba="2,3" sc="163,-15,385,-15,227,15,195,15" hai2="1,2,61,64,68,80,81,82,86,87" hai3="21,22,24,26,29,30,83,88,94,96" /><INIT seed="6,3,3,0,5,78" ten="148,370,242,210" oya="2" hai0="51,20,97,88,75,96,134,113,132,122,22,40,56" hai1="15,68,109,33,5,44,36,63,86,24,102,82,126" hai2="27,99,93,32,94,70,71,108,115,7,133,100,76" hai3="84,23,62,101,13,29,123,18,46,90,67,121,65"/><V120/><F120/><W37/><G101/><T52/><D122/><U50/><E109/><V4/><F115/><W118/><G118/><T48/><D113/><U119/><E126/><V11/><F108/><W129/><G129/><T26/><D75/><U17/><E36/><V6/><F133/><N who="0" m="51306" /><D22/><U0/><E102/><V87/><F11/><W80/><G29/><N who="0" m="17607" /><D88/><U64/><E5/><V59/><F59/><W79/><G65/><T30/><D30/><U89/><E0/><V19/><F32/><W41/><REACH who="3" step="1"/><G79/><REACH who="3" ten="148,370,242,200" step="2"/><T16/><D16/><U116/><E116/><V35/><F19/><W10/><G10/><T85/><D85/><U25/><E119/><V117/><F117/><W49/><G49/><N who="0" m="30735" /><D40/><U61/><E17/><V111/><F111/><W9/><G9/><T95/><D95/><U39/><E64/><V104/><F93/><W42/><G42/><T60/><D60/><U58/><E63/><V21/><F94/><W130/><G130/><T92/><D92/><U53/><E61/><V72/><F76/><W69/><AGARI ba="3,4" hai="13,18,23,37,41,46,62,67,69,80,84,90,121,123" machi="69" ten="20,5200,0" yaku="1,1,0,1,7,1,52,1,53,0" doraHai="78" doraHaiUra="47" who="3" fromWho="3" sc="148,-16,370,-16,242,-29,200,101" /><INIT seed="7,0,0,3,1,49" ten="132,354,213,301" oya="3" hai0="100,4,0,130,34,51,104,57,114,37,63,38,71" hai1="78,60,90,99,40,42,52,14,13,54,133,10,32" hai2="72,134,76,39,50,74,64,33,91,96,93,21,16" hai3="7,26,109,79,55,29,27,20,123,3,101,105,61"/><W129/><G123/><T15/><D130/><U1/><E32/><V132/><F39/><W135/><G129/><T117/><D117/><U31/><E1/><V113/><F33/><W87/><G135/><N who="2" m="51753" /><F113/><W108/><G105/><T5/><D114/><U23/><E78/><V80/><F64/><W86/><G101/><T125/><D125/><U110/><E110/><N who="3" m="42602" /><G79/><T62/><D34/><U127/><E127/><V102/><F50/><W24/><G3/><T43/><D71/><U84/><E99/><V89/><F72/><W19/><G7/><T115/><D115/><U18/><E133/><V41/><F41/><N who="1" m="15977" /><E60/><V77/><F77/><W6/><G6/><T9/><D63/><U44/><E44/><V58/><F58/><N who="3" m="35039" /><G29/><T116/><D116/><U83/><E31/><V120/><F120/><W48/><G48/><T75/><D75/><U59/><E59/><V97/><F97/><W124/><G124/><T94/><D104/><U119/><E119/><V69/><F69/><W122/><G122/><T128/><D128/><U118/><E118/><V68/><F68/><W56/><G56/><T107/><D107/><U106/><E106/><V36/><F36/><W11/><G11/><N who="0" m="4591" /><D51/><U8/><E8/><V70/><F70/><W66/><G66/><N who="0" m="39247" /><D43/><U53/><E10/><V45/><F45/><W47/><G47/><T22/><D22/><U2/><E2/><V25/><AGARI ba="0,0" hai="16,21,25,74,76,80,89,91,93,96,102" m="51753" machi="25" ten="30,2000,0" yaku="20,1,54,1" doraHai="49" who="2" fromWho="2" sc="132,-5,354,-5,213,20,301,-10" owari="127,-37.0,349,45.0,233,-17.0,291,9.0" /></mjloggm>