<mjloggm ver="2.3"><GO type="169" lobby="0"/><UN n0="%6D%73%69%67%65%72%75" n1="%E3%82%A6%E3%83%AB%E3%83%88%E3%83%A9%E7%AB%8B%E7%9B%B4" n2="%E3%81%86%E3%82%8B%E3%81%95%E3%81%84%E3%81%AF%E8%A4%92%E3%82%81%E8%A9%9E" n3="%7A%6F%6F%31%39%36%34" dan="16,18,17,17" rate="2030.85,2212.05,2130.67,2198.98" sx="M,M,M,M"/><TAIKYOKU oya="0"/><INIT seed="0,0,0,3,1,42" ten="250,250,250,250" oya="0" hai0="56,73,85,129,35,69,37,118,31,71,30,19,6" hai1="82,40,54,124,24,67,127,99,12,110,4,1,101" hai2="100,122,78,83,115,104,91,47,112,65,80,49,120" hai3="41,11,63,131,7,68,87,2,84,5,116,29,51"/><T113/><D73/><U81/><E1/><V126/><F65/><W75/><G75/><T14/><D37/><U72/><E72/><N who="2" m="43079" /><F47/><W95/><G116/><T20/><D113/><N who="2" m="43594" /><F49/><W34/><G131/><T61/><D129/><U22/><E54/><V70/><F70/><W26/><G7/><T23/><D118/><U92/><E67/><V27/><F27/><W15/><G95/><T134/><D23/><U46/><E12/><V52/><F52/><W32/><G32/><T130/><D130/><U76/><E4/><V94/><F83/><W55/><G41/><T119/><D119/><U135/><E82/><V36/><F36/><W90/><G2/><T121/><D6/><U0/><E0/><V105/><F126/><W62/><G68/><T38/><D38/><U125/><E81/><V8/><F8/><W58/><G63/><T106/><D35/><U18/><E76/><V103/><F103/><W9/><G62/><T33/><D33/><U50/><REACH who="1" step="1"/><E110/><REACH who="1" ten="250,240,250,250" step="2"/><V53/><F53/><W45/><G15/><T10/><D14/><U39/><E39/><V128/><F128/><W44/><G5/><T89/><D69/><U108/><E108/><V93/><F122/><W79/><G79/><T88/><D71/><U97/><E97/><N who="2" m="59439" /><F120/><W17/><G55/><T107/><D121/><U77/><E77/><V25/><F25/><W60/><G26/><T86/><D10/><U21/><E21/><V74/><F74/><W133/><G9/><T98/><D20/><U57/><E57/><V66/><F66/><W43/><G11/><T3/><D56/><U48/><E48/><RYUUKYOKU ba="0,1" sc="250,-15,240,15,250,15,250,-15" hai1="18,22,24,40,46,50,92,99,101,124,125,127,135" hai2="91,94,104,105" /><INIT seed="1,1,1,0,1,109" ten="235,255,265,235" oya="1" hai0="28,69,81,9,48,40,63,135,134,4,68,103,115" hai1="80,102,55,89,100,86,49,8,129,24,91,127,31" hai2="126,35,94,78,87,131,32,39,71,11,45,120,107" hai3="56,74,108,47,123,75,3,93,53,43,97,10,124"/><U15/><E91/><V14/><F107/><W128/><G108/><T16/><D103/><U1/><E1/><V65/><F120/><W104/><G104/><T59/><D28/><U70/><E70/><V37/><F37/><W72/><G128/><T19/><D81/><U125/><E129/><V98/><F131/><W85/><G124/><T36/><D36/><U121/><E121/><V101/><F126/><N who="1" m="48137" /><E24/><V22/><F22/><W111/><G85/><T116/><D116/><U25/><E25/><V82/><F65/><W38/><G123/><T5/><D115/><U12/><E31/><V105/><F71/><W34/><G34/><T0/><D5/><N who="1" m="3087" /><E15/><V84/><F35/><W42/><G111/><T117/><D69/><U132/><E132/><N who="0" m="50729" /><D68/><U76/><E76/><V73/><F32/><W79/><G79/><T118/><D118/><U29/><E29/><V26/><F26/><W96/><G3/><T113/><D113/><U64/><E64/><V41/><F14/><W44/><G10/><T62/><D117/><U27/><E27/><V6/><F11/><W122/><G122/><T61/><D19/><U2/><E2/><V83/><F6/><W23/><G23/><T33/><D33/><U21/><E21/><V7/><F7/><W30/><G30/><T95/><D16/><U88/><E89/><N who="2" m="53567" /><F82/><W46/><G38/><T17/><D17/><U51/><E51/><V92/><F39/><W119/><G119/><T66/><D95/><U13/><E13/><V77/><F92/><W58/><G93/><T90/><D90/><U99/><E99/><V130/><F130/><RYUUKYOKU ba="1,1" sc="235,15,255,15,265,-15,235,-15" hai0="0,4,9,40,48,59,61,62,63,66" hai1="49,55,80,86,88,100,102" /><INIT seed="1,2,1,4,0,85" ten="250,270,250,220" oya="1" hai0="104,65,123,92,88,25,32,51,28,116,24,47,45" hai1="44,7,98,40,46,68,22,80,105,78,90,29,1" hai2="52,130,93,135,66,16,0,103,114,15,89,83,87" hai3="121,3,119,76,42,118,134,125,61,112,38,106,58"/><U81/><E68/><V94/><F0/><W95/><G95/><T14/><D104/><U26/><E1/><V49/><F114/><W54/><G76/><T113/><D113/><U79/><E7/><V108/><F108/><W4/><G106/><T31/><D116/><N who="3" m="44585" /><G4/><T124/><D124/><U53/><E53/><V115/><F115/><W69/><G3/><T71/><D123/><U62/><E62/><V77/><F66/><W101/><G101/><T18/><D65/><U70/><E70/><V117/><F117/><W63/><G112/><T109/><D51/><N who="1" m="27015" /><E46/><V111/><F111/><W35/><G35/><T34/><D71/><U6/><E6/><V127/><F127/><W132/><G121/><T74/><D74/><U59/><E59/><V37/><F37/><W12/><G12/><T120/><D120/><U8/><E105/><V86/><F103/><W96/><G96/><T128/><D109/><U9/><E81/><N who="2" m="47407" /><F130/><W43/><G125/><T56/><D128/><U41/><E79/><V50/><F50/><W5/><G5/><T60/><D18/><U19/><E19/><V21/><F135/><N who="3" m="51755" /><G38/><T84/><D14/><U17/><E78/><V82/><F94/><W97/><G97/><T10/><D10/><N who="1" m="4203" /><E98/><V11/><F11/><W110/><G110/><T107/><D107/><U27/><E27/><V102/><F102/><W57/><G69/><T73/><D73/><U39/><E39/><V100/><F100/><W99/><G99/><T33/><D34/><U129/><E26/><V75/><F75/><W122/><G122/><T30/><D31/><U126/><E126/><RYUUKYOKU ba="2,1" sc="250,10,270,-30,250,10,220,10" hai0="24,25,28,30,32,33,45,47,56,60,84,88,92" hai2="15,16,21,49,52,82,83,87,89,93" hai3="42,43,54,57,58,61,63" /><INIT seed="2,3,1,4,2,59" ten="260,240,260,230" oya="2" hai0="44,89,42,28,10,93,56,33,45,135,90,9,8" hai1="77,55,58,23,128,18,110,83,0,118,111,16,82" hai2="14,75,40,101,97,74,102,30,108,78,36,35,48" hai3="57,11,69,54,73,53,4,103,25,98,125,104,131"/><V117/><F36/><W91/><G73/><T109/><D109/><N who="1" m="41483" /><E0/><V123/><F108/><W127/><G69/><T116/><D116/><U34/><E34/><V46/><F123/><W20/><G131/><T7/><D135/><U63/><E118/><V94/><F117/><W19/><G91/><T21/><D33/><U27/><E128/><V39/><F78/><W133/><G133/><T134/><D134/><U13/><E77/><V37/><F37/><W29/><G29/><T132/><D7/><U129/><E129/><V113/><F113/><W99/><G98/><T43/><D132/><U17/><E17/><V2/><F39/><W3/><REACH who="3" step="1"/><G54/><REACH who="3" ten="260,240,260,220" step="2"/><T6/><D90/><U31/><E31/><V22/><F75/><W26/><G26/><T68/><D68/><U121/><E121/><V84/><F74/><W38/><G38/><T100/><D89/><U24/><E24/><V5/><F30/><W126/><G126/><T49/><D28/><U52/><E55/><V87/><F35/><W64/><G64/><T122/><D122/><U15/><E27/><V65/><F65/><W86/><G86/><T119/><D119/><U76/><E76/><V80/><F87/><W60/><AGARI ba="3,2" hai="3,4,11,19,20,25,53,57,60,99,103,104,125,127" machi="60" ten="30,4000,0" yaku="1,1,0,1,52,1,53,0" doraHai="59" doraHaiUra="120" who="3" fromWho="3" sc="260,-13,240,-13,260,-23,220,69" /><INIT seed="3,0,0,0,2,97" ten="247,227,237,289" oya="3" hai0="124,132,89,29,104,71,117,62,13,110,45,38,134" hai1="130,66,54,94,75,107,129,86,116,113,59,40,56" hai2="63,77,52,22,60,95,111,131,96,93,27,43,10" hai3="4,85,74,42,106,102,51,83,3,114,92,36,128"/><W47/><G114/><T30/><D117/><U44/><E107/><V9/><F111/><W105/><G128/><N who="1" m="49258" /><E75/><V126/><F126/><W69/><G69/><T55/><D104/><U112/><E86/><V73/><F73/><W18/><G18/><T68/><D110/><U120/><E94/><V50/><F43/><W84/><G51/><T6/><D124/><U37/><E120/><V12/><F77/><N who="3" m="44471" /><G106/><T53/><D89/><U76/><E76/><V8/><F12/><W61/><G61/><N who="2" m="23625" /><F96/><N who="3" m="59655" /><G105/><T115/><D115/><N who="1" m="44107" /><E66/><V26/><F131/><W101/><G101/><T98/><D98/><U58/><E116/><V67/><F26/><W64/><G64/><T34/><D34/><U133/><E133/><V57/><F67/><W65/><G65/><T14/><D62/><AGARI ba="0,0" hai="37,40,44,54,56,58,59,62" m="44107,49258" machi="62" ten="30,3900,0" yaku="19,1,34,2" doraHai="97" who="1" fromWho="0" sc="247,-39,227,39,237,0,289,0" /><INIT seed="4,0,0,2,5,76" ten="208,266,237,289" oya="0" hai0="123,82,129,88,134,99,78,10,90,48,104,93,70" hai1="45,102,24,2,56,73,72,65,33,92,20,128,125" hai2="25,94,71,50,60,41,18,23,28,36,54,37,77" hai3="117,62,131,29,97,8,55,130,22,31,51,120,43"/><T14/><D70/><U95/><E33/><V35/><F77/><W58/><G117/><T75/><D123/><U26/><E2/><V1/><F1/><W27/><G120/><T84/><D129/><N who="3" m="49161" /><G8/><T112/><D112/><U53/><E128/><V61/><F41/><W38/><G38/><T44/><D134/><U119/><E125/><V5/><F5/><W9/><G9/><T32/><D32/><U81/><E26/><V12/><F37/><W83/><G97/><T127/><D127/><U74/><E92/><V79/><F79/><W106/><G106/><T115/><D115/><U3/><E3/><V17/><F36/><W46/><G83/><T80/><D104/><U30/><E81/><V49/><F49/><W87/><G87/><T68/><D68/><U108/><E108/><V100/><F71/><W57/><G58/><T116/><D116/><U118/><E118/><V34/><F34/><W40/><G31/><T114/><D114/><U13/><E74/><V103/><F18/><W96/><G96/><T91/><D75/><U67/><E73/><V124/><F124/><W89/><G89/><T135/><D80/><U105/><E105/><V107/><F107/><W85/><G85/><T39/><D39/><U86/><E86/><V132/><F132/><W101/><G43/><N who="0" m="24607" /><D135/><U110/><E72/><V15/><F103/><AGARI ba="0,0" hai="22,27,29,40,46,51,55,57,62,101,103" m="49161" machi="103" ten="30,1000,0" yaku="19,1" doraHai="76" who="3" fromWho="2" sc="208,0,266,0,237,-10,289,10" /><INIT seed="5,0,0,1,3,23" ten="208,266,227,299" oya="1" hai0="106,0,2,31,113,48,41,119,128,27,134,63,57" hai1="75,13,51,127,33,100,39,73,94,69,55,117,67" hai2="123,66,98,79,32,15,132,36,59,111,21,133,29" hai3="50,87,12,54,109,131,72,92,107,62,14,22,24"/><U122/><E122/><V102/><F36/><W71/><G107/><T34/><D106/><U74/><E117/><V60/><F123/><W52/><G72/><T37/><D119/><U65/><E39/><V103/><F79/><W129/><G109/><T5/><D37/><U16/><E33/><V114/><F111/><W1/><G1/><T20/><D113/><U105/><E105/><V47/><F47/><W82/><G92/><T30/><D128/><U26/><E69/><V68/><F103/><W121/><G121/><T81/><D134/><U83/><E83/><V112/><F59/><N who="3" m="35175" /><G71/><T58/><D5/><U9/><E127/><V88/><F21/><W40/><G40/><T25/><D81/><U49/><E26/><N who="2" m="18487" /><F15/><W6/><G6/><T124/><D124/><U4/><E4/><V97/><F97/><W120/><G120/><T104/><D104/><U84/><E51/><V19/><F102/><W95/><G95/><T125/><D125/><U77/><E100/><V42/><F42/><W93/><G93/><T8/><D8/><U96/><E96/><V17/><F98/><W89/><G131/><T99/><D99/><U44/><REACH who="1" step="1"/><E77/><REACH who="1" ten="208,256,227,299" step="2"/><V108/><F108/><W130/><G129/><T61/><D48/><U45/><E45/><V28/><F132/><W10/><G130/><T38/><D38/><U56/><E56/><V70/><F133/><W35/><G35/><T64/><D41/><U11/><E11/><V43/><F43/><W86/><G10/><T7/><D7/><U90/><AGARI ba="0,1" hai="9,13,16,44,49,55,65,67,73,74,75,84,90,94" machi="90" ten="40,7800,0" yaku="1,1,0,1,54,1,53,0" doraHai="23" doraHaiUra="110" who="1" fromWho="1" sc="208,-26,256,88,227,-26,299,-26" /><INIT seed="5,1,0,0,0,79" ten="182,344,201,273" oya="1" hai0="10,5,71,17,40,67,1,44,121,45,29,42,131" hai1="66,64,93,70,128,32,83,33,86,100,31,19,88" hai2="90,78,123,9,80,129,20,14,103,47,68,8,18" hai3="11,104,23,124,101,30,61,60,109,73,106,69,21"/><U41/><E128/><V27/><F123/><W135/><G109/><T63/><D131/><U84/><E70/><V57/><F68/><W120/><G120/><T51/><D121/><U13/><E33/><V15/><F103/><W92/><G69/><T74/><D74/><U133/><E133/><V0/><F0/><W3/><G135/><T25/><D17/><U130/><E130/><V122/><F122/><W110/><G110/><T55/><REACH who="0" step="1"/><D45/><REACH who="0" ten="172,344,201,273" step="2"/><U112/><E19/><V117/><F47/><W24/><G73/><T48/><D48/><U85/><E31/><V7/><F129/><W28/><G30/><T53/><D53/><U94/><E66/><V22/><F117/><W2/><G28/><T132/><D132/><U12/><E64/><V76/><F57/><W36/><G61/><T113/><D113/><U37/><E112/><V75/><F75/><W46/><G60/><T87/><D87/><U97/><E86/><N who="2" m="50503" /><F22/><AGARI ba="1,1" hai="1,5,10,22,25,29,40,42,44,51,55,63,67,71" machi="22" ten="30,2000,0" yaku="1,1,7,1,53,0" doraHai="79" doraHaiUra="118" who="0" fromWho="2" sc="172,33,344,0,201,-23,273,0" /><INIT seed="6,0,0,0,3,44" ten="205,344,178,273" oya="2" hai0="108,28,64,130,3,43,41,60,83,71,100,26,115" hai1="76,73,106,45,21,55,112,110,72,25,68,116,50" hai2="46,2,95,65,62,37,34,121,107,16,24,56,61" hai3="77,118,17,98,86,91,1,99,75,93,103,57,18"/><V6/><F107/><W9/><G118/><T27/><D3/><U31/><E68/><V88/><F121/><W67/><G99/><T104/><D108/><U111/><E106/><V20/><F34/><W49/><G1/><T38/><D115/><U11/><E116/><V5/><F2/><W39/><G39/><T105/><D27/><U23/><E11/><V134/><F134/><W89/><G89/><T13/><D13/><U47/><E112/><V119/><F119/><W8/><G77/><T35/><D130/><U114/><E114/><V7/><F37/><W131/><G75/><T87/><D38/><U85/><E73/><V59/><F46/><W29/><G29/><T94/><D94/><U36/><E72/><V51/><F51/><W22/><G18/><T12/><D12/><U58/><E36/><V10/><F10/><W126/><G126/><T32/><D105/><U15/><E111/><V78/><F78/><W14/><G131/><T92/><D92/><U101/><E110/><V4/><F4/><W102/><G67/><T128/><D35/><U122/><E122/><V96/><F7/><W48/><G57/><T63/><D63/><U80/><E101/><N who="3" m="38410" /><G98/><N who="0" m="61463" /><D128/><U79/><E79/><AGARI ba="0,0" hai="26,28,32,41,43,60,64,71,79,83,87" m="61463" machi="79" ten="30,1000,0" yaku="25,1" doraHai="44" who="0" fromWho="1" sc="205,10,344,-10,178,0,273,0" /><INIT seed="7,0,0,3,1,34" ten="215,334,178,273" oya="3" hai0="78,52,114,61,98,72,84,56,85,77,2,4,35" hai1="100,46,125,49,92,88,70,30,13,28,63,133,26" hai2="55,103,115,36,43,104,58,130,9,5,18,53,118" hai3="124,11,135,120,51,48,1,16,66,90,97,123,17"/><W62/><G135/><T0/><D35/><U126/><E100/><V39/><F118/><W38/><G38/><T29/><D29/><U42/><E13/><V119/><F119/><W102/><G90/><T112/><D4/><U12/><E12/><V128/><F43/><W75/><G75/><T73/><D98/><N who="1" m="57607" /><E26/><V10/><F18/><W60/><G124/><N who="1" m="47722" /><E133/><V113/><F103/><W96/><G102/><T79/><D73/><U99/><E99/><V25/><F25/><W67/><G11/><T69/><D69/><U44/><E44/><V131/><F104/><W109/><G109/><T59/><D59/><U111/><E111/><V68/><F68/><W87/><G87/><N who="0" m="33355" /><D72/><U50/><E50/><V19/><F19/><W127/><G127/><T64/><D64/><AGARI ba="0,0" hai="28,30,42,46,49,63,64,70" m="47722,57607" machi="64" ten="30,2000,0" yaku="18,1,54,1" doraHai="34" who="1" fromWho="0" sc="215,-20,334,20,178,0,273,0" owari="195,-20.0,354,45.0,178,-32.0,273,7.0" /></mjloggm>