<mjloggm ver="2.3"><GO type="225" lobby="0"/><UN n0="%E3%83%A9%E3%82%B0%E3%83%A9%E3%83%BC%E3%82%B8" n1="%E5%B0%B1%E6%B4%BB%E7%94%9F%40%E5%B7%9D%E6%9D%91%E8%BB%8D%E5%9B%A3" n2="%E4%B8%96%E3%82%92%E7%9B%B4%E3%81%99%E8%80%85" n3="%E3%81%AA%E3%81%A3%E3%81%8D%E3%82%8A" dan="16,17,16,16" rate="2097.55,2177.70,2070.84,2100.80" sx="F,M,M,M"/><TAIKYOKU oya="0"/><INIT seed="0,0,0,1,0,55" ten="250,250,250,250" oya="0" hai0="57,101,85,54,106,95,89,15,36,71,66,128,100" hai1="46,22,83,127,39,6,134,67,104,35,111,47,76" hai2="115,12,25,21,50,84,117,112,10,80,116,123,8" hai3="103,135,43,60,97,93,133,79,24,49,119,90,102"/><T38/><D128/><U61/><E35/><V125/><F50/><W51/><G119/><N who="2" m="45641" /><F123/><W58/><G79/><T74/><D74/><U27/><E104/><V9/><F12/><W78/><G78/><T77/><D77/><U91/><E134/><N who="3" m="51210" /><G24/><T73/><D73/><U96/><E127/><V16/><F125/><W87/><G43/><T82/><D106/><U94/><E111/><V40/><F40/><W0/><G0/><T33/><D33/><U114/><E6/><V56/><F56/><W105/><G103/><N who="0" m="39499" /><D71/><U107/><E107/><V121/><F121/><W52/><AGARI ba="0,0" hai="49,51,52,58,60,87,90,93,97,102,105" m="51210" machi="52" ten="30,4000,0" yaku="20,1,52,1,54,1" doraHai="55" who="3" fromWho="3" sc="250,-20,250,-10,250,-10,250,40" /><INIT seed="1,0,0,5,1,5" ten="230,240,240,290" oya="1" hai0="58,71,133,100,132,127,77,108,120,109,15,61,97" hai1="52,54,46,64,86,78,29,14,31,39,85,126,57" hai2="32,44,2,34,40,10,9,87,76,56,110,19,20" hai3="81,21,3,102,72,27,70,88,95,66,63,94,96"/><U73/><E73/><V67/><F110/><N who="0" m="42602" /><D127/><U55/><E126/><V42/><F34/><W74/><G3/><T91/><D120/><U1/><E1/><V90/><F76/><W98/><REACH who="3" step="1"/><G81/><REACH who="3" ten="230,240,240,280" step="2"/><T129/><D132/><U82/><E39/><V35/><F2/><W89/><G89/><T7/><D133/><U75/><E46/><V60/><F44/><W51/><G51/><T11/><D91/><U65/><E75/><V101/><F90/><W99/><G99/><T26/><D77/><U23/><E86/><V123/><F123/><W24/><G24/><T12/><D26/><U53/><E29/><AGARI ba="0,1" hai="21,27,29,63,66,70,72,74,88,94,95,96,98,102" machi="29" ten="30,3900,0" yaku="1,1,7,1,54,1,53,0" doraHai="5" doraHaiUra="48" who="3" fromWho="1" sc="230,0,240,-39,240,0,280,49" /><INIT seed="2,0,0,5,4,110" ten="230,201,240,329" oya="2" hai0="111,79,30,85,16,69,46,70,37,93,13,7,129" hai1="130,125,23,102,35,132,116,31,66,104,92,36,44" hai2="133,95,29,86,101,134,41,81,33,5,62,103,135" hai3="123,53,21,131,112,98,38,28,27,64,121,71,115"/><V124/><F124/><W107/><G38/><T100/><D111/><U55/><E116/><V97/><F5/><W40/><G40/><T6/><D30/><U99/><E130/><V126/><F126/><W82/><G53/><T122/><D122/><N who="3" m="46601" /><G82/><T51/><D37/><U24/><E125/><V61/><F103/><N who="3" m="62967" /><G131/><T77/><D129/><U17/><E132/><V119/><F119/><W88/><G88/><N who="0" m="53391" /><D69/><U75/><E75/><V32/><F41/><W108/><G108/><T87/><D70/><U73/><E73/><V47/><F47/><W120/><G120/><T60/><D60/><N who="2" m="23146" /><F29/><W54/><G54/><N who="0" m="30071" /><D100/><U91/><E66/><V2/><F2/><W94/><G94/><T118/><D118/><U90/><E104/><V48/><F48/><W127/><G127/><T114/><D114/><N who="3" m="43561" /><G71/><T0/><D0/><U39/><E39/><V58/><F58/><W84/><G84/><T52/><D52/><U65/><E36/><V96/><F97/><W49/><G49/><T15/><D87/><U83/><E55/><V45/><F45/><W4/><G4/><N who="0" m="1579" /><D13/><U109/><E44/><V9/><F86/><W74/><G74/><T20/><AGARI ba="0,0" hai="15,16,20,77,79" m="1579,30071,53391" machi="20" ten="30,4000,0" yaku="8,1,54,2" doraHai="110" who="0" fromWho="0" sc="230,40,201,-10,240,-20,329,-10" /><INIT seed="3,0,0,5,1,1" ten="270,191,220,319" oya="3" hai0="131,16,103,118,67,72,52,102,8,114,19,133,125" hai1="105,113,9,83,134,40,54,109,28,117,38,119,27" hai2="22,20,10,126,76,116,12,69,95,77,79,81,4" hai3="91,101,37,46,6,107,84,56,18,34,74,122,97"/><W98/><G122/><T57/><D118/><N who="1" m="45067" /><E105/><V39/><F116/><W104/><G34/><T41/><D72/><U11/><E38/><V60/><F39/><W23/><G74/><T45/><D133/><U88/><E40/><V48/><F126/><W47/><G37/><T30/><D131/><U86/><E113/><V73/><F79/><W82/><G6/><T85/><D125/><U111/><E54/><V33/><F33/><W75/><G75/><T110/><D110/><N who="1" m="41995" /><E134/><V94/><F77/><W32/><G32/><AGARI ba="0,0" hai="9,11,27,28,32,83,86,88" m="41995,45067" machi="32" ten="30,3900,0" yaku="12,1,14,1,54,1" doraHai="1" who="1" fromWho="3" sc="270,0,191,39,220,0,319,-39" /><INIT seed="4,0,0,4,3,4" ten="270,230,220,280" oya="0" hai0="83,18,57,42,74,14,82,94,128,125,116,12,6" hai1="102,44,111,49,96,78,84,81,99,129,59,123,56" hai2="112,9,1,41,5,0,70,130,15,48,89,51,7" hai3="64,45,93,85,16,66,87,50,77,13,46,63,28"/><T110/><D116/><U75/><E111/><V98/><F70/><W61/><G28/><T108/><D128/><U43/><E123/><V52/><F130/><W95/><G46/><T79/><D125/><U120/><E120/><V135/><F112/><W90/><G95/><T65/><D42/><U72/><E129/><V80/><F135/><W37/><G37/><T36/><D36/><U119/><E119/><V21/><F41/><N who="3" m="24879" /><G85/><T38/><D38/><U117/><E99/><V106/><F7/><W27/><G27/><T23/><D94/><U67/><E117/><V101/><F21/><N who="3" m="11407" /><G77/><T54/><D83/><U103/><E103/><V62/><F62/><AGARI ba="0,0" hai="61,62,63,64,66,87,90,93" m="11407,24879" machi="62" ten="30,2000,0" yaku="8,1,54,1" doraHai="4" who="3" fromWho="2" sc="270,0,230,0,220,-20,280,20" owari="270,7.0,230,-17.0,200,-30.0,300,40.0" /></mjloggm>