<mjloggm ver="2.3"><GO type="169" lobby="0"/><UN n0="%E3%82%A6%E3%83%AB%E3%83%88%E3%83%A9%E7%AB%8B%E7%9B%B4" n1="%64%6F%6E%63%68%61%6E%33" n2="%E3%81%93%E3%82%93%E3%81%BA%E3%81%84%E3%81%A8%E3%81%86%E3%81%B5" n3="%6B%65%69%30%34%31%33" dan="17,17,16,16" rate="2187.30,2178.85,2073.07,2059.26" sx="M,M,F,M"/><TAIKYOKU oya="0"/><INIT seed="0,0,0,1,5,131" ten="250,250,250,250" oya="0" hai0="66,135,8,103,11,38,61,6,115,73,69,130,105" hai1="57,112,30,70,126,77,113,13,24,52,28,94,134" hai2="39,37,92,76,110,34,51,23,117,119,4,46,60" hai3="27,108,63,106,12,65,82,32,25,122,96,0,78"/><T41/><D11/><U58/><E70/><V97/><F34/><W109/><G12/><T35/><D115/><N who="1" m="44107" /><E126/><V43/><F110/><N who="3" m="42603" /><G122/><T83/><D130/><U102/><E58/><V54/><F76/><W75/><G0/><N who="0" m="71" /><D35/><U29/><E77/><V111/><F111/><W90/><G32/><T2/><D2/><U36/><E36/><V20/><F4/><W80/><G80/><T40/><D40/><U59/><E59/><N who="2" m="34935" /><F39/><W99/><G90/><T5/><D5/><U71/><E71/><V31/><F31/><W56/><G99/><N who="0" m="61695" /><D135/><U67/><E67/><V3/><F3/><W124/><G124/><T114/><D114/><U87/><E13/><V91/><F51/><W9/><G9/><T47/><D83/><U79/><E134/><V7/><F7/><W133/><G133/><T93/><D93/><U88/><E79/><V42/><F42/><W22/><G22/><T104/><D104/><U121/><E121/><V101/><F91/><W118/><G118/><AGARI ba="0,0" hai="20,23,37,43,46,92,97,101,117,118,119" m="34935" machi="118" ten="30,1000,0" yaku="12,1" doraHai="131" who="2" fromWho="3" sc="250,0,250,0,250,10,250,-10" /><INIT seed="1,0,0,3,3,56" ten="250,250,260,240" oya="1" hai0="64,87,123,52,7,125,79,126,9,20,89,37,78" hai1="118,28,90,94,120,104,49,108,113,25,41,81,31" hai2="96,0,50,44,111,22,63,80,92,114,109,131,19" hai3="70,48,72,130,14,55,71,110,3,86,105,34,73"/><U38/><E113/><V119/><F119/><W29/><G14/><T129/><D37/><U117/><E120/><V57/><F0/><W88/><G105/><T112/><D112/><U102/><E38/><V42/><F114/><W12/><G3/><T93/><D123/><U133/><E133/><V10/><F10/><W16/><G130/><T24/><D64/><U134/><E134/><V4/><F80/><W103/><G110/><T127/><D129/><U116/><E108/><V35/><F35/><W135/><G103/><T98/><D87/><U53/><E41/><V45/><F45/><W124/><G124/><T95/><D95/><U68/><E68/><V107/><F4/><W8/><G135/><T27/><D52/><U1/><E1/><V54/><F107/><W99/><G99/><T101/><D89/><U65/><E65/><V67/><F131/><W17/><G17/><T36/><D36/><U46/><E81/><V30/><F30/><W15/><G15/><N who="0" m="5567" /><D27/><U74/><E74/><V13/><REACH who="2" step="1"/><F67/><REACH who="2" ten="250,250,250,240" step="2"/><W128/><G128/><T97/><D127/><U115/><E104/><V60/><F60/><W132/><G132/><T47/><D47/><U21/><E115/><V100/><AGARI ba="0,1" hai="13,19,22,42,44,50,54,57,63,92,96,100,109,111" machi="100" ten="30,4000,0" yaku="1,1,0,1,52,1,53,0" doraHai="56" doraHaiUra="77" who="2" fromWho="2" sc="250,-10,250,-20,250,50,240,-10" /><INIT seed="2,0,0,1,2,13" ten="240,230,300,230" oya="2" hai0="48,87,100,108,50,6,47,132,26,120,39,59,51" hai1="70,121,91,95,107,14,45,29,125,64,34,134,43" hai2="17,74,80,93,4,55,57,104,32,31,85,72,109" hai3="49,124,44,112,131,71,58,130,90,88,94,8,77"/><V9/><F104/><W54/><G71/><T127/><D120/><U119/><E107/><V56/><F109/><W67/><G77/><T96/><D108/><U116/><E121/><V97/><F32/><W52/><G124/><T5/><D127/><U37/><E125/><V111/><F31/><W19/><G67/><T101/><D132/><U36/><E36/><V115/><F115/><W16/><G112/><T128/><D128/><N who="3" m="49193" /><G8/><T11/><D39/><U68/><E134/><V82/><F57/><W135/><G135/><T103/><D96/><U81/><E81/><V122/><F82/><W42/><G54/><T65/><D87/><U7/><E70/><V60/><F111/><W21/><G21/><T62/><D26/><U22/><E64/><V76/><F122/><W84/><G90/><T98/><D98/><U105/><E68/><V46/><F46/><W114/><G114/><T110/><D110/><U12/><E34/><V25/><F4/><W78/><G78/><T79/><D79/><U1/><E1/><V33/><F33/><W28/><G28/><T27/><D27/><U23/><E29/><V30/><F30/><W38/><AGARI ba="0,0" hai="16,19,38,42,44,49,52,58,84,88,94" m="49193" machi="38" ten="30,12000,2" yaku="19,1,52,2,54,3" doraHai="13" who="3" fromWho="3" sc="240,-30,230,-30,300,-60,230,120" /><INIT seed="3,0,0,0,0,69" ten="210,200,240,350" oya="3" hai0="104,48,96,130,32,103,100,39,101,77,12,38,43" hai1="82,94,128,112,115,58,35,88,28,63,80,129,76" hai2="25,105,14,97,111,11,79,54,21,126,78,113,56" hai3="71,117,92,125,118,34,18,90,74,29,50,16,109"/><W6/><G74/><T67/><D77/><U83/><E35/><V30/><F113/><N who="1" m="43593" /><E28/><V84/><F111/><W31/><G71/><T114/><D12/><U89/><E58/><V8/><F126/><W99/><G6/><T24/><D101/><U17/><E17/><N who="3" m="6762" /><G34/><T9/><D9/><U85/><E63/><V26/><F84/><W49/><G118/><T41/><D103/><U7/><E7/><V110/><F110/><W33/><G33/><T134/><D114/><U72/><E89/><V107/><F30/><N who="3" m="11275" /><G117/><T20/><D32/><U3/><E3/><V60/><F14/><W55/><G109/><T44/><D130/><AGARI ba="0,0" hai="72,76,80,82,83,85,88,94,128,129,130" m="43593" machi="130" ten="30,7700,0" yaku="19,1,34,2,54,1" doraHai="69" who="1" fromWho="0" sc="210,-77,200,77,240,0,350,0" /><INIT seed="4,0,0,2,0,19" ten="133,277,240,350" oya="0" hai0="14,71,133,70,10,67,112,53,113,135,57,59,22" hai1="38,2,31,93,87,55,130,23,40,132,13,75,90" hai2="117,3,24,129,41,88,121,0,124,107,15,102,111" hai3="116,61,131,35,85,99,69,83,123,18,118,66,125"/><T80/><D80/><U110/><E75/><V122/><F111/><W106/><G125/><T34/><D34/><U115/><E2/><V44/><F124/><W8/><G131/><T96/><D96/><U101/><E110/><V68/><F129/><W114/><G123/><T36/><D10/><U78/><E130/><V50/><F68/><N who="0" m="26154" /><D14/><U95/><E40/><V48/><F117/><W77/><G35/><T81/><D22/><U108/><E38/><V26/><F15/><W29/><G29/><T58/><D81/><U74/><E74/><V72/><F72/><W32/><G32/><T65/><D53/><U98/><E78/><V100/><F107/><W16/><G114/><N who="0" m="44139" /><D36/><U11/><E55/><V20/><F20/><W62/><G8/><T37/><D37/><U76/><E76/><V46/><F88/><W4/><G4/><T84/><D84/><U120/><E115/><V7/><F7/><W105/><G105/><T60/><D60/><U25/><E23/><V28/><F28/><W6/><G62/><T56/><N who="0" m="14336" /><DORA hai="127" /><T9/><D9/><U43/><E31/><V39/><F39/><W51/><G6/><T92/><D92/><U54/><E11/><V21/><F21/><W103/><G18/><T73/><D73/><U49/><E95/><V97/><F97/><W42/><G16/><T27/><D27/><U128/><E93/><V30/><F30/><W94/><G106/><T47/><D47/><U64/><E25/><V63/><F63/><W119/><G119/><T109/><D109/><U1/><E108/><V104/><F104/><W91/><G77/><RYUUKYOKU ba="0,0" sc="133,10,277,-30,240,10,350,10" hai0="65,67,133,135" hai2="0,3,24,26,41,44,46,48,50,100,102,121,122" hai3="42,51,61,66,69,83,85,91,94,99,103,116,118" /><INIT seed="4,1,0,3,2,24" ten="143,247,250,360" oya="0" hai0="14,65,135,122,115,36,59,41,6,33,20,101,86" hai1="18,29,102,5,45,133,2,75,25,112,51,48,50" hai2="82,28,128,4,15,46,68,124,32,49,95,125,109" hai3="96,121,74,8,19,108,9,47,84,12,1,92,62"/><T106/><D122/><U126/><E75/><V55/><F68/><W93/><G74/><T72/><D72/><U63/><E2/><V130/><F109/><W40/><G121/><T76/><D33/><U118/><E5/><V31/><F82/><W70/><G108/><T87/><D135/><U81/><E118/><V119/><F119/><W10/><G84/><T60/><D115/><U54/><E18/><V58/><F95/><W78/><G78/><T98/><D76/><U56/><E81/><V3/><F3/><W127/><G127/><N who="2" m="48713" /><F46/><W132/><G132/><T116/><D116/><U22/><E126/><V114/><F114/><W111/><G111/><T30/><D6/><U37/><E133/><V97/><F97/><W17/><G17/><T35/><D35/><U113/><E37/><V90/><F90/><W117/><G117/><T83/><D83/><U26/><E26/><N who="2" m="18455" /><F31/><W53/><G1/><T44/><REACH who="0" step="1"/><D14/><REACH who="0" ten="133,247,250,360" step="2"/><U67/><E113/><V73/><F73/><W77/><G12/><T89/><D89/><U16/><E112/><V105/><F4/><W71/><G77/><T39/><D39/><U38/><E38/><V94/><F15/><W91/><G91/><T11/><D11/><U52/><E102/><V23/><F23/><W7/><G8/><T27/><AGARI ba="1,1" hai="20,27,30,36,41,44,59,60,65,86,87,98,101,106" machi="27" ten="30,6000,0" yaku="1,1,0,1,52,1,53,0" doraHai="24" doraHaiUra="104" who="0" fromWho="0" sc="133,73,247,-21,250,-21,360,-21" /><INIT seed="4,2,0,0,0,58" ten="206,226,229,339" oya="0" hai0="42,54,85,16,108,51,77,91,131,18,63,26,75" hai1="86,57,97,4,87,89,6,29,40,128,122,116,133" hai2="121,80,11,76,43,17,56,27,10,22,101,124,39" hai3="129,72,35,60,32,55,135,69,99,48,78,14,70"/><T81/><D131/><U15/><E116/><V45/><F121/><W126/><G129/><T3/><D3/><U12/><E122/><V19/><F124/><W117/><G117/><T110/><D42/><U102/><E128/><V65/><F101/><W120/><G70/><T100/><D100/><U114/><E133/><V1/><F1/><W74/><G74/><T37/><D37/><U7/><E114/><V46/><F46/><W59/><G126/><T20/><D18/><U23/><E40/><V96/><F96/><W83/><G135/><T49/><D49/><U79/><E79/><V104/><F104/><W125/><G125/><T30/><D30/><U62/><E29/><V53/><F65/><W88/><G120/><T5/><D5/><U24/><E24/><V21/><F80/><W44/><G14/><T134/><D134/><U93/><E23/><V13/><REACH who="2" step="1"/><F76/><REACH who="2" ten="206,226,219,339" step="2"/><W94/><G69/><T47/><REACH who="0" step="1"/><D63/><AGARI ba="2,1" hai="10,11,13,17,19,21,22,27,39,43,45,53,56,63" machi="63" ten="30,7700,0" yaku="1,1,2,1,7,1,52,1,53,0" doraHai="58" doraHaiUra="73" who="2" fromWho="0" sc="206,-83,226,0,219,93,339,0" /><INIT seed="5,0,0,3,4,132" ten="123,226,312,339" oya="1" hai0="6,3,106,94,56,103,48,79,98,118,82,37,122" hai1="25,32,108,107,81,50,54,17,117,121,43,88,112" hai2="49,91,61,10,70,97,111,110,95,85,89,57,16" hai3="105,113,87,64,12,26,58,76,45,7,102,128,66"/><U4/><E117/><V77/><F77/><W84/><G128/><T101/><D118/><U28/><E121/><V72/><F72/><W96/><G113/><T73/><D48/><U78/><E107/><V52/><F70/><W67/><G26/><T69/><D56/><U51/><E112/><V44/><F10/><N who="3" m="4191" /><G105/><T14/><D14/><U123/><E123/><V131/><F131/><W80/><G45/><T38/><D122/><U93/><E108/><V71/><F71/><W60/><G102/><T74/><D103/><U42/><E4/><V1/><F1/><W99/><G87/><T30/><D30/><U8/><E8/><V120/><F120/><W119/><G119/><T109/><D109/><U116/><E17/><V22/><F85/><W47/><G47/><T100/><D100/><U125/><E51/><V59/><F91/><W135/><G135/><T92/><D92/><U90/><E42/><N who="2" m="24727" /><F59/><W35/><G35/><T63/><D94/><U124/><E43/><V39/><F39/><W65/><AGARI ba="0,0" hai="58,60,64,65,66,67,76,80,84,96,99" m="4191" machi="65" ten="30,1100,0" yaku="8,1" doraHai="132" who="3" fromWho="3" sc="123,-3,226,-5,312,-3,339,11" /><INIT seed="6,0,0,4,1,39" ten="120,221,309,350" oya="2" hai0="44,95,73,55,16,56,24,87,111,10,46,92,43" hai1="100,7,53,49,79,5,110,13,98,88,15,28,99" hai2="84,64,116,134,52,106,48,76,14,91,0,3,19" hai3="37,21,34,27,103,124,6,31,83,97,38,36,70"/><V114/><F116/><W50/><G70/><T59/><D73/><U25/><E110/><V57/><F106/><W126/><G83/><T17/><D111/><U4/><E79/><V135/><F76/><W85/><G6/><T94/><D87/><U26/><E88/><V123/><F64/><W30/><G85/><T82/><D82/><U132/><E132/><N who="2" m="50731" /><F114/><W67/><G50/><T23/><D55/><U51/><E51/><V29/><F29/><W80/><G80/><T18/><D10/><U128/><E128/><V35/><F35/><W33/><G67/><T12/><D12/><U107/><E99/><V72/><F72/><W121/><G121/><T108/><D108/><U71/><E71/><V93/><F123/><W69/><G69/><T109/><D109/><U40/><E40/><V74/><F74/><W63/><G63/><T112/><D112/><U9/><E13/><V104/><F104/><N who="3" m="63599" /><G21/><AGARI ba="0,0" hai="0,3,14,19,21,48,52,57,84,91,93" m="50731" machi="21" ten="30,5800,0" yaku="25,1,20,1,54,1" doraHai="39" who="2" fromWho="3" sc="120,0,221,0,309,58,350,-58" /><INIT seed="6,1,0,5,4,7" ten="120,221,367,292" oya="2" hai0="101,119,88,74,76,98,120,54,5,53,20,30,111" hai1="18,25,12,1,91,65,31,23,63,19,2,13,80" hai2="95,118,85,123,3,70,27,68,89,57,60,47,133" hai3="43,33,128,66,67,127,61,79,16,51,132,6,116"/><V77/><F118/><W92/><G116/><T8/><D111/><U42/><E42/><V35/><F123/><W45/><G33/><T28/><D120/><U38/><E38/><V121/><F121/><W39/><G127/><T134/><D119/><U82/><E1/><V109/><F109/><W0/><G132/><T124/><D124/><U52/><E2/><V69/><F3/><W115/><G128/><T40/><D134/><U112/><E112/><V135/><F77/><W46/><G115/><T117/><D117/><U113/><E113/><V84/><F47/><W99/><G79/><T64/><D40/><U73/><E73/><V96/><F135/><W114/><G114/><T72/><D64/><U122/><E122/><V110/><F110/><W34/><G34/><T21/><D76/><U37/><E37/><V106/><F133/><W14/><G0/><T22/><D101/><U103/><E103/><V71/><F71/><W32/><G6/><T87/><D98/><U131/><E131/><V93/><F106/><W100/><G32/><T17/><D5/><U29/><E91/><V58/><F95/><W129/><G61/><T81/><D74/><U83/><E65/><N who="2" m="39063" /><F57/><W105/><G105/><T78/><D78/><U44/><E44/><V130/><F130/><W108/><G129/><T62/><D72/><U102/><E102/><V75/><F75/><W36/><G36/><T10/><D62/><U41/><E41/><V107/><F107/><W55/><REACH who="3" step="1"/><G108/><REACH who="3" ten="120,221,367,282" step="2"/><T4/><D4/><U9/><E63/><V104/><F104/><W97/><G97/><T26/><D87/><RYUUKYOKU ba="1,1" sc="120,-15,221,-15,367,15,282,15" hai2="27,35,68,69,70,84,85,89,93,96" hai3="14,16,39,43,45,46,51,55,66,67,92,99,100" /><INIT seed="6,2,1,1,0,43" ten="105,206,382,297" oya="2" hai0="22,125,56,6,51,29,107,7,80,57,73,103,100" hai1="48,36,86,12,20,130,52,67,85,112,121,62,0" hai2="101,65,115,113,128,64,2,14,119,16,117,34,71" hai3="87,99,39,95,127,44,78,40,15,19,46,3,55"/><V93/><F2/><W49/><G3/><T47/><D125/><U131/><E0/><V1/><F1/><W42/><G127/><T32/><D32/><U60/><E36/><V135/><F34/><W13/><G55/><T21/><D107/><U123/><E112/><N who="2" m="43083" /><F135/><W45/><G39/><T61/><D73/><U106/><E106/><V18/><F128/><N who="1" m="49193" /><E12/><N who="3" m="4682" /><G19/><N who="2" m="7209" /><F14/><W30/><G30/><T109/><D109/><U58/><E20/><V70/><F101/><N who="3" m="60671" /><G40/><T31/><D51/><U8/><E8/><V74/><F74/><W91/><G78/><T5/><D5/><U83/><E62/><N who="2" m="40215" /><F93/><AGARI ba="2,1" hai="42,44,45,46,49,87,91,93" m="60671,4682" machi="93" ten="30,7700,0" yaku="8,1,52,3" doraHai="43" who="3" fromWho="2" sc="105,0,206,0,382,-83,297,93" /><INIT seed="7,0,0,2,1,67" ten="105,206,299,390" oya="3" hai0="92,38,106,25,8,27,60,78,24,59,84,85,19" hai1="100,55,110,12,61,34,115,75,109,122,131,56,103" hai2="80,112,50,6,1,128,41,119,5,127,116,96,11" hai3="17,36,86,39,113,35,102,7,118,87,111,29,20"/><W76/><G118/><T120/><D106/><U45/><E75/><V40/><F112/><W54/><G7/><T81/><D120/><U79/><E122/><V69/><F128/><W94/><G29/><T88/><D38/><U71/><E34/><V9/><F127/><W101/><G35/><T57/><D57/><U13/><E79/><V21/><F21/><W95/><G54/><T97/><D85/><U99/><E45/><V134/><F134/><W10/><G20/><T117/><D117/><U48/><E48/><V124/><F124/><W105/><G17/><T82/><D82/><U74/><E55/><V73/><F50/><W28/><G28/><T44/><D44/><U107/><E107/><V90/><F73/><W108/><G105/><T72/><D72/><U0/><E74/><V104/><F104/><W37/><G37/><T2/><D2/><U123/><E0/><V130/><F1/><W126/><G10/><T14/><REACH who="0" step="1"/><D25/><REACH who="0" ten="95,206,299,390" step="2"/><U43/><E56/><V46/><F46/><W129/><G126/><T132/><D132/><U49/><E123/><V23/><F80/><W77/><G129/><T58/><D58/><U51/><E131/><V70/><F130/><W3/><G3/><T26/><D26/><U15/><E109/><V98/><F23/><W121/><G121/><T93/><D93/><U89/><E110/><V33/><F33/><W22/><G22/><T125/><D125/><U32/><E32/><V114/><F119/><W31/><G111/><T18/><D18/><U52/><E13/><V91/><F116/><W4/><G108/><T16/><D16/><RYUUKYOKU ba="0,1" sc="95,15,206,-15,299,15,390,-15" hai0="8,14,19,24,27,59,60,78,81,84,88,92,97" hai2="5,6,9,11,40,41,69,70,90,91,96,98,114" owari="110,-39.0,191,-21.0,314,11.0,385,49.0" /></mjloggm>