<mjloggm ver="2.3"><GO type="169" lobby="0"/><UN n0="%68%72%6B%69%6E%67" n1="%74%6F%6E%6E%75%72%61" n2="%E3%82%AB%E3%83%95%E3%82%A7%E3%83%AC%E3%82%AA" n3="%E5%B0%B1%E6%B4%BB%E7%94%9F%40%E5%B7%9D%E6%9D%91%E8%BB%8D%E5%9B%A3" dan="17,16,16,17" rate="2182.80,2051.66,2133.79,2242.08" sx="M,M,M,M"/><TAIKYOKU oya="0"/><INIT seed="0,0,0,2,2,40" ten="250,250,250,250" oya="0" hai0="54,45,134,34,104,90,96,3,98,68,47,117,36" hai1="59,128,55,17,110,116,37,25,44,113,20,10,18" hai2="31,7,53,61,126,70,89,114,86,82,66,81,2" hai3="108,9,57,46,5,77,100,11,135,29,4,132,14"/><T22/><D34/><U1/><E110/><V92/><F114/><W30/><G100/><T35/><D35/><U15/><E116/><V73/><F126/><W75/><G75/><T88/><D3/><U13/><E128/><V115/><F115/><W94/><G77/><T69/><D36/><U56/><E113/><V133/><F133/><N who="3" m="51275" /><G57/><T32/><D32/><U39/><E1/><V16/><F31/><N who="3" m="11787" /><G94/><T63/><D134/><U120/><E120/><V84/><F73/><W38/><G38/><T28/><D117/><U8/><E56/><V42/><F42/><W93/><G93/><T129/><D129/><U102/><E102/><V118/><F118/><W124/><G46/><N who="0" m="17419" /><D69/><U33/><E33/><V131/><F131/><W107/><G107/><T64/><D64/><U123/><E123/><V43/><F43/><W49/><G49/><T58/><D68/><U24/><E44/><V83/><F53/><W27/><G124/><T101/><D101/><U79/><E39/><V71/><F70/><W91/><G91/><N who="0" m="34859" /><D104/><U121/><E37/><V12/><F66/><W97/><G97/><T6/><D6/><U85/><E121/><V105/><F71/><W74/><G74/><T106/><D106/><U99/><E99/><V26/><F105/><W21/><G108/><T122/><D122/><U112/><E112/><V127/><F127/><W119/><G119/><T103/><D103/><U130/><E130/><V87/><F7/><W80/><G5/><T52/><D54/><U72/><E55/><V67/><F2/><W23/><G4/><T50/><D63/><U48/><E72/><RYUUKYOKU ba="0,0" sc="250,30,250,-10,250,-10,250,-10" hai0="22,28,50,52,58,96,98" /><INIT seed="0,1,0,5,1,57" ten="280,240,240,240" oya="0" hai0="113,80,106,118,36,18,66,46,84,0,120,56,112" hai1="63,13,65,130,107,26,71,6,82,47,115,114,70" hai2="69,8,21,116,119,93,128,19,30,76,94,100,38" hai3="83,33,10,86,49,23,121,7,73,98,9,133,123"/><T17/><D106/><U96/><E130/><V44/><F69/><W41/><G33/><T5/><D120/><U68/><E82/><V125/><F128/><W28/><G73/><T122/><D122/><N who="3" m="46601" /><G133/><T20/><D118/><U16/><E6/><V39/><F125/><W1/><G98/><T64/><D5/><U29/><E47/><V12/><F76/><W90/><G10/><T2/><D46/><U35/><E96/><V87/><F44/><N who="3" m="25743" /><G23/><T45/><D45/><U27/><E27/><V15/><F30/><AGARI ba="1,0" hai="1,7,9,28,30,83,86,90" m="25743,46601" machi="30" ten="30,1000,0" yaku="13,1" doraHai="57" who="3" fromWho="2" sc="280,0,240,0,240,-13,240,13" /><INIT seed="1,0,0,5,0,50" ten="280,240,227,253" oya="1" hai0="35,32,30,108,78,103,77,22,7,113,110,64,61" hai1="19,114,33,95,73,56,105,127,46,14,112,16,20" hai2="98,83,72,54,88,117,85,39,96,8,28,82,107" hai3="2,21,87,69,17,62,130,104,49,11,59,3,99"/><U109/><E105/><V128/><F117/><W66/><G130/><T27/><D7/><U71/><E71/><V10/><F39/><W13/><G87/><T29/><D103/><U37/><E33/><V134/><F128/><W115/><G115/><T92/><D92/><U111/><E73/><V52/><F134/><W60/><G49/><T91/><D91/><U84/><E127/><V102/><F28/><W34/><G34/><T124/><D124/><U57/><E37/><V121/><F121/><W25/><G99/><T76/><D113/><U24/><E46/><V118/><F118/><W79/><G79/><T123/><D123/><U131/><E131/><V41/><F41/><W9/><G9/><T122/><D122/><U40/><E40/><V1/><F98/><W18/><REACH who="3" step="1"/><G104/><REACH who="3" ten="280,240,227,243" step="2"/><T48/><D48/><U67/><E114/><V133/><F133/><W106/><G106/><T125/><D125/><U53/><E112/><V43/><F43/><W55/><AGARI ba="0,1" hai="2,3,11,13,17,18,21,25,55,59,60,62,66,69" machi="55" ten="20,5200,0" yaku="1,1,0,1,7,1,52,1,53,0" doraHai="50" doraHaiUra="70" who="3" fromWho="3" sc="280,-13,240,-26,227,-13,243,62" /><INIT seed="2,0,0,1,0,14" ten="267,214,214,305" oya="2" hai0="66,70,108,110,65,123,67,96,50,121,125,17,122" hai1="119,5,16,126,22,0,27,85,36,87,114,30,76" hai2="103,57,28,59,24,118,34,47,64,43,68,10,29" hai3="45,42,115,132,20,44,131,11,105,82,92,9,7"/><V4/><F118/><W116/><G105/><T60/><D96/><U84/><E114/><V41/><F29/><W113/><G116/><T95/><D95/><U1/><E119/><V133/><F133/><W77/><G132/><T3/><D3/><U83/><E126/><V72/><F72/><W102/><G131/><T51/><D125/><U40/><E1/><V19/><F68/><W58/><G58/><T46/><D17/><U109/><E109/><N who="0" m="42089" /><D51/><U55/><E55/><AGARI ba="0,0" hai="46,50,55,60,65,66,67,70,121,122,123" m="42089" machi="55" ten="40,5200,0" yaku="14,1,34,2" doraHai="14" who="0" fromWho="1" sc="267,52,214,-52,214,0,305,0" /><INIT seed="3,0,0,5,0,113" ten="319,162,214,305" oya="3" hai0="7,95,5,115,101,14,126,43,64,65,9,39,22" hai1="40,11,2,71,82,105,79,10,31,59,18,125,57" hai2="107,99,24,114,116,52,38,128,102,97,50,19,6" hai3="106,123,75,53,86,77,45,49,135,85,93,131,133"/><W13/><G106/><T1/><D115/><U122/><E122/><V109/><F38/><W118/><G123/><T121/><D121/><U130/><E71/><V120/><F120/><W112/><G112/><T27/><D126/><U80/><E130/><V30/><F6/><W0/><G0/><T76/><D76/><U25/><E105/><V83/><F99/><W36/><G36/><T46/><D5/><U72/><E125/><V127/><F109/><W33/><G33/><T51/><D39/><U17/><E80/><V111/><F111/><W60/><G75/><T132/><D132/><N who="3" m="50761" /><G131/><T61/><D1/><U28/><E40/><V110/><F110/><W96/><G60/><T88/><D101/><U70/><E70/><V58/><F128/><W119/><G13/><T12/><D14/><U68/><E68/><V23/><F127/><W54/><G53/><T134/><D61/><U94/><E2/><V62/><F62/><W32/><G32/><T73/><D73/><U129/><E129/><V4/><F114/><W92/><G92/><T84/><REACH who="0" step="1"/><D134/><REACH who="0" ten="309,162,214,305" step="2"/><U8/><E72/><V89/><F107/><W42/><G77/><T78/><D78/><U20/><E79/><V26/><F4/><W108/><G108/><T47/><D47/><U104/><E104/><V98/><F102/><N who="3" m="60687" /><G42/><T74/><D74/><U29/><E59/><V91/><F58/><W81/><G81/><T100/><D100/><U16/><E57/><V69/><F83/><W103/><G103/><T63/><D63/><U56/><E56/><V21/><F69/><W124/><G124/><T48/><D48/><RYUUKYOKU ba="0,1" sc="309,15,162,-15,214,-15,305,15" hai0="7,9,12,22,27,43,46,51,64,65,84,88,95" hai3="45,49,54,85,86,118,119" /><INIT seed="3,1,1,0,2,109" ten="324,147,199,320" oya="3" hai0="80,6,125,56,102,129,17,117,110,111,20,58,55" hai1="36,84,8,123,90,68,29,49,38,82,76,134,37" hai2="96,85,124,14,1,34,44,89,106,32,81,0,64" hai3="15,92,25,98,74,45,93,4,130,75,67,99,41"/><W30/><G130/><T97/><D117/><U22/><E134/><V72/><F124/><W65/><G4/><T19/><D125/><U107/><E123/><V94/><F64/><W31/><G15/><T101/><D6/><U126/><E126/><V54/><F14/><W77/><G77/><T39/><D39/><U18/><E68/><V79/><F44/><W115/><G25/><T105/><D129/><U69/><E69/><V95/><F54/><W33/><G45/><T5/><D5/><U104/><E8/><V42/><F42/><W60/><G60/><T3/><D3/><N who="2" m="1098" /><F95/><W120/><G120/><T113/><D80/><U135/><E135/><V59/><F59/><W132/><G132/><T47/><D47/><U108/><E108/><V73/><F73/><W27/><G27/><T16/><D102/><AGARI ba="1,1" hai="32,34,72,79,81,85,89,94,96,102,106" m="1098" machi="102" ten="30,1000,0" yaku="24,1" doraHai="109" who="2" fromWho="0" sc="324,-13,147,0,199,23,320,0" /><INIT seed="4,0,0,4,1,6" ten="311,147,222,320" oya="0" hai0="123,102,114,125,57,39,67,53,122,29,98,38,40" hai1="89,101,58,72,49,66,56,51,113,93,55,130,85" hai2="1,103,12,80,43,110,18,54,8,27,14,92,61" hai3="37,42,132,45,21,15,128,9,25,62,75,50,24"/><T34/><D114/><U2/><E2/><V127/><F110/><W124/><G75/><T107/><D125/><U33/><E33/><V131/><F127/><W97/><G124/><T112/><D112/><U32/><E32/><V3/><F131/><W28/><G128/><T86/><D67/><U26/><E130/><V78/><F43/><W77/><G132/><T120/><D40/><U48/><E72/><V71/><F27/><W70/><G77/><T65/><D65/><U74/><E74/><V60/><F71/><W84/><G70/><T119/><D119/><U19/><E113/><V68/><F68/><W0/><G0/><T129/><D129/><U121/><E121/><V88/><F103/><W63/><G37/><T35/><D35/><U96/><E26/><V7/><F1/><W81/><G25/><T23/><D34/><U106/><E19/><V100/><F100/><W118/><G97/><T109/><D109/><U73/><E73/><V135/><F135/><W10/><G118/><T31/><D23/><U41/><E41/><V36/><F36/><W90/><G10/><T20/><D20/><U83/><E106/><V46/><F3/><W133/><G133/><T134/><D134/><U64/><E64/><V69/><F69/><W105/><G105/><T99/><D39/><U104/><E104/><V13/><F78/><W87/><G87/><T4/><D38/><U17/><E17/><AGARI ba="0,0" hai="9,15,17,21,24,28,42,45,50,62,63,81,84,90" machi="17" ten="30,3900,0" yaku="7,1,8,1,52,1" doraHai="6" who="3" fromWho="1" sc="311,0,147,-39,222,0,320,39" /><INIT seed="5,0,0,4,2,89" ten="311,108,222,359" oya="1" hai0="100,49,78,124,13,26,98,119,50,87,79,101,69" hai1="112,108,75,84,118,7,23,115,103,34,46,113,85" hai2="4,0,110,20,43,40,134,105,52,53,2,128,25" hai3="28,15,66,37,133,29,55,111,135,121,17,12,54"/><U122/><E34/><V92/><F110/><W82/><G111/><T132/><D69/><U39/><E108/><V62/><F105/><W81/><G37/><T90/><D119/><U38/><E75/><V125/><F125/><W6/><G6/><T14/><D124/><U32/><E32/><V41/><F134/><N who="3" m="51211" /><G66/><T131/><D132/><U36/><E118/><V58/><F128/><W30/><G121/><T24/><D131/><U94/><E122/><V45/><F4/><W63/><G63/><T80/><D98/><N who="1" m="59863" /><E7/><V74/><F74/><W48/><G15/><T86/><D90/><U97/><E97/><V93/><F2/><W56/><G55/><T10/><D80/><U3/><E3/><V107/><F107/><W95/><G95/><N who="2" m="36425" /><F0/><W60/><G60/><T31/><D31/><U71/><E71/><V102/><F102/><W88/><G88/><T35/><D35/><U99/><E99/><V1/><F1/><W104/><G104/><T114/><D10/><AGARI ba="0,0" hai="10,12,17,28,29,30,48,54,56,81,82" m="51211" machi="10" ten="30,1000,0" yaku="20,1" doraHai="89" who="3" fromWho="0" sc="311,-10,108,0,222,0,359,10" /><INIT seed="6,0,0,4,2,19" ten="301,108,222,369" oya="2" hai0="92,13,23,4,50,20,34,42,72,109,130,84,36" hai1="102,127,41,117,48,119,80,95,114,31,58,30,90" hai2="99,70,107,93,89,133,1,111,59,108,77,118,94" hai3="125,113,105,128,65,24,55,73,6,91,45,135,9"/><V47/><F70/><W126/><G105/><T37/><D72/><U61/><E127/><N who="3" m="48650" /><G73/><T116/><D116/><U15/><E114/><V63/><F1/><W115/><G65/><T85/><D34/><U51/><E117/><V16/><F118/><W79/><G135/><T106/><D106/><U8/><E119/><V78/><F133/><W129/><G79/><T35/><D35/><U87/><E102/><V98/><F47/><W12/><G91/><T122/><D122/><U28/><E95/><V5/><F5/><W53/><G24/><T27/><D109/><N who="2" m="42058" /><F107/><W11/><G11/><T57/><D130/><N who="3" m="50281" /><G45/><T123/><D123/><U18/><REACH who="1" step="1"/><E41/><REACH who="1" ten="301,98,222,369" step="2"/><V66/><F94/><W52/><AGARI ba="0,1" hai="6,9,12,52,53,55,113,115" m="50281,48650" machi="52" ten="40,5200,0" yaku="18,1,19,1,54,1" doraHai="19" who="3" fromWho="3" sc="301,-13,98,-13,222,-26,369,62" /><INIT seed="7,0,0,5,2,102" ten="288,85,196,431" oya="3" hai0="93,91,19,80,72,67,5,70,100,62,92,56,125" hai1="42,97,53,65,117,16,66,81,59,13,7,51,48" hai2="61,6,133,119,99,41,21,127,36,8,122,95,44" hai3="94,31,106,128,84,105,47,1,54,129,11,90,46"/><W107/><G31/><T10/><D125/><U43/><E117/><V114/><F114/><W14/><G1/><T3/><D100/><U135/><E135/><V130/><F130/><N who="3" m="50283" /><G54/><T115/><D115/><U24/><E7/><AGARI ba="0,0" hai="7,11,14,46,47,84,90,94,105,106,107" m="50283" machi="7" ten="40,12000,1" yaku="19,1,52,3" doraHai="102" who="3" fromWho="1" sc="288,0,85,-120,196,0,431,120" owari="288,9.0,-35,-54.0,196,-20.0,551,65.0" /></mjloggm>