<mjloggm ver="2.3"><GO type="225" lobby="0"/><UN n0="%E3%81%AE%E3%82%8A%E5%BC%81" n1="%E3%82%A6%E3%83%AB%E3%83%88%E3%83%A9%E7%AB%8B%E7%9B%B4" n2="%65%69%6B%31" n3="%E4%BC%8A%E8%A3%8F%E9%87%8E%E5%8A%A0%E5%A5%88" dan="17,17,18,16" rate="2204.98,2102.13,2128.57,2058.93" sx="M,M,M,F"/><TAIKYOKU oya="0"/><INIT seed="0,0,0,4,1,115" ten="250,250,250,250" oya="0" hai0="117,39,102,31,68,50,63,60,73,4,10,20,24" hai1="101,69,9,71,113,38,40,59,19,66,30,0,76" hai2="134,80,99,83,53,17,96,90,11,45,58,51,87" hai3="126,54,43,2,119,62,36,49,48,52,37,108,29"/><T23/><D39/><N who="3" m="14921" /><G29/><T15/><D73/><U61/><E113/><V5/><F134/><W98/><G98/><T107/><D50/><N who="3" m="19561" /><G2/><T46/><D46/><U6/><E30/><V114/><F114/><W77/><G77/><T64/><D60/><U85/><E101/><V103/><F103/><W124/><G43/><T33/><REACH who="0" step="1"/><D117/><REACH who="0" ten="240,250,250,250" step="2"/><U65/><E38/><V67/><F45/><W72/><G119/><T12/><D12/><U35/><E40/><V41/><F41/><W28/><G72/><T125/><D125/><N who="3" m="48233" /><G28/><T135/><D135/><U18/><E61/><V127/><F127/><W111/><G62/><T82/><D82/><U106/><E0/><V27/><F83/><W55/><AGARI ba="0,1" hai="52,54,55,108,111" m="48233,19561,14921" machi="55" ten="40,12000,2" yaku="28,2,18,1,34,2,54,1" doraHai="115" who="3" fromWho="3" sc="240,-60,250,-30,250,-30,250,130" /><INIT seed="1,0,0,0,1,123" ten="180,220,220,380" oya="1" hai0="31,28,85,72,41,82,121,50,128,49,48,15,105" hai1="131,76,107,86,67,20,77,40,95,14,37,54,21" hai2="118,2,11,71,13,55,62,9,80,65,30,96,73" hai3="81,78,17,119,52,63,89,94,25,19,93,102,92"/><U36/><E107/><V24/><F118/><W134/><G119/><T56/><D121/><U45/><E131/><V57/><F2/><W75/><G134/><T53/><D128/><U83/><E67/><V61/><F13/><W129/><G129/><T66/><D72/><U114/><E114/><V133/><F133/><W10/><G102/><T51/><D105/><U6/><E37/><V3/><F3/><W23/><G10/><T69/><D69/><U108/><E76/><V100/><F80/><W5/><G5/><T106/><D106/><U103/><E54/><V79/><F79/><W116/><G17/><T44/><D66/><U88/><E103/><V130/><F73/><W111/><G116/><T104/><D104/><U68/><E68/><V42/><F42/><W70/><G70/><T90/><REACH who="0" step="1"/><D15/><REACH who="0" ten="170,220,220,380" step="2"/><U112/><E112/><V29/><F130/><W101/><G75/><T8/><D8/><U124/><E124/><V84/><F11/><W33/><G25/><T97/><D97/><U16/><E6/><V125/><F125/><W127/><G127/><T113/><D113/><U18/><E14/><V59/><F71/><W110/><G101/><T38/><AGARI ba="0,1" hai="28,31,38,41,44,48,49,50,51,53,56,82,85,90" machi="38" ten="30,2000,0" yaku="1,1,0,1,53,0" doraHai="123" doraHaiUra="58" who="0" fromWho="0" sc="170,30,220,-10,220,-5,380,-5" /><INIT seed="2,0,0,2,5,97" ten="200,210,215,375" oya="2" hai0="49,73,62,9,24,96,81,48,129,7,14,114,98" hai1="95,45,131,12,13,133,55,63,5,59,132,31,130" hai2="90,92,2,27,94,23,67,100,82,60,105,41,28" hai3="29,17,33,26,37,93,89,20,112,78,85,21,104"/><V117/><F117/><W76/><G104/><T123/><D123/><U80/><E31/><V40/><F2/><W70/><G70/><T10/><D114/><U51/><E80/><V65/><F105/><W111/><G112/><T30/><D129/><N who="1" m="49163" /><E95/><N who="2" m="36395" /><F100/><W120/><G120/><T128/><D128/><U43/><E5/><V54/><F54/><W66/><G66/><N who="2" m="25097" /><F60/><W38/><G33/><T11/><D62/><U121/><E121/><V84/><AGARI ba="0,0" hai="23,27,28,40,41,82,84,90" m="25097,36395" machi="84" ten="30,1500,0" yaku="8,1" doraHai="97" who="2" fromWho="2" sc="200,-5,210,-5,215,15,375,-5" /><INIT seed="2,1,0,5,5,65" ten="195,205,230,370" oya="2" hai0="84,104,125,7,82,56,71,19,48,68,63,87,133" hai1="66,6,52,78,42,10,113,41,90,38,1,98,0" hai2="86,80,100,49,127,97,121,103,91,134,8,3,26" hai3="83,96,22,31,57,70,112,30,111,47,128,116,35"/><V77/><F121/><W130/><G70/><T61/><D104/><U34/><E113/><V21/><F134/><W79/><G116/><T99/><D133/><U94/><E34/><V106/><F127/><W76/><G111/><T16/><D125/><U12/><E66/><V123/><F123/><W54/><G35/><T25/><D7/><U40/><E38/><V60/><F103/><W69/><G69/><T88/><D99/><U118/><E118/><V64/><F49/><W122/><G122/><T117/><D117/><U15/><E78/><V119/><F119/><W13/><G47/><T115/><D115/><U108/><E108/><V126/><F126/><W107/><G96/><T14/><D25/><U9/><REACH who="1" step="1"/><E52/><REACH who="1" ten="195,195,230,370" step="2"/><V102/><F77/><W4/><G54/><T129/><D129/><U33/><E33/><V43/><F64/><W101/><G79/><N who="0" m="46175" /><D68/><U75/><E75/><V85/><F43/><W27/><G76/><T131/><D71/><U32/><E32/><V11/><F60/><N who="0" m="23114" /><D131/><U74/><E74/><V5/><F106/><W110/><G107/><T92/><D14/><U23/><E23/><V55/><F55/><AGARI ba="1,1" hai="16,19,48,55,56,87,88,92" m="23114,46175" machi="55" ten="30,3900,0" yaku="8,1,54,2" doraHai="65" who="0" fromWho="2" sc="195,52,195,0,230,-42,370,0" /><INIT seed="3,0,0,1,0,13" ten="247,195,188,370" oya="3" hai0="53,16,0,50,18,85,89,24,39,106,5,42,26" hai1="117,48,22,118,100,3,2,76,105,88,9,23,78" hai2="34,99,119,107,33,40,54,12,84,8,43,66,37" hai3="111,17,21,57,32,45,59,60,72,109,52,15,110"/><W35/><G72/><T71/><D106/><U101/><E88/><V120/><F119/><N who="1" m="45577" /><E48/><V38/><F66/><N who="3" m="39183" /><G45/><T128/><D71/><U123/><E123/><V1/><F1/><N who="1" m="9" /><E9/><V20/><F20/><N who="1" m="7721" /><E105/><V125/><F125/><W69/><G69/><T25/><D89/><U126/><E126/><V104/><F120/><W41/><G41/><T7/><D42/><U74/><E74/><V95/><F84/><W108/><G108/><T92/><D85/><U79/><AGARI ba="0,0" hai="76,78,79,100,101" m="7721,9,45577" machi="79" ten="40,5200,0" yaku="28,2,12,1" doraHai="13" who="1" fromWho="1" sc="247,-13,195,52,188,-13,370,-26" owari="234,-17.0,247,5.0,175,-32.0,344,44.0" /></mjloggm>