<mjloggm ver="2.3"><GO type="97" lobby="0"/><UN n0="%E5%B0%B1%E6%B4%BB%E7%94%9F%40%E5%B7%9D%E6%9D%91%E8%BB%8D%E5%9B%A3" n1="%E7%89%9B%E4%B9%B3%E4%B8%80%E6%B0%97%E9%A3%B2%E3%81%BF" n2="%31%32%33%34%70%6F%6E" n3="%6E%65%77%6C%65%66%74" dan="16,14,14,13" rate="2131.86,1953.92,1979.23,1960.89" sx="M,M,M,M"/><TAIKYOKU oya="0"/><INIT seed="0,0,0,2,1,81" ten="250,250,250,250" oya="0" hai0="11,118,38,55,120,103,95,54,83,64,107,23,108" hai1="31,18,135,116,100,133,111,117,6,73,132,85,48" hai2="106,40,34,88,16,60,59,70,129,96,17,123,94" hai3="82,69,127,52,74,113,72,91,42,14,41,121,114"/><T58/><D107/><U128/><E73/><V126/><F126/><W28/><G127/><T75/><D38/><U77/><E100/><V32/><F123/><W20/><G69/><T10/><D118/><U112/><E31/><V46/><F129/><W30/><G121/><T99/><D120/><U66/><E66/><V104/><F70/><W7/><G52/><N who="0" m="20011" /><D108/><U92/><E48/><V61/><F46/><W8/><G28/><T57/><D75/><U12/><E111/><V76/><F40/><W109/><G109/><T25/><D83/><N who="1" m="47343" /><E128/><V62/><F76/><W101/><G101/><T33/><D33/><U44/><E44/><V0/><F59/><N who="0" m="22538" /><D64/><U56/><E56/><V90/><F0/><W71/><G71/><T1/><D1/><U29/><E29/><AGARI ba="0,0" hai="10,11,23,25,29,95,99,103" m="22538,20011" machi="29" ten="30,2900,0" yaku="8,1,54,1" doraHai="81" who="0" fromWho="1" sc="250,29,250,-29,250,0,250,0" /><INIT seed="0,1,0,4,1,82" ten="279,221,250,250" oya="0" hai0="53,8,84,119,49,112,106,42,110,47,74,56,52" hai1="76,2,78,13,9,79,120,67,25,107,35,54,38" hai2="46,87,40,98,58,29,27,61,93,39,51,44,85" hai3="103,71,132,109,123,89,104,96,102,4,15,125,41"/><T81/><D112/><U88/><E120/><V37/><F39/><W62/><G123/><T23/><D119/><U70/><E107/><V129/><F129/><W0/><G0/><T77/><D106/><U10/><E38/><V95/><F95/><W122/><G122/><T34/><D34/><U55/><E2/><V20/><F44/><W16/><G4/><T11/><D110/><U83/><E67/><N who="2" m="39351" /><F37/><W101/><G109/><T17/><D74/><U80/><E70/><V36/><F36/><W92/><G125/><T126/><D126/><U3/><E3/><V33/><F33/><W24/><G132/><T14/><D42/><U45/><E35/><V94/><F94/><W22/><G41/><T30/><D30/><U115/><E115/><V108/><F108/><W1/><G1/><T68/><D68/><U5/><E25/><V127/><F127/><W113/><G113/><T18/><D17/><U60/><E10/><V121/><F121/><W118/><G118/><T99/><D99/><U114/><E114/><V6/><F6/><W69/><G62/><AGARI ba="1,0" hai="8,11,14,18,23,47,49,52,53,56,62,77,81,84" machi="62" ten="30,11600,0" yaku="7,1,8,1,52,1,54,1" doraHai="82" who="0" fromWho="3" sc="279,119,221,0,250,0,250,-119" /><INIT seed="0,2,0,3,1,97" ten="398,221,250,131" oya="0" hai0="35,30,111,101,75,45,131,47,49,113,54,130,4" hai1="18,8,50,60,118,61,94,56,20,27,91,29,92" hai2="72,6,9,53,114,82,28,86,112,16,15,3,103" hai3="32,52,108,38,39,120,85,126,40,19,109,63,62"/><T12/><D75/><U65/><E118/><V122/><F122/><W71/><G120/><T46/><D113/><U90/><E50/><V133/><F133/><W43/><G32/><T11/><D111/><N who="3" m="42569" /><G85/><T100/><D30/><U68/><E68/><V105/><F72/><W102/><G19/><T106/><D106/><U73/><E73/><V55/><F28/><W67/><G102/><N who="0" m="39531" /><D35/><U87/><E61/><V33/><F33/><W31/><G31/><T70/><D70/><U57/><E57/><V0/><F0/><W34/><G34/><T117/><D117/><U64/><E8/><V51/><F55/><W99/><G99/><T96/><D96/><N who="1" m="57367" /><E29/><V132/><F132/><W83/><G83/><T78/><D78/><U115/><E115/><V48/><F48/><W24/><G24/><T80/><D80/><U107/><E107/><V89/><F103/><W13/><G13/><T110/><D110/><U88/><E91/><V5/><F105/><W135/><G135/><T23/><D23/><U1/><E1/><V14/><F3/><W119/><G119/><T95/><D95/><U121/><E121/><V76/><F76/><W74/><G74/><T124/><D124/><U26/><E26/><V77/><F77/><W2/><G2/><T41/><D41/><N who="3" m="15945" /><G126/><T7/><D7/><U69/><E69/><V98/><F98/><W25/><G25/><T58/><D130/><U84/><E84/><V134/><F134/><W17/><G17/><T129/><D129/><U59/><E59/><AGARI ba="2,0" hai="38,39,52,59,62,63,67,71" m="15945,42569" machi="59" ten="30,7700,0" yaku="14,1,34,2,54,1" doraHai="97" who="3" fromWho="1" sc="398,0,221,-83,250,0,131,83" /><INIT seed="1,0,0,2,3,117" ten="398,138,250,214" oya="1" hai0="57,55,41,116,135,77,69,32,123,102,27,62,134" hai1="13,130,38,44,96,17,16,65,121,91,37,58,97" hai2="86,59,43,120,115,1,92,14,113,9,20,88,74" hai3="132,75,107,19,71,21,100,112,87,40,105,78,93"/><U127/><E121/><V133/><F74/><W79/><G71/><T34/><D123/><U18/><E127/><V129/><F120/><W83/><G112/><N who="2" m="43081" /><F133/><N who="0" m="50698" /><D116/><U72/><E72/><V33/><F33/><W94/><G132/><T42/><D69/><U31/><E130/><V54/><F129/><W108/><G40/><N who="0" m="15467" /><D77/><U103/><E31/><V45/><F1/><W95/><G108/><T124/><D124/><U4/><E44/><V51/><F20/><W60/><G60/><T90/><D102/><U70/><E70/><V99/><F99/><N who="3" m="59503" /><G19/><T8/><D90/><U49/><E38/><V23/><F23/><W101/><G21/><T7/><D27/><U25/><E37/><V39/><F9/><W73/><G79/><T0/><AGARI ba="0,0" hai="0,7,8,32,34,55,57,62" m="15467,50698" machi="0" ten="30,1100,0" yaku="20,1" doraHai="117" who="0" fromWho="0" sc="398,11,138,-5,250,-3,214,-3" /><INIT seed="2,0,0,5,0,24" ten="409,133,247,211" oya="2" hai0="28,96,95,11,66,36,54,119,90,42,43,38,103" hai1="56,20,126,75,6,100,133,62,111,122,5,81,77" hai2="99,23,15,71,97,135,52,98,48,89,55,3,18" hai3="91,7,128,65,25,83,130,118,29,87,106,115,32"/><V27/><F3/><W39/><G118/><T2/><D119/><U45/><E122/><V17/><F135/><W57/><G106/><T120/><D120/><U73/><E133/><V121/><F71/><W49/><G39/><T72/><D72/><U35/><E35/><V61/><F121/><W82/><G115/><T85/><D66/><U21/><E126/><V125/><F125/><W41/><G7/><T8/><D28/><U50/><E100/><V124/><F124/><W51/><G41/><T10/><D2/><U129/><E129/><N who="3" m="49770" /><G83/><T59/><D38/><U47/><E111/><V14/><F61/><AGARI ba="0,0" hai="25,29,32,49,51,57,61,65,82,87,91" m="49770" machi="61" ten="30,2000,0" yaku="19,1,52,1" doraHai="24" who="3" fromWho="2" sc="409,0,133,0,247,-20,211,20" /><INIT seed="3,0,0,2,5,11" ten="409,133,227,231" oya="3" hai0="74,46,78,26,102,39,58,0,96,106,10,28,130" hai1="31,18,44,121,82,30,104,114,91,125,48,92,95" hai2="5,128,88,25,129,81,42,17,126,94,124,101,99" hai3="119,29,32,100,37,67,53,19,84,80,49,4,118"/><W15/><G37/><T51/><D130/><N who="2" m="50282" /><F42/><W68/><G4/><N who="0" m="1287" /><D51/><U89/><E104/><V41/><F41/><W120/><G120/><T83/><D58/><U77/><E121/><V14/><F5/><W112/><G112/><T64/><D64/><U134/><E114/><V98/><F25/><W110/><G110/><T66/><D66/><U20/><E134/><V62/><F62/><W33/><G100/><T9/><D9/><U12/><E125/><N who="2" m="48235" /><F81/><W40/><G40/><N who="0" m="22815" /><D26/><U55/><E82/><V73/><F73/><W22/><G29/><AGARI ba="0,0" hai="28,29,74,78,83,96,102,106" m="22815,1287" machi="29" ten="30,1000,0" yaku="25,1" doraHai="11" who="0" fromWho="3" sc="409,10,133,0,227,0,231,-10" owari="419,52.0,133,-37.0,227,3.0,221,-18.0" /></mjloggm>