<mjloggm ver="2.3"><GO type="169" lobby="0"/><UN n0="%E9%98%BF%E4%BF%AE%E7%BE%85%E4%BD%B3%E5%A5%88" n1="%E3%82%A6%E3%83%AB%E3%83%88%E3%83%A9%E7%AB%8B%E7%9B%B4" n2="%E5%B0%8F%E9%98%AA%E3%81%A1%E3%81%B2%E3%82%8D" n3="%66%75%6B%75%30%32" dan="16,17,16,16" rate="2073.95,2222.33,2112.44,2145.86" sx="F,M,F,M"/><TAIKYOKU oya="0"/><INIT seed="0,0,0,5,5,11" ten="250,250,250,250" oya="0" hai0="133,70,131,67,61,31,34,20,48,114,115,135,124" hai1="127,98,47,4,64,132,84,116,57,0,80,73,102" hai2="96,26,109,87,89,25,85,43,33,54,5,122,83" hai3="86,77,58,24,28,111,78,121,18,17,75,42,91"/><T130/><BYE who="2" /><D20/><U46/><E116/><V66/><F66/><W51/><G111/><T35/><D48/><U9/><E73/><V81/><F81/><W113/><G113/><N who="0" m="43019" /><D31/><UN n2="%E5%B0%8F%E9%98%AA%E3%81%A1%E3%81%B2%E3%82%8D" /><U112/><E112/><V2/><F122/><W129/><G121/><T21/><D21/><U55/><E64/><V125/><F43/><W60/><G51/><T1/><D1/><U36/><E36/><V69/><F69/><W41/><G75/><T37/><D37/><U29/><E29/><V56/><F109/><W101/><G101/><T71/><D124/><U49/><E127/><V118/><F118/><W40/><G28/><T100/><D100/><U50/><E50/><V52/><F125/><W12/><G24/><T82/><D82/><U88/><REACH who="1" step="1"/><E132/><REACH who="1" ten="250,240,250,250" step="2"/><N who="0" m="50761" /><D71/><U14/><E14/><V117/><F117/><W68/><G68/><T19/><D19/><U108/><E108/><V27/><F2/><W105/><G17/><T134/><D134/><U45/><E45/><V99/><F26/><W65/><G18/><T95/><D95/><AGARI ba="0,1" hai="0,4,9,46,47,49,55,57,80,84,88,95,98,102" machi="95" ten="30,7700,0" yaku="1,1,7,1,54,1,53,1" doraHai="11" doraHaiUra="7" who="1" fromWho="0" sc="250,-77,240,87,250,0,250,0" /><INIT seed="1,0,0,5,2,86" ten="173,327,250,250" oya="1" hai0="18,51,36,123,10,128,103,63,46,1,122,116,16" hai1="90,81,47,107,78,112,20,79,119,77,105,7,71" hai2="34,126,131,113,9,39,23,38,6,135,125,5,45" hai3="44,33,73,40,124,69,97,61,67,84,4,15,22"/><U88/><E71/><V8/><F45/><W85/><G73/><T17/><D116/><U109/><E7/><N who="2" m="2571" /><F38/><W14/><G33/><T104/><D1/><U30/><E30/><V27/><F39/><W2/><G2/><T80/><D36/><U70/><E20/><V53/><F53/><W42/><G124/><N who="2" m="47721" /><F113/><W26/><G97/><N who="0" m="61551" /><D63/><U108/><E70/><V134/><F34/><W65/><G65/><T99/><D10/><N who="2" m="4202" /><F131/><W28/><G42/><T118/><D118/><U68/><E68/><V133/><F23/><W72/><G44/><T12/><D128/><U91/><E47/><V129/><F129/><W117/><G40/><T37/><D37/><U87/><E112/><V0/><F27/><W58/><G117/><T43/><D99/><U130/><E119/><V127/><N who="2" m="47729" /><V59/><DORA hai="93" /><F59/><BYE who="2" /><W31/><G58/><T110/><D110/><N who="1" m="42603" /><E130/><V11/><F11/><W56/><G69/><T64/><D64/><U54/><E54/><V132/><F132/><W62/><G67/><T57/><D57/><U89/><AGARI ba="0,0" hai="77,78,79,81,87,88,89,90,91,105,107" m="42603" machi="89" ten="40,24000,3" yaku="14,1,10,1,34,2,52,4,54,1" doraHai="86,93" who="1" fromWho="1" sc="173,-80,327,240,250,-80,250,-80" /><INIT seed="1,1,0,3,4,75" ten="93,567,170,170" oya="1" hai0="121,76,56,2,57,5,107,13,111,39,9,1,50" hai1="33,27,43,115,60,81,125,17,102,30,48,77,96" hai2="87,116,84,0,105,103,127,80,7,62,6,106,12" hai3="52,133,64,11,118,104,129,15,98,85,100,22,35"/><U101/><E115/><V92/><F92/><W120/><G35/><T66/><D107/><U88/><E125/><V110/><F110/><W93/><G120/><T53/><D39/><U21/><E60/><V130/><F130/><W37/><G129/><T97/><D111/><U135/><E135/><V63/><F63/><W61/><G37/><T128/><D128/><U124/><E124/><V90/><F90/><W19/><G133/><T34/><D34/><U109/><E109/><V26/><F26/><W38/><G38/><T71/><D71/><U10/><E10/><V42/><F42/><W31/><G118/><T40/><D40/><U45/><E88/><V95/><F95/><W55/><G104/><T54/><D97/><U108/><E96/><V74/><F74/><W16/><G85/><T126/><D66/><U79/><E108/><V14/><F14/><W122/><G31/><T132/><D132/><U58/><E58/><V25/><F25/><N who="3" m="14559" /><G122/><T83/><D126/><U94/><E94/><V59/><F59/><AGARI ba="1,0" hai="11,15,16,52,55,59,61,64,93,98,100" m="14559" machi="59" ten="30,3900,0" yaku="8,1,54,2" doraHai="75" who="3" fromWho="2" sc="93,0,567,0,170,-42,170,42" /><INIT seed="2,0,0,1,4,43" ten="93,567,128,212" oya="2" hai0="85,126,132,77,45,66,24,28,35,53,69,111,29" hai1="109,82,116,73,124,90,133,56,74,21,55,95,75" hai2="11,97,42,37,34,62,20,39,88,110,115,9,3" hai3="93,30,0,79,25,104,127,134,52,23,87,12,7"/><V46/><F46/><W129/><G104/><T48/><D111/><U14/><E116/><V94/><F94/><W63/><G0/><T18/><D132/><U10/><E124/><V58/><F58/><N who="3" m="35271" /><G134/><T41/><D126/><U8/><E133/><V65/><F65/><W67/><G127/><T60/><D28/><U59/><E59/><V118/><F118/><W71/><G71/><T19/><D77/><U40/><E40/><V108/><F108/><W16/><G67/><T80/><D80/><U131/><E131/><UN n2="%E5%B0%8F%E9%98%AA%E3%81%A1%E3%81%B2%E3%82%8D" /><V130/><F110/><W92/><G7/><T4/><D85/><U54/><E54/><V33/><F130/><W81/><G129/><T120/><D120/><U78/><E21/><AGARI ba="0,0" hai="12,16,21,23,25,30,79,81,87,92,93" m="35271" machi="21" ten="30,3900,0" yaku="8,1,54,2" doraHai="43" who="3" fromWho="1" sc="93,0,567,-39,128,0,212,39" /><INIT seed="3,0,0,1,5,81" ten="93,528,128,251" oya="3" hai0="113,125,3,15,104,11,135,84,102,128,47,20,77" hai1="27,26,52,87,58,10,117,116,127,44,131,95,54" hai2="97,28,121,68,101,67,1,85,29,96,62,24,50" hai3="6,94,124,134,36,13,122,110,30,98,123,19,93"/><W118/><G36/><T48/><D135/><U33/><E127/><V40/><F1/><W64/><G118/><T80/><D125/><U49/><E10/><V25/><F121/><W22/><G124/><T103/><D128/><U74/><E74/><V34/><F40/><W86/><G134/><T56/><D113/><U37/><E131/><V8/><F8/><W55/><G6/><T75/><D104/><U2/><E2/><V31/><F50/><W119/><G119/><N who="1" m="45642" /><E33/><V126/><F126/><W38/><G38/><T105/><D105/><U99/><E87/><V41/><F41/><W53/><G64/><T32/><D32/><U82/><E82/><V23/><F31/><W66/><G66/><T88/><D56/><U0/><E0/><V92/><F96/><W5/><G5/><T111/><D111/><U76/><E76/><V107/><F92/><W69/><G69/><T100/><D20/><U71/><E71/><V18/><F18/><W51/><G30/><T63/><D63/><N who="1" m="36295" /><E37/><V79/><F79/><W89/><G110/><T57/><D3/><U106/><E106/><V42/><F42/><W9/><G9/><T35/><D35/><U90/><AGARI ba="0,0" hai="26,27,44,49,54,90,95,99" m="36295,45642" machi="90" ten="30,2000,0" yaku="12,1,54,1" doraHai="81" who="1" fromWho="1" sc="93,-5,528,20,128,-5,251,-10" /><INIT seed="4,0,0,4,3,102" ten="88,548,123,241" oya="0" hai0="2,3,119,49,124,65,116,98,96,103,82,88,20" hai1="79,108,10,11,27,94,55,53,126,57,111,43,99" hai2="134,80,87,36,9,30,105,67,40,44,61,106,8" hai3="50,0,51,66,18,89,113,117,73,59,133,64,131"/><T47/><D65/><N who="3" m="25193" /><G0/><T72/><D124/><U75/><E126/><V21/><F21/><W15/><BYE who="2" /><G73/><T35/><D35/><U114/><E43/><V85/><F85/><W112/><G117/><T135/><D135/><U14/><E75/><V58/><F58/><W31/><G133/><T93/><D2/><U68/><E79/><V26/><F26/><W34/><G131/><T130/><D3/><U37/><E37/><UN n2="%E5%B0%8F%E9%98%AA%E3%81%A1%E3%81%B2%E3%82%8D" /><V109/><F109/><W32/><G89/><T104/><D130/><U39/><E39/><V24/><F134/><W46/><G59/><T16/><D82/><U129/><E27/><V42/><F42/><BYE who="2" /><N who="3" m="24919" /><G51/><T1/><D1/><U86/><E68/><V5/><F5/><W115/><G31/><T91/><D91/><U70/><E70/><V63/><F63/><W25/><G25/><T52/><D72/><U6/><E57/><V76/><F76/><W54/><G54/><T101/><D101/><U78/><E55/><V60/><F60/><W110/><G110/><T107/><D104/><U123/><E53/><V128/><F128/><W97/><G97/><T71/><D71/><U132/><E99/><V28/><F28/><W83/><G83/><T100/><D103/><U45/><E129/><V92/><F92/><W69/><G69/><T29/><D29/><U33/><E132/><V41/><F41/><W13/><G13/><AGARI ba="0,0" hai="13,16,20,47,49,52,88,93,96,98,100,107,116,119" machi="13" ten="30,12000,1" yaku="7,1,52,1,54,3" doraHai="102" who="0" fromWho="3" sc="88,120,548,0,123,0,241,-120" /><INIT seed="4,1,0,0,4,122" ten="208,548,123,121" oya="0" hai0="20,70,51,52,36,97,50,10,69,77,98,9,110" hai1="91,32,102,21,133,38,4,104,108,125,22,41,55" hai2="76,90,85,7,16,74,81,8,2,6,126,44,11" hai3="13,19,66,119,27,94,111,84,68,103,67,113,63"/><T93/><D36/><U120/><E22/><V89/><F89/><W75/><G119/><T121/><D77/><U54/><E21/><V114/><F114/><W26/><G75/><T87/><D20/><U12/><E12/><V109/><F109/><W65/><G113/><T129/><D129/><U99/><E4/><V14/><F14/><W30/><G111/><T72/><D72/><U61/><E55/><V37/><F37/><W29/><G63/><T62/><D62/><U0/><E54/><V60/><F60/><W40/><G40/><T83/><D121/><U3/><E41/><V59/><F59/><W25/><G68/><T82/><D110/><U33/><E61/><V18/><F18/><W45/><G45/><T107/><D107/><U34/><E34/><V15/><F15/><W47/><G47/><T49/><D52/><U48/><E48/><V56/><F56/><W23/><REACH who="3" step="1"/><G84/><REACH who="3" ten="208,548,123,111" step="2"/><T116/><D116/><U24/><E108/><V134/><F134/><W101/><G101/><T115/><D115/><U79/><E102/><V86/><F86/><W39/><G39/><T96/><D70/><U46/><E38/><V78/><F78/><W28/><G28/><T92/><D69/><U118/><E118/><V42/><F42/><W100/><G100/><T5/><D87/><U105/><E120/><V53/><F53/><W128/><G128/><T127/><D50/><U106/><E46/><V112/><F112/><W88/><G88/><T17/><D51/><U58/><E91/><V117/><F117/><W73/><G73/><T95/><D49/><U80/><E133/><RYUUKYOKU ba="1,1" sc="208,-10,548,-10,123,-10,111,30" hai3="13,19,23,25,26,27,29,30,65,66,67,94,103" /><INIT seed="5,2,1,0,0,101" ten="198,538,113,141" oya="1" hai0="103,50,120,110,28,62,92,40,22,21,64,25,27" hai1="53,124,127,44,93,86,42,70,102,4,73,130,105" hai2="30,98,57,29,71,1,80,83,129,77,12,100,66" hai3="60,69,95,87,112,85,132,3,9,104,14,90,37"/><U122/><E70/><V72/><F72/><W75/><G75/><T43/><D110/><U94/><E4/><V88/><F88/><N who="3" m="53647" /><G104/><T96/><D120/><U128/><E53/><V18/><F18/><W116/><G37/><T11/><D11/><U121/><E73/><V49/><F49/><W20/><G3/><T48/><D48/><U123/><E44/><V7/><F7/><W0/><G0/><T99/><D99/><N who="1" m="61663" /><E42/><V135/><F135/><W107/><G107/><T133/><D50/><U24/><E24/><V36/><F36/><W19/><G69/><T117/><D133/><U31/><E31/><V67/><F67/><W125/><G132/><T114/><D114/><U91/><E94/><V39/><F39/><W34/><G112/><T5/><D5/><U6/><E6/><V134/><F134/><W118/><G34/><T17/><D117/><N who="3" m="45161" /><G125/><AGARI ba="2,1" hai="86,91,93,121,122,123,124,125,127,128,130" m="61663" machi="125" ten="40,12000,1" yaku="18,1,34,2,52,1" doraHai="101" who="1" fromWho="3" sc="198,0,538,136,113,0,141,-126" /><INIT seed="5,3,0,5,5,92" ten="198,674,113,15" oya="1" hai0="11,67,9,10,16,85,108,49,58,68,96,102,71" hai1="93,17,69,88,119,115,55,125,4,33,18,111,121" hai2="19,26,53,37,48,0,6,80,90,133,99,123,118" hai3="20,113,40,120,81,54,104,132,127,61,91,51,60"/><U89/><E121/><V1/><F1/><W44/><G104/><T117/><D108/><U41/><E69/><V45/><F45/><W116/><G120/><T2/><D2/><U122/><E33/><V65/><F65/><W95/><G113/><T75/><D75/><U72/><E72/><V98/><F98/><W106/><G106/><T15/><D85/><U36/><E36/><V129/><F129/><W82/><G127/><T32/><D32/><U63/><E41/><V100/><F100/><W114/><G114/><T13/><D117/><U134/><E134/><V28/><F28/><W22/><G132/><T84/><D84/><U87/><E125/><V5/><F5/><W66/><G116/><T52/><D67/><U42/><E42/><V86/><F86/><N who="3" m="52727" /><G40/><T76/><D76/><U110/><E122/><V30/><F30/><W50/><G50/><T124/><D124/><U57/><E119/><V78/><F78/><W27/><G20/><T126/><D126/><U34/><E34/><V29/><F29/><N who="3" m="17655" /><G66/><T14/><D71/><U94/><E115/><V83/><F83/><AGARI ba="3,0" hai="44,51,54,60,61,81,82,83" m="17655,52727" machi="83" ten="30,1000,0" yaku="8,1" doraHai="92" who="3" fromWho="2" sc="198,0,674,0,113,-19,15,19" /><INIT seed="6,0,0,5,3,56" ten="198,674,94,34" oya="2" hai0="72,103,102,48,35,96,109,132,81,47,39,15,13" hai1="122,65,42,54,104,73,121,71,66,45,99,79,32" hai2="84,33,19,69,100,111,57,34,8,131,98,38,53" hai3="88,118,63,87,31,129,23,125,107,123,44,64,75"/><V52/><F52/><W24/><G123/><T60/><D35/><U2/><E54/><V95/><F95/><W119/><G118/><T90/><D39/><U28/><E2/><V124/><F124/><W10/><G119/><T18/><D109/><U7/><E7/><V17/><F17/><W130/><G75/><T116/><D116/><U37/><E28/><V62/><F62/><W93/><G107/><T20/><D132/><U80/><E32/><V108/><F108/><W86/><G125/><T58/><D15/><U110/><E110/><V59/><F59/><N who="3" m="36991" /><G10/><T9/><D20/><U55/><E55/><V12/><F12/><W16/><G44/><T134/><D134/><U76/><E76/><V27/><F27/><W83/><G31/><T112/><D112/><U77/><E77/><V61/><F61/><W1/><G1/><T22/><D22/><U128/><E128/><N who="3" m="49258" /><G83/><T94/><D81/><U21/><E21/><V40/><F40/><W105/><G105/><T50/><D72/><U46/><E46/><V126/><F126/><W78/><G78/><T49/><D47/><U117/><E117/><V70/><F70/><W41/><G41/><T127/><D127/><U133/><E133/><V106/><F106/><W89/><G89/><T114/><D114/><U29/><E29/><V51/><F51/><W101/><G101/><T36/><D36/><U30/><E30/><V113/><F113/><W5/><G5/><T6/><D6/><U91/><E71/><V0/><F0/><W43/><G43/><T92/><D103/><N who="1" m="62591" /><E91/><V68/><F68/><W26/><G26/><RYUUKYOKU ba="0,0" sc="198,-15,674,15,94,-15,34,15" hai1="37,42,45,65,66,73,79,80,121,122" hai3="16,23,24,86,87,88,93" /><INIT seed="7,1,0,2,2,122" ten="183,689,79,49" oya="3" hai0="55,13,16,106,7,35,76,36,24,89,63,135,92" hai1="19,56,107,44,45,72,2,88,97,65,31,121,105" hai2="104,21,40,5,110,116,131,71,50,130,123,53,93" hai3="38,33,61,127,80,6,14,43,118,115,46,11,58"/><W111/><G118/><T79/><D106/><U84/><E2/><V3/><F3/><W64/><G33/><T134/><D36/><U25/><E72/><V132/><F132/><N who="0" m="50730" /><D7/><U124/><E19/><V49/><F49/><W52/><G115/><T108/><D108/><U83/><E124/><V120/><F120/><W51/><G127/><T101/><D101/><U66/><E66/><V126/><F126/><W32/><G32/><T0/><D0/><U67/><E67/><V125/><F125/><W54/><G111/><T15/><D15/><U23/><E107/><V103/><F103/><W99/><G99/><N who="0" m="57743" /><D55/><U20/><E20/><V9/><F9/><W10/><G10/><N who="0" m="6199" /><D63/><U86/><E31/><AGARI ba="1,0" hai="24,31,35,76,79" m="6199,57743,50730" machi="31" ten="30,2000,0" yaku="20,1,54,1" doraHai="122" who="0" fromWho="1" sc="183,23,689,-23,79,0,49,0" owari="206,1.0,666,76.0,79,-32.0,49,-45.0" /></mjloggm>