<mjloggm ver="2.3"><GO type="169" lobby="0"/><UN n0="%E2%85%A8%E3%81%AE%E4%BC%91%E6%97%A5" n1="%73%73%74%61%72%6F" n2="%74%6F%6E%6E%75%72%61" n3="%E5%B0%B1%E6%B4%BB%E7%94%9F%40%E5%B7%9D%E6%9D%91%E8%BB%8D%E5%9B%A3" dan="16,17,17,17" rate="2074.22,2181.53,2132.15,2197.04" sx="M,M,M,M"/><TAIKYOKU oya="0"/><INIT seed="0,0,0,3,4,30" ten="250,250,250,250" oya="0" hai0="89,62,107,2,124,86,50,20,23,82,75,57,115" hai1="37,97,77,64,26,65,85,9,15,13,83,47,91" hai2="113,81,125,94,14,27,134,63,46,69,131,73,44" hai3="100,108,41,112,49,92,53,99,121,118,84,32,43"/><T103/><D115/><U102/><E15/><V87/><F113/><W12/><G112/><T56/><D2/><U33/><E77/><V54/><F134/><W28/><G118/><T3/><D3/><U42/><E26/><V109/><F109/><W4/><G108/><T133/><D124/><U18/><REACH who="1" step="1"/><E33/><REACH who="1" ten="250,240,250,250" step="2"/><V21/><F125/><W72/><G72/><T132/><D75/><U0/><E0/><V24/><F14/><W117/><G117/><T116/><D116/><U111/><E111/><V19/><F27/><W66/><G32/><T114/><D114/><U79/><E79/><V7/><F73/><W120/><G12/><T104/><D133/><U25/><E25/><V110/><F110/><W51/><G28/><T122/><D132/><U74/><E74/><V1/><F1/><W67/><G4/><T105/><D122/><U39/><E39/><V95/><F7/><W45/><G120/><T106/><D106/><AGARI ba="0,1" hai="9,13,18,37,42,47,64,65,83,85,91,97,102,106" machi="106" ten="30,3900,0" yaku="1,1,7,1,53,1" doraHai="30" doraHaiUra="68" who="1" fromWho="0" sc="250,-39,240,49,250,0,250,0" /><INIT seed="1,0,0,5,3,61" ten="211,289,250,250" oya="1" hai0="49,81,95,92,119,83,9,79,78,30,26,64,3" hai1="67,94,66,42,115,118,72,56,17,55,12,131,51" hai2="18,129,44,24,93,41,76,22,31,45,68,87,16" hai3="59,8,106,52,132,120,89,71,96,33,62,4,125"/><U53/><E72/><V1/><F1/><W58/><G120/><T111/><D119/><U91/><E118/><V121/><F121/><W75/><G75/><T69/><D111/><U50/><E42/><V54/><F129/><W84/><G125/><T110/><D110/><U97/><E115/><V15/><F68/><W135/><G33/><T80/><D49/><U48/><E131/><V25/><F54/><N who="1" m="20489" /><E56/><V100/><F100/><W108/><G108/><T107/><D107/><U10/><AGARI ba="0,0" hai="10,12,17,48,50,51,66,67,91,94,97" m="20489" machi="10" ten="30,6000,0" yaku="8,1,52,2" doraHai="61" who="1" fromWho="1" sc="211,-20,289,60,250,-20,250,-20" /><INIT seed="1,1,0,4,3,57" ten="191,349,230,230" oya="1" hai0="36,131,25,12,100,109,51,53,48,66,39,16,126" hai1="108,74,19,20,115,133,61,103,113,52,132,68,11" hai2="84,56,5,24,71,54,32,27,97,4,90,1,107" hai3="29,122,37,3,121,95,75,28,83,94,70,99,98"/><U120/><E74/><V46/><F71/><W34/><G37/><T101/><D109/><U58/><E120/><V82/><F46/><W77/><G70/><T31/><D131/><U105/><E108/><V127/><F127/><W117/><G3/><T111/><D111/><U125/><E125/><V8/><F5/><W60/><G34/><T45/><D126/><U15/><E68/><V92/><F107/><W128/><G128/><T18/><D66/><U22/><E103/><V21/><F21/><N who="1" m="8297" /><E105/><V78/><REACH who="2" step="1"/><F32/><REACH who="2" ten="191,349,220,230" step="2"/><W43/><G121/><T87/><D45/><U67/><E115/><V76/><F76/><W73/><G122/><T13/><D31/><U17/><E113/><V7/><F7/><W2/><G2/><T81/><D25/><U93/><E133/><V79/><F79/><W124/><G124/><T123/><D123/><U62/><E132/><V59/><F59/><W102/><G117/><T130/><D130/><U26/><E26/><V89/><F89/><W129/><G129/><T9/><D9/><U134/><E134/><V119/><F119/><W86/><G29/><T72/><D72/><U35/><E35/><V110/><F110/><W44/><G28/><T30/><D30/><U112/><E112/><V118/><F118/><W104/><G44/><T41/><D41/><U47/><E47/><V55/><F55/><W135/><G43/><T10/><D10/><U0/><E0/><V33/><F33/><W65/><G135/><T91/><D53/><U64/><E52/><V106/><F106/><W14/><G75/><T49/><D91/><U50/><E11/><RYUUKYOKU ba="1,1" sc="191,-10,349,-10,220,30,230,-10" hai2="1,4,8,24,27,54,56,78,82,84,90,92,97" /><INIT seed="2,2,1,5,0,107" ten="181,339,250,220" oya="2" hai0="125,11,72,134,89,96,2,75,97,61,45,56,91" hai1="130,54,85,113,101,47,128,46,106,111,131,90,69" hai2="83,37,22,70,3,14,53,60,9,16,6,4,120" hai3="116,123,81,38,117,21,132,63,27,41,58,64,8"/><V0/><F120/><W42/><G123/><T62/><D45/><U126/><E113/><V33/><F37/><W110/><G110/><T23/><D23/><U25/><E111/><V65/><F33/><W114/><G114/><T122/><D122/><U13/><E126/><V52/><REACH who="2" step="1"/><F83/><REACH who="2" ten="181,339,240,220" step="2"/><W59/><G38/><T39/><D39/><U82/><E131/><V102/><F102/><W92/><G81/><T74/><D125/><U109/><E130/><V77/><F77/><W24/><G117/><T28/><D28/><U71/><E128/><V19/><F19/><W100/><G116/><T115/><D115/><U51/><E109/><V26/><F26/><W93/><G100/><T86/><D134/><U88/><E25/><V104/><F104/><W87/><G132/><T10/><D89/><U112/><E112/><V68/><F68/><W67/><G27/><T18/><D18/><U5/><E90/><V31/><F31/><W48/><G24/><T76/><D76/><U84/><E101/><V32/><F32/><W135/><G135/><T80/><D2/><U133/><E106/><V29/><F29/><W129/><G129/><T34/><D34/><U20/><E133/><V103/><F103/><W57/><G93/><T30/><D30/><U119/><E119/><V55/><F55/><W108/><G108/><T127/><D127/><U94/><E71/><V1/><F1/><W50/><G92/><T95/><D95/><U15/><E69/><V7/><F7/><W73/><G42/><T99/><D62/><U36/><E94/><V121/><F121/><W17/><G63/><RYUUKYOKU ba="2,2" sc="181,15,339,-15,240,15,220,-15" hai0="10,11,56,61,72,74,75,80,86,91,96,97,99" hai2="0,3,4,6,9,14,16,22,52,53,60,65,70" /><INIT seed="2,3,2,1,5,114" ten="196,324,255,205" oya="2" hai0="0,100,33,8,71,125,50,72,39,23,24,44,97" hai1="77,51,10,49,26,88,131,80,107,48,119,98,116" hai2="29,2,20,135,58,25,79,18,109,11,90,12,37" hai3="22,129,6,108,60,1,62,59,133,92,75,99,65"/><V43/><F135/><W42/><G75/><T66/><D125/><U56/><E131/><V117/><F117/><W113/><G133/><T83/><D50/><U31/><E56/><V82/><F109/><W4/><G129/><T41/><D23/><U28/><E10/><V110/><F110/><W61/><G108/><T91/><D91/><U102/><E88/><V47/><F90/><W95/><G113/><T5/><D24/><U15/><E15/><V93/><F93/><N who="3" m="35915" /><G1/><T122/><D122/><U134/><E134/><V130/><F130/><W46/><G22/><T34/><D97/><U121/><E121/><V16/><F58/><W105/><G99/><T115/><D100/><U9/><E9/><V73/><REACH who="2" step="1"/><F2/><REACH who="2" ten="196,324,245,205" step="2"/><W103/><G103/><T7/><D115/><U3/><E3/><V124/><F124/><W106/><G106/><T36/><D7/><AGARI ba="3,3" hai="7,11,12,16,18,20,25,29,37,43,47,73,79,82" machi="7" ten="30,11600,0" yaku="1,1,7,1,54,1,53,1" doraHai="114" doraHaiUra="21" who="2" fromWho="0" sc="196,-125,324,0,245,155,205,0" /><INIT seed="2,4,0,3,4,15" ten="71,324,400,205" oya="2" hai0="73,22,66,10,119,60,62,88,91,51,121,4,120" hai1="134,8,104,45,2,28,17,112,116,65,100,81,68" hai2="110,21,61,111,37,114,72,71,83,106,87,96,125" hai3="78,25,19,69,44,102,85,18,101,24,99,94,126"/><V1/><F1/><W128/><G69/><T109/><D73/><U31/><E116/><V55/><F37/><W29/><G128/><T58/><D119/><U122/><E112/><V89/><F114/><W26/><G126/><T77/><D109/><N who="2" m="41482" /><F72/><W0/><G0/><T20/><D77/><U47/><E122/><V12/><F125/><W38/><G29/><T63/><D120/><U23/><E134/><V39/><F39/><W117/><G117/><T27/><D121/><U36/><E36/><V127/><F127/><W86/><G102/><T14/><D22/><U123/><E31/><V90/><F96/><W56/><G56/><T82/><D51/><U92/><E28/><V7/><F106/><W133/><G133/><T118/><D118/><U132/><E104/><V6/><F90/><W53/><G38/><T84/><REACH who="0" step="1"/><D91/><REACH who="0" ten="61,324,400,205" step="2"/><U135/><E123/><V75/><F75/><W34/><G34/><T70/><D70/><U59/><E68/><V105/><F71/><W3/><G3/><T115/><D115/><U93/><E2/><V107/><F21/><W108/><G108/><T9/><D9/><U54/><E8/><V98/><F89/><W97/><G97/><T43/><D43/><U80/><E135/><V41/><F41/><W48/><G78/><T11/><D11/><U49/><E23/><V40/><F40/><W129/><G129/><T46/><D46/><U113/><E47/><V50/><F98/><W33/><G33/><T16/><AGARI ba="4,1" hai="4,10,14,16,20,27,58,60,62,63,66,82,84,88" machi="16" ten="20,16000,3" yaku="1,1,0,1,7,1,8,1,52,1,54,2,53,1" doraHai="15" doraHaiUra="5" who="0" fromWho="0" sc="61,182,324,-44,400,-84,205,-44" /><INIT seed="3,0,0,1,3,25" ten="243,280,316,161" oya="3" hai0="36,102,46,122,26,105,45,128,89,9,38,10,72" hai1="121,70,66,91,130,87,58,85,127,20,56,64,27" hai2="14,106,16,3,84,24,75,48,12,118,5,129,47" hai3="96,126,82,80,95,135,71,15,18,33,112,17,68"/><W67/><G112/><T117/><D72/><U6/><E121/><V31/><F75/><W60/><G135/><T78/><D117/><U81/><E127/><V52/><F118/><W94/><G126/><T7/><D78/><N who="1" m="46263" /><E70/><V90/><F106/><W111/><G71/><T1/><D128/><U37/><E37/><V109/><F109/><W61/><G111/><T133/><D89/><U123/><E6/><V114/><F129/><W97/><G33/><T116/><D10/><U62/><E130/><V32/><F114/><W119/><G119/><T29/><D133/><U110/><E123/><V4/><F14/><W107/><G107/><T132/><D122/><U104/><E104/><V8/><F3/><W30/><G15/><T50/><D46/><U44/><E44/><V88/><F90/><W113/><G113/><T77/><D77/><U98/><E98/><V51/><F51/><W39/><G68/><T134/><D116/><U34/><E34/><V2/><F2/><W55/><G55/><T79/><D79/><U13/><E13/><V131/><F131/><W108/><G108/><T41/><D134/><U63/><E110/><V57/><F57/><N who="1" m="22121" /><E64/><V92/><AGARI ba="0,0" hai="4,5,8,12,16,24,31,32,47,48,52,84,88,92" machi="92" ten="20,12000,2" yaku="0,1,7,1,52,1,54,3" doraHai="25" who="2" fromWho="2" sc="243,-30,280,-30,316,120,161,-60" /><INIT seed="4,0,0,3,4,26" ten="213,250,436,101" oya="0" hai0="73,118,83,7,5,44,131,132,82,77,48,15,22" hai1="31,47,68,116,65,96,91,92,117,126,37,58,72" hai2="46,133,59,106,43,34,30,87,88,107,63,0,57" hai3="1,130,122,69,103,55,49,97,127,64,113,14,112"/><T42/><D118/><U3/><E126/><V50/><F0/><W90/><G1/><T76/><D131/><U19/><E68/><V120/><F120/><W11/><G122/><T85/><D132/><U101/><E72/><V109/><F109/><W38/><G38/><T119/><D119/><U134/><E3/><V93/><F59/><W135/><G135/><T71/><D71/><U123/><E134/><V16/><F133/><W98/><G127/><T35/><D35/><U61/><E123/><V111/><F111/><W32/><G130/><T4/><REACH who="0" step="1"/><D22/><REACH who="0" ten="203,250,436,101" step="2"/><U104/><E117/><V6/><F34/><W20/><G32/><T86/><D86/><U28/><E116/><V12/><F87/><W79/><G20/><T89/><D89/><U40/><E19/><V95/><F88/><W80/><G90/><T115/><D115/><U51/><E37/><V66/><F16/><W70/><G70/><T2/><D2/><U23/><E23/><V105/><F6/><W128/><G128/><T94/><D94/><U9/><E9/><AGARI ba="0,1" hai="4,5,7,9,15,42,44,48,73,76,77,82,83,85" machi="9" ten="40,7700,0" yaku="1,1,25,2,53,0" doraHai="26" doraHaiUra="99" who="0" fromWho="1" sc="203,87,250,-77,436,0,101,0" /><INIT seed="4,1,0,3,3,79" ten="290,173,436,101" oya="0" hai0="32,58,92,111,52,101,26,21,31,107,113,47,131" hai1="89,51,82,123,3,59,4,70,43,6,85,96,8" hai2="64,25,88,55,128,84,61,48,27,11,103,116,57" hai3="23,66,106,49,18,97,104,124,94,35,28,132,110"/><T83/><D113/><U39/><E123/><V13/><F128/><W135/><G110/><T112/><D112/><U33/><E70/><V100/><F116/><W87/><G35/><T80/><D131/><U117/><E117/><V78/><F78/><W16/><G124/><T130/><D107/><U41/><E33/><V95/><F103/><W102/><G66/><T91/><D32/><U67/><E39/><V77/><F77/><W0/><G0/><T34/><D34/><U1/><E96/><V98/><F98/><W12/><G28/><T127/><D130/><U14/><E3/><V74/><F100/><W36/><G36/><T60/><D101/><U76/><E76/><V129/><F74/><W29/><G29/><T54/><D127/><U71/><E71/><V2/><F2/><W73/><G73/><T134/><D134/><N who="3" m="51241" /><G49/><N who="0" m="28991" /><D111/><U69/><E69/><V62/><F129/><W9/><G87/><AGARI ba="1,0" hai="21,26,31,52,58,60,80,83,87,91,92" m="28991" machi="87" ten="30,11600,0" yaku="8,1,52,2,54,1" doraHai="79" who="0" fromWho="3" sc="290,119,173,0,436,0,101,-119" owari="409,21.0,173,-23.0,436,54.0,-18,-52.0" /></mjloggm>