<mjloggm ver="2.3"><GO type="169" lobby="0"/><UN n0="%E3%81%BA%E3%83%BC" n1="%3D%4A%61%6D" n2="%E5%B0%B1%E6%B4%BB%E7%94%9F%40%E5%B7%9D%E6%9D%91%E8%BB%8D%E5%9B%A3" n3="%E3%83%AA%E3%83%BC%E3%83%81%EF%BC%91" dan="17,17,17,17" rate="2231.36,2222.69,2209.75,2165.93" sx="M,M,M,M"/><TAIKYOKU oya="0"/><INIT seed="0,0,0,2,1,11" ten="250,250,250,250" oya="0" hai0="67,103,44,115,131,85,123,79,78,84,116,9,33" hai1="41,70,113,117,93,37,63,124,64,80,73,32,28" hai2="19,109,102,1,22,23,121,15,71,58,87,21,66" hai3="13,76,36,8,83,72,3,129,107,125,51,105,133"/><T20/><D33/><U46/><E117/><V111/><F71/><W52/><G36/><T92/><D116/><U48/><E113/><V7/><F102/><W68/><G3/><T4/><D115/><U134/><E134/><V88/><F121/><W5/><G133/><T49/><D123/><U12/><E124/><V25/><F1/><W112/><G112/><T60/><D131/><U119/><E119/><V89/><F7/><W122/><G125/><T55/><D20/><U39/><E93/><V101/><F101/><W106/><G68/><T0/><D103/><U59/><E37/><V90/><F87/><W114/><G114/><T53/><D53/><N who="1" m="32167" /><E80/><V95/><F95/><W108/><G122/><T130/><D130/><U27/><E73/><V135/><F135/><W82/><G129/><T94/><D84/><U110/><E110/><N who="2" m="41995" /><F25/><W24/><G24/><T16/><D16/><U120/><E120/><V75/><F75/><W10/><G108/><T31/><D31/><U69/><E70/><V30/><F30/><W47/><G82/><T61/><D61/><AGARI ba="0,0" hai="15,19,21,22,23,58,61,66,88,89,90" m="41995" machi="61" ten="30,3900,0" yaku="14,1,52,1,54,1" doraHai="11" who="2" fromWho="0" sc="250,-39,250,0,250,39,250,0" /><INIT seed="1,0,0,2,5,10" ten="211,250,289,250" oya="1" hai0="67,5,63,18,109,84,52,15,78,11,71,131,79" hai1="75,16,102,91,57,96,114,99,134,49,28,44,38" hai2="117,4,87,135,51,132,24,43,33,6,50,108,98" hai3="12,45,85,113,60,118,32,0,35,48,125,69,21"/><U65/><E114/><V37/><F117/><W46/><G113/><T54/><D109/><U3/><E75/><V81/><F108/><W13/><G0/><T115/><D115/><U82/><E3/><V121/><F121/><W94/><G118/><T39/><D131/><U83/><E134/><N who="2" m="51243" /><F98/><W1/><G1/><T73/><D39/><U17/><E28/><N who="2" m="19591" /><F37/><W76/><G125/><T123/><D123/><U40/><E99/><V130/><F130/><W53/><G46/><T42/><D42/><U122/><E122/><V90/><F43/><W124/><G124/><T127/><D127/><U104/><E91/><V133/><F133/><W88/><G76/><T59/><D73/><U77/><E77/><N who="0" m="29193" /><D71/><U66/><E66/><V26/><F26/><W22/><G35/><T47/><D47/><U103/><E103/><V9/><F6/><W105/><G32/><T62/><D62/><U119/><E119/><V34/><F34/><W106/><G106/><T55/><D84/><U58/><E38/><V25/><F25/><W116/><G105/><T30/><D30/><U74/><E74/><V8/><F9/><W110/><G116/><T14/><D67/><U7/><E7/><V100/><F100/><W89/><G110/><T61/><D61/><U92/><E104/><V72/><F72/><W31/><G60/><T111/><D111/><U97/><E97/><V70/><F70/><W27/><G69/><T128/><D128/><U68/><E68/><V64/><F64/><W126/><G126/><T101/><D101/><U95/><E65/><V93/><F81/><N who="1" m="30729" /><E95/><V29/><F29/><RYUUKYOKU ba="0,0" sc="211,10,250,10,289,10,250,-30" hai0="5,11,14,15,18,52,54,55,59,63" hai1="16,17,40,44,49,57,58,92,96,102" hai2="4,8,50,51,87,90,93" /><INIT seed="1,1,0,2,3,119" ten="221,260,299,220" oya="1" hai0="126,60,83,122,130,106,7,65,14,56,99,46,102" hai1="86,13,54,16,5,66,59,79,12,67,35,39,15" hai2="70,98,47,27,113,107,34,91,84,42,96,128,58" hai3="76,114,19,121,41,112,93,2,43,18,80,104,44"/><U53/><E39/><V51/><F70/><W37/><G104/><T116/><D116/><U40/><E40/><V82/><F128/><W26/><G2/><T105/><D130/><U55/><E35/><V29/><F113/><W23/><G43/><T61/><D126/><U87/><E5/><V28/><F107/><W135/><G135/><T81/><D105/><U11/><E59/><V24/><REACH who="2" step="1"/><F58/><REACH who="2" ten="221,260,289,220" step="2"/><W8/><G114/><T48/><D106/><U129/><E129/><V92/><F92/><W94/><G112/><T132/><D56/><U52/><N who="1" m="13312" /><DORA hai="17" /><U123/><E123/><V95/><F95/><W103/><G103/><T100/><D100/><U125/><E125/><V9/><F9/><W49/><G8/><T10/><D102/><U73/><E73/><V68/><F68/><W111/><G94/><T71/><D10/><U85/><E79/><V108/><F108/><W133/><G93/><T25/><D122/><U75/><E75/><V118/><F118/><W32/><G111/><T120/><D120/><U134/><E134/><V30/><F30/><W74/><G133/><T45/><D132/><U63/><E63/><V109/><F109/><W110/><G110/><T4/><D61/><U69/><E69/><V89/><F89/><W117/><G121/><T115/><D115/><U1/><E1/><V22/><AGARI ba="1,1" hai="22,24,27,28,29,34,42,47,51,82,84,91,96,98" machi="22" ten="20,8000,1" yaku="1,1,0,1,7,1,52,1,53,1" doraHai="119,17" doraHaiUra="62,77" who="2" fromWho="2" sc="221,-21,260,-41,289,93,220,-21" /><INIT seed="2,0,0,0,0,44" ten="200,219,382,199" oya="2" hai0="50,8,15,26,1,77,38,64,111,128,98,84,80" hai1="18,57,62,125,104,117,13,113,116,96,126,61,71" hai2="49,133,25,24,115,14,97,7,72,41,73,93,2" hai3="74,19,102,59,132,86,119,66,37,114,52,105,108"/><V110/><F2/><W87/><G74/><T70/><D38/><U120/><E113/><V103/><F115/><W131/><G114/><T42/><D1/><U34/><E34/><V4/><F133/><W22/><G132/><T20/><D111/><U123/><E71/><V122/><F122/><N who="1" m="46633" /><E104/><V39/><F39/><W46/><G108/><T35/><D35/><U33/><E96/><V0/><F0/><W69/><G119/><N who="1" m="45642" /><E33/><V127/><F127/><N who="1" m="48649" /><E57/><V54/><F110/><W90/><G69/><T29/><D98/><U89/><E89/><V107/><F107/><W91/><G90/><T5/><D70/><U121/><N who="1" m="46641" /><U32/><DORA hai="130" /><E32/><V51/><F73/><W68/><G91/><T85/><D85/><U23/><AGARI ba="0,0" hai="13,18,23,61,62" m="48649,45642,46641" machi="23" ten="50,3200,0" yaku="13,1,18,1" doraHai="44,130" who="1" fromWho="1" sc="200,-8,219,32,382,-16,199,-8" /><INIT seed="3,0,0,1,3,41" ten="192,251,366,191" oya="3" hai0="73,102,70,127,18,117,25,109,3,37,83,26,12" hai1="113,61,51,80,108,9,6,100,120,19,16,110,63" hai2="129,33,21,32,44,58,111,82,50,14,57,2,130" hai3="42,40,11,126,91,78,85,93,123,53,29,88,55"/><W48/><G123/><T128/><D102/><U72/><E120/><V114/><F2/><W38/><G38/><T43/><D43/><U103/><E113/><V104/><F104/><W135/><G135/><T7/><D83/><U90/><E51/><V76/><F111/><N who="1" m="42537" /><E63/><V69/><F69/><W134/><G134/><T60/><D60/><U99/><E61/><V46/><F114/><W36/><G36/><T118/><D73/><U89/><E103/><V13/><F21/><W39/><G39/><T23/><D37/><U77/><E89/><V47/><F50/><W115/><G115/><T81/><D81/><U66/><E90/><V98/><F98/><W8/><G78/><T79/><D79/><U122/><E66/><V132/><F132/><W74/><G74/><T64/><D64/><U22/><E22/><V31/><F82/><W35/><G126/><T20/><D70/><U107/><E122/><V101/><F101/><W96/><G42/><T105/><D105/><U62/><E62/><V133/><F133/><W71/><G40/><T84/><D84/><U52/><E52/><V121/><F121/><W95/><G55/><T34/><D127/><U5/><E5/><V15/><F76/><W49/><G71/><T56/><D56/><N who="2" m="21610" /><F31/><W131/><G49/><T30/><D109/><U116/><E116/><V67/><F67/><W0/><G29/><N who="0" m="17599" /><D117/><U92/><E107/><V65/><F65/><W97/><G48/><T4/><D118/><U68/><E68/><V94/><F94/><W17/><G53/><T119/><D119/><U45/><E72/><V75/><F75/><RYUUKYOKU ba="0,0" sc="192,-10,251,-10,366,30,191,-10" hai2="13,14,15,32,33,44,46,47,129,130" /><INIT seed="4,1,0,1,5,82" ten="182,241,396,181" oya="0" hai0="99,120,33,36,52,24,89,113,7,56,16,132,130" hai1="109,78,129,37,85,114,94,12,105,27,91,17,104" hai2="23,29,92,134,102,13,83,34,21,133,81,73,1" hai3="40,6,66,122,28,60,30,125,49,11,97,121,10"/><T75/><D120/><N who="3" m="46185" /><G125/><T63/><D75/><U87/><E37/><V50/><F1/><W80/><G11/><T72/><D72/><U39/><E39/><V68/><F68/><W8/><G8/><T119/><D119/><U112/><E109/><V100/><F83/><W115/><G115/><N who="1" m="44074" /><E27/><V44/><F100/><W4/><G97/><T25/><D113/><U90/><E78/><V54/><F34/><W123/><G80/><T110/><D36/><U51/><E51/><V20/><F29/><W35/><G6/><T53/><D7/><U45/><E45/><V84/><F13/><W26/><G30/><N who="0" m="19655" /><D130/><U126/><E126/><V98/><REACH who="2" step="1"/><F73/><REACH who="2" ten="182,241,386,181" step="2"/><W2/><G123/><T15/><D15/><U107/><E129/><V108/><F108/><W47/><G28/><T9/><D110/><U0/><E0/><V59/><F59/><N who="3" m="37151" /><G35/><T32/><D32/><U14/><E17/><V65/><F65/><W3/><G26/><T48/><D25/><U77/><E77/><AGARI ba="1,1" hai="20,21,23,44,50,54,77,81,84,92,98,102,133,134" machi="77" ten="40,2600,0" yaku="1,1,52,1,53,0" doraHai="82" doraHaiUra="127" who="2" fromWho="1" sc="182,0,241,-29,386,39,181,0" /><INIT seed="5,0,0,1,1,123" ten="182,212,425,181" oya="1" hai0="26,96,16,8,20,133,9,43,34,125,128,93,24" hai1="85,132,95,15,112,48,58,30,35,99,12,87,49" hai2="127,40,98,122,6,126,134,120,113,32,92,47,105" hai3="131,56,101,103,13,73,57,135,29,53,107,31,71"/><U19/><E132/><V79/><F32/><W117/><G135/><T61/><D125/><N who="2" m="47626" /><F134/><W108/><G71/><T0/><D133/><U74/><E74/><V115/><F6/><W88/><G73/><T76/><D76/><U111/><E112/><N who="2" m="43083" /><F105/><W59/><G107/><T63/><D43/><U2/><E2/><V130/><F79/><W65/><G65/><T119/><D119/><U3/><E3/><V11/><F11/><N who="0" m="4170" /><D128/><U110/><E30/><V55/><F55/><W118/><G131/><T109/><D34/><U90/><E35/><V1/><F1/><W70/><G70/><T72/><D72/><U116/><E116/><V83/><F83/><W46/><G53/><T91/><D26/><U44/><E58/><V38/><F130/><W124/><G124/><T69/><D69/><U66/><E66/><V14/><F14/><N who="1" m="5161" /><E19/><V60/><F60/><W77/><G13/><T4/><D4/><U68/><E68/><V37/><F37/><W86/><G118/><T39/><D39/><U104/><E104/><V100/><AGARI ba="0,0" hai="38,40,47,92,98,100,120,122" m="43083,47626" machi="100" ten="30,4000,0" yaku="18,1,15,1,11,1" doraHai="123" who="2" fromWho="2" sc="182,-10,212,-20,425,40,181,-10" /><INIT seed="6,0,0,1,1,41" ten="172,192,465,171" oya="2" hai0="122,53,43,49,130,78,109,98,123,118,117,128,94" hai1="57,82,64,20,51,1,93,5,108,83,114,9,104" hai2="37,36,40,0,74,126,62,107,19,61,110,59,35" hai3="52,66,67,89,7,111,96,26,16,6,73,45,65"/><V21/><F35/><W79/><G73/><T87/><D43/><U46/><E104/><V17/><F107/><W30/><G79/><T97/><D49/><U22/><E108/><V24/><F74/><W91/><G111/><T133/><D53/><U44/><E114/><V76/><F0/><W68/><G68/><T18/><D18/><U121/><E121/><N who="0" m="46089" /><D109/><U116/><E116/><N who="0" m="44649" /><D133/><U25/><E93/><V4/><F76/><W11/><G30/><T84/><D78/><U28/><E22/><V42/><F4/><N who="3" m="1579" /><G96/><N who="0" m="36971" /><D94/><U100/><E64/><V38/><F110/><W31/><G31/><T13/><D13/><U27/><E27/><V124/><F59/><W3/><G3/><T95/><D95/><U12/><E57/><V115/><F115/><W63/><G63/><N who="2" m="24073" /><F19/><W120/><G120/><T80/><D80/><U58/><E83/><V129/><F38/><W132/><G132/><T92/><D92/><U135/><E82/><V70/><F37/><W88/><G26/><T90/><D90/><U56/><E135/><V81/><F24/><W47/><G52/><T127/><D127/><U34/><E58/><V119/><F36/><W54/><G54/><T75/><D75/><U71/><E56/><V131/><F81/><W55/><G55/><T102/><D102/><U134/><E134/><V103/><F119/><W99/><G99/><T106/><D106/><U85/><E100/><V39/><F103/><W86/><G86/><AGARI ba="0,0" hai="84,86,87,128,130" m="36971,44649,46089" machi="86" ten="40,8000,1" yaku="28,2,12,1,34,2" doraHai="41" who="0" fromWho="3" sc="172,80,192,0,465,0,171,-80" /><INIT seed="7,0,0,3,5,52" ten="252,192,465,91" oya="3" hai0="129,77,9,56,64,95,107,128,109,71,16,84,21" hai1="123,60,90,118,110,39,65,85,100,44,104,119,1" hai2="130,72,11,68,74,133,106,36,115,19,17,38,103" hai3="62,4,47,125,41,69,45,42,89,54,14,116,32"/><W58/><G32/><T132/><D107/><U134/><E1/><V99/><F68/><W120/><G116/><N who="1" m="44586" /><E110/><V88/><F11/><N who="3" m="4455" /><G69/><T126/><D109/><U112/><E123/><V66/><F74/><W111/><G120/><T113/><D71/><N who="1" m="42407" /><E134/><V86/><F72/><W43/><G125/><T24/><D9/><U59/><E112/><V92/><F115/><W35/><G35/><T63/><D113/><U102/><E59/><V25/><F133/><W50/><G111/><T98/><D132/><U15/><E15/><V34/><F38/><W82/><G62/><T57/><D126/><U94/><E104/><V67/><F36/><W76/><G76/><T127/><D127/><U131/><E131/><N who="0" m="50249" /><D77/><U81/><E81/><V135/><F130/><W108/><G108/><T20/><D84/><AGARI ba="0,0" hai="41,42,43,45,47,50,54,58,82,84,89" m="4455" machi="84" ten="30,2900,0" yaku="8,1,52,1" doraHai="52" who="3" fromWho="0" sc="252,-29,192,0,465,0,91,29" /><INIT seed="7,1,0,0,4,10" ten="223,192,465,120" oya="3" hai0="40,64,74,35,5,42,110,1,84,90,125,111,16" hai1="129,109,13,6,25,73,11,80,101,17,127,0,15" hai2="98,60,121,115,20,2,9,102,123,18,87,19,65" hai3="29,114,31,71,77,39,45,22,67,113,76,75,94"/><W44/><G71/><T119/><D74/><U43/><E109/><V33/><F115/><N who="3" m="44043" /><G67/><T32/><D64/><U52/><E43/><V53/><F33/><W83/><G77/><T50/><D119/><U12/><E129/><V7/><F53/><W85/><G39/><T93/><D1/><U66/><E127/><V78/><F87/><W134/><G134/><T26/><D5/><U49/><E101/><V117/><F78/><W100/><G22/><T56/><D125/><U55/><E66/><V126/><F126/><W48/><G45/><T128/><D128/><U112/><E112/><V14/><F117/><W61/><G61/><T72/><D72/><U58/><E73/><V23/><F23/><W122/><G122/><N who="2" m="46601" /><F20/><W3/><G3/><T118/><D118/><U108/><E108/><V124/><F124/><W99/><G85/><T104/><D56/><N who="1" m="32783" /><E0/><V97/><F2/><W92/><G92/><T4/><D93/><U116/><E80/><V132/><F132/><W131/><G131/><T46/><D46/><U57/><E116/><V37/><F37/><W120/><G120/><T21/><D35/><U24/><E6/><V91/><F60/><W34/><G34/><T135/><D4/><U28/><E28/><V63/><F63/><W27/><G27/><N who="1" m="10314" /><E58/><V105/><F65/><W106/><G106/><T47/><D104/><U36/><E36/><V103/><F105/><W86/><G75/><T88/><D32/><U79/><E79/><V81/><F7/><W54/><AGARI ba="1,0" hai="29,31,44,48,54,76,83,86,94,99,100" m="44043" machi="54" ten="30,1500,0" yaku="15,1" doraHai="10" who="3" fromWho="3" sc="223,-6,192,-6,465,-6,120,18" /><INIT seed="7,2,0,0,3,44" ten="217,186,459,138" oya="3" hai0="20,29,101,133,57,52,35,34,21,76,22,85,113" hai1="83,102,70,36,95,56,86,39,124,1,92,18,90" hai2="24,66,15,71,110,106,12,127,82,33,17,60,119" hai3="48,118,38,7,117,19,78,96,93,122,14,37,134"/><W115/><G122/><T67/><D67/><U97/><E70/><V89/><F110/><W112/><G7/><T9/><D101/><U59/><E1/><V91/><F119/><W41/><G134/><T75/><D75/><U131/><E124/><V43/><F127/><W108/><G78/><T62/><D29/><U61/><E131/><V31/><F43/><W121/><G121/><T125/><D125/><U100/><E59/><V114/><F114/><N who="3" m="43563" /><G108/><T88/><D76/><U77/><E18/><V130/><F130/><W63/><G63/><T47/><D133/><U72/><E102/><V0/><F0/><W11/><G48/><T109/><D113/><U128/><REACH who="1" step="1"/><E128/><REACH who="1" ten="217,176,459,138" step="2"/><V120/><F106/><W58/><G58/><T94/><D57/><U98/><E98/><V73/><F91/><N who="3" m="55359" /><G41/><T23/><D109/><U69/><E69/><V99/><F82/><W4/><G19/><T116/><D116/><AGARI ba="2,1" hai="4,11,14,37,38,116,117,118" m="55359,43563" machi="116" ten="30,1500,0" yaku="15,1" doraHai="44" who="3" fromWho="0" sc="217,-21,176,0,459,0,138,31" /><INIT seed="7,3,0,3,1,92" ten="196,176,459,169" oya="3" hai0="116,69,59,39,100,7,73,40,20,49,134,78,64" hai1="119,91,9,79,77,89,84,23,70,90,13,14,95" hai2="3,43,58,108,18,98,126,117,34,45,94,30,17" hai3="130,60,72,103,25,96,65,71,62,26,16,133,1"/><W115/><G72/><T101/><D7/><N who="1" m="3263" /><E70/><V85/><F117/><W46/><G1/><T121/><D121/><U97/><E119/><V11/><F108/><W80/><G115/><T5/><D5/><U118/><E118/><V82/><F126/><W51/><G80/><T67/><D67/><U81/><E79/><V88/><F34/><W22/><G130/><T132/><D20/><U61/><E61/><V113/><F30/><W52/><G62/><N who="0" m="40087" /><D116/><U68/><E68/><V106/><F106/><W8/><G133/><T0/><D0/><U10/><E23/><V99/><F113/><W24/><G8/><T135/><D78/><U15/><E14/><V19/><F58/><W104/><AGARI ba="3,0" hai="16,22,24,25,26,46,51,52,60,65,71,96,103,104" machi="104" ten="20,12000,1" yaku="0,1,7,1,52,1,54,2" doraHai="92" who="3" fromWho="3" sc="196,-43,176,-43,459,-43,169,129" /><INIT seed="7,4,0,5,0,24" ten="153,133,416,298" oya="3" hai0="25,76,103,36,54,40,99,30,131,74,26,79,29" hai1="27,45,4,129,83,123,18,108,69,89,77,41,96" hai2="90,101,43,115,53,126,0,114,39,124,95,118,94" hai3="62,93,78,63,15,109,10,58,87,105,113,91,84"/><W134/><G105/><T50/><D36/><U56/><E69/><V38/><F0/><W16/><G113/><N who="2" m="43017" /><F118/><W3/><G3/><T49/><D40/><U97/><E123/><V75/><F75/><W44/><G134/><T107/><D131/><U47/><E129/><V67/><F67/><W128/><G128/><T22/><D74/><U19/><E108/><V13/><F13/><W52/><G44/><N who="1" m="16970" /><E41/><V127/><F43/><W104/><G104/><T66/><D66/><U11/><E77/><V33/><F33/><W86/><G109/><T81/><D81/><U20/><E4/><V48/><F101/><W21/><G63/><T60/><D60/><U73/><E73/><V2/><F2/><W9/><G78/><T57/><D50/><U92/><E56/><N who="2" m="32807" /><F94/><W117/><G117/><T64/><D64/><U32/><E32/><AGARI ba="4,0" hai="22,25,26,29,30,32,49,54,57,76,79,99,103,107" machi="32" ten="30,3900,0" yaku="7,1,52,2" doraHai="24" who="0" fromWho="1" sc="153,51,133,-51,416,0,298,0" owari="204,-20.0,82,-42.0,416,52.0,298,10.0" /></mjloggm>