<mjloggm ver="2.3"><GO type="41" lobby="0"/><UN n0="%68%69%6D%69%79%6F" n1="%E6%A9%98%E8%90%BD%E8%91%89" n2="%E5%8A%A3%E5%8C%96%E3%83%AC%E3%83%97%E3%83%AA%E3%82%AB" n3="%E5%B0%B1%E6%B4%BB%E7%94%9F%40%E5%B7%9D%E6%9D%91%E8%BB%8D%E5%9B%A3" dan="15,13,14,17" rate="1944.86,1858.42,1895.70,2220.78" sx="M,F,M,M"/><TAIKYOKU oya="0"/><INIT seed="0,0,0,5,1,119" ten="250,250,250,250" oya="0" hai0="60,92,25,56,65,63,123,33,21,58,46,131,26" hai1="122,54,121,111,112,109,128,22,85,61,40,4,57" hai2="87,108,100,116,106,30,49,45,51,67,52,127,23" hai3="1,80,96,8,77,3,10,11,50,5,126,103,29"/><T14/><D131/><U107/><E107/><V104/><F108/><N who="1" m="41545" /><E112/><V81/><F127/><W129/><G126/><T28/><D14/><U37/><E128/><V76/><F67/><W86/><G129/><T105/><D105/><U73/><E73/><V74/><F116/><W24/><G50/><T110/><D110/><U47/><E4/><V20/><F106/><W36/><G36/><T34/><D46/><U27/><E85/><V75/><F49/><W42/><G42/><T99/><D26/><U72/><E72/><V82/><F30/><AGARI ba="0,0" hai="22,27,30,37,40,47,54,57,61,121,122" m="41545" machi="30" ten="30,3900,0" yaku="14,1,52,2" doraHai="119" who="1" fromWho="2" sc="250,0,250,39,250,-39,250,0" /><INIT seed="1,0,0,0,4,133" ten="250,289,211,250" oya="1" hai0="86,73,18,16,53,2,112,59,82,5,26,80,108" hai1="125,11,56,127,117,132,134,61,79,124,85,88,21" hai2="9,84,120,71,103,44,40,57,54,46,22,95,110" hai3="39,31,116,87,52,43,97,50,35,119,83,48,8"/><U109/><E117/><V60/><F120/><W123/><G123/><T45/><D112/><U102/><E102/><V129/><F129/><W107/><G39/><T128/><D128/><U36/><E36/><V135/><F135/><N who="1" m="51753" /><E79/><V17/><F110/><W42/><G8/><T30/><D45/><U113/><E113/><V74/><F74/><W27/><G50/><T55/><D108/><U25/><E109/><V115/><F115/><W24/><G24/><T14/><D2/><U65/><E11/><V111/><F111/><W12/><G12/><T28/><D73/><U4/><E4/><V19/><F71/><W131/><G131/><T76/><D82/><N who="1" m="49207" /><E125/><V126/><F126/><W32/><G97/><T130/><D130/><U100/><E100/><V34/><F9/><W92/><G92/><T58/><D5/><U64/><E64/><V94/><F94/><W13/><G107/><T98/><D98/><U37/><E37/><V118/><F118/><W106/><G106/><T72/><D72/><U78/><E78/><V20/><F103/><W3/><G83/><T122/><D122/><U77/><E77/><V89/><F40/><W114/><G114/><T68/><D68/><U38/><E38/><V93/><F93/><W66/><G116/><T33/><D30/><AGARI ba="0,0" hai="21,25,30,56,61,65,124,127" m="49207,51753" machi="30" ten="30,11600,0" yaku="20,1,52,2,54,1" doraHai="133" who="1" fromWho="0" sc="250,-116,289,116,211,0,250,0" /><INIT seed="1,1,0,4,5,87" ten="134,405,211,250" oya="1" hai0="19,100,112,88,23,105,111,35,65,18,101,5,6" hai1="43,90,59,14,82,110,50,49,89,42,39,103,119" hai2="69,99,73,130,72,84,131,133,20,34,121,78,9" hai3="44,102,21,30,76,134,38,117,86,98,108,125,1"/><U75/><E119/><V29/><F34/><W129/><G1/><T81/><D35/><U55/><E103/><N who="0" m="39497" /><D105/><U128/><E128/><N who="2" m="49195" /><F69/><W120/><G120/><T51/><D112/><U11/><E110/><V41/><F41/><N who="1" m="15369" /><E39/><V126/><F9/><W66/><G38/><T8/><D111/><U15/><E75/><V123/><F20/><W94/><G44/><T77/><D77/><U27/><E82/><N who="2" m="47191" /><F29/><W109/><G117/><T54/><D65/><U0/><E0/><V17/><F17/><N who="0" m="6154" /><D23/><U13/><E11/><V63/><F63/><W31/><G129/><T24/><D24/><U68/><E68/><V47/><F47/><W91/><G21/><T74/><D74/><N who="2" m="28778" /><F133/><W25/><G134/><T48/><D8/><U104/><E27/><V22/><F22/><W52/><G25/><T61/><D61/><U46/><E104/><V93/><F126/><W70/><G125/><T114/><D114/><U28/><E28/><V10/><F10/><W45/><G70/><T122/><D122/><U67/><E67/><V115/><F115/><W62/><G108/><T56/><D48/><U135/><E135/><V32/><F32/><W83/><G109/><T97/><D81/><U58/><E58/><V4/><F4/><W106/><G66/><T16/><N who="0" m="6162" /><T116/><DORA hai="57" /><D116/><U118/><E118/><V60/><F60/><W12/><G31/><T124/><D124/><U132/><E132/><V79/><F79/><W127/><G30/><T36/><D36/><U7/><E7/><V80/><F80/><W71/><G127/><T33/><D33/><U107/><E49/><RYUUKYOKU ba="1,0" sc="134,15,405,-15,211,15,250,-15" hai0="5,6,51,54,56,88,97" hai2="93,99,121,123" /><INIT seed="2,2,0,1,0,109" ten="149,390,226,235" oya="2" hai0="98,121,1,23,55,102,123,5,27,131,56,127,21" hai1="34,115,95,22,68,25,76,103,37,49,8,118,129" hai2="77,47,40,2,60,111,133,130,112,128,86,61,94" hai3="134,32,117,42,70,92,10,43,57,67,99,135,71"/><V69/><F2/><W53/><G32/><T3/><D131/><N who="2" m="50218" /><F111/><W35/><G35/><T28/><D127/><U89/><E37/><N who="2" m="21903" /><F133/><N who="3" m="50699" /><G10/><T38/><D38/><U74/><E129/><V12/><F12/><W100/><G117/><T101/><D21/><U90/><E8/><V104/><F104/><W122/><G122/><T107/><D101/><U52/><E103/><V41/><F41/><N who="3" m="15371" /><G67/><T58/><D58/><U79/><E34/><V87/><F94/><W93/><G93/><T11/><REACH who="0" step="1"/><D1/><REACH who="0" ten="139,390,226,235" step="2"/><U29/><E68/><V66/><F69/><W84/><G84/><T36/><D36/><U26/><E118/><V46/><F87/><W15/><G15/><T44/><D44/><U17/><E74/><V65/><F46/><W7/><G71/><T50/><AGARI ba="2,1" hai="3,5,11,23,27,28,50,55,56,98,102,107,121,123" machi="50" ten="20,2700,0" yaku="1,1,0,1,7,1,53,0" doraHai="109" doraHaiUra="31" who="0" fromWho="0" sc="139,43,390,-9,226,-15,235,-9" /><INIT seed="3,0,0,5,5,75" ten="182,381,211,226" oya="3" hai0="61,58,135,32,53,49,82,122,10,107,105,33,42" hai1="74,9,127,40,5,22,106,19,44,60,109,108,46" hai2="66,6,35,68,67,110,129,43,88,87,115,45,116" hai3="0,130,104,64,29,99,13,120,72,4,101,102,131"/><W103/><G120/><T121/><D135/><U28/><E106/><V93/><F116/><W118/><G118/><T77/><D107/><U70/><E127/><V128/><F115/><W133/><G0/><T126/><D126/><U3/><E74/><V113/><F113/><W89/><G29/><T91/><D105/><U34/><E70/><V71/><F35/><W78/><G64/><N who="2" m="24617" /><F110/><N who="1" m="42601" /><E60/><V63/><F63/><W125/><G125/><T14/><D91/><U1/><E1/><V8/><F8/><W37/><G37/><T31/><D31/><U21/><E21/><V48/><F6/><W69/><G69/><T124/><D124/><U57/><E57/><V18/><F18/><W114/><G114/><T73/><D122/><U123/><E123/><V65/><N who="2" m="24625" /><V50/><DORA hai="59" /><F50/><W30/><G30/><T80/><D121/><U112/><E112/><V54/><F43/><W97/><G133/><T55/><D42/><U39/><E39/><V15/><F15/><W84/><G13/><T83/><D33/><U47/><E40/><V86/><F86/><W111/><G4/><T52/><D32/><U92/><E34/><V26/><F26/><W38/><G38/><T94/><D94/><U11/><E92/><V7/><F7/><W41/><G41/><T90/><D49/><U76/><E3/><V134/><F134/><W96/><G104/><T85/><REACH who="0" step="1"/><D80/><REACH who="0" ten="172,381,211,226" step="2"/><U16/><E28/><V51/><F51/><W23/><G111/><T27/><D27/><U62/><E62/><V56/><F45/><W81/><G23/><T25/><D25/><U98/><E46/><RYUUKYOKU ba="0,1" sc="172,10,381,-30,211,10,226,10" hai0="10,14,52,53,55,58,61,73,77,82,83,85,90" hai2="48,54,56,68,71,87,88,93,128,129" hai3="72,78,81,84,89,96,97,99,101,102,103,130,131" /><INIT seed="3,1,1,3,1,119" ten="182,351,221,236" oya="3" hai0="4,48,85,77,96,86,118,44,17,87,54,101,28" hai1="127,37,99,134,133,115,23,61,67,91,69,5,34" hai2="124,45,66,11,41,82,111,16,32,46,57,40,135" hai3="88,117,14,114,132,22,113,21,10,42,71,53,30"/><W68/><G117/><T19/><D118/><U33/><E37/><V3/><F32/><W7/><G132/><N who="1" m="50794" /><E127/><V70/><F124/><W108/><G42/><N who="2" m="16489" /><F70/><W125/><G125/><T78/><D28/><U109/><E109/><V25/><F3/><W94/><G108/><T73/><D4/><U35/><E5/><V103/><F103/><W131/><G131/><T95/><REACH who="0" step="1"/><D73/><REACH who="0" ten="172,351,221,236" step="2"/><U18/><E115/><V122/><F111/><W36/><G113/><T49/><D49/><U90/><E99/><V38/><F135/><W98/><G36/><T24/><D24/><AGARI ba="1,2" hai="18,23,24,33,34,35,61,67,69,90,91" m="50794" machi="24" ten="40,1300,0" yaku="20,1" doraHai="119" who="1" fromWho="0" sc="172,-16,351,36,221,0,236,0" /><INIT seed="4,0,0,3,1,30" ten="156,387,221,236" oya="0" hai0="41,34,102,70,92,57,124,23,17,78,85,36,56" hai1="90,50,106,11,68,135,88,93,1,45,3,83,4" hai2="107,59,122,60,94,115,125,10,55,74,82,64,86" hai3="103,84,128,43,127,5,77,40,24,33,109,7,13"/><T19/><D70/><U2/><E106/><V118/><F107/><W79/><G109/><T44/><D124/><U53/><E68/><V27/><F122/><W75/><G75/><T111/><D111/><U21/><E135/><V69/><F115/><W12/><G127/><T87/><D19/><U98/><E21/><V42/><F125/><W130/><G84/><T114/><D114/><U31/><E31/><V16/><F118/><W131/><G103/><T47/><D47/><U96/><E83/><V89/><F42/><N who="3" m="15915" /><G24/><T123/><D123/><U99/><REACH who="1" step="1"/><E90/><REACH who="1" ten="156,377,221,236" step="2"/><V18/><F82/><W0/><G33/><T22/><D22/><U61/><E61/><V112/><F69/><W95/><G79/><T62/><D78/><U108/><E108/><V97/><F112/><W9/><G77/><T91/><D62/><U67/><E67/><V6/><F64/><W120/><G120/><T117/><D23/><U20/><E20/><V100/><F89/><W32/><G32/><T133/><D91/><U66/><E66/><V110/><F60/><W73/><G130/><T72/><D34/><U37/><E37/><V81/><F81/><W49/><G131/><T80/><D80/><U29/><E29/><V54/><F110/><W14/><G128/><T121/><D121/><U46/><E46/><V35/><F35/><W52/><G73/><T26/><D72/><U8/><E8/><V58/><F74/><W126/><G126/><T76/><D76/><U39/><E39/><V129/><F129/><W116/><G9/><T48/><D36/><U65/><E65/><V63/><F10/><RYUUKYOKU ba="0,1" sc="156,-10,377,30,221,-10,236,-10" hai1="1,2,3,4,11,45,50,53,88,93,96,98,99" /><INIT seed="5,1,1,0,1,135" ten="146,407,211,226" oya="1" hai0="122,72,113,114,24,126,2,119,16,41,104,15,60" hai1="67,124,25,88,93,64,129,84,58,34,63,0,70" hai2="28,79,130,94,44,112,128,46,117,123,26,6,115" hai3="52,109,110,73,43,89,53,42,7,5,3,85,103"/><U21/><E0/><V125/><F79/><W23/><G73/><T111/><D104/><U118/><E118/><V35/><F117/><W106/><G3/><T99/><D122/><U32/><E129/><N who="2" m="49771" /><F123/><W121/><G121/><T8/><D72/><U1/><E1/><V22/><F94/><W4/><G110/><T61/><D119/><U20/><E67/><V14/><F125/><W132/><G132/><T40/><D111/><U71/><E71/><V120/><F120/><W12/><G103/><T48/><D99/><U69/><E124/><V74/><F74/><W49/><G106/><T78/><D78/><U17/><E70/><V134/><F134/><W87/><G53/><T54/><D126/><U51/><E69/><V68/><F68/><W62/><G62/><N who="0" m="24171" /><D24/><U55/><E64/><V82/><F82/><W76/><G76/><T11/><D2/><U30/><E63/><V107/><F107/><W90/><G109/><T65/><D65/><U56/><E56/><V100/><F100/><W133/><G133/><T50/><D8/><U29/><E29/><V108/><F108/><W27/><G12/><AGARI ba="1,1" hai="12,17,20,21,25,30,32,34,51,55,58,84,88,93" machi="12" ten="30,11600,0" yaku="7,1,25,2,54,1" doraHai="135" who="1" fromWho="3" sc="146,0,407,129,211,0,226,-119" /><INIT seed="5,2,0,3,5,100" ten="146,536,211,107" oya="1" hai0="24,82,133,117,119,63,84,61,93,120,37,124,55" hai1="9,129,83,29,66,20,106,64,116,109,8,71,78" hai2="18,1,10,52,43,51,21,42,67,53,127,13,73" hai3="97,23,75,11,111,80,30,46,56,49,35,112,27"/><U114/><E116/><V115/><F73/><W105/><G111/><T19/><D37/><U104/><E114/><V74/><F74/><W98/><G112/><T58/><D133/><U92/><E109/><V85/><F127/><W15/><G35/><T22/><D124/><U65/><E71/><V7/><F115/><W130/><G130/><T0/><D0/><U31/><E92/><V81/><F67/><W48/><G105/><T6/><D6/><U86/><E129/><V12/><F1/><W96/><G75/><T128/><D120/><U79/><E79/><V16/><F7/><W87/><G56/><T99/><D63/><U108/><E108/><V110/><F110/><W102/><G102/><T107/><D107/><U4/><E106/><V132/><F132/><W77/><REACH who="3" step="1"/><G46/><REACH who="3" ten="146,536,211,97" step="2"/><T54/><D128/><U121/><E104/><V135/><F135/><W39/><G39/><T45/><D45/><U32/><E32/><V26/><F26/><W91/><G91/><N who="0" m="55743" /><D54/><N who="2" m="21098" /><F51/><W41/><G41/><T76/><AGARI ba="2,1" hai="19,22,24,55,58,61,76,82,84,117,119" m="55743" machi="76" ten="30,1100,0" yaku="25,1" doraHai="100" who="0" fromWho="0" sc="146,27,536,-7,211,-5,97,-5" /><INIT seed="6,0,0,4,3,92" ten="173,529,206,92" oya="2" hai0="21,114,34,108,101,106,67,9,90,116,82,56,39" hai1="107,131,2,89,117,121,25,133,84,74,87,62,118" hai2="17,37,4,16,51,73,3,52,54,77,20,29,105" hai3="80,41,63,72,78,93,5,129,65,27,113,31,12"/><V46/><F105/><W44/><G129/><T70/><D108/><U15/><E2/><V127/><F127/><W94/><G113/><T81/><D39/><U48/><E74/><V23/><F37/><W14/><G5/><T134/><D114/><U86/><E107/><V55/><F73/><W96/><G44/><T102/><D21/><U95/><E131/><V53/><F77/><W6/><G41/><T85/><D9/><U1/><E1/><V58/><F3/><W103/><G6/><T126/><D126/><U111/><E111/><V22/><F4/><W45/><G45/><T32/><D56/><U104/><E104/><V100/><F100/><W35/><REACH who="3" step="1"/><G93/><REACH who="3" ten="173,529,206,82" step="2"/><N who="0" m="54479" /><D116/><U38/><E95/><V71/><F29/><W120/><G120/><T109/><D106/><U91/><E121/><V18/><REACH who="2" step="1"/><F71/><AGARI ba="0,1" hai="12,14,27,31,35,63,65,71,72,78,80,94,96,103" machi="71" ten="30,7700,0" yaku="1,1,7,1,52,1,53,1" doraHai="92" doraHaiUra="60" who="3" fromWho="2" sc="173,0,529,0,206,-77,82,87" /><INIT seed="7,0,0,1,2,36" ten="173,529,129,169" oya="3" hai0="123,135,25,114,68,38,91,120,129,99,95,108,92" hai1="57,132,11,65,126,1,16,69,51,15,26,43,10" hai2="27,125,31,124,8,130,104,116,111,2,61,70,47" hai3="54,64,46,30,107,128,66,18,3,84,85,76,80"/><W21/><G3/><T49/><D38/><U7/><E132/><V75/><F116/><W45/><G107/><T102/><D68/><U86/><E126/><V40/><F111/><W59/><G128/><T134/><D25/><U81/><E69/><V90/><F130/><W79/><G30/><T127/><D49/><U113/><E113/><V77/><F90/><W48/><G84/><N who="0" m="52327" /><D129/><U22/><E65/><N who="2" m="41263" /><F104/><W112/><G112/><T58/><D58/><U17/><E57/><V28/><F28/><W53/><G76/><T73/><D108/><U103/><E103/><V23/><F23/><W14/><G46/><T72/><D114/><U44/><E10/><V115/><F115/><W41/><REACH who="3" step="1"/><G54/><REACH who="3" ten="173,529,129,159" step="2"/><T20/><D127/><U89/><E1/><V63/><F125/><W6/><G6/><AGARI ba="0,1" hai="6,7,11,15,16,17,22,26,43,44,51,81,86,89" machi="6" ten="40,5200,0" yaku="8,1,52,1,54,1" doraHai="36" who="1" fromWho="3" sc="173,0,529,62,129,0,159,-52" owari="173,-3.0,591,69.0,129,-27.0,107,-39.0" /></mjloggm>