<mjloggm ver="2.3"><GO type="169" lobby="0"/><UN n0="%E5%B2%A9%E5%80%89%E7%8E%B2%E9%9F%B3" n1="%E5%B9%B3%E4%BA%95%E9%8A%80%E4%BA%8C" n2="%E4%B8%89%E5%B0%BA%E7%8E%89" n3="%E5%B0%B1%E6%B4%BB%E7%94%9F%40%E5%B7%9D%E6%9D%91%E8%BB%8D%E5%9B%A3" dan="16,17,16,17" rate="2069.92,2147.12,2051.85,2188.46" sx="M,M,M,M"/><TAIKYOKU oya="0"/><INIT seed="0,0,0,4,4,61" ten="250,250,250,250" oya="0" hai0="100,35,87,126,6,128,36,65,121,45,117,38,48" hai1="113,97,77,108,52,83,91,11,101,82,115,135,95" hai2="130,23,122,0,13,109,8,67,73,56,134,88,28" hai3="102,30,43,1,78,110,84,16,74,64,106,131,116"/><T39/><D117/><U68/><E108/><V103/><F122/><W54/><G1/><T37/><D121/><U12/><E135/><V15/><F73/><W112/><G74/><T98/><D35/><U75/><E68/><V80/><F109/><W42/><G30/><T79/><D128/><U72/><E52/><V89/><F134/><W99/><G131/><T123/><D123/><U20/><E20/><V127/><F130/><W76/><G112/><N who="1" m="43082" /><E12/><V21/><F103/><W124/><G124/><T14/><D37/><U129/><E11/><V25/><F127/><W40/><G54/><T125/><D14/><U29/><E29/><N who="2" m="17583" /><F80/><W41/><G116/><T69/><D6/><U111/><E111/><V107/><F107/><W58/><G110/><T27/><D27/><U3/><E3/><V32/><F32/><W50/><G84/><T4/><D4/><U19/><E19/><N who="2" m="8615" /><F0/><W57/><G16/><T53/><D125/><U70/><E70/><V71/><F71/><W96/><G106/><N who="0" m="63767" /><D126/><U90/><E129/><V133/><F133/><W26/><G26/><T85/><D36/><U60/><E60/><N who="2" m="38279" /><F28/><W44/><G102/><T17/><D17/><AGARI ba="0,0" hai="15,17,23,88,89" m="38279,8615,17583" machi="17" ten="30,3900,0" yaku="8,1,52,1,54,1" doraHai="61" who="2" fromWho="0" sc="250,-39,250,0,250,39,250,0" /><INIT seed="1,0,0,3,0,94" ten="211,250,289,250" oya="1" hai0="103,100,72,121,50,22,31,10,9,15,87,17,41" hai1="54,68,111,75,53,129,77,11,28,99,34,47,110" hai2="27,5,109,14,88,113,39,80,102,29,134,104,33" hai3="65,40,20,57,0,18,130,32,37,89,118,21,133"/><U45/><E68/><V3/><F109/><N who="1" m="41481" /><E129/><V4/><F39/><W86/><G32/><T67/><D72/><U63/><E11/><V46/><F3/><W16/><G0/><T73/><D73/><U43/><E63/><V95/><F104/><W78/><G133/><T2/><D67/><U122/><E122/><V12/><F46/><N who="1" m="17417" /><E43/><V58/><F58/><W35/><G40/><T124/><D41/><U93/><E77/><V13/><F134/><W76/><G37/><T52/><D9/><U85/><E85/><V101/><F113/><W23/><G130/><T56/><D87/><U70/><E75/><V123/><F123/><W26/><G118/><T120/><D120/><U19/><E19/><V125/><F4/><W61/><G78/><T114/><D114/><U24/><E70/><V81/><F5/><W44/><G76/><T7/><D121/><U97/><E97/><V74/><F74/><W79/><G79/><T90/><D2/><U92/><E92/><V48/><F95/><W127/><G44/><T55/><D7/><U98/><E98/><V131/><F131/><W105/><G105/><T96/><D10/><U42/><E42/><V128/><F128/><W108/><G108/><T6/><D6/><U38/><E38/><V107/><F107/><W64/><G61/><T132/><D132/><U106/><E106/><V119/><F119/><W91/><G86/><T135/><D135/><U8/><E8/><V59/><F59/><W1/><G1/><T116/><D116/><U117/><E117/><V112/><F112/><W51/><G18/><T83/><D17/><RYUUKYOKU ba="0,0" sc="211,-10,250,30,289,-10,250,-10" hai1="24,28,34,53,54,93,99" /><INIT seed="1,1,0,0,5,63" ten="201,280,279,240" oya="1" hai0="49,53,58,78,29,125,18,104,99,135,24,92,69" hai1="32,102,129,68,33,35,98,43,9,72,47,134,13" hai2="118,57,36,77,45,17,21,26,96,81,59,108,80" hai3="94,2,48,131,113,79,50,60,28,52,114,87,31"/><U38/><E129/><V124/><F118/><W71/><G2/><T40/><D135/><U44/><E134/><V54/><F108/><W112/><G131/><T61/><D125/><U15/><E72/><V0/><F0/><W132/><G132/><T4/><D4/><U55/><E68/><V116/><F116/><W82/><G94/><T120/><D120/><U103/><E103/><V128/><F128/><W105/><G105/><T20/><D104/><U106/><E9/><V62/><F124/><W110/><G110/><T70/><D78/><U101/><E101/><V25/><F96/><W67/><REACH who="3" step="1"/><G50/><REACH who="3" ten="201,280,279,230" step="2"/><T86/><D49/><U119/><E119/><V89/><F36/><W8/><G8/><T93/><D93/><U88/><E38/><V85/><F81/><W109/><G109/><T27/><D92/><U76/><E106/><V126/><F126/><W95/><G95/><T16/><D99/><U65/><E98/><V90/><F45/><AGARI ba="1,1" hai="28,31,45,48,52,60,67,71,79,82,87,112,113,114" machi="45" ten="40,5200,0" yaku="1,1,52,1,54,1,53,0" doraHai="63" doraHaiUra="22" who="3" fromWho="2" sc="201,0,280,0,279,-55,230,65" /><INIT seed="2,0,0,3,2,105" ten="201,280,224,295" oya="2" hai0="83,62,82,5,27,122,80,89,125,108,26,19,11" hai1="118,111,39,33,131,86,64,21,49,96,34,9,35" hai2="8,50,7,53,28,15,37,1,102,66,13,99,3" hai3="75,25,124,117,120,48,116,130,31,101,90,10,46"/><V103/><F37/><W98/><G120/><T127/><D122/><U133/><E39/><V135/><F66/><W73/><G90/><T94/><D108/><U52/><E118/><V58/><F135/><W29/><G10/><T51/><D51/><U97/><E111/><V38/><F38/><W12/><G12/><N who="0" m="5231" /><D62/><U91/><E131/><V78/><F78/><W63/><G63/><T68/><D68/><U6/><E133/><V44/><F44/><W114/><G130/><T2/><D2/><U92/><E21/><V79/><F103/><W41/><G124/><N who="0" m="47691" /><D19/><U47/><REACH who="1" step="1"/><E64/><REACH who="1" ten="201,270,224,295" step="2"/><V121/><F121/><W126/><G126/><T43/><D43/><U84/><E84/><AGARI ba="0,1" hai="26,27,80,82,83,84,89,94" m="47691,5231" machi="84" ten="30,1000,0" yaku="18,1" doraHai="105" who="0" fromWho="1" sc="201,20,270,-10,224,0,295,0" /><INIT seed="3,0,0,3,1,9" ten="221,260,224,295" oya="3" hai0="36,109,115,116,21,74,76,12,117,5,79,56,10" hai1="97,123,121,33,46,22,16,61,84,77,113,43,55" hai2="106,110,3,122,8,81,17,24,31,41,73,50,101" hai3="37,59,34,52,44,51,104,98,27,102,47,18,25"/><W29/><REACH who="3" step="1"/><G37/><REACH who="3" ten="221,260,224,285" step="2"/><T49/><D36/><U23/><E121/><V132/><F122/><W69/><G69/><T67/><D116/><U93/><E123/><V119/><F119/><W2/><G2/><T20/><D117/><U35/><E113/><V134/><F3/><W53/><G53/><T13/><D115/><U111/><E55/><V88/><F132/><W40/><G40/><T63/><D109/><U82/><E43/><V15/><F134/><W133/><G133/><T105/><D105/><U130/><E111/><V89/><F110/><W30/><G30/><T108/><D108/><U60/><E130/><V66/><F41/><W92/><G92/><T125/><D125/><U4/><E93/><V6/><F31/><W42/><G42/><T71/><D74/><U11/><E82/><V80/><F73/><W58/><G58/><T131/><D131/><U135/><E135/><V114/><F114/><W87/><G87/><T107/><D107/><U54/><E84/><V126/><F81/><W14/><G14/><N who="0" m="5455" /><D71/><U1/><E54/><V100/><F80/><W7/><G7/><T64/><D64/><U124/><E4/><V96/><F66/><W78/><G78/><N who="0" m="29739" /><D49/><U94/><E124/><V85/><F126/><W32/><G32/><T38/><D38/><U19/><E35/><V39/><F39/><W90/><G90/><N who="2" m="34921" /><F50/><W127/><G127/><T26/><D26/><U0/><E33/><V86/><F24/><W128/><G128/><T72/><D72/><U129/><E129/><V68/><F68/><W65/><G65/><T103/><D103/><N who="2" m="39498" /><F6/><W120/><G120/><RYUUKYOKU ba="0,1" sc="221,10,260,-30,224,10,285,10" hai0="12,13,20,21,56,63,67" hai2="8,15,17,85,86,96,106" hai3="18,25,27,29,34,44,47,51,52,59,98,102,104" /><INIT seed="3,1,1,4,0,33" ten="231,230,234,295" oya="3" hai0="73,15,78,16,105,114,130,77,11,10,13,6,107" hai1="127,44,86,41,39,23,118,124,2,119,52,103,122" hai2="62,125,65,115,112,47,113,36,135,18,37,58,5" hai3="82,35,79,128,9,91,72,84,94,30,131,111,99"/><W17/><G111/><T109/><D109/><U85/><E122/><V129/><F18/><W31/><G72/><T121/><D121/><U20/><E103/><V64/><F5/><W68/><G68/><T110/><D110/><U57/><E2/><V132/><F125/><N who="1" m="48201" /><E85/><V95/><F95/><W88/><G91/><T51/><D130/><N who="3" m="49705" /><G35/><T50/><D114/><U104/><E104/><V97/><F97/><W120/><G120/><T106/><REACH who="0" step="1"/><D73/><REACH who="0" ten="221,230,234,295" step="2"/><U19/><E86/><V123/><F123/><W27/><G27/><T96/><D96/><U100/><E100/><V66/><F129/><W108/><G108/><T32/><D32/><U25/><E23/><V134/><F47/><W81/><G81/><T8/><D8/><U29/><E29/><V117/><F117/><W21/><G21/><T56/><D56/><U55/><E57/><V80/><F80/><W116/><G116/><AGARI ba="1,2" hai="19,20,25,39,41,44,52,55,116,118,119" m="48201" machi="116" ten="30,3900,0" yaku="12,1,18,1,54,1" doraHai="33" who="1" fromWho="3" sc="221,0,230,62,234,0,295,-42" /><INIT seed="4,0,0,4,1,16" ten="221,292,234,253" oya="0" hai0="14,20,113,36,109,51,1,96,63,66,121,23,42" hai1="25,61,93,124,86,5,134,60,32,62,34,68,75" hai2="101,50,30,28,83,127,80,85,26,10,88,8,38" hai3="81,35,0,27,122,135,119,65,94,131,95,58,21"/><T115/><D1/><U18/><E75/><V41/><F127/><W13/><G119/><T106/><D121/><U46/><E124/><V9/><F38/><W29/><G0/><T97/><D36/><U54/><E68/><V77/><F101/><W31/><G122/><T102/><D96/><U133/><E5/><V37/><F37/><W22/><G131/><T6/><D109/><U92/><E54/><V67/><F67/><W45/><G135/><N who="1" m="51722" /><E46/><N who="2" m="25935" /><F26/><N who="3" m="16599" /><G35/><N who="1" m="13354" /><E86/><AGARI ba="0,0" hai="8,9,10,28,30,77,80,83,85,86,88" m="25935" machi="86" ten="30,2000,0" yaku="8,1,54,1" doraHai="16" who="2" fromWho="1" sc="221,0,292,-20,234,20,253,0" /><INIT seed="5,0,0,1,0,129" ten="221,272,254,253" oya="1" hai0="40,70,14,101,26,123,55,126,57,90,105,64,134" hai1="8,113,38,127,66,33,36,82,68,124,27,50,31" hai2="3,96,19,18,92,0,45,13,118,120,133,94,71" hai3="103,75,78,44,67,6,107,73,21,53,114,30,84"/><U22/><E113/><V15/><F120/><W10/><G114/><T112/><D112/><U106/><E106/><V4/><F71/><W12/><G67/><T1/><D1/><U25/><E8/><V29/><F118/><W7/><G7/><T77/><D123/><U79/><E50/><V24/><F45/><W5/><G5/><T91/><D77/><U54/><E54/><V58/><F58/><W60/><G103/><T132/><D126/><N who="1" m="48171" /><E66/><V42/><F42/><W89/><G107/><T100/><D40/><U43/><E43/><V88/><F4/><W9/><G78/><T116/><D116/><U48/><E48/><V32/><F94/><W69/><G10/><T93/><D14/><U37/><E68/><V135/><F15/><W11/><G9/><T52/><D105/><U34/><E25/><V17/><REACH who="2" step="1"/><F13/><REACH who="2" ten="221,272,244,253" step="2"/><W87/><G69/><T61/><D70/><U111/><E111/><V85/><F85/><AGARI ba="0,1" hai="22,27,31,33,34,36,37,38,79,82,85" m="48171" machi="85" ten="40,2000,0" yaku="18,1" doraHai="129" who="1" fromWho="2" sc="221,0,272,30,244,-20,253,0" /><INIT seed="5,1,0,0,5,82" ten="221,302,224,253" oya="1" hai0="31,87,40,80,112,84,71,105,115,59,132,83,41" hai1="49,58,102,114,50,125,130,120,118,96,123,56,110" hai2="76,63,104,9,3,72,121,75,124,26,100,135,5" hai3="68,4,111,37,78,127,51,28,116,43,93,55,29"/><U18/><E118/><V42/><F121/><W38/><G111/><T33/><D71/><U1/><E110/><V61/><F61/><W101/><G68/><T36/><D105/><U99/><E1/><V57/><F124/><W79/><G127/><T91/><D132/><U66/><E125/><V20/><F135/><W12/><G116/><T46/><D59/><U39/><E39/><V32/><F42/><W54/><G43/><T45/><D31/><N who="3" m="11849" /><G38/><T117/><D33/><U134/><E134/><V60/><F32/><W133/><G37/><T65/><D65/><U77/><E114/><N who="0" m="43561" /><D117/><U47/><E66/><V23/><F63/><W30/><G30/><T98/><D98/><U95/><E99/><V90/><F26/><W89/><G101/><T17/><D17/><U14/><E18/><V73/><F100/><W85/><G133/><T8/><D8/><U94/><E102/><V52/><F104/><W119/><G119/><T13/><D13/><U108/><E14/><V24/><F24/><W48/><G12/><T21/><D36/><U113/><E108/><V106/><F106/><W10/><G10/><T62/><D21/><U64/><E113/><V69/><F69/><W88/><G89/><N who="0" m="51335" /><D62/><U16/><E120/><V92/><REACH who="2" step="1"/><F76/><REACH who="2" ten="221,302,214,253" step="2"/><N who="3" m="29227" /><G4/><T97/><D41/><U22/><E77/><V7/><F7/><W109/><G109/><T35/><D40/><U81/><E123/><V25/><F25/><W34/><G34/><T27/><D35/><U15/><E16/><V103/><F103/><W19/><G19/><T107/><D27/><U6/><E6/><V2/><F2/><RYUUKYOKU ba="1,1" sc="221,10,302,-30,214,10,253,10" hai0="45,46,83,87,91,97,107" hai2="3,5,9,20,23,52,57,60,72,73,75,90,92" hai3="48,51,54,55,85,88,93" /><INIT seed="6,2,1,4,1,21" ten="231,272,224,263" oya="2" hai0="86,113,114,133,92,74,101,27,102,107,70,126,55" hai1="34,35,93,14,88,1,127,9,56,130,59,91,81" hai2="7,85,125,69,13,65,135,119,79,6,103,16,47" hai3="106,4,68,54,90,39,110,44,109,8,117,37,60"/><V120/><F119/><W30/><G117/><T43/><D74/><U36/><E1/><V53/><F120/><W77/><G90/><T111/><D111/><U71/><E71/><V61/><F103/><W41/><G106/><T64/><D43/><U49/><E36/><V63/><F125/><W72/><G37/><T118/><D118/><U83/><E127/><V131/><F131/><W20/><G20/><T29/><D126/><U42/><E35/><V122/><F122/><W38/><G30/><T82/><D107/><U5/><E34/><V100/><F100/><W84/><G84/><T112/><D133/><U87/><E130/><V32/><F32/><W25/><G25/><T121/><D121/><U24/><E24/><V67/><F135/><W94/><G94/><T40/><D40/><U33/><E33/><V23/><F47/><W73/><G73/><T66/><D55/><U123/><E123/><V31/><F31/><W76/><G76/><N who="0" m="46407" /><D70/><U128/><E128/><V52/><F7/><W124/><G124/><T11/><D11/><U18/><E5/><V89/><F79/><W10/><G10/><T75/><D75/><U0/><E0/><V80/><F6/><W99/><G39/><T97/><D101/><U96/><E83/><V104/><F104/><W46/><G8/><T12/><D12/><U15/><E14/><V132/><F132/><W78/><G4/><T2/><D2/><U108/><E108/><N who="3" m="41578" /><G72/><T50/><D50/><U17/><E17/><V58/><AGARI ba="2,1" hai="13,16,23,52,53,58,61,63,65,67,69,80,85,89" machi="58" ten="20,7800,0" yaku="0,1,7,1,54,2" doraHai="21" who="2" fromWho="2" sc="231,-28,272,-28,224,94,263,-28" /><INIT seed="6,3,0,0,4,13" ten="203,244,318,235" oya="2" hai0="23,3,51,111,36,103,29,27,6,129,107,92,35" hai1="79,115,108,119,43,127,85,12,76,74,89,55,1" hai2="72,8,131,25,128,68,16,63,33,75,135,81,15" hai3="110,56,101,49,37,42,71,64,99,66,10,80,58"/><V30/><F135/><W59/><G110/><T67/><D36/><U38/><E119/><V22/><F33/><W134/><G134/><T41/><D111/><U69/><E108/><V112/><F112/><W52/><G80/><T9/><D129/><N who="2" m="49738" /><F81/><W50/><G10/><T93/><D67/><AGARI ba="3,0" hai="8,15,16,22,25,30,63,67,68,72,75" m="49738" machi="67" ten="30,5800,0" yaku="19,1,52,1,54,1" doraHai="13" who="2" fromWho="0" sc="203,-67,244,0,318,67,235,0" /><INIT seed="6,4,0,2,3,25" ten="136,244,385,235" oya="2" hai0="27,13,125,134,132,120,28,18,106,107,62,99,72" hai1="65,122,111,11,124,109,8,110,75,63,126,54,57" hai2="112,41,66,47,30,81,80,121,9,21,102,76,46" hai3="22,113,82,95,129,83,135,61,58,3,14,24,50"/><V116/><F116/><W105/><G105/><T26/><D120/><U55/><E75/><V36/><F121/><W19/><G3/><T7/><D72/><U94/><E122/><V43/><F102/><W108/><G108/><T59/><D125/><N who="1" m="48235" /><E94/><V103/><F103/><W104/><G104/><T37/><D37/><U1/><E11/><V71/><F9/><W130/><G135/><N who="0" m="51755" /><D7/><AGARI ba="4,0" hai="1,7,8,54,55,57,63,65,109,110,111" m="48235" machi="7" ten="40,1300,0" yaku="18,1" doraHai="25" who="1" fromWho="0" sc="136,-25,244,25,385,0,235,0" /><INIT seed="7,0,0,1,5,82" ten="111,269,385,235" oya="3" hai0="1,7,38,115,87,2,93,40,78,106,26,121,14" hai1="105,112,94,61,118,53,131,120,9,109,88,8,3" hai2="6,100,28,57,51,75,16,123,80,48,127,74,72" hai3="43,91,79,54,126,19,128,12,129,97,39,36,46"/><W29/><G126/><T71/><D106/><U83/><E105/><V63/><F127/><W90/><G39/><T33/><D71/><U101/><E109/><V10/><F100/><W50/><G79/><T35/><D121/><U69/><E120/><V41/><F28/><W15/><G29/><T59/><D115/><U132/><E112/><V11/><F80/><W49/><G15/><T73/><D59/><U5/><E118/><V85/><F85/><W30/><G30/><T110/><D110/><U114/><E114/><V23/><F41/><W67/><G67/><T20/><D14/><U45/><E131/><V21/><F21/><W108/><G108/><T24/><D24/><U81/><E132/><V37/><F37/><W58/><G36/><T95/><D95/><U111/><E111/><V102/><F102/><W32/><G32/><T117/><D117/><U135/><E101/><V0/><F11/><W56/><G56/><T66/><D66/><U99/><E135/><V52/><REACH who="2" step="1"/><F123/><REACH who="2" ten="111,269,375,235" step="2"/><W31/><G31/><N who="0" m="17863" /><D33/><U22/><E8/><V27/><AGARI ba="0,1" hai="0,6,10,16,23,27,48,51,52,57,63,72,74,75" machi="27" ten="30,7900,0" yaku="1,1,0,1,54,2,53,0" doraHai="82" doraHaiUra="77" who="2" fromWho="2" sc="111,-20,269,-20,375,89,235,-39" owari="91,-41.0,249,5.0,464,56.0,196,-20.0" /></mjloggm>