<mjloggm ver="2.3"><GO type="41" lobby="0"/><UN n0="%47%E5%AD%90" n1="%E5%B0%B1%E6%B4%BB%E7%94%9F%40%E5%B7%9D%E6%9D%91%E8%BB%8D%E5%9B%A3" n2="%6E%65%6F%6E%65%79" n3="%41%47%46" dan="13,17,14,14" rate="1879.86,2244.78,1946.67,1885.67" sx="M,M,M,M"/><TAIKYOKU oya="0"/><INIT seed="0,0,0,3,2,109" ten="250,250,250,250" oya="0" hai0="69,20,78,111,42,28,74,22,47,114,41,127,72" hai1="120,4,3,89,26,44,98,17,101,24,133,27,25" hai2="107,46,9,129,32,64,83,117,59,37,1,49,118" hai3="116,99,15,86,122,18,14,65,121,76,5,2,53"/><T31/><D69/><U61/><E120/><N who="3" m="46186" /><G116/><T115/><D111/><U91/><E133/><V6/><F107/><W71/><G99/><T97/><D97/><U51/><E17/><V67/><F129/><W68/><G2/><T29/><D127/><U12/><E3/><V7/><F32/><W84/><G5/><T103/><D103/><U102/><E61/><V88/><F7/><W33/><G33/><T62/><D62/><U79/><E79/><V39/><F67/><W105/><G105/><T80/><D74/><U123/><E123/><V13/><F1/><W55/><G76/><T82/><D82/><U21/><E21/><V100/><F100/><W130/><G130/><T75/><D75/><U19/><E101/><V104/><F104/><W40/><G40/><T34/><D34/><U135/><E135/><V134/><F134/><W90/><G15/><T43/><REACH who="0" step="1"/><D47/><REACH who="0" ten="240,250,250,250" step="2"/><U92/><E98/><V54/><F118/><W125/><G125/><T93/><D93/><U48/><E92/><V94/><F83/><W0/><G68/><T70/><D70/><U50/><E44/><V56/><F117/><W11/><G71/><T35/><D35/><U73/><E73/><V96/><F46/><W112/><G112/><AGARI ba="0,1" hai="20,22,28,29,31,41,42,43,72,78,80,112,114,115" machi="112" ten="50,12000,1" yaku="1,1,52,3,53,1" doraHai="109" doraHaiUra="77" who="0" fromWho="3" sc="240,130,250,0,250,0,250,-120" /><INIT seed="0,1,0,0,5,17" ten="370,250,250,130" oya="0" hai0="122,28,11,69,42,107,65,115,67,58,92,116,1" hai1="54,14,74,3,118,131,126,129,22,25,0,36,95" hai2="70,80,82,101,93,127,51,27,134,43,59,52,37" hai3="34,5,35,31,105,113,39,111,72,117,102,125,2"/><T94/><D107/><U7/><E74/><V15/><F70/><W86/><G102/><T60/><D116/><U45/><E118/><V46/><F127/><W88/><G86/><T85/><D115/><U26/><E126/><V79/><F134/><W133/><G31/><T19/><D122/><U104/><E104/><V97/><F79/><W23/><G23/><T55/><D28/><U130/><E95/><V114/><F114/><W100/><G100/><T91/><D65/><U62/><E36/><V24/><F15/><W106/><G88/><T135/><D135/><U75/><E75/><V68/><F68/><W109/><G5/><T124/><D124/><U108/><E108/><V132/><F132/><W83/><G83/><T84/><D42/><U63/><E14/><V44/><F44/><W81/><G81/><T66/><D66/><U50/><E25/><V12/><F12/><W30/><G30/><T103/><D19/><N who="1" m="12639" /><E7/><V40/><F40/><W20/><G105/><T41/><D41/><U89/><E89/><V76/><REACH who="2" step="1"/><F82/><REACH who="2" ten="370,250,240,130" step="2"/><W47/><G47/><T61/><D69/><U18/><E3/><V56/><F56/><W77/><G77/><T99/><D1/><U73/><E0/><V120/><F120/><W128/><G111/><T53/><D11/><U38/><E130/><V123/><F123/><W90/><G109/><T64/><D64/><U33/><E129/><V29/><F29/><W6/><G128/><T71/><D71/><U110/><E131/><V49/><F49/><W96/><G125/><T9/><D9/><U10/><E110/><V13/><F13/><RYUUKYOKU ba="1,1" sc="370,-10,250,-10,240,30,130,-10" hai2="24,27,37,43,46,51,52,59,76,80,93,97,101" /><INIT seed="1,2,1,0,4,65" ten="360,240,270,120" oya="1" hai0="0,107,81,108,40,68,127,91,120,116,87,52,73" hai1="95,53,49,123,27,78,2,79,4,44,133,43,118" hai2="66,37,92,77,32,111,61,54,26,22,10,55,96" hai3="42,36,100,64,1,38,60,135,105,97,15,119,89"/><U58/><E118/><V19/><F111/><W29/><G119/><T93/><D52/><U129/><E123/><V51/><F37/><W48/><G1/><T106/><D40/><U86/><E129/><V90/><F77/><W80/><G135/><T75/><D0/><U71/><E133/><V11/><F54/><W23/><G48/><T5/><D5/><U102/><E71/><V17/><F32/><W16/><G29/><T7/><D7/><U24/><E4/><V35/><F35/><W30/><G30/><T112/><D68/><U72/><E2/><V113/><F113/><W74/><G42/><T18/><D116/><U8/><E72/><N who="0" m="27721" /><D18/><U121/><E8/><V130/><F130/><W3/><G3/><T62/><D62/><U50/><E121/><V14/><F51/><W59/><REACH who="3" step="1"/><G89/><REACH who="3" ten="360,240,270,110" step="2"/><N who="0" m="51439" /><D112/><U122/><E122/><V76/><F76/><AGARI ba="2,2" hai="15,16,23,36,38,59,60,64,74,76,80,97,100,105" machi="76" ten="40,2600,0" yaku="1,1,54,1,53,0" doraHai="65" doraHaiUra="126" who="3" fromWho="2" sc="360,0,240,0,270,-32,110,52" /><INIT seed="2,0,0,4,3,74" ten="360,240,238,162" oya="2" hai0="63,89,24,65,58,70,21,2,131,112,119,14,98" hai1="111,95,28,96,120,118,113,81,127,101,49,61,23" hai2="10,135,1,129,57,117,26,109,91,108,132,110,3" hai3="97,34,50,60,73,134,71,86,128,22,30,123,11"/><V42/><F117/><W82/><G73/><T75/><D2/><U94/><E118/><V93/><F42/><W27/><G123/><T59/><D119/><U133/><E113/><V12/><F129/><W25/><G128/><T0/><D131/><U88/><E111/><V5/><F26/><W9/><G134/><N who="2" m="51241" /><F57/><W39/><G39/><T20/><D0/><U115/><E127/><V13/><F13/><W33/><G33/><T99/><D112/><U4/><E115/><V66/><F66/><W103/><G50/><T80/><D99/><AGARI ba="0,0" hai="1,3,5,10,12,91,93,99,108,109,110" m="51241" machi="99" ten="40,7700,0" yaku="14,1,10,1,20,1" doraHai="74" who="2" fromWho="0" sc="360,-77,240,0,238,77,162,0" /><INIT seed="2,1,0,2,4,15" ten="283,240,315,162" oya="2" hai0="80,85,49,16,82,70,53,106,31,58,118,10,93" hai1="61,21,63,102,23,68,38,67,116,43,76,45,88" hai2="110,77,17,99,117,130,35,28,39,26,32,66,11" hai3="97,126,20,6,8,72,40,7,44,57,105,47,128"/><V34/><F117/><W132/><G72/><T124/><D106/><U60/><E116/><V87/><F39/><W36/><G128/><T56/><D70/><U54/><E102/><V127/><F66/><W86/><G132/><T111/><D118/><U109/><E76/><V98/><F130/><W0/><G126/><T119/><D119/><U104/><E104/><V52/><F127/><W90/><G7/><T75/><D124/><U81/><E109/><V65/><F65/><W84/><G57/><T2/><D111/><U129/><E129/><V91/><F77/><W78/><G78/><T131/><D131/><U96/><E54/><V123/><F123/><W50/><G20/><T74/><D31/><U37/><E37/><V3/><F110/><W27/><G27/><T107/><D107/><U5/><E5/><V41/><F41/><W46/><G46/><T29/><D29/><U22/><REACH who="1" step="1"/><E81/><REACH who="1" ten="283,230,315,162" step="2"/><V112/><F52/><W94/><G105/><T103/><D82/><U69/><E69/><V33/><F112/><W125/><G125/><T14/><D103/><U95/><AGARI ba="1,1" hai="21,22,23,38,43,45,60,61,63,67,68,88,95,96" machi="95" ten="30,12000,2" yaku="1,1,0,1,54,1,53,3" doraHai="15" doraHaiUra="59" who="1" fromWho="1" sc="283,-31,230,133,315,-61,162,-31" /><INIT seed="3,0,0,1,0,63" ten="252,363,254,131" oya="3" hai0="80,70,45,42,7,131,58,64,132,115,6,135,37" hai1="82,35,46,20,130,3,134,103,109,68,56,76,39" hai2="43,29,121,27,112,116,36,75,102,93,100,91,44" hai3="73,77,11,51,48,111,97,40,15,2,83,95,123"/><W59/><G123/><T127/><D115/><U104/><E35/><V62/><F116/><W61/><G2/><T84/><D70/><U81/><E68/><V92/><F75/><W99/><G40/><T117/><D117/><U21/><E3/><V79/><F79/><W133/><G133/><N who="0" m="51275" /><D131/><U128/><E109/><V26/><F121/><W30/><G30/><T129/><D129/><U23/><E134/><V110/><F110/><W1/><G1/><T32/><D32/><U85/><E39/><V126/><F27/><W14/><G14/><T8/><D8/><U12/><E12/><V71/><F93/><W94/><G94/><T4/><D127/><U89/><E46/><V88/><F91/><W67/><G111/><T0/><D0/><U119/><E119/><V50/><F126/><W57/><G57/><T105/><D105/><U107/><E107/><V47/><F62/><W33/><G33/><T22/><D58/><U86/><E56/><V65/><F112/><W101/><REACH who="3" step="1"/><G99/><REACH who="3" ten="252,363,254,121" step="2"/><T87/><D80/><U60/><E104/><V16/><F71/><W66/><G66/><T31/><D64/><U108/><E108/><V9/><F65/><W114/><G114/><T78/><D31/><U19/><E128/><V124/><F29/><W96/><G96/><T25/><D25/><U72/><E130/><V41/><F124/><W53/><G53/><T17/><D42/><U34/><E34/><V122/><F122/><W113/><G113/><T98/><D98/><U28/><E28/><V38/><F26/><W13/><G13/><T106/><D106/><U90/><E19/><AGARI ba="0,1" hai="11,15,19,48,51,59,61,67,73,77,83,95,97,101" machi="19" ten="30,12000,1" yaku="1,1,6,1,7,1,52,1,53,1" doraHai="63" doraHaiUra="74" who="3" fromWho="1" sc="252,0,363,-120,254,0,121,130" /><INIT seed="3,1,0,1,4,117" ten="252,243,254,251" oya="3" hai0="95,121,38,50,6,36,19,65,66,131,92,108,23" hai1="0,60,14,75,56,41,58,62,110,127,57,103,77" hai2="7,67,20,132,24,55,79,91,80,129,119,76,128" hai3="48,27,123,53,21,86,22,71,126,63,122,37,52"/><W11/><G37/><T112/><D112/><U88/><E0/><V135/><F67/><W109/><G126/><T72/><D72/><U30/><E110/><V46/><F7/><W31/><G109/><T40/><D108/><U101/><E127/><V97/><F119/><W87/><G11/><T106/><D106/><U102/><E41/><V68/><F68/><W78/><G21/><T84/><D131/><N who="2" m="50250" /><F97/><W1/><G1/><T100/><D6/><U59/><E75/><V99/><F99/><W104/><G104/><T125/><D125/><U4/><E77/><V111/><F111/><W82/><G86/><T10/><D10/><N who="1" m="4423" /><E30/><N who="2" m="17671" /><F55/><W8/><G8/><T113/><D113/><U89/><N who="1" m="14848" /><DORA hai="44" /><U54/><E54/><V16/><F16/><W98/><G98/><T74/><D74/><U49/><E49/><V35/><F46/><W13/><G13/><T42/><D50/><U118/><E118/><V26/><F26/><W81/><G71/><T64/><D64/><U39/><E39/><V93/><F35/><W12/><G12/><T9/><D9/><U51/><E51/><V83/><F83/><W25/><G25/><T70/><D70/><U47/><E47/><V17/><F17/><W5/><G5/><T114/><D19/><U43/><E43/><V120/><F120/><W33/><G33/><T107/><D121/><U124/><E124/><V105/><F105/><W115/><G115/><T130/><D107/><U29/><E29/><V61/><F61/><AGARI ba="1,0" hai="60,61,62,88,89,101,102,103" m="14848,4423" machi="61" ten="50,3200,0" yaku="8,1,54,1" doraHai="117,44" who="1" fromWho="2" sc="252,0,243,35,254,-35,251,0" /><INIT seed="4,0,0,5,0,131" ten="252,278,219,251" oya="0" hai0="109,104,19,117,52,106,46,34,87,30,129,134,33" hai1="43,94,32,60,50,24,84,68,18,38,77,97,119" hai2="130,29,21,96,115,48,36,4,122,7,11,83,103" hai3="41,95,64,73,70,132,28,2,15,91,5,101,61"/><T31/><D117/><U93/><E119/><V80/><F122/><W78/><G2/><T35/><D129/><U123/><E123/><V125/><F115/><W74/><G41/><T23/><D109/><U111/><E111/><V59/><F36/><W9/><G28/><T54/><D87/><U90/><E38/><V110/><F110/><W3/><G3/><T79/><D79/><U20/><E32/><V56/><F125/><W45/><G45/><T44/><D35/><U124/><E124/><V65/><F59/><W1/><G1/><T10/><D23/><U121/><E121/><V49/><F48/><W62/><G101/><T99/><D19/><U92/><E60/><V26/><F7/><W53/><G78/><T76/><D76/><U105/><E68/><V0/><F130/><W17/><G5/><T40/><D40/><U82/><E105/><V135/><F49/><W72/><G132/><T67/><D67/><U13/><E24/><V6/><F135/><W66/><G53/><T113/><D99/><U81/><E81/><V75/><F6/><W88/><REACH who="3" step="1"/><G95/><REACH who="3" ten="252,278,219,241" step="2"/><T42/><D42/><U14/><E94/><N who="2" m="58775" /><F75/><W114/><G114/><T133/><D113/><U69/><E93/><V98/><F98/><W12/><G12/><T126/><D126/><U25/><E43/><V102/><F102/><W116/><G116/><T71/><D71/><AGARI ba="0,1" hai="9,15,17,61,62,64,66,70,71,72,73,74,88,91" machi="71" ten="40,5200,0" yaku="1,1,9,1,54,1,53,0" doraHai="131" doraHaiUra="51" who="3" fromWho="0" sc="252,-52,278,0,219,0,241,62" /><INIT seed="5,0,0,2,3,107" ten="200,278,219,303" oya="1" hai0="85,123,11,19,29,119,67,64,50,96,1,87,94" hai1="12,115,39,84,4,117,58,88,105,98,126,113,24" hai2="23,75,111,15,22,5,37,124,34,90,57,130,6" hai3="17,99,3,116,18,120,40,46,30,80,72,108,92"/><U122/><E39/><V38/><F111/><W52/><G108/><T14/><D119/><U47/><E117/><V128/><F34/><W133/><G116/><T2/><D123/><U51/><E122/><V106/><F106/><W49/><G3/><T112/><D112/><N who="1" m="43083" /><E126/><V109/><F109/><W69/><G69/><T62/><D67/><U76/><E24/><V68/><F68/><W101/><G133/><T93/><D29/><U103/><E58/><V41/><F57/><W53/><G30/><T66/><D66/><U56/><E56/><V104/><F104/><W42/><G120/><T83/><D50/><U78/><E12/><V129/><F90/><W70/><G70/><T43/><D43/><N who="1" m="25087" /><E4/><V44/><F124/><W121/><G121/><T118/><D118/><U54/><E54/><V95/><F38/><W21/><G18/><T79/><D87/><U65/><E65/><V131/><F131/><W55/><G42/><T25/><D25/><U134/><E134/><V73/><F95/><AGARI ba="0,0" hai="76,78,84,88,95,98,103,105" m="25087,43083" machi="95" ten="30,2900,0" yaku="15,1,54,1" doraHai="107" who="1" fromWho="2" sc="200,0,278,29,219,-29,303,0" /><INIT seed="5,1,0,4,1,6" ten="200,307,190,303" oya="1" hai0="62,67,103,56,94,49,118,31,43,5,27,41,133" hai1="72,97,127,124,122,25,115,92,129,14,102,65,20" hai2="26,45,32,40,17,46,91,68,79,98,37,22,110" hai3="111,29,73,76,24,134,87,77,107,7,64,85,101"/><U1/><E1/><V116/><F110/><W100/><G111/><T112/><D118/><U2/><E2/><V19/><F68/><W39/><G39/><T3/><D133/><U89/><E72/><V61/><F32/><W15/><G64/><T74/><D74/><U99/><E122/><V95/><F79/><W52/><G134/><T47/><D112/><U9/><E115/><V109/><F109/><W119/><G119/><T113/><D113/><U0/><E0/><V78/><F78/><N who="3" m="30315" /><G73/><T53/><D3/><U63/><E129/><V81/><F81/><W21/><G107/><T38/><D5/><U54/><E99/><V132/><F132/><W106/><G106/><T108/><D108/><U34/><E34/><V16/><F116/><W36/><G36/><T125/><D125/><U50/><E50/><V55/><F46/><W58/><G7/><T28/><D28/><N who="1" m="17447" /><E54/><V90/><F91/><W51/><G15/><T75/><D75/><U126/><E89/><V35/><F35/><W13/><G13/><T59/><D59/><AGARI ba="1,0" hai="16,17,19,22,26,37,40,45,55,59,61,90,95,98" machi="59" ten="40,5200,0" yaku="25,2,54,1" doraHai="6" who="2" fromWho="0" sc="200,-55,307,0,190,55,303,0" /><INIT seed="6,0,0,0,0,27" ten="145,307,245,303" oya="2" hai0="114,95,13,129,35,103,64,118,126,116,76,125,105" hai1="38,20,81,123,36,37,25,44,26,61,97,74,51" hai2="55,108,39,40,132,16,91,79,3,41,131,85,92" hai3="70,31,94,48,50,19,45,112,80,52,128,78,106"/><V17/><F3/><W29/><G106/><T32/><D64/><U23/><E123/><V75/><F131/><W42/><G70/><T5/><D105/><U107/><E61/><V28/><F132/><W89/><G128/><T12/><D76/><U72/><E81/><V121/><F121/><W46/><G112/><T21/><D95/><U34/><E34/><N who="0" m="12841" /><D103/><U87/><E87/><V82/><F108/><W43/><G19/><N who="0" m="10479" /><D129/><U104/><E97/><V62/><F28/><N who="3" m="10827" /><G78/><T122/><D122/><U24/><E104/><V71/><F71/><W110/><G80/><T65/><D65/><U88/><E88/><V2/><F2/><W96/><G110/><T15/><D114/><U9/><E107/><V98/><F75/><W1/><G1/><T53/><D53/><AGARI ba="0,0" hai="42,43,45,46,48,50,52,53,89,94,96" m="10827" machi="53" ten="30,8000,1" yaku="8,1,52,3,54,1" doraHai="27" who="3" fromWho="0" sc="145,-80,307,0,245,0,303,80" /><INIT seed="7,0,0,2,0,55" ten="65,307,245,383" oya="3" hai0="97,123,96,18,102,15,65,125,26,121,101,11,91" hai1="132,28,120,128,100,58,71,76,69,93,78,6,67" hai2="2,59,127,56,0,64,94,111,12,72,87,115,131" hai3="92,84,124,1,5,39,50,112,79,68,25,99,21"/><W130/><G39/><T61/><D91/><U113/><E113/><V38/><F111/><W116/><G68/><T106/><D125/><U46/><E128/><V51/><F72/><W110/><G112/><T134/><D134/><U16/><E120/><V122/><F38/><W74/><G74/><T105/><D18/><U83/><E132/><V89/><F115/><W43/><G5/><T23/><D15/><U22/><E6/><V53/><F131/><W45/><G1/><T85/><D11/><U44/><E28/><V60/><F127/><W9/><G9/><T73/><D85/><U29/><E29/><V90/><F122/><W10/><G10/><T135/><D135/><U33/><E33/><V35/><F35/><W104/><G104/><T75/><D23/><U40/><E71/><V19/><REACH who="2" step="1"/><F90/><REACH who="2" ten="65,307,235,383" step="2"/><W42/><G124/><T31/><D123/><U57/><E78/><V20/><AGARI ba="0,1" hai="0,2,12,19,20,51,53,56,59,60,64,87,89,94" machi="20" ten="20,16000,3" yaku="1,1,2,1,0,1,7,1,25,2,52,2,53,1" doraHai="55" doraHaiUra="17" who="2" fromWho="2" sc="65,-40,307,-40,235,170,383,-80" owari="25,-47.0,267,-13.0,405,50.0,303,10.0" /></mjloggm>